4036 6550
307 380 3195 419 W

1211 569 2382 786 (ECUMEN
2402 562 2603 770 II

341 981 1584 1160 COMMENTARNRUM
1709 979 1845 1148 IN
1969 973 2420 1146 NllVUlll
2507 963 3481 1140 'I‘ESTAMENTUM

1470 1367 2354 1468 CONTINUATIO.

1865 1706 1940 1720 .-

1537 1939 2305 2113 ΥΠΟΘΕΣΙΣ

867 2222 1087 2311 ΤΗΣ
1158 2223 1450 2319 ¹ΠΡΟΣ
1523 2215 2215 2310 ΚΟΛΟΣΣΑΕΙΣ
2291 2212 2954 2305 ΕΠΙΣΤΟΛΗΣ.

1423 2450 2426 2573 ARGUMENTUM

1048 2698 1672 2795 EPISTOLIE
1747 2700 1897 2790 AD
1985 2645 2850 2792 COLOSSENSESL'

383 3189 604 3261 Ταύτην
627 3187 932 3242 ἐπιστέλλει
962 3185 1067 3240 ἀπὸ
1108 3186 1346 3257 Ῥώμης,
1381 3185 1478 3258 οὐχ
1512 3186 1774 3260 ἑωρακὼς
1794 3186 1892 3259 μὲν

2067 3185 2220 3242 lianc
2243 3186 2312 3243 ab
2335 3185 2470 3242 urbe
2493 3184 2664 3240 Roma
2694 3183 2905 3250 scribit,
2941 3197 3066 3240 cum
3109 3181 3312 3240 nedum
3349 3182 3567 3254 quidem

317 3284 537 3348 αὐτοὺς,
569 3280 808 3343 ἀκούσας
845 3279 901 3332 δὲ
956 3281 1081 3351 περί
1137 3279 1338 3334 αὐτῶν.
1391 3279 1455 3331 Ἥ
1509 3278 1568 3332 δὲ
1617 3280 1889 3350 πρόφασις

314 3375 416 3442 τῆς
466 3373 789 3442 Ἐπιστολῆς
838 3373 998 3441 αὖτηο
1035 3371 1173 3433 Τοὺς
1226 3369 1556 3432 Κολοσσαεῖς
1599 3368 1890 3440 ἠϐούλοντό

317 3483 459 3528 τινες
504 3465 783 3534 ἀπατῆσαι
837 3465 1176 3534 σοφίσμασιν
1242 3461 1576 3533 Ἑλληνικοῖς
1609 3463 1749 3516 κατὰ
1791 3464 1890 3532 τῆς

319 3559 399 3619 εἰς
421 3556 654 3626 Χριστὸν
685 3557 940 3622 πίστεως,
967 3555 1060 3608 καὶ⁹
1086 3553 1216 3624 περὶ
1248 3554 1355 3606 τῶν
1401 3554 1458 3606 ὲν
1485 3555 1634 3624 νόμῳ
1667 3554 1894 3626 βρωμά-

318 3663 427 3697 των
488 3645 583 3698 καὶ
619 3644 942 3715 περιτομῆς.
973 3643 1160 3697 Ταῦτα
1208 3642 1389 3696 τοίνυν
1449 3641 1636 3714 μαθὼν
1667 3643 1696 3696 ὁ
1733 3644 1896 3697 Ἀπό-

325 3733 528 3797 στολος,
563 3733 764 3801 γράφει
791 3732 890 3802 τὴν
929 3730 1248 3801 Ἐπιστολὴν
1295 3729 1482 3802 ὥσπερ
1521 3731 1897 3804 κατηχητικὴν

325 3825 505 3886 αὑτοῖς
523 3823 750 3892 ταύτην.
785 3823 894 3874 Καὶ
927 3821 1142 3892 πρῶτον
1169 3821 1270 3890 μὲν
1301 3820 1639 3891 εὐχαριστῶν
1662 3823 1737 3893 τῷ
1753 3822 1894 3894 Θεῷ,

327 3915 585 3983 σημαίνει
617 3913 724 3966 ἀπὸ
750 3911 843 3964 τοῦ
881 3912 1107 3974 σκότους
1140 3911 1338 3975 αὐτοὺς
1373 3911 1899 3982 μεταϐεϐηκέναιείς

327 4006 386 4056 τὸ
415 4004 531 4071 φῶς
557 4003 658 4071 τῆς
680 4002 957 4073 ἀληθείας.
995 4002 1105 4055 Καὶ
1132 4002 1213 4054 ὅτι
1247 4003 1274 4054 ὁ
1309 4002 1542 4072 Χριστὸς
1573 4005 1652 4066 εἰς
1697 4001 1756 4055 ὃν
1781 4004 1902 4055 ἐπί-

331 4113 585 4158 στευσαν,
646 4092 810 4146 εἰκών
862 4093 980 4145 ἐστι
1031 4092 1124 4145 τοῦ
1151 4092 1287 4145 Θεοῦ
1308 4092 1404 4146 καὶ
1441 4093 1619 4161 λόγος,
1646 4092 1714 4146 δι’
1750 4086 1811 4146 οῦ
1835 4093 1903 4148 τὰ

331 4188 508 4240 πάντα
555 4185 772 4255 γέγονε.
835 4186 945 4237 Καὶ
965 4184 1046 4236 ὃτι
1097 4183 1335 4253 ἔπρεπεν
1357 4184 1541 4249 αὑτὸν,
1572 4184 1904 4255 δημιουργδν

331 4276 478 4340 διτα,
527 4274 781 4342 γενέσθαι
824 4273 918 4326 καὶ
965 4273 1311 4343 πρωτότοκον
1356 4275 1457 4344 τῆς
1486 4273 1754 4338 κτίσεως,
1811 4275 1905 4328 καλ⁵

333 4364 680 4433 πρωτότοκον
700 4365 764 4414 ἐκ
783 4361 892 4414 τῶν
923 4362 1152 4432 νεκρῶν,
1189 4362 1274 4415 ἵνα
1291 4361 1358 4414 τὰ
1375 4363 1660 4432 ἀμφότερα
1675 4363 1903 4436 συνάψῃ,

335 4458 426 4511 καὶ
463 4457 776 4527 ζωοποιήσῃ
807 4455 876 4509 τὰ
901 4455 1100 4510 πάντα.
1140 4455 1450 4527 [Ιροέτρεπέ
1495 4474 1555 4509 τε
1581 4458 1775 4520 αὐτοὺς
1811 4461 1906 4528 ὲμ-

1993 3293 2089 3335 eos
2122 3279 2369 3342 vidisset,
2393 3278 2505 3349 jam
2539 3286 2720 3332 tamen
2753 3277 2820 3332 de
2865 3276 3001 3347 ipsis
3045 3277 3308 3332 audisset.
3342 3275 3573 3332 Occasio

1994 3383 2177 3427 autem
2210 3371 2469 3443 Epistulae
2506 3372 2608 3426 fuit
2654 3371 2769 3426 haec
2822 3389 2835 3425 :
2884 3370 3304 3426 Colossensibus
3349 3369 3572 3441 quidam

1996 3463 2278 3531 imponere
2323 3463 2583 3518 volebant
2634 3461 2966 3518 Graecanicis
2998 3462 3350 3532 SOpbismatis
3381 3463 3578 3517 adver-

1998 3569 2096 3610 sus
2115 3554 2318 3609 Christi
2349 3555 2532 3621 ﬁdem,
2568 3565 2621 3610 et
2656 3554 2722 3610 de
2750 3555 2887 3610 cibis
2915 3554 3050 3625 legis
3090 3570 3153 3609 ac
3186 3555 3253 3609 de
3282 3556 3579 3609 circumci-

2001 3647 2177 3702 sione.
2216 3645 2342 3702 Ilaec
2372 3661 2500 3715 ergo
2520 3662 2641 3700 cum
2667 3645 2952 3702 didicisset
2989 3645 3306 3717 Apostolus,
3339 3646 3482 3700 hanc
3509 3645 3578 3700 ad

2002 3755 2098 3794 eos
2127 3739 2318 3794 scribit
2368 3738 2686 3808 Epistolam,
2720 3748 2976 3808 tanquam
3021 3739 3171 3808 ipsos
3216 3737 3579 3792 erudientem.

1999 3828 2071 3891 Et
2128 3830 2364 3900 primum
2425 3829 2644 3900 quidem
2683 3829 2790 3884 Deo
2845 3830 3051 3899 gratias
3094 3844 3261 3900 agens
3309 3827 3582 3897 signillcat

2004 3923 2157 3992 ipsos
2197 3935 2227 3974 a
2251 3921 2492 3977 tenebris
2516 3921 2783 3987 transisse
2802 3919 2870 3976 ad
2897 3920 3077 3975 lumen
3111 3919 3380 3985 veritatis,
3407 3921 3584 3990 quod-

2004 4031 2111 4086 que
2152 4015 2408 4070 Christus
2449 4015 2503 4070 in
2553 4030 2713 4084 quem
2757 4015 3134 4079 crediderunt,
3186 4015 3365 4082 imago
3398 4022 3482 4069 est
3530 4024 3586 4069 et

2005 4108 2236 4162 verbum
2271 4107 2390 4174 Dei,
2419 4121 2517 4176 per
2547 4104 2691 4176 quod
2725 4107 2907 4160 omnia
2940 4122 2953 4157 :
2988 4113 3042 4160 et
3071 4105 3216 4176 quod
3245 4106 3445 4160 decens
3468 4115 3587 4160 erat

2007 4207 2068 4254 ut
2105 4199 2151 4254 si
2181 4199 2274 4269 qui
2303 4206 2519 4254 creator
2553 4204 2692 4263 erat,
2727 4196 2880 4252 ﬁeret
2919 4197 3321 4268 primogenitus
3348 4212 3415 4251 ex
3437 4212 3582 4250 mor-

2009 4291 2141 4356 tuis,
2189 4300 2249 4344 ut
2279 4299 2511 4360 utraque
2543 4289 2924 4360 conjungeret,
2956 4298 3010 4344 et
3035 4290 3217 4343 omnia
3264 4288 3583 4344 viviﬁcaret.

2009 4386 2347 4440 Adliortatur
2387 4385 2624 4454 primum
2655 4398 2774 4448 eos,
2809 4390 2866 4436 ut
2899 4383 2952 4435 in
2983 4381 3086 4437 fide
3116 4389 3487 4452 permaneant,
3512 4382 3588 4435 si—

2013 4474 2281 4547 gniﬁcans
2331 4473 2476 4543 quod
2510 4473 2626 4544 ipse
2661 4473 2862 4527 Paulus
2897 4472 3148 4526 minister
3185 4472 3253 4525 sit
3283 4469 3588 4541 Evangelii,

339 4550 517 4617 μένειν
567 4551 632 4618 τῇ
685 4549 892 4613 πίστει,
940 4548 1245 4616 σημαίνων,
1284 4547 1365 4599 ὅτι
1413 4547 1573 4609 αὐτὸς
1613 4549 1640 4598 ὁ
1700 4547 1906 4611 Παῦλος

2015 4539 2074 4622 in
2106 4582 2216 4638 quo
2249 4539 2506 4622 instructi
2533 4539 2698 4621 sunt.
2745 4564 2946 4620 Deinde
2981 4565 3145 4618 etiam
3185 4563 3252 4618 de
3278 4563 3395 4632 lege
3428 4539 3480 4616 et
3509 4563 3591 4616 ci-

335 4639 584 4703 διάκονός
613 4643 728 4692 ἐστι
763 4639 854 4692 τοῦ
911 4639 1245 4707 Εὐαγγελίου
1297 4641 1354 4692 ὲν
1407 4632 1450 4706 ᾧ
1491 4640 1910 4710 κατηχήθησαν.

339 4729 469 4784 Εἶτα
496 4733 590 4783 καὶ
626 4731 757 4801 περὶ
796 4730 890 4784 τοῦ
923 4731 1090 4800 νόμου
1139 4732 1233 4782 καὶ
1263 4729 1374 4783 τῶν
1396 4733 1452 4783 ὲν
1481 4731 1629 4801 αὑτῷ
1685 4731 1911 4801 βρωμά-

338 4837 466 4884 των,
487 4822 580 4873 καὶ
622 4822 748 4890 περὶ
780 4821 1002 4890 ἡμερῶν
1039 4821 1132 4872 καὶ
1187 4821 1449 4873 ἐνιαυτῶν
1473 4821 1769 4891 ἐξηγεῖται,
1815 4822 1910 4874 καὶ

339 4913 720 4966 ἀποδείκνυσιν
754 4914 1060 4985 ηργηκὲναι
1110 4913 1294 4967 λοιπὸν
1310 4915 1377 4968 τὰ
1408 4915 1634 4978 παλαιὰ,
1678 4917 1774 4969 καὶ
1813 4917 1913 4988 τὴν

341 5005 665 5076 περιτομήν.
709 5003 1076 5074 Συμόουλεύει
1135 5021 1196 5057 τε
1251 5005 1434 5068 αὐτοῖς
1489 5005 1566 5077 μὴ
1605 5006 1912 5062 πλανᾶσθαι

341 5097 448 5150 ἀπὸ
470 5097 577 5148 τῶν
608 5096 981 5165 σοφιζομένων
1013 5097 1109 5148 καὶ
1137 5094 1344 5166 πλανᾷν
1368 5097 1566 5160 αὐτοὺς
1621 5098 1910 5152 θελόντων.

341 5189 451 5241 Καὶ
480 5188 666 5241 λοιπὸν
690 5188 1030 5259 παραινέσας
1055 5187 1150 5240 καὶ
1184 5182 1286 5242 ὧδε
1317 5189 1536 5256 γονεῦσι
1567 5189 1660 5242 καὶ
1680 5190 1914 5255 τέκνοις,

342 5277 570 5348 ἀνδράσι
615 5279 710 5330 καὶ
758 5278 996 5347 γυναιξὶ,
1055 5278 1260 5340 δούλοις
1290 5278 1385 5332 καὶ
1437 5278 1668 5346 κυρίοις,
1699 5280 1793 5334 καὶ
1851 5280 1920 5333 τὰ

343 5369 476 5422 ἄλλα
502 5369 570 5422 τὰ
600 5369 736 5440 πρὸς
762 5369 866 5439 ἤθη
902 5369 1333 5438 συμϐουλεύσας,
1384 5368 1584 5422 τελειοῖ
1615 5370 1715 5440 τὴν
1772 5371 1922 5424 Ἐπι-

348 5461 559 5530 στολὴν,
576 5462 952 5532 παραγγείλας
973 5465 1086 5524 τοῖς
1109 5462 1314 5524 αὐτοῖς,
1339 5462 1424 5515 ἵνα
1444 5463 1573 5516 ὅταν
1599 5461 1920 5537 ἀναγνωσθῇ

348 5552 476 5619 παρ’
511 5553 693 5616 αὐτοῖς
726 5555 760 5623 ἠ
801 5552 1112 5623 Ἐπιστολὴ,
1141 5553 1412 5623 ποιήσωσι
1439 5555 1536 5607 καὶ⁹
1562 5554 1620 5609 ἐν
1645 5556 1710 5626 τῇ
1735 5555 1927 5609 Λαοδι-

347 5645 490 5697 κέων
538 5645 810 5717 ἕκκλησίᾳ
871 5646 1041 5718 αὐτὴν
1084 5647 1520 5717 ἀναγνωσθῆναι,
1579 5649 1673 5703 καὶ
1721 5650 1818 5722 τὴν
1856 5651 1920 5706 ὲκ

347 5733 666 5802 Λαοδικείας
693 5738 790 5791 καὶ
827 5739 907 5802 είς
942 5740 1139 5802 αὐτοὺς
1166 5737 1601 5811 ἀναγνωσθῆναι.

671 5833 944 5894 Paeon.
985 5833 1102 5894 Gn.
1153 5833 1378 5899 CXIX.

2018 4660 2102 4715 bis
2139 4659 2232 4728 qui
2270 4661 2323 4712 in
2357 4659 2472 4728 lege
2509 4666 2656 4723 sunt,
2687 4667 2739 4711 et
2766 4657 2832 4711 de
2864 4656 3056 4710 diebus
3089 4668 3143 4710 et
3164 4654 3323 4711 annis
3352 4670 3595 4710 comme-

2019 4759 2218 4814 morat,
2263 4758 2316 4804 et
2363 4749 2606 4802 ostendit
2657 4747 2916 4816 deinceps
2975 4747 3151 4801 otiosa
3211 4761 3333 4802 esse
3383 4753 3593 4807 vetera,

2019 4841 2304 4910 ipsamque
2337 4841 2830 4895 circumcisionem.
2873 4838 3032 4910 114
3077 4839 3278 4894 Suadet
3333 4847 3594 4909 praeterea

2021 4946 2090 4986 ne
2142 4931 2406 4984 fallantur
2461 4931 2529 4986 ab
2561 4931 2948 5000 impostoribus
2983 4942 3034 4986 et
3065 4930 3330 4986 seducere
3378 4946 3474 4985 eos
3508 4931 3593 4984 ni-

2019 5023 2284 5079 tentibus.
2319 5022 2523 5078 Deinde
2548 5031 2835 5093 postquam
2859 5025 3021 5078 etiam
3061 5023 3149 5077 hic
3188 5031 3442 5090 parentes
3492 5022 3594 5077 ad-

2019 5119 2268 5173 hortatus
2296 5125 2380 5172 est
2399 5132 2464 5172 ac
2495 5117 2717 5181 liberos,
2741 5115 3008 5171 Gassibus
3035 5116 3182 5172 viros
3205 5131 3270 5171 ac
3305 5115 3592 5182 mulieres,

2021 5212 2192 5268 servis
2225 5222 2278 5264 et
2311 5209 2545 5265 dominis
2575 5210 2788 5280 aliaque
2817 5209 2990 5266 suasit
3031 5225 3153 5278 qua!
3202 5210 3481 5279 ad.mores
3512 5209 3597 5263 fa-

2023 5306 2196 5368 ciunt,
2215 5305 2494 5360 concludit
2515 5305 2815 5374 Epistulam
2838 5319 2851 5355 :
2873 5303 3195 5358 adhortatus
3217 5303 3368 5374 ipsos
3405 5311 3462 5357 ut
3499 5301 3596 5356 ubi

2026 5393 2165 5449 lecta
2219 5394 2418 5449 fuisset
2472 5395 2615 5464 apud
2671 5410 2768 5450 eos
2811 5395 3079 5464 Epistula,
3123 5401 3381 5448 curarent
3419 5394 3595 5462 ipsam

2027 5501 2246 5556 quoque
2284 5487 2565 5558 legendam
2599 5488 2652 5542 in
2706 5494 2854 5542 coetu
2883 5484 3324 5552 Laodicensium,
3372 5493 3426 5540 et
3474 5498 3598 5554 qua)

2029 5577 2452 5636 Laodicensium
2506 5586 2646 5649 erat,
2697 5589 2756 5636 ut
2815 5578 2979 5635 etiam
3035 5575 3178 5650 apud
3233 5577 3384 5649 ipsos
3449 5576 3599 5646 lego-

2028 5681 2201 5729 retur.

3179 5838 3204 5898 l
