  <div class='ocr_page' id='page_1' title='image "/cluster/home/n/w/nwhite01/storage/ocr_20150623/119/hvd.32044019208156/013.png"; bbox 0 0 3994 6578; ppageno 0'>
   <div class='ocr_carea' id='block_1_1' title="bbox 445 400 3691 479">
    <p class='ocr_par' dir='ltr' id='par_1_1' title="bbox 445 400 3691 479">
     <span class='ocr_line' id='line_1_1' title="bbox 445 400 3691 479; baseline 0.002 -14"><span class='ocrx_word' id='word_1_1' title='bbox 445 411 498 479; x_wconf 77' lang='lat'><strong>1]</strong></span> <span class='ocrx_word' id='word_1_2' title='bbox 1510 402 1908 468; x_wconf 82' lang='lat' dir='ltr'><strong>(ECUMENII</strong></span> <span class='ocrx_word' id='word_1_3' title='bbox 1947 400 2242 463; x_wconf 76' lang='lat' dir='ltr'><strong>TRICC/E</strong></span> <span class='ocrx_word' id='word_1_4' title='bbox 2277 403 2621 467; x_wconf 85' lang='lat' dir='ltr'><strong>EPISCOPI</strong></span> <span class='ocrx_word' id='word_1_5' title='bbox 3625 405 3691 472; x_wconf 81' lang='lat' dir='ltr'><strong>i2</strong></span> 
     </span>
    </p>
   </div>
   <div class='ocr_carea' id='block_1_2' title="bbox 992 514 1454 574">
    <p class='ocr_par' dir='ltr' id='par_1_2' title="bbox 992 514 1454 574">
     <span class='ocr_line' id='line_1_2' title="bbox 992 514 1454 574; baseline -0.004 -1"><span class='ocrx_word' id='word_1_6' title='bbox 992 514 1454 574; x_wconf 79' lang='lat' dir='ltr'><strong>TllEODORETl.</strong></span> 
     </span>
    </p>
   </div>
   <div class='ocr_carea' id='block_1_3' title="bbox 504 605 2008 685">
    <p class='ocr_par' dir='ltr' id='par_1_3' title="bbox 504 605 2008 685">
     <span class='ocr_line' id='line_1_3' title="bbox 504 605 2008 685; baseline -0.007 -14"><span class='ocrx_word' id='word_1_7' title='bbox 504 613 565 671; x_wconf 84' lang='lat' dir='ltr'><strong>In</strong></span> <span class='ocrx_word' id='word_1_8' title='bbox 595 612 848 685; x_wconf 80' lang='lat' dir='ltr'><strong>pluribus</strong></span> <span class='ocrx_word' id='word_1_9' title='bbox 874 610 1137 682; x_wconf 77' lang='lat' dir='ltr'><strong>Epistolis</strong></span> <span class='ocrx_word' id='word_1_10' title='bbox 1168 612 1444 682; x_wconf 73' lang='lat' dir='ltr'><strong>significat</strong></span> <span class='ocrx_word' id='word_1_11' title='bbox 1475 607 1770 681; x_wconf 74' lang='lat' dir='ltr'><strong>Apostolus</strong></span> <span class='ocrx_word' id='word_1_12' title='bbox 1802 605 2008 662; x_wconf 83' lang='lat' dir='ltr'><strong>media-</strong></span> 
     </span>
    </p>
   </div>
   <div class='ocr_carea' id='block_1_4' title="bbox 434 697 2007 761">
    <p class='ocr_par' dir='ltr' id='par_1_4' title="bbox 434 697 2007 761">
     <span class='ocr_line' id='line_1_4' title="bbox 434 697 2007 761; baseline -0.006 0"><span class='ocrx_word' id='word_1_13' title='bbox 434 706 638 761; x_wconf 88' lang='lat' dir='ltr'><strong>tionem</strong></span> <span class='ocrx_word' id='word_1_14' title='bbox 684 704 751 759; x_wconf 93' lang='lat' dir='ltr'><strong>ad</strong></span> <span class='ocrx_word' id='word_1_15' title='bbox 808 702 977 758; x_wconf 82' lang='lat' dir='ltr'><strong>Deum</strong></span> <span class='ocrx_word' id='word_1_16' title='bbox 1024 718 1088 760; x_wconf 90' lang='lat' dir='ltr'><strong>ac</strong></span> <span class='ocrx_word' id='word_1_17' title='bbox 1140 701 1360 757; x_wconf 94' lang='lat' dir='ltr'><strong>Patrem</strong></span> <span class='ocrx_word' id='word_1_18' title='bbox 1400 707 1453 757; x_wconf 88' lang='lat' dir='ltr'><strong>et</strong></span> <span class='ocrx_word' id='word_1_19' title='bbox 1506 697 2007 756; x_wconf 75' lang='lat' dir='ltr'><strong>reconciliationem</strong></span> 
     </span>
    </p>
   </div>
   <div class='ocr_carea' id='block_1_5' title="bbox 432 791 2006 870">
    <p class='ocr_par' dir='ltr' id='par_1_5' title="bbox 432 791 2006 870">
     <span class='ocr_line' id='line_1_5' title="bbox 432 791 2006 870; baseline -0.005 -15"><span class='ocrx_word' id='word_1_20' title='bbox 432 800 731 870; x_wconf 76' lang='lat' dir='ltr'><strong>contigisse</strong></span> <span class='ocrx_word' id='word_1_21' title='bbox 750 798 1065 853; x_wconf 90' lang='lat' dir='ltr'><strong>hominibus</strong></span> <span class='ocrx_word' id='word_1_22' title='bbox 1084 812 1179 868; x_wconf 91' lang='lat' dir='ltr'><strong>per</strong></span> <span class='ocrx_word' id='word_1_23' title='bbox 1208 796 1427 850; x_wconf 87' lang='lat' dir='ltr'><strong>Filium.</strong></span> <span class='ocrx_word' id='word_1_24' title='bbox 1448 814 1467 847; x_wconf 83' lang='grc' dir='ltr'><strong>ι</strong></span> <span class='ocrx_word' id='word_1_25' title='bbox 1489 793 1643 850; x_wconf 90' lang='lat' dir='ltr'><strong>Unus</strong></span> <span class='ocrx_word' id='word_1_26' title='bbox 1666 792 1812 847; x_wconf 90' lang='lat' dir='ltr'><strong>enim</strong></span> <span class='ocrx_word' id='word_1_27' title='bbox 1841 791 2006 856; x_wconf 89' lang='lat' dir='ltr'><strong>Deus,</strong></span> 
     </span>
    </p>
   </div>
   <div class='ocr_carea' id='block_1_6' title="bbox 433 884 2008 962">
    <p class='ocr_par' dir='ltr' id='par_1_6' title="bbox 433 884 2008 962">
     <span class='ocr_line' id='line_1_6' title="bbox 433 884 2008 962; baseline -0.004 -16"><span class='ocrx_word' id='word_1_28' title='bbox 433 892 636 962; x_wconf 88' lang='lat' dir='ltr'><strong>inquit,</strong></span> <span class='ocrx_word' id='word_1_29' title='bbox 676 901 730 947; x_wconf 91' lang='lat' dir='ltr'><strong>et</strong></span> <span class='ocrx_word' id='word_1_30' title='bbox 776 907 919 946; x_wconf 90' lang='lat' dir='ltr'><strong>unus</strong></span> <span class='ocrx_word' id='word_1_31' title='bbox 968 891 1235 946; x_wconf 83' lang='lat' dir='ltr'><strong>mediator</strong></span> <span class='ocrx_word' id='word_1_32' title='bbox 1264 888 1360 943; x_wconf 89' lang='lat' dir='ltr'><strong>Dei</strong></span> <span class='ocrx_word' id='word_1_33' title='bbox 1414 895 1467 943; x_wconf 92' lang='lat' dir='ltr'><strong>et</strong></span> <span class='ocrx_word' id='word_1_34' title='bbox 1514 885 1798 941; x_wconf 83' lang='lat' dir='ltr'><strong>hominum</strong></span> <span class='ocrx_word' id='word_1_35' title='bbox 1844 884 2008 939; x_wconf 90' lang='lat' dir='ltr'><strong>homo</strong></span> 
     </span>
    </p>
   </div>
   <div class='ocr_carea' id='block_1_7' title="bbox 431 974 2006 1049">
    <p class='ocr_par' dir='ltr' id='par_1_7' title="bbox 431 974 2006 1049">
     <span class='ocr_line' id='line_1_7' title="bbox 431 974 2006 1049; baseline -0.006 -8"><span class='ocrx_word' id='word_1_36' title='bbox 431 985 687 1041; x_wconf 83' lang='lat' dir='ltr'><strong>Christus</strong></span> <span class='ocrx_word' id='word_1_37' title='bbox 729 978 892 1040; x_wconf 74' lang='lat' dir='ltr'><strong>Iesus</strong></span> <span class='ocrx_word' id='word_1_38' title='bbox 924 983 969 1038; x_wconf 78' lang='grc' dir='ltr'><strong>ι.</strong></span> <span class='ocrx_word' id='word_1_39' title='bbox 1007 1001 1024 1034; x_wconf 80' lang='grc' dir='ltr'><strong>ι</strong></span> <span class='ocrx_word' id='word_1_40' title='bbox 1057 982 1449 1049; x_wconf 74' lang='lat' dir='ltr'><strong>Rursumque:</strong></span> <span class='ocrx_word' id='word_1_41' title='bbox 1495 996 1513 1030; x_wconf 83' lang='grc' dir='ltr'><strong>ι</strong></span> <span class='ocrx_word' id='word_1_42' title='bbox 1562 974 1664 1034; x_wconf 89' lang='lat' dir='ltr'><strong>Per</strong></span> <span class='ocrx_word' id='word_1_43' title='bbox 1705 991 1866 1047; x_wconf 88' lang='lat' dir='ltr'><strong>quem</strong></span> <span class='ocrx_word' id='word_1_44' title='bbox 1917 991 2006 1031; x_wconf 85' lang='lat' dir='ltr'><strong>re-</strong></span> 
     </span>
    </p>
   </div>
   <div class='ocr_carea' id='block_1_8' title="bbox 432 1064 2006 1139">
    <p class='ocr_par' dir='ltr' id='par_1_8' title="bbox 432 1064 2006 1139">
     <span class='ocr_line' id='line_1_8' title="bbox 432 1064 2006 1139; baseline -0.006 -11"><span class='ocrx_word' id='word_1_45' title='bbox 432 1073 877 1128; x_wconf 85' lang='lat' dir='ltr'><strong>conciliationem</strong></span> <span class='ocrx_word' id='word_1_46' title='bbox 911 1067 1276 1139; x_wconf 75' lang='lat' dir='ltr'><strong>accepimus&#39;.</strong></span> <span class='ocrx_word' id='word_1_47' title='bbox 1316 1085 1335 1120; x_wconf 77' lang='grc' dir='ltr'><strong>ι</strong></span> <span class='ocrx_word' id='word_1_48' title='bbox 1362 1066 1431 1122; x_wconf 84' lang='grc' dir='ltr'><strong>Ει</strong></span> <span class='ocrx_word' id='word_1_49' title='bbox 1465 1066 1732 1120; x_wconf 88' lang='lat' dir='ltr'><strong>Dominus</strong></span> <span class='ocrx_word' id='word_1_50' title='bbox 1765 1064 2006 1133; x_wconf 85' lang='lat' dir='ltr'><strong>seipsum</strong></span> 
     </span>
    </p>
   </div>
   <div class='ocr_carea' id='block_1_9' title="bbox 431 1157 2007 1233">
    <p class='ocr_par' dir='ltr' id='par_1_9' title="bbox 431 1157 2007 1233">
     <span class='ocr_line' id='line_1_9' title="bbox 431 1157 2007 1233; baseline -0.006 -12"><span class='ocrx_word' id='word_1_51' title='bbox 431 1167 633 1221; x_wconf 89' lang='lat' dir='ltr'><strong>ostium</strong></span> <span class='ocrx_word' id='word_1_52' title='bbox 674 1175 726 1221; x_wconf 92' lang='lat' dir='ltr'><strong>et</strong></span> <span class='ocrx_word' id='word_1_53' title='bbox 778 1167 922 1219; x_wconf 85' lang='lat' dir='ltr'><strong>viam</strong></span> <span class='ocrx_word' id='word_1_54' title='bbox 956 1163 1194 1233; x_wconf 87' lang='lat' dir='ltr'><strong>appellat</strong></span> <span class='ocrx_word' id='word_1_55' title='bbox 1226 1161 1267 1215; x_wconf 81' lang='grc'><strong>³.</strong></span> <span class='ocrx_word' id='word_1_56' title='bbox 1304 1160 1494 1228; x_wconf 83' lang='lat' dir='ltr'><strong>Neque</strong></span> <span class='ocrx_word' id='word_1_57' title='bbox 1525 1159 1671 1213; x_wconf 90' lang='lat' dir='ltr'><strong>enim</strong></span> <span class='ocrx_word' id='word_1_58' title='bbox 1705 1158 1811 1212; x_wconf 92' lang='lat' dir='ltr'><strong>alio</strong></span> <span class='ocrx_word' id='word_1_59' title='bbox 1845 1157 2007 1213; x_wconf 88' lang='lat' dir='ltr'><strong>modo</strong></span> 
     </span>
    </p>
   </div>
   <div class='ocr_carea' id='block_1_10' title="bbox 429 1250 2005 1328">
    <p class='ocr_par' dir='ltr' id='par_1_10' title="bbox 429 1250 2005 1328">
     <span class='ocr_line' id='line_1_10' title="bbox 429 1250 2005 1328; baseline -0.006 -16"><span class='ocrx_word' id='word_1_60' title='bbox 429 1260 536 1314; x_wconf 88' lang='lat' dir='ltr'><strong>nisi</strong></span> <span class='ocrx_word' id='word_1_61' title='bbox 561 1274 657 1328; x_wconf 88' lang='lat' dir='ltr'><strong>per</strong></span> <span class='ocrx_word' id='word_1_62' title='bbox 686 1258 863 1326; x_wconf 91' lang='lat' dir='ltr'><strong>ipsum</strong></span> <span class='ocrx_word' id='word_1_63' title='bbox 896 1262 950 1309; x_wconf 91' lang='lat' dir='ltr'><strong>et</strong></span> <span class='ocrx_word' id='word_1_64' title='bbox 979 1255 1031 1307; x_wconf 90' lang='lat' dir='ltr'><strong>in</strong></span> <span class='ocrx_word' id='word_1_65' title='bbox 1067 1253 1186 1323; x_wconf 86' lang='lat' dir='ltr'><strong>ipso</strong></span> <span class='ocrx_word' id='word_1_66' title='bbox 1229 1250 1495 1320; x_wconf 79' lang='lat' dir='ltr'><strong>contingit</strong></span> <span class='ocrx_word' id='word_1_67' title='bbox 1533 1255 1785 1319; x_wconf 83' lang='lat' dir='ltr'><strong>cuiquam</strong></span> <span class='ocrx_word' id='word_1_68' title='bbox 1816 1261 2005 1302; x_wconf 65' lang='lat' dir='ltr'><strong>arces-</strong></span> 
     </span>
    </p>
   </div>
   <div class='ocr_carea' id='block_1_11' title="bbox 429 1338 2006 1414">
    <p class='ocr_par' dir='ltr' id='par_1_11' title="bbox 429 1338 2006 1414">
     <span class='ocr_line' id='line_1_11' title="bbox 429 1338 2006 1414; baseline -0.008 -9"><span class='ocrx_word' id='word_1_69' title='bbox 429 1366 524 1405; x_wconf 88' lang='lat' dir='ltr'><strong>SIIS</strong></span> <span class='ocrx_word' id='word_1_70' title='bbox 552 1349 619 1402; x_wconf 87' lang='lat' dir='ltr'><strong>ad</strong></span> <span class='ocrx_word' id='word_1_71' title='bbox 661 1347 875 1400; x_wconf 79' lang='lat' dir='ltr'><strong>Patrem</strong></span> <span class='ocrx_word' id='word_1_72' title='bbox 897 1345 943 1399; x_wconf 69' lang='grc' dir='ltr'><strong>δ.</strong></span> <span class='ocrx_word' id='word_1_73' title='bbox 976 1343 1210 1414; x_wconf 87' lang='lat' dir='ltr'><strong>Propter</strong></span> <span class='ocrx_word' id='word_1_74' title='bbox 1266 1342 1371 1397; x_wconf 91' lang='lat' dir='ltr'><strong>hoc</strong></span> <span class='ocrx_word' id='word_1_75' title='bbox 1421 1355 1657 1410; x_wconf 85' lang='lat' dir='ltr'><strong>namque</strong></span> <span class='ocrx_word' id='word_1_76' title='bbox 1706 1354 1829 1393; x_wconf 85' lang='lat' dir='ltr'><strong>cum</strong></span> <span class='ocrx_word' id='word_1_77' title='bbox 1860 1338 2006 1393; x_wconf 83' lang='lat' dir='ltr'><strong>Deus</strong></span> 
     </span>
    </p>
   </div>
   <div class='ocr_carea' id='block_1_12' title="bbox 428 1430 2008 1507">
    <p class='ocr_par' dir='ltr' id='par_1_12' title="bbox 428 1430 2008 1507">
     <span class='ocr_line' id='line_1_12' title="bbox 428 1430 2008 1507; baseline -0.009 -10"><span class='ocrx_word' id='word_1_78' title='bbox 428 1452 593 1502; x_wconf 89' lang='lat' dir='ltr'><strong>esset.</strong></span> <span class='ocrx_word' id='word_1_79' title='bbox 636 1442 797 1494; x_wconf 87' lang='lat' dir='ltr'><strong>homo</strong></span> <span class='ocrx_word' id='word_1_80' title='bbox 844 1452 1065 1507; x_wconf 88' lang='lat' dir='ltr'><strong>quoque</strong></span> <span class='ocrx_word' id='word_1_81' title='bbox 1092 1435 1276 1490; x_wconf 78' lang='lat' dir='ltr'><strong>factus</strong></span> <span class='ocrx_word' id='word_1_82' title='bbox 1319 1441 1426 1500; x_wconf 87' lang='lat' dir='ltr'><strong>est,</strong></span> <span class='ocrx_word' id='word_1_83' title='bbox 1466 1442 1523 1488; x_wconf 89' lang='lat' dir='ltr'><strong>ut</strong></span> <span class='ocrx_word' id='word_1_84' title='bbox 1553 1433 1692 1487; x_wconf 89' lang='lat' dir='ltr'><strong>inter</strong></span> <span class='ocrx_word' id='word_1_85' title='bbox 1725 1430 1895 1485; x_wconf 86' lang='lat' dir='ltr'><strong>Deum</strong></span> <span class='ocrx_word' id='word_1_86' title='bbox 1950 1436 2008 1484; x_wconf 91' lang='lat' dir='ltr'><strong>et</strong></span> 
     </span>
    </p>
   </div>
   <div class='ocr_carea' id='block_1_13' title="bbox 430 1518 2003 1593">
    <p class='ocr_par' dir='ltr' id='par_1_13' title="bbox 430 1518 2003 1593">
     <span class='ocr_line' id='line_1_13' title="bbox 430 1518 2003 1593; baseline -0.008 -7"><span class='ocrx_word' id='word_1_87' title='bbox 430 1534 678 1586; x_wconf 88' lang='lat' dir='ltr'><strong>homines</strong></span> <span class='ocrx_word' id='word_1_88' title='bbox 716 1529 990 1583; x_wconf 83' lang='lat' dir='ltr'><strong>mediator</strong></span> <span class='ocrx_word' id='word_1_89' title='bbox 1040 1526 1356 1589; x_wconf 79' lang='lat' dir='ltr'><strong>exsisteret,</strong></span> <span class='ocrx_word' id='word_1_90' title='bbox 1394 1523 1486 1593; x_wconf 87' lang='lat' dir='ltr'><strong>qui</strong></span> <span class='ocrx_word' id='word_1_91' title='bbox 1530 1531 1585 1577; x_wconf 90' lang='lat' dir='ltr'><strong>et</strong></span> <span class='ocrx_word' id='word_1_92' title='bbox 1628 1521 1732 1576; x_wconf 92' lang='lat' dir='ltr'><strong>hoc</strong></span> <span class='ocrx_word' id='word_1_93' title='bbox 1763 1529 1817 1576; x_wconf 90' lang='lat' dir='ltr'><strong>et</strong></span> <span class='ocrx_word' id='word_1_94' title='bbox 1867 1518 2003 1574; x_wconf 91' lang='lat' dir='ltr'><strong>illud</strong></span> 
     </span>
    </p>
   </div>
   <div class='ocr_carea' id='block_1_14' title="bbox 424 1615 2002 1683">
    <p class='ocr_par' dir='ltr' id='par_1_14' title="bbox 424 1615 2002 1683">
     <span class='ocr_line' id='line_1_14' title="bbox 424 1615 2002 1683; baseline -0.011 -3"><span class='ocrx_word' id='word_1_95' title='bbox 424 1632 591 1680; x_wconf 75' lang='lat' dir='ltr'><strong>esset.</strong></span> <span class='ocrx_word' id='word_1_96' title='bbox 639 1620 843 1677; x_wconf 75' lang='lat' dir='ltr'><strong>Verum</strong></span> <span class='ocrx_word' id='word_1_97' title='bbox 871 1619 1269 1675; x_wconf 79' lang='lat' dir='ltr'><strong>existimabant</strong></span> <span class='ocrx_word' id='word_1_98' title='bbox 1301 1615 1667 1672; x_wconf 84' lang='lat' dir='ltr'><strong>Colossenses</strong></span> <span class='ocrx_word' id='word_1_99' title='bbox 1706 1626 1804 1683; x_wconf 92' lang='lat' dir='ltr'><strong>per</strong></span> <span class='ocrx_word' id='word_1_100' title='bbox 1834 1624 2002 1680; x_wconf 77' lang='lat' dir='ltr'><strong>ange-</strong></span> 
     </span>
    </p>
   </div>
   <div class='ocr_carea' id='block_1_15' title="bbox 425 1699 2002 1773">
    <p class='ocr_par' dir='ltr' id='par_1_15' title="bbox 425 1699 2002 1773">
     <span class='ocr_line' id='line_1_15' title="bbox 425 1699 2002 1773; baseline -0.011 -4"><span class='ocrx_word' id='word_1_101' title='bbox 425 1714 506 1769; x_wconf 90' lang='lat' dir='ltr'><strong>los</strong></span> <span class='ocrx_word' id='word_1_102' title='bbox 540 1727 823 1768; x_wconf 89' lang='lat' dir='ltr'><strong>accessum</strong></span> <span class='ocrx_word' id='word_1_103' title='bbox 855 1710 1047 1764; x_wconf 88' lang='lat' dir='ltr'><strong>haberi</strong></span> <span class='ocrx_word' id='word_1_104' title='bbox 1083 1707 1151 1761; x_wconf 88' lang='lat' dir='ltr'><strong>ad</strong></span> <span class='ocrx_word' id='word_1_105' title='bbox 1182 1708 1398 1762; x_wconf 91' lang='lat' dir='ltr'><strong>Patrem</strong></span> <span class='ocrx_word' id='word_1_106' title='bbox 1450 1711 1505 1760; x_wconf 91' lang='lat' dir='ltr'><strong>et</strong></span> <span class='ocrx_word' id='word_1_107' title='bbox 1558 1718 1666 1757; x_wconf 91' lang='lat' dir='ltr'><strong>non</strong></span> <span class='ocrx_word' id='word_1_108' title='bbox 1701 1716 1797 1773; x_wconf 83' lang='lat' dir='ltr'><strong>per</strong></span> <span class='ocrx_word' id='word_1_109' title='bbox 1840 1699 2002 1755; x_wconf 90' lang='lat' dir='ltr'><strong>Chri-</strong></span> 
     </span>
    </p>
   </div>
   <div class='ocr_carea' id='block_1_16' title="bbox 426 1789 2005 1860">
    <p class='ocr_par' dir='ltr' id='par_1_16' title="bbox 426 1789 2005 1860">
     <span class='ocr_line' id='line_1_16' title="bbox 426 1789 2005 1860; baseline -0.01 0"><span class='ocrx_word' id='word_1_110' title='bbox 426 1814 594 1860; x_wconf 82' lang='lat' dir='ltr'><strong>stum.</strong></span> <span class='ocrx_word' id='word_1_111' title='bbox 624 1801 829 1858; x_wconf 87' lang='lat' dir='ltr'><strong>Deinde</strong></span> <span class='ocrx_word' id='word_1_112' title='bbox 862 1801 1062 1855; x_wconf 84' lang='lat' dir='ltr'><strong>multas</strong></span> <span class='ocrx_word' id='word_1_113' title='bbox 1091 1798 1362 1853; x_wconf 84' lang='lat' dir='ltr'><strong>habebant</strong></span> <span class='ocrx_word' id='word_1_114' title='bbox 1400 1793 1661 1850; x_wconf 83' lang='lat' dir='ltr'><strong>Judaicas</strong></span> <span class='ocrx_word' id='word_1_115' title='bbox 1685 1808 1749 1847; x_wconf 89' lang='lat' dir='ltr'><strong>ac</strong></span> <span class='ocrx_word' id='word_1_116' title='bbox 1785 1789 2005 1846; x_wconf 63' lang='lat' dir='ltr'><strong>Graecas</strong></span> 
     </span>
    </p>
   </div>
   <div class='ocr_carea' id='block_1_17' title="bbox 424 1892 2005 1961">
    <p class='ocr_par' dir='ltr' id='par_1_17' title="bbox 424 1892 2005 1961">
     <span class='ocr_line' id='line_1_17' title="bbox 424 1892 2005 1961; baseline -0.009 -10"><span class='ocrx_word' id='word_1_117' title='bbox 424 1895 841 1952; x_wconf 83' lang='lat' dir='ltr'><strong>observationes</strong></span> <span class='ocrx_word' id='word_1_118' title='bbox 866 1934 881 1961; x_wconf 98' lang='lat'><strong>,</strong></span> <span class='ocrx_word' id='word_1_119' title='bbox 937 1893 1054 1948; x_wconf 91' lang='lat' dir='ltr'><strong>dies</strong></span> <span class='ocrx_word' id='word_1_120' title='bbox 1087 1892 1447 1946; x_wconf 87' lang='lat' dir='ltr'><strong>observantes</strong></span> <span class='ocrx_word' id='word_1_121' title='bbox 1486 1896 1540 1944; x_wconf 89' lang='lat' dir='ltr'><strong>ct</strong></span> <span class='ocrx_word' id='word_1_122' title='bbox 1573 1896 1879 1957; x_wconf 87' lang='lat' dir='ltr'><strong>temporum</strong></span> <span class='ocrx_word' id='word_1_123' title='bbox 1912 1897 2005 1952; x_wconf 83' lang='lat' dir='ltr'><strong>op-</strong></span> 
     </span>
    </p>
   </div>
   <div class='ocr_carea' id='block_1_18' title="bbox 423 1978 2006 2061">
    <p class='ocr_par' dir='ltr' id='par_1_18' title="bbox 423 1978 2006 2061">
     <span class='ocr_line' id='line_1_18' title="bbox 423 1978 2006 2061; baseline -0.009 -17"><span class='ocrx_word' id='word_1_124' title='bbox 423 1990 788 2061; x_wconf 86' lang='lat' dir='ltr'><strong>portunitates</strong></span> <span class='ocrx_word' id='word_1_125' title='bbox 818 1997 873 2043; x_wconf 92' lang='lat' dir='ltr'><strong>et</strong></span> <span class='ocrx_word' id='word_1_126' title='bbox 917 1997 1260 2056; x_wconf 76' lang='lat' dir='ltr'><strong>quaecunque</strong></span> <span class='ocrx_word' id='word_1_127' title='bbox 1311 1978 1626 2051; x_wconf 73' lang='lat' dir='ltr'><strong>huiusmodi</strong></span> <span class='ocrx_word' id='word_1_128' title='bbox 1659 1985 1854 2042; x_wconf 85' lang='lat' dir='ltr'><strong>erant;</strong></span> <span class='ocrx_word' id='word_1_129' title='bbox 1881 1988 2006 2047; x_wconf 63' lang='lat' dir='ltr'><strong>quae</strong></span> 
     </span>
    </p>
   </div>
   <div class='ocr_carea' id='block_1_19' title="bbox 298 2070 1787 2148">
    <p class='ocr_par' dir='ltr' id='par_1_19' title="bbox 298 2070 1787 2148">
     <span class='ocr_line' id='line_1_19' title="bbox 298 2070 1787 2148; baseline -0.008 -11"><span class='ocrx_word' id='word_1_130' title='bbox 298 2098 311 2115; x_wconf 84' lang='grc'>·</span> <span class='ocrx_word' id='word_1_131' title='bbox 424 2081 612 2136; x_wconf 90' lang='lat' dir='ltr'><strong>omnia</strong></span> <span class='ocrx_word' id='word_1_132' title='bbox 644 2079 937 2137; x_wconf 83' lang='lat' dir='ltr'><strong>scribendo</strong></span> <span class='ocrx_word' id='word_1_133' title='bbox 972 2076 1273 2148; x_wconf 79' lang='lat' dir='ltr'><strong>Epistolam</strong></span> <span class='ocrx_word' id='word_1_134' title='bbox 1314 2072 1539 2144; x_wconf 81' lang='lat' dir='ltr'><strong>corrigit</strong></span> <span class='ocrx_word' id='word_1_135' title='bbox 1562 2070 1787 2126; x_wconf 86' lang='lat' dir='ltr'><strong>Paulus.</strong></span> 
     </span>
    </p>
   </div>
   <div class='ocr_carea' id='block_1_20' title="bbox 482 2202 1931 2269">
    <p class='ocr_par' dir='ltr' id='par_1_20' title="bbox 482 2202 1931 2269">
     <span class='ocr_line' id='line_1_20' title="bbox 482 2202 1931 2269; baseline -0.006 -2"><span class='ocrx_word' id='word_1_136' title='bbox 482 2211 878 2269; x_wconf 71' lang='lat' dir='ltr'><strong>EPISTOLA&#39;I</strong></span> <span class='ocrx_word' id='word_1_137' title='bbox 914 2210 1015 2265; x_wconf 81' lang='lat' dir='ltr'><strong>AD</strong></span> <span class='ocrx_word' id='word_1_138' title='bbox 1068 2204 1600 2267; x_wconf 79' lang='lat' dir='ltr'><strong>COLOSSENSES</strong></span> <span class='ocrx_word' id='word_1_139' title='bbox 1641 2202 1931 2261; x_wconf 74' lang='lat' dir='ltr'><strong>CAPITA.</strong></span> 
     </span>
    </p>
   </div>
   <div class='ocr_carea' id='block_1_21' title="bbox 424 2392 2005 2461">
    <p class='ocr_par' dir='ltr' id='par_1_21' title="bbox 424 2392 2005 2461">
     <span class='ocr_line' id='line_1_21' title="bbox 424 2392 2005 2461; baseline -0.009 -6"><span class='ocrx_word' id='word_1_140' title='bbox 424 2400 480 2455; x_wconf 73' lang='grc'><strong>1.</strong></span> <span class='ocrx_word' id='word_1_141' title='bbox 543 2398 847 2457; x_wconf 79' lang='lat' dir='ltr'><strong>Gratiarum</strong></span> <span class='ocrx_word' id='word_1_142' title='bbox 896 2398 1034 2452; x_wconf 90' lang='lat' dir='ltr'><strong>actio</strong></span> <span class='ocrx_word' id='word_1_143' title='bbox 1081 2397 1145 2451; x_wconf 87' lang='lat' dir='ltr'><strong>de</strong></span> <span class='ocrx_word' id='word_1_144' title='bbox 1185 2392 1615 2458; x_wconf 85' lang='lat' dir='ltr'><strong>Colossensibus,</strong></span> <span class='ocrx_word' id='word_1_145' title='bbox 1656 2392 1748 2461; x_wconf 85' lang='lat' dir='ltr'><strong>qui</strong></span> <span class='ocrx_word' id='word_1_146' title='bbox 1794 2397 2005 2460; x_wconf 78' lang='lat' dir='ltr'><strong>propter</strong></span> 
     </span>
    </p>
   </div>
   <div class='ocr_carea' id='block_1_22' title="bbox 699 2488 1723 2562">
    <p class='ocr_par' dir='ltr' id='par_1_22' title="bbox 699 2488 1723 2562">
     <span class='ocr_line' id='line_1_22' title="bbox 699 2488 1723 2562; baseline -0.007 -16"><span class='ocrx_word' id='word_1_147' title='bbox 699 2509 867 2562; x_wconf 86' lang='lat' dir='ltr'><strong>spem,</strong></span> <span class='ocrx_word' id='word_1_148' title='bbox 908 2490 1015 2546; x_wconf 89' lang='lat' dir='ltr'><strong>Deo</strong></span> <span class='ocrx_word' id='word_1_149' title='bbox 1047 2491 1341 2559; x_wconf 75' lang='lat' dir='ltr'><strong>familiares</strong></span> <span class='ocrx_word' id='word_1_150' title='bbox 1379 2488 1546 2557; x_wconf 70' lang='lat' dir='ltr'><strong>effecti</strong></span> <span class='ocrx_word' id='word_1_151' title='bbox 1580 2493 1723 2541; x_wconf 88' lang='lat' dir='ltr'><strong>sunt.</strong></span> 
     </span>
    </p>
   </div>
   <div class='ocr_carea' id='block_1_23' title="bbox 423 2576 2003 2653">
    <p class='ocr_par' dir='ltr' id='par_1_23' title="bbox 423 2576 2003 2653">
     <span class='ocr_line' id='line_1_23' title="bbox 423 2576 2003 2653; baseline -0.008 -13"><span class='ocrx_word' id='word_1_152' title='bbox 423 2584 480 2640; x_wconf 78' lang='grc'><strong>2.</strong></span> <span class='ocrx_word' id='word_1_153' title='bbox 522 2583 771 2639; x_wconf 80' lang='lat' dir='ltr'><strong>Precatio</strong></span> <span class='ocrx_word' id='word_1_154' title='bbox 810 2599 905 2653; x_wconf 85' lang='lat' dir='ltr'><strong>pro</strong></span> <span class='ocrx_word' id='word_1_155' title='bbox 946 2583 1097 2651; x_wconf 89' lang='lat' dir='ltr'><strong>ipsis,</strong></span> <span class='ocrx_word' id='word_1_156' title='bbox 1140 2591 1197 2635; x_wconf 85' lang='lat' dir='ltr'><strong>ut</strong></span> <span class='ocrx_word' id='word_1_157' title='bbox 1232 2580 1555 2649; x_wconf 81' lang='lat' dir='ltr'><strong>recipiantur</strong></span> <span class='ocrx_word' id='word_1_158' title='bbox 1584 2578 1655 2631; x_wconf 87' lang='lat' dir='ltr'><strong>ad</strong></span> <span class='ocrx_word' id='word_1_159' title='bbox 1685 2576 2003 2646; x_wconf 88' lang='lat' dir='ltr'><strong>sapientiam</strong></span> 
     </span>
    </p>
   </div>
   <div class='ocr_carea' id='block_1_24' title="bbox 495 2668 2005 2747">
    <p class='ocr_par' dir='ltr' id='par_1_24' title="bbox 495 2668 2005 2747">
     <span class='ocr_line' id='line_1_24' title="bbox 495 2668 2005 2747; baseline -0.009 -15"><span class='ocrx_word' id='word_1_160' title='bbox 495 2676 838 2747; x_wconf 85' lang='lat' dir='ltr'><strong>operativam,</strong></span> <span class='ocrx_word' id='word_1_161' title='bbox 865 2673 934 2727; x_wconf 88' lang='lat' dir='ltr'><strong>ad</strong></span> <span class='ocrx_word' id='word_1_162' title='bbox 962 2674 1205 2727; x_wconf 82' lang='lat' dir='ltr'><strong>virtutem</strong></span> <span class='ocrx_word' id='word_1_163' title='bbox 1228 2670 1525 2726; x_wconf 73' lang='lat' dir='ltr'><strong>tolerantia:</strong></span> <span class='ocrx_word' id='word_1_164' title='bbox 1563 2683 1678 2722; x_wconf 88' lang='lat' dir='ltr'><strong>cum</strong></span> <span class='ocrx_word' id='word_1_165' title='bbox 1707 2668 2005 2738; x_wconf 78' lang='lat' dir='ltr'><strong>gratiarum</strong></span> 
     </span>
    </p>
   </div>
   <div class='ocr_carea' id='block_1_25' title="bbox 494 2759 1930 2836">
    <p class='ocr_par' dir='ltr' id='par_1_25' title="bbox 494 2759 1930 2836">
     <span class='ocr_line' id='line_1_25' title="bbox 494 2759 1930 2836; baseline -0.008 -14"><span class='ocrx_word' id='word_1_166' title='bbox 494 2770 707 2823; x_wconf 82' lang='lat' dir='ltr'><strong>actione</strong></span> <span class='ocrx_word' id='word_1_167' title='bbox 734 2766 1155 2836; x_wconf 79' lang='lat' dir='ltr'><strong>familiaritatis,</strong></span> <span class='ocrx_word' id='word_1_168' title='bbox 1192 2779 1308 2834; x_wconf 74' lang='lat' dir='ltr'><strong>qua:</strong></span> <span class='ocrx_word' id='word_1_169' title='bbox 1335 2772 1414 2817; x_wconf 88' lang='lat' dir='ltr'><strong>est</strong></span> <span class='ocrx_word' id='word_1_170' title='bbox 1443 2776 1509 2816; x_wconf 81' lang='lat' dir='ltr'><strong>ea:</strong></span> <span class='ocrx_word' id='word_1_171' title='bbox 1543 2759 1930 2830; x_wconf 80' lang='lat' dir='ltr'><strong>puriﬁcatione.</strong></span> 
     </span>
    </p>
   </div>
   <div class='ocr_carea' id='block_1_26' title="bbox 422 2851 2005 2929">
    <p class='ocr_par' dir='ltr' id='par_1_26' title="bbox 422 2851 2005 2929">
     <span class='ocr_line' id='line_1_26' title="bbox 422 2851 2005 2929; baseline -0.009 -12"><span class='ocrx_word' id='word_1_172' title='bbox 422 2862 479 2917; x_wconf 75' lang='grc' dir='ltr'><strong>ὅ.</strong></span> <span class='ocrx_word' id='word_1_173' title='bbox 518 2860 598 2917; x_wconf 87' lang='lat' dir='ltr'><strong>De</strong></span> <span class='ocrx_word' id='word_1_174' title='bbox 626 2859 895 2915; x_wconf 83' lang='lat' dir='ltr'><strong>creatione</strong></span> <span class='ocrx_word' id='word_1_175' title='bbox 921 2874 1016 2929; x_wconf 86' lang='lat' dir='ltr'><strong>per</strong></span> <span class='ocrx_word' id='word_1_176' title='bbox 1042 2856 1334 2921; x_wconf 77' lang='lat' dir='ltr'><strong>Christum,</strong></span> <span class='ocrx_word' id='word_1_177' title='bbox 1368 2862 1416 2909; x_wconf 90' lang='lat' dir='ltr'><strong>et</strong></span> <span class='ocrx_word' id='word_1_178' title='bbox 1444 2851 1877 2908; x_wconf 86' lang='lat' dir='ltr'><strong>reconciliatione</strong></span> <span class='ocrx_word' id='word_1_179' title='bbox 1912 2865 2005 2919; x_wconf 89' lang='lat' dir='ltr'><strong>per</strong></span> 
     </span>
    </p>
   </div>
   <div class='ocr_carea' id='block_1_27' title="bbox 900 2947 1472 3020">
    <p class='ocr_par' dir='ltr' id='par_1_27' title="bbox 900 2947 1472 3020">
     <span class='ocr_line' id='line_1_27' title="bbox 900 2947 1472 3020; baseline -0.01 -14"><span class='ocrx_word' id='word_1_180' title='bbox 900 2950 1324 3020; x_wconf 87' lang='lat' dir='ltr'><strong>conjunctionem</strong></span> <span class='ocrx_word' id='word_1_181' title='bbox 1351 2947 1472 3001; x_wconf 89' lang='lat' dir='ltr'><strong>Dei.</strong></span> 
     </span>
    </p>
   </div>
   <div class='ocr_carea' id='block_1_28' title="bbox 420 3038 2004 3119">
    <p class='ocr_par' dir='ltr' id='par_1_28' title="bbox 420 3038 2004 3119">
     <span class='ocr_line' id='line_1_28' title="bbox 420 3038 2004 3119; baseline -0.008 -14"><span class='ocrx_word' id='word_1_182' title='bbox 420 3049 479 3105; x_wconf 71' lang='grc'><strong>4.</strong></span> <span class='ocrx_word' id='word_1_183' title='bbox 519 3047 599 3103; x_wconf 88' lang='lat' dir='ltr'><strong>De</strong></span> <span class='ocrx_word' id='word_1_184' title='bbox 618 3047 853 3119; x_wconf 88' lang='lat' dir='ltr'><strong>gentium</strong></span> <span class='ocrx_word' id='word_1_185' title='bbox 882 3044 1201 3100; x_wconf 88' lang='lat' dir='ltr'><strong>adductione</strong></span> <span class='ocrx_word' id='word_1_186' title='bbox 1225 3084 1240 3109; x_wconf 94' lang='lat'><strong>,</strong></span> <span class='ocrx_word' id='word_1_187' title='bbox 1270 3057 1387 3113; x_wconf 69' lang='lat' dir='ltr'><strong>qua:</strong></span> <span class='ocrx_word' id='word_1_188' title='bbox 1419 3040 1566 3110; x_wconf 89' lang='lat' dir='ltr'><strong>facta</strong></span> <span class='ocrx_word' id='word_1_189' title='bbox 1588 3049 1666 3093; x_wconf 85' lang='lat' dir='ltr'><strong>est</strong></span> <span class='ocrx_word' id='word_1_190' title='bbox 1703 3038 1758 3093; x_wconf 88' lang='lat' dir='ltr'><strong>in</strong></span> <span class='ocrx_word' id='word_1_191' title='bbox 1789 3051 2004 3105; x_wconf 85' lang='lat' dir='ltr'><strong>corpore</strong></span> 
     </span>
    </p>
   </div>
   <div class='ocr_carea' id='block_1_29' title="bbox 778 3131 1647 3207">
    <p class='ocr_par' dir='ltr' id='par_1_29' title="bbox 778 3131 1647 3207">
     <span class='ocr_line' id='line_1_29' title="bbox 778 3131 1647 3207; baseline -0.009 -14"><span class='ocrx_word' id='word_1_192' title='bbox 778 3148 827 3193; x_wconf 90' lang='lat' dir='ltr'><strong>et</strong></span> <span class='ocrx_word' id='word_1_193' title='bbox 850 3139 1095 3207; x_wconf 78' lang='lat' dir='ltr'><strong>passione</strong></span> <span class='ocrx_word' id='word_1_194' title='bbox 1132 3135 1331 3191; x_wconf 81' lang='lat' dir='ltr'><strong>Christi</strong></span> <span class='ocrx_word' id='word_1_195' title='bbox 1352 3149 1443 3204; x_wconf 88' lang='lat' dir='ltr'><strong>per</strong></span> <span class='ocrx_word' id='word_1_196' title='bbox 1468 3131 1647 3202; x_wconf 85' lang='lat' dir='ltr'><strong>ﬁdem.</strong></span> 
     </span>
    </p>
   </div>
   <div class='ocr_carea' id='block_1_30' title="bbox 422 3217 2003 3298">
    <p class='ocr_par' dir='ltr' id='par_1_30' title="bbox 422 3217 2003 3298">
     <span class='ocr_line' id='line_1_30' title="bbox 422 3217 2003 3298; baseline -0.013 -8"><span class='ocrx_word' id='word_1_197' title='bbox 422 3232 479 3290; x_wconf 78' lang='grc' dir='ltr'><strong>ὅ.</strong></span> <span class='ocrx_word' id='word_1_198' title='bbox 522 3231 598 3288; x_wconf 89' lang='lat' dir='ltr'><strong>De</strong></span> <span class='ocrx_word' id='word_1_199' title='bbox 619 3231 861 3288; x_wconf 84' lang='lat' dir='ltr'><strong>doctrina</strong></span> <span class='ocrx_word' id='word_1_200' title='bbox 894 3230 1059 3298; x_wconf 85' lang='lat' dir='ltr'><strong>ipsius</strong></span> <span class='ocrx_word' id='word_1_201' title='bbox 1090 3227 1291 3281; x_wconf 78' lang='lat' dir='ltr'><strong>tradita</strong></span> <span class='ocrx_word' id='word_1_202' title='bbox 1312 3241 1403 3295; x_wconf 87' lang='lat' dir='ltr'><strong>per</strong></span> <span class='ocrx_word' id='word_1_203' title='bbox 1428 3223 1654 3285; x_wconf 87' lang='lat' dir='ltr'><strong>labores,</strong></span> <span class='ocrx_word' id='word_1_204' title='bbox 1688 3217 2003 3274; x_wconf 85' lang='lat' dir='ltr'><strong>reconcilia-</strong></span> 
     </span>
    </p>
   </div>
   <div class='ocr_carea' id='block_1_31' title="bbox 747 3314 1686 3380">
    <p class='ocr_par' dir='ltr' id='par_1_31' title="bbox 747 3314 1686 3380">
     <span class='ocr_line' id='line_1_31' title="bbox 747 3314 1686 3380; baseline -0.011 -2"><span class='ocrx_word' id='word_1_205' title='bbox 747 3325 854 3380; x_wconf 83' lang='lat' dir='ltr'><strong>tiva</strong></span> <span class='ocrx_word' id='word_1_206' title='bbox 875 3322 943 3377; x_wconf 87' lang='lat' dir='ltr'><strong>ad</strong></span> <span class='ocrx_word' id='word_1_207' title='bbox 960 3320 1330 3376; x_wconf 74' lang='lat' dir='ltr'><strong>exhibitionem</strong></span> <span class='ocrx_word' id='word_1_208' title='bbox 1352 3334 1532 3374; x_wconf 88' lang='lat' dir='ltr'><strong>coram</strong></span> <span class='ocrx_word' id='word_1_209' title='bbox 1556 3314 1686 3372; x_wconf 90' lang='lat' dir='ltr'><strong>Deo.</strong></span> 
     </span>
    </p>
   </div>
   <div class='ocr_carea' id='block_1_32' title="bbox 424 3409 2005 3486">
    <p class='ocr_par' dir='ltr' id='par_1_32' title="bbox 424 3409 2005 3486">
     <span class='ocr_line' id='line_1_32' title="bbox 424 3409 2005 3486; baseline -0.007 -11"><span class='ocrx_word' id='word_1_210' title='bbox 424 3417 477 3475; x_wconf 85' lang='lat'><strong>6.</strong></span> <span class='ocrx_word' id='word_1_211' title='bbox 516 3415 670 3486; x_wconf 83' lang='lat' dir='ltr'><strong>Quod</strong></span> <span class='ocrx_word' id='word_1_212' title='bbox 699 3433 802 3472; x_wconf 90' lang='lat' dir='ltr'><strong>non</strong></span> <span class='ocrx_word' id='word_1_213' title='bbox 834 3422 1074 3485; x_wconf 82' lang='lat' dir='ltr'><strong>oporteat</strong></span> <span class='ocrx_word' id='word_1_214' title='bbox 1113 3429 1199 3468; x_wconf 87' lang='lat' dir='ltr'><strong>eos</strong></span> <span class='ocrx_word' id='word_1_215' title='bbox 1231 3412 1322 3483; x_wconf 87' lang='lat' dir='ltr'><strong>qui</strong></span> <span class='ocrx_word' id='word_1_216' title='bbox 1363 3412 1677 3481; x_wconf 88' lang='lat' dir='ltr'><strong>sapientiam</strong></span> <span class='ocrx_word' id='word_1_217' title='bbox 1717 3409 1907 3466; x_wconf 82' lang='lat' dir='ltr'><strong>habent</strong></span> <span class='ocrx_word' id='word_1_218' title='bbox 1949 3410 2005 3464; x_wconf 88' lang='lat' dir='ltr'><strong>in</strong></span> 
     </span>
    </p>
   </div>
   <div class='ocr_carea' id='block_1_33' title="bbox 566 3504 1853 3576">
    <p class='ocr_par' dir='ltr' id='par_1_33' title="bbox 566 3504 1853 3576">
     <span class='ocr_line' id='line_1_33' title="bbox 566 3504 1853 3576; baseline -0.004 -11"><span class='ocrx_word' id='word_1_219' title='bbox 566 3508 801 3576; x_wconf 83' lang='lat' dir='ltr'><strong>Christo,</strong></span> <span class='ocrx_word' id='word_1_220' title='bbox 828 3507 1062 3562; x_wconf 90' lang='lat' dir='ltr'><strong>humana</strong></span> <span class='ocrx_word' id='word_1_221' title='bbox 1096 3505 1335 3561; x_wconf 85' lang='lat' dir='ltr'><strong>incedere</strong></span> <span class='ocrx_word' id='word_1_222' title='bbox 1355 3504 1543 3576; x_wconf 85' lang='lat' dir='ltr'><strong>fallaci</strong></span> <span class='ocrx_word' id='word_1_223' title='bbox 1575 3504 1853 3575; x_wconf 85' lang='lat' dir='ltr'><strong>sapientia.</strong></span> 
     </span>
    </p>
   </div>
   <div class='ocr_carea' id='block_1_34' title="bbox 334 3687 2007 3762">
    <p class='ocr_par' dir='ltr' id='par_1_34' title="bbox 334 3687 2007 3762">
     <span class='ocr_line' id='line_1_34' title="bbox 334 3687 2007 3762; baseline -0.003 -13"><span class='ocrx_word' id='word_1_224' title='bbox 334 3688 337 3697; x_wconf 86' lang='grc'><em>’</em></span> <span class='ocrx_word' id='word_1_225' title='bbox 426 3692 477 3749; x_wconf 89' lang='lat'><strong>7.</strong></span> <span class='ocrx_word' id='word_1_226' title='bbox 520 3692 676 3761; x_wconf 79' lang='lat' dir='ltr'><strong>Quod</strong></span> <span class='ocrx_word' id='word_1_227' title='bbox 721 3692 1021 3762; x_wconf 81' lang='lat' dir='ltr'><strong>conjunctio</strong></span> <span class='ocrx_word' id='word_1_228' title='bbox 1062 3689 1131 3744; x_wconf 90' lang='lat' dir='ltr'><strong>ad</strong></span> <span class='ocrx_word' id='word_1_229' title='bbox 1179 3687 1372 3753; x_wconf 90' lang='lat' dir='ltr'><strong>Deum,</strong></span> <span class='ocrx_word' id='word_1_230' title='bbox 1418 3688 1772 3759; x_wconf 85' lang='lat' dir='ltr'><strong>spiritualiter</strong></span> <span class='ocrx_word' id='word_1_231' title='bbox 1805 3705 2007 3761; x_wconf 87' lang='lat' dir='ltr'><strong>quoque</strong></span> 
     </span>
    </p>
   </div>
   <div class='ocr_carea' id='block_1_35' title="bbox 490 3778 2007 3857">
    <p class='ocr_par' dir='ltr' id='par_1_35' title="bbox 490 3778 2007 3857">
     <span class='ocr_line' id='line_1_35' title="bbox 490 3778 2007 3857; baseline -0.003 -17"><span class='ocrx_word' id='word_1_232' title='bbox 490 3802 555 3840; x_wconf 91' lang='lat' dir='ltr'><strong>ea</strong></span> <span class='ocrx_word' id='word_1_233' title='bbox 591 3801 709 3857; x_wconf 72' lang='lat' dir='ltr'><strong>qua:</strong></span> <span class='ocrx_word' id='word_1_234' title='bbox 742 3785 868 3856; x_wconf 87' lang='lat' dir='ltr'><strong>legis</strong></span> <span class='ocrx_word' id='word_1_235' title='bbox 906 3791 1028 3838; x_wconf 89' lang='lat' dir='ltr'><strong>sunt</strong></span> <span class='ocrx_word' id='word_1_236' title='bbox 1073 3781 1301 3837; x_wconf 88' lang='lat' dir='ltr'><strong>continet</strong></span> <span class='ocrx_word' id='word_1_237' title='bbox 1332 3780 1402 3835; x_wconf 89' lang='lat' dir='ltr'><strong>ad</strong></span> <span class='ocrx_word' id='word_1_238' title='bbox 1439 3779 1809 3835; x_wconf 85' lang='lat' dir='ltr'><strong>convivendum</strong></span> <span class='ocrx_word' id='word_1_239' title='bbox 1849 3778 2007 3836; x_wconf 83' lang='lat' dir='ltr'><strong>Chri-</strong></span> 
     </span>
    </p>
   </div>
   <div class='ocr_carea' id='block_1_36' title="bbox 494 3885 596 3931">
    <p class='ocr_par' dir='ltr' id='par_1_36' title="bbox 494 3885 596 3931">
     <span class='ocr_line' id='line_1_36' title="bbox 494 3885 596 3931; baseline 0 0"><span class='ocrx_word' id='word_1_240' title='bbox 494 3885 596 3931; x_wconf 87' lang='lat' dir='ltr'><strong>sla.</strong></span> 
     </span>
    </p>
   </div>
   <div class='ocr_carea' id='block_1_37' title="bbox 425 3964 2002 4040">
    <p class='ocr_par' dir='ltr' id='par_1_37' title="bbox 425 3964 2002 4040">
     <span class='ocr_line' id='line_1_37' title="bbox 425 3964 2002 4040; baseline -0.006 -11"><span class='ocrx_word' id='word_1_241' title='bbox 425 3970 479 4029; x_wconf 84' lang='lat'><strong>8.</strong></span> <span class='ocrx_word' id='word_1_242' title='bbox 523 3969 678 4038; x_wconf 75' lang='lat' dir='ltr'><strong>Quod</strong></span> <span class='ocrx_word' id='word_1_243' title='bbox 709 3969 836 4040; x_wconf 86' lang='lat' dir='ltr'><strong>legis</strong></span> <span class='ocrx_word' id='word_1_244' title='bbox 866 3967 1102 4024; x_wconf 79' lang='lat' dir='ltr'><strong>carnalis</strong></span> <span class='ocrx_word' id='word_1_245' title='bbox 1138 3968 1248 4037; x_wconf 83' lang='lat' dir='ltr'><strong>typi</strong></span> <span class='ocrx_word' id='word_1_246' title='bbox 1271 3965 1577 4021; x_wconf 87' lang='lat' dir='ltr'><strong>carnalibus</strong></span> <span class='ocrx_word' id='word_1_247' title='bbox 1616 3967 1669 4020; x_wconf 91' lang='lat' dir='ltr'><strong>in</strong></span> <span class='ocrx_word' id='word_1_248' title='bbox 1710 3967 1877 4037; x_wconf 88' lang='lat' dir='ltr'><strong>pretio</strong></span> <span class='ocrx_word' id='word_1_249' title='bbox 1908 3964 2002 4019; x_wconf 88' lang='lat' dir='ltr'><strong>ha-</strong></span> 
     </span>
    </p>
   </div>
   <div class='ocr_carea' id='block_1_38' title="bbox 498 4058 2004 4131">
    <p class='ocr_par' dir='ltr' id='par_1_38' title="bbox 498 4058 2004 4131">
     <span class='ocr_line' id='line_1_38' title="bbox 498 4058 2004 4131; baseline -0.003 -14"><span class='ocrx_word' id='word_1_250' title='bbox 498 4065 689 4117; x_wconf 84' lang='lat' dir='ltr'><strong>bentur</strong></span> <span class='ocrx_word' id='word_1_251' title='bbox 713 4103 728 4129; x_wconf 94' lang='lat'><strong>,</strong></span> <span class='ocrx_word' id='word_1_252' title='bbox 760 4078 865 4116; x_wconf 88' lang='lat' dir='ltr'><strong>non</strong></span> <span class='ocrx_word' id='word_1_253' title='bbox 893 4059 1260 4131; x_wconf 86' lang='lat' dir='ltr'><strong>spiritualibus</strong></span> <span class='ocrx_word' id='word_1_254' title='bbox 1288 4060 1378 4131; x_wconf 86' lang='lat' dir='ltr'><strong>qui</strong></span> <span class='ocrx_word' id='word_1_255' title='bbox 1412 4061 1656 4115; x_wconf 80' lang='lat' dir='ltr'><strong>virtutem</strong></span> <span class='ocrx_word' id='word_1_256' title='bbox 1694 4059 1893 4115; x_wconf 89' lang='lat' dir='ltr'><strong>Christi</strong></span> <span class='ocrx_word' id='word_1_257' title='bbox 1926 4058 2004 4113; x_wconf 84' lang='lat' dir='ltr'><strong>vi-</strong></span> 
     </span>
    </p>
   </div>
   <div class='ocr_carea' id='block_1_39' title="bbox 496 4166 645 4212">
    <p class='ocr_par' dir='ltr' id='par_1_39' title="bbox 496 4166 645 4212">
     <span class='ocr_line' id='line_1_39' title="bbox 496 4166 645 4212; baseline -0.02 0"><span class='ocrx_word' id='word_1_258' title='bbox 496 4166 645 4212; x_wconf 69' lang='lat' dir='ltr'><strong>runt.</strong></span> 
     </span>
    </p>
   </div>
   <div class='ocr_carea' id='block_1_40' title="bbox 426 4239 2001 4314">
    <p class='ocr_par' dir='ltr' id='par_1_40' title="bbox 426 4239 2001 4314">
     <span class='ocr_line' id='line_1_40' title="bbox 426 4239 2001 4314; baseline -0.008 -10"><span class='ocrx_word' id='word_1_259' title='bbox 426 4246 481 4304; x_wconf 90' lang='lat'><strong>9.</strong></span> <span class='ocrx_word' id='word_1_260' title='bbox 523 4245 843 4301; x_wconf 68' lang='lat' dir='ltr'><strong>Exhortatio</strong></span> <span class='ocrx_word' id='word_1_261' title='bbox 895 4243 964 4298; x_wconf 91' lang='lat' dir='ltr'><strong>ad</strong></span> <span class='ocrx_word' id='word_1_262' title='bbox 1019 4241 1384 4314; x_wconf 83' lang='lat' dir='ltr'><strong>purgationem</strong></span> <span class='ocrx_word' id='word_1_263' title='bbox 1412 4280 1427 4305; x_wconf 91' lang='lat'><strong>,</strong></span> <span class='ocrx_word' id='word_1_264' title='bbox 1480 4239 1951 4307; x_wconf 76' lang='lat' dir='ltr'><strong>sanctiﬁcationem</strong></span> <span class='ocrx_word' id='word_1_265' title='bbox 1984 4278 2001 4304; x_wconf 92' lang='lat'><strong>,</strong></span> 
     </span>
    </p>
   </div>
   <div class='ocr_carea' id='block_1_41' title="bbox 500 4332 2006 4410">
    <p class='ocr_par' dir='ltr' id='par_1_41' title="bbox 500 4332 2006 4410">
     <span class='ocr_line' id='line_1_41' title="bbox 500 4332 2006 4410; baseline -0.007 -16"><span class='ocrx_word' id='word_1_266' title='bbox 500 4339 916 4410; x_wconf 87' lang='lat' dir='ltr'><strong>benignitatem,</strong></span> <span class='ocrx_word' id='word_1_267' title='bbox 972 4338 1218 4407; x_wconf 88' lang='lat' dir='ltr'><strong>pietatem</strong></span> <span class='ocrx_word' id='word_1_268' title='bbox 1242 4373 1257 4400; x_wconf 93' lang='lat'><strong>,</strong></span> <span class='ocrx_word' id='word_1_269' title='bbox 1315 4332 1551 4386; x_wconf 86' lang='lat' dir='ltr'><strong>discendi</strong></span> <span class='ocrx_word' id='word_1_270' title='bbox 1575 4347 1806 4386; x_wconf 89' lang='lat' dir='ltr'><strong>amorem</strong></span> <span class='ocrx_word' id='word_1_271' title='bbox 1832 4370 1846 4395; x_wconf 96' lang='lat'><strong>,</strong></span> <span class='ocrx_word' id='word_1_272' title='bbox 1879 4346 2006 4384; x_wconf 78' lang='lat' dir='ltr'><strong>catt-</strong></span> 
     </span>
    </p>
   </div>
   <div class='ocr_carea' id='block_1_42' title="bbox 501 4422 2004 4495">
    <p class='ocr_par' dir='ltr' id='par_1_42' title="bbox 501 4422 2003 4495">
     <span class='ocr_line' id='line_1_42' title="bbox 501 4422 2003 4495; baseline -0.008 -8"><span class='ocrx_word' id='word_1_273' title='bbox 501 4445 612 4487; x_wconf 77' lang='lat' dir='ltr'><strong>tum</strong></span> <span class='ocrx_word' id='word_1_274' title='bbox 675 4431 1034 4495; x_wconf 82' lang='lat' dir='ltr'><strong>Psalmorum,</strong></span> <span class='ocrx_word' id='word_1_275' title='bbox 1103 4424 1425 4481; x_wconf 85' lang='lat' dir='ltr'><strong>laudabilem</strong></span> <span class='ocrx_word' id='word_1_276' title='bbox 1499 4424 1785 4479; x_wconf 88' lang='lat' dir='ltr'><strong>secundum</strong></span> <span class='ocrx_word' id='word_1_277' title='bbox 1839 4422 2003 4477; x_wconf 88' lang='lat' dir='ltr'><strong>Deum</strong></span> 
     </span>
    </p>
   </div>
   <div class='ocr_carea' id='block_1_43' title="bbox 2122 4422 2849 4495">
    <p class='ocr_par' dir='ltr' id='par_1_43' title="bbox 2176 4425 2849 4495">
     <span class='ocr_line' id='line_1_43' title="bbox 2176 4425 2849 4495; baseline 0.001 -17"><span class='ocrx_word' id='word_1_278' title='bbox 2176 4426 2377 4492; x_wconf 82' lang='grc' dir='ltr'><strong>ῳδίας,</strong></span> <span class='ocrx_word' id='word_1_279' title='bbox 2431 4425 2706 4495; x_wconf 75' lang='grc' dir='ltr'><strong>εὐφήμου</strong></span> <span class='ocrx_word' id='word_1_280' title='bbox 2760 4427 2849 4490; x_wconf 83' lang='grc' dir='ltr'><strong>είς</strong></span> 
     </span>
    </p>
   </div>
   <div class='ocr_carea' id='block_1_44' title="bbox 502 4518 1680 4590">
    <p class='ocr_par' dir='ltr' id='par_1_44' title="bbox 502 4518 1680 4590">
     <span class='ocr_line' id='line_1_44' title="bbox 502 4518 1680 4590; baseline -0.007 -11"><span class='ocrx_word' id='word_1_281' title='bbox 502 4525 973 4589; x_wconf 85' lang='lat' dir='ltr'><strong>conversationem,</strong></span> <span class='ocrx_word' id='word_1_282' title='bbox 996 4529 1045 4576; x_wconf 87' lang='lat' dir='ltr'><strong>et</strong></span> <span class='ocrx_word' id='word_1_283' title='bbox 1070 4521 1367 4590; x_wconf 84' lang='lat' dir='ltr'><strong>gratiarum</strong></span> <span class='ocrx_word' id='word_1_284' title='bbox 1399 4518 1680 4571; x_wconf 88' lang='lat' dir='ltr'><strong>actionem.</strong></span> 
     </span>
    </p>
   </div>
   <div class='ocr_carea' id='block_1_45' title="bbox 433 4607 1996 4684">
    <p class='ocr_par' dir='ltr' id='par_1_45' title="bbox 433 4607 1996 4684">
     <span class='ocr_line' id='line_1_45' title="bbox 433 4607 1996 4684; baseline -0.007 -15"><span class='ocrx_word' id='word_1_285' title='bbox 433 4614 516 4674; x_wconf 85' lang='lat' dir='ltr'><strong>IO.</strong></span> <span class='ocrx_word' id='word_1_286' title='bbox 560 4615 694 4684; x_wconf 75' lang='lat' dir='ltr'><strong>Qua:</strong></span> <span class='ocrx_word' id='word_1_287' title='bbox 739 4614 809 4670; x_wconf 90' lang='lat' dir='ltr'><strong>ad</strong></span> <span class='ocrx_word' id='word_1_288' title='bbox 853 4612 1193 4669; x_wconf 86' lang='lat' dir='ltr'><strong>concordiam</strong></span> <span class='ocrx_word' id='word_1_289' title='bbox 1228 4626 1350 4681; x_wconf 87' lang='lat' dir='ltr'><strong>erga</strong></span> <span class='ocrx_word' id='word_1_290' title='bbox 1395 4607 1692 4680; x_wconf 87' lang='lat' dir='ltr'><strong>familiares</strong></span> <span class='ocrx_word' id='word_1_291' title='bbox 1738 4612 1996 4676; x_wconf 85' lang='lat' dir='ltr'><strong>spectant.</strong></span> 
     </span>
    </p>
   </div>
   <div class='ocr_carea' id='block_1_46' title="bbox 2666 514 3140 572">
    <p class='ocr_par' dir='ltr' id='par_1_46' title="bbox 2666 514 3140 572">
     <span class='ocr_line' id='line_1_46' title="bbox 2666 514 3140 572; baseline 0.004 -2"><span class='ocrx_word' id='word_1_292' title='bbox 2666 514 3140 572; x_wconf 77' lang='grc' dir='ltr'><strong>ΘΕΟΔΩΡΗΤΟΥ.</strong></span> 
     </span>
    </p>
   </div>
   <div class='ocr_carea' id='block_1_47' title="bbox 2201 598 3687 682">
    <p class='ocr_par' dir='ltr' id='par_1_47' title="bbox 2201 598 3687 682">
     <span class='ocr_line' id='line_1_47' title="bbox 2201 598 3687 682; baseline 0.003 -23"><span class='ocrx_word' id='word_1_293' title='bbox 2201 598 2293 660; x_wconf 79' lang='grc' dir='ltr'><strong>Ἕν</strong></span> <span class='ocrx_word' id='word_1_294' title='bbox 2314 607 2533 672; x_wconf 75' lang='grc' dir='ltr'><strong>πολλοῖς</strong></span> <span class='ocrx_word' id='word_1_295' title='bbox 2566 610 2594 662; x_wconf 81' lang='grc' dir='ltr'><strong>ὁ</strong></span> <span class='ocrx_word' id='word_1_296' title='bbox 2631 607 2952 673; x_wconf 77' lang='grc' dir='ltr'><strong>’Δπόστολος</strong></span> <span class='ocrx_word' id='word_1_297' title='bbox 2990 609 3141 680; x_wconf 80' lang='grc' dir='ltr'><strong>δηλοῖ</strong></span> <span class='ocrx_word' id='word_1_298' title='bbox 3162 608 3259 681; x_wconf 73' lang='grc' dir='ltr'><strong>τὴν</strong></span> <span class='ocrx_word' id='word_1_299' title='bbox 3283 609 3419 682; x_wconf 72' lang='grc' dir='ltr'><strong>πρὸς</strong></span> <span class='ocrx_word' id='word_1_300' title='bbox 3446 610 3537 664; x_wconf 63' lang='grc' dir='ltr'><strong>τὸν</strong></span> <span class='ocrx_word' id='word_1_301' title='bbox 3552 610 3687 665; x_wconf 75' lang='grc' dir='ltr'><strong>Θεὸν</strong></span> 
     </span>
    </p>
   </div>
   <div class='ocr_carea' id='block_1_48' title="bbox 2116 698 3691 775">
    <p class='ocr_par' dir='ltr' id='par_1_48' title="bbox 2116 698 3691 775">
     <span class='ocr_line' id='line_1_48' title="bbox 2116 698 3691 775; baseline 0.003 -23"><span class='ocrx_word' id='word_1_302' title='bbox 2116 698 2214 752; x_wconf 72' lang='grc' dir='ltr'><strong>καὶ</strong></span> <span class='ocrx_word' id='word_1_303' title='bbox 2248 698 2471 771; x_wconf 66' lang='grc' dir='ltr'><strong>Πατέρα</strong></span> <span class='ocrx_word' id='word_1_304' title='bbox 2503 701 2784 771; x_wconf 73' lang='grc' dir='ltr'>μεσιτείαν</span> <span class='ocrx_word' id='word_1_305' title='bbox 2812 701 2904 754; x_wconf 77' lang='grc' dir='ltr'><strong>καὶ</strong></span> <span class='ocrx_word' id='word_1_306' title='bbox 2932 701 3285 774; x_wconf 78' lang='grc' dir='ltr'><strong>καταλλαγὴν</strong></span> <span class='ocrx_word' id='word_1_307' title='bbox 3339 706 3450 767; x_wconf 85' lang='grc' dir='ltr'><strong>τοῖς</strong></span> <span class='ocrx_word' id='word_1_308' title='bbox 3479 702 3691 775; x_wconf 76' lang='grc' dir='ltr'><strong>ἀνθρώ-</strong></span> 
     </span>
    </p>
   </div>
   <div class='ocr_carea' id='block_1_49' title="bbox 2114 785 3685 862">
    <p class='ocr_par' dir='ltr' id='par_1_49' title="bbox 2114 785 3685 862">
     <span class='ocr_line' id='line_1_49' title="bbox 2114 785 3685 862; baseline 0.004 -24"><span class='ocrx_word' id='word_1_309' title='bbox 2114 803 2239 851; x_wconf 79' lang='grc' dir='ltr'><strong>ποις</strong></span> <span class='ocrx_word' id='word_1_310' title='bbox 2292 788 2381 842; x_wconf 76' lang='grc' dir='ltr'><strong>διὰ</strong></span> <span class='ocrx_word' id='word_1_311' title='bbox 2420 788 2511 842; x_wconf 73' lang='grc' dir='ltr'><strong>τοῦ</strong></span> <span class='ocrx_word' id='word_1_312' title='bbox 2535 790 2664 842; x_wconf 80' lang='grc' dir='ltr'><strong>Υἱοῦ</strong></span> <span class='ocrx_word' id='word_1_313' title='bbox 2691 790 2994 858; x_wconf 78' lang='grc' dir='ltr'><strong>γεγονέναι.</strong></span> <span class='ocrx_word' id='word_1_314' title='bbox 3032 808 3051 841; x_wconf 78' lang='grc' dir='ltr'><strong>ι</strong></span> <span class='ocrx_word' id='word_1_315' title='bbox 3084 785 3179 854; x_wconf 74' lang='grc' dir='ltr'><strong>Εἷς</strong></span> <span class='ocrx_word' id='word_1_316' title='bbox 3201 792 3309 861; x_wconf 76' lang='grc' dir='ltr'><strong>γὰρ</strong></span> <span class='ocrx_word' id='word_1_317' title='bbox 3339 792 3493 857; x_wconf 70' lang='grc' dir='ltr'><strong>Θεὸς,</strong></span> <span class='ocrx_word' id='word_1_318' title='bbox 3530 791 3685 862; x_wconf 77' lang='grc' dir='ltr'><strong>φησὶ,</strong></span> 
     </span>
    </p>
   </div>
   <div class='ocr_carea' id='block_1_50' title="bbox 2112 875 3689 955">
    <p class='ocr_par' dir='ltr' id='par_1_50' title="bbox 2112 875 3689 955">
     <span class='ocr_line' id='line_1_50' title="bbox 2112 875 3689 955; baseline 0.002 -22"><span class='ocrx_word' id='word_1_319' title='bbox 2112 880 2207 934; x_wconf 81' lang='grc' dir='ltr'><strong>καὶ</strong></span> <span class='ocrx_word' id='word_1_320' title='bbox 2237 875 2315 943; x_wconf 75' lang='grc' dir='ltr'><strong>εἷς</strong></span> <span class='ocrx_word' id='word_1_321' title='bbox 2350 880 2575 951; x_wconf 78' lang='grc' dir='ltr'><strong>μεσίτης</strong></span> <span class='ocrx_word' id='word_1_322' title='bbox 2608 880 2871 936; x_wconf 62' lang='grc' dir='ltr'><strong>Θεοῦναὶ</strong></span> <span class='ocrx_word' id='word_1_323' title='bbox 2913 882 3214 953; x_wconf 80' lang='grc' dir='ltr'><strong>ἀνθρώπων</strong></span> <span class='ocrx_word' id='word_1_324' title='bbox 3254 883 3538 953; x_wconf 85' lang='grc' dir='ltr'><strong>ἄνθρωπος</strong></span> <span class='ocrx_word' id='word_1_325' title='bbox 3580 882 3689 955; x_wconf 80' lang='grc' dir='ltr'><strong>’1η-</strong></span> 
     </span>
    </p>
   </div>
   <div class='ocr_carea' id='block_1_51' title="bbox 2115 968 3690 1045">
    <p class='ocr_par' dir='ltr' id='par_1_51' title="bbox 2115 968 3690 1045">
     <span class='ocr_line' id='line_1_51' title="bbox 2115 968 3690 1045; baseline 0 -19"><span class='ocrx_word' id='word_1_326' title='bbox 2115 972 2244 1037; x_wconf 81' lang='grc' dir='ltr'><strong>σοῦς</strong></span> <span class='ocrx_word' id='word_1_327' title='bbox 2315 973 2574 1042; x_wconf 83' lang='grc' dir='ltr'><strong>Χριστός,</strong></span> <span class='ocrx_word' id='word_1_328' title='bbox 2611 991 2628 1025; x_wconf 76' lang='grc' dir='ltr'><strong>ι</strong></span> <span class='ocrx_word' id='word_1_329' title='bbox 2692 973 2804 1027; x_wconf 79' lang='grc' dir='ltr'><strong>Καὶ</strong></span> <span class='ocrx_word' id='word_1_330' title='bbox 2835 973 2995 1027; x_wconf 77' lang='grc' dir='ltr'><strong>πάλιν</strong></span> <span class='ocrx_word' id='word_1_331' title='bbox 3025 988 3038 1003; x_wconf 82' lang='grc'>⁶</span> <span class='ocrx_word' id='word_1_332' title='bbox 3085 990 3105 1025; x_wconf 79' lang='grc' dir='ltr'><strong>ι</strong></span> <span class='ocrx_word' id='word_1_333' title='bbox 3161 972 3238 1027; x_wconf 86' lang='grc' dir='ltr'><strong>Δι’</strong></span> <span class='ocrx_word' id='word_1_334' title='bbox 3268 968 3348 1040; x_wconf 76' lang='grc' dir='ltr'><strong>οὗ,</strong></span> <span class='ocrx_word' id='word_1_335' title='bbox 3382 975 3535 1043; x_wconf 71' lang='grc' dir='ltr'><strong>φησι,</strong></span> <span class='ocrx_word' id='word_1_336' title='bbox 3591 975 3690 1045; x_wconf 81' lang='grc' dir='ltr'><strong>τὴν</strong></span> 
     </span>
    </p>
   </div>
   <div class='ocr_carea' id='block_1_52' title="bbox 2114 1064 3687 1137">
    <p class='ocr_par' dir='ltr' id='par_1_52' title="bbox 2114 1064 3687 1137">
     <span class='ocr_line' id='line_1_52' title="bbox 2114 1064 3687 1137; baseline 0 -19"><span class='ocrx_word' id='word_1_337' title='bbox 2114 1064 2461 1135; x_wconf 73' lang='grc' dir='ltr'><strong>καταλλαγὴν</strong></span> <span class='ocrx_word' id='word_1_338' title='bbox 2493 1066 2829 1136; x_wconf 73' lang='grc' dir='ltr'><strong>ἐσχήκαμεν.</strong></span> <span class='ocrx_word' id='word_1_339' title='bbox 2865 1085 2884 1117; x_wconf 76' lang='grc' dir='ltr'><strong>ι</strong></span> <span class='ocrx_word' id='word_1_340' title='bbox 2916 1066 3070 1120; x_wconf 71' lang='grc' dir='ltr'><strong>Καὶὸ</strong></span> <span class='ocrx_word' id='word_1_341' title='bbox 3099 1066 3304 1137; x_wconf 78' lang='grc' dir='ltr'><strong>Κύριος</strong></span> <span class='ocrx_word' id='word_1_342' title='bbox 3347 1066 3517 1136; x_wconf 82' lang='grc' dir='ltr'><strong>Θύραν</strong></span> <span class='ocrx_word' id='word_1_343' title='bbox 3559 1068 3687 1120; x_wconf 82' lang='grc' dir='ltr'><strong>ἑαυ-</strong></span> 
     </span>
    </p>
   </div>
   <div class='ocr_carea' id='block_1_53' title="bbox 2112 1152 3689 1224">
    <p class='ocr_par' dir='ltr' id='par_1_53' title="bbox 2112 1152 3689 1224">
     <span class='ocr_line' id='line_1_53' title="bbox 2112 1152 3689 1224; baseline -0.001 -17"><span class='ocrx_word' id='word_1_344' title='bbox 2112 1153 2204 1208; x_wconf 80' lang='grc' dir='ltr'><strong>τὸν</strong></span> <span class='ocrx_word' id='word_1_345' title='bbox 2233 1154 2327 1208; x_wconf 80' lang='grc' dir='ltr'><strong>καὶ</strong></span> <span class='ocrx_word' id='word_1_346' title='bbox 2357 1154 2473 1208; x_wconf 76' lang='grc' dir='ltr'>ὁδὸν</span> <span class='ocrx_word' id='word_1_347' title='bbox 2501 1154 2674 1207; x_wconf 82' lang='grc' dir='ltr'><strong>καλεῖ.</strong></span> <span class='ocrx_word' id='word_1_348' title='bbox 2710 1155 2783 1207; x_wconf 79' lang='grc' dir='ltr'><strong>Οὐ</strong></span> <span class='ocrx_word' id='word_1_349' title='bbox 2812 1154 2919 1224; x_wconf 78' lang='grc' dir='ltr'><strong>γὰρ</strong></span> <span class='ocrx_word' id='word_1_350' title='bbox 2949 1154 3151 1224; x_wconf 82' lang='grc' dir='ltr'><strong>ὲτέρως</strong></span> <span class='ocrx_word' id='word_1_351' title='bbox 3201 1154 3249 1206; x_wconf 83' lang='grc' dir='ltr'>εἰ</span> <span class='ocrx_word' id='word_1_352' title='bbox 3314 1154 3390 1223; x_wconf 86' lang='grc' dir='ltr'><strong>μὴ</strong></span> <span class='ocrx_word' id='word_1_353' title='bbox 3423 1155 3492 1206; x_wconf 84' lang='grc' dir='ltr'><strong>δι’</strong></span> <span class='ocrx_word' id='word_1_354' title='bbox 3523 1152 3689 1206; x_wconf 81' lang='grc' dir='ltr'><strong>αὑτοῦ</strong></span> 
     </span>
    </p>
   </div>
   <div class='ocr_carea' id='block_1_54' title="bbox 2113 1245 3692 1318">
    <p class='ocr_par' dir='ltr' id='par_1_54' title="bbox 2113 1245 3692 1318">
     <span class='ocr_line' id='line_1_54' title="bbox 2113 1245 3692 1318; baseline 0 -18"><span class='ocrx_word' id='word_1_355' title='bbox 2113 1247 2207 1301; x_wconf 76' lang='grc' dir='ltr'><strong>καὶ</strong></span> <span class='ocrx_word' id='word_1_356' title='bbox 2262 1249 2319 1300; x_wconf 81' lang='grc' dir='ltr'>ἐν</span> <span class='ocrx_word' id='word_1_357' title='bbox 2376 1246 2524 1316; x_wconf 80' lang='grc' dir='ltr'><strong>αὐτῷ</strong></span> <span class='ocrx_word' id='word_1_358' title='bbox 2589 1245 2814 1302; x_wconf 82' lang='grc' dir='ltr'><strong>ἁπέλθοι</strong></span> <span class='ocrx_word' id='word_1_359' title='bbox 2872 1264 2958 1310; x_wconf 87' lang='grc' dir='ltr'><strong>τις</strong></span> <span class='ocrx_word' id='word_1_360' title='bbox 3016 1246 3153 1318; x_wconf 76' lang='grc' dir='ltr'><strong>πρὸς</strong></span> <span class='ocrx_word' id='word_1_361' title='bbox 3192 1246 3281 1299; x_wconf 76' lang='grc' dir='ltr'><strong>τὸν</strong></span> <span class='ocrx_word' id='word_1_362' title='bbox 3316 1247 3558 1318; x_wconf 81' lang='grc' dir='ltr'><strong>Πατέρα.</strong></span> <span class='ocrx_word' id='word_1_363' title='bbox 3591 1245 3692 1300; x_wconf 82' lang='grc' dir='ltr'><strong>Διὰ</strong></span> 
     </span>
    </p>
   </div>
   <div class='ocr_carea' id='block_1_55' title="bbox 2110 1338 3689 1411">
    <p class='ocr_par' dir='ltr' id='par_1_55' title="bbox 2110 1338 3689 1411">
     <span class='ocr_line' id='line_1_55' title="bbox 2110 1338 3689 1411; baseline -0.001 -17"><span class='ocrx_word' id='word_1_364' title='bbox 2110 1339 2271 1394; x_wconf 84' lang='grc' dir='ltr'><strong>τοῦτο</strong></span> <span class='ocrx_word' id='word_1_365' title='bbox 2295 1340 2405 1408; x_wconf 83' lang='grc' dir='ltr'><strong>γὰρ</strong></span> <span class='ocrx_word' id='word_1_366' title='bbox 2436 1338 2512 1394; x_wconf 84' lang='grc' dir='ltr'>ὢν</span> <span class='ocrx_word' id='word_1_367' title='bbox 2536 1340 2692 1406; x_wconf 81' lang='grc' dir='ltr'><strong>Θεὸς,</strong></span> <span class='ocrx_word' id='word_1_368' title='bbox 2725 1342 2819 1393; x_wconf 77' lang='grc' dir='ltr'><strong>καὶ</strong></span> <span class='ocrx_word' id='word_1_369' title='bbox 2842 1340 3155 1411; x_wconf 72' lang='grc' dir='ltr'><strong>ἄνθρωπος</strong></span> <span class='ocrx_word' id='word_1_370' title='bbox 3180 1340 3423 1410; x_wconf 78' lang='grc' dir='ltr'><strong>γέγονεν,</strong></span> <span class='ocrx_word' id='word_1_371' title='bbox 3457 1338 3544 1394; x_wconf 75' lang='grc' dir='ltr'><strong>ἵνα</strong></span> <span class='ocrx_word' id='word_1_372' title='bbox 3569 1338 3689 1410; x_wconf 86' lang='grc' dir='ltr'><strong>Θεῷ</strong></span> 
     </span>
    </p>
   </div>
   <div class='ocr_carea' id='block_1_56' title="bbox 2112 1431 3686 1503">
    <p class='ocr_par' dir='ltr' id='par_1_56' title="bbox 2112 1431 3686 1503">
     <span class='ocr_line' id='line_1_56' title="bbox 2112 1431 3686 1503; baseline 0 -18"><span class='ocrx_word' id='word_1_373' title='bbox 2112 1434 2210 1485; x_wconf 79' lang='grc' dir='ltr'><strong>καὶ</strong></span> <span class='ocrx_word' id='word_1_374' title='bbox 2262 1432 2576 1502; x_wconf 81' lang='grc' dir='ltr'><strong>ἀνθρώποις</strong></span> <span class='ocrx_word' id='word_1_375' title='bbox 2637 1432 2958 1503; x_wconf 80' lang='grc' dir='ltr'><strong>μεσιτεύσῃ,</strong></span> <span class='ocrx_word' id='word_1_376' title='bbox 3010 1432 3167 1486; x_wconf 84' lang='grc' dir='ltr'><strong>τοῦτὸ</strong></span> <span class='ocrx_word' id='word_1_377' title='bbox 3191 1449 3249 1485; x_wconf 86' lang='grc' dir='ltr'><strong>τε</strong></span> <span class='ocrx_word' id='word_1_378' title='bbox 3301 1431 3377 1485; x_wconf 84' lang='grc' dir='ltr'><strong>ὢν</strong></span> <span class='ocrx_word' id='word_1_379' title='bbox 3440 1433 3686 1485; x_wconf 79' lang='grc' dir='ltr'><strong>κάκεῖνο.</strong></span> 
     </span>
    </p>
   </div>
   <div class='ocr_carea' id='block_1_57' title="bbox 2122 1522 3690 1596">
    <p class='ocr_par' dir='ltr' id='par_1_57' title="bbox 2122 1522 3690 1596">
     <span class='ocr_line' id='line_1_57' title="bbox 2122 1522 3690 1596; baseline -0.003 -16"><span class='ocrx_word' id='word_1_380' title='bbox 2122 1524 2335 1580; x_wconf 79' lang='grc' dir='ltr'><strong>Ἀλλόἱ</strong></span> <span class='ocrx_word' id='word_1_381' title='bbox 2366 1526 2729 1590; x_wconf 76' lang='grc' dir='ltr'><strong>Κολοσσαεῖς,</strong></span> <span class='ocrx_word' id='word_1_382' title='bbox 2767 1526 2873 1580; x_wconf 81' lang='grc' dir='ltr'><strong>ὑπὸ</strong></span> <span class='ocrx_word' id='word_1_383' title='bbox 2908 1525 3155 1594; x_wconf 80' lang='grc' dir='ltr'><strong>ἀγγέλων</strong></span> <span class='ocrx_word' id='word_1_384' title='bbox 3182 1522 3351 1596; x_wconf 80' lang='grc' dir='ltr'><strong>ᾤοντο</strong></span> <span class='ocrx_word' id='word_1_385' title='bbox 3389 1525 3488 1595; x_wconf 81' lang='grc' dir='ltr'><strong>τὴν</strong></span> <span class='ocrx_word' id='word_1_386' title='bbox 3521 1540 3690 1596; x_wconf 72' lang='grc' dir='ltr'><strong>πρεσ-</strong></span> 
     </span>
    </p>
   </div>
   <div class='ocr_carea' id='block_1_58' title="bbox 2112 1618 3686 1693">
    <p class='ocr_par' dir='ltr' id='par_1_58' title="bbox 2112 1618 3686 1693">
     <span class='ocr_line' id='line_1_58' title="bbox 2112 1618 3686 1693; baseline -0.003 -19"><span class='ocrx_word' id='word_1_387' title='bbox 2112 1618 2339 1693; x_wconf 82' lang='grc' dir='ltr'><strong>αγωγὴν</strong></span> <span class='ocrx_word' id='word_1_388' title='bbox 2387 1620 2644 1689; x_wconf 83' lang='grc' dir='ltr'><strong>γενέσθαι</strong></span> <span class='ocrx_word' id='word_1_389' title='bbox 2691 1619 2827 1691; x_wconf 78' lang='grc' dir='ltr'><strong>πρὸς</strong></span> <span class='ocrx_word' id='word_1_390' title='bbox 2860 1620 2953 1673; x_wconf 77' lang='grc' dir='ltr'><strong>τὸν</strong></span> <span class='ocrx_word' id='word_1_391' title='bbox 2997 1621 3236 1689; x_wconf 79' lang='grc' dir='ltr'><strong>Πατέρα,</strong></span> <span class='ocrx_word' id='word_1_392' title='bbox 3260 1620 3355 1673; x_wconf 76' lang='grc' dir='ltr'><strong>καὶ</strong></span> <span class='ocrx_word' id='word_1_393' title='bbox 3384 1619 3444 1672; x_wconf 81' lang='grc' dir='ltr'><strong>οὐ</strong></span> <span class='ocrx_word' id='word_1_394' title='bbox 3472 1618 3563 1671; x_wconf 72' lang='grc' dir='ltr'><strong>διὰ</strong></span> <span class='ocrx_word' id='word_1_395' title='bbox 3592 1618 3686 1671; x_wconf 82' lang='grc' dir='ltr'><strong>τοῦ</strong></span> 
     </span>
    </p>
   </div>
   <div class='ocr_carea' id='block_1_59' title="bbox 2110 1707 3691 1783">
    <p class='ocr_par' dir='ltr' id='par_1_59' title="bbox 2110 1707 3691 1783">
     <span class='ocr_line' id='line_1_59' title="bbox 2110 1707 3691 1783; baseline -0.002 -18"><span class='ocrx_word' id='word_1_396' title='bbox 2110 1711 2372 1783; x_wconf 80' lang='grc' dir='ltr'><strong>Χριστοῦ.</strong></span> <span class='ocrx_word' id='word_1_397' title='bbox 2475 1714 2711 1766; x_wconf 86' lang='grc' dir='ltr'><strong>Ἔπειτα</strong></span> <span class='ocrx_word' id='word_1_398' title='bbox 2781 1712 2977 1775; x_wconf 86' lang='grc' dir='ltr'><strong>πολλὰς</strong></span> <span class='ocrx_word' id='word_1_399' title='bbox 3058 1707 3202 1782; x_wconf 75' lang='grc' dir='ltr'><strong>εἶχον</strong></span> <span class='ocrx_word' id='word_1_400' title='bbox 3277 1711 3691 1782; x_wconf 81' lang='grc' dir='ltr'><strong>παρατηρήσεις</strong></span> 
     </span>
    </p>
   </div>
   <div class='ocr_carea' id='block_1_60' title="bbox 2123 1801 3687 1874">
    <p class='ocr_par' dir='ltr' id='par_1_60' title="bbox 2123 1801 3687 1874">
     <span class='ocr_line' id='line_1_60' title="bbox 2123 1801 3687 1874; baseline 0.001 -20"><span class='ocrx_word' id='word_1_401' title='bbox 2123 1801 2419 1865; x_wconf 75' lang='grc' dir='ltr'><strong>Ἰουδαῖκὰς</strong></span> <span class='ocrx_word' id='word_1_402' title='bbox 2448 1802 2543 1855; x_wconf 78' lang='grc' dir='ltr'><strong>καὶ</strong></span> <span class='ocrx_word' id='word_1_403' title='bbox 2582 1802 2920 1872; x_wconf 79' lang='grc' dir='ltr'><strong>Ἑλληνικὰς,</strong></span> <span class='ocrx_word' id='word_1_404' title='bbox 2963 1802 3180 1874; x_wconf 77' lang='grc' dir='ltr'><strong>ἡμέρας</strong></span> <span class='ocrx_word' id='word_1_405' title='bbox 3206 1803 3687 1872; x_wconf 74' lang='grc' dir='ltr'><strong>παρατηρούμενοι</strong></span> 
     </span>
    </p>
   </div>
   <div class='ocr_carea' id='block_1_61' title="bbox 2111 1893 3686 1966">
    <p class='ocr_par' dir='ltr' id='par_1_61' title="bbox 2111 1893 3686 1966">
     <span class='ocr_line' id='line_1_61' title="bbox 2111 1893 3686 1966; baseline -0.001 -18"><span class='ocrx_word' id='word_1_406' title='bbox 2111 1895 2204 1948; x_wconf 74' lang='grc' dir='ltr'><strong>καὶ</strong></span> <span class='ocrx_word' id='word_1_407' title='bbox 2238 1895 2462 1966; x_wconf 82' lang='grc' dir='ltr'><strong>καιροὺς</strong></span> <span class='ocrx_word' id='word_1_408' title='bbox 2482 1896 2576 1948; x_wconf 58' lang='grc' dir='ltr'><strong>καὶ⁸</strong></span> <span class='ocrx_word' id='word_1_409' title='bbox 2609 1896 2709 1949; x_wconf 85' lang='grc' dir='ltr'><strong>ὅσα</strong></span> <span class='ocrx_word' id='word_1_410' title='bbox 2741 1894 2985 1949; x_wconf 82' lang='grc' dir='ltr'><strong>τοιαῦτα.</strong></span> <span class='ocrx_word' id='word_1_411' title='bbox 3012 1894 3208 1948; x_wconf 83' lang='grc' dir='ltr'><strong>’Δτινα</strong></span> <span class='ocrx_word' id='word_1_412' title='bbox 3235 1894 3433 1960; x_wconf 78' lang='grc' dir='ltr'><strong>πάντα,</strong></span> <span class='ocrx_word' id='word_1_413' title='bbox 3459 1893 3686 1964; x_wconf 81' lang='grc' dir='ltr'><strong>γράφων</strong></span> 
     </span>
    </p>
   </div>
   <div class='ocr_carea' id='block_1_62' title="bbox 2108 1984 3270 2059">
    <p class='ocr_par' dir='ltr' id='par_1_62' title="bbox 2108 1984 3270 2059">
     <span class='ocr_line' id='line_1_62' title="bbox 2108 1984 3270 2059; baseline -0.001 -20"><span class='ocrx_word' id='word_1_414' title='bbox 2108 1984 2209 2058; x_wconf 68' lang='grc' dir='ltr'><strong>τὴν</strong></span> <span class='ocrx_word' id='word_1_415' title='bbox 2256 1985 2599 2058; x_wconf 79' lang='grc' dir='ltr'><strong>Ἐπιστολὴν,</strong></span> <span class='ocrx_word' id='word_1_416' title='bbox 2630 1986 2940 2059; x_wconf 77' lang='grc' dir='ltr'><strong>διορθοῦται</strong></span> <span class='ocrx_word' id='word_1_417' title='bbox 2978 1988 3006 2041; x_wconf 84' lang='grc' dir='ltr'><strong>ὁ</strong></span> <span class='ocrx_word' id='word_1_418' title='bbox 3039 1985 3270 2050; x_wconf 84' lang='grc' dir='ltr'><strong>Παῦλος.</strong></span> 
     </span>
    </p>
   </div>
   <div class='ocr_carea' id='block_1_63' title="bbox 2288 2204 3514 2271">
    <p class='ocr_par' dir='ltr' id='par_1_63' title="bbox 2288 2204 3514 2271">
     <span class='ocr_line' id='line_1_63' title="bbox 2288 2204 3514 2271; baseline -0.003 0"><span class='ocrx_word' id='word_1_419' title='bbox 2288 2213 2650 2271; x_wconf 77' lang='grc' dir='ltr'><strong>ΚΕΦΑΛΑΙΑ</strong></span> <span class='ocrx_word' id='word_1_420' title='bbox 2685 2216 2826 2270; x_wconf 83' lang='grc' dir='ltr'><strong>ΤΗΣ</strong></span> <span class='ocrx_word' id='word_1_421' title='bbox 2853 2214 3045 2268; x_wconf 87' lang='grc' dir='ltr'><strong>ΠΡΟΣ</strong></span> <span class='ocrx_word' id='word_1_422' title='bbox 3069 2204 3514 2269; x_wconf 72' lang='grc' dir='ltr'><strong>ΚΟΛΟΣΣΔΕΙΣ</strong></span> 
     </span>
    </p>
   </div>
   <div class='ocr_carea' id='block_1_64' title="bbox 2697 2283 3128 2340">
    <p class='ocr_par' dir='ltr' id='par_1_64' title="bbox 2697 2283 3128 2340">
     <span class='ocr_line' id='line_1_64' title="bbox 2697 2283 3128 2340; baseline -0.005 0"><span class='ocrx_word' id='word_1_423' title='bbox 2697 2283 2999 2340; x_wconf 82' lang='grc' dir='ltr'><strong>ΕΙΙΙΣΤΟΛ</strong></span> <span class='ocrx_word' id='word_1_424' title='bbox 3008 2285 3128 2339; x_wconf 84' lang='grc' dir='ltr'><strong>ΗΣ.</strong></span> 
     </span>
    </p>
   </div>
   <div class='ocr_carea' id='block_1_65' title="bbox 2107 2391 3686 2468">
    <p class='ocr_par' dir='ltr' id='par_1_65' title="bbox 2107 2391 3686 2468">
     <span class='ocr_line' id='line_1_65' title="bbox 2107 2391 3686 2468; baseline -0.003 -17"><span class='ocrx_word' id='word_1_425' title='bbox 2107 2396 2179 2451; x_wconf 77' lang='grc' dir='ltr'><strong>α’.</strong></span> <span class='ocrx_word' id='word_1_426' title='bbox 2248 2397 2619 2468; x_wconf 81' lang='grc' dir='ltr'><strong>Εὐχαριστία</strong></span> <span class='ocrx_word' id='word_1_427' title='bbox 2686 2394 2839 2463; x_wconf 84' lang='grc' dir='ltr'><strong>ὑπὲρ</strong></span> <span class='ocrx_word' id='word_1_428' title='bbox 2904 2392 3309 2448; x_wconf 74' lang='grc' dir='ltr'><strong>Κολοσσαέων</strong></span> <span class='ocrx_word' id='word_1_429' title='bbox 3359 2391 3686 2448; x_wconf 80' lang='grc' dir='ltr'><strong>οίκειωθέν-</strong></span> 
     </span>
    </p>
   </div>
   <div class='ocr_carea' id='block_1_66' title="bbox 2176 2487 2832 2555">
    <p class='ocr_par' dir='ltr' id='par_1_66' title="bbox 2176 2487 2832 2555">
     <span class='ocr_line' id='line_1_66' title="bbox 2176 2487 2832 2555; baseline -0.008 -9"><span class='ocrx_word' id='word_1_430' title='bbox 2176 2508 2297 2546; x_wconf 87' lang='grc' dir='ltr'><strong>των</strong></span> <span class='ocrx_word' id='word_1_431' title='bbox 2326 2489 2448 2555; x_wconf 86' lang='grc' dir='ltr'><strong>Θεῷ</strong></span> <span class='ocrx_word' id='word_1_432' title='bbox 2480 2490 2573 2543; x_wconf 82' lang='grc' dir='ltr'><strong>ἐπ’</strong></span> <span class='ocrx_word' id='word_1_433' title='bbox 2607 2487 2832 2543; x_wconf 75' lang='grc' dir='ltr'><strong>ἐλπίδι.</strong></span> 
     </span>
    </p>
   </div>
   <div class='ocr_carea' id='block_1_67' title="bbox 2102 2577 3688 2651">
    <p class='ocr_par' dir='ltr' id='par_1_67' title="bbox 2102 2577 3688 2651">
     <span class='ocr_line' id='line_1_67' title="bbox 2102 2577 3688 2651; baseline -0.004 -14"><span class='ocrx_word' id='word_1_434' title='bbox 2102 2584 2185 2649; x_wconf 77' lang='grc' dir='ltr'><strong>β’.</strong></span> <span class='ocrx_word' id='word_1_435' title='bbox 2225 2582 2393 2651; x_wconf 72' lang='grc' dir='ltr'><strong>Εὐχή</strong></span> <span class='ocrx_word' id='word_1_436' title='bbox 2429 2581 2582 2649; x_wconf 79' lang='grc' dir='ltr'><strong>ὑπὲρ</strong></span> <span class='ocrx_word' id='word_1_437' title='bbox 2613 2579 2812 2635; x_wconf 85' lang='grc' dir='ltr'><strong>αὐτῶν</strong></span> <span class='ocrx_word' id='word_1_438' title='bbox 2839 2582 2926 2646; x_wconf 86' lang='grc' dir='ltr'><strong>είς</strong></span> <span class='ocrx_word' id='word_1_439' title='bbox 2956 2580 3183 2649; x_wconf 74' lang='grc' dir='ltr'><strong>σοφίαν</strong></span> <span class='ocrx_word' id='word_1_440' title='bbox 3211 2577 3568 2647; x_wconf 80' lang='grc' dir='ltr'><strong>πρακτικὴν,</strong></span> <span class='ocrx_word' id='word_1_441' title='bbox 3598 2580 3688 2643; x_wconf 86' lang='grc' dir='ltr'><strong>είς</strong></span> 
     </span>
    </p>
   </div>
   <div class='ocr_carea' id='block_1_68' title="bbox 2175 2670 3684 2745">
    <p class='ocr_par' dir='ltr' id='par_1_68' title="bbox 2175 2670 3684 2745">
     <span class='ocr_line' id='line_1_68' title="bbox 2175 2670 3684 2745; baseline -0.004 -16"><span class='ocrx_word' id='word_1_442' title='bbox 2175 2675 2435 2745; x_wconf 80' lang='grc' dir='ltr'><strong>δύναμιν</strong></span> <span class='ocrx_word' id='word_1_443' title='bbox 2455 2672 3289 2744; x_wconf 81' lang='grc' dir='ltr'><strong>ὐπομονῆς,σὺνεὺχαριστίᾳ</strong></span> <span class='ocrx_word' id='word_1_444' title='bbox 3322 2671 3430 2740; x_wconf 83' lang='grc' dir='ltr'><strong>τῆς</strong></span> <span class='ocrx_word' id='word_1_445' title='bbox 3458 2670 3684 2724; x_wconf 79' lang='grc' dir='ltr'><strong>οἰκειώ-</strong></span> 
     </span>
    </p>
   </div>
   <div class='ocr_carea' id='block_1_69' title="bbox 2177 2766 2901 2837">
    <p class='ocr_par' dir='ltr' id='par_1_69' title="bbox 2177 2766 2901 2837">
     <span class='ocr_line' id='line_1_69' title="bbox 2177 2766 2901 2837; baseline -0.006 -12"><span class='ocrx_word' id='word_1_446' title='bbox 2177 2785 2332 2836; x_wconf 86' lang='grc' dir='ltr'><strong>σεως</strong></span> <span class='ocrx_word' id='word_1_447' title='bbox 2358 2766 2466 2837; x_wconf 85' lang='grc' dir='ltr'><strong>τῆς</strong></span> <span class='ocrx_word' id='word_1_448' title='bbox 2494 2768 2566 2822; x_wconf 79' lang='grc' dir='ltr'><strong>ἐν</strong></span> <span class='ocrx_word' id='word_1_449' title='bbox 2594 2766 2901 2836; x_wconf 81' lang='grc' dir='ltr'><strong>καθάρσει.</strong></span> 
     </span>
    </p>
   </div>
   <div class='ocr_carea' id='block_1_70' title="bbox 2105 2853 3686 2930">
    <p class='ocr_par' dir='ltr' id='par_1_70' title="bbox 2105 2853 3686 2930">
     <span class='ocr_line' id='line_1_70' title="bbox 2105 2853 3686 2930; baseline -0.006 -14"><span class='ocrx_word' id='word_1_450' title='bbox 2105 2866 2178 2930; x_wconf 81' lang='grc' dir='ltr'><strong>τ’.</strong></span> <span class='ocrx_word' id='word_1_451' title='bbox 2234 2860 2374 2928; x_wconf 73' lang='grc' dir='ltr'><strong>Περὶ</strong></span> <span class='ocrx_word' id='word_1_452' title='bbox 2399 2858 2511 2927; x_wconf 82' lang='grc' dir='ltr'><strong>τῆς</strong></span> <span class='ocrx_word' id='word_1_453' title='bbox 2540 2858 2611 2912; x_wconf 85' lang='grc' dir='ltr'><strong>ἐν</strong></span> <span class='ocrx_word' id='word_1_454' title='bbox 2637 2857 2872 2926; x_wconf 80' lang='grc' dir='ltr'><strong>Χριστῷ</strong></span> <span class='ocrx_word' id='word_1_455' title='bbox 2910 2856 3161 2925; x_wconf 83' lang='grc' dir='ltr'><strong>κτίσεως</strong></span> <span class='ocrx_word' id='word_1_456' title='bbox 3186 2854 3285 2912; x_wconf 69' lang='grc' dir='ltr'><strong>καὶ</strong></span> <span class='ocrx_word' id='word_1_457' title='bbox 3314 2853 3686 2921; x_wconf 82' lang='grc' dir='ltr'><strong>ἀνακτίσεως</strong></span> 
     </span>
    </p>
   </div>
   <div class='ocr_carea' id='block_1_71' title="bbox 2177 2950 3037 3022">
    <p class='ocr_par' dir='ltr' id='par_1_71' title="bbox 2177 2950 3037 3022">
     <span class='ocr_line' id='line_1_71' title="bbox 2177 2950 3037 3022; baseline 0 -16"><span class='ocrx_word' id='word_1_458' title='bbox 2177 2952 2289 3022; x_wconf 84' lang='grc' dir='ltr'><strong>τῆς</strong></span> <span class='ocrx_word' id='word_1_459' title='bbox 2318 2952 2467 3006; x_wconf 84' lang='grc' dir='ltr'><strong>κατὰ</strong></span> <span class='ocrx_word' id='word_1_460' title='bbox 2498 2950 2839 3021; x_wconf 69' lang='grc' dir='ltr'><strong>συνάφειαν</strong></span> <span class='ocrx_word' id='word_1_461' title='bbox 2868 2952 3037 3006; x_wconf 85' lang='grc' dir='ltr'><strong>Θεοῦ.</strong></span> 
     </span>
    </p>
   </div>
   <div class='ocr_carea' id='block_1_72' title="bbox 2109 3042 3686 3117">
    <p class='ocr_par' dir='ltr' id='par_1_72' title="bbox 2109 3042 3686 3117">
     <span class='ocr_line' id='line_1_72' title="bbox 2109 3042 3686 3117; baseline 0.001 -18"><span class='ocrx_word' id='word_1_462' title='bbox 2109 3044 2181 3101; x_wconf 81' lang='grc' dir='ltr'><strong>δ’.</strong></span> <span class='ocrx_word' id='word_1_463' title='bbox 2263 3045 2403 3113; x_wconf 79' lang='grc' dir='ltr'><strong>Περὶ</strong></span> <span class='ocrx_word' id='word_1_464' title='bbox 2460 3043 2651 3099; x_wconf 81' lang='grc' dir='ltr'><em>ἐθνῶν</em></span> <span class='ocrx_word' id='word_1_465' title='bbox 2704 3044 3104 3115; x_wconf 72' lang='grc' dir='ltr'><strong>προσαγωγῆς</strong></span> <span class='ocrx_word' id='word_1_466' title='bbox 3157 3042 3263 3114; x_wconf 83' lang='grc' dir='ltr'><strong>τῆς</strong></span> <span class='ocrx_word' id='word_1_467' title='bbox 3318 3046 3390 3101; x_wconf 86' lang='grc' dir='ltr'><strong>ἐν</strong></span> <span class='ocrx_word' id='word_1_468' title='bbox 3455 3042 3686 3117; x_wconf 83' lang='grc' dir='ltr'><strong>σώματι</strong></span> 
     </span>
    </p>
   </div>
   <div class='ocr_carea' id='block_1_73' title="bbox 2174 3136 3194 3208">
    <p class='ocr_par' dir='ltr' id='par_1_73' title="bbox 2174 3136 3194 3208">
     <span class='ocr_line' id='line_1_73' title="bbox 2174 3136 3194 3208; baseline 0.002 -18"><span class='ocrx_word' id='word_1_469' title='bbox 2174 3137 2434 3208; x_wconf 77' lang='grc' dir='ltr'><strong>Χριστοῦ</strong></span> <span class='ocrx_word' id='word_1_470' title='bbox 2464 3138 2562 3192; x_wconf 77' lang='grc' dir='ltr'><strong>καί</strong></span> <span class='ocrx_word' id='word_1_471' title='bbox 2594 3136 2767 3193; x_wconf 83' lang='grc' dir='ltr'><strong>πάθει</strong></span> <span class='ocrx_word' id='word_1_472' title='bbox 2792 3136 2889 3191; x_wconf 82' lang='grc' dir='ltr'><strong>διὰ</strong></span> <span class='ocrx_word' id='word_1_473' title='bbox 2913 3139 3194 3205; x_wconf 87' lang='grc' dir='ltr'><strong>πίστεως.</strong></span> 
     </span>
    </p>
   </div>
   <div class='ocr_carea' id='block_1_74' title="bbox 2103 3226 3682 3300">
    <p class='ocr_par' dir='ltr' id='par_1_74' title="bbox 2103 3226 3682 3300">
     <span class='ocr_line' id='line_1_74' title="bbox 2103 3226 3682 3300; baseline 0.003 -20"><span class='ocrx_word' id='word_1_474' title='bbox 2103 3226 2168 3285; x_wconf 85' lang='grc' dir='ltr'><strong>ε’.</strong></span> <span class='ocrx_word' id='word_1_475' title='bbox 2231 3229 2373 3297; x_wconf 79' lang='grc' dir='ltr'><strong>Περὶ</strong></span> <span class='ocrx_word' id='word_1_476' title='bbox 2425 3228 2536 3297; x_wconf 82' lang='grc' dir='ltr'><strong>τῆς</strong></span> <span class='ocrx_word' id='word_1_477' title='bbox 2591 3227 2691 3282; x_wconf 82' lang='grc' dir='ltr'><strong>διὰ</strong></span> <span class='ocrx_word' id='word_1_478' title='bbox 2745 3227 2867 3282; x_wconf 84' lang='grc' dir='ltr'><strong>τῶν</strong></span> <span class='ocrx_word' id='word_1_479' title='bbox 2926 3229 3130 3283; x_wconf 85' lang='grc' dir='ltr'><strong>πόνων</strong></span> <span class='ocrx_word' id='word_1_480' title='bbox 3173 3228 3361 3283; x_wconf 84' lang='grc' dir='ltr'><strong>αὑτοῦ</strong></span> <span class='ocrx_word' id='word_1_481' title='bbox 3404 3228 3682 3300; x_wconf 78' lang='grc' dir='ltr'><strong>διδαχῆς,</strong></span> 
     </span>
    </p>
   </div>
   <div class='ocr_carea' id='block_1_75' title="bbox 2175 3319 3330 3390">
    <p class='ocr_par' dir='ltr' id='par_1_75' title="bbox 2175 3319 3330 3390">
     <span class='ocr_line' id='line_1_75' title="bbox 2175 3319 3330 3390; baseline -0.002 -13"><span class='ocrx_word' id='word_1_482' title='bbox 2175 3319 2588 3390; x_wconf 82' lang='grc' dir='ltr'><strong>ἀνακτητικῆς</strong></span> <span class='ocrx_word' id='word_1_483' title='bbox 2616 3323 2704 3388; x_wconf 82' lang='grc' dir='ltr'><strong>είς</strong></span> <span class='ocrx_word' id='word_1_484' title='bbox 2733 3320 3121 3390; x_wconf 83' lang='grc' dir='ltr'><strong>παράστασιν</strong></span> <span class='ocrx_word' id='word_1_485' title='bbox 3158 3320 3330 3375; x_wconf 84' lang='grc' dir='ltr'><strong>Θεοῦ.</strong></span> 
     </span>
    </p>
   </div>
   <div class='ocr_carea' id='block_1_76' title="bbox 2107 3415 3685 3486">
    <p class='ocr_par' dir='ltr' id='par_1_76' title="bbox 2107 3415 3685 3486">
     <span class='ocr_line' id='line_1_76' title="bbox 2107 3415 3685 3486; baseline -0.004 -14"><span class='ocrx_word' id='word_1_486' title='bbox 2107 3422 2183 3483; x_wconf 88' lang='grc' dir='ltr'><strong>ς’.</strong></span> <span class='ocrx_word' id='word_1_487' title='bbox 2251 3416 2391 3485; x_wconf 78' lang='grc' dir='ltr'><strong>Περὶ</strong></span> <span class='ocrx_word' id='word_1_488' title='bbox 2443 3415 2546 3471; x_wconf 86' lang='grc' dir='ltr'><strong>τοῦ</strong></span> <span class='ocrx_word' id='word_1_489' title='bbox 2592 3416 2680 3486; x_wconf 81' lang='grc' dir='ltr'><strong>μὴ</strong></span> <span class='ocrx_word' id='word_1_490' title='bbox 2722 3415 3061 3483; x_wconf 73' lang='grc' dir='ltr'><strong>ὑπάγεσθαι</strong></span> <span class='ocrx_word' id='word_1_491' title='bbox 3106 3415 3445 3484; x_wconf 78' lang='grc' dir='ltr'><strong>ἀνθρωπίνῃ</strong></span> <span class='ocrx_word' id='word_1_492' title='bbox 3498 3416 3685 3485; x_wconf 73' lang='grc' dir='ltr'><strong>σοφίᾳ</strong></span> 
     </span>
    </p>
   </div>
   <div class='ocr_carea' id='block_1_77' title="bbox 2177 3505 3684 3577">
    <p class='ocr_par' dir='ltr' id='par_1_77' title="bbox 2177 3505 3684 3577">
     <span class='ocr_line' id='line_1_77' title="bbox 2177 3505 3684 3577; baseline -0.001 -15"><span class='ocrx_word' id='word_1_493' title='bbox 2177 3505 2464 3577; x_wconf 77' lang='grc' dir='ltr'><strong>ἀπατηλῇ</strong></span> <span class='ocrx_word' id='word_1_494' title='bbox 2487 3547 2503 3574; x_wconf 85' lang='grc'><strong>,</strong></span> <span class='ocrx_word' id='word_1_495' title='bbox 2553 3507 2697 3575; x_wconf 85' lang='grc' dir='ltr'><strong>τοὺς</strong></span> <span class='ocrx_word' id='word_1_496' title='bbox 2725 3507 2794 3562; x_wconf 87' lang='grc' dir='ltr'><strong>ἐν</strong></span> <span class='ocrx_word' id='word_1_497' title='bbox 2834 3507 3069 3577; x_wconf 82' lang='grc' dir='ltr'><strong>Χριστῷ</strong></span> <span class='ocrx_word' id='word_1_498' title='bbox 3097 3505 3212 3574; x_wconf 83' lang='grc' dir='ltr'><strong>τὴν</strong></span> <span class='ocrx_word' id='word_1_499' title='bbox 3245 3507 3471 3576; x_wconf 62' lang='grc' dir='ltr'><strong>σοφίαν</strong></span> <span class='ocrx_word' id='word_1_500' title='bbox 3506 3508 3684 3576; x_wconf 71' lang='grc' dir='ltr'><strong><em>ἕχον-</em></strong></span> 
     </span>
    </p>
   </div>
   <div class='ocr_carea' id='block_1_78' title="bbox 2176 3617 2301 3663">
    <p class='ocr_par' dir='ltr' id='par_1_78' title="bbox 2176 3617 2301 3663">
     <span class='ocr_line' id='line_1_78' title="bbox 2176 3617 2301 3663; baseline -0.008 -8"><span class='ocrx_word' id='word_1_501' title='bbox 2176 3617 2301 3663; x_wconf 86' lang='grc' dir='ltr'><strong>τας.</strong></span> 
     </span>
    </p>
   </div>
   <div class='ocr_carea' id='block_1_79' title="bbox 2106 3688 3689 3759">
    <p class='ocr_par' dir='ltr' id='par_1_79' title="bbox 2106 3688 3689 3759">
     <span class='ocr_line' id='line_1_79' title="bbox 2106 3688 3689 3759; baseline 0 -16"><span class='ocrx_word' id='word_1_502' title='bbox 2106 3688 2169 3752; x_wconf 73' lang='grc' dir='ltr'><strong>ζ’.</strong></span> <span class='ocrx_word' id='word_1_503' title='bbox 2232 3690 2354 3745; x_wconf 86' lang='grc' dir='ltr'><strong>Ὅτι</strong></span> <span class='ocrx_word' id='word_1_504' title='bbox 2407 3691 2446 3759; x_wconf 76' lang='grc' dir='ltr'><strong><em>ἡ</em></strong></span> <span class='ocrx_word' id='word_1_505' title='bbox 2480 3689 2632 3758; x_wconf 86' lang='grc' dir='ltr'><strong>πρὸς</strong></span> <span class='ocrx_word' id='word_1_506' title='bbox 2668 3689 2823 3745; x_wconf 59' lang='grc' dir='ltr'><strong>Θεὸν.</strong></span> <span class='ocrx_word' id='word_1_507' title='bbox 2858 3689 3158 3759; x_wconf 72' lang='grc' dir='ltr'><strong>συνάφεια</strong></span> <span class='ocrx_word' id='word_1_508' title='bbox 3205 3690 3304 3745; x_wconf 80' lang='grc' dir='ltr'><strong>καὶ</strong></span> <span class='ocrx_word' id='word_1_509' title='bbox 3351 3690 3423 3745; x_wconf 84' lang='grc' dir='ltr'><strong>τὰ</strong></span> <span class='ocrx_word' id='word_1_510' title='bbox 3452 3690 3555 3744; x_wconf 83' lang='grc' dir='ltr'><strong>τοῦ</strong></span> <span class='ocrx_word' id='word_1_511' title='bbox 3586 3692 3689 3744; x_wconf 82' lang='grc' dir='ltr'><strong>νό-</strong></span> 
     </span>
    </p>
   </div>
   <div class='ocr_carea' id='block_1_80' title="bbox 2174 3780 3685 3853">
    <p class='ocr_par' dir='ltr' id='par_1_80' title="bbox 2174 3780 3685 3853">
     <span class='ocr_line' id='line_1_80' title="bbox 2174 3780 3685 3853; baseline -0.003 -16"><span class='ocrx_word' id='word_1_512' title='bbox 2174 3799 2294 3852; x_wconf 86' lang='grc' dir='ltr'><strong>μου</strong></span> <span class='ocrx_word' id='word_1_513' title='bbox 2359 3781 2621 3852; x_wconf 81' lang='grc' dir='ltr'><strong>περιέχει</strong></span> <span class='ocrx_word' id='word_1_514' title='bbox 2689 3783 3106 3853; x_wconf 83' lang='grc' dir='ltr'><strong>πνευματικῶς</strong></span> <span class='ocrx_word' id='word_1_515' title='bbox 3195 3785 3283 3849; x_wconf 80' lang='grc' dir='ltr'><strong>είς</strong></span> <span class='ocrx_word' id='word_1_516' title='bbox 3337 3782 3405 3836; x_wconf 79' lang='grc' dir='ltr'><strong>τὸ</strong></span> <span class='ocrx_word' id='word_1_517' title='bbox 3489 3780 3685 3848; x_wconf 66' lang='grc' dir='ltr'><strong>συζῆν</strong></span> 
     </span>
    </p>
   </div>
   <div class='ocr_carea' id='block_1_81' title="bbox 2178 3872 2430 3940">
    <p class='ocr_par' dir='ltr' id='par_1_81' title="bbox 2178 3872 2430 3940">
     <span class='ocr_line' id='line_1_81' title="bbox 2178 3872 2430 3940; baseline 0.008 -15"><span class='ocrx_word' id='word_1_518' title='bbox 2178 3872 2430 3940; x_wconf 86' lang='grc' dir='ltr'><strong>Χριστῷ.</strong></span> 
     </span>
    </p>
   </div>
   <div class='ocr_carea' id='block_1_82' title="bbox 2106 3963 3684 4035">
    <p class='ocr_par' dir='ltr' id='par_1_82' title="bbox 2106 3963 3684 4035">
     <span class='ocr_line' id='line_1_82' title="bbox 2106 3963 3684 4035; baseline -0.004 -15"><span class='ocrx_word' id='word_1_519' title='bbox 2106 3963 2180 4035; x_wconf 85' lang='grc' dir='ltr'><strong>η’.</strong></span> <span class='ocrx_word' id='word_1_520' title='bbox 2218 3965 2341 4018; x_wconf 88' lang='grc' dir='ltr'><strong>Ὅτι</strong></span> <span class='ocrx_word' id='word_1_521' title='bbox 2376 3966 2432 4019; x_wconf 86' lang='grc' dir='ltr'><strong>οί</strong></span> <span class='ocrx_word' id='word_1_522' title='bbox 2462 3963 2570 4019; x_wconf 83' lang='grc' dir='ltr'><strong>τοῦ</strong></span> <span class='ocrx_word' id='word_1_523' title='bbox 2599 3964 2897 4033; x_wconf 84' lang='grc' dir='ltr'><strong>σαρκικοῢ</strong></span> <span class='ocrx_word' id='word_1_524' title='bbox 2926 3966 3117 4034; x_wconf 85' lang='grc' dir='ltr'><strong>νόμου</strong></span> <span class='ocrx_word' id='word_1_525' title='bbox 3146 3965 3339 4028; x_wconf 85' lang='grc' dir='ltr'><strong>τύποι,</strong></span> <span class='ocrx_word' id='word_1_526' title='bbox 3370 3963 3684 4031; x_wconf 77' lang='grc' dir='ltr'><strong>σαρκικοῖς</strong></span> 
     </span>
    </p>
   </div>
   <div class='ocr_carea' id='block_1_83' title="bbox 2179 4054 3682 4128">
    <p class='ocr_par' dir='ltr' id='par_1_83' title="bbox 2179 4054 3682 4128">
     <span class='ocr_line' id='line_1_83' title="bbox 2179 4054 3682 4128; baseline -0.003 -17"><span class='ocrx_word' id='word_1_527' title='bbox 2179 4056 2486 4127; x_wconf 83' lang='grc' dir='ltr'><strong>χρήσιμοι,</strong></span> <span class='ocrx_word' id='word_1_528' title='bbox 2537 4059 2610 4112; x_wconf 87' lang='grc' dir='ltr'><strong>οὺ</strong></span> <span class='ocrx_word' id='word_1_529' title='bbox 2657 4057 3084 4128; x_wconf 83' lang='grc' dir='ltr'><strong>πνευματικοῖς</strong></span> <span class='ocrx_word' id='word_1_530' title='bbox 3135 4057 3260 4123; x_wconf 82' lang='grc' dir='ltr'><strong>τοῖς</strong></span> <span class='ocrx_word' id='word_1_531' title='bbox 3317 4056 3387 4109; x_wconf 88' lang='grc' dir='ltr'><strong>ἐν</strong></span> <span class='ocrx_word' id='word_1_532' title='bbox 3433 4054 3682 4124; x_wconf 80' lang='grc' dir='ltr'><strong>δυνάμει</strong></span> 
     </span>
    </p>
   </div>
   <div class='ocr_carea' id='block_1_84' title="bbox 2176 4148 2671 4220">
    <p class='ocr_par' dir='ltr' id='par_1_84' title="bbox 2176 4148 2671 4220">
     <span class='ocr_line' id='line_1_84' title="bbox 2176 4148 2671 4220; baseline 0.002 -16"><span class='ocrx_word' id='word_1_533' title='bbox 2176 4150 2440 4220; x_wconf 69' lang='grc' dir='ltr'><strong>,Χριστοῦ</strong></span> <span class='ocrx_word' id='word_1_534' title='bbox 2474 4148 2671 4211; x_wconf 76' lang='grc' dir='ltr'><strong>ζῶσιν.</strong></span> 
     </span>
    </p>
   </div>
   <div class='ocr_carea' id='block_1_85' title="bbox 2111 4239 3684 4310">
    <p class='ocr_par' dir='ltr' id='par_1_85' title="bbox 2111 4239 3684 4310">
     <span class='ocr_line' id='line_1_85' title="bbox 2111 4239 3684 4310; baseline -0.006 -11"><span class='ocrx_word' id='word_1_535' title='bbox 2111 4244 2181 4299; x_wconf 81' lang='grc' dir='ltr'><strong>θ’.</strong></span> <span class='ocrx_word' id='word_1_536' title='bbox 2245 4243 2613 4310; x_wconf 65' lang='grc' dir='ltr'><strong>Παραίνεσις</strong></span> <span class='ocrx_word' id='word_1_537' title='bbox 2658 4241 3040 4310; x_wconf 75' lang='grc' dir='ltr'><strong>καθάρσεως,</strong></span> <span class='ocrx_word' id='word_1_538' title='bbox 3091 4239 3423 4309; x_wconf 80' lang='grc' dir='ltr'><strong>ἁγιασμοῦ,</strong></span> <span class='ocrx_word' id='word_1_539' title='bbox 3476 4242 3684 4308; x_wconf 60' lang='grc' dir='ltr'><strong>φιλαν-</strong></span> 
     </span>
    </p>
   </div>
   <div class='ocr_carea' id='block_1_86' title="bbox 2177 4333 3683 4404">
    <p class='ocr_par' dir='ltr' id='par_1_86' title="bbox 2177 4333 3683 4404">
     <span class='ocr_line' id='line_1_86' title="bbox 2177 4333 3683 4404; baseline -0.005 -14"><span class='ocrx_word' id='word_1_540' title='bbox 2177 4336 2459 4404; x_wconf 85' lang='grc' dir='ltr'><strong>θρωπίας,</strong></span> <span class='ocrx_word' id='word_1_541' title='bbox 2518 4334 2979 4404; x_wconf 75' lang='grc' dir='ltr'><strong>φιλοθεότητος,</strong></span> <span class='ocrx_word' id='word_1_542' title='bbox 3018 4333 3440 4402; x_wconf 73' lang='grc' dir='ltr'><strong>φιλομαθείας,</strong></span> <span class='ocrx_word' id='word_1_543' title='bbox 3489 4333 3683 4398; x_wconf 69' lang='grc' dir='ltr'><strong>ψαλμ-</strong></span> 
     </span>
    </p>
   </div>
   <div class='ocr_carea' id='block_1_87' title="bbox 2925 4422 3681 4493">
    <p class='ocr_par' dir='ltr' id='par_1_87' title="bbox 2925 4422 3681 4493">
     <span class='ocr_line' id='line_1_87' title="bbox 2925 4422 3681 4493; baseline -0.007 -14"><span class='ocrx_word' id='word_1_544' title='bbox 2925 4423 3075 4480; x_wconf 81' lang='grc' dir='ltr'><strong>Θεὸν</strong></span> <span class='ocrx_word' id='word_1_545' title='bbox 3130 4422 3445 4493; x_wconf 69' lang='grc' dir='ltr'><strong>διαγωγῆς,</strong></span> <span class='ocrx_word' id='word_1_546' title='bbox 3501 4423 3681 4489; x_wconf 77' lang='grc' dir='ltr'><strong>εὐχα-</strong></span> 
     </span>
    </p>
   </div>
   <div class='ocr_carea' id='block_1_88' title="bbox 2170 4518 2435 4586">
    <p class='ocr_par' dir='ltr' id='par_1_88' title="bbox 2170 4518 2435 4586">
     <span class='ocr_line' id='line_1_88' title="bbox 2170 4518 2435 4586; baseline -0.004 -15"><span class='ocrx_word' id='word_1_547' title='bbox 2170 4518 2435 4586; x_wconf 87' lang='grc' dir='ltr'><strong>ριστίας.</strong></span> 
     </span>
    </p>
   </div>
   <div class='ocr_carea' id='block_1_89' title="bbox 2109 4603 3357 4674">
    <p class='ocr_par' dir='ltr' id='par_1_89' title="bbox 2109 4603 3357 4674">
     <span class='ocr_line' id='line_1_89' title="bbox 2109 4603 3357 4674; baseline -0.001 -16"><span class='ocrx_word' id='word_1_548' title='bbox 2109 4609 2165 4659; x_wconf 81' lang='grc' dir='ltr'><strong>ι’.</strong></span> <span class='ocrx_word' id='word_1_549' title='bbox 2205 4605 2281 4659; x_wconf 84' lang='grc' dir='ltr'><em>Τὰ</em></span> <span class='ocrx_word' id='word_1_550' title='bbox 2306 4605 2457 4673; x_wconf 86' lang='grc' dir='ltr'><strong>πρὸς</strong></span> <span class='ocrx_word' id='word_1_551' title='bbox 2484 4603 2628 4672; x_wconf 87' lang='grc' dir='ltr'><strong>τοὺς</strong></span> <span class='ocrx_word' id='word_1_552' title='bbox 2652 4604 2911 4671; x_wconf 72' lang='grc' dir='ltr'><strong>οἰκείους</strong></span> <span class='ocrx_word' id='word_1_553' title='bbox 2935 4603 3357 4674; x_wconf 77' lang='grc' dir='ltr'><strong>ὁμονοητικῶς.</strong></span> 
     </span>
    </p>
   </div>
   <div class='ocr_carea' id='block_1_90' title="bbox 500 4776 2004 4855">
    <p class='ocr_par' dir='ltr' id='par_1_90' title="bbox 500 4776 2004 4855">
     <span class='ocr_line' id='line_1_90' title="bbox 500 4776 2004 4855; baseline -0.007 -9"><span class='ocrx_word' id='word_1_554' title='bbox 500 4790 517 4822; x_wconf 84' lang='grc'><strong>¹</strong></span> <span class='ocrx_word' id='word_1_555' title='bbox 555 4790 580 4845; x_wconf 88' lang='grc' dir='ltr'><strong>ι</strong></span> <span class='ocrx_word' id='word_1_556' title='bbox 626 4786 768 4845; x_wconf 90' lang='lat' dir='ltr'><strong>Tim.</strong></span> <span class='ocrx_word' id='word_1_557' title='bbox 809 4800 873 4855; x_wconf 87' lang='grc' dir='ltr'><strong>ιι,</strong></span> <span class='ocrx_word' id='word_1_558' title='bbox 899 4785 954 4844; x_wconf 85' lang='grc'><strong>5.</strong></span> <span class='ocrx_word' id='word_1_559' title='bbox 1030 4787 1053 4819; x_wconf 77' lang='grc'>¹</span> <span class='ocrx_word' id='word_1_560' title='bbox 1093 4783 1253 4840; x_wconf 73' lang='lat' dir='ltr'><strong>Rom.</strong></span> <span class='ocrx_word' id='word_1_561' title='bbox 1289 4798 1345 4849; x_wconf 75' lang='grc' dir='ltr'><strong>ν,</strong></span> <span class='ocrx_word' id='word_1_562' title='bbox 1381 4782 1468 4838; x_wconf 82' lang='lat' dir='ltr'><strong>H.</strong></span> <span class='ocrx_word' id='word_1_563' title='bbox 1548 4776 1753 4837; x_wconf 75' lang='lat' dir='ltr'><strong>&#39;Joan.</strong></span> <span class='ocrx_word' id='word_1_564' title='bbox 1782 4798 1839 4848; x_wconf 79' lang='grc' dir='ltr'><strong>ιι,</strong></span> <span class='ocrx_word' id='word_1_565' title='bbox 1874 4782 1927 4839; x_wconf 89' lang='lat'><strong>9.</strong></span> <span class='ocrx_word' id='word_1_566' title='bbox 2003 4797 2004 4805; x_wconf 50' lang='grc' dir='ltr'><strong>η</strong></span> 
     </span>
    </p>
   </div>
   <div class='ocr_carea' id='block_1_91' title="bbox 2122 4776 2485 4855">
    <p class='ocr_par' dir='ltr' id='par_1_91' title="bbox 2122 4779 2485 4847">
     <span class='ocr_line' id='line_1_91' title="bbox 2122 4779 2485 4847; baseline -0.006 -10"><span class='ocrx_word' id='word_1_567' title='bbox 2122 4781 2251 4837; x_wconf 83' lang='lat' dir='ltr'><strong>atth.</strong></span> <span class='ocrx_word' id='word_1_568' title='bbox 2285 4796 2361 4847; x_wconf 75' lang='grc' dir='ltr'><strong>ιι,</strong></span> <span class='ocrx_word' id='word_1_569' title='bbox 2387 4779 2485 4835; x_wconf 75' lang='lat'><strong>27.</strong></span> 
     </span>
    </p>
   </div>
  </div>
