4036 6600
331 444 400 513 l3

1366 439 1755 503 COMMENT.
1790 436 1869 502 ΙΝ
1899 438 2141 500 EPISTo
2181 439 2282 501 AD
2309 438 2605 501 COLOSS.

3534 435 3598 499 ιι

1116 749 1746 878 ΠΑΥΛΟΥ
1857 750 2821 876 ΑΠΟΣΤΟΛΟΥ

946 1022 1027 1106 Η
1150 1019 1442 1107 ΠΡΟΣ
1571 1008 2267 1103 ΚΟΛΟΣΣΑΕΙΣ
2392 999 2992 1105 ΕΠΙΣΤΟΑΗ.

1350 1380 1775 1499 PAULI
1855 1375 2562 1500 APOSTOLI

1047 1656 1199 1747 AD

406 2083 411 2087 ρ
924 2015 1331 2071 IIPOOIMION.

404 2130 650 2195 Παῦλος
677 2128 1026 2193 ἀπόστολος
1069 2127 1273 2196 Ἰησοῦ
1299 2128 1582 2196 Χριστοῦ,
1612 2128 1712 2183 διὰ
1737 2129 1915 2197 θελή-

1942 2022 1992 2078 Δ

1334 1657 2147 1753 COLOSSENSES
2247 1658 2879 1754 EPISTOLA.

2594 2013 3020 2074 PROCEMIUM.

2090 2133 2134 2197 l,
2160 2134 2275 2189 1-5.
2309 2131 2515 2187 Paulus
2552 2133 2824 2203 apostolus
2859 2130 2989 2187 Iesu
3044 2130 3266 2195 Christi,
3300 2146 3394 2201 per
3418 2130 3604 2185 uolun-

325 2240 521 2294 ματος
558 2223 730 2285 Θεοῦ,
778 2221 879 2275 καὶ
933 2222 1209 2289 Τιμόθεος
1250 2223 1285 2275 ὁ
1338 2220 1627 2291 ἀδελφὸς,
1677 2223 1805 2288 τοῖς
1849 2223 1920 2277 ἐν

2032 2233 2186 2280 tatem
2215 2224 2336 2291 Dei,
2368 2234 2418 2280 et
2455 2225 2753 2280 Timotheus
2774 2225 2965 2294 frater.
2997 2224 3065 2278 iis
3094 2224 3184 2294 qui
3213 2234 3333 2277 sunt
3371 2220 3607 2278 Colossis

330 2311 680 2378 Κολοσσαῖς
735 2311 927 2380 ἁγίοις
958 2311 1056 2365 καὶ
1102 2310 1340 2379 πιστοῖς
1368 2311 1653 2381 ἀδελφοῖς
1690 2312 1760 2366 ἐν
1779 2315 1918 2382 Χρι-

330 2407 480 2472 στῷ,
539 2405 712 2476 χάρις
753 2406 899 2475 ὑμῖν
930 2409 1029 2460 καὶ
1075 2404 1308 2475 εἰρήνη,
1345 2406 1464 2461 ἀπὸ
1502 2405 1652 2461 Θεοῦ
1691 2407 1920 2476 Πατρός

329 2497 505 2568 ἡμῶν
532 2498 633 2552 καὶ
667 2500 887 2566 Κυρίου
925 2498 1136 2566 Ἰησοῦ
1166 2499 1449 2567 Χριστοῦ.

406 2590 471 2643 Et
536 2589 713 2659 Ἰησοῦ
771 2589 1012 2660 Χριστοῦ
1063 2591 1184 2660 εἰμι
1218 2590 1536 2658 ἀπόστολος,
1572 2592 1671 2645 καὶ
1707 2590 1921 2663 θέλημα

330 2683 493 2738 τοῦτο
529 2681 624 2736 τοῦ
656 2683 870 2752 Πατρός
903 2683 1073 2747 ἐστιν,
1117 2680 1340 2753 εὔδηλον
1367 2682 1444 2746 ὡς
1466 2680 1640 2754 ἀληθῆ
1672 2682 1746 2736 τὰ
1788 2683 1920 2753 παρ’

331 2771 494 2844 ὲμοῦ.
534 2772 862 2844 Τοιγαροῦν,
914 2774 1077 2844 φησὶ,
1105 2773 1405 2843 γινώσκετε
1452 2775 1557 2828 ὑπὸ
1608 2773 1739 2828 Υἱοῦ
1776 2775 1922 2844 ὑμᾶς

332 2866 733 2937 προσάγεσθαι.
766 2885 785 2918 ι
809 2867 909 2921 Διά
938 2867 1247 2938 θελήματος
1296 2866 1452 2921 Θεοῦ.
1490 2886 1509 2920 ι
1568 2868 1806 2939 Σημειοῦ
1836 2870 1919 2936 τὸ,

331 2959 456 3024 Διὰ,
491 2961 585 3013 ἐπὶ
618 2958 835 3031 Πατρὺς
864 2958 1180 3031 εἰρημένον.
1245 2976 1264 3011 ι
1290 2958 1415 3023 Τοῖς
1443 2961 1500 3013 ὲν
1536 2960 1862 3026 Κολοσσαῖς.
1895 2978 1915 3014 s

334 3050 498 3114 Πόλις
523 3050 766 3121 Φρυγίας
792 3048 951 3121 αῦτη.
979 3051 1012 3121 ἡ
1042 3048 1313 3121 λεγομένη
1339 3050 1434 3103 νῦν
1463 3048 1648 3105 Χῶνα.
1676 3069 1694 3104 ι
1716 3050 1923 3120 Ἀγίοις

334 3145 431 3197 καὶ
479 3144 692 3206 πιστοῖς
725 3141 980 3211 ἀδελφοῖς
1008 3141 1068 3195 ἐν
1100 3140 1349 3213 Χριστῷ,
1383 3159 1402 3193 r
1443 3141 1504 3195 τὸ
1536 3138 1698 3205 εἶναι,
1728 3143 1918 3213 φησὶν,

334 3236 483 3305 ἆγιοι
528 3236 624 3288 καὶ
655 3234 841 3288 πιστοὶ
881 3232 1056 3304 ἔχετε,
1107 3233 1216 3304 ἄρα
1256 3232 1346 3286 διὰ
1378 3231 1616 3300 Χριστοῦ
1671 3234 1704 3304 ἠ
1754 3249 1923 3305 προσ-

348 3330 566 3399 αγωγὴ,
597 3330 696 3383 καὶ
723 3328 787 3381 οὐ
821 3327 888 3381 δι’
919 3325 1189 3396 ἀγγέλων.

936 3509 1190 3563 ΚΕΦΑΛ.
1228 3514 1308 3564 A'.

332 3604 709 3686 Εὐχαριστία
725 3677 744 3686 Α
767 3601 923 3686 ὑπὲρ

408 3675 531 3742 Θεῷ
559 3675 652 3730 ἐπ’
674 3675 897 3730 ἐλπίδι.

408 3790 908 3861 Εὐχαριστοῦμεν
936 3787 1018 3855 τῷ
1053 3789 1176 3855 Θεῷ
1212 3789 1312 3844 καὶ
1346 3788 1529 3858 Πατρὶ
1560 3789 1668 3845 τοῦ
1697 3791 1922 3859 Κυρίου

332 3883 504 3953 ἡμῶν
530 3880 737 3950 Ἰησοῦ
780 3878 1059 3948 Χριστοῦ,
1088 3878 1346 3934 πάντοτε
1376 3879 1508 3948 περὶ
1539 3878 1709 3949 ὑμῶν
1734 3893 1924 3948 προσ-

335 3978 673 4044 ευχόμενοι,
728 3973 1105 4038 ἀκούσαντες
1158 3972 1275 4041 τὴν
1329 3974 1543 4026 πίστιν
1634 3971 1804 4042 ὑμῶν
1851 3972 1924 4027 ἐν

337 4067 572 4135 Χριστῷ
605 4065 827 4134 Ἰησοῦ,
868 4064 969 4119 καὶ
1010 4064 1127 4131 τὴν
1151 4063 1396 4133 ἀγάπην
1422 4062 1538 4131 τὴν
1565 4065 1653 4129 εις
1689 4062 1921 4129 πάντας

336 4157 481 4223 τοὺς
525 4157 737 4226 ἁγίους
771 4156 873 4211 διὰ
929 4156 1048 4223 τὴν
1077 4156 1301 4211 ἐλπίδα
1349 4157 1465 4226 τὴν
1508 4155 1922 4226 ἀποκειμένην

334 4249 482 4318 ὑμῖν
540 4249 613 4303 ἐν
663 4249 790 4315 τοῖς
849 4248 1151 4317 οὐρανοῖς.
1236 4250 1342 4302 Ἦν
1395 4249 1817 4316 προηκούσατε
1852 4248 1923 4301 ἐν

336 4337 419 4405 τῷ
483 4342 647 4410 λόγῳ
700 4340 811 4409 τῆς
869 4339 1320 4413 ἀληθείαςιτυῦ
1381 4340 1757 4410 Εὐαγγελίου
1813 4340 1920 4394 τοῦ

337 4431 640 4500 παρόντος
686 4432 777 4495 είς
810 4428 985 4499 ὑμᾶς,
1033 4428 1232 4494 καθὼς
1258 4429 1356 4482 καὶ
1394 4428 1465 4482 ἐν
1493 4428 1672 4481 παντὶ
1713 4425 1791 4493 τῷ
1820 4432 1921 4481 κό-

338 4537 475 4590 σμῳ
524 4522 625 4575 καὶ
671 4523 806 4576 ἐστι
837 4520 1432 4591 καρποφορούμενον,
1479 4517 1674 4583 καθὼς
1716 4517 1818 4572 καὶ
1852 4518 1923 4570 ἐν

337 4612 503 4682 ὑμῖν,
552 4614 655 4682 ἀφ’
700 4609 777 4683 ἧς
827 4612 1054 4681 ἡμέρας
1102 4612 1407 4678 ἠκούσατε
1428 4608 1528 4664 καὶ
1565 4609 1786 4678 ἔγνωτε
1808 4609 1923 4675 τὴν

338 4705 522 4774 χάριν
557 4705 668 4759 τοῦ
697 4704 845 4759 Θεοῦ
876 4705 946 4758 ἐν
972 4705 1242 4772 ἀληθείᾳ,
1282 4703 1478 4769 καθὼς
1535 4701 1634 4756 καὶ
1675 4702 1922 4771 ἐμάθετε

338 4799 458 4852 ἀπὸ
513 4797 787 4867 Ἐπαφρᾶ
816 4798 925 4851 τοῦ
969 4796 1283 4867 ἀγαπητοῦ
1328 4795 1680 4851 συνδούλου
1733 4794 1924 4863 ἡμῶν,

1953 3376 2000 3433 Β

1954 4761 1996 4819 C

2021 2319 2222 2373 sanctis
2255 2335 2316 2372 ac
2340 2319 2584 2387 ﬁdelibus
2614 2316 2875 2387 fratribus
2901 2317 2957 2370 in
2988 2314 3220 2380 Christo,
3258 2316 3435 2383 gratia
3463 2314 3606 2369 vobis

2019 2418 2070 2464 et
2104 2426 2211 2480 pars
2246 2428 2279 2464 α
2314 2410 2425 2466 Deo
2469 2410 2635 2466 Patre
2678 2418 2861 2465 nostra
2888 2419 2938 2464 et
2968 2409 3197 2465 Domino
3221 2408 3346 2463 Iesu
3369 2407 3605 2465 Christo.

2097 2586 2154 2643 Si
2196 2587 2323 2643 Jesu
2367 2585 2576 2643 Christi
2621 2603 2741 2644 sum
2779 2589 3097 2659 apostolus,
3145 2587 3308 2659 idque
3351 2589 3609 2644 voluntas

2023 2679 2204 2735 Patris
2220 2690 2326 2747 est,
2361 2679 2713 2736 manifestum
2745 2687 2831 2736 est
2858 2695 2987 2736 vera
3020 2695 3143 2737 esse
3162 2696 3332 2752 quaaa
3362 2696 3448 2736 me
3469 2696 3608 2751 prae-

2024 2772 2306 2829 dicantur.
2341 2772 2669 2844 Cognoscite
2696 2774 2884 2844 itaque
2905 2773 3052 2845 quod
3074 2789 3170 2831 vos
3206 2789 3237 2829 a
3271 2772 3409 2829 Filio
3434 2773 3610 2828 addu-

2022 2866 2247 2921 camini.
2279 2884 2296 2915 σ
2336 2864 2443 2921 Per
2473 2865 2812 2922 voluntatem
2838 2865 2954 2922 Dei.
3000 2885 3020 2920 ι
3062 2866 3453 2923 Animadverte
3484 2866 3610 2930 Per,

2024 2959 2093 3015 de
2118 2957 2286 3015 Patre
2318 2958 2526 3015 dictum
2559 2973 2706 3016 esse.
2762 2976 2782 3011 ι
2822 2958 2921 3014 llis
2951 2959 3045 3029 qui
3095 2967 3225 3015 sunt
3265 2959 3531 3015 Colossis.
3586 2979 3606 3011 ι

2023 3050 2150 3108 Haec
2173 3051 2367 3107 civitas
2398 3060 2483 3108 est
2505 3051 2779 3124 Phrygiae,
2808 3068 2932 3122 qua:
2957 3066 3109 3108 nunc
3135 3052 3328 3108 Chona
3364 3052 3612 3122 appella-

2024 3150 2136 3198 tur.
2180 3161 2200 3195 ι
2239 3141 2457 3199 Sanctis
2484 3157 2547 3198 ac
2572 3142 2830 3199 ﬁdelibus
2862 3143 3129 3199 fratribus
3160 3143 3213 3197 in
3242 3142 3483 3197 Christo.
3507 3160 3526 3193 ι
3551 3140 3608 3195 Si

2025 3232 2082 3288 in
2112 3232 2336 3289 Christo
2374 3247 2499 3289 esse
2535 3231 2669 3290 facit
2711 3244 2936 3290 sanctos
2964 3248 3028 3288 ac
3056 3233 3266 3299 ﬁdeles,
3304 3234 3491 3303 utique
3515 3247 3613 3302 per

2027 3324 2310 3382 Christum
2344 3331 2430 3382 est
2462 3324 2720 3382 adductio
2761 3326 2830 3381 ad
2862 3324 3104 3395 Patrem,
3144 3334 3199 3383 et
3242 3340 3351 3381 non
3386 3340 3483 3396 per
3513 3339 3612 3379 an-

2024 3417 2197 3490 gelos.

2654 3512 2886 3571 CAPUT
2919 3515 2962 3569 l.

1013 3604 1419 3659 Κολοσσαέων
1503 3602 1922 3659 οἰκειωθέντων

2032 3621 2341 3680 Gratiarum
2368 3626 2506 3709 actio
2534 3624 2598 3709 de
2631 3623 3047 3709 Catossensi‘hus
3077 3626 3169 3695 qui
3190 3632 3432 3709 propter
3470 3643 3621 3707 spem

2412 3696 2521 3751 Deo
2554 3695 2850 3766 familiares
2877 3697 3047 3767 eiecti
3078 3695 3221 3751 sunt.

2100 3787 2142 3854 1,
2169 3788 2204 3843 5
2233 3787 2287 3843 8.
2322 3788 2537 3845 Gratias
2563 3791 2769 3861 agimus
2802 3790 2913 3845 Deo
2942 3798 2994 3845 et
3024 3788 3180 3844 Patri
3208 3789 3421 3844 Domini
3444 3792 3614 3845 nostri

2026 3876 2156 3934 Jesu
2186 3877 2410 3948 Christi,
2431 3897 2636 3951 semper
2655 3897 2750 3949 pro
2782 3880 2925 3936 vobis
2950 3889 3186 3948 orantes,
3227 3898 3346 3936 cum
3376 3882 3617 3937 audisse-

2028 3989 2145 4028 mus
2187 3975 2347 4044 ﬁdem
2390 3984 2617 4031 vestram
2658 3976 2714 4030 in
2761 3975 2978 4031 Christo
3018 3973 3171 4038 Iesu,
3207 3984 3259 4030 et
3299 3975 3613 4029 eharitatem

2026 4082 2154 4136 erga
2196 4083 2376 4122 omnes
2410 4076 2624 4122 sanctos
2654 4079 2869 4136 propter
2893 4082 3035 4134 spem
3075 4067 3361 4136 repositam
3389 4066 3535 4120 vobis
3559 4067 3614 4119 in

2028 4157 2174 4212 caelis
2208 4170 2227 4210 :
2262 4157 2325 4213 de
2349 4176 2454 4230 qua
2489 4160 2637 4229 prius
2666 4159 2898 4213 audistis
2925 4174 3018 4227 per
3048 4175 3339 4212 sermonem
3379 4173 3610 4212 ueratern

2027 4246 2306 4318 Evangelii
2327 4250 2467 4320 quod
2496 4265 2727 4319 prasens
2760 4258 2835 4304 est
2864 4248 3009 4315 apud
3031 4265 3138 4311 vos,
3168 4247 3612 4320 quemadmodum

2027 4339 2151 4392 etin
2180 4345 2288 4391 toto
2323 4338 2522 4393 mundo
2550 4342 2712 4394 etiam
2743 4340 3058 4410 fructiﬁcat,
3104 4343 3246 4394 sicut
3275 4348 3325 4393 et
3358 4340 3411 4393 in
3441 4339 3608 4399 vobis.

2026 4443 2093 4484 ea:
2120 4445 2180 4484 eo
2210 4428 2296 4484 die
2320 4446 2423 4500 quo
2453 4432 2683 4487 audistis
2725 4442 2778 4486 et
2806 4433 3125 4502 cognovistis
3158 4432 3394 4502 gratiam
3426 4430 3525 4485 Dei
3556 4431 3609 4485 in

2027 4521 2266 4577 veritate.
2317 4522 2777 4588 Quemadmodum
2827 4533 2879 4579 et
2924 4524 3189 4578 didicistis
3240 4522 3306 4577 ab
3359 4523 3613 4592 Epaphra

2027 4611 2217 4666 dilecto
2250 4628 2496 4668 conseruo
2524 4624 2729 4681 nostra,
2765 4615 2855 4684 qui
2883 4624 2960 4670 est
2989 4615 3129 4683 ﬁdus
3149 4630 3243 4680 pro
3273 4613 3415 4669 vobis
3455 4615 3614 4670 mini-

2029 4714 2139 4759 ster
2168 4702 2391 4770 Christi,
2427 4707 2518 4775 qui
2558 4717 2607 4761 et
2644 4708 2890 4778 exposuit
2920 4706 3072 4762 nobis
3106 4719 3333 4762 vestram
3365 4706 3612 4763 dilectio-

2030 4814 2146 4852 nem
2174 4799 2228 4851 in
2259 4799 2471 4866 spiritu.

338 4896 371 4947 ἴ
374 4912 407 4957 ς
433 4892 565 4946 ἐστι
583 4890 797 4955 πιστὸς
820 4887 973 4957 ὑπὲρ
1001 4886 1169 4957 ὑμῶν
1194 4884 1475 4951 διάκονος
1495 4885 1604 4939 τοῦ
1634 4883 1914 4953 Χριστοῦ,
1955 4888 1989 4939 ὁ
2017 4888 2112 4942 καὶ
2150 4886 2436 4956 δηλώσας
2464 4888 2612 4960 ἡμῖν
2647 4889 2763 4959 τὴν
2790 4887 2960 4958 ὑμῶν
2991 4887 3234 4960 ἀγάπην
3297 4890 3369 4944 ἐν
3438 4896 3611 4947 πνεύο

336 5002 497 5057 part.

420 5083 547 5135 Ἐπὶ
576 5080 669 5133 τὸν
700 5077 925 5149 Πατέρα
944 5078 1161 5131 ἅπαντα
1194 5074 1535 5147 ἀνατίθησιν,
1556 5076 1645 5130 ἵνα
1667 5076 1742 5147 μὴ
1764 5077 1928 5142 εὐθὺς

339 5176 549 5246 προστῇ
570 5170 807 5243 Χριστὸς
841 5168 917 5232 ὡς
940 5168 1074 5232 Θεὸς
1095 5169 1279 5229 αὐτοῖς
1300 5169 1514 5238 νηπίοις
1547 5164 1717 5223 οὖσιν.
1744 5189 1762 5222 ι
1785 5171 1928 5225 Πάν·-

337 5284 459 5321 τοτε
491 5266 624 5336 περὶ
671 5263 829 5334 ὑμῶν
861 5263 1305 5334 προσευχόμενοι.
1330 5279 1348 5312 ι
1389 5261 1488 5315 Διὰ
1516 5262 1612 5332 τῆς
1646 5263 1929 5334 συνεχείας

339 5360 440 5432 τὴν
470 5360 610 5429 πρὸς
633 5357 833 5419 αὐτοὺς
867 5356 1088 5425 ἀγάπην
1115 5354 1285 5422 δηλοῖ.
1324 5373 1343 5405 ι
1381 5354 1759 5419 Ἀκούσαντες.
1800 5374 1818 5407 ι
1868 5356 1928 5410 ’0

352 5453 642 5522 Ἐπαφρᾶς
683 5445 755 5523 ἦν
778 5447 1145 5518 ἀπηγγελκὼς
1177 5447 1256 5516 τῷ
1291 5447 1507 5519 Παύλῳ.
1547 5466 1564 5500 ι
1602 5447 1714 5520 Τὴν
1745 5449 1927 5503 πίστιν

338 5547 496 5615 ὑμῶν
527 5546 587 5596 ὲν
608 5540 851 5616 Χριστῷ.
886 5561 904 5593 ι
925 5540 1085 5610 Ἐγὼ,
1116 5541 1303 5610 φησὶν,
1323 5531 1563 5609 ἆκήκοα,
1582 5541 1664 5594 ὅτι
1688 5543 1768 5605 εἰς
1788 5542 1923 5612 Χρι-

340 5638 465 5691 στὸν
502 5636 658 5706 ἔχετε
701 5633 803 5706 τὴν
861 5633 1136 5689 πίστιν.οῑ
1178 5632 1238 5686 δὲ
1296 5631 1469 5697 οὕτως
1520 5632 1757 5704 ἔχοντες,
1805 5634 1922 5697 πῶς

338 5728 409 5786 δι’
426 5729 676 5798 ἀγγέλων
699 5726 797 5798 τὴν
821 5724 1191 5798 προσαγωγὴν
1211 5720 1351 5779 εἶναι
1366 5725 1700 5797 ὑπειλήφατε
1720 5744 1734 5793 ;
1769 5744 1788 5778 ι
1812 5727 1923 5779 Καὶ

338 5818 436 5891 τὴν
468 5820 692 5889 ἀγάπην
715 5818 817 5887 τὴν
840 5819 922 5881 εις
953 5818 1182 5882 πάντας.
1205 5836 1228 5870 ι
1259 5819 1324 5871 Ei
1357 5820 1436 5880 εἰς
1460 5817 1669 5881 πάντας
1687 5858 1702 5883 ,
1726 5818 1922 5872 οὐκοῦν

341 5914 435 5967 καὶ
460 5915 540 5978 εἰς
569 5912 737 5984 ἡμᾶς.
781 5910 908 5965 «Διὰ
927 5911 1028 5982 τὴν
1053 5911 1297 5964 ἐλπίδα.»
1329 5913 1403 5965 Οὐ
1429 5911 1509 5964 δεῖ
1532 5910 1642 5981 γὰρ
1665 5910 1920 5981 ἐνταῦθα,

2099 5080 2181 5134 Ad
2240 5078 2454 5133 Patrem
2495 5078 2678 5133 omnia
2712 5077 2880 5135 refert
2903 5094 3022 5145 :ne,
3056 5095 3179 5133 cum
3213 5081 3367 5150 pueri
3398 5082 3511 5138 sint
3559 5094 3613 5140 et

2031 5171 2377 5238 insipientes,
2414 5171 2601 5226 statim
2632 5171 2767 5240 ipsis
2797 5171 3055 5226 Christus
3081 5181 3138 5226 ut
3170 5170 3314 5229 Deus
3342 5189 3614 5245 propona-

2002 5265 2141 5316 tur.
2180 5279 2198 5313 ι
2241 5260 2473 5332 Semper
2503 5277 2603 5333 pro
2637 5263 2791 5318 vobis
2818 5272 3062 5318 orantes.
3108 5283 3126 5316 ι
3171 5265 3511 5322 Assiduitate
3541 5271 3613 5321 si-

2026 5350 2252 5423 gniﬁcat
2284 5366 2526 5407 amorem
2558 5368 2689 5423 erga
2729 5353 2899 5423 ipsos.
2956 5372 2975 5405 ι
3009 5354 3147 5408 Cum
3178 5354 3547 5411 audissemus.
3588 5378 3606 5409 ι

2029 5445 2315 5514 Epaphras
2336 5444 2506 5499 Paulo
2535 5448 2968 5500 renuntiaverat.
3010 5465 3028 5498 ι
3059 5445 3250 5501 Fidem
3276 5459 3515 5502 vestram
3555 5451 3606 5502 in

2028 5536 2273 5591 Christo.
2312 5553 2333 5588 ι
2390 5536 2528 5606 Ego,
2575 5536 2772 5607 inquit,
2828 5537 3179 5605 audiviquod
3226 5540 3281 5592 in
3332 5540 3609 5593 Christqu

2032 5628 2195 5684 ﬁdem
2222 5626 2489 5683 habeatis.
2512 5627 2803 5695 Quomodo
2829 5637 3032 5695 autem,
3053 5644 3176 5684 cum
3209 5631 3367 5685 aliter
3398 5647 3495 5686 vos
3517 5634 3615 5686 ha-

2030 5725 2209 5781 beatis
2249 5724 2640 5781 adductionem
2681 5722 2749 5778 ad
2783 5722 2952 5778 Deum
2995 5736 3091 5792 per
3128 5723 3354 5791 angelos
3399 5732 3453 5778 et
3492 5723 3611 5779 ﬁeri

2029 5818 2313 5874 creditis?
2364 5837 2384 5872 ι
2420 5819 2484 5872 Et
2525 5818 2848 5872 charitatem
2883 5832 3008 5885 ergo
3056 5830 3271 5871 omnes.
3306 5835 3326 5869 υ
3383 5817 3438 5873 Si
3483 5833 3611 5888 erga

2031 5926 2247 5978 omnes,
2268 5911 2613 5983 igiturctiam
2634 5912 2762 5980 crg’a
2785 5923 2906 5965 nos.
2943 5925 2962 5960 ι
2995 5907 3230 5980 Propter
3246 5924 3420 5984 spem.
3447 5927 3469 5962 ι
3490 5907 3608 5965 Non
