4036 6596
428 400 494 463 ἱλξ,
1486 404 1712 464 GICUM
1726 404 1885 463 EN“
1924 403 2221 467 TiilCC/E
2261 409 2604 473 Et’lSCOPl
3612 418 3677 482 ιϐ

419 522 565 571 enim
608 523 823 588 oportet
870 532 991 587 quae
1037 516 1123 571 hic
1159 527 1282 572 sunt
1313 530 1652 589 exspectare,
1679 520 1770 573 sed
1805 536 1924 589 quin
1950 521 2003 574 in

2122 526 2260 583 ἀλλὰ
2281 528 2347 580 τὰ
2380 529 2498 582 ἐκεῖ
2529 528 2865 600 ἐκδέχεσθαι,
2891 531 2982 584 καὶ
3023 531 3098 601 μὴ
3121 532 3380 589 ἀποκνεῖν
3404 537 3538 607 πρὸς
3571 541 3693 600 τοὺς

424 611 609 663 t'uturo
644 626 657 662 :
693 623 794 663 nec
827 610 1010 679 pigros
1054 625 1176 665 esse
1217 609 1282 664 ad
1326 624 1621 681 praesentis
1659 614 2000 668 amictiones.

426 722 443 753 ι
479 701 552 756 De
584 716 691 771 qua
731 703 883 772 prius
933 702 1185 758 audistis.
1228 721 1247 755 ι
1295 703 1615 760 Sermonem
1646 708 1775 761 dicit
1807 708 2004 778 pra‘di-

422 795 657 850 cationis
700 795 966 851 veritatis.
1003 796 1183 862 Prius,
1233 798 1429 868 inquit,
1475 798 1708 855 audistis
1738 808 1864 856 ante
1898 817 2002 867 tne,

421 896 548 940 ante
577 895 900 956 praesentem
938 888 1261 957 Epistolatn.
1291 889 1557 945 Nondicit
1588 902 1767 947 autem
1801 893 2005 950 Pratdi-

423 981 680 1045 cationis,
717 982 811 1036 sed
853 981 1165 1052 Evangelii,
1203 982 1520 1052 signiﬁcans
1557 983 1763 1042 Christi
1805 988 2009 1044 beneﬁ-

423 1069 531 1125 cia.
593 1069 728 1136 Ouis
777 1072 922 1125 enim
972 1072 1350 1141 evangelizare
1395 1074 1664 1144 potuisset
1707 1077 1811 1132 nisi
1865 1078 2008 1134 bona

424 1163 708 1217 fuissent?
766 1181 784 1215 ι
824 1162 979 1229 Quod
1017 1179 1260 1233 praisens
1301 1173 1386 1220 est
1434 1167 1577 1237 apud
1631 1183 1747 1224 vos.
1781 1188 1799 1221 ι
1852 1170 2009 1237 Quod

425 1253 720 1309 cﬂicaciam
753 1254 937 1319 habet,
976 1262 1030 1308 ct
1060 1255 1325 1321 creditur,
1352 1258 1548 1327 inquit.
1590 1278 1609 1310 ι
1641 1260 2011 1325 Quemadmo-

425 1349 554 1402 dum
577 1356 630 1402 et
658 1347 712 1401 in
745 1357 857 1401 toto
888 1347 1112 1401 mundo.
1164 1366 1183 1398 ι
1229 1346 1605 1420 Promptiores
1639 1352 1788 1420 ipsus
1837 1355 2009 1410 reddit

425 1444 572 1495 circa
607 1441 787 1504 (idem,
824 1456 892 1495 ex
924 1455 990 1495 eo
1034 1442 1178 1511 quod
1230 1442 1506 1497 habebant
1538 1460 1731 1502 omnes
1771 1449 2009 1518 regulas.

430 1554 448 1584 ι
489 1534 666 1588 Etiam
720 1532 1042 1588 fructiﬁcat.
1095 1552 1112 1582 ι
1160 1534 1321 1604 118
1371 1532 1689 1590 Fructiftcat
1728 1547 1907 1593 autem
1960 1550 2015 1595 et

425 1637 656 1696 augetur
694 1626 958 1696 quotidie,
1007 1628 1286 1682 nonnullis
1332 1636 1483 1684 certe
1528 1629 1596 1684 ad
1637 1628 1795 1685 [idem
1854 1646 2014 1687 acce-

426 1705 721 1774 dentibus.
787 1717 920 1773 Nam
969 1719 1075 1774 hoc
1124 1702 1337 1777 fructus
1394 1730 1450 1776 et
1522 1732 1876 1793 augmentum
1929 1734 2014 1780 est

428 1794 730 1880 Evangelii,
755 1818 812 1864 ut
837 1812 1022 1880 plures
1056 1810 1253 1867 clliciat
1286 1812 1610 1882 discipulos.
1662 1833 1679 1866 ι
1718 1816 1794 1870 Ex
1825 1831 1891 1872 eo
1922 1818 2012 1873 die

426 1919 537 1973 quo
581 1904 838 1959 audistis.
879 1923 898 1957 ι
945 1903 1024 1967 Id,
1074 1905 1273 1975 inquit,
1332 1907 1566 1975 habetis,
1624 1919 1769 1965 utet
1804 1912 1897 1967 alii
1941 1928 2009 1969 ex

427 1998 584 2052 vobis
610 1997 1084 2067 cognoscant.Est
1110 2006 1292 2053 autem
1324 1999 1445 2055 laus
1475 2002 1667 2055 borum
1693 2002 1838 2071 quod
1860 2020 1925 2059 ex
1944 2020 2011 2061 eo

428 2088 516 2143 die
546 2102 655 2157 quo
684 2086 981 2141 audierunt
1022 2102 1131 2142 non
1172 2098 1396 2144 cessant
1427 2088 1494 2144 ad
1531 2088 1690 2146 ﬁdem
1725 2094 2007 2150 accedere.

432 2198 451 2229 ι
490 2175 738 2231 Gratiam
772 2176 865 2231 Dci
899 2176 957 2231 in
1007 2177 1257 2233 veritate.
1297 2196 1316 2229 ι
1357 2177 1474 2232 t\'on
1503 2194 1690 2235 errore
1727 2189 1823 2235 aut
1855 2183 2011 2239 vanis

429 2270 806 2336 sermonibus,
844 2268 938 2324 sed
979 2270 1035 2323 in
1086 2271 1337 2324 veritate.
1381 2287 1400 2321 ι
1441 2270 1523 2325 Ab
1555 2268 1830 2342 Epaphra.
1871 2291 1890 2325 ι
1929 2273 2011 2330 lbi

427 2363 651 2419 iudubie
724 2362 1119 2434 praedicavcrat
1177 2362 1483 2433 Epaphras.
1543 2361 1754 2419 Dite-elo
1828 2375 2013 2425 autem

424 2456 563 2509 dixit
596 2463 649 2509 et
684 2444 975 2521 conservo,
998 2465 1055 2509 ut
1074 2455 1251 2508 virum
1283 2456 1385 2508 lide
1416 2456 1638 2526 dignum
1671 2457 2008 2515 ostenderet.

432 2571 449 2603 ι
479 2550 587 2605 Pro
611 2550 766 2607 vobis
795 2549 1065 2606 minister.
1094 2569 1114 2602 ι
1148 2548 1282 2604 Cum
1316 2549 1381 2604 ad
1418 2550 1593 2619 ipsum
1631 2550 1859 2609 Paulum
1890 2570 2014 2625 prr-

427 2645 693 2709 venisset,
723 2644 978 2701 minister
1001 2660 1100 2717 pro
1125 2645 1261 2715 ipsis
1283 2644 1464 2701 factus
1489 2655 1592 2701 est.
1628 2645 1835 2702 Christi
1882 2661 2013 2701 vero

426 2737 537 2803 ait,
574 2735 833 2804 quoniam
870 2735 927 2790 in
966 2735 1053 2792 bis
1088 2751 1210 2805 qua:
1239 2736 1525 2791 Christum
1567 2745 2014 2793 conceruuntre-

428 2826 534 2882 bus
561 2827 991 2881 ministraverat.
1031 2845 1050 2879 ι
1092 2825 1343 2883 Vestram
1373 2827 1745 2883 dilectionem.
1781 2846 1800 2880 ι
1837 2826 2012 2894 Quam

428 2920 663 2985 habetis,
701 2919 901 2990 inquit,
937 2934 1067 2990 erga
1111 2934 1216 2976 me.
1271 2918 1631 2975 Dilectionem
1668 2929 1878 2986 autem,
1903 2935 2013 2976 non

425 3010 722 3080 carnalem,
757 3010 853 3069 sed
882 3010 1259 3082 spiritualetn;
1294 3025 1418 3066 nam
1455 3010 1516 3067 In
1561 3011 1776 3083 spiritu,
1812 3012 2006 3083 inquit.

1060 3126 1287 3184 CAPUT
1306 3125 1369 3185 ll.

2120 616 2222 674 ὦδε
2252 620 2617 691 πειρασμούς.
2673 643 2690 675 ι
2717 622 2817 677 Ἢν
2861 626 3264 698 προηκούσατε.
3291 646 3311 680 s
3353 627 3527 696 Λόγον
3563 628 3693 699 ἀλη·

2108 713 2258 778 Θείας
2300 714 2394 768 τοῦ
2434 714 2790 785 κηρύγματός
2823 735 2981 788 φησι.
3026 720 3419 791 ’Προηκούσατε
3446 720 3538 782 δὶ,
3583 721 3691 791 πρὸ

2108 805 2268 876 ἐμοῦ,
2331 806 2487 875 φησὶ,
2523 805 2629 876 πρὸ
2656 810 2754 878 τῆς
2798 808 2894 862 νῦν
2936 809 3273 882 Ἐπιστολῆς.
3334 812 3408 864 Οὐ
3435 810 3585 879 λέγει
3612 812 3690 879 δὲ,

2111 899 2507 970 Κηρύγματος,
2542 900 2679 954 ἀλλά
2704 902 3064 971 Εὐαγγελέου,
3101 904 3277 975 δηλῶν
3317 905 3417 969 τάς
3454 905 3693 977 Χριστοῦ

2110 990 2449 1062 εὐεργεσίας.
2503 992 2599 1057 Τίς
2637 992 2747 1063 γὰρ
2792 992 2856 1046 ἀν
2902 995 3343 1065 εὐαγγελίσηται,
3400 997 3450 1048 εί
3494 996 3568 1066 μὴ
3617 996 3687 1050 τά

2111 1083 2322 1154 χρηστά
2347 1102 2361 1151 ;
2398 1103 2415 1136 ι
2437 1084 2543 1138 Τοῦ
2576 1087 2838 1155 παρόντος
2861 1087 2942 1150 είς
2972 1088 3135 1157 ὑμᾶς.
3160 1106 3179 1141 t
3211 1088 3317 1141 Τοῦ
3346 1087 3695 1159 ἐνεργοῦντος

2112 1177 2209 1230 καὶ
2234 1178 2650 1246 πιστευομένου,
2707 1179 2862 1247 φησί.
2910 1197 2928 1231 ι
2956 1179 3151 1244 Καθὼς
3189 1181 3282 1233 καὶ
3314 1182 3372 1234 ὲν
3415 1182 3577 1235 παντὶ
3613 1179 3695 1251 τῷ

2114 1269 2328 1341 κόσμῳ.
2360 1289 2378 1321 ι
2440 1270 2893 1341 ῙΙροθυμοτέρους
2951 1271 3151 1335 αὐτοὺς
3180 1274 3310 1342 περὶ
3360 1273 3459 1343 τὴν
3513 1273 3695 1325 πίστιν

2116 1362 2260 1413 ποιεῖ
2303 1362 2368 1413 ὲκ
2417 1358 2512 1413 τοῦ
2576 1360 2721 1430 ἔχειν
2782 1361 2992 1423 πάντας
3049 1362 3306 1424 κανόνας.
3356 1380 3375 1413 ι
3438 1360 3548 1413 Καὶ
3579 1358 3693 1412 ἐστι

2115 1456 2661 1527 καρποφορούμενον.
2694 1476 2710 1509 ι
2772 1458 3217 1529 Καρποφορεῖται
3242 1458 3297 1511 δὲ
3345 1458 3440 1510 καὶ
3470 1455 3693 1521 αὒξεται

2114 1548 2429 1618 ὁσημέραι,
2488 1550 2822 1619 προσιόντων
2874 1549 3036 1602 τινῶν
3085 1553 3151 1620 τῇ
3217 1549 3399 1602 πίστει
3452 1550 3693 1610 πάντως.

2116 1639 2293 1693 Τοῦτο
2324 1638 2433 1711 γὰρ
2468 1640 2681 1710 καρπὸς
2706 1642 2800 1693 καὶ
2828 1640 3054 1712 αὔξησις
3087 1641 3443 1710 Εὐαγγελίου,
3466 1640 3529 1694 τὸ
3561 1639 3694 1692 πολι

2116 1728 2244 1792 λοὺς
2276 1730 2450 1782 ποιεῖν
2486 1730 2755 1801 μαθητάς.
2795 1748 2814 1782 ι
2838 1730 2953 1799 Ἀφ’
2980 1726 3047 1801 ἦς
3095 1733 3306 1802 ἡμέρας
3350 1730 3642 1798 ἠκούσατε.
3670 1747 3692 1783 s

2119 1821 2336 1893 Ἔχετε,
2396 1822 2552 1890 φησὶ,
2606 1825 2700 1875 καὶ
2760 1824 2888 1887 τοὺς
2944 1822 3136 1886 ἄλλους
3192 1820 3252 1888 ἐξ
3296 1822 3449 1892 ὐμῶν
3474 1822 3696 1876 εἰδέναι.

2118 1916 2379 1978 Ἐπαινος
2407 1915 2464 1970 δὲ
2500 1915 2681 1969 αὐτῶν
2719 1917 2802 1970 ὅτι
2834 1918 2927 1986 ἀφ’
2969 1912 3035 1989 ἧς
3069 1918 3308 1987 ἤκουσαν
3336 1918 3397 1972 οὐ
3434 1917 3695 1971 παύονται

2112 2010 2177 2079 τῇ
2228 2008 2409 2061 πίστει
2478 2008 2817 2079 προσιόντες.
2878 2028 2899 2063 ι
2930 2009 3044 2081 Τὴν
3100 2012 3259 2082 χάριν
3308 2011 3403 2064 τοῦ
3446 2010 3584 2064 Θεοῦ
3639 2013 3697 2065 ὲν

2112 2100 2360 2172 ἀληθείᾳ.
2388 2120 2407 2154 ι
2462 2102 2577 2155 Οὐκ
2615 2102 2675 2156 ὲν
2703 2103 2891 2176 ἀπάτῃ
2928 2104 3023 2157 καὶ
3064 2104 3245 2172 λόγοις
3282 2103 3529 2169 είκαίοις,
3579 2103 3695 2158 ἀλλ’

2111 2193 2171 2245 ὲν
2203 2192 2453 2265 ἀληθείᾳ,
2511 2194 2676 2247 (Ἀπὸ
2721 2196 2995 2266 Ἐπαφρᾶ.
3028 2214 3047 2249 ι
3112 2196 3260 2248 Ἐκεῖ
3303 2195 3523 2259 πάντως
3564 2196 3697 2266 ἐκή-

2114 2285 2273 2359 ρυξεν
2297 2287 2327 2340 ό
2377 2287 2683 2359 Ἐπαφρᾶς.
2717 2288 2825 2341 Τοῦ
2858 2288 3143 2358 ἀγαπητοῦ
3178 2288 3258 2355 δὲ,
3290 2289 3385 2341 καὶ
3408 2287 3694 2341 συνδούλου

2111 2375 2305 2444 εἶπεν,
2367 2379 2455 2433 ἵνα
2506 2380 2819 2444 ἀξιόπιστον
2873 2380 2964 2434 τὸν
3007 2380 3178 2451 ἄνδρα
3237 2379 3409 2451 δείξῃ.
3468 2399 3488 2432 ι
3524 2379 3698 2450 Ὑπὲρ

2113 2469 2269 2540 ὐμῶν
2293 2470 2559 2534 διάκονος.
2587 2489 2607 2523 s
2663 2472 2808 2541 Πρὸς
2841 2469 3007 2523 αὐτὸν
3035 2469 3128 2523 τὸν
3170 2469 3384 2524 Παῦλον
3422 2468 3694 2538 ἀπελθὼν,

2111 2561 2355 2625 διάκονος
2397 2562 2539 2634 ὑπὲρ
2571 2561 2750 2615 αὐτῶν
2771 2560 2984 2630 γέγονε.
3014 2562 3120 2614 Τοῦ
3152 2560 3387 2633 Χριστοῦ
3418 2561 3474 2614 δέ
3508 2578 3693 2631 φησιν,

2113 2656 2307 2723 ἐπειδὴ
2339 2655 2481 2726 ὑπὲρ
2530 2656 2637 2709 τῶν
2671 2655 2752 2718 είς
2785 2654 3022 2726 Χριστὸν
3071 2655 3387 2726 ἀνηκόντων
3424 2654 3692 2725 πραγμά-

2113 2746 2221 2800 τῶν
2254 2747 2571 2818 διηκόνησε.
2638 2764 2657 2798 ι
2685 2747 2797 2819 Τὴν
2844 2746 3000 2817 ὑμῶν
3036 2747 3278 2817 ἀγάπην.
3309 2766 3329 2801 ι
3370 2749 3472 2801 Ἦν
3518 2746 3693 2819 ἔχετε.

2115 2836 2304 2908 φησιν,
2326 2837 2408 2901 εἰς
2435 2836 2559 2908 ἐμέ.
2603 2837 2849 2908 ’Δγάπην
2868 2837 2926 2891 δὲ
2960 2836 3021 2890 οὐ
3045 2837 3333 2908 σαρκικὴν,
3364 2836 3501 2892 ἀλλὰ
3530 2851 3697 2891 πνευ-

2118 2931 2358 3003 ματικήν
2380 2947 2394 2961 ·
2430 2931 2518 2986 Ἐν
2545 2929 2816 3002 πνεύματι
2838 2930 2948 2992 γάο
2974 2946 3132 3001 φησι.

2737 3135 2966 3191 ΚΕΦΔΛ
2995 3135 3078 3191 B'.

426 3242 674 3328 Precatio
697 3260 793 3311 pro
819 3246 969 3329 ipsis,
1002 3255 1058 3329 ut
1083 3248 1413 3329 recipiantur
1443 3248 1513 3329 ad
1543 3249 1861 3329 sapientiam
1893 3266 2010 3320 ope-

2120 3247 2290 3329 Eblh
2333 3248 2503 3329 i'mép_
2526 3247 2753 3329 αὐτῶν.
2778 3248 3133 3329 είς-,σοφίαν
3172 3245 3546 3329 πρακτικὴν)
3606 3248 3696 3329 είς

498 3318 759 3390 ταιίυαηι,
801 3317 885 3390 ad_
913 3318 1157 3390 virtutem
1204 3319 1503 3375 tolerantia:
1543 3317 1662 3374 cum
1718 3317 2020 3390 gratiarum

501 3388 707 3441 actione
731 3388 1149 3456 familiaritatis,
1182 3406 1299 3460 quae
1317 3402 1395 3444 est
1424 3406 1490 3445 ea:
1520 3388 1913 3460 puriﬁcatione.

498 3476 541 3545 l,
570 3478 725 3535 9-H.
769 3478 1057 3548 Propterea
1092 3489 1143 3535 et
1186 3497 1305 3545 nos,
1336 3496 1402 3536 ea:
1444 3498 1544 3553 quo
1571 3481 1657 3536 die
1695 3482 2016 3549 audivimus,

429 3587 533 3624 non
564 3570 852 3626 desinimus
885 3587 981 3642 pro
1005 3571 1147 3626 tabis
1180 3588 1336 3627 orare
1360 3581 1410 3627 et
1435 3589 1648 3644 poscere
1674 3614 1690 3641 ,
1717 3583 1776 3627 ut
1800 3573 2019 3643 implea-

426 3662 559 3715 mini
596 3663 865 3733 agnitione
911 3662 1198 3717 voluntatis
1231 3662 1345 3732 ejus
1391 3664 1446 3717 in
1478 3665 1620 3718 omni
1667 3665 1928 3733 sapientia
1962 3673 2013 3719 et

424 3755 708 3822 prudentia
750 3754 1044 3823 spirituati,
1086 3764 1144 3808 ut
1175 3755 1457 3809 ambuletis
1488 3754 1644 3826 digne
1671 3754 1915 3820 Domino,
1952 3766 2008 3810 ut

424 3862 515 3915 per
544 3848 722 3901 omnia
750 3848 880 3916 ipsis
908 3846 1184 3917 placeatis,
1214 3848 1268 3901 in
1298 3849 1442 3903 omni
1473 3864 1624 3917 opere
1657 3849 1791 3903 bono
1820 3850 2008 3919 fructi-

2187 3316 2457 3390 δύναμιν
2478 3319 2811 3389 ὑπομονῆς,
2825 3320 2949 3373 σὺν
2969 3316 3320 3389 εὐχαριστίᾳ
3344 3317 3454 3388 τῆς
3475 3316 3698 3381 οίκειῴ-

2186 3388 2351 3457 σεωςί
2370 3388 2480 3458 τῆς
2507 3390 2578 3444 ἐν
2604 3391 2912 3458 καθάρσει.

2184 3481 2290 3537 Διά
2340 3482 2518 3537 τοῦτο
2566 3482 2666 3537 καὶ
2706 3482 2898 3553 ἡμεῖς,
2939 3482 3040 3553 ἀφ’
3071 3478 3149 3554 ἧς
3180 3485 3404 3554 ἡμέρας
3429 3481 3699 3550 ἡκούσαι-

2112 3592 2250 3646 μεν,
2284 3576 2358 3631 οὐ
2381 3576 2691 3645 παυόμεθα
2716 3575 2868 3645 ὑπὲρ
2895 3575 3065 3645 ὑμῶν
3085 3577 3566 3644 προσευχόμενοι
3597 3573 3695 3628 καί

2116 3668 2480 3739 αιτούμενοι,
2524 3668 2626 3722 ἵνα
2660 3666 3016 3737 πληρωθῆτε
3053 3668 3171 3738 τὴν
3210 3669 3540 3737 ἐπίγνωσιν
3590 3668 3698 3723 τοῦ

2120 3759 2458 3830 θελήματος
2495 3758 2709 3823 αὐτοῦ,
2757 3759 2829 3813 ἐν
2862 3758 3032 3828 πάσῃ
3072 3761 3259 3829 σοφίᾳ
3297 3760 3398 3814 καί
3448 3759 3700 3815 συνέσει

2121 3850 2521 3922 πνευματικῇ,
2578 3849 2981 3921 περιπατῆσαι
3031 3849 3187 3921 ὑμᾶς
3230 3852 3414 3919 ἀξίως
3449 3851 3558 3906 τοῦ
3588 3856 3702 3906 Κυ-

425 3940 645 4009 ﬁcanles
678 3949 731 3995 et
772 3950 1062 3997 crescentes
1092 3942 1144 3996 in
1177 3942 1445 4013 agnitione
1484 3942 1603 4008 Dei,
1651 3945 1795 3998 omni
1823 3942 2010 3998 robore

2116 3944 2278 4013 ρίου,
2307 3945 2395 4009 εὶς
2415 3942 2623 3998 πᾶσαν
2651 3941 2977 4011 ἀρέσκειαν
3002 3945 3072 3997 ἐν
3109 3945 3288 3998 παντί
3316 3944 3469 4014 ἔργῳ
3499 3941 3700 4016 ἀγαθῷ

425 4034 777 4101 corroborati,
801 4035 964 4105 juxta
992 4037 1283 4105 potentiam
1313 4036 1499 4107 gloriae
1526 4036 1696 4105 illius,
1715 4037 1786 4090 ad
1806 4051 2012 4092 omnem

425 4127 761 4182 tolerantiam
786 4145 851 4182 ac
874 4130 1186 4196 patientiam
1215 4146 1333 4184 cum
1361 4129 1578 4200 gaudio.

2119 4035 2672 4106 καρποφοροῦντες,
2714 4035 2813 4089 καὶ
2849 4036 3250 4106 αὐξανόμενοι
3281 4040 3369 4104 είς
3405 4036 3523 4106 τὴν
3571 4037 3702 4092 επι-

2120 4145 2351 4200 γνωσιν
2400 4129 2504 4184 τοῦ
2565 4128 2739 4194 Θεοῦ,
2784 4128 2856 4182 ὲν
2904 4126 3074 4197 πάσῃ
3105 4129 3356 4198 δυνάμει
3394 4128 3700 4199 δυναμού-

418 4237 612 4291 μενοι,
687 4220 840 4277 κατὰ
891 4220 957 4275 τὸ
1004 4220 1223 4291 κράτος
1267 4220 1379 4291 τῆς
1431 4221 1621 4289 δόξης
1666 4220 1855 4278 αὐτοῦ
1880 4260 1898 4287 ,
1956 4223 2047 4290 είς
2123 4220 2335 4278 πᾶσαν
2383 4220 2703 4292 ὑπομονὴν
2760 4220 2861 4277 καί
2904 4221 3322 4291 μακροθυμίαν
3379 4224 3533 4292 μετὰ
3595 4238 3703 4293 χα-

414 4332 534 4384 ρας
540 4352 555 4369 ο

494 4407 828 4476 Postquam,
861 4404 1059 4477 inquit,
1103 4405 1416 4461 audivimus
1460 4405 1622 4462 tidem
1670 4414 1912 4463 vestram
1958 4415 2016 4463 et

423 4498 797 4561 dilectionem,
845 4514 954 4552 non
988 4499 1298 4554 desinimus
1324 4512 1504 4554 orare.
1538 4498 1594 4553 ld
1626 4508 1808 4554 autem
1842 4514 2012 4571 argu-

2207 4404 2448 4477 Ἐπειδὴ,
2475 4405 2662 4476 φησιν,
2699 4406 3018 4477 ἠκούσαμεν
3043 4407 3143 4479 τὴν
3182 4407 3367 4462 πίστιν
3401 4407 3578 4478 ὐμῶν,
3600 4405 3699 4463 καὶ

2120 4497 2219 4568 τὴν
2252 4498 2494 4568 ἀγάπην,
2536 4498 2599 4550 οὐ
2634 4498 2922 4567 παυόμεθα
2961 4498 3227 4569 δεόμενοι.
3273 4499 3444 4552 Τοῦτο
3495 4500 3552 4553 δὲ
3599 4501 3699 4570 τῆς

424 4602 668 4648 mentum
725 4600 811 4647 est
854 4592 1165 4647 dilectionis
1219 4592 1373 4647 Pauli
1429 4600 1486 4648 et
1532 4593 1751 4647 illorum
1794 4596 2009 4648 occulta

2120 4591 2337 4646 Παύλου
2364 4592 2585 4661 ἀγάπης
2614 4591 2855 4661 ἐλεγχος,
2887 4592 3157 4646 κάκείνων
3190 4593 3377 4662 ἡρέμα
3408 4592 3698 4660 κατάγνω-

424 4687 883 4742 condetunatioue
905 4685 1049 4753 quod
1074 4685 1329 4755 precibus
1357 4700 1573 4757 quoque
1590 4685 1763 4755 adjuti
1796 4686 2011 4756 seipsos

2121 4700 2227 4749 σις,
2278 4684 2360 4738 ὅτι
2409 4684 2504 4737 καὶ
2548 4684 2734 4755 εὐχαῖς
2786 4683 3161 4755 βοηθούμενοι,
3196 4680 3303 4738 οὐκ
3329 4684 3701 4756 ἀνεκτήσαντο

423 4794 532 4834 non
566 4778 964 4847 recuperarint.
998 4795 1017 4829 ι
1053 4776 1121 4830 Ut
1149 4776 1511 4845 impleamini.
1548 4796 1568 4830 ι
1619 4775 1772 4831 Clam
1807 4777 2010 4831 indicat

2119 4776 2371 4840 ἑαυτούς.
2430 4775 2585 4829 «Ἵνα
2639 4777 3032 4848 πληρωθῆτε.»
3111 4778 3327 4848 Ἠρέμα
3376 4778 3696 4842 αἰνίττεται,

428 4871 590 4942 119
615 4871 757 4940 quod
786 4869 1025 4923 nondum
1063 4868 1131 4922 ad
1173 4867 1473 4938 perfectum
1515 4868 1887 4938 pervenerint,
1921 4868 2010 4923 sed

2117 4867 2200 4920 ὃτι
2236 4866 2451 4920 οὐδέπω
2484 4866 2619 4938 πρὸς
2650 4867 2711 4920 τὸ
2759 4867 2962 4921 τέλειον
3005 4867 3281 4936 ἔφθασαν,
3322 4868 3438 4921 ἀλλ’
3484 4868 3573 4922 ἴνα
3620 4868 3698 4940 μὴ

424 4982 493 5020 ne
525 4981 621 5020 eos
644 4963 956 5024 contristet,
989 4963 1063 5015 ait
1094 4978 1107 5015 :
1158 4958 1529 5030 lmpleamini,
1565 4976 1690 5015 cum
1719 4960 2010 5015 dicendum

2117 4960 2363 5031 λυπήσῃ,
2421 4955 2544 5012 εἷπε
2595 4959 2678 5025 τὸ,
2729 4958 3089 5030 Πληρωθῆτε,
3146 4958 3285 5021 δέον,
3337 4959 3695 5031 Στηριχθῆτε,

424 5058 621 5113 [uisset
648 5054 1026 5111 Conﬁtemini.
1060 5054 1127 5107 Et
1157 5054 1302 5123 quod
1334 5052 1451 5106 ait:
1478 5053 1537 5107 In
1563 5053 1710 5107 omni
1743 5052 2010 5123 sapientia

2119 5051 2314 5104 εἰπεῖν.
2368 5048 2481 5103 Καὶ
2507 5048 2589 5115 τὸ,
2635 5049 2723 5102 Ἐν
2766 5048 2916 5119 πάσῃ
2957 5046 3015 5099 δὲ
3054 5048 3234 5118 σοφίᾳ,
3277 5047 3338 5101 τὸ
3363 5050 3496 5103 αὐτὸ
3524 5050 3694 5120 δηλοῖ.

425 5152 566 5206 idem
603 5147 900 5217 signiﬁcat.
933 5164 952 5196 ι
993 5144 1307 5199 Voluntatis
1332 5145 1475 5214 ejus.
1510 5163 1529 5197 ι
1566 5144 1699 5210 Quae
1719 5154 1804 5200 est
1830 5155 2010 5199 autem

2124 5160 2143 5193 ι
2171 5139 2278 5194 Τοῦ
2315 5139 2621 5210 θελήματος
2661 5138 2846 5194 αὐτοῦ.
2873 5156 2893 5190 s
2942 5138 3010 5192 Τί
3043 5138 3100 5192 δὲ
3128 5139 3187 5192 τὸ
3218 5139 3429 5210 θέλημα
3456 5140 3551 5193 τοῦ
3587 5141 3700 5194 Πα-

422 5243 683 5297 voluntas
712 5238 894 5293 Patris
934 5237 957 5291 ?
1011 5250 1068 5291 ut
1098 5252 1192 5307 per
1226 5236 1426 5291 Filium
1465 5237 1715 5291 homines
1735 5236 1803 5290 ad
1833 5238 2010 5307 ipsum

2116 5232 2263 5303 τρόςς
2285 5231 2359 5284 Τὸ
2385 5231 2454 5284 δι’
2480 5230 2610 5283 Υίοῦ
2630 5229 3004 5299 προσάγεσθαι
3029 5228 3180 5297 αὐτῷ
3207 5230 3332 5293 τοὺς
3352 5229 3694 5300 ἀνθρώπους,

423 5336 723 5395 durantur,
747 5340 802 5386 et
829 5344 937 5382 nun
971 5343 1068 5398 per
1103 5329 1353 5399 angelos.
1397 5346 1416 5380 ι
1463 5327 1529 5381 Ει
1570 5328 1860 5398 prudentia
1891 5328 2009 5399 spi-

2116 5325 2209 5381 καὶ
2265 5324 2340 5397 μὴ
2390 5322 2457 5378 δι’
2499 5322 2770 5393 ἀγγέλων.
2811 5340 2832 5375 ι
2862 5324 2973 5376 Καὶ
3011 5323 3231 5377 συνέσει
3277 5325 3643 5394 πνευματικῇ.
3672 5342 3691 5374 ι

422 5424 633 5481 rituali.
666 5422 691 5477 ἲ
724 5440 744 5474 ι
786 5419 906 5475 Non
926 5420 1085 5489 juxta
1122 5418 1499 5490 prudentiam,
1542 5420 1743 5489 inquit,
1786 5420 2008 5491 sapien-

2116 5417 2205 5487 Μὴ
2241 5415 2388 5470 κατά
2424 5416 2522 5487 τὴν
2560 5414 2797 5480 σύνεσιν,
2828 5414 2985 5484 φησι,
3014 5412 3124 5468 τῶν
3160 5413 3292 5484 παρ’
3330 5415 3458 5481 ὑμῖν
3493 5414 3692 5484 σοφῶν.

424 5518 563 5575 tium
590 5514 685 5585 qui
716 5511 863 5583 apud
892 5526 988 5567 vos
1018 5518 1168 5566 sunt.
1200 5528 1218 5562 ι
1256 5507 1327 5564 Ut
1363 5509 1677 5565 ambuletis.
1706 5528 1729 5564 ο
1777 5509 2010 5576 Quisest

2124 5530 2143 5564 ι
2168 5509 2555 5584 Περιπατῆσαι
2598 5508 2764 5580 ὑμᾶς.
2801 5527 2822 5561 s
2875 5509 2972 5572 Τίς
3015 5507 3084 5567 δὲ,
3108 5510 3137 5562 ό
3167 5507 3332 5573 ἀξίως
3369 5506 3462 5562 τοῦ
3494 5508 3696 5579 Κυρίου

423 5621 607 5667 autem
624 5608 717 5680 qui
742 5606 906 5677 digne
938 5603 1048 5661 Deo
1072 5603 1360 5659 ambulat?
1385 5602 1733 5659 Manifestum
1760 5611 1847 5659 est
1864 5605 2009 5675 quod

2119 5603 2476 5675 περιπατῶνς
2513 5601 2681 5673 Δῆλον
2721 5600 2796 5665 ὡς
2830 5602 2859 5655 ὁ
2911 5602 3167 5672 ἐνάρετον
3211 5598 3487 5655 πολιτείαν
3536 5599 3697 5671 ἔχων.

424 5704 474 5760 is
495 5702 589 5773 qui
621 5700 820 5755 bonam
844 5698 1007 5752 habet
1026 5694 1530 5751 conversationem.
1563 5694 1797 5749 Ambula
1807 5710 1865 5750 re
1886 5708 2010 5751 vero

2127 5696 2203 5750 Τὸ
2233 5695 2290 5749 δὲ
2322 5700 2718 5769 περιπατῆσαι,
2742 5696 2844 5768 τὴν
2871 5695 3152 5751 ἀνένδοτον
3184 5694 3452 5767 δπιμονὴν
3473 5696 3611 5768 πρὸς
3637 5699 3699 5754 τὸ

424 5801 738 5853 accuratam
761 5792 817 5849 in
843 5791 985 5846 bono
1004 5789 1440 5861 permanentiam
1458 5787 1751 5858 significat.
1774 5806 1793 5839 ι
1817 5788 1887 5844 Ut
1916 5803 2010 5858 per

2120 5789 2285 5843 καλὸν
2302 5790 2471 5861 δηλοῖ.
2501 5809 2519 5843 ι
2550 5791 2644 5855 Είς
2677 5790 2859 5845 πᾶσαν
2884 5789 3201 5861 ἀρέσκειαν,
3240 5808 3261 5842 s
3282 5788 3580 5853 τουτέστιν,
3613 5791 3696 5853 είς

423 5888 617 5947 omnia-
637 5886 742 5959 ipsi
770 5883 1057 5961 placeatis.
1074 5880 1265 5959 sitiant
1284 5883 1388 5942 hoc
1411 5881 1690 5956 signiﬁcat
1717 5882 1799 5948 εἰς
1826 5881 2010 5937 πᾶσαν

2118 5884 2179 5937 τὸ
2205 5880 2294 5938 διὰ
2316 5882 2533 5940 πάντων
2558 5883 2818 5956 ἀρέσκειν
2845 5882 3017 5957 αὐτῷ,
3058 5883 3153 5943 καὶ
3182 5883 3353 5955 ἔργῳ,
3399 5882 3495 5939 καὶ
3522 5880 3686 5955 λόγῳ,
