3994 6618
274 452 333 521 ῙἸ
1295 458 1681 523 COMMENT.
1707 460 1790 522 ΙΝ
1831 460 1870 521 Ε

1983 462 2070 524 5T.
2105 463 2205 524 AD
2244 462 2548 526 COLOSS.
3459 468 3526 533 18

272 565 364 623 καὶ
398 565 654 637 δόγμασι.
688 566 862 621 Τοῦτο
899 565 1008 641 γὰρ
1045 568 1107 625 τδ
1141 569 1229 624 Ἐν
1270 571 1435 627 παντὶ
1467 571 1614 646 ἔργῳ
1644 571 1855 644 ἀγαθῷ.

1983 570 2280 643 ίρέσκειαν,
2304 587 2498 642 nempe
2521 578 2575 629 et
2600 587 2766 643 opere
2792 580 2846 629 et
2863 586 3118 633 sermone
3135 592 3197 633 ae
3225 576 3534 650 dogmatis:

280 677 297 711 ι
331 659 830 732 Καρποφοροῦντες
893 660 991 715 καὶ
1047 662 1426 736 αὐξανόμενοι.
1463 686 1481 719 ι
1575 667 1691 739 Τὴν
1750 668 1852 739 μὲν

273 752 453 805 πίστιν
476 793 492 818 ,
534 754 701 822 φησιν
731 792 747 817 ,
802 755 1224 833 ἐσχήκατε.-Δεῖ
1258 758 1315 813 δὲ
1348 761 1444 814 καὶ⁸
1496 760 1709 833 καρπὸν
1757 762 1853 816 καὶ

272 843 500 913 αῦξησιν
555 846 659 915 τὴν
712 845 900 900 πίστιν
955 828 1284 919 ποιήᾶαθαι,
1323 852 1422 922 τὴν
1470 852 1556 907 διὰ
1596 854 1852 925 χρηστῶν

274 934 446 1005 ἔργων
483 933 652 1006 ζωὴν,
684 939 779 989 καὶ
804 940 906 1008 τὴν
946 940 1133 1012 ἐντελῆ
1160 942 1269 996 τῶν
1305 943 1592 1014 δογμάτων
1614 946 1848 1016 ἐπίγνω-

275 1042 373 1080 σιν.
428 1026 601 1081 Τοῦτο
636 1027 693 1081 δὲ
724 1031 1167 1101 παραδηλοῦντός
1200 1034 1341 1100 ἐστι,
1367 1036 1449 1090 ὃτι
1486 1041 1853 1109 προσαγωγὲα

278 1117 366 1169 τὸν
397 1117 527 1170 Υίδν
556 1120 770 1190 νομίζει
824 1124 919 1176 καὶ
960 1126 1188 1196 μεσίτην
1222 1127 1316 1181 καὶ
1349 1127 1677 1202 διαλλακτὴν
1712 1132 1854 1202 πρὸς

273 1208 361 1262 τὸν
415 1210 640 1282 Πατέρα
670 1252 686 1277 ,
755 1214 834 1283 τῷ
883 1217 1070 1288 οἰκείῳ
1119 1218 1315 1289 αἵματι
1371 1220 1470 1293 τὴν
1507 1222 1853 1295 καταλλαγὴν

275 1303 673 1373 ἐργασάμενον.
739 1306 873 1362 «Ἐν
922 1311 1073 1384 πάσῃ
1121 1312 1415 1385 δυνάμει.»
1481 1317 1634 1383 Ἵνα,
1694 1321 1852 1391 φησι,

276 1396 410 1465 πρὸς
444 1397 576 1461 τοὺς
609 1404 951 1472 πειρασμοὺς
980 1406 1075 1460 καὶ
1105 1408 1232 1472 τοὺς
1288 1410 1427 1482 ὑπὲρ
1471 1411 1702 1477 πίστεως
1734 1432 1854 1469 κιν-

275 1487 460 1552 δύνους
482 1493 750 1563 ἀντέχητε
775 1495 945 1561 ἀξίως
969 1498 1062 1553 τοῦ
1089 1503 1326 1571 κράτους
1359 1503 1460 1574 τῆς
1484 1504 1643 1576 δόξης
1665 1506 1850 1563 αὐτοῦ.

283 1583 415 1646 «Εἰς
444 1587 629 1641 πᾶσαν
655 1589 959 1662 ὑπομονήν.
987 1610 1007 1643 ι
1053 1592 1363 1668 ’Υπομονὴν
1407 1596 1507 1667 μὲν
1550 1598 1687 1669 πρὸς
1728 1602 1856 1665 τοὺς

276 1673 473 1740 ἔξωθεν
525 1681 931 1751 πολεμοῦντας,
975 1683 1070 1750 οὒς
1116 1687 1239 1741 οὐδὲ
1292 1677 1633 1760 ἀμύνασθαί
1651 1692 1852 1763 ῥᾴδιον·

278 1770 660 1842 μακροθυμίαν
699 1775 757 1829 δὲ
796 1776 934 1847 πρὸς
964 1781 1092 1843 τοὺς
1134 1779 1194 1848 ἐξ
1230 1780 1386 1851 ὑμῶν
1420 1783 1600 1838 αὐτῶν
1631 1784 1857 1839 ὲπιὸου-

275 1859 556 1927 λεύοντας,
590 1863 685 1928 οὓς
728 1867 824 1921 καὶ
873 1867 1186 1937 ἀμύνασθαι
1243 1871 1489 1927 δυνατόν.
1524 1893 1543 1926 ι
1574 1875 1730 1930 Μετὰ
1758 1894 1857 1947 χα-

1960 664 2030 719 ob
2061 664 2163 720 hoc
2200 666 2349 721 enim
2385 666 2608 720 additur
2645 683 2659 721 :
2699 666 2755 721 In
2779 666 2929 722 omni
2964 684 3128 739 opere
3159 670 3325 726 bono.
3366 690 3383 723 ι
3410 669 3539 728 Fru-

1959 758 2269 815 ctiﬁeantes
2301 768 2355 814 et
2384 767 2716 816 crescentes.
2758 779 2777 813 ι
2826 760 3010 816 Fidem
3049 762 3267 832 quidem
3304 763 3539 830 habetis,

1961 852 2178 923 inquit:
2215 869 2405 909 verum
2438 863 2653 922 oportet
2697 864 2756 910 ut
2791 854 2922 911 fides
2952 862 3006 910 et
3035 854 3272 910 fructum
3305 856 3467 911 faciat
3491 872 3545 913 et

1962 943 2363 1000 incrementum
2406 963 2420 1000 :
2472 962 2668 1016 nempe
2713 946 2877 1000 vitam
2929 962 3027 1017 per
3068 947 3210 1001 bona
3263 963 3449 1018 opera,
3492 959 3547 1003 et

1962 1034 2269 1091 absolutam
2301 1038 2619 1107 dogmatum
2653 1039 3044 1107 cognitionem.
3073 1036 3183 1093 lloe
3209 1049 3391 1093 autem
3428 1055 3545 1093 ua-

1961 1128 2281 1183 nil‘estantis
2314 1141 2397 1185 est
2430 1129 2576 1199 quod
2607 1139 2954 1200 sequestrum
2986 1134 3101 1186 sive
3137 1133 3543 1186 conciliaturum

1962 1221 2127 1276 ducat
2165 1221 2365 1276 Filium
2392 1232 2445 1278 et
2472 1224 2825 1279 mediatorem
2869 1240 2930 1279 ac
2966 1225 3256 1291 arbitrum,
3292 1225 3385 1295 qui
3420 1240 3547 1292 pro-

1962 1314 2085 1384 prio
2138 1316 2407 1385 sanguine
2449 1316 2953 1372 reconciliationem
3010 1318 3260 1387 perfecit.
3308 1335 3326 1369 t
3386 1316 3547 1374 Omni

1963 1407 2177 1462 robore.
2207 1427 2225 1459 ι
2261 1406 2348 1476 Ut,
2378 1408 2533 1475 dicit,
2562 1409 2825 1465 adversus
2855 1408 3178 1465 alnictioues
3209 1425 3272 1464 ac
3308 1410 3547 1474 pericula

1963 1499 2085 1557 ﬁdei
2106 1515 2273 1558 causa
2302 1503 2526 1557 inducta
2556 1502 2829 1558 resistatis
2852 1502 3009 1572 juxta
3041 1504 3335 1573 potentiam
3365 1502 3549 1573 gloriae

1964 1595 2137 1650 illius.
2192 1612 2213 1646 ι
2260 1595 2341 1650 Ad
2382 1610 2601 1651 omnem
2657 1597 3029 1651 tolerantiam.
3089 1616 3107 1649 ι
3173 1595 3545 1651 Tolerautiam

1963 1688 2187 1757 quidem
2231 1688 2299 1744 ad
2331 1697 2715 1760 Oppugnantes
2751 1690 2994 1746 exterius
3038 1703 3177 1758 quos
3218 1704 3320 1742 nec
3359 1689 3547 1741 ulcisci

1964 1780 2127 1836 facile
2148 1789 2275 1837 est:
2327 1783 2651 1851 patientiam
2685 1797 2816 1838 vero
2862 1797 2992 1853 erga
3033 1798 3130 1837 eos
3161 1782 3254 1853 qui
3291 1797 3353 1836 ex
3392 1782 3550 1837 vobis

1968 1872 2105 1944 ipsis
2139 1875 2372 1930 tendunt
2406 1875 2658 1938 insidias.
2698 1891 2840 1946 quos
2875 1875 3039 1930 etiam
3070 1874 3259 1931 ulcisci
3293 1874 3544 1942 possetis.

273 1953 398 2021 ρᾶς.
429 1970 450 2005 s
487 1956 583 2025 Μὴ
635 1957 775 2026 μετά
823 1959 1074 2031 ἀνάγκης
1120 1962 1264 2017 κατὰ
1314 1964 1499 2034 φόϐον,
1541 1965 1677 2021 ἀλλὰ
1719 1941 1860 2038 μέτά

1983 1985 1986 2015 :
2032 1965 2168 2020 Cum
2217 1967 2439 2038 gaudio.
2476 1986 2495 2019 ι
2544 1968 2666 2021 Non
2699 1983 2824 2023 cum
2860 1967 3196 2023 necessitate
3222 1982 3287 2022 ex
3325 1967 3545 2029 timore,

275 2048 454 2117 χαρᾶς
506 2047 959 2120 εὐχαριστοῦντες
1018 2053 1098 2124 τῷ
1155 2053 1296 2125 Θεῷ.
1352 2056 1606 2113 Δείκνυσι
1662 2059 1720 2114 δὲ
1773 2059 1862 2115 διὰ

274 2138 504 2207 τούτων,
539 2139 832 2210 μεγίστους
866 2146 1208 2216 πεινρα-σμοῦς
1240 2147 1535 2219 ὑπομένειν
1566 2151 1786 2217 αὐτούς.

336 2316 867 2389 Εὐχαριστοῦντες
890 2321 972 2390 τῷ
997 2324 1181 2395 Harp!
1206 2325 1287 2393 τῷ
1315 2327 1681 2386 ἱκανώσαντι
1706 2330 1864 2402 ἡμᾶς

274 2410 363 2476 εις
419 2411 541 2480 τὴν
572 2413 791 2483 μερίδα
842 2415 953 2471 τοῦ
992 2418 1223 2489 κλήρου
1262 2420 1382 2476 τῶν
1428 2423 1617 2493 ἁγίων
1662 2425 1734 2478 ἐν
1783 2423 1865 2491 τῷ

275 2504 449 2570 φωτὶ,
507 2503 577 2571 ὃς
628 2505 930 2575 ἑρῤὐσατο
972 2509 1133 2580 ἡμᾶς
1165 2512 1235 2567 ἐκ
1279 2513 1390 2582 τῆς
1437 2515 1726 2584 ἐξουσίας
1756 2516 1865 2573 τοῦ

276 2599 569 2663 σκότους,
602 2600 705 2653 καὶ
726 2602 1109 2671 μετέστησεν
1135 2608 1223 2674 είς
1249 2605 1365 2677 τὴν
1397 2608 1730 2673 βασιλείαν
1760 2610 1867 2667 τοῦ

288 2689 433 2743 Υιοῦ
458 2688 574 2759 τῆς
606 2691 847 2764 ἀγάπης
871 2698 1081 2752 αὐτοῦ.

350 2777 505 2844 Ὅτι,
547 2783 702 2851 φησι,
761 2785 1101 2857 κατηξίωσεν
1144 2790 1325 2862 ἡμᾶς,
1381 2793 1470 2850 διὰ
1505 2795 1613 2850 τῶν
1663 2797 1867 2867 ὁμοίων

281 2870 635 2941 παθημάτων
662 2874 757 2929 τοῦ
784 2877 992 2948 κλήρου
1026 2881 1121 2935 καὶ
1157 2882 1258 2952 τῆς
1297 2885 1511 2957 μερίδος
1539 2888 1649 2943 τῶν
1675 2889 1868 2958 ἁγίων,

281 2960 377 3014 καὶ
417 2963 716 3032 ἐχαρίσατο
753 2965 973 3033 ἱκανοὺς
1003 2971 1148 3041 ἡμᾶς
1178 2975 1434 3042 γενέσθαι
1465 2978 1546 3042 είς
1577 2995 1637 3032 τε
1667 2980 1729 3033 τὸ
1762 2979 1869 3034 πά-

279 3069 459 3124 σχειν,
484 3055 569 3119 εἷς
595 3073 658 3111 τε
698 3059 791 3113 τὸν
819 3061 1045 3116 ἐκείνων
1071 3064 1292 3136 κλῆρον.
1320 3068 1516 3133 Καλῶς
1553 3069 1612 3123 δὲ
1647 3071 1869 3142 κλῆρον,

280 3148 450 3203 οἱονεὶ
486 3149 854 3224 κληρονομίαν
894 3156 1016 3209 τινὰ
1044 3157 1141 3211 καὶ
1161 3160 1389 3231 δωρεάν.
1434 3180 1453 3214 ι
1499 3161 1573 3218 Οὐ
1601 3164 1712 3236 γὰρ
1746 3165 1876 3232 ἄξια

283 3241 351 3341 τὰ
404 3241 711 3341 παθηματα
757 3247 855 3301 τοῦ
902 3249 999 3303 νῦν
1029 3253 1223 3323 καιροῦ
1254 3254 1391 3324 πρὸς
1427 3255 1528 3328 τὴν
1572 3257 1873 3327 μέλλουσαν
1901 3285 1943 3341 C

283 3334 779 3394 ἀποκαλύπτεσθαι
835 3341 1013 3408 δόξαν.
1078 3364 1096 3399 ι
1133 3348 1231 3411 Ei;
1272 3348 1373 3419 τὴν
1426 3351 1640 3421 μερίδα.
1687 3371 1705 3403 ι
1759 3353 1871 3424 Τὴν

285 3427 497 3498 αὐτὴν,
536 3431 709 3498 φησι,
746 3432 943 3504 μερίδα
991 3436 1101 3490 τῶν
1135 3438 1307 3507 ἁγίων
1338 3481 1353 3507 ,
1404 3443 1495 3494 τὸν
1524 3443 1688 3497 αὐτὸν
1738 3445 1872 3514 ἡμῖν

284 3515 460 3573 ειδωκε
486 3521 711 3593 κλῆρον.
739 3541 760 3576 ι
791 3525 879 3579 Ἐν
906 3527 984 3599 τῷ
1021 3529 1181 3596 φωτί.
1201 3549 1222 3583 s
1239 3533 1620 3600 Ίόυτέστιν,ὲν
1644 3538 1707 3608 τῇ
1732 3537 1875 3606 γνὼ-

288 3624 376 3663 σει
404 3611 501 3665 τοῦ
537 3613 693 3701 Θεοῦ.
733 3634 752 3669 ι
782 3619 879 3682 ⁸ος
906 3620 1175 3691 ἐρρύσατο
1204 3624 1373 3695 ἡμᾶς.
1403 3643 1422 3677 s
1461 3625 1599 3680 Ὑπὸ
1624 3627 1735 3699 γὰρ
1772 3629 1873 3701 τὴν

289 3701 592 3771 τυραννίδα
637 3699 781 3776 ἦμεν
825 3707 921 3762 τοῦ
990 3709 1267 3776 διαϐόλου,
1303 3712 1400 3783 ἀφ’
1433 3709 1502 3785 ἦς
1530 3714 1767 3779 ἑλκύσας
1794 3699 1875 3780 είς

288 3791 393 3865 τὴν
438 3795 721 3867 βασιλείαν
776 3800 873 3854 τοῦ
924 3803 1210 3876 ἀγαπητοῦ
1260 3805 1391 3860 Υίοῦ
1445 3808 1610 3861 αὐτοῦ
1667 3810 1876 3881 ἤγαγεν

292 3887 467 3957 ἡμᾶς.
534 3889 708 3945 Τοῦτο
742 3892 931 3963 λέγει,
972 3896 1066 3950 τοῦ
1109 3897 1241 3951 Υίοῦ
1278 3899 1376 3969 τῆς
1407 3899 1629 3970 ἀγάπης
1652 3942 1668 3967 ,
1708 3902 1879 3973 ἤγουν

292 3982 392 4037 τοῦ
444 3984 738 4056 ἀγαπητοῦ
779 3987 937 4044 Υῐοῦ.
1005 3989 1181 4062 Πολλὴ
1218 3991 1277 4045 δὲ
1326 3993 1384 4046 ἐν
1418 3994 1624 4066 ἑκάστῃ
1665 3994 1808 4061 λέξει
1844 3998 1878 4067 ἡ

294 4075 600 4151 ὑπερϐολή.
644 4078 718 4134 Τὸ
753 4080 831 4145 ὡς
862 4083 924 4136 ἐν
951 4082 1134 4137 σκότει
1169 4083 1331 4148 ὄντας
1368 4086 1461 4140 καὶ
1503 4088 1609 4141 ὑπὸ
1646 4087 1746 4160 τὴν
1784 4088 1880 4142 τοῦ

301 4166 558 4223 διαϐόλου
608 4169 859 4236 ἐξουσίαν
905 4173 1172 4244 ρυσθῆναι
1194 4214 1210 4239 ,
1253 4174 1350 4228 καὶ
1392 4177 1454 4230 οὐ
1492 4176 1653 4231 τοῦτο
1697 4179 1901 4249 novata,-

293 4260 438 4315 ἀλλὰ
465 4263 564 4316 καὶ
592 4263 675 4327 είς
699 4262 798 4335 τὴν
839 4262 934 4319 τοῦ
986 4262 1117 4319 Υίοῦ
1152 4266 1318 4320 αὐτοῦ
1349 4269 1681 4339 μεταστῆναι
1724 4270 1881 4341 βασι-

293 4349 472 4407 λείαν.
522 4351 637 4407 Τοῦ
672 4353 810 4408 Υιοῦ
839 4352 952 4423 τῆς
969 4352 1209 4425 ἀγάπης
1229 4354 1439 4411 αὐτοῦ.
1467 4353 1575 4411 Τοῦ
1600 4356 1883 4429 ἀγαπητοῦ

297 4440 438 4496 Υίοῦ
464 4445 938 4515 περιφραστικῶς.

901 4538 1153 4597 ΚΕΦΔΔ.
1209 4541 1284 4595 I".

1962 2056 2058 2112 sed
2105 2072 2229 2112 cum
2287 2057 2488 2128 gaudio
2546 2057 2752 2128 gratias
2811 2069 3036 2127 agentes
3092 2057 3227 2113 Deo.
3280 2055 3384 2110 Per
3436 2056 3551 2110 lucc

1963 2160 2145 2206 autem
2194 2151 2437 2208 ostendit
2480 2151 2632 2222 ipsos
2677 2152 2949 2208 maximas
2996 2149 3245 2222 perferre
3293 2149 3553 2204 aﬂlietio-

1964 2257 2086 2297 nes.

2038 2332 2080 2401 l,
2113 2334 2197 2398 12,
2235 2334 2323 2389 15.
2361 2334 2577 2389 Gratias
2619 2342 2827 2405 agentes
2857 2333 3037 2399 Patri,
3077 2334 3166 2405 qui
3208 2335 3424 2389 idoneos
3461 2349 3553 2389 nos

1966 2425 2091 2494 fecit
2123 2427 2191 2478 ad
2216 2433 2419 2495 partem
2448 2427 2608 2479 sortis
2641 2434 2947 2479 sanctorum
2986 2423 3041 2478 in
3071 2423 3294 2487 lumine,
3325 2423 3416 2492 qui
3446 2422 3556 2476 eri-

1964 2518 2080 2588 puit
2109 2533 2204 2570 nos
2227 2534 2258 2570 a
2294 2526 2552 2585 potestate
2586 2516 2939 2585 tenebrarum,
2982 2526 3032 2572 et
3073 2516 3347 2571 transtulit
3385 2516 3438 2570 in
3474 2532 3542 2571 re-

1968 2623 2126 2678 gnum
2152 2604 2288 2660 Filii
2315 2606 2399 2660 sui
2429 2606 2633 2660 diiecti.

2041 2787 2307 2857 Dignatus
2344 2794 2427 2843 est
2474 2802 2595 2851 nos,
2638 2786 2842 2856 inquit,
2883 2800 2982 2857 per
3012 2785 3277 2842 similium
3313 2784 3557 2839 [olerum

1971 2882 2101 2937 tiam
2129 2892 2282 2953 parte
2313 2898 2375 2936 ac
2408 2892 2554 2937 sorte
2582 2890 2904 2937 sanctorum
2937 2899 2951 2936 :
2977 2891 3028 2935 et
3053 2881 3291 2951 gratuito
3310 2878 3557 2942 donavit,

1972 2983 2033 3028 ut
2056 2975 2235 3029 idonei
2258 2974 2596 3028 ellieeremur
2623 2982 2677 3028 et
2704 2973 2949 3044 patiendi
2986 2979 3040 3027 et
3066 2971 3400 3041 assequendi
3436 2985 3560 3024 sor-

1976 3077 2081 3121 tem
2107 3066 2349 3121 illorum.
2385 3065 2452 3119 Et
2478 3074 2624 3121 recte
2657 3074 2861 3119 sortem
2894 3065 3049 3129 dicit,
3083 3064 3245 3118 veluti
3270 3061 3560 3117 haeredita-

1975 3168 2084 3215 tem
2116 3158 2411 3229 quamdam
2446 3172 2512 3213 ac
2546 3159 2777 3212 donum.
2818 3183 2838 3210 ι
2874 3155 3062 3226 Neque
3096 3155 3241 3210 enim
3272 3156 3558 3223 condigna:

1978 3250 2443 3307 suntalllictiones
2477 3249 2641 3318 hujus
2665 3248 2931 3318 temporis
2965 3246 3032 3302 ad
3067 3247 3305 3301 futuram
3328 3247 3559 3317 gloriam

1979 3359 2099 3414 qua:
2124 3342 2455 3398 revelabitur
2487 3342 2530 3396 '.
2567 3361 2585 3394 ι
2616 3373 2684 3381 -
2724 3360 2742 3393 ι
2781 3340 2862 3395 Ad
2898 3348 3123 3411 partem.
3161 3357 3180 3391 ι
3209 3340 3370 3409 120
3403 3337 3564 3391 Eam-

1980 3438 2101 3493 dem
2148 3436 2283 3492 dicit
2324 3444 2532 3506 partem
2582 3442 2927 3495 sanctorum,
2974 3435 3149 3503 ipsam
3201 3450 3364 3502 quam
3414 3432 3564 3487 dedit

1982 3532 2142 3588 nobis
2178 3541 2400 3587 sortem.
2453 3548 2472 3582 ι
2510 3528 2567 3583 In
2605 3528 2835 3584 lumine.
2878 3546 2896 3580 ι
2934 3526 3047 3581 Hoc
3071 3536 3176 3592 est,
3207 3527 3261 3580 in
3284 3525 3565 3597 agnitione

1984 3622 2102 3678 Dei.
2134 3641 2153 3675 t
2188 3620 2290 3688 Qui
2308 3621 2509 3691 eripuit
2538 3636 2658 3674 nos.
2688 3637 2706 3672 ι
2750 3616 2885 3673 Nam
2917 3618 3020 3671 sub
3044 3617 3247 3672 diaboli
3276 3614 3567 3688 tyrannide

1984 3727 2274 3779 eramus,a
2306 3728 2414 3784 qua
2447 3720 2727 3767 extractos
2750 3711 2817 3765 ad
2847 3725 3076 3779 regnum
3108 3708 3296 3764 dilecti
3326 3707 3450 3762 Filii
3480 3709 3566 3762 sui

1984 3822 2087 3863 nos
2134 3805 2312 3860 duxit.
2356 3803 2472 3859 Hoc
2502 3812 2606 3871 est,
2640 3802 2788 3873 quod
2830 3802 2906 3856 ait
2945 3800 3067 3856 Filii
3099 3800 3411 3855 dilectionis
3453 3799 3569 3856 sive

1986 3898 2171 3955 dilecti
2202 3896 2348 3953 Filii.
2371 3895 2465 3951 Est
2503 3905 2681 3951 autem
2724 3909 2919 3965 magna
2951 3893 3034 3948 vis
3072 3900 3125 3947 et
3160 3891 3480 3947 excellentia
3511 3890 3567 3945 in

1986 4006 2207 4063 quaque
2259 3990 2548 4045 dictione:
2589 3996 2721 4059 puta
2780 3986 2924 4058 quod
2978 3985 3034 4040 hi
3064 3985 3158 4056 qui
3217 3986 3271 4040 in
3330 3984 3569 4039 tenebris

1988 4093 2145 4140 erant
2179 4093 2233 4140 et
2258 4083 2360 4139 sub
2387 4081 2592 4136 diaboli
2627 4088 2895 4150 potestate
2934 4079 3148 4134 liberati
3178 4079 3290 4132 sint
3331 4097 3344 4132 :
3379 4093 3479 4132 nec
3511 4077 3567 4132 id

1991 4176 2194 4241 solum,
2217 4190 2406 4229 verum
2427 4173 2593 4228 etiam
2616 4173 2684 4227 ad
2717 4186 2940 4242 regnum
2974 4169 3097 4223 Filii
3133 4169 3305 4239 ipsius
3334 4169 3570 4223 transie-

1991 4266 2546 4338 rint.Periplirastiee
2574 4271 2755 4319 autem
2790 4263 2922 4318 dicit
2946 4262 3039 4316 τοῦ
3068 4260 3199 4315 Υίςῦ
3227 4261 3323 4330 τῆς
3350 4262 3571 4331 ἀγάπης

1992 4360 2157 4418 αὐτοῦ
2198 4360 2325 4415 Filii
2357 4357 2667 4415 dilectionis
2715 4356 2825 4422 sui,
2861 4355 2913 4411 id
2942 4363 3046 4420 est,
3080 4353 3267 4409 dilecti
3313 4352 3434 4409 Filii
3461 4354 3567 4409 sui.

2610 4537 2839 4595 CAPUT
2866 4536 2952 4593 Ill.

298 4652 446 4721 Περὶ
479 4652 592 4722 τῆς
619 4654 691 4709 ἐν
712 4654 945 4725 Χριστῷ
979 4658 1232 4723 κτίσεως
1262 4656 1359 4712 καί
1383 4656 1754 4725 ἁνακτίσεως
1779 4657 1870 4726 τῆς

1994 4659 2073 4715 De
2117 4660 2382 4714 creatione
2430 4673 2523 4727 per
2569 4656 2837 4709 Christum
2895 4649 3427 4727 et_reconciliatione
3481 4662 3573 4715 per

741 4728 894 4781 κατὰ
913 4728 1257 4797 συνάφειαν
1281 4727 1453 4783 Θεοῦ.

388 4817 497 4871 Ἔν
527 4811 578 4885 ᾧ
604 4816 827 4887 ἔχομεν
853 4818 971 4888 τὴν
992 4820 1419 4889 ἀπολύτρωσιν
1444 4820 1544 4876 διὰ
1572 4820 1679 4875 τοῦ
1711 4821 1888 4890 αἳμα-

301 4926 415 4975 τος
438 4911 651 4977 αὑτοῦ,
685 4911 805 4980 τὴν
833 4912 1056 4982 ἄφεσιν
1083 4912 1202 4967 τῶν
1226 4913 1545 4983 ἁμαρτιῶν.
1590 4914 1699 4980 ’ος
1722 4915 1894 4968 ἐστιν

300 5002 490 5057 κιχὼν
513 5003 623 5058 τοῦ
650 5004 798 5059 Θεοῦ
827 5005 935 5060 τοῦ
962 5005 1241 5075 ἀοράτου,
1275 5007 1648 5074 πρωτότοκος
1690 5006 1895 5074 πάσης

304 5099 588 5162 κτίσεως.
636 5098 759 5150 Ὅτι
782 5098 853 5151 ἐν
874 5097 1037 5164 αὐτῷ
1066 5099 1317 5167 ἐκτίσθη
1349 5100 1424 5155 τὰ
1461 5099 1677 5164 πάντα,
1727 5101 1798 5153 τὰ
1825 5100 1894 5152 ἐν

300 5189 439 5255 τοῖς
466 5189 751 5257 οὐρανοῖς
784 5191 883 5244 καὶ
919 5190 992 5244 τὰ
1020 5190 1119 5243 ἐπὶ
1147 5191 1258 5259 τῆς
1287 5190 1425 5260 γῆς,
1453 5191 1524 5245 τὰ
1570 5190 1754 5259 ὁρατὰ
1797 5189 1895 5243 καί

304 5286 386 5339 τὰ
433 5286 685 5354 ἀόρατα,
725 5285 849 5339 εἴτε
899 5285 1121 5353 θρόνοι,
1172 5285 1293 5338 εἴτε
1335 5286 1711 5353 κυριότητες,
1776 5283 1897 5337 sits

304 5381 519 5449 ἀρχαι,
556 5380 679 5434 εἴτε
730 5379 1027 5445 ἐξουσίαι.
1086 5376 1167 5434 Τὰ
1216 5377 1415 5432 πάντα
1452 5374 1526 5429 δι’
1568 5374 1754 5430 αὐτοῦ
1798 5375 1899 5429 καὶ

307 5475 407 5536 εἰς
428 5473 621 5527 αὐτὸν
641 5473 934 5529 ἔκτισται.

391 5564 510 5617 Ἵνα
558 5562 635 5633 μὴ
674 5562 909 5633 νομίσῃς
946 5556 1086 5613 εἶναι
1112 5558 1175 5612 τὸ
1196 5560 1307 5615 πᾶν
1331 5556 1424 5613 τοῦ
1454 5557 1688 5628 Πατρδς,
1722 5573 1899 5610 κοινο-

312 5659 560 5711 ausim:
614 5656 715 5725 τὴν
749 5657 933 5727 χάριν.
977 5654 1066 5707 Ἑν
1111 5646 1156 5723 ᾧ
1183 5653 1314 5724 γὰρ,
1349 5652 1536 5721 φησὶν,
1570 5649 1708 5720 Υἱῷ,
1742 5666 1901 5702 τουτ-

314 5750 463 5812 έστι,
512 5749 581 5802 δι’
626 5743 689 5803 οῦ
728 5748 860 5802 Υἱοῦ
909 5747 1108 5819 ἔχομεν
1147 5745 1248 5819 τὴν
1301 5743 1709 5815 ἀπολύτρωσιν,
1766 5739 1901 5793 ὡσεὶ

402 5928 420 5959 ⁸
442 5925 601 5983 llum.
641 5941 764 5994 rm,
815 5925 902 5980 l8.

2489 4727 2911 4795 ronjunctionem
2958 4722 3073 4775 Dei.

2062 4823 2106 4887 Ι,
2154 4820 2340 4876 ιιι-ιϐ.
2397 4816 2503 4873 Per
2546 4834 2698 4888 quem
2747 4815 2997 4869 habemus
3038 4810 3443 4878 redemptionem
3483 4824 3575 4872 per

1994 4915 2302 4985 sanguinem
2350 4912 2516 4980 ipsius
2560 4909 2926 4963 remissionem
2967 4914 3323 4975 peccatorum,
3375 4901 3464 4970 qui
3497 4910 3576 4954 est

1994 5008 2169 5076 imago
2205 5005 2301 5059 Dei
2332 5002 2635 5068 invisibilis,
2673 5002 3053 5071 primogenitus
3088 4997 3258 5050 omnis
3290 5004 3572 5060 creatura,

1996 5099 2134 5170 quod
2173 5113 2263 5165 per
2307 5096 2464 5150 illum
2506 5104 2686 5149 creata
2733 5094 2838 5146 sint
2896 5092 3139 5144 universa
3179 5104 3297 5155 qua
3334 5088 3389 5140 in
3433 5087 3576 5139 cazlis

1999 5198 2121 5245 sunt
2143 5199 2191 5243 et
2215 5204 2333 5259 qua:
2350 5190 2404 5242 in
2425 5196 2587 5251 terra,
2606 5185 2841 5239 visibilia
2865 5192 2911 5236 et
2942 5179 3248 5241 invisibilia,
3275 5179 3381 5231 sive
3404 5176 3577 5230 tltroni

1998 5283 2104 5337 sive
2160 5281 2568 5344 dominationes,
2601 5278 2707 5331 sive
2756 5275 3084 5343 principatus
3126 5272 3231 5326 sive
3271 5278 3575 5339 potestates.

2002 5374 2198 5433 Omnia
2224 5388 2317 5441 per
2341 5371 2494 5425 illum
2521 5379 2568 5424 et
2595 5371 2648 5422 in
2683 5367 2833 5421 illum
2862 5374 3040 5419 creata
3079 5371 3224 5418 sunt.

2080 5555 2159 5612 Ne
2182 5554 2499 5610 universum
2528 5549 2802 5620 negotium
2833 5545 3005 5602 solius
3036 5542 3215 5598 Patris
3241 5555 3365 5595 esse
3389 5537 3580 5593 existi-

2011 5663 2149 5711 mes,
2196 5657 2546 5702 communem
2589 5640 2722 5695 iacit
2751 5638 3009 5709 gratiam.
3046 5635 3135 5688 Ait
3157 5631 3302 5687 enim
3337 5646 3350 5684 :
3388 5628 3446 5684 ln
3472 5645 3580 5700 quo

2010 5738 2171 5804 Filio,
2202 5736 2255 5791 id
2281 5743 2386 5801 est,
2413 5747 2508 5806 per
2531 5745 2694 5804 quem
2727 5729 2925 5786 Filium
2957 5726 3222 5782 habemus
3254 5720 3583 5795 redemptio-
