3994 6572
457 383 523 449 19
1522 376 1925 453 (ECUMENII
1937 382 1947 389 ’
1959 388 2021 450 Tl

2128 387 2258 452 πολε
2286 388 2633 459 EPISCOPI
3653 406 3723 469 ρο

456 515 579 553 nem
606 517 620 554 :
651 512 716 555 ac
741 497 787 556 si
819 497 1029 557 diceret
1065 518 1079 556 :
1112 499 1277 558 Pater
1313 499 1537 574 quidem
1584 500 1830 568 tradidit,
1862 498 2021 555 Filius

2141 501 2329 573 ἔλεγεν
2351 522 2365 536 ·
2421 506 2480 561 '0
2518 507 2619 579 μὲν
2650 509 2842 582 Πατὴρ
2875 510 3169 583 μετέθηκε,
3205 514 3233 568 ό
3270 514 3328 570 δὲ
3358 514 3489 581 Υἰδς
3518 516 3721 573 δέδωκε

454 603 636 649 autem
666 611 888 651 causam
914 597 1084 667 dedit,
1126 612 1226 654 suo
1260 598 1529 671 sanguine
1558 597 1799 654 eﬂiciens
1833 595 2031 652 remis-

450 688 661 744 sionem
691 702 1064 761 peccatonum.
1084 691 1197 748 Nisi
1222 694 1367 746 enim
1396 692 1627 747 remissa
1653 690 1812 747 nobis
1843 696 2031 746 essent

452 787 698 847 peccata,
747 798 1094 853 nequaquam
1132 782 1184 838 in
1223 773 1450 854 regnum
1488 783 1751 838 cmlorum
1783 797 2031 838 essemus

449 872 725 928 translati.
782 894 800 926 ε
839 874 941 940 Qui
982 882 1067 930 est
1098 876 1278 947 imago
1304 875 1416 930 Dei.
1461 893 1480 927 ι
1539 874 1766 945 Propter
1816 872 2033 928 iudiﬂ'e-

450 966 679 1020 rentiam
721 975 775 1021 et
806 968 1177 1023 omnimodam
1208 968 1575 1036 aequalitatem
1611 982 1676 1022 ac
1710 964 2033 1021 similitudi-

448 1074 594 1124 nem,
653 1059 945 1132 imaginem
1006 1070 1166 1116 vocat
1196 1058 1421 1124 Filium,
1477 1068 1740 1130 tanquam
1800 1057 2030 1129 cﬂigiem

446 1157 778 1227 exemplaris
831 1157 1276 1229 pulchritudinis.
1324 1159 1753 1222 Anteomnent,
1810 1154 2029 1226 inquit,

445 1261 759 1306 creaturam
816 1252 1091 1306 visibilem
1159 1261 1214 1307 et
1284 1252 1646 1314 invisibilem,
1722 1260 2031 1305 comternus

444 1343 681 1413 genitus.
718 1364 737 1396 ‹
774 1343 1178 1414 Primogenitus
1211 1345 1390 1399 onmis
1425 1351 1716 1399 creaturae.
1745 1361 1764 1395 ι
1788 1340 1901 1395 Hoc.
1923 1348 2030 1406 est,

443 1442 571 1488 ante
604 1449 819 1490 omnem
857 1444 1168 1489 creaturam
1201 1435 1601 1505 primogenitus
1623 1448 1687 1488 ac
1711 1430 2031 1502 nnigeuitus

444 1534 627 1581 natus.
671 1526 904 1593 Quidam
944 1528 1012 1582 ab
1046 1527 1380 1599 imaginibus
1416 1527 1571 1597 121
1609 1541 1731 1597 qum
1761 1525 1904 1579 inter
1934 1536 2034 1578 nos

442 1624 573 1671 sunt
623 1618 858 1687 decepti,
917 1634 1038 1689 quae
1084 1619 1139 1673 in
1186 1618 1387 1673 tabulis
1426 1630 1522 1671 aut
1557 1632 1683 1672 cera
1734 1614 2030 1678 habentur,

441 1709 829 1766 existimarunt
860 1715 928 1767 ita
964 1728 1184 1783 quoque
1212 1712 1355 1768 circa
1388 1710 1589 1766 Filium
1616 1709 1731 1765 Dei.

511 1803 985 1871 Quemadmodum
1013 1806 1158 1860 enim
1192 1805 1318 1869 illae,
1349 1805 1627 1876 inquiunt.
1651 1807 1874 1859 servant
1907 1798 2030 1872 qui-

440 1896 564 1952 dem
592 1897 829 1968 speciem
858 1913 921 1952 ac
963 1897 1381 1954 similitudinem
1415 1896 1677 1964 hominis,
1710 1901 1765 1949 at
1791 1910 1900 1949 non
1931 1907 2029 1948 na—
2054 1867 2104 1929 Β

440 1995 623 2042 turam
652 2003 715 2044 ac
769 1987 1165 2053 substantiam,
1208 1988 1281 2043 ita
1314 1993 1370 2043 et
1408 1984 1584 2042 Filius
1621 1984 1823 2042 Patris.
1868 1984 2028 2039 Aria-

440 2079 561 2134 nica
618 2087 701 2134 est
752 2079 868 2135 haec
927 2079 1201 2150 impietas.
1260 2076 1369 2134 Sed
1422 2078 1489 2135 iis
1541 2076 1777 2147 quihzec
1837 2075 2029 2131 dicunt

438 2173 660 2227 diverso
690 2173 1063 2242 objiciendqu
1095 2182 1180 2228 est
1208 2172 1352 2243 quod
1406 2180 1601 2228 octavo
1628 2171 1911 2227 Geneseos
1938 2184 2029 2226 ca-

437 2268 550 2336 pite
574 2267 844 2338 scriptum
869 2276 950 2322 est
970 2286 986 2323 :
1008 2267 1181 2322 Adam
1207 2267 1398 2338 genuit
1419 2266 1486 2321 ad
1516 2265 1814 2334 imaginem
1842 2278 2022 2320 suam.

436 2357 609 2413 Multo
640 2359 785 2413 enim
812 2359 1001 2429 aptius
1026 2368 1109 2414 est
1136 2365 1194 2412 ut
1227 2358 1317 2412 illa
1345 2356 1411 2412 de
1436 2356 1674 2428 imagine
1710 2354 2026 2424 suscipian-

436 2458 526 2505 tur
567 2463 912 2521 quaecunque
958 2448 1035 2501 ait
1088 2446 1375 2517 Scriptura
1422 2444 1490 2500 de
1553 2443 1691 2498 Filio
1756 2451 1809 2496 et
1864 2440 2027 2495 Patre

435 2545 720 2599 hominum
786 2541 1079 2613 (siquidem
1120 2555 1362 2612 prasens
1413 2537 1584 2592 etiam
1628 2536 1844 2591 axioma
1876 2531 2023 2588 Patri

433 2652 500 2693 ac
535 2635 674 2691 Filio
707 2635 801 2691 Dei
837 2634 1142 2704 convenit),
1180 2648 1342 2704 quam
1380 2648 1443 2688 ea
1476 2646 1600 2703 quae
1637 2630 1702 2685 de
1742 2629 1923 2700 lignea
1959 2637 2026 2680 ac

435 2744 599 2785 cerea
643 2728 882 2800 imagine
905 2728 1187 2791 dicuntur,
1219 2740 1340 2796 quae
1384 2724 1605 2795 proprie
1644 2736 1755 2778 non
1789 2727 1897 2786 est,
1927 2718 2025 2775 sed

434 2822 735 2893 impmprie
770 2821 976 2876 dicitur
1009 2819 1211 2889 imago.
1259 2837 1277 2870 ι
1324 2817 1484 2884 Quod
1525 2831 1620 2887 per
1649 2814 1801 2869 illum
1839 2819 2022 2868 creata

436 2918 550 2972 sint
576 2916 784 2971 omnia.
827 2934 846 2966 ι
884 2912 1018 2967 Nam
1052 2912 1237 2968 omnia
1272 2926 1370 2983 per
1397 2911 1573 2981 ipsum
1610 2908 1752 2962 facta
1784 2913 1936 2972 sunt,
1968 2912 2024 2960 et

435 3008 555 3063 sine
608 3007 727 3078 ipso
780 3005 985 3060 factum
1031 3015 1117 3061 est
1162 3004 1322 3069 nihil,
1354 3001 1499 3073 quod
1553 2999 1757 3054 factum
1809 3005 1916 3055 est.
1962 2995 2022 3052 Si

432 3110 615 3155 autem
645 3098 853 3162 omnia,
882 3098 1052 3168 igitur
1094 3097 1260 3153 etiam
1296 3093 1475 3165 angeli
1523 3111 1536 3147 :
1572 3089 1852 3163 quomodo
1890 3102 2023 3160 ergo

432 3208 531 3265 per
574 3192 798 3263 angelos
848 3190 1177 3247 existimatis
1232 3203 1330 3245 vos
1383 3187 1586 3242 habere
1639 3197 1920 3240 accessum
1965 3187 2021 3236 et

434 3301 542 3341 non
574 3300 671 3357 per
697 3281 920 3347 Filium,
946 3283 1040 3353 qui
1075 3281 1339 3337 Dominus
1359 3287 1444 3335 est
1463 3275 1825 3349 angelorum?
1848 3290 1867 3325 ι
1892 3273 2020 3328 Sive

431 3377 639 3433 throni.
682 3395 702 3428 ι
766 3373 1064 3446 Postquam
1111 3372 1429 3431 summatim
1492 3368 1789 3426 invisibilia
1855 3365 2017 3433 dixit,

432 3484 651 3525 rursum
701 3467 866 3524 veluti
924 3467 1246 3538 singulatim
1299 3479 1557 3521 sermone
1597 3466 2016 3518 commemorat.

438 3582 457 3617 ι
496 3561 687 3616 Omnia
720 3575 816 3632 per
859 3559 1064 3631 ipsum.
1098 3576 1120 3612 ι
1165 3558 1303 3614 Cum
1353 3556 1609 3627 superius
1656 3552 1889 3609 dixisset
1922 3562 2020 3620 per

434 3652 613 3722 ipsum
635 3657 822 3707 creata
860 3665 985 3706 esse
1023 3649 1229 3714 omnia,
1263 3662 1412 3703 nunc
1450 3644 1607 3717 quasi
1651 3643 1891 3715 seipsum
1933 3640 2020 3695 in-

431 3753 759 3814 terprctans,
792 3744 870 3799 ait
904 3740 1138 3798 :Omnia
1172 3757 1268 3812 per
1298 3740 1449 3794 illum
1482 3746 1539 3794 et
1566 3737 1623 3793 in
1652 3735 1805 3791 illum
1830 3740 2017 3790 creata

430 3846 581 3904 sunt,
634 3836 950 3908 signiﬁcans
1028 3833 1401 3905 supradictam
1470 3830 1914 3902 praepositionem
1958 3828 2025 3880 ὲν

430 3942 530 3998 pro
562 3927 649 3981 διά
674 3926 819 3997 capi,
851 3925 903 3981 id
926 3933 1031 3989 est,
1068 3924 1126 3981 In
1156 3938 1254 3993 pro
1282 3921 1404 3977 Per.
1430 3942 1447 3974 ‹
1475 3920 1541 3975 Ει
1573 3921 1627 3975 in
1658 3919 1808 3974 illum
1832 3925 2023 3975 creata

427 4027 577 4075 sunt.
617 4037 636 4070 ι
671 4016 786 4072 Hoc
817 4025 920 4081 est,
948 4016 1015 4071 ab
1044 4016 1163 4085 ipso
1199 4013 1399 4085 pendet
1431 4012 1676 4067 omnium
1706 4008 2016 4065 consisten-

428 4111 527 4174 tia,
571 4125 678 4165 non
730 4109 909 4166 solum
943 4095 1091 4179 quod
1136 4108 1190 4164 in
1234 4122 1358 4164 esse
1387 4105 1708 4177 produxerit
1735 4118 1859 4158 cum
1901 4118 2012 4159 non

426 4207 636 4263 essent,
671 4213 856 4254 verum
898 4198 1064 4255 etiam
1097 4198 1244 4268 quod
1274 4196 1386 4267 jam
1420 4197 1563 4252 facta
1589 4194 1892 4252 contineat.

497 4289 543 4358 l,
594 4291 783 4349 17-20.
833 4292 903 4347 Et
938 4292 1049 4363 ipse
1089 4302 1165 4348 est
1186 4300 1310 4346 ante
1355 4292 1557 4359 omnia,
1600 4299 1652 4344 et
1702 4290 1883 4343 omnia
1919 4304 2013 4358 per

425 4382 578 4438 illum
613 4386 909 4440 consistunt
937 4401 957 4440 .'
989 4394 1040 4440 et
1086 4386 1199 4455 ipse
1234 4393 1314 4439 est
1355 4393 1512 4452 caput
1543 4381 1780 4452 corporis
1826 4380 2004 4436 Eccle-

426 4478 546 4545 δίαν,
572 4478 663 4548 qui
692 4489 771 4533 est
798 4478 1141 4549 principium,
1164 4477 1546 4548 primogenitae
1576 4491 1643 4530 ex
1673 4476 1921 4540 mortuis,
1952 4483 2009 4527 ut

2135 596 2233 667 τὴν
2254 598 2458 662 αἰτίαν,
2496 599 2574 672 τῷ
2602 602 2795 672 αἵματι
2814 601 2980 657 αὑτοῦ
3003 605 3197 675 ἄφεσιν
3228 608 3517 680 ἁμαρτιῶν
3547 611 3720 682 ἐργα-

2138 689 2394 760 σάμενος.
2422 692 2485 745 Εἰ
2512 691 2622 764 γάρ
2664 694 2739 766 μὴ
2784 694 3090 766 ἀφείθημεν
3131 699 3239 754 τῶν
3274 701 3585 771 ἁμαρτιῶν,
3619 703 3720 756 οὐκ

2137 781 2203 835 ἂν
2236 784 2319 847 εἰς
2346 782 2445 856 τὴν
2469 784 2578 837 τῶν
2609 786 2855 857 οὐρανῶν
2883 786 3160 857 βασιλείαν
3189 791 3552 863 μετέστημεν.
3586 797 3722 858 «Ὃς

2135 876 2284 931 ἐστιν
2318 877 2483 932 εἰκὼν
2521 878 2614 934 τοῦ
2649 881 2811 936 Θεοῦ.
2841 900 2860 934 ι
2918 882 3018 936 Διὰ
3062 882 3124 936 τὸ
3167 885 3590 956 ἀπαράλλακτον
3622 888 3720 941 καὶ

2136 970 2401 1026 πάντοθεν
2445 972 2558 1026 ἴσον
2605 974 2699 1027 καὶ
2740 974 2949 1045 ὅμοιον,
3004 975 3190 1030 εἰκόνα
3228 978 3384 1032 καλεῖ
3430 980 3522 1033 τὸν
3563 980 3716 1045 Υἱὸν,

2135 1064 2300 1119 οἰονεί
2346 1066 2644 1137 ἐκμαγεῖον
2671 1066 2766 1121 τοῦ
2808 1067 3122 1139 ἀρχετύπου
3154 1070 3405 1134 κάλλους.
3457 1073 3571 1142 Πρδ
3613 1072 3721 1126 πά-

2137 1171 2258 1226 σης,
2321 1159 2480 1227 φησὶ,
2528 1157 2629 1228 τῆς
2678 1160 2910 1223 κτίσεως
2960 1160 3166 1231 ὁρατῆς
3199 1177 3260 1214 τε
3314 1161 3411 1215 καὶ
3457 1160 3716 1233 ἀοράτου,

2135 1249 2422 1320 γεννηθεὶς
2446 1251 2755 1317 συναῖδίως.
2784 1271 2803 1305 t
2831 1253 3185 1324 Πρωτότοκος
3207 1252 3390 1322 πάσης
3426 1254 3712 1318 κτίσεως.»

2135 1339 2418 1408 Τουτέστι,
2446 1344 2553 1415 πρὸ
2578 1343 2759 1413 πάσης
2798 1346 3029 1410 κτίσεως
3065 1346 3430 1418 πρωτοτόκως
3489 1345 3585 1401 καὶ
3622 1363 3713 1417 μο-

2134 1435 2370 1504 νογενῶς
2406 1437 2681 1508 γενηθείς.
2711 1439 2867 1504 Τινὲς
2892 1441 2956 1494 ἐκ
2979 1440 3090 1494 τῶν
3110 1440 3337 1495 εἰκόνων
3359 1441 3468 1497 τῶν
3498 1442 3554 1494 ὲν
3582 1444 3717 1512 ἡμῖν

2135 1527 2530 1599 πλανηθέντες,
2567 1532 2630 1587 αῖ
2658 1532 2798 1586 εἰσιν
2821 1534 2888 1586 ἐκ
2918 1533 3145 1588 σανίδων
3185 1534 3281 1590 καὶ
3311 1534 3508 1606 κηροῦ,
3542 1532 3718 1597 οὕτως

2134 1618 2393 1690 ἐνόμισαν
2424 1622 2519 1675 καὶ
2550 1622 2681 1694 περί
2714 1621 2810 1677 τοῦ
2844 1622 2976 1678 Υίοῦ
3011 1624 3106 1677 τοῦ
3130 1623 3294 1680 Θεοῦ.

2209 1802 2422 1875 Ὥσπερ
2448 1804 2581 1874 γὰρ,
2606 1804 2796 1876 φησὶν,
2841 1816 3024 1869 autat,
3049 1800 3189 1869 εἶδος
3213 1803 3313 1875 μὲν
3340 1803 3434 1858 καὶ
3459 1801 3713 1873 ὁμοίωμα

2132 1892 2399 1960 σώζουσιν
2447 1895 2760 1966 ἀνθρώπου,
2802 1897 2862 1951 οὐ
2896 1897 3006 1968 μὴν
3047 1896 3273 1969 φύσινῆ
3313 1896 3523 1960 οὐσίαν,
3571 1893 3714 1948 οὕτω

2130 1989 2222 2043 καί
2261 1988 2290 2042 ὁ
2329 1987 2458 2053 Υἱὸς
2495 1987 2592 2044 τοῦ
2642 1989 2880 2060 Πατρός.
2946 1988 3285 2061 ’Δρειανικὸν
3321 1988 3380 2042 δὲ
3422 1986 3485 2041 τὸ
3520 1985 3714 2041 δυσοι-

2130 2080 2196 2151 6η
2207 2097 2305 2150 μα.
2354 2079 2516 2135 Ἀλλὰ
2546 2083 2658 2144 τοῖς
2681 2079 2839 2136 τοῦτο
2870 2080 3143 2150 λέγουσιν,
3177 2078 3485 2134 ἀντιθετέον
3508 2078 3569 2132 τὸ
3595 2077 3712 2130 κεί-

2131 2189 2291 2245 μενον
2329 2174 2387 2227 ὲν
2436 2175 2502 2244 τῇ
2567 2173 2608 2226 Γ
2611 2173 2784 2227 ενέσει
2822 2172 2919 2237 τῆς
2953 2180 3035 2243 η”
3090 2175 3195 2235 ὅτι,
3241 2173 3427 2241 φησὶν,
3462 2170 3491 2223 ὁ
3540 2167 3714 2238 Ἀδὰμ

2128 2264 2387 2339 ἐγέννησε
2416 2264 2561 2320 κατὰ
2584 2264 2682 2338 τὴν
2704 2265 2890 2319 εἰκόνα
2909 2262 3100 2319 αὑτοῦ.
3122 2264 3265 2318 Πολὺ
3291 2263 3403 2333 γὰρ
3442 2256 3713 2332 ἁρμοδιώ-

2125 2375 2285 2429 τερον
2328 2360 2513 2414 ὲκεϊνα
2544 2358 2805 2426 δέξασθαι
2852 2358 2989 2430 περὶ
3033 2356 3264 2423 εἰκόνος,
3310 2355 3478 2425 ὄσαὴ
3521 2352 3709 2423 Γραφή

2126 2468 2260 2524 φησι
2288 2453 2418 2522 περὶ
2460 2451 2554 2505 τοῦ
2587 2449 2719 2505 Υἰοῦ
2761 2450 2854 2505 καὶ
2893 2449 3111 2521 Πατρδς
3158 2446 3468 2519 ἀνθρώπων
3500 2444 3711 2517 (ἐπειδὴ

2125 2543 2222 2600 καὶ
2252 2543 2315 2599 τδ
2341 2542 2705 2616 προκείμενον
2756 2540 3024 2613 θεώρημα
3064 2541 3146 2606 εἰς
3184 2542 3411 2611 Πατέρα
3449 2540 3545 2594 καί
3581 2538 3710 2591 Υἰὸν

2124 2636 2261 2692 Θεοῦ
2321 2636 2626 2710 ἀνήκει),ἢ
2667 2636 2737 2691 τὰ
2776 2634 2870 2689 ἐπὶ
2913 2636 3013 2706 τῆς
3052 2633 3161 2689 ἀπὸ
3202 2632 3362 2699 ξύλου
3406 2632 3499 2686 καὶ
3532 2627 3707 2701 κηροῦ

2124 2728 2356 2793 εἰκόνος,
2401 2729 2524 2799 ητις
2565 2727 2666 2781 οὐκ
2722 2726 2840 2781 ἔστι
2873 2727 2973 2797 μὲν
3011 2724 3237 2797 κυρίως,
3262 2723 3479 2792 λέγεται
3510 2722 3567 2776 δὲ
3606 2738 3709 2774 κα-

2122 2819 2505 2894 ταχρηστικῶς
2531 2818 2715 2874 εἰκών.
2771 2819 2925 2873 «Ὅτι
2964 2819 3023 2873 ὲν
3048 2816 3198 2888 αὐτῷ
3223 2815 3447 2885 ἐκτίσθη
3479 2814 3549 2868 τὰ
3569 2813 3708 2869 πάν-

2122 2932 2209 2968 τα.
2235 2932 2253 2965 ι
2299 2912 2484 2967 Πάντα
2515 2912 2625 2984 γὰρ
2645 2910 2713 2964 δι’
2746 2907 2914 2964 αὐτοῦ
2949 2908 3188 2977 ἐγένετο,
3212 2905 3309 2960 καὶ
3337 2904 3506 2975 χωρὶς
3539 2899 3709 2956 αὑτοῦ

2122 3005 2342 3076 ἐγένετο
2379 3002 2499 3058 οὐδὲ
2523 3002 2601 3070 ἒν,
2638 3001 2668 3056 ὃ
2705 3003 2951 3071 γέγονεν.
2977 3000 3042 3053 Εἰ
3073 2998 3131 3053 δὲ
3168 2998 3367 3063 πάντα,
3394 2994 3589 3049 οὐκοῦν
3612 2991 3709 3046 καὶ

2122 3097 2369 3167 ἄγγελοι.
2420 3095 2547 3161 Πῶς
2586 3094 2682 3150 οὖν
2722 3092 2792 3148 δι’
2830 3092 3081 3162 ἀγγέλων
3128 3089 3381 3161 νομίζετε
3426 3088 3571 3157 ἔχειν
3605 3084 3707 3155 τὴν

2122 3187 2516 3262 προσαγωγὴν,
2544 3188 2638 3243 καὶ
2669 3186 2730 3241 οὐ
2757 3185 2845 3240 διὰ
2870 3184 2963 3238 τοῦ
2999 3183 3153 3248 Υἰοῦ,
3178 3181 3272 3236 τοῦ
3296 3178 3572 3234 Δεσπότου
3594 3179 3703 3230 τῶν

2122 3282 2403 3354 ἀγγέλων;
2439 3302 2457 3334 ι
2484 3281 2607 3336 Εἴτε
2637 3279 2838 3352 θρόνοι.
2867 3298 2886 3331 ι
2921 3278 3046 3332 Ἐπί
3092 3274 3292 3347 ὀμάδος
3331 3270 3501 3327 εἰπὼν
3533 3270 3602 3325 τὰ
3640 3270 3705 3325 ά-

2123 3378 2317 3451 όρατα,
2342 3376 2503 3432 πάλιν
2532 3374 2723 3447 ὥσπερ
2747 3373 2870 3429 καθ’
2890 3372 3009 3437 ἑνὸς
3038 3370 3396 3440 ἐπεξέρχεται
3426 3366 3506 3437 τῷ
3534 3366 3699 3436 λόγῳ.

2129 3467 2239 3522 «Τά
2250 3467 2426 3521 πάντα
2445 3466 2511 3520 δι’
2538 3464 2727 3521 αὐτοῦ.
2741 3484 2760 3518 ι
2804 3465 2972 3529 Ἀνω,
3009 3462 3100 3518 Ἐν
3118 3460 3270 3533 αὐτῷ
3288 3457 3457 3513 εἰπὼν
3479 3455 3703 3521 ἐκτίσθη

2120 3560 2190 3615 τὰ
2240 3560 2437 3623 πάντα,
2490 3558 2587 3614 νῦν
2641 3557 2833 3630 ὥσπερ
2887 3555 3280 3629 ὲφερμηνεύων
3303 3552 3515 3618 ἑαυτὸν,
3545 3549 3702 3622 φησί’

2122 3650 2311 3706 Πάντα
2337 3648 2405 3704 δι’
2432 3649 2600 3704 αὐτοῦ
2654 3649 2749 3704 καὶ
2783 3650 2864 3713 εἰς
2896 3648 3060 3702 αὐτὸν
3090 3646 3360 3708 ἔκτισται,
3392 3642 3588 3712 δηλῶν,
3623 3642 3705 3695 ὅτι

2102 3741 2182 3797 ’τὸ
2225 3739 2516 3812 εἰρημένον
2561 3740 2694 3803 ἄνω,
2751 3739 2845 3806 ἐν,
2882 3738 2983 3792 διά
3025 3739 3163 3791 ἐστι.
3222 3734 3377 3791 «Καὶ
3418 3734 3501 3797 εἰς
3540 3730 3703 3785 αὑτὸν

2119 3834 2387 3891 ἔκτισται.
2414 3853 2433 3887 ι
2483 3835 2800 3899 Τουτέστιν,
2848 3834 2927 3896 εἰς
2959 3832 3124 3885 αὑτὸν
3154 3830 3391 3901 ἤρτηται
3424 3829 3457 3898 ἡ
3485 3827 3705 3882 πάντων

2119 3927 2436 3992 ὑπόστασις.
2490 3927 2567 3982 Οὐ
2623 3927 2735 3999 γὰρ
2776 3927 2936 3998 μόνον
2984 3927 3051 3979 ὲκ
3084 3923 3179 3978 τοῦ
3228 3923 3304 3994 μὴ
3344 3923 3498 3984 ὄντος
3530 3921 3616 3983 εἰς
3642 3918 3705 3973 τὸ

2117 4019 2260 4078 εἰναι
2288 4023 2640 4094 παρήγαγεν,
2679 4020 2821 4076 ἀλλὰ
2851 4019 2947 4075 καὶ
2980 4017 3252 4090 γενόμενα
3285 4015 3593 4089 διακρατεῖ.

2186 4296 2296 4352 Καὶ
2332 4297 2518 4365 αὐτός
2565 4295 2697 4352 ἐστι
2734 4295 2848 4365 πρὸ
2883 4293 3147 4359 πάντων,
3185 4291 3283 4350 καί
3307 4292 3380 4348 τὰ
3406 4290 3604 4347 πάντα
3631 4289 3709 4345 ἐν

2112 4389 2275 4456 αὑτῷ
2312 4389 2678 4457 συνέστηκε,
2713 4390 2811 4443 καί
2845 4389 3028 4455 αὑτός
3056 4388 3230 4445 ἐστιν
3255 4388 3297 4457 ἡ
3322 4384 3556 4455 κεφαλὴ
3591 4382 3701 4438 τοῦ

2112 4484 2386 4553 σώματος
2414 4482 2524 4553 τῆς
2554 4482 2937 4551 Ἐκκλησίας,
2975 4481 3043 4548 ὅς
3079 4482 3248 4537 ἐστιν
3275 4477 3701 4548 ἁρχή,πρωτό-

424 4568 493 4622 ait
524 4569 580 4622 in
620 4569 862 4623 carnibus
902 4571 1013 4639 ipse
1040 4570 1246 4639 primas
1290 4577 1469 4622 tenens
1501 4566 1799 4638 :quoniam
1836 4566 1890 4620 in
1915 4565 2010 4619 illo

2128 4594 2297 4644 τοκος
2348 4576 2418 4630 ἐκ
2474 4573 2595 4630 τῶν
2654 4572 2907 4645 νεκρῶν,
2970 4577 3071 4630 ἵνα
3112 4575 3356 4645 γένηται
3394 4572 3465 4625 ὲν
3506 4569 3700 4625 πᾶσιν

426 4661 800 4729 εοηιριαεὶιιιηι
851 4671 931 4717 est
964 4661 1119 4718 Patri
1159 4663 1466 4718 universam
1507 4659 1889 4732 ptenitudinem
1922 4661 2008 4714 ἰη-

426 4752 686 4816 habitare,
711 4763 759 4809 et
788 4770 880 4823 per
901 4771 1021 4808 eum
1055 4754 1399 4810 reconciliare
1417 4760 1607 4808 cuncta
1627 4768 1755 4823 erga
1779 4768 1830 4807 se
1860 4753 2011 4823 (pare

424 4846 573 4914 f.:cta
617 4862 709 4915 per
742 4848 1054 4919 sanguinem
1106 4849 1278 4903 crucia
1307 4846 1439 4917 suae)
1483 4862 1578 4917 per
1614 4846 1869 4915 seipsum,
1902 4846 2009 4900 sive

422 4955 539 5009 qua:
572 4940 625 4993 in
660 4948 801 4993 terra
835 4949 981 5006 sunt,
1021 4941 1128 4995 sive
1160 4956 1279 5012 qua:
1303 4943 1355 4996 in
1378 4940 1546 4996 σανίὶι.

498 5133 519 5167 ι
556 5112 624 5167 Ει
667 5113 783 5186 ipse
821 5122 907 5170 est
951 5123 1080 5172 ante
1114 5116 1321 5173 omnia.
1362 5135 1382 5168 ι
1428 5114 1549 5171 Non
1598 5116 1775 5172 dixit:
1807 5114 2005 5171 Factus

420 5212 503 5262 est
542 5214 670 5261 ante
727 5206 932 5271 omnia,
985 5208 1104 5272 sed,
1152 5206 1251 5263 Est
1306 5219 1430 5264 ante
1484 5208 1694 5275 omnia,
1739 5208 1842 5265 hoc
1895 5218 2001 5274 est,

420 5296 817 5369 Quodcumque
835 5315 934 5355 ens
952 5301 1298 5373 conceperis,
1319 5302 1569 5359 invenies
1597 5303 1777 5374 ipsum
1799 5318 2006 5372 praece-

419 5391 638 5448 dentem
684 5399 738 5447 et
779 5401 939 5446 antea
974 5394 1327 5463 productum,
1361 5404 1627 5466 perpetuo
1671 5397 1834 5454 simul
1874 5413 1999 5452 cum

2112 4665 2298 4732 αὐτὸς
2330 4664 2670 4735 πρωτεύων.
2709 4666 2833 4720 Ὅτι
2856 4664 2927 4720 ἐν
2953 4661 3116 4730 αὑτῷ
3143 4663 3446 4731 είσὸόκησε
3473 4660 3600 4715 πᾶν
3630 4660 3698 4713 τὸ

2111 4756 2406 4828 πλήρωμα
2448 4756 2831 4827 κατοικῆσαι,
2871 4758 2972 4812 καὶ
3017 4758 3093 4814 δι’
3136 4755 3325 4811 αὐτοῦ
3355 4755 3699 4810 ἀποκαταλ-

2109 4851 2294 4916 λάξαι
2336 4852 2413 4906 τὰ
2463 4850 2664 4906 πάντα
2705 4852 2794 4917 εἰς
2833 4849 3043 4916 αὑτὸν,
3085 4844 3554 4916 εἰρηνοποιήσας
3599 4842 3699 4897 διὰ

2108 4945 2216 5001 τοῦ
2249 4945 2506 5015 αἵματος.
2526 4941 2635 4997 τοῦ
2674 4941 2943 5009 σταυροῦ
2973 4939 3165 4996 αὑτοῦ
3191 4939 3269 4994 δι’
3317 4937 3528 5003 αὐτοῦ,
3573 4936 3697 4991 εἶτε

2109 5037 2180 5091 τὰ
2198 5036 2298 5091 ἐπὶ
2338 5034 2451 5103 τῆς
2482 5034 2618 5106 γῆς,
2657 5034 2778 5087 εἴτε
2800 5032 2872 5086 τὰ
2900 5032 2998 5086 ἐπὶ
3023 5032 3148 5099 τοῖς
3178 5031 3479 5100 οὐρανοῖς.

2188 5150 2207 5182 ι
2234 5130 2343 5184 Καὶ
2378 5128 2539 5192 αὑτός
2572 5129 2691 5181 ἐστι
2714 5127 2819 5198 πρὸ
2843 5126 3084 5181 πάντων.
3111 5144 3131 5177 ι
3176 5126 3292 5180 Οὐκ
3327 5124 3501 5186 εἶπεν.
3544 5124 3696 5190 Ἐγέ-

2106 5240 2230 5278 νετο
2255 5221 2362 5294 πρὸ
2388 5220 2625 5285 πάντων,
2654 5218 2790 5285 ἀλλ’,
2822 5218 2977 5273 Ἐστι
3012 5217 3119 5288 πρὸ
3147 5218 3387 5283 πάντων,
3418 5217 3687 5278 τουτέστι,

2107 5317 2222 5370 Πᾶν
2271 5315 2301 5368 ὃ
2352 5311 2448 5367 ἐὰν
2483 5313 2742 5385 ἐννοήσῃς
2769 5351 2786 5377 ,
2834 5312 2998 5366 αὑτὸν
3061 5311 3301 5382 προόντα
3345 5309 3442 5364 καί
3488 5312 3691 5379 προῦφ-

2105 5408 2318 5462 εστῶτα
2339 5407 2614 5478 εὑρήσεις,
2637 5406 2822 5469 ἅῖδίως
2850 5405 3265 5475 συνυπάρχοντα
3289 5402 3366 5474 τῷ
3388 5404 3568 5474 Πατρὶ
3596 5402 3691 5456 καί

418 5482 578 5539 Patre
602 5496 654 5539 et
692 5484 898 5555 Spiritu
938 5485 1363 5543 subsistentem.
1389 5487 1673 5560 Siquidem
1704 5491 2003 5561 temporale

2128 5497 2182 5567 τῷ
2224 5494 2525 5566 Πνεῦματι.
2554 5495 2629 5549 Τὸ
2652 5496 2762 5567 γὰρ
2793 5496 3046 5566 ἄχρονον,
3079 5495 3339 5567 ἁρμόδιον
3366 5493 3505 5563 Θεῷ.
3540 5512 3558 5546 ι
3598 5493 3687 5545 Ἑν

418 5593 528 5633 non
558 5592 701 5641 esse,
736 5580 957 5648 proprie
990 5579 1098 5635 Deo
1129 5581 1406 5636 convenit.
1448 5601 1466 5633 ς
1503 5581 1605 5638 Per
1631 5584 1785 5637 illum
1816 5586 2001 5638 consi-

2128 5589 2253 5660 ιὺτῷ
2284 5589 2646 5659 συνέστηκε.»
2705 5588 2782 5641 Δι’
2839 5587 3005 5642 αὐτοῦ
3052 5588 3152 5659 τὴν
3188 5586 3403 5657 γένεσιν
3449 5586 3547 5639 καὶ
3583 5586 3687 5655 τὴν

419 5679 595 5726 ειυοι.
631 5688 650 5723 ι
691 5671 850 5741 122
876 5670 1007 5727 Nam
1037 5689 1134 5743 per
1156 5674 1335 5745 ipsum
1363 5678 1781 5746 productionem
1798 5678 2000 5734 habent

2136 5684 2363 5756 ιαμονὴν
2396 5682 2529 5754 ἔχει.
2569 5702 2587 5736 ι
2610 5683 2722 5738 Καὶ
2753 5682 2914 5744 αὐτός
2946 5683 3094 5734 ἐστιν
3124 5682 3158 5752 η
3194 5679 3404 5750 κεφαλὴ
3437 5680 3532 5732 τοῦ
3575 5677 3684 5731 σώ-

418 5770 473 5818 et
519 5762 960 5819 subsistet-tiam.
1001 5785 1020 5816 ι
1067 5766 1137 5820 Et
1188 5766 1305 5836 ipse
1342 5775 1430 5824 est
1474 5778 1638 5838 caput
1668 5770 1939 5841 corporis.
1973 5789 1992 5822 ι

2128 5795 2294 5841 ιατος.
2326 5795 2344 5830 ι
2380 5776 2573 5843 Δείξας
2615 5776 2709 5829 καὶ
2740 5774 2911 5828 εἰπὼν
2939 5773 3106 5827 αὑτοῦ
3146 5773 3244 5845 τὴν
3282 5772 3536 5842 δύναμιν,
3567 5770 3684 5823 λοι-

419 5853 524 5911 Ubi
556 5854 706 5911 illius
749 5855 890 5913 dixit
941 5871 1008 5912 ac
1050 5858 1448 5916 demonstravit
1498 5862 1818 5933 potentiam,
1865 5864 1996 5920 dicit

2128 5868 2203 5923 ιδν
2231 5866 2381 5937 λέγει
2423 5867 2518 5921 καί
2549 5866 2648 5937 τὴν
2677 5863 3109 5936 φιλανθρωπίαν,
3153 5863 3232 5918 ὅτι
3266 5864 3483 5917 πάντων
3507 5862 3684 5935 ὑπάρ-
