4036 6638
384 409 450 473 21
1114 394 1119 399 ’
1410 401 1795 488 COMMENT.
1826 401 1908 462 IN
1946 400 2181 461 EPIST-
2230 400 2325 460 AD
2360 396 2657 460 COLOSS.
3540 386 3610 446 22

380 535 491 590 χων
544 516 847 588 δεσπότης,
908 516 1019 580 τοῖς
1065 515 1215 570 κάτω
1257 515 1494 586 συνῆψεν
1534 514 1746 569 ἑαυτόν.
1807 512 1988 582 «Τῆς⁴

2096 519 2467 580 onscquenter
2516 516 2570 563 et
2609 505 3022 577 benignitatem,
3054 503 3198 575 quod
3233 518 3357 559 cum
3392 503 3634 556 omnium

390 610 771 680 Ἐκκλησίας.›
810 608 918 662 Τοῦ
943 609 1161 663 πάντων
1189 606 1495 678 ἀνθρώπων
1522 607 1733 676 γένους.
1773 607 1962 677 «Πρω-

380 702 606 764 τότοκος
662 704 725 754 ὲκ
762 701 872 754 τῶν
906 700 1137 772 νεκρῶν.
1165 719 1184 753 ι
1245 700 1433 771 Ἀρχὴ,
1478 700 1666 770 φησὶν,
1721 697 1961 753 ἀναστά-

385 808 525 854 σεως
556 791 648 844 καὶ
681 790 952 861 πρόφασις
983 791 1292 861 γενόμενος.
1338 791 1404 844 Ἠ
1437 791 1657 863 ἀπαρχὴ
1680 791 1757 857 δὲ,
1776 778 1987 861 δηλοῖιτ

382 881 465 937 ότι
535 883 631 935 καὶ
652 880 713 934 τὸ
741 883 850 935 πᾶν
885 881 998 953 ἔχει
1033 883 1321 952 ἑπόμενον.
1370 883 1618 953 ’Δπαρχὴ
1647 882 1703 935 δὲ
1733 884 1961 947 νοεῖται,

383 976 445 1028 τὸ
489 975 771 1044 ἐξαίρετον
820 977 916 1030 καὶ
975 976 1096 1047 Θεῷ
1138 978 1218 1040 εξς
1281 976 1473 1031 θυσίαν
1528 977 1960 1050 προσαγόμενον.

385 1063 558 1116 Τοῦτο
613 1063 720 1133 γὰρ
768 1065 862 1118 καὶ
906 1067 935 1119 6
979 1066 1215 1136 Χριστὸς
1254 1066 1573 1138 πεποίηκεν.
1613 1086 1632 1119 ι
1671 1067 1758 1120 Ἐν
1797 1067 1965 1121 πᾶσιν

384 1156 551 1219 αὐτὸς
604 1158 923 1225 πρωτεύων.
952 1177 971 1210 ι
1041 1159 1152 1212 Καὶ
1196 1160 1305 1230 γάρ
1342 1160 1436 1213 καὶ
1462 1160 1570 1232 πρὸ
1600 1161 1819 1215 πάντων
1852 1161 1963 1216 τῶν

386 1248 600 1301 αἰώνων
640 1248 965 1320 γεγέννηται
996 1249 1060 1304 ὲκ
1085 1251 1180 1304 τοῦ
1218 1252 1452 1322 Πατρδς,
1475 1252 1572 1307 καὶ
1599 1255 1704 1325 πρὸ
1739 1253 1960 1307 πάντων

389 1341 694 1412 ἀνθρώπων
746 1341 945 1414 ἀνέστη
998 1343 1063 1397 ὲκ
1105 1343 1212 1398 τῶν
1251 1345 1495 1415 νεκρῶν,
1529 1345 1826 1400 ἀνάστασιν
1867 1347 1965 1416 τὴν

389 1433 489 1487 οὐκ
528 1433 612 1487 ἔτι
647 1433 921 1508 ὀψομένην
951 1435 1200 1494 θάνατον.
1252 1456 1272 1490 ‹
1296 1438 1420 1491 Ὅτι
1459 1440 1517 1491 ὲν
1555 1438 1703 1509 αὐτῷ
1742 1438 1968 1507 εὐδόκη-

393 1540 502 1580 σεν,
528 1544 546 1576 ›
577 1525 830 1595 Θέλησις,
867 1526 1025 1596 φησὶ,
1057 1528 1152 1581 καὶ
1182 1527 1400 1582 εὐδοκία
1433 1528 1657 1597 γέγονεν
1701 1531 1759 1582 έν
1792 1529 1962 1602 αὐτῷ,

390 1617 658 1683 τουτέστι,
698 1617 777 1688 τῷ
812 1618 1058 1690 Χριστῷ,
1107 1620 1252 1674 ἅπαν
1291 1620 1353 1674 τὸ
1404 1621 1677 1694 πλήρωμα
1709 1623 1967 1695 κατοικῆ-

393 1722 484 1759 σαι
512 1707 611 1772 τῆς
641 1707 911 1777 θεότητος,
940 1708 1070 1762 ὡσεὶ
1096 1703 1270 1763 εἶπενο
1301 1709 1370 1762 Εἴ
1395 1727 1447 1764 τι
1476 1706 1543 1783 ἦν
1572 1712 1599 1763 6
1617 1711 1748 1775 Θεὸς
1769 1712 1962 1780 Λόγος,

2065 604 2139 659 sit
2191 602 2476 666 Dominus,
2527 599 2886 654 inferioribus
2949 597 3195 669 seipsum
3265 594 3630 665 coniunxerit.

2071 714 2089 748 ι
2139 693 2414 749 Ecclesiae.
2461 711 2480 744 ι
2526 690 2756 747 Generis
2797 691 3043 746 omnium
3101 690 3405 744 hominum.
3460 705 3479 739 ι
3523 686 3642 740 Ριὶο

2068 787 2375 858 mogenitus
2402 801 2465 841 ex
2499 784 2750 839 mortuis.
2784 802 2803 835 ι
2845 781 3069 848 Factus,
3107 784 3303 853 inquit,
3341 780 3557 835 initium
3593 788 3647 834 ct

2066 878 2287 935 occasio
2318 875 2764 932 resurrectionis.
2794 874 3059 930 Primitiae
3089 890 3240 937 vero.
3279 888 3476 944 nempe
3524 885 3646 925 om-

2066 968 2159 1024 nia
2192 966 2400 1022 habens
2428 980 2487 1022 se
2519 968 2828 1037 sequentia.
2879 957 3418 1038 lnlelligitur'autem
3456 962 3648 1033 primi-

2067 1062 2154 1119 tiae
2211 1062 2358 1135 quod
2442 1064 2777 1136 praecipuum
2830 1068 2935 1127 est,
3004 1067 3059 1115 et
3124 1059 3231 1114 Deo
3284 1058 3336 1112 in
3415 1057 3647 1112 bestiam

2066 1155 2318 1215 offertur.
2363 1156 2478 1214 Hoc
2514 1157 2714 1214 etenim
2767 1154 3022 1231 Christus
3070 1151 3219 1207 fecit.
3274 1168 3294 1203 ι
3349 1147 3421 1205 Ut
3474 1149 3545 1204 sit
3596 1148 3649 1201 in

2067 1252 2323 1308 onmibus
2374 1253 2491 1324 ipse
2536 1252 2743 1323 primas
2787 1261 3000 1304 tenens.
3046 1266 3065 1300 ι
3112 1246 3247 1302 Nam
3285 1251 3341 1301 et
3381 1254 3505 1298 ante
3536 1256 3654 1295 om-

2067 1343 2158 1397 nia
2200 1343 2401 1398 saacula
2455 1351 2617 1398 natus
2645 1352 2727 1399 est
2753 1358 2819 1399 ex
2842 1334 3020 1406 Patre,
3057 1348 3111 1395 et
3160 1348 3286 1393 ante
3329 1352 3521 1392 omnes
3552 1335 3654 1388 ho-

2067 1435 2246 1491 mines
2272 1436 2515 1491 surrexit
2544 1452 2612 1492 ex
2640 1434 2895 1499 mortuis,
2917 1432 3323 1491 resurrectione
3347 1445 3512 1501 quam
3545 1444 3654 1483 non

2069 1527 2139 1581 sit
2170 1527 2282 1597 jam
2312 1527 2675 1582 subsecutura
2716 1540 2886 1580 mors.
2924 1543 2944 1577 ι
2990 1522 3257 1591 Quoniam
3295 1519 3349 1577 in
3386 1522 3479 1575 illo
3506 1534 3656 1575 com-

2071 1618 2330 1689 placitum
2374 1628 2479 1674 est.
2519 1637 2538 1671 ι
2575 1618 2869 1683 Voluntas,
2904 1616 3102 1685 inquit,
3144 1623 3199 1671 et
3246 1612 3655 1684 bencptacitum

2069 1710 2270 1766 factum
2303 1718 2386 1768 est
2423 1711 2477 1766 in
2516 1712 2657 1782 ipso,
2692 1725 2885 1781 nempe
2916 1709 3162 1774 Christo,
3202 1709 3516 1763 universam
3544 1706 3660 1777 ple-

393 1800 511 1851 ἐκεῖ
536 1799 742 1869 ᾤκησε.
800 1819 819 1853 ι
845 1804 959 1855 Πᾶν
989 1801 1049 1855 τὸ
1078 1803 1352 1875 πλήρωμα
1384 1804 1729 1868 κατοικῆσαι.
1750 1824 1768 1856 ι
1829 1803 1968 1876 [01-

2094 1804 2382 1859 ιὶιιιᾱίηειη
2426 1804 2733 1858 inhabitare
2759 1802 3063 1858 divinitatis
3098 1816 3202 1855 :ac
3232 1802 3280 1857 si
3309 1800 3559 1855 diceret:
3599 1795 3658 1852 Si
3745 1830 3748 1834 λ

395 1863 858 1962 ΚΟΥΜΕΝΙΟΥᾹ
877 1893 951 1947 Οὐ
978 1863 1406 1964 σχετικῶςίάλγ
1422 1897 1479 1949 οὐ
1490 1863 1716 1963 σιωόῶς,
1732 1895 1806 1960 ὡς
1822 1863 1970 1967 ᾧυχὴ

2091 1896 2210 1968 ιιιίιί
2233 1906 2351 1952 erat
2380 1896 2524 1953 Deus
2547 1896 2892 1964 Verbum,ibi
2923 1894 3359 1951 inbabitabat.—-—
3384 1911 3401 1944 ι
3429 1890 3661 1947 Univer-

396 1981 455 2035 ὲν
489 1981 726 2051 σώματι,
768 1985 829 2038 οὐ
873 1985 1018 2057 ψυχὴ
1062 1987 1353 2056 γενόμενος
1393 1987 1471 2061 τῷ
1504 1987 1737 2057 σώματι,
1767 1987 1881 2042 ἀλλ’
1915 1989 1976 2042 ὲν

2091 2005 2197 2046 iam
2226 1990 2622 2060 plenitudinem
2662 1989 2989 2066 inhabitare.
3030 2007 3047 2039 ι
3074 1985 3192 2042 Νοη
3227 1986 3281 2041 in
3318 1984 3538 2040 modum
3564 1983 3667 2037 ba-

400 2071 613 2143 σώματι
664 2076 1041 2148 ἐμψυχωμένῳ
1090 2077 1333 2143 ὲνωθεὶς,
1389 2078 1449 2131 ὃν
1489 2079 1690 2149 τρόπον
1762 2078 1977 2132 ἑνοῦται

2091 2081 2248 2147 bitus,
2275 2082 2367 2138 sed
2401 2082 2745 2147 substantite,
2779 2082 2923 2136 sicut
2948 2081 3128 2135 anima
3159 2080 3209 2133 in
3242 2092 3475 2148 corpore
3511 2094 3524 2130 :
3557 2091 3664 2128 nun

398 2167 544 2239 ψυχὴ
575 2167 807 2240 σώματι,
837 2200 906 2210 -
936 2171 1173 2226 ΙΩΑΝΝ.
1204 2170 1279 2225 Τὸ
1309 2170 1583 2243 πλήρωμα
1602 2211 1617 2235 ,
1654 2172 1705 2224 οἱ
1742 2172 1841 2243 μὲν
1880 2174 1981 2242 τῆς

2091 2175 2265 2228 anima
2294 2174 2472 2229 factus
2507 2175 2750 2244 corpori,
2789 2174 2884 2231 sed
2926 2173 2981 2227 in
3015 2187 3267 2242 corpore,
3312 2171 3366 2225 in
3399 2170 3493 2226 illo
3523 2167 3667 2238 quod

401 2259 658 2332 θεότητος
703 2264 855 2331 φασὶ,
895 2264 1148 2335 καθάπερ
1193 2265 1222 2316 6
1266 2264 1519 2335 Ἰωάννης
1556 2264 1763 2332 ἔλεγεν,
1801 2264 1885 2317 ὅτι
1920 2265 1983 2318 ἐκ

2091 2262 2389 2317 animatum
2436 2271 2556 2319 erat
2602 2264 2811 2330 unitus,
2876 2278 2986 2336 quo
3040 2262 3203 2317 modo
3255 2262 3442 2316 unitur
3488 2260 3669 2313 anima

400 2351 520 2406 τοῦ·
551 2354 919 2424 πληρώματος
994 2355 1159 2409 αὑτοῦ
1210 2357 1371 2427 ἡμεῖς
1436 2356 1638 2419 πάντες
1690 2355 1981 2426 ἐλάϐομεν,

402 2447 702 2513 τουτέστιν,
740 2447 795 2500 εἴ
817 2465 868 2501 τι
909 2443 980 2519 ἦν
1018 2449 1048 2501 6
1079 2449 1225 2514 Υἱὸς,
1253 2448 1372 2512 ὅλος
1396 2449 1425 2501 6
1451 2449 1579 2513 Υἱὸς
1611 2450 1727 2502 ἐκεῖ
1745 2447 1984 2519 ᾤκησεν,

403 2541 525 2611 οὐχὶ
569 2541 822 2609 ἐνέργειά
869 2555 973 2607 τις,
1023 2541 1140 2596 ἀλλ’
1171 2541 1351 2597 οὐσία.
1414 2542 1529 2597 Οὐκ
1570 2541 1685 2612 ἔχει
1717 2542 1773 2595 δὲ
1807 2542 1986 2601 αἰτίαν

408 2635 581 2687 εἰπεῖν
614 2633 897 2702 οὐδεμίαν,
926 2634 1042 2687 ἀλλ’
1068 2634 1100 2706 ἢ
1125 2633 1225 2705 τὴν
1250 2634 1471 2706 θέλησιν
1500 2633 1595 2689 τοῦ
1620 2634 1778 2688 Θεοῦ.
1816 2634 1989 2690 Τοῦτο

407 2726 515 2795 γάρ
541 2728 680 2790 ἐστι,
705 2727 828 2780 Ὅτι
858 2728 916 2781 ὲν
949 2727 1099 2798 αὐτῷ
1122 2727 1433 2798 εὐδόκησεν.
1458 2746 1475 2778 ι
1496 2729 1822 2801 Εἰρηνοποιή
1834 2746 1986 2794 σας.»

409 2818 519 2885 Τὴν
548 2813 715 2871 οὖσαν
747 2817 926 2873 πᾶλαι
961 2818 1162 2890 ἔχθραν
1189 2818 1376 2883 λύσας.
1436 2816 1572 2872 Εἶτα
1611 2820 1698 2872 ἴνα
1731 2819 1806 2892 μὴ
1846 2822 1994 2891 νομι-

2087 2355 2326 2424 corpori.
2356 2386 2426 2397 --
2453 2355 2860 2412 Plenitudinctn
2917 2356 3225 2410 divinitatis
3272 2353 3493 2423 quidam
3538 2366 3671 2407 sane

2089 2448 2302 2515 dicunt,
2333 2449 2792 2518 quemadmodum
2819 2449 3059 2505 Joannes
3091 2448 3230 2502 dixit
3265 2446 3410 2517 quod
3443 2445 3510 2500 de
3552 2445 3666 2514 ple-

2090 2539 2340 2596 nitudine
2375 2540 2495 2611 ejus
2531 2556 2632 2597 nos
2662 2557 2859 2597 omnes
2903 2541 3216 2612 accepimus
3239 2541 3259 2571 ⁶
3291 2557 3303 2592 :
3341 2538 3444 2593 hoc
3483 2544 3589 2603 est,
3626 2536 3673 2593 si

2092 2632 2223 2702 quid
2256 2640 2371 2687 erat
2398 2630 2592 2699 Filius,
2619 2640 2767 2689 totus
2796 2633 2966 2689 Filius
3012 2632 3087 2687 ibi
3138 2631 3438 2696 habitabat,
3473 2646 3583 2685 non
3618 2639 3676 2683 ut

2093 2722 2336 2779 etlicacia
2399 2724 2645 2796 qua-dam
2698 2741 2793 2781 seu
2859 2725 3126 2795 operatio,
3178 2722 3274 2780 sed
3343 2724 3672 2779 substantia.

2095 2816 2313 2872 Nullam
2349 2827 2531 2873 autem
2560 2825 2743 2888 potest
2778 2817 3006 2873 reddere
3040 2832 3266 2872 causam
3301 2816 3406 2872 nisi
3450 2815 3542 2870 Dei
3577 2830 3672 2869 vo-

410 2924 506 2980 σῃς
532 2908 698 2963 αὐτὸν
723 2909 998 2980 ὑπηρέτου
1021 2910 1172 2975 τάξει
1201 2911 1360 2966 τοῦτο
1394 2913 1637 2984 ποιῆσαι,
1671 2915 1858 2983 φησὶν,
1897 2915 1988 2979 Εἰς

2097 2911 2387 2965 luntatem.
2418 2908 2556 2965 Nam
2610 2910 2717 2966 hoc
2756 2919 2839 2965 est
2866 2908 3011 2982 quod
3056 2909 3154 2972 ait,
3192 2909 3460 2975 Quoniam
3496 2909 3551 2963 in
3585 2909 3676 2961 illo

413 3001 596 3064 αὐτὸν,
641 3003 949 3066 τουτέστιν,
1000 3003 1165 3067 αὑτὸς
1218 3003 1397 3075 ἑαυτῷ
1437 3022 1496 3058 τε
1542 3006 1637 3058 καὶ
1665 3005 1839 3077 Πατρὶ
1867 3007 1988 3070 τοὺς

2099 3001 2485 3071 complacitum
2521 3011 2626 3057 est.
2684 3019 2703 3053 ι
2759 3001 2899 3056 Pace
2951 3000 3115 3065 facta,
3159 3018 3178 3052 ι
3227 3001 3406 3055 soluta
3453 3015 3515 3054 ea
3559 3014 3678 3068 qua)

412 3092 735 3162 ἀνθρώπους
761 3093 1065 3163 κατήλλαξε
1088 3112 1102 3127 ο
1131 3094 1303 3160 λύσας
1332 3096 1441 3167 γὰρ
1470 3097 1568 3167 τὴν
1598 3096 1765 3151 πάλαι
1797 3097 1988 3169 ἔχθραν

2099 3092 2228 3148 olim
2271 3100 2390 3147 erat
2434 3092 2741 3148 inimicitia.
2776 3091 2981 3148 Deinde
3020 3108 3089 3147 ne
3137 3092 3314 3161 ipsum
3359 3091 3414 3146 in
3456 3091 3676 3145 modum

414 3184 548 3254 πρὸς
587 3185 720 3239 Θεόν
755 3203 817 3239 τε
866 3187 961 3241 καὶ
992 3187 1260 3256 ἀγγέλους
1299 3189 1394 3242 καὶ
1424 3188 1751 3260 ἀνθρώπους
1774 3191 1988 3261 εἰρήνην

2101 3190 2338 3246 ministri
2369 3189 2421 3245 id
2451 3188 2630 3245 facere
2654 3188 2957 3256 existimes,
2989 3188 3065 3243 ait
3097 3205 3110 3242 :
3145 3187 3283 3258 Erga
3316 3203 3374 3244 se
3405 3204 3419 3242 :
3446 3188 3549 3242 hoc
3576 3197 3679 3254 est,

413 3275 687 3347 εποίησεν.
713 3278 855 3348 Ὅρα
896 3277 954 3332 δὲ
997 3278 1106 3332 τῶν
1148 3279 1345 3346 λέξεων
1381 3281 1481 3343 τὰς
1514 3280 1805 3349 ἐμφάσεις.
1843 3283 1993 3335 Κατ-

414 3369 633 3439 ήλλαξε,
671 3374 826 3442 φησὶ,
868 3373 963 3425 καὶ
994 3373 1309 3444 εἱρήνευσεν
1339 3375 1487 3444 ἡμᾶς
1523 3374 1590 3428 δι’
1618 3374 1809 3441 αὐτοῦ,
1840 3392 1996 3429 τουτ-

415 3461 585 3527 έστιν,
624 3463 686 3516 οὐ
727 3464 871 3537 λόγῳ
916 3465 1207 3534 κελεύσας,
1259 3465 1396 3520 ἀλλά
1463 3468 1795 3537 σωματικῶς
1847 3470 1999 3539 ένερ-

418 3554 617 3627 γήσας·
652 3557 749 3610 καὶ
772 3558 870 3628 οὐχ
910 3558 1099 3623 ἅπλῶς
1129 3560 1198 3613 δι’
1227 3556 1449 3625 ἑαυτοῦ,
1493 3559 1631 3613 ἀλλά
1667 3560 1757 3614 διά
1794 3561 1888 3615 τοῦ
1915 3561 1999 3616 αῖ-

425 3662 592 3715 ματος
631 3647 977 3718 ἐκχυθέντος,
1019 3652 1113 3705 καὶ
1146 3650 1472 3722 ἐκχυθέντος
1519 3651 1608 3705 διά
1647 3650 1742 3705 τοῦ
1787 3652 2001 3706 ἐπονει-

421 3734 603 3790 δίστου
629 3737 860 3791 θανάτου
893 3739 987 3792 τοῦ
1022 3740 1277 3811 σταυροῦ.
1310 3772 1383 3783 -
1404 3740 1608 3814 [ΦΩΤ.]
1647 3742 1720 3795 Τὸ
1760 3743 2001 3816 ὑπερϐα-

421 3828 532 3896 τὸν,
554 3827 984 3902 Εἰρηνοποιήσας
1013 3833 1080 3886 δι’
1109 3834 1326 3899 ἑαυτοῦ,
1359 3836 1657 3903 τουτέστιν,
1690 3837 2001 3910 αὐτουργη-

424 3935 542 3984 σας,
573 3920 691 3973 ἀλλ’
716 3922 778 3975 οὐ
800 3922 871 3975 δι’
901 3923 1104 3992 ἑτέρων
1134 3926 1266 3996 ἡμῖν
1299 3929 1870 4000 πραγματευσάμενος
1903 3930 2002 4001 τὴν

424 4014 667 4085 εἰρήνην.
696 4014 842 4086 Ποίῳ
870 4016 929 4069 δὲ
957 4016 1145 4088 τρόπῳ
1164 4017 1366 4090 ταύτην
1396 4021 1694 4092 εἰργάσατο
1718 4039 1733 4088 ;
1775 4023 1876 4077 Διά
1906 4024 2001 4077 τοῦ

424 4105 679 4175 αἵματος,
726 4107 884 4178 φησὶ,
911 4107 1009 4178 τῆς
1042 4110 1400 4181 σταυρώσεως
1423 4113 1610 4167 αὑτοῦ.
1659 4114 2003 4185 Σταυρωθεὶς

427 4199 534 4268 γὰρ
570 4200 714 4269 ὑπὲρ
752 4201 944 4270 ἡμῶν,
986 4202 1270 4273 εἰρήνευσε
1308 4204 1404 4257 acati.
1446 4204 1782 4275 κατήλλαξεν
1832 4208 1999 4278 ἡμᾶς.

432 4309 452 4342 ι
479 4291 604 4345 Εἴτε
640 4293 712 4346 τά
761 4295 853 4348 ἐπὶ
895 4294 995 4364 τῆς
1041 4295 1161 4365 γῆς.
1190 4315 1209 4349 ι
1266 4296 1373 4349 Καὶ
1398 4296 1507 4365 γὰρ
1546 4297 1643 4351 καὶ
1676 4300 1838 4368 ἡμεῖς
1868 4300 2004 4371 προς

427 4382 649 4446 ἑαυτοὺς
672 4383 1086 4455 ἐστασιάζομεν,
1102 4384 1196 4441 καὶ
1224 4386 1359 4461 πρὸς
1382 4386 1510 4451 τοὺς
1536 4388 1809 4456 ἀγγέλους
1834 4388 2005 4463 ἔχθρα

426 4469 519 4544 ἦν,
568 4475 1045 4546 ἀπεχθανομένους
1093 4477 1263 4546 ἡμῖν,
1311 4476 1400 4531 διά
1439 4478 1501 4530 τὸ
1557 4479 1874 4550 ὑδρίζεσθαι
1916 4481 2006 4535 τὸν

2096 3282 2217 3354 Ιρεε
2248 3281 2353 3338 sibi
2377 3282 2481 3352 ipsi
2514 3296 2577 3338 ac
2603 3282 2751 3337 Patri
2785 3282 3035 3338 homines
3075 3280 3473 3346 reconciliavit,
3506 3280 3682 3349 siqui-

2098 3371 2220 3428 dem
2252 3372 2433 3427 soluta
2464 3371 2633 3428 veteri
2663 3371 2954 3427 inimicitia
2988 3372 3134 3426 inter
3169 3368 3337 3425 Deum
3371 3379 3426 3426 et
3456 3372 3681 3438 angelos

2098 3482 2163 3523 ac
2199 3467 2447 3523 homines
2474 3480 2664 3538 pacem
2702 3465 2849 3521 fecit.
2883 3465 3181 3521 Considera
3214 3480 3342 3523 vero
3375 3464 3678 3521 dietionum

2099 3560 2410 3630 emphases.
2450 3559 2870 3625 Reconciliavit,
2907 3558 3108 3629 inquit,
3138 3572 3203 3612 ac
3232 3557 3541 3627 paciﬁcavit
3578 3570 3680 3611 nos

2100 3668 2198 3723 per
2230 3653 2524 3722 seipsum:
2569 3652 2676 3707 hoc
2723 3659 2828 3720 est,
2876 3665 2980 3709 non
3034 3665 3288 3705 sermone
3332 3649 3550 3718 jubcns,
3586 3647 3681 3704 sed

2102 3743 2325 3813 proprio
2350 3756 2582 3817 corpore
2623 3742 2885 3799 eﬂiciens.
2913 3740 3025 3797 Nec
3062 3740 3384 3811 simpliciter
3428 3754 3524 3817 per
3577 3738 3681 3794 sei-

2103 3850 2285 3907 psum,
2324 3834 2419 3890 sed
2467 3850 2565 3905 per
2603 3836 2926 3906 sanguinem
2961 3832 3191 3888 eﬂusum
3242 3848 3257 3885 :
3303 3830 3558 3894 effusum,
3595 3830 3683 3883 in.

2102 3945 2290 4002 quam,
2332 3944 2428 4000 per
2462 3928 2687 3983 maximi
2718 3927 2997 4000 opprobrii
3035 3933 3265 3981 mortem
3298 3924 3355 3979 in
3387 3938 3577 3978 cruce.
3615 3951 3683 3964 -—-

2106 4021 2450 4094 llyperbaton
2481 4033 2587 4087 εει,
2617 4020 2756 4076 Pace
2802 4020 2943 4076 facta
2992 4034 3088 4088 per
3120 4017 3362 4088 seipsum
3398 4033 3411 4071 :
3446 4015 3552 4071 hoc
3582 4022 3685 4073 est.

2104 4128 2215 4169 non
2244 4129 2344 4184 per
2375 4114 2513 4169 alios
2549 4112 2843 4167 conciliata
2887 4109 3047 4165 nobis
3098 4124 3251 4180 pace,
3303 4107 3396 4165 sed
3439 4124 3535 4177 per
3580 4109 3688 4162 sei-

2106 4222 2263 4278 psum
2296 4205 2510 4262 eﬂ'ecta.
2536 4205 2666 4272 .Quo
2693 4212 2872 4259 autem
2904 4204 3065 4259 modo
3097 4203 3239 4256 hanc
3264 4199 3489 4256 eti‘ecit?
3524 4200 3682 4270 123

2105 4297 2212 4355 Per
2264 4299 2614 4370 sanguinem,
2664 4297 2864 4367 inquit,
2933 4294 3284 4353 cruciﬁxione
3333 4308 3453 4349 sua.
3491 4291 3685 4347 Cruci-

2109 4391 2250 4447 ﬁxus
2297 4391 2442 4447 enim
2493 4405 2591 4462 pro
2630 4390 2791 4445 nobis
2830 4387 3139 4460 paciﬁcavit
3189 4402 3253 4443 ac
3308 4385 3682 4443 reconciliavit

2110 4500 2232 4540 nos.
2296 4501 2317 4536 ι
2359 4483 2485 4539 Sive
2532 4498 2653 4554 quae
2709 4484 2762 4537 in
2815 4491 2960 4555 terra
3008 4488 3156 4536 sunt.
3190 4499 3209 4532 ι
3258 4477 3537 4550 Siquidem
3583 4493 3685 4535 nos

429 4565 610 4619 αὐτῶν
636 4544 914 4637 Δεσπότην
939 4568 1045 4620 ὑπὸ
1074 4544 1186 4623 τῶν
1216 4569 1542 4640 ἀνθρώπων.
1731 4572 1822 4627 οὖν
1856 4574 1988 4647 εἰρή·

2110 4591 2328 4648 quoque
2357 4576 2623 4632 adversus
2651 4576 2827 4646 ipsum
2855 4574 3255 4631 dissidebamus
3304 4580 3358 4627 et
3397 4571 3685 4626 inimicitia

429 4672 493 4725 νη
527 4654 784 4725 γέγονενς
826 4658 1140 4729 Ἀπήγαγεν
1175 4662 1234 4713 ὲν
1265 4661 1481 4733 οὐρανῷ
1517 4662 1578 4716 τὸ
1619 4663 1779 4734 σῶμα
1819 4666 2007 4733 αὐτοῦ,

428 4746 491 4800 τὸ
520 4748 714 4819 ὲχθρὺν
742 4748 933 4805 πάλαι.
980 4751 1263 4822 Ὠφθησαν
1297 4752 1354 4806 δὲ
1386 4755 1479 4808 καὶ
1499 4754 1591 4808 ἐπὶ
1624 4754 1730 4826 γῆς
1759 4757 2004 4825 ἄγγελοι,

431 4838 527 4891 καὶ
546 4840 735 4909 γέγονε
758 4841 908 4910 φιλία
934 4841 1119 4897 λοιπὸν
1147 4844 1244 4898 καὶ
1272 4845 1486 4917 εἰρήνη.
1523 4846 1645 4910 Πῶς
1679 4844 1772 4903 οὖν
1807 4849 1876 4902 δι’
1910 4852 2011 4919 ἀγ-

432 4930 606 4998 γέλων
650 4934 1030 5004 προσάγεσθαι
1069 4939 1255 5005 φησὶν,
1296 4939 1576 4992 ὑπονοεῖτε
1615 4938 1725 4994 τῶν
1768 4943 2011 4996 ἐκπεπο-

406 5022 786 5096 ·λεμωμένων,
809 5027 856 5079 εἰ
887 5026 965 5099 μὴ
993 5027 1154 5092 αὐτὸς
1176 5029 1514 5100 εἰρήνευσενς

2110 4680 2228 4726 erat
2262 4668 2528 4724 adversus
2567 4668 2810 4739 angelos,
2855 4666 3107 4721 inimicos
3152 4664 3313 4720 nobis
3347 4662 3588 4728 eﬂ‘ectos,
3621 4678 3688 4718 eo

2115 4761 2262 4833 quod
2294 4762 2515 4817 illorum
2549 4761 2812 4814 Dominus
2849 4766 2996 4815 esset
3035 4758 3103 4811 ab
3143 4755 3454 4811 hominibus
3486 4756 3687 4823 injuria

2112 4854 2358 4909 allectus.
2414 4853 2533 4920 Quo
2580 4853 2742 4906 modo
2786 4866 2914 4922 ergo
2957 4865 3057 4920 pax
3117 4847 3260 4902 facta
3297 4856 3423 4912 est;
3473 4845 3687 4916 Corpus

2114 4944 2290 5015 ipsius
2321 4945 2374 4997 in
2409 4945 2607 4999 coelum
2639 4941 2969 4996 subductum
3022 4939 3245 4994 abstulit
3276 4948 3523 5005 veterem
3577 4936 3687 4990 ini-

2119 5035 2407 5091 micitiam.
2445 5035 2823 5104 Apparuerunt
2865 5042 3044 5087 autem
3094 5041 3148 5087 et
3195 5033 3250 5089 in
3290 5042 3436 5086 terra
3490 5028 3689 5100 angeli.

433 5130 487 5175 et
525 5122 784 5192 deinceps
830 5121 972 5177 facta
1034 5129 1119 5179 est
1162 5136 1265 5192 pax
1311 5130 1365 5178 et
1413 5122 1673 5178 amicitia.
1699 5122 1820 5190 Quo
1841 5124 2008 5198 igitur
2031 5129 2194 5186 modo
2226 5146 2320 5203 per
2348 5128 2572 5200 angelos
2597 5128 2689 5199 qui
2724 5126 2931 5182 inimici
2958 5125 3136 5183 effecti
3168 5134 3328 5197 erant
3362 5140 3458 5181 vos
3490 5122 3688 5181 adduci

436 5219 681 5288 potuisse
733 5219 1085 5287 existimatis,
1130 5221 1237 5276 nisi
1284 5222 1401 5292 ipse
1451 5220 1842 5292 paciﬁcasset?

1037 5340 1290 5394 ΚΕΦΑΛ.
1337 5338 1413 5397 Δ’.

440 5427 604 5505 ΠερὶΔ
622 5428 818 5505 soror
843 5430 1252 5505 Διιτροοτιγωγυῆς
1273 5432 1381 5504 τῆς
1411 5434 1482 5487 ἐν
1508 5434 1736 5504 σώματι
1759 5433 2016 5505 Χριστοῦ

509 5500 609 5553 καὶ
637 5499 810 5554 πάθει
833 5501 931 5555 διὰ
963 5499 1241 5568 πίστεως.

514 5594 621 5646 Kal
669 5592 828 5662 ὑμᾶς
873 5609 1017 5648 ποτε
1063 5594 1242 5662 ὄντας
1284 5595 1889 5666 ἀπηλλοτριωμένους
1919 5596 2018 5651 καὶ

443 5682 699 5753 ἐχθροὺς
746 5683 824 5753 τῇ
869 5685 1125 5755 διανοίᾳ,
1171 5688 1240 5743 ἐν
1291 5688 1416 5758 τοῖς
1450 5689 1646 5761 ἔργοις
1681 5689 1806 5758 τοῖς
1832 5706 2021 5759 πονη-

519 5865 541 5898 ⁶
572 5862 733 5922 Joau.
759 5881 795 5933 ι,
830 5866 917 5922 16.

2711 5337 2939 5397 CAPUT
2980 5336 3068 5391 IV.

2120 5433 2193 5491 De
2221 5432 2454 5504 gentium
2479 5429 2976 5504 adductione:_qym
3006 5427 3153 5504 facta
3177 5434 3268 5504 est
3313 5426 3366 5481 in
3399 5440 3614 5494 corpore
3640 5434 3692 5478 et

2511 5501 2758 5570 passione
2777 5497 2976 5556 Christi
2999 5514 3089 5564 per
3112 5496 3292 5563 ﬁdem.

2190 5594 2235 5661 1,
2266 5594 2454 5650 21-23.
2500 5592 2566 5649 Et
2602 5591 2808 5662 vosqui
2849 5589 3115 5660 quondam
3138 5588 3302 5642 eratis
3331 5584 3622 5640 abalienati
3640 5596 3691 5639 et

2120 5684 2322 5742 inimui
2340 5692 2528 5750 mente,
2552 5681 2605 5736 in
2636 5679 2878 5752 operibus
2920 5677 3099 5745 malis,
3136 5692 3273 5730 nunc
3310 5683 3479 5741 tamen
3512 5690 3695 5728 rccon~
