3994 6572
409 385 482 451 23
1480 404 1883 472 (ECUMENII
1920 382 2214 478 micent
2245 420 2594 485 EPISCOPI
2643 497 2647 501 _
3593 428 3665 493 at

411 516 630 572 corpore
644 505 822 561 carnis
849 523 960 563 suae
1003 525 1097 579 per
1123 521 1363 582 mortem,
1390 526 1444 570 ut
1467 521 1729 576 exhiberet
1756 539 1845 578 vos
1871 541 1988 580 san-

2098 530 2246 597 ροῖς.
2301 533 2452 587 Νυνὶ
2515 535 2584 588 δὲ
2639 537 3110 606 ἀποκατήλλιιξε
3159 541 3239 608 τῷ
3284 542 3509 612 σώματι
3567 543 3675 612 τῆς

409 603 523 647 ctos
541 604 592 648 et
612 598 1088 668 irreprehensibiles
1105 614 1154 659 et
1174 607 1468 678 inculpatos
1487 611 1539 665 in
1556 627 1834 681 conspectu
1863 634 1957 672 suo
1975 634 1986 672 .'

2101 623 2329 691 σαρκὸς
2382 627 2607 694 αὐτοῦ,
2654 628 2751 683 διὰ
2808 631 2914 686 τοῦ
2975 633 3242 688 θανάτου
3295 634 3677 704 παραστῆσαι

408 684 458 738 si
481 694 654 742 tamen
687 694 1008 760 permanetis
1040 696 1093 750 in
1134 697 1238 766 ﬁde
1267 700 1480 768 fundati
1520 719 1582 756 ac
1615 704 1858 771 stabiles,
1905 725 1985 762 net

415 775 610 796 μμ-..
681 781 693 794 .
741 782 753 794 .
954 785 992 796 ..
1376 791 1391 796 _

2102 684 2260 784 ducit:
2305 684 2520 786 αγίους
2581 684 2680 775 καί
2733 723 3014 793 ἀμώμους
3044 767 3059 792 ,
3117 727 3216 781 καί
3267 684 3679 796 ἀνεγκλήτους

409 775 753 834 dimovemini
776 801 806 834 a
826 799 914 850 spe
946 785 1226 859 Evangelii
1247 791 1391 861 quod
1410 796 1657 860 audistis,
1685 799 1825 869 quod
1854 817 1986 869 prte-

2137 775 2154 784 -
2235 775 2250 781 -
2356 775 2368 786 .
2495 775 2511 786 .
2739 775 2792 792 ησ
2843 775 3005 793 κτα-ν.
3044 775 3059 792 ι
3117 775 3213 781 nm
3269 775 3323 782 π-
3349 775 3671 796 -.-~---.-"-.

2102 808 2474 864 κατενώπιον
2491 814 2699 868 αὑτοῦ.
2724 815 2796 868 Εἴ
2830 831 2898 885 γε
2927 816 3236 886 ἐπιμένετε
3264 817 3338 886 τῇ
3367 819 3564 872 πίστει
3592 835 3672 870 τε·

407 871 642 925 dicatum
677 885 756 930 est
806 883 947 947 apud
1000 883 1299 939 universam
1355 896 1680 956 creaturam,
1740 911 1857 964 qua:
1899 895 1984 950 sul

2103 899 2520 971 θεμελιωμένοι
2551 903 2649 958 καί
2679 871 2920 975 ἐδραίοι,
2947 871 3042 962 καί
3069 909 3154 978 μὴ
3186 871 3677 980 μετακινούμενοι

405 963 536 1016 ειιιίο
561 976 660 1030 est,
697 971 848 1039 cujus
880 971 1056 1039 factus
1095 994 1212 1031 sum
1236 995 1328 1050 ego
1357 979 1561 1037 Paulus
1589 985 1850 1040 minister.

2106 963 2218 1046 ἀπὸ
2269 963 2380 1061 τῆς
2429 994 2680 1062 ἐλπίδος
2710 963 2817 1052 τοῦ
2856 963 3228 1070 Ecurria/Ilo;
3266 997 3338 1058 οὗ
3377 963 3683 1070 ἠκούσατε

405 1060 514 1114 τοῦ
567 1067 975 1138 κηρυχθέντος
1017 1073 1088 1128 ἐν
1136 1075 1304 1146 πάσῃ
1351 1077 1429 1147 τῇ
1494 1081 1687 1136 κτίσει
1748 1083 1822 1153 τῇ
1871 1086 1989 1141 ὑπὸ
2032 1087 2137 1143 τὸν
2193 1089 2500 1158 οὐρανὸν,
2592 1060 2667 1148 οὗ
2719 1060 3175 1166 ἐγενόμην-’ἐγὼ
3231 1060 3476 1163 Παῦλος
3555 1095 3680 1149 διά·

407 1167 610 1220 κονος.

473 1241 574 1299 Hic
608 1251 856 1304 ostendit
891 1254 1038 1322 quod
1069 1254 1233 1313 etiam
1275 1274 1398 1315 cum
1431 1273 1617 1320 essent
1661 1269 1991 1325 reconcilia-

2186 1271 2452 1327 Ἐνταῦθα
2493 1274 2789 1341 δείκνυσιν,
2841 1278 2923 1332 ὅτι
2970 1279 3066 1333 καὶ
3097 1278 3349 1346 ἀναξίους
3381 1279 3540 1343 ὄντας
3576 1277 3677 1348 τῆθ

405 1337 555 1395 tione
589 1341 815 1413 indigni.
850 1351 1309 1410 rcconciliaverit.
1357 1353 1539 1414 Eratis
1577 1360 1982 1434 enim,|inquit,

2100 1365 2448 1438 καταλλαγῆς
2491 1337 2846 1438 κατήλλαξεν.
2898 1365 3039 1424 ⁴Ἧτε
3089 1337 3231 1443 γὰρ,
3267 1337 3453 1443 φησιν,
3494 1337 3677 1442 ἐγθροὶ

402 1432 612 1489 inimici
640 1442 695 1490 et
723 1437 1036 1498 abalienati.
1073 1442 1356 1516 Siquidem
1395 1466 1503 1505 non
1549 1453 1726 1508 solum
1767 1432 1979 1514 eramus

2156 1459 2192 1510 ιὶ
2229 1432 2763 1531 ἀπηλλοτριωμένοιί
2796 1462 2870 1515 Ού
2917 1461 3026 1534 γὰρ
3062 1432 3223 1535 μόνον
3270 1432 3415 1535 ἦμεν
3579 1432 3678 1534 τὴν
3731 1477 3733 1481 ‘

404 1523 508 1577 sub
547 1533 823 1594 potestate
865 1528 1103 1598 Satanm,
1145 1540 1507 1594 verumetiam
1539 1557 1665 1612 erga
1700 1542 1865 1598 Deum
1892 1561 1981 1616 ge-

2096 1523 2345 1615 ἐξουσίαν
2385 1523 2488 1607 τοῦ.
2512 1523 2749 1619 Σατανᾶ,
2787 1523 2940 1610 ἀλλὰ.
2960 1523 3074 1611 καὶ.
3093 1557 3230 1628 πρὸς
3260 1523 3354 1610 τὸν
3381 1556 3515 1610 Θεὸν
3567 1523 3673 1610 ἀτί.

400 1615 660 1674 rebamus
694 1618 944 1677 hostilem
991 1625 1259 1682 animum.
1302 1647 1321 1681 ι
1371 1629 1437 1684 Ει
1475 1632 1682 1689 inimici
1721 1615 1977 1692 mente.»

2096 1644 2272 1714 εχθῶς
2301 1646 2541 1716 εἴχομεν.
2568 1666 2586 1699 ι
2605 1648 2714 1702 Καὶ
2737 1615 2966 1720 ἐχθροὺς
2990 1651 3054 1720 τῇ
3077 1615 3305 1720 διανοίᾳ.
3334 1667 3352 1700 ι
3391 1645 3672 1713 Ἀντ“ιτοῦ,

403 1707 519 1764 Hoc
557 1721 662 1778 est,
699 1711 818 1769 Non
855 1715 1010 1772 inviti
1051 1721 1192 1776 mala
1231 1725 1439 1793 operati
1485 1741 1678 1782 sumus
1718 1736 1772 1783 et
1807 1729 1980 1785 subita

2240 1707 2468 1800 ἄκοντες
2515 1707 2861 1809 ἐπράττομεν
2892 1707 2961 1792 τδὶ
3015 1707 3156 1810 έργα
3202 1707 3272 1793 edi
3320 1737 3532 1809 πονηρὰ
3581 1707 3675 1791 καί

401 1804 638 1880 quadam
689 1811 1039 1879 correptione
1079 1813 1302 1870 abducti
1343 1835 1356 1871 :
1400 1818 1496 1873 sed
1544 1821 1823 1876 communi
1871 1830 1978 1877 stu-

2097 1828 2238 1882 κατὰ
2294 1804 2692 1902 συναρπαγήν,
2749 1804 2885 1885 ἀλλὰ
2940 1804 3398 1902 μετανμελέτης,
3443 1804 3539 1886 καὶ
3572 1830 3671 1903 τὴν

401 1898 514 1965 dio,
547 1903 616 1967 [et
650 1901 997 1962 inimicitiam
1032 1925 1160 1980 erga
1205 1911 1375 1969 Deum
1422 1917 1855 1987 cogitationibus
1889 1935 1978 1976 an-

2099 1919 2298 1992 ἔχθραν
2335 1898 2443 1992 τὴν
2485 1898 2623 1991 πρὸς
2650 1922 2783 1976 Θεὸν
2807 1925 2918 1986 τοῖς
2941 1898 3230 1994 λογισμοῖς
3280 1898 3676 1995 προτυπώσαν-

402 1999 488 2046 tea
530 1992 919 2067 imaginantes,
972 2003 1110 2058 adeo
1163 2007 1228 2060 ad
1279 2007 1537 2066 inimicas
1589 2011 1695 2081 ipsi
1738 2014 1979 2071 actiones

2093 2031 2201 2079 τες,
2230 2013 2399 2078 οὕτως
2431 2016 2525 2068 ἐπὶ
2556 2015 2654 2079 τὰς
2679 2014 2877 2086 ἐχθρὰς
2899 1992 3048 2086 αὐτῷ
3078 1992 3306 2084 πράξεις
3325 1992 3670 2086 ἐχωροῦμεν.

401 2089 909 2179 progrediebamur.
953 2093 1165 2152 Idcirco
1212 2100 1501 2158 abundans
1535 2103 1637 2159 fuit
1667 2105 1852 2161 divina
1892 2108 1978 2164 be-

2096 2106 2179 2160 Διὸ
2221 2107 2428 2176 ἄφατος
2467 2108 2500 2176 ἡ
2533 2105 2654 2162 θεία
2689 2106 3096 2179 φιλανθρωπία,
3131 2107 3214 2161 ὅτι
3256 2107 3350 2160 κα)⁸
3400 2107 3673 2169 τοιούτους

399 2178 659 2247 nignitas,
697 2183 856 2256 124,
879 2187 1024 2256 quod
1054 2203 1147 2244 eos
1173 2191 1334 2246 etiam
1365 2193 1458 2264 qui
1488 2192 1762 2264 ejusmodi
1793 2210 1976 2254 essent

2094 2196 2250 2260 ὅντας
2303 2197 2608 2267 κατήλλαξε
2633 2198 2730 2252 καὶ¹
2762 2178 3144 2268 προσεδέξατο.
3192 2216 3210 2249 ι
3233 2197 3324 2250 Ἐν
3349 2198 3464 2260 τοῖς
3487 2197 3671 2267 ἔργοις

400 2273 839 2331 reconciliaverit
869 2292 934 2333 ac
958 2284 1281 2352 susceperit.
1305 2303 1326 2336 ι
1364 2285 1422 2340 1η
1450 2288 1710 2356 operibus
1741 2292 1924 2348 malis.
1959 2310 1977 2343 ι

2090 2295 2199 2358 τοῖς
2222 2298 2502 2367 πονηροῖς.
2529 2314 2547 2349 ι
2572 2297 2647 2349 Οὐ
2691 2294 2856 2367 μέχρι
2887 2293 3134 2358 διανοίας
3148 2288 3216 2364 ἦν
3241 2295 3274 2363 ή
3300 2289 3667 2361 ἀλλοτρίωσις,

399 2359 516 2417 Νοιι
545 2362 598 2418 in
631 2375 812 2420 mente
843 2368 1110 2424 duntaxat
1133 2373 1392 2430 alienatio
1421 2387 1559 2441 erat,
1584 2393 1760 2448 neque
1785 2379 1836 2433 in
1865 2378 1976 2434 sola

2094 2386 2210 2440 οὐδὲ
2237 2359 2375 2458 ἄχρι·
2405 2359 2814 2459 προαιρέσεως-,1
2833 2386 2973 2440 ἀλλὰ
3001 2387 3096 2438 καὶ
3119 2359 3230 2448 τοῖς
3264 2359 3671 2457 ἐργοιςήέχθροὶ

398 2455 700 2524 voluntate,
755 2459 850 2514 sed
889 2462 1051 2516 etiam
1090 2465 1350 2535 operibus
1395 2468 1605 2524 inimici
1645 2471 1838 2534 cratis,
1893 2471 1975 2526 in-

2096 2475 2204 2551 ήτε,
2239 2455 2396 2549 φησι,
2427 2455 2496 2534 τὰ
2534 2455 2746 2551 ἐγθρῶν
2787 2480 3139 2551 πράττοντες.
3186 2497 3204 2529 ι
3228 2455 3316 2530 Ἐν
3351 2475 3428 2546 τῷ
3460 2474 3673 2546 σώματι

399 2548 540 2616 quit,
585 2556 641 2604 et
665 2567 786 2621 quae
838 2553 1191 2611 inimicorum
1236 2567 1368 2613 sunt
1419 2561 1816 2629 operabamini.
1864 2581 1882 2614 ι
1923 2563 1976 2618 in

2091 2548 2183 2644 τῆς
2207 2574 2411 2644 σαρκὸς
2436 2548 2673 2626 αὐτού.-)
2724 2548 2894 2626 Πάλιν
2914 2570 3008 2624 τὸν
3038 2571 3242 2642 τρόπον
3270 2569 3368 2640 τῆς
3392 2567 3668 2622 καταλλα-

400 2655 630 2710 corpore
653 2644 836 2700 carnis
864 2661 994 2702 suae.
1036 2667 1055 2700 ι
1086 2648 1323 2705 Rursum
1357 2653 1512 2723 ponit
1538 2652 1759 2708 modum
1791 2669 1977 2709 recon-

2094 2662 2190 2733 γῆς
2235 2661 2472 2731 τίθησιν,
2505 2659 2663 2722 εἰδὼς
2711 2658 2855 2712 θεῖον
2894 2658 3057 2712 αὐτὸν
3105 2658 3442 2728 ὑπάρχοντα,
3481 2654 3671 2708 δτιδισὰ

400 2735 715 2802 ciliationis,
752 2737 935 2793 sciens
983 2742 1162 2811 ipsum
1217 2759 1340 2799 esse
1405 2746 1674 2811 divinum,
1709 2747 1838 2816 quia
1884 2762 1977 2817 per

2094 2753 2180 2808 τοῦ
2233 2751 2489 2823 σώματος
2530 2750 2718 2816 αὐτοῦ,
2778 2751 2932 2821 φησι,
2979 2749 3340 2822 κατήλλαξεν,
3397 2749 3457 2802 οὐ
3513 2748 3671 2818 μόνον

398 2841 601 2896 corpus
628 2844 786 2883 suum
832 2833 1211 2888 reconciliavit
1258 2853 1271 2891 :
1302 2851 1410 2890 non
1449 2838 1626 2893 solum
1661 2838 1975 2894 verberatus

2094 2847 2315 2918 πληγε“ις
2362 2846 2395 2916 ἢ
2450 2845 2757 2915 ῥαπισθεὶς,
2801 2845 2938 2899 ἀλλὰ
2974 2845 3069 2898 καὶ
3125 2841 3417 2897 ἀποθανὼν
3461 2841 3552 2894 καὶ
3593 2838 3671 2909 τῷ

401 2933 465 2974 ac
515 2921 688 2991 alapis
727 2937 927 2988 caesus,
999 2926 1094 2981 sed
1149 2935 1203 2982 et
1253 2938 1526 2993 mortuus,
1576 2931 1740 3001 idque
1807 2941 1978 2986 morte

2088 2939 2314 3010 αἰχίστῳ
2368 2938 2607 3009 θανάτῳ.
2691 2955 2710 2989 ι
2755 2937 3116 3008 Παραστῆσαι
3174 2936 3318 3006 ὑμᾶς
3390 2933 3600 3002 ἁγίους.
3646 2951 3665 2984 ι

401 3015 636 3070 maxime
678 3016 966 3086 probrosa.
1019 3037 1038 3069 ι
1080 3017 1150 3074 Ut
1196 3021 1480 3077 exhiberet
1535 3038 1633 3076 vos
1678 3031 1920 3078 sanctos.
1957 3043 1976 3075 ι

2094 3029 2264 3101 Ὅπερ
2284 3029 2396 3083 ἄνω
2423 3029 2576 3100 φησι,
2597 3028 2688 3099 Τῷ
2719 3027 3048 3082 ἱκανώσαντι
3071 3027 3240 3098 ἡμᾶς,
3275 3025 3432 3079 τοῦτο
3464 3025 3559 3078 καὶ
3576 3022 3671 3075 νῦν

399 3104 553 3173 Quod
600 3109 856 3178 superius
885 3109 1021 3164 dixit
1068 3125 1082 3163 :
1120 3109 1222 3178 Qui
1271 3113 1498 3170 idoneos
1547 3130 1649 3169 nos
1692 3114 1842 3174 fecit.
1879 3117 1976 3170 hoc

2088 3119 2398 3174 αἰνίττεται.
2443 3119 2568 3172 Ὅτι
2613 3119 2712 3188 οὐχ
2763 3117 3048 3190 ἁμαρτιῶν
3080 3116 3348 3188 ἐρρύσατο
3382 3115 3541 3184 μόνον
3576 3113 3665 3168 διὰ

398 3197 562 3252 etiam
596 3215 744 3254 nunc
768 3202 1036 3272 designat.
1072 3203 1259 3274 Neque
1281 3206 1424 3260 enim
1462 3207 1637 3261 solum
1668 3223 1766 3278 per
1789 3223 1975 3263 recon-

2090 3218 2185 3288 τῆς
2215 3217 2586 3287 καταλλαγῆς,
2625 3214 2765 3270 ἀλλὰ
2795 3216 2890 3269 καὶ
2914 3215 3100 3284 ἁγίους
3134 3215 3229 3268 καὶ
3269 3213 3536 3285 ἀμώμους
3570 3211 3667 3265 καὶ

398 3287 736 3344 ciliationem
777 3306 805 3344 a
847 3294 1086 3362 peccatis
1119 3295 1389 3364 liberavit,
1443 3298 1538 3354 sed
1592 3307 1646 3353 et
1676 3309 1901 3355 sanctos
1927 3308 1975 3354 et

2094 3287 2452 3380 ἀνεγκλήτους
2478 3306 2810 3378 παρέστησε.
2839 3307 2979 3361 «Καὶ
3005 3306 3423 3377 ἀνεγκλήτους.»
3456 3303 3671 3372 Ὠσπερ

399 3381 912 3451 irreprehensibiles
955 3402 1019 3440 ac
1065 3387 1375 3458 inculpatos
1414 3391 1688 3446 exhibuit.
1725 3410 1744 3444 ι
1794 3391 1861 3446 Et
1894 3393 1976 3447 in-

2092 3398 2225 3470 μηδὲ
2258 3397 2430 3469 λαϐὴν
2463 3396 2744 3468 ἁμαρτίας
2781 3396 3106 3459 δεδωκότας.
3144 3414 3160 3447 ι
3183 3392 3539 3448 Κατενὼπιον
3569 3393 3669 3445 αύ-

398 3472 668 3543 cul‘patos.
719 3494 738 3528 ι
792 3476 958 3544 Quasi
1013 3480 1106 3547 qui
1154 3497 1223 3535 ne
1271 3496 1459 3538 ansam
1499 3483 1718 3554 quidem
1769 3485 1975 3554 peccati

2092 3491 2204 3545 τοῦ.
2227 3509 2246 3542 ι
2279 3489 2390 3560 Τὴν
2430 3487 2770 3542 κατενώπιον
2808 3487 2973 3541 αὑτοῦ
3021 3484 3329 3555 ἁγιωσύνην
3359 3482 3669 3554 χαρισάμε-

398 3567 666 3623 dederint.
701 3587 721 3621 ι
762 3569 819 3625 in
860 3581 1156 3643 conspectu
1200 3590 1324 3629 suo.
1382 3595 1401 3628 ›
1438 3575 1645 3632 Donata
1683 3580 1975 3635 sanctimo-

2092 3601 2197 3647 νος.
2251 3583 2415 3636 ιΕίτε
2472 3581 2788 3650 ἐπιμένετε.
2821 3598 2840 3632 ι
2899 3579 3015 3633 Ἵνα
3064 3578 3138 3648 μὴ
3194 3576 3430 3648 χαύνους
3469 3572 3669 3636 αὐτοὺς

399 3660 488 3714 nia
518 3677 638 3731 quae
673 3662 728 3718 iu
765 3676 1069 3736 conspectu
1120 3667 1297 3738 ipsius
1340 3679 1446 3724 est.
1488 3687 1508 3721 ι
1541 3669 1599 3724 Si
1636 3679 1817 3725 tamen
1849 3686 1976 3740 per-

2092 3677 2313 3747 ποιήσῃ,
2351 3673 2446 3728 καὶ
2469 3672 2768 3744 νομίσωσιν
2789 3672 2870 3724 ὅτι
2901 3671 2929 3724 ὁ
2961 3669 3193 3732 θάνατος
3216 3666 3313 3722 τοῦ
3344 3661 3583 3738 Χριστοῦ
3607 3661 3669 3716 τὸ

401 3754 656 3810 manetis.
695 3774 716 3808 ι
782 3755 861 3812 Ne
917 3758 1072 3814 laxos
1129 3760 1326 3815 reddat
1376 3761 1525 3831 ipsos
1568 3770 1622 3817 et
1667 3764 1978 3819 existiment

2088 3772 2198 3822 πᾶν
2232 3768 2532 3839 εἰργάσατο
2577 3765 2672 3819 καὶ
2705 3764 2893 3817 λοιπὸν
2929 3763 2988 3817 οὐ
3018 3762 3173 3833 χρεία
3199 3759 3345 3822 τινὸς
3371 3757 3665 3828 ἡμετέρου,

398 3845 552 3913 quod
576 3845 778 3902 Christi
809 3863 958 3904 mors
983 3864 1098 3904 rem
1129 3867 1345 3907 omnem
1376 3854 1665 3924 peregerit,
1702 3870 1804 3910 nec
1823 3855 1975 3910 dein-

2092 3859 2466 3932 προστίθησιν*
2505 3858 2571 3911 EE
2596 3874 2680 3926 γε,
2709 3855 2894 3927 φησὶν,
2929 3853 3214 3924 ἐπιμένετε
3240 3853 3308 3923 τῇ
3351 3850 3534 3902 πίστει
3568 3847 3669 3917 τῆς

398 3950 528 4006 ccps
578 3952 719 4008 opus
770 3941 842 3994 sit
888 3941 1145 4011 quopiam
1197 3951 1389 3999 nostro
1437 3959 1624 4014 opere,
1681 3945 1874 4001 addit:
1921 3945 1975 4000 Si

2087 3953 2300 4016 ἐλπίδος
2327 3950 2421 4006 τοῦ
2447 3950 2802 4019 Εύαγγελίου,
2851 3949 2942 4002 καὶ
2975 3948 3080 4018 οὐχ
3124 3944 3309 4008 ἁπλῶς
3355 3941 3664 4012 ἐπιμένετε,

399 4038 579 4086 tamen
637 4034 974 4102 permanetis
1045 4035 1106 4090 in
1159 4035 1264 4092 ﬁde
1333 4037 1448 4106 spei
1518 4037 1821 4109 Evangelii.
1865 4037 1976 4094 Nec

2090 4048 2203 4122 (ἔνι
2231 4047 2339 4118 γὰρ
2369 4051 2465 4100 καὶ
2500 4044 2866 4113 σαλευόμενον
2891 4037 3216 4110 ἐπιμένειν,)
3261 4037 3398 4091 ἀλλὰ
3439 4034 3667 4102 τεθεμε·

400 4133 678 4196 utcunque
704 4131 1044 4198 permanetis
1077 4151 1091 4188 :
1126 4134 1394 4204 contingit
1431 4135 1575 4191 enim
1619 4144 1673 4191 et
1707 4135 1977 4190 ﬂuctuan-

2085 4140 2363 4211 λιωμένοι,
2395 4138 2551 4210 φησὶ,
2575 4137 2669 4191 καὶ
2695 4136 2921 4207 ἑδραῖοι,
2950 4133 3046 4187 καὶ
3084 4131 3158 4204 μὴ
3190 4127 3661 4201 μετακινούμενοι,

399 4225 502 4271 tem
537 4234 905 4289 permanere:
945 4225 1039 4280 sed
1084 4225 1322 4292 fundati,
1365 4229 1565 4298 inquit,
1609 4242 1674 4283 ac
1727 4227 1976 4296 stabiles,

2087 4233 2193 4288 ἀπὸ
2232 4233 2331 4303 τῆς
2379 4231 2594 4293 ἐλπίδος
2632 4227 2726 4283 τοῦ
2786 4225 3141 4297 Εὐαγγελίου.
3185 4221 3280 4284 Τίς
3313 4220 3370 4273 δέ
3420 4221 3454 4290 ἡ
3507 4216 3664 4280 ἐλπὶς

397 4324 500 4364 nec
532 4311 882 4369 dimovemini
912 4331 941 4371 a
966 4332 1061 4388 spe
1085 4316 1384 4390 Evangelii.
1401 4319 1531 4387 Quae
1547 4327 1826 4376 estautem
1851 4335 1974 4392 Spes

2089 4324 2179 4379 τοῦ
2210 4323 2581 4393 Εὐαγγελίους
2615 4321 2674 4374 '0
2700 4319 2956 4390 Χριστός.
2999 4335 3016 4368 ι
3049 4310 3123 4369 Ob
3146 4312 3416 4384 ἠκούσατε
3442 4309 3536 4363 τοῦ
3567 4326 3666 4378 κηη

396 4401 712 4477 Evangelii?
735 4407 990 4465 Christus
1027 4429 1046 4463 ι
1068 4410 1223 4477 Quod
1255 4412 1676 4483 audistis,quod
1704 4413 1972 4484 praedica-

2088 4417 2397 4490 ρυχθέντος.
2428 4433 2446 4468 ι
2499 4413 2710 4475 Αὐτοὺς
2767 4410 3020 4482 πρώτους
3069 4406 3309 4468 καλέσας
3353 4403 3659 4475 μάρτυρας,

397 4503 508 4546 tum
526 4502 630 4549 est.
653 4513 672 4547 ι
693 4495 827 4566 ipsis
851 4499 1086 4569 primum
1113 4500 1166 4555 in
1188 4510 1358 4557 testes
1397 4502 1802 4572 citatis,postea
1837 4501 1974 4556 dixit

2089 4510 2258 4572 οὕτως
2295 4502 2414 4560 εἷπε
2444 4506 2543 4576 τὴν
2579 4503 2925 4574 οἰκουμένην.
2970 4500 3086 4554 Οὐκ
3110 4495 3231 4551 εἷπε
3257 4496 3336 4560 δέ,
3380 4497 3666 4565 Κηρυσσο-

395 4589 584 4641 urbem
610 4589 703 4658 qui
736 4590 1101 4649 inhabitatur.
1129 4592 1248 4650 Non
1283 4594 1360 4649 ait
1392 4604 1572 4649 autem
1608 4611 1622 4649 :
1655 4595 1808 4661 Quod
1845 4610 1972 4664 prm-

2090 4603 2276 4673 μένου,
2323 4599 2462 4654 ἀλλὰ
2509 4596 2916 4667 Κηρυχθέντος,
2961 4593 3232 4656 τουτέστι,
3283 4587 3665 4649 πιστευθέντος

394 4679 632 4746 dicatur,
662 4685 756 4738 sed
783 4683 1144 4742 P’raadicatum
1177 4697 1283 4754 est,
1313 4689 1416 4743 hoc
1439 4695 1543 4752 est,
1569 4687 1680 4758 jam
1708 4687 1971 4742 creditum

2086 4691 2288 4745 λοιπόν.
2323 4707 2340 4741 ι
2376 4680 2454 4742 Οὗ
2499 4687 2768 4758 ἐγενόμην
2809 4683 2922 4754 ἐγὼ
2968 4683 3180 4746 Παῦλος
3224 4681 3487 4742 διάκονος.
3521 4697 3539 4730 ι
3591 4675 3663 4730 Τὸ

391 4780 498 4830 est.
565 4793 586 4828 ι
633 4774 805 4847 Cujus
850 4778 1028 4853 factus
1081 4797 1201 4836 sum
1249 4751 1351 4852 ego
1377 4751 1586 4838 Paulus
1628 4781 1903 4837 minister.
1951 4799 1968 4832 ι

2087 4783 2519 4853 ἀξιοθαύμαστον
2540 4751 3010 4846 τούΕύαγγελίου
3040 4776 3210 4846 δηλοῖ.
3241 4769 3338 4838 Oi},
3365 4772 3521 4843 φησὶ,
3551 4771 3664 4824 διά-

392 4845 772 4922 Admiratione
801 4845 1026 4939 dignum
1059 4845 1334 4942 signiﬁcat
1365 4871 1738 4942 Evangelium.
1780 4869 1969 4939 Cujus,

2087 4845 2236 4940 κονος
2259 4845 2526 4947 ἐγενόμην
2559 4873 2670 4943 ἐγὼ
2694 4845 2927 4935 Παύλος.
2964 4845 3165 4926 Λοιπὸν
3190 4870 3302 4937 γὰρ
3342 4871 3484 4934 μέγα
3510 4861 3578 4934 ἦν
3603 4862 3664 4916 τὸ

396 4958 596 5030 inquit,
629 4962 882 5018 minister
911 4979 1013 5034 ego
1061 4964 1262 5020 Paulus
1293 4965 1470 5021 factus
1501 4979 1647 5021 sum.
1675 4962 1794 5017 Jam
1823 4964 1972 5016 enim

2104 4969 2295 5024 ιαύλου
2328 4968 2520 5038 δνομα.
2556 4965 2752 5028 Καλῶς
2779 4965 2837 5018 δὲ
2863 4964 2923 5016 τὸ
2950 4963 3220 5026 διάκονος.
3259 4959 3446 5024 Οὐδὲν,
3473 4957 3681 5028 φησὶν,’

395 5067 651 5122 maguum
690 5065 810 5111 erat
847 5054 1001 5112 Pauli
1026 5073 1248 5113 nomen.
1279 5057 1344 5113 Et
1371 5058 1532 5119 bene,
1567 5055 1662 5119 ait,
1698 5055 1969 5109 minister.

1421 5072 1532 5119 Bne.
1567 5055 1662 5119 ait.
1698 5055 1969 5109 ῐηίηίδιθν·
2078 5063 2207 5117 ἴδιον
2227 5061 2392 5131 λέγω,
2417 5059 2554 5116 ἀλλὰ
2588 5058 2709 5113 Θεῶ
2733 5055 2998 5113 διακονῶ..

395 5142 563 5211 Nihil,
598 5145 794 5217 inquit,
827 5149 1111 5220 proprium
1156 5149 1303 5215 dico,
1338 5147 1434 5205 sed
1483 5141 1809 5202 administro
1840 5143 1969 5200 Deo.

1008 5305 1241 5363 CAPUT
1285 5305 1347 5360 V.
1833 5312 1840 5319 '

1833 5312 1840 5319 ’
2686 5310 2939 5368 ΚΕΦΑΛ.
2971 5308 3045 5363 E'.

398 5416 476 5473 De
504 5418 748 5502 doctrina
794 5421 964 5502 ipsius
999 5421 1200 5502 tradita
1243 5436 1334 5488 per
1368 5417 1600 5502 labores.z
1648 5419 1967 5474 reconcilia-

2081 5431 2217 5499 Περὶ
2236 5423 2346 5498 τῆς
2376 5427 2474 5482 δια
2501 5425 2621 5502 τῶν
2638 5426 2841 5502 πόνων
2863 5424 3049 5502 αὑτοῦ
3083 5419 3359 5502 διδαχῇς,
3389 5420 3658 5487 ἀνακτη-

682 5491 810 5556 tivo,
843 5492 911 5545 ad
935 5491 1311 5545 exhibitionem
1343 5506 1523 5544 coram
1554 5489 1685 5544 Deo.
2159 5489 2172 5499 '

2159 5489 2172 5499 ’
2294 5489 2338 5498 ’⁷
2397 5497 2568 5567 τικῆς
2600 5499 2687 5561 εις
2718 5495 3102 5562 παράστασιν
3134 5491 3308 5546 Θεοῦ.

466 5601 508 5671 Ι,
538 5605 732 5661 Ξόοῖὅ.
773 5605 930 5659 Nunc
964 5606 1168 5677 gaudeo
1202 5622 1357 5674 super
1402 5605 1792 5676 afﬂictionibus
1840 5606 1969 5658 meis

2151 5605 2300 5662 Νῦν·
2311 5605 2496 5674 χαίρω
2529 5604 2598 5658 ἐν
2622 5605 2748 5669 τοῖς
2776 5601 3091 5670 παθήμασι
3117 5619 3235 5671 μου
3287 5599 3439 5668 ὑπὲρ
3468 5598 3656 5668 ὑμῶν,

399 5713 494 5767 pro
516 5697 682 5764 vobis,
722 5707 769 5752 et
801 5698 1034 5752 vicissim
1079 5699 1312 5766 compleo
1337 5714 1454 5770 qua:
1483 5699 1673 5752 desunt
1707 5699 1969 5768 afﬂictio-

2086 5699 2177 5754 καί
2217 5693 2661 5764 ἀνταναπληρῶ
2686 5695 2759 5749 τὰ
2809 5693 3195 5764 ὑστερήματα
3243 5692 3364 5748 τῶν
3393 5694 3663 5761 θλίψεων

400 5805 526 5842 uum
567 5789 769 5844 Christi
791 5791 845 5844 in
871 5805 1032 5844 carne
1069 5807 1207 5856 mea,
1232 5808 1325 5861 pro
1355 5807 1571 5859 corpore
1604 5792 1795 5860 ipsius,
1825 5791 1967 5862 quod

2085 5789 2469 5861 τοῦ-Χριστοῦ
2496 5789 2564 5843 ἐν
2583 5788 2658 5858 τῇ
2687 5788 2869 5856 σαρκί
2892 5805 3034 5857 μου,
3077 5786 3230 5855 ὑπὲρ
3253 5785 3360 5840 τοῦ
3385 5785 3662 5855 σώματος

401 5888 476 5936 est
517 5879 793 5937 Ecclesia:
839 5880 990 5949 cuius
1028 5881 1281 5938 Ecclesia:
1321 5884 1496 5955 factus
1533 5901 1646 5939 sum
1672 5900 1764 5955 ego
1823 5884 1972 5936 mini-

2078 5883 2285 5949 αὑτοῦ,
2320 5882 2352 5936 ὅ
2378 5883 2548 5938 ἐστιν
2579 5881 2616 5950 ἡ
2665 5879 3018 5948 Ἐκκλησία.
3049 5873 3166 5945 ἾΙς
3218 5878 3516 5947 ἐγενόμην
3537 5876 3655 5946 ἐγὼ
