4036 6540
357 378 434 445 25
1388 392 1779 457 COMMENT.
1816 396 1900 458 IN
1940 396 2183 462 EPIST.
2215 402 2318 465 AD
2353 405 2649 472 COLOSS.
3546 425 3619 488 26

360 499 646 567 διάκονος
699 499 851 555 κατὰ
905 501 1020 572 τὴν
1071 502 1422 575 οικονομίαν
1465 508 1572 564 τοῦ
1622 510 1770 565 Θεοῦ
1823 509 1937 580 τὴν

2039 521 2147 570 star
2168 517 2333 587 juxta
2360 522 2804 592 dispensationem
2837 525 2953 595 Dei,
2977 545 3101 601 qua!
3125 529 3257 586 data
3282 541 3359 589 est
3391 535 3537 605 mihi,
3571 552 3626 593 ut

360 591 652 647 δοθεῖσάν
671 610 776 664 μοι
803 595 894 663 εἰς
929 594 1088 666 ὑμᾶς
1118 598 1438 668 πληρῶσαι
1484 601 1592 656 τὸν
1620 603 1808 674 λόγον
1835 603 1937 658 τοῦ

2047 621 2137 661 vos
2171 611 2479 680 compleatis
2510 631 2802 671 sermonem
2839 617 2956 674 Dei.

363 685 535 739 Θεοῦ.

433 777 544 828 Καὶ
598 777 876 846 τοσοῦτον,
905 781 1091 851 φησὶν,
1157 782 1305 838 ἔστιν
1339 786 1547 860 ἀληθὴς
1585 789 1617 861 ἡ
1649 789 1805 854 ἐλπὶς
1847 787 1942 846 τοῦ

361 867 724 938 Εὑαγγελίου,
769 873 852 926 ὅτι
897 875 992 926 καὶ
1038 875 1270 946 πάσχειν
1305 879 1568 950 αἱροῦμαι
1621 883 1688 936 δι’
1747 883 1940 954 αὐτὴν,

358 961 455 1013 καὶ
519 963 701 1033 χαίρω
756 964 1010 1036 πάσχων.
1046 968 1246 1040 Πάσχω
1272 970 1349 1034 δὲ,
1379 969 1479 1044 οὐχ
1509 975 1650 1046 ὑπὲρ
1674 973 1938 1045 ἐμαυτοῦ,

361 1052 497 1106 ἀλλὰ
535 1054 606 1107 δι’
649 1055 818 1124 ὑμᾶς,
855 1059 944 1112 ἵνα
991 1061 1136 1130 ὑμᾶς
1162 1061 1441 1135 ὠφελῆσαι
1473 1065 1706 1136 δυνηθῶ.
1752 1087 1771 1122 ι
1829 1071 1941 1123 Καὶ⁹

354 1144 762 1215 ἀνταναπληρῶ
791 1147 861 1200 τὰ
894 1147 1270 1221 ὑστερήματα.
1303 1171 1320 1204 ι
1357 1154 1564 1210 Βασαίί
1599 1151 1710 1209 οἷον
1755 1156 1936 1226 λέγεις

359 1235 424 1288 Ei
449 1236 477 1288 6
505 1238 743 1308 Χριστὸς
767 1239 1222 1314 ένανθρωπήσας,
1259 1246 1613 1318 ἐμπαιχθεὶς,
1649 1251 1743 1304 καὶ
1775 1253 1942 1323 ῥαπιο

358 1328 528 1393 σθεὶς,
559 1331 656 1384 καὶ
695 1333 1053 1405 σταυρωθεῖς,
1086 1339 1182 1391 καὶ
1243 1340 1552 1406 ἀποθανὼν,
1601 1343 1831 1412 ὀφείλων
1884 1362 1938 1400 τι

356 1421 454 1474 καὶ
503 1424 799 1495 χρεωστῶν
868 1427 997 1498 ὑμῖν
1059 1428 1304 1501 ἀπῆλθεν
1359 1431 1435 1496 ὡς
1477 1434 1700 1504 μείζονα
1745 1439 1938 1492 παθεῖν

361 1513 618 1583 ὀφείλων,
651 1516 830 1572 ταῦτα
859 1518 970 1586 ἐγὼ
1000 1521 1425 1596 ἀνταναπληρῶ.
1462 1527 1530 1580 Ei
1552 1545 1605 1582 τι
1634 1529 1743 1600 γὰρ
1774 1531 1936 1585 ὑστέ-

359 1623 497 1676 ρησε
552 1609 769 1676 παθεῖν,
835 1612 945 1680 ἐγὼ
1004 1613 1220 1685 πάσχω,
1277 1619 1464 1689 φησίν.
1530 1651 1602 1662 -
1632 1621 1832 1696 [ΦΩΤ.]
1875 1625 1935 1678 '0

353 1699 596 1768 Χριστὸς
627 1700 737 1773 γὰρ
768 1703 1078 1774 ῥαπισθεὶς,
1116 1708 1209 1760 καὶ
1232 1709 1577 1779 ὲμπαιχθεὶς,
1617 1713 1709 1766 καὶ
1743 1730 1936 1783 μαστι-

352 1789 530 1859 χθεὶς,
564 1793 658 1845 καὶ
690 1795 1024 1866 σταυρωθεὶς
1059 1797 1200 1870 ὑπὲρ
1225 1801 1402 1870 ἡμῶν,
1436 1803 1533 1872 οὐχ
1555 1804 1747 1870 ἁπλῶς
1769 1808 1936 1878 ἐπλή-

355 1897 498 1972 ρωσε
557 1884 757 1949 πάντα,
814 1888 949 1941 ἀλλὰ
1012 1890 1106 1943 καὶ
1360 1867 1638 1961 νοῦνξκαὶ
1673 1867 1936 1972 ἀιρράστιρ
1971 1867 2010 1921 Β

348 1970 498 2042 λόγῳ
526 1973 904 2047 ἐξεπλήρωσε.
940 1981 1230 2048 Χρεῶσται
1263 1977 1356 2037 οὖν
1403 1986 1604 2051 πάντες
1660 1970 1934 2065 καθεστὴὴ.

350 2080 556 2133 καμεν,
591 2067 714 2121 ἀντὶ
747 2069 859 2122 τῶν
919 2071 1132 2144 μυρίων
1160 2075 1386 2131 ἐκείνων
1422 2080 1515 2133 καὶ
1575 2083 1936 2154 σωσικόσμων

349 2155 568 2243 παθῶν,
611 2160 704 2212 καὶ
747 2162 899 2215 αὐτοὶ
960 2164 1258 2236 ὑπομένειν
1314 2171 1408 2223 καὶ
1456 2172 1798 2243 ἀντεισάγειν
1833 2194 1938 2230 πα-

349 2242 576 2336 θηματα
602 2250 699 2302 καὶ
730 2250 940 2322 θλίψεις
967 2255 1108 2327 ὑπὲρ
1137 2259 1373 2329 Χριστοῦ
1411 2261 1507 2315 καὶ
1554 2262 1650 2316 τοῦ
1686 2242 1940 2336 σώματος

348 2335 548 2402 αὐτοῦ,
578 2337 665 2391 ῖνα
697 2342 1285 2418 ἀνταναπληρὼσωμεν
1317 2349 1354 2404 ἃ,
1384 2349 1588 2406 ἔπαθεν
1616 2354 1644 2406 6
1702 2335 1938 2425 Χριστὸς

347 2427 494 2499 ὑπὲρ
519 2430 702 2500 ἡμῶν.
745 2435 905 2489 Ἀλλὰ
936 2438 1041 2510 μὴν
1075 2439 1504 2512 ἀνταπληρῶσαι
1573 2444 1734 2510 αὐτὰ,
1783 2465 1940 2501 τουτο

352 2519 533 2584 ἐστιν,
572 2523 705 2587 ἴσως
734 2526 830 2578 καὶ
868 2527 1068 2598 ὁμοίως
1092 2530 1306 2598 παθεῖν,
1346 2534 1440 2587 καὶ
1489 2535 1679 2605 μηδενὶ
1702 2537 1940 2593 ἐλλιπεῖν

351 2611 642 2670 ἀδύνατον.
683 2616 826 2670 Ἀλλ’
873 2619 974 2674 ὅσα
1027 2620 1093 2674 ἂν
1130 2623 1418 2694 πάθωμεν,
1480 2627 1772 2699 ὑστέρημά
1823 2631 1940 2684 ἐστι

352 2701 492 2772 πρὸς
544 2703 644 2766 τὰς
705 2703 912 2775 θλίψεις
971 2708 1066 2761 τοῦ
1119 2710 1380 2780 Χριστοῦ.
1423 2713 1549 2778 Πῶς
1581 2714 1786 2787 γὰρᾶν
1845 2716 1940 2770 καὶ

351 2794 878 2870 ἀνταναπληρωθείη
901 2799 981 2866 τὸ,
1012 2803 1292 2875 Δεσπότην
1320 2806 1463 2876 ὑπὲρ
1499 2808 1690 2862 δούλου
1719 2809 1933 2874 παθεῖν,

350 2887 443 2941 διὰ
496 2887 592 2942 τοῦ
642 2890 826 2944 δοῦλον
857 2893 997 2963 ὑπὲρ
1025 2896 1334 2964 Δεσπότου;
1393 2900 1467 2952 Οὐ
1491 2899 1600 2971 γάρ
1628 2902 1740 2955 ῖσον
1783 2901 1942 2956 τοῦτο

350 2980 476 3034 οὐδὲ
511 2981 720 3051 ὅμοιον,
759 2982 955 3038 πολλοῦ
983 3002 1046 3053 γε
1082 2989 1178 3040 καὶ
1205 2989 1306 3041 δεῖ.
1349 2990 1421 3042 Ἦ
1460 2990 1521 3043 τὸ
1551 2992 1940 3064 ἀναμάρτητον

349 3070 495 3142 ὑπὲρ
545 3072 886 3144 ἁμαρτωλῶν
942 3077 1037 3130 καὶ
1086 3083 1652 3151 προσκεκρουκότων,
1701 3084 1789 3139 διὰ
1843 3085 1937 3139 τοῦ

2117 784 2184 840 Et
2228 786 2387 856 adeo,
2441 788 2644 860 inquit,
2675 808 2802 848 vera
2831 809 2958 866 spes
3007 804 3090 852 est
3143 796 3419 869 Evangelii
3473 800 3620 871 quod

2045 877 2210 932 etiam
2247 891 2475 950 propter
2508 883 2683 954 ipsam
2733 889 2842 958 pati
2875 891 3020 960 eligo
3055 899 3108 945 et
3144 893 3360 961 patiens
3391 894 3621 959 gaudeo.

2043 966 2229 1024 Patior
2262 979 2445 1026 autem
2479 989 2588 1028 non
2622 992 2719 1046 pro
2752 981 2984 1050 meipso,
3017 981 3124 1035 scd-
3160 995 3382 1052 propter
3415 1001 3534 1049 vos,
3565 992 3627 1038 ut

2045 1073 2141 1115 vos
2178 1061 2374 1132 juvare
2427 1066 2654 1134 possim.
2704 1086 2723 1119 ι
2781 1069 2850 1123 Ει
2911 1070 3156 1126 vicissim
3207 1075 3455 1143 compleo
3503 1090 3624 1144 qua:
3671 1058 3682 1068 ’

2042 1152 2257 1207 desunt.
2292 1174 2310 1207 ›
2347 1154 2504 1227 Papae
2540 1159 2553 1211 ι
2590 1159 2846 1228 quidnam
2876 1163 3119 1232 estquod
3137 1164 3252 1217 ait?
3286 1165 3340 1217 Si
3373 1165 3626 1220 Christus

2043 1243 2208 1299 homo
2236 1244 2433 1314 iactus,
2460 1249 2679 1317 illusus,
2711 1259 2765 1306 et
2794 1251 2968 1322 alapis
3003 1269 3201 1318 caesus,
3233 1255 3528 1310 cruciﬁxus
3560 1271 3625 1309 ac

2041 1346 2316 1404 mortuus,
2354 1340 2634 1412 quidpiam
2667 1343 2874 1399 debens
2911 1353 2963 1400 et
3007 1347 3286 1416 obligatus
3333 1348 3489 1403 vobis
3514 1350 3626 1403 dis-

2040 1429 2226 1493 cessit,
2254 1445 2378 1484 cum
2403 1432 2606 1502 majora
2643 1437 2752 1504 pati
2784 1437 3083 1502 debuisset,
3111 1439 3226 1493 hch
3249 1454 3350 1508 ego
3376 1439 3621 1495 vicissim

2039 1521 2308 1590 compleo.
2346 1521 2403 1576 Si
2433 1524 2564 1593 quid
2619 1524 2792 1580 defuit
2833 1527 2982 1597 quod
3036 1529 3126 1583 ille
3157 1537 3458 1595 pateretur,
3496 1546 3620 1600 ego,

2038 1611 2232 1682 inquit,
2253 1616 2526 1683 patior.-—
2544 1615 2796 1674 Christus
2819 1621 2964 1675 enim
2991 1622 3166 1691 alapis
3193 1638 3372 1678 caesus
3400 1638 3464 1678 ac
3498 1625 3626 1676 illu~

2037 1719 2155 1770 sus,
2187 1705 2486 1779 ﬂagellatus
2510 1711 2876 1767 etcrucitlxus
2906 1729 3003 1784 pro
3027 1716 3204 1780 nobis,
3249 1730 3356 1769 non
3381 1715 3620 1784 simplici

2041 1799 2202 1854 modo
2226 1801 2413 1855 omnia
2439 1803 2750 1873 complevit,
2779 1803 2875 1858 sed
2908 1821 3077 1875 supra
3107 1815 3342 1860 mentem
3375 1820 3618 1876 quoque,

2039 1897 2092 1944 et
2123 1905 2377 1948 sermone
2407 1910 2518 1948 non
2551 1895 2923 1968 investigabili
2975 1900 3234 1968 explevit.
3274 1897 3480 1953 Omnes
3511 1900 3622 1950 ita-

2037 1997 2145 2052 que
2173 1982 2453 2040 debitores
2473 1988 2759 2041 constituti
2796 2004 2993 2044 sumus
3039 1992 3108 2043 oh
3141 1991 3458 2043 innumeras
3493 1989 3617 2042 illas

2037 2085 2092 2130 et
2116 2076 2376 2134 mundum
2413 2079 2688 2135 salvantes
2724 2080 3072 2148 aiﬂictiones,
3110 2091 3167 2136 ut
3198 2083 3299 2152 ipsi
3335 2085 3498 2138 etiam
3543 2094 3627 2136 to-

2039 2167 2300 2236 leremus,
2343 2169 2705 2242 vicissimque
2749 2173 3129 2228 sustineamus
3179 2173 3508 2228 aﬂlictiunes
3556 2187 3626 2227 ac

2038 2262 2379 2319 calamitates
2406 2278 2515 2333 pro
2539 2265 2764 2320 Christo
2788 2275 2840 2320 et
2873 2283 3105 2338 corpore
3130 2268 3322 2336 ipsius,
3359 2276 3418 2320 ut
3453 2267 3624 2320 vicis-

2039 2355 2141 2410 sim
2173 2356 2551 2425 compleamus
2603 2373 2725 2426 qua:
2768 2373 2967 2428 passus
2997 2370 3081 2414 est
3106 2360 3359 2414 Christus
3393 2375 3490 2430 pro
3521 2375 3626 2413 no-

2039 2447 2149 2504 bis.
2182 2449 2350 2520 Atqui
2382 2449 2621 2504 vicissim
2662 2452 2779 2521 ipsa
2812 2453 3110 2521 complere,
3144 2451 3195 2507 id
3237 2461 3345 2516 est,
3377 2468 3532 2523 teque
3559 2469 3624 2508 ac

2041 2539 2212 2594 simili
2240 2539 2404 2594 modo
2440 2541 2552 2608 pali
2586 2540 2682 2605 ita,
2714 2548 2772 2594 ut
2824 2541 2957 2594 nihil
2991 2543 3465 2611 prmtermiltatur,
3505 2557 3625 2596 om—

2038 2632 2172 2686 nino
2213 2632 2554 2701 impossibile
2600 2641 2725 2686 est:
2762 2647 2888 2686 nam
2923 2649 3266 2702 quacunque
3317 2633 3464 2702 paSsi
3505 2632 3626 2686 fue-

2038 2721 2238 2785 rimus,
2271 2723 2446 2777 deerit
2478 2722 2659 2777 adhuc
2693 2723 2898 2792 aliquid
2934 2724 3001 2777 ad
3025 2723 3225 2777 Christi
3261 2722 3617 2778 aiﬂictioues.

2040 2811 2160 2876 Quo
2216 2811 2380 2883 igitur
2413 2813 2576 2868 modo
2633 2814 2875 2868 vicissim
2932 2815 3193 2884 compleri
3230 2801 3608 2883 poti-ritqttod

2042 2901 2306 2959 Dominus
2359 2921 2459 2975 pro
2491 2921 2650 2960 servo
2685 2921 2878 2976 passus
2911 2913 3016 2972 est,
3050 2922 3145 2975 per
3176 2905 3281 2959 hoc
3309 2907 3454 2974 quod
3499 2920 3620 2960 ser-

2040 3011 2140 3051 vus
2174 2997 2416 3066 patiatur
2445 3013 2546 3067 pro
2587 2998 2857 3051 Domino?
2887 2987 3064 3066 neque
3095 2998 3241 3051 enim
3278 2997 3383 3059 hoc
3411 2997 3624 3066 mquale

2042 3085 2147 3139 erit
2179 3092 2275 3139 aut
2303 3086 2502 3150 simile,
2535 3087 2668 3155 quin
2707 3087 2890 3157 potius
2930 3087 3094 3156 longo
3122 3087 3301 3140 adhuc
3327 3086 3508 3142 aberit
3538 3087 3624 3140 in-

349 3164 479 3228 τοὺς
515 3165 574 3217 ὲν
601 3166 902 3238 ἁμαρτίαις
927 3168 1066 3241 ὑπὲρ
1095 3170 1386 3242 εὐεργέτου
1421 3177 1518 3229 καὶ
1546 3177 1936 3250 ἀναμαρτήτου

2044 3177 2296 3232 tervallo.
2363 3179 2524 3249 126
2572 3177 2766 3233 Utrum
2796 3179 2942 3234 enim
2996 3194 3091 3249 per
3116 3180 3219 3234 hoc
3245 3179 3391 3249 quod
3439 3179 3473 3233 ii
3524 3180 3621 3249 qui

350 3256 450 3309 καὶ
480 3257 674 3328 μυρία.
698 3259 790 3313 Διὸ
815 3261 916 3314 ὅσα
955 3261 1021 3316 ἄν
1048 3280 1132 3327 τις
1179 3265 1380 3336 πάσχοι
1435 3268 1934 3340 ἀνταναπληρῶσαι

2039 3270 2280 3341 peccatis
2303 3281 2431 3325 sunt
2453 3271 2674 3325 obnoxii
2701 3271 2909 3341 aliquid
2935 3272 3178 3326 tolerant
3216 3288 3315 3342 pro
3336 3287 3400 3327 eo
3434 3273 3527 3342 qui
3553 3272 3623 3328 de

353 3347 548 3414 θέλων,
573 3350 864 3422 ὑστέρημα
890 3353 1001 3406 τῶν
1032 3354 1267 3425 θλίψεων
1298 3357 1391 3410 τοῦ
1431 3359 1670 3431 Χριστοῦ
1699 3364 1936 3418 ἀντανα-

353 3438 577 3509 πληροῖ.
645 3441 738 3494 Διὸ
802 3443 895 3496 καὶ
926 3445 954 3498 6
1014 3446 1284 3517 μακάριος
1343 3448 1554 3514 Παῦλος
1583 3492 1598 3516 ,
1637 3453 1665 3505 6
1714 3453 1936 3510 πάντων

355 3529 518 3583 πλέον
551 3530 694 3603 ὑπὲρ
728 3534 965 3603 Χριστοῦ
989 3535 1238 3607 δραμὼν,
1285 3539 1312 3592 6
1347 3541 1468 3594 καθ’
1523 3542 1761 3614 ἑκάστην
1795 3547 1936 3618 ἡμέ-

353 3637 456 3692 ραν
490 3623 658 3694 μυρία
687 3625 910 3696 πάσχων
949 3627 1120 3696 δεινὰ,
1155 3629 1314 3684 τοῦτο
1347 3632 1502 3698 εἰδὼς
1531 3635 1628 3690 καὶ
1668 3637 1935 3692 διδάσκων

349 3710 541 3779 ἔλεγεν
565 3728 578 3741 ·
615 3731 634 3764 ι
683 3712 855 3786 ’Υπὲρ
886 3715 980 3770 τοῦ
1015 3717 1264 3790 σώματος
1286 3722 1473 3778 αὑτοῦ.
1512 3744 1530 3777 ι
1565 3727 1710 3780 Ἀνω
1741 3729 1931 3798 εἰπὼν,

353 3803 478 3857 Ὅτι
508 3803 654 3872 ὑπὲρ
683 3807 838 3876 ὑμῶν
865 3809 1079 3880 πάσχω,
1105 3811 1202 3866 νῦν
1236 3812 1579 3888 βεϐαιότερον
1609 3820 1703 3872 καλ¹
1727 3819 1938 3885 ἀξιοπι-

355 3897 612 3968 στότερον
651 3899 785 3953 αὐτὸ
816 3900 987 3970 λέγει.
1017 3903 1109 3975 Μὴ
1134 3904 1263 3976 γὰρ,
1320 3909 1508 3979 φησὶν,
1563 3911 1934 3986 ἀπιστήσητε,

351 3989 538 4059 είᾶρα
560 3991 698 4062 ὑπὲρ
740 3993 893 4064 ὑμῶν
926 3996 1196 4068 ἀνέχομαι
1253 3998 1470 4056 παθεῖν.
1549 3997 1722 4074 Ὑπὲρ
1781 4005 1935 4076 ὑμῶν

355 4081 466 4152 γὰρ
504 4083 750 4153 πάσχων,
784 4086 928 4156 ὑπὲρ
957 4088 1051 4141 τοῦ
1078 4088 1334 4159 σώματος
1365 4091 1458 4145 τοῦ
1499 4093 1634 4147 Θεοῦ
1671 4113 1772 4166 μου
1825 4097 1937 4154 πά-

351 4190 485 4244 σχω.
507 4175 674 4247 Σῶμα
691 4177 799 4248 γὰρ
820 4179 985 4232 αὐτοῦ
1021 4181 1052 4250 ή
1095 4181 1424 4253 Ἐκκλησία,
1449 4179 1516 4257 ἧς
1547 4185 1778 4255 ἠξίωσεν
1795 4184 1936 4242 εἶναι

352 4267 588 4338 κεφαλή.
654 4270 837 4340 Μέρος
903 4271 958 4323 δὲ
1019 4271 1121 4342 τῆς
1163 4274 1393 4328 καθόλου
1454 4277 1780 4348 Ἑκκλησίας
1841 4279 1937 4333 καὶ

350 4355 530 4427 ὑμεῖς.
559 4376 578 4410 ι
619 4352 728 4422 *Ης
775 4361 1043 4432 ἐγενόμην
1093 4363 1205 4432 ἐγὼ
1250 4363 1518 4430 διάκονος.
1559 4387 1577 4419 ι
1643 4370 1936 4426 Πείθεοθαι

348 4452 645 4523 τοιγαροῦν
675 4452 922 4523 ὀφείλετε
960 4455 1038 4526 τῷ
1065 4455 1170 4508 ὑπὸ
1199 4456 1332 4510 Θεοῦ
1364 4459 1644 4531 γενομένῳ
1673 4461 1932 4534 διακόνῳ.

2037 3359 2172 3431 ipsis
2199 3361 2338 3416 bene
2370 3361 2600 3418 meritus
2631 3370 2717 3417 est
2752 3378 2851 3418 nec
2900 3379 3130 3434 peccare
3172 3372 3374 3433 potest,
3415 3365 3624 3434 mquale

2037 3455 2090 3510 ei
2154 3453 2427 3518 redditur,
2478 3454 2626 3524 quod
2671 3463 2757 3510 est
2800 3455 3213 3525 impeccabilem
3259 3465 3410 3511 tanta
3455 3458 3626 3514 susti-

2045 3547 2241 3602 nuisse
2277 3562 2378 3616 pro
2409 3548 2794 3618 peccatoribus
2825 3556 2880 3604 et
2903 3549 2972 3604 iis
3028 3550 3122 3620 qui
3155 3550 3334 3620 ipsum
3385 3549 3625 3607 offende-

2036 3641 2193 3695 rant?
2224 3641 2440 3710 aliaque
2467 3649 2598 3696 sunt
2643 3642 2930 3697 innumera
2965 3659 3086 3713 quae
3135 3643 3501 3698 differentiam
3530 3658 3626 3699 os-

2037 3732 2284 3788 tendant.
2319 3732 2532 3788 Idcirco
2561 3749 2902 3804 quacunque
2929 3749 3126 3804 passus
3163 3735 3332 3790 fuerit
3353 3735 3625 3804 quispiam

2038 3821 2282 3878 vicissim
2311 3824 2582 3894 complere
2603 3825 2814 3891 volens,
2843 3825 3116 3880 defectum
3148 3825 3216 3880 ab
3238 3825 3625 3882 atllictionibus

2037 3912 2239 3970 Christi
2263 3914 2508 3970 vicissim
2521 3917 2778 3986 complet.
2801 3917 3150 3987 Quapropter
3178 3919 3368 3973 beatus
3404 3933 3626 3988 quoque

2037 4005 2264 4071 Paulus,
2298 4007 2390 4076 qui
2422 4022 2521 4077 pro
2540 4007 2762 4065 Christo
2792 4011 3084 4079 plusquam
3107 4012 3500 4066 caeterionmes
3529 4027 3628 4066 cu-

2037 4106 2310 4163 currerat,
2337 4099 2428 4166 qui
2463 4099 2517 4153 in
2547 4100 2668 4155 dies
2691 4102 2935 4170 pericula
2959 4103 3265 4158 sustinebat
3291 4103 3579 4158 innumera
3609 4123 3623 4159 :

2038 4190 2142 4244 hoc
2170 4189 2357 4245 sciens
2397 4205 2462 4245 ac
2496 4189 2722 4258 docens,
2755 4192 3008 4247 dicebat:
3064 4211 3083 4245 ι
3118 4193 3223 4248 Pro
3255 4206 3501 4262 corpore
3543 4195 3625 4264 ip-

2039 4281 2177 4337 sius.
2208 4299 2228 4333 ι
2265 4281 2402 4336 Cum
2463 4283 2722 4352 superius
2771 4283 3004 4339 dixerit:
3040 4285 3148 4338 Pro
3201 4284 3360 4339 vobis
3405 4287 3624 4353 patior:

2038 4387 2185 4427 nunc
2238 4372 2382 4427 idem
2415 4372 2630 4432 ﬁrmius
2682 4390 2747 4430 ac
2775 4376 3095 4432 credibilius
3140 4375 3294 4432 dicit.
3343 4377 3624 4447 Siquidem

2037 4477 2157 4529 vos,
2204 4463 2406 4532 inquit,
2442 4463 2709 4520 increduli
2761 4467 3054 4532 maneatis,
3097 4468 3144 4522 si
3179 4483 3280 4539 ego
3327 4484 3427 4538 pro
3467 4470 3626 4526 vobis

357 4561 375 4592 ι
412 4544 569 4596 Κατὰ
589 4543 688 4614 τὴν
714 4545 1026 4616 οἰκονομίαν
1057 4547 1150 4601 τοῦ
1187 4547 1344 4602 Θεοῦ.
1379 4569 1398 4601 ι
1438 4551 1509 4603 Ἢ
1546 4551 1704 4604 τοῦτό
1741 4570 1930 4623 φησιν,

2039 4551 2150 4620 pati
2178 4552 2427 4608 sustineo
2454 4571 2467 4607 :
2497 4569 2624 4607 nam
2660 4569 2757 4624 pro
2785 4553 2942 4610 vobis
2983 4555 3225 4625 patiens,
3262 4573 3365 4627 pro
3395 4573 3628 4628 corpore

345 4630 430 4686 ὃτι
465 4633 635 4697 Αὐτὸς
679 4635 1032 4704 ἀναληφθεὶς,
1059 4637 1208 4707 ἡμᾶς
1234 4637 1383 4690 εἴασε
1407 4637 1725 4709 κηρύσσειν»
1759 4639 1846 4692 ἵνα
1859 4641 1936 4712 μὴ

348 4724 839 4796 ἐγκαταλελεῖφθαι
874 4729 1156 4800 νομίσητε,
1187 4729 1222 4800 ἥ
1251 4730 1330 4783 ὅτι
1363 4730 1526 4784 πλέον
1574 4731 1790 4785 πάντων
1833 4733 1935 4802 ἐμὲ

348 4815 538 4882 διῶξαι
580 4821 982 4890 συνεχώρησεν,
1023 4820 1117 4873 ἵνα
1167 4819 1606 4894 ἀξιοπιστότερος
1638 4819 1683 4876 ὦ
1733 4825 1931 4895 κήρυξ,

347 4905 380 4976 ῆ
411 4907 494 4960 ὅτι
522 4908 622 4962 οὐκ
666 4910 732 4964 ἂν
755 4912 822 4964 τὰ
851 4912 979 4982 ἔθνη
1014 4911 1262 4977 ἐδέξαντο
1288 4913 1377 4967 τὸν
1403 4912 1580 4982 λόγον,
1610 4915 1736 4985 δίχα
1791 4915 1932 4969 Θεοῦ

346 4995 679 5068 οἰκονομίας.
722 5018 741 5051 ‹
787 5001 884 5064 Εἰς
909 5002 1074 5072 ὑμᾶς.
1114 5020 1133 5054 ›
1191 5002 1484 5056 Τουτέστιν
1514 5003 1595 5066 είς
1646 5003 1718 5057 τὰ
1774 5004 1924 5075 ἔθνη.

354 5105 373 5136 ι
399 5087 694 5158 Πληρῶσαι
717 5091 808 5144 τὸν
830 5091 986 5161 λόγον
1020 5090 1112 5146 τοῦ
1151 5091 1311 5145 Θεοῦ.
1345 5110 1365 5143 ›
1395 5089 1679 5144 Δείκνυσιν
1708 5092 1788 5146 ὅτι
1839 5093 1924 5147 ἔτι

350 5179 693 5252 ἀπληρώτως
720 5180 884 5256 εἶχον.

2045 4641 2142 4696 Dei
2174 4644 2277 4698 mei
2313 4645 2520 4714 patior.
2572 4643 2786 4715 Corpus
2818 4646 2964 4701 enim
3009 4647 3183 4716 ipsius
3219 4647 3466 4703 Ecclesia
3515 4657 3623 4714 est,

2043 4749 2200 4804 cuius
2223 4729 2479 4804 dignatus
2511 4743 2596 4790 est
2619 4751 2742 4790 esse
2773 4745 2956 4806 caput,
2982 4754 3081 4793 vos
3109 4749 3294 4794 autem
3330 4756 3457 4810 pars
3488 4741 3624 4797 estis

2041 4823 2376 4881 universalis
2411 4825 2690 4881 Ecclesiae.
2726 4844 2744 4876 ι
2781 4827 2953 4896 Cujus
2988 4830 3247 4884 Ecclesiae
3274 4830 3457 4888 factus
3495 4849 3618 4888 sum

2040 4930 2142 4986 ego
2173 4915 2446 4971 minister.
2486 4935 2506 4968 ι
2557 4917 2775 4973 Debetis
2818 4919 3003 4990 itaque
3024 4921 3074 4975 ei
3105 4937 3300 4992 parere
3327 4925 3420 4994 qui
3449 4940 3480 4978 a
3514 4924 3625 4980 Deo

2039 5007 2292 5062 minister
2315 5007 2544 5062 eﬂ'ectus
2575 5018 2679 5063 est.
2718 5026 2736 5060 ι
2768 5007 2931 5063 Juxta
2953 5009 3422 5082 dispensationem
3449 5014 3566 5069 Dei.
3597 5035 3617 5068 ι

2035 5101 2144 5152 Aut
2179 5098 2284 5153 hoc
2319 5099 2430 5153 ait:
2465 5101 2587 5168 Ipse
2619 5109 2939 5170 assumptus
2973 5106 3225 5172 permisit
3267 5117 3324 5181 ut
3355 5107 3624 5176 praedica-

2036 5205 2247 5254 remus,
2306 5204 2376 5246 ne
2423 5205 2521 5245 vos
2561 5189 2860 5248 derelictos
2909 5195 3328 5250 existimaretis.
3386 5197 3494 5250 Aut
3539 5208 3624 5250 nte

352 5273 476 5342 plus
523 5278 738 5332 caeteris
791 5279 1048 5334 omnibus
1102 5279 1269 5351 afﬂigi
1303 5277 1574 5350 permisit,
1612 5287 1672 5334 ut
1706 5279 1880 5349 magis
1935 5280 2164 5337 idoneus
2220 5296 2399 5338 essem
2436 5281 2787 5351 praedicator.
2828 5283 2959 5351 Aut,
2987 5285 3130 5354 quod
3164 5297 3353 5357 gentes
3409 5301 3622 5358 nequa-

349 5381 512 5435 quam
563 5383 872 5426 sermonem
951 5373 1329 5439 suscepissent
1398 5373 1606 5441 absque
1693 5372 1788 5427 Dei
1865 5372 2296 5444 dispensatione.
2355 5393 2372 5426 ι
2423 5373 2482 5429 ln
2531 5390 2653 5431 vos.
2693 5395 2712 5427 ι
2754 5377 2872 5432 Ηοε
2904 5385 3022 5445 est,
3068 5377 3120 5432 in
3151 5387 3359 5450 gentes.
3399 5399 3418 5432 ι
3461 5380 3624 5436 Com-

347 5459 532 5528 pleudi
565 5477 873 5519 sermonem
908 5463 1020 5518 Dei.
1049 5481 1072 5519 ι
1109 5465 1362 5520 Ostendit
1385 5464 1530 5534 quod
1593 5465 1670 5520 illi
1733 5467 2002 5535 complete
2044 5467 2222 5522 adhuc
2243 5483 2354 5522 non
2388 5468 2684 5523 habebant.

423 5549 492 5604 T6
547 5555 888 5623 μυστήριον
939 5557 1004 5610 τὸ
1054 5557 1594 5626 ἀποκεκρυμμένον
1646 5557 1766 5614 ἀπὸ
1810 5558 1929 5612 τῶν

344 5641 573 5697 αἰώνων
600 5645 701 5699 καὶ
722 5647 838 5701 ἀπὸ
866 5647 982 5701 τῶν
1011 5649 1251 5718 γενεῶν,
1285 5650 1425 5704 νυνι
1467 5649 1536 5703 δὲ
1573 5650 1914 5720 ἐφανερώθη

346 5735 471 5802 τοῖς
499 5738 692 5806 ἁγίοις
708 5739 914 5803 αὑτοῦ,
957 5737 1046 5807 οἷς
1068 5741 1375 5809 ἠθέλησεν
1400 5745 1433 5797 ὁ
1462 5744 1608 5810 Θεὸς
1639 5745 1925 5814 γνωρίσαι

2107 5559 2151 5625 l,
2179 5559 2368 5616 26-29.
2415 5560 2734 5632 Mysterium
2767 5562 2908 5632 quod
2938 5566 3270 5619 reconditum
3312 5566 3412 5634 fuit
3444 5582 3477 5618 a
3516 5582 3618 5619 str-

2033 5653 2167 5707 culis
2190 5665 2238 5707 et
2261 5670 2293 5706 a
2323 5654 2772 5723 generationibus,
2807 5672 2946 5709 nunc
2982 5667 3162 5710 autem
3185 5658 3514 5726 patefactum
3543 5668 3620 5712 est

2041 5744 2241 5800 sanctis
2279 5743 2423 5797 illius
2451 5758 2469 5796 :
2506 5745 2696 5815 quibus
2734 5745 2898 5798 voluit
2925 5744 3065 5798 Deus
3090 5756 3270 5799 notum
3295 5746 3468 5815 facere
3505 5763 3625 5816 quia

347 5829 405 5883 τί
425 5829 490 5883 τὸ
519 5831 782 5900 πλοῦτος
813 5833 920 5903 τῆς
952 5833 1136 5902 δόξης
1165 5834 1271 5889 τοῦ
1307 5836 1652 5906 μυστηρίου
1703 5839 1918 5893 τούτου

2039 5838 2102 5890 sit
2128 5836 2395 5906 opulentia
2431 5836 2616 5900 gloria:
2646 5839 2882 5906 mysterii
2931 5837 3088 5907 hujus
3139 5839 3275 5911 inter
3304 5849 3476 5910 gentes
3503 5856 3626 5916 qua:
