4036 6590
346 400 428 465 29
1372 397 1761 462 COMMENT.
1791 396 1874 459 IN
1912 395 2156 459 E’PIST.
2187 397 2288 459 AD
2310 398 2609 465 COLOSS.
3531 400 3606 465 30

422 508 540 564 Ἰνα
571 510 646 580 μή
664 525 750 573 τις
774 507 955 565 αὐτῶν
985 507 1260 583 ῥᾳθυμίας
1285 509 1379 564 καὶ
1402 509 1691 577 ἀσθενείας
1735 509 1922 565 ἕνεκεν

2094 510 2175 567 Ne
2199 511 2325 582 quis
2356 511 2407 569 id
2439 511 2585 584 quod
2615 511 2819 568 dicitur
2836 510 3113 568 existimet
3138 518 3362 582 propter
3384 509 3603 566 illorum

343 601 478 674 δόξῃ
520 600 782 669 λέγεσθαι
832 602 898 655 τὸ
949 601 1262 671 λεγόμενον,
1317 601 1414 657 καὶ
1465 604 1593 666 τοὺς
1623 602 1926 666 Λαοδικέας

349 694 686 765 προσέθηκε.
718 695 825 749 Καὶ
845 693 933 748 ίνα
967 695 1043 766 μὴ
1074 694 1209 769 δοκῇ
1254 696 1661 765 κατεγνωκέναι
1720 697 1923 762 αὐτῶν,

347 789 446 842 καὶ
470 786 573 856 τὴν
596 785 782 841 αἰτίαν
811 786 1023 841 τέθεικε
1064 787 1160 842 τοῦ
1197 787 1337 860 ὑπὲρ
1378 787 1557 843 αὐτῶν
1594 789 1803 857 ἀγῶνος
1832 789 1930 844 καὶ

348 880 544 951 φδδου,
597 880 703 944 ὅτι,
761 881 950 950 φησιν,
997 879 1151 937 οὓπω
1197 899 1264 953 με
1299 883 1359 936 ὲν
1415 883 1585 955 σαρκὶ
1617 881 1926 953 ἑωράκατε.

356 990 384 1024 e
407 972 530 1027 Ἵνα
562 971 997 1044 παρακληθῶσιν
1027 975 1082 1027 αἱ
1115 972 1334 1045 καρδίαι
1397 974 1601 1030 αὐτῶν.
1640 994 1660 1027 ι
1722 972 1929 1029 Λοιπὸν

348 1063 615 1133 ἐμϐάλλει
642 1064 721 1126 είς
748 1063 807 1116 τὸ
833 1063 1031 1134 δόγμα.
1069 1064 1287 1133 ’Δγῶνα
1317 1063 1449 1136 ἔχω,
1478 1065 1667 1136 φησὶν,
1703 1064 1792 1119 ἵνα
1820 1081 1929 1118 πα-

354 1153 706 1227 ρακληθῶσιν
730 1154 784 1206 ai
816 1155 1037 1227 καρδίαι
1059 1155 1262 1221 αὐτῶν,
1294 1157 1603 1212 ἑνωθέντων
1632 1158 1726 1212 καὶ
1771 1157 1932 1213 στάν-

349 1266 462 1305 των
513 1249 572 1302 ἐν
612 1249 826 1322 ἀγάπῃ.
884 1251 1005 1303 Ἐνι
1040 1250 1149 1322 γὰρ
1178 1251 1273 1305 καὶ
1300 1251 1473 1315 ἄλλως
1492 1251 1669 1305 δοκεῖν
1686 1251 1930 1316 ἑστάναι,

350 1341 470 1394 ἀλλ’
499 1342 558 1394 ὲν
597 1343 809 1412 ἀγάπῃ,
836 1342 988 1412 φησί.
1016 1342 1190 1396 Τοῦτο
1220 1341 1330 1413 γὰρ
1361 1342 1424 1397 τὸ
1471 1342 1641 1407 δντως
1687 1342 1929 1417 ἑστάναι.

361 1449 380 1482 ι
421 1429 941 1500 Συμὸιὸασθέντων.
980 1450 1001 1485 ι
1034 1426 1189 1498 ,Οίον
1248 1432 1578 1487 ἑνωθέντων.
1609 1449 1629 1485 ι
1687 1433 1796 1486 Καὶ
1843 1434 1924 1496 είς

350 1519 533 1573 πάντα
556 1520 784 1573 πλοῦτον
810 1521 909 1592 τῆς
943 1521 1318 1594 πληροφορίας
1340 1522 1439 1592 τῆς
1465 1523 1754 1587 συνέσεως.
1773 1542 1792 1576 ι
1819 1524 1936 1578 Ἵνα

350 1613 648 1679 πλουσίως,
707 1615 896 1686 φησιν,
932 1616 965 1684 ἡ
1005 1614 1352 1686 πληροφορία
1400 1616 1554 1689 ὑμῶν
1591 1616 1811 1686 γένηται
1846 1615 1935 1672 διὰ

347 1703 453 1770 τῆς
478 1702 773 1767 συνέσεως,
799 1696 867 1773 ἧς
898 1703 1068 1773 χωρὶς
1090 1704 1190 1756 οὐκ
1208 1702 1274 1758 ἂν
1302 1704 1478 1769 ἄλλως
1532 1723 1615 1769 τις
1647 1704 1932 1777 πληροφο-

352 1792 549 1864 ρηθείη
576 1792 845 1857 πλουσίως
887 1794 944 1847 ὲν
982 1796 1049 1865 τῇ
1081 1794 1261 1848 πίστει
1286 1796 1381 1853 καὶ
1406 1798 1472 1868 τῇ
1519 1797 1813 1865 ἐπιγνώσει
1838 1796 1932 1852 τοῦ

351 1885 686 1970 μυστηρίου.
727 1904 747 1937 ι
780 1885 886 1939 Τοῦ
914 1886 1049 1939 Θεοῦ
1067 1887 1160 1940 καὶ
1192 1887 1421 1960 Πατρός.
1460 1907 1479 1940 ι
1515 1891 1580 1943 Τί
1628 1890 1684 1945 δὲ
1719 1892 1934 1962 [ἰατρὸς

353 1979 452 2030 καὶ
476 1978 611 2031 Υἱοῦ
647 1980 982 2049 μυστήριονς
1014 1979 1087 2032 Τὸ
1109 1981 1207 2050 τὴν
1242 1984 1609 2057 προσαγωγὴν
1638 1984 1738 2055 τὴν
1793 1987 1931 2058 πρὸς

347 2070 441 2123 τὸν
500 2071 721 2141 Πατέρα
781 2070 869 2125 διὰ
896 2070 992 2125 τοῦ
1013 2072 1145 2126 Υἱοῦ
1168 2072 1433 2142 γίνεσθαι,
1466 2077 1561 2131 καὶ
1614 2076 1675 2131 οὑ
1701 2077 1789 2133 διά
1822 2079 1941 2134 τῶν

351 2161 527 2230 ἁγίων
558 2163 830 2232 ἀγγέλων.
864 2182 884 2217 ι
927 2165 1017 2218 Ἐν
1056 2156 1100 2233 ᾧ
1128 2167 1235 2218 είσι
1266 2165 1469 2231 πάντες
1496 2169 1545 2222 oi
1581 2168 1867 2241 Θησαυροί.
1905 2189 1929 2223 ι

349 2254 415 2306 Ei
441 2248 536 2307 οὖν
572 2256 711 2307 εἰσιν
756 2256 814 2308 ὲν
845 2254 993 2326 αὐτῷ
1042 2257 1245 2321 πάντες
1274 2259 1324 2311 oi
1375 2257 1644 2331 θησαυροὶ
1698 2262 1797 2333 τῆς
1844 2280 1937 2317 σο-

352 2345 505 2413 φίας.
546 2346 729 2411 καλῶς
759 2348 852 2402 καὶ
872 2347 966 2401 νῦν
1011 2342 1164 2419 ἦλθε,
1217 2349 1312 2403 καὶ
1372 2349 1534 2405 πάλιν
1592 2350 1692 2405 οὐκ
1746 2347 1936 2423 ἦλθεν.

363 2438 692 2506 Ἐγκαλοῦσι
725 2439 833 2509 γάρ
855 2457 1000 2504 τινες
1057 2439 1165 2493 τῶν
1209 2440 1447 2497 ἀσεϐῶν.
1498 2461 1525 2494 ι·
1569 2443 1680 2514 Τῆς
1740 2444 1933 2513 σοφίας

351 2529 451 2580 καὶ
478 2529 580 2599 τῆς
609 2529 887 2598 γνώσεως.
922 2547 941 2581 ι
994 2530 1084 2583 Ἐν
1114 2523 1157 2598 ᾧ
1183 2531 1427 2602 Χριστῷ,
1460 2533 1662 2600 πάντες
1691 2536 1828 2592 εἰσὶν
1881 2539 1933 2591 οἱ

353 2618 646 2690 θησαυροί.
688 2618 878 2685 Οὐδὲν,
935 2619 1124 2689 φησὶν,
1155 2614 1229 2672 ὧν
1278 2615 1421 2674 οἶδεν
1450 2623 1478 2675 ὁ
1507 2623 1718 2693 Πατὴρ,
1769 2626 1932 2691 αὐτὸς

353 2711 564 2776 ἀγνοεῖ.
608 2727 627 2761 ι
676 2709 1036 2779 Ἀπόκρυφοι.
1064 2727 1083 2762 ι
1117 2709 1308 2777 Αὐτὸς,
1339 2711 1547 2783 φησὶνν
1577 2713 1688 2768 οἶδε
1747 2715 1930 2786 μόνος.

352 2798 506 2870 Αὕτη
530 2800 587 2853 δὲ
617 2801 650 2871 ἡ
676 2800 933 2871 διαστολὴ
956 2806 1090 2871 πρὸς
1117 2801 1216 2873 τὴν
1234 2802 1412 2857 κτίσιν
1429 2805 1553 2876 ὁρᾷ,
1578 2805 1640 2858 οὐ
1666 2806 1802 2878 πρὸς
1834 2807 1932 2879 τὴν

354 2893 521 2959 ἀγίαν
578 2894 674 2945 καὶ
715 2893 993 2963 μακαρίαν
1038 2894 1269 2966 Τριάδα.
1324 2914 1345 2948 t
1408 2896 1578 2950 Τοῦτο
1612 2897 1671 2950 δὲ
1699 2898 1863 2968 λέγω.
1906 2919 1926 2953 s

354 2983 532 3037 Τοῦτο
580 2983 638 3037 δὲ
690 2977 869 3050 εἷπον,
903 2986 1091 3055 φησὶν,
1138 2985 1224 3039 ἵνα
1262 2986 1446 3057 μήτις
1477 2988 1620 3059 ὑμᾶς
1638 2989 1824 3062 ἀπατᾷ
1876 2993 1933 3047 ἐν

356 3073 743 3144 πιθανολογίᾳ,
776 3074 852 3137 ὡς
877 3074 1035 3138 είδώς
1080 3093 1154 3130 τι.
1188 3075 1375 3140 Οὐδεὶς
1418 3078 1721 3150 ἀνθρώπων
1769 3078 1932 3147 οἶδεν,

2031 603 2139 659 dici
2169 604 2458 673 segnitiem
2479 619 2543 659 ac
2573 604 3021 671 imbecillitatem,
3048 602 3212 659 etiam
3240 601 3607 657 Laodicenses

2031 694 2276 751 addidit:
2314 704 2370 749 et
2420 709 2490 750 ne
2522 694 2674 765 ipsos
2722 693 3121 749 condemnasse
3156 692 3428 756 videatur,
3472 704 3606 744 cau-

2032 800 2149 842 sam
2179 801 2398 856 quoque
2417 785 2626 841 addidit
2654 784 2978 840 certaminis
3010 797 3076 838 ac
3131 781 3346 836 timoris
3379 794 3477 851 pro
3521 780 3604 835 eis

2033 876 2309 948 suscepti:
2341 877 2472 947 quia
2495 876 2763 941 nondum,
2807 876 2905 941 ait,
2939 889 3025 929 me
3054 873 3292 930 vidistis.
3322 891 3340 924 ι
3380 870 3453 927 Ut
3474 885 3605 924 con-

2033 967 2359 1024 solationem
2387 967 2662 1038 accipiant
2690 965 2855 1023 corda
2890 967 3135 1020 illorum.
3182 983 3204 1016 ι
3239 956 3599 1032 Consequen—

2034 1067 2118 1114 ter
2149 1059 2255 1116 hoc
2303 1058 2372 1114 ad
2400 1059 2598 1130 dogma
2634 1057 2825 1115 refert.
2860 1055 3110 1120 Decerto,
3148 1054 3350 1124 inquit,
3384 1060 3443 1108 ut
3475 1068 3608 1108 con—

2035 1152 2363 1215 solationem
2394 1152 2672 1222 accipiant
2720 1150 2890 1206 corda
2937 1148 3155 1207 illorum
3186 1146 3280 1217 qui
3313 1145 3452 1200 uniti
3477 1152 3607 1199 sunt

2033 1261 2099 1302 ac
2130 1244 2436 1318 persistunt
2478 1245 2532 1299 in
2574 1242 2865 1299 cbaritate.
2896 1240 3179 1310 Contingit
3212 1237 3360 1293 enim
3411 1244 3463 1292 et
3498 1233 3606 1289 alio

2034 1338 2199 1397 modo
2228 1338 2401 1395 videri
2435 1344 2584 1393 stare
2609 1352 2625 1392 :
2655 1335 2751 1393 sed
2779 1334 2876 1402 ait,
2913 1334 2967 1388 in
2990 1333 3258 1389 charitate
3290 1348 3304 1385 :
3334 1344 3455 1384 nam
3504 1328 3609 1381 hoc

2034 1443 2119 1489 est
2147 1447 2275 1489 vere
2299 1439 2468 1489 stare.
2510 1449 2529 1484 ι
2564 1431 2700 1485 Cum
2733 1426 3081 1484 cohaeserint.
3120 1444 3140 1479 ι
3172 1424 3290 1480 Hoc
3327 1431 3432 1490 est,
3467 1420 3611 1476 uniti

2037 1525 2266 1581 fuerint.
2305 1543 2324 1577 ι
2359 1522 2427 1578 Ει
2457 1523 2513 1578 in
2549 1538 2769 1579 omnem
2794 1521 3135 1594 opulentiam
3183 1527 3333 1576 certe
3378 1533 3608 1590 persna-
3666 1504 3679 1513 ’

2037 1617 2210 1675 sionis
2251 1616 2650 1687 intelligentiae.
2720 1633 2739 1668 ι
2793 1614 2864 1671 Ut
2912 1614 3148 1680 abunde,
3203 1613 3407 1683 inquit,
3458 1622 3610 1668 certa

2036 1709 2132 1769 liat
2168 1716 2353 1765 vestra
2389 1708 2679 1779 persuasio
2711 1723 2807 1778 per
2838 1705 3299 1776 intelligentiam:
3337 1704 3459 1758 sine
3499 1717 3614 1773 qua

2037 1815 2199 1861 nemo
2223 1799 2439 1857 abunde
2484 1797 2689 1855 certior
2719 1796 2833 1853 ﬁeri
2869 1796 3067 1869 poterit
3102 1796 3154 1850 in
3189 1793 3294 1849 (ide
3323 1802 3377 1850 et
3415 1792 3608 1864 cogni-

2038 1892 2189 1947 tione
2222 1890 2492 1963 mysterii.
2525 1890 2798 1961 «Mysterii
2833 1887 2927 1944 Dei
2961 1895 3015 1943 et
3038 1887 3236 1943 Patris.
3279 1904 3298 1939 ι
3336 1885 3491 1952 Quod
3529 1893 3612 1940 est
3686 1954 3693 1959 δ

2036 1989 2219 2049 autem
2253 1981 2572 2053 mysterium
2604 1980 2786 2035 Patris
2812 1988 2867 2037 et
2900 1979 3043 2034 Flii?
3075 1976 3230 2044 Quod
3276 1993 3371 2047 per
3408 1976 3611 2031 Filium

2036 2071 2385 2125 adducantur
2410 2068 2476 2125 ad
2506 2068 2747 2132 Patrem,
2777 2077 2832 2124 et
2862 2084 2969 2123 non
2997 2082 3094 2138 per
3116 2074 3339 2123 sanctos
3363 2066 3621 2135 angelos:

2041 2182 2059 2215 ι
2100 2162 2158 2217 In
2188 2177 2300 2234 quo
2355 2171 2486 2218 sunt
2516 2177 2710 2219 omnes
2761 2160 3026 2218 thesauri.
3069 2179 3088 2212 ι
3142 2159 3199 2213 Si
3230 2173 3362 2230 ergo
3390 2166 3519 2212 sunt
3553 2158 3609 2210 in

2036 2256 2155 2326 ipso
2176 2269 2370 2310 omnes
2403 2254 2652 2309 thesauri
2691 2254 2994 2324 sapientiae,
3024 2263 3172 2308 recte
3197 2260 3251 2307 et
3279 2266 3426 2305 nunc
3455 2250 3613 2305 venit

2034 2357 2089 2404 et
2125 2347 2254 2401 olim
2281 2360 2394 2402 non
2436 2346 2622 2401 venit:
2678 2360 2806 2400 nam
2850 2346 2905 2400 id
2946 2345 3099 2417 impii
3145 2345 3369 2414 quidam
3422 2342 3614 2396 crimi-

2034 2446 2261 2497 nantur.
2310 2456 2328 2489 ι
2364 2437 2660 2506 Sapientiae
2688 2452 2753 2492 ac
2795 2438 3059 2494 scientiae.
3102 2454 3121 2489 ι
3156 2435 3215 2489 In
3250 2450 3360 2506 quo
3389 2434 3610 2489 Christo

2034 2539 2164 2587 sunt
2188 2545 2380 2586 omnes
2400 2529 2645 2585 thesauri
2671 2548 2685 2584 :
2720 2530 2853 2585 nihil
2884 2530 3101 2600 ignorat
3130 2528 3248 2599 ipse
3275 2541 3464 2582 eorum
3491 2540 3614 2594 quae

2035 2619 2191 2674 novit
2246 2619 2431 2676 Pater.
2475 2637 2495 2672 ι
2532 2618 2843 2675 Reconditi.
2885 2635 2905 2670 ι
2942 2619 3060 2689 Ipse
3093 2618 3246 2673 solus
3286 2615 3455 2670 novit.
3501 2612 3610 2667 Ad-

2033 2721 2185 2768 verte
2216 2712 2361 2782 quod
2394 2713 2511 2768 hinc
2535 2708 2841 2764 diﬂ'erentia
2874 2709 2943 2763 sit
2978 2709 3034 2762 in
3068 2709 3258 2763 ordine
3287 2706 3351 2761 ad
3391 2715 3612 2760 creatu-

2034 2818 2175 2871 ram,
2203 2817 2313 2859 non
2348 2805 2414 2858 ad
2439 2810 2687 2859 sanctam
2718 2817 2781 2857 ac
2804 2801 3020 2857 beatam
3052 2799 3400 2854 Trinitatem.
3438 2816 3456 2847 ι
3489 2795 3624 2852 Hoc

2035 2905 2216 2952 autem
2254 2896 2399 2951 dico.
2435 2913 2454 2948 ι
2496 2893 2634 2959 Hoc,
2666 2895 2866 2965 inquit,
2902 2893 3037 2957 dixi,
3092 2907 3161 2948 ne
3184 2891 3309 2962 quis
3333 2907 3429 2945 vos
3454 2890 3604 2944 deci-

2034 2989 2150 3058 piat
2180 3004 2276 3060 per
2304 2989 2577 3045 sermonis
2611 2986 3073 3058 probabilitatem,
3112 2992 3371 3054 tanquam
3400 2982 3615 3052 aliquid

2036 3084 2240 3139 sciret:
2280 3082 2493 3151 Nullus,
2526 3080 2729 3152 inquit,
2775 3079 3057 3134 hominum
3091 3080 3393 3150 quidquam
3436 3080 3609 3144 novit,

356 3166 603 3237 φησὶ,τί·
636 3166 771 3220 Θεοῦ
799 3167 906 3238 γάρ
942 3169 1058 3222 ἐστι
1088 3168 1148 3222 τὸ
1194 3169 1372 3225 πάντα
1420 3171 1639 3229 εἰδέναι.
1669 3191 1689 3226 ι
1723 3175 1788 3229 Ei
1823 3175 1928 3248 γὰρ

2036 3175 2207 3231 solius
2237 3174 2382 3230 enim
2419 3174 2511 3230 Dei
2539 3180 2623 3229 est
2649 3172 2832 3228 omnia
2868 3173 3029 3229 scire.
3061 3191 3080 3224 ι
3119 3171 3439 3242 Quanquam
3463 3172 3609 3227 enim

355 3258 452 3312 καὶ
502 3261 569 3330 τῇ
631 3260 798 3329 σαρκὶ
853 3260 1071 3330 ἄπειμι.
1104 3280 1124 3313 ι
1162 3260 1481 3318 Ἀκόλουθον
1509 3260 1577 3336 ἧν
1604 3267 1804 3320 εἰπεῖν’
1867 3270 1928 3323 Ei

2033 3282 2201 3322 carne
2242 3267 2439 3323 absens
2491 3269 2614 3322 sim.
2646 3284 2664 3319 ι
2699 3264 3053 3335 Consequens
3091 3274 3211 3321 erat
3254 3273 3311 3321 ut
3349 3264 3596 3320 diceret:

353 3351 465 3420 γὰρ
503 3350 600 3402 καὶ
632 3352 699 3419 τῇ
732 3349 898 3421 σαρκὶ
922 3350 1138 3421 ἄπειμι,
1165 3351 1306 3422 πλὴν
1334 3353 1422 3407 διὰ
1467 3355 1562 3407 τοῦ
1620 3355 1932 3430 πνεύματος

354 3436 475 3493 οἶδα
495 3438 623 3500 τους
650 3438 980 3502 ἀπατῶντας
1009 3439 1177 3511 ὑμᾶς.
1210 3440 1375 3496 Ἀλλά
1414 3443 1570 3499 τοῦτο
1625 3447 1745 3517 μὲν,
1797 3448 1931 3520 πρὸς

352 3531 418 3584 τδ
460 3529 537 3602 μὴ
599 3531 801 3601 σφόδρα
858 3530 1081 3599 πλῆξαι,
1117 3533 1445 3606 ἐσιώπησεν.
1473 3536 1569 3602 Είς
1601 3538 1824 3609 ἀγάπης
1873 3540 1931 3594 δὲ

354 3620 603 3674 δικτικδν
634 3620 805 3692 ῥῆμα,
833 3620 931 3674 καὶ
963 3624 1044 3684 είς
1074 3623 1354 3693 ἐγκώμιον
1390 3625 1572 3681 αὐτῶν
1610 3627 1928 3698 κατέληξεν.

360 3731 381 3765 ι
416 3710 605 3785 ’Υμῶν
626 3712 723 3782 τὴν
747 3711 917 3776 τάξιν.
945 3730 964 3764 ι
982 3706 1111 3768 Οίον
1128 3714 1226 3781 τὴν
1244 3715 1517 3782 εὐταξίαν.
1540 3737 1558 3770 ι
1583 3719 1692 3772 Καὶ
1720 3720 1781 3773 τὸ
1808 3739 1931 3775 στε-

360 3803 572 3874 ρέωμα.
610 3820 632 3856 ι
666 3803 780 3857 Οὐκ
810 3799 932 3855 εἷπε
960 3803 1164 3868 πίστιν,
1189 3805 1326 3859 ἀλλά
1361 3808 1647 3880 στερέωμα
1671 3810 1928 3879 πίστεως,

356 3896 419 3948 τὸ
473 3892 692 3965 βέϐαιον
752 3896 847 3949 καὶ
891 3895 1164 3967 σταθηρὸν
1216 3896 1415 3969 δηλῶν.
1452 3930 1525 3942 —
1564 3899 1932 3973 [ΟΙΚΟΥΜΕ-

354 3983 573 4057 ΝῙΟΥ.]
624 3985 793 4040 Τοῦτο
814 3986 871 4040 δέ
910 4004 1094 4057 φησιν,
1130 3989 1247 4058 ἅμα
1280 3990 1378 4060 μὲν
1411 3992 1796 4062 ἐγκωμιάζων,
1814 3996 1931 4067 ἅμα

355 4077 413 4130 δὲ
442 4077 813 4147 αἰνιττόμενος
832 4079 1049 4151 ἐκείνην
1072 4075 1210 4133 εἶναι
1245 4081 1451 4153 κυρίως
1485 4083 1688 4153 πίστιν,
1741 4085 1839 4158 τὴν
1869 4088 1929 4142 τὸ

358 4168 579 4240 βέϐαιον
617 4171 711 4224 καὶ
741 4170 803 4224 τὸ
834 4172 1102 4243 σταθηρὸν
1133 4173 1381 4242 ἔχουσαν.

441 4260 537 4328 Ὠς
569 4256 685 4316 οὖν
712 4259 1079 4330 παρελάϐετε
1116 4264 1225 4318 τὸν
1251 4267 1511 4334 Χριστὸν
1549 4269 1785 4339 Ἰησοῦν
1822 4269 1930 4325 τὸν

353 4353 595 4421 Κύριον,
656 4351 725 4406 ἐν
760 4351 920 4419 αύτῷ
952 4355 1346 4423 περιπατεῖτε,
1400 4358 1772 4429 ἐρριζωμένοι
1826 4352 1924 4417 κῖιί

353 4444 921 4515 ἐποικοδομούμενοι
948 4447 1018 4500 ἐν
1038 4447 1218 4514 αὐτῷ,
1252 4449 1350 4504 καί
1393 4451 1819 4522 ,ϐεϐαιούμενοι
1858 4452 1928 4505 ἐν

2032 3360 2353 3433 Quanquam
2389 3361 2536 3416 enim
2568 3374 2738 3416 carne
2784 3360 2984 3414 absens
3029 3360 3156 3421 sim,
3197 3358 3395 3429 spiritu
3426 3366 3608 3417 tamen

2032 3453 2158 3509 novi
2183 3468 2277 3510 eos
2300 3453 2393 3524 qui
2418 3452 2575 3508 vobis
2605 3453 2913 3523 imponunt.
2949 3451 3109 3520 129
3131 3449 3327 3505 Verum
3355 3450 3459 3505 hcc
3481 3451 3606 3519 qni-

2035 3546 2184 3610 dem,
2208 3559 2280 3600 ne
2316 3542 2699 3599 vehementius
2727 3542 3142 3614 perstringeret,
3184 3543 3479 3597 centicuit:
3512 3540 3606 3601 sed

2035 3636 2089 3691 in
2115 3637 2338 3692 verbum
2375 3635 2693 3692 terminavit
2741 3635 3054 3690 dilectionis
3083 3636 3424 3691 ostensivum
3452 3642 3505 3687 et
3555 3634 3607 3686 in

2034 3728 2248 3784 laudem
2288 3729 2555 3800 ipsorum.
2609 3744 2630 3780 ι
2675 3724 2933 3783 Vestrum
3006 3726 3280 3783 ordinem.
3317 3745 3334 3778 ι
3392 3728 3618 3781 Bonum

2032 3837 2226 3894 nempe
2267 3822 2541 3879 ordinem.
2587 3840 2605 3874 ι
2641 3819 2704 3876 Et
2733 3821 3091 3878 soliditatem.
3128 3842 3147 3876 ι
3183 3821 3301 3877 Non
3330 3822 3463 3876 dixit
3510 3820 3611 3876 Fi-

2031 3909 2177 3977 dem,
2200 3909 2293 3966 sed
2321 3909 2442 3964 ﬁdei
2472 3908 2827 3973 soliditatem,
2855 3909 3171 3979 signiﬁcans
3204 3910 3519 3985 ﬁrmitatem
3544 3926 3609 3965 ac

2030 4004 2402 4062 atabilitatem.
2461 4031 2534 4043 -—
2581 4003 2697 4056 Hoc
2745 4011 2950 4065 autem,
3000 4003 3099 4069 ait,
3152 4004 3315 4059 simul
3386 4004 3606 4072 quidem

2029 4095 2368 4160 collaudans,
2404 4095 2567 4150 simul
2585 4096 2748 4151 etiam
2784 4096 3019 4152 innuens
3045 4097 3192 4151 illam
3245 4099 3464 4168 proprie
3487 4114 3608 4153 esse

2031 4187 2191 4243 ﬁdem
2223 4202 2346 4257 quae
2385 4185 2598 4242 stabilis
2639 4195 2721 4241 est
2757 4201 2821 4241 ac
2857 4185 3086 4241 ﬁrmiter
3117 4188 3365 4241 inhazret.

2100 4279 2167 4343 ll,
2199 4278 2357 4334 6-10.
2406 4277 2867 4346 Quemadmodum
2896 4279 3064 4349 igitur
3090 4280 3367 4349 accepistis
3422 4278 3606 4334 Chris-

2030 4378 2138 4426 tum
2166 4368 2350 4425 Iesum
2376 4368 2685 4435 Dominum,
2713 4369 2792 4424 ita
2816 4371 2870 4424 in
2894 4386 2956 4427 eo
2985 4370 3280 4436 ambulate,
3312 4382 3368 4425 ut
3396 4372 3604 4426 radices

2028 4461 2269 4516 habeatis
2291 4462 2366 4532 ,in
2398 4460 2495 4515 illo
2554 4462 2719 4530 lixas,
2769 4472 2818 4516 et
2871 4462 2922 4515 in
2955 4478 3014 4516 eo
3046 4464 3493 4533 superstruamini
3544 4479 3605 4517 ac

355 4535 432 4605 τῇ
458 4536 682 4600 πίστει,
708 4537 902 4602 καθὼς
944 4536 1312 4608 ἐδιδάχθητε,
1363 4544 1831 4611 περισσεύοντες
1857 4544 1927 4598 ἐν

2034 4550 2419 4621 conﬁrmemini
2452 4565 2545 4619 per
2565 4549 2746 4616 ﬁdem,
2781 4550 2917 4604 sicut
2943 4549 3113 4604 cdocti
3135 4552 3285 4615 estis,
3311 4552 3576 4604 exnheran
3595 4579 3607 4590 -

352 4624 511 4694 αὐτῇ
538 4625 609 4679 ὲν
624 4627 997 4695 εὐχαριστίᾳ.
1035 4630 1294 4685 Βλέπετε
1314 4631 1399 4701 μή
1439 4650 1529 4700 τις
1573 4634 1733 4704 ὑμᾶς
1757 4635 1928 4689 ἔσται

2035 4653 2108 4697 tes
2148 4642 2290 4696 inea
2324 4656 2445 4695 cum
2480 4641 2780 4711 gratiarum
2824 4642 3052 4697 actione.
3086 4642 3264 4697 Videte
3296 4660 3358 4697 ne
3381 4645 3497 4713 quis
3516 4661 3603 4698 vos
3684 4694 3687 4699 .

355 4717 391 4769 ὁ
435 4715 829 4807 συλαγωγῶν,
887 4718 984 4773 διὰ
1024 4719 1133 4787 τῆς
1170 4723 1539 4807 φιλοσοφίας
1589 4725 1691 4779 καὶ
1744 4726 1928 4794 κενῆς

2033 4731 2364 4801 deprazdetur
2379 4749 2472 4802 per
2503 4730 2894 4801 philosophiam
2922 4742 2972 4787 et
3000 4734 3211 4787 inanem
3230 4734 3602 4805 deceptioncm,

354 4805 613 4874 ἀπάτης,
676 4810 829 4861 κατὰ
868 4809 993 4891 ’τὴν
1026 4811 1364 4880 παράδοσιν
1422 4805 1541 4869 τῶν
1575 4817 1925 4885 ἀνθρώπων,

356 4898 509 4951 κατὰ
533 4897 605 4952 τὰ
628 4901 899 4968 στοιχεῖα
922 4900 1028 4954 τοῦ
1057 4903 1311 4972 κόσμου,
1347 4907 1445 4962 καί
1485 4908 1557 4962 οὐ
1587 4908 1737 4962 κατὰ
1792 4912 1929 4977 Χρι-

354 4988 531 5053 στὸν,
558 4987 645 5041 ὅτι
675 4988 745 5041 ἐν
763 4988 922 5054 αὐτῷ
946 4990 1210 5063 κατοικεῖ
1243 4990 1366 5048 πᾶν
1391 4995 1453 5047 n5
1493 4995 1786 5065 πλήρωμα
1817 4998 1930 5068 τῆς

354 5079 634 5146 θεότητος
660 5078 1025 5148 σωματικῶς.
1049 5082 1157 5135 Καὶ
1191 5082 1333 5137 ἐστὲ
1366 5084 1437 5138 ἐν
1479 5087 1640 5153 αὐτῷ
1689 5094 1926 5159 πεπλη-

351 5170 625 5240 ρωμένοι,
689 5170 757 5237 ὅς
810 5171 984 5226 ἐστιν
1007 5173 1046 5241 ἡ
1092 5175 1330 5246 κεφαλὴ
1369 5175 1573 5248 πάσης
1606 5179 1802 5251 ἀρχῆς
1830 5182 1929 5237 καί

352 5262 661 5330 ἐξουσΖας.

423 5354 628 5424 Μηδὲν,
664 5355 851 5427 φησὶν,
894 5357 1221 5414 ἐπείσακτον
1251 5360 1503 5428 ἀκούετε,
1541 5363 1655 5418 ἀλλ’
1711 5364 1738 5419 ὃ
1779 5383 1926 5437 παρ-

356 5444 580 5498 ελάὁετε
612 5450 889 5518 κρατεῖτε.
919 5467 937 5502 t
967 5448 1058 5504 ’Ev
1081 5451 1231 5524 αὐτῷ
1266 5457 1639 5525 περιπατεῖτε.
1687 5476 1705 5510 ι
1732 5458 1929 5524 Καλῶς

353 5534 436 5599 τὸ,
491 5536 875 5606 Περιπατεῖτε,
926 5540 1192 5612 δηλονότι,
1260 5545 1430 5610 Αὐτός
1472 5548 1620 5601 ἐστιν
1671 5550 1922 5624 ήὸδδςή

356 5626 492 5697 πρὸς
545 5629 641 5682 τὸν
698 5631 919 5703 Πατέρα
981 5633 1211 5702 ἄγουσα,
1263 5637 1358 5690 καὶ
1417 5637 1516 5711 οὐχ
1563 5641 1613 5693 oi
1676 5641 1918 5711 ἄγγελοι.

365 5735 384 5769 ι
409 5715 827 5792 Ἐρῤιζωμένοι.
867 5742 885 5773 ι
924 5725 1015 5797 Μὴ
1054 5726 1183 5780 ποτὲ
1213 5727 1312 5797 μὲν
1343 5731 1400 5783 ὲν
1426 5729 1668 5802 Χριστῷ,
1707 5732 1835 5785 ποτὲ
1865 5733 1922 5787 δὲ

354 5808 410 5867 iv
463 5812 608 5887 ἄλλῳ
655 5823 1030 5891 περιπατεῖτε.
1091 5842 1107 5874 ι
1178 5824 1286 5879 Καὶ
1333 5825 1887 5900 ἐποικοδομούμενοι,

2024 4824 2187 4894 juxta
2253 4826 2688 4882 constitutionem
2759 4826 3052 4893 hominum,
3119 4827 3281 4896 juxta
3348 4827 3605 4881 elementa

2032 4917 2215 4971 mundi
2241 4927 2290 4972 et
2313 4934 2417 4972 non
2436 4918 2599 4987 juxta
2626 4919 2917 4976 Christum.
2953 4918 3219 4985 Quoniam
3247 4920 3302 4972 in
3324 4921 3416 4973 illo
3449 4920 3604 4973 inha-

2032 5009 2165 5064 bitat
2220 5011 2395 5065 onmis
2443 5010 2715 5079 plenitudo
2763 5010 3058 5065 divinitatis
3104 5012 3454 5079 corporaliter
3485 5027 3504 5066 :
3553 5021 3606 5066 et

2030 5105 2157 5157 estis
2189 5103 2241 5156 in
2272 5102 2366 5158 illo
2391 5102 2636 5172 completi
2654 5103 2745 5174 qui
2784 5113 2863 5158 est
2888 5110 3044 5175 caput
3071 5106 3241 5159 omnis
3271 5104 3603 5176 principatus

2033 5208 2095 5246 ac
2109 5192 2405 5262 potestatis.

2102 5372 2266 5435 Nihil,
2296 5371 2496 5442 inquit,
2526 5371 2741 5427 noviter
2784 5371 3158 5429 introductum
3193 5373 3456 5438 audiatis,
3504 5376 3601 5430 sed

2029 5462 2175 5535 quod
2206 5462 2500 5533 accepistis
2521 5470 2755 5518 servate.
2791 5481 2810 5514 ι
2843 5462 2899 5517 in
2931 5478 2999 5519 eo
3039 5464 3339 5522 ambulate.
3378 5485 3396 5518 ι
3436 5465 3602 5521 Recte

2030 5556 2129 5624 ait,
2159 5554 2449 5611 Ambulate
2476 5569 2492 5609 :
2526 5569 2590 5609 ac
2613 5554 2659 5610 si
2689 5553 2892 5611 diceret
2918 5573 2932 5610 :
2969 5556 3090 5627 ipse
3115 5566 3196 5613 est
3229 5558 3314 5612 via
3339 5574 3461 5629 qua:
3491 5559 3596 5612 dn-

2029 5650 2103 5706 cit
2132 5652 2196 5704 ad
2231 5649 2445 5705 Patrem
2472 5656 2527 5704 et
2557 5665 2665 5703 non
2703 5648 2903 5719 angeli.
2950 5669 2968 5702 ι
3006 5647 3075 5705 Ut
3103 5652 3322 5707 radices
3351 5652 3598 5708 habeatis

2029 5742 2093 5815 in
2114 5741 2204 5795 illo
2239 5740 2392 5796 ﬁxas.
2436 5760 2454 5791 ι
2490 5739 2608 5795 Non
2637 5756 2780 5795 nunc
2807 5741 3024 5810 quidem
3052 5743 3104 5794 in
3130 5742 3268 5812 ipso,
3299 5759 3444 5799 nunc
3469 5761 3614 5800 rem.

2030 5820 2080 5887 in
2118 5831 2223 5887 alio
2247 5831 2559 5887 ambuletis.
2601 5848 2618 5882 ι
2649 5828 2716 5885 Ει
2743 5829 2799 5886 in
2819 5846 2883 5888 co
2911 5833 3384 5900 superstruatnini.
3424 5854 3442 5896 ι
3475 5834 3623 5894 Hoc:
