3994 6644
393 411 458 477 31
1492 402 1892 472 (ECUMENII
1927 398 2221 466 TRICC/E
2253 405 2597 472 EPISCOPI
3586 408 3657 472 32

389 535 499 594 est,
549 522 785 582 crescite
847 537 1016 594 super
1068 521 1487 579 fundamentum
1552 518 1778 575 Christi.
1812 534 1833 569 ι
1891 514 1970 570 Ac

2082 519 2374 589 τουτέστιν,
2409 520 2675 588 αὔξοντες
2730 521 2788 578 ἐν
2827 520 2907 595 τῷ
2963 521 3201 596 θεμελίῳ
3253 521 3349 578 τοῦ
3393 522 3653 593 Χριστοῦ.

390 614 820 675 conﬁrmemini.
871 634 891 670 ι
924 614 1072 671 Nihil
1114 614 1433 685 ambiguum
1464 612 1538 668 sit
1575 626 1756 680 neque
1791 608 1968 664 vacil-

388 709 533 765 lans.
570 728 589 761 ι
635 709 790 765 Sicut
827 707 1009 765 edocti
1051 707 1210 763 estis.
1253 725 1271 759 ι
1310 704 1366 760 in
1407 705 1514 760 lide
1539 703 1759 774 quidem
1787 700 1967 758 edocti

389 802 523 859 estis
555 818 570 857 :
612 810 854 879 attamen
893 807 1113 870 oportet
1146 800 1203 854 in
1234 798 1351 854 dies
1383 797 1437 852 in
1476 796 1597 867 ipsa
1628 794 1960 862 exuberare,

380 894 622 964 jgnitam
677 891 1001 962 accipiendo
1049 890 1232 945 (idem.
1289 907 1308 940 ι
1341 887 1479 944 Cum
1522 886 1822 958 gratiarum
1872 899 1968 942 ac-

393 987 565 1040 tione.
616 1003 637 1038 ι
685 984 841 1050 Quod
893 984 1028 1039 adeo
1066 983 1232 1052 longe
1276 980 1544 1037 distantes
1573 992 1743 1051 prope
1778 976 1971 1035 fecerit

389 1079 558 1136 Deus.
602 1096 622 1133 ι
662 1078 856 1135 Videte
878 1094 947 1135 ne
976 1078 1100 1149 quis
1133 1092 1227 1132 vos
1250 1075 1611 1145 depraadetur.
1648 1092 1667 1126 ι
1710 1074 1969 1130 Doctrina

389 1174 746 1230 interdictum
781 1173 945 1227 habet
986 1169 1268 1225 auditores
1314 1177 1621 1224 exterrens.
1677 1166 1971 1237 Depraede-

388 1277 479 1323 tur
531 1274 714 1321 autem
767 1279 797 1319 a
842 1264 947 1318 lide
994 1260 1228 1317 occultis
1273 1276 1338 1316 ac
1381 1259 1681 1316 latentibus
1729 1258 1967 1315 insidiis.

395 1376 415 1410 ι
446 1356 549 1413 Per
573 1355 974 1429 philosophiam
1002 1363 1058 1408 et
1093 1353 1310 1410 inanem
1333 1353 1731 1423 deceptionem.
1769 1369 1788 1404 ›
1823 1350 1973 1417 Quo-

389 1448 536 1503 niam
575 1447 934 1517 philosophia:
957 1459 1153 1501 nomen
1184 1459 1347 1516 grave
1363 1459 1428 1500 ac
1446 1443 1818 1500 venerandum
1848 1456 1972 1500 esse

392 1540 626 1604 videtur,
663 1539 1048 1609 deceptionem
1099 1536 1387 1607 adiunxit:
1432 1537 1651 1592 inanem
1681 1551 1834 1603 vero,
1870 1534 1967 1601 ait,

386 1648 583 1688 vanam
612 1638 708 1686 aut
742 1646 864 1702 quae
893 1630 1209 1687 recentiora
1236 1631 1485 1700 quaedam
1514 1644 1579 1684 ac
1606 1628 1836 1686 dissona
1869 1627 1969 1684 do-

387 1732 531 1781 ceat.
584 1743 603 1778 ι
640 1723 802 1779 Juxta
864 1724 1135 1779 elementa
1185 1722 1393 1778 mundi.
1426 1740 1445 1776 ι
1487 1719 1544 1776 Si
1586 1720 1814 1793 ﬁguram
1845 1719 1972 1775 uni-

383 1815 532 1872 versi
566 1815 753 1870 mundi
786 1814 841 1869 in
875 1813 1112 1869 medium
1146 1812 1391 1878 adducit,
1433 1812 1607 1868 multo
1645 1812 1821 1884 magis
1860 1811 1971 1867 ele-

386 1921 702 1964 mentorum
734 1922 856 1978 quae
879 1907 932 1961 in
962 1907 1081 1977 ipso
1105 1913 1257 1961 sunt.
1294 1925 1314 1957 ι
1348 1905 1415 1959 Ει
1444 1919 1554 1960 non
1590 1903 1746 1974 juxta
1808 1903 1973 1959 Chri-

387 2010 556 2057 stum.
604 2019 624 2054 ι
655 1998 774 2055 Jam
804 1999 1061 2069 deinceps
1100 1996 1536 2067 increpationem
1575 1994 1864 2051 exorditur
1902 1995 1970 2052 de

388 2094 604 2148 dierum
634 2092 1041 2149 observatione.
1082 2089 1243 2161 13o
1265 2088 1546 2144 Elementa
1570 2094 1752 2144 autem
1778 2086 1969 2142 mundi

386 2186 522 2243 dicit
574 2188 747 2243 solem
786 2193 841 2240 et
869 2185 1078 2249 lunam,
1132 2198 1231 2253 per
1269 2198 1390 2254 quae
1443 2180 1590 2252 apud
1640 2179 1970 2250 insipientes

387 2285 519 2335 sunt
543 2277 755 2332 dierum
781 2274 1220 2338 observationes,
1251 2273 1307 2328 in
1359 2271 1682 2344 aspectibus
1722 2271 1846 2326 luce
1875 2284 1970 2326 ca-

386 2369 640 2426 rentibus
669 2367 806 2424 etin
837 2366 1157 2436 eclipsibus.
1187 2364 1361 2419 Etiam
1388 2366 1433 2420 si
1471 2380 1536 2420 ex
1575 2363 1799 2419 dimidia
1843 2372 1965 2419 tan-

387 2471 504 2518 tum
537 2472 711 2533 parte,
751 2460 951 2531 inquit,
996 2460 1340 2528 contingeret
1371 2472 1470 2514 vos
1501 2457 1726 2513 Christo
1761 2473 1826 2513 ac
1859 2459 1977 2515 ele-’

388 2553 595 2608 mentis
647 2551 948 2617 adharere,
1001 2566 1071 2605 ne
1099 2549 1172 2603 ita
1204 2549 1434 2619 quidem
1467 2547 1753 2604 ferendum
1784 2557 1969 2619 esset;

388 2660 542 2701 nunc
576 2658 710 2700 vero
738 2644 967 2699 omnino
997 2657 1095 2699 vos
1121 2657 1151 2697 a
1177 2642 1399 2698 Christo
1428 2642 1732 2698 adducunt.
1765 2660 1784 2695 ι
1821 2642 1972 2709 Quo-

387 2737 540 2792 niam
578 2736 636 2791 in
672 2736 767 2791 illo
800 2734 1092 2790 inhabitat.
1127 2753 1146 2787 ι
1177 2733 1465 2801 Quomodo
1488 2742 1673 2789 autem
1701 2734 1972 2805 contingit

387 2837 446 2887 et
479 2830 535 2885 in
588 2844 757 2886 carne
789 2828 1225 2886 substantialiter
1263 2817 1573 2884 inhabitare
1629 2827 1800 2884 Deum
1834 2827 1973 2884 Ver-

388 2924 545 2991 bum,
580 2931 635 2980 et
663 2923 976 2979 secundum
1017 2938 1312 2995 personam
1346 2922 1450 2993 ipsi
1493 2924 1657 2991 uniti,
1681 2939 1746 2980 ac
1766 2924 1972 2995 ubique

390 3031 516 3072 esse
540 3030 649 3071 non
671 3015 727 3070 in
756 3015 875 3087 ipsa
907 3015 1272 3071 conclusum?
1295 3013 1430 3071 Tale
1458 3016 1589 3086 quid
1615 3014 1823 3072 factum
1850 3031 1975 3073 esse

389 3106 787 3178 intelligamus,
835 3106 983 3177 quod
1028 3107 1192 3163 etiam
1238 3105 1294 3161 in
1328 3106 1451 3163 luce
1480 3106 1729 3162 accedit:
1790 3107 1972 3163 omnis

2081 630 2101 664 ι
2136 612 2250 666 Kal
2294 612 2699 686 βεϐαιούμενοι.
2763 633 2783 668 ι
2847 614 3055 688 Μηδὲν,
3087 615 3274 686 φησὶν,
3330 614 3653 686 ἀμφίϐολον,

2075 703 2213 774 μηδὲ
2267 705 2326 759 ἐν
2366 705 2674 778 δισταγμῷ.
2707 725 2728 759 ι
2782 705 2985 770 Καθὼς
3016 705 3354 777 ἐδιδάχθητε.
3394 724 3412 758 ι
3446 705 3655 760 Ἐδιδά-

2071 794 2239 868 χθητε
2260 796 2360 868 μὲν
2387 797 2487 868 τὴν
2515 797 2720 862 πίστιν,
2749 797 2833 850 δεῖ
2876 797 3062 867 μέντοι
3086 797 3181 851 καὶ
3213 796 3562 868 περισσεύειν
3598 799 3655 850 ἐν

2072 888 2211 959 αὐτῇ
2239 888 2539 961 ὁσημέραι,
2593 889 2859 960 διάπυρον
2920 888 3017 961 τὴν
3074 890 3260 944 πίστιν
3318 892 3652 962 κτωμένους.

2080 999 2100 1033 ι
2135 982 2242 1035 Σὺν
2271 981 2621 1054 εὐχαριστίᾳ.
2663 1001 2683 1036 ι
2719 983 2844 1036 Ὀτι
2869 982 2997 1046 τοὺς
3016 980 3159 1037 οὕτω
3198 983 3438 1055 μακρὰν,
3487 983 3681 1052 ἐγγὺς

2074 1071 2378 1145 πεποίηκεν
2407 1074 2436 1127 6
2464 1073 2618 1138 Θεός.
2653 1093 2673 1127 ι
2711 1074 2948 1129 Βλέπετε
2993 1076 3068 1147 μή
3104 1092 3189 1140 τις
3227 1076 3375 1146 ὑμᾶς
3427 1073 3582 1130 ἐσται
3629 1077 3658 1129 6

2075 1167 2433 1238 συλαγωγῶν.
2477 1187 2496 1220 ι
2539 1169 2878 1226 Διδασκαλία
2914 1168 3055 1240 μετὰ
3107 1167 3514 1239 παραγγελίας,
3566 1168 3659 1222 ἐκ·

2074 1261 2316 1332 φοϐοὖσα
2355 1262 2482 1327 τοὺς
2535 1261 2831 1334 ἀκροατάς.
2890 1260 3237 1331 Συλαγωγῶν
3283 1260 3365 1326 δὲ,
3414 1260 3525 1316 ἀπὸ
3554 1260 3657 1331 τῆς

2073 1354 2333 1418 πίστεως,
2368 1353 2556 1426 φησιν,
2589 1354 2824 1425 ἀτρανέσι
2876 1355 2968 1408 καὶ
2999 1353 3292 1427 λαθραίαις
3316 1352 3655 1417 ἐπιϐουλαῖς.

2079 1464 2100 1499 ι
2138 1447 2237 1501 Διὰ
2260 1447 2360 1518 τῆς
2390 1448 2710 1517 φιλοσοφίας
2741 1448 2836 1502 καὶ
2875 1449 3037 1518 κενῆς
3088 1446 3327 1520 ἀπάτης.
3375 1465 3395 1501 ι
3436 1446 3658 1517 Ἐπειδὴ

2074 1537 2136 1593 τδ
2174 1539 2272 1611 τῆς
2307 1539 2629 1609 φιλοσοφίας
2661 1540 2834 1611 ὄνομα
2901 1540 3097 1611 σεμνδν
3129 1535 3271 1594 εἶναι
3338 1540 3509 1608 δοκεῖ,
3558 1541 3659 1612 τήν

2075 1631 2291 1703 ἀπάτην
2317 1631 2673 1703 προσέζευξε.
2705 1631 2888 1704 Κενὴν
2919 1632 2978 1687 δέ
3008 1649 3167 1704 φησι,
3196 1632 3296 1703 τὴν
3340 1631 3598 1704 ματαίαν,
3622 1630 3658 1703 ἢ

2075 1720 2175 1795 τὴν
2196 1722 2439 1794 νεώτερά
2458 1740 2582 1780 τινα
2610 1724 2704 1779 καὶ
2740 1724 3022 1797 ἀπᾴδοντα
3048 1724 3425 1780 διδάσκουσαν.
3454 1743 3472 1778 ι
3498 1724 3660 1779 Κατὰ

2076 1812 2146 1867 τὰ
2176 1817 2417 1886 στοιχεῖα
2440 1814 2533 1869 τοῦ
2557 1814 2785 1886 κόσμου.
2823 1834 2844 1870 ι
2871 1816 2935 1870 Εἰ
2962 1815 3022 1871 τὸ
3049 1817 3235 1888 σχῆμα
3298 1816 3500 1880 παντὸς
3560 1814 3658 1869 τοῦ

2075 1906 2281 1979 κόσμου
2311 1909 2579 1980 παράγει,
2609 1908 2790 1982 πολλῷ
2832 1909 3036 1981 μᾶλλον
3060 1910 3175 1964 τῶν
3203 1911 3262 1964 ἐν
3310 1908 3462 1981 αὐτῷ
3516 1924 3660 1961 στοι-

2072 1998 2255 2069 χείων.
2294 2017 2314 2051 ι
2351 1999 2464 2053 Kal
2493 2000 2555 2054 οὐ
2587 2000 2730 2056 κατὰ
2754 2001 3014 2073 Χριστόν.
3077 2019 3097 2054 ι
3140 2001 3283 2071 ’Ἤδη
3341 1998 3530 2053 λοιπὸν
3561 1996 3657 2052 τοῦ

2073 2090 2299 2162 ἐλέγχου
2347 2090 2601 2164 ἄρχεται,
2634 2093 2736 2164 τῆς
2758 2092 2872 2148 τῶν
2913 2091 3139 2167 ήμερῶν
3191 2093 3657 2164 παρατηρήσεως.
3762 2150 3767 2158 ,

2073 2182 2323 2253 Στοιχεῖα
2351 2182 2409 2236 δέ
2440 2200 2575 2254 φησι
2608 2183 2839 2255 κόσμου,
2871 2183 3026 2255 ἣλιον
3067 2185 3163 2237 καὶ
3194 2183 3448 2255 σελήνην,
3491 2183 3559 2236 δι’
3583 2177 3658 2237 ὧν

2071 2275 2184 2338 τοῖς
2206 2274 2460 2346 ἄφροσιν,
2497 2276 2555 2329 αἱ
2593 2275 2704 2332 τῶν
2750 2275 2976 2348 ἡμερῶν
3012 2276 3427 2349 παρατηρήσεις
3455 2277 3512 2330 ἐν
3537 2277 3659 2341 ταῖς

2071 2368 2399 2438 ἀφωτίστοις
2431 2367 2666 2438 φαύσεσι
2696 2368 2794 2424 καὶ
2848 2368 3182 2440 ἐκλείψεσιν.
3214 2369 3278 2422 El
3311 2368 3406 2423 καὶ
3433 2368 3491 2436 ἐξ
3523 2371 3655 2442 ήμι-

2073 2460 2245 2526 σείας,
2297 2461 2484 2532 φησιν,
2520 2460 2648 2532 ἐνῆν
2682 2461 2779 2515 καὶ
2839 2460 2919 2533 τῷ
2956 2459 3183 2533 Χριστῷ
3227 2461 3323 2516 καὶ
3364 2464 3477 2526 τοῖς
3510 2478 3658 2515 στοι-

2072 2552 2242 2623 χείοις
2291 2552 2604 2624 προσέχειν,
2661 2552 2757 2607 καὶ
2802 2553 2978 2618 οὔτως
3036 2553 3311 2625 ἀφόρητον
3347 2568 3362 2584 ⁸
3417 2552 3515 2608 νῦν
3578 2553 3658 2617 δὲ,

2074 2642 2229 2714 φησι,
2263 2641 2543 2706 παντελῶς
2574 2642 2719 2713 ὑμᾶς
2739 2642 3016 2711 ἀπάγουσι
3052 2640 3147 2695 τοῦ
3186 2639 3450 2713 Χριστοῦ.
3480 2658 3499 2693 ι
3532 2640 3661 2694 Ὅτι

2073 2739 2132 2792 ἐν
2160 2739 2309 2810 αὐτῷ
2340 2739 2613 2794 κατοικεῖ.
2643 2756 2661 2790 ι
2696 2737 2810 2792 Kal
2834 2736 2952 2800 πῶς
2979 2736 3156 2792 ἔνεστι
3194 2737 3291 2792 καὶ
3313 2739 3372 2792 ἐν
3403 2739 3468 2809 τῇ
3491 2737 3658 2809 σαρκὶ

2073 2830 2352 2894 οὐσιωδῶς
2412 2831 2690 2885 κατοικεῖν
2717 2828 2808 2884 τὸν
2856 2828 2988 2883 Θεὸν
3022 2829 3197 2897 Λόγον
3239 2829 3336 2884 καὶ
3378 2829 3503 2884 καθ’
3525 2829 3658 2883 ὑπό-

2076 2941 2266 2979 στασιν
2290 2924 2427 2996 αὐτῇ
2461 2923 2730 2996 ἡνῶσθαι,
2761 2922 2854 2978 καὶ
2889 2921 3167 2994 πανταχοῦ
3193 2919 3335 2977 εἶναι
3381 2921 3458 2994 μὴ
3504 2940 3659 2995 περι-

2076 3016 2392 3088 κλειόμενον
2423 3018 2483 3072 ἐν
2510 3016 2683 3088 αὐτῇς
2716 3016 2971 3071 Τοιοῦτόν
3017 3034 3072 3070 τι
3101 3016 3431 3086 γεγενῆσθαι
3461 3016 3660 3087 νοήσω-

2079 3124 2200 3181 μεν,
2237 3108 2376 3180 ὅπερ
2408 3107 2502 3162 καὶ
2535 3107 2630 3161 ἐπὶ
2656 3106 2751 3161 τοῦ
2789 3107 2988 3177 φωτός.
3025 3106 3381 3162 Ἐλαττοῦται
3412 3106 3469 3161 δὲ
3506 3106 3659 3162 πᾶσα

391 3212 575 3259 tamen
620 3202 798 3274 imago
825 3217 1100 3274 omneque
1162 3203 1470 3274 exemplum
1507 3204 1667 3276 longe
1708 3205 1865 3260 abest
1898 3206 1966 3261 ab

2082 3200 2240 3256 εἰκὼν
2274 3201 2369 3256 καὶ
2402 3201 2549 3256 ἅπαν
2611 3200 2966 3273 παράδειγμα
3034 3200 3135 3271 τῆς
3193 3199 3477 3272 ἀληθείας.
3533 3199 3661 3265 Πῶς

314 3308 318 3313 ·
391 3294 512 3367 ipsa
536 3295 785 3353 veritate.
817 3294 1107 3363 Quomodo
1131 3295 1276 3351 enim
1307 3296 1425 3351 fieri
1457 3304 1659 3367 potest,
1710 3306 1771 3353 ut
1798 3299 1976 3354 sensi-

393 3387 528 3443 bilia
576 3396 981 3459 repraesentem.
1014 3387 1239 3444 divina?
1286 3388 1587 3444 Dicendum
1643 3400 1825 3447 tamen
1867 3398 1973 3447 est.

394 3476 870 3545 Quemadmodum
906 3480 998 3534 lux
1032 3479 1088 3534 in
1112 3479 1274 3534 initio
1302 3486 1427 3535 ante
1460 3489 1654 3535 caetera
1681 3481 1973 3550 producta,

396 3584 523 3624 cum
565 3584 831 3641 corporea
882 3577 938 3626 et
984 3569 1367 3627 immaterialis
1420 3580 1588 3639 esset,
1644 3574 1698 3627 in
1744 3587 1978 3643 corpore

396 3669 580 3717 tamen
608 3661 776 3718 solari
806 3662 1234 3718 continebatur:
1289 3670 1529 3718 attamen
1559 3664 1725 3718 etiam
1760 3678 1887 3720 cum
1922 3667 1978 3720 in

396 3754 521 3824 ipso
546 3761 630 3810 est
665 3768 773 3809 non
807 3754 1135 3825 prohibetur
1155 3770 1335 3826 neque
1368 3755 1665 3826 impeditur
1693 3757 1827 3827 quin
1858 3772 1979 3814 om-

396 3845 488 3901 nia
514 3844 806 3901 illuminet.
836 3845 916 3901 lta
939 3856 994 3902 ει
1026 3845 1170 3903 Deus
1209 3845 1472 3915 Verbum,
1507 3847 1600 3919 qui
1625 3849 1680 3904 in
1711 3849 1981 3922 principio

398 3953 621 3993 carnem
666 3952 775 3993 non
829 3937 1089 4003 habebat,
1132 3939 1460 3996 incarnatus
1508 3955 1619 3996 non
1649 3942 1982 4012 prohibetur-

398 4030 568 4085 etiam
617 4030 772 4087 carni
826 4030 976 4085 uniri
1012 4030 1316 4086 secundum
1369 4047 1686 4103 personam,
1735 4034 1883 4090 sicut
1923 4034 1980 4090 in

398 4123 518 4194 ipsa
554 4139 663 4180 non
696 4124 1079 4186 concludatur.
1103 4123 1197 4181 sed
1222 4125 1408 4179 omnia
1444 4124 1686 4195 impleat.
1709 4123 1779 4180 Et
1806 4125 1876 4181 ob
1902 4125 1979 4193 id,

400 4225 459 4272 ιιι
480 4217 702 4288 opinor,
738 4217 855 4288 ipse
885 4216 1151 4272 Dominus
1189 4218 1432 4288 seipsum
1459 4218 1636 4274 lucem
1667 4218 1979 4290 appellat":

338 4339 342 4347 τ
400 4318 455 4363 ει
503 4307 801 4364 Malachias
860 4305 1045 4362 Solem
1101 4306 1337 4377 iustitiae
1387 4308 1568 4379 ipsum
1619 4308 1914 4378 appellavit
1938 4308 1982 4362 ⁸.

401 4396 674 4454 Praeterea
704 4408 757 4454 et
778 4396 1273 4468 Psalmographus,
1314 4398 1411 4469 qui
1450 4400 1527 4453 ait
1554 4416 1569 4454 :
1595 4398 1806 4454 Cecidit
1842 4398 1985 4470 ignis

2076 3293 2187 3366 γὰρ
2238 3292 2304 3348 ἂν
2364 3294 2433 3348 τὰ
2484 3292 2748 3365 αἰσθητὰ,
2805 3293 3139 3365 διασημανεῖ
3187 3291 3257 3346 τὰ
3310 3291 3461 3360 θεῖα;
3512 3292 3661 3363 Πλὴν

2077 3385 2319 3441 λεκτέον.
2351 3385 2567 3459 Ὠσπερ
2589 3387 2651 3440 τὸ
2686 3387 3032 3458 πρωτόγονον
3066 3384 3181 3455 φῶς
3205 3385 3263 3441 ἐν
3288 3385 3461 3459 ἀρχῇ,
3520 3384 3664 3441 ἀσώ-

2083 3495 2251 3550 ματον
2282 3477 2377 3532 καὶ
2402 3477 2565 3533 άῦλον
2598 3479 2869 3549 ὑπάρχον,
2904 3476 3176 3548 ἐνεκράθη
3214 3477 3293 3548 τῷ
3318 3476 3528 3549 ήλιακῷ
3555 3476 3662 3530 σώ-

2084 3584 2236 3639 ματι,
2274 3567 2371 3622 καλ⁵
2430 3567 2626 3637 γέγονε
2692 3568 2895 3640 τρόπον
2965 3567 3088 3621 τινὰ
3124 3567 3463 3639 ἐνσώματον,
3524 3566 3666 3639 πλὴν

2079 3660 2176 3714 καὶ
2205 3661 2264 3713 ἐν
2287 3658 2437 3730 αὐτῷ
2460 3659 2731 3733 ὑπάρχον,
2764 3660 2825 3713 οὐ
2851 3660 3228 3731 περιείργεται
3274 3659 3399 3714 οὔτε
3460 3660 3668 3715 κωλύε-

2080 3766 2172 3805 ται
2236 3750 2639 3819 καταφωτίζειν
2685 3749 2754 3803 τὰ
2798 3749 2979 3805 πάντα
3010 3762 3026 3779 ⁶
3089 3749 3265 3816 οὕτως
3326 3752 3355 3806 ό
3411 3752 3469 3806 ἐν
3520 3752 3669 3823 ἀρχῇ

2082 3842 2325 3914 ἄσαρκος
2353 3842 2487 3906 Θεὸς
2527 3843 2722 3911 Λόγος,
2753 3840 3094 3914 ⁸σαρκωθεὶξ,
3132 3843 3193 3896 οὑ
3247 3843 3519 3898 κωλύεται
3572 3845 3670 3898 καὶ

2086 3933 2247 4006 σαρκὶ
2286 3933 2528 4005 ἡνῶσθαι
2555 3933 2680 3987 καθ’
2715 3934 3037 3998 ὑπόστασιν,
3091 3935 3186 3989 καὶ
3221 3934 3298 4007 μὴ
3348 3935 3670 4003 συγκεκλεῖ-

2087 4026 2211 4080 σθαι
2240 4027 2299 4080 ἐν
2320 4025 2480 4096 αὐτῇ,
2508 4025 2644 4080 ἀλλὰ
2681 4027 2747 4080 τὰ
2775 4027 2956 4081 πάντα
2989 4029 3205 4100 πληροῖ.
3238 4029 3350 4083 Kal
3372 4028 3462 4083 διὰ
3484 4031 3667 4095 τοῦτο,

2084 4116 2259 4191 οἶμαι,
2293 4118 2456 4183 αὐτός
2481 4136 2540 4172 τε
2567 4118 2760 4173 ἑαυτὸν
2788 4121 2815 4173 6
2847 4118 3056 4192 Κύριος
3110 4120 3226 4191 φῶς
3268 4121 3546 4192 ὀνομάζει,
3575 4126 3673 4177 καὶ

2084 4211 2114 4265 6
2143 4209 2432 4282 Μαλαχίας
2461 4209 2623 4264 αὐτὸν
2655 4210 2848 4265 ’Ἥλιον
2871 4211 3116 4280 κέκληκε
3146 4213 3516 4285 δικαιοσύνης.
3547 4215 3670 4269 Ἔτι

2085 4303 2143 4358 δὲ
2181 4303 2276 4358 καὶ
2304 4304 2331 4357 ό
2362 4303 2691 4376 Ψαλμῳδδς,
2712 4303 2888 4373 λέγων
2915 4320 2930 4336 ο
2966 4323 2987 4358 ι
3020 4306 3225 4360 Ἔπεσε
3274 4306 3386 4379 πῦρ
3426 4307 3515 4361 ἐπ’
3569 4309 3672 4363 αὗ-

2086 4394 2239 4460 τοῦς,
2264 4395 2362 4448 καὶ
2383 4395 2485 4449 οὐκ
2523 4391 2665 4450 εἶδον
2689 4396 2781 4449 τὸν
2813 4397 2989 4467 ἥλιον.
3029 4416 3047 4451 ι
3083 4426 3152 4438 —-
3186 4417 3205 4450 ι
3244 4400 3362 4453 Πᾶν
3415 4400 3477 4454 τὸ
3531 4401 3673 4471 πλή-

402 4502 571 4555 super
613 4502 710 4543 eos
760 4496 815 4541 et
865 4502 979 4542 non
1026 4487 1284 4543 viderunt
1331 4487 1504 4545 solem
1533 4487 1576 4542 ⁸.
1618 4517 1690 4529 -
1734 4506 1754 4540 ι
1789 4485 1978 4543 Omnis

2095 4508 2252 4563 ρωμα
2304 4490 2407 4561 τῆς
2464 4489 2739 4562 θεότητος.
2775 4510 2794 4544 ι
2827 4491 2897 4544 Εἴ
2932 4508 2985 4545 τι
3034 4491 3175 4558 ἐστὶ,
3227 4493 3416 4564 φησὶν,
3470 4492 3499 4546 6
3540 4493 3675 4556 Θεὸς

401 4576 691 4648 plenitudo
756 4576 1156 4633 divinitatis.»
1212 4576 1492 4648 Quidquid
1566 4586 1690 4643 εει,
1768 4578 1978 4649 inquit,

2093 4562 2287 4652 Λόγος,
2329 4582 2388 4635 ἐν
2418 4581 2568 4653 αὐτῷ
2607 4585 2881 4636 κατοικεῖ.
2911 4582 3078 4637 Ἀλλὰ
3121 4583 3197 4656 μὴ
3233 4562 3461 4658 νομίσῃς
3488 4584 3677 4639 αὐτὸν

357 4694 372 4707 ο
406 4670 550 4726 Dus
575 4667 842 4733 Verbum,
874 4670 929 4725 in
960 4670 1083 4741 ipso
1132 4669 1430 4724 inhabitat.
1470 4667 1549 4724 Ne
1584 4676 1766 4724 tamen
1801 4669 1981 4740 ipsum

403 4778 469 4814 ex
505 4760 609 4816 hoc
639 4775 764 4817 esse
791 4761 1118 4817 conclusum
1151 4760 1424 4831 intelligas
1452 4778 1467 4815 :
1523 4760 1797 4830 siquidem
1832 4770 1982 4817 totus

406 4854 729 4910 incarnatus
765 4864 872 4919 est,
921 4863 977 4910 et
1020 4862 1168 4909 totus
1202 4863 1287 4911 est
1332 4868 1455 4908 cum
1507 4852 1707 4908 Patre:
1747 4869 1986 4925 cumque

409 4960 639 5015 corpore
667 4947 1128 5017 circumscriptus
1147 4948 1240 5015 sit,
1276 4956 1460 5002 tamen
1477 4947 1770 5003 divinitate
1798 4956 1984 5003 manet

413 5039 947 5110 incircumscriptus.
1000 5058 1019 5092 ι
1081 5038 1479 5111 Corporaliter.
1523 5061 1540 5094 ι
1591 5039 1711 5096 Hoc
1745 5051 1851 5109 est,
1898 5057 1985 5098 sc-

414 5129 648 5185 cundum
682 5132 1052 5187 substantiam
1077 5143 1129 5188 et
1162 5148 1269 5186 non
1297 5132 1415 5187 solo
1446 5132 1636 5187 habitu
1671 5143 1766 5188 aut
1787 5133 1983 5205 ﬁgura.

415 5224 477 5277 ιοζι
510 5237 576 5277 εο
598 5223 782 5287 ιηοιΙο,
816 5223 1015 5291 inquit,
1047 5223 1389 5294 quohabitat
1427 5223 1612 5279 anima
1649 5225 1703 5279 in
1733 5240 1987 5297 corpore,

410 5315 485 5369 ita
515 5315 630 5370 haec
672 5315 939 5370 habitavit
980 5316 1035 5370 in
1076 5323 1362 5386 assumpto
1406 5316 1647 5374 homine.
1702 5318 1990 5385 Quomodo

413 5418 598 5460 autem
630 5406 843 5460 habitat
889 5406 1071 5460 anima
1107 5407 1161 5462 in
1202 5407 1476 5477 corpore?
1505 5406 1649 5463 Sane
1676 5408 1988 5477 inconiuse,

410 5499 669 5555 indivise.
729 5497 1000 5565 Quoniam
1053 5500 1199 5573 enim
1248 5500 1466 5556 dixerat
1516 5499 1886 5558 :lnhabitat:
1925 5520 1993 5559 ne

411 5592 697 5647 existimes
731 5593 875 5663 quod
910 5592 964 5648 in
1018 5608 1085 5648 eo
1118 5596 1191 5649 sit
1234 5604 1483 5665 operata,
1515 5596 1660 5651 sicut
1682 5604 1735 5653 et
1766 5596 1835 5651 de
1867 5614 1993 5668 pro-

415 5681 595 5751 phetis
616 5681 819 5738 dicitur
851 5681 1149 5757 (lnhabitat
1179 5685 1326 5741 enim
1373 5686 1427 5741 in
1468 5686 1605 5757 ipsis
1655 5687 1796 5743 Deus
1831 5689 1992 5759 juxta

486 5874 510 5909 "
541 5873 701 5933 Joan.
730 5879 966 5946 vm,12.
1042 5878 1063 5910 ⁸
1102 5878 1332 5937 Malach.
1378 5899 1449 5950 ιν,
1491 5882 1545 5936 ἓ.
1624 5884 1643 5914 ⁹
1673 5883 1795 5939 Psal
1850 5900 1986 5953 mi,
2030 5890 2084 5944 9.

2093 4673 2158 4726 ἐκ
2180 4674 2372 4728 τούτου
2403 4672 2821 4740 συγκεκλεῖσθαι
2845 4689 2860 4702 ·
2896 4672 3126 4745 καὶγὰρ
3158 4673 3456 4746 ἐσαρκώθη
3504 4673 3674 4740 ἄπας,

2095 4768 2188 4821 καὶ
2215 4768 2354 4837 μετὰ
2382 4765 2476 4820 τοῦ
2513 4766 2728 4837 Πατρός
2759 4766 2907 4819 ἐστιν
2938 4765 3105 4829 ἅπας,
3133 4763 3348 4835 σώματι
3401 4766 3677 4836 περιγρα-

2095 4877 2230 4924 πτος
2261 4860 2356 4926 ὢν,
2389 4859 2606 4932 θεότητι
2629 4859 2686 4912 δὲ
2714 4858 3152 4930 ἀπερίγρσιπτος.
3197 4877 3216 4910 ι
3255 4859 3612 4927 Σωματικῶς.
3652 4878 3671 4911 ι

2096 4948 2412 5012 Τουτέστιν,
2469 4946 2766 5010 οὑσιωδῶς,
2846 4945 2907 4998 οὐ
2973 4944 3262 5016 σχετικῶς.
3316 4947 3426 4999 Kal
3484 4946 3561 5010 ὡς
3611 4946 3678 5000 ἂν

2090 5043 2311 5114 οίκήσῃ,
2345 5041 2533 5110 φησὶν,
2568 5041 2627 5092 ἐν
2668 5037 2884 5108 σώματι
2919 5037 3087 5108 ψυχὴ,
3120 5036 3296 5102 οὓτως
3323 5038 3572 5108 ἐνῴκησε
3599 5040 3680 5112 τῷ

2093 5132 2500 5207 προσληφθέντι
2531 5130 2829 5202 ἀνθρώπῳ.
2869 5130 2994 5194 Πῶς
3023 5131 3082 5183 δὲ
3113 5132 3315 5185 ἐνοικεῖ
3366 5130 3512 5202 ψυχὴ
3574 5130 3683 5184 σώ-

2097 5244 2261 5300 ματι;
2294 5224 2568 5297 Δηλονότι,
2595 5225 2937 5293 ἀσυγχύτως,
2956 5222 3303 5293 ἀδιαιρέτως.
3327 5222 3550 5293 Ἐπειδὴ
3574 5222 3681 5294 γὰρ

2122 5318 2236 5384 ἷπε,
2266 5319 2549 5378 Κατοικεῖ,
2580 5317 2666 5370 ἵνα
2698 5317 2771 5387 μὴ
2801 5313 3034 5389 νομίσῃς
3061 5316 3146 5368 ὅτι
3179 5315 3458 5387 ἐνηργήθη
3477 5316 3552 5378 ὡς
3588 5318 3685 5370 καὶ

2103 5413 2151 5466 οἱ
2183 5409 2460 5481 προφῆται
2502 5406 2724 5480 (ἐνῴκει
2753 5406 2862 5477 γὰρ
2897 5404 3084 5468 αὐτοῖς
3136 5405 3164 5457 6
3217 5404 3354 5468 Θεὸς
3410 5405 3552 5458 κατὰ
3598 5406 3698 5471 τὸ,

2111 5523 2131 5557 ι
2165 5502 2467 5572 Ἐνοικήσω
2497 5502 2556 5556 ἐν
2589 5500 2776 5562 αὐτοῖς
2798 5497 2893 5550 καὶ
2923 5497 3359 5568 ἐμπεριπατήσω
3381 5512 3393 5525 '
3438 5495 3486 5566 ι)
3518 5513 3688 5569 προσ-

2105 5597 2286 5669 τίθησι
2336 5595 2418 5661 τὸ,
2476 5591 2842 5664 Σωματικῶς,
2914 5589 3218 5653 τουτέστιν,
3269 5589 3565 5657 οὖσιωδῶς,
3623 5590 3688 5643 οὐ

2108 5687 2396 5765 σχετικῶς,
2430 5687 2505 5752 ὡς
2538 5688 2595 5741 ὲν
2626 5685 2836 5756 σώματι
2860 5683 3032 5755 ψυχή.
3067 5681 3257 5746 Οὕτως
3284 5682 3380 5736 καὶ
3410 5685 3437 5737 ὁ
3483 5681 3690 5753 Κύριλ-
