4036 6612
328 405 402 470 33
1298 405 1681 470 COMMENT.
1726 406 1811 470 IN
1854 406 1913 468 Ε]

2016 408 2093 469 iT.
2126 408 2226 471 AD
2256 408 2556 476 COLOSS.
3535 421 3608 486 34

325 522 439 585 λος.
479 520 626 574 Ἀλλ’
662 521 697 592 ἡ
734 520 833 591 μὲν
854 521 1003 592 ψυχὴ
1030 521 1124 576 καὶ
1156 518 1451 593 χωρίζεται
1500 519 1593 574 τοῦ
1654 521 1909 593 σώματος

2020 521 2176 588 illud,
2215 542 2234 575 ι
2265 523 2592 581 lnhabitabo
2633 524 2692 581 in
2720 526 2803 584 eis
2838 537 2893 585 et
2919 527 3275 588 inambulaho
3299 531 3343 564 “
3376 549 3396 585 ι
3424 531 3600 599 addit,

327 614 387 665 ὲν
412 610 491 680 τῷ
522 610 765 679 Θανάτῳ,
798 614 829 664 ὁ
857 612 913 665 δὲ
934 612 1068 675 Θεὸς
1082 612 1250 681 Λόγος
1279 612 1382 666 οὐκ
1408 611 1487 666 ἔτι
1511 614 1577 666 ἐκ
1593 613 1694 683 τῆς
1715 614 1916 685 ἀναλη-

328 704 563 775 φθείσης
593 705 694 759 καὶ
720 703 931 769 οἰκείας
962 705 1128 759 αὐτοῦ
1160 703 1254 758 καί
1275 706 1411 769 ἰδίας
1455 705 1756 776 γενομένης
1784 722 1920 776 σαρ-

333 799 450 858 κὸς,
477 796 893 867 ὲμψυχωμὲνης
924 797 1168 865 δηλονότι
1190 797 1337 868 ψυχῇ
1374 798 1556 869 νοερᾷ.
1595 798 1666 850 Ἢ
1727 814 1916 867 σωμα-

326 889 498 952 τικῶς
526 890 661 953 νόει,
694 883 806 944 οἷον
858 889 1319 961 σεσαρκωμένως.
1375 890 1450 944 Οὐ
1501 889 1612 959 γὰρ
1662 890 1915 960 οἰκήσας.

327 985 487 1053 φησι,
534 982 699 1037 πάλιν
727 984 995 1053 μετοικεῖ,
1023 982 1139 1036 ἀλλ’
1182 982 1497 1054 ὲσαρκώθη.
1556 982 1686 1053 μίαν
1733 981 1917 1037 λοιπὸν

332 1074 474 1145 μετὰ
494 1076 596 1144 τῆς
619 1074 755 1137 ίδίας
794 1075 997 1145 σαρκὸς
1031 1075 1331 1129 ὑπόστασιν
1385 1074 1546 1145 ἔχων,
1583 1074 1688 1128 κᾶν
1719 1076 1783 1128 ὲκ
1823 1074 1918 1128 δύο

331 1169 567 1238 συνέστη
605 1168 711 1222 τῶν
738 1169 1019 1223 ἐναντίων.
1054 1187 1072 1219 ι
1106 1170 1218 1223 Καὶ
1255 1168 1380 1222 ἐστὲ
1419 1171 1478 1222 ὲν
1519 1166 1668 1238 αὐτῷ
1706 1168 1920 1239 πεπληυ

330 1260 595 1333 ρωμένοι.
633 1280 653 1312 ι
681 1260 839 1316 Ἐπεὶ
867 1258 960 1314 οὖν
992 1260 1228 1332 πλήρης,
1284 1261 1440 1330 φησι,
1472 1261 1567 1314 καὶ
1615 1260 1917 1328 ἁπαράλει-

329 1369 463 1415 πτος
495 1352 529 1422 ἡ
568 1352 1007 1424 ἐνανθρώπησις,
1032 1354 1309 1424 προσήκει
1359 1352 1461 1406 καὶ
1490 1352 1636 1422 ὑμᾶς
1684 1350 1916 1422 πλήρεις

328 1437 469 1496 εἶναι
492 1445 551 1496 ὲν
581 1443 756 1514 αὐτῷ,
782 1444 880 1498 καὶ
908 1444 983 1515 μὴ
1022 1443 1444 1515 ἐπιμερίζεσϐαι
1478 1444 1614 1514 πρὸς
1660 1443 1730 1496 τὰ
1764 1461 1912 1498 στοι-

327 1538 453 1605 χεῖα
482 1535 577 1588 τοῦ
613 1536 842 1607 κόσμου.
874 1555 893 1588 t
925 1536 1025 1600 '0;
1045 1538 1193 1590 ὲστιν
1216 1537 1249 1604 ἡ
1280 1536 1491 1606 κεφαλὴ
1519 1535 1701 1607 πάσης
1739 1536 1915 1607 ἀρχῆς

325 1628 421 1679 καὶ
438 1628 716 1692 ἐξουσίας.
754 1647 773 1681 ι
809 1627 1070 1698 Κεφαλήν
1105 1627 1343 1682 ἐνταῦθα
1394 1628 1491 1697 τὴν
1524 1627 1705 1682 αἰτίαν
1740 1627 1913 1697 λέγει.

325 1719 484 1789 Ilion
536 1724 647 1790 γαρ
701 1722 901 1791 γενητῇ
959 1719 1121 1789 φύσει
1171 1719 1481 1790 ἐπουρανίῳ
1513 1718 1611 1772 καὶ
1657 1719 1912 1789 ἑπιγείῳ,

322 1811 498 1874 αἴτιος
533 1814 561 1864 ὀ
590 1812 828 1883 Χριστὸς
860 1813 935 1876 ὡς
984 1813 1330 1883 Δημιουργὸς
1378 1813 1473 1867 καὶ
1531 1810 1773 1882 Ποιητὴς
1815 1812 1914 1865 αὐ-

2023 612 2423 685 Corporaliter,
2466 617 2521 673 id
2572 625 2677 687 est,
2719 621 3182 691 substantialiter;
3211 639 3320 679 non
3355 627 3475 681 solo
3507 627 3608 681 ha-

2020 703 2137 759 bitu
2169 717 2266 760 aut
2307 706 2501 778 ﬁgura,
2552 709 2699 765 sicut
2727 712 2910 766 anima
2964 712 3023 768 in
3050 728 3303 783 corpore.
3328 713 3409 768 ita
3442 715 3608 772 habet

2020 803 2075 849 et
2104 794 2368 866 Cyrillus.
2407 796 2608 854 Verum
2634 800 2818 857 anima
2846 802 3013 858 etiam
3048 818 3078 857 a
3118 819 3355 874 corpore
3385 821 3609 876 separa-

2021 895 2112 941 tur
2144 888 2200 943 in
2233 897 2431 957 morte,
2463 906 2574 947 non
2607 901 2791 949 autem
2826 895 3059 964 posthac
3099 893 3245 951 Deus
3277 896 3501 951 verbum
3535 897 3606 953 ab

2020 988 2311 1047 assumpta
2349 987 2403 1034 et
2434 978 2696 1037 familiari
2722 997 2787 1039 ac
2821 983 3043 1053 propria
3076 984 3183 1039 sibi
3211 984 3403 1040 effecta
3435 1000 3606 1040 carne

2018 1069 2262 1125 animata
2304 1070 2556 1128 videlicet
2603 1088 2702 1143 per
2753 1074 2995 1130 animam
3042 1076 3390 1133 rationalem.
3445 1077 3602 1147 l3],

2017 1158 2126 1214 Aut
2156 1161 2542 1230 corporaliter,
2575 1163 2820 1234 intelligo
2844 1164 3242 1220 incarnationis
3269 1166 3449 1221 modo.
3479 1165 3593 1221 Ne-

2018 1267 2124 1323 que
2152 1253 2300 1308 enim
2346 1254 2440 1322 qui
2492 1253 2844 1319 inhabitarit,
2878 1255 3079 1326 inquit,
3113 1272 3335 1311 rursum
3369 1258 3594 1328 migrat,

2019 1344 2112 1398 scd
2149 1344 2469 1400 incarnatus
2501 1353 2611 1412 est,
2649 1360 2811 1402 unum
2843 1346 3101 1418 deinceps
3125 1362 3248 1402 cum
3285 1363 3384 1403 sua
3433 1363 3605 1405 carne

2018 1435 2227 1491 lmbcns
2266 1435 2632 1507 hypostasim,
2671 1453 2989 1508 quanquam
3018 1454 3083 1493 ex
3122 1437 3341 1494 duobus
3368 1447 3599 1493 contra-

2020 1528 2116 1581 riis
2138 1529 2428 1584 consistat.
2461 1548 2478 1582 t
2509 1529 2575 1584 Et
2605 1529 2741 1586 estis
2763 1530 2818 1584 in
2849 1531 2944 1585 illo
2970 1530 3247 1601 completi.
3279 1550 3298 1583 ι
3327 1530 3603 1598 Quoniam

2018 1621 2187 1691 igitur
2222 1621 2381 1690 plena
2413 1621 2781 1678 humanitatis
2829 1624 3141 1691 assumptio
3199 1622 3345 1678 facta
3403 1631 3508 1687 est,
3544 1632 3604 1678 et

2017 1728 2135 1781 quae
2167 1711 2282 1782 jam
2332 1713 2558 1768 dissolvi
2617 1727 2723 1768 non
2754 1715 2967 1783 possit:
3000 1714 3260 1768 convenit
3295 1721 3354 1768 ut
3393 1721 3446 1768 et
3503 1728 3601 1770 vos

2019 1805 2162 1874 pleni
2194 1804 2319 1859 sitis
2361 1804 2415 1858 in
2451 1806 2572 1873 ipso
2604 1812 2659 1859 et
2692 1820 2802 1859 non
2840 1806 3179 1875 separemiui
3221 1805 3286 1859 ad
3325 1807 3602 1863 elementa

320 1904 453 1958 τῶν.
511 1881 694 1975 Χωρις
752 1905 859 1975 γὰρ
895 1881 1086 1970 αὐτοῦ,
1122 1881 1326 1974 φησιν,
1378 1903 1600 1972 ἐγένετο
1647 1881 1769 1956 οὐδὲ
1797 1900 1857 1954 ἒν
1884 1900 1913 1954 ὃ

2018 1896 2229 1952 mundi.
2273 1915 2291 1948 ι
2339 1896 2442 1962 Qui
2479 1904 2564 1951 est
2586 1909 2749 1966 caput
2777 1898 2958 1952 omnis
3008 1899 3352 1970 principatus
3389 1914 3455 1953 ac
3507 1914 3605 1968 po:

320 1997 544 2066 γέγονε.
607 1997 870 2066 Γεγόνασι
914 1997 971 2050 δὲ
1007 1998 1063 2050 al
1133 1997 1385 2067 οὐράνιαι
1448 1995 1729 2065 δυνάμεις.
1780 2012 1799 2047 t
1853 1994 1911 2047 Ὀ

2016 1987 2255 2042 testatis.
2297 2006 2315 2038 ›
2350 1987 2531 2058 Caput
2562 1988 2667 2044 hoc
2700 1990 2841 2055 loco,
2870 1991 3007 2045 dicit
3034 2006 3257 2047 causam
3291 2009 3355 2049 ac
3392 1995 3605 2065 princi-

321 2089 496 2143 ποιῶν
518 2090 649 2159 γὰρ,
678 2089 834 2159 φησι,
864 2089 991 2150 τοὺς
1028 2087 1297 2156 ἀγγέλους
1328 2085 1495 2141 αὐτοῦ
1532 2084 1842 2153 πνεύματα.
1887 2102 1907 2136 ι

2019 2079 2191 2149 pium.
2256 2079 2449 2135 Cuivis
2501 2081 2647 2135 enim
2689 2083 2928 2138 condita:
2982 2094 3193 2141 naturae
3258 2088 3475 2144 caelesti
3533 2104 3598 2144 ac

328 2182 476 2250 Ἄρα
523 2178 614 2232 διὰ
646 2177 886 2249 Χριστοῦ
934 2178 1028 2232 καὶ
1093 2177 1246 2248 παρὰ
1280 2176 1523 2248 Χριστοῦ
1583 2175 1913 2245 γεγένηνται

2016 2178 2250 2226 terrena:
2298 2170 2555 2227 Christus
2596 2187 2768 2229 causa
2814 2182 2902 2230 est
2938 2184 3200 2246 tanquam
3255 2177 3487 2234 Creator
3531 2195 3600 2236 ac

320 2272 547 2344 εὐδοκία
615 2272 830 2344 [ἰατρὸς
863 2309 880 2337 ,
937 2270 1033 2325 καὶ
1085 2271 1346 2342 συνεργίᾳ
1408 2268 1503 2322 τοῦ
1558 2265 1911 2339 παρακλήτου

322 2364 464 2419 Πνεύ
473 2381 669 2434 ματος.

2012 2259 2250 2315 EiTector
2299 2277 2510 2317 earum.
2548 2263 2685 2318 Nam
2738 2266 2859 2320 sine
2888 2282 2974 2332 eo,
3036 2268 3236 2339 inquit,
3277 2268 3483 2325 factum
3513 2281 3601 2329 est

2015 2353 2155 2408 nihil
2186 2352 2333 2423 quod
2367 2352 2579 2409 factum
2604 2365 2689 2411 est
2719 2356 2782 2419 “,
2815 2357 3061 2416 Condita:
3090 2373 3223 2415 sunt
3265 2373 3447 2418 autem
3482 2380 3596 2420 etc.

323 2459 491 2513 lestes
529 2460 783 2523 virtutes,
829 2458 905 2513 ait
932 2458 1101 2513 enim.
1134 2474 1153 2509 t
1191 2455 1292 2523 Qui
1324 2454 1455 2510 facit
1501 2452 1728 2522 angelos
1758 2465 1892 2507 suos
1934 2448 2168 2518 spiritus
2197 2448 2264 2501 η.
2309 2466 2330 2501 ›
2373 2447 2561 2519 itaque
2588 2465 2685 2520 per
2712 2449 2999 2508 Christum
3031 2464 3085 2509 et
3150 2470 3182 2510 a
3211 2456 3438 2512 Christo
3507 2458 3594 2513 fa-

319 2560 424 2602 cta:
450 2557 580 2604 sunt
612 2549 958 2619 beneplacito
992 2548 1167 2605 Putris
1191 2559 1243 2603 et
1275 2548 1670 2618 cooperatioue
1705 2540 1972 2614 paracleti
2005 2539 2276 2610 Spiritus.

933 2668 1188 2722 ΚΕΦΑΛ.
1223 2665 1297 2722 Ζ’.

324 2759 456 2812 Ὀτι
480 2759 520 2826 ἡ
550 2760 701 2830 πρὸς
718 2762 868 2815 Θεὸν
892 2759 1194 2829 συνάφεια
1208 2757 1303 2825 καὶ
1321 2756 1516 2830 τὰᾼτοῦ
1539 2758 1728 2830 νόμου
1750 2774 1914 2826 περι-

459 2826 1160 2900 έχει⁷πνευματικῶς,ἐὶς
1194 2829 1257 2884 τὸ
1286 2826 1479 2898 συζῆν
1507 2826 1764 2898 Χριστῷ.

407 2920 506 2973 Ἐν
560 2913 610 2987 ᾧ
668 2919 766 2974 καί
823 2920 1249 2989 περιετμήθητε
1320 2916 1609 2987 περιτομῇ
1675 2917 1911 2985 ἀχειρο-

322 2994 571 3082 ποιήτῳ,
597 3012 667 3065 ὲν
690 3010 763 3079 τῇ
794 3011 1129 3066 ἀπεκδύσει
1151 3008 1258 3063 τοῦ
1280 3008 1553 3079 σώματος
1578 3009 1698 3062 τῶν
1721 3008 1909 3077 ἀμαρ-

321 3104 464 3159 mor
489 3102 599 3171 τῆς
635 3103 882 3172 σαρκὸς,
926 3103 997 3157 ἐν
1029 3101 1104 3171 τῇ
1136 3100 1425 3171 περιτομῇ
1481 3099 1589 3154 τοῦ
1619 3098 1898 3168 Χριστοῦ,

321 3196 738 3266 συνταφέντες
796 3194 955 3261 αὐτῷ
986 3196 1059 3250 ἐν
1116 3195 1198 3260 τῷ
1243 3195 1639 3263 βαπτίσματι.
1697 3193 1802 3247 Ἐν
1853 3185 1902 3259 ᾧ

2606 2659 2839 2716 CAPUT
2879 2659 2994 2719 VII.

2016 2750 2172 2818 Quod
2204 2751 2511 2826 conjunctio
2567 2751 2637 2805 ad
2666 2752 2865 2826 Deum_
2899 2755 3256 2823 spiritualiler
3292 2772 3495 2826 quoque
3538 2774 3602 2812 ea

2074 2837 2195 2891 qua:
2221 2821 2348 2892 legis
2377 2832 2498 2876 sunt
2536 2825 2769 2877 continet
2795 2824 2865 2877 ad
2898 2821 3275 2880 connivendum
3300 2821 3534 2882 Christo.

2066 2914 2130 2977 ll,
2154 2914 2337 2968 11-15.
2376 2912 2483 2969 Per
2494 2931 2645 2985 quem
2664 2924 2714 2968 et
2735 2916 3037 2971 circumcisi
3054 2920 3178 2972 estis
3192 2921 3604 2974 circumcisione

2017 3021 2119 3059 non
2140 3013 2473 3075 manufacta,
2497 3007 2624 3059 dum
2655 3009 2877 3061 exuistis
2907 3024 3097 3078 corpus
3127 3021 3460 3084 peccatorum
3481 3028 3604 3065 car-

2006 3097 2111 3162 nis,
2133 3112 2224 3165 per
2255 3097 2709 3153 circumcisionem
2731 3099 2952 3166 Christi,
2974 3103 3265 3172 consepulti
3289 3103 3451 3158 simul
3482 3121 3601 3159 cum

2008 3190 2103 3244 illo
2146 3206 2238 3258 per
2269 3191 2590 3259 baptismum
2634 3193 2734 3245 :in
2780 3209 2881 3263 quo
2925 3196 3088 3249 simul
3142 3197 3306 3251 etiam
3341 3214 3460 3251 cum
3503 3198 3601 3251 illo

320 3290 418 3344 καί
451 3289 868 3358 συνηγέρθητε
907 3288 1014 3344 διὰ
1044 3287 1156 3357 τῆς
1178 3289 1440 3353 πίστεως
1468 3285 1577 3355 τῆς
1599 3286 1905 3355 ἐνεργείας

2016 3283 2378 3337 γεειιννεωὶειὶδ
2410 3300 2501 3354 ρει·
2530 3284 2691 3355 ﬁdem
2712 3302 2808 3353 ape
2822 3288 3053 3342 rationis
3091 3288 3205 3355 Dei,
3238 3291 3327 3360 qui
3355 3291 3615 3346 excitarit

320 3384 427 3437 τοῦ
462 3382 632 3447 Θεοῦ,
666 3382 773 3436 τοῦ
813 3382 1155 3451 ἐγείραντος
1183 3380 1374 3435 αὐτὸν
1404 3380 1473 3433 ἐκ
1493 3379 1614 3433 τῶν
1649 3377 1902 3445 νεκρῶν.

2016 3373 2162 3426 illum
2188 3388 2253 3427 ex
2287 3376 2531 3430 mortuis.
2581 3375 2650 3428 Et
2692 3393 2805 3441 vos,
2855 3393 2975 3430 cum
3036 3381 3221 3434 essetis
3264 3382 3463 3435 mortui
3509 3397 3603 3451 per

320 3475 432 3528 Kal
461 3474 622 3544 ὑμᾶς
659 3473 911 3542 νεκροὺς
951 3472 1136 3539 ὄντας
1160 3471 1287 3538 τοῖς
1338 3470 1774 3540 παραπτώμασι
1803 3468 1904 3524 καὶ

324 3569 399 3638 τῇ
416 3571 785 3639 ἀκροϐυστίᾳ
799 3569 909 3640 τῆς
924 3570 1156 3638 σαρκὸς
1179 3567 1368 3639 ὑμῶν,
1381 3565 1905 3635 συνεζωοποίησεν

321 3663 478 3733 ὑμᾶς
502 3665 624 3718 σὺν
645 3663 827 3730 αὐτῷ,
859 3661 1261 3733 χαρισάμενος
1287 3662 1435 3732 ἡμῖν
1457 3660 1655 3715 πάντα
1691 3658 1765 3712 τὰ
1792 3673 1905 3711 πα-

315 3756 697 3825 ραπτώματα,
728 3756 1058 3824 ἐξαλείψας
1078 3757 1142 3809 τὸ
1169 3756 1297 3810 καθ’
1318 3753 1487 3824 ἡμῶν
1506 3752 1904 3823 χειρόγραφον

323 3848 445 3915 τοῖς
482 3848 801 3918 δόγμασιν,
836 3847 868 3902 ὃ
894 3844 975 3918 ἦν
1005 3850 1374 3903 ὑπεναντίον
1421 3846 1589 3917 ἡμῖν.
1614 3845 1722 3902 Kal
1752 3847 1903 3901 αὐτὸ

322 3935 511 4011 ᾔρκεν
562 3943 631 3996 ἐκ
689 3942 797 3996 τοῦ
850 3941 1050 4011 μέσου
1076 3979 1092 4007 ,
1156 3940 1565 4009 προσηλώσας
1615 3941 1765 3996 αὐτὸ
1822 3941 1904 4009 τῷ

2005 3464 2200 3520 delicta
2218 3465 2285 3534 ζει
2339 3483 2432 3537 per
2463 3468 2777 3536 pra'putium
2815 3472 2993 3525 carnis
3044 3482 3252 3538 uestrae,
3287 3472 3448 3527 simul
3479 3490 3602 3527 cum

2009 3558 2103 3613 illo
2136 3561 2446 3630 uiviﬁcavit,
2472 3562 2782 3616 condonans
2811 3563 2958 3617 nobis
2988 3564 3167 3617 omnia
3195 3563 3600 3629 delicta,deleto

2005 3672 2145 3743 quod
2194 3673 2447 3728 adversus
2484 3688 2578 3727 nos
2612 3683 2729 3727 erat
2764 3673 3115 3746 chirographo
3138 3674 3425 3742 doqmatis,
3454 3678 3599 3746 quod

2001 3771 2118 3818 erat
2161 3764 2488 3817 contrarium
2524 3764 2672 3817 nobis
2696 3773 2766 3830 ,et
2795 3764 2930 3818 illud
2962 3766 3185 3819 sustulit
3231 3782 3259 3819 e
3289 3765 3461 3820 medio
3482 3768 3599 3835 alii-

2011 3868 2142 3907 xum
2177 3853 2346 3918 cruci,
2411 3855 2687 3923 erutisque
2723 3855 3113 3924 principatibus
3157 3873 3220 3909 ac
3249 3859 3599 3926 potestatibus

2012 3946 2253 4001 traduxit
2275 3945 2458 4013 palam
2479 3946 2814 4016 triumphans
2843 3946 2907 4002 tle
2932 3947 3042 4001 illis
3072 3964 3165 4017 per
3196 3950 3391 4018 ipsam.

320 4031 581 4103 σταυρῷ.
634 4032 1157 4101 Ἀπεκδυσὰμενος
1212 4033 1321 4100 τὰς
1378 4032 1572 4103 ἀρχὰς
1631 4035 1731 4091 καί
1789 4039 1898 4106 τὰς
1934 4038 2247 4107 ἐξουσίας,
2284 4039 2702 4110 ἐδειγμάτισεν
2761 4040 2835 4095 ἐν
2884 4041 3209 4110 παρρησίᾳ,
3288 4043 3598 4112 θριαμϐεὐο

321 4142 441 4193 σας
466 4126 690 4193 αὐτοὺς
718 4128 789 4181 ἐν
825 4125 1008 4192 αὐτῷ.

396 4240 418 4275 t
477 4221 567 4275 ‘Ev
630 4214 674 4289 ᾧ
712 4221 808 4275 καὶ
872 4219 1283 4291 περιετμήθητε
1350 4224 1624 4293 περιτομῇ
1688 4223 1910 4295 ἀχειρο-

322 4315 596 4383 ποιήτῳ.»
641 4313 716 4367 Οὐ
768 4310 878 4382 γὰρ
939 4311 1063 4382 χεὶρ
1106 4310 1426 4382 ἀνθρώπου,
1486 4313 1628 4367 ἀλλὰ
1675 4314 1903 4387 Πνεῦμα

322 4406 478 4474 ἆγιον
534 4405 679 4475 ὑμᾶς
736 4403 1053 4475 περιέτεμε,
1107 4405 1293 4476 φησιν,
1344 4405 1412 4458 ὲκ
1459 4405 1572 4459 τῶν
1621 4406 1911 4479 ἁμαρτιῶν

322 4496 498 4567 ὑμῶν.
547 4516 565 4548 ι
600 4496 689 4550 Ἐν
722 4497 789 4566 τῇ
819 4494 1138 4550 ἀπεκδύσει.
1173 4513 1192 4546 ι
1256 4494 1367 4548 Ποῦ
1425 4495 1484 4549 δὲ
1540 4496 1907 4566 ὲξεδύσασθε;

333 4589 423 4643 Ἐν
464 4587 544 4660 τῷ
601 4588 940 4659 βαπτίσματι
990 4586 1264 4657 δηλονότι.
1302 4606 1320 4638 ι
1350 4586 1457 4640 Τοῦ
1491 4588 1745 4658 σώματος
1799 4590 1908 4643 τῶν

319 4681 626 4753 ἁμαρτιῶν.
653 4699 673 4732 s
717 4679 979 4749 ’Δλλαχοῦ
1016 4696 1174 4750 φησι,
1201 4679 1308 4732 Τοῦ
1340 4679 1572 4735 παλαιοῦ
1598 4681 1911 4753 ἀνθρώπου,

2089 4223 2246 4295 132
2286 4241 2307 4276 ι
2374 4221 2822 4280 Circumcisione
2856 4239 2966 4279 non
3014 4226 3357 4283 manul'acta.
3399 4247 3418 4280 ι
3475 4227 3596 4286 Non

2013 4317 2159 4372 enim
2188 4317 2431 4372 humana
2463 4332 2681 4384 manus,
2715 4317 2914 4387 inquit,
2953 4319 3048 4373 sed
3080 4318 3324 4390 Spiritus
3365 4330 3598 4378 sanctus

2015 4422 2113 4464 vos
2167 4408 2516 4465 circumcidit
2572 4425 2602 4464 a
2633 4410 2878 4479 peccatis
2909 4409 3132 4466 vestris.
3204 4429 3225 4464 ι
3271 4410 3408 4467 Dum
3439 4412 3599 4468 exui-

2011 4500 2134 4556 stis.
2171 4518 2191 4553 ι
2226 4498 2330 4556 Ubi
2351 4510 2533 4556 autem
2563 4502 2833 4558 exuistis?
2861 4501 2919 4557 In
2956 4502 3290 4573 baptismate
3315 4506 3596 4562 videlicet.

2023 4611 2042 4644 ι
2086 4591 2304 4663 Corpus
2334 4602 2712 4662 peccatorum.
2752 4613 2772 4647 ι
2804 4594 2950 4650 Alibi
2987 4595 3085 4660 ait,
3117 4593 3373 4652 Veterem
3425 4599 3603 4655 homi—

2020 4700 2167 4751 nem,
2223 4685 2330 4740 hoc
2378 4693 2485 4749 est,
2550 4686 2715 4740 vitam
2766 4702 2888 4756 quae
2944 4686 3117 4741 est~in
3174 4690 3437 4757 peccatis.
3479 4708 3499 4741 ι
3539 4691 3596 4746 ιη
3634 4690 3647 4701 ⁸

319 4774 589 4838 τουτέστι,
646 4772 743 4825 τοῦ
775 4773 832 4825 ὲν
868 4773 1169 4842 ἁμαρτίαις
1196 4772 1337 4842 βίου.
1378 4791 1395 4825 ι
1434 4772 1525 4826 Ἐν
1541 4776 1607 4845 τῇ
1631 4778 1907 4848 περιτομῇ

2016 4774 2442 4830 circumcisione
2488 4773 2718 4830 Christi.
2761 4794 2781 4827 ι
2821 4774 2957 4829 Cum
2984 4776 3130 4843 enim
3161 4778 3388 4834 Christo
3417 4781 3600 4835 credi-

320 4867 413 4921 τοῦ
441 4865 704 4935 Χριστοῦ.
727 4885 745 4918 r
786 4864 1009 4935 Χριστῷ
1032 4865 1138 4936 γὰρ
1169 4865 1586 4932 πιστεύσαντες,
1614 4868 1715 4940 τὴν
1749 4871 1907 4939 ἀχει-

2016 4865 2199 4930 distis,
2237 4867 2559 4921 circumcisi
2615 4867 2755 4922 estis
2794 4868 3218 4924 circumcisione
3254 4886 3361 4926 non
3402 4887 3597 4927 mauu-

323 4958 612 5027 ροποίητον
672 4955 1082 5026 περιετμήθητε
1130 4956 1458 5027 περιτομήν.
1500 4956 1642 5027 Ὅρα
1671 4956 1748 5021 δὲ,
1778 4959 1909 5013 ποτὲ

2016 4957 2179 5014 facta.
2231 4959 2622 5016 Animadverte
2688 4970 2872 5016 autem
2938 4963 3086 5031 quod
3149 4978 3301 5035 nunc
3369 4966 3593 5035 quidem

321 5048 662 5117 Πνεῦματος,
719 5046 851 5099 ποτὲ
889 5046 947 5099 δὲ
976 5045 1217 5115 Χριστοῦ
1272 5046 1377 5118 τὴν
1405 5048 1715 5118 περιτομὴν
1733 5047 1904 5117 λέγει.

2016 5048 2279 5121 Spiritus,
2324 5067 2476 5107 nunc
2503 5067 2638 5107 vero
2669 5052 2876 5108 Christi
2907 5041 3042 5109 dicit
3089 5030 3592 5113 circumcisionem.

325 5139 422 5191 Ἐν
452 5138 560 5208 γὰρ
612 5136 778 5207 ἔργον
817 5135 913 5190 καὶ
966 5135 1098 5205 μίαν
1146 5135 1434 5209 ἐνέργειαν
1466 5137 1565 5206 τῆς
1593 5136 1764 5206 ἁγίας
1794 5133 1903 5192 οἶδε

2016 5139 2132 5195 Scit
2186 5145 2333 5196 enim
2401 5157 2570 5195 unum
2607 5156 2731 5197 esse
2789 5157 2929 5212 opus
2978 5151 3033 5196 et
3082 5159 3247 5198 unam
3291 5145 3595 5216 eﬂicaciam

320 5229 571 5297 Τριάὀος.
612 5245 632 5279 t
656 5228 1026 5297 Συνταφέντες
1054 5226 1226 5298 αὐτῷ.
1254 5245 1273 5279 ι
1310 5227 1421 5297 Τῆς
1448 5228 1557 5299 γὰρ
1582 5229 1678 5282 τοῦ
1697 5229 1902 5299 Κυρίου

2016 5240 2213 5286 sancta:
2246 5230 2559 5286 Trinitatis.
2600 5249 2620 5283 ι
2668 5232 2988 5302 Consepulti
3019 5233 3188 5288 simul
3248 5249 3373 5290 cum
3407 5236 3520 5291 illo.
3570 5256 3590 5290 ι

315 5321 492 5390 ταφῆς
516 5319 616 5391 τὴν
643 5319 829 5373 εἰκόνα
883 5318 1311 5390 ἀναπληροῦμεν
1339 5322 1398 5374 ἐν
1430 5320 1507 5392 τῷ
1538 5320 1900 5394 βαπτίσματι.

2016 5321 2456 5377 Simulitudinem
2489 5322 2635 5378 enim
2684 5322 2952 5378 Dominici
2985 5325 3261 5394 sepulchri
3309 5326 3594 5397 explemus

319 5414 691 5483 Συνταφέντες
711 5410 827 5480 οὖν,
864 5412 958 5467 καὶ
992 5413 1389 5485 συνηγέρθητε,
1412 5401 1599 5485 φησίν.
1633 5434 1652 5467 ι
1678 5417 1764 5470 Ἐν
1794 5411 1894 5487 ᾧ.»

2016 5429 2103 5484 per
2163 5413 2499 5484 baptismum
2537 5411 2660 5469 Una
2721 5414 2888 5484 igitur
2944 5415 3167 5484 sepulti,
3231 5416 3397 5472 simul
3429 5418 3591 5473 etiam

317 5507 396 5561 At‘
430 5502 512 5571 οὗ,
571 5508 729 5578 φησὶ,
791 5507 889 5561 καὶ
952 5506 1320 5578 ἀνηγέρθητε,
1371 5508 1469 5562 καὶ
1493 5509 1892 5582 συνηγέρθητε.

2016 5505 2349 5570 surrexistis,
2372 5506 2572 5576 inquit.
2600 5524 2620 5558 t
2651 5505 2712 5561 In
2739 5521 2869 5577 quo.
2901 5524 2919 5557 ι
2951 5500 3056 5562 Per
3077 5523 3261 5578 quem,
3301 5510 3398 5575 ait,
3425 5509 3592 5566 etiam

317 5600 715 5664 Πιστεύσαντες
753 5600 862 5670 γὰρ
916 5600 999 5652 ὅτι
1049 5599 1269 5668 ἐνεργεῖ
1320 5599 1417 5652 καὶ
1471 5598 1646 5670 ίσχύει
1687 5603 1715 5654 ὁ
1763 5600 1899 5665 Θεὸς

2016 5599 2400 5655 resurrexistis
2457 5607 2514 5655 et
2571 5599 2740 5655 simul
2797 5599 3020 5655 excitati
3076 5600 3232 5657 estis.
3301 5599 3592 5657 Credendo

317 5694 555 5762 ἐγείρειν
582 5693 649 5746 ἐκ
677 5691 910 5761 νεκρῶν,
941 5690 1231 5762 ὲγὲρθητε,
1258 5692 1416 5763 φησι,
1452 5691 1549 5746 καὶ
1574 5691 1755 5764 ὑμεῖς.
1788 5692 1902 5748 Kal.

2016 5692 2158 5750 enim
2214 5691 2361 5766 quod
2419 5698 2685 5765 operetur
2729 5699 2786 5749 et
2818 5689 2997 5763 possit
3036 5690 3185 5749 Deus
3223 5690 3469 5753 excitare
3519 5708 3591 5753 ει

424 5879 469 5912 ⁸⁸
506 5876 679 5934 Levit.
714 5893 863 5946 uri,
895 5876 981 5934 12.
1064 5879 1104 5911 ³³
1146 5876 1305 5937 Joan.
1337 5895 1376 5949 ι,
1403 5880 1460 5937 5.
1513 5878 1758 5957 "(PsaL
1819 5894 1914 5951 cn,
1946 5880 2001 5938 4.
