4036 6602
484 370 559 435 3‘5
1572 367 1979 432 (ECUMENII
2015 364 2309 427 TRICC/E
2343 366 2686 431 EPISCOPI
3675 368 3781 435 36·-

479 484 739 548 mortuis,
793 484 1044 554 excitati,
1108 485 1313 557 inquit,
1367 484 1505 539 estis
1536 492 1589 538 et
1647 498 1768 539 vos.
1808 480 2047 536 Potentia

2166 480 2274 551 γὰρ
2308 484 2663 555 ὲγηγέρμεθα
2687 487 2751 556 τῇ
2781 485 3032 556 δυνάμει,
3056 486 3106 541 εί
3135 487 3229 542 καὶ
3259 487 3333 559 μὴ
3366 489 3432 558 τῇ
3463 487 3739 557 ἐνεργείᾳ.

478 590 719 646 namque
743 577 970 632 excitati
1001 593 1215 643 sumus,
1249 589 1562 648 quanquam
1595 574 1839 631 nondum
1862 572 2056 629 effectu

476 677 529 721 et
558 668 899 736 operatione.
935 667 1057 723 Jam
1105 678 1291 724 autem
1333 667 1577 723 rationes
1605 682 1727 739 qua:
1766 666 1835 721 de
1872 682 2061 720 resur-

482 760 731 817 rectione
786 769 947 815 erant
1006 760 1287 817 dissolvit.
1333 780 1351 813 ι
1420 759 1613 815 Εινοε
1664 774 1789 813 cum
1840 759 2055 825 essetis,

477 857 585 906 etc.
627 869 646 904 ι
680 850 1045 908 Circumcisio
1067 854 1212 924 quod
1241 852 1581 923 superﬂuum
1624 860 1708 907 est
1735 851 1900 916 tollit,
1936 860 2059 904 tan-

473 956 639 1011 quam
676 948 1001 1016 przeputium
1044 946 1387 1021 superﬂuum
1418 945 1604 1001 fuerit.
1664 945 1847 999 Eratis
1894 943 2062 1014 igitur

473 1046 528 1091 et
552 1051 674 1102 vos,
715 1038 914 1108 inquit,
946 1037 1231 1108 superﬂui,
1264 1052 1387 1092 cum
1422 1051 1485 1092 ea
1514 1036 1771 1093 faceretis
1802 1051 1926 1107 qua:
1951 1050 2059 1091 non

476 1128 756 1185 decerent.
789 1129 1070 1201 Quidquid
1093 1138 1180 1184 est
1214 1146 1346 1198 ergo
1378 1141 1576 1201 pra-ter
1606 1130 1830 1195 decens,
1862 1145 2059 1200 super-

471 1216 645 1274 ﬂuum
676 1229 783 1276 est.
816 1222 952 1276 Cum
982 1222 1169 1291 itaque
1202 1223 1407 1277 mortui
1440 1223 1640 1279 essetis
1671 1230 1894 1293 propter
1924 1221 2059 1276 inel-

472 1310 720 1364 ticaciam
772 1312 844 1366 ab
875 1312 1100 1376 bonum,
1137 1320 1194 1367 et
1237 1320 1464 1383 propter
1502 1313 1793 1384 praeputia,
1823 1313 2060 1368 circum—

469 1402 568 1456 cisi
596 1403 763 1458 'estis
814 1404 1204 1472 spiritualiter,
1243 1412 1300 1458 et
1331 1404 1629 1459 viviticavit
1672 1419 1793 1460 vos.
1830 1422 1849 1455 ι
1881 1403 2057 1459 Simul

468 1508 592 1547 cum
624 1494 716 1548 illo
748 1494 1069 1550 viviﬁcavit.
1104 1514 1122 1547 ι
1154 1494 1438 1550 Christum
1468 1495 1688 1565 quidem
1715 1511 1780 1552 ex
1806 1492 2057 1550 sensibili

469 1593 684 1651 morte,
770 1601 868 1641 vos
940 1598 1127 1642 autem
1182 1602 1249 1641 ex
1318 1586 1570 1643 sensibili
1635 1588 1798 1643 simul
1880 1600 1934 1644 et
1991 1605 2057 1645 ex

467 1678 795 1747 intelligibili
869 1692 1049 1736 morte
1127 1692 1503 1752 peccatorum.
1561 1679 1640 1735 Ne
1691 1696 1823 1736 vero
1884 1680 2060 1735 admi-

466 1774 607 1826 reris
664 1772 709 1827 si
770 1772 986 1828 Patrem
1039 1772 1174 1828 dicit
1221 1772 1528 1828 viviﬁcasse
1577 1771 1877 1827 Christum.
1935 1773 2057 1828 Ete-

468 1862 581 1916 nim
665 1864 794 1918 alibi
872 1879 1094 1935 quoque
1168 1864 1378 1920 dictum
1441 1874 1526 1921 est
1596 1864 1744 1935 quod
1811 1866 2051 1935 seipsum

469 1956 823 2011 sust-itaverit
852 1958 919 2013 ⁸³.
957 1958 1244 2029 Siquidem
1278 1957 1598 2012 communia
1631 1969 1761 2013 sunt
1793 1957 1972 2014 Patris
1999 1966 2054 2013 et

465 2045 591 2101 Filii
625 2063 689 2102 ac
729 2048 972 2119 Spiritus
1003 2063 1192 2119 opera.
1236 2066 1256 2101 ‹
1305 2049 1647 2105 Condonans
1679 2050 1840 2106 nobis
1867 2052 2053 2105 omnia

465 2138 689 2194 delicta.
741 2159 761 2193 ι
795 2141 927 2206 Quae
956 2141 1383 2197 intellectualem
1440 2140 1715 2197 faciebant
1749 2143 2054 2197 mortiﬁca-

466 2229 694 2285 tionem.
744 2250 763 2283 ‹
803 2230 990 2287 Dtrleto
1042 2233 1188 2302 quod
1238 2232 1505 2287 adversus
1576 2246 1676 2287 nos
1709 2241 1830 2288 erat
1869 2233 2054 2287 chiro-

465 2321 701 2389 grapho.
746 2340 766 2373 ι
801 2320 1012 2377 Delevit
1044 2321 1287 2392 quidem,
1348 2321 1454 2376 hoc
1488 2328 1591 2387 est,
1625 2322 1844 2391 penitus
1871 2337 1902 2377 e
1935 2337 2051 2377 me—

462 2410 555 2464 dto
585 2412 730 2469 tulit.
764 2412 1208 2484 Chirograpbum
1238 2428 1370 2468 vero
1404 2412 1542 2467 dicit
1576 2422 1671 2466 aut
1700 2414 1852 2467 illam
1883 2414 2050 2469 veluti

465 2502 689 2570 propria
717 2517 881 2556 manu
909 2512 962 2556 et
1002 2504 1225 2573 prapria
1248 2519 1382 2558 voce
1405 2502 1603 2558 factam
1635 2503 2048 2561 confessionem

464 2603 575 2657 qua
625 2590 888 2645 dixerunt
936 2591 1004 2645 ad
1038 2591 1230 2646 Mosen
1267 2609 1281 2645 :
1313 2610 1332 2643 ι
1362 2588 1560 2646 Omnia
1600 2608 1943 2665 quaecunque
1970 2596 2053 2650 di-

463 2682 545 2735 xit
587 2681 729 2737 Deus
758 2682 1057 2750 faciemus,
1091 2692 1146 2738 et
1197 2685 1522 2741 obedientes
1545 2686 1753 2741 erimus
1779 2686 1857 2753 u;
1890 2705 1910 2739 ι
1955 2695 2051 2742 aut

468 2788 591 2828 eam
619 2789 741 2843 qua:
767 2772 877 2830 Deo
900 2774 1132 2830 debetur
1157 2775 1523 2830 obedientiam
1554 2793 1570 2830 :
1603 2783 1698 2829 aut
1719 2786 2050 2847 praeceptum

462 2864 597 2919 illud
636 2868 893 2936 praecepit
947 2866 1095 2922 Deus
1137 2868 1238 2937 ipsi
1273 2868 1442 2922 Adam
1484 2885 1548 2921 τι
1583 2867 1939 2938 Quacumque
1964 2868 2053 2925 die.

461 2960 767 3015 comederis
793 2962 859 3016 de
898 2962 1069 3032 ligno,
1095 2962 1350 3017 morieris
1382 2961 1448 3015 “.
1481 2980 1500 3012 ι

537 3075 693 3147 133
733 3076 808 3130 Ex
832 3078 1211 3132 incarnatione
1255 3078 1422 3148 igitur
1448 3077 1685 3133 solutum
1719 3078 1823 3134 hoc
1865 3080 2049 3136 chiro-

2166 573 2306 645 Ἤδη
2335 574 2392 629 δὲ
2411 577 2539 640 τοὺς
2589 580 2720 648 περὶ
2762 578 3117 644 ἀναστάσεως
3154 581 3488 635 καταϐάλλει
3522 580 3738 649 λόγους.

2168 669 2317 722 «Καὶ
2350 669 2496 740 ὑμᾶς
2541 671 2771 742 νεκροὺς
2800 672 2984 737 ὄντας,
3011 693 3030 726 ι
3068 674 3161 728 καὶ
3190 676 3258 728 τὰ
3292 674 3443 743 ἑξῆς.
3491 675 3555 729 Ἦ
3587 691 3744 747 περι-

2157 760 2302 831 τομὴ
2332 761 2393 814 τὸ
2419 764 2675 830 περιττὸν
2723 765 3032 833 περιαιρετ,
3066 766 3142 828 ὡς
3168 767 3268 835 τῆς
3297 765 3661 837 ἀκροϐυστίας
3684 766 3743 820 τὸ

2161 852 2415 923 περιττὸν
2466 852 2721 926 ἐχούσης.
2774 856 3030 925 Περιττοὶ
3085 851 3201 921 οὖν,
3260 858 3450 929 φησὶν,
3505 852 3606 928 ἦτε
3646 859 3743 912 καὶ

2159 945 2339 1016 ὑμεῖς,
2364 944 2434 1000 τὰ
2480 947 2555 1018 μὴ
2613 948 2927 1019 καθήκοντα
2989 949 3294 1014 ποιοῦντες.
3345 951 3462 1004 Πᾶν
3525 951 3633 1022 γὰρ
3678 950 3740 1003 τὸ

2159 1036 2266 1106 ἔξω
2302 1038 2397 1093 τοῦ
2438 1041 2744 1113 πρέποντος
2776 1080 2791 1108 ,
2858 1042 3115 1114 περιττόν
3165 1044 3337 1097 ἐστιν.
3391 1044 3594 1105 ὐντας
3645 1038 3742 1095 οὖν

2160 1132 2391 1202 νεκροὺς
2433 1134 2558 1198 ταῖς
2617 1134 2929 1207 ἁμαρτίαις
2977 1135 3066 1189 διὰ
3121 1134 3220 1206 τὴν
3272 1135 3409 1205 πρὸς
3457 1135 3518 1189 τὸ
3576 1134 3743 1189 καλὸν

2160 1223 2554 1296 ἀνενεργησίαν
2604 1228 2700 1280 καλ⁵
2762 1227 3160 1301 ἁκροϐύστους,
3188 1229 3484 1299 περιέτεμέ
3519 1246 3577 1282 τε
3608 1246 3739 1300 νοη-

2160 1317 2290 1384 τῶς,
2346 1319 2442 1372 καὶ
2497 1319 2887 1391 ὲζωοποίησεν.
2924 1339 2943 1372 ι
2970 1321 3445 1393 Συνεζωοποίησεν
3467 1322 3615 1392 ὑμᾶς
3641 1322 3739 1375 σὺν

2159 1410 2328 1482 αὐτῷ.
2357 1432 2376 1464 ι
2405 1412 2510 1466 Τὸν
2543 1413 2642 1484 μὲν
2690 1415 2947 1486 Χριστὸν,
2976 1415 3041 1469 ἐκ
3066 1414 3158 1469 τοῦ
3189 1415 3449 1486 αἰσθητοῦ
3484 1414 3737 1475 θανάτου,

2160 1502 2306 1572 ὑμᾶς
2349 1503 2407 1558 δὲ
2433 1506 2498 1558 ὲκ
2529 1506 2624 1560 τοῦ
2655 1506 2918 1577 αἰσθητοῦ
2962 1508 3058 1563 καὶ
3098 1507 3192 1561 τοῦ
3244 1509 3439 1576 νοητοῦ
3490 1507 3587 1562 τοῦ
3622 1507 3733 1562 τῶν

2160 1596 2463 1669 ἁμαρτιῶν.
2534 1598 2626 1669 Μὴ
2685 1598 2935 1669 θαύμαζε
2983 1599 3062 1663 δὲ,
3094 1602 3141 1654 εἰ
3168 1601 3259 1655 τὸν
3314 1601 3534 1673 Πατέρα
3588 1601 3737 1671 λέγει

2158 1686 2585 1759 ἐζωοποιηκέναι
2636 1691 2730 1744 τὸν
2774 1691 3031 1761 Χριστόν.
3084 1692 3194 1746 Καὶ
3228 1692 3338 1763 γὰρ
3372 1693 3465 1746 καὶ
3488 1693 3728 1763 ἀλλαχοῦ

2159 1782 2397 1852 εἴρηται,
2431 1784 2513 1836 ὅτι
2545 1784 2736 1838 ἑαυτὸν
2770 1784 2981 1854 ἧγειρε.
3038 1784 3209 1838 Κοινὰ
3238 1785 3346 1855 γὰρ
3392 1785 3607 1855 Πατρδς
3639 1785 3739 1841 καὶ

2158 1872 2290 1927 Υξοῦ
2347 1873 2444 1927 καὶ
2500 1873 2818 1945 ῐῐνεύματος
2857 1877 2927 1929 τὰ
2959 1876 3242 1946 γινόμενα.
3309 1877 3737 1947 (Χαρισάμενος

2154 1966 2288 2035 ἡμῖν
2344 1964 2524 2017 πάντα
2554 1966 2621 2019 τὰ
2689 1966 3138 2037 παραπτώματα.
3174 1986 3192 2020 ι
3255 1968 3336 2021 Τὰ
3386 1968 3487 2039 τὴν
3535 1973 3735 2040 νοητὴν

2159 2056 2420 2112 ποιοῦντα
2471 2058 2795 2131 νεκρότητα.
2849 2077 2868 2111 ι
2910 2060 3230 2131 Ἐξαλείψας
3280 2061 3343 2115 τὸ
3390 2063 3510 2116 καθ’
3576 2064 3735 2133 ἡμῶν

2153 2150 2540 2222 χειρόγραφον.
2567 2169 2587 2203 ι
2645 2149 2965 2221 Ἔξαλείψας
3007 2154 3106 2223 μὲν
3145 2155 3312 2207 οἱονεὶ
3338 2154 3561 2219 τελείως
3595 2157 3735 2222 ἁφα-

2153 2244 2328 2308 νίσας.
2358 2243 2742 2315 Χειρόγραφον
2757 2245 2815 2298 δὲ
2837 2246 3006 2314 λέγει,
3045 2246 3078 2318 ἦ
3104 2247 3321 2319 ἐκείνην
3342 2247 3490 2316 λέγει
3512 2248 3608 2319 τὴν
3623 2246 3734 2303 οἷον

2157 2333 2494 2405 ίδιόχειρονῆ
2531 2334 2814 2402 ίδιόφωνον
2867 2336 3180 2405 ὁμολογίαν,
3232 2338 3298 2406 ἣν
3344 2336 3532 2406 ἔλεγον
3592 2338 3731 2408 πρὸς

2153 2426 2419 2494 Μωῦσῆν,
2447 2427 2589 2480 an“.
2624 2426 2809 2482 Πάντα
2863 2428 2963 2483 ὅσα
2984 2426 3137 2483 εἶπεν
3159 2430 3187 2481 ὀ
3216 2428 3369 2493 Θεὸς,
3433 2432 3731 2500 ποιήσομεν

2155 2520 2252 2573 καὶ
2293 2519 2661 2589 ἀκουσόμεθα,
2691 2539 2712 2573 ι
2754 2520 2788 2590 ἢ
2843 2520 2942 2591 τὴν
2986 2521 3346 2593 ὀφειλομένην
3366 2521 3446 2591 τῷ
3472 2521 3593 2592 Θεῷ
3623 2524 3730 2577 ὑπ-

2154 2613 2342 2684 ακοὴν,
2374 2614 2407 2684 ἣ
2441 2613 2657 2683 ἐκείνην
2687 2613 2786 2684 τὴν
2816 2614 3058 2685 ἐντολὴν,
3095 2617 3161 2685 ἥν
3194 2615 3500 2669 ἐνετείλατο
3531 2617 3560 2670 ό
3593 2615 3725 2680 Θεὸς

2152 2705 2233 2777 τῷ
2265 2706 2459 2776 ’Δδὰμ,
2499 2723 2519 2759 ι
2557 2700 2633 2779 ’ῌ
2652 2706 2699 2760 δ’
2721 2705 2789 2761 ἂν
2817 2706 3001 2780 ἡμέρᾳ
3046 2707 3225 2780 φάγῃς
3280 2706 3392 2765 ἀπὸ
3417 2706 3513 2763 τοῦ
3546 2706 3728 2775 ξύλου,

2154 2797 2456 2870 ἀποθάνῃς.
2482 2817 2503 2851 ι

2235 3068 2332 3122 Ἐκ
2394 3067 2496 3139 τῆς
2543 3068 3015 3141 ὲνανθρωπήσεως
3067 3063 3161 3123 οὖν
3215 3068 3436 3123 λέλυται
3481 3068 3642 3124 τοῦτο
3668 3070 3728 3124 τὸ

467 3169 728 3237 rapbum.
759 3167 1026 3223 Dominus
1059 3170 1204 3225 enim
1234 3171 1507 3239 susceptis
1526 3172 1734 3226 nostris
1760 3171 2045 3229 delictiset

2149 3162 2536 3234 χειρόγραφον.
2572 3162 2685 3226 Τὰς
2732 3162 2843 3234 γὰρ
2875 3154 3151 3233 ἁμαρτίας
3185 3163 3344 3234 ἡμῶν
3375 3162 3667 3218 ἀναλαϐὼν
3695 3165 3723 3216 ὁ

462 3270 724 3331 tanquam
769 3262 1005 3332 propriis
1051 3262 1157 3317 sibi
1201 3259 1386 3327 factis,
1446 3278 1640 3333 poenas
1670 3279 1890 3335 quoque
1946 3280 2047 3335 pro

460 3352 543 3405 eis
565 3349 716 3404 dedit
747 3365 870 3419 qua}
912 3349 1076 3404 nobis
1106 3347 1477 3417 debebantur,
1523 3352 1736 3408 relictis
1783 3353 1945 3408 nobis
1978 3353 2048 3406 li-

461 3440 632 3503 beris,
695 3456 821 3494 cum
876 3440 1079 3495 hostile
1136 3440 1296 3494 nobis
1318 3449 1469 3496 esset
1511 3451 1565 3497 et
1617 3442 1909 3499 adversum
1945 3458 2047 3500 nos

460 3534 626 3588 debiti
687 3534 1143 3604 chirographum.
1213 3532 1427 3589 Etenim
1503 3549 1629 3588 cum
1712 3535 2045 3605 transgressi

458 3627 766 3682 fuissemus
794 3626 940 3696 quod
973 3626 1216 3681 confessi
1263 3641 1505 3690 eramus.
1543 3625 1765 3681 obnoxii
1822 3642 2045 3683 eramus

458 3717 853 3788 chirographo.
897 3735 917 3768 ι
958 3718 1257 3787 Dogmatis.
1292 3736 1311 3770 ι
1351 3716 1465 3773 Hoc
1497 3717 1730 3783 cst,lide
1757 3718 1811 3772 in
1840 3719 2041 3790 ipsum.

460 3806 608 3863 Satis
646 3810 790 3862 enim
816 3817 921 3873 est,
952 3808 1159 3876 inquit,
1204 3808 1386 3863 solum
1423 3812 1675 3864 credere.
1710 3809 1777 3863 Et
1840 3811 2046 3880 baptis-

458 3911 607 3955 mate
648 3902 859 3955 deletur
882 3901 1331 3970 chirographum.
1372 3899 1720 3971 (Dogmatis.
1768 3919 1787 3953 ι
1822 3902 1880 3957 Id
1932 3911 2038 3969 est,

458 4010 557 4065 per
583 3996 845 4065 dogmata
876 3996 1122 4065 pietatis.
1174 4015 1191 4047 ι
1230 3996 1388 4063 Quod
1416 4007 1536 4051 erat
1565 3999 1916 4053 contrarium
1952 4014 2044 4054 no.

458 4087 563 4141 bis.
608 4106 628 4139 ι
669 4086 864 4141 Sermo
916 4087 1003 4140 hic
1059 4087 1428 4142 intensioncm
1461 4103 1525 4142 ac
1562 4091 2039 4147 conﬁrmationem

457 4177 634 4231 veniae
675 4177 945 4234 continet.
996 4178 1361 4242 Condonavit,
1412 4180 1613 4250 inquit,
1640 4189 1697 4235 at
1747 4193 1926 4240 metus
1957 4191 2042 4239 est

453 4284 523 4324 ne
553 4270 897 4339 paenitudine
928 4271 1126 4325 ductus
1160 4279 1372 4340 repetat
1407 4288 1421 4325 :
1454 4272 1550 4326 sed
1601 4272 1766 4327 etiam
1817 4274 2038 4329 delevit.

456 4360 625 4427 Atqui
693 4362 800 4415 hoc
830 4360 1035 4430 ipsum,
1066 4362 1265 4429 inquit,
1294 4363 1437 4430 quod
1459 4364 1688 4417 omnino
1708 4362 1839 4417 alibi
1872 4365 2036 4418 situm

455 4457 550 4519 sit,
599 4468 911 4524 quanquam
964 4451 1228 4518 deletum,
1299 4455 1550 4509 timorem
1606 4455 1768 4510 nobis
1820 4455 2035 4511 incutit.

2150 3253 2357 3325 Κύριος
2383 3254 3058 3325 καὶοίκειοποιησάμενος,
3089 3254 3189 3325 τὴν
3207 3257 3338 3325 ἡμῖν
3367 3255 3728 3326 ὀφειλομένην

2147 3344 2307 3416 δίκην
2360 3344 2525 3409 αὐτὸς
2567 3344 2767 3398 ἔδωκεν
2801 3346 2941 3415 ὑπὲρ
2992 3347 3191 3411 αὐτῶν,
3231 3347 3379 3418 ἡμᾶς
3408 3347 3728 3418 ἐλευθέρους

2146 3439 2330 3506 ἀψεὶς,
2381 3437 2477 3491 τοῦ
2537 3438 2864 3491 ὑπεναντίον
2927 3439 3061 3509 ἡμῖν
3093 3438 3189 3491 καὶ
3224 3438 3346 3492 καθ’
3375 3440 3535 3509 ἡμῶν
3566 3441 3720 3505 ὄντος

2145 3529 2245 3599 τῆς
2287 3527 2513 3599 ὀφειλῆς
2565 3528 2961 3601 χειρογράφου.
2996 3530 3105 3582 Καὶ
3137 3530 3246 3601 γὰρ
3278 3530 3631 3601 παραϐάντες
3656 3531 3727 3585 τὰ

2147 3618 2720 3690 προσομολογηθέντα,
2781 3618 2956 3691 ἔνοχοι
3018 3614 3161 3691 ἦμεν
3228 3620 3305 3691 τῷ
3355 3621 3723 3693 χειρογράφῳ.

2151 3730 2170 3764 ι
2198 3714 2321 3778 Τοῖς
2360 3714 2647 3785 δόγμασιν.
2676 3732 2696 3767 ι
2726 3708 2874 3780 Οἴον,
2898 3717 2963 3786 τῇ
2996 3714 3076 3777 εἰς
3108 3713 3274 3767 αὐτὸν
3301 3715 3502 3768 πίστει.
3543 3715 3728 3786 Ἀρκεῖ

2143 3806 2272 3877 γὰρ,
2332 3810 2492 3877 φησὶ,
2537 3807 2825 3861 πιστεῦσαι
2896 3808 3079 3878 μόνον.
3117 3809 3230 3861 Καὶ
3260 3806 3339 3879 τῷ
3384 3807 3722 3879 βαπτίσματι

2143 3900 2492 3969 ἐξαλείφεται
2551 3900 2613 3953 τὸ
2661 3902 3051 3971 χειρόγραφον.
3110 3920 3130 3953 ι
3178 3901 3304 3963 Τοῖς
3363 3901 3652 3970 δόγμασιν,
3697 3921 3716 3954 ι

2142 3987 2254 4046 οἷον
2284 3992 2373 4045 διὰ
2407 3992 2516 4046 τῶν
2545 3993 2647 4062 τῆς
2695 3993 2983 4057 εὐσεϐείας
3025 3992 3333 4063 δογμάτων.
3372 4012 3390 4044 ι
3431 3994 3496 4046 Ὃ
3525 3989 3594 4065 ἦν
3624 3995 3726 4048 ὑπ-

2142 4084 2387 4139 εναντίον
2435 4086 2587 4156 ἡμῖν.
2617 4105 2636 4138 ι
2685 4086 2972 4141 Ἐπίτασιν
3035 4086 3131 4140 καὶ
3165 4086 3461 4158 βεϐαίωσιν
3500 4104 3717 4157 συγχω-

2147 4179 2359 4250 ρήσεως
2389 4179 2417 4231 ό
2448 4178 2604 4247 λόγος
2634 4177 2766 4248 ἔχει.
2820 4178 3171 4250 Ἑχαρίσατο,
3212 4182 3397 4251 φησὶν,
3438 4179 3575 4232 ἀλλὰ
3604 4178 3723 4242 δέος

2144 4269 2223 4340 μὴ
2244 4271 2307 4322 ἐκ
2338 4270 2708 4341 μεταμελείας
2764 4270 3072 4341 ἀπαιτήσῃ,
3121 4271 3257 4325 ἀλλὰ
3292 4271 3386 4324 καὶ
3413 4271 3715 4342 ἐξήλειψεν.

2155 4359 2298 4412 Ἀλλ’
2350 4360 2485 4413 αὐτὸ
2530 4360 2721 4424 τοῦτο,
2776 4363 2956 4431 φησὶ,
2994 4361 3056 4412 τὸ
3092 4361 3230 4424 ὅλως
3267 4360 3484 4415 κεῖσθαι
3543 4362 3592 4415 εί
3629 4363 3723 4414 καὶ

2146 4453 2487 4522 ὲξαλειφθὲν,
2544 4452 2710 4521 φόϐον
2755 4453 2890 4522 ἡμῖν
2944 4453 3184 4521 ἐμποιεῖ.
3231 4452 3393 4508 ’Δλλὰ
3428 4454 3524 4507 καὶ
3551 4449 3720 4526 ἦρκεν

456 4543 655 4599 Verum
708 4544 841 4599 illud
897 4544 1062 4597 etiam
1119 4544 1403 4600 sustulite
1436 4546 1635 4612 medio,
1698 4563 1805 4602 non
1852 4548 2041 4605 sinens

2149 4518 2280 4598 αὖτὸ
2302 4518 2367 4598 sic
2386 4545 2480 4598 τοῦ
2511 4518 2699 4615 μέσου,
2734 4518 2811 4614 μῆ
2833 4518 2991 4611 ἀφεὶς
3014 4543 3108 4596 ἐπὶ
3143 4544 3351 4615 χώρας,
3377 4545 3473 4598 καὶ
3507 4518 3721 4614 ἕσξισεν

452 4635 510 4691 in
567 4637 675 4691 ulla
730 4653 854 4694 esse
894 4638 1139 4708 regione,
1209 4652 1373 4709 atque
1427 4641 1667 4695 discidit.
1728 4641 1862 4697 Nam
1930 4644 2037 4699 hoc

452 4727 722 4797 significat
779 4729 921 4798 quod
987 4729 1259 4799 sequitur,
1321 4729 1556 4799 Aliigere
1623 4733 1802 4801 ipsum
1858 4734 2032 4791 cruci.

458 4837 478 4871 ι
514 4818 705 4875 Exulis
731 4821 1043 4890 principiis.
1076 4840 1095 4873 ι
1145 4821 1343 4877 Multas
1397 4821 1665 4879 adversus
1730 4841 1832 4881 nos
1865 4843 2032 4882 ansas

451 4913 729 4982 malignus
790 4913 885 4969 ille
935 4912 1192 4980 habebat,
1228 4916 1433 4986 quibus
1489 4916 1780 4986 imperium
1844 4922 1896 4974 in
1934 4938 2034 4976 nos

453 4999 660 5055 habere
696 4993 919 5071 quidbm
949 5011 1195 5073 cteperat
1215 5019 1245 5058 a
1280 5007 1728 5075 transgressione
1756 5008 1956 5077 Adam,
1999 5027 2030 5066 a

451 5092 616 5149 nobis
647 5101 828 5148 autem
859 5103 1266 5166 augmentatum
1293 5106 1432 5152 erat.
1457 5097 1567 5154 Has
1594 5101 1747 5155 exuit
1771 5100 2033 5173 Unigeni-

453 5196 545 5241 tus
569 5184 748 5241 factus
775 5186 961 5252 homo,
991 5197 1046 5242 et
1074 5188 1329 5244 liberavit
1361 5205 1460 5246 nos
1487 5191 1803 5262 hujusmodi
1840 5196 2032 5250 vincu-

452 5279 544 5336 lis.
573 5278 877 5336 Constricti
905 5281 1052 5336 enim
1088 5283 1302 5339 catenis
1327 5296 1682 5355 peccatorum
1713 5295 2030 5342 nostrorum

452 5372 828 5428 serviebamus
856 5372 956 5428 illi.
993 5373 1183 5445 Itaque
1212 5377 1462 5432 remissis
1481 5378 1649 5432 etiam
1693 5378 1854 5434 nobis
1905 5395 2031 5450 pec-

450 5465 617 5531 catis,
656 5464 880 5521 vincula
915 5483 1138 5538 quoque
1191 5469 1426 5536 remisit,
1472 5479 1526 5525 et
1556 5471 1706 5527 illius
1737 5471 1903 5526 solvit
1944 5480 2031 5544 ty-

450 5554 761 5612 rannidem.
800 5575 820 5610 ι
853 5558 1128 5614 Tradnxit
1158 5561 1361 5631 palam.
1399 5580 1417 5612 ι
1459 5561 1739 5631 Siquidem
1770 5562 2030 5619 diabolus

448 5662 734 5720 nunquam
762 5649 838 5706 ita
869 5651 1196 5723 pudefactus
1218 5669 1285 5711 ac
1307 5655 1485 5710 victus
1509 5655 1533 5710 ί
1535 5655 1632 5710 uit.
1664 5653 1878 5708 Etenim
1900 5670 2025 5710 cum

559 5838 605 5871 ³⁸
639 5836 800 5897 Joan.
829 5858 892 5913 tt,
933 5842 1024 5903 l9.
1091 5842 1342 5920 ,“Exod.
1380 5856 1526 5912 xxxv,
1556 5842 1611 5900 3.
1691 5843 1734 5877 ¹⁸
1769 5842 1905 5899 Gen.
1934 5859 1993 5914 ιι,
2032 5844 2117 5901 l7.

2144 4635 2295 4688 αὐτό.
2357 4634 2529 4689 Τοῦτο
2589 4633 2699 4706 γὰρ
2737 4633 2889 4705 δηλοῖ
2914 4633 2998 4698 τὸ,
3044 4634 3405 4706 Πῳσηλῶσαι
3456 4635 3589 4687 αὐτὸ
3640 4633 3719 4703 τῷ

2146 4726 2384 4800 σταυρῷ.
2441 4747 2460 4779 ι
2495 4725 2972 4797 Ἀπεκδυσάμενος
3036 4726 3136 4791 τὰς
3198 4727 3395 4798 ἀρχάς.
3440 4745 3462 4780 ι
3512 4727 3721 4789 Πολλὰς

2141 4814 2256 4889 εἶχε
2314 4818 2435 4874 καθ’
2494 4817 2649 4890 ἡμῶν
2702 4818 2872 4882 λαϐὰς
2917 4821 2945 4873 ὁ
2987 4819 3245 4892 πονηρὸς,
3306 4818 3374 4872 δι’
3427 4812 3505 4873 ὧν
3561 4818 3720 4889 ἡμῶν

2139 4912 2456 4967 ἐϐασίλευεν
2474 4911 2780 4983 ἀρξάμενος
2798 4912 3127 4983 μὲνζάπὸιτῆς
3143 4910 3506 4984 παραϐάσεως
3522 4910 3718 4980 Ἀδὰμ,

2141 5004 2270 5073 παρ’
2326 5001 2486 5072 ἡμῶν
2553 5001 2610 5056 δὲ
2657 5000 3084 5074 ἑπαυξηθείσης.
3147 5000 3366 5064 Ταύτας
3431 4999 3719 5067 ἑξεδύσατο

2135 5100 2164 5148 ὁ
2192 5096 2501 5167 Μονογενὴς
2524 5096 2816 5165 γενόμενος
2863 5095 3173 5167 ἄνθρωπος,
3224 5095 3319 5149 καὶ
3341 5092 3718 5165 ὴλευθέρωσεν

2138 5191 2287 5261 ἡμᾶς
2332 5188 2442 5244 τῶν
2500 5189 2762 5244 τοιούτων
2802 5189 3045 5260 δεσμῶν.
3077 5189 3429 5259 Ἐσφιγμένοι
3460 5187 3569 5257 γὰρ
3597 5186 3718 5247 ταῖς

2138 5285 2349 5351 σειραῖς
2420 5282 2528 5337 τῶν
2604 5281 2894 5353 ἡμετέρων
2971 5281 3266 5352 ἁμαρτιῶν
3357 5278 3716 5345 ὲδουλεύομεν

2133 5375 2353 5445 ἐκείνῳ.
2423 5374 2608 5444 Ἀφεὶς
2638 5374 2735 5446 μὲν
2762 5375 2871 5446 γὰρ
2913 5377 3009 5428 καὶ
3041 5375 3174 5445 ἡμῖν
3212 5372 3441 5438 ταύτας,
3485 5372 3579 5424 καὶ
3608 5370 3713 5423 τῶν

2132 5469 2349 5538 δεσμῶν
2380 5468 2581 5539 ἀφῆκε,
2615 5467 2828 5537 καὶτῆς
2855 5468 3064 5521 ἐκείνου
3123 5466 3459 5537 τυραννίδος.
3495 5482 3514 5515 ι
3544 5463 3714 5517 Ἐδει-

2133 5560 2403 5631 γμάτισεν
2435 5562 2493 5616 ὲν
2520 5561 2828 5633 παρρησίᾳ.
2853 5579 2872 5613 ι
2904 5560 3174 5614 Οὐδέποτε
3207 5557 3317 5629 γὰρ
3372 5556 3546 5620 οὕτως
3577 5570 3713 5609 κατ-

2132 5657 2381 5731 ᾐσχύνθη
2417 5659 2514 5713 καὶ
2532 5657 2741 5738 ἡττήθη
2759 5660 2788 5713 ὁ
2806 5656 3073 5722 διάϐολος.
3106 5656 3215 5712 Καὶ
3238 5656 3344 5728 γὰρ
3376 5655 3520 5727 ἔχειν
3550 5652 3715 5709 αὐτὸν
