4036 6592
326 419 405 483 37
1364 414 1754 478 COMMENT.
1791 414 1867 476 IN
1909 413 2152 475 EPIST.
2182 413 2282 473 AD
2314 411 2610 474 COLOSS.
2750 444 2758 449 -
3516 412 3589 474 38

317 529 659 601 ὑπονοήσας,
710 530 804 584 καὶ
850 528 946 593 οὓς
1001 525 1148 600 εἶχεν
1195 527 1470 583 ἀπώλεσε.
1512 527 1905 601 Θριαμϐεύσας

2021 527 2194 596 ipsum
2226 540 2445 596 quoque
2490 541 2550 580 se
2600 522 2914 578 habiturum
2970 533 3240 596 sperant,
3281 539 3376 580 eos
3428 526 3597 580 etiam

316 624 522 686 αὐτοὺς
576 625 636 676 ὲν
684 621 857 694 αὐτῷ.
922 621 1217 691 Θρίαμϐος
1254 622 1558 693 λέγεται,ή
1608 622 1751 675 κατὰ
1803 619 1913 674 τῶν

318 715 662 785 ἡττωμένων
715 713 911 786 πομπὴ
968 715 1064 768 καὶ
1098 715 1428 784 πανήγυρις.
1474 712 1912 786 Ἐθριάμϐευσεν

318 798 415 863 οῦν
444 806 611 862 αὐτὸν
641 806 730 861 διὰ
757 806 852 860 τοῦ
914 805 1175 877 σταυροῦ,
1211 806 1512 871 τουτέστιν,
1563 808 1781 878 ἐνίκησε
1820 807 1913 861 καὶ

322 899 448 955 κατ’
488 898 656 952 αὑτοῦ
702 897 975 969 θρίαμϐον
1000 899 1192 968 νοητὸν
1225 897 1573 951 ἐπετέλεσεν.
1610 899 1775 952 Οὐδὲν
1803 897 1912 970 γὰρ

320 991 499 1054 οὓτως
546 993 769 1061 ἐνίκησε
807 990 900 1043 τὸν
924 990 1193 1053 διάϐολον,
1211 990 1286 1052 ὡς
1312 990 1374 1043 τὸ
1403 991 1499 1046 καὶ
1531 991 1912 1063 σταυρωθῆναι

318 1085 415 1137 τὸν
468 1082 699 1151 Κύριον,
734 1081 830 1135 καὶ
859 1081 1148 1152 παρρησίᾳ
1181 1080 1343 1135 τοῦτο
1377 1081 1573 1136 παθεῖν
1619 1085 1715 1135 καὶ
1758 1100 1917 1153 φανε-

326 1174 460 1247 ρῶς.
522 1174 710 1227 Πάντα
764 1172 876 1244 γὰρ
922 1174 988 1226 ἂν
1028 1174 1287 1242 ἐποίησεν
1320 1174 1349 1226 ὁ
1387 1173 1655 1240 διάϐολος,
1725 1178 1916 1229 πεῖσαι

326 1266 499 1317 θέλων
547 1266 629 1318 ὅτι
677 1266 778 1318 οὐκ
823 1264 1119 1329 ἀπέθανεν,
1169 1267 1219 1318 εἰ
1277 1265 1351 1337 μὴ
1407 1265 1469 1320 τὸ
1535 1266 1709 1335 σαφὲς
1769 1266 1917 1339 αὐτῷ

324 1359 671 1426 ἠναντιοῦτο.
732 1357 927 1429 Εξγάρ
957 1357 1033 1428 μὴ
1063 1357 1358 1421 ἀπέθανεν,
1421 1359 1522 1413 οὒκ
1565 1360 1632 1414 ἂν
1687 1361 1909 1433 ἀνέστη.

323 1450 390 1502 El
430 1451 506 1521 μὴ
559 1451 798 1521 ἀνέστη,
860 1452 961 1505 οὐκ
1020 1450 1087 1504 ἀν
1139 1450 1437 1523 ἀνελήφθη.
1478 1451 1541 1504 Εἰ
1579 1451 1654 1523 μὴ
1715 1452 1909 1520 ταῦτα,

321 1541 523 1594 οὐκοῦν
552 1542 613 1594 οὐ
642 1541 797 1606 Θεὸς,
865 1541 1028 1613 Ὁρᾷς
1064 1541 1146 1595 ὅτι
1202 1540 1297 1594 τοῦ
1320 1539 1553 1596 θανάτου
1588 1542 1767 1596 πάντα
1794 1544 1894 1613 ἡρ-

321 1637 530 1700 τηται’;

2022 617 2261 687 perdidit
2295 634 2432 687 quos
2480 617 2735 672 habebat.
2799 617 3174 688 Triumphans
3227 617 3295 673 de
3341 616 3450 671 illis
3502 632 3601 687 per

2019 710 2223 780 ipsam.
2260 710 2543 780 Τρίαμὸος
2599 708 2766 781 (quod
2795 725 2897 765 nos
2942 711 3281 781 triumphum
3311 709 3600 781 vertimus)

2016 801 2223 857 dicitur
2247 818 2439 873 pompa
2477 817 2540 856 ac
2574 810 2878 856 conventus
2922 802 3175 873 publicus
3201 802 3467 858 adversus
3498 803 3597 857 de-

2015 894 2214 950 victos.
2249 894 2631 964 Triumphavit
2661 895 2829 965 igitur
2859 895 2927 950 de
2956 896 3049 949 illo
3077 911 3174 964 per
3200 910 3444 961 crucem,
3497 896 3601 948 hoc

2018 995 2125 1051 est,
2190 988 2394 1042 devicit
2443 996 2498 1042 et
2529 988 2874 1057 spiritualem
2935 988 3270 1058 triumphum
3333 989 3602 1043 adversus

2022 1095 2148 1137 eum
2175 1079 2497 1135 celebravit.
2531 1079 2673 1134 Nihil
2705 1082 2851 1135 enim
2881 1081 3017 1136 adeo
3040 1081 3241 1136 devicit
3275 1096 3339 1135 ac
3370 1080 3598 1151 pudefe-

2018 1174 2094 1228 cit
2125 1172 2428 1239 diabolum,
2481 1171 2622 1228 sicut
2656 1174 2980 1230 crucifixum
3019 1190 3141 1229 esse
3189 1173 3503 1239 Dominum,
3549 1184 3599 1227 et

2018 1267 2203 1338 palam
2265 1281 2331 1320 ac
2376 1264 2671 1320 manifeste
2720 1265 2825 1321 hoc
2873 1283 3097 1337 passum
3145 1267 3337 1321 fuisse.
3406 1266 3599 1320 Omnia

2020 1372 2262 1429 namque
2291 1356 2514 1411 fecisset
2544 1355 2797 1410 diabolus
2829 1358 3159 1428 persuadere
3184 1360 3371 1412 volens
3412 1374 3477 1411 ne
3503 1374 3600 1410 oc-

2019 1450 2300 1505 ciderctur
2347 1448 2456 1503 nisi
2527 1451 2822 1505 manifeste
2863 1451 2911 1505 ei
2957 1461 3319 1521 repugnatum
3381 1450 3600 1504 fuisset.

2021 1542 2138 1598 Nisi
2188 1544 2333 1599 enim
2401 1552 2655 1599 mortuus
2722 1544 2939 1609 fuisset,
2995 1561 3104 1598 non
3168 1546 3600 1599 resurrexisset:

2022 1637 2167 1707 quod
2202 1637 2247 1691 si
2281 1651 2388 1690 non
2440 1636 2866 1701 resurresisset,
2899 1652 3248 1707 nequaquam
3277 1643 3602 1705 assumptus

327 1730 553 1788 fuisset.
592 1729 652 1785 Si
686 1730 804 1786 haec
844 1737 965 1786 acta
989 1746 1098 1785 non
1126 1728 1383 1799 fuissent,
1417 1732 1612 1803 utique
1633 1730 1778 1789 Deus
1809 1745 1917 1788 non
1962 1731 2160 1791 fuisset
2190 1733 2435 1792 habitus.
2470 1733 2636 1791 Vides
2668 1735 2814 1806 quod
2846 1750 2876 1790 a
2935 1744 3115 1792 morte
3173 1735 3356 1791 omnia
3394 1735 3603 1806 depen-

327 1825 560 1880 dobant.

922 1910 1175 1971 ΚΕΦΑΛ.
1226 1914 1308 1973 Η¹.

324 2033 452 2086 Ὅτι
510 2032 566 2083 οι
613 2028 722 2084 τοῦ
768 2026 1061 2096 σαρκικοῦ
1110 2027 1300 2096 νόμου
1348 2030 1546 2097 τύποι,
1597 2031 1916 2098 σαρκικοῖς

398 2100 829 2173 χρήσιμοι,ρύ
864 2099 1292 2165 πνευματικοῖς
1361 2102 1486 2167 τοῖς
1538 2101 1608 2154 ἐν
1660 2099 1915 2173 δυνάμει

397 2168 666 2239 Χριστοῦ
695 2168 894 2231 ζῶσιν.

395 2282 498 2350 Μὴ
534 2278 651 2337 οὖν
701 2299 794 2349 τις
839 2282 989 2352 ὑμᾶς
1028 2282 1274 2353 κρινέτω
1302 2282 1372 2336 ἐν
1398 2283 1624 2353 βρώσει
1648 2285 1684 2354 ἢ
1716 2286 1787 2340 ἐν
1816 2288 1915 2341 πό·

322 2394 444 2438 σει,
471 2375 511 2445 ἣ
542 2375 613 2428 ἐν
634 2375 799 2444 μέρει
816 2374 1048 2444 ἑορτῆς,
1072 2377 1109 2443 ἢ
1140 2377 1495 2445 νουμηνίας,
1519 2376 1557 2446 ἣ
1577 2378 1914 2442 Σαϐϐάτων,

325 2467 367 2522 ἀ
393 2468 529 2521 ἐστι
583 2464 730 2520 σκιὰ
784 2464 902 2520 τῶν
942 2468 1317 2535 μελλόντων,
1382 2467 1447 2520 τὸ
1487 2467 1555 2520 δὲ
1592 2468 1765 2538 σῶμα
1810 2470 1914 2523 τοῦ

324 2560 613 2629 Χριστοῦ.
689 2557 917 2625 Μηδεὶς
963 2558 1118 2628 ὑμᾶς
1184 2561 1667 2628 καταϐραϐευέτω
1726 2560 1917 2616 θέλων

325 2653 397 2707 ἐν
415 2654 946 2722 ταπεινοφροσύνῃ
988 2652 1087 2707 καὶ
1111 2654 1402 2723 θρησκείᾳ
1441 2654 1558 2708 τῶν
1622 2656 1912 2724 ἀγγέλων,

1934 1925 1983 1985 Β

2599 1922 2827 1980 CAPUT
2877 1921 3015 1977 VIII.

2021 2038 2175 2105 Quod
2206 2039 2333 2108 legis
2365 2039 2600 2094 carnalis
2625 2041 2739 2111 typi
2769 2039 3080 2095 carnalibus
3113 2041 3165 2093 in
3204 2041 3373 2108 pretio
3403 2041 3603 2095 haben-

2093 2119 2202 2174 tur,
2266 2126 2371 2163 non
2423 2111 2796 2180 spiritualibus
2838 2113 2930 2181 qui
2963 2127 3056 2180 per
3108 2114 3350 2166 virtutem
3403 2112 3606 2167 Christi

2088 2182 2291 2235 vivunt.

2094 2290 2336 2364 13411,
2358 2290 2636 2348 1649.Αέ
2658 2294 2773 2363 quis
2793 2293 2954 2364 igitur
2985 2292 3287 2362 vosjudicet
3311 2295 3359 2347 in
3375 2294 3491 2347 cibo
3514 2304 3605 2348 aut

2020 2397 2169 2454 potu,
2199 2386 2363 2438 autin
2392 2395 2543 2449 parte
2565 2384 2672 2439 diei
2694 2385 2841 2452 festi,
2866 2394 2955 2437 aut
2987 2389 3106 2438 novi
3157 2385 3312 2449 Iunii,
3353 2394 3442 2437 aut
3471 2384 3607 2439 Sab-

2029 2472 2304 2539 batorum,
2340 2490 2457 2543 qua:
2490 2483 2611 2526 sunt
2651 2472 2838 2524 umbra
2863 2473 3184 2542 futurorum,
3213 2489 3399 2541 corpus
3431 2484 3607 2525 autent

2020 2564 2240 2617 Christi.
2312 2563 2395 2619 Ne
2461 2565 2577 2636 quis
2623 2564 2767 2619 vobis
2827 2565 3063 2633 palmam
3120 2567 3427 2617 inter-vertat
3474 2566 3604 2617 data

2020 2668 2177 2721 orera
2201 2668 2291 2720 per
2323 2654 2490 2706 animi
2541 2651 2896 2706 humilitatem
2927 2663 2974 2705 et
3024 2652 3451 2720 superstitionem
3510 2669 3607 2705 an-

327 2739 368 2795 d
391 2741 482 2810 μὴ
513 2741 776 2809 ἑώρακεν
816 2741 1177 2810 ἐμϐατεύων,
1203 2742 1335 2811 εικῆ
1357 2747 1765 2814 φυσιούμενος
1795 2744 1913 2800 ὑπὸ

2021 2746 2274 2816 gelorum,
2323 2745 2377 2798 in
2409 2744 2477 2798 iis
2511 2762 2629 2815 qua:
2685 2762 2792 2799 non
2834 2744 2973 2828 vidit
3007 2745 3286 2813 fastuosus
3338 2744 3602 2809 incedens,

327 2835 439 2889 τοῦ
481 2837 626 2901 νοὸς
653 2834 764 2902 τῆς
805 2836 1036 2904 σαρκὸς
1082 2836 1292 2901 αὐτοῦ,
1320 2838 1417 2890 καὶ
1440 2840 1511 2891 οὐ
1540 2838 1773 2906 κρατῶν
1803 2839 1915 2906 τὴν

2021 2837 2227 2907 {rustra
2280 2838 2554 2908 inﬂatusa
2586 2846 2755 2892 mente
2805 2823 2985 2891 carnis
3038 2854 3172 2902 suae,
3221 2854 3311 2891 nec
3363 2838 3603 2891 obtinens

327 2927 629 2996 κεφαλὴν,
674 2926 745 2991 ἐξ
787 2922 859 2982 οὗ
901 2925 1026 2983 πᾶν
1075 2931 1139 2982 τὸ
1194 2928 1387 2998 σῶμα,
1441 2930 1539 2984 διὰ
1598 2932 1718 2987 τῶν
1740 2932 1911 3001 ἀρῶν

2021 2940 2197 2999 caput,
2222 2946 2281 2984 ea
2315 2946 2415 3000 quo
2449 2940 2614 2984 ιοιιιηι
2652 2945 2841 2999 corpus
2871 2945 2963 2997 per
2985 2930 3366 2982 commissuras
3387 2941 3434 2980 ει
3459 2945 3602 2982 com-

330 3020 429 3071 καὶ
473 3017 842 3086 συνδέσμων
863 3018 1418 3090 ἐπιχορηγούμενον
1481 3024 1578 3077 καὶ
1629 3025 1917 3093 συμϐιϐα-

332 3110 603 3180 ζόμενον,
629 3109 801 3172 αὔξει
827 3110 944 3175 τὴν
977 3111 1364 3179 αὕξησιντοῦ
1396 3114 1565 3170 Θεοῦ.

406 3202 548 3270 «ζΜὴ
572 3200 666 3254 οῦν
709 3218 791 3264 τις
831 3201 976 3271 ὑμᾶς
1021 3204 1278 3274 κρινέτω.
1303 3222 1322 3257 ι
1361 3199 1507 3270 Οἶον,
1532 3206 1914 3276 κατακρινέτω

2015 3022 2235 3090 paginas
2266 3022 2731 3075 subministratum
2761 3029 2812 3076 et
2853 3030 3187 3089 compactum
3220 3026 3454 3091 augescit
3496 3036 3603 3074 au-

2015 3120 2222 3182 gmento
2254 3110 2374 3166 Dei.

2096 3240 2114 3273 ι
2153 3219 2232 3274 Ne
2273 3220 2397 3291 quis
2430 3220 2598 3291 igitur
2640 3236 2738 3276 vos
2787 3221 3019 3292 judicet.
3063 3240 3083 3273 ι
3148 3221 3264 3277 Hoc
3305 3231 3410 3289 est,
3464 3239 3605 3278 con-

330 3295 408 3357 ῶς
438 3295 625 3358 κακῶς
678 3292 990 3355 ποιοῦντας,
1062 3296 1118 3347 ὲν
1151 3295 1228 3366 τῷ
1292 3297 1366 3367 μὴ
1424 3296 1717 3365 φυλάττειν
1771 3298 1912 3369 μέρη

2286 3271 2390 3291 Γ--
2653 3271 2735 3276 --_
2787 3271 3018 3292 μνη---
3065 3271 3075 3273 ρ
3148 3271 3263 3277 ---ν
3309 3271 3410 3289 -_-,
3469 3271 3569 3278 η--

2023 3312 2262 3368 demmet
2324 3323 2587 3385 tanquam
2636 3314 3049 3371 malefacientes
3105 3332 3172 3371 ex
3203 3332 3271 3371 eo
3312 3318 3458 3387 quod
3495 3331 3605 3374 non

331 3385 562 3457 ἑορτῶν,
608 3385 641 3455 ἢ
704 3385 1097 3455 νουμηνιῶν,ἣ
1137 3385 1332 3456 βρῶμα
1369 3388 1603 3458 ἣπόμα.
1648 3390 1759 3442 Καὶ
1806 3388 1915 3459 γὰρ

329 3480 401 3531 τὰ
455 3478 554 3547 μὲν
618 3476 915 3545 ἐφύλαττον
973 3477 1052 3541 ὡς
1112 3478 1518 3544 ’ἰουδαΐζοντες,
1574 3480 1643 3532 τὰ
1707 3478 1766 3532 δὲ
1819 3480 1921 3533 οὐκ

336 3570 643 3640 ἐφύλαττον
670 3569 743 3632 ὡς
773 3569 1272 3639 Χριστιανίζοντες.
1329 3573 1426 3626 Διὰ
1476 3573 1657 3637 τοῦτο,
1726 3574 1917 3646 φησὶν,

342 3679 364 3714 ι
400 3662 492 3715 Ἔν
519 3661 677 3731 μέρει
735 3661 930 3733 ἑορτῆς
963 3662 1149 3733 τῆσδε,
1180 3682 1198 3715 ι
1232 3664 1264 3734 ἢ
1299 3666 1355 3717 ἐν
1382 3666 1538 3735 μέρει
1572 3665 1761 3722 τῶνδε.
1811 3666 1921 3720 UA

336 3755 459 3807 ἐστι
484 3753 614 3806 σκιὰ
659 3752 768 3806 τῶν
819 3753 1142 3824 μελλόντων.
1168 3774 1185 3806 ι
1220 3755 1538 3809 Μέλλουσάν
1600 3773 1767 3826 φησιν
1820 3754 1923 3829 τὴν

336 3845 534 3916 καινὴν
564 3844 850 3915 διαθήκην,
883 3846 981 3900 οὐκ
1012 3847 1203 3919 ἐπειδὴ
1235 3846 1389 3902 οῦπω
1417 3844 1483 3920 ἦν
1503 3849 1915 3923 πολιτευομένη,

339 3933 428 4008 (ἦν
460 3934 616 4007 γὰρ,)
665 3936 782 3990 ἀλλ’
817 3937 892 4001 ὡς
924 3938 1061 4009 πρὸς
1109 3941 1236 4003 τοὺς
1296 3939 1504 4005 τύπους
1550 3941 1773 4006 τούτους
1825 3943 1920 3997 καὶ

334 4029 437 4091 τὰς
467 4028 647 4092 σκιὰς,
677 4029 948 4099 μέλλουσα
968 4025 1059 4101 ἦν.
1094 4049 1112 4083 ι
1140 4030 1213 4085 Τὸ
1242 4032 1298 4086 δὲ
1328 4032 1487 4103 σῶμα
1509 4032 1601 4087 τοῦ
1619 4034 1911 4103 Χριστοῦ.»

334 4119 402 4173 Οἱ
438 4119 538 4190 μὲν
594 4119 767 4184 οὕτως
822 4121 1095 4186 στίζουσιο
1129 4121 1203 4176 Τὸ
1236 4123 1293 4177 δὲ
1326 4125 1485 4195 σῶμα
1526 4122 1621 4178 τοῦ
1656 4125 1916 4197 Χριστοῦ,

336 4212 642 4277 τουτέστιν,
681 4212 974 4284 ὴάλήθεια
1018 4217 1109 4269 ἐπὶ
1157 4217 1397 4288 Χριστοῦ
1459 4220 1707 4287 γέγονεν.
1764 4222 1828 4274 Οἱ
1861 4221 1918 4276 δὲ

335 4304 419 4369 τὸ,
448 4304 620 4375 Σῶμα
659 4303 757 4359 τοῦ
809 4306 1072 4376 Χριστοῦ,
1127 4308 1351 4376 Μηδεὶς
1406 4309 1564 4379 ὑμᾶς
1624 4315 1918 4382 καταϐραο

338 4396 578 4451 favete).
639 4398 1207 4473 Καταὸραϐευθῆναι
1274 4401 1332 4455 δέ
1393 4405 1560 4470 ἐστιν,
1617 4405 1744 4458 ὅταν
1785 4407 1917 4479 παρ’

338 4487 511 4557 ἑτέρῳ
572 4486 725 4559 μὲνὴ
759 4488 909 4559 νίκη,
966 4491 1099 4561 παρ’
1152 4492 1325 4563 ἑτέρῳ
1378 4493 1434 4548 δὲ
1463 4496 1522 4548 τὸ
1553 4495 1825 4567 βραϐεῖον.
1850 4529 1919 4541 -

340 4578 542 4652 [ΦΩΤ.]
574 4581 777 4644 Διττῶς
807 4583 1042 4653 ἐγχωρεῖ
1064 4583 1364 4650 στὶζεσθαι,
1398 4589 1493 4641 καὶ
1519 4590 1577 4642 ἐν
1602 4590 1703 4661 τῷ,
1734 4592 1914 4663 σῶμα,

338 4671 756 4739 ύποστίζοντας,
802 4674 901 4727 καὶ
936 4675 993 4727 ὲν
1020 4675 1119 4745 τῷ,
1169 4677 1432 4747 Χριστοῦ.
1487 4699 1505 4733 ι
1535 4681 1740 4753 Μηδεὶς
1775 4684 1921 4757 ὑμᾶς

338 4763 825 4834 καταϐραϐευέτω.
856 4784 875 4818 ›
913 4766 1121 4836 Μηδεὶς
1174 4771 1319 4838 ὑμᾶς
1374 4774 1790 4844 κατακρινέτω,
1858 4776 1920 4831 τὸ

337 4852 495 4923 σῶμα
522 4854 761 4923 Χριστοῦ
787 4855 1136 4926 δεχομένους.
1188 4856 1358 4913 Τοῦτο
1383 4861 1492 4934 γὰρ
1524 4864 1917 4923 ὑπακουστέον.

336 4945 521 5000 Θέλων
587 4945 748 5001 τοῦτο
809 4951 1010 5015 ποιεῖν,
1062 4952 1253 5021 φησὶν,
1304 4955 1363 5008 ὲν
1416 4960 1918 5034 ταπεινοφροσύνῃ,

339 5037 538 5104 μᾶλλον
564 5037 620 5091 δὲ
639 5040 699 5091 ἐν
717 5037 987 5112 θρησκείᾳ
1009 5042 1120 5095 τῶν
1149 5044 1421 5114 ἀγγέλων.

337 5129 574 5197 palmam
605 5130 946 5188 intervertat.
992 5153 1011 5186 ι
1042 5132 1215 5190 Nemo
1248 5152 1346 5193 vos
1381 5141 1709 5200 condemnet
1745 5149 1837 5218 qui

2022 3406 2330 3460 observetis
2372 3417 2559 3476 partes
2600 3406 2869 3462 festorum
2905 3416 3001 3462 aut
3041 3409 3478 3474 noviluuiorum,
3511 3420 3607 3465 aut

2022 3499 2205 3553 cibum
2241 3508 2336 3554 aut
2367 3511 2573 3569 potum.
2604 3500 2819 3554 Etenim
2856 3500 3054 3569 partim
3092 3501 3312 3570 quidem
3339 3503 3605 3558 observa-

2023 3592 2156 3645 bant
2193 3602 2452 3662 tanquam
2487 3591 2844 3648 Judaizantcs
2878 3610 2894 3647 :
2950 3594 3150 3663 partim
3189 3611 3320 3650 vero
3359 3611 3466 3649 non
3499 3596 3603 3650 ob-

2022 3686 2316 3741 servabant
2346 3692 2607 3755 tanquam
2637 3685 3082 3742 Christianorum
3130 3703 3282 3743 more
3315 3689 3601 3756 viventes;

2024 3785 2316 3847 pr0pterea
2374 3779 2449 3833 ait
2504 3796 2517 3832 :
2551 3797 2570 3830 ι
2615 3778 2671 3833 In
2722 3788 2876 3849 parte
2931 3780 3038 3836 diei
3074 3779 3246 3836 festi:
3285 3800 3305 3835 ι
3332 3797 3483 3837 unus
3519 3782 3606 3835 vi-

2023 3867 2240 3933 delicet,
2277 3874 2371 3921 aut
2410 3867 2465 3921 in
2503 3878 2655 3938 parte
2684 3869 2878 3923 horum
2921 3870 3195 3925 omnium.
3238 3889 3259 3923 ι
3311 3870 3443 3938 Ome
3475 3877 3608 3928 sunt

2023 3959 2221 4015 umbra
2302 3959 2643 4015 futurorum.
2705 3979 2725 4015 ι
2809 3959 3083 4016 Futurum
3178 3964 3315 4017 dicit
3401 3979 3607 4018 novum

2024 4062 2435 4117 testamentum,
2503 4068 2613 4108 non
2694 4053 2843 4124 quod
2908 4054 3152 4109 nondum
3230 4060 3333 4111 sub
3384 4071 3449 4110 eo
3516 4058 3609 4111 dc-

2020 4149 2232 4214 gerent,
2282 4142 2394 4210 jam
2449 4141 2597 4195 enim
2654 4142 2757 4196 sub
2813 4155 2879 4195 eo
2913 4141 3179 4212 degebant
3227 4159 3242 4196 :
3298 4143 3392 4195 sed
3457 4142 3607 4211 quod

2026 4252 2046 4287 ι
2111 4235 2169 4288 in
2239 4233 2432 4289 ordine
2497 4230 2566 4287 ad
2629 4233 2729 4288 has
2786 4232 2989 4305 ﬁguras
3060 4241 3116 4287 et
3172 4233 3395 4288 umbras
3457 4232 3608 4288 futu-

2020 4341 2144 4381 rum
2199 4334 2338 4380 erat.
2394 4344 2412 4378 ι
2461 4324 2676 4397 Corpus
2729 4333 2911 4380 autem
2963 4324 3192 4381 Christi.
3243 4344 3262 4378 ι
3321 4326 3430 4381 Alii
3484 4327 3608 4397 qui-

2022 4419 2144 4474 dcm
2178 4418 2249 4474 ita
2284 4417 2633 4489 distinguunt
2668 4434 2682 4474 :
2717 4418 2931 4489 Corpus
2972 4434 3102 4475 vero
3134 4418 3365 4484 Christi,
3413 4419 3464 4474 id
3497 4430 3602 4484 est,

2023 4512 2227 4566 veritas
2262 4512 2316 4566 in
2371 4512 2595 4568 Christo
2642 4511 2786 4568 facta
2842 4520 2952 4569 est.
3025 4513 3131 4567 Alii
3190 4529 3343 4576 vero,
3390 4513 3604 4583 Corpus

2022 4603 2229 4657 Christi
2271 4604 2514 4674 jungunt
2554 4605 2940 4675 sequentibus,
2974 4620 3173 4676 nempe
3213 4605 3402 4677 μηδεὶς
3460 4606 3605 4675 ὑμᾶς

2024 4694 2506 4766 καταϐραὸεύετω.
2611 4697 2709 4751 Est
2801 4706 2985 4753 autem
3087 4698 3604 4769 καταϐραϐευθῆναι

2024 4788 2193 4858 (quod
2276 4789 2513 4860 palmam
2592 4789 2952 4846 intervertcre
3032 4791 3299 4862 diximus)
3380 4792 3601 4863 quando

2023 4882 2165 4953 apud
2217 4883 2452 4939 alterum
2494 4882 2714 4953 quidem
2739 4895 2824 4940 est
2861 4886 3115 4951 victoria,
3151 4886 3296 4955 apud
3359 4887 3595 4941 alterum

2022 4990 2155 5029 vero
2196 4976 2468 5031 bravium.
2527 4975 2830 5047 Dupliciter
2860 4979 2986 5048 poni
3042 4987 3223 5049 potest
3256 4978 3536 5035 distinctio
3582 4995 3597 5032 :

2024 5076 2121 5121 aut
2151 5076 2278 5137 post
2311 5067 2542 5137 Corpus,
2571 5077 2666 5123 aut
2695 5077 2818 5139 post
2848 5069 3075 5124 Christi.
3117 5089 3135 5122 ι
3176 5069 3255 5125 Ne
3278 5071 3402 5139 quis
3439 5070 3598 5125 vobis

1867 5151 2071 5212 Christi
2105 5174 2308 5231 corpus
2338 5160 2623 5231 suscipitis
2655 5178 2668 5215 :
2697 5161 2804 5218 hoc
2829 5161 2976 5217 enim
3009 5161 3454 5218 subaudiendum
3485 5172 3593 5218 est.

342 5218 805 5326 volens,‘inquit,
848 5225 1165 5326 hoc-facere
1187 5245 1297 5326 per
1344 5233 1513 5326 animi
1545 5235 1939 5313 humilitatem,
1980 5251 2138 5323 135
2179 5218 2352 5325 magis
2390 5218 2572 5310 autem
2618 5269 2716 5325 per
2756 5257 3207 5326 superstitionem
3251 5258 3595 5326 angelorum.

342 5314 459 5403 s'A
529 5314 605 5385 μὴ
659 5315 903 5385 ἑώρακεν
961 5318 1303 5391 ἐμϐατεύων.
1336 5341 1355 5376 ι
1420 5323 1487 5379 Ti
1543 5330 1687 5391 ἐστι⁹
1721 5333 1917 5403 τοῦτο;

338 5397 521 5460 Ἠσάν
558 5423 706 5472 τινες
734 5412 865 5481 παρ’
888 5413 1093 5479 αὐτοῖς,
1119 5415 1317 5480 οἵτινες
1341 5418 1398 5472 ἐν
1426 5418 1712 5491 ὑποκρίσει
1738 5444 1923 5482 τοιπει⁴

338 5499 676 5570 νοφροσύνης
736 5502 974 5559 ἐκώλυον
1039 5507 1237 5574 αὐτοὺς
1270 5515 1336 5583 τῇ
1383 5512 1565 5587 δωρεᾷ
1629 5521 1918 5588 προσιέναι

2098 5361 2117 5394 ι
2181 5342 2240 5397 1n
2293 5344 2364 5400 iis
2395 5360 2518 5416 quae
2570 5360 2678 5400 non
2733 5346 2872 5402 vidit
2906 5348 3187 5404 fastuosus
3239 5346 3524 5405 incedens.
3573 5367 3593 5401 ι

2021 5434 2294 5501 Quidnam
2328 5445 2411 5492 est
2448 5436 2590 5492 hoc?
2618 5436 2790 5493 Erant
2825 5439 3075 5494 nonnulli
3107 5439 3250 5509 apud
3289 5439 3442 5510 ipsos
3500 5440 3594 5510 qui

2023 5528 2080 5582 in
2128 5526 2487 5585 simulatione
2543 5531 2778 5586 modesti
2821 5532 2992 5587 animi
3046 5533 3407 5603 prohibebant
3444 5532 3596 5601 ipsos

336 5588 431 5694 τοῦ
457 5682 471 5694 ⁸
498 5590 764 5694 Χριστοῦ,
797 5595 873 5659 ὡς
911 5597 1012 5651 οὐκ
1061 5600 1246 5667 ἀξίους
1297 5604 1407 5659 τῶν
1434 5606 1793 5676 τηλικούτων,
1826 5614 1915 5668 καὶ

2021 5631 2114 5687 per
2145 5616 2422 5674 Christum
2455 5620 2744 5686 accedere,
2784 5623 2942 5692 quasi
2980 5588 3148 5680 tantis
3179 5622 3330 5694 digni
3359 5588 3481 5678 non.
3502 5638 3595 5680 es-

341 5681 420 5775 δτι
448 5681 717 5750 ἀγγέλους
748 5689 1131 5761 παρακλητέον
1154 5696 1455 5765 προσάγειν
1484 5700 1514 5770 ἡ
1525 5701 1635 5770 μᾶς
1665 5702 1740 5772 τῷ
1772 5703 1912 5775 Θεῷ,

336 5773 415 5838 ὡς
453 5778 546 5833 καὶ
594 5776 776 5867 αὐτῶν
829 5779 1099 5852 πρότερον
1142 5782 1240 5856 τὴν
1304 5788 1490 5859 κοινὴν
1547 5773 1911 5867 προσαγωγην

341 5866 741 5939 ποιησαμένων,
787 5870 974 5942 μεῖζον
1004 5873 1037 5945 ἢ
1068 5875 1190 5930 καθ’
1242 5879 1392 5949 ἡμᾶς
1434 5879 1688 5950 λέγοντες
1714 5883 1773 5938 τὸ
1821 5866 1910 5941 διὰ

2022 5717 2146 5764 sent
2184 5727 2197 5765 :
2240 5719 2294 5767 et
2328 5711 2475 5781 quod
2508 5713 2687 5784 angeli
2723 5712 3051 5771 obsecrandi
3073 5723 3262 5773 essent
3291 5724 3349 5771 ut
3376 5726 3486 5775 nos
3523 5718 3595 5777 ad

2021 5794 2191 5853 Deum
2228 5799 2587 5865 adducerent;
2627 5803 2796 5859 veluti
2835 5804 3123 5874 quietiam
3151 5805 3312 5875 primi
3346 5821 3597 5865 comma.

2021 5888 2079 5948 ni
2111 5905 2339 5949 accessu
2374 5893 2491 5950 sive
2526 5894 2857 5952 adductione
2913 5897 3046 5954 facti
3077 5898 3184 5955 sint
3213 5916 3225 5954 :
3260 5900 3438 5973 majus
3468 5917 3593 5960 esse
