3994 6582
371 418 439 484 47
1465 424 1863 490 (ECUMENII
1901 420 2192 483 TRICCXE
2220 424 2342 484 EPI
2352 425 2563 489 SCOPI
3557 435 3629 499 48

372 535 607 608 hymnus
629 545 796 593 cantu
821 537 1067 596 sanctior
1091 548 1170 595 est
1200 557 1214 595 :
1246 554 1495 610 supernae
1520 556 1754 610 namque
1777 539 1921 594 virtu

2054 534 2220 606 ὕμνος
2245 537 2335 591 τοῦ
2363 537 2580 610 ψαλμοῦ
2617 539 2937 615 ἁγιώτερος.
2975 545 3043 600 Δί
3074 546 3182 619 γὰρ
3209 546 3324 603 ἄνω
3342 547 3627 620 δυνάμεις,

362 634 453 683 tes
489 627 655 683 Deum
699 628 948 694 laudant,
984 645 1093 684 non
1136 641 1364 686 canunt.
1404 651 1420 684 ι
1460 631 1515 686 In
1552 634 1747 701 gratia.
1793 650 1812 683 ι
1843 630 1927 685 Pet

2050 628 2282 696 ὑμνοῦσι
2317 632 2409 684 τὸν
2443 633 2675 699 Θεὸν,οὑ
2704 635 2990 706 ψάλλουσι.
3027 658 3047 691 t
3101 640 3190 694 Ἐν
3242 641 3447 713 χάριτι.
3487 664 3507 694 ο
3532 644 3632 697 Διά

366 720 600 789 gratiam
642 735 675 773 a
725 720 934 792 Spiritu
966 732 1161 779 sancto
1200 724 1382 778 datam
1415 726 1527 778 haec
1559 722 1739 778 facere
1767 722 1927 776 admo

2046 722 2147 791 τῆς
2180 724 2331 796 παρά
2373 727 2469 779 τοῦ
2520 726 2678 796 ἁγίου
2730 728 3046 800 Πνεὺματος
3107 731 3357 804 δοθείσης
3408 734 3629 804 χάριτος

367 818 479 874 net,
507 812 808 868 ostendens
844 830 953 870 non
984 830 1145 883 posse
1174 816 1292 871 sine
1324 818 1497 886 gratia
1542 816 1766 885 implere
1793 816 1942 870 talia.

370 918 390 951 ι
424 901 483 955 In
508 904 672 957 corde
702 912 905 959 vestro.
939 924 957 955 ι
989 903 1109 959 Non
1139 905 1466 975 simpliciter
1494 907 1615 960 solo
1648 920 1743 962 ore
1774 923 1789 960 ι
1816 920 1941 960 nam

365 991 468 1046 hoc
498 1009 606 1047 non
642 1002 725 1049 est
765 993 876 1049 Deo
900 1010 1118 1061 canere,
1152 994 1246 1050 sed
1292 995 1348 1049 in
1386 1009 1515 1049 aera
1552 995 1696 1065 loqui
1726 1012 1740 1048 :
1768 1009 1945 1065 neque

364 1082 434 1136 ad
469 1086 896 1140 ostentationem
954 1086 1049 1142 sed
1085 1087 1299 1141 occulta
1325 1087 1660 1157 operatione.
1691 1105 1710 1139 ι
1748 1086 1940 1141 Omnia

361 1174 416 1227 in
448 1175 669 1230 nomine
703 1177 938 1232 Domini.
976 1195 996 1228 ι
1030 1178 1211 1248 ipsum
1260 1177 1600 1234 Salvatorem
1635 1189 1689 1236 et
1716 1180 1944 1234 auxilia-

360 1274 532 1321 torem
562 1266 615 1321 in
650 1268 798 1324 omni
829 1283 995 1339 apere
1028 1283 1093 1325 ac
1123 1285 1379 1326 sermone
1413 1271 1753 1327 invocantes.
1784 1290 1802 1324 s
1839 1271 1944 1325 Per

360 1357 536 1413 illum.
570 1379 588 1410 ι
617 1359 786 1415 Recte
818 1360 1025 1416 dicitur
1053 1380 1068 1418 :
1097 1360 1202 1419 Per
1227 1365 1405 1434 ipsum
1437 1372 1491 1417 et
1525 1380 1648 1420 cum
1679 1365 1818 1434 ipso,
1841 1364 1942 1419 hoc

357 1449 579 1518 quidem
620 1462 845 1522 propter
888 1454 1258 1525 aqualitatem
1308 1464 1361 1510 et
1398 1456 1942 1511 consubstantialita-

356 1552 464 1596 tem
497 1543 562 1598 ad
591 1541 808 1600 Patrem
836 1564 851 1601 :
876 1547 1010 1602 illud
1044 1562 1172 1602 vero
1205 1552 1331 1620 quia
1366 1547 1633 1602 mediator
1674 1558 1860 1604 nosu-r
1886 1556 1941 1601 et

355 1635 619 1703 pontifex.
650 1636 765 1694 ﬁeri
811 1640 1071 1709 dignatus
1111 1648 1217 1705 est,
1268 1641 1488 1712 quando
1526 1639 1763 1697 Verbum
1808 1655 1940 1696 caro

356 1725 557 1781 factum
608 1740 713 1793 est,
749 1729 910 1799 juxta
964 1730 1329 1802 Seripturant.
1366 1749 1386 1784 ι
1437 1730 1670 1797 Uxores,
1707 1731 1940 1788 subdita:

352 1825 551 1874 estote.
596 1838 616 1871 ι
649 1817 784 1874 Cum
821 1822 968 1877 enim
1018 1836 1121 1893 ego
1169 1822 1287 1887 tibi,
1320 1830 1490 1893 tuque
1525 1820 1657 1875 mibi
1696 1822 1934 1876 vicissim

353 1909 705 1978 subjicimur,
734 1914 1013 1981 quomodo
1064 1921 1244 1984 potest
1287 1913 1568 1985 quidpiam
1617 1922 1807 1971 contra
1841 1928 1932 1966 vo-

354 1999 618 2058 luntatem
685 2003 1049 2074 contingere?
1102 2004 1513 2075 Subjectionem
1579 2013 1758 2059 autem
1811 2018 1933 2060 esse

350 2094 489 2160 vult,
525 2110 634 2149 non
679 2109 747 2150 ex
799 2096 1153 2154 simulatione
1180 2105 1275 2152 aut
1303 2097 1368 2152 ad
1400 2097 1720 2161 placendum
1754 2095 1933 2150 bomi-

352 2187 538 2252 nibus,
575 2187 670 2242 sed
720 2188 774 2242 in
827 2191 1027 2244 timore
1070 2187 1298 2245 Citl‘iSii.
1337 2206 1356 2240 ι
1397 2188 1553 2243 Sicut
1582 2188 1839 2243 convenit
1876 2188 1929 2242 in

351 2274 604 2336 Domino,
648 2295 668 2328 ι
702 2277 817 2333 iioc
864 2288 971 2344 est,
1005 2281 1169 2334 veluti
1215 2279 1417 2334 decens
1462 2286 1547 2335 est
1586 2280 1640 2333 in
1676 2280 1928 2337 Domino.

350 2367 511 2423 Decet
550 2378 731 2426 autem
793 2373 848 2426 in
902 2370 1155 2437 Domino,
1188 2380 1246 2427 ut
1289 2386 1427 2427 uxor
1460 2372 1680 2443 quidem
1710 2370 1929 2427 subdita

346 2460 440 2525 sit,
468 2462 552 2520 vir
602 2472 785 2519 autem
827 2463 1002 2532 ipsam
1052 2463 1268 2534 diligat.
1302 2481 1322 2515 ι
1361 2461 1500 2529 Viri,
1548 2462 1758 2531 diligite
1790 2477 1930 2519 uxo—

345 2567 454 2608 res.
496 2571 515 2605 ι
556 2553 664 2609 Eos
696 2569 942 2624 namque
974 2555 1066 2624 qui
1097 2555 1463 2610 obedientiam
1492 2554 1679 2611 fovere
1703 2555 1925 2621 debent,

346 2643 594 2712 pracipit
620 2653 679 2699 ut
699 2646 940 2716 diligant
974 2661 1197 2706 uxores.
1228 2646 1449 2713 liberos,
1474 2661 1665 2704 servos
1693 2665 1707 2703 :
1735 2662 1928 2718 quem-

344 2752 453 2806 que
503 2753 714 2805 ponens
760 2740 917 2809 juxta
962 2740 1286 2796 obedientiaa
1320 2742 1768 2811 propositionem.
1806 2758 1825 2793 ι
1860 2739 1928 2795 Et

343 2843 414 2885 ne
458 2831 583 2886 sitis
612 2832 940 2888 amarulenti
981 2833 1247 2889 adversus
1281 2833 1424 2890 illas.
1466 2853 1485 2885 I
1523 2834 1638 2890 Scit
1661 2849 1729 2889 ex
1756 2831 1925 2887 multo

341 2933 565 2991 quoque
622 2934 839 2978 amores
876 2937 1093 2995 pugnas
1138 2925 1274 2978 oriri
1321 2941 1336 2979 :
1382 2923 1590 2980 idcirco
1624 2938 1750 2979 cum
1785 2923 1921 2979 dile-

340 3013 578 3070 ctionem
630 3015 1031 3084 proposuisset,
1063 3015 1350 3086 subjunxit
1377 3033 1391 3070 :
1427 3016 1491 3069 Et
1521 3031 1590 3071 ne
1622 3015 1744 3073 sitis
1772 3029 1924 3070 ama-

339 3105 564 3161 rulenti.
618 3125 638 3158 ι
687 3107 1018 3163 Parentibus
1048 3108 1104 3164 in
1142 3109 1447 3164 omnibus:
1491 3128 1511 3163 ι
1558 3110 1802 3180 exceptis
1838 3110 1922 3165 bis

2044 811 2217 866 ταῦτα
2245 816 2420 868 ποιεῖν
2451 820 2732 887 παραινεῖ,
2759 818 2976 884 δεικνὺς
3005 820 3126 892 δίχα
3153 823 3379 893 χάριτος
3407 823 3482 894 μὴ
3535 822 3627 877 δύο

2046 905 2243 958 νασθαι
2264 906 2508 978 πληροῦν
2526 910 2596 963 τὰ
2619 910 2864 965 τοιαῦτα.
2901 932 2921 965 ι
2969 914 3058 967 Ἐν
3082 917 3149 986 τῇ
3171 914 3369 985 καρδίᾳ
3396 915 3573 984 ὑμῶν.
3597 932 3618 966 s

2045 997 2137 1067 Μὴ
2174 998 2360 1060 ἁπλῶς
2413 1001 2560 1073 μόνῳ
2629 1004 2880 1076 στόματι.
2924 1004 3099 1060 Τοῦτο
3154 1009 3265 1078 γὰρ
3315 1007 3415 1059 οὑκ
3475 1006 3624 1062 ἐστιν

2045 1085 2190 1157 ᾄδειν
2210 1086 2347 1159 Θεῷ,
2387 1090 2503 1144 ἀλλ’
2534 1092 2612 1155 εἰς
2644 1093 2786 1164 ἀέρα
2822 1094 3039 1151 λαλεῖν.
3074 1096 3185 1150 Καὶ
3222 1095 3296 1167 μὴ
3318 1097 3455 1167 πρὸς
3504 1096 3626 1149 ἐπί-

2043 1178 2230 1246 δειξιν,
2260 1182 2395 1236 ἀλλὰ
2422 1182 2510 1237 διὰ
2547 1187 2800 1257 κρυπτῆς
2821 1188 3101 1259 ἐργασίας.
3136 1206 3157 1241 s
3203 1190 3388 1243 Πάντα
3421 1190 3479 1242 ὲν
3500 1187 3623 1242 ὀνό-

2047 1286 2176 1341 ματι
2223 1274 2449 1343 Κυρίου.
2493 1295 2510 1327 ο
2579 1277 2751 1331 Αὑτὸν
2817 1280 3020 1344 παντὸς
3074 1280 3237 1352 ἔργου
3311 1282 3407 1335 καὶ
3461 1281 3622 1350 λόγου

2044 1363 2274 1436 Σωτῆρα
2313 1368 2407 1420 καὶ
2437 1367 2631 1439 βοηθὸν
2653 1370 3096 1442 ἐπικαλούμενοι.
3131 1392 3150 1425 ι
3198 1372 3278 1426 Δι’
3336 1374 3525 1427 αὑτοῦ.
3594 1393 3614 1425 ι

2042 1455 2116 1508 Τὸ
2164 1456 2233 1509 δι’
2258 1457 2425 1512 αὑτοῦ
2485 1460 2582 1514 καὶ
2619 1461 2717 1515 σὺν
2743 1462 2894 1533 αὑτῷ
2922 1463 3103 1528 καλῶς
3143 1463 3382 1534 λέγεται,
3418 1465 3480 1518 τὸ
3521 1465 3619 1535 μὲν

2040 1547 2129 1602 διὰ
2160 1549 2222 1602 τὸ
2263 1551 2376 1604 ἴσον
2431 1553 2523 1607 καὶ
2552 1554 2837 1624 ὁμοούσιον
2866 1555 2944 1627 τῷ
2993 1558 3188 1628 Πατρὶ,
3221 1558 3282 1610 τὸ
3308 1558 3388 1622 δὲ,
3426 1559 3617 1628 ἐπειδὴ

2045 1641 2271 1714 μεσίτης
2302 1643 2577 1714 ἡμῶνκαὶ
2597 1646 2890 1718 ἀρχιερεὺς
2932 1648 3133 1717 ἠξίωσε
3192 1649 3470 1716 γενέσθαι,
3525 1650 3617 1703 ὅτε

2040 1734 2069 1787 ὁ
2097 1734 2271 1803 Λόγος
2304 1737 2442 1808 σὰρξ
2468 1738 2685 1806 ἐγένετο
2712 1739 2855 1793 κατά
2894 1739 2994 1811 τὴν
3049 1741 3294 1813 Γραφήν.
3329 1760 3349 1793 ι
3408 1744 3472 1794 At
3521 1758 3619 1810 γυ-

2040 1830 2244 1895 ναῖκες,
2270 1828 2667 1886 ὑποτάσσεσθε.
2705 1850 2724 1884 ι
2754 1831 2925 1885 Ὅταν
2942 1832 3050 1902 γὰρ
3082 1832 3147 1885 σὺ
3180 1832 3279 1902 μὲν
3304 1833 3450 1902 ἐμοὶ,
3503 1830 3616 1901 ἐγὼ

2039 1919 2097 1972 δὲ
2164 1921 2247 1973 σοὶ
2299 1920 2696 1992 ὑποτέταγμαι,
2763 1923 2881 1987 πῶς
2934 1923 3011 1977 ἔνι
3044 1941 3098 1978 τι
3151 1924 3260 1977 τῶν
3301 1924 3618 1995 ἀϐουλήτων

2040 2012 2364 2083 συμϐῆναις
2401 2015 2511 2086 Τὴν
2566 2014 2623 2069 δὲ
2653 2016 2955 2089 ὑποταγὴν,
2993 2017 3053 2069 οὑ
3092 2017 3214 2070 καθ’
3245 2016 3533 2088 ὑπόκρισιν
3577 2016 3614 2088 ἠ

2038 2101 2565 2175 ἀνθρωπαρέσκειαν
2630 2105 2883 2177 βούλεται
2941 2101 3101 2172 εἷναι,
3165 2105 3283 2162 ἀλλ’
3326 2106 3386 2159 ὲν
3463 2106 3616 2177 φόϐῳ

2038 2195 2297 2265 Χριστοῦ.
2344 2214 2362 2247 ι
2404 2194 2491 2260 Ὦς
2521 2196 2720 2267 ἀνῆκεν
2745 2199 2802 2251 ὲν
2836 2198 3048 2268 Κυρίῳ.
3093 2215 3113 2249 ι
3165 2196 3479 2264 Τουτέστιν,
3536 2196 3615 2261 ὼς

2037 2286 2240 2357 πρέπει
2270 2288 2327 2340 ἐν
2353 2287 2563 2359 Κυρίῳ.
2609 2286 2696 2340 Ἐν
2728 2288 2787 2341 δὲ
2822 2288 3013 2361 Κυρίῳ
3064 2286 3288 2359 πρέπει,
3356 2287 3454 2359 τὴν
3513 2288 3615 2356 μὲν

2035 2380 2268 2448 γυναῖκα
2293 2379 2714 2444 ὑποτάσσεσθαι,
2746 2382 2839 2435 τὸν
2866 2382 2922 2434 δὲ
2952 2381 3122 2451 ἄνδρα
3153 2381 3373 2450 ἀγαπᾷν
3417 2380 3610 2449 αὑτήν.

2042 2488 2062 2522 ι
2128 2470 2193 2523 Οί
2250 2470 2464 2542 ἄνδρες,
2527 2471 2781 2540 ἀγαπᾶτε
2809 2472 2908 2535 τὰς
2935 2472 3220 2540 γυναῖκας.
3275 2488 3295 2523 ι
3331 2471 3457 2524 Ὅτι
3486 2456 3612 2536 reb;

2033 2562 2131 2635 τὴν
2165 2563 2411 2635 ὑπακοὴν
2443 2564 2756 2634 ὀφείλοντας
2787 2565 3029 2636 ὑπέχειν,
3067 2564 3296 2634 ἀγαπᾷν
3327 2563 3606 2634 προστάσ-

2036 2674 2139 2717 σει.
2177 2657 2276 2718 τὰς
2301 2660 2587 2726 γυναῖκας,
2628 2658 2697 2711 τὰ
2725 2657 2910 2722 τέκνα,
2950 2656 3079 2720 τοὺς
3105 2655 3346 2719 δούλους,
3376 2654 3608 2708 ἑκαστον

2031 2749 2203 2814 τιθεὶς
2228 2749 2372 2803 κατά
2413 2747 2513 2820 τὴν
2534 2748 2832 2816 ἀναλογίαν
2851 2748 2948 2817 τῆς
3001 2748 3270 2817 ὑπακοῆς.
3317 2764 3335 2797 s
3374 2745 3481 2797 Καὶ
3531 2745 3611 2815 μὴ

2034 2839 2393 2911 πικραίνεσθε
2453 2839 2591 2910 πρὸς
2654 2839 2846 2901 αὑτάς.
2877 2856 2899 2889 ι
2946 2832 3066 2892 οἶδε
3120 2837 3215 2891 καὶ
3252 2836 3361 2889 ἀπὸ
3405 2834 3609 2904 πολλῆς

2029 2934 2217 3003 ἀγάπη
2231 2951 2270 2998 :,
2309 2932 2488 3004 μάχας
2509 2931 2851 3002 τικτομένας,
2875 2930 2955 2984 διδ
2980 2929 3079 3001 τὴν
3116 2928 3225 2998 ἀγὰ
3237 2946 3338 2997 πην
3359 2927 3611 2997 προθεὶς,

2029 3025 2089 3077 τι
2126 3025 2200 3095 μὴ
2233 3024 2585 3094 πικραίνεσθε
2613 3024 2915 3092 ἐπήγαγεν.
2956 3040 2974 3073 t
3035 3022 3158 3084 Τοῖς
3183 3020 3400 3089 γονεῦσι
3463 3021 3610 3073 κατὰ

2031 3116 2230 3179 πάντα,
2279 3133 2298 3167 s
2332 3115 2454 3185 δίχα
2487 3114 2595 3167 τῶν
2626 3115 2707 3177 είς
2729 3111 2984 3167 ἀσέδειαν
3014 3112 3314 3183 φερόντων.
3376 3129 3397 3162 ι
3434 3109 3608 3163 Τοῦτο

344 3214 467 3268 quae
499 3198 568 3253 ad
601 3198 939 3267 impietatem
972 3200 1177 3256 ferunt.
1218 3221 1237 3253 ι
1274 3201 1390 3258 Hoc
1418 3203 1564 3257 enim
1607 3202 1920 3271 beneplacet

2034 3209 2136 3280 γάρ
2161 3210 2309 3269 ἐστιν
2335 3208 2630 3277 εὐάρεστον
2661 3206 2740 3277 τῷ
2769 3206 2979 3277 Κυρίῳ.
3033 3224 3051 3256 ι
3095 3206 3202 3257 Καὶ
3223 3203 3386 3274 νόμον
3415 3201 3606 3274 τίθησι

344 3291 597 3346 Domino.
640 3308 660 3342 ι
712 3290 910 3362 Legem
956 3293 1122 3348 etiam
1171 3294 1348 3363 ponit,
1385 3310 1508 3365 quae
1550 3293 1920 3349 obedientiam

340 3390 568 3446 statuat,
618 3383 760 3438 ﬁlios
804 3387 980 3455 magis
1017 3387 1339 3441 exhortans.
1379 3405 1398 3438 ι
1434 3385 1512 3439 Ne
1542 3385 1923 3456 despondeant

339 3476 609 3531 animum.
639 3494 660 3529 ι
694 3477 791 3531 Est
824 3479 915 3532 ubi
943 3480 1108 3532 etiam
1139 3481 1432 3534 connivere
1461 3478 1693 3536 debetis.
1720 3477 1920 3548 inquit,

340 3584 409 3623 ne
448 3577 710 3638 perpetuo
737 3571 944 3635 tristes,
974 3571 1276 3625 reddantur
1305 3571 1787 3625 contentiosiores.

412 3659 502 3721 Ill,
536 3659 736 3716 22-25.
777 3660 948 3727 Servi,
980 3663 1187 3717 obedite
1219 3679 1313 3732 per
1357 3663 1540 3717 omnia
1568 3661 1798 3716 dominis
1833 3677 1920 3715 se-

339 3749 566 3807 cundum
601 3767 831 3818 carnem,
858 3770 965 3808 non
1004 3754 1266 3824 obsequiis
1296 3755 1364 3807 ad
1395 3753 1607 3807 oculum
1647 3752 1918 3818 exhibitis,

340 3857 592 3915 umquam
633 3844 931 3901 lmminibus
960 3847 1168 3917 placere
1203 3846 1493 3915 studentes,
1518 3846 1608 3901 sed
1636 3862 1756 3900 cum
1790 3848 1922 3900 sim-

336 3940 578 4008 plicitate
598 3938 772 3995 cordis
792 3942 1031 3995 timentes
1051 3939 1404 4010 Deum.142
1426 3938 1490 3994 Et
1513 3939 1770 4010 quidquid
1786 3939 1923 4009 [ece-

340 4033 483 4099 ritis,
498 4049 562 4087 ex
579 4034 756 4088 animo
784 4031 1087 4099 aperemt'tti,
1109 4038 1361 4103 tanquam
1386 4028 1611 4083 Domino
1628 4037 1797 4085 etnon
1825 4027 1917 4081 lto-

342 4127 593 4191 minibus,
613 4129 834 4182 scientes
857 4123 996 4195 quod
1019 4141 1051 4178 α
1085 4123 1314 4178 Domino
1356 4124 1617 4193 recipietis
1636 4121 1919 4179 mercedem

340 4218 690 4274 Itwreditatis.
728 4214 882 4270 ‘Nam
908 4214 1136 4269 Domino
1167 4213 1376 4269 Christo
1400 4216 1628 4268 servitis.
1657 4213 1920 4268 tharum

338 4311 428 4380 qui
472 4311 650 4383 inique
692 4312 803 4380 agit
850 4311 1040 4380 referet
1078 4320 1352 4377 peccatum
1398 4324 1576 4376 suum,
1615 4318 1662 4362 et
1704 4324 1806 4362 non
1842 4316 1920 4362 est

337 4420 687 4474 personarum
726 4414 1006 4472 respectus.

411 4496 614 4552 Servos
645 4497 987 4565 consolatur,
1017 4495 1208 4552 dicens
1242 4496 1635 4568 propemodum
1671 4512 1686 4552 :
1718 4494 1916 4552 Carnis

2024 3303 2118 3356 τὸν
2144 3301 2242 3374 τὴν
2272 3300 2519 3373 ὑπακοὴν
2552 3297 2966 3371 νομοθετοῦντα,
2997 3296 3159 3350 πλέον
3205 3296 3486 3367 ἐντρέπων
3534 3295 3607 3347 τὸ

2025 3392 2213 3448 τέκνα.
2249 3409 2268 3443 ι
2296 3392 2416 3446 Ἵνα
2443 3389 2518 3462 μὴ
2545 3388 2848 3459 ἀθυμῶσιν.
2889 3404 2908 3438 ι
2992 3387 3181 3439 Ἔστιν
3210 3386 3300 3438 ὅτε
3334 3384 3431 3438 καὶ
3465 3400 3606 3456 παρ-

2023 3486 2158 3557 ορᾷν
2195 3484 2465 3554 ὀφείλετε,
2493 3485 2681 3553 φησιν,
2710 3481 2796 3534 ἴνα
2838 3481 2913 3551 μὴ
2938 3478 3273 3550 ἀθυμοῦντες
3328 3478 3414 3531 ἀεὶ
3454 3477 3603 3546 φιλο-

2024 3590 2079 3626 νε
2089 3574 2234 3627 ικότε
2243 3591 2326 3644 ροι
2355 3573 2641 3641 γένωνται.

2096 3667 2161 3718 Oi
2216 3664 2426 3719 δοῦλοι
2465 3663 2807 3719 ὑπακούετε
2863 3661 3018 3716 κατὰ
3074 3661 3271 3717 πάντα
3293 3662 3418 3729 τοῖς
3451 3660 3603 3717 κατὰ

2022 3757 2222 3825 σάρκα
2254 3756 2503 3825 κυρίοις,
2531 3755 2618 3825 μὴ
2640 3756 2711 3809 ἐν
2758 3756 3344 3824 ὀφθαλμοδουλείαις
3383 3756 3464 3821 ὠς
3490 3757 3601 3811 ἀν-

2021 3847 2453 3917 θρωπάρεσκοι,
2480 3848 2618 3901 ἀλλ’
2640 3847 2712 3901 ἐν
2747 3848 3040 3915 ἁπλότητι
3064 3847 3335 3917 καρδίας,
3378 3849 3600 3917 φοϐού-

2015 3960 2188 4014 μενοι
2241 3943 2351 3997 τόν
2383 3942 2553 3996 Θεόν.
2599 3941 2709 3995 Kal
2761 3941 2885 3996 πᾶν
2950 3941 2984 3995 ὅ
3050 3959 3104 3995 τι
3133 3941 3242 3995 ἐὰν
3267 3940 3497 4009 ποιῆτε,
3530 3940 3601 4001 ἐκ

2020 4038 2231 4107 ψυχῆς
2258 4035 2571 4106 ἐργάζεσθε
2597 4035 2677 4102 ὠς
2707 4034 2787 4101 τῷ
2817 4036 3027 4103 Κυρίῳ,
3077 4035 3176 4089 καί
3198 4037 3310 4090 οὐκ
3357 4034 3586 4103 ἀνθρώ-

2020 4145 2177 4198 ποις,
2221 4130 2445 4196 ειδότες
2467 4130 2556 4183 ὅτι
2611 4128 2731 4183 ἀπὸ
2782 4130 3002 4198 Κυρίου
3029 4129 3425 4197 ἀπολήψεσθε
3486 4126 3603 4195 τὴν

2020 4220 2433 4276 ἀνταπόδοσιν
2475 4219 2587 4287 τῆς
2624 4219 3049 4287 κληρονομίας.
3105 4217 3189 4285 Τῷ
3234 4218 3344 4289 γὰρ
3393 4218 3597 4286 Κυρίῳ

2019 4310 2251 4380 Χριστῷ
2274 4308 2613 4365 δουλεύετε.
2680 4308 2744 4362 '0
2801 4307 2869 4361 δὲ
2917 4306 3164 4376 ἀδικῶν,
3223 4311 3514 4380 κομιεῖται
3564 4311 3597 4365 ὃ

2019 4403 2339 4473 ἠδίκησεν,
2380 4402 2476 4457 καὶ
2528 4404 2641 4456 οὐκ
2667 4401 2802 4456 ἐστι
2867 4405 3380 4471 προσωποληψία.

2094 4492 2513 4566 Παραμυθεϊται
2561 4494 2693 4557 τοὺς
2756 4493 3000 4556 δούλους,
3060 4494 3348 4565 μονονουχὶ
3404 4493 3596 4563 λέγων,

341 4592 429 4645 bis
462 4591 673 4645 Domini
713 4599 863 4646 sunt.
894 4589 1049 4656 Quod
1077 4589 1131 4644 in
1164 4590 1321 4645 vobis
1353 4590 1547 4645 melius
1585 4596 1694 4652 est,
1726 4602 1922 4657 nempe

2034 4587 2237 4660 Σαρκός
2268 4588 2406 4641 είσιν
2432 4579 2580 4641 οὗτοι
2640 4585 2841 4656 κύριοι.
2897 4585 2972 4639 To
3013 4588 3262 4658 κρεῖττον
3327 4587 3386 4638 ὲν
3431 4586 3535 4647 σοι,
3565 4586 3598 4654 ἡ

338 4680 560 4754 anima,
614 4695 721 4735 non
775 4679 1073 4750 subjicitur
1121 4679 1366 4733 humano
1424 4679 1709 4733 servitutis
1765 4677 1919 4748 jugo.

346 4791 365 4824 ι
406 4772 526 4827 Νοη
573 4772 856 4842 obsequiis
901 4771 969 4829 ad
1017 4772 1240 4825 oculum
1286 4769 1572 4826 exhibitis.
1613 4788 1633 4822 ι
1669 4768 1786 4824 Νοιι
1832 4783 1924 4825 so-

341 4865 476 4933 lum,
508 4865 711 4937 inquit,
743 4866 993 4925 intuente
1045 4865 1277 4919 Domino
1329 4864 1493 4919 facite
1549 4878 1672 4934 quae
1715 4862 1920 4927 dicent,

339 4975 530 5014 rerum
570 4961 738 5013 etiam
773 4974 881 5013 non
915 4958 1150 5013 vidente.
1179 4986 1251 5000 -ι
1282 4974 1301 5007 ι
1346 4953 1630 5026 Tanquam
1685 4955 1923 5009 immini-

340 5053 445 5105 bus
479 5053 696 5121 placere
727 5052 1032 5107 studentes.
1078 5068 1097 5102 ι
1134 5047 1337 5103 Facere
1370 5046 1516 5102 enim
1549 5061 1670 5117 qua!
1699 5046 1917 5110 decent,

340 5145 580 5197 dominis
624 5155 886 5212 tanquam
915 5140 1317 5212 spectantibus,
1346 5137 1516 5194 studii
1550 5145 1635 5193 est
1670 5137 1919 5208 placendi

343 5234 680 5299 hominibus,
722 5241 777 5287 et
824 5248 933 5287 non
986 5230 1206 5286 timoris
1254 5228 1370 5284 Dei.
1406 5227 1690 5299 Siquidem
1733 5229 1779 5282 is
1826 5229 1919 5297 qui

346 5327 516 5380 Dt'tlttl
555 5332 773 5380 veretur
800 5322 987 5377 omnia
1029 5337 1153 5378 cum
1188 5320 1538 5392 simplicitate
1586 5319 1737 5376 facit.
1774 5339 1793 5374 ι
1842 5318 1919 5374 Ε(

341 5420 525 5473 animo
575 5416 900 5487 operemini.
949 5434 968 5467 ι
1017 5413 1136 5469 Non
1187 5422 1401 5468 tantum
1457 5413 1809 5469 simulatione
1857 5429 1921 5469 ac

338 5511 525 5566 studio
576 5509 825 5580 placendi
876 5507 1191 5563 hominibus
1231 5505 1347 5561 vult
1394 5520 1491 5562 eos
1530 5520 1654 5561 esse
1695 5505 1921 5572 liberos,

336 5620 530 5658 verum
562 5603 725 5656 etiam
761 5603 873 5656 otio
908 5615 972 5655 ac
1003 5600 1257 5670 segnitie.
1279 5599 1435 5664 Quod
1477 5604 1658 5652 autem
1689 5598 1759 5652 ait
1795 5614 1807 5652 :
1845 5595 1921 5650 Ex

339 5698 548 5762 animo,
587 5695 692 5748 hoc
742 5701 848 5760 est,
881 5708 945 5749 ex
981 5692 1385 5755 benevolentia,
1418 5697 1474 5746 et
1521 5690 1671 5746 omni
1716 5705 1838 5760 qua:
1865 5690 1921 5744 in

338 5788 496 5844 vobis
550 5786 715 5842 fuerit
761 5793 1053 5857 potestate.
1102 5801 1121 5835 ι
1167 5783 1452 5854 Tanquam
1503 5781 1757 5838 Domino.
1806 5800 1825 5835 ι
1878 5785 1923 5835 Δ

341 5881 619 5943 θεοπουοὶ
668 5895 832 5938 sensu
880 5872 1417 5950 supplendum'est:
1457 5874 1794 5949 Operemini,
1826 5890 1924 5947 per

2026 4675 2194 4747 ψυχὴ,
2218 4674 2317 4746 οὑχ
2345 4674 2630 4729 ὑπόκειται
2659 4674 2982 4746 ἀνθρωπίνῳ
3001 4675 3245 4739 δουλείας
3270 4674 3473 4745 ζυγῷ.ι
3507 4676 3599 4745 Μὴ

2028 4771 2086 4823 ὲν
2110 4768 2648 4839 ὀφθαλμοδουλείαις.
2688 4788 2706 4822 ι
2744 4770 2835 4839 Μὴ
2887 4768 3067 4839 μόνον.
3117 4770 3307 4840 φησιν,
3361 4768 3599 4840 ὁρῶντος
3661 4819 3668 4828 ,

2027 4860 2121 4915 τοῦ
2153 4860 2426 4914 Δεσπόιωυ
2496 4860 2767 4931 πράττετε
2825 4861 2893 4913 τὰ
2946 4860 3155 4926 δέοντα,
3220 4860 3356 4915 ἀλλά
3391 4861 3485 4913 καὶ
3521 4861 3599 4930 μὴ

2026 4953 2282 5023 ὁρῶντος.
2310 4982 2373 4994 -
2411 4970 2430 5004 ι
2451 4952 2540 5016 Ὠς
2569 4953 3044 5024 ἀνθρωπάρεσκοι.
3085 4972 3103 5004 ι
3137 4952 3337 5026 [ΦΩΤ,]
3368 4954 3441 5006 Τὸ
3491 4953 3600 5023 γὰρ

2028 5042 2280 5113 ὁρώντων
2322 5042 2481 5113 μόνον
2509 5042 2618 5095 τῶν
2643 5042 2917 5106 δεσποτῶν
2947 5042 3211 5113 πράττειν
3255 5044 3323 5097 τὰ
3383 5045 3596 5105 δέοντα,

2028 5132 2550 5205 ἀνθρωπαρεσκείας
2592 5135 2709 5188 ἐστὶ
2743 5137 2835 5187 καὶ
2861 5136 2923 5189 οὑ
2976 5135 3143 5205 φόδου
3186 5134 3345 5190 Θεοῦ.
3388 5135 3445 5188 '0
3491 5136 3599 5204 γὰρ

2029 5226 2120 5279 τὸν
2139 5227 2275 5279 Θεὸν
2298 5225 2653 5296 φοϐούμενος,
2687 5227 2822 5294 μετὰ
2853 5225 3153 5295 ἁπλότητος
3188 5226 3364 5279 πάντα
3417 5226 3597 5294 πράτο

2027 5337 2131 5374 τει.
2168 5337 2187 5370 t
2229 5320 2325 5373 Ἐκ
2349 5320 2526 5389 ψυχῆς
2558 5318 2873 5389 ἐργάζεσθε.
2917 5338 2935 5370 ι
2970 5318 3046 5372 Οὑ
3074 5318 3231 5388 μόνον
3260 5315 3601 5384 ὑποκρίσεως

2030 5412 2125 5464 καὶ
2153 5410 2680 5481 ἀνθρωπαρισκείας
2712 5409 2961 5481 βούλεται
3018 5410 3221 5473 αὑτοὺς
3277 5407 3602 5478 ἐλευθέρους

2029 5500 2191 5570 εἶναι,
2230 5503 2368 5557 ἀλλά
2436 5504 2531 5558 καὶ
2571 5504 2768 5575 ἀργίας
2821 5504 2915 5556 καὶ
2964 5501 3227 5564 νωθείας.
3274 5500 3349 5553 Τὸ
3366 5500 3444 5562 δὲ,
3507 5498 3601 5550 Ἐκ

2027 5597 2227 5667 ψυχῆς,
2249 5594 2550 5659 τουτέστιν,
2583 5596 2640 5662 ἐξ
2683 5594 2897 5657 εὐνοίας
2950 5594 3045 5648 καὶ
3069 5593 3168 5663 ὅση
3196 5591 3444 5662 δύναμις,
3497 5604 3604 5657 φη-

2032 5692 2136 5748 σίν.
2179 5710 2198 5744 ι
2250 5692 2338 5754 Ὠς
2371 5690 2449 5761 τῷ
2487 5689 2699 5762 Κυρίῳ.
2740 5708 2759 5743 ι
2808 5689 2942 5742 Ἀπὸ
2984 5686 3167 5742 κοινοῦ
3217 5686 3299 5753 es,
3336 5683 3605 5756 Ἐργάζε-

2032 5783 2178 5851 σθαι,
2207 5782 2351 5837 κατά
2385 5782 2763 5853 μετάπτωσιν,
2806 5780 2883 5844 ὡς
2939 5780 3016 5850 τῷ
3067 5778 3278 5849 Κυρίῳ,
3336 5778 3430 5832 καὶ
3497 5776 3601 5828 οὑκ

2031 5876 2345 5950 ἀνθρώποις
2366 5875 2743 5948 ἐργαζόμενοι.
2783 5891 2801 5926 t
2838 5873 3048 5939 Εἱδὸτες
3076 5874 3157 5929 ὅτι
3185 5872 3291 5935 ἀπὸ
3321 5870 3549 5943 Κυρίου.
3569 5881 3599 5930 s
