4036 6610
303 449 383 511 ιι)

1299 447 1680 512 COMMENT.
1729 452 1808 512 ῘΝ
1853 448 2092 510 EPIST.
2132 448 2233 506 AD
2270 443 2567 506 COLOSS.
3481 439 3550 502 50

305 564 423 618 Καὶ
452 564 588 634 τίςή
619 563 974 629 ἀνταπῦδοσις
1005 566 1082 636 τῷ
1119 564 1309 636 δούλῳ,
1347 569 1411 620 ὲκ
1443 566 1624 637 ψυχῆς
1656 565 1883 637 ἐργαζο-

2009 561 2332 633 netaptosim
2380 561 2495 614 sive
2546 553 3080 611 transmutationem.
3125 551 3408 622 Tanquam
3449 551 3555 606 Do-

305 655 501 724 μὲνῳς
551 656 774 725 Πρῶτον
823 658 941 726 μὲν,
990 660 1018 711 ὁ
1048 659 1156 711 ἀπὸ
1189 659 1323 712 Θεοῦ
1351 659 1562 728 μισθός.
1619 658 1776 711 Ἐστι
1827 655 1884 709 δὲ

303 746 399 800 ὅτε
459 751 553 800 καὶ
587 748 697 800 ἀπὸ
724 749 817 802 τοῦ
853 751 1148 804 Δεσπότου.
1195 770 1213 802 ι
1250 751 1339 821 Τῷ
1368 750 1476 822 γὰρ
1517 749 1710 821 Κυρίῳ
1754 749 1886 816 Χρι-

305 837 423 907 στῷ
445 838 751 894 δουλεύετε.
791 860 808 892 ι
850 843 976 894 "Ott
1005 841 1061 894 δὲ
1091 842 1167 912 τῷ
1197 841 1389 912 Κυρίῳ
1450 841 1671 913 Χριστῷ
1716 839 1884 909 ὲργᾶιο

307 930 495 994 ζεσθε,
527 933 684 1001 δῆλον
713 933 774 985 ἔκ
811 950 868 986 τε
903 933 996 986 τοῦ
1063 934 1154 986 τὸν
1205 933 1495 987 εὐνοοῦντα
1544 933 1672 1004 παρ’
1719 931 1884 986 αὐτοῦ

305 1021 412 1089 τὴν
438 1023 799 1076 ἀνταπόδοσιν
827 1023 1142 1093 λαμϐάνειν,
1174 1025 1268 1077 καὶ
1293 1024 1382 1077 τὸν
1407 1023 1591 1078 ἄδικον
1613 1023 1712 1094 τὴν
1742 1018 1883 1090 πρέ-

307 1129 522 1166 πουσαν
548 1115 882 1166 ἁντέιιτισιν.
921 1133 938 1166 ι
974 1113 1074 1168 Καὶ
1099 1115 1200 1168 ούκ
1226 1111 1818 1184 ἔσττπροσωπολητῖρία.
1863 1126 1880 1159 ι

323 1204 451 1256 Ἐπὶ
475 1204 584 1257 τῶν
625 1204 904 1258 δεσποτῶν
930 1205 1183 1275 ἁρμόδιον
1210 1202 1278 1276 ἦν
1296 1207 1470 1258 εἰπεῖν
1495 1205 1556 1258 τὸ
1578 1204 1679 1273 τῆς
1729 1221 1896 1274 προσ-

306 1295 654 1365 ωποληψίας.
716 1296 781 1348 Τί
805 1295 898 1349 οῦν
933 1297 1068 1349 αὐτὸ
1093 1297 1186 1349 ἐπὶ
1213 1296 1320 1350 τῶν
1351 1295 1551 1348 δούλων
1598 1295 1840 1348 τέθεικεν
1869 1311 1885 1360 ;

312 1387 347 1456 ἦ
379 1388 462 1440 ὅτι
485 1388 585 1440 ούκ
611 1387 822 1459 ἐλεήσει
848 1389 1060 1458 πτωχὸν
1098 1391 1157 1442 ὲν
1194 1389 1376 1459 κρίσει
1415 1388 1442 1441 ὁ
1474 1386 1628 1451 Θεὸς,
1661 1387 1694 1457 ἢ
1753 1387 1890 1457 πρὸς

315 1477 676 1546 Χριστιανοὺς
699 1479 918 1544 δούλους
964 1480 1138 1550 λέγει,
1187 1475 1266 1544 οἷς
1319 1481 1428 1533 είσι
1461 1480 1719 1534 δεσπόται
1760 1480 1889 1532 ’Ἐλ-

313 1568 441 1638 ληνε
449 1586 498 1631 ς.

1990 654 2138 707 mino
2170 661 2224 708 et
2253 666 2361 706 non
2393 651 2710 705 hominibus
2739 655 3047 720 Operantes.
3086 667 3103 698 ι
3139 646 3387 700 Scientes
3414 645 3556 714 quod

1989 761 2019 799 a
2058 745 2306 799 Domino.
2351 762 2370 795 ι
2403 741 2468 796 Ει
2498 758 2619 811 qua:
2652 743 2757 796 erit
2803 737 3089 793 retributio
3136 753 3306 793 servo
3334 753 3400 791 ex
3435 737 3556 790 aui-

1990 852 2080 890 mo
2114 835 2399 905 operanti?
2427 832 2666 920 Primum
2698 831 2917 902 quidem
2962 844 3173 885 merces
3209 832 3313 883 erit
3339 843 3368 881 a
3399 827 3506 881 Deo
3543 844 3556 880 :

1989 928 2190 983 accidit
2221 935 2402 982 autem
2445 925 2774 995 quandoque
2817 930 2875 976 ut
2909 921 3070 978 etiam
3113 935 3142 974 a
3175 935 3276 976 suo
3310 919 3557 974 Domino.

1993 1039 2013 1071 ι
2057 1019 2188 1072 Nam
2233 1017 2464 1072 Domino
2505 1016 2724 1071 Christo
2771 1012 3012 1070 servitis.
3057 1029 3076 1064 ι
3127 1009 3283 1076 Quod
3334 1011 3562 1064 Domino

1987 1110 2210 1166 Christo
2260 1107 2585 1180 Operemini,
2631 1108 2794 1163 etiam
2843 1106 2894 1160 ei
2946 1103 3295 1159 manifestum
3341 1111 3427 1156 est
3470 1101 3563 1171 qui

1990 1203 2424 1259 consideraverit
2460 1216 2519 1256 se
2551 1202 2621 1256 ab
2649 1215 2716 1255 eo
2742 1198 3156 1254 retributionem
3185 1205 3562 1266 accepturum,

1993 1301 2048 1349 et
2070 1309 2196 1348 eum
2227 1294 2320 1362 qui
2347 1292 2551 1361 injuste
2579 1299 2857 1359 operatur,
2885 1289 3134 1344 meritam
3163 1287 3566 1357 repensionem.

2002 1403 2021 1437 ι
2058 1386 2124 1439 Ει
2155 1399 2264 1439 non
2303 1393 2387 1440 est
2427 1398 2784 1454 personarum
2819 1388 3124 1451 respectus.
3162 1399 3182 1433 ι
3221 1378 3299 1435 De
3331 1379 3570 1434 dominis

2000 1477 2173 1547 magis
2204 1484 2392 1546 aptum
2423 1484 2542 1529 erat
2590 1483 2650 1528 ut
2691 1475 2897 1530 diceret
2929 1472 2997 1527 de
3025 1480 3290 1542 respectu
3311 1486 3571 1540 persona-

2002 1583 2124 1622 rum
2163 1582 2378 1637 :quare
2409 1581 2541 1638 ergo
2573 1567 2674 1621 hoc
2704 1565 2772 1621 de
2813 1564 2987 1621 servis
3034 1564 3252 1635 posuit?
3293 1565 3401 1618 Aut
3445 1566 3572 1634 quia

317 1680 427 1717 non
475 1667 826 1726 miserebitur
853 1669 1110 1740 pauperis
1139 1670 1195 1724 in
1227 1669 1437 1742 judicio
1469 1667 1658 1726 Deus:
1725 1674 1821 1721 aut
1889 1664 2136 1735 loquitur
2187 1663 2521 1720 Christianis
2577 1664 2794 1731 servis,
2858 1663 3060 1734 quibus
3122 1661 3328 1718 domini
3411 1667 3570 1716 erant

316 1754 521 1811 Graeci.

385 1850 450 1899 Οἱ
477 1847 670 1916 κύριοι
686 1849 751 1902 τι)
779 1849 1014 1902 δίκαιον
1042 1847 1140 1902 καί
1167 1847 1280 1917 τὴν
1308 1849 1564 1917 ἰσότητα
1594 1847 1719 1914 τοῖς
1745 1847 1886 1901 δού-

2066 1843 2154 1909 ιν,
2192 1843 2303 1898 1-6.
2343 1844 2439 1898 Vos
2475 1859 2706 1910 aomtnt,
2742 1845 3043 1914 aequitatem
3087 1853 3136 1896 et
3180 1843 3574 1907 αιιιιιίὺίιὶιαιιιηι

313 1941 448 2004 ,ιοις
481 1940 790 2008 παρέχετε,
817 1941 1039 2008 ειδότες
1062 1938 1150 1994 ὅτι
1179 1941 1277 2013 καὶ
1301 1941 1469 2011 ὑμεῖς
1486 1940 1655 2009 ἔχετε
1678 1940 1896 2008 Κύριον

2009 1943 2158 1994 servis
2187 1938 2467 1994 exhibete:
2491 1941 2716 1994 scientes
2745 1939 2885 2009 quod
2921 1948 2972 1993 et
3005 1955 3093 1993 vos
3125 1939 3365 1994 habeatis
3394 1939 3576 1994 Domi-

313 2029 389 2082 ὸν
451 2032 753 2098 οὐρανοῖς.
829 2031 906 2101 Τῇ
989 2031 1302 2100 προσευχῇ
1372 2029 1894 2101 προσκαρτερεῖτε,

319 2122 754 2190 γρηγοροῦντες
800 2123 874 2176 ἐν
909 2122 1063 2191 αὐτῇ
1108 2124 1179 2176 ἐν
1221 2123 1597 2192 εὐχαριστίᾳ,
1635 2135 1896 2190 προσευ-

319 2214 568 2281 χόμενοι
609 2213 730 2282 ἅμα
757 2215 854 2267 καί
886 2214 1018 2281 περὶ
1052 2212 1246 2281 ἡμῶν,
1289 2213 1391 2266 ἵνα
1437 2217 1468 2268 ό
1501 2214 1645 2278 Θεὸς
1683 2211 1897 2280 ἀνοίξῃ

318 2305 470 2372 ἡμῖν
495 2307 686 2373 θύραν
713 2305 822 2359 τοῦ
866 2307 1080 2374 λόγου,
1119 2303 1393 2372 λαλῆσαι
1451 2302 1516 2357 τὸ
1563 2301 1900 2373 μυστήριον·

321 2397 429 2450 τοῦ
474 2397 759 2466 Χριστοῦ,
799 2397 927 2452 δι’ὃ
969 2397 1064 2450 καὶ
1132 2395 1390 2466 δέδεμαι,
1441 2397 1542 2450 ἵνα
1578 2393 1900 2464 φανερώσει

320 2490 492 2555 αὐτὸ,
522 2491 603 2556 ὡς
625 2489 813 2560 δεῖρε
839 2489 1132 2559 λαλῆσαι.
1176 2491 1278 2545 Ἑν
1300 2489 1484 2558 σοφίᾳ
1511 2487 1900 2557 περιπατεῖτε,

321 2579 473 2646 πρὲς
495 2580 638 2644 τοὺς
673 2580 789 2645 ἔξω
834 2580 942 2634 τὸν
1007 2579 1217 2648 καιρὸν
1266 2577 1780 2650 ἐξαγοραζόμενοι.
1838 2576 1903 2630 '0

317 2671 507 2738 ,λόγος
545 2670 710 2740 ὑμῶν
765 2669 1022 2726 πάντοτε
1059 2673 1132 2725 ἐν
1182 2669 1372 2740 χάριτι
1427 2670 1602 2725 ἅλατι
1653 2669 1904 2738 ἠρτυμε-

320 2777 450 2825 νος,
510 2759 727 2816 ειδέναι
766 2759 890 2828 πῶς
921 2761 1019 2815 δεῖ
1069 2760 1224 2830 ὑμᾶς
1251 2760 1341 2814 ἐνί
1379 2759 1624 2827 ἑκάστῳ
1659 2760 1905 2831 ἀποκρί-

323 2857 563 2909 νεσθαι.

403 2947 478 2998 Τὸ
507 2946 718 3001 δίκαιον
748 2947 844 3000 καὶ
875 2947 908 3018 ὴ
961 2946 1144 3018 ἰσότης
1175 2948 1291 3001 ἐστὶ
1328 2948 1388 3002 τὸ
1429 2946 1756 3018 ἀμείϐεσθαι
1799 2945 1906 3002 τῶν

325 3037 517 3090 πόνων
545 3039 670 3100 τοὺς
699 3039 942 3103 δούλους,
999 3039 1094 3092 καὶ
1133 3040 1191 3091 ἐν
1239 3038 1473 3110 ἀφθονίᾳ
1529 3039 1748 3093 πάντων
1794 3037 1906 3092 τῶν

328 3127 468 3198 πρὸς
531 3131 722 3199 χρείαν
783 3129 1065 3202 καθιττᾷν.
1115 3131 1207 3199 Μὴ
1259 3129 1392 3201 γὰρ,
1453 3131 1641 3202 φησὶν,
1716 3130 1905 3201 ἱπιιδὴ

1998 2048 2123 2086 num
2175 2032 2228 2085 in
2271 2032 2435 2086 caelis.
2471 2031 2842 2087 Obsecrationi
2871 2032 3071 2086 instate
3110 2032 3392 2101 vigilantes
3428 2033 3482 2086 in
3515 2049 3579 2086 ea

2001 2139 2119 2176 cum
2152 2123 2453 2193 gratiarum
2490 2125 2696 2177 actione
2723 2140 2742 2178 :
2767 2133 2982 2178 orantes
3012 2124 3173 2178 simul
3207 2133 3256 2178 et
3279 2141 3375 2194 pro
3407 2124 3577 2185 nobis.

2001 2229 2058 2272 ut
2103 2219 2245 2274 Deus
2280 2221 2485 2287 aperiat
2533 2217 2681 2272 nobis
2725 2220 2917 2272 ostium
2955 2220 3211 2273 sermonis
3251 2220 3322 2272 ad
3363 2219 3579 2286 loquen-

2001 2310 2126 2364 dum
2170 2311 2478 2381 mysterium
2539 2308 2776 2375 Christi,
2821 2319 3038 2379 propter
3091 2311 3233 2380 quod
3280 2319 3328 2363 et
3379 2311 3580 2364 vinctus

2001 2417 2140 2467 sunt,
2180 2411 2236 2454 ut
2290 2401 2621 2471 manifestam
2668 2400 2804 2455 illud
2856 2402 2994 2455 sicut
3037 2409 3240 2469 oportet
3288 2417 3368 2455 me
3413 2401 3576 2471 loqui-

2002 2494 2284 2564 Sapienter
2312 2493 2580 2548 ambulate
2610 2494 2751 2563 apud
2783 2503 3086 2558 extraneos,
3117 2494 3362 2564 temporis
3392 2510 3581 2564 oppor-

2005 2584 2285 2638 tunitatem
2332 2584 2666 2637 redimentes.
2726 2581 2882 2653 1&3
2926 2581 3114 2636 Sermo
3164 2592 3332 2637 vester
3384 2599 3584 2650 semper

2005 2688 2124 2727 cum
2153 2672 2331 2742 gratia
2357 2673 2427 2726 sit
2454 2672 2567 2726 sale
2595 2672 2862 2733 conditus,
2890 2680 2948 2725 ut
2991 2673 3177 2728 sciatis
3207 2674 3464 2739 quomodo
3498 2691 3582 2729 ros

2005 2772 2247 2835 oporteat
2271 2764 2551 2836 unicuique
2582 2762 2914 2834 respondere.

2077 2945 2331 3018 Equitas
2359 2954 2415 3004 et
2446 2947 2792 3018 aequabilitas
2821 2955 2905 3002 est
2943 2955 3001 3002 ut
3027 2946 3202 3002 servis
3243 2945 3586 3016 rependatur

2009 3051 2221 3094 merces
2269 3038 2544 3103 laborum,
2577 3047 2631 3094 et
2673 3038 2886 3093 abunde
2917 3039 3334 3093 constituantur
3359 3039 3443 3094 eis
3467 3054 3586 3092 om-

2011 3127 2102 3181 nia
2129 3143 2250 3197 quae
2278 3128 2589 3185 necessaria
2619 3134 2769 3183 sunt.
2799 3126 2988 3197 Neque
3019 3128 3163 3182 enim
3196 3142 3262 3182 eo
3307 3128 3578 3197 quod'au-

327 3221 570 3289 ﬁmum;
603 3221 684 3274 ὅτι
713 3223 866 3292 παρὰ
890 3222 1099 3292 Κυρίου
1123 3221 1267 3293 λήψῃ
1300 3222 1390 3274 τὸν
1431 3221 1646 3292 μισθὸν,
1676 3222 1780 3294 ἤδη
1840 3221 1903 3276 σὺ

2011 3217 2181 3276 dieris
2215 3230 2569 3292 accepturum
2609 3237 2639 3277 a
2685 3221 2918 3277 Domino
2951 3224 3280 3291 mercedem,
3318 3223 3429 3294 iam
3462 3238 3587 3277 eum

329 3311 628 3382 ἀποστέρει
665 3311 725 3365 τδ
761 3311 1130 3383 ὀφειλνῖμενον.
1166 3330 1184 3364 ι
1219 3313 1298 3383 Τῇ
1333 3315 1609 3384 προσευχῇ
1631 3329 1908 3384 προσκαρι

330 3404 564 3473 τερείτε.
609 3422 627 3453 ι
659 3399 816 3456 Οἶδεν
865 3406 948 3458 ὅτι
998 3404 1091 3457 τὸν
1153 3406 1587 3476 προσκαρτερεῖν
1645 3406 1712 3474 τῇ
1771 3403 1904 3475 εὐχῇ

333 3493 730 3560 σπουδάζοντα,
760 3495 845 3557 είς
873 3495 1104 3566 ἀκηδίαν
1129 3495 1488 3566 ἐμϐάλλουσιν
1535 3495 1585 3547 οἱ
1633 3494 1909 3564 δαίμονες.

335 3587 431 3639 Διδ
463 3586 682 3654 ἐπάγει,
719 3603 737 3637 ι
808 3585 1215 3658 Γρηγοροῦντες
1262 3588 1319 3638 ιν
1370 3586 1533 3657 αὐτῇ,
1569 3605 1586 3638 ι
1643 3585 1908 3652 τουτέστι,

351 3678 426 3748 μὴ
454 3679 802 3748 ῥεμϐόμενοι,
846 3681 984 3748 μήτε
1006 3679 1448 3749 νωχελευόμενοι.
1519 3677 1659 3730 Ἀλλ’
1719 3676 1908 3746 ἐπειδὴ

334 3770 412 3820 Evt
456 3772 550 3820 καὶ
576 3769 710 3840 εὐχὴ
743 3769 951 3838 ἀλόγων
999 3771 1289 3838 αἰτήσεων,
1322 3770 1417 3822 καὶ
1465 3769 1546 3835 τὸ,
1596 3769 1648 3821 τί
1696 3769 1778 3821 δεῖ
1807 3766 1903 3820 εὖ·

337 3859 528 3929 χεσθαι
589 3860 856 3914 διδάσκει.
929 3861 1016 3914 Ἑν
1059 3861 1401 3931 εὐχαριστίᾳ,
1457 3861 1644 3930 φησὶν,
1696 3862 1729 3930 ὴ
1776 3859 1910 3930 εὖκῆ

337 3952 679 4022 προϐαινὲτω
720 3953 854 4022 πρὸς
881 3952 972 4005 τὸν
1037 3952 1189 4006 Θεόν.
1233 3972 1249 4004 ι
1310 3953 1742 4024 Προσευχόμενοι
1795 3953 1913 4022 ἅμα

337 4046 432 4096 καὶ
462 4045 593 4112 περὶ
625 4044 807 4114 ἡμῶν.
855 4064 873 4096 ›
927 4045 991 4097 Ὢ
1023 4043 1570 4114 ταπεινοφροσύνηςῑ
1609 4044 1658 4096 εί
1704 4042 1914 4106 Παῦλος

335 4139 436 4207 τῆς
474 4135 681 4189 τούτων
742 4135 971 4207 ἔχρῃζεν
1013 4137 1199 4205 εὐχῆς.
1237 4154 1255 4186 ι
1293 4135 1476 4206 Θύραν
1513 4133 1609 4187 τοῦ
1661 4134 1844 4201 λόγου.
1886 4149 1906 4184 ι

340 4228 739 4297 Μεταφορικῶς
764 4225 888 4290 εἷπε
934 4226 1128 4297 θύραν,
1184 4221 1295 4280 οἷον
1323 4226 1526 4280 εἴσοδον
1560 4228 1653 4279 γα).
1698 4227 1917 4296 παρρη-

341 4321 487 4376 σίαν.
523 4321 667 4392 Ὅρα
687 4322 743 4374 δὲ
769 4321 860 4374 τὸν
893 4321 1104 4372 Παύλου
1132 4320 1312 4389 ζῆλον,
1342 4321 1399 4372 ὲν
1426 4319 1704 4382 τοσούτοις
1730 4317 1915 4389 ὑπάρο

339 4429 452 4480 χιον
518 4411 868 4480 πειρασμοῖς,
896 4409 995 4463 οὐκ
1025 4411 1166 4463 αἰτεῖ
1191 4409 1366 4476 λύσιν,
1404 4408 1539 4462 ἀλλὰ
1601 4408 1763 4462 πάλιν
1818 4424 1918 4477 κηο

342 4501 548 4573 ρύττει,
569 4501 666 4553 καὶ
695 4502 856 4553 πάλιν
881 4501 1218 4570 πειρασμοὺς
1238 4500 1370 4571 ἔχει.
1394 4532 1462 4540 -
1488 4500 1684 4574 [ΦΩΤ
1708 4500 1782 4553 Τὸ
1805 4517 1913 4553 κοιο

2010 3311 2195 3368 debito
2217 3313 2432 3384 privare
2453 3313 2642 3369 debes.
2682 3332 2701 3365 ι
2736 3313 3120 3371 Obsecrationi
3155 3316 3378 3372 instate.
3421 3334 3440 3367 ι
3481 3316 3606 3379 No:

2011 3403 2091 3456 vit
2128 3403 2271 3473 quod
2301 3403 2606 3474 precationi
2652 3404 2858 3460 instare
2885 3414 3173 3461 conantem
3206 3407 3500 3468 daemones.
3535 3406 3592 3460 in

2010 3497 2315 3550 socordiam
2355 3511 2422 3552 ac
2455 3497 2674 3552 taedium
2715 3499 3038 3568 conjiciunt,
3083 3499 3205 3554 ideo
3250 3502 3534 3573 subjungit
3575 3508 3589 3544 ε

2017 3606 2038 3640 ι
2077 3587 2380 3659 Vigilantes
2414 3589 2466 3644 in
2493 3605 2556 3644 ea
2591 3608 2608 3646 :
2645 3610 2664 3643 ι
2706 3591 2758 3645 id
2785 3600 2890 3658 est,
2929 3607 3036 3646 non
3071 3594 3387 3650 vacillantes
3420 3611 3595 3664 neque

2015 3680 2387 3751 languidiores
2422 3682 2626 3738 etl‘ecti.
2675 3683 2780 3738 Sed
2822 3685 2953 3754 quia
2999 3684 3274 3755 contingit
3319 3701 3436 3739 eam
3480 3687 3596 3745 ﬁeri

2016 3771 2385 3839 precationem
2415 3773 2823 3828 irrationalium
2862 3772 3213 3844 petitionum,
3239 3774 3398 3830 docet
3432 3773 3596 3829 etiam
3653 3803 3664 3820 ι

2015 3862 2144 3931 quid
2178 3865 2384 3932 precari
2413 3871 2686 3935 oporteat.
2719 3866 2856 3921 Cum
2899 3869 3201 3938 gratiarum
3243 3869 3480 3930 actione,
3512 3867 3598 3920 iu-

2016 3954 2156 4023 quit,
2187 3956 2428 4024 precatio
2468 3957 2727 4026 procedat
2764 3959 2831 4014 ad
2872 3958 3062 4014 Deum.
3095 3978 3114 4010 ι
3159 3957 3392 4014 Orantes
3425 3959 3594 4014 simul

2015 4053 2069 4101 et
2114 4061 2212 4115 pro
2252 4049 2430 4103 nobis.
2481 4068 2500 4101 ι
2540 4049 2584 4106 0
2627 4065 2879 4119 magnam
2927 4051 3095 4105 animi
3144 4051 3501 4106 modestiam!
3537 4058 3598 4104 ut

2015 4134 2218 4191 Paulus
2247 4137 2441 4192 horum
2471 4140 2709 4208 postulet
2739 4141 3064 4195 orationem.
3099 4157 3116 4191 ι
3148 4137 3360 4195 Ostium
3387 4155 3598 4193 sermo-

2018 4227 2124 4284 nis.
2162 4247 2180 4280 ι
2220 4227 2594 4300 Metaphorice
2618 4230 2778 4286 dixit.
2807 4231 3043 4294 Ostium,
3074 4231 3126 4284 id
3155 4239 3258 4293 est,
3285 4231 3595 4299 ingressum

2019 4332 2073 4376 et
2114 4322 2331 4378 dicendi
2379 4323 2710 4380 libertatem.
2761 4323 3149 4378 Animadverte
3205 4330 3386 4376 autem
3441 4320 3594 4375 Pauli

2019 4413 2220 4467 zelum.
2251 4412 2388 4469 Cum
2419 4414 2474 4470 in
2505 4415 2673 4471 tantis
2708 4423 2855 4472 esset
2885 4414 3296 4479 alllietionibus,
3325 4428 3434 4468 non
3467 4415 3601 4484 petit

2021 4504 2251 4568 absolvi.
2279 4505 2375 4562 sed
2399 4522 2617 4562 rursum
2642 4507 2964 4576 praedicare,
2989 4521 3322 4576 rursumque
3344 4506 3599 4560 afﬂictio-

342 4595 434 4646 νδν
455 4595 553 4664 τῆς
595 4592 919 4658 συντάξεως,
947 4595 1034 4646 ἵνα
1056 4597 1082 4647 ὁ
1109 4595 1239 4655 Θεὸς
1255 4593 1446 4667 ἀνοίξῃ
1469 4593 1798 4665 ἡμῖν’θύραν
1823 4591 1903 4646 τοί

2024 4608 2121 4647 nes
2173 4592 2397 4650 habere.
2443 4625 2513 4634 —
2561 4595 2886 4651 Communis
2941 4597 3136 4650 litterae
3183 4596 3477 4650 ordinatio.
3530 4594 3602 4649 Ut

341 4686 522 4754 λόγου,
554 4685 785 4755 λαλῆσαι
812 4685 874 4738 τὸ
905 4687 1206 4755 μυστήριον
1235 4686 1328 4738 τοῦ
1379 4685 1639 4755 Χριστοῦ,
1701 4686 1776 4748 ὡς
1833 4685 1914 4737 δεῖ

345 4795 408 4848 με
433 4777 688 4846 λαλῆσαι,
715 4776 783 4829 δι’
810 4775 838 4828 ὃ
867 4777 958 4829 καὶ
992 4775 1233 4846 δέδεμαι,
1281 4775 1368 4828 ἵνα
1401 4776 1702 4846 φανερώσει)
1745 4773 1909 4828 αὐτό.

354 4868 410 4921 '0
432 4867 490 4919 δὲ
522 4867 662 4931 θεῖος
687 4865 916 4933 Παῦλος,
946 4869 1068 4920 καθ’
1091 4865 1400 4938 ὑπερϐατὸν
1450 4867 1542 4920 τὸν
1566 4866 1721 4935 λόγον
1783 4882 1915 4936 προ-

342 4961 594 5028 ήνεγκεν.
655 4978 674 5012 ι
736 4962 815 5013 Δι’
857 4959 886 5012 δ
937 4959 1034 5013 καὶ
1087 4959 1330 5029 δέδεμαι.
1373 4980 1389 5012 ι
1427 4959 1668 5029 Ἐπειδὴ,
1725 4964 1910 5031 φησιν,

344 5051 664 5122 ὲφανέρωσα
690 5050 842 5118 αὐτὸ,
878 5051 953 5115 ὼς
982 5051 1087 5104 ἔδει
1126 5067 1192 5120 με
1209 5051 1464 5120 λαλῆσαι.
1499 5050 1622 5112 Πῶς
1669 5050 1728 5104 δὲ
1750 5052 1914 5107 αὐτὸν

343 5143 448 5197 ἔδει
515 5144 770 5214 λαλῆσαι,
824 5144 914 5197 Ἐν
943 5145 1246 5217 παρρησίᾳ,
1303 5146 1456 5216 φησὶ,
1503 5145 1597 5197 γαί
1643 5145 1912 5215 ιρανερῶς,

347 5237 512 5306 μηδὲν
545 5237 1022 5305 ὑποστειλάμενον,
1062 5238 1200 5305 μήτε
1229 5238 1297 5290 τὰ
1358 5235 1534 5306 δεσμὰ
1586 5237 1910 5307 πτοηθέντα.

349 5346 368 5380 ι
390 5329 480 5381 Ἐν
503 5327 664 5398 σοφία
691 5330 1039 5396 περιπατεῖτε
1065 5327 1201 5397 πρὸς
1214 5328 1336 5389 τοὺς
1359 5326 1481 5393 ἔξω.
1511 5346 1530 5378 ι
1560 5327 1908 5394 Φυλακτικοὶ,

347 5421 502 5490 φησὶ,
532 5420 769 5489 γίνεσθε,
793 5420 1065 5492 μηδεμίαν
1093 5420 1424 5490 παρέχοντες
1442 5421 1564 5476 καθ’
1583 5422 1790 5478 ἑαυτῶν
1817 5422 1914 5478 λα-

347 5511 468 5581 ῦήν.
487 5512 624 5574 Τοὺς
651 5511 755 5576 ἔξω
776 5511 852 5574 δὲ,
875 5511 997 5574 τοὺς
1015 5511 1284 5581 Ἕλληνας
1303 5511 1476 5579 λέγει,
1506 5512 1685 5574 καλῶς
1702 5513 1760 5564 δὲ
1779 5515 1912 5583 πρὸς

347 5604 588 5662 ἐκείνους
610 5599 754 5655 εἶναι
778 5603 1146 5670 φυλακτικοὺς
1173 5605 1445 5673 παραινεῖ.
1473 5605 1537 5656 Ui
1590 5604 1702 5671 γὰρ
1759 5603 1914 5656 ἀδελ-

346 5695 458 5758 φοέ,
504 5693 600 5761 ούχ
644 5691 816 5754 οὕτως
874 5693 1056 5744 πάντα
1115 5693 1269 5762 ἡμῶν
1325 5693 1419 5744 καὶ
1471 5692 1540 5744 τὰ
1600 5693 1912 5762 βραχύτατα

350 5783 766 5853 περισκοποῦσι,
807 5783 1112 5854 προφάσεις
1167 5783 1427 5836 διαϐολῶν
1509 5785 1909 5854 ἐπιζητοῦντες,

357 5894 376 5928 ι
416 5877 518 5930 ἰ’δν
573 5877 761 5948 καιρὸν
827 5874 1302 5946 ἐξαγοραζόμενοι.
1348 5894 1365 5927 ι
1431 5875 1660 5944 Πραχῦς,
1723 5881 1906 5944 φησίν,

2022 4680 2166 4736 Deus
2207 4684 2418 4752 aperiat
2449 4685 2609 4740 uobis
2639 4685 2842 4740 ostium
2871 4686 3144 4741 sermonis
3169 4687 3233 4739 ad
3268 4687 3596 4756 loquendum

2021 4771 2344 4840 mysterium
2378 4772 2606 4839 Christi,
2640 4774 2788 4829 sicut
2819 4783 3034 4843 oportet
3061 4791 3146 4829 me
3175 4775 3344 4845 loqui,
3379 4784 3601 4846 pmpter

2021 4859 2166 4927 quod
2199 4869 2256 4914 et
2302 4862 2520 4916 vinctus
2557 4878 2704 4927 sum,
2746 4871 2805 4918 ut
2847 4864 3194 4920 manifestem
3247 4865 3401 4920 illud.
3431 4866 3600 4921 Divus

2020 4962 2202 5006 autem
2237 4951 2442 5008 Paulus
2477 4969 2570 5023 per
2612 4954 2953 5026 hyperbaton
2992 4970 3300 5011 sermonem
3349 4960 3596 5028 protulit.

2027 5058 2047 5092 ι
2091 5039 2320 5111 Propter
2374 5044 2528 5113 quod
2569 5052 2628 5099 et
2670 5047 2887 5100 uinctus
2935 5061 3075 5100 sum.
3127 5065 3147 5098 ι
3191 5047 3352 5114 Quia,
3396 5050 3594 5118 inquit,

2023 5134 2366 5190 nxarnifestavi
2399 5136 2526 5191 illud
2561 5146 2616 5192 ut
2654 5139 2940 5207 oportebat
2980 5155 3066 5193 me
3108 5139 3276 5208 loqui.
3312 5139 3598 5205 Qumizodo

2021 5234 2200 5280 autem
2241 5228 2418 5297 ipsum
2464 5228 2613 5298 loqui
2653 5230 2972 5298 oportebat?
3007 5228 3063 5282 In
3108 5231 3376 5294 libertate,
3411 5235 3510 5291 ait,
3543 5239 3598 5284 et

2021 5315 2334 5378 uianil'este.
2369 5316 2506 5370 nihil
2561 5318 2817 5383 veritum,
2851 5333 3028 5387 neque
3079 5319 3257 5372 vincla
3295 5320 3593 5374 timentem.

2027 5435 2046 5464 ι
2079 5411 2365 5483 Sapienter
2395 5414 2672 5469 ambulate
2707 5428 2836 5482 erga
2869 5421 3186 5466 extraneos.
3225 5431 3244 5464 ι
3277 5411 3595 5480 Observato,

2020 5507 2116 5566 ait,
2159 5520 2227 5558 ne
2273 5519 2438 5574 quam
2488 5505 2776 5574 praebeatis
2804 5503 3094 5558 adversum
3128 5519 3224 5559 vos
3250 5505 3397 5574 ipsos
3435 5517 3597 5558 occa-

2020 5599 2250 5650 sionem.
2290 5595 2592 5650 Estraueos
2636 5608 2818 5650 autem
2867 5594 3003 5650 dicit
3047 5594 3289 5650 Graecos.
3339 5593 3409 5647 Et.
3452 5606 3598 5649 recte

2023 5705 2121 5742 nos
2146 5707 2270 5758 erga
2295 5692 2419 5744 illos
2445 5691 2806 5745 observantes
2831 5705 2957 5746 csse
2985 5689 3262 5744 admonet.
3291 5689 3594 5760 Siquidem,

2025 5782 2240 5845 fratres,
2279 5799 2386 5835 non
2433 5783 2507 5836 ita
2555 5791 2741 5837 nostra
2797 5783 2979 5837 omnia
3023 5782 3188 5836 etiam
3226 5782 3596 5838 minutissima

2021 5869 2500 5940 Cil'ClllllsplClunl,
2533 5873 2930 5926 calumniarum
2959 5871 3279 5928 occasiones
3314 5872 3598 5944 inquiren-
