4036 6682
398 327 468 395 55
1500 337 1829 402 (ΕΟΗΜΕΝ
1843 341 1897 400 ll
1939 341 2233 406 TRICCtE
2266 348 2605 410 EPISCOPI
3601 350 3674 415 5‘5

393 465 506 507 non
536 450 729 508 scribit
755 449 820 505 ad
860 451 1079 521 ipsum?
1104 450 1383 509 Fortassis
1406 468 1513 508 non
1541 470 1681 525 opus
1708 464 1848 524 erat,
1883 458 1992 520 nisi

2102 461 2211 532 16v;
2235 465 2396 531 Ἴσως
2417 467 2516 522 οὐκ
2546 468 2734 536 ἐδεῖτο,
2755 467 2893 524 ἀλλὰ
2917 468 3077 542 ψιλῆς
3098 465 3267 540 μόνης
3287 467 3676 540 ὕτωμνήσεωςν

394 544 570 599 solam
603 544 806 598 nudam
843 543 959 601 fieri
1013 545 1373 612 mentionem,
1417 561 1527 618 quo
1556 550 1862 606 studiosius
1891 565 1990 606 cu-

394 638 653 705 raretur,
699 647 758 693 ut
812 638 864 693 hi
917 640 1155 696 maxime
1198 638 1249 695 ei
1300 639 1732 710 subjicerentur.
1801 642 1992 714 Neque

395 731 541 785 enim
587 731 701 787 ﬁeri
754 739 990 803 poterat,
1036 739 1096 788 ut
1136 748 1260 789 eum
1315 733 1685 804 increpantem
1732 735 1883 804 ipsos
1933 738 1988 792 in

396 824 584 894 aliquo
629 834 980 890 accusarent,
1032 841 1158 882 cum
1213 825 1510 898 Epistolam
1559 843 1622 883 ac
1661 829 1987 885 mandatum

395 929 560 972 omne
591 917 693 988 ipsi
728 918 1098 989 accepissent,
1132 919 1275 975 ratio
1299 934 1539 991 namque
1569 935 1676 976 non
1714 921 1987 994 exigebat,

399 1007 455 1063 tit
485 1009 742 1080 discipuli
772 1011 838 1066 de
871 1013 1134 1084 magistro
1163 1012 1410 1069 dicerent
1437 1013 1530 1069 sed
1557 1029 1654 1068 eos
1688 1014 1795 1070 illis
1823 1015 1990 1070 obtu-

369 1152 371 1154 .
399 1107 531 1153 rans
579 1099 694 1155 hzec
734 1101 950 1155 scribit.
979 1129 1048 1141 --
1081 1100 1263 1157 Aliud.
1294 1103 1368 1157 De
1413 1109 1743 1172 praeceptore
1773 1104 1985 1171 scribit,

403 1199 462 1245 ιιι
489 1191 800 1262 inerepanti
827 1201 880 1248 et
899 1189 1216 1249 admonenti
1245 1195 1711 1263 obtemperarent,
1748 1196 1986 1254 scientes

400 1301 522 1356 qnze
551 1286 627 1339 illi
661 1287 964 1357 significata
999 1295 1184 1342 essent
1215 1287 1286 1343 ab
1326 1288 1691 1360 Apastolo,—
1714 1287 1988 1347 Fortassis

402 1384 583 1431 antem
639 1376 935 1448 episcopus
972 1377 1219 1449 ipsorum
1265 1387 1404 1446 erat,
1440 1392 1533 1436 ant
1583 1385 1727 1439 aliud
1760 1386 1989 1440 sortitus

400 1473 521 1519 erat
553 1466 918 1522 ministerium
952 1468 1280 1524 animarum.
1310 1470 1436 1527 Ideo
1472 1474 1548 1528 ait
1581 1492 1594 1529 :
1622 1469 1986 1530 Ministerinm

401 1570 499 1627 per
531 1557 841 1628 Dominum,
878 1576 986 1616 non
1035 1562 1180 1618 enim
1226 1573 1344 1618 erat
1393 1565 1463 1620 ab
1516 1563 1759 1624 homine.
1797 1585 1816 1619 ι
1856 1567 1990 1623 Vide

407 1652 796 1708 ministerium.
837 1674 856 1706 ι
903 1651 1144 1711 Verbum
1198 1656 1303 1712 hoe
1340 1660 1597 1714 terrentis
1642 1659 1844 1729 ubique
1881 1667 1986 1727 est,

404 1745 572 1801 veluti
614 1761 739 1801 cunt
777 1745 920 1800 dixit
968 1765 982 1801 :
1024 1767 1042 1800 ι
1086 1745 1278 1804 Videte
1311 1765 1476 1806 canes
1506 1746 1572 1808 ".
1619 1770 1637 1804 ι
1679 1749 1873 1807 Videte
1920 1766 1990 1806 ne

2101 555 2241 610 ὥστε
2296 561 2716 633 σπουδαιότερον
2762 557 2924 627 εἶναι,
2983 563 3218 633 μάλιστα
3274 561 3475 622 αὐτοὺς
3527 559 3684 629 αὒτῷ

2102 647 2449 704 ὑποτάσσειν.
2483 651 2598 704 Οὐκ
2637 650 2719 704 ἔτι
2743 650 2852 723 γὰρ
2885 650 2952 705 ἂν
2982 651 3160 721 ἔχοιεν
3187 648 3444 710 ἐγκαλεῖν
3481 648 3684 718 ἐκείνῳ

2101 744 2424 814 έπιτιμῶντι
2457 745 2667 814 αὐτοῖς,
2687 747 2818 800 ὅταν
2871 746 3029 800 αὐτοὶ
3061 741 3195 800 ὦσιν
3251 741 3679 813 ἡναδεδεγμένοι

2098 835 2160 889 τὸ
2185 838 2314 892 πᾶν.
2358 837 2518 892 Ἐπεὶ
2567 839 2669 893 οὐκ
2725 838 2839 910 ἔχει
2866 838 3046 908 λόγον,
3101 841 3214 902 τοῖς
3243 837 3514 909 μαθηταῖς
3548 837 3678 907 περὶ

2097 925 2190 980 τοῦ
2206 927 2528 982 διδασκάλου
2547 927 2748 996 λέγειν.
2771 927 2914 980 Ἀλλ’
2937 926 3308 997 ἐπιστομίζων
3330 925 3528 987 αὐτοὺς
3546 924 3679 976 ταῦ-

2096 1035 2164 1071 τα
2191 1019 2418 1088 γράφει.
2440 1049 2510 1058 -
2535 1021 2773 1087 ’Ἄλλως
2814 1018 3014 1092 [ΦΩΤ.]
3053 1018 3192 1090 Περὶ
3223 1017 3318 1070 106
3353 1014 3677 1069 διδασκάλου

2096 1112 2322 1182 γράφει,
2373 1111 2461 1165 ἴνα
2487 1111 2813 1182 ὲπιτιμῶντι
2844 1111 2941 1165 καὶ
2963 1109 3318 1182 παραινοῦντι
3354 1107 3680 1171 πείθωνται,

2097 1201 2300 1266 εἰδότες
2335 1203 2403 1256 τὰ
2433 1202 2746 1274 δηλωθέντα
2777 1202 2928 1274 αὐτῷ
2960 1204 3114 1273 παρὰ
3158 1201 3254 1256 τοῦ
3325 1198 3679 1254 ’Δποστόλου.

2101 1292 2260 1354 Ἴσως
2289 1291 2346 1346 δὲ
2375 1291 2676 1356 ἐπίσκοπος
2706 1288 2774 1362 ἦν
2803 1291 3004 1358 αὐτῶν,
3037 1292 3070 1364 ἢ
3109 1291 3277 1362 ἄλλην
3303 1289 3685 1360 ἐγκεχείριστο

2095 1382 2279 1453 ψυχῶν
2299 1383 2598 1440 διακονίαν.
2629 1385 2720 1438 Διό
2771 1401 2955 1454 φησιν,
3023 1383 3113 1437 Ἐν
3165 1383 3354 1454 Κυρίῳ
3376 1381 3680 1446 διακονίαν,

2096 1476 2188 1528 καὶ
2221 1476 2282 1529 οὐ
2314 1476 2434 1529 κατ’
2464 1476 2750 1546 ἄνθρωπον
2777 1472 2998 1530 οὖσαν.ι
3021 1475 3194 1529 Βλέπε
3214 1474 3312 1547 τὴν
3344 1473 3682 1528 διακονίαν.ι

2095 1567 2387 1634 Φοϐοὖντός
2420 1570 2537 1621 ἐστι
2567 1567 2630 1622 τὸ
2680 1568 2831 1640 ῥῆμα
2860 1567 3020 1620 τοῦτο
3080 1567 3382 1636 πανταχοῦ,
3420 1565 3497 1629 ὼς
3552 1565 3682 1618 ὅταν

2097 1662 2230 1733 λέγῃ
2253 1678 2266 1693 ·
2305 1680 2324 1713 ι
2368 1661 2605 1714 Βλέπετε
2632 1661 2759 1725 τοὺς
2785 1660 2974 1723 κύνας.
3014 1679 3033 1712 ι
3071 1659 3310 1712 Βλέπετε
3344 1658 3506 1728 μήτις
3533 1655 3682 1726 ὑμᾶς

2099 1751 2303 1806 ἔσταιό
2335 1753 2693 1823 συλαγωγῶν.
2729 1771 2748 1806 ι
2789 1753 3026 1807 Βλέπετε
3057 1753 3131 1824 μή
3187 1768 3318 1805 ποτε
3367 1752 3401 1820 ἡ
3462 1748 3684 1813 ἐξουσία.

403 1836 530 1906 quis
586 1851 683 1892 vos
733 1835 1098 1908 depredetur;
1139 1857 1157 1891 ι
1215 1839 1415 1905 videte,
1452 1855 1522 1896 ne
1574 1841 1854 1912 quomodo
1891 1855 1991 1910 po-

2102 1839 2790 1915 ὓμῶναῦτη,πρόσκομμα
2844 1844 3070 1913 γένηται
3101 1845 3213 1905 τοῖς
3258 1839 3600 1894 ἀσθενοῦσιν.
3657 1856 3675 1889 ι

349 1966 352 1967 ν
406 1935 577 1985 testas
633 1929 750 1984 haec
785 1939 966 1986 vestra
1014 1929 1346 1986 oﬂ‘endiculo
1387 1933 1480 1987 liat
1536 1933 1624 1990 his
1660 1934 1752 2004 qui
1795 1931 1996 1988 inﬁrmi

405 2021 621 2076 sunt".
671 2041 690 2074 ι
734 2049 807 2064 --
865 2041 884 2076 ι
938 2021 1094 2089 Quod
1148 2024 1408 2094 accepisti
1470 2041 1568 2096 per
1620 2026 1934 2081 Dominum.
1968 2044 1987 2078 ι

405 2115 637 2185 Capitur
665 2117 811 2171 enim
862 2118 920 2170 ἐν
950 2117 1141 2189 Κυρίῳ
1169 2118 1223 2172 in
1253 2117 1505 2185 Domino,
1541 2135 1640 2189 pro
1667 2119 1758 2173 διὰ
1787 2119 1993 2190 Κυρίου

405 2222 503 2279 per
537 2209 852 2265 Dominum.
899 2209 965 2266 Ut
994 2211 1189 2266 eodem
1232 2211 1418 2267 studio
1451 2221 1502 2267 et
1553 2211 1833 2282 diligentia
1864 2226 1997 2266 eon-

406 2304 560 2357 tinne
604 2303 802 2359 utaris.
865 2323 885 2355 ι
941 2301 1236 2359 Salutatio.
1294 2322 1314 2356 ι
1371 2303 1487 2360 ΙΙοο
1532 2304 1910 2374 germanitatis
1946 2313 2000 2360 et

403 2397 668 2452 amicitiae
712 2397 930 2467 signum
976 2405 1082 2462 est,
1134 2407 1188 2452 et
1227 2397 1438 2453 litteras
1485 2397 1686 2453 intueri
1717 2406 1766 2453 et
1809 2399 1874 2452 ad
1903 2413 1999 2452 eas

404 2489 810 2562 quodammodo
859 2489 1023 2546 allici.
1083 2511 1102 2544 ι
1161 2488 1280 2546 Mea
1330 2505 1495 2545 manu
1546 2489 1722 2544 Pauli.
1761 2509 1780 2542 ι
1822 2488 1998 2560 Ipsam

405 2585 757 2640 salutationis
782 2585 1078 2640 dictionem
1112 2585 1297 2656 potius
1324 2600 1492 2639 mann
1516 2583 1737 2655 propria
1758 2582 1997 2654 scripsit,

410 2677 570 2749 147
601 2685 661 2733 ut
693 2677 868 2748 magis
899 2676 1307 2748 quodammodo
1337 2677 1689 2732 adicerentur
1719 2675 2000 2731 intuentes

404 2767 564 2822 Pauli
614 2782 858 2822 manum.
901 2787 920 2820 ι
962 2767 1233 2822 Memores
1295 2767 1415 2823 sitis
1455 2765 1804 2821 vinculorum
1850 2780 2004 2820 meo-

408 2875 555 2916 rum.
595 2877 616 2913 ι
657 2859 836 2930 Papae,
883 2867 1090 2931 quanta
1129 2858 1443 2914 exhortatio
1483 2874 1496 2910 :
1551 2872 1676 2912 nam
1717 2857 1822 2912 hoc
1849 2855 2000 2912 sulti-

407 2953 620 3034 eienter
664 2963 804 3021 erat,
863 2961 918 3009 at
962 2957 1114 3026 ipsos
1169 2954 1238 3009 ad
1287 2953 1473 3009 omnia
1515 2952 1903 3009 exhortaretur
1948 2959 2003 3007 et

407 3046 756 3104 robustiores
786 3047 855 3101 ad
888 3048 1194 3104 certamina
1223 3047 1496 3103 redderet.
1533 3046 1720 3116 Itaque
1755 3055 1809 3101 et
1845 3043 2002 3100 fami-

407 3139 578 3194 liores
608 3153 704 3194 eos
724 3137 906 3194 el'l'eeit
935 3147 989 3194 et
1029 3141 1283 3194 timorem
1327 3139 1516 3196 solvit.
1549 3137 1830 3209 Siquidem
1859 3152 2000 3208 prae-

410 3241 602 3303 ceptor
650 3233 706 3286 in
741 3232 981 3289 vinculis
1031 3243 1172 3295 erat,
1211 3231 1308 3287 sed
1362 3233 1537 3303 gratia
1573 3231 1751 3301 ipsum
1809 3232 1994 3286 solvit.

411 3322 550 3377 Nam
588 3332 644 3378 et
689 3322 799 3378 hoc
842 3323 1032 3395 gratia!
1075 3323 1200 3390 fuit,
1240 3332 1300 3378 nt
1351 3323 1507 3394 ligari
1563 3323 1999 3394 permitteretur.

411 3452 475 3460 --
511 3417 638 3472 Atio
669 3417 844 3472 modo.
881 3416 1116 3472 Maxima
1147 3416 1459 3473 adhortatio
1485 3423 1624 3478 erat.
1659 3425 1718 3470 ut
1746 3416 2001 3470 alllictio-

414 3525 516 3566 nes
569 3509 778 3565 ferrent
834 3510 1089 3575 viriliter,
1149 3509 1294 3565 scire
1341 3524 1409 3564 ac
1457 3524 1676 3579 semper
1730 3523 2003 3562 memores

414 3617 559 3667 esse,
595 3603 742 3674 quod
768 3603 858 3658 hic
889 3613 1038 3659 esset
1072 3603 1126 3657 in
1149 3601 1404 3658 vinculis.
1431 3619 1450 3654 t
1477 3601 1663 3658 Gratia
1693 3599 2002 3655 vobiscum.

413 3698 614 3752 Amen.
651 3714 670 3747 ι
697 3696 813 3762 Qna
837 3696 1093 3752 videlicet
1127 3681 1312 3750 omnia
1350 3695 1648 3766 quaejussa
1678 3702 1808 3751 sunt
1831 3693 2007 3748 adim-

418 3788 622 3856 pleant.
659 3787 794 3842 Nam
831 3787 1104 3843 cbaritate
1131 3803 1271 3859 opus
1308 3788 1531 3855 habent,
1559 3797 1615 3842 ut
1658 3787 1794 3844 salvi
1823 3786 1952 3842 liant
1988 3803 2004 3842 :

419 3880 554 3950 quid
595 3881 741 3935 enim
773 3880 954 3937 facere
1013 3888 1194 3951 potest
1241 3881 1408 3936 homo
1452 3881 1662 3950 absque
1697 3879 1913 3950 gratia?
1939 3911 2006 3923 -

419 3976 556 4031 Cum
585 3977 654 4030 ab
703 3975 1004 4045 exemplari
1055 3989 1163 4029 non
1221 3975 1434 4045 integre
1485 3973 1816 4028 invenissem
1864 3972 2008 4026 beati

419 4066 652 4123 Joannis
685 4066 895 4124 scholia
941 4067 995 4121 in
1028 4065 1326 4136 Epistolam
1359 4065 1426 4119 ad
1464 4064 1844 4124 Colossenses,
1875 4077 2009 4116 con-

424 4161 626 4230 scripsi
659 4161 749 4216 illa
775 4167 835 4215 ut
865 4159 1041 4230 potui.
1081 4158 1137 4213 Si
1169 4157 1301 4228 quid
1329 4156 1500 4227 igitur
1525 4156 1578 4209 in
1611 4155 1744 4224 ipsis
1774 4154 1890 4208 leve
1916 4159 2010 4205 aut

421 4255 649 4325 dignum
685 4255 1112 4326 reprehensione
1163 4253 1448 4308 inventum
1497 4249 1688 4315 fuerit,
1720 4248 1938 4304 noverit
1965 4247 2011 4303 is

423 4350 518 4420 qui
553 4349 686 4420 legit
715 4365 896 4405 meum
929 4364 1054 4405 esse
1085 4343 1405 4417 hnjusmodi
1438 4343 1675 4414 lapsum.

427 4462 608 4528 Finis,
646 4462 824 4518 divino
873 4463 1078 4533 [arente
1130 4461 1356 4524 auxilio,
1395 4455 1654 4525 Epistolas
1705 4453 1774 4507 ad
1821 4451 2012 4508 Colos-

1111 4547 1308 4587 8811868.

429 4648 646 4720 Scripta
664 4659 745 4704 est
759 4649 826 4703 ab
843 4647 974 4704 urbe
991 4646 1157 4702 Roma
1178 4661 1274 4716 per
1286 4643 1584 4718 Tychicutn
1605 4637 2008 4697 etOnesimum.

501 4827 546 4859 ¹⁸
579 4826 813 4899 Philipp.
847 4825 1003 4892 ιιι,2.
1085 4825 1126 4857 ³⁷
1153 4823 1316 4879 lCor.
1347 4837 1465 4886 vni,
1497 4820 1550 4876 9.

2097 1969 2167 1981 —
2191 1957 2210 1990 ι
2237 1939 2337 1991 Ἦν
2357 1936 2662 2009 παρέλαϐες
2682 1938 2739 1991 ὲν
2757 1936 2968 2007 Κυρίῳ.
3001 1954 3020 1986 ι
3054 1933 3222 1986 Πάλιν
3238 1933 3321 1999 τὸ,
3355 1933 3460 1987 Ἔν
3485 1929 3686 1998 Κυρίῳ

2105 2030 2202 2108 διὰ
2233 2031 2456 2101 Κυρίου
2517 2031 2657 2091 ἐστὶ,
2719 2028 2983 2099 διηνεκῶς
3026 2027 3369 2098 κεχρημένος
3424 2027 3491 2095 τῇ
3542 2022 3683 2092 αὐτῇ

2106 2123 2335 2195 σπουδῇ.
2372 2141 2391 2175 ι
2431 2122 2490 2176 ’θ
2542 2121 2857 2192 ἀσπασμός.
2897 2139 2916 2172 ›
2970 2118 3144 2173 Τοῦτο
3178 2116 3536 2188 γνησιότητος
3589 2115 3686 2167 καὶ

2100 2217 2281 2288 φιλίας
2310 2217 2636 2288 τεκμήριον,
2677 2215 2740 2270 τὸ
2776 2214 2873 2269 καὶ
2920 2213 2990 2267 τὰ
3035 2213 3340 2284 γράμματα
3373 2204 3527 2281 ὁρᾷν,
3590 2209 3687 2261 καὶ

2100 2310 2332 2381 πάσχειν
2373 2327 2428 2364 τι
2475 2307 2616 2380 πρὸς
2639 2306 2836 2362 ταῦτα.
2878 2325 2896 2358 ι
2937 2307 3018 2377 Τῇ
3052 2306 3159 2376 ἐμῇ
3195 2303 3343 2374 χειρὶ
3376 2301 3614 2354 Παύλου.
3659 2317 3679 2351 ι

2099 2403 2319 2459 Μᾶλλον
2348 2401 2519 2474 αὐτὴν
2560 2400 2655 2455 τοῦ
2679 2397 2976 2470 ἀσπασμοῦ
3029 2397 3127 2469 τὴν
3194 2393 3338 2460 λέξιν
3395 2393 3498 2463 ἰδίᾳ
3541 2390 3689 2463 χειρὶ

2100 2495 2361 2568 ἔγραψεν,
2394 2495 2482 2548 ἴνα
2517 2491 2774 2563 πάσχωσί
2809 2509 2864 2545 τι
2900 2491 3062 2544 πλέον
3094 2487 3194 2559 τὴν
3254 2487 3414 2558 χεῖρα
3448 2484 3688 2556 ὁρῶντες

2099 2589 2196 2643 106
2236 2587 2474 2642 Παύλου.
2515 2604 2535 2638 ι
2599 2583 2991 2655 Μνημονεύετέ
3053 2598 3156 2651 μου
3217 2579 3326 2634 τῶν
3383 2575 3621 2647 δεσμῶν.
3661 2593 3682 2627 ι

2101 2673 2297 2748 Βαόαὶ,
2345 2680 2489 2750 πόση
2538 2677 2906 2750 παράκλησις.
2967 2673 3138 2728 T0610
3194 2672 3304 2743 γὰρ
3365 2669 3548 2724 ἱκανὸν
3605 2669 3688 2731 είς

2105 2776 2285 2828 πάντα
2338 2772 2535 2836 αὐτοὺς
2603 2767 3040 2843 προτρέψασθαι,
3103 2764 3198 2818 καὶ
3273 2760 3689 2833 γενναιοτέρους

2105 2869 2330 2940 ποιῆσαι
2357 2866 2495 2938 πρὸς
2525 2865 2652 2928 τοὺς
2705 2863 2948 2932 ἀγῶνας.
3018 2859 3160 2930 Ἀρα
3184 2856 3280 2911 καὶ⁹
3325 2854 3686 2924 οἰκειοτέρους

2103 2961 2300 3022 αὐτοὺς
2327 2957 2573 3029 ἐποίησε,
2602 2956 2699 3010 καὶ
2749 2954 2842 3008 τὸν
2890 2951 3057 3022 φόϐον
3102 2950 3311 3004 ἔλυσεν.
3360 2947 3424 2999 Εἰ
3484 2945 3591 3018 γὰρ
3657 2942 3688 2996 ὁ

2101 3053 2415 3116 διδάσκαλος
2445 3054 2501 3105 ὲν
2521 3050 2762 3120 δεσμοῖς,
2787 3046 2902 3100 ἀλλ’
2933 3046 2967 3113 ἡ
2999 3045 3158 3115 χάρις
3190 3041 3354 3095 αὗτδν
3405 3035 3540 3092 λύει.
3569 3035 3682 3090 Καὶ

2103 3148 2260 3203 τοῦτο
2280 3147 2389 3218 γὰρ
2413 3147 2512 3218 τῆς
2531 3143 2775 3215 χάριτος,
2798 3141 2858 3194 τὸ
2877 3140 3181 3210 συγχωρεῖν
3203 3133 3689 3206 δεθῆναι.Ἀλλως

2107 3239 2310 3315 [ΦΩΤ.]
2338 3239 2588 3308 Μεγίστη
2635 3234 2920 3306 προτροπὴ
2952 3231 3086 3302 πρὸς
3119 3229 3178 3282 τδ
3200 3227 3386 3300 φέρειν
3425 3223 3690 3294 γενναίως

2106 3335 2234 3397 τοὺς
2265 3329 2630 3404 πειρασμοὺς,
2683 3325 2745 3380 τὸ
2787 3324 2986 3379 ειδέναι
3028 3323 3123 3376 καὶ
3174 3318 3264 3374 διὰ
3292 3318 3492 3381 παντὸς
3549 3329 3690 3385 μνη-

2111 3424 2385 3498 μονεύειν,
2424 3417 2779 3475 εἷναιτοῦτον
2809 3418 2866 3471 ὲν
2898 3417 3138 3485 δεσμοῖς.
3180 3433 3198 3466 ι
3250 3411 3309 3465 'll
3373 3409 3531 3481 χάρις
3569 3404 3690 3477 μεθ’

2109 3521 2287 3590 ὑμῶν.
2327 3517 2522 3587 Ἀμήν.
2566 3533 2586 3567 ι
2621 3511 2876 3584 Δηλονότι
2920 3507 3038 3581 μεθ’
3063 3503 3132 3581 ἦς
3164 3506 3342 3560 πάντα
3383 3503 3453 3556 τὰ
3491 3503 3687 3553 ἐπιτα-

2109 3613 2280 3682 γέντα
2314 3607 2685 3680 πληρώσουσι,
2720 3602 2944 3675 χάριτος
2977 3602 3058 3663 εἰς
3084 3598 3146 3652 τὸ
3186 3596 3427 3666 σωθῆναι
3453 3593 3688 3646 δέονται.

2110 3705 2176 3759 Τί
2226 3707 2338 3774 γὰρ
2406 3703 2473 3756 ἂν
2520 3700 2738 3771 ποιήσοι
2790 3695 3079 3767 ἄνθρωπος
3147 3691 3272 3746 ἄνευ
3341 3689 3691 3760 χάριτος;-

2113 3789 2672 3872 [ΟΙΚΟΥΜΕΝΙΟΥ.]
2709 3789 2805 3843 Ἐκ
2836 3787 2930 3841 106
3001 3784 3334 3855 ἀντιγράφου
3383 3779 3458 3852 μὴ
3513 3775 3692 3872 εὐριξιν

2113 3867 2294 3952 καλῶς
2326 3887 2426 3950 τὰς
2459 3880 2834 3956 παραγραφὰς
2868 3878 2962 3932 106
2997 3876 3266 3949 μακαρίου
3308 3871 3556 3925 Ἰωάννου
3591 3867 3694 3934 τῆς

2114 3981 2250 4054 πρὸς
2310 3976 2647 4038 Κολοσσαεῖς
2720 3969 3068 4038 Ἐπιστολῆς.
3151 3961 3468 4034 συνέγραψα
3522 3957 3694 4054 αὺτές

2113 4048 2262 4137 ὅπως
2289 4071 2594 4142 ἠδυνάμην.
2631 4067 2691 4120 Εἰ
2721 4060 2813 4118 οὗν
2855 4062 3054 4134 εὑρεθῇ
3083 4077 3137 4113 τι
3172 4061 3229 4112 ὲν
3258 4057 3466 4119 αὐταῖς.
3495 4053 3527 4119 ἦ
3560 4048 3691 4142 κοῦ-

2116 4185 2235 4238 φον,
2274 4137 2691 4238 summm,
2723 4159 2857 4212 ἴστω
2886 4157 2914 4210 ὁ
2939 4151 3352 4224 ἀναγινώσκων,
3387 4147 3520 4218 ὲμδν
3550 4137 3692 4196 εἶναι

2113 4263 2176 4317 τὸ
2200 4258 2442 4314 τοιοῦτον
2475 4257 2744 4325 πταῖσμα.

2196 4444 2394 4508 Τέλος,
2417 4439 2539 4494 σὺν
2561 4437 2703 4503 Θεῷ,
2735 4433 2845 4558 εἰς
3061 4419 3434 4488 Κολοσσαεῒς
3460 4419 3622 4474 Ἐπι-

2832 4522 2893 4558 το
2941 4522 2974 4558 n
3019 4541 3034 4555 .

2832 4521 3034 4570 tunc.

2171 4627 2414 4701 Ἐγράφη
2439 4624 2547 4681 ἀπὸ
2579 4620 2798 4692 Ῥώμης
2829 4616 2916 4673 διὰ
2941 4609 3176 4686 Τυχικοῦ
3202 4606 3298 4665 καὶ
3341 4602 3652 4674 Ὀνησίμου.
