3994 6574
279 335 342 399 57
1179 336 1568 400 COMMENT.
1610 339 1692 399 1N
1734 338 1952 399 EPIST
2011 339 2054 407 ι,
2079 341 2184 401 AD
2219 343 2582 406 THESSAL.
2850 305 2862 312 ’
3434 350 3510 415 ss

274 491 3482 523 —————————_____.____________________________________.

1517 661 2282 780 ΥΠΟΘΕΣΙΣ

478 919 695 1005 ΤΗΣ
769 919 1063 1007 ΠΡΟΣ
1137 918 2029 1010 ΘΕΣΣΑΛΟΝΙΚΕΙΣ
2103 925 2555 1014 ΠΡΩΤΗΣ
2624 926 3296 1017 ΕΠΙΣΤΟΛΗΣυ

1363 1328 2385 1450 ARGUMENTUM

507 1589 999 1692 PRIORIS
1082 1597 1701 1692 EPISTOLzE
1782 1602 1932 1694 AD
2009 1606 3256 1702 THESSALONICENSES.

311 1941 536 2036 Ταύτην
563 1947 870 2001 ἐπιστέλλει
904 1947 1012 2002 ἀπὸ
1052 1951 1315 2022 Ἀθηνῶν,
1340 1953 1600 2023 ἑωρακὼς
1624 1959 1821 2027 πρότε-

1998 1959 2158 2036 148
2181 1961 2331 2021 lianc
2375 1964 2446 2020 ab
2476 1962 2704 2022 Athenis
2741 1963 2956 2028 scribit,
2990 1977 3117 2018 cum
3156 1963 3270 2034 jam
3307 1979 3404 2020 eos
3436 1964 3522 2018 vi—

251 2047 335 2103 ρον
384 2034 608 2102 αὐτοὺς,
641 2039 736 2091 καὶ
781 2037 1067 2110 διατρίψας
1097 2043 1227 2110 παρ’
1271 2045 1476 2109 αὐτοῖς.
1510 2048 1572 2101 Ἥ
1602 2049 1658 2104 δὲ
1697 2055 1830 2122 πρό-

248 2139 410 2190 φασις
435 2127 535 2196 τῆς
571 2130 864 2200 ἐπιστολῆς
906 2133 1071 2204 αὕτη·
1129 2136 1191 2190 Ὃ
1249 2136 1573 2206 ’Δπόστολος
1625 2143 1827 2209 πολλὰς

248 2210 456 2284 θλίψεις
485 2218 677 2272 παθὼν
705 2221 765 2273 ὲν
789 2221 990 2295 Βεροίᾳ
1035 2225 1130 2279 καὶ
1160 2228 1219 2280 ἐν
1256 2229 1545 2296 Φιλίπποις
1573 2235 1675 2303 τῆς
1709 2237 1830 2290 Μα-

245 2306 493 2372 κεδονίας
521 2309 617 2363 καὶ
637 2312 695 2364 ἐν
725 2313 996 2385 Κορίνθῳ,
1031 2319 1318 2385 γινώσκων
1357 2339 1418 2376 τε
1458 2323 1559 2378 ὅσα
1591 2325 1826 2382 πέπονθε

245 2398 330 2452 καὶ
353 2399 414 2453 ὲν
443 2400 838 2477 Θεσσαλονίκῃ,
869 2407 1203 2478 φοϐούμενος
1228 2413 1302 2483 μὴ
1329 2414 1661 2481 ἀκούσαντες
1691 2418 1828 2473 Θεσ-

244 2491 547 2558 σαλονικεῐς
575 2494 613 2549 ἃ
641 2497 913 2553 πέπονθεν
937 2503 995 2556 ὲν
1019 2505 1138 2566 ταῖς
1162 2507 1592 2578 προειρημέναις
1622 2510 1824 2581 πόλεσι,

244 2585 616 2650 πειρασθιῖκτιν
675 2587 781 2642 ὑπὸ
839 2589 934 2644 τοῦ
989 2595 1337 2666 πειράζοντος
1401 2601 1494 2654 καὶ
1538 2603 1825 2656 σκανδαλι-

243 2673 415 2728 σθῶσι
445 2693 461 2708 ·
510 2678 702 2748 μαθὼν
747 2681 804 2735 δὲ
854 2683 936 2738 δτι
977 2687 1072 2740 καὶ
1121 2689 1218 2742 ἐπὶ
1254 2692 1368 2754 τοῖς
1414 2693 1824 2765 ἀποθνήσκουσι

242 2767 538 2823 κατώδυνοι
571 2771 832 2839 ἐγίνοντο,
877 2777 1197 2835 ἀποστέλλει
1226 2778 1494 2852 Τιμόθεον
1531 2787 1668 2857 πρὸς
1722 2790 1824 2842 αύ-

241 2861 369 2923 τοὶις
392 2862 534 2930 μετὰ
564 2865 664 2933 τῆς
708 2867 1031 2940 Ἐπιστολῆς
1062 2873 1287 2942 ταύτης.
1333 2877 1441 2930 Καὶ
1470 2879 1687 2950 πρῶτον
1724 2881 1823 2950 μὲν

240 2950 587 3024 ιπιστηρὶζει
628 2957 826 3022 αὐτοὺς
858 2961 918 3013 ὲν
960 2964 1025 3031 τῇ
1069 2963 1272 3029 πίστει,
1303 2963 1443 3022 ὥστε
1493 2971 1567 3042 μὴ
1601 2972 1823 3026 σαλεύεο

243 3043 366 3096 σθαι
393 3043 485 3097 διὰ.
509 3045 609 3109 τὰς
643 3046 878 3118 θλίψεις,
911 3053 1004 3105 καὶ
1029 3053 1196 3125 μηδὲν
1221 3055 1370 3121 ξένον
1392 3059 1590 3124 αὐτοὺς
1619 3077 1823 3115 πεπον-

243 3134 390 3189 Θέναι
423 3137 530 3191 ὑπὸ
558 3139 668 3192 τῶν
711 3141 1007 3210 Ἰουδαίων,
1045 3146 1153 3201 τῶν
1181 3149 1278 3202 καὶ
1321 3149 1413 3204 τὸν
1443 3152 1646 3222 Κύριον
1688 3155 1823 3208 ἀπο-

240 3229 588 3287 κτεινάντων.
631 3234 977 3303 Χριστιανῶν
1003 3239 1112 3310 γὰρ
1155 3241 1288 3295 ἴδιον
1335 3242 1398 3296 τὸ
1438 3243 1717 3299 θλίϐεσθαι
1761 3249 1818 3300 ἐν

240 3318 312 3388 τῷ
343 3319 443 3392 βίῳ
471 3321 647 3394 τούτῳ
679 3325 854 3395 ἔλεγε.
911 3330 1090 3384 Πολλὰ
1132 3331 1191 3385 δὲ
1239 3335 1577 3404 παραινέσας
1609 3334 1813 3401 αὐτοῖς,

239 3405 408 3473 οὕτως
429 3410 506 3472 ὡς
545 3413 854 3483 παρέλαϐον
881 3419 978 3472 ἀπ’
1002 3419 1168 3475 αὑτοῦ
1190 3423 1650 3496 ἀναστρέφεσθαι,
1681 3429 1817 3497 γρά-

242 3517 328 3569 φει
369 3504 498 3573 περὶ
525 3505 636 3559 τῶν
669 3509 1074 3580 τελευτώντων,
1105 3517 1600 3590 παραμυθούμενος
1619 3522 1818 3586 αὐτοὺς

241 3595 333 3647 καὶ
361 3595 628 3651 διδάσκων
664 3601 739 3671 μὴ
776 3601 985 3676 βαρέως
1018 3607 1227 3676 φέρειν.
1283 3612 1358 3665 Οὐ
1401 3612 1510 3684 γὰρ
1548 3609 1687 3667 εἶναι
1726 3617 1818 3668 τὶν

245 3684 470 3740 θάνατον
516 3689 816 3760 ἀπώλειαν,
860 3697 975 3749 ἀλλ’
1007 3699 1126 3751 ὁδὸν
1165 3703 1534 3770 ἀναστάσεως.
1589 3709 1821 3762 Ἔπειτα

246 3781 499 3850 καὶπερὶ
549 3782 659 3836 τῶν
690 3787 898 3857 χρόνων
951 3791 1148 3855 αὐτοὺς
1191 3793 1454 3860 διδάσκει,
1507 3799 1593 3852 ἵνα
1626 3799 1820 3867 ἄδηλον

244 3869 339 3939 τὴν
369 3871 586 3940 ἡμέραν
614 3873 998 3944 γινώσκοντες,
1041 3878 1126 3933 ἀεὶ
1172 3883 1382 3954 ἕτοιμοι
1418 3886 1696 3954 γίνωνται,
1725 3891 1820 3943 καὶ

249 3959 428 4028 μηδενὶ
462 3963 808 4032 προσέχωσιν
829 3969 1283 4045 ἐπαγγελλομένῳ
1303 3975 1431 4041 περὶ
1450 3978 1644 4048 αὐτῆς.
1667 3981 1824 4034 Ἐσε-

247 4049 363 4104 σθαι
413 4053 546 4123 γὰρ,
608 4055 746 4125 φησι
801 4057 899 4130 τὴν
932 4064 1238 4130 παρουσίαν
1281 4065 1476 4133 οὕτως,
1506 4069 1646 4122 ὥστε
1697 4073 1822 4135 τοὺς

245 4141 727 4234 περιλειπομένους
777 4150 872 4202 καὶ
932 4151 1360 4226 εὑρισκομένους
1419 4161 1478 4213 ὲν
1527 4163 1593 4232 τῇ
1640 4162 1824 4234 ἡμέρᾳ

248 4232 422 4308 ἱκείνῃ
482 4237 559 4308 μὴ
612 4238 838 4307 φθάνειν
870 4245 998 4310 τοὺς
1047 4248 1112 4300 ὲκ
1159 4249 1368 4320 νεκρῶν
1413 4232 1821 4324 ἐγειρομένους.

250 4324 391 4396 ’Δμα
439 4330 550 4399 γὰρ
593 4332 840 4400 γίνεσθαι
886 4337 984 4409 τὴν
1016 4340 1236 4395 πάντων
1266 4341 1526 4414 ἀλλαγήν.
1572 4345 1835 4402 Διδάσκει

249 4414 373 4483 πρὸς
402 4418 638 4484 τούτοις,
666 4425 990 4493 προτρέπων
1015 4430 1212 4494 αὐτοὺς
1243 4430 1595 4500 βελτιοῦσθαι
1627 4439 1685 4490 ὲν
1711 4440 1826 4502 τοῖς

248 4505 407 4599 ἤθεσι,
449 4511 547 4564 καὶ
581 4513 793 4585 χαίρειν
820 4520 887 4589 τῇ
932 4520 1128 4584 ἐλπίδι,
1169 4525 1262 4578 καὶ
1295 4528 1698 4599 προσεύχεσθαι
1731 4531 1826 4584 καὶ

1929 2057 2100 2112 disset
2123 2059 2296 2127 prius,
2327 2068 2381 2113 et
2408 2059 2718 2128 apudipsos
2745 2067 2994 2113 versatus
3022 2056 3233 2112 fuisset.
3259 2055 3516 2126 Epistolas

1928 2164 2058 2204 vero
2075 2151 2292 2206 occasio
2326 2151 2436 2205 haec
2456 2151 2578 2214 fuit,
2612 2151 2910 2220 Apostolus
2939 2150 3138 2203 multas
3161 2165 3360 2219 passus
3379 2148 3521 2204 allii-

1929 2242 2139 2295 ctiones
2178 2241 2382 2296 Beroea:
2414 2249 2466 2296 et
2504 2241 2774 2312 Philippis
2811 2242 3033 2295 civitate
3086 2239 3420 2294 Macedoniae
3451 2255 3514 2293 ac

1927 2333 2184 2387 Corinthi
2217 2349 2231 2384 :
2263 2333 2429 2388 simul
2468 2341 2523 2387 et
2553 2334 2734 2389 sciens
2760 2340 2966 2402 quanta
3014 2347 3211 2401 passus
3262 2339 3410 2386 esset
3459 2333 3514 2386 in

1929 2423 2340 2489 Thessalonica,
2367 2425 2568 2480 timens
2595 2440 2660 2480 ne
2683 2425 2969 2479 audientes
2990 2421 3518 2484 Thessalonicenses

1929 2529 2051 2584 qum
2099 2529 2296 2584 passus
2345 2524 2492 2569 esset
2527 2515 2579 2568 in
2623 2515 2900 2584 praedictis
2947 2513 3283 2576 civitatibus,
3331 2522 3518 2567 tenta-

1927 2612 2121 2659 rentur
2163 2605 2236 2660 ab
2284 2620 2350 2660 eo
2396 2605 2489 2674 qui
2543 2613 2716 2658 tentat
2749 2612 2804 2659 et
2835 2605 3228 2659 ol'endiCuium
3267 2605 3520 2672 suscipe-

1926 2705 2094 2751 rent:
2134 2697 2364 2752 audiens
2409 2705 2675 2766 praeterea
2737 2695 2885 2767 quod
2941 2697 3107 2750 etiam
3161 2696 3518 2750 vehementer

1925 2801 2089 2854 super
2121 2787 2352 2841 mortuis
2385 2787 2655 2856 lugerent,
2689 2785 2859 2840 mittit
2885 2782 2953 2838 ad
2983 2783 3132 2852 ipsos
3161 2781 3517 2836 Timotheum

1924 2891 2048 2930 cum
2082 2876 2184 2929 hac
2231 2874 2498 2945 Epistola.
2549 2875 2614 2927 Et
2647 2874 2883 2944 primum
2918 2871 3140 2941 quidem
3172 2885 3268 2925 eos
3319 2871 3372 2924 in
3408 2869 3514 2924 [ide

1925 2966 2232 3032 confirmat,
2281 2982 2350 3022 ne
2398 2966 2469 3021 ob
2519 2966 2844 3020 alllictiones
2918 2963 3204 3026 ﬂuctuent,
3257 2975 3516 3016 asserens

1923 3061 2063 3115 nihil
2109 3074 2234 3114 esse
2281 3073 2482 3114 novum
2535 3057 2679 3127 quod
2720 3072 2751 3110 a
2791 3053 2997 3109 ludatis
3046 3052 3193 3123 passi
3241 3062 3393 3118 sunt,
3423 3051 3518 3123 qui

1925 3154 2217 3210 Dominum
2249 3167 2469 3222 quoque
2502 3152 2847 3205 occiderunt.
2883 3147 2971 3201 Ait
3005 3145 3154 3200 enim
3179 3143 3520 3200 Christianis

1925 3247 2203 3318 proprium
2217 3245 2359 3307 esse,
2379 3253 2436 3298 ut
2453 3244 2506 3297 in
2540 3242 2645 3297 hac
2664 3242 2775 3295 vita
2799 3238 3124 3310 alﬂigantur.
3140 3235 3322 3289 Multis
3337 3243 3520 3288 autem

1921 3341 2070 3412 ipsos
2097 3339 2422 3392 adhortatus
2462 3344 2521 3390 ut
2551 3331 3013 3405 quemadmodum
3049 3330 3118 3384 ah
3153 3329 3272 3395 ipso
3291 3341 3522 3395 accepe-

1921 3442 2040 3488 rant
2065 3437 2480 3494 eonvcrsentur,
2503 3426 2772 3483 scribitde
2789 3426 2874 3480 his
2895 3426 2987 3494 qui
3007 3425 3114 3477 vita
3127 3420 3519 3498 defunguntar’

1919 3528 2191 3596 docetque
2226 3539 2294 3578 ne
2346 3522 2588 3593 graviter
2635 3519 2838 3585 ferant,
2888 3533 3015 3572 cum
3061 3530 3210 3569 mors
3260 3514 3377 3582 ipsa
3413 3527 3523 3564 non

1921 3619 1993 3674 sit
2021 3616 2274 3687 perditio,
2293 3615 2385 3670 sed
2411 3613 2494 3666 via
2523 3610 2590 3665 ad
2611 3611 3096 3665 resurrectionem.
3118 3605 3326 3660 Deinde
3355 3601 3521 3674 159

1921 3711 2084 3766 etiam
2112 3707 2180 3762 de
2214 3705 2556 3776 temporibus
2594 3703 2746 3773 ipsos
2778 3701 3028 3764 instruit,
3055 3709 3113 3752 ut
3157 3696 3302 3750 diem
3334 3697 3518 3749 incer.

1925 3812 2038 3856 tum
2068 3798 2480 3863 esse'scientes,
2511 3811 2726 3865 semper
2753 3793 2926 3864 parati
2953 3791 3101 3846 sint:
3133 3803 3236 3842 nec
3258 3787 3517 3856 cuiquam

1923 3894 1990 3949 de
2020 3909 2086 3948 eo
2139 3893 2403 3947 referenti
2440 3893 2684 3946 animum
2731 3889 3037 3943 advertant.
3087 3889 3164 3939 ita
3198 3885 3367 3945 enim,
3417 3883 3515 3946 ait,

1926 3983 2042 4040 fore
2079 3983 2294 4038 Domini
2331 3983 2650 4044 adventum,
2688 3988 2745 4034 ut
2773 3979 2867 4050 qui
2930 3978 3324 4046 relinquuntur
3350 3981 3403 4027 et
3434 3961 3523 4027 die

1924 4081 2020 4134 illo
2071 4075 2384 4133 inveniendi
2440 4085 2590 4138 sunt,
2636 4085 2984 4142 nequaquam
3036 4083 3137 4123 eos
3185 4065 3521 4136 praeveniant

1925 4168 2018 4240 qui
2046 4183 2112 4223 ex
2148 4165 2384 4223 mortuis
2406 4163 2683 4220 excitandi
2713 4169 2864 4215 sunt.
2901 4159 3076 4213 Simul
3100 4158 3244 4212 enim
3275 4155 3516 4209 futuram

1926 4277 2071 4325 esse,
2126 4261 2220 4323 ait,
2258 4258 2504 4311 omnium
2553 4252 3017 4309 immutationem.
3063 4249 3144 4303 Ad
3195 4249 3313 4302 hare
3358 4246 3520 4300 docet

1926 4355 2226 4409 exhortans
2270 4360 2329 4413 ut
2383 4348 2642 4404 meliores
2698 4344 2998 4400 reddantur
3043 4343 3096 4396 in
3146 4340 3414 4403 moribus,
3465 4345 3523 4393 et

1926 4445 2202 4518 gaudeant
2249 4443 2305 4498 in
2356 4457 2455 4513 spe
2500 4455 2564 4494 ac
2595 4448 2777 4503 orent,
2817 4449 3143 4506 semperque
3181 4433 3235 4486 in
3289 4429 3521 4485 Domino

1929 4538 2135 4609 gratias
2204 4544 2403 4606 agant,
2459 4533 2722 4603 adjnrans
2777 4531 2928 4600 ipsos
2995 4534 3054 4581 ut
3130 4525 3345 4594 legatur
3407 4521 3522 4576 hare

249 4597 586 4702 abluet-atati:
614 4607 810 4673 αὐτοὺς
834 4611 920 4663 ἀεὶ
948 4613 1026 4683 τῷ
1057 4616 1264 4688 Κυρίῳ,
1296 4597 1590 4690 ένορκίζων
1623 4624 1820 4687 αὐτοὺς

1927 4597 2168 4702 ἦρίειοια
2208 4597 2472 4685 ohtnihus
2526 4597 2816 4687 iratribns,
2869 4628 2924 4676 et
2951 4620 3026 4675 ita
3058 4615 3343 4674 concludit
3387 4613 3516 4685 Epi-

248 4690 547 4786 ἀναγνῶναι
568 4697 664 4768 τὴν
683 4698 1002 4774 Ἐπιστολὴν
1022 4707 1226 4781 ταύτην
1253 4713 1386 4766 πᾶσι
1410 4715 1523 4777 τοῖς
1545 4715 1817 4786 ἀδελφοῖς,

250 4783 333 4834 καὶ
356 4783 532 4850 οὕτως
566 4789 764 4844 τελειοί
788 4793 887 4865 τὴν
925 4794 1277 4872 Ἐπιστολὴν.

248 4921 608 4982 ΚΕΦΑΔΑΙΑ
641 4932 775 4985 ΠΙΣ
811 4937 1008 4989 ΠΡΟΣ
1041 4940 1614 4998 ΘΕΣΣΑΛΟΝΙΚΕΙΣ
1644 4946 1821 5000 ΠΡΩ-

717 5005 856 5058 THE
887 5009 1331 5068 ΕΠΙΣΤΟΛΗΣ.

250 5120 278 5154 α
297 5142 311 5157 .
339 5098 620 5179 ἐπαινος
658 5115 1161 5176 Θεσσαλονικέων
1189 5125 1289 5179 ἐπὶ
1322 5127 1450 5195 τοῖς
1477 5128 1675 5195 ἀξίοις
1698 5128 1818 5182 τῶν

310 5197 666 5257 ἀποστόλων
694 5206 948 5275 ἀγῶσιν.

251 5286 309 5354 β’.
338 5292 520 5360 Πόθος
548 5297 752 5352 αὐτῶν
775 5302 874 5354 καί
906 5305 1059 5374 χαρὰ
1088 5307 1158 5359 ἐν
1182 5307 1389 5376 αὐτοῖς
1419 5310 1516 5364 καὶ
1539 5311 1818 5381 μέριμνα,

313 5383 462 5450 ὅπως
484 5393 908 5448 τελειωθῶσιν.

253 5480 314 5539 γ’.
343 5479 503 5579 fit}in
531 5485 684 5550 xpt‘c
710 5486 862 5539 Θεὸν
890 5489 1022 5557 περὶ
1053 5490 1317 5559 ἀφίξεως
1348 5491 1454 5562 τῆς
1480 5495 1688 5560 αὑτοῦ,
1718 5497 1816 5551 καὶ

313 5575 413 5638 τῆς
475 5575 798 5644 αὐξήσεως
853 5581 952 5634 καὶ
1001 5583 1382 5650 ,βεϐαιώσεως
1447 5589 1815 5642 Θεσσαλονι-

312 5661 472 5731 κέων,
511 5667 626 5735 ἕως
659 5669 770 5738 τῆς
810 5677 1148 5742 παρουσίας
1175 5679 1455 5747 Χριστοῦ.

253 5746 306 5805 δ’.
329 5755 682 5827 Παραίνεσις
715 5766 1142 5834 σωφροσύνης,
1174 5769 1584 5837 δικαιοσύνης,
1610 5773 1686 5838 ὡς
1714 5773 1807 5825 ἐπεὶ

1921 4724 2141 4780 stolam.

2002 4942 2161 5014 150
2201 4939 2634 5014 emortgsao
2657 4929 3453 5014 _T£IE_S_S_.:l_I_._QNICENSES

2368 5009 2762 5066 ιςριδτοιιε
2804 5007 3098 5065 ΕΑΡΙΤΑ.

1930 5130 1982 5186 l.
2032 5127 2176 5183 Laus
2225 5126 2779 5181 Tltessnlonicensium
2833 5125 2890 5178 in
2936 5118 3350 5181 certaminibus,
3403 5130 3521 5185 qua:

2001 5219 2256 5292 apostolis
2294 5218 2461 5289 digna
2501 5228 2649 5272 sunt.

1925 5315 1981 5370 2.
2025 5314 2180 5380 Quod
2219 5313 2360 5381 ipsos
2391 5313 2738 5374 desideraret,
2769 5320 2818 5364 et
2857 5309 2909 5363 in
2937 5309 3010 5362 eis
3037 5305 3287 5376 gauderet
3318 5319 3380 5356 ac
3410 5303 3522 5354 sol-

2000 5404 2179 5458 licitus
2205 5410 2362 5466 esset,
2396 5411 2454 5456 ut
2485 5402 2887 5471 perﬁcerentur.

1927 5495 1982 5549 5.
2030 5492 2276 5547 Precatio
2315 5493 2384 5546 ad
2442 5492 2604 5546 Deum
2654 5492 2718 5545 de
2755 5491 2986 5544 adventu
3023 5505 3122 5542 suo
3175 5497 3222 5541 et
3263 5495 3520 5540 cremento

1997 5601 2058 5638 ac
2125 5584 2529 5652 conﬁrmatione
2608 5581 3150 5638 Thessalonicensium
3222 5594 3382 5647 usque
3449 5576 3518 5629 tut

1994 5677 2276 5729 adventum
2312 5675 2532 5730 Christi.

1920 5771 1970 5825 ιί.
2019 5767 2337 5825 Ex/wrta'io
2386 5768 2453 5823 ad
2495 5769 2918 5840 temperantiam,
2953 5763 3250 5836 justitiam,
3300 5761 3501 5832 frater-
