4036 6612
537 362 610 427 63
1604 356 2005 420 (ECUMENII
2043 353 2339 418 TRICC/E
2373 352 2716 419 EPISCOPI
3737 363 3813 426 (Si

539 477 762 534 modum
795 474 990 531 nostis.
1033 493 1051 526 ι
1089 470 1152 528 Et
1181 472 1310 544 quid
1364 472 1532 528 multa
1584 473 1811 544 loquor,
1851 472 1959 528 ait?
2010 471 2094 542 lps

2231 471 2476 542 νήθημεν
2499 471 2636 542 πρὸς
2653 470 2818 540 ὑμᾶς.
2847 489 2864 521 ι
2884 471 2962 522 Δι’
2981 470 3143 540 ὑμᾶς,
3173 470 3359 539 φησὶν,
3383 489 3401 520 ι
3435 471 3622 543 ἐπειδὴ
3647 475 3812 544 ὑμεῖς

541 589 641 626 vus
665 575 836 624 testes
855 567 990 622 estis
1018 566 1286 622 fuerimus
1319 582 1446 636 erga
1479 581 1596 621 vos.
1625 586 1642 618 ι
1670 565 1848 621 Vestri
1869 581 2057 622 causa.
2095 585 2098 618 λ

2223 559 2321 634 ἦτε
2352 563 2603 616 ἐκλεκτοὶ
2631 561 2772 632 Θεῷ,
2809 561 2941 614 ὡσεὶ
2989 561 3142 630 ἔλεγε
3177 576 3191 592 ·
3221 562 3333 629 Τῆς
3383 564 3521 632 ἐμῆς
3566 565 3810 634 σπουδῆς

539 661 770 730 Propter
796 673 914 718 vos.
951 657 1147 726 inquit,
1197 657 1456 726 quoniam
1513 672 1610 712 vos
1659 657 1815 712 electi
1866 658 2036 713 eratis
2087 673 2098 712 :

2229 655 2332 725 τῆς
2366 656 2442 718 είς
2473 655 2614 725 ὑμᾶς
2649 657 2683 724 ἡ
2719 653 2876 723 ὑμῶν
2904 654 3056 724 παρὰ
3101 653 3237 707 Θεοῦ
3281 654 3480 725 ἐκλογὴ
3531 657 3808 726 πρόφασις

541 756 672 818 Deo,
704 769 768 806 ac
793 753 838 807 si
880 753 1088 807 diceret
1119 769 1133 806 :
1168 749 1346 806 Vestri
1381 768 1409 804 a
1444 749 1552 805 Deo
1579 751 1776 806 electio
1819 750 1924 805 fuit
1957 766 2118 806 occa-

535 849 621 900 sio
652 847 756 901 mei
783 861 908 916 erga
934 861 1031 900 vos
1059 845 1249 900 studii.
1291 863 1309 895 ‹
1332 843 1399 898 Ει
1428 859 1525 899 vos
1557 845 1861 900 imitatores
1884 844 2110 900 nostri.»

536 937 896 1009 Praeceptoris
929 947 1070 1002 erat,
1112 952 1358 992 recreare
1415 938 1566 1008 ipsos
1605 953 1634 991 a
1675 937 2115 1007 laboribusquos

535 1031 900 1100 pertulerant.
934 1030 1020 1084 Ait
1046 1046 1207 1099 ergo:
1236 1029 1352 1086 Non
1384 1045 1481 1085 vos
1501 1046 1696 1101 segnes
1726 1031 1931 1096 fuistis,
1988 1047 2111 1088 cum

532 1137 636 1177 nos
685 1122 998 1191 bujusmodi
1031 1121 1273 1178 studium
1327 1122 1469 1178 inter
1511 1138 1606 1178 vos
1651 1125 2110 1194 suscepissemus.

533 1214 642 1269 Sed
679 1214 846 1284 quid?
885 1213 1058 1268 Etiam
1092 1229 1189 1270 vos
1219 1214 1523 1269 imitatores
1555 1214 1730 1268 nostri
1768 1214 1899 1269 facti
1931 1214 2115 1270 fuistis

530 1316 584 1362 et
611 1307 843 1362 Domini.
890 1307 1212 1373 Quomodo?
1234 1307 1336 1371 Qui
1386 1323 1696 1363 sermonem
1725 1307 2022 1378 excepistis
2056 1308 2111 1362 in

530 1397 826 1454 ail'lictione
853 1399 1023 1455 multa
1067 1417 1190 1455 eum
1228 1401 1430 1472 gaudio
1461 1403 1709 1473 spiritus.
1749 1400 1928 1473 Papte,
1959 1401 2113 1471 quid-

529 1505 659 1546 nam
694 1501 780 1547 est
809 1492 956 1562 quod
981 1493 1159 1548 dicit?
1195 1493 1366 1549 Simul
1399 1501 1458 1548 ut
1495 1509 1804 1549 sermonem
1849 1508 2111 1563 suscepe-

530 1591 694 1646 runt,
758 1586 1014 1640 universa
1078 1585 1422 1657 supergressi
1475 1595 1642 1652 sunt,
1699 1594 1754 1642 et
1807 1586 2110 1641 imitatores

529 1669 735 1725 tibi-isti
776 1672 905 1726 facti
934 1681 1083 1728 sunt.
1117 1671 1342 1728 «Nostri
1379 1673 1507 1729 facti
1529 1674 1686 1728 estis.
1726 1691 1746 1725 ι
1782 1672 2109 1739 Quomodo?

2225 747 2478 813 γέγονεν.
2527 765 2546 798 ‹
2581 747 2690 801 Καὶ
2721 746 2880 817 ὑμεῖς
2930 745 3164 816 μιμηταὶ
3201 747 3377 817 ἡμῶν.
3414 765 3432 798 ι
3472 748 3806 803 Διδασκάλου

2219 833 2288 910 ἦν
2337 837 2398 892 τὸ
2440 838 2758 911 ἀναρρῶσαι
2797 839 2994 902 αὐτοὺς
3038 840 3097 906 ἐξ
3128 832 3203 894 ὧν
3252 841 3448 893 ἐκεῖνοι
3480 842 3803 911 ὑπέμειναν,

2221 929 2315 984 καί
2338 947 2538 1001 φησιν·
2578 933 2692 1003 Οὐχ
2721 935 2887 1003 ἡμεῖς
2924 933 3022 1002 μὲν
3052 934 3309 1004 τοιαύτην
3351 935 3432 998 είς
3465 935 3609 1005 ὑμᾶς
3634 954 3806 990 σπου-

2219 1023 2314 1094 δὴν
2343 1024 2765 1094 ἐπεδειξάμεθα,
2792 1026 2950 1096 ὑμεῖς
2982 1025 3038 1079 δὲ
3075 1025 3310 1096 ῥᾴθυμοι
3340 1022 3460 1098 ἦτε.
3507 1029 3669 1084 Ἀλλὰ
3708 1031 3798 1098 τίς

2218 1116 2331 1169 Καὶ
2383 1116 2562 1186 ὑμεῖς,
2612 1117 2791 1188 φησιν
2816 1119 3054 1188 μιμηταὶ
3084 1119 3241 1188 ἡμῶν
3272 1119 3523 1187 ἐγένεσθε
3575 1123 3668 1175 καὶ
3701 1123 3800 1176 τοῦ

2218 1206 2450 1277 Κυρίου.
2484 1208 2644 1273 Πῶς;
2671 1208 2967 1279 Δεξάμενοι
3003 1210 3094 1264 τὸν
3123 1210 3282 1279 λόγον
3316 1214 3372 1264 ὲν
3401 1211 3575 1282 θλίψει
3605 1215 3798 1286 πολλῇ,

2219 1297 2357 1368 μετὰ
2387 1299 2562 1369 χαρᾶς
2615 1300 3016 1370 πνευματικῆς.
3068 1301 3266 1368 Βαόαὶ,
3303 1299 3414 1356 οἷον
3442 1303 3608 1373 λέγει.
3643 1305 3798 1376 ’Ἅμα

2213 1391 2461 1458 ἐδέξαντο
2489 1392 2579 1446 τὸν
2609 1391 2766 1460 λόγον
2805 1392 3191 1465 ύπερέπτυσαν
3225 1394 3460 1461 ἅπαντα,
3504 1397 3598 1451 καὶ
3625 1413 3798 1467 μιμη-

2213 1486 2306 1538 ταὶ
2335 1483 2574 1555 Χριστοῦ
2604 1484 2951 1554 γεγένηνται.
2977 1505 2995 1538 ι
3019 1485 3209 1558 Ἡμῶν
3239 1487 3560 1559 ἐγενήθητε.
3583 1508 3601 1542 ι
3632 1491 3794 1559 Πῶςς

2215 1577 2339 1630 Ὀτι
2364 1577 2518 1631 αὐτοὶ
2551 1576 2940 1648 μαστιζόμενοι
2988 1579 3130 1650 ὑπὲρ
3155 1579 3250 1633 τοῦ
3298 1581 3504 1652 Κυρίου
3551 1580 3794 1654 ἔχαιρον,

2210 1670 2292 1725 ὅτι
2325 1668 2747 1742 κατηξιώθησαν
2775 1670 2916 1742 ὑπὲρ
2948 1669 3042 1724 τοῦ
3093 1671 3358 1743 ὀνόματος
3397 1673 3563 1729 αὐτοῦ
3595 1676 3798 1746 ἀτιμα-

527 1757 666 1826 Quia
709 1761 813 1832 ipsi
864 1773 1086 1833 propter
1137 1763 1427 1819 Dominum
1483 1763 1760 1835 ﬂagellati'
1794 1749 2098 1836 gaudebant

2212 1763 2426 1835 σθῆναι.
2466 1782 2485 1816 ι
2520 1763 2630 1817 Καὶ
2673 1763 2769 1818 τοῦ
2817 1765 3047 1835 Κυρίου.
3083 1782 3102 1816 ι
3135 1765 3292 1832 Πῶς;
3323 1765 3448 1820 Ὀτι
3490 1767 3586 1820 καὶ
3629 1767 3797 1833 αὐτὸς

499 1853 672 1920 .quod
704 1826 1077 1923 digni-essent
1129 1863 1189 1909 ut
1231 1870 1331 1926 pro
1365 1826 1585 1911 nomine
1629 1826 1945 1928 lsﬂvejus
1975 1871 2098 1911 con-

2213 1826 2579 1930 ῥαπιζόμενος
2595 1858 2691 1914 καὶ
2713 1826 2944 1930 πάσχων
2971 1859 3213 1931 ἔχαιρεν.
3231 1826 3405 1913 ’.ἑκὼν
3431 1860 3539 1933 γὰρ
3562 1826 3794 1932 ἔπασχε,

527 1941 748 1998 turbelis
805 1943 1172 2000 adicerentur.
1236 1965 1254 1998 ι
1315 1945 1379 2000 Ει
1435 1947 1674 2002 Domini.
1708 1967 1728 2000 ι
1766 1948 2108 2015 Quomodo?

526 2031 667 2100 Quia
701 2046 756 2090 et
789 2037 907 2106 ipse
955 2038 1129 2108 alapis
1155 2054 1332 2096 caesus
1363 2048 1416 2094 et
1434 2041 1648 2110 patiens
1670 2040 1965 2112 gaudebat.
1997 2039 2108 2097 Vo-

528 2127 768 2184 luntarie
822 2131 968 2185 enim
1017 2147 1212 2200 passus
1249 2143 1353 2196 est,
1401 2142 1456 2188 et
1503 2135 1683 2190 sciens
1737 2135 1864 2188 talia
1924 2136 2108 2192 salvos

526 2218 706 2276 facere
728 2223 906 2278 salute
936 2226 1168 2281 cmlesti.
1205 2224 1362 2282 Unde
1386 2227 1549 2282 etiam
1574 2227 1792 2281 dicebat
1823 2243 1836 2279 :
1873 2246 1890 2279 ι
1918 2225 2101 2293 Pater,

522 2311 766 2381 gloriﬂca
797 2313 990 2370 Filium
1019 2324 1170 2372 tuum
1193 2317 1234 2383 ί,
1264 2337 1282 2370 ι
1317 2320 1548 2389 loquens
1585 2319 1651 2374 de
1673 2335 1858 2375 cruce.
1907 2337 1926 2371 ι
1961 2319 2097 2376 Cum

522 2404 722 2469 gaudio
769 2405 1011 2476 Spiritus
1071 2409 1271 2463 sancti.
1308 2428 1325 2461 ι
1355 2409 1490 2464 Cum
1512 2410 1671 2478 [enim
1701 2411 1756 2464 in
1785 2409 2101 2465 carnalibus

523 2493 806 2560 doleretis,
863 2498 918 2552 in
974 2500 1361 2568 spirituaiibus
1418 2500 1762 2571 gaudebatis.
1802 2519 1821 2553 ι
1863 2499 2013 2554 Adeo
2043 2508 2101 2552 ut

525 2586 744 2644 fueritis
793 2593 1066 2661 exemplo.
1099 2613 1114 2642 ι
1157 2593 1222 2646 Et
1245 2592 1519 2663 quomodo
1548 2593 1600 2645 bi
1647 2591 1772 2648 facti
1828 2600 1959 2646 sunt
1993 2590 2100 2645 illis

519 2685 790 2751 exemplo,
823 2699 947 2737 cum
995 2685 1072 2739 illi
1128 2686 1362 2755 primum
1407 2683 1930 2750 credidissent?Qui
1964 2682 2101 2737 adeo

517 2771 655 2826 clari
713 2773 916 2841 fuistis,
971 2777 1168 2847 inquit,
1215 2777 1402 2833 statim
1461 2778 1529 2831 ab
1557 2776 1809 2840 exordio,
1852 2775 2097 2831 utetiam

2211 1947 2307 2001 καὶ
2357 1946 2517 2012 εἰδὼς
2560 1948 2630 2002 τὰ
2670 1948 2898 2002 τοιαῦτα
2951 1947 3207 2006 σώσαντα
3248 1950 3348 2020 τὴν
3401 1949 3494 2003 ὑπ’
3541 1951 3790 2020 ούρανὸν.

2215 2039 2376 2094 Ὅθεν
2424 2040 2520 2093 καὶ
2557 2040 2733 2110 ἔλεγε,
2765 2059 2784 2094 ι
2815 2040 3020 2110 Πάτερ,
3068 2039 3292 2106 δόξασόν
3334 2058 3429 2095 σου
3458 2042 3551 2096 τὸν
3583 2043 3734 2109 Υίὺν,
3764 2062 3784 2096 ι

2211 2132 2341 2203 περὶ
2369 2131 2464 2185 τοῦ
2497 2132 2731 2205 σταυροῦ
2763 2133 2962 2202 λέγων.
3001 2152 3020 2186 ι
3057 2134 3215 2188 Μετὰ
3257 2135 3435 2206 χαρᾶς
3473 2135 3792 2206 Πνεύματος

2209 2220 2390 2290 ἁγίου.
2428 2241 2447 2274 ι
2496 2223 2585 2276 Ἐν
2613 2223 2721 2294 γὰρ
2753 2226 2871 2288 τοῖς
2897 2227 3182 2298 σαρκικοῖς
3220 2223 3573 2294 λυπούμενοι,
3599 2229 3655 2279 ὲν
3675 2231 3793 2291 τοῖς

2212 2317 2608 2386 πνευματικοῖς
2658 2317 2929 2388 ὲχαίρετε.
2965 2335 2985 2369 ‹
3020 2317 3184 2370 Ὥστε
3235 2317 3488 2386 γενέσθαι
3521 2320 3666 2388 ὑμᾶς
3697 2321 3794 2374 τύ-

2208 2424 2366 2470 πους.
2407 2427 2425 2459 ι
2474 2409 2586 2461 Καὶ
2635 2409 2753 2474 πῶς
2798 2401 2947 2461 οὗτοι.
2993 2407 3156 2463 τύποι
3200 2411 3490 2479 γεγόνασιν
3535 2411 3792 2479 ἐκείνοις,

2209 2498 2433 2552 ὲκείνῶν
2459 2499 2692 2570 πρώτῶν
2743 2499 3190 2568 πιστευσάντων;
3215 2501 3343 2555 Ὅτι
3371 2501 3564 2567 οὕτως,
3597 2505 3788 2575 φησιν,

2209 2589 2605 2661 εύδοκιμήσατε
2636 2593 2698 2645 ὲκ
2731 2592 3057 2662 προοιμίων,
3119 2594 3200 2646 ὅτι
3234 2594 3326 2647 καὶ
3356 2596 3468 2658 τοῖς
3499 2595 3599 2666 ἤδη
3625 2613 3794 2652 πεπι-

2211 2682 2461 2735 στευκόσι
2491 2682 2662 2747 τύπος
2697 2683 2971 2752 ἐγένεσθε,
2999 2679 3088 2738 οἷα
3127 2686 3207 2738 δεῖ
3232 2685 3418 2757 φέρειν
3443 2686 3531 2741 διὰ
3565 2689 3665 2761 τὴν
3697 2688 3794 2744 πι-

2211 2791 2348 2830 στιν.
2385 2794 2403 2827 ι
2436 2776 2549 2830 Καὶ
2586 2777 2800 2848 Ἀχαΐᾳ.
2839 2795 2858 2829 ι
2906 2777 2996 2832 Ἐν
3023 2780 3091 2848 τῇ
3129 2777 3363 2834 Ἑλλάδι.

521 2869 605 2923 his
637 2869 728 2935 qui
765 2868 876 2938 jam
924 2872 1272 2926 crediderant
1327 2871 1580 2942 exemplo
1634 2871 1876 2937 fueritis,
1951 2867 2316 2926 ostendentes
2368 2871 2552 2941 qualia
2629 2872 2910 2927 sustinere
2975 2879 3232 2944 oporteat
3288 2880 3514 2945 propter
3597 2874 3783 2932 ﬁdem.

523 2983 541 3015 ι
571 2959 638 3017 Et
667 2965 893 3019 Achaia.
933 2985 952 3018 ι
982 2967 1039 3021 Id
1059 2976 1164 3032 cst,
1201 2966 1436 3024 Gracia.

585 3056 626 3111 Ι.
660 3057 817 3114 8-10.
851 3059 888 3112 Α
929 3058 1072 3116 vobis
1095 3063 1233 3115 enim
1257 3065 1523 3132 permunit
1542 3082 1712 3120 sermo
1749 3063 1962 3120 Domini
1990 3080 2093 3118 non

513 3145 683 3198 solum
727 3148 779 3202 in
837 3145 1157 3204 Macedonia
1219 3161 1267 3204 et
1303 3152 1528 3218 Achaia,
1586 3171 1762 3208 verum
1821 3155 1984 3208 etiam
2039 3155 2092 3206 in

513 3237 656 3288 omni
680 3236 794 3290 loco
829 3239 960 3307 ﬁdes
993 3249 1185 3304 vestra,
1210 3258 1326 3310 qua’
1358 3254 1432 3296 est
1457 3244 1514 3297 iu
1552 3243 1737 3305 Deum,
1772 3244 2088 3309 dimanarit,

512 3337 569 3378 ut
601 3344 704 3381 non
753 3331 822 3382 sit
863 3332 1010 3384 nobis
1046 3348 1254 3386 necesse
1289 3334 1576 3404 quidquam
1612 3335 1776 3406 loqui.
1816 3335 2089 3411 Siquidem
2121 3314 2164 3335 u

512 3417 614 3482 ipsi
641 3417 704 3472 de
735 3421 876 3474 vobis
907 3423 1232 3476 aunuutiaut
1253 3425 1463 3493 qualem
1513 3425 1810 3495 ingressum
1847 3426 2094 3481 habueri-

512 3498 627 3563 iuus
655 3510 726 3563 ad
754 3527 859 3577 vos,
891 3521 939 3566 et
981 3515 1243 3583 quomodo
1286 3518 1524 3571 conversi
1563 3518 1774 3587 fueritis
1805 3517 1875 3572 ad
1927 3518 2092 3573 Deum

514 3620 546 3656 a
585 3603 912 3672 simulacris,
947 3619 1002 3662 ut
1043 3611 1311 3664 serviretis
1375 3611 1480 3666 Deo
1503 3612 1694 3666 virenti
1749 3627 1810 3664 ac
1864 3611 2036 3665 veraci
2071 3624 2089 3663 :

510 3705 560 3748 et
580 3703 954 3764 t’xsperlaretis
977 3703 1172 3757 Filium
1197 3705 1310 3773 ejus
1335 3705 1398 3757 de
1421 3705 1590 3770 razlis,
1609 3720 1761 3775 quem
1789 3703 2040 3759 excitauit
2058 3721 2091 3758 α

511 3791 736 3845 mortuis
765 3789 969 3860 Jesum,
1001 3795 1092 3865 qui
1111 3795 1302 3850 liberat
1335 3812 1428 3852 nos
1453 3798 1515 3851 ab
1549 3797 1632 3852 ira
1661 3805 1897 3852 ventura.

582 4069 603 4104 ι
642 4051 707 4106 Et
731 4053 882 4110 vobis
917 4055 1062 4111 enim
1096 4058 1376 4127 perterruit
1404 4073 1610 4117 sermo.
1639 4079 1659 4114 ι
1692 4063 1800 4118 Aut
1840 4064 1989 4134 quod
2021 4065 2090 4121 de

503 4142 687 4209 vobis,
725 4144 848 4200 lidei
871 4161 1061 4214 causa,
1095 4147 1237 4204 fama
1259 4151 1462 4220 ubique
1485 4154 1798 4221 percurrit:
1824 4162 1917 4209 aut
1940 4157 2087 4226 quod

504 4235 816 4306 ingressum
846 4249 900 4294 et
941 4242 1239 4295 transitum
1273 4242 1508 4298 dedistis
1538 4245 1709 4299 verbo
1757 4244 1847 4301 Dei
1893 4263 1992 4317 per
2023 4263 2086 4304 ea

503 4345 624 4397 qua:
656 4330 955 4387 tolerastis.
990 4334 1100 4387 Aut
1133 4334 1281 4405 quod
1317 4337 1520 4405 ubique
1552 4339 1740 4393 audita
1771 4350 1857 4396 est
1889 4343 2087 4411 prmdi-

502 4423 648 4477 catio
676 4433 899 4494 propter
950 4439 1184 4482 vesn-am
1232 4431 1590 4500 probitatem.
1625 4449 1646 4486 ι
1693 4432 1895 4489 Verum
1920 4437 2084 4491 etiam

505 4515 559 4567 in
610 4517 757 4571 omni
797 4518 940 4573 loco.
983 4539 1002 4573 ι
1058 4521 1340 4592 Siquidem
1386 4524 1530 4587 fidei.
1579 4527 1778 4598 inquit,
1829 4544 2087 4584 sermone

2286 3057 2411 3127 Ἀφ’
2437 3054 2603 3126 ὑμῶν
2626 3054 2734 3124 γὰρ
2763 3053 3056 3123 ἐξήχηται
3099 3059 3132 3109 ό
3173 3055 3356 3125 λόγος
3397 3056 3504 3111 τοῦ
3539 3058 3784 3127 Κυρίου,

2200 3153 2275 3206 οὐ
2299 3151 2493 3220 μόνον
2516 3149 2585 3200 ἐν
2611 3145 2685 3216 τῇ
2706 3147 3049 3216 Μακεδονίᾳ
3070 3148 3169 3201 καί
3197 3148 3267 3200 ἐν
3294 3146 3371 3217 τῇ
3385 3150 3604 3218 Ἀχαΐᾳ,
3623 3151 3786 3207 ἀλλὰ

2201 3242 2297 3296 καὶ
2323 3241 2392 3294 ἐν
2415 3237 2595 3293 παντὶ
2615 3239 2776 3303 τόπῳ
2795 3236 2831 3305 ή
2852 3237 3060 3303 πίστις
3083 3237 3254 3307 ὑμῶν
3270 3237 3308 3306 ἠ
3341 3239 3496 3308 πρὸς
3512 3240 3620 3294 τὸν
3635 3242 3787 3296 Θεὸν

2195 3334 2588 3401 ἐξελήλυθεν.
2623 3331 2806 3384 Ὥστε
2830 3330 2917 3399 μὴ
2949 3332 3161 3400 χρείαν
3198 3331 3356 3400 ἡμᾶς
3377 3331 3543 3401 ἔχειν
3568 3332 3788 3387 λαλεῖν

2196 3445 2272 3482 τι.
2300 3425 2481 3481 Αὐτοὶ
2506 3424 2616 3496 γὰρ
2647 3424 2778 3492 περὶ
2811 3423 2980 3488 ὑμῶν
3034 3423 3531 3494 ἀπαγγέλλουσιν
3567 3426 3790 3482 ὁποίαν

2192 3517 2437 3574 εἵσοδον
2468 3515 2689 3586 ἔχομεν
2717 3516 2866 3584 πρὸς
2887 3514 3063 3585 ὑμᾶς,
3086 3514 3184 3570 καί
3218 3515 3345 3582 πῶς
3361 3516 3782 3585 ἐπεστρέψατε

2193 3608 2342 3679 πρὸς
2383 3608 2492 3663 τὸν
2537 3607 2688 3662 Θεὸν
2715 3607 2835 3662 ἀπὸ
2867 3606 2988 3663 τῶν
3017 3608 3280 3662 εἰδώλων
3311 3608 3632 3664 δουλεύειν
3657 3606 3785 3675 Θεῷ

2193 3701 2362 3764 ζῶντι
2390 3701 2488 3756 καὶ
2521 3697 2818 3769 ἀληθινῷ,
2854 3701 2952 3756 καί
2993 3701 3316 3772 ἀναμένειν
3350 3701 3462 3757 τὸν
3495 3703 3633 3756 Flor
3667 3703 3780 3758 αὺσέ

2193 3793 2298 3848 τοῦ
2343 3795 2412 3847 ἐκ
2464 3790 2583 3846 τῶν
2638 3792 2932 3861 οὐρανῶν,
2989 3792 3062 3847 ὃν
3118 3792 3360 3863 ἤγειρεν
3415 3793 3487 3847 ἐκ
3545 3792 3782 3862 νεκρῶν

2205 3884 2451 3954 Ἰησοῦν
2473 3885 2588 3939 τὸν
2619 3886 2927 3956 ῥυόμενον
2954 3883 3111 3956 ἡμᾶς
3144 3885 3264 3940 ἀπὸ
3303 3885 3415 3955 τῆς
3452 3883 3633 3956 ὀργῆς
3666 3885 3781 3958 τῆς

2190 3973 2543 4046 ἐρχομένης.

2269 4082 2288 4116 ι
2326 4065 2446 4133 Ἀφ’
2494 4065 2649 4137 ὑμῶν
2695 4065 2807 4139 γὰρ
2856 4067 3119 4139 ἐξήχηται
3156 4068 3184 4121 ὀ
3241 4066 3422 4136 λόγος.
3463 4086 3482 4120 ι
3515 4069 3584 4123 Ἢ
3619 4069 3701 4123 ὅτι
3740 4073 3774 4142 ἡ

2191 4157 2320 4225 περὶ
2373 4157 2528 4226 ὑμῶν
2574 4159 2674 4226 τῆς
2721 4159 2962 4224 πίστεως
3010 4159 3196 4213 ἕνεκεν
3245 4160 3444 4231 φήμη,
3496 4162 3776 4231 πανταχοῦ

2188 4247 2500 4318 διέδραμεν.
2531 4251 2599 4302 Ἦ
2644 4250 2724 4304 ὅτι
2773 4251 3010 4321 πάροδον
3045 4249 3316 4304 δεδώκατε
3356 4251 3432 4320 τῷ
3485 4251 3627 4322 λόγῳ
3675 4251 3773 4306 τοῦ

2189 4339 2349 4401 Θεοῦ.
2383 4339 2444 4405 ἐξ
2472 4334 2548 4396 ὧν
2581 4340 2883 4411 ἡθὶήσατε.
2908 4344 2978 4394 Ἢ
3007 4343 3089 4394 ὅτι
3117 4341 3396 4412 πανταχοῦ
3425 4343 3690 4413 ἧκουσται
3713 4344 3776 4398 τὸ

2190 4431 2458 4502 κήρυγμα
2491 4473 2504 4497 ,
2543 4434 2607 4487 ὲκ
2641 4435 2740 4504 τῆς
2775 4433 2928 4504 ὑμῶν
2957 4433 3380 4504 εὐδοκιμήσεως.
3423 4453 3442 4486 ι
3489 4433 3648 4489 Ἀλλὰ
3681 4437 3776 4490 καὶ

2189 4523 2247 4577 ὲν
2281 4525 2444 4577 παντὶ
2479 4524 2686 4596 τόπῳ.»
2717 4524 2824 4578 Τοῦ
2849 4525 2948 4596 μὲν
2977 4522 3071 4580 οῦν
3097 4526 3280 4594 λόγου,
3307 4527 3461 4596 φησὶ,
3490 4527 3583 4580 τοῦ
3613 4528 3773 4594 Θεοῦ,

503 4607 715 4662 vicinos
747 4613 998 4680 replestis
1034 4631 1046 4667 :
1083 4631 1205 4669 nam
1238 4617 1563 4674 azmulautes
1598 4635 1694 4675 vos
1717 4632 2083 4678 accurrerunt

2202 4616 2319 4676 τοὺς
2353 4615 2602 4682 γείτονας
2636 4615 2993 4686 ὲνεπλήσατε.
3041 4616 3396 4686 Ζηλώσαντες
3443 4617 3555 4688 γὰρ
3603 4618 3771 4689 ὑμᾶς,

497 4698 565 4753 ad
613 4701 792 4758 tidem.
860 4705 1241 4763 Admiratione
1304 4726 1457 4776 vero,
1516 4728 1582 4767 ex
1635 4730 1701 4768 eo
1745 4715 1890 4784 quod
1941 4717 2078 4772 adeo

2202 4711 2252 4780 τῇ
2307 4709 2484 4762 πίστει
2543 4710 2945 4781 προσέδραμον.
2982 4709 3089 4763 Τοῦ
3127 4711 3183 4763 δὲ
3221 4710 3502 4781 θαύματος
3543 4714 3599 4765 ὲν
3627 4713 3770 4768 οὓτω

499 4795 650 4848 trevi
691 4803 936 4865 tempore
979 4806 1185 4854 tantam
1224 4801 1384 4857 tidem
1416 4819 1481 4858 ac
1522 4814 1800 4862 certamen
1828 4808 2080 4878 praebue-

2202 4804 2383 4874 Βραχεῖ
2430 4804 2607 4875 χρόνῳ
2662 4805 2931 4876 τοσαύτην
3005 4807 3191 4858 πίστιν
3258 4805 3610 4871 ἐπεδείξασθε
3673 4809 3768 4863 καὶ

497 4887 655 4951 retis,
692 4898 753 4942 ut
780 4889 1098 4946 universum
1125 4894 1393 4948 mundum
1421 4897 1785 4967 repleveritis.
1816 4919 1833 4952 ι
1872 4899 1942 4956 Ut
1963 4918 2074 4959 non

2202 4895 2436 4966 ἱθλησιν,
2468 4897 2540 4960 ὡς
2575 4896 2790 4950 ἅπαντα
2812 4896 2906 4950 τὸν
2939 4896 3145 4967 κόσμον
3176 4897 3388 4968 γέμειν.
3441 4916 3459 4948 ι
3489 4899 3653 4952 Ὥστε
3690 4903 3766 4973 μὴ

495 4975 570 5032 sit
623 4979 779 5035 nobis
813 4997 1039 5037 necesse
1087 4983 1385 5054 quidquam
1411 4985 1584 5057 loqui.
1621 5006 1639 5040 ι
1670 4989 1806 5044 Nam
1832 5007 1954 5063 quae
1977 5009 2076 5050 nos

2202 4989 2374 5060 (ρεῖαν
2406 4991 2554 5059 ἡμᾶς
2577 4988 2721 5059 ἔχειν
2743 4987 2925 5042 λαλεῖν
2955 5004 3028 5041 τι.
3072 5006 3089 5039 ι
3148 4988 3216 5040 "A
3245 4989 3353 5058 γὰρ
3378 4990 3546 5059 ὑμᾶς,
3575 4994 3767 5061 φησιν,

496 5070 565 5126 de
597 5072 755 5129 vobis
781 5074 929 5144 loqui
960 5078 1226 5145 oportuit,
1259 5089 1317 5133 ut
1356 5089 1408 5134 et
1455 5089 1683 5140 cmicras
1716 5083 1782 5138 ad
1810 5088 2076 5156 aequalem

2202 5085 2351 5154 μχρῆν
2381 5084 2510 5153 περὶ
2543 5080 2698 5152 ὑμῶν
2726 5081 2933 5145 λαλεῖν,
2985 5079 3072 5133 ἵνα
3103 5080 3198 5134 καὶ
3243 5083 3371 5144 τοὺς
3423 5081 3645 5145 λοιποὺς
3685 5085 3767 5147 είς

495 5163 896 5222 adduceremus
941 5169 1139 5233 zelum,
1176 5171 1290 5225 hrec
1321 5173 1398 5227 illi
1430 5175 1830 5244 pt'awenientes
1860 5178 2074 5233 dicunt.

506 5273 527 5306 ο
558 5255 841 5326 Siquidem
896 5259 1000 5330 ipsi
1049 5261 1118 5317 de
1153 5263 1308 5322 vobis
1365 5269 1702 5322 annuntiant
1745 5256 2082 5341 qualemin-

497 5364 767 5416 gressum.
800 5368 819 5402 ι
867 5350 1004 5407 Puta
1031 5354 1179 5424 quod
1229 5370 1356 5412 cum
1407 5361 1808 5418 tentationibus
1845 5373 1898 5419 et
1938 5364 2082 5433 peri-

491 5439 657 5504 culis,
695 5457 815 5511 quae
858 5444 1164 5503 resistendo
1210 5451 1558 5520 pertulimus,
1609 5453 1676 5509 ad
1710 5469 1806 5510 vos
1842 5456 2076 5526 ingressi

498 5533 676 5588 simus
706 5551 718 5586 :
759 5551 854 5592 vos
887 5549 1069 5594 autem
1097 5556 1273 5612 neque
1297 5555 1520 5615 propter
1551 5547 1664 5601 haec
1688 5547 2074 5603 oll‘endiculum

440 5627 446 5632 '
499 5626 649 5694 ιοεεὶ
678 5628 832 5693 estis,
859 5639 954 5684 aut
993 5633 1172 5690 minus
1195 5637 1402 5692 creduli
1434 5639 1591 5695 estis.
1622 5638 1831 5695 Etenim
1864 5641 2060 5712 digres-

595 5808 790 5872 ‘Joau.
819 5818 1017 5883 svn,i.

2181 5175 2273 5229 τὸν
2323 5175 2437 5228 ἴσον
2488 5173 2852 5243 ἐναγάγωμεν
2883 5171 3080 5243 ζῆλον,
3123 5175 3322 5226 ἐκεῖνοι
3359 5175 3768 5244 προφθάνοντες

2181 5266 2454 5336 λέγουσιν.
2491 5284 2509 5317 ι
2552 5264 2718 5318 Αὐτοὶ
2766 5265 2878 5335 γὰρ
2928 5264 3062 5333 περὶ
3107 5265 3263 5334 ὑμῶν
3320 5266 3759 5335 ἀπαγγέλλουσιν

2183 5361 2375 5415 ὁποίαν
2421 5358 2652 5414 εἴσοδον.
2687 5375 2706 5410 ι
2741 5357 2886 5422 Ὅτι,
2928 5356 3083 5427 φησι,
3130 5357 3269 5426 μετὰ
3305 5359 3628 5426 πειρασμῶν
3669 5362 3764 5413 καὶ

2187 5452 2451 5509 κινδύνων
2481 5445 2556 5506 ὧν
2602 5452 2652 5505 οἱ
2681 5450 3065 5520 ἁνθιστάμενοι
3121 5451 3411 5521 ἐπέφερον,
3442 5453 3764 5524 εἰσήλθομεν

2188 5547 2324 5616 πρὸς
2348 5545 2516 5615 ὑμᾶς,
2540 5545 2698 5614 ὑμεῖς
2729 5543 2785 5596 δὲ
2818 5542 2937 5596 οὐδὲ
2960 5542 3048 5595 διὰ
3089 5540 3260 5595 ταῦτα
3305 5543 3763 5614 ὲσκανδαλίσθητε

2190 5641 2220 5710 ἢ
2271 5635 2434 5710 ἦττον
2480 5637 2860 5692 ἐπιστεύσατε.
2908 5637 3012 5689 Καὶ
3059 5635 3165 5705 γὰρ
3192 5636 3442 5690 ἀπελθὼν
3470 5640 3524 5690 ἐν
3565 5637 3764 5711 Βεροίᾳ⁸
