4036 6606
570 500 639 563 6⁸1
1626 490 2033 553 (ECUMENH
2070 488 2162 549 ΤΒ

2265 488 2363 550 ωε
2404 462 2746 548 EPISCOPI
3755 478 3829 540 ιε

574 611 741 667 nobis
772 606 1152 681 Evangelium.
1185 606 1467 676 Tanquam
1498 604 1701 659 diceret
1733 623 1746 657 :
1777 601 1917 657 Deus
1954 601 2149 672 proba-

2265 600 2586 671 ἐδοκίμασεν
2614 602 2646 671 ἡ
2656 601 2785 668 μᾶς,
2840 596 3006 669 μηδὲν
3047 596 3182 668 πρὸς
3212 597 3370 664 δόξαν
3400 594 3586 650 λαλεῖν
3615 593 3831 665 ἀνθρώ-

569 703 644 757 vit
670 718 772 756 nos
801 701 949 770 quod
1005 700 1141 755 nihil
1194 699 1262 754 ad
1307 698 1592 753 hominum
1634 695 1868 766 gloriam
1915 692 2155 748 locuturi

570 804 846 845 essemus.
906 786 1034 842 ldco
1069 788 1236 842 etiam
1275 786 1551 842 commisit
1588 783 1747 838 nobis
1768 781 2153 854 Evangelium.

570 880 651 937 lla
701 896 833 952 ergo
883 881 1041 936 vobis
1100 878 1273 935 loculi
1328 893 1555 945 sumus,
1619 878 1764 931 sicut
1816 874 2066 949 probavit
2102 881 2157 928 et

571 973 831 1042 cognovit
874 988 975 1027 nos
1043 972 1184 1025 Deus
1226 986 1242 1024 :
1286 970 1393 1024 hoc
1454 976 1560 1032 est,
1616 968 1738 1023 sine
1781 967 1931 1022 inani
1980 965 2154 1038 gloria

572 1063 779 1132 absque
810 1063 912 1115 hoc
940 1062 1085 1131 quod
1127 1075 1457 1130 caperemus
1490 1059 1647 1113 vobis
1680 1061 1920 1129 placere,
1944 1059 2154 1129 absque

572 1156 699 1210 dolo
732 1164 786 1209 et
819 1154 1156 1223 impuritate.
1180 1171 1199 1203 ι
1225 1151 1344 1207 Νοη
1376 1161 1438 1205 ιιι
1463 1152 1782 1207 hominibus
1814 1152 2149 1221 placentes.)

575 1247 832 1318 Seipsum
879 1235 1298 1316 interpretatur.
1324 1244 1462 1301 Nam
1491 1247 1583 1315 qui
1620 1243 1811 1299 dolosa
1857 1244 2060 1298 docent
2090 1257 2156 1297 ac

574 1342 883 1404 inendacia,
946 1340 1066 1394 ideo
1119 1342 1341 1405 docent,
1380 1348 1435 1393 ut
1492 1336 1806 1392 hominibus
1856 1338 2150 1407 placeant:

569 1446 673 1485 nos
711 1439 892 1485 autem
955 1447 1063 1485 non
1114 1431 1212 1492 ita,
1255 1431 1454 1499 inquit.
1489 1430 1676 1499 Neque
1726 1429 1871 1484 enim
1928 1431 2154 1481 tuenda—

570 1518 717 1572 cium
749 1518 1109 1574 docebamus.
1163 1516 1444 1586 Siquidem
1495 1518 1755 1586 quoniam
1789 1516 1937 1586 ipsos
1965 1517 2145 1570 lauda-

568 1611 670 1677 vit,
716 1626 785 1666 ne
835 1610 1156 1667 assentandi
1202 1610 1444 1678 suspicio
1479 1608 1546 1663 de
1571 1624 1635 1663 eo
1683 1609 2051 1675 suboriretur,
2086 1610 2153 1664 ad

572 1702 717 1757 hunc
750 1705 901 1758 venit
926 1718 1292 1759 sermonem.s
1321 1702 1423 1769 Qui
1457 1703 1656 1771 probat
1683 1702 1851 1757 corda
1879 1711 2090 1756 nostra.
2126 1720 2147 1754 ι

573 1793 691 1849 Non
726 1797 997 1868 contingit
1026 1805 1205 1851 autem
1240 1796 1312 1862 ei,
1345 1794 1438 1865 qui
1474 1795 1640 1849 corda
1676 1794 1869 1864 probat
1891 1834 1905 1859 ,
1938 1794 2153 1865 placere

574 1887 725 1942 illum
759 1889 850 1960 qui
884 1890 1042 1946 dolos
1074 1890 1337 1961 loquitur,
1369 1896 1424 1945 et
1471 1898 1531 1944 ut
1568 1888 1887 1945 hominibus
1912 1890 2150 1962 placeat.

642 2080 702 2143 ll,
738 2080 861 2138 5-8.
901 2080 1085 2152 Neque
1126 2085 1267 2139 enim
1303 2103 1538 2157 unquam
1565 2103 1658 2157 per
1705 2104 1997 2143 sermonem
2027 2089 2161 2145 adu-

571 2168 789 2223 lationis
837 2171 1034 2225 versati
1078 2188 1284 2238 sumus,
1316 2172 1761 2242 quemadmodum
1822 2176 2011 2238 nostis,
2067 2193 2160 2232 nec

569 2273 661 2325 per
716 2259 1045 2312 occasionem
1097 2261 1340 2314 avaritia:
1369 2274 1389 2313 :
1425 2260 1560 2314 Deus
1603 2270 1682 2315 est
1741 2264 1889 2315 testis
1934 2280 1953 2318 :
1999 2280 2161 2333 neque

574 2354 868 2412 qua'rentes
902 2359 967 2398 ea:
996 2344 1296 2400 hominibus
1339 2348 1563 2416 gloriam
1597 2364 1616 2401 :
1657 2365 1748 2402 nec
1783 2365 1818 2403 a
1853 2350 2016 2418 vobis,
2068 2368 2160 2405 nec

571 2432 637 2484 ab
676 2433 799 2486 aliis
824 2450 843 2487 :
873 2450 991 2487 cum
1015 2450 1288 2503 possemus
1328 2436 1381 2489 in
1421 2438 1743 2491 auctoritate
1771 2454 1885 2492 esse
1912 2439 2162 2509 quemad-

574 2524 789 2575 modum
823 2522 1028 2577 Christi
1056 2525 1432 2593 apostoliued
1454 2527 1653 2596 fuimus
1683 2528 1896 2597 parvuli
1915 2530 1969 2583 in
1987 2529 2158 2584 medio

573 2611 752 2676 restri,
798 2612 1015 2679 perinde
1056 2629 1121 2666 ac
1172 2615 1220 2667 si
1270 2619 1457 2668 nutrix
1502 2616 1679 2685 foveat
1713 2633 1837 2673 suos
1869 2619 2030 2686 ﬁlios.
2086 2622 2162 2676 sic

574 2699 769 2767 aﬁ‘rclu
801 2703 1049 2771 propensi
1090 2706 1146 2757 in
1164 2721 1274 2771 vos,
1314 2715 1373 2758 ut
1420 2708 1695 2775 cupiamus
1727 2710 1991 2777 impertiri
2021 2712 2161 2767 vobis

466 2860 477 2869 ε
576 2801 681 2839 non
730 2788 904 2842 solum
962 2788 1309 2861 Evangelium
1361 2791 1495 2859 Dei,
1526 2810 1704 2869 verum
1730 2797 1892 2850 etiam
1945 2808 2161 2854 nostras

574 2875 815 2940 ipsorum
856 2878 1088 2945 animos,
1122 2891 1402 2950 propterea
1438 2884 1578 2953 quod
1604 2868 1770 2939 'chari
1811 2885 1965 2942 nobis
2023 2889 2158 2956 [acti

574 2963 717 3017 sitis.

650 3091 669 3123 ι
717 3070 904 3142 Neque
940 3075 1085 3130 enim
1127 3092 1368 3148 unquam
1407 3092 1505 3149 per
1540 3094 1854 3137 sermonem
1882 3081 2159 3139 adulatio-

572 3163 680 3219 nis.
719 3184 738 3215 ι
773 3164 930 3231 Quod
966 3167 1331 3239 impostorum
1375 3171 1659 3241 proprium
1692 3181 1794 3227 est.
1830 3191 1848 3225 ι
1882 3172 2159 3240 Quemad-

577 3255 798 3309 modum
858 3259 1056 3313 nostis.
1096 3277 1116 3310 ι
1172 3260 1323 3331 Ipsos
1355 3262 1576 3331 quidem
1608 3270 1781 3323 testes
1813 3265 1970 3331 citat,
2015 3266 2160 3337 quod

576 3363 685 3401 nou
724 3349 934 3403 venerit
963 3365 1061 3420 per
1099 3365 1413 3406 sermonem
1462 3351 1823 3422 adulationis,
1860 3365 1914 3410 et
1942 3359 2157 3415 merito.
2188 3348 2231 3407 (ἶ

577 3439 861 3508 Siquidem
904 3442 1006 3509 ipsi
1041 3442 1240 3501 melius
1268 3453 1541 3502 noverant
1568 3462 1733 3518 quam
1757 3447 1850 3502 alii
1874 3463 1995 3519 quae
2016 3450 2165 3505 circa

578 3542 638 3580 se
666 3535 789 3580 acta
820 3536 999 3583 erant.
1038 3528 1197 3596 Quod
1235 3540 1420 3587 autem
1456 3549 1635 3605 neque
1670 3549 1767 3605 per
1812 3538 2165 3595 occasionem

578 3623 674 3668 aut
700 3614 1064 3671 intentionem
1108 3619 1444 3689 accipiendi,
1472 3618 1644 3675 Deum
1672 3621 1891 3678 invocat
1920 3632 2114 3680 testem
2146 3639 2163 3680 :

581 3700 742 3777 157
773 3703 984 3758 incerta
1015 3715 1147 3760 sunt
1178 3707 1322 3761 enim
1368 3708 1709 3777 hominibus,
1741 3726 1862 3781 quae
1900 3712 1957 3765 in
1982 3722 2165 3768 mente

580 3795 852 3865 cujusque
890 3806 1022 3852 sunt
1056 3800 1261 3854 studia.
1315 3801 1577 3872 Accipere
1634 3818 1876 3874 namque
1928 3805 2010 3859 vel
2054 3820 2165 3859 non

578 3884 851 3951 accipere,
898 3891 1090 3939 notum
1134 3885 1194 3940 fit
1243 3886 1582 3954 hominibus,
1613 3898 1667 3944 et
1712 3891 1780 3946 de
1826 3891 1931 3946 hoc
1981 3891 2166 3949 ferunt

581 3971 986 4025 testimonium.
1022 3972 1180 4038 Quod
1209 3984 1393 4029 autem
1423 3991 1706 4046 nunquam
1750 3979 1832 4032 vel
1859 3979 2165 4050 accipiendi

583 4061 929 4132 propositum
980 4063 1252 4131 habuerit,
1301 4067 1405 4121 soli
1438 4065 1549 4122 Deo
1580 4069 1862 4141 cognitum
1894 4081 1998 4137 est,
2026 4080 2163 4127 tem-

582 4165 718 4223 pore
775 4158 959 4206 autem
1003 4153 1169 4208 etiam
1227 4153 1548 4212 hominibus
1592 4157 1998 4213 manifestatur.
2058 4157 2164 4226 Qui

579 4239 729 4292 enim
761 4236 867 4294 hoc
901 4239 1068 4295 habet
1116 4242 1488 4312 propositum,
1527 4245 1754 4298 omnino
1784 4245 1892 4299 nisi
1924 4255 2161 4300 mentem

582 4325 856 4387 immutet.
895 4327 1193 4396 aliquando
1246 4327 1468 4384 tandem
1512 4330 1768 4402 accipiet.
1819 4328 1991 4387 Paulo
2034 4348 2164 4386 vero

583 4429 653 4468 nc
690 4413 743 4467 in
797 4425 1035 4470 mentem
1091 4418 1314 4491 quidem
1362 4434 1604 4491 unquam
1648 4428 1892 4483 venerat,
1941 4428 1998 4475 ut
2028 4421 2164 4478 lucri

583 4508 876 4564 occasione
907 4510 1254 4580 praedicaret.
1291 4511 1502 4569 Idcirco
1556 4529 1745 4570 eorum
1772 4529 1893 4584 quae
1928 4514 1983 4571 in
2010 4530 2163 4571 mea-

585 4603 639 4648 te
694 4606 849 4649 erant
903 4599 1100 4653 merito
1132 4596 1304 4653 Deum
1353 4609 1548 4656 testem
1578 4612 1757 4656 vocat.
1786 4600 1930 4671 Ipse,
1962 4603 2160 4673 inquit,

2258 709 2377 746 πων
2412 692 2725 762 μέλλοντας.
2760 691 2851 745 Διδ
2882 691 2977 745 καὶ
3012 689 3334 746 ἐπίστευσεν
3371 690 3505 760 ἡμῖν
3547 686 3613 745 τ’)
3640 688 3829 756 Εὐαγ-

2257 784 2459 854 γέλιον.
2509 784 2696 847 Οὕτως
2728 784 2820 838 οὖν
2858 782 3203 855 ἐλαλήσαμεν
3252 782 3402 854 ὑμῖν,
3431 780 3507 844 ὡς
3536 780 3831 849 ἐδοκίμασε

2257 876 2353 929 καὶ
2386 874 2530 944 ἔγνω
2577 876 2723 944 ἡμᾶς
2754 875 2783 927 ὁ
2817 872 2973 941 Θεὸς,
3017 874 3299 927 τουτέστιν
3330 873 3459 926 ἄνευ
3499 873 3832 939 κενοδοξίας,

2257 966 2386 1020 ἄνευ
2415 966 2511 1020 τοῦ
2544 967 2723 1019 θέλειν
2750 967 2877 1037 ὑμῖν
2902 967 3178 1036 ἀρέσκειν,
3207 966 3336 1020 ἄνευ
3390 967 3544 1022 δόλου
3576 970 3668 1022 καὶ
3688 970 3832 1022 άκα·

2257 1056 2509 1127 θαρσίας.
2551 1074 2569 1107 ι
2612 1058 2722 1126 Οὐχ
2753 1057 2828 1120 ὠς
2862 1056 3171 1128 ἀνθρώποις
3196 1057 3546 1129 ἀρέσκοντες.
3578 1058 3834 1129 »Ἦρμή-

2258 1166 2450 1201 νευσεν
2481 1151 2697 1204 ἑαυτόν.
2740 1151 2803 1203 Οἱ
2827 1151 2932 1221 γάρ
2959 1149 3109 1204 δόλια
3138 1152 3233 1205 καὶ
3265 1151 3437 1221 ψευδῆ
3465 1151 3831 1218 διδάσκοντες,

2253 1242 2345 1296 διὰ
2373 1242 2433 1295 τὸ
2463 1243 2659 1314 ἀρέσαι
2684 1243 2988 1315 ἀνθρώποις
3018 1244 3597 1316 διδάσκουσιν.Ἢμεῖς
3626 1246 3705 1312 δὲ,
3730 1264 3837 1317 φη-

2258 1334 2366 1399 σὶν,
2394 1333 2491 1403 οὐχ
2513 1333 2706 1396 οὕτως.
2738 1336 2810 1386 Οὔ
2847 1335 2956 1406 γάρ
2983 1332 3180 1405 ψεῦδος
3216 1334 3592 1403 ἐδιδάσκομεν.
3610 1334 3836 1409 Ἐπειδὴ

2256 1426 2366 1498 γάρ
2387 1425 2649 1497 ἐπῄνεσεν
2675 1428 2895 1493 αὐτοὺς,
2927 1429 3016 1482 ἵνα
3048 1429 3124 1500 μὴ
3146 1428 3469 1483 κολακεύειν
3492 1431 3833 1503 ὑωπτευθῇ,

2256 1520 2336 1582 εἰς
2374 1520 2563 1571 τοῦτον
2609 1515 2740 1591 ἦλθε
2785 1520 2876 1573 τὸν
2924 1520 3105 1591 λόγον.
3167 1540 3186 1574 ι
3226 1522 3319 1594 Τῷ
3347 1521 3699 1592 δοκιμάζοντι
3736 1523 3837 1587 τὰς

2256 1606 2502 1678 καρδίας.
2547 1626 2567 1659 ι
2598 1609 2672 1661 Τὸ
2695 1608 2751 1668 δὲ
2784 1609 2884 1672 τάς
2926 1612 3156 1682 καρδίας
3199 1611 3571 1684 δοκιμάζοντι,
3610 1613 3712 1667 οὐκ
3752 1612 3837 1668 ενι

2255 1698 2348 1754 τὸν
2373 1700 2560 1765 δόλους
2582 1701 2853 1757 λαλοῦντα
2878 1702 2976 1757 καὶ
3006 1704 3141 1781 πρὸς
3170 1705 3699 1779 ἀνθρωπάρεσκειαν
3736 1706 3835 1769 λα-

2254 1792 2472 1859 λοῦντα,
2506 1795 2723 1862 ἀρέσαι.

2332 2085 2486 2138 Οὔτε
2512 2083 2619 2155 γάρ
2650 2101 2797 2139 ποτε
2820 2085 2889 2139 ἐν
2914 2087 3074 2154 λόγῳ
3113 2088 3435 2155 κολακείας
3466 2089 3839 2162 ἐγενήθημεν

2259 2175 2454 2243 καθὼς
2498 2177 2726 2242 οῑδατε,
2779 2178 2918 2233 οὔτε
2960 2179 3031 2233 ἐν
3092 2179 3389 2249 προφάσει
3456 2183 3838 2249 πλεονεξίας.

2262 2271 2408 2337 Θεὸς
2432 2270 2685 2341 μάρτυς.
2726 2271 2878 2325 Οὔτε
2912 2270 3229 2342 ζητοῦντες
3272 2272 3341 2337 ἐξ
3383 2274 3714 2342 ἀνθρώπων
3743 2275 3843 2330 δό-

2261 2362 2398 2429 ξαν,
2422 2362 2560 2417 οὔτε
2580 2362 2682 2433 ἀφ’
2723 2363 2911 2433 ὑμῶν,
2944 2364 3083 2419 οὔτε
3115 2365 3217 2420 ἀπ’
3250 2365 3480 2431 ἄλλων,
3513 2365 3844 2435 δυνάμενοι

2254 2448 2330 2502 ἐν
2358 2451 2535 2517 ,ϐάρει
2563 2448 2713 2505 εἶναι
2743 2451 2823 2519 ὡς
2845 2453 3106 2521 Χριστοῦ
3128 2454 3483 2510 ἀπόστολοι.
3526 2457 3691 2513 Ἀλλ’
3712 2459 3845 2529 ere»

2261 2542 2537 2612 νήθημεν
2573 2542 2783 2612 νήπιοι
2831 2546 2902 2599 ἐν
2925 2546 3096 2613 μέσῳ
3149 2547 3318 2616 ὑμῶν
3363 2549 3445 2614 ὡς
3490 2547 3570 2605 ἂν
3619 2552 3845 2620 τροφὸς

2263 2632 2476 2689 θάλπει
2501 2636 2570 2690 τὰ
2591 2634 2814 2705 ἑαυτῆς
2845 2636 3046 2705 τέκνα,
3076 2640 3261 2708 οὕτως
3296 2643 3439 2711 lusu:
3452 2643 3652 2712 όμενοι
3672 2642 3845 2713 ὑμῶν

2262 2724 2636 2796 εὐδοκοῦμεν
2672 2727 3033 2795 μεταδοῦναι
3076 2728 3235 2797 ὑμῖν.
3266 2732 3349 2784 Οὐ
3381 2732 3574 2800 μόνον
3614 2731 3679 2785 τὸ
3728 2734 3846 2786 Εὐ»

2261 2814 2543 2886 anilia?
2565 2817 2671 2873 τοῦ
2702 2819 2871 2886 Θεοῦ,
2899 2821 3065 2875 ἀλλὰ
3085 2821 3183 2875 καὶ
3220 2821 3328 2886 τὰς
3358 2821 3590 2878 ἑαυτῶν
3608 2825 3841 2894 ψυχὰς,

2261 2909 2412 2965 διότι
2440 2910 2732 2981 ἀγαπητοὶ
2761 2911 2906 2983 ἡμῖν
2927 2914 3277 2985 γεγένησθε.

2340 3086 2509 3141 «Οὔτε
2532 3088 2639 3161 γάρ
2669 3106 2799 3144 ποτε
2830 3090 2888 3143 ὲν
2910 3090 3056 3163 λόγῳ
3081 3090 3426 3157 κολακείας.ι
3452 3092 3842 3168 [ΦΩΤ.]”Οπιρ

2264 3181 2371 3233 τῶν
2394 3179 2728 3236 άπατώντων
2751 3181 2882 3236 ἴδιόν
2901 3182 3071 3238 ἐστιν.
3099 3184 3331 3251 «Καθὼς
3353 3186 3550 3242 οἴδατε.
3568 3206 3588 3241 ι
3610 3187 3717 3241 Τοῦ
3739 3189 3845 3260 μὲν

2269 3276 2344 3346 μὴ
2366 3278 2424 3328 ἐν
2441 3275 2584 3345 λόγῳ
2600 3275 2891 3339 κολακείας
2908 3275 3105 3342 ὲλοεῖν,
3140 3277 3338 3341 αὐτοὺς
3356 3279 3513 3335 καλεί
3530 3279 3843 3351 μάρτυρας,

2266 3370 2360 3422 καὶ
2383 3369 2630 3432 εἰκότως.
2676 3369 2862 3440 (Αὐτοὶ
2902 3370 3012 3442 γὰρ
3042 3370 3150 3424 τῶν
3177 3370 3352 3430 ἄλλων
3377 3372 3577 3443 μᾶλλον
3611 3374 3679 3428 τὰ
3712 3377 3848 3447 περὶ

2266 3461 2463 3524 αὐτοὺς
2487 3460 2755 3535 ᾔδεισαν.)
2773 3462 2897 3514 Ὅτι
2926 3462 2983 3515 δὲ
3013 3462 3133 3516 οὐδὲ
3162 3463 3219 3516 ἐν
3243 3464 3515 3534 προφάσει
3536 3465 3631 3519 καὶ
3654 3468 3846 3537 σκοπῷ

2264 3552 2359 3607 τοῦ
2390 3553 2599 3620 λαϐεῖν,
2647 3554 2740 3610 τὸν
2768 3554 2903 3608 Θεὸν
2955 3555 3113 3609 καλεί
3167 3557 3442 3627 μάρτυρα.
3488 3558 3692 3631 Ἀδηλα
3729 3561 3845 3631 γὰρ

2265 3644 2574 3717 ἀνθρώποις
2621 3646 2693 3699 τὰ
2741 3648 2799 3700 ὲν
2824 3645 3036 3718 διανοίᾳ
3077 3648 3313 3703 ἑκάστου
3359 3649 3736 3721 μελετώμενα.
3771 3653 3847 3708 τὸ

2270 3737 2371 3808 μὲν
2414 3739 2524 3810 γάρ
2554 3739 2762 3804 λαϐεῖν,
2801 3740 2835 3812 ἢ
2884 3740 2960 3812 μὴ
3010 3740 3218 3804 λαϐεῖν,
3258 3742 3497 3811 γνωστὸν
3535 3744 3847 3814 ἀνθρώποις

2267 3823 2483 3893 γίνεται
2530 3827 2624 3879 καὶ
2668 3832 3052 3897 μαρτυρεῖται.
3081 3830 3156 3884 Τὸ
3194 3831 3254 3885 δὲ
3303 3831 3438 3902 μηδι
3470 3833 3674 3887 σκοπόν
3708 3852 3846 3889 ποτε

2269 3917 2582 3988 κτήσασθαι
2618 3918 2712 3971 τοῦ
2734 3919 2943 3987 λαϐεῖν,
2967 3918 3087 3991 Θεῷ
3117 3922 3450 3990 γινώσκεται
3478 3925 3646 3997 μόνῳ,
3664 3926 3846 4000 χρόνῳ

2265 4009 2323 4065 δὲ
2350 4012 2449 4065 καὶ
2474 4009 2789 4084 ἀνθρώποις
2813 4014 3282 4071 ἀποκαλύπτεται.
3321 4018 3380 4070 Ὀ
3414 4018 3524 4089 γὰρ
3548 4018 3688 4090 ἔχων
3712 4019 3846 4079 τοί.

2266 4119 2358 4157 τον
2396 4102 2621 4170 σκοπὸν,
2669 4103 2889 4169 πάντως
2916 4106 2963 4158 ει
2997 4104 3072 4177 μὴ
3102 4108 3437 4178 μεταϐάλλει
3473 4111 3570 4164 τὸν
3612 4114 3845 4181 σκοπὸν,

2264 4198 2565 4269 ότεδήποτε
2607 4197 2863 4273 λήψεται.
2897 4200 3098 4272 Παύλῳ
3149 4200 3229 4265 δὲ,
3279 4202 3401 4257 οὐδὲ
3452 4203 3546 4257 ἐπὶ
3575 4203 3701 4259 νοῦν
3736 4200 3846 4279 ἧκε

2264 4289 2325 4343 τὸ
2361 4291 2455 4343 ἐπὶ
2488 4290 2765 4361 προφάσει
2791 4291 3021 4361 κέρδους
3052 4293 3310 4363 κηρῦξαι.
3351 4293 3443 4348 Διὺ
3479 4294 3705 4360 εἰκότως
3733 4296 3847 4351 τῶν

2267 4382 2325 4434 ὲν
2356 4381 2570 4455 διανοίᾳ
2599 4384 2693 4438 τὸν
2720 4383 2927 4456 Κύριον
2961 4386 3216 4456 μάρτυρα
3259 4386 3433 4443 καλεῖ.
3482 4388 3541 4443 Ὀ
3574 4389 3741 4457 αὐτὸς
3786 4389 3847 4444 δὲ

2271 4474 2506 4547 μάρτυς,
2537 4476 2728 4547 φησιν,
2750 4477 2833 4531 ὅτι
2866 4478 2988 4532 οὐδὲ
3016 4478 3173 4546 δόξαν
3197 4478 3259 4543 ἐξ
3286 4480 3590 4552 ἀνθρώπων
3614 4481 3848 4555 ζητοῦν·

2268 4582 2361 4628 τες
2397 4566 2766 4638 κηρύττομεν.
2793 4567 2994 4632 Καλῶς
3024 4569 3082 4622 δὲ
3121 4569 3182 4634 ἐξ
3222 4570 3548 4640 ἀνθρώπων.
3584 4572 3696 4644 Τὴν
3734 4574 3847 4648 γὰρ

584 4681 744 4736 testis
765 4691 848 4737 est
887 4684 1036 4753 quod
1076 4700 1255 4755 neque
1290 4685 1518 4755 gloriam
1551 4687 1619 4742 ab
1660 4658 1978 4744 hominibus
2016 4658 2162 4760 qua};

2270 4658 2335 4711 ὲκ
2354 4660 2516 4724 Θεοῦ,
2541 4662 2640 4715 καὶ
2665 4659 2915 4734 ἐζήτουν,
2943 4664 3041 4718 καὶ
3057 4663 3386 4735 ἐλάμϐανον.
3412 4666 3598 4735 Σοφῶς
3618 4667 3675 4721 δὲ
3698 4666 3845 4735 λίαν,

583 4780 772 4829 rentes
808 4775 1197 4845 prmdicemus.
1231 4776 1401 4832 Recte
1446 4787 1624 4833 autem
1658 4779 1791 4832 dicit
1816 4780 1887 4835 ab
1926 4780 2163 4836 hornini-

585 4861 692 4916 bus
736 4877 750 4919 :
808 4877 934 4916 nam
991 4864 1142 4919 illam
1193 4880 1315 4935 quae
1354 4872 1438 4920 est
1477 4879 1507 4921 a
1542 4863 1649 4921 Deo
1678 4876 1733 4920 et
1763 4870 2078 4937 quaerebant
2109 4878 2164 4925 et

581 4953 953 5023 accipiebant.
976 4954 1042 5010 Et
1059 4958 1359 5029 prudenter
1385 4958 1680 5014 admodum
1699 4960 1807 5015 ait:
1824 4960 2161 5026 Quaarentes.

584 5040 913 5113 Quanquam
961 5045 1105 5101 enim
1166 5044 1626 5116 gloriﬁcabantur
1685 5047 1755 5101 ab
1826 5049 2162 5116 hominibus,

585 5149 696 5189 non
726 5144 909 5191 tamen
942 5137 1270 5206 quaerebant
1315 5147 1412 5194 aut
1442 5153 1666 5210 cperam
1714 5138 1938 5209 dabant,
1967 5149 2024 5194 ut
2050 5142 2167 5212 glo-

585 5224 956 5283 riﬁcarentur.
1006 5227 1135 5285 Ideo
1172 5228 1339 5298 hujus
1371 5244 1593 5302 quoque
1647 5230 1787 5286 Deus
1849 5231 2009 5287 testis
2057 5241 2161 5288 est.

587 5315 722 5375 Nam
766 5333 797 5373 a
861 5324 1142 5376 communi
1201 5337 1370 5383 sensu
1431 5323 1567 5379 illud
1621 5325 2003 5395 accipiendum
2056 5334 2161 5383 est.

591 5426 612 5459 s
647 5408 835 5481 Neque
882 5425 1190 5482 quaerentes
1233 5430 1297 5470 ex
1340 5415 1681 5473 hominibus.
1730 5436 1749 5470 ι
1806 5417 1996 5487 Neque
2042 5427 2165 5474 uta

589 5503 767 5567 vobis,
806 5504 1007 5574 inquit,
1046 5515 1142 5562 aut
1194 5507 1264 5564 ab
1305 5509 1430 5564 aliis
1476 5510 1708 5579 gloriam
1763 5510 2164 5580 acciperemus,
2234 5568 2239 5573 ,

589 5596 878 5653 mendacia
896 5599 1081 5669 aliqua
1103 5601 1255 5657 vobis
1271 5601 1437 5658 locuti
1463 5618 1679 5659 sumus.
1704 5600 1821 5659 Non
1851 5605 1995 5663 enim
2015 5620 2166 5675 qua:-

590 5688 769 5742 rimus
793 5704 916 5744 eam
962 5705 1084 5760 quae
1120 5701 1204 5747 est
1246 5693 1318 5748 ab
1362 5692 1681 5748 hominibus
1712 5693 1967 5764 gloriam.
1998 5693 2166 5765 quue

589 5796 719 5837 cum
752 5783 1148 5851 potuissemus,
1189 5786 1402 5856 inquit,
1455 5785 1680 5856 gloriosi
1725 5802 1870 5852 esse,
1925 5787 2060 5841 nihil
2099 5802 2166 5842 ex

593 5872 699 5929 hoc
720 5874 1097 5945 delinquentes
1130 5891 1365 5933 :sumus
1404 5894 1641 5949 namque
1665 5877 1868 5933 Christi
1908 5878 2162 5950 apostoli.

592 5965 729 6019 Cum
787 5964 949 6040 igitur
993 5968 1230 6025 debitam
1285 5969 1445 6025 nobis
1496 5970 1727 6039 gloriam
1781 5971 2163 6039 renuerimus,

2272 4753 2368 4804 καὶ
2391 4751 2473 4816 τὸ,
2506 4752 2829 4823 Ζητοῦντες.
2880 4752 2944 4809 El
2975 4755 3083 4826 γὰρ
3124 4755 3223 4810 καὶ
3265 4756 3580 4822 ὲδοξάζοντο
3618 4759 3712 4812 ὐπ’
3749 4761 3847 4814 άν-

2273 4842 2532 4916 θρώπων,
2581 4845 2696 4899 ἀλλ’
2726 4846 2786 4898 οὐ
2836 4846 3286 4918 ζητοῦντες,οὑδὲ
3333 4849 3747 4920 ἐπιτηδεύοντες
3783 4853 3847 4905 τδ

2269 4936 2625 5006 δοξασθῆναι.
2651 4937 2743 4993 Διὸ
2773 4939 2868 4991 καὶ
2891 4939 3086 4992 τούτου
3111 4940 3324 5011 μάρτυς
3344 4942 3373 4995 ό
3405 4941 3556 5006 Θεός.
3576 4942 3709 4997 Ἀπὸ
3731 4960 3849 4998 κοι-

2272 5031 2366 5084 νοῦ
2395 5029 2504 5102 γὰρ
2530 5030 2766 5100 ληπτέον
2793 5031 2946 5086 αὐτό.
2980 5050 2999 5084 ι
3041 5030 3179 5085 Οὔτε
3211 5031 3524 5099 ζητοῦντες,
3548 5035 3609 5101 ἐξ
3628 5035 3848 5109 ἀνθρώο

2274 5142 2412 5180 πων.
2450 5142 2468 5177 ι
2500 5125 2623 5181 Οὐδ’
2661 5125 2769 5189 ἵνα,
2817 5127 2972 5197 φησὶ,
3010 5125 3267 5198 λάϐωμεν
3299 5126 3431 5197 παρ’
3470 5128 3645 5199 ὑμῶν,
3682 5129 3715 5200 ἢ
3748 5130 3847 5184 ἀπ’

2273 5219 2446 5281 ἄλλων
2484 5218 2663 5285 δόξαν,
2697 5218 3040 5290 ἐλαλήσαμεν
3086 5220 3218 5290 ὑμῖν
3251 5219 3421 5290 ψεύδη
3452 5221 3595 5275 τινά.
3629 5221 3706 5273 Οὐ
3740 5222 3849 5293 γὰρ

2275 5307 2545 5381 ζητοῦμεν
2604 5310 2703 5382 τὴν
2745 5311 2897 5380 παρὰ
2940 5310 3246 5381 ἀνθρώπιον
3274 5310 3455 5376 δόξαν.
3489 5312 3600 5365 Καὶ
3638 5311 3844 5375 ταῦτα,

2276 5402 2432 5471 φησὶ,
2468 5401 2760 5473 δυνάμενοι
2802 5400 2942 5456 εἶναι
2993 5403 3215 5469 ἔνδοξοι,
3269 5403 3365 5459 καὶ
3412 5402 3487 5474 μὴ
3543 5405 3608 5459 ὲκ
3650 5404 3847 5459 τούτου

2275 5486 2944 5568 άμαρτάνοντες.Ἐομὲν
2991 5495 3103 5565 γὰρ
3155 5494 3395 5566 Χριστοῦ
3432 5496 3739 5552 iniuratm;
3783 5498 3846 5551 οι

2272 5586 2364 5645 οὖν
2398 5590 2495 5643 καὶ
2535 5589 2635 5658 τὴν
2674 5588 3032 5658 ὀφειλομένην
3074 5589 3207 5659 ἡμῖν
3248 5587 3407 5655 δόξαν
3450 5589 3845 5659 ἀρνησάμενοι,

2275 5682 2432 5753 φησὶ,
2470 5681 2589 5744 πῶς
2619 5681 2708 5735 διὰ
2735 5681 2894 5748 δόξαν
2928 5681 3175 5753 ἀπρεπῆ,
3206 5679 3506 5750 ἐμέλλομέν
3531 5696 3585 5733 τι
3617 5678 3847 5735 δεὸολω-

2278 5777 2438 5845 μένον
2465 5774 2804 5847 κηρύσσεινς
2852 5792 2873 5827 ι
2906 5775 3207 5845 Δυνάμενοι
3242 5776 3299 5827 ὲν
3337 5772 3497 5843 βάρει
3526 5769 3685 5825 εἶναι.
3721 5791 3740 5824 ι
3773 5771 3847 5824 Ἢ

2275 5871 2333 5921 ὲν
2354 5869 2486 5938 τιμῇ
2519 5867 2614 5920 καὶ
2649 5866 2799 5941 δόξῃ,
2830 5867 2887 5938 ἢ,
2923 5868 2996 5922 ἐν
3015 5868 3212 5938 βάρει,
3254 5866 3526 5931 τουτέστι,
3546 5863 3847 5935 λαμϐάνειν

2274 5963 2370 6017 καὶ
2396 5960 2717 6035 τρέφεσθαι.
2767 5979 2786 6013 ι
2828 5960 2917 6027 Ὠς
2954 5961 3192 6033 Χριστοῦ
3222 5958 3536 6020 ἀπόστολοι.
3581 5976 3601 6013 s
3646 5957 3709 6012 El
3737 5957 3846 6033 γάρ
