4036 6614
321 490 393 550 69
1251 499 1636 560 COMMENT.
1671 499 1750 559 IN
1791 501 2026 566 EPIST.
2065 504 2090 562 Ι
2131 505 2228 563 AD
2263 505 2620 568 TIIESSAL.
3504 515 3572 578 70

316 609 364 660 οἱ
393 604 544 676 παρὰ
573 604 841 674 βασιλέως
871 605 1328 678 ἀποστελλόμενοι
1349 610 1406 661 ὲν
1430 611 1564 680 τιμῇ
1595 610 1724 674 εἰσι,
1745 608 1868 662 πόσι

1968 661 1971 671 ,
2003 612 2280 680 quomodo
2310 623 2534 684 prepter
2564 615 2909 671 indecentem
2931 617 3158 687 gloriam
3185 618 3437 676 dolosam
3471 625 3542 677 ah
3562 654 3576 664 ι

321 699 522 766 μᾶλλον
555 699 607 750 ot
639 699 749 752 ἀπὸ
779 700 1017 769 Χριστοῦ
1037 718 1052 767 ;
1074 720 1092 752 ι
1119 701 1258 754 Ἀλλ’
1288 702 1627 774 ἐγενήθημεν
1657 704 1890 774 νήπιοι.»

316 790 485 844 Οὑόὲν
528 788 692 860 βαρὺ,
743 790 897 844 οὐδὲν
930 793 1209 862 φορτικὸν,
1238 794 1429 847 οὐδένα
1487 795 1703 864 κόμπον
1741 794 1896 864 ἔχον-

316 901 428 946 τες,
450 885 506 934 ὲν
536 883 692 953 μέσῳ
715 883 890 952 ὑμῶν.
908 885 1062 952 φησί.
1091 886 1402 950 Τουτέστιν,
1423 888 1484 941 οὑ
1511 888 1609 957 τὴν
1638 887 1894 958 ἀνωτέρω

315 974 575 1034 λασόντες
591 975 768 1040 τάξιν,
794 975 910 1029 ἀλλ’
930 976 1005 1039 ὡς
1022 973 1101 1040 εἷς
1123 978 1180 1044 ἐξ
1202 977 1355 1048 ὑμῶν
1380 980 1771 1051 ὲγενήθημεν.‹
1785 978 1892 1032 Οὑ-

313 1085 424 1130 τως
469 1068 819 1138 ίμειρόμενον
860 1068 1035 1138 ὑμῶν.
1066 1089 1084 1120 ι
1130 1069 1317 1134 Οῦτως
1376 1071 1522 1141 ὑμᾶς
1567 1071 1891 1139 ἀγαπῶντες

313 1163 412 1215 καὶ
444 1161 800 1231 ἀντεχόμενοι
830 1161 859 1213 ὑ
869 1163 1006 1230 μῶν,
1033 1162 1128 1216 καὶ
1156 1163 1453 1228 θάλποντες
1484 1164 1561 1234 τῷ
1587 1164 1885 1231 πνεύματι,

313 1250 390 1313 ὡς
426 1252 624 1322 τροφὸς
656 1253 720 1304 τὰ
751 1252 951 1320 ἑαυτῆς
982 1252 1224 1321 τρόφιμα
1256 1253 1501 1306 παιδία.‹
1549 1253 1890 1320 Εὑδοκοῦμεν

317 1344 644 1413 μεταδοῦναι
675 1347 860 1413 ὑμῖν.»
899 1345 1197 1408 [Ιοθοῦντες
1238 1347 1384 1418 ὑμᾶς
1415 1349 1510 1399 καὶ
1552 1346 1888 1415 ίμειρὸμενοι

315 1437 468 1506 ὑμῶν
491 1437 842 1506 εὑδοκοῦμεν,
866 1439 1134 1505 τουτέστι,
1173 1439 1574 1507 σπουδάζομεν.
1613 1439 1681 1491 Ἣ
1707 1437 1889 1507 βουλόο

315 1526 479 1596 μεθα,
508 1529 647 1598 μετά
676 1528 771 1582 τοῦ
807 1531 1178 1600 κηρύγματος,
1205 1531 1301 1584 καὶ
1325 1532 1426 1592 τὰς
1456 1529 1662 1584 ἑαυτῶν
1687 1528 1884 1599 ψυχὰς,

310 1620 360 1671 εἰ
397 1614 511 1672 οἷόν
543 1637 624 1682 τε,
655 1621 839 1676 δοῦναι
879 1623 1028 1692 ὑμῖν,
1061 1623 1154 1675 καὶ
1188 1622 1326 1693 ὑπὲρ
1363 1622 1614 1688 battiva
1643 1621 1699 1674 δὲ
1727 1621 1888 1673 τοῦτο

311 1709 656 1780 βουλόμενος,
708 1711 823 1775 πῶς
870 1712 1128 1783 βιωτικοῦ
1191 1730 1337 1775 τινος
1382 1713 1568 1765 ἕνεκεν
1610 1713 1882 1782 ἐκήρυξες

317 1804 444 1866 Πῶς
487 1805 544 1856 δὲ
599 1807 867 1876 σαρκικῆς
913 1805 1050 1869 ὅλως
1095 1809 1312 1876 μετεῖχε
1360 1805 1634 1872 διανοίας;
1686 1823 1703 1856 ι
1740 1805 1884 1856 Διότι

305 1897 586 1968 ἀγαπητοὶ
617 1897 829 1967 ἡμῶν.»
865 1899 972 1950 Καὶ
1002 1899 1086 1963 τίς
1116 1898 1376 1969 ήτούτων
1405 1899 1590 1960 αίτία;
1621 1897 1764 1950 εἴποι
1798 1910 1884 1958 τις

305 1987 508 2042 αὐτῶν.
552 1988 619 2040 Ἠ
645 1990 854 2059 ἀγάπη.
881 1991 1066 2060 φησίν.

1999 705 2126 773 quid
2165 708 2511 774 prtedicaluri
2557 709 2812 764 eramus?
2847 727 2866 761 ι
2904 709 3040 763 Cum
3078 726 3363 780 possemus
3393 714 3446 768 in
3475 730 3580 768 au-

1997 795 2250 850 c:oritate
2269 797 2566 851 esse.»Aut
2598 799 2651 852 in
2676 798 2885 853 honore
2905 807 2960 854 et
2985 799 3302 868 gloria.Aut
3330 803 3385 855 ὲν
3417 803 3576 874 βάρει

1996 889 2049 942 in
2081 903 2269 954 onere,
2307 889 2358 942 id
2391 900 2496 954 est,
2523 890 2772 960 accipere
2800 902 2854 945 et
2878 892 2971 946 ali.
3010 911 3028 944 ι
3059 890 3344 962 Tanquam
3365 893 3575 950 Christi

1994 980 2254 1049 apostoli.
2291 999 2310 1032 ι
2352 981 2407 1034 Si
2445 982 2588 1034 enim
2621 982 2781 1053 legati
2811 984 2902 1052 qui
2953 1003 2982 1036 a
3033 1000 3157 1052 rege
3187 986 3482 1040 mittuntur
3514 987 3568 1040 in

1994 1072 2201 1126 honore
2227 1079 2376 1138 sunt,
2413 1082 2618 1142 quanto
2649 1075 2820 1144 magis
2850 1074 2884 1129 ii
2914 1075 3006 1144 qui
3039 1091 3068 1128 a
3099 1075 3358 1132 Christo?
3409 1095 3426 1128 ι
3466 1078 3571 1132 Sed

1993 1161 2197 1217 fuimus
2242 1161 2478 1231 parvuli.
2513 1180 2531 1212 ι
2578 1162 2727 1215 Nihil
2788 1178 2974 1232 grave,
3019 1164 3218 1233 inquit,
3263 1165 3398 1218 nihil
3441 1181 3573 1218 oue-

1991 1263 2199 1314 rosum,
2241 1248 2449 1302 nullum
2501 1251 2702 1302 fastum
2759 1249 3041 1313 habentes,
3099 1252 3241 1305 inter
3289 1267 3408 1320 νος,
3467 1253 3571 1306 hoc

1989 1346 2093 1401 Osi,
2142 1353 2249 1391 non
2287 1338 2560 1407 superiori
2613 1350 2834 1408 sumpto
2874 1342 3086 1406 ordine,
3127 1343 3220 1396 Sed
3249 1343 3392 1397 sicut
3425 1359 3568 1398 unus

1990 1439 2232 1483 vestrum
2301 1430 2528 1484 fuimus.
2577 1448 2596 1480 ‹
2650 1429 2740 1484 Sic
2769 1430 2964 1486 allecto
3001 1434 3256 1504 propensi
3309 1436 3361 1488 in
3398 1452 3559 1489 vos.»

1989 1521 2139 1575 Adeo
2191 1537 2288 1576 vos
2339 1522 2631 1592 diligentes
2672 1533 2724 1577 et
2781 1525 3199 1593 amplectentes,
3253 1527 3570 1597 spirituque

1991 1613 2260 1678 foventes,
2294 1615 2760 1683 quamadmodum
2818 1617 3006 1671 nutrix
3059 1633 3188 1673 suos
3232 1635 3371 1689 quos
3429 1621 3566 1674 aluit

1985 1706 2266 1775 puerulos.
2311 1724 2330 1756 ι
2381 1703 2453 1759 Ut
2485 1707 2670 1760 animo
2700 1708 2986 1776 cupiamus
3022 1711 3287 1778 impertiri
3329 1712 3503 1767 vobis.
3536 1730 3554 1762 ι

1987 1796 2379 1852 Desideratnus
2411 1811 2528 1859 vos,
2559 1806 2614 1853 et
2659 1799 2853 1852 atl'ectu
2889 1799 2940 1853 in
2974 1816 3070 1855 vos
3107 1802 3364 1871 propensi
3404 1802 3563 1870 cupi~

1985 1905 2114 1945 mus
2138 1904 2203 1944 ex
2237 1889 2422 1942 animo
2450 1891 2565 1944 sive
2607 1891 2856 1945 volumus
2885 1901 2937 1945 et
2961 1907 3226 1945 conamur
3265 1909 3388 1946 cum
3421 1910 3562 1964 prae-

1913 1982 1953 2038 B
1981 1985 2255 2039 dicatione
2304 1992 2521 2037 nostras
2555 1998 2774 2052 quoque
2810 1985 3051 2050 ipsorum
3086 1985 3319 2049 animas,
3360 1987 3406 2040 si
3443 1985 3557 2040 lieri

304 2089 512 2150 posset,
562 2081 693 2138 dare
749 2085 906 2139 vobis
958 2095 1053 2139 aut
1117 2101 1216 2156 pro
1253 2087 1425 2144 vobis.
1462 2085 1566 2154 Qui
1597 2097 1779 2141 autem
1829 2083 1882 2139 id
1921 2079 2397 2151 cupit,quomodo
2429 2080 2746 2147 temporalis
2778 2079 3012 2148 alicujus
3093 2081 3168 2134 rei
3193 2096 3360 2135 causa
3421 2099 3558 2153 prae-

303 2177 595 2231 dicasset?
649 2178 933 2242 Quomodo
983 2182 1222 2236 carnalis
1267 2183 1493 2237 omnino
1538 2182 1738 2237 mentis
1792 2180 2064 2248 particeps
2101 2174 2330 2228 fuisset?
2364 2173 2525 2246 158
2562 2194 2579 2225 ι
2607 2175 2900 2244 Propterea
2934 2175 3080 2246 quod
3121 2177 3272 2231 chari
3317 2179 3494 2235 nobis.
3532 2200 3552 2234 ι

302 2268 366 2320 Et
414 2283 665 2338 quaenam
719 2269 912 2326 horum
964 2287 1127 2327 causa
1160 2274 1281 2326 est?
1348 2276 1553 2330 diceret
1596 2275 1871 2344 quispiam
1910 2270 2191 2330 Charitas,
2219 2267 2417 2335 inquit,
2451 2279 2506 2320 et
2545 2283 2698 2320 amor
2735 2269 2924 2323 vestri.

369 2363 791 2430 Μνημονεύετε
818 2362 950 2433 ⁴χηὰρ,
1002 2365 1251 2436 ἀδελφοὶ
1275 2407 1289 2431 ,
1328 2368 1436 2422 τὸν
1470 2371 1663 2422 κόπον
1701 2366 1872 2436 ἡμῶν

277 2449 402 2505 ,καὶ
429 2451 538 2504 τὸν
560 2453 811 2521 μόχθον.
841 2455 1075 2520 Νυκτὸς
1109 2459 1218 2526 γὰρ
1253 2458 1348 2511 καί
1387 2458 1610 2526 ἡμέρας
1634 2459 1868 2528 ἐργαζό-

296 2558 493 2611 μενοι,
522 2543 673 2610 πρὸς
709 2543 776 2597 τὸ
820 2543 904 2612 μὴ
945 2545 1304 2616 ἐπιϐαρῆσαί
1337 2566 1469 2603 τινα
1510 2551 1692 2618 ὑμῶν,
1730 2552 1866 2619 ἐκη-

291 2634 566 2703 ρύξαμεν
622 2639 712 2703 εὶς
761 2636 923 2707 ὑμᾶς
983 2639 1050 2694 τὸ
1107 2642 1476 2711 Εὐαγγέλιον
1524 2642 1630 2696 τοῦ
1693 2641 1863 2696 Θεοῦ.

311 2724 512 2795 Ὑμεῖς
549 2727 848 2798 μάρτυρες
888 2734 984 2786 καὶ
1030 2737 1063 2788 ό
1104 2735 1268 2800 Θεὸς,
1307 2736 1387 2800 ὡς
1423 2735 1609 2802 ὁσίως
1647 2737 1745 2789 καί
1786 2735 1870 2789 δι-

299 2821 484 2885 καίως
522 2821 619 2876 καὶ
643 2823 965 2892 ἀμέμπτως
997 2826 1138 2894 ὑμῖν
1164 2827 1288 2893 τοῖς
1321 2830 1719 2882 πιστεύουσιν
1743 2829 1869 2898 ἐγε-

296 2911 593 2982 νήθημεν,
617 2915 879 2985 καθάπερ
905 2919 1127 2984 οἴδατε,
1154 2920 1234 2984 ὡς
1248 2921 1357 2975 ἕνα
1385 2921 1650 2975 ἕκαστον
1673 2921 1864 2992 ὑμῶν,

296 3004 379 3070 ὡς
409 3005 608 3074 πατὴρ
647 3007 827 3062 τέκνα
873 3009 1124 3078 ἑαυτοῦ,
1164 3013 1658 3080 παρακαλοῦντες
1711 3014 1868 3084 ὑμᾶς

297 3094 400 3147 καί
442 3101 984 3169 παραμυθούμενοι.
1042 3106 1146 3159 Καὶ
1177 3107 1652 3174 μαρτυρούμενοι
1678 3110 1765 3174 είς
1802 3108 1866 3160 τὸ

296 3191 700 3259 περιπατῆσαι
742 3192 895 3262 ὑμᾶς
933 3195 1116 3262 ἀξίως
1168 3199 1276 3253 τοῦ
1332 3200 1480 3253 Θεοῦ
1535 3200 1869 3266 καλοῦντος

294 3282 454 3351 ὑμᾶς
482 3285 566 3349 εἰς
598 3284 711 3352 τὴν
732 3286 949 3341 ἑαυτοῦ
965 3289 1298 3352 βασιλείαν
1321 3290 1420 3344 καὶ
1445 3291 1653 3355 δόξαν.
1836 3297 1842 3300 ’

377 3395 396 3428 ι
431 3377 534 3431 Τὸν
565 3380 733 3430 κόπον
769 3379 948 3450 ἡμῶν.
990 3399 1008 3434 ›
1043 3382 1158 3436 Οὑκ
1199 3379 1342 3450 εἷπε,
1380 3383 1491 3449 Τάς
1522 3386 1861 3458 εὐεργεσίας,
1890 3377 1934 3439 C

247 3451 270 3468 ί
294 3467 362 3531 ἃς
394 3469 848 3541 εὑηργετήσαμεν
883 3473 1048 3543 ὑμᾶς,
1089 3475 1206 3528 ἀλλ’
1253 3476 1282 3530 ὃ
1325 3477 1525 3547 μᾶλλον
1664 3451 1864 3551 νὲντρε-

295 3562 658 3633 πτικώτερον,
685 3565 777 3619 τὸν
812 3567 979 3620 κόπον
1008 3569 1186 3638 ἡμῶν,
1217 3572 1370 3641 φησὶ,
1404 3573 1498 3625 καὶ
1522 3573 1615 3628 τὸν
1639 3574 1859 3644 μόχθον.

298 3670 320 3704 ι
359 3654 503 3724 Πρὸς
554 3655 614 3708 τὸ
667 3658 740 3729 μὴ
799 3659 1132 3730 ἐπιϐαρῆσαί
1194 3679 1317 3716 τινα
1380 3664 1555 3735 ὑμῶν.
1597 3684 1615 3716 ι
1672 3666 1862 3721 Καίτοι

293 3743 510 3812 ἔχοντες
549 3746 796 3810 ἐξουσίαν
818 3749 890 3811 ὡς
909 3750 1143 3821 Χριστοῦ
1174 3753 1485 3821 ἀπόστολοι,
1507 3755 1686 3820 καθὼς
1723 3757 1864 3810 ἀνωι-

293 3836 440 3906 τέρω
475 3833 648 3892 εἶπεν.
687 3857 707 3891 ι
729 3840 917 3911 Ὑμεῖς
959 3844 1234 3916 μάρτυρες
1268 3849 1362 3900 καὶ
1391 3851 1419 3901 ὁ
1449 3849 1600 3913 Θεός.
1623 3868 1642 3901 ι
1693 3851 1865 3917 Ἀξιό-

293 3942 482 3991 πιστος
518 3929 616 3997 μὲν
669 3933 696 3984 ὁ
739 3933 872 3995 Θεὸς
912 3934 1142 4006 μάρτυς.
1172 3940 1294 4001 Πῶς
1343 3942 1451 4012 γάρ
1478 3941 1570 4009 οὑ;
1606 3945 1760 3997 Ἐπεὶ
1797 3946 1856 4000 δὲ

295 4018 490 4088 ἄδηλον
523 4023 634 4084 τοῖς
661 4023 964 4094 ἀνθρώποις
987 4029 1035 4080 εί
1058 4030 1085 4080 ὁ
1108 4027 1241 4093 Θεὸς
1272 4033 1352 4094 είς
1381 4032 1541 4086 τοῦτο
1567 4039 1858 4108 μαρτυρεῖ,

293 4111 392 4163 καὶ
418 4112 616 4177 αὐτοὺς
654 4117 777 4180 τοὺς
806 4118 942 4190 πρὸς
975 4119 1068 4183 οὓς
1097 4123 1125 4175 ὀ
1155 4123 1312 4191 λόγος
1357 4125 1517 4180 καλεῖ
1553 4130 1856 4200 μάρτυρας.

291 4233 364 4244 ——
394 4202 593 4278 [M112]
645 4211 934 4283 Μάρτυρες
969 4213 1149 4281 ὑμεῖς,
1190 4210 1266 4270 ὧν
1308 4217 1625 4274 ἐθεάσασθε.
1666 4217 1764 4275 Ὦν
1803 4223 1861 4278 δὲ

294 4294 450 4362 ὑμεῖς
480 4299 579 4351 οὑκ
612 4298 928 4367 ἐθεάσασθε,
965 4305 994 4357 ὁ
1027 4305 1161 4370 Θεὸς
1185 4309 1212 4359 ὁ
1237 4308 1413 4362 πάντα
1459 4310 1632 4375 εἰδώς.
1671 4312 1859 4377 Οὕτως

291 4387 412 4440 οὑδὲ
469 4390 722 4456 ὑπονοίας
772 4394 956 4459 αὑτοῖς
1011 4395 1181 4467 λαϐὴν
1223 4399 1474 4456 ἐϐούλετο
1514 4404 1854 4461 καταλιπεῖν.

298 4498 316 4530 ι
338 4480 425 4544 Ὠς
443 4483 629 4545 ὁσίως.
659 4502 678 4534 ι
721 4484 844 4538 Ὅτι
873 4486 1097 4552 ἀδόλως,
1131 4490 1216 4542 ὅτι
1255 4492 1355 4562 οὑχ
1390 4494 1641 4552 ὑπούλως
1689 4498 1769 4552 ὅτι
1796 4499 1855 4552 οὑ

290 4572 429 4623 κατά
458 4572 1006 4646 ἀνθρωπαρέσκειαν,
1030 4579 1112 4632 ὅτι
1142 4580 1269 4635 ἄνευ
1310 4585 1619 4655 προθέσεως
1645 4588 1739 4642 τοῦ
1765 4591 1858 4643 λασ-

292 4660 408 4770 6εῖν
425 4679 507 4772 τι.
547 4683 564 4716 ι
588 4665 751 4738 Ὑμῖν
774 4671 886 4732 τοῖς
913 4673 1248 4728 πιστεύουσι.
1274 4694 1293 4727 ι
1319 4677 1442 4742 Τοῖς
1467 4679 1576 4752 γὰρ
1607 4681 1854 4747 ἀπίστοις
1888 4719 1930 4772 D

290 4754 387 4806 οὑκ
418 4755 729 4827 ἄμεμπτος.
757 4761 934 4817 Πολλά
957 4765 1065 4837 γὰρ
1089 4767 1252 4821 αὑτοῦ
1293 4775 1730 4843 κατεμέμφοντο,
1758 4778 1852 4830 καὶ

291 4844 506 4915 πρῶτον
536 4847 617 4899 ὃτι
643 4849 946 4919 ἐκήρυσσεν
973 4853 1082 4906 ἀπὸ
1110 4855 1217 4910 τῶν
1244 4856 1478 4910 εἰδώλων
1500 4860 1852 4928 ἀφίστασθαι.

295 4951 314 4985 ι
349 4936 616 5010 Καθάπερ
639 4939 838 4997 οἴδατε.
870 4960 890 4996 ι
934 4944 1103 5000 Πάλιν
1134 4947 1330 5014 αὑτοὺς
1359 4949 1515 5004 καλεῖ
1545 4953 1849 5025 μάρτυρας,

288 5027 389 5093 ὅτι,
420 5030 576 5100 φησὶ,
615 5033 710 5086 καὶ
751 5035 1010 5090 πλούσιον
1045 5040 1140 5093 καὶ
1185 5041 1414 5112 πένητα,
1452 5045 1546 5098 καὶ
1597 5047 1855 5101 ταπεινὸν

288 5120 381 5172 καὶ
404 5119 696 5192 δυνάστην,
735 5129 829 5179 καὶ
856 5127 1378 5202 δυσανασχετοῦντα.
1414 5136 1605 5200 Βαῦαὶ,
1633 5133 1742 5192 οἷον
1763 5135 1851 5210 ἦν,

285 5208 348 5260 τὸ
397 5210 604 5281 μηδένα
665 5217 1000 5286 παραλιπεῖν
1057 5222 1114 5273 ὲν
1160 5224 1401 5296 τοσούτῳ
1440 5227 1654 5299 πλήθει.
1692 5247 1710 5280 ι
1766 5208 1854 5295 Ὦς

286 5301 468 5373 πατὴρ
513 5305 700 5362 τέκνα.
737 5327 756 5359 ι
791 5309 938 5364 Ἀνω
987 5313 1062 5376 ὡς
1103 5316 1306 5384 τροφὸς
1357 5319 1549 5374 εἰπών.
1609 5321 1725 5375 Νῦν
1779 5325 1855 5388 ὡς

287 5393 486 5464 πατὴρ,
511 5398 697 5466 φησὶν,
737 5398 767 5450 ὃ
796 5402 890 5454 καὶ
920 5405 1141 5475 ἀγάπην
1169 5407 1264 5460 καὶ
1305 5411 1643 5481 προστασίαν
1679 5415 1851 5486 δηλοῖ,

288 5487 377 5536 καὶ
412 5487 494 5540 ὅτι
530 5488 760 5559 ἀτύφως
788 5495 964 5550 πάντα
995 5499 1187 5552 ἐποίει.
1221 5501 1316 5566 Τίς
1353 5505 1461 5575 γὰρ
1493 5506 1559 5560 ἂν
1600 5509 1737 5580 πρὸς
1769 5512 1856 5565 τέ-

283 5593 384 5628 uua
437 5579 743 5652 ὲπαρθείη;
816 5604 834 5637 ι
867 5588 974 5642 Καὶ
1027 5593 1534 5665 παραμυθούμενοι.
1574 5619 1592 5652 ι
1648 5579 1754 5665 El;
1793 5602 1853 5656 τὸ

284 5671 470 5741 φέρειν
519 5675 786 5742 γενναίως
817 5680 946 5743 τοὺς
989 5683 1456 5757 ἐπανισταμένους
1487 5691 1617 5761 ὑμῖν
1652 5711 1846 5764 πειρα-

282 5763 472 5831 σμούς.
504 5782 524 5816 ι
554 5767 667 5821 Καὶ
694 5772 1120 5842 μαρτυρόμενοι,
1158 5795 1175 5828 ι
1210 5779 1395 5848 φησίν.
1442 5781 1500 5834 '0
1523 5781 1614 5835 οὑν
1641 5763 1850 5857 μαρτυ-

285 5855 512 5923 ρόμενος
532 5899 546 5922 ,
577 5859 819 5931 δηλονότι
845 5864 980 5919 πολὺ
1011 5867 1106 5922 τοῦ
1147 5871 1462 5928 κολακεύειν
1512 5879 1605 5930 καὶ
1637 5855 1848 5950 ἀνθρω-

287 5953 581 6021 πσρεσκεῖν
609 5955 937 6030 ἀφέστηκεν.
975 5981 992 6013 ι
1019 5963 1112 6028 Είς
1146 5965 1208 6019 τὸ
1235 5971 1608 6042 περιπατῆσαι
1631 5973 1790 6045 ὑμᾶς.
1822 5995 1840 6029 ι

2047 2361 2112 2427 ΙΙ,
2152 2360 2185 2416 9
2226 2361 2291 2414 12
2330 2359 2644 2413 Meministis
2681 2361 2841 2423 enim,
2876 2364 3090 2429 fratres,
3120 2364 3319 2418 laboris
3381 2361 3556 2420 nostri

1976 2470 2038 2509 ac
2076 2453 2304 2508 sudoris.
2369 2452 2639 2523 Siquidem
2681 2463 2827 2507 nocte
2857 2471 2920 2508 ac
2965 2455 3061 2512 die
3113 2475 3241 2528 opus
3277 2460 3552 2528 facientes,

1974 2545 2036 2600 ob
2061 2545 2115 2597 id
2145 2561 2206 2598 ne
2238 2544 2323 2597 cui
2387 2557 2615 2599 vestrum
2647 2562 2879 2600 essemus
2928 2551 3098 2614 oneri,
3147 2553 3553 2618 prndiravimus

1971 2637 2112 2704 apud
2139 2653 2223 2689 vos
2274 2634 2617 2705 Evangetium
2649 2637 2766 2690 Dci.
2806 2637 2907 2692 Vos
2941 2650 3115 2694 autem
3141 2651 3294 2696 testes
3349 2645 3478 2698 estis
3503 2656 3553 2698 et

1969 2728 2108 2782 Deus
2133 2745 2290 2795 quam
2315 2737 2494 2782 sancte
2513 2737 2561 2782 et
2590 2733 2735 2793 juste
2759 2747 2821 2783 ac
2844 2732 3108 2797 inculpate
3130 2734 3418 2788 vobiscum.
3449 2734 3554 2799 Qui

1969 2820 2280 2882 credebatis,
2313 2820 2504 2872 versati
2527 2820 2805 2887 fuerimus,
2856 2822 3295 2890 quemadmodum
3356 2827 3548 2888 nostis,

1969 2919 2027 2964 ut
2065 2926 2188 2980 erga
2215 2926 2631 2980 unumquemque
2659 2923 2909 2979 vestrum,
2953 2923 3205 2982 tanquam
3238 2925 3392 2983 pater
3425 2933 3548 2986 erga

1970 3001 2109 3069 filios
2157 3017 2280 3054 suos
2324 3000 2579 3068 fuerimus
2612 3001 2736 3068 e/l‘ec
2763 3002 2802 3067 ἱ,
2832 3003 3166 3058 obsecrantes
3199 3021 3312 3070 vos,
3340 3015 3388 3058 et
3421 3023 3547 3060 con-

1967 3094 2235 3156 solantes;
2273 3108 2335 3145 αις
2367 3092 2702 3156 obtestantes,
2735 3105 2790 3146 ut
2831 3095 3173 3150 ambularetis
3225 3097 3381 3166 digne
3413 3098 3542 3162 Deo,

1964 3185 2053 3252 qui
2078 3192 2310 3238 vocasset
2343 3199 2430 3237 vos
2461 3185 2512 3237 in
2539 3200 2692 3238 suum
2729 3201 2945 3256 regnum
2982 3203 3044 3242 ac
3072 3187 3326 3257 gloriam.

2045 3358 2329 3415 «Laboris
2393 3361 2622 3418 nostri.»
2691 3360 2809 3416 Non
2873 3361 3057 3417 dixit:
3118 3363 3541 3428 Beneficiorum,

1967 3453 2164 3521 quibus
2192 3468 2288 3506 vos
2317 3453 2621 3515 all'eciutus,
2661 3453 2757 3507 sed
2787 3457 2935 3524 quod
2961 3457 3120 3525 longe
3147 3457 3374 3523 majoris
3423 3467 3543 3511 erat

1965 3543 2374 3601 sollicitudinis.
2413 3543 2614 3598 laboris
2663 3545 2835 3600 nostri
2888 3561 2952 3599 ac
3008 3549 3244 3602 sudoris.
3283 3567 3300 3599 ι
3344 3549 3425 3603 0b
3483 3549 3537 3603 id

1966 3649 2033 3687 ne
2062 3636 2148 3688 cui
2185 3646 2423 3690 vestrum
2453 3652 2699 3692 essemus
2746 3638 2922 3698 oneri.
2961 3657 2978 3692 ι
3014 3639 3150 3693 Cum
3207 3649 3386 3696 tamen
3441 3658 3542 3712 po-

1967 3735 2220 3782 testatem
2289 3729 2612 3784 haberemus
2673 3735 2932 3801 tauquam
2997 3734 3204 3788 Christi
3284 3735 3518 3803 apostoli

1967 3819 2111 3874 sicut
2139 3821 2391 3889 superius
2423 3821 2559 3876 dixit
2589 3839 2602 3874 :
2642 3840 2659 3874 ι
2697 3824 2804 3878 Vos
2833 3831 3002 3879 testes
3035 3827 3171 3880 estis
3201 3835 3254 3880 et
3307 3825 3475 3881 Deus.
3517 3845 3536 3878 ι

1965 3910 2111 3968 Deus
2136 3913 2290 3968 testis
2311 3913 2413 3968 fide
2439 3913 2638 3982 dignus
2667 3923 2774 3977 est,
2797 3915 3074 3984 quomodo
3123 3917 3267 3970 enim
3319 3917 3542 3972 mentiri

1962 4006 2196 4074 posset?
2234 4004 2432 4059 Ver-um
2460 4007 2718 4074 quoniam
2753 4007 3072 4062 hominibus
3105 4009 3377 4064 incertum
3429 4019 3538 4077 est,

1963 4113 2092 4151 num
2123 4097 2345 4152 Deusin
2389 4097 2494 4151 hoc
2533 4105 2823 4152 attestetur
2877 4114 2973 4154 eos
3029 4100 3194 4154 etiam
3271 4112 3430 4156 vocat
3482 4102 3538 4156 in

1963 4194 2130 4244 teStes
2154 4187 2224 4242 ad
2249 4204 2390 4261 quos
2411 4203 2594 4245 sermo
2621 4189 2800 4244 factus
2829 4197 2934 4246 est.
2966 4220 3038 4230 —
3071 4192 3176 4246 Vos
3211 4201 3375 4247 testes
3406 4198 3539 4250 estis

1962 4294 2153 4334 eorum
2213 4297 2338 4350 qua:
2400 4282 2788 4352 conspexistis,
2845 4299 3033 4338 eorum
3069 4298 3249 4340 autem
3280 4302 3402 4356 qua:
3425 4303 3535 4350 non

1963 4374 2333 4444 conspexistis
2368 4374 2510 4430 Deus
2537 4375 2694 4432 testis
2727 4383 2835 4441 est,
2868 4377 2962 4448 qui
3015 4380 3198 4434 omnia
3243 4381 3426 4435 novit.
3458 4381 3538 4436 Its

1961 4478 2138 4532 neque
2197 4466 2534 4534 StISpicionis
2591 4481 2781 4522 ansam
2842 4470 2923 4524 eis
3013 4471 3247 4542 relinqui
3343 4473 3535 4529 voluit.

1964 4573 1982 4607 ι
2013 4555 2185 4621 Quam
2221 4565 2431 4614 sancte.
2466 4576 2483 4610 ι
2523 4557 2677 4624 Quod
2706 4561 2824 4617 sine
2847 4562 2995 4629 dolo,
3047 4565 3193 4632 quod
3239 4580 3347 4620 non
3391 4567 3534 4628 ﬁcte.

1957 4644 2101 4710 quod
2137 4658 2244 4699 non
2305 4644 2373 4698 ad
2430 4646 2754 4716 placendum
2826 4649 3163 4718 hominibus,
3212 4654 3357 4722 quod
3415 4657 3536 4710 sine

1960 4738 2242 4806 proposito
2291 4737 2588 4808 quidquam
2617 4741 2944 4811 accipiendi.
3003 4763 3023 4796 ι
3065 4743 3380 4809 Vobiscum,
3435 4749 3532 4817 qui

1956 4829 2285 4886 credebatis.
2320 4849 2339 4882 ι
2371 4831 2506 4886 Nam
2539 4833 2683 4890 inter
2726 4836 3040 4895 incredulos
3070 4853 3182 4896 non
3231 4839 3536 4896 habebatur

1955 4921 2269 4988 ineulpatus
2304 4925 2514 4979 :multa
2539 4926 2684 4984 enim
2736 4928 2789 4982 in
2833 4945 2900 4984 eo
2945 4932 3439 5000 reprehendebant,
3481 4948 3536 4990 et

1954 5005 2258 5072 praesertim
2308 5007 2451 5076 quod
2497 5009 2885 5066 exhortaretur
2918 5014 2987 5068 ab
3048 5015 3212 5072 idolis
3263 5020 3532 5087 separari.

1961 5114 1980 5147 ι
2027 5095 2496 5162 Quemadmodum
2561 5103 2736 5157 nostis
2764 5115 2823 5158 ut
2847 5121 2973 5174 erga
3007 5123 3474 5177 unumquemque.
3506 5128 3529 5162 ι

1956 5181 2195 5238 Rursum
2244 5186 2392 5256 ipsos
2447 5197 2615 5246 testes
2675 5200 2852 5246 vocat.
2911 5194 3062 5260 Quod
3088 5203 3141 5248 et
3181 5195 3408 5250 divitem
3477 5207 3533 5253 et

1955 5286 2269 5341 pauperem,
2299 5281 2350 5328 et
2399 5274 2672 5344 abjectum
2736 5295 2800 5332 ac
2861 5289 3135 5350 potentem
3188 5293 3242 5338 et
3303 5287 3530 5340 moleste

1956 5358 2248 5414 ferentem.
2287 5359 2469 5430 Papae,
2500 5367 2761 5434 quidnam
2793 5369 2895 5422 hoc
2921 5378 3039 5423 erat
3074 5380 3133 5425 ut
3169 5373 3444 5428 neminem
3471 5375 3526 5429 in

1954 5451 2104 5497 tanta
2131 5445 2477 5502 multitudine
2506 5453 2990 5517 praetermitteret?
3018 5472 3036 5504 ι
3102 5453 3380 5525 Tanquam
3436 5473 3530 5527 pa.

1955 5545 2038 5591 ter
2065 5550 2189 5606 erga
2219 5537 2379 5593 ﬁlios.
2407 5544 2450 5591 ἰ
2492 5537 2628 5594 Cum
2699 5545 2954 5613 superius
2989 5545 3241 5613 dixisset,
3293 5545 3528 5605 Perinde

1955 5639 2019 5680 ac
2051 5626 2259 5689 nutrix,
2286 5642 2486 5694 nunc,i
2521 5628 2806 5702 Tanquam
2836 5645 3044 5704 pater,»
3064 5637 3170 5690 ait:
3199 5637 3341 5706 quod
3363 5645 3418 5692 et
3440 5637 3528 5692 di-

1954 5718 2240 5773 lectionem
2289 5721 2563 5792 siguiticat
2640 5733 2696 5782 et
2768 5728 3197 5797 przrsidentiam,
3271 5730 3530 5802 quodque

1952 5807 2134 5860 omnia
2163 5807 2280 5863 sine
2307 5807 2693 5889 {astu‘t'aeeret
2725 5832 2739 5869 :
2771 5817 2894 5886 quis
2917 5817 3061 5894 enim
3091 5817 3356 5897 adversus
3384 5820 3528 5877 ﬁlios

1951 5895 2353 5952 extolleretur?
2393 5916 2413 5952 ι
2444 5899 2508 5954 Et
2535 5903 2907 5960 consolantes.
2944 5922 2966 5959 ι
3019 5905 3091 5962 Ut
3141 5895 3376 5964 viriliter
3417 5910 3528 5962 [υτ-ς

1953 5984 2085 6040 retis
2115 5985 2466 6059 insurgentes
2522 5991 2815 6051 adversum
2873 6012 2969 6055 vos
3017 5998 3357 6060 amictiones.
3399 6005 3525 6056 «Ac
