3994 6584
471 489 566 574 ,⁸71
1567 487 1969 549 (ECUMENII
2004 487 2300 549 TRICCIE
2335 486 2679 549 EPISCOPI
3675 484 3745 545 7'2

498 608 862 661 obtestantes.
899 621 918 656 ι
955 602 1120 673 159
1144 601 1248 669 Qui
1305 601 1473 672 igitur
1522 602 1847 667 obtestatur,
1915 601 2080 654 mani-

2187 601 2624 673 Παρακαλοῦμεν
2653 601 2731 664 δὲ,
2763 600 2949 672 φησιν,
2995 603 3092 671 οὐχ
3123 600 3210 654 ἵνα
3257 615 3310 652 τι
3354 597 3487 669 ἡμῖν
3527 597 3757 668 χαρίση-

501 698 699 753 festum
723 701 807 750 est
831 694 976 764 quod
1002 695 1231 746 multum
1257 692 1525 747 dissideat
1554 692 1622 745 ab
1645 693 1996 757 assentando,
2027 702 2080 748 et

2189 695 2305 760 σοε,
2337 695 2453 748 ἀλλ’
2478 696 2566 748 ἵνα
2594 695 2754 765 ὑμεῖς
2785 694 3126 765 ὠφεληθῆτε,
3161 694 3256 747 καὶ
3289 691 3460 763 βατὴν
3491 691 3620 760 ὑμῖν
3659 690 3756 743 αὐ-

499 787 685 844 studio
736 785 986 857 placendi
1037 785 1376 841 hominibus.
1440 802 1460 837 ι
1519 784 1594 840 Ut
1645 786 2020 843 ambularetis.
2055 807 2074 841 ι

2186 789 2296 849 τοῖς
2348 787 2448 857 τὴν
2511 785 2789 856 βασιλειαν
2821 787 2930 838 τῶν
2985 785 3232 856 οὐρανῶν
3281 782 3754 850 κατασκευάσητε,

498 878 968 941 ()bserra‘bamus,
999 879 1199 949 inquit.
1233 893 1340 932 non
1369 882 1428 931 ut
1477 877 1682 948 aliquid
1734 878 1896 935 nobis
1948 893 2080 934 cnn-

2186 877 2352 942 ἀξῖως
2412 877 2586 946 αὐτῆς
2637 877 3091 949 περιπατοῦντες.
3145 879 3288 946 Ὅρα
3331 875 3391 928 δὲ
3447 873 3633 936 αὑτὸν,
3700 875 3756 924 ὲν

499 971 736 1037 ferretis,
773 972 867 1027 sed
896 980 1070 1025 utvos
1098 968 1450 1040 juvaremini,
1485 975 1541 1022 et
1594 969 1916 1038 opulentum
1979 984 2078 1022 vo-

2186 969 2366 1038 ταύτῷ
2395 970 2490 1022 καὶ
2515 969 2862 1024 διδάσκοντα.
2899 969 2960 1023 Ei
2999 970 3100 1040 γὰρ
3123 968 3257 1022 Θεοῦ
3287 965 3536 1038 βασιλεία
3572 965 3634 1018 τδ
3659 963 3756 1017 ἑπ-

498 1065 584 1121 bis
617 1066 756 1134 ipsis
787 1079 1016 1134 regnum
1048 1063 1314 1118 caelorum
1339 1061 1630 1130 parat-etis,
1663 1062 1825 1131 digne
1870 1061 1938 1116 ad
1991 1061 2078 1132 ip-

2186 1060 2366 1126 αΘλον,
2401 1063 2483 1115 δεῖ
2509 1063 2690 1116 πάντα
2718 1063 2908 1135 φέρειν
2937 1061 3258 1132 προθύμως.

499 1175 620 1218 sum
659 1157 990 1229 gradientes.
1047 1154 1440 1209 Animadverte
1489 1162 1676 1208 autem
1725 1155 1928 1222 ipsum,
1969 1151 2114 1223 quod
2154 1153 2394 1207 etiamin
2417 1155 2519 1210 hoc
2547 1155 2759 1209 doceat.
2789 1153 2922 1209 Nam
2947 1156 2995 1210 si
3061 1153 3154 1210 Dei
3199 1166 3430 1222 regnum
3493 1156 3577 1206 est
3617 1165 3754 1220 prte-

496 1255 692 1317 mium,
719 1259 936 1323 oportet
964 1249 1155 1304 omnia
1186 1257 1442 1320 prorrpto
1470 1250 1614 1306 ferre
1637 1251 1841 1304 animo.

567 1343 635 1407 II,
670 1342 755 1395 15.
791 1341 1124 1410 Quapropter
1163 1349 1213 1394 et
1248 1358 1341 1396 uos
1371 1343 1574 1409 gratias
1607 1343 1813 1412 agimus
1855 1339 1964 1395 Deo
1999 1341 2080 1393 in-

2256 1338 2359 1392 Διὰ
2387 1337 2562 1392 τοῦτο
2622 1337 2718 1390 καὶ
2777 1336 2947 1406 ἡμεῖς
2997 1334 3474 1406 εὐχαριστοῦμεν
3510 1333 3590 1399 τῷ
3639 1331 3757 1398 Θεῷ

492 1434 814 1497 desinenter,
848 1435 987 1503 quod
1035 1449 1154 1486 cum
1191 1433 1497 1504 acciperetis
1537 1451 1568 1488 a
1598 1435 1746 1489 nobis
1784 1449 2075 1488 sermonem

2186 1434 2616 1498 ἀδιαλείπτως,
2669 1432 2760 1485 ὅτι
2818 1432 3271 1499 παραλαϐόντες
3328 1432 3516 1498 λόγον
3567 1427 3757 1496 ἀκοῆς

491 1529 712 1583 auditus
741 1526 835 1581 Dei
859 1544 877 1580 :
904 1528 1206 1597 accepistis,
1230 1544 1331 1580 non
1352 1544 1644 1582 sermonem
1661 1527 1954 1590 hominum,
1986 1526 2077 1580 sed

2186 1526 2320 1593 παρ’
2363 1524 2529 1594 ἡμῶν
2556 1524 2661 1578 τοῦ
2697 1524 2868 1588 Θεοῦ,
2903 1523 3195 1586 ἐδέξασθε
3219 1523 3290 1576 οὐ
3318 1524 3502 1588 λόγον
3538 1519 3758 1587 ἀνθρὼ-

495 1625 631 1678 sicut
655 1632 730 1676 est
762 1637 900 1685 vere,
932 1635 1221 1675 sermonem
1244 1618 1345 1674 Dei
1374 1639 1386 1674 :
1421 1620 1512 1690 qui
1535 1621 1697 1674 etiam
1725 1620 1835 1689 agit
1855 1621 1905 1672 in
1931 1619 2074 1672 vobis

2186 1633 2336 1680 πων,
2374 1617 2535 1671 ἀλλὰ
2577 1615 2774 1680 καθώς
2811 1617 2988 1669 ἐστιν
3009 1614 3247 1682 ἀληθῶς
3276 1615 3458 1684 λόγος
3485 1611 3655 1680 Θεοῦ,
3689 1612 3758 1679 ὃς

494 1714 855 1770 credentibus.

567 1806 772 1862 Deinde
807 1807 932 1861 illos
962 1805 1125 1860 etiam
1151 1803 1526 1863 commendat.
1547 1801 1666 1857 Non
1697 1801 1842 1857 enim
1866 1802 1938 1856 ita
1972 1810 2076 1867 est,

2186 1707 2284 1761 καὶ
2311 1706 2630 1777 ἐνεργεῖται
2655 1707 2724 1760 ἐν
2743 1706 2886 1774 ὑμῖν
2907 1706 3031 1771 τοῖς
3059 1707 3474 1760 πιστεύουσιν.

2259 1797 2390 1853 Εἶτα
2411 1801 2506 1854 καὶ
2533 1801 2868 1870 ἐγκωμιάζει
2897 1797 3118 1862 αὐτούς.
3173 1799 3248 1851 Οὐ
3296 1799 3404 1868 γὰρ
3437 1800 3599 1869 ἡμεῖς
3657 1796 3756 1867 μὲν

496 1898 695 1969 inquit,
733 1905 794 1952 ut
848 1913 953 1956 nos
981 1897 1202 1968 quidem
1251 1895 1371 1950 sine
1412 1895 1562 1959 dolo,
1599 1903 1656 1949 et
1695 1896 1837 1948 sicut
1866 1893 2076 1948 dictum

2189 1891 2412 1955 ἀδόλως,
2445 1895 2600 1963 φησι,
2633 1892 2750 1956 καὶ,
2790 1892 2866 1955 ὡς
2911 1891 3147 1963 εἴρηται,
3203 1893 3618 1961 ἀνεστράφημεν
3677 1892 3757 1956 εἰς

501 1998 606 2054 cst,
635 2004 764 2059 erga
815 2003 913 2044 vos
947 1987 1254 2042 conversati
1300 1983 1596 2051 fuerimus,
1629 2000 1723 2040 vos
1755 1994 1942 2038 autem
1979 1983 2080 2036 ali-

497 2082 633 2152 quid
691 2079 796 2135 [ide
861 2079 1146 2152 indignum
1202 2079 1506 2134 feceritis:
1553 2078 1648 2132 sed
1702 2077 1994 2148 accepistis
2049 2090 2081 2129 ο

499 2175 656 2229 nobis
693 2186 1006 2227 sermonem
1061 2171 1304 2235 auditus,
1342 2172 1448 2225 hoc
1485 2176 1594 2233 est,
1629 2183 1938 2224 sermonem
1986 2169 2077 2238 qui

498 2263 720 2318 auditus
765 2270 849 2318 est
894 2262 1038 2317 inter
1065 2277 1185 2327 vos,
1222 2261 1632 2332 pradicationis
1665 2261 1938 2316 videlicet.
1972 2264 2080 2315 Aut

434 2405 438 2410 .
498 2368 810 2410 sermonem
847 2353 1070 2408 auditus
1101 2351 1254 2418 dicit,
1289 2366 1354 2404 eo
1387 2351 1531 2420 quod
1565 2364 1662 2419 per
1681 2349 1928 2403 auditum
1957 2364 2080 2404 sus-

497 2447 718 2516 cipitur.
750 2446 1068 2500 Sermonem
1111 2443 1258 2509 ﬁdei,
1290 2445 1386 2507 ait,
1441 2440 1755 2511 accepistis.
1793 2437 2080 2506 Quofnodo

499 2547 683 2591 autem
725 2535 1074 2607 excepistis?
1117 2536 1198 2589 An
1233 2533 1702 2604 vilipendo?Non,
1744 2531 2078 2604 inquit,,sed

498 2625 574 2678 ita
606 2624 927 2696 excepistis,
961 2641 1070 2680 non
1104 2630 1164 2677 ut
1193 2624 1286 2694 qui
1319 2622 1559 2678 hominis
1599 2637 1909 2678 sermonem
1950 2636 2079 2676 sus-

497 2715 774 2784 ciperetis,
817 2715 924 2769 hoc
971 2723 1055 2769 est.
1098 2728 1302 2778 meum,
1357 2713 1451 2768 sed
1483 2723 1543 2767 ut
1579 2727 1892 2768 sermonem
1941 2712 2076 2768 Dei:

500 2805 644 2860 Dens
674 2805 818 2860 enim
851 2820 951 2876 per
985 2819 1072 2860 me
1102 2805 1322 2860 locutus
1354 2811 1459 2870 est,
1493 2802 1693 2874 inquit.
1735 2803 1843 2857 Aut
1873 2817 2081 2858 sermo-

500 2915 620 2954 nem
656 2899 924 2966 auditum,
985 2907 1080 2954 aut
1129 2913 1436 2955 sermonem
1488 2912 1585 2969 per
1640 2896 1888 2952 auditum
1931 2896 2078 2951 acci-

500 2989 730 3057 pientes.
770 3005 791 3040 ι
849 2985 1172 3043 Sermonem
1215 2987 1459 3042 auditus.
1503 3004 1524 3039 s
1587 2985 1758 3041 Recte
1809 2985 2076 3056 profecto.

497 3077 683 3148 Neque
720 3079 867 3134 enim
894 3093 1088 3134 omnes
1131 3087 1473 3149 spectatores
1509 3092 1635 3133 esse
1676 3078 1782 3148 ipsi
1829 3086 2081 3148 poterant

2183 1984 2344 2054 ὑμᾶς,
2379 1985 2539 2053 ὑμεῖς
2565 1984 2620 2037 δὲ
2660 1984 2876 2048 ἀνάξιόν
2912 2001 2964 2037 τι
2991 1983 3090 2053 τῆς
3129 1983 3362 2046 πίστεως
3393 1983 3754 2053 πεποιήκατε,

2182 2076 2320 2128 ἀλλὰ
2351 2075 2692 2144 παρελάϐετε
2719 2075 2877 2142 λόγον
2899 2075 3068 2144 ἀκοῆς
3101 2075 3234 2144 παρ’
3261 2073 3442 2143 ἡμῶν,
3484 2075 3753 2140 τουτέστι,

2181 2165 2339 2235 λόγον
2388 2167 2724 2220 ἀκουσθέντα
2769 2169 2851 2230 εἰς
2909 2166 3074 2234 ὑμᾶς,
3113 2165 3204 2218 τὸν
3245 2164 3340 2218 τοῦ
3401 2163 3757 2234 κηρύγματος

2181 2259 2443 2330 δηλονότι.
2516 2260 2586 2312 Ἦ
2632 2259 2788 2327 λόγον
2838 2259 3003 2328 ἀκοῆς
3054 2274 3208 2326 φησι,
3232 2257 3431 2310 τὸνδιὰ
3469 2258 3565 2327 τῆς
3588 2257 3756 2326 ἀκοῆς

2184 2350 2634 2421 παραληφθέντα.
2668 2351 2841 2420 Λόγον
2861 2351 2962 2419 τῆς
2988 2349 3223 2412 πίστεως
3257 2348 3533 2412 ἐδέξασθε,
3568 2348 3754 2419 φησιν.

2195 2444 2478 2510 Ἐδέξασθε
2527 2444 2585 2498 δὲ
2646 2444 2762 2507 πῶς
2794 2460 2809 2509 ;
2845 2443 2992 2514 Ἀρι
3022 2441 3614 2512 κατατεθρονημένωςς
3645 2440 3750 2507 OO,

2182 2535 2369 2604 φησίν.
2423 2533 2561 2587 Ἀλλ’
2591 2532 2763 2598 οὕτως
2793 2533 3064 2600 ἐδέξασθε,
3098 2533 3195 2603 οὺχ
3228 2533 3304 2596 ὡς
3332 2532 3490 2600 λόγον
3543 2534 3758 2604 ἀνθρώ-

2182 2642 2284 2677 που
2310 2625 2610 2695 δεχόμενοι,
2635 2625 2918 2679 τουτέστιν
2947 2624 3105 2694 ἐμοῦ,
3139 2624 3256 2678 ἀλλ’
3285 2625 3359 2687 ὡς
3401 2625 3557 2692 λόγον
3591 2625 3754 2682 Θεοῦ.

2181 2716 2259 2770 Δι’
2289 2717 2424 2788 ἐμοῦ
2451 2717 2581 2788 γὰρ,
2619 2719 2808 2788 φησὶν,
2836 2720 2863 2771 ὁ
2888 2717 3020 2781 Θεὸς
3065 2716 3386 2787 ἐφθέγξατο.
3459 2718 3532 2771 Ἢ
3599 2718 3759 2787 λόγον

2181 2809 2540 2875 ἀκουσθέντα,
2579 2810 2613 2878 ἢ
2654 2811 2811 2879 λόγον
2839 2809 2926 2864 διὰ
2961 2811 3063 2881 τῆς
3087 2812 3267 2880 ἀκοῆς·
3327 2811 3755 2882 παραλαϐόντες.

2188 2918 2206 2951 ι
2245 2900 2418 2969 Λόγον
2441 2901 2631 2972 ἀκοῆς.
2674 2920 2770 2954 ›-
2796 2901 2996 2974 [ΦΩΤ.]
3024 2904 3238 2966 Καλῶς.
3257 2905 3330 2958 Οὐ
3353 2905 3460 2973 γὰρ
3491 2906 3758 2960 αὐτόπται

2181 2992 2384 3056 πάντες
2415 2992 2680 3063 ἠδύναντο
2707 2993 2955 3062 γίνεσθαι
2981 2994 3075 3048 τοῦ
3107 2997 3530 3067 κηρυττομένου.
3560 2998 3758 3064 Ἔλεγε

2179 3082 2236 3135 δὲ
2256 3081 2348 3134 καὶ
2367 3083 2395 3134 ὁ
2422 3080 2646 3152 Κύριος.
2672 3099 2691 3132 ι
2719 3083 2997 3154 Μακάριοι
3017 3084 3066 3136 οἱ
3090 3083 3165 3153 μὴ
3198 3085 3396 3148 ἰδόντες
3413 3085 3507 3138 καὶ
3537 3085 3762 3140 πιστεύ-

497 3170 616 3240 ejus
660 3170 802 3240 quod
841 3172 1262 3240 praedicabatur.
1299 3171 1529 3227 Dicebat
1575 3181 1760 3226 autem
1810 3178 1866 3225 et
1892 3169 2078 3224 Domi-

2186 3191 2395 3241 σαντες,
2417 3193 2434 3226 s
2467 3174 2534 3228 δι’
2553 3175 2722 3243 ἀκοῆς
2736 3174 2976 3246 δηλονότι
3005 3177 3100 3229 καὶ
3138 3175 3296 3246 λόγου
3322 3178 3760 3248 παραδεξάμενοι.

497 3280 604 3320 nus
638 3283 659 3323 ,ε
692 3284 711 3318 ι
752 3265 903 3321 Beati
946 3265 1039 3336 qui
1073 3281 1180 3319 non
1205 3263 1459 3319 viderunt
1493 3271 1547 3320 et
1578 3262 1930 3319 crediderunt
1963 3264 2006 3328 ³,
2051 3281 2071 3315 ι

495 3371 594 3425 per
625 3355 865 3410 auditum
896 3356 1156 3411 videlicet
1184 3355 1348 3411 etiam
1389 3355 1664 3411 sermonis
1697 3355 1953 3424 pietatem
1983 3369 2080 3410 ac-

497 3448 784 3518 cipientes.
828 3465 849 3500 ι
885 3447 931 3503 Α
955 3446 1118 3502 nobis
1145 3445 1260 3501 Dei.
1299 3464 1317 3498 ι
1348 3446 1395 3502 Α
1427 3447 1586 3502 nobis
1617 3445 1840 3516 quidem
1867 3445 2078 3516 accepi-

497 3542 620 3605 stis,
674 3555 783 3595 non
837 3550 1018 3594 autem
1053 3541 1146 3612 qui
1190 3548 1380 3596 noster
1413 3547 1560 3594 esset
1595 3553 1799 3603 sermo,
1835 3539 1930 3594 sed
1961 3539 2077 3595 Dei.

503 3648 522 3682 ι
562 3631 676 3686 Non
699 3646 1009 3688 sermonem
1046 3632 1350 3687 hominum.
1388 3649 1407 3684 ι
1437 3629 1556 3686 Νοιι
1600 3637 1858 3702 tanquam
1897 3630 2079 3685 homi-

498 3739 652 3786 num,
692 3723 894 3793 inquit,
929 3738 1266 3788 sermonem,
1303 3722 1400 3779 sed
1443 3723 1588 3778 sicut
1629 3729 1715 3777 est
1741 3736 1868 3777 vere
1899 3735 2080 3777 sermo

498 3811 615 3866 Dei.
643 3813 751 3866 Aut
786 3814 1079 3884 accepistis
1108 3827 1218 3869 non
1250 3821 1514 3884 tanquam
1552 3827 1864 3868 sermonem
1892 3812 2073 3867 bomi-

499 3916 654 3968 num,
696 3903 791 3958 sed
821 3912 1082 3974 tanquam
1114 3918 1423 3960 sermonem
1459 3901 1573 3969 Dei,
1609 3902 1753 3958 sicut
1785 3903 1951 3958 etiam
1990 3908 2079 3958 est

500 4007 680 4046 sermo
716 3991 835 4059 Dei,
866 3994 1068 4065 inquit.
1097 3994 1206 4050 Aut
1237 3993 1528 4065 accepistis
1557 3994 1703 4050 sicut
1740 4000 1823 4049 est
1851 4004 1906 4050 et
1926 3993 2082 4049 decet

498 4084 748 4154 accipere
779 4101 1088 4141 sermonem
1119 4084 1236 4149 Dei,
1273 4086 1376 4140 hoc
1411 4094 1516 4152 est,
1541 4101 1665 4141 cum
1704 4086 1920 4154 timore,
1951 4101 2076 4142 cum

499 4177 824 4233 attentione.
861 4205 931 4217 -—
961 4195 981 4230 ι
1020 4177 1122 4244 Qui
1150 4177 1316 4233 etiam
1343 4179 1457 4250 agit
1482 4178 1536 4232 in
1571 4177 1752 4234 vobis.
1792 4197 1810 4229 ι
1836 4177 1945 4233 Aut
1967 4178 2081 4248 agit

499 4269 552 4321 in
583 4269 760 4334 vobis,
808 4268 911 4325 hoc
956 4278 1061 4335 est,
1112 4285 1268 4325 suam
1317 4269 1561 4325 OSIendit
1601 4269 1924 4337 potentiam,
1965 4265 2080 4322 for-

497 4360 666 4415 tassis
701 4375 798 4431 per
841 4361 996 4432 signa
1031 4361 1304 4432 quaedam.
1340 4361 1450 4416 Aut
1492 4361 1626 4432 agit,
1676 4360 1730 4416 id
1765 4370 1849 4414 est
1879 4360 2082 4414 crescit

498 4469 596 4524 per
620 4455 790 4509 vitam
824 4464 1085 4511 vestram.

575 4547 735 4620 160
752 4547 813 4611 ll,
839 4548 924 4615 M,
947 4548 1038 4606 ΞΟ.
1056 4547 1154 4603 Vos
1169 4549 1308 4604 enim
1327 4549 1620 4602 imitatores
1644 4547 1773 4617 facti
1790 4548 1938 4602 estis.
1961 4547 2076 4617 fra-
2108 4556 2152 4612 n

502 4648 626 4705 tres,
660 4639 1018 4695 Ecclesiarum
1047 4641 1145 4696 Dei
1178 4657 1295 4713 qua:
1323 4651 1443 4696 sunt
1471 4643 1523 4696 in
1556 4639 1749 4695 Iudaea
1772 4641 1826 4694 in
1862 4639 2073 4694 Christo

491 4711 630 4786 .Jesu
662 4747 680 4786 :
713 4731 851 4802 quod
873 4731 1054 4785 eadem
1081 4711 1225 4800 passi
1247 4732 1368 4786 sitis
1393 4741 1441 4786 et
1459 4748 1546 4786 vos
1573 4749 1603 4782 a
1624 4731 1848 4800 propriis
1875 4729 2076 4784 contri-

504 4821 731 4888 bulibus,
755 4821 1193 4892 quemadmodum
1208 4832 1256 4876 et
1277 4821 1382 4891 ipsi
1399 4837 1432 4874 a
1451 4819 1676 4884 Judwis,
1695 4821 1784 4891 qui
1816 4828 1865 4874 et
1897 4819 2078 4874 Domi-

502 4929 626 4967 num
639 4912 672 4966 J
677 4930 822 4968 esum
835 4916 1135 4970 occiderunt
1154 4924 1203 4969 et
1218 4915 1457 4982 proprios
1473 4913 1773 4982 prophetas,
1788 4923 1836 4965 et
1851 4928 1942 4966 nos
1957 4927 2078 4980 per-

502 5007 666 5058 secuti
688 5016 834 5072 sunt,
855 5017 905 5060 et
934 5007 1040 5060 Deo
1068 5023 1170 5061 non
1193 5007 1424 5074 placent,
1445 5015 1494 5059 et
1527 5005 1767 5058 omnibus
1785 5004 2080 5058 hominibus

503 5096 851 5149 adversantur
875 5111 894 5150 :
924 5099 1012 5166 qui
1045 5098 1305 5151 obsistunt
1333 5097 1503 5158 nobis,
1551 5111 1613 5149 ne
1646 5096 1924 5166 loquamur
1956 5109 2080 5162 gen-

507 5187 643 5240 tibus
671 5203 770 5258 quo
808 5188 942 5241 salvi
982 5189 1136 5257 ﬁant,
1179 5197 1236 5241 ut
1278 5189 1524 5258 exp’eant
1569 5197 1782 5257 peccata
1813 5204 1908 5241 sua
1937 5203 2078 5240 sem-

505 5295 597 5349 per
623 5292 642 5332 :
668 5281 895 5349 pervenit
924 5290 1102 5335 autem
1131 5281 1182 5334 in
1208 5281 1330 5333 illos
1358 5281 1441 5334 ira
1465 5280 1519 5334 in
1553 5280 1730 5350 ﬁnem.

575 5543 644 5598 Et
677 5543 825 5613 quod
855 5551 1110 5616 tanquam
1147 5545 1239 5602 Dei
1268 5562 1598 5614 sermonem,
1625 5547 1821 5618 inquit,
1850 5561 2076 5616 accepe-

509 5634 651 5697 ritis,
680 5634 806 5688 inde
836 5637 1184 5691 manifestum
1211 5647 1316 5702 est,
1343 5638 1491 5710 quod
1521 5655 1618 5710 pro
1646 5639 1765 5710 ipso
1793 5646 1940 5691 tanta
1965 5638 2074 5708 pati

507 5725 903 5780 sustinueritis.
932 5725 1398 5792 Quemadmodum
1432 5729 1575 5784 cnim
1605 5745 1665 5785 cx
1699 5729 1782 5784 his
1810 5745 1929 5801 qua:
1957 5728 2074 5798 ipse

579 5901 784 5961 'Joan.
828 5923 920 5971 xx,
966 5907 1056 5995 εει.

2181 3267 2280 3336 τὴν
2299 3267 2596 3321 εὐσέϐειαν.
2612 3286 2630 3319 ι
2655 3268 2791 3339 Παρ⁹
2811 3269 2842 3338 ἡ
2851 3267 2965 3338 μῶν
2993 3268 3084 3321 τοῦ
3103 3268 3258 3322 Θεοῦ.
3276 3269 3440 3340 sﬂap‘
3466 3271 3623 3340 ἡμῶν
3656 3272 3761 3341 μὲν

2181 3359 2540 3430 παρελάϐετε,
2563 3361 2661 3431 οὐχ
2692 3360 2860 3431 ᾑμέτε
2869 3377 2961 3430 ρον
2979 3361 3035 3413 δὲ
3051 3360 3204 3425 ὄντα,
3229 3361 3364 3416 ἀλλά
3386 3362 3480 3415 τοῦ
3507 3362 3642 3417 Θεοῦ
3663 3364 3761 3418 τὸν

2180 3450 2356 3520 λόγον.
2382 3470 2400 3502 ι
2439 3453 2512 3506 Οὐ
2533 3452 2693 3520 λόγον
2724 3452 3048 3523 ἀνθρώπων.
3079 3471 3097 3504 θ
3128 3454 3240 3524 υύχ
3265 3454 3342 3518 ὡς
3370 3455 3548 3524 λόγον,
3568 3457 3758 3528 φησιν,

2181 3542 2505 3612 ἀνθρώπων,
2537 3541 2673 3596 ἀλλά
2701 3541 2883 3606 καθώς
2921 3541 3070 3595 ἐστιν
3119 3542 3335 3613 ἀληθῶς
3382 3543 3538 3613 λόγος
3593 3546 3758 3600 Θεοῦ.

2185 3633 2257 3685 Ἢ
2289 3633 2562 3700 ἐδέξασθε,
2589 3634 2686 3704 οὐχ
2715 3633 2790 3697 ὡς
2826 3633 2983 3701 λόγον
3005 3634 3326 3704 ἀνθρώπων,
3362 3635 3476 3688 ἀλλ’
3505 3636 3577 3699 ὡς
3599 3637 3762 3706 λόγον

2181 3722 2339 3778 Θεοῦ.
2376 3725 2591 3789 Καθὼς,
2624 3727 2780 3794 φησὶ,
2807 3727 2900 3779 καὶ
2929 3727 3042 3779 ἐστι
3079 3726 3234 3795 λόγος
3261 3728 3418 3785 Θεοῦ.
3481 3731 3549 3783 Ἢ
3571 3728 3764 3796 ἐδέξα-

2184 3815 2279 3869 σθε
2312 3815 2496 3880 καθώς
2528 3819 2646 3870 ἐστι
2680 3818 2776 3871 καὶ
2837 3817 3036 3889 πρέπει
3067 3818 3326 3884 δέξασθαι
3380 3820 3538 3888 λόγον
3593 3821 3760 3885 Θεοῦ,

2178 3907 2447 3971 τουτέστι,
2482 3908 2619 3976 μετά
2673 3907 2861 3975 φόϐου,
2930 3911 3068 3979 μετά
3133 3911 3427 3981 προσοχῆς.
3465 3932 3484 3964 ι
3521 3915 3615 3976 Ὃς
3663 3916 3762 3968 καὶ

2181 4000 2486 4069 ἐνεργεῖται
2514 4003 2570 4053 ὲν
2603 4001 2755 4069 ὑμῖν.
2793 4019 2812 4054 ›
2848 4000 3406 4076 [ΟΙΚΟΥΜΕΝΙΟΥ.]
3447 4005 3517 4057 Ἢ
3541 4006 3766 4076 ὲνεργετ

2181 4092 2240 4143 ὲν
2269 4091 2419 4159 ὑμῖν,
2449 4091 2718 4154 τουτέστι,
2743 4093 2842 4161 τὴν
2871 4092 3076 4150 οἰκείαν
3105 4092 3336 4164 δύναμιν
3366 4094 3763 4163 ἐπιδείκνυσιν,

2182 4180 2312 4244 ἴσως
2340 4181 2429 4234 διὰ
2458 4182 2702 4250 σημείων
2731 4181 2916 4245 τινῶν,
2975 4183 3009 4254 ἢ
3065 4185 3392 4255 ἐνεργεῖται,
3452 4185 3761 4253 τουτέστιν,

2183 4271 2335 4339 αῦξει
2359 4271 2449 4325 διὰ
2470 4270 2564 4325 τοῦ
2592 4270 2860 4343 ὑμετέρου
2890 4271 3030 4343 βίον.

2262 4535 2463 4606 ’Υμεῖς
2511 4537 2623 4608 γὰρ
2669 4539 2920 4608 μιμηταὶ
2947 4541 3292 4611 ἐγενήθητε.
3320 4544 3592 4614 ἀδελφοὶ,
3635 4545 3767 4603 τῶν

2181 4627 2561 4696 Ἐιικλησιῶν
2595 4631 2703 4686 τοῦ
2729 4634 2877 4688 Θεοῦ
2911 4633 3029 4688 τῶν
3059 4636 3263 4690 οὐσῶν
3281 4638 3351 4690 ἐν
3374 4637 3450 4706 τῇ
3495 4637 3767 4708 Ἰουδαίᾳ

2182 4719 2252 4773 ἐν
2311 4721 2544 4788 Χριστῷ
2621 4722 2849 4792 Ἰησοῦ,
2904 4723 2995 4778 ὅτι
3038 4726 3111 4780 τὰ
3165 4726 3317 4780 αὐτὰ
3359 4727 3610 4782 ἐπάθετε
3655 4733 3763 4784 καὶ

2182 4812 2353 4881 ὑμεῖς
2405 4811 2522 4868 ὑπὸ
2569 4812 2688 4868 τῶν
2745 4815 2910 4869 ἰδίων
2936 4818 3365 4886 συμφυλετῶν,
3429 4821 3625 4885 καθὼς
3653 4821 3762 4875 καὶ

2183 4902 2354 4956 αὐτοὶ
2405 4902 2523 4957 ὑπὸ
2574 4903 2696 4956 τῶν
2735 4904 3042 4962 Ἰουδαίων
3093 4906 3212 4961 τῶν
3256 4911 3355 4964 καὶ
3391 4912 3496 4964 τὸν
3537 4911 3766 4978 Κύριον

2179 4994 2660 5049 ἀποκτεινάντων
2693 4997 2927 5063 Ἰησοῦν
2968 4998 3067 5051 καὶ
3116 5000 3256 5066 τοὺς
3299 5001 3487 5068 ἰδίους
3519 5005 3766 5073 προφή-

2178 5103 2305 5153 τας,
2331 5087 2427 5140 καὶ
2450 5085 2602 5156 ἡμᾶς
2627 5087 3056 5157 ἐκδιωξάντων,
3085 5091 3183 5144 καὶ
3217 5093 3338 5158 Θεῷ
3349 5094 3435 5163 μὴ
3463 5097 3768 5163 ἀρεσκόν-

2178 5195 2316 5242 των,
2344 5177 2445 5232 καὶ
2473 5177 2664 5233 πᾶσιν
2689 5180 3024 5248 ἀνθρώποις
3044 5183 3364 5250 ἐναντίων,
3397 5189 3771 5249 κωλυόντων

2185 5267 2343 5337 ἡμᾶς
2381 5269 2506 5334 τοῖς
2565 5270 2768 5325 ἔθνεσι
2823 5273 3095 5339 λαλῆσαι
3124 5275 3226 5327 ἶνα
3255 5275 3552 5343 σωθῶσιν,
3580 5281 3670 5343 εὶς
3690 5279 3768 5335 τὸ

2182 5361 2616 5430 ἀναπληρῶσαι
2676 5363 2876 5418 αὐτῶν
2935 5366 3041 5431 τὰς
3107 5367 3398 5435 ἁμαρτίας
3471 5369 3765 5426 πάντοτε.

2189 5454 2455 5520 Ἐφθασε
2486 5453 2553 5506 δὲ
2579 5452 2672 5506 ἐπ’
2701 5455 2923 5523 αὐτοὺς
2952 5457 2990 5525 ἡ
3016 5457 3162 5528 ὀργὴ
3185 5462 3271 5524 εὶς
3290 5460 3487 5528 τέλος.

2257 5545 2369 5600 Καὶ
2397 5545 2499 5609 ὅτι,
2536 5548 2722 5616 φησιν,
2767 5547 2842 5611 ὡς
2893 5548 3050 5617 λόγον
3086 5551 3222 5609 Geo":
3277 5553 3552 5620 ἐδέξασθε,
3605 5555 3774 5610 ἐνθεν

2185 5633 2363 5702 ὃῇλον,
2404 5635 2460 5703 ἐξ
2491 5628 2564 5689 ὧν
2604 5637 2742 5707 ὑπὲρ
2765 5638 2929 5692 αὐτοῦ
2959 5639 3193 5693 τοσαῦτα
3220 5641 3412 5696 παθεῖν
3437 5643 3768 5714 ἠνέσχεσθε.

2186 5730 2400 5801 Ὥσπερ
2426 5730 2535 5802 γὰρ
2569 5730 2628 5796 ἐξ
2651 5725 2725 5787 ὧν
2754 5733 2917 5799 αὐτὸς
2944 5733 3202 5806 ἔπασχεν,
3231 5735 3517 5792 ἐπιστοῦτο
3546 5735 3605 5793 τὸ
3635 5735 3777 5798 (ista.
