4036 6610
375 316 449 380 73
740 320 791 365 ί

1302 323 1686 388 COMMENT.
1725 326 1806 389 ΙΝ
1844 326 1909 387 El

2015 328 2081 390 T.
2108 326 2144 387 'l
2181 330 2278 389 AD
2317 329 2678 396 Tl‘IESSAL.
3567 350 3634 413 74

367 438 493 475 τινα
515 422 837 494 κηρύσσειν,
870 424 1041 489 οὕτως
1077 428 1170 481 καὶ¹
1197 427 1256 496 ἐξ
1282 424 1358 484 ὧν
1404 424 1553 485 οὗτοι
1603 433 1827 496 ἔπαθον,
1857 451 1909 488 ττι

2011 434 2406 504 Lpatiebatur,
2473 440 2833 497 conﬁrmabat
2911 446 3057 515 quod
3130 448 3312 505 divina
3384 454 3631 523 quaedam

367 514 647 577 σιτοῦνται,
670 518 754 570 ὅτι
783 517 857 582 ὡς
887 517 1023 573 Θεοῦ
1057 520 1213 592 λόγον
1261 523 1507 590 ἐδέξαντο
1551 525 1612 578 τὸ
1662 526 1942 598 κήρυγμα.

372 624 391 657 ι
427 605 552 658 Τῶν
579 608 759 661 οὐσῶν
795 610 853 662 ἐν
890 612 957 682 τῇ
992 609 1223 686 Ἰουδαίᾳ
1274 615 1331 668 ἐν
1364 615 1605 687 Χριστῷ.
1635 636 1654 670 ι
1712 617 1945 687 Εύφυῶς

361 696 582 751 διεῦεν.
618 696 847 770 Ἐπειδὴ
903 701 1012 772 γὰρ
1051 706 1145 756 καὶ
1177 706 1232 757 αἱ
1292 706 1614 775 Συναγωγαὶ
1660 708 1766 761 τῶν
1809 708 1942 762 Ἰου-

360 786 530 840 δαίων
562 790 624 841 ὲν
648 789 768 860 Θεῷ
804 785 944 846 εἶναι
965 794 1204 860 δοκοῦσι,
1231 797 1329 861 τὰς
1363 798 1470 853 τῶν
1493 800 1697 856 πιστῶν
1713 802 1943 872 Ἐκκλη-

362 879 508 946 σίας,
544 883 642 935 καὶ
680 883 738 936 ὲν
769 884 847 954 τῷ
875 885 992 956 Θεῷ
1014 888 1109 940 καὶ
1139 890 1198 941 ὲν
1219 889 1296 961 τῷ
1320 891 1434 962 Υίῷ
1461 892 1626 947 αὑτοῦ
1668 894 1817 963 λέγει
1857 890 1940 951 εῖ-

357 988 468 1024 ναι.
500 972 624 1025 Τῶν
654 974 993 1045 Ἐκκλησιῶν
1021 980 1149 1050 γὰρ,
1173 984 1327 1050 φησι,
1360 983 1454 1037 τοῦ
1494 985 1654 1049 Θεοῦ,
1702 987 1809 1040 τῶν
1844 989 1937 1040 ού-

358 1061 468 1111 σῶν
498 1063 557 1114 ὲν
583 1062 808 1133 Χριστῷ
835 1064 1035 1134 Ἰησοῦ.
1069 1067 1131 1119 Ὀ
1165 1068 1220 1120 δὲ
1275 1071 1609 1141 ἀρνούμενος
1654 1073 1745 1127 τὸν
1788 1073 1936 1139 Υἱὸν,

356 1152 453 1203 καὶ
489 1152 581 1204 τὸν
614 1153 835 1225 Πατέρα
862 1156 1116 1227 ἧρνηται.
1154 1177 1172 1210 t
1204 1159 1329 1214 Ὅτι
1361 1162 1429 1216 τὰ
1459 1164 1599 1218 αὐτὰ
1629 1165 1882 1221 ἐπάθετε.
1911 1184 1931 1219 ι

353 1242 467 1294 Καὶ
491 1236 639 1295 οὗτοι
671 1243 900 1310 πολλοὺς
930 1247 1232 1318 ὑπέμειναν
1260 1252 1364 1305 ὑπὸ
1384 1253 1491 1308 τῶν
1517 1254 1662 1311 ἰδίων
1716 1274 1935 1329 συμφυ-

350 1329 521 1382 λετῶν
555 1336 917 1404 πειρασμοὺς,
953 1335 1143 1409 ὥσπερ
1175 1341 1224 1394 oi
1261 1345 1326 1395 ὲκ
1382 1347 1685 1420 περιτομῆς
1728 1350 1930 1414 πιστοὶ,

350 1421 457 1474 ὑπὸ
478 1423 586 1476 τῶν
610 1425 691 1496 τῷ
733 1427 1051 1500 Ἰουδαῖσμῷ
1068 1433 1567 1505 ἐναπομεινάντων.
1605 1458 1625 1491 t
1668 1441 1788 1495 Τῶν
1839 1443 1934 1497 καὶ

347 1514 442 1564 τὸν
474 1514 682 1585 Κύριον
703 1519 1160 1578 ἀποκτεινάντων.
1198 1543 1217 1576 ι
1254 1527 1360 1583 Καὶ
1383 1529 1437 1582 τί
1465 1530 1800 1603 θαυμαστὸν,
1824 1553 1932 1609 φη·-

350 1606 458 1669 σὶν,
492 1607 543 1657 εξ
566 1608 692 1670 τοὺς
726 1609 888 1671 ἰδίους
909 1615 1260 1682 συμφυλέτας
1290 1619 1577 1679 ἐκάκωσαν
1603 1627 1651 1678 oi
1670 1626 1928 1696 Ἰουδαῖοι,

344 1693 480 1744 ὅπου
514 1711 575 1762 γε
609 1697 706 1748 καὶ
729 1697 823 1750 τὸν
864 1699 1072 1771 Κύριον
1116 1704 1508 1779 ἐσταύρωσανς
1547 1714 1776 1786 Μεγάλη
1821 1693 1931 1792 γὰρ

348 1783 487 1852 πρὸς
518 1787 857 1856 πειρασμοὺς
888 1792 1213 1864 παραμυθία
1245 1798 1315 1851 τὰ
1346 1798 1441 1853 τοῦ
1479 1802 1715 1875 Χριστοῦ
1747 1783 1930 1880 staqu
1961 1787 2004 1843 Β

347 1890 520 1941 ματα.
592 1877 684 1929 Διὸ
740 1879 834 1932 καὶ
885 1883 972 1935 ἀεὶ
1010 1884 1194 1937 αὐτῶν
1244 1888 1540 1963 μέμνηται.
1578 1912 1600 1947 t
1640 1897 1750 1953 Καὶ
1803 1877 1932 1966 τοῦς

345 1964 514 2028 ἰδίους
542 1971 852 2039 προφήτας.
892 1992 910 2026 ι
941 1975 1124 2042 Ἴσως,
1149 1981 1335 2048 φησιν,
1385 1984 1501 2057 ἐρεῖ
1551 2003 1658 2053 τις,
1698 1989 1781 2044 ὅτι
1836 1964 1928 2047 τὸν

340 2057 553 2127 Κύριον
584 2062 953 2134 ἀγνοήσαντες
981 2069 1210 2126 ἀνεῖλον.
1239 2070 1401 2129 Ἀλλὰ
1434 2078 1527 2129 καὶ
1557 2079 1759 2145 αὐτοὺς
1799 2085 1927 2149 τοὺς

340 2152 650 2218 προφήτας,
690 2145 766 2207 ὧν
789 2154 886 2219 τὰς
918 2155 1135 2227 βίϐλους
1171 2165 1631 2237 μετεχειρίζοντο,
1662 2145 1922 2242 ὴγνόουνξ

318 2306 319 2311 χ
351 2237 501 2291 Ἀλλ’
530 2241 678 2312 ὅμως
714 2246 805 2299 και
835 2246 1030 2313 αὐτοὺς
1055 2251 1289 2308 ἀνεῖλον.
1328 2275 1346 2308 ι
1384 2260 1494 2312 Καὶ
1539 2237 1914 2332 ἠμᾶςί-ὲκδιωέ

337 2330 571 2395 ξάντων.
612 2353 630 2387 ι
674 2338 783 2391 Καὶ
805 2340 935 2410 ἡμῖν
964 2343 1042 2411 δὲ,
1087 2348 1278 2417 φησιν,
1301 2330 1645 2424 ἀπεφύησαν.
1708 2359 1803 2412 Δεῖ
1829 2360 1923 2415 οῦν

338 2423 486 2489 ὑμᾶς
506 2427 773 2493 γενναίως
798 2434 984 2504 φέρειν
1021 2439 1149 2499 τοὺς
1181 2444 1547 2513 πειρασμοὺς,
1598 2446 1921 2520 ἀφορῶντας

338 2518 479 2585 πρὸς
511 2520 637 2582 τοὺς
661 2525 1019 2589 πεπονθότας.
1056 2548 1075 2579 ι
1097 2530 1207 2584 Καὶ
1236 2531 1356 2605 Θεῷ
1391 2535 1467 2608 μὴ
1494 2518 1911 2609 ἀρεσκόντωνξι

336 2606 467 2669 Πῶς
511 2611 622 2680 γὰρ
670 2611 751 2684 τῷ
797 2618 925 2687 παρ’
976 2619 1158 2675 αὐτῶν
1189 2628 1561 2699 σταυρωθέντι
1613 2633 1914 2706 ἀρέσαιενς

342 2717 363 2750 t
396 2700 508 2753 Kal
536 2705 701 2757 πᾶσιν
726 2706 1055 2778 ἀνθρώποις,
1083 2716 1267 2786 φησὶν,
1311 2719 1590 2779 ἐναντίων.
1626 2700 1665 2777 ι-
1717 2729 1779 2783 Ei
1806 2700 1917 2802 γὰρ

334 2793 403 2861 τῇ
427 2795 721 2867 οἰκουμένῃ
750 2798 810 2851 τὸ
839 2802 1108 2874 κήρυγμα
1138 2807 1434 2881 λαληθῆναι
1457 2813 1593 2871 Θεοῦ
1641 2816 1791 2872 ἐστιν
1818 2793 1913 2875 ⁷ῗνίπι

336 2884 512 2956 σωθῇ,
541 2889 695 2941 αὐτοὶ
713 2890 769 2943 δὲ
798 2893 1064 2950 κωλύουσι
1091 2897 1343 2971 λαλῆσαι,
1396 2906 1492 2960 καὶ
1545 2909 1764 2966 πάντων
1815 2915 1915 2986 τὴν

333 2979 616 3049 σωτηρίαν
640 2982 1044 3055 ἐμποδίζουσιν,
1099 2988 1207 3062 ἄρα
1241 2996 1415 3051 κοινοὶ
1446 3001 1547 3069 τῆς
1581 2979 1910 3078 οἰκουμέντξς

328 3070 472 3123 είσὶν
499 3072 703 3145 ἐχθροὶ,
735 3078 871 3150 πρὸς
905 3081 1006 3151 τὴν
1054 3083 1274 3140 πάντων
1315 3092 1591 3162 σωτηρίαν
1640 3070 1901 3168 ἐναντίως

326 3435 693 3507 πληρωθῶσιν
717 3447 773 3498 αἱ
804 3448 1072 3522 ἁμαρτίαι
1104 3456 1308 3512 αὐτῶν.
1342 3461 1567 3535 Ἐπειδὴ
1598 3466 1706 3539 γὰρ
1760 3471 1902 3526 πάν-

322 3542 450 3579 τοτε
492 3530 668 3585 ταῦτα
728 3534 999 3609 ἔπραττον
1025 3582 1041 3608 ,
1103 3547 1335 3603 πάντοτε
1396 3553 1741 3627 ἀνεπλήρουν
1802 3563 1901 3627 τὰς

323 3619 606 3690 ἁμαρτίας
665 3625 862 3684 αὐτῶν.
911 3660 983 3672 -
1049 3652 1068 3687 ι
1118 3636 1309 3693 Αὐτῶν
1374 3642 1475 3706 τὰς
1531 3619 1826 3719 ἁμαρτίας.

321 3710 878 3795 [ΟΙΚΟΥΜΕΝΙΟΥ.]
943 3722 1086 3796 Ὅρα
1152 3710 1698 3812 ἐπιτεταμένην-τήν
1765 3710 1898 3798 ’ίου-

318 3799 491 3857 δαίων
516 3808 889 3881 κατηγορίανξ,
931 3818 1026 3869 καὶ
1064 3819 1221 3884 ἀξίαν
1281 3799 1396 3893 ’τῆς⁷
1440 3799 1623 3883 αὐτῶν
1652 3799 1900 3906 ’μιαιφο-

316 3891 463 3956 νίας.
494 3895 761 3971 Φησὶογάρ
782 3902 863 3955 ὅτι
894 3907 1071 3961 πάντα
1120 3908 1156 3963 ἃ
1211 3891 1475 3984 ὲποίήσαν
1524 3919 1574 3971 οί
1628 3891 1893 3993 Ἰουδαίοι,

319 3985 513 4056 σκοπῷ
543 3989 637 4042 τοῦ
666 3991 1010 4064 ἁμαρτάνειν
1041 4001 1282 4070 ἐποίουν,
1333 4008 1632 4079 τουτέστιν,
1672 4014 1894 4086 ᾔδεισαν

321 4076 408 4130 δτι
460 4080 837 4152 ἁμαρτάνουσι
885 4090 980 4143 καὶ
1013 4092 1347 4165 ἡμάρτανον.
1399 4100 1492 4165 Et;
1536 4076 1890 4180 abductum-

315 4169 493 4241 ρῶσαι
520 4177 650 4251 γὰρ,
674 4183 861 4251 φησὶν,
893 4186 1072 4242 αὐτῶν
1122 4189 1222 4254 τὰς
1277 4193 1576 4266 ἁμαρτίας,
1619 4194 1732 4255 οἷον
1781 4169 1885 4272 δτὶ,

313 4262 505 4338 ὥσπερ
534 4273 940 4340 χρεωστοῦντες
969 4262 1329 4352 ἁμαρτάνειν,
1346 4262 1521 4354 οῦτως
1551 4262 1884 4365 ήμάρτανονί

316 4356 501 4412 Ἔστω
555 4362 667 4435 γὰρ
721 4365 814 4420 τὸν
851 4368 1056 4443 Κύριον
1107 4373 1434 4443 ἀγνοοῦντες
1488 4356 1718 4448 ἀνείλον,
1762 4385 1888 4452 τοὺς

312 4452 604 4521 προφήτας
629 4453 716 4509 διὰ
740 4457 815 4523 τί,
848 4461 935 4528 ἐφ’
987 4456 1070 4526 οἷς
1117 4467 1506 4537 σεμνύνονται;

307 4538 364 4592 τί
386 4539 672 4599 διώκουσιν
696 4549 903 4620 ;’Υμᾶς
929 4552 1017 4607 διὰ
1038 4555 1091 4609 τί
1116 4557 1343 4614 κακοῦσι
1369 4578 1384 4627 ;
1411 4561 1493 4617 Τὰ
1542 4538 1668 4637 ἕθνῆ
1704 4566 1791 4621 διὰ
1838 4569 1892 4622 τί

306 4631 581 4689 κωλύουσι
610 4640 879 4711 σωθῆναι,
905 4644 968 4698 Εί
997 4644 1202 4716 ἀγαθόν
1222 4652 1338 4705 ἐστι
1365 4654 1423 4707 τὸ
1453 4631 1770 4727 προσελθεῖν
1822 4664 1886 4734 τῇ

306 4721 493 4779 πίστει
535 4724 778 4800 Χριστοῦ
834 4734 903 4787 τὰ
954 4735 1104 4811 ἔθνη,
1140 4739 1195 4792 τί
1249 4741 1325 4813 μὴ
1357 4721 1750 4819 προστρέχουσι
1793 4721 1889 4806 καῖ

304 4818 491 4886 αὐτοὶ,
544 4822 683 4879 ἀλλὰ
728 4827 824 4882 καὶ
867 4830 995 4894 τοὺς
1049 4835 1489 4907 προστρέχοντας
1548 4818 1887 4913 ἐπιχειροῦσι

303 4914 539 4969 κωλύειν
567 4935 581 4983 ;
611 4919 671 4972 Ei
693 4920 749 4975 δὲ
781 4922 881 4975 οὐκ
916 4924 1121 4993 ἀγαθὸν
1144 4927 1425 4998 ἡγοῦνται,
1454 4933 1509 4984 τί
1531 4931 1882 5004 διαφθονοῦν-

300 5022 393 5060 ται
442 5011 556 5074 τοῖς
609 5014 927 5083 προσιοῦσι;
990 5018 1058 5071 Τί
1107 5018 1164 5073 δὲ
1216 5021 1519 5086 αὐτοῖςκαὶ
1557 5026 1668 5079 τῶν
1712 5028 1882 5084 ἐθνῶν

303 5098 487 5167 μέλεις
522 5099 688 5174 Ὀρᾷς
717 5105 836 5171 πῶς
856 5108 1122 5175 ἑκουσίως
1141 5111 1544 5183 ἁμαρτάνουσι,
1567 5118 1663 5173 καὶ
1703 5121 1882 5176 πάντα

297 5192 551 5249 ποιοῦσιν
604 5198 685 5261 είς
733 5197 797 5252 τδ
847 5198 1080 5255 πάντοτε
1127 5202 1524 5277 ἀναπληρῶσαι
1562 5207 1743 5266 αὐτῶν
1778 5211 1880 5278 τὰς

294 5284 597 5358 ἁμαρτίας,
632 5289 941 5359 τουτέστιν,
973 5292 1137 5346 ἕνεκα
1154 5295 1247 5348 τοῦ
1290 5296 1426 5367 μηδέ
1462 5316 1597 5355 ποτε
1640 5302 1878 5376 ἀποστῆ-

295 5392 386 5432 ναι
414 5378 614 5444 αὐτοὺς
641 5380 733 5434 τοῦ
767 5381 1139 5456 ἀμαρτάνειν;
1169 5385 1267 5441 Διά
1293 5387 1448 5444 τοῦτό
1500 5408 1653 5463 φησι,
1715 5413 1735 5447 t
1766 5397 1876 5450 Kal

293 5466 529 5538 ἔφθασεν
551 5471 638 5525 ἔπ’
666 5472 865 5538 αὐτοὺς
905 5475 1099 5550 ήόργὴ
1120 5479 1200 5543 είς
1228 5478 1402 5544 τέλος.
1436 5500 1455 5534 t
1492 5482 1608 5538 Ἀεὶ
1636 5484 1736 5557 μὲν
1766 5489 1873 5561 γὰρ

290 5560 736 5632 ἁμαρτανόντων,
785 5566 971 5621 εἵπετο
1003 5569 1038 5640 ή
1085 5570 1250 5641 ὀργή.
1301 5572 1655 5631 Ἀνεόἀλλετο
1686 5577 1766 5645 δὲ,
1802 5560 1870 5652 τῇ

294 5650 554 5721 μετανοίᾳ
588 5651 776 5723 χώραν
810 5654 1052 5725 διδοῦσα,
1077 5660 1173 5715 νῦν
1201 5659 1259 5716 δὲ
1293 5662 1596 5721 κατέλαϐεν
1646 5669 1865 5737 αὐτούς.

297 5757 318 5792 t
362 5740 610 5812 Ἐφθασε
631 5743 689 5798 δὲ
718 5744 1026 5813 ὲπάὐτοὺς
1049 5751 1085 5821 ἠ
1107 5751 1268 5823 ὀργή.
1320 5772 1337 5806 ι
1379 5752 1534 5812 Οἶδεν
1569 5759 1651 5814 ὃτι
1688 5761 1750 5815 ού
1803 5765 1867 5817 τὸ

527 5841 799 5904 Panos.
841 5844 956 5907 Gtt.
1003 5847 1227 5914 CXIX.

2047 528 2373 596 praedicaret
2429 550 2443 586 :
2501 532 2574 587 ita
2615 548 2832 606 quoque
2897 554 2962 594 ex
3016 539 3103 597 bis
3165 561 3287 615 qua:
3335 547 3441 617 ipsi
3478 550 3630 620 passi

2045 626 2246 685 erant,
2296 623 2700 681 coniirmabant
2757 630 2904 700 quod
2948 640 3208 706 tanquam
3261 638 3355 695 Dei
3413 657 3630 699 sermo-

2045 726 2204 778 nem,
2258 716 2599 786 suseiperent
2665 723 3127 790 praedicationem.
3185 751 3204 785 ι
3253 733 3630 793 Ecclesiarum

2044 798 2138 858 Dei
2179 819 2300 874 quae
2352 820 2483 865 sunt
2533 812 2587 865 in
2622 810 2806 870 Iudaea
2834 816 2891 872 in
2915 817 3155 879 Christo.
3200 842 3220 877 ι
3254 826 3397 898 Apte
3430 831 3631 887 distin-

2044 893 2143 950 xit.
2210 896 2661 972 Quandoquidem
2709 909 2855 964 enim
2908 909 3223 973 Judteorum
3272 893 3492 992 quoque
3539 941 3631 999 sy-

2040 997 2264 1056 nagoga:
2326 988 2382 1043 in
2447 989 2558 1047 Beo
2622 1010 2747 1052 esse
2806 1000 3103 1071 videntur,
3150 988 3628 1074 ﬁdeli'um'Eccle-

2040 1072 2154 1128 sias
2178 1084 2232 1130 et
2264 1077 2319 1131 in
2337 1077 2448 1135 Deo
2479 1089 2534 1136 et
2559 1084 2613 1139 in
2642 1083 2778 1145 Filio
2799 1091 2919 1161 ejus
2939 1096 3066 1151 dicit
3085 1113 3226 1155 esse.
3250 1103 3626 1166 Ecclesiarum

2039 1160 2206 1227 enim,
2236 1164 2456 1236 inquit,
2491 1168 2606 1239 Dei,
2636 1189 2756 1244 quae
2807 1188 2936 1235 sunt
2981 1183 3037 1239 in
3081 1185 3300 1247 Christo
3327 1190 3479 1249 Jesu.
3521 1195 3627 1265 Qui

2039 1259 2217 1307 autem
2245 1253 2443 1312 Filium
2473 1274 2657 1332 negat,
2680 1267 2845 1323 etiam
2872 1283 2925 1326 et
2952 1272 3171 1334 Patrem
3195 1293 3380 1354 negat.
3409 1305 3429 1339 ι
3465 1253 3625 1355 Quod

2043 1357 2064 1392 ι
2104 1342 2296 1400 eadem
2341 1350 2491 1416 passi
2539 1353 2683 1411 sitis.
2739 1376 2759 1410 ι
2795 1357 2971 1418 Etiam
3008 1366 3063 1420 hi
3115 1342 3297 1427 multa
3340 1380 3624 1437 sustinue-

2036 1441 2164 1488 rant
2216 1450 2247 1489 a
2291 1441 2534 1510 propriis
2573 1449 2979 1511 contribulibus
3027 1460 3255 1518 adversa
3302 1484 3317 1520 :
3354 1474 3622 1540 quemad-

2034 1526 2259 1583 modum
2291 1533 2581 1594 credentes
2613 1554 2678 1596 ex
2709 1545 3135 1610 circumcisione
3177 1557 3246 1611 ab
3290 1560 3377 1616 his
3416 1565 3509 1634 qui
3562 1567 3617 1623 in

2032 1617 2316 1679 Judaismo
2352 1642 2756 1691 remanserant.
2782 1656 2800 1690 ι
2836 1639 2939 1707 Qui
2969 1651 3023 1699 et
3065 1645 3355 1708 Dominum
3394 1659 3618 1714 occide-

2034 1806 2376 1868 contribules
2407 1812 2582 1872 Judaei
2620 1820 2886 1893 atlligant,
2933 1833 3155 1898 quando
3184 1806 3615 1917 ipsum.qu-oque

2031 1898 2322 1958 Dominum
2350 1909 2785 1971 cruciﬁxerunt?
2814 1919 3094 1992 Siquidem
3130 1943 3385 1998 magnum
3418 1936 3610 1994 adver-

2031 2001 2128 2042 sus
2161 1990 2481 2054 aﬂlictiones
2530 2002 2789 2061 solatium
2836 1990 2967 2066 sunt
3001 2029 3066 2069 ea
3113 2033 3234 2086 quae
3282 2037 3477 2092 passus
3525 2037 3614 2086 est

2028 2078 2286 2142 Christus
2329 2104 2342 2143 :
2379 2088 2503 2147 ideo
2535 2108 2752 2167 quoque
2789 2115 3005 2175 semper
3047 2112 3296 2169 meminit
3336 2119 3606 2188 ipsorum.

2035 2189 2054 2223 ι
2101 2171 2166 2229 Et
2204 2179 2519 2285 prophetas.
2559 2204 2579 2237 ι
2613 2171 2926 2263 Fortassis,
2971 2199 3170 2271 inquit,
3219 2171 3379 2263 dicet:

2025 2266 2170 2335 quod
2213 2265 2504 2329 Dominum
2544 2277 2861 2348 ignorantes
2905 2291 3230 2350 occiderunt
3265 2316 3280 2352 :
3324 2303 3420 2357 sed
3469 2265 3604 2363 tium

2024 2354 2174 2425 ipsos
2209 2362 2503 2431 prophetas
2532 2368 2585 2423 in
2613 2385 2848 2440 quorum
2880 2378 3035 2438 libris
3059 2387 3424 2448 versabantur
3446 2394 3606 2467 igno-

3466 2447 3570 2467 υ---

2022 2447 2253 2504 rabant?
2283 2463 2522 2513 attamen
2551 2461 2702 2530 ipsos
2726 2482 2945 2539 quoque
2968 2475 3311 2536 occiderunt.
3350 2502 3368 2536 t
3408 2484 3474 2540 Et
3501 2504 3605 2545 nos

2020 2544 2293 2609 persecuti
2313 2545 2497 2604 sunt.)
2534 2553 2601 2607 Et
2626 2571 2748 2623 nos,
2770 2559 2968 2631 inquit,
2991 2570 3341 2637 expulerunt.
3373 2576 3605 2648 Oportet

2020 2631 2188 2702 igitur
2223 2650 2325 2692 nos
2360 2639 2725 2702 adversitates
2766 2648 2913 2708 ferre
2951 2631 3183 2715 viriliter
3216 2631 3493 2726 intuentes
3531 2673 3602 2728 ad

2020 2816 2186 2872 modo
2213 2821 2358 2875 enim
2385 2822 2464 2879 illi
2499 2827 2781 2897 placerent
2823 2836 2918 2907 qui
2956 2840 3024 2897 ab
3051 2841 3187 2915 ipsis
3218 2852 3438 2911 occisus
3474 2860 3601 2914 est?

2023 2925 2042 2957 ι
2086 2906 2149 2962 Ει
2194 2914 2453 2987 omnibus
2504 2906 3253 2997 Inominibusiadversantur.
3304 2963 3324 2997 ι
3368 2946 3503 3003 Nam
3549 2954 3597 3007 si

2014 2999 2131 3054 orbi
2148 3004 2486 3063 manifestari
2501 3014 2944 3082 praedicationem
2965 3023 3081 3090 Dei,
3100 3039 3182 3085 est
3202 3040 3260 3087 ut
3276 3037 3460 3096 salvus
3478 3039 3595 3111 fiat,

1933 3122 1979 3185 ρ
2014 3091 2116 3161 ipsi
2145 3110 2274 3152 vero
2292 3100 2582 3168 prohibent
2612 3106 2784 3179 loqui,
2820 3113 2973 3186 161
2996 3130 3048 3173 et
3077 3124 3324 3181 omnium
3356 3091 3591 3190 saluten:

1877 3287 1904 3341 ὖ
2009 3276 2121 3330 stili
2155 3294 2307 3336 more
2349 3298 2411 3340 se
2453 3286 2719 3348 habentes
2764 3296 2832 3351 ad
2865 3302 3111 3359 omnium
3165 3308 3416 3368 salutem.
3456 3335 3475 3368 ι
3522 3316 3594 3375 Ut

1884 3411 1905 3425 ,
2005 3368 2277 3439 expleant.
2318 3393 2337 3426 ι
2369 3374 2495 3435 llaec
2519 3394 2700 3439 autem
2733 3394 2787 3442 et
2813 3390 2942 3446 olim
2965 3394 3019 3450 in
3061 3401 3341 3471 prophetis
3366 3415 3420 3461 et
3442 3424 3591 3465 nunc

2006 3459 2060 3515 in
2092 3460 2310 3522 Christo
2348 3476 2403 3523 et
2448 3473 2502 3526 in
2536 3474 2698 3532 nobis
2744 3478 3015 3553 fecerunt,
3063 3459 3123 3544 ut
3153 3459 3369 3566 semper
3397 3503 3588 3571 exple-

2004 3560 2198 3609 rentur
2247 3569 2471 3628 peccata
2516 3564 2785 3635 ipsorum.
2843 3574 2983 3631 Nam
3029 3582 3159 3651 quia
3206 3601 3422 3660 semper
3475 3593 3588 3651 haec

2003 3641 2295 3715 faciebant,
2316 3666 2534 3724 semper
2555 3660 2848 3731 explebant
2866 3641 3086 3735 peccata
3105 3641 3340 3732 suas—t.
3355 3680 3587 3743 Peccata

2000 3748 2122 3789 sua.
2148 3736 2328 3796 tVide
2365 3758 2746 3817 exaggeratam
2795 3753 3107 3819 Judzsorum
3153 3776 3582 3845 accusationem,

1998 3838 2056 3882 et
2083 3827 2305 3901 dignum
2337 3835 2446 3891 illis
2475 3838 2854 3902 homicidium.
2881 3849 2971 3905 Ait
2999 3855 3145 3911 enim
3207 3861 3354 3930 quod
3401 3869 3584 3925 omnia

1997 3930 2119 3990 qua:
2147 3922 2317 3981 Judaei
2354 3927 2668 4004 faciebant,
2692 3944 2974 4009 praposito
2996 3922 3258 4016 peccandi
3284 3922 3580 4028 faciebant,

1997 4012 2052 4066 id
2107 4023 2212 4081 est,
2234 4018 2482 4079 sciebant
2527 4040 2587 4081 se
2630 4044 2860 4098 peccare
2890 4046 2944 4090 et
2990 4012 3312 4108 peccabant.
3344 4048 3478 4109 Nam
3525 4050 3585 4110 tit

1994 4106 2297 4176 explerent,
2333 4113 2532 4185 inquit,
2557 4130 2782 4187 peccata
2803 4140 2921 4192 sua,
2944 4106 3047 4185 hoc
3062 4144 3164 4198 est,
3184 4144 3442 4210 tanquam
3488 4145 3583 4200 de-

1991 4197 2199 4256 bitores
2233 4214 2419 4260 essent
2474 4208 2543 4264 ad
2585 4215 2946 4284 peccantium,
2982 4221 3056 4277 ita
3086 4197 3411 4296 peccabant.
3449 4235 3581 4294 Esto

1993 4291 2138 4346 enim
2164 4297 2310 4366 quod
2344 4298 2633 4358 Dominum
2663 4306 2981 4373 ignorantes
3011 4317 3337 4388 occiderint,
3370 4334 3420 4378 at
3446 4342 3579 4397 pro-

1993 4383 2187 4453 phetas
2233 4405 2396 4460 quam
2433 4392 2503 4448 ob
2541 4411 2787 4467 causam,
2822 4402 2891 4458 de
2932 4407 3135 4474 quibus
3173 4426 3296 4468 sese
3324 4383 3580 4485 jac-tanti

1573 4471 1748 4543 Ἦμᾶς
1798 4476 1886 4530 διὰ
1917 4469 1963 4525 D
1990 4472 2100 4530 Nos
2138 4481 2492 4547 quamobrem
2525 4469 2968 4560 persequuntur?
2993 4496 3172 4563 Quare
3217 4512 3272 4558 et

2000 4573 2175 4641 gunt?
2219 4575 2330 4632 Cur
2359 4589 2552 4650 gentes
2600 4583 2926 4658 impediunt,
2976 4609 3046 4650 ne
3085 4597 3252 4655 salvae
3294 4604 3468 4662 ﬁant?
3515 4611 3575 4667 Si

1997 4661 2203 4719 bonum
2231 4674 2315 4721 est
2340 4677 2530 4738 gentes
2563 4674 2629 4729 ad
2656 4674 2862 4735 Christi
2891 4680 3053 4739 tidem
3086 4690 3365 4759 accedere,
3405 4713 3576 4769 quare

1996 4766 2104 4809 non
2138 4769 2440 4815 accurrunt
2468 4773 2521 4817 et
2553 4764 2699 4835 ipsi?
2728 4770 3028 4840 quinetiam
3064 4764 3574 4860 “currentes-pro-

1993 4843 2185 4903 bibere
2213 4854 2526 4909 conantur?
2562 4854 2725 4924 Quod
2781 4863 2825 4917 si
2858 4879 2971 4921 non
3012 4883 3137 4926 esse
3185 4843 3572 4951 bonnm'jhdi-

1991 4947 2140 5005 cant,
2171 4954 2269 4995 cur
2295 4941 2545 5003 invident
2581 4952 3010 5015 accedentibus?
3040 4959 3220 5028 Quare
3248 4941 3571 5047 etiam-gen-

1991 5035 2073 5085 tes
2124 5032 2262 5103 ipsis
2304 5051 2453 5094 cura:
2504 5044 2676 5101 sunt?
2722 5044 2885 5106 Vides
2929 5058 3208 5123 quomodo
3258 5032 3570 5126 voluntarie

1988 5132 2242 5191 peccent,
2278 5136 2334 5181 et
2380 5131 2567 5185 omnia
2616 5133 2845 5206 iaciant,
2899 5150 2959 5197 ut
3007 5148 3271 5208 continue
3310 5158 3568 5225 expleant

1986 5223 2210 5282 peccata
2244 5232 2370 5286 sua,
2418 5221 2523 5279 hoc
2566 5231 2673 5293 est,
2727 5242 3011 5303 nunquam
3056 5237 3323 5297 desistant
3371 5221 3566 5317 apec-
3661 5238 3667 5245 ’

1983 5308 2208 5364 cando?
2233 5309 2534 5382 Propterea
2569 5333 2791 5390 quoque
2821 5324 2899 5379 ait
2927 5343 2943 5381 :
2973 5344 2992 5381 t
3037 5327 3295 5391 Pervenit
3342 5337 3399 5392 in
3437 5308 3562 5397 illos

1987 5415 2008 5451 ι
2054 5399 2136 5455 ira
2171 5400 2227 5456 in
2276 5403 2462 5461 linem.
2510 5425 2532 5460 ι
2588 5407 2818 5482 Semper
2863 5418 3009 5474 enim
3061 5436 3213 5490 cum,
3243 5441 3557 5500 peccarent,

1981 5491 2317 5561 sequebatur
2333 5509 2430 5551 eos
2456 5496 2539 5553 ira
2563 5516 2578 5555 :
2606 5514 2796 5557 verum
2819 5510 3185 5569 cunctabatur
3209 5491 3349 5573 dans
3374 5518 3560 5578 locum

1976 5582 2343 5652 pcenitentiaa,
2418 5603 2567 5646 nunc
2641 5604 2824 5651 autem
2904 5605 3321 5674 comprehendit
3380 5611 3555 5684 ipsos.

1982 5691 2001 5724 ι
2041 5674 2300 5734 Pervenit
2333 5690 2513 5737 autem
2542 5686 2596 5739 in
2624 5686 2749 5744 illos
2780 5691 2881 5746 ira.
2927 5712 2945 5744 ι
2973 5695 3141 5751 Novit
3178 5700 3324 5770 quod
3353 5674 3559 5764 multos

1974 5765 2180 5826 habere
2213 5770 2612 5833 adversitatum
2645 5780 2830 5841 socios
2856 5799 2965 5841 non
2998 5765 3214 5848 tantum
3250 5794 3431 5854 adfert
3464 5812 3557 5857 so-

3083 5881 3118 5943 3
