3994 6592
410 377 482 437 75
1482 352 1879 417 (.ECUMENII
1916 347 2207 411 TRICC5E
2248 346 2593 407 EPISCOPI
3588 345 3660 408 76

408 489 832 556 latii,quantum
872 479 1129 535 ultionem
1164 474 1308 531 sumi
1334 473 1399 528 de
1430 469 1690 526 inimicis.
1725 466 1791 520 'H
1822 463 1983 537 ὀργή,

2104 459 2319 524 πολλοὺς
2361 460 2507 530 ἔχειν
2565 460 2670 514 τῶν
2721 458 3044 529 πειρασμῶν
3077 458 3365 522 κοινωνοὺς
3408 459 3663 512 τοσοῦτον

344 628 348 633 .
412 589 549 654 ipsa,
587 578 784 649 inquit,
848 574 948 628 ira.
1003 566 1236 626 Articuli
1281 564 1489 621 additio
1526 559 1767 617 ostendit
1811 558 1986 627 ipsam

412 652 572 738 iram,
605 688 729 742 qua:
754 671 864 741 jam
898 666 1027 721 olim
1067 661 1204 734 ipsis
1229 658 1550 714 debebatur.
1585 672 1603 706 ι
1638 653 1697 707 ιιι
1740 652 1924 705 ﬁnem.
1963 666 1981 699 ι

407 769 529 824 Non
561 763 796 834 amplius
827 762 898 815 ita
935 764 994 813 ut
1026 754 1353 828 quandoque
1374 750 1536 821 162
1560 748 1633 802 εἰι
1661 747 1899 803 servitus
1936 751 1992 798 et

411 872 633 915 rursum
650 855 896 918 libertas,
911 848 1202 921 captivitas
1219 854 1271 901 et
1290 857 1508 899 rursum
1527 836 1826 910 regressio.
1843 837 1991 892 etira

416 953 509 1007 ttei
542 965 605 1005 ac
647 950 842 1003 iterum
871 944 1157 1000 liberatio:
1199 938 1293 996 sed
1322 937 1379 992 in
1433 934 1616 1000 ﬁnem,
1650 930 1852 1001 inquit,
1886 929 1992 982 du-

418 1048 495 1101 ral
517 1045 557 1099 it
588 1045 667 1098 ira
701 1041 793 1096 Dei
825 1054 990 1108 super
1016 1040 1189 1107 ipsos,
1217 1032 1323 1085 hoc
1347 1036 1464 1105 est,
1499 1040 1676 1096 usque
1700 1022 1768 1080 ad
1804 1022 1987 1089 ﬁnem,

418 1148 474 1193 ut
499 1138 607 1207 iam
649 1150 756 1191 non
798 1133 868 1187 sit
904 1129 1104 1187 solutio
1134 1124 1424 1180 malorum.

1033 1326 1261 1386 CAPUT
1292 1325 1356 1382 li.

417 1430 570 1498 Quod
596 1430 735 1498 ipsos
752 1423 1095 1483 desideraret,
1123 1429 1171 1475 et
1202 1419 1256 1472 in
1285 1417 1361 1498 eis
1397 1414 1649 1498 gauderet
1685 1428 1748 1467 ac
1782 1410 1985 1466 sollici-

782 1500 917 1548 citus
957 1501 1090 1549 esset
1122 1500 1177 1545 ut
1204 1490 1600 1558 perﬁcerentur.

484 1593 746 1648 Craterum
776 1605 891 1653 nos,
912 1586 1127 1656 fratres,
1147 1581 1321 1638 orbati
1343 1578 1488 1634 vobis
1503 1576 1569 1631 ad
1593 1586 1792 1643 tempus
1824 1573 1987 1635 honr,

417 1692 653 1753 aspectu,
673 1696 775 1733 non
803 1676 981 1740 corde,
1014 1672 1363 1730 vehementius
1388 1667 1690 1723 studuimus
1710 1663 1881 1719 videre
1907 1662 1991 1731 fa-

416 1775 545 1828 ciem
580 1786 805 1826 vestram
845 1784 962 1822 eum
1018 1763 1183 1818 multo
1212 1754 1505 1817 desiderio.’
1529 1757 1861 1825 Quapropter
1894 1769 1985 1806 vo-

2094 556 2524 624 παραμυθεῖται,
2550 553 2625 617 ὡς
2648 554 2709 607 τὸ
2732 551 3065 607 ἐκδικεῖσθαι
3115 552 3221 608 ἀπὸ
3263 552 3372 606 τῶν
3430 551 3663 623 ἔχθρῶν.

2104 644 2175 699 Ἢ
2219 644 2386 715 ὀργὴ,
2420 643 2571 714 φησί.
2608 642 2715 696 Τοῦ
2749 642 2954 714 ἄρθρου
2989 643 3023 715 ἡ
3075 642 3359 714 προσθήκη
3392 642 3666 696 δείκνυσιν

2093 735 2446 806 ὀφειλομένην
2464 736 2648 799 αὐτοῖς
2671 736 2836 789 πάλαι
2867 736 2964 806 τὴν
2989 735 3182 806 ὀργήν.
3237 753 3256 787 ι
3291 734 3385 798 Εἰς
3416 734 3590 798 τέλος.
3639 753 3660 787 ι

2093 827 2206 880 Οὐκ
2235 827 2336 890 ἔτι,
2362 827 2546 896 φησιν,
2579 826 2655 890 ὡς
2687 827 2854 882 πάλαι
2885 827 3105 881 δουλεία
3132 828 3225 880 καὶ
3261 827 3425 881 πάλιν
3449 827 3667 881 ἐλευθε-

2097 920 2207 988 ρία,
2237 918 2583 987 αίχμαλωσία
2609 919 2702 972 καὶ
2733 919 2894 973 πάλιν
2931 919 3210 985 ἐπάνοδος,
3236 919 3335 973 καὶ
3356 919 3494 990 ὀργὴ
3528 918 3664 972 Θεοῦ

2094 1011 2188 1065 καὶ
2213 1010 2372 1064 πάλιν
2411 1010 2747 1082 καταλλαγὴ,
2778 1010 2894 1064 ἀλλ’
2916 1013 2992 1073 είς
3016 1011 3196 1074 τέλος,
3225 1011 3413 1080 φησὶν,
3445 1012 3477 1081 ἡ
3528 1010 3669 1082 ὀργὴ

2092 1101 2187 1154 τοῦ
2215 1100 2352 1154 Θεοῦ
2387 1102 2476 1154 ἐπ’
2501 1102 2718 1167 αὐτοὺς,
2778 1101 3077 1170 τουτέστιν,
3131 1102 3259 1173 ἄχρι
3298 1103 3517 1165 τέλους·
3568 1104 3668 1156 οὐκ

2094 1195 2175 1246 ἔτι
2207 1194 2357 1258 λύσις
2387 1195 2494 1247 τῶν
2525 1194 2729 1250 κακῶν.

2673 1307 2923 1363 ΚΕΦΛΔ.
2968 1307 3041 1364 B’.

2095 1402 2284 1469 Πόθος
2345 1399 2542 1456 αὐτῶν
2574 1402 2668 1456 καὶ
2712 1401 2865 1471 χαρὰ
2893 1402 2962 1456 ἐν
3006 1400 3207 1467 αὐτοῖς
3262 1400 3358 1454 καὶ
3391 1399 3669 1470 μέριμνα,

2576 1472 2736 1538 ὅπως
2774 1471 3186 1526 τελειωθῶσιν.

2176 1566 2365 1635 Ἡμεῖς
2384 1565 2472 1629 δὲ,
2494 1564 2768 1634 ἀδελφοὶ,
2798 1564 3350 1633 ἀπορφανισθέντες
3374 1563 3474 1631 ἀρ’
3504 1561 3673 1630 ὑμῶν

2092 1658 2242 1727 πρὸς
2274 1661 2482 1726 καιρίν
2524 1656 2701 1725 ὧρας,
2740 1654 3061 1724 προσώπῳ,
3088 1657 3159 1709 οὐ
3195 1655 3424 1723 καρδίῃ,
3463 1668 3670 1719 περισ-

2093 1749 2351 1818 σοτέρως
2373 1750 2844 1819 ἐσπουδάσαμεν
2866 1747 2932 1803 τὸ
2969 1751 3296 1817 πρόσωπον
3324 1746 3491 1816 ὑμῶν
3522 1746 3673 1799 ἰδεῖν

417 1865 611 1919 luimus
652 1861 824 1916 pertire
860 1856 927 1912 od
961 1873 1072 1918 vos,
1103 1870 1197 1926 ego
1239 1852 1453 1922 quidem
1502 1847 1706 1901 Paulus
1751 1855 1799 1899 et
1830 1841 1989 1898 semel

2104 1840 2160 1893 ἐν
2186 1839 2388 1910 πολλῆ
2418 1839 2721 1910 ἐπιθυμίᾳ.
2758 1838 2854 1893 Διὸ
2884 1837 3271 1908 ἠθελήσαμεν
3301 1836 3501 1891 ἐλθεῖν
3521 1837 3669 1905 πρὸς

413 1967 464 2012 et
493 1958 706 2019 iterum,
746 1965 791 2007 et
844 1950 1047 2006 obstitit
1087 1946 1234 2002 nobis
1270 1943 1526 1999 Satanas.
1566 1937 1709 1994 Nam
1751 1952 1866 2008 qua:
1912 1943 1988 1989 est

417 2056 601 2102 nostra
627 2059 740 2109 spes
770 2051 861 2096 aut
886 2038 1138 2111 gaudium
1166 2045 1257 2090 aut
1288 2049 1481 2087 corona
1502 2025 1841 2101 gloriationis
1869 2024 1894 2079 ἒ)
1920 2041 1988 2078 an

415 2154 521 2195 non
552 2144 600 2191 et
627 2151 714 2190 vos
743 2134 795 2187 in
822 2138 1100 2199 conspectu
1128 2126 1342 2181 Domini
1368 2120 1501 2178 Jesu
1547 2119 1745 2175 Christi
1778 2118 1831 2172 in
1874 2117 1989 2186 ejus

417 2202 687 2283 ddrentu?
727 2222 832 2279 Vos
879 2222 1017 2277 enim
1071 2218 1199 2273 estis
1248 2214 1498 2287 gloriatio
1538 2222 1724 2265 nostra
1776 2216 1826 2262 et
1858 2221 1990 2277 gau-

415 2321 585 2375 dium.
619 2314 849 2372 Proinde
876 2329 992 2368 cum
1016 2327 1118 2366 non
1147 2308 1376 2377 amplius
1413 2304 1687 2375 ferremus,
1720 2301 1884 2355 risum
1915 2305 1993 2352 est

418 2412 568 2468 nobis
600 2421 657 2465 ut
692 2408 909 2465 Athenis
944 2404 1290 2461 resideremus
1319 2398 1440 2455 soli.

495 2589 764 2663 Superius
813 2586 973 2651 dixit,
1011 2581 1158 2656 quod
1210 2589 1468 2651 tanquam
1517 2589 1672 2649 pater
1711 2589 1836 2630 cum
1869 2572 1995 2628 ﬁliis

422 2692 783 2742 conuersatus
832 2680 922 2745 sit,
978 2691 1125 2733 nunc
1154 2686 1412 2745 tanquam
1456 2672 1600 2727 ﬁlius
1635 2677 1819 2740 patres
1850 2681 1999 2737 qua:-

420 2779 603 2836 rebat.
635 2773 772 2832 Nam
822 2774 928 2828 hoc
974 2779 1061 2827 est
1102 2767 1248 2840 quod
1291 2765 1446 2829 dicit,
1476 2762 1687 2828 Orbati,
1735 2760 1842 2815 hoc
1887 2764 1995 2825 est,

421 2868 653 2941 nrphani
687 2864 863 2923 relicti
895 2880 923 2918 a
948 2862 1126 2918 vobis.
1165 2857 1331 2915 Vides
1363 2863 1603 2928 quantus
1628 2868 1832 2912 mceror
1870 2851 1998 2909 soli-

424 2960 677 3018 tudinis?
722 2958 782 3014 ld
831 2962 1013 3011 autem
1052 2960 1276 3024 propter
1308 2949 1686 3005 vehementem
1713 2952 1831 3002 erat
1860 2944 1999 3000 dile-

425 3056 684 3111 ctionem.
720 3070 740 3103 ι
788 3049 866 3104 Ad
894 3054 1115 3116 tempus
1143 3044 1310 3099 horas.
1355 3060 1372 3094 ι
1407 3040 1527 3097 Νοιι
1559 3046 1761 3110 potest,
1799 3036 1998 3107 inquit,

429 3143 541 3200 dici
566 3141 713 3214 quod
747 3136 1085 3194 diuturnitas
1113 3130 1482 3204 separationis
1512 3128 1790 3184 tristitiam
1815 3125 1999 3180 inten-

2093 1930 2268 2000 ὑμᾶς.
2310 1930 2458 2002 Ἐγὼ
2487 1930 2608 2001 μὲν
2646 1930 2888 1997 Παῦλος
2939 1929 3037 1984 καί
3065 1928 3228 1994 ἅπαξ
3270 1928 3368 1982 καί
3405 1928 3521 1994 δὶς,
3569 1926 3670 1981 και

2091 2022 2391 2093 ἐνέκοψεν
2416 2022 2574 2092 ἡμᾶς
2602 2025 2635 2077 ὀ
2665 2020 2963 2089 Σατανᾶς.
3001 2022 3093 2088 Τίς
3148 2022 3258 2091 γὰρ
3284 2018 3453 2089 ήμῶν
3494 2018 3671 2083 ἐλπὶς

2091 2119 2131 2185 ἢ
2188 2118 2362 2188 χαρὰ,
2416 2118 2455 2188 ἢ
2506 2119 2808 2189 στέφανος
2863 2117 3218 2188 καυχήσεως
3233 2133 3255 2182 ;
3286 2118 3365 2173 Ἦ
3390 2115 3527 2186 οὐχί
3569 2111 3671 2168 καὶ

2090 2210 2262 2281 ὑμεῖς
2290 2210 2633 2281 ἔμπροσθεν
2660 2211 2768 2265 τοῦ
2802 2212 3021 2279 Κυρίου
3049 2211 3219 2281 ἡμῶν
3266 2210 3470 2279 Ἰησοῦ
3492 2211 3565 2265 ἐν
3594 2209 3671 2278 τῇ

2092 2300 2281 2355 αὐτοῦ
2329 2303 2631 2371 παρουσίᾳ
2653 2316 2675 2366 ;
2718 2299 2905 2371 Ὑμεῖς
2930 2299 3042 2371 γάρ
3078 2301 3219 2355 ἐστε
3243 2300 3283 2370 ἡ
3322 2301 3475 2367 δόξα
3496 2299 3670 2371 ἡμῶν

2094 2392 2193 2447 καὶ
2216 2393 2256 2462 ἡ
2282 2392 2455 2463 χαρά.
2490 2393 2585 2447 Διὸ
2624 2393 2836 2464 μηκέτι
2865 2392 3208 2463 στέγοντες,
3247 2394 3672 2466 εὐδοκήσαμεν

2095 2483 2564 2552 καταλειφθῆναι
2593 2484 2664 2539 ἐν
2714 2484 2991 2554 Ἀθήναις
3012 2489 3210 2557 μόνοι.

2171 2576 2318 2630 ’Δνω
2345 2571 2519 2644 εἶπεν,
2546 2578 2629 2633 ὅτι
2675 2579 2750 2643 ὡς
2782 2581 2966 2650 πατὴρ
3004 2581 3216 2645 τέκνοις
3278 2581 3671 2651 συνεγενόμην,

2097 2663 2192 2720 νῦν
2215 2664 2291 2728 ὡς
2314 2668 2502 2721 τέκνον
2532 2667 2775 2742 πατέρας
2812 2670 3015 2740 ἐζήτει.
3042 2670 3213 2725 Τοῦτο
3239 2670 3346 2741 γὰρ
3377 2671 3675 2743 τὸ,’Δπορ-

2099 2757 2477 2825 φανισθέντες,
2519 2758 2641 2814 ἀντὶ
2662 2760 2786 2826 τοῦ,
2816 2762 3045 2832 ὀρφανοὶ
3083 2763 3539 2835 καταλειφθέντες
3568 2765 3677 2833 ἀφ’

2102 2849 2274 2920 ὑμῶν.
2327 2850 2494 2922 Ὁρᾷς
2524 2852 2621 2924 ὅση
2649 2854 2743 2906 τοῦ
2772 2852 3052 2925 χωρισμοῦ
3082 2856 3115 2927 ἡ
3156 2855 3298 2927 λύπη
3326 2872 3341 2921 ;
3388 2855 3564 2909 Τοῦτο
3616 2857 3675 2909 δὲ

2098 2943 2187 2997 διὰ
2210 2942 2310 3016 τὴν
2340 2943 2540 3014 πολλὴν
2567 2945 2811 3016 ἀγάπην.
2843 2964 2861 2997 ι
2898 2946 3040 3016 Πρὸς
3071 2947 3262 3020 καιρὸν
3288 2947 3457 3020 ὥρας.
3488 2965 3507 3000 ›
3554 2948 3677 3005 Οὐκ

2102 3034 2183 3088 ἔνι
2217 3037 2413 3102 είπείν,
2450 3036 2639 3107 φησιν,
2672 3037 2755 3090 ὅτι
2783 3036 2812 3089 6
2853 3039 3045 3110 χρόνος
3109 3039 3203 3093 τοῦ
3246 3038 3533 3112 χωρισμοῦ
3574 3040 3675 3110 τὴν

2103 3126 2340 3197 ἀθυμίαν
2363 3127 2658 3195 ἐπέτεινεν,
2691 3127 2866 3199 ἀλλ’ἢ
2911 3129 3123 3201 ἀγάπη.
3153 3131 3299 3202 Πρὸς
3349 3131 3500 3202 ὥρας
3560 3131 3673 3202 γὰρ

427 3238 591 3301 derit,
625 3232 721 3291 sed
757 3229 978 3287 dilectio
1007 3247 1022 3284 :
1062 3241 1189 3283 nam
1221 3224 1289 3280 ad
1314 3233 1528 3294 tempus
1556 3221 1725 3287 horas,
1757 3219 1864 3289 hoc
1895 3226 2000 3282 est,

2112 3217 2307 3287 καιρὸν
2341 3218 2739 3291 ὲχωρίσθημεν.
2777 3238 2796 3271 ι
2835 3221 3140 3294 Προσώπῳ,
3167 3222 3227 3276 οὐ
3259 3222 3478 3296 καρδίᾳ.
3504 3240 3524 3275 ι
3565 3224 3677 3277 Καὶ

425 3332 495 3388 ad
518 3331 683 3387 breve
714 3325 951 3399 spatium
979 3321 1263 3394 temporis,
1296 3317 1532 3391 separati
1566 3316 1790 3372 luimus.
1847 3331 1866 3366 ι
1899 3316 1999 3369 As-

425 3427 611 3493 pectu,
669 3433 779 3474 non
838 3415 1033 3472 corde.
1090 3430 1109 3464 ι
1169 3409 1238 3465 Ει
1300 3423 1479 3479 neque
1533 3404 1703 3463 corde
1759 3402 1998 3474 separati

302 3534 309 3541 -
426 3511 653 3577 fuimus,
684 3507 784 3566 sed
831 3506 951 3563 solo
992 3509 1217 3575 aspectu
1262 3519 1277 3557 :
1317 3508 1371 3556 et
1398 3507 1581 3554 tamen
1627 3496 1764 3553 adeo
1794 3493 2002 3551 contri-

429 3603 557 3662 stati
606 3600 833 3657 l’uimus.
888 3596 1055 3653 Vides
1101 3602 1308 3666 quanta
1376 3589 1633 3647 dilectio?
1684 3586 2001 3660 Augebatur

428 3695 579 3769 quod
607 3695 693 3752 vel
722 3694 788 3749 ad
822 3692 1014 3748 horam
1060 3694 1287 3760 aspectu
1322 3689 1698 3756 separaretur.
1744 3680 1805 3737 in
1834 3680 2001 3736 corde

429 3797 647 3853 nostro,
682 3785 881 3856 inquit,
920 3782 1187 3838 habemus
1238 3794 1357 3836 vos.
1395 3797 1414 3831 ι
1450 3775 1845 3833 Vehementius
1878 3780 2000 3830 stu-

431 3880 672 3936 duimus.
723 3897 743 3931 ι
777 3876 950 3943 Quam
982 3871 1281 3929 verisimile
1329 3869 1402 3926 sit
1441 3883 1537 3925 eos
1585 3866 1678 3938 qui
1709 3866 1776 3922 ad
1809 3865 2000 3922 horam

432 3968 678 4028 derelicti
713 3979 863 4025 sunt.
892 3964 1113 4020 Intuere
1143 3976 1276 4017 sane
1302 3974 1569 4016 amorem.
1601 3956 1833 4029 Propter
1863 3956 2000 4011 nihil

434 4062 604 4128 aliud,
656 4060 755 4127 ait,
810 4056 1069 4114 accedere
1114 4053 1239 4110 volo
1291 4066 1457 4124 quam
1510 4060 1572 4106 ut
1614 4049 1827 4106 videam
1879 4062 1999 4103 vos.

439 4176 459 4211 ι
496 4154 841 4226 Quapropter
869 4148 1144 4206 voluimus
1170 4144 1377 4201 venire.
1416 4162 1436 4196 ι
1474 4140 1675 4212 Aspice
1707 4140 1888 4212 ipsum
1932 4138 2003 4196 de

434 4260 621 4301 amore
665 4239 1059 4314 propemodum
1104 4236 1445 4308 gloriantem.
1502 4231 1739 4298 Omnes,
1799 4228 2001 4301 inquit,

433 4334 528 4407 qui
561 4346 778 4388 mecum
808 4337 967 4385 erant
994 4325 1183 4381 venire
1218 4322 1572 4385 festinabant,
1608 4336 1709 4392 ego
1750 4334 1878 4375 vero
1916 4334 2003 4375 se-

433 4426 541 4482 mel
570 4432 731 4494 atque
756 4420 954 4477 iterum
991 4416 1215 4475 tentavi.
1253 4434 1280 4469 ι
1311 4413 1378 4469 Ει
1407 4413 1620 4471 obstitit
1652 4412 1813 4468 nobis
1839 4410 2003 4467 Sata-

434 4531 557 4573 nas.
615 4534 636 4569 s
696 4511 1059 4582 Promptum,
1111 4508 1328 4578 inquit,
1368 4506 1611 4562 animum
1670 4503 2003 4561 eobibebunt

435 4605 886 4679 supervenientes
915 4599 1236 4666 alliictiones
1271 4616 1284 4654 :
1318 4596 1475 4669 163
1506 4596 1604 4653 has
1639 4605 1820 4651 autem
1849 4607 2002 4649 com-
2033 4570 2078 4627 θ

436 4700 621 4755 munis
647 4695 822 4752 hostis
849 4707 1070 4750 movere
1093 4692 1251 4756 solet,
1282 4697 1340 4746 ut
1369 4688 1686 4761 prohiberet
1707 4686 2005 4759 profectio-

439 4805 561 4845 nem
589 4787 656 4843 ad
686 4787 857 4857 ipsos.
884 4781 1027 4849 Quid
1049 4781 1168 4837 ais?
1187 4778 1419 4835 Obstitit
1438 4774 1715 4832 Satanas?
1734 4773 2009 4837 Profecto,

440 4881 659 4952 inquit:
705 4892 883 4948 neque
931 4874 1075 4931 enim
1116 4872 1267 4928 Deus
1307 4884 1448 4940 Opus
1484 4873 1622 4935 erat,
1677 4873 1738 4922 ut
1777 4866 1833 4920 in
1888 4873 2010 4918 ten-

439 4974 680 5028 tationcs
746 4978 801 5023 et
871 4964 1199 5021 amictiones
1262 4959 1601 5024 inciderem,
1665 4972 1778 5027 quo
1844 4955 2010 5011 etiam

444 5065 760 5138 prohiberer
782 5061 850 5117 ad
879 5075 977 5116 vos
997 5057 1273 5129 proﬁcisci
1302 5073 1319 5123 ;
1348 5069 1473 5109 nam
1506 5054 1613 5110 hoc
1635 5051 1768 5107 dicit
1793 5050 2009 5105 Satanae

354 5212 355 5215 η
442 5154 810 5213 obstaculum.
858 5149 942 5205 Ad
976 5147 1258 5204 Romanos
1306 5144 1529 5216 quidem
1558 5142 1694 5198 dicit
1737 5159 1752 5196 :
1801 5160 1820 5193 ι
1867 5139 2011 5196 Deus

444 5263 531 5304 me
564 5241 847 5316 prohibuit
894 5239 940 5295 ⁸.
983 5257 1002 5292 ι
1038 5236 1118 5293 Ad
1140 5234 1457 5292 Corinthios
1508 5247 1676 5289 vero:
1717 5250 1735 5284 ι
1772 5230 2014 5302 Spiritus

444 5337 688 5409 operatio
720 5333 821 5387 fuit
851 5344 918 5387 ne
954 5328 1194 5385 venirem
1222 5328 1244 5360 '
1275 5344 1290 5381 :
1333 5344 1352 5379 ι
1389 5325 1479 5381 hic
1519 5336 1700 5380 autem
1757 5322 2014 5395 quoniam

445 5431 502 5486 in
552 5427 879 5484 aﬁiictiones
934 5422 1180 5478 incidens
1235 5419 1570 5490 praepeditus
1624 5426 1741 5483 est,
1798 5417 2020 5472 Satanas

448 5524 583 5579 dicit
618 5518 755 5576 illud
803 5531 926 5573 esse
968 5529 1105 5584 opus
1139 5512 1324 5567 divina
1375 5510 1582 5566 factum
1632 5509 2015 5581 promissione.

452 5635 473 5669 ι
516 5615 651 5670 Nam
681 5625 801 5682 qua:
838 5614 923 5666 est
954 5613 1137 5664 nostra
1168 5603 1336 5676 spes?
1370 5623 1389 5658 ι
1416 5602 1614 5671 Quanti
1653 5603 1857 5659 amoris
1887 5611 2015 5658 sunt

520 5795 543 5825 δ
582 5794 737 5848 Rom.
769 5807 807 5859 ι,
852 5790 935 5845 l3.
1014 5789 1033 5822 '
1074 5784 1266 5844 "Cor.
1304 5803 1342 5854 ι,
1382 5785 1467 5842 15.

2105 3307 2229 3361 οὐδὲ
2260 3308 2459 3381 καρδίᾳ
2501 3308 2903 3382 ἐχωρίσθημεν,
2959 3312 3148 3384 φησὶν,
3197 3314 3334 3369 ἀλλὰ
3397 3314 3681 3387 προσώπῳ

2109 3396 2275 3467 μόνῳ,
2309 3398 2404 3450 καὶ
2448 3399 2599 3470 ὅμως
2645 3399 2817 3466 οὕτως
2872 3403 3259 3476 ηθυμήσαμεν.
3302 3406 3468 3479 Ὁρᾷς
3496 3408 3595 3478 ὅση
3643 3411 3677 3475 ἡ

2106 3489 2328 3561 ἀγάπης
2358 3490 2579 3547 Ἠνιᾶτο
2603 3493 2695 3546 καὶ
2732 3496 2870 3564 πρὸς
2900 3495 3051 3568 ὥραν
3071 3497 3165 3551 καὶ
3206 3498 3485 3572 προσώπῳ
3509 3519 3677 3572 χωρι-

2107 3581 2278 3645 σθείς.
2316 3583 2405 3637 Ἐν
2432 3584 2542 3655 γὰρ
2580 3585 2778 3656 καρδίᾳ
2816 3586 2973 3657 ήμῶν
3023 3588 3168 3659 ὑμᾶς
3212 3590 3432 3662 ἔχομεν,
3483 3592 3671 3663 φησίν.

2113 3692 2132 3727 ι
2167 3675 2573 3747 Περισσοτέρως
2595 3678 3027 3749 ἐσπουδάσαμεν.
3067 3698 3086 3733 ι
3145 3682 3238 3748 Ἦ,
3270 3681 3345 3746 ὡς
3389 3684 3537 3748 είκδς
3581 3680 3674 3756 ἦν,

2106 3764 2234 3830 τοὺς
2274 3766 2409 3838 πρὸς
2449 3766 2599 3837 ὥραν
2651 3768 3102 3841 ἀπολειφθέντας.
3143 3773 3283 3844 Ὀρα
3324 3773 3391 3850 δὴ
3432 3776 3675 3846 ἀγάπην,

2106 3858 2190 3911 ὅτι
2217 3856 2284 3911 δι’
2306 3858 2457 3912 οὐδὲν
2487 3858 2676 3931 ἕτερον
2710 3862 3117 3933 παραγενέσθαι
3142 3863 3301 3931 θέλω,
3331 3868 3528 3937 φησὶν,
3559 3868 3676 3923 ἀλλ’

2109 3949 2196 4005 ἵνα
2219 3950 2280 4004 τδ
2302 3951 2592 4023 πρόσωπον
2625 3952 2781 4024 ὑμῶν
2828 3954 2941 4009 ἴδω.
3002 3975 3022 4008 ι
3050 3957 3143 4011 Διὸ
3185 3957 3537 4031 ἠθελήσαμεν
3590 3960 3679 4014 ἐλ-

2108 4043 2239 4100 θεῖν.
2271 4062 2291 4097 ι
2318 4044 2463 4116 Ὅρα
2502 4045 2684 4113 αὐτὸν,
2741 4048 2940 4118 μικροῦ
2987 4051 3079 4104 καὶ
3131 4051 3681 4126 ἐγκαλλωπιζόμενον

2106 4139 2174 4209 τῇ
2214 4137 2426 4211 ἀγάπη.
2459 4139 2664 4203 Πάντες
2697 4139 2817 4210 μὲν,
2849 4140 3037 4211 φησιν,
3067 4142 3118 4196 οί
3150 4143 3269 4214 μετ’
3300 4143 3455 4217 ἐμοῦ,
3481 4147 3651 4200 ἐσπού

2106 4228 2268 4294 δαζον
2297 4228 2620 4298 stemma»
2646 4228 2704 4284 δὲ
2727 4229 2873 4298 suae
2892 4231 2987 4285 mi
3024 4232 3106 4296 δἰς
3137 4233 3492 4307 ἐπεχείρησα.
3519 4253 3539 4288 ι
3569 4238 3683 4291 Καὶ

2108 4319 2363 4391 ἐνέκοψεν
2421 4321 2568 4391 ἡμᾶς
2610 4321 2639 4375 6
2688 4322 2951 4386 Σατανᾶς.
2981 4341 3000 4375 ›
3036 4322 3298 4395 Ἐπέσχον
3338 4324 3438 4394 τὴν
3476 4326 3681 4397 προθυ-

2111 4412 2263 4483 μίαν,
2298 4412 2484 4483 φησὶν,
2516 4413 2567 4465 oi
2594 4412 2887 4485 ἐπάλληλοι
2925 4414 3244 4487 πειρασμοί.
3281 4416 3516 4479 Τούτους
3560 4416 3616 4471 δὲ
3654 4420 3686 4471 6

2108 4501 2287 4566 κοινὸς
2324 4503 2495 4556 κινεῖν
2528 4501 2787 4573 πολέμιος
2811 4502 3022 4570 εἴωθεν,
3047 4497 3110 4559 οῦ
3135 4504 3199 4576 δὴ
3232 4505 3399 4577 χάριν
3438 4506 3685 4560 κεκωλῦ-

2109 4595 2233 4649 σθαι
2258 4593 2354 4665 τὴν
2374 4594 2509 4667 πρὸς
2541 4595 2737 4660 αὐτοὺς
2752 4594 3039 4667 ἐκδημίαν.
3061 4597 3128 4650 Τί
3152 4596 3289 4669 φῄςς
3337 4598 3588 4668 Ἐνέκοιῖιέ
3624 4617 3688 4652 οε

2109 4688 2138 4741 6
2171 4687 2463 4754 Σατανᾶςς
2495 4685 2627 4748 Ναὶ,
2652 4687 2838 4757 φησιν.
2870 4687 2944 4740 Οὐ
2974 4687 3081 4760 γάρ
3118 4688 3255 4742 Θεοῦ
3308 4688 3470 4743 τοῦτο
3523 4689 3686 4764 ἔργον

2108 4771 2198 4849 ἦν,
2222 4777 2282 4831 τὸ
2301 4779 2382 4841 είς
2403 4775 2748 4849 πειρασμούς
2774 4795 2841 4848 με
2864 4780 2961 4832 καὶ
3016 4778 3226 4850 θλίψεις
3263 4779 3548 4851 ἐμπεσεῖν,
3608 4781 3688 4845 ὡς

2111 4870 2208 4923 καὶ
2239 4867 2547 4939 κωλυθῆναί
2576 4886 2679 4938 μου
2709 4868 2809 4940 τὴν
2839 4868 2976 4941 πρὸς
3009 4870 3155 4941 ὑμᾶς
3187 4869 3305 4925 666v
3334 4887 3348 4902 °
3386 4871 3545 4926 τοῦτο
3576 4872 3690 4943 γὰρ

2111 4959 2352 5030 ἐγκοπὴν
2379 4957 2472 5012 τοῦ
2505 4958 2721 5013 Σατανᾶ
2755 4958 2928 5028 λέγει.
2975 4958 3100 5014 Ἐπὶ
3137 4959 3236 5031 μὲν
3279 4960 3569 5032 Ῥωμαίων
3596 4961 3690 5014 λέ-

2112 5068 2221 5120 γει,
2291 5069 2309 5102 ι
2354 5049 2415 5104 '0
2467 5049 2602 5113 Θεὸς
2668 5048 2912 5105 ἐκώλυσὲ
2944 5067 3080 5121 με.»
3129 5051 3332 5106 Ἐπὶδὲ
3360 5053 3689 5123 Κορινθὲων,
3804 5042 3811 5047 ’

2119 5165 2137 5197 ι
2166 5142 2273 5198 Τοῦ
2302 5143 2620 5211 Πνεύματος
2648 5141 2809 5215 ἔργον
2833 5142 3052 5213 ὶγένετο
3084 5143 3145 5199 τὸ
3175 5144 3251 5217 μὴ
3304 5144 3482 5201 ἔλθεῖν
3522 5164 3609 5216 με.
3664 5166 3683 5196 ι

2117 5228 2248 5289 Ὧδε
2273 5233 2331 5288 δὲ
2353 5233 2543 5306 ἐπειδὴ
2565 5235 2624 5288 ὲν
2652 5237 2981 5304 πειρασμοῖς
3028 5234 3287 5305 ἐμπεσὼν
3339 5234 3685 5306 ἔνεποδίσοη.

2113 5325 2208 5381 τοῦ
2235 5326 2448 5381 Σατανᾶ
2469 5326 2616 5395 λέγει
2647 5324 2781 5379 αὐτὸ
2805 5323 2990 5399 ἔργον,
3026 5325 3170 5381 κατά
3195 5327 3544 5398 συγχώρησιν
3590 5325 3689 5379 τοῦ

2113 5418 2249 5473 Θεοῦ
2273 5418 2514 5487 γεγονός.
2562 5434 2581 5469 ι
2619 5416 2716 5481 Τίς
2741 5417 2852 5489 γάρ
2904 5417 3063 5488 ἡμῶν
3118 5416 3314 5484 ἔλπίς;
3359 5438 3377 5470 ι
3415 5418 3482 5470 Ὢ
3513 5415 3690 5487 πόσης

2115 5512 2336 5583 ἀγάπης
2361 5510 2534 5565 ταῦτα
2556 5510 2625 5564 τὰ
2663 5511 2925 5582 ρήματαί
2959 5511 3022 5566 Ai
3056 5512 3292 5584 μητέρες
3327 5512 3416 5565 ἀεὶ
3444 5511 3578 5583 πρὸς
3617 5512 3689 5565 τὰ

2118 5602 2305 5659 παιδία
2330 5600 2503 5658 ταῦτα
2530 5600 2804 5659 λαλοῦσιν.
2834 5621 2853 5656 ι
2881 5603 2952 5658 Ἦ
2982 5603 3241 5675 στέφανος
3274 5604 3610 5674 καυχήσεως.
3663 5622 3684 5654 s
