4036 6612
311 365 380 431 ’Π
1233 371 1618 432 COMMENT.
1660 371 1740 432 IN
1789 371 2028 431 EPIST.
2062 369 2087 428 Ι
2117 368 2217 427 AD
2256 366 2615 426 THESSAL.
3478 365 3548 428 78

308 484 507 554 ⁹Ηρκει
559 482 657 536 καὶ
711 483 738 536 6
780 482 1044 552 στέφανος
1093 483 1262 552 δεῖξαι
1311 486 1378 557 ἦν
1432 486 1638 558 ἔχωδι’
1672 486 1873 550 αὐτοὺς

1995 499 2092 540 iace
2123 485 2304 538 verba.
2335 481 2536 537 Matres
2565 482 2827 537 continuo
2860 482 2974 538 haec
3012 497 3140 553 erga
3187 495 3288 537 sua
3322 482 3550 552 pignora

301 573 668 644 λιμπρότητα
696 575 792 629 καὶ
820 575 1097 647 καύχημα,
1122 578 1258 631 ἀλλά
1285 580 1372 633 διὰ
1399 579 1602 650 πολλὴν
1627 579 1870 643 ἔνδειξιν,

303 665 396 717 λαὶ
429 665 751 735 καυχήσεως
781 669 1145 737 προσέθηκεν,
1175 670 1306 723 ὡσεὶ
1337 666 1492 725 εἶπεν
1516 684 1532 698 ·
1577 671 1692 740 Ἐφ’
1745 671 1874 740 ὑμῖν

307 755 587 825 μᾶλλον,ἦ
625 757 718 810 ἐπὶ
767 758 1016 830 στεφάνῳ
1062 761 1388 833 ἁγάλλομαι.
1427 783 1444 814 ι
1497 764 1568 815 Ἢ
1601 763 1721 832 ούχὶ
1781 761 1876 814 καὶ

303 849 461 918 ὑμεῖς
486 864 501 912 ;
525 866 546 900 ι
583 849 648 901 Τί
676 848 768 902 οὖν
791 867 806 914 ;
826 849 1236 915 Θεσσαλονικείς
1265 856 1402 908 εἰσιν
1435 855 1467 924 ἡ
1495 853 1648 916 ἐλπίς
1683 870 1798 918 σου,
1831 846 1877 905 ὧ

307 941 554 1009 μακαρία
581 939 726 1011 ψυχή
755 957 768 1004 ;
799 940 912 1010 Οὐχ
933 937 1077 996 οὗτοι
1101 944 1273 1014 μόνοι,
1292 945 1446 1016 φησί.
1470 946 1560 998 Διὸ
1585 943 1873 1012 ὲπάγειτὸ,

305 1031 416 1090 καὶ,
444 1029 662 1092 δεικνὺς
718 1032 812 1083 καὶ
836 1031 1028 1096 ἀλλους
1057 1034 1237 1098 ὄντας.
1270 1055 1288 1086 ι
1337 1036 1526 1108 Ὑμεῖς
1557 1037 1664 1107 γάρ
1690 1038 1812 1090 ἐστε
1841 1037 1876 1104 ἡ

301 1120 426 1184 δόξα
454 1122 636 1192 ἡμῶν.
675 1142 693 1174 ι
724 1123 844 1186 Πῶς
874 1125 981 1194 γὰρ
1011 1125 1172 1178 αὑτὸν
1222 1126 1322 1179 οίει
1366 1127 1719 1190 διατίθεσθαι,
1751 1143 1878 1180 τοσ-

303 1215 476 1283 αύτην
522 1215 853 1286 Ἐκκλησίαν
912 1217 1118 1269 πιστῶν
1183 1218 1273 1271 ὑπ’
1309 1218 1474 1272 αὑτοῦ
1526 1219 1881 1287 φυτευθεῖσαν

301 1306 655 1373 προσάγοντα
680 1307 759 1379 τῷ
802 1307 1020 1378 Χριστῷ
1051 1327 1066 1376 ;
1123 1328 1141 1361 ι
1173 1310 1560 1380 Εύδοκήσαμεν
1631 1310 1882 1364 καταλει-

302 1396 526 1463 φθῆναι.
567 1417 587 1450 ι
629 1399 923 1470 Εἱλόμεθα,
955 1400 1112 1472 φησὶ,
1144 1402 1236 1454 καὶ
1269 1401 1630 1472 ἠνεσχᾶμεθα.

1980 578 2301 648 loquuntur.
2335 593 2354 628 ι
2383 575 2594 632 Corona
2621 575 2987 646 gloriationis.
3019 592 3038 626 ι
3064 573 3208 630 Satis
3233 583 3350 629 erat
3368 574 3552 630 dicere

1985 683 2212 734 corona,
2232 667 2611 724 utostenderet
2629 666 3023 722 vehementiam
3048 680 3112 719 ac
3145 665 3549 734 gloriationem,

1982 777 2146 832 quam
2172 777 2299 833 erga
2331 776 2425 815 eos
2448 759 2668 831 gerebat
2701 767 2792 814 :at
2819 759 2888 814 ob
2912 759 3172 828 majorem
3205 759 3552 815 demonstra—

1983 854 2187 908 tionem
2234 851 2444 907 addidit
2477 850 2819 921 gloriationis
2849 889 2863 913 ,
2897 857 3153 918 tanquam
3209 849 3416 904 diceret
3450 867 3464 904 :
3495 851 3553 904 In

1985 945 2139 1000 vobis
2189 945 2362 1012 magis
2401 957 2563 1012 quam
2597 943 2652 996 in
2680 955 2885 996 corona
2908 941 3134 1011 glorior.
3169 958 3189 992 ι
3225 940 3306 993 Αη
3341 955 3447 994 non
3499 947 3553 994 et

1989 1036 2158 1094 vos?»
2191 1035 2333 1103 Quid
2367 1051 2498 1105 ergo
2519 1036 2543 1088 ?
2567 1035 2708 1090 Num
2739 1034 2780 1088 Τ
2789 1033 3265 1091 hessalonicenses
3291 1039 3421 1088 sunt
3461 1041 3554 1086 tua

1989 1145 2138 1200 spes,
2169 1144 2202 1185 ο
2225 1129 2381 1184 beata
2405 1128 2623 1182 anima?
2642 1126 2762 1182 Non
2785 1127 2841 1181 bi
2866 1126 2990 1193 soli,
3015 1125 3212 1197 inquit.
3237 1125 3360 1182 Ideo
3390 1125 3554 1180 etiam

1987 1217 2258 1288 adjunxit,
2305 1215 2372 1270 Et
2403 1216 2700 1271 ostendens
2749 1215 2894 1285 quod
2951 1215 3040 1269 alii
3092 1228 3311 1285 qroque
3355 1213 3487 1268 sint.
3531 1231 3550 1264 ι

1995 1328 2012 1361 ι
2055 1307 2165 1364 Vos
2191 1308 2333 1364 enim
2361 1307 2494 1363 estis
2517 1307 2688 1380 gloria
2715 1314 2922 1363 nostra.
2965 1324 2984 1358 ι
3017 1303 3301 1371 Quomodo
3323 1321 3561 1374 namque

1989 1409 2148 1470 putas
2183 1400 2362 1470 ipsum
2414 1398 2665 1454 aﬂ‘ectum
2701 1399 2892 1463 fuisse,
2923 1397 3016 1468 qui
3061 1406 3266 1452 tantam
3315 1397 3557 1452 fidelium

302 1487 604 1543 Ecclesium
648 1505 677 1544 a
715 1505 774 1545 se
813 1491 1109 1561 plantatam
1159 1490 1452 1547 adduceret
1481 1493 1547 1546 ad
1579 1490 1911 1546 Christum?
1950 1508 1968 1541 ι
2013 1487 2201 1546 Visum
2247 1498 2332 1545 est
2377 1489 2550 1544 nobis.
2595 1505 2614 1540 ι
2668 1487 2972 1558 Elegimns.
3027 1484 3225 1556 inquit,
3271 1499 3336 1540 ac
3385 1485 3561 1541 susti-

305 1583 549 1637 nuimus.

379 1679 488 1732 Kal
531 1677 887 1749 ἐπέμψαμεν
937 1678 1213 1748 Τιμόθεον
1249 1680 1355 1734 τὸν
1386 1680 1658 1750 ἀδελφὸν
1711 1679 1882 1750 ἡμῶν

303 1773 403 1824 καὶ
437 1771 724 1826 διάκονον
753 1772 858 1827 τοῦ
886 1773 1034 1826 Θεοῦ
1065 1773 1160 1826 καί
1183 1775 1486 1842 συνεργὸν
1513 1772 1682 1843 ἡμῶν
1710 1775 1781 1828 ἐν
1803 1772 1882 1839 τῷ

2060 1676 2150 1742 lll,
2181 1678 2241 1731 -2
2273 1677 2325 1732 5.
2347 1677 2423 1731 Ac
2451 1677 2690 1731 misimus
2721 1676 3046 1732 Timotneum
3070 1676 3291 1744 fratrem
3313 1687 3555 1731 nostrum

1985 1781 2033 1825 et
2059 1772 2362 1825 ministrum
2395 1787 2459 1824 ac
2495 1769 2792 1838 adjutorem
2816 1770 2988 1837 operis
3020 1772 3190 1824 nostri
3231 1771 3284 1824 in
3315 1768 3548 1840 Evange-

306 1865 652 1933 Είναγγελίῳ
682 1865 787 1919 τοῦ
832 1865 1110 1932 Χριστοῦ,
1161 1867 1249 1932 εις
1299 1865 1366 1920 τὸ
1408 1867 1684 1936 στηρίξαι
1729 1867 1884 1936 ὑμᾶς

1992 1865 2063 1918 lio
2093 1862 2311 1928 Christi,
2333 1873 2385 1915 ut
2414 1862 2753 1930 conﬁrmaret
2801 1876 2886 1915 vos
2942 1869 2991 1914 et
3039 1861 3408 1934 consolaretur
3473 1877 3560 1915 ros

305 1959 405 2011 καὶ
436 1961 862 2026 παρακαλέσαι
901 1957 1058 2027 ὑμᾶς
1087 1959 1219 2027 περὶ
1251 1957 1361 2026 τῆς
1389 1961 1650 2026 πίστεως
1692 1958 1879 2028 ὑμῶν,

301 2051 373 2102 τὸ
403 2049 637 2118 μηδένα
672 2051 994 2104 σαίνεσθαι
1043 2050 1112 2103 ὲν
1150 2049 1278 2116 ταῖς
1303 2051 1568 2119 ’θλίψεσι
1615 2051 1879 2116 ταύταις.

303 2141 490 2194 Αὐτοὶ
527 2140 637 2210 γὰρ
657 2139 877 2206 οἴδατε,
902 2142 990 2194 ὅτι
1019 2143 1106 2208 εὶς
1132 2142 1308 2198 τοῦτο
1345 2145 1604 2214 κείμεθα.
1635 2145 1742 2198 Καὶ
1775 2144 1886 2214 γὰρ

303 2231 405 2282 ὅτε
426 2236 579 2297 πρὸς
604 2228 758 2298 ὑμᾶς
789 2225 961 2300 ἦμεν,
1004 2233 1409 2303 προελέγομεν
1440 2233 1582 2304 ὑμῖν
1614 2233 1702 2288 ὅτι
1740 2235 1885 2304 μέλ-

303 2323 497 2388 λομεν
529 2322 861 2384 θλίϐεσθαι,
892 2323 1084 2388 καθὼς
1118 2323 1215 2376 καὶ
1248 2322 1509 2392 ἐγένετο,
1538 2324 1635 2378 καὶ
1663 2324 1881 2379 οἴδατε.

304 2413 412 2464 Διά
446 2412 621 2465 τοῦτο
671 2411 830 2480 κάγὼ
847 2413 1059 2481 μηκέτι
1113 2414 1367 2484 στέγων,
1405 2414 1644 2486 ἔπεμψα
1685 2418 1770 2482 είς
1817 2416 1884 2470 τὸ

303 2503 533 2574 γνῶναι
593 2507 709 2573 τὴν
755 2508 962 2561 πίστιν
1000 2506 1206 2576 ὑμῶν,
1253 2508 1336 2578 μή
1387 2527 1506 2576 πως
1561 2511 1886 2580 ἐπείρασεν

307 2598 468 2668 ὑμᾶς
503 2605 536 2655 ό
562 2601 868 2672 πειράζων,
900 2604 996 2658 καὶ
1026 2607 1112 2672 εὶς
1145 2606 1324 2660 κενὸν
1362 2604 1604 2677 γένηται
1636 2610 1668 2660 o'
1699 2608 1886 2672 κόπος

312 2692 508 2761 ἡμῶν.

387 2783 628 2858 Τοιαύτη
673 2787 767 2841 τοῦ
801 2789 960 2858 ἀγίου
995 2790 1186 2845 τούτου
1220 2792 1252 2860 ἡ
1290 2791 1532 2861 μέθοδος.
1580 2792 1749 2845 Ὅταν
1797 2791 1884 2846 διά

311 2879 661 2946 πειρασμοὺς
684 2881 777 2932 καὶ
803 2879 903 2951 τὴν
939 2881 1186 2934 ἐντεῦθεν
1208 2881 1349 2952 βίαν,
1389 2883 1463 2953 μὴ
1489 2882 1715 2954 δύνηται
1747 2884 1886 2954 πρός

312 2984 465 3030 τινας
495 2968 604 3022 τῶν
661 2969 916 3039 μαθητῶν
946 2970 1221 3038 ἀπελθεῖν,
1255 2973 1476 3044 ἐτέρους
1519 2975 1750 3046 πέμπει,
1788 2976 1885 3029 καὶ

311 3057 402 3110 διὰ
454 3057 634 3127 μέσων
667 3060 848 3113 αὐτῶν
885 3059 1099 3116 σύνεστι
1140 3064 1233 3116 καὶ
1283 3064 1644 3136 συνδιατρίὸει
1678 3067 1882 3131 αὐτοῖς.

317 3149 491 3201 Τοῦτο
539 3150 677 3220 πρὸς
725 3150 1156 3222 Φιληππησίους,
1197 3151 1352 3206 τοῦτο
1379 3153 1516 3224 πρὸς
1565 3154 1884 3226 Κορινθίους

1987 1957 2051 2012 de
2075 1957 2180 2026 ﬁde
2211 1966 2386 2010 vestra
2414 1973 2432 2009 :
2459 1971 2521 2008 ne
2549 1957 2830 2025 quisquam
2865 1953 3253 2009 demulceretur
3284 1972 3346 2008 ac
3375 1954 3561 2008 turba-

1987 2058 2134 2102 retur
2159 2047 2214 2100 in
2247 2045 2620 2116 afflictionibus
2650 2045 2756 2098 Itis.
2806 2043 2946 2097 Nam
2964 2047 3069 2113 ipsi
3109 2046 3280 2098 nostis
3341 2062 3435 2100 nos
3506 2049 3561 2100 in

1986 2143 2124 2192 hunc
2155 2155 2304 2191 usum
2351 2137 2550 2205 positos
2582 2153 2721 2190 esse.
2763 2135 2971 2190 Etenim
3015 2151 3132 2188 cum
3165 2144 3304 2205 apud
3332 2151 3420 2190 eos
3476 2152 3560 2190 es-

1985 2245 2179 2294 semus,
2213 2229 2626 2298 pra’dicebamus
2661 2229 2804 2282 vobis
2856 2227 2987 2296 fore,
3027 2237 3083 2280 ut
3114 2228 3441 2297 aﬂlictionem
3463 2245 3562 2296 pa-

1989 2330 2235 2391 teremur,
2267 2322 2708 2391 quemadmodum
2729 2323 2888 2374 etiam
2917 2321 3108 2386 evenit,
3131 2330 3179 2373 et
3205 2323 3394 2378 nostis.
3420 2321 3565 2387 Qua-

1985 2423 2196 2483 propter
2224 2424 2274 2467 et
2306 2429 2399 2483 ego
2436 2430 2536 2466 non
2574 2401 2802 2481 amplius
2829 2412 3166 2481 [ει-ρης,ιηίιὶ
3201 2413 3269 2465 ad
3319 2412 3436 2477 hoc,
3492 2422 3554 2466 ut

1988 2521 2352 2576 cognoscerem
2381 2505 2443 2558 de
2473 2503 2577 2573 ﬁde
2602 2518 2772 2559 vestra
2804 2520 2821 2556 :
2859 2521 2922 2558 ne
2961 2520 3060 2573 quo
3098 2513 3250 2571 pacto
3313 2513 3563 2559 tentasset

1988 2614 2075 2652 vos
2099 2597 2192 2652 ille
2222 2599 2313 2667 qui
2339 2605 2529 2666 tentet,
2559 2606 2610 2651 et
2645 2597 2821 2652 inanis
2857 2598 3032 2666 factus
3075 2607 3209 2667 esset
3253 2597 3406 2652 labor
3461 2614 3562 2651 uo-

1989 2701 2118 2744 ster.
3110 2664 3120 2699 ἴ

2059 2780 2386 2852 Hujusmodi
2409 2797 2533 2838 esse
2561 2781 2720 2837 istius
2738 2782 2916 2838 sancti
2933 2782 3336 2851 ratiodocendi,
3356 2791 3413 2836 ut
3435 2797 3562 2836 cum

1988 2891 2085 2946 per
2111 2874 2435 2931 alllictiones
2459 2891 2522 2932 ac
2553 2876 2663 2930 vim
2729 2875 2889 2946 164
2926 2891 3046 2945 qua:
3099 2876 3367 2946 sequitur,
3449 2889 3561 2930 non

1987 2971 2162 3041 possit
2177 2970 2242 3025 ad
2258 2971 2470 3039 aliquos
2490 2968 2883 3038 discipulorum
2903 2969 3195 3040 proﬁcisci,
3220 2970 3353 3024 alios
3369 2969 3563 3038 mittit,

1988 3075 2044 3119 et
2065 3079 2160 3133 per
2203 3063 2350 3131 ipsos
2377 3061 2587 3116 medius
2614 3060 2872 3116 convenit
2943 3067 2998 3115 et
3057 3073 3180 3113 cum
3203 3060 3283 3114 eis
3333 3073 3566 3113 conver-

1991 3162 2168 3209 s.:tur.
2208 3152 2323 3207 Hoc
2362 3153 2429 3208 ad
2479 3151 2860 3222 Philippenses
2910 3149 3060 3212 facit,
3109 3150 3212 3204 hoc
3244 3148 3312 3204 ad
3365 3147 3566 3204 Corin-

314 3243 484 3306 ποιεῖ,
517 3241 608 3294 τὸν
657 3240 820 3295 αὐτὸν
872 3242 1136 3313 Τιμόθεον
1179 3244 1421 3314 πέμψας,
1459 3246 1552 3298 καὶ
1586 3245 1676 3299 διὰ
1721 3246 1887 3316 μέσου

1997 3245 2164 3324 tbios,
2188 3244 2360 3299 misso
2389 3243 2582 3297 eodem
2619 3241 2928 3309 Timotheo,
2991 3248 3045 3296 et
3081 3256 3175 3312 per
3216 3240 3394 3311 ipsum
3448 3255 3565 3295 me-

318 3331 485 3383 αὑτοῦ
514 3331 723 3400 ὁμιλῶν
767 3331 976 3396 αὐτοῖς.
1014 3351 1031 3384 ι
1058 3334 1162 3388 Τὸν
1193 3335 1420 3404 ἀδελφὸν
1453 3335 1609 3407 ἡμῶν
1647 3338 1740 3390 καὶ
1769 3336 1889 3392 διά-

316 3439 475 3475 κονον
505 3423 602 3476 τοῦ
656 3424 814 3478 Θεοῦ.
870 3443 890 3476 ι
949 3424 1120 3478 Τοῦτό
1153 3443 1340 3498 φησιν,
1390 3428 1452 3480 οὺ
1503 3428 1754 3482 τοσοῦτον
1797 3428 1889 3481 τὸν

317 3515 586 3586 Τιμόθεον
620 3515 886 3587 ἐπαίρων,
942 3517 1066 3571 ὅσον
1097 3519 1198 3588 τὴν
1248 3517 1387 3590 πρὸς
1421 3519 1642 3582 τούτους
1673 3519 1889 3585 δεικνὺς

318 3608 580 3680 σπουδήν.
638 3605 785 3672 Οἷον,
837 3609 1024 3678 φησὶν,
1077 3610 1206 3680 ὑμῖν
1250 3610 1492 3682 ἔπεμψα.
1552 3629 1570 3664 ι
1609 3613 1722 3665 Καὶ
1761 3629 1890 3666 συν-

316 3700 478 3770 ιργὸν
529 3699 685 3772 ήμῶν
713 3741 728 3767 ,
771 3718 789 3752 ι
836 3701 968 3754 ὡσεὶ
1019 3697 1160 3768 εἶπε,
1207 3702 1458 3756 Τοιούτου
1510 3703 1672 3773 ἔργου
1729 3703 1892 3757 αὐτὸν

321 3792 730 3859 ἀπεσπάσαμεν
764 3790 855 3846 διὰ
893 3791 991 3862 τὴν
1031 3793 1165 3862 πρὸς
1204 3793 1346 3863 ὑμᾶς
1376 3793 1618 3863 ἀγάπην.
1659 3811 1676 3845 ι
1707 3791 1800 3855 Ei;
1831 3792 1892 3845 τὸ

323 3881 577 3951 στηρίξαι
622 3883 786 3951 ὑμᾶς.
823 3900 844 3934 ι
912 3883 999 3946 Ὠς
1055 3882 1471 3953 σαλευομένους,
1519 3882 1605 3952 ἐφ’
1653 3878 1736 3947 οἷς
1767 3879 1834 3955 ἦν
1863 3885 1892 3936 6

321 3973 638 4037 διδάσκαλος
687 3977 743 4028 ὲν
777 3979 1124 4046 πειρασμοῖς.
1159 3977 1349 4045 Μέγας
1387 3978 1495 4051 γὰρ
1527 3976 1695 4041 ὅντως
1727 3977 1891 4048 θόρυ-

325 4064 415 4128 60;
447 4069 561 4128 τοῖς
596 4065 888 4137 μαθηταῖς,
913 4066 975 4120 τὸ
995 4063 1136 4119 εἶναι
1160 4066 1251 4120 τὸν
1277 4066 1591 4121 διδάσκαλον
1615 4069 1670 4119 ὲν
1700 4083 1894 4137 πειρα-

326 4159 500 4226 σμοῖς.
540 4176 560 4208 ι
607 4158 715 4210 Καὶ
753 4157 1137 4227 παρακαλέσαι
1171 4158 1336 4228 ὑμᾶς.
1376 4175 1397 4210 ι
1449 4158 1512 4212 Ἠ
1552 4159 1662 4230 γὰρ
1716 4157 1894 4228 παρά-

325 4251 538 4321 κλησις,
594 4251 734 4321 ὑπὲρ
779 4251 876 4305 τοῦ
924 4251 999 4323 μὴ
1045 4250 1369 4322 σαλευθῆναι
1418 4252 1498 4314 είς
1549 4251 1648 4320 τὴν
1707 4251 1892 4303 πίστιν

323 4342 550 4407 ἐγίνετο.
594 4361 612 4393 ι
651 4342 724 4394 Τὸ
784 4342 988 4414 μηδένα
1034 4343 1339 4398 σαίνεσθαι.
1382 4360 1402 4394 ι
1467 4336 1592 4396 Οἷον
1639 4340 1892 4411 θορυσεῖ-

325 4429 468 4494 σθαι,
500 4431 1018 4499 capitatae-allatan
1069 4433 1382 4504 μεταφορᾶς
1431 4433 1537 4486 τῶν
1576 4433 1674 4496 τὰς
1723 4431 1893 4504 οὐρὰς

323 4523 705 4591 ταρασσόντων
740 4523 937 4588 κυνῶν,
969 4525 1044 4595 μὴ
1084 4523 1371 4590 κινεῖσθαι,
1403 4523 1536 4594 μηδὲ
1571 4524 1669 4594 τῆς
1695 4523 1892 4595 προτέ-

1993 3335 2146 3390 dium
2181 3350 2302 3389 cum
2331 3334 2412 3389 eis
2433 3341 2793 3389 conversatur
2822 3347 3027 3403 eosque
3042 3332 3358 3402 alloquitur.
3387 3350 3405 3382 ι
3428 3329 3558 3384 Fra-

1997 3439 2134 3484 trem
2161 3435 2411 3482 nostrum
2443 3441 2507 3481 ac
2529 3425 2845 3481 ministrum
2892 3424 3008 3482 Dei.
3050 3443 3070 3478 »
3129 3422 3243 3480 Hoc
3305 3423 3400 3489 ait,
3450 3437 3563 3478 non

1995 3527 2204 3574 tantum
2238 3517 2510 3573 extollens
2539 3515 2914 3583 Timotheum,
2965 3523 3231 3586 quantum
3269 3513 3566 3568 ostendens

1994 3613 2236 3669 studium
2272 3626 2401 3682 erga
2476 3612 2648 3681 ipsos.
2717 3609 2925 3676 Talem,
2962 3608 3160 3680 inquit,
3221 3607 3378 3663 vobis
3416 3605 3562 3661 misi.

1999 3726 2018 3758 ι
2058 3705 2137 3761 Ac
2173 3705 2478 3774 adiutorem
2508 3703 2692 3774 operis
2716 3702 2924 3768 nostri,
2965 3721 2983 3754 ι
3023 3709 3283 3772 tanquam
3333 3699 3562 3754 diceret:

1995 3803 2037 3854 Α
2063 3800 2155 3854 tali
2183 3813 2348 3869 opere
2370 3801 2547 3869 ipsum
2570 3797 2872 3853 abstraxim
2883 3811 2947 3850 us
2977 3797 3048 3850 ob
3069 3794 3417 3849 dilectionem
3438 3806 3564 3863 erga

1997 3906 2113 3948 vos.
2159 3911 2178 3944 ι
2214 3889 2283 3945 Ut
2304 3891 2663 3946 confirmaret
2691 3906 2807 3946 vos.
2845 3907 2864 3941 ›
2898 3887 3182 3958 Tanquam
3209 3886 3562 3948 ﬂuctuantes,

1994 4001 2060 4042 eo
2087 3986 2230 4052 quod
2246 3991 2548 4055 praeceptor
2572 3983 2627 4037 in
2657 3981 3040 4037 aﬂlictionibus
3067 3987 3236 4034 esset.
3260 3976 3401 4032 Vere
3416 3978 3561 4032 enim

1998 4093 2199 4148 magna
2247 4077 2499 4147 sequitur
2527 4075 2832 4144 discipulos
2871 4072 3133 4138 turbatio,
3163 4071 3208 4125 si
3262 4080 3567 4140 praeceptor

2002 4169 2368 4225 adversitates
2389 4168 2646 4238 patiatur.
2680 4184 2698 4218 ι
2735 4165 2801 4218 Et
2834 4164 3213 4220 consolaretur
3239 4176 3356 4216 vos.
3387 4180 3406 4211 ι
3429 4159 3563 4213 Nam

2001 4261 2147 4316 facta
2194 4267 2278 4316 est
2331 4257 2659 4322 consolatio,
2703 4272 2772 4312 ne
2841 4255 2895 4310 in
2963 4253 3068 4308 ﬁde
3115 4259 3561 4307 concuterentur.

2005 4374 2022 4407 ι
2059 4352 2137 4410 Ne
2174 4353 2464 4424 quisquam
2495 4350 2898 4407 dcmulceretur
2927 4362 2992 4402 ac
3021 4347 3354 4401 turbaretur.
3404 4363 3424 4396 ι
3453 4343 3568 4397 Hoc

1997 4456 2099 4514 est,
2116 4455 2438 4503 terreretur.
2466 4443 2694 4515 Sumpta
2721 4443 3138 4512 estmetaphora
3169 4441 3222 4493 in
3255 4438 3421 4492 verbo
3445 4437 3566 4489 σαί-

1998 4541 2210 4606 νεσθαι,
2251 4555 2282 4594 a
2321 4539 2551 4594 canibus
2577 4538 2804 4593 caudam
2837 4535 3193 4590 motantibus.
3231 4531 3289 4586 ld
3333 4540 3438 4595 est,
3497 4545 3565 4584 ne

327 4630 425 4682 ρας
457 4613 770 4680 ἐξίστασθαι
800 4615 1076 4686 γνώμης.ι
1114 4618 1202 4671 Ἑν
1217 4619 1335 4680 ταῖς
1373 4617 1586 4686 θλίψεσι
1610 4617 1887 4679 ταύταις.»

2001 4639 2339 4695 moveretur,
2371 4639 2464 4684 aut
2484 4644 2514 4684 a
2543 4629 2719 4700 prima
2749 4629 3034 4683 voluntate
3068 4641 3131 4679 ac
3168 4623 3455 4695 proposito
3480 4638 3566 4676 re-

330 4704 502 4758 nona
527 4705 636 4776 γὰρ
653 4702 720 4777 ἦν
742 4706 863 4759 τότε
904 4708 1133 4777 θλιψεὶς,
1169 4707 1244 4771 ῶς
1268 4709 1362 4762 καὶ
1393 4710 1557 4773 αὐτὸς
1602 4710 1731 4781 ἔφη,
1768 4710 1897 4763 Ὀτι

325 4795 580 4864 ἐνέκοψεν
605 4797 751 4866 ἡμᾶς
781 4799 808 4851 6
838 4798 1103 4863 Σατανᾶς.
1147 4818 1165 4852 ι
1199 4801 1273 4854 Οὐ
1295 4801 1451 4854 δεῖδὲ
1489 4803 1631 4872 ὑμᾶς
1662 4802 1899 4874 θορυϐη-

326 4885 503 4955 θῆναι,
527 4887 766 4959 φησὶν,ἢ
792 4889 1266 4961 σκανδαλισθῆναι,
1287 4889 1373 4959 ἐφ’
1390 4885 1470 4954 οἷς
1491 4890 1601 4958 ἐγὼ
1620 4891 1893 4964 θλίῦομαι.

325 4977 418 5027 Διά
446 4977 500 5029 τί
523 4993 536 5041 ;
558 4976 669 5030 Καὶ
697 4979 855 5049 ὑμεῖς
882 4979 991 5052 γὰρ
1013 4981 1169 5034 αὐτοὶ
1197 4982 1399 5048 οἴδατε,
1426 4982 1611 5054 φησιν,
1629 4983 1712 5037 ὅτι
1737 4985 1815 5048 είς
1838 4982 1899 5037 τὸ

327 5068 605 5124 θλίὸεσθαι
623 5072 875 5142 κείμεθα,
889 5076 1188 5139 τουτέστιν,
1203 5078 1280 5141 είς
1297 5077 1455 5131 τοῦτο
1477 5077 1896 5148 κεκληρὼμεθα,

327 5163 402 5225 εἰς
429 5162 590 5216 τοῦτο
625 5164 1120 5238 ἀπογεγράμμεθα.
1155 5167 1265 5222 Καὶ
1301 5169 1536 5240 ἀλλαχοῦ
1565 5187 1730 5241 φησιο
1763 5190 1780 5222 ι
1807 5169 1899 5224 Διὸ

328 5255 530 5308 εὐδοκῶ
566 5258 624 5310 ὲν
660 5261 948 5327 ἀνάγκαις,
974 5262 1032 5316 ἐν
1059 5261 1293 5334 θλίψεσι.
1324 5283 1343 5316 ι
1373 5265 1483 5318 Καὶ
1517 5265 1681 5318 πάλιν
1707 5265 1900 5318 ἐπιθα-

327 5348 542 5412 νατίους
565 5349 690 5413 τοὺς
724 5352 1057 5417 ἀποστόλους
1087 5354 1264 5410 καλεῖ.
1299 5375 1317 5408 ι
1341 5357 1465 5410 Ὅτι
1494 5359 1574 5422 εἰς
1597 5356 1754 5410 τοῦτο
1785 5358 1898 5410 κεί·

332 5438 488 5508 μεθα.
521 5458 540 5491 ι
593 5441 703 5493 Καὶ
745 5441 886 5514 ὑπὲρ
924 5443 1034 5496 τῶν
1087 5445 1398 5514 μελλουσῶν
1433 5447 1666 5516 θλίψεων
1698 5431 1895 5511 αὐτοὺς

332 5530 753 5599 παραμυθεῖται.
774 5533 980 5597 Αὐτοὺς
1002 5536 1112 5606 γὰρ
1135 5539 1214 5600 είς
1241 5537 1401 5590 τοῦτο
1424 5538 1637 5592 κεῖσθαι
1660 5539 1894 5608 ἀνάγκη,

331 5622 388 5674 τὸ
406 5624 490 5677 ἀεὶ
513 5623 816 5680 θλίόεσθαι.
850 5645 868 5679 ι
890 5627 1266 5700 Προελέγομεν
1295 5629 1445 5699 ὑμῖν.
1473 5647 1492 5680 ι
1520 5629 1694 5700 Πολλὴ
1722 5648 1898 5701 παρα-

403 5810 422 5839 ⁶
455 5806 495 5861 ll
541 5808 670 5865 Cor.
703 5825 803 5875 xu,
860 5811 914 5866 9.
991 5811 1055 5866 'l
1091 5809 1216 5868 Cor.
1263 5828 1336 5877 tv,
1372 5813 1422 5867 9.

1997 4725 2197 4780 siliret.
2243 4743 2260 4776 ι
2292 4722 2348 4777 ln
2370 4720 2754 4778 amictionibus
2789 4719 2898 4774 his.
2941 4736 2960 4770 ι
3010 4717 3346 4786 Frequentes
3389 4713 3566 4783 siqui-

1998 4815 2122 4869 dem
2153 4821 2310 4869 erant
2342 4821 2472 4867 tunc
2513 4811 2854 4872 aﬂlictiones,
2883 4809 3026 4865 sicut
3054 4807 3171 4876 ipse
3218 4806 3386 4862 etiam
3419 4805 3569 4858 dicc-

1999 4906 2091 4960 bat
2124 4923 2138 4959 :
2170 4925 2189 4956 ι
2254 4904 2319 4958 Et
2359 4903 2576 4959 obstitit
2603 4902 2759 4957 nobis
2806 4887 3062 4956 Satanas.
3123 4917 3144 4951 ι
3179 4896 3300 4952 Non
3351 4903 3570 4965 oportet
3654 4955 3659 4962 ι

2001 5011 2184 5054 autem
2213 5012 2313 5054 vos
2349 4995 2586 5062 turbari,
2625 4995 2728 5059 ait,
2795 5005 2891 5048 aut
2940 4990 3140 5047 ollendi
3197 4988 3269 5044 ob
3321 5003 3386 5042 ea
3447 5001 3572 5056 quas

1997 5099 2101 5155 ego
2136 5084 2334 5154 patior.
2364 5083 2543 5149 Quare
2568 5083 2592 5135 ?
2616 5082 2750 5136 Nam
2791 5091 2843 5138 et
2871 5096 2972 5136 vos
3027 5079 3150 5149 ipsi,
3172 5075 3373 5146 inquit,
3395 5077 3574 5130 nostis

1997 5175 2141 5243 quod
2181 5175 2348 5243 positi
2380 5189 2570 5229 sumus
2595 5181 2654 5228 ut
2684 5173 3050 5242 aﬂligercmur
3079 5189 3092 5226 :
3128 5171 3231 5226 hoc
3245 5176 3353 5231 est,
3377 5167 3443 5222 ad
3465 5169 3572 5222 hoc

1995 5265 2158 5320 electi
2191 5281 2405 5332 sumus,
2445 5266 2509 5320 ad
2534 5266 2638 5320 hoc
2668 5265 2988 5336 conscripti.
3017 5263 3160 5318 Alibi
3195 5276 3410 5332 quoque
3443 5260 3519 5313 ait
3548 5275 3565 5320 ξ

2002 5375 2021 5409 ι
2057 5356 2398 5428 Quapropter
2455 5359 2646 5426 placeo
2691 5357 2823 5411 mihi
2879 5358 2934 5410 in
3000 5354 3446 5414 necessitatibus,
3513 5351 3569 5404 in

1998 5449 2384 5504 alllictionibus
2401 5449 2445 5502 ‘.
2488 5468 2504 5499 ι
2548 5450 2895 5518 Rursumque
2925 5446 3202 5517 apostolos
3241 5444 3375 5498 dicit
3410 5442 3572 5496 morti

1999 5540 2298 5596 destinatos
2330 5543 2374 5594 '.
2413 5558 2433 5592 ι
2484 5539 2592 5596 Nos
2626 5541 2680 5596 in
2710 5541 2854 5595 hunc
2889 5555 3047 5594 usum
3101 5538 3313 5608 positos
3365 5550 3511 5590 esse.
3544 5553 3564 5586 ι

2007 5635 2184 5688 Etiam
2221 5633 2286 5690 de
2308 5632 2512 5690 futuris
2545 5633 2930 5690 afﬂictionibus
2976 5633 3125 5702 ipsos
3185 5628 3505 5684 consolatur
3549 5633 3568 5676 ξ
