  <div class='ocr_page' id='page_1' title='image "/cluster/home/n/w/nwhite01/storage/ocr_20150623/119/hvd.32044019208156/048.png"; bbox 0 0 4036 6616; ppageno 0'>
   <div class='ocr_carea' id='block_1_1' title="bbox 351 465 3626 557">
    <p class='ocr_par' dir='ltr' id='par_1_1' title="bbox 351 465 3626 557">
     <span class='ocr_line' id='line_1_1' title="bbox 351 465 3626 557; baseline -0.005 -20"><span class='ocrx_word' id='word_1_1' title='bbox 351 470 422 537; x_wconf 78' lang='lat'><strong>81</strong></span> <span class='ocrx_word' id='word_1_2' title='bbox 582 534 603 557; x_wconf 54' lang='grc'>,</span> <span class='ocrx_word' id='word_1_3' title='bbox 1311 467 1697 531; x_wconf 72' lang='grc' dir='ltr'><strong>ΟΟΜΜΕΝΤ.</strong></span> <span class='ocrx_word' id='word_1_4' title='bbox 1740 467 1821 526; x_wconf 76' lang='grc' dir='ltr'><strong>ὶΝ</strong></span> <span class='ocrx_word' id='word_1_5' title='bbox 1859 465 2097 529; x_wconf 75' lang='lat' dir='ltr'><strong>EPIST.</strong></span> <span class='ocrx_word' id='word_1_6' title='bbox 2133 466 2160 524; x_wconf 85' lang='grc' dir='ltr'>Ι</span> <span class='ocrx_word' id='word_1_7' title='bbox 2198 468 2299 526; x_wconf 79' lang='grc' dir='ltr'><strong>ΑΒ</strong></span> <span class='ocrx_word' id='word_1_8' title='bbox 2338 466 2702 530; x_wconf 72' lang='lat' dir='ltr'><strong>THESSAL.</strong></span> <span class='ocrx_word' id='word_1_9' title='bbox 3554 468 3626 533; x_wconf 75' lang='lat'><strong>89.</strong></span> 
     </span>
    </p>
   </div>
   <div class='ocr_carea' id='block_1_2' title="bbox 438 570 1942 657">
    <p class='ocr_par' dir='ltr' id='par_1_2' title="bbox 438 571 1938 657">
     <span class='ocr_line' id='line_1_2' title="bbox 438 571 1938 657; baseline -0.002 -26"><span class='ocrx_word' id='word_1_10' title='bbox 438 579 607 651; x_wconf 75' lang='grc' dir='ltr'>Ὁρᾷς</span> <span class='ocrx_word' id='word_1_11' title='bbox 668 576 767 649; x_wconf 69' lang='grc' dir='ltr'><strong>τὴν</strong></span> <span class='ocrx_word' id='word_1_12' title='bbox 828 578 1189 657; x_wconf 68' lang='grc' dir='ltr'>περιχάρειαν</span> <span class='ocrx_word' id='word_1_13' title='bbox 1238 578 1429 637; x_wconf 62' lang='grc' dir='ltr'>αὐτοῦ(</span> <span class='ocrx_word' id='word_1_14' title='bbox 1490 577 1565 631; x_wconf 69' lang='lat' dir='ltr'><strong>Ui:</strong></span> <span class='ocrx_word' id='word_1_15' title='bbox 1620 575 1727 649; x_wconf 84' lang='grc' dir='ltr'><strong>γὰρ</strong></span> <span class='ocrx_word' id='word_1_16' title='bbox 1786 571 1938 629; x_wconf 74' lang='grc' dir='ltr'>εἶπεν</span> 
     </span>
    </p>
   </div>
   <div class='ocr_carea' id='block_1_3' title="bbox 2044 570 3621 657">
    <p class='ocr_par' dir='ltr' id='par_1_3' title="bbox 2118 570 3621 645">
     <span class='ocr_line' id='line_1_3' title="bbox 2118 570 3621 645; baseline 0.001 -19"><span class='ocrx_word' id='word_1_17' title='bbox 2118 572 2284 628; x_wconf 76' lang='lat' dir='ltr'><strong>Vides</strong></span> <span class='ocrx_word' id='word_1_18' title='bbox 2318 573 2667 629; x_wconf 84' lang='lat' dir='ltr'><strong>immodicam</strong></span> <span class='ocrx_word' id='word_1_19' title='bbox 2707 570 2889 643; x_wconf 80' lang='lat' dir='ltr'><strong>ipsius</strong></span> <span class='ocrx_word' id='word_1_20' title='bbox 2928 572 3201 641; x_wconf 61' lang='lat' dir='ltr'><strong>laetitiam.</strong></span> <span class='ocrx_word' id='word_1_21' title='bbox 3248 572 3433 645; x_wconf 80' lang='lat' dir='ltr'><strong>Neque</strong></span> <span class='ocrx_word' id='word_1_22' title='bbox 3477 575 3621 630; x_wconf 86' lang='lat' dir='ltr'><strong>enim</strong></span> 
     </span>
    </p>
   </div>
   <div class='ocr_carea' id='block_1_4' title="bbox 353 666 1936 739">
    <p class='ocr_par' dir='ltr' id='par_1_4' title="bbox 353 666 1936 739">
     <span class='ocr_line' id='line_1_4' title="bbox 353 666 1936 739; baseline -0.003 -18"><span class='ocrx_word' id='word_1_23' title='bbox 353 668 861 739; x_wconf 74' lang='grc' dir='ltr'><strong>ἀπαγγείλαντος.</strong></span> <span class='ocrx_word' id='word_1_24' title='bbox 896 668 1035 724; x_wconf 77' lang='grc' dir='ltr'>ἀλλὰ</span> <span class='ocrx_word' id='word_1_25' title='bbox 1061 666 1633 739; x_wconf 75' lang='grc' dir='ltr'><strong>εὐαγγελισαμένου.</strong></span> <span class='ocrx_word' id='word_1_26' title='bbox 1674 686 1691 718; x_wconf 77' lang='grc' dir='ltr'><strong>ι</strong></span> <span class='ocrx_word' id='word_1_27' title='bbox 1720 666 1826 718; x_wconf 72' lang='grc' dir='ltr'>Καὶ</span> <span class='ocrx_word' id='word_1_28' title='bbox 1855 666 1936 718; x_wconf 85' lang='grc' dir='ltr'>ὃτι</span> 
     </span>
    </p>
   </div>
   <div class='ocr_carea' id='block_1_5' title="bbox 354 757 1938 832">
    <p class='ocr_par' dir='ltr' id='par_1_5' title="bbox 354 757 1938 832">
     <span class='ocr_line' id='line_1_5' title="bbox 354 757 1938 832; baseline -0.001 -20"><span class='ocrx_word' id='word_1_29' title='bbox 354 762 512 828; x_wconf 70' lang='grc' dir='ltr'>ἔχετε</span> <span class='ocrx_word' id='word_1_30' title='bbox 568 761 763 831; x_wconf 79' lang='grc' dir='ltr'><strong>μνείαν</strong></span> <span class='ocrx_word' id='word_1_31' title='bbox 811 759 988 830; x_wconf 79' lang='grc' dir='ltr'>ἡμῶν.</span> <span class='ocrx_word' id='word_1_32' title='bbox 1031 778 1050 812; x_wconf 74' lang='grc' dir='ltr'><strong>ι</strong></span> <span class='ocrx_word' id='word_1_33' title='bbox 1107 761 1220 832; x_wconf 84' lang='grc' dir='ltr'>Τῆς</span> <span class='ocrx_word' id='word_1_34' title='bbox 1274 762 1384 831; x_wconf 82' lang='grc' dir='ltr'><strong>γὰρ</strong></span> <span class='ocrx_word' id='word_1_35' title='bbox 1431 759 1670 822; x_wconf 78' lang='grc' dir='ltr'>πίστεως</span> <span class='ocrx_word' id='word_1_36' title='bbox 1716 757 1938 829; x_wconf 76' lang='grc' dir='ltr'>βεϐαίας</span> 
     </span>
    </p>
   </div>
   <div class='ocr_carea' id='block_1_6' title="bbox 354 845 1938 924">
    <p class='ocr_par' dir='ltr' id='par_1_6' title="bbox 354 845 1938 924">
     <span class='ocr_line' id='line_1_6' title="bbox 354 845 1938 924; baseline -0.001 -21"><span class='ocrx_word' id='word_1_37' title='bbox 354 851 549 922; x_wconf 63' lang='grc' dir='ltr'>οὔσης,</span> <span class='ocrx_word' id='word_1_38' title='bbox 600 852 815 920; x_wconf 83' lang='grc' dir='ltr'><strong>ἀνάγκη</strong></span> <span class='ocrx_word' id='word_1_39' title='bbox 869 852 965 905; x_wconf 73' lang='grc' dir='ltr'><strong>καὶ</strong></span> <span class='ocrx_word' id='word_1_40' title='bbox 999 852 1096 923; x_wconf 80' lang='grc' dir='ltr'><strong>τὴν</strong></span> <span class='ocrx_word' id='word_1_41' title='bbox 1136 852 1273 924; x_wconf 81' lang='grc' dir='ltr'>πρὸς</span> <span class='ocrx_word' id='word_1_42' title='bbox 1308 852 1469 922; x_wconf 71' lang='grc' dir='ltr'>ἡμᾶς</span> <span class='ocrx_word' id='word_1_43' title='bbox 1523 851 1747 922; x_wconf 83' lang='grc' dir='ltr'><strong>μνήμην</strong></span> <span class='ocrx_word' id='word_1_44' title='bbox 1800 845 1938 902; x_wconf 81' lang='grc' dir='ltr'>εἶναι</span> 
     </span>
    </p>
   </div>
   <div class='ocr_carea' id='block_1_7' title="bbox 359 940 1940 1016">
    <p class='ocr_par' dir='ltr' id='par_1_7' title="bbox 359 940 1940 1016">
     <span class='ocr_line' id='line_1_7' title="bbox 359 940 1940 1016; baseline -0.003 -19"><span class='ocrx_word' id='word_1_45' title='bbox 359 944 610 1013; x_wconf 70' lang='grc' dir='ltr'>βεϐαίαν.</span> <span class='ocrx_word' id='word_1_46' title='bbox 645 963 664 995; x_wconf 76' lang='grc' dir='ltr'><strong>ι</strong></span> <span class='ocrx_word' id='word_1_47' title='bbox 692 943 962 1016; x_wconf 77' lang='grc' dir='ltr'><strong>Καθάπερ</strong></span> <span class='ocrx_word' id='word_1_48' title='bbox 996 944 1091 997; x_wconf 77' lang='grc' dir='ltr'>καὶ</span> <span class='ocrx_word' id='word_1_49' title='bbox 1119 945 1280 1013; x_wconf 75' lang='grc' dir='ltr'>ἡμεῖς</span> <span class='ocrx_word' id='word_1_50' title='bbox 1316 942 1482 1013; x_wconf 80' lang='grc' dir='ltr'>ὑμᾶς.</span> <span class='ocrx_word' id='word_1_51' title='bbox 1525 961 1543 995; x_wconf 76' lang='grc' dir='ltr'><strong>ι</strong></span> <span class='ocrx_word' id='word_1_52' title='bbox 1580 940 1733 995; x_wconf 83' lang='grc' dir='ltr'><strong>Μετὰ</strong></span> <span class='ocrx_word' id='word_1_53' title='bbox 1765 942 1940 1009; x_wconf 81' lang='grc' dir='ltr'>ὲγκωο</span> 
     </span>
    </p>
   </div>
   <div class='ocr_carea' id='block_1_8' title="bbox 362 1032 1941 1106">
    <p class='ocr_par' dir='ltr' id='par_1_8' title="bbox 362 1032 1941 1106">
     <span class='ocr_line' id='line_1_8' title="bbox 362 1032 1941 1106; baseline -0.001 -19"><span class='ocrx_word' id='word_1_54' title='bbox 362 1035 666 1106; x_wconf 79' lang='grc' dir='ltr'>μῖου.⁹οτι</span> <span class='ocrx_word' id='word_1_55' title='bbox 717 1035 914 1100; x_wconf 76' lang='grc' dir='ltr'>οὕτως,</span> <span class='ocrx_word' id='word_1_56' title='bbox 968 1036 1155 1105; x_wconf 74' lang='grc' dir='ltr'>φησιν,</span> <span class='ocrx_word' id='word_1_57' title='bbox 1209 1035 1496 1103; x_wconf 79' lang='grc' dir='ltr'>ἀγαπᾶτε,</span> <span class='ocrx_word' id='word_1_58' title='bbox 1552 1033 1627 1097; x_wconf 82' lang='grc' dir='ltr'>ὡς</span> <span class='ocrx_word' id='word_1_59' title='bbox 1682 1032 1941 1100; x_wconf 74' lang='grc' dir='ltr'>καὶάγα-</span> 
     </span>
    </p>
   </div>
   <div class='ocr_carea' id='block_1_9' title="bbox 361 1124 1938 1200">
    <p class='ocr_par' dir='ltr' id='par_1_9' title="bbox 361 1124 1938 1200">
     <span class='ocr_line' id='line_1_9' title="bbox 361 1124 1938 1200; baseline -0.001 -20"><span class='ocrx_word' id='word_1_60' title='bbox 361 1128 561 1182; x_wconf 81' lang='grc' dir='ltr'>πᾶσθε.</span> <span class='ocrx_word' id='word_1_61' title='bbox 602 1146 621 1180; x_wconf 75' lang='grc' dir='ltr'><strong>ι</strong></span> <span class='ocrx_word' id='word_1_62' title='bbox 677 1126 775 1181; x_wconf 83' lang='grc' dir='ltr'><strong>Διὰ</strong></span> <span class='ocrx_word' id='word_1_63' title='bbox 829 1127 989 1181; x_wconf 80' lang='grc' dir='ltr'>τούτο</span> <span class='ocrx_word' id='word_1_64' title='bbox 1040 1126 1485 1200; x_wconf 76' lang='grc' dir='ltr'>παρεκλήθημεν.</span> <span class='ocrx_word' id='word_1_65' title='bbox 1519 1144 1539 1177; x_wconf 75' lang='grc' dir='ltr'><strong>ι</strong></span> <span class='ocrx_word' id='word_1_66' title='bbox 1586 1124 1749 1178; x_wconf 80' lang='grc' dir='ltr'>Ἀλλὰ</span> <span class='ocrx_word' id='word_1_67' title='bbox 1806 1124 1938 1194; x_wconf 80' lang='grc' dir='ltr'>μὲν,</span> 
     </span>
    </p>
   </div>
   <div class='ocr_carea' id='block_1_10' title="bbox 358 1212 1940 1291">
    <p class='ocr_par' dir='ltr' id='par_1_10' title="bbox 358 1212 1940 1291">
     <span class='ocr_line' id='line_1_10' title="bbox 358 1212 1940 1291; baseline -0.003 -20"><span class='ocrx_word' id='word_1_68' title='bbox 358 1219 546 1289; x_wconf 70' lang='grc' dir='ltr'>φησιν,</span> <span class='ocrx_word' id='word_1_69' title='bbox 587 1218 924 1288; x_wconf 67' lang='grc' dir='ltr'>ἠλπίσαμεν,</span> <span class='ocrx_word' id='word_1_70' title='bbox 955 1218 1029 1291; x_wconf 86' lang='grc' dir='ltr'>μή</span> <span class='ocrx_word' id='word_1_71' title='bbox 1058 1235 1175 1281; x_wconf 81' lang='grc' dir='ltr'><strong>πως</strong></span> <span class='ocrx_word' id='word_1_72' title='bbox 1208 1216 1594 1289; x_wconf 79' lang='grc' dir='ltr'>ἐπειράσθητε,</span> <span class='ocrx_word' id='word_1_73' title='bbox 1628 1215 1721 1270; x_wconf 73' lang='grc' dir='ltr'>καὶ</span> <span class='ocrx_word' id='word_1_74' title='bbox 1739 1212 1940 1284; x_wconf 77' lang='grc' dir='ltr'><strong>ὴλγοῦ-</strong></span> 
     </span>
    </p>
   </div>
   <div class='ocr_carea' id='block_1_11' title="bbox 359 1306 1937 1381">
    <p class='ocr_par' dir='ltr' id='par_1_11' title="bbox 359 1306 1937 1381">
     <span class='ocr_line' id='line_1_11' title="bbox 359 1306 1937 1381; baseline -0.003 -17"><span class='ocrx_word' id='word_1_75' title='bbox 359 1327 461 1381; x_wconf 86' lang='grc' dir='ltr'><strong>μεν</strong></span> <span class='ocrx_word' id='word_1_76' title='bbox 486 1328 503 1342; x_wconf 86' lang='grc'><strong>·</strong></span> <span class='ocrx_word' id='word_1_77' title='bbox 533 1310 660 1365; x_wconf 66' lang='grc' dir='ltr'>ἐπεὶ</span> <span class='ocrx_word' id='word_1_78' title='bbox 685 1310 743 1364; x_wconf 81' lang='grc' dir='ltr'>δὲ</span> <span class='ocrx_word' id='word_1_79' title='bbox 770 1310 1034 1380; x_wconf 81' lang='grc' dir='ltr'>Τιμόθεος</span> <span class='ocrx_word' id='word_1_80' title='bbox 1060 1308 1402 1379; x_wconf 80' lang='grc' dir='ltr'>ἀπήγγειλεν</span> <span class='ocrx_word' id='word_1_81' title='bbox 1427 1306 1463 1362; x_wconf 81' lang='grc' dir='ltr'>ἃ</span> <span class='ocrx_word' id='word_1_82' title='bbox 1490 1307 1847 1380; x_wconf 78' lang='grc' dir='ltr'>ἀπήγγειλεν,</span> <span class='ocrx_word' id='word_1_83' title='bbox 1877 1306 1937 1359; x_wconf 86' lang='grc' dir='ltr'><strong>ού</strong></span> 
     </span>
    </p>
   </div>
   <div class='ocr_carea' id='block_1_12' title="bbox 361 1398 1940 1471">
    <p class='ocr_par' dir='ltr' id='par_1_12' title="bbox 361 1398 1940 1471">
     <span class='ocr_line' id='line_1_12' title="bbox 361 1398 1940 1471; baseline -0.003 -16"><span class='ocrx_word' id='word_1_84' title='bbox 361 1403 523 1471; x_wconf 81' lang='grc' dir='ltr'>μόνον</span> <span class='ocrx_word' id='word_1_85' title='bbox 577 1400 674 1456; x_wconf 78' lang='grc' dir='ltr'>τοῦ</span> <span class='ocrx_word' id='word_1_86' title='bbox 728 1401 915 1468; x_wconf 77' lang='grc' dir='ltr'><strong>ἀλγεῖν</strong></span> <span class='ocrx_word' id='word_1_87' title='bbox 972 1400 1378 1470; x_wconf 75' lang='grc' dir='ltr'>ἐπαυσάμεθα,</span> <span class='ocrx_word' id='word_1_88' title='bbox 1427 1398 1564 1454; x_wconf 79' lang='grc' dir='ltr'>ἀλλὰ</span> <span class='ocrx_word' id='word_1_89' title='bbox 1615 1399 1709 1452; x_wconf 76' lang='grc' dir='ltr'>καὶ</span> <span class='ocrx_word' id='word_1_90' title='bbox 1765 1401 1940 1469; x_wconf 79' lang='grc' dir='ltr'>χαρᾶς</span> 
     </span>
    </p>
   </div>
   <div class='ocr_carea' id='block_1_13' title="bbox 323 1473 1941 1576">
    <p class='ocr_par' dir='ltr' id='par_1_13' title="bbox 323 1473 1941 1576">
     <span class='ocr_line' id='line_1_13' title="bbox 323 1473 1941 1576; baseline 0.006 0"><span class='ocrx_word' id='word_1_91' title='bbox 323 1473 734 1576; x_wconf 61' lang='grc' dir='ltr'>ῗιπλήσθημεν.</span> <span class='ocrx_word' id='word_1_92' title='bbox 770 1513 789 1545; x_wconf 75' lang='grc' dir='ltr'><strong>ι</strong></span> <span class='ocrx_word' id='word_1_93' title='bbox 815 1493 938 1547; x_wconf 72' lang='grc' dir='ltr'>Ἐπὶ</span> <span class='ocrx_word' id='word_1_94' title='bbox 964 1493 1116 1566; x_wconf 73' lang='grc' dir='ltr'>πάσῃ</span> <span class='ocrx_word' id='word_1_95' title='bbox 1135 1494 1201 1564; x_wconf 78' lang='grc' dir='ltr'>τῇ</span> <span class='ocrx_word' id='word_1_96' title='bbox 1240 1491 1469 1563; x_wconf 68' lang='grc' dir='ltr'>θλίψειοι</span> <span class='ocrx_word' id='word_1_97' title='bbox 1512 1487 1602 1563; x_wconf 78' lang='grc' dir='ltr'><strong>(Ὦ</strong></span> <span class='ocrx_word' id='word_1_98' title='bbox 1630 1490 1778 1563; x_wconf 66' lang='grc' dir='ltr'><strong>Ψυχὴ</strong></span> <span class='ocrx_word' id='word_1_99' title='bbox 1812 1491 1941 1560; x_wconf 46' lang='lat' dir='ltr'><strong>ait“</strong></span> 
     </span>
    </p>
   </div>
   <div class='ocr_carea' id='block_1_14' title="bbox 356 1582 1941 1657">
    <p class='ocr_par' dir='ltr' id='par_1_14' title="bbox 356 1582 1941 1657">
     <span class='ocr_line' id='line_1_14' title="bbox 356 1582 1941 1657; baseline -0.003 -18"><span class='ocrx_word' id='word_1_100' title='bbox 356 1586 452 1639; x_wconf 70' lang='grc' dir='ltr'><strong>καὶ</strong></span> <span class='ocrx_word' id='word_1_101' title='bbox 478 1584 732 1657; x_wconf 83' lang='grc' dir='ltr'>θεοφιλής</span> <span class='ocrx_word' id='word_1_102' title='bbox 751 1586 818 1655; x_wconf 81' lang='lat' dir='ltr'><strong>!)t</strong></span> <span class='ocrx_word' id='word_1_103' title='bbox 846 1585 941 1638; x_wconf 72' lang='grc' dir='ltr'><strong>ἐπὶ</strong></span> <span class='ocrx_word' id='word_1_104' title='bbox 958 1583 1128 1657; x_wconf 80' lang='grc' dir='ltr'>πάσῃ,</span> <span class='ocrx_word' id='word_1_105' title='bbox 1147 1584 1302 1653; x_wconf 69' lang='grc' dir='ltr'>φησι,</span> <span class='ocrx_word' id='word_1_106' title='bbox 1322 1586 1387 1657; x_wconf 80' lang='grc' dir='ltr'>τῇ</span> <span class='ocrx_word' id='word_1_107' title='bbox 1415 1583 1588 1653; x_wconf 79' lang='grc' dir='ltr'>θλίψει</span> <span class='ocrx_word' id='word_1_108' title='bbox 1616 1583 1710 1637; x_wconf 72' lang='grc' dir='ltr'><strong>καὶ</strong></span> <span class='ocrx_word' id='word_1_109' title='bbox 1727 1582 1941 1654; x_wconf 78' lang='grc' dir='ltr'>ἀνάγκη</span> 
     </span>
    </p>
   </div>
   <div class='ocr_carea' id='block_1_15' title="bbox 356 1673 1943 1748">
    <p class='ocr_par' dir='ltr' id='par_1_15' title="bbox 356 1673 1943 1748">
     <span class='ocr_line' id='line_1_15' title="bbox 356 1673 1943 1748; baseline -0.002 -19"><span class='ocrx_word' id='word_1_110' title='bbox 356 1677 537 1747; x_wconf 66' lang='grc' dir='ltr'>ἡμῶν.</span> <span class='ocrx_word' id='word_1_111' title='bbox 577 1695 597 1729; x_wconf 72' lang='grc' dir='ltr'><strong>ι</strong></span> <span class='ocrx_word' id='word_1_112' title='bbox 625 1679 711 1745; x_wconf 69' lang='grc' dir='ltr'><strong>ἐφ’</strong></span> <span class='ocrx_word' id='word_1_113' title='bbox 731 1677 963 1747; x_wconf 77' lang='grc' dir='ltr'>ύμῖνκαὶ</span> <span class='ocrx_word' id='word_1_114' title='bbox 991 1675 1083 1731; x_wconf 71' lang='grc' dir='ltr'>ἐπὶ</span> <span class='ocrx_word' id='word_1_115' title='bbox 1105 1677 1169 1748; x_wconf 80' lang='grc' dir='ltr'>τῇ</span> <span class='ocrx_word' id='word_1_116' title='bbox 1194 1675 1436 1747; x_wconf 77' lang='grc' dir='ltr'>ὑμετέρᾳ</span> <span class='ocrx_word' id='word_1_117' title='bbox 1459 1675 1635 1728; x_wconf 81' lang='grc' dir='ltr'>πίστει</span> <span class='ocrx_word' id='word_1_118' title='bbox 1664 1673 1943 1745; x_wconf 86' lang='grc' dir='ltr'>παρεκλή-</span> 
     </span>
    </p>
   </div>
   <div class='ocr_carea' id='block_1_16' title="bbox 355 1763 1943 1839">
    <p class='ocr_par' dir='ltr' id='par_1_16' title="bbox 355 1763 1943 1839">
     <span class='ocr_line' id='line_1_16' title="bbox 355 1763 1943 1839; baseline -0.001 -20"><span class='ocrx_word' id='word_1_119' title='bbox 355 1767 529 1839; x_wconf 76' lang='grc' dir='ltr'>θημεν</span> <span class='ocrx_word' id='word_1_120' title='bbox 553 1770 651 1821; x_wconf 68' lang='grc' dir='ltr'><strong>καὶ</strong></span> <span class='ocrx_word' id='word_1_121' title='bbox 679 1768 1168 1839; x_wconf 70' lang='grc' dir='ltr'>παρεμυοῄθημεν,</span> <span class='ocrx_word' id='word_1_122' title='bbox 1194 1766 1326 1820; x_wconf 75' lang='grc' dir='ltr'>ὡσεὶ</span> <span class='ocrx_word' id='word_1_123' title='bbox 1357 1763 1510 1819; x_wconf 76' lang='grc' dir='ltr'>εἶπεν</span> <span class='ocrx_word' id='word_1_124' title='bbox 1534 1783 1549 1798; x_wconf 75' lang='grc' dir='ltr'><strong>ο</strong></span> <span class='ocrx_word' id='word_1_125' title='bbox 1584 1766 1720 1820; x_wconf 70' lang='grc' dir='ltr'>Οὐδὲ</span> <span class='ocrx_word' id='word_1_126' title='bbox 1751 1765 1943 1835; x_wconf 70' lang='grc' dir='ltr'>αἴσθη-</span> 
     </span>
    </p>
   </div>
   <div class='ocr_carea' id='block_1_17' title="bbox 358 1856 1933 1932">
    <p class='ocr_par' dir='ltr' id='par_1_17' title="bbox 358 1856 1933 1932">
     <span class='ocr_line' id='line_1_17' title="bbox 358 1856 1933 1932; baseline -0.002 -19"><span class='ocrx_word' id='word_1_127' title='bbox 358 1877 444 1924; x_wconf 87' lang='grc' dir='ltr'><strong>σις</strong></span> <span class='ocrx_word' id='word_1_128' title='bbox 466 1861 601 1931; x_wconf 78' lang='grc' dir='ltr'>ἡμῖν</span> <span class='ocrx_word' id='word_1_129' title='bbox 622 1861 723 1931; x_wconf 80' lang='grc' dir='ltr'>τῆς</span> <span class='ocrx_word' id='word_1_130' title='bbox 750 1860 929 1929; x_wconf 84' lang='grc' dir='ltr'>λύπης</span> <span class='ocrx_word' id='word_1_131' title='bbox 957 1860 1247 1932; x_wconf 82' lang='grc' dir='ltr'>γεγένηται</span> <span class='ocrx_word' id='word_1_132' title='bbox 1269 1857 1356 1913; x_wconf 84' lang='grc' dir='ltr'>διὰ</span> <span class='ocrx_word' id='word_1_133' title='bbox 1377 1858 1475 1931; x_wconf 73' lang='grc' dir='ltr'><strong>τὴν</strong></span> <span class='ocrx_word' id='word_1_134' title='bbox 1493 1857 1578 1927; x_wconf 75' lang='grc' dir='ltr'><strong>ἐφ’</strong></span> <span class='ocrx_word' id='word_1_135' title='bbox 1596 1858 1722 1927; x_wconf 82' lang='grc' dir='ltr'>ύμῖν</span> <span class='ocrx_word' id='word_1_136' title='bbox 1742 1856 1933 1927; x_wconf 81' lang='grc' dir='ltr'>χαράν.</span> 
     </span>
    </p>
   </div>
   <div class='ocr_carea' id='block_1_18' title="bbox 2038 664 3626 738">
    <p class='ocr_par' dir='ltr' id='par_1_18' title="bbox 2038 664 3626 738">
     <span class='ocr_line' id='line_1_18' title="bbox 2038 664 3626 738; baseline 0.001 -16"><span class='ocrx_word' id='word_1_137' title='bbox 2038 665 2360 735; x_wconf 86' lang='lat' dir='ltr'><strong>simpliciter</strong></span> <span class='ocrx_word' id='word_1_138' title='bbox 2394 664 2531 720; x_wconf 77' lang='lat' dir='ltr'><strong>dixit</strong></span> <span class='ocrx_word' id='word_1_139' title='bbox 2566 665 3026 734; x_wconf 83' lang='grc' dir='ltr'>ἀπαγγείλαντος,</span> <span class='ocrx_word' id='word_1_140' title='bbox 3058 666 3109 721; x_wconf 89' lang='lat' dir='ltr'><strong>id</strong></span> <span class='ocrx_word' id='word_1_141' title='bbox 3143 676 3248 731; x_wconf 85' lang='lat' dir='ltr'><strong>est,</strong></span> <span class='ocrx_word' id='word_1_142' title='bbox 3274 668 3368 738; x_wconf 85' lang='lat' dir='ltr'><strong>qui</strong></span> <span class='ocrx_word' id='word_1_143' title='bbox 3409 682 3626 723; x_wconf 85' lang='lat' dir='ltr'><strong>annun—</strong></span> 
     </span>
    </p>
   </div>
   <div class='ocr_carea' id='block_1_19' title="bbox 2038 755 3623 829">
    <p class='ocr_par' dir='ltr' id='par_1_19' title="bbox 2038 755 3623 829">
     <span class='ocr_line' id='line_1_19' title="bbox 2038 755 3623 829; baseline 0.001 -18"><span class='ocrx_word' id='word_1_144' title='bbox 2038 758 2275 812; x_wconf 75' lang='lat' dir='ltr'><strong>tiassct:</strong></span> <span class='ocrx_word' id='word_1_145' title='bbox 2315 757 2410 811; x_wconf 87' lang='lat' dir='ltr'><strong>sed</strong></span> <span class='ocrx_word' id='word_1_146' title='bbox 2456 755 2976 828; x_wconf 74' lang='grc' dir='ltr'>εὐαγγελισαμένου,</span> <span class='ocrx_word' id='word_1_147' title='bbox 3033 757 3137 814; x_wconf 88' lang='lat' dir='ltr'><strong>hoc</strong></span> <span class='ocrx_word' id='word_1_148' title='bbox 3173 766 3279 824; x_wconf 79' lang='lat' dir='ltr'><strong>est,</strong></span> <span class='ocrx_word' id='word_1_149' title='bbox 3309 758 3401 829; x_wconf 87' lang='lat' dir='ltr'><strong>qui</strong></span> <span class='ocrx_word' id='word_1_150' title='bbox 3446 756 3623 815; x_wconf 74' lang='lat' dir='ltr'><strong>fausta</strong></span> 
     </span>
    </p>
   </div>
   <div class='ocr_carea' id='block_1_20' title="bbox 2037 853 3624 925">
    <p class='ocr_par' dir='ltr' id='par_1_20' title="bbox 2037 853 3624 925">
     <span class='ocr_line' id='line_1_20' title="bbox 2037 853 3624 925; baseline 0.003 -19"><span class='ocrx_word' id='word_1_151' title='bbox 2037 863 2092 907; x_wconf 89' lang='lat' dir='ltr'><strong>ct</strong></span> <span class='ocrx_word' id='word_1_152' title='bbox 2144 869 2402 925; x_wconf 86' lang='lat' dir='ltr'><strong>prospera</strong></span> <span class='ocrx_word' id='word_1_153' title='bbox 2453 857 2863 911; x_wconf 86' lang='lat' dir='ltr'><strong>annuntiasset.</strong></span> <span class='ocrx_word' id='word_1_154' title='bbox 2937 873 2956 907; x_wconf 72' lang='grc' dir='ltr'>ί</span> <span class='ocrx_word' id='word_1_155' title='bbox 3017 853 3288 925; x_wconf 82' lang='lat' dir='ltr'><strong>Quodque</strong></span> <span class='ocrx_word' id='word_1_156' title='bbox 3377 855 3624 911; x_wconf 77' lang='lat' dir='ltr'><strong>habeatis</strong></span> 
     </span>
    </p>
   </div>
   <div class='ocr_carea' id='block_1_21' title="bbox 2040 948 3625 1014">
    <p class='ocr_par' dir='ltr' id='par_1_21' title="bbox 2040 948 3625 1014">
     <span class='ocr_line' id='line_1_21' title="bbox 2040 948 3625 1014; baseline 0.004 -16"><span class='ocrx_word' id='word_1_157' title='bbox 2040 949 2358 1001; x_wconf 83' lang='lat' dir='ltr'><strong>memoriam</strong></span> <span class='ocrx_word' id='word_1_158' title='bbox 2392 950 2591 1005; x_wconf 91' lang='lat' dir='ltr'><strong>nostri.</strong></span> <span class='ocrx_word' id='word_1_159' title='bbox 2628 967 2644 1000; x_wconf 74' lang='grc' dir='ltr'><strong>ι</strong></span> <span class='ocrx_word' id='word_1_160' title='bbox 2676 948 2810 1005; x_wconf 80' lang='lat' dir='ltr'><strong>Nam</strong></span> <span class='ocrx_word' id='word_1_161' title='bbox 2846 963 2972 1005; x_wconf 90' lang='lat' dir='ltr'><strong>cum</strong></span> <span class='ocrx_word' id='word_1_162' title='bbox 3013 948 3173 1007; x_wconf 94' lang='lat' dir='ltr'><strong>ﬁrma</strong></span> <span class='ocrx_word' id='word_1_163' title='bbox 3207 950 3279 1006; x_wconf 91' lang='lat' dir='ltr'><strong>sit</strong></span> <span class='ocrx_word' id='word_1_164' title='bbox 3310 949 3464 1014; x_wconf 80' lang='lat' dir='ltr'><strong>ﬁdr-s,</strong></span> <span class='ocrx_word' id='word_1_165' title='bbox 3526 964 3625 1005; x_wconf 87' lang='lat' dir='ltr'><strong>ne-</strong></span> 
     </span>
    </p>
   </div>
   <div class='ocr_carea' id='block_1_22' title="bbox 2039 1039 3619 1109">
    <p class='ocr_par' dir='ltr' id='par_1_22' title="bbox 2039 1039 3619 1109">
     <span class='ocr_line' id='line_1_22' title="bbox 2039 1039 3619 1109; baseline 0.003 -21"><span class='ocrx_word' id='word_1_166' title='bbox 2039 1051 2196 1094; x_wconf 80' lang='lat' dir='ltr'><strong>cesse</strong></span> <span class='ocrx_word' id='word_1_167' title='bbox 2250 1047 2330 1093; x_wconf 90' lang='lat' dir='ltr'><strong>est</strong></span> <span class='ocrx_word' id='word_1_168' title='bbox 2400 1049 2456 1095; x_wconf 85' lang='lat' dir='ltr'><strong>et</strong></span> <span class='ocrx_word' id='word_1_169' title='bbox 2504 1040 2826 1095; x_wconf 84' lang='lat' dir='ltr'><strong>memoriam</strong></span> <span class='ocrx_word' id='word_1_170' title='bbox 2872 1054 3004 1109; x_wconf 76' lang='lat' dir='ltr'><strong>erga</strong></span> <span class='ocrx_word' id='word_1_171' title='bbox 3071 1054 3174 1098; x_wconf 88' lang='lat' dir='ltr'><strong>nos</strong></span> <span class='ocrx_word' id='word_1_172' title='bbox 3212 1055 3337 1097; x_wconf 88' lang='lat' dir='ltr'><strong>esse</strong></span> <span class='ocrx_word' id='word_1_173' title='bbox 3382 1039 3619 1096; x_wconf 80' lang='lat' dir='ltr'><strong>ﬁrmam.</strong></span> 
     </span>
    </p>
   </div>
   <div class='ocr_carea' id='block_1_23' title="bbox 2039 1124 3604 1201">
    <p class='ocr_par' dir='ltr' id='par_1_23' title="bbox 2039 1124 3604 1201">
     <span class='ocr_line' id='line_1_23' title="bbox 2039 1124 3604 1201; baseline 0.001 -22"><span class='ocrx_word' id='word_1_174' title='bbox 2039 1124 2508 1192; x_wconf 85' lang='lat' dir='ltr'><strong>Quemadmodum</strong></span> <span class='ocrx_word' id='word_1_175' title='bbox 2556 1144 2658 1184; x_wconf 92' lang='lat' dir='ltr'><strong>nos</strong></span> <span class='ocrx_word' id='word_1_176' title='bbox 2688 1144 2906 1201; x_wconf 85' lang='lat' dir='ltr'><strong>quoque</strong></span> <span class='ocrx_word' id='word_1_177' title='bbox 2944 1143 3063 1185; x_wconf 78' lang='lat' dir='ltr'><strong>vos.</strong></span> <span class='ocrx_word' id='word_1_178' title='bbox 3107 1148 3127 1184; x_wconf 74' lang='grc' dir='ltr'><strong>ι</strong></span> <span class='ocrx_word' id='word_1_179' title='bbox 3161 1128 3296 1184; x_wconf 76' lang='lat' dir='ltr'><strong>Cum</strong></span> <span class='ocrx_word' id='word_1_180' title='bbox 3348 1125 3604 1185; x_wconf 89' lang='lat' dir='ltr'><strong>cncomio</strong></span> 
     </span>
    </p>
   </div>
   <div class='ocr_carea' id='block_1_24' title="bbox 2040 1217 3614 1292">
    <p class='ocr_par' dir='ltr' id='par_1_24' title="bbox 2040 1217 3614 1292">
     <span class='ocr_line' id='line_1_24' title="bbox 2040 1217 3614 1292; baseline -0.001 -19"><span class='ocrx_word' id='word_1_181' title='bbox 2040 1217 2157 1275; x_wconf 88' lang='lat' dir='ltr'><strong>haec</strong></span> <span class='ocrx_word' id='word_1_182' title='bbox 2187 1218 2465 1276; x_wconf 89' lang='lat' dir='ltr'><strong>dicuntur.</strong></span> <span class='ocrx_word' id='word_1_183' title='bbox 2494 1220 2595 1287; x_wconf 81' lang='lat' dir='ltr'><strong>Ita,</strong></span> <span class='ocrx_word' id='word_1_184' title='bbox 2647 1218 2848 1292; x_wconf 88' lang='lat' dir='ltr'><strong>inquit,</strong></span> <span class='ocrx_word' id='word_1_185' title='bbox 2896 1221 3093 1276; x_wconf 88' lang='lat' dir='ltr'><strong>amatis</strong></span> <span class='ocrx_word' id='word_1_186' title='bbox 3151 1218 3614 1291; x_wconf 81' lang='lat' dir='ltr'><strong>quemadmodum</strong></span> 
     </span>
    </p>
   </div>
   <div class='ocr_carea' id='block_1_25' title="bbox 2038 1309 3612 1381">
    <p class='ocr_par' dir='ltr' id='par_1_25' title="bbox 2038 1309 3612 1381">
     <span class='ocr_line' id='line_1_25' title="bbox 2038 1309 3612 1381; baseline 0.004 -21"><span class='ocrx_word' id='word_1_187' title='bbox 2038 1309 2199 1361; x_wconf 85' lang='lat' dir='ltr'><strong>etiam</strong></span> <span class='ocrx_word' id='word_1_188' title='bbox 2220 1309 2496 1366; x_wconf 88' lang='lat' dir='ltr'><strong>amamini.</strong></span> <span class='ocrx_word' id='word_1_189' title='bbox 2511 1327 2530 1361; x_wconf 82' lang='lat' dir='ltr'><strong>r</strong></span> <span class='ocrx_word' id='word_1_190' title='bbox 2552 1310 2762 1365; x_wconf 87' lang='lat' dir='ltr'><strong>Idcirco</strong></span> <span class='ocrx_word' id='word_1_191' title='bbox 2780 1310 3211 1366; x_wconf 74' lang='lat' dir='ltr'><strong>consolationem</strong></span> <span class='ocrx_word' id='word_1_192' title='bbox 3239 1310 3612 1381; x_wconf 66' lang='lat' dir='ltr'><strong>accepimus.)</strong></span> 
     </span>
    </p>
   </div>
   <div class='ocr_carea' id='block_1_26' title="bbox 2040 1400 3619 1473">
    <p class='ocr_par' dir='ltr' id='par_1_26' title="bbox 2040 1400 3619 1473">
     <span class='ocr_line' id='line_1_26' title="bbox 2040 1400 3619 1473; baseline 0.003 -19"><span class='ocrx_word' id='word_1_193' title='bbox 2040 1400 2248 1471; x_wconf 84' lang='lat' dir='ltr'><strong>itaque,</strong></span> <span class='ocrx_word' id='word_1_194' title='bbox 2281 1401 2486 1473; x_wconf 81' lang='lat' dir='ltr'><strong>inquit,</strong></span> <span class='ocrx_word' id='word_1_195' title='bbox 2521 1403 2874 1470; x_wconf 77' lang='lat' dir='ltr'><strong>timebamus,</strong></span> <span class='ocrx_word' id='word_1_196' title='bbox 2914 1419 2983 1460; x_wconf 89' lang='lat' dir='ltr'><strong>ne</strong></span> <span class='ocrx_word' id='word_1_197' title='bbox 3042 1403 3404 1459; x_wconf 83' lang='lat' dir='ltr'><strong>tentationem</strong></span> <span class='ocrx_word' id='word_1_198' title='bbox 3465 1400 3619 1473; x_wconf 80' lang='lat' dir='ltr'><strong>passi</strong></span> 
     </span>
    </p>
   </div>
   <div class='ocr_carea' id='block_1_27' title="bbox 2041 1493 3619 1567">
    <p class='ocr_par' dir='ltr' id='par_1_27' title="bbox 2041 1493 3619 1567">
     <span class='ocr_line' id='line_1_27' title="bbox 2041 1493 3619 1567; baseline -0.001 -19"><span class='ocrx_word' id='word_1_199' title='bbox 2041 1495 2261 1558; x_wconf 85' lang='lat' dir='ltr'><strong>essetis.</strong></span> <span class='ocrx_word' id='word_1_200' title='bbox 2310 1502 2364 1549; x_wconf 89' lang='lat' dir='ltr'><strong>et</strong></span> <span class='ocrx_word' id='word_1_201' title='bbox 2394 1494 2757 1551; x_wconf 76' lang='lat' dir='ltr'><strong>dolebamus:</strong></span> <span class='ocrx_word' id='word_1_202' title='bbox 2792 1504 3083 1567; x_wconf 85' lang='lat' dir='ltr'><strong>postquam</strong></span> <span class='ocrx_word' id='word_1_203' title='bbox 3115 1504 3295 1551; x_wconf 88' lang='lat' dir='ltr'><strong>autem</strong></span> <span class='ocrx_word' id='word_1_204' title='bbox 3336 1493 3619 1550; x_wconf 85' lang='lat' dir='ltr'><strong>renuntia-</strong></span> 
     </span>
    </p>
   </div>
   <div class='ocr_carea' id='block_1_28' title="bbox 2041 1582 3619 1656">
    <p class='ocr_par' dir='ltr' id='par_1_28' title="bbox 2041 1582 3619 1656">
     <span class='ocr_line' id='line_1_28' title="bbox 2041 1582 3619 1656; baseline 0.003 -20"><span class='ocrx_word' id='word_1_205' title='bbox 2041 1584 2120 1637; x_wconf 88' lang='lat' dir='ltr'><strong>vit</strong></span> <span class='ocrx_word' id='word_1_206' title='bbox 2158 1582 2481 1642; x_wconf 86' lang='lat' dir='ltr'><strong>Timotheus</strong></span> <span class='ocrx_word' id='word_1_207' title='bbox 2536 1601 2663 1656; x_wconf 87' lang='lat' dir='ltr'><strong>quae</strong></span> <span class='ocrx_word' id='word_1_208' title='bbox 2707 1586 3067 1651; x_wconf 83' lang='lat' dir='ltr'><strong>renuntiavit,</strong></span> <span class='ocrx_word' id='word_1_209' title='bbox 3094 1602 3203 1643; x_wconf 91' lang='lat' dir='ltr'><strong>non</strong></span> <span class='ocrx_word' id='word_1_210' title='bbox 3246 1585 3425 1641; x_wconf 91' lang='lat' dir='ltr'><strong>solum</strong></span> <span class='ocrx_word' id='word_1_211' title='bbox 3456 1600 3488 1639; x_wconf 88' lang='lat' dir='ltr'><strong>a</strong></span> <span class='ocrx_word' id='word_1_212' title='bbox 3516 1582 3619 1642; x_wconf 85' lang='lat' dir='ltr'><strong>do-</strong></span> 
     </span>
    </p>
   </div>
   <div class='ocr_carea' id='block_1_29' title="bbox 2042 1671 3620 1747">
    <p class='ocr_par' dir='ltr' id='par_1_29' title="bbox 2042 1671 3620 1747">
     <span class='ocr_line' id='line_1_29' title="bbox 2042 1671 3620 1747; baseline 0.003 -21"><span class='ocrx_word' id='word_1_213' title='bbox 2042 1671 2158 1729; x_wconf 89' lang='lat' dir='ltr'><strong>lore</strong></span> <span class='ocrx_word' id='word_1_214' title='bbox 2190 1674 2520 1744; x_wconf 76' lang='lat' dir='ltr'><strong>quievimus,</strong></span> <span class='ocrx_word' id='word_1_215' title='bbox 2552 1674 2909 1731; x_wconf 86' lang='lat' dir='ltr'><strong>verumetiam</strong></span> <span class='ocrx_word' id='word_1_216' title='bbox 2937 1676 3138 1747; x_wconf 82' lang='lat' dir='ltr'><strong>gaudio</strong></span> <span class='ocrx_word' id='word_1_217' title='bbox 3169 1674 3377 1746; x_wconf 76' lang='lat' dir='ltr'><strong>impleti</strong></span> <span class='ocrx_word' id='word_1_218' title='bbox 3408 1690 3620 1735; x_wconf 87' lang='lat' dir='ltr'><strong>sumus.</strong></span> 
     </span>
    </p>
   </div>
   <div class='ocr_carea' id='block_1_30' title="bbox 2049 1764 3623 1838">
    <p class='ocr_par' dir='ltr' id='par_1_30' title="bbox 2049 1764 3623 1838">
     <span class='ocr_line' id='line_1_30' title="bbox 2049 1764 3623 1838; baseline 0.004 -22"><span class='ocrx_word' id='word_1_219' title='bbox 2049 1782 2067 1816; x_wconf 78' lang='grc' dir='ltr'><strong>ι</strong></span> <span class='ocrx_word' id='word_1_220' title='bbox 2095 1764 2271 1833; x_wconf 87' lang='lat' dir='ltr'><strong>Super</strong></span> <span class='ocrx_word' id='word_1_221' title='bbox 2300 1767 2451 1822; x_wconf 91' lang='lat' dir='ltr'><strong>omni</strong></span> <span class='ocrx_word' id='word_1_222' title='bbox 2485 1765 2832 1831; x_wconf 64' lang='lat' dir='ltr'><strong>afﬂictione.»</strong></span> <span class='ocrx_word' id='word_1_223' title='bbox 2875 1767 2941 1835; x_wconf 89' lang='grc' dir='ltr'><strong>(Ο</strong></span> <span class='ocrx_word' id='word_1_224' title='bbox 2976 1775 3169 1825; x_wconf 82' lang='lat' dir='ltr'><strong>sancta</strong></span> <span class='ocrx_word' id='word_1_225' title='bbox 3219 1769 3435 1838; x_wconf 87' lang='lat' dir='ltr'><strong>erque</strong></span> <span class='ocrx_word' id='word_1_226' title='bbox 3484 1766 3623 1823; x_wconf 89' lang='lat' dir='ltr'><strong>dile-</strong></span> 
     </span>
    </p>
   </div>
   <div class='ocr_carea' id='block_1_31' title="bbox 2045 1859 3625 1932">
    <p class='ocr_par' dir='ltr' id='par_1_31' title="bbox 2045 1859 3625 1932">
     <span class='ocr_line' id='line_1_31' title="bbox 2045 1859 3625 1932; baseline 0.001 -20"><span class='ocrx_word' id='word_1_227' title='bbox 2045 1866 2130 1912; x_wconf 84' lang='lat' dir='ltr'><strong>cta</strong></span> <span class='ocrx_word' id='word_1_228' title='bbox 2168 1859 2407 1929; x_wconf 81' lang='lat' dir='ltr'><strong>animal)</strong></span> <span class='ocrx_word' id='word_1_229' title='bbox 2446 1860 2501 1914; x_wconf 92' lang='lat' dir='ltr'><strong>in</strong></span> <span class='ocrx_word' id='word_1_230' title='bbox 2558 1859 2729 1925; x_wconf 88' lang='lat' dir='ltr'><strong>omni,</strong></span> <span class='ocrx_word' id='word_1_231' title='bbox 2763 1859 2961 1932; x_wconf 87' lang='lat' dir='ltr'><strong>inquit,</strong></span> <span class='ocrx_word' id='word_1_232' title='bbox 2986 1859 3277 1921; x_wconf 79' lang='lat' dir='ltr'><strong>amictione</strong></span> <span class='ocrx_word' id='word_1_233' title='bbox 3306 1869 3360 1917; x_wconf 89' lang='lat' dir='ltr'><strong>et</strong></span> <span class='ocrx_word' id='word_1_234' title='bbox 3384 1860 3625 1917; x_wconf 82' lang='lat' dir='ltr'><strong>necessi-</strong></span> 
     </span>
    </p>
   </div>
   <div class='ocr_carea' id='block_1_32' title="bbox 361 1925 1942 2025">
    <p class='ocr_par' dir='ltr' id='par_1_32' title="bbox 361 1925 1938 2020">
     <span class='ocr_line' id='line_1_32' title="bbox 361 1925 1938 2020; baseline -0.001 -18"><span class='ocrx_word' id='word_1_235' title='bbox 361 1968 381 2001; x_wconf 74' lang='grc' dir='ltr'>α</span> <span class='ocrx_word' id='word_1_236' title='bbox 410 1925 517 2002; x_wconf 35' lang='grc' dir='ltr'>Δια.</span> <span class='ocrx_word' id='word_1_237' title='bbox 568 1925 856 2020; x_wconf 58' lang='grc' dir='ltr'>τῆςῦμῶν</span> <span class='ocrx_word' id='word_1_238' title='bbox 886 1925 1175 2013; x_wconf 53' lang='grc' dir='ltr'>πίστεως.</span> <span class='ocrx_word' id='word_1_239' title='bbox 1219 1968 1238 2001; x_wconf 74' lang='grc' dir='ltr'><strong>ι</strong></span> <span class='ocrx_word' id='word_1_240' title='bbox 1292 1925 1444 2020; x_wconf 70' lang='grc' dir='ltr'>Αὕτη</span> <span class='ocrx_word' id='word_1_241' title='bbox 1488 1925 1594 2020; x_wconf 69' lang='grc' dir='ltr'>γὰρ</span> <span class='ocrx_word' id='word_1_242' title='bbox 1634 1925 1938 2014; x_wconf 35' lang='grc' dir='ltr'>-ἀσόιλευτος</span> 
     </span>
    </p>
   </div>
   <div class='ocr_carea' id='block_1_33' title="bbox 2044 1925 3626 2025">
    <p class='ocr_par' dir='ltr' id='par_1_33' title="bbox 2044 1925 3626 2025">
     <span class='ocr_line' id='line_1_33' title="bbox 2044 1925 3626 2025; baseline -0.001 -20"><span class='ocrx_word' id='word_1_243' title='bbox 2044 1960 2151 2007; x_wconf 89' lang='lat' dir='ltr'><strong>tate</strong></span> <span class='ocrx_word' id='word_1_244' title='bbox 2184 1925 2404 2019; x_wconf 69' lang='lat' dir='ltr'><strong>nostra;</strong></span> <span class='ocrx_word' id='word_1_245' title='bbox 2430 1951 2497 2009; x_wconf 90' lang='lat' dir='ltr'><strong>de</strong></span> <span class='ocrx_word' id='word_1_246' title='bbox 2524 1952 2700 2021; x_wconf 82' lang='lat' dir='ltr'><strong>vobis,</strong></span> <span class='ocrx_word' id='word_1_247' title='bbox 2735 1925 3030 2025; x_wconf 74' lang='lat' dir='ltr'><strong>vestraque</strong></span> <span class='ocrx_word' id='word_1_248' title='bbox 3060 1952 3161 2008; x_wconf 88' lang='lat' dir='ltr'><strong>ﬁde</strong></span> <span class='ocrx_word' id='word_1_249' title='bbox 3194 1954 3626 2009; x_wconf 73' lang='lat' dir='ltr'><strong>consolationem</strong></span> 
     </span>
    </p>
   </div>
   <div class='ocr_carea' id='block_1_34' title="bbox 357 2038 1938 2113">
    <p class='ocr_par' dir='ltr' id='par_1_34' title="bbox 357 2038 1938 2113">
     <span class='ocr_line' id='line_1_34' title="bbox 357 2038 1938 2113; baseline 0.001 -19"><span class='ocrx_word' id='word_1_250' title='bbox 357 2042 618 2112; x_wconf 80' lang='grc' dir='ltr'>μείνασα,</span> <span class='ocrx_word' id='word_1_251' title='bbox 643 2041 740 2112; x_wconf 78' lang='grc' dir='ltr'>τὴν</span> <span class='ocrx_word' id='word_1_252' title='bbox 776 2040 1123 2113; x_wconf 77' lang='grc' dir='ltr'>παράκλησιν</span> <span class='ocrx_word' id='word_1_253' title='bbox 1146 2042 1278 2111; x_wconf 81' lang='grc' dir='ltr'>ἡμῖν</span> <span class='ocrx_word' id='word_1_254' title='bbox 1306 2041 1621 2112; x_wconf 79' lang='grc' dir='ltr'>εἰργάσατο.</span> <span class='ocrx_word' id='word_1_255' title='bbox 1660 2038 1816 2092; x_wconf 73' lang='grc' dir='ltr'>«Ὅτι</span> <span class='ocrx_word' id='word_1_256' title='bbox 1843 2038 1938 2095; x_wconf 80' lang='grc' dir='ltr'>νῦν</span> 
     </span>
    </p>
   </div>
   <div class='ocr_carea' id='block_1_35' title="bbox 354 2129 1938 2205">
    <p class='ocr_par' dir='ltr' id='par_1_35' title="bbox 354 2129 1938 2205">
     <span class='ocr_line' id='line_1_35' title="bbox 354 2129 1938 2205; baseline 0.001 -20"><span class='ocrx_word' id='word_1_257' title='bbox 354 2134 564 2205; x_wconf 82' lang='grc' dir='ltr'>ζῶμεν.</span> <span class='ocrx_word' id='word_1_258' title='bbox 594 2152 616 2187; x_wconf 72' lang='grc' dir='ltr'><strong>ι</strong></span> <span class='ocrx_word' id='word_1_259' title='bbox 647 2134 762 2188; x_wconf 74' lang='grc' dir='ltr'>Οὐκ</span> <span class='ocrx_word' id='word_1_260' title='bbox 784 2129 927 2197; x_wconf 78' lang='grc' dir='ltr'>εἶπε,</span> <span class='ocrx_word' id='word_1_261' title='bbox 961 2133 1439 2205; x_wconf 78' lang='grc' dir='ltr'>Παρεμυθήθημεν</span> <span class='ocrx_word' id='word_1_262' title='bbox 1463 2133 1497 2203; x_wconf 71' lang='grc' dir='ltr'><strong>ἢ</strong></span> <span class='ocrx_word' id='word_1_263' title='bbox 1526 2131 1938 2203; x_wconf 81' lang='grc' dir='ltr'>ἀνεπνεύσαμεν</span> 
     </span>
    </p>
   </div>
   <div class='ocr_carea' id='block_1_36' title="bbox 355 2220 1937 2297">
    <p class='ocr_par' dir='ltr' id='par_1_36' title="bbox 355 2220 1937 2297">
     <span class='ocr_line' id='line_1_36' title="bbox 355 2220 1937 2297; baseline -0.001 -19"><span class='ocrx_word' id='word_1_264' title='bbox 355 2229 422 2279; x_wconf 77' lang='grc' dir='ltr'>ἑκ</span> <span class='ocrx_word' id='word_1_265' title='bbox 452 2225 563 2279; x_wconf 79' lang='grc' dir='ltr'>τῶν</span> <span class='ocrx_word' id='word_1_266' title='bbox 594 2225 801 2291; x_wconf 79' lang='grc' dir='ltr'>κακῶν,</span> <span class='ocrx_word' id='word_1_267' title='bbox 829 2225 943 2279; x_wconf 79' lang='grc' dir='ltr'>ἀλλ’</span> <span class='ocrx_word' id='word_1_268' title='bbox 970 2224 998 2278; x_wconf 82' lang='grc' dir='ltr'><strong>δ</strong></span> <span class='ocrx_word' id='word_1_269' title='bbox 1031 2226 1211 2295; x_wconf 72' lang='grc' dir='ltr'>μεῖζον</span> <span class='ocrx_word' id='word_1_270' title='bbox 1242 2220 1335 2297; x_wconf 78' lang='grc' dir='ltr'>ἦν,</span> <span class='ocrx_word' id='word_1_271' title='bbox 1379 2224 1497 2278; x_wconf 85' lang='grc' dir='ltr'><strong>Νῦν</strong></span> <span class='ocrx_word' id='word_1_272' title='bbox 1531 2223 1738 2296; x_wconf 78' lang='grc' dir='ltr'>ζῶμεν,</span> <span class='ocrx_word' id='word_1_273' title='bbox 1780 2228 1937 2296; x_wconf 74' lang='grc' dir='ltr'>φησι,</span> 
     </span>
    </p>
   </div>
   <div class='ocr_carea' id='block_1_37' title="bbox 358 2313 1936 2385">
    <p class='ocr_par' dir='ltr' id='par_1_37' title="bbox 358 2313 1936 2385">
     <span class='ocr_line' id='line_1_37' title="bbox 358 2313 1936 2385; baseline -0.001 -18"><span class='ocrx_word' id='word_1_274' title='bbox 358 2316 506 2382; x_wconf 81' lang='grc' dir='ltr'>ζωὴν</span> <span class='ocrx_word' id='word_1_275' title='bbox 526 2314 834 2385; x_wconf 78' lang='grc' dir='ltr'>ἡγούμενος</span> <span class='ocrx_word' id='word_1_276' title='bbox 862 2314 961 2384; x_wconf 78' lang='grc' dir='ltr'>τὴν</span> <span class='ocrx_word' id='word_1_277' title='bbox 990 2315 1216 2368; x_wconf 78' lang='grc' dir='ltr'>ἐκείνων</span> <span class='ocrx_word' id='word_1_278' title='bbox 1238 2314 1339 2385; x_wconf 84' lang='grc' dir='ltr'>τῆς</span> <span class='ocrx_word' id='word_1_279' title='bbox 1361 2314 1598 2376; x_wconf 86' lang='grc' dir='ltr'>πίστεως</span> <span class='ocrx_word' id='word_1_280' title='bbox 1624 2313 1936 2385; x_wconf 71' lang='grc' dir='ltr'>βεϐαίωσιν,</span> 
     </span>
    </p>
   </div>
   <div class='ocr_carea' id='block_1_38' title="bbox 355 2406 1938 2478">
    <p class='ocr_par' dir='ltr' id='par_1_38' title="bbox 355 2406 1938 2478">
     <span class='ocr_line' id='line_1_38' title="bbox 355 2406 1938 2478; baseline -0.001 -19"><span class='ocrx_word' id='word_1_281' title='bbox 355 2410 452 2459; x_wconf 78' lang='grc' dir='ltr'><strong>καὶ</strong></span> <span class='ocrx_word' id='word_1_282' title='bbox 484 2406 720 2460; x_wconf 80' lang='grc' dir='ltr'>θάνατον</span> <span class='ocrx_word' id='word_1_283' title='bbox 752 2406 813 2460; x_wconf 79' lang='grc' dir='ltr'>τὸ</span> <span class='ocrx_word' id='word_1_284' title='bbox 836 2407 1004 2478; x_wconf 77' lang='grc' dir='ltr'>αὐτῆς</span> <span class='ocrx_word' id='word_1_285' title='bbox 1032 2406 1538 2478; x_wconf 79' lang='grc' dir='ltr'>παρασαλευθῆναι.</span> <span class='ocrx_word' id='word_1_286' title='bbox 1577 2423 1597 2458; x_wconf 77' lang='lat' dir='ltr'><strong>t</strong></span> <span class='ocrx_word' id='word_1_287' title='bbox 1620 2406 1745 2459; x_wconf 79' lang='grc' dir='ltr'><strong>Ἐὰν</strong></span> <span class='ocrx_word' id='word_1_288' title='bbox 1779 2406 1938 2476; x_wconf 77' lang='grc' dir='ltr'>ὑμεῖς</span> 
     </span>
    </p>
   </div>
   <div class='ocr_carea' id='block_1_39' title="bbox 356 2498 1941 2571">
    <p class='ocr_par' dir='ltr' id='par_1_39' title="bbox 356 2498 1941 2571">
     <span class='ocr_line' id='line_1_39' title="bbox 356 2498 1941 2571; baseline 0 -20"><span class='ocrx_word' id='word_1_289' title='bbox 356 2500 600 2571; x_wconf 77' lang='grc' dir='ltr'>στήκητε</span> <span class='ocrx_word' id='word_1_290' title='bbox 634 2501 693 2553; x_wconf 83' lang='grc' dir='ltr'>ὲν</span> <span class='ocrx_word' id='word_1_291' title='bbox 719 2498 933 2571; x_wconf 82' lang='grc' dir='ltr'>Κυρίῳ.</span> <span class='ocrx_word' id='word_1_292' title='bbox 973 2518 991 2551; x_wconf 79' lang='grc' dir='ltr'><strong>ι</strong></span> <span class='ocrx_word' id='word_1_293' title='bbox 1042 2499 1128 2553; x_wconf 85' lang='grc' dir='ltr'>Ἔν</span> <span class='ocrx_word' id='word_1_294' title='bbox 1162 2498 1351 2570; x_wconf 81' lang='grc' dir='ltr'>Κυρίῳ</span> <span class='ocrx_word' id='word_1_295' title='bbox 1382 2498 1437 2552; x_wconf 83' lang='grc' dir='ltr'>δὲ</span> <span class='ocrx_word' id='word_1_296' title='bbox 1467 2498 1733 2561; x_wconf 71' lang='grc' dir='ltr'>ἵστανται,</span> <span class='ocrx_word' id='word_1_297' title='bbox 1760 2498 1808 2551; x_wconf 77' lang='lat' dir='ltr'><strong>oi</strong></span> <span class='ocrx_word' id='word_1_298' title='bbox 1842 2498 1941 2563; x_wconf 81' lang='grc' dir='ltr'><strong>τὴν</strong></span> 
     </span>
    </p>
   </div>
   <div class='ocr_carea' id='block_1_40' title="bbox 359 2587 1939 2663">
    <p class='ocr_par' dir='ltr' id='par_1_40' title="bbox 359 2587 1939 2663">
     <span class='ocr_line' id='line_1_40' title="bbox 359 2587 1939 2663; baseline -0.001 -20"><span class='ocrx_word' id='word_1_299' title='bbox 359 2590 545 2644; x_wconf 78' lang='grc' dir='ltr'>πίστιν</span> <span class='ocrx_word' id='word_1_300' title='bbox 574 2590 742 2644; x_wconf 80' lang='grc' dir='ltr'>αὑτοῦ</span> <span class='ocrx_word' id='word_1_301' title='bbox 771 2590 967 2663; x_wconf 83' lang='grc' dir='ltr'>ἀκλινῆ</span> <span class='ocrx_word' id='word_1_302' title='bbox 1018 2589 1376 2661; x_wconf 76' lang='grc' dir='ltr'><strong>φυλάττοντες</strong></span> <span class='ocrx_word' id='word_1_303' title='bbox 1419 2591 1513 2645; x_wconf 75' lang='grc' dir='ltr'>καὶ</span> <span class='ocrx_word' id='word_1_304' title='bbox 1555 2589 1645 2643; x_wconf 65' lang='grc' dir='ltr'>τὸν</span> <span class='ocrx_word' id='word_1_305' title='bbox 1681 2587 1793 2660; x_wconf 81' lang='grc' dir='ltr'>βίον</span> <span class='ocrx_word' id='word_1_306' title='bbox 1825 2590 1939 2643; x_wconf 81' lang='grc' dir='ltr'>ἴσον</span> 
     </span>
    </p>
   </div>
   <div class='ocr_carea' id='block_1_41' title="bbox 358 2680 1935 2753">
    <p class='ocr_par' dir='ltr' id='par_1_41' title="bbox 358 2680 1935 2753">
     <span class='ocr_line' id='line_1_41' title="bbox 358 2680 1935 2753; baseline 0.001 -21"><span class='ocrx_word' id='word_1_307' title='bbox 358 2680 459 2750; x_wconf 73' lang='grc' dir='ltr'>τῆς</span> <span class='ocrx_word' id='word_1_308' title='bbox 492 2681 734 2746; x_wconf 84' lang='grc' dir='ltr'>πίστεως</span> <span class='ocrx_word' id='word_1_309' title='bbox 765 2680 1118 2752; x_wconf 82' lang='grc' dir='ltr'>παρέχοντες.</span> <span class='ocrx_word' id='word_1_310' title='bbox 1161 2699 1180 2733; x_wconf 80' lang='lat' dir='ltr'><strong>r</strong></span> <span class='ocrx_word' id='word_1_311' title='bbox 1199 2683 1338 2736; x_wconf 80' lang='grc' dir='ltr'>Τίνα</span> <span class='ocrx_word' id='word_1_312' title='bbox 1368 2683 1477 2752; x_wconf 75' lang='grc' dir='ltr'>γὰρ</span> <span class='ocrx_word' id='word_1_313' title='bbox 1502 2681 1873 2753; x_wconf 82' lang='grc' dir='ltr'>εὐχαριστίαν.</span> <span class='ocrx_word' id='word_1_314' title='bbox 1914 2699 1935 2733; x_wconf 69' lang='grc' dir='ltr'><strong>ι</strong></span> 
     </span>
    </p>
   </div>
   <div class='ocr_carea' id='block_1_42' title="bbox 360 2772 1937 2846">
    <p class='ocr_par' dir='ltr' id='par_1_42' title="bbox 360 2772 1937 2846">
     <span class='ocr_line' id='line_1_42' title="bbox 360 2772 1937 2846; baseline -0.001 -19"><span class='ocrx_word' id='word_1_315' title='bbox 360 2774 476 2827; x_wconf 75' lang='grc' dir='ltr'><strong>Καὶ</strong></span> <span class='ocrx_word' id='word_1_316' title='bbox 510 2773 776 2842; x_wconf 82' lang='grc' dir='ltr'>τοσαύτη,</span> <span class='ocrx_word' id='word_1_317' title='bbox 815 2775 1005 2844; x_wconf 72' lang='grc' dir='ltr'>φησιν,</span> <span class='ocrx_word' id='word_1_318' title='bbox 1034 2776 1068 2845; x_wconf 82' lang='grc' dir='ltr'>ἡ</span> <span class='ocrx_word' id='word_1_319' title='bbox 1099 2774 1167 2828; x_wconf 75' lang='grc' dir='ltr'>δι’</span> <span class='ocrx_word' id='word_1_320' title='bbox 1199 2775 1344 2846; x_wconf 79' lang='grc' dir='ltr'>ὑμᾶς</span> <span class='ocrx_word' id='word_1_321' title='bbox 1372 2772 1541 2844; x_wconf 72' lang='grc' dir='ltr'>χαρὰ,</span> <span class='ocrx_word' id='word_1_322' title='bbox 1576 2774 1659 2827; x_wconf 85' lang='grc' dir='ltr'>ὅτι</span> <span class='ocrx_word' id='word_1_323' title='bbox 1689 2773 1808 2828; x_wconf 77' lang='grc' dir='ltr'>οὐδὲ</span> <span class='ocrx_word' id='word_1_324' title='bbox 1846 2773 1937 2827; x_wconf 80' lang='grc' dir='ltr'>εὑ-</span> 
     </span>
    </p>
   </div>
   <div class='ocr_carea' id='block_1_43' title="bbox 358 2866 1937 2938">
    <p class='ocr_par' dir='ltr' id='par_1_43' title="bbox 358 2866 1937 2938">
     <span class='ocr_line' id='line_1_43' title="bbox 358 2866 1937 2938; baseline 0 -19"><span class='ocrx_word' id='word_1_325' title='bbox 358 2869 643 2936; x_wconf 78' lang='grc' dir='ltr'>χαριστεῖν</span> <span class='ocrx_word' id='word_1_326' title='bbox 682 2866 803 2923; x_wconf 82' lang='grc' dir='ltr'>κατ’</span> <span class='ocrx_word' id='word_1_327' title='bbox 833 2866 990 2932; x_wconf 81' lang='grc' dir='ltr'>ἀξίαν</span> <span class='ocrx_word' id='word_1_328' title='bbox 1026 2868 1376 2938; x_wconf 85' lang='grc' dir='ltr'>εὑρίσκομεν.</span> <span class='ocrx_word' id='word_1_329' title='bbox 1413 2885 1431 2919; x_wconf 80' lang='grc' dir='ltr'><strong>ι</strong></span> <span class='ocrx_word' id='word_1_330' title='bbox 1459 2866 1808 2938; x_wconf 81' lang='grc' dir='ltr'>Ἐμπροσοεν</span> <span class='ocrx_word' id='word_1_331' title='bbox 1843 2866 1937 2920; x_wconf 82' lang='grc' dir='ltr'>τοῦ</span> 
     </span>
    </p>
   </div>
   <div class='ocr_carea' id='block_1_44' title="bbox 358 2954 1934 3028">
    <p class='ocr_par' dir='ltr' id='par_1_44' title="bbox 358 2954 1934 3028">
     <span class='ocr_line' id='line_1_44' title="bbox 358 2954 1934 3028; baseline 0.001 -20"><span class='ocrx_word' id='word_1_332' title='bbox 358 2954 496 3009; x_wconf 70' lang='grc' dir='ltr'>θεοῦ</span> <span class='ocrx_word' id='word_1_333' title='bbox 525 2957 707 3028; x_wconf 73' lang='grc' dir='ltr'>ἡμῶν.</span> <span class='ocrx_word' id='word_1_334' title='bbox 732 2977 751 3009; x_wconf 71' lang='grc' dir='ltr'><strong>ι</strong></span> <span class='ocrx_word' id='word_1_335' title='bbox 771 2957 1014 3022; x_wconf 78' lang='grc' dir='ltr'>Εἰκότως</span> <span class='ocrx_word' id='word_1_336' title='bbox 1040 2957 1350 3028; x_wconf 76' lang='grc' dir='ltr'>ἔμπροσθεν</span> <span class='ocrx_word' id='word_1_337' title='bbox 1373 2957 1466 3011; x_wconf 79' lang='grc' dir='ltr'>τοῦ</span> <span class='ocrx_word' id='word_1_338' title='bbox 1487 2956 1620 3011; x_wconf 83' lang='grc' dir='ltr'>Θεοῦ</span> <span class='ocrx_word' id='word_1_339' title='bbox 1649 2957 1934 3028; x_wconf 64' lang='grc' dir='ltr'>χαίρομεν</span> 
     </span>
    </p>
   </div>
   <div class='ocr_carea' id='block_1_45' title="bbox 373 3048 1937 3122">
    <p class='ocr_par' dir='ltr' id='par_1_45' title="bbox 373 3048 1937 3122">
     <span class='ocr_line' id='line_1_45' title="bbox 373 3048 1937 3122; baseline 0.001 -21"><span class='ocrx_word' id='word_1_340' title='bbox 373 3049 533 3112; x_wconf 65' lang='grc' dir='ltr'>αὐτὸς</span> <span class='ocrx_word' id='word_1_341' title='bbox 560 3049 671 3119; x_wconf 81' lang='grc' dir='ltr'>γὰρ</span> <span class='ocrx_word' id='word_1_342' title='bbox 696 3049 902 3122; x_wconf 83' lang='grc' dir='ltr'>ταύτης</span> <span class='ocrx_word' id='word_1_343' title='bbox 930 3051 1063 3121; x_wconf 80' lang='grc' dir='ltr'>ἡμῖν</span> <span class='ocrx_word' id='word_1_344' title='bbox 1091 3050 1189 3121; x_wconf 82' lang='grc' dir='ltr'><strong>τῆς</strong></span> <span class='ocrx_word' id='word_1_345' title='bbox 1223 3051 1398 3121; x_wconf 81' lang='grc' dir='ltr'>χαρᾶς</span> <span class='ocrx_word' id='word_1_346' title='bbox 1419 3051 1613 3113; x_wconf 73' lang='grc' dir='ltr'>αἴτιος,</span> <span class='ocrx_word' id='word_1_347' title='bbox 1651 3051 1746 3104; x_wconf 76' lang='grc' dir='ltr'>καὶ</span> <span class='ocrx_word' id='word_1_348' title='bbox 1771 3048 1937 3103; x_wconf 79' lang='grc' dir='ltr'>αὐτοῦ</span> 
     </span>
    </p>
   </div>
   <div class='ocr_carea' id='block_1_46' title="bbox 361 3136 1938 3214">
    <p class='ocr_par' dir='ltr' id='par_1_46' title="bbox 361 3136 1938 3214">
     <span class='ocr_line' id='line_1_46' title="bbox 361 3136 1938 3214; baseline 0.003 -26"><span class='ocrx_word' id='word_1_349' title='bbox 361 3137 424 3189; x_wconf 71' lang='grc' dir='ltr'><strong>τδ</strong></span> <span class='ocrx_word' id='word_1_350' title='bbox 453 3136 649 3208; x_wconf 75' lang='grc' dir='ltr'>δῶρον.</span> <span class='ocrx_word' id='word_1_351' title='bbox 692 3157 710 3191; x_wconf 81' lang='lat' dir='ltr'><strong>t</strong></span> <span class='ocrx_word' id='word_1_352' title='bbox 744 3138 1257 3214; x_wconf 66' lang='grc' dir='ltr'>’Υπερεκπερισσού</span> <span class='ocrx_word' id='word_1_353' title='bbox 1304 3138 1568 3211; x_wconf 76' lang='grc' dir='ltr'>δεόμενοι.</span> <span class='ocrx_word' id='word_1_354' title='bbox 1605 3159 1624 3191; x_wconf 76' lang='grc' dir='ltr'><strong>ι</strong></span> <span class='ocrx_word' id='word_1_355' title='bbox 1672 3139 1938 3210; x_wconf 81' lang='grc' dir='ltr'>Ἐκκεχυ-</span> 
     </span>
    </p>
   </div>
   <div class='ocr_carea' id='block_1_47' title="bbox 2039 2042 3627 2115">
    <p class='ocr_par' dir='ltr' id='par_1_47' title="bbox 2039 2042 3627 2115">
     <span class='ocr_line' id='line_1_47' title="bbox 2039 2042 3627 2115; baseline 0.001 -19"><span class='ocrx_word' id='word_1_356' title='bbox 2039 2056 2105 2096; x_wconf 90' lang='lat' dir='ltr'><strong>ac</strong></span> <span class='ocrx_word' id='word_1_357' title='bbox 2138 2043 2396 2098; x_wconf 81' lang='lat' dir='ltr'><strong>solatium</strong></span> <span class='ocrx_word' id='word_1_358' title='bbox 2438 2044 2791 2115; x_wconf 87' lang='lat' dir='ltr'><strong>accepimus:</strong></span> <span class='ocrx_word' id='word_1_359' title='bbox 2827 2060 2892 2099; x_wconf 89' lang='lat' dir='ltr'><strong>ac</strong></span> <span class='ocrx_word' id='word_1_360' title='bbox 2923 2045 2969 2101; x_wconf 90' lang='lat' dir='ltr'><strong>si</strong></span> <span class='ocrx_word' id='word_1_361' title='bbox 3018 2045 3224 2100; x_wconf 89' lang='lat' dir='ltr'><strong>diceret</strong></span> <span class='ocrx_word' id='word_1_362' title='bbox 3249 2061 3262 2100; x_wconf 92' lang='lat'><strong>:</strong></span> <span class='ocrx_word' id='word_1_363' title='bbox 3287 2042 3481 2100; x_wconf 85' lang='lat' dir='ltr'><strong>Nullus</strong></span> <span class='ocrx_word' id='word_1_364' title='bbox 3526 2057 3627 2098; x_wconf 84' lang='lat' dir='ltr'><strong>no-</strong></span> 
     </span>
    </p>
   </div>
   <div class='ocr_carea' id='block_1_48' title="bbox 2039 2129 3625 2207">
    <p class='ocr_par' dir='ltr' id='par_1_48' title="bbox 2039 2129 3625 2207">
     <span class='ocr_line' id='line_1_48' title="bbox 2039 2129 3625 2207; baseline 0.003 -22"><span class='ocrx_word' id='word_1_365' title='bbox 2039 2129 2123 2188; x_wconf 86' lang='lat' dir='ltr'><strong>his</strong></span> <span class='ocrx_word' id='word_1_366' title='bbox 2171 2133 2375 2190; x_wconf 88' lang='lat' dir='ltr'><strong>doloris</strong></span> <span class='ocrx_word' id='word_1_367' title='bbox 2413 2151 2610 2193; x_wconf 89' lang='lat' dir='ltr'><strong>sensus</strong></span> <span class='ocrx_word' id='word_1_368' title='bbox 2653 2134 2759 2190; x_wconf 88' lang='lat' dir='ltr'><strong>fuit</strong></span> <span class='ocrx_word' id='word_1_369' title='bbox 2796 2135 3040 2206; x_wconf 86' lang='lat' dir='ltr'><strong>reliquus</strong></span> <span class='ocrx_word' id='word_1_370' title='bbox 3098 2146 3323 2207; x_wconf 80' lang='lat' dir='ltr'><strong>prapter</strong></span> <span class='ocrx_word' id='word_1_371' title='bbox 3359 2132 3625 2202; x_wconf 81' lang='lat' dir='ltr'><strong>gaudium</strong></span> 
     </span>
    </p>
   </div>
   <div class='ocr_carea' id='block_1_49' title="bbox 2040 2225 3617 2298">
    <p class='ocr_par' dir='ltr' id='par_1_49' title="bbox 2040 2225 3617 2298">
     <span class='ocr_line' id='line_1_49' title="bbox 2040 2225 3617 2298; baseline 0 -19"><span class='ocrx_word' id='word_1_372' title='bbox 2040 2226 2187 2294; x_wconf 90' lang='lat' dir='ltr'><strong>quod</strong></span> <span class='ocrx_word' id='word_1_373' title='bbox 2236 2226 2304 2283; x_wconf 89' lang='lat' dir='ltr'><strong>de</strong></span> <span class='ocrx_word' id='word_1_374' title='bbox 2340 2226 2496 2285; x_wconf 85' lang='lat' dir='ltr'><strong>vobis</strong></span> <span class='ocrx_word' id='word_1_375' title='bbox 2535 2229 2877 2298; x_wconf 86' lang='lat' dir='ltr'><strong>accepimus.</strong></span> <span class='ocrx_word' id='word_1_376' title='bbox 2917 2246 2934 2279; x_wconf 74' lang='grc' dir='ltr'><strong>ι</strong></span> <span class='ocrx_word' id='word_1_377' title='bbox 2962 2225 3067 2282; x_wconf 85' lang='lat' dir='ltr'><strong>Per</strong></span> <span class='ocrx_word' id='word_1_378' title='bbox 3116 2236 3350 2283; x_wconf 85' lang='lat' dir='ltr'><strong>vestram</strong></span> <span class='ocrx_word' id='word_1_379' title='bbox 3377 2225 3558 2281; x_wconf 87' lang='lat' dir='ltr'><strong>ﬁdem.</strong></span> <span class='ocrx_word' id='word_1_380' title='bbox 3595 2243 3617 2279; x_wconf 82' lang='grc'><em>›</em></span> 
     </span>
    </p>
   </div>
   <div class='ocr_carea' id='block_1_50' title="bbox 2044 2309 3625 2387">
    <p class='ocr_par' dir='ltr' id='par_1_50' title="bbox 2044 2309 3625 2387">
     <span class='ocr_line' id='line_1_50' title="bbox 2044 2309 3625 2387; baseline 0.004 -22"><span class='ocrx_word' id='word_1_381' title='bbox 2044 2309 2171 2366; x_wconf 80' lang='lat' dir='ltr'><strong>Haec</strong></span> <span class='ocrx_word' id='word_1_382' title='bbox 2201 2314 2347 2367; x_wconf 90' lang='lat' dir='ltr'><strong>enim</strong></span> <span class='ocrx_word' id='word_1_383' title='bbox 2376 2329 2499 2369; x_wconf 92' lang='lat' dir='ltr'><strong>cum</strong></span> <span class='ocrx_word' id='word_1_384' title='bbox 2519 2315 2846 2373; x_wconf 87' lang='lat' dir='ltr'><strong>inconcussa</strong></span> <span class='ocrx_word' id='word_1_385' title='bbox 2871 2315 3258 2387; x_wconf 82' lang='lat' dir='ltr'><strong>permanserit,</strong></span> <span class='ocrx_word' id='word_1_386' title='bbox 3290 2315 3625 2372; x_wconf 85' lang='lat' dir='ltr'><strong>consolatio-</strong></span> 
     </span>
    </p>
   </div>
   <div class='ocr_carea' id='block_1_51' title="bbox 2040 2404 3618 2477">
    <p class='ocr_par' dir='ltr' id='par_1_51' title="bbox 2040 2404 3618 2477">
     <span class='ocr_line' id='line_1_51' title="bbox 2040 2404 3618 2477; baseline 0.003 -21"><span class='ocrx_word' id='word_1_387' title='bbox 2040 2418 2160 2458; x_wconf 90' lang='lat' dir='ltr'><strong>nem</strong></span> <span class='ocrx_word' id='word_1_388' title='bbox 2182 2404 2234 2458; x_wconf 91' lang='lat' dir='ltr'><strong>in</strong></span> <span class='ocrx_word' id='word_1_389' title='bbox 2257 2405 2416 2460; x_wconf 79' lang='lat' dir='ltr'><strong>nobis</strong></span> <span class='ocrx_word' id='word_1_390' title='bbox 2434 2417 2655 2477; x_wconf 86' lang='lat' dir='ltr'><strong>operata</strong></span> <span class='ocrx_word' id='word_1_391' title='bbox 2672 2417 2774 2465; x_wconf 84' lang='lat' dir='ltr'><strong>est.</strong></span> <span class='ocrx_word' id='word_1_392' title='bbox 2802 2426 2820 2459; x_wconf 74' lang='grc' dir='ltr'><strong>ι</strong></span> <span class='ocrx_word' id='word_1_393' title='bbox 2846 2407 3118 2474; x_wconf 86' lang='lat' dir='ltr'><strong>Quoniam</strong></span> <span class='ocrx_word' id='word_1_394' title='bbox 3148 2422 3298 2463; x_wconf 85' lang='lat' dir='ltr'><strong>nunc</strong></span> <span class='ocrx_word' id='word_1_395' title='bbox 3330 2407 3618 2465; x_wconf 65' lang='lat' dir='ltr'><strong>vivimus.»</strong></span> 
     </span>
    </p>
   </div>
   <div class='ocr_carea' id='block_1_52' title="bbox 2038 2494 3622 2570">
    <p class='ocr_par' dir='ltr' id='par_1_52' title="bbox 2038 2494 3622 2570">
     <span class='ocr_line' id='line_1_52' title="bbox 2038 2494 3622 2570; baseline 0.001 -20"><span class='ocrx_word' id='word_1_396' title='bbox 2038 2494 2158 2551; x_wconf 83' lang='lat' dir='ltr'><strong>Non</strong></span> <span class='ocrx_word' id='word_1_397' title='bbox 2186 2496 2621 2564; x_wconf 80' lang='lat' dir='ltr'><strong>dixit,Animum</strong></span> <span class='ocrx_word' id='word_1_398' title='bbox 2657 2499 2986 2570; x_wconf 83' lang='lat' dir='ltr'><strong>recepimus,</strong></span> <span class='ocrx_word' id='word_1_399' title='bbox 3029 2510 3120 2554; x_wconf 87' lang='lat' dir='ltr'><strong>aut</strong></span> <span class='ocrx_word' id='word_1_400' title='bbox 3143 2497 3553 2570; x_wconf 79' lang='lat' dir='ltr'><strong>Respiravimus</strong></span> <span class='ocrx_word' id='word_1_401' title='bbox 3593 2513 3622 2552; x_wconf 89' lang='lat' dir='ltr'><strong>a</strong></span> 
     </span>
    </p>
   </div>
   <div class='ocr_carea' id='block_1_53' title="bbox 2042 2587 3624 2662">
    <p class='ocr_par' dir='ltr' id='par_1_53' title="bbox 2042 2587 3624 2662">
     <span class='ocr_line' id='line_1_53' title="bbox 2042 2587 3624 2662; baseline 0.001 -19"><span class='ocrx_word' id='word_1_402' title='bbox 2042 2587 2223 2656; x_wconf 87' lang='lat' dir='ltr'><strong>malis,</strong></span> <span class='ocrx_word' id='word_1_403' title='bbox 2264 2589 2359 2646; x_wconf 85' lang='lat' dir='ltr'><strong>sed</strong></span> <span class='ocrx_word' id='word_1_404' title='bbox 2422 2589 2567 2661; x_wconf 90' lang='lat' dir='ltr'><strong>quod</strong></span> <span class='ocrx_word' id='word_1_405' title='bbox 2624 2589 2802 2662; x_wconf 88' lang='lat' dir='ltr'><strong>majus</strong></span> <span class='ocrx_word' id='word_1_406' title='bbox 2856 2599 2994 2657; x_wconf 82' lang='lat' dir='ltr'><strong>erat,</strong></span> <span class='ocrx_word' id='word_1_407' title='bbox 3034 2589 3191 2646; x_wconf 73' lang='lat' dir='ltr'><strong>Nunc</strong></span> <span class='ocrx_word' id='word_1_408' title='bbox 3229 2589 3489 2657; x_wconf 74' lang='lat' dir='ltr'><strong>vivimus,</strong></span> <span class='ocrx_word' id='word_1_409' title='bbox 3526 2589 3624 2656; x_wconf 69' lang='lat' dir='ltr'><strong>ait,</strong></span> 
     </span>
    </p>
   </div>
   <div class='ocr_carea' id='block_1_54' title="bbox 2040 2683 3620 2753">
    <p class='ocr_par' dir='ltr' id='par_1_54' title="bbox 2040 2683 3620 2753">
     <span class='ocr_line' id='line_1_54' title="bbox 2040 2683 3620 2753; baseline 0.003 -17"><span class='ocrx_word' id='word_1_410' title='bbox 2040 2684 2206 2737; x_wconf 77' lang='lat' dir='ltr'><strong>vitam</strong></span> <span class='ocrx_word' id='word_1_411' title='bbox 2232 2683 2440 2740; x_wconf 88' lang='lat' dir='ltr'><strong>ducens</strong></span> <span class='ocrx_word' id='word_1_412' title='bbox 2474 2685 2784 2739; x_wconf 85' lang='lat' dir='ltr'><strong>ﬁrmitatem</strong></span> <span class='ocrx_word' id='word_1_413' title='bbox 2828 2683 2950 2741; x_wconf 89' lang='lat' dir='ltr'><strong>ﬁdei</strong></span> <span class='ocrx_word' id='word_1_414' title='bbox 2982 2684 3199 2740; x_wconf 90' lang='lat' dir='ltr'><strong>illorum</strong></span> <span class='ocrx_word' id='word_1_415' title='bbox 3227 2703 3242 2753; x_wconf 83' lang='lat'><strong>;</strong></span> <span class='ocrx_word' id='word_1_416' title='bbox 3275 2695 3328 2741; x_wconf 91' lang='lat' dir='ltr'><strong>ct</strong></span> <span class='ocrx_word' id='word_1_417' title='bbox 3361 2695 3620 2750; x_wconf 84' lang='lat' dir='ltr'><strong>mortem,</strong></span> 
     </span>
    </p>
   </div>
   <div class='ocr_carea' id='block_1_55' title="bbox 2041 2774 3622 2848">
    <p class='ocr_par' dir='ltr' id='par_1_55' title="bbox 2041 2774 3622 2848">
     <span class='ocr_line' id='line_1_55' title="bbox 2041 2774 3622 2848; baseline 0 -18"><span class='ocrx_word' id='word_1_418' title='bbox 2041 2775 2307 2830; x_wconf 88' lang='lat' dir='ltr'><strong>dimoveri</strong></span> <span class='ocrx_word' id='word_1_419' title='bbox 2329 2774 2395 2829; x_wconf 89' lang='lat' dir='ltr'><strong>ab</strong></span> <span class='ocrx_word' id='word_1_420' title='bbox 2435 2774 2572 2848; x_wconf 89' lang='lat' dir='ltr'><strong>ipsa.</strong></span> <span class='ocrx_word' id='word_1_421' title='bbox 2607 2794 2626 2830; x_wconf 76' lang='grc' dir='ltr'><strong>ι</strong></span> <span class='ocrx_word' id='word_1_422' title='bbox 2651 2776 2705 2831; x_wconf 90' lang='lat' dir='ltr'><strong>Si</strong></span> <span class='ocrx_word' id='word_1_423' title='bbox 2735 2791 2831 2832; x_wconf 89' lang='lat' dir='ltr'><strong>vos</strong></span> <span class='ocrx_word' id='word_1_424' title='bbox 2880 2775 3039 2833; x_wconf 83' lang='lat' dir='ltr'><strong>statis</strong></span> <span class='ocrx_word' id='word_1_425' title='bbox 3086 2777 3143 2831; x_wconf 92' lang='lat' dir='ltr'><strong>in</strong></span> <span class='ocrx_word' id='word_1_426' title='bbox 3204 2777 3454 2833; x_wconf 86' lang='lat' dir='ltr'><strong>Domino.</strong></span> <span class='ocrx_word' id='word_1_427' title='bbox 3487 2795 3506 2829; x_wconf 78' lang='grc' dir='ltr'><strong>ι</strong></span> <span class='ocrx_word' id='word_1_428' title='bbox 3566 2777 3622 2833; x_wconf 90' lang='lat' dir='ltr'><strong>In</strong></span> 
     </span>
    </p>
   </div>
   <div class='ocr_carea' id='block_1_56' title="bbox 2041 2864 3624 2938">
    <p class='ocr_par' dir='ltr' id='par_1_56' title="bbox 2041 2864 3624 2938">
     <span class='ocr_line' id='line_1_56' title="bbox 2041 2864 3624 2938; baseline 0.003 -19"><span class='ocrx_word' id='word_1_429' title='bbox 2041 2864 2274 2922; x_wconf 89' lang='lat' dir='ltr'><strong>Domino</strong></span> <span class='ocrx_word' id='word_1_430' title='bbox 2297 2874 2478 2920; x_wconf 88' lang='lat' dir='ltr'><strong>autem</strong></span> <span class='ocrx_word' id='word_1_431' title='bbox 2512 2875 2681 2931; x_wconf 88' lang='lat' dir='ltr'><strong>stant,</strong></span> <span class='ocrx_word' id='word_1_432' title='bbox 2717 2866 2809 2937; x_wconf 89' lang='lat' dir='ltr'><strong>qui</strong></span> <span class='ocrx_word' id='word_1_433' title='bbox 2852 2867 3011 2922; x_wconf 90' lang='lat' dir='ltr'><strong>ﬁdem</strong></span> <span class='ocrx_word' id='word_1_434' title='bbox 3053 2867 3229 2938; x_wconf 89' lang='lat' dir='ltr'><strong>ipsius</strong></span> <span class='ocrx_word' id='word_1_435' title='bbox 3286 2868 3624 2926; x_wconf 84' lang='lat' dir='ltr'><strong>immobilem</strong></span> 
     </span>
    </p>
   </div>
   <div class='ocr_carea' id='block_1_57' title="bbox 2040 2956 3625 3028">
    <p class='ocr_par' dir='ltr' id='par_1_57' title="bbox 2040 2956 3625 3028">
     <span class='ocr_line' id='line_1_57' title="bbox 2040 2956 3625 3028; baseline -0.001 -15"><span class='ocrx_word' id='word_1_436' title='bbox 2040 2957 2360 3013; x_wconf 82' lang='lat' dir='ltr'><strong>custodiunt</strong></span> <span class='ocrx_word' id='word_1_437' title='bbox 2386 2972 2450 3013; x_wconf 85' lang='lat' dir='ltr'><strong>ac</strong></span> <span class='ocrx_word' id='word_1_438' title='bbox 2468 2957 2632 3015; x_wconf 88' lang='lat' dir='ltr'><strong>vitam</strong></span> <span class='ocrx_word' id='word_1_439' title='bbox 2655 2957 2776 3011; x_wconf 87' lang='lat' dir='ltr'><strong>ﬁdei</strong></span> <span class='ocrx_word' id='word_1_440' title='bbox 2801 2960 3063 3028; x_wconf 77' lang='lat' dir='ltr'><strong>aequalem</strong></span> <span class='ocrx_word' id='word_1_441' title='bbox 3088 2965 3375 3028; x_wconf 65' lang='lat' dir='ltr'><strong>praestant.</strong></span> <span class='ocrx_word' id='word_1_442' title='bbox 3405 2977 3423 3009; x_wconf 74' lang='grc' dir='ltr'><strong>ι</strong></span> <span class='ocrx_word' id='word_1_443' title='bbox 3450 2956 3625 3024; x_wconf 87' lang='lat' dir='ltr'><strong>Quam</strong></span> 
     </span>
    </p>
   </div>
   <div class='ocr_carea' id='block_1_58' title="bbox 2040 3049 3627 3121">
    <p class='ocr_par' dir='ltr' id='par_1_58' title="bbox 2040 3049 3627 3121">
     <span class='ocr_line' id='line_1_58' title="bbox 2040 3049 3627 3121; baseline -0.002 -16"><span class='ocrx_word' id='word_1_444' title='bbox 2040 3050 2183 3105; x_wconf 88' lang='lat' dir='ltr'><strong>enim</strong></span> <span class='ocrx_word' id='word_1_445' title='bbox 2208 3049 2505 3121; x_wconf 87' lang='lat' dir='ltr'><strong>gratiarum</strong></span> <span class='ocrx_word' id='word_1_446' title='bbox 2541 3050 2835 3105; x_wconf 88' lang='lat' dir='ltr'><strong>actionem.</strong></span> <span class='ocrx_word' id='word_1_447' title='bbox 2876 3068 2895 3102; x_wconf 78' lang='grc' dir='ltr'><strong>ι</strong></span> <span class='ocrx_word' id='word_1_448' title='bbox 2932 3049 2997 3103; x_wconf 85' lang='lat' dir='ltr'><strong>Et</strong></span> <span class='ocrx_word' id='word_1_449' title='bbox 3056 3058 3267 3104; x_wconf 87' lang='lat' dir='ltr'><strong>tantum</strong></span> <span class='ocrx_word' id='word_1_450' title='bbox 3292 3058 3396 3115; x_wconf 90' lang='lat' dir='ltr'><strong>est,</strong></span> <span class='ocrx_word' id='word_1_451' title='bbox 3425 3049 3627 3120; x_wconf 87' lang='lat' dir='ltr'><strong>inquit,</strong></span> 
     </span>
    </p>
   </div>
   <div class='ocr_carea' id='block_1_59' title="bbox 2041 3144 3628 3217">
    <p class='ocr_par' dir='ltr' id='par_1_59' title="bbox 2041 3144 3628 3217">
     <span class='ocr_line' id='line_1_59' title="bbox 2041 3144 3628 3217; baseline -0.001 -18"><span class='ocrx_word' id='word_1_452' title='bbox 2041 3153 2326 3215; x_wconf 83' lang='lat' dir='ltr'><strong>acceptum</strong></span> <span class='ocrx_word' id='word_1_453' title='bbox 2360 3155 2579 3216; x_wconf 85' lang='lat' dir='ltr'><strong>propter</strong></span> <span class='ocrx_word' id='word_1_454' title='bbox 2620 3159 2717 3200; x_wconf 88' lang='lat' dir='ltr'><strong>vos</strong></span> <span class='ocrx_word' id='word_1_455' title='bbox 2743 3145 3025 3216; x_wconf 78' lang='lat' dir='ltr'><strong>gaudium,</strong></span> <span class='ocrx_word' id='word_1_456' title='bbox 3063 3146 3208 3217; x_wconf 80' lang='lat' dir='ltr'><strong>quod</strong></span> <span class='ocrx_word' id='word_1_457' title='bbox 3265 3161 3333 3204; x_wconf 87' lang='lat' dir='ltr'><strong>ne</strong></span> <span class='ocrx_word' id='word_1_458' title='bbox 3381 3144 3628 3205; x_wconf 85' lang='lat' dir='ltr'><strong>invenia-</strong></span> 
     </span>
    </p>
   </div>
   <div class='ocr_carea' id='block_1_60' title="bbox 367 3228 1942 3316">
    <p class='ocr_par' dir='ltr' id='par_1_60' title="bbox 367 3228 1937 3302">
     <span class='ocr_line' id='line_1_60' title="bbox 367 3228 1937 3302; baseline 0.002 -20"><span class='ocrx_word' id='word_1_459' title='bbox 367 3229 541 3299; x_wconf 82' lang='grc' dir='ltr'>μένοι,</span> <span class='ocrx_word' id='word_1_460' title='bbox 578 3232 738 3301; x_wconf 74' lang='grc' dir='ltr'>φησι,</span> <span class='ocrx_word' id='word_1_461' title='bbox 769 3229 905 3300; x_wconf 67' lang='grc' dir='ltr'>πρὸς</span> <span class='ocrx_word' id='word_1_462' title='bbox 953 3230 1054 3301; x_wconf 77' lang='grc' dir='ltr'>τὴν</span> <span class='ocrx_word' id='word_1_463' title='bbox 1094 3229 1352 3302; x_wconf 81' lang='grc' dir='ltr'>τοιαύτην</span> <span class='ocrx_word' id='word_1_464' title='bbox 1396 3228 1598 3302; x_wconf 82' lang='grc' dir='ltr'>δέησιν,</span> <span class='ocrx_word' id='word_1_465' title='bbox 1635 3229 1728 3283; x_wconf 75' lang='grc' dir='ltr'>καὶ</span> <span class='ocrx_word' id='word_1_466' title='bbox 1777 3228 1937 3285; x_wconf 75' lang='grc' dir='ltr'>πλέον</span> 
     </span>
    </p>
   </div>
   <div class='ocr_carea' id='block_1_61' title="bbox 2044 3228 3626 3316">
    <p class='ocr_par' dir='ltr' id='par_1_61' title="bbox 2044 3229 3626 3308">
     <span class='ocr_line' id='line_1_61' title="bbox 2044 3229 3626 3308; baseline 0.003 -21"><span class='ocrx_word' id='word_1_467' title='bbox 2044 3248 2165 3290; x_wconf 90' lang='lat' dir='ltr'><strong>mus</strong></span> <span class='ocrx_word' id='word_1_468' title='bbox 2194 3234 2415 3305; x_wconf 84' lang='lat' dir='ltr'><strong>quidem</strong></span> <span class='ocrx_word' id='word_1_469' title='bbox 2450 3229 2726 3307; x_wconf 73' lang='lat' dir='ltr'><strong>quoni&#39;odo</strong></span> <span class='ocrx_word' id='word_1_470' title='bbox 2755 3235 2922 3308; x_wconf 86' lang='lat' dir='ltr'><strong>digne</strong></span> <span class='ocrx_word' id='word_1_471' title='bbox 2969 3238 3173 3308; x_wconf 77' lang='lat' dir='ltr'><strong>gratias</strong></span> <span class='ocrx_word' id='word_1_472' title='bbox 3213 3252 3462 3308; x_wconf 84' lang='lat' dir='ltr'><strong>agamus.</strong></span> <span class='ocrx_word' id='word_1_473' title='bbox 3501 3254 3521 3288; x_wconf 82' lang='grc'><em>‹</em></span> <span class='ocrx_word' id='word_1_474' title='bbox 3567 3233 3626 3291; x_wconf 90' lang='lat' dir='ltr'><strong>ln</strong></span> 
     </span>
    </p>
   </div>
   <div class='ocr_carea' id='block_1_62' title="bbox 359 3321 1940 3394">
    <p class='ocr_par' dir='ltr' id='par_1_62' title="bbox 359 3321 1940 3394">
     <span class='ocr_line' id='line_1_62' title="bbox 359 3321 1940 3394; baseline 0.003 -23"><span class='ocrx_word' id='word_1_475' title='bbox 359 3321 606 3391; x_wconf 79' lang='grc' dir='ltr'>δεόμενοι</span> <span class='ocrx_word' id='word_1_476' title='bbox 646 3322 789 3394; x_wconf 80' lang='grc' dir='ltr'>ἥπερ</span> <span class='ocrx_word' id='word_1_477' title='bbox 810 3323 956 3386; x_wconf 73' lang='grc' dir='ltr'>εἰκὸς</span> <span class='ocrx_word' id='word_1_478' title='bbox 992 3321 1207 3377; x_wconf 78' lang='grc' dir='ltr'>δέεσθαι</span> <span class='ocrx_word' id='word_1_479' title='bbox 1251 3321 1344 3376; x_wconf 79' lang='grc' dir='ltr'><strong>τὸν</strong></span> <span class='ocrx_word' id='word_1_480' title='bbox 1377 3321 1505 3377; x_wconf 80' lang='grc' dir='ltr'><strong>ἰδεῖν</strong></span> <span class='ocrx_word' id='word_1_481' title='bbox 1546 3322 1793 3393; x_wconf 82' lang='grc' dir='ltr'>μαθητὰς</span> <span class='ocrx_word' id='word_1_482' title='bbox 1816 3321 1940 3394; x_wconf 72' lang='grc' dir='ltr'>βου-</span> 
     </span>
    </p>
   </div>
   <div class='ocr_carea' id='block_1_63' title="bbox 358 3408 1941 3484">
    <p class='ocr_par' dir='ltr' id='par_1_63' title="bbox 358 3408 1941 3484">
     <span class='ocr_line' id='line_1_63' title="bbox 358 3408 1941 3484; baseline 0.004 -22"><span class='ocrx_word' id='word_1_483' title='bbox 358 3408 610 3479; x_wconf 74' lang='grc' dir='ltr'>λόμενον.</span> <span class='ocrx_word' id='word_1_484' title='bbox 648 3429 666 3463; x_wconf 85' lang='grc'><em>‹</em></span> <span class='ocrx_word' id='word_1_485' title='bbox 699 3411 809 3465; x_wconf 72' lang='grc' dir='ltr'>Καὶ</span> <span class='ocrx_word' id='word_1_486' title='bbox 834 3412 1182 3483; x_wconf 88' lang='grc' dir='ltr'>καταρτίσαι.</span> <span class='ocrx_word' id='word_1_487' title='bbox 1218 3430 1236 3464; x_wconf 76' lang='grc' dir='ltr'><strong>ι</strong></span> <span class='ocrx_word' id='word_1_488' title='bbox 1283 3412 1406 3465; x_wconf 66' lang='grc' dir='ltr'><strong>Ἐπὶ</strong></span> <span class='ocrx_word' id='word_1_489' title='bbox 1428 3411 1535 3465; x_wconf 86' lang='grc' dir='ltr'>τῶν</span> <span class='ocrx_word' id='word_1_490' title='bbox 1565 3411 1941 3484; x_wconf 80' lang='grc' dir='ltr'>σαλευομένων</span> 
     </span>
    </p>
   </div>
   <div class='ocr_carea' id='block_1_64' title="bbox 361 3501 1942 3575">
    <p class='ocr_par' dir='ltr' id='par_1_64' title="bbox 361 3501 1942 3575">
     <span class='ocr_line' id='line_1_64' title="bbox 361 3501 1942 3575; baseline 0.004 -24"><span class='ocrx_word' id='word_1_491' title='bbox 361 3502 429 3570; x_wconf 78' lang='grc' dir='ltr'>τῇ</span> <span class='ocrx_word' id='word_1_492' title='bbox 464 3502 665 3567; x_wconf 83' lang='grc' dir='ltr'>πίστει,</span> <span class='ocrx_word' id='word_1_493' title='bbox 696 3501 957 3574; x_wconf 82' lang='grc' dir='ltr'>Στηρίξαι</span> <span class='ocrx_word' id='word_1_494' title='bbox 1016 3502 1163 3573; x_wconf 80' lang='grc' dir='ltr'>λέγει</span> <span class='ocrx_word' id='word_1_495' title='bbox 1197 3517 1212 3534; x_wconf 84' lang='lat'><strong>&#39;</strong></span> <span class='ocrx_word' id='word_1_496' title='bbox 1260 3503 1353 3556; x_wconf 71' lang='lat' dir='ltr'><strong>imi.</strong></span> <span class='ocrx_word' id='word_1_497' title='bbox 1383 3502 1440 3556; x_wconf 83' lang='grc' dir='ltr'>δὲ</span> <span class='ocrx_word' id='word_1_498' title='bbox 1484 3503 1592 3556; x_wconf 84' lang='grc' dir='ltr'>τῶν</span> <span class='ocrx_word' id='word_1_499' title='bbox 1640 3506 1708 3575; x_wconf 78' lang='grc' dir='ltr'>τῇ</span> <span class='ocrx_word' id='word_1_500' title='bbox 1760 3504 1942 3558; x_wconf 84' lang='grc' dir='ltr'>πίστει</span> 
     </span>
    </p>
   </div>
   <div class='ocr_carea' id='block_1_65' title="bbox 367 3592 1943 3668">
    <p class='ocr_par' dir='ltr' id='par_1_65' title="bbox 367 3592 1943 3668">
     <span class='ocr_line' id='line_1_65' title="bbox 367 3592 1943 3668; baseline 0.002 -22"><span class='ocrx_word' id='word_1_501' title='bbox 367 3592 471 3659; x_wconf 69' lang='grc' dir='ltr'>μὲν</span> <span class='ocrx_word' id='word_1_502' title='bbox 508 3592 942 3665; x_wconf 80' lang='grc' dir='ltr'>ἐστηριγμένων,</span> <span class='ocrx_word' id='word_1_503' title='bbox 995 3595 1191 3667; x_wconf 74' lang='grc' dir='ltr'>μικρὸν</span> <span class='ocrx_word' id='word_1_504' title='bbox 1237 3594 1292 3648; x_wconf 81' lang='grc' dir='ltr'>δὲ</span> <span class='ocrx_word' id='word_1_505' title='bbox 1342 3595 1476 3666; x_wconf 77' lang='grc' dir='ltr'>πρὸς</span> <span class='ocrx_word' id='word_1_506' title='bbox 1501 3596 1722 3668; x_wconf 76' lang='grc' dir='ltr'>διδαχὴν</span> <span class='ocrx_word' id='word_1_507' title='bbox 1772 3596 1943 3650; x_wconf 63' lang='grc' dir='ltr'>ἔλλειο</span> 
     </span>
    </p>
   </div>
   <div class='ocr_carea' id='block_1_66' title="bbox 363 3683 1943 3762">
    <p class='ocr_par' dir='ltr' id='par_1_66' title="bbox 363 3683 1943 3762">
     <span class='ocr_line' id='line_1_66' title="bbox 363 3683 1943 3762; baseline 0.003 -24"><span class='ocrx_word' id='word_1_508' title='bbox 363 3684 598 3751; x_wconf 80' lang='grc' dir='ltr'>πόντων,</span> <span class='ocrx_word' id='word_1_509' title='bbox 629 3687 974 3759; x_wconf 82' lang='grc' dir='ltr'>Καταρτίσαι</span> <span class='ocrx_word' id='word_1_510' title='bbox 1003 3687 1174 3756; x_wconf 85' lang='grc' dir='ltr'>λέγει,</span> <span class='ocrx_word' id='word_1_511' title='bbox 1213 3683 1326 3743; x_wconf 77' lang='grc' dir='ltr'>οἷον</span> <span class='ocrx_word' id='word_1_512' title='bbox 1361 3688 1775 3762; x_wconf 82' lang='grc' dir='ltr'>ἀναπληρῶσαι.</span> <span class='ocrx_word' id='word_1_513' title='bbox 1812 3706 1830 3741; x_wconf 81' lang='grc' dir='ltr'><strong>ι</strong></span> <span class='ocrx_word' id='word_1_514' title='bbox 1863 3688 1943 3742; x_wconf 83' lang='grc' dir='ltr'>Τὰ</span> 
     </span>
    </p>
   </div>
   <div class='ocr_carea' id='block_1_67' title="bbox 365 3779 1944 3853">
    <p class='ocr_par' dir='ltr' id='par_1_67' title="bbox 365 3779 1944 3853">
     <span class='ocr_line' id='line_1_67' title="bbox 365 3779 1944 3853; baseline 0.003 -22"><span class='ocrx_word' id='word_1_515' title='bbox 365 3779 721 3850; x_wconf 77' lang='grc' dir='ltr'>ὑστερήματα</span> <span class='ocrx_word' id='word_1_516' title='bbox 776 3780 874 3849; x_wconf 80' lang='grc' dir='ltr'>τῆς</span> <span class='ocrx_word' id='word_1_517' title='bbox 921 3781 1157 3845; x_wconf 86' lang='grc' dir='ltr'>πίστεως</span> <span class='ocrx_word' id='word_1_518' title='bbox 1204 3781 1381 3853; x_wconf 84' lang='grc' dir='ltr'>ὑμῶν.</span> <span class='ocrx_word' id='word_1_519' title='bbox 1413 3801 1432 3835; x_wconf 73' lang='grc' dir='ltr'><strong>ι</strong></span> <span class='ocrx_word' id='word_1_520' title='bbox 1468 3782 1657 3836; x_wconf 86' lang='grc' dir='ltr'>Καίτοι</span> <span class='ocrx_word' id='word_1_521' title='bbox 1705 3784 1839 3847; x_wconf 77' lang='grc' dir='ltr'>ἄνω,</span> <span class='ocrx_word' id='word_1_522' title='bbox 1885 3783 1944 3836; x_wconf 85' lang='grc' dir='ltr'>τὺ</span> 
     </span>
    </p>
   </div>
   <div class='ocr_carea' id='block_1_68' title="bbox 366 3872 1943 3948">
    <p class='ocr_par' dir='ltr' id='par_1_68' title="bbox 366 3872 1943 3948">
     <span class='ocr_line' id='line_1_68' title="bbox 366 3872 1943 3948; baseline 0.003 -24"><span class='ocrx_word' id='word_1_523' title='bbox 366 3872 592 3926; x_wconf 72' lang='grc' dir='ltr'>ἑστάναι</span> <span class='ocrx_word' id='word_1_524' title='bbox 639 3872 827 3936; x_wconf 76' lang='grc' dir='ltr'>αὐτοῖς</span> <span class='ocrx_word' id='word_1_525' title='bbox 858 3874 1230 3946; x_wconf 75' lang='grc' dir='ltr'>ἐμαρτύρησε.</span> <span class='ocrx_word' id='word_1_526' title='bbox 1268 3873 1441 3929; x_wconf 82' lang='grc' dir='ltr'>Τοῦτο</span> <span class='ocrx_word' id='word_1_527' title='bbox 1481 3874 1592 3947; x_wconf 82' lang='grc' dir='ltr'>γὰρ</span> <span class='ocrx_word' id='word_1_528' title='bbox 1635 3878 1731 3930; x_wconf 66' lang='grc' dir='ltr'><strong>καὶ</strong></span> <span class='ocrx_word' id='word_1_529' title='bbox 1774 3873 1943 3948; x_wconf 82' lang='grc' dir='ltr'>Τιμό-</span> 
     </span>
    </p>
   </div>
   <div class='ocr_carea' id='block_1_69' title="bbox 367 3962 1947 4039">
    <p class='ocr_par' dir='ltr' id='par_1_69' title="bbox 367 3962 1947 4039">
     <span class='ocr_line' id='line_1_69' title="bbox 367 3962 1947 4039; baseline 0.006 -23"><span class='ocrx_word' id='word_1_530' title='bbox 367 3962 508 4029; x_wconf 78' lang='grc' dir='ltr'>θεος,</span> <span class='ocrx_word' id='word_1_531' title='bbox 541 3963 618 4027; x_wconf 84' lang='grc' dir='ltr'>ὥς</span> <span class='ocrx_word' id='word_1_532' title='bbox 680 3981 847 4036; x_wconf 83' lang='grc' dir='ltr'>φησιν</span> <span class='ocrx_word' id='word_1_533' title='bbox 871 4003 886 4030; x_wconf 93' lang='grc'><strong>,</strong></span> <span class='ocrx_word' id='word_1_534' title='bbox 939 3965 1309 4039; x_wconf 74' lang='grc' dir='ltr'>ἐμαρτύρησε.</span> <span class='ocrx_word' id='word_1_535' title='bbox 1345 3966 1469 4033; x_wconf 82' lang='grc' dir='ltr'><strong>Πῶς</strong></span> <span class='ocrx_word' id='word_1_536' title='bbox 1505 3966 1597 4023; x_wconf 77' lang='grc' dir='ltr'><strong>οὖν</strong></span> <span class='ocrx_word' id='word_1_537' title='bbox 1635 3968 1817 4039; x_wconf 82' lang='grc' dir='ltr'>λέγει,</span> <span class='ocrx_word' id='word_1_538' title='bbox 1866 3971 1947 4026; x_wconf 83' lang='grc' dir='ltr'>Τὰ</span> 
     </span>
    </p>
   </div>
   <div class='ocr_carea' id='block_1_70' title="bbox 367 4058 1947 4135">
    <p class='ocr_par' dir='ltr' id='par_1_70' title="bbox 367 4058 1947 4135">
     <span class='ocr_line' id='line_1_70' title="bbox 367 4058 1947 4135; baseline 0.007 -25"><span class='ocrx_word' id='word_1_539' title='bbox 367 4058 725 4129; x_wconf 79' lang='grc' dir='ltr'>ὑστερήματα</span> <span class='ocrx_word' id='word_1_540' title='bbox 768 4060 869 4129; x_wconf 84' lang='grc' dir='ltr'>τῆς</span> <span class='ocrx_word' id='word_1_541' title='bbox 918 4059 1155 4125; x_wconf 83' lang='grc' dir='ltr'>πίστεως</span> <span class='ocrx_word' id='word_1_542' title='bbox 1197 4062 1417 4129; x_wconf 64' lang='lat' dir='ltr'><strong>adsint;</strong></span> <span class='ocrx_word' id='word_1_543' title='bbox 1451 4062 1562 4118; x_wconf 75' lang='grc' dir='ltr'>Καί</span> <span class='ocrx_word' id='word_1_544' title='bbox 1610 4081 1818 4135; x_wconf 80' lang='grc' dir='ltr'>φαμεν,</span> <span class='ocrx_word' id='word_1_545' title='bbox 1864 4067 1947 4121; x_wconf 73' lang='grc' dir='ltr'>ὅτι</span> 
     </span>
    </p>
   </div>
   <div class='ocr_carea' id='block_1_71' title="bbox 369 4148 1948 4225">
    <p class='ocr_par' dir='ltr' id='par_1_71' title="bbox 369 4148 1948 4225">
     <span class='ocr_line' id='line_1_71' title="bbox 369 4148 1948 4225; baseline 0.006 -24"><span class='ocrx_word' id='word_1_546' title='bbox 369 4148 620 4213; x_wconf 74' lang='grc' dir='ltr'>ἐξέλιπεν</span> <span class='ocrx_word' id='word_1_547' title='bbox 650 4150 837 4214; x_wconf 79' lang='grc' dir='ltr'>αὐτοῖς</span> <span class='ocrx_word' id='word_1_548' title='bbox 864 4152 942 4215; x_wconf 83' lang='grc' dir='ltr'><strong>είς</strong></span> <span class='ocrx_word' id='word_1_549' title='bbox 993 4152 1345 4207; x_wconf 84' lang='grc' dir='ltr'>διδασκαλίαν</span> <span class='ocrx_word' id='word_1_550' title='bbox 1374 4155 1504 4217; x_wconf 75' lang='grc' dir='ltr'>ἴσως</span> <span class='ocrx_word' id='word_1_551' title='bbox 1531 4153 1602 4209; x_wconf 78' lang='grc' dir='ltr'>τὰ</span> <span class='ocrx_word' id='word_1_552' title='bbox 1632 4155 1764 4225; x_wconf 77' lang='grc' dir='ltr'>περὶ</span> <span class='ocrx_word' id='word_1_553' title='bbox 1814 4157 1948 4211; x_wconf 73' lang='lat' dir='ltr'><strong>dva—</strong></span> 
     </span>
    </p>
   </div>
   <div class='ocr_carea' id='block_1_72' title="bbox 375 4242 1947 4320">
    <p class='ocr_par' dir='ltr' id='par_1_72' title="bbox 375 4242 1947 4320">
     <span class='ocr_line' id='line_1_72' title="bbox 375 4242 1947 4320; baseline 0.006 -26"><span class='ocrx_word' id='word_1_554' title='bbox 375 4242 617 4306; x_wconf 80' lang='grc' dir='ltr'>στάσεως</span> <span class='ocrx_word' id='word_1_555' title='bbox 647 4244 682 4314; x_wconf 77' lang='grc' dir='ltr'>ἦ</span> <span class='ocrx_word' id='word_1_556' title='bbox 731 4261 783 4297; x_wconf 89' lang='grc' dir='ltr'><strong>τι</strong></span> <span class='ocrx_word' id='word_1_557' title='bbox 815 4242 1080 4301; x_wconf 75' lang='grc' dir='ltr'>τοιοῦτον.</span> <span class='ocrx_word' id='word_1_558' title='bbox 1120 4244 1210 4299; x_wconf 86' lang='grc' dir='ltr'>Ἐν</span> <span class='ocrx_word' id='word_1_559' title='bbox 1245 4244 1347 4317; x_wconf 78' lang='grc' dir='ltr'>μὲν</span> <span class='ocrx_word' id='word_1_560' title='bbox 1379 4242 1472 4300; x_wconf 84' lang='grc' dir='ltr'><strong>οὖν</strong></span> <span class='ocrx_word' id='word_1_561' title='bbox 1494 4248 1561 4317; x_wconf 80' lang='grc' dir='ltr'>τῇ</span> <span class='ocrx_word' id='word_1_562' title='bbox 1594 4248 1674 4312; x_wconf 85' lang='grc' dir='ltr'><strong>είς</strong></span> <span class='ocrx_word' id='word_1_563' title='bbox 1713 4249 1947 4320; x_wconf 82' lang='grc' dir='ltr'>Χριστὸν</span> 
     </span>
    </p>
   </div>
   <div class='ocr_carea' id='block_1_73' title="bbox 372 4330 1953 4409">
    <p class='ocr_par' dir='ltr' id='par_1_73' title="bbox 372 4330 1953 4409">
     <span class='ocr_line' id='line_1_73' title="bbox 372 4330 1953 4409; baseline 0.007 -24"><span class='ocrx_word' id='word_1_564' title='bbox 372 4333 555 4385; x_wconf 78' lang='grc' dir='ltr'>πίστει</span> <span class='ocrx_word' id='word_1_565' title='bbox 604 4332 817 4404; x_wconf 80' lang='grc' dir='ltr'>βέσαιοι</span> <span class='ocrx_word' id='word_1_566' title='bbox 860 4330 1020 4407; x_wconf 75' lang='grc' dir='ltr'>ἦσαν,</span> <span class='ocrx_word' id='word_1_567' title='bbox 1057 4336 1132 4407; x_wconf 79' lang='grc' dir='ltr'><strong>μὴ</strong></span> <span class='ocrx_word' id='word_1_568' title='bbox 1181 4338 1634 4409; x_wconf 81' lang='grc' dir='ltr'>παρατραπέντες</span> <span class='ocrx_word' id='word_1_569' title='bbox 1677 4341 1789 4404; x_wconf 78' lang='grc' dir='ltr'>τοῖς</span> <span class='ocrx_word' id='word_1_570' title='bbox 1831 4358 1953 4396; x_wconf 84' lang='grc' dir='ltr'>πει-</span> 
     </span>
    </p>
   </div>
   <div class='ocr_carea' id='block_1_74' title="bbox 377 4428 1951 4499">
    <p class='ocr_par' dir='ltr' id='par_1_74' title="bbox 377 4428 1951 4499">
     <span class='ocr_line' id='line_1_74' title="bbox 377 4428 1951 4499; baseline 0.008 -22"><span class='ocrx_word' id='word_1_571' title='bbox 377 4428 607 4496; x_wconf 80' lang='grc' dir='ltr'>ρασμοῖς</span> <span class='ocrx_word' id='word_1_572' title='bbox 662 4428 757 4480; x_wconf 73' lang='grc' dir='ltr'><strong>καὶ</strong></span> <span class='ocrx_word' id='word_1_573' title='bbox 785 4429 905 4492; x_wconf 83' lang='grc' dir='ltr'>ταῖς</span> <span class='ocrx_word' id='word_1_574' title='bbox 946 4428 1211 4499; x_wconf 80' lang='grc' dir='ltr'>θλίψεσιν.</span> <span class='ocrx_word' id='word_1_575' title='bbox 1240 4430 1389 4485; x_wconf 85' lang='grc' dir='ltr'>Ἔδει</span> <span class='ocrx_word' id='word_1_576' title='bbox 1417 4429 1474 4485; x_wconf 79' lang='grc' dir='ltr'>δὲ</span> <span class='ocrx_word' id='word_1_577' title='bbox 1515 4432 1711 4497; x_wconf 78' lang='grc' dir='ltr'>αὐτοὺς</span> <span class='ocrx_word' id='word_1_578' title='bbox 1762 4434 1951 4491; x_wconf 78' lang='grc' dir='ltr'>καὶτὰ</span> 
     </span>
    </p>
   </div>
   <div class='ocr_carea' id='block_1_75' title="bbox 368 4515 1525 4592">
    <p class='ocr_par' dir='ltr' id='par_1_75' title="bbox 368 4515 1525 4592">
     <span class='ocr_line' id='line_1_75' title="bbox 368 4515 1525 4592; baseline 0.007 -24"><span class='ocrx_word' id='word_1_579' title='bbox 368 4517 532 4571; x_wconf 78' lang='grc' dir='ltr'>λοιπὰ</span> <span class='ocrx_word' id='word_1_580' title='bbox 560 4515 657 4570; x_wconf 82' lang='grc' dir='ltr'>τοῦ</span> <span class='ocrx_word' id='word_1_581' title='bbox 686 4517 809 4571; x_wconf 81' lang='grc' dir='ltr'>καθ’</span> <span class='ocrx_word' id='word_1_582' title='bbox 841 4520 989 4589; x_wconf 80' lang='grc' dir='ltr'>ἡμᾶς</span> <span class='ocrx_word' id='word_1_583' title='bbox 1013 4519 1283 4591; x_wconf 83' lang='grc' dir='ltr'>δόγματος</span> <span class='ocrx_word' id='word_1_584' title='bbox 1309 4520 1525 4592; x_wconf 79' lang='grc' dir='ltr'>μαθεῖν.</span> 
     </span>
    </p>
   </div>
   <div class='ocr_carea' id='block_1_76' title="bbox 2041 3324 3627 3401">
    <p class='ocr_par' dir='ltr' id='par_1_76' title="bbox 2041 3324 3627 3401">
     <span class='ocr_line' id='line_1_76' title="bbox 2041 3324 3627 3401; baseline 0.003 -22"><span class='ocrx_word' id='word_1_585' title='bbox 2041 3332 2337 3396; x_wconf 88' lang='lat' dir='ltr'><strong>conspectu</strong></span> <span class='ocrx_word' id='word_1_586' title='bbox 2383 3324 2476 3382; x_wconf 88' lang='lat' dir='ltr'><strong>Dei</strong></span> <span class='ocrx_word' id='word_1_587' title='bbox 2531 3326 2723 3382; x_wconf 88' lang='lat' dir='ltr'><strong>nostri.</strong></span> <span class='ocrx_word' id='word_1_588' title='bbox 2758 3346 2777 3385; x_wconf 75' lang='grc' dir='ltr'><strong>ι</strong></span> <span class='ocrx_word' id='word_1_589' title='bbox 2842 3324 3030 3383; x_wconf 80' lang='lat' dir='ltr'><strong>Merito</strong></span> <span class='ocrx_word' id='word_1_590' title='bbox 3085 3327 3140 3382; x_wconf 90' lang='lat' dir='ltr'><strong>in</strong></span> <span class='ocrx_word' id='word_1_591' title='bbox 3188 3333 3484 3401; x_wconf 80' lang='lat' dir='ltr'><strong>conspectu</strong></span> <span class='ocrx_word' id='word_1_592' title='bbox 3535 3325 3627 3383; x_wconf 79' lang='lat' dir='ltr'><strong>Dei</strong></span> 
     </span>
    </p>
   </div>
   <div class='ocr_carea' id='block_1_77' title="bbox 2043 3415 3627 3488">
    <p class='ocr_par' dir='ltr' id='par_1_77' title="bbox 2043 3415 3627 3488">
     <span class='ocr_line' id='line_1_77' title="bbox 2043 3415 3627 3488; baseline 0.004 -19"><span class='ocrx_word' id='word_1_593' title='bbox 2043 3416 2383 3488; x_wconf 85' lang='lat' dir='ltr'><strong>gaudemus;</strong></span> <span class='ocrx_word' id='word_1_594' title='bbox 2421 3415 2537 3487; x_wconf 87' lang='lat' dir='ltr'><strong>ipse</strong></span> <span class='ocrx_word' id='word_1_595' title='bbox 2557 3416 2707 3474; x_wconf 89' lang='lat' dir='ltr'><strong>enim</strong></span> <span class='ocrx_word' id='word_1_596' title='bbox 2733 3416 2890 3472; x_wconf 86' lang='lat' dir='ltr'><strong>nobis</strong></span> <span class='ocrx_word' id='word_1_597' title='bbox 2916 3418 3095 3488; x_wconf 87' lang='lat' dir='ltr'><strong>gaudii</strong></span> <span class='ocrx_word' id='word_1_598' title='bbox 3129 3417 3295 3488; x_wconf 87' lang='lat' dir='ltr'><strong>hujus</strong></span> <span class='ocrx_word' id='word_1_599' title='bbox 3319 3432 3493 3482; x_wconf 81' lang='lat' dir='ltr'><strong>causa</strong></span> <span class='ocrx_word' id='word_1_600' title='bbox 3519 3424 3627 3485; x_wconf 85' lang='lat' dir='ltr'><strong>est,</strong></span> 
     </span>
    </p>
   </div>
   <div class='ocr_carea' id='block_1_78' title="bbox 2043 3505 3626 3581">
    <p class='ocr_par' dir='ltr' id='par_1_78' title="bbox 2043 3505 3626 3581">
     <span class='ocr_line' id='line_1_78' title="bbox 2043 3505 3626 3581; baseline 0 -17"><span class='ocrx_word' id='word_1_601' title='bbox 2043 3518 2098 3564; x_wconf 89' lang='lat' dir='ltr'><strong>et</strong></span> <span class='ocrx_word' id='word_1_602' title='bbox 2121 3510 2297 3581; x_wconf 85' lang='lat' dir='ltr'><strong>ipsius</strong></span> <span class='ocrx_word' id='word_1_603' title='bbox 2326 3508 2532 3565; x_wconf 90' lang='lat' dir='ltr'><strong>donum</strong></span> <span class='ocrx_word' id='word_1_604' title='bbox 2585 3518 2689 3566; x_wconf 88' lang='lat' dir='ltr'><strong>est.</strong></span> <span class='ocrx_word' id='word_1_605' title='bbox 2762 3528 2780 3562; x_wconf 76' lang='grc' dir='ltr'><strong>ι</strong></span> <span class='ocrx_word' id='word_1_606' title='bbox 2819 3505 2993 3581; x_wconf 89' lang='lat' dir='ltr'><strong>Supra</strong></span> <span class='ocrx_word' id='word_1_607' title='bbox 3042 3512 3262 3569; x_wconf 89' lang='lat' dir='ltr'><strong>modum</strong></span> <span class='ocrx_word' id='word_1_608' title='bbox 3320 3518 3562 3571; x_wconf 83' lang='lat' dir='ltr'><strong>orantes.</strong></span> <span class='ocrx_word' id='word_1_609' title='bbox 3603 3530 3626 3564; x_wconf 85' lang='grc'>›</span> 
     </span>
    </p>
   </div>
   <div class='ocr_carea' id='block_1_79' title="bbox 2047 3599 3627 3674">
    <p class='ocr_par' dir='ltr' id='par_1_79' title="bbox 2047 3599 3627 3674">
     <span class='ocr_line' id='line_1_79' title="bbox 2047 3599 3627 3674; baseline 0.004 -19"><span class='ocrx_word' id='word_1_610' title='bbox 2047 3599 2348 3670; x_wconf 85' lang='lat' dir='ltr'><strong>inhiantes,</strong></span> <span class='ocrx_word' id='word_1_611' title='bbox 2371 3603 2571 3674; x_wconf 87' lang='lat' dir='ltr'><strong>inquit,</strong></span> <span class='ocrx_word' id='word_1_612' title='bbox 2618 3603 2684 3661; x_wconf 89' lang='lat' dir='ltr'><strong>ad</strong></span> <span class='ocrx_word' id='word_1_613' title='bbox 2712 3602 3029 3674; x_wconf 71' lang='lat' dir='ltr'><strong>huiusmodi</strong></span> <span class='ocrx_word' id='word_1_614' title='bbox 3085 3604 3409 3670; x_wconf 85' lang='lat' dir='ltr'><strong>orationem,</strong></span> <span class='ocrx_word' id='word_1_615' title='bbox 3439 3612 3494 3659; x_wconf 81' lang='lat' dir='ltr'><strong>et</strong></span> <span class='ocrx_word' id='word_1_616' title='bbox 3530 3618 3627 3661; x_wconf 80' lang='lat' dir='ltr'><strong>ve-</strong></span> 
     </span>
    </p>
   </div>
   <div class='ocr_carea' id='block_1_80' title="bbox 2050 3684 3630 3767">
    <p class='ocr_par' dir='ltr' id='par_1_80' title="bbox 2050 3684 3630 3767">
     <span class='ocr_line' id='line_1_80' title="bbox 2050 3684 3630 3767; baseline -0.001 -18"><span class='ocrx_word' id='word_1_617' title='bbox 2050 3694 2363 3751; x_wconf 86' lang='lat' dir='ltr'><strong>hementius</strong></span> <span class='ocrx_word' id='word_1_618' title='bbox 2399 3684 2628 3753; x_wconf 83' lang='lat' dir='ltr'><strong>orantes</strong></span> <span class='ocrx_word' id='word_1_619' title='bbox 2658 3710 2819 3767; x_wconf 87' lang='lat' dir='ltr'><strong>quam</strong></span> <span class='ocrx_word' id='word_1_620' title='bbox 2846 3693 3140 3751; x_wconf 82' lang='lat' dir='ltr'><strong>verisimile</strong></span> <span class='ocrx_word' id='word_1_621' title='bbox 3169 3693 3242 3750; x_wconf 88' lang='lat' dir='ltr'><strong>sit</strong></span> <span class='ocrx_word' id='word_1_622' title='bbox 3293 3709 3418 3751; x_wconf 89' lang='lat' dir='ltr'><strong>eum</strong></span> <span class='ocrx_word' id='word_1_623' title='bbox 3469 3707 3630 3750; x_wconf 83' lang='lat' dir='ltr'><strong>orare</strong></span> 
     </span>
    </p>
   </div>
   <div class='ocr_carea' id='block_1_81' title="bbox 2055 3782 3630 3860">
    <p class='ocr_par' dir='ltr' id='par_1_81' title="bbox 2055 3782 3630 3860">
     <span class='ocr_line' id='line_1_81' title="bbox 2055 3782 3630 3860; baseline -0.003 -18"><span class='ocrx_word' id='word_1_624' title='bbox 2055 3785 2148 3860; x_wconf 86' lang='lat' dir='ltr'><strong>qui</strong></span> <span class='ocrx_word' id='word_1_625' title='bbox 2175 3785 2478 3859; x_wconf 80' lang='lat' dir='ltr'><strong>discipulos</strong></span> <span class='ocrx_word' id='word_1_626' title='bbox 2516 3786 2703 3845; x_wconf 84' lang='lat' dir='ltr'><strong>videre</strong></span> <span class='ocrx_word' id='word_1_627' title='bbox 2723 3785 2896 3856; x_wconf 89' lang='lat' dir='ltr'><strong>cupit.</strong></span> <span class='ocrx_word' id='word_1_628' title='bbox 2931 3804 2949 3837; x_wconf 75' lang='grc' dir='ltr'><strong>ι</strong></span> <span class='ocrx_word' id='word_1_629' title='bbox 2986 3784 3050 3840; x_wconf 85' lang='lat' dir='ltr'><strong>Et</strong></span> <span class='ocrx_word' id='word_1_630' title='bbox 3088 3784 3462 3857; x_wconf 76' lang='lat' dir='ltr'><strong>suppleamus.</strong></span> <span class='ocrx_word' id='word_1_631' title='bbox 3495 3802 3513 3843; x_wconf 82' lang='grc' dir='ltr'><strong>ι</strong></span> <span class='ocrx_word' id='word_1_632' title='bbox 3552 3782 3630 3838; x_wconf 84' lang='lat' dir='ltr'><strong>De</strong></span> 
     </span>
    </p>
   </div>
   <div class='ocr_carea' id='block_1_82' title="bbox 2048 3877 3633 3954">
    <p class='ocr_par' dir='ltr' id='par_1_82' title="bbox 2048 3877 3633 3954">
     <span class='ocr_line' id='line_1_82' title="bbox 2048 3877 3633 3954; baseline -0.003 -16"><span class='ocrx_word' id='word_1_633' title='bbox 2048 3883 2136 3939; x_wconf 88' lang='lat' dir='ltr'><strong>his</strong></span> <span class='ocrx_word' id='word_1_634' title='bbox 2157 3883 2252 3954; x_wconf 90' lang='lat' dir='ltr'><strong>qui</strong></span> <span class='ocrx_word' id='word_1_635' title='bbox 2282 3883 2336 3937; x_wconf 92' lang='lat' dir='ltr'><strong>in</strong></span> <span class='ocrx_word' id='word_1_636' title='bbox 2368 3881 2472 3937; x_wconf 89' lang='lat' dir='ltr'><strong>ﬁde</strong></span> <span class='ocrx_word' id='word_1_637' title='bbox 2493 3881 2822 3936; x_wconf 87' lang='lat' dir='ltr'><strong>vacillabant</strong></span> <span class='ocrx_word' id='word_1_638' title='bbox 2849 3879 3005 3946; x_wconf 91' lang='lat' dir='ltr'><strong>dicit,</strong></span> <span class='ocrx_word' id='word_1_639' title='bbox 3027 3878 3366 3934; x_wconf 88' lang='lat' dir='ltr'><strong>Conﬁrmare</strong></span> <span class='ocrx_word' id='word_1_640' title='bbox 3389 3877 3488 3935; x_wconf 90' lang='lat' dir='ltr'><strong>:de</strong></span> <span class='ocrx_word' id='word_1_641' title='bbox 3519 3877 3633 3933; x_wconf 81' lang='lat' dir='ltr'><strong>illis</strong></span> 
     </span>
    </p>
   </div>
   <div class='ocr_carea' id='block_1_83' title="bbox 2050 3968 3630 4042">
    <p class='ocr_par' dir='ltr' id='par_1_83' title="bbox 2050 3968 3630 4042">
     <span class='ocr_line' id='line_1_83' title="bbox 2050 3968 3630 4042; baseline -0.006 -11"><span class='ocrx_word' id='word_1_642' title='bbox 2050 3988 2182 4031; x_wconf 87' lang='lat' dir='ltr'><strong>vero</strong></span> <span class='ocrx_word' id='word_1_643' title='bbox 2216 3973 2308 4042; x_wconf 92' lang='lat' dir='ltr'><strong>qui</strong></span> <span class='ocrx_word' id='word_1_644' title='bbox 2351 3974 2404 4028; x_wconf 93' lang='lat' dir='ltr'><strong>in</strong></span> <span class='ocrx_word' id='word_1_645' title='bbox 2442 3972 2548 4028; x_wconf 88' lang='lat' dir='ltr'><strong>ﬁde</strong></span> <span class='ocrx_word' id='word_1_646' title='bbox 2573 3970 2882 4026; x_wconf 88' lang='lat' dir='ltr'><strong>conﬁrmati</strong></span> <span class='ocrx_word' id='word_1_647' title='bbox 2917 3979 3097 4033; x_wconf 85' lang='lat' dir='ltr'><strong>erant,</strong></span> <span class='ocrx_word' id='word_1_648' title='bbox 3131 3985 3319 4025; x_wconf 87' lang='lat' dir='ltr'><strong>verum</strong></span> <span class='ocrx_word' id='word_1_649' title='bbox 3376 3968 3630 4024; x_wconf 88' lang='lat' dir='ltr'><strong>nonnihil</strong></span> 
     </span>
    </p>
   </div>
   <div class='ocr_carea' id='block_1_84' title="bbox 2048 4062 3632 4133">
    <p class='ocr_par' dir='ltr' id='par_1_84' title="bbox 2048 4062 3632 4133">
     <span class='ocr_line' id='line_1_84' title="bbox 2048 4062 3632 4133; baseline -0.003 -13"><span class='ocrx_word' id='word_1_650' title='bbox 2048 4068 2118 4121; x_wconf 83' lang='lat' dir='ltr'><strong>ad</strong></span> <span class='ocrx_word' id='word_1_651' title='bbox 2163 4064 2468 4121; x_wconf 89' lang='lat' dir='ltr'><strong>doctrinam</strong></span> <span class='ocrx_word' id='word_1_652' title='bbox 2501 4064 2582 4120; x_wconf 91' lang='lat' dir='ltr'><strong>eis</strong></span> <span class='ocrx_word' id='word_1_653' title='bbox 2608 4064 2835 4128; x_wconf 88' lang='lat' dir='ltr'><strong>deerat,</strong></span> <span class='ocrx_word' id='word_1_654' title='bbox 2871 4062 2968 4125; x_wconf 87' lang='lat' dir='ltr'><strong>ait,</strong></span> <span class='ocrx_word' id='word_1_655' title='bbox 3011 4062 3300 4133; x_wconf 81' lang='lat' dir='ltr'><strong>Supplere,</strong></span> <span class='ocrx_word' id='word_1_656' title='bbox 3366 4062 3469 4117; x_wconf 92' lang='lat' dir='ltr'><strong>hoc</strong></span> <span class='ocrx_word' id='word_1_657' title='bbox 3520 4069 3632 4124; x_wconf 85' lang='lat' dir='ltr'><strong>est,</strong></span> 
     </span>
    </p>
   </div>
   <div class='ocr_carea' id='block_1_85' title="bbox 2049 4152 3633 4227">
    <p class='ocr_par' dir='ltr' id='par_1_85' title="bbox 2049 4152 3633 4227">
     <span class='ocr_line' id='line_1_85' title="bbox 2049 4152 3633 4227; baseline -0.004 -15"><span class='ocrx_word' id='word_1_658' title='bbox 2049 4156 2292 4227; x_wconf 81' lang='lat' dir='ltr'><strong>explere.</strong></span> <span class='ocrx_word' id='word_1_659' title='bbox 2357 4171 2375 4206; x_wconf 81' lang='grc' dir='ltr'><strong>ι</strong></span> <span class='ocrx_word' id='word_1_660' title='bbox 2409 4153 2488 4211; x_wconf 85' lang='lat' dir='ltr'><strong>Ea</strong></span> <span class='ocrx_word' id='word_1_661' title='bbox 2538 4168 2662 4224; x_wconf 80' lang='lat' dir='ltr'><strong>qua:</strong></span> <span class='ocrx_word' id='word_1_662' title='bbox 2701 4153 2900 4209; x_wconf 89' lang='lat' dir='ltr'><strong>desunt</strong></span> <span class='ocrx_word' id='word_1_663' title='bbox 2960 4152 3088 4208; x_wconf 88' lang='lat' dir='ltr'><strong>ﬁdei</strong></span> <span class='ocrx_word' id='word_1_664' title='bbox 3136 4162 3351 4208; x_wconf 63' lang='lat' dir='ltr'><strong>vestrm.</strong></span> <span class='ocrx_word' id='word_1_665' title='bbox 3380 4171 3399 4206; x_wconf 74' lang='grc' dir='ltr'><strong>ι</strong></span> <span class='ocrx_word' id='word_1_666' title='bbox 3464 4153 3633 4223; x_wconf 85' lang='lat' dir='ltr'><strong>Atqui</strong></span> 
     </span>
    </p>
   </div>
   <div class='ocr_carea' id='block_1_86' title="bbox 2051 4244 3631 4318">
    <p class='ocr_par' dir='ltr' id='par_1_86' title="bbox 2051 4244 3631 4318">
     <span class='ocr_line' id='line_1_86' title="bbox 2051 4244 3631 4318; baseline -0.002 -15"><span class='ocrx_word' id='word_1_667' title='bbox 2051 4248 2307 4318; x_wconf 88' lang='lat' dir='ltr'><strong>superius</strong></span> <span class='ocrx_word' id='word_1_668' title='bbox 2338 4253 2571 4303; x_wconf 88' lang='lat' dir='ltr'><strong>testatus</strong></span> <span class='ocrx_word' id='word_1_669' title='bbox 2587 4254 2670 4302; x_wconf 87' lang='lat' dir='ltr'><strong>est</strong></span> <span class='ocrx_word' id='word_1_670' title='bbox 2702 4244 2772 4301; x_wconf 89' lang='lat' dir='ltr'><strong>de</strong></span> <span class='ocrx_word' id='word_1_671' title='bbox 2803 4244 2886 4301; x_wconf 88' lang='lat' dir='ltr'><strong>eis</strong></span> <span class='ocrx_word' id='word_1_672' title='bbox 2910 4244 3057 4316; x_wconf 89' lang='lat' dir='ltr'><strong>quod</strong></span> <span class='ocrx_word' id='word_1_673' title='bbox 3098 4251 3312 4301; x_wconf 86' lang='lat' dir='ltr'><strong>starent</strong></span> <span class='ocrx_word' id='word_1_674' title='bbox 3347 4261 3362 4311; x_wconf 89' lang='lat'><strong>;</strong></span> <span class='ocrx_word' id='word_1_675' title='bbox 3389 4245 3631 4300; x_wconf 87' lang='lat' dir='ltr'><strong>namhoc</strong></span> 
     </span>
    </p>
   </div>
   <div class='ocr_carea' id='block_1_87' title="bbox 2050 4335 3633 4409">
    <p class='ocr_par' dir='ltr' id='par_1_87' title="bbox 2050 4335 3633 4409">
     <span class='ocr_line' id='line_1_87' title="bbox 2050 4335 3633 4409; baseline -0.002 -14"><span class='ocrx_word' id='word_1_676' title='bbox 2050 4341 2216 4396; x_wconf 84' lang='lat' dir='ltr'><strong>etiam</strong></span> <span class='ocrx_word' id='word_1_677' title='bbox 2253 4339 2593 4405; x_wconf 83' lang='lat' dir='ltr'><strong>Timotheus,</strong></span> <span class='ocrx_word' id='word_1_678' title='bbox 2630 4347 2692 4394; x_wconf 88' lang='lat' dir='ltr'><strong>ut</strong></span> <span class='ocrx_word' id='word_1_679' title='bbox 2749 4337 2887 4394; x_wconf 76' lang='lat' dir='ltr'><strong>dixit</strong></span> <span class='ocrx_word' id='word_1_680' title='bbox 2920 4344 3151 4394; x_wconf 86' lang='lat' dir='ltr'><strong>testatus</strong></span> <span class='ocrx_word' id='word_1_681' title='bbox 3212 4335 3410 4393; x_wconf 78' lang='lat' dir='ltr'><strong>fuerat.</strong></span> <span class='ocrx_word' id='word_1_682' title='bbox 3471 4337 3633 4409; x_wconf 75' lang='lat'><strong>167</strong></span> 
     </span>
    </p>
   </div>
   <div class='ocr_carea' id='block_1_88' title="bbox 2050 4427 3637 4502">
    <p class='ocr_par' dir='ltr' id='par_1_88' title="bbox 2050 4427 3637 4502">
     <span class='ocr_line' id='line_1_88' title="bbox 2050 4427 3637 4502; baseline -0.004 -14"><span class='ocrx_word' id='word_1_683' title='bbox 2050 4430 2336 4502; x_wconf 85' lang='lat' dir='ltr'><strong>Quomodo</strong></span> <span class='ocrx_word' id='word_1_684' title='bbox 2355 4446 2510 4502; x_wconf 86' lang='lat' dir='ltr'><strong>ergo.</strong></span> <span class='ocrx_word' id='word_1_685' title='bbox 2546 4429 2672 4486; x_wconf 80' lang='lat' dir='ltr'><strong>ait?</strong></span> <span class='ocrx_word' id='word_1_686' title='bbox 2705 4429 2781 4485; x_wconf 86' lang='lat' dir='ltr'><strong>Ea</strong></span> <span class='ocrx_word' id='word_1_687' title='bbox 2828 4446 2950 4501; x_wconf 68' lang='lat' dir='ltr'><strong>quae</strong></span> <span class='ocrx_word' id='word_1_688' title='bbox 2986 4429 3187 4485; x_wconf 89' lang='lat' dir='ltr'><strong>desunt</strong></span> <span class='ocrx_word' id='word_1_689' title='bbox 3235 4427 3354 4485; x_wconf 88' lang='lat' dir='ltr'><strong>ﬁdei</strong></span> <span class='ocrx_word' id='word_1_690' title='bbox 3392 4428 3637 4486; x_wconf 72' lang='lat' dir='ltr'><strong>vestrae?</strong></span> 
     </span>
    </p>
   </div>
   <div class='ocr_carea' id='block_1_89' title="bbox 2051 4517 3631 4594">
    <p class='ocr_par' dir='ltr' id='par_1_89' title="bbox 2051 4517 3631 4594">
     <span class='ocr_line' id='line_1_89' title="bbox 2051 4517 3631 4594; baseline -0.004 -14"><span class='ocrx_word' id='word_1_691' title='bbox 2051 4523 2120 4580; x_wconf 91' lang='lat' dir='ltr'><strong>Et</strong></span> <span class='ocrx_word' id='word_1_692' title='bbox 2142 4523 2378 4580; x_wconf 88' lang='lat' dir='ltr'><strong>dicimus</strong></span> <span class='ocrx_word' id='word_1_693' title='bbox 2417 4520 2564 4594; x_wconf 91' lang='lat' dir='ltr'><strong>quod</strong></span> <span class='ocrx_word' id='word_1_694' title='bbox 2588 4523 2813 4577; x_wconf 87' lang='lat' dir='ltr'><strong>deerant</strong></span> <span class='ocrx_word' id='word_1_695' title='bbox 2834 4522 2915 4578; x_wconf 88' lang='lat' dir='ltr'><strong>eis</strong></span> <span class='ocrx_word' id='word_1_696' title='bbox 2958 4521 3023 4576; x_wconf 91' lang='lat' dir='ltr'><strong>ad</strong></span> <span class='ocrx_word' id='word_1_697' title='bbox 3053 4520 3359 4576; x_wconf 88' lang='lat' dir='ltr'><strong>doctrinam</strong></span> <span class='ocrx_word' id='word_1_698' title='bbox 3406 4534 3468 4576; x_wconf 86' lang='lat' dir='ltr'><strong>ea</strong></span> <span class='ocrx_word' id='word_1_699' title='bbox 3515 4517 3631 4575; x_wconf 86' lang='lat' dir='ltr'><strong>t&#39;or-</strong></span> 
     </span>
    </p>
   </div>
   <div class='ocr_carea' id='block_1_90' title="bbox 370 4600 3629 4690">
    <p class='ocr_par' dir='ltr' id='par_1_90' title="bbox 370 4600 3629 4690">
     <span class='ocr_line' id='line_1_90' title="bbox 370 4600 3629 4690; baseline 0.001 -25"><span class='ocrx_word' id='word_1_700' title='bbox 370 4612 534 4668; x_wconf 86' lang='lat' dir='ltr'><strong>tassis</strong></span> <span class='ocrx_word' id='word_1_701' title='bbox 557 4629 679 4683; x_wconf 71' lang='lat' dir='ltr'><strong>quae</strong></span> <span class='ocrx_word' id='word_1_702' title='bbox 708 4614 775 4669; x_wconf 92' lang='lat' dir='ltr'><strong>de</strong></span> <span class='ocrx_word' id='word_1_703' title='bbox 800 4614 1201 4671; x_wconf 85' lang='lat' dir='ltr'><strong>resurrectione</strong></span> <span class='ocrx_word' id='word_1_704' title='bbox 1219 4623 1394 4683; x_wconf 91' lang='lat' dir='ltr'><strong>erant,</strong></span> <span class='ocrx_word' id='word_1_705' title='bbox 1423 4625 1514 4670; x_wconf 87' lang='lat' dir='ltr'><strong>aut</strong></span> <span class='ocrx_word' id='word_1_706' title='bbox 1536 4616 1740 4688; x_wconf 85' lang='lat' dir='ltr'><strong>aliquid</strong></span> <span class='ocrx_word' id='word_1_707' title='bbox 1763 4616 2171 4690; x_wconf 69' lang='lat' dir='ltr'><strong>hujusmodiJn</strong></span> <span class='ocrx_word' id='word_1_708' title='bbox 2194 4616 2298 4672; x_wconf 88' lang='lat' dir='ltr'><strong>ﬁde</strong></span> <span class='ocrx_word' id='word_1_709' title='bbox 2314 4616 2638 4687; x_wconf 83' lang='lat' dir='ltr'><strong>itaqueerga</strong></span> <span class='ocrx_word' id='word_1_710' title='bbox 2659 4614 2936 4671; x_wconf 87' lang='lat' dir='ltr'><strong>Christum</strong></span> <span class='ocrx_word' id='word_1_711' title='bbox 2965 4615 3297 4682; x_wconf 84' lang='lat' dir='ltr'><strong>ﬁrmierant,</strong></span> <span class='ocrx_word' id='word_1_712' title='bbox 3320 4628 3428 4669; x_wconf 84' lang='lat' dir='ltr'><strong>non</strong></span> <span class='ocrx_word' id='word_1_713' title='bbox 3449 4600 3629 4669; x_wconf 80' lang='lat' dir='ltr'><strong>avet&#39;si</strong></span> 
     </span>
    </p>
   </div>
   <div class='ocr_carea' id='block_1_91' title="bbox 369 4703 3632 4779">
    <p class='ocr_par' dir='ltr' id='par_1_91' title="bbox 369 4703 3632 4779">
     <span class='ocr_line' id='line_1_91' title="bbox 369 4703 3632 4779; baseline 0.002 -22"><span class='ocrx_word' id='word_1_714' title='bbox 369 4719 466 4773; x_wconf 81' lang='lat' dir='ltr'><strong>per</strong></span> <span class='ocrx_word' id='word_1_715' title='bbox 498 4703 830 4760; x_wconf 87' lang='lat' dir='ltr'><strong>tentatioues</strong></span> <span class='ocrx_word' id='word_1_716' title='bbox 876 4711 932 4761; x_wconf 87' lang='lat' dir='ltr'><strong>et</strong></span> <span class='ocrx_word' id='word_1_717' title='bbox 995 4703 1334 4762; x_wconf 74' lang='lat' dir='ltr'><strong>aﬁlictiones.</strong></span> <span class='ocrx_word' id='word_1_718' title='bbox 1372 4704 1667 4779; x_wconf 87' lang='lat' dir='ltr'><strong>Oportebat</strong></span> <span class='ocrx_word' id='word_1_719' title='bbox 1720 4718 1898 4766; x_wconf 88' lang='lat' dir='ltr'><strong>autem</strong></span> <span class='ocrx_word' id='word_1_720' title='bbox 1948 4725 2044 4767; x_wconf 86' lang='lat' dir='ltr'><strong>eos</strong></span> <span class='ocrx_word' id='word_1_721' title='bbox 2073 4716 2129 4766; x_wconf 86' lang='lat' dir='ltr'><strong>et</strong></span> <span class='ocrx_word' id='word_1_722' title='bbox 2160 4707 2371 4779; x_wconf 82' lang='lat' dir='ltr'><strong>reliqua</strong></span> <span class='ocrx_word' id='word_1_723' title='bbox 2420 4707 2633 4764; x_wconf 84' lang='lat' dir='ltr'><strong>discere</strong></span> <span class='ocrx_word' id='word_1_724' title='bbox 2657 4707 2726 4763; x_wconf 91' lang='lat' dir='ltr'><strong>de</strong></span> <span class='ocrx_word' id='word_1_725' title='bbox 2752 4707 3005 4778; x_wconf 82' lang='lat' dir='ltr'><strong>dogmate</strong></span> <span class='ocrx_word' id='word_1_726' title='bbox 3041 4706 3189 4777; x_wconf 86' lang='lat' dir='ltr'><strong>quod</strong></span> <span class='ocrx_word' id='word_1_727' title='bbox 3213 4707 3355 4779; x_wconf 87' lang='lat' dir='ltr'><strong>apud</strong></span> <span class='ocrx_word' id='word_1_728' title='bbox 3394 4722 3498 4764; x_wconf 87' lang='lat' dir='ltr'><strong>nos</strong></span> <span class='ocrx_word' id='word_1_729' title='bbox 3521 4712 3632 4765; x_wconf 82' lang='lat' dir='ltr'><strong>est.</strong></span> 
     </span>
    </p>
   </div>
   <div class='ocr_carea' id='block_1_92' title="bbox 1002 4815 1388 4871">
    <p class='ocr_par' dir='ltr' id='par_1_92' title="bbox 1002 4815 1388 4871">
     <span class='ocr_line' id='line_1_92' title="bbox 1002 4815 1388 4871; baseline 0.008 -3"><span class='ocrx_word' id='word_1_730' title='bbox 1002 4815 1259 4870; x_wconf 74' lang='grc' dir='ltr'><strong>ΚΕΦΔΛ.</strong></span> <span class='ocrx_word' id='word_1_731' title='bbox 1311 4815 1388 4871; x_wconf 86' lang='grc' dir='ltr'><strong>Γ’.</strong></span> 
     </span>
    </p>
   </div>
   <div class='ocr_carea' id='block_1_93' title="bbox 376 4926 1945 4999">
    <p class='ocr_par' dir='ltr' id='par_1_93' title="bbox 376 4926 1945 4999">
     <span class='ocr_line' id='line_1_93' title="bbox 376 4926 1945 4999; baseline 0.003 -18"><span class='ocrx_word' id='word_1_732' title='bbox 376 4926 546 4999; x_wconf 55' lang='lat' dir='ltr'><em>Eia):</em></span> <span class='ocrx_word' id='word_1_733' title='bbox 577 4927 730 4995; x_wconf 80' lang='grc' dir='ltr'><strong>πρὸς</strong></span> <span class='ocrx_word' id='word_1_734' title='bbox 764 4928 927 4999; x_wconf 3' lang='grc' dir='ltr'>,Θεὸν</span> <span class='ocrx_word' id='word_1_735' title='bbox 964 4929 1100 4997; x_wconf 70' lang='grc' dir='ltr'>περὶ</span> <span class='ocrx_word' id='word_1_736' title='bbox 1135 4928 1394 4998; x_wconf 75' lang='grc' dir='ltr'>ἀφίξεως</span> <span class='ocrx_word' id='word_1_737' title='bbox 1439 4930 1549 4999; x_wconf 80' lang='grc' dir='ltr'>τῆς</span> <span class='ocrx_word' id='word_1_738' title='bbox 1584 4930 1792 4992; x_wconf 84' lang='grc' dir='ltr'>αὑτοῦ.</span> <span class='ocrx_word' id='word_1_739' title='bbox 1844 4933 1945 4988; x_wconf 76' lang='grc' dir='ltr'><strong>καί</strong></span> 
     </span>
    </p>
   </div>
   <div class='ocr_carea' id='block_1_94' title="bbox 446 4997 1949 5066">
    <p class='ocr_par' dir='ltr' id='par_1_94' title="bbox 446 4997 1949 5066">
     <span class='ocr_line' id='line_1_94' title="bbox 446 4997 1949 5066; baseline 0.007 -17"><span class='ocrx_word' id='word_1_740' title='bbox 446 4997 553 5064; x_wconf 83' lang='grc' dir='ltr'><strong>τῆς</strong></span> <span class='ocrx_word' id='word_1_741' title='bbox 612 4998 932 5065; x_wconf 80' lang='grc' dir='ltr'>αὐξήσεως</span> <span class='ocrx_word' id='word_1_742' title='bbox 987 4999 1085 5054; x_wconf 79' lang='grc' dir='ltr'><strong>καί</strong></span> <span class='ocrx_word' id='word_1_743' title='bbox 1141 4997 1533 5066; x_wconf 38' lang='grc' dir='ltr'>βεϐαιώσεως-⁷</span> <span class='ocrx_word' id='word_1_744' title='bbox 1566 5004 1949 5059; x_wconf 70' lang='grc' dir='ltr'>Θεσσαλονι-</span> 
     </span>
    </p>
   </div>
   <div class='ocr_carea' id='block_1_95' title="bbox 444 5068 1565 5137">
    <p class='ocr_par' dir='ltr' id='par_1_95' title="bbox 444 5068 1565 5137">
     <span class='ocr_line' id='line_1_95' title="bbox 444 5068 1565 5137; baseline 0.004 -17"><span class='ocrx_word' id='word_1_745' title='bbox 444 5068 617 5131; x_wconf 78' lang='grc' dir='ltr'>κέων,</span> <span class='ocrx_word' id='word_1_746' title='bbox 644 5068 763 5133; x_wconf 75' lang='grc' dir='ltr'>ἕως</span> <span class='ocrx_word' id='word_1_747' title='bbox 781 5068 892 5137; x_wconf 82' lang='grc' dir='ltr'>τῆς</span> <span class='ocrx_word' id='word_1_748' title='bbox 913 5073 1255 5137; x_wconf 76' lang='grc' dir='ltr'>παρουσίας</span> <span class='ocrx_word' id='word_1_749' title='bbox 1285 5070 1565 5137; x_wconf 82' lang='grc' dir='ltr'>Χριστοῦ.</span> 
     </span>
    </p>
   </div>
   <div class='ocr_carea' id='block_1_96' title="bbox 445 5155 1943 5229">
    <p class='ocr_par' dir='ltr' id='par_1_96' title="bbox 445 5155 1943 5229">
     <span class='ocr_line' id='line_1_96' title="bbox 445 5155 1943 5229; baseline 0.005 -18"><span class='ocrx_word' id='word_1_750' title='bbox 445 5159 640 5224; x_wconf 81' lang='grc' dir='ltr'><strong>Αὐτὸς</strong></span> <span class='ocrx_word' id='word_1_751' title='bbox 673 5155 743 5210; x_wconf 80' lang='grc' dir='ltr'>δὲ</span> <span class='ocrx_word' id='word_1_752' title='bbox 770 5160 804 5212; x_wconf 81' lang='grc' dir='ltr'><em>ὁ</em></span> <span class='ocrx_word' id='word_1_753' title='bbox 844 5159 989 5225; x_wconf 85' lang='grc' dir='ltr'>Θεὸς</span> <span class='ocrx_word' id='word_1_754' title='bbox 1020 5159 1119 5212; x_wconf 80' lang='grc' dir='ltr'><strong>καί</strong></span> <span class='ocrx_word' id='word_1_755' title='bbox 1173 5159 1378 5227; x_wconf 79' lang='grc' dir='ltr'>Πατὴρ</span> <span class='ocrx_word' id='word_1_756' title='bbox 1416 5159 1604 5229; x_wconf 76' lang='grc' dir='ltr'>ἡμῶν,</span> <span class='ocrx_word' id='word_1_757' title='bbox 1635 5155 1732 5215; x_wconf 63' lang='grc' dir='ltr'><strong>καί</strong></span> <span class='ocrx_word' id='word_1_758' title='bbox 1770 5165 1804 5218; x_wconf 80' lang='grc' dir='ltr'><em>ὁ</em></span> <span class='ocrx_word' id='word_1_759' title='bbox 1832 5164 1943 5218; x_wconf 69' lang='lat' dir='ltr'><strong>Kri-</strong></span> 
     </span>
    </p>
   </div>
   <div class='ocr_carea' id='block_1_97' title="bbox 373 5245 1949 5320">
    <p class='ocr_par' dir='ltr' id='par_1_97' title="bbox 373 5245 1949 5320">
     <span class='ocr_line' id='line_1_97' title="bbox 373 5245 1949 5320; baseline 0.004 -19"><span class='ocrx_word' id='word_1_760' title='bbox 373 5262 505 5315; x_wconf 84' lang='grc' dir='ltr'>ριος</span> <span class='ocrx_word' id='word_1_761' title='bbox 529 5245 700 5318; x_wconf 77' lang='grc' dir='ltr'><strong>ἡμῶν</strong></span> <span class='ocrx_word' id='word_1_762' title='bbox 731 5250 974 5316; x_wconf 77' lang='grc' dir='ltr'>Ἰησοῦς</span> <span class='ocrx_word' id='word_1_763' title='bbox 1001 5251 1259 5319; x_wconf 76' lang='grc' dir='ltr'>Χριστὸς</span> <span class='ocrx_word' id='word_1_764' title='bbox 1288 5253 1646 5307; x_wconf 83' lang='grc' dir='ltr'>κατευθύναι</span> <span class='ocrx_word' id='word_1_765' title='bbox 1667 5253 1782 5320; x_wconf 77' lang='grc' dir='ltr'><strong>τὴν</strong></span> <span class='ocrx_word' id='word_1_766' title='bbox 1805 5254 1949 5308; x_wconf 68' lang='grc' dir='ltr'><strong>ὁδὸν</strong></span> 
     </span>
    </p>
   </div>
   <div class='ocr_carea' id='block_1_98' title="bbox 379 5338 1951 5413">
    <p class='ocr_par' dir='ltr' id='par_1_98' title="bbox 379 5338 1951 5413">
     <span class='ocr_line' id='line_1_98' title="bbox 379 5338 1951 5413; baseline 0.005 -22"><span class='ocrx_word' id='word_1_767' title='bbox 379 5338 547 5407; x_wconf 76' lang='grc' dir='ltr'><strong>ἡμῶν</strong></span> <span class='ocrx_word' id='word_1_768' title='bbox 584 5340 736 5408; x_wconf 72' lang='grc' dir='ltr'>πρὸς</span> <span class='ocrx_word' id='word_1_769' title='bbox 769 5339 943 5410; x_wconf 83' lang='grc' dir='ltr'>ὑμᾶς.</span> <span class='ocrx_word' id='word_1_770' title='bbox 981 5339 1167 5411; x_wconf 82' lang='grc' dir='ltr'><em>’Υμᾶς</em></span> <span class='ocrx_word' id='word_1_771' title='bbox 1204 5341 1271 5395; x_wconf 81' lang='grc' dir='ltr'>δὲ</span> <span class='ocrx_word' id='word_1_772' title='bbox 1311 5345 1343 5397; x_wconf 84' lang='grc' dir='ltr'><strong><em>ό</em></strong></span> <span class='ocrx_word' id='word_1_773' title='bbox 1374 5345 1588 5413; x_wconf 76' lang='grc' dir='ltr'>Κύριος</span> <span class='ocrx_word' id='word_1_774' title='bbox 1617 5345 1951 5399; x_wconf 74' lang='grc' dir='ltr'>πλεονάσαι</span> 
     </span>
    </p>
   </div>
   <div class='ocr_carea' id='block_1_99' title="bbox 382 5428 1951 5502">
    <p class='ocr_par' dir='ltr' id='par_1_99' title="bbox 382 5428 1951 5502">
     <span class='ocr_line' id='line_1_99' title="bbox 382 5428 1951 5502; baseline 0.004 -22"><span class='ocrx_word' id='word_1_775' title='bbox 382 5428 479 5481; x_wconf 81' lang='grc' dir='ltr'>καί</span> <span class='ocrx_word' id='word_1_776' title='bbox 506 5429 907 5497; x_wconf 78' lang='grc' dir='ltr'>περισσεύσαι</span> <span class='ocrx_word' id='word_1_777' title='bbox 938 5428 1011 5498; x_wconf 76' lang='grc' dir='ltr'><strong>τῇ</strong></span> <span class='ocrx_word' id='word_1_778' title='bbox 1051 5429 1251 5499; x_wconf 78' lang='grc' dir='ltr'><strong>ἀγάπῃ</strong></span> <span class='ocrx_word' id='word_1_779' title='bbox 1284 5433 1370 5497; x_wconf 84' lang='grc' dir='ltr'>εις</span> <span class='ocrx_word' id='word_1_780' title='bbox 1397 5433 1711 5502; x_wconf 73' lang='grc' dir='ltr'>ἀλλήλους</span> <span class='ocrx_word' id='word_1_781' title='bbox 1740 5435 1838 5488; x_wconf 79' lang='grc' dir='ltr'>καί</span> <span class='ocrx_word' id='word_1_782' title='bbox 1864 5436 1951 5502; x_wconf 82' lang='grc' dir='ltr'>είς</span> 
     </span>
    </p>
   </div>
   <div class='ocr_carea' id='block_1_100' title="bbox 382 5518 1950 5592">
    <p class='ocr_par' dir='ltr' id='par_1_100' title="bbox 382 5518 1950 5592">
     <span class='ocr_line' id='line_1_100' title="bbox 382 5518 1950 5592; baseline 0.005 -21"><span class='ocrx_word' id='word_1_783' title='bbox 382 5518 633 5585; x_wconf 70' lang='grc' dir='ltr'>πάντας,</span> <span class='ocrx_word' id='word_1_784' title='bbox 697 5521 963 5590; x_wconf 76' lang='grc' dir='ltr'>καθάπερ</span> <span class='ocrx_word' id='word_1_785' title='bbox 1010 5522 1107 5575; x_wconf 79' lang='grc' dir='ltr'><strong>καί</strong></span> <span class='ocrx_word' id='word_1_786' title='bbox 1163 5521 1333 5591; x_wconf 74' lang='grc' dir='ltr'>ἡμεῖς</span> <span class='ocrx_word' id='word_1_787' title='bbox 1380 5525 1467 5588; x_wconf 83' lang='grc' dir='ltr'>εις</span> <span class='ocrx_word' id='word_1_788' title='bbox 1514 5525 1691 5592; x_wconf 82' lang='grc' dir='ltr'>ὑμᾶς,</span> <span class='ocrx_word' id='word_1_789' title='bbox 1745 5529 1833 5590; x_wconf 83' lang='grc' dir='ltr'>εις</span> <span class='ocrx_word' id='word_1_790' title='bbox 1884 5525 1950 5579; x_wconf 87' lang='grc' dir='ltr'>τὸ</span> 
     </span>
    </p>
   </div>
   <div class='ocr_carea' id='block_1_101' title="bbox 382 5609 1950 5683">
    <p class='ocr_par' dir='ltr' id='par_1_101' title="bbox 382 5609 1950 5683">
     <span class='ocr_line' id='line_1_101' title="bbox 382 5609 1950 5683; baseline 0.005 -23"><span class='ocrx_word' id='word_1_791' title='bbox 382 5610 659 5675; x_wconf 77' lang='grc' dir='ltr'>στηρίξαι</span> <span class='ocrx_word' id='word_1_792' title='bbox 682 5609 849 5678; x_wconf 76' lang='grc' dir='ltr'><strong>ὑμῶν</strong></span> <span class='ocrx_word' id='word_1_793' title='bbox 876 5614 982 5676; x_wconf 78' lang='grc' dir='ltr'><strong>τὰς</strong></span> <span class='ocrx_word' id='word_1_794' title='bbox 1006 5611 1275 5679; x_wconf 71' lang='grc' dir='ltr'>καρδίας,</span> <span class='ocrx_word' id='word_1_795' title='bbox 1307 5611 1650 5683; x_wconf 80' lang='grc' dir='ltr'>ἀμέμπτους</span> <span class='ocrx_word' id='word_1_796' title='bbox 1681 5615 1749 5666; x_wconf 80' lang='grc' dir='ltr'><strong>ἐν</strong></span> <span class='ocrx_word' id='word_1_797' title='bbox 1775 5615 1950 5683; x_wconf 67' lang='lat' dir='ltr'><strong>dram-</strong></span> 
     </span>
    </p>
   </div>
   <div class='ocr_carea' id='block_1_102' title="bbox 384 5703 1950 5774">
    <p class='ocr_par' dir='ltr' id='par_1_102' title="bbox 384 5703 1950 5774">
     <span class='ocr_line' id='line_1_102' title="bbox 384 5703 1950 5774; baseline 0.001 -19"><span class='ocrx_word' id='word_1_798' title='bbox 384 5703 541 5771; x_wconf 74' lang='grc' dir='ltr'><strong>σύνῃ</strong></span> <span class='ocrx_word' id='word_1_799' title='bbox 578 5703 922 5774; x_wconf 75' lang='grc' dir='ltr'>ἔμπροσθεν</span> <span class='ocrx_word' id='word_1_800' title='bbox 961 5703 1067 5757; x_wconf 83' lang='grc' dir='ltr'>τοῦ</span> <span class='ocrx_word' id='word_1_801' title='bbox 1099 5705 1244 5759; x_wconf 82' lang='grc' dir='ltr'>Θεοῦ</span> <span class='ocrx_word' id='word_1_802' title='bbox 1289 5704 1383 5759; x_wconf 81' lang='grc' dir='ltr'><strong>καί</strong></span> <span class='ocrx_word' id='word_1_803' title='bbox 1419 5706 1649 5774; x_wconf 79' lang='grc' dir='ltr'>Πατρός</span> <span class='ocrx_word' id='word_1_804' title='bbox 1689 5705 1859 5774; x_wconf 72' lang='grc' dir='ltr'><strong>ἡμῶν</strong></span> <span class='ocrx_word' id='word_1_805' title='bbox 1881 5707 1950 5760; x_wconf 79' lang='grc' dir='ltr'><strong>ἐν</strong></span> 
     </span>
    </p>
   </div>
   <div class='ocr_carea' id='block_1_103' title="bbox 386 5792 1947 5867">
    <p class='ocr_par' dir='ltr' id='par_1_103' title="bbox 386 5792 1947 5867">
     <span class='ocr_line' id='line_1_103' title="bbox 386 5792 1947 5867; baseline 0.004 -21"><span class='ocrx_word' id='word_1_806' title='bbox 386 5792 460 5863; x_wconf 78' lang='grc' dir='ltr'>τῇ</span> <span class='ocrx_word' id='word_1_807' title='bbox 491 5796 796 5862; x_wconf 77' lang='grc' dir='ltr'>παρουσίᾳ</span> <span class='ocrx_word' id='word_1_808' title='bbox 823 5795 928 5849; x_wconf 85' lang='grc' dir='ltr'>τοῦ</span> <span class='ocrx_word' id='word_1_809' title='bbox 969 5796 1187 5864; x_wconf 77' lang='grc' dir='ltr'>Κυρίου</span> <span class='ocrx_word' id='word_1_810' title='bbox 1228 5794 1395 5864; x_wconf 73' lang='grc' dir='ltr'><strong>ἡμῶν</strong></span> <span class='ocrx_word' id='word_1_811' title='bbox 1432 5796 1635 5865; x_wconf 77' lang='grc' dir='ltr'>Ἰησοῦ</span> <span class='ocrx_word' id='word_1_812' title='bbox 1667 5799 1947 5867; x_wconf 80' lang='grc' dir='ltr'>Χριστοῦ,</span> 
     </span>
    </p>
   </div>
   <div class='ocr_carea' id='block_1_104' title="bbox 381 5886 1385 5957">
    <p class='ocr_par' dir='ltr' id='par_1_104' title="bbox 381 5886 1385 5957">
     <span class='ocr_line' id='line_1_104' title="bbox 381 5886 1385 5957; baseline 0.002 -16"><span class='ocrx_word' id='word_1_813' title='bbox 381 5888 526 5956; x_wconf 78' lang='grc' dir='ltr'>μετὰ</span> <span class='ocrx_word' id='word_1_814' title='bbox 554 5887 797 5943; x_wconf 76' lang='grc' dir='ltr'><strong>πάντων</strong></span> <span class='ocrx_word' id='word_1_815' title='bbox 834 5887 946 5942; x_wconf 73' lang='grc' dir='ltr'>τῶν</span> <span class='ocrx_word' id='word_1_816' title='bbox 976 5889 1159 5957; x_wconf 71' lang='grc' dir='ltr'>ἁγίων</span> <span class='ocrx_word' id='word_1_817' title='bbox 1178 5886 1385 5944; x_wconf 78' lang='grc' dir='ltr'>αὑτοῦ.</span> 
     </span>
    </p>
   </div>
   <div class='ocr_carea' id='block_1_105' title="bbox 1978 4830 2025 4885">
    <p class='ocr_par' dir='ltr' id='par_1_105' title="bbox 1978 4830 2025 4885">
     <span class='ocr_line' id='line_1_105' title="bbox 1978 4830 2025 4885; baseline 0 0"><span class='ocrx_word' id='word_1_818' title='bbox 1978 4830 2025 4885; x_wconf 86' lang='lat' dir='ltr'><strong>D</strong></span> 
     </span>
    </p>
   </div>
   <div class='ocr_carea' id='block_1_106' title="bbox 2657 4815 2999 4874">
    <p class='ocr_par' dir='ltr' id='par_1_106' title="bbox 2657 4815 2999 4874">
     <span class='ocr_line' id='line_1_106' title="bbox 2657 4815 2999 4874; baseline -0.006 0"><span class='ocrx_word' id='word_1_819' title='bbox 2657 4815 2887 4874; x_wconf 75' lang='lat' dir='ltr'><strong>CAPUT</strong></span> <span class='ocrx_word' id='word_1_820' title='bbox 2910 4816 2999 4874; x_wconf 83' lang='lat' dir='ltr'><strong>Ill.</strong></span> 
     </span>
    </p>
   </div>
   <div class='ocr_carea' id='block_1_107' title="bbox 2052 4926 3630 4996">
    <p class='ocr_par' dir='ltr' id='par_1_107' title="bbox 2052 4926 3630 4996">
     <span class='ocr_line' id='line_1_107' title="bbox 2052 4926 3630 4996; baseline -0.001 -12"><span class='ocrx_word' id='word_1_821' title='bbox 2052 4928 2304 4985; x_wconf 74' lang='lat' dir='ltr'><strong>Precatio</strong></span> <span class='ocrx_word' id='word_1_822' title='bbox 2340 4928 2412 4982; x_wconf 82' lang='lat' dir='ltr'><strong>ad</strong></span> <span class='ocrx_word' id='word_1_823' title='bbox 2442 4927 2606 4982; x_wconf 77' lang='lat' dir='ltr'><strong>Deum</strong></span> <span class='ocrx_word' id='word_1_824' title='bbox 2645 4926 2711 4981; x_wconf 78' lang='lat' dir='ltr'><strong>de</strong></span> <span class='ocrx_word' id='word_1_825' title='bbox 2743 4926 2972 4982; x_wconf 72' lang='lat' dir='ltr'><strong>aduentu</strong></span> <span class='ocrx_word' id='word_1_826' title='bbox 2998 4943 3115 4996; x_wconf 82' lang='lat' dir='ltr'><strong>suo,</strong></span> <span class='ocrx_word' id='word_1_827' title='bbox 3164 4938 3215 4984; x_wconf 77' lang='lat' dir='ltr'><strong>et</strong></span> <span class='ocrx_word' id='word_1_828' title='bbox 3261 4939 3522 4984; x_wconf 66' lang='lat' dir='ltr'><strong>cremetur:</strong></span> <span class='ocrx_word' id='word_1_829' title='bbox 3567 4945 3630 4983; x_wconf 81' lang='lat' dir='ltr'><strong>ac</strong></span> 
     </span>
    </p>
   </div>
   <div class='ocr_carea' id='block_1_108' title="bbox 2121 4997 3628 5124">
    <p class='ocr_par' dir='ltr' id='par_1_108' title="bbox 2121 4997 3628 5124">
     <span class='ocr_line' id='line_1_108' title="bbox 2121 4997 3628 5124; baseline -0.001 -70"><span class='ocrx_word' id='word_1_830' title='bbox 2121 4999 2531 5124; x_wconf 43' lang='lat' dir='ltr'><strong>conﬂagratione</strong></span> <span class='ocrx_word' id='word_1_831' title='bbox 2572 4997 3131 5053; x_wconf 75' lang='lat' dir='ltr'><strong>Tltessaloniceusium</strong></span> <span class='ocrx_word' id='word_1_832' title='bbox 3171 5004 3413 5069; x_wconf 73' lang='lat' dir='ltr'><strong>usquead</strong></span> <span class='ocrx_word' id='word_1_833' title='bbox 3438 5002 3628 5054; x_wconf 71' lang='lat' dir='ltr'><strong>adven-</strong></span> 
     </span>
     <span class='ocr_line' id='line_1_109' title="bbox 2121 5078 2469 5123; baseline -0.003 0"><span class='ocrx_word' id='word_1_834' title='bbox 2121 5080 2231 5123; x_wconf 87' lang='lat' dir='ltr'><strong>tum</strong></span> <span class='ocrx_word' id='word_1_835' title='bbox 2312 5078 2469 5123; x_wconf 72' lang='lat' dir='ltr'><strong>tristi.</strong></span> 
     </span>
    </p>
   </div>
   <div class='ocr_carea' id='block_1_109' title="bbox 2121 5156 3627 5229">
    <p class='ocr_par' dir='ltr' id='par_1_109' title="bbox 2121 5156 3627 5229">
     <span class='ocr_line' id='line_1_110' title="bbox 2121 5156 3627 5229; baseline -0.001 -14"><span class='ocrx_word' id='word_1_836' title='bbox 2121 5158 2210 5224; x_wconf 85' lang='lat' dir='ltr'><strong>lll,</strong></span> <span class='ocrx_word' id='word_1_837' title='bbox 2244 5159 2433 5215; x_wconf 75' lang='grc'><strong>11-15.</strong></span> <span class='ocrx_word' id='word_1_838' title='bbox 2498 5156 2622 5229; x_wconf 74' lang='lat' dir='ltr'><strong>Ipse</strong></span> <span class='ocrx_word' id='word_1_839' title='bbox 2669 5175 2787 5214; x_wconf 75' lang='lat' dir='ltr'><strong>vero</strong></span> <span class='ocrx_word' id='word_1_840' title='bbox 2840 5158 2984 5215; x_wconf 77' lang='lat' dir='ltr'><strong>Deus</strong></span> <span class='ocrx_word' id='word_1_841' title='bbox 3037 5170 3085 5215; x_wconf 79' lang='lat' dir='ltr'><strong>et</strong></span> <span class='ocrx_word' id='word_1_842' title='bbox 3135 5158 3299 5217; x_wconf 87' lang='lat' dir='ltr'><strong>Pater</strong></span> <span class='ocrx_word' id='word_1_843' title='bbox 3348 5171 3525 5217; x_wconf 81' lang='lat' dir='ltr'><strong>noster</strong></span> <span class='ocrx_word' id='word_1_844' title='bbox 3578 5168 3627 5215; x_wconf 86' lang='lat' dir='ltr'><strong>ct</strong></span> 
     </span>
    </p>
   </div>
   <div class='ocr_carea' id='block_1_110' title="bbox 2057 5247 3625 5323">
    <p class='ocr_par' dir='ltr' id='par_1_110' title="bbox 2057 5247 3625 5323">
     <span class='ocr_line' id='line_1_111' title="bbox 2057 5247 3625 5323; baseline -0.003 -19"><span class='ocrx_word' id='word_1_845' title='bbox 2057 5250 2314 5304; x_wconf 84' lang='lat' dir='ltr'><strong>Dominus</strong></span> <span class='ocrx_word' id='word_1_846' title='bbox 2340 5259 2519 5304; x_wconf 82' lang='lat' dir='ltr'><strong>noster</strong></span> <span class='ocrx_word' id='word_1_847' title='bbox 2553 5247 2711 5304; x_wconf 82' lang='lat' dir='ltr'><strong>Jesus</strong></span> <span class='ocrx_word' id='word_1_848' title='bbox 2743 5249 2986 5307; x_wconf 78' lang='lat' dir='ltr'><strong>Christus</strong></span> <span class='ocrx_word' id='word_1_849' title='bbox 3007 5250 3204 5323; x_wconf 77' lang='lat' dir='ltr'><strong>dirigat</strong></span> <span class='ocrx_word' id='word_1_850' title='bbox 3235 5253 3625 5306; x_wconf 80' lang='lat' dir='ltr'><strong>viamnoslram</strong></span> 
     </span>
    </p>
   </div>
   <div class='ocr_carea' id='block_1_111' title="bbox 2054 5341 3626 5401">
    <p class='ocr_par' dir='ltr' id='par_1_111' title="bbox 2054 5341 3626 5401">
     <span class='ocr_line' id='line_1_112' title="bbox 2054 5341 3626 5401; baseline -0.001 -2"><span class='ocrx_word' id='word_1_851' title='bbox 2054 5344 2122 5399; x_wconf 83' lang='lat' dir='ltr'><strong>ad</strong></span> <span class='ocrx_word' id='word_1_852' title='bbox 2153 5360 2260 5399; x_wconf 72' lang='lat' dir='ltr'><strong>eos.</strong></span> <span class='ocrx_word' id='word_1_853' title='bbox 2302 5341 2404 5399; x_wconf 84' lang='lat' dir='ltr'><strong>Vos</strong></span> <span class='ocrx_word' id='word_1_854' title='bbox 2463 5353 2640 5398; x_wconf 85' lang='lat' dir='ltr'><strong>autem</strong></span> <span class='ocrx_word' id='word_1_855' title='bbox 2714 5343 2973 5401; x_wconf 77' lang='lat' dir='ltr'><strong>Dominus</strong></span> <span class='ocrx_word' id='word_1_856' title='bbox 3039 5343 3371 5401; x_wconf 70' lang='lat' dir='ltr'><strong>abundantes</strong></span> <span class='ocrx_word' id='word_1_857' title='bbox 3435 5343 3626 5400; x_wconf 73' lang='lat' dir='ltr'><strong>exube-</strong></span> 
     </span>
    </p>
   </div>
   <div class='ocr_carea' id='block_1_112' title="bbox 2056 5436 3623 5506">
    <p class='ocr_par' dir='ltr' id='par_1_112' title="bbox 2056 5436 3623 5506">
     <span class='ocr_line' id='line_1_113' title="bbox 2056 5436 3623 5506; baseline 0.001 -18"><span class='ocrx_word' id='word_1_858' title='bbox 2056 5448 2234 5490; x_wconf 78' lang='lat' dir='ltr'><strong>rantes</strong></span> <span class='ocrx_word' id='word_1_859' title='bbox 2268 5436 2438 5506; x_wconf 82' lang='lat' dir='ltr'><strong>faciat</strong></span> <span class='ocrx_word' id='word_1_860' title='bbox 2464 5445 2653 5490; x_wconf 87' lang='lat' dir='ltr'><strong>mutua</strong></span> <span class='ocrx_word' id='word_1_861' title='bbox 2675 5436 2818 5489; x_wconf 81' lang='lat' dir='ltr'><strong>inter</strong></span> <span class='ocrx_word' id='word_1_862' title='bbox 2864 5454 2951 5493; x_wconf 79' lang='lat' dir='ltr'><strong>uos</strong></span> <span class='ocrx_word' id='word_1_863' title='bbox 3013 5438 3273 5493; x_wconf 79' lang='lat' dir='ltr'><strong>charitate</strong></span> <span class='ocrx_word' id='word_1_864' title='bbox 3331 5437 3387 5491; x_wconf 88' lang='lat' dir='ltr'><strong>in</strong></span> <span class='ocrx_word' id='word_1_865' title='bbox 3424 5451 3623 5498; x_wconf 78' lang='lat' dir='ltr'><strong>omnes,</strong></span> 
     </span>
    </p>
   </div>
   <div class='ocr_carea' id='block_1_113' title="bbox 2052 5526 3626 5599">
    <p class='ocr_par' dir='ltr' id='par_1_113' title="bbox 2052 5526 3626 5599">
     <span class='ocr_line' id='line_1_114' title="bbox 2052 5526 3626 5599; baseline 0.001 -19"><span class='ocrx_word' id='word_1_866' title='bbox 2052 5526 2493 5597; x_wconf 84' lang='lat' dir='ltr'><strong>quemadmodum</strong></span> <span class='ocrx_word' id='word_1_867' title='bbox 2514 5539 2563 5581; x_wconf 81' lang='lat' dir='ltr'><strong>et</strong></span> <span class='ocrx_word' id='word_1_868' title='bbox 2607 5544 2699 5583; x_wconf 82' lang='lat' dir='ltr'><strong>nos</strong></span> <span class='ocrx_word' id='word_1_869' title='bbox 2730 5529 2787 5583; x_wconf 78' lang='lat' dir='ltr'><strong>in</strong></span> <span class='ocrx_word' id='word_1_870' title='bbox 2820 5544 2932 5593; x_wconf 76' lang='lat' dir='ltr'><strong>vos,</strong></span> <span class='ocrx_word' id='word_1_871' title='bbox 2951 5530 3224 5599; x_wconf 77' lang='lat' dir='ltr'><strong>conﬁrmet</strong></span> <span class='ocrx_word' id='word_1_872' title='bbox 3248 5526 3408 5584; x_wconf 84' lang='lat' dir='ltr'><strong>corda</strong></span> <span class='ocrx_word' id='word_1_873' title='bbox 3431 5538 3626 5593; x_wconf 74' lang='lat' dir='ltr'><strong>vestra,</strong></span> 
     </span>
    </p>
   </div>
   <div class='ocr_carea' id='block_1_114' title="bbox 2052 5614 3631 5688">
    <p class='ocr_par' dir='ltr' id='par_1_114' title="bbox 2052 5614 3631 5688">
     <span class='ocr_line' id='line_1_115' title="bbox 2052 5614 3631 5688; baseline -0.001 -17"><span class='ocrx_word' id='word_1_874' title='bbox 2052 5617 2531 5688; x_wconf 72' lang='lat' dir='ltr'><strong>irreprchensibiies</strong></span> <span class='ocrx_word' id='word_1_875' title='bbox 2566 5619 2619 5674; x_wconf 88' lang='lat' dir='ltr'><strong>in</strong></span> <span class='ocrx_word' id='word_1_876' title='bbox 2638 5620 2995 5673; x_wconf 82' lang='lat' dir='ltr'><strong>sanctimonia</strong></span> <span class='ocrx_word' id='word_1_877' title='bbox 3026 5617 3334 5673; x_wconf 75' lang='lat' dir='ltr'><strong>coramDeo</strong></span> <span class='ocrx_word' id='word_1_878' title='bbox 3369 5626 3415 5672; x_wconf 72' lang='lat' dir='ltr'><strong>et</strong></span> <span class='ocrx_word' id='word_1_879' title='bbox 3462 5614 3631 5673; x_wconf 72' lang='lat' dir='ltr'><strong>Patre</strong></span> 
     </span>
    </p>
   </div>
   <div class='ocr_carea' id='block_1_115' title="bbox 2061 5708 3630 5770">
    <p class='ocr_par' dir='ltr' id='par_1_115' title="bbox 2061 5708 3630 5770">
     <span class='ocr_line' id='line_1_116' title="bbox 2061 5708 3630 5770; baseline -0.003 -5"><span class='ocrx_word' id='word_1_880' title='bbox 2061 5722 2240 5766; x_wconf 86' lang='lat' dir='ltr'><strong>nostro</strong></span> <span class='ocrx_word' id='word_1_881' title='bbox 2272 5715 2323 5768; x_wconf 85' lang='lat' dir='ltr'><strong>in</strong></span> <span class='ocrx_word' id='word_1_882' title='bbox 2357 5714 2580 5770; x_wconf 76' lang='lat' dir='ltr'><strong>adventu</strong></span> <span class='ocrx_word' id='word_1_883' title='bbox 2606 5713 2819 5769; x_wconf 87' lang='lat' dir='ltr'><strong>Domini</strong></span> <span class='ocrx_word' id='word_1_884' title='bbox 2842 5711 2970 5769; x_wconf 79' lang='lat' dir='ltr'><strong>Iesu</strong></span> <span class='ocrx_word' id='word_1_885' title='bbox 3003 5710 3204 5767; x_wconf 75' lang='lat' dir='ltr'><strong>Christi</strong></span> <span class='ocrx_word' id='word_1_886' title='bbox 3239 5725 3357 5766; x_wconf 82' lang='lat' dir='ltr'><strong>cum</strong></span> <span class='ocrx_word' id='word_1_887' title='bbox 3377 5708 3630 5766; x_wconf 65' lang='lat' dir='ltr'><strong>munibus</strong></span> 
     </span>
    </p>
   </div>
   <div class='ocr_carea' id='block_1_116' title="bbox 2058 5805 2406 5875">
    <p class='ocr_par' dir='ltr' id='par_1_116' title="bbox 2058 5805 2406 5875">
     <span class='ocr_line' id='line_1_117' title="bbox 2058 5805 2406 5875; baseline 0.011 -18"><span class='ocrx_word' id='word_1_888' title='bbox 2058 5807 2254 5862; x_wconf 80' lang='lat' dir='ltr'><strong>sanctis</strong></span> <span class='ocrx_word' id='word_1_889' title='bbox 2275 5805 2406 5875; x_wconf 79' lang='lat' dir='ltr'><strong>ejus.</strong></span> 
     </span>
    </p>
   </div>
  </div>
