4036 6612
421 457 496 520 SR
1481 473 1878 536 (ECUMENII
1916 475 2204 537 TRICC/E
2231 479 2571 546 EPISCOPI
2811 517 2814 519 -
3598 489 3668 555 84

497 576 610 636 Hoc
649 580 769 635 loco
841 597 939 653 per
977 586 1348 654 precationem
1374 605 1505 647 suas
1528 608 1750 664 quoque
1812 601 1998 666 partes
2028 598 2072 654 A

427 679 630 728 tuetur.
671 673 789 729 Non
816 674 937 741 fuit,
962 678 1161 749 inquit,
1201 697 1317 738 mea
1346 685 1674 756 negligentia
1709 689 1855 758 quod
1887 703 1996 744 non

426 765 666 820 venerim
705 782 870 822 :nam
906 770 1022 839 ipse
1049 787 1262 841 precor,
1321 783 1379 829 ut
1433 779 1682 844 veniam;
1737 789 1997 849 tanquam

427 855 634 912 diceret
663 875 678 912 :
704 859 846 915 Deus
874 862 1104 918 obsistat
1166 865 1400 932 Satanae,
1457 869 1549 938 qui
1588 872 1792 942 ubique
1841 874 2000 928 nobis

428 949 818 1019 impedimento
841 963 927 1010 est
949 971 1045 1025 per
1089 973 1218 1014 suas
1256 962 1586 1019 tentationes
1625 981 1638 1018 :
1685 982 1796 1034 quo
1853 977 1999 1021 recto

430 1040 499 1095 ad
518 1057 616 1098 vos
639 1044 834 1101 itinere
863 1048 1168 1105 veniamus.
1195 1069 1213 1103 ι
1242 1053 1597 1110 Abundantcs
1617 1056 1800 1112 faciat.
1818 1078 1836 1110 ι
1862 1058 1999 1114 νίιιο

426 1142 686 1202 quantam
721 1137 833 1192 vult
873 1153 996 1195 esse
1035 1142 1381 1211 cbaritatem,
1429 1149 1574 1217 quod
1604 1149 1766 1204 etiam
1811 1166 1999 1220 preca-

424 1233 536 1290 tur,
571 1237 630 1280 ut
661 1229 950 1286 abundent.
995 1240 1048 1287 et
1073 1235 1373 1293 exuberent
1407 1240 1459 1293 in
1512 1241 1799 1298 charitate.
1841 1264 1858 1296 ι
1883 1245 1999 1300 Mu-

425 1324 518 1371 tua
555 1318 698 1375 inter
736 1338 832 1377 vos
855 1331 909 1377 et
945 1324 997 1379 in
1030 1340 1240 1384 omnes.
1281 1348 1300 1380 ι
1343 1329 1455 1386 Hoc
1482 1334 1625 1387 enim
1656 1335 1998 1393 Christiano-

425 1421 548 1463 rum
580 1420 684 1475 εει,
718 1421 776 1466 ut
809 1429 917 1470 non
950 1425 1164 1473 tantum
1235 1421 1433 1479 fratres
1468 1425 1719 1496 diligant,
1775 1443 1998 1484 verum-

423 1499 586 1553 etiam
620 1515 812 1558 omnes
847 1505 1493 1573 homines,etcredentes
1549 1525 1604 1570 et
1661 1517 1994 1576 incredulos.

430 1608 449 1641 ι
483 1590 948 1655 Quemadmodum
985 1607 1040 1653 et
1067 1615 1167 1655 nos
1191 1602 1244 1657 in
1278 1619 1395 1660 vos.
1433 1624 1451 1659 ι
1481 1605 1680 1664 Nostra
1730 1613 1873 1666 enim
1909 1613 1994 1667 di-

425 1682 587 1739 lectio
615 1684 728 1754 jam
757 1686 930 1750 adest,
957 1699 1196 1746 vestram
1226 1710 1358 1750 vero
1385 1696 1501 1752 ﬁeri
1531 1707 1807 1769 Optamus.
1862 1723 1880 1756 ι
1926 1703 1996 1760 Ut

425 1774 736 1831 conﬁrmet.
779 1795 797 1828 ι
837 1779 999 1852 168
1030 1781 1100 1837 Ut
1145 1785 1404 1852 charitas,
1461 1789 1661 1860 inquit,
1709 1794 1996 1851 conﬁrmet

424 1867 590 1922 corda
621 1877 826 1925 vestra.
862 1871 997 1927 Nam
1033 1875 1077 1930 si
1140 1876 1258 1946 ipsa
1295 1880 1580 1949 exuberet,
1645 1885 1993 1942 conﬁrmatio

2185 601 2454 674 Ἐνταῦθα
2487 605 2574 658 διὰ
2600 605 2701 672 τῆς
2731 604 2894 678 εὐχῆς
2924 607 3038 679 ἃμα
3069 607 3162 662 καὶ
3188 607 3560 678 ἀπολογεῖται,
3591 607 3673 663 ὅτι

2103 690 2162 743 ού
2199 695 2329 762 παρ’
2362 694 2524 764 ἐμὴν,
2565 698 2748 764 φησὶν,
2784 698 3044 768 ἀμέλειαν
3072 701 3172 753 οὐκ
3195 695 3389 770 ἦλθονο
3428 701 3524 753 καὶ
3561 702 3670 773 γὰρ

2103 784 2196 836 καὶ
2214 784 2342 854 εὐχὴ
2379 804 2488 855 μοι,
2527 793 2682 857 φησι,
2715 789 2775 842 τδ
2808 790 3002 856 ἐλθεῖν,
3036 791 3166 844 ὡσεὶ
3193 791 3377 859 ἔλεγεν
3399 792 3506 845 ’.Ὀ
3541 792 3674 852 Θεὸς

2101 876 2330 947 ἐκκόψαι
2364 877 2454 932 τὸν
2503 880 2746 935 Σατανᾶν
2776 881 2866 936 τὸν
2918 882 3196 953 πανταχοῦ
3245 885 3375 953 ἡμῖν
3417 883 3505 936 διὰ
3558 884 3667 936 τῶν

2102 971 2424 1040 πειρασμῶν
2458 972 2842 1041 ἐμποδίζοντα,
2896 975 2980 1028 ἵνα
3014 975 3180 1044 ὀρθὴν
3209 974 3327 1028 ὁδὸν
3365 975 3501 1044 πρὸς
3529 976 3673 1041 ὑμᾶς

2101 1061 2477 1132 ποιησώμεθα.
2533 1083 2552 1114 ι
2601 1064 2922 1119 Πλεονάσαι.
2963 1083 2981 1115 ι
3037 1065 3180 1135 ’Ὀρα
3229 1066 3404 1135 πόσην
3452 1067 3672 1134 ἀγάπην

2102 1147 2241 1204 εἶναι
2279 1151 2551 1222 βούλεται,
2583 1155 2664 1206 ὅτι
2699 1155 2794 1207 καὶ
2826 1155 3122 1208 πλεονάσαι
3174 1157 3265 1209 καὶ
3313 1154 3671 1223 περισσεῦσαι

2102 1243 2298 1306 αὐτοὺς
2325 1244 2383 1296 ἐν
2411 1245 2477 1313 τῇ
2512 1245 2700 1316 ἀγάπῃ
2731 1243 2972 1314 εῦχεται.
3008 1265 3026 1296 ι
3055 1246 3148 1308 Είς
3179 1245 3438 1314 ἀλλήλους
3471 1245 3564 1297 καὶ
3589 1249 3669 1305 εἰς

2102 1334 2332 1397 πάντας.
2363 1354 2380 1386 ι
2415 1336 2584 1388 Τοῦτο
2614 1341 2720 1407 γὰρ
2753 1337 3117 1408 Χριστιανῶν,
3146 1336 3207 1387 τὸ
3241 1337 3314 1406 μὴ
3351 1338 3509 1406 μόνον
3542 1338 3667 1400 τοὺς

2106 1426 2368 1496 ἀδελφοὺς
2403 1427 2644 1498 ἀγαπᾷν,
2671 1427 2807 1481 ἀλλὰ
2835 1429 2928 1481 καὶ
2965 1429 3172 1492 πάντας
3211 1426 3550 1499 ἀνθρώπους,
3573 1427 3669 1480 καὶ

2101 1519 2348 1583 πιστοὺς,
2401 1520 2492 1571 καὶ
2542 1520 2824 1583 ἀπίστους.
2871 1539 2887 1572 ι
2935 1520 3205 1590 Καθάπερ
3240 1520 3335 1572 καὶ
3378 1521 3537 1589 ἡμεῖς
3591 1521 3669 1580 εἰς

2099 1611 2266 1678 ὑμᾶς.
2305 1632 2323 1663 ι
2378 1611 2452 1664 Τὸ
2485 1612 2580 1681 μὲν
2627 1611 2786 1682 ημῶν
2819 1613 3074 1684 πάρεστι,
3121 1612 3284 1683 φησὶ,
3318 1611 3378 1664 τὸ
3411 1611 3467 1664 δὲ
3515 1611 3670 1679 ὑμῶν

2098 1703 2351 1769 γενέσθαι
2413 1703 2707 1772 εὐχόμεθα.
2745 1722 2765 1756 ι
2790 1704 2883 1766 Εἰς
2909 1704 2971 1757 τὸ
3001 1703 3273 1775 στηρίξαι.
3309 1721 3327 1754 ι
3356 1703 3449 1765 Εἰς
3477 1702 3535 1754 τὸ
3571 1703 3668 1771 τὴν

2099 1797 2339 1865 ἀγάπην,
2378 1797 2533 1866 φησὶ.
2566 1798 2816 1869 στηρίξαι
2845 1798 2999 1868 ὑμῶν
3029 1798 3126 1861 τὰς
3145 1798 3395 1866 καρδίας.
3432 1798 3528 1849 Ἂν
3560 1795 3670 1864 γὰρ

2100 1889 2238 1960 αύτὴ
2302 1889 2626 1961 περισσεύῃ,
2660 1891 2964 1961 στηριγμός
3010 1892 3124 1943 ἐστι
3172 1889 3281 1943 τῶν
3312 1887 3668 1958 κεκτημένων

425 1957 661 2014 eﬁlcitur
685 1977 874 2016 eorum
907 1965 1000 2034 qui
1021 1965 1192 2036 ipsam
1232 1971 1376 2026 nacti
1409 1982 1557 2029 sunt.
1593 1974 1768 2032 Corda
1789 1987 1992 2044 vestra,

2102 1945 2292 2052 αὐτην.
2322 1945 2454 2052 (Td;
2483 1945 2710 2052 καρδίας
2989 1981 3135 2051 Αὕτη
3176 1979 3283 2052 γὰρ
3315 1980 3410 2033 καὶ
3443 1945 3532 2031 vi)»;
3562 1977 3668 2030 ἔσω

426 2050 521 2104 ait.
554 2049 680 2107 Haec
717 2053 861 2108 enim
895 2067 1019 2112 nata
1043 2069 1148 2123 est,
1177 2070 1233 2115 ut
1268 2064 1588 2122 interiorem
1622 2085 1842 2140 quoque
1898 2072 1999 2126 lio-

424 2140 624 2196 minem
673 2146 977 2204 conﬁrmet.
1035 2148 1316 2220 Siquidem
1369 2157 1640 2224 prohibet,
1695 2176 1764 2216 ne
1817 2176 1997 2230 prava:

423 2233 782 2304 cogitationes
831 2255 898 2294 ex
927 2241 1044 2312 ipsa
1083 2245 1452 2313 egrediantur.
1505 2249 1703 2306 Beatus
1758 2252 1994 2312 Basilius

424 2325 562 2383 libro
587 2328 654 2384 ad
683 2329 1153 2401 Amphilochium,
1190 2337 1282 2392 ubi
1324 2338 1390 2392 de
1414 2340 1600 2398 divino
1635 2343 1854 2399 disserit
1881 2346 1993 2417 spi-

421 2417 556 2484 ritu,
596 2421 674 2474 ait
712 2420 940 2478 Paulum
965 2440 1111 2481 nunc
1164 2431 1377 2498 precari
1415 2430 1680 2502 Spiritum
1713 2446 1990 2492 sanctum.

423 2505 557 2573 Quis
583 2508 728 2563 enim
752 2519 857 2574 est,
890 2512 1088 2582 inquit,
1111 2517 1207 2585 qui
1235 2517 1399 2572 corda
1431 2518 1676 2589 ipsorum
1719 2524 1771 2577 in
1808 2525 1992 2580 chari-

423 2605 538 2654 tate
569 2600 898 2659 conﬁrmare
956 2613 1142 2675 posset
1187 2622 1375 2664 coram
1428 2610 1536 2668 Deo
1585 2613 1639 2668 in
1703 2618 1993 2682 praesentia

425 2690 748 2749 ﬁlii?Sane
791 2695 1038 2765 spiritus.
1096 2700 1234 2768 Quis
1282 2713 1462 2759 autem
1511 2707 1677 2761 alium
1739 2721 1995 2780 precatur

423 2797 587 2852 quam
613 2783 785 2841 Deum
813 2789 837 2842 ἲ
873 2806 891 2839 ι
925 2787 1060 2846 Vota
1093 2807 1231 2860 mea,
1265 2794 1461 2865 inquit,
1493 2801 1607 2854 sive
1629 2815 1820 2870 preces
1843 2818 1994 2860 meas

422 2871 659 2932 Domino
690 2878 912 2933 reddam
944 2880 1007 2936 ".
1050 2901 1068 2934 ι
1116 2883 1192 2938 lbi
1241 2885 1638 2945 animadverte.
1671 2908 1690 2944 ι
1751 2891 1995 2964 Irrepre-

425 2966 725 3024 hensibiles
777 2971 830 3026 in
892 2975 1277 3033 sanctimonia.
1328 2998 1347 3032 ι
1415 2979 1728 3039 Suﬂiciebat
1774 2985 1992 3056 quidem

424 3057 611 3117 dicere
630 3061 1173 3135 lrreprehensibiles;
1203 3087 1349 3127 nunc
1369 3084 1550 3130 autem
1578 3076 1786 3132 addidit
1819 3079 1989 3134 etiam

423 3150 482 3206 In
511 3155 894 3223 sanctimonia,
943 3159 1048 3215 hoc
1105 3171 1211 3226 est,
1277 3165 1332 3219 in
1390 3167 1647 3235 puritate.
1701 3168 1818 3226 Non
1861 3171 1995 3226 dicit

2101 2073 2388 2142 ἄνθρωπον
2428 2073 2703 2144 στηρίζειν
2750 2074 2990 2142 πέφυκε.
3025 2071 3372 2140 Κωλύειγὰρ
3395 2069 3667 2122 ἐκϐαίνειν

2097 2165 2156 2228 ἐξ
2184 2166 2354 2235 αὐτῆς
2380 2165 2760 2234 διαλογισμοὺς
2787 2164 3078 2234 πονηρούς.
3117 2164 3176 2216 ’0
3212 2161 3474 2231 μακάριος
3507 2161 3670 2213 Βασίη

2096 2250 2239 2314 λειος
2298 2253 2355 2304 ὲν
2398 2252 2477 2324 τῷ
2540 2252 2675 2322 πρὸς
2728 2252 3082 2322 Ἀμφιλόχιον
3130 2253 3258 2306 ἔνθα
3307 2252 3548 2314 θεολογεῖ
3606 2249 3669 2302 τὸ

2095 2343 2334 2412 πνεῦμα,
2368 2342 2503 2412 φησὶ
2538 2343 2630 2396 τὸν
2658 2343 2892 2408 Παῦλον,
2942 2345 3072 2398 αὐτὸ
3114 2345 3177 2398 τὸ
3211 2343 3366 2412 ἅγιον
3414 2341 3669 2412 εὔχεσθαι

2097 2434 2323 2503 Πνεῦμα
2353 2434 2469 2488 νῦν.
2501 2433 2598 2498 Τίς
2629 2435 2738 2505 γὰρ
2765 2437 2793 2489 ὁ
2837 2434 3113 2506 στηρίξαι,
3166 2436 3353 2505 φησὶν,
3392 2435 3449 2487 ἐν
3479 2433 3666 2502 ἀγάπῃ

2095 2526 2193 2589 τὰς
2221 2525 2450 2596 καρδίας
2499 2527 2680 2579 αὐτῶν
2709 2527 2848 2598 ἔχων
2889 2526 3198 2599 ἔμπροσθεν
3227 2525 3320 2580 τοῦ
3359 2525 3568 2593 [ἰατρὸς
3609 2526 3668 2576 ἐν

2102 2621 2167 2689 τῇ
2203 2619 2477 2690 παρουσίᾳ
2507 2619 2600 2672 τοῦ
2633 2619 2799 2685 Υίοῦ;
2830 2621 3070 2690 δηλονότι
3109 2621 3167 2674 τὸ
3213 2618 3450 2688 πνεῦμα.
3481 2617 3575 2680 Τίς
3609 2616 3666 2669 δὲ

2097 2708 2318 2780 εὕχεται
2359 2710 2554 2781 ἑτέρῳ,
2607 2712 2746 2781 πλὴν
2787 2711 2940 2781 Θεῷ;
2987 2733 3004 2762 ι
3039 2713 3148 2775 Τὰς
3183 2711 3346 2780 εὐχάς
3389 2724 3488 2780 μου
3532 2708 3664 2779 γὰρ,

2099 2801 2258 2873 φησὶ,
2292 2803 2370 2873 τῷ
2399 2804 2591 2874 Κυρίῳ
2615 2803 2896 2861 ἀποδώσω.
2921 2823 2940 2856 s
2963 2805 3108 2858 Ἐκεῖ
3141 2804 3394 2875 πρόσχες.
3419 2824 3435 2852 ι
3457 2803 3512 2855 Ἀ
3525 2801 3588 2871 μέ
3599 2819 3668 2871 μ-

2097 2911 2265 2956 πτους
2312 2897 2370 2949 ἐν
2410 2894 2710 2969 ἁγιωσύνῃ.
2743 2915 2761 2949 ι
2827 2897 3026 2968 Ἤρκει
3067 2896 3166 2966 μὲν
3211 2895 3274 2948 τὸ
3319 2895 3665 2964 ἀμέμπτους,

2095 2983 2188 3038 νῦν
2213 2984 2270 3038 δὲ
2304 2985 2398 3040 καὶ
2427 2985 2506 3052 τὸ,
2546 2987 2634 3040 Ἐν
2657 2987 2954 3060 ἁγιωσύνῃ,
2977 2987 3380 3060 προστέθεικεν,
3406 2980 3538 3050 οἷον,
3577 2984 3667 3036 Ἐν

2097 3075 2448 3146 καθαρότητι.
2483 3076 2558 3129 Ού
2597 3077 2748 3146 λέγει
2801 3079 2854 3132 δὲ
2891 3080 3016 3148 περὶ
3058 3077 3414 3149 σωφροσύνης
3469 3075 3662 3145 μόνης.

2096 3165 2232 3219 ἀλλὰ
2283 3165 2380 3222 καὶ
2431 3166 2560 3238 περὶ⁵
2617 3169 2800 3238 πάσης
2831 3169 3052 3238 ἀρετῆς.
3078 3169 3248 3222 Τοῦτο
3299 3168 3407 3239 γὰρ
3448 3164 3667 3235 ἀληθῶς

422 3251 602 3298 autem
631 3245 696 3300 de
723 3248 841 3302 sola
871 3249 1157 3319 pudicitia,
1191 3254 1286 3309 sed
1313 3266 1368 3311 et
1398 3256 1467 3312 de
1515 3259 1664 3313 omni
1725 3260 1925 3316 virtute
1971 3281 1985 3317 :

2098 3259 2387 3329 ἁγιασμὸς,
2425 3258 2487 3313 τὸ
2539 3261 2738 3324 παντὸς
2777 3259 2950 3330 ῥύπου
2995 3259 3236 3330 καθαρὸν
3270 3255 3430 3314 εἶναι.
3475 3277 3494 3310 ι
3522 3259 3666 3326 Ἔμ-

423 3345 550 3385 nam
571 3331 625 3387 id
658 3349 785 3390 vere
812 3339 1172 3396 sanctimonia
1192 3350 1294 3407 est,
1326 3343 1396 3398 ab
1422 3347 1570 3401 omni
1598 3349 1763 3404 sorde
1792 3365 1989 3420 purum

2099 3349 2340 3423 προσθεν
2377 3350 2472 3405 τοῦ
2499 3351 2656 3406 Θεοῦ.
2683 3371 2702 3406 ι
2727 3353 2797 3406 ’Ἡ
2837 3351 2995 3406 τοῦτό
3027 3369 3212 3424 φησιν,
3258 3353 3348 3404 Ἐν
3389 3351 3667 3420 ἁγιωσύνῃ

422 3437 567 3478 esse.
610 3441 630 3476 ι
674 3423 868 3480 Coram
905 3427 1034 3484 Deo.
1061 3449 1080 3482 ι
1115 3432 1220 3487 Aut
1258 3432 1360 3489 hoc
1389 3434 1464 3490 ait
1493 3453 1507 3489 :
1537 3436 1595 3491 ln
1624 3439 1989 3496 sanctimonia

423 3525 609 3567 coram
645 3513 822 3571 Patre.
885 3514 1010 3572 Harc
1073 3521 1219 3576 enim
1287 3539 1416 3580 vere
1465 3527 1825 3585 sanctimonia
1883 3539 1988 3598 est,

424 3600 626 3656 habere
667 3603 840 3674 ipsam
891 3607 1064 3664 oculis
1093 3608 1186 3665 Dei
1215 3613 1650 3682 comprobatam.
1711 3618 1820 3672 Aut
1840 3618 1992 3688 judi-

422 3701 585 3747 cante
644 3693 888 3760 Christo,
942 3699 1090 3768 quod
1149 3700 1411 3759 indicium
1461 3706 1521 3761 ﬁt
1563 3722 1750 3764 coram
1805 3709 1985 3767 Patre.

427 3781 531 3837 Ubi
591 3798 826 3856 namque
895 3798 1080 3862 posset
1159 3793 1353 3851 abesse
1409 3798 1501 3869 qui
1578 3801 1760 3855 omnia
1816 3803 1990 3874 replet

421 3873 616 3931 Pater?

1051 4022 1278 4081 CQPUT
1308 4025 1396 4084 IV.

495 4423 586 4490 ιν,
624 4427 742 4483 1-8.
776 4428 929 4494 Quod
955 4442 1189 4499 superest
1233 4435 1415 4504 igitur,
1473 4441 1688 4508 fratres,
1743 4459 1990 4513 rogamus

423 4531 515 4572 vos
551 4526 602 4572 et
635 4520 982 4576 adhortamur
1032 4540 1124 4593 per
1157 4527 1439 4584 Dominum
1473 4529 1680 4601 Jesum,
1736 4537 1991 4603 quemad-

2098 3449 2165 3518 τῇ
2198 3447 2507 3518 ἔμπροσθεν
2531 3447 2627 3501 τοῦ
2655 3448 2887 3520 Πατρός.
2921 3448 3068 3518 Αὕτη
3097 3449 3206 3520 γὰρ
3240 3450 3272 3518 ὴ
3304 3447 3472 3510 ὅντως
3501 3447 3669 3514 ἁγιω-

2102 3536 2257 3607 σύνη,
2281 3537 2341 3589 τὸ
2361 3537 2503 3608 ἔχειν
2524 3538 2694 3610 αὐτὴν
2719 3542 2830 3602 τοῖς
2855 3539 3150 3612 ὀφθαλμοῖς
3175 3539 3269 3592 τοῦ
3286 3539 3420 3592 Θεοῦ
3453 3555 3526 3609 μα
3537 3555 3666 3608 ρτυ-

2101 3628 2393 3699 ρουμένην.
2433 3629 2504 3681 Ἢ
2549 3629 2630 3682 ὅτι
2668 3628 2947 3700 κρίνοντος
2973 3631 3066 3685 τοῦ
3105 3630 3363 3704 Χριστοῦ,
3392 3632 3514 3702 ἥτις
3547 3631 3666 3701 κρί-

2101 3737 2185 3783 σις
2233 3719 2541 3791 ἔμπροσθεν
2588 3719 2684 3775 τοῦ
2721 3722 2936 3795 Πατρδς
2971 3725 3201 3793 γίνεται.
3253 3724 3364 3778 Ποῦ
3415 3724 3522 3797 γὰρ
3569 3723 3665 3777 καὶ

2098 3811 2318 3868 ἀπεῖναι
2349 3809 2494 3886 εἶχεν
2521 3815 2549 3868 ὁ
2575 3815 2753 3872 πάντα
2783 3815 3006 3890 πληρῶν
3035 3818 3261 3891 Πατήρς

2611 4089 2627 4098 .
2699 4042 2952 4100 ΚΕΦΔΔ.
2992 4045 3069 4100 Δθ.

2102 4175 2463 4253 Παραίνεσις
2503 4179 3394 4253 σωφροσύνηςηδικαιοσύνης,
3439 4185 3519 4253 ὡς
3565 4185 3664 4242 ἐπι

2167 4247 2364 4314 κρίσει
2437 4247 2878 4318 φιλαδελφίας,
2941 4249 3226 4321 ἐργασίας
3285 4247 3663 4327 ἰδιοπράγμο-

2168 4335 2294 4382 νος.

2178 4454 2248 4508 Τὸ
2281 4454 2500 4508 λοιπὸν
2541 4451 2674 4522 οὖν,
2718 4455 2992 4526 ἀδελφοὶ,
3033 4456 3342 4529 ἐρωτῶμεν
3368 4460 3521 4531 ὑμᾶς
3565 4463 3663 4518 και

2102 4546 2566 4616 παρακαλοῦμεν
2592 4547 2660 4600 ἐν
2681 4549 2873 4618 Κυρίῳ
2910 4549 3133 4614 Ἰησοῦ,
3170 4552 3364 4618 καθὼς
3401 4554 3664 4621 παρελά-

425 4612 640 4666 modum
674 4616 947 4686 accepistis
998 4635 1030 4672 α
1074 4620 1223 4675 nobis
1285 4626 1545 4692 quomodo
1610 4639 1846 4695 oporteat
1897 4648 1990 4688 nos

2099 4612 2230 4693 σετε
2254 4639 2390 4706 παρ’
2424 4612 2591 4708 ἡμῶν
2624 4638 2690 4692 τὸ
2723 4612 2850 4705 πῶς
2878 4612 3150 4710 δεῖ-ὑμᾶς
3183 4645 3526 4712 περιπατεῖν
3565 4647 3661 4700 καὶ

405 4704 625 4758 ἐει-εατὶ
659 4714 709 4759 et
743 4706 952 4776 placere
987 4709 1113 4774 Deo,
1142 4721 1200 4765 ut
1230 4713 1508 4771 abundetis
1548 4719 1738 4788 magis.
1796 4719 1982 4777 Nostis

421 4799 559 4852 enim
583 4815 702 4869 qua:
757 4812 1017 4870 prwcepta
1072 4804 1372 4862 dederimus
1404 4809 1546 4864 vobis
1574 4826 1666 4878 per
1705 4811 1989 4867 Dominum

418 4887 763 4948 JesumJIrrc
789 4897 927 4949 enim
956 4897 1280 4954 estvoluntas
1303 4899 1402 4955 Dei
1423 4904 1774 4974 sanctiﬁcatio
1799 4917 1987 4972 vestra,

425 4982 587 5054 169
607 4996 666 5037 ut
692 4985 1003 5042 abstinentia
1039 5005 1070 5042 a
1098 4994 1436 5060 scortatione,
1462 5005 1512 5048 et
1537 4997 1672 5050 sciat
1705 5000 1989 5068 unusquis-

419 5090 518 5142 que
538 5085 767 5131 vestrum
819 5096 906 5134 vas
930 5096 1084 5134 suum
1135 5085 1400 5150 possidere
1424 5103 1539 5141 cum
1569 5091 1991 5159 sanctiﬁcatione

420 5176 468 5220 et
489 5166 704 5234 honore,
735 5187 836 5224 non
861 5187 980 5225 cum
1007 5173 1201 5242 aﬁ'ectu
1239 5182 1702 5248 concupiscentia’,
1736 5183 1872 5236 sicut
1939 5192 1989 5239 et

341 5241 347 5248 ’
419 5265 596 5327 gentes
613 5276 726 5330 qua:
755 5277 860 5314 non
891 5275 1143 5318 noverunt
1179 5265 1344 5321 Deum
1371 5286 1390 5323 :
1414 5273 1604 5341 nequis
1631 5275 1991 5344 transgrediu-

422 5361 509 5403 tur
533 5367 595 5404 ac
621 5353 830 5422 fraudet
864 5357 918 5408 in
943 5370 1091 5424 opere
1112 5357 1332 5426 fratrem
1362 5378 1540 5425 suum,
1559 5374 1832 5434 propterea
1850 5367 1988 5437 quod

418 5445 638 5500 ultorsit
659 5443 913 5501 Dominus
925 5447 988 5501 de
1001 5450 1240 5506 omnibus
1254 5454 1357 5518 his,
1376 5455 1810 5524 quemadmodum
1826 5461 1986 5514 etiam

420 5543 539 5589 ante
565 5535 804 5592 diximus
837 5538 978 5594 vobis
998 5549 1047 5594 et
1082 5543 1262 5596 testati
1292 5561 1492 5600 sumus.
1528 5545 1652 5601 Non
1704 5550 1842 5603 enim
1897 5567 1988 5604 vo-

419 5630 559 5681 cavit
585 5645 678 5684 nos
706 5630 844 5686 Deus
904 5633 1256 5690 immunditia:
1293 5653 1478 5700 causa,
1510 5640 1601 5693 sed
1649 5643 1716 5693 ad
1746 5644 1991 5708 sanctiﬁ-

417 5716 700 5783 cationem,
737 5720 972 5776 Proinde
987 5725 1076 5794 qui
1111 5727 1300 5794 rejicit,
1331 5745 1432 5782 non
1494 5729 1754 5785 hominem
1794 5733 1991 5804 rejirit,

520 5901 560 5931 "
608 5897 753 5957 Psal.
782 5916 907 5972 cxv,
945 5904 1026 5960 li.

2095 4731 2377 4800 ἀρέσκειν
2411 4729 2551 4795 Θεῷ,
2583 4731 2684 4784 ἶνα
2729 4733 3128 4801 περισσεύητε
3161 4735 3421 4804 μᾶλλον.
3456 4737 3666 4793 Οἴδατε

2099 4822 2208 4892 γὰρ
2236 4823 2402 4886 τινας
2441 4824 2846 4892 παραγγελίας
2893 4823 3196 4894 ἐδώκαμεν
3219 4826 3362 4895 ὑμῖν
3406 4826 3502 4881 διὰ
3557 4829 3662 4883 τοῦ

2098 4913 2319 4981 Κυρίου
2358 4913 2574 4982 Ἰησοῦ.
2602 4914 2781 4968 Τοῦτο
2811 4914 2920 4983 γάρ
2943 4916 3074 4969 ἐστι
3100 4917 3329 4987 θέλημα
3358 4919 3462 4972 τοῦ
3493 4921 3660 4986 Θεοῦ,

2098 5013 2131 5064 ό
2196 5009 2492 5078 ἁγιασμὸς
2559 5008 2746 5079 ὑμῶν,
2805 5011 3132 5080 ἀπέχεσθαι
3189 5013 3344 5082 ὑμᾶς
3387 5015 3504 5069 ἀπὸ
3556 5015 3664 5083 τῆς

2089 5102 2392 5169 πορνείας,
2412 5100 2633 5155 εἰδέναι
2655 5102 2916 5158 ἕκαστον
2937 5103 3102 5173 ὑμῶν
3121 5108 3187 5158 τὸ
3208 5105 3426 5161 ἑαυτοῦ
3443 5107 3664 5172 σκεῦος

2089 5190 2347 5246 κτᾶσθαι
2379 5192 2448 5245 ἐν
2481 5192 2754 5262 ἁγιασμῷ
2791 5195 2889 5250 καί
2925 5194 3088 5264 τιμῇ,
3119 5197 3205 5265 μὴ
3244 5196 3313 5249 ἐν
3338 5197 3507 5251 πάθει
3535 5199 3662 5252 ἐπι-

2088 5282 2322 5352 θυμίας,
2355 5282 2620 5352 καθάπερ
2664 5286 2762 5338 καὶ
2793 5284 2864 5338 τὰ
2910 5288 3056 5354 ἔθνη
3089 5289 3158 5342 τὰ
3193 5288 3280 5356 μὴ
3329 5289 3528 5342 εἰδότα
3557 5290 3662 5342 τεν

2089 5374 2256 5435 Θεὸν,
2279 5372 2344 5425 τὸ
2369 5371 2457 5442 μὴ
2498 5375 2879 5443 ὑπερϐαίνειν
2916 5375 3015 5430 καί
3040 5378 3430 5432 πλεονεκτεῖν
3464 5379 3534 5432 ἐν
3581 5376 3663 5444 τῷ

2091 5462 2390 5534 πράγματι
2422 5464 2530 5519 τὸν
2585 5465 2852 5536 ἀδελφὸν
2899 5469 3106 5531 αὑτοῦ,
3149 5468 3297 5522 διότι
3348 5469 3583 5535 ἔκδικος
3630 5472 3664 5524 ό

2094 5556 2310 5624 Κύριος
2339 5559 2471 5627 περὶ
2521 5559 2764 5613 πάντων
2795 5561 3050 5626 τούτων,
3102 5563 3294 5629 καθὼς
3327 5562 3424 5616 καί
3466 5563 3664 5632 προεί-

2095 5662 2293 5717 παμεν
2332 5650 2473 5719 ὑμῖν
2508 5651 2608 5704 και
2664 5651 3188 5721 διεμαρτυράμεθα.
3243 5655 3324 5709 Οὐ
3367 5653 3477 5724 γὰρ
3526 5652 3663 5708 ἐκά-

2096 5741 2282 5793 λεσεν
2331 5741 2487 5812 ἡμᾶς
2549 5745 2581 5796 d
2634 5742 2779 5807 Θεὸς
2824 5742 2923 5796 ἐπὶ
2980 5745 3331 5816 ἀκαθαρσίᾳ,
3385 5746 3525 5801 ἀλλ’
3591 5745 3662 5803 ἐν
