4036 6620
341 497 419 565 85
1262 503 1650 568 COMMENT.
1683 505 1765 567 IN
1805 503 2044 566 EPIST.
2078 506 2104 568 Ι
2142 507 2241 569 AD
2277 510 2640 571 THESSAL.
3528 511 3597 574 86

344 608 641 682 ἁγιασμῷ.
699 609 1022 680 Τοιγαροῦν
1069 613 1100 666 ὁ
1150 611 1395 677 ἀθετῶν,
1437 615 1548 668 οὐκ
1612 614 1925 682 ἄνθρωπον

2049 618 2125 673 sed
2192 620 2397 687 Deum,
2440 625 2529 693 qui
2587 623 2730 676 dedit
2767 622 3013 692 spiritum
3044 637 3196 677 suum
3256 634 3494 679 sanctum
3548 629 3601 679 in

343 700 562 766 ἀθετεῖ,
587 702 751 758 ἀλλὰ
790 702 897 757 τὸν
929 704 1079 758 Θεὸν
1115 705 1222 762 τὸν
1253 705 1352 761 καὶ
1373 704 1558 760 δόντα
1582 705 1648 760 τὸ
1681 706 1925 776 Πνεῦμα
2028 727 2137 765 vos.

344 794 535 851 αὑτοῦ
562 795 630 849 τὸ
671 794 844 865 ἅγιοι·
862 798 950 865 εις
971 796 1149 868 ὑμᾶς.

424 906 445 942 ι
469 886 544 944 Τὸ
576 887 761 944 λοιπὸν
801 886 916 954 οὖν,
943 890 1185 960 ἀδελφοί.
1221 911 1240 945 ι
1269 891 1441 947 Τοῦτο
1468 892 1577 966 γὰρ
1608 892 1798 948 λεῖπον
1821 935 1835 956 ,
1868 893 1928 949 τὸ

344 980 428 1045 είς
442 980 770 1054 παραίνεσιν
789 980 982 1035 ὲλθεῖν.
1001 982 1073 1036 Ἦ
1088 981 1151 1036 τὸ
1169 981 1355 1037 λοιπὸν
1382 984 1504 1039 ἀντὶ
1526 984 1620 1039 τοῦ
1645 984 1928 1056 ἀποχρών-

351 1091 461 1138 τως
495 1073 667 1128 ἐστίν.
707 1091 726 1124 ι
751 1073 1076 1145 Ἐρωτῶμεν
1101 1074 1268 1147 ὑμᾶς.
1302 1094 1321 1128 ι
1359 1075 1432 1131 Τὸ
1470 1075 1813 1147 Ἐρωτῶμεν
1835 1077 1931 1131 καὶ

348 1163 852 1234 παρακαλοῦμεν,
883 1164 1082 1219 ταύτόν
1120 1166 1238 1219 ἐστι
1276 1164 1374 1219 καὶ
1414 1165 1745 1237 ίσοδυναμεί.
1783 1185 1803 1217 ι
1841 1166 1931 1219 Ἐν

349 1256 546 1327 Κυρίῳ
590 1256 788 1328 Ἰησοῦ.
823 1275 845 1310 ι
872 1257 1016 1330 Ὅρα
1061 1258 1586 1332 ταπεινοφροσύνην.
1632 1257 1769 1312 Οὐδὲ
1797 1257 1935 1330 πρὸς

350 1348 701 1420 παράκλησιν
729 1347 922 1404 ἑαυτὸν
957 1348 1269 1414 ἀξιόπιστον
1314 1347 1456 1404 εἶναι
1495 1350 1752 1422 νομίζει,
1801 1349 1937 1404 ἀλλά

348 1440 445 1493 τὸν
458 1440 697 1511 Χριστὸν
722 1440 1158 1513 παραλαμϐάνει.
1177 1443 1277 1496 Διά
1296 1440 1391 1496 τοῦ
1416 1442 1655 1513 Χριστοῦ
1677 1442 1807 1514 γὰρ,
1830 1460 1936 1514 φη-

352 1533 462 1598 σὶν,
480 1533 511 1586 ύ
518 1534 625 1604 μᾶς
639 1550 714 1586 πα
723 1533 961 1606 ρακαλῶ.
974 1553 993 1587 ι
1003 1532 1200 1599 Καθὼς
1214 1552 1289 1589 πα
1295 1533 1550 1607 ρελάὸετε
1558 1576 1571 1589 .
1584 1554 1602 1587 ι
1614 1534 1687 1589 Τὸ
1703 1554 1774 1588 πα
1781 1534 1940 1606 ρελά·

350 1624 502 1690 ὕετο,
548 1625 611 1678 ού
639 1626 900 1697 ῥημάτων
923 1625 1082 1696 μόνον
1109 1625 1281 1693 ἐστὶν,
1299 1625 1436 1680 άλλά
1454 1626 1549 1680 καὶ
1574 1627 1937 1698 πραγμάτων.

363 1715 462 1784 Ἐξ
485 1709 562 1773 ὧν
575 1716 687 1790 γάρ
711 1717 875 1781 αὐτὸς
890 1717 1058 1784 ὲὸίου,
1086 1716 1254 1784 τύπος
1278 1719 1392 1783 τοῖς
1420 1717 1687 1790 μαθηταῖς
1710 1718 1940 1789 ἐγίνετο.

359 1828 382 1862 ι
396 1810 513 1863 Ἵνα
530 1808 946 1881 περισσεύητε.»
965 1809 1078 1864 Καὶ
1096 1809 1257 1863 πλέον
1277 1826 1354 1878 τι,
1378 1809 1565 1883 φησὶν,
1580 1803 1657 1865 ὧν
1674 1809 1943 1882 ἠκούσατε

354 1903 586 1959 ποιεῖτε.
607 1902 697 1967 Ὧς
724 1902 941 1975 νηπίοις
965 1902 1075 1974 γάρ
1099 1902 1159 1956 ού
1180 1901 1250 1958 τά
1271 1902 1455 1956 τέλεια
1484 1902 1749 1970 ἐπέταξα,
1776 1903 1934 1974 φησί.

357 1993 756 2065 Προσαίνοντες
786 1994 844 2048 δὲ
869 1996 937 2066 τῇ
964 1995 1169 2062 πίστει,
1194 1995 1519 2067 προδαίνετε
1541 1996 1635 2051 καὶ
1661 1998 1729 2069 τῇ
1776 1996 1934 2052 πολι-

353 2085 504 2158 τείᾳ.
542 2104 563 2138 ι
596 2085 790 2141 Οἴδατε
815 2087 924 2160 γὰρ
951 2086 1105 2151 τίνας
1140 2088 1573 2159 παραγγελίας.)
1609 2089 1688 2161 Τῇ
1709 2089 1937 2143 ἐκείνων

359 2178 560 2250 μνήμῃ
608 2177 1070 2249 ἐγγεγραμμινας
1124 2178 1293 2243 αύτάς
1360 2178 1785 2250 καταλιμπάνει.
1821 2198 1841 2232 ι
1880 2180 1938 2235 '0

357 2267 637 2339 ἁγιασμὸς
666 2267 841 2339 ὑμῶν.
868 2286 887 2319 ι
925 2267 1151 2340 Θέλημα
1178 2267 1287 2339 γὰρ
1316 2266 1476 2336 Θεοῦ,
1504 2269 1694 2340 φησὶν,
1746 2271 1779 2339 ἡ
1828 2287 1938 2325 σω-

357 2360 608 2432 φροσύνη
640 2359 814 2431 ὑμῶν.
851 2360 942 2414 Ἐν
965 2359 1171 2432 ἑκάστῃ
1192 2360 1250 2414 δὲ
1272 2360 1697 2432 Ἑπιστολῇ,τῆς
1731 2376 1942 2432 σωφρο-

363 2452 535 2524 σύνης
563 2452 797 2522 μάλιστα
835 2452 1005 2506 πολὺν
1035 2454 1271 2508 ποιεῖται
1315 2452 1496 2521 λόγον.
1529 2449 1652 2508 Οἶδε
1679 2452 1789 2526 γὰρ
1843 2452 1939 2507 τοῦ

360 2543 574 2607 πάθους
604 2544 666 2598 τὸ
692 2543 1018 2615 τυραννικὸν
1041 2544 1139 2599 καὶ
1168 2544 1634 2616 δυσκατόρθωτον.
1660 2564 1679 2598 ι
1708 2545 1943 2618 Ἀπέχε-

370 2634 492 2689 εθαι
517 2635 663 2706 ὑμᾶς
692 2635 802 2689 ἀπὸ
837 2637 939 2708 τῆς
965 2635 1243 2707 πορνείας.
1273 2654 1294 2689 ι
1345 2637 1443 2701 Τίς
1475 2637 1531 2691 δὲ
1563 2639 1592 2692 6
1619 2638 1893 2709 άγιασμός
1924 2655 1940 2705 ;

373 2726 703 2797 ’Δπέχεσθαι
731 2727 896 2798 ὑμᾶς,
933 2727 1121 2799 φησιν,
1141 2728 1250 2783 ἀπὸ
1282 2728 1465 2796 πάσης
1484 2730 1773 2800 πορνείας·
1806 2730 1943 2784 πολ-

364 2818 439 2874 λὰ
468 2820 579 2892 γάρ
622 2819 921 2882 ἀκολασίας
953 2818 1094 2891 εῐδη.
1127 2836 1148 2872 ι
1197 2819 1409 2876 Είδέναι
1441 2820 1671 2876 ἕκαστον
1720 2818 1894 2891 ὑμῶν.
1919 2839 1938 2874 ι

365 2912 515 2983 ’Δρα
550 2912 837 2982 ἀσκήσεως
860 2912 954 2965 καὶ
1008 2910 1301 2981 μαθήσεώς
1331 2911 1450 2966 ἐστι
1505 2912 1568 2966 τὸ
1620 2913 1942 2982 σωφρονεῖν.

371 3021 394 3054 ι
423 3002 499 3056 Τὸ
535 3001 734 3056 ἑαυτοῦ
765 3001 980 3066 σκεῦος.
1009 3019 1029 3054 ι
1063 2998 1284 3065 Σκεῦος,
1323 3001 1384 3055 τὸ
1409 3002 1570 3073 σῶμά
1600 3019 1785 3070 φησιν.
1819 3001 1947 3057 Ἐάν

366 3094 464 3150 οὖν
506 3095 643 3151 αὐτὸ
670 3098 729 3150 ιν
752 3096 1009 3168 ἁγιασμῷ
1039 3095 1278 3169 ἔχωμεν,
1305 3096 1467 3168 ἡμεῖς
1505 3096 1639 3152 αὐτὸ
1670 3097 1947 3169 κεκτήμε-

368 3188 478 3240 θα’
518 3188 615 3241 ἐὰν
652 3186 710 3241 δὲ
738 3188 797 3242 ὲν
827 3189 1080 3261 πορνείᾳ,
1111 3189 1147 3259 ὴ
1206 3186 1451 3259 ἁμαρτία
1490 3186 1622 3241 αὐτὸ
1659 3187 1946 3259 κέκτηται.

2109 909 2128 942 ι
2165 889 2320 959 Quod
2356 901 2606 962 superest
2633 893 2817 964 igitur,
2846 892 3067 951 fratres.
3094 913 3115 948 ι
3140 893 3298 963 Quod
3330 905 3602 965 superest,

2035 990 2167 1053 puta
2197 991 2257 1038 ut
2284 983 2353 1039 ad
2394 985 2834 1043 exhortationem
2870 988 3119 1045 accedat.
3164 989 3293 1054 Ant,
3326 987 3475 1059 quod
3506 1002 3603 1044 su-

2032 1081 2238 1142 perest,
2276 1073 2332 1129 id
2369 1084 2476 1142 est,
2518 1076 2851 1134 suﬂicienter
2896 1088 3001 1136 est.
3045 1098 3063 1133 ι
3111 1080 3390 1151 Rogamus
3418 1095 3534 1135 vos.
3581 1097 3600 1130 ι

2033 1163 2171 1221 Nam
2218 1165 2513 1238 ἐρωτῶμεν
2543 1178 2598 1226 ει
2634 1171 3065 1243 παρακαλοῦμεν
3096 1172 3240 1228 idem
3271 1179 3422 1237 sunt,
3458 1172 3606 1240 ejus-

2035 1256 2271 1327 demque
2294 1261 2608 1330 potestatis.
2641 1279 2661 1313 ι
2696 1261 2800 1317 Per
2831 1260 3124 1317 Dominum
3155 1262 3365 1320 Jesum.
3403 1282 3423 1316 ι
3470 1261 3609 1319 Vide

2038 1346 2208 1403 animi
2232 1348 2577 1406 modestiam.
2605 1349 2794 1422 Neque
2814 1352 2883 1407 ad
2911 1352 3348 1408 obsecrationem
3368 1353 3607 1422 seipsum

2041 1437 2147 1495 ﬁde
2205 1440 2430 1509 dignum
2467 1449 2562 1496 aut
2613 1442 2870 1498 idoneum
2917 1459 3043 1499 esse
3087 1443 3461 1507 existimabat,
3513 1442 3606 1500 sed

2040 1527 2323 1585 Christum
2379 1531 2633 1588 assumit.
2702 1530 2807 1587 Per
2861 1531 3169 1599 Christum,
3201 1532 3301 1599 ait,
3359 1548 3456 1590 vos
3512 1534 3611 1588 ob.-

2041 1635 2220 1677 secro.
2258 1640 2277 1675 ι
2310 1620 2780 1689 Quemadmodum
2853 1625 3166 1697 accepistis.
3215 1643 3235 1678 ι
3273 1625 3608 1695 Accepistis,

2043 1729 2153 1769 non
2194 1714 2262 1771 de
2308 1715 2487 1773 verbis
2518 1722 2729 1771 tantum
2773 1725 2881 1784 est,
2914 1733 3106 1773 verum
3140 1719 3302 1774 etiam
3332 1717 3399 1772 de
3421 1717 3607 1773 rebus.

2042 1803 2178 1861 Nam
2223 1824 2290 1863 ex
2346 1807 2471 1864 vitae
2522 1824 2638 1864 suae
2684 1809 2964 1880 operibus,
2991 1809 3277 1881 discipulis
3335 1808 3612 1880 exemplar

2045 1904 2184 1953 erat.
2224 1915 2245 1950 ι
2299 1897 2372 1954 Ut
2429 1898 2742 1955 abundetis.
2782 1917 2803 1953 ι
2846 1898 2912 1954 Ει
2965 1901 3223 1970 amplius,
3260 1899 3479 1971 inquit,
3514 1898 3615 1952 ali-

2043 1988 2177 2060 quid
2235 1988 2401 2045 facite
2452 2005 2618 2061 quam
2671 1991 3020 2062 acceperitis.
3048 1990 3328 2061 Siquidem
3353 2000 3611 2061 tanquam

2039 2079 2313 2150 parvulis,
2357 2080 2558 2150 inquit,
2585 2095 2697 2137 non
2731 2082 2966 2153 praecepi
2999 2097 3122 2153 quae
3151 2080 3397 2152 perfecta
3431 2088 3611 2135 erant.

2039 2170 2435 2228 Promoveutes
2477 2182 2659 2229 autem
2718 2174 2777 2229 in
2840 2173 3305 2245 ﬁde,promovete
3353 2174 3517 2231 etiam
3558 2176 3614 2229 in

2041 2263 2482 2319 conversatione.
2538 2282 2558 2317 ι
2624 2264 2813 2321 Nostis
2867 2265 3013 2321 enim
3084 2280 3205 2335 quae
3249 2273 3546 2337 praecepta.
3591 2285 3609 2317 ι

2042 2353 2166 2423 Ipsa
2183 2353 2400 2408 illorum
2435 2356 2713 2412 memoria).
2736 2356 2999 2428 inscripta
3030 2357 3309 2428 relinquit.
3343 2376 3361 2410 ι
3398 2356 3617 2413 Sancti—

2042 2440 2224 2499 ﬁcatio
2255 2453 2489 2500 vestra.»
2528 2444 2797 2502 Voluntas
2818 2447 2965 2503 enim
2994 2448 3112 2513 Dei,
3138 2448 3340 2518 inquit,
3371 2458 3479 2516 est,
3508 2465 3613 2521 pu-

2043 2533 2236 2590 dicitia
2267 2545 2469 2594 vestra.
2510 2537 2569 2593 ln
2597 2553 2928 2611 unaquaque
2961 2547 3144 2596 autem
3172 2540 3422 2611 Epistula
3454 2539 3619 2611 pudi-

2045 2629 2190 2684 citiae
2233 2629 2579 2701 potissimum
2614 2646 2867 2703 magnam
2894 2632 3058 2689 habet
3109 2634 3400 2688 rationem.
3460 2632 3619 2687 Novit

2045 2720 2190 2777 enim
2239 2723 2589 2794 tyrannidem
2628 2724 2860 2781 atl‘ectus
2898 2739 2963 2781 ac
2990 2726 3174 2800 operis
3219 2725 3616 2782 dimcultatem.

2053 2830 2071 2862 ι
2101 2809 2171 2868 Ut
2225 2814 2555 2873 abstineatis
2612 2830 2643 2872 a
2679 2816 3039 2874 scortatione.
3089 2838 3107 2871 ι
3144 2817 3277 2885 Qum
3299 2824 3385 2873 est
3434 2825 3617 2874 autem

2050 2905 2452 2962 sanctiﬁcatio?
2512 2906 2580 2964 Ut
2617 2922 2737 2974 vos,
2768 2908 2973 2977 inquit,
3009 2909 3335 2965 abstineatis
3365 2909 3436 2965 ab
3467 2910 3617 2964 omni

2049 2999 2408 3055 scortatione.
2461 2998 2627 3056 Multa
2662 3009 2791 3057 sunt
2831 3001 2978 3056 enim
3015 3001 3369 3072 impudicitiae
3398 3017 3618 3073 genera.

2062 3109 2081 3143 ι
2118 3088 2190 3147 Ut
2220 3093 2363 3146 sciat
2401 3093 2788 3164 unusquisque
2818 3106 3082 3150 vestrum.
3134 3112 3152 3147 ι
3187 3093 3375 3164 Itaque
3405 3096 3621 3149 exerci-

2052 3179 2112 3234 tii
2140 3194 2204 3235 ac
2244 3181 2555 3252 disciplina:
2577 3191 2683 3248 est,
2722 3190 2940 3238 castum
2975 3197 3120 3239 esse.
3155 3202 3174 3235 ι
3219 3182 3392 3238 Suum
3427 3199 3545 3238 vas.
3593 3203 3611 3234 ι

369 3278 554 3343 Τινὲς,
582 3278 655 3333 Τὸ
706 3279 901 3334 ἑαυτοῦ
959 3278 1190 3347 σκεῦος,
1229 3279 1330 3353 τὴν
1367 3278 1633 3351 ὁμόζυγον
1671 3280 1945 3353 ἡρμήνευ-

2053 3271 2162 3327 Vas
2187 3271 2322 3327 dicit
2351 3286 2577 3343 corpus.
2629 3271 2686 3328 Si
2722 3289 2856 3347 ergo
2891 3276 3069 3345 ipsum
3096 3277 3150 3330 in
3183 3275 3623 3332 sanctiﬁcatione

368 3388 489 3425 σαν.
524 3370 734 3439 Ἐγὼδὲ
772 3371 999 3441 νομίζω,
1030 3371 1093 3425 τό
1122 3370 1359 3427 ἑκάστου
1390 3371 1550 3443 σῶμα
1580 3371 1753 3435 οὕτως
1785 3372 1950 3428 αὐτὸν

367 3460 698 3533 κεκληκέναι
726 3475 743 3492 ⁸
768 3463 831 3515 ού
856 3463 964 3534 γὰρ
1019 3465 1131 3529 τοῖς
1179 3464 1527 3535 γεγαμηκόσι
1564 3462 1771 3534 μόνοις,
1813 3463 1952 3520 ἀλλὰ

369 3554 468 3607 καὶ
515 3557 629 3618 τοῖς
656 3555 914 3624 ἀγάμοις,
942 3554 1039 3610 καὶ
1076 3558 1200 3620 ταῖς
1243 3557 1445 3628 χήραις
1487 3556 1586 3628 τὴν
1626 3555 1950 3627 νομοθεσίαν

375 3640 705 3712 προσφέρει.
746 3659 764 3693 ι
797 3642 887 3715 Μὴ
916 3643 975 3698 ὲν
1002 3643 1167 3698 πάθει
1213 3644 1526 3716 ἐπιθυμίας.
1559 3664 1577 3697 ι
1621 3647 1757 3700 Ποῖα
1787 3645 1846 3700 δὲ
1882 3645 1951 3700 τά

369 3731 523 3803 πάθη
542 3732 644 3804 τῆς
672 3733 964 3806 ἐπιθυμίας
986 3752 1003 3802 ;
1034 3732 1117 3790 Td
1144 3734 1545 3808 ὑπεκκαύματα
1567 3735 1792 3807 ταύτης,
1813 3730 1948 3804 οἷον,

369 3824 575 3896 τρυφὴ,
605 3825 854 3893 πλοῦτος,
904 3828 1169 3899 ῥᾳθυμία,
1221 3828 1410 3899 ἀργία.
1446 3827 1633 3885 Ταῦτα
1654 3826 1765 3899 γὰρ
1794 3828 1946 3900 πάθη

372 3915 670 3987 ἐπιθυμίας
703 3919 872 3985 ἐστὶν,
902 3919 1036 3975 ὡσεὶ
1074 3914 1221 3987 εἷπε,
1247 3920 1490 3993 Δύναμις
1514 3921 1609 3975 καὶ
1653 3922 1806 3993 ίσχὺς
1851 3920 1953 3975 αύο

371 4007 496 4078 τῆς.
537 4008 659 4063 «Τὰ
694 4008 821 4079 ἔθνη
855 4011 925 4065 τὰ
964 4010 1040 4085 μὴ
1079 4012 1259 4067 εἰδότα
1301 4012 1456 4069 Θεόν.
1486 4031 1507 4067 ι
1537 4011 1622 4069 Td
1667 4015 1777 4086 γάρ
1822 4013 1953 4083 ἔθνη

371 4100 469 4152 τὸν
492 4099 626 4153 Θεὸν
674 4101 1010 4170 ἀγνοοῦντα,
1052 4103 1178 4159 οὔτε
1233 4104 1426 4160 ἐλπίδα
1454 4106 1774 4174 ἀντιδόσεως
1813 4108 1949 4183 ἔχει·

372 4191 666 4264 τοιγαροῦν
689 4194 867 4250 πάντα
888 4195 1028 4268 πρὸς
1059 4196 1252 4270 ἡδονὴν
1273 4197 1557 4271 πράττει.‹
1582 4199 1656 4255 Τὸ
1684 4200 1760 4274 μὴ
1784 4202 1955 4273 ύπερ-

372 4283 586 4340 σαίνειν
614 4286 710 4340 καὶ
748 4286 1115 4345 πλεονεκτεῖν.
1145 4308 1165 4342 ι
1205 4290 1455 4362 Ἐκάστῳ
1483 4293 1513 4346 6
1547 4292 1682 4359 Θεὸς
1703 4333 1718 4359 ,
1757 4294 1949 4367 φησιν,

373 4376 642 4448 ἀπένειμε
674 4380 934 4446 γυναῖκα,
962 4380 1056 4435 καὶ
1084 4381 1244 4452 ὅρους
1271 4380 1507 4450 τέθεικε,
1530 4383 1633 4457 τὴν
1672 4385 1810 4454 πρὸς
1851 4387 1952 4455 τὴν

378 4468 511 4540 μίαν
539 4468 708 4538 μίξιν.
725 4471 936 4544 Ὦστεή
960 4473 1099 4544 πρὸς
1125 4474 1318 4544 ἑτέραν
1341 4474 1840 4550 μίξις,παρά6ασίς
1867 4496 1951 4544 τις

372 4563 470 4612 καὶ
499 4558 784 4626 πλεονεξία
836 4562 1004 4619 ἐστίν.
1042 4581 1063 4616 ι
1101 4563 1189 4617 Ἐν
1226 4564 1305 4636 τῷ
1337 4565 1646 4637 πράγματι.
1694 4584 1712 4618 ι
1773 4568 1945 4622 Τουτ-

2055 3363 2435 3431 habuerimus,
2481 3382 2583 3423 nos
2615 3367 2793 3438 ipsum
2830 3368 3265 3438 possidebimus;
3300 3368 3346 3422 si
3387 3382 3517 3424 vero
3566 3368 3621 3423 in

2054 3458 2414 3525 scortatioue,
2431 3458 2543 3529 jam
2570 3472 2853 3530 peccatum
2890 3460 3200 3531 possidebit
3233 3460 3437 3530 ipsum.
3483 3459 3620 3526 Qui-

2052 3548 2177 3605 dam
2216 3551 2390 3606 Suum
2434 3566 2554 3617 vas,
2586 3555 2654 3608 de
2719 3568 2890 3608 uxore
2927 3553 3268 3624 interpretati
3315 3560 3442 3607 sunt
3477 3571 3490 3607 :
3523 3567 3624 3622 ego

2052 3655 2185 3697 vero
2215 3641 2456 3698 arbitror
2485 3642 2754 3715 cujusque
2785 3659 2987 3714 corpus
3024 3645 3201 3715 ipsum
3244 3659 3310 3699 eo
3352 3644 3625 3699 vocabulo

2053 3733 2380 3804 appellasse.
2422 3735 2583 3806 170
2610 3735 2794 3806 Neque
2823 3737 2969 3792 enim
3007 3736 3179 3808 legent
3206 3737 3338 3792 solis
3375 3736 3480 3790 illis
3519 3751 3619 3806 po-

2054 3827 2139 3881 nit
2167 3828 2260 3897 qui
2287 3843 2489 3885 uxores
2534 3832 2827 3895 duxerant,
2859 3831 3219 3886 veruntetiam
3274 3829 3525 3900 innuptis
3559 3844 3624 3883 ac

2052 3916 2257 3975 viduis.
2292 3938 2312 3972 ι
2346 3918 2463 3976 Non
2492 3936 2617 3977 cum
2653 3922 2850 3978 adeetu
2890 3923 3368 3995 concupiscentia.
3406 3940 3424 3974 ι
3464 3921 3629 3988 Quis-

2054 4023 2182 4065 nam
2227 4020 2409 4067 autem
2465 4024 2553 4069 est
2610 4001 3377 4086 aﬂ‘ectus'concupiscentiae?
3441 4014 3629 4070 Femi-

2052 4108 2140 4158 tes
2167 4101 2357 4172 ipsius,
2396 4104 2585 4175 quales
2634 4117 2769 4161 sunt
2808 4105 3042 4172 deliciae,
3085 4106 3310 4173 divitiae,
3337 4107 3623 4176 segnities,

2054 4195 2249 4250 otium.
2276 4193 2408 4250 Nam
2439 4195 2552 4251 haec
2581 4204 2713 4252 sunt
2749 4196 2977 4253 aﬂ‘ectus
2999 4197 3461 4268 concupiscentia:
3492 4214 3505 4251 :
3561 4212 3628 4251 ac

2057 4286 2109 4342 si.
2136 4287 2365 4355 diceret,
2391 4287 2642 4345 Potestas
2665 4304 2729 4344 ac
2752 4290 2922 4346 robur
2952 4289 3147 4361 ipsius.
3182 4308 3202 4342 ι
3245 4289 3449 4345 Gentes
3504 4304 3627 4358 quae

2057 4379 2309 4449 ignorant
2340 4380 2533 4437 Deum.
2574 4400 2593 4434 ι
2621 4380 2904 4453 Siquidem
2925 4393 3113 4453 gentes
3135 4397 3257 4453 qua:
3287 4380 3455 4437 Deum
3479 4381 3630 4451 igno-

2056 4480 2206 4537 rant,
2242 4488 2308 4527 ne
2343 4487 2496 4542 spem
2543 4473 2764 4544 quidem
2821 4474 3020 4529 habent
3054 4474 3438 4530 retributionis
3468 4489 3484 4527 :
3523 4472 3629 4529 ita-

2056 4579 2163 4633 que
2184 4564 2368 4618 omnia
2405 4565 2470 4620 ad
2495 4566 2831 4621 voluntatem
2856 4566 3086 4622 faciunt.
3127 4586 3145 4618 ι
3176 4564 3253 4620 Ne
3289 4565 3415 4635 quis
3440 4574 3629 4620 trans-

377 4650 626 4719 ἐστιν,ὲν
650 4654 718 4724 τῇ
739 4653 908 4723 μίξει’
937 4655 1173 4710 ἐνταῦθα
1194 4656 1303 4729 γὰρ
1337 4658 1467 4729 περὶ
1507 4659 1753 4731 μοιχείας
1778 4658 1945 4728 λέγει,

2056 4654 2338 4726 grediatur
2371 4671 2434 4712 ac
2460 4656 2698 4713 fraudet.
2738 4677 2757 4712 ι
2795 4657 2962 4726 Deus,
2996 4659 3092 4727 ait,
3118 4659 3415 4729 unicuique
3441 4658 3630 4713 distri-

374 4744 489 4798 ἀνω
515 4745 574 4799 δὲ
600 4746 730 4817 περὶ
762 4748 943 4820 πάσης
966 4750 1245 4815 πορνείας.
1283 4767 1302 4802 ι
1332 4750 1475 4804 Διότι
1498 4749 1766 4815 ἔκδικος.»
1806 4754 1956 4822 Παρ-

374 4836 606 4892 εκάλεσε
623 4837 861 4909 πρῶτον,
887 4841 1005 4895 εἶτα
1025 4840 1143 4896 ἐνέτ
1153 4840 1335 4914 ρεψεν,
1358 4839 1551 4909 εἰπὼν,
1570 4841 1837 4913 Καθάπερ
1860 4843 1955 4898 καὶ

375 4927 444 4981 τὰ
475 4927 627 5000 ἔθνη.
685 4924 822 4984 Εἶτα
854 4931 963 4985 ἀπὸ
997 4931 1281 5003 λογισμῶν
1342 4932 1529 4988 ἔπεισε
1559 4973 1577 4999 ,
1621 4933 1954 5003 πλεονέκτην

375 5019 634 5085 καλέσας·
664 5020 851 5079 λοιπὸν
873 5022 1051 5096 φοϐεῖ.
1073 5025 1147 5078 Οὐ
1168 5023 1276 5094 γάρ
1292 5024 1623 5096 ἀτιμωρητὶ,
1645 5026 1800 5096 φησὶ,
1817 5025 1954 5079 ταῦ-

374 5128 444 5166 τα
476 5114 769 5184 πράττετε⁹
802 5113 1015 5179 ἔκδικος
1045 5115 1152 5187 γὰρ
1184 5117 1212 5170 6
1245 5116 1377 5180 Θεὸς
1409 5116 1487 5188 τῷ
1519 5133 1579 5169 τε
1599 5116 1952 5171 πλεονεκτου-

379 5205 551 5275 μένῳ,
574 5205 668 5257 καί⁵
721 5206 922 5277 ἐαυτῷ.
978 5206 1202 5260 Ἑαυτὸν
1235 5207 1344 5280 γὰρ
1380 5208 1588 5262 ὲκδικετ
1642 5206 1954 5279 παρακουό-

382 5313 564 5364 μενος.
598 5316 615 5348 ι
647 5298 722 5353 Ού
754 5298 864 5370 γὰρ
891 5299 1151 5352 ἐκάλεσεν
1188 5301 1337 5371 ἡμᾶς
1363 5302 1392 5353 6
1441 5300 1594 5364 Θεὸς.
1630 5319 1649 5353 ι
1694 5301 1803 5354 Καὶ
1828 5301 1955 5354 ἑαυ-

376 5386 470 5441 τὸν
501 5387 559 5441 δὲ
605 5391 634 5442 6
674 5389 807 5455 Θεὸς
852 5390 1090 5455 ὲκδικεῖ,
1137 5390 1483 5462 ἀμυνόμενος
1530 5392 1620 5444 τὸν
1672 5393 1730 5445 ὲν
1777 5391 1953 5464 τούτῳ

379 5478 734 5551 πλεονέκτην.
764 5481 923 5535 Κατὰ
964 5482 1121 5536 τοῦτο
1153 5483 1467 5555 ὲκλήθημεν
1497 5484 1589 5537 ἐπὶ
1619 5484 1953 5556 καθαρότητι

378 5571 513 5642 παρ’
549 5572 739 5627 αὐτοῦ·
764 5574 1054 5644 τοιγαροῦν
1085 5576 1113 5629 6
1139 5575 1291 5646 παρά
1321 5575 1419 5646 τὴν
1449 5576 1639 5644 κλῆσιν
1674 5570 1950 5646 πράττων,

379 5658 573 5729 (οὗτος
602 5665 712 5735 γάρ
741 5666 770 5718 6
799 5666 1070 5734 ἀθετῶν,)
1105 5665 1198 5719 τὸν
1241 5666 1547 5720 καλέσαντα
1580 5666 1771 5738 ὕϐρισε
1811 5669 1952 5738 μᾶλα

378 5754 495 5818 λον,
523 5754 557 5826 ἢ
588 5755 681 5808 τὸν
714 5756 1194 5829 πλεονεκτηθέντα.
1221 5759 1391 5812 Τοῦτο
1407 5758 1463 5812 δὲ
1491 5755 1611 5812 εἷπε
1642 5759 1855 5823 δεικνὺς
1878 5760 1953 5825 ὡς

379 5843 446 5898 οὐ
481 5845 642 5915 μόνον
664 5845 795 5901 ἔνθα
828 5850 857 5901 6
899 5849 1125 5917 ἀδελφὸς
1154 5850 1182 5902 6
1210 5845 1659 5925 ἀδικούμενος,
1688 5851 1775 5905 δεῖ
1816 5852 1951 5921 φεύ-

384 5952 502 6006 γειν
530 5936 628 6011 τὴν
663 5940 929 6011 μοιχείαν,
951 5941 1087 5996 ἀλλά
1111 5941 1214 6013 κᾶν
1235 5942 1462 6008 ἄπιστος
1598 5943 1656 5997 ’0
1686 5943 1792 6015 γὰρ
1819 5943 1950 6008 Θεὸς

2057 4747 2176 4803 buit
2207 4762 2456 4812 uxorem,
2487 4763 2550 4803 ac
2607 4751 2900 4805 terminum
2945 4752 3152 4822 posuit,
3186 4750 3628 4805 commistioncm

2055 4850 2183 4908 puta
2221 4839 2287 4894 ad
2321 4854 2439 4894 eam
2475 4842 2715 4897 unicam.
2748 4842 2929 4898 Mistio
2952 4844 3117 4913 igitur
3141 4841 3208 4897 ad
3237 4841 3397 4896 aliam
3444 4852 3631 4897 trans-

2055 4930 2269 4998 gressio
2298 4931 2546 5001 quaedam
2567 4943 2653 4989 est
2680 4948 2745 4989 ac
2781 4933 3174 4989 fraudulentia.
3203 4952 3222 4985 ι
3267 4934 3324 4988 ln
3350 4949 3517 5005 opere
3551 4953 3563 4989 :
3606 4954 3623 4985 ι

2054 5020 2160 5078 hoc
2181 5024 2357 5088 est,in
2378 5025 2779 5083 commistione.
2806 5025 2920 5082 Hoc
2934 5026 3078 5082 enim
3107 5026 3226 5083 loro
3254 5026 3321 5082 de
3351 5026 3626 5082 adulterio

2056 5112 2325 5184 loquitur,
2344 5116 2597 5187 superius
2621 5125 2803 5174 autem
2823 5117 2891 5173 de
2907 5118 3055 5173 omni
3078 5118 3467 5174 scortationea
3494 5118 3633 5172 Pro-

2055 5213 2239 5274 pterea
2269 5205 2413 5274 quod
2445 5206 2588 5260 ultor
2612 5205 2705 5260 sit.
2743 5226 2760 5258 ι
2793 5204 3038 5259 Primum
3080 5203 3410 5269 obsecravit,
3437 5204 3632 5259 deinde

2056 5295 2333 5368 pudeiecit
2357 5336 2373 5361 ,
2393 5296 2583 5353 dicens
2629 5313 2645 5353 :
2679 5296 2833 5353 Sicut
2878 5306 2933 5352 et
2965 5307 3155 5369 gentes
3186 5312 3200 5349 :
3231 5299 3575 5367 postmodum
3600 5311 3632 5349 a

2055 5389 2482 5461 cogitationibus
2517 5392 2715 5455 suasit,
2742 5405 2949 5471 vocans
2998 5388 3409 5446 fraudulentum
3444 5387 3636 5443 :dein-

2056 5495 2185 5551 ceps
2205 5487 2462 5536 exterret.
2481 5477 2600 5535 Non
2617 5481 2762 5536 enim
2781 5480 2903 5537 sine
2915 5479 3146 5548 ultione,
3162 5480 3359 5550 inquit,
3374 5479 3490 5533 haec
3501 5478 3636 5535 {aci-

2055 5575 2148 5632 tis.
2173 5576 2472 5632 Ulciscitur
2496 5576 2641 5631 enim
2668 5575 2816 5632 Deus
2840 5584 2894 5631 et
2909 5592 3031 5632 eum
3055 5576 3148 5648 qui
3168 5576 3454 5631 fraudatus
3480 5584 3633 5631 estet

2056 5670 2322 5739 seipsum.
2344 5668 2479 5724 Nam
2512 5669 2755 5741 seipsum
2774 5669 3061 5725 ulciscitur
3086 5670 3133 5724 is
3156 5669 3241 5725 cui
3258 5683 3366 5723 non
3383 5676 3629 5739 paretur.

2062 5781 2081 5814 ι
2120 5760 2241 5816 Non
2281 5762 2427 5818 enim
2455 5762 2672 5819 vocavit
2705 5777 2806 5818 nos
2852 5761 3018 5818 Deus.
3056 5781 3075 5815 ι
3130 5760 3382 5831 Seipsum
3412 5775 3632 5832 quoque

2059 5852 2348 5909 ulciscitur
2371 5851 2515 5910 Deus
2529 5855 2768 5925 sumptis
2786 5855 2964 5925 pmnis
2993 5854 3060 5910 de
3078 5870 3144 5910 eo
3160 5852 3251 5924 qui
3283 5856 3339 5910 in
3358 5855 3462 5910 hoc
3482 5854 3632 5909 frau-
3749 5868 3770 5883 ι·

2056 5945 2315 6003 dulcntus
2351 5945 2471 6002 fuit.
2518 5945 2680 6003 Juxta
2705 5948 2805 6005 ltoc
2835 5948 3010 6006 vocati
3046 5964 3237 6006 sumus
3268 5949 3337 6006 ab
3383 5947 3502 6021 ipso
3526 5961 3630 6019 pu-
