4036 6608
295 486 368 549 89
1285 483 1668 548 COMMENT.
1707 484 1790 544 IN
1822 483 2067 547 EPIST.
2113 487 2142 546 Ι
2178 487 2277 547 AD
2315 484 2680 549 THESSAL.
3481 484 3554 550 90

293 600 475 671 τὲρως
506 598 645 654 αὐτὸ
673 594 851 656 εἶπεν.
884 600 949 655 Εί
984 599 1094 671 γὰρ
1124 600 1309 655 πιστοὶ
1330 600 1571 674 ὁρῶντες
1603 599 1875 669 ὑγιαίνον-

1993 609 2042 656 ut
2074 616 2172 657 vos
2196 603 2423 659 honeste
2445 604 2671 673 geratis.
2719 622 2739 657 s
2770 600 2849 658 Na
2872 608 3067 673 praeter
3123 600 3382 656 decorum
3421 614 3553 671 aga-

296 710 398 755 τας
445 691 814 755 ἐπαιτοῦντας
867 692 1354 763 σκανδαλιξὸμεθα,
1403 694 1486 747 ὅτι
1542 692 1874 762 ἐργάξεσθαι

298 782 595 852 δυνάμενοι
661 783 824 854 ἀργοὶ
884 784 1152 854 περιίασι,
1203 784 1356 854 πόσῳ
1402 783 1603 853 μᾶλλον
1653 784 1705 836 οί
1746 783 1875 837 im-

302 891 419 928 στοι
445 893 462 939 ;
490 874 588 935 οὓς
611 875 767 929 καλεῖ
793 875 920 938 τοὺς
945 875 1070 941 ἔξω,
1101 871 1214 928 οἷον
1244 875 1344 943 τῆς
1374 876 1627 938 πίστεως.

1983 694 2077 758 tis,
2101 694 2299 765 inquit,
2327 695 2711 751 mendicando.
2931 690 3042 748 Hoc
3066 706 3301 761 namque
3323 689 3548 755 indicat,

1983 799 2295 854 quanquam
2360 786 2768 843 honestioribus
2819 784 3005 841 verbis
3080 783 3130 839 id
3196 784 3550 853 exprcsserit.

1981 874 2114 929 Nam
2145 877 2190 930 si
2223 893 2321 931 nos
2353 878 2538 933 ﬁdeles
2566 876 2812 933 videntes
2840 891 2935 930 eos
2968 875 3059 946 qui
3080 876 3199 931 sani
3231 884 3362 931 sunt
3392 889 3551 929 men-

302 972 579 1035 dicantes,
611 970 965 1034 offendimus,
1005 971 1161 1040 172
1181 971 1325 1038 quod
1380 986 1507 1026 cum
1544 968 1763 1040 operari
1822 979 2074 1040 possunt,
2109 971 2275 1027 otiosi
2297 973 2638 1028 circumeant
2669 1012 2686 1038 ,
2740 968 2962 1042 quando
3020 970 3195 1040 magis
3248 966 3557 1025 increduli?

303 1083 445 1138 quos
471 1076 636 1122 vocat
665 1077 985 1129 extraneos,
1026 1076 1157 1134 puta
1181 1081 1211 1118 a
1234 1066 1359 1121 ﬁde.

896 1161 1151 1213 ΚΕΦΑΛ.
1209 1158 1287 1216 Ε’.

306 1255 678 1310 Διδασκαλιά
728 1253 862 1320 περὶ
899 1253 1007 1320 τῆς
1049 1253 1156 1307 τοῦ
1185 1251 1446 1306 θανάτου
1496 1250 1885 1316 καταλύσεως

405 1329 503 1381 ἐπὶ
538 1324 770 1385 ζώντων
798 1325 896 1379 καὶ
920 1322 1148 1390 νεκρῶν
1173 1322 1490 1391 ἐπιφανείᾳ
1510 1320 1794 1388 Χριστοῦ.

379 1420 464 1471 Οὐ
494 1415 648 1471 θέλω
695 1414 764 1468 δὲ
786 1413 944 1483 ὑμᾶς
972 1413 1235 1481 ἀγνοεῖν,
1274 1410 1552 1479 ἀδελφοὶ,
1585 1410 1724 1479 περὶ
1767 1409 1888 1463 τῶν

313 1506 786 1575 κεκοιμημένων,
822 1506 923 1558 ἵνα
968 1504 1054 1573 μὴ
1100 1502 1410 1570 λυπῆσθε.
1452 1501 1648 1568 καθὼς
1694 1501 1795 1555 καί
1826 1504 1881 1556 οἱ

305 1602 513 1654 λοιποὶ
548 1602 603 1652 οἱ
633 1596 719 1667 μὴ
742 1598 985 1666 ἔχοντες
1008 1596 1249 1650 ἐλπίδα.
1284 1598 1353 1650 El
1370 1593 1481 1664 γὰρ
1515 1595 1881 1663 πιστεύομεν

305 1691 396 1746 ὅτι
436 1690 677 1758 Ἰησοῦς
704 1689 966 1745 ἀπέθανε
992 1688 1091 1743 καὶ
1122 1688 1373 1754 ἀνέστη,
1391 1687 1545 1742 οὕτω
1568 1686 1665 1741 καί
1685 1689 1718 1741 ό
1736 1686 1880 1751 Θεὸς

305 1785 446 1851 τοὺς
470 1785 862 1853 κοιμηθέντας
881 1783 978 1837 διὰ
1002 1783 1112 1836 τοῦ
1148 1782 1351 1846 Ἰησοῦ
1381 1782 1510 1846 ἄξει
1538 1782 1660 1838 σὺν
1697 1782 1877 1847 αὐτῷ.

2578 1138 2837 1216 CAPUT
2871 1159 2939 1217 ν.

1985 1255 2243 1311 Doctrina
2283 1253 2347 1308 de
2398 1256 2584 1309 mortis
2624 1254 2942 1309 resolutione
2994 1268 3057 1305 ac
3119 1248 3551 1320 manifestatione

2056 1325 2255 1380 Christi
2269 1326 2414 1379 circa
2439 1334 2678 1378 mortuos
2704 1341 2765 1378 ac
2790 1325 3031 1377 viventes.

2054 1415 2147 1478 ιν,
2182 1416 2369 1469 η-ιδ.
2421 1413 2681 1468 Caeterum
2736 1411 2856 1465 nolo
2895 1426 2983 1464 vos
3028 1410 3296 1479 ignorare,
3335 1406 3552 1476 fratres,

1983 1508 2050 1561 de
2077 1507 2157 1560 Itis
2182 1506 2271 1576 qui
2292 1503 2714 1568 obdortnierunt,
2745 1516 2808 1556 ne
2837 1501 3105 1554 nta'reatis
3130 1500 3266 1553 sicut
3293 1504 3343 1550 et
3373 1495 3553 1551 caeteri

1985 1600 2076 1669 qui
2106 1614 2250 1667 spem
2281 1615 2383 1651 non
2408 1597 2621 1651 habent.
2657 1595 2716 1651 Si
2760 1596 2901 1650 enim
2934 1594 3198 1649 credimus
3227 1591 3365 1661 quod
3397 1587 3553 1644 Iesus

1988 1700 2226 1743 mortuus
2251 1697 2329 1742 est
2366 1698 2418 1743 et
2449 1687 2740 1743 resurrexit
2778 1700 2798 1739 :
2828 1686 2904 1739 ita
2959 1695 3009 1739 et
3038 1684 3180 1739 Deus
3214 1696 3302 1738 eos
3328 1681 3418 1752 qui
3469 1679 3557 1735 ob-

1986 1783 2318 1836 dormierunt
2346 1798 2438 1851 per
2454 1781 2638 1835 Iesum
2673 1780 2898 1834 adducet
2928 1792 3047 1832 cum
3070 1778 3184 1830 illo.

382 1877 540 1929 Ἔστι
570 1876 679 1946 γάρ
708 1891 850 1937 τινα,
881 1876 1039 1929 ᾶτινα
1065 1874 1125 1938 ἐξ
1153 1875 1375 1942 ἀγνοίας
1413 1873 1591 1944 λύπην
1638 1875 1879 1944 ἐμποιεῖ,

2060 1874 2203 1928 Sunt
2232 1873 2377 1928 enim
2397 1873 2648 1942 quaedam
2676 1886 2797 1941 qua:
2835 1871 2907 1925 ob
2939 1866 3304 1938 ignorantiam
3352 1875 3556 1919 mer-

304 1969 622 2036 γνωσθέντα
641 1968 699 2021 δὲ
727 1968 888 2020 παύει
910 1967 1008 2037 τὴν
1032 1966 1231 2035 λύπην.
1268 1985 1288 2018 ι
1315 1966 1452 2037 Περὶ
1479 1966 1587 2020 τῶν
1626 1984 1880 2036 κεκοιμη-

307 2059 510 2129 μένων.
525 2076 544 2108 ι
567 2058 729 2126 Ὅρα,
757 2058 856 2111 οὐκ
872 2051 1047 2120 εἶπεν,
1068 2056 1497 2120 Ἀποθανόντων,
1523 2056 1658 2110 ἀλλά
1680 2059 1882 2111 Restat-

311 2151 599 2222 μημένων,
630 2151 845 2213 δεικνὺς
875 2147 1015 2203 εἶναι
1051 2151 1145 2204 καὶ
1188 2150 1427 2221 ἔγερσιν.
1474 2151 1579 2203 «Oi
1613 2148 1687 2221 μὴ
1730 2149 1885 2219 ἔχον-

304 2260 398 2306 τες
429 2242 642 2296 ἐλπίδα.
683 2261 703 2293 ι
760 2241 999 2306 Ἐλπίδα,
1034 2241 1335 2303 τουτέστιν,
1369 2242 1736 2301 ἀναστάσεως.
1760 2240 1884 2293 Τῶν

308 2335 423 2404 γάρ
485 2334 748 2387 τοιούτων
788 2325 946 2396 ίδιόν,
976 2334 1036 2387 τὸ
1072 2335 1169 2387 ἐπὶ
1216 2339 1329 2396 τοῖς
1366 2334 1660 2387 τελευτῶσι
1698 2332 1884 2387 λυπεῖ-

310 2427 460 2479 σθαι.
522 2444 540 2477 ι
565 2426 628 2479 Ei
654 2425 764 2495 γὰρ
817 2424 1167 2494 πιστεύομεν.
1195 2446 1214 2479 ι
1257 2425 1320 2480 Ei
1352 2425 1482 2495 γὰρ,
1528 2424 1715 2495 ἐπειδὴ
1751 2424 1882 2493 γάρ.

310 2520 383 2572 Ἦ
411 2517 586 2581 οῦτως
612 2533 627 2548 ·
662 2518 726 2571 Ei
756 2517 866 2587 γὰρ
893 2517 1049 2581 ὅλως,
1087 2517 1244 2587 φησὶ,
1291 2516 1639 2587 πιστεύομεν,
1689 2516 1784 2570 καὶ
1810 2515 1885 2586 μὴ

312 2608 671 2681 μμώρανται
698 2611 856 2680 ἡμῶν
907 2611 963 2664 al
1007 2609 1202 2680 ψυχαὶ.
1240 2630 1261 2661 ι
1285 2607 1475 2671 Οῦτως
1503 2646 1519 2670 ,
1554 2608 1709 2676 φησὶ,
1741 2609 1837 2661 καὶ
1859 2609 1886 2661 ὁ

306 2700 465 2766 Θεὸς,
509 2718 529 2751 s
566 2701 836 2763 τουτέστι,
877 2699 1135 2770 καθάπερ
1171 2699 1262 2753 τὸν
1288 2698 1516 2770 Κύριον,
1546 2699 1611 2752 ἐκ
1655 2697 1885 2776 θανάτου

306 2793 516 2863 ἐγερεῖ.
554 2793 695 2862 Ὅρα
728 2792 786 2845 δὲ
809 2792 1110 2860 ἀσφάλειαν
1133 2791 1319 2859 λόγου.
1368 2791 1493 2844 Ἐπὶ
1522 2790 1621 2859 μὲν
1640 2789 1733 2845 τοῦ
1776 2792 1889 2845 Κυ-

309 2886 432 2955 ρίου
456 2884 544 2938 διὰ
582 2884 644 2936 τὸ
674 2885 768 2938 καὶ
795 2882 894 2952 τὴν
923 2883 1218 2937 ἀνάστασιν
1257 2883 1358 2952 ῆδη
1389 2883 1695 2951 γεγονέναι,
1750 2879 1888 2953 θαρ-

311 2974 558 3043 ρούντως
588 2973 735 3041 λέγει
764 2972 845 3036 τὸ.
887 2974 1204 3029 ’Δπέθανεν.
1238 2974 1366 3027 Ἐπὶ
1393 2974 1449 3026 δὲ
1484 2972 1664 3043 ἡμῶν,
1701 2971 1791 3026 διὰ
1828 2971 1891 3025 τὸ

311 3067 533 3136 μέλλειν
554 3066 635 3121 ἔτι
665 3066 762 3137 τὴν
799 3067 1115 3131 ἀνάστασιν,
1146 3066 1285 3130 Τοὺς
1310 3065 1692 3137 κοιμηθέντας,
1731 3064 1889 3134 φησὶ,

311 3160 532 3223 δεικνὺς
560 3159 728 3214 οὖσαν
760 3160 856 3213 καὶ
874 3159 1112 3230 ἔγερσιν.
1148 3176 1167 3211 ι
1191 3158 1284 3230 Μὴ
1305 3161 1334 3212 ὁ
1363 3158 1706 3228 κοιμώμενος
1757 3157 1888 3227 γάρ,

1985 1982 2100 2022 rem
2131 1966 2399 2030 eﬂiciunt,
2455 1965 2669 2033 cognita
2700 1977 2834 2019 vero
2872 1961 3067 2016 sedant
3096 1957 3365 2012 dolorem.
3400 1974 3420 2007 ι
3469 1954 3545 2009 De

1984 2059 2073 2113 liis
2107 2058 2199 2127 qui
2238 2056 2708 2111 obdormierunt.»
2744 2053 3131 2108 Animadverte
3163 2046 3308 2120 quod
3339 2062 3451 2103 non
3484 2046 3563 2101 di-

1984 2150 2127 2204 xerit
2159 2148 2538 2210 Morientibus,
2561 2144 2774 2203 sedilis
2796 2144 2891 2215 qui
2914 2142 3352 2211 obdormierunt,
3370 2146 3559 2193 osten-

1986 2240 2126 2295 dens
2155 2241 2319 2294 etiam
2351 2254 2477 2295 esse
2528 2237 3014 2293 resurrectionem.
3054 2253 3074 2287 ι
3115 2233 3217 2299 Qui
3254 2246 3402 2302 spem
3448 2244 3555 2285 non

1986 2334 2210 2389 habent.
2261 2352 2280 2385 ι
2333 2332 2522 2404 Spem,
2579 2346 2777 2401 nempe
2828 2326 3281 2386 resurrectionis.
3341 2324 3557 2378 Talium

1987 2441 2225 2495 namque
2254 2426 2541 2496 proprium
2562 2432 2646 2480 est
2662 2423 2847 2478 dolere
2876 2422 2950 2477 ob
2970 2436 3066 2477 eos
3101 2420 3193 2488 qui
3226 2416 3562 2471 moriuntur.

1991 2537 2012 2571 ι
2047 2517 2104 2573 Si
2167 2518 2312 2573 enim
2360 2518 2662 2572 credimus.
2694 2532 2714 2567 s
2779 2514 2837 2569 Si
2884 2514 3054 2578 enim,
3109 2507 3560 2581 quandoquidem

1985 2612 2155 2668 enim.
2189 2611 2300 2666 Aut
2335 2611 2442 2666 hoc
2495 2610 2660 2666 modo
2696 2624 2711 2664 :
2765 2609 2824 2663 Si
2855 2608 3000 2663 enim
3030 2605 3281 2666 omnino,
3306 2602 3403 2664 ait,
3437 2614 3562 2654 cre-

1988 2706 2173 2762 dimus
2227 2711 2284 2760 et
2322 2719 2431 2759 non
2458 2709 2588 2758 sunt
2620 2701 2902 2757 infatuatae
2933 2697 3129 2753 animae
3159 2701 3382 2750 nostrae.
3424 2708 3444 2743 ι
3486 2691 3559 2743 lta

1987 2807 2044 2855 et
2078 2799 2242 2860 Deus.
2281 2816 2302 2850 s
2343 2804 2473 2867 puta
2509 2796 2652 2851 sicut
2678 2792 2999 2854 Dominum,
3038 2805 3103 2845 ex
3130 2795 3309 2843 morte
3358 2784 3562 2841 excita-

1990 2892 2089 2947 bit.
2129 2889 2430 2945 Considera
2466 2902 2597 2943 vero
2622 2886 2899 2943 sermonis
2929 2881 3340 2937 ccrtitudinem.
3376 2874 3564 2944 Siqui-

1991 2982 2117 3037 dem
2144 2982 2212 3037 de
2236 2980 2467 3035 Domino
2487 2993 2554 3034 eo
2602 2978 2748 3048 quod
2783 2975 2895 3045 jam
2927 2975 3071 3029 facta
3116 2972 3187 3028 sit
3212 2971 3333 3039 ejus
3373 2982 3562 3023 resur-

1992 3074 2191 3136 rectio,
2246 3071 2586 3128 conﬁdenter
2638 3068 2777 3123 dicit
2808 3083 2824 3122 :
2851 3066 3103 3120 Mortuus
3144 3072 3247 3118 est.
3299 3061 3373 3114 De
3403 3060 3563 3116 nobis

1993 3181 2124 3221 vere
2158 3177 2281 3217 cum
2325 3161 2505 3216 adhuc
2553 3160 2733 3215 l‘utnra
2782 3160 2854 3213 sit
2891 3155 3246 3217 resurrectio,
3293 3153 3368 3204 ait
3402 3166 3417 3205 :
3454 3149 3561 3203 Eos

310 3253 500 3322 φησιν,
535 3252 654 3321 οὐχὶ
694 3252 994 3319 προσθήσει
1026 3249 1120 3305 τοῦ
1161 3252 1493 3321 ἀναστῆναι;
1522 3268 1540 3302 ι
1573 3250 1751 3313 «Τοὺς
1773 3265 1888 3302 κοι-

1996 3261 2089 3329 qui
2115 3257 2550 3321 obdormierunt,
2584 3253 2883 3308 ostendens
2912 3251 3077 3304 etiam
3109 3245 3254 3315 quod
3278 3244 3349 3301 sit
3373 3257 3563 3297 resur-

313 3343 588 3414 μηθέντας
613 3343 702 3396 διὰ
719 3341 812 3395 τοῦ
857 3341 1056 3411 Ἰησοῦ.
1087 3360 1105 3393 s
1140 3340 1212 3394 Ἦ
1241 3340 1330 3394 διὰ
1359 3341 1450 3394 τοῦ
1499 3339 1677 3410 Ἰησοῦ
1734 3335 1878 3402 ἄξει,

310 3436 444 3489 ὅτιὸ
478 3434 618 3497 Υίὺς
644 3434 817 3496 αἴτιος
848 3433 950 3503 τῆς
978 3431 1351 3495 ἀναστάσεως,
1381 3430 1478 3484 καὶ
1510 3430 1606 3483 τοῦ
1651 3429 1887 3498 ὀφθῆναι

313 3528 467 3596 ἡμᾶς
490 3525 568 3598 τῷ
599 3523 876 3595 προσώπῳ
903 3525 997 3578 τοῦ
1021 3524 1256 3595 Πατρός.
1288 3522 1380 3586 Ἢ,
1422 3524 1550 3587 τοὺς
1592 3523 1889 3594 κοιμηθέν-

310 3635 417 3679 τας
440 3618 528 3671 διὰ
561 3616 661 3669 τοῦ
699 3616 893 3686 Ἰησοῦ,
926 3616 1342 3679 τουτέστι,τοὺς
1362 3616 1421 3667 ἐν
1455 3614 1632 3668 πίστει
1665 3614 1758 3668 τοῦ
1786 3617 1892 3684 ἰη--

315 3711 415 3766 σοῦ
440 3709 806 3781 κοιμηθέντας
835 3710 973 3776 ἄξει,
998 3708 1155 3779 φησὶ,
1186 3707 1490 3772 τουτέστιν,
1528 3708 1560 3781 ἢ
1596 3711 1677 3773 εἰς
1711 3708 1888 3778 πρόσ-

312 3821 466 3858 ωπον
537 3803 688 3869 ῐδιον,
717 3802 751 3874 ἢ
786 3803 866 3865 τίς
892 3802 955 3854 τὸ
986 3802 1305 3872 ἀναστῆναι.
1336 3800 1401 3855 Τί
1429 3796 1544 3866 οὖν,
1582 3802 1725 3854 εἴποι
1776 3816 1883 3866 τις,

318 3896 401 3959 ὠς
431 3895 570 3965 πρὸς
626 3894 725 3966 τὴν
760 3894 1019 3963 δευτέραν
1068 3893 1348 3964 ἐξήγησιν,
1411 3892 1610 3964 μερικὴ
1652 3892 1803 3946 ἔσται
1854 3892 1890 3961 ἡ

315 3989 618 4052 ἀνάστασις
644 4027 662 4054 ,
700 3986 777 4050 ὡς
825 3986 935 4040 τῶν
969 3986 1214 4041 ἀπίστων
1234 3986 1309 4057 μὴ
1358 3985 1774 4055 ἀνισταμένων;
1814 3983 1890 4039 Οὐ

316 4079 498 4144 τοῦτο,
525 4078 639 4132 ἀλλ’
668 4079 752 4131 ὅτι
774 4079 974 4142 πάντες
1006 4078 1103 4149 μὲν
1128 4078 1555 4148 ἀναστήσονται,
1586 4077 1649 4129 ού
1675 4078 1879 4141 πάντες

314 4174 377 4227 δὲ
429 4171 784 4243 ἀχθήσονται.
831 4170 907 4223 Τὸ
950 4169 1059 4239 γὰρ
1095 4169 1360 4239 ἀχθῆναι,
1407 4169 1506 4240 τὴν
1560 4167 1699 4237 μετά
1726 4168 1891 4238 τιμῆς

318 4261 663 4331 πανταχόθεν
689 4263 749 4314 tu
783 4260 1035 4329 νεφέλαις
1069 4260 1327 4330 ἁρπαγὴν
1366 4260 1462 4313 ναὶ
1506 4257 1730 4329 ἀγωγὴν
1783 4256 1891 4327 τὴν

320 4354 463 4426 πρὸς
479 4354 572 4408 τὸν
589 4352 780 4423 κριτὴν
801 4353 968 4422 δηλοῖ.
989 4353 1055 4408 Ol.
1077 4353 1173 4422 μὲν
1195 4354 1303 4423 γὰρ
1326 4352 1503 4405 πιστοὶ¹
1525 4352 1618 4406 καὶ
1645 4352 1747 4407 οὐκ
1767 4351 1892 4406 trti-

319 4446 563 4499 πλαστον
601 4445 813 4515 ἔχοντες
834 4444 993 4499 τοῦτο
1024 4447 1085 4498 τὸ
1113 4444 1307 4514 ὄνομα,
1342 4445 1402 4496 ἐν
1429 4443 1681 4513 νεφέλαις
1706 4444 1890 4513 ἁρπα-

1996 3351 2184 3407 rectio.
2228 3369 2246 3401 ι
2274 3347 2413 3404 Νιιιη
2437 3347 2529 3414 qui
2559 3343 2857 3408 obdorinit,
2903 3342 3105 3407 inquit,
3136 3353 3244 3393 non
3287 3336 3449 3390 addet
3506 3342 3565 3388 ut

1995 3439 2288 3511 resurgat?
2326 3455 2348 3489 ι
2382 3438 2489 3492 Eos
2511 3435 2604 3504 qui
2631 3430 3050 3487 obdormiernnt
3073 3442 3169 3497 per
3189 3424 3375 3480 Iesum
3400 3419 3566 3511 addu-

1991 3539 2079 3587 cet
2119 3509 2245 3584 cum
2279 3527 2394 3581 illo.
2427 3542 2447 3577 s
2492 3524 2603 3579 Aut
2638 3537 2736 3593 per
2764 3519 2951 3576 Jesum
2989 3516 3244 3578 adducet,
3287 3512 3431 3583 quod
3478 3509 3568 3564 Fi-

1994 3623 2104 3678 lius
2160 3634 2329 3675 causa
2400 3618 2473 3672 sit
2537 3610 2990 3670 resurrectionis,
3049 3616 3105 3662 et
3158 3613 3218 3659 ut
3276 3604 3567 3657 videamus

1994 3714 2188 3768 faciem
2249 3709 2448 3765 Patris.
2497 3708 2609 3762 Aut
2630 3705 2724 3777 qui
2768 3701 3185 3758 olulormierunt
3215 3712 3313 3767 per
3355 3694 3568 3760 Jesum,

1992 3806 2099 3860 hoc
2119 3812 2225 3868 est,
2259 3816 2355 3857 eos
2377 3801 2469 3871 qui
2496 3800 2551 3853 in
2586 3798 2689 3852 [ide
2715 3795 2843 3851 Jesu
2864 3792 3284 3850 obdormierunt
3302 3786 3562 3851 adducet,

1991 3898 2090 3963 ait,
2124 3903 2258 3967 puta
2291 3902 2419 3949 ante
2447 3892 2639 3948 iaciens
2698 3903 2881 3954 suam,
2910 3895 3004 3939 aut
3049 3884 3116 3939 ad
3155 3882 3263 3936 hoc
3297 3889 3352 3933 ut
3382 3895 3570 3933 resur-

1992 3998 2141 4060 gant.
2195 3987 2338 4053 Quid
2379 3985 2585 4055 igitur,
2653 3980 2805 4036 dicat
2874 3977 3095 4049 aliquis,
3169 3981 3431 4042 tanquam
3504 3967 3573 4023 ad

1997 4080 2296 4138 secundani
2347 4078 2490 4132 hanc
2530 4074 2968 4134 enarrationem,
3028 4084 3098 4123 an
3152 4066 3401 4137 partialis
3468 4062 3575 4118 erit

1994 4169 2368 4234 resurrectio,
2407 4172 2597 4237 utpote
2662 4161 2964 4218 incredulis
3041 4174 3151 4213 non
3227 4153 3573 4224 resurgenti-

1996 4262 2138 4321 hnsl
2175 4261 2294 4317 Non
2342 4261 2445 4315 hoc
2473 4259 2599 4324 erit,
2652 4255 2749 4312 sed
2784 4268 2978 4309 omnes
3004 4250 3225 4322 quidem
3255 4253 3568 4317 resurgent.

1998 4370 2189 4411 verum
2257 4368 2364 4407 non
2419 4363 2614 4406 omnes
2679 4346 3042 4402 adducentur.
3092 4340 3248 4411 173
3284 4337 3417 4393 Nam
3471 4337 3571 4391 ad-

1995 4448 2123 4503 duci
2193 4444 2467 4515 signillcat
2523 4451 2739 4511 raptum
2800 4446 2855 4493 et
2899 4435 3276 4491 inductionem
3330 4428 3570 4497 undique

319 4539 587 4609 γὴσονται
614 4539 695 4601 είς
731 4539 1035 4608 ἀπάντησιν
1065 4536 1161 4591 τοῦ
1186 4536 1449 4608 Χριστοῦ.
1469 4538 1534 4592 0i.
1561 4537 1619 4590 δὲ
1647 4536 1888 4597 ἄπιστοι.

2001 4537 2054 4590 in
2088 4536 2329 4591 nubibus
2359 4546 2486 4586 eum
2513 4531 2728 4585 honore
2774 4526 2843 4582 ad
2880 4524 3145 4594 iudicem.
3181 4520 3395 4575 Etenim
3451 4530 3572 4572 cre-

2016 4630 2032 4636 _
2285 4632 2294 4636 -
2435 4624 2448 4636 .
2509 4624 2524 4636 .
2903 4621 2947 4636 .,
2989 4616 3135 4636 _,..-
3192 4613 3433 4636 ι-..,-.....
3476 4610 3542 4636 ι...

322 4628 476 4681 κάτω
506 4627 894 4700 περιμενοῦσιν
921 4629 1083 4681 αὐτὸν
1104 4627 1422 4699 ἐρχόμενον,
1453 4628 1528 4699 μὴ
1574 4626 1888 4697 ἀξιούμενοι

2001 4630 2194 4685 dentes
2247 4632 2302 4680 et
2357 4624 2451 4695 qui
2508 4624 2614 4678 hoc
2664 4636 2861 4677 nomen
2902 4621 2958 4672 in
2988 4616 3142 4672 nullo
3191 4613 3435 4667 fucatum
3476 4610 3572 4663 lia-

323 4719 654 4786 ὑπαντῆσαι.
696 4718 815 4771 Ἵνα
844 4721 896 4771 τί
924 4719 1036 4789 γὰρ
1066 4719 1140 4787 μὴ
1172 4713 1346 4780 εἶπεν,
1382 4717 1500 4772 ’Ίνα
1544 4716 1894 4788 τιμωρηθῆτε

324 4812 403 4874 ὡς
434 4809 513 4879 μὴ
548 4807 938 4879 ὁμολογοῦντες
991 4807 1290 4862 ἀνάστασιν
1322 4824 1339 4874 ;
1376 4808 1449 4860 ’Ἦ
1484 4806 1561 4871 ὡς
1610 4805 1897 4877 ὡμολογη-

327 4902 489 4969 μένον
515 4900 674 4953 τοῦτο
704 4900 991 4970 παρείασε,
1020 4900 1114 4952 καί
1147 4898 1472 4969 φησιν,“ινα
1507 4899 1582 4969 μὴ
1616 4898 1754 4968 μετά
1802 4898 1899 4968 τῆς

324 4990 597 5062 τιμωρίας
639 4989 737 5059 τῆς
767 4990 902 5055 εκεῖ,
939 4991 1033 5042 καὶ
1065 4989 1133 5043 τὰ
1158 4988 1391 5042 ἐνταῦθα
1421 4988 1682 5060 λυπῆσθε.
1712 4992 1784 5045 Ἦ
1814 4991 1898 5045 ὅτι

323 5085 392 5153 τῇ
427 5082 529 5152 μὲν
553 5081 848 5136 ἀναστάσει
898 5082 1000 5134 οὐκ
1035 5081 1319 5151 ἠπίστουν,
1350 5081 1483 5152 (καὶ
1508 5081 1657 5150 δηλοῖ
1680 5081 1740 5135 τδ
1769 5084 1899 5153 περὶ

325 5173 435 5227 τῶν
459 5174 665 5244 χρόνων
695 5174 891 5237 αὐτοὺς
914 5171 1275 5242 ἀμφιϐάλλειν
1313 5173 1450 5243 ὅπερ
1480 5170 1630 5226 κάτω
1661 5173 1889 5244 φησὶν.)

327 5264 465 5318 ἀλλά
496 5265 656 5333 μύνον
692 5264 993 5333 ἠδημόνουν
1015 5263 1108 5317 ἐπὶ
1134 5265 1246 5327 τοῖς
1269 5263 1616 5319 τελευτῶσιν.

2005 4722 2160 4786 bent,
2186 4720 2240 4774 in
2273 4718 2513 4774 nubibus
2538 4717 2753 4772 obviam
2786 4712 3007 4769 Christo
3034 4709 3357 4779 rapientur:
3391 4703 3575 4757 incre~

2003 4811 2119 4868 duli
2163 4826 2294 4864 vero
2324 4810 2583 4864 deorsum
2645 4802 3042 4874 exspectabunt
3097 4800 3278 4870 ipsum
3341 4795 3569 4847 venien-

2005 4912 2136 4968 tem,
2168 4901 2378 4971 indigni
2413 4900 2510 4970 qui
2538 4904 2853 4953 occurrant.
2891 4894 3071 4960 Quare
3100 4891 3246 4945 enim
3273 4902 3377 4941 non
3407 4884 3568 4946 dixit,
3680 4936 3687 4939 _

2005 4993 2077 5049 Ut
2109 5007 2303 5063 ptenas
2343 4991 2487 5047 detis
2517 4998 2778 5060 tauquam
2808 4976 2902 5056 qui
2935 4997 3046 5038 non
3100 4975 3437 5034 conﬁtemini
3480 4989 3571 5028 re-

2006 5082 2449 5140 surrectionem?
2480 5081 2590 5136 Ant
2632 5089 2892 5148 tanquam
2929 5073 2983 5128 id
3032 5069 3179 5142 quod
3219 5070 3273 5124 in
3319 5066 3574 5123 confesso

2004 5182 2128 5231 erat
2167 5174 2271 5229 hoc.
2307 5171 2679 5244 praetermisit,
2709 5179 2764 5226 et
2790 5168 2868 5223 ait
2910 5183 2925 5221 :
2955 5164 3031 5220 Ut
3068 5179 3179 5219 non
3213 5176 3336 5217 cum
3382 5158 3572 5213 futuro

2008 5265 2283 5337 supplicio
2312 5265 2478 5320 etiam
2510 5265 2578 5320 de
2605 5260 2966 5334 pra‘scntibus
2998 5256 3248 5327 lugentis.
3293 5251 3397 5306 Aut
3425 5247 3570 5337 quod

338 5358 408 5413 de
474 5360 881 5414 resurrectione
931 5358 1149 5427 quidem
1187 5373 1295 5411 non
1338 5358 1651 5413 diﬁideliant
1679 5359 1753 5429 (et
1796 5359 1901 5415 hoc
1951 5336 2159 5416 indicat
2192 5358 2339 5429 quod
2372 5359 2473 5428 ipsi
2509 5358 2576 5412 de
2621 5353 2962 5425 temporibus
3016 5346 3389 5419 ambigebant,
3421 5336 3569 5410 quod

339 5448 570 5502 inferius
599 5448 723 5517 ait),
760 5446 853 5499 sed
892 5447 1068 5500 solum
1097 5449 1338 5516 graviter
1368 5447 1710 5517 augebantur
1745 5448 1816 5501 ob
1878 5464 1977 5505 eos
2010 5448 2103 5520 qui
2126 5454 2490 5503 morerentur.
3114 5458 3121 5465 '

408 5538 589 5595 Τοῦτο
610 5540 719 5606 τὰρ
766 5537 909 5607 ὑμῖν
942 5538 1202 5608 λέγομεν
1229 5539 1297 5593 ἐν
1323 5539 1484 5607 λόγῳ
1518 5539 1758 5607 Κυρίου,
1810 5540 1900 5594 ὅτι

335 5635 505 5703 ἡμεῖς
531 5638 585 5689 οἱ
615 5632 824 5701 ζῶντες
848 5638 903 5689 οι
932 5637 1405 5705 περιλειπόμενοι
1425 5638 1511 5701 εὶς
1536 5635 1650 5703 τὴν
1682 5651 1901 5705 παρου-

336 5727 482 5781 σίαν
520 5726 627 5781 τοῦ
657 5728 899 5795 Κυρίου,
929 5729 999 5782 οὐ
1028 5727 1114 5797 μὴ
1153 5729 1477 5798 φθάσωμεν
1508 5727 1648 5793 τοὺς
1698 5744 1905 5798 κοιμη-

340 5816 568 5882 θέντας,
600 5816 689 5870 ὅτι
717 5817 899 5881 αὐτὸς
925 5820 956 5871 ὀ
990 5819 1201 5885 Κύριος
1226 5818 1294 5871 ἐν
1309 5819 1672 5887 κελεύσματι
1695 5818 1767 5870 ἐν
1794 5834 1905 5885 59w-

343 5904 419 5979 νῇ
444 5906 822 5978 ἀρχαγγέλου
860 5908 953 5961 καὶ
989 5907 1057 5961 ἐν
1079 5906 1542 5977 σάλπιγγιθεοῦ
1576 5906 1905 5975 καταϐήσε-

2075 5540 2170 5609 IV,
2207 5540 2390 5595 ιι-ιτ.
2447 5538 2563 5593 Hoc
2594 5539 2732 5593 enim
2781 5535 2925 5591 vobis
2947 5532 3175 5586 dicimus
3192 5529 3246 5582 in
3287 5524 3441 5581 verba
3463 5523 3574 5578 Do-

2006 5634 2158 5693 mini.
2201 5632 2339 5702 quod
2370 5647 2464 5685 nos
2498 5632 2588 5701 qui
2617 5631 2837 5684 uiuimus
2857 5626 2948 5697 qui
2989 5621 3340 5687 relinquimur
3374 5619 3436 5671 in
3473 5616 3574 5671 ad-

2006 5730 2223 5777 uentum
2270 5722 2507 5784 Domini,
2563 5735 2894 5791 nequaquam
2917 5714 3290 5787 praveniemus
3346 5725 3435 5764 eos
3478 5708 3571 5779 qui

2008 5815 2421 5869 obdormierunt.
2455 5814 2726 5881 Quoniam
2755 5813 2865 5881 ipse
2889 5806 3145 5861 Dominus
3174 5805 3227 5857 in
3248 5803 3403 5873 jussu
3432 5808 3482 5855 et
3515 5802 3570 5854 in

2008 5922 2127 5961 race
2168 5905 2473 5978 archangeli
2511 5922 2572 5961 ac
2630 5906 2683 5958 in
2712 5904 2837 5958 tuba
2896 5898 2989 5954 Dei
3017 5897 3293 5954 descendet
3326 5894 3389 5950 de
3417 5892 3574 5957 calo,
