3994 6640
459 468 527 536 91
1529 470 1927 534 (ECUMENII
1956 469 2051 529 TR

2155 468 2248 531 31E
2277 468 2618 530 EPISCOPI
3646 467 3716 529 92

453 596 502 641 et
536 586 732 641 mortui
771 587 825 641 in
855 584 1070 642 Christo
1103 594 1373 656 resurgent
1413 584 1686 655 primunt:
1728 582 1920 636 deinde
1945 598 2037 635 nos

2155 597 2237 634 rat
2267 579 2370 634 ἀπ’
2397 579 2683 648 οὐρανοῦ,
2749 575 2849 632 καί
2875 578 2929 632 οἱ
2955 577 3160 646 νεκροὶ
3192 577 3261 632 ἐν
3313 577 3546 648 Χριστῷ
3583 580 3732 636 ἁνα-

453 680 546 745 qui
579 680 800 734 vivimus
836 681 929 750 qui
959 679 1332 748 relinquimur,
1393 675 1552 730 simul
1605 691 1724 728 cum
1789 674 1901 727 illis
1940 690 2035 725 ra-

455 772 661 840 piemur
695 772 750 824 in
785 769 1008 823 nubibus
1053 770 1107 822 in
1130 784 1406 822 occursum
1433 766 1650 820 Domini
1677 766 1729 818 in
1769 780 1939 818 aera:
1983 771 2033 816 et

457 865 534 916 sic
563 875 769 932 semper
794 879 912 916 cum
936 862 1158 916 Domino
1175 861 1396 915 erimus.
1428 858 1662 914 Proinde
1688 858 2037 914 consolemini

456 967 543 1004 vos
577 960 759 1006 mutuo
789 949 844 1004 in
870 951 1035 1005 verbis
1067 950 1171 1004 Itis.

528 1132 785 1203 Magnum
828 1132 1080 1187 dicturus
1114 1140 1238 1185 erat
1275 1129 1628 1200 mysterium,
1659 1136 1714 1185 et
1746 1136 2037 1200 propterea

460 1232 520 1277 ut
547 1222 682 1278 fides
711 1222 1073 1276 adhiberetur
1094 1221 1426 1277 observavit.
1458 1221 1575 1276 Non
1608 1230 1818 1285 noster,
1838 1220 2039 1290 inquit,

461 1331 644 1372 sermo
675 1324 779 1381 est,
805 1315 898 1370 sed
931 1313 1169 1368 Domini.
1205 1333 1224 1367 ι
1265 1312 1322 1368 ln
1355 1315 1524 1370 verbo
1551 1313 1789 1370 Domini.
1836 1331 1856 1365 ι
1893 1311 2040 1368 For-

461 1410 624 1464 tassis
670 1409 836 1464 etiam
877 1408 981 1462 hoc
1022 1424 1192 1462 unum
1229 1418 1348 1463 erat
1384 1422 1712 1464 arcanorum
1747 1425 1761 1463 :
1797 1423 1906 1462 non
1943 1422 2044 1462 au-

463 1509 574 1556 tem
630 1501 816 1556 omnia
863 1501 1044 1572 eloqui
1085 1501 1298 1556 licitum
1355 1511 1496 1568 erat,
1550 1501 1644 1556 scd
1695 1503 1832 1557 bene
1873 1502 2042 1558 istud.

469 1613 486 1645 ‹
527 1591 690 1660 Quod
751 1609 879 1649 nos.
915 1612 934 1645 ι
975 1593 1099 1648 Non
1162 1593 1230 1649 de
1262 1594 1446 1664 seipso
1507 1593 1612 1649 hoc
1667 1591 1825 1661 dicit,
1867 1607 2046 1664 neque

463 1686 611 1742 enim
674 1701 852 1756 usque
893 1685 964 1739 ad
1012 1685 1067 1740 id
1125 1694 1341 1755 tempus
1381 1685 1746 1756 corporaliter
1793 1686 2045 1741 victurus

464 1785 610 1843 erat,
680 1778 774 1834 sed
828 1792 985 1832 suam
1041 1792 1340 1847 personam
1391 1778 1542 1834 verbi
1607 1792 1776 1833 causa
1807 1778 2044 1849 profert.

473 1886 491 1919 ι
526 1866 627 1934 Qui
657 1867 916 1933 vivimus,
947 1887 966 1921 ι
999 1866 1196 1925 Vivere
1221 1869 1356 1924 dicit
1393 1870 1630 1937 animas,
1667 1870 1914 1926 dormire
1949 1887 2045 1926 ve-

465 1975 530 2016 ro
559 1975 814 2030 corpora.
851 1960 1208 2032 Nequaquam
1243 1963 1410 2034 igitur
1443 1971 1793 2020 antevertent
1821 1963 2046 2032 animus,

466 2052 565 2107 sed
617 2053 854 2123 primum
888 2054 1282 2110 excitabuntur
1313 2070 1569 2126 corpora,
1603 2063 1666 2110 ut
1713 2057 1910 2112 anima:
1952 2058 2047 2113 illa

466 2155 758 2201 resumam
791 2156 805 2198 :
827 2160 966 2216 quas
983 2147 1146 2201 etiam
1171 2148 1403 2219 relinqui
1421 2148 1548 2203 dicit
1573 2149 1798 2221 propter
1825 2149 2050 2205 immor-

467 2235 763 2292 talitatem.
813 2236 932 2293 Nisi
967 2237 1115 2292 enim
1171 2239 1240 2294 de
1275 2239 1569 2296 animabus
1605 2241 1824 2296 locutus
1874 2252 2045 2308 esset,

466 2341 816 2397 nequaquam
873 2329 1108 2385 dixisset
1139 2345 1156 2384 :
1199 2328 1312 2386 Nos
1336 2331 1430 2400 qui
1461 2331 1702 2387 vivimus
1735 2332 1832 2403 qui
1873 2332 2048 2386 relin-

465 2419 711 2488 quimur,
737 2436 860 2475 cum
894 2420 1060 2474 etiam
1084 2422 1390 2479 moriturus
1429 2432 1597 2480 esset.
1621 2425 1713 2478 Ait
1743 2439 1874 2494 ergo
1897 2441 1913 2483 :
1937 2423 2048 2482 Nos

467 2512 664 2567 anima:
690 2512 937 2568 viventes
969 2529 1318 2585 nequaquam
1353 2530 1584 2583 corpora
1637 2525 2050 2575 antevertemus

469 2603 527 2657 in
555 2605 986 2671 resurrectione,
1020 2607 1116 2662 sed
1147 2621 1251 2661 una
1293 2623 1418 2662 cum
1469 2608 1604 2676 ipsis
1636 2611 2050 2665 resurrectione

475 2695 745 2751 fruemur.
802 2697 879 2752 lta
914 2698 1080 2754 habet
1136 2697 1295 2753 divus
1321 2698 1799 2756 Methodiuslibro
1836 2700 1912 2757 De
1968 2719 2053 2756 ru-

471 2789 819 2844 surrectione.
859 2789 1020 2862 174
1055 2809 1073 2842 ι
1115 2789 1217 2857 Qui
1248 2791 1646 2862 delinquimur.
1689 2812 1709 2844 ι
1767 2794 2047 2864 Siquidem

468 2881 564 2949 qui
619 2889 752 2937 tunc
802 2882 909 2937 vivi
941 2883 1310 2952 reperientur,
1334 2884 1388 2938 in
1419 2893 1630 2955 puncto
1669 2886 1955 2956 temporis,
1993 2887 2049 2942 in

469 2979 753 3026 momento
784 2971 929 3026 oculi
976 2971 1438 3039 immutabuntur,
1471 2975 1938 3044 quemadmodum
1994 2977 2048 3031 in

473 3061 660 3131 priore
681 3062 748 3117 ad
780 3062 1098 3119 Corinthios
1124 3062 1371 3134 Epistola
1400 3065 1532 3124 dicit
1558 3067 1620 3122 ¹³.
1649 3086 1668 3119 ι
1693 3065 2049 3139 Nequaquam

470 3155 895 3223 praeveniemus.
928 3174 947 3207 ι
975 3155 1110 3210 Nam
1148 3155 1448 3227 φθάσωμεν
1473 3159 1714 3213 sumitur
1737 3159 1858 3216 loco
1902 3174 2054 3214 com-

469 3246 640 3316 positi
677 3245 1108 3317 προφθάσωμεν,
1165 3246 1218 3302 id
1268 3256 1376 3314 est,
1420 3258 1851 3308 antevertemus.
1900 3251 2050 3318 Quo-
2083 3295 2122 3349 Ο

469 3337 618 3392 niam
651 3337 798 3392 enim
828 3339 1140 3409 promptius
1167 3339 1476 3406 videbatur,
1510 3348 1571 3396 ut
1597 3341 1632 3397 ii
1657 3342 1751 3411 qui
1795 3343 1863 3398 ad
1905 3351 2054 3398 tem-

471 3442 578 3497 pus
605 3427 770 3482 vitam
807 3430 1230 3499 produxissent,
1264 3431 1321 3486 in
1346 3441 1626 3490 momento
1662 3435 1814 3490 oculi
1856 3436 2056 3492 immu-

473 3517 576 3572 tati
608 3529 957 3589 raperentur,
989 3537 1152 3592 quam
1180 3523 1234 3578 bi
1273 3523 1498 3595 quijam
1539 3525 1595 3580 in
1624 3526 1840 3583 cineres
1868 3538 2057 3582 essent

475 3607 709 3675 redacti,
735 3609 872 3664 dicit
902 3611 1048 3682 quod
1075 3614 1321 3670 viventes
1347 3629 1695 3686 nequaquam
1722 3619 2058 3687 praevenient

469 3717 566 3757 cos
615 3713 888 3768 mortuos,
937 3713 1091 3759 tanta
1172 3707 1277 3761 erit
1335 3709 1582 3778 potentia
1643 3710 2053 3766 resuscitantis.

475 3813 494 3846 ι
537 3796 806 3864 Quoniam
833 3797 952 3868 ipse
975 3797 1265 3856 Dominus.
1303 3820 1322 3853 ι
1352 3803 1590 3857 Causam
1628 3802 1764 3858 dicit
1809 3819 1910 3859 cur
1945 3821 2054 3861 non

470 3890 581 3945 sint
635 3891 966 3960 praeventuri
1034 3907 1130 3949 eos
1177 3894 1272 3965 qui
1326 3881 1481 3965 prius
1529 3897 1732 3952 mortui
1777 3907 1957 3954 erant.
1988 3931 2056 3943 —-

474 4001 496 4032 ι
537 3981 594 4038 1η
624 3982 809 4053 jussu.
839 4002 858 4036 ι
885 3983 1058 4039 Simul
1089 3993 1147 4040 ut
1173 3986 1290 4057 ipse
1317 3986 1569 4058 jusserit,
1603 3997 1659 4043 et
1681 3989 2054 4060 archangelus

469 4091 658 4132 vocem
707 4077 976 4141 emiserit,
1037 4095 1102 4134 ac
1153 4079 1298 4135 tubae
1351 4081 1662 4147 sonuerint,
1729 4081 2054 4140 descendet.

468 4165 634 4222 lubet
677 4167 900 4238 quidem
950 4167 1243 4235 Dominus,
1283 4177 1340 4243 et
1372 4185 1507 4225 voce
1551 4171 1662 4225 edit
1689 4171 2054 4243 atcliangelus

467 4257 688 4330 jussum
741 4259 1088 4316 Doutinicum
1132 4277 1147 4314 :
1203 4275 1515 4332 sonumque
1557 4263 1817 4317 emittunt
1873 4266 2056 4319 caeteri

470 4349 701 4406 ordines
741 4352 1023 4418 caelestes,
1081 4367 1221 4423 quos
1273 4351 1564 4422 ﬁgurative
1601 4353 1762 4410 tubas
1794 4355 2054 4425 appellat,

468 4442 938 4513 quemadmodum
975 4443 1142 4498 etiam
1183 4459 1378 4500 sonum
1407 4443 1571 4501 edere
1599 4445 1778 4502 dicit:
1813 4446 2054 4512 sedbo-

473 4532 657 4588 niinus
693 4533 936 4603 quidem,
970 4534 1136 4591 veluti
1180 4535 1439 4603 diximus,
1475 4536 1651 4606 jubet,
1685 4535 2054 4606 archangelus

2144 669 2480 734 στήσονται
2518 667 2788 739 πρῶτον·
2841 667 3050 722 ἔπειτα
3109 671 3165 723 οἱ
3203 667 3417 736 ζῶντες
3474 671 3646 739 ἡμεῖς
3677 674 3733 727 ol

2138 761 2617 830 περιλειπόμενοι
2681 760 2802 830 ἅμα
2847 759 2972 814 σὺν
3025 761 3231 827 αὐτοῖς
3265 762 3734 832 ἁρπαγησόμεθα

2138 853 2208 906 ἐν
2227 851 2532 922 νεφέλαις,
2562 853 2651 918 είς
2679 852 3030 921 ἀπάντησιν
3066 854 3174 908 τοῦ
3189 856 3415 920 Κυρίου
3449 859 3536 922 είς
3563 857 3729 926 ἀέρα,

2140 944 2239 999 καὶ
2289 945 2478 1012 οὕτως
2519 945 2780 1000 πάντοτε
2808 945 2930 1000 σὺν
2982 947 3179 1015 Κιιοίῳ
3232 948 3513 1017 ἐσόμεθα.
3548 951 3734 1005 Ὥστε

2140 1037 2543 1106 παρακαλεῖτε
2586 1037 2906 1107 ἀλλήλους
2957 1037 3028 1092 ἐν
3068 1038 3194 1106 τοῖς
3239 1041 3446 1110 λόγοις
3474 1043 3731 1108 τούτοις.

2214 1127 2374 1196 Μέγα
2400 1128 2593 1200 ἔμελλε
2628 1128 2808 1199 λέγειν
2846 1129 3170 1200 μυστήριον,
3198 1130 3292 1183 καὶ
3330 1131 3420 1185 διὰ
3453 1131 3612 1185 τοῦτο
3671 1132 3737 1185 τὸ

2144 1220 2465 1289 ἀξιόπιστον
2487 1221 2782 1292 ἐφύλαξεν.
2817 1224 2930 1293 Οὐχ
2955 1223 3248 1296 ἡμέτερος,
3284 1224 3470 1294 φησιν,
3495 1225 3524 1278 ό
3553 1224 3735 1294 λόγος,

2145 1315 2282 1370 ἀλλὰ
2309 1315 2402 1370 τοῦ
2449 1315 2679 1387 Κυρίου.
2720 1335 2739 1368 ι
2777 1315 2870 1371 Ἐν
2913 1316 3057 1387 λόγῳ
3107 1316 3339 1388 Κυρίου.
3371 1336 3388 1368 ›
3435 1316 3594 1382 Ἴσως
3641 1318 3735 1371 καὶ

2143 1406 2304 1461 τοῦτο
2335 1406 2393 1461 ἓν
2410 1401 2478 1478 ἦν
2494 1408 2601 1462 τῶν
2633 1409 2911 1480 ἀρρήτων.
2945 1408 3134 1463 Πάντα
3164 1407 3222 1461 δέ
3243 1407 3342 1462 οὐκ
3368 1407 3498 1478 ἐξῆν
3524 1425 3540 1441 ⁶
3570 1409 3734 1464 τοῦτο

2146 1498 2205 1553 δέ
2251 1498 2380 1570 ἐξῆν
2436 1499 2696 1570 λαλῆσαι.
2750 1518 2768 1553 ι
2804 1500 2928 1554 ’Ότι
2959 1501 3150 1571 ἡμεῖς
3180 1519 3198 1552 ι
3257 1500 3334 1554 Οὐ
3374 1501 3504 1570 περὶ
3534 1501 3734 1554 ἑαυτοῦ

2145 1593 2305 1648 τοῦτό
2333 1609 2518 1664 φησιν.
2552 1593 2628 1646 Οὐ
2659 1593 2768 1664 γὰρ
2800 1592 2994 1664 έμελλε
3024 1591 3124 1664 ζῇν
3146 1592 3478 1664 σωματικῶς
3509 1593 3613 1657 ἕως
3643 1594 3736 1647 τό·

2146 1702 2229 1750 τε,
2267 1685 2405 1739 ἀλλά
2436 1685 2599 1754 λόγου
2645 1685 2809 1758 χάριν
2837 1685 2898 1739 τὸ
2951 1685 3151 1738 ἑαυτοῦ
3211 1685 3368 1764 ¹λέγει
3420 1686 3733 1756 πρόσωπον.

2155 1797 2174 1831 ι
2199 1778 2264 1831 0i.
2291 1777 2514 1842 ζῶντες.
2538 1797 2556 1831 ι
2593 1777 2814 1842 Ζῶντας
2837 1777 2936 1840 τὰς
2975 1777 3175 1849 ψυχὰς,
3205 1777 3542 1847 κοιμηθέντα
3577 1777 3634 1831 δὲ
3663 1779 3735 1830 τὰ

2151 1870 2381 1942 σώματα
2407 1872 2576 1941 λέγει.
2623 1870 2838 1942 Οὐκιᾶν
2885 1867 2979 1924 οὖν
3021 1870 3371 1942 προλάϐωσιν
3405 1872 3461 1923 αἱ
3513 1871 3684 1941 ψυχαί
3713 1888 3729 1904 ο

2151 1964 2368 2036 πρῶτον
2400 1965 2510 2037 γὰρ
2538 1965 2816 2037 ἐγείρεται
2840 1964 2916 2020 τὰ.
2945 1963 3195 2034 σώματα,
3229 1965 3315 2018 ἴνα
3343 1965 3480 2019 αὐτὰ
3521 1965 3725 2018 ἀπολά-

2149 2058 2318 2110 ϐωσιν
2347 2059 2403 2112 αἱ
2441 2057 2635 2128 ψυχαὶ,
2669 2058 2737 2121 ἃς
2771 2058 2865 2110 καὶ
2890 2056 3388 2128 περιλιμπάνεσθαι
3411 2098 3426 2122 ,
3461 2057 3617 2126 φησι,
3648 2056 3741 2109 διὰ

2119 2218 2122 2220 γ
2148 2149 2211 2203 τὸ
2238 2149 2530 2204 ἀθάνατον.
2549 2149 2625 2202 Οὐ
2647 2149 2757 2220 γὰρ
2789 2147 2853 2203 ἂν
2879 2150 2926 2202 εί
2960 2149 3035 2220 μὴ
3064 2165 3128 2202 πε
3139 2150 3190 2220 ρὶ
3215 2147 3405 2221 ψυχῶν
3445 2149 3633 2215 ἔλεγεν
3662 2145 3740 2202 εῖ-

2151 2260 2219 2296 πε
2249 2242 2328 2309 τὸ,
2365 2243 2560 2314 Ἡμεῖς
2591 2243 2642 2295 οῑ
2682 2242 2884 2308 ζῶντες
2905 2242 2956 2295 oi
2987 2240 3453 2312 περιλειπόμενοι,
3477 2239 3738 2309 τελευτή-

2152 2351 2268 2388 σειν
2301 2333 2535 2404 μέλλων.
2557 2333 2721 2402 Λέγει
2755 2331 3001 2395 οῦν,”οτι
3025 2331 3074 2384 οἱ
3108 2329 3308 2395 ζῶντες
3339 2329 3395 2382 αἱ
3424 2327 3614 2398 ψυχαὶ,
3637 2328 3740 2380 οὐκ

2151 2425 2218 2480 ἂν
2250 2425 2320 2479 τὰ
2353 2423 2586 2495 σώματα
2611 2422 3020 2496 προφθάσωμεν
3051 2421 3109 2475 ἐν
3141 2424 3206 2489 τῇ
3235 2419 3554 2480 ἀναστάσει,
3597 2417 3739 2470 ἀλλά

2155 2515 2275 2588 μετ’
2313 2515 2498 2569 αὐτῶν
2554 2514 2657 2586 τῆς
2707 2513 3065 2576 ἀναστάσεως
3117 2510 3461 2579 τευξὼμεθα.
3495 2509 3684 2574 Οὕτως
3715 2511 3744 2562 ὁ

2152 2609 2212 2661 ἐν
2237 2606 2414 2676 ἁγίοις
2444 2605 2730 2672 Μεθόδιος,
2755 2606 2814 2658 ἐν
2852 2605 2929 2676 τῷ
2963 2603 3103 2674 Περὶ
3135 2600 3525 2668 ἀναστάσεως
3571 2599 3739 2670 λόγῳ.

2159 2719 2178 2754 ι
2197 2702 2262 2754 Οί
2291 2699 2790 2771 περιλειπόμενοι.»
2811 2698 2947 2751 Τότε
2975 2698 3083 2770 γὰρ
3113 2697 3160 2749 oi
3191 2694 3576 2766 εὑρισκόμενοι
3601 2695 3734 2759 ζῶν-

2152 2810 2267 2859 τες,
2301 2795 2359 2846 ἐν
2392 2792 2602 2862 ἀτόμῳ,
2637 2792 2696 2844 ὲν
2739 2792 2872 2861 ῥιπῇ
2896 2787 3179 2858 ὀφθαλμοῦ
3220 2785 3642 2856 ἀλλαγήσονται,
3665 2783 3743 2848 ὡς

2154 2887 2213 2939 ἐν
2243 2887 2309 2956 τῇ
2338 2884 2476 2957 πρὸς
2511 2881 2832 2952 Κορινθίους
2863 2878 3060 2952 πρώτῃ
3089 2879 3274 2948 φησίν.
3306 2897 3325 2930 ι
3363 2878 3444 2932 Οὐ
3465 2876 3549 2946 μὴ
3587 2875 3739 2946 φθά-

2155 2993 2376 3044 σωμεν,
2443 2974 2690 3028 τουτέστι
2721 3013 2734 3035 ,
2786 2969 3248 3040 προφθάσωμεν,
3277 2987 3295 3021 ι
3351 2967 3741 3039 προλάϐωμεν.

2167 3065 2386 3135 Ἐπειδὴ
2419 3062 2530 3134 γὰρ
2557 3059 2782 3132 εὐχερὲς
2817 3059 3013 3124 ἐδόκει,
3046 3059 3172 3121 τοὺς
3218 3057 3342 3110 τότε
3396 3057 3741 3128 φθασθέντας

2155 3159 2213 3212 ἐν
2245 3158 2380 3229 ζωῇ,
2425 3155 2759 3224 ἀλλαγέντας
2801 3154 2860 3206 ἐν
2883 3154 3018 3224 ῥιπῇ
3048 3148 3331 3222 ὀφθαλμοῦ
3391 3149 3742 3222 ἁρπασθῆναι

2157 3253 2303 3324 ἥπερ
2328 3251 2456 3314 τοὺς
2490 3250 2638 3304 κόνιν
2667 3248 2986 3318 γεγονότας,
3023 3245 3210 3316 φησὶν,
3244 3245 3328 3298 ὄτι
3350 3245 3400 3298 oi.
3432 3243 3632 3308 ζῶντες
3675 3242 3742 3296 ού

2163 3347 2238 3420 μὴ
2281 3346 2641 3417 προφθάσωσι
2694 3346 2821 3409 τοὺς
2874 3343 3332 3413 τελευτήσαντας,
3360 3338 3602 3409 τοσαύτη
3642 3335 3744 3392 τοῦ

2157 3438 2487 3502 άνιστῶντος
2539 3439 2574 3510 ἠ
2621 3437 2871 3507 δύναμις.
2928 3453 2948 3487 ι
2986 3436 3108 3488 Ὀτι
3157 3433 3320 3496 αὐτὸς
3371 3432 3400 3485 ὁ
3449 3429 3678 3500 Κύριος.
3718 3447 3738 3481 ι

2159 3535 2272 3588 Καὶ
2297 3531 2400 3602 τὴν
2456 3531 2638 3586 αἰτίαν
2696 3530 2846 3596 λέγει
2894 3525 2991 3582 τοῦ
3058 3527 3134 3598 μὴ
3184 3523 3570 3597 προληφθῆναι
3615 3521 3747 3585 τοὺς

2158 3625 2669 3698 προαποθανόντας.
2703 3623 2912 3676 -ιἘν
2961 3619 3321 3690 κελεύσματι.
3347 3637 3365 3670 ι
3413 3613 3612 3689 [ΦΩΤ.]
3652 3615 3748 3669 Ἐν

2161 3719 2242 3787 τῷ
2269 3718 2433 3774 αὐτὸν
2460 3717 2741 3781 κελεῦσαι,
2792 3715 2887 3768 καὶ
2915 3715 2971 3768 ἐν
3001 3713 3081 3785 τῷ
3123 3710 3215 3767 τὸν
3253 3707 3600 3782 ἀρχάγγελον
3627 3724 3745 3776 φω-

2160 3811 2295 3872 νεῖν,
2324 3809 2419 3864 καὶ
2452 3809 2510 3862 ἐν
2538 3808 2616 3879 τῷ
2641 3807 2742 3872 τὰς
2773 3807 3086 3876 σάλπιγγας
3119 3807 3298 3876 ἠχεῖν,
3345 3801 3747 3873 καταϐήσεται.

2161 3901 2394 3956 Κελεύει
2425 3901 2526 3972 μέν
2557 3902 2586 3954 ό
2617 3899 2842 3971 Κύριος,
2898 3899 2995 3953 καὶ
3030 3899 3202 3970 φωνεῖ
3229 3899 3257 3951 ό
3305 3893 3647 3968 ἀρχάγγελος
3687 3893 3752 3948 τὺ

2159 3991 2495 4048 Δεσποτικὸν
2528 3991 2836 4063 κέλευσμά,
2878 3991 2973 4046 καὶ
3029 3988 3258 4062 ἡχοῦσιν
3281 3989 3337 4042 αἱ
3366 3987 3522 4043 ἄλλαι
3564 3985 3753 4050 τάξεις

2157 4087 2214 4140 αἱ
2250 4085 2526 4156 οὐράνιαι,
2556 4083 2624 4148 ἀς
2656 4082 2938 4154 τροπικῶς
3000 4081 3316 4151 σάλπιγγας
3353 4078 3526 4145 καλεῖ,
3559 4077 3751 4151 ῶσπερ

2157 4179 2252 4234 καὶ
2273 4178 2334 4232 τὺ
2363 4176 2615 4248 ἡχοῦσιν,
2648 4176 2808 4229 ἀλλ’ό
2839 4173 2936 4246 μὲν
2964 4173 3190 4246 Κύριος,
3224 4171 3362 4242 ὅπερ
3396 4169 3626 4240 ἔφημεν,
3656 4184 3754 4221 κε-

2156 4271 2324 4324 λεύει.
2368 4271 2427 4324 ⁹0
2457 4270 2514 4323 δὲ
2563 4267 2905 4340 ἀρχάγγελος
2960 4266 3023 4319 τὸ
3079 4261 3412 4316 Δεσποτικδν
3473 4261 3755 4327 κέλευσμα

2159 4360 2359 4431 μηνύει
2413 4361 2526 4423 τοῖς
2583 4359 2676 4412 ὑπ’
2719 4356 2919 4421 αὐτὸν,
2970 4357 3019 4409 οἱ
3071 4354 3129 4408 δὲ
3194 4352 3538 4408 διακονοῦσιν
3592 4349 3750 4415 αὐτὸ,

2156 4453 2251 4507 καὶ
2272 4451 2552 4523 διηχοῦσιν
2580 4451 2660 4514 εἰς
2684 4449 2754 4504 τά
2779 4449 2872 4502 τοῦ
2920 4447 3126 4518 κόσμου
3162 4445 3400 4516 πέρατα.
3435 4444 3546 4496 Καὶ
3567 4444 3614 4495 οἱ
3664 4458 3756 4494 νε-

2156 4545 2280 4617 κροὶ
2299 4546 2350 4598 οἱ
2374 4546 2439 4598 ἐκ
2457 4543 2640 4614 πάσης
2661 4541 2763 4609 τῆς
2782 4539 3109 4611 οἰκουμένης
3130 4537 3452 4593 ἀνίστανται
3479 4533 3576 4587 καὶ
3621 4550 3756 4586 συν-

474 4640 608 4681 vero
670 4625 1018 4680 Dominicum
1080 4628 1300 4697 jussum
1341 4628 1558 4683 nuntiat
1613 4628 1720 4683 sibi
1773 4627 2049 4684 subditis:

2158 4638 2402 4706 άγονται.
2428 4636 2574 4706 Ὅρα
2607 4634 2663 4688 δὲ
2690 4633 2807 4698 πῶς
2857 4630 3076 4700 εὐφυῶς
3094 4629 3188 4683 καὶ
3231 4625 3589 4696 λεπτομερῶς
3627 4623 3758 4677 ὐπο-

475 4730 642 4786 porro
676 4714 730 4769 bi
765 4715 1159 4772 administrant
1194 4718 1398 4786 ipsum,
1443 4723 1500 4772 et
1540 4731 1715 4786 usque
1739 4716 1809 4771 ad
1865 4714 2052 4771 mundi

2161 4727 2482 4800 γράφειτὴν
2522 4727 2636 4780 τῶν
2668 4725 2882 4797 νεκρῶν
2928 4723 3252 4786 ἀνάστασιν,
3290 4720 3378 4773 ἵνα
3409 4718 3609 4791 μᾶλλον
3630 4718 3758 4779 ταῖς

473 4811 741 4865 terminos
786 4811 1062 4868 intonant.
1096 4811 1160 4866 Et
1209 4811 1413 4866 mortui
1465 4819 1738 4881 quotquot
1804 4819 1934 4867 sunt
1989 4825 2051 4866 ex

2160 4819 2270 4873 τῶν
2292 4816 2581 4887 ἀκροατῶν
2597 4815 2684 4885 εἴη
2699 4811 3122 4883 ἐντετυπωμένη
3142 4809 3430 4872 διανοίαις.
3455 4808 3573 4860 (Ἐν
3597 4808 3753 4876 φωνῇ

473 4901 731 4955 universo
753 4901 908 4965 orbe,
941 4912 1235 4974 resurgunt
1259 4919 1323 4958 ac
1341 4911 1762 4974 congregantur.
1782 4903 2051 4959 Animad-

2162 4909 2527 4982 ἀρχαγγέλου.
2568 4925 2588 4960 ι
2621 4903 2810 4978 Φωνὴ-ι
2861 4903 3202 4976 ἀρχαγγέλου
3259 4902 3412 4971 φησὶ,
3441 4901 3542 4969 τὴν
3578 4899 3672 4951 ἐπὶ
3693 4899 3756 4951 τὸ

473 5004 628 5047 verte
683 5001 866 5046 autem
909 5009 1075 5063 quam
1139 4994 1276 5050 scite
1329 5010 1392 5049 ac
1438 4995 1713 5050 subtiliter
1782 4997 2051 5051 describat

2169 5003 2425 5070 συνάγειν
2465 4999 2824 5069 τεταγμένοις
2859 4996 3112 5065 ἀγγέλοις
3135 4993 3588 5063 ἐγκελευομένην,
3614 4990 3756 5044 πάν-

474 5094 822 5139 mortuorum
858 5088 1348 5154 resurrectionem,
1373 5102 1484 5158 quo
1511 5088 1826 5142 auditorum
1858 5090 2059 5143 menti-

473 5175 578 5229 bus
635 5176 810 5246 magis
851 5178 1221 5246 imprimatur.
1262 5198 1280 5230 ι
1320 5179 1378 5232 In
1446 5195 1580 5234 voce
1631 5179 1984 5250 Arcbangeli.
2033 5199 2050 5232 ι

479 5265 678 5322 Vocem
758 5268 892 5324 dicit
949 5271 1260 5338 archangeli
1319 5286 1428 5341 qua
1488 5273 1554 5326 ad
1611 5274 2055 5344 congregandum

481 5362 750 5432 subjectis
825 5363 1115 5434 praecipiat
1174 5365 1428 5433 angelis,
1485 5373 1544 5418 ut
1598 5379 1791 5421 mnnes
1836 5376 2059 5435 paratos

479 5453 710 5509 reddant
763 5463 1022 5526 tanquam
1059 5456 1385 5511 adveniente
1419 5456 1623 5524 judice.
1654 5458 1938 5531 Siquidem
1978 5475 2055 5523 ιιι,

477 5562 620 5617 quos
675 5548 928 5616 accepit,
987 5558 1131 5602 terra
1201 5547 1394 5604 reddat
1470 5551 1524 5604 in
1587 5552 2054 5606 immortalitatem

479 5649 890 5704 commutatos,
949 5639 1004 5694 id
1063 5640 1266 5696 Christi
1331 5651 1664 5714 praeceptum
1720 5643 1882 5698 ellicit
1934 5659 1948 5696 :
2003 5651 2062 5698 ut

481 5740 664 5786 autem
719 5733 813 5800 qui
870 5731 937 5784 ad
999 5741 1276 5801 postrema
1332 5750 1508 5804 usque
1568 5735 1757 5790 mundi
1818 5735 1938 5790 loca
1973 5735 2061 5790 di-

562 5911 639 5965 ⁸³1
667 5910 772 5968 Cor
833 5931 919 5980 xv,
959 5916 1046 5970 52.

2166 5113 2263 5158 τας
2299 5092 2554 5164 ἑτοίμους
2606 5092 2801 5154 ποιεῖν,
2833 5088 2909 5152 ῶς
2969 5087 3063 5141 τοῦ
3089 5085 3280 5157 κριτοῦ
3317 5084 3642 5155 φθάσαντος.
3681 5082 3760 5135 Τὸ

2171 5187 2272 5257 μέν
2313 5184 2423 5255 γὰρ
2443 5181 2733 5236 ἀναδοῦναι
2757 5179 2855 5250 τὴν
2889 5179 2994 5248 γῆν
3017 5177 3113 5242 οὓς
3147 5176 3368 5242 ἐδέξατο
3393 5177 3450 5228 ἐν
3472 5173 3759 5245 ἀφθαρσίᾳ

2173 5274 2616 5346 μεταϐληθέντας
2636 5313 2648 5334 ,
2665 5270 2727 5324 τὸ
2745 5270 3023 5340 κέλευσμά
3053 5270 3197 5321 ποιεῖ
3210 5265 3304 5320 τοῦ
3326 5264 3588 5337 Χριστοῦ.
3607 5265 3681 5318 Τὸ
3697 5263 3758 5317 δὲ

2170 5367 2299 5429 τοὺς
2321 5366 2400 5426 εἰς
2423 5363 2522 5426 τὰς
2546 5363 2806 5433 ἐσχατιὰς
2828 5361 2922 5414 τοῦ
2963 5362 3170 5431 κόσμου
3193 5357 3654 5428 διεσπαρμένους,
3673 5357 3759 5422 είς

2167 5455 2223 5508 ἓν
2239 5454 2599 5524 συναχθῆναι,
2613 5454 2837 5521 ἄγγελοι
2856 5449 3388 5522 παρασκευάζουσιν,
3406 5447 3758 5518 ἀρχαγγέλου

2167 5546 2326 5602 τοῦτο
2355 5546 2803 5616 ἐγκελευομένου.
2842 5545 2983 5597 «Καὶ
3012 5544 3070 5596 ἐν
3095 5542 3360 5610 σάλπιγγι
3391 5539 3549 5594 Θεοῦ.
3580 5560 3597 5593 ι
3617 5540 3759 5594 Τού-

2170 5657 2280 5694 των
2310 5638 2422 5710 ἄρα
2448 5638 2558 5693 τῶν
2591 5637 2912 5705 σαλπίγγων
2943 5635 3113 5700 τύπος
3145 5630 3288 5707 ἦσαν
3335 5634 3393 5688 αἱ
3424 5634 3481 5686 ἐν
3511 5632 3591 5702 τῷ
3635 5631 3761 5703 opst.

2173 5733 2329 5788 Σινά.
2366 5731 2498 5788 "Are
2530 5731 2639 5804 γὰρ
2668 5729 2933 5802 βασιλέως
2963 5727 3349 5800 ἐφισταμένου,
3378 5725 3602 5789 εἰκότως
3623 5724 3760 5779 σάλ-
