4036 6612
235 485 314 549 93

1201 482 1585 544 COMMENT.
1623 477 1972 541 IN'EPIST.
2007 480 2035 539 Ι
2079 481 2179 540 AD
2210 480 2581 542 TIIESSAL.
3425 471 3496 537 94

242 610 444 664 πιγγες
476 593 768 667 ήχήσουσι.
802 593 1117 663 Σάλπιγγας
1138 594 1196 648 δὲ
1222 596 1377 649 καλεῖ
1404 595 1503 659 τὰς
1529 592 1827 662 ἀγγελικάς

1955 593 2108 661 μροτεί
2167 606 2318 656 sunt,
2370 595 2423 646 in
2486 607 2654 647 unum
2705 598 3129 664 congregentur,
3162 588 3339 659 angeli
3374 604 3501 658 per-

246 688 540 756 δυνάμεις,
593 680 693 738 ὅττί
728 685 919 756 ῶσπερ
948 688 981 754 ἡ
1030 686 1266 755 σάλπιγξ
1297 686 1451 739 οὐδὲν
1489 684 1622 738 ίδιον
1679 684 1829 753 ἠχεῖ,

243 779 367 832 ἀλλ’
388 778 528 845 ὅπερ
558 776 627 830 ἂν
654 776 685 829 ό
707 775 959 847 τεχνίτης
988 776 1291 849 ἑμπνεύσῃ,
1319 777 1487 840 οὕτως
1517 776 1611 829 καὶ
1649 775 1705 829 αἱ
1728 774 1826 827 τοῦ

244 865 388 921 Θεοῦ
443 865 747 934 σάλπιγγες
785 865 938 918 οὐδὲν
982 864 1112 920 ἴδιον
1145 866 1418 937 τολμῶσιν
1449 867 1675 937 ήχήσαι,
1717 864 1833 918 ἀλλ’

242 960 389 1029 ὅπερ
416 957 483 1012 ἂν
511 957 692 1020 κοινὸς
739 958 1020 1025 Δεσπότης
1078 960 1174 1011 καὶ
1233 958 1578 1029 Δημιουργὸς
1611 957 1700 1011 διὰ
1738 955 1833 1011 τοῦ

245 1049 601 1118 ἀρχαγγέλου
628 1049 814 1113 αὐτοῖς
842 1049 1311 1121 ὲγκελεύσῃ.‹Καὶ
1343 1051 1392 1103 οἱ
1425 1049 1608 1119 νεκροὶ
1626 1048 1683 1101 ὲν
1704 1049 1835 1118 Χρι-

248 1139 386 1210 στῷ.
423 1157 444 1191 ι
475 1140 539 1193 Οί
567 1140 625 1191 ὲν
647 1138 892 1209 Χριστῷ,
942 1140 1242 1205 τουτέστιν,
1281 1142 1332 1194 οἱ
1382 1139 1585 1204 πιστοὶ,
1615 1139 1829 1210 πρῶτον

251 1232 677 1302 ἀναστήσονται,
707 1232 757 1284 οί
789 1230 846 1284 δὲ
878 1231 1056 1284 λοιποὶ
1082 1231 1325 1301 ἔσχατοι,
1352 1231 1427 1297 ὡς
1461 1232 1537 1303 μὴ
1583 1232 1830 1303 ἀρπάζε-

255 1323 407 1391 σθαι,
439 1325 578 1394 μήτε
610 1324 858 1394 ἀπαντᾷν
889 1321 1191 1393 μέλλοντες.

1934 684 2125 739 ﬁciunt
2153 686 2382 755 jubente
2406 685 2505 739 hoc
2528 685 2892 755 Archangelo.
2927 704 2946 737 ι
2979 684 3057 739 Ac
3081 683 3136 737 in
3172 682 3301 736 tuba
3335 678 3448 733 Dei.
3477 696 3496 729 ι

1935 774 2141 830 Harum
2172 790 2306 831 sane
2341 776 2593 830 tubarum
2624 783 2784 848 typus
2807 784 2964 832 erant
2991 790 3113 846 quae.
3151 771 3375 829 fuerunt
3450 771 3503 825 in

1935 873 2123 920 monte
2146 864 2299 921 Sina.
2331 864 2538 920 Etenim
2590 874 2848 937 tanquam
2878 865 3354 937 appropinquante
3380 876 3507 931 rege

1937 954 2135 1010 merito
2157 955 2301 1009 tubae
2329 962 2610 1011 resonant.
2629 953 2817 1011 Tubas
2840 966 3023 1011 autem
3046 964 3204 1011 vocat
3229 952 3503 1022 angelicas

1935 1051 2259 1113 potestates,
2313 1043 2457 1112 quod
2488 1045 2947 1116 quemadmodum
2996 1048 3126 1101 tuba
3169 1044 3307 1100 nihil
3359 1042 3505 1113 quod

1938 1153 2100 1192 suum
2137 1148 2221 1193 est
2262 1137 2496 1202 intonat,
2547 1138 2640 1193 sed
2675 1139 3042 1212 quodcunque
3080 1138 3275 1195 artifex
3326 1134 3507 1193 insuf-

1941 1229 2200 1284 flaverit:
2240 1229 2316 1283 ita
2360 1239 2414 1284 et
2469 1228 2562 1285 Dei
2604 1232 2746 1286 tubae
2799 1232 2937 1288 nihil
2987 1232 3267 1302 proprium
3308 1243 3509 1285 sonare

1936 1332 2295 1392 prazsumunt,
2328 1323 2424 1379 sed
2475 1324 2741 1394 quidquid
2793 1310 3102 1380 communis
3143 1322 3407 1379 Dominus
3445 1334 3509 1375 ac

251 1413 525 1469 Conditor
551 1430 646 1485 per
670 1415 1060 1485 archangelum
1094 1414 1178 1470 eis
1204 1416 1544 1486 praeceperit.
1584 1433 1603 1468 ι
1636 1414 1702 1467 Et
1741 1412 1942 1469 mortui
1984 1413 2037 1467 iu
2073 1413 2317 1470 Christo.
2348 1432 2366 1465 ι
2402 1414 2507 1481 Qui
2540 1414 2591 1469 in
2622 1413 2841 1471 Christo
2877 1422 3026 1483 sunt,
3065 1433 3085 1468 ι
3109 1413 3161 1471 id
3187 1424 3291 1481 est,
3323 1411 3509 1469 ﬁdeles

256 1510 442 1579 primo
479 1517 789 1579 resurgent,
826 1509 1010 1564 caeteri
1042 1524 1175 1565 vero
1205 1511 1467 1581 postremi
1496 1521 1754 1581 tanquam
1780 1524 1888 1564 non
1956 1507 2205 1578 rapiendi
2247 1524 2426 1581 neque
2448 1508 2662 1564 obviam
2685 1508 2923 1564 venturi.

335 1620 357 1653 σ
403 1603 633 1655 Ἔπειτα
664 1602 828 1672 ἡμεῖς
854 1603 904 1655 οί
956 1602 1175 1668 ζῶντες.
1219 1621 1237 1656 ι
1275 1602 1430 1657 Μετά
1448 1603 1638 1668 τοῦτο,
1671 1604 1829 1673 φησι,

255 1693 357 1744 καὶ
390 1692 498 1745 τῶν
532 1690 747 1757 ζώντων
784 1693 877 1745 καὶ
936 1694 1483 1765 περιλιμπανομένων
1528 1696 1643 1750 ὅσοι
1675 1694 1833 1761 ἄξιοι,

258 1785 383 1852 ἅμα
411 1786 526 1848 τοῖς
568 1785 1118 1857 προτετελευτηκόσιν
1149 1787 1628 1858 ἁρπαγησόμεθα,
1680 1786 1834 1856 φησί.

256 1875 357 1945 Μὴ
384 1871 480 1929 οὖν
508 1878 766 1945 νομίσητε
802 1877 924 1940 τοὺς
955 1877 1182 1948 νεκροὺς
1227 1878 1664 1950 δυσχερεστέρως
1692 1877 1838 1946 ἐγεί-

261 1964 480 2036 ρεσθαι.
525 1965 587 2018 Ἡ
606 1965 717 2036 γὰρ
740 1966 966 2038 ἁρπαγή
996 1968 1115 2038 ἅμα
1137 1967 1310 2025 ἔσται.
1346 1988 1365 2020 ι
1401 1971 1493 2024 Ἐν
1515 1968 1786 2039 νεφέλαις.
1814 1987 1832 2020 ι

257 2056 353 2109 Ἐν
381 2057 461 2127 τῷ
491 2056 583 2109 τοῦ
617 2056 752 2110 Θεοῦ
785 2058 1042 2128 ὀχήματι.
1078 2060 1184 2112 Καὶ
1210 2060 1321 2131 γὰρ
1356 2062 1449 2113 καὶ
1487 2061 1581 2114 τὸν
1606 2060 1849 2133 Χριστὸν,

261 2148 467 2219 νεφέλη
501 2148 786 2204 ὑπέλαϐεν.
824 2151 886 2202 El
912 2150 1169 2221 ἔρχεσθαι
1198 2152 1255 2205 δὲ
1288 2152 1493 2222 μέλλει,
1529 2154 1582 2207 τί
1611 2153 1674 2222 δή
1713 2168 1843 2205 ποτε

264 2240 606 2310 ἁρπάζονται
623 2243 669 2294 οί
687 2240 867 2295 πιστοί
882 2258 897 2307 ;
918 2242 1003 2294 ἴνα
1017 2242 1389 2313 ύπαντήσωσι⁸
1417 2244 1584 2314 τιμῆς
1597 2244 1653 2298 δὲ
1666 2244 1842 2299 τοῦτο.

265 2331 485 2401 Ὠσπερ
499 2330 608 2402 γὰρ
623 2330 882 2401 βασιλέως
899 2332 977 2393 εἰς
993 2331 1560 2403 πόλινξείσερχομένου,
1582 2334 1630 2387 οἱ
1652 2332 1750 2403 μὲν
1767 2332 1847 2386 έν-

264 2439 419 2491 τιμοι
438 2423 766 2488 ὑπαντῶσιν,
785 2424 834 2476 oi
848 2422 905 2475 δὲ
935 2423 1215 2478 κατάδικοι
1244 2424 1351 2477 ἔσω
1369 2424 1592 2495 μένουσι
1612 2425 1703 2478 τὸν
1727 2442 1848 2496 κρι-

264 2513 387 2582 τὴν,
405 2510 551 2567 οὕτω
586 2512 680 2566 καὶ
710 2512 832 2565 τότε
864 2514 912 2565 oi
947 2512 1047 2583 μὲν
1079 2512 1275 2567 δίκαιοι
1318 2514 1676 2585 ἀρπάζονται,
1706 2515 1755 2568 οί
1790 2515 1846 2570 δὲ

267 2602 606 2674 ἁμαρτωλοὶ,
624 2602 729 2657 κᾶν
741 2604 921 2657 πιστοὶ
935 2598 1058 2669 ὦσι,
1077 2605 1352 2676 μένουσιν.
1378 2626 1396 2659 ι
1422 2607 1514 2668 Είς
1534 2608 1693 2678 ἀέρα.
1714 2626 1733 2659 ι
1751 2608 1850 2661 Διά

269 2693 383 2761 γάρ
413 2691 651 2762 νεφελῶν
670 2694 750 2757 είς
766 2693 903 2765 ἀέρα
922 2694 1337 2761 ἀπελεύσονται,
1354 2699 1620 2763 τουτέστι,
1642 2700 1849 2769 μετέω-

272 2801 383 2856 ροι.
418 2803 437 2835 ι
476 2785 710 2838 Πάντοτε
739 2786 836 2840 σὺν
866 2786 1056 2857 Κυρίῳ
1080 2789 1336 2859 ἐσόμεθα.
1368 2808 1387 2842 ι
1418 2786 1549 2844 Εἶτα
1579 2791 1724 2860 λέγει
1753 2792 1851 2846 καὶ

268 2879 376 2946 τὴν
399 2877 772 2949 κορωνίδατῆς
800 2880 1217 2952 μακαριότητος,
1248 2882 1308 2935 τὸ
1336 2877 1477 2936 εἶναι
1511 2884 1606 2937 σὺν
1629 2882 1851 2956 Χριστῷ

271 2971 532 3025 πάντοτε.
566 3000 632 3011 -
893 2972 1241 3045 Ἐπιστήσεις
1266 2975 1321 3027 δὲ
1355 2976 1437 3030 ὅτι
1479 2976 1578 3047 τὴν
1611 2976 1849 3031 ἀνάστα-

275 3080 366 3118 σιν
403 3062 743 3133 διαγράφων,
794 3064 894 3117 ούκ
939 3065 1184 3135 ἐμνήσθη
1216 3066 1393 3137 ῥητῶς
1425 3067 1535 3121 τῶν
1564 3068 1658 3121 ἐπὶ
1684 3085 1854 3139 τιμω-

276 3156 406 3227 ρίαν
440 3156 536 3209 καὶ
567 3155 789 3209 κόλασιν
823 3154 1220 3226 ἀνισταμένων.
1259 3156 1431 3210 Τοῦτο
1482 3157 1540 3211 δὲ
1583 3157 1672 3211 διὰ
1704 3160 1852 3229 τρεῖς

2015 1601 2173 1672 175
2209 1620 2228 1653 ι
2264 1602 2469 1661 Deinde
2516 1618 2618 1660 nos
2657 1602 2751 1674 qui
2794 1602 3048 1658 vivimus.
3081 1619 3101 1653 ι
3134 1598 3505 1665 Postmodum,

1943 1688 2145 1759 inquit,
2177 1697 2447 1759 quotquot
2489 1690 2633 1745 inter
2667 1690 2910 1745 viventes
2944 1688 3093 1760 digni
3128 1687 3397 1743 fuerimus
3430 1686 3509 1742 si-

1943 1779 2059 1833 mul
2092 1794 2215 1833 eum
2249 1779 2333 1836 his
2368 1779 2461 1851 qui
2494 1786 2651 1835 antea
2688 1780 2887 1836 mortui
2931 1780 3180 1845 fuerant,
3214 1780 3510 1849 rapiemur.

1943 1867 2130 1940 Neque
2167 1870 2333 1939 igitur
2360 1870 2690 1927 existimetis
2729 1882 2978 1927 mortuos
3012 1868 3287 1925 dimcilius
3332 1883 3515 1925 resur-

1945 1975 2225 2022 recturus;
2256 1962 2420 2018 simul
2450 1963 2593 2018 enim
2625 1964 2729 2019 erit
2751 1965 2992 2020 omnium
3023 1973 3232 2035 raptus.
3270 1981 3291 2016 ι
3321 1960 3381 2017 In
3408 1978 3515 2018 nu-

1942 2055 2158 2111 bibus.»
2183 2053 2240 2109 ln
2272 2054 2362 2111 Dei
2386 2056 2660 2111 vehiculo.
2694 2055 2974 2128 Siquidem
2999 2056 3277 2112 Christum
3300 2069 3518 2126 quoque

1943 2147 2120 2202 nubes
2151 2148 2529 2218 assumpsit".
2555 2147 2755 2204 Verum
2787 2150 2833 2206 si
2856 2148 3119 2205 venturus
3147 2154 3251 2216 est,
3278 2148 3332 2202 in
3355 2161 3517 2219 quem

1946 2243 2107 2298 finem
2147 2243 2440 2312 rapiuntur
2478 2244 2703 2299 fideles?
2741 2242 2811 2299 Ut
2838 2250 3171 2308 occurrant;
3217 2248 3303 2297 cst
3334 2248 3517 2295 autem

1948 2334 2054 2388 hoc
2083 2331 2330 2388 honoris.
2364 2332 2835 2399 Quemadmodum
2863 2334 3007 2389 enim
3043 2333 3169 2387 dum
3204 2346 3298 2385 rex
3327 2328 3519 2385 civita-

1949 2433 2055 2480 tem
2094 2424 2332 2494 aliquam
2379 2424 2708 2494 ingreditur,
2736 2426 2826 2480 alii
2862 2424 3082 2497 quidem
3119 2421 3292 2494 parati
3327 2435 3521 2476 oecur-

1947 2523 2099 2583 rnnt,
2132 2516 2224 2570 alii
2260 2532 2394 2571 vero
2430 2518 2673 2571 damnati
2703 2516 2946 2587 judicem
2977 2516 3128 2571 intus
3155 2520 3475 2585 exspectant
3502 2529 3516 2566 :

1949 2608 2025 2663 ita
2059 2615 2113 2661 et
2150 2615 2282 2662 tunc
2309 2605 2443 2677 justi
2474 2607 2795 2677 rapientur:
2831 2614 3149 2678 peccatores
3173 2616 3325 2669 vero,
3349 2615 3524 2672 quan-

1950 2714 2113 2769 quam
2146 2699 2334 2756 fideles
2363 2698 2587 2764 fuerint,
2612 2700 3025 2771 exspectabunt.
3059 2716 3078 2750 ι
3106 2697 3166 2751 ln
3198 2710 3344 2752 aera.
3371 2712 3390 2747 ι
3419 2692 3524 2747 Per

1951 2792 2127 2846 nubes
2158 2806 2393 2861 namque
2426 2790 2480 2845 in
2515 2805 2696 2846 aerem
2729 2789 3067 2860 pervenient,
3092 2787 3196 2842 hoc
3225 2793 3330 2851 est,
3360 2784 3525 2841 subli-

1951 2897 2090 2937 mes.
2122 2900 2140 2933 ι
2172 2879 2397 2951 Semper
2426 2896 2551 2936 cum
2587 2881 2816 2936 Domino
2844 2880 3069 2935 erimus.
3099 2897 3117 2930 ι
3151 2875 3350 2931 Deinde
3374 2874 3525 2929 addit

1952 2979 2005 3025 et
2050 2970 2326 3026 felicitatis
2369 2969 2710 3035 eoronidem,
2758 2984 2953 3040 nempe
2997 2982 3210 3036 semper
3245 2980 3368 3021 esse
3399 2978 3522 3018 eum

1953 3061 2195 3118 Christo.
2223 3092 2295 3104 --
2316 3062 2737 3118 Animadvertes
2767 3071 2949 3117 autem
2978 3059 3129 3131 quod
3163 3056 3523 3113 resurrectio-

1956 3168 2078 3209 nem
2133 3152 2453 3209 describeus
2510 3152 2718 3206 nullam
2773 3150 2908 3206 fecit
2953 3159 3138 3218 aperte
3190 3147 3522 3202 mentionem

274 3247 481 3313 αίτίας,
506 3242 678 3319 οἶμαι,
704 3250 867 3303 ποιεῖ.
895 3249 1116 3321 Πρῶτον
1134 3250 1231 3320 μὲν
1256 3250 1337 3303 ὅτι
1365 3249 1851 3321 παραμυθούμενος

1957 3260 2145 3302 eorum
2184 3244 2278 3316 qui
2324 3242 2394 3299 ad
2442 3242 2770 3314 supplicium
2812 3250 2868 3297 et
2907 3240 3168 3296 ultionem
3211 3247 3522 3306 resurgunt.

274 3340 408 3403 τοὺς
435 3339 862 3405 Θισσαλονικεῖς,
887 3339 987 3409 τῆς
1014 3340 1362 3404 ἀναστάσεως
1391 3342 1741 3412 μνημονεύει.
1774 3342 1848 3394 Οὐ

277 3430 423 3485 θέλω
475 3430 585 3502 γὰρ
643 3431 807 3501 ὑμᾶς,
870 3431 1026 3501 φησὶ,
1081 3432 1212 3503 περὶ
1266 3431 1375 3487 τῶν
1434 3434 1853 3504 κεκοιμημένων

279 3524 520 3591 ἀγνοεῖν,
551 3523 639 3576 ἵνα
670 3521 746 3595 μή
794 3522 1056 3593 λυπῆσθε.
1092 3523 1207 3576 Οὐκ
1237 3522 1344 3577 ἔδει
1373 3519 1465 3577 οὖν
1506 3525 1851 3595 παραμυθεῖ-

280 3611 412 3666 σθαι
447 3609 728 3682 μέλλοντα,
763 3609 1157 3681 καταμιγνύειν
1178 3610 1247 3664 τά
1277 3610 1597 3684 σκυθρωπά.
1628 3611 1851 3682 Ποταπὴ

279 3702 394 3772 γὰρ
433 3702 798 3773 παράκλησις,
858 3702 1096 3771 τιμωρία
1157 3702 1249 3756 καὶ
1303 3702 1523 3765 κόλασις
1579 3702 1851 3773 διηνεκὴς.

280 3796 379 3848 καὶ
426 3795 638 3860 σκότος,
672 3795 767 3848 καὶ
794 3792 1031 3865 σκώληξ,
1065 3794 1161 3848 καὶ
1208 3794 1354 3866 πῦρ;
1391 3794 1608 3850 Μᾶλλον
1640 3795 1739 3866 μὲν
1763 3794 1855 3850 οὖν

282 3888 333 3937 si
389 3885 486 3939 καὶ
534 3883 705 3949 οὕτως
758 3884 1018 3958 ἔγραφεν,
1074 3888 1349 3943 ἐπέτεινεν
1383 3890 1449 3944 ἂν
1498 3892 1598 3963 τήν
1655 3892 1853 3963 λύπην,

283 3976 416 4030 ἀλλ’
434 3978 497 4030 οὐ
533 3977 876 4049 παρεκάλεσέ
908 3981 1073 4034 ποθεν
1111 3982 1209 4045 τὰς
1238 3982 1416 4054 ψυχὰς
1445 3984 1641 4039 αὐτῶν.
1667 3984 1859 4037 Δεύτε-

286 4086 381 4141 ρον
417 4069 497 4134 δὲ,
526 4071 608 4123 ὅτι
633 4073 839 4135 πιστοῖς
861 4072 1101 4143 διηγεῖτο
1137 4074 1237 4146 τὴν
1266 4077 1584 4130 ἀνάστασιν.
1618 4075 1858 4140 Εἰκότως

284 4160 382 4217 οὗν
400 4163 461 4216 οὐ
486 4163 810 4233 μνημονεύει
839 4163 947 4219 τῶν
967 4167 1046 4229 είς
1067 4165 1337 4238 τιμωρίαν
1361 4166 1854 4237 ἀπαχθησομένων.

287 4256 351 4309 Oi
377 4254 490 4327 γάρ
520 4255 699 4309 ’πιστοὶ⁵
741 4255 884 4309 κατά
927 4257 1025 4320 τὰς
1079 4258 1405 4322 δεσποτικὰς
1458 4258 1676 4321 ἐντολὰς
1708 4256 1860 4311 πολι-

286 4351 592 4419 τευόμενοι,
638 4348 889 4419 οὐδεμιᾶς
940 4351 1215 4420 τιμωρίας
1254 4350 1591 4421 λαμδάνουσι
1639 4352 1856 4421 πεῖραν,

287 4440 417 4495 ἀλλ’
499 4442 559 4493 ὲν
638 4439 793 4509 ἀϊδίῳ
874 4441 1020 4511 χαρᾷ
1092 4442 1186 4494 καὶ
1271 4440 1582 4514 εὐφροσύνῃ
1680 4441 1859 4494 διατε-

288 4530 494 4585 λοῦσιν.
531 4531 646 4584 Ούκ
670 4525 737 4600 ἦν
764 4526 856 4586 οὖν
898 4531 1057 4601 χρεία
1085 4531 1377 4604 ἀλλοτρίων
1403 4532 1593 4586 παθῶν
1641 4532 1860 4602 μνήμην

1959 3336 2017 3391 Id
2051 3344 2235 3391 autem
2265 3335 2336 3392 ob
2365 3342 2500 3399 tres,
2532 3340 2593 3389 ut
2620 3334 2836 3404 opinor,
2867 3347 3069 3389 causas
3097 3330 3252 3386 facit.
3286 3329 3524 3384 Primum

1960 3428 2181 3500 quidem
2223 3428 2369 3498 quod
2417 3434 2477 3481 ut
2511 3425 3037 3483 Thessalonicenses
3073 3422 3413 3485 consoletur,
3449 3435 3528 3475 re-

1959 3518 2320 3576 surrectionis
2353 3517 2602 3573 meminit
2626 3534 2639 3571 :
2668 3514 2805 3571 Nolo
2830 3513 2976 3571 enim
3005 3528 3102 3569 vos
3133 3512 3404 3585 ignorare.
3429 3510 3527 3575 ait,

1959 3612 2030 3667 de
2067 3610 2151 3666 his
2190 3610 2283 3681 qui
2320 3608 2755 3675 obdormierunt,
2787 3622 2857 3663 ne
2900 3610 3201 3661 maneatis.
3243 3602 3360 3657 Non
3399 3617 3529 3671 ergo

1959 3717 2084 3758 eum
2116 3700 2209 3772 qui
2243 3700 2681 3755 consolationem
2721 3706 2840 3753 erat
2868 3696 3155 3761 allaturus,
3191 3694 3369 3749 tristia
3402 3708 3529 3763 per-

1961 3793 2195 3848 miscere
2240 3792 2506 3862 oportuit.
2556 3787 2745 3856 Qualis
2788 3788 2931 3843 enim
2985 3786 3179 3842 fuisset
3226 3782 3531 3840 consolatio

1961 3882 2288 3953 supplicium
2332 3889 2385 3936 et
2426 3878 2561 3935 ultio
2602 3886 2888 3950 perpetua,
2934 3875 3190 3940 tenebras,
3234 3888 3445 3930 vermes
3476 3880 3531 3929 et

1963 3972 2152 4043 ignis?
2193 3972 2383 4043 Itaque
2420 3970 2467 4027 si
2511 3971 2583 4025 ita
2627 3970 2963 4041 scripsisset,
3011 3982 3299 4024 mterorem
3349 3965 3530 4035 potius

1964 4065 2312 4130 intendisset,
2339 4072 2393 4120 et
2423 4064 2573 4118 nulla
2597 4080 2662 4119 ex
2697 4070 2851 4134 parte
2879 4061 3169 4117 animabus
3193 4074 3381 4115 eorum
3411 4073 3531 4112 con-

1965 4154 2290 4210 solationem
2317 4153 2607 4207 attulisset.
2634 4149 2887 4206 Secundo
2914 4157 3094 4203 autem
3124 4147 3251 4219 quia
3287 4145 3531 4201 fidelibus

1964 4243 2423 4301 resurrectionem
2454 4244 2780 4314 exponebat.
2812 4239 3008 4295 Merito
3041 4252 3172 4310 ergo
3201 4251 3389 4293 eorum
3422 4250 3530 4290 non

1967 4335 2213 4392 meminit
2236 4333 2329 4406 qui
2362 4343 2491 4390 sunt
2523 4334 2577 4389 in
2607 4332 2936 4404 supplicium
2968 4328 3293 4385 abducendi.
3318 4325 3532 4382 Fideles

1966 4440 2203 4497 namque
2217 4425 2479 4496 quijuxta
2506 4424 2787 4479 Dominica
2815 4430 3210 4477 conversautur
3239 4425 3525 4489 praecepta,

1968 4518 2175 4574 nullius
2207 4530 2383 4588 pmna‘
2410 4517 2639 4588 capiunt
2666 4514 3086 4586 experientiam,
3122 4511 3217 4567 sed
3248 4512 3300 4564 in
3336 4524 3530 4579 perpe-

291 4624 387 4678 καὶ
419 4623 667 4677 κάκωσιν
692 4596 759 4676 τὶν
791 4625 858 4693 τῇ
888 4596 998 4686 τοῖς
1049 4596 1261 4687 πιστοῖς
1293 4596 1690 4696 ἑτοιμαζομένῃ
1732 4596 1851 4695 δόέιξ

1970 4619 2062 4666 tuo
2092 4609 2292 4681 gaudio
2329 4623 2391 4662 ac
2426 4608 2615 4662 laetitia
2646 4607 2864 4676 degeut.
2894 4603 3052 4658 Nulla
3080 4603 3263 4672 itaque
3297 4596 3532 4654 necessi-

292 4715 389 4769 καὶ
416 4715 596 4785 τρυφῇ
636 4714 727 4766 καὶ
776 4713 1162 4786 μακαριότητι,
1196 4715 1290 4768 καὶ
1341 4715 1463 4768 τότε
1494 4716 1703 4777 πιστοῖς
1732 4714 1871 4783 γρά·

292 4822 467 4874 φοντι,
502 4803 790 4859 ποιεῖσθαι.
832 4804 1024 4875 Τρίτον
1052 4805 1129 4871 δὲ,
1160 4805 1242 4859 ὅτι
1271 4804 1402 4859 αὐτὸ
1422 4804 1484 4857 τὸ
1513 4805 1742 4877 πρᾶγμα
1770 4802 1870 4875 τὴν

293 4897 614 4960 ἀνάστασιν,
638 4897 732 4949 καὶ
756 4895 823 4949 δι’
852 4894 880 4949 ὃ
906 4896 1116 4964 γέγονε,
1143 4896 1263 4950 καθ’
1292 4896 1424 4949 αὐτὸ
1443 4895 1537 4951 νῦν
1567 4894 1865 4966 ἐξηγεῖται.

292 4988 402 5042 Kal.
434 4987 547 5058 γάρ
591 4988 689 5057 τὴν
720 4987 1017 5041 ἀνάστασιν
1073 4987 1102 5040 ό
1158 4988 1287 5050 Θεὸς
1323 4987 1413 5039 ἐπὶ
1468 4986 1710 5057 σωτηρίᾳ
1756 4985 1867 5038 τῶν

293 5078 597 5149 ἀνθρώπων
633 5077 871 5143 πάντων,
904 5078 997 5130 καὶ
1024 5077 1303 5149 ἀφθαρσίᾳ
1330 5078 1423 5130 καλ⁵
1453 5077 1718 5146 ἀφράστῳ
1737 5074 1866 5147 δόξῃ

294 5170 389 5223 καὶ
462 5169 609 5239 χαρᾷ
636 5208 651 5233 ,
682 5170 776 5223 καὶ
834 5168 1132 5223 ἀπολαύσει
1181 5168 1290 5221 τῶν
1349 5166 1582 5222 αίωνίων
1647 5165 1867 5235 ἀγαθῶν

297 5262 548 5333 ἐποίησε.
582 5261 695 5332 Τὴν
746 5262 855 5332 γὰρ
917 5262 1181 5328 κόλασιν,
1225 5260 1303 5333 τῷ
1328 5261 1558 5331 διαϐόλῳ
1610 5260 1705 5313 καὶ
1758 5260 1869 5320 τοῖς

296 5354 548 5421 ἀγγέλοις
600 5351 785 5417 αὐτοῦ,
816 5351 890 5417 ὡς
940 5352 1033 5405 καὶ
1088 5352 1146 5404 ὲν
1194 5351 1269 5420 τῷ
1323 5348 1638 5419 Εύαγγελίῳ
1684 5347 1868 5417 φησίν,

297 5442 411 5497 ἀλλ’
432 5440 494 5494 οὐ
518 5443 629 5503 vi;
650 5440 953 5511 ἀνθρώποις
972 5439 1285 5511 ἡτοίμασεν.
1303 5438 1363 5493 Εἰ
1380 5437 1437 5493 δέ
1460 5455 1602 5501 τινες
1639 5436 1869 5497 οἰκείαις

303 5531 648 5604 μοχθηρίαις,
670 5532 792 5584 ἀντὶ
820 5531 929 5585 τῶν
953 5530 1383 5601 έτοιμασθέντων
1414 5530 1596 5591 αὐτοῖς
1622 5526 1866 5599 ἀγαθῶν,

300 5621 371 5675 ri
404 5620 480 5688 τῷ
507 5620 741 5691 διαεόλῳ
797 5621 1190 5690 έτοιμασθέντα
1227 5619 1557 5688 ἐκλέγονται,
1608 5618 1667 5671 ού
1720 5616 1871 5686 παρά

301 5712 398 5782 τήν
437 5710 774 5782 Δεσποτικήν
831 5710 1240 5782 φιλανθρωπίαν
1278 5711 1374 5766 καλ¹
1406 5710 1662 5782 πρόνοιαν
1705 5704 1866 5763 τοῦτο

380 5899 425 5971 ξδ
454 5902 602 5960 Psal.
637 5918 783 5969 xcvr,
822 5902 889 5970 2;
913 5904 1033 5959 Act.
1060 5918 1098 5970 ι,
1126 5904 1178 5958 9.

1972 4710 2055 4756 tas
2086 4709 2201 4754 erat
2236 4699 2539 4752 alienorum
2571 4696 2837 4750 malorum
2882 4693 3063 4747 facere
3100 4688 3454 4752 mentionem,
3482 4691 3535 4739 et

1971 4792 2229 4847 inducere
2265 4787 2613 4842 aﬂlictionem
2654 4787 2707 4840 in
2751 4792 2937 4854 parata
2982 4780 3333 4837 credentibus
3367 4775 3536 4847 gloria

1970 4891 2024 4938 et
2052 4882 2261 4938 deliciis
2301 4894 2365 4935 ac
2409 4876 2766 4941 beatitudine,
2805 4886 2859 4930 et
2889 4874 3255 4945 potissimum,
3284 4869 3376 4941 qui
3409 4877 3539 4924 tunc

1971 4970 2222 5028 fidelibus
2262 4968 2551 5024 scriberet.
2583 4965 2769 5020 Tertio
2807 4978 2936 5020 vero
2964 4963 3092 5034 quia
3132 4962 3313 5031 ipsum
3351 4972 3537 5013 resur-

1969 5063 2230 5120 rectionis
2259 5060 2614 5133 mysterium,
2644 5066 2697 5115 et
2727 5065 2946 5128 pr0pter
2977 5053 3106 5125 quid
3137 5053 3280 5107 facta
3316 5052 3408 5116 sil,
3439 5064 3538 5117 pa-

1969 5155 2101 5209 riter
2150 5167 2296 5207 nunc
2345 5150 2589 5220 exponit.
2638 5147 2851 5202 Etenim
2902 5144 3365 5202 resurrectionem
3412 5139 3539 5194 fecit

1970 5243 2115 5297 Dens
2141 5240 2205 5294 ad
2234 5240 2465 5296 salutem
2489 5238 2735 5293 omnitm
2767 5236 3047 5290 hominum
3075 5241 3128 5288 et
3154 5230 3536 5286 immortalita-

1970 5341 2078 5389 tem
2107 5347 2172 5387 ac
2201 5329 2624 5385 inenarrabilem
2657 5329 2889 5399 gloriam
2918 5334 2972 5381 et
2997 5324 3278 5396 gaudium,
3307 5331 3537 5377 πίει-ηο-

1978 5440 2210 5494 rumque
2241 5421 2556 5478 fruitiouem
2589 5422 2879 5476 bonorum.
2905 5418 3183 5490 Siquidem
3214 5413 3538 5485 supplicium

1976 5519 2195 5576 diabolo
2225 5526 2279 5572 et
2310 5517 2519 5588 angelis
2552 5516 2693 5586 ejus,
2727 5512 3182 5585 quemadmodum
3214 5509 3345 5565 dicit
3375 5509 3539 5561 etiam

1977 5613 2033 5668 in
2074 5610 2392 5681 Evangelio,
2440 5626 2547 5665 non
2607 5617 2786 5663 autem
2824 5604 3160 5669 hominibus,
3194 5596 3538 5671 praeparavit.

1978 5703 2141 5778 176
2161 5700 2319 5771 Quod
2346 5702 2393 5760 si
2417 5700 2639 5775 quidam
2665 5700 2782 5758 suis
2805 5697 3061 5770 nequitiis
3088 5708 3187 5768 pro
3220 5687 3542 5764 praeparatis
