  <div class='ocr_page' id='page_1' title='image "/cluster/home/n/w/nwhite01/storage/ocr_20150623/119/hvd.32044019208156/055.png"; bbox 0 0 3994 6638; ppageno 0'>
   <div class='ocr_carea' id='block_1_1' title="bbox 485 434 3743 542">
    <p class='ocr_par' dir='ltr' id='par_1_1' title="bbox 485 434 3743 542">
     <span class='ocr_line' id='line_1_1' title="bbox 485 434 3743 542; baseline 0.01 -59"><span class='ocrx_word' id='word_1_1' title='bbox 485 434 565 542; x_wconf 33' lang='grc'><strong>95.</strong></span> <span class='ocrx_word' id='word_1_2' title='bbox 1572 437 1974 498; x_wconf 81' lang='lat' dir='ltr'><strong>(ECUMENII</strong></span> <span class='ocrx_word' id='word_1_3' title='bbox 2003 439 2294 515; x_wconf 69' lang='lat' dir='ltr'><strong>TRICCFE</strong></span> <span class='ocrx_word' id='word_1_4' title='bbox 2334 446 2674 508; x_wconf 82' lang='lat' dir='ltr'><strong>EPISCOPI</strong></span> <span class='ocrx_word' id='word_1_5' title='bbox 3669 453 3743 519; x_wconf 78' lang='lat'><strong><em>96</em></strong></span> 
     </span>
    </p>
   </div>
   <div class='ocr_carea' id='block_1_2' title="bbox 490 550 2080 636">
    <p class='ocr_par' dir='ltr' id='par_1_2' title="bbox 490 550 2064 625">
     <span class='ocr_line' id='line_1_2' title="bbox 490 550 2064 625; baseline 0 -16"><span class='ocrx_word' id='word_1_6' title='bbox 490 553 594 609; x_wconf 87' lang='lat' dir='ltr'><strong>sibi</strong></span> <span class='ocrx_word' id='word_1_7' title='bbox 629 550 790 608; x_wconf 80' lang='lat' dir='ltr'><strong>bonis</strong></span> <span class='ocrx_word' id='word_1_8' title='bbox 822 565 886 608; x_wconf 89' lang='lat' dir='ltr'><strong>ea</strong></span> <span class='ocrx_word' id='word_1_9' title='bbox 917 566 1039 624; x_wconf 80' lang='lat' dir='ltr'><strong>quae</strong></span> <span class='ocrx_word' id='word_1_10' title='bbox 1079 551 1298 609; x_wconf 85' lang='lat' dir='ltr'><strong>diabolo</strong></span> <span class='ocrx_word' id='word_1_11' title='bbox 1330 559 1461 608; x_wconf 82' lang='lat' dir='ltr'><strong>sunt</strong></span> <span class='ocrx_word' id='word_1_12' title='bbox 1489 553 2064 625; x_wconf 66' lang='lat' dir='ltr'><strong>praeparata,eliguut,</strong></span> 
     </span>
    </p>
   </div>
   <div class='ocr_carea' id='block_1_3' title="bbox 2187 550 3736 636">
    <p class='ocr_par' dir='ltr' id='par_1_3' title="bbox 2187 559 3736 636">
     <span class='ocr_line' id='line_1_3' title="bbox 2187 559 3736 636; baseline 0.005 -26"><span class='ocrx_word' id='word_1_13' title='bbox 2187 559 2400 625; x_wconf 69' lang='grc' dir='ltr'>Γίνεται.</span> <span class='ocrx_word' id='word_1_14' title='bbox 2428 562 2521 615; x_wconf 82' lang='grc' dir='ltr'><strong>Διὸ</strong></span> <span class='ocrx_word' id='word_1_15' title='bbox 2550 565 2643 616; x_wconf 71' lang='grc' dir='ltr'>καὶ</span> <span class='ocrx_word' id='word_1_16' title='bbox 2668 563 2696 616; x_wconf 84' lang='grc' dir='ltr'>ὀ</span> <span class='ocrx_word' id='word_1_17' title='bbox 2725 563 2866 626; x_wconf 73' lang='grc' dir='ltr'>θεῖος</span> <span class='ocrx_word' id='word_1_18' title='bbox 2896 561 3107 629; x_wconf 77' lang='grc' dir='ltr'><strong>Παῦλος</strong></span> <span class='ocrx_word' id='word_1_19' title='bbox 3132 563 3299 635; x_wconf 76' lang='grc' dir='ltr'>αὑτήν</span> <span class='ocrx_word' id='word_1_20' title='bbox 3326 562 3425 636; x_wconf 71' lang='grc' dir='ltr'>τὴν</span> <span class='ocrx_word' id='word_1_21' title='bbox 3453 564 3614 635; x_wconf 79' lang='grc' dir='ltr'>φύσιν</span> <span class='ocrx_word' id='word_1_22' title='bbox 3636 569 3736 636; x_wconf 70' lang='grc' dir='ltr'>τῆς</span> 
     </span>
    </p>
   </div>
   <div class='ocr_carea' id='block_1_4' title="bbox 489 644 2064 716">
    <p class='ocr_par' dir='ltr' id='par_1_4' title="bbox 489 644 2064 716">
     <span class='ocr_line' id='line_1_4' title="bbox 489 644 2064 716; baseline 0.001 -15"><span class='ocrx_word' id='word_1_23' title='bbox 489 646 543 701; x_wconf 83' lang='lat' dir='ltr'><strong>id</strong></span> <span class='ocrx_word' id='word_1_24' title='bbox 575 660 684 699; x_wconf 90' lang='lat' dir='ltr'><strong>non</strong></span> <span class='ocrx_word' id='word_1_25' title='bbox 717 644 777 700; x_wconf 79' lang='lat' dir='ltr'><strong>tit</strong></span> <span class='ocrx_word' id='word_1_26' title='bbox 801 644 955 714; x_wconf 79' lang='lat' dir='ltr'><strong>juxta</strong></span> <span class='ocrx_word' id='word_1_27' title='bbox 993 644 1327 700; x_wconf 85' lang='lat' dir='ltr'><strong>Dominicam</strong></span> <span class='ocrx_word' id='word_1_28' title='bbox 1361 645 1751 714; x_wconf 78' lang='lat' dir='ltr'><strong>benignitatem</strong></span> <span class='ocrx_word' id='word_1_29' title='bbox 1782 660 1847 701; x_wconf 88' lang='lat' dir='ltr'><strong>ac</strong></span> <span class='ocrx_word' id='word_1_30' title='bbox 1882 648 2064 716; x_wconf 66' lang='lat' dir='ltr'><strong>provio</strong></span> 
     </span>
    </p>
   </div>
   <div class='ocr_carea' id='block_1_5' title="bbox 490 740 2064 813">
    <p class='ocr_par' dir='ltr' id='par_1_5' title="bbox 490 740 2064 813">
     <span class='ocr_line' id='line_1_5' title="bbox 490 740 2064 813; baseline 0.002 -18"><span class='ocrx_word' id='word_1_31' title='bbox 490 741 753 796; x_wconf 80' lang='lat' dir='ltr'><strong>dentiam.</strong></span> <span class='ocrx_word' id='word_1_32' title='bbox 801 740 1009 797; x_wconf 87' lang='lat' dir='ltr'><strong>Idcirco</strong></span> <span class='ocrx_word' id='word_1_33' title='bbox 1031 743 1199 798; x_wconf 81' lang='lat' dir='ltr'><strong>divus</strong></span> <span class='ocrx_word' id='word_1_34' title='bbox 1228 741 1431 799; x_wconf 88' lang='lat' dir='ltr'><strong>Paulus</strong></span> <span class='ocrx_word' id='word_1_35' title='bbox 1478 743 1652 813; x_wconf 84' lang='lat' dir='ltr'><strong>ipsam</strong></span> <span class='ocrx_word' id='word_1_36' title='bbox 1701 745 2064 798; x_wconf 84' lang='lat' dir='ltr'><strong>resurrectio-</strong></span> 
     </span>
    </p>
   </div>
   <div class='ocr_carea' id='block_1_6' title="bbox 492 834 2061 905">
    <p class='ocr_par' dir='ltr' id='par_1_6' title="bbox 492 834 2061 905">
     <span class='ocr_line' id='line_1_6' title="bbox 492 834 2061 905; baseline 0.001 -17"><span class='ocrx_word' id='word_1_37' title='bbox 492 836 578 889; x_wconf 88' lang='lat' dir='ltr'><strong>nis</strong></span> <span class='ocrx_word' id='word_1_38' title='bbox 623 843 873 905; x_wconf 86' lang='lat' dir='ltr'><strong>naturam</strong></span> <span class='ocrx_word' id='word_1_39' title='bbox 922 834 1182 901; x_wconf 74' lang='lat' dir='ltr'><strong>referens,</strong></span> <span class='ocrx_word' id='word_1_40' title='bbox 1213 844 1267 890; x_wconf 93' lang='lat' dir='ltr'><strong>et</strong></span> <span class='ocrx_word' id='word_1_41' title='bbox 1299 845 1521 905; x_wconf 82' lang='lat' dir='ltr'><strong>propter</strong></span> <span class='ocrx_word' id='word_1_42' title='bbox 1550 836 1680 904; x_wconf 90' lang='lat' dir='ltr'><strong>quid</strong></span> <span class='ocrx_word' id='word_1_43' title='bbox 1715 835 1885 905; x_wconf 86' lang='lat' dir='ltr'><strong>ipsam</strong></span> <span class='ocrx_word' id='word_1_44' title='bbox 1918 835 2061 890; x_wconf 89' lang='lat' dir='ltr'><strong>Deus</strong></span> 
     </span>
    </p>
   </div>
   <div class='ocr_carea' id='block_1_7' title="bbox 492 925 2063 996">
    <p class='ocr_par' dir='ltr' id='par_1_7' title="bbox 492 925 2063 996">
     <span class='ocr_line' id='line_1_7' title="bbox 492 925 2063 996; baseline 0.003 -21"><span class='ocrx_word' id='word_1_45' title='bbox 492 925 777 994; x_wconf 75' lang='lat' dir='ltr'><strong>pI&#39;OtIIICnI,</strong></span> <span class='ocrx_word' id='word_1_46' title='bbox 814 929 1006 981; x_wconf 90' lang='lat' dir='ltr'><strong>merito</strong></span> <span class='ocrx_word' id='word_1_47' title='bbox 1040 942 1229 982; x_wconf 88' lang='lat' dir='ltr'><strong>eormn</strong></span> <span class='ocrx_word' id='word_1_48' title='bbox 1257 941 1363 979; x_wconf 90' lang='lat' dir='ltr'><strong>non</strong></span> <span class='ocrx_word' id='word_1_49' title='bbox 1392 925 1746 995; x_wconf 86' lang='lat' dir='ltr'><strong>meminitqui</strong></span> <span class='ocrx_word' id='word_1_50' title='bbox 1775 928 1827 979; x_wconf 89' lang='lat' dir='ltr'><strong>in</strong></span> <span class='ocrx_word' id='word_1_51' title='bbox 1855 926 2063 996; x_wconf 88' lang='lat' dir='ltr'><strong>suppli-</strong></span> 
     </span>
    </p>
   </div>
   <div class='ocr_carea' id='block_1_8' title="bbox 492 1015 2063 1089">
    <p class='ocr_par' dir='ltr' id='par_1_8' title="bbox 492 1015 2063 1089">
     <span class='ocr_line' id='line_1_8' title="bbox 492 1015 2063 1089; baseline 0.001 -20"><span class='ocrx_word' id='word_1_52' title='bbox 492 1015 636 1069; x_wconf 86' lang='lat' dir='ltr'><strong>cium</strong></span> <span class='ocrx_word' id='word_1_53' title='bbox 666 1016 1046 1072; x_wconf 84' lang='lat' dir='ltr'><strong>ahducuutur:</strong></span> <span class='ocrx_word' id='word_1_54' title='bbox 1074 1018 1272 1089; x_wconf 86' lang='lat' dir='ltr'><strong>(neque</strong></span> <span class='ocrx_word' id='word_1_55' title='bbox 1295 1018 1440 1073; x_wconf 88' lang='lat' dir='ltr'><strong>enim</strong></span> <span class='ocrx_word' id='word_1_56' title='bbox 1493 1017 1552 1071; x_wconf 87' lang='lat' dir='ltr'><strong>tit</strong></span> <span class='ocrx_word' id='word_1_57' title='bbox 1594 1026 1818 1088; x_wconf 85' lang='lat' dir='ltr'><strong>propter</strong></span> <span class='ocrx_word' id='word_1_58' title='bbox 1855 1018 2063 1087; x_wconf 84' lang='lat' dir='ltr'><strong>suppli-</strong></span> 
     </span>
    </p>
   </div>
   <div class='ocr_carea' id='block_1_9' title="bbox 494 1108 2064 1179">
    <p class='ocr_par' dir='ltr' id='par_1_9' title="bbox 494 1108 2064 1179">
     <span class='ocr_line' id='line_1_9' title="bbox 494 1108 2064 1179; baseline 0.001 -15"><span class='ocrx_word' id='word_1_59' title='bbox 494 1111 662 1167; x_wconf 87' lang='lat' dir='ltr'><strong>cimn.</strong></span> <span class='ocrx_word' id='word_1_60' title='bbox 687 1110 780 1165; x_wconf 86' lang='lat' dir='ltr'><strong>sed</strong></span> <span class='ocrx_word' id='word_1_61' title='bbox 807 1120 1027 1179; x_wconf 81' lang='lat' dir='ltr'><strong>propter</strong></span> <span class='ocrx_word' id='word_1_62' title='bbox 1057 1110 1322 1165; x_wconf 75' lang='lat' dir='ltr'><strong>mercedis</strong></span> <span class='ocrx_word' id='word_1_63' title='bbox 1350 1108 2064 1165; x_wconf 72' lang='lat' dir='ltr'><strong>retributionem.tProinde</strong></span> 
     </span>
    </p>
   </div>
   <div class='ocr_carea' id='block_1_10' title="bbox 492 1202 2062 1259">
    <p class='ocr_par' dir='ltr' id='par_1_10' title="bbox 492 1202 2062 1259">
     <span class='ocr_line' id='line_1_10' title="bbox 492 1202 2062 1259; baseline 0.001 -3"><span class='ocrx_word' id='word_1_64' title='bbox 492 1204 853 1257; x_wconf 89' lang='lat' dir='ltr'><strong>consolemiui</strong></span> <span class='ocrx_word' id='word_1_65' title='bbox 884 1220 979 1259; x_wconf 86' lang='lat' dir='ltr'><strong>vos</strong></span> <span class='ocrx_word' id='word_1_66' title='bbox 1009 1214 1218 1259; x_wconf 89' lang='lat' dir='ltr'><strong>mutuo.</strong></span> <span class='ocrx_word' id='word_1_67' title='bbox 1248 1222 1267 1256; x_wconf 80' lang='grc' dir='ltr'><strong>ι</strong></span> <span class='ocrx_word' id='word_1_68' title='bbox 1296 1203 1375 1259; x_wconf 84' lang='lat' dir='ltr'><strong>Ne</strong></span> <span class='ocrx_word' id='word_1_69' title='bbox 1401 1202 1682 1259; x_wconf 65' lang='lat' dir='ltr'><strong>maneatis</strong></span> <span class='ocrx_word' id='word_1_70' title='bbox 1707 1204 1850 1259; x_wconf 87' lang='lat' dir='ltr'><strong>sicut</strong></span> <span class='ocrx_word' id='word_1_71' title='bbox 1878 1210 1932 1259; x_wconf 90' lang='lat' dir='ltr'><strong>et</strong></span> <span class='ocrx_word' id='word_1_72' title='bbox 1962 1218 2062 1258; x_wconf 65' lang='lat' dir='ltr'><strong>cae-</strong></span> 
     </span>
    </p>
   </div>
   <div class='ocr_carea' id='block_1_11' title="bbox 492 1290 1269 1359">
    <p class='ocr_par' dir='ltr' id='par_1_11' title="bbox 492 1290 1269 1359">
     <span class='ocr_line' id='line_1_11' title="bbox 492 1290 1269 1359; baseline 0.005 -17"><span class='ocrx_word' id='word_1_73' title='bbox 492 1290 592 1343; x_wconf 90' lang='lat' dir='ltr'><strong>teri</strong></span> <span class='ocrx_word' id='word_1_74' title='bbox 619 1290 710 1358; x_wconf 87' lang='lat' dir='ltr'><strong>qui</strong></span> <span class='ocrx_word' id='word_1_75' title='bbox 735 1305 882 1359; x_wconf 89' lang='lat' dir='ltr'><strong>spem</strong></span> <span class='ocrx_word' id='word_1_76' title='bbox 912 1306 1020 1345; x_wconf 88' lang='lat' dir='ltr'><strong>non</strong></span> <span class='ocrx_word' id='word_1_77' title='bbox 1046 1291 1269 1347; x_wconf 84' lang='lat' dir='ltr'><strong>habent.</strong></span> 
     </span>
    </p>
   </div>
   <div class='ocr_carea' id='block_1_12' title="bbox 1103 1382 1463 1438">
    <p class='ocr_par' dir='ltr' id='par_1_12' title="bbox 1103 1382 1463 1438">
     <span class='ocr_line' id='line_1_12' title="bbox 1103 1382 1463 1438; baseline 0 -1"><span class='ocrx_word' id='word_1_78' title='bbox 1103 1382 1335 1438; x_wconf 75' lang='lat' dir='ltr'><strong>CAPUT</strong></span> <span class='ocrx_word' id='word_1_79' title='bbox 1375 1383 1463 1438; x_wconf 71' lang='lat' dir='ltr'><strong>Vl.</strong></span> 
     </span>
    </p>
   </div>
   <div class='ocr_carea' id='block_1_13' title="bbox 495 1490 2062 1559">
    <p class='ocr_par' dir='ltr' id='par_1_13' title="bbox 495 1490 2062 1559">
     <span class='ocr_line' id='line_1_13' title="bbox 495 1490 2062 1559; baseline 0.003 -16"><span class='ocrx_word' id='word_1_80' title='bbox 495 1490 645 1556; x_wconf 83' lang='lat' dir='ltr'><strong>Quod</strong></span> <span class='ocrx_word' id='word_1_81' title='bbox 684 1499 890 1558; x_wconf 86' lang='lat' dir='ltr'><strong>repente</strong></span> <span class='ocrx_word' id='word_1_82' title='bbox 923 1501 1168 1545; x_wconf 80' lang='lat' dir='ltr'><strong>venturus</strong></span> <span class='ocrx_word' id='word_1_83' title='bbox 1204 1494 1271 1546; x_wconf 78' lang='lat' dir='ltr'><strong>sit</strong></span> <span class='ocrx_word' id='word_1_84' title='bbox 1307 1492 1551 1546; x_wconf 79' lang='lat' dir='ltr'><strong>Christus</strong></span> <span class='ocrx_word' id='word_1_85' title='bbox 1591 1531 1605 1545; x_wconf 95' lang='lat'><strong>.</strong></span> <span class='ocrx_word' id='word_1_86' title='bbox 1645 1501 1850 1559; x_wconf 75' lang='lat' dir='ltr'><strong>oportet</strong></span> <span class='ocrx_word' id='word_1_87' title='bbox 1887 1492 2062 1559; x_wconf 79' lang='lat' dir='ltr'><strong>itaque</strong></span> 
     </span>
    </p>
   </div>
   <div class='ocr_carea' id='block_1_14' title="bbox 565 1562 2061 1629">
    <p class='ocr_par' dir='ltr' id='par_1_14' title="bbox 565 1562 2061 1629">
     <span class='ocr_line' id='line_1_14' title="bbox 565 1562 2061 1629; baseline 0.001 -14"><span class='ocrx_word' id='word_1_88' title='bbox 565 1562 801 1615; x_wconf 78' lang='lat' dir='ltr'><strong>studiese</strong></span> <span class='ocrx_word' id='word_1_89' title='bbox 826 1572 1069 1623; x_wconf 82' lang='lat' dir='ltr'><strong>paratum</strong></span> <span class='ocrx_word' id='word_1_90' title='bbox 1102 1579 1211 1616; x_wconf 77' lang='lat' dir='ltr'><strong>esse</strong></span> <span class='ocrx_word' id='word_1_91' title='bbox 1243 1562 1364 1629; x_wconf 81' lang='lat' dir='ltr'><strong>ﬁde,</strong></span> <span class='ocrx_word' id='word_1_92' title='bbox 1391 1579 1499 1624; x_wconf 83' lang='lat' dir='ltr'><strong>spe.</strong></span> <span class='ocrx_word' id='word_1_93' title='bbox 1532 1564 1814 1629; x_wconf 84' lang='lat' dir='ltr'><strong>charitate,</strong></span> <span class='ocrx_word' id='word_1_94' title='bbox 1845 1564 2061 1627; x_wconf 82' lang='lat' dir='ltr'><strong>honore,</strong></span> 
     </span>
    </p>
   </div>
   <div class='ocr_carea' id='block_1_15' title="bbox 566 1631 1675 1701">
    <p class='ocr_par' dir='ltr' id='par_1_15' title="bbox 566 1631 1675 1701">
     <span class='ocr_line' id='line_1_15' title="bbox 566 1631 1675 1701; baseline 0.002 -17"><span class='ocrx_word' id='word_1_95' title='bbox 566 1648 716 1698; x_wconf 83' lang='lat' dir='ltr'><strong>pace.</strong></span> <span class='ocrx_word' id='word_1_96' title='bbox 748 1631 1176 1701; x_wconf 80' lang='lat' dir='ltr'><strong>longanimitate,</strong></span> <span class='ocrx_word' id='word_1_97' title='bbox 1206 1632 1444 1687; x_wconf 78' lang='lat' dir='ltr'><strong>discendi</strong></span> <span class='ocrx_word' id='word_1_98' title='bbox 1475 1649 1675 1686; x_wconf 89' lang='lat' dir='ltr'><strong>amore.</strong></span> 
     </span>
    </p>
   </div>
   <div class='ocr_carea' id='block_1_16' title="bbox 568 1741 2065 1814">
    <p class='ocr_par' dir='ltr' id='par_1_16' title="bbox 568 1741 2065 1814">
     <span class='ocr_line' id='line_1_16' title="bbox 568 1741 2065 1814; baseline 0 -15"><span class='ocrx_word' id='word_1_99' title='bbox 568 1741 636 1806; x_wconf 60' lang='grc' dir='ltr'>Ἴ,</span> <span class='ocrx_word' id='word_1_100' title='bbox 665 1744 781 1798; x_wconf 80' lang='grc'><strong>1-5.</strong></span> <span class='ocrx_word' id='word_1_101' title='bbox 824 1742 993 1797; x_wconf 84' lang='lat' dir='ltr'><strong>Porro</strong></span> <span class='ocrx_word' id='word_1_102' title='bbox 1027 1742 1091 1798; x_wconf 85' lang='lat' dir='ltr'><strong>de</strong></span> <span class='ocrx_word' id='word_1_103' title='bbox 1126 1744 1443 1812; x_wconf 77' lang='lat' dir='ltr'><strong>temporibus</strong></span> <span class='ocrx_word' id='word_1_104' title='bbox 1482 1752 1530 1798; x_wconf 87' lang='lat' dir='ltr'><strong>et</strong></span> <span class='ocrx_word' id='word_1_105' title='bbox 1578 1744 1820 1798; x_wconf 75' lang='lat' dir='ltr'><strong>articulis</strong></span> <span class='ocrx_word' id='word_1_106' title='bbox 1866 1752 2065 1814; x_wconf 81' lang='lat' dir='ltr'><strong>tempo—</strong></span> 
     </span>
    </p>
   </div>
   <div class='ocr_carea' id='block_1_17' title="bbox 2168 649 3737 728">
    <p class='ocr_par' dir='ltr' id='par_1_17' title="bbox 2168 649 3737 728">
     <span class='ocr_line' id='line_1_17' title="bbox 2168 649 3737 728; baseline -0.004 -11"><span class='ocrx_word' id='word_1_107' title='bbox 2168 652 2537 718; x_wconf 77' lang='grc' dir='ltr'><strong>ἀναστάσεως,</strong></span> <span class='ocrx_word' id='word_1_108' title='bbox 2570 656 2664 709; x_wconf 84' lang='grc' dir='ltr'>καὶ</span> <span class='ocrx_word' id='word_1_109' title='bbox 2714 656 2799 726; x_wconf 65' lang='grc' dir='ltr'><strong>ἐφ’</strong></span> <span class='ocrx_word' id='word_1_110' title='bbox 2855 649 2900 725; x_wconf 81' lang='grc' dir='ltr'><strong>ᾧ</strong></span> <span class='ocrx_word' id='word_1_111' title='bbox 2943 655 3146 728; x_wconf 76' lang='grc' dir='ltr'>ταύτην</span> <span class='ocrx_word' id='word_1_112' title='bbox 3184 657 3212 709; x_wconf 85' lang='grc' dir='ltr'><strong>ό</strong></span> <span class='ocrx_word' id='word_1_113' title='bbox 3256 657 3598 728; x_wconf 83' lang='grc' dir='ltr'>Δημιουργδς</span> <span class='ocrx_word' id='word_1_114' title='bbox 3641 660 3737 726; x_wconf 67' lang='lat' dir='ltr'><strong>inp-</strong></span> 
     </span>
    </p>
   </div>
   <div class='ocr_carea' id='block_1_18' title="bbox 2171 741 3740 821">
    <p class='ocr_par' dir='ltr' id='par_1_18' title="bbox 2171 741 3740 821">
     <span class='ocr_line' id='line_1_18' title="bbox 2171 741 3740 821; baseline 0.005 -27"><span class='ocrx_word' id='word_1_115' title='bbox 2171 741 2352 812; x_wconf 86' lang='grc' dir='ltr'>ίστησι</span> <span class='ocrx_word' id='word_1_116' title='bbox 2374 744 2690 813; x_wconf 83' lang='grc' dir='ltr'>λέγων.τῶν</span> <span class='ocrx_word' id='word_1_117' title='bbox 2719 749 3083 818; x_wconf 84' lang='grc' dir='ltr'>είς⁹τιμωρίαν</span> <span class='ocrx_word' id='word_1_118' title='bbox 3105 748 3511 819; x_wconf 80' lang='grc' dir='ltr'>ἀχθησομένων,</span> <span class='ocrx_word' id='word_1_119' title='bbox 3528 749 3608 821; x_wconf 77' lang='grc' dir='ltr'><strong>(οὐ</strong></span> <span class='ocrx_word' id='word_1_120' title='bbox 3632 749 3740 821; x_wconf 79' lang='grc' dir='ltr'>γὰρ</span> 
     </span>
    </p>
   </div>
   <div class='ocr_carea' id='block_1_19' title="bbox 2170 832 3736 908">
    <p class='ocr_par' dir='ltr' id='par_1_19' title="bbox 2170 832 3736 908">
     <span class='ocr_line' id='line_1_19' title="bbox 2170 832 3736 908; baseline 0.005 -24"><span class='ocrx_word' id='word_1_121' title='bbox 2170 832 2264 887; x_wconf 72' lang='grc' dir='ltr'><strong>ἐπὶ</strong></span> <span class='ocrx_word' id='word_1_122' title='bbox 2295 836 2558 906; x_wconf 79' lang='grc' dir='ltr'><strong>τιμωρίᾳ,</strong></span> <span class='ocrx_word' id='word_1_123' title='bbox 2590 836 2703 890; x_wconf 79' lang='grc' dir='ltr'>ἀλλ’</span> <span class='ocrx_word' id='word_1_124' title='bbox 2739 839 2831 891; x_wconf 68' lang='grc' dir='ltr'><strong>ἐπὶ</strong></span> <span class='ocrx_word' id='word_1_125' title='bbox 2865 838 3259 908; x_wconf 79' lang='grc' dir='ltr'>μισθαποδοσίᾳ</span> <span class='ocrx_word' id='word_1_126' title='bbox 3288 838 3515 906; x_wconf 81' lang='grc' dir='ltr'>γίνεται,</span> <span class='ocrx_word' id='word_1_127' title='bbox 3543 839 3560 907; x_wconf 96' lang='grc'>)</span> <span class='ocrx_word' id='word_1_128' title='bbox 3588 840 3736 892; x_wconf 75' lang='grc' dir='ltr'>εικό-</span> 
     </span>
    </p>
   </div>
   <div class='ocr_carea' id='block_1_20' title="bbox 2168 926 3729 1001">
    <p class='ocr_par' dir='ltr' id='par_1_20' title="bbox 2168 926 3729 1001">
     <span class='ocr_line' id='line_1_20' title="bbox 2168 926 3729 1001; baseline 0 -19"><span class='ocrx_word' id='word_1_129' title='bbox 2168 941 2276 988; x_wconf 71' lang='grc' dir='ltr'><strong>τως</strong></span> <span class='ocrx_word' id='word_1_130' title='bbox 2304 926 2365 978; x_wconf 85' lang='grc' dir='ltr'>οὐ</span> <span class='ocrx_word' id='word_1_131' title='bbox 2404 928 2751 996; x_wconf 85' lang='grc' dir='ltr'>μνημονεύει.</span> <span class='ocrx_word' id='word_1_132' title='bbox 2778 949 2795 980; x_wconf 80' lang='grc' dir='ltr'><strong>ι</strong></span> <span class='ocrx_word' id='word_1_133' title='bbox 2826 929 2988 983; x_wconf 80' lang='grc' dir='ltr'>Ὥστε</span> <span class='ocrx_word' id='word_1_134' title='bbox 3014 929 3381 999; x_wconf 84' lang='grc' dir='ltr'>παρακαλεῖτε</span> <span class='ocrx_word' id='word_1_135' title='bbox 3403 930 3682 1001; x_wconf 82' lang='grc' dir='ltr'>ἀλλήλους,</span> <span class='ocrx_word' id='word_1_136' title='bbox 3710 950 3729 982; x_wconf 82' lang='grc' dir='ltr'><strong>ι</strong></span> 
     </span>
    </p>
   </div>
   <div class='ocr_carea' id='block_1_21' title="bbox 2170 1017 3738 1092">
    <p class='ocr_par' dir='ltr' id='par_1_21' title="bbox 2170 1017 3738 1092">
     <span class='ocr_line' id='line_1_21' title="bbox 2170 1017 3738 1092; baseline 0.01 -24"><span class='ocrx_word' id='word_1_137' title='bbox 2170 1018 2251 1081; x_wconf 81' lang='grc' dir='ltr'><strong>είς</strong></span> <span class='ocrx_word' id='word_1_138' title='bbox 2303 1017 2365 1071; x_wconf 83' lang='grc' dir='ltr'><strong>τδ</strong></span> <span class='ocrx_word' id='word_1_139' title='bbox 2424 1020 2497 1091; x_wconf 77' lang='grc' dir='ltr'>μὴ</span> <span class='ocrx_word' id='word_1_140' title='bbox 2560 1020 2844 1075; x_wconf 73' lang='grc' dir='ltr'>λυπεῖσθαι</span> <span class='ocrx_word' id='word_1_141' title='bbox 2886 1022 2964 1085; x_wconf 84' lang='grc' dir='ltr'>ὡς</span> <span class='ocrx_word' id='word_1_142' title='bbox 3000 1023 3049 1074; x_wconf 81' lang='lat' dir='ltr'><strong>oi</strong></span> <span class='ocrx_word' id='word_1_143' title='bbox 3099 1021 3274 1076; x_wconf 84' lang='grc' dir='ltr'>λοιποὶ</span> <span class='ocrx_word' id='word_1_144' title='bbox 3305 1024 3353 1075; x_wconf 76' lang='lat' dir='ltr'><strong>oi</strong></span> <span class='ocrx_word' id='word_1_145' title='bbox 3409 1020 3483 1092; x_wconf 75' lang='grc' dir='ltr'>μὴ</span> <span class='ocrx_word' id='word_1_146' title='bbox 3524 1022 3738 1092; x_wconf 79' lang='grc' dir='ltr'>ἔχοντες</span> 
     </span>
    </p>
   </div>
   <div class='ocr_carea' id='block_1_22' title="bbox 2171 1107 2385 1167">
    <p class='ocr_par' dir='ltr' id='par_1_22' title="bbox 2171 1107 2385 1167">
     <span class='ocr_line' id='line_1_22' title="bbox 2171 1107 2385 1167; baseline 0.037 -8"><span class='ocrx_word' id='word_1_147' title='bbox 2171 1107 2385 1167; x_wconf 73' lang='grc' dir='ltr'>ἐλπίδα.</span> 
     </span>
    </p>
   </div>
   <div class='ocr_carea' id='block_1_23' title="bbox 2748 1378 3171 1447">
    <p class='ocr_par' dir='ltr' id='par_1_23' title="bbox 2748 1378 3171 1447">
     <span class='ocr_line' id='line_1_23' title="bbox 2748 1378 3171 1447; baseline 0.002 -14"><span class='ocrx_word' id='word_1_148' title='bbox 2748 1378 2999 1433; x_wconf 79' lang='grc' dir='ltr'><strong>ΚΕΦΑΛ.</strong></span> <span class='ocrx_word' id='word_1_149' title='bbox 3077 1381 3171 1447; x_wconf 74' lang='grc' dir='ltr'>σι.</span> 
     </span>
    </p>
   </div>
   <div class='ocr_carea' id='block_1_24' title="bbox 2170 1488 3741 1557">
    <p class='ocr_par' dir='ltr' id='par_1_24' title="bbox 2170 1488 3741 1557">
     <span class='ocr_line' id='line_1_24' title="bbox 2170 1488 3741 1557; baseline 0.003 -15"><span class='ocrx_word' id='word_1_150' title='bbox 2170 1488 2308 1556; x_wconf 75' lang='grc' dir='ltr'>Περὶ</span> <span class='ocrx_word' id='word_1_151' title='bbox 2336 1488 2444 1542; x_wconf 79' lang='grc' dir='ltr'>τοῦ</span> <span class='ocrx_word' id='word_1_152' title='bbox 2472 1490 2780 1557; x_wconf 66' lang='grc' dir='ltr'>αἰφνιδίως</span> <span class='ocrx_word' id='word_1_153' title='bbox 2801 1489 2972 1555; x_wconf 72' lang='grc' dir='ltr'>ἥξειν</span> <span class='ocrx_word' id='word_1_154' title='bbox 3000 1490 3107 1543; x_wconf 69' lang='grc' dir='ltr'><strong>τὸν</strong></span> <span class='ocrx_word' id='word_1_155' title='bbox 3130 1490 3408 1557; x_wconf 79' lang='grc' dir='ltr'>Χριστὸν,</span> <span class='ocrx_word' id='word_1_156' title='bbox 3438 1491 3594 1546; x_wconf 81' lang='grc' dir='ltr'>ὥστε</span> <span class='ocrx_word' id='word_1_157' title='bbox 3610 1492 3741 1546; x_wconf 77' lang='grc' dir='ltr'>δεῖν</span> 
     </span>
    </p>
   </div>
   <div class='ocr_carea' id='block_1_25' title="bbox 2242 1558 3740 1631">
    <p class='ocr_par' dir='ltr' id='par_1_25' title="bbox 2242 1558 3740 1631">
     <span class='ocr_line' id='line_1_25' title="bbox 2242 1558 3740 1631; baseline 0.003 -20"><span class='ocrx_word' id='word_1_158' title='bbox 2242 1559 2684 1631; x_wconf 65' lang='grc' dir='ltr'>εὐτρεπίζεσθαι</span> <span class='ocrx_word' id='word_1_159' title='bbox 2719 1558 2965 1631; x_wconf 79' lang='grc' dir='ltr'>σπουδῇ</span> <span class='ocrx_word' id='word_1_160' title='bbox 2988 1600 3003 1621; x_wconf 88' lang='grc'><strong>,</strong></span> <span class='ocrx_word' id='word_1_161' title='bbox 3049 1563 3268 1625; x_wconf 75' lang='grc' dir='ltr'>πίστει,</span> <span class='ocrx_word' id='word_1_162' title='bbox 3324 1562 3559 1627; x_wconf 67' lang='grc' dir='ltr'>ἐλπίδι,</span> <span class='ocrx_word' id='word_1_163' title='bbox 3597 1562 3740 1631; x_wconf 67' lang='grc' dir='ltr'>ἀγά-</span> 
     </span>
    </p>
   </div>
   <div class='ocr_carea' id='block_1_26' title="bbox 2241 1627 3684 1701">
    <p class='ocr_par' dir='ltr' id='par_1_26' title="bbox 2241 1627 3684 1701">
     <span class='ocr_line' id='line_1_26' title="bbox 2241 1627 3684 1701; baseline 0.006 -21"><span class='ocrx_word' id='word_1_164' title='bbox 2241 1642 2325 1696; x_wconf 77' lang='grc' dir='ltr'>πῃ</span> <span class='ocrx_word' id='word_1_165' title='bbox 2350 1669 2365 1692; x_wconf 89' lang='grc'><strong>,</strong></span> <span class='ocrx_word' id='word_1_166' title='bbox 2399 1627 2557 1697; x_wconf 77' lang='grc' dir='ltr'>τιμῇ,</span> <span class='ocrx_word' id='word_1_167' title='bbox 2606 1628 2836 1697; x_wconf 72' lang='grc' dir='ltr'>εἰρήνῃ.</span> <span class='ocrx_word' id='word_1_168' title='bbox 2880 1632 3276 1700; x_wconf 77' lang='grc' dir='ltr'>μακροθυμίᾳ,</span> <span class='ocrx_word' id='word_1_169' title='bbox 3305 1627 3684 1701; x_wconf 67' lang='grc' dir='ltr'>φιλομαθείᾲ.</span> 
     </span>
    </p>
   </div>
   <div class='ocr_carea' id='block_1_27' title="bbox 2239 1742 3738 1817">
    <p class='ocr_par' dir='ltr' id='par_1_27' title="bbox 2239 1742 3738 1817">
     <span class='ocr_line' id='line_1_27' title="bbox 2239 1742 3738 1817; baseline 0 -19"><span class='ocrx_word' id='word_1_170' title='bbox 2239 1742 2377 1811; x_wconf 77' lang='grc' dir='ltr'>Περὶ</span> <span class='ocrx_word' id='word_1_171' title='bbox 2404 1742 2471 1796; x_wconf 79' lang='grc' dir='ltr'>δὲ</span> <span class='ocrx_word' id='word_1_172' title='bbox 2496 1744 2612 1796; x_wconf 80' lang='grc' dir='ltr'><strong>τῶν</strong></span> <span class='ocrx_word' id='word_1_173' title='bbox 2653 1744 2885 1812; x_wconf 69' lang='grc' dir='ltr'>χρόνων</span> <span class='ocrx_word' id='word_1_174' title='bbox 2909 1744 3006 1799; x_wconf 78' lang='grc' dir='ltr'>καὶ</span> <span class='ocrx_word' id='word_1_175' title='bbox 3035 1744 3155 1799; x_wconf 82' lang='grc' dir='ltr'><strong>τῶν</strong></span> <span class='ocrx_word' id='word_1_176' title='bbox 3200 1746 3438 1814; x_wconf 78' lang='grc' dir='ltr'>καιρῶν,</span> <span class='ocrx_word' id='word_1_177' title='bbox 3462 1747 3738 1817; x_wconf 66' lang='grc' dir='ltr'>ἀδελφοί,</span> 
     </span>
    </p>
   </div>
   <div class='ocr_carea' id='block_1_28' title="bbox 502 1833 2080 1908">
    <p class='ocr_par' dir='ltr' id='par_1_28' title="bbox 502 1833 2064 1904">
     <span class='ocr_line' id='line_1_28' title="bbox 502 1833 2064 1904; baseline 0.003 -19"><span class='ocrx_word' id='word_1_178' title='bbox 502 1849 637 1895; x_wconf 73' lang='lat' dir='ltr'><strong>rum,</strong></span> <span class='ocrx_word' id='word_1_179' title='bbox 683 1833 901 1902; x_wconf 77' lang='lat' dir='ltr'><strong>fratres,</strong></span> <span class='ocrx_word' id='word_1_180' title='bbox 950 1850 1052 1887; x_wconf 75' lang='lat' dir='ltr'><strong>non</strong></span> <span class='ocrx_word' id='word_1_181' title='bbox 1094 1845 1170 1888; x_wconf 85' lang='lat' dir='ltr'><strong>est</strong></span> <span class='ocrx_word' id='word_1_182' title='bbox 1214 1851 1343 1903; x_wconf 83' lang='lat' dir='ltr'><strong>opus</strong></span> <span class='ocrx_word' id='word_1_183' title='bbox 1386 1844 1443 1887; x_wconf 86' lang='lat' dir='ltr'><strong>ut</strong></span> <span class='ocrx_word' id='word_1_184' title='bbox 1487 1835 1628 1890; x_wconf 74' lang='lat' dir='ltr'><strong>vobis</strong></span> <span class='ocrx_word' id='word_1_185' title='bbox 1668 1836 1913 1889; x_wconf 74' lang='lat' dir='ltr'><strong>scribam.</strong></span> <span class='ocrx_word' id='word_1_186' title='bbox 1949 1833 2064 1904; x_wconf 79' lang='lat' dir='ltr'><strong>Ipsi</strong></span> 
     </span>
    </p>
   </div>
   <div class='ocr_carea' id='block_1_29' title="bbox 2187 1833 3743 1908">
    <p class='ocr_par' dir='ltr' id='par_1_29' title="bbox 2187 1836 3743 1908">
     <span class='ocr_line' id='line_1_29' title="bbox 2187 1836 3743 1908; baseline 0 -20"><span class='ocrx_word' id='word_1_187' title='bbox 2187 1836 2243 1889; x_wconf 79' lang='grc' dir='ltr'><strong>&gt;ὺ</strong></span> <span class='ocrx_word' id='word_1_188' title='bbox 2272 1848 2479 1905; x_wconf 75' lang='grc' dir='ltr'>χρείαν</span> <span class='ocrx_word' id='word_1_189' title='bbox 2503 1836 2672 1906; x_wconf 80' lang='grc' dir='ltr'>ἔχετε</span> <span class='ocrx_word' id='word_1_190' title='bbox 2700 1836 2841 1906; x_wconf 82' lang='grc' dir='ltr'><strong>ὑμῖν</strong></span> <span class='ocrx_word' id='word_1_191' title='bbox 2861 1837 3205 1907; x_wconf 66' lang='grc' dir='ltr'>γράφεσθαι.</span> <span class='ocrx_word' id='word_1_192' title='bbox 3240 1840 3414 1894; x_wconf 79' lang='grc' dir='ltr'>Αὐτοὶ</span> <span class='ocrx_word' id='word_1_193' title='bbox 3443 1839 3552 1908; x_wconf 83' lang='grc' dir='ltr'><strong>τὰρ</strong></span> <span class='ocrx_word' id='word_1_194' title='bbox 3573 1840 3743 1907; x_wconf 73' lang='grc' dir='ltr'>ἀκρι-</span> 
     </span>
    </p>
   </div>
   <div class='ocr_carea' id='block_1_30' title="bbox 499 1904 2080 2000">
    <p class='ocr_par' dir='ltr' id='par_1_30' title="bbox 499 1925 2066 1997">
     <span class='ocr_line' id='line_1_30' title="bbox 499 1925 2066 1997; baseline 0.001 -18"><span class='ocrx_word' id='word_1_195' title='bbox 499 1926 635 1979; x_wconf 85' lang='lat' dir='ltr'><strong>enim</strong></span> <span class='ocrx_word' id='word_1_196' title='bbox 675 1926 829 1995; x_wconf 82' lang='lat' dir='ltr'><strong>plane</strong></span> <span class='ocrx_word' id='word_1_197' title='bbox 866 1926 1033 1988; x_wconf 79' lang='lat' dir='ltr'><strong>scitis,</strong></span> <span class='ocrx_word' id='word_1_198' title='bbox 1068 1925 1207 1997; x_wconf 82' lang='lat' dir='ltr'><strong>quod</strong></span> <span class='ocrx_word' id='word_1_199' title='bbox 1252 1926 1362 1980; x_wconf 81' lang='lat' dir='ltr'><strong>dies</strong></span> <span class='ocrx_word' id='word_1_200' title='bbox 1401 1926 1490 1980; x_wconf 85' lang='lat' dir='ltr'><strong>ille</strong></span> <span class='ocrx_word' id='word_1_201' title='bbox 1526 1925 1761 1992; x_wconf 86' lang='lat' dir='ltr'><strong>Domini,</strong></span> <span class='ocrx_word' id='word_1_202' title='bbox 1801 1935 1857 1981; x_wconf 87' lang='lat' dir='ltr'><strong>ut</strong></span> <span class='ocrx_word' id='word_1_203' title='bbox 1894 1927 1980 1997; x_wconf 81' lang='lat' dir='ltr'><strong>fur</strong></span> <span class='ocrx_word' id='word_1_204' title='bbox 2010 1927 2066 1981; x_wconf 80' lang='lat' dir='ltr'><strong>in</strong></span> 
     </span>
    </p>
   </div>
   <div class='ocr_carea' id='block_1_31' title="bbox 2187 1904 3741 2000">
    <p class='ocr_par' dir='ltr' id='par_1_31' title="bbox 2187 1904 3741 2000">
     <span class='ocr_line' id='line_1_31' title="bbox 2187 1904 3741 2000; baseline -0.002 -17"><span class='ocrx_word' id='word_1_205' title='bbox 2187 1904 2284 1996; x_wconf 59' lang='lat'><strong>36¢</strong></span> <span class='ocrx_word' id='word_1_206' title='bbox 2317 1904 2661 1995; x_wconf 37' lang='lat' dir='ltr'><strong>alcidem—6::</strong></span> <span class='ocrx_word' id='word_1_207' title='bbox 2694 1904 2945 2000; x_wconf 21' lang='lat' dir='ltr'><strong>rjvrjyé&#39;pa</strong></span> <span class='ocrx_word' id='word_1_208' title='bbox 2972 1904 3218 1998; x_wconf 58' lang='grc' dir='ltr'>Κυρίου,</span> <span class='ocrx_word' id='word_1_209' title='bbox 3250 1931 3327 1997; x_wconf 77' lang='grc' dir='ltr'>ὡς</span> <span class='ocrx_word' id='word_1_210' title='bbox 3369 1904 3741 1994; x_wconf 24' lang='grc' dir='ltr'>κλεπτης-*ἐν</span> 
     </span>
    </p>
   </div>
   <div class='ocr_carea' id='block_1_32' title="bbox 501 2015 2066 2079">
    <p class='ocr_par' dir='ltr' id='par_1_32' title="bbox 501 2015 2066 2079">
     <span class='ocr_line' id='line_1_32' title="bbox 501 2015 2066 2079; baseline 0.001 -8"><span class='ocrx_word' id='word_1_211' title='bbox 501 2027 669 2079; x_wconf 85' lang='lat' dir='ltr'><strong>nocte,</strong></span> <span class='ocrx_word' id='word_1_212' title='bbox 706 2018 784 2072; x_wconf 85' lang='lat' dir='ltr'><strong>ita</strong></span> <span class='ocrx_word' id='word_1_213' title='bbox 814 2027 1059 2072; x_wconf 84' lang='lat' dir='ltr'><strong>venturus</strong></span> <span class='ocrx_word' id='word_1_214' title='bbox 1094 2019 1183 2071; x_wconf 84' lang='lat' dir='ltr'><strong>sit.</strong></span> <span class='ocrx_word' id='word_1_215' title='bbox 1220 2017 1354 2072; x_wconf 85' lang='lat' dir='ltr'><strong>Cum</strong></span> <span class='ocrx_word' id='word_1_216' title='bbox 1386 2020 1524 2072; x_wconf 87' lang='lat' dir='ltr'><strong>enim</strong></span> <span class='ocrx_word' id='word_1_217' title='bbox 1548 2018 1785 2073; x_wconf 80' lang='lat' dir='ltr'><strong>dixerint</strong></span> <span class='ocrx_word' id='word_1_218' title='bbox 1817 2035 1836 2074; x_wconf 89' lang='lat'><strong><em>:</em></strong></span> <span class='ocrx_word' id='word_1_219' title='bbox 1872 2015 1993 2072; x_wconf 72' lang='lat' dir='ltr'><strong>Pax</strong></span> <span class='ocrx_word' id='word_1_220' title='bbox 2017 2027 2066 2073; x_wconf 88' lang='lat' dir='ltr'><strong>et</strong></span> 
     </span>
    </p>
   </div>
   <div class='ocr_carea' id='block_1_33' title="bbox 504 2108 2065 2177">
    <p class='ocr_par' dir='ltr' id='par_1_33' title="bbox 504 2108 2065 2177">
     <span class='ocr_line' id='line_1_33' title="bbox 504 2108 2065 2177; baseline 0.003 -17"><span class='ocrx_word' id='word_1_221' title='bbox 504 2118 616 2161; x_wconf 85' lang='lat' dir='ltr'><strong>tuta</strong></span> <span class='ocrx_word' id='word_1_222' title='bbox 657 2108 856 2171; x_wconf 88' lang='lat' dir='ltr'><strong>omnia,</strong></span> <span class='ocrx_word' id='word_1_223' title='bbox 901 2116 1021 2160; x_wconf 86' lang='lat' dir='ltr'><strong>tunc</strong></span> <span class='ocrx_word' id='word_1_224' title='bbox 1059 2109 1358 2177; x_wconf 84' lang='lat' dir='ltr'><strong>repentinus</strong></span> <span class='ocrx_word' id='word_1_225' title='bbox 1402 2108 1477 2162; x_wconf 86' lang='lat' dir='ltr'><strong>eis</strong></span> <span class='ocrx_word' id='word_1_226' title='bbox 1519 2108 1756 2163; x_wconf 84' lang='lat' dir='ltr'><strong>imminet</strong></span> <span class='ocrx_word' id='word_1_227' title='bbox 1798 2110 2065 2174; x_wconf 78' lang='lat' dir='ltr'><strong>interitus,</strong></span> 
     </span>
    </p>
   </div>
   <div class='ocr_carea' id='block_1_34' title="bbox 501 2200 2065 2271">
    <p class='ocr_par' dir='ltr' id='par_1_34' title="bbox 501 2200 2065 2271">
     <span class='ocr_line' id='line_1_34' title="bbox 501 2200 2065 2271; baseline 0.001 -16"><span class='ocrx_word' id='word_1_228' title='bbox 501 2202 656 2255; x_wconf 77' lang='lat' dir='ltr'><strong>sicuti</strong></span> <span class='ocrx_word' id='word_1_229' title='bbox 689 2200 841 2255; x_wconf 80' lang='lat' dir='ltr'><strong>dolor</strong></span> <span class='ocrx_word' id='word_1_230' title='bbox 868 2208 1054 2265; x_wconf 82' lang='lat' dir='ltr'><strong>partus</strong></span> <span class='ocrx_word' id='word_1_231' title='bbox 1089 2201 1301 2254; x_wconf 79' lang='lat' dir='ltr'><strong>mulieri</strong></span> <span class='ocrx_word' id='word_1_232' title='bbox 1327 2203 1645 2270; x_wconf 67' lang='lat' dir='ltr'><strong>pra&#39;gnanti,</strong></span> <span class='ocrx_word' id='word_1_233' title='bbox 1672 2216 1762 2254; x_wconf 84' lang='lat' dir='ltr'><strong>nec</strong></span> <span class='ocrx_word' id='word_1_234' title='bbox 1794 2200 2065 2271; x_wconf 68' lang='lat' dir='ltr'><strong>effugient.</strong></span> 
     </span>
    </p>
   </div>
   <div class='ocr_carea' id='block_1_35' title="bbox 577 2370 2069 2442">
    <p class='ocr_par' dir='ltr' id='par_1_35' title="bbox 577 2370 2069 2442">
     <span class='ocr_line' id='line_1_35' title="bbox 577 2370 2069 2442; baseline 0.001 -15"><span class='ocrx_word' id='word_1_235' title='bbox 577 2391 597 2427; x_wconf 86' lang='grc' dir='ltr'><strong>ι</strong></span> <span class='ocrx_word' id='word_1_236' title='bbox 629 2371 747 2429; x_wconf 86' lang='lat' dir='ltr'><strong>Non</strong></span> <span class='ocrx_word' id='word_1_237' title='bbox 784 2379 869 2428; x_wconf 88' lang='lat' dir='ltr'><strong>est</strong></span> <span class='ocrx_word' id='word_1_238' title='bbox 900 2372 1056 2427; x_wconf 81' lang='lat' dir='ltr'><strong>vobis</strong></span> <span class='ocrx_word' id='word_1_239' title='bbox 1087 2386 1250 2441; x_wconf 89' lang='lat' dir='ltr'><strong>opus.</strong></span> <span class='ocrx_word' id='word_1_240' title='bbox 1283 2390 1300 2424; x_wconf 78' lang='grc' dir='ltr'><strong>ι</strong></span> <span class='ocrx_word' id='word_1_241' title='bbox 1332 2370 1616 2442; x_wconf 80' lang='lat' dir='ltr'><strong>Tanquam</strong></span> <span class='ocrx_word' id='word_1_242' title='bbox 1646 2371 1852 2427; x_wconf 89' lang='lat' dir='ltr'><strong>nullam</strong></span> <span class='ocrx_word' id='word_1_243' title='bbox 1887 2372 2069 2430; x_wconf 80' lang='lat' dir='ltr'><strong>adfer-</strong></span> 
     </span>
    </p>
   </div>
   <div class='ocr_carea' id='block_1_36' title="bbox 502 2462 2066 2535">
    <p class='ocr_par' dir='ltr' id='par_1_36' title="bbox 502 2462 2066 2535">
     <span class='ocr_line' id='line_1_36' title="bbox 502 2462 2066 2535; baseline 0.001 -14"><span class='ocrx_word' id='word_1_244' title='bbox 502 2475 585 2522; x_wconf 87' lang='lat' dir='ltr'><strong>ret</strong></span> <span class='ocrx_word' id='word_1_245' title='bbox 616 2466 931 2521; x_wconf 81' lang='lat' dir='ltr'><strong>utilitatem.</strong></span> <span class='ocrx_word' id='word_1_246' title='bbox 972 2462 1227 2521; x_wconf 79' lang='lat' dir='ltr'><strong>Fortasse</strong></span> <span class='ocrx_word' id='word_1_247' title='bbox 1257 2472 1435 2519; x_wconf 88' lang='lat' dir='ltr'><strong>autem</strong></span> <span class='ocrx_word' id='word_1_248' title='bbox 1483 2464 1534 2518; x_wconf 88' lang='lat' dir='ltr'><strong>id</strong></span> <span class='ocrx_word' id='word_1_249' title='bbox 1581 2473 1809 2520; x_wconf 84' lang='lat' dir='ltr'><strong>noverat</strong></span> <span class='ocrx_word' id='word_1_250' title='bbox 1843 2464 2066 2535; x_wconf 88' lang='lat' dir='ltr'><strong>Paulus,</strong></span> 
     </span>
    </p>
   </div>
   <div class='ocr_carea' id='block_1_37' title="bbox 502 2552 2071 2624">
    <p class='ocr_par' dir='ltr' id='par_1_37' title="bbox 502 2552 2071 2624">
     <span class='ocr_line' id='line_1_37' title="bbox 502 2552 2071 2624; baseline 0 -13"><span class='ocrx_word' id='word_1_251' title='bbox 502 2559 647 2612; x_wconf 90' lang='lat' dir='ltr'><strong>inter</strong></span> <span class='ocrx_word' id='word_1_252' title='bbox 670 2570 870 2611; x_wconf 88' lang='lat' dir='ltr'><strong>arcana</strong></span> <span class='ocrx_word' id='word_1_253' title='bbox 898 2554 949 2608; x_wconf 84' lang='lat' dir='ltr'><strong>id</strong></span> <span class='ocrx_word' id='word_1_254' title='bbox 973 2555 1137 2609; x_wconf 90' lang='lat' dir='ltr'><strong>etiam</strong></span> <span class='ocrx_word' id='word_1_255' title='bbox 1164 2553 1445 2624; x_wconf 81' lang='lat' dir='ltr'><strong>cognitum</strong></span> <span class='ocrx_word' id='word_1_256' title='bbox 1469 2553 1701 2609; x_wconf 86' lang='lat' dir='ltr'><strong>habens.</strong></span> <span class='ocrx_word' id='word_1_257' title='bbox 1734 2573 1752 2607; x_wconf 82' lang='grc' dir='ltr'><strong>ι</strong></span> <span class='ocrx_word' id='word_1_258' title='bbox 1775 2552 1929 2621; x_wconf 86' lang='lat' dir='ltr'><strong>Quod</strong></span> <span class='ocrx_word' id='word_1_259' title='bbox 1954 2555 2071 2611; x_wconf 86' lang='lat' dir='ltr'><strong>dies</strong></span> 
     </span>
    </p>
   </div>
   <div class='ocr_carea' id='block_1_38' title="bbox 505 2644 2072 2703">
    <p class='ocr_par' dir='ltr' id='par_1_38' title="bbox 505 2644 2072 2703">
     <span class='ocr_line' id='line_1_38' title="bbox 505 2644 2072 2703; baseline -0.001 0"><span class='ocrx_word' id='word_1_260' title='bbox 505 2648 595 2703; x_wconf 90' lang='lat' dir='ltr'><strong>ille</strong></span> <span class='ocrx_word' id='word_1_261' title='bbox 624 2646 858 2702; x_wconf 84' lang='lat' dir='ltr'><strong>Domini.</strong></span> <span class='ocrx_word' id='word_1_262' title='bbox 890 2665 907 2697; x_wconf 78' lang='grc' dir='ltr'><strong>ι</strong></span> <span class='ocrx_word' id='word_1_263' title='bbox 943 2645 1056 2700; x_wconf 85' lang='lat' dir='ltr'><strong>Hoc</strong></span> <span class='ocrx_word' id='word_1_264' title='bbox 1096 2652 1149 2700; x_wconf 90' lang='lat' dir='ltr'><strong>et</strong></span> <span class='ocrx_word' id='word_1_265' title='bbox 1191 2644 1258 2700; x_wconf 88' lang='lat' dir='ltr'><strong>de</strong></span> <span class='ocrx_word' id='word_1_266' title='bbox 1286 2646 1563 2700; x_wconf 91' lang='lat' dir='ltr'><strong>communi</strong></span> <span class='ocrx_word' id='word_1_267' title='bbox 1594 2646 2072 2701; x_wconf 85' lang='lat' dir='ltr'><strong>consummatione</strong></span> 
     </span>
    </p>
   </div>
   <div class='ocr_carea' id='block_1_39' title="bbox 504 2734 2072 2806">
    <p class='ocr_par' dir='ltr' id='par_1_39' title="bbox 504 2734 2072 2806">
     <span class='ocr_line' id='line_1_39' title="bbox 504 2734 2072 2806; baseline 0 -14"><span class='ocrx_word' id='word_1_268' title='bbox 504 2738 709 2792; x_wconf 88' lang='lat' dir='ltr'><strong>dictum</strong></span> <span class='ocrx_word' id='word_1_269' title='bbox 738 2748 818 2793; x_wconf 90' lang='lat' dir='ltr'><strong>est</strong></span> <span class='ocrx_word' id='word_1_270' title='bbox 842 2745 895 2792; x_wconf 88' lang='lat' dir='ltr'><strong>et</strong></span> <span class='ocrx_word' id='word_1_271' title='bbox 919 2735 984 2791; x_wconf 89' lang='lat' dir='ltr'><strong>de</strong></span> <span class='ocrx_word' id='word_1_272' title='bbox 1013 2736 1227 2806; x_wconf 89' lang='lat' dir='ltr'><strong>propria</strong></span> <span class='ocrx_word' id='word_1_273' title='bbox 1256 2736 1544 2806; x_wconf 87' lang='lat' dir='ltr'><strong>cujusque.</strong></span> <span class='ocrx_word' id='word_1_274' title='bbox 1575 2757 1592 2789; x_wconf 86' lang='grc' dir='ltr'><strong>ι</strong></span> <span class='ocrx_word' id='word_1_275' title='bbox 1622 2734 1692 2792; x_wconf 89' lang='lat' dir='ltr'><strong>Ut</strong></span> <span class='ocrx_word' id='word_1_276' title='bbox 1720 2735 1861 2791; x_wconf 63' lang='lat' dir='ltr'><strong>iur.»</strong></span> <span class='ocrx_word' id='word_1_277' title='bbox 1891 2735 2072 2803; x_wconf 83' lang='lat' dir='ltr'><strong>Quare</strong></span> 
     </span>
    </p>
   </div>
   <div class='ocr_carea' id='block_1_40' title="bbox 505 2829 2072 2901">
    <p class='ocr_par' dir='ltr' id='par_1_40' title="bbox 505 2829 2072 2901">
     <span class='ocr_line' id='line_1_40' title="bbox 505 2829 2072 2901; baseline -0.002 -14"><span class='ocrx_word' id='word_1_278' title='bbox 505 2840 567 2887; x_wconf 85' lang='lat' dir='ltr'><strong>ut</strong></span> <span class='ocrx_word' id='word_1_279' title='bbox 597 2829 719 2885; x_wconf 83' lang='lat' dir='ltr'><strong>fur?</strong></span> <span class='ocrx_word' id='word_1_280' title='bbox 741 2829 880 2897; x_wconf 86' lang='lat' dir='ltr'><strong>Quia</strong></span> <span class='ocrx_word' id='word_1_281' title='bbox 912 2847 1005 2900; x_wconf 86' lang='lat' dir='ltr'><strong>per</strong></span> <span class='ocrx_word' id='word_1_282' title='bbox 1032 2831 1135 2885; x_wconf 90' lang='lat' dir='ltr'><strong>hoc</strong></span> <span class='ocrx_word' id='word_1_283' title='bbox 1165 2829 1418 2901; x_wconf 74' lang='lat' dir='ltr'><strong>designat</strong></span> <span class='ocrx_word' id='word_1_284' title='bbox 1446 2829 1590 2899; x_wconf 90' lang='lat' dir='ltr'><strong>quod</strong></span> <span class='ocrx_word' id='word_1_285' title='bbox 1616 2830 1867 2885; x_wconf 89' lang='lat' dir='ltr'><strong>occultus</strong></span> <span class='ocrx_word' id='word_1_286' title='bbox 1902 2829 1973 2883; x_wconf 85' lang='lat' dir='ltr'><strong>sit</strong></span> <span class='ocrx_word' id='word_1_287' title='bbox 2007 2843 2072 2884; x_wconf 90' lang='lat' dir='ltr'><strong>ac</strong></span> 
     </span>
    </p>
   </div>
   <div class='ocr_carea' id='block_1_41' title="bbox 504 2920 2074 2993">
    <p class='ocr_par' dir='ltr' id='par_1_41' title="bbox 504 2920 2074 2993">
     <span class='ocr_line' id='line_1_41' title="bbox 504 2920 2074 2993; baseline -0.001 -16"><span class='ocrx_word' id='word_1_288' title='bbox 504 2924 846 2993; x_wconf 86' lang='lat' dir='ltr'><strong>repentinus.</strong></span> <span class='ocrx_word' id='word_1_289' title='bbox 876 2920 940 2975; x_wconf 75' lang='lat' dir='ltr'><strong>Et</strong></span> <span class='ocrx_word' id='word_1_290' title='bbox 966 2921 1200 2977; x_wconf 85' lang='lat' dir='ltr'><strong>dicimus</strong></span> <span class='ocrx_word' id='word_1_291' title='bbox 1225 2920 1369 2992; x_wconf 92' lang='lat' dir='ltr'><strong>quod</strong></span> <span class='ocrx_word' id='word_1_292' title='bbox 1398 2921 1500 2976; x_wconf 90' lang='lat' dir='ltr'><strong>hoc</strong></span> <span class='ocrx_word' id='word_1_293' title='bbox 1528 2921 1713 2977; x_wconf 88' lang='lat' dir='ltr'><strong>multis</strong></span> <span class='ocrx_word' id='word_1_294' title='bbox 1737 2920 1916 2976; x_wconf 91' lang='lat' dir='ltr'><strong>modis</strong></span> <span class='ocrx_word' id='word_1_295' title='bbox 1944 2920 2074 2975; x_wconf 87' lang='lat' dir='ltr'><strong>utile</strong></span> 
     </span>
    </p>
   </div>
   <div class='ocr_carea' id='block_1_42' title="bbox 506 3010 2072 3082">
    <p class='ocr_par' dir='ltr' id='par_1_42' title="bbox 506 3010 2072 3082">
     <span class='ocr_line' id='line_1_42' title="bbox 506 3010 2072 3082; baseline -0.004 -12"><span class='ocrx_word' id='word_1_296' title='bbox 506 3014 597 3070; x_wconf 85' lang='lat' dir='ltr'><strong>sit.</strong></span> <span class='ocrx_word' id='word_1_297' title='bbox 640 3011 880 3066; x_wconf 84' lang='lat' dir='ltr'><strong>Primum</strong></span> <span class='ocrx_word' id='word_1_298' title='bbox 912 3012 1152 3081; x_wconf 87' lang='lat' dir='ltr'><strong>quidem.</strong></span> <span class='ocrx_word' id='word_1_299' title='bbox 1198 3011 1333 3065; x_wconf 80' lang='lat' dir='ltr'><strong>Nam</strong></span> <span class='ocrx_word' id='word_1_300' title='bbox 1370 3010 1415 3065; x_wconf 91' lang='lat' dir='ltr'><strong>si</strong></span> <span class='ocrx_word' id='word_1_301' title='bbox 1446 3010 1570 3082; x_wconf 84' lang='lat' dir='ltr'><strong>quis</strong></span> <span class='ocrx_word' id='word_1_302' title='bbox 1599 3020 1932 3081; x_wconf 85' lang='lat' dir='ltr'><strong>postremum</strong></span> <span class='ocrx_word' id='word_1_303' title='bbox 1962 3010 2072 3066; x_wconf 81' lang='lat' dir='ltr'><strong>sci-</strong></span> 
     </span>
    </p>
   </div>
   <div class='ocr_carea' id='block_1_43' title="bbox 506 3103 2072 3169">
    <p class='ocr_par' dir='ltr' id='par_1_43' title="bbox 506 3103 2072 3169">
     <span class='ocr_line' id='line_1_43' title="bbox 506 3103 2072 3169; baseline -0.002 -10"><span class='ocrx_word' id='word_1_304' title='bbox 506 3113 591 3159; x_wconf 85' lang='lat' dir='ltr'><strong>ret</strong></span> <span class='ocrx_word' id='word_1_305' title='bbox 610 3104 776 3169; x_wconf 89' lang='lat' dir='ltr'><strong>diem,</strong></span> <span class='ocrx_word' id='word_1_306' title='bbox 798 3104 946 3158; x_wconf 86' lang='lat' dir='ltr'><strong>nulla</strong></span> <span class='ocrx_word' id='word_1_307' title='bbox 972 3104 1050 3158; x_wconf 84' lang='lat' dir='ltr'><strong>illi</strong></span> <span class='ocrx_word' id='word_1_308' title='bbox 1080 3103 1299 3158; x_wconf 81' lang='lat' dir='ltr'><strong>virtutis</strong></span> <span class='ocrx_word' id='word_1_309' title='bbox 1323 3118 1455 3158; x_wconf 88' lang='lat' dir='ltr'><strong>cura</strong></span> <span class='ocrx_word' id='word_1_310' title='bbox 1479 3110 1643 3167; x_wconf 83' lang='lat' dir='ltr'><strong>esset,</strong></span> <span class='ocrx_word' id='word_1_311' title='bbox 1670 3103 1761 3158; x_wconf 88' lang='lat' dir='ltr'><strong>sed</strong></span> <span class='ocrx_word' id='word_1_312' title='bbox 1786 3103 2072 3157; x_wconf 88' lang='lat' dir='ltr'><strong>innumera</strong></span> 
     </span>
    </p>
   </div>
   <div class='ocr_carea' id='block_1_44' title="bbox 508 3193 2145 3296">
    <p class='ocr_par' dir='ltr' id='par_1_44' title="bbox 508 3193 2145 3296">
     <span class='ocr_line' id='line_1_44' title="bbox 508 3193 2145 3296; baseline -0.004 -43"><span class='ocrx_word' id='word_1_313' title='bbox 508 3195 873 3268; x_wconf 84' lang='lat' dir='ltr'><strong>perpetrando</strong></span> <span class='ocrx_word' id='word_1_314' title='bbox 916 3196 1056 3251; x_wconf 90' lang='lat' dir='ltr'><strong>mala</strong></span> <span class='ocrx_word' id='word_1_315' title='bbox 1101 3204 1346 3251; x_wconf 77' lang='lat' dir='ltr'><strong>extremo</strong></span> <span class='ocrx_word' id='word_1_316' title='bbox 1385 3195 1582 3265; x_wconf 88' lang='lat' dir='ltr'><strong>spiritu</strong></span> <span class='ocrx_word' id='word_1_317' title='bbox 1626 3193 1694 3249; x_wconf 87' lang='lat' dir='ltr'><strong>ad</strong></span> <span class='ocrx_word' id='word_1_318' title='bbox 1738 3194 2070 3263; x_wconf 89' lang='lat' dir='ltr'><strong>baptismum</strong></span> <span class='ocrx_word' id='word_1_319' title='bbox 2100 3236 2145 3296; x_wconf 63' lang='grc' dir='ltr'>ο</span> 
     </span>
    </p>
   </div>
   <div class='ocr_carea' id='block_1_45' title="bbox 510 3286 2080 3356">
    <p class='ocr_par' dir='ltr' id='par_1_45' title="bbox 510 3286 2080 3356">
     <span class='ocr_line' id='line_1_45' title="bbox 510 3286 2080 3356; baseline -0.002 -14"><span class='ocrx_word' id='word_1_320' title='bbox 510 3289 817 3344; x_wconf 87' lang='lat' dir='ltr'><strong>accederet.</strong></span> <span class='ocrx_word' id='word_1_321' title='bbox 845 3286 1121 3351; x_wconf 89' lang='lat' dir='ltr'><strong>Secundo,</strong></span> <span class='ocrx_word' id='word_1_322' title='bbox 1148 3288 1274 3356; x_wconf 83' lang='lat' dir='ltr'><strong>quia</strong></span> <span class='ocrx_word' id='word_1_323' title='bbox 1302 3286 1468 3340; x_wconf 88' lang='lat' dir='ltr'><strong>multa</strong></span> <span class='ocrx_word' id='word_1_324' title='bbox 1500 3294 1727 3356; x_wconf 88' lang='lat' dir='ltr'><strong>peccata</strong></span> <span class='ocrx_word' id='word_1_325' title='bbox 1755 3292 1903 3340; x_wconf 87' lang='lat' dir='ltr'><strong>metu</strong></span> <span class='ocrx_word' id='word_1_326' title='bbox 1934 3299 2080 3339; x_wconf 85' lang='lat' dir='ltr'><strong>mor-</strong></span> 
     </span>
    </p>
   </div>
   <div class='ocr_carea' id='block_1_46' title="bbox 509 3375 2078 3449">
    <p class='ocr_par' dir='ltr' id='par_1_46' title="bbox 509 3375 2078 3449">
     <span class='ocr_line' id='line_1_46' title="bbox 509 3375 2078 3449; baseline -0.004 -13"><span class='ocrx_word' id='word_1_327' title='bbox 509 3381 583 3437; x_wconf 87' lang='lat' dir='ltr'><strong>tis</strong></span> <span class='ocrx_word' id='word_1_328' title='bbox 606 3387 992 3449; x_wconf 87' lang='lat' dir='ltr'><strong>amputantur:</strong></span> <span class='ocrx_word' id='word_1_329' title='bbox 1026 3378 1170 3448; x_wconf 92' lang='lat' dir='ltr'><strong>quod</strong></span> <span class='ocrx_word' id='word_1_330' title='bbox 1200 3379 1244 3433; x_wconf 88' lang='lat' dir='ltr'><strong>si</strong></span> <span class='ocrx_word' id='word_1_331' title='bbox 1277 3376 1626 3434; x_wconf 78' lang='lat' dir='ltr'><strong>manifestum</strong></span> <span class='ocrx_word' id='word_1_332' title='bbox 1653 3385 1801 3431; x_wconf 90' lang='lat' dir='ltr'><strong>esset</strong></span> <span class='ocrx_word' id='word_1_333' title='bbox 1830 3375 1991 3430; x_wconf 88' lang='lat' dir='ltr'><strong>alicui</strong></span> <span class='ocrx_word' id='word_1_334' title='bbox 2019 3390 2078 3431; x_wconf 90' lang='lat' dir='ltr'><strong>se</strong></span> 
     </span>
    </p>
   </div>
   <div class='ocr_carea' id='block_1_47' title="bbox 512 3465 2078 3541">
    <p class='ocr_par' dir='ltr' id='par_1_47' title="bbox 512 3465 2078 3541">
     <span class='ocr_line' id='line_1_47' title="bbox 512 3465 2078 3541; baseline -0.003 -14"><span class='ocrx_word' id='word_1_335' title='bbox 512 3473 579 3527; x_wconf 83' lang='lat' dir='ltr'><strong>ad</strong></span> <span class='ocrx_word' id='word_1_336' title='bbox 609 3482 818 3527; x_wconf 82' lang='lat' dir='ltr'><strong>certum</strong></span> <span class='ocrx_word' id='word_1_337' title='bbox 847 3482 1061 3541; x_wconf 85' lang='lat' dir='ltr'><strong>tempus</strong></span> <span class='ocrx_word' id='word_1_338' title='bbox 1086 3487 1193 3526; x_wconf 91' lang='lat' dir='ltr'><strong>non</strong></span> <span class='ocrx_word' id='word_1_339' title='bbox 1219 3471 1569 3537; x_wconf 89' lang='lat' dir='ltr'><strong>moriturum,</strong></span> <span class='ocrx_word' id='word_1_340' title='bbox 1599 3469 1782 3524; x_wconf 89' lang='lat' dir='ltr'><strong>omnia</strong></span> <span class='ocrx_word' id='word_1_341' title='bbox 1811 3465 2078 3537; x_wconf 87' lang='lat' dir='ltr'><strong>intrepide</strong></span> 
     </span>
    </p>
   </div>
   <div class='ocr_carea' id='block_1_48' title="bbox 514 3557 2078 3631">
    <p class='ocr_par' dir='ltr' id='par_1_48' title="bbox 514 3557 2078 3631">
     <span class='ocr_line' id='line_1_48' title="bbox 514 3557 2078 3631; baseline -0.005 -14"><span class='ocrx_word' id='word_1_342' title='bbox 514 3561 895 3617; x_wconf 84' lang='lat' dir='ltr'><strong>committeret.</strong></span> <span class='ocrx_word' id='word_1_343' title='bbox 941 3560 1098 3630; x_wconf 74' lang='lat'><strong>177</strong></span> <span class='ocrx_word' id='word_1_344' title='bbox 1129 3559 1314 3614; x_wconf 88' lang='lat' dir='ltr'><strong>Tertio</strong></span> <span class='ocrx_word' id='word_1_345' title='bbox 1345 3560 1472 3631; x_wconf 88' lang='lat' dir='ltr'><strong>quia</strong></span> <span class='ocrx_word' id='word_1_346' title='bbox 1506 3558 1552 3613; x_wconf 87' lang='lat' dir='ltr'><strong>si</strong></span> <span class='ocrx_word' id='word_1_347' title='bbox 1588 3557 1756 3613; x_wconf 86' lang='lat' dir='ltr'><strong>sciret</strong></span> <span class='ocrx_word' id='word_1_348' title='bbox 1788 3557 2078 3626; x_wconf 88' lang='lat' dir='ltr'><strong>quisquam</strong></span> 
     </span>
    </p>
   </div>
   <div class='ocr_carea' id='block_1_49' title="bbox 515 3648 2080 3722">
    <p class='ocr_par' dir='ltr' id='par_1_49' title="bbox 515 3648 2080 3722">
     <span class='ocr_line' id='line_1_49' title="bbox 515 3648 2080 3722; baseline -0.003 -18"><span class='ocrx_word' id='word_1_349' title='bbox 515 3653 660 3722; x_wconf 89' lang='lat' dir='ltr'><strong>quod</strong></span> <span class='ocrx_word' id='word_1_350' title='bbox 690 3654 912 3706; x_wconf 85' lang='lat' dir='ltr'><strong>omnino</strong></span> <span class='ocrx_word' id='word_1_351' title='bbox 939 3655 1029 3707; x_wconf 88' lang='lat' dir='ltr'><strong>tali</strong></span> <span class='ocrx_word' id='word_1_352' title='bbox 1060 3661 1306 3722; x_wconf 89' lang='lat' dir='ltr'><strong>tempore</strong></span> <span class='ocrx_word' id='word_1_353' title='bbox 1336 3652 1634 3706; x_wconf 88' lang='lat' dir='ltr'><strong>moriturus</strong></span> <span class='ocrx_word' id='word_1_354' title='bbox 1668 3656 1833 3715; x_wconf 86' lang='lat' dir='ltr'><strong>esset,</strong></span> <span class='ocrx_word' id='word_1_355' title='bbox 1861 3648 1917 3701; x_wconf 91' lang='lat' dir='ltr'><strong>in</strong></span> <span class='ocrx_word' id='word_1_356' title='bbox 1948 3661 2080 3703; x_wconf 87' lang='lat' dir='ltr'><strong>con-</strong></span> 
     </span>
    </p>
   </div>
   <div class='ocr_carea' id='block_1_50' title="bbox 519 3739 2081 3799">
    <p class='ocr_par' dir='ltr' id='par_1_50' title="bbox 519 3739 2081 3799">
     <span class='ocr_line' id='line_1_50' title="bbox 519 3739 2081 3799; baseline -0.004 -2"><span class='ocrx_word' id='word_1_357' title='bbox 519 3743 672 3797; x_wconf 90' lang='lat' dir='ltr'><strong>tinua</strong></span> <span class='ocrx_word' id='word_1_358' title='bbox 706 3743 911 3799; x_wconf 78' lang='lat' dir='ltr'><strong>viveret</strong></span> <span class='ocrx_word' id='word_1_359' title='bbox 935 3744 1100 3798; x_wconf 89' lang='lat' dir='ltr'><strong>animi</strong></span> <span class='ocrx_word' id='word_1_360' title='bbox 1133 3744 1353 3799; x_wconf 87' lang='lat' dir='ltr'><strong>tristitia</strong></span> <span class='ocrx_word' id='word_1_361' title='bbox 1377 3760 1391 3799; x_wconf 89' lang='lat'><strong>:</strong></span> <span class='ocrx_word' id='word_1_362' title='bbox 1419 3758 1562 3797; x_wconf 91' lang='lat' dir='ltr'><strong>nunc</strong></span> <span class='ocrx_word' id='word_1_363' title='bbox 1590 3749 1768 3794; x_wconf 90' lang='lat' dir='ltr'><strong>autem</strong></span> <span class='ocrx_word' id='word_1_364' title='bbox 1798 3740 1868 3794; x_wconf 84' lang='lat' dir='ltr'><strong>ob</strong></span> <span class='ocrx_word' id='word_1_365' title='bbox 1901 3739 2081 3794; x_wconf 90' lang='lat' dir='ltr'><strong>incer-</strong></span> 
     </span>
    </p>
   </div>
   <div class='ocr_carea' id='block_1_51' title="bbox 515 3827 2079 3902">
    <p class='ocr_par' dir='ltr' id='par_1_51' title="bbox 515 3827 2079 3902">
     <span class='ocr_line' id='line_1_51' title="bbox 515 3827 2079 3902; baseline -0.007 -10"><span class='ocrx_word' id='word_1_366' title='bbox 515 3837 832 3900; x_wconf 88' lang='lat' dir='ltr'><strong>titudiuem,</strong></span> <span class='ocrx_word' id='word_1_367' title='bbox 851 3836 1106 3891; x_wconf 91' lang='lat' dir='ltr'><strong>continue</strong></span> <span class='ocrx_word' id='word_1_368' title='bbox 1141 3835 1195 3888; x_wconf 92' lang='lat' dir='ltr'><strong>in</strong></span> <span class='ocrx_word' id='word_1_369' title='bbox 1224 3835 1367 3889; x_wconf 90' lang='lat' dir='ltr'><strong>bona</strong></span> <span class='ocrx_word' id='word_1_370' title='bbox 1396 3848 1491 3902; x_wconf 90' lang='lat' dir='ltr'><strong>spe</strong></span> <span class='ocrx_word' id='word_1_371' title='bbox 1518 3833 1814 3887; x_wconf 88' lang='lat' dir='ltr'><strong>nutrimur.</strong></span> <span class='ocrx_word' id='word_1_372' title='bbox 1851 3827 2079 3897; x_wconf 86' lang='lat' dir='ltr'><strong>Quarto,</strong></span> 
     </span>
    </p>
   </div>
   <div class='ocr_carea' id='block_1_52' title="bbox 517 3920 2082 4001">
    <p class='ocr_par' dir='ltr' id='par_1_52' title="bbox 517 3920 2082 4001">
     <span class='ocr_line' id='line_1_52' title="bbox 517 3920 2082 4001; baseline -0.006 -16"><span class='ocrx_word' id='word_1_373' title='bbox 517 3931 645 4001; x_wconf 88' lang='lat' dir='ltr'><strong>quia</strong></span> <span class='ocrx_word' id='word_1_374' title='bbox 684 3944 858 3998; x_wconf 91' lang='lat' dir='ltr'><strong>neque</strong></span> <span class='ocrx_word' id='word_1_375' title='bbox 894 3929 962 3983; x_wconf 93' lang='lat' dir='ltr'><strong>ob</strong></span> <span class='ocrx_word' id='word_1_376' title='bbox 997 3928 1048 3982; x_wconf 92' lang='lat' dir='ltr'><strong>id</strong></span> <span class='ocrx_word' id='word_1_377' title='bbox 1084 3928 1258 3982; x_wconf 88' lang='lat' dir='ltr'><strong>sancti</strong></span> <span class='ocrx_word' id='word_1_378' title='bbox 1300 3925 1583 3997; x_wconf 57' lang='lat' dir='ltr'><strong>praemium</strong></span> <span class='ocrx_word' id='word_1_379' title='bbox 1620 3923 1905 3987; x_wconf 90' lang='lat' dir='ltr'><strong>haberent,</strong></span> <span class='ocrx_word' id='word_1_380' title='bbox 1938 3920 2082 3990; x_wconf 89' lang='lat' dir='ltr'><strong>quod</strong></span> 
     </span>
    </p>
   </div>
   <div class='ocr_carea' id='block_1_53' title="bbox 519 4012 2083 4090">
    <p class='ocr_par' dir='ltr' id='par_1_53' title="bbox 519 4012 2083 4090">
     <span class='ocr_line' id='line_1_53' title="bbox 519 4012 2083 4090; baseline -0.006 -14"><span class='ocrx_word' id='word_1_381' title='bbox 519 4022 846 4090; x_wconf 87' lang='lat' dir='ltr'><strong>semetipsos</strong></span> <span class='ocrx_word' id='word_1_382' title='bbox 871 4020 921 4073; x_wconf 90' lang='lat' dir='ltr'><strong>in</strong></span> <span class='ocrx_word' id='word_1_383' title='bbox 952 4019 1158 4074; x_wconf 84' lang='lat' dir='ltr'><strong>incerta</strong></span> <span class='ocrx_word' id='word_1_384' title='bbox 1188 4017 1528 4089; x_wconf 66' lang='lat' dir='ltr'><strong>praecipitent</strong></span> <span class='ocrx_word' id='word_1_385' title='bbox 1556 4013 1819 4084; x_wconf 89' lang='lat' dir='ltr'><strong>pericula.</strong></span> <span class='ocrx_word' id='word_1_386' title='bbox 1848 4012 1907 4068; x_wconf 89' lang='lat' dir='ltr'><strong>Si</strong></span> <span class='ocrx_word' id='word_1_387' title='bbox 1938 4012 2083 4067; x_wconf 88' lang='lat' dir='ltr'><strong>enim</strong></span> 
     </span>
    </p>
   </div>
   <div class='ocr_carea' id='block_1_54' title="bbox 520 4108 2085 4179">
    <p class='ocr_par' dir='ltr' id='par_1_54' title="bbox 520 4108 2085 4179">
     <span class='ocr_line' id='line_1_54' title="bbox 520 4108 2085 4179; baseline -0.006 -12"><span class='ocrx_word' id='word_1_388' title='bbox 520 4112 873 4169; x_wconf 80' lang='lat' dir='ltr'><strong>manifestum</strong></span> <span class='ocrx_word' id='word_1_389' title='bbox 913 4118 1060 4166; x_wconf 88' lang='lat' dir='ltr'><strong>esset</strong></span> <span class='ocrx_word' id='word_1_390' title='bbox 1097 4108 1240 4179; x_wconf 92' lang='lat' dir='ltr'><strong>quod</strong></span> <span class='ocrx_word' id='word_1_391' title='bbox 1280 4117 1404 4179; x_wconf 89' lang='lat' dir='ltr'><strong>post</strong></span> <span class='ocrx_word' id='word_1_392' title='bbox 1453 4116 1567 4163; x_wconf 89' lang='lat' dir='ltr'><strong>tres</strong></span> <span class='ocrx_word' id='word_1_393' title='bbox 1605 4121 1780 4161; x_wconf 89' lang='lat' dir='ltr'><strong>annos</strong></span> <span class='ocrx_word' id='word_1_394' title='bbox 1824 4118 2085 4160; x_wconf 82' lang='lat' dir='ltr'><strong>consum-</strong></span> 
     </span>
    </p>
   </div>
   <div class='ocr_carea' id='block_1_55' title="bbox 519 4196 2086 4268">
    <p class='ocr_par' dir='ltr' id='par_1_55' title="bbox 519 4196 2086 4268">
     <span class='ocr_line' id='line_1_55' title="bbox 519 4196 2086 4268; baseline -0.004 -11"><span class='ocrx_word' id='word_1_395' title='bbox 519 4205 687 4259; x_wconf 84' lang='lat' dir='ltr'><strong>matio</strong></span> <span class='ocrx_word' id='word_1_396' title='bbox 721 4211 947 4257; x_wconf 84' lang='lat' dir='ltr'><strong>ventura</strong></span> <span class='ocrx_word' id='word_1_397' title='bbox 983 4208 1151 4265; x_wconf 87' lang='lat' dir='ltr'><strong>esset,</strong></span> <span class='ocrx_word' id='word_1_398' title='bbox 1178 4214 1280 4255; x_wconf 91' lang='lat' dir='ltr'><strong>nec</strong></span> <span class='ocrx_word' id='word_1_399' title='bbox 1313 4199 1421 4253; x_wconf 88' lang='lat' dir='ltr'><strong>alio</strong></span> <span class='ocrx_word' id='word_1_400' title='bbox 1456 4196 1620 4253; x_wconf 91' lang='lat' dir='ltr'><strong>modo</strong></span> <span class='ocrx_word' id='word_1_401' title='bbox 1655 4204 1861 4268; x_wconf 87' lang='lat' dir='ltr'><strong>posset,</strong></span> <span class='ocrx_word' id='word_1_402' title='bbox 1893 4210 2086 4251; x_wconf 89' lang='lat' dir='ltr'><strong>omnes</strong></span> 
     </span>
    </p>
   </div>
   <div class='ocr_carea' id='block_1_56' title="bbox 518 4286 2086 4363">
    <p class='ocr_par' dir='ltr' id='par_1_56' title="bbox 518 4286 2086 4363">
     <span class='ocr_line' id='line_1_56' title="bbox 518 4286 2086 4363; baseline -0.006 -12"><span class='ocrx_word' id='word_1_403' title='bbox 518 4309 652 4351; x_wconf 80' lang='lat' dir='ltr'><strong>sane</strong></span> <span class='ocrx_word' id='word_1_404' title='bbox 695 4293 935 4363; x_wconf 88' lang='lat' dir='ltr'><strong>pericula</strong></span> <span class='ocrx_word' id='word_1_405' title='bbox 982 4293 1348 4358; x_wconf 79' lang='lat' dir='ltr'><strong>despicerent,</strong></span> <span class='ocrx_word' id='word_1_406' title='bbox 1394 4289 1632 4343; x_wconf 90' lang='lat' dir='ltr'><strong>scientes</strong></span> <span class='ocrx_word' id='word_1_407' title='bbox 1677 4286 1823 4357; x_wconf 91' lang='lat' dir='ltr'><strong>quod</strong></span> <span class='ocrx_word' id='word_1_408' title='bbox 1868 4287 1935 4341; x_wconf 92' lang='lat' dir='ltr'><strong>ab</strong></span> <span class='ocrx_word' id='word_1_409' title='bbox 1976 4286 2086 4342; x_wconf 88' lang='lat' dir='ltr'><strong>illis</strong></span> 
     </span>
    </p>
   </div>
   <div class='ocr_carea' id='block_1_57' title="bbox 524 4378 2089 4449">
    <p class='ocr_par' dir='ltr' id='par_1_57' title="bbox 524 4378 2089 4449">
     <span class='ocr_line' id='line_1_57' title="bbox 524 4378 2089 4449; baseline -0.004 -10"><span class='ocrx_word' id='word_1_410' title='bbox 524 4386 660 4439; x_wconf 86' lang='lat' dir='ltr'><strong>nihil</strong></span> <span class='ocrx_word' id='word_1_411' title='bbox 692 4383 1007 4439; x_wconf 87' lang='lat' dir='ltr'><strong>nocumenti</strong></span> <span class='ocrx_word' id='word_1_412' title='bbox 1049 4390 1236 4438; x_wconf 86' lang='lat' dir='ltr'><strong>essent</strong></span> <span class='ocrx_word' id='word_1_413' title='bbox 1269 4379 1548 4449; x_wconf 88' lang='lat' dir='ltr'><strong>accepturi</strong></span> <span class='ocrx_word' id='word_1_414' title='bbox 1591 4395 1607 4433; x_wconf 89' lang='lat'><strong>:</strong></span> <span class='ocrx_word' id='word_1_415' title='bbox 1652 4378 1704 4433; x_wconf 89' lang='lat' dir='ltr'><strong>id</strong></span> <span class='ocrx_word' id='word_1_416' title='bbox 1751 4387 1930 4433; x_wconf 84' lang='lat' dir='ltr'><strong>autem</strong></span> <span class='ocrx_word' id='word_1_417' title='bbox 1966 4392 2089 4448; x_wconf 66' lang='lat' dir='ltr'><strong>quae</strong></span> 
     </span>
    </p>
   </div>
   <div class='ocr_carea' id='block_1_58' title="bbox 521 4470 2088 4542">
    <p class='ocr_par' dir='ltr' id='par_1_58' title="bbox 521 4470 2088 4542">
     <span class='ocr_line' id='line_1_58' title="bbox 521 4470 2088 4542; baseline -0.004 -13"><span class='ocrx_word' id='word_1_418' title='bbox 521 4479 694 4530; x_wconf 86' lang='lat' dir='ltr'><strong>virtus</strong></span> <span class='ocrx_word' id='word_1_419' title='bbox 725 4475 916 4530; x_wconf 85' lang='lat' dir='ltr'><strong>esset?</strong></span> <span class='ocrx_word' id='word_1_420' title='bbox 954 4473 1019 4528; x_wconf 90' lang='lat' dir='ltr'><strong>Et</strong></span> <span class='ocrx_word' id='word_1_421' title='bbox 1062 4475 1175 4527; x_wconf 67' lang='lat' dir='ltr'><strong>haec</strong></span> <span class='ocrx_word' id='word_1_422' title='bbox 1205 4470 1354 4526; x_wconf 89' lang='lat' dir='ltr'><strong>dicta</strong></span> <span class='ocrx_word' id='word_1_423' title='bbox 1390 4472 1517 4534; x_wconf 87' lang='lat' dir='ltr'><strong>sint,</strong></span> <span class='ocrx_word' id='word_1_424' title='bbox 1551 4485 1615 4525; x_wconf 90' lang='lat' dir='ltr'><strong>co</strong></span> <span class='ocrx_word' id='word_1_425' title='bbox 1648 4470 1792 4542; x_wconf 91' lang='lat' dir='ltr'><strong>quod</strong></span> <span class='ocrx_word' id='word_1_426' title='bbox 1822 4471 2088 4524; x_wconf 87' lang='lat' dir='ltr'><strong>uniuscu-</strong></span> 
     </span>
    </p>
   </div>
   <div class='ocr_carea' id='block_1_59' title="bbox 516 4563 1637 4638">
    <p class='ocr_par' dir='ltr' id='par_1_59' title="bbox 516 4563 1637 4638">
     <span class='ocr_line' id='line_1_59' title="bbox 516 4563 1637 4638; baseline -0.003 -17"><span class='ocrx_word' id='word_1_427' title='bbox 516 4568 715 4638; x_wconf 89' lang='lat' dir='ltr'><strong>jusque</strong></span> <span class='ocrx_word' id='word_1_428' title='bbox 742 4569 903 4621; x_wconf 89' lang='lat' dir='ltr'><strong>etiam</strong></span> <span class='ocrx_word' id='word_1_429' title='bbox 936 4567 1057 4621; x_wconf 81' lang='lat' dir='ltr'><strong>linis</strong></span> <span class='ocrx_word' id='word_1_430' title='bbox 1086 4566 1224 4620; x_wconf 89' lang='lat' dir='ltr'><strong>clam</strong></span> <span class='ocrx_word' id='word_1_431' title='bbox 1251 4574 1514 4619; x_wconf 82' lang='lat' dir='ltr'><strong>venturus</strong></span> <span class='ocrx_word' id='word_1_432' title='bbox 1545 4563 1637 4618; x_wconf 89' lang='lat' dir='ltr'><strong>sit.</strong></span> 
     </span>
    </p>
   </div>
   <div class='ocr_carea' id='block_1_60' title="bbox 597 4651 2088 4725">
    <p class='ocr_par' dir='ltr' id='par_1_60' title="bbox 597 4651 2088 4725">
     <span class='ocr_line' id='line_1_60' title="bbox 597 4651 2088 4725; baseline -0.001 -15"><span class='ocrx_word' id='word_1_433' title='bbox 597 4656 810 4712; x_wconf 77' lang='lat' dir='ltr'><strong>Dictum</strong></span> <span class='ocrx_word' id='word_1_434' title='bbox 855 4665 937 4712; x_wconf 88' lang='lat' dir='ltr'><strong>est</strong></span> <span class='ocrx_word' id='word_1_435' title='bbox 980 4658 1123 4712; x_wconf 88' lang='lat' dir='ltr'><strong>enim</strong></span> <span class='ocrx_word' id='word_1_436' title='bbox 1158 4653 1304 4725; x_wconf 89' lang='lat' dir='ltr'><strong>quod</strong></span> <span class='ocrx_word' id='word_1_437' title='bbox 1347 4653 1617 4709; x_wconf 88' lang='lat' dir='ltr'><strong>sententia</strong></span> <span class='ocrx_word' id='word_1_438' title='bbox 1657 4652 1749 4707; x_wconf 89' lang='lat' dir='ltr'><strong>illa</strong></span> <span class='ocrx_word' id='word_1_439' title='bbox 1785 4669 1797 4704; x_wconf 93' lang='lat'><strong>:</strong></span> <span class='ocrx_word' id='word_1_440' title='bbox 1832 4651 1958 4708; x_wconf 85' lang='lat' dir='ltr'><strong>Dies</strong></span> <span class='ocrx_word' id='word_1_441' title='bbox 1998 4652 2088 4708; x_wconf 90' lang='lat' dir='ltr'><strong>ille</strong></span> 
     </span>
    </p>
   </div>
   <div class='ocr_carea' id='block_1_61' title="bbox 524 4725 2089 4815">
    <p class='ocr_par' dir='ltr' id='par_1_61' title="bbox 524 4725 2089 4815">
     <span class='ocr_line' id='line_1_61' title="bbox 524 4725 2089 4815; baseline -0.004 -12"><span class='ocrx_word' id='word_1_442' title='bbox 524 4749 761 4815; x_wconf 82' lang='lat' dir='ltr'><strong>Domini,</strong></span> <span class='ocrx_word' id='word_1_443' title='bbox 798 4758 857 4804; x_wconf 92' lang='lat' dir='ltr'><strong>ut</strong></span> <span class='ocrx_word' id='word_1_444' title='bbox 894 4751 981 4802; x_wconf 80' lang='lat' dir='ltr'><strong>tur</strong></span> <span class='ocrx_word' id='word_1_445' title='bbox 1021 4748 1075 4803; x_wconf 92' lang='lat' dir='ltr'><strong>in</strong></span> <span class='ocrx_word' id='word_1_446' title='bbox 1116 4757 1277 4802; x_wconf 90' lang='lat' dir='ltr'><strong>nocte</strong></span> <span class='ocrx_word' id='word_1_447' title='bbox 1310 4748 1385 4802; x_wconf 87' lang='lat' dir='ltr'><strong>ita</strong></span> <span class='ocrx_word' id='word_1_448' title='bbox 1420 4754 1681 4800; x_wconf 84' lang='lat' dir='ltr'><strong>venturus</strong></span> <span class='ocrx_word' id='word_1_449' title='bbox 1714 4753 1817 4809; x_wconf 85' lang='lat' dir='ltr'><strong>est,</strong></span> <span class='ocrx_word' id='word_1_450' title='bbox 1849 4754 1905 4799; x_wconf 89' lang='lat' dir='ltr'><strong>et</strong></span> <span class='ocrx_word' id='word_1_451' title='bbox 1938 4725 2089 4799; x_wconf 76' lang='lat' dir='ltr'><strong>com-</strong></span> 
     </span>
    </p>
   </div>
   <div class='ocr_carea' id='block_1_62' title="bbox 528 4833 2088 4906">
    <p class='ocr_par' dir='ltr' id='par_1_62' title="bbox 528 4833 2088 4906">
     <span class='ocr_line' id='line_1_62' title="bbox 528 4833 2088 4906; baseline -0.004 -13"><span class='ocrx_word' id='word_1_452' title='bbox 528 4840 677 4894; x_wconf 88' lang='lat' dir='ltr'><strong>muni</strong></span> <span class='ocrx_word' id='word_1_453' title='bbox 714 4838 1169 4895; x_wconf 88' lang='lat' dir='ltr'><strong>consmumationi</strong></span> <span class='ocrx_word' id='word_1_454' title='bbox 1203 4845 1423 4906; x_wconf 84' lang='lat' dir='ltr'><strong>aptatur</strong></span> <span class='ocrx_word' id='word_1_455' title='bbox 1453 4842 1507 4891; x_wconf 88' lang='lat' dir='ltr'><strong>et</strong></span> <span class='ocrx_word' id='word_1_456' title='bbox 1539 4833 1773 4905; x_wconf 65' lang='lat' dir='ltr'><strong>propriae</strong></span> <span class='ocrx_word' id='word_1_457' title='bbox 1801 4833 2088 4904; x_wconf 89' lang='lat' dir='ltr'><strong>cujusque.</strong></span> 
     </span>
    </p>
   </div>
   <div class='ocr_carea' id='block_1_63' title="bbox 525 4923 2091 4994">
    <p class='ocr_par' dir='ltr' id='par_1_63' title="bbox 525 4923 2091 4994">
     <span class='ocr_line' id='line_1_63' title="bbox 525 4923 2091 4994; baseline -0.001 -10"><span class='ocrx_word' id='word_1_458' title='bbox 525 4929 662 4986; x_wconf 89' lang='lat' dir='ltr'><strong>Cum</strong></span> <span class='ocrx_word' id='word_1_459' title='bbox 702 4930 847 4985; x_wconf 89' lang='lat' dir='ltr'><strong>enim</strong></span> <span class='ocrx_word' id='word_1_460' title='bbox 891 4930 1150 4994; x_wconf 80' lang='lat' dir='ltr'><strong>dixerint,</strong></span> <span class='ocrx_word' id='word_1_461' title='bbox 1191 4948 1210 4981; x_wconf 80' lang='grc' dir='ltr'><strong>ι</strong></span> <span class='ocrx_word' id='word_1_462' title='bbox 1249 4929 1358 4983; x_wconf 80' lang='lat' dir='ltr'><strong>Pax</strong></span> <span class='ocrx_word' id='word_1_463' title='bbox 1402 4937 1457 4983; x_wconf 90' lang='lat' dir='ltr'><strong>et</strong></span> <span class='ocrx_word' id='word_1_464' title='bbox 1506 4936 1621 4982; x_wconf 90' lang='lat' dir='ltr'><strong>tuta</strong></span> <span class='ocrx_word' id='word_1_465' title='bbox 1665 4925 1869 4980; x_wconf 88' lang='lat' dir='ltr'><strong>omnia.</strong></span> <span class='ocrx_word' id='word_1_466' title='bbox 1912 4943 1931 4977; x_wconf 77' lang='grc' dir='ltr'><strong>ι</strong></span> <span class='ocrx_word' id='word_1_467' title='bbox 1977 4923 2091 4982; x_wconf 86' lang='lat' dir='ltr'><strong>Hoc</strong></span> 
     </span>
    </p>
   </div>
   <div class='ocr_carea' id='block_1_64' title="bbox 525 5018 2093 5094">
    <p class='ocr_par' dir='ltr' id='par_1_64' title="bbox 525 5018 2093 5094">
     <span class='ocr_line' id='line_1_64' title="bbox 525 5018 2093 5094; baseline -0.001 -17"><span class='ocrx_word' id='word_1_468' title='bbox 525 5025 688 5077; x_wconf 77' lang='lat' dir='ltr'><strong>etiam</strong></span> <span class='ocrx_word' id='word_1_469' title='bbox 729 5023 794 5077; x_wconf 89' lang='lat' dir='ltr'><strong>ad</strong></span> <span class='ocrx_word' id='word_1_470' title='bbox 833 5024 1077 5094; x_wconf 89' lang='lat' dir='ltr'><strong>ipsorum</strong></span> <span class='ocrx_word' id='word_1_471' title='bbox 1121 5021 1259 5076; x_wconf 85' lang='lat' dir='ltr'><strong>dixit</strong></span> <span class='ocrx_word' id='word_1_472' title='bbox 1301 5020 1855 5076; x_wconf 88' lang='lat' dir='ltr'><strong>consummationem.</strong></span> <span class='ocrx_word' id='word_1_473' title='bbox 1906 5018 2093 5090; x_wconf 85' lang='lat' dir='ltr'><strong>Neque</strong></span> 
     </span>
    </p>
   </div>
   <div class='ocr_carea' id='block_1_65' title="bbox 525 5111 2091 5185">
    <p class='ocr_par' dir='ltr' id='par_1_65' title="bbox 525 5111 2091 5185">
     <span class='ocr_line' id='line_1_65' title="bbox 525 5111 2091 5185; baseline -0.003 -15"><span class='ocrx_word' id='word_1_474' title='bbox 525 5112 670 5170; x_wconf 87' lang='lat' dir='ltr'><strong>enim</strong></span> <span class='ocrx_word' id='word_1_475' title='bbox 726 5116 796 5170; x_wconf 92' lang='lat' dir='ltr'><strong>ob</strong></span> <span class='ocrx_word' id='word_1_476' title='bbox 838 5114 914 5178; x_wconf 88' lang='lat' dir='ltr'><strong>id,</strong></span> <span class='ocrx_word' id='word_1_477' title='bbox 955 5113 1151 5185; x_wconf 90' lang='lat' dir='ltr'><strong>inquit.</strong></span> <span class='ocrx_word' id='word_1_478' title='bbox 1197 5114 1339 5185; x_wconf 85' lang='lat' dir='ltr'><strong>quod</strong></span> <span class='ocrx_word' id='word_1_479' title='bbox 1387 5114 1444 5168; x_wconf 90' lang='lat' dir='ltr'><strong>in</strong></span> <span class='ocrx_word' id='word_1_480' title='bbox 1490 5111 1852 5183; x_wconf 88' lang='lat' dir='ltr'><strong>prosperitate</strong></span> <span class='ocrx_word' id='word_1_481' title='bbox 1896 5111 2091 5180; x_wconf 69' lang='lat' dir='ltr'><strong>degant</strong></span> 
     </span>
    </p>
   </div>
   <div class='ocr_carea' id='block_1_66' title="bbox 531 5205 2091 5278">
    <p class='ocr_par' dir='ltr' id='par_1_66' title="bbox 531 5205 2091 5278">
     <span class='ocr_line' id='line_1_66' title="bbox 531 5205 2091 5278; baseline -0.003 -17"><span class='ocrx_word' id='word_1_482' title='bbox 531 5208 624 5278; x_wconf 93' lang='lat' dir='ltr'><strong>qui</strong></span> <span class='ocrx_word' id='word_1_483' title='bbox 659 5207 815 5263; x_wconf 81' lang='lat' dir='ltr'><strong>vobis</strong></span> <span class='ocrx_word' id='word_1_484' title='bbox 851 5207 1066 5263; x_wconf 90' lang='lat' dir='ltr'><strong>molesti</strong></span> <span class='ocrx_word' id='word_1_485' title='bbox 1105 5215 1256 5271; x_wconf 78' lang='lat' dir='ltr'><strong>sunt,</strong></span> <span class='ocrx_word' id='word_1_486' title='bbox 1294 5205 1612 5262; x_wconf 80' lang='lat' dir='ltr'><strong>existiment</strong></span> <span class='ocrx_word' id='word_1_487' title='bbox 1656 5221 1767 5260; x_wconf 83' lang='lat' dir='ltr'><strong>non</strong></span> <span class='ocrx_word' id='word_1_488' title='bbox 1800 5213 2091 5259; x_wconf 79' lang='lat' dir='ltr'><strong>venturum</strong></span> 
     </span>
    </p>
   </div>
   <div class='ocr_carea' id='block_1_67' title="bbox 530 5297 2095 5368">
    <p class='ocr_par' dir='ltr' id='par_1_67' title="bbox 530 5297 2095 5368">
     <span class='ocr_line' id='line_1_67' title="bbox 530 5297 2095 5368; baseline -0.002 -13"><span class='ocrx_word' id='word_1_489' title='bbox 530 5315 655 5355; x_wconf 83' lang='lat' dir='ltr'><strong>esse</strong></span> <span class='ocrx_word' id='word_1_490' title='bbox 687 5299 844 5354; x_wconf 84' lang='lat' dir='ltr'><strong>ﬁnem</strong></span> <span class='ocrx_word' id='word_1_491' title='bbox 874 5319 887 5355; x_wconf 89' lang='lat'><strong>:</strong></span> <span class='ocrx_word' id='word_1_492' title='bbox 917 5299 1144 5356; x_wconf 89' lang='lat' dir='ltr'><strong>omnino</strong></span> <span class='ocrx_word' id='word_1_493' title='bbox 1170 5299 1315 5356; x_wconf 91' lang='lat' dir='ltr'><strong>enim</strong></span> <span class='ocrx_word' id='word_1_494' title='bbox 1343 5299 1541 5354; x_wconf 75' lang='lat' dir='ltr'><strong>veniet.</strong></span> <span class='ocrx_word' id='word_1_495' title='bbox 1563 5298 1747 5352; x_wconf 66' lang='lat' dir='ltr'><strong>«Tunc</strong></span> <span class='ocrx_word' id='word_1_496' title='bbox 1778 5297 2095 5368; x_wconf 84' lang='lat' dir='ltr'><strong>repentinus</strong></span> 
     </span>
    </p>
   </div>
   <div class='ocr_carea' id='block_1_68' title="bbox 530 5389 2096 5458">
    <p class='ocr_par' dir='ltr' id='par_1_68' title="bbox 530 5389 2096 5458">
     <span class='ocr_line' id='line_1_68' title="bbox 530 5389 2096 5458; baseline -0.003 -13"><span class='ocrx_word' id='word_1_497' title='bbox 530 5394 664 5448; x_wconf 53' lang='lat' dir='ltr'><strong>eis»</strong></span> <span class='ocrx_word' id='word_1_498' title='bbox 686 5389 763 5446; x_wconf 87' lang='lat' dir='ltr'><strong>Ne</strong></span> <span class='ocrx_word' id='word_1_499' title='bbox 785 5391 1164 5448; x_wconf 86' lang='lat' dir='ltr'><strong>consolatione</strong></span> <span class='ocrx_word' id='word_1_500' title='bbox 1188 5391 1411 5444; x_wconf 89' lang='lat' dir='ltr'><strong>omnino</strong></span> <span class='ocrx_word' id='word_1_501' title='bbox 1434 5398 1617 5445; x_wconf 90' lang='lat' dir='ltr'><strong>careat</strong></span> <span class='ocrx_word' id='word_1_502' title='bbox 1643 5389 1967 5458; x_wconf 89' lang='lat' dir='ltr'><strong>supplicium</strong></span> <span class='ocrx_word' id='word_1_503' title='bbox 1997 5403 2096 5441; x_wconf 80' lang='lat' dir='ltr'><strong>no-</strong></span> 
     </span>
    </p>
   </div>
   <div class='ocr_carea' id='block_1_69' title="bbox 534 5476 2096 5549">
    <p class='ocr_par' dir='ltr' id='par_1_69' title="bbox 534 5476 2096 5549">
     <span class='ocr_line' id='line_1_69' title="bbox 534 5476 2096 5549; baseline -0.005 -10"><span class='ocrx_word' id='word_1_504' title='bbox 534 5483 772 5539; x_wconf 88' lang='lat' dir='ltr'><strong>centium</strong></span> <span class='ocrx_word' id='word_1_505' title='bbox 801 5490 853 5536; x_wconf 88' lang='lat' dir='ltr'><strong>et</strong></span> <span class='ocrx_word' id='word_1_506' title='bbox 885 5480 1356 5535; x_wconf 84' lang='lat' dir='ltr'><strong>l&#39;raudulcutorum</strong></span> <span class='ocrx_word' id='word_1_507' title='bbox 1384 5496 1396 5532; x_wconf 94' lang='lat'><strong>:</strong></span> <span class='ocrx_word' id='word_1_508' title='bbox 1422 5488 1473 5534; x_wconf 89' lang='lat' dir='ltr'><strong>et</strong></span> <span class='ocrx_word' id='word_1_509' title='bbox 1496 5480 1755 5549; x_wconf 65' lang='lat' dir='ltr'><strong>praaterea</strong></span> <span class='ocrx_word' id='word_1_510' title='bbox 1782 5492 1850 5532; x_wconf 89' lang='lat' dir='ltr'><strong>ne</strong></span> <span class='ocrx_word' id='word_1_511' title='bbox 1878 5476 2096 5547; x_wconf 74' lang='lat' dir='ltr'><strong>cognito</strong></span> 
     </span>
    </p>
   </div>
   <div class='ocr_carea' id='block_1_70' title="bbox 535 5567 2098 5643">
    <p class='ocr_par' dir='ltr' id='par_1_70' title="bbox 535 5567 2098 5643">
     <span class='ocr_line' id='line_1_70' title="bbox 535 5567 2098 5643; baseline -0.006 -12"><span class='ocrx_word' id='word_1_512' title='bbox 535 5574 643 5631; x_wconf 74' lang='lat' dir='ltr'><strong>fine</strong></span> <span class='ocrx_word' id='word_1_513' title='bbox 695 5574 855 5643; x_wconf 90' lang='lat' dir='ltr'><strong>plane</strong></span> <span class='ocrx_word' id='word_1_514' title='bbox 899 5572 1196 5629; x_wconf 88' lang='lat' dir='ltr'><strong>crudeliter</strong></span> <span class='ocrx_word' id='word_1_515' title='bbox 1228 5579 1283 5626; x_wconf 90' lang='lat' dir='ltr'><strong>et</strong></span> <span class='ocrx_word' id='word_1_516' title='bbox 1315 5570 1611 5625; x_wconf 86' lang='lat' dir='ltr'><strong>inhumane</strong></span> <span class='ocrx_word' id='word_1_517' title='bbox 1650 5567 2098 5624; x_wconf 88' lang='lat' dir='ltr'><strong>imbecillioribus</strong></span> 
     </span>
    </p>
   </div>
   <div class='ocr_carea' id='block_1_71' title="bbox 537 5658 2095 5735">
    <p class='ocr_par' dir='ltr' id='par_1_71' title="bbox 537 5658 2095 5735">
     <span class='ocr_line' id='line_1_71' title="bbox 537 5658 2095 5735; baseline -0.006 -15"><span class='ocrx_word' id='word_1_518' title='bbox 537 5666 854 5721; x_wconf 88' lang='lat' dir='ltr'><strong>insultando</strong></span> <span class='ocrx_word' id='word_1_519' title='bbox 884 5665 978 5735; x_wconf 90' lang='lat' dir='ltr'><strong>qui</strong></span> <span class='ocrx_word' id='word_1_520' title='bbox 1026 5663 1361 5735; x_wconf 88' lang='lat' dir='ltr'><strong>potentiores</strong></span> <span class='ocrx_word' id='word_1_521' title='bbox 1395 5670 1544 5729; x_wconf 88' lang='lat' dir='ltr'><strong>sunt,</strong></span> <span class='ocrx_word' id='word_1_522' title='bbox 1594 5660 1659 5715; x_wconf 89' lang='lat' dir='ltr'><strong>ad</strong></span> <span class='ocrx_word' id='word_1_523' title='bbox 1700 5658 2095 5729; x_wconf 83' lang='lat' dir='ltr'><strong>blasphemiam</strong></span> 
     </span>
    </p>
   </div>
   <div class='ocr_carea' id='block_1_72' title="bbox 2115 4564 2162 4622">
    <p class='ocr_par' dir='ltr' id='par_1_72' title="bbox 2115 4564 2162 4622">
     <span class='ocr_line' id='line_1_72' title="bbox 2115 4564 2162 4622; baseline 0 -2"><span class='ocrx_word' id='word_1_524' title='bbox 2115 4564 2162 4622; x_wconf 84' lang='grc' dir='ltr'>ι)</span> 
     </span>
    </p>
   </div>
   <div class='ocr_carea' id='block_1_73' title="bbox 2167 2018 3739 2090">
    <p class='ocr_par' dir='ltr' id='par_1_73' title="bbox 2167 2018 3739 2090">
     <span class='ocr_line' id='line_1_73' title="bbox 2167 2018 3739 2090; baseline -0.001 -16"><span class='ocrx_word' id='word_1_525' title='bbox 2167 2020 2362 2084; x_wconf 75' lang='grc' dir='ltr'>νυκτὶ,</span> <span class='ocrx_word' id='word_1_526' title='bbox 2387 2019 2568 2077; x_wconf 78' lang='grc' dir='ltr'>οὕτως</span> <span class='ocrx_word' id='word_1_527' title='bbox 2589 2021 2842 2090; x_wconf 73' lang='grc' dir='ltr'>ἔρχεται.</span> <span class='ocrx_word' id='word_1_528' title='bbox 2870 2022 3055 2075; x_wconf 82' lang='grc' dir='ltr'>Ὅταν</span> <span class='ocrx_word' id='word_1_529' title='bbox 3083 2022 3191 2090; x_wconf 72' lang='grc' dir='ltr'>γὰρ</span> <span class='ocrx_word' id='word_1_530' title='bbox 3226 2019 3488 2090; x_wconf 69' lang='grc' dir='ltr'>,λέγωσιν</span> <span class='ocrx_word' id='word_1_531' title='bbox 3530 2018 3739 2088; x_wconf 74' lang='grc' dir='ltr'>είρήνη</span> 
     </span>
    </p>
   </div>
   <div class='ocr_carea' id='block_1_74' title="bbox 2169 2109 3740 2181">
    <p class='ocr_par' dir='ltr' id='par_1_74' title="bbox 2169 2109 3740 2181">
     <span class='ocr_line' id='line_1_74' title="bbox 2169 2109 3740 2181; baseline -0.003 -15"><span class='ocrx_word' id='word_1_532' title='bbox 2169 2110 2268 2167; x_wconf 77' lang='grc' dir='ltr'><strong>καί</strong></span> <span class='ocrx_word' id='word_1_533' title='bbox 2298 2111 2618 2181; x_wconf 66' lang='grc' dir='ltr'>ἀσφάλεια,</span> <span class='ocrx_word' id='word_1_534' title='bbox 2653 2113 2785 2165; x_wconf 78' lang='grc' dir='ltr'>τότε</span> <span class='ocrx_word' id='word_1_535' title='bbox 2832 2112 3130 2181; x_wconf 66' lang='grc' dir='ltr'>αἰφνίδιος</span> <span class='ocrx_word' id='word_1_536' title='bbox 3186 2109 3390 2177; x_wconf 84' lang='grc' dir='ltr'>αὐτοῖς</span> <span class='ocrx_word' id='word_1_537' title='bbox 3424 2110 3740 2178; x_wconf 72' lang='grc' dir='ltr'>ἐφίσταται</span> 
     </span>
    </p>
   </div>
   <div class='ocr_carea' id='block_1_75' title="bbox 2172 2199 3740 2272">
    <p class='ocr_par' dir='ltr' id='par_1_75' title="bbox 2172 2199 3740 2272">
     <span class='ocr_line' id='line_1_75' title="bbox 2172 2199 3740 2272; baseline -0.003 -17"><span class='ocrx_word' id='word_1_538' title='bbox 2172 2202 2438 2272; x_wconf 72' lang='grc' dir='ltr'>ὄλεθρος,</span> <span class='ocrx_word' id='word_1_539' title='bbox 2463 2201 2664 2270; x_wconf 79' lang='grc' dir='ltr'>ὥσπερ</span> <span class='ocrx_word' id='word_1_540' title='bbox 2691 2202 2729 2270; x_wconf 80' lang='grc' dir='ltr'>ἠ</span> <span class='ocrx_word' id='word_1_541' title='bbox 2755 2203 2900 2257; x_wconf 79' lang='grc' dir='ltr'><strong>ὠδὶν</strong></span> <span class='ocrx_word' id='word_1_542' title='bbox 2927 2201 3000 2272; x_wconf 79' lang='grc' dir='ltr'>τῇ</span> <span class='ocrx_word' id='word_1_543' title='bbox 3028 2202 3096 2255; x_wconf 83' lang='grc' dir='ltr'><strong>ἐν</strong></span> <span class='ocrx_word' id='word_1_544' title='bbox 3121 2199 3331 2271; x_wconf 79' lang='grc' dir='ltr'>γαστρὶ</span> <span class='ocrx_word' id='word_1_545' title='bbox 3360 2201 3610 2270; x_wconf 77' lang='grc' dir='ltr'>ἐχούσῃ,</span> <span class='ocrx_word' id='word_1_546' title='bbox 3643 2199 3740 2253; x_wconf 76' lang='grc' dir='ltr'><strong>καί</strong></span> 
     </span>
    </p>
   </div>
   <div class='ocr_carea' id='block_1_76' title="bbox 2168 2280 2736 2365">
    <p class='ocr_par' dir='ltr' id='par_1_76' title="bbox 2168 2280 2736 2365">
     <span class='ocr_line' id='line_1_76' title="bbox 2168 2280 2736 2365; baseline 0.002 -18"><span class='ocrx_word' id='word_1_547' title='bbox 2168 2280 2243 2348; x_wconf 78' lang='grc' dir='ltr'>οὐ</span> <span class='ocrx_word' id='word_1_548' title='bbox 2265 2294 2353 2364; x_wconf 81' lang='grc' dir='ltr'>μὴ</span> <span class='ocrx_word' id='word_1_549' title='bbox 2376 2294 2736 2365; x_wconf 71' lang='grc' dir='ltr'><strong>ἐκφύγωσιν.</strong></span> 
     </span>
    </p>
   </div>
   <div class='ocr_carea' id='block_1_77' title="bbox 2250 2383 3738 2456">
    <p class='ocr_par' dir='ltr' id='par_1_77' title="bbox 2250 2383 3738 2456">
     <span class='ocr_line' id='line_1_77' title="bbox 2250 2383 3738 2456; baseline -0.001 -19"><span class='ocrx_word' id='word_1_550' title='bbox 2250 2403 2269 2437; x_wconf 82' lang='grc' dir='ltr'><strong>ι</strong></span> <span class='ocrx_word' id='word_1_551' title='bbox 2307 2385 2381 2439; x_wconf 83' lang='grc' dir='ltr'><strong>Οὐ</strong></span> <span class='ocrx_word' id='word_1_552' title='bbox 2409 2385 2594 2455; x_wconf 84' lang='grc' dir='ltr'><strong>χρείαν</strong></span> <span class='ocrx_word' id='word_1_553' title='bbox 2645 2386 2820 2456; x_wconf 72' lang='grc' dir='ltr'>ἔχετε.</span> <span class='ocrx_word' id='word_1_554' title='bbox 2859 2404 2878 2438; x_wconf 79' lang='grc' dir='ltr'><strong>ι</strong></span> <span class='ocrx_word' id='word_1_555' title='bbox 2928 2384 3015 2450; x_wconf 83' lang='grc' dir='ltr'>Ὠς</span> <span class='ocrx_word' id='word_1_556' title='bbox 3068 2383 3409 2456; x_wconf 74' lang='grc' dir='ltr'>ἀσύμφορον.</span> <span class='ocrx_word' id='word_1_557' title='bbox 3474 2384 3531 2437; x_wconf 89' lang='lat'><strong>&#39;0</strong></span> <span class='ocrx_word' id='word_1_558' title='bbox 3562 2384 3619 2437; x_wconf 83' lang='grc' dir='ltr'><em>δέ</em></span> <span class='ocrx_word' id='word_1_559' title='bbox 3673 2400 3738 2451; x_wconf 82' lang='grc' dir='ltr'><strong>γε</strong></span> 
     </span>
    </p>
   </div>
   <div class='ocr_carea' id='block_1_78' title="bbox 2172 2474 3746 2549">
    <p class='ocr_par' dir='ltr' id='par_1_78' title="bbox 2172 2474 3746 2549">
     <span class='ocr_line' id='line_1_78' title="bbox 2172 2474 3746 2549; baseline -0.001 -20"><span class='ocrx_word' id='word_1_560' title='bbox 2172 2476 2382 2540; x_wconf 80' lang='grc' dir='ltr'>Παῦλος</span> <span class='ocrx_word' id='word_1_561' title='bbox 2413 2477 2542 2540; x_wconf 83' lang='grc' dir='ltr'>ῐσως</span> <span class='ocrx_word' id='word_1_562' title='bbox 2583 2477 2699 2549; x_wconf 65' lang='grc' dir='ltr'><strong>⁴ᾔδει</strong></span> <span class='ocrx_word' id='word_1_563' title='bbox 2728 2476 2878 2543; x_wconf 79' lang='grc' dir='ltr'>αὐτὸ,</span> <span class='ocrx_word' id='word_1_564' title='bbox 2934 2478 2999 2530; x_wconf 82' lang='grc' dir='ltr'>ὲκ</span> <span class='ocrx_word' id='word_1_565' title='bbox 3022 2476 3132 2529; x_wconf 85' lang='grc' dir='ltr'><strong>τῶν</strong></span> <span class='ocrx_word' id='word_1_566' title='bbox 3169 2476 3424 2548; x_wconf 71' lang='grc' dir='ltr'>ἀρρήτων</span> <span class='ocrx_word' id='word_1_567' title='bbox 3458 2475 3552 2529; x_wconf 77' lang='grc' dir='ltr'>καὶ</span> <span class='ocrx_word' id='word_1_568' title='bbox 3583 2474 3746 2528; x_wconf 81' lang='grc' dir='ltr'>τοῦτο</span> 
     </span>
    </p>
   </div>
   <div class='ocr_carea' id='block_1_79' title="bbox 2179 2566 3745 2640">
    <p class='ocr_par' dir='ltr' id='par_1_79' title="bbox 2179 2566 3745 2640">
     <span class='ocr_line' id='line_1_79' title="bbox 2179 2566 3745 2640; baseline -0.003 -18"><span class='ocrx_word' id='word_1_569' title='bbox 2179 2568 2387 2639; x_wconf 84' lang='grc' dir='ltr'>μαθών.</span> <span class='ocrx_word' id='word_1_570' title='bbox 2423 2587 2443 2622; x_wconf 76' lang='grc' dir='ltr'><strong>ι</strong></span> <span class='ocrx_word' id='word_1_571' title='bbox 2480 2568 2600 2623; x_wconf 83' lang='grc' dir='ltr'>’Ότι</span> <span class='ocrx_word' id='word_1_572' title='bbox 2643 2568 2677 2639; x_wconf 87' lang='grc' dir='ltr'><strong>ή</strong></span> <span class='ocrx_word' id='word_1_573' title='bbox 2720 2569 2903 2640; x_wconf 77' lang='grc' dir='ltr'>ήμὲρα</span> <span class='ocrx_word' id='word_1_574' title='bbox 2954 2567 3182 2639; x_wconf 78' lang='grc' dir='ltr'><strong>Κυρίου.</strong></span> <span class='ocrx_word' id='word_1_575' title='bbox 3216 2586 3236 2620; x_wconf 79' lang='grc' dir='ltr'><strong>ι</strong></span> <span class='ocrx_word' id='word_1_576' title='bbox 3272 2566 3439 2620; x_wconf 76' lang='grc' dir='ltr'>Τοῦτο</span> <span class='ocrx_word' id='word_1_577' title='bbox 3486 2568 3579 2621; x_wconf 74' lang='grc' dir='ltr'><strong>καὶ</strong></span> <span class='ocrx_word' id='word_1_578' title='bbox 3615 2568 3745 2637; x_wconf 75' lang='grc' dir='ltr'>περὶ</span> 
     </span>
    </p>
   </div>
   <div class='ocr_carea' id='block_1_80' title="bbox 2173 2657 3741 2732">
    <p class='ocr_par' dir='ltr' id='par_1_80' title="bbox 2173 2657 3741 2732">
     <span class='ocr_line' id='line_1_80' title="bbox 2173 2657 3741 2732; baseline -0.001 -19"><span class='ocrx_word' id='word_1_579' title='bbox 2173 2660 2273 2731; x_wconf 87' lang='grc' dir='ltr'>τῆς</span> <span class='ocrx_word' id='word_1_580' title='bbox 2304 2660 2489 2732; x_wconf 81' lang='grc' dir='ltr'><strong>κοινῆς</strong></span> <span class='ocrx_word' id='word_1_581' title='bbox 2522 2658 2828 2722; x_wconf 80' lang='grc' dir='ltr'><strong>συντελείας</strong></span> <span class='ocrx_word' id='word_1_582' title='bbox 2872 2659 3086 2731; x_wconf 73' lang='grc' dir='ltr'>εἴρηται</span> <span class='ocrx_word' id='word_1_583' title='bbox 3116 2700 3131 2725; x_wconf 89' lang='grc'><strong>,</strong></span> <span class='ocrx_word' id='word_1_584' title='bbox 3163 2659 3258 2714; x_wconf 71' lang='grc' dir='ltr'>καὶ</span> <span class='ocrx_word' id='word_1_585' title='bbox 3292 2658 3420 2729; x_wconf 81' lang='grc' dir='ltr'>περὶ</span> <span class='ocrx_word' id='word_1_586' title='bbox 3457 2657 3557 2729; x_wconf 75' lang='grc' dir='ltr'>τῆς</span> <span class='ocrx_word' id='word_1_587' title='bbox 3602 2658 3741 2721; x_wconf 76' lang='grc' dir='ltr'>ἰδίας</span> 
     </span>
    </p>
   </div>
   <div class='ocr_carea' id='block_1_81' title="bbox 2178 2749 3746 2823">
    <p class='ocr_par' dir='ltr' id='par_1_81' title="bbox 2178 2749 3746 2823">
     <span class='ocr_line' id='line_1_81' title="bbox 2178 2749 3746 2823; baseline -0.004 -14"><span class='ocrx_word' id='word_1_588' title='bbox 2178 2754 2434 2810; x_wconf 79' lang='grc' dir='ltr'><strong>ἑκάστου.</strong></span> <span class='ocrx_word' id='word_1_589' title='bbox 2475 2773 2495 2805; x_wconf 81' lang='grc' dir='ltr'><strong>ι</strong></span> <span class='ocrx_word' id='word_1_590' title='bbox 2538 2754 2627 2816; x_wconf 83' lang='grc' dir='ltr'>Ὠς</span> <span class='ocrx_word' id='word_1_591' title='bbox 2665 2754 2925 2823; x_wconf 71' lang='grc' dir='ltr'>κλέπτης.</span> <span class='ocrx_word' id='word_1_592' title='bbox 2969 2771 2988 2805; x_wconf 81' lang='grc' dir='ltr'><strong>ι</strong></span> <span class='ocrx_word' id='word_1_593' title='bbox 3024 2754 3124 2808; x_wconf 71' lang='grc' dir='ltr'>Διὰ</span> <span class='ocrx_word' id='word_1_594' title='bbox 3145 2753 3198 2806; x_wconf 89' lang='grc' dir='ltr'><strong>τί</strong></span> <span class='ocrx_word' id='word_1_595' title='bbox 3223 2751 3299 2816; x_wconf 85' lang='grc' dir='ltr'><strong>ὡς</strong></span> <span class='ocrx_word' id='word_1_596' title='bbox 3329 2751 3608 2821; x_wconf 70' lang='grc' dir='ltr'>κλέπτηςς</span> <span class='ocrx_word' id='word_1_597' title='bbox 3642 2749 3746 2803; x_wconf 80' lang='grc' dir='ltr'>Διὰ</span> 
     </span>
    </p>
   </div>
   <div class='ocr_carea' id='block_1_82' title="bbox 2174 2839 3747 2917">
    <p class='ocr_par' dir='ltr' id='par_1_82' title="bbox 2174 2839 3747 2917">
     <span class='ocr_line' id='line_1_82' title="bbox 2174 2839 3747 2917; baseline -0.004 -17"><span class='ocrx_word' id='word_1_598' title='bbox 2174 2845 2379 2901; x_wconf 81' lang='grc' dir='ltr'>τούτων</span> <span class='ocrx_word' id='word_1_599' title='bbox 2419 2847 2549 2917; x_wconf 79' lang='grc' dir='ltr'>γὰρ,</span> <span class='ocrx_word' id='word_1_600' title='bbox 2588 2848 2650 2900; x_wconf 78' lang='grc' dir='ltr'>τὸ</span> <span class='ocrx_word' id='word_1_601' title='bbox 2691 2846 2946 2917; x_wconf 75' lang='grc' dir='ltr'><strong>λαθραῖον</strong></span> <span class='ocrx_word' id='word_1_602' title='bbox 2990 2844 3085 2898; x_wconf 74' lang='grc' dir='ltr'>καὶ</span> <span class='ocrx_word' id='word_1_603' title='bbox 3124 2844 3385 2914; x_wconf 77' lang='grc' dir='ltr'>αἰφνίδιον</span> <span class='ocrx_word' id='word_1_604' title='bbox 3414 2842 3579 2913; x_wconf 76' lang='grc' dir='ltr'>δηλοῖ.</span> <span class='ocrx_word' id='word_1_605' title='bbox 3632 2839 3747 2895; x_wconf 81' lang='grc' dir='ltr'>Καί</span> 
     </span>
    </p>
   </div>
   <div class='ocr_carea' id='block_1_83' title="bbox 2179 2931 3745 3005">
    <p class='ocr_par' dir='ltr' id='par_1_83' title="bbox 2179 2931 3745 3005">
     <span class='ocr_line' id='line_1_83' title="bbox 2179 2931 3745 3005; baseline -0.004 -17"><span class='ocrx_word' id='word_1_606' title='bbox 2179 2952 2358 3005; x_wconf 78' lang='grc' dir='ltr'>φαμεν</span> <span class='ocrx_word' id='word_1_607' title='bbox 2394 2936 2477 2989; x_wconf 82' lang='grc' dir='ltr'>ὅτι</span> <span class='ocrx_word' id='word_1_608' title='bbox 2522 2935 2681 2988; x_wconf 84' lang='grc' dir='ltr'>τοῦτο</span> <span class='ocrx_word' id='word_1_609' title='bbox 2731 2932 2875 2988; x_wconf 80' lang='grc' dir='ltr'>κατὰ</span> <span class='ocrx_word' id='word_1_610' title='bbox 2908 2933 3133 2996; x_wconf 80' lang='grc' dir='ltr'>πολλοὺς</span> <span class='ocrx_word' id='word_1_611' title='bbox 3179 2933 3412 3001; x_wconf 81' lang='grc' dir='ltr'><strong>τρόπους</strong></span> <span class='ocrx_word' id='word_1_612' title='bbox 3468 2931 3745 3001; x_wconf 82' lang='grc' dir='ltr'>ὠφέλιμόν</span> 
     </span>
    </p>
   </div>
   <div class='ocr_carea' id='block_1_84' title="bbox 2179 3023 3744 3096">
    <p class='ocr_par' dir='ltr' id='par_1_84' title="bbox 2179 3023 3744 3096">
     <span class='ocr_line' id='line_1_84' title="bbox 2179 3023 3744 3096; baseline -0.003 -17"><span class='ocrx_word' id='word_1_613' title='bbox 2179 3027 2314 3081; x_wconf 70' lang='grc' dir='ltr'>ἐστι.</span> <span class='ocrx_word' id='word_1_614' title='bbox 2346 3027 2567 3096; x_wconf 84' lang='grc' dir='ltr'>Πρῶτον</span> <span class='ocrx_word' id='word_1_615' title='bbox 2600 3027 2698 3096; x_wconf 82' lang='grc' dir='ltr'>μὲν</span> <span class='ocrx_word' id='word_1_616' title='bbox 2732 3027 2834 3089; x_wconf 77' lang='grc' dir='ltr'>ὅτι,</span> <span class='ocrx_word' id='word_1_617' title='bbox 2872 3024 2932 3077; x_wconf 86' lang='lat' dir='ltr'><strong>El</strong></span> <span class='ocrx_word' id='word_1_618' title='bbox 2955 3025 3070 3095; x_wconf 72' lang='grc' dir='ltr'>ᾔδει</span> <span class='ocrx_word' id='word_1_619' title='bbox 3102 3040 3184 3087; x_wconf 84' lang='grc' dir='ltr'><strong>τις</strong></span> <span class='ocrx_word' id='word_1_620' title='bbox 3206 3024 3306 3093; x_wconf 85' lang='grc' dir='ltr'><strong>τήν</strong></span> <span class='ocrx_word' id='word_1_621' title='bbox 3340 3024 3575 3093; x_wconf 69' lang='grc' dir='ltr'>ἐσχάτην</span> <span class='ocrx_word' id='word_1_622' title='bbox 3603 3023 3744 3093; x_wconf 76' lang='grc' dir='ltr'><strong>ἠμὲ-</strong></span> 
     </span>
    </p>
   </div>
   <div class='ocr_carea' id='block_1_85' title="bbox 2178 3111 3746 3188">
    <p class='ocr_par' dir='ltr' id='par_1_85' title="bbox 2178 3111 3746 3188">
     <span class='ocr_line' id='line_1_85' title="bbox 2178 3111 3746 3188; baseline -0.003 -19"><span class='ocrx_word' id='word_1_623' title='bbox 2178 3134 2300 3188; x_wconf 89' lang='grc' dir='ltr'>ραν,</span> <span class='ocrx_word' id='word_1_624' title='bbox 2333 3117 2432 3169; x_wconf 83' lang='grc' dir='ltr'>οὐκ</span> <span class='ocrx_word' id='word_1_625' title='bbox 2461 3115 2685 3185; x_wconf 77' lang='grc' dir='ltr'>ἔμελλεν</span> <span class='ocrx_word' id='word_1_626' title='bbox 2711 3114 2912 3186; x_wconf 72' lang='grc' dir='ltr'>ἀρετῆς</span> <span class='ocrx_word' id='word_1_627' title='bbox 2948 3112 3346 3182; x_wconf 80' lang='grc' dir='ltr'>ἐπιμελεῖσθαι,</span> <span class='ocrx_word' id='word_1_628' title='bbox 3397 3111 3532 3166; x_wconf 77' lang='grc' dir='ltr'><strong>ἀλλά</strong></span> <span class='ocrx_word' id='word_1_629' title='bbox 3572 3111 3746 3181; x_wconf 85' lang='grc' dir='ltr'>μυρία</span> 
     </span>
    </p>
   </div>
   <div class='ocr_carea' id='block_1_86' title="bbox 2180 3204 3745 3280">
    <p class='ocr_par' dir='ltr' id='par_1_86' title="bbox 2180 3204 3745 3280">
     <span class='ocr_line' id='line_1_86' title="bbox 2180 3204 3745 3280; baseline -0.004 -17"><span class='ocrx_word' id='word_1_630' title='bbox 2180 3208 2350 3263; x_wconf 85' lang='grc' dir='ltr'>ποιῶν</span> <span class='ocrx_word' id='word_1_631' title='bbox 2380 3209 2548 3274; x_wconf 85' lang='grc' dir='ltr'>κακά,</span> <span class='ocrx_word' id='word_1_632' title='bbox 2576 3208 2653 3280; x_wconf 85' lang='grc' dir='ltr'><strong>τῷ</strong></span> <span class='ocrx_word' id='word_1_633' title='bbox 2676 3206 3016 3278; x_wconf 82' lang='grc' dir='ltr'><strong>βαπτίσματι</strong></span> <span class='ocrx_word' id='word_1_634' title='bbox 3046 3206 3181 3277; x_wconf 74' lang='grc' dir='ltr'>πρὸς</span> <span class='ocrx_word' id='word_1_635' title='bbox 3204 3204 3434 3275; x_wconf 68' lang='grc' dir='ltr'>ἐσχάτας</span> <span class='ocrx_word' id='word_1_636' title='bbox 3468 3204 3745 3266; x_wconf 76' lang='grc' dir='ltr'>ἀναπνοὰς</span> 
     </span>
    </p>
   </div>
   <div class='ocr_carea' id='block_1_87' title="bbox 2180 3294 3745 3375">
    <p class='ocr_par' dir='ltr' id='par_1_87' title="bbox 2180 3294 3745 3375">
     <span class='ocr_line' id='line_1_87' title="bbox 2180 3294 3745 3375; baseline -0.004 -19"><span class='ocrx_word' id='word_1_637' title='bbox 2180 3302 2430 3375; x_wconf 82' lang='grc' dir='ltr'>προσῄει.</span> <span class='ocrx_word' id='word_1_638' title='bbox 2482 3296 2779 3370; x_wconf 80' lang='grc' dir='ltr'>Δεύτερον,</span> <span class='ocrx_word' id='word_1_639' title='bbox 2824 3300 2906 3354; x_wconf 80' lang='grc' dir='ltr'>ὅτι</span> <span class='ocrx_word' id='word_1_640' title='bbox 2961 3299 3155 3353; x_wconf 63' lang='grc' dir='ltr'>πολλαὶ</span> <span class='ocrx_word' id='word_1_641' title='bbox 3203 3296 3468 3368; x_wconf 80' lang='grc' dir='ltr'>ἁμαρτίαι</span> <span class='ocrx_word' id='word_1_642' title='bbox 3496 3297 3605 3350; x_wconf 75' lang='grc' dir='ltr'>δίει</span> <span class='ocrx_word' id='word_1_643' title='bbox 3648 3294 3745 3350; x_wconf 74' lang='grc' dir='ltr'>τοῦ</span> 
     </span>
    </p>
   </div>
   <div class='ocr_carea' id='block_1_88' title="bbox 2181 3384 3750 3460">
    <p class='ocr_par' dir='ltr' id='par_1_88' title="bbox 2181 3384 3750 3460">
     <span class='ocr_line' id='line_1_88' title="bbox 2181 3384 3750 3460; baseline -0.004 -13"><span class='ocrx_word' id='word_1_644' title='bbox 2181 3393 2411 3448; x_wconf 84' lang='grc' dir='ltr'>θανάτου</span> <span class='ocrx_word' id='word_1_645' title='bbox 2452 3392 2870 3447; x_wconf 85' lang='grc' dir='ltr'>ἀνακόπτονται.</span> <span class='ocrx_word' id='word_1_646' title='bbox 2917 3390 3005 3454; x_wconf 81' lang='grc' dir='ltr'>Ὠς</span> <span class='ocrx_word' id='word_1_647' title='bbox 3029 3390 3082 3445; x_wconf 80' lang='grc' dir='ltr'>εἴ</span> <span class='ocrx_word' id='word_1_648' title='bbox 3109 3406 3172 3458; x_wconf 87' lang='grc' dir='ltr'><strong>γε</strong></span> <span class='ocrx_word' id='word_1_649' title='bbox 3208 3387 3368 3459; x_wconf 72' lang='grc' dir='ltr'>δῆλον</span> <span class='ocrx_word' id='word_1_650' title='bbox 3393 3384 3462 3460; x_wconf 81' lang='grc' dir='ltr'>ἦν</span> <span class='ocrx_word' id='word_1_651' title='bbox 3495 3388 3576 3442; x_wconf 81' lang='grc' dir='ltr'>ὅτι</span> <span class='ocrx_word' id='word_1_652' title='bbox 3610 3386 3750 3449; x_wconf 82' lang='grc' dir='ltr'><strong>τὲως</strong></span> 
     </span>
    </p>
   </div>
   <div class='ocr_carea' id='block_1_89' title="bbox 2180 3478 3749 3552">
    <p class='ocr_par' dir='ltr' id='par_1_89' title="bbox 2180 3478 3749 3552">
     <span class='ocr_line' id='line_1_89' title="bbox 2180 3478 3749 3552; baseline -0.007 -13"><span class='ocrx_word' id='word_1_653' title='bbox 2180 3485 2274 3540; x_wconf 83' lang='grc' dir='ltr'>νῦν</span> <span class='ocrx_word' id='word_1_654' title='bbox 2298 3485 2356 3541; x_wconf 82' lang='grc' dir='ltr'>οὐ</span> <span class='ocrx_word' id='word_1_655' title='bbox 2408 3482 2726 3552; x_wconf 80' lang='grc' dir='ltr'>τεθνήξεταί</span> <span class='ocrx_word' id='word_1_656' title='bbox 2757 3500 2863 3547; x_wconf 85' lang='grc' dir='ltr'>τις,</span> <span class='ocrx_word' id='word_1_657' title='bbox 2900 3483 3077 3536; x_wconf 72' lang='grc' dir='ltr'>πάντα</span> <span class='ocrx_word' id='word_1_658' title='bbox 3131 3481 3302 3545; x_wconf 81' lang='grc' dir='ltr'>ἀδεῶς</span> <span class='ocrx_word' id='word_1_659' title='bbox 3335 3480 3588 3551; x_wconf 76' lang='grc' dir='ltr'>ἔπραττε.</span> <span class='ocrx_word' id='word_1_660' title='bbox 3614 3478 3749 3548; x_wconf 81' lang='grc' dir='ltr'>Τρί-</span> 
     </span>
    </p>
   </div>
   <div class='ocr_carea' id='block_1_90' title="bbox 2180 3570 3753 3647">
    <p class='ocr_par' dir='ltr' id='par_1_90' title="bbox 2180 3570 3753 3647">
     <span class='ocr_line' id='line_1_90' title="bbox 2180 3570 3753 3647; baseline -0.005 -15"><span class='ocrx_word' id='word_1_661' title='bbox 2180 3594 2293 3644; x_wconf 89' lang='grc' dir='ltr'>τον,</span> <span class='ocrx_word' id='word_1_662' title='bbox 2322 3578 2403 3631; x_wconf 81' lang='grc' dir='ltr'>ὅτι</span> <span class='ocrx_word' id='word_1_663' title='bbox 2434 3578 2482 3630; x_wconf 84' lang='grc' dir='ltr'><strong>εί</strong></span> <span class='ocrx_word' id='word_1_664' title='bbox 2528 3575 2642 3647; x_wconf 76' lang='grc' dir='ltr'>ᾔδει</span> <span class='ocrx_word' id='word_1_665' title='bbox 2693 3592 2773 3639; x_wconf 89' lang='grc' dir='ltr'><strong>τις</strong></span> <span class='ocrx_word' id='word_1_666' title='bbox 2798 3574 2883 3628; x_wconf 79' lang='grc' dir='ltr'>ὅτι</span> <span class='ocrx_word' id='word_1_667' title='bbox 2917 3575 3133 3636; x_wconf 80' lang='grc' dir='ltr'>πάντως</span> <span class='ocrx_word' id='word_1_668' title='bbox 3168 3575 3225 3626; x_wconf 74' lang='grc' dir='ltr'>ἐν</span> <span class='ocrx_word' id='word_1_669' title='bbox 3273 3572 3407 3641; x_wconf 84' lang='grc' dir='ltr'>τῷδε</span> <span class='ocrx_word' id='word_1_670' title='bbox 3441 3571 3517 3640; x_wconf 82' lang='grc' dir='ltr'>τῷ</span> <span class='ocrx_word' id='word_1_671' title='bbox 3573 3570 3753 3641; x_wconf 81' lang='grc' dir='ltr'>χρόνῳ</span> 
     </span>
    </p>
   </div>
   <div class='ocr_carea' id='block_1_91' title="bbox 2182 3661 3748 3738">
    <p class='ocr_par' dir='ltr' id='par_1_91' title="bbox 2182 3661 3748 3738">
     <span class='ocr_line' id='line_1_91' title="bbox 2182 3661 3748 3738; baseline -0.004 -16"><span class='ocrx_word' id='word_1_672' title='bbox 2182 3666 2523 3738; x_wconf 81' lang='grc' dir='ltr'>τεθνήξεται,</span> <span class='ocrx_word' id='word_1_673' title='bbox 2567 3670 2626 3721; x_wconf 75' lang='grc' dir='ltr'>ἔν</span> <span class='ocrx_word' id='word_1_674' title='bbox 2661 3665 2869 3738; x_wconf 78' lang='grc' dir='ltr'>ἀθυμίᾳ</span> <span class='ocrx_word' id='word_1_675' title='bbox 2913 3664 3112 3734; x_wconf 79' lang='grc' dir='ltr'>διάγων</span> <span class='ocrx_word' id='word_1_676' title='bbox 3148 3663 3391 3719; x_wconf 81' lang='grc' dir='ltr'>διετέλει.</span> <span class='ocrx_word' id='word_1_677' title='bbox 3436 3662 3551 3716; x_wconf 75' lang='grc' dir='ltr'><strong>Νῦν</strong></span> <span class='ocrx_word' id='word_1_678' title='bbox 3587 3661 3646 3715; x_wconf 69' lang='grc' dir='ltr'>δὲ</span> <span class='ocrx_word' id='word_1_679' title='bbox 3679 3666 3748 3732; x_wconf 77' lang='grc' dir='ltr'>τῇ</span> 
     </span>
    </p>
   </div>
   <div class='ocr_carea' id='block_1_92' title="bbox 2183 3754 3751 3833">
    <p class='ocr_par' dir='ltr' id='par_1_92' title="bbox 2183 3754 3751 3833">
     <span class='ocr_line' id='line_1_92' title="bbox 2183 3754 3751 3833; baseline -0.007 -17"><span class='ocrx_word' id='word_1_680' title='bbox 2183 3760 2378 3833; x_wconf 80' lang='grc' dir='ltr'>ἀδηλίᾳ</span> <span class='ocrx_word' id='word_1_681' title='bbox 2402 3761 2487 3814; x_wconf 77' lang='grc' dir='ltr'>ἀεὶ</span> <span class='ocrx_word' id='word_1_682' title='bbox 2516 3761 2574 3812; x_wconf 75' lang='grc' dir='ltr'>ὲν</span> <span class='ocrx_word' id='word_1_683' title='bbox 2605 3759 2864 3829; x_wconf 84' lang='grc' dir='ltr'>χρησταῖς</span> <span class='ocrx_word' id='word_1_684' title='bbox 2893 3755 3071 3810; x_wconf 82' lang='grc' dir='ltr'>ὲλπίσι</span> <span class='ocrx_word' id='word_1_685' title='bbox 3094 3754 3426 3826; x_wconf 78' lang='grc' dir='ltr'>τρεφόμεθα.</span> <span class='ocrx_word' id='word_1_686' title='bbox 3452 3754 3751 3825; x_wconf 81' lang='grc' dir='ltr'>Τέταρτον,</span> 
     </span>
    </p>
   </div>
   <div class='ocr_carea' id='block_1_93' title="bbox 2183 3844 3751 3921">
    <p class='ocr_par' dir='ltr' id='par_1_93' title="bbox 2183 3844 3751 3921">
     <span class='ocr_line' id='line_1_93' title="bbox 2183 3844 3751 3921; baseline -0.006 -14"><span class='ocrx_word' id='word_1_687' title='bbox 2183 3853 2267 3907; x_wconf 85' lang='grc' dir='ltr'>ὅτι</span> <span class='ocrx_word' id='word_1_688' title='bbox 2328 3852 2450 3906; x_wconf 71' lang='grc' dir='ltr'>οὐδὲ</span> <span class='ocrx_word' id='word_1_689' title='bbox 2510 3850 2649 3921; x_wconf 82' lang='grc' dir='ltr'>ὑπὲρ</span> <span class='ocrx_word' id='word_1_690' title='bbox 2686 3844 2760 3904; x_wconf 84' lang='grc' dir='ltr'>ὧν</span> <span class='ocrx_word' id='word_1_691' title='bbox 2809 3851 2889 3914; x_wconf 82' lang='grc' dir='ltr'><strong>είς</strong></span> <span class='ocrx_word' id='word_1_692' title='bbox 2927 3847 3200 3912; x_wconf 78' lang='grc' dir='ltr'>κινδύνους</span> <span class='ocrx_word' id='word_1_693' title='bbox 3240 3847 3469 3916; x_wconf 77' lang='grc' dir='ltr'>ἀδήλους</span> <span class='ocrx_word' id='word_1_694' title='bbox 3524 3847 3751 3908; x_wconf 79' lang='grc' dir='ltr'>ἑαυτοὺς</span> 
     </span>
    </p>
   </div>
   <div class='ocr_carea' id='block_1_94' title="bbox 2185 3932 3754 4019">
    <p class='ocr_par' dir='ltr' id='par_1_94' title="bbox 2185 3932 3754 4019">
     <span class='ocr_line' id='line_1_94' title="bbox 2185 3932 3754 4019; baseline -0.007 -18"><span class='ocrx_word' id='word_1_695' title='bbox 2185 3947 2471 4019; x_wconf 77' lang='grc' dir='ltr'>ῥίπτουσιν</span> <span class='ocrx_word' id='word_1_696' title='bbox 2501 3946 2551 3999; x_wconf 79' lang='lat' dir='ltr'><strong>oi</strong></span> <span class='ocrx_word' id='word_1_697' title='bbox 2590 3944 2757 4013; x_wconf 74' lang='grc' dir='ltr'>ἅγιοι,</span> <span class='ocrx_word' id='word_1_698' title='bbox 2789 3942 2979 4014; x_wconf 83' lang='grc' dir='ltr'>μισθὸν</span> <span class='ocrx_word' id='word_1_699' title='bbox 3018 3941 3240 4012; x_wconf 75' lang='grc' dir='ltr'>ἔμελλον</span> <span class='ocrx_word' id='word_1_700' title='bbox 3266 3940 3431 4010; x_wconf 79' lang='grc' dir='ltr'>ἔχειν.</span> <span class='ocrx_word' id='word_1_701' title='bbox 3462 3939 3523 3992; x_wconf 83' lang='lat' dir='ltr'><strong>Ei</strong></span> <span class='ocrx_word' id='word_1_702' title='bbox 3552 3938 3661 4010; x_wconf 85' lang='grc' dir='ltr'>γὰρ</span> <span class='ocrx_word' id='word_1_703' title='bbox 3681 3932 3754 4009; x_wconf 75' lang='grc' dir='ltr'>ἦν</span> 
     </span>
    </p>
   </div>
   <div class='ocr_carea' id='block_1_95' title="bbox 2184 4029 3755 4110">
    <p class='ocr_par' dir='ltr' id='par_1_95' title="bbox 2184 4029 3755 4110">
     <span class='ocr_line' id='line_1_95' title="bbox 2184 4029 3755 4110; baseline -0.008 -16"><span class='ocrx_word' id='word_1_704' title='bbox 2184 4040 2342 4110; x_wconf 78' lang='grc' dir='ltr'>δῆλον</span> <span class='ocrx_word' id='word_1_705' title='bbox 2365 4038 2441 4103; x_wconf 84' lang='grc' dir='ltr'>ὡς</span> <span class='ocrx_word' id='word_1_706' title='bbox 2477 4039 2617 4109; x_wconf 83' lang='grc' dir='ltr'><strong>μετά</strong></span> <span class='ocrx_word' id='word_1_707' title='bbox 2638 4037 2765 4108; x_wconf 87' lang='grc' dir='ltr'>τρία</span> <span class='ocrx_word' id='word_1_708' title='bbox 2789 4037 2886 4105; x_wconf 77' lang='grc' dir='ltr'>ἔτη</span> <span class='ocrx_word' id='word_1_709' title='bbox 2910 4035 3070 4105; x_wconf 75' lang='grc' dir='ltr'>τυχὸν</span> <span class='ocrx_word' id='word_1_710' title='bbox 3097 4033 3428 4101; x_wconf 81' lang='grc' dir='ltr'>τελευτήσει,</span> <span class='ocrx_word' id='word_1_711' title='bbox 3460 4030 3553 4084; x_wconf 84' lang='grc' dir='ltr'>καί</span> <span class='ocrx_word' id='word_1_712' title='bbox 3575 4029 3755 4094; x_wconf 68' lang='grc' dir='ltr'>ἄλλως</span> 
     </span>
    </p>
   </div>
   <div class='ocr_carea' id='block_1_96' title="bbox 2186 4122 3754 4197">
    <p class='ocr_par' dir='ltr' id='par_1_96' title="bbox 2186 4122 3754 4197">
     <span class='ocr_line' id='line_1_96' title="bbox 2186 4122 3754 4197; baseline -0.008 -11"><span class='ocrx_word' id='word_1_713' title='bbox 2186 4133 2287 4188; x_wconf 81' lang='grc' dir='ltr'>οὐκ</span> <span class='ocrx_word' id='word_1_714' title='bbox 2313 4132 2414 4197; x_wconf 70' lang='grc' dir='ltr'>ενι,</span> <span class='ocrx_word' id='word_1_715' title='bbox 2445 4132 2682 4196; x_wconf 74' lang='grc' dir='ltr'>ἅπαντες</span> <span class='ocrx_word' id='word_1_716' title='bbox 2717 4130 2782 4185; x_wconf 81' lang='grc' dir='ltr'>ἂν</span> <span class='ocrx_word' id='word_1_717' title='bbox 2812 4129 2920 4181; x_wconf 85' lang='grc' dir='ltr'>τῶν</span> <span class='ocrx_word' id='word_1_718' title='bbox 2959 4123 3219 4181; x_wconf 73' lang='grc' dir='ltr'>κινδύνων</span> <span class='ocrx_word' id='word_1_719' title='bbox 3244 4122 3754 4193; x_wconf 68' lang='grc' dir='ltr'>κατεφρονήσαμεν,</span> 
     </span>
    </p>
   </div>
   <div class='ocr_carea' id='block_1_97' title="bbox 2187 4211 3758 4294">
    <p class='ocr_par' dir='ltr' id='par_1_97' title="bbox 2187 4211 3758 4294">
     <span class='ocr_line' id='line_1_97' title="bbox 2187 4211 3758 4294; baseline -0.01 -16"><span class='ocrx_word' id='word_1_720' title='bbox 2187 4224 2387 4287; x_wconf 76' lang='grc' dir='ltr'>εἰδότες</span> <span class='ocrx_word' id='word_1_721' title='bbox 2413 4222 2579 4294; x_wconf 77' lang='grc' dir='ltr'>μηδὲν</span> <span class='ocrx_word' id='word_1_722' title='bbox 2612 4223 2676 4274; x_wconf 79' lang='grc' dir='ltr'>ἐκ</span> <span class='ocrx_word' id='word_1_723' title='bbox 2704 4218 2906 4274; x_wconf 81' lang='grc' dir='ltr'>τούτων</span> <span class='ocrx_word' id='word_1_724' title='bbox 2927 4213 3279 4288; x_wconf 82' lang='grc' dir='ltr'>βλάπτεσθαι·</span> <span class='ocrx_word' id='word_1_725' title='bbox 3308 4213 3444 4282; x_wconf 83' lang='grc' dir='ltr'>ὅπερ</span> <span class='ocrx_word' id='word_1_726' title='bbox 3471 4211 3600 4264; x_wconf 83' lang='grc' dir='ltr'>ποία</span> <span class='ocrx_word' id='word_1_727' title='bbox 3622 4212 3758 4281; x_wconf 83' lang='grc' dir='ltr'>ἀρε-</span> 
     </span>
    </p>
   </div>
   <div class='ocr_carea' id='block_1_98' title="bbox 2186 4301 3755 4387">
    <p class='ocr_par' dir='ltr' id='par_1_98' title="bbox 2186 4301 3755 4387">
     <span class='ocr_line' id='line_1_98' title="bbox 2186 4301 3755 4387; baseline -0.01 -18"><span class='ocrx_word' id='word_1_728' title='bbox 2186 4316 2295 4387; x_wconf 61' lang='lat' dir='ltr'><strong>ei];</strong></span> <span class='ocrx_word' id='word_1_729' title='bbox 2365 4313 2551 4367; x_wconf 80' lang='grc' dir='ltr'>Ταῦτα</span> <span class='ocrx_word' id='word_1_730' title='bbox 2597 4312 2653 4365; x_wconf 77' lang='grc' dir='ltr'>δὲ</span> <span class='ocrx_word' id='word_1_731' title='bbox 2707 4311 2942 4382; x_wconf 71' lang='grc' dir='ltr'>εἴρηται.</span> <span class='ocrx_word' id='word_1_732' title='bbox 2985 4305 3060 4370; x_wconf 82' lang='grc' dir='ltr'>ὡς</span> <span class='ocrx_word' id='word_1_733' title='bbox 3100 4307 3195 4360; x_wconf 77' lang='grc' dir='ltr'>καὶ</span> <span class='ocrx_word' id='word_1_734' title='bbox 3229 4305 3328 4375; x_wconf 85' lang='grc' dir='ltr'>τῆς</span> <span class='ocrx_word' id='word_1_735' title='bbox 3353 4304 3586 4358; x_wconf 78' lang='grc' dir='ltr'>ἑκάστου</span> <span class='ocrx_word' id='word_1_736' title='bbox 3618 4301 3755 4365; x_wconf 71' lang='grc' dir='ltr'>ἰδίας</span> 
     </span>
    </p>
   </div>
   <div class='ocr_carea' id='block_1_99' title="bbox 2187 4397 3109 4476">
    <p class='ocr_par' dir='ltr' id='par_1_99' title="bbox 2187 4397 3109 4476">
     <span class='ocr_line' id='line_1_99' title="bbox 2187 4397 3109 4476; baseline -0.011 -14"><span class='ocrx_word' id='word_1_737' title='bbox 2187 4405 2451 4475; x_wconf 70' lang='grc' dir='ltr'>τελευτῆς</span> <span class='ocrx_word' id='word_1_738' title='bbox 2484 4402 2757 4476; x_wconf 84' lang='grc' dir='ltr'>λαθραίως</span> <span class='ocrx_word' id='word_1_739' title='bbox 2790 4397 3109 4472; x_wconf 72' lang='grc' dir='ltr'>ἐρχομένης.</span> 
     </span>
    </p>
   </div>
   <div class='ocr_carea' id='block_1_100' title="bbox 2261 4633 3763 4719">
    <p class='ocr_par' dir='ltr' id='par_1_100' title="bbox 2261 4633 3763 4719">
     <span class='ocr_line' id='line_1_100' title="bbox 2261 4633 3763 4719; baseline -0.01 -17"><span class='ocrx_word' id='word_1_740' title='bbox 2261 4649 2488 4719; x_wconf 73' lang='grc' dir='ltr'>Εἴρηται</span> <span class='ocrx_word' id='word_1_741' title='bbox 2504 4645 2612 4717; x_wconf 78' lang='grc' dir='ltr'><strong>γὰρ</strong></span> <span class='ocrx_word' id='word_1_742' title='bbox 2627 4646 2728 4708; x_wconf 84' lang='grc' dir='ltr'>δτι,</span> <span class='ocrx_word' id='word_1_743' title='bbox 2749 4640 3008 4713; x_wconf 79' lang='grc' dir='ltr'>Ἦήμὲρα</span> <span class='ocrx_word' id='word_1_744' title='bbox 3032 4639 3236 4711; x_wconf 82' lang='grc' dir='ltr'>Κυρίου</span> <span class='ocrx_word' id='word_1_745' title='bbox 3252 4653 3328 4701; x_wconf 87' lang='grc' dir='ltr'><strong>ως</strong></span> <span class='ocrx_word' id='word_1_746' title='bbox 3345 4651 3580 4706; x_wconf 68' lang='grc' dir='ltr'>κλεπτης</span> <span class='ocrx_word' id='word_1_747' title='bbox 3600 4633 3656 4686; x_wconf 77' lang='grc' dir='ltr'>ὲν</span> <span class='ocrx_word' id='word_1_748' title='bbox 3673 4651 3763 4688; x_wconf 83' lang='lat' dir='ltr'><strong>vu-</strong></span> 
     </span>
    </p>
   </div>
   <div class='ocr_carea' id='block_1_101' title="bbox 2190 4725 3764 4809">
    <p class='ocr_par' dir='ltr' id='par_1_101' title="bbox 2190 4725 3764 4809">
     <span class='ocr_line' id='line_1_101' title="bbox 2190 4725 3764 4809; baseline -0.012 -14"><span class='ocrx_word' id='word_1_749' title='bbox 2190 4740 2279 4796; x_wconf 63' lang='grc' dir='ltr'><strong>κτλ</strong></span> <span class='ocrx_word' id='word_1_750' title='bbox 2300 4738 2471 4802; x_wconf 76' lang='grc' dir='ltr'>οὕτως</span> <span class='ocrx_word' id='word_1_751' title='bbox 2494 4736 2735 4809; x_wconf 76' lang='grc' dir='ltr'>ἔρχεται,</span> <span class='ocrx_word' id='word_1_752' title='bbox 2758 4732 2987 4803; x_wconf 72' lang='grc' dir='ltr'>ἁρμόζει</span> <span class='ocrx_word' id='word_1_753' title='bbox 3015 4730 3071 4784; x_wconf 81' lang='grc' dir='ltr'>δὲ</span> <span class='ocrx_word' id='word_1_754' title='bbox 3088 4729 3179 4783; x_wconf 73' lang='grc' dir='ltr'>καὶ</span> <span class='ocrx_word' id='word_1_755' title='bbox 3198 4727 3291 4781; x_wconf 72' lang='grc' dir='ltr'><strong>ἐπὶ</strong></span> <span class='ocrx_word' id='word_1_756' title='bbox 3312 4726 3413 4796; x_wconf 79' lang='grc' dir='ltr'>τῆς</span> <span class='ocrx_word' id='word_1_757' title='bbox 3433 4725 3617 4795; x_wconf 75' lang='grc' dir='ltr'>κοινῆς</span> <span class='ocrx_word' id='word_1_758' title='bbox 3636 4742 3764 4778; x_wconf 81' lang='grc' dir='ltr'>συν-</span> 
     </span>
    </p>
   </div>
   <div class='ocr_carea' id='block_1_102' title="bbox 2189 4818 3761 4898">
    <p class='ocr_par' dir='ltr' id='par_1_102' title="bbox 2189 4818 3761 4898">
     <span class='ocr_line' id='line_1_102' title="bbox 2189 4818 3761 4898; baseline -0.012 -12"><span class='ocrx_word' id='word_1_759' title='bbox 2189 4832 2421 4898; x_wconf 82' lang='grc' dir='ltr'>τελείας,</span> <span class='ocrx_word' id='word_1_760' title='bbox 2441 4831 2535 4883; x_wconf 71' lang='grc' dir='ltr'><strong>καὶ</strong></span> <span class='ocrx_word' id='word_1_761' title='bbox 2551 4828 2643 4883; x_wconf 76' lang='grc' dir='ltr'><strong>ἐπὶ</strong></span> <span class='ocrx_word' id='word_1_762' title='bbox 2658 4830 2757 4895; x_wconf 78' lang='grc' dir='ltr'>τῆς</span> <span class='ocrx_word' id='word_1_763' title='bbox 2774 4825 2908 4886; x_wconf 77' lang='grc' dir='ltr'>ἰδίας</span> <span class='ocrx_word' id='word_1_764' title='bbox 2931 4821 3361 4876; x_wconf 76' lang='grc' dir='ltr'>ἑκάστου.”οταν</span> <span class='ocrx_word' id='word_1_765' title='bbox 3376 4818 3484 4888; x_wconf 85' lang='grc' dir='ltr'><strong>γὰρ</strong></span> <span class='ocrx_word' id='word_1_766' title='bbox 3501 4818 3761 4886; x_wconf 77' lang='grc' dir='ltr'>λέγωσιν,</span> 
     </span>
    </p>
   </div>
   <div class='ocr_carea' id='block_1_103' title="bbox 2200 4908 3764 4994">
    <p class='ocr_par' dir='ltr' id='par_1_103' title="bbox 2200 4908 3764 4994">
     <span class='ocr_line' id='line_1_103' title="bbox 2200 4908 3764 4994; baseline -0.009 -19"><span class='ocrx_word' id='word_1_767' title='bbox 2200 4941 2217 4975; x_wconf 85' lang='grc' dir='ltr'><strong>ι</strong></span> <span class='ocrx_word' id='word_1_768' title='bbox 2237 4924 2438 4994; x_wconf 79' lang='grc' dir='ltr'>Εἰρήνη</span> <span class='ocrx_word' id='word_1_769' title='bbox 2475 4917 2866 4985; x_wconf 76' lang='grc' dir='ltr'>καὶάσςράλεια,</span> <span class='ocrx_word' id='word_1_770' title='bbox 2880 4935 2898 4967; x_wconf 80' lang='grc' dir='ltr'><strong>ι</strong></span> <span class='ocrx_word' id='word_1_771' title='bbox 2938 4912 3107 4967; x_wconf 82' lang='grc' dir='ltr'>Τοῦτο</span> <span class='ocrx_word' id='word_1_772' title='bbox 3145 4911 3388 4982; x_wconf 73' lang='grc' dir='ltr'>καὶπρὸς</span> <span class='ocrx_word' id='word_1_773' title='bbox 3406 4908 3764 4981; x_wconf 83' lang='grc' dir='ltr'>παραμυθίαν</span> 
     </span>
    </p>
   </div>
   <div class='ocr_carea' id='block_1_104' title="bbox 2193 4999 3765 5079">
    <p class='ocr_par' dir='ltr' id='par_1_104' title="bbox 2193 4999 3765 5079">
     <span class='ocr_line' id='line_1_104' title="bbox 2193 4999 3765 5079; baseline -0.017 -12"><span class='ocrx_word' id='word_1_774' title='bbox 2193 5013 2370 5068; x_wconf 84' lang='grc' dir='ltr'>αὐτῶν</span> <span class='ocrx_word' id='word_1_775' title='bbox 2392 5005 2630 5079; x_wconf 79' lang='grc' dir='ltr'>εἷπε.Μὴ</span> <span class='ocrx_word' id='word_1_776' title='bbox 2647 5008 2714 5076; x_wconf 74' lang='grc' dir='ltr'><strong>γὰ</strong></span> <span class='ocrx_word' id='word_1_777' title='bbox 2721 5025 2752 5078; x_wconf 92' lang='grc' dir='ltr'><strong>ρ</strong></span> <span class='ocrx_word' id='word_1_778' title='bbox 2768 5003 2971 5074; x_wconf 72' lang='grc' dir='ltr'>ἐπειδὴ,</span> <span class='ocrx_word' id='word_1_779' title='bbox 2991 5002 3175 5075; x_wconf 76' lang='grc' dir='ltr'>φησὶν,</span> <span class='ocrx_word' id='word_1_780' title='bbox 3189 5004 3247 5055; x_wconf 81' lang='grc' dir='ltr'>ὲν</span> <span class='ocrx_word' id='word_1_781' title='bbox 3268 5001 3362 5073; x_wconf 80' lang='grc' dir='ltr'>εὐη</span> <span class='ocrx_word' id='word_1_782' title='bbox 3372 5018 3438 5070; x_wconf 89' lang='grc' dir='ltr'><strong>με</strong></span> <span class='ocrx_word' id='word_1_783' title='bbox 3445 5002 3535 5070; x_wconf 65' lang='lat' dir='ltr'><strong>pia</strong></span> <span class='ocrx_word' id='word_1_784' title='bbox 3551 4999 3765 5068; x_wconf 83' lang='grc' dir='ltr'>διάγου.</span> 
     </span>
    </p>
   </div>
   <div class='ocr_carea' id='block_1_105' title="bbox 2197 5090 3766 5174">
    <p class='ocr_par' dir='ltr' id='par_1_105' title="bbox 2197 5090 3766 5174">
     <span class='ocr_line' id='line_1_105' title="bbox 2197 5090 3766 5174; baseline -0.01 -16"><span class='ocrx_word' id='word_1_785' title='bbox 2197 5122 2281 5158; x_wconf 94' lang='grc' dir='ltr'><strong>σιν</strong></span> <span class='ocrx_word' id='word_1_786' title='bbox 2306 5104 2356 5158; x_wconf 87' lang='grc' dir='ltr'><strong>οί</strong></span> <span class='ocrx_word' id='word_1_787' title='bbox 2371 5099 2763 5174; x_wconf 70' lang='grc' dir='ltr'>ἐπηρεάζοντες</span> <span class='ocrx_word' id='word_1_788' title='bbox 2778 5097 2942 5167; x_wconf 80' lang='grc' dir='ltr'>ὑμᾶς,</span> <span class='ocrx_word' id='word_1_789' title='bbox 2962 5093 3230 5165; x_wconf 84' lang='grc' dir='ltr'>προσδοκή</span> <span class='ocrx_word' id='word_1_790' title='bbox 3241 5110 3372 5146; x_wconf 89' lang='grc' dir='ltr'>σωσι</span> <span class='ocrx_word' id='word_1_791' title='bbox 3391 5093 3525 5162; x_wconf 86' lang='grc' dir='ltr'>μήτε</span> <span class='ocrx_word' id='word_1_792' title='bbox 3537 5091 3691 5160; x_wconf 76' lang='grc' dir='ltr'>ἥξειν</span> <span class='ocrx_word' id='word_1_793' title='bbox 3703 5090 3766 5143; x_wconf 69' lang='grc' dir='ltr'>τὸ</span> 
     </span>
    </p>
   </div>
   <div class='ocr_carea' id='block_1_106' title="bbox 2194 5184 3760 5268">
    <p class='ocr_par' dir='ltr' id='par_1_106' title="bbox 2194 5184 3760 5268">
     <span class='ocr_line' id='line_1_106' title="bbox 2194 5184 3760 5268; baseline -0.01 -17"><span class='ocrx_word' id='word_1_794' title='bbox 2194 5196 2348 5261; x_wconf 83' lang='grc' dir='ltr'>τέλος</span> <span class='ocrx_word' id='word_1_795' title='bbox 2374 5213 2387 5226; x_wconf 88' lang='grc'><strong>·</strong></span> <span class='ocrx_word' id='word_1_796' title='bbox 2407 5193 2523 5268; x_wconf 72' lang='grc' dir='ltr'>ἥξει</span> <span class='ocrx_word' id='word_1_797' title='bbox 2540 5192 2648 5262; x_wconf 84' lang='grc' dir='ltr'><strong>γὰρ</strong></span> <span class='ocrx_word' id='word_1_798' title='bbox 2663 5190 2899 5253; x_wconf 82' lang='grc' dir='ltr'>πάντως.</span> <span class='ocrx_word' id='word_1_799' title='bbox 2921 5206 2939 5240; x_wconf 81' lang='grc' dir='ltr'><strong>ι</strong></span> <span class='ocrx_word' id='word_1_800' title='bbox 2965 5187 3099 5240; x_wconf 86' lang='grc' dir='ltr'>Τότε</span> <span class='ocrx_word' id='word_1_801' title='bbox 3125 5184 3218 5239; x_wconf 74' lang='grc' dir='ltr'>καὶ</span> <span class='ocrx_word' id='word_1_802' title='bbox 3235 5184 3497 5256; x_wconf 78' lang='grc' dir='ltr'>αἰφνίδιος</span> <span class='ocrx_word' id='word_1_803' title='bbox 3519 5184 3721 5247; x_wconf 76' lang='grc' dir='ltr'>αὐτοῖς.</span> <span class='ocrx_word' id='word_1_804' title='bbox 3739 5202 3760 5235; x_wconf 73' lang='grc' dir='ltr'><strong>ι</strong></span> 
     </span>
    </p>
   </div>
   <div class='ocr_carea' id='block_1_107' title="bbox 2197 5274 3769 5359">
    <p class='ocr_par' dir='ltr' id='par_1_107' title="bbox 2197 5274 3769 5359">
     <span class='ocr_line' id='line_1_107' title="bbox 2197 5274 3769 5359; baseline -0.011 -16"><span class='ocrx_word' id='word_1_805' title='bbox 2197 5290 2316 5343; x_wconf 83' lang='grc' dir='ltr'>’Ίνα</span> <span class='ocrx_word' id='word_1_806' title='bbox 2358 5288 2431 5359; x_wconf 81' lang='grc' dir='ltr'>μὴ</span> <span class='ocrx_word' id='word_1_807' title='bbox 2464 5281 2894 5354; x_wconf 82' lang='grc' dir='ltr'>ἀπαραμύθητος</span> <span class='ocrx_word' id='word_1_808' title='bbox 2931 5277 3207 5341; x_wconf 85' lang='grc' dir='ltr'>παντελῶς</span> <span class='ocrx_word' id='word_1_809' title='bbox 3231 5276 3440 5346; x_wconf 78' lang='grc' dir='ltr'>γένοιτο</span> <span class='ocrx_word' id='word_1_810' title='bbox 3470 5274 3769 5346; x_wconf 86' lang='grc' dir='ltr'>ήτιμωρία</span> 
     </span>
    </p>
   </div>
   <div class='ocr_carea' id='block_1_108' title="bbox 2195 5366 3768 5448">
    <p class='ocr_par' dir='ltr' id='par_1_108' title="bbox 2195 5366 3768 5448">
     <span class='ocr_line' id='line_1_108' title="bbox 2195 5366 3768 5448; baseline -0.012 -11"><span class='ocrx_word' id='word_1_811' title='bbox 2195 5383 2302 5437; x_wconf 85' lang='grc' dir='ltr'><strong>τῶν</strong></span> <span class='ocrx_word' id='word_1_812' title='bbox 2330 5378 2696 5448; x_wconf 80' lang='grc' dir='ltr'>ἀδικουμένων</span> <span class='ocrx_word' id='word_1_813' title='bbox 2726 5375 2820 5428; x_wconf 80' lang='grc' dir='ltr'>καὶ</span> <span class='ocrx_word' id='word_1_814' title='bbox 2854 5368 3379 5440; x_wconf 81' lang='grc' dir='ltr'>πλεονεκτουμένων,</span> <span class='ocrx_word' id='word_1_815' title='bbox 3432 5368 3524 5422; x_wconf 73' lang='grc' dir='ltr'>καὶ</span> <span class='ocrx_word' id='word_1_816' title='bbox 3551 5366 3633 5419; x_wconf 74' lang='grc' dir='ltr'>ἔτι</span> <span class='ocrx_word' id='word_1_817' title='bbox 3676 5366 3768 5419; x_wconf 77' lang='grc' dir='ltr'><strong>ἵνα</strong></span> 
     </span>
    </p>
   </div>
   <div class='ocr_carea' id='block_1_109' title="bbox 2202 5457 3770 5546">
    <p class='ocr_par' dir='ltr' id='par_1_109' title="bbox 2202 5457 3770 5546">
     <span class='ocr_line' id='line_1_109' title="bbox 2202 5457 3770 5546; baseline -0.012 -18"><span class='ocrx_word' id='word_1_818' title='bbox 2202 5476 2274 5546; x_wconf 81' lang='grc' dir='ltr'>μὴ</span> <span class='ocrx_word' id='word_1_819' title='bbox 2308 5470 2616 5542; x_wconf 84' lang='grc' dir='ltr'>προειδότες</span> <span class='ocrx_word' id='word_1_820' title='bbox 2647 5467 2744 5538; x_wconf 81' lang='grc' dir='ltr'>τὴν</span> <span class='ocrx_word' id='word_1_821' title='bbox 2774 5463 3048 5535; x_wconf 80' lang='grc' dir='ltr'>τελευτὴν,</span> <span class='ocrx_word' id='word_1_822' title='bbox 3078 5460 3318 5532; x_wconf 82' lang='grc' dir='ltr'>ἀνηλεῶς</span> <span class='ocrx_word' id='word_1_823' title='bbox 3354 5458 3489 5521; x_wconf 82' lang='grc' dir='ltr'>ὅλως</span> <span class='ocrx_word' id='word_1_824' title='bbox 3519 5457 3609 5512; x_wconf 72' lang='grc' dir='ltr'><strong>καὶ</strong></span> <span class='ocrx_word' id='word_1_825' title='bbox 3636 5458 3770 5525; x_wconf 77' lang='grc' dir='ltr'>ἀφι-</span> 
     </span>
    </p>
   </div>
   <div class='ocr_carea' id='block_1_110' title="bbox 2198 5547 3771 5636">
    <p class='ocr_par' dir='ltr' id='par_1_110' title="bbox 2198 5547 3771 5636">
     <span class='ocr_line' id='line_1_110' title="bbox 2198 5547 3771 5636; baseline -0.016 -16"><span class='ocrx_word' id='word_1_826' title='bbox 2198 5564 2533 5636; x_wconf 87' lang='grc' dir='ltr'>λανθρώπως</span> <span class='ocrx_word' id='word_1_827' title='bbox 2562 5560 2676 5622; x_wconf 76' lang='grc' dir='ltr'>τοῖς</span> <span class='ocrx_word' id='word_1_828' title='bbox 2702 5554 3109 5625; x_wconf 83' lang='grc' dir='ltr'>ἀσθενεστέροις</span> <span class='ocrx_word' id='word_1_829' title='bbox 3138 5552 3187 5605; x_wconf 79' lang='lat' dir='ltr'><strong>oi</strong></span> <span class='ocrx_word' id='word_1_830' title='bbox 3220 5547 3771 5619; x_wconf 77' lang='grc' dir='ltr'>δυνατώτεροιὲπεμ-</span> 
     </span>
    </p>
   </div>
   <div class='ocr_carea' id='block_1_111' title="bbox 2200 5638 3768 5721">
    <p class='ocr_par' dir='ltr' id='par_1_111' title="bbox 2200 5638 3768 5721">
     <span class='ocr_line' id='line_1_111' title="bbox 2200 5638 3768 5721; baseline -0.012 -10"><span class='ocrx_word' id='word_1_831' title='bbox 2200 5658 2495 5719; x_wconf 80' lang='grc' dir='ltr'>ϐαίνοντες,</span> <span class='ocrx_word' id='word_1_832' title='bbox 2516 5653 2591 5717; x_wconf 72' lang='grc' dir='ltr'><strong>τίς</strong></span> <span class='ocrx_word' id='word_1_833' title='bbox 2615 5648 2958 5721; x_wconf 75' lang='grc' dir='ltr'>βλασφημίαν</span> <span class='ocrx_word' id='word_1_834' title='bbox 2976 5647 3069 5700; x_wconf 78' lang='grc' dir='ltr'>καὶ</span> <span class='ocrx_word' id='word_1_835' title='bbox 3084 5641 3391 5714; x_wconf 80' lang='grc' dir='ltr'>ἀμηχανίαν</span> <span class='ocrx_word' id='word_1_836' title='bbox 3412 5638 3768 5692; x_wconf 74' lang='grc' dir='ltr'>συνελάσωσι.</span> 
     </span>
    </p>
   </div>
   <div class='ocr_carea' id='block_1_112' title="bbox 533 5722 2080 5827">
    <p class='ocr_par' dir='ltr' id='par_1_112' title="bbox 533 5722 2080 5827">
     <span class='ocr_line' id='line_1_112' title="bbox 533 5722 2080 5827; baseline -0.006 -16"><span class='ocrx_word' id='word_1_837' title='bbox 533 5773 601 5813; x_wconf 83' lang='lat' dir='ltr'><strong>ac</strong></span> <span class='ocrx_word' id='word_1_838' title='bbox 636 5722 1067 5827; x_wconf 73' lang='lat' dir='ltr'><strong>desperationem</strong></span> <span class='ocrx_word' id='word_1_839' title='bbox 1111 5755 1458 5825; x_wconf 86' lang='lat' dir='ltr'><strong>compellant.</strong></span> <span class='ocrx_word' id='word_1_840' title='bbox 1509 5752 1574 5806; x_wconf 82' lang='lat' dir='ltr'><strong>Et</strong></span> <span class='ocrx_word' id='word_1_841' title='bbox 1606 5749 1880 5822; x_wconf 87' lang='lat' dir='ltr'><strong>quomodo</strong></span> <span class='ocrx_word' id='word_1_842' title='bbox 1912 5750 1987 5803; x_wconf 90' lang='lat' dir='ltr'><strong>ait</strong></span> <span class='ocrx_word' id='word_1_843' title='bbox 2022 5762 2080 5802; x_wconf 90' lang='lat' dir='ltr'><strong>re</strong></span> 
     </span>
    </p>
   </div>
   <div class='ocr_carea' id='block_1_113' title="bbox 2187 5722 3772 5827">
    <p class='ocr_par' dir='ltr' id='par_1_113' title="bbox 2200 5722 3772 5806">
     <span class='ocr_line' id='line_1_113' title="bbox 2200 5722 3772 5806; baseline -0.015 -9"><span class='ocrx_word' id='word_1_844' title='bbox 2200 5743 2310 5798; x_wconf 70' lang='grc' dir='ltr'><strong>Καὶ</strong></span> <span class='ocrx_word' id='word_1_845' title='bbox 2343 5740 2461 5803; x_wconf 84' lang='grc' dir='ltr'><strong>πῶς</strong></span> <span class='ocrx_word' id='word_1_846' title='bbox 2492 5735 2756 5806; x_wconf 70' lang='grc' dir='ltr'>αἰφνίδιον</span> <span class='ocrx_word' id='word_1_847' title='bbox 2785 5730 2932 5800; x_wconf 81' lang='grc' dir='ltr'>λέγει</span> <span class='ocrx_word' id='word_1_848' title='bbox 2964 5728 3218 5801; x_wconf 77' lang='grc' dir='ltr'>ἔρχεσθαι</span> <span class='ocrx_word' id='word_1_849' title='bbox 3269 5727 3357 5780; x_wconf 75' lang='grc' dir='ltr'>τὸν</span> <span class='ocrx_word' id='word_1_850' title='bbox 3395 5723 3635 5793; x_wconf 75' lang='grc' dir='ltr'>ὄλεθρον,</span> <span class='ocrx_word' id='word_1_851' title='bbox 3671 5722 3772 5774; x_wconf 75' lang='grc' dir='ltr'>τοῦ</span> 
     </span>
    </p>
   </div>
   <div class='ocr_carea' id='block_1_114' title="bbox 536 5842 2097 5922">
    <p class='ocr_par' dir='ltr' id='par_1_114' title="bbox 536 5842 2097 5922">
     <span class='ocr_line' id='line_1_114' title="bbox 536 5842 2097 5922; baseline -0.006 -17"><span class='ocrx_word' id='word_1_852' title='bbox 536 5852 813 5922; x_wconf 83' lang='lat' dir='ltr'><strong>pontinum</strong></span> <span class='ocrx_word' id='word_1_853' title='bbox 866 5850 1153 5907; x_wconf 86' lang='lat' dir='ltr'><strong>imminere</strong></span> <span class='ocrx_word' id='word_1_854' title='bbox 1211 5848 1515 5906; x_wconf 88' lang='lat' dir='ltr'><strong>interitum.</strong></span> <span class='ocrx_word' id='word_1_855' title='bbox 1565 5859 1687 5900; x_wconf 88' lang='lat' dir='ltr'><strong>cum</strong></span> <span class='ocrx_word' id='word_1_856' title='bbox 1749 5842 1895 5897; x_wconf 82' lang='lat' dir='ltr'><strong>Elias</strong></span> <span class='ocrx_word' id='word_1_857' title='bbox 1941 5850 2097 5896; x_wconf 85' lang='lat' dir='ltr'><strong>antea</strong></span> 
     </span>
    </p>
   </div>
   <div class='ocr_carea' id='block_1_115' title="bbox 2211 5811 3775 5905">
    <p class='ocr_par' dir='ltr' id='par_1_115' title="bbox 2211 5811 3775 5905">
     <span class='ocr_line' id='line_1_115' title="bbox 2211 5811 3775 5905; baseline -0.019 -13"><span class='ocrx_word' id='word_1_858' title='bbox 2211 5835 2393 5893; x_wconf 83' lang='grc' dir='ltr'>Ἠλίου</span> <span class='ocrx_word' id='word_1_859' title='bbox 2443 5827 2847 5905; x_wconf 79' lang='grc' dir='ltr'>προερχομένου</span> <span class='ocrx_word' id='word_1_860' title='bbox 2879 5823 2972 5879; x_wconf 76' lang='grc' dir='ltr'>καὶ</span> <span class='ocrx_word' id='word_1_861' title='bbox 3007 5820 3099 5875; x_wconf 77' lang='grc' dir='ltr'>τοῦ</span> <span class='ocrx_word' id='word_1_862' title='bbox 3138 5817 3507 5888; x_wconf 77' lang='grc' dir='ltr'>Ἀντιχρίστου</span> <span class='ocrx_word' id='word_1_863' title='bbox 3534 5832 3551 5880; x_wconf 81' lang='grc'>;</span> <span class='ocrx_word' id='word_1_864' title='bbox 3584 5811 3775 5884; x_wconf 66' lang='grc' dir='ltr'>Φαμὲν</span> 
     </span>
    </p>
   </div>
  </div>
