  <div class='ocr_page' id='page_1' title='image "/cluster/home/n/w/nwhite01/storage/ocr_20150623/119/hvd.32044019208156/056.png"; bbox 0 0 4036 6612; ppageno 0'>
   <div class='ocr_carea' id='block_1_1' title="bbox 266 326 3523 402">
    <p class='ocr_par' dir='ltr' id='par_1_1' title="bbox 266 326 3523 402">
     <span class='ocr_line' id='line_1_1' title="bbox 266 326 3523 402; baseline -0.002 -11"><span class='ocrx_word' id='word_1_1' title='bbox 266 335 346 402; x_wconf 72' lang='lat'><strong>9&#39;1</strong></span> <span class='ocrx_word' id='word_1_2' title='bbox 1199 327 1581 389; x_wconf 77' lang='lat' dir='ltr'><strong>COMMENT.</strong></span> <span class='ocrx_word' id='word_1_3' title='bbox 1630 326 1972 395; x_wconf 71' lang='lat' dir='ltr'><strong>IN,EPIST</strong></span> <span class='ocrx_word' id='word_1_4' title='bbox 2005 327 2033 385; x_wconf 91' lang='lat'><strong>1</strong></span> <span class='ocrx_word' id='word_1_5' title='bbox 2077 327 2174 387; x_wconf 80' lang='lat' dir='ltr'><strong>AD</strong></span> <span class='ocrx_word' id='word_1_6' title='bbox 2207 327 2570 387; x_wconf 69' lang='lat' dir='ltr'><strong>THESSAL.</strong></span> <span class='ocrx_word' id='word_1_7' title='bbox 3452 333 3523 395; x_wconf 79' lang='lat'><strong>98</strong></span> 
     </span>
    </p>
   </div>
   <div class='ocr_carea' id='block_1_2' title="bbox 266 434 1863 513">
    <p class='ocr_par' dir='ltr' id='par_1_2' title="bbox 266 438 1855 511">
     <span class='ocr_line' id='line_1_2' title="bbox 266 438 1855 511; baseline -0.005 -12"><span class='ocrx_word' id='word_1_8' title='bbox 266 451 380 510; x_wconf 75' lang='grc' dir='ltr'><strong>ὁτι,</strong></span> <span class='ocrx_word' id='word_1_9' title='bbox 404 442 500 498; x_wconf 76' lang='grc' dir='ltr'><strong>τοὺ</strong></span> <span class='ocrx_word' id='word_1_10' title='bbox 545 450 644 511; x_wconf 73' lang='grc' dir='ltr'><strong>μὲν</strong></span> <span class='ocrx_word' id='word_1_11' title='bbox 665 442 852 502; x_wconf 78' lang='grc' dir='ltr'>τέλους</span> <span class='ocrx_word' id='word_1_12' title='bbox 886 441 1088 510; x_wconf 77' lang='grc' dir='ltr'><strong>σημεῖα</strong></span> <span class='ocrx_word' id='word_1_13' title='bbox 1118 439 1309 505; x_wconf 76' lang='grc' dir='ltr'><strong>ταῦτα,</strong></span> <span class='ocrx_word' id='word_1_14' title='bbox 1336 439 1436 508; x_wconf 82' lang='grc' dir='ltr'><strong>τῆς</strong></span> <span class='ocrx_word' id='word_1_15' title='bbox 1462 438 1520 492; x_wconf 80' lang='grc' dir='ltr'><strong>δὲ</strong></span> <span class='ocrx_word' id='word_1_16' title='bbox 1550 438 1855 510; x_wconf 75' lang='grc' dir='ltr'><strong>παρουσίας</strong></span> 
     </span>
    </p>
   </div>
   <div class='ocr_carea' id='block_1_3' title="bbox 1963 434 3533 513">
    <p class='ocr_par' dir='ltr' id='par_1_3' title="bbox 1963 434 3533 513">
     <span class='ocr_line' id='line_1_3' title="bbox 1963 434 3533 513; baseline 0.007 -23"><span class='ocrx_word' id='word_1_17' title='bbox 1963 446 2224 492; x_wconf 82' lang='lat' dir='ltr'><strong>venturus</strong></span> <span class='ocrx_word' id='word_1_18' title='bbox 2261 437 2335 493; x_wconf 90' lang='lat' dir='ltr'><strong>sit</strong></span> <span class='ocrx_word' id='word_1_19' title='bbox 2376 445 2431 492; x_wconf 87' lang='lat' dir='ltr'><strong>et</strong></span> <span class='ocrx_word' id='word_1_20' title='bbox 2479 434 2901 495; x_wconf 78' lang='lat' dir='ltr'><strong>Antichristus?</strong></span> <span class='ocrx_word' id='word_1_21' title='bbox 2946 437 3189 496; x_wconf 77' lang='lat' dir='ltr'><strong>Dicimus</strong></span> <span class='ocrx_word' id='word_1_22' title='bbox 3227 444 3372 513; x_wconf 85' lang='lat' dir='ltr'><strong>quod</strong></span> <span class='ocrx_word' id='word_1_23' title='bbox 3418 444 3533 501; x_wconf 66' lang='lat' dir='ltr'><strong>haec</strong></span> 
     </span>
    </p>
   </div>
   <div class='ocr_carea' id='block_1_4' title="bbox 264 530 1852 606">
    <p class='ocr_par' dir='ltr' id='par_1_4' title="bbox 264 530 1852 606">
     <span class='ocr_line' id='line_1_4' title="bbox 264 530 1852 606; baseline -0.005 -15"><span class='ocrx_word' id='word_1_24' title='bbox 264 539 367 591; x_wconf 75' lang='grc' dir='ltr'><strong>τοῦ</strong></span> <span class='ocrx_word' id='word_1_25' title='bbox 393 535 633 606; x_wconf 77' lang='grc' dir='ltr'><strong>Χριστοῦ</strong></span> <span class='ocrx_word' id='word_1_26' title='bbox 668 539 771 588; x_wconf 76' lang='grc' dir='ltr'><strong>οὐκ</strong></span> <span class='ocrx_word' id='word_1_27' title='bbox 792 534 893 588; x_wconf 77' lang='grc' dir='ltr'><strong>ἔτι.</strong></span> <span class='ocrx_word' id='word_1_28' title='bbox 923 532 1198 603; x_wconf 83' lang='grc' dir='ltr'><strong>Δίφνίδιος</strong></span> <span class='ocrx_word' id='word_1_29' title='bbox 1217 534 1324 601; x_wconf 85' lang='grc' dir='ltr'>γὰρ</span> <span class='ocrx_word' id='word_1_30' title='bbox 1345 531 1520 585; x_wconf 77' lang='grc' dir='ltr'><strong>ἔσται.</strong></span> <span class='ocrx_word' id='word_1_31' title='bbox 1548 550 1569 583; x_wconf 78' lang='grc' dir='ltr'>ι</span> <span class='ocrx_word' id='word_1_32' title='bbox 1599 531 1771 594; x_wconf 77' lang='grc' dir='ltr'><strong>Αὐτὸς</strong></span> <span class='ocrx_word' id='word_1_33' title='bbox 1794 530 1852 583; x_wconf 74' lang='grc' dir='ltr'><strong>δὲ</strong></span> 
     </span>
    </p>
   </div>
   <div class='ocr_carea' id='block_1_5' title="bbox 266 620 1853 695">
    <p class='ocr_par' dir='ltr' id='par_1_5' title="bbox 266 620 1853 695">
     <span class='ocr_line' id='line_1_5' title="bbox 266 620 1853 695; baseline -0.006 -13"><span class='ocrx_word' id='word_1_34' title='bbox 266 626 547 682; x_wconf 76' lang='grc' dir='ltr'><strong>ἀποδώσει</strong></span> <span class='ocrx_word' id='word_1_35' title='bbox 600 625 819 695; x_wconf 75' lang='grc' dir='ltr'><strong>ἑκάστῳ</strong></span> <span class='ocrx_word' id='word_1_36' title='bbox 848 625 989 678; x_wconf 83' lang='grc' dir='ltr'><strong>κατὰ</strong></span> <span class='ocrx_word' id='word_1_37' title='bbox 1024 622 1096 677; x_wconf 74' lang='grc' dir='ltr'><strong>τὰ</strong></span> <span class='ocrx_word' id='word_1_38' title='bbox 1123 623 1258 694; x_wconf 77' lang='grc' dir='ltr'>ἔργα</span> <span class='ocrx_word' id='word_1_39' title='bbox 1296 621 1483 678; x_wconf 72' lang='grc' dir='ltr'><strong>αὐτοῦ.</strong></span> <span class='ocrx_word' id='word_1_40' title='bbox 1521 641 1539 673; x_wconf 74' lang='grc' dir='ltr'>ι</span> <span class='ocrx_word' id='word_1_41' title='bbox 1574 620 1769 683; x_wconf 80' lang='grc' dir='ltr'><strong>Καλῶς</strong></span> <span class='ocrx_word' id='word_1_42' title='bbox 1794 620 1853 673; x_wconf 79' lang='grc' dir='ltr'><strong>δὲ</strong></span> 
     </span>
    </p>
   </div>
   <div class='ocr_carea' id='block_1_6' title="bbox 266 711 1854 785">
    <p class='ocr_par' dir='ltr' id='par_1_6' title="bbox 266 711 1854 785">
     <span class='ocr_line' id='line_1_6' title="bbox 266 711 1854 785; baseline -0.006 -13"><span class='ocrx_word' id='word_1_43' title='bbox 266 719 334 772; x_wconf 74' lang='grc' dir='ltr'><strong>δὲ</strong></span> <span class='ocrx_word' id='word_1_44' title='bbox 364 719 429 771; x_wconf 78' lang='grc' dir='ltr'><strong>τὸ</strong></span> <span class='ocrx_word' id='word_1_45' title='bbox 450 717 755 785; x_wconf 73' lang='grc' dir='ltr'><strong>ὑπόδειγμα</strong></span> <span class='ocrx_word' id='word_1_46' title='bbox 789 716 1000 769; x_wconf 78' lang='grc' dir='ltr'><strong>τέθεικε</strong></span> <span class='ocrx_word' id='word_1_47' title='bbox 1025 715 1129 782; x_wconf 82' lang='grc' dir='ltr'><strong>τῆς</strong></span> <span class='ocrx_word' id='word_1_48' title='bbox 1157 716 1213 767; x_wconf 78' lang='grc' dir='ltr'>ὲν</span> <span class='ocrx_word' id='word_1_49' title='bbox 1241 713 1438 783; x_wconf 75' lang='grc' dir='ltr'><strong>γαστρὶ</strong></span> <span class='ocrx_word' id='word_1_50' title='bbox 1463 714 1712 783; x_wconf 72' lang='grc' dir='ltr'><strong>ἐχούσης.</strong></span> <span class='ocrx_word' id='word_1_51' title='bbox 1747 711 1854 767; x_wconf 72' lang='grc' dir='ltr'><strong>Καὶ</strong></span> 
     </span>
    </p>
   </div>
   <div class='ocr_carea' id='block_1_7' title="bbox 268 804 1851 880">
    <p class='ocr_par' dir='ltr' id='par_1_7' title="bbox 268 804 1851 880">
     <span class='ocr_line' id='line_1_7' title="bbox 268 804 1851 880; baseline -0.004 -18"><span class='ocrx_word' id='word_1_52' title='bbox 268 814 388 880; x_wconf 69' lang='grc' dir='ltr'>γὰρ</span> <span class='ocrx_word' id='word_1_53' title='bbox 414 810 507 863; x_wconf 71' lang='grc' dir='ltr'><strong>καὶ</strong></span> <span class='ocrx_word' id='word_1_54' title='bbox 542 807 684 876; x_wconf 78' lang='grc' dir='ltr'><strong>αὕτη</strong></span> <span class='ocrx_word' id='word_1_55' title='bbox 739 811 940 877; x_wconf 83' lang='grc' dir='ltr'><strong>σημεῖα</strong></span> <span class='ocrx_word' id='word_1_56' title='bbox 992 806 1093 876; x_wconf 78' lang='grc' dir='ltr'><strong>μὲν</strong></span> <span class='ocrx_word' id='word_1_57' title='bbox 1151 806 1264 876; x_wconf 82' lang='grc' dir='ltr'><strong>ἔχει</strong></span> <span class='ocrx_word' id='word_1_58' title='bbox 1311 804 1405 859; x_wconf 80' lang='grc' dir='ltr'><strong>τοῦ</strong></span> <span class='ocrx_word' id='word_1_59' title='bbox 1461 805 1624 858; x_wconf 85' lang='grc' dir='ltr'><strong>τόκου</strong></span> <span class='ocrx_word' id='word_1_60' title='bbox 1660 804 1851 869; x_wconf 71' lang='grc' dir='ltr'><strong>πολλὰ,</strong></span> 
     </span>
    </p>
   </div>
   <div class='ocr_carea' id='block_1_8' title="bbox 266 896 1853 971">
    <p class='ocr_par' dir='ltr' id='par_1_8' title="bbox 266 896 1853 971">
     <span class='ocr_line' id='line_1_8' title="bbox 266 896 1853 971; baseline -0.006 -15"><span class='ocrx_word' id='word_1_61' title='bbox 266 902 450 969; x_wconf 75' lang='grc' dir='ltr'><strong>αὐτῆς</strong></span> <span class='ocrx_word' id='word_1_62' title='bbox 471 902 527 955; x_wconf 83' lang='grc' dir='ltr'><strong>δὲ</strong></span> <span class='ocrx_word' id='word_1_63' title='bbox 552 901 653 969; x_wconf 80' lang='grc' dir='ltr'><strong>τῆς</strong></span> <span class='ocrx_word' id='word_1_64' title='bbox 683 900 885 971; x_wconf 80' lang='grc' dir='ltr'><strong>ὧραςῆ</strong></span> <span class='ocrx_word' id='word_1_65' title='bbox 916 898 1018 968; x_wconf 79' lang='grc' dir='ltr'><strong>τῆς</strong></span> <span class='ocrx_word' id='word_1_66' title='bbox 1047 897 1259 969; x_wconf 75' lang='grc' dir='ltr'><strong>ἡμέρας</strong></span> <span class='ocrx_word' id='word_1_67' title='bbox 1289 897 1388 950; x_wconf 82' lang='grc' dir='ltr'><strong>οὐκ</strong></span> <span class='ocrx_word' id='word_1_68' title='bbox 1409 896 1508 949; x_wconf 76' lang='grc' dir='ltr'><strong>ἔτι.</strong></span> <span class='ocrx_word' id='word_1_69' title='bbox 1544 896 1753 958; x_wconf 72' lang='grc' dir='ltr'><strong>Ἄλλως</strong></span> <span class='ocrx_word' id='word_1_70' title='bbox 1772 896 1853 961; x_wconf 72' lang='grc' dir='ltr'><strong>δὲ,</strong></span> 
     </span>
    </p>
   </div>
   <div class='ocr_carea' id='block_1_9' title="bbox 273 981 1851 1059">
    <p class='ocr_par' dir='ltr' id='par_1_9' title="bbox 273 981 1851 1059">
     <span class='ocr_line' id='line_1_9' title="bbox 273 981 1851 1059; baseline -0.001 -17"><span class='ocrx_word' id='word_1_71' title='bbox 273 992 372 1042; x_wconf 77' lang='grc' dir='ltr'><strong>καὶ</strong></span> <span class='ocrx_word' id='word_1_72' title='bbox 406 990 497 1043; x_wconf 72' lang='grc' dir='ltr'><strong>διὰ</strong></span> <span class='ocrx_word' id='word_1_73' title='bbox 527 990 590 1042; x_wconf 76' lang='grc' dir='ltr'><strong>τὸ</strong></span> <span class='ocrx_word' id='word_1_74' title='bbox 622 991 719 1059; x_wconf 85' lang='grc' dir='ltr'><strong>τῆς</strong></span> <span class='ocrx_word' id='word_1_75' title='bbox 746 989 939 1058; x_wconf 79' lang='grc' dir='ltr'><strong>ὀδύνης</strong></span> <span class='ocrx_word' id='word_1_76' title='bbox 969 987 1155 1059; x_wconf 82' lang='grc' dir='ltr'><strong>δριμὺ,</strong></span> <span class='ocrx_word' id='word_1_77' title='bbox 1185 987 1265 1049; x_wconf 83' lang='grc' dir='ltr'><strong>είς</strong></span> <span class='ocrx_word' id='word_1_78' title='bbox 1293 986 1459 1056; x_wconf 80' lang='grc' dir='ltr'><strong>μέσον</strong></span> <span class='ocrx_word' id='word_1_79' title='bbox 1491 985 1695 1056; x_wconf 79' lang='grc' dir='ltr'><strong>ταύτην</strong></span> <span class='ocrx_word' id='word_1_80' title='bbox 1730 981 1851 1057; x_wconf 76' lang='grc' dir='ltr'><strong>ἦξε.</strong></span> 
     </span>
    </p>
   </div>
   <div class='ocr_carea' id='block_1_10' title="bbox 283 1077 1856 1151">
    <p class='ocr_par' dir='ltr' id='par_1_10' title="bbox 283 1077 1856 1151">
     <span class='ocr_line' id='line_1_10' title="bbox 283 1077 1856 1151; baseline -0.003 -17"><span class='ocrx_word' id='word_1_81' title='bbox 283 1080 349 1134; x_wconf 85' lang='grc' dir='ltr'>Ὀ</span> <span class='ocrx_word' id='word_1_82' title='bbox 378 1081 438 1134; x_wconf 76' lang='grc' dir='ltr'><strong>δὲ</strong></span> <span class='ocrx_word' id='word_1_83' title='bbox 466 1080 700 1151; x_wconf 82' lang='grc' dir='ltr'><strong>Χριστὸς</strong></span> <span class='ocrx_word' id='word_1_84' title='bbox 733 1080 829 1133; x_wconf 75' lang='grc' dir='ltr'><strong>καὶ</strong></span> <span class='ocrx_word' id='word_1_85' title='bbox 877 1078 1006 1143; x_wconf 84' lang='grc' dir='ltr'><strong>Θεός</strong></span> <span class='ocrx_word' id='word_1_86' title='bbox 1060 1095 1183 1146; x_wconf 87' lang='grc' dir='ltr'><strong>μου,</strong></span> <span class='ocrx_word' id='word_1_87' title='bbox 1233 1079 1364 1148; x_wconf 74' lang='grc' dir='ltr'><strong>περὶ</strong></span> <span class='ocrx_word' id='word_1_88' title='bbox 1415 1080 1513 1148; x_wconf 84' lang='grc' dir='ltr'><strong>τῆς</strong></span> <span class='ocrx_word' id='word_1_89' title='bbox 1547 1077 1856 1141; x_wconf 76' lang='grc' dir='ltr'><strong>συντελείας</strong></span> 
     </span>
    </p>
   </div>
   <div class='ocr_carea' id='block_1_11' title="bbox 276 1168 1854 1241">
    <p class='ocr_par' dir='ltr' id='par_1_11' title="bbox 276 1168 1854 1241">
     <span class='ocr_line' id='line_1_11' title="bbox 276 1168 1854 1241; baseline -0.002 -18"><span class='ocrx_word' id='word_1_90' title='bbox 276 1171 658 1241; x_wconf 84' lang='grc' dir='ltr'><strong>μνημονεύων,</strong></span> <span class='ocrx_word' id='word_1_91' title='bbox 685 1171 764 1240; x_wconf 80' lang='grc' dir='ltr'><strong>τῷ</strong></span> <span class='ocrx_word' id='word_1_92' title='bbox 791 1172 884 1223; x_wconf 79' lang='grc' dir='ltr'><strong>τοῦ</strong></span> <span class='ocrx_word' id='word_1_93' title='bbox 914 1169 1035 1224; x_wconf 81' lang='grc' dir='ltr'><strong>Λὼτ</strong></span> <span class='ocrx_word' id='word_1_94' title='bbox 1058 1171 1151 1223; x_wconf 78' lang='grc' dir='ltr'><strong>καὶ</strong></span> <span class='ocrx_word' id='word_1_95' title='bbox 1175 1169 1270 1223; x_wconf 84' lang='grc' dir='ltr'><strong>τοῦ</strong></span> <span class='ocrx_word' id='word_1_96' title='bbox 1296 1168 1418 1223; x_wconf 78' lang='grc' dir='ltr'><strong>Νῶε</strong></span> <span class='ocrx_word' id='word_1_97' title='bbox 1448 1169 1854 1239; x_wconf 76' lang='grc' dir='ltr'><strong>παραδείγματι</strong></span> 
     </span>
    </p>
   </div>
   <div class='ocr_carea' id='block_1_12' title="bbox 275 1260 1856 1334">
    <p class='ocr_par' dir='ltr' id='par_1_12' title="bbox 275 1260 1856 1334">
     <span class='ocr_line' id='line_1_12' title="bbox 275 1260 1856 1334; baseline -0.002 -18"><span class='ocrx_word' id='word_1_98' title='bbox 275 1266 573 1334; x_wconf 72' lang='grc' dir='ltr'><strong>ἰχρήσατο.</strong></span> <span class='ocrx_word' id='word_1_99' title='bbox 604 1262 791 1317; x_wconf 82' lang='grc' dir='ltr'><strong>Ταῦτα</strong></span> <span class='ocrx_word' id='word_1_100' title='bbox 816 1262 946 1329; x_wconf 75' lang='grc' dir='ltr'><strong>περὶ</strong></span> <span class='ocrx_word' id='word_1_101' title='bbox 963 1262 1063 1329; x_wconf 76' lang='grc' dir='ltr'><strong>τῆς</strong></span> <span class='ocrx_word' id='word_1_102' title='bbox 1092 1261 1278 1331; x_wconf 81' lang='grc' dir='ltr'><strong>κοινῆς</strong></span> <span class='ocrx_word' id='word_1_103' title='bbox 1303 1261 1628 1323; x_wconf 76' lang='grc' dir='ltr'><strong>συντελείας.</strong></span> <span class='ocrx_word' id='word_1_104' title='bbox 1660 1260 1724 1312; x_wconf 85' lang='grc' dir='ltr'><strong>Ἦ</strong></span> <span class='ocrx_word' id='word_1_105' title='bbox 1746 1261 1856 1331; x_wconf 80' lang='grc' dir='ltr'>γὰρ</span> 
     </span>
    </p>
   </div>
   <div class='ocr_carea' id='block_1_13' title="bbox 279 1349 1850 1425">
    <p class='ocr_par' dir='ltr' id='par_1_13' title="bbox 279 1349 1850 1425">
     <span class='ocr_line' id='line_1_13' title="bbox 279 1349 1850 1425; baseline -0.002 -19"><span class='ocrx_word' id='word_1_106' title='bbox 279 1356 391 1408; x_wconf 72' lang='grc' dir='ltr'><strong>ἰδία</strong></span> <span class='ocrx_word' id='word_1_107' title='bbox 422 1356 676 1417; x_wconf 76' lang='grc' dir='ltr'><strong>ἑκάστου,</strong></span> <span class='ocrx_word' id='word_1_108' title='bbox 706 1356 829 1408; x_wconf 79' lang='grc' dir='ltr'><strong>οὐδὲ</strong></span> <span class='ocrx_word' id='word_1_109' title='bbox 865 1352 1169 1425; x_wconf 73' lang='grc' dir='ltr'><strong>ἀμφίϐολόν</strong></span> <span class='ocrx_word' id='word_1_110' title='bbox 1198 1353 1346 1405; x_wconf 73' lang='grc' dir='ltr'><strong>ἐστιν</strong></span> <span class='ocrx_word' id='word_1_111' title='bbox 1373 1353 1455 1405; x_wconf 85' lang='grc' dir='ltr'><strong>ὃτι</strong></span> <span class='ocrx_word' id='word_1_112' title='bbox 1477 1349 1649 1413; x_wconf 78' lang='grc' dir='ltr'><strong>οὕτως</strong></span> <span class='ocrx_word' id='word_1_113' title='bbox 1675 1350 1850 1403; x_wconf 77' lang='grc' dir='ltr'><strong>ἔσται.</strong></span> 
     </span>
    </p>
   </div>
   <div class='ocr_carea' id='block_1_14' title="bbox 279 1441 1850 1517">
    <p class='ocr_par' dir='ltr' id='par_1_14' title="bbox 279 1441 1850 1517">
     <span class='ocr_line' id='line_1_14' title="bbox 279 1441 1850 1517; baseline -0.005 -17"><span class='ocrx_word' id='word_1_114' title='bbox 279 1463 305 1499; x_wconf 73' lang='grc' dir='ltr'>ι</span> <span class='ocrx_word' id='word_1_115' title='bbox 346 1447 459 1500; x_wconf 81' lang='grc' dir='ltr'><strong>Καὶ</strong></span> <span class='ocrx_word' id='word_1_116' title='bbox 483 1447 547 1500; x_wconf 84' lang='grc' dir='ltr'><strong>οὑ</strong></span> <span class='ocrx_word' id='word_1_117' title='bbox 584 1448 662 1517; x_wconf 80' lang='grc' dir='ltr'><strong>μὴ</strong></span> <span class='ocrx_word' id='word_1_118' title='bbox 691 1445 1026 1515; x_wconf 71' lang='grc' dir='ltr'><strong>ἐκφύγωσι.»</strong></span> <span class='ocrx_word' id='word_1_119' title='bbox 1064 1445 1167 1498; x_wconf 83' lang='grc' dir='ltr'><strong>Τόν</strong></span> <span class='ocrx_word' id='word_1_120' title='bbox 1194 1461 1256 1498; x_wconf 76' lang='grc' dir='ltr'><strong>τε</strong></span> <span class='ocrx_word' id='word_1_121' title='bbox 1296 1445 1456 1498; x_wconf 79' lang='grc' dir='ltr'><strong>πόνον</strong></span> <span class='ocrx_word' id='word_1_122' title='bbox 1484 1442 1579 1495; x_wconf 73' lang='lat' dir='ltr'><strong>xci.</strong></span> <span class='ocrx_word' id='word_1_123' title='bbox 1610 1441 1850 1511; x_wconf 75' lang='grc' dir='ltr'><strong>ὀλεθρον,</strong></span> 
     </span>
    </p>
   </div>
   <div class='ocr_carea' id='block_1_15' title="bbox 273 1532 1855 1607">
    <p class='ocr_par' dir='ltr' id='par_1_15' title="bbox 273 1532 1855 1607">
     <span class='ocr_line' id='line_1_15' title="bbox 273 1532 1855 1607; baseline -0.004 -16"><span class='ocrx_word' id='word_1_124' title='bbox 273 1540 331 1591; x_wconf 77' lang='grc' dir='ltr'><strong>οἱ</strong></span> <span class='ocrx_word' id='word_1_125' title='bbox 358 1539 457 1607; x_wconf 82' lang='grc' dir='ltr'><strong>τὴν</strong></span> <span class='ocrx_word' id='word_1_126' title='bbox 504 1540 731 1607; x_wconf 75' lang='grc' dir='ltr'><strong>εἰρήνην</strong></span> <span class='ocrx_word' id='word_1_127' title='bbox 777 1537 870 1589; x_wconf 76' lang='grc' dir='ltr'><strong>καὶ</strong></span> <span class='ocrx_word' id='word_1_128' title='bbox 916 1538 1015 1605; x_wconf 71' lang='grc' dir='ltr'><strong>τὴν</strong></span> <span class='ocrx_word' id='word_1_129' title='bbox 1070 1535 1368 1605; x_wconf 78' lang='grc' dir='ltr'><strong>ἀσφάλειαν</strong></span> <span class='ocrx_word' id='word_1_130' title='bbox 1417 1533 1683 1602; x_wconf 73' lang='grc' dir='ltr'><strong>λέγοντες.</strong></span> <span class='ocrx_word' id='word_1_131' title='bbox 1719 1532 1855 1602; x_wconf 75' lang='grc' dir='ltr'><strong>Περὶ</strong></span> 
     </span>
    </p>
   </div>
   <div class='ocr_carea' id='block_1_16' title="bbox 279 1627 922 1699">
    <p class='ocr_par' dir='ltr' id='par_1_16' title="bbox 279 1627 922 1699">
     <span class='ocr_line' id='line_1_16' title="bbox 279 1627 922 1699; baseline -0.002 -19"><span class='ocrx_word' id='word_1_132' title='bbox 279 1627 625 1699; x_wconf 77' lang='grc' dir='ltr'><strong>ἁμαρτωλῶν</strong></span> <span class='ocrx_word' id='word_1_133' title='bbox 656 1627 712 1679; x_wconf 80' lang='grc' dir='ltr'><strong>δὲ</strong></span> <span class='ocrx_word' id='word_1_134' title='bbox 752 1627 922 1695; x_wconf 83' lang='grc' dir='ltr'><strong>λέγει.</strong></span> 
     </span>
    </p>
   </div>
   <div class='ocr_carea' id='block_1_17' title="bbox 362 1759 1933 1871">
    <p class='ocr_par' dir='ltr' id='par_1_17' title="bbox 362 1759 1933 1871">
     <span class='ocr_line' id='line_1_17' title="bbox 362 1759 1933 1871; baseline -0.002 -14"><span class='ocrx_word' id='word_1_135' title='bbox 362 1801 565 1871; x_wconf 80' lang='grc' dir='ltr'><strong>’Υμεῖς</strong></span> <span class='ocrx_word' id='word_1_136' title='bbox 590 1801 677 1863; x_wconf 79' lang='grc' dir='ltr'><strong>δὲ,</strong></span> <span class='ocrx_word' id='word_1_137' title='bbox 719 1800 992 1869; x_wconf 62' lang='grc' dir='ltr'><strong>ἀδελφοί,</strong></span> <span class='ocrx_word' id='word_1_138' title='bbox 1034 1800 1146 1854; x_wconf 78' lang='grc' dir='ltr'><strong>οὐκ</strong></span> <span class='ocrx_word' id='word_1_139' title='bbox 1176 1759 1320 1854; x_wconf 55' lang='grc' dir='ltr'><strong>ἐστὲ</strong></span> <span class='ocrx_word' id='word_1_140' title='bbox 1371 1798 1441 1852; x_wconf 80' lang='grc' dir='ltr'><strong>ἐν</strong></span> <span class='ocrx_word' id='word_1_141' title='bbox 1476 1799 1701 1864; x_wconf 78' lang='grc' dir='ltr'><strong>σκότει,</strong></span> <span class='ocrx_word' id='word_1_142' title='bbox 1758 1800 1861 1854; x_wconf 76' lang='grc' dir='ltr'><strong>ἵνα</strong></span> <span class='ocrx_word' id='word_1_143' title='bbox 1892 1813 1933 1869; x_wconf 73' lang='grc' dir='ltr'><strong>Β</strong></span> 
     </span>
    </p>
   </div>
   <div class='ocr_carea' id='block_1_18' title="bbox 283 1889 1856 1962">
    <p class='ocr_par' dir='ltr' id='par_1_18' title="bbox 283 1889 1856 1962">
     <span class='ocr_line' id='line_1_18' title="bbox 283 1889 1856 1962; baseline -0.001 -15"><span class='ocrx_word' id='word_1_144' title='bbox 283 1896 320 1962; x_wconf 77' lang='grc' dir='ltr'>ἠ</span> <span class='ocrx_word' id='word_1_145' title='bbox 378 1894 571 1962; x_wconf 75' lang='grc' dir='ltr'><strong>ἡμέρα</strong></span> <span class='ocrx_word' id='word_1_146' title='bbox 626 1891 781 1962; x_wconf 73' lang='grc' dir='ltr'><strong>ὑμᾶς</strong></span> <span class='ocrx_word' id='word_1_147' title='bbox 813 1892 895 1957; x_wconf 85' lang='grc' dir='ltr'>ὡς</span> <span class='ocrx_word' id='word_1_148' title='bbox 941 1893 1208 1958; x_wconf 73' lang='grc' dir='ltr'><strong>κλέπτης</strong></span> <span class='ocrx_word' id='word_1_149' title='bbox 1258 1889 1592 1959; x_wconf 75' lang='grc' dir='ltr'><strong>καταλάϐῃ.</strong></span> <span class='ocrx_word' id='word_1_150' title='bbox 1627 1891 1856 1958; x_wconf 74' lang='grc' dir='ltr'><strong>Πάντες</strong></span> 
     </span>
    </p>
   </div>
   <div class='ocr_carea' id='block_1_19' title="bbox 278 1982 1858 2056">
    <p class='ocr_par' dir='ltr' id='par_1_19' title="bbox 278 1982 1858 2056">
     <span class='ocr_line' id='line_1_19' title="bbox 278 1982 1858 2056; baseline -0.003 -13"><span class='ocrx_word' id='word_1_151' title='bbox 278 1987 451 2056; x_wconf 70' lang='grc' dir='ltr'><strong>ὑμεῖς</strong></span> <span class='ocrx_word' id='word_1_152' title='bbox 507 1987 621 2041; x_wconf 75' lang='grc' dir='ltr'><strong>υἱοί</strong></span> <span class='ocrx_word' id='word_1_153' title='bbox 666 1985 860 2054; x_wconf 73' lang='grc' dir='ltr'><strong>φωτός</strong></span> <span class='ocrx_word' id='word_1_154' title='bbox 908 1985 1069 2049; x_wconf 68' lang='grc' dir='ltr'><strong>ἐστε,</strong></span> <span class='ocrx_word' id='word_1_155' title='bbox 1121 1985 1219 2038; x_wconf 79' lang='grc' dir='ltr'><strong>καί</strong></span> <span class='ocrx_word' id='word_1_156' title='bbox 1257 1983 1375 2038; x_wconf 79' lang='grc' dir='ltr'><strong>υἱοί</strong></span> <span class='ocrx_word' id='word_1_157' title='bbox 1430 1982 1675 2052; x_wconf 75' lang='grc' dir='ltr'><strong>ἡμέρας.</strong></span> <span class='ocrx_word' id='word_1_158' title='bbox 1736 1984 1858 2039; x_wconf 66' lang='grc' dir='ltr'><strong>Οὔκ</strong></span> 
     </span>
    </p>
   </div>
   <div class='ocr_carea' id='block_1_20' title="bbox 277 2074 1859 2148">
    <p class='ocr_par' dir='ltr' id='par_1_20' title="bbox 277 2074 1859 2148">
     <span class='ocr_line' id='line_1_20' title="bbox 277 2074 1859 2148; baseline 0 -15"><span class='ocrx_word' id='word_1_159' title='bbox 277 2082 472 2148; x_wconf 80' lang='grc' dir='ltr'><strong>ἐσμεν</strong></span> <span class='ocrx_word' id='word_1_160' title='bbox 506 2079 725 2144; x_wconf 73' lang='grc' dir='ltr'><strong>νυκτός</strong></span> <span class='ocrx_word' id='word_1_161' title='bbox 751 2078 893 2132; x_wconf 81' lang='grc' dir='ltr'><strong>οὐδὲ</strong></span> <span class='ocrx_word' id='word_1_162' title='bbox 919 2079 1200 2144; x_wconf 78' lang='grc' dir='ltr'><strong>σκότους.</strong></span> <span class='ocrx_word' id='word_1_163' title='bbox 1236 2078 1373 2145; x_wconf 79' lang='grc' dir='ltr'><strong>Ἄρα</strong></span> <span class='ocrx_word' id='word_1_164' title='bbox 1396 2074 1508 2133; x_wconf 84' lang='grc' dir='ltr'><strong>ι-ὖν</strong></span> <span class='ocrx_word' id='word_1_165' title='bbox 1523 2077 1609 2147; x_wconf 79' lang='grc' dir='ltr'><strong>μὴ</strong></span> <span class='ocrx_word' id='word_1_166' title='bbox 1647 2079 1859 2133; x_wconf 79' lang='grc' dir='ltr'><strong>καθεύ-</strong></span> 
     </span>
    </p>
   </div>
   <div class='ocr_carea' id='block_1_21' title="bbox 279 2167 1857 2240">
    <p class='ocr_par' dir='ltr' id='par_1_21' title="bbox 279 2167 1857 2240">
     <span class='ocr_line' id='line_1_21' title="bbox 279 2167 1857 2240; baseline 0.001 -17"><span class='ocrx_word' id='word_1_167' title='bbox 279 2172 480 2240; x_wconf 73' lang='grc' dir='ltr'><strong>δωμεν</strong></span> <span class='ocrx_word' id='word_1_168' title='bbox 507 2171 589 2235; x_wconf 84' lang='grc' dir='ltr'><strong>ὡς</strong></span> <span class='ocrx_word' id='word_1_169' title='bbox 635 2172 732 2224; x_wconf 78' lang='grc' dir='ltr'><strong>καὶ</strong></span> <span class='ocrx_word' id='word_1_170' title='bbox 774 2172 827 2222; x_wconf 78' lang='lat' dir='ltr'><strong>oi</strong></span> <span class='ocrx_word' id='word_1_171' title='bbox 858 2168 1079 2230; x_wconf 69' lang='grc' dir='ltr'><strong>λοιποί,</strong></span> <span class='ocrx_word' id='word_1_172' title='bbox 1138 2167 1300 2223; x_wconf 74' lang='grc' dir='ltr'><em>ἀλλὰ</em></span> <span class='ocrx_word' id='word_1_173' title='bbox 1347 2168 1729 2238; x_wconf 71' lang='grc' dir='ltr'><strong>γρηγορῶμεν</strong></span> <span class='ocrx_word' id='word_1_174' title='bbox 1756 2169 1857 2224; x_wconf 74' lang='grc' dir='ltr'><strong>καί</strong></span> 
     </span>
    </p>
   </div>
   <div class='ocr_carea' id='block_1_22' title="bbox 281 2259 1860 2331">
    <p class='ocr_par' dir='ltr' id='par_1_22' title="bbox 281 2259 1860 2331">
     <span class='ocr_line' id='line_1_22' title="bbox 281 2259 1860 2331; baseline 0.001 -17"><span class='ocrx_word' id='word_1_175' title='bbox 281 2261 592 2330; x_wconf 58' lang='grc' dir='ltr'><strong>νήφωμεν.</strong></span> <span class='ocrx_word' id='word_1_176' title='bbox 631 2264 695 2315; x_wconf 81' lang='grc' dir='ltr'><strong>Οἱ</strong></span> <span class='ocrx_word' id='word_1_177' title='bbox 757 2262 865 2331; x_wconf 72' lang='grc' dir='ltr'><strong>γὰρ</strong></span> <span class='ocrx_word' id='word_1_178' title='bbox 895 2259 1311 2327; x_wconf 78' lang='grc' dir='ltr'><strong>καθεύδοντες,</strong></span> <span class='ocrx_word' id='word_1_179' title='bbox 1365 2264 1587 2326; x_wconf 71' lang='grc' dir='ltr'><strong>νυκτὸς</strong></span> <span class='ocrx_word' id='word_1_180' title='bbox 1646 2262 1860 2315; x_wconf 80' lang='grc' dir='ltr'><strong>καθεύ-</strong></span> 
     </span>
    </p>
   </div>
   <div class='ocr_carea' id='block_1_23' title="bbox 281 2352 1857 2421">
    <p class='ocr_par' dir='ltr' id='par_1_23' title="bbox 281 2352 1857 2421">
     <span class='ocr_line' id='line_1_23' title="bbox 281 2352 1857 2421; baseline 0.001 -15"><span class='ocrx_word' id='word_1_181' title='bbox 281 2352 526 2418; x_wconf 76' lang='grc' dir='ltr'><strong>δουσιν,</strong></span> <span class='ocrx_word' id='word_1_182' title='bbox 560 2353 659 2407; x_wconf 80' lang='grc' dir='ltr'><strong>καί</strong></span> <span class='ocrx_word' id='word_1_183' title='bbox 696 2355 752 2406; x_wconf 76' lang='grc' dir='ltr'><strong>οἱ</strong></span> <span class='ocrx_word' id='word_1_184' title='bbox 772 2353 1232 2421; x_wconf 77' lang='grc' dir='ltr'><strong>μεθυσκόμενοι,</strong></span> <span class='ocrx_word' id='word_1_185' title='bbox 1261 2353 1481 2418; x_wconf 80' lang='grc' dir='ltr'><strong>νυκτὸς</strong></span> <span class='ocrx_word' id='word_1_186' title='bbox 1500 2353 1857 2421; x_wconf 77' lang='grc' dir='ltr'><strong>μεθύουσιν.</strong></span> 
     </span>
    </p>
   </div>
   <div class='ocr_carea' id='block_1_24' title="bbox 297 2441 1861 2513">
    <p class='ocr_par' dir='ltr' id='par_1_24' title="bbox 297 2441 1861 2513">
     <span class='ocr_line' id='line_1_24' title="bbox 297 2441 1861 2513; baseline -0.001 -15"><span class='ocrx_word' id='word_1_187' title='bbox 297 2443 499 2513; x_wconf 74' lang='grc' dir='ltr'><strong>Ἡμεῖς</strong></span> <span class='ocrx_word' id='word_1_188' title='bbox 571 2443 641 2497; x_wconf 81' lang='grc' dir='ltr'><strong>δὲ</strong></span> <span class='ocrx_word' id='word_1_189' title='bbox 701 2443 922 2513; x_wconf 70' lang='grc' dir='ltr'><strong>ἡμέρας</strong></span> <span class='ocrx_word' id='word_1_190' title='bbox 986 2444 1157 2510; x_wconf 73' lang='grc' dir='ltr'><strong>ὄντες</strong></span> <span class='ocrx_word' id='word_1_191' title='bbox 1179 2481 1198 2510; x_wconf 90' lang='grc'>,</span> <span class='ocrx_word' id='word_1_192' title='bbox 1248 2443 1551 2513; x_wconf 73' lang='grc' dir='ltr'><strong>νήφωμεν,</strong></span> <span class='ocrx_word' id='word_1_193' title='bbox 1600 2441 1861 2497; x_wconf 57' lang='lat' dir='ltr'><strong>crocod-</strong></span> 
     </span>
    </p>
   </div>
   <div class='ocr_carea' id='block_1_25' title="bbox 280 2534 1860 2605">
    <p class='ocr_par' dir='ltr' id='par_1_25' title="bbox 280 2534 1860 2605">
     <span class='ocr_line' id='line_1_25' title="bbox 280 2534 1860 2605; baseline 0.001 -16"><span class='ocrx_word' id='word_1_194' title='bbox 280 2552 456 2605; x_wconf 74' lang='grc' dir='ltr'><strong>μενοι</strong></span> <span class='ocrx_word' id='word_1_195' title='bbox 486 2534 721 2603; x_wconf 77' lang='grc' dir='ltr'><strong>θώρακα</strong></span> <span class='ocrx_word' id='word_1_196' title='bbox 752 2537 1009 2603; x_wconf 81' lang='grc' dir='ltr'><strong>πίστεως</strong></span> <span class='ocrx_word' id='word_1_197' title='bbox 1050 2536 1146 2589; x_wconf 77' lang='grc' dir='ltr'><strong>καί</strong></span> <span class='ocrx_word' id='word_1_198' title='bbox 1186 2535 1444 2604; x_wconf 79' lang='grc' dir='ltr'><strong>ἀγάπης,</strong></span> <span class='ocrx_word' id='word_1_199' title='bbox 1497 2534 1596 2589; x_wconf 77' lang='grc' dir='ltr'><strong>καί</strong></span> <span class='ocrx_word' id='word_1_200' title='bbox 1625 2551 1860 2604; x_wconf 74' lang='grc' dir='ltr'><strong>περικε-</strong></span> 
     </span>
    </p>
   </div>
   <div class='ocr_carea' id='block_1_26' title="bbox 284 2624 1204 2694">
    <p class='ocr_par' dir='ltr' id='par_1_26' title="bbox 284 2624 1204 2694">
     <span class='ocr_line' id='line_1_26' title="bbox 284 2624 1204 2694; baseline 0.001 -15"><span class='ocrx_word' id='word_1_201' title='bbox 284 2625 559 2694; x_wconf 66' lang='grc' dir='ltr'><strong>φαλαίαν</strong></span> <span class='ocrx_word' id='word_1_202' title='bbox 585 2665 601 2693; x_wconf 93' lang='grc'>,</span> <span class='ocrx_word' id='word_1_203' title='bbox 645 2624 861 2678; x_wconf 79' lang='grc' dir='ltr'><strong>ἐλπίδα</strong></span> <span class='ocrx_word' id='word_1_204' title='bbox 886 2626 1204 2694; x_wconf 80' lang='grc' dir='ltr'><strong>σωτηρίας.</strong></span> 
     </span>
    </p>
   </div>
   <div class='ocr_carea' id='block_1_27' title="bbox 368 2714 1861 2786">
    <p class='ocr_par' dir='ltr' id='par_1_27' title="bbox 368 2714 1861 2786">
     <span class='ocr_line' id='line_1_27' title="bbox 368 2714 1861 2786; baseline -0.001 -16"><span class='ocrx_word' id='word_1_205' title='bbox 368 2736 388 2770; x_wconf 77' lang='grc' dir='ltr'>ι</span> <span class='ocrx_word' id='word_1_206' title='bbox 428 2718 542 2771; x_wconf 87' lang='grc' dir='ltr'><strong>Ούκ</strong></span> <span class='ocrx_word' id='word_1_207' title='bbox 584 2717 707 2771; x_wconf 76' lang='grc' dir='ltr'><strong>ἐστὲ</strong></span> <span class='ocrx_word' id='word_1_208' title='bbox 739 2719 797 2769; x_wconf 80' lang='grc' dir='ltr'><strong>ὲν</strong></span> <span class='ocrx_word' id='word_1_209' title='bbox 849 2716 1050 2770; x_wconf 79' lang='grc' dir='ltr'><strong>σκότει.</strong></span> <span class='ocrx_word' id='word_1_210' title='bbox 1104 2733 1123 2767; x_wconf 74' lang='lat' dir='ltr'><strong>t</strong></span> <span class='ocrx_word' id='word_1_211' title='bbox 1169 2716 1256 2768; x_wconf 85' lang='grc' dir='ltr'>Ἑν</span> <span class='ocrx_word' id='word_1_212' title='bbox 1287 2715 1387 2786; x_wconf 82' lang='grc' dir='ltr'><strong>βίῳ</strong></span> <span class='ocrx_word' id='word_1_213' title='bbox 1416 2714 1522 2768; x_wconf 82' lang='grc' dir='ltr'><strong>ὑπὸ</strong></span> <span class='ocrx_word' id='word_1_214' title='bbox 1573 2715 1861 2786; x_wconf 80' lang='grc' dir='ltr'>ἁμαρτιῶν</span> 
     </span>
    </p>
   </div>
   <div class='ocr_carea' id='block_1_28' title="bbox 287 2806 1862 2878">
    <p class='ocr_par' dir='ltr' id='par_1_28' title="bbox 287 2806 1862 2878">
     <span class='ocr_line' id='line_1_28' title="bbox 287 2806 1862 2878; baseline -0.001 -15"><span class='ocrx_word' id='word_1_215' title='bbox 287 2807 679 2878; x_wconf 73' lang='grc' dir='ltr'><strong>σκοτιζομὲνῳ,</strong></span> <span class='ocrx_word' id='word_1_216' title='bbox 704 2807 851 2878; x_wconf 81' lang='grc' dir='ltr'><strong>ἵναή</strong></span> <span class='ocrx_word' id='word_1_217' title='bbox 883 2806 1065 2878; x_wconf 77' lang='grc' dir='ltr'><strong>ἡμέρα</strong></span> <span class='ocrx_word' id='word_1_218' title='bbox 1125 2806 1267 2878; x_wconf 78' lang='grc' dir='ltr'>ὑμᾶς</span> <span class='ocrx_word' id='word_1_219' title='bbox 1300 2806 1374 2869; x_wconf 86' lang='grc' dir='ltr'>ὠς</span> <span class='ocrx_word' id='word_1_220' title='bbox 1412 2806 1648 2878; x_wconf 79' lang='grc' dir='ltr'><strong>κλέπτης</strong></span> <span class='ocrx_word' id='word_1_221' title='bbox 1688 2824 1862 2861; x_wconf 85' lang='grc' dir='ltr'><strong>κατα-</strong></span> 
     </span>
    </p>
   </div>
   <div class='ocr_carea' id='block_1_29' title="bbox 285 2898 1859 2972">
    <p class='ocr_par' dir='ltr' id='par_1_29' title="bbox 285 2898 1859 2972">
     <span class='ocr_line' id='line_1_29' title="bbox 285 2898 1859 2972; baseline 0 -18"><span class='ocrx_word' id='word_1_222' title='bbox 285 2900 451 2972; x_wconf 76' lang='grc' dir='ltr'><strong>λάϐῃ.</strong></span> <span class='ocrx_word' id='word_1_223' title='bbox 473 2899 536 2953; x_wconf 86' lang='grc' dir='ltr'>Τί</span> <span class='ocrx_word' id='word_1_224' title='bbox 565 2898 656 2952; x_wconf 79' lang='grc' dir='ltr'><strong>οὖν</strong></span> <span class='ocrx_word' id='word_1_225' title='bbox 675 2916 691 2965; x_wconf 88' lang='grc'>;</span> <span class='ocrx_word' id='word_1_226' title='bbox 713 2900 823 2953; x_wconf 80' lang='grc' dir='ltr'><strong>Καὶ</strong></span> <span class='ocrx_word' id='word_1_227' title='bbox 844 2901 1023 2963; x_wconf 81' lang='grc' dir='ltr'><strong>αὐτοῖς</strong></span> <span class='ocrx_word' id='word_1_228' title='bbox 1048 2899 1145 2952; x_wconf 80' lang='grc' dir='ltr'><strong>οὐκ</strong></span> <span class='ocrx_word' id='word_1_229' title='bbox 1171 2898 1378 2967; x_wconf 71' lang='grc' dir='ltr'><strong>ἀδήλως</strong></span> <span class='ocrx_word' id='word_1_230' title='bbox 1400 2898 1704 2969; x_wconf 82' lang='grc' dir='ltr'><strong>ὲφίσταται;</strong></span> <span class='ocrx_word' id='word_1_231' title='bbox 1731 2899 1859 2957; x_wconf 83' lang='grc' dir='ltr'><strong>Ναί.</strong></span> 
     </span>
    </p>
   </div>
   <div class='ocr_carea' id='block_1_30' title="bbox 286 2990 1859 3062">
    <p class='ocr_par' dir='ltr' id='par_1_30' title="bbox 286 2990 1859 3062">
     <span class='ocr_line' id='line_1_30' title="bbox 286 2990 1859 3062; baseline 0 -16"><span class='ocrx_word' id='word_1_232' title='bbox 286 2991 425 3046; x_wconf 65' lang='grc' dir='ltr'><strong>Οᾷδὲ</strong></span> <span class='ocrx_word' id='word_1_233' title='bbox 457 2991 565 3062; x_wconf 75' lang='grc' dir='ltr'><strong>γὰρ</strong></span> <span class='ocrx_word' id='word_1_234' title='bbox 593 2992 728 3060; x_wconf 61' lang='grc' dir='ltr'><strong>πρὸς</strong></span> <span class='ocrx_word' id='word_1_235' title='bbox 779 2990 859 3054; x_wconf 75' lang='grc' dir='ltr'><strong>τὸ,</strong></span> <span class='ocrx_word' id='word_1_236' title='bbox 894 2990 968 3060; x_wconf 78' lang='grc' dir='ltr'><strong>μὴ</strong></span> <span class='ocrx_word' id='word_1_237' title='bbox 1023 2990 1233 3061; x_wconf 82' lang='grc' dir='ltr'>ἀδήλως</span> <span class='ocrx_word' id='word_1_238' title='bbox 1266 2990 1480 3061; x_wconf 77' lang='grc' dir='ltr'><strong>μέλλειν</strong></span> <span class='ocrx_word' id='word_1_239' title='bbox 1510 2991 1859 3060; x_wconf 77' lang='grc' dir='ltr'><strong>ἐφίστασθαι,</strong></span> 
     </span>
    </p>
   </div>
   <div class='ocr_carea' id='block_1_31' title="bbox 284 3082 1862 3155">
    <p class='ocr_par' dir='ltr' id='par_1_31' title="bbox 284 3082 1862 3155">
     <span class='ocr_line' id='line_1_31' title="bbox 284 3082 1862 3155; baseline -0.001 -19"><span class='ocrx_word' id='word_1_240' title='bbox 284 3085 505 3152; x_wconf 71' lang='grc' dir='ltr'><strong>εῑρηται</strong></span> <span class='ocrx_word' id='word_1_241' title='bbox 534 3082 613 3146; x_wconf 78' lang='grc' dir='ltr'><strong>τὸ,</strong></span> <span class='ocrx_word' id='word_1_242' title='bbox 650 3083 738 3146; x_wconf 82' lang='grc' dir='ltr'>Ὠς</span> <span class='ocrx_word' id='word_1_243' title='bbox 761 3083 1018 3153; x_wconf 76' lang='grc' dir='ltr'><strong>κλέπτης,</strong></span> <span class='ocrx_word' id='word_1_244' title='bbox 1042 3082 1169 3136; x_wconf 81' lang='grc' dir='ltr'><strong>ἀλλ’</strong></span> <span class='ocrx_word' id='word_1_245' title='bbox 1195 3083 1275 3136; x_wconf 81' lang='grc' dir='ltr'><strong>ὅτι</strong></span> <span class='ocrx_word' id='word_1_246' title='bbox 1309 3084 1408 3136; x_wconf 73' lang='grc' dir='ltr'><strong>οὐκ</strong></span> <span class='ocrx_word' id='word_1_247' title='bbox 1432 3083 1715 3147; x_wconf 80' lang='grc' dir='ltr'><strong>ὲπίῦουλος</strong></span> <span class='ocrx_word' id='word_1_248' title='bbox 1741 3083 1862 3155; x_wconf 72' lang='grc' dir='ltr'><strong>ἣξει</strong></span> 
     </span>
    </p>
   </div>
   <div class='ocr_carea' id='block_1_32' title="bbox 1958 526 3535 597">
    <p class='ocr_par' dir='ltr' id='par_1_32' title="bbox 1958 526 3535 597">
     <span class='ocr_line' id='line_1_32' title="bbox 1958 526 3535 597; baseline 0.006 -16"><span class='ocrx_word' id='word_1_249' title='bbox 1958 526 2113 596; x_wconf 86' lang='lat' dir='ltr'><strong>signa</strong></span> <span class='ocrx_word' id='word_1_250' title='bbox 2148 527 2368 597; x_wconf 86' lang='lat' dir='ltr'><strong>quidem</strong></span> <span class='ocrx_word' id='word_1_251' title='bbox 2409 527 2533 583; x_wconf 79' lang='lat' dir='ltr'><strong>ﬁnis</strong></span> <span class='ocrx_word' id='word_1_252' title='bbox 2574 530 3058 594; x_wconf 79' lang='lat' dir='ltr'><strong>erunt,.adveatus</strong></span> <span class='ocrx_word' id='word_1_253' title='bbox 3096 541 3278 589; x_wconf 89' lang='lat' dir='ltr'><strong>autem</strong></span> <span class='ocrx_word' id='word_1_254' title='bbox 3326 534 3535 592; x_wconf 86' lang='lat' dir='ltr'><strong>Christi</strong></span> 
     </span>
    </p>
   </div>
   <div class='ocr_carea' id='block_1_33' title="bbox 1961 619 3533 693">
    <p class='ocr_par' dir='ltr' id='par_1_33' title="bbox 1961 619 3533 693">
     <span class='ocr_line' id='line_1_33' title="bbox 1961 619 3533 693; baseline 0.004 -20"><span class='ocrx_word' id='word_1_255' title='bbox 1961 633 2071 673; x_wconf 85' lang='lat' dir='ltr'><strong>non</strong></span> <span class='ocrx_word' id='word_1_256' title='bbox 2103 619 2199 682; x_wconf 88' lang='lat' dir='ltr'><strong>ita,</strong></span> <span class='ocrx_word' id='word_1_257' title='bbox 2226 635 2351 674; x_wconf 79' lang='lat' dir='ltr'><strong>nam</strong></span> <span class='ocrx_word' id='word_1_258' title='bbox 2384 619 2472 675; x_wconf 90' lang='lat' dir='ltr'><strong>hic</strong></span> <span class='ocrx_word' id='word_1_259' title='bbox 2502 621 2822 689; x_wconf 87' lang='lat' dir='ltr'><strong>repentinus</strong></span> <span class='ocrx_word' id='word_1_260' title='bbox 2849 622 2976 677; x_wconf 88' lang='lat' dir='ltr'><strong>erit.</strong></span> <span class='ocrx_word' id='word_1_261' title='bbox 3006 639 3025 675; x_wconf 78' lang='grc' dir='ltr'><strong>ι</strong></span> <span class='ocrx_word' id='word_1_262' title='bbox 3054 622 3178 693; x_wconf 89' lang='lat' dir='ltr'><strong>Ipse</strong></span> <span class='ocrx_word' id='word_1_263' title='bbox 3207 625 3351 679; x_wconf 88' lang='lat' dir='ltr'><strong>enim</strong></span> <span class='ocrx_word' id='word_1_264' title='bbox 3407 625 3533 682; x_wconf 86' lang='lat' dir='ltr'><strong>red-</strong></span> 
     </span>
    </p>
   </div>
   <div class='ocr_carea' id='block_1_34' title="bbox 1962 708 3537 781">
    <p class='ocr_par' dir='ltr' id='par_1_34' title="bbox 1962 708 3537 781">
     <span class='ocr_line' id='line_1_34' title="bbox 1962 708 3537 781; baseline 0.008 -19"><span class='ocrx_word' id='word_1_265' title='bbox 1962 708 2055 763; x_wconf 88' lang='lat' dir='ltr'><strong>det</strong></span> <span class='ocrx_word' id='word_1_266' title='bbox 2086 710 2380 780; x_wconf 87' lang='lat' dir='ltr'><strong>unicuique</strong></span> <span class='ocrx_word' id='word_1_267' title='bbox 2405 710 2562 779; x_wconf 80' lang='lat' dir='ltr'><strong>juxta</strong></span> <span class='ocrx_word' id='word_1_268' title='bbox 2594 726 2759 781; x_wconf 84' lang='lat' dir='ltr'><strong>opera</strong></span> <span class='ocrx_word' id='word_1_269' title='bbox 2794 726 2892 767; x_wconf 88' lang='lat' dir='ltr'><strong>sua</strong></span> <span class='ocrx_word' id='word_1_270' title='bbox 2920 714 2984 766; x_wconf 77' lang='grc'><strong>³⁸.</strong></span> <span class='ocrx_word' id='word_1_271' title='bbox 3019 733 3038 766; x_wconf 73' lang='grc' dir='ltr'>ι</span> <span class='ocrx_word' id='word_1_272' title='bbox 3075 713 3140 770; x_wconf 78' lang='lat' dir='ltr'><strong>Et</strong></span> <span class='ocrx_word' id='word_1_273' title='bbox 3172 725 3319 771; x_wconf 87' lang='lat' dir='ltr'><strong>recte</strong></span> <span class='ocrx_word' id='word_1_274' title='bbox 3348 733 3537 773; x_wconf 78' lang='lat' dir='ltr'><strong>exem-</strong></span> 
     </span>
    </p>
   </div>
   <div class='ocr_carea' id='block_1_35' title="bbox 1960 799 3535 879">
    <p class='ocr_par' dir='ltr' id='par_1_35' title="bbox 1960 799 3535 879">
     <span class='ocr_line' id='line_1_35' title="bbox 1960 799 3535 879; baseline 0.008 -27"><span class='ocrx_word' id='word_1_275' title='bbox 1960 799 2111 869; x_wconf 89' lang='lat' dir='ltr'><strong>plum</strong></span> <span class='ocrx_word' id='word_1_276' title='bbox 2146 802 2329 864; x_wconf 81' lang='lat' dir='ltr'><strong>posuit</strong></span> <span class='ocrx_word' id='word_1_277' title='bbox 2354 803 2601 857; x_wconf 85' lang='lat' dir='ltr'><strong>mulieris</strong></span> <span class='ocrx_word' id='word_1_278' title='bbox 2631 805 2986 873; x_wconf 68' lang='lat' dir='ltr'><strong>prtegnantis.</strong></span> <span class='ocrx_word' id='word_1_279' title='bbox 3006 805 3219 859; x_wconf 88' lang='lat' dir='ltr'><strong>Etenim</strong></span> <span class='ocrx_word' id='word_1_280' title='bbox 3251 807 3365 862; x_wconf 64' lang='lat' dir='ltr'><strong>haec</strong></span> <span class='ocrx_word' id='word_1_281' title='bbox 3395 823 3535 879; x_wconf 90' lang='lat' dir='ltr'><strong>quo-</strong></span> 
     </span>
    </p>
   </div>
   <div class='ocr_carea' id='block_1_36' title="bbox 1961 889 3537 966">
    <p class='ocr_par' dir='ltr' id='par_1_36' title="bbox 1961 889 3537 966">
     <span class='ocr_line' id='line_1_36' title="bbox 1961 889 3537 966; baseline 0.008 -24"><span class='ocrx_word' id='word_1_282' title='bbox 1961 904 2072 958; x_wconf 90' lang='lat' dir='ltr'><strong>que</strong></span> <span class='ocrx_word' id='word_1_283' title='bbox 2100 889 2257 958; x_wconf 89' lang='lat' dir='ltr'><strong>signa</strong></span> <span class='ocrx_word' id='word_1_284' title='bbox 2285 890 2506 959; x_wconf 86' lang='lat' dir='ltr'><strong>quidem</strong></span> <span class='ocrx_word' id='word_1_285' title='bbox 2537 900 2728 961; x_wconf 88' lang='lat' dir='ltr'><strong>partus</strong></span> <span class='ocrx_word' id='word_1_286' title='bbox 2754 893 2918 947; x_wconf 89' lang='lat' dir='ltr'><strong>habet</strong></span> <span class='ocrx_word' id='word_1_287' title='bbox 2941 896 3135 961; x_wconf 87' lang='lat' dir='ltr'><strong>multa,</strong></span> <span class='ocrx_word' id='word_1_288' title='bbox 3160 895 3332 966; x_wconf 89' lang='lat' dir='ltr'><strong>ipsius</strong></span> <span class='ocrx_word' id='word_1_289' title='bbox 3356 906 3537 954; x_wconf 86' lang='lat' dir='ltr'><strong>autem</strong></span> 
     </span>
    </p>
   </div>
   <div class='ocr_carea' id='block_1_37' title="bbox 1963 980 3521 1046">
    <p class='ocr_par' dir='ltr' id='par_1_37' title="bbox 1963 980 3521 1046">
     <span class='ocr_line' id='line_1_37' title="bbox 1963 980 3521 1046; baseline 0.008 -13"><span class='ocrx_word' id='word_1_290' title='bbox 1963 980 2113 1035; x_wconf 77' lang='lat' dir='ltr'><strong>hora:</strong></span> <span class='ocrx_word' id='word_1_291' title='bbox 2142 992 2237 1036; x_wconf 88' lang='lat' dir='ltr'><strong>aut</strong></span> <span class='ocrx_word' id='word_1_292' title='bbox 2265 982 2374 1036; x_wconf 91' lang='lat' dir='ltr'><strong>diei</strong></span> <span class='ocrx_word' id='word_1_293' title='bbox 2412 998 2521 1037; x_wconf 88' lang='lat' dir='ltr'><strong>non</strong></span> <span class='ocrx_word' id='word_1_294' title='bbox 2557 985 2653 1037; x_wconf 88' lang='lat' dir='ltr'><strong>ita.</strong></span> <span class='ocrx_word' id='word_1_295' title='bbox 2679 984 2800 1038; x_wconf 79' lang='lat' dir='ltr'><strong>Alio</strong></span> <span class='ocrx_word' id='word_1_296' title='bbox 2833 1000 2965 1041; x_wconf 77' lang='lat' dir='ltr'><strong>vero</strong></span> <span class='ocrx_word' id='word_1_297' title='bbox 2996 988 3162 1042; x_wconf 88' lang='lat' dir='ltr'><strong>modo</strong></span> <span class='ocrx_word' id='word_1_298' title='bbox 3192 990 3356 1044; x_wconf 87' lang='lat' dir='ltr'><strong>etiam</strong></span> <span class='ocrx_word' id='word_1_299' title='bbox 3386 991 3521 1046; x_wconf 82' lang='lat' dir='ltr'><strong>dolo</strong></span> 
     </span>
    </p>
   </div>
   <div class='ocr_carea' id='block_1_38' title="bbox 1962 1072 3538 1138">
    <p class='ocr_par' dir='ltr' id='par_1_38' title="bbox 1962 1072 3538 1138">
     <span class='ocr_line' id='line_1_38' title="bbox 1962 1072 3538 1138; baseline 0.009 -14"><span class='ocrx_word' id='word_1_300' title='bbox 1962 1072 2043 1126; x_wconf 90' lang='lat' dir='ltr'><strong>ris</strong></span> <span class='ocrx_word' id='word_1_301' title='bbox 2086 1080 2350 1126; x_wconf 83' lang='lat' dir='ltr'><strong>terrorem</strong></span> <span class='ocrx_word' id='word_1_302' title='bbox 2403 1074 2544 1128; x_wconf 82' lang='lat' dir='ltr'><strong>hanc</strong></span> <span class='ocrx_word' id='word_1_303' title='bbox 2594 1075 2648 1128; x_wconf 90' lang='lat' dir='ltr'><strong>in</strong></span> <span class='ocrx_word' id='word_1_304' title='bbox 2700 1077 2938 1130; x_wconf 88' lang='lat' dir='ltr'><strong>medium</strong></span> <span class='ocrx_word' id='word_1_305' title='bbox 2979 1077 3228 1133; x_wconf 78' lang='lat' dir='ltr'><strong>adduxit.</strong></span> <span class='ocrx_word' id='word_1_306' title='bbox 3280 1078 3538 1138; x_wconf 74' lang='lat' dir='ltr'><strong>Christus</strong></span> 
     </span>
    </p>
   </div>
   <div class='ocr_carea' id='block_1_39' title="bbox 1963 1163 3537 1230">
    <p class='ocr_par' dir='ltr' id='par_1_39' title="bbox 1963 1163 3537 1230">
     <span class='ocr_line' id='line_1_39' title="bbox 1963 1163 3537 1230; baseline 0.009 -15"><span class='ocrx_word' id='word_1_307' title='bbox 1963 1171 2144 1217; x_wconf 86' lang='lat' dir='ltr'><strong>autem</strong></span> <span class='ocrx_word' id='word_1_308' title='bbox 2190 1173 2247 1218; x_wconf 91' lang='lat' dir='ltr'><strong>et</strong></span> <span class='ocrx_word' id='word_1_309' title='bbox 2288 1163 2434 1220; x_wconf 88' lang='lat' dir='ltr'><strong>Dens</strong></span> <span class='ocrx_word' id='word_1_310' title='bbox 2484 1181 2635 1221; x_wconf 90' lang='lat' dir='ltr'><strong>meus</strong></span> <span class='ocrx_word' id='word_1_311' title='bbox 2682 1168 2748 1222; x_wconf 89' lang='lat' dir='ltr'><strong>de</strong></span> <span class='ocrx_word' id='word_1_312' title='bbox 2783 1173 3281 1226; x_wconf 84' lang='lat' dir='ltr'><strong>consummatione</strong></span> <span class='ocrx_word' id='word_1_313' title='bbox 3328 1172 3537 1230; x_wconf 80' lang='lat' dir='ltr'><strong>faciens</strong></span> 
     </span>
    </p>
   </div>
   <div class='ocr_carea' id='block_1_40' title="bbox 1963 1258 3535 1329">
    <p class='ocr_par' dir='ltr' id='par_1_40' title="bbox 1963 1258 3535 1329">
     <span class='ocr_line' id='line_1_40' title="bbox 1963 1258 3535 1329; baseline 0.007 -18"><span class='ocrx_word' id='word_1_314' title='bbox 1963 1260 2322 1325; x_wconf 75' lang='lat' dir='ltr'><strong>mentionem,</strong></span> <span class='ocrx_word' id='word_1_315' title='bbox 2366 1259 2620 1329; x_wconf 80' lang='lat' dir='ltr'><strong>exemplo</strong></span> <span class='ocrx_word' id='word_1_316' title='bbox 2648 1258 2750 1313; x_wconf 85' lang='lat' dir='ltr'><strong>Lot</strong></span> <span class='ocrx_word' id='word_1_317' title='bbox 2781 1270 2835 1315; x_wconf 89' lang='lat' dir='ltr'><strong>et</strong></span> <span class='ocrx_word' id='word_1_318' title='bbox 2868 1260 2979 1316; x_wconf 81' lang='lat' dir='ltr'><strong>Noe</strong></span> <span class='ocrx_word' id='word_1_319' title='bbox 3009 1278 3145 1319; x_wconf 89' lang='lat' dir='ltr'><strong>usus</strong></span> <span class='ocrx_word' id='word_1_320' title='bbox 3174 1271 3258 1319; x_wconf 90' lang='lat' dir='ltr'><strong>est</strong></span> <span class='ocrx_word' id='word_1_321' title='bbox 3287 1266 3353 1321; x_wconf 80' lang='lat'><strong>“.</strong></span> <span class='ocrx_word' id='word_1_322' title='bbox 3407 1265 3535 1322; x_wconf 78' lang='lat' dir='ltr'><strong>Haec</strong></span> 
     </span>
    </p>
   </div>
   <div class='ocr_carea' id='block_1_41' title="bbox 1962 1351 3537 1428">
    <p class='ocr_par' dir='ltr' id='par_1_41' title="bbox 1962 1351 3537 1428">
     <span class='ocr_line' id='line_1_41' title="bbox 1962 1351 3537 1428; baseline 0.007 -24"><span class='ocrx_word' id='word_1_323' title='bbox 1962 1351 2030 1405; x_wconf 90' lang='lat' dir='ltr'><strong>de</strong></span> <span class='ocrx_word' id='word_1_324' title='bbox 2058 1354 2336 1406; x_wconf 88' lang='lat' dir='ltr'><strong>communi</strong></span> <span class='ocrx_word' id='word_1_325' title='bbox 2378 1354 2854 1411; x_wconf 79' lang='lat' dir='ltr'><strong>consummatione</strong></span> <span class='ocrx_word' id='word_1_326' title='bbox 2886 1374 2899 1411; x_wconf 89' lang='lat'>:</span> <span class='ocrx_word' id='word_1_327' title='bbox 2930 1372 3055 1410; x_wconf 81' lang='lat' dir='ltr'><strong>nam</strong></span> <span class='ocrx_word' id='word_1_328' title='bbox 3090 1358 3158 1413; x_wconf 91' lang='lat' dir='ltr'><strong>de</strong></span> <span class='ocrx_word' id='word_1_329' title='bbox 3189 1360 3411 1428; x_wconf 88' lang='lat' dir='ltr'><strong>propria</strong></span> <span class='ocrx_word' id='word_1_330' title='bbox 3442 1375 3537 1415; x_wconf 85' lang='lat' dir='ltr'><strong>cu-</strong></span> 
     </span>
    </p>
   </div>
   <div class='ocr_carea' id='block_1_42' title="bbox 1960 1441 3535 1514">
    <p class='ocr_par' dir='ltr' id='par_1_42' title="bbox 1960 1441 3535 1514">
     <span class='ocr_line' id='line_1_42' title="bbox 1960 1441 3535 1514; baseline 0.008 -18"><span class='ocrx_word' id='word_1_331' title='bbox 1960 1441 2181 1514; x_wconf 83' lang='lat' dir='ltr'><strong>jusque,</strong></span> <span class='ocrx_word' id='word_1_332' title='bbox 2213 1445 2417 1500; x_wconf 88' lang='lat' dir='ltr'><strong>nemini</strong></span> <span class='ocrx_word' id='word_1_333' title='bbox 2451 1447 2681 1501; x_wconf 88' lang='lat' dir='ltr'><strong>dubium</strong></span> <span class='ocrx_word' id='word_1_334' title='bbox 2714 1449 2845 1514; x_wconf 91' lang='lat' dir='ltr'><strong>quin</strong></span> <span class='ocrx_word' id='word_1_335' title='bbox 2887 1448 2990 1502; x_wconf 89' lang='lat' dir='ltr'><strong>hoc</strong></span> <span class='ocrx_word' id='word_1_336' title='bbox 3023 1450 3185 1505; x_wconf 90' lang='lat' dir='ltr'><strong>modo</strong></span> <span class='ocrx_word' id='word_1_337' title='bbox 3227 1451 3409 1507; x_wconf 82' lang='lat' dir='ltr'><strong>futura</strong></span> <span class='ocrx_word' id='word_1_338' title='bbox 3441 1452 3535 1509; x_wconf 81' lang='lat' dir='ltr'><strong>sit.</strong></span> 
     </span>
    </p>
   </div>
   <div class='ocr_carea' id='block_1_43' title="bbox 1968 1532 3536 1612">
    <p class='ocr_par' dir='ltr' id='par_1_43' title="bbox 1968 1532 3536 1612">
     <span class='ocr_line' id='line_1_43' title="bbox 1968 1532 3536 1612; baseline 0.008 -28"><span class='ocrx_word' id='word_1_339' title='bbox 1968 1550 1987 1584; x_wconf 81' lang='grc' dir='ltr'>ι</span> <span class='ocrx_word' id='word_1_340' title='bbox 2019 1532 2130 1588; x_wconf 83' lang='lat' dir='ltr'><strong>Nec</strong></span> <span class='ocrx_word' id='word_1_341' title='bbox 2157 1533 2438 1605; x_wconf 81' lang='lat' dir='ltr'><strong>effugient.</strong></span> <span class='ocrx_word' id='word_1_342' title='bbox 2466 1553 2484 1586; x_wconf 76' lang='grc' dir='ltr'>ι</span> <span class='ocrx_word' id='word_1_343' title='bbox 2513 1535 2780 1592; x_wconf 85' lang='lat' dir='ltr'><strong>Laborem</strong></span> <span class='ocrx_word' id='word_1_344' title='bbox 2812 1552 2874 1591; x_wconf 89' lang='lat' dir='ltr'><strong>ac</strong></span> <span class='ocrx_word' id='word_1_345' title='bbox 2900 1538 3204 1606; x_wconf 87' lang='lat' dir='ltr'><strong>interitum,</strong></span> <span class='ocrx_word' id='word_1_346' title='bbox 3230 1541 3322 1611; x_wconf 85' lang='lat' dir='ltr'><strong>qui</strong></span> <span class='ocrx_word' id='word_1_347' title='bbox 3349 1557 3536 1612; x_wconf 80' lang='lat' dir='ltr'><strong>pacem</strong></span> 
     </span>
    </p>
   </div>
   <div class='ocr_carea' id='block_1_44' title="bbox 1911 1631 3540 1706">
    <p class='ocr_par' dir='ltr' id='par_1_44' title="bbox 1911 1631 3540 1706">
     <span class='ocr_line' id='line_1_44' title="bbox 1911 1631 3540 1706; baseline 0.009 -26"><span class='ocrx_word' id='word_1_348' title='bbox 1911 1665 1918 1670; x_wconf 92' lang='grc'><strong>-</strong></span> <span class='ocrx_word' id='word_1_349' title='bbox 1963 1641 2027 1681; x_wconf 87' lang='lat' dir='ltr'><strong>ac</strong></span> <span class='ocrx_word' id='word_1_350' title='bbox 2062 1635 2181 1683; x_wconf 89' lang='lat' dir='ltr'><strong>tuta</strong></span> <span class='ocrx_word' id='word_1_351' title='bbox 2221 1632 2404 1685; x_wconf 91' lang='lat' dir='ltr'><strong>omnia</strong></span> <span class='ocrx_word' id='word_1_352' title='bbox 2450 1645 2577 1687; x_wconf 88' lang='lat' dir='ltr'><strong>esse</strong></span> <span class='ocrx_word' id='word_1_353' title='bbox 2615 1631 2896 1688; x_wconf 79' lang='lat' dir='ltr'><strong>dicebant.</strong></span> <span class='ocrx_word' id='word_1_354' title='bbox 2931 1632 3202 1706; x_wconf 85' lang='lat' dir='ltr'><strong>Loquitur</strong></span> <span class='ocrx_word' id='word_1_355' title='bbox 3247 1647 3425 1692; x_wconf 89' lang='lat' dir='ltr'><strong>autem</strong></span> <span class='ocrx_word' id='word_1_356' title='bbox 3471 1638 3540 1694; x_wconf 88' lang='lat' dir='ltr'><strong>de</strong></span> 
     </span>
    </p>
   </div>
   <div class='ocr_carea' id='block_1_45' title="bbox 1963 1723 2373 1790">
    <p class='ocr_par' dir='ltr' id='par_1_45' title="bbox 1963 1723 2373 1790">
     <span class='ocr_line' id='line_1_45' title="bbox 1963 1723 2373 1790; baseline 0.015 -18"><span class='ocrx_word' id='word_1_357' title='bbox 1963 1723 2373 1790; x_wconf 84' lang='lat' dir='ltr'><strong>peccatoribus.</strong></span> 
     </span>
    </p>
   </div>
   <div class='ocr_carea' id='block_1_46' title="bbox 2038 1811 3540 1885">
    <p class='ocr_par' dir='ltr' id='par_1_46' title="bbox 2038 1811 3540 1885">
     <span class='ocr_line' id='line_1_46' title="bbox 2038 1811 3540 1885; baseline 0.007 -19"><span class='ocrx_word' id='word_1_358' title='bbox 2038 1811 2103 1878; x_wconf 84' lang='lat' dir='ltr'><strong>V,</strong></span> <span class='ocrx_word' id='word_1_359' title='bbox 2140 1815 2260 1868; x_wconf 68' lang='lat'><strong>4-8.</strong></span> <span class='ocrx_word' id='word_1_360' title='bbox 2303 1816 2371 1867; x_wconf 77' lang='lat' dir='ltr'><strong>At</strong></span> <span class='ocrx_word' id='word_1_361' title='bbox 2407 1831 2518 1877; x_wconf 82' lang='lat' dir='ltr'><strong>vos,</strong></span> <span class='ocrx_word' id='word_1_362' title='bbox 2551 1814 2770 1885; x_wconf 78' lang='lat' dir='ltr'><strong>fratres,</strong></span> <span class='ocrx_word' id='word_1_363' title='bbox 2802 1832 2906 1871; x_wconf 84' lang='lat' dir='ltr'><strong>non</strong></span> <span class='ocrx_word' id='word_1_364' title='bbox 2942 1819 3070 1873; x_wconf 83' lang='lat' dir='ltr'><strong>estis</strong></span> <span class='ocrx_word' id='word_1_365' title='bbox 3105 1821 3159 1873; x_wconf 87' lang='lat' dir='ltr'><strong>in</strong></span> <span class='ocrx_word' id='word_1_366' title='bbox 3191 1820 3437 1885; x_wconf 76' lang='lat' dir='ltr'><strong>tenebris,</strong></span> <span class='ocrx_word' id='word_1_367' title='bbox 3479 1832 3540 1876; x_wconf 86' lang='lat' dir='ltr'><strong>ut</strong></span> 
     </span>
    </p>
   </div>
   <div class='ocr_carea' id='block_1_47' title="bbox 1966 1904 3539 1983">
    <p class='ocr_par' dir='ltr' id='par_1_47' title="bbox 1966 1904 3539 1983">
     <span class='ocr_line' id='line_1_47' title="bbox 1966 1904 3539 1983; baseline 0.009 -27"><span class='ocrx_word' id='word_1_368' title='bbox 1966 1920 2057 1957; x_wconf 79' lang='lat' dir='ltr'><strong>vos</strong></span> <span class='ocrx_word' id='word_1_369' title='bbox 2087 1905 2200 1958; x_wconf 85' lang='lat' dir='ltr'><strong>dies</strong></span> <span class='ocrx_word' id='word_1_370' title='bbox 2233 1904 2324 1959; x_wconf 80' lang='lat' dir='ltr'><strong>itle</strong></span> <span class='ocrx_word' id='word_1_371' title='bbox 2356 1916 2611 1976; x_wconf 79' lang='lat' dir='ltr'><strong>tanquam</strong></span> <span class='ocrx_word' id='word_1_372' title='bbox 2651 1908 2742 1977; x_wconf 79' lang='lat' dir='ltr'><strong>[ur</strong></span> <span class='ocrx_word' id='word_1_373' title='bbox 2773 1911 3059 1978; x_wconf 78' lang='lat' dir='ltr'><strong>opprimat.</strong></span> <span class='ocrx_word' id='word_1_374' title='bbox 3090 1910 3283 1967; x_wconf 89' lang='lat' dir='ltr'><strong>Omnes</strong></span> <span class='ocrx_word' id='word_1_375' title='bbox 3311 1930 3400 1968; x_wconf 80' lang='lat' dir='ltr'><strong>vos</strong></span> <span class='ocrx_word' id='word_1_376' title='bbox 3433 1915 3539 1983; x_wconf 62' lang='lat' dir='ltr'><strong>ﬁlii</strong></span> 
     </span>
    </p>
   </div>
   <div class='ocr_carea' id='block_1_48' title="bbox 1959 1995 3538 2077">
    <p class='ocr_par' dir='ltr' id='par_1_48' title="bbox 1959 1995 3538 2077">
     <span class='ocr_line' id='line_1_48' title="bbox 1959 1995 3538 2077; baseline 0.009 -29"><span class='ocrx_word' id='word_1_377' title='bbox 1959 1995 2094 2051; x_wconf 80' lang='lat' dir='ltr'><strong>lueis</strong></span> <span class='ocrx_word' id='word_1_378' title='bbox 2140 1998 2269 2052; x_wconf 85' lang='lat' dir='ltr'><strong>estis</strong></span> <span class='ocrx_word' id='word_1_379' title='bbox 2321 2013 2385 2052; x_wconf 88' lang='lat' dir='ltr'><strong>ac</strong></span> <span class='ocrx_word' id='word_1_380' title='bbox 2434 2000 2538 2069; x_wconf 78' lang='lat' dir='ltr'><strong>ﬁlii</strong></span> <span class='ocrx_word' id='word_1_381' title='bbox 2589 2000 2713 2053; x_wconf 84' lang='lat' dir='ltr'><strong>diei.</strong></span> <span class='ocrx_word' id='word_1_382' title='bbox 2766 2002 2888 2056; x_wconf 83' lang='lat' dir='ltr'><strong>Non</strong></span> <span class='ocrx_word' id='word_1_383' title='bbox 2934 2019 3116 2057; x_wconf 82' lang='lat' dir='ltr'><strong>sumus</strong></span> <span class='ocrx_word' id='word_1_384' title='bbox 3160 2008 3329 2060; x_wconf 69' lang='lat' dir='ltr'><strong>nectis</strong></span> <span class='ocrx_word' id='word_1_385' title='bbox 3374 2023 3538 2077; x_wconf 77' lang='lat' dir='ltr'><strong>neque</strong></span> 
     </span>
    </p>
   </div>
   <div class='ocr_carea' id='block_1_49' title="bbox 1956 2087 3535 2161">
    <p class='ocr_par' dir='ltr' id='par_1_49' title="bbox 1956 2087 3535 2161">
     <span class='ocr_line' id='line_1_49' title="bbox 1956 2087 3535 2161; baseline 0.007 -23"><span class='ocrx_word' id='word_1_386' title='bbox 1956 2087 2315 2141; x_wconf 73' lang='lat' dir='ltr'><strong>tenebrarum.</strong></span> <span class='ocrx_word' id='word_1_387' title='bbox 2372 2089 2533 2158; x_wconf 74' lang='lat'><strong>178</strong></span> <span class='ocrx_word' id='word_1_388' title='bbox 2563 2087 2794 2144; x_wconf 80' lang='lat' dir='ltr'><strong>Proinde</strong></span> <span class='ocrx_word' id='word_1_389' title='bbox 2818 2107 2881 2145; x_wconf 88' lang='lat' dir='ltr'><strong>ne</strong></span> <span class='ocrx_word' id='word_1_390' title='bbox 2912 2091 3253 2161; x_wconf 76' lang='lat' dir='ltr'><strong>dormiamus</strong></span> <span class='ocrx_word' id='word_1_391' title='bbox 3298 2097 3437 2149; x_wconf 83' lang='lat' dir='ltr'><strong>sicut</strong></span> <span class='ocrx_word' id='word_1_392' title='bbox 3486 2105 3535 2151; x_wconf 87' lang='lat' dir='ltr'><strong>e:</strong></span> 
     </span>
    </p>
   </div>
   <div class='ocr_carea' id='block_1_50' title="bbox 1959 2179 3538 2256">
    <p class='ocr_par' dir='ltr' id='par_1_50' title="bbox 1959 2179 3538 2256">
     <span class='ocr_line' id='line_1_50' title="bbox 1959 2179 3538 2256; baseline 0.006 -26"><span class='ocrx_word' id='word_1_393' title='bbox 1959 2179 2157 2238; x_wconf 67' lang='lat' dir='ltr'><strong>ceteri.</strong></span> <span class='ocrx_word' id='word_1_394' title='bbox 2196 2180 2288 2232; x_wconf 86' lang='lat' dir='ltr'><strong>sed</strong></span> <span class='ocrx_word' id='word_1_395' title='bbox 2344 2179 2624 2248; x_wconf 73' lang='lat' dir='ltr'><strong>vigilantes</strong></span> <span class='ocrx_word' id='word_1_396' title='bbox 2687 2192 2734 2235; x_wconf 91' lang='lat' dir='ltr'><strong>et</strong></span> <span class='ocrx_word' id='word_1_397' title='bbox 2764 2183 2969 2249; x_wconf 65' lang='lat' dir='ltr'><strong>jattenti</strong></span> <span class='ocrx_word' id='word_1_398' title='bbox 3018 2183 3200 2239; x_wconf 84' lang='lat' dir='ltr'><strong>simus.</strong></span> <span class='ocrx_word' id='word_1_399' title='bbox 3254 2183 3396 2238; x_wconf 79' lang='lat' dir='ltr'><strong>Nam</strong></span> <span class='ocrx_word' id='word_1_400' title='bbox 3447 2187 3538 2256; x_wconf 79' lang='lat' dir='ltr'><strong>qui</strong></span> 
     </span>
    </p>
   </div>
   <div class='ocr_carea' id='block_1_51' title="bbox 1958 2269 3535 2343">
    <p class='ocr_par' dir='ltr' id='par_1_51' title="bbox 1958 2269 3535 2343">
     <span class='ocr_line' id='line_1_51' title="bbox 1958 2269 3535 2343; baseline 0.005 -22"><span class='ocrx_word' id='word_1_401' title='bbox 1958 2269 2248 2336; x_wconf 81' lang='lat' dir='ltr'><strong>dormiunt,</strong></span> <span class='ocrx_word' id='word_1_402' title='bbox 2270 2280 2418 2326; x_wconf 83' lang='lat' dir='ltr'><strong>nocte</strong></span> <span class='ocrx_word' id='word_1_403' title='bbox 2460 2272 2726 2326; x_wconf 75' lang='lat' dir='ltr'><strong>dominnt</strong></span> <span class='ocrx_word' id='word_1_404' title='bbox 2755 2287 2774 2327; x_wconf 88' lang='lat'><strong><em>:</em></strong></span> <span class='ocrx_word' id='word_1_405' title='bbox 2799 2281 2848 2326; x_wconf 85' lang='lat' dir='ltr'><strong>et</strong></span> <span class='ocrx_word' id='word_1_406' title='bbox 2870 2274 2964 2343; x_wconf 86' lang='lat' dir='ltr'><strong>qni</strong></span> <span class='ocrx_word' id='word_1_407' title='bbox 2997 2276 3345 2342; x_wconf 80' lang='lat' dir='ltr'><strong>inebriantur,</strong></span> <span class='ocrx_word' id='word_1_408' title='bbox 3378 2291 3535 2329; x_wconf 75' lang='lat' dir='ltr'><strong>norm</strong></span> 
     </span>
    </p>
   </div>
   <div class='ocr_carea' id='block_1_52' title="bbox 1960 2360 3537 2436">
    <p class='ocr_par' dir='ltr' id='par_1_52' title="bbox 1960 2360 3537 2436">
     <span class='ocr_line' id='line_1_52' title="bbox 1960 2360 3537 2436; baseline 0.003 -21"><span class='ocrx_word' id='word_1_409' title='bbox 1960 2360 2090 2415; x_wconf 73' lang='lat' dir='ltr'><strong>ebrii</strong></span> <span class='ocrx_word' id='word_1_410' title='bbox 2125 2370 2247 2414; x_wconf 77' lang='lat' dir='ltr'><strong>sunt</strong></span> <span class='ocrx_word' id='word_1_411' title='bbox 2281 2363 2389 2431; x_wconf 63' lang='lat' dir='ltr'><strong>:{at</strong></span> <span class='ocrx_word' id='word_1_412' title='bbox 2449 2378 2543 2417; x_wconf 73' lang='lat' dir='ltr'><strong>nos</strong></span> <span class='ocrx_word' id='word_1_413' title='bbox 2604 2364 2695 2432; x_wconf 84' lang='lat' dir='ltr'><strong>qui</strong></span> <span class='ocrx_word' id='word_1_414' title='bbox 2754 2380 2937 2418; x_wconf 76' lang='lat' dir='ltr'><strong>suum:</strong></span> <span class='ocrx_word' id='word_1_415' title='bbox 2997 2364 3126 2424; x_wconf 84' lang='lat' dir='ltr'><strong>diei.</strong></span> <span class='ocrx_word' id='word_1_416' title='bbox 3167 2366 3442 2436; x_wconf 71' lang='lat' dir='ltr'><strong>vigilantes</strong></span> <span class='ocrx_word' id='word_1_417' title='bbox 3487 2378 3537 2423; x_wconf 82' lang='lat' dir='ltr'><strong>et</strong></span> 
     </span>
    </p>
   </div>
   <div class='ocr_carea' id='block_1_53' title="bbox 1960 2452 3533 2528">
    <p class='ocr_par' dir='ltr' id='par_1_53' title="bbox 1960 2452 3533 2528">
     <span class='ocr_line' id='line_1_53' title="bbox 1960 2452 3533 2528; baseline 0.006 -22"><span class='ocrx_word' id='word_1_418' title='bbox 1960 2452 2150 2506; x_wconf 76' lang='lat' dir='ltr'><strong>attenti</strong></span> <span class='ocrx_word' id='word_1_419' title='bbox 2192 2454 2379 2517; x_wconf 85' lang='lat' dir='ltr'><strong>simus,</strong></span> <span class='ocrx_word' id='word_1_420' title='bbox 2422 2453 2599 2506; x_wconf 78' lang='lat' dir='ltr'><strong>induti</strong></span> <span class='ocrx_word' id='word_1_421' title='bbox 2639 2454 2901 2510; x_wconf 81' lang='lat' dir='ltr'><strong>thoracem</strong></span> <span class='ocrx_word' id='word_1_422' title='bbox 2965 2456 3089 2526; x_wconf 79' lang='lat' dir='ltr'><strong>fidei</strong></span> <span class='ocrx_word' id='word_1_423' title='bbox 3129 2465 3177 2512; x_wconf 85' lang='lat' dir='ltr'><strong>et</strong></span> <span class='ocrx_word' id='word_1_424' title='bbox 3228 2459 3533 2528; x_wconf 78' lang='lat' dir='ltr'><strong>charitatis,</strong></span> 
     </span>
    </p>
   </div>
   <div class='ocr_carea' id='block_1_54' title="bbox 1952 2546 2698 2617">
    <p class='ocr_par' dir='ltr' id='par_1_54' title="bbox 1952 2546 2698 2617">
     <span class='ocr_line' id='line_1_54' title="bbox 1952 2546 2698 2617; baseline 0 -17"><span class='ocrx_word' id='word_1_425' title='bbox 1952 2556 2010 2600; x_wconf 76' lang='lat' dir='ltr'><strong>&#39;et</strong></span> <span class='ocrx_word' id='word_1_426' title='bbox 2052 2546 2261 2616; x_wconf 73' lang='lat' dir='ltr'><strong>galeam</strong></span> <span class='ocrx_word' id='word_1_427' title='bbox 2302 2563 2440 2617; x_wconf 81' lang='lat' dir='ltr'><strong>spem</strong></span> <span class='ocrx_word' id='word_1_428' title='bbox 2480 2549 2698 2603; x_wconf 81' lang='lat' dir='ltr'><strong>salutis.</strong></span> 
     </span>
    </p>
   </div>
   <div class='ocr_carea' id='block_1_55' title="bbox 2041 2726 3533 2802">
    <p class='ocr_par' dir='ltr' id='par_1_55' title="bbox 2041 2726 3533 2802">
     <span class='ocr_line' id='line_1_55' title="bbox 2041 2726 3533 2802; baseline 0.008 -23"><span class='ocrx_word' id='word_1_429' title='bbox 2041 2745 2060 2779; x_wconf 79' lang='grc' dir='ltr'>ι</span> <span class='ocrx_word' id='word_1_430' title='bbox 2093 2726 2216 2782; x_wconf 71' lang='lat' dir='ltr'><strong>Non</strong></span> <span class='ocrx_word' id='word_1_431' title='bbox 2244 2728 2379 2784; x_wconf 85' lang='lat' dir='ltr'><strong>estis</strong></span> <span class='ocrx_word' id='word_1_432' title='bbox 2409 2727 2466 2783; x_wconf 91' lang='lat' dir='ltr'><strong>in</strong></span> <span class='ocrx_word' id='word_1_433' title='bbox 2500 2728 2765 2784; x_wconf 84' lang='lat' dir='ltr'><strong>tenebris.</strong></span> <span class='ocrx_word' id='word_1_434' title='bbox 2799 2748 2819 2782; x_wconf 77' lang='grc' dir='ltr'>ι</span> <span class='ocrx_word' id='word_1_435' title='bbox 2864 2729 2921 2784; x_wconf 86' lang='lat' dir='ltr'><strong>In</strong></span> <span class='ocrx_word' id='word_1_436' title='bbox 2955 2730 3065 2785; x_wconf 82' lang='lat' dir='ltr'><strong>vita</strong></span> <span class='ocrx_word' id='word_1_437' title='bbox 3104 2732 3346 2802; x_wconf 83' lang='lat' dir='ltr'><strong>peccatis</strong></span> <span class='ocrx_word' id='word_1_438' title='bbox 3375 2735 3533 2792; x_wconf 86' lang='lat' dir='ltr'><strong>obte-</strong></span> 
     </span>
    </p>
   </div>
   <div class='ocr_carea' id='block_1_56' title="bbox 1963 2821 3532 2897">
    <p class='ocr_par' dir='ltr' id='par_1_56' title="bbox 1963 2821 3532 2897">
     <span class='ocr_line' id='line_1_56' title="bbox 1963 2821 3532 2897; baseline 0.002 -18"><span class='ocrx_word' id='word_1_439' title='bbox 1963 2821 2307 2890; x_wconf 80' lang='lat' dir='ltr'><strong>nebrata,’ut</strong></span> <span class='ocrx_word' id='word_1_440' title='bbox 2355 2837 2456 2879; x_wconf 85' lang='lat' dir='ltr'><strong>nos</strong></span> <span class='ocrx_word' id='word_1_441' title='bbox 2500 2822 2618 2879; x_wconf 89' lang='lat' dir='ltr'><strong>dies</strong></span> <span class='ocrx_word' id='word_1_442' title='bbox 2670 2822 2763 2879; x_wconf 90' lang='lat' dir='ltr'><strong>ille</strong></span> <span class='ocrx_word' id='word_1_443' title='bbox 2810 2832 3068 2895; x_wconf 77' lang='lat' dir='ltr'><strong>tanquam</strong></span> <span class='ocrx_word' id='word_1_444' title='bbox 3116 2825 3206 2880; x_wconf 78' lang='lat' dir='ltr'><strong>fur</strong></span> <span class='ocrx_word' id='word_1_445' title='bbox 3237 2829 3532 2897; x_wconf 83' lang='lat' dir='ltr'><strong>opprimat.</strong></span> 
     </span>
    </p>
   </div>
   <div class='ocr_carea' id='block_1_57' title="bbox 1962 2912 3535 2986">
    <p class='ocr_par' dir='ltr' id='par_1_57' title="bbox 1962 2912 3535 2986">
     <span class='ocr_line' id='line_1_57' title="bbox 1962 2912 3535 2986; baseline 0.005 -20"><span class='ocrx_word' id='word_1_446' title='bbox 1962 2912 2104 2980; x_wconf 85' lang='lat' dir='ltr'><strong>Quid</strong></span> <span class='ocrx_word' id='word_1_447' title='bbox 2131 2914 2302 2984; x_wconf 80' lang='lat' dir='ltr'><strong>ergo?</strong></span> <span class='ocrx_word' id='word_1_448' title='bbox 2353 2930 2537 2970; x_wconf 88' lang='lat' dir='ltr'><strong>annon</strong></span> <span class='ocrx_word' id='word_1_449' title='bbox 2566 2914 2702 2986; x_wconf 89' lang='lat' dir='ltr'><strong>ipsis</strong></span> <span class='ocrx_word' id='word_1_450' title='bbox 2727 2929 2950 2986; x_wconf 83' lang='lat' dir='ltr'><strong>quoque</strong></span> <span class='ocrx_word' id='word_1_451' title='bbox 2976 2915 3223 2973; x_wconf 87' lang='lat' dir='ltr'><strong>incertus</strong></span> <span class='ocrx_word' id='word_1_452' title='bbox 3253 2920 3535 2975; x_wconf 78' lang='lat' dir='ltr'><strong>imminet?</strong></span> 
     </span>
    </p>
   </div>
   <div class='ocr_carea' id='block_1_58' title="bbox 1966 3002 3529 3078">
    <p class='ocr_par' dir='ltr' id='par_1_58' title="bbox 1966 3002 3529 3078">
     <span class='ocr_line' id='line_1_58' title="bbox 1966 3002 3529 3078; baseline 0.004 -19"><span class='ocrx_word' id='word_1_453' title='bbox 1966 3002 2185 3073; x_wconf 89' lang='lat' dir='ltr'><strong>Utique.</strong></span> <span class='ocrx_word' id='word_1_454' title='bbox 2228 3002 2428 3061; x_wconf 86' lang='lat' dir='ltr'><strong>Verum</strong></span> <span class='ocrx_word' id='word_1_455' title='bbox 2477 3020 2588 3060; x_wconf 89' lang='lat' dir='ltr'><strong>non</strong></span> <span class='ocrx_word' id='word_1_456' title='bbox 2635 3014 2724 3065; x_wconf 89' lang='lat' dir='ltr'><strong>est</strong></span> <span class='ocrx_word' id='word_1_457' title='bbox 2775 3006 2982 3061; x_wconf 89' lang='lat' dir='ltr'><strong>dictum</strong></span> <span class='ocrx_word' id='word_1_458' title='bbox 3032 3023 3048 3061; x_wconf 89' lang='lat'><strong>:</strong></span> <span class='ocrx_word' id='word_1_459' title='bbox 3092 3006 3374 3078; x_wconf 84' lang='lat' dir='ltr'><strong>Tanquam</strong></span> <span class='ocrx_word' id='word_1_460' title='bbox 3420 3008 3529 3072; x_wconf 77' lang='lat' dir='ltr'><strong>fur.</strong></span> 
     </span>
    </p>
   </div>
   <div class='ocr_carea' id='block_1_59' title="bbox 1969 3095 3531 3170">
    <p class='ocr_par' dir='ltr' id='par_1_59' title="bbox 1969 3095 3531 3170">
     <span class='ocr_line' id='line_1_59' title="bbox 1969 3095 3531 3170; baseline 0.003 -19"><span class='ocrx_word' id='word_1_461' title='bbox 1969 3107 2191 3166; x_wconf 82' lang='lat' dir='ltr'><strong>pmpter</strong></span> <span class='ocrx_word' id='word_1_462' title='bbox 2233 3095 2339 3151; x_wconf 86' lang='lat' dir='ltr'><strong>hoc</strong></span> <span class='ocrx_word' id='word_1_463' title='bbox 2386 3096 2533 3165; x_wconf 88' lang='lat' dir='ltr'><strong>quod</strong></span> <span class='ocrx_word' id='word_1_464' title='bbox 2590 3097 2835 3153; x_wconf 89' lang='lat' dir='ltr'><strong>incertus</strong></span> <span class='ocrx_word' id='word_1_465' title='bbox 2887 3098 3190 3165; x_wconf 85' lang='lat' dir='ltr'><strong>immineat,</strong></span> <span class='ocrx_word' id='word_1_466' title='bbox 3241 3100 3335 3155; x_wconf 87' lang='lat' dir='ltr'><strong>sed</strong></span> <span class='ocrx_word' id='word_1_467' title='bbox 3386 3101 3531 3170; x_wconf 90' lang='lat' dir='ltr'><strong>quod</strong></span> 
     </span>
    </p>
   </div>
   <div class='ocr_carea' id='block_1_60' title="bbox 287 3148 1863 3261">
    <p class='ocr_par' dir='ltr' id='par_1_60' title="bbox 287 3148 1861 3247">
     <span class='ocr_line' id='line_1_60' title="bbox 287 3148 1861 3247; baseline 0.003 -21"><span class='ocrx_word' id='word_1_468' title='bbox 287 3179 322 3245; x_wconf 80' lang='grc' dir='ltr'><strong>ή</strong></span> <span class='ocrx_word' id='word_1_469' title='bbox 344 3148 534 3243; x_wconf 59' lang='grc' dir='ltr'>ημέρα</span> <span class='ocrx_word' id='word_1_470' title='bbox 564 3175 714 3245; x_wconf 68' lang='grc' dir='ltr'><strong>ἡμῖν,</strong></span> <span class='ocrx_word' id='word_1_471' title='bbox 748 3175 867 3229; x_wconf 72' lang='grc' dir='ltr'><strong>οὐδὲ</strong></span> <span class='ocrx_word' id='word_1_472' title='bbox 894 3148 987 3229; x_wconf 69' lang='grc' dir='ltr'><strong>ιτέι</strong></span> <span class='ocrx_word' id='word_1_473' title='bbox 1036 3174 1192 3246; x_wconf 85' lang='grc' dir='ltr'><strong>κακῷ</strong></span> <span class='ocrx_word' id='word_1_474' title='bbox 1244 3175 1338 3229; x_wconf 81' lang='grc' dir='ltr'><strong>καὶ</strong></span> <span class='ocrx_word' id='word_1_475' title='bbox 1391 3175 1587 3246; x_wconf 70' lang='grc' dir='ltr'>ζημίᾳ,</span> <span class='ocrx_word' id='word_1_476' title='bbox 1616 3148 1803 3247; x_wconf 66' lang='grc' dir='ltr'><strong>ὥσπερ</strong></span> <span class='ocrx_word' id='word_1_477' title='bbox 1833 3178 1861 3231; x_wconf 86' lang='grc' dir='ltr'>ὁ</span> 
     </span>
    </p>
   </div>
   <div class='ocr_carea' id='block_1_61' title="bbox 1963 3148 3534 3261">
    <p class='ocr_par' dir='ltr' id='par_1_61' title="bbox 1967 3148 3534 3261">
     <span class='ocr_line' id='line_1_61' title="bbox 1969 3148 3531 3170; baseline 0.003 -8"><span class='ocrx_word' id='word_1_478' title='bbox 1969 3148 2089 3166; x_wconf 49' lang='grc' dir='ltr'><strong>περ.</strong></span> <span class='ocrx_word' id='word_1_479' title='bbox 2139 3148 2179 3151; x_wconf 54' lang='grc' dir='ltr'>ρ</span> <span class='ocrx_word' id='word_1_480' title='bbox 2392 3148 2532 3165; x_wconf 54' lang='grc' dir='ltr'><strong>γη</strong></span> <span class='ocrx_word' id='word_1_481' title='bbox 3241 3148 3335 3155; x_wconf 63' lang='grc' dir='ltr'><strong>-ν-</strong></span> <span class='ocrx_word' id='word_1_482' title='bbox 3388 3148 3531 3170; x_wconf 62' lang='grc' dir='ltr'><strong>γν-</strong></span> 
     </span>
     <span class='ocr_line' id='line_1_62' title="bbox 1967 3186 3534 3261; baseline 0.004 -20"><span class='ocrx_word' id='word_1_483' title='bbox 1967 3186 2075 3241; x_wconf 86' lang='lat' dir='ltr'><strong>non</strong></span> <span class='ocrx_word' id='word_1_484' title='bbox 2103 3201 2201 3257; x_wconf 89' lang='lat' dir='ltr'><strong>per</strong></span> <span class='ocrx_word' id='word_1_485' title='bbox 2230 3186 2462 3242; x_wconf 82' lang='lat' dir='ltr'><strong>insidias</strong></span> <span class='ocrx_word' id='word_1_486' title='bbox 2487 3187 2603 3242; x_wconf 79' lang='lat' dir='ltr'><strong>dies</strong></span> <span class='ocrx_word' id='word_1_487' title='bbox 2632 3187 2725 3242; x_wconf 88' lang='lat' dir='ltr'><strong>ille</strong></span> <span class='ocrx_word' id='word_1_488' title='bbox 2756 3187 2917 3244; x_wconf 88' lang='lat' dir='ltr'><strong>nobis</strong></span> <span class='ocrx_word' id='word_1_489' title='bbox 2940 3200 3206 3247; x_wconf 81' lang='lat' dir='ltr'><strong>venturus</strong></span> <span class='ocrx_word' id='word_1_490' title='bbox 3240 3190 3332 3256; x_wconf 86' lang='lat' dir='ltr'><strong>sit,</strong></span> <span class='ocrx_word' id='word_1_491' title='bbox 3356 3206 3534 3261; x_wconf 79' lang='lat' dir='ltr'><strong>neque</strong></span> 
     </span>
    </p>
   </div>
   <div class='ocr_carea' id='block_1_62' title="bbox 285 3258 1857 3337">
    <p class='ocr_par' dir='ltr' id='par_1_62' title="bbox 285 3258 1857 3337">
     <span class='ocr_line' id='line_1_63' title="bbox 285 3258 1857 3337; baseline 0.004 -20"><span class='ocrx_word' id='word_1_492' title='bbox 285 3264 549 3337; x_wconf 75' lang='grc' dir='ltr'><strong>κλέπτης.</strong></span> <span class='ocrx_word' id='word_1_493' title='bbox 576 3258 740 3325; x_wconf 65' lang='lat'><strong>05:0;</strong></span> <span class='ocrx_word' id='word_1_494' title='bbox 762 3264 867 3334; x_wconf 71' lang='grc' dir='ltr'>γὰρ</span> <span class='ocrx_word' id='word_1_495' title='bbox 888 3265 980 3317; x_wconf 65' lang='grc' dir='ltr'><strong>ἐπὶ</strong></span> <span class='ocrx_word' id='word_1_496' title='bbox 1002 3264 1155 3335; x_wconf 79' lang='grc' dir='ltr'><strong>κακῷ</strong></span> <span class='ocrx_word' id='word_1_497' title='bbox 1178 3265 1364 3319; x_wconf 77' lang='grc' dir='ltr'><strong>ἄπεισι</strong></span> <span class='ocrx_word' id='word_1_498' title='bbox 1385 3266 1517 3337; x_wconf 84' lang='grc' dir='ltr'><strong>πρὸς</strong></span> <span class='ocrx_word' id='word_1_499' title='bbox 1537 3265 1628 3329; x_wconf 73' lang='grc' dir='ltr'><strong>οὓς</strong></span> <span class='ocrx_word' id='word_1_500' title='bbox 1651 3267 1857 3324; x_wconf 82' lang='grc' dir='ltr'><strong>ἄπεισι.</strong></span> 
     </span>
    </p>
   </div>
   <div class='ocr_carea' id='block_1_63' title="bbox 294 3357 1860 3430">
    <p class='ocr_par' dir='ltr' id='par_1_63' title="bbox 294 3357 1860 3430">
     <span class='ocr_line' id='line_1_64' title="bbox 294 3357 1860 3430; baseline 0.001 -18"><span class='ocrx_word' id='word_1_501' title='bbox 294 3376 319 3411; x_wconf 72' lang='grc' dir='ltr'>ς</span> <span class='ocrx_word' id='word_1_502' title='bbox 339 3358 462 3412; x_wconf 81' lang='grc' dir='ltr'><strong>Υἱοὶ</strong></span> <span class='ocrx_word' id='word_1_503' title='bbox 486 3359 661 3428; x_wconf 84' lang='grc' dir='ltr'><strong>φωτός</strong></span> <span class='ocrx_word' id='word_1_504' title='bbox 680 3359 851 3412; x_wconf 74' lang='grc' dir='ltr'><strong>ἔστε.)</strong></span> <span class='ocrx_word' id='word_1_505' title='bbox 876 3359 1085 3430; x_wconf 76' lang='grc' dir='ltr'><strong>’Ὠσπερ</strong></span> <span class='ocrx_word' id='word_1_506' title='bbox 1101 3357 1207 3430; x_wconf 84' lang='grc' dir='ltr'>γὰρ</span> <span class='ocrx_word' id='word_1_507' title='bbox 1224 3360 1330 3412; x_wconf 78' lang='grc' dir='ltr'><strong>υἱοὶ</strong></span> <span class='ocrx_word' id='word_1_508' title='bbox 1353 3360 1576 3430; x_wconf 80' lang='grc' dir='ltr'><strong>γεέννης</strong></span> <span class='ocrx_word' id='word_1_509' title='bbox 1591 3358 1860 3428; x_wconf 77' lang='grc' dir='ltr'>λέγονται,</span> 
     </span>
    </p>
   </div>
   <div class='ocr_carea' id='block_1_64' title="bbox 288 3449 1862 3521">
    <p class='ocr_par' dir='ltr' id='par_1_64' title="bbox 288 3449 1862 3521">
     <span class='ocr_line' id='line_1_65' title="bbox 288 3449 1862 3521; baseline 0.003 -21"><span class='ocrx_word' id='word_1_510' title='bbox 288 3450 337 3500; x_wconf 77' lang='grc' dir='ltr'><strong>οἱ</strong></span> <span class='ocrx_word' id='word_1_511' title='bbox 363 3449 434 3502; x_wconf 84' lang='grc' dir='ltr'><strong>τὰ</strong></span> <span class='ocrx_word' id='word_1_512' title='bbox 472 3450 694 3520; x_wconf 79' lang='grc' dir='ltr'>γεέννης</span> <span class='ocrx_word' id='word_1_513' title='bbox 719 3449 843 3515; x_wconf 71' lang='grc' dir='ltr'><strong>ἄξια</strong></span> <span class='ocrx_word' id='word_1_514' title='bbox 868 3450 1217 3521; x_wconf 77' lang='grc' dir='ltr'><strong>πράττοντες,</strong></span> <span class='ocrx_word' id='word_1_515' title='bbox 1250 3450 1344 3503; x_wconf 83' lang='grc' dir='ltr'><strong>καὶ</strong></span> <span class='ocrx_word' id='word_1_516' title='bbox 1371 3451 1476 3503; x_wconf 79' lang='grc' dir='ltr'><strong>υἱοὶ</strong></span> <span class='ocrx_word' id='word_1_517' title='bbox 1502 3450 1787 3513; x_wconf 80' lang='grc' dir='ltr'><strong>ἀπειθείας</strong></span> <span class='ocrx_word' id='word_1_518' title='bbox 1813 3453 1862 3506; x_wconf 77' lang='grc' dir='ltr'><strong>οἱ</strong></span> 
     </span>
    </p>
   </div>
   <div class='ocr_carea' id='block_1_65' title="bbox 288 3540 1862 3613">
    <p class='ocr_par' dir='ltr' id='par_1_65' title="bbox 288 3540 1862 3613">
     <span class='ocr_line' id='line_1_66' title="bbox 288 3540 1862 3613; baseline 0.002 -20"><span class='ocrx_word' id='word_1_519' title='bbox 288 3540 536 3605; x_wconf 75' lang='grc' dir='ltr'><strong>ἀπειθεῖς</strong></span> <span class='ocrx_word' id='word_1_520' title='bbox 560 3555 574 3569; x_wconf 86' lang='grc'><em>’</em></span> <span class='ocrx_word' id='word_1_521' title='bbox 600 3540 898 3604; x_wconf 73' lang='grc' dir='ltr'><strong>οὖτωςυὶοὶ</strong></span> <span class='ocrx_word' id='word_1_522' title='bbox 920 3541 1095 3611; x_wconf 77' lang='grc' dir='ltr'><strong>φωτὸς</strong></span> <span class='ocrx_word' id='word_1_523' title='bbox 1125 3540 1220 3595; x_wconf 74' lang='grc' dir='ltr'><strong>καὶ</strong></span> <span class='ocrx_word' id='word_1_524' title='bbox 1250 3541 1482 3613; x_wconf 77' lang='grc' dir='ltr'><strong>ἡμέρας,</strong></span> <span class='ocrx_word' id='word_1_525' title='bbox 1505 3543 1552 3595; x_wconf 79' lang='lat' dir='ltr'><strong>oi</strong></span> <span class='ocrx_word' id='word_1_526' title='bbox 1584 3543 1652 3595; x_wconf 66' lang='lat' dir='ltr'><strong>tit</strong></span> <span class='ocrx_word' id='word_1_527' title='bbox 1680 3542 1862 3596; x_wconf 77' lang='grc' dir='ltr'><strong>δίκαια</strong></span> 
     </span>
    </p>
   </div>
   <div class='ocr_carea' id='block_1_66' title="bbox 290 3631 1865 3703">
    <p class='ocr_par' dir='ltr' id='par_1_66' title="bbox 290 3631 1865 3703">
     <span class='ocr_line' id='line_1_67' title="bbox 290 3631 1865 3703; baseline 0.003 -20"><span class='ocrx_word' id='word_1_528' title='bbox 290 3631 386 3686; x_wconf 74' lang='grc' dir='ltr'><strong>καὶ</strong></span> <span class='ocrx_word' id='word_1_529' title='bbox 404 3633 791 3701; x_wconf 80' lang='grc' dir='ltr'><strong>πεφωτισμὲνα</strong></span> <span class='ocrx_word' id='word_1_530' title='bbox 814 3634 1159 3700; x_wconf 82' lang='grc' dir='ltr'><strong>πράττοντες.</strong></span> <span class='ocrx_word' id='word_1_531' title='bbox 1177 3632 1289 3687; x_wconf 78' lang='grc' dir='ltr'><strong>Οὔκ</strong></span> <span class='ocrx_word' id='word_1_532' title='bbox 1307 3633 1472 3703; x_wconf 81' lang='grc' dir='ltr'><strong>ἐσμεν</strong></span> <span class='ocrx_word' id='word_1_533' title='bbox 1494 3632 1865 3700; x_wconf 66' lang='grc' dir='ltr'><strong>νυκτὸς,τουτδ</strong></span> 
     </span>
    </p>
   </div>
   <div class='ocr_carea' id='block_1_67' title="bbox 290 3720 1864 3794">
    <p class='ocr_par' dir='ltr' id='par_1_67' title="bbox 290 3720 1864 3794">
     <span class='ocr_line' id='line_1_68' title="bbox 290 3720 1864 3794; baseline 0.001 -17"><span class='ocrx_word' id='word_1_534' title='bbox 290 3725 438 3777; x_wconf 81' lang='grc' dir='ltr'><strong>ἐστιν</strong></span> <span class='ocrx_word' id='word_1_535' title='bbox 465 3763 480 3787; x_wconf 91' lang='grc'><strong>,</strong></span> <span class='ocrx_word' id='word_1_536' title='bbox 507 3725 780 3794; x_wconf 80' lang='grc' dir='ltr'><strong>ἁμαρτίας</strong></span> <span class='ocrx_word' id='word_1_537' title='bbox 813 3723 935 3778; x_wconf 84' lang='grc' dir='ltr'><strong>υἱοί.</strong></span> <span class='ocrx_word' id='word_1_538' title='bbox 974 3742 991 3776; x_wconf 82' lang='grc' dir='ltr'><strong>ι</strong></span> <span class='ocrx_word' id='word_1_539' title='bbox 1023 3725 1112 3793; x_wconf 79' lang='grc' dir='ltr'><strong>Μὴ</strong></span> <span class='ocrx_word' id='word_1_540' title='bbox 1142 3722 1510 3794; x_wconf 83' lang='grc' dir='ltr'><strong>καθεύδωμεν.</strong></span> <span class='ocrx_word' id='word_1_541' title='bbox 1545 3743 1565 3776; x_wconf 72' lang='grc' dir='ltr'>ι</span> <span class='ocrx_word' id='word_1_542' title='bbox 1591 3720 1717 3779; x_wconf 79' lang='grc' dir='ltr'><strong>Οῖον</strong></span> <span class='ocrx_word' id='word_1_543' title='bbox 1755 3725 1864 3781; x_wconf 82' lang='grc' dir='ltr'><strong>ἀπὸ</strong></span> 
     </span>
    </p>
   </div>
   <div class='ocr_carea' id='block_1_68' title="bbox 288 3815 1858 3888">
    <p class='ocr_par' dir='ltr' id='par_1_68' title="bbox 288 3815 1858 3888">
     <span class='ocr_line' id='line_1_69' title="bbox 288 3815 1858 3888; baseline 0 -21"><span class='ocrx_word' id='word_1_544' title='bbox 288 3815 402 3868; x_wconf 74' lang='grc' dir='ltr'><strong>τῶν</strong></span> <span class='ocrx_word' id='word_1_545' title='bbox 416 3815 598 3869; x_wconf 73' lang='grc' dir='ltr'><strong>καλῶν</strong></span> <span class='ocrx_word' id='word_1_546' title='bbox 619 3816 795 3887; x_wconf 76' lang='grc' dir='ltr'>ἔργων</span> <span class='ocrx_word' id='word_1_547' title='bbox 836 3815 912 3888; x_wconf 76' lang='grc' dir='ltr'><strong>μὴ</strong></span> <span class='ocrx_word' id='word_1_548' title='bbox 943 3815 1296 3888; x_wconf 78' lang='grc' dir='ltr'><strong>ρᾳθυμῶμεν.</strong></span> <span class='ocrx_word' id='word_1_549' title='bbox 1333 3833 1351 3866; x_wconf 85' lang='grc' dir='ltr'>ι</span> <span class='ocrx_word' id='word_1_550' title='bbox 1393 3816 1501 3868; x_wconf 72' lang='grc' dir='ltr'><strong>Καὶ</strong></span> <span class='ocrx_word' id='word_1_551' title='bbox 1535 3818 1812 3887; x_wconf 77' lang='grc' dir='ltr'>νήφωμεν.</span> <span class='ocrx_word' id='word_1_552' title='bbox 1839 3836 1858 3867; x_wconf 77' lang='grc' dir='ltr'>ι</span> 
     </span>
    </p>
   </div>
   <div class='ocr_carea' id='block_1_69' title="bbox 302 3905 1865 3978">
    <p class='ocr_par' dir='ltr' id='par_1_69' title="bbox 302 3905 1865 3978">
     <span class='ocr_line' id='line_1_70' title="bbox 302 3905 1865 3978; baseline 0.002 -20"><span class='ocrx_word' id='word_1_553' title='bbox 302 3905 621 3971; x_wconf 80' lang='grc' dir='ltr'><strong>Ἔπίστασις</strong></span> <span class='ocrx_word' id='word_1_554' title='bbox 682 3908 1062 3978; x_wconf 71' lang='grc' dir='ltr'><strong>ἐγρηγόρσεως</strong></span> <span class='ocrx_word' id='word_1_555' title='bbox 1085 3947 1099 3972; x_wconf 90' lang='grc'>,</span> <span class='ocrx_word' id='word_1_556' title='bbox 1125 3906 1186 3960; x_wconf 81' lang='grc' dir='ltr'><strong>τὸ</strong></span> <span class='ocrx_word' id='word_1_557' title='bbox 1213 3907 1408 3977; x_wconf 77' lang='grc' dir='ltr'><strong>νήφειν</strong></span> <span class='ocrx_word' id='word_1_558' title='bbox 1433 3946 1448 3962; x_wconf 92' lang='grc'><strong>.</strong></span> <span class='ocrx_word' id='word_1_559' title='bbox 1484 3907 1604 3960; x_wconf 85' lang='grc' dir='ltr'><strong>Ἕνι</strong></span> <span class='ocrx_word' id='word_1_560' title='bbox 1632 3908 1738 3978; x_wconf 79' lang='grc' dir='ltr'>γὰρ</span> <span class='ocrx_word' id='word_1_561' title='bbox 1774 3909 1865 3961; x_wconf 74' lang='grc' dir='ltr'><strong>καὶ</strong></span> 
     </span>
    </p>
   </div>
   <div class='ocr_carea' id='block_1_70' title="bbox 290 3998 1864 4070">
    <p class='ocr_par' dir='ltr' id='par_1_70' title="bbox 290 3998 1864 4070">
     <span class='ocr_line' id='line_1_71' title="bbox 290 3998 1864 4070; baseline 0 -18"><span class='ocrx_word' id='word_1_562' title='bbox 290 4000 680 4070; x_wconf 75' lang='grc' dir='ltr'>ἐγρηγορέναι,</span> <span class='ocrx_word' id='word_1_563' title='bbox 705 4003 799 4054; x_wconf 85' lang='grc' dir='ltr'>καί</span> <span class='ocrx_word' id='word_1_564' title='bbox 830 4000 993 4070; x_wconf 82' lang='grc' dir='ltr'>μηδὲν</span> <span class='ocrx_word' id='word_1_565' title='bbox 1018 3999 1293 4070; x_wconf 80' lang='grc' dir='ltr'><strong>διαφέρειν</strong></span> <span class='ocrx_word' id='word_1_566' title='bbox 1321 3998 1697 4064; x_wconf 84' lang='grc' dir='ltr'><strong>καθεύδοντος,</strong></span> <span class='ocrx_word' id='word_1_567' title='bbox 1731 3999 1864 4057; x_wconf 74' lang='grc' dir='ltr'><strong>ὡσεὶ</strong></span> 
     </span>
    </p>
   </div>
   <div class='ocr_carea' id='block_1_71' title="bbox 290 4090 1866 4164">
    <p class='ocr_par' dir='ltr' id='par_1_71' title="bbox 290 4090 1866 4164">
     <span class='ocr_line' id='line_1_72' title="bbox 290 4090 1866 4164; baseline 0.002 -22"><span class='ocrx_word' id='word_1_568' title='bbox 290 4090 448 4159; x_wconf 78' lang='grc' dir='ltr'><strong>ἔλεγε</strong></span> <span class='ocrx_word' id='word_1_569' title='bbox 506 4105 520 4120; x_wconf 74' lang='grc' dir='ltr'><strong>ο</strong></span> <span class='ocrx_word' id='word_1_570' title='bbox 550 4092 845 4161; x_wconf 74' lang='grc' dir='ltr'><strong>Νηφόντως</strong></span> <span class='ocrx_word' id='word_1_571' title='bbox 888 4092 958 4144; x_wconf 59' lang='grc' dir='ltr'><strong>τι</strong></span> <span class='ocrx_word' id='word_1_572' title='bbox 1012 4092 1193 4160; x_wconf 86' lang='grc' dir='ltr'>ἀγαθὰ</span> <span class='ocrx_word' id='word_1_573' title='bbox 1249 4091 1599 4164; x_wconf 79' lang='grc' dir='ltr'><strong>πράττωμεν,</strong></span> <span class='ocrx_word' id='word_1_574' title='bbox 1635 4091 1729 4145; x_wconf 77' lang='grc' dir='ltr'><strong>καὶ</strong></span> <span class='ocrx_word' id='word_1_575' title='bbox 1775 4092 1866 4145; x_wconf 82' lang='grc' dir='ltr'><strong>τὸν</strong></span> 
     </span>
    </p>
   </div>
   <div class='ocr_carea' id='block_1_72' title="bbox 287 4181 1865 4255">
    <p class='ocr_par' dir='ltr' id='par_1_72' title="bbox 287 4181 1865 4255">
     <span class='ocr_line' id='line_1_73' title="bbox 287 4181 1865 4255; baseline 0.001 -20"><span class='ocrx_word' id='word_1_576' title='bbox 287 4183 492 4235; x_wconf 69' lang='grc' dir='ltr'><strong>οἰκεῖον</strong></span> <span class='ocrx_word' id='word_1_577' title='bbox 538 4181 653 4252; x_wconf 86' lang='grc' dir='ltr'><strong>βίον</strong></span> <span class='ocrx_word' id='word_1_578' title='bbox 710 4182 1105 4252; x_wconf 81' lang='grc' dir='ltr'><strong>οἰκονομῶμεν.</strong></span> <span class='ocrx_word' id='word_1_579' title='bbox 1148 4201 1165 4234; x_wconf 81' lang='grc' dir='ltr'>ι</span> <span class='ocrx_word' id='word_1_580' title='bbox 1201 4185 1262 4236; x_wconf 86' lang='grc' dir='ltr'><strong>οι</strong></span> <span class='ocrx_word' id='word_1_581' title='bbox 1309 4184 1419 4255; x_wconf 75' lang='grc' dir='ltr'><strong>γὰρ</strong></span> <span class='ocrx_word' id='word_1_582' title='bbox 1473 4182 1821 4247; x_wconf 81' lang='grc' dir='ltr'><strong>καθεύδοντες</strong></span> <span class='ocrx_word' id='word_1_583' title='bbox 1849 4224 1865 4249; x_wconf 89' lang='grc'><strong>,</strong></span> 
     </span>
    </p>
   </div>
   <div class='ocr_carea' id='block_1_73' title="bbox 1965 3278 3532 3350">
    <p class='ocr_par' dir='ltr' id='par_1_73' title="bbox 1965 3278 3532 3350">
     <span class='ocr_line' id='line_1_74' title="bbox 1965 3278 3532 3350; baseline 0.004 -18"><span class='ocrx_word' id='word_1_584' title='bbox 1965 3278 2035 3332; x_wconf 85' lang='lat' dir='ltr'><strong>ad</strong></span> <span class='ocrx_word' id='word_1_585' title='bbox 2067 3279 2270 3332; x_wconf 87' lang='lat' dir='ltr'><strong>malum</strong></span> <span class='ocrx_word' id='word_1_586' title='bbox 2300 3292 2365 3333; x_wconf 88' lang='lat' dir='ltr'><strong>ac</strong></span> <span class='ocrx_word' id='word_1_587' title='bbox 2393 3278 2678 3345; x_wconf 86' lang='lat' dir='ltr'><strong>damnum,</strong></span> <span class='ocrx_word' id='word_1_588' title='bbox 2741 3280 3203 3350; x_wconf 86' lang='lat' dir='ltr'><strong>quemadmodum</strong></span> <span class='ocrx_word' id='word_1_589' title='bbox 3235 3283 3322 3341; x_wconf 79' lang='lat' dir='ltr'><strong>fur</strong></span> <span class='ocrx_word' id='word_1_590' title='bbox 3353 3301 3368 3339; x_wconf 90' lang='lat'><strong>:</strong></span> <span class='ocrx_word' id='word_1_591' title='bbox 3403 3296 3532 3339; x_wconf 88' lang='lat' dir='ltr'><strong>nam</strong></span> 
     </span>
    </p>
   </div>
   <div class='ocr_carea' id='block_1_74' title="bbox 1963 3369 3532 3444">
    <p class='ocr_par' dir='ltr' id='par_1_74' title="bbox 1963 3369 3532 3444">
     <span class='ocr_line' id='line_1_75' title="bbox 1963 3369 3532 3444; baseline 0.005 -19"><span class='ocrx_word' id='word_1_592' title='bbox 1963 3369 2052 3425; x_wconf 88' lang='lat' dir='ltr'><strong>hic</strong></span> <span class='ocrx_word' id='word_1_593' title='bbox 2080 3370 2152 3426; x_wconf 90' lang='lat' dir='ltr'><strong>ob</strong></span> <span class='ocrx_word' id='word_1_594' title='bbox 2180 3371 2384 3426; x_wconf 84' lang='lat' dir='ltr'><strong>malum</strong></span> <span class='ocrx_word' id='word_1_595' title='bbox 2413 3372 2608 3428; x_wconf 87' lang='lat' dir='ltr'><strong>accidit</strong></span> <span class='ocrx_word' id='word_1_596' title='bbox 2639 3372 2705 3428; x_wconf 88' lang='lat' dir='ltr'><strong>ad</strong></span> <span class='ocrx_word' id='word_1_597' title='bbox 2740 3389 2883 3444; x_wconf 86' lang='lat' dir='ltr'><strong>quos</strong></span> <span class='ocrx_word' id='word_1_598' title='bbox 2913 3376 3145 3430; x_wconf 84' lang='lat' dir='ltr'><strong>accedit.</strong></span> <span class='ocrx_word' id='word_1_599' title='bbox 3183 3394 3205 3429; x_wconf 79' lang='grc' dir='ltr'>ι</span> <span class='ocrx_word' id='word_1_600' title='bbox 3232 3374 3353 3432; x_wconf 87' lang='lat' dir='ltr'><strong>Filii</strong></span> <span class='ocrx_word' id='word_1_601' title='bbox 3392 3376 3532 3433; x_wconf 87' lang='lat' dir='ltr'><strong>lucis</strong></span> 
     </span>
    </p>
   </div>
   <div class='ocr_carea' id='block_1_75' title="bbox 1964 3456 3536 3539">
    <p class='ocr_par' dir='ltr' id='par_1_75' title="bbox 1964 3456 3536 3539">
     <span class='ocr_line' id='line_1_76' title="bbox 1964 3456 3536 3539; baseline 0.005 -24"><span class='ocrx_word' id='word_1_602' title='bbox 1964 3462 2116 3516; x_wconf 84' lang='lat' dir='ltr'><strong>estis.</strong></span> <span class='ocrx_word' id='word_1_603' title='bbox 2148 3479 2167 3515; x_wconf 73' lang='grc' dir='ltr'>ι</span> <span class='ocrx_word' id='word_1_604' title='bbox 2207 3456 2679 3533; x_wconf 81' lang='lat' dir='ltr'><strong>Quemadmodum</strong></span> <span class='ocrx_word' id='word_1_605' title='bbox 2719 3467 2867 3521; x_wconf 89' lang='lat' dir='ltr'><strong>enim</strong></span> <span class='ocrx_word' id='word_1_606' title='bbox 2909 3468 3005 3523; x_wconf 82' lang='lat' dir='ltr'><strong>illii</strong></span> <span class='ocrx_word' id='word_1_607' title='bbox 3041 3469 3306 3539; x_wconf 75' lang='lat' dir='ltr'><strong>gehennae</strong></span> <span class='ocrx_word' id='word_1_608' title='bbox 3337 3469 3536 3525; x_wconf 86' lang='lat' dir='ltr'><strong>dicun-</strong></span> 
     </span>
    </p>
   </div>
   <div class='ocr_carea' id='block_1_76' title="bbox 1965 3554 3537 3628">
    <p class='ocr_par' dir='ltr' id='par_1_76' title="bbox 1965 3554 3537 3628">
     <span class='ocr_line' id='line_1_77' title="bbox 1965 3554 3537 3628; baseline 0.006 -21"><span class='ocrx_word' id='word_1_609' title='bbox 1965 3561 2058 3608; x_wconf 85' lang='lat' dir='ltr'><strong>tur</strong></span> <span class='ocrx_word' id='word_1_610' title='bbox 2081 3554 2174 3624; x_wconf 91' lang='lat' dir='ltr'><strong>qui</strong></span> <span class='ocrx_word' id='word_1_611' title='bbox 2206 3569 2373 3623; x_wconf 84' lang='lat' dir='ltr'><strong>opera</strong></span> <span class='ocrx_word' id='word_1_612' title='bbox 2401 3555 2564 3626; x_wconf 87' lang='lat' dir='ltr'><strong>digna</strong></span> <span class='ocrx_word' id='word_1_613' title='bbox 2592 3557 2844 3628; x_wconf 87' lang='lat' dir='ltr'><strong>gebenua</strong></span> <span class='ocrx_word' id='word_1_614' title='bbox 2874 3557 3107 3624; x_wconf 78' lang='lat' dir='ltr'><strong>iaciunt,</strong></span> <span class='ocrx_word' id='word_1_615' title='bbox 3131 3570 3187 3617; x_wconf 89' lang='lat' dir='ltr'><strong>et</strong></span> <span class='ocrx_word' id='word_1_616' title='bbox 3217 3559 3310 3615; x_wconf 72' lang='lat' dir='ltr'><strong>lilii</strong></span> <span class='ocrx_word' id='word_1_617' title='bbox 3347 3561 3537 3616; x_wconf 81' lang='lat' dir='ltr'><strong>inobe-</strong></span> 
     </span>
    </p>
   </div>
   <div class='ocr_carea' id='block_1_77' title="bbox 1964 3645 3535 3723">
    <p class='ocr_par' dir='ltr' id='par_1_77' title="bbox 1964 3645 3535 3723">
     <span class='ocr_line' id='line_1_78' title="bbox 1964 3645 3535 3723; baseline 0.006 -23"><span class='ocrx_word' id='word_1_618' title='bbox 1964 3645 2202 3713; x_wconf 65' lang='lat' dir='ltr'><strong>dientiar,</strong></span> <span class='ocrx_word' id='word_1_619' title='bbox 2234 3662 2346 3702; x_wconf 89' lang='lat' dir='ltr'><strong>non</strong></span> <span class='ocrx_word' id='word_1_620' title='bbox 2386 3648 2827 3718; x_wconf 82' lang='lat' dir='ltr'><strong>obtemperantes</strong></span> <span class='ocrx_word' id='word_1_621' title='bbox 2860 3667 2874 3702; x_wconf 90' lang='lat'><strong>:</strong></span> <span class='ocrx_word' id='word_1_622' title='bbox 2912 3651 2984 3707; x_wconf 83' lang='lat' dir='ltr'><strong>ita</strong></span> <span class='ocrx_word' id='word_1_623' title='bbox 3015 3666 3234 3721; x_wconf 83' lang='lat' dir='ltr'><strong>quoque</strong></span> <span class='ocrx_word' id='word_1_624' title='bbox 3264 3652 3361 3723; x_wconf 77' lang='lat' dir='ltr'><strong>lilii</strong></span> <span class='ocrx_word' id='word_1_625' title='bbox 3392 3653 3535 3709; x_wconf 87' lang='lat' dir='ltr'><strong>lucis</strong></span> 
     </span>
    </p>
   </div>
   <div class='ocr_carea' id='block_1_78' title="bbox 1965 3737 3532 3812">
    <p class='ocr_par' dir='ltr' id='par_1_78' title="bbox 1965 3737 3532 3812">
     <span class='ocr_line' id='line_1_79' title="bbox 1965 3737 3532 3812; baseline 0.004 -21"><span class='ocrx_word' id='word_1_626' title='bbox 1965 3751 2030 3792; x_wconf 83' lang='lat' dir='ltr'><strong>ac</strong></span> <span class='ocrx_word' id='word_1_627' title='bbox 2056 3737 2186 3802; x_wconf 78' lang='lat' dir='ltr'><strong>diei,</strong></span> <span class='ocrx_word' id='word_1_628' title='bbox 2212 3738 2484 3809; x_wconf 83' lang='lat' dir='ltr'><strong>qui&#39;justa</strong></span> <span class='ocrx_word' id='word_1_629' title='bbox 2517 3755 2583 3795; x_wconf 85' lang='lat' dir='ltr'><strong>ac</strong></span> <span class='ocrx_word' id='word_1_630' title='bbox 2609 3741 2916 3796; x_wconf 87' lang='lat' dir='ltr'><strong>illuminata</strong></span> <span class='ocrx_word' id='word_1_631' title='bbox 2948 3740 3158 3798; x_wconf 79' lang='lat' dir='ltr'><strong>faciunt</strong></span> <span class='ocrx_word' id='word_1_632' title='bbox 3184 3758 3376 3812; x_wconf 86' lang='lat' dir='ltr'><strong>opera.</strong></span> <span class='ocrx_word' id='word_1_633' title='bbox 3412 3744 3532 3800; x_wconf 81' lang='lat' dir='ltr'><strong>Non</strong></span> 
     </span>
    </p>
   </div>
   <div class='ocr_carea' id='block_1_79' title="bbox 1967 3830 3532 3902">
    <p class='ocr_par' dir='ltr' id='par_1_79' title="bbox 1967 3830 3532 3902">
     <span class='ocr_line' id='line_1_80' title="bbox 1967 3830 3532 3902; baseline 0.006 -19"><span class='ocrx_word' id='word_1_634' title='bbox 1967 3843 2159 3885; x_wconf 85' lang='lat' dir='ltr'><strong>sumus</strong></span> <span class='ocrx_word' id='word_1_635' title='bbox 2190 3830 2393 3895; x_wconf 88' lang='lat' dir='ltr'><strong>noctis,</strong></span> <span class='ocrx_word' id='word_1_636' title='bbox 2433 3830 2538 3886; x_wconf 85' lang='lat' dir='ltr'><strong>hoc</strong></span> <span class='ocrx_word' id='word_1_637' title='bbox 2570 3840 2676 3900; x_wconf 86' lang='lat' dir='ltr'><strong>est,</strong></span> <span class='ocrx_word' id='word_1_638' title='bbox 2718 3831 2930 3902; x_wconf 85' lang='lat' dir='ltr'><strong>peccati</strong></span> <span class='ocrx_word' id='word_1_639' title='bbox 2966 3833 3084 3887; x_wconf 82' lang='lat' dir='ltr'><strong>lilii.</strong></span> <span class='ocrx_word' id='word_1_640' title='bbox 3129 3852 3149 3886; x_wconf 78' lang='grc' dir='ltr'>ι</span> <span class='ocrx_word' id='word_1_641' title='bbox 3181 3833 3261 3890; x_wconf 85' lang='lat' dir='ltr'><strong>Ne</strong></span> <span class='ocrx_word' id='word_1_642' title='bbox 3291 3836 3532 3891; x_wconf 77' lang='lat' dir='ltr'><strong>dormia-</strong></span> 
     </span>
    </p>
   </div>
   <div class='ocr_carea' id='block_1_80' title="bbox 1969 3918 3536 3994">
    <p class='ocr_par' dir='ltr' id='par_1_80' title="bbox 1969 3918 3536 3994">
     <span class='ocr_line' id='line_1_81' title="bbox 1969 3918 3536 3994; baseline 0.004 -20"><span class='ocrx_word' id='word_1_643' title='bbox 1969 3934 2111 3976; x_wconf 85' lang='lat' dir='ltr'><strong>mus.</strong></span> <span class='ocrx_word' id='word_1_644' title='bbox 2145 3937 2164 3971; x_wconf 74' lang='grc' dir='ltr'>ι</span> <span class='ocrx_word' id='word_1_645' title='bbox 2209 3918 2325 3976; x_wconf 78' lang='lat' dir='ltr'><strong>Hoc</strong></span> <span class='ocrx_word' id='word_1_646' title='bbox 2360 3930 2468 3986; x_wconf 87' lang='lat' dir='ltr'><strong>est,</strong></span> <span class='ocrx_word' id='word_1_647' title='bbox 2500 3936 2569 3975; x_wconf 90' lang='lat' dir='ltr'><strong>ne</strong></span> <span class='ocrx_word' id='word_1_648' title='bbox 2598 3921 2655 3976; x_wconf 90' lang='lat' dir='ltr'><strong>in</strong></span> <span class='ocrx_word' id='word_1_649' title='bbox 2693 3923 2854 3978; x_wconf 83' lang='lat' dir='ltr'><strong>bonis</strong></span> <span class='ocrx_word' id='word_1_650' title='bbox 2900 3923 3160 3992; x_wconf 85' lang='lat' dir='ltr'><strong>operibus</strong></span> <span class='ocrx_word' id='word_1_651' title='bbox 3195 3939 3392 3994; x_wconf 84' lang='lat' dir='ltr'><strong>segnes</strong></span> <span class='ocrx_word' id='word_1_652' title='bbox 3420 3926 3536 3980; x_wconf 83' lang='lat' dir='ltr'><strong>elli-</strong></span> 
     </span>
    </p>
   </div>
   <div class='ocr_carea' id='block_1_81' title="bbox 1967 4008 3627 4097">
    <p class='ocr_par' dir='ltr' id='par_1_81' title="bbox 1967 4008 3627 4097">
     <span class='ocr_line' id='line_1_82' title="bbox 1967 4008 3627 4097; baseline 0.005 -35"><span class='ocrx_word' id='word_1_653' title='bbox 1967 4008 2203 4065; x_wconf 88' lang='lat' dir='ltr'><strong>ciamur.</strong></span> <span class='ocrx_word' id='word_1_654' title='bbox 2253 4028 2273 4061; x_wconf 78' lang='grc' dir='ltr'>ι</span> <span class='ocrx_word' id='word_1_655' title='bbox 2310 4010 2378 4065; x_wconf 85' lang='grc' dir='ltr'><strong>Ει</strong></span> <span class='ocrx_word' id='word_1_656' title='bbox 2423 4011 2615 4067; x_wconf 86' lang='lat' dir='ltr'><strong>attenti</strong></span> <span class='ocrx_word' id='word_1_657' title='bbox 2667 4013 2865 4067; x_wconf 88' lang='lat' dir='ltr'><strong>simus.</strong></span> <span class='ocrx_word' id='word_1_658' title='bbox 2903 4031 2923 4065; x_wconf 76' lang='grc' dir='ltr'>ι</span> <span class='ocrx_word' id='word_1_659' title='bbox 2968 4013 3210 4070; x_wconf 84' lang='lat' dir='ltr'><strong>lntensio</strong></span> <span class='ocrx_word' id='word_1_660' title='bbox 3242 4017 3535 4086; x_wconf 74' lang='lat' dir='ltr'><strong>vigilantia:</strong></span> <span class='ocrx_word' id='word_1_661' title='bbox 3618 4085 3627 4097; x_wconf 32' lang='grc' dir='ltr'><strong>η</strong></span> 
     </span>
    </p>
   </div>
   <div class='ocr_carea' id='block_1_82' title="bbox 1968 4102 3534 4175">
    <p class='ocr_par' dir='ltr' id='par_1_82' title="bbox 1968 4102 3534 4175">
     <span class='ocr_line' id='line_1_83' title="bbox 1968 4102 3534 4175; baseline 0.004 -20"><span class='ocrx_word' id='word_1_662' title='bbox 1968 4108 2054 4155; x_wconf 78' lang='lat' dir='ltr'><strong>eSt</strong></span> <span class='ocrx_word' id='word_1_663' title='bbox 2084 4108 2353 4157; x_wconf 86' lang='lat' dir='ltr'><strong>attentum</strong></span> <span class='ocrx_word' id='word_1_664' title='bbox 2388 4117 2533 4157; x_wconf 87' lang='lat' dir='ltr'><strong>esse.</strong></span> <span class='ocrx_word' id='word_1_665' title='bbox 2567 4102 2848 4173; x_wconf 77' lang='lat' dir='ltr'><strong>Contingit</strong></span> <span class='ocrx_word' id='word_1_666' title='bbox 2875 4104 3019 4159; x_wconf 87' lang='lat' dir='ltr'><strong>enim</strong></span> <span class='ocrx_word' id='word_1_667' title='bbox 3053 4105 3279 4175; x_wconf 78' lang='lat' dir='ltr'><strong>vigilare</strong></span> <span class='ocrx_word' id='word_1_668' title='bbox 3310 4118 3366 4162; x_wconf 88' lang='lat' dir='ltr'><strong>et</strong></span> <span class='ocrx_word' id='word_1_669' title='bbox 3398 4109 3534 4164; x_wconf 84' lang='lat' dir='ltr'><strong>nihil</strong></span> 
     </span>
    </p>
   </div>
   <div class='ocr_carea' id='block_1_83' title="bbox 1970 4191 3533 4264">
    <p class='ocr_par' dir='ltr' id='par_1_83' title="bbox 1970 4191 3533 4264">
     <span class='ocr_line' id='line_1_84' title="bbox 1970 4191 3533 4264; baseline 0.006 -19"><span class='ocrx_word' id='word_1_670' title='bbox 1970 4205 1999 4245; x_wconf 93' lang='lat' dir='ltr'><strong>a</strong></span> <span class='ocrx_word' id='word_1_671' title='bbox 2031 4191 2339 4248; x_wconf 84' lang='lat' dir='ltr'><strong>dormiente</strong></span> <span class='ocrx_word' id='word_1_672' title='bbox 2381 4191 2619 4248; x_wconf 76' lang='lat' dir='ltr'><strong>diﬁ‘erre.</strong></span> <span class='ocrx_word' id='word_1_673' title='bbox 2662 4193 2756 4249; x_wconf 86' lang='lat' dir='ltr'><strong>Est</strong></span> <span class='ocrx_word' id='word_1_674' title='bbox 2786 4209 2915 4264; x_wconf 78' lang='lat' dir='ltr'><strong>ergo</strong></span> <span class='ocrx_word' id='word_1_675' title='bbox 2943 4209 3007 4250; x_wconf 89' lang='lat' dir='ltr'><strong>ac</strong></span> <span class='ocrx_word' id='word_1_676' title='bbox 3047 4196 3093 4251; x_wconf 92' lang='lat' dir='ltr'><strong>si</strong></span> <span class='ocrx_word' id='word_1_677' title='bbox 3133 4197 3343 4253; x_wconf 88' lang='lat' dir='ltr'><strong>diceret</strong></span> <span class='ocrx_word' id='word_1_678' title='bbox 3381 4216 3394 4254; x_wconf 91' lang='lat'><strong>:</strong></span> <span class='ocrx_word' id='word_1_679' title='bbox 3430 4199 3533 4253; x_wconf 81' lang='lat' dir='ltr'><strong>At-</strong></span> 
     </span>
    </p>
   </div>
   <div class='ocr_carea' id='block_1_84' title="bbox 293 4271 1863 4360">
    <p class='ocr_par' dir='ltr' id='par_1_84' title="bbox 293 4271 1863 4347">
     <span class='ocr_line' id='line_1_85' title="bbox 293 4271 1863 4347; baseline 0.001 -21"><span class='ocrx_word' id='word_1_680' title='bbox 293 4273 488 4335; x_wconf 72' lang='grc' dir='ltr'><strong>νυκτὶς</strong></span> <span class='ocrx_word' id='word_1_681' title='bbox 520 4271 857 4326; x_wconf 83' lang='grc' dir='ltr'><strong>καθεύδουσι.</strong></span> <span class='ocrx_word' id='word_1_682' title='bbox 903 4292 923 4325; x_wconf 71' lang='grc' dir='ltr'><strong>ι</strong></span> <span class='ocrx_word' id='word_1_683' title='bbox 960 4273 1254 4327; x_wconf 81' lang='grc' dir='ltr'><strong>Καθεύδειν</strong></span> <span class='ocrx_word' id='word_1_684' title='bbox 1305 4276 1437 4346; x_wconf 64' lang='grc' dir='ltr'><strong>φησι</strong></span> <span class='ocrx_word' id='word_1_685' title='bbox 1471 4275 1598 4337; x_wconf 78' lang='grc' dir='ltr'><strong>τοὺς</strong></span> <span class='ocrx_word' id='word_1_686' title='bbox 1648 4275 1863 4347; x_wconf 87' lang='grc' dir='ltr'><strong>ἀνενερ-</strong></span> 
     </span>
    </p>
   </div>
   <div class='ocr_carea' id='block_1_85' title="bbox 1963 4271 3535 4360">
    <p class='ocr_par' dir='ltr' id='par_1_85' title="bbox 1971 4286 3535 4360">
     <span class='ocr_line' id='line_1_86' title="bbox 1971 4286 3535 4360; baseline 0.001 -18"><span class='ocrx_word' id='word_1_687' title='bbox 1971 4296 2119 4343; x_wconf 88' lang='lat' dir='ltr'><strong>tente</strong></span> <span class='ocrx_word' id='word_1_688' title='bbox 2149 4286 2291 4343; x_wconf 85' lang='lat' dir='ltr'><strong>bona</strong></span> <span class='ocrx_word' id='word_1_689' title='bbox 2319 4300 2631 4355; x_wconf 85' lang='lat' dir='ltr'><strong>operemur,</strong></span> <span class='ocrx_word' id='word_1_690' title='bbox 2663 4294 2714 4342; x_wconf 89' lang='lat' dir='ltr'><strong>et</strong></span> <span class='ocrx_word' id='word_1_691' title='bbox 2750 4286 3030 4356; x_wconf 86' lang='lat' dir='ltr'><strong>propriam</strong></span> <span class='ocrx_word' id='word_1_692' title='bbox 3061 4288 3225 4343; x_wconf 84' lang='lat' dir='ltr'><strong>vitam</strong></span> <span class='ocrx_word' id='word_1_693' title='bbox 3254 4288 3535 4360; x_wconf 80' lang='lat' dir='ltr'><strong>dispense-</strong></span> 
     </span>
    </p>
   </div>
   <div class='ocr_carea' id='block_1_86' title="bbox 290 4362 1863 4449">
    <p class='ocr_par' dir='ltr' id='par_1_86' title="bbox 290 4362 1863 4439">
     <span class='ocr_line' id='line_1_87' title="bbox 290 4362 1863 4439; baseline 0.003 -24"><span class='ocrx_word' id='word_1_694' title='bbox 290 4364 477 4435; x_wconf 78' lang='grc' dir='ltr'>γήτως</span> <span class='ocrx_word' id='word_1_695' title='bbox 512 4362 731 4434; x_wconf 75' lang='grc' dir='ltr'><strong>ἔχοντας</strong></span> <span class='ocrx_word' id='word_1_696' title='bbox 765 4365 900 4434; x_wconf 72' lang='grc' dir='ltr'><strong>πρὸς</strong></span> <span class='ocrx_word' id='word_1_697' title='bbox 922 4364 1017 4435; x_wconf 81' lang='grc' dir='ltr'><strong>τὴν</strong></span> <span class='ocrx_word' id='word_1_698' title='bbox 1046 4364 1152 4418; x_wconf 84' lang='grc' dir='ltr'><strong>τῶν</strong></span> <span class='ocrx_word' id='word_1_699' title='bbox 1187 4365 1364 4420; x_wconf 85' lang='grc' dir='ltr'>καλῶν</span> <span class='ocrx_word' id='word_1_700' title='bbox 1409 4366 1688 4439; x_wconf 81' lang='grc' dir='ltr'>ἐργασίαν,</span> <span class='ocrx_word' id='word_1_701' title='bbox 1716 4385 1863 4420; x_wconf 83' lang='grc' dir='ltr'><strong>τουτ-</strong></span> 
     </span>
    </p>
   </div>
   <div class='ocr_carea' id='block_1_87' title="bbox 1963 4362 3536 4449">
    <p class='ocr_par' dir='ltr' id='par_1_87' title="bbox 1971 4376 3536 4449">
     <span class='ocr_line' id='line_1_88' title="bbox 1971 4376 3536 4449; baseline 0.001 -17"><span class='ocrx_word' id='word_1_702' title='bbox 1971 4393 2114 4440; x_wconf 83' lang='lat' dir='ltr'><strong>mus.</strong></span> <span class='ocrx_word' id='word_1_703' title='bbox 2160 4396 2180 4430; x_wconf 80' lang='grc' dir='ltr'>ι</span> <span class='ocrx_word' id='word_1_704' title='bbox 2215 4376 2350 4432; x_wconf 84' lang='lat' dir='ltr'><strong>Nam</strong></span> <span class='ocrx_word' id='word_1_705' title='bbox 2395 4378 2486 4449; x_wconf 88' lang='lat' dir='ltr'><strong>qui</strong></span> <span class='ocrx_word' id='word_1_706' title='bbox 2529 4378 2835 4441; x_wconf 85' lang='lat' dir='ltr'><strong>dormiunt,</strong></span> <span class='ocrx_word' id='word_1_707' title='bbox 2876 4388 3036 4435; x_wconf 85' lang='lat' dir='ltr'><strong>nocte</strong></span> <span class='ocrx_word' id='word_1_708' title='bbox 3079 4380 3377 4437; x_wconf 79' lang='lat' dir='ltr'><strong>dormiunt.</strong></span> <span class='ocrx_word' id='word_1_709' title='bbox 3412 4398 3434 4434; x_wconf 72' lang='grc' dir='ltr'><strong>ι</strong></span> <span class='ocrx_word' id='word_1_710' title='bbox 3466 4413 3536 4424; x_wconf 90' lang='lat'><strong>—-</strong></span> 
     </span>
    </p>
   </div>
   <div class='ocr_carea' id='block_1_88' title="bbox 293 4456 1863 4557">
    <p class='ocr_par' dir='ltr' id='par_1_88' title="bbox 293 4456 1863 4530">
     <span class='ocr_line' id='line_1_89' title="bbox 293 4456 1863 4530; baseline 0.002 -20"><span class='ocrx_word' id='word_1_711' title='bbox 293 4460 433 4523; x_wconf 80' lang='grc' dir='ltr'><strong>ἐστι,</strong></span> <span class='ocrx_word' id='word_1_712' title='bbox 464 4458 588 4520; x_wconf 63' lang='grc' dir='ltr'><strong>τοὺς</strong></span> <span class='ocrx_word' id='word_1_713' title='bbox 638 4458 1066 4530; x_wconf 77' lang='grc' dir='ltr'><strong>ἁμαρτάνοντας.</strong></span> <span class='ocrx_word' id='word_1_714' title='bbox 1096 4460 1246 4514; x_wconf 76' lang='grc' dir='ltr'><strong>Ἐπεὶ</strong></span> <span class='ocrx_word' id='word_1_715' title='bbox 1298 4456 1390 4514; x_wconf 80' lang='grc' dir='ltr'><strong>οὖν</strong></span> <span class='ocrx_word' id='word_1_716' title='bbox 1436 4462 1575 4517; x_wconf 83' lang='grc' dir='ltr'><strong>κατὰ</strong></span> <span class='ocrx_word' id='word_1_717' title='bbox 1629 4462 1691 4516; x_wconf 78' lang='grc' dir='ltr'><strong>τὸ</strong></span> <span class='ocrx_word' id='word_1_718' title='bbox 1740 4462 1863 4515; x_wconf 79' lang='grc' dir='ltr'><strong>ἀκό-</strong></span> 
     </span>
    </p>
   </div>
   <div class='ocr_carea' id='block_1_89' title="bbox 1963 4456 3537 4557">
    <p class='ocr_par' dir='ltr' id='par_1_89' title="bbox 1973 4467 3537 4540">
     <span class='ocr_line' id='line_1_90' title="bbox 1973 4467 3537 4540; baseline 0.003 -19"><span class='ocrx_word' id='word_1_719' title='bbox 1973 4467 2224 4524; x_wconf 88' lang='lat' dir='ltr'><strong>Dormire</strong></span> <span class='ocrx_word' id='word_1_720' title='bbox 2278 4468 2413 4524; x_wconf 72' lang='lat' dir='ltr'><strong>dicit</strong></span> <span class='ocrx_word' id='word_1_721' title='bbox 2480 4483 2577 4525; x_wconf 90' lang='lat' dir='ltr'><strong>eos</strong></span> <span class='ocrx_word' id='word_1_722' title='bbox 2635 4469 2731 4540; x_wconf 87' lang='lat' dir='ltr'><strong>qui</strong></span> <span class='ocrx_word' id='word_1_723' title='bbox 2792 4485 2900 4526; x_wconf 90' lang='lat' dir='ltr'><strong>non</strong></span> <span class='ocrx_word' id='word_1_724' title='bbox 2947 4469 3197 4525; x_wconf 76' lang='lat' dir='ltr'><strong>laborant</strong></span> <span class='ocrx_word' id='word_1_725' title='bbox 3239 4469 3307 4524; x_wconf 86' lang='lat' dir='ltr'><strong>ad</strong></span> <span class='ocrx_word' id='word_1_726' title='bbox 3363 4470 3537 4525; x_wconf 83' lang='lat' dir='ltr'><strong>bono-</strong></span> 
     </span>
    </p>
   </div>
   <div class='ocr_carea' id='block_1_90' title="bbox 293 4548 1863 4631">
    <p class='ocr_par' dir='ltr' id='par_1_90' title="bbox 293 4548 1863 4625">
     <span class='ocr_line' id='line_1_91' title="bbox 293 4548 1863 4625; baseline 0.004 -24"><span class='ocrx_word' id='word_1_727' title='bbox 293 4548 491 4602; x_wconf 67' lang='lat' dir='ltr'><strong>).ouftov</strong></span> <span class='ocrx_word' id='word_1_728' title='bbox 515 4551 564 4601; x_wconf 81' lang='grc' dir='ltr'><strong>οἱ</strong></span> <span class='ocrx_word' id='word_1_729' title='bbox 595 4549 971 4615; x_wconf 81' lang='grc' dir='ltr'><strong>καθεύδοντες,</strong></span> <span class='ocrx_word' id='word_1_730' title='bbox 1006 4553 1203 4616; x_wconf 80' lang='grc' dir='ltr'><strong>νυκτὸς</strong></span> <span class='ocrx_word' id='word_1_731' title='bbox 1236 4553 1612 4621; x_wconf 78' lang='grc' dir='ltr'><strong>καθεύδουσιν,</strong></span> <span class='ocrx_word' id='word_1_732' title='bbox 1633 4556 1777 4625; x_wconf 74' lang='grc' dir='ltr'><strong>ὑμᾶς</strong></span> <span class='ocrx_word' id='word_1_733' title='bbox 1802 4556 1863 4609; x_wconf 78' lang='grc' dir='ltr'><strong>οὐ</strong></span> 
     </span>
    </p>
   </div>
   <div class='ocr_carea' id='block_1_91' title="bbox 1963 4548 3537 4631">
    <p class='ocr_par' dir='ltr' id='par_1_91' title="bbox 1971 4561 3537 4631">
     <span class='ocr_line' id='line_1_92' title="bbox 1971 4561 3537 4631; baseline -0.001 -15"><span class='ocrx_word' id='word_1_734' title='bbox 1971 4576 2093 4616; x_wconf 90' lang='lat' dir='ltr'><strong>rum</strong></span> <span class='ocrx_word' id='word_1_735' title='bbox 2136 4563 2536 4631; x_wconf 80' lang='lat' dir='ltr'><strong>operationem,</strong></span> <span class='ocrx_word' id='word_1_736' title='bbox 2573 4561 2626 4617; x_wconf 87' lang='lat' dir='ltr'><strong>id</strong></span> <span class='ocrx_word' id='word_1_737' title='bbox 2676 4571 2780 4626; x_wconf 89' lang='lat' dir='ltr'><strong>est,</strong></span> <span class='ocrx_word' id='word_1_738' title='bbox 2820 4570 3158 4631; x_wconf 84' lang='lat' dir='ltr'><strong>peccatores.</strong></span> <span class='ocrx_word' id='word_1_739' title='bbox 3194 4561 3333 4626; x_wconf 80' lang='lat' dir='ltr'><strong>Quia</strong></span> <span class='ocrx_word' id='word_1_740' title='bbox 3373 4561 3537 4631; x_wconf 77' lang='lat' dir='ltr'><strong>igitur</strong></span> 
     </span>
    </p>
   </div>
   <div class='ocr_carea' id='block_1_92' title="bbox 295 4641 1865 4715">
    <p class='ocr_par' dir='ltr' id='par_1_92' title="bbox 295 4641 1865 4715">
     <span class='ocr_line' id='line_1_93' title="bbox 295 4641 1865 4715; baseline 0.004 -22"><span class='ocrx_word' id='word_1_741' title='bbox 295 4642 380 4694; x_wconf 86' lang='grc' dir='ltr'><strong>δεῖ</strong></span> <span class='ocrx_word' id='word_1_742' title='bbox 431 4641 737 4707; x_wconf 82' lang='grc' dir='ltr'><strong>καθεύδειν,</strong></span> <span class='ocrx_word' id='word_1_743' title='bbox 786 4644 997 4715; x_wconf 68' lang='grc' dir='ltr'><strong>ἡμέρας</strong></span> <span class='ocrx_word' id='word_1_744' title='bbox 1022 4646 1116 4697; x_wconf 66' lang='grc' dir='ltr'><strong>καὶ</strong></span> <span class='ocrx_word' id='word_1_745' title='bbox 1156 4645 1218 4697; x_wconf 83' lang='grc' dir='ltr'><strong>ού</strong></span> <span class='ocrx_word' id='word_1_746' title='bbox 1273 4646 1464 4709; x_wconf 82' lang='grc' dir='ltr'><strong>νυκτὸς</strong></span> <span class='ocrx_word' id='word_1_747' title='bbox 1503 4645 1661 4710; x_wconf 75' lang='grc' dir='ltr'><strong>ὄντας</strong></span> <span class='ocrx_word' id='word_1_748' title='bbox 1694 4648 1865 4712; x_wconf 79' lang='grc' dir='ltr'><strong>υἱοὺς,</strong></span> 
     </span>
    </p>
   </div>
   <div class='ocr_carea' id='block_1_93' title="bbox 1966 4653 3539 4725">
    <p class='ocr_par' dir='ltr' id='par_1_93' title="bbox 1966 4653 3539 4725">
     <span class='ocr_line' id='line_1_94' title="bbox 1966 4653 3539 4725; baseline -0.001 -17"><span class='ocrx_word' id='word_1_749' title='bbox 1966 4668 2312 4725; x_wconf 84' lang='lat' dir='ltr'><strong>consequens</strong></span> <span class='ocrx_word' id='word_1_750' title='bbox 2374 4662 2495 4720; x_wconf 89' lang='lat' dir='ltr'><strong>est,</strong></span> <span class='ocrx_word' id='word_1_751' title='bbox 2552 4662 2611 4709; x_wconf 90' lang='lat' dir='ltr'><strong>ut</strong></span> <span class='ocrx_word' id='word_1_752' title='bbox 2659 4655 2751 4724; x_wconf 88' lang='lat' dir='ltr'><strong>qui</strong></span> <span class='ocrx_word' id='word_1_753' title='bbox 2808 4654 3125 4718; x_wconf 81' lang='lat' dir='ltr'><strong>dormiunt,</strong></span> <span class='ocrx_word' id='word_1_754' title='bbox 3190 4660 3349 4709; x_wconf 90' lang='lat' dir='ltr'><strong>nocte</strong></span> <span class='ocrx_word' id='word_1_755' title='bbox 3408 4653 3539 4708; x_wconf 67' lang='lat' dir='ltr'><strong>dor-</strong></span> 
     </span>
    </p>
   </div>
   <div class='ocr_carea' id='block_1_94' title="bbox 295 4730 1863 4815">
    <p class='ocr_par' dir='ltr' id='par_1_94' title="bbox 295 4730 1863 4809">
     <span class='ocr_line' id='line_1_95' title="bbox 295 4730 1863 4809; baseline 0.004 -24"><span class='ocrx_word' id='word_1_756' title='bbox 295 4733 429 4786; x_wconf 72' lang='grc' dir='ltr'><strong>ιῖισεὶ</strong></span> <span class='ocrx_word' id='word_1_757' title='bbox 456 4730 609 4787; x_wconf 73' lang='grc' dir='ltr'><strong>εἶπεν</strong></span> <span class='ocrx_word' id='word_1_758' title='bbox 635 4752 647 4764; x_wconf 81' lang='grc'><em>”</em></span> <span class='ocrx_word' id='word_1_759' title='bbox 672 4736 734 4787; x_wconf 85' lang='grc' dir='ltr'><strong>Οἱ</strong></span> <span class='ocrx_word' id='word_1_760' title='bbox 764 4735 1166 4808; x_wconf 76' lang='grc' dir='ltr'><strong>ἁμαρτάνοντες</strong></span> <span class='ocrx_word' id='word_1_761' title='bbox 1213 4739 1270 4789; x_wconf 82' lang='grc' dir='ltr'>ὲν</span> <span class='ocrx_word' id='word_1_762' title='bbox 1298 4736 1374 4807; x_wconf 83' lang='grc' dir='ltr'><strong>τῷ</strong></span> <span class='ocrx_word' id='word_1_763' title='bbox 1397 4737 1543 4808; x_wconf 77' lang='grc' dir='ltr'><strong>ζόφῳ</strong></span> <span class='ocrx_word' id='word_1_764' title='bbox 1570 4741 1666 4809; x_wconf 83' lang='grc' dir='ltr'><strong>τῆς</strong></span> <span class='ocrx_word' id='word_1_765' title='bbox 1690 4741 1863 4809; x_wconf 80' lang='grc' dir='ltr'><strong>ἀμαρ-</strong></span> 
     </span>
    </p>
   </div>
   <div class='ocr_carea' id='block_1_95' title="bbox 1963 4730 3536 4815">
    <p class='ocr_par' dir='ltr' id='par_1_95' title="bbox 1967 4743 3536 4815">
     <span class='ocr_line' id='line_1_96' title="bbox 1967 4743 3536 4815; baseline 0 -16"><span class='ocrx_word' id='word_1_766' title='bbox 1967 4746 2165 4812; x_wconf 84' lang='lat' dir='ltr'><strong>miant,</strong></span> <span class='ocrx_word' id='word_1_767' title='bbox 2196 4762 2293 4802; x_wconf 77' lang='lat' dir='ltr'><strong>vos</strong></span> <span class='ocrx_word' id='word_1_768' title='bbox 2321 4745 2562 4802; x_wconf 87' lang='lat' dir='ltr'><strong>dormire</strong></span> <span class='ocrx_word' id='word_1_769' title='bbox 2600 4761 2710 4802; x_wconf 90' lang='lat' dir='ltr'><strong>non</strong></span> <span class='ocrx_word' id='word_1_770' title='bbox 2753 4753 2970 4815; x_wconf 88' lang='lat' dir='ltr'><strong>oportet</strong></span> <span class='ocrx_word' id='word_1_771' title='bbox 2996 4745 3093 4815; x_wconf 85' lang='lat' dir='ltr'><strong>qui</strong></span> <span class='ocrx_word' id='word_1_772' title='bbox 3122 4744 3228 4801; x_wconf 88' lang='lat' dir='ltr'><strong>diei</strong></span> <span class='ocrx_word' id='word_1_773' title='bbox 3271 4743 3366 4800; x_wconf 83' lang='lat' dir='ltr'><strong>ﬁlii</strong></span> <span class='ocrx_word' id='word_1_774' title='bbox 3401 4745 3536 4801; x_wconf 85' lang='lat' dir='ltr'><strong>estis</strong></span> 
     </span>
    </p>
   </div>
   <div class='ocr_carea' id='block_1_96' title="bbox 294 4825 1866 4899">
    <p class='ocr_par' dir='ltr' id='par_1_96' title="bbox 294 4825 1866 4899">
     <span class='ocr_line' id='line_1_97' title="bbox 294 4825 1866 4899; baseline 0.003 -21"><span class='ocrx_word' id='word_1_775' title='bbox 294 4826 417 4888; x_wconf 69' lang='grc' dir='ltr'><strong>τίεις</strong></span> <span class='ocrx_word' id='word_1_776' title='bbox 447 4825 715 4893; x_wconf 69' lang='grc' dir='ltr'><strong>διάγουσι.</strong></span> <span class='ocrx_word' id='word_1_777' title='bbox 776 4827 912 4889; x_wconf 73' lang='grc' dir='ltr'><strong>Τοὺς</strong></span> <span class='ocrx_word' id='word_1_778' title='bbox 960 4827 1016 4879; x_wconf 86' lang='grc' dir='ltr'><strong>δὲ</strong></span> <span class='ocrx_word' id='word_1_779' title='bbox 1046 4828 1114 4880; x_wconf 81' lang='grc' dir='ltr'><strong>τὰ</strong></span> <span class='ocrx_word' id='word_1_780' title='bbox 1159 4828 1342 4882; x_wconf 82' lang='grc' dir='ltr'><strong>δίκαια</strong></span> <span class='ocrx_word' id='word_1_781' title='bbox 1372 4831 1635 4899; x_wconf 74' lang='grc' dir='ltr'><strong>πράττειν</strong></span> <span class='ocrx_word' id='word_1_782' title='bbox 1669 4846 1866 4898; x_wconf 83' lang='grc' dir='ltr'><strong>προαι-</strong></span> 
     </span>
    </p>
   </div>
   <div class='ocr_carea' id='block_1_97' title="bbox 298 4915 1862 4993">
    <p class='ocr_par' dir='ltr' id='par_1_97' title="bbox 298 4915 1862 4993">
     <span class='ocr_line' id='line_1_98' title="bbox 298 4915 1862 4993; baseline 0.008 -25"><span class='ocrx_word' id='word_1_783' title='bbox 298 4917 619 4987; x_wconf 67' lang='grc' dir='ltr'><strong>ρουμένους,</strong></span> <span class='ocrx_word' id='word_1_784' title='bbox 646 4918 706 4970; x_wconf 81' lang='grc' dir='ltr'><strong>ού</strong></span> <span class='ocrx_word' id='word_1_785' title='bbox 733 4918 812 4971; x_wconf 83' lang='grc' dir='ltr'><strong>δεῖ</strong></span> <span class='ocrx_word' id='word_1_786' title='bbox 840 4918 1136 4985; x_wconf 86' lang='grc' dir='ltr'><strong>καθεύδειν,</strong></span> <span class='ocrx_word' id='word_1_787' title='bbox 1166 4915 1279 4975; x_wconf 79' lang='grc' dir='ltr'><strong>οἷον</strong></span> <span class='ocrx_word' id='word_1_788' title='bbox 1309 4923 1613 4993; x_wconf 79' lang='grc' dir='ltr'><strong>ἀπρακτεῖν</strong></span> <span class='ocrx_word' id='word_1_789' title='bbox 1641 4924 1862 4993; x_wconf 78' lang='grc' dir='ltr'><strong>ἀρετῆς.</strong></span> 
     </span>
    </p>
   </div>
   <div class='ocr_carea' id='block_1_98' title="bbox 309 5009 1866 5085">
    <p class='ocr_par' dir='ltr' id='par_1_98' title="bbox 309 5009 1866 5085">
     <span class='ocr_line' id='line_1_99' title="bbox 309 5009 1866 5085; baseline 0.003 -21"><span class='ocrx_word' id='word_1_790' title='bbox 309 5009 465 5064; x_wconf 69' lang='grc' dir='ltr'><strong>Ἐπεὶ</strong></span> <span class='ocrx_word' id='word_1_791' title='bbox 484 5011 622 5081; x_wconf 82' lang='grc' dir='ltr'><strong>μήτε</strong></span> <span class='ocrx_word' id='word_1_792' title='bbox 651 5011 965 5081; x_wconf 76' lang='grc' dir='ltr'><strong>διαφέρουσι</strong></span> <span class='ocrx_word' id='word_1_793' title='bbox 990 5015 1054 5083; x_wconf 83' lang='grc' dir='ltr'><strong>τῇ</strong></span> <span class='ocrx_word' id='word_1_794' title='bbox 1088 5013 1239 5065; x_wconf 70' lang='grc' dir='ltr'><strong>νυκτὶ</strong></span> <span class='ocrx_word' id='word_1_795' title='bbox 1269 5015 1367 5083; x_wconf 79' lang='grc' dir='ltr'><strong>τῆς</strong></span> <span class='ocrx_word' id='word_1_796' title='bbox 1403 5015 1701 5085; x_wconf 79' lang='grc' dir='ltr'><strong>ἁμαρτίας,</strong></span> <span class='ocrx_word' id='word_1_797' title='bbox 1727 5015 1866 5069; x_wconf 66' lang='grc' dir='ltr'><strong>ἀλλὰ</strong></span> 
     </span>
    </p>
   </div>
   <div class='ocr_carea' id='block_1_99' title="bbox 298 5100 1865 5178">
    <p class='ocr_par' dir='ltr' id='par_1_99' title="bbox 298 5100 1865 5178">
     <span class='ocr_line' id='line_1_100' title="bbox 298 5100 1865 5178; baseline 0.003 -23"><span class='ocrx_word' id='word_1_798' title='bbox 298 5100 379 5171; x_wconf 75' lang='grc' dir='ltr'><strong>τῷ</strong></span> <span class='ocrx_word' id='word_1_799' title='bbox 421 5104 561 5170; x_wconf 76' lang='grc' dir='ltr'><strong>φωτὶ</strong></span> <span class='ocrx_word' id='word_1_800' title='bbox 612 5103 712 5171; x_wconf 65' lang='grc' dir='ltr'><strong>τῆς</strong></span> <span class='ocrx_word' id='word_1_801' title='bbox 742 5102 940 5173; x_wconf 81' lang='grc' dir='ltr'><strong>ἀρετῆς</strong></span> <span class='ocrx_word' id='word_1_802' title='bbox 995 5106 1088 5157; x_wconf 70' lang='grc' dir='ltr'><strong>καὶ</strong></span> <span class='ocrx_word' id='word_1_803' title='bbox 1136 5104 1578 5178; x_wconf 83' lang='grc' dir='ltr'><strong>δικαιοπραγίας.</strong></span> <span class='ocrx_word' id='word_1_804' title='bbox 1613 5125 1632 5158; x_wconf 80' lang='grc' dir='ltr'>ι</span> <span class='ocrx_word' id='word_1_805' title='bbox 1676 5108 1784 5161; x_wconf 75' lang='grc' dir='ltr'><strong>Καὶ</strong></span> <span class='ocrx_word' id='word_1_806' title='bbox 1816 5109 1865 5160; x_wconf 77' lang='lat' dir='ltr'><strong>oi</strong></span> 
     </span>
    </p>
   </div>
   <div class='ocr_carea' id='block_1_100' title="bbox 303 5195 1864 5269">
    <p class='ocr_par' dir='ltr' id='par_1_100' title="bbox 303 5195 1864 5269">
     <span class='ocr_line' id='line_1_101' title="bbox 303 5195 1864 5269; baseline 0.003 -21"><span class='ocrx_word' id='word_1_807' title='bbox 303 5195 721 5265; x_wconf 72' lang='grc' dir='ltr'><strong>μεθυσκόμενοι,</strong></span> <span class='ocrx_word' id='word_1_808' title='bbox 750 5197 942 5261; x_wconf 76' lang='grc' dir='ltr'><strong>νυκτὸς</strong></span> <span class='ocrx_word' id='word_1_809' title='bbox 971 5199 1251 5267; x_wconf 72' lang='grc' dir='ltr'><strong>μεθύουσι.</strong></span> <span class='ocrx_word' id='word_1_810' title='bbox 1305 5217 1323 5251; x_wconf 74' lang='grc' dir='ltr'>ι</span> <span class='ocrx_word' id='word_1_811' title='bbox 1375 5200 1561 5269; x_wconf 80' lang='grc' dir='ltr'>Μέθην</span> <span class='ocrx_word' id='word_1_812' title='bbox 1608 5198 1864 5264; x_wconf 81' lang='grc' dir='ltr'><strong>ἐνταῦθα,</strong></span> 
     </span>
    </p>
   </div>
   <div class='ocr_carea' id='block_1_101' title="bbox 301 5288 1864 5362">
    <p class='ocr_par' dir='ltr' id='par_1_101' title="bbox 301 5288 1864 5362">
     <span class='ocr_line' id='line_1_102' title="bbox 301 5288 1864 5362; baseline 0.004 -22"><span class='ocrx_word' id='word_1_813' title='bbox 301 5289 363 5341; x_wconf 72' lang='grc' dir='ltr'><strong>ού</strong></span> <span class='ocrx_word' id='word_1_814' title='bbox 396 5288 492 5360; x_wconf 78' lang='grc' dir='ltr'><strong>τὴν</strong></span> <span class='ocrx_word' id='word_1_815' title='bbox 524 5288 582 5354; x_wconf 77' lang='grc' dir='ltr'><strong>ἐξ</strong></span> <span class='ocrx_word' id='word_1_816' title='bbox 609 5289 751 5342; x_wconf 77' lang='grc' dir='ltr'><strong>οἴνου</strong></span> <span class='ocrx_word' id='word_1_817' title='bbox 790 5290 951 5360; x_wconf 84' lang='grc' dir='ltr'><strong>μόνον</strong></span> <span class='ocrx_word' id='word_1_818' title='bbox 1008 5290 1178 5358; x_wconf 79' lang='grc' dir='ltr'>λέγει,</span> <span class='ocrx_word' id='word_1_819' title='bbox 1213 5291 1351 5346; x_wconf 76' lang='grc' dir='ltr'><strong>ἀλλὰ</strong></span> <span class='ocrx_word' id='word_1_820' title='bbox 1389 5293 1487 5362; x_wconf 73' lang='grc' dir='ltr'><strong>τὴν</strong></span> <span class='ocrx_word' id='word_1_821' title='bbox 1520 5292 1581 5356; x_wconf 75' lang='grc' dir='ltr'>ἐξ</span> <span class='ocrx_word' id='word_1_822' title='bbox 1615 5292 1864 5362; x_wconf 71' lang='grc' dir='ltr'><strong>ἁμαρτη-</strong></span> 
     </span>
    </p>
   </div>
   <div class='ocr_carea' id='block_1_102' title="bbox 305 5381 1864 5455">
    <p class='ocr_par' dir='ltr' id='par_1_102' title="bbox 305 5381 1864 5455">
     <span class='ocr_line' id='line_1_103' title="bbox 305 5381 1864 5455; baseline 0.003 -21"><span class='ocrx_word' id='word_1_823' title='bbox 305 5381 489 5449; x_wconf 78' lang='grc' dir='ltr'><strong>μάτων</strong></span> <span class='ocrx_word' id='word_1_824' title='bbox 548 5382 717 5452; x_wconf 73' lang='grc' dir='ltr'><strong>ἀχλὺν</strong></span> <span class='ocrx_word' id='word_1_825' title='bbox 756 5382 850 5436; x_wconf 77' lang='grc' dir='ltr'><strong>καὶ</strong></span> <span class='ocrx_word' id='word_1_826' title='bbox 902 5383 1185 5437; x_wconf 79' lang='grc' dir='ltr'><strong>σκότωσιν.</strong></span> <span class='ocrx_word' id='word_1_827' title='bbox 1228 5403 1247 5436; x_wconf 80' lang='grc' dir='ltr'>ι</span> <span class='ocrx_word' id='word_1_828' title='bbox 1295 5385 1492 5455; x_wconf 81' lang='grc' dir='ltr'><strong>Ἡμεῖς</strong></span> <span class='ocrx_word' id='word_1_829' title='bbox 1542 5385 1596 5437; x_wconf 81' lang='grc' dir='ltr'><strong>δὲ</strong></span> <span class='ocrx_word' id='word_1_830' title='bbox 1651 5384 1864 5455; x_wconf 76' lang='grc' dir='ltr'><strong>ἡμέρας</strong></span> 
     </span>
    </p>
   </div>
   <div class='ocr_carea' id='block_1_103' title="bbox 302 5471 1865 5549">
    <p class='ocr_par' dir='ltr' id='par_1_103' title="bbox 302 5471 1865 5549">
     <span class='ocr_line' id='line_1_104' title="bbox 302 5471 1865 5549; baseline 0.003 -22"><span class='ocrx_word' id='word_1_831' title='bbox 302 5473 471 5536; x_wconf 66' lang='grc' dir='ltr'><strong>ὅντες.</strong></span> <span class='ocrx_word' id='word_1_832' title='bbox 507 5494 528 5525; x_wconf 75' lang='grc' dir='ltr'>ι</span> <span class='ocrx_word' id='word_1_833' title='bbox 564 5471 690 5529; x_wconf 80' lang='grc' dir='ltr'><strong>υἷον</strong></span> <span class='ocrx_word' id='word_1_834' title='bbox 739 5475 866 5531; x_wconf 69' lang='lat' dir='ltr'><strong>nisi.</strong></span> <span class='ocrx_word' id='word_1_835' title='bbox 926 5496 944 5528; x_wconf 78' lang='grc' dir='ltr'><strong>ι</strong></span> <span class='ocrx_word' id='word_1_836' title='bbox 969 5477 1343 5549; x_wconf 80' lang='grc' dir='ltr'><strong>Ἐνδυσάμενοι</strong></span> <span class='ocrx_word' id='word_1_837' title='bbox 1377 5477 1622 5548; x_wconf 84' lang='grc' dir='ltr'><strong>θώρακα.</strong></span> <span class='ocrx_word' id='word_1_838' title='bbox 1667 5497 1684 5528; x_wconf 77' lang='grc' dir='ltr'><strong>ι</strong></span> <span class='ocrx_word' id='word_1_839' title='bbox 1719 5479 1865 5531; x_wconf 78' lang='lat' dir='ltr'><strong>&#39;Avm</strong></span> 
     </span>
    </p>
   </div>
   <div class='ocr_carea' id='block_1_104' title="bbox 303 5565 1862 5641">
    <p class='ocr_par' dir='ltr' id='par_1_104' title="bbox 303 5565 1862 5641">
     <span class='ocr_line' id='line_1_105' title="bbox 303 5565 1862 5641; baseline 0.003 -23"><span class='ocrx_word' id='word_1_840' title='bbox 303 5565 575 5635; x_wconf 53' lang='grc' dir='ltr'><strong>εἶπετδεῖν</strong></span> <span class='ocrx_word' id='word_1_841' title='bbox 600 5569 958 5639; x_wconf 66' lang='grc' dir='ltr'><strong>ἐγρηγορέναι</strong></span> <span class='ocrx_word' id='word_1_842' title='bbox 993 5571 1083 5622; x_wconf 73' lang='lat' dir='ltr'><strong>zai.</strong></span> <span class='ocrx_word' id='word_1_843' title='bbox 1113 5570 1324 5640; x_wconf 76' lang='grc' dir='ltr'><strong>νήφειν,</strong></span> <span class='ocrx_word' id='word_1_844' title='bbox 1361 5569 1454 5624; x_wconf 84' lang='grc' dir='ltr'><strong>νῦν</strong></span> <span class='ocrx_word' id='word_1_845' title='bbox 1489 5569 1862 5641; x_wconf 79' lang='grc' dir='ltr'><strong>προστίθησιν,</strong></span> 
     </span>
    </p>
   </div>
   <div class='ocr_carea' id='block_1_105' title="bbox 1965 4837 3536 4909">
    <p class='ocr_par' dir='ltr' id='par_1_105' title="bbox 1965 4837 3536 4909">
     <span class='ocr_line' id='line_1_106' title="bbox 1965 4837 3536 4909; baseline 0 -16"><span class='ocrx_word' id='word_1_846' title='bbox 1965 4846 2021 4893; x_wconf 87' lang='lat' dir='ltr'><strong>et</strong></span> <span class='ocrx_word' id='word_1_847' title='bbox 2047 4852 2154 4892; x_wconf 89' lang='lat' dir='ltr'><strong>non</strong></span> <span class='ocrx_word' id='word_1_848' title='bbox 2182 4839 2397 4894; x_wconf 90' lang='lat' dir='ltr'><strong>noctis:</strong></span> <span class='ocrx_word' id='word_1_849' title='bbox 2422 4853 2488 4893; x_wconf 88' lang='lat' dir='ltr'><strong>ac</strong></span> <span class='ocrx_word' id='word_1_850' title='bbox 2511 4839 2556 4895; x_wconf 90' lang='lat' dir='ltr'><strong>si</strong></span> <span class='ocrx_word' id='word_1_851' title='bbox 2586 4838 2793 4893; x_wconf 82' lang='lat' dir='ltr'><strong>diceret</strong></span> <span class='ocrx_word' id='word_1_852' title='bbox 2821 4853 2834 4887; x_wconf 88' lang='lat'><strong>:</strong></span> <span class='ocrx_word' id='word_1_853' title='bbox 2865 4838 3188 4895; x_wconf 81' lang='lat' dir='ltr'><strong>Peccatores</strong></span> <span class='ocrx_word' id='word_1_854' title='bbox 3214 4837 3271 4892; x_wconf 91' lang='lat' dir='ltr'><strong>in</strong></span> <span class='ocrx_word' id='word_1_855' title='bbox 3301 4838 3536 4909; x_wconf 81' lang='lat' dir='ltr'><strong>caligine</strong></span> 
     </span>
    </p>
   </div>
   <div class='ocr_carea' id='block_1_106' title="bbox 1973 4929 3540 5000">
    <p class='ocr_par' dir='ltr' id='par_1_106' title="bbox 1973 4929 3540 5000">
     <span class='ocr_line' id='line_1_107' title="bbox 1973 4929 3540 5000; baseline -0.001 -15"><span class='ocrx_word' id='word_1_856' title='bbox 1973 4931 2177 4999; x_wconf 81' lang='lat' dir='ltr'><strong>peccati</strong></span> <span class='ocrx_word' id='word_1_857' title='bbox 2215 4930 2454 5000; x_wconf 82' lang='lat' dir='ltr'><strong>degunt;</strong></span> <span class='ocrx_word' id='word_1_858' title='bbox 2482 4931 2575 4999; x_wconf 88' lang='lat' dir='ltr'><strong>qui</strong></span> <span class='ocrx_word' id='word_1_859' title='bbox 2614 4945 2742 4985; x_wconf 75' lang='lat' dir='ltr'><strong>vero</strong></span> <span class='ocrx_word' id='word_1_860' title='bbox 2777 4930 2926 4999; x_wconf 84' lang='lat' dir='ltr'><strong>justa</strong></span> <span class='ocrx_word' id='word_1_861' title='bbox 2971 4943 3135 4999; x_wconf 86' lang='lat' dir='ltr'><strong>opera</strong></span> <span class='ocrx_word' id='word_1_862' title='bbox 3175 4942 3333 5000; x_wconf 85' lang='lat' dir='ltr'><strong>agere</strong></span> <span class='ocrx_word' id='word_1_863' title='bbox 3364 4929 3540 5000; x_wconf 84' lang='lat' dir='ltr'><strong>elege—</strong></span> 
     </span>
    </p>
   </div>
   <div class='ocr_carea' id='block_1_107' title="bbox 1974 5021 3538 5094">
    <p class='ocr_par' dir='ltr' id='par_1_107' title="bbox 1974 5021 3538 5094">
     <span class='ocr_line' id='line_1_108' title="bbox 1974 5021 3538 5094; baseline 0 -18"><span class='ocrx_word' id='word_1_864' title='bbox 1974 5029 2125 5088; x_wconf 86' lang='lat' dir='ltr'><strong>runt,</strong></span> <span class='ocrx_word' id='word_1_865' title='bbox 2161 5037 2269 5079; x_wconf 90' lang='lat' dir='ltr'><strong>non</strong></span> <span class='ocrx_word' id='word_1_866' title='bbox 2311 5032 2529 5094; x_wconf 89' lang='lat' dir='ltr'><strong>oportet</strong></span> <span class='ocrx_word' id='word_1_867' title='bbox 2575 5023 2816 5077; x_wconf 88' lang='lat' dir='ltr'><strong>dormire</strong></span> <span class='ocrx_word' id='word_1_868' title='bbox 2865 5021 2981 5077; x_wconf 83' lang='lat' dir='ltr'><strong>sive</strong></span> <span class='ocrx_word' id='word_1_869' title='bbox 3018 5022 3087 5076; x_wconf 89' lang='lat' dir='ltr'><strong>ab</strong></span> <span class='ocrx_word' id='word_1_870' title='bbox 3120 5036 3290 5091; x_wconf 85' lang='lat' dir='ltr'><strong>opere</strong></span> <span class='ocrx_word' id='word_1_871' title='bbox 3318 5022 3538 5077; x_wconf 83' lang='lat' dir='ltr'><strong>virtutis</strong></span> 
     </span>
    </p>
   </div>
   <div class='ocr_carea' id='block_1_108' title="bbox 1974 5112 3535 5185">
    <p class='ocr_par' dir='ltr' id='par_1_108' title="bbox 1974 5112 3535 5185">
     <span class='ocr_line' id='line_1_109' title="bbox 1974 5112 3535 5185; baseline -0.004 -15"><span class='ocrx_word' id='word_1_872' title='bbox 1974 5128 2240 5170; x_wconf 74' lang='lat' dir='ltr'><strong>Cessare:</strong></span> <span class='ocrx_word' id='word_1_873' title='bbox 2284 5115 2726 5185; x_wconf 83' lang='lat' dir='ltr'><strong>quandoquidem</strong></span> <span class='ocrx_word' id='word_1_874' title='bbox 2765 5128 2875 5169; x_wconf 85' lang='lat' dir='ltr'><strong>non</strong></span> <span class='ocrx_word' id='word_1_875' title='bbox 2924 5127 3024 5183; x_wconf 82' lang='lat' dir='ltr'><strong>per</strong></span> <span class='ocrx_word' id='word_1_876' title='bbox 3063 5123 3279 5167; x_wconf 89' lang='lat' dir='ltr'><strong>noctem</strong></span> <span class='ocrx_word' id='word_1_877' title='bbox 3324 5112 3535 5183; x_wconf 84' lang='lat' dir='ltr'><strong>peccati</strong></span> 
     </span>
    </p>
   </div>
   <div class='ocr_carea' id='block_1_109' title="bbox 1974 5203 3538 5278">
    <p class='ocr_par' dir='ltr' id='par_1_109' title="bbox 1974 5203 3538 5278">
     <span class='ocr_line' id='line_1_110' title="bbox 1974 5203 3538 5278; baseline -0.002 -17"><span class='ocrx_word' id='word_1_878' title='bbox 1974 5214 2102 5261; x_wconf 87' lang='lat' dir='ltr'><strong>sunt</strong></span> <span class='ocrx_word' id='word_1_879' title='bbox 2135 5209 2352 5263; x_wconf 84' lang='lat' dir='ltr'><strong>caeteris</strong></span> <span class='ocrx_word' id='word_1_880' title='bbox 2379 5206 2811 5278; x_wconf 69' lang='lat' dir='ltr'><strong>praestantiores,</strong></span> <span class='ocrx_word' id='word_1_881' title='bbox 2854 5205 2950 5261; x_wconf 85' lang='lat' dir='ltr'><strong>sed</strong></span> <span class='ocrx_word' id='word_1_882' title='bbox 2981 5219 3078 5273; x_wconf 86' lang='lat' dir='ltr'><strong>per</strong></span> <span class='ocrx_word' id='word_1_883' title='bbox 3107 5203 3287 5258; x_wconf 87' lang='lat' dir='ltr'><strong>lucem</strong></span> <span class='ocrx_word' id='word_1_884' title='bbox 3321 5203 3538 5259; x_wconf 73' lang='lat' dir='ltr'><strong>virtutis</strong></span> 
     </span>
    </p>
   </div>
   <div class='ocr_carea' id='block_1_110' title="bbox 1973 5296 3536 5367">
    <p class='ocr_par' dir='ltr' id='par_1_110' title="bbox 1973 5296 3536 5367">
     <span class='ocr_line' id='line_1_111' title="bbox 1973 5296 3536 5367; baseline -0.003 -15"><span class='ocrx_word' id='word_1_885' title='bbox 1973 5311 2037 5352; x_wconf 87' lang='lat' dir='ltr'><strong>ac</strong></span> <span class='ocrx_word' id='word_1_886' title='bbox 2062 5296 2225 5365; x_wconf 65' lang='lat' dir='ltr'><strong>justas</strong></span> <span class='ocrx_word' id='word_1_887' title='bbox 2255 5299 2506 5354; x_wconf 88' lang='lat' dir='ltr'><strong>actionis.</strong></span> <span class='ocrx_word' id='word_1_888' title='bbox 2543 5315 2563 5349; x_wconf 75' lang='grc' dir='ltr'><strong>ι</strong></span> <span class='ocrx_word' id='word_1_889' title='bbox 2598 5297 2665 5352; x_wconf 83' lang='grc' dir='ltr'>Ει</span> <span class='ocrx_word' id='word_1_890' title='bbox 2685 5298 2776 5367; x_wconf 89' lang='lat' dir='ltr'><strong>qui</strong></span> <span class='ocrx_word' id='word_1_891' title='bbox 2807 5297 3167 5360; x_wconf 88' lang='lat' dir='ltr'><strong>inebriantur,</strong></span> <span class='ocrx_word' id='word_1_892' title='bbox 3203 5304 3366 5350; x_wconf 90' lang='lat' dir='ltr'><strong>noctu</strong></span> <span class='ocrx_word' id='word_1_893' title='bbox 3399 5296 3536 5350; x_wconf 90' lang='lat' dir='ltr'><strong>ebrii</strong></span> 
     </span>
    </p>
   </div>
   <div class='ocr_carea' id='block_1_111' title="bbox 1974 5388 3540 5456">
    <p class='ocr_par' dir='ltr' id='par_1_111' title="bbox 1974 5388 3540 5456">
     <span class='ocr_line' id='line_1_112' title="bbox 1974 5388 3540 5456; baseline -0.001 -13"><span class='ocrx_word' id='word_1_894' title='bbox 1974 5397 2124 5445; x_wconf 89' lang='lat' dir='ltr'><strong>sunt.</strong></span> <span class='ocrx_word' id='word_1_895' title='bbox 2159 5408 2178 5443; x_wconf 72' lang='grc' dir='ltr'>ι</span> <span class='ocrx_word' id='word_1_896' title='bbox 2223 5390 2554 5445; x_wconf 85' lang='lat' dir='ltr'><strong>Ebrietatem</strong></span> <span class='ocrx_word' id='word_1_897' title='bbox 2601 5391 2692 5445; x_wconf 90' lang='lat' dir='ltr'><strong>hic</strong></span> <span class='ocrx_word' id='word_1_898' title='bbox 2728 5388 2862 5443; x_wconf 88' lang='lat' dir='ltr'><strong>dicit</strong></span> <span class='ocrx_word' id='word_1_899' title='bbox 2906 5402 3014 5443; x_wconf 87' lang='lat' dir='ltr'><strong>non</strong></span> <span class='ocrx_word' id='word_1_900' title='bbox 3049 5402 3168 5443; x_wconf 86' lang='lat' dir='ltr'><strong>eam</strong></span> <span class='ocrx_word' id='word_1_901' title='bbox 3210 5388 3386 5443; x_wconf 85' lang='lat' dir='ltr'><strong>solum</strong></span> <span class='ocrx_word' id='word_1_902' title='bbox 3417 5401 3540 5456; x_wconf 70' lang='lat' dir='ltr'><strong>quae</strong></span> 
     </span>
    </p>
   </div>
   <div class='ocr_carea' id='block_1_112' title="bbox 1971 5477 3538 5555">
    <p class='ocr_par' dir='ltr' id='par_1_112' title="bbox 1971 5477 3538 5555">
     <span class='ocr_line' id='line_1_113' title="bbox 1971 5477 3538 5555; baseline -0.004 -18"><span class='ocrx_word' id='word_1_903' title='bbox 1971 5497 2037 5537; x_wconf 78' lang='lat' dir='ltr'><strong>ex</strong></span> <span class='ocrx_word' id='word_1_904' title='bbox 2059 5483 2187 5537; x_wconf 86' lang='lat' dir='ltr'><strong>vino</strong></span> <span class='ocrx_word' id='word_1_905' title='bbox 2210 5483 2412 5549; x_wconf 88' lang='lat' dir='ltr'><strong>oritur,</strong></span> <span class='ocrx_word' id='word_1_906' title='bbox 2433 5484 2526 5540; x_wconf 85' lang='lat' dir='ltr'><strong>sed</strong></span> <span class='ocrx_word' id='word_1_907' title='bbox 2553 5498 2619 5538; x_wconf 78' lang='lat' dir='ltr'><strong>ex</strong></span> <span class='ocrx_word' id='word_1_908' title='bbox 2646 5483 2889 5555; x_wconf 88' lang='lat' dir='ltr'><strong>peccatis</strong></span> <span class='ocrx_word' id='word_1_909' title='bbox 2912 5477 3230 5552; x_wconf 84' lang='lat' dir='ltr'><strong>productam</strong></span> <span class='ocrx_word' id='word_1_910' title='bbox 3253 5478 3538 5548; x_wconf 74' lang='lat' dir='ltr'><strong>caliginem</strong></span> 
     </span>
    </p>
   </div>
   <div class='ocr_carea' id='block_1_113' title="bbox 1976 5568 3539 5646">
    <p class='ocr_par' dir='ltr' id='par_1_113' title="bbox 1976 5568 3539 5646">
     <span class='ocr_line' id='line_1_114' title="bbox 1976 5568 3539 5646; baseline -0.001 -18"><span class='ocrx_word' id='word_1_911' title='bbox 1976 5589 2041 5630; x_wconf 85' lang='lat' dir='ltr'><strong>ac</strong></span> <span class='ocrx_word' id='word_1_912' title='bbox 2066 5575 2589 5634; x_wconf 62' lang='lat' dir='ltr'><strong>obtenebrationem.</strong></span> <span class='ocrx_word' id='word_1_913' title='bbox 2620 5594 2638 5629; x_wconf 80' lang='grc' dir='ltr'>ι</span> <span class='ocrx_word' id='word_1_914' title='bbox 2668 5577 2737 5629; x_wconf 80' lang='lat' dir='ltr'><strong>At</strong></span> <span class='ocrx_word' id='word_1_915' title='bbox 2755 5590 2859 5633; x_wconf 88' lang='lat' dir='ltr'><strong>nos</strong></span> <span class='ocrx_word' id='word_1_916' title='bbox 2880 5574 2971 5646; x_wconf 87' lang='lat' dir='ltr'><strong>qui</strong></span> <span class='ocrx_word' id='word_1_917' title='bbox 3001 5586 3193 5633; x_wconf 85' lang='lat' dir='ltr'><strong>sumus</strong></span> <span class='ocrx_word' id='word_1_918' title='bbox 3218 5570 3383 5627; x_wconf 65' lang='lat' dir='ltr'><strong>diei.»</strong></span> <span class='ocrx_word' id='word_1_919' title='bbox 3404 5568 3539 5626; x_wconf 84' lang='lat' dir='ltr'><strong>Puta</strong></span> 
     </span>
    </p>
   </div>
   <div class='ocr_carea' id='block_1_114' title="bbox 338 5750 1954 5820">
    <p class='ocr_par' dir='ltr' id='par_1_114' title="bbox 338 5750 1954 5820">
     <span class='ocr_line' id='line_1_115' title="bbox 338 5750 1954 5820; baseline 0.002 -16"><span class='ocrx_word' id='word_1_920' title='bbox 338 5752 347 5759; x_wconf 76' lang='lat'><strong><em>&#39;</em></strong></span> <span class='ocrx_word' id='word_1_921' title='bbox 380 5751 420 5781; x_wconf 80' lang='lat'><strong>&quot;</strong></span> <span class='ocrx_word' id='word_1_922' title='bbox 454 5750 613 5805; x_wconf 76' lang='lat' dir='ltr'><strong>Rom.</strong></span> <span class='ocrx_word' id='word_1_923' title='bbox 644 5768 702 5817; x_wconf 81' lang='grc' dir='ltr'><strong>ιι,</strong></span> <span class='ocrx_word' id='word_1_924' title='bbox 738 5753 789 5807; x_wconf 85' lang='lat'><strong>6.</strong></span> <span class='ocrx_word' id='word_1_925' title='bbox 871 5756 913 5785; x_wconf 82' lang='grc'>¹⁶</span> <span class='ocrx_word' id='word_1_926' title='bbox 952 5753 1137 5808; x_wconf 70' lang='lat' dir='ltr'><strong>Matth.</strong></span> <span class='ocrx_word' id='word_1_927' title='bbox 1200 5770 1346 5820; x_wconf 71' lang='lat' dir='ltr'><strong>xxiv,</strong></span> <span class='ocrx_word' id='word_1_928' title='bbox 1392 5755 1493 5819; x_wconf 75' lang='lat'><strong>57;</strong></span> <span class='ocrx_word' id='word_1_929' title='bbox 1533 5753 1664 5809; x_wconf 78' lang='lat' dir='ltr'><strong>Luc.</strong></span> <span class='ocrx_word' id='word_1_930' title='bbox 1704 5769 1836 5819; x_wconf 77' lang='lat' dir='ltr'><strong>xm,</strong></span> <span class='ocrx_word' id='word_1_931' title='bbox 1867 5753 1954 5808; x_wconf 77' lang='lat'><strong>26.</strong></span> 
     </span>
    </p>
   </div>
  </div>
