3994 6628
490 303 563 371 99
1492 356 1495 361 ‹
1584 304 1981 367 (ECUMENII
2010 306 2302 368 TRICCE
2338 307 2686 370 EPISCOPI

3646 308 3747 371 1Οο

490 423 612 480 lilii.
646 440 667 476 ι
695 418 877 479 luduti
909 419 1217 477 thoracem.
1248 438 1267 472 ι
1307 416 1576 491 Superius
1609 421 1747 477 dixit
1778 438 1916 493 opus
1945 438 2069 479 esse

2175 424 2253 479 δτι
2293 426 2430 496 πρὸς
2467 426 2702 489 τούτοις,
2748 423 2844 478 καὶ
2904 422 3387 496 καθωπλισμένους
3435 418 3576 478 εἶναι
3618 427 3746 497 χρή.

490 513 720 586 vigilare
760 520 816 569 et
865 519 1106 568 attentos
1131 526 1275 578 esse,
1324 527 1472 567 nunc
1516 511 1668 568 addit
1694 513 1840 583 quod
1871 522 2071 584 praeter

492 607 607 673 haec
635 605 800 660 etiam
834 612 1077 659 armatos
1101 617 1226 659 esse
1253 612 1531 673 oporteat,
1551 603 1993 675 quandoquidem
2022 607 2069 662 si

492 695 744 751 diabolos
775 703 1087 752 exarmatos
1129 691 1422 756 invenerit.
1459 693 1686 763 impetet
1715 709 1780 750 ac
1807 695 2070 759 ollendet,

493 787 658 845 etiam
691 793 738 841 sl
771 785 1005 840 maxime
1032 785 1321 854 vigilemus
1357 792 1413 838 et
1442 785 1635 839 attenti
1669 785 1867 842 simus.
1912 788 2073 858 179

496 879 804 935 Thoracem
839 892 970 933 vero
997 876 1133 932 dicit
1169 876 1291 932 ﬁdei
1325 890 1389 931 ac
1417 875 1707 932 eliaritatis
1735 889 1960 949 propter
1985 896 2073 935 so-

496 971 763 1029 liditatem
795 986 861 1026 ac
886 969 1382 1025 indivisibilitatem
1408 969 1650 1038 ipsorum
1683 988 1698 1025 :
1731 972 1894 1026 talem
1925 971 2072 1027 enim

495 1070 717 1134 Oportet
756 1076 882 1117 esse
923 1060 1085 1115 (idem
1129 1074 1196 1115 ae
1228 1059 1579 1115 cliaritatem.
1622 1059 1703 1116 Ad
1732 1076 1860 1116 eum
1890 1071 2069 1116 autem

495 1157 588 1226 qui
619 1156 717 1210 has
746 1154 929 1218 liabet,
954 1167 1238 1209 accessum
1268 1151 1471 1208 habere
1498 1162 1777 1223 nequeunt
1800 1154 2072 1210 diabolica

497 1246 620 1301 tela.
670 1264 689 1297 ι
735 1243 897 1313 Spem
947 1241 1165 1299 salutis.
1209 1260 1228 1293 ι
1273 1241 1485 1298 Etenim
1526 1258 1653 1312 spes
1695 1243 1914 1309 salutis,
1950 1243 2074 1300 loco

494 1339 663 1408 galea:
704 1337 942 1390 maxime
986 1334 1319 1390 necessariae
1360 1335 1504 1389 inter
1544 1351 1611 1391 ea
1653 1351 1775 1405 qua!
1820 1337 1873 1391 in
1913 1338 2073 1392 nobis

494 1441 642 1496 sunt,
668 1442 775 1483 non
801 1427 933 1482 sinit
959 1433 1194 1481 mentem
1219 1428 1288 1478 ad
1315 1426 1516 1480 malum
1544 1427 1770 1497 impelli.
1794 1426 2071 1498 Siquidem

493 1523 647 1593 galea
692 1519 970 1573 tutissime
1010 1525 1193 1573 servat
1226 1524 1414 1587 caput.
1451 1516 1597 1570 Alibi
1636 1531 1848 1587 quoque
1891 1514 2072 1582 (idem,

492 1629 645 1684 spem
676 1621 725 1667 et
758 1612 1080 1667 charitatem
1115 1610 1331 1665 caeteris
1372 1610 1640 1680 praeponit
1672 1609 1982 1675 virtutibus,
2019 1616 2076 1663 et

489 1719 636 1761 nunc
668 1704 768 1757 bas
810 1702 1012 1757 habere
1043 1700 1219 1771 jubet.

567 1796 627 1864 V,
659 1792 1073 1860 9.15.Quoniam
1107 1810 1209 1847 non
1231 1793 1503 1848 constituit
1529 1809 1623 1847 nos
1652 1791 1794 1848 Deus
1821 1793 1890 1847 ad
1912 1793 2072 1857 iram,
2106 1801 2151 1860 Β

490 1890 580 1945 sed
612 1889 680 1943 ad
700 1887 1121 1942 consecutionem
1152 1889 1344 1941 salutis
1372 1902 1464 1955 per
1490 1887 1770 1942 Dominum
1831 1896 2073 1942 nostrum

488 1981 673 2038 Iesum
694 1980 989 2045 Christum,
1019 1981 1110 2047 qui
1139 1989 1377 2034 mortuus
1416 1989 1495 2034 est
1520 1996 1614 2050 pro
1669 1979 1840 2045 nobis,
1867 1989 1926 2033 ut
1970 1980 2077 2035 sive

489 2074 762 2146 vigilemus
791 2074 895 2127 sive
932 2073 1282 2140 dormiamus,
1315 2086 1513 2141 semper
1537 2088 1655 2127 cum
1698 2073 1794 2127 illo
1818 2074 2072 2128 vivamus.

491 2165 832 2235 Quapropter
885 2164 1241 2223 adhortemini
1293 2183 1382 2221 vos
1432 2174 1639 2228 mutuo,
1690 2175 1739 2220 et
1796 2165 2073 2234 adiﬁcetis

488 2258 689 2328 singuli
746 2256 989 2327 singulos
1044 2259 1184 2313 sicut
1228 2269 1276 2312 et
1320 2257 1523 2328 facitis.
1585 2257 1849 2327 Rogamus
1897 2267 2075 2312 autem

488 2367 604 2413 vos,
633 2349 852 2418 fratres,
885 2358 943 2403 ut
976 2352 1281 2420 agnoscatis
1337 2366 1425 2405 eos
1479 2350 1570 2420 qui
1628 2348 1876 2403 laborant
1935 2350 2076 2404 inter

489 2452 649 2497 voset
673 2442 762 2511 qui
784 2451 1024 2509 praesunt
1059 2441 1202 2497 vobis
1254 2443 1309 2497 in
1366 2442 1611 2505 Domino,
1672 2458 1735 2495 ac
1792 2442 2073 2497 admonent

490 2547 602 2594 vos,
631 2541 681 2584 et
708 2531 1011 2585 existimate
1034 2530 1154 2585 illos
1189 2531 1510 2587 vehementer
1539 2547 1704 2601 supra
1732 2534 1941 2587 modum
1962 2548 2077 2587 esse

490 2623 547 2676 in
574 2621 856 2688 eliaritate,
896 2631 1109 2694 propter
1134 2637 1265 2694 opus
1295 2622 1534 2687 illorum.
1558 2623 1751 2680 Pacem
1781 2622 1965 2679 habete
2017 2625 2074 2680 in

491 2711 790 2781 vobisipsis.

560 2835 710 2901 Haec,
741 2836 940 2907 inquit,
966 2818 1221 2893 habenda
1251 2846 1376 2893 sunt
1406 2837 1565 2895 nobis
1596 2848 1769 2893 arma.
1807 2837 2070 2905 Quando-

490 2929 713 2998 quidem
741 2945 919 2999 neque
958 2929 1098 2983 Deus
1157 2929 1447 2984 constituit
1498 2943 1674 2999 neque
1735 2929 2066 2997 designavit,

490 3036 667 3092 neque
705 3030 995 3093 propterea
1027 3021 1158 3076 fecit
1194 3035 1319 3084 nos,
1349 3028 1409 3074 ut
1439 3020 1574 3075 iram
1633 3033 1790 3076 suam
1844 3021 2070 3093 excipe.

488 3129 699 3180 remus,
727 3116 821 3169 sed
859 3122 918 3168 ut
947 3113 1132 3168 salvos
1165 3112 1372 3168 laceret
1403 3127 1527 3168 nos.
1561 3111 1836 3179 Quoniam
1899 3114 2071 3185 igitur

489 3206 586 3262 Dei
617 3206 873 3260 voluntas
899 3213 983 3261 est
1006 3211 1065 3258 ut
1105 3218 1208 3260 nos
1265 3204 1403 3258 salvi
1467 3204 1661 3271 simus,
1728 3205 1846 3276 ipse
1904 3206 2068 3260 etiam

492 3297 720 3368 adjuvat
749 3310 853 3350 nos
908 3294 975 3348 ad
1027 3295 1226 3348 horum
1282 3309 1561 3350 armorum
1618 3296 2067 3366 acquisitionem.

498 3405 519 3440 ι
560 3388 668 3443 Sed
698 3388 765 3442 ad
824 3387 1278 3443 consecutionem
1335 3387 1555 3444 salutis.
1598 3404 1619 3440 ι
1688 3387 1794 3443 Sed
1855 3388 2072 3456 sibiipsi

424 3478 425 3481 “
494 3481 789 3551 acquisivit
819 3494 943 3545 nos,
977 3489 1032 3534 et
1071 3480 1239 3535 veluti
1295 3479 1363 3535 ad
1423 3479 1814 3550 possidendum
1874 3489 2070 3537 nactus

488 3584 572 3629 est
599 3573 726 3627 dato
756 3587 858 3642 pro
880 3572 1040 3627 nobis
1068 3572 1265 3643 pretio,
1303 3587 1497 3643 nempe
1532 3572 1680 3627 inter
1709 3587 1773 3627 ea
1825 3587 1947 3642 quae
1972 3573 2068 3626 ba-

489 3662 674 3727 bebat,
716 3662 1119 3733 pretiosissima
1165 3662 1534 3733 :sanguinem
1587 3663 1732 3717 enim
1784 3659 2067 3734 Unigeniti

489 3754 808 3811 dedit.Cum
829 3755 1329 3827 igiturlliaheamus,
1348 3755 1549 3825 inquit,
1580 3742 1963 3826 arguimentum
1988 3755 2072 3809 di-

489 3847 744 3903 lectionis
764 3845 883 3912 Dei,
908 3847 1069 3903 lldem
1094 3846 1393 3903 habeamus
1416 3862 1538 3918 qua
1558 3846 1625 3901 ad
1646 3846 1823 3916 ipsum
1839 3857 1956 3903 est:
1983 3847 2068 3902 di-

492 3941 776 3995 lectionem
795 3949 987 4010 quaeet
1010 3940 1076 3995 ad
1097 3939 1275 4011 ipsum
1298 3948 1383 3996 est
1400 3949 1455 3995 et
1471 3937 1537 3993 ad
1557 3938 1866 4009 proximum
1885 3956 1898 3992 :
1917 3954 2067 4010 spem

407 4088 416 4101 ,
491 4032 656 4086 etiam
691 4029 889 4085 bonam
922 4029 1068 4099 quod
1099 4030 1282 4085 salvos
1321 4029 1484 4084 l'aciet
1513 4043 1654 4098 quos
1679 4029 1745 4083 ad
1781 4030 2070 4099 possiden-

490 4121 619 4176 dum
651 4110 964 4191 acquisivit.
1022 4138 1043 4172 ι
1079 4119 1150 4175 Ut
1203 4121 1321 4176 sive
1372 4120 1688 4190 vigilemus.
1732 4137 1753 4172 ι
1813 4121 1878 4176 ιιι
1919 4120 2069 4176 hunc

491 4220 672 4267 autem
702 4213 863 4267 linem
887 4225 986 4282 pro
1011 4211 1169 4266 nobis
1193 4219 1439 4266 mortuus
1459 4221 1541 4266 est
1560 4209 1834 4276 Christus,
1864 4200 2066 4282 inquit,

491 4312 552 4358 ut
573 4303 690 4358 sive
727 4302 1038 4372 vigilemus,
1062 4301 1113 4355 id
1139 4310 1244 4368 est,
1270 4303 1540 4364 vivamus,
1564 4301 1680 4356 sive
1700 4301 2064 4367 dormiamus,

488 4394 544 4448 id
579 4400 685 4458 est,
718 4395 1022 4449 moriamur
1058 4394 1206 4464 (nam
1240 4393 1348 4447 alio
1375 4393 1539 4448 modo
1569 4393 1774 4463 accipit
1819 4393 1912 4449 hic
1939 4392 2069 4449 dor-

2187 520 2341 573 Ἐπεὶ
2387 519 2624 585 ἀόπλους
2658 514 2839 588 εὑρὼν
2883 519 2912 570 ὀ
2965 517 3231 584 διάϐολος,
3282 518 3601 590 ἑπηρεάζει,
3643 519 3749 572 κᾶν

2178 612 2410 683 μάλιστα
2443 609 2810 683 γρηγορῶμεν
2841 608 2934 662 καὶ
2958 610 3238 681 νήφωμεν.
3269 609 3503 681 Θώρακα
3533 610 3590 664 δέ
3615 628 3751 682 φησι

2177 707 2414 768 πίστεως
2466 705 2562 759 καὶ
2626 707 2868 776 ἀγάπης,
2898 704 2985 759 διὰ
3030 706 3092 759 τὸ
3141 705 3369 779 στερρὸν
3419 706 3601 759 αὐτῶν
3654 706 3750 760 καὶ

2173 798 2437 868 ἄτμητον.
2472 797 2739 868 Τοιαύτην
2762 800 2871 871 γὰρ
2897 794 3035 852 εἷναι
3059 799 3139 852 δεῖ
3166 800 3266 872 τὴν
3293 798 3475 851 πίστιν
3494 797 3589 851 καὶ
3614 797 3751 866 ἀγά-

2175 908 2304 962 πην.
2333 891 2627 960 Ἀπρόσιτα
2652 891 2710 944 δὲ
2728 889 2807 961 τῷ
2830 891 3032 954 ταύτας
3055 889 3232 960 ἔχοντι
3284 889 3378 943 τοῦ
3410 888 3658 943 διαϐόλου
3681 888 3751 941 τά

2177 978 2329 1049 βέλη.
2366 998 2386 1031 ι
2426 978 2651 1033 Ἐλπίδα
2689 978 2984 1050 σωτηρίας.
3020 996 3039 1031 ι
3078 978 3149 1033 'H
3179 977 3289 1047 γὰρ
3329 977 3488 1041 ἐλπὶς
3510 978 3610 1047 τῆς
3645 994 3750 1030 σω-

2176 1071 2376 1142 τηρίας
2416 1070 2569 1136 τάξει
2627 1070 3060 1142 περικεφαλαίας
3104 1070 3164 1123 τὸ
3226 1070 3524 1135 ἀναγκαῖον
3558 1068 3666 1122 τῶν
3692 1070 3752 1123 ἐν

2173 1163 2348 1232 ἡμῖν,
2395 1164 2487 1215 τὸν
2534 1161 2660 1216 νοῦν
2686 1162 2788 1215 οὐκ
2830 1163 2896 1233 ὲᾷ
2942 1160 3375 1232 περιτραπῆναι.
3417 1160 3530 1214 Καὶ
3557 1160 3668 1231 γὰρ
3714 1161 3749 1230 ὴ

2175 1252 2576 1324 περικεφαλαία
2613 1293 2627 1318 ,
2656 1253 2717 1307 τὸ
2747 1254 3107 1323 καιριώτατον
3159 1252 3324 1316 σώζει
3354 1251 3454 1322 τὴν
3481 1250 3749 1322 κεφαλήν.

2175 1342 2287 1395 Kal
2325 1341 2555 1412 ἀλλαχοῦ
2587 1339 2643 1394 δὲ
2681 1341 2780 1411 τὴν
2810 1340 2995 1394 πίστιν
3035 1339 3133 1393 καὶ
3158 1338 3259 1412 τὴν
3293 1338 3485 1394 ἐλπίδα
3528 1340 3623 1392 καὶ
3650 1339 3751 1410 τὴν

2174 1434 2399 1504 ἀγάπην
2418 1434 2708 1505 προτίθησι
2734 1433 2844 1488 τῶν
2886 1433 3090 1489 λοιπῶν
3111 1424 3345 1506 ἀρετῶν,
3372 1433 3471 1488 καὶ
3497 1430 3596 1486 νῦν
3618 1431 3743 1486 ταύκ

2175 1542 2275 1588 τας
2297 1525 2531 1580 κτᾶσθαι
2562 1525 2796 1580 κελεύει.

2249 1802 2378 1859 Ὀτι
2407 1803 2521 1857 οὐκ
2541 1800 2708 1856 ἔθετο
2738 1799 2895 1871 ἡμᾶς
2916 1803 2951 1855 ὁ
2988 1799 3131 1866 Θεὸς
3161 1802 3243 1863 εις
3271 1798 3478 1870 ὀργὴν,
3504 1799 3643 1854 ἀλλ’
3663 1801 3752 1865 εις

2177 1898 2565 1968 περιποίησιν
2614 1894 2934 1963 σωτηρίας,
2986 1891 3087 1946 διὰ
3136 1892 3243 1946 τοῦ
3296 1893 3518 1960 Κυρίου
3579 1890 3752 1960 ἡμῶν

2187 1988 2393 2057 ἰησσῦ
2431 1985 2720 2056 Χριστοῦ,
2776 1984 2885 2038 τοῦ
2918 1982 3332 2047 ἀποθανόντος
3370 1980 3522 2050 ὑπὲρ
3557 1980 3748 2050 ἡμῶν.

2176 2082 2276 2136 ἵνα
2308 2082 2429 2135 alte
2462 2076 2863 2151 γρηγορῶμεν,
2896 2076 3018 2131 εἴτε
3050 2075 3449 2144 καθεύδωμεν,
3483 2073 3601 2145 ἅμα
3627 2073 3751 2126 σὺν

2176 2171 2336 2239 αὐτῷ
2373 2171 2664 2241 ζήσωμεν.
2698 2172 2797 2224 Διὸ
2843 2167 3242 2238 παρακαλεῖτε
3272 2166 3607 2233 ἀλλήλους.
3650 2165 3750 2218 καὶ

2176 2262 2541 2333 οἰκοδομεῖτε
2567 2259 2654 2329 εἷς
2675 2263 2781 2318 τὸν
2810 2262 2918 2317 ἕνα
2939 2260 3132 2327 καθὼς
3161 2258 3529 2329 καίςποιεῖτε.
3578 2257 3753 2325 Ἐρω-

2174 2357 2367 2428 τῶμεν
2391 2356 2460 2410 δὲ
2491 2354 2668 2427 ὑμᾶς,
2698 2354 2971 2424 ἀδελφοὶ,
2995 2353 3218 2409 ειδέναι
3243 2350 3385 2417 τοὺς
3415 2347 3751 2414 κοπιῶντας

2175 2450 2246 2505 ἐν
2276 2449 2438 2519 ὑμῖν,
2476 2448 2571 2502 καὶ
2601 2446 3079 2516 προϊσταμένους
3123 2442 3290 2515 ὑμῶν
3312 2444 3383 2497 ἐν
3404 2442 3616 2510 Κυρίῳ,
3648 2439 3753 2494 καὶ

2175 2538 2614 2606 νουθετοῦντας
2644 2537 2823 2609 ὑμᾶς,
2864 2538 2961 2592 καί
3001 2536 3277 2607 ἡγεῖσθαι
3315 2533 3536 2599 αὐτοὺς
3565 2535 3752 2601 ὑπερ-

2175 2633 2548 2704 εκπερισσοῦ
2587 2634 2654 2686 ἐν
2690 2631 2892 2701 ἀγάπῃ
2924 2630 3023 2684 διὰ
3055 2629 3121 2684 τὸ
3159 2629 3340 2698 ἔργον
3378 2624 3598 2681 αὐτῶν.
3653 2624 3754 2680 ει-

2170 2725 2459 2794 ρηνεύετε
2478 2723 2548 2777 ἐν
2571 2720 2831 2790 ἑαυτοῖς.
3168 2744 3171 2747 ·

2250 2816 2434 2871 Ταῦτα
2463 2816 2520 2870 δὲ
2555 2817 2707 2885 ἡμῖν,
2740 2814 2896 2885 φησὶ,
2932 2812 3163 2884 κτητέον
3212 2811 3283 2865 τὰ
3327 2809 3486 2865 ὅπλα.
3534 2806 3753 2878 Ἐπειδὴ

2175 2910 2271 2966 καὶ
2301 2912 2330 2964 ὁ
2361 2909 2492 2971 Θεὸς
2522 2909 2621 2961 ούκ
2650 2906 2824 2970 ἔθετο,
2861 2906 2984 2959 οὐδὲ
3013 2904 3312 2974 ἀφώρισεν,
3344 2902 3464 2956 οὐδὲ
3507 2901 3601 2954 ἐπὶ
3626 2899 3755 2954 τού-

2173 3020 2254 3074 τῳ
2284 3000 2563 3071 ἐποίησεν,
2601 3000 2689 3053 ἶνα
2732 3000 2829 3070 τῆς
2868 2998 3036 3072 ὀργῆς
3060 2996 3225 3050 αὐτοῦ
3255 2994 3540 3067 γενώμεθα
3569 2994 3751 3047 δεκτι-

2176 3094 2287 3160 κοὶ,
2314 3093 2429 3148 ἀλλ’
2457 3092 2543 3147 ἵνα
2575 3091 2723 3164 σώσῃ
2755 3093 2923 3163 ἡμᾶς.
2970 3090 3124 3145 ’Ensl
3152 3088 3246 3143 οὖν
3273 3089 3486 3159 θέλημα
3519 3084 3654 3140 Θεοῦ
3685 3083 3752 3138 τὸ

2099 3157 2143 3220 C
2175 3157 2445 3249 σώζεσθαι
2476 3186 2646 3256 ἡμᾶς,
2673 3157 2835 3248 αύτδς
2859 3183 2953 3237 καὶ
2988 3182 3313 3253 συνεργήσει
3347 3157 3483 3250 πρὸς
3517 3179 3616 3251 τὴν
3640 3177 3751 3231 τῶν

2172 3277 2352 3332 ὃπλων
2379 3275 2585 3330 τούτων
2609 3276 2823 3344 κτῆσιν.
2867 3293 2886 3328 ι
2911 3274 3052 3329 Ἀλλ’
3080 3277 3159 3339 είς
3199 3272 3550 3345 περιποίησιν
3573 3288 3753 3342 σωτη-

2176 3371 2349 3441 ρίας.»
2389 3367 2530 3423 Ἀλλ’
2563 3367 2763 3438 ἐαυτῷ,
2798 3367 2954 3438 φησι,
2987 3366 3417 3440 περιεποιήσατο
3449 3366 3618 3436 ἡμᾶς,
3654 3363 3752 3418 καὶ

2172 3455 2285 3515 οἷον
2334 3461 2599 3534 ἐκτήσατο
2642 3461 2810 3531 ἡμᾶς,
2855 3461 2980 3524 δοὺς
3023 3458 3165 3531 ὑπὲρ
3215 3459 3372 3531 ήμῶν
3417 3457 3619 3529 τιμὴν,
3670 3451 3750 3512 ὧν

2172 3549 2286 3624 εἶχε
2339 3553 2401 3607 τὸ
2430 3550 2795 3624 τιμιώτατονο
2848 3552 2910 3608 τδ
2950 3553 3059 3625 γὰρ
3105 3545 3246 3624 αἷμα
3274 3551 3369 3607 τοῦ
3409 3551 3751 3621 Μονογενοῦς

2170 3645 2425 3699 δέδωκεν.
2461 3644 2719 3715 Ἔχοντες
2750 3640 2868 3711 οὖν,
2903 3645 3062 3715 φησι,
3101 3647 3201 3716 τῆς
3230 3646 3447 3717 ἀγάπης
3486 3646 3579 3700 τοῦ
3607 3646 3750 3699 Θεοῦ

2170 3737 2262 3792 τὸν
2311 3738 2556 3809 ἔλεγχον,
2591 3738 2774 3793 πίστιν
2825 3738 3039 3810 ἔχωμεν
3077 3741 3174 3811 τὴν
3194 3741 3273 3805 εἰς
3308 3740 3474 3793 αὐτὸν
3503 3740 3750 3810 ἀγάπην,

2169 3832 2269 3902 τήν
2299 3848 2359 3886 τε
2388 3833 2469 3896 εἰς
2502 3832 2666 3887 αὑτὸν
2699 3832 2795 3886 καὶ
2848 3834 2940 3885 τὸν
2973 3833 3222 3903 πλησίον,
3267 3833 3458 3887 ἐλπίδα
3504 3834 3752 3905 χρηστὴν

2170 3926 2253 3979 ὅτι
2289 3923 2452 3978 σώσει
2489 3925 2583 3990 οὓς
2629 3926 2921 3996 ἐκτήσατο.
2975 3943 2993 3977 ι
3019 3925 3137 3980 Ἰνα
3166 3928 3275 3980 εἴτε
3301 3926 3687 3998 γρηγορῶμεν,
3724 3945 3745 3979 ι

2169 4017 2270 4071 Διά
2299 4016 2459 4070 τοῦτο
2504 4017 2584 4083 δὲ,
2621 4018 2808 4085 φησὶν,
2843 4016 2985 4087 ὑπὲρ
3028 4016 3186 4088 ἡμῶν
3222 4016 3495 4075 ἀπέθανεν
3549 4019 3578 4071 ὀ
3612 4019 3751 4089 Χρι-

2171 4109 2314 4177 στὸς,
2368 4110 2455 4164 ῐνα
2501 4111 2886 4182 γρηγορῶμεν,
2930 4111 3199 4176 τουτέστι,
3226 4111 3408 4182 ζῶμεν
3430 4154 3445 4177 ,
3475 4111 3584 4166 εἴτε
3617 4112 3754 4166 καθ-

2168 4202 2435 4275 εύδωμεν,
2459 4204 2728 4270 τουτέστι,
2782 4204 2894 4258 εἴτε
2957 4204 3337 4276 ἀποθάνωμεν,
3395 4204 3591 4278 (ἄλλως
3639 4206 3752 4277 γὰρ

2168 4289 2273 4351 ὦδε
2319 4295 2382 4351 τὸ
2413 4297 2700 4351 καθεύδειν
2734 4299 2829 4352 καὶ
2861 4298 2959 4369 ούχ
3005 4297 3082 4363 ὡς
3123 4297 3236 4353 ἄνω
3285 4297 3584 4369 ἐξέλαϐεν.)
3630 4300 3752 4370 ἅμα

2172 4389 2270 4443 σὺν
2307 4389 2458 4461 αύτῷ
2484 4387 2760 4459 ζήσωμεν.
2793 4392 2854 4445 Ol
2893 4392 3004 4462 γὰρ
3040 4391 3109 4444 τὰ
3139 4392 3409 4463 εἰρημένα
3439 4392 3577 4445 ὅπλα
3612 4410 3753 4463 κτη-

489 4486 628 4539 mire
651 4499 811 4554 quam
849 4483 903 4538 in
931 4483 1335 4554 superioribus)
1368 4498 1587 4553 semper
1615 4496 1741 4539 cum
1788 4483 1881 4540 illo
1911 4484 2060 4539 viva-

2175 4485 2419 4552 σάμενοι,
2452 4483 2748 4555 συζήσουσι
2772 4484 2864 4538 καὶ
2894 4483 3387 4555 συμϐασιλεύσουσι
3403 4485 3481 4557 τῷ
3502 4487 3749 4559 Χριστῷ.

490 4593 633 4634 mus.
664 4579 766 4645 Qui
801 4578 944 4634 enim
973 4577 1120 4632 dicta
1154 4591 1306 4632 arma
1361 4578 1672 4648 possident,
1723 4576 1888 4632 simul
1936 4592 2061 4634 cum

488 4670 711 4727 Christo
743 4671 930 4726 vivent
954 4684 1020 4726 ac
1043 4670 1373 4742 regnabunt.
1438 4670 1599 4741 180
1656 4687 1677 4723 ι
1715 4670 2068 4741 Quapropter

490 4763 859 4819 adliortemini
894 4777 994 4820 vos
1022 4770 1234 4818 mutuo.
1271 4780 1291 4814 ι
1338 4760 1623 4833 Siquidem
1653 4762 1747 4832 qui
1788 4776 1900 4817 non
1933 4776 2063 4832 pos.

489 4865 621 4910 sunt
679 4864 1043 4927 praeceptores
1100 4854 1346 4926 singulos
1393 4854 1711 4918 admonere,
1772 4853 2070 4910 committit

488 4949 650 5018 ipsis,
684 4959 744 5002 ut
770 4962 830 5003 se
853 4955 1045 5003 mutuo
1076 4946 1442 5002 exhortentur
1467 4953 1524 5001 et
1574 4945 1832 5001 doceant.
1895 4962 1915 4997 ι
1952 4943 2069 5000 Ro-

486 5053 682 5109 gamus
711 5046 893 5093 autem
921 5052 1044 5105 vos,
1076 5056 1096 5090 ι
1151 5038 1269 5094 sive
1325 5037 1704 5092 exhortamur.
1735 5054 1755 5088 ι
1788 5033 1859 5091 Ut
1900 5050 2071 5108 agno-

485 5130 656 5187 scatis
738 5145 834 5185 eos
891 5129 984 5200 qui
1055 5128 1330 5184 laborant.
1394 5146 1417 5182 ι
1476 5126 1683 5185 Deinde
1741 5143 1813 5184 ne
1879 5128 2072 5184 existi-

485 5233 633 5277 ment
667 5224 812 5293 quod
848 5229 1211 5292 praeceptores
1244 5223 1492 5294 ipsorum
1551 5224 1845 5279 removerit
1872 5238 1941 5279 ex
2000 5237 2070 5279 eo

484 5313 630 5383 quod
658 5314 791 5384 ipsis
820 5312 1156 5368 commiserit
1211 5323 1451 5369 mutuam
1506 5314 1956 5386 gubernationem
2012 5320 2068 5369 et

484 5406 945 5474 adhortationem,
987 5407 1240 5477 protinus
1317 5410 1651 5465 mentionem
1718 5408 1848 5466 fecit
1924 5423 2066 5479 prae-

484 5511 771 5571 eeptorum
837 5500 1103 5570 ipsorum.
1142 5519 1163 5553 ι
1222 5500 1291 5556 Ει
1346 5503 1440 5572 qui
1516 5510 1763 5573 pra-sunt
1820 5500 1996 5559 vobis.
2038 5520 2059 5554 ι

485 5588 618 5645 Nam
646 5590 692 5644 si
724 5590 849 5644 illos
875 5590 968 5661 qui
998 5591 1141 5661 apud
1188 5592 1439 5648 homines
1490 5604 1743 5663 potentes
1793 5601 2062 5664 praesunt,

482 5682 634 5736 omni
657 5680 951 5751 dignamur
985 5683 1223 5750 honore,
1278 5685 1451 5740 multo
1503 5686 1679 5754 magis
1706 5692 1923 5755 Oportet
1976 5698 2067 5737 sa-

483 5772 733 5829 cerdotes
758 5774 809 5828 in
834 5775 1039 5831 honore
1068 5775 1270 5833 habere
1301 5777 1393 5848 qui
1429 5777 1569 5848 apud
1605 5777 1773 5834 Deum
1799 5788 2062 5849 praesunt.

2176 4594 2195 4628 ι
2220 4574 2311 4629 Διὸ
2374 4575 2746 4646 παρακαλεῖτε
2799 4577 3082 4648 ἀλλήλους.
3122 4598 3142 4632 ι
3220 4578 3438 4651 Ἐπειδὴ
3491 4580 3597 4651 γὰρ
3646 4582 3751 4633 οὐκ

2175 4665 2451 4737 ἰσχύουσιν
2482 4667 2533 4720 οἱ
2564 4667 2873 4723 διδάσκαλοι
2903 4670 3041 4740 πρὸς
3070 4668 3167 4742 τὴν
3196 4672 3305 4724 τῶν
3326 4671 3581 4725 ἁπάντων
3620 4688 3752 4724 νου-

2174 4759 2394 4825 θεσίαν,
2450 4760 2545 4814 καὶ
2598 4760 2815 4824 ἑαυτοῖς
2867 4760 2927 4815 τὺ
2982 4765 3268 4833 παραινεῖν
3323 4763 3416 4815 καὶ
3473 4762 3751 4816 διδάσκειν

2171 4851 2370 4915 αὐτοὺς
2417 4852 2723 4923 ἐπιτρέπει,
2765 4854 3120 4927 ιἘρωτῶμεν
3145 4856 3201 4910 δὲ
3226 4857 3394 4928 ὑμᾶς,
3433 4876 3452 4911 ι
3493 4852 3606 4911 οἷον
3636 4876 3750 4912 πα-

2173 4943 2540 5016 ρακαλοῦμεν.
2611 4966 2631 4998 «
2653 4946 2865 5002 Είδέναι
2905 4950 3032 5013 τοὺς
3066 4950 3391 5014 κοπιῶντας.
3420 4969 3439 5003 ι
3476 4945 3609 5005 Εἶτα
3657 4953 3751 5006 ἵνα

2174 5037 2248 5107 μὴ
2280 5037 2578 5110 νομίσωσιν
2606 5040 3067 5112 ἀποκεκινηκέναι
3099 5043 3279 5097 αὐτῶν
3314 5045 3441 5108 τοὺς
3486 5043 3748 5098 διδασκά-

2168 5128 2296 5194 λους
2336 5130 2426 5184 διὰ
2457 5130 2550 5184 τοῦ
2581 5132 2870 5204 ἐπιτρέψαι
2915 5133 3098 5197 αὐτοῖς
3134 5135 3233 5206 τὴν
3269 5136 3513 5207 ἀλλήλων
3541 5137 3753 5191 οἰκοδο-

2173 5222 2282 5293 μὴν
2305 5224 2399 5276 καὶ
2433 5210 2803 5294 παράκλησιν,
2830 5225 3030 5291 εὐθέως
3059 5227 3165 5281 τῶν
3204 5225 3537 5282 διδασκάλων
3561 5228 3749 5284 αὐτῶν

2172 5316 2395 5385 μνήμην
2423 5314 2740 5388 ἐποιήσατο.
2779 5336 2797 5370 ι
2820 5319 2930 5372 Kal
2960 5322 3391 5392 προϊσταμένους
3417 5323 3590 5393 ὑμῶν.
3618 5342 3636 5376 ι
3682 5324 3748 5379 Εἰ

2174 5406 2284 5479 γὰρ
2333 5409 2460 5471 τοὺς
2513 5410 2607 5463 ὲπὶ
2657 5410 2965 5483 ἀνθρώπων
3012 5412 3252 5468 δυνατῶν
3306 5414 3750 5488 προϊσταμένους

2170 5497 2352 5568 πάσης
2405 5498 2669 5570 ἀξιοῦμεν
2718 5504 2888 5573 τιμῆς
2919 5542 2932 5564 ,
2985 5503 3166 5575 πολλῷ
3225 5504 3428 5575 μᾶλλον
3490 5507 3572 5561 δεῖ
3614 5508 3749 5571 τοὺς

2173 5588 2376 5659 ἱερέας,
2415 5590 2463 5645 οἳ
2503 5592 2629 5663 πρὸς
2654 5593 2745 5647 τὸν
2780 5594 2914 5650 Θεὸν
2948 5599 3325 5666 προΐστανται.
3362 5598 3525 5653 Ὅθεν
3552 5600 3744 5669 φησίνο

2174 5700 2192 5733 ι
2229 5682 2318 5736 Ἐν
2356 5684 2562 5756 Κυρίῳ,
2600 5705 2617 5737 ι
2651 5687 2918 5752 τουτέστι,
2963 5689 3103 5744 κατὰ
3152 5690 3357 5762 Κύριον
3407 5695 3748 5763 προϊσταμέ-

2168 5790 2313 5840 νους,
2355 5774 2522 5845 ἡγουν
2557 5778 2645 5830 ἐπὶ
2688 5776 2781 5832 τοῦ
2829 5779 3034 5852 Κυρίου
3083 5784 3539 5856 προϊσταμένους.
3582 5802 3599 5837 ι
3631 5782 3750 5840 Kal
