4036 6594
269 316 367 383 ῙίᾺ

1235 319 1618 381 COMMENT.
1656 318 1736 379 ΙΝ
1777 317 2020 381 EPIST.
2055 317 2079 377 Ι
2114 317 2214 378 ΑΙ)
2244 317 2604 378 TIIESSAL.

3435 314 3537 382 102

262 427 520 499 ἡγεῖσθαι
557 427 776 491 αὐτούς.
807 443 825 480 s
883 428 996 483 Καὶ
1029 430 1280 500 ἡγεῖσθαι
1321 431 1520 494 αὐτοὺς
1565 433 1622 484 ὲν
1655 430 1846 501 ἀγάπῃ

1965 428 2108 484 Unde
2140 431 2208 484 ait
2235 447 2249 483 :
2281 449 2298 481 ι
2336 430 2439 496 Qui
2467 430 2522 484 in
2554 427 2806 494 Domino,
2843 447 2862 480 ι
2916 429 3020 484 hoc
3071 438 3176 494 est,
3228 431 3531 485 secundum

263 522 334 588 τῇ
362 519 522 588 ὑμῶν
551 519 786 588 ὀφείλειν
816 516 975 587 εἶναι,
1011 521 1315 587 τουτέστιν,
1365 522 1620 591 ἡγεῖσθαι
1653 522 1851 583 αὐτοὺς

265 609 454 676 ἀξίους
501 609 599 662 τοῦ
633 611 952 679 ἀγαπᾶσθαι
974 653 989 676 ,
1026 612 1122 664 καὶ
1153 613 1214 666 οὐ
1249 613 1487 684 μικρῶς,
1520 612 1636 666 ἀλλ’
1669 614 1851 679 ὑπερ-

265 703 666 770 εκπερισσοῦ.
720 703 896 774 Πολλὴ
937 704 995 758 δὲ
1022 705 1055 776 ή
1087 705 1358 772 ἐπίτασις,
1401 704 1496 758 τοῦ
1539 703 1712 772 ὑπὲρ,
1759 703 1854 756 nati.

265 797 363 850 τοῦ
382 798 477 852 ἐκ.
523 817 542 850 ι
561 799 660 852 Διά
685 799 744 852 τὸ
772 799 933 870 ἔργον
969 801 1202 866 αὐτῶν,ι
1243 803 1427 872 φησιν,
1457 802 1486 855 ὃ
1512 799 1855 855 ἐπιτελοῦσιν

269 890 350 951 εἰς
392 889 561 958 ὑμᾶς.
618 889 1008 961 Βαπτίσματος
1055 891 1163 963 γὰρ
1205 893 1301 946 καὶ
1334 892 1559 964 διδαχῆς
1590 893 1684 946 καὶ
1712 891 1856 960 γνώ-

272 997 413 1043 σεως
437 982 534 1033 καὶ
557 982 876 1054 μυστηρίων
911 984 1146 1055 μετοχῆς
1182 979 1329 1040 οὗτοι
1371 986 1500 1054 ὑμῖν
1552 986 1660 1038 είσι
1725 983 1858 1054 πρό-

274 1070 436 1134 ξενοι.
484 1089 503 1121 ι
529 1073 854 1143 Εἱρηνειῐετε
889 1075 946 1129 ὲν
975 1076 1212 1139 ἑαυτοῖς.
1243 1095 1262 1128 s
1299 1075 1466 1147 Ὁρᾷς
1515 1076 1664 1139 ὅπως
1718 1070 1858 1127 οἶδεν

273 1163 476 1233 ἔχθρας
512 1164 649 1234 πρὸς
697 1167 824 1230 τοὺς
871 1166 1225 1231 διδασκάλους
1267 1169 1627 1240 τικτομένας;
1673 1167 1760 1232 Ἐξ
1785 1159 1861 1220 ὧν

273 1256 382 1327 γάρ
408 1255 480 1308 τὰ
509 1256 690 1325 φαῦλα
711 1258 1011 1328 ἐλέγχουσι,
1040 1259 1261 1314 καὶτῶν
1293 1260 1479 1314 κακῶν
1510 1259 1856 1330 ἀπείργουσι,

279 1347 585 1417 μισοῦνται,
614 1350 792 1403 καίτοι
821 1351 1142 1419 ἀγαπᾶσθαι
1179 1352 1509 1422 ὀφείλοντες.

1961 520 2276 587 Dominum,
2304 523 2419 578 sive
2457 521 2561 577 sub
2605 520 2834 575 Domino
2884 528 3144 590 przcsunt.
3187 539 3205 573 ι
3248 521 3313 576 Et
3344 522 3536 576 existi-

1960 625 2106 667 mate
2140 612 2284 666 illos.
2321 629 2339 663 ›
2378 611 2447 666 Et
2495 611 2711 665 ducetis
2772 609 2896 666 illos
2921 613 2972 664 in
3029 611 3299 666 charitate
3353 619 3534 667 vestra

1961 703 2162 760 debere
2191 712 2314 760 esse
2341 723 2355 759 :
2395 705 2498 758 hoc
2529 713 2634 766 est,
2673 703 2858 759 ducite
2893 704 3042 774 ipsos
3066 705 3260 774 dignos
3284 719 3407 760 esse
3438 705 3534 774 qui

1961 793 2301 862 diligantur:
2337 807 2513 860 neque
2547 791 2603 844 id
2634 791 2833 860 exiguo
2862 791 3155 858 tnodo,sed
3185 792 3538 846 vehementer

1964 901 2130 956 supra
2155 887 2403 942 modum.
2428 885 2619 957 Magna
2646 893 2729 940 est
2757 894 2938 940 autem
2962 883 3200 940 intensio
3218 883 3270 937 in
3298 883 3538 938 dictione

1965 976 2441 1050 ὑπερεκπερισσοῦ
2477 988 2699 1047 propter
2733 977 3005 1047 geminam
3055 975 3536 1046 compositionem,

1965 1085 2162 1140 nempe
2188 1069 2624 1140 propositionum
2685 1069 2829 1140 ὑπέρ
2864 1078 2919 1124 et
2949 1069 3033 1123 ὲκ.
3071 1086 3090 1120 ι
3123 1067 3354 1138 Propter
3402 1080 3541 1137 opus

1968 1161 2212 1224 illorum.
2257 1180 2276 1212 ι
2339 1163 2483 1232 quod
2540 1172 2796 1232 pr:estaut
2826 1177 2952 1233 erga
2987 1177 3103 1217 vos.
3149 1160 3429 1232 Siquidem
3483 1159 3541 1214 hi

1965 1254 2124 1309 vobis
2188 1253 2482 1308 conferunt
2527 1254 2860 1323 baptismum
2903 1263 2958 1308 et
2991 1254 3322 1318 doctrinam,
3363 1255 3542 1308 scien-

1967 1344 2212 1414 tiamque
2233 1358 2297 1398 ac
2320 1346 2711 1416 mysteriorum
2745 1346 3242 1416 participationem.
3290 1361 3309 1395 ι
3345 1343 3543 1398 Pacem

275 1441 472 1497 habete
521 1442 576 1496 in
632 1441 946 1514 vobisipsis.
985 1465 1004 1495 s
1053 1444 1214 1500 Vides
1271 1446 1416 1516 quod
1471 1444 1687 1500 noverit
1741 1437 2064 1497 inimicitias
2127 1437 2265 1492 oriri
2319 1453 2447 1508 erga
2489 1437 3148 1508 praeceptores?Etenim
3174 1437 3433 1508 quoniam
3479 1450 3544 1491 ea

274 1553 398 1609 quae
433 1554 599 1607 prava
633 1549 761 1595 sunt
794 1550 1051 1610 arguunt,
1094 1543 1382 1612 malosque
1415 1539 1832 1606 coercent,odio
1857 1535 2134 1594 habentur
2162 1549 2284 1589 cum
2343 1536 2516 1588 amari
2575 1532 2852 1588 deberent.

343 1631 820 1701 Παρακαλοῦμεν
871 1631 940 1685 δὲ
986 1629 1164 1702 ὑμᾶς,
1198 1632 1472 1702 ἀδελφοί,
1526 1631 1863 1686 νουθετεῖτε

271 1718 419 1785 τοὺς
442 1719 762 1788 ἀτάκτους,
790 1722 1233 1791 παραμυθεῖσθε
1257 1722 1402 1788 τοὺς
1428 1722 1859 1791 ὀλιγοψύχους,

271 1812 607 1881 ἀντέχεσθε
671 1813 792 1866 τῶν
842 1814 1112 1871 ἀσθενῶν
1141 1855 1156 1878 ,
1221 1817 1656 1884 μακροθυμεῖτε
1711 1813 1880 1882 πρὸς

272 1903 538 1970 πάντας,
597 1904 772 1975 ὁρᾶτε
812 1907 898 1977 μή
959 1924 1050 1974 τις
1097 1908 1288 1961 κακὸν
1329 1909 1463 1964 ἀντὶ
1513 1906 1704 1964 κακοῦ
1745 1925 1861 1961 τινι

273 1994 501 2060 ἀποδῷ,
533 1995 696 2052 ἀλλὰ
725 1999 984 2053 πάντοτε
1007 1999 1073 2053 τὸ
1100 1999 1326 2068 ἀγαθὸν
1346 1999 1608 2065 διώκετε,
1641 2000 1737 2054 καί
1775 2002 1863 2068 είς

273 2086 596 2154 ἀλλήλους
633 2089 729 2142 καί
765 2092 853 2156 εἰς
891 2091 1143 2156 πάντας.
1823 2159 1826 2162 ,

344 2181 620 2234 Ἐνταῦθα
651 2182 786 2252 πρὸς
811 2184 937 2245 τοὺς
953 2183 1306 2251 διδασκάλους
1337 2188 1702 2240 ἀποτείνεται.
1724 2186 1864 2238 Νου-

277 2271 487 2325 θετεῖτε
521 2273 680 2342 φησί.
714 2273 806 2342 Μὴ
851 2273 961 2326 ἀπὸ
993 2275 1288 2341 αὐθαδείας
1312 2279 1699 2347 ὲπιπλήττετε,
1729 2275 1864 2328 ἀλλὰ

279 2363 420 2434 μετά
447 2364 759 2434 πραότητος
792 2364 1120 2421 νουθετεῖτε.
1153 2366 1374 2438 Ἐπειδὴ
1430 2368 1539 2438 γάρ
1585 2359 1734 2419 οὗτοι
1779 2367 1860 2418 δι-

280 2457 662 2528 εστραμμένοι
688 2457 817 2522 εἰσὶ,
844 2456 1025 2512 πλεῖον
1056 2459 1253 2522 αὐτοὺς
1288 2459 1632 2531 ὴὲπίπληξις
1653 2459 1858 2529 ἀγριοῖ.

290 2548 591 2612 ’Δτάκτους
631 2548 689 2603 δέ
734 2566 868 2620 φησι
919 2550 1043 2615 τοὺς
1084 2554 1238 2624 παρά
1281 2551 1382 2623 τὴν
1425 2550 1576 2616 τάξιν
1625 2553 1726 2621 τὴν
1759 2550 1863 2603 ὑπὸ

279 2641 420 2694 Θεοῦ
471 2640 782 2712 ὁρισθεῖσαν
823 2643 1185 2714 πράττοντας.
1252 2662 1272 2696 ι
1307 2643 1693 2715 Παραμυθεῖτε
1734 2641 1862 2704 τοὺς

280 2733 659 2805 ὀλιγοψύχους.
693 2753 712 2788 s
775 2735 1124 2808 Ὅλιγόψυχός
1182 2737 1334 2790 ἐστιν
1382 2737 1411 2789 ὁ
1463 2735 1708 2808 ῥᾴθυμος
1768 2736 1864 2788 καὶ

279 2831 737 2896 ἀναπεπτωκὼς,
793 2832 889 2885 καὶ
945 2831 1020 2902 μὴ
1072 2831 1254 2903 φέρων
1303 2830 1461 2902 ὕϐριν
1509 2831 1542 2902 ἢ
1599 2830 1777 2901 θλίψιν
1827 2828 1860 2900 ἢ

283 2924 594 2993 πειρασμὸν
632 2925 775 2995 ὑπὲρ
819 2925 1079 2994 Χριστοῦ.
1124 2925 1263 2988 Τοὺς
1311 2923 1404 2977 οὖν
1447 2923 1743 2989 τοιούτους,
1785 2926 1863 2988 ὡς

281 3015 681 3085 ἐκλελυμένους
708 3014 1147 3086 παραμυθεῖσθε.
1184 3035 1202 3067 ι
1225 3015 1542 3087 Ἀντέχεσθε
1570 3016 1678 3068 τῶν
1702 3017 1861 3071 ἀσθε-

282 3105 590 3160 νούντων.»
655 3107 1068 3168 Ἀντιποιεῖσθε,
1105 3107 1522 3178 ὑποστηρίζετε.
1589 3107 1863 3172 Ἀσθενεϊς

280 3199 341 3251 δέ
376 3215 510 3269 φησι
546 3199 673 3264 τοὺς
705 3199 835 3270 περὶ
873 3200 972 3268 τὴν
1011 3197 1196 3252 πίστιν
1230 3198 1525 3261 τοιούτους.
1584 3198 1722 3252 Οὔτε
1753 3199 1860 3270 γὰρ

279 3289 491 3342 τούτων
533 3291 897 3360 καταφρονεῖν
947 3289 1090 3360 χρὴ,
1143 3290 1217 3353 ὡς
1279 3290 1372 3342 καὶ
1421 3289 1655 3361 ἀλλαχοῦ
1704 3307 1858 3361 φησι⁹
1889 3302 1932 3362 ο

286 3399 306 3431 ι
336 3379 444 3432 Τὸν
485 3381 543 3432 δὲ
593 3379 923 3433 ἀσθενοῦντα
947 3382 1014 3451 τῇ
1047 3379 1252 3444 πίστει,
1294 3381 1804 3451 προσλαμϐάνεσθε.
1837 3401 1856 3433 ι

278 3498 355 3510 -
385 3489 405 3523 ι
429 3471 855 3541 Μακροθυμεῖτε
906 3470 1046 3542 πρὸς
1079 3469 1311 3534 πάντας.
1341 3489 1361 3523 s
1415 3469 1586 3524 Τοῦτο
1619 3472 1726 3542 γὰρ
1759 3472 1864 3540 pd-

279 3562 440 3617 λιστα
482 3563 741 3633 ἁρμόδιον
781 3562 1108 3634 διδασκάλῳ,
1149 3561 1211 3614 τὸ
1251 3562 1654 3634 μακροθυμεῖν.
1695 3562 1866 3616 Τοῦτο

280 3655 381 3709 καὶ
407 3654 534 3717 τοὺς
561 3654 840 3726 ἀκαμπεῖς
869 3655 1145 3725 κάμπτειν
1175 3655 1440 3727 πέφυκε.ι
1461 3657 1554 3724 Μή
1586 3671 1671 3718 τις
1697 3655 1864 3708 κακὸν

278 3746 407 3800 ἀντὶ
430 3742 659 3798 κακοῦ.»
697 3744 762 3798 Ei
788 3745 844 3798 es
873 3744 1044 3798 κακὸν
1064 3747 1186 3799 ἀντὶ
1218 3745 1390 3799 κακοῦ
1425 3746 1524 3799 οὐκ
1547 3745 1861 3812 ἀποδοτέον,

279 3833 335 3888 τί
391 3833 656 3903 πάθωμεν
705 3833 756 3888 οἱ
808 3833 957 3888 κακά
1020 3835 1144 3888 ἀντὶ
1210 3834 1434 3906 ἀγαθῶν
1483 3834 1862 3902 ἀποδιδόντεςς

287 3944 308 3978 s
343 3924 508 3978 Ἀλλά
560 3923 793 3978 πάντοτε
839 3923 903 3977 τὸ
951 3923 1156 3993 ἀγαθὸν
1208 3924 1456 3980 διώκετε.
1483 3943 1503 3978 s
1567 3924 1702 3979 Οὔτε
1756 3927 1864 3998 γὰρ

281 4016 466 4086 ἀρκεῖ,
494 4016 647 4085 φησὶ,
678 4015 740 4068 τὺ
773 4013 850 4086 μὴ
878 4015 1172 4069 ἀποδοῦναι
1202 4016 1374 4070 κακὸν
1403 4016 1482 4088 τῷ
1521 4016 1699 4087 κακῷ,
1726 4018 1865 4072 ἀλλά

283 4108 393 4180 χρὴ
429 4107 526 4161 καὶ
573 4107 792 4177 ἀγαθῶν
823 4107 986 4162 αὐτὸν
1037 4108 1390 4178 ἀμείϐεσθαι.
1446 4107 1622 4162 Τοῦτο
1655 4109 1765 4181 γὰρ
1805 4110 1866 4165 τὸ

283 4197 501 4254 διώκειν
527 4201 590 4253 τὸ
622 4200 848 4268 ἀγαθόν.
911 4198 984 4253 Τὸ
1028 4199 1086 4254 δὲ
1119 4199 1359 4265 διώκειν,
1400 4200 1602 4271 πολλῆς
1627 4201 1866 4272 σπουδῆς

282 4290 368 4354 είς
401 4289 463 4344 τὸ
495 4291 564 4344 τὰ
593 4290 775 4359 ἀγαθά
804 4291 1093 4363 πράττειν,
1118 4290 1357 4362 ἔμφασιν
1388 4289 1523 4360 ἔχει.
1588 4309 1606 4342 ι
1635 4291 1744 4344 Καὶ
1785 4293 1865 4356 είς

284 4385 615 4456 ἀλλήλους.»
669 4384 964 4455 Ἀλλήλους
1006 4385 1146 4456 μὲν,
1202 4384 1330 4448 τοὺς
1378 4382 1644 4452 ἀδελφοὺς
1692 4383 1863 4452 λέγει.

291 4474 378 4544 [ᾧ
407 4475 466 4528 δὶ
495 4476 704 4544 πάντας
735 4475 932 4541 εἰπεῖν,
973 4475 1070 4529 καὶ
1115 4474 1245 4538 τοὺς
1277 4473 1540 4538 ἀπίστους
1589 4489 1862 4545 συμπερι·

284 4567 466 4621 ἔλαϐε.

2051 1625 2111 1688 V.
2141 1623 2326 1679 14-15.
2389 1623 2626 1679 Obsecro
2678 1632 2857 1677 autent
2897 1640 3006 1688 vos,
3067 1622 3285 1690 fratres.
3343 1630 3544 1678 monete

1969 1711 2328 1776 inordinatos,
2396 1711 2743 1766 consolemini
2779 1712 3170 1781 pusillanimes,
3209 1712 3545 1779 opitulemini

1965 1804 2217 1872 inﬁrmis,
2255 1805 2517 1872 patientes
2546 1815 2707 1857 estote
2735 1821 2862 1874 erga
2896 1821 3094 1858 omnes.
3131 1803 3308 1858 Videte
3340 1821 3402 1858 ne
3425 1805 3544 1874 quis

1968 1898 2170 1952 malum
2209 1913 2304 1967 pro
2328 1897 2472 1952 malo
2494 1898 2726 1966 cuipiam
2760 1897 2971 1962 reddat,
3022 1898 3112 1951 sed
3168 1913 3371 1966 semper
3407 1896 3546 1967 quod

1965 1992 2159 2043 bonum
2183 2000 2258 2044 est
2293 1991 2586 2053 sectemini,
2613 1999 2721 2042 tum
2754 2005 2878 2059 erga
2909 2005 2995 2043 vos
3028 1990 3266 2054 invicem,
3287 1999 3396 2042 tum
3421 2004 3547 2059 erga

1963 2099 2162 2138 omnes.

2037 2173 2139 2229 ilic
2172 2173 2237 2227 ad
2266 2182 2635 2244 praeceptores
2686 2189 2998 2229 sermonem
3055 2174 3261 2246 dirigit.
3312 2174 3544 2240 Monete,

1963 2261 2164 2334 inquit.
2205 2265 2282 2320 Ne
2306 2265 2667 2334 pervicaciter
2705 2264 3028 2336 objurgetis,
3062 2267 3158 2322 sed
3207 2282 3330 2321 cum
3393 2283 3550 2321 man-

1961 2353 2256 2408 suetudine
2277 2353 2586 2409 admonete.
2615 2355 2748 2410 Nam
2768 2355 3025 2426 quoniam
3053 2357 3104 2410 hi
3133 2357 3371 2427 perversi
3395 2365 3544 2423 sunt,

1961 2443 2276 2513 obiurgatio
2310 2442 2610 2500 ferociores
2641 2442 2793 2515 ipsos
2859 2445 3133 2501 redderet.
3194 2445 3548 2502 lnordinatos

1961 2541 2144 2590 autem
2191 2534 2328 2590 dicit
2362 2550 2458 2591 eos
2481 2537 2576 2604 qui
2605 2534 2818 2590 faciunt
2844 2545 3041 2606 p'azter
3069 2538 3316 2592 ordinem
3364 2555 3393 2592 a
3439 2539 3548 2594 Deo

1963 2625 2273 2682 deﬁnitum.
2333 2644 2353 2678 ι
2389 2625 2764 2682 Consolemini
2808 2627 3208 2697 pusillanimes.
3255 2647 3274 2681 ι
3319 2628 3552 2685 Pusilla-

1965 2717 2131 2774 nimis
2153 2726 2236 2774 est
2271 2719 2458 2790 segnis
2486 2729 2539 2775 et
2564 2719 2881 2789 languidus,
2922 2736 3030 2776 non
3065 2720 3251 2777 ferens
3283 2723 3546 2792 injuriam

1963 2815 2058 2862 aut
2113 2807 2464 2862 amictionem
2493 2823 2590 2863 seu
2651 2809 3092 2878 persecutionem
3156 2827 3255 2880 pro
3304 2813 3548 2869 Christo.

1965 2900 2125 2956 Tales
2180 2901 2368 2970 itaque
2456 2908 2718 2970 tanquam
2786 2900 3088 2957 dissolutos
3161 2904 3547 2962 consolemini.

1967 3013 1986 3046 ι
2022 2992 2369 3064 Opitulemini
2406 2993 2676 3050 inﬁrmos.
2713 3012 2731 3046 ι
2783 2993 2979 3049 Affecti
3004 2996 3149 3064 sitis,
3193 2998 3544 3054 conﬁrtnale.

1961 3082 2213 3140 lnﬁrmos
2247 3094 2428 3138 autem
2455 3085 2572 3140 sive
2598 3085 2903 3141 imbecilles
2928 3085 3064 3140 dicit
3092 3101 3187 3143 eos
3220 3088 3311 3157 qui
3344 3088 3548 3156 hujus-

1965 3174 2110 3230 modi
2164 3181 2294 3230 sunt
2320 3174 2467 3230 circa
2535 3175 2721 3230 tidem.
2789 3175 2944 3246 181
2999 3176 3187 3246 Neque
3241 3179 3386 3232 enim
3446 3177 3548 3233 hos

1963 3265 2246 3336 despicere
2267 3274 2514 3336 oportet:
2550 3263 3012 3336 quemadmodum
3041 3267 3204 3321 etiam
3253 3267 3379 3322 alibi
3431 3270 3546 3326 ait:

1971 3375 1990 3409 ι
2011 3357 2145 3411 Eum
2167 3359 2256 3426 qui
2275 3357 2378 3412 ﬁde
2396 3357 2646 3412 inﬁrmus
2663 3363 2746 3412 est
2765 3359 3022 3413 assumite
3044 3359 3246 3414 ".i—c
3271 3357 3549 3416 Patientcs

1967 3454 2146 3502 estote
2173 3461 2302 3517 erga
2331 3461 2544 3500 omnes.
2589 3464 2609 3498 ι
2655 3443 2789 3498 Nam
2825 3445 2929 3501 hoc
2957 3447 3277 3517 praeceptori
3312 3448 3550 3502 maxime

1963 3539 2198 3609 quadrat
2223 3549 2280 3593 ut
2321 3539 2650 3609 longanimis
2675 3538 2767 3594 sit.
2821 3537 2936 3594 Hoc
2996 3541 3160 3594 etiam
3225 3540 3549 3596 inﬁexibiles

1966 3637 2152 3683 natum
2176 3637 2260 3683 est
2291 3627 2530 3683 ﬂectere.
2579 3646 2598 3679 ι
2638 3627 2716 3682 Ne
2738 3626 2864 3698 quis
2914 3628 3114 3681 malum
3173 3643 3272 3698 pro
3315 3629 3478 3684 malo.
3521 3646 3545 3682 s

1963 3717 2121 3786 Quod
2139 3718 2184 3774 si
2201 3719 2401 3773 malum
2417 3732 2514 3789 pro
2533 3720 2675 3774 malo
2691 3733 2798 3774 non
2822 3725 2905 3774 est
2928 3718 3365 3789 rependeudum,
3387 3719 3546 3790 quid-

1963 3826 2089 3868 nam
2119 3812 2393 3883 patiemur
2418 3811 2510 3882 qui
2532 3811 2696 3868 etiam
2727 3827 2828 3882 pro
2859 3812 3018 3867 bonis
3047 3812 3190 3868 mala
3220 3813 3498 3868 reddimus
3524 3813 3549 3867 ?

1970 3920 1989 3955 ι
2029 3901 2136 3958 Sed
2179 3917 2396 3972 semper
2420 3902 2568 3973 quod
2600 3902 2805 3956 bonum
2844 3909 2928 3958 est
2957 3901 3272 3956 sectamini.
3309 3919 3329 3953 ι
3361 3902 3549 3972 Neque

1963 3993 2106 4050 enim
2133 3994 2269 4049 satis
2303 4002 2409 4058 est,
2462 3993 2664 4063 inquit,
2715 4009 2826 4047 non
2884 3992 3113 4049 reddere
3169 3994 3371 4048 malum
3445 4010 3546 4065 pro

1965 4085 2129 4151 malo,
2155 4084 2252 4140 sed
2283 4092 2499 4154 oportet
2538 4085 2680 4139 bona
2732 4099 2953 4154 quoque
3013 4086 3334 4154 rependere.
3401 4085 3542 4141 Nam

1964 4178 2070 4233 hoc
2100 4184 2184 4234 est
2208 4176 2406 4234 sectari
2442 4174 2588 4247 quod
2609 4176 2812 4231 bonum
2841 4184 2951 4230 est.
2988 4175 3144 4242 Quod
3169 4184 3349 4232 autem
3379 4177 3538 4242 dicit,

1963 4268 2182 4325 διώκειν
2207 4269 2262 4324 id
2291 4275 2397 4332 est,
2422 4267 2622 4324 sectari
2647 4267 2763 4323 sive
2793 4268 3071 4338 persequi,
3100 4269 3282 4339 magni
3311 4280 3547 4324 conatus

1965 4360 2034 4415 ad
2083 4360 2229 4416 bona
2278 4358 2590 4430 peragenda
2624 4357 2926 4428 emphasim
2960 4357 3147 4412 habet.
3199 4376 3218 4409 ι
3252 4357 3388 4412 Tum
3417 4373 3544 4429 erga

1967 4467 2064 4508 vos
2101 4453 2355 4508 invicem.
2399 4471 2418 4505 ι
2467 4450 2687 4506 Fratres
2719 4466 2814 4522 per
2848 4451 2952 4505 hoc
2998 4451 3270 4520 designat.
3311 4453 3548 4508 Direndo

1964 4561 2092 4602 vero
2113 4560 2326 4609 omnes,
2358 4545 2522 4600 etiam
2557 4543 2804 4599 inﬁdeles
2825 4543 3145 4614 complexus
3182 4551 3286 4598 est.

360 4656 625 4712 Πάντοτε
663 4659 922 4728 χαίρετε,
971 4657 1368 4724 ἀδιαλείπτως
1419 4655 1853 4726 προσεύχεσθε,

2041 4639 2106 4704 ν,
2142 4639 2330 4694 16-22.
2377 4637 2593 4706 Semper
2651 4636 2920 4707 gaudete,
2983 4635 3342 4691 indesinenter
3375 4648 3544 4703 orate,

281 4750 355 4803 ἐν
388 4750 570 4804 παντί
598 4751 1023 4822 εὐχαριστεῖτε.
1085 4750 1265 4805 Τοῦτο
1295 4750 1406 4818 γὰρ
1443 4749 1674 4817 θέλημα
1715 4748 1863 4803 Θεοῦ

280 4837 356 4890 ἐν
377 4837 609 4904 Χριστῷ
653 4837 848 4905 Ἰησοῦ
877 4840 963 4904 είς
981 4834 1157 4908 ὑμᾶς.
1197 4837 1268 4891 Τὸ
1299 4836 1540 4905 Πνεῦμα
1559 4834 1646 4905 μὴ
1683 4834 1864 4888 σϐέν-

281 4943 448 4990 νυτε,
487 4929 856 4998 προφητείας
888 4927 975 4999 μὴ
1027 4927 1415 4994 ἐξουθενεῖτε,
1461 4927 1660 4980 πάντα
1706 4924 1866 4980 δοκι-

276 5024 511 5094 μάζετε,
563 5022 661 5076 καί
717 5021 782 5074 τύ
845 5020 1040 5075 καλὸν
1082 5018 1368 5089 κατέχετε
1393 5057 1410 5085 ,
1473 5019 1594 5075 ἀπὸ
1637 5019 1866 5087 παντὸς

281 5115 486 5180 εἴδους
516 5112 783 5181 πονηροῦ
816 5112 1140 5182 ἀπέχεσθε.

355 5206 593 5259 Πάντοτε
629 5204 869 5276 χαίρετε,
904 5205 1010 5257 κᾶν
1042 5205 1123 5266 είς
1165 5203 1530 5273 πειρασμοὺς,
1560 5203 1713 5273 φησι,
1758 5202 1866 5257 κᾶν

281 5301 365 5361 είς
415 5297 595 5358 λύπας
634 5295 932 5364 ὲμπέσητε.
1002 5294 1092 5366 Τῷ
1138 5295 1247 5364 γὰρ
1276 5294 1400 5349 νοῦν
1447 5295 1643 5366 ἔχοντι,
1687 5295 1866 5348 πάντα

280 5387 456 5441 ταῦτα
508 5387 684 5455 χαρᾶς
738 5385 834 5437 ’καὶ
864 5384 1144 5452 στεφάνων
1173 5384 1383 5452 γίνεται
1416 5383 1674 5452 πρόξενα.
1707 5384 1780 5437 Τὸ
1806 5385 1864 5438 δὲ

282 5478 520 5550 χαίρειν,
582 5475 769 5546 φησιν,
827 5474 922 5528 ἐπὶ
954 5477 1140 5540 πᾶσιν,
1176 5474 1286 5528 ἀπὸ
1333 5473 1428 5527 τοῦ
1471 5475 1562 5528 ἀεὶ
1608 5473 1863 5546 εὖχεσθαι

281 5563 682 5636 κατορθωθείη.
727 5581 746 5615 ι
769 5562 858 5618 Ἑν
887 5564 1054 5618 παντὶ
1084 5564 1516 5635 εὐχαριστεῖτε.»
1565 5563 1654 5616 Ἐν
1675 5565 1857 5631 παντὶ,

283 5654 558 5720 τουτέστι,
591 5655 688 5707 καὶ
718 5655 810 5708 ἐπὶ
842 5657 956 5719 τοῖς
994 5655 1240 5711 δοκοῦσιν
1275 5653 1544 5718 ἐναντίοις
1573 5655 1666 5709 καὶ
1715 5659 1866 5727 παρά

360 5772 402 5804 ⁸⁷
430 5771 589 5827 Rom.
619 5787 730 5840 stv,
767 5772 813 5825 i.

1971 4731 2027 4784 in
2053 4729 2294 4784 omnibus
2319 4730 2476 4799 agite.
2513 4726 2628 4780 Hoc
2653 4728 2795 4781 enim
2862 4735 2941 4780 est
2987 4725 3230 4780 voluntas
3292 4727 3390 4781 Dei
3457 4743 3549 4795 per

1973 4822 2242 4877 Christum
2267 4818 2452 4874 Iesum
2472 4835 2596 4889 erga
2621 4835 2728 4872 vos.
2769 4817 3033 4885 Spiritum
3079 4835 3142 4872 ne
3174 4819 3544 4890 exstinguatis,

1971 4913 2272 4985 prophetias
2308 4928 2372 4967 ne
2403 4911 2774 4979 aspernemini.
2803 4908 2996 4966 Omnia
3013 4909 3254 4978 probate,
3279 4911 3418 4979 quod
3452 4911 3549 4965 bo-

1971 5021 2095 5059 num
2133 5012 2210 5059 est
2243 5011 2431 5058 tenete.
2460 5003 2536 5056 Ab
2567 5004 2710 5057 omni
2745 5003 2914 5071 specie
2941 5002 3071 5056 ntali
3100 5003 3381 5057 abstinete.

2043 5197 2290 5268 Semper,
2318 5197 2516 5268 inquit,
2569 5195 2822 5264 gaudete,
2860 5197 3050 5252 sivein
3081 5203 3408 5253 tentatmnes
3433 5199 3548 5254 sive

1971 5292 2028 5346 in
2096 5304 2368 5345 maerores
2430 5289 2756 5344 incideritis.
2790 5288 3071 5358 Siquidem
3138 5290 3364 5344 cordsto
3429 5290 3549 5345 bu-c

1971 5385 2153 5439 omnia
2181 5383 2438 5455 gaudium
2463 5398 2557 5436 seu
2583 5383 2818 5453 palmam
2851 5383 3162 5438 conciliant.
3190 5381 3545 5437 Gaudendum

1971 5483 2152 5529 autem
2183 5474 2316 5528 dicit
2346 5475 2400 5527 in
2477 5473 2732 5526 omnibus
2797 5473 3039 5541 optando
3091 5485 3308 5540 semper
3342 5469 3547 5538 aliquid

1969 5565 2245 5635 egregium
2275 5571 2557 5634 praestare.
2596 5579 2616 5613 ι
2655 5560 2713 5616 in
2745 5561 3005 5616 omnibus
3038 5560 3248 5633 gratias
3309 5557 3474 5626 agite.
3522 5575 3541 5608 ι

1979 5655 2088 5710 lloc
2115 5663 2220 5722 est,
2244 5655 2298 5711 in
2336 5654 2421 5710 his
2455 5668 2676 5725 quoque
2731 5653 2894 5711 rebus
2953 5667 3077 5724 quae
3110 5652 3408 5708 contraria:
3467 5645 3553 5703 vi-
