3994 6576
473 185 498 214 I

518 279 620 346 1οἝ
1578 279 1977 342 (ECUMENII
2001 282 2292 343 TRICCJZ
2326 284 2667 345 EPISCOPI
2760 236 2767 244 Ι
3660 283 3761 347 104

512 395 714 450 dentur
740 401 792 447 et
828 398 1024 461 pra>ter
1059 406 1308 462 scopum.
1339 389 1536 446 Omnia
1585 393 1731 447 enim
1761 393 1827 446 ad
1859 394 1910 448 id
1938 394 2083 461 quod

2195 397 2395 450 σκοπὸν
2446 399 2757 467 πράγμασι.
2814 399 2998 452 Πάντα
3039 399 3144 470 γὰρ
3181 399 3314 470 πρὸς
3365 397 3426 453 τὸ
3481 400 3763 471 συμφέρον

515 488 652 544 utile
680 493 765 540 est
794 483 920 539 facit
961 484 1123 550 Deus,
1153 499 1465 554 quanquam
1499 500 1599 540 nos
1622 485 2086 552 dispensationem

2193 491 2339 541 ποιεῖ
2364 490 2391 541 ὁ
2407 488 2560 552 Θεὸς,
2582 491 2681 544 κᾶν
2704 492 2868 560 ἡμεῖς
2890 492 3176 561 ἀγνοῶμεν
3230 492 3394 544 αὑτοῦ
3426 493 3524 556 τὰς
3551 494 3762 546 οἱκονο·

515 585 636 650 ejus
669 580 1006 648 ignoremus.
1057 595 1075 630 ι
1116 578 1241 631 Haec
1265 577 1410 631 enim
1462 585 1545 632 est
1601 577 1854 632 voluntas
1895 577 2012 642 Dei,
2063 595 2082 629 ι

515 682 573 728 ut
597 673 736 742 grati
793 671 915 725 sitis
951 685 1080 739 erga
1126 685 1247 723 eum
1278 669 1370 738 qui
1406 684 1619 738 semper
1653 669 1919 723 beneﬁcia
1950 683 2088 739 pra:-

512 773 641 820 stat.
677 781 694 816 ι
730 761 830 816 Per
854 762 1132 816 Christum
1171 760 1376 816 Jesnm.
1425 780 1444 812 ι
1491 759 1625 813 Nam
1662 761 1739 824 ὲν,
1770 759 1823 814 id
1861 768 1968 826 est,
2007 761 2083 826 in,

512 858 730 926 capitur
759 869 855 924 pro
882 853 994 918 διά,
1022 853 1076 908 id
1100 865 1204 916 est,
1243 867 1357 922 per.
1393 852 1511 922 ipse
1544 867 1778 921 namque
1821 853 1962 906 hanc
1995 852 2090 907 de-

515 949 592 1001 dit
629 947 975 1014 sapientiam.
1015 961 1034 995 s
1075 943 1337 1012 Spiritum
1364 959 1430 996 ne
1469 945 1855 1012 cxstinguatis.
1895 963 1913 994 ι
1943 942 2089 1009 Quo-

512 1037 658 1090 niam
730 1039 874 1091 enim
935 1050 1176 1104 praesens
1228 1038 1337 1087 vita
1404 1034 1458 1087 in
1508 1034 1753 1088 tenebris
1788 1036 2084 1104 peragitur,

513 1127 663 1182 dedit
697 1129 856 1181 nobis
897 1126 1035 1179 Deus
1068 1125 1349 1179 lucernam
1412 1126 1586 1180 sancti
1646 1125 1908 1193 Spiritus,
1966 1140 2090 1195 qua:

516 1228 754 1272 mentem
805 1225 1049 1270 nostram
1102 1214 1395 1268 illuniinet.
1455 1213 1607 1268 llanc
1646 1215 1812 1284 igitur
1847 1215 2087 1286 Spiritus

513 1307 744 1376 gratiam
772 1321 837 1358 ne
864 1304 1251 1374 exstinguatis,
1280 1306 1377 1369 ait,
1431 1303 1893 1374 quemadmodum
1951 1305 2090 1360 fece-

517 1409 643 1451 runt
691 1400 932 1466 quinque
984 1397 1248 1466 virgines.
1277 1397 1320 1427 ³⁸
1348 1395 1662 1466 Exstinguit
1709 1408 1890 1452 autem
1943 1399 2088 1452 illam

511 1488 799 1555 redditque
834 1486 1164 1540 iueﬂicacetn
1200 1488 1412 1556 impura
1441 1489 1552 1541 vita
1577 1499 1631 1542 et
1688 1504 1882 1558 expers
1932 1489 2090 1544 beni-

509 1582 831 1652 gnitatis.-—
851 1579 956 1631 Aut
990 1580 1087 1632 hoc
1111 1579 1284 1635 modo.
1319 1583 1482 1634 Erant
1505 1581 1647 1648 apud
1678 1583 1824 1651 ipsos
1853 1583 2088 1652 prophe-

519 1684 585 1725 tae
613 1686 678 1725 ac
703 1671 1214 1741 pseudoprophctm,
1271 1672 1364 1727 sed
1393 1676 1643 1742 quisnam
1705 1689 1867 1730 verus
1920 1683 2085 1740 esset,

507 1775 634 1820 ante
665 1768 740 1818 rei
787 1775 1041 1820 eventum
1093 1765 1362 1819 incertum
1419 1776 1559 1820 erat.
1609 1766 1882 1833 Quoniam
1946 1783 2079 1838 ergo
2119 1745 2162 1810 Β

515 1872 625 1912 non
657 1867 922 1912 noverant
957 1856 1145 1920 falsos,
1174 1858 1332 1927 182
1387 1875 1576 1914 o'nnes
1629 1859 1888 1930 deinceps
1939 1862 2082 1914 mix-

515 1949 614 2005 tim
647 1951 1142 2004 conversabantur.
1174 1949 1262 2002 Ait
1289 1964 1418 2018 ergo
1446 1968 1458 2002 :
1490 1949 1753 2019 Spiritum
1781 1967 1848 2006 ne
1877 1951 2087 2006 exstin-

513 2044 735 2112 guatis:
773 2043 877 2096 hoc
909 2050 1013 2106 est,
1041 2042 1242 2094 donum
1293 2057 1360 2095 ne
1422 2043 1746 2110 exprimatis
1796 2050 1850 2096 ct
1897 2043 2086 2112 prohi-

511 2131 712 2192 beatis,
737 2128 1026 2183 averteudo
1053 2137 1107 2183 et
1127 2127 1485 2208 nonlsineudo
1508 2129 1677 2197 loqui.
1710 2148 1727 2180 ι
1765 2127 2087 2198 Prophetias

513 2238 582 2275 ne
611 2219 1034 2290 asperncmini.»
1067 2220 1276 2272 Dictum
1308 2227 1395 2274 est
1423 2219 1567 2276 enim
1594 2219 1739 2289 quod
1786 2220 2084 2275 occasione

510 2311 1130 2382 pseudoprophelarum,
1193 2310 1356 2362 etiam
1418 2325 1580 2365 veros
1637 2313 2080 2367 contemnebant.

518 2421 536 2455 ι
579 2401 771 2456 Omnia
805 2403 1050 2470 probate.
1088 2422 1106 2452 ι
1143 2399 1282 2466 Quid
1329 2402 1496 2472 igitur
1533 2401 1798 2458 faciemus
1856 2413 2083 2474 propter

517 2493 1027 2563 pseudoprophetas
1058 2493 1082 2546 ?
1109 2494 1250 2559 Quid
1278 2493 1302 2548 ‘I
1329 2495 1510 2546 omnia
1545 2495 1794 2564 probate,
1847 2504 1900 2550 et
1938 2495 2084 2566 quod

514 2585 714 2638 bauum
739 2592 844 2649 est,
880 2585 984 2638 hoc
1021 2592 1129 2648 est,
1163 2599 1322 2639 veros
1373 2586 1667 2653 prophetas
1705 2593 1902 2650 tenete,
1946 2597 2000 2641 et
2029 2587 2086 2642 in

515 2675 692 2744 pretio
723 2676 996 2730 habetote.
1032 2692 1051 2726 ι
1078 2674 1159 2728 Ab
1191 2675 1338 2728 omni
1372 2678 1552 2744 specie
1580 2676 1706 2729 mali
1731 2677 2027 2733 abstinete.
2059 2695 2079 2729 ι

516 2762 941 2832 Ριιῑεειηιιίιιειιι
964 2763 1118 2834 juxta
1143 2766 1592 2833 consequentiam
1630 2765 1696 2819 ad
1741 2767 2085 2836 pseudopro-

517 2853 709 2922 phetas
736 2857 899 2908 etiam
927 2855 1030 2908 hoc
1051 2855 1249 2923 aptari,
1277 2862 1461 2924 potest
1503 2865 1686 2911 autem
1734 2867 1788 2912 et
1813 2857 1880 2911 ad
1942 2873 2070 2928 pec-

515 2956 658 3002 cata.

1127 3034 1354 3092 CAPUT
1389 3035 1499 3093 VII.

516 3149 760 3206 Precatio
792 3151 856 3204 de
896 3151 1330 3234 sanctiﬁcatione
1348 3151 1566 3222 spiritus
1604 3152 1862 3207 etanimte
1888 3161 1936 3208 et
1969 3168 2086 3208 cor-

1213 3237 1379 3290 ports.

593 3315 656 3381 ν,
690 3314 880 3368 25-28.
911 3314 1028 3381 Ipse
1052 3323 1228 3366 autem
1264 3313 1404 3367 Deus
1451 3316 1598 3381 pacis
1660 3317 1960 3387 sanctiﬁcat
1999 3334 2086 3373 vos

523 3417 662 3463 totos
693 3421 710 3460 :
743 3415 790 3460 et
824 3410 1021 3476 integer
1045 3415 1210 3462 vester
1238 3406 1458 3474 spiritus
1481 3416 1529 3459 et
1558 3407 1740 3460 anima
1769 3418 1818 3461 et
1875 3424 2085 3476 corpus,

517 3500 672 3554 modo
694 3498 1161 3565 irreprehensibili,
1193 3497 1248 3550 in
1273 3498 1494 3551 adventu
1522 3499 1735 3552 Domini
1762 3503 1930 3554 nostri
1957 3500 2087 3556 Iesu

515 3591 715 3647 Christi
739 3600 989 3644 servetur.
1018 3587 1222 3642 Fidelis
1249 3591 1656 3658 estquivocauit
1679 3608 1764 3645 vos
1806 3594 1895 3661 qui
1950 3592 2088 3646 idem

513 3683 713 3753 ejiciet.
749 3683 986 3742 Fratres,
1026 3691 1176 3736 orate
1230 3696 1326 3747 pro
1373 3682 1546 3736 nobis.
1594 3683 1840 3738 Salutate
1889 3684 2087 3752 fratres

514 3791 693 3830 omnes
717 3791 836 3828 cum
859 3773 1039 3827 osculo
1058 3785 1265 3826 sancto.
1294 3772 1497 3842 Adiuro
1539 3791 1627 3828 vos
1649 3791 1739 3842 per
1776 3775 2086 3844 Dominum,

515 3874 573 3920 ut
596 3867 800 3934 legatur
843 3864 953 3918 [tum
1011 3863 1253 3933 Epistola
1307 3865 1548 3918 omnibus
1581 3867 1780 3920 sanctis
1809 3868 2088 3936 fratribus.

516 3954 707 4012 Gratia
731 3955 1267 4027 Dominiytostrilesu
1285 3955 1482 4012 Clu'istt'
1501 3958 1570 4012 sit
1598 3959 1879 4020 vobiscum.
1901 3962 2086 4018 Amen.

583 4239 711 4296 Post
743 4241 1171 4297 admonitionem
1207 4251 1488 4312 precatur,
1519 4251 1579 4298 ut
1625 4260 1691 4300 ex
1737 4249 1885 4302 omni
1935 4257 2091 4319 parte

2195 582 2344 651 μίας.
2387 601 2405 633 ι
2427 582 2594 635 Τοῦτο
2635 585 2766 652 γάρ,
2801 586 2955 654 φησι,
2985 585 3193 652 θέλημα
3223 584 3412 650 Θεοῦ,›
3447 585 3506 637 τὸ
3533 585 3764 655 εὐχαρί-

2192 689 2350 735 στους
2373 669 2509 726 εἶναι
2553 675 2689 744 πρὸς
2723 675 2814 728 τὸν
2861 676 2948 728 ἀεὶ
2997 677 3407 745 εὐεργετοῦντα.
3457 696 3475 726 ι
3501 677 3589 728 Ἑν
3630 678 3766 745 Χρι-

2193 765 2304 835 στῷ
2337 766 2537 836 Ἰησοῦ.
2565 785 2583 818 ι
2647 764 2771 820 Οἴον
2803 767 2890 820 διά
2921 768 3157 838 Χριστοῦ
3203 768 3398 837 Ἰησοῦ.
3450 770 3623 832 Αὐτὸς
3657 771 3767 838 γὰρ

2190 857 2394 927 ταύτην
2446 860 2649 927 ἐδίδαξε
2691 863 2790 931 τὴν
2847 861 3181 930 φιλοσοφίαν.
3246 863 3360 916 «Τὸ
3413 862 3637 930 Πνεῦμα
3690 864 3764 935 μὴ

2193 949 2500 1005 σϐέννυτε.»
2547 953 2764 1024 Ἐπειδὴ
2794 955 2900 1024 γὰρ
2927 956 2954 1006 δ
2987 955 3175 1023 παρὼν
3201 955 3314 1024 βίος
3347 957 3406 1007 ὲν
3437 957 3617 1008 σκότει
3650 957 3766 1009 δια-

2191 1042 2506 1113 πορεύεται,
2561 1045 2759 1098 ἔδωκεν
2799 1048 2928 1116 ἡμῖν
2963 1049 2990 1100 ὁ
3029 1047 3161 1110 Θεὸς
3213 1048 3311 1118 τὴν
3363 1048 3621 1117 λαμπάδα
3666 1049 3762 1100 τοῦ

2192 1135 2345 1203 ἁγίου
2383 1137 2694 1205 Πνεύματος
2731 1139 3071 1205 φωτίζουσαν
3101 1139 3257 1208 ἡμῶν
3306 1141 3365 1192 τὸ
3408 1141 3760 1210 ἡγεμονικόν.

2191 1226 2407 1296 Ταύτην
2453 1228 2568 1293 οὖν,
2621 1230 2776 1299 φησὶ,
2827 1229 2924 1301 τὴν
2976 1231 3133 1302 χάριν
3183 1231 3276 1284 τοῦ
3335 1232 3648 1302 Πνεύματος
3687 1233 3762 1302 μὴ

2193 1320 2445 1374 σϐέννυτε
2475 1322 2550 1384 ὡς
2581 1326 2636 1377 αἱ
2672 1328 2832 1377 πέντε
2868 1326 3151 1395 παρθένοι.
3189 1326 3444 1380 Σϐέννυσι
3485 1328 3542 1380 δὲ
3589 1327 3761 1397 αὐτὴν

2191 1414 2284 1467 καὶ
2315 1413 2672 1484 ἁνενέργητον
2696 1418 2840 1469 ποιεῖ
2866 1417 3171 1488 ἀκάθαρτος
3201 1417 3312 1487 βίος
3339 1418 3431 1471 καὶ
3457 1419 3760 1489 ἁνελεημο-

2193 1506 2348 1576 σύνη.
2389 1506 2457 1561 Ἦ
2488 1506 2696 1571 οὕτως.
2731 1503 2911 1562 Ἦσαν
2955 1510 3084 1578 παρ’
3123 1512 3304 1574 αὐτοῖς
3335 1511 3609 1581 προφῆται
3665 1514 3760 1567 καὶ

2188 1597 2656 1668 ψευδοπροφῆται,
2695 1598 2830 1652 ἀλλὰ.
2877 1600 2960 1663 τίς
3009 1603 3036 1654 δ
3089 1602 3298 1672 ἀληθὴς
3345 1605 3451 1674 πρὸ
3479 1604 3760 1668 ἐκϐάσεως

2189 1691 2380 1760 ἄδηλος
2408 1687 2495 1760 ἦν.
2540 1690 2690 1743 Ἐπεὶ
2725 1689 2816 1744 οὖν
2839 1691 2937 1744 οὐκ
2962 1692 3184 1764 ᾔδεισαν
3210 1695 3334 1756 τοὺς
3363 1695 3599 1764 ψευδεῖς,
3625 1695 3762 1749 πάν-

2191 1801 2280 1848 τες
2337 1784 2522 1837 λοιπὸν
2575 1778 2776 1856 ’μίγδην
2832 1785 3246 1855 ἀνεστρέφοντο.
3296 1787 3466 1856 Φησὶν
3514 1786 3638 1854 οῦν,
3687 1789 3763 1842 Τὸ

2190 1877 2414 1946 Πνεῦμα
2463 1877 2538 1948 μὴ
2573 1878 2848 1942 σϐέννυτε,
2883 1878 3150 1944 τουτέστι,
3183 1879 3244 1930 τὸ
3271 1879 3516 1950 χάρισμα
3559 1879 3632 1950 μὴ
3670 1882 3761 1932 ὲκ-

2191 1969 2462 2038 φράσσετε
2493 1970 2584 2022 καὶ
2617 1968 2853 2023 κωλύετε
2879 1969 2954 2038 τῷ
2983 1971 3422 2040 ἀποστρέφεσθαι
3453 1974 3544 2024 καὶ
3568 1972 3642 2043 μὴ

2189 2058 2390 2112 λαλεῖν.
2431 2078 2449 2110 ι
2481 2061 2823 2130 Προφητείας
2856 2059 2930 2130 μὴ
2952 2060 3301 2126 ἐξουθενεῖτε.
3325 2081 3344 2113 ι
3394 2062 3622 2134 Εἴρηται
3653 2063 3762 2132 γὰρ

2189 2153 2273 2206 ὅτι
2307 2154 2578 2223 προφάσει
2605 2154 2714 2207 τῶν
2743 2153 3222 2225 ψευδοπροφητῶν,
3267 2156 3357 2208 καὶ
3387 2158 3512 2219 τοὺς
3542 2157 3764 2227 ἀληθεῖς

2189 2243 2460 2298 διέπτυον.
2516 2262 2535 2296 ι
2559 2245 2742 2299 Πάντα
2785 2245 3128 2316 δοκιμάζετε.
3153 2266 3174 2298 ι
3216 2247 3280 2300 Τί
3314 2246 3407 2302 οῦν
3437 2251 3758 2317 ποιήσομεν,

2191 2336 2347 2406 φησι,
2381 2337 2468 2390 διά
2495 2339 2622 2401 τοὺς
2647 2337 3133 2410 ψευδοπροφήτας;
3185 2339 3248 2393 Ti
3273 2357 3287 2405 ;
3320 2340 3504 2392 Πάντα
3531 2341 3763 2409 δοκιμά-

2191 2428 2334 2493 ζετε,
2366 2427 2541 2482 καὶτὸ
2565 2428 2748 2494 καλὸν,
2777 2431 3038 2493 τουτέστι,
3073 2431 3199 2494 τοὺς
3228 2432 3444 2500 ἀληθεῖς
3473 2432 3763 2502 προφήτας

2190 2517 2476 2588 κατέχετε,
2519 2521 2614 2572 καὶ
2645 2521 2773 2590 περὶ
2818 2520 3014 2574 πολλοῦ
3042 2520 3303 2574 ποιεῖσθε.
3348 2521 3519 2573 «Ἀπὸ
3560 2522 3765 2583 παντὸς

2189 2610 2363 2673 εἴδους
2412 2609 2653 2682 πονηροῦ
2708 2613 2999 2682 ἀπέχεσθε.
3033 2631 3052 2664 ι
3108 2611 3342 2667 Δύναται
3391 2613 3488 2681 μὲν
3530 2612 3672 2668 κατά
3702 2613 3765 2664 τὸ

2190 2701 2502 2768 ἀκόλουθον,
2539 2707 2630 2756 καὶ
2667 2705 2746 2767 εἰς
2789 2707 2912 2767 τοὺς
2957 2705 3410 2774 ψευδοπροφήτας
3449 2705 3606 2759 τοῦτο
3633 2723 3762 2775 νοη-

2191 2787 2374 2857 θῆναι,
2405 2789 2632 2846 δύναται
2662 2791 2718 2844 δὲ
2744 2793 2839 2846 καὶ
2870 2795 2948 2856 εἰς
2975 2794 3371 2864 ἁμαρτήματα.

2793 3055 3042 3111 ΚΕΦΑΔ.
3091 3056 3162 3110 Ζ’.

2189 3163 2356 3250 Εὐχῂ
2389 3165 2520 3233 περὶ
2559 3166 2855 3236 ἀγιασμοῦ
2904 3171 3244 3240 πνεύματος
3279 3172 3379 3227 καὶ
3415 3173 3624 3243 ψυχῆς
3661 3176 3764 3229 και

2265 3252 2559 3304 σωματος.

2261 3327 2455 3393 Αὐτὸς
2499 3327 2566 3380 δὲ
2617 3332 2650 3382 ό
2682 3328 2822 3396 Θεὸς
2877 3328 2985 3405 τῆς
3029 3332 3293 3402 εἰρήνης,
3333 3335 3573 3405 ἁγιάσαι
3607 3337 3766 3407 ὑμᾶς

2190 3418 2514 3484 ὁλοτελεῖς,
2571 3419 2670 3473 καὶ
2715 3421 3053 3492 ὀλόκληρον
3085 3423 3254 3492 ὑμῶν
3297 3427 3361 3479 τὸ
3401 3429 3638 3498 πνεῦμα
3663 3430 3766 3484 καὶ

2190 3511 2229 3578 ’ἡ
2265 3511 2435 3580 ψυχὴ
2476 3511 2576 3566 καὶ
2610 3512 2674 3566 τὸ
2708 3513 2880 3582 σῶμα
2905 3516 3219 3585 ἀμέμπτως
3239 3519 3310 3572 ἑν
3338 3519 3412 3588 τῇ
3460 3525 3765 3590 παρουσίᾳ

2190 3603 2297 3658 τοῦ
2362 3607 2586 3672 Κυρίου
2652 3605 2818 3675 ὑμῶν
2886 3609 3091 3676 Ἰησοῦ
3148 3612 3406 3678 Χριστοῦ
3456 3617 3765 3682 τηρηθείη.

2191 3697 2412 3761 Πιστὸς
2443 3699 2474 3750 ό
2504 3697 2706 3751 καλῶν
2743 3698 2896 3768 ὑμᾶς
2924 3701 2990 3767 ὃς
3028 3703 3124 3756 καὶ
3156 3705 3416 3769 ποιήσει.
3463 3707 3765 3775 Ἀδελφοὶ,

2192 3787 2606 3855 προσεύχεσθε
2628 3788 2760 3856 περὶ
2785 3789 2973 3858 ἡμῶν.
3017 3792 3404 3849 Ἀσπάσασθε
3425 3797 3564 3864 τοὺς
3588 3800 3769 3854 ἀδελ-

2191 3878 2342 3947 φοὺς
2372 3880 2604 3946 πάντας
2632 3881 2702 3933 ἐν
2732 3883 2998 3951 φιλήματ’
3017 3886 3210 3952 σάγίῳ.
3255 3887 3484 3954 Ὁρκίζω
3513 3891 3579 3943 δὲ
3608 3892 3769 3961 ὑμᾶς

2192 3971 2290 4024 διὰ
2341 3972 2447 4027 τὸν
2478 3975 2714 4041 Κύριιν,
2743 3974 3202 4046 ἀναγνωσθῆναι
3246 3981 3360 4048 τὴν
3397 3986 3768 4056 Ἐπιστολὴν

2193 4062 2342 4117 πᾶσι
2374 4063 2498 4130 τοῖς
2528 4066 2716 4132 ἁγίοις
2737 4066 3050 4137 ἀδελφοῖς.
3087 4071 3149 4128 Ἠ
3184 4071 3357 4141 χάρις
3395 4077 3499 4130 τοῦ
3537 4081 3766 4150 Κυρίου

2205 4153 2375 4224 ἡμῶν
2412 4156 2616 4223 Ἰησοῦ
2639 4159 2896 4224 Χριστοῦ
2920 4163 3048 4228 μεθ’
3088 4161 3276 4230 ὑμῶν.
3344 4166 3539 4236 Ἀμήν,

2249 4245 2403 4302 Μετὰ
2479 4247 2578 4317 τὴν
2666 4248 2976 4320 συμϐουλὴν
3041 4252 3336 4323 ἐπεύχεται
3419 4259 3621 4324 αὐτοῖς,
3679 4263 3767 4316 ἵνα

512 4334 862 4388 securitatem
887 4334 1145 4387 habeant.
1181 4352 1201 4385 ι
1239 4335 1429 4389 Totos.
1460 4353 1480 4387 ι
1523 4335 1639 4390 Hoc
1695 4347 1799 4401 est,
1845 4341 2086 4410 integros

2195 4338 2254 4404 ἐξ
2305 4340 2563 4409 ἑκατέρου
2619 4339 2680 4392 τὸ
2742 4342 2979 4408 ἀσφαλὲς
3033 4343 3248 4414 ἔχωσιν.
3301 4365 3321 4399 ι
3387 4349 3699 4417 Ὀλοτελεῖς.
3739 4375 3761 4409 ι

513 4433 568 4476 et
590 4439 682 4492 per
708 4424 910 4479 omnia.
941 4442 960 4474 ι
991 4423 1228 4492 Spiritus
1265 4433 1318 4478 et
1343 4427 1547 4480 anima.
1575 4445 1596 4479 ι
1648 4429 1908 4498 Spiritum
1955 4434 2086 4490 dicit

2193 4432 2235 4485 Τ
2238 4432 2504 4497 ουτέστιν,
2524 4433 2778 4500 ὄλους,δι“
2803 4434 2961 4488 ὅλων.
2996 4413 3098 4490 (rei
3128 4440 3346 4510 πνεῦμα
3378 4444 3472 4496 καὶ
3498 4448 3529 4514 ἡ
3551 4413 3721 4518 ψυχνή.
3740 4469 3759 4501 ι

513 4514 691 4584 ipsum
734 4515 998 4584 Spiritum
1021 4524 1269 4569 sanctum
1295 4517 1410 4572 sive
1455 4519 1685 4586 gratiam
1745 4537 1866 4589 qua:
1901 4525 1971 4578 ab
2013 4541 2081 4581 eo

514 4615 618 4672 est,
653 4623 813 4676 quem
851 4607 986 4677 ipsis
1012 4607 1217 4662 servari
1252 4618 1526 4676 precatur.
1556 4609 1689 4665 Nam
1721 4614 1765 4667 si
1799 4615 2083 4685 splendeat

514 4698 570 4753 in
599 4699 755 4753 nobis
781 4709 835 4751 et
893 4707 1211 4768 permaneat
1265 4702 1409 4768 apud
1462 4716 1590 4769 nos,
1635 4703 1773 4758 salvi
1825 4708 2078 4764 erimus:

513 4788 620 4842 nisi
665 4790 811 4843 enim
864 4789 1016 4844 illum
1069 4789 1253 4858 pravis
1293 4792 1599 4848 actionibus
1630 4785 2080 4865 exstinxerimu's,

510 4879 665 4950 juxta
701 4882 938 4951 priorem
984 4883 1387 4952 suprapositam
1433 4887 1867 4954 enarrationem,
1919 4905 2082 4960 quam

516 4973 669 5040 prius
720 4972 1068 5042 scripsimus,
1135 4983 1388 5030 servatur
1446 4977 1607 5032 nobis
1639 4987 1695 5034 ct
1751 4982 2084 5052 custoditur,

515 5062 724 5118 lucidas
755 5065 1060 5121 accendens
1091 5076 1307 5122 nostras
1334 5068 1641 5138 lampades.
1693 5073 1850 5138 Quod
1899 5087 2080 5132 autem

517 5152 814 5209 aitzModo
849 5157 1342 5226 irrcprehensihili,
1394 5169 1576 5231 potest
1633 5165 1855 5233 quidem
1906 5175 1961 5222 et
2013 5168 2080 5222 ad

517 5247 769 5316 spiritum
799 5250 998 5318 aptari,
1030 5261 1090 5304 ut
1117 5250 1267 5305 illum
1299 5253 1637 5323 inculpatum
1671 5267 1726 5312 et
1758 5258 2082 5316 immacula-

515 5347 631 5394 tum
659 5354 960 5396 servemus.
985 5339 1172 5398 Potest
1217 5356 1395 5399 autem
1451 5347 1688 5404 maxime
1728 5350 1797 5405 ad
1846 5353 2083 5408 animam

514 5437 572 5485 ct
623 5443 822 5498 corpus
875 5430 1066 5487 referri
1093 5450 1108 5489 :
1141 5434 1300 5506 183
1329 5437 1376 5492 si
1426 5440 1569 5494 enim
1599 5438 1834 5510 Spiritus
1866 5457 1896 5496 a
1927 5445 2087 5499 nobis

514 5527 784 5576 servetur.
811 5521 926 5579 hac
957 5532 1115 5578 erunt
1145 5525 1672 5596 irreprebnnsihilia.
1715 5550 1734 5579 ι
1776 5530 1980 5587 Fidelis
2001 5541 2082 5588 est

586 5692 632 5724 ”
665 5693 819 5750 Matt.
844 5710 971 5763 xxv,
1001 5697 1023 5751 l
1064 5712 1220 5770 seqq.

2191 4523 2264 4576 Τὸ
2293 4523 2511 4593 πνεῦμά
2541 4541 2669 4593 φησι
2707 4525 2838 4578 αὐτὸ
2865 4526 2925 4579 τὸ
2982 4527 3136 4596 ἅγιον
3179 4532 3425 4603 Πνεῦμα,
3461 4537 3626 4606 ἤγουν
3661 4541 3766 4612 τὴν

2191 4617 2286 4670 ἀπ’
2314 4616 2480 4670 αὐτοῦ
2513 4619 2690 4688 χάριν,
2718 4620 2854 4689 ὅπερ
2882 4619 3062 4685 αὐτοῖς
3088 4623 3391 4694 τηρηθῆναι
3442 4629 3763 4698 ἐπεύχεται.

2205 4707 2328 4762 Ἐάν
2357 4706 2467 4778 γὰρ
2491 4708 2682 4794 λάμπη
2727 4711 2784 4762 ὲν
2824 4711 2958 4778 ἡμῖν
3004 4712 3098 4764 καὶ
3127 4713 3363 4786 ἐπιμένῃ
3391 4719 3546 4786 ἡμῖν,
3581 4722 3767 4792 σωθη-

2189 4798 2420 4865 σόμεθα.
2485 4798 2548 4851 Ει
2589 4800 2699 4868 γὰρ
2739 4799 2814 4869 μὴ
2843 4800 3125 4869 σϐἑσωμεν
3159 4803 3289 4855 αὐτὸ
3325 4811 3587 4876 πονηραῖς
3617 4814 3766 4880 πρά-

2189 4889 2325 4956 ξεσι,
2355 4891 2495 4944 κατὰ
2544 4889 2639 4960 τὴν
2668 4891 2779 4944 ἄνω
2819 4892 3041 4963 πρώτην
3077 4894 3356 4964 ἐξήγησιν,
3393 4899 3460 4971 ἣν
3486 4907 3766 4974 προεγρά-

2187 4983 2391 5053 ψαμεν,
2429 4987 2678 5054 τηρεῖται
2707 4986 2838 5053 ἡμῖν
2864 4986 2959 5038 καὶ
2989 4986 3334 5054 φυλάττεται.
3366 4995 3598 5064 φαιδράς
3623 5001 3766 5054 ἀνά-

2189 5093 2336 5128 πτων
2370 5074 2468 5138 τὰς
2499 5076 2770 5146 ἡμετέρας
2802 5076 3112 5145 λαμπάδας.
3159 5082 3230 5133 Τὸ
3277 5083 3355 5145 δὲ,
3385 5084 3718 5157 Ἀμέμτττιυε
3745 5133 3762 5155 ,

2189 5167 2410 5219 δύναται
2435 5165 2538 5236 μὴν
2572 5166 2664 5218 καὶ
2689 5166 2784 5217 ἐπὶ
2808 5166 2899 5218 τοῦ
2930 5169 3238 5239 πνεύματος
3277 5175 3642 5245 ἁρμοσθῆναι,
3675 5182 3763 5235 ἵνα

2189 5259 2477 5328 ἄμεμπτον
2509 5262 2603 5314 καὶ
2633 5263 2964 5332 ἀκηλίδωτον
2988 5268 3118 5322 αὐτὸ
3148 5272 3500 5342 φυλάξωμεν
3535 5276 3763 5341 δύναται

2189 5351 2245 5402 δὲ
2277 5351 2510 5418 μάλιστα
2533 5355 2622 5405 ἐπὶ
2645 5353 2821 5425 ψυχῆς
2843 5359 2936 5410 καὶ
2963 5359 3236 5430 σώματος.
3281 5365 3387 5418 Τοῦ
3432 5366 3540 5437 γὰρ
3583 5369 3764 5424 Πνεῦ-

2197 5458 2364 5512 ματος
2410 5443 2542 5513 παρ’
2570 5445 2702 5512 ἡμῖν
2728 5447 3058 5515 σωζομένου,
3083 5452 3255 5505 ταῦτα
3281 5453 3434 5508 ἔσται
3467 5459 3760 5527 ἄμεμπτα.

2197 5552 2214 5584 ι
2247 5534 2462 5600 Πιστὸς,
2510 5537 2537 5586 ὁ
2581 5537 2764 5592 καλῶν
2805 5539 3008 5608 ὑμᾶς.»
3056 5541 3196 5612 Ὅρα
3235 5547 3767 5626 ταπεινοφροσύνην.
