4036 6628
319 389 428 458 105

1182 387 1604 448 ’(ΣΟΜΜΕΝΤ.
1647 385 1723 445 IN
1768 383 2009 444 EPIST.
2054 381 2115 440 Π
2174 381 2272 440 AD
2304 342 2667 443 TllESSAL.

3468 377 3571 441 106

322 497 547 569 Ἐπειδὴ
571 495 847 569 ὲπηῦξατο
876 496 1080 560 αὐτοῖς,
1115 495 1270 566 φησί·
1304 493 1398 565 Μὴ
1431 493 1691 564 νομίσητε
1719 494 1801 547 ὃτι
1827 496 1891 546 ἐκ

2005 493 2086 563 qui
2118 494 2333 549 vocavit
2372 508 2488 550 vos.
2527 512 2545 545 ο
2614 489 2745 547 V’idc
2797 488 2966 545 animi
3030 487 3378 545 modestiam.
3422 490 3575 555 Quo-

309 591 425 646 τῶν
451 592 603 663 ἐμῶν
635 589 810 661 εὐχῶν
838 587 1179 661 σωθήσεσθε,
1210 587 1352 642 ἀλλά
1391 590 1456 642 ὲκ
1485 591 1581 658 τῆς
1607 585 1700 640 τοῦ
1737 587 1898 640 καλέ-

315 701 513 748 σαντος
538 682 904 759 ἀγαθωσύνης
934 680 1092 736 Θεοῦ.
1121 682 1187 736 Εἰ
1216 681 1326 751 γὰρ
1349 682 1429 744 εἰς
1462 681 1735 752 σωτηρίαν
1767 679 1897 733 ἐκά-

306 775 458 838 λεσε,
504 773 695 836 πιστὸς
734 772 792 826 δέ
843 774 999 838 ἐστι,
1032 771 1351 836 τουτέστιν,
1392 770 1635 842 ἀληθὴς,
1678 769 1899 832 πάντως

310 865 537 932 ποιήσει
568 863 713 917 κατὰ
742 862 801 916 τὸ
838 862 1052 932 θέλημα
1084 860 1250 916 αὑτοῦ
1281 860 1376 914 καὶ
1406 859 1591 915 σώσει.
1649 878 1668 911 ι
1687 861 1780 922 Ὃς
1803 859 1899 912 καὶ

314 956 593 1026 ποιήσει.»
660 956 777 1026 Ἐφ’
819 946 863 1022 ᾧ
906 951 1154 1017 ἐκάλεσε,
1192 953 1381 1022 φησὶν,
1427 950 1521 1004 ἐπὶ
1569 952 1809 1022 σωτηρίᾳ
1841 950 1899 1002 δὲ

313 1047 605 1102 ἐκάλεσεν.
630 1066 651 1099 ι
673 1047 941 1113 Ἀδελφοί,
965 1031 1337 1118 προσεύχεσθε
1362 1044 1490 1114 περὶ
1509 1043 1719 1115 ἡμῶν.»
1749 1043 1897 1115 Ὅρα

311 1141 711 1210 ταπεινότητα,
763 1140 812 1191 εἰ
843 1137 1059 1200 Παῦλος
1087 1137 1261 1193 ἐδεῖτο
1310 1138 1411 1206 τῆς
1452 1136 1659 1189 τούτων
1706 1135 1894 1206 εὐχῆς.

321 1252 341 1285 ι
374 1232 724 1285 Ἀσπάσασθε
762 1234 890 1291 τοὺς
932 1229 1216 1299 ἀδελφούς.
1240 1247 1287 1307 ι,
1334 1227 1552 1297 Ἐπειδὴ
1586 1225 1694 1296 γὰρ
1738 1226 1900 1290 αὐτὸς

311 1326 470 1379 ἀπὼν
493 1323 858 1394 οὐκ.ὴδύνατο
882 1321 973 1376 διὰ
996 1323 1268 1391 στόματος
1297 1320 1390 1373 καὶ⁹
1418 1318 1514 1374 τοῦ
1541 1320 1691 1373 ἔνθεν
1718 1317 1898 1371 ἀσπά-

315 1417 518 1473 σασθαι
564 1417 893 1486 φιλήματος,
941 1414 1007 1468 δι’
1052 1413 1259 1485 ἑτέρων
1298 1413 1497 1477 αὐτοὺς
1549 1411 1901 1466 ἀσπάσασθαι

314 1510 592 1581 βούλεται.
626 1527 646 1561 ι
685 1507 776 1561 Ἑν
811 1505 1077 1577 φιλήματι
1105 1505 1301 1576 ἁγίῳ,ι
1333 1505 1498 1576 φησίν
1520 1520 1534 1535 ·
1565 1505 1643 1556 ἔνι
1670 1505 1778 1575 γὰρ
1809 1503 1903 1557 καὶ

310 1602 532 1672 δολερὸν
558 1641 574 1667 ,
624 1601 701 1671 ᾡς
733 1598 798 1653 τὸ
832 1598 927 1652 τοῦ
970 1596 1160 1651 Ἰούδα.
1206 1615 1225 1648 ι
1265 1595 1507 1666 ὀρκίξω
1559 1594 1726 1664 ὑμᾶς.
1756 1612 1774 1645 ι
1804 1593 1901 1645 Διὰ

310 1695 473 1748 τοῦτο
520 1690 757 1765 ὁρκίζει,
808 1692 895 1745 ἵνα
939 1689 1041 1744 κᾶν
1088 1688 1253 1742 αὐτοῦ
1294 1688 1767 1759 καταφρονήσωσι,
1813 1685 1902 1739 διὰ

311 1786 447 1855 γοῦν
485 1782 577 1838 τὸν
626 1786 812 1856 ὅρκον,
852 1782 1104 1855 πράξωσι
1142 1780 1204 1835 τὸ
1240 1780 1430 1852 ῥηθέν.
1473 1798 1492 1832 ι
1519 1777 1903 1861 ’Δναγνωσθῆ-

1998 587 2143 640 niam
2166 601 2265 657 pro
2292 585 2372 642 eis
2402 591 2681 651 oraverat,
2736 583 2850 638 ait:
2904 580 2983 637 Ne
3034 582 3364 638 existimetis
3425 582 3573 651 quod

1997 672 2422 748 meis‘precibus
2449 675 2757 744 salvemini,
2786 674 2882 732 sed
2911 689 2980 731 ex
3028 672 3149 744 ejus
3182 672 3427 731 bonitate
3478 672 3576 741 qui

1995 771 2211 825 vocavit
2234 785 2351 827 vos.
2380 768 2515 825 Nam
2555 770 2602 826 si
2637 768 2704 825 ad
2738 769 2971 825 salutem
3000 766 3242 831 vocavit,
3295 772 3350 822 et
3399 764 3576 821 ﬁdelis

1997 871 2101 930 est,
2138 863 2190 917 id
2222 874 2323 927 est,
2356 878 2546 928 verax,
2582 862 2810 917 omnino
2843 860 3182 929 facietjuxta
3239 858 3575 915 voluntatem

1997 969 2154 1010 suam
2184 961 2238 1010 et
2267 955 2518 1011 salvabit.
2548 974 2566 1007 ι
2607 955 2708 1022 Qui
2744 953 2888 1010 idem
2944 952 3180 1010 eﬁicict:
3222 971 3239 1004 ι
3286 951 3369 1006 Ad
3429 951 3577 1020 quod

1998 1032 2253 1103 videlicet
2278 1049 2513 1115 vocavit,
2536 1048 2603 1102 ad
2635 1048 2872 1103 salutem
2902 1056 3088 1102 autem
3120 1045 3353 1100 vocavit.
3394 1062 3413 1096 ι
3455 1042 3581 1096 Fra-

2000 1147 2136 1206 tres,
2165 1147 2320 1195 orate
2347 1154 2447 1209 pro
2478 1140 2661 1196 nobis.
2685 1159 2705 1193 ι
2733 1139 2870 1195 Vide
2895 1138 3067 1195 animi
3101 1137 3493 1197 humilitatem.
3524 1137 3572 1190 si

2000 1229 2202 1285 Paulus
2239 1230 2432 1284 horum
2455 1230 2648 1299 egebat
2670 1230 2937 1285 oratione.
2979 1246 2998 1280 ι
3040 1228 3287 1283 Salutate
3317 1225 3516 1280 fratres
3552 1241 3572 1275 ι

2002 1320 2135 1375 Nam
2172 1321 2431 1392 quoniam
2456 1321 2575 1390 ipse
2603 1336 2732 1376 cum
2788 1323 2992 1377 absens
3020 1330 3168 1376 esset
3207 1335 3319 1375 non
3364 1327 3581 1388 poterat

2001 1427 2095 1467 ore
2122 1412 2374 1482 prmsenti
2414 1412 2661 1468 salutare
2691 1412 2904 1477 osculo,
2937 1428 3034 1484 per
3062 1412 3203 1466 alios
3246 1411 3379 1473 ,vult
3427 1409 3578 1480 ipsos

2002 1501 2266 1557 salutare.
2304 1520 2323 1554 ι
2364 1501 2501 1556 Cum
2533 1510 2723 1557 sancto
2746 1503 2956 1558 osculo.
3000 1523 3018 1554 ι
3044 1501 3326 1572 Contingit
3353 1501 3498 1555 enim
3527 1508 3581 1554 ct

2003 1594 2253 1650 dolosum
2308 1610 2431 1652 esse
2485 1598 2759 1661 osculum,
2816 1596 2978 1666 quale
3030 1595 3132 1650 fuit
3185 1594 3360 1665 ipsius
3401 1592 3577 1648 Judze.

2008 1705 2029 1738 ι
2066 1686 2274 1757 Adjuro
2311 1703 2426 1742 vos.
2465 1708 2483 1740 ι
2542 1688 2839 1758 Propterea
2900 1688 3137 1758 adjurat,
3200 1694 3261 1742 ut
3309 1687 3356 1742 si
3413 1687 3580 1742 etiam

2004 1778 2184 1848 ipsum
2216 1778 2541 1848 despiciant,
2576 1781 2767 1835 saltem
2814 1788 3037 1849 propter
3086 1778 3461 1849 juramentum
3509 1777 3584 1833 fa-

309 1895 403 1930 ναι
433 1876 534 1949 τὴν
577 1875 920 1946 Ἐπιστολὴν.
953 1893 973 1926 ι
1018 1871 1194 1928 Τοῦτο
1225 1871 1397 1925 πόθου
1431 1870 1654 1943 μᾶλλον,
1691 1870 1725 1941 ἢ
1756 1858 1902 1922 διδοί-

2008 1872 2156 1927 ciant
2185 1873 2332 1944 quod
2359 1872 2568 1928 dictum
2598 1880 2706 1930 est.
2743 1892 2762 1926 ι
2802 1870 2874 1928 Ut
2897 1874 3108 1946 legatur
3135 1873 3253 1930 haec
3273 1872 3516 1944 Epistola
3557 1893 3576 1926 ι

312 1972 544 2034 σκαλίας
579 1970 764 2041 χάριν,
799 1967 889 2021 ἴνα
926 1967 1203 2030 κάκείνοις
1258 1961 1303 2022 ὦ
1344 1962 1892 2037 προσδιαλεγόμενος,

309 2067 502 2134 φησίν.
552 2064 656 2116 «Ἠ
717 2064 878 2134 χάρις
939 2060 1037 2116 τοῦ
1095 2059 1304 2132 Κυρίου
1356 2057 1579 2130 ἡμῶν.»
1627 2054 1803 2111 Ὅπου
1839 2055 1896 2110 δὲ

305 2157 471 2228 χάρις
499 2153 765 2225 Χριστοῦ,
797 2154 978 2211 πάντα
1006 2151 1077 2208 τὰ
1113 2151 1295 2222 ἀγαθά
1328 2149 1697 2221 παρομαρτεῖ.

436 2363 641 2430 Τέλος,
667 2364 792 2420 σὺν
814 2358 957 2437 Θεῷ,
986 2359 1115 2437 τῆς
1134 2357 1285 2427 πρὸς
1315 2352 1783 2437 βξσσαλονικεῖς

777 2432 1017 2503 πρώτης
1054 2432 1440 2496 Ἐπιστολῆς.

769 2556 1016 2628 Ἐγράφη
1047 2551 1156 2610 ἀπὸ
1193 2551 1456 2624 ’Δθηνῶν.

322 2773 2043 2813 W

1782 2774 2267 2804 _.__‘—...__.._——'
2014 2774 2121 2786 '-""'
2274 2776 2436 2800 ...ι-..ρ’
2407 2774 2681 2801 '——-—-———.'_"'

2000 1963 2114 2021 Hoc
2141 1966 2347 2023 amoris
2373 1966 2549 2038 magis
2588 1974 2673 2022 est
2723 1982 2888 2037 quam
2940 1966 3207 2024 doctrinae
3254 1969 3427 2039 gratia
3461 1987 3474 2022 :
3524 1978 3630 2021 ut~

1999 2072 2125 2113 cum
2148 2059 2258 2115 illis
2277 2060 2441 2115 etiam
2468 2060 2676 2131 possim
2701 2059 2774 2115 ita
2800 2060 3036 2117 miscere
3058 2075 3365 2118 sermones.
3396 2079 3415 2112 ι
3449 2058 3586 2115 Gra-

2012 2148 2085 2202 tia
2109 2147 2322 2203 Domini
2351 2151 2525 2204 nostri
2556 2148 2686 2205 Jesu
2714 2150 2942 2205 Christi.
2974 2168 2994 2202 ι
3026 2147 3125 2206 Ubi
3154 2158 3337 2205 autem
3369 2150 3576 2206 Christi

2010 2238 2187 2309 gratia
2230 2251 2334 2307 cst,
2361 2240 2501 2296 bona
2527 2242 2712 2297 omnia
2746 2242 3100 2298 comitantur.

2008 2346 2187 2414 Finis,
2220 2348 2407 2417 divino
2441 2347 2646 2417 [attente
2684 2347 2914 2411 auxilio.
2941 2350 3137 2419 prioris
3165 2350 3234 2404 ad
3303 2349 3582 2406 Thersafoo

2518 2420 2753 2474 nirenses
2784 2419 3062 2490 Epistolw.

2436 2544 2653 2618 Scripta
2676 2553 2760 2603 est
2788 2546 2857 2602 ab
2885 2546 3135 2605 Athenis.

2230 2678 2271 2691 .-

1576 2951 2347 3070 ΥΠΟΘΕΣΙΣ

510 3248 519 3255 υ
628 3143 921 3298 111502
997 3206 1892 3345 ΘΕΣΣΑΛΟΝΙΚΕΙΣ
1950 3168 2535 3319 ΔΕΥΤΕΡᾹΣ,
2584 3196 3252 3288 ΕΠΙΣΤΟΛΗΣ.

1439 3501 2447 3691 ABGUMENTUM

324 3825 1204 3939 ._POSTERIORIS
1280 3824 1919 3973 EPISTOLIE‘

2010 3828 2161 3917 AD
2262 3828 3505 3927 THESSALONICENSES.

392 4184 614 4257 Ταύτην
639 4183 946 4239 ἐπιστέλλει
987 4182 1097 4238 ἀπὸ
1137 4180 1378 4254 Ῥώμης.
1430 4177 1495 4237 Ἦ
1527 4182 1585 4236 δὲ
1620 4183 1893 4254 πρόφασις

2072 4172 2235 4254 184
2261 4179 2411 4236 lianc
2439 4180 2508 4236 ab
2529 4179 2665 4238 urbe
2699 4182 2872 4238 Roma
2896 4182 3112 4239 scribit.
3145 4182 3240 4237 Est
3260 4192 3442 4240 autem
3477 4183 3584 4241 hoc

317 4278 423 4348 τῆς
488 4274 812 4345 Ἐπιστολῆς
869 4272 1047 4343 αὕτηο
1103 4273 1262 4336 Τινὲς
1324 4271 1432 4326 ἀπὸ
1499 4271 1900 4343 Θεσσαλονίκης

222 4350 231 4355 5
318 4369 488 4438 ἀργοὶ
548 4369 643 4421 καί
689 4368 919 4422 ἄτακτοι
970 4365 1431 4438 περιερχόμενοι,
1482 4366 1609 4429 τοὺς
1626 4364 1901 4433 ἀδελφοὺς

321 4458 677 4531 ὑφήρπαζον,
727 4459 804 4522 ὡς
854 4459 959 4530 ήδη
991 4459 1093 4530 τῆς
1118 4458 1423 4532 παρουσίας
1443 4449 1544 4512 τοῦ
1570 4458 1772 4529 Κυρίου
1813 4442 1911 4511 sv?

318 4555 551 4623 στάσης.
618 4552 874 4606 Ἠπάτων
903 4552 961 4606 δὲ
990 4552 1117 4617 τοὺς
1149 4550 1445 4614 ἀκούοντας
1487 4551 1565 4615 ὡς
1603 4546 1697 4604 τοῦ
1737 4551 1903 4605 Ἀποο

319 4645 515 4699 στόλου
554 4643 718 4699 τοῦτο
756 4642 1066 4715 δηλοῦντος,
1115 4645 1209 4697 καὶ
1248 4643 1354 4696 ὑπὸ
1383 4638 1696 4715 πνεύματος
1733 4643 1902 4697 ἁκού-

319 4751 538 4797 σαντες.
572 4733 762 4787 Ταῦτα
790 4736 970 4787 τοίνυν
1011 4731 1201 4804 μαθὼν
1240 4732 1271 4786 ὁ
1317 4733 1660 4801 ’Δπόστολος,
1701 4735 1904 4806 γράφει

316 4827 422 4897 τὴν
472 4826 823 4900 Ἐπιστολὴν.
882 4827 994 4879 Καὶ
1039 4827 1259 4899 πρῶτον
1289 4826 1393 4896 μὲν
1429 4825 1751 4897 ἀποδέχεται
1802 4827 1905 4899 τὴν

319 4919 507 4973 πίστιν
552 4918 736 4972 αὐτῶν
775 4916 1154 4993 ανῖιξάνουσαν.¹
1183 4916 1293 4970 Καὶ
1320 4917 1403 4969 ὅτι
1436 4918 1495 4968 ὲν
1524 4916 1709 4980 αὐτοῖς
1737 4916 1906 4970 ἐκαυ-

318 5011 477 5079 χᾶτο,
511 5008 610 5071 τὰς
635 5008 846 5079 θλίψεις
883 5009 1151 5076 γενναίως
1176 5007 1512 5077 ὑποφέρουσι
1533 5005 1622 5061 διὰ
1642 5007 1734 5060 τὸν
1770 5007 1907 5078 Χρι-

320 5101 470 5156 στόν.
528 5101 640 5153 Καὶ
689 5099 1099 5172 παραμυθεῖται
1154 5098 1212 5151 δὲ
1260 5098 1461 5161 αὐτοὺς
1511 5096 1587 5162 ὡς
1636 5098 1905 5168 ἐσομένης

319 5193 572 5256 ἐκδικίας
604 5192 759 5264 παρὰ
786 5191 882 5246 τοῦ
913 5191 1074 5259 Θεοῦ,
1108 5190 1254 5246 κατὰ
1283 5191 1392 5246 τῶν
1420 5190 1621 5266 αὐτοὺς
1654 5189 1904 5244 ἀδικούν-

320 5301 460 5339 των.
512 5285 746 5338 Ἔπειτα
779 5284 909 5357 περ)⁸
955 5286 1057 5349 τῆς
1083 5284 1388 5354 παρουσίας
1417 5283 1512 5337 τοῦ
1549 5284 1802 5355 Σωτῆρος
1827 5282 1909 5335 δι-

321 5377 516 5432 δάσκει
583 5377 774 5449 μηδενὶ
822 5377 1019 5442 αὐτοὺς
1051 5377 1335 5432 πείθεσθαι
1364 5416 1380 5444 ,
1433 5378 1573 5448 μήτε
1629 5376 1905 5450 θροεῖσθαι

321 5471 546 5538 αὐτοὺς,
605 5471 746 5541 μήτε
796 5469 887 5525 διὰ
937 5469 1269 5540 πνεύματος,
1305 5469 1442 5540 μήτε
1473 5468 1549 5533 ὡς
1573 5468 1738 5523 αὐτοῦ
1770 5470 1906 5540 γρά-

318 5564 546 5633 ψαντος,
595 5560 721 5633 μηδ’
770 5561 907 5625 ὅλως
949 5562 1189 5633 νομίζειν
1231 5561 1335 5634 ἤδη
1385 5563 1642 5632 παρεῖναι
1707 5562 1900 5632 αὐτήν.

320 5657 418 5727 Μὴ
447 5656 557 5728 γὰρ
591 5656 858 5728 πρότερον
885 5654 1106 5710 ἔσεσθαι
1135 5655 1329 5726 αὐτὴν,
1360 5654 1458 5709 ἐὰν
1494 5655 1570 5725 μὴ
1599 5656 1634 5726 ἡ
1659 5655 1902 5710 ἀποστα-

320 5748 419 5804 σία
458 5750 676 5820 πρῶτον
708 5748 860 5821 ἔλθῃ.
900 5749 997 5803 καὶ
1043 5748 1184 5817 μετὰ
1211 5746 1417 5818 ταύτην
1446 5747 1475 5801 ὀ
1509 5747 1901 5821 ’Δντίχριστος,

323 5844 355 5895 ὁ
388 5843 516 5907 Υἱὸς
544 5842 646 5913 τῆς
670 5843 968 5908 ἀπωλείας,
1007 5836 1070 5896 οὗ
1106 5841 1204 5913 τὴν
1232 5840 1535 5912 παρουσίαν
1565 5844 1623 5898 ἐν
1655 5844 1905 5914 σημείοις

654 5938 929 6001 ΡΑτιιοι.
969 5937 1082 5998 GR.
1126 5936 1334 6005 CXIX.

1931 5529 1985 5590 D

2005 4276 2265 4348 Epistolaa
2287 4288 2678 4349 argumentum
2695 4297 2710 4334 :
2728 4278 2960 4345 Quidam
2974 4292 3009 4334 ὀ
3025 4278 3414 4335 Thessalonica
3427 4280 3587 4335 otiosi

2005 4383 2072 4427 ac
2133 4369 2434 4425 inordinati
2499 4369 2895 4424 circumeundo
2922 4369 3309 4425 subvertebant
3367 4369 3589 4434 fratres.

2008 4463 2167 4533 quasi
2190 4463 2306 4532 jam
2340 4462 2669 4518 imminente
2701 4461 2917 4519 Domini
2941 4462 3198 4518 adventu.
3246 4462 3591 4520 Seducebant

2010 4560 2196 4613 autem
2236 4556 2458 4620 fratres,
2489 4563 2754 4627 tanquam
2788 4556 2893 4612 hoc
2918 4556 3233 4627 'Apostolus
3282 4557 3593 4629 signiﬁcas-

2013 4658 2097 4707 set
2121 4661 2174 4705 et
2211 4664 2243 4704 a
2276 4650 2477 4721 spiritu
2510 4650 2823 4706 audissent.
2852 4647 2953 4705 His
2982 4649 3151 4719 igitur
3189 4649 3392 4705 auditis
3437 4650 3591 4720 Apo-

2012 4743 2192 4799 stolus
2220 4741 2414 4797 scribit
2443 4741 2770 4813 Epistulam.
2805 4739 2874 4795 Et
2904 4740 3141 4812 primum
3165 4741 3386 4811 quidem
3419 4741 3583 4797 ﬁdem

2010 4849 2201 4890 eorum
2230 4833 2399 4890 veluti
2450 4840 2860 4905 augmentatam
2884 4834 3254 4900 commendat,
3280 4841 3335 4889 et
3357 4834 3505 4905 quod
3535 4835 3590 4889 in

2011 4924 2146 4996 ipsis
2208 4924 2561 4995 gloriaretur,
2624 4939 2691 4980 eo
2763 4922 2915 4995 quod
2977 4924 3302 4981 atllictiones
3366 4937 3594 4997 propter

2007 5017 2289 5074 Christum
2358 5017 2599 5074 viriliter
2660 5016 2909 5072 ferrent:
2976 5030 3183 5086 eosque
3249 5018 3589 5084 consolatur.

2009 5109 2312 5166 ostendens
2344 5106 2585 5163 futuram
2623 5122 2654 5161 a
2682 5106 2796 5163 Deo
2827 5106 3090 5161 ultionem
3150 5092 3416 5165 adversus
3465 5109 3590 5165 illos

2007 5202 2103 5274 qui
2132 5203 2284 5273 ipsos
2312 5200 2515 5270 injuria
2546 5198 2887 5256 afﬁciebanl.
2947 5198 3155 5256 Deinde
3188 5215 3285 5257 eos
3305 5200 3373 5256 de
3395 5198 3588 5257 Salva-

2010 5295 2149 5351 toris
2180 5295 2419 5349 adventu
2475 5295 2699 5359 docens,
2760 5292 3012 5349 hortatur
3038 5309 3107 5349 ne
3152 5294 3409 5365 cuiquam
3463 5309 3589 5349 cre-

2009 5386 2162 5448 dant,
2182 5400 2361 5455 neque
2384 5383 2699 5449 turbentur,
2722 5399 2790 5439 ne
2810 5394 3031 5455 propter
3048 5384 3305 5455 spiritum
3333 5384 3585 5457 quidem,

2010 5493 2187 5549 neque
2219 5478 2263 5534 si
2294 5478 2420 5547 quis
2447 5476 2595 5532 dicat
2623 5478 2798 5547 ipsum
2842 5476 3134 5548 scripsisse
3166 5495 3182 5533 :
3234 5491 3302 5533 ne
3359 5478 3589 5533 omnino
3684 5478 3691 5483 “

2012 5570 2331 5627 existiment
2386 5568 2538 5624 illum
2600 5568 2713 5640 jam
2773 5567 2984 5625 adfore.
3046 5567 3166 5624 Non
3220 5569 3366 5624 enim
3435 5570 3589 5640 prius

2014 5662 2212 5728 aderit,
2264 5662 2461 5732 inquit.
2508 5662 2615 5717 nisi
2672 5660 2909 5717 defectio
2951 5663 3189 5733 primum
3235 5662 3471 5728 venerit,
3532 5674 3591 5718 et

2013 5762 2139 5825 post
2175 5754 2351 5824 ipsam
2389 5753 2775 5810 Antichristus
2831 5755 2978 5811 illius
3031 5754 3379 5826 perditionis,
3426 5756 3588 5827 cujus

2012 5846 2308 5903 adventum
2365 5860 2490 5901 cum
2540 5847 2711 5918 signis
2782 5858 2836 5904 et
2898 5847 3164 5919 prodigiis
3227 5848 3585 5906 mendacibus
