3994 6580
449 362 560 430 ³107

1545 353 1941 417 (ECUMENII
1970 347 2260 412 TRICCE
2295 345 2633 408 EPISCOPI

3591 344 3696 413 108

457 480 703 534 futurum
733 472 1036 531 secundum
1070 468 1452 543 operationem
1490 466 1707 522 Satanae
1741 464 2038 536 signiﬁcat.

2161 459 2238 512 (αἱ
2264 460 2457 528 τέρασι
2477 458 2706 528 ψεύδους
2740 456 2862 510 κατ’
2889 457 3171 528 ἐνέργειαν
3200 454 3293 511 τοῦ
3320 456 3555 523 Σατανᾶ,
3596 460 3716 514 ἔσε-

459 569 624 642 185
654 566 858 623 Deinde
918 565 1225 621 adhortans
1289 564 1462 634 ipsos,
1493 568 1551 613 ut
1603 566 1753 615 stent
1802 556 2037 611 viriliter

461 679 523 718 ac
549 669 770 718 teneant
794 659 1122 715 traditiones
1150 672 1290 729 quas
1353 653 1425 709 ab
1454 653 1575 724 ipso
1630 648 1811 706 edocti
1857 655 2037 711 erant,

454 752 707 824 praecipit
733 761 793 806 ut
823 751 1028 806 nullam
1059 748 1299 804 habeam
1320 741 1874 800 communicationem
1916 754 2039 794 cum

461 841 815 907 inordinatis,
843 840 974 910 quin
1001 838 1184 909 potius
1215 836 1341 891 illos
1363 833 1594 902 ejiciant
1617 848 1631 886 :
1657 830 1865 887 iudicat
1893 831 2040 884 enim

463 934 686 987 curiose
712 931 912 1001 degere
946 944 1041 985 eos
1069 932 1164 999 qui
1203 923 1477 997 eiusmodi
1508 929 1659 978 sunt.
1697 921 1764 976 Et
1822 920 2043 975 univer-

464 1024 663 1082 saliter
718 1020 987 1093 praecipit;
1046 1026 1103 1073 ut
1160 1016 1255 1087 qui
1308 1013 1483 1084 ipsius
1533 1010 1878 1068 sermonibus
1923 1023 2032 1063 non

469 1113 951 1187 obtemperaverit,
1004 1118 1165 1166 extra
1208 1107 1685 1179 congregationem
1724 1103 2034 1173 abjiciatnr.

472 1209 1019 1279 Domumquepacem
1044 1204 1152 1259 illis
1170 1211 1422 1274 precatus
1446 1199 1724 1256 concludit
1743 1196 2038 1269 Epistulam

477 1302 804 1357 salutatione
824 1296 1050 1380 propria
1086 1310 1250 1350 manu
1283 1295 1506 1363 scripta,
1532 1291 1677 1363 quod
1709 1291 1920 1361 signum
1954 1302 2047 1343 es-

480 1408 544 1448 se
574 1393 910 1463 singularqu
939 1387 1313 1461 Epistolarum
1349 1383 1695 1455 signiﬁcavit.
1758 1446 1764 1451 ε

1028 1564 1496 1622 'l‘liEODORETi.

537 1680 808 1746 Quoniam
839 1677 894 1731 in
928 1677 1116 1748 priore
1147 1674 1389 1746 Epistoia
1436 1671 1658 1743 scripsit
1685 1677 1945 1742 tanquam
1974 1667 2040 1722 ad

468 1776 615 1845 ipsos
648 1772 874 1827 omnino
905 1769 1254 1841 profecturus
1289 1775 1458 1833 esset,
1482 1775 1536 1821 et
1568 1779 1691 1837 quae
1750 1765 1832 1818 eis
1886 1762 2043 1817 dces-

468 1877 588 1921 sent
618 1865 965 1934 impleturus,
989 1875 1052 1915 ac
1078 1861 1248 1915 multa
1268 1857 1513 1931 quaadam
1535 1854 1847 1911 dilectionis
1864 1853 2041 1921 signa,

470 1972 572 2012 ncc
595 1966 781 2010 tamen
812 1953 1091 2025 proiectus
1119 1959 1203 2007 est
1230 1968 1245 2005 :
1291 1950 1416 2005 ideo
1437 1934 1598 2002 hanc
1643 1945 1795 2001 addit
1830 1942 2045 2014 Episto-
2078 2012 2083 2017 ι

471 2049 577 2101 iam
607 2048 727 2103 loco
757 2048 843 2101 sui
869 2046 1159 2100 adventus.
1193 2041 1345 2109 Quod
1368 2050 1547 2097 autem
1572 2039 1638 2094 ad
1663 2040 1814 2109 ipsos
1837 2051 1942 2091 non
1975 2037 2046 2089 sit

472 2138 774 2209 profectus,
804 2137 933 2191 hinc
964 2136 1167 2206 conjici
1202 2144 1405 2206 potest.
1431 2132 1569 2188 Cum
1608 2132 1661 2186 in
1698 2131 1882 2202 priore
1916 2128 2047 2200 Epi-

472 2234 615 2287 stola
675 2231 743 2286 de
793 2230 1136 2301 temporibus
1195 2226 1464 2282 adventus
1531 2225 1745 2280 Domini
1805 2224 2048 2280 scribere

471 2323 797 2387 distulisset,
824 2330 1084 2391 tanquam
1114 2319 1183 2374 de
1223 2333 1283 2374 re
1327 2333 1448 2388 quae
1472 2316 1609 2371 nihil
1652 2317 1788 2387 ipsis
1834 2313 2050 2369 aﬂ'erret

474 2414 747 2478 utilitatis,
780 2426 925 2467 nunc
956 2410 1023 2466 de
1054 2410 1154 2465 hoc
1177 2408 1371 2466 scribit
1401 2427 1415 2463 :
1470 2423 1580 2463 non
1628 2407 1680 2463 id
1726 2405 1974 2461 facturus
2003 2403 2049 2460 si

473 2507 592 2575 ipse
621 2504 896 2573 profectus
925 2501 1122 2556 fuisset
1142 2500 1207 2554 ad
1237 2515 1358 2556 eos.
1391 2497 1479 2553 0b
1510 2500 1651 2555 hanc
1696 2506 1879 2552 autem
1924 2512 2055 2551 cau-

474 2614 587 2653 sam
615 2598 807 2653 scribit
835 2596 904 2651 de
939 2595 1302 2665 temporibus.
1322 2589 1651 2648 Setiuctores
1700 2589 1923 2661 quidam
1972 2586 2057 2641 di-

476 2691 672 2744 cebant
715 2688 828 2758 jam
873 2687 1074 2742 adesse
1124 2685 1418 2741 adventrum
1450 2681 1667 2751 Domini
1701 2698 1715 2737 :
1746 2679 1891 2751 quod
1923 2680 1966 2735 si
2000 2675 2056 2733 id

476 2798 660 2836 verum
689 2790 856 2846 esset,
879 2779 1127 2836 Christus
1146 2778 1377 2833 mendax
1397 2776 1754 2831 inveniretur.
1777 2773 1913 2828 Nam
1942 2773 2059 2842 ipse

476 2877 531 2929 in
559 2873 865 2946 Evangeliis
894 2873 1052 2941 signa
1083 2872 1169 2927 sui
1195 2870 1347 2926 dedit
1372 2870 1638 2925 adventus
1657 2883 1779 2939 qua:
1815 2865 2058 2921 nondum

476 2966 838 3036 contigerant.
862 2964 1087 3033 Cogitur
1107 2962 1291 3032 itaque
1310 2960 1494 3032 etipse
1514 2960 1788 3015 disserere
1808 2957 1875 3012 de
1889 2957 2064 3026 signis

477 3076 597 3129 qum:
632 3071 760 3113 ante
803 3056 1094 3113 adventum
1143 3054 1488 3123 contingent,
1538 3060 1594 3108 et
1633 3053 1701 3107 de
1729 3046 2060 3129 Antichristi

2144 554 2265 606 σθαι
2294 552 2575 623 σημαίνει.
2604 546 2737 604 Εἶτα
2761 550 3097 622 παραινέσας
3129 550 3313 614 αὑτοῖς
3346 554 3565 620 στήκειν
3594 568 3717 620 γεν-

2142 643 2307 707 ναίως
2343 643 2437 697 καὶ
2475 644 2703 713 κρατεῖν
2745 641 2844 706 τὰς
2874 639 3207 710 παραδόσεις
3251 639 3318 703 ἃς
3361 639 3716 711 ἐδιδάχθησαν

2141 735 2272 806 παρ’
2302 733 2490 798 αὑτοῦ,
2548 732 2917 804 παραγγέλλει
2950 732 3223 804 μηδεμίαν
3249 730 3536 785 κοινωνίαν
3572 730 3718 802 ἔχῖιν

2145 826 2284 896 μετὰ
2335 826 2445 880 τῶν
2490 825 2762 889 ἀτάκτων,
2798 823 2938 879 ἀλλὰ
2983 824 3079 878 καὶ
3137 823 3465 877 ἀποϐάλλειν
3494 824 3715 885 αὑτούς.

2141 915 2300 973 Εἶναι
2341 920 2450 990 γὰρ
2513 920 2608 973 καὶ
2655 919 2988 992 περιέργους
3047 918 3144 973 καὶ
3193 917 3428 981 πλάνους
3486 916 3720 986 ἐδήλωσε

2141 1015 2269 1080 τοὺς
2301 1014 2600 1077 τοιούτους.
2655 1014 2767 1068 Kal
2818 1011 3049 1066 καθόλου
3096 1011 3468 1083 παρήγγειλε,
3519 1010 3610 1064 τὸν
3645 1010 3720 1081 μὴ

2142 1106 2487 1162 ὑπακούοντα
2523 1107 2636 1170 τοῖς
2659 1104 2840 1173 λόγοις
2868 1103 3056 1169 αὑτοῦ,
3081 1102 3268 1158 τοῦτον
3294 1103 3721 1171 ἀποσυνάγωγον

2141 1200 2412 1270 γίνεσθαι.
2452 1200 2561 1253 Καὶ
2614 1198 2807 1253 λοιπὸν
2856 1197 3228 1268 ἐπευξάμενος
3259 1198 3442 1260 αὑτοῖς
3471 1199 3719 1268 εἰρήνην,

2140 1290 2339 1344 τελειοῖ
2368 1288 2467 1361 τὴν
2508 1285 2848 1358 Ἐπιστολὴν,
2881 1285 2972 1340 τὸν
2997 1284 3392 1373 άσπασμδνῇτῇ
3442 1283 3547 1354 ἰδίᾳ
3577 1282 3725 1353 χειρὶ

2143 1379 2384 1449 γράψας,
2424 1379 2562 1451 ὅπερ
2601 1381 2828 1451 σημεῖον
2876 1375 3014 1432 εἶναι
3047 1379 3232 1447 πάσης
3265 1375 3594 1443 Ἐπιστολῆς
3636 1375 3724 1427 δε-

2141 1472 2402 1543 δήλωκεν.

2692 1560 3170 1617 ΘΕΟΔΩΡΗΤΟΥ.

2216 1674 2441 1747 Ἐπειδὴ
2491 1675 2551 1728 ἐν
2578 1676 2645 1747 τῇ
2680 1672 2872 1746 πρώτῃ
2907 1673 3164 1744 ἐπιστολῇ
3199 1671 3437 1744 ἔγραψεν
3471 1671 3545 1735 ὡς
3584 1672 3724 1725 πάν-

2143 1787 2253 1835 τως
2284 1767 2460 1824 ἀπιὼν
2482 1768 2621 1840 πρὸς
2648 1766 2870 1830 αὑτοὺς,
2907 1767 3002 1820 καὶ
3028 1763 3378 1836 ἀναπληροῦν
3408 1763 3620 1832 μέλλων
3652 1763 3724 1816 τά

2148 1864 2505 1932 ὑστερήματα
2530 1857 2733 1925 αὐτῶν,
2770 1859 2864 1912 καὶ
2893 1855 3065 1913 πολλά
3091 1874 3213 1911 τινα
3258 1856 3480 1926 ἀγάπης
3517 1872 3729 1927 σημανο

2147 1951 2297 2017 τικά,
2329 1950 2430 2003 οὑκ
2460 1946 2671 2020 ἀπῆλθε
2702 1948 2779 2014 δὲ,
2834 1946 3043 2019 ταύτην
3076 1947 3397 2018 προστίθησι
3428 1948 3528 2017 τὴν
3575 1946 3729 2000 Ἔπι-

2150 2041 2340 2115 στολὴν
2356 2044 2475 2095 ἀντὶ
2502 2044 2600 2113 τῆς
2625 2040 2924 2112 παρουσίας
2956 2039 3146 2094 αὑτοῦ.
3166 2039 3290 2093 Ὀτι
3324 2039 3381 2093 δὲ
3409 2038 3486 2109 μὴ
3519 2038 3727 2110 ἀπῆλθε

2148 2133 2286 2204 πρὸς
2315 2132 2537 2200 αὐτοὺς,
2566 2130 2718 2185 ἐνθεν
2749 2131 3097 2201 στοχαστέον.
3133 2130 3223 2183 Ἐν
3274 2131 3340 2201 τῇ
3387 2128 3579 2202 πρώτῃ
3601 2132 3728 2200 περὶ

2148 2224 2259 2276 τῶν
2291 2223 2501 2294 χρόνων
2525 2224 2625 2294 τῆς
2648 2220 2744 2277 τοῦ
2775 2221 2982 2293 Κυρίου
3017 2220 3321 2294 παρουσίας
3358 2220 3729 2292 ὑπερθέμενος

2150 2319 2361 2391 γράψαι
2385 2318 2462 2383 ὡς
2485 2319 2548 2373 οὑ
2578 2317 2838 2389 χρειῶδες
2866 2318 3076 2383 αὐτοῖς,
3108 2318 3203 2371 νῦν
3226 2317 3447 2389 γράφει,
3472 2318 3533 2371 οὐ
3557 2316 3729 2370 ποιῶν

2150 2411 2335 2477 τοῦτο,
2364 2410 2480 2479 εἴγε
2515 2410 2680 2475 αὑτὸς
2710 2408 3066 2482 ἀπεληλύθει.
3101 2410 3309 2480 Γράφει
3340 2409 3397 2463 δὲ
3433 2409 3567 2481 περὶ
3617 2409 3730 2462 τῶν

2152 2503 2362 2574 χρόνων
2386 2502 2475 2557 διὰ
2505 2501 2711 2571 ταύτην
2742 2500 2839 2572 τὴν
2872 2502 3074 2557 αἰτίαν.
3109 2500 3405 2573 λυμεῶνές
3436 2509 3582 2565 τινες
3609 2501 3731 2554 ἕλε-

2155 2611 2250 2659 γον
2281 2594 2535 2663 παρεῖναι
2563 2592 2748 2646 λοιπὸν
2792 2591 2890 2663 τὴν
2927 2592 3231 2665 παρουσίαν
3259 2592 3353 2646 τοῦ
3382 2593 3608 2663 Κυρίου.
3668 2591 3735 2646 El

2157 2687 2214 2740 δὲ
2266 2684 2426 2739 τοῦτο
2456 2681 2525 2759 ἦν
2558 2684 2780 2757 ἀληθὲς,
2829 2688 2858 2740 ὁ
2888 2685 3124 2756 Χριστὸς
3154 2685 3395 2756 ψευστὴς
3423 2684 3731 2757 εὑρίσκετο.

2159 2778 2332 2841 Αὐτὸς
2368 2778 2477 2848 γὰρ
2520 2777 2578 2831 ἑν
2607 2779 2720 2841 τοῖς
2752 2777 3105 2847 Εὑαγγελίοις
3134 2782 3360 2849 σημεῖον
3398 2779 3495 2849 τῆς
3527 2795 3741 2849 παρου-

2164 2870 2284 2932 σίας
2317 2869 2480 2923 αὑτοῦ
2509 2869 2761 2936 δέδωκεν,
2781 2869 2940 2925 ἅτινα
2958 2871 3058 2924 οὑκ
3078 2866 3146 2942 ἦν
3174 2871 3434 2926 ἐκϐάντα.
3460 2870 3737 2939 Ἀναγκάο

2164 2961 2316 3028 {erat
2338 2961 2432 3017 οὑν
2454 2961 2551 3016 καὶ
2582 2961 2744 3024 αὑτὸς
2770 2961 3045 3015 διαλαϐεῖν
3075 2962 3199 3031 περὶ
3234 2963 3342 3017 τῶν
3373 2964 3477 3036 πῴ
3507 2964 3606 3033 τῆς
3629 2980 3738 3017 πα-

2168 3053 2387 3125 ρουσίας
2422 3054 2685 3125 σημείων,
2735 3053 2831 3106 καὶ⁵
2883 3054 2984 3123 τῆς
3041 3055 3134 3108 τοῦ
3169 3054 3540 3127 Ἀντιχρίστου
3579 3052 3737 3107 ὲλεὺο

479 3127 740 3213 adventu,
792 3161 888 3218 per
937 3143 1124 3203 omnia
1178 3139 1468 3199 declarans
1519 3150 1644 3192 vera
1696 3149 1820 3191 esse
1850 3131 2047 3189 Domiti

2166 3161 2329 3211 σεως,
2361 3146 2454 3201 διὰ
2496 3146 2714 3202 πάντων
2747 3145 2966 3218 ἀληθείς
3002 3154 3101 3212 τὰς
3131 3147 3224 3203 τοῦ
3255 3148 3463 3222 Κυρίου
3493 3149 3740 3220 προῤῥή-

437 3271 443 3277 ε
481 3243 762 3299 vaticinia.

483 3349 977 3407 POSTERIORIS
1068 3349 1167 3404 AD
1281 3345 2058 3407 THESSALONICENSES

880 3419 1279 3478 EPISTULA'
1314 3421 1401 3476 CA
1413 3420 1487 3476 Pl
1497 3420 1607 3479 TA.

487 3533 536 3589 1.
640 3535 800 3607 186
815 3533 1125 3589 Gratiarum
1145 3534 1287 3589 actio
1304 3533 1369 3589 de
1383 3534 1489 3606 ﬁde
1513 3533 2057 3590 Thessalonicensium

589 3640 637 3681 et
661 3628 926 3682 charitate
968 3643 1031 3681 ac
1070 3628 1335 3697 patientia
1365 3627 1435 3680 ad
1469 3628 1687 3682 illorum
1717 3628 1964 3681 honorem
2008 3634 2058 3680 et

590 3718 937 3789 afﬂigentium
957 3718 1235 3773 ultionem:
1254 3728 1304 3772 et
1323 3719 1557 3788 precatio
1573 3733 1669 3787 pro
1691 3720 1923 3790 ipsorum
1938 3732 2059 3787 per-

591 3815 810 3884 fectione
829 3814 1062 3885 gloriosa
1089 3817 1159 3869 ad
1191 3813 1393 3870 Christi
1416 3815 1669 3885 gloriam,

445 4001 449 4004 ’
486 3991 540 4043 2.
655 3988 731 4043 De
775 3990 879 4057 ﬁne
928 3990 1018 4060 qui
1048 3990 1147 4044 erit
1177 3998 1297 4060 post
1323 3989 1714 4044 Autichristum
1746 3988 2058 4072 mittendum

589 4079 657 4133 ad
677 4078 988 4133 Judworum
1020 4081 1447 4150 redargutionem
1469 4083 1558 4152 qui
1579 4080 1794 4136 Christo
1820 4098 1926 4136 non
1947 4097 2061 4136 cre-

589 4172 855 4225 dii/erunt.

491 4261 544 4314 5.
660 4259 970 4315 Gratiarum
997 4262 1137 4316 actio
1163 4261 1229 4317 de
1256 4264 1549 4318 vocatione.

484 4356 536 4407 li.
648 4351 714 4406 Ut
739 4368 834 4422 pro
868 4353 983 4422 ipso
1010 4364 1291 4422 precentur
1311 4364 1362 4408 et
1382 4371 1477 4426 pro
1506 4371 1660 4426 opere
1688 4354 1988 4428 Evangelii.

487 4538 541 4592 5.
647 4534 966 4591 Exhortatio
995 4537 1064 4591 ad
1091 4536 1323 4593 laborem
1348 4545 1400 4593 et
1440 4537 1811 4595 deuitationem
1859 4539 2062 4595 otioso-

591 4645 711 4682 rum
731 4645 795 4683 ac
815 4629 1022 4683 curiose
1041 4629 1359 4700 degentium.

487 4719 540 4778 6.
655 4722 896 4779 Precatio
914 4739 1010 4792 pro
1024 4738 1173 4793 pare,
1195 4740 1314 4794 aure
1344 4732 1421 4780 est
1444 4741 1476 4778 a
1498 4723 1624 4781 Deo.

2159 3251 2272 3299 σεις
2306 3235 2488 3289 ποιῶν,

2263 3350 2616 3405 ΚΕΦΛΛΑΙΑ
2661 3354 2799 3407 ΤΗΣ
2824 3354 3020 3406 ΠΡΟΣ
3043 3354 3633 3408 ΘΕΣΣΑΛΟΝΙΚΕΙΣ
3679 3358 3692 3368 ⁸

2520 3422 2612 3475 ΔΕ
2620 3425 2747 3476 ΥΤΕ
2752 3425 2898 3477 ΡΑΣ
2935 3425 3371 3479 ΕΠΙΣΤΟΑΗΣ.

2158 3541 2231 3590 α’.
2278 3535 2644 3604 Ευχαριστία
2694 3536 2849 3605 ὑπὲρ
2903 3535 3016 3604 τῆς
3071 3537 3193 3590 τῶν
3243 3535 3745 3591 Θεσσαλονικέων

2228 3626 2488 3694 πίστεως
2524 3627 2623 3683 καί
2662 3628 2905 3699 ἀγάπης
2948 3628 3047 3683 καί
3098 3629 3414 3698 ὑπομονῆς
3452 3630 3551 3683 ἐπὶ
3597 3630 3744 3700 τιμᾶ

2230 3717 2451 3786 αὐτῶν,
2499 3721 2597 3775 καί
2629 3720 2879 3776 κολάσει
2910 3720 3029 3774 τῶν
3068 3722 3417 3778 θλιϐόντων
3455 3721 3551 3777 καί
3583 3723 3742 3790 εὐχὴ

2229 3809 2383 3879 ὑπὲρ
2438 3812 2795 3880 τελειώσεως
2845 3811 3047 3867 αὐτῶν
3093 3814 3351 3880 ἐνδόξου
3418 3816 3518 3869 ἐπὶ
3585 3813 3744 3885 δόξῃ

2232 3904 2513 3971 Χριστοῦ.

2155 3993 2236 4060 ῥ’.
2281 3995 2420 4064 Περὶ
2448 3993 2685 4061 τέλους,
2717 3994 2807 4050 ὅτι
2828 3995 2983 4066 μετὰ
3021 3996 3428 4067 Ἅντίχριστον
3456 3997 3565 4052 τὸν
3589 4014 3746 4066 πεμ-

2233 4093 2499 4160 πόμενον
2530 4090 2639 4146 ἐπὶ
2670 4090 2901 4162 ἐλέγχῳ
2937 4091 3243 4148 Ἰουδαίων
3267 4090 3746 4160 ἀπιστησάντων

2232 4179 2487 4250 Χριστῷ.

2164 4272 2234 4344 γ’.
2274 4273 2646 4342 Εὐχαριστία
2676 4273 2808 4343 περὶ
2837 4273 2949 4344 τῆς
2977 4274 3277 4343 κλήσεως.

2163 4362 2236 4418 δ’.
2315 4362 2705 4433 Ποράκλησις
2764 4363 2955 4435 εὐχῆς
3013 4366 3169 4436 ὑπὲρ
3217 4366 3411 4422 αὐτοῦ
3462 4365 3562 4420 καὶ
3631 4365 3746 4421 τοῦ

2237 4453 2435 4522 ἔργου.

2160 4550 2224 4597 ε’.
2264 4545 2578 4614 ιΙροτροπὴ
2607 4546 2892 4618 ἐργασίας
2914 4548 3012 4604 καί
3046 4548 3466 4619 παραιτήσεως
3491 4546 3611 4604 τῶν
3629 4549 3744 4618 ἀρά

2234 4634 2361 4706 rei».
2385 4636 2482 4691 καί
2509 4638 2853 4708 περιέργων.

2164 4725 2238 4792 ς’.
2274 4727 2441 4799 Εἰνχὴ
2473 4730 2605 4799 περὶ
2630 4729 2875 4801 είρήνης
2894 4731 3004 4802 τῆς
3031 4735 3191 4805 παρὰ
3217 4735 3388 4791 Θεοῦ.
