4036 6640
427 353 534 420 ἆυ

1496 357 1891 420 (ECUMENII
1925 354 2214 417 TRICCJﬂ
2248 354 2590 416 EPISCOPI

3594 346 3697 412 112

454 477 610 531 heret
635 473 896 531 Charitas.
946 491 965 526 ι
1002 470 1191 541 itaque
1221 470 1287 526 ad
1329 471 1585 529 ferendas
1646 486 1865 543 quoque
1896 472 2031 526 allii-

2142 472 2312 536 οὐδεὶς
2344 473 2405 526 τὸ
2434 472 2600 526 πλέον
2650 473 2744 526 καὶ
2794 472 3015 526 ἔλαττον
3061 465 3206 541 εἶχεν
3251 471 3310 523 ὲν
3363 468 3521 539 αὐτῇ.
3574 485 3593 517 ι
3625 469 3714 521 Ἐν

444 569 656 623 ctiones
678 565 914 637 primum
940 566 1199 618 COlldlICll
1226 572 1419 617 mutuo
1450 564 1674 633 diligere
1715 579 1777 618 ac
1797 563 2031 632 conjun-

447 667 569 713 νιος
604 674 751 713 esse.
779 656 920 711 Nam
979 671 1077 726 pcr
1110 654 1226 709 haec
1258 654 1586 725 signiﬁcavit
1614 654 1760 724 quod
1781 654 2027 709 omnium

447 755 635 800 nzutua
688 746 932 801 Charitas
987 745 1214 814 aequalis
1270 754 1439 809 esset,
1490 761 1593 799 nec
1645 746 1792 799 ullus
1854 745 1908 797 in
1962 758 2025 798 ca

443 836 570 906 plus
595 846 691 889 aut
722 835 905 889 minus
938 835 1187 888 haberet.
1227 852 1245 885 ι
1282 832 1356 886 De
1397 834 1555 887 vobis
1609 835 1914 904 gloriemur
1972 833 2024 886 in

440 928 711 983 Ecclesiis
764 926 882 982 Dei.
934 946 953 979 ι
1021 926 1076 980 ln
1138 927 1322 996 priore
1378 928 1622 995 iipistola
1694 927 1875 981 dixit:
1908 925 2026 980 Non

446 1035 674 1074 necesse
705 1028 790 1075 est
821 1029 880 1073 ut
909 1018 1169 1072 Ecclesia:
1202 1032 1230 1069 a
1269 1018 1432 1073 nobis
1472 1018 1692 1073 discant
1725 1033 1848 1087 quae
1886 1017 2026 1086 apud

445 1127 542 1166 vos
572 1112 726 1174 liunt,
788 1110 949 1180 189
984 1124 1105 1162 nam
1148 1108 1332 1164 sciunt
1382 1125 1445 1164 ea
1488 1126 1503 1163 :
1558 1110 1835 1180 quomodo
1897 1125 2028 1179 ergo

448 1222 597 1260 nunc
653 1204 761 1259 ait:
791 1206 1107 1259 Gloriamur
1155 1204 1222 1257 de
1272 1196 1466 1257 vobis?
1499 1203 1617 1257 Non
1648 1201 1809 1268 dixit,
1847 1201 2022 1257 Doce-

446 1313 597 1363 mus,
654 1297 749 1352 sed
806 1294 1143 1352 Glorintnur.
1212 1293 1500 1363 Contingi‘t
1553 1303 1738 1350 autem
1790 1295 2023 1365 gloriari

438 1393 611 1446 etiam
644 1390 788 1461 apud
819 1391 941 1445 illos
969 1390 1063 1460 qui
1105 1389 1309 1445 sciunt.
1351 1388 1408 1443 Si
1458 1404 1587 1459 ergo
1619 1391 1839 1460 egregia
1883 1388 2027 1443 iacta

445 1492 631 1538 vestra
666 1482 827 1537 nobis
886 1482 1051 1535 etiam
1113 1481 1386 1551 gloriandi
1423 1481 1710 1536 materiam
1753 1481 2027 1542 tribuunt.

443 1591 616 1647 quare
659 1590 757 1630 vos
804 1575 876 1629 oh
926 1574 1253 1629 alliictiones
1311 1590 1435 1644 qua:
1488 1574 1710 1645 egregia
1759 1582 2027 1644 praestant

445 1685 633 1740 opera,
689 1667 983 1722 movcmini
1025 1683 1090 1721 ac
1127 1666 1372 1737 lugetis?
1422 1685 1440 1717 ι
1482 1668 1558 1721 De
1598 1666 1891 1722 tolerantia
1934 1680 2029 1719 vc-

448 1770 582 1817 stra.
614 1780 633 1813 ι
666 1759 917 1815 Ostendit
943 1758 1088 1829 quod
1121 1761 1283 1812 etiam
1313 1760 1472 1829 longo
1496 1768 1739 1829 tempore
1779 1758 2027 1813 aliiictio-

2140 566 2272 635 ὑμῖν
2302 565 2609 636 καυχᾶσθαι
2640 567 2697 619 ἐν
2715 567 2838 629 ταῖς
2869 563 3223 632 Ἐκκλησίαις
3249 559 3343 614 τοῦ
3371 560 3529 614 Θεοῦ.
3573 579 3592 612 ι
3627 560 3716 612 Ἐν

2135 660 2201 727 τῇ
2247 657 2441 728 πρώτῃ
2494 651 2670 719 εἶπεν,
2719 656 2806 708 δτι
2862 655 2920 709 αἱ
2983 651 3303 724 Ἐκκλησίαι
3346 651 3407 704 ού
3452 651 3716 722 χρῄζουσι

2134 751 2263 820 παρ’
2296 751 2453 820 ήμῶν
2488 750 2779 821 μανθάνειν
2835 750 2904 802 τὰ
2976 746 3105 818 περὶ⁸
3140 746 3296 816 ὑμῶν
3321 759 3335 776 '
3388 743 3536 798 ῖσασι
3581 743 3712 811 γάρ.

2134 842 2260 905 Πῶς
2294 842 2386 897 οῦν
2418 837 2519 896 ὦδε
2555 844 2701 909 λέγει
2733 843 2818 897 ὅτι
2848 839 3200 911 Καυχώμεθα
3258 836 3344 909 ἐφ’
3375 838 3544 906 ὑμῖν;
3599 836 3714 889 Ούκ

2130 931 2275 1002 εἷπε,
2327 936 2681 1006 Διδάσκομεν,
2730 934 2867 988 ἀλλὰ
2924 930 3291 1001 Καυχώμεθα.
3337 931 3458 984 Ἐνι
3513 927 3571 982 δὲ
3618 929 3715 981 καὶ

2133 1029 2281 1097 παρὰ
2312 1030 2421 1091 τοῖς
2451 1028 2618 1081 εἰδόσι
2648 1025 2978 1095 καυχᾶσθαι.
3007 1025 3069 1077 El
3091 1022 3207 1086 οῦν,
3240 1023 3396 1093 φησι,
3453 1021 3523 1074 τά
3578 1017 3715 1088 παρ’

2133 1120 2289 1189 ὑμῶν
2317 1120 2731 1189 κατορθούμενα
2773 1119 2867 1171 καὶ
2901 1119 3031 1188 ἡμῖν
3091 1116 3324 1186 παρέχει
3387 1113 3717 1184 καυχήσεως

2131 1212 2409 1282 ἀφορμὰς,
2441 1211 2531 1266 διὰ
2554 1211 2606 1264 τί
2638 1212 2796 1280 ὑμεῖς
2828 1211 2920 1262 ἐπὶ
2952 1212 3066 1271 τοῖς
3129 1207 3550 1279 προξενητικοῖς
3606 1204 3718 1257 τῶν

2131 1304 2575 1373 κατορθωμάτων
2602 1304 2933 1372 πειρασμοῖς
2968 1299 3159 1353 ἁλύετε
3193 1300 3287 1352 καὶ
3336 1298 3663 1367 ἁδημονεῖτε
3698 1311 3715 1359 ;

2136 1415 2155 1447 ι
2192 1395 2364 1465 ’Υπὲρ
2395 1396 2491 1464 τῆς
2523 1394 2804 1463 ὑπομονῆς
2860 1393 3036 1463 ὑμῶν.
3078 1411 3096 1443 ι
3153 1392 3433 1445 Δείκνυσιν
3479 1391 3562 1443 ὅτι
3623 1391 3717 1441 καὶ

2132 1488 2302 1542 πολὺν
2324 1484 2468 1558 εἶχον
2502 1489 2558 1540 ἐν
2582 1490 2693 1549 τοῖς
2728 1488 3057 1556 πειρασμοῖς
3125 1485 3336 1555 χρόνον.
3390 1481 3559 1534 Τοῦτο
3606 1481 3719 1551 γὰρ

2130 1583 2163 1650 ἡ
2193 1578 2468 1648 ὑπομονὴ
2500 1578 2670 1648 δηλοῖ.
2712 1597 2731 1629 ι
2769 1579 2856 1631 Ἑν
2887 1580 3023 1631 πᾶσι
3056 1579 3171 1640 τοῖς
3197 1577 3456 1646 διωγμοῖς
3485 1575 3663 1645 ὑμῶν.
3690 1593 3711 1625 ι

2142 1673 2420 1743 ’Υπομονὴ
2465 1673 2563 1743 μὲν
2598 1670 2711 1734 οῦν,
2748 1673 2843 1725 καὶ
2881 1672 2941 1724 τὸ
2975 1670 3269 1740 ἀνέχεσθαι
3318 1669 3419 1737 τῆς
3483 1667 3721 1737 ὑπερθέο

2130 1784 2274 1830 σεως
2294 1766 2405 1818 τῶν
2433 1766 2779 1830 ἀντιδόσεων,
2814 1764 3015 1834 μείζων
3032 1765 3087 1816 δὲ
3113 1765 3206 1816 καὶ
3227 1763 3653 1833 (θαυμασιώτερα
3682 1763 3715 1831 ἡ

447 1869 547 1907 nes
606 1853 990 1908 sustinuerint.
1032 1847 1167 1902 Nam
1223 1850 1328 1905 hoc
1376 1850 1648 1920 signiﬁcat
1686 1851 1855 1905 dictio
1894 1847 2022 1903 ὑτξοο

2142 1858 2196 1908 ὲν
2227 1824 2555 1926 πειρασμοῖς
2584 1860 2677 1908 καὶ
2710 1824 2975 1923 υὶιίιζίεσι-ν.
3009 1873 3028 1906 ι
3068 1824 3365 1924 Ἕνδειγμα
3386 1854 3483 1923 τῆς
3507 1824 3720 1906 δικαιο-ἰ

451 1949 612 2018 μονὴ,
650 1946 701 2000 ιιι
734 1955 840 2009 cst,
866 1943 1180 1999 tolerantia.
1230 1961 1247 1993 ι
1280 1942 1458 2011 Super
1484 1944 1745 1997 omnibus
1772 1957 2030 2012 persecu-

450 2042 698 2096 tionibus
748 2039 969 2094 vestris.
1014 2056 1033 2089 ι
1070 2035 1388 2092 Tolerantia
1451 2051 1688 2106 namque
1731 2038 1897 2091 etiam
1946 2044 2031 2091 est

448 2134 727 2190 suSIincre
784 2131 1110 2185 dilationem
1156 2128 1531 2199 praemiorum,
1596 2123 1717 2183 scd'
1752 2127 1930 2196 major
1978 2135 2031 2182 ct

450 2224 837 2280 admirabilior
866 2230 949 2276 est
986 2223 1038 2276 in
1070 2219 1312 2275 ferendis
1339 2219 1753 2276 aillictiouibus.
1791 2239 1810 2272 ι
1852 2219 2028 2275 Docu-

448 2326 694 2374 mentum
724 2316 861 2387 justi
889 2313 1111 2385 judicii.
1158 2332 1177 2365 ι
1217 2312 1618 2368 Documentum
1652 2314 1787 2368 dicit
1815 2315 2026 2369 exhibi-

446 2414 653 2467 tionent
708 2419 764 2465 et
802 2417 1225 2479 argumentum:
1258 2406 1374 2461 haec
1418 2406 1565 2461 enim
1621 2407 1907 2462 sustinetis
1959 2409 2025 2460 ad

447 2497 944 2556 ili-monstrandum
976 2496 1187 2565 justum
1222 2493 1316 2548 Dei
1347 2494 1641 2562 judicium,
1680 2505 1733 2550 et
1788 2507 1842 2550 ιιι
1873 2496 2024 2565 digni

453 2591 768 2649 habeamini
793 2604 961 2660 regno
998 2586 1309 2642 canorum:
1347 2600 1412 2640 ac
1439 2586 1485 2641 si
1513 2585 1760 2642 diceret:
1799 2586 2027 2659 PrOpte-
2092 2591 2095 2595 ’

449 2705 545 2743 rea
591 2686 860 2754 permittit
887 2699 986 2738 vos
1034 2679 1185 2736 Deus
1235 2695 1358 2735 esse
1411 2680 1467 2734 in
1517 2679 1930 2748 alilictionibus,
1971 2692 2030 2738 ut

447 2796 577 2835 cum
609 2775 929 2832 retribuet-it
956 2773 1110 2828 vobis
1133 2770 1362 2839 regnum
1422 2772 1714 2835 calorum,
1748 2773 2025 2840 ostendat,

258 2884 267 2893 ‘
335 2895 347 2908 ’
448 2883 505 2931 et
536 2872 682 2926 velut
714 2876 1098 2939 argumentum
1129 2874 1183 2920 et
1209 2865 1740 2921 demonstrationem
1764 2882 1829 2921 ac
1858 2883 2027 2940 espe-

448 2965 746 3023 rimcntum
779 2961 1036 3017 exhibeat
1067 2958 1151 3013 sui
1182 2956 1320 3027 justi
1362 2957 1583 3028 judicii.
1633 2959 2027 3019 Animadverte

2138 1945 2355 2012 κρισίας
2379 1943 2473 1997 τοῦ
2502 1943 2659 1997 Θεοῦ.
2698 1961 2718 1995 ι
2757 1942 3056 2011 Ἔνδειγμά
3082 1938 3235 2011 φησι,
3288 1940 3385 2011 τὴν
3441 1939 3720 2002 ἀπόδ;ιξιν

2140 2040 2234 2092 καὶ
2258 2026 2373 2091 ’τὸν
2412 2037 2654 2107 ἔλεγχον.
2713 2035 2899 2088 Ταῦτα
2960 2036 3070 2104 γὰρ
3127 2034 3423 2103 ὑπομένετε
3488 2033 3621 2103 πρὲις
3659 2032 3720 2084 τὸ

2141 2129 2532 2200 ἀποδειχθῆναι
2557 2130 2656 2199 τὴν
2678 2128 3080 2197 δικαιοκρισίαν
3108 2126 3204 2180 τοῦ
3261 2128 3419 2189 θεοῦ,
3457 2125 3553 2179 καὶ
3583 2125 3720 2192 πρὶς

2133 2224 2198 2277 τὸ
2275 2223 2681 2292 καταξιωθῆναι
2759 2223 2858 2292 τῆς
2931 2222 3210 2292 βασιλείας
3273 2220 3382 2272 τῶν
3449 2219 3720 2288 οὐρανῶν,

2136 2318 2267 2370 ὡσεὶ
2290 2318 2470 2384 ἔλεγε.
2505 2316 2604 2369 Διά
2647 2315 2806 2369 τοῦτο
2853 2318 3130 2386 συγχωρεῖ
3175 2318 3232 2367 ἐν
3287 2316 3407 2377 ταῖς
3476 2311 3722 2381 ὑλὶψεσιν

2136 2410 2281 2477 ὑμᾶς
2312 2407 2451 2464 εἶναι
2485 2410 2513 2462 ὁ
2543 2408 2700 2472 Θεὸς,
2758 2408 2844 2461 ῖνα
2897 2409 3023 2461 ὅταν
3078 2406 3401 2460 ἀποδίδωσιν
3449 2406 3580 2475 ὑμῖν
3623 2404 3723 2473 τὴν

2138 2503 2416 2575 βασιλείαν
2447 2503 2557 2556 τῶν
2589 2500 2853 2570 οὐρανῶν,
2886 2502 3206 2571 ἐνδείξηται,
3232 2503 3323 2553 καὶ
3352 2492 3464 2552 οἷον
3484 2498 3720 2550 ἀποπει-

2137 2615 2236 2671 ραν
2263 2599 2359 2651 καὶ
2391 2596 2666 2660 ἀπόδειξιν
2698 2596 2789 2649 καὶ
2806 2595 3026 2662 ἔλεγχον
3058 2595 3133 2664 δῷ
3156 2595 3253 2662 τῆς
3285 2592 3493 2653 οἰκείας
3519 2584 3726 2643 δικαιο-

2136 2690 2532 2762 κρισίας.’ορα
2553 2672 2941 2757 δὲδτιτδίύπὲρ
2982 2686 3219 2757 Χριστοῦ
3260 2687 3513 2754 πάσχειν,
3576 2681 3722 2734 κατά

2136 2784 2540 2855 δικαιοκρισίαν
2593 2782 2825 2853 παρέχει
2856 2782 2954 2851 τὴν
2992 2779 3269 2851 βασιλείαν
3302 2777 3410 2830 τῶν
3453 2774 3723 2846 οὐρανῶν,

2138 2877 2234 2930 καὶ
2257 2876 2317 2931 οὑ
2341 2876 2485 2931 κατὰ
2513 2876 2696 2946 χάριν.
2724 2874 2865 2928 Πολὺ
2898 2873 2953 2926 δὲ
2975 2872 3156 2925 αὑτῶν
3184 2871 3248 2925 ἐκ
3270 2870 3460 2923 τούτου
3484 2872 3563 2930 εἰς
3585 2865 3723 2937 ὕψος

2137 2969 2309 3039 ἐπῆρε
2337 2969 2405 3022 τὰ
2431 2967 2780 3038 φρονήματα,
2832 2967 2928 3019 καὶ
2974 2966 3161 3017 ἔπεισε
3209 2962 3577 3033 καταφρονεῖν
3609 2959 3721 3011 τῶν

448 3064 629 3112 autem
665 3055 810 3125 quod
847 3068 945 3123 pro
976 3052 1201 3107 Christo
1229 3050 1363 3122 pati,
1398 3067 1464 3105 ex
1492 3051 1648 3121 justo
1683 3051 1899 3122 judicio
1925 3057 2026 3110 tri-

2142 3060 2388 3130 θλίψεων.
2413 3077 2432 3111 ι
2454 3059 2625 3128 ’Υπὲρ
2640 3046 2828 3131 ἦςοιαῖ
2847 3058 3103 3128 πάσχετε.
3130 3075 3148 3108 ι
3174 3049 3279 3118 Ἦς
3300 3054 3508 3119 ἕνεκεν,
3530 3051 3720 3121 φησίν.

448 3153 582 3207 boat
609 3163 838 3220 regnum
870 3147 1142 3202 caelorum
1173 3154 1231 3201 et
1285 3160 1393 3201 non
1426 3160 1491 3200 ex
1518 3147 1717 3214 gratia.
1785 3147 2089 3209 Plurimum
2160 3167 2338 3210 autem
2385 3168 2452 3210 ex
2486 3154 2589 3209 hoc
2622 3168 2810 3208 eorum
2866 3162 3075 3206 mentes
3119 3151 3174 3202 in
3221 3148 3458 3204 sublime
3516 3145 3721 3201 evexitv

450 3245 736 3313 suasitque
769 3251 827 3295 ut
873 3239 1202 3295 amictiones
1273 3246 1718 3295 contemnerent.
1758 3259 1777 3293 ι
1824 3241 1930 3300 Pro
1994 3263 2106 3319 quo
2144 3246 2419 3320 patimini.
2456 3265 2475 3300 ι
2510 3246 2700 3318 Cujus,
2736 3245 3089 3318 inquit,justi
3112 3243 3306 3315 judicii
3340 3241 3541 3313 gratia.

522 3472 567 3537 l.
601 3472 755 3530 6-10.
801 3470 1075 3542 Siquidem
1106 3470 1307 3541 justum
1358 3478 1433 3525 est
1464 3471 1606 3541 apud
1637 3472 1809 3528 Deum
1852 3476 2033 3533 γειιόε·

388 3558 397 3563 ’
454 3587 507 3625 τε
531 3569 613 3621 his
648 3567 740 3637 qui
794 3581 884 3620 vos
941 3564 1181 3636 aﬂligunt
1239 3563 1591 3633 aﬂlictionem,
1660 3576 1711 3619 et
1776 3568 1920 3622 vobis
1942 3570 2034 3639 qui

454 3660 751 3734 oﬂligimini
780 3657 1164 3712 relaxationem
1192 3656 1486 3721 nobiscum,
1541 3673 1661 3712 cum
1714 3661 2038 3715 revelabitur

454 3751 716 3803 Dominus
746 3747 898 3802 Jeaus
927 3746 990 3800 de
1015 3746 1144 3800 caelo
1192 3762 1311 3798 cum
1363 3746 1566 3817 angelis
1610 3752 1859 3818 potentia:
1903 3770 2036 3819 sure,

379 3837 382 3840 ’
453 3857 547 3908 prr
577 3842 750 3909 ignem
780 3839 1012 3907 ﬂamma:
1044 3838 1133 3907 qui
1167 3837 1366 3908 infligit
1413 3837 1679 3894 ultionem
1714 3841 1781 3895 iis
1809 3843 1899 3913 qui
1935 3861 2040 3898 non

461 3942 718 3988 nurerum
747 3932 934 3994 Deum,
964 3940 1013 3985 et
1040 3931 1131 4001 qui
1155 3947 1258 3984 non
1292 3930 1543 3985 obediunt
1597 3930 1884 4003 Erangelio
1932 3934 2042 3988 Do-

456 4028 587 4081 mini
612 4027 787 4079 nostri
812 4021 942 4077 Jesu
972 4022 1170 4078 Christi
1200 4038 1219 4076 :
1250 4023 1342 4092 qui
1385 4038 1592 4093 pwnam
1653 4023 1821 4090 luent,
1854 4028 2043 4081 interi-

459 4129 570 4170 tum
605 4124 860 4170 wternum
891 4129 923 4165 a
949 4112 1086 4181 [acie
1112 4111 1333 4166 Domini
1361 4122 1407 4165 et
1438 4129 1471 4165 a
1503 4111 1677 4183 gloria
1707 4113 2040 4182 fortitudinis

468 4209 641 4270 illius,
678 4222 794 4259 cum
825 4205 1017 4259 venerit
1056 4212 1110 4257 ut
1139 4202 1469 4273 gloriﬁcetur
1505 4206 1559 4255 in
1581 4206 1780 4259 sanctis
1818 4206 1952 4273 suis,
1990 4214 2041 4260 et

461 4299 810 4357 admirandus
845 4298 942 4367 ﬁat
974 4298 1030 4351 in
1066 4296 1309 4350 omnibus
1333 4294 1684 4351 credentibus.

532 4485 820 4560 Siquidem
862 4484 1082 4563 justum
1112 4491 1217 4539 est.
1248 4481 1381 4536 Nam
1419 4482 1579 4551 εἰπερ
1630 4481 2039 4552 intelligendum

461 4594 547 4639 est
572 4597 671 4655 pro
698 4579 934 4651 ἐπείπερ
961 4576 1048 4632 vel
1083 4575 1409 4645 ἐπειδήπερ,
1453 4573 1506 4635 id
1538 4580 1645 4641 est,
1694 4575 2045 4645 quandoqui-

462 4679 585 4731 dcm
629 4680 724 4727 aut
754 4672 1042 4742 quoniam,
1076 4683 1173 4738 per
1221 4665 1640 4721 allirmationem
1703 4674 1800 4719 aut
1852 4669 2047 4722 contir-

2218 3482 2404 3548 Εἴπερ
2444 3479 2662 3534 δίκαιοι
2705 3475 2866 3546 παρὰ
2922 3473 3046 3541 Θεῷ
3092 3472 3538 3529 ἀνταποδοῦναι
3598 3470 3727 3537 τοῖς

2144 3575 2463 3629 θλίϐουσιν
2486 3571 2644 3640 ὑμᾶς
2672 3570 2905 3637 θλίψιν,
2948 3569 3055 3622 παι
3109 3566 3254 3636 ὑμῖν
3276 3565 3400 3631 τοῖς
3453 3563 3727 3632 θλιϐομέ-

2145 3680 2275 3728 νοις
2313 3663 2527 3716 ἄνεσιν
2556 3661 2685 3729 μεθ’
2744 3657 2914 3728 ἡμῶν
2962 3658 3034 3711 ἐν
3066 3655 3141 3724 τῇ
3197 3655 3577 3721 ἀποκαλύψει
3619 3651 3728 3706 τοῦ

2146 3755 2370 3822 Κυρίου
2414 3752 2617 3820 Ἰησοῦ
2654 3752 2755 3806 ἀπ’
2789 3750 3075 3819 οὐρανοῦ,
3098 3748 3225 3819 μετ’
3250 3746 3521 3817 ἀγγέλων
3539 3745 3726 3799 δυνά-
3762 3758 3773 3769 ·

2138 3863 2297 3916 μεως
2320 3845 2528 3912 αὑτοῦ,
2561 3845 2630 3897 ἐν
2661 3844 2798 3910 πυρὶ
2833 3841 3059 3912 φλογὸς
3092 3840 3366 3904 διδόντος
3407 3838 3729 3904 ἐκδίκησιν

2150 3938 2273 4004 τοῖς
2296 3936 2382 4006 μὴ
2423 3937 2613 3991 εἰδόσι
2647 3936 2816 4001 Θεὸν,
2858 3934 2958 3988 καὶ
2984 3933 3108 3999 τοῖς
3135 3932 3222 4003 μὴ
3252 3931 3629 3987 ὑπακούουσι
3648 3927 3728 3993 τῷ

2144 4028 2488 4098 Εὑαγγελίῳ
2538 4025 2646 4080 τοῦ
2722 4025 2941 4094 Κυρίου
2986 4020 3158 4091 ἡμῶν
3214 4020 3436 4087 Ἰησοῦ.
3497 4018 3729 4082 οἵτινες

2149 4121 2330 4189 δίκην
2355 4122 2658 4185 τίσουσιν,
2699 4117 2949 4184 ὄλεθρον
2976 4114 3218 4169 αἰώνιον
3252 4113 3371 4187 duo
3399 4109 3727 4180 προσώπου

2150 4213 2256 4267 τοῦ
2283 4214 2525 4280 Κυρίου,
2555 4210 2652 4264 καὶ
2679 4209 2797 4263 ἀπὸ
2831 4207 2940 4275 τῆς
2972 4206 3159 4273 δόξης
3202 4204 3312 4273 τῆς
3362 4204 3574 4274 ἰσχύος
3621 4203 3731 4255 αὑ-

2150 4301 2279 4367 τοῦ,
2319 4300 2465 4354 ὅταν
2484 4301 2634 4368 ἔλθῃ
2661 4295 3109 4363 ἐνδοξασθῆναι
3134 4296 3203 4350 ἐν
3230 4294 3355 4360 τοῖς
3375 4294 3569 4362 ἁγίοις
3614 4293 3729 4346 at)-

2151 4392 2280 4455 τοῦ,
2308 4390 2406 4443 καὶ
2442 4386 2862 4458 θαυμασθῆναι
2886 4386 2956 4440 ἐν
2973 4383 3127 4441 πᾶσι
3146 4383 3271 4455 τοῖς
3291 4382 3726 4437 πιστεύσασιν.

2222 4481 2396 4553 Εἴπερ
2434 4480 2635 4534 δίκαιοι
2665 4479 2814 4549 παρά
2841 4477 2919 4549 τῷ
2948 4476 3086 4547 Θεῷ.
3124 4474 3216 4542 Τὸ,
3257 4475 3547 4542 Ἐπειπερ,
3570 4473 3731 4527 ἐπει-

2152 4573 2343 4643 δήπερ
2379 4573 2490 4626 νόει
2521 4570 2664 4625 κατὰ
2691 4571 2999 4639 ἀπόφανσιν
3040 4569 3135 4622 καὶ
3179 4567 3472 4638 βεϐαίωσιν
3497 4565 3732 4636 εἰρημέ-

2153 4683 2243 4720 νον
2275 4666 2315 4736 ἢη
2343 4666 2487 4719 κατά
2511 4680 2633 4718 τινα
2659 4662 2949 4733 ἐρώτησιν,
2983 4661 3117 4714 ὡσεὶ
3143 4656 3317 4713 εἶπενο
3350 4658 3409 4712 Εἰ
3434 4657 3542 4726 ἄρα
3568 4656 3731 4711 τοῦτο

462 4769 785 4823 motionem.
846 4764 955 4817 Aut
981 4762 1140 4832 juxta
1197 4757 1491 4830 quamdam
1530 4757 2035 4828 interrogationem,

2152 4755 2353 4809 δικαιοῖ
2384 4755 2412 4806 ὁ
2436 4753 2590 4819 Θεὸς,
2608 4798 2609 4801 η
2630 4752 2706 4814 ὡς
2735 4751 2954 4812 πάντως
2980 4749 3336 4810 δικαιοῦντος.
3389 4747 3560 4803 Τοῦτο
3616 4747 3731 4818 γὰρ

465 4874 726 4930 tauquam
771 4856 1045 4910 dixisset:
1080 4850 1137 4906 Si
1175 4858 1327 4906 certe
1383 4850 1595 4918 justum
1658 4850 1809 4905 ducit
1874 4848 2037 4918 Deus,

464 4952 611 5021 quod
665 4949 924 5004 videlicet
973 4948 1201 5002 omnino
1249 4947 1458 5016 justum
1512 4946 1699 5001 ducat.
1767 4947 1927 5019 190
1983 4948 2040 5004 ld

466 5045 610 5096 cnim
658 5040 846 5094 dicere
904 5038 1190 5092 solemus:
1247 5036 1303 5089 Si
1359 5035 1476 5090 odit
1511 5035 1652 5091 Deus
1705 5045 2043 5107 peccatores,

467 5132 627 5202 quasi
657 5129 1014 5183 manifestum
1045 5128 1118 5182 sit
1156 5125 1303 5197 quod
1339 5125 1541 5180 oderit.
1576 5145 1594 5177 ι
1636 5125 2044 5183 Relaxationem

470 5222 780 5279 nobiscum.
821 5238 840 5272 ι
874 5216 1314 5290 Quoniamdixit
1343 5234 1357 5271 :
1384 5216 1832 5272 Relaxationem:
1869 5233 1938 5272 ne
1966 5217 2048 5271 di-

471 5322 634 5370 cant:
661 5310 804 5376 Quid
836 5324 989 5381 ergo,
1019 5311 1192 5363 donec
1225 5309 1493 5362 malorum
1531 5307 1861 5364 solutionem
1897 5311 2046 5363 inve-

472 5406 710 5464 niamus,
743 5402 1140 5470 per-manebunt
1173 5413 1295 5467 quae
1334 5412 1436 5453 nos
1486 5398 1847 5452 circumstant
1880 5398 2043 5465 mala,

470 5491 761 5548 retributio
788 5500 964 5543 autem
986 5502 1335 5558 nequaquam
1362 5486 1386 5540 τ
1413 5487 1691 5557 adjungit:
1728 5488 2043 5555 Nobiscum,

474 5592 539 5639 ut
567 5581 748 5637 socios
784 5589 965 5637 sumat
999 5580 1152 5650 ipsos
1177 5589 1232 5635 et
1280 5580 1600 5634 certaminis
1627 5590 1678 5633 et
1711 5593 2042 5635 coronarum

476 5674 920 5744 apostolicarum.
959 5689 980 5724 ι
1015 5670 1152 5725 Cum
1178 5670 1513 5725 revelabitur
1557 5669 1841 5727 Dominus.
1886 5691 1905 5725 ι
1938 5668 2073 5727 lie?

476 5766 802 5823 vclationem
852 5764 983 5822 dicit
1016 5764 1331 5820 adventum.
1368 5760 1473 5817 Per
1521 5762 1623 5818 hoc
1660 5773 1841 5820 autem
1900 5767 2043 5834 quod

2150 4847 2335 4915 λέγειν
2382 4843 2657 4914 εἰώθαμεν
2687 4858 2701 4873 ·
2735 4842 2799 4894 Et
2828 4843 3023 4912 μισεῖὸ
3055 4840 3187 4904 Θεὸς
3243 4840 3370 4905 τοὺς
3428 4840 3730 4910 πονηρους,
3780 4845 3793 4857 ’

2148 4942 2222 5005 ὡς
2251 4941 2414 5011 δήλου
2480 4939 2631 4999 δντος
2662 4937 2744 4990 ὃτι
2778 4938 2947 5007 μισεῖ.
2994 4954 3012 4987 ι
3051 4937 3271 4988 Ἂνεσιν
3325 4932 3651 5004 .μεο’
3703 4950 3724 4983 ι

2162 5029 2384 5101 Ἐπειδὴ
2407 5025 2559 5082 εἶπεν
2591 5044 2605 5058 ·
2656 5028 2899 5091 Ἀνεσιν,
2957 5026 3046 5081 ἵνα
3106 5026 3182 5097 μὴ
3232 5026 3455 5091 λέγωσι,
3518 5024 3560 5076 Τ
3569 5024 3585 5076 ί
3634 5017 3731 5076 οὖν

2151 5125 2281 5196 ἄχρι
2305 5122 2400 5198 τοῦ
2437 5123 2592 5175 λύσιν
2621 5120 2807 5191 εὑρεῖν
2836 5118 2943 5172 τῶν
2987 5120 3209 5191 κακῶν,
3276 5118 3436 5189 σταίη
3488 5116 3563 5171 τὰ,
3604 5115 3729 5171 καθ’

2152 5220 2322 5289 ἡμᾶς,
2345 5216 2620 5278 ἀντίδοσις
2641 5213 2697 5266 δὲ
2726 5211 2966 5284 οὐδαμοῦ
2993 5231 3008 5280 ;
3035 5214 3233 5281 ἐπάγει
3284 5212 3347 5266 τὸ
3412 5213 3576 5282 μεθ’ή
3587 5211 3725 5281 μῶν,

2156 5312 2250 5367 ἵνα
2276 5307 2572 5370 κοινωνοὺς
2594 5306 2791 5373 αὐτοὺς
2811 5306 2953 5377 λάϐῃ
2970 5308 3064 5358 καὶ
3083 5308 3192 5360 τῶν
3226 5304 3455 5372 ἀγώνων
3484 5306 3577 5359 κα)⁸
3607 5322 3732 5358 στε-

2154 5401 2340 5472 φάνων
2366 5399 2476 5453 τῶν
2505 5396 2900 5451 ἀποστολικῶν.
2947 5414 2965 5448 ι
3014 5397 3101 5450 Ἐν
3123 5400 3188 5469 τῇ
3234 5396 3577 5467 ἀποκαλύψει
3630 5397 3729 5452 τοῦ

2152 5484 2390 5563 Κυρίου.
2430 5510 2451 5545 ι
2500 5488 2893 5559 Ἀποκάλυψιν,
2924 5489 3023 5561 τὴν
3052 5491 3354 5559 παρουσίαν
3410 5492 3565 5562 φησί.
3626 5495 3731 5545 Διὰ

2152 5584 2208 5637 δὲ
2232 5583 2327 5637 τοῦ
2362 5583 2707 5655 ὑπογράφειν
2729 5581 2829 5652 τὴν
2876 5580 3136 5655 δευτέραν
3172 5582 3267 5636 τοῦ
3299 5583 3538 5654 Χριστοῦ
3586 5601 3734 5655 παρ-

2152 5677 2366 5738 ουσίαν,
2425 5675 2640 5728 δίδωσιν
2690 5676 2873 5735 αὐτοῖς
2947 5673 3180 5745 μέγιστα
3226 5676 3555 5750 προσδοκᾷν,
3632 5676 3732 5731 καὶ

2151 5767 2373 5837 ἥδεσθαι
2406 5765 2466 5830 ἐξ
2501 5766 2674 5836 αὐτῆς
2712 5766 2810 5835 τῆς
2841 5769 3144 5837 παρουσίας
3178 5768 3272 5823 καὶ
3300 5769 3407 5839 πρὸ
3426 5772 3535 5825 τῶν
3568 5770 3733 5840 ἀμοι-
