4036 6610
1759 278 1792 292 κ

324 475 436 540 ιιτι
907 459 911 462 ’
1275 478 1661 544 counaxr.
1709 477 1782 537 IN
1818 475 1904 534 ne

2007 476 2057 536 Γ.
2109 478 2166 537 ll
2206 481 2308 538 AD.
2330 481 2692 540 'l‘IIESS.\L.
3483 476 3591 539 115‘

321 590 457 643 δῶν.
488 607 507 640 ι
535 588 678 642 Μετ’
707 589 954 658 ἀγγέλων
981 591 1271 662 δυνάμεως
1291 590 1477 645 αὐτοῦ.
1511 611 1533 643 ι
1576 589 1718 648 Ὠσεὶ
1753 585 1897 652 εἷπε,

2007 593 2314 648 Secundum
2351 593 2559 649 Christi
2627 593 2892 650 describit
2921 594 3241 660 adventum,
3289 602 3584 664 plurimum

319 681 482 736 Μετὰ
519 681 633 734 τῶν
667 681 915 752 ἀγγέλων
937 682 1044 736 τῶν
1073 682 1440 754 διαφερόντων
1466 686 1534 755 τῇ
1559 683 1786 754 δυνάμει
1807 683 1906 738 αύ-

319 772 438 838 τοῦ,
453 773 490 846 ἢ
515 773 594 838 ὠς
621 773 734 828 τῶν
752 769 1000 844 ἀγγέλων
1020 775 1263 830 δυνατῶν
1279 777 1744 841 δντων,τουτέστι,
1766 775 1905 848 μετᾶ

317 861 429 918 τῶν
449 861 698 918 δυνατῶν
718 863 882 918 αὐτοῦ
909 863 1176 934 ἀγγέλων.
1214 884 1233 916 ι
1256 863 1342 916 Ἐν
1369 864 1504 936 πυρὶ
1533 864 1782 934 φλογός.»
1817 863 1906 918 Ἐν

319 959 388 1027 τῇ
421 955 768 1025 ἀποκαλύψει
797 955 889 1010 τοῦ
913 957 1118 1028 Κυρίου
1159 956 1354 1028 Ἰησοῦ,
1377 961 1444 1030 τῇ
1469 957 1526 1010 ὲν
1549 956 1708 1026 φλογὶ
1736 956 1906 1028 πυρὸς

320 1049 690 1122 γενησομένη.
719 1049 854 1120 Περὶ
900 1047 1104 1120 ταύτης
1147 1052 1254 1121 γὰρ
1312 1051 1409 1104 καὶ
1453 1052 1482 1104 ό
1509 1049 1674 1104 Δαυΐδ
1725 1066 1860 1118 φησι
1887 1065 1902 1082 ο

328 1159 347 1191 ι
383 1139 501 1210 Πῦρ
531 1139 769 1194 ἐνώπιον
827 1140 994 1197 αίιτοῦ
1047 1143 1490 1216 προπορεύσεται
1549 1142 1643 1195 καὶ
1695 1141 1909 1210 φλογιεῐ

319 1231 512 1303 κύκλῳ
538 1232 668 1294 τοὺς
701 1232 930 1304 ἐχθροὺς
963 1234 1150 1290 αυτοῦ.
1192 1255 1211 1286 ι
1252 1232 1540 1308 -[ΦΩΤ.]
1577 1235 1650 1288 Ἦ
1672 1238 1730 1289 ὲν
1772 1235 1906 1308 πυρὶ

320 1324 520 1393 φλογός
550 1341 706 1394 φησι,
731 1324 794 1380 τὸ
846 1321 984 1388 εἶδος
1023 1325 1124 1394 τῆς
1167 1325 1440 1396 τιμωρίας
1500 1327 1902 1396 αἰνιττόμενος,

320 1415 391 1487 ῆν
415 1415 664 1470 τίσουσιν
691 1417 740 1470 ol
775 1417 850 1500 μὴ
871 1417 1070 1480 εἰδότες
1092 1417 1245 1481 Θεὸν,
1301 1417 1437 1488 μηδὲ
1495 1417 1907 1482 ὑπακούσαντες

319 1505 401 1576 τῷ
433 1507 754 1580 Εύαγγελίῳ
772 1507 865 1562 τοῦ
896 1507 1158 1579 Χριστοῦ.
1201 1509 1270 1561 Ἦ
1301 1511 1357 1562 ὲν
1391 1510 1552 1580 φρογὶ
1573 1511 1770 1581 πυρὸς,
1796 1511 1902 1564 αύο

318 1598 540 1668 τὴντὴν
568 1600 908 1670 Δεσποτικὴν
938 1602 1269 1672 παρουσίαν,
1296 1602 1377 1656 ὅτι
1413 1601 1556 1672 μετὰ
1572 1601 1746 1674 πυρὸς
1773 1603 1907 1673 φλέο-

319 1683 515 1760 γοντος
548 1695 862 1764 γενήσεται,
904 1693 1100 1764 δηλῶν.
1150 1693 1340 1760 Οὕτως
1380 1697 1490 1766 γὰρ
1541 1696 1636 1750 καὶ
1693 1698 1743 1750 οί
1800 1697 1907 1767 πρὸ

320 1783 483 1854 ἡμῶν
516 1783 899 1856 ἐξειλὴφασιν.
940 1805 958 1837 ι
997 1785 1124 1850 Τοῖς
1178 1787 1254 1860 μὴ
1309 1787 1474 1840 είδόσι
1525 1787 1682 1842 Θεόν.
1730 1807 1750 1840 ι
1790 1789 1906 1842 Ἐν-

319 1877 497 1930 ταῦθα
544 1877 640 1932 καὶ
689 1878 874 1950 ἕτερόν
919 1887 973 1932 τι
1021 1878 1174 1948 λέγει
1238 1881 1765 1946 κατασκευαστικὸν,
1821 1883 1904 1936 ὅτι

318 1970 547 2032 πάντως
575 1969 809 2024 δώσουσι
867 1969 1024 2039 δίκην
1053 1973 1100 2023 οί
1125 1969 1400 2036 θλίϐοντες
1433 1973 1652 2036 αὐτούς.
1689 1973 1903 2045 Ἐπειδὴ

315 2061 433 2134 γὰρ
465 2062 582 2116 ἄνω
613 2061 770 2132 φησὶ,
792 2064 904 2126 τοῖς
931 2061 1204 2114 Θλίὸουσιν
1237 2063 1404 2131 ὑμᾶς,
1471 2063 1564 2117 ἵνα
1623 2065 1732 2135 μὴ·
1771 2065 1901 2118 ἀπι-

319 2155 607 2222 στήσωσιν
635 2155 686 2207 εί
739 2154 848 2224 ἄρα
881 2153 950 2206 δι’
973 2153 1174 2216 αὐτοὺς
1201 2155 1386 2226 μέλλει
1434 2155 1685 2219 κολάζειν
1715 2157 1743 2210 ὁ
1771 2157 1904 2220 Θεὸς

317 2251 452 2314 τοὺς
481 2248 782 2313 διώκοντας
811 2250 1026 2315 αὐτοὺς,
1081 2252 1268 2320 φησιν,
1327 2253 1408 2306 ὅτι
1453 2253 1502 2306 εί
1561 2252 1656 2306 καὶ
1710 2253 1786 2325 μὴ
1837 2253 1906 2306 δι’

319 2341 497 2410 ὑμᾶς,
527 2339 594 2394 δι’
622 2339 814 2394 ἑαυτὸν
848 2339 1066 2400 κολάσει
1105 2339 1328 2404 αὐτούς.
1377 2342 1490 2395 Καὶ
1553 2341 1662 2414 γὰρ
1713 2341 1905 2396 ἀποδί-

319 2435 460 2486 δωσι
493 2430 652 2506 δίκην
677 2435 788 2495 τοῖς
831 2433 906 2504 μὴ
967 2431 1131 2486 εἰδόσι
1181 2432 1335 2496 Θεὸν,
1374 2433 1468 2486 καὶ
1517 2433 1630 2497 τοῖς
1687 2434 1762 2506 μὴ
1802 2434 1906 2488 ὑπο

325 2523 594 2579 ακούουσι
626 2524 703 2594 τῷ
735 2523 1054 2596 Εὐαγγελίῳ
1080 2523 1268 2580 αὐτοῦ.
1299 2525 1360 2580 Εἰ
1399 2525 1455 2578 δὲ
1485 2526 1696 2590 τούτοις
1717 2527 1906 2582 ἀποδί-

322 2614 482 2679 δωσι,
503 2613 685 2684 πολλῷ
709 2614 910 2685 μᾶλλον
941 2619 1054 2680 τοῖς
1087 2616 1358 2671 κωλύουσι
1395 2618 1490 2672 καὶ
1536 2617 1730 2683 ἄλλους
1763 2621 1906 2674 ὐπα-

323 2702 672 2776 κοῦσαι,οίοί
715 2709 855 2762 εἰσιν
909 2709 958 2761 οἱ
1016 2709 1112 2762 νῦν
1174 2710 1319 2782 ὑμᾶς
1369 2709 1668 2777 θλίϐοντες,
1717 2711 1904 2782 φησιν.

332 2817 354 2850 ι
397 2799 660 2868 ὐλεθρον
680 2799 920 2855 αἰώνιον.
961 2821 978 2852 ι
1021 2800 1131 2854 Ποῦ
1155 2803 1292 2855 εἰσιν
1313 2797 1405 2856 οὖν
1427 2804 1475 2856 oi
1516 2801 1794 2874 λέγοντες,
1830 2805 1906 2876 μὴ

322 2889 662 2954 διαιωνίζειν
689 2891 790 2956 τὰς
818 2892 940 2950 ἐκεῖ
962 2893 1234 2965 τιμωρίας
1266 2912 1282 2962 ;
1311 2895 1420 2948 ἀπὸ
1466 2894 1762 2968 προσώπου
1809 2897 1905 2950 τοῦ

325 2983 565 3052 Κυρίου.
603 2983 679 3036 Ού
711 2983 819 3056 γὰρ
845 2985 1026 3056 χρεία,
1059 2988 1216 3058 φησὶ,
1257 2987 1394 3056 πρὸς
1426 2989 1585 3042 τοῦτο
1641 2990 1908 3060 ὲργωδίας

325 3074 498 3137 τινός.
543 3075 678 3128 Ἀπὸ
706 3076 813 3147 γὰρ
849 3078 1010 3147 μόνου
1037 3079 1131 3132 τοῦ
1163 3078 1456 3150 προσώπου
1484 3081 1578 3134 τοῦ
1635 3081 1906 3152 Χριστοῦ,

324 3165 601 3229 τουτέστι,
621 3167 720 3238 τῆς
751 3167 1078 3238 ἐπιφανείας
1097 3170 1292 3237 αὐτοῦ,
1327 3171 1378 3224 oi
1409 3173 1506 3242 μὲν
1551 3173 1611 3226 ἐν
1660 3173 1902 3238 κολάσει,

2011 683 2164 750 facit,
2195 693 2256 740 ut
2285 693 2607 757 exspectent
2653 695 2708 740 ct
2757 687 3032 758 gaudeant
3064 687 3132 743 de
3169 687 3292 758 ipso
3345 686 3583 741 adventu

2009 777 2172 832 etiam
2209 789 2334 836 ante
2366 779 2608 849 praemia.
2663 798 2680 832 ι
2711 777 2846 833 Cum
2873 779 3084 849 angelis
3116 779 3372 848 potentia:
3393 793 3526 834 sum.
3561 798 3580 829 ι

2016 869 2300 940 Tanquam
2333 871 2563 928 dixisset
2591 890 2604 927 :
2637 870 2772 926 Cum
2793 870 3004 940 angelis
3045 870 3433 940 praestantibus
3486 885 3585 940 po-

2011 960 2184 1015 tentia
2215 960 2390 1030 ipsius
2418 961 2502 1015 vcl
2531 961 2746 1032 angelis
2767 962 2859 1031 qui
2889 968 3138 1032 potentes
3169 971 3320 1023 sunt,
3354 958 3460 1014 hoc
3479 966 3583 1023 est,

2008 1051 2142 1106 Cum
2170 1053 2487 1122 potentibus
2507 1053 2714 1122 angelis
2729 1052 2870 1123 ejus.
2903 1071 2922 1104 ι
2951 1047 3055 1106 Per
3073 1051 3250 1122 ignem
3275 1049 3526 1105 ﬂammae.
3563 1071 3580 1099 ι

2009 1145 2146 1201 Cum
2193 1146 2530 1201 revelabitur
2570 1143 2836 1201 Dominus
2891 1143 3080 1209 Iesus,
3143 1141 3292 1213 quod
3347 1143 3434 1198 lict
3489 1156 3586 1211 per

2009 1231 2192 1309 ignem
2242 1236 2493 1292 ﬂammai.
2552 1237 2690 1293 Nam
2743 1241 2810 1294 de
2867 1239 2970 1294 hoc
3027 1237 3105 1291 ait
3156 1235 3320 1290 etiam
3375 1229 3603 1292 David”

2014 1348 2032 1382 ι
2067 1328 2211 1398 lgnis
2262 1344 2450 1384 coram
2487 1325 2624 1401 ipso‘
2661 1330 2934 1401 praecedet
2970 1335 3025 1382 et
3073 1323 3434 1382 iuilatnmabit
3484 1339 3584 1394 per

2009 1422 2298 1478 circuitum
2324 1435 2514 1478 omnes
2545 1422 2798 1477 inimicos
2819 1421 2962 1491 ejus.
2989 1439 3006 1474 ι
3047 1447 3118 1460 -
3145 1417 3251 1472 Ant
3279 1431 3376 1489 per
3401 1415 3580 1486 ignem

2009 1513 2243 1569 ﬂarnmze
2271 1515 2406 1569 dicit
2437 1515 2692 1586 supplicii
2724 1531 2918 1582 genus,
2953 1515 3252 1585 designans
3301 1525 3442 1582 quas
3467 1524 3584 1579 pm-

2008 1624 2110 1662 nas
2140 1609 2347 1664 dabunt
2383 1609 2476 1680 qui
2509 1609 2674 1663 Deum
2717 1623 2824 1662 non
2855 1599 3331 1676 noverunt/neque
3362 1603 3586 1660 obedie-

2009 1709 2138 1756 runt
2165 1700 2466 1772 Evangelio
2520 1699 2748 1756 Christi.
2785 1701 2896 1754 Aut
2951 1715 3046 1770 per
3109 1699 3381 1752 llammatn
3441 1694 3584 1768 ignis

2008 1793 2307 1862 designans
2339 1795 2518 1864 ipsum
2549 1794 2898 1850 Dominicum
2933 1793 3251 1856 adventrum,
3271 1790 3419 1892 quod
3442 1788 3584 1844 vide-

2011 1883 2137 1938 licet
2166 1885 2270 1938 erit
2299 1899 2424 1938 cum
2454 1885 2580 1956 igne
2609 1883 2982 1944 inﬂammante
3011 1901 3026 1940 :
3055 1883 3130 1938 ita
3150 1881 3295 1937 enim
3315 1881 3456 1934 ‘ante
3482 1893 3586 1934 nos

2011 1991 2232 2046 quoque
2270 1977 2617 2048 interpretati
2669 1984 2822 2031 sunt.
2859 1995 2878 2026 ι
2913 1973 3010 2032 His
3045 1974 3137 2045 qui
3173 1989 3278 2028 non
3311 1979 3585 2028 noverunt

2013 2068 2206 2126 Deum.1
2238 2087 2258 2120 ι
2294 2067 2393 2122 llic
2425 2084 2644 2138 quoque
2674 2067 2822 2123 aliud
2849 2067 2985 2124 dicit
3007 2082 3115 2137 quo
3140 2064 3585 2136 probatdaturos

2011 2159 2239 2213 omnino
2296 2173 2487 2228 poenas
2542 2175 2638 2216 eos
2673 2159 2768 2230 qui
2832 2159 2982 2230 ipsos
3014 2157 3282 2230 alﬂigunt.
3312 2155 3584 2222 Quoniam

2009 2251 2154 2305 enim
2187 2251 2442 2320 superius
2469 2250 2624 2318 dicit,
2655 2251 2723 2306 iis
2753 2251 2850 2322 qui
2877 2267 2973 2308 vos
3001 2250 3274 2320 amigunt,
3343 2262 3412 2302 ne
3462 2246 3584 2300 aui-

2011 2358 2160 2397 mum
2215 2343 2591 2412 despondeant
2625 2343 2850 2411 siccrte
2903 2349 3126 2414 propter
3163 2341 3314 2410 ipsos
3351 2337 3582 2410 punitus
3619 2395 3634 2427 γ

2010 2451 2106 2490 rus
2139 2444 2222 2490 est
2253 2433 2398 2490 Deus
2439 2445 2826 2506 persecutores
2858 2435 3128 2505 ipsorum,
3162 2433 3240 2488 ait
3277 2429 3424 2500 quod
3458 2431 3584 2486 licet

2010 2541 2118 2606 non
2171 2534 2392 2598 propter
2449 2541 2566 2590 vos,
2616 2535 2842 2596 pr0pter
2901 2527 3144 2597 seipsurn
3199 2525 3388 2596 puniet
3443 2535 3580 2580 eos:

2010 2616 2203 2687 infligit
2238 2618 2382 2672 enim
2435 2618 2765 2688 supplicium
2819 2619 2904 2673 his
2943 2619 3034 2688 qui
3085 2635 3208 2672 cum
3247 2631 3354 2676 non
3407 2632 3588 2670 nove—

2010 2714 2160 2772 runt,
2195 2714 2248 2760 et
2286 2705 2370 2762 his
2403 2708 2495 2776 qui
2528 2722 2634 2760 non
2679 2705 3006 2767 obedieruni.
3039 2705 3335 2776 Evangelio
3391 2704 3583 2775 ipsius.

2009 2795 2164 2864 Quod
2223 2797 2268 2852 si
2303 2797 2388 2853 his
2442 2796 2658 2870 inﬂigit,
2696 2797 2868 2853 multo
2931 2798 3104 2868 magis
3161 2797 3246 2858 his
3295 2797 3390 2868 qui
3445 2797 3585 2852 alios

2010 2891 2174 2946 etiam
2212 2889 2504 2958 prohibent
2541 2889 2786 2951 obedire,
2829 2889 3018 2960 quales
3067 2897 3194 2944 sunt
3251 2889 3284 2942 ii
3317 2889 3408 2958 qui
3443 2903 3587 2942 nunc

2007 2997 2107 3037 vos
2142 2981 2408 3051 nilligunt,
2455 2981 2654 3055 inquit.
2694 2999 2716 3034 ι
2751 2979 3035 3035 interitum
3093 2990 3383 3034 aeternum.
3422 2999 3442 3032 ι
3480 2977 3584 3034 Ubi

2009 3091 2141 3146 ergo
2175 3083 2303 3131 sunt
2331 3076 2423 3146 qui
2461 3075 2615 3134 aiunt
2647 3088 2754 3127 non
2783 3069 3046 3126 duratura
3082 3071 3136 3125 in
3163 3080 3429 3126 aeternum
3455 3086 3585 3140 sup-

2009 3167 2221 3238 plicia?
2257 3186 2276 3220 ι
2313 3167 2356 3224 Α
2420 3165 2560 3224 facie
2629 3165 2869 3220 Domini.
2908 3181 2928 3217 ι
2974 3163 3092 3218 Non
3143 3163 3287 3218 enim
3336 3161 3405 3217 ad
3453 3161 3580 3242 hoc,

322 3256 452 3310 οἶδὲ
478 3257 536 3309 ἐν
567 3262 702 3330 τιμῇ
725 3259 957 3315 ἔσονται.
1001 3261 1158 3326 Ἦτις
1179 3261 1354 3328 ἔσται,
1394 3264 1552 3333 φησι,
1623 3263 1762 3336 μετὰ
1819 3265 1904 3320 δό-

2009 3259 2209 3332 inquit,
2250 3274 2389 3330 opus
2418 3265 2502 3316 est
2539 3273 2738 3332 magno
2771 3257 3011 3330 quodam
3049 3257 3259 3312 labore.
3296 3254 3583 3326 siquidem

323 3348 428 3420 ξης
455 3351 556 3421 τῆς
590 3350 771 3422 ἰσχύος
802 3352 991 3415 αὑτοῦ,
1035 3353 1167 3408 ὡσεὶ
1224 3351 1400 3411 εἶπεν.
1459 3347 1612 3429 ’Ἅμα
1663 3361 1904 3432 ἐπιφανῇ

322 3438 497 3492 αὖτοῦ
529 3439 594 3493 τὸ
626 3441 934 3510 πρόσωπον,
957 3443 1050 3497 καὶ
1083 3444 1198 3512 ἅμα
1227 3447 1258 3516 ἡ
1296 3445 1421 3512 δόξα
1455 3447 1555 3518 τῆς
1599 3447 1781 3519 ἰσχύος
1812 3451 1906 3502 αύ-

321 3528 449 3594 τοῦ,
513 3529 674 3594 εὐθὺς
704 3531 764 3586 ἐν
809 3532 1028 3588 κολάσει
1089 3535 1426 3608 ἀνάρπαστοι
1475 3539 1526 3590 oi
1566 3540 1902 3612 ἁμαρτωλοί.

331 3640 350 3672 ι
379 3620 551 3674 Ὅταν
597 3621 726 3696 ἔλθῃ
791 3625 1244 3698 ἐνδοξασθῆναι.»
1303 3629 1400 3693 Τὸ,
1457 3630 1904 3704 Ἐνδοξασοῆναι,

323 3713 474 3768 κατὰ
515 3713 611 3768 δύο
649 3717 870 3783 νοεῖται,
903 3719 984 3772 ὅτι
1023 3737 1083 3772 τε
1114 3720 1242 3788 δόξα
1272 3722 1422 3792 αύτῷ
1454 3724 1571 3778 ιἔστι
1593 3725 1654 3780 τὸ
1679 3726 1908 3793 πολλοὺς

325 3807 472 3862 εἶναι
509 3811 634 3874 τοὺς
656 3811 868 3879 ἁγίους,
895 3806 976 3876 οἷς
1011 3814 1161 3882 μέλει
1194 3816 1532 3885 μεταδιδόναι
1563 3814 1670 3872 τῶν
1688 3818 1908 3888 ἀγαθῶν

325 3898 520 3968 αὐτοῦ,
555 3899 768 3973 (ὥσπερ
797 3902 906 3974 γὰρ
943 3903 1173 3968 πλοῦτος
1221 3907 1388 3962 αὑτοῦ
1425 3909 1457 3981 ἡ
1498 3910 1744 3982 ἡμετέρα
1799 3929 1906 3964 σω-

322 3994 516 4062 τηρία,
549 3993 724 4058 οὕτως
753 3996 848 4048 καὶ
879 3995 1008 4062 δόξα
1059 3997 1222 4052 αὐτοῦ
1284 3998 1345 4052 τὸ
1404 3999 1631 4064 πολλοὺς
1671 4004 1730 4056 ὲν
1783 4003 1906 4076 δόξῃ

325 4078 648 4150 εὑρεθῆναι.
677 4083 695 4150 )
723 4083 834 4136 Καὶ
858 4084 938 4138 ὄτι
987 4083 1390 4156 ’δοξασθήσεται
1433 4087 1538 4142 ὑπὸ
1580 4090 1687 4148 τῶν
1737 4091 1910 4161 ἁγίων

323 4172 582 4242 ὁρώντων
623 4173 787 4228 αὐτὸν
819 4178 876 4229 ὲν
897 4179 962 4246 τῇ
988 4179 1220 4250 πατρῴᾳ
1235 4178 1358 4250 δόξῃ
1391 4179 1524 4234 Θεὸν
1567 4181 1785 4237 πάντων
1815 4183 1910 4238 καὶ

324 4266 532 4336 πριτὴν
564 4267 1060 4338 προκαθεζόμενον.
1091 4271 1248 4323 Ἔστι
1275 4271 1369 4324 καὶ
1397 4271 1638 4342 τρισσῶς
1693 4275 1906 4346 νοῆσαι,

322 4357 410 4410 ὅτι
437 4357 762 4429 ὼξασθῆναι
790 4359 956 4412 αὑτὸν
987 4360 1091 4414 ὑπὸ
1123 4361 1233 4416 τῶν
1264 4362 1576 4432 ἀσωμάτων
1597 4364 1904 4436 δυνάμεων,

320 4452 373 4503 οἱ
387 4448 533 4517 ἅγιοι
565 4453 1062 4520 παρασκευάσουσι,
1081 4452 1424 4524 θεωρουσῶν,
1443 4443 1792 4522 ὄσονάύτοὺς
1813 4460 1908 4530 ἀξ-

323 4541 480 4596 ιώσει
500 4542 795 4612 ἁμοιὸὦν.ι
817 4544 908 4597 Ἑν
923 4546 1056 4598 πᾶσι
1071 4549 1184 4610 τοῖς
1204 4546 1576 4604 πιστεύσασιν.
1590 4569 1610 4602 ι
1644 4551 1904 4621 Ἐνπᾶσι,

321 4635 414 4688 διὲ
447 4637 690 4690 πάντων.
715 4636 926 4708 Ὥσπερ
945 4637 1053 4706 γὰρ
1073 4639 1622 4710 πρότασινδώσοοσιν
1649 4645 1700 4696 oi
1738 4645 1885 4713 ἅγιοι

320 4726 656 4796 δοξασθῆναι
682 4727 867 4792 αίιτὸν,
885 4727 1058 4792 οὕτως
1075 4730 1300 4796 καὶμθαυ
1311 4732 1606 4802 μασθῆναι,
1631 4733 1750 4798 πῶς
1771 4737 1902 4800 τοὺς

319 4823 468 4876 οὕτω
493 4821 753 4887 δόξαντας
775 4827 833 4876 ἐν
862 4824 940 4895 τῷ
969 4826 1198 4894 παρόντι
1217 4825 1317 4898 βίῳ
1335 4827 1576 4892 εὸτελεῖς
1607 4830 1702 4882 καὶ
1727 4831 1901 4902 άπερσ

305 4967 312 4972 .
321 4917 650 4988 ριμμένους,
664 4917 739 4979 ὡς
754 4920 847 4972 καὶ
863 4935 934 4970 πα
945 4919 1011 4988 ρὰ
1025 4919 1240 4972 πάντων
1255 4919 1545 4974 διώκεσθαι
1564 4921 1656 4974 καὶ
1677 4939 1800 4990 φονε
1809 4923 1900 4977 tis-

319 5008 472 5071 σθαι,
523 5009 794 5064 τοσούτων
840 5010 933 5063 καὶ
971 5010 1230 5064 τοιούτων
1265 5009 1498 5082 ἠξίωσεν
1519 5012 1762 5082 ἀγαθῶν.

320 5115 502 5168 cetur,
531 5105 605 5160 ita
657 5121 881 5177 quoque
911 5115 971 5162 ut
1025 5108 1382 5164 admirandus
1429 5110 1544 5175 ﬁat,
1599 5110 1744 5180 quod
1807 5126 1902 5166 eos

322 5211 436 5262 tur,
493 5205 553 5251 ut
590 5200 658 5252 ah
697 5199 953 5256 omnibus
997 5199 1436 5270 persecutionem
1484 5210 1802 5272 paterentur
1843 5210 1898 5256 et

395 5276 878 5360 “Ott/extatezion
896 5292 962 5346 τὸ
982 5295 1308 5364 μαρτύριον
1339 5294 1506 5363 ἡμῶν
1527 5295 1618 5364 ἐφ’
1643 5295 1799 5364 ὑμᾶς
1834 5296 1902 5350 ἐν

319 5383 400 5453 τῇ
427 5383 617 5453 ἡμέρᾳ
649 5381 874 5454 ἐκείιέῃ,
899 5389 986 5452 εις
1013 5387 1043 5440 ὃ
1071 5387 1169 5440 καί
1223 5387 1681 5457 προσευχόμεθα
1743 5387 1895 5440 πάν-

320 5491 456 5529 τοτε
487 5476 618 5542 περὶ
661 5473 846 5544 ὑμῶν,
883 5475 984 5529 ἵνα
1011 5475 1164 5547 ὑμᾶς
1201 5477 1432 5547 ἀξιώσῃ
1472 5477 1573 5545 τῆς
1626 5476 1902 5545 κλήσεως

323 5571 359 5624 ὸ
385 5570 529 5634 Θεὸς
551 5567 740 5638 ήμῶν,
765 5569 863 5622 καί
891 5571 1181 5642 πληρώσῃ
1213 5571 1422 5628 πᾶσαν
1448 5571 1735 5627 εὐδοκίαν
1754 5572 1898 5642 ἀγα·

323 5663 610 5729 θωσύνης
638 5663 736 5717 καί
761 5664 944 5733 ἔργον
985 5665 1244 5732 πίστεως
1295 5665 1366 5719 ἐν
1417 5663 1686 5736 δυνάμει,
1743 5662 1900 5728 ὅπως

322 5753 672 5822 ἐγδοίτασθῆ
699 5754 766 5808 τὸ
790 5754 978 5826 ὄνομα
994 5757 1098 5813 τοῦ
1123 5759 1344 5828 Κυρίου
1371 5757 1406 5825 ἠ
1410 5757 1539 5830 μῶν
1580 5758 1737 5825 Ἰιισε
1754 5755 1785 5810 ῦ
1831 5756 1900 5810 ἐν

404 5937 418 5967 ⁸
462 5935 609 5992 i‘sal.
653 5954 798 6006 xcvi,
827 5939 863 5992 ’ὁ

2010 3369 2073 3408 ex
2134 3352 2248 3408 sola
2289 3351 2496 3408 Christi
2549 3367 2810 3427 persona,
2871 3351 2922 3406 id
2980 3359 3088 3417 est,
3145 3348 3587 3406 manifestatione

2009 3445 2204 3522 ipsius,
2235 3445 2289 3500 hi
2322 3445 2540 3517 quidem
2569 3445 2622 3500 in
2655 3445 2947 3516 supplicio,
2979 3445 3056 3498 illi
3093 3459 3222 3499 vero
3278 3443 3333 3505 in
3382 3443 3604 3504 honore

2011 3548 2174 3595 erunt
2205 3559 2219 3594 :
2269 3539 2362 3610 qui
2396 3537 2502 3594 erit
2525 3553 2646 3592 cum
2675 3539 2847 3610 gloria
2881 3536 3222 3618 fortitudinis
3255 3537 3422 3598 illius,
3459 3543 3586 3590 tan-

2010 3649 2175 3702 quam
2229 3632 2478 3688 diceret:
2513 3629 2689 3686 Simul
2745 3639 2802 3686 ut
2860 3630 3152 3686 manifesta
3189 3628 3354 3684 fuerit
3409 3627 3586 3700 ipsius

2013 3725 2202 3787 iacies,
2236 3725 2511 3796 sin‘iulquc
2538 3723 2710 3795 gloria
2749 3721 3088 3782 fortitudinis
3123 3723 3291 3785 illius,
3319 3721 3586 3776 continuo

2011 3815 2066 3870 in
2137 3816 2465 3886 supplicium
2523 3815 2736 3886 abrepti
2807 3824 2970 3871 erunt
3029 3823 3365 3886 peccatores.
3426 3811 3582 3882 l9],

2017 3926 2034 3958 ι
2072 3909 2206 3962 Cum
2264 3908 2492 3970 venerit,
2560 3915 2619 3962 ut
2673 3906 3031 3982 gloriiicetur.
3079 3925 3096 3958 ι
3137 3904 3296 3972 Quod
3343 3907 3460 3960 ait:
3513 3900 3587 3958 Ut

2011 3999 2365 4070 gloriﬁcatur,
2421 3999 2636 4054 duobus
2695 3999 2874 4055 modis
2935 3999 3383 4067 intelligitur:et
3438 3994 3588 4066 quod

2013 4096 2113 4166 ipsi
2152 4095 2328 4168 gloria
2357 4093 2427 4148 sit
2462 4095 2664 4148 inultos
2694 4107 2816 4148 esse
2851 4103 3076 4148 sanctos
3107 4092 3309 4158 quibus
3351 4089 3588 4144 traditu-

2011 4204 2106 4242 rus
2136 4187 2206 4240 sit
2235 4187 2375 4246 houa
2405 4201 2526 4248 sua,
2561 4183 3030 4264 Quemadmodum
3067 4183 3212 4236 enim
3237 4181 3410 4252 ipsius
3447 4181 3586 4243 divi:

2011 4280 2257 4334 titc.sunt
2291 4289 2478 4335 nostra
2513 4277 2684 4345 Salus,
2743 4277 2816 4331 ita
2869 4285 2924 4332 et
2955 4273 3127 4346 gloria
3179 4276 3358 4346 ipsius
3403 4282 3494 4330 est
3526 4284 3586 4329 ut

2011 4373 2168 4426 multi
2195 4375 2248 4428 in
2281 4373 2454 4442 gloria
2483 4372 2840 4430 inreniantur
2863 4390 2882 4434 ;
2908 4381 2962 4428 et
2986 4371 3131 4441 quod
3167 4387 3196 4424 a
3225 4371 3436 4426 sanctis
3467 4369 3587 4438 glo-

2015 4465 2336 4529 riﬁcahitur,
2369 4465 2462 4534 qui
2493 4465 2670 4534 ipsum
2701 4464 3062 4520 intuebuntur
3092 4463 3372 4517 sedentem
3404 4461 3455 4514 in
3489 4475 3587 4529 pa-

2015 4565 2171 4609 terna
2202 4555 2375 4624 gloria
2409 4555 2573 4607 Deum
2607 4569 2671 4608 ac
2696 4555 2943 4622 jndiccm
2965 4556 3388 4615 univers_0rum..
3403 4552 3589 4608 Potest

1935 4627 1980 4682 Ῑ)
2013 4656 2066 4702 et
2109 4647 2273 4700 tertio
2314 4647 2477 4702 modo
2536 4647 2764 4716 intelligi
2803 4647 2948 4716 quod
3001 4645 3473 4706 sanctieﬂicicnt,
3529 4651 3589 4697 ut

2013 4737 2351 4812 glorificetur
2400 4739 2467 4792 ab
2504 4737 2846 4806 incorporcis
2903 4735 3200 4795 virtutibus
3250 4733 3588 4790 intuentibus
3689 4809 3695 4816 ε

2011 4841 2216 4900 quanto
2249 4829 2472 4900 praen’iio
2513 4829 2637 4882 illos
2662 4827 2998 4898 dignabitur.
3037 4845 3056 4878 ι
3084 4825 3144 4884 lu
3172 4825 3428 4880 omnibus
3462 4841 3587 4880 crc-

2011 4910 2288 4975 dentibus.
2325 4936 2344 4972 ὃ
2389 4917 2442 4972 in
2483 4920 2758 4982 omnibus,
2777 4919 2828 4973 id
2861 4928 2970 4980 est,
3001 4934 3094 4988 per
3129 4933 3343 4972 omnes.
3379 4915 3586 4984 Quent-

1999 5010 2292 5069 admodum
2355 5009 2504 5064 enim
2563 5010 2740 5064 sancti
2779 5025 2968 5064 ansam
3009 5009 3218 5065 dabunt
3270 5017 3328 5062 ut
3381 5007 3620 5078 gloriiip

1940 5112 2032 5181 qui
2066 5111 2120 5162 in
2153 5106 2412 5178 praesenti
2443 5106 2549 5158 \ita
2591 5105 2726 5160 adeo
2764 5105 2899 5186 viles
2964 5117 3018 5158 et
3057 5105 3252 5176 abjccti
3322 5104 3590 5181 videban._

1939 5199 2348 5260 occiderentur,
2379 5198 2549 5252 tantis
2576 5212 2641 5252 ac
2702 5197 2902 5252 talibus
2937 5197 3192 5266 dignetur
3226 5198 3404 5252 bonis.

2081 5296 2122 5358 l,
2168 5292 2256 5346 i0.
2301 5287 2455 5356 Quod
2499 5291 2630 5358 [ides
2689 5291 2872 5346 [iubila
2926 5293 2996 5344 sit
3051 5293 3349 5364 testimonio
3401 5303 3592 5360 nostra;

2007 5401 2130 5454 erga
2161 5383 2324 5436 vasin
2353 5383 2434 5437 die
2465 5384 2560 5438 illo
2583 5399 2604 5448 _.'
2648 5385 2716 5441 ad
2763 5381 2902 5453 quod
2931 5384 3096 5438 etiam
3130 5400 3345 5438 oramus
3375 5400 3581 5452 semper

2005 5493 2100 5544 pro
2133 5473 2299 5539 vobis,
2329 5485 2387 5527 ut
2422 5492 2508 5530 eos
2549 5475 2736 5546 dignos
2774 5476 2966 5530 habeat
2994 5478 3098 5531 ista
3127 5478 3400 5532 vocatione
3432 5477 3594 5532 Deus.

2008 5578 2203 5630 uoster,
2233 5577 2277 5621 el
2301 5568 2560 5635 compleat
2593 5585 2744 5624 omne
2767 5568 2961 5623 bonum
2989 5571 3316 5640 propositum
3354 5570 3590 5626 boni’ta.-;

2009 5665 2076 5716 tis
2108 5672 2156 5715 et
2201 5677 2330 5730 opus
2367 5661 2492 5731 ﬁdei
2521 5677 2612 5728 per
2663 5663 2976 5731 potentium,
3021 5674 3074 5714 ut
3107 5661 3435 5732 glori/ieeur
3487 5679 3578 5717 no.-

2008 5773 2121 5812 mcn
2160 5755 2368 5810 Domini
2395 5757 2563 5812 nostri
2611 5753 2738 5809 Iesu
2771 5754 2968 5810 Christi
2989 5769 3080 5822 per
3131 5769 3237 5819 eos,
3270 5764 3316 5808 et
3361 5771 3447 5810 nos
3489 5769 3583 5823 per

3783 891 3808 904 θ
