3994 6584
498 387 603 453 1ὶὸ

1587 389 1988 464 (ECUMENII
2018 388 2309 450 TRICC/E
2344 392 2685 454 EPISCOPI

3644 393 3744 457 H6

488 495 835 567 illunt,juxta
849 494 1080 568 gratiam
1103 497 1201 552 Dei
1211 498 1377 553 nostri
1392 507 1443 553 et
1465 496 1678 552 Domini
1697 497 1826 553 Iesu
1845 495 2050 552 Christi.

2172 500 2335 570 ὑμῖν,
2360 501 2456 556 καί
2482 502 2653 573 ὑμεῖς
2679 504 2749 557 ἐν
2770 502 2929 569 αὐτῷ
2951 502 3100 558 κατὰ
3121 501 3237 571 τὴν
3263 502 3440 573 χάριν
3466 501 3570 558 τοῦ
3594 506 3745 559 θεοῦ

556 588 927 646 Admirandus
973 589 1267 645 habebitur
1300 589 1443 647 Deus
1478 589 1624 659 quod
1680 589 1815 645 ﬁdes
1865 588 2058 643 habita

488 684 558 738 sit
589 692 783 739 nostro
818 697 956 754 erga
986 699 1084 740 vos
1110 684 1433 739 testimonio
1463 697 1527 738 ac
1555 681 1952 753 pradicationi.
2000 680 2067 735 Et

487 776 766 847 quomodo
796 792 863 832 ex
881 792 947 833 eo
994 777 1144 848 quod
1192 777 1297 848 ipsi
1329 776 1662 832 crediderint
1694 775 2063 845 prmdicationi

488 884 702 935 corum,
759 870 1114 927 admirandus
1172 870 1463 926 habebitur
1522 869 1710 924 Deus?
1755 868 1895 935 Quia
1956 867 2064 922 nisi

488 974 610 1023 nos,
650 961 860 1032 inquit,
915 963 1252 1030 audissetis,
1302 976 1638 1032 nequaquam
1687 969 1856 1017 tanta
1923 960 2065 1015 bona

488 1054 1071 1125 accepissetimporro
1158 1070 1265 1109 non
1357 1054 1689 1125 accipientes
1770 1071 1833 1111 ea
1926 1055 2062 1109 bona

487 1162 832 1217 nequaquam
869 1162 1056 1202 ansam
1092 1146 1406 1213 dedissetis,
1469 1156 1528 1202 ut
1576 1147 1982 1219 gloriﬁcaretur
2009 1154 2064 1203 et

474 1229 843 1297 admirationi
874 1240 1172 1295 haberetur
1203 1240 1458 1296 Christus
1499 1241 1571 1296 ob
1617 1256 1680 1295 ea
1735 1240 1933 1311 quibus
1964 1254 2063 1295 vos

486 1333 870 1403 gloriﬁcasset,
921 1351 937 1385 ι
979 1332 1035 1386 1η
1066 1332 1155 1388 die
1216 1333 1332 1387 illo.
1373 1352 1392 1385 ι
1428 1334 1485 1387 In
1535 1348 1601 1389 eo
1639 1334 1734 1404 qui
1764 1343 1895 1388 tunc
1946 1332 2053 1387 erit

485 1426 596 1490 die,
621 1423 977 1480 manifestum
1023 1423 1117 1479 ﬁet
1140 1424 1285 1497 quod
1317 1425 1704 1481 credideritis:
1737 1441 1882 1481 nunc
1914 1426 2059 1480 enim

489 1517 649 1571 multi
702 1531 923 1588 quoque
989 1517 1148 1574 fidem
1200 1519 1488 1584 simulant,
1524 1536 1543 1570 ι
1574 1518 1640 1574 ad
1688 1518 1836 1589 quod
1895 1518 2057 1574 etiam

487 1625 735 1666 oramus.
780 1628 799 1662 ι
834 1608 895 1665 In
951 1610 1057 1667 hoc
1112 1611 1321 1682 ipsum,
1372 1612 1574 1682 inquit,
1650 1627 1957 1683 precamur,
1999 1619 2061 1666 ut

484 1703 653 1757 etiam
686 1702 741 1756 in
768 1703 928 1759 vobis
951 1704 1292 1774 gloriﬁcetur
1321 1712 1375 1760 et
1404 1704 1754 1759 admirationi
1791 1704 2060 1760 habeatur

486 1791 653 1850 Deus.
680 1812 699 1845 ι
722 1791 792 1848 Ut
823 1809 919 1850 vos
948 1794 1142 1865 dignos
1164 1795 1362 1852 habeat
1385 1796 1489 1852 ista
1518 1797 1829 1852 vocatione.
1860 1814 1880 1848 ι
1914 1795 2054 1863 Quid

483 1886 670 1942 enim?
702 1902 772 1944 an
807 1903 919 1944 non
965 1896 1122 1944 erant
1172 1889 1284 1958 jam
1336 1890 1553 1945 vocati?
1594 1891 1786 1961 utique
1817 1907 1832 1946 :
1865 1905 2056 1947 omnes

486 1995 726 2051 namque
759 1981 938 2037 vocati
969 1998 1188 2049 sumus,
1229 1984 1327 2039 sed,
1365 2000 1473 2040 non
1498 2000 1688 2039 omnes
1719 1983 2056 2055 ingredimur

484 2072 650 2141 idque
673 2072 1035 2129 manifestam
1062 2077 1309 2146 quinque
1334 2075 1684 2146 virgines’,et
1731 2075 1778 2131 is
1808 2076 1902 2146 qui
1934 2091 2057 2130 sor-

485 2163 614 2218 dida
658 2164 849 2220 habuit
880 2164 1255 2222 vestimente'-
1288 2167 1445 2238 192
1483 2166 1831 2222 Vocationem
1872 2167 2057 2237 itaque

481 2254 617 2310 dicit
642 2271 762 2312 eam
790 2273 911 2327 quae
934 2258 1100 2313 etiam
1128 2259 1238 2329 ing.
1251 2275 1436 2315 essum
1476 2259 1703 2315 haberet
1723 2260 2054 2332 adjunctum

478 2345 784 2403 Prccamur
817 2350 1029 2415 autem,
1061 2349 1158 2413 ait,
1202 2356 1260 2404 ut
1300 2349 1571 2420 compleat
1601 2349 1744 2406 Deus
1772 2366 1935 2407 omne
1956 2350 2056 2407 bo-

479 2452 611 2491 num
638 2452 771 2508 erga
794 2452 891 2493 vos
913 2441 1232 2495 consilium.
1271 2438 1576 2495 Consilium
1606 2455 1739 2495 vero
1767 2455 1831 2495 ac
1858 2456 2057 2511 propo-

480 2529 646 2585 situm
684 2529 780 2586 Dei
829 2537 935 2597 est,
988 2541 1047 2585 ut
1088 2547 1281 2589 omnes
1336 2533 1586 2588 homines
1627 2532 1764 2587 salvi
1823 2533 1956 2587 {iant
2003 2542 2057 2587 et

479 2629 683 2676 :vterna
709 2631 1079 2694 assequamur
1101 2623 1267 2679 bona.
1297 2624 1605 2696 Complebit
1626 2632 1807 2680 autem
1831 2632 1886 2681 et
1915 2640 2053 2695 opus

480 2714 600 2769 ﬁdei
637 2714 693 2769 in
726 2716 879 2771 vobis
910 2732 1005 2787 per
1032 2718 1309 2787 propriam
1336 2719 1659 2789 potentiam.
1685 2718 1823 2774 Nam
1847 2734 1913 2774 ex
1943 2719 2052 2775 hoc

485 2808 618 2864 illud
673 2824 891 2880 quoque
920 2811 1297 2881 subsequitur.
1330 2812 1387 2868 Si
1421 2813 1568 2866 enim
1615 2813 1887 2883 compleat
1917 2826 2053 2882 opus

475 2902 602 2960 ﬁdei
630 2919 728 2960 vos
767 2903 1079 2975 perﬁciens,
1126 2908 1355 2961 omnino
1387 2922 1549 2962 suum
1599 2908 1765 2963 etiam
1803 2907 2053 2978 proposi-

476 3006 594 3053 tum
642 2999 955 3070 complebit.
1032 3001 1426 3057 Animadverte
1489 3008 1673 3057 autem
1739 3002 1885 3071 quod
1940 3016 2052 3056 non

476 3092 680 3147 dixerit
713 3091 895 3160 ﬁdem,
930 3092 1025 3150 sed
1057 3110 1198 3165 opus
1232 3093 1378 3150 ﬁdei.
1416 3114 1436 3147 ι
1466 3094 1542 3151 Ut
1592 3093 1928 3166 gloriﬁcetur
1953 3110 2051 3150 no-

2170 592 2341 663 ἡμῶν
2364 594 2463 649 καί
2482 598 2706 666 Κυρίου
2749 596 2943 663 Ἰησοῦ
2981 595 3263 665 Χριστοῦ.

2240 686 2785 759 Θαυμασθήσεταιδέ
2817 688 2844 740 ὁ
2871 686 3023 752 Θεδς,
3065 686 3253 758 ἐπειδὴ
3302 686 3597 757 ἐπιστεύθη
3656 688 3744 757 ἐφ’

2170 780 2368 852 ὐμᾶςὴ
2400 781 2771 852 διαμαρτυρία
2798 780 2956 852 ἡμῶν
3012 781 3108 834 καὶ
3168 780 3231 834 τὸ
3285 780 3568 851 κήρυγμα.
3631 781 3744 834 Καὶ

2167 874 2285 937 πῶς
2312 875 2376 927 ἐκ
2404 874 2497 927 τοῦ
2519 873 2807 927 πιστεῦσαι
2839 873 3035 937 αὐτοὺς
3071 872 3150 943 τῷ
3198 873 3515 943 κηρύγματι
3564 872 3744 927 αὐτῶν

2171 962 2553 1034 μέλλειὸΘεὸς
2606 964 3025 1033 θαυμάζεσθαι;
3081 964 3205 1019 Ὅτι
3234 965 3283 1018 εί
3350 964 3423 1035 μὴ
3472 964 3743 1035 ἠκούσατε

2165 1055 2348 1125 ἡμῶν,
2381 1056 2567 1126 φησιν,
2590 1057 2691 1110 οὐκ
2716 1057 2974 1127 ἐμέλλετε
2992 1055 3265 1111 τοσούτων
3297 1055 3523 1125 ἀγαθῶν
3555 1054 3741 1120 ἀξιοῦ-

2167 1147 2430 1212 σθαι.Μὴ
2458 1147 2773 1219 ἀξιούμενοι
2805 1150 2884 1216 δὲ,
2932 1149 3034 1203 οὐκ
3089 1147 3155 1202 ἃν
3209 1148 3482 1220 πρόφασιν
3530 1147 3744 1211 δοξολοιο

2165 1241 2292 1309 γίας
2317 1242 2413 1296 καὶ
2438 1240 2718 1312 θαύματος
2747 1242 2826 1311 τῷ
2886 1241 3109 1314 Χριστῷ
3166 1241 3473 1312 παρέσχετε
3522 1241 3608 1309 ἐφ’
3661 1235 3745 1303 οἷς

2165 1334 2309 1403 ὑμᾶς
2344 1333 2617 1399 ἐδόξασεν.
2661 1354 2681 1387 ι
2735 1335 2823 1388 Ἐν
2854 1336 2923 1406 τῇ
2968 1335 3151 1406 ἡμέρᾳ
3180 1333 3386 1407 ἐκείνῃ.
3418 1352 3438 1385 ι
3502 1332 3594 1387 Ἐν
3632 1331 3743 1404 γὰρ

2162 1425 2228 1493 τῇ
2282 1423 2403 1477 τότε
2437 1423 2621 1495 ἡμέρᾳ
2657 1425 2945 1495 γενήσεται
2982 1425 3217 1496 φανερὸν
3246 1425 3330 1478 ὅτι
3357 1422 3740 1478 ἐπιστεύσατε.

2161 1515 2276 1570 Νῦν
2307 1515 2417 1586 γὰρ
2448 1516 2631 1569 πολλοὶ
2665 1517 2758 1570 καὶ
2784 1516 3172 1586 ὑποκρίνονται
3225 1519 3327 1587 τὴν
3356 1518 3562 1570 πίστιν.
3596 1534 3615 1567 ι
3646 1515 3743 1580 Εἰς

2161 1607 2190 1660 δ
2219 1608 2313 1661 καὶ
2342 1608 2774 1679 προσευχόμεθα.
2810 1628 2829 1662 ι
2875 1610 2968 1674 Εἰς
3001 1608 3159 1664 τοῦτο
3187 1609 3340 1675 αὐτὸ,
3378 1609 3536 1679 φησι,
3563 1625 3740 1679 προσ-

2162 1702 2458 1773 ευχόμεθα,
2494 1704 2583 1757 ἵνα
2612 1704 2708 1756 καὶ
2754 1705 2812 1757 ἐν
2850 1705 2979 1774 ὑμῖν
3030 1701 3259 1775 δοξασθῇ
3313 1704 3407 1756 καὶ
3448 1701 3740 1774 θαυμασθῇ

2163 1798 2361 1861 ὁΘεός.
2402 1815 2424 1851 ι
2455 1798 2575 1853 Ἵνα
2608 1798 2751 1869 ὑμᾶς
2775 1798 2981 1871 ἀξιώσῃ
3010 1798 3109 1867 τῆς
3139 1797 3405 1869 κλήσεως.
3447 1816 3466 1849 s
3498 1794 3564 1848 Τί
3584 1795 3695 1866 γάρ
3720 1812 3737 1858 ;

2163 1890 2263 1944 οὐκ
2291 1884 2433 1961 ἦσαν
2481 1890 2811 1961 κεκλημένοι
2836 1908 2852 1957 ;
2877 1891 2989 1944 ναί.
3030 1889 3142 1944 Καὶ
3166 1876 3275 1960 γὰρ
3305 1887 3508 1949 πάντες
3533 1885 3741 1955 κεκλή-

2162 1984 2322 2053 μεθα,
2355 1982 2469 2039 ἀλλ’
2532 1984 2593 2038 ob
2620 1982 2822 2048 πάντες
2844 1981 3224 2054 εἰσερχόμεθα.
3260 1982 3371 2035 Καὶ
3423 1977 3584 2034 τοῦτο
3645 1977 3744 2049 δη-

2156 2077 2343 2130 λοῦσιν
2374 2078 2428 2130 αἱ
2456 2076 2616 2130 πέντε
2645 2077 2930 2147 παρθένοι,
2997 2070 3092 2130 καὶ
3115 2076 3143 2129 ὀ
3168 2074 3236 2129 τὰ
3283 2072 3504 2145 ῥυπαρά
3545 2070 3739 2141 ἱμάτια

2156 2169 2313 2238 ἔχων.
2340 2169 2549 2237 κλῆσιν
2580 2163 2673 2222 οὖν
2706 2184 2859 2239 φησι,
2892 2167 2992 2239 τὴν
3025 2168 3117 2221 καὶ
3149 2166 3210 2219 τὸ
3262 2163 3525 2218 εἰσελθεῖν
3580 2163 3735 2232 ἐχουο

2158 2277 2275 2315 σαν.
2309 2260 2596 2331 Εὐχόμεθα
2624 2260 2682 2314 δέ
2710 2278 2899 2331 φησιν,
2933 2259 3022 2313 ἵνα
3054 2256 3322 2330 πληρώσῃ
3365 2257 3545 2310 πᾶσαν
3570 2251 3738 2308 αὑτοῦ

2155 2352 2253 2425 τὴν
2275 2352 2487 2421 ἀγαθὴν
2520 2351 2716 2424 βουλὴν
2740 2353 2819 2417 είς
2860 2353 3007 2423 ὑμᾶς
3037 2354 3065 2405 ὁ
3098 2350 3251 2413 Θεὸς.
3307 2347 3486 2419 Βουλὴ
3531 2347 3589 2401 δὲ
3642 2346 3739 2399 καὶ

2156 2444 2374 2498 εὐδοκία
2403 2443 2563 2509 Θεοῦ,
2625 2443 2685 2498 τὸ
2738 2443 2948 2506 πάντας
2982 2440 3303 2512 ἀνθρώπους
3353 2439 3593 2508 σωθῆναι
3643 2436 3741 2491 καὶ

2153 2538 2263 2590 τῶν
2287 2537 2519 2591 αίωνίων
2550 2538 2734 2607 τυχεῖν
2764 2534 3005 2604 ἀγαθῶν.
3037 2533 3323 2605 Πληρώσει
3345 2532 3402 2585 δὲ
3451 2532 3547 2585 καὶ
3573 2528 3738 2599 ἔργον

2156 2630 2396 2693 πίστεως
2426 2631 2483 2683 ἐν
2508 2629 2657 2698 ὑμῖν,
2682 2629 2739 2681 ἐν
2768 2630 2834 2700 τῇ
2855 2619 3048 2700 ὀίκείᾳ
3081 2627 3331 2697 δυνάμει.
3397 2624 3571 2677 Τοῦτο
3623 2622 3738 2691 γάρ

2155 2720 2368 2773 ἐκείνου
2400 2719 2723 2789 γεννητικόν
2743 2720 2918 2772 ἐστιν.
2963 2706 3088 2772 Ἐάν
3114 2717 3224 2788 γάρ
3245 2714 3510 2787 πληρώσῃ
3561 2712 3622 2767 τὸ
3651 2713 3739 2783 ερ-

2154 2829 2249 2881 γον
2282 2812 2517 2875 πίστεως
2566 2812 2710 2881 ὑμᾶς
2774 2810 3105 2874 ἐπιτελέσαι,
3160 2808 3377 2870 πάντως
3422 2804 3585 2860 αὐτοῦ
3639 2804 3738 2858 καὶ

2152 2905 2252 2975 τὴν
2283 2904 2530 2957 εὐδοκίαν
2561 2902 2859 2974 πληρώσει.
2887 2903 3029 2973 Ὅρα
3082 2902 3159 2966 δὲ,
3191 2902 3291 2954 οὐκ
3349 2895 3470 2952 εἷπε
3527 2897 3733 2960 πίστιν,

2153 2997 2270 3052 ἀλλ’
2299 2997 2461 3068 ἔργον
2493 2996 2751 3058 πίστεως.
2791 3014 2809 3047 ι
2848 2996 3037 3057 Ὅπως
3097 2991 3390 3064 ἐνδοξασθῇ
3452 2990 3511 3043 τὸ
3562 2989 3736 3059 ὄνομα

2155 3089 2251 3143 τοῦ
2282 3089 2511 3159 Κυρίου.
2552 3106 2571 3139 ι
2607 3086 2797 3157 Είγάρ
2832 3086 3006 3140 ταῦτα
3039 3086 3288 3155 γένηται,
3322 3082 3510 3153 φησιν,
3541 3080 3734 3152 ὥσπερ

476 3200 602 3240 men
632 3183 870 3241 Domini.
913 3205 934 3240 ι
966 3184 1024 3243 Si
1060 3187 1345 3243 enimliwc
1379 3188 1531 3254 ﬂant,
1576 3188 1776 3258 inquit,
1817 3190 1958 3243 sicut
1994 3188 2047 3242 in

2159 3182 2345 3243 ἐντοῖς
2376 3182 2552 3248 ἁγίοις
2576 3178 2741 3232 αὐτοῦ
2783 3176 3235 3248 ἐνδοξασθήσεται
3276 3176 3304 3228 ὁ
3358 3174 3513 3239 Θεὸς,
3546 3170 3734 3233 καθὼς

475 3278 686 3334 sanctis
729 3278 849 3334 suis
908 3278 1315 3349 gloriﬁcabitur
1362 3277 1530 3346 Deus,
1586 3280 2048 3350 quemadmodum

380 3406 383 3409 -
474 3371 729 3437 superius
757 3369 916 3436 dixit,
952 3371 1026 3425 ita
1058 3380 1111 3427 et
1141 3372 1196 3427 in
1241 3372 1442 3428 vobis:
1500 3370 1838 3444 glorificatur
1878 3373 2046 3439 enim,

478 3461 639 3516 veluti
670 3478 895 3533 quoque
938 3465 1194 3535 superius
1242 3464 1507 3532 diximus,
1568 3480 1692 3521 cum
1726 3464 1857 3519 talia
1906 3464 2048 3520 bona

477 3553 722 3621 impartit
746 3556 923 3612 servis
974 3557 1111 3612 suis.
1153 3556 1333 3626 Ipsius
1358 3573 1489 3613 vero
1538 3559 1706 3613 etiam
1738 3559 1913 3629 gloria
1943 3560 2051 3615 erit

475 3642 792 3713 hujusmodi
816 3646 975 3700 bonis
1009 3646 1224 3701 donari.
1254 3649 1364 3702 Aut
1411 3649 1513 3703 hoc
1546 3650 1709 3705 modo
1747 3649 1992 3721 intellige
2027 3669 2041 3706 ι

476 3731 533 3786 Si
602 3734 908 3804 impleverit
963 3750 1107 3806 opus
1166 3737 1287 3793 Ιίάοί
1339 3750 1537 3795 vestrae
1584 3756 1681 3811 per
1724 3742 2047 3810 potentiam,

470 3825 577 3880 hoc
611 3836 716 3891 est,
739 3843 836 3896 per
860 3828 1210 3883 tolerantiam
1235 3830 1618 3899 athictionum,
1643 3834 2047 3905 gloriﬁcahitur

472 3917 531 3971 in
569 3917 726 3972 vobis
752 3922 895 3988 quod
925 3929 1178 3989 potentes
1208 3923 1276 3977 ad
1305 3924 1408 3980 hoc
1433 3926 1648 3993 fecerit,
1675 3937 1730 3983 et
1752 3944 1949 3985 nervos
1978 3930 2047 3986 ad

470 4009 581 4064 hoc
613 4010 869 4065 tribuerit
895 4026 911 4064 :
938 4022 991 4066 et
1018 4029 1118 4069 vos
1148 4014 1201 4069 in
1232 4015 1366 4083 Deo,
1412 4019 1558 4089 quod
1587 4024 1836 4092 vosipsos
1852 4022 2046 4093 dignos

468 4099 838 4158 exhibueritis
874 4102 1064 4159 divino
1094 4121 1284 4163 amore
1335 4119 1389 4165 et
1418 4112 1645 4166 auxilio.
1686 4130 1703 4163 ι
1730 4114 1894 4170 Juxta
1922 4130 2047 4185 gra-

468 4193 599 4260 tiam
636 4195 728 4250 Dei
761 4198 957 4252 nostri.
999 4217 1019 4252 ι
1064 4198 1191 4255 Haec
1226 4202 1372 4256 enim
1403 4204 1590 4257 omnia
1626 4203 1836 4259 Christi
1870 4207 2044 4276 gratia

455 4296 560 4337 est.
594 4282 875 4354 Siquidem
903 4303 1009 4342 non
1035 4303 1249 4356 sumus,
1268 4292 1367 4355 ait,
1389 4289 1571 4345 idonei
1602 4289 1718 4345 sive
1739 4290 1910 4363 digni,
1935 4294 2036 4353 sed.

454 4376 634 4444 gratia
663 4375 786 4446 ejus
808 4392 904 4447 per
932 4393 1032 4434 nos
1064 4383 1248 4437 omnia
1278 4380 1461 4438 eﬂicit.

1073 4493 1303 4551 CAPUT
1382 4494 1448 4551 ll.

540 4579 618 4654 De
647 4581 751 4651 ﬁne
782 4584 873 4654 qui
905 4585 1005 4639 erit
1039 4595 1160 4654 post
1208 4586 1597 4642 Antichristum
1620 4591 1935 4646 mittendum
1968 4609 2036 4647 aa

463 4649 1261 4776 Judlreorum'redargu'tionem,
1289 4659 1378 4723 qui
1408 4658 1622 4715 Christo
1664 4676 1770 4716 non
1797 4663 2037 4721 credide-

463 4738 565 4776 run
594 4760 611 4776 .

463 4738 611 4777 runt.

535 4835 607 4900 li,
641 4837 695 4901 1,
723 4837 760 4891 ‘2
785 4837 1056 4907 Rogamus
1080 4850 1256 4893 autem
1288 4857 1398 4904 vos,
1450 4841 1666 4910 fratres,
1698 4859 1791 4911 per
1844 4846 2038 4902 adven-

464 4939 577 4982 tum
612 4929 827 4987 Domini
861 4932 1039 4985 nostri
1067 4930 1200 4985 Iesu
1227 4932 1452 4999 Christi,
1482 4945 1532 4989 et
1561 4937 1733 4991 nostri
1759 4954 2039 5011 congrega-

460 5018 657 5072 tionem
684 5020 739 5071 in
757 5019 949 5086 ipsum,
974 5036 1037 5074 ne
1052 5020 1156 5073 cito
1185 5020 1555 5077 dimoveamini
1580 5043 1612 5077 a
1635 5038 1821 5091 mente,
1837 5046 1899 5082 ne
1927 5041 2038 5083 tur-

460 5109 675 5173 bemini,
707 5126 878 5179 neque
921 5127 1014 5179 per
1060 5113 1331 5181 spiritum,
1366 5130 1528 5185 neque
1579 5133 1671 5185 per
1722 5136 2035 5184 sermonem.

458 5218 623 5270 neque
642 5216 734 5269 per
755 5203 1031 5270 epistotam
1060 5212 1312 5275 tanquam
1341 5206 1488 5262 nobis
1536 5210 1860 5280 auctoribus,
1889 5216 2047 5283 quasi

460 5294 624 5349 instet
648 5296 763 5349 dies
819 5293 1050 5349 Christi.

535 5386 693 5457 193
727 5386 773 5443 0
800 5387 921 5442 laus
979 5388 1179 5442 eximia
1204 5382 1555 5446 sanctorum!
1603 5391 1858 5451 Ostendit
1887 5398 2037 5452 enim

460 5478 605 5545 quod
645 5486 701 5531 et
725 5479 827 5547 ipsi
861 5493 986 5532 cum
1012 5477 1236 5534 Christo
1273 5483 1758 5552 cungregahuntur
1785 5499 1842 5542 ut
1870 5489 2036 5543 etiam

459 5567 565 5639 ipsi
595 5568 757 5623 simul
786 5584 910 5623 cum
945 5584 1011 5625 eo
1057 5581 1378 5642 appareant,
1410 5582 1465 5629 et
1501 5591 1607 5630 una
1643 5592 1767 5632 cum
1790 5594 1857 5635 eo
1898 5596 2036 5636 con-

458 5659 701 5712 veniant.
740 5677 760 5711 ι
791 5657 871 5714 Ne
901 5658 1035 5716 cito.
1077 5678 1096 5713 ι
1163 5660 1305 5727 Quid
1342 5673 1526 5720 autem
1563 5682 1824 5734 rogamus
1853 5686 1948 5728 vos
1977 5682 2034 5730 et

459 5746 855 5801 exhortamur?
898 5747 976 5804 Ne
1008 5750 1141 5817 cito,
1175 5750 1375 5821 inquit,
1418 5757 1734 5812 terrcamini
1778 5773 1842 5814 ac
1872 5760 2031 5819 time-

541 5843 560 5872 ⁸
597 5840 787 5897 Matth.
825 5856 953 5908 xxv,
1000 5843 1023 5896 1
1086 5858 1242 5917 seqq.
1320 5847 1550 5904 ’Matth.
1584 5866 1717 5919 xxn,
1768 5852 1834 5907 12

2074 4516 2123 4574 D

2153 3273 2266 3328 ἄνω
2297 3268 2472 3335 εἶπεν,
2505 3270 2676 3334 οὕτως
2710 3269 2806 3324 κα)⁸
2837 3270 2894 3321 ἐν
2925 3269 3076 3339 ὑμῖν.
3118 3267 3411 3332 Δοξάζετσι
3463 3266 3594 3336 γὰρ,
3627 3281 3735 3316 xa-

2153 3366 2260 3429 θὼς
2291 3367 2385 3420 καὶ
2417 3366 2529 3421 ἀνω
2548 3366 2796 3434 εἴπομεν,
2824 3362 3081 3416 τοιούτων
3118 3359 3284 3426 ἀξιῶν
3335 3359 3460 3421 τοὺς
3510 3356 3733 3417 δούλους

2151 3458 2345 3517 αὺτοῦ.
2371 3460 2483 3512 Καὶ
2510 3458 2692 3520 αὐτοῖς
2711 3457 2766 3510 δὲ
2792 3455 2916 3520 δόξα
2939 3454 3119 3515 ἔσται.
3144 3453 3206 3506 τὸ
3248 3448 3509 3505 τοιούτων
3560 3447 3734 3518 ὴξιῶο

2154 3554 2299 3609 σθαι.
2334 3554 2404 3605 Ἦ
2426 3550 2601 3615 οὕτως
2628 3550 2821 3620 νόησον
2842 3565 2857 3579 ·
2893 3548 2955 3601 Ei
2983 3543 3265 3617 πληρώσει
3318 3543 3381 3596 τὸ
3412 3542 3574 3612 ἔργον
3629 3540 3734 3609 τῆς

2150 3645 2388 3707 πίστεως
2445 3642 2601 3714 ὑμῶν
2655 3642 2713 3694 ἐν
2750 3641 3000 3709 δυνάμει,
3047 3637 3350 3699 τουτέστιν,
3381 3636 3437 3687 ἐν
3480 3634 3730 3702 ὑπομονῇ

2152 3738 2496 3811 πειρασμῶν,
2516 3735 2908 3805 δοξασθήσεται
2934 3732 3111 3795 ὁΘεδς
3143 3734 3201 3784 ἐν
3240 3731 3390 3801 ὑμῖν,
3438 3728 3519 3780 ὅτι
3567 3724 3733 3778 δυνα-

2148 3834 2274 3895 τοὺς
2305 3831 2605 3900 κατέστησε
2641 3814 2776 3899 πρὸς
2807 3827 2964 3881 τοῦτο
2991 3825 3086 3879 καὶ
3113 3822 3406 3894 ἐνεύρωσε,
3442 3819 3536 3873 καὶ
3566 3817 3732 3886 ὑμεῖς
3766 3864 3779 3869 -

2148 3927 2207 3980 ἐν
2239 3924 2316 3995 τῷ
2345 3922 2485 3993 Θεῷ,
2522 3924 2604 3976 ὅτι
2626 3921 2813 3986 ἀξίους
2859 3919 3099 3985 ἐδείξατε
3146 3916 3372 3978 ἑαυτοὺς
3422 3914 3519 3983 τῆς
3574 3911 3731 3972 θείας

2148 4017 2370 4086 ἀγάπης
2398 4015 2495 4068 καὶ
2524 4014 2868 4085 ἐπικουρίας.
2906 4031 2923 4064 ι
2950 4012 3109 4064 Κατά
3141 4009 3237 4079 τὴν
3272 4009 3432 4079 χάριν
3467 4005 3560 4058 τος
3588 4000 3728 4056 Θεοῦ

2147 4110 2326 4182 ἡμῶν.
2367 4127 2386 4160 s
2418 4107 2593 4178 Χάρις
2621 4106 2731 4177 γὰρ
2761 4106 2933 4160 ταῦτα
2966 4105 3145 4158 πάντα
3196 4098 3454 4172 Χριστοῦ.
3491 4098 3564 4151 Οὐ
3614 4096 3729 4165 γὰρ

2146 4203 2331 4274 ἡμεῖς.
2362 4200 2518 4271 φησὶ,
2560 4198 2697 4271 πρδς
2722 4197 2898 4253 ταῦτά
2916 4200 3083 4266 ἐσμεν
3137 4193 3373 4264 ίκανοὶῆ
3411 4190 3574 4258 ἄξιοι,
3608 4186 3727 4242 ἀλλ’

2151 4297 2185 4365 ἡ
2218 4294 2375 4366 χάρις
2401 4291 2567 4346 αὐτοῦ
2595 4291 2662 4346 δι’
2683 4292 2844 4362 ἡμῶν
2881 4290 3061 4344 πάντα
3083 4286 3364 4358 κατορθοῖ.

2772 4492 3026 4548 ΚΕΦΑΛ.
3065 4492 3108 4544 Β
3126 4530 3142 4546 .

2155 4589 2296 4657 Περὶ
2350 4588 2587 4653 τέλους,
2658 4588 2748 4657 ὅτι
2785 4587 2936 4656 μετὰ
3000 4586 3414 4657 Ἀντίχριστον
3440 4582 3557 4657 τὸν.
3577 4594 3725 4645 πεμ-

2216 4650 2482 4739 ίξόμενρν
2517 4650 2616 4712 ἐπὶ
2641 4650 2870 4729 ἐλέγχῳ
2897 4650 3219 4721 Ἰουδαίωῖ,
3249 4650 3727 4721 ἀπιστησάντων

2216 4732 2466 4798 Χριστῷ.

2228 4843 2565 4913 Ἐρωτῶμεν
2589 4842 2657 4897 δὲ
2681 4841 2858 4912 ὑμᾶς,
2881 4839 3152 4910 ἀδελφοὶ,
3175 4839 3328 4908 ὑπὲρ
3356 4839 3465 4907 τῆς
3498 4854 3726 4905 παρου-

2145 4938 2286 5004 σίας
2302 4937 2409 4992 τοῦ
2425 4936 2647 5005 Κυρίου
2668 4933 2837 5005 ἡμῶν
2875 4934 3084 5001 Ἰησοῦ
3126 4933 3383 5001 Χριστοῦ
3409 4935 3505 4987 καὶ
3547 4930 3725 4999 ἡμῶν
3818 5000 3823 5007 .

2144 5029 2609 5100 ἐπισυναγωγῆς
2647 5029 2739 5081 ἐπ’
2768 5028 3083 5093 αὐτόν’,εῑς
3107 5026 3172 5079 τὸ
3199 5026 3284 5095 μὴ
3333 5028 3557 5094 ταχέως
3602 5041 3723 5079 σα-

2140 5121 2431 5191 λευθῆναι
2464 5119 2621 5190 ὑμᾶς
2642 5118 2761 5175 ἀπὸ
2789 5119 2893 5174 τοῦ
2924 5118 3087 5197 νοὸς,
3116 5118 3270 5190 μήτε
3291 5119 3591 5184 θροεῖσθαι
3617 5116 3723 5171 διὰ

2141 5215 2500 5279 πνεύματος,
2526 5212 2679 5281 μήτε
2695 5210 2791 5264 διὰ
2810 5213 3019 5281 λόγου,
3044 5211 3191 5280 μήτε
3209 5208 3723 5277 δι’ὲπιστολῆςώς

2140 5304 2215 5358 δι’
2245 5302 2431 5372 ἡμῶν,
2462 5303 2543 5367 ὡς
2562 5301 2652 5355 ὅτι
2677 5301 3009 5369 ἐνέστηκεν
3036 5301 3073 5368 η
3094 5301 3284 5371 ἡμέρα
3297 5299 3404 5354 τοῦ
3430 5299 3716 5367 Χριστοῦ.

2208 5396 2279 5448 Ὦ
2311 5395 2587 5464 ἐγκώμιον
2615 5393 2947 5461 τῶνὰγίωνῑ
2982 5393 3150 5460 ἔδειξε
3179 5395 3287 5463 γὰρ
3318 5393 3401 5446 ὅτι
3425 5393 3518 5445 καὶ
3556 5392 3720 5445 αὐτοὶ

2143 5484 2671 5556 ἐπισυναχθήσονται
2697 5484 2774 5555 τῷ
2803 5484 3047 5555 Χριστῷ,
3080 5484 3155 5548 ὡς
3186 5486 3281 5537 καὶ¹
3338 5483 3538 5547 αὐτοὺς
3591 5482 3717 5554 μετ’

2142 5578 2306 5632 αὐτοῦ
2346 5576 2652 5647 φαίνεσθαι,
2684 5578 2776 5630 καὶ
2804 5577 2922 5647 ἅμα
2959 5576 3107 5647 αύτῷ
3137 5575 3423 5648 συνῆχθαι.
3480 5577 3574 5639 Εἰς
3628 5575 3717 5641 τὸ,

2146 5691 2164 5724 ι
2193 5670 2283 5726 Min
2310 5672 2545 5741 ταχέως.
2574 5688 2593 5723 s
2631 5669 2696 5723 Τί
2725 5668 2781 5723 δέ
2814 5667 3109 5740 ἐρωτῶμεν
3128 5667 3273 5739 ὑμᾶς
3322 5672 3415 5721 καὶ
3451 5682 3716 5739 παρακα-

2139 5760 2338 5835 λοῦμεν
2364 5780 2379 5830 ;
2411 5763 2505 5827 Εἰς
2526 5762 2585 5817 τὸ
2612 5764 2689 5835 μὴ
2714 5762 2943 5833 ταχέως,
3003 5761 3154 5832 φησι,
3216 5759 3539 5830 σαλευθῆναι
3603 5760 3715 5818 ἀπὸ
