4036 6616
337 427 436 491 1:7

1283 436 1671 499 COMMENT.
1711 439 1791 500 IN
1821 437 2062 499 EI’IST.
2104 441 2160 500 ll
2204 442 2303 502 AD
2330 441 2694 503 THESSAL.
2756 503 2777 519 ,

3470 445 3585 508 113ῖ

301 540 394 596 τοῦ
417 541 561 607 τοὺς,
589 542 857 609 τουτέστι,
875 528 1227 617 ταραχθῆναι
1244 549 1339 602 καὶ
1369 551 1674 621 φοϐηθῆναι
1701 552 1766 605 ὲκ
1787 551 1888 625 τῆς
1921 578 1934 609 Α

2038 557 2102 608 iis
2145 568 2212 608 ex
2273 555 2592 626 ignorantia
2640 564 2696 612 et
2740 556 2941 615 timore
3000 560 3224 616 mentis.
3279 557 3596 616 Sciendum-

305 631 399 686 τοῦ
424 632 520 686 νοῦ
550 634 778 700 ἀγνοίας
807 635 903 690 καὶ
929 636 1103 691 δειλία
1120 656 1166 702 ς.
1215 638 1411 694 ἰστέον
1440 642 1549 715 γὰρ
1599 645 1683 698 ὅτι
1747 644 1891 707 τινὲς

305 722 590 792 λυμεῶνες
606 727 956 799 ἀνεφάνησαν
989 730 1121 801 παρ’
1152 732 1357 797 αὐτοῖς,
1419 735 1722 803 φάσκοντες
1771 738 1895 807 ὲφι-

309 819 504 872 στάναι
533 818 635 889 τὴν
664 820 879 892 ἡμέραν
913 822 1014 894 τῆς
1035 822 1294 897 δευτέρας
1315 826 1410 880 τοῦ
1448 826 1689 900 Χριστοῦ
1749 846 1893 898 παρ-

1976 647 2136 699 ειήιιι
2165 648 2312 717 quod
2343 657 2705 719 corruptores
2766 651 2988 721 quidam
3022 660 3401 722 apparuerunt
3435 655 3578 721 apud

1995 738 2146 806 ipsos
2172 739 2266 809 qui
2295 740 2549 797 dicerent
2610 743 2823 798 instare
2868 744 3011 800 diem
3052 744 3285 800 secundi
3311 746 3601 801 adventus.

1993 829 2225 895 Christi,
2258 838 2313 886 et
2340 832 2647 889 turbabant
2712 850 2775 889 ac
2806 836 3093 892 terrebant
3116 851 3241 892 eos.
3276 838 3344 890 A‘t
3373 836 3582 893 Paulus

308 912 523 976 ουσίας,
581 915 678 968 καὶ
725 912 951 985 ὲθρόουν
994 917 1193 981 αὐτοὺς
1249 919 1343 972 καὶ
1402 921 1653 976 ἐπτόουν.
1709 916 1895 977 Εἷταὸ

2038 934 2126 975 ine
2154 935 2264 975 non
2292 921 2430 977 dicit
2482 923 2703 979 interim
2741 926 2964 997 quando
2991 929 3120 994 erit,
3171 929 3265 984 sed
3298 944 3405 982 non
3435 944 3599 984 nunc-

311 1002 549 1067 Παῦλος,
574 1004 704 1058 πότε
739 1005 841 1077 μὲν
865 1007 1040 1074 ἔσται,
1068 1008 1128 1062 οὐ
1159 1008 1329 1078 λέγει,
1356 1010 1438 1064 ὄτι
1470 1009 1526 1065 δὲ
1555 1011 1617 1065 οὐ
1658 1010 1754 1065 νῦν
1801 1014 1896 1082 ἑφ-

312 1098 548 1170 έστηκεν
573 1101 943 1165 ἀποδείκνυσι.
982 1109 1188 1177 σημεῖα
1232 1108 1408 1180 λέγων
1433 1110 1535 1180 τῆς
1569 1110 1894 1183 παρουσίας.

319 1207 339 1242 ι
375 1191 533 1259 Μήτε
558 1191 647 1245 διὰ
672 1192 1014 1265 Πνεύματος.
1051 1215 1070 1249 ι
1101 1199 1564 1271 Ψευδοπροφῆται
1593 1201 1703 1273 γὰρ
1727 1201 1899 1257 ταῦτα

317 1278 528 1349 ἔλεγον.
563 1283 704 1352 Φησὶ
733 1282 790 1336 δὲ
817 1284 1059 1357 πνεῦμα,
1096 1284 1211 1342 οἷον
1270 1290 1537 1363 χάρισμα.
1611 1292 1734 1347 Ἵνα
1789 1293 1900 1365 γὰρ

317 1373 588 1447 συνανέλῃ
639 1376 770 1440 τοὺς
840 1376 1317 1452 ψευδοπροφήτας,
1378 1383 1681 1449 καθολικῶς
1723 1381 1896 1448 εἶπεν,

316 1465 401 1518 ὅτι
421 1465 527 1519 κάν
543 1468 794 1538 χάρισμά
821 1486 906 1533 τις
929 1470 1067 1541 ἔχων
1096 1477 1438 1547 προφητείας
1457 1475 1616 1532 τοῦτο
1646 1478 1799 1551 εἴπῃ,
1826 1478 1902 1552 μὴ

322 1557 679 1629 πιστεύσητε.
745 1559 821 1615 Ἦ
880 1562 1098 1635 πνεῦμα
1141 1566 1290 1637 λέγει
1342 1569 1403 1623 τὸ
1442 1570 1776 1642 ἀκάθαρτον.
1803 1570 1905 1626 Διά

324 1651 436 1720 γὰρ
466 1650 781 1723 ἀκαθάρτου
808 1656 1123 1725 πνεύματος
1164 1657 1390 1715 ἐλάλουν
1434 1663 1485 1716 οί
1517 1662 1905 1737 ψευδοπροφῆ-

321 1757 437 1795 ⁴ται.
458 1740 644 1813 Ταύτῃ
694 1746 760 1815 τῇ
806 1744 1033 1819 δευτέρᾳ
1062 1748 1332 1824 ἑρμηνείᾳ
1393 1752 1547 1809 ἔθετο
1575 1756 1606 1809 δ
1637 1756 1908 1829 μακάριος

337 1832 616 1906 Ἰωάννης.
645 1854 664 1887 r
691 1838 848 1908 Μήτε
884 1838 972 1894 διὰ
1003 1840 1185 1909 λόγου.
1218 1863 1238 1896 ι
1275 1845 1638 1921 Πιθανολογίᾳ
1652 1849 1762 1921 γάρ
1777 1867 1904 1918 τινι,

1999 1013 2197 1068 saltem
2241 1014 2448 1071 instare
2512 1016 2803 1088 signiﬁcat,
2842 1020 3002 1091 signa
3053 1021 3248 1078 dicens
3285 1021 3582 1077 adventus.

2004 1120 2023 1153 r
2065 1100 2252 1173 Neque
2315 1120 2413 1174 per
2462 1105 2758 1175 Spiritum.
2816 1127 2837 1160 ι
2874 1106 3382 1180 Pseudopr'ophette
3436 1109 3597 1164 enirn

2000 1194 2117 1249 haec
2149 1194 2428 1251 dicebant.
2472 1195 2742 1267 Spiritum
2789 1216 2921 1256 vero
2958 1202 3056 1264 ait,
3084 1202 3192 1257 hoc
3228 1209 3335 1265 est,
3366 1202 3585 1257 charis-

2003 1300 2091 1339 ma
2148 1291 2203 1339 et
2259 1287 2523 1340 donum:
2576 1296 2637 1343 ut
2694 1288 2843 1343 enim
2897 1290 3415 1361 pseudopmphetas
3476 1306 3595 1345 nna-

2001 1377 2540 1448 comprebenderet,
2597 1380 2990 1438 nniversaliter
3041 1383 3205 1449 dixit,
3267 1383 3414 1455 quod
3461 1385 3593 1438 licet

2003 1467 2280 1538 quispiam
2307 1470 2517 1525 donum
2554 1471 2767 1528 habens
2806 1475 3109 1544 prophetia:
3140 1476 3248 1530 hoc
3274 1475 3497 1536 dixerit.
3522 1490 3592 1529 ne

2005 1561 2272 1622 credatis.
2304 1563 2413 1618 Aut
2466 1562 2724 1634 spiritum
2779 1564 2917 1620 dicit
2969 1567 3269 1638 impurum.
3317 1565 3452 1620 Nam
3499 1582 3597 1636 per

2007 1652 2269 1723 Spiritum
2328 1655 2612 1727 impurum
2664 1657 3036 1729 loquebantur
3077 1660 3595 1730 pseudOproplretre.

2009 1744 2149 1801 lluic
2172 1747 2431 1802 secundae
2475 1747 2912 1819 interpretationi
2953 1752 3195 1807 assensit
3233 1751 3397 1806 divus
3426 1750 3597 1806 Joan-

2008 1853 2127 1894 nes.
2170 1858 2189 1891 ι
2216 1837 2404 1909 Neque
2433 1854 2531 1911 per
2571 1855 2905 1898 sermonem.
2950 1861 2971 1896 ι
3009 1843 3260 1910 Quodam
3297 1844 3442 1899 enim
3478 1859 3603 1914 per-

326 1926 553 1983 επειθον
585 1930 951 2003 ἐφεστηκέναι
983 1934 1082 2004 τὴν
1110 1937 1328 2007 ἡμέραν
1358 1938 1449 1994 τοῦ
1479 1942 1710 2014 Κυρίου.
1757 1964 1776 1996 r
1796 1946 1910 2017 Μή-

2038 1931 2270 1987 ιιιαεὶὺίιί
2308 1948 2565 1991 sermone
2593 1935 2903 1991 suadebant
2948 1936 3159 1991 instare
3181 1937 3328 1991 diem
3359 1936 3599 1991 Domini.

329 2037 390 2071 τε
419 2019 489 2073 δι’
513 2021 828 2092 ἐπιστολῆς.
869 2041 889 2076 ι
923 2024 1033 2078 Καὶ
1063 2026 1357 2093 ἐπιστολὰς
1382 2032 1493 2103 γὰρ
1525 2032 1601 2099 ὡς
1625 2033 1685 2102 ἐξ
1715 2036 1915 2108 ὀνόμα-

325 2128 419 2175 τος
447 2111 543 2165 τοῦ
576 2112 788 2168 Παύλου
810 2114 1097 2183 ἔπλαττον,
1125 2120 1283 2177 τοὸτο
1315 2122 1478 2193 δῆθεν
1498 2126 1768 2197 δηλώσας.

400 2206 499 2272 Μή
526 2221 619 2271 τις
650 2205 806 2276 ὑμᾶς
833 2209 1190 2283 ἐξαπατήσῃ
1235 2218 1385 2273 κατὰ
1406 2218 1642 2287 μηδένα
1671 2221 1916 2288 τρόπον,

331 2292 555 2347 ὅτιέὰν
576 2293 664 2364 μὴ
696 2296 844 2365 ἔλθῃ
888 2298 927 2367 ἠ
969 2300 1319 2361 ἀποστασία
1362 2305 1616 2374 πρῶτον,
1650 2308 1750 2362 καὶ
1770 2310 1919 2366 ἁπο-

334 2387 623 2458 κα.ῑυςρθῆ
679 2392 713 2444 ό
768 2389 1081 2462 ἅνθρωπος
1117 2393 1227 2463 τῆς
1259 2395 1570 2467 ἁμαρτίας,
1602 2403 1635 2455 ό
1662 2403 1791 2469 υιός
1814 2402 1922 2472 τῆς

332 2477 665 2546 ἀπωλείας,
690 2483 723 2535 ό
753 2481 1168 2554 ἀντικείμενος
1198 2488 1295 2543 καί
1321 2491 1790 2562 ὑπεραιρόμενος
1821 2497 1922 2551 ἐπὶ

336 2567 539 2622 πάντα
560 2572 896 2640 λεγόμενον
937 2575 1085 2629 Θεὸν
1124 2575 1163 2645 ἧ
1218 2578 1514 2652 σέϐασμα,
1537 2579 1694 2639 ὥστε
1736 2586 1925 2643 αὑτὸν

337 2663 425 2726 εις
449 2663 561 2716 τὸν
584 2664 739 2719 ναὸν
762 2666 871 2721 τοῦ
911 2669 1063 2724 Θεοῦ
1108 2670 1188 2738 ὡς
1232 2674 1380 2729 Θεὸν
1414 2678 1657 2732 καθίσαι
1686 2680 1926 2737 ἀποδει-

340 2756 572 2811 κνύντα
602 2757 822 2814 ἑαυτὸν
845 2760 934 2815 ὅτι
966 2762 1096 2831 ἐστι
1125 2765 1289 2833 Θεός.

423 2849 641 2921 Ἐπειδὴ
665 2846 785 2905 εἷπε
818 2852 896 2924 μὴ
928 2854 1234 2923 ἐφιστάναι,
1275 2859 1444 2930 αὐτῆς
1472 2860 1658 2916 λοιπὸν
1687 2864 1787 2934 τῆς
1810 2865 1929 2918 ἑπι-

346 2940 575 3006 στασίας
609 2945 812 3014 σημεῖα
854 2944 1024 3015 λέγει,
1061 2949 1157 3001 καὶ
1210 2949 1352 3020 μέγα
1385 2954 1687 3025 μυστήριον
1716 2956 1929 3011 ἀποκα-

344 3035 563 3094 λύπτει.
611 3057 631 3091 r
667 3037 822 3092 Κατά
849 3041 1053 3111 μηδένα
1084 3042 1303 3114 τρόπον.
1339 3064 1358 3096 ι
1395 3047 1484 3117 Μὴ
1516 3047 1661 3102 κατά
1688 3049 1926 3120 πνεῦμα,

348 3130 504 3200 φησι,
543 3131 619 3200 μὴ
675 3134 819 3186 κατὰ
851 3132 1030 3201 λόγον,
1066 3133 1142 3206 μὴ
1189 3135 1334 3190 κατά
1375 3138 1684 3211 ἐπιστολήν.
1729 3159 1749 3192 ι
1805 3141 1931 3196 Ἐὰν

2022 2045 2041 2078 ι
2080 2023 2271 2095 Neque
2289 2041 2385 2095 per
2415 2027 2734 2098 epistolam.
2767 2046 2787 2080 ι
2814 2025 2946 2081 Nam
2967 2038 3023 2084 et
3047 2027 3314 2099 epistolas
3338 2039 3602 2096 tanquam

2015 2134 2083 2174 ex
2115 2116 2267 2172 Pauli
2297 2118 2518 2175 nomine
2548 2119 2846 2189 llngebant,
2867 2127 2920 2174 et
2955 2120 3059 2174 hoc
3082 2135 3217 2175 sane
3250 2118 3594 2175 manifestat.

2090 2209 2155 2276 ll,
2187 2211 2243 2273 ὅ,
2266 2209 2323 2264 4.
2364 2208 2451 2264 Ne
2482 2211 2600 2280 quis
2629 2227 2718 2265 vos
2749 2210 2979 2280 decipiat
3006 2211 3120 2265 υιιο
3151 2211 3326 2273 modo,
3355 2212 3607 2281 quoniam

2019 2302 2124 2355 nisi
2157 2303 2350 2357 venerit
2377 2303 2610 2371 primum
2633 2304 2876 2371 defectio,
2899 2312 2951 2359 et
2978 2304 3236 2359 reveiatus
3266 2305 3425 2376 fuerit
3448 2304 3605 2359 homo

2020 2394 2113 2448 ille
2134 2394 2354 2463 peccati,
2381 2394 2528 2464 ﬁlius
2563 2396 2901 2465 perditionis,
2941 2396 3031 2467 qui
3061 2405 3139 2451 est
3169 2396 3530 2458 adversarius.
3557 2402 3611 2450 et

2021 2487 2235 2556 eﬂ‘ertur
2256 2487 2507 2542 adversus
2525 2503 2731 2542 omnem
2760 2488 2852 2559 qui
2875 2487 3075 2541 dicitur
3100 2487 3240 2543 Deus
3268 2497 3361 2541 aut
3393 2503 3608 2551 numen,

2024 2576 2158 2631 adeo
2202 2586 2257 2630 ut
2292 2577 2345 2630 in
2380 2577 2572 2647 templo
2602 2577 2702 2633 Dei
2731 2589 2989 2650 tanquam
3020 2577 3161 2634 Deus
3195 2580 3397 2646 sedeat,
3434 2590 3612 2635 osten-

2027 2678 2149 2724 tans
2187 2670 2415 2739 seipsum
2445 2686 2556 2725 esse
2588 2670 2775 2726 Deum.

2098 2849 2374 2916 Quoniam
2415 2850 2559 2908 dixit
2589 2867 2700 2908 non
2736 2852 2971 2919 instare,
3016 2853 3197 2923 ipsius
3224 2854 3483 2924 deinceps
3515 2870 3616 2926 ap-

2032 2943 2513 3012 propinquationis
2559 2944 2717 3013 signa
2772 2944 2929 3008 dicit,
2985 2952 3042 3000 et
3090 2960 3351 3017 magnum
3409 2949 3618 3003 revelat

2034 3034 2375 3105 mysterium.
2414 3054 2434 3088 ι
2469 3033 2594 3091 Ullo
2625 3035 2788 3092 modo
2820 3054 2840 3088 ι
2880 3036 3071 3107 Neque
3096 3052 3191 3105 per
3213 3038 3467 3107 spiritum
3494 3082 3509 3104 ,
3534 3041 3619 3095 in-

2033 3127 2172 3194 quit.
2213 3140 2391 3197 neque
2420 3134 2517 3197 per
2562 3142 2874 3201 sermonem
2898 3169 2913 3195 ,
2957 3143 3139 3198 neque
3175 3144 3272 3199 per
3307 3131 3616 3201 epistolam.

353 3223 428 3292 μὴ
459 3221 587 3293 ἔλθῃ
614 3222 944 3277 ἀποστασία.
987 3244 1006 3278 ι
1055 3227 1418 3283 Ἀποστασίαν
1464 3229 1626 3284 αὐτὸν
1671 3231 1934 3300 λέγειτδν

2045 3235 2063 3268 r
2101 3215 2218 3272 Nisi
2253 3217 2469 3273 venerit
2501 3217 2760 3276 defectio.
2804 3237 2823 3272 ι
2864 3218 3240 3275 Deiectionem
3274 3222 3412 3276 dicit
3438 3222 3619 3292 ipsum

363 3313 758 3385 Ἀντίχριστον,
780 3314 855 3380 ὡς
888 3316 1121 3390 ἀφιστᾷν
1159 3319 1422 3391 μέλλοντα
1447 3322 1677 3388 πολλοὺς
1708 3324 1818 3379 ἀπὸ
1841 3324 1934 3380 τοῦ

353 3406 699 3479 Χριστοῦ.Ἦ
735 3409 1094 3476 ἀποστασίαν,
1115 3410 1284 3484 αὐτὴν
1310 3412 1408 3485 τὴν
1435 3414 1544 3469 ἀπὸ
1569 3414 1703 3470 Θεοῦ
1733 3405 1941 3489 ἀξιαχώ⁴

357 3510 539 3568 ρησιν,
567 3495 665 3551 καὶ
692 3498 824 3552 αὐτὸ
844 3500 907 3552 τὸ
932 3504 1188 3571 πρᾶγμα.
1209 3532 1261 3542 -
1315 3522 1334 3555 r
1370 3503 1481 3557 Kal.
1508 3506 1891 3580 ἀποκαλυφθῇ.
1910 3527 1933 3562 ι

2037 3308 2439 3365 Antichristum
2466 3348 2483 3375 ,
2527 3309 2676 3381 quod
2732 3310 2936 3367 multos
2981 3319 3361 3382 separaturus.
3393 3323 3540 3369 esset
3590 3329 3621 3368 a

2037 3400 2281 3459 Christo.
2317 3402 2426 3458 Aut
2445 3402 2783 3473 apostasiam
2811 3404 2926 3460 sive
2945 3403 3309 3460 defectionem
3343 3406 3421 3460 ait
3445 3407 3625 3477 ipsam

2038 3510 2073 3550 a
2108 3495 2217 3551 Deo
2244 3496 2675 3566 separationem,
2710 3505 2767 3553 et
2796 3512 2910 3553 rem
2934 3497 3114 3568 ipsam
3146 3514 3269 3568 quae
3297 3514 3395 3569 per
3425 3515 3630 3557 nomen

358 3588 692 3661 [GEOAQR]
718 3589 1088 3663 Σϐεσθήσεται
1109 3593 1217 3666 γὰρ
1239 3596 1272 3666 ἠ
1294 3595 1601 3667 κατέχουσα
1624 3577 1823 3670 πλάνη,
1842 3577 1934 3653 καὶ

2044 3587 2405 3659 signiﬁcatur.
2435 3620 2508 3630 —
2546 3608 2566 3641 ι
2606 3588 2674 3645 Ει
2707 3591 2981 3645 revelatus
3013 3589 3196 3648 fuerit.
3235 3610 3255 3644 ι
3293 3589 3623 3663 Exstingue-

360 3679 512 3750 λήξει
560 3679 670 3734 τῶν
715 3680 948 3735 είδώλων
977 3683 1012 3754 ἡ
1049 3681 1316 3755 ἑξαπάτη,
1365 3686 1462 3739 καὶ
1494 3687 1614 3741 τότε
1663 3689 1943 3743 ἀποκαλυ-

363 3770 628 3842 φθήσεται
677 3773 707 3825 ὁ
738 3770 957 3845 ἄνομος.
1013 3774 1183 3830 Τοῦτο
1232 3780 1340 3850 γάρ
1378 3778 1471 3833 καὶ
1501 3782 1529 3834 ὁ
1566 3779 1770 3852 Κύριος
1799 3778 1942 3849 εἷπε,

369 3878 390 3912 ι
420 3860 847 3934 Κηρυχθήσεται
875 3866 937 3918 τὸ
968 3864 1303 3936 Εὐαγγὲλιον
1327 3869 1409 3933 είς
1440 3870 1618 3924 πάντα
1639 3870 1709 3925 τὰ
1731 3875 1946 3944 πέρατα

364 3952 462 4020 τῆς
480 3951 587 4020 γῆς
608 3953 688 4016 είς
708 3954 1009 4026 μαρτύριον
1032 3957 1236 4023 αὐτοῖς,
1262 3958 1359 4012 καὶ
1378 3959 1499 4013 τότε
1517 3960 1639 4031 ἥξει
1658 3961 1719 4015 τὸ
1735 3963 1941 4028 τέλος.»

368 4070 437 4081 -—
468 4061 487 4095 ι
523 4043 582 4096 Ὀ
612 4042 896 4115 ἄνθρωπος
912 4036 1014 4119 τῆς
1037 4049 1333 4121 ἁμαρτίας.
1358 4071 1377 4106 ι
1401 4050 1634 4125 [1ΩΑΝ.]
1665 4055 1762 4119 Τίς
1792 4048 1950 4122 οὗτος

367 4136 557 4204 ἐστίνς
613 4134 725 4210 ἆρα
754 4142 783 4193 ὁ
818 4141 1099 4211 Σατανᾶς;
1136 4144 1408 4216 οὐδαμῶς.
1479 4147 1622 4201 Ἀλλ’
1666 4146 1951 4220 ἄνθρωπός

366 4245 473 4293 τις,
503 4231 688 4285 πᾶσαν
718 4231 883 4287 αὐτοῦ
899 4233 1185 4308 δεχόμενος
1200 4236 1298 4308 τὴν
1323 4238 1624 4309 ἐνέργειαν.
1651 4237 1949 4315 [ΣΕΥΗΡ.]

374 4323 530 4378 Κατά
575 4323 809 4396 μίμησιν
850 4329 944 4381 τοῦ
989 4328 1243 4400 Σωτῆρος
1272 4329 1495 4402 ἔρχεται
1530 4333 1559 4387 ὁ
1595 4333 1862 4402 Σατανᾶς,
1895 4338 1955 4389 ὲν

376 4413 651 4488 ἀνθρώπῳ
679 4418 979 4493 ὁλοκλήρῳ.
1016 4450 1090 4461 ——-
1124 4422 1371 4490 Ἄλλως.
1410 4423 1727 4497 Ἄνθρωπον
1771 4428 1955 4501 ἀμαρ-

379 4507 498 4570 τίας
527 4509 692 4563 αὑτὸν
718 4510 870 4579 λέγει
920 4512 1011 4566 τὸν
1045 4513 1436 4586 Ἀντίχριστον.
1472 4518 1547 4571 Οὐ
1576 4518 1684 4591 γὰρ
1723 4519 1750 4572 ὀ
1785 4521 1958 4574 Σατα-

2045 3688 2138 3736 tur
2181 3680 2329 3735 enim
2383 3696 2540 3736 error
2581 3682 2676 3753 qui
2727 3682 3225 3752 orbemoccupat,
3272 3683 3624 3753 cessabitque

2049 3770 2320 3826 idolorum
2350 3771 2626 3838 seductio,
2656 3781 2710 3828 et
2751 3781 2882 3827 tunc
2907 3772 3238 3828 revelabitur
3268 3772 3485 3843 iniquus
3512 3776 3623 3830 ille.

2049 3863 2184 3918 Nam
2214 3874 2271 3920 et
2312 3864 2417 3919 hoc
2444 3864 2583 3920 dixit
2615 3861 2879 3923 Dominus
2908 3883 2922 3920 :
2963 3884 2982 3919 ι
3021 3864 3420 3922 Praedicabitur
3455 3866 3629 3923 Evan-

2050 3955 2250 4025 gelium
2285 3954 2447 4028 196.
2476 3956 2529 4010 in
2559 3970 2751 4010 omnes
2784 3957 3049 4015 terminos
3084 3964 3248 4013 terra
3283 3959 3350 4012 ad
3382 3959 3631 4015 testimo—

2050 4052 2202 4104 nium
2229 4050 2360 4114 illis,
2390 4058 2444 4104 et
2466 4057 2600 4105 tunc
2627 4050 2806 4105 veniet
2828 4051 3238 4107 consummatio
3266 4050 3309 4106 δ.
3343 4070 3363 4103 ι
3392 4082 3464 4092 --
3485 4069 3506 4104 r
3530 4051 3632 4107 llo-

2054 4158 2146 4197 mo
2173 4143 2263 4198 ille
2296 4143 2527 4213 peccati.
2557 4162 2576 4196 I
2610 4143 2876 4208 Quisnam
2901 4143 3005 4198 iste
3031 4142 3163 4198 est?
3192 4151 3451 4199 utrumne
3481 4144 3634 4201 Sata~

2054 4251 2155 4291 nas
2181 4234 2205 4289 ?
2230 4249 2599 4306 nequaquam,
2627 4234 2722 4290 sed
2755 4233 2921 4290 homo
2952 4233 3153 4304 aliquis
3182 4235 3274 4303 qui
3318 4235 3629 4292 universam

2054 4326 2185 4396 eius.
2235 4327 2471 4398 accipiat
2529 4326 2933 4397 operationem.
2988 4356 3062 4367 ---
3121 4326 3205 4382 Ad
3266 4326 3636 4383 imitationem.

2058 4418 2363 4476 Salvatoris
2409 4427 2676 4476 venturus
2723 4430 2809 4475 est
2861 4418 3099 4475 Satanas
3133 4418 3189 4474 in
3232 4425 3349 4473 toto
3388 4418 3627 4476 homine.

2056 4512 2182 4567 Alio
2208 4511 2385 4565 modo.
2417 4509 2708 4565 Hominem
2741 4509 2949 4579 peccati
2975 4508 3110 4563 dicit
3137 4508 3316 4580 ipsum
3355 4509 3636 4565 Antichri-

380 4600 475 4662 νᾶς
504 4599 658 4654 ἔσται
716 4602 744 4655 ὁ
813 4604 1201 4677 Ἀντίχριστος,
1235 4607 1351 4661 ἀλλ’
1382 4608 1666 4681 ἄνθρωπος
1701 4614 1934 4685 ἐνεργούι

2061 4613 2231 4660 ειυιη.
2277 4602 2464 4674 Neque
2497 4603 2643 4659 enim
2676 4601 2913 4657 Satanas
2955 4601 3062 4656 erit
3106 4601 3500 4667 Anti‘cbristus,
3541 4603 3639 4658 sed

386 4708 545 4759 μενος
574 4692 679 4747 ὑπὸ
697 4692 793 4747 τοῦ
825 4695 1059 4751 Σατανᾶ.
1093 4697 1416 4770 ’Ἄνθρωπον
1465 4702 1523 4755 δὲ
1554 4704 1828 4776 ἁμαρτίας
1852 4709 1955 4761 αὺ-

380 4782 470 4835 τδν
499 4784 676 4851 καλεῖ,
709 4786 792 4839 ὅτι
821 4787 917 4842 καὶ
943 4789 1105 4854 αὐτὸς
1157 4789 1384 4847 πλεῖστα
1420 4792 1823 4866 ἁμαρτήσεται,
1862 4799 1956 4853 καὶ
1986 4810 2005 4817 ‘

384 4877 574 4941 ἄλλους
611 4880 690 4942 είς
722 4880 882 4935 τοῦτο
910 4884 1233 4952 ἀναγκάσει.
1257 4885 1386 4940 Υἱὸν
1411 4886 1468 4940 δὲ
1493 4888 1769 4953 ἀπωλείας
1793 4891 1958 4945 αὐτὸν

388 4969 563 5034 καλεῖ,
605 4970 781 5027 διά’τδ
829 4973 1086 5030 ἀπολύειν
1139 4978 1391 5043 πολλοὺς,
1415 4982 1509 5032 καὶ
1538 4981 1702 5034 αὐτὸν
1733 4982 1968 5036 ἀπόλλυ-

390 5061 534 5116 σθαι.
569 5063 892 5136 ’Ἄνθρωπον
940 5066 997 5120 δέ.
1034 5086 1157 5122 τινα
1204 5068 1477 5141 Ἐϐραῖον,
1524 5072 1708 5143 πάσης
1733 5074 1966 5144 μαγείας

390 5156 483 5207 καὶ
523 5158 874 5226 φαρμακείας
903 5160 962 5213 ἐν
1014 5161 1300 5235 ἐπιστήμῃ
1325 5163 1618 5233 γενόμενον
1643 5165 1826 5231 αὐτὸν,
1859 5185 1966 5239 φη-

394 5248 495 5302 σῗν.
533 5268 551 5300 ι
593 5249 655 5301 Ὀ
682 5250 1056 5322 ἀντικείμενος
1089 5254 1186 5306 καὶ
1229 5256 1686 5329 ὑπεραιρόμενος.
1722 5277 1742 5310 ι
1787 5260 1966 5313 Ἀντι-

394 5342 677 5412 τεοήτεται
704 5342 813 5413 γάρ
838 5345 931 5398 καὶ
961 5346 1402 5418 ύπεραρθὴσεται
1434 5353 1502 5423 τῇ
1539 5350 1646 5422 ἰδίᾳ
1677 5352 1966 5424 ὑπερηφα-

394 5430 510 5502 νείᾳ
533 5432 593 5485 οὐ
617 5433 781 5503 μόνον
810 5436 953 5491 κατὰ
996 5435 1091 5489 τοῦ
1144 5438 1239 5492 ἐπὶ
1264 5439 1482 5493 πάντων
1513 5439 1671 5507 Θεοῦ,
1707 5440 1842 5495 ἀλλά
1872 5442 1968 5495 καὶ

396 5524 535 5576 κατὰ
554 5521 664 5576 τῶν
692 5525 949 5582 εἰδώλων.
990 5529 1065 5582 Οὐ
1097 5529 1205 5603 γάρ
1227 5531 1363 5602 πρὸς
1385 5530 1825 5603 εἰδωλολατρείαν
1849 5532 1968 5598 ἄξει

397 5616 521 5677 Ub;
552 5616 897 5688 ἀνθρώπους,
953 5620 1072 5674 ἀλλ’
1106 5623 1187 5688 εἰς
1234 5622 1297 5677 τὸ
1325 5623 1489 5678 αὑτὸν
1519 5623 1595 5688 ὡς
1632 5624 1765 5678 Θεὸν
1797 5641 1969 5696 atpos-

402 5710 600 5762 κυνεῖν.
633 5708 731 5764 Διά
763 5711 921 5766 τοῦτο
945 5714 1129 5785 φησὶν,
1164 5715 1605 5790 ὑπεραρθήσεται
1664 5715 1760 5772 ἐπὶ
1790 5717 1968 5774 πάντα

469 5885 696 5947 ‘Matth.
735 5904 880 5958 xv",
912 5891 994 5947 14.

2063 4691 2228 4752 homo
2242 4696 2506 4752 obsessus
2522 4710 2587 4749 ac
2606 4693 2848 4749 directus
2863 4709 2890 4746 a
2909 4692 3131 4747 Satana.
3146 4691 3428 4747 Hominem
3451 4699 3638 4746 autem

2064 4786 2273 4857 peccati
2302 4786 2482 4856 ipsum
2511 4792 2692 4849 vocat,
2718 4783 2862 4874 (ιυρά
2901 4793 2956 4837 et
3001 4783 3118 4853 ipse
3142 4783 3435 4853 plurimum
3464 4782 3644 4838 delin-

2062 4886 2216 4950 quet,
2241 4885 2299 4933 et
2321 4879 2457 4934 alios
2477 4877 2545 4933 ad
2578 4876 2684 4934 hoc
2712 4877 3026 4947 compellet.
3061 4874 3260 4930 Filium
3299 4889 3430 4931 vero
3460 4876 3643 4946 perdi.

2062 4972 2232 5027 tionis
2260 4986 2385 5026 eum
2430 4969 2692 5040 appellat,
2721 4984 2788 5024 eo
2822 4967 2969 5038 quod
2998 4962 3187 5038 perdat
3211 4968 3410 5022 nrultos
3435 4977 3490 5022 et
3525 4969 3655 5038 ipse

2066 5062 2327 5134 perdatur
2367 5079 2383 5116 :
2434 5060 2721 5116 Hominem
2770 5067 2953 5113 autem
2999 5058 3311 5128 quempiam
3354 5056 3642 5114 Hebraeum

2065 5157 2199 5211 dicit
2229 5156 2431 5224 ipsum,
2459 5155 2512 5207 in
2541 5151 2788 5222 cujusvis
2816 5151 3009 5221 magia:
3039 5165 3105 5205 ac
3141 5150 3389 5206 veneﬁcii
3410 5151 3657 5206 scientia.

2069 5255 2406 5320 provectum.
2463 5264 2482 5298 ι
2519 5243 2624 5311 Qui
2684 5242 3159 5299 esLadversarius
3209 5249 3266 5297 et
3322 5241 3563 5297 ell‘ertur.
3622 5261 3647 5293 ι

2073 5336 2466 5394 Adversabitur
2508 5346 2747 5403 namque
2795 5340 2851 5386 et
2896 5331 3191 5387 extolletur
3234 5345 3337 5387 sua
3388 5331 3647 5402 superbia

2074 5448 2185 5490 non
2227 5431 2408 5486 solum
2457 5426 2725 5481 adversus
2774 5423 2945 5478 Deum
3001 5422 3403 5487 universorum,
3459 5436 3649 5476 verum

2075 5527 2241 5580 etiam
2276 5523 2545 5577 adversus
2578 5517 2746 5573 idola.
2773 5513 2964 5587 Neque
2986 5514 3134 5571 enim
3174 5516 3242 5570 ad
3283 5512 3649 5568 idololatriam

2076 5619 2240 5674 ducet
2270 5613 2546 5681 homines,
2573 5610 2670 5667 sed
2703 5616 2761 5665 ut
2790 5610 2969 5679 ipsum
3013 5617 3271 5677 tanquam
3304 5605 3471 5661 Deum
3512 5604 3650 5661 ado-

2079 5721 2221 5769 rent.
2254 5709 2556 5781 Propterea
2589 5704 2722 5762 dicit
2751 5701 2900 5775 quod
2942 5699 3197 5758 sileretur
3231 5698 3498 5757 adversus
3544 5712 3656 5754 om-
