4036 6656
414 336 516 403 il‘)

1519 346 1744 409 (ECUM
1756 349 1847 409 EN
1858 351 1914 408 ll
1938 352 1982 409 Τ
1992 351 2230 417 RiCCﬂ‘J
2264 354 2606 422 EPISCOPI

3567 361 3667 427 120

409 444 869 524 nemquidicitur
891 455 1035 511 Deus
1060 463 1154 511 aut
1179 471 1403 514 numen.
1434 478 1451 511 ι
1479 458 1542 515 In
1575 462 1780 532 templo
1813 460 1927 516 Dei.
1964 481 1982 515 ι

2098 468 2391 539 λεγόμενον
2416 471 2548 526 Θεὸν
2580 471 2902 542 ῆσέϐασμα.
2927 490 2947 524 ι
2970 471 3065 537 Εἰς
3086 472 3177 528 τὸν
3197 473 3324 528 ναὸν
3348 474 3442 530 τοῦ
3473 475 3667 533 Θεοῦ.»

408 545 529 602 Non
573 545 705 601 dicit
754 548 1017 617 templum
1057 548 1202 620 quod
1251 558 1370 605 erat
1412 551 1832 624 Hierosolymis,
1891 554 1987 609 sed

411 638 686 694 Ecclesias
715 636 833 694 Dei.
872 657 891 691 ι
927 636 1245 696 Ostentans.
1287 659 1306 694 ι
1339 640 1458 697 Νυη
1487 644 1564 698 ait
1598 660 1613 698 :
1651 642 1870 711 Dicens,
1891 645 1987 702 sed

410 725 731 793 Ostentans.
784 729 888 784 hoc
924 736 1034 794 est,
1077 731 1357 801 operibus.
1389 731 1563 802 signis
1604 747 1668 789 ac
1703 734 1988 792 miraculis

409 820 595 877 nitens
624 819 938 884 ostendere.
966 821 1113 891 quod
1145 824 1217 878 sit
1239 822 1400 879 Deus.
1425 822 1781 883 Extrinsecus
1804 836 1986 883 autem

407 910 850 967 subaudiendum
902 919 1028 968 est:
1080 912 1438 983 Nequaquam
1491 913 1676 970 veniet
1714 913 1986 971 adventus

410 1002 652 1060 Domini.

474 1080 542 1161 il,
582 1094 695 1151 5-8.
738 1094 823 1150 Att
844 1111 947 1149 non
973 1095 1283 1150 meministis
1310 1096 1449 1168 quod
1479 1112 1597 1151 cum
1625 1097 1797 1153 adhuc
1817 1114 1982 1154 essent

407 1191 550 1260 apud
572 1206 683 1254 vos,
717 1190 830 1245 [nec
860 1188 1097 1244 dicebam
1124 1189 1266 1244 vobis
1298 1190 1412 1245 iEt
1447 1207 1584 1244 nunc
1606 1191 1730 1262 quid
1755 1192 1986 1247 detineat

408 1284 579 1345 scitis,
606 1282 675 1337 ad
704 1281 801 1337 hoc
829 1290 886 1335 ut
918 1281 1010 1335 ille
1039 1280 1294 1336 reveletur
1330 1284 1384 1343 in
1421 1300 1518 1338 suo
1561 1293 1807 1352 tempore.
1839 1285 1983 1339 Nam

407 1374 720 1444 mysterium
743 1373 862 1443 jam
903 1374 1177 1444 peragitur
1196 1373 1495 1444 iniquitatis
1528 1391 1547 1430 :
1593 1376 1763 1430 solum
1796 1388 1870 1430 est
1894 1378 1983 1446 qui

411 1465 564 1519 modo
590 1465 779 1517 retinet
815 1461 979 1517 donec
996 1478 1025 1516 ε
1046 1461 1216 1517 medio
1238 1462 1462 1517 tollatur
1486 1479 1506 1518 :
1545 1471 1597 1517 et
1623 1472 1745 1517 tum:
1770 1465 1984 1533 pate/iet

407 1557 618 1626 iniquus
645 1554 755 1619 ille,
780 1571 930 1625 quem
969 1555 1227 1609 Dominus
1258 1556 1499 1625 conﬁciet
1535 1558 1729 1627 spiritu
1754 1556 1861 1610 oris
1895 1557 1981 1611 sui

404 1661 455 1706 et
483 1647 709 1706 abolebit
746 1648 1008 1705 eharitate
1034 1649 1289 1704 adventus
1312 1650 1420 1704 sui.

477 1832 648 1901 Multa
695 1832 878 1903 itaque
915 1847 1023 1887 non
1072 1818 1279 1903 scripta
1322 1830 1570 1888 tradebat
1617 1831 1897 1903 mysteria,
1928 1843 1983 1887 et

403 1940 514 1983 non
546 1926 724 1982 solum
752 1940 849 1997 per
877 1925 1143 1997 epistolas
1173 1941 1189 1979 :
1224 1934 1487 1996 tanquam
1525 1924 1734 1980 diceret
1772 1943 1788 1980 :
1835 1923 1983 1983 Nihil

403 2034 607 2073 novum
638 2018 762 2074 dico
784 2037 805 2079 ι
838 2020 930 2074 sed
956 2017 1103 2087 quod
1132 2033 1373 2088 praesens
1395 2017 1663 2073 dicebam.
1692 2034 1711 2070 I
1743 2015 1810 2071 Et
1836 2031 1984 2072 nunc

403 2111 537 2182 quid
575 2111 816 2166 detineat
846 2110 1023 2167 scitis.
1058 2128 1078 2162 ι
1117 2108 1371 2164 Detinere
1399 2108 1535 2165 dicit
1559 2109 1704 2179 quod
1734 2107 1987 2179 prohibet

403 2204 488 2259 vel
535 2202 924 2272 impedimento
961 2210 1068 2256 est.
1113 2199 1387 2266 Quidnam
1442 2208 1623 2257 autem
1661 2206 1748 2255 est
1798 2199 1928 2253 illud
1964 2199 1988 2252 ἲ

406 2295 559 2350 Multi
581 2292 848 2365 Spiritum
878 2303 1131 2348 sanctum
1158 2292 1350 2347 dicunt
1386 2308 1401 2346 :
1433 2291 1525 2346 alii
1556 2306 1685 2347 vero
1713 2291 1986 2345 Romano-

407 2401 527 2441 rum
577 2386 890 2457 imperium,
936 2384 1027 2454 qui
1082 2384 1249 2440 etiam
1301 2384 1498 2440 melius
1551 2385 1842 2441 sentiunt’:
1880 2383 1985 2438 nisi

404 2480 551 2535 enim
586 2479 690 2534 hoc
727 2477 1015 2544 solvatur,
1046 2476 1139 2531 ille
1170 2492 1278 2530 non
1317 2478 1519 2531 veniet.
1554 2474 1711 2547 195
1742 2475 1877 2529 Nam
1917 2476 1986 2530 ob

405 2572 460 2629 id
496 2584 716 2641 quoque
744 2570 882 2625 adeo
907 2570 1123 2625 obtecte
1158 2570 1372 2623 locutus
1414 2576 1500 2623 est
1542 2569 1733 2623 beatus
1759 2567 1983 2631 Paulus,

406 2664 602 2717 nolens
632 2663 980 2733 importunos
1008 2674 1074 2716 ac
1109 2660 1415 2731 superﬂuos
1455 2661 1706 2731 accipere
1730 2660 1986 2715 inimicos

406 2756 548 2809 inter
583 2751 883 2808 Romanos.
914 2752 969 2807 Si
1000 2752 1146 2808 enim
1180 2752 1466 2808 audissent
1495 2751 1640 2822 quod
1678 2751 1987 2806 dissolven-

404 2848 534 2903 dum
572 2845 779 2902 diceret
817 2844 1106 2915 imperium
1147 2842 1616 2909 Romanorum,et
1647 2844 1826 2911 ipsum
1856 2841 1961 2896 atlli

404 2938 618 2997 sissent
663 2944 717 2992 et
754 2935 1044 2991 universos
1089 2935 1398 3000 credentes,
1448 2942 1707 3005 tanquam
1756 2947 1851 2988 cos
1891 2932 1996 3003 qui

404 3038 790 3100 exspectarent
822 3029 979 3085 illam
1004 3028 1448 3085 dissolutionem.
1479 3025 1617 3082 Nam
1651 3025 1701 3083 si
1741 3025 1831 3081 hic
1873 3039 1981 3081 non

2092 558 2167 612 Ού
2199 557 2287 611 τὸν
2337 558 2397 612 ὲν
2436 558 2790 629 Ἰερουσαλὴμ
2824 558 2997 628 λέγει,
3027 560 3144 614 ἀλλ’
3177 560 3260 624 είς
3296 560 3396 625 τὰς
3445 562 3676 636 Ἐκκλη-

2093 648 2213 713 σίας
2271 647 2366 703 τοῦ
2416 648 2573 705 Θεοῦ.
2606 668 2626 703 ι
2682 650 3125 707 Ἀποδεικνύντα.
3175 671 3197 705 ι
3242 653 3359 708 Οὐκ
3393 648 3539 719 εἷπε,
3570 656 3675 710 Λέ-

2088 758 2276 810 γοντα,
2322 742 2438 797 ἀλλ’
2502 742 2943 810 Ἀποδεικνύντα,
2993 745 3266 811 τουτέστι,
3329 746 3673 818 πειρώμενον

2088 836 2367 902 ἀποδείξαι
2396 835 2463 890 δι’
2488 836 2666 907 ἔργων
2715 836 2809 891 καὶ
2851 835 3095 907 σημείων
3125 837 3219 890 καὶ
3249 836 3565 906 θαυμάτων,
3589 840 3672 896 ὃτι

2087 928 2203 983 ἔστι
2230 929 2382 994 θεός.
2416 929 2653 994 Ἐξωθεν
2679 926 3073 995 ὑπακουστέον,
3104 929 3178 983 Ού
3212 928 3286 1001 μὴ
3314 929 3463 1005 ῐλθῃ,
3483 932 3672 1001 φησὶν.

2088 1020 2121 1091 ἡ
2162 1019 2434 1091 παρουσία
2460 1018 2554 1073 τοῦ
2593 1018 2821 1091 Κυρίου.

2160 1114 2243 1167 οὑ
2282 1111 2692 1182 μνημονεύετε
2732 1113 2821 1166 ὅτι
2850 1113 2937 1187 ἔτι
2963 1110 3049 1168 ὢν
3075 1113 3226 1183 πρὸς
3265 1113 3442 1181 ὑμᾶς,
3483 1116 3675 1171 ταῦτα

2086 1201 2303 1273 ἔλεγον
2330 1203 2506 1271 ῠμῖν;
2556 1202 2652 1256 καί
2696 1201 2817 1256 νῦν
2852 1203 2920 1257 τὸ
2961 1203 3222 1274 κατέχον
3246 1204 3573 1272 οἴδατε.εὶς
3605 1207 3672 1261 τὸ

2085 1295 2591 1366 ἀποκαλυφθῆναι
2643 1295 2831 1353 αὑτὸν
2860 1298 2931 1351 ἐν
2971 1295 3051 1362 τῷ
3107 1297 3325 1352 ἑαυτοῦ
3360 1297 3561 1366 καιρῷ.
3601 1299 3674 1354 Τὸ

2085 1388 2195 1459 γὰρ
2218 1387 2564 1458 μυστήριον
2602 1387 2720 1458 ἤδη
2749 1388 3073 1460 ἐνεργεῖται
3117 1388 3228 1459 τῆς
3247 1389 3523 1459 ἀνομίας.
3550 1390 3673 1445 Μό-

2083 1497 2196 1535 νον
2220 1484 2255 1535 ὁ
2292 1483 2563 1550 κατέχων
2614 1480 2744 1550 ἄρτι
2777 1480 2888 1548 ἕως
2917 1482 2983 1537 ἐκ
3020 1481 3219 1552 μέσον
3260 1481 3521 1551 γένηται,
3569 1482 3672 1537 καὶ

2083 1573 2218 1629 τότε
2275 1572 2856 1643 ἀποκαλυφθήσεται
2895 1577 2928 1630 ό
2984 1572 3229 1644 ἄνομος,
3270 1573 3345 1630 ὃν
3381 1578 3415 1630 ὁ
3458 1577 3674 1643 Κύριος

2081 1667 2383 1724 ἀναλώσει
2412 1666 2491 1733 τῷ
2522 1668 2814 1737 πνεύματι
2832 1668 2940 1722 τοῦ
2971 1668 3273 1738 στόματος
3325 1665 3537 1732 αὐτοῦ,
3565 1667 3669 1721 και

2086 1761 2447 1831 καταργήσει
2470 1758 2544 1829 τῇ
2565 1760 2886 1830 ἐπιφανείᾳ
2933 1757 3041 1826 τῆς
3061 1759 3406 1829 παρουσίας
3455 1757 3668 1815 αὐτοῦ.

2157 1855 2303 1925 Ἀρα
2332 1852 2599 1922 ἀγράφως
2653 1851 2826 1906 πολλά
2860 1851 3149 1923 παρεδίδου
3175 1850 3284 1905 τῶν
3324 1850 3670 1922 μυστηρίων.

2084 1944 2182 1999 καὶ
2214 1945 2275 1997 οὐ
2311 1942 2380 1996 δι’
2411 1940 2710 1996 ἐπιστολῶν
2757 1941 2937 2012 μόνον,
2968 1940 3102 1995 ὡσεὶ
3132 1937 3305 1996 εἶπεν.
3328 1940 3495 1994 Οὐδὲν
3520 1939 3670 2005 ξένον

2083 2037 2217 2109 ἐρῶ,
2252 2035 2367 2089 ἀλλ’
2397 2034 2425 2088 δ
2455 2032 2648 2104 παρὼν
2676 2034 2886 2103 ἔλεγον.
2919 2052 2939 2086 ι
2973 2034 3083 2088 Καὶ
3114 2032 3209 2088 νῦν
3241 2033 3302 2088 τὸ
3329 2033 3559 2104 κατέχον
3586 2032 3671 2087 οῖ-

2083 2129 2231 2183 δατε.
2269 2147 2287 2181 ι
2320 2127 2568 2199 Kartg-510v
2626 2128 2783 2199 φησι,
2825 2127 2889 2181 rb
2942 2127 3154 2181 κωλύον
3206 2127 3306 2181 καὶ
3354 2127 3666 2196 ἐμποδίζον,

2085 2222 2152 2277 Τί
2189 2222 2245 2276 δὲ
2298 2220 2492 2285 τοῦτος
2551 2220 2745 2274 Πολλοὶ
2807 2220 2867 2277 τδ
2919 2220 3146 2290 Πνεῦμα
3192 2220 3254 2273 τὸ
3287 2204 3444 2287 ἅγιόν
3481 2237 3670 2288 φασιν,

2084 2313 2232 2370 ἄλλοι
2266 2311 2441 2381 δὲτὴν
2481 2309 2769 2382 Ῥωμαίων
2794 2310 2993 2381 ἀρχὴν,
3025 2310 3074 2362 οἳ
3110 2311 3204 2364 καὶ
3234 2309 3444 2399 βέλτιον
3474 2310 3671 2379 λέγουα
3770 2375 3780 2381 ν

2087 2423 2190 2461 σιν.
2227 2407 2326 2460 “Av
2355 2404 2462 2475 γάρ
2490 2446 2503 2458 ,
2523 2404 2599 2475 μὴ
2660 2401 2802 2474 αὕτη
2844 2403 3002 2475 λυθῇ,
3035 2404 3240 2468 ἐκεῖνος
3276 2404 3376 2473 οὐχ
3395 2403 3536 2473 ἥξει.
3566 2402 3673 2458 Διά

2085 2499 2196 2571 γάρ
2216 2496 2374 2551 τοῦτο
2408 2496 2503 2550 καὶ
2518 2494 2692 2559 οὕτως
2725 2495 3206 2566 συνεσκιασμένως
3245 2489 3400 2548 εἷπεν
3426 2494 3461 2550 ἀ
3485 2494 3671 2571 μακὰ-

2089 2567 2200 2662 ῥιδς
2230 2588 2467 2655 Παῦλος,
2502 2586 2578 2661 μὴ
2607 2586 2935 2659 βουλόμενος
2964 2587 3165 2658 ἔχθρας
3195 2586 3462 2658 ἀκαίρους
3476 2567 3672 2642 ἀναδι-

2086 2681 2277 2753 χεσθαι
2300 2679 2452 2753 παρά
2475 2680 2584 2733 τῶν
2610 2677 2920 2761 Ῥωμαίων..
2951 2678 3216 2749 Ἔμελλον
3243 2678 3350 2750 γάρ
3373 2676 3670 2743 ἀκούοντες

2084 2775 2167 2828 ὅτι
2219 2770 2657 2842 καταλυθήσεται
2716 2770 2751 2841 ἡ
2821 2769 3113 2839 Ῥωμαίων
3162 2767 3328 2848 ἀρχὴ.
3358 2768 3454 2823 καὶ
3501 2768 3670 2824 αὐτὸν

2085 2865 2292 2921 κακοῦν
2322 2865 2418 2919 καὶ
2465 2865 2592 2926 τοὺς
2626 2862 2853 2926 πιστοὺς
2885 2862 3150 2926 ἅπαντας,
3183 2861 3260 2926 ὡς
3289 2862 3390 2932 τὴν
3431 2861 3670 2917 κατάλυ-

2088 2978 2171 3014 σιν
2201 2958 2376 3028 αὐτῆς
2422 2955 2858 3030 προσδοκῶντας.
2890 2956 2950 3009 Εἰ
2982 2955 3094 3027 γὰρ
3120 2954 3196 3027 μὴ
3224 2948 3378 3017 οὗτος
3402 2957 3570 3025 φανῇ.
3602 2954 3667 3009 ού

2088 3050 2339 3119 φαίνεται
2376 3048 2405 3102 ὁ
2425 3047 2680 3119 Χριστός.
2709 3045 2807 3099 Διά
2832 3040 2924 3099 οὖν
2947 3045 3009 3099 τὸ
3037 3048 3269 3115 φανῆναι
3295 3044 3387 3100 τδν
3429 3047 3669 3116 Χριστόν

405 3124 748 3197 apparuerit,
790 3140 898 3180 non
934 3123 1380 3180 manifestabitur
1408 3121 1708 3179 Christus:
1741 3135 1873 3190 ergo
1915 3134 1983 3177 ex

2089 3159 2222 3212 φησι
2264 3140 2550 3213 βούλεσθαι
2602 3138 2765 3194 αὐτὸν
2816 3138 2955 3209 ταχὺ
3018 3137 3214 3204 ἐλθεῖν,
3252 3140 3347 3193 καὶ
3397 3138 3497 3207 τῆς
3533 3139 3671 3192 Ῥω-

402 3234 471 3274 eo
497 3216 647 3289 quod
678 3215 867 3273 statim
901 3216 1130 3286 cupiant
1161 3215 1502 3271 manifestari
1533 3214 1839 3281 Christum,
1867 3229 1983 3270 vo-

406 3312 532 3367 lunt.
580 3313 747 3367 etiam
785 3311 973 3366 statim
1026 3308 1145 3365 ﬁeri
1175 3308 1595 3365 dissolutionem
1640 3307 1982 3378 principatus

408 3405 805 3460 Romanorum.
842 3402 901 3459 Si
931 3413 1112 3459 autem
1143 3401 1212 3459 de
1243 3401 1454 3475 Spiritu
1494 3411 1691 3459 sancto
1718 3400 1982 3472 intellige-

407 3506 492 3553 ret
525 3537 540 3561 ,
592 3496 721 3568 quid
770 3495 1083 3566 prohiberet
1119 3495 1417 3566 quominus
1459 3503 1645 3565 aperte
1695 3494 1901 3549 diceret
1962 3512 1979 3549 :

407 3587 596 3647 Gratia
635 3587 865 3657 spiritus
897 3586 1078 3656 ipsum
1113 3585 1325 3641 detinet
1358 3600 1426 3639 ne
1455 3584 1880 3640 tuanit'estetur?

482 3697 505 3731 ι
544 3679 610 3734 Et
652 3693 803 3735 nunc
844 3676 977 3751 quid
1020 3675 1263 3733 detineat
1312 3676 1486 3732 scitis.
1525 3695 1543 3729 ι
1578 3674 1654 3732 Ne
1679 3689 1825 3730 nunc
1865 3674 1983 3745 ipse

409 3772 812 3840 manifestetur,
844 3772 938 3828 sed
965 3771 1019 3826 in
1044 3785 1147 3827 suo
1180 3778 1425 3841 tempore
1452 3786 1464 3824 ι
1501 3770 1602 3825 hoc
1627 3768 1731 3833 est,
1764 3769 1983 3839 quando

409 3865 735 3935 pt'mﬂnilum
765 3865 868 3935 ipsi
895 3879 957 3918 ac
984 3864 1314 3934 permissum
1347 3877 1377 3917 a
1402 3863 1509 3918 Deo
1533 3869 1748 3933 tempus
1773 3869 1984 3918 statua-

407 3967 496 4012 tur
525 3975 540 4013 :
573 3957 679 4012 nisi
706 3958 1016 4037 enim‘nunc
1044 3956 1400 4020 detineretur,
1428 3958 1617 4026 utique
1643 3956 1807 4011 etiam
1834 3968 1984 4009 nunc

410 4052 738 4117 immineret,
771 4053 908 4109 adeo
936 4068 1155 4124 semper
1181 4054 1446 4108 adversus
1475 4049 1765 4107 credentes
1797 4048 1986 4105 conci-

407 4151 577 4210 tatur,
621 4153 676 4200 et
720 4160 911 4200 eorum
962 4146 1307 4216 pravitatem,
1343 4160 1467 4199 cum
1498 4145 1612 4214 ipse
1649 4144 1722 4199 sit
1760 4155 1982 4214 pravus,

406 4237 770 4308 concupiscit,
798 4238 893 4294 sed
924 4238 1201 4294 detinetur
1226 4253 1290 4291 ac
1328 4237 1670 4307 prohibetur.
1702 4266 1772 4276 —
1796 4233 1980 4290 Aliud.

412 4331 627 4386 Detinet
654 4346 719 4384 ac
748 4330 1002 4399 prohibet
1036 4330 1208 4401 iniqui
1239 4329 1389 4384 illius
1419 4327 1707 4382 adventum
1745 4325 1984 4396 Spiritus

407 4428 654 4478 sanctus.
680 4417 977 4490 Postquam
1003 4419 1170 4490 igitur
1198 4418 1283 4471 hic
1305 4423 1528 4487 propter
1549 4414 1828 4468 hominum
1860 4427 1987 4481 pec-

2086 3232 2267 3304 μαίων
2297 3229 2594 3303 ἡγεμονίας
2628 3228 2926 3284 κατάλυσιν
2960 3229 3237 3298 γενέσθαι.
3264 3230 3327 3284 Εἰ
3352 3229 3408 3284 δὲ
3437 3224 3506 3302 ἦν
3537 3229 3669 3301 περὶ

2082 3323 2176 3379 τοῦ
2204 3323 2362 3393 ἁγίου
2398 3321 2737 3393 Πνεύματος,
2786 3320 2842 3377 τι
2888 3322 3127 3376 ἐκώλυεν
3157 3321 3320 3377 αὐτὸν
3351 3321 3528 3375 είπεῖν
3564 3338 3667 3376 σα-

2085 3414 2220 3483 φῶς,
2247 3414 2330 3467 ὅτι
2354 3414 2388 3485 ἡ
2421 3411 2515 3466 τοῦ
2545 3410 2861 3484 πνεύματος
2886 3412 3052 3467 αὐτὸν
3081 3412 3243 3485 χάρις
3271 3412 3497 3485 κατέχει
3526 3412 3668 3486 πρὸς

2082 3505 2143 3559 τὸ
2170 3504 2245 3577 μὴ
2274 3504 2505 3576 φανῆναι
2530 3522 2546 3572 ;

2161 3702 2180 3736 ι
2216 3683 2328 3737 Καὶ
2351 3678 2526 3739 νῦντὸ
2549 3684 2781 3756 κατέχον
2804 3682 2971 3755 φησὶν
3003 3683 3206 3740 οἴδατε.
3247 3702 3268 3740 ι
3315 3682 3517 3758 [ΦΩΤ.]
3568 3684 3667 3746 Ei;

2082 3775 2143 3830 τδ
2176 3774 2250 3846 μὴ
2277 3775 2372 3829 νῦν
2417 3775 2882 3848 ’ἀποκαλυφθῆναι
2927 3775 3109 3840 αὐτὸν,
3139 3776 3257 3831 ἀλλ’
3279 3778 3338 3830 ὲν
3363 3776 3442 3847 τῷ
3467 3757 3664 3830 ἑαυτοῦ

2083 3866 2280 3939 καιρῷ.
2307 3860 2431 3921 Οἷον
2458 3867 2588 3922 ὅταν
2623 3868 2653 3921 ὁ
2672 3866 2915 3939 ὁρισθεὶς
2965 3868 3113 3939 αύτῷ
3143 3868 3238 3923 καὶ
3286 3869 3664 3940 συγχωρηθεὶς

2085 3961 2190 4014 ὑπὸ
2243 3959 2381 4014 Θεοῦ
2414 3960 2607 4031 χρόνος
2651 3961 2871 4031 ἐπιστῇ.
2906 3960 2968 4012 Ei
3012 3960 3068 4012 δὲ
3113 3959 3188 4031 μὴ
3222 3959 3524 4031 κατείχετο,
3568 3960 3666 4014 καὶ

2086 4054 2183 4109 νῦν
2230 4054 2299 4108 ἂν
2350 4055 2575 4125 ἐπέστη.
2606 4053 2795 4117 Οὕτως
2830 4053 2916 4108 ἀεὶ
2956 4051 3099 4106 κατὰ
3124 4053 3230 4105 τῶν
3265 4053 3471 4106 πιστῶν
3501 4053 3660 4122 ὀργᾷ,

2086 4147 2181 4201 καὶ
2239 4145 2338 4217 τὴν
2372 4145 2628 4199 κάκωσιν
2663 4144 2845 4199 αὐτῶν
2871 4145 2899 4196 ὁ
2935 4144 3168 4216 πονηρὸς
3207 4144 3482 4213 ἐπιθυμεῖ,
3529 4143 3667 4198 ἀλλὰ

2085 4236 2376 4307 κατέχεται
2408 4237 2505 4291 καὶ
2534 4235 2830 4290 κωλύεται.
2855 4236 3060 4289 Ἄλλο.
3104 4232 3401 4307 [ΣΕΥΗΡ.]
3428 4233 3666 4305 Κατέχει

2087 4328 2184 4382 καὶ
2214 4326 2412 4381 κωλύει
2458 4327 2553 4381 τοῦ
2604 4327 2808 4398 ἀνόμου
2840 4327 2940 4395 τὴν
2967 4327 3290 4397 παρουσίαν,
3337 4326 3396 4381 τὸ
3438 4324 3665 4397 Πνεῦμα

2090 4422 2265 4488 ἅγιον.
2313 4418 2513 4471 Ἐπειὸ
2563 4417 2629 4473 ἂν
2657 4414 2772 4482 οὖν,
2822 4419 2977 4490 φησὶ,
3003 4416 3162 4471 τοῦτο
3193 4418 3278 4472 διὰ
3306 4417 3404 4489 τὴν
3431 4417 3540 4470 τῶν
3571 4419 3667 4471 ἀν-

405 4523 528 4567 cata
557 4512 624 4567 de
656 4511 837 4567 medio
868 4511 958 4566 [iet
984 4520 1038 4566 et
1071 4510 1336 4575 discedet,
1379 4517 1511 4563 tunc
1551 4508 1732 4561 locum
1764 4504 1983 4559 habebit

2091 4509 2327 4580 θρώπων
2378 4508 2579 4564 κακίαν
2612 4511 2675 4563 ἐκ
2731 4511 2897 4578 μέσου
2928 4502 3169 4580 γένηται
3202 4510 3295 4563 καὶ
3335 4510 3569 4581 ἀποστῇ,
3603 4509 3665 4563 τὸ

403 4602 633 4671 iniquus
663 4602 783 4666 ille,
818 4611 876 4655 ut
909 4600 1183 4656 reveletur
1223 4608 1277 4653 et
1310 4598 1579 4667 insurgat,
1617 4596 1768 4649 nullo
1799 4594 1985 4664 prohi-

404 4694 592 4749 bente.
630 4692 776 4748 Dixit
801 4701 985 4748 autem
1014 4692 1159 4763 quod
1190 4693 1355 4747 etiam
1386 4692 1601 4745 initium
1638 4688 1843 4758 accepit
1869 4703 1988 4759 my-

406 4784 637 4839 sterium
682 4782 992 4853 iniquitatis
1041 4800 1055 4837 :
1099 4781 1542 4851 quandoquidem
1586 4786 1642 4834 et
1700 4777 1983 4832 Manichaei

406 4876 668 4930 dixerunt
700 4876 980 4929 diabolum
1012 4889 1136 4930 esse
1172 4874 1343 4928 Deum
1368 4873 1521 4944 legis,
1553 4880 1606 4926 et
1637 4870 1876 4927 Marcion
1909 4870 1984 4924 ait

403 4966 624 5022 Patrem
650 4965 852 5022 Christi
879 4956 988 5020 nun
1016 4980 1139 5022 esse
1168 4964 1335 5020 Deum
1361 4966 1515 5032 legis.
1546 4963 1689 5031 Quin
1718 4973 1770 5019 et
1796 4962 1984 5019 Manes

404 5060 654 5131 sv'ipsum
684 5055 819 5111 dicit
860 5070 985 5112 esse
1020 5055 1299 5112 Christum
1332 5070 1395 5111 ac
1420 5053 1758 5109 Paracletum
1786 5067 1800 5104 :
1832 5059 1887 5108 et
1917 5067 1983 5107 ex

406 5171 471 5209 eo
511 5164 757 5223 tempore
805 5151 1089 5207 hominum
1124 5147 1560 5206 incredulitatem
1599 5147 1849 5202 diabolus
1899 5146 1985 5200 in-

408 5245 664 5300 ducebat.
689 5262 708 5295 ι
734 5243 867 5298 Nam
894 5244 1213 5316 mysterium
1232 5243 1342 5312 jam
1369 5243 1577 5314 peragit
1600 5240 1922 5311 iniquitatis.
1959 5257 1977 5290 ι

405 5334 731 5407 Mysmrium
788 5334 1100 5407 iniquitatis
1146 5336 1280 5389 dicit
1324 5333 1618 5402 Neronem,
1665 5344 1726 5388 ut
1773 5332 1866 5403 qui
1912 5331 1985 5386 sit

407 5436 575 5500 typus
601 5425 951 5482 Antichristi.
987 5425 1198 5481 Etenim
1221 5426 1365 5482 Nero
1388 5435 1443 5482 et
1472 5440 1761 5497 perversa:
1789 5432 1908 5480 erat
1932 5433 1985 5478 et

408 5520 558 5577 Deus
579 5519 690 5575 dici
733 5517 1008 5589 cupiebat.
1028 5517 1339 5590 Mysterium
1376 5529 1555 5574 autem
1589 5528 1747 5573 vocat
1783 5518 1981 5587 ipsum,

408 5612 555 5682 quod
587 5612 795 5681 absque
828 5612 1038 5684 pudore
1066 5612 1269 5668 faceret
1294 5610 1437 5667 Nero
1456 5626 1576 5682 quae
1609 5610 1983 5665 Antichristus

409 5703 658 5762 facturus
680 5711 849 5772 esset,
867 5705 961 5761 sed
990 5720 1153 5777 parce
1180 5719 1243 5760 ac
1268 5714 1424 5768 tecte,
1456 5703 1647 5773 inquit,
1680 5701 1980 5773 peragitur,

413 5810 605 5871 ttcmpe
639 5796 739 5854 sub
775 5796 978 5854 Satana
1013 5815 1027 5854 :
1057 5796 1173 5869 ipse
1212 5809 1451 5867 namque
1481 5794 1717 5850 Satanas
1749 5809 1846 5865 per
1871 5808 1982 5851 me-

2087 4601 2388 4673 τηνικαῦτα
2406 4599 2591 4672 χώραν
2618 4600 2729 4666 ἔξει
2754 4602 2783 4654 ὁ
2811 4600 3034 4671 ἄνομος,
3067 4599 3522 4670 ἀποκαλυφθῆναι
3567 4602 3665 4655 καὶ

2085 4693 2479 4764 ὲπαναστῆναι,
2528 4693 2757 4764 μηδενὸς
2811 4693 3134 4757 κωλύοντος.
3169 4693 3313 4765 Ἔφη
3354 4693 3411 4771 δὲ
3443 4693 3526 4746 ὅτι
3567 4697 3664 4746 καὶ

2086 4785 2260 4857 ἀρχὴν
2292 4784 2481 4854 εἴληφε
2504 4784 2567 4836 τὸ
2600 4786 2901 4855 μυστήριον
2935 4784 3037 4853 τῆς
3068 4783 3317 4855 ἀνομίας,
3348 4782 3538 4855 ἐπειδὴ
3569 4786 3666 4837 καὶ

2087 4878 2378 4947 Μανιχαὶοι
2417 4872 2569 4928 εἷπον
2621 4874 2712 4930 τὸν
2770 4873 3015 4929 διάϐολον
3045 4874 3177 4928 Θεὸν
3214 4870 3313 4929 τοῦ
3347 4876 3536 4947 νόμου,
3568 4878 3664 4931 καὶ

2087 4967 2357 5038 Μαρκίων
2398 4965 2562 5037 φησιν
2602 4966 2664 5018 οὐ
2714 4964 2806 5018 τὸν
2847 4964 3066 5036 Πατέρα
3117 4960 3257 5020 εἶναι
3297 4965 3390 5020 τοῦ
3422 4966 3662 5038 Χριστοῦ

2085 5060 2178 5113 τὸν
2213 5059 2346 5113 Θεὸν
2367 5059 2463 5112 τοῦ
2494 5058 2682 5128 νόμου.
2720 5057 2886 5127 Λέγει
2923 5058 2981 5112 δὲ
3030 5060 3124 5114 καὶ
3153 5060 3390 5131 Χριστὸν
3413 5060 3605 5114 ἑαυτὸν
3634 5062 3663 5115 ὁ

2086 5152 2279 5221 Μάνης
2309 5150 2402 5203 καὶ
2431 5142 2801 5221 παράκλητον,
2829 5150 2920 5203 καὶ
2939 5148 3127 5203 ἔκτοτε
3149 5150 3247 5222 τὴν
3271 5151 3527 5206 ἀπιστίαν
3554 5153 3662 5207 τῶν

2086 5242 2393 5315 ἀνθρώπων
2442 5243 2481 5294 ὁ
2521 5241 2767 5306 διάϐολος
2799 5244 3040 5314 εἰσῆγεν.
3075 5242 3148 5296 Τὸ
3196 5242 3306 5314 γὰρ
3362 5245 3662 5316 μυστήριον

2086 5335 2186 5406 ἤδη
2216 5336 2519 5406 ἐνεργεῖται
2544 5335 2642 5404 τῆς
2664 5333 2915 5406 ἀνομίας.
2961 5334 3278 5404 Μυστήριον
3302 5335 3400 5405 τῆς
3433 5336 3664 5406 ἀνομίας

2084 5430 2176 5481 τὸν
2205 5428 2435 5499 Νέρωνα
2483 5427 2658 5495 λέγει,
2691 5429 2764 5490 ὡς
2784 5430 2861 5490 εἰς
2894 5427 3063 5485 τύπον
3101 5426 3231 5483 ὅντα
3258 5427 3353 5481 τοῦ
3395 5427 3664 5499 Ἀντιχρί-

2088 5536 2238 5574 στου.
2267 5519 2377 5573 Καὶ
2407 5520 2514 5589 γὰρ
2545 5518 2642 5572 καὶ
2681 5520 2710 5573 ὁ
2754 5519 2946 5590 Νέρων
2979 5521 3181 5591 φαῦλός
3210 5540 3268 5574 τε
3292 5515 3381 5593 ἦν,
3413 5524 3508 5577 καὶ
3530 5522 3662 5586 Θεὸς

2086 5610 2269 5680 ἐζήτει
2328 5609 2604 5678 λέγεσθαι.
2654 5611 2972 5682 Μυστήριον
3009 5611 3065 5666 δὲ
3097 5614 3261 5685 αύτᾴν
3296 5631 3450 5685 φησι,
3486 5612 3574 5668 διὰ
3600 5614 3663 5668 τὸ

2089 5702 2164 5773 μὴ
2192 5700 2726 5773 ἀπηρυθριασμέινως
2762 5704 2932 5756 ποιεῖν
2955 5702 3047 5755 τὸν
3079 5703 3308 5774 Νέρωνα
3328 5688 3414 5759 οἶα
3433 5706 3461 5759 ὁ
3485 5703 3661 5758 Ἀντί-

2085 5810 2303 5866 χριστος
2328 5792 2546 5866 ποιήσει
2576 5808 2587 5824 ν
2627 5794 2742 5848 ἀλλ’
2781 5793 3088 5865 ὑφειμένως
3122 5795 3246 5868 ἢδη,
3287 5796 3473 5869 φησιν,
3502 5798 3659 5867 ἐνερ-
