4036 6582
288 376 393 444 121

1215 395 1602 463 COMMENT.
1642 399 1726 464 IN
1754 403 1992 467 EPIST.
2031 409 2094 469 II
2126 412 2228 472 AD
2260 413 2625 480 THESSAL.

3448 425 3552 489 1:22

282 496 492 563 γεῐται,
554 496 856 566 τουτέστιν,
900 501 1004 556 61:6
1042 502 1137 559 :06
1167 507 1403 564 Σατανᾶ.
1429 511 1732 583 Είργάζετο
1759 517 1861 586 γὰρ

1969 521 2119 577 dium
2147 521 2417 581 Neronem
2450 528 2781 598 operabatur
2805 546 2928 603 qua:
2953 532 3057 589 sibi
3090 533 3433 595 videbantur.
3471 538 3549 593 Ita

280 587 378 643 διὰ
407 589 579 659 μέσου
604 589 697 645 τοῦ
723 592 976 664 Νέρωνος
1003 597 1033 649 6
1053 597 1300 666 Σατανᾶς
1319 601 1389 656 τὰ
1409 603 1558 675 αὐτῷ
1584 607 1869 664 δοκοῦντα.

281 675 480 741 Οὕτως
507 678 566 732 δὲ
597 683 1078 752 συνεσκιασμένως
1101 682 1275 755 εἶπεν,
1296 690 1356 745 οὐ
1377 690 1465 745 διὰ
1485 691 1704 761 δειλίαν,
1737 694 1873 749 ἀλλά

282 767 565 823 παιδεύων
596 771 767 842 ἡμᾶς,
805 774 1104 846 ἀνονήτους
1148 779 1351 852 ἔχθρας
1373 778 1482 837 ’καὶ
1508 787 1768 856 περιττάς
1796 788 1870 859 μὴ

279 860 666 930 ἀναδέχεσθαι.
699 880 720 915 ι
756 866 935 921 Μόνον
954 869 984 922 6
1007 870 1254 941 κατέχων
1284 872 1433 944 ἄρτι.
1462 894 1482 928 ›
1520 878 1802 943 Τουτέστι,
1841 881 1870 934 6

290 952 591 1022 Ῥωμαίων
629 954 818 1027 θρόνος
850 960 1001 1033 καὶὴ
1031 961 1331 1034 βασιλείαή
1355 965 1453 1020 νῦν
1483 970 1867 1040 ἐμποδίζουσα,

275 1045 414 1100 ὅταν
460 1047 765 1122 ⁴παύσηται,
815 1054 972 1125 φησι,
1002 1055 1098 1109 καὶ
1126 1056 1279 1121 τέλος
1312 1058 1476 1132 λάϐῃ,
1507 1063 1627 1117 τότε
1656 1065 1870 1119 ἀποκα-

275 1135 619 1210 λυφθήσεται
639 1144 667 1196 6
682 1144 906 1215 ἄνομος,
924 1145 1228 1217 τοῦτέστιν,
1248 1152 1277 1204 6
1305 1152 1870 1224 Ἀντίχριστος.”οταν

275 1231 394 1302 γᾶρ
425 1233 709 1307 καταλυθῇ
742 1236 776 1307 η
825 1237 1116 1308 Ῥωμαίων
1139 1243 1307 1315 ἀρχὴ,
1357 1245 1480 1300 τότε
1518 1248 1547 1301 6
1598 1249 1870 1323 Ἀντίχρι-

278 1340 410 1387 στος
430 1326 818 1400 ὲπιτεθήσεται
861 1335 928 1404 τῇ
961 1335 1200 1407 ἀναρχίᾳ
1229 1339 1322 1391 καὶ
1353 1342 1626 1411 κρατῆσαι
1662 1343 1869 1415 ἐπιχει-

278 1417 470 1486 ρήσει,
495 1419 558 1472 οὐ
580 1420 741 1490 μόνον
770 1424 871 1494 τὴν
886 1425 1339 1498 τῶνάνθρώπων,
1371 1430 1507 1486 ἀλλὰ
1529 1433 1623 1488 καὶ
1642 1434 1742 1507 τὴν
1770 1436 1867 1490 τοῦ

276 1508 419 1563 Θεοῦ
452 1511 651 1585 ἀρχήν.
684 1515 796 1587 Τὴν
812 1517 870 1570 δὲ
915 1518 1206 1592 Ῥωμαίων
1264 1523 1460 1595 ἀρχὴν,
1487 1526 1651 1591 αὐτὸς
1684 1529 1868 1586 τέλεον

276 1606 626 1677 καταργήσει
648 1609 676 1661 6
713 1610 1324 1691 Ἀντίχριστος.“οσπερ
1343 1619 1452 1689 γὰρ
1485 1623 1519 1691 η
1538 1622 1737 1689 Μήδων
1762 1624 1868 1678 ὑπὸ

276 1695 645 1755 Βαϐυλωνίων
660 1702 954 1774 κατελύθη,
967 1708 1105 1779 καὶὴ
1125 1708 1482 1766 Βαϐυλωνίων
1500 1714 1604 1768 ὑπὸ
1616 1716 1863 1788 Περσῶν,

274 1789 378 1842 κτλ
404 1792 440 1856 ἡ
468 1791 696 1861 Περσῶν
725 1794 831 1850 61:6
848 1798 1197 1865 Μακεδόνων,
1218 1803 1366 1876 καὶή
1401 1795 1730 1862 Μακεδόνων
1761 1810 1867 1864 ὑπὸ

1975 622 2155 670 autem
2184 617 2403 674 ohtecte
2424 619 2582 685 dixit,
2605 636 2714 677 non
2745 622 2941 680 timore
2967 625 3248 683 cohibitus
3280 646 3295 683 :
3328 628 3424 685 sed
3450 645 3553 686 nos

1976 704 2257 765 instruens
2284 725 2351 765 ne
2382 710 2602 768 inutiles
2618 727 2683 768 ac
2707 713 2906 785 superi]
2918 731 3015 772 uas
3043 716 3359 775 inimicitias
3382 721 3557 776 susci-

1975 798 2213 868 piamus.
2256 818 2276 853 ι
2316 800 2504 858 Solum
2539 813 2626 860 est
2654 807 2745 876 qui
2779 806 2943 862 modo
2979 810 3199 867 retinet.
3240 830 3259 864 ι
3293 812 3555 870 Thronus

1975 887 2228 945 videlicet
2256 898 2309 946 et
2345 908 2568 965 regnum
2605 896 2995 965 Romanorum,
3025 899 3171 971 quod
3201 917 3345 956 nunc
3380 903 3553 972 impe-

1971 977 2220 1035 dimento
2253 988 2338 1036 est
2372 981 2545 1039 donec
2571 999 2765 1055 cesset.
2795 986 3067 1059 ﬁnemque
3105 991 3339 1061 accipiat
3372 1010 3386 1046 :
3427 1004 3554 1049 tunc

1972 1071 2304 1127 revelabitur
2330 1074 2553 1145 iniquus
2591 1077 2700 1139 ille.
2735 1078 2838 1133 hoc
2868 1088 2975 1144 est,
3012 1081 3410 1140 Antichristus.
3447 1083 3553 1141 Ubi
3602 1122 3623 1136 κ.

1970 1165 2113 1219 enim
2148 1165 2436 1236 imperium
2455 1166 2825 1226 Romanorum
2849 1171 3017 1228 fuerit
3044 1164 3399 1239 dissolutum,
3423 1187 3555 1234 tunc

1969 1256 2347 1316 Antichristus
2377 1261 2677 1317 rebellione
2700 1262 2911 1330 .irruet,
2941 1280 3004 1321 ac
3040 1267 3292 1324 obtinere
3325 1269 3556 1324 conabio

1971 1356 2080 1415 tur,
2116 1350 2277 1423 196
2304 1367 2413 1407 non
2443 1352 2727 1408 hominum
2762 1357 2967 1419 solum,
3017 1374 3208 1413 verum
3250 1360 3413 1415 etiam
3456 1359 3552 1416 Dei
3612 1430 3619 1436 .

1970 1440 2285 1512 imperium.
2316 1444 2684 1501 Romanorum
2725 1457 2906 1504 autem
2951 1450 3241 1521 imperium
3270 1453 3388 1523 ipse
3436 1455 3553 1534 An-

1970 1532 2255 1590 tichristus
2295 1535 2538 1608 perfecte
2580 1539 2843 1595 abolevit.
2885 1541 3354 1607 Quemadmodum
3404 1532 3550 1599 enim

1969 1621 2250 1680 Medorum
2278 1627 2566 1698 imperium
2600 1645 2628 1684 a
2662 1624 2975 1703 Babyloniis
3005 1633 3333 1690 dissolutum
3362 1643 3467 1699 est,
3499 1644 3555 1692 et

1969 1715 2395 1790 Babyloniorum
2427 1735 2455 1775 a
2479 1719 2684 1787 Persis,
2724 1724 3015 1781 Persarum
3063 1744 3284 1799 quoque
3312 1745 3339 1781 a
3374 1728 3555 1785 Mace-

1970 1806 2230 1873 donibus,
2255 1816 2310 1865 et
2347 1808 2701 1867 Macedonum
2740 1828 2770 1868 a
2804 1812 3071 1874 Romanis
3106 1837 3120 1873 :
3150 1820 3225 1873 ita
3258 1824 3311 1873 et
3350 1819 3556 1873 Roma-

293 1883 619 1952 Ῥωμαίων,
655 1886 828 1952 οὕτως
852 1892 885 1962 ἡ
915 1892 1205 1964 Ῥωμαίων
1234 1871 1469 1952 ὕπὸ-τοῦ
1492 1900 1861 1973 Ἀντιχρίστου

1969 1914 2165 1955 norum
2194 1871 2263 1957 ab
2289 1901 2650 1970 Antichristo,
2684 1915 2736 1962 et
2759 1906 3087 1965 Antichristi
3133 1925 3162 1965 a
3207 1912 3434 1966 Domino
3459 1926 3557 1965 no-

273 1976 374 2028 καὶ
389 1978 423 2046 η
445 1977 540 2031 τοῦ
558 1980 928 2053 ’Δντιχρίστου
947 1986 1051 2041 61:6
1066 1987 1161 2042 τοῦ
1183 1989 1341 2059 ἡμῶν
1361 1992 1655 2048 Δεσπότου.
1678 1995 1868 2051 Ταῦτα

271 2069 330 2120 δὲ
351 2070 381 2121 6
398 2072 603 2143 Δανιήλ
625 2090 812 2146 φησιν.
839 2077 1013 2134 Ὅταν
1036 2080 1229 2161 μέντοι
1259 2084 1319 2138 :6
1342 2086 1518 2157 πέρας
1537 2089 1734 2160 ἐπιστῇ
1765 2089 1867 2161 τῆς

272 2161 371 2214 τοῦ
400 2163 544 2216 Θεοῦ
570 2166 909 2236 προθέσεως,
941 2159 1043 2226 καῖ
1074 2175 1103 2228 6
1148 2174 1244 2230 v6v
1266 2178 1516 2248 κατέχων
1554 2159 1868 2252 αὐτδνίὸρος

272 2257 445 2327 ἐκστῇ
472 2257 807 2330 πληρωθεὶς,
834 2263 1070 2335 ἑτοίμως
1089 2265 1212 2320 τότε
1248 2268 1343 2322 καὶ
1366 2270 1491 2341 δίχα
1522 2271 1706 2340 πάσης
1730 2272 1865 2326 ἀνα-

272 2345 442 2418 ϐολῆς
466 2352 498 2404 6
538 2352 740 2423 ἄνομος
772 2355 1332 2431 ἀποκαλυφθήσεται.
1370 2380 1391 2413 ι
1438 2363 1537 2417 Ὃν
1575 2364 1603 2417 6
1660 2363 1868 2434 Κύριος

271 2436 574 2501 ἀναλώσει.
630 2465 651 2499 ι
685 2447 889 2502 Λοιπὸν
933 2451 1029 2505 καὶ
1081 2454 1113 2523 ὴ
1164 2454 1510 2525 παραμυθία.
1543 2458 1640 2510 Ὃν
1674 2459 1703 2511 6
1730 2460 1867 2530 Χρι-

272 2533 420 2600 στὸς,
452 2539 648 2605 φησιν,
695 2538 985 2595 ἀναλώσει.
1030 2543 1242 2616 Ὠσπερ
1271 2545 1379 2617 γὰρ
1419 2547 1594 2616 πυρὸς
1618 2546 1700 2602 ἔτι
1727 2549 1866 2621 πόρ-

277 2628 457 2698 ρωθεν
504 2629 681 2698 δντος,
711 2635 783 2687 τὰ
828 2634 1005 2706 μικρὰ
1042 2636 1259 2706 ζωύφια
1287 2639 1353 2693 ἐκ
1391 2639 1493 2709 τῆς
1524 2639 1866 2713 θερμότητος

274 2720 659 2804 ἀναλίσκεται,
699 2722 843 2778 οὕτω
869 2726 967 2780 καὶ
1009 2729 1039 2781 6
1074 2728 1447 2801 Ἀντίχριστος
1467 2731 1526 2797 ἐξ
1562 2733 1738 2803 αὐτῆς
1767 2735 1866 2804 τῆς

273 2792 611 2880 ἐπιφανείας
664 2816 762 2889 τοῦ
818 2818 1083 2889 Χριστοῦ,
1141 2822 1237 2875 καὶ
1280 2822 1376 2876 τοῦ
1424 2825 1740 2895 πνεύματος
1766 2826 1863 2881 τοῦ

273 2904 552 2973 στόματος
586 2907 776 2974 αὑτοῦ,
821 2908 1257 2988 ἀναλωθήσεται.
1310 2915 1535 2986 Πνεῦμα
1570 2919 1861 2988 πόματος,

271 2996 333 3047 τὸ
389 2997 677 3069 ἐπίταγμα
736 3001 831 3054 καὶ
855 2980 1136 3074 κέλευσμά
1163 3005 1367 3072 καλῶν,
1411 2980 1506 3061 καὶ
1541 3005 1653 3062 οἷον
1671 2980 1861 3080 “6:166:-

1968 2000 2107 2046 stro.
2136 1990 2262 2049 Haec
2293 2005 2477 2051 autem
2500 1997 2577 2052 ait
2605 1998 2816 2054 Daniel.
2842 2000 3077 2068 Quando
3107 2018 3243 2059 sane
3283 2006 3552 2061 terminus

1967 2082 2139 2142 divini
2155 2100 2251 2155 pro
2264 2085 2427 2156 positi
2443 2090 2988 2160 apprOpinquaverit,
3012 2102 3065 2148 et
3086 2095 3179 2164 qui
3203 2110 3349 2150 nunc
3371 2094 3549 2166 ipsum

1966 2179 2167 2233 retine:
2202 2179 2347 2244 iinis,
2370 2183 2679 2253 completus
2703 2187 2978 2242 exstiterit
3016 2205 3030 2242 :
3068 2196 3201 2243 tunc
3232 2198 3482 2261 prompte
3499 2199 3553 2244 et

1967 2270 2089 2326 sine
2125 2271 2233 2327 ulla
2271 2289 2425 2329 mora
2474 2275 2699 2347 iniquus
2752 2278 2843 2333 ille
2898 2281 3251 2337 revelabitur.
3312 2301 3332 2333 ι
3376 2282 3549 2348 Quem

1967 2359 2234 2418 Dominus
2271 2364 2548 2421 conﬁciet.
2605 2386 2625 2419 ι
2670 2367 2880 2424 Deinde
2923 2371 3175 2445 sequitur
3220 2373 3548 2428 consolatio.

1926 2454 2139 2541 {Quem
2197 2455 2481 2525 Cltristus,
2528 2459 2732 2530 inquit,
2793 2460 3017 2518 delebit.
3079 2461 3549 2530 Quemadmodum

1964 2548 2110 2604 enim
2146 2549 2273 2603 dum
2305 2550 2488 2607 adhuc
2519 2552 2663 2623 ignis
2706 2554 2924 2611 eminus
2969 2567 3282 2627 separatur.
3321 2556 3548 2612 minuta

1964 2638 2226 2694 animalia
2276 2641 2461 2696 calore
2504 2653 2930 2711 consumuntur,
2961 2644 3034 2698 ita
3082 2653 3136 2701 et
3171 2647 3551 2703 Antichrislus

1963 2746 2029 2786 ex
2077 2731 2199 2802 ipso
2233 2731 2441 2789 Christi
2486 2735 2721 2792 adventu
2752 2746 2807 2793 et
2830 2720 3031 2809 spiritu
3072 2739 3187 2795 oris
3223 2738 3368 2810 'ejus,
3413 2755 3551 2795 con-

1963 2833 2235 2880 suutetur.
2261 2826 2526 2898 Spiritum
2556 2838 2738 2885 autem
2761 2832 2874 2887 oris
2901 2831 3295 2901 vocatjussum
3321 2848 3385 2885 ac
3411 2848 3552 2902 pra:—

1962 2923 2182 2986 eeptum
2238 2924 2292 2973 et
2362 2920 2523 2975 veluti
2570 2919 2780 2985 ﬂatum.
2829 2933 2921 2977 aut
2959 2925 3223 2994 Spiritum
3269 2933 3546 2981 sanctum.

1967 3026 1988 3063 ι
2026 3006 2302 3077 Abolebit,
2346 3029 2367 3064 ι
2404 3010 2507 3067 hoc
2535 3021 2641 3082 est,
2676 3014 2978 3078 cohibebit,
3010 3017 3220 3086 perdet.

273 3105 445 3158 σημα,
491 3090 525 3162 ἢ
571 3091 634 3144 τδ
663 3091 820 3169 ἅγιον
859 3093 1111 3168 Πνεῦμα.
1177 3114 1197 3151 ι
1242 3100 1623 3174 Καταργήσει.
1664 3121 1684 3155 ι
1734 3100 1862 3160 Οἷον

274 3181 502 3245 παύσει,
528 3180 821 3241 ἁπολέσειῖ

350 3270 436 3330 οὗ
465 3275 646 3331 ἐστιν
703 3279 743 3347 ἡ
773 3281 1081 3351 παρουσία
1105 3283 1237 3338 κατ’
1278 3285 1586 3357 ἐνέργειαν
1611 3286 1721 3344 ⁴ἑοῦ
1745 3292 1861 3345 Σα-

272 3365 447 3426 τανᾶ.
476 3368 548 3421 ἐν
579 3367 751 3439 πάσῃ
780 3369 1029 3443 δυνάμει
1076 3375 1173 3429 καί
1201 3379 1476 3447 σημείοις
1515 3381 1613 3434 καί
1656 3380 1862 3450 τέρασι

273 3459 567 3526 ψεύδους,
591 3462 689 3515 καὶ
706 3463 776 3516 ἐν
797 3464 963 3533 πάσῃ
987 3466 1187 3535 ἀπάτῃ
1226 3467 1339 3537 τῆς
1365 3470 1599 3539 ἀδικίας
1636 3473 1707 3528 ἐν
1737 3474 1862 3542 τοῖς

270 3550 747 3621 ἀπολλυμένοις,
779 3554 909 3610 ἀνθ’
940 3551 1031 3611 ὧν
1052 3557 1169 3624 τὴν
1185 3560 1431 3629 ἀγάπην
1451 3563 1558 3632 τῆς
1575 3566 1861 3634 ἀληθείας

271 3645 383 3697 οὐκ
405 3642 717 3709 ἐδέξαντο,
747 3649 837 3713 είς
873 3647 940 3702 τὸ
975 3648 1243 3716 σωθῆναι
1273 3654 1517 3722 αὐτούς.
1552 3656 1657 3711 Διὰ
1683 3658 1861 3713 τοῦτο

269 3733 500 3804 πέμψει
561 3738 769 3804 αὐτοῖς
796 3742 833 3794 ὁ
863 3740 1008 3807 Θεὸς
1028 3732 1342 3812 ἐνέργειαν
1377 3747 1642 3816 πλάνης,
1677 3752 1763 3817 είς
1791 3751 1859 3805 τὸ

269 3828 601 3883 πιστεῦσαι
626 3829 850 3898 αὐτοὺς
869 3830 949 3899 τῷ
975 3834 1208 3903 ψεύδει,
1224 3837 1326 3891 ἵνα
1357 3839 1605 3907 κριθῶσι
1634 3840 1858 3909 πάντες

268 3920 324 3971 oi
366 3916 456 3987 μή
488 3919 933 3987 πιστεύσαντες
982 3920 1057 3991 τῇ
1091 3923 1364 3994 ἀληθείᾳ,
1410 3927 1552 3982 ἀλλ’
1599 3928 1858 3996 εὐδοκή-

270 4026 496 4076 σαντες
529 4011 602 4065 ἐν
636 4010 711 4079 τῇ
747 4012 973 4082 ἀδικίᾳ.

338 4102 452 4155 Καὶ
485 4104 852 4173 καταργήσει,
886 4104 1041 4173 φησὶ,
1073 4109 1140 4177 τῇ
1194 4107 1470 4181 παρουσίᾳ
1495 4110 1661 4165 αὐτοῦ
1684 4115 1713 4165 6
1743 4113 1851 4167 K6-

273 4212 388 4264 ριος
417 4195 512 4249 τὸν
553 4196 944 4268 ’Λντίχριστον,
975 4193 1036 4253 06
1066 4200 1439 4273 Ἀντιχρίστου
1472 4205 1626 4258 ἔσται
1650 4207 1684 4276 ἡ
1714 4224 1856 4276 παρ-

268 4287 429 4342 ουσῖα
459 4282 602 4343 ’κατ’
655 4290 940 4363 ἐνέργειαν
984 4294 1077 4348 τοῦ
1112 4296 1352 4351 Σατανᾶ.
1399 4297 1501 4351 Διά
1538 4298 1708 4367 μέσου
1742 4299 1855 4372 γὰρ

267 4379 439 4440 αὐτοῦ
475 4382 656 4437 πάντα
685 4384 884 4453 πράξει
912 4386 940 4439 6
964 4385 1233 4451 διάϐολος.
1265 4408 1285 4440 ι
1331 4388 1423 4443 Ἐν
1452 4390 1605 4462 πάσῃ
1629 4390 1856 4459 δυνάμει

269 4474 367 4527 καὶ
408 4475 678 4543 σημείοις.
723 4475 953 4555 »ταῦτα
984 4483 1268 4549 προεῖπεν,
1300 4480 1390 4534 ἵνα
1431 4479 1507 4553 μὴ
1558 4482 1851 4555 ἀπατηθῶ-

271 4580 358 4616 σιν
414 4564 466 4615 οἱ
498 4563 642 4619 τότε.
689 4565 901 4633 ﬁdem,
959 4570 1156 4639 φησιν,
1212 4569 1541 4636 ἐπιδείξεται
1598 4572 1846 4643 δύναμιν.
1876 4557 1931 4620 Ι)

267 4655 520 4720 Ψεύδους
566 4647 648 4722 δὲ,
680 4660 713 4729 ἢ
749 4660 833 4713 ὅτι
876 4661 1022 4714 κατὰ
1066 4663 1366 4732 φαντασίαν
1420 4664 1611 4735 μέλλει
1652 4668 1849 4733 ποιεῖν,

270 4750 367 4804 καὶ
380 4750 523 4813 ’τοὺς
553 4751 869 4823 ὀφθαλμοὺς
895 4755 1132 4826 ἀπατᾷν,
1171 4756 1204 4827 ἦ
1238 4757 1430 4827 ἐπειδὴ
1462 4759 1599 4830 πρὸς
1632 4759 1694 4813 :6
1713 4760 1850 4831 ψεῦ-

266 4843 357 4906 δος
408 4842 659 4911 ἄγουσιν,
708 4845 742 4917 ἢ
800 4848 859 4899 iv
905 4849 1072 4901 παντὶ
1107 4850 1396 4920 πράγματι
1430 4851 1712 4922 ἀπατῆσαι
1758 4853 1851 4908 καὶ

265 4935 530 5005 ἀδικῆσαι
557 4937 684 5001 τοὺς
723 4938 1085 5004 πιστεύοντας
1122 4941 1429 5014 δυναμένῳ.
1464 4943 1552 5009 Ἦ,
1580 4946 1656 5010 ὡς
1694 4948 1851 5018 εἴρη-

265 5045 381 5091 ται,
410 5030 687 5101 φαντασίᾳ
708 5030 804 5084 καὶ
832 5032 1055 5102 δοκήσει
1085 5034 1155 5087 τὰ
1181 5038 1383 5105 σημεῖα
1411 5038 1648 5108 ποιήσει.
1694 5056 1714 5090 ι
1762 5041 1850 5093 'Ev

264 5120 384 5182 τοῖς
438 5119 855 5192 ἀπολλυμένοις.
902 5142 923 5176 ι
955 5125 1049 5194 Μὴ
1103 5125 1349 5197 φοϐηθῇς
1396 5127 1569 5183 ταῦτα
1634 5129 1850 5185 ἀκούων

267 5210 400 5283 περὶ
421 5212 610 5268 αὐτοῦ.
662 5213 751 5267 ‘Ev
806 5217 919 5279 τοῖς
977 5216 1376 5288 ἀπολλυμένοις
1397 5219 1507 5290 γὰρ
1538 5221 1767 5291 ἰσχύσει,
1797 5224 1849 5277 οἳ

266 5306 365 5359 καὶ
394 5304 502 5375 πρὸ
554 5304 720 5359 αὐτοῦ
753 5307 855 5361 οὐκ
882 5309 1211 5377 ἐπίστευσαν
1250 5310 1329 5381 τῷ
1361 5312 1605 5384 Χριστῷ.
1638 5331 1659 5365 ι
1704 5314 1848 5370 Ἀνθ’

266 5394 344 5453 ὧν
358 5398 458 5469 τὴν
483 5400 707 5468 ἀγάπην
724 5400 825 5470 τῆς
850 5400 1109 5472 ἀληθείας
1129 5403 1230 5457 οὐκ
1252 5404 1523 5470 ἐδέξαντο.
1558 5424 1577 5458 ι
1602 5408 1856 5480 Ἀγάπην

182 5468 191 5477 ί
262 5468 526 5562 ἀληθείας
540 5490 634 5544 τὸν
659 5468 895 5563 Χριστὸν
908 5468 1079 5561 λέγει.
1099 5494 1197 5548 Διά
1217 5496 1325 5568 γὰρ
1348 5468 1570 5570 ἀγάπην
1593 5468 1695 5570 τὴν
1713 5468 1852 5571 πρές

263 5585 297 5652 ἡ
307 5583 438 5652 μᾶς,
452 5583 551 5637 καὶ
565 5584 653 5638 ἵνα
669 5582 717 5637 τ’
731 5585 909 5656 άληθῆ
921 5586 1132 5659 διδάξῃ,
1146 5588 1467 5659 ἑνανθρωπῆ
1476 5607 1565 5645 σαι
1577 5593 1847 5662 κατηξίω-

265 5690 379 5727 σεν.
403 5674 713 5728 Ᾱξνίττεται
730 5676 810 5742 δὲ,
842 5676 924 5729 6::
957 5679 1109 5748 παρᾶ
1138 5677 1407 5742 Ἰουδαίοις
1434 5678 1662 5749 ἰσχύσει.
1683 5676 1841 5735 Οὗτοι

262 5762 375 5835 γῖρ
401 5764 490 5817 τὸν
518 5766 752 5837 Χριστὸν
779 5769 878 5823 οὐκ
903 5770 1169 5834 ἐδέξαντο,
1188 5769 1309 5825 οὔτε
1331 5771 1657 5827 ἐπίστευσαν
1671 5774 1840 5845 αὐτῷ,

262 5857 291 5916 ὃ
332 5857 424 5914 καὶ
456 5860 482 5912 6
518 5858 753 5931 Χριστὸς
777 5861 963 5927 αὐτοῖς
1000 5879 1162 5933 φησιν
1186 5879 1199 5894 ·
1239 5883 1256 5917 ι
1311 5863 1455 5934 Ἐγὼ
1493 5858 1657 5936 ἦλθον
1683 5864 1739 5921 ἐν
1766 5864 1842 5937 τῷ

2036 3281 2104 3350 ll,
2145 3280 2301 3338 9-H.
2345 3280 2514 3352 Cujus
2554 3284 2815 3340 adventus
2854 3290 2932 3339 est
2963 3283 3248 3339 secundum
3278 3287 3548 3355 operatio-

1963 3390 2081 3430 nem
2109 3372 2327 3430 Satana:
2348 3388 2468 3429 cum
2489 3378 2632 3430 omni
2650 3377 2908 3445 potentia,
2934 3386 2984 3431 et
3006 3377 3172 3446 signis
3201 3394 3263 3431 ne
3289 3377 3545 3446 prodigiis

1963 3466 2316 3535 mendacii,fet
2337 3480 2456 3522 cum
2489 3470 2948 3539 omnizdrceptione
2976 3471 3259 3539 iniustitia:
3285 3471 3341 3525 in
3363 3471 3428 3525 iis
3458 3472 3549 3542 qui

1960 3571 2197 3629 pereunt,
2223 3572 2322 3629 pro
2350 3577 2409 3615 eo
2443 3562 2583 3630 quod
2616 3561 2952 3618 dilectionem
2989 3566 3225 3619 veritatis
3261 3581 3363 3619 non
3397 3580 3545 3619 rece-

1961 3661 2171 3718 perunt,
2209 3652 2263 3705 in
2300 3651 2396 3706 Itoc
2435 3662 2493 3706 ut
2529 3655 2667 3707 salvi
2706 3655 2913 3742 ﬁerent;
2956 3654 3028 3709 Et
3066 3666 3340 3725 propterea
3372 3659 3545 3711 mittet

1959 3743 2074 3798 illis
2102 3743 2241 3797 Deus
2260 3745 2544 3815 efﬁcaciam
2576 3745 2866 3806 illusionis.
2891 3756 2948 3800 ut
2979 3748 3197 3803 credant
3229 3749 3504 3804 mendacio
3523 3768 3543 3805 .·

1959 3846 2019 3890 ut
2036 3838 2350 3906 judicentur
2378 3854 2554 3893 omnes
2573 3840 2664 3908 qui
2695 3856 2797 3893 non
2830 3841 3166 3896 crediderunt
3200 3842 3431 3908 veritati,
3453 3841 3544 3897 sed

1958 3930 2381 4001 approbaverunt
2412 3932 2766 4002 injustitiam.

2028 4113 2301 4178 Abolebit,
2333 4114 2529 4185 inquit,
2576 4114 2841 4173 Dominus
2870 4133 2972 4173 suo
2999 4119 3236 4175 adventu
3264 4120 3544 4177 Antichr.-
3614 4116 3623 4125 ’

1955 4213 2127 4271 stum,
2168 4207 2328 4275 cujus
2362 4209 2717 4265 ‘Antichristi
2768 4211 3038 4267 adventus
3087 4212 3195 4268 erit
3237 4217 3540 4272 sectmduut

1956 4302 2331 4368 operationem
2359 4299 2593 4356 Satanae.
2621 4297 2756 4355 Nam
2796 4317 2892 4372 per
2924 4302 3167 4358 medium
3203 4303 3324 4376 ejus
3354 4309 3542 4363 omnia

1954 4390 2274 4460 operabitur
2301 4387 2576 4446 diabolus.
2615 4411 2634 4444 ι
2666 4389 2723 4446 In
2753 4393 2901 4448 omni
2933 4395 3170 4462 potentia
3198 4405 3251 4452 et
3284 4397 3476 4467 signis.
3516 4418 3536 4452 ι
3596 4423 3609 4435 ~

1957 4481 2082 4539 Haec.
2122 4482 2397 4554 praedixit,
2428 4498 2503 4539 ne
2530 4484 2918 4554 deciperentur
2949 4487 3044 4556 qui
3083 4496 3214 4543 tunc
3241 4500 3540 4560 praesentes

1956 4584 2166 4632 essent.
2199 4575 2452 4641 Omnem,
2487 4577 2691 4644 inquit,
2726 4579 2981 4634 ostendet
3022 4583 3347 4650 potentiam.
3387 4583 3540 4638 Men-

1959 4668 2104 4723 dacii
2147 4676 2352 4733 autem,
2394 4667 2479 4723 vel
2523 4669 2666 4738 quod
2695 4669 2853 4738 juxta
2890 4670 3237 4749 phantasiam
3273 4672 3541 4728 duntaxat

1957 4760 2207 4815 facturus
2224 4758 2751 4823 sit,etialletoculos
2778 4777 2791 4816 :
2823 4761 2907 4815 vel
2937 4762 3069 4832 quia
3099 4762 3168 4818 ad
3193 4764 3536 4821 mendacium

1956 4854 2312 4933 ducunt.Aut
2340 4854 2392 4908 in
2420 4853 2569 4907 omni
2599 4869 2657 4908 re
2678 4869 2801 4923 quae
2829 4854 3019 4910 fallere
3045 4856 3218 4926 possit
3250 4871 3314 4911 ac
3341 4872 3540 4933 nocere

1956 4924 2329 5000 credentibus.
2372 4944 2480 4998 Aul
2520 4944 2663 4999 sicut
2693 4943 2898 4998 dictum
2929 4924 3131 5006 esu—ad
3165 4945 3336 5001 solam
3370 4930 3540 5016 phan-

1958 5037 2151 5091 tasiam
2189 5047 2243 5092 et
2289 5037 2661 5107 apparentiam
2698 5036 2948 5091 facimus
2979 5045 3063 5092 est
3101 5040 3279 5108 signa.
3311 5057 3330 5090 ι
3367 5037 3421 5092 lu
3452 5040 3537 5094 his

1956 5129 2048 5199 qui
2104 5135 2355 5198 pereunt.
2413 5147 2431 5178 ι
2486 5126 2565 5182 Ne
2622 5128 2886 5183 terrearis
2951 5145 3078 5184 cum
3134 5130 3283 5184 luee'
3318 5112 3385 5183 de
3440 5131 3536 5184 illo

1956 5221 2132 5275 audis.
2182 5219 2322 5273 Nam
2356 5219 2410 5273 in
2440 5218 2526 5274 his
2553 5219 2645 5288 qui
2682 5232 2910 5290 pereunt
2935 5221 3231 5290 potentiam
3262 5220 3488 5277 habebit
3516 5241 3532 5278 :

1960 5315 2118 5384 197
2157 5313 2275 5383 qui,
2304 5314 2467 5367 etiam
2495 5312 2816 5383 priusquam
2852 5314 2969 5384 ipse
3000 5316 3230 5378 veniret,
3266 5329 3374 5368 non
3406 5329 3531 5370 cre-

1952 5407 2159 5462 debant
2188 5405 2430 5462 Christo.
2471 5422 2491 5457 ι
2536 5402 2644 5460 Pro
2676 5419 2742 5459 eo
2771 5406 2916 5474 quod
2950 5406 3297 5460 dilectionem
3331 5404 3533 5458 verita-

1952 5497 2023 5552 tis
2082 5511 2190 5551 non
2243 5504 2591 5567 receperunt.
2644 5514 2663 5547 ι
2710 5496 3064 5552 Dilectiouem
3111 5495 3360 5550 veritatis
3388 5494 3531 5558 ,dicit

1951 5590 2239 5645 Christum
2268 5607 2284 5644 :
2311 5605 2436 5644 nam
2459 5598 2684 5661 propter
2709 5590 3056 5646 dilectionem
3083 5602 3248 5656 quam
3273 5600 3401 5655 erga
3428 5600 3532 5642 nos

1953 5685 2163 5750 habuit,
2208 5691 2286 5751 et,
2332 5675 2390 5738 ut
2424 5699 2547 5755 quae
2593 5698 2721 5740 vera
2765 5690 2891 5739 sunt
2928 5681 3169 5746 doceret,
3216 5678 3380 5735 homo
3412 5678 3530 5734 lic-ri

1951 5776 2208 5849 dignatus
2245 5784 2350 5832 est.
2404 5774 2661 5847 Designat
2699 5783 2880 5830 autem
2929 5772 3074 5845 quod
3124 5770 3265 5840 apud
3309 5770 3530 5829 Judaeos

1952 5865 2255 5936 potentiam
2289 5863 2529 5921 habebit.
2560 5861 2697 5919 Nam
2724 5862 2778 5918 bi
2813 5861 3094 5918 Christum
3124 5872 3239 5917 non
3269 5874 3532 5933 suscepe-
