3994 6586
522 363 622 428 Ῑέ3
1584 358 1981 422 (ECUMENII
2022 356 2312 418 TRICCE
2347 357 2683 419 EPISCOPI
3684 340 3784 412 iSi

517 484 669 543 rent,
703 489 880 543 neque
915 474 1014 544 ipsi
1044 475 1395 531 crediderunt
1420 494 1441 540 ~:
1475 476 1619 545 quod
1648 475 1812 528 etiam
1836 472 2094 529 Christus

2245 473 2427 544 ιόματι
2449 471 2544 526 τοῦ
2580 470 2788 543 Πατρός
2822 487 2949 539 μου,
2983 470 3080 523 καὶ
3121 469 3221 522 οὐκ
3247 467 3503 532 ἐδέξασθέ
3542 485 3632 537 με’
3668 469 3822 539 ἣξει.

518 568 658 623 dixit
710 569 791 625 eis
830 586 842 622 :
884 588 901 620 ι
946 567 1058 639 Ego
1112 569 1234 623 veni
1289 569 1342 622 in
1401 584 1505 623 no-r
1532 568 1621 622 ine
1667 566 1846 620 Patris
1889 565 2017 631 mei,
2046 573 2095 619 ct

2214 565 2359 632 ἱλλος
2386 568 2444 620 ἐν
2476 567 2555 639 τῷ
2587 568 2773 639 οίκείῳ
2800 567 3047 637 ὀνόματι,
3078 568 3173 621 καὶ
3198 565 3364 619 αὑτὸν
3401 565 3644 631 δέξεσθε,
3683 582 3791 636 φη-

520 678 629 717 ιιοιι
676 662 971 729 ριερρὶειῖε
1018 678 1150 717 me:
1194 663 1372 718 veniet
1412 663 1554 716 alius
1600 661 1652 714 in
1703 660 1925 717 nomine
1969 673 2097 729 pro-

2212 658 2277 713 σί.
2320 679 2339 714 ι
2366 691 2434 703 --
2461 679 2480 714 ι
2509 660 2610 715 Διὰ
2638 662 2799 717 τοῦτο
2822 660 3025 729 πέμψει
3053 661 3278 724 αὖτοῖςό
3299 659 3453 724 Θεός.
3493 679 3512 712 ι
3537 658 3612 712 T6
3646 660 3789 730 πέμ-

523 754 666 824 prio,
690 764 744 807 et
777 754 956 823 ipsum
995 754 1369 825 suscipietis‘.
1406 773 1425 806 ι
1459 784 1526 793 —-
1557 752 1621 808 Et
1654 763 1939 823 propterea
1978 751 2100 806 mit-

2202 750 2316 821 ψει,
2346 752 2421 825 μὴ
2453 752 2596 807 οὕτω
2613 752 2758 826 δέξῃ.
2790 752 2866 816 ὡς
2890 753 2983 806 τοῦ
3010 751 3146 806 Θεοῦ
3170 752 3503 821 πέμποντος,
3529 751 3668 805 ἀλλᾶ
3692 752 3757 823 τὴ

524 856 597 899 tet
631 846 739 899 illis
770 844 933 899 Deus.
971 864 989 896 ι
1020 844 1178 912 Quod
1210 846 1284 899 ait
1319 864 1332 900 :
1370 845 1566 909 Mittet,
1600 861 1709 900 non
1736 846 1811 900 ita
1837 844 2101 916 accipias,

2205 844 2317 899 ἀπὸ
2364 846 2458 900 τοῦ
2512 846 2649 900 Θεοῦ
2689 846 3058 916 συγχώρησιν,
3118 843 3293 909 οὕτως
3338 844 3459 909 ἔθος
3498 846 3685 899 καλεῖν
3717 864 3755 899 τ-

522 939 680 1009 quasi
732 938 875 993 Deus
928 940 1191 1002 mitteret,
1220 939 1313 994 sed
1357 939 1777 1009 permissionem
1808 953 1932 1010 quae
1960 948 2045 992 est
2073 952 2099 993 a

2205 938 2425 1010 Παύλῳ.
2454 940 2770 1012 Ἑνέργειαν
2789 939 2845 993 δέ
2869 956 3003 1010 φησι
3033 939 3262 1015 πλάνης,
3292 939 3562 999 τουτέστι,
3585 937 3754 991 πλάντ

526 1029 637 1084 Deo
672 1032 811 1085 solet
856 1031 927 1085 ita
971 1047 1170 1086 vocare
1212 1030 1432 1086 Paulus.
1466 1029 1776 1086 Eiiicaciam
1813 1046 1941 1085 vero
1972 1030 2103 1086 dicit

2218 1030 2431 1101 ἐνεργὸν
2484 1031 2581 1087 καλ.
2640 1030 2915 1101 πλανῆσαι
2975 1030 3285 1101 ἰσχύουσαν.
3328 1031 3472 1102 Ὅρα
3513 1029 3568 1083 δὲ
3619 1031 3795 1098 ἀσσα-

525 1124 821 1189 ἱὶιιιθῐοιιὶε,
849 1124 952 1179 hoc
985 1131 1088 1186 est,
1118 1123 1430 1179 illusionem
1459 1122 1731 1179 efficacem
1761 1131 1816 1178 et
1845 1123 2102 1179 seducere

2207 1124 2358 1179 λειαν
2382 1125 2584 1193 λόγου.-
2613 1126 2727 1179 Οὐκ
2766 1120 2921 1178 εἶπεν
2940 1138 2954 1156 ⁸
2988 1123 3101 1178 Ἵνα
3129 1122 3494 1176 κολασθῶσιν.
3528 1121 3752 1192 Ἔμελλι

527 1225 826 1286 potentem.
859 1215 1248 1271 Animadverte
1279 1217 1463 1271 autem
1490 1231 1655 1287 quam
1693 1225 1856 1272 caute
1884 1233 2104 1287 expres-

2301 1236 2319 1270 :
2349 1216 2674 1282 κολάζεσθαι
2705 1218 2903 1281 πάντες
2931 1216 2981 1269 οἱ
3013 1217 3419 1285 ἀπιστήσαντες
3449 1214 3527 1285 τῷ
3550 1215 3759 1284 Χριστιῖ
3868 1280 3878 1285 ξ

528 1323 622 1362 sus
658 1308 729 1361 sil.
765 1322 967 1362 sermo.
994 1307 1111 1361 Non
1140 1307 1283 1389 dixit
1311 1328 1325 1363 :
1358 1305 1429 1362 Ut
1471 1310 1806 1378 puniantur:
1833 1309 2105 1378 siquidem

2211 1311 2316 1364 κᾶν
2337 1310 2367 1363 6
2384 1308 2755 1380 Ἀντίχριστος
2788 1309 2862 1380 μὴ
2887 1308 3159 1379 ἐληλύθει,
3182 1308 3316 1379 μηδὲ
3345 1306 3642 1376 ἐπιστεύθη
3663 1324 3735 1359 πί
3749 1331 3760 1376 ε

530 1399 789 1470 puniendi
835 1409 995 1455 erant
1025 1416 1220 1458 omnes
1258 1404 1351 1473 qui
1388 1401 1441 1457 in
1472 1401 1751 1458 Christum
1785 1418 1892 1457 non
1934 1403 2107 1458 credi-

2211 1402 2414 1469 αὐτῶν,
2443 1403 2557 1456 ἀλλ’
2592 1403 2680 1456 ἵνα
2700 1401 2959 1474 κριθῶσι,
2982 1402 3254 1464 τουτέστι,
3294 1397 3671 1469 κατακριθῶσι
3700 1416 3764 1451 κο

527 1491 752 1553 derunt,
782 1507 1098 1562 quanquam
1140 1508 1247 1546 non
1291 1493 1534 1547 venisset
1573 1492 1971 1560 Antichristus,
2005 1508 2104 1549 nec

2212 1496 2270 1549 ὲν
2334 1494 2528 1566 τούτῳ,
2572 1495 2667 1549 καὶ
2721 1495 2981 1565 ἑμφραγῇ
3041 1491 3225 1546 αὐτῶν
3287 1492 3384 1545 καὶ
3432 1494 3511 1555 είς
3543 1490 3702 1544 τοῦτο
3732 1509 3776 1541 τι

530 1581 635 1650 ipsi
664 1582 1031 1636 credidissent
1061 1598 1076 1636 :
1107 1583 1225 1648 sed,
1257 1582 1327 1639 Ut
1358 1583 1698 1654 iudicentur,
1730 1583 1783 1638 id
1810 1592 1916 1651 est,
1942 1584 2107 1639 etiam

2216 1587 2482 1658 στόματα.
2510 1588 2576 1641 Τί
2624 1588 2732 1657 γὰρ
2777 1587 3005 1650 εἴποιεν,
3040 1584 3136 1639 διὰ
3173 1584 3227 1638 τι
3262 1585 3337 1655 μὴ
3369 1583 3700 1637 ἐπίστευσαν
3723 1581 3793 1635 τ‹’

534 1671 586 1725 in
615 1672 718 1727 hoc
749 1674 1209 1741 condemnentur,
1240 1676 1576 1746 et'ipsorum
1625 1691 1719 1731 ora
1754 1676 1825 1731 ad
1856 1677 1972 1732 hoc
2013 1677 2111 1733 ob-

2224 1679 2470 1751 Χριστιῖις
2507 1681 2649 1743 Ὅτι,
2700 1679 2889 1749 φασιν,
2918 1677 3153 1749 εἴρηται,
3187 1693 3207 1728 ι
3241 1674 3444 1746 Κύριος
3472 1675 3500 1726 6
3533 1673 3669 1736 Θεός
3704 1688 3801 1725 σου

534 1769 841 1819 struantur.
870 1763 1012 1831 Quid
1049 1766 1197 1819 enim
1237 1767 1421 1821 dicere
1449 1773 1705 1836 poterunt
1749 1780 1851 1821 cur
1889 1764 2111 1820 Christo

2331 1789 2421 1835 uo;
2472 1765 2551 1835 εἷς
2602 1773 2775 1825 ἐστιν.
2821 1789 2842 1824 ι
2889 1770 3030 1824 Ἀλλ’
3076 1768 3405 1823 ἀκούσονται
3451 1766 3670 1838 πρῶτον
3702 1767 3804 1835 μὲν

538 1873 647 1911 non
684 1857 1054 1912 crediderint?
1085 1858 1223 1926 Quia
1254 1860 1462 1915 dictum
1486 1867 1596 1924 est,
1630 1858 1909 1930 inquiunt,
1952 1876 1971 1911 ι
2012 1858 2113 1912 Do-

2227 1841 2375 1919 τοῦτο
2396 1863 2668 1935 φανερῶς.
2694 1864 2811 1937 Τὴν
2831 1864 3038 1936 Τριάδα
3063 1861 3352 1933 κηρύσσει.
3385 1860 3532 1931 Πλὴν
3547 1861 3804 1929 ἐάσωμεν

541 1951 723 2006 minus
766 1951 910 2007 Dens
946 1963 1095 2019 tuus,
1126 1954 1267 2009 Deus
1313 1970 1457 2011 unus
1498 1954 1618 2011 εει⁸
1648 1970 1663 2009 :
1700 1973 1720 2007 ι
1755 1953 1850 2009 sed
1895 1951 2118 2007 audient

2228 1955 2361 2011 κατὰ
2398 1955 2767 2026 συγχώρησιν,
2805 1955 2867 2008 τὺ
2899 1955 3200 2025 μοναρχίαν
3224 1956 3336 2009 δεῖν
3369 1952 3552 2007 σέϐειν
3590 1969 3805 2024 παρεγ-

541 2044 780 2113 primum
817 2043 963 2114 quod
995 2044 1098 2100 hoc
1133 2061 1266 2102 sane
1300 2044 1558 2101 Triadem
1592 2052 1779 2117 aperte
1808 2043 2067 2115 pradicat
2100 2058 2115 2097 :

2228 2050 2381 2119 γυᾷν.
2413 2048 2539 2111 Πῶς
2567 2043 2661 2101 οὖν
2681 2046 2759 2117 τῷ
2785 2046 3140 2117 ’Δντιχρίστῳ
3159 2044 3236 2109 ὡς
3261 2044 3382 2115 Θεῷ
3401 2043 3766 2098 ἐπιστεύσατε
3789 2060 3805 2107 ;

542 2150 730 2190 verum
774 2138 1128 2193 concedendo
1180 2138 1537 2194 admittamus
1573 2136 1718 2208 quod
1763 2136 2119 2208 praecipiatur

2233 2142 2353 2211 βρᾷς
2377 2141 2459 2195 ὅτι
2493 2138 2872 2193 ἀποκλείονται
2897 2155 2912 2203 ;
2944 2137 3023 2206 τῷ
3049 2138 3149 2206 μὲν
3178 2135 3399 2209 Χριστῷ
3431 2135 3532 2189 οὐκ
3555 2136 3810 2188 ἐπίστευε

542 2228 765 2283 unicum
811 2231 997 2286 colere
1046 2230 1348 2301 principem
1401 2247 1417 2285 :
1469 2230 1744 2300 quomodo
1787 2244 1918 2301 ergo
1960 2228 2119 2283 Anti-

2233 2250 2326 2288 σαν
2373 2234 2457 2286 ὃτι
2488 2231 2607 2285 ἐστι
2642 2230 2799 2295 Θεὸς,
2829 2229 2908 2300 τῷ
2941 2230 3000 2284 δὲ
3049 2227 3403 2300 ’Δντιχρίστῳ
3443 2228 3520 2292 ὡς
3557 2227 3677 2298 Θεῷ
3713 2228 3810 2280 καὶ

540 2320 752 2402 christo
787 2328 1044 2392 tanquam
1088 2321 1195 2377 Deo
1221 2321 1572 2377 credidistis?
1608 2320 1775 2378 Vides
1800 2320 1946 2393 quod
1979 2337 2117 2392 pra:-

2233 2323 2583 2379 πιστεύσουσι
2616 2323 2713 2377 καὶ
2733 2322 3195 2394 προσκυνήσουσι,
3213 2319 3493 2375 καὶταῦτα
3508 2317 3810 2391 διαρρήδην

540 2411 844 2467 cluduntur
886 2430 1078 2469 eorum
1131 2414 1436 2485 responsa?
1476 2413 1697 2470 Christo
1739 2414 1959 2485 quidem
2012 2428 2117 2469 non

2236 2417 2458 2486 λέγοντι,
2486 2417 2568 2471 ὅτι
2611 2416 2745 2487 Εἰμὶ
2774 2415 2928 2480 Θεός.
2960 2415 3026 2469 Τί
3069 2413 3256 2468 λοιπὸν
3299 2412 3552 2483 ἑροῦσινς
3590 2412 3671 2464 ὅτι
3708 2427 3813 2480 cq-

542 2503 901 2559 crediderunt
955 2506 1103 2577 quod
1165 2506 1309 2563 Dens
1370 2515 1557 2572 esset,
1604 2506 1949 2563 Antichristo
1995 2519 2119 2560 vero

2237 2512 2361 2580 μεῖα
2404 2512 2583 2576 ποιεῖς
2641 2508 2777 2563 ἀλλὰ
2823 2510 2918 2563 καὶ
2967 2507 3139 2562 πλείω
3159 2506 3255 2561 καὶ
3290 2506 3462 2577 μείζω
3495 2504 3754 2575 ἐποίησεν
3784 2505 3814 2558 6

547 2606 809 2668 tanquam
836 2596 947 2653 Deo
974 2608 1027 2654 et
1056 2598 1284 2654 credent
1308 2609 1361 2654 et
1387 2600 1565 2669 ipsum
1588 2600 1898 2655 adorabunt
1924 2618 1939 2655 :
1963 2599 2124 2670 idque

2237 2602 2484 2674 Χριστός.
2527 2601 2667 2657 Ἀλλ’
2696 2604 2777 2655 ὅτι
2817 2601 2970 2671 παρὰ
2996 2600 3103 2654 τῶν
3148 2598 3382 2671 Γραφῶν
3411 2598 3814 2670 ὲμαρτυρείτος

550 2690 839 2747 manifeste
884 2691 1092 2757 dicenti
1129 2711 1142 2747 :
1174 2692 1289 2764 Ego
1340 2709 1462 2748 sum
1505 2692 1669 2749 Dens.
1702 2692 1844 2760 Quid
1889 2693 2127 2764 amplius

2239 2696 2411 2749 καίτοι
2439 2696 2469 2748 6
2499 2693 2599 2765 μὲν
2639 2692 2897 2764 Χριστὸς,
2926 2692 3003 2757 ὡς
3025 2691 3239 2762 Σωτὴρ,
3270 2692 3299 2744 6
3330 2690 3386 2744 δὲ
3417 2691 3816 2761 Ἀντίχριστος,

549 2782 770 2837 dicent?
800 2783 946 2854 quod
972 2785 1126 2854 signa
1155 2784 1353 2840 faciat?
1380 2784 1485 2841 Sed
1522 2786 1677 2859 plura
1709 2800 1775 2839 ac
1814 2785 2025 2855 majora
2054 2785 2126 2840 fe-

2241 2788 2307 2853 ὡς
2344 2787 2562 2860 λυμεὼν
2589 2787 3031 2860 μεμαρτύρηται.
3063 2787 3129 2841 Τί
3156 2786 3214 2840 δὲ
3244 2786 3381 2851 ὅλως
3412 2788 3505 2842 καὶ
3537 2785 3818 2840 καταϐλά-

550 2875 625 2930 cit
674 2874 950 2933 Christus.
984 2876 1066 2932 An
1117 2878 1302 2932 dicent
1333 2877 1479 2947 quod
1513 2894 1541 2931 a
1581 2877 1884 2948 Scripturis
1916 2878 2125 2935 fereba-

2244 2882 2323 2952 ψει
2352 2884 2475 2946 τοὺς
2506 2882 2736 2945 πιστοὺς
2766 2883 2798 2951 ἠ
2852 2880 3137 2955 παρουσία
3170 2881 3369 2944 αὑτοῦ;
3400 2879 3506 2934 Καὶ
3540 2880 3821 2949 πρόφασις

553 2976 642 3022 tur
684 2969 753 3023 de
796 2969 890 3024 illo
933 2972 1311 3026 testimonium
1347 2971 1372 3026 ?
1413 2971 1578 3042 Atqui
1618 2971 1688 3027 de
1735 2971 1958 3028 Christo
1999 2986 2130 3027 sane

2242 2977 2419 3037 αὐτοῖς
2448 2975 2650 3046 μᾶλλον
2683 2976 2968 3044 στεφάνων
2988 2973 3242 3044 γένηται.
3274 2972 3546 3035 Ἐκείνους
3576 2973 3634 3026 δὲ
3667 2975 3819 3026 ἀπα-

553 3074 811 3131 tanquam
856 3063 923 3119 de
969 3063 1253 3119 Salvatore
1287 3063 1474 3120 datum
1502 3073 1586 3119 est
1621 3064 1992 3119 testimonium
2024 3082 2037 3119 :
2066 3066 2130 3120 de

2244 3070 2417 3141 τήσει,
2436 3069 2563 3133 τοὺς
2582 3070 2679 3122 καὶ
2703 3068 2897 3122 τούτου
2926 3069 3096 3139 χωρὶς
3112 3067 3616 3138 αύτοιιατακρίτους
3634 3066 3821 3128 ὄντας.

555 3157 897 3212 Antichrislo
924 3173 1055 3213 vero
1085 3165 1347 3228 tanquam
1379 3157 1447 3213 de
1479 3165 1823 3228 corruptore.
1859 3157 2003 3224 Quid
2032 3174 2132 3213 an-

2244 3163 2374 3232 Φησὶ
2407 3161 2537 3230 γὰρ,
2570 3162 2650 3214 ὅτι
2682 3162 2740 3214 ἐν
2790 3162 2903 3224 τοῖς
2958 3159 3354 3229 ἀπολλυμένοις
3395 3158 3568 3229 ἰσχύει
3614 3158 3821 3223 μόνοις.

554 3257 662 3304 tem
713 3249 901 3307 afferet
943 3252 1170 3309 omnino
1205 3253 1523 3308 nocumenti
1568 3252 1823 3309 ﬁdelibus
1873 3252 2131 3310 adventus

2256 3254 2395 3309 Ἀλλ’
2412 3253 2802 3322 εὐδοκήσαντες
2832 3255 2890 3307 ὲν
2912 3255 2976 3323 τῇ
3011 3251 3419 3324 ἁδικίᾳᾟολλολ
3442 3252 3551 3322 γὰρ
3576 3251 3822 3323 ζητοῦσι,

558 3345 770 3415 ipsius?
818 3346 931 3400 imo
981 3346 1114 3416 ipsis
1153 3347 1374 3403 occasio
1415 3347 1579 3402 etiam
1628 3346 1975 3417 praemiorum
2012 3347 2135 3412 erit,

2251 3347 2297 3400 τί
2329 3348 2529 3418 δήποτε
2564 3344 2788 3416 ἔρχεται
2819 3346 2847 3399 6
2891 3343 3292 3416 ’Λντίχριστοςς
3328 3347 3410 3408 είς
3447 3344 3501 3397 τί
3536 3344 3644 3415 γὰρ
3680 3343 3828 3412 ὠφέ-

560 3438 685 3493 ilios
728 3452 858 3494 vero
898 3436 1142 3508 decipiet
1182 3440 1276 3508 qui
1321 3438 1487 3494 etiam
1529 3438 1737 3507 absque
1781 3452 1846 3493 eo
1874 3452 1907 3492 a
1945 3436 2137 3506 seipsis

2252 3441 2409 3511 λιμος
2435 3442 2468 3511 ἠ
2493 3439 2769 3511 παρουσία
2796 3438 2999 3503 αὐτοῦς
3035 3439 3130 3491 καὶ
3161 3438 3363 3507 φαμὲν,
3398 3437 3581 3491 Ἴναοὶ
3609 3436 3829 3505 δόκιμοι

559 3530 911 3586 condemnati
950 3538 1159 3585 erant:
1192 3531 1270 3584 ait
1317 3530 1462 3586 enim
1496 3528 1641 3597 quod
1679 3529 1732 3584 in
1770 3528 1839 3583 iis
1882 3528 2016 3582 solis
2048 3524 2136 3597 qui

2250 3535 2474 3607 φανεροὶ
2503 3533 2794 3602 γένωνται.
2855 3532 2918 3584 Et
2943 3531 3001 3585 δὲ
3034 3529 3110 3601 μὴ
3140 3529 3270 3603 δέχῃ
3299 3528 3391 3582 τὸν
3413 3528 3573 3595 λόγον
3611 3527 3825 3593 τοῦτον,

565 3632 795 3692 pereunt
836 3624 982 3680 vires
1011 3623 1199 3679 habet.
1239 3642 1259 3677 ι
1305 3622 1412 3678 Sed
1450 3621 1895 3693 approbaverunt
1927 3620 2142 3691 iniusti-

2254 3627 2405 3693 δέξαι
2457 3626 2553 3681 τὸν
2597 3623 2925 3677 ’Δπόστολον
2982 3621 3179 3694 μικροῦ
3223 3620 3323 3691 τὴν
3351 3621 3531 3675 αἰτίαν
3575 3617 3829 3689 λέγοντα.

562 3717 719 3772 tiam.
750 3736 770 3769 ι
803 3714 955 3772 Multi
982 3717 1128 3773 enim
1163 3726 1411 3788 quierunt
1448 3731 1611 3786 quam
1657 3716 1728 3771 ob
1760 3730 1987 3772 causam
2015 3729 2139 3771 ven-

2256 3716 2381 3771 ’Ἱνα
2418 3714 2653 3785 κριθῶσι
2679 3713 2903 3777 πάντες,
2930 3713 3117 3782 φησιν,
3144 3712 3196 3765 οἱ
3229 3709 3305 3781 μὴ
3337 3708 3732 3772 πιστεύσαντες
3762 3712 3832 3781 τῇ

567 3820 727 3866 turus
758 3811 832 3868 sit
877 3812 1288 3867 Antichristus?
1324 3810 1405 3865 Ad
1438 3809 1569 3880 quid
1614 3809 1971 3872 enim,aiunt,
1998 3809 2144 3864 utilis

2257 3806 2506 3877 ἀληθείᾳ.
2532 3803 2755 3873 Ἐπειδὴ
2777 3802 2961 3873 γὰριοξ
2983 3802 3058 3872 τῷ
3084 3800 3305 3873 Χριστῷ
3338 3799 3413 3871 μὴ
3438 3799 3834 3865 πιστεύσαντες

565 3912 653 3960 est
705 3905 978 3960 adventus
1029 3902 1238 3974 ipsius?
1279 3902 1344 3958 Et
1400 3902 1640 3958 dicimus
1679 3901 1824 3972 quod
1869 3910 1927 3957 ut
1976 3903 2012 3956 ii
2057 3899 2142 3970 qui

2270 3899 2530 3963 Ἰουδαῖοι,
2562 3891 2710 3965 εἶχον
2726 3897 2786 3949 ἐν
2820 3897 2887 3965 τῇ
2926 3894 3107 3966 κρίσει
3131 3890 3653 3965 προδά).λεσθαι,διὰ
3676 3893 3839 3946 τοῦτο

570 3995 784 4066 probati
814 4005 940 4051 sunt
969 3995 1246 4051 manifesti
1272 3994 1457 4048 ﬂant'.
1482 3992 1636 4062 Quod
1667 3994 1712 4049 si
1744 3993 1887 4048 hunc
1917 4008 2027 4047 non
2057 4008 2147 4048 su-

2266 3992 2359 4045 οὐκ
2404 3988 2809 4059 ἐπιστεύσαμεν
2856 3982 3114 4042 εἴναιτδν
3142 3985 3381 4058 Χριστὸν
3431 3985 3564 4038 Θεὸν
3614 3986 3699 4039 ὅτι
3744 3985 3843 4055 γέ-

571 4089 775 4160 scipias
830 4104 1162 4153 sermonem,
1193 4090 1380 4158 accipe
1419 4086 1742 4157 Apostolum
1783 4100 2008 4142 causam
2047 4084 2148 4141 fere

2267 4099 2524 4155 Ιγραπται·
2560 4101 2581 4133 ι
2612 4076 2703 4145 Εἷς
2740 4080 2873 4144 Θεὸς
2908 4078 2967 4145 ἐξ
2994 4073 3055 4134 οῦ
3084 4079 3154 4132 τὰ
3183 4078 3380 4143 πάντα,
3408 4077 3567 4143 inci,
3598 4095 3620 4129 ι
3648 4076 3844 4148 Κυρίῳ

570 4182 842 4238 dicentem
878 4202 893 4239 :
932 4182 1096 4254 198
1134 4179 1205 4237 Ut
1234 4182 1577 4252 iudicentur,
1608 4180 1805 4250 inquit,
1833 4194 2028 4235 omnes
2064 4178 2147 4248 qui

2269 4179 2338 4248 τῷ
2373 4176 2495 4247 Θιῷ
2526 4193 2620 4230 σου
2650 4174 3078 4246 προσκυνήσεις,
3125 4173 3221 4226 καὶ
3256 4171 3406 4243 αὐτῷ
3431 4169 3577 4241 μόνῳ
3604 4169 3846 4238 λατρεύ-

575 4290 684 4329 nou
716 4274 1077 4330 crediderunt
1105 4273 1339 4330 veritati.
1375 4272 1645 4340 Quoniam
1688 4271 1834 4327 enim
1864 4268 2036 4327 Judaei
2063 4269 2152 4340 qui

2276 4257 2399 4333 σείς.
2432 4286 2453 4320 ι
2489 4266 2608 4320 Ἵνα
2641 4265 2736 4319 οῦν
2799 4265 2934 4337 μηδὲ
2975 4262 3151 4319 ταῦτα
3187 4262 3577 4334 προΐσχωνται,
3616 4263 3645 4315 6
3667 4262 3853 4314 Ἀντί-

574 4369 796 4425 Christo
842 4382 950 4423 non
982 4368 1340 4424 crediderunt
1369 4374 1625 4437 poterant
1656 4365 2026 4420 velamentum
2058 4362 2151 4418 ob-

2273 4375 2483 4431 χριστος
2511 4356 2695 4413 αὐτῶν
2719 4354 3031 4429 ἀπορράψει
3069 4353 3138 4409 τὰ
3170 4354 3436 4423 στόματα.
3471 4351 3629 4417 Πῶς;
3661 4351 3850 4405 ’Ὅταν

577 4463 805 4520 tendere
834 4477 898 4519 ac
919 4462 1105 4518 dicere
1131 4478 1147 4515 :
1178 4460 1474 4530 Propterea
1503 4474 1610 4515 non
1638 4455 1980 4513 credidimus
2009 4453 2154 4510 Chri-

2282 4452 2375 4521 γὰρ
2404 4449 2484 4522 τῷ
2523 4449 2623 4520 μὲν
2652 4447 2876 4519 Χριστῷ
2927 4447 3028 4501 οὐκ
3066 4446 3393 4517 ἐπίστευσαν
3433 4445 3517 4498 ὅτι
3548 4444 3662 4497 εστι
3689 4444 3859 4509 Θεὸς,

1128 4515 1566 4624 quod'scriptum
1600 4549 1673 4608 sit
1705 4566 1720 4604 :
1759 4567 1779 4602 ι
1818 4545 1974 4604 Unus
2013 4546 2157 4602 Deus

2283 4515 2362 4595 iui.
2385 4515 2560 4594 ταῦτα
2583 4515 2882 4611 διαρρήδην
2912 4536 3162 4606 λέγοντος
3184 4515 3423 4606 Χριστοῦ
3443 4536 3524 4588 ὃτι
3540 4533 3676 4598 Θεός
3707 4536 3860 4603 ειμι,

578 4665 648 4704 ex
693 4664 802 4721 quo
847 4646 1089 4713 omnia“,
1133 4665 1154 4701 ι
1189 4658 1346 4704 etc.:
1393 4664 1413 4698 ι
1452 4643 1743 4699 Dominum
1792 4639 1963 4695 Deum
2000 4648 2155 4694 tuum

2283 4631 2351 4703 ιῷ
2402 4630 2462 4687 δὲ
2522 4629 2900 4700 Ἀντιχρίστῳ,
2955 4629 3033 4693 ὡς
3080 4626 3201 4697 Θεῷ
3234 4628 3328 4681 καὶ
3368 4625 3703 4679 πιστεύσωσι
3758 4628 3860 4680 καὶ

580 4741 843 4796 adorabis
881 4749 935 4796 et
975 4736 1128 4795 illum
1175 4740 1354 4796 solum
1398 4736 1604 4793 coles’.
1636 4753 1655 4788 ι
1695 4735 1765 4792 Ut
1811 4747 1943 4803 ergo
1982 4747 2157 4802 neque

2288 4724 2717 4797 προσκυνήσωσι,
2746 4724 2803 4778 τί
2828 4723 3014 4778 λοιπὸν
3044 4720 3289 4792 ἑροῦσινς
3313 4721 3395 4775 ὅτι
3420 4722 3625 4791 σημεῖα
3642 4720 3865 4784 Euolat;

584 4835 701 4889 ιιι-ο
748 4832 1111 4903 praetendant,
1161 4830 1540 4886 Antichristus
1585 4830 1831 4900 ipsorum
1882 4825 2161 4884 obturabit

2290 4816 2450 4871 Ἀλλὰ
2485 4817 2581 4873 καὶ
2612 4817 2782 4871 πλείω
2820 4817 2914 4869 καὶ
2957 4816 3143 4886 μείζω-
3162 4814 3385 4867 ὲποίειὸ
3409 4813 3665 4885 Χριστός.
3715 4809 3867 4864 Ἀλλ’

584 4942 703 4980 ora.
737 4924 1057 4991 Quomodo?
1085 4923 1358 4991 Quoniam
1395 4929 1542 4977 certe
1578 4920 1804 4977 Christo
1841 4936 1947 4974 non
1982 4919 2161 4974 credi-

2291 4911 2359 4964 Ξτι
2388 4910 2540 4977 παρὰ
2589 4908 2701 4964 τῶν
2751 4908 2985 4979 Γραφῶν
3041 4909 3435 4977 ἑμαρτυρεῖτο;
3484 4905 3661 4957 καίτοι
3690 4905 3721 4957 6
3761 4904 3868 4972 μὲν

587 5018 790 5072 derunt
820 5014 970 5085 quod
1001 5013 1144 5069 Deus
1183 5021 1361 5078 esset,
1393 5012 1558 5080 idque
1582 5026 1706 5067 eum
1745 5010 1921 5081 palam
1953 5010 2164 5066 diceret

2290 5002 2533 5074 Kptdtbc,
2569 5002 2647 5064 ὡς
2676 5001 2892 5071 Σωτὴρ,
2935 5002 2966 5053 6
3005 4999 3063 5052 δὲ
3085 4998 3475 5069 Ἀντίχριστος,
3513 4996 3589 5058 ὡς
3616 4994 3867 5063 λυμεὼν.

588 5108 865 5167 Christus.
887 5107 1000 5177 Ego
1022 5122 1142 5161 sum
1171 5104 1337 5160 Deus.
1368 5101 1710 5158 Antichristo
1734 5117 1869 5157 vero
1902 5111 2162 5171 tanquam

2289 5096 2384 5148 Kal.
2402 5093 2589 5157 ἁπλῶς
2614 5092 2717 5164 τὴν
2742 5090 2856 5146 ἄνω
2883 5089 3257 5163 παραγραφὴν
3282 5087 3580 5156 ἀνάγνωθι.
3611 5087 3866 5156 auaui).

593 5202 706 5256 Deo
753 5200 1107 5256 crediderunt
1160 5207 1218 5254 et
1267 5214 1393 5252 eum
1435 5197 1826 5253 adoraverunt.
1859 5194 2005 5262 Quid
2052 5194 2165 5263 iam

2289 5203 2467 5250 rauce;
2493 5186 2574 5251 δὲ,
2597 5181 2711 5239 οἷον
2742 5184 3290 5255 σννυπουργήσαντες
3307 5182 3402 5234 καὶ
3430 5177 3866 5251 συμπράξαντες

591 5295 815 5351 dicent?
842 5293 987 5363 quod
1018 5292 1174 5362 signa
1200 5289 1458 5352 faciebat,
1483 5287 1577 5344 sed
1613 5297 1665 5343 et
1688 5288 1842 5359 plura
1874 5295 1929 5342 et
1959 5286 2167 5354 majora

1805 5303 1842 5342 ἰι
1874 5295 1929 5342 et
1959 5286 2167 5354 majora
2274 5282 2340 5351 τῇ
2373 5277 2580 5348 ἀδικίᾳ,
2618 5276 2864 5332 τουτέστι
2890 5276 2971 5347 τῷ
3000 5275 3382 5345 Ἀντιχρίστῳ.

595 5388 835 5445 faciebat
859 5385 1137 5441 Christus.
1173 5385 1254 5440 An
1296 5384 1483 5440 dicent
1515 5384 1663 5453 quod
1697 5398 1728 5437 a
1766 5381 2069 5452 Seripturls
2102 5374 2381 5433 ferebatur
2405 5374 2472 5429 de
2496 5372 2618 5442 ipso
2644 5371 3063 5430 testimonium?
3122 5369 3287 5439 Atqui
3345 5366 3412 5423 de
3470 5366 3692 5421 Christo
3742 5365 3866 5435 qui-

596 5483 722 5538 dem
758 5487 819 5535 ut
847 5479 917 5534 de
946 5478 1251 5543 Salvatore,
1281 5480 1349 5535 de
1378 5474 1731 5534 Antechristo
1752 5490 1884 5532 vero
1912 5482 2174 5544 tanquam
2214 5471 2284 5527 de
2332 5473 2677 5535 corruptore.
2743 5464 2990 5535 Denique
3065 5463 3230 5518 etiam
3278 5459 3397 5530 lege
3445 5457 3869 5512 aunotationem

602 5577 860 5647 superius
910 5574 1165 5644 positam.
1210 5574 1600 5646 Approbarunt
1647 5580 1867 5636 autem,
1910 5570 2017 5625 hoc
2060 5546 2174 5632 est,
2218 5578 2323 5619 una
2367 5559 2583 5631 operati
2624 5566 2757 5615 sunt
2806 5566 2861 5612 et
2905 5571 3014 5613 una
3099 5554 3484 5611 ministrarum
3556 5549 3868 5620 iniustitia,

607 5677 712 5726 hoc
739 5680 822 5724 est
842 5666 1202 5724 Antichristo.

684 5854 706 5887 ⁸
750 5851 908 5908 Juan.
975 5868 1025 5919 v,
1064 5849 1145 5909 5'5.
1239 5852 1441 5909 ‘Deut.
1483 5848 1633 5915 vrri.
1713 5848 1733 5881 ⁷
1774 5847 1789 5902 1
1850 5846 1976 5902 Cor.
2013 5857 2072 5908 ll,
2133 5840 2258 5895 l‘J.’l

2170 5842 2213 5895 il.
2239 5840 2258 5869 "
2295 5837 2311 5891 Ι
2368 5837 2493 5893 Cor.
2533 5850 2650 5901 vui,
2708 5832 2761 5887 6.
2839 5834 2858 5865 ’
2891 5830 3051 5886 Deut.
3086 5841 3162 5892 γι,
3193 5823 3277 5892 l5,
3309 5820 3500 5877 Matth.
3540 5834 3616 5887 ιν,
3655 5816 3747 5875 10.
