4036 6610
324 373 433 442 125

957 503 1207 559 ΚΕΦΑΛ.
1243 503 1317 560 Γ.

603 641 979 709 Εὑχαριστῐα
1006 643 1142 712 περὶ
1187 642 1299 712 τῆς
1322 644 1622 713 κλήσεως.

416 750 623 821 Ἡμεῖς
653 752 722 806 δὲ
758 754 1082 824 ὀφείλομεν
1099 756 1479 826 εὐχαριστεῖν
1513 757 1592 824 τῷ
1610 758 1732 826 Θεῷ
1753 760 1906 815 πάν-

320 860 456 896 τοτε
471 844 604 911 περὶ
630 843 815 914 ὑμῶν,
837 844 1087 915 ἀδελφοὶ
1109 846 1484 918 ἠγαπημένοι
1507 850 1625 905 ὑπὸ
1662 852 1903 919 Κυρίου,

321 933 413 989 ὅτι
441 935 640 990 είλετο
659 936 817 1004 ὑμᾶς
839 940 871 991 ό
901 937 1047 1005 Θεὸς
1072 938 1350 1008 ὰπαρχῆς
1380 942 1469 1007 εἰς
1502 942 1809 1011 σωτηρίαν
1837 944 1907 997 ἐν

320 1024 598 1093 ἁγιασμῷ
645 1027 1009 1096 πνεύματος,
1046 1029 1144 1080 καί
1177 1029 1374 1083 πίστει
1424 1030 1729 1098 ἀληθείας,
1758 1035 1845 1097 είς
1873 1032 1904 1086 ὃ

317 1114 621 1169 ἐκάλεσεν
664 1115 823 1185 ὑμᾶς
882 1116 980 1170 διὰ
1027 1116 1133 1171 τοῦ
1191 1119 1565 1188 Every-fellat)
1606 1118 1776 1189 ’ἡμῶν
1819 1123 1906 1186 είς

318 1210 717 1276 περιποίησιν
760 1210 945 1277 δόξης
1000 1211 1109 1265 τοῦ
1181 1213 1407 1281 Κυρίου
1466 1212 1636 1282 ἡμῶν
1710 1213 1904 1281 Ἰησοῦ

319 1302 603 1367 Χριστοῦ.
638 1304 778 1372 Ἀρα
823 1300 960 1369 οὖν,
1017 1286 1291 1374 ἀδελφοὶ,
1330 1305 1593 1372 στήκετε
1635 1304 1733 1359 καὶ
1766 1323 1906 1373 κρα-

318 1392 475 1446 τεῖτε
528 1395 636 1458 τὰς
685 1394 1055 1463 παραδόσεις
1100 1395 1173 1462 ἂς
1211 1395 1583 1466 ἐδιδάχθητε,
1631 1396 1751 1452 εἴτε
1806 1397 1904 1451 διὰ

317 1484 533 1550 λόγου,
557 1484 678 1537 εἴτε
702 1483 779 1537 δι’
807 1485 1138 1553 ἐπιστολῆς
1171 1487 1360 1557 ἡμῶν.
1390 1486 1584 1554 Αὐτὸς
1611 1486 1679 1541 δὲ
1712 1490 1747 1542 ὁ
1787 1488 1904 1542 Κύα-

316 1592 449 1641 ριος
480 1575 649 1644 ἡμῶν
686 1577 920 1647 Ἰησοῦς
968 1580 1243 1649 Χριστὸς,
1281 1581 1382 1634 καὶ
1417 1583 1449 1635 ό
1485 1581 1629 1649 Θεὸς
1659 1582 1758 1635 καὶ
1789 1585 1907 1635 Πα-

316 1666 434 1736 τὴρ
468 1669 638 1739 ἡμῶν
658 1673 690 1725 ὁ
715 1672 1039 1742 ἀγαπήσας
1062 1672 1239 1742 ἡμᾶς,
1277 1675 1374 1728 καί
1410 1672 1555 1741 δοὺς
1592 1673 1905 1742 παράκληφ

315 1775 426 1812 σιν
446 1763 696 1816 αἰωνίαν
727 1764 822 1817 καί
848 1764 1066 1818 ἐλπίδα
1096 1764 1331 1835 ἀγαθὴν
1360 1768 1431 1820 ἐν
1460 1766 1676 1837 χάριτι,
1712 1781 1898 1836 παρα-

314 1852 580 1906 καλέσαι
598 1853 765 1923 ὺμῶν
780 1855 886 1921 τὰς
917 1857 1186 1927 καρδίας,
1212 1856 1312 1913 καί
1327 1858 1605 1929 στηρίξαι
1623 1859 1694 1913 ἐν
1720 1860 1901 1915 παντὶ
1932 1863 1975 1918 Β

313 1943 484 2012 λόγῳ
505 1945 604 1997 καὶ
635 1945 785 2015 ἔργῳ
817 1948 1040 2019 ἀγαθῷ.

387 2056 504 2108 Καὶ
552 2055 723 2111 ταῦτα
768 2058 866 2129 μὲν
927 2058 1101 2127 ἔσται,
1134 2061 1322 2132 φησὶν,
1348 2063 1405 2115 ἓν
1436 2062 1515 2134 τῷ
1546 2062 1660 2133 ἰδίῳ
1687 2061 1894 2135 καιρῷ,

320 2167 341 2199 ι
379 2148 576 2218 Ἡμεῖς
608 2150 662 2202 δὲ
685 2149 981 2222 ὀφείλομεν
1036 2154 1384 2226 εὐχαριστεῖν
1417 2154 1497 2227 τῷ
1527 2155 1666 2226 Θεῷ,
1705 2156 1791 2210 ὅτι
1824 2156 1904 2209 εἴ-

314 2241 442 2295 λετο
478 2243 646 2313 ὑμᾶς.
673 2262 692 2296 ›
757 2238 886 2299 υἷον
938 2247 1255 2315 ἐπελέξατο.
1312 2231 1504 2304 Εἵλετο
1546 2250 1644 2320 μὲν
1672 2249 1809 2321 πρὸς
1841 2249 1903 2303 τὸ

317 2334 520 2401 σῶσαι,
555 2337 730 2390 είλετο
782 2337 839 2392 δὲ
874 2340 930 2393 ὲν
975 2341 1233 2413 ἁγιασμῷ
1253 2342 1595 2413 Πνεύματος,
1629 2343 1900 2410 τουτέστι,

316 2428 410 2482 διὰ
446 2428 547 2484 τοῦ
601 2431 829 2498 ἁγιάσαι
904 2434 1055 2503 ἡμᾶς
1083 2433 1160 2506 τῷ
1196 2433 1338 2506 ἁγίῳ
1381 2434 1546 2489 αὐτοῦ
1597 2434 1900 2506 Πνεύματι.

323 2540 343 2572 ι
368 2522 483 2575 Καὶ
512 2524 571 2575 ἐν
602 2523 785 2578 πίστει
845 2525 1132 2596 ἀληθείας.
1165 2546 1183 2579 ι
1237 2528 1517 2596 Τουτέστι,
1546 2528 1636 2582 διὰ
1666 2527 1904 2591 πίστεως

317 2610 581 2680 ἀληθοῦς.
608 2613 825 2687 Ταύτην
846 2615 950 2687 γὰρ
983 2615 1152 2693 μόνην
1173 2617 1328 2687 ἡμῶν
1353 2617 1902 2686 συνεισενεγκόντων,

320 2704 556 2775 ἡγίασεν
616 2707 776 2772 αὐτὸς
829 2707 917 2763 διὰ
967 2708 1062 2763 τοῦ
1118 2709 1453 2781 πνεύματος.
1515 2710 1615 2765 Διά
1659 2710 1822 2766 τοῦτο
1843 2710 1899 2765 δὲ

318 2796 545 2866 πρῶτον
594 2794 715 2852 εἶπε
745 2816 759 2830 ·
789 2800 892 2854 Τὸν
923 2801 1195 2872 ἁγιασμὸν
1223 2800 1318 2855 τοῦ
1351 2801 1695 2873 Πνεύματος,
1724 2801 1902 2872 δηλῶν

317 2887 400 2949 ὡς
427 2888 549 2942 οὐδὲ
575 2888 1002 2962 ἐπιστεύσαμεν,
1032 2892 1084 2945 εί
1118 2892 1194 2963 μὴ
1219 2894 1252 2964 ἡ
1280 2893 1441 2964 χάρις
1464 2892 1556 2946 τοῦ
1586 2891 1903 2962 Πνεύματος

316 2980 616 3051 ἡγιάσατο.
671 3001 689 3034 ι
718 2983 812 3046 Εἰς
838 2982 867 3037 δ
915 2985 1174 3039 ἐκάλεσεν
1212 2985 1378 3055 ὑμᾶς.
1407 3003 1426 3036 ι
1476 2985 1570 3046 El;
1599 2985 1627 3038 δ
1651 2983 1900 3055 Πνεῦμα,

320 3074 354 3143 ἢ
379 3076 458 3136 είς
480 3074 540 3127 ὃν
566 3075 841 3145 ἀγιασμὸν
888 3077 1136 3144 ἐκάλεσε,
1189 3078 1380 3151 φησὶν,
1430 3078 1575 3148 ὑμᾶς
1599 3079 1627 3132 ὁ
1655 3077 1787 3141 Θεὸς
1813 3077 1900 3131 διὰ

1267 388 1656 454 COMMENT.
1699 391 1781 451 IN
1820 392 2059 454 EPIST.
2103 395 2164 455 II
2205 397 2307 458 AD
2331 398 2700 460 THESSAL.

3043 494 3051 501 _
3484 397 3586 463 126

2545 553 2552 559 -
2620 513 2850 572 CAPUT
2889 514 2975 571 Ill.

2358 648 2667 706 Gratiarum
2696 652 2835 705 actio
2865 650 2929 705 de
2961 635 3250 706 vocatione.

2081 765 2148 830 ll,
2177 764 2363 821 1246.
2408 763 2523 820 Nos
2562 775 2738 821 autem
2769 766 3013 823 debemus
3051 768 3258 837 gratias
3295 783 3447 839 agere
3480 767 3584 822 Deo

2008 872 2213 926 semper
2240 857 2305 911 de
2334 858 2497 920 vobis,
2529 858 2726 927 fratres
2752 856 2937 911 dilecti
2969 876 3001 911 a
3042 858 3286 923 Domino,
3320 859 3456 930 quod
3483 859 3587 914 ele-

2007 949 2138 1019 gerit
2175 965 2262 1003 vos
2293 948 2432 1021 Deus
2463 949 2529 1004 ab
2559 951 2712 1004 initio
2737 951 2792 1004 in
2817 949 3066 1016 salutem,
3087 967 3178 1020 per
3202 951 3586 1019 sanctiﬁcatio-

2008 1058 2121 1094 nem
2153 1042 2376 1110 spiritus
2404 1058 2467 1095 ac
2492 1044 2648 1113 ﬁdem
2684 1044 2921 1098 veritatis
2954 1059 2971 1097 :
3001 1043 3070 1095 ad
3094 1043 3233 1113 quod
3262 1045 3466 1098 vocavit
3495 1061 3584 1099 vos

1996 1133 2100 1201 per
2153 1119 2498 1201 Evangelium
2554 1144 2790 1187 nostrum
2834 1135 2889 1188 in
2945 1136 3345 1205 acquisitionem
3398 1136 3583 1207 gloria:

2005 1221 2223 1277 Domini
2271 1224 2442 1277 nostri
2484 1221 2613 1280 Iesu
2664 1223 2890 1280 Christi.
2935 1225 3141 1292 Itaque.
3184 1226 3399 1295 fratres.
3447 1235 3585 1281 state

2008 1322 2056 1364 et
2088 1322 2257 1365 tenete
2285 1312 2642 1365 institutiones
2681 1328 2812 1376 quas
2843 1312 3102 1366 didicistis
3131 1315 3234 1365 sive
3260 1328 3355 1378 per
3381 1329 3580 1366 sermo-

2006 1420 2122 1458 nem
2154 1406 2260 1459 sive
2287 1421 2381 1474 per
2411 1406 2687 1476 epistolam
2716 1415 2974 1460 nostram.
3005 1402 3129 1474 Ipse
3172 1423 3293 1461 vero
3327 1401 3579 1460 Dominus

2005 1508 2184 1554 noster
2229 1500 2386 1557 Jesus
2414 1503 2678 1571 Christus,
2720 1513 2766 1558 et
2802 1503 2942 1558 Deus
2990 1519 3052 1556 ac
3081 1501 3241 1556 Pater
3280 1512 3456 1555 noster
3488 1503 3580 1572 qui

2004 1593 2189 1646 dilexit
2220 1610 2316 1649 nos
2371 1605 2417 1648 et
2452 1595 2590 1649 dedit
2618 1595 3032 1650 consolationem
3074 1605 3322 1649 aternam
3358 1605 3406 1648 et
3433 1609 3577 1660 spem

2007 1683 2196 1738 bonam
2227 1701 2320 1755 per
2365 1691 2617 1759 gratiam,
2647 1688 2944 1744 consoletur
2986 1670 3165 1743 corda.
3191 1697 3362 1743 vestra
3385 1695 3435 1741 et
3464 1695 3577 1741 sta-

2004 1778 2157 1836 biliat
2180 1797 2267 1837 vos
2291 1782 2349 1836 in
2377 1798 2619 1837 sermone
2643 1792 2694 1839 et
2726 1798 2877 1852 opere
2905 1781 3059 1839 bono.

2080 2058 2241 2130 199
2265 2056 2333 2112 El
2363 2056 2480 2112 haec
2513 2055 2755 2127 quidem,
2809 2055 2907 2119 ait,
2962 2067 3065 2111 suo
3117 2050 3247 2106 ﬁent
3309 2058 3576 2121 tempore.

2011 2169 2030 2201 ι
2064 2148 2177 2205 Nos
2203 2157 2387 2203 autem
2415 2145 2680 2202 debemus
2718 2143 2827 2199 Deo
2848 2142 3055 2215 gratias
3088 2156 3250 2211 agere
3282 2139 3428 2210 quod
3460 2140 3575 2195 ele-

2005 2240 2149 2313 gerit
2176 2255 2306 2295 vos:
2339 2257 2358 2290 ›
2387 2238 2531 2309 quod
2563 2252 2658 2291 vos
2681 2235 2963 2306 delegerit.
3001 2232 3238 2305 Elegerit
3269 2230 3495 2302 quidem
3521 2241 3582 2285 ut

2007 2332 2194 2388 salvos
2227 2329 2460 2397 faceret,
2490 2329 2653 2401 elegit
2695 2336 2877 2383 autem
2935 2342 3034 2397 per
3082 2324 3577 2381 sanctiﬁcationem

2007 2421 2275 2492 Spiritus,
2305 2422 2412 2476 hoc
2444 2427 2550 2486 est,
2595 2436 2693 2492 per
2745 2420 2851 2474 hoc
2880 2416 3025 2489 quod
3067 2433 3170 2473 nos
3216 2425 3412 2472 sancto
3478 2430 3580 2470 suo

2007 2515 2217 2588 Spiritu
2264 2514 2652 2572 sanctiﬁcavit.
2704 2533 2723 2565 ι
2752 2511 2830 2566 Ac
2879 2527 2978 2582 per
3031 2510 3187 2566 ﬁdem
3241 2509 3511 2564 veritatis.
3554 2526 3573 2560 ι

2005 2607 2120 2664 Hoc
2161 2616 2267 2676 est,
2300 2623 2396 2679 per
2425 2605 2586 2663 ﬁdem
2617 2620 2826 2662 veram.
2862 2603 2995 2657 Nam
3042 2619 3165 2658 cum
3213 2602 3384 2656 solam
3439 2601 3582 2655 hanc

2005 2700 2461 2766 contulissemus,
2514 2699 2629 2768 ipse
2664 2712 2763 2769 per
2833 2693 3102 2766 Spiritum
3175 2692 3573 2750 sanctiﬁcavit.

2003 2791 2302 2861 Pr0pterea
2341 2799 2524 2844 autem
2559 2790 2797 2859 primum
2854 2787 2994 2843 dixit
3027 2804 3040 2842 :
3075 2785 3578 2841 Sanctiticationem

2007 2880 2272 2952 Spiritus;
2317 2880 2643 2952 signiﬁcans
2673 2879 2821 2949 quod
2858 2895 2924 2933 ne
2976 2862 3411 2933 credidissemus
3460 2876 3581 2946 qui-

2004 2975 2127 3030 dem
2162 2972 2267 3027 nisi
2308 2972 2479 3043 gratia
2511 2970 2751 3040 Spiritus
2805 2966 3223 3024 sanctiﬁcasset.
3259 2985 3278 3018 ι
3314 2966 3395 3020 Ad
3434 2964 3581 3035 quod

2003 3066 2222 3121 vocavit
2251 3080 2370 3119 vos.
2410 3082 2429 3115 ι
2461 3063 2541 3116 Ad
2566 3078 2724 3130 quem
2752 3061 3013 3132 Spiritum
3046 3059 3127 3112 vel
3161 3059 3225 3112 ad
3251 3074 3413 3127 quam
3448 3074 3580 3113 san-

319 3163 420 3217 τοῦ
475 3165 837 3233 Εὑαγγελίου.
878 3168 1120 3221 Ἐκεῖθεν
1148 3149 1258 3240 γὰρ
1300 3168 1645 3240 καλούμενοι,
1678 3168 1903 3239 Χριστῷ

2008 3158 2401 3215 ctiﬁcationem
2447 3155 2669 3211 vocavit
2716 3169 2816 3209 vos
2844 3152 2991 3207 Deus
3041 3167 3136 3222 per
3172 3149 3523 3220 Evangelium
3562 3166 3577 3203 :

323 3259 694 3330 πιστεύομεν,
753 3259 858 3314 ὑπὸ
902 3260 959 3314 δὲ
999 3260 1093 3314 τοῦ
1148 3260 1464 3332 Πνεύματος
1533 3261 1900 3332 ἀγιαζόμεθα.

331 3351 466 3413 «El;
510 3351 867 3423 περιποίησιν
920 3353 1097 3429 δόξης.
1130 3371 1149 3409 ι
1209 3353 1309 3407 Διά
1359 3350 1520 3406 τοῦτο
1571 3352 1649 3415 δὲ,
1715 3352 1902 3422 φησὶν,

322 3445 586 3500 ἐκάλεσεν
630 3446 832 3515 ἡμεῖςό
860 3444 994 3508 Θεὸς
1045 3447 1126 3508 είς
1184 3446 1458 3516 ἁγιασμὸν
1506 3445 1904 3514 πνευματικὸν,

324 3537 417 3590 ἵνα
468 3537 627 3604 δόξαν
685 3538 1024 3610 περιποιήσῃ
1065 3535 1143 3608 τῷ
1190 3535 1305 3609 Υἱῷ
1357 3535 1547 3592 αὐτοῦ.
1608 3537 1745 3601 Δόξα
1794 3536 1905 3605 γὰρ

322 3629 571 3701 Χριστῷ,
602 3628 664 3683 τὸ
696 3629 924 3694 πολλοὺς
978 3624 1124 3684 εἶναι
1158 3630 1283 3693 τοὺς
1318 3629 1615 3701 μέλλοντας
1640 3628 1909 3693 σώζεσθαι

322 3724 415 3779 διὰ
465 3725 567 3793 τῆς
620 3724 855 3787 πίστεως
884 3722 1097 3791 αὐτοῦ,
1161 3722 1348 3786 καθὼς
1409 3726 1507 3779 καὶ
1554 3723 1669 3777 ἀνω
1718 3718 1903 3777 εἶπεν*

335 3817 839 3888 Ἐνδοξασθῆναιὲν
879 3819 994 3882 τοῖς
1044 3816 1222 3886 ἁγίοις
1258 3815 1445 3871 αὐτοῦ.
1495 3818 1642 3888 Ὀρα
1684 3815 1740 3869 δὲ
1793 3814 1909 3878 πῶς

321 3910 622 3980 τετίμηται
678 3913 706 3964 ὁ
763 3910 1073 3981 ἄνθρωπος,
1129 3910 1212 3964 ὅτι
1269 3908 1427 3974 δόξαν
1476 3907 1642 3962 αὑτοῦ
1690 3908 1907 3977 ἡγεῖται

322 4003 567 4075 Χριστὸς
608 4003 708 4075 τὴν
757 4004 915 4075 ἡμῶν
964 4003 1260 4075 σωτηρίαν.
1296 4020 1315 4055 ι
1342 4003 1487 4071 Ἀρα
1507 3995 1625 4062 οὖν,
1655 3998 1901 4068 ἀδελφοὶ,

327 4098 583 4166 στήκετε.
644 4116 664 4151 ι
727 4098 818 4169 Μὴ
887 4098 1290 4169 καταϐλήοητε,
1344 4097 1501 4165 φησὶ,
1534 4097 1664 4165 μτοῖς
1713 4098 1910 4163 πειρα-

325 4192 508 4259 σμοῖς.
539 4208 559 4242 ι
586 4191 708 4245 Εἴτε
730 4176 829 4244 διέι
862 4189 1046 4260 λόγου.
1071 4210 1089 4243 ›
1126 4189 1238 4244 Καὶ
1259 4190 1367 4260 γὰρ
1390 4190 1483 4242 καὶ
1511 4188 1777 4259 ἀγράφως
1816 4182 1909 4237 καὶ

323 4281 624 4352 ἐγγράφως
678 4281 1004 4353 παρέδωκαν
1051 4283 1100 4335 οἱ
1154 4280 1443 4337 ἀπόστολοι
1470 4320 1486 4346 ,
1538 4280 1632 4333 καὶ
1683 4273 1909 4346 ἀξιοφύ-

321 4374 500 4431 λακτα
556 4374 868 4445 ἀμφότερα.
919 4374 1222 4446 Τοιγαροῦν
1265 4373 1361 4428 καὶ¹
1419 4373 1453 4443 ἡ
1507 4372 1754 4442 ἄγραφος
1806 4370 1908 4443 τῆς

335 4464 672 4536 Ἐκκλησίας
708 4467 1029 4533 παράδοσις,
1068 4466 1343 4536 φυλακτέα
1373 4464 1545 4519 ἐστίν.
1572 4454 1620 4516 ³(
1646 4466 1819 4528 Αὐτὸς
1850 4464 1907 4518 δὲ

2008 3267 2134 3307 nam
2172 3265 2265 3322 per
2298 3249 2432 3305 illud
2469 3248 2647 3302 vocati
2678 3246 2900 3303 Christo
2945 3247 3223 3302 credimus
3258 3264 3271 3299 :
3306 3262 3335 3299 a
3370 3244 3579 3315 Spiritu

2009 3356 2139 3397 vero
2170 3339 2609 3396 sanctiﬁcamur.
2646 3358 2664 3392 ι
2706 3340 2768 3392 In
2821 3337 3242 3407 acquisitionem
3298 3337 3503 3409 gloriae.
3556 3354 3575 3388 ι

2007 3435 2243 3504 Propter
2289 3433 2394 3488 hoc
2423 3443 2601 3487 autem
2636 3431 2852 3486 vocavit
2882 3445 2984 3485 nos
3017 3429 3158 3486 Deus
3218 3428 3282 3484 ad
3340 3427 3583 3484 sanctiﬁ-

2009 3526 2285 3581 cationem
2322 3523 2697 3594 spiritualem,
2750 3530 2809 3577 ut
2839 3522 3071 3593 gloriam
3127 3519 3405 3591 acquirat‘
3442 3519 3581 3573 Filio

2010 3626 2143 3676 suo.
2166 3618 2386 3673 Christo
2412 3618 2560 3673 enim
2609 3615 2675 3670 ad
2722 3615 2950 3686 gloriam
2991 3613 3241 3684 estquod
3281 3613 3434 3667 multi
3486 3628 3583 3683 per

2010 3711 2171 3767 ﬁdem
2200 3710 2379 3780 ipsius
2405 3710 2542 3766 salvi
2574 3709 2728 3768 ﬁant.
2774 3708 3241 3777 quemadmodum
3269 3707 3432 3762 etiam
3488 3722 3582 3761 su-

2010 3804 2195 3877 perius
2229 3803 2369 3858 dixit
2400 3821 2415 3858 :
2446 3801 2520 3857 Ut
2541 3800 2879 3872 gloriﬁcetur
2906 3799 2960 3852 in
2990 3798 3201 3853 sanctis
3233 3798 3369 3851 suis.
3397 3798 3586 3850 Anim-

2011 3897 2233 3951 adverte
2267 3904 2451 3948 autem
2506 3902 2713 3963 quanto
2747 3892 2803 3945 in
2842 3892 3051 3946 honore
3088 3890 3359 3944 habeatur
3394 3887 3582 3953 homo,

2009 3987 2160 4058 quod
2186 3987 2439 4042 Christus
2476 3999 2633 4039 suam
2668 3980 2897 4054 gloriam
2942 3997 3064 4038 esse
3114 3980 3279 4035 ducat
3336 3990 3581 4059 nostram
3644 3981 3648 3985 “

2012 4080 2265 4135 salutem.
2302 4096 2320 4128 ι
2369 4076 2573 4146 Itaque,
2609 4075 2828 4145 fratres,
2851 4084 3008 4129 state.
3052 4093 3073 4127 ι
3111 4073 3187 4128 Ne
3218 4075 3580 4145 dejiciamini,

2011 4173 2110 4240 ait,
2142 4169 2553 4225 alllictionihus.
2590 4186 2608 4220 ι
2658 4165 2785 4223 Sive
2815 4183 2911 4238 per
2933 4183 3273 4222 sermonem.
3315 4187 3332 4217 ι
3370 4167 3505 4223 Nam
3529 4175 3583 4221 et

2012 4264 2133 4321 sine
2174 4263 2452 4332 scriptura
2474 4268 2526 4316 et
2554 4276 2654 4331 per
2706 4259 3040 4329 scripturam
3090 4259 3355 4314 nonnulla
3396 4259 3580 4315 trade-

2010 4354 2145 4410 bant
2176 4352 2411 4422 apostoli
2451 4368 2465 4406 :
2501 4360 2554 4406 et
2585 4360 2818 4419 utraque
2855 4349 3018 4421 digna
3057 4359 3356 4420 erantqua:
3385 4352 3581 4406 obser-

2010 4452 2294 4503 varentur.
2327 4443 2516 4513 Itaque
2547 4441 2806 4498 Ecclesia:
2836 4443 3060 4497 traditio
3081 4443 3244 4498 etiam
3269 4445 3406 4499 citra
3433 4443 3583 4500 Scri-

322 4564 353 4615 δ
390 4534 595 4632 Κύριος
655 4562 836 4632 ἡμῶν.
879 4580 899 4615 s
970 4534 1142 4616 Πάλιν
1208 4560 1351 4632 μετὰ
1397 4558 1497 4633 τὴν
1560 4559 1903 4630 παραίνεσιν,

2010 4549 2228 4611 pturam
2285 4534 2632 4590 observanda
2691 4542 2797 4590 est.
2856 4554 2874 4587 ι
2937 4534 3060 4605 Ipse
3126 4551 3255 4590 vero
3322 4535 3583 4591 Dominus

323 4654 456 4725 εὐχῇ
529 4654 741 4725 βεϐαιοῖ
765 4656 831 4710 τὰ
862 4654 1291 4726 παραινεθέντα.
1353 4654 1510 4708 (Καὶ
1550 4654 1578 4707 ὁ
1628 4654 1760 4718 Θεὸς
1810 4651 1907 4707 καὶ

325 4745 518 4818 Πατὴρ
575 4746 757 4817 ἡμῶν.
790 4765 810 4800 s
850 4746 964 4801 Ποῦ
1031 4746 1174 4800 εἰσὶν
1217 4748 1267 4800 oi
1304 4745 1559 4814 λέγοντες
1617 4745 1705 4800 διὰ
1750 4746 1909 4804 τοῦτο

328 4840 556 4911 μείζονα
582 4840 679 4894 τὸν
719 4840 962 4914 Πατέρα,
993 4841 1078 4894 ὅτι
1122 4838 1339 4911 πρῶτος
1368 4837 1734 4908 ὀνομάξεται;
1772 4839 1906 4895 Ἰδοὺ

324 4932 436 5000 γὰρ
482 4931 719 4987 ἐνταῦθα
785 4931 1003 5004 πρῶτος
1032 4935 1061 4986 δ
1090 4930 1220 4995 Υἱὸς
1254 4929 1637 5003 ,ὀνομάζεταα
1675 4950 1693 4984 ι
1717 4931 1906 5001 Παρά-

324 5025 521 5093 κλησιν
564 5024 809 5079 αἰωνίαν.
837 5044 856 5078 i
898 5025 997 5089 Τίς
1030 5025 1087 5078 δὲ
1114 5026 1148 5096 ἠ
1173 5023 1367 5078 αίωνία
1416 5023 1793 5095 παράκλησιςς
1843 5024 1908 5078 Ἥ

326 5115 484 5178 ἐλπὶς
530 5115 644 5169 τῶν
690 5116 994 5184 μελλόντων
1058 5114 1303 5184 ἀγαθῶν,
1335 5115 1402 5187 ἣν
1458 5114 1551 5169 διὰ
1603 5114 1764 5168 τοῦτο
1814 5116 1909 5168 καὶ

328 5207 541 5278 ἀγαθὴν
559 5208 732 5262 καλεῖ.
766 5226 783 5259 ι
809 5208 897 5261 Ἑν
929 5207 1135 5278 χάριτι.
1168 5226 1187 5259 ι
1232 5206 1451 5276 Ταύτην
1475 5205 1532 5259 δὲ
1555 5204 1653 5273 τὴν
1684 5206 1906 5271 ἐλπίδα,

327 5300 415 5354 διὰ
463 5300 672 5362 οἰκείας
731 5300 952 5370 χάριτος
984 5302 1012 5354 ὁ
1042 5299 1172 5362 Θεὸς
1209 5298 1429 5351 ἔδωκεν.
1469 5298 1543 5351 Οὐ
1584 5297 1674 5350 διὰ
1708 5314 1909 5367 κατορ-

331 5390 563 5461 θώματα
629 5392 896 5464 ὴμέτερα.
961 5413 979 5444 ι
1005 5390 1396 5463 Παρακαλέσαι
1422 5449 1429 5456 ,
1461 5390 1618 5459 ὑμῶν
1645 5390 1745 5453 τὰς
1773 5407 1910 5461 καρ-

329 5483 466 5548 δίας.
492 5504 512 5537 ι
556 5484 728 5540 Τοῦτο
765 5486 874 5556 γὰρ
911 5484 1257 5556 παράκλησις
1320 5481 1533 5552 ἀληθῶς
1559 5483 1909 5554 Χριστιανοῖς

331 5578 438 5647 πρὸ
473 5579 572 5648 τῆς
610 5577 720 5632 τῶν
758 5578 1061 5649 μελλόντων
1094 5576 1329 5639 ἐλπίδος,
1359 5573 1421 5626 τὸ
1449 5573 1772 5645 ὲστηρίχθαι
1812 5572 1908 5627 καὶ

335 5668 587 5740 βεϐαίους
639 5665 778 5723 εἶναι
817 5673 876 5724 ὲν
904 5673 1066 5724 παντὶ
1103 5670 1251 5741 ἔργῳ
1282 5666 1378 5722 καὶ
1407 5666 1551 5736 λόγῳ
1593 5665 1805 5733 ἀγαθῷ.
1843 5664 1910 5718 Τί

334 5760 445 5832 γὰρ
497 5761 635 5831 πρὸς
687 5763 1037 5834 παράκλησιν
1092 5763 1209 5816 ἴσον
1241 5762 1317 5826 ὡς
1342 5760 1405 5815 τὸ
1435 5758 1729 5813 συνειδέναι
1760 5760 1911 5828 ἡμᾶς

335 5852 417 5909 ὅτι
480 5854 703 5927 Χριστῷ
760 5855 1068 5928 ἀρέσκομεν
1092 5856 1149 5922 ἐξ
1173 5849 1247 5911 ὧν
1282 5853 1466 5926 ζῶμεν
1503 5852 1594 5908 καὶ
1627 5850 1906 5906 πολιτευό-

2010 4639 2223 4686 noster.
2274 4647 2293 4681 s
2330 4627 2571 4683 Rursum
2615 4634 2740 4698 post
2787 4626 3226 4682 exhortationem
3265 4627 3585 4696 precatione

2010 4724 2301 4778 conﬁrmat
2324 4736 2387 4775 ea
2416 4736 2538 4792 qua:
2566 4718 2874 4774 admonuit.
2926 4737 2945 4771 ι
3015 4716 3082 4774 Et
3124 4716 3269 4774 Deus
3310 4726 3365 4773 et
3420 4718 3591 4775 Pater

2009 4824 2221 4871 noster.
2260 4833 2279 4867 ι
2317 4811 2421 4868 Ubi
2444 4811 2693 4882 suntqui
2743 4811 3025 4865 dicuntob
3057 4810 3108 4865 id
3160 4811 3420 4881 majorem
3458 4827 3593 4868 esse

2008 4905 2228 4962 Patrem
2257 4905 2401 4975 quod
2428 4905 2640 4975 primus
2670 4890 3029 4959 nominetur?
3117 4901 3256 4959 Ecce
3284 4904 3432 4958 enim
3465 4903 3585 4968 hic.

2008 5005 2220 5075 primus
2274 4999 2445 5057 Filius
2501 4998 2845 5053 nominatur.
2887 5016 2906 5049 ι
2955 4995 3397 5051 Consolationem
3427 5004 3586 5052 aeter-

2009 5114 2158 5155 nam.
2204 5115 2222 5149 »
2271 5095 2402 5164 Quae
2451 5103 2535 5151 est
2601 5102 2782 5149 autem
2835 5101 3037 5147 aeterna
3075 5092 3589 5163 consolatio?Spes

2010 5192 2326 5246 futurorum
2360 5188 2653 5251 honorum,
2706 5201 2868 5258 quam
2904 5194 3188 5256 prepterea
3243 5186 3405 5239 etiam
3453 5184 3587 5239 dicit

2013 5284 2236 5337 bonam.
2280 5299 2298 5332 ι
2335 5278 2440 5336 Per
2494 5280 2749 5351 gratiam.
2801 5297 2819 5330 ι
2876 5276 3027 5332 Hanc
3086 5293 3216 5331 vero
3278 5293 3430 5348 spem
3487 5292 3585 5346 per

2010 5393 2166 5432 suam
2202 5374 2437 5446 gratiam
2489 5373 2640 5428 dedit
2701 5372 2864 5439 Deus,
2914 5387 3023 5425 non
3082 5370 3153 5426 ob
3207 5378 3393 5424 nostra
3439 5371 3587 5426 bona

2010 5460 2198 5538 opera.
2234 5486 2252 5518 ι
2295 5465 2626 5521 Consoletur
2659 5464 2826 5520 corda
2854 5474 3056 5519 vestra.
3090 5481 3109 5515 ι
3148 5460 3281 5517 Nam
3309 5462 3398 5515 illa
3421 5462 3585 5517 Chri-

2013 5563 2214 5620 stianis
2252 5576 2382 5616 vera
2416 5560 2723 5615 consolatio
2749 5565 2856 5624 est,
2893 5568 2953 5613 ut
2983 5566 3111 5614 ante
3159 5574 3310 5629 spem
3367 5555 3585 5611 iuturo-
3647 5562 3655 5566 ’

1940 5660 1953 5669 “
2014 5672 2135 5713 rum
2170 5655 2396 5710 stabiles
2429 5669 2494 5709 ac
2526 5653 2668 5708 ﬁrmi
2699 5652 2811 5708 sint
2850 5651 2905 5707 in
2959 5652 3107 5707 omni
3148 5667 3314 5723 opere
3362 5659 3417 5707 et
3463 5666 3585 5708 ser-

2015 5763 2175 5805 mone
2202 5748 2365 5803 bono.
2401 5746 2543 5813 Quid
2596 5746 2744 5801 enim
2796 5744 2926 5799 huic
2956 5745 3319 5799 consolationi
3348 5760 3443 5816 par
3475 5753 3583 5808 est,

2015 5858 2176 5913 quam
2216 5848 2277 5898 ut
2306 5837 2466 5897 nobis
2499 5836 2707 5896 conscii
2747 5835 2922 5893 simus
2948 5835 3094 5909 quod
3121 5851 3189 5892 ex
3216 5836 3329 5894 vita
3351 5846 3403 5893 et
3446 5851 3577 5892 con«
