4036 6586
484 404 590 473 ῙΞἹ

1542 404 1940 469 (ECUMENII
1980 401 2271 462 ΤΗΝ)οέῘί
2313 403 2654 464 EPISCOPI

3643 399 3743 463 l28

482 517 794 572 versatione
853 522 1040 571 nostra
1085 513 1310 572 Christo
1349 516 1715 588 placeamus?
1753 532 1771 565 ι
1817 513 1877 567 In
1903 512 2056 567 omni

2171 509 2339 582 μεθας
2383 529 2401 561 ι
2439 511 2530 564 Ἐν
2552 511 2716 564 παντί⁵
2774 509 2938 583 λόγῳ.
2963 529 2984 563 ι
3024 510 3114 582 τῷ
3143 510 3242 581 μὲν
3276 509 3444 580 ἔργῳ,
3475 507 3573 573 τὰς
3610 510 3745 580 πρά-

484 624 761 665 scrmonc.
795 627 813 660 ι
850 607 954 663 Per
996 625 1138 681 opus
1185 610 1407 680 quidem
1457 610 1725 664 actiones‘
1753 606 2048 678 signillcat,

487 716 587 772 per
613 714 921 757 sermonem
950 717 1080 755 vero
1116 711 1261 755 recta
1308 701 1591 770 dogmata.

790 776 801 785 ’
1001 793 1163 864 200
1189 792 1417 851 CAPUT
1450 793 1537 848 Iv.
2015 856 2037 873 χ

559 886 627 943 Ut
674 904 774 957 pro
829 889 943 955 ipso
994 899 1269 958 precentur
1297 898 1344 942 et
1374 904 1468 957 pro
1495 904 1649 958 opere
1690 887 1980 960 Evangelii.

555 980 646 1040 Ill.
680 982 798 1036 1-5.
847 980 1001 1048 Quod
1035 990 1268 1047 superest
1304 992 1454 1035 orate
1475 996 1570 1049 pro
1598 981 1769 1047 nobis,
1800 990 1857 1036 ut
1882 997 2056 1036 sermo

489 1075 899 1128 Dominicurrat
928 1084 979 1129 et
1008 1076 1358 1145 gloriﬁcetrtr.
1406 1076 1542 1128 sicut
1577 1086 1627 1129 et
1655 1074 1795 1143 apud
1842 1092 1930 1129 vos
1956 1091 1975 1129 :
2007 1083 2058 1128 et

486 1178 543 1220 ut
572 1168 863 1234 eripiamur
912 1168 976 1220 ab
1013 1166 1262 1221 absurdis
1303 1184 1365 1219 ac
1418 1169 1676 1234 perversis
1728 1167 2054 1222 hominibus.

489 1256 613 1310 Non
639 1258 777 1311 enim
811 1259 1043 1312 omnium
1071 1269 1149 1313 est
1178 1259 1336 1330 ﬁdes,
1373 1262 1462 1314 sed
1493 1260 1664 1329 ﬁdelis
1687 1270 1764 1315 est
1800 1260 2057 1316 Dominus

485 1351 836 1419 q'nistabiliet
874 1368 963 1406 vos
1014 1362 1064 1406 et
1131 1353 1393 1406 custodiet
1437 1371 1469 1407 α
1498 1354 1661 1406 malo.
1720 1346 2055 1422 Con/idimus

489 1452 662 1494 autem
687 1459 780 1509 per
820 1442 1104 1496 Dominum
1135 1445 1199 1498 de
1229 1444 1372 1499 vobis
1397 1445 1537 1516 quod
1579 1463 1695 1515 qua:
1720 1448 2057 1515 prwcipimus

486 1531 629 1584 vobis
668 1543 714 1587 et
749 1532 968 1602 faciatis
1004 1544 1052 1588 et
1074 1535 1274 1605 [acturi
1304 1537 1446 1591 sitis.
1487 1536 1657 1592 Porro
1693 1536 1953 1591 Dominus
1974 1538 2061 1591 di-

487 1624 626 1693 rigat
656 1626 818 1678 corda
841 1638 1013 1681 vestra
1046 1627 1113 1681 ad
1136 1627 1467 1684 dilectionem
1494 1629 1587 1685 Dei
1615 1640 1665 1686 et
1691 1629 1758 1684 ad
1786 1641 2061 1702 exspecta-

488 1719 679 1773 tionem
714 1718 934 1777 Christi.

561 1896 828 1969 Superius
861 1909 1119 1971 precatus
1144 1906 1264 1976 ipse
1295 1924 1395 1978 pro
1453 1910 1583 1976 illis,
1626 1911 1761 1980 petit
1792 1929 1943 1970 nunc
1984 1916 2055 1971 ab

492 1988 630 2058 ipsis
694 1995 1083 2061 precationem.
1139 1996 1314 2054 Simul
1366 2011 1549 2057 autem
1595 2019 1788 2061 eorum
1841 2022 2063 2077 quoque

493 2079 834 2147 prudentiam
864 2086 1097 2152 extollit,
1151 2089 1297 2157 quod
1356 2090 1533 2146 idonei
1569 2101 1759 2148 essent
1815 2096 1907 2165 qui
1963 2113 2063 2168 pro

430 2168 441 2180 ’
494 2174 752 2242 magistro
787 2186 1162 2243 precarentur.
1197 2199 1215 2231 ι
1253 2180 1320 2236 Ut
1343 2199 1523 2238 sermo
1549 2184 1760 2240 Domini
1789 2197 2001 2246 currat.
2038 2210 2058 2243 ι
2094 2192 2095 2203 ‘

492 2263 612 2319 Non
668 2275 723 2320 ut
759 2267 1023 2326 liberetur
1054 2287 1083 2325 a
1118 2274 1383 2341 periculis
1423 2277 1571 2345 (nam
1631 2278 1685 2334 in
1733 2296 1856 2335 eum
1902 2297 2063 2337 usum

494 2358 706 2428 positus
740 2371 878 2425 erat,
910 2372 967 2417 ut
1006 2365 1057 2419 in
1091 2368 1273 2436 priore
1302 2367 1441 2423 dixit
1471 2370 1714 2441 Epistola
1745 2374 1840 2443 η),
1875 2377 1971 2432 sed
2005 2385 2065 2431 ut

494 2452 804 2516 praedicatio
838 2465 1042 2519 currat,
1079 2464 1133 2510 et
1164 2456 1306 2526 apud
1340 2473 1533 2515 omnes
1552 2461 1599 2516 ei
1645 2461 1780 2518 lides
1809 2455 2069 2519 adhibea-

496 2551 606 2600 tur.
649 2560 668 2593 ι
700 2543 856 2598 Sicut
892 2554 945 2600 et
980 2548 1123 2617 apud
1171 2566 1286 2606 vos.
1325 2569 1344 2602 ι
1391 2549 1504 2606 Hoc
1533 2554 1697 2608 etiam
1751 2558 2064 2612 encomium

498 2632 684 2689 habet.
726 2634 1202 2701 Quemadmodum
1240 2642 1382 2713 apud
1427 2658 1552 2710 vos,
1592 2646 1794 2716 inquit,
1822 2653 2069 2706 cucurrit

496 2731 550 2776 et
579 2724 825 2781 creditus
861 2736 967 2783 est.
1003 2749 1021 2781 ι
1060 2732 1143 2785 Ah
1173 2732 1432 2789 absurdis
1467 2751 1531 2789 ac
1579 2740 1854 2804 perversis
1892 2741 2069 2799 horni-

2164 604 2275 670 ξεις
2305 603 2480 674 δηλοῖ,
2515 603 2593 675 τῷ
2631 603 2687 658 δέ
2715 603 2881 676 λόγῳ,
2908 603 2978 660 τὰ
3015 603 3155 677 ὀρθά
3186 605 3456 675 δόγματα.

2708 790 2715 795 ’
2762 778 3013 834 ΚΕΦᾹΛ.
3067 776 3142 833 Δ⁰.

2200 871 2799 943 Παρακλήσιςεὺκῆς
2834 871 2989 940 ὑπὲρ
3023 869 3212 925 αὐτοῦ
3246 868 3472 925 καὶτοῦ
3498 871 3702 941 ἔργον.

2241 967 2313 1021 Τὸ
2340 966 2562 1021 λοιπὸν
2587 965 3027 1032 προσεύχεσθε,
3074 962 3349 1031 ἀδελφοί,
3383 962 3514 1030 περὶ
3552 959 3745 1030 ἡμῶν,

2166 1061 2322 1116 ἵναό
2357 1060 2540 1127 λόγος
2580 1055 2685 1112 τοῦ
2727 1056 2949 1124 Κυρίου
3004 1055 3183 1124 τρέχῃ
3242 1054 3347 1109 καί
3387 1053 3705 1121 δοξάζηται
3732 1096 3748 1117 ,

2166 1153 2358 1219 καθὼς
2390 1150 2659 1219 καὶπρὸς
2686 1146 2859 1217 ὑμᾶς,
2893 1148 2990 1201 καὶ
3012 1147 3113 1200 ἵνα
3134 1145 3461 1217 ῥυσθῶμεν
3489 1146 3609 1201 ἀπὸ
3628 1145 3751 1199 τῶν

2165 1247 2403 1301 ἀτόπων
2434 1242 2531 1298 καί
2554 1240 2839 1309 πονηρῶν
2865 1240 3211 1309 ἀνθρώπων.
3239 1242 3321 1293 Οὺ
3354 1239 3466 1309 γὰρ
3499 1238 3752 1293 πάντων

2166 1340 2203 1407 ἠ
2227 1339 2452 1402 πίστις,
2484 1326 2703 1398 σειστὸς
2737 1332 2804 1386 δέ
2832 1331 3005 1388 ἐστιν
3039 1335 3072 1386 ό
3101 1332 3317 1399 Κύριος
3362 1331 3433 1399 ὃς
3474 1330 3750 1399 στηρίξει

2167 1426 2318 1497 ὑμᾶς
2344 1411 2724 1493 καῖςρυλὰξει
2780 1422 2897 1477 ἀπὸ
2954 1422 3061 1476 τοῦ
3100 1421 3393 1489 πονηροῦ.
3453 1422 3751 1475 [Iaxama-

2169 1538 2285 1591 μεν
2309 1518 2376 1573 δὲ
2404 1520 2474 1571 ἐν
2503 1517 2698 1585 Κυρίῳ
2726 1514 2819 1585 ἐφ’
2858 1513 3034 1584 ὑμᾶς,
3066 1513 3155 1567 ὅτι
3183 1512 3219 1567 ἂ
3245 1512 3751 1584 παραγγέλλομεν

2166 1610 2331 1678 ὑμῖν,
2380 1609 2479 1662 καί
2532 1607 2774 1669 ποιεῖτε,
2821 1605 2919 1659 καί
2971 1604 3278 1673 ποιήσετε.
3316 1605 3377 1658 '0
3419 1603 3487 1656 δὲ
3525 1604 3749 1670 Κύριος

2169 1702 2527 1757 κατευθύναι
2558 1697 2726 1768 ὑμῶν
2776 1698 2881 1763 τὰς
2908 1698 3155 1767 καρδίας
3197 1699 3285 1764 είς
3336 1695 3453 1763 τὴν
3498 1695 3748 1763 ἀγάπην

2166 1796 2274 1851 τοῦ
2293 1794 2464 1859 Θεοῦ,
2489 1794 2586 1848 καί
2603 1794 2691 1858 εἰς
2713 1793 2828 1859 τήν
2854 1789 3172 1861 ὑπομονὴν
3192 1790 3298 1844 τοῦ
3319 1789 3597 1858 Χριστοῦ.

2240 1890 2388 1943 ’Ᾱνω
2442 1888 2605 1949 αὐτὸς
2653 1885 2953 1955 εὐξάμενος
2995 1885 3135 1956 ὑπὲρ
3192 1882 3395 1947 αὐτῶν,
3455 1882 3551 1936 νῦν
3601 1883 3751 1936 αἰτεῖ

2165 1982 2332 2051 εὐχὴν
2397 1979 2528 2051 παρ’
2579 1977 2780 2032 αὐτῶν.
2844 1977 2999 2046 Ἀμα
3041 1977 3098 2030 δέ
3143 1976 3239 2030 καὶ
3298 1980 3367 2028 τὰ
3418 1976 3750 2045 φρονήματα.

2166 2072 2346 2127 αὐτῶν
2412 2069 2651 2141 ἐπαίρει,
2678 2071 2760 2123 ὅτι
2814 2067 2990 2122 ίκανοί
3020 2068 3158 2122 είσιν
3187 2066 3328 2138 ὑπὲρ
3358 2066 3451 2119 τοῦ
3484 2065 3747 2121 διδασκά-

2164 2166 2258 2221 λου
2315 2163 2598 2230 εὔξασθαι.
2653 2147 2810 2217 (Ἵνα
2844 2161 2872 2213 ὁ
2902 2161 3060 2231 λόγος
3118 2159 3214 2214 τοῦ
3251 2159 3457 2230 Κυρίου
3497 2160 3691 2231 τρέχῃ.
3719 2178 3742 2210 s

2167 2259 2279 2330 Οὐχ
2315 2259 2402 2312 ἵνα
2436 2256 2724 2326 ἀπαλλαγῇ
2758 2252 3020 2308 κινδύνων
3053 2252 3159 2324 (εἰς
3213 2252 3371 2306 τοῦτο
3401 2252 3510 2323 γὶρ
3544 2252 3746 2311 ἔκειτο.

2166 2352 2242 2415 ὡς
2273 2354 2330 2405 ἐν
2349 2352 2416 2421 τῇ
2449 2348 2638 2421 πρώτῃ
2683 2346 2940 2417 ἐπιστολῇ
2990 2343 3220 2417 φησιν),
3266 2344 3381 2398 ἀλλ’
3445 2344 3532 2399 ἕνα
3564 2344 3625 2398 τὸ
3647 2340 3754 2414 κή-

2171 2461 2354 2516 ρυγμα
2412 2442 2608 2515 τρέχῃ,
2660 2441 2756 2495 καὶ
2784 2442 2843 2494 ἐν
2901 2441 3037 2493 πᾶσι
3088 2438 3435 2505 πιστεύηται.
3500 2437 3752 2501 «Καθὼς

2171 2538 2263 2592 καὶ
2320 2535 2456 2605 πρὸς
2523 2535 2736 2604 ὑμᾶς.»
2809 2532 2983 2586 Τοῦτο
3043 2532 3137 2584 καὶ
3200 2529 3477 2600 ἐγχωμίου
3540 2530 3747 2600 ἔχεται.

2172 2632 2386 2697 Ὠσπερ
2442 2626 2571 2697 παρ’
2617 2626 2767 2696 ὑμῖν,
2819 2623 3009 2694 φησὶν,
3061 2622 3267 2694 ἔδραμε
3298 2621 3394 2677 καὶ
3424 2619 3744 2690 ἐπιστεύθη.

2176 2742 2195 2775 ι
2222 2722 2361 2776 Ἀπὸ
2389 2719 2499 2774 τῶν
2524 2718 2742 2773 ἀτόπων
2781 2717 2877 2772 καὶ
2908 2716 3166 2787 πονηρῶν
3196 2713 3518 2787 ἀνθρώπων.
3544 2734 3561 2766 ι
3609 2714 3749 2784 Περὶ⁵

496 2816 683 2872 ribus.
723 2836 742 2869 ι
807 2817 881 2875 De
928 2820 1013 2877 his
1067 2823 1159 2893 qui
1211 2801 1643 2884 adversabantur
1693 2832 2067 2902 praedicationi

2171 2816 2278 2870 τῶν
2326 2813 2715 2902 ἀντιλεγόντων
2765 2809 2845 2882 τῷ
2877 2808 3199 2882 κηρύγματι
3262 2808 3434 2877 λέγει,
3504 2803 3618 2902 οίος
3673 2801 3745 2878 ἦν

500 2907 967 2982 loquitur,qualis
1004 2924 1123 2970 erat
1156 2914 1468 2975 Alexander
1530 2894 1709 2977 faber-
1740 2928 1972 2984 aerarius
2000 2928 2065 2982 “.

2184 2908 2527 2980 Ἀλέξανδρος
2548 2906 2577 2959 δ
2607 2894 2862 2977 χαλκεύς.
2901 2921 2919 2955 ι
2947 2904 3022 2958 Οὐ
3052 2902 3162 2974 γὰρ
3194 2901 3468 2970 πάντωνή
3501 2899 3738 2963 πίστις..

507 3020 526 3051 ι
573 3000 689 3057 Non
717 3004 862 3059 enim
899 3008 1145 3069 omnium
1199 3018 1284 3064 est
1324 3011 1474 3071 lides.
1525 3032 1544 3066 ι
1589 3012 1670 3069 Ac
1715 3016 1761 3070 si
1811 3014 2066 3074 diceret:

2183 3002 2329 3054 Ὠσεὶ
2378 3000 2585 3068 ἔλεγεν·
2616 2998 2693 3051 Οὐ
2730 2997 2950 3051 πάντων
2988 2995 3109 3049 ἐστὶ
3141 2994 3203 3049 τὸ
3227 2992 3543 3056 πιστεῦσαι,
3608 2992 3749 3047 ἀλλὰ

498 3088 615 3147 Non
648 3096 889 3152 omnium
912 3107 998 3153 est
1033 3101 1275 3168 credere,
1304 3104 1399 3159 sed
1430 3119 1620 3160 eorum
1647 3107 1740 3177 qui
1768 3108 1918 3177 digni
1942 3121 2067 3165 sunt

2172 3091 2280 3147 τῶν
2307 3089 2472 3156 ἀξίων
2499 3088 2594 3143 τοῦ
2647 3087 2955 3142 πιστεῦσαι.
2996 3085 3085 3150 Ὦς
3118 3084 3172 3139 εί
3198 3102 3283 3149 τις
3305 3085 3470 3139 εἴποι·
3505 3085 3579 3138 Οὐ
3612 3086 3754 3139 πάν-

499 3191 557 3236 ut
594 3184 839 3242 credant.
877 3186 1054 3244 Veluti
1083 3192 1127 3247 si
1160 3192 1285 3262 quis
1324 3192 1506 3249 dicat:
1546 3176 1933 3253 Nonomnium
1980 3210 2065 3255 est

2177 3202 2281 3237 των
2309 3184 2425 3237 ἐστὶ
2452 3181 2512 3236 τὸ
2545 3181 2943 3253 στρατεύεσθαι
2971 3179 3031 3232 ἐν
3058 3180 3181 3242 ταῖς
3205 3176 3500 3250 βασιλείοις
3530 3177 3749 3241 αὐλαῖς,

501 3274 554 3327 in
585 3276 727 3331 aulis
751 3293 938 3361 regum
970 3282 1227 3351 militare,
1260 3286 1354 3340 sed
1388 3303 1581 3343 eorum
1607 3290 1701 3359 qui
1732 3291 1885 3363 digni
1913 3302 2065 3351 sunt.

500 3366 578 3419 Illi
607 3367 792 3438 itaque
819 3383 1130 3441 repugnant
1153 3391 1387 3446 quorum
1416 3394 1524 3434 nou
1569 3390 1654 3439 est
1694 3383 1850 3440 lldes.
1895 3402 1916 3437 ι
1962 3384 2067 3443 Sed

501 3458 675 3514 ﬁdelis
694 3469 778 3515 est
810 3460 1098 3521 Dominus.
1145 3486 1163 3519 ι
1202 3465 1336 3522 Nam
1372 3471 1632 3540 quoniam
1666 3474 1830 3544 elegit
1858 3490 1958 3532 vos
1998 3477 2065 3531 ad

499 3550 756 3615 salutem,
790 3552 937 3608 sicut
967 3558 1221 3624 superius
1247 3560 1343 3625 ait,
1381 3561 1555 3617 fidelis
1577 3573 1683 3628 est,
1708 3564 1815 3621 hoc
1837 3575 1941 3631 est,
1977 3583 2070 3624 ve-

501 3657 620 3703 ras.
665 3651 723 3697 ut
754 3646 1000 3701 stabiliat
1039 3663 1135 3705 vos
1165 3660 1422 3722 tanquam
1454 3653 1782 3714 ﬂuctuantes
1819 3676 1832 3714 :
1873 3666 1933 3713 ut
1972 3674 2072 3715 cu-

501 3734 705 3789 stodiat
741 3747 945 3804 autem,
980 3756 1049 3796 ne
1096 3744 1224 3812 quid
1268 3748 1441 3815 possit
1494 3746 1728 3806 Satanas
1780 3750 2069 3808 adversum

499 3840 616 3879 vos.
652 3845 670 3876 ι
717 3826 1055 3887 Contidimus
1085 3848 1285 3891 autem.
1326 3857 1344 3889 ι
1381 3837 1458 3893 Ne
1485 3838 2069 3900 existimarentomnia

499 3917 604 3971 sibi
638 3930 967 3987 proventura
1001 3940 1027 3977 a
1058 3924 1167 3981 Deo
1201 3929 1292 3997 qui
1325 3929 1461 3999 ipsis
1505 3934 1865 3991 annuntiatus
1898 3946 2066 4004 esset,

497 4023 702 4079 eosque
731 4012 975 4083 elegisset
999 4017 1064 4071 ad
1090 4019 1346 4085 salutem,
1376 4029 1432 4076 et
1457 4023 1530 4077 ita
1563 4038 1758 4095 segnes
1783 4041 2071 4095 permane-

498 4111 623 4191 rent
654 4121 668 4156 :
700 4104 768 4158 ab
798 4106 880 4162 eis
909 4108 1074 4163 etiam
1135 4110 1405 4167 honorum
1441 4116 1818 4185 operationem
1870 4120 2066 4189 exigit.

500 4194 631 4257 Qua:
662 4197 1031 4267 precepimus,
1063 4201 1265 4271 inquit.
1294 4204 1451 4260 vobis
1477 4213 1531 4260 et
1563 4206 1746 4263 facitis
1777 4219 1828 4263 et
1864 4209 2069 4266 facturi

498 4284 654 4365 estis.
684 4285 760 4340 Ac
783 4289 827 4342 si
848 4289 1055 4345 diceret
1087 4309 1101 4345 :
1136 4293 1294 4363 201
1335 4293 1515 4351 Verax
1547 4297 1769 4367 quidem
1794 4306 1877 4355 est
1903 4299 2067 4367 Deus,

497 4377 591 4447 qui
612 4394 709 4434 vos
731 4381 797 4435 ad
832 4383 1065 4439 salutem
1088 4386 1251 4455 elegit
1281 4404 1295 4440 :
1330 4396 1570 4443 attamen
1598 4393 1907 4448 necessaria
1927 4409 2069 4465 quo-

499 4484 606 4538 que
632 4480 761 4525 sunt
791 4487 976 4529 veswa
1029 4490 1218 4545 opera.
1256 4475 1383 4533 ideo
1420 4496 1597 4549 neque
1646 4497 1815 4539 ausus
1848 4482 1951 4539 fuit
1986 4487 2069 4542 di—

2174 3272 2311 3328 ἁῖλλά
2368 3272 2479 3326 τῶν
2538 3270 2729 3337 ἀξίων.
2771 3270 3003 3326 Ἐκεῖνοι
3056 3267 3349 3339 τοιγαροῦν
3371 3267 3748 3335 ἀνθίστανται,

2169 3360 2245 3421 ὧν
2276 3365 2377 3420 οὐκ
2406 3364 2553 3419 ἐστιν
2585 3366 2620 3435 ἡ
2649 3364 2852 3428 πίστις.
2891 3382 2910 3416 ι
2939 3363 3136 3427 Πιστὸς
3151 3361 3207 3416 δέ
3229 3363 3377 3416 ἐστιν
3410 3364 3439 3416 ὁ
3469 3361 3696 3433 Κύριος.
3724 3384 3744 3416 ι

2184 3459 2401 3530 Ἐπειδὴ
2455 3458 2565 3531 γὰρ
2596 3459 2773 3512 είλετο
2799 3457 2944 3528 ὑμᾶς
2970 3459 3051 3521 είς
3083 3455 3382 3528 σωτηρίαν,
3416 3456 3599 3521 καθὼς
3635 3459 3759 3511 ἀνω

2173 3553 2328 3625 φησὶ,
2392 3552 2584 3615 πιστός
2637 3554 2779 3618 ἐστι,
2828 3552 3152 3616 τουτέστιν,
3211 3549 3443 3621 ἀληθὴς,
3495 3551 3753 3621 στηρίξαι

2173 3648 2313 3717 ὑμᾶς
2337 3646 2414 3710 ὡς
2468 3644 2883 3716 σαλευομένους,
2909 3642 3144 3714 φυλάξαι
3168 3642 3246 3709 δέ,
3280 3646 3361 3707 είς
3392 3643 3451 3697 τὸ
3484 3643 3560 3715 μὴ
3593 3644 3752 3714 ἰσχῦ-

2174 3754 2263 3791 σαι
2319 3737 2411 3791 τὸν
2460 3738 2709 3792 Σατανᾶν
2761 3734 2884 3790 καθ’
2937 3734 3113 3808 ὑμῶν.
3174 3754 3193 3786 ι
3224 3735 3573 3808 Πεποίθαμεν
3616 3738 3692 3791 δέ.
3726 3757 3746 3787 ι

2174 3831 2291 3885 ’Ἱνα
2347 3831 2423 3902 μὴ
2465 3822 2944 3901 νομίσωσι’πάντα
2996 3828 3178 3892 αὐτοῖς
3233 3829 3451 3883 ἔσεσθαι
3508 3828 3617 3883 ἀπὸ
3653 3829 3753 3882 τοῦ

2172 3922 2645 3992 ἐπαγγειλαμένου
2682 3921 2843 3985 Θεοῦ,
2890 3922 2986 3976 καὶ
3034 3921 3290 3992 ἑλομένου
3320 3923 3399 3986 είς
3452 3921 3753 3993 σωτηρίαν,

2171 4013 2267 4068 καὶ
2293 4013 2525 4084 ρᾁυμοι
2549 4012 2797 4083 μείνωσι,
2834 4014 2928 4066 καὶ
2974 4012 3073 4081 τὴν
3122 4013 3309 4067 αὐτῶν
3357 4014 3618 4085 ἐργασίαν
3641 4016 3754 4067 ἀπ·-

2171 4107 2331 4160 αιτεῖ.
2376 4106 2442 4157 ’Δ
2484 4104 2940 4177 παραγγέλλομεν
2990 4106 3141 4177 ὑμῖν,
3183 4105 3340 4177 φησὶ,
3391 4107 3487 4159 καὶ
3519 4110 3754 4175 ποιεῖτε,

2171 4198 2266 4251 καὶ
2297 4198 2577 4268 ποιήσετε.
2624 4196 2771 4251 Ὢσεὶ
2824 4191 3013 4251 εἶπενο
3087 4197 3323 4270 ’Δληθὴς
3381 4199 3530 4267 μένὸ
3561 4198 3694 4263 Θεὸς
3720 4204 3754 4254 ὁ

2171 4291 2251 4352 είς
2306 4287 2581 4360 σωτηρίαν
2637 4290 2782 4358 ὑμᾶς
2844 4289 3134 4359 ἐλόμενο;’
3170 4290 3309 4361 πλὴν
3356 4289 3491 4345 ἀλλὰ
3535 4292 3619 4346 δεῖ
3658 4294 3755 4347 καὶ

2173 4382 2680 4453 ὑμετέρωνέργων.
2712 4383 2805 4437 Διὸ
2839 4382 2961 4437 οὒδέ
2995 4383 3301 4455 ἐθάρσησεν
3322 4387 3519 4451 είπεῖν,
3554 4387 3755 4442 πεποί-
3834 4402 3845 4411 ⁵

2174 4473 2346 4545 θαμεν
2375 4474 2430 4527 δὲ
2469 4478 2550 4538 εἰς
2581 4475 2744 4546 ὑμᾶς,
2776 4475 2911 4540 ἀλλ’,
2963 4476 3057 4530 Ἐν
3103 4477 3315 4548 Κυρίῳ,
3342 4477 3755 4550 προστέθεικεν.

499 4577 624 4616 cere
655 4563 1018 4635 simpliciter:
1052 4567 1397 4628 Conﬁdimus
1420 4581 1604 4628 autem
1630 4573 1698 4630 de
1729 4576 1910 4640 vobis.
1946 4579 2066 4644 sed,

2181 4585 2199 4619 ι
2239 4567 2297 4619 Ὀ
2323 4566 2382 4619 δέ
2407 4566 2607 4638 Κύριος
2653 4568 3002 4621 κατευθῦναι.
3035 4587 3054 4620 s
3130 4569 3250 4625 Ἐπ’
3272 4569 3506 4634 εὐθείας,
3560 4572 3755 4642 φησὶν,

505 4651 559 4707 In
584 4653 817 4711 Domino
850 4676 863 4711 :
905 4667 959 4714 et
999 4661 1189 4716 addit:
1222 4683 1240 4715 ι
1282 4663 1450 4720 Porro
1481 4664 1741 4723 Dominus
1779 4668 1999 4740 dirigat.
2044 4687 2063 4722 ι

499 4749 669 4804 Recto
711 4752 933 4807 tramite
966 4752 1163 4809 adduci
1198 4755 1362 4811 faciat
1393 4775 1405 4811 :
1439 4774 1566 4812 nam
1598 4761 1761 4815 multa
1794 4770 1923 4816 sunt
1949 4778 2070 4833 quae
2113 4784 2119 4791 ε

499 4841 570 4895 ab
595 4842 686 4896 illo
715 4844 1017 4903 retrahunt.
1051 4877 1121 4888 ——
1156 4846 1357 4904 Beatus
1386 4848 1622 4905 Basilius
1667 4851 1808 4908 libro
1833 4854 1899 4909 ad
1934 4858 2067 4910 Am-

498 4937 835 5005 philochium
894 4938 996 4994 hoc
1052 4941 1266 5006 scribit,
1324 4942 1472 5013 quod
1515 4944 1770 5014 spiritum
1819 4956 2070 5016 precetur

497 5027 722 5095 Paulus,
763 5030 999 5089 dicens:
1036 5034 1301 5088 Dominus
1327 5046 1505 5089 autem
1562 5036 1765 5107 dirigat
1814 5039 1878 5092 ad
1926 5039 2066 5095 dile-

497 5121 734 5175 ctionem
786 5121 876 5177 Dei
921 5124 1099 5179 Patris
1134 5132 1187 5179 et
1217 5124 1283 5179 ad
1318 5128 1783 5194 exspectationem
1836 5129 2062 5185 Christi.

496 5213 633 5279 Quis
690 5217 835 5271 enim
895 5216 1160 5274 Dominus
1212 5227 1408 5288 prazter
1449 5220 1714 5291 Spiritum
1755 5223 2066 5280 directurns

453 5320 461 5327 ·
495 5307 801 5359 eratcorda
833 5306 1075 5375 ipsorum
1107 5307 1174 5361 ad
1213 5307 1563 5363 dilectionem
1596 5309 1689 5364 Dei
1712 5318 1766 5365 et
1804 5311 1982 5367 Patris
2012 5320 2067 5367 et

497 5396 563 5450 ad
596 5399 1059 5467 exspectationem
1094 5397 1341 5455 Christi?
1372 5398 1562 5454 Nullus
1592 5411 1772 5455 autem
1812 5411 2069 5472 precatur

498 5491 663 5544 alium
698 5498 896 5560 praeter
923 5490 1113 5546 Deum.
1154 5511 1173 5544 ι
1207 5493 1271 5547 Et
1320 5494 1387 5548 ad
1409 5494 1875 5561 exspectationem
1908 5494 2069 5548 Chri-

498 5580 592 5634 sti.
629 5597 648 5629 ι
687 5578 786 5634 Ubi
818 5588 1000 5635 autem
1024 5583 1487 5651 exspectationem
1520 5592 1574 5636 et
1603 5582 1953 5636 tolerantiam
1986 5581 2070 5635 di-

500 5674 596 5740 cit,
615 5671 929 5729 alllictiones
947 5674 1214 5747 designat.
1243 5674 1711 5746 Exspcctationem
1735 5684 1912 5727 autem
1938 5674 2071 5728 dicit

574 5852 618 5887 ’⁵
658 5852 894 5913 l'l‘hess.
939 5860 1253 5931 ttt,5seqq.
1363 5860 1399 5891 ἰ
1431 5856 1472 5911 ll
1497 5856 1638 5913 Tim.
1682 5874 1754 5924 tv,
1794 5857 1878 5911 li.

1352 6129 1381 6149 κ

2175 4660 2466 4731 ἐνεχθῆναι
2502 4661 2747 4729 ποιήσαι.
2786 4659 2964 4713 Πολλὰ
2997 4659 3108 4732 γάρ
3140 4661 3208 4713 τὰ
3236 4660 3390 4714 ἐνθεν
3419 4662 3750 4731 ἀφέλκοντα.

2176 4782 2245 4793 —-
2299 4750 2856 4825 [UIKOTMENIOI‘J
2908 4750 2968 4804 '0
3024 4752 3292 4823 μακάριος
3344 4753 3623 4818 Βασίλειος
3691 4756 3753 4809 ἐν

2174 4848 2287 4910 τοῖς
2334 4845 2473 4917 πρὸς
2538 4846 2891 4915 Ἀμφιλόχιον
2943 4843 3104 4899 τοῦτο
3153 4846 3501 4916 σημειοῦται,
3538 4848 3619 4901 ὅτι
3669 4849 3755 4921 τῷ

2175 4938 2446 5007 πνεύματι
2492 4935 2714 5007 εὔχεται
2743 4936 3032 5002 ὀΠαῦ).ος,
3076 4936 3273 5005 λέγων,
3334 4938 3391 4991 '0
3436 4939 3493 4992 δέ
3546 4941 3755 5011 Κύριος

2174 5030 2502 5085 κατευθῦναι
2546 5031 2627 5093 είς
2656 5029 2756 5099 τὴν
2800 5029 3024 5098 ἀγάπην
3079 5029 3170 5082 τοῦ
3203 5030 3338 5083 Θεοῦ
3388 5032 3483 5084 καὶ
3509 5033 3745 5102 Πατρὺξ,

2173 5125 2267 5178 καὶ
2316 5125 2397 5185 είς
2445 5122 2543 5193 τὴν
2571 5121 2850 5191 ὑπομονὴν
2885 5120 2977 5174 τοῦ
3011 5122 3267 5193 Χριστοῦ.
3312 5124 3471 5187 licio;
3504 5127 3610 5195 γὰρ
3639 5126 3757 5178 Kni-

2178 5233 2290 5287 ρισς
2337 5214 2488 5285 παρὰ
2510 5214 2571 5266 τὸ
2594 5213 2813 5283 πνεῦμα
2862 5213 3056 5284 ἔμελλε
3096 5214 3452 5269 κατευθύνειν
3487 5217 3585 5279 τὰς
3607 5234 3751 5287 καρ-

2172 5306 2289 5364 δίας
2335 5305 2517 5358 αὐτῶν
2570 5305 2649 5367 είς
2689 5303 2789 5373 τὴν
2845 5305 3068 5376 ἀγάπην
3112 5306 3207 5359 τοῦ
3237 5306 3372 5361 Θεοῦ
3416 5310 3510 5360 καὶ
3536 5309 3754 5379 Πατρδς

2174 5398 2270 5451 καὶ
2319 5397 2402 5461 εἰς
2446 5397 2546 5467 τὴν
2596 5398 2878 5468 ὑπομονὴν
2920 5399 3014 5452 τοῦ
3046 5398 3281 5468 Χριστοῦ
3308 5418 3322 5465 ;
3355 5400 3542 5463 Οὐδείς
3568 5400 3625 5454 δέ
3654 5400 3754 5454 εῦ-

2176 5508 2349 5561 χεται,
2397 5490 2536 5562 πλὴν
2592 5489 2730 5561 Θεῷ.
2778 5507 2795 5541 ι
2825 5491 2936 5544 Καὶ
2958 5492 3040 5555 είς
3066 5490 3163 5562 τὴν
3186 5491 3463 5561 ὑπομονὴν
3493 5492 3652 5545 τοῦ⁶Χ
3665 5510 3752 5562 ρι-

2180 5581 2323 5635 στοῦ.
2357 5601 2374 5631 ι
2408 5582 2581 5635 Ὅπου
2620 5582 2677 5635 δέ
2703 5581 2982 5653 ὑπομονὴν
3031 5582 3201 5651 λέγει,
3264 5584 3474 5654 θλίψεις
3513 5583 3752 5636 αἰνίττε-

2178 5692 2285 5729 ται.
2330 5673 2640 5747 Ύπομονὴν
2666 5674 2721 5728 δέ
2770 5690 2957 5745 φησιν,
2994 5674 3081 5728 ἵνα
3139 5676 3548 5746 ὑπομένωμεν,
3599 5690 3756 5729 τουτ-
