4036 6600
335 346 446 411 139
872 322 887 379 ὲ
1235 350 1623 415 COMMENT.
1655 353 1736 413 IN
1766 354 2006 416 EPIST.
2045 355 2098 413 Il
2142 356 2241 415 AD
2273 356 2647 417 TIIESSAL.

325 469 483 521 ἐστιν
507 506 524 532 ,
572 466 664 524 ἵνα
737 470 1152 543 ἐμπαράσκευοι
1193 469 1345 534 ὄντες
1377 509 1393 536 ,

324 558 581 631 χὼμεθα.

937 659 1192 713 ΚΕΦΔΛ.
1226 659 1303 713 E'.

2016 568 2253 634 piamus.

2637 655 2866 713 CAPUT
2905 656 2968 713 ν.
3006 712 3019 722 ,

323 769 645 841 Προτροπή
675 770 961 842 ἐργασίας
990 773 1088 827 καὶ
1124 771 1538 842 παραιτήσεως
1568 771 1688 827 τῶν
1713 773 1894 842 ἀργῶν

2017 768 2337 824 Exhortatio
2360 770 2429 824 ad
2459 770 2692 826 laborem
2719 780 2767 824 et
2794 771 3167 826 devitationent
3188 773 3483 828 otiosorunt
3518 792 3583 829 ac

866 846 967 897 καὶ
1032 843 1376 916 περιέργων.

401 933 912 1004 Παραγγέλλομεν
962 934 1035 988 δὲ
1091 935 1256 1005 ύμῖν,
1281 935 1557 1004 ἀδελφοὶ,
1578 935 1648 989 ἐν
1667 935 1911 1005 ὀνόματι

326 1018 438 1073 τοῦ
467 1022 695 1097 Κυρίου
747 1021 919 1091 ἡμῶν
968 1023 1175 1091 Ἰησοῦ
1215 1024 1495 1091 Χριστοῦ,
1541 1018 1909 1080 στέλλεσθαι

324 1108 488 1176 ὑμᾶς
515 1109 635 1165 ἀπὸ
665 1112 893 1178 παντὸς
925 1112 1197 1182 ἀδελφοῦ
1228 1112 1496 1179 ἀτάκτως
1521 1116 1911 1182 περιπατοῦν-

325 1217 457 1265 τος,
509 1202 607 1254 καὶ
633 1206 719 1270 μὴ
746 1203 897 1257 κατὰ
928 1204 1045 1272 τὴν
1086 1204 1429 1271 παράδοσιν
1457 1203 1539 1273 ἢν
1566 1206 1908 1274 παρέλαϐεν

324 1293 467 1359 παρ’
520 1291 711 1360 ἡμῶν.
744 1295 924 1349 Αὐτοὶ
950 1297 1061 1362 γὰρ
1091 1295 1294 1349 οἴδατε
1322 1295 1449 1363 πῶς
1480 1296 1575 1351 δεῖ
1596 1299 1907 1367 μιμεῖσθαι

322 1382 511 1449 ἡμᾶς,
556 1385 647 1439 ὅτι
704 1389 817 1441 οὐκ
877 1387 1308 1458 ἠτακτήσαμεν
1338 1389 1408 1442 ἐν
1446 1389 1608 1459 ὑμῖν,
1632 1389 1775 1444 οὐδὲ
1793 1390 1907 1444 δω-

314 1479 470 1546 ρεὰν
490 1479 675 1545 ἄρτον
705 1480 1004 1551 ἐλάϐομεν
1050 1481 1212 1551 παρά
1245 1500 1431 1550 τινος,
1476 1484 1617 1541 ἀλλ’
1642 1484 1713 1538 ἐν
1741 1486 1907 1550 κόπῳ

320 1572 422 1622 καὶ
473 1572 680 1641 μόχθῳ
728 1574 919 1627 νύκτα
949 1574 1047 1627 καὶ
1086 1573 1317 1642 ἡμέραν
1348 1574 1724 1644 ἐργαζόμενοι
1751 1575 1903 1643 πρὸς

319 1663 389 1716 τὸ
417 1665 504 1731 μὴ
526 1663 892 1734 ἐπιϐαρῆσαί
916 1680 1049 1718 τινα
1106 1663 1294 1734 ὑμῶν.
1339 1670 1462 1736 Οὐχ
1490 1668 1520 1719 ἴ
1526 1685 1580 1721 τι
1627 1670 1738 1722 οὐκ
1764 1670 1902 1738 ἐλο-

312 1773 436 1825 μεν
481 1757 801 1823 ἐξουσίαν,
859 1758 998 1812 ἀλλ’
1054 1758 1156 1812 ἵνα
1197 1758 1453 1824 ἑαυτοὺς
1482 1762 1677 1816 τύπον
1707 1760 1903 1831 δῶμεν

2507 844 2714 896 curiose
2771 844 3089 913 degentium.

2082 930 2172 998 Ill,
2204 932 2365 988 6-H.
2399 933 2750 1003 Prtecipimus
2799 946 2973 988 autent
3023 934 3187 1002 vobis,
3239 937 3457 1007 fratres,
3491 955 3584 1004 per

2011 1042 2198 1079 nomen
2224 1023 2440 1079 Domini
2465 1029 2633 1080 nostri
2668 1024 2797 1080 Iesu
2816 1025 3034 1093 Christi,
3070 1040 3126 1082 ut
3157 1030 3468 1087 subdueatis
3493 1049 3583 1088 vos

2012 1120 2077 1169 ab
2099 1117 2241 1170 omni
2268 1116 2439 1181 fratre
2469 1121 2559 1187 qui
2587 1118 2891 1173 inordinate
2919 1136 2972 1172 se
3010 1123 3167 1190 gerit,
3207 1130 3260 1175 et
3296 1139 3399 1178 non
3418 1124 3582 1193 juxta

2010 1208 2353 1262 traditionem
2377 1224 2533 1279 quam
2570 1211 2770 1279 accepit
2810 1227 2842 1264 a
2870 1213 3042 1266 nobis.
3098 1211 3238 1267 Nam
3287 1215 3391 1284 ipsi
3433 1217 3582 1270 scitis

2009 1297 2271 1364 quomodo
2300 1307 2539 1365 oporteat
2574 1299 2781 1352 imitari
2823 1316 2916 1355 nos
2955 1320 2968 1354 :
3003 1303 3266 1373 quomodo
3295 1321 3399 1359 non
3435 1308 3578 1360 inor-

2009 1390 2194 1442 dinate
2226 1392 2483 1460 gessimus
2513 1407 2609 1444 nos
2659 1392 2798 1446 inter
2845 1409 2957 1461 vos,
2991 1411 3154 1465 neque
3183 1399 3353 1466 gratis
3386 1414 3580 1465 panem

2008 1481 2307 1547 accepimus
2350 1498 2383 1534 a
2428 1498 2692 1553 quaquam
2722 1498 2744 1536 :
2783 1485 2875 1539 sed
2922 1502 3043 1539 cum
3092 1486 3272 1542 labore
3299 1498 3349 1542 et
3379 1490 3580 1561 fatiga-

2008 1574 2149 1626 tione
2178 1583 2329 1627 noete
2364 1575 2552 1645 dieque
2588 1575 2842 1645 facientes
2882 1595 3036 1648 opus,
3067 1582 3137 1633 ad
3162 1582 3260 1634 hoc
3290 1599 3352 1635 ne
3374 1585 3458 1636 cui
3489 1599 3577 1637 ee-

2005 1674 2173 1718 strum
2203 1681 2437 1720 essemus
2469 1670 2636 1723 oneri.
2672 1667 2793 1724 Non
2824 1672 2964 1741 quod
2989 1672 3042 1725 id
3074 1674 3222 1727 nobis
3254 1691 3357 1728 non
3395 1675 3574 1740 liceat,

2006 1756 2098 1808 sed
2132 1767 2187 1809 ut
2219 1757 2459 1825 nosipsos
2515 1758 2745 1827 formam
2777 1761 3122 1816 exhibeamus
3174 1762 3316 1817 vobis
3348 1764 3418 1816 ad
3451 1764 3577 1817 imi-

317 1847 488 1916 ὑμῖν,
538 1852 625 1914 εις
647 1848 714 1901 τὸ
762 1849 1072 1919 μιμεῖσθαι
1123 1849 1303 1919 ἡμᾶς.
1342 1851 1450 1906 Καὶ
1479 1854 1590 1922 γὰρ
1612 1852 1712 1908 ὅτε
1749 1850 1894 1924 ἦμεν

2006 1845 2229 1900 tandum
2248 1864 2365 1903 nos.
2396 1847 2607 1903 Etenim
2642 1867 2759 1905 cum
2789 1869 3018 1907 essemus
3044 1863 3184 1924 apud
3207 1872 3294 1909 vos
3320 1855 3417 1909 hoc
3434 1871 3576 1925 pra:-

315 1938 489 2014 πρὸς,
536 1938 715 2007 ὑμᾶς.
776 1940 954 1994 τοῦτο
999 1942 1498 2011 παρηγγέλλομεν
1541 1944 1687 2014 ὑμῖν
1723 1988 1739 2011 ,
1810 1946 1900 2000 ὅτι

314 2033 376 2087 ει
396 2051 487 2100 τις
508 2037 581 2088 ού
613 2034 772 2090 θέλει
801 2035 1165 2106 ἐργάζεσθαι,
1195 2037 1353 2106 μηδὲ
1372 2038 1638 2094 ἐσθιέτω.
1670 2041 1901 2096 Ἀκούο-

309 2142 434 2195 μεν
462 2125 578 2194 γάρ
615 2144 782 2195 τινας
822 2128 1302 2196 περιπατοῦντας
1329 2131 1399 2185 ἐν
1432 2130 1578 2192 ὑμῖν
1604 2133 1895 2201 ἀτάκτως,

308 2216 975 2287 μηδένὲργαζομένους,
1006 2218 1169 2274 ἀλ.ιά
1197 2220 1788 2291 περιεργαζομένους.

390 2310 785 2381 Φοῦερωτέραν
837 2308 939 2381 τὴν
980 2312 1362 2381 παραγγελίαν
1399 2313 1719 2381 εἰργάσατο,
1744 2314 1818 2378 ὡς
1849 2317 1897 2369 εἰ

316 2398 480 2455 εἶπεν
510 2418 527 2435 ο
566 2403 665 2456 Διὰ
713 2402 810 2457 τοῦ
869 2404 1105 2475 Χριστοῦ
1160 2405 1610 2477 παραγγέλλομεν
1644 2408 1791 2477 ὑμῖν.
1826 2408 1893 2461 ‘ll

319 2496 496 2565 μέσου
529 2495 682 2561 ὄντος
709 2495 803 2550 τοῦ
831 2497 1093 2568 ὀνόματος
1132 2497 1321 2562 αὑτοῦ,
1355 2499 1446 2551 καὶ
1478 2498 1896 2569 μαρτυροῦντος

316 2588 404 2640 ὅτι
464 2589 940 2659 παρηγγείλαμεν,
972 2588 1004 2659 ἢ
1043 2589 1127 2642 ὅτι
1181 2588 1347 2642 αὐτοῦ
1403 2591 1520 2642 ἐστι
1548 2591 1707 2662 λόγος
1736 2594 1764 2645 ὁ
1795 2595 1894 2664 ρη-

317 2678 644 2750 θηαόμενος,
679 2682 779 2733 οὐκ
834 2681 991 2751 ἐμός.
1061 2699 1079 2732 ι
1112 2682 1451 2735 Στέλλεσθαι.
1483 2701 1503 2735 s
1540 2683 1896 2739 ’Υποστέλλε-

320 2771 473 2837 σθαι,
515 2771 868 2843 χωρίζεσθαι.
900 2774 1167 2837 ’Ᾱτακτος
1204 2773 1261 2826 δέ
1294 2776 1443 2826 ἐστιν
1477 2776 1504 2827 ὁ
1540 2774 1664 2845 δίχα
1692 2776 1895 2843 τάξεως

314 2868 416 2919 καὶ
474 2868 583 2920 τῶν
629 2867 723 2921 τοῦ
776 2860 913 2921 Θέοῦ
974 2867 1157 2938 νόμων
1213 2869 1560 2939 περιπατῶν.
1618 2872 1807 2925 Εἰπείν
1837 2872 1894 2925 δὲ

316 2957 469 3011 θέλει
518 2959 755 3013 ἐνταῦθα
817 2958 948 3030 περί
998 2976 1161 3013 τινων
1215 2960 1403 3030 ἀργῶς
1457 2963 1777 3034 περιϊόντων
1802 2966 1895 3018 καὶ

2003 1936 2327 2005 cipiebamus
2358 1940 2522 2001 vobis,
2547 1941 2688 1994 utsi
2729 1942 2846 2012 quis
2888 1942 3052 1997 nollet
3104 1947 3336 2011 operari,
3378 1948 3425 1999 is
3483 1964 3576 2000 nec

2000 2028 2195 2084 ederet.
2250 2031 2566 2086 Audiuimus
2627 2034 2766 2087 enim
2809 2036 3065 2104 quosdam
3115 2049 3381 2092 versantes
3436 2040 3577 2093 inter

2002 2136 2091 2174 vos
2121 2122 2444 2188 inordinate,
2486 2122 2626 2178 nihil
2682 2128 2856 2195 operis
2909 2125 3185 2195 facientes,
3223 2128 3313 2182 sed
3372 2131 3576 2183 curiose

2001 2224 2231 2284 agentes.
3498 2202 3501 2207 Ι

2071 2302 2233 2371 202
2260 2302 2602 2376 Praeceptum
2633 2306 2851 2364 timoris
2886 2308 3108 2379 plenum
3159 2308 3346 2365 etl‘ecit
3380 2326 3395 2364 :
3427 2324 3495 2365 ac
3526 2309 3574 2364 si

2000 2393 2233 2451 dixisset
2265 2413 2281 2452 :
2317 2397 2421 2452 Per
2451 2399 2731 2454 Christum
2765 2403 3115 2471 praecipimus
3140 2403 3318 2459 vobis.
3342 2405 3453 2459 Aut
3475 2417 3575 2473 per
3678 2474 3687 2485 ν

2000 2487 2240 2541 medium
2280 2503 2480 2544 nomen
2518 2491 2664 2561 ejus,
2698 2493 2848 2563 quod
2872 2494 3203 2550 testificetur
3245 2511 3347 2553 nos
3375 2510 3579 2566 praece-

1980 2581 2193 2650 -pisse:
2230 2589 2327 2636 aut
2373 2583 2523 2653 quod
2572 2584 2752 2655 ipsius
2802 2601 2988 2641 sermo
3035 2588 3110 2642 sit
3136 2587 3251 2657 'qui
3302 2586 3597 2652 referetur,

2000 2686 2109 2727 non
2147 2689 2322 2730 meus.
2363 2692 2383 2725 ι
2428 2673 2497 2730 Ut
2532 2677 2876 2733 subducatis.
2912 2698 2931 2731 ι
2969 2680 3042 2736 Ut
3076 2681 3432 2752 separemini.
3479 2680 3576 2738 Est

1998 2773 2180 2819 autem
2214 2766 2569 2824 inordinatus
2599 2770 2691 2838 qui
2721 2772 2842 2826 sine
2871 2770 3069 2827 ordine
3109 2780 3206 2827 aut
3238 2772 3447 2843 absque
3478 2772 3572 2855 Dei

1997 2857 2217 2927 legibus
2242 2859 2507 2914 ambuiat.
2536 2858 2663 2914 Vult
2699 2871 2882 2917 autem
2921 2863 3012 2917 bic
3037 2862 3221 2918 dicere
3247 2865 3315 2920 de
3337 2865 3575 2935 quibus-

1995 2947 2119 3002 dam
2142 2951 2234 3019 qui
2261 2950 2425 3006 otiosi
2456 2952 2827 3015 circumeunt,
2870 2968 2972 3008 nec
3001 2956 3300 3024 quidquam
3335 2971 3573 3025 operan-

3482 361 3587 428 130

1445 470 1608 525 αὑτὸν
1676 473 1912 544 «posse.
1939 479 1986 534 Α
2017 486 2073 527 ut
2095 474 2496 539 sustineamus,
2539 474 2646 528 boc
2673 481 2778 537 est,
2813 480 2873 529 ut
2909 477 3199 546 praeparati
3234 477 3416 550 ipsum
3443 480 3589 536 rcci-

319 3048 399 3121 μὴ
461 3050 868 3121 ἐργαζομένων.
917 3068 937 3101 ι
970 3051 1077 3104 Καὶ
1118 3050 1193 3121 μὴ
1226 3052 1367 3104 κατὰ
1400 3051 1498 3121 τὴν
1536 3054 1887 3125 παράδοσιν.»

1999 3051 2108 3094 tur.
2144 3058 2164 3093 ι
2200 3041 2267 3095 Ει
2311 3058 2420 3096 non
2468 3043 2628 3113 juxta
2686 3045 3043 3099 traditionem
3091 3063 3255 3115 quam
3306 3050 3510 3118 accepit
3540 3064 3570 3103 a

322 3143 429 3195 Ἦν
454 3143 543 3196 διὰ
574 3125 683 3196 τῶν
706 3142 883 3215 ἔργων
908 3144 1036 3213 ὑμῖν
1068 3143 1381 3215 παρέδωκα,
1404 3144 1577 3208 τύπος
1599 3147 1894 3217 γενόμενος

2003 3133 2183 3188 nobis.
2226 3151 2244 3184 ι
2287 3131 2461 3199 Quam
2494 3135 2751 3209 operibus
2783 3137 2937 3191 vobis
2987 3137 3214 3202 tradidi,
3257 3137 3435 3195 factus
3469 3156 3572 3195 vo-

316 3235 473 3305 ὑμῖν,
530 3235 712 3306 φησίν.
776 3252 796 3286 ι
829 3236 991 3289 Αὐτοὶ
1038 3237 1148 3307 γὰρ
1209 3236 1409 3291 οἴδατε.
1440 3255 1459 3288 ι
1511 3238 1598 3304 Ἐξ
1662 3233 1738 3293 ὧν
1785 3241 1893 3311 γὰρ

2001 3226 2088 3282 bis
2113 3236 2295 3298 typus.
2328 3245 2349 3278 ι
2395 3227 2529 3281 Nam
2564 3228 2669 3299 ipsi
2702 3229 2880 3284 scitis.
2924 3247 2944 3281 ι
2982 3231 3059 3285 Ex
3085 3231 3171 3286 bis
3197 3246 3319 3301 qua:
3357 3234 3570 3303 operati

315 3327 640 3397 ἐποιοῦμεν,
697 3327 1011 3398 δεδώκαμεν
1046 3329 1174 3397 ὑμῖν
1225 3329 1517 3400 σπέρματα
1549 3331 1644 3383 καὶ
1677 3332 1895 3396 εἰκόνας

318 3420 635 3487 μιμήσεως.
690 3437 708 3469 ι
743 3417 886 3471 Ἀλλ’
921 3420 980 3470 ἐν
1040 3418 1196 3491 κόπῳ
1239 3419 1332 3470 καὶ
1382 3418 1585 3490 μόχθῳ.
1622 3437 1642 3471 t
1675 3419 1850 3474 Βαϐαί
1876 3437 1890 3453 ·

314 3509 612 3571 ἐπίτασιςι
654 3530 672 3563 ι
697 3510 838 3581 ῐΙρδς
868 3509 927 3563 τδ
965 3510 1039 3580 μὴ
1086 3510 1427 3582 ἐπιϐαρῆσαί
1486 3529 1607 3567 τινα
1672 3513 1844 3583 ὑμῶν.
1871 3532 1891 3567 ι

315 3600 493 3670 Βάρος
530 3601 627 3669 μὲν
651 3601 854 3672 κυρίως
877 3601 1119 3668 λέγεται,
1146 3601 1206 3652 τὸ
1220 3600 1372 3666 παρὰ
1403 3602 1648 3657 ἀκόντων
1678 3604 1890 3659 λαϐεῖν.

314 3692 465 3762 Πλὴν
495 3692 557 3744 οὐ
580 3692 667 3745 διὰ
695 3691 851 3745 τοῦτο
903 3692 1074 3757 λέγει,
1108 3691 1223 3745 ἀλλ’
1267 3694 1349 3746 ὅτι
1398 3693 1606 3765 σφόδρα
1661 3696 1894 3765 πένητες

310 3779 477 3854 ἦσαν.
528 3784 684 3853 «Οὐχ
732 3785 815 3837 ὅτι
874 3784 972 3838 οὐκ
1019 3783 1217 3854 ἔχομεν
1270 3783 1541 3850 ἐξουσίαν.
1570 3805 1589 3839 ι
1630 3780 1757 3857 Εἶχε
1784 3788 1894 3858 γὲρ

310 3876 568 3942 ἐξουσίαν
603 3878 793 3946 ἀργεῖν
822 3881 886 3930 ἐκ
912 3876 1005 3929 τοῦ
1055 3875 1219 3946 ἔργου
1254 3876 1362 3931 τῶν
1387 3877 1611 3948 χειρῶν,
1642 3880 1893 3949 ἀπησχοη

311 3968 551 4036 λημένος
573 3967 650 4038 τῷ
689 3968 1029 4039 κηρύγματι,
1076 3968 1174 4021 καὶ
1235 3969 1534 4039 τρέφεσθαι
1591 3970 1743 4040 παρὰ
1782 3971 1891 4024 τῶν

315 4059 801 4128 μαθητευομένων.
866 4077 885 4109 ι
930 4058 1117 4124 ’Δξιος
1174 4058 1307 4130 γὰρ,
1367 4060 1552 4129 φησὶν,
1582 4061 1609 4112 ὁ
1648 4060 1891 4132 ἐργάτης

312 4151 413 4205 τοῦ
473 4149 672 4221 μισθοῦ
708 4150 895 4206 αὐτοῦ.
926 4168 947 4202 s
985 4149 1126 4203 amr
1165 4151 1228 4203 ἐκ
1262 4149 1582 4223 περιουσίας
1614 4155 1707 4206 καὶ
1737 4154 1889 4221 φιλο·

310 4244 528 4312 τιμίας,
583 4243 677 4295 καὶ
734 4242 1043 4314 εἰργάζετο.
1099 4242 1210 4296 Καὶ
1264 4242 1475 4296 ἐαυτῶν
1530 4242 1750 4314 ἔτρεφε,
1795 4245 1891 4297 καὶ

310 4335 445 4399 τοὺς
498 4335 596 4387 σὺν
657 4334 836 4405 αὐτῷ’
868 4334 896 4387 δ
932 4336 1026 4389 καὶ
1062 4334 1296 4406 ἀλλαχοῦ
1329 4351 1514 4404 φησιν.
1561 4353 1582 4387 ι
1624 4336 1762 4390 Ἀλλ’
1802 4336 1889 4391 ἵνα

313 4428 542 4489 ἑαυτοὺς
592 4427 762 4480 τύπον
813 4427 996 4497 δῶμεν
1044 4427 1193 4498 ὑμῖν.
1232 4445 1252 4478 ι
1292 4428 1434 4492 Ἵνα,
1466 4428 1654 4497 φησὶν,
1705 4429 1887 4485 εἰκόνα

1997 3334 2214 3384 sumus,
2265 3319 2524 3377 dedimus
2561 3322 2716 3377 vobis
2744 3323 2953 3377 semina
2994 3337 3058 3377 ac
3092 3324 3404 3401 ‘simutacra
3442 3340 3573 3394 ope-

1999 3412 2155 3466 randi
2211 3412 2335 3482 quae
2388 3413 2768 3468 imitaremiui.
2820 3429 2839 3464 ι
2901 3412 3009 3468 Sed
3060 3429 3189 3469 cum
3251 3415 3443 3470 labore
3505 3430 3572 3470 ac

1996 3502 2348 3573 fatigatione.
2386 3523 2407 3556 ι
2435 3502 2629 3575 Papa]
2661 3514 2867 3575 quanta
2890 3507 3264 3576 exaggeratio.
3301 3524 3320 3558 ι
3356 3506 3435 3561 Ad
3466 3507 3573 3561 hoc

1997 3612 2067 3652 ne
2096 3598 2187 3652 cui
2238 3606 2484 3653 vestrum
2539 3613 2791 3653 essemus
2850 3600 3031 3653 oneri.
3077 3616 3099 3651 ι
3138 3597 3292 3653 Onus
3345 3599 3569 3669 quidem

1994 3690 2220 3761 proprie
2247 3692 2455 3745 dicitur
2479 3692 2626 3762 quod
2660 3692 2730 3746 ab
2764 3691 2956 3747 invitis
2986 3692 3227 3748 sumitur
3265 3712 3280 3748 :
3329 3701 3569 3747 attamen

1995 3798 2107 3837 non
2138 3793 2426 3853 propterea
2468 3784 2625 3848 dicit,
2649 3784 2746 3839 sed
2776 3785 2923 3854 quod
2959 3783 3251 3839 admodum
3295 3800 3570 3856 pauperes

1994 3885 2202 3931 essent.
2241 3895 2259 3928 ι
2302 3876 2422 3930 Non
2469 3876 2613 3946 quod
2642 3876 2694 3931 id
2724 3876 2884 3931 nobis
2918 3891 3026 3931 non
3060 3878 3240 3932 licent.
3280 3895 3301 3929 ι
3349 3878 3571 3933 Licebat

1991 3968 2040 4022 ei
2071 3968 2268 4037 degere
2290 3967 2344 4020 in
2374 3966 2617 4031 otio,aut
2639 3981 2860 4021 cessare
2884 3966 2953 4021 ab
2973 3981 3138 4035 opere
3158 3981 3441 4028 manuum.
3476 3983 3570 4021 va-

1993 4057 2175 4112 cando
2208 4037 2716 4127 praedicatimti,.ut
2741 4057 2990 4111 aleretur
3013 4057 3083 4111 ab
3114 4057 3185 4110 iis
3211 4071 3354 4125 quos
3401 4058 3568 4112 docc-

1992 4148 2085 4201 bat
2113 4164 2127 4201 :
2167 4164 2189 4198 ι
2221 4146 2426 4215 Dignus
2448 4154 2534 4199 est
2557 4144 2703 4199 enim
2730 4147 3046 4215 operarius,
3081 4147 3281 4216 inquit,
3313 4148 3568 4204 mercede

1992 4254 2093 4294 sua
2118 4222 2162 4271 ίί
2198 4255 2215 4293 :
2260 4257 2277 4291 ι
2312 4237 2411 4293 sed
2434 4250 2501 4290 ex
2532 4237 2872 4291 abundantia
2907 4245 2964 4292 et
2992 4238 3403 4309 magnificentia
3430 4256 3565 4311 ope-

1991 4330 2220 4385 rabatur
2241 4345 2306 4384 ac
2328 4330 2570 4400 seipsqu
2601 4328 2783 4382 alebat
2808 4330 3123 4399 eosque'qui
3150 4344 3337 4384 secum
3354 4341 3520 4385 erant
3546 4349 3560 4385 :

1990 4422 2135 4490 quod
2183 4424 2350 4477 etiam
2394 4420 2525 4476 alibi
2583 4421 2722 4475 dicit
2758 4420 2823 4474 ¹³.
2867 4440 2885 4473 ι
2924 4421 3029 4476 Sed
3086 4431 3145 4475 ut
3194 4423 3562 4493 nosmetipsos

314 4519 547 4581 ἑαυτοὺς
595 4516 774 4587 δῶμεν
824 4518 975 4588 ὑμῖν,
1022 4517 1154 4580 »πῶς
1189 4506 1299 4570 δέοι
1332 4516 1505 4588 βιοῦν.
1542 4535 1562 4570 t
1584 4519 1706 4572 Ὀτι
1735 4520 1789 4573 ετ
1805 4537 1887 4581 τις

1997 4513 2227 4569 formam
2288 4513 2674 4569 esbibeamus.
2734 4531 2753 4565 ι
2804 4511 2875 4567 llt
2917 4514 3307 4585 nosmetipsos.
3356 4514 3561 4584 inquit,

314 4613 380 4695 ob
409 4611 558 4664 θέλει
624 4611 978 4682 ἐργάζεσθαι,
1042 4611 1180 4682 μηδέ
1234 4611 1527 4664 ἐσθιέτω.»
1575 4611 1889 4683 Ἑργασίαν,

312 4704 416 4775 τὴν
463 4703 551 4756 διὰ
595 4703 703 4757 τῶν
755 4703 957 4774 χειρῶν
1013 4720 1197 4774 φησιν.
1239 4702 1481 4773 Ἀνάγκη
1534 4704 1645 4774 γὰρ
1676 4707 1892 4772 πάντως

1989 4606 2330 4662 traderemus
2366 4605 2525 4660 vobis
2549 4604 2844 4676 imaginem
2872 4606 3152 4675 quomodo
3182 4606 3365 4663 vivere
3395 4621 3563 4677 opor-

1990 4707 2125 4754 teat.
2164 4716 2183 4749 ι
2238 4696 2307 4752 Ut
2346 4696 2392 4753 si
2424 4698 2549 4767 quis
2589 4699 2760 4752 nollet
2788 4698 3028 4768 Operari,
3069 4698 3119 4753 is
3160 4714 3260 4753 nec
3294 4699 3496 4754 ederet.
3534 4718 3556 4751 ι

313 4813 368 4849 τι
423 4797 619 4848 ποιεῖν.
680 4793 890 4847 «Ἀλλὰ
955 4795 1508 4866 περιεργαζομένους.
1571 4812 1590 4847 ι
1658 4795 1717 4849 Ὀ
1781 4797 1891 4868 γὰρ

1997 4788 2377 4860 Dperationem
2411 4803 2546 4845 vero
2573 4789 2707 4843 dicit
2732 4804 2853 4858 qua:
2895 4789 3154 4845 manibus
3184 4788 3243 4842 tit
3278 4806 3293 4844 :
3332 4804 3560 4845 necesse

312 4886 452 4950 Θεὸς
509 4886 733 4958 ἐνεργὸν
798 4888 931 4959 ἡμῖν
975 4886 1176 4940 δέδωκε
1224 4876 1316 4941 τὸν
1372 4884 1519 4940 νοῦν.
1583 4886 1758 4943 Ὅταν
1795 4889 1888 4944 οὖν

312 4975 480 5029 αὐτὸν
505 4976 615 5030 τῶν
654 4976 831 5049 ἔργων
850 4976 1266 5047 ἀπαγάγωμεν,’
1288 4975 1474 5043 ἐπειδὴ
1502 4977 1666 5041 αὐτὸς
1689 4980 1882 5049 ἀργεῖν

309 5071 376 5123 οὐ
392 5067 640 5131 δύναται,
673 5069 860 5124 λοιπὸν
885 5072 964 5133 εἰς
993 5069 1256 5141 ἐργασίας
1286 5068 1507 5140 ἔρχεται
1546 5068 1881 5142 διαϐολικδκ,

312 5164 395 5222 εἰς
431 5160 774 5232 περιεργίαν,
800 5162 1092 5234 φλυαρίαν,
1124 5160 1883 5233 καταλαλιὰν,εὐτραπελίαν,

314 5251 411 5306 καὶ
434 5252 503 5307 τὰ
529 5253 714 5323 ὅμοια.

389 5524 521 5592 Τοῖς
568 5524 638 5579 δὲ
676 5527 967 5594 τοιούτοις
1014 5527 1513 5599 παραγγέλλομεν
1562 5530 1665 5584 aut
1705 5545 1893 5601 παρα-

314 5620 620 5688 καλοῦμεν
673 5619 771 5675 διὰ
828 5619 936 5676 τοῦ
1001 5622 1224 5689 Κυρίου
1274 5622 1445 5691 ἡμῶν
1500 5623 1707 5694 ἰησοῦ
1754 5626 1888 5694 Χρι-

390 5797 433 5828 ¹²
460 5797 647 5853 Matth.
685 5815 780 5864 XII,
809 5799 894 5853 10.
977 5800 1019 5834 ¹³
1044 5800 1166 5857 Act.
1200 5818 1292 5869 xx,
1333 5803 1424 5859 55.

1988 4891 2076 4937 est
2108 4882 2252 4937 enim
2281 4890 2340 4937 ut
2382 4897 2574 4937 omnes
2604 4881 2812 4952 aliquid
2849 4881 3077 4938 iaciant.
3111 4902 3131 4934 ι
3177 4883 3285 4938 Sed
3338 4882 3560 4938 curiose

1991 4980 2235 5040 agentes.
2276 4991 2297 5024 ι
2336 4971 2471 5026 Nam
2501 4974 2643 5029 Deus
2660 4983 2898 5029 mentem
2923 4973 3082 5029 nobis
3105 4973 3253 5029 dedit
3268 4990 3390 5047 quae
3404 4973 3559 5044 operi

1992 5066 2158 5122 alicui
2190 5065 2500 5121 intenderet
2527 5081 2687 5121 :cum
2723 5081 2858 5138 ergo
2908 5066 3082 5136 ipsum
3128 5067 3199 5122 ab
3225 5084 3391 5139 opere
3423 5071 3561 5127 sub-

1993 5159 2272 5234 ducimus,
2295 5160 2557 5228 quoniam
2601 5161 2722 5230 ipsa
2766 5160 2823 5215 in
2876 5161 2991 5216 otio
3032 5176 3159 5218 esse
3194 5178 3302 5218 non
3357 5175 3558 5234 potest,

1984 5252 2098 5322 jam
2135 5254 2199 5308 ad
2237 5254 2589 5320 Operationes
2610 5253 2823 5309 accedit
2856 5252 3178 5321 diabolicas,
3213 5265 3344 5326 puta
3370 5260 3559 5313 curio-

1990 5347 2231 5409 sitatem.
2273 5347 2662 5417 uugacitatem,
2714 5347 3140 5413 detractionem,
3174 5352 3555 5421 eutrapeliam,

1991 5451 2055 5489 ae
2076 5437 2297 5491 similia.

2062 5530 2156 5595 Ill,
2192 5529 2381 5585 1245.
2406 5531 2502 5587 His
2532 5541 2708 5588 autem
2731 5533 2822 5604 qui
2842 5542 2965 5588 sunt
2993 5534 3296 5589 istiusmodi
3316 5535 3560 5605 praeeipi-

1992 5636 2108 5676 mns
2156 5632 2210 5676 et
2256 5621 2536 5677 hortantur
2581 5638 2671 5691 per
2732 5623 3016 5679 [taurinum
3078 5632 3316 5679 nostrum
3371 5623 3561 5681 .lesum

3775 967 3801 997 λ
