3994 6584
515 329 611 398 131

1597 335 1997 398 (ECUMENII
2036 335 2325 396 ΤΒΙΟΟΕ
2357 336 2699 398 EPISCOPI

3635 334 3762 400 .132

515 447 809 513 Christum,
842 455 899 502 ut
931 465 1048 503 cum
1078 449 1248 520 quiete
1289 455 1580 518 operantes,
1629 465 1782 501 suum
1848 448 2072 515 ipsorum

2186 447 2360 510 στοῦ,
2419 449 2519 501 ἵνα
2562 449 2714 516 μετὰ
2775 449 3038 516 ἡσυχίας
3074 447 3467 518 ἐργαζόμενοι,
3497 448 3599 502 τὸν
3627 449 3764 504 ἐαυ-

513 553 698 606 panem
726 538 904 593 edant.
943 538 1044 593 Vos
1069 549 1266 601 autem.
1300 539 1512 608 fratres,
1550 553 1611 590 ne
1635 536 1998 606 dej'aligemini
2028 535 2081 588 in

515 630 907 692 benefaciendo.
938 631 1092 697 Quod
1123 633 1166 686 si
1201 632 1318 700 quis
1356 647 1458 683 non
1490 613 1659 684 obedit
1709 628 1939 682 sermoni
1983 645 2080 682 no-

513 733 647 785 stro,
673 740 765 792 per
803 722 1101 792 Epistolam
1132 723 1271 776 hunc
1297 726 1568 786 adnotate,
1600 729 1648 774 et
1693 737 1797 774 non
1826 736 2082 773 commer-

515 815 654 867 cium
685 813 928 868 habeatis
967 831 1084 868 cum
1135 815 1252 880 illo,
1305 823 1360 866 ut
1399 813 1596 881 pudore
1647 813 1991 881 suffundatur
2060 832 2078 866 :

513 924 676 976 neque
695 909 859 962 veluti
887 908 1160 962 inimicum
1190 905 1450 971 habeatis,
1479 905 1569 960 sed
1601 905 1873 960 admonete
1889 915 1946 958 ut
1968 905 2082 974 [ra-

513 1008 665 1054 trem.
1153 1054 1156 1058 .

587 1091 748 1160 203
781 1088 944 1144 Vides
977 1103 1140 1156 quam
1187 1087 1491 1144 terribilem
1531 1088 1844 1144 exhibuerit
1879 1089 2082 1144 adhor-

513 1183 819 1237 tationem?
851 1181 954 1236 Per
979 1180 1290 1245 Dominum,
1323 1181 1522 1253 inquit,
1555 1181 1660 1236 hoc
1693 1192 1799 1245 est,
1849 1182 1967 1252 ipse
1995 1191 2081 1238 est

451 1267 460 1274 ’
511 1274 604 1343 qui
639 1273 920 1343 praecipit,
949 1273 1064 1342 ipse
1087 1273 1178 1341 qui
1211 1273 1551 1337 exhortatur,
1567 1289 1676 1328 non
1711 1289 1830 1344 ego.
1887 1292 1906 1325 ‹
1941 1273 2078 1329 Cum

397 1367 402 1370 “
510 1365 694 1432 quiete
721 1373 1032 1433 Operantes.
1062 1381 1080 1414 ι
1115 1362 1233 1418 Non
1261 1364 1442 1420 solum
1475 1366 1656 1433 quiete
1682 1380 1862 1434 agere,
1889 1381 2079 1420 verum

509 1457 671 1511 etiam
697 1455 912 1525 Operari
954 1455 1130 1524 jubet.
1161 1456 1354 1510 Adhuc
1402 1456 1470 1510 de
1513 1456 1708 1511 otiosis
1739 1472 1922 1512 sermo
1946 1465 2030 1511 est
2062 1473 2077 1512 :

519 1558 675 1619 aptat
713 1559 890 1604 tamen
927 1550 1099 1612 illum,
1134 1558 1192 1602 ut
1228 1557 1282 1604 et
1311 1549 1378 1603 de
1421 1548 1507 1604 his
1535 1549 1754 1604 dicatur
1786 1550 1877 1619 qui
1906 1549 2080 1604 delin-

509 1651 705 1710 quunt.
747 1660 764 1692 ι
809 1639 977 1695 Suum
1011 1641 1254 1708 ipsorum
1309 1656 1526 1710 panem.
1582 1661 1599 1694 ι
1666 1640 1783 1695 Non
1841 1642 2077 1697 alienum

507 1731 926 1788 emcndicando.
966 1751 986 1784 ι
1030 1731 1138 1788 Vos
1192 1741 1394 1800 autem,
1451 1732 1664 1789 fratres.
1702 1752 1721 1786 ι
1777 1735 2078 1790 Considera

2186 539 2306 594 τῶν
2365 541 2550 609 ἄρτον
2599 542 2908 595 ἐσθίωσιν.
2973 541 3170 609 Ὑμεῖς
3221 541 3309 605 δὲ,
3374 539 3644 610 ἀδελφοί,
3673 541 3761 610 μὴ

2182 631 2566 700 ἐκκακήσητε
2610 631 3102 696 καλοποιοῦντες.
3154 636 3222 686 Et
3247 631 3314 687 δέ
3346 651 3435 700 τις
3460 636 3572 702 οὐχ
3604 637 3761 688 ὐπα-

2183 723 2345 776 κούει
2373 721 2451 787 τῷ
2475 723 2636 791 λόγῳ
2677 721 2868 791 ἡμῶν,
2922 721 3020 776 διὰ
3065 722 3174 792 τῆς
3215 721 3586 791 Ἐπιστολῆς
3624 725 3756 778 τοῦ·

2182 829 2289 867 τον
2309 815 2694 882 σημειοῦσθε,
2748 815 2846 868 καὶ
2885 814 2969 882 μὴ
3010 817 3549 886 συναναμιγννινσθε
3571 816 3756 882 αὐτῷ,

2182 905 2282 958 ἵνα
2319 905 2608 974 ἐντραπῇ.
2657 907 2764 960 Καὶ
2818 906 2903 976 μὴ
2957 907 3037 972 ὡς
3062 907 3280 977 ἐχθρὸν
3307 909 3570 978 ἡγεῖσθε,
3602 911 3763 965 ἀλλὰ

2181 997 2509 1051 νουθετεῖτε
2529 997 2609 1063 ὡς
2629 997 2914 1068 ἀδελφόν.

2267 1088 2430 1158 Ὀρᾶς
2460 1089 2578 1153 πῶς
2631 1088 2870 1163 φοϐεράν
2907 1093 3204 1164 εἰργάσατο
3237 1091 3336 1164 τὴν
3374 1092 3760 1164 παράκλησινς

2182 1181 2281 1232 Διὰ
2319 1179 2413 1233 τοῦ
2473 1181 2700 1251 Κυρίου,
2752 1183 2906 1254 φησὶ,
2970 1183 3272 1246 τουτέστιν,
3335 1183 3496 1245 αὐτός
3552 1184 3702 1235 ἐστιν
3734 1185 3763 1236 ὁ

2184 1271 2604 1343 παραγγέλλων,
2636 1275 2796 1338 αὐτὸς
2826 1278 2855 1327 ὁ
2889 1274 3244 1344 παρακαλῶν,
3269 1275 3366 1328 οὐκ
3392 1275 3522 1341 ἐγώ.
3559 1294 3577 1326 ι
3605 1275 3763 1329 Μετὰ

2183 1363 2412 1431 ἡσυχίας
2461 1363 2838 1433 ἐργαζόμενοι.
2869 1383 2888 1417 ι
2920 1366 2995 1419 Οὐ
3055 1366 3215 1434 μόνον
3264 1366 3580 1435 ἡσυχάζειν,
3621 1366 3758 1419 ἀλλά

2182 1455 2277 1506 καὶ
2338 1455 2662 1524 ἐργάζεσθαι
2710 1457 2943 1512 κελεύει.
3009 1459 3129 1512 Ἔτι
3197 1457 3467 1528 περὶτῶν
3519 1458 3761 1528 ἅργῶνὸ

2181 1546 2372 1615 λόγος·
2413 1549 2666 1618 Ἀρμόζει
2702 1548 2759 1602 δὲ
2813 1549 2905 1602 καὶ
2965 1551 3094 1622 περὶ
3149 1549 3262 1602 τῶν
3327 1551 3756 1620 ἁμαρτανόντων

2182 1638 2457 1707 λέγεσθαι.
2497 1660 2514 1693 ι
2537 1641 2639 1693 Τὸν
2669 1640 2880 1695 ἑαυτῶν
2939 1641 3108 1712 ἄρτον
3166 1660 3186 1694 s
3229 1642 3318 1710 Μὴ
3352 1641 3442 1696 τὸν
3479 1641 3760 1710 ἀλλότριον

2181 1731 2266 1786 διὰ
2325 1731 2420 1786 τοῦ
2463 1733 2728 1786 ἐπαιτεῖν.
2791 1751 2810 1785 ι
2846 1732 3034 1803 Ὑμεῖς
3097 1733 3155 1787 δὲ
3224 1733 3465 1800 ἀδελφοί.
3518 1750 3535 1783 ι
3615 1733 3758 1802 Ὅρα

506 1835 733 1897 paterna
755 1827 986 1880 viscera.
1035 1823 1152 1879 Non
1187 1825 1278 1879 diu
1312 1827 1570 1895 produxit
1618 1827 2072 1897 increpationem,

2185 1824 2464 1894 σπλάγχνα
2529 1822 2792 1894 πατρικά.
2826 1825 2900 1877 Οὐ
2948 1824 3266 1895 προήγαγεν
3303 1823 3396 1876 ἐπὶ
3451 1823 3585 1876 πολὺ
3655 1823 3756 1893 τὴν

507 1923 756 1970 metuens
785 1932 851 1970 ne
877 1915 1021 1970 fame
1045 1916 1286 1984 perirent
1316 1915 1633 1971 inordinati.
1662 1917 1727 1969 Et
1753 1918 1828 1970 ait
1857 1925 1916 1970 ut
1945 1918 2081 1972 sub-

506 2006 708 2061 ducant
733 2006 953 2075 quidem
990 2021 1048 2060 se
1083 2007 1150 2060 ab
1183 2005 1341 2076 ipsis,
1394 2005 1497 2060 hoc
1530 2014 1636 2071 est,
1703 2017 2076 2078 segregentur,

506 2107 559 2152 et
596 2113 694 2168 per
718 2098 1118 2167 separationem
1149 2098 1542 2168 corripiantur.
1572 2096 1712 2151 Dum
1743 2109 1921 2154 autem
1953 2115 2080 2156 cor-

508 2189 786 2260 riguntur,
825 2189 1021 2258 inquit,
1061 2189 1258 2243 tradite
1313 2189 1422 2242 illis
1470 2189 1782 2244 necessaria
1815 2206 1884 2245 ne
1936 2191 2079 2248 fame

508 2289 845 2350 premantur.
885 2279 1094 2334 Suﬂicit
1127 2281 1349 2350 quidem
1383 2279 1462 2334 eis
1491 2265 1598 2350 qui,
1630 2296 1740 2335 non
1787 2283 2078 2353 corrigun-

504 2380 594 2427 tur
632 2373 932 2444 increpatio
948 2388 1044 2442 per
1074 2373 1177 2427 hoc
1203 2372 1349 2442 quod
1374 2372 1692 2428 subducatis
1711 2389 1808 2428 vos
1830 2374 1898 2428 ab
1919 2374 2075 2444 ipsis.

510 2486 529 2518 ι
572 2466 724 2534 Quod
752 2466 798 2522 si
828 2466 953 2536 quis
987 2481 1096 2520 non
1129 2465 1316 2520 obedit
1345 2467 1585 2521 sermoni
1616 2477 1805 2520 nostro
1833 2483 1930 2537 per
1958 2467 2077 2538 epi-

506 2561 733 2615 stolam.
775 2577 794 2610 ›
834 2560 943 2612 Aut
993 2573 1088 2627 per
1116 2557 1430 2628 epistolam,
1470 2567 1623 2628 puta,
1659 2559 1928 2627 loquenti,
1982 2567 2077 2613 aut

506 2651 749 2706 sermoni
783 2665 882 2720 per
917 2649 1220 2720 Epistulam
1257 2651 1450 2705 misso.
1492 2668 1512 2702 s
1552 2649 1708 2704 llunc
1733 2650 2012 2706 adnotate.
2053 2669 2071 2703 ι

503 2743 583 2797 Ne
624 2759 722 2798 vos
754 2744 940 2802 lateat.
978 2742 1209 2797 Maxima
1261 2751 1343 2798 est
1374 2751 1555 2797 autem
1592 2742 1845 2798 confusio
1885 2759 2078 2800 omnes

507 2837 709 2891 habere
733 2851 980 2892 aversos.
1019 2855 1037 2887 ι
1075 2835 1264 2906 Neque
1290 2837 1436 2890 velut
1456 2836 1734 2891 inimicum
1755 2836 2023 2892 habeatis.
2051 2855 2071 2892 ι

505 2930 641 2983 Cum
679 2930 935 2998 superius
965 2927 1199 2983 dixisset
1226 2943 1332 2982 non
1356 2936 1614 2998 oportere
1646 2928 1810 2984 edere
1834 2945 1959 2984 eum
1979 2930 2076 3000 qui

515 3020 730 3074 otiosus
759 3028 862 3085 est,
892 3021 1096 3074 veritus
1122 3035 1190 3074 ne
1218 3017 1360 3072 fame
1392 3019 1617 3088 periret,
1655 3019 1939 3089 adjunxit:
1970 3021 2076 3077 Vos

505 3122 710 3173 autem,
752 3111 974 3175 fratres,
1013 3126 1081 3164 ne
1113 3109 1487 3180 defatigemini
1533 3109 1589 3163 in
1624 3109 2024 3167 benefaciendo
2060 3131 2072 3166 :

505 3203 576 3255 ita
611 3211 662 3255 et
684 3201 772 3255 hic
802 3216 925 3255 cum
959 3201 1192 3255 dixisset
1224 3218 1238 3254 :
1271 3199 1349 3256 Ne
1370 3200 1865 3266 commisceamini,
1895 3201 2079 3256 timuit

504 3309 572 3348 ne
604 3299 922 3362 segregatus
964 3291 1362 3347 absorberetur
1395 3292 1792 3347 vehementiori
1829 3292 2074 3358 tristitia,

503 3386 649 3455 quod
704 3385 770 3438 ad
824 3383 1146 3439 Corinthios
1197 3381 1420 3452 scripsit
1453 3383 1497 3414 “
1531 3403 1546 3438 :
1581 3383 1702 3440 ideo
1738 3385 2023 3456 subjungit
2059 3405 2074 3441 :

501 3481 578 3537 Ne
609 3491 667 3536 ut
697 3483 978 3537 inimicum
1014 3481 1290 3545 habeatis,
1340 3480 1435 3536 sed
1471 3481 1781 3547 admonete,
1818 3497 1882 3537 ac
1921 3483 1968 3538 si
1994 3483 2078 3538 di-

500 3584 650 3630 ceret
685 3592 700 3629 :
729 3575 1004 3645 Corripite
1039 3573 1262 3644 quidem
1293 3573 1473 3643 ipsum
1503 3587 1612 3628 non
1658 3574 1826 3630 veluti
1852 3575 2074 3632 inimico

2180 1917 2518 1988 ἐπιτίμησιν,
2549 1915 2800 1979 δεδοικὼς
2835 1915 2910 1988 μὴ
2937 1915 3082 1988 λιμῷ
3129 1917 3409 1988 φθαρῶσιν
3431 1917 3481 1969 οἱ
3506 1917 3756 1979 ἄτακτοι,

2179 2007 2276 2059 καί
2327 2022 2492 2076 φησι,
2543 2005 2864 2066 στέλλεσθαι,
2914 2007 3012 2077 μὲν
3078 2005 3173 2059 ἀπ’
3230 2006 3432 2072 αὐτῶν,
3481 2007 3754 2071 τουτέστι,

2181 2097 2558 2169 χωρίζεσθαι,
2604 2097 2700 2151 καὶ
2757 2097 2846 2152 διὰ
2893 2097 2986 2153 τοῦ
3029 2097 3314 2170 χωρισμοῦ
3367 2099 3753 2170 ἐπιτιμᾶσθαι.

2192 2190 2282 2243 Ἑν
2327 2190 2435 2260 ὅσῳ
2457 2189 2513 2242 δὲ
2568 2189 2932 2260 διορθοῦνται,
2983 2184 3139 2260 φησὶ,
3199 2191 3512 2261 μεταδίδοτε
3543 2192 3754 2256 αύτοῖ·,

2181 2279 2268 2332 ἵνα
2297 2279 2372 2348 μὴ
2396 2277 2763 2348 λιμώττωσιν.
2809 2281 2996 2350 Ἀρκεῖ
3048 2281 3156 2350 γάρ
3189 2281 3263 2352 μὴ
3323 2281 3751 2352 διορθουμένοις,

2180 2373 2213 2442 ἡ
2247 2372 2562 2442 ἐπιτίμησις
2611 2371 2705 2424 τοῦ
2758 2371 3074 2425 στέλλεσθαι
3107 2373 3253 2442 ὑμᾶς
3299 2373 3395 2426 ἀπ’
3417 2373 3614 2429 αὐτῶν.
3651 2393 3669 2425 ι
3693 2373 3755 2426 Et

2179 2462 2235 2514 δέ
2271 2479 2354 2525 τις
2398 2462 2496 2533 ούχ
2542 2460 2808 2516 ὑπακούει
2859 2461 2937 2531 τῷ
2984 2462 3126 2532 λόγῳ
3179 2463 3356 2533 ἡμῶν.
3385 2481 3404 2514 s
3441 2463 3509 2518 Ἢ
3534 2463 3610 2533 τῷ
3663 2463 3756 2516 διὰ

2179 2555 2276 2622 τῆς
2322 2553 2642 2622 Ἐπιστολῆς
2698 2547 2808 2605 οἷον
2851 2551 3122 2617 λαλοῦντι,
3153 2552 3288 2624 ῆτῷ
3319 2554 3408 2606 διὰ
3443 2553 3545 2622 τῆς
3592 2554 3754 2608 Ἑπι-

2184 2643 2377 2712 στολῆς
2430 2635 2814 2698 ἀποσταλέντι.
2879 2643 3126 2696 (Τοῦτον
3176 2643 3529 2714 σημειοῦσθε.
3559 2663 3577 2696 ι
3634 2646 3756 2698 Ἵνα

2181 2736 2258 2808 μὴ
2285 2737 2422 2807 λάθῃ
2469 2738 2634 2806 ὑμᾶς,
2671 2737 2824 2808 φησί.
2879 2737 3132 2806 Μεγίστη
3171 2737 3227 2789 δὲ
3253 2739 3506 2808 ἐντροπὴ,
3531 2739 3588 2790 τὸ
3614 2739 3757 2792 πάν-

2179 2845 2276 2892 τας
2322 2827 2466 2898 ἔχειν
2521 2829 3057 2899 ἁποστρεφομέυους.
3128 2848 3146 2880 ι
3175 2831 3285 2884 Καὶ
3323 2831 3398 2902 μὴ
3455 2833 3528 2894 ὡς
3559 2832 3755 2902 ἐχθρὸν

2177 2919 2461 2989 ἡγεῖσθε.»
2519 2919 2729 2992 Ὥσπερ
2787 2921 2899 2975 άνω
2954 2921 3124 2975 εἰπὼν
3159 2923 3232 2994 μὴ
3282 2923 3392 2976 δεῖν
3434 2925 3523 2976 τὸν
3568 2924 3742 2996 ἀργὸν

2180 3011 2406 3075 ἐσθίειν,
2440 3011 2621 3074 δείσας
2653 3015 2728 3082 μὴ
2759 3013 2902 3084 λιμῷ
2973 3015 3180 3086 φθαρῇ,
3219 3017 3521 3085 ἐπήγαγεν
3565 3000 3755 3087 ’Υμέῖς

2179 3103 2256 3164 δὲ,
2285 3104 2526 3172 ἀδελφοὶ,
2563 3104 2639 3175 μὴ
2671 3106 3018 3176 ὲκκακήσητε
3071 3107 3516 3171 καλοποιοῦντες,
3575 3108 3756 3172 οὕτως

2181 3194 2275 3248 xci.
2320 3188 2422 3248 ὧδε
2474 3194 2679 3271 εἰπών’
2733 3195 2826 3268 Μὴ
2890 3197 3384 3268 συναναμίγνυσθε,
3438 3199 3610 3252 ἔδεισε
3674 3202 3752 3272 μὴ

2179 3287 2574 3357 ἀποσχισθεὶς,
2638 3289 2704 3358 τῇ
2763 3290 3150 3360 περισσωτέρᾳ
3217 3288 3365 3361 λύπῃ
3427 3291 3752 3361 καταποθῇ,

2177 3380 2316 3451 ὅπερ
2363 3380 2500 3450 πρὸς
2559 3380 2883 3450 Κορινθίους
2949 3380 3199 3450 ἔγραψε·
3245 3380 3326 3434 διὸ
3373 3383 3604 3451 ἐπάγει,
3656 3384 3752 3454 Μὴ

2175 3471 2252 3536 ὡς
2289 3474 2482 3544 ἐχθρὸν
2528 3473 2772 3542 ἡγεῖσθε,
2800 3473 2936 3526 ἀλλὰ
2987 3473 3313 3537 νουθετεῖτε,
3363 3474 3438 3538 ὡς
3472 3476 3520 3528 εί
3551 3469 3709 3528 εἶπεν
3733 3490 3748 3507 ·

2187 3565 2508 3634 Ἐπιτιμᾶτε
2537 3566 2633 3636 μὲν
2665 3565 2838 3636 αὐτῷ,
2874 3564 2949 3636 μὴ
2974 3566 3049 3628 ὡς
3079 3566 3260 3638 ἐχθρῷ
3285 3567 3342 3620 δὲ
3373 3567 3748 3638 ὀργιζόμενοι,

500 3668 823 3731 irascentes,
849 3665 945 3722 sed
971 3673 1230 3736 tanquam
1256 3663 1481 3720 fratrem
1515 3663 1571 3718 in
1595 3664 1861 3722 charitate
1888 3667 2072 3723 adnio-

2179 3657 2288 3712 άλλ¹
2319 3658 2394 3722 ὡς
2413 3657 2644 3726 ἀδελφὸν
2679 3660 2736 3711 ἐν
2757 3657 2952 3732 ἀγάπῃ
2984 3659 3381 3724 νουθετοῦντες.

502 3767 714 3814 nentes.

1093 3849 1326 3907 CAPUT
1373 3849 1465 3906 Vl.

776 3934 1023 3991 Precatio
1051 3954 1148 4006 pro
1170 3954 1318 4007 pace,
1357 3954 1476 4008 qua’
1500 3946 1577 3992 est
1603 3955 1634 3992 a
1666 3937 1795 3994 Deo.

575 4027 878 4092 lll,16-18.
927 4029 1050 4099 Ipse
1095 4039 1273 4085 autem
1322 4030 1580 4086 Dominus
1607 4033 1753 4101 pacis
1805 4032 1890 4088 det
1929 4033 2070 4089 vobis

501 4139 680 4192 pacem
713 4137 915 4190 semper
942 4123 1187 4176 omnibus
1213 4123 1404 4176 modis.
1435 4122 1695 4178 Dominus
1729 4127 1798 4179 sit
1826 4142 1942 4179 cum
1965 4142 2075 4180 ont-

501 4216 655 4268 nibus
693 4214 858 4269 vobis.
895 4214 1170 4270 Salutatio
1220 4232 1335 4268 mea
1377 4232 1540 4269 manu
1574 4216 1758 4276 Pauli,
1803 4220 1942 4288 quod
1991 4228 2071 4274 est

499 4311 706 4379 signum
761 4309 818 4360 in
870 4307 1302 4370 omnirepistola.
1346 4305 1437 4361 Ita
1472 4307 1667 4363 scribo.
1721 4308 1910 4364 Gratia
1963 4311 2072 4366 Do-

499 4399 628 4453 mini
671 4399 842 4452 nostri
887 4395 1016 4451 Iesu
1068 4397 1272 4452 Christi
1311 4399 1381 4452 sit
1429 4415 1548 4453 cum
1611 4398 1855 4454 omnibus
1899 4402 2064 4468 vobis,

496 4491 686 4545 Amen.

565 4581 730 4654 204
763 4581 901 4648 Quia
932 4582 1084 4637 novit
1117 4599 1180 4638 ex
1210 4583 1684 4640 admonitionibus
1726 4595 1782 4641 et
1809 4586 2066 4657 objurga-

498 4676 742 4731 tiouibus
771 4692 982 4746 pugnas
1007 4690 1072 4731 ac
1119 4678 1508 4733 contentiones
1548 4677 1706 4741 oriri,
1747 4693 1869 4732 cum
1903 4679 1938 4732 ii
1971 4678 2063 4748 qui

496 4767 604 4822 hoc
625 4769 906 4838 patiantur
933 4779 1326 4838 exasperentur
1348 4769 1414 4822 ad
1433 4768 1910 4839 reprehensiones,
1939 4785 2064 4839 pre-

493 4869 655 4915 catur
683 4861 764 4914 eis
797 4875 984 4929 pacem
1014 4873 1043 4911 a
1081 4859 1188 4913 Deo
1214 4859 1389 4927 pacis.
1441 4878 1460 4909 ι
1503 4858 1772 4915 Omnibus
1808 4862 2006 4916 modis.
2039 4880 2058 4913 s

503 4952 570 5006 Ut
601 4953 749 5007 nulla
782 4953 1130 5022 relinquatur
1173 4950 1540 5006 dissensionis
1569 4954 1812 5008 occasio.
1847 4972 1865 5005 ι
1904 4953 2065 5009 Salu-

500 5045 634 5099 tatio
667 5060 784 5098 mea
818 5060 983 5098 manu
1037 5041 1218 5096 Pauli.
1263 5061 1284 5094 s
1325 5042 1441 5096 Hoc
1479 5045 1700 5114 propria
1731 5061 1896 5099 manu
1937 5048 2066 5102 sub-

500 5135 746 5205 scripsit,
777 5143 1035 5204 tanquam
1086 5135 1276 5190 dicens
1311 5152 1324 5189 :
1360 5133 1550 5190 Saluto
1583 5151 1701 5199 vos,
1733 5147 1828 5192 aut
1859 5139 2063 5201 Valete,

496 5235 590 5280 aut
618 5226 823 5295 aliquid
856 5227 1193 5295 hujusmodi,
1226 5241 1293 5279 ne
1323 5225 1703 5283 adniterentur
1741 5229 1942 5286 littera-
1972 5239 2066 5285 aut

496 5328 774 5388 corrupta:
809 5325 1090 5386 putentur.
1141 5314 1290 5368 Dixit
1340 5323 1526 5369 autem
1570 5316 1626 5370 in
1683 5319 2062 5388 superioribus

496 5407 640 5478 quod
664 5408 976 5479 eﬂingentes
1009 5407 1208 5462 missas
1241 5407 1308 5460 ab
1333 5408 1454 5478 ipso
1477 5408 1712 5474 litteras,
1743 5413 2062 5466 avertebant

493 5517 590 5556 eos
620 5516 650 5554 a
683 5500 848 5554 rectis
877 5498 1171 5568 dogmatis.
1203 5515 1223 5550 ι
1259 5499 1416 5566 Quod
1467 5510 1552 5556 est
1583 5502 1798 5573 signum
1826 5503 1881 5557 in
1913 5505 2061 5558 omni

493 5593 746 5665 epistola.
774 5611 794 5645 ι
814 5592 930 5645 Hoc
946 5592 1094 5646 enim
1123 5593 1338 5666 signum
1369 5602 1578 5652 eraLne
1595 5604 2059 5666 corrumperetur.

569 5779 613 5810 ⁸³
657 5773 700 5828 ll
739 5777 866 5836 Cor.
897 5795 954 5847 Il,
981 5776 1036 5830 7.

2772 3842 3024 3897 ΚΕΦΑΛ.
3059 3841 3147 3910 ς’.

2385 3934 2554 4003 Εὐχή
2577 3935 2709 4004 περὶ
2741 3935 3010 4004 εἰρήνης,
3042 3935 3154 4004 τῆς
3189 3937 3346 4006 παρὰ
3370 3938 3539 3993 Θεοῦ.

2244 4027 2438 4091 Αὐτὸς
2463 4027 2531 4080 δὲ
2556 4031 2589 4082 ό
2615 4028 2824 4095 Κύριος
2857 4027 2968 4096 τῆς
2997 4029 3264 4098 εἰρήνης,
3303 4029 3421 4098 δῴη
3454 4031 3596 4101 ὑμῖν
3632 4032 3752 4100 τὴν

2171 4120 2420 4190 είρήνην
2473 4120 2802 4188 διαπαντὸς
2844 4121 2916 4174 ἐν
2945 4123 3125 4176 παντὶ
3182 4125 3399 4191 τρόπῳ.
3442 4123 3496 4177 '0
3528 4126 3749 4194 Κύριος

2166 4215 2316 4283 μετὰ
2350 4213 2594 4267 πάντων
2639 4212 2823 4282 ὑμῶν.
2866 4214 2932 4268 '0
2981 4215 3308 4284 ἀσπασμὸς
3337 4215 3411 4284 τῇ
3437 4215 3553 4285 ἐμῇ
3593 4219 3750 4286 χειρὶ

2173 4307 2435 4369 Παύλου,
2465 4305 2500 4359 ὅ
2526 4306 2656 4359 ἐστι
2685 4308 2938 4374 σημεῖον
2975 4307 3046 4360 ἐν
3067 4307 3235 4376 πάσῃ
3277 4308 3592 4377 ἐπιστολῇ.
3632 4312 3751 4364 Οὖ-

2171 4415 2286 4463 τως
2342 4399 2561 4467 γράφω.
2605 4399 2680 4453 'II
2711 4398 2885 4467 χάρις
2938 4399 3044 4453 τοῦ
3080 4401 3301 4469 Κυρίου
3334 4398 3502 4471 ἡμῶν
3539 4403 3750 4470 Ἰησοῦ

2098 4490 2142 4546 D
2173 4491 2428 4560 Χριστοῦ
2456 4491 2606 4560 μετὰ
2625 4490 2868 4546 πάντων
2885 4491 3073 4562 ὑμῶν.
3112 4492 3318 4560 Ἀμήν.

2257 4582 2474 4652 Ἐπειδὴ
2520 4578 2662 4636 οἶδεν
2699 4583 2764 4636 ὲκ
2805 4584 2901 4637 τοῦ
2953 4584 3322 4640 νουθετεῖσθαι
3361 4585 3454 4639 καὶ
3489 4588 3750 4657 ἐπιτιμᾶ-

2177 4674 2351 4737 σθαι,
2409 4675 2553 4744 ἕρεις
2619 4674 2715 4728 καὶ
2771 4675 2949 4746 μάχας
2999 4677 3361 4745 τικτομένας,
3419 4678 3528 4731 τῶν
3582 4679 3749 4733 τοῦτο

2175 4768 2492 4838 πασχόντων
2556 4767 2693 4836 πρὸς
2756 4769 2884 4832 τοὺς
2947 4768 3204 4838 ἐλέγχους
3267 4771 3692 4840 τραχυνομένων
3728 4813 3745 4836 ,

2173 4861 2466 4931 ἐπεύχεται
2524 4861 2707 4923 αὐτοῖς
2761 4861 3020 4932 εἰρήνην,
3093 4861 3244 4932 παρὰ
3304 4862 3396 4915 τοῦ
3461 4863 3596 4916 Θεοῦ
3644 4865 3750 4934 τῆς

2172 4951 2416 5021 εἰρήνης.
2477 4969 2496 5001 ι
2535 4947 2624 5002 Ἐν
2689 4950 2854 5002 παντὶ
2919 4949 3129 5020 τρόπῳ.
3181 4967 3200 5002 s
3250 4950 3413 5004 ’Ὥστε
3469 4951 3749 5022 μηδεμίαν

2169 5041 2552 5112 ὑπολελεῖφθαι
2613 5041 2796 5112 μάχης
2848 5041 3124 5112 ἀφορμήν.
3201 5060 3222 5093 ι
3255 5042 3314 5095 Ὀ
3356 5045 3648 5112 ἀσπασμὸς
3674 5048 3746 5116 τῇ

2165 5138 2270 5205 ἐμῇ
2307 5137 2456 5204 χειρὶ
2527 5133 2808 5188 Παύλου.»
2867 5132 3036 5187 Τοῦτο
3089 5135 3373 5205 ίδιόχειρον
3423 5137 3749 5206 ὑπέγραφεν

2166 5223 2301 5290 οἷον,
2353 5227 2434 5289 τὸ,
2501 5225 2843 5296 Ἀσπάζομαι
2898 5227 3064 5296 ὑμᾶς,
3093 5227 3126 5297 ἢ
3153 5227 3238 5290 τὸ,
3292 5227 3603 5299 Ἔρρωσθε,
3629 5229 3748 5298 ἧτι

2165 5323 2426 5385 τοιοῦτον,
2479 5319 2568 5372 ἵνα
2609 5320 2683 5390 μὴ
2719 5321 3064 5390 παραποιῆτε
3112 5321 3180 5373 τά
3218 5321 3547 5391 γράμματα.
3600 5317 3746 5374 Eius

2169 5413 2276 5484 γὰρ
2322 5413 2455 5476 ἄνω,
2488 5410 2564 5473 ὡς
2617 5410 2711 5462 ἀπ’
2767 5410 2933 5464 αὐτοῦ
2995 5411 3285 5474 ἐπιστολὰς
3349 5413 3746 5482 πλαττόμενοι,

2167 5504 2480 5574 διέστρεφον
2529 5501 2726 5565 αὐτοὺς
2753 5503 2862 5556 ἀπὸ
2903 5503 3012 5556 τῶν
3059 5503 3237 5574 ὀρθῶν
3287 5503 3596 5573 δογμάτων.
3640 5506 3746 5558 ι”Ο

2170 5597 2287 5649 ἐστι
2316 5598 2540 5666 σημεῖον
2563 5597 2620 5651 ὲν
2645 5597 2791 5668 πάσῃ
2815 5595 3095 5668 ἐπιστολῇ.
3125 5615 3144 5648 ι
3178 5595 3351 5650 Τοῦτο
3372 5595 3480 5667 γάρ
3511 5599 3746 5667 σημεῖον
