4036 6598
274 350 297 413 1
309 352 382 415 33

254 467 398 536 πρὸς
436 465 498 519 τὸ
532 466 607 536 μὴ
659 470 1097 538 μεταποιεῖσθαι.

251 559 430 624 εἰκός,
489 561 925 632 πεμφθησομένῃ
961 565 1098 634 πρὸς
1154 565 1317 633 ὑμᾶς.
1351 565 1441 627 Ὠς
1478 566 1528 616 εἰ
1557 559 1744 617 εἷπεν·
1768 565 1831 616 Εἰ

245 649 324 719 μὴ
350 650 465 719 ἔχοι
498 651 676 714 τοῦτο,
711 654 811 706 οὐκ
869 653 984 707 ἔστι
1024 672 1125 725 μου
1165 655 1478 725 Ἐπιστολή.
1520 673 1539 707 ι
1576 657 1643 709 Ἠ
1669 655 1833 726 χάρις

1239 359 1625 421 COMMENT.
1673 358 1753 418 IN
1801 357 2041 418 EPIST.
2086 358 2114 416 Ι
2149 359 2248 418 AD
2286 357 2612 418 TIMOTH.

3409 353 3511 417 134

1175 471 1262 525 Ἐν
1314 473 1464 543 πάσῃ
1511 473 1568 526 δὲ
1616 474 1706 543 τῇ,
1765 472 1839 536 ὡς

1971 489 2003 525 ιι
2055 471 2205 526 onmi
2235 478 2443 532 autem,
2476 485 2598 539 quae
2631 473 2690 522 ut
2722 467 3026 524 vertsrmile
3057 477 3140 524 est
3165 469 3229 524 ad
3258 484 3356 525 vos
3390 482 3512 524 nnt-

1943 564 2101 620 tenda
2126 570 2229 617 est.
2256 563 2333 616 Ac
2365 562 2411 618 si
2452 563 2662 616 diceret
2705 580 2717 615 :
2752 560 2870 615 Nisi
2911 561 3014 616 hoc
3045 562 3265 628 habeat,
3299 572 3516 616 nonest

1943 671 2062 710 mea
2090 654 2355 725 Epistola.
2403 673 2421 703 ι
2465 655 2654 708 Gratia
2700 653 2916 708 Domini
2957 654 3153 707 nostri.
3207 672 3226 705 ι
3274 655 3515 708 Rursum

241 741 338 793 τού
372 742 584 811 Κυρὶου
611 743 791 812 ἡμῶν.
814 764 832 797 ›
883 746 1050 800 Πάλιν
1079 745 1156 811 ὡς
1191 748 1312 811 ἑθος
1341 746 1510 818 αύτῷ,
1535 748 1670 817 εὐχῇ
1702 764 1835 800 κατ-

1965 754 2000 801 ιι
2053 749 2156 802 sibi
2217 747 2391 801 moris
2449 754 2554 814 est,
2622 747 2940 817 precatione
2997 745 3231 802 absolvit
3298 746 3566 830 Episto-E

250 833 416 885 ἐλυσε
442 835 544 904 τὴν
576 836 917 908 Ἐπιστολὴν.

253 943 460 1012 Τέλος,
485 945 610 1000 σὺν
643 945 784 1013 Θεῷ,
815 950 927 1017 τῆς
965 951 1115 1018 πρὸς
1149 923 1618 1018 Θεσσάλονικεῖς
1640 949 1839 1005 δευτέ-

768 1036 887 1087 ρας
938 1022 1329 1090 Ἐπιστολῆς.

687 1134 938 1208 Ἰζγράφη
998 1137 1107 1190 ἀπὸ
1136 1136 1405 1208 Ἀθηνῶν.

1937 841 2070 894 lam.

1949 953 2125 1020 Finis,
2154 953 2330 1009 divino
2351 955 2555 1025 favente
2587 954 2816 1025 auxilio,
2849 953 3160 1023 posterioris
3195 955 3263 1008 ad
3294 951 3515 1007 Thessa-

2401 1026 2708 1096 {lonicenses
2761 1024 3041 1093 Epistolw.

2371 1122 2598 1210 Scripta,
2619 1139 2721 1193 fuit
2743 1155 2806 1194 ex
2841 1140 3093 1194 Athenis.

1514 1489 2280 1606 ΥΠΟΘΕΣΙΣ

655 1723 874 1810 ΤΗΣ
930 1723 1222 1812 ΠΡΟΣ
1293 1703 1890 1812 ΤΙΜΟΘΕΟΝ
1965 1723 2420 1813 ΠΡΩΤΗΣ
2481 1725 3151 1814 ΕΠΙΣΤΟΛΗΣ.

1398 2103 2404 2219 ABGUMENTUM

758 2349 1254 2444 PBIORIS
1324 2293 1955 2492 EPIS’l‘OL/E
2023 2344 2173 2432 AD
2248 2345 3034 2437 TIMOTHEUM.

342 2670 565 2740 Ταύτην
595 2664 1028 2720 ἐπιστέλλειάπὸ
1047 2664 1388 2728 Λαοδικείας.
1427 2663 1491 2718 Ἢ
1538 2665 1597 2718 δὲ
1640 2665 1858 2736 πρόφα-

2037 2667 2197 2739 205
2221 2665 2368 2722 llanc
2396 2666 2462 2720 ah
2481 2667 2615 2721 urbe
2639 2665 2904 2722 Loadicea
2928 2669 3140 2724 scribit.
3157 2669 3386 2727 Occasio
3409 2690 3538 2729 vero

274 2781 357 2826 σις
428 2761 532 2831 τῆς
592 2760 880 2830 ἐπιστολῆς
947 2757 1108 2829 αὕτη.
1183 2759 1270 2811 Ἐν
1316 2760 1381 2828 τῇ
1435 2759 1646 2829 Ἐφέσῳ
1708 2760 1852 2823 τινὲς

275 2852 637 2917 ἰουδαΐζοντες
691 2850 1009 2920 ἐπεχείρουν
1041 2835 1538 2918 ἑτεροδιδασκαλεῖν
1587 2850 1682 2903 καὶ
1711 2850 1856 2903 ἁπα-

271 2948 372 3016 τᾷν
397 2946 526 3006 τοὺς
561 2940 1008 3014 ἀκεραιοτέρους,
1038 2939 1310 3011 προφάσει
1342 2940 1435 2994 τοῦ
1465 2940 1656 3010 νόμου.
1684 2941 1855 2994 Τοῦτο

273 3039 330 3092 δὲ
368 3035 563 3108 μαθὼν
613 3038 640 3088 ό
693 3033 1039 3099 ’Δπόστολος,
1095 3032 1397 3104 προτρέπει
1454 3031 1545 3085 τὸν
1594 3032 1857 3102 Τιμόθεον

276 3131 394 3184 ἐκεῖ
422 3129 752 3199 προσμεῖναι
786 3125 923 3196 πρὸς
951 3124 1238 3195 διόρθωσιν
1291 3123 1490 3190 αὐτῶν,
1539 3125 1742 3194 γράφει
1796 3141 1856 3176 τε

274 3225 374 3292 τὴν
403 3219 714 3288 ἐπιστολήν.
750 3218 858 3288 καὶ
884 3215 1101 3288 πρῶτον
1146 3214 1246 3284 μὲν
1293 3215 1703 3286 ὑπομιμνήσκει
1759 3215 1858 3268 Τι-

279 3313 668 3384 μόθεονείδότα
701 3310 800 3379 τὴν
829 3309 887 3360 ὲν
914 3307 1136 3377 Χριστῷ
1178 3307 1382 3373 πίστιν,
1422 3307 1693 3362 διδάσκων
1745 3307 1848 3360 αύ-

275 3409 366 3460 τον
393 3406 525 3476 περὶ
551 3403 646 3458 τοῦ
669 3403 857 3473 νόμου,
878 3399 1109 3455 κωλύειν
1153 3401 1278 3464 τοὺς
1327 3399 1483 3470 παρὰ
1535 3399 1634 3470 τὴν
1692 3399 1859 3471 ὀρθὴν

277 3497 628 3552 δ.δασκαλίαν
651 3495 967 3557 λαλοῦντας,
987 3494 1250 3564 ἐπιτιμᾷν
1274 3509 1333 3546 τε
1368 3493 1574 3558 αὐτοῖς.
1608 3494 1719 3546 Καὶ
1747 3494 1857 3563 γὰρ

279 3592 444 3656 αὐτὸς
499 3589 788 3659 Ὑμέναιον
837 3587 932 3640 καὶ
1013 3585 1362 3656 Ἀλέξανδρον
1445 3586 1860 3656 ναυαγήσαντας

280 3684 410 3753 περὶ
443 3681 544 3753 τὴν
575 3679 763 3734 πίστιν
792 3677 1076 3748 παρέδωκε
1111 3675 1188 3746 τῷ
1221 3677 1460 3748 Σατανᾷ,
1500 3678 1590 3730 ἵνα
1619 3677 1859 3743 ,παιδευ-

281 3777 418 3829 θῶσι
481 3773 558 3844 μὴ
621 3772 980 3842 βλασφημεῖν.
1042 3769 1230 3824 Ταῦτα
1273 3770 1616 3840 ὑπομνήσας,
1674 3767 1860 3822 λοιπὸν

280 3868 560 3922 ὃιατάσσει
586 3861 735 3933 αὑτῷ
779 3859 1015 3923 κανόνας
1050 3858 1563 3928 ὲκκλησιαστικούς.
1615 3858 1856 3928 Πρῶτον,

1963 2761 2218 2831 Epistula:
2246 2761 2338 2814 fuit
2374 2761 2507 2815 haec.
2541 2761 2736 2830 Ephesi
2770 2761 3351 2832 quidamjndaizantes
3384 2772 3534 2821 varia

1958 2853 2155 2908 docere
2182 2852 2528 2906 couahznitur
2566 2859 2621 2904 et
2669 2851 3034 2917 simpliciores
3081 2851 3352 2922 decipere,
3403 2856 3541 2925 legis

1957 2957 2241 3017 prwtextu.
2267 2944 2420 3010 Quod
2459 2943 2546 2996 ubi
2578 2944 2927 3012 cognovisset
2961 2945 3258 3013 Apostolus
3285 2947 3540 3001 hortatur

1959 3035 2327 3096 Timotheum,
2375 3043 2430 3086 ut
2470 3033 2542 3086 ibi
2577 3041 2793 3086 manth
2834 3033 2898 3086 ad
2947 3035 3190 3102 ipsorum
3233 3040 3541 3105 correptio-

1959 3141 2108 3190 ncm,
2173 3123 2474 3190 scribitque
2535 3122 2868 3194 Epistolam.
2902 3121 2968 3174 Et
3017 3126 3250 3191 primum
3315 3125 3535 3194 quidem

1959 3215 2201 3285 Suggerit
2272 3213 2563 3268 Timotheo
2616 3214 2765 3283 quod
2824 3213 2982 3267 ﬁdem
3059 3226 3248 3269 nosset
3313 3234 3434 3287 quae
3486 3221 3538 3272 in

1960 3309 2181 3362 Christo
2215 3314 2319 3372 est,
2357 3307 2562 3361 docens
2593 3321 2715 3360 eum
2746 3307 2812 3360 de
2847 3308 2982 3377 lege,
3012 3316 3071 3361 ut
3102 3308 3388 3378 prohibeat
3422 3312 3543 3365 illos

1960 3400 2053 3470 qui
2093 3400 2301 3470 aliquid
2340 3411 2540 3468 praeter
2571 3408 2780 3454 rectam
2820 3399 3128 3455 doctrinam
3163 3403 3539 3471 loquerentur,

1961 3504 2014 3549 et
2042 3493 2297 3564 objurch
2329 3508 2446 3548 eos.
2467 3493 2599 3546 Nam
2631 3503 2690 3548 ct
2709 3495 2823 3564 ipse
2847 3493 3196 3565 Hymenaeum
3225 3495 3278 3551 et
3308 3497 3545 3550 Alexan-

1961 3587 2142 3652 drum,
2177 3586 2271 3655 qui
2301 3587 2448 3640 circa
2485 3585 2645 3640 fidem
2683 3584 3035 3657 naufragium
3079 3587 3344 3650 fecerant.
3383 3589 3541 3643 Sata-

1962 3694 2044 3732 nae
2073 3678 2399 3742 tradiderat,
2429 3684 2489 3730 ut
2537 3677 2815 3732 discerent
2843 3691 2951 3731 non
2991 3663 3398 3745 h’laspltemare.
3418 3681 3545 3734 [late

1962 3772 2052 3826 ubi
2083 3771 2149 3825 ad
2188 3770 2506 3825 memoriam
2545 3769 2802 3838 reduxit,
2831 3769 3096 3840 deinceps
3134 3771 3544 3828 ecclesiasticos

1963 3877 2204 3917 canones
2238 3863 2287 3916 ei
2323 3860 2607 3916 constituit
2643 3878 2657 3914 :
2685 3862 2864 3931 primo
2889 3860 2958 3916 de
2985 3862 3252 3927 oratione,
3271 3863 3548 3933 quomodo

283 3957 416 4027 περὶ
439 3952 774 4028 προσευχῆς,
808 3950 926 4015 πῶς
959 3950 1054 4003 καὶ
1078 3949 1204 4015 ποῦ,
1245 3950 1340 4004 καὶ
1389 3949 1518 4021 περὶ
1573 3949 1734 4003 τίνων
1780 3948 1859 4002 δεῖ

1965 3963 2018 4009 et
2055 3952 2146 4007 ubi
2180 3967 2242 4006 ac
2273 3952 2342 4006 de
2374 3953 2576 4021 quibus
2606 3951 2816 4020 precari
2858 3961 3126 4022 oporteat.
3179 3951 3453 4019 Secundo,
3487 3963 3548 4010 ut

283 4024 710 4120 προσεύχεσθαι.
748 4043 1035 4114 Δεύτερον,
1065 4042 1196 4108 περὶ⁵
1225 4041 1320 4096 τοῦ
1353 4044 1513 4111 σιγᾷν
1567 4042 1624 4095 έν
1661 4041 1859 4112 ἐκκλη-

1973 4046 2232 4100 mulieres
2262 4053 2476 4098 taceant
2530 4044 2585 4097 in
2640 4041 2910 4107 Ecclesia,
2943 4045 3202 4114 quodque
3250 4047 3421 4115 magis
3453 4061 3553 4101 cu-

286 4140 380 4212 σία
404 4139 506 4201 τὰς
547 4139 834 4206 γυναῖκας,
889 4135 985 4189 καὶ
1035 4134 1238 4205 μᾶλλον
1286 4133 1577 4204 μανθάνειν
1631 4133 1856 4200 ἐθέλειν,

284 4231 381 4283 καὶ
408 4228 485 4300 μὴ
504 4228 775 4282 διδάσκειν
794 4227 981 4289 αὑτάς.
1001 4224 1222 4296 Τρίτον,
1245 4224 1371 4296 περὶ
1399 4223 1733 4288 ἐπισκόπων,
1767 4224 1861 4278 καὶ

284 4323 676 4394 πρεσϐυτέρων
701 4321 794 4374 καὶ
839 4318 1122 4385 διακόνων,
1172 4317 1290 4381 πῶς
1322 4316 1416 4370 καὶ
1471 4317 1688 4379 ὁποίους
1720 4312 1861 4370 εἶναι

283 4419 371 4470 δεῖ
402 4417 528 4479 τοὺς
563 4413 1013 4483 καθισταμένους.
1048 4411 1342 4481 Τέταρτον,
1393 4409 1521 4479 περὶ
1558 4410 1664 4462 τῶν
1712 4409 1768 4462 ὲν
1794 4409 1859 4480 τῇ

283 4509 559 4578 ἐκκλησίᾳ
590 4506 793 4576 χηρῶν,
823 4504 929 4558 ἀπὸ
963 4501 1142 4556 πόσων
1163 4502 1298 4556 ἐτῶν
1324 4501 1430 4573 χρὴ
1459 4499 1662 4564 ταύτας
1689 4517 1861 4554 κατα-

284 4599 564 4668 λέγεσθαι,
595 4600 691 4651 καὶ
729 4597 888 4659 ποίας
923 4595 1096 4658 αὑτὰς
1127 4592 1270 4649 εἶναι
1314 4595 1414 4659 δεῖ,
1449 4594 1542 4648 καὶ
1595 4595 1712 4658 πῶς
1762 4595 1861 4648 αὖ·

285 4694 410 4756 ταῖς
431 4692 514 4744 δεῖ
556 4689 864 4760 προσέχειν.
919 4688 1196 4758 Πέμπτον,
1239 4687 1366 4757 περὶ
1415 4685 1510 4740 τοῦ
1566 4689 1865 4756 σωφρονεῖν

287 4786 416 4846 τοὺς
439 4781 874 4853 νεωτέρους,καὶ
903 4781 1102 4850 γαμεῖν
1133 4779 1358 4850 μᾶλλον,
1389 4780 1482 4830 καὶ
1518 4778 1592 4846 μὴ
1623 4777 1864 4848 αἰσχρῶς

288 4875 414 4946 ζῄν.
445 4874 667 4935 Ἕκτον,
693 4871 936 4943 περὶτοῦ
967 4870 1368 4941 παραγγέλλειν
1421 4871 1567 4933 τοῖς⁸
1591 4867 1864 4932 πλουσίοις

290 4970 368 5037 μὴ
397 4965 814 5034 ὑψηλοφρονεῖν,
838 4963 972 5034 μηδὲ
1011 4962 1251 5026 ἐλπίζειν
1293 4963 1386 5015 ἐπὶ
1440 4961 1677 5032 πλούτῳ.
1731 4961 1867 5032 Περὶ

287 5059 500 5112 τούτων
526 5057 940 5125 διαταξάμενος,
983 5054 1353 5126 προτρέπεται
1381 5054 1541 5108 αὐτὸν
1579 5051 1754 5106 ταῦτα
1787 5052 1866 5105 δι-

245 5165 248 5174 ‘
290 5151 542 5215 δάσκειν,
580 5149 671 5202 καὶ
707 5147 907 5215 μηκέτι
945 5146 1044 5216 μὲν
1094 5147 1434 5217 ὑδροποτεῖν,
1476 5146 1763 5218 προσέχειν
1811 5145 1868 5199 δὲ

291 5242 476 5314 ἑαυτῷ
502 5241 597 5294 καὶ
635 5242 702 5312 τῇ
740 5239 1080 5310 διδασκαλίᾳ,
1134 5239 1309 5291 εἰδότα
1357 5238 1578 5291 ἔσεσθαι
1644 5238 1868 5309 καιροὺς

292 5338 350 5388 ὲν
373 5327 454 5397 οἷς
495 5331 896 5402 ἀποστήσονταί
931 5346 1074 5393 τινες
1108 5328 1207 5398 τῆς
1257 5329 1513 5395 πίστεως,
1539 5326 1756 5393 διδάξας
1810 5327 1867 5381 δὲ

293 5424 517 5494 καθαρὰ
571 5416 712 5476 εἶναι
767 5420 965 5476 καὶτὰ
1015 5418 1304 5491 βρώματα,
1362 5418 1458 5472 καὶ
1495 5417 1872 5490 παραγγείλας

293 5517 447 5587 αὑτῷ
475 5513 842 5588 ἐκτρέπεσθαι
877 5512 976 5576 τὰς
1019 5511 1430 5580 ὲμφιλονείκους
1488 5511 1745 5584 ζητήσεις
1795 5513 1872 5575 ὡς

296 5610 560 5684 βεϐήλους
581 5607 768 5674 οὔσας,
799 5605 882 5676 ἐφ’
917 5601 1008 5670 αἷς
1034 5604 1128 5660 καί
1158 5591 1302 5668 τινες
1321 5603 1666 5675 καυχώμενοι
1696 5605 1870 5676 παρέ-

296 5705 477 5774 ϐησαν
501 5703 598 5773 τὴν
633 5702 837 5766 πίστιν,
873 5701 970 5756 καὶ
1003 5699 1155 5763 τέλος
1189 5698 1248 5752 ὃν
1287 5698 1392 5770 χρὴ
1426 5698 1628 5770 τρόπον
1684 5698 1872 5768 ἄρχειν

295 5815 360 5851 τε
401 5799 490 5852 καὶ
513 5795 921 5861 διατάσσεσθαι,
954 5795 1152 5848 τελειοῖ
1184 5793 1283 5864 τὴν
1314 5792 1658 5863 Ἐπιστολὴν.

1977 4137 2128 4209 piant
2152 4137 2369 4192 discere
2395 4151 2558 4206 quam
2603 4136 2819 4191 docere.
2853 4133 3059 4200 Tertio,
3088 4138 3157 4191 de
3185 4137 3458 4207 episcopis
3492 4145 3549 4194 et

1970 4229 2307 4301 presbyteris
2334 4243 2397 4284 ac
2423 4227 2693 4292 diaconis,
2717 4227 2994 4296 quomodo
3025 4227 3252 4283 alIectos
3281 4237 3332 4283 et
3355 4233 3548 4299 quales

1970 4337 2092 4378 esse
2140 4327 2392 4390 oporteat
2436 4334 2532 4376 eos
2581 4319 2674 4388 qui
2727 4320 3157 4374 constituantur.
3207 4319 3434 4387 Quarto,
3481 4324 3549 4376 de

1969 4414 2150 4470 viduis
2185 4430 2305 4485 quae
2327 4421 2457 4469 sunt
2499 4413 2552 4468 in
2587 4412 2828 4470 Ecclesia
2860 4429 2888 4468 a
2915 4415 3230 4478 quotannis
3259 4429 3350 4469 eas
3385 4417 3552 4487 206

1971 4509 2098 4576 eligi
2152 4516 2204 4561 et
2244 4507 2436 4578 quales
2484 4521 2608 4561 esse
2646 4508 2959 4569 conveniat,
2990 4517 3043 4562 et
3094 4509 3370 4576 quomodo
3402 4509 3549 4574 ipsas

1971 4604 2268 4658 observare
2292 4607 2556 4670 oporteat.
2583 4600 2808 4666 Quinto,
2833 4600 2978 4668 quod
2999 4599 3248 4670 juniores
3274 4601 3552 4656 modestas

1971 4711 2095 4751 esse
2124 4701 2395 4764 oporteat,
2446 4700 2501 4747 et
2549 4689 2760 4746 nubere
2812 4691 2996 4761 potius
3026 4707 3190 4761 quam
3234 4691 3551 4747 indecenter

1972 4790 2177 4844 vivere.
2211 4785 2399 4852 Sexto,
2436 4792 2495 4838 ut
2542 4785 2824 4854 praecipiat
2870 4783 3132 4840 divitibus
3177 4801 3244 4840 ne
3277 4785 3550 4845 extollan—

1973 4889 2085 4947 tur,
2117 4893 2295 4948 neqne
2322 4883 2544 4948 sperent
2577 4877 2630 4929 in
2656 4875 2884 4932 divitiis.
2921 4873 3049 4930 Haec
3085 4886 3372 4948 postquam
3400 4879 3554 4933 ordi-

1975 4971 2146 5033 navit,
2177 4969 2504 5023 exhortatur
2537 4967 2716 5036 ipsum
2747 4976 2803 5021 nt
2845 4982 2907 5022 ea
2941 4968 3136 5022 doceat
3169 4986 3183 5022 :
3237 4978 3292 5022 et
3321 4971 3553 5040 posthac

1975 5078 2172 5134 aquam
2221 5076 2328 5115 non
2388 5059 2560 5124 bibat,
2607 5074 2671 5112 ac
2729 5059 2942 5129 sibiipsi
2993 5059 3260 5115 doctrinae
3309 5061 3552 5114 animum

1976 5155 2250 5218 adhibeat,
2291 5152 2475 5208 sciens
2510 5151 2656 5221 quod
2702 5149 2882 5205 futura
2911 5152 3021 5206 sint
3069 5160 3318 5222 tempora
3351 5152 3557 5222 quibus

1977 5245 2258 5302 discedent
2289 5243 2536 5298 nonnulli
2571 5257 2600 5295 a
2635 5242 2758 5297 fide.
2799 5241 3094 5312 Postquam
3145 5253 3324 5296 autem
3366 5243 3554 5298 docuit

1979 5338 2215 5392 mundos
2245 5351 2465 5406 quoque
2501 5349 2625 5390 esse
2666 5335 2841 5395 cibos,
2885 5321 3254 5405 praecepitque
3299 5343 3356 5389 ut
3395 5351 3553 5388 aver-

1984 5439 2132 5484 tatur
2167 5444 2194 5482 a
2241 5427 2602 5483 contentiosis
2634 5426 3053 5497 questionibus,
3096 5434 3156 5480 ut
3204 5444 3325 5497 qum.
3370 5425 3554 5497 profa-

1982 5539 2066 5578 ntc
2093 5524 2222 5585 sint,
2253 5521 2305 5574 in
2335 5520 2534 5589 quibus
2569 5520 2734 5589 aliqui
2767 5519 3087 5589 gloriantes,
3112 5519 3164 5571 in
3203 5517 3304 5573 ﬁde
3333 5533 3552 5588 praeva-

1980 5609 2136 5664 ricnti
2172 5616 2320 5674 sunt,
2359 5607 2575 5663 tandem
2611 5605 2892 5662 concludit
2917 5603 3238 5676 Epistolam.
