  <div class='ocr_page' id='page_1' title='image "/cluster/home/n/w/nwhite01/storage/ocr_20150623/119/hvd.32044019208156/077.png"; bbox 0 0 3994 6584; ppageno 0'>
   <div class='ocr_carea' id='block_1_1' title="bbox 471 383 577 452">
    <p class='ocr_par' dir='ltr' id='par_1_1' title="bbox 471 383 577 452">
     <span class='ocr_line' id='line_1_1' title="bbox 471 383 577 452; baseline -0.009 -2"><span class='ocrx_word' id='word_1_1' title='bbox 471 383 577 452; x_wconf 56' lang='grc' dir='ltr'><strong>ΝΩ</strong></span> 
     </span>
    </p>
   </div>
   <div class='ocr_carea' id='block_1_2' title="bbox 1520 386 2623 449">
    <p class='ocr_par' dir='ltr' id='par_1_2' title="bbox 1520 386 2623 449">
     <span class='ocr_line' id='line_1_2' title="bbox 1520 386 2623 449; baseline -0.001 -1"><span class='ocrx_word' id='word_1_2' title='bbox 1520 387 1851 448; x_wconf 71' lang='lat' dir='ltr'><strong>(ECUMEN</strong></span> <span class='ocrx_word' id='word_1_3' title='bbox 1860 388 1918 446; x_wconf 93' lang='lat' dir='ltr'><strong>II</strong></span> <span class='ocrx_word' id='word_1_4' title='bbox 1957 386 2246 447; x_wconf 67' lang='lat' dir='ltr'><strong>TRICCE</strong></span> <span class='ocrx_word' id='word_1_5' title='bbox 2285 387 2623 449; x_wconf 79' lang='lat' dir='ltr'><strong>EFISCOPI</strong></span> 
     </span>
    </p>
   </div>
   <div class='ocr_carea' id='block_1_3' title="bbox 3619 385 3720 450">
    <p class='ocr_par' dir='ltr' id='par_1_3' title="bbox 3619 385 3720 450">
     <span class='ocr_line' id='line_1_3' title="bbox 3619 385 3720 450; baseline 0 -1"><span class='ocrx_word' id='word_1_6' title='bbox 3619 385 3720 450; x_wconf 80' lang='grc' dir='ltr'><strong>1Ξο</strong></span> 
     </span>
    </p>
   </div>
   <div class='ocr_carea' id='block_1_4' title="bbox 473 493 2043 573">
    <p class='ocr_par' dir='ltr' id='par_1_4' title="bbox 473 493 2043 573">
     <span class='ocr_line' id='line_1_4' title="bbox 473 493 2043 573; baseline -0.003 -19"><span class='ocrx_word' id='word_1_7' title='bbox 473 499 569 565; x_wconf 70' lang='lat' dir='ltr'><strong>bei</strong></span> <span class='ocrx_word' id='word_1_8' title='bbox 602 494 993 554; x_wconf 74' lang='lat' dir='ltr'><strong>substantiam.</strong></span> <span class='ocrx_word' id='word_1_9' title='bbox 1024 493 1126 550; x_wconf 81' lang='lat' dir='ltr'><strong>Hic</strong></span> <span class='ocrx_word' id='word_1_10' title='bbox 1179 510 1314 573; x_wconf 77' lang='lat' dir='ltr'><strong>ergo</strong></span> <span class='ocrx_word' id='word_1_11' title='bbox 1334 498 1670 566; x_wconf 84' lang='lat' dir='ltr'><strong>quaestiones</strong></span> <span class='ocrx_word' id='word_1_12' title='bbox 1693 497 1831 551; x_wconf 91' lang='lat' dir='ltr'><strong>dicit</strong></span> <span class='ocrx_word' id='word_1_13' title='bbox 1864 496 2043 551; x_wconf 91' lang='lat' dir='ltr'><strong>inscu-</strong></span> 
     </span>
    </p>
   </div>
   <div class='ocr_carea' id='block_1_5' title="bbox 2148 493 3724 573">
    <p class='ocr_par' dir='ltr' id='par_1_5' title="bbox 2153 494 3724 573">
     <span class='ocr_line' id='line_1_5' title="bbox 2153 494 3724 573; baseline 0.003 -24"><span class='ocrx_word' id='word_1_14' title='bbox 2153 494 2448 560; x_wconf 74' lang='lat' dir='ltr'><strong>Iovsizou;.</strong></span> <span class='ocrx_word' id='word_1_15' title='bbox 2489 517 2508 549; x_wconf 80' lang='grc' dir='ltr'><strong>ι</strong></span> <span class='ocrx_word' id='word_1_16' title='bbox 2547 500 2617 552; x_wconf 87' lang='grc' dir='ltr'><strong>Ἦ</strong></span> <span class='ocrx_word' id='word_1_17' title='bbox 2655 497 2965 569; x_wconf 75' lang='grc' dir='ltr'><strong>οἰκονομίαν</strong></span> <span class='ocrx_word' id='word_1_18' title='bbox 2994 497 3150 557; x_wconf 82' lang='grc' dir='ltr'>Θεοῦ.</span> <span class='ocrx_word' id='word_1_19' title='bbox 3186 518 3209 551; x_wconf 68' lang='grc' dir='ltr'><strong>ι</strong></span> <span class='ocrx_word' id='word_1_20' title='bbox 3255 499 3321 553; x_wconf 84' lang='grc' dir='ltr'>Τί</span> <span class='ocrx_word' id='word_1_21' title='bbox 3352 499 3408 552; x_wconf 81' lang='grc' dir='ltr'>δὲ</span> <span class='ocrx_word' id='word_1_22' title='bbox 3440 500 3724 573; x_wconf 70' lang='grc' dir='ltr'>ᾠκονόμη-</span> 
     </span>
    </p>
   </div>
   <div class='ocr_carea' id='block_1_6' title="bbox 475 588 2036 654">
    <p class='ocr_par' dir='ltr' id='par_1_6' title="bbox 475 588 2036 654">
     <span class='ocr_line' id='line_1_6' title="bbox 475 588 2036 654; baseline -0.003 -9"><span class='ocrx_word' id='word_1_23' title='bbox 475 599 624 646; x_wconf 83' lang='lat' dir='ltr'><strong>satas</strong></span> <span class='ocrx_word' id='word_1_24' title='bbox 653 603 717 644; x_wconf 93' lang='lat' dir='ltr'><strong>ac</strong></span> <span class='ocrx_word' id='word_1_25' title='bbox 746 590 1145 645; x_wconf 85' lang='lat' dir='ltr'><strong>contentiosas.</strong></span> <span class='ocrx_word' id='word_1_26' title='bbox 1185 608 1203 640; x_wconf 83' lang='grc' dir='ltr'><strong>ι</strong></span> <span class='ocrx_word' id='word_1_27' title='bbox 1231 590 1405 654; x_wconf 88' lang='lat' dir='ltr'><strong>Quam</strong></span> <span class='ocrx_word' id='word_1_28' title='bbox 1447 589 1541 644; x_wconf 87' lang='lat' dir='ltr'><strong>Dei</strong></span> <span class='ocrx_word' id='word_1_29' title='bbox 1560 588 1986 644; x_wconf 84' lang='lat' dir='ltr'><strong>ordinationem.</strong></span> <span class='ocrx_word' id='word_1_30' title='bbox 2018 606 2036 640; x_wconf 76' lang='grc' dir='ltr'><strong>ι</strong></span> 
     </span>
    </p>
   </div>
   <div class='ocr_carea' id='block_1_7' title="bbox 473 679 2043 749">
    <p class='ocr_par' dir='ltr' id='par_1_7' title="bbox 473 679 2043 749">
     <span class='ocr_line' id='line_1_7' title="bbox 473 679 2043 749; baseline -0.004 -14"><span class='ocrx_word' id='word_1_31' title='bbox 473 683 615 749; x_wconf 85' lang='lat' dir='ltr'><strong>Quid</strong></span> <span class='ocrx_word' id='word_1_32' title='bbox 652 691 833 736; x_wconf 89' lang='lat' dir='ltr'><strong>autem</strong></span> <span class='ocrx_word' id='word_1_33' title='bbox 890 680 1169 736; x_wconf 79' lang='lat' dir='ltr'><strong>ordinavit</strong></span> <span class='ocrx_word' id='word_1_34' title='bbox 1209 679 1388 735; x_wconf 82' lang='lat' dir='ltr'><strong>Deus?</strong></span> <span class='ocrx_word' id='word_1_35' title='bbox 1434 688 1495 734; x_wconf 89' lang='lat' dir='ltr'><strong>ut</strong></span> <span class='ocrx_word' id='word_1_36' title='bbox 1525 696 1646 749; x_wconf 78' lang='lat' dir='ltr'><strong>qua:</strong></span> <span class='ocrx_word' id='word_1_37' title='bbox 1679 680 1853 749; x_wconf 84' lang='lat' dir='ltr'><strong>ipsius</strong></span> <span class='ocrx_word' id='word_1_38' title='bbox 1891 687 2043 741; x_wconf 90' lang='lat' dir='ltr'><strong>sunt,</strong></span> 
     </span>
    </p>
   </div>
   <div class='ocr_carea' id='block_1_8' title="bbox 473 769 2041 842">
    <p class='ocr_par' dir='ltr' id='par_1_8' title="bbox 473 769 2041 842">
     <span class='ocr_line' id='line_1_8' title="bbox 473 769 2041 842; baseline -0.005 -13"><span class='ocrx_word' id='word_1_39' title='bbox 473 775 580 831; x_wconf 87' lang='lat' dir='ltr'><strong>tide</strong></span> <span class='ocrx_word' id='word_1_40' title='bbox 619 774 994 842; x_wconf 80' lang='lat' dir='ltr'><strong>suscipiantur</strong></span> <span class='ocrx_word' id='word_1_41' title='bbox 1025 789 1038 824; x_wconf 89' lang='lat'><strong>:</strong></span> <span class='ocrx_word' id='word_1_42' title='bbox 1104 780 1233 825; x_wconf 88' lang='lat' dir='ltr'><strong>sunt</strong></span> <span class='ocrx_word' id='word_1_43' title='bbox 1266 772 1409 826; x_wconf 91' lang='lat' dir='ltr'><strong>enim</strong></span> <span class='ocrx_word' id='word_1_44' title='bbox 1442 769 2041 840; x_wconf 80' lang='lat' dir='ltr'><strong>incomprehensibilia.</strong></span> 
     </span>
    </p>
   </div>
   <div class='ocr_carea' id='block_1_9' title="bbox 468 861 2045 934">
    <p class='ocr_par' dir='ltr' id='par_1_9' title="bbox 468 861 2045 934">
     <span class='ocr_line' id='line_1_9' title="bbox 468 861 2045 934; baseline -0.003 -14"><span class='ocrx_word' id='word_1_45' title='bbox 468 865 576 921; x_wconf 83' lang='lat' dir='ltr'><strong>Per</strong></span> <span class='ocrx_word' id='word_1_46' title='bbox 612 868 716 922; x_wconf 89' lang='lat' dir='ltr'><strong>hoc</strong></span> <span class='ocrx_word' id='word_1_47' title='bbox 761 872 943 920; x_wconf 82' lang='lat' dir='ltr'><strong>autem</strong></span> <span class='ocrx_word' id='word_1_48' title='bbox 978 863 1124 934; x_wconf 72' lang='lat' dir='ltr'><strong>quod</strong></span> <span class='ocrx_word' id='word_1_49' title='bbox 1173 863 1416 918; x_wconf 75' lang='lat' dir='ltr'><strong>rationes</strong></span> <span class='ocrx_word' id='word_1_50' title='bbox 1443 877 1506 917; x_wconf 90' lang='lat' dir='ltr'><strong>ac</strong></span> <span class='ocrx_word' id='word_1_51' title='bbox 1542 861 2045 917; x_wconf 72' lang='lat' dir='ltr'><strong>demonstrationes</strong></span> 
     </span>
    </p>
   </div>
   <div class='ocr_carea' id='block_1_10' title="bbox 470 954 2043 1030">
    <p class='ocr_par' dir='ltr' id='par_1_10' title="bbox 470 954 2043 1030">
     <span class='ocr_line' id='line_1_10' title="bbox 470 954 2043 1030; baseline -0.003 -17"><span class='ocrx_word' id='word_1_52' title='bbox 470 961 540 1013; x_wconf 82' lang='lat' dir='ltr'><strong>de</strong></span> <span class='ocrx_word' id='word_1_53' title='bbox 580 973 913 1030; x_wconf 85' lang='lat' dir='ltr'><strong>unoquoque</strong></span> <span class='ocrx_word' id='word_1_54' title='bbox 953 956 1237 1026; x_wconf 89' lang='lat' dir='ltr'><strong>requirnnt</strong></span> <span class='ocrx_word' id='word_1_55' title='bbox 1270 957 1418 1025; x_wconf 90' lang='lat' dir='ltr'><strong>(nam</strong></span> <span class='ocrx_word' id='word_1_56' title='bbox 1452 957 1560 1010; x_wconf 78' lang='lat' dir='ltr'><strong>illae</strong></span> <span class='ocrx_word' id='word_1_57' title='bbox 1598 963 1727 1011; x_wconf 88' lang='lat' dir='ltr'><strong>sunt</strong></span> <span class='ocrx_word' id='word_1_58' title='bbox 1783 954 2043 1024; x_wconf 72' lang='lat' dir='ltr'><strong>qutustio-</strong></span> 
     </span>
    </p>
   </div>
   <div class='ocr_carea' id='block_1_11' title="bbox 473 1046 1416 1118">
    <p class='ocr_par' dir='ltr' id='par_1_11' title="bbox 473 1046 1416 1118">
     <span class='ocr_line' id='line_1_11' title="bbox 473 1046 1416 1118; baseline -0.002 -13"><span class='ocrx_word' id='word_1_59' title='bbox 473 1049 594 1116; x_wconf 78' lang='lat' dir='ltr'><strong>nes)</strong></span> <span class='ocrx_word' id='word_1_60' title='bbox 632 1050 726 1105; x_wconf 85' lang='lat' dir='ltr'><strong>Dei</strong></span> <span class='ocrx_word' id='word_1_61' title='bbox 756 1051 1016 1105; x_wconf 87' lang='lat' dir='ltr'><strong>resistunt</strong></span> <span class='ocrx_word' id='word_1_62' title='bbox 1046 1046 1416 1118; x_wconf 79' lang='lat' dir='ltr'><strong>dispositioni.</strong></span> 
     </span>
    </p>
   </div>
   <div class='ocr_carea' id='block_1_12' title="bbox 544 1140 2044 1209">
    <p class='ocr_par' dir='ltr' id='par_1_12' title="bbox 544 1140 2044 1209">
     <span class='ocr_line' id='line_1_12' title="bbox 544 1140 2044 1209; baseline -0.005 -14"><span class='ocrx_word' id='word_1_63' title='bbox 544 1143 599 1208; x_wconf 87' lang='grc' dir='ltr'>Ι,</span> <span class='ocrx_word' id='word_1_64' title='bbox 628 1141 750 1196; x_wconf 81' lang='lat'><strong>5-7.</strong></span> <span class='ocrx_word' id='word_1_65' title='bbox 785 1141 955 1196; x_wconf 85' lang='lat' dir='ltr'><strong>Porro</strong></span> <span class='ocrx_word' id='word_1_66' title='bbox 986 1141 1109 1209; x_wconf 80' lang='lat' dir='ltr'><strong>ﬁnis</strong></span> <span class='ocrx_word' id='word_1_67' title='bbox 1156 1141 1406 1209; x_wconf 64' lang='lat' dir='ltr'><strong>praerepti</strong></span> <span class='ocrx_word' id='word_1_68' title='bbox 1429 1149 1509 1194; x_wconf 85' lang='lat' dir='ltr'><strong>est</strong></span> <span class='ocrx_word' id='word_1_69' title='bbox 1538 1140 1775 1194; x_wconf 75' lang='lat' dir='ltr'><strong>clraritas</strong></span> <span class='ocrx_word' id='word_1_70' title='bbox 1814 1154 1877 1193; x_wconf 79' lang='lat' dir='ltr'><strong>ex</strong></span> <span class='ocrx_word' id='word_1_71' title='bbox 1912 1152 2044 1207; x_wconf 83' lang='lat' dir='ltr'><strong>puro</strong></span> 
     </span>
    </p>
   </div>
   <div class='ocr_carea' id='block_1_13' title="bbox 471 1231 2042 1302">
    <p class='ocr_par' dir='ltr' id='par_1_13' title="bbox 471 1231 2042 1302">
     <span class='ocr_line' id='line_1_13' title="bbox 471 1231 2042 1302; baseline -0.004 -15"><span class='ocrx_word' id='word_1_72' title='bbox 471 1235 629 1287; x_wconf 86' lang='lat' dir='ltr'><strong>corde</strong></span> <span class='ocrx_word' id='word_1_73' title='bbox 679 1242 727 1287; x_wconf 85' lang='lat' dir='ltr'><strong>et</strong></span> <span class='ocrx_word' id='word_1_74' title='bbox 778 1232 1102 1286; x_wconf 83' lang='lat' dir='ltr'><strong>conscientia</strong></span> <span class='ocrx_word' id='word_1_75' title='bbox 1145 1232 1277 1286; x_wconf 87' lang='lat' dir='ltr'><strong>bona</strong></span> <span class='ocrx_word' id='word_1_76' title='bbox 1331 1248 1393 1285; x_wconf 86' lang='lat' dir='ltr'><strong>ac</strong></span> <span class='ocrx_word' id='word_1_77' title='bbox 1428 1233 1528 1302; x_wconf 76' lang='lat' dir='ltr'><strong>[ide</strong></span> <span class='ocrx_word' id='word_1_78' title='bbox 1556 1249 1659 1286; x_wconf 87' lang='lat' dir='ltr'><strong>non</strong></span> <span class='ocrx_word' id='word_1_79' title='bbox 1692 1231 1965 1286; x_wconf 80' lang='lat' dir='ltr'><strong>simulata.</strong></span> <span class='ocrx_word' id='word_1_80' title='bbox 1999 1231 2042 1281; x_wconf 70' lang='grc' dir='ltr'><strong><em>Α</em></strong></span> 
     </span>
    </p>
   </div>
   <div class='ocr_carea' id='block_1_14' title="bbox 472 1325 2046 1395">
    <p class='ocr_par' dir='ltr' id='par_1_14' title="bbox 472 1325 2046 1395">
     <span class='ocr_line' id='line_1_14' title="bbox 472 1325 2046 1395; baseline 0.003 -17"><span class='ocrx_word' id='word_1_81' title='bbox 472 1327 661 1394; x_wconf 78' lang='lat' dir='ltr'><strong>quibus</strong></span> <span class='ocrx_word' id='word_1_82' title='bbox 707 1325 948 1379; x_wconf 79' lang='lat' dir='ltr'><strong>nonnulli</strong></span> <span class='ocrx_word' id='word_1_83' title='bbox 1003 1326 1308 1379; x_wconf 80' lang='lat' dir='ltr'><strong>aberrantes</strong></span> <span class='ocrx_word' id='word_1_84' title='bbox 1363 1326 1686 1395; x_wconf 77' lang='lat' dir='ltr'><strong>tle/lexeram</strong></span> <span class='ocrx_word' id='word_1_85' title='bbox 1723 1329 1792 1379; x_wconf 86' lang='lat' dir='ltr'><strong>ad</strong></span> <span class='ocrx_word' id='word_1_86' title='bbox 1845 1329 2046 1382; x_wconf 75' lang='lat' dir='ltr'><strong>vanilo-</strong></span> 
     </span>
    </p>
   </div>
   <div class='ocr_carea' id='block_1_15' title="bbox 470 1418 2044 1489">
    <p class='ocr_par' dir='ltr' id='par_1_15' title="bbox 470 1418 2044 1489">
     <span class='ocr_line' id='line_1_15' title="bbox 470 1418 2044 1489; baseline 0.001 -16"><span class='ocrx_word' id='word_1_87' title='bbox 470 1420 675 1484; x_wconf 75' lang='lat' dir='ltr'><strong>quium,</strong></span> <span class='ocrx_word' id='word_1_88' title='bbox 706 1419 934 1472; x_wconf 82' lang='lat' dir='ltr'><strong>volentes</strong></span> <span class='ocrx_word' id='word_1_89' title='bbox 960 1434 1071 1471; x_wconf 80' lang='lat' dir='ltr'><strong>esse</strong></span> <span class='ocrx_word' id='word_1_90' title='bbox 1103 1418 1229 1488; x_wconf 81' lang='lat' dir='ltr'><strong>legis</strong></span> <span class='ocrx_word' id='word_1_91' title='bbox 1254 1419 1516 1483; x_wconf 81' lang='lat' dir='ltr'><strong>doctores,</strong></span> <span class='ocrx_word' id='word_1_92' title='bbox 1552 1435 1653 1472; x_wconf 87' lang='lat' dir='ltr'><strong>non</strong></span> <span class='ocrx_word' id='word_1_93' title='bbox 1698 1419 2044 1489; x_wconf 70' lang='lat' dir='ltr'><strong>intelligente:</strong></span> 
     </span>
    </p>
   </div>
   <div class='ocr_carea' id='block_1_16' title="bbox 469 1505 1917 1577">
    <p class='ocr_par' dir='ltr' id='par_1_16' title="bbox 469 1505 1917 1577">
     <span class='ocr_line' id='line_1_16' title="bbox 469 1505 1917 1577; baseline 0.002 -17"><span class='ocrx_word' id='word_1_94' title='bbox 469 1522 632 1576; x_wconf 79' lang='lat' dir='ltr'><strong>neque</strong></span> <span class='ocrx_word' id='word_1_95' title='bbox 656 1505 1113 1577; x_wconf 12' lang='lat' dir='ltr'><strong>qttalloquuntur,</strong></span> <span class='ocrx_word' id='word_1_96' title='bbox 1141 1523 1302 1576; x_wconf 74' lang='lat' dir='ltr'><strong>neque</strong></span> <span class='ocrx_word' id='word_1_97' title='bbox 1320 1507 1389 1561; x_wconf 80' lang='lat' dir='ltr'><strong>de</strong></span> <span class='ocrx_word' id='word_1_98' title='bbox 1417 1508 1603 1577; x_wconf 80' lang='lat' dir='ltr'><strong>quibus</strong></span> <span class='ocrx_word' id='word_1_99' title='bbox 1634 1509 1917 1577; x_wconf 73' lang='lat' dir='ltr'><strong>afﬁrmant.</strong></span> 
     </span>
    </p>
   </div>
   <div class='ocr_carea' id='block_1_17' title="bbox 540 1690 2043 1758">
    <p class='ocr_par' dir='ltr' id='par_1_17' title="bbox 540 1690 2043 1758">
     <span class='ocr_line' id='line_1_17' title="bbox 540 1690 2043 1758; baseline 0.006 -16"><span class='ocrx_word' id='word_1_100' title='bbox 540 1690 699 1757; x_wconf 81' lang='lat' dir='ltr'><strong>Quod</strong></span> <span class='ocrx_word' id='word_1_101' title='bbox 751 1692 795 1746; x_wconf 91' lang='lat' dir='ltr'><strong>si</strong></span> <span class='ocrx_word' id='word_1_102' title='bbox 834 1690 959 1746; x_wconf 65' lang='lat' dir='ltr'><strong>haec</strong></span> <span class='ocrx_word' id='word_1_103' title='bbox 995 1690 1160 1758; x_wconf 85' lang='lat' dir='ltr'><strong>adsit,</strong></span> <span class='ocrx_word' id='word_1_104' title='bbox 1193 1692 1358 1747; x_wconf 82' lang='lat' dir='ltr'><strong>etiam</strong></span> <span class='ocrx_word' id='word_1_105' title='bbox 1392 1693 1699 1749; x_wconf 83' lang='lat' dir='ltr'><strong>cessabunt</strong></span> <span class='ocrx_word' id='word_1_106' title='bbox 1745 1694 1939 1751; x_wconf 88' lang='lat' dir='ltr'><strong>alienis</strong></span> <span class='ocrx_word' id='word_1_107' title='bbox 1970 1705 2043 1752; x_wconf 77' lang='lat' dir='ltr'><strong>uti</strong></span> 
     </span>
    </p>
   </div>
   <div class='ocr_carea' id='block_1_18' title="bbox 471 1778 2043 1852">
    <p class='ocr_par' dir='ltr' id='par_1_18' title="bbox 471 1778 2043 1852">
     <span class='ocr_line' id='line_1_18' title="bbox 471 1778 2043 1852; baseline 0.006 -23"><span class='ocrx_word' id='word_1_108' title='bbox 471 1779 927 1848; x_wconf 69' lang='lat' dir='ltr'><strong>praeceptoribus.</strong></span> <span class='ocrx_word' id='word_1_109' title='bbox 981 1778 1301 1845; x_wconf 85' lang='lat' dir='ltr'><strong>Quomodo?</strong></span> <span class='ocrx_word' id='word_1_110' title='bbox 1332 1780 1470 1845; x_wconf 82' lang='lat' dir='ltr'><strong>Quia</strong></span> <span class='ocrx_word' id='word_1_111' title='bbox 1516 1796 1582 1835; x_wconf 78' lang='lat' dir='ltr'><strong>ex</strong></span> <span class='ocrx_word' id='word_1_112' title='bbox 1632 1796 1699 1837; x_wconf 89' lang='lat' dir='ltr'><strong>eo</strong></span> <span class='ocrx_word' id='word_1_113' title='bbox 1737 1788 1880 1852; x_wconf 85' lang='lat' dir='ltr'><strong>quod</strong></span> <span class='ocrx_word' id='word_1_114' title='bbox 1939 1800 2043 1838; x_wconf 90' lang='lat' dir='ltr'><strong>nou</strong></span> 
     </span>
    </p>
   </div>
   <div class='ocr_carea' id='block_1_19' title="bbox 473 1854 2120 1943">
    <p class='ocr_par' dir='ltr' id='par_1_19' title="bbox 473 1854 2120 1943">
     <span class='ocr_line' id='line_1_19' title="bbox 473 1854 2120 1943; baseline -0.001 -20"><span class='ocrx_word' id='word_1_115' title='bbox 473 1878 681 1935; x_wconf 86' lang='lat' dir='ltr'><strong>amant,</strong></span> <span class='ocrx_word' id='word_1_116' title='bbox 721 1868 926 1923; x_wconf 81' lang='lat' dir='ltr'><strong>invidia</strong></span> <span class='ocrx_word' id='word_1_117' title='bbox 958 1871 1010 1923; x_wconf 91' lang='lat' dir='ltr'><strong>in</strong></span> <span class='ocrx_word' id='word_1_118' title='bbox 1035 1871 1302 1939; x_wconf 70' lang='lat' dir='ltr'><strong>quosdam</strong></span> <span class='ocrx_word' id='word_1_119' title='bbox 1328 1870 1633 1938; x_wconf 73' lang='lat' dir='ltr'><strong>ingreditur</strong></span> <span class='ocrx_word' id='word_1_120' title='bbox 1655 1886 1781 1941; x_wconf 77' lang='lat' dir='ltr'><strong>erga</strong></span> <span class='ocrx_word' id='word_1_121' title='bbox 1809 1888 2045 1943; x_wconf 67' lang='lat' dir='ltr'><strong>prmcop-</strong></span> <span class='ocrx_word' id='word_1_122' title='bbox 2078 1854 2120 1908; x_wconf 75' lang='grc' dir='ltr'><strong>Β</strong></span> 
     </span>
    </p>
   </div>
   <div class='ocr_carea' id='block_1_20' title="bbox 471 1964 2045 2032">
    <p class='ocr_par' dir='ltr' id='par_1_20' title="bbox 471 1964 2045 2032">
     <span class='ocr_line' id='line_1_20' title="bbox 471 1964 2045 2032; baseline 0.002 -13"><span class='ocrx_word' id='word_1_123' title='bbox 471 1973 643 2029; x_wconf 78' lang='lat' dir='ltr'><strong>tores,</strong></span> <span class='ocrx_word' id='word_1_124' title='bbox 676 1980 745 2021; x_wconf 83' lang='lat' dir='ltr'><strong>ne</strong></span> <span class='ocrx_word' id='word_1_125' title='bbox 778 1964 952 2019; x_wconf 81' lang='lat' dir='ltr'><strong>velint</strong></span> <span class='ocrx_word' id='word_1_126' title='bbox 994 1978 1090 2019; x_wconf 90' lang='lat' dir='ltr'><strong>eos</strong></span> <span class='ocrx_word' id='word_1_127' title='bbox 1134 1979 1258 2019; x_wconf 89' lang='lat' dir='ltr'><strong>esse</strong></span> <span class='ocrx_word' id='word_1_128' title='bbox 1295 1971 1676 2032; x_wconf 64' lang='lat' dir='ltr'><strong>praeceptores,</strong></span> <span class='ocrx_word' id='word_1_129' title='bbox 1712 1973 1767 2019; x_wconf 92' lang='lat' dir='ltr'><strong>ct</strong></span> <span class='ocrx_word' id='word_1_130' title='bbox 1814 1981 1878 2020; x_wconf 85' lang='lat' dir='ltr'><strong>ex</strong></span> <span class='ocrx_word' id='word_1_131' title='bbox 1941 1967 2045 2023; x_wconf 88' lang='lat' dir='ltr'><strong>hoc</strong></span> 
     </span>
    </p>
   </div>
   <div class='ocr_carea' id='block_1_21' title="bbox 474 2053 2043 2123">
    <p class='ocr_par' dir='ltr' id='par_1_21' title="bbox 474 2053 2043 2123">
     <span class='ocr_line' id='line_1_21' title="bbox 474 2053 2043 2123; baseline 0.003 -16"><span class='ocrx_word' id='word_1_132' title='bbox 474 2064 876 2123; x_wconf 83' lang='lat' dir='ltr'><strong>consequenter</strong></span> <span class='ocrx_word' id='word_1_133' title='bbox 930 2053 1124 2108; x_wconf 86' lang='lat' dir='ltr'><strong>alienis</strong></span> <span class='ocrx_word' id='word_1_134' title='bbox 1155 2062 1387 2109; x_wconf 90' lang='lat' dir='ltr'><strong>utuntur</strong></span> <span class='ocrx_word' id='word_1_135' title='bbox 1413 2056 1863 2123; x_wconf 63' lang='lat' dir='ltr'><strong>praeceptoribus.</strong></span> <span class='ocrx_word' id='word_1_136' title='bbox 1905 2075 1924 2108; x_wconf 83' lang='grc' dir='ltr'><strong>ι</strong></span> <span class='ocrx_word' id='word_1_137' title='bbox 1969 2056 2043 2112; x_wconf 81' lang='lat' dir='ltr'><strong>Ex</strong></span> 
     </span>
    </p>
   </div>
   <div class='ocr_carea' id='block_1_22' title="bbox 472 2145 2045 2218">
    <p class='ocr_par' dir='ltr' id='par_1_22' title="bbox 472 2145 2045 2218">
     <span class='ocr_line' id='line_1_22' title="bbox 472 2145 2045 2218; baseline 0.004 -19"><span class='ocrx_word' id='word_1_138' title='bbox 472 2162 609 2215; x_wconf 88' lang='lat' dir='ltr'><strong>puro</strong></span> <span class='ocrx_word' id='word_1_139' title='bbox 633 2148 817 2201; x_wconf 83' lang='lat' dir='ltr'><strong>corde.</strong></span> <span class='ocrx_word' id='word_1_140' title='bbox 846 2164 865 2197; x_wconf 71' lang='grc' dir='ltr'><strong>ι</strong></span> <span class='ocrx_word' id='word_1_141' title='bbox 898 2145 1179 2215; x_wconf 79' lang='lat' dir='ltr'><strong>Coutingit</strong></span> <span class='ocrx_word' id='word_1_142' title='bbox 1212 2146 1358 2201; x_wconf 90' lang='lat' dir='ltr'><strong>enim</strong></span> <span class='ocrx_word' id='word_1_143' title='bbox 1406 2154 1461 2201; x_wconf 87' lang='lat' dir='ltr'><strong>et</strong></span> <span class='ocrx_word' id='word_1_144' title='bbox 1512 2162 1577 2201; x_wconf 74' lang='lat' dir='ltr'><strong>ex</strong></span> <span class='ocrx_word' id='word_1_145' title='bbox 1634 2149 1849 2218; x_wconf 82' lang='lat' dir='ltr'><strong>impuro</strong></span> <span class='ocrx_word' id='word_1_146' title='bbox 1880 2149 2045 2205; x_wconf 81' lang='lat' dir='ltr'><strong>corde</strong></span> 
     </span>
    </p>
   </div>
   <div class='ocr_carea' id='block_1_23' title="bbox 473 2235 2041 2307">
    <p class='ocr_par' dir='ltr' id='par_1_23' title="bbox 473 2235 2041 2307">
     <span class='ocr_line' id='line_1_23' title="bbox 473 2235 2041 2307; baseline 0.002 -16"><span class='ocrx_word' id='word_1_147' title='bbox 473 2238 720 2307; x_wconf 71' lang='lat' dir='ltr'><strong>diligere,</strong></span> <span class='ocrx_word' id='word_1_148' title='bbox 749 2244 806 2289; x_wconf 89' lang='lat' dir='ltr'><strong>ut</strong></span> <span class='ocrx_word' id='word_1_149' title='bbox 838 2247 918 2291; x_wconf 87' lang='lat' dir='ltr'><strong>est</strong></span> <span class='ocrx_word' id='word_1_150' title='bbox 958 2236 1012 2290; x_wconf 89' lang='lat' dir='ltr'><strong>iu</strong></span> <span class='ocrx_word' id='word_1_151' title='bbox 1046 2235 1341 2291; x_wconf 82' lang='lat' dir='ltr'><strong>dilectione</strong></span> <span class='ocrx_word' id='word_1_152' title='bbox 1386 2236 1657 2292; x_wconf 81' lang='lat' dir='ltr'><strong>latronum</strong></span> <span class='ocrx_word' id='word_1_153' title='bbox 1689 2239 1754 2293; x_wconf 85' lang='lat' dir='ltr'><strong>ad</strong></span> <span class='ocrx_word' id='word_1_154' title='bbox 1781 2240 2041 2296; x_wconf 85' lang='lat' dir='ltr'><strong>latrones.</strong></span> 
     </span>
    </p>
   </div>
   <div class='ocr_carea' id='block_1_24' title="bbox 471 2326 2042 2398">
    <p class='ocr_par' dir='ltr' id='par_1_24' title="bbox 471 2326 2042 2398">
     <span class='ocr_line' id='line_1_24' title="bbox 471 2326 2042 2398; baseline 0.004 -17"><span class='ocrx_word' id='word_1_155' title='bbox 471 2327 549 2381; x_wconf 81' lang='lat' dir='ltr'><strong>Ex</strong></span> <span class='ocrx_word' id='word_1_156' title='bbox 585 2340 721 2396; x_wconf 87' lang='lat' dir='ltr'><strong>puro</strong></span> <span class='ocrx_word' id='word_1_157' title='bbox 752 2326 939 2391; x_wconf 88' lang='lat' dir='ltr'><strong>corde,</strong></span> <span class='ocrx_word' id='word_1_158' title='bbox 972 2336 1031 2378; x_wconf 90' lang='lat' dir='ltr'><strong>ut</strong></span> <span class='ocrx_word' id='word_1_159' title='bbox 1055 2334 1110 2380; x_wconf 88' lang='lat' dir='ltr'><strong>et</strong></span> <span class='ocrx_word' id='word_1_160' title='bbox 1141 2327 1462 2396; x_wconf 76' lang='lat' dir='ltr'><strong>perfectam,</strong></span> <span class='ocrx_word' id='word_1_161' title='bbox 1486 2327 1686 2398; x_wconf 85' lang='lat' dir='ltr'><strong>inquit,</strong></span> <span class='ocrx_word' id='word_1_162' title='bbox 1719 2331 2042 2387; x_wconf 88' lang='lat' dir='ltr'><strong>charitatctn</strong></span> 
     </span>
    </p>
   </div>
   <div class='ocr_carea' id='block_1_25' title="bbox 472 2417 2045 2497">
    <p class='ocr_par' dir='ltr' id='par_1_25' title="bbox 472 2417 2045 2497">
     <span class='ocr_line' id='line_1_25' title="bbox 472 2417 2045 2497; baseline 0.003 -22"><span class='ocrx_word' id='word_1_163' title='bbox 472 2420 610 2490; x_wconf 78' lang='lat' dir='ltr'><strong>ipsis</strong></span> <span class='ocrx_word' id='word_1_164' title='bbox 634 2420 947 2497; x_wconf 70' lang='lat' dir='ltr'><strong>prrecipias.</strong></span> <span class='ocrx_word' id='word_1_165' title='bbox 1004 2417 1286 2493; x_wconf 63' lang='lat' dir='ltr'><strong>Siquidem</strong></span> <span class='ocrx_word' id='word_1_166' title='bbox 1320 2435 1443 2490; x_wconf 74' lang='lat' dir='ltr'><strong>quae</strong></span> <span class='ocrx_word' id='word_1_167' title='bbox 1476 2422 1647 2490; x_wconf 69' lang='lat' dir='ltr'><strong>magis</strong></span> <span class='ocrx_word' id='word_1_168' title='bbox 1704 2425 1883 2493; x_wconf 79' lang='lat' dir='ltr'><strong>capita</strong></span> <span class='ocrx_word' id='word_1_169' title='bbox 1914 2433 2045 2480; x_wconf 83' lang='lat' dir='ltr'><strong>sunt</strong></span> 
     </span>
    </p>
   </div>
   <div class='ocr_carea' id='block_1_26' title="bbox 471 2512 2043 2588">
    <p class='ocr_par' dir='ltr' id='par_1_26' title="bbox 471 2512 2043 2588">
     <span class='ocr_line' id='line_1_26' title="bbox 471 2512 2043 2588; baseline 0.004 -21"><span class='ocrx_word' id='word_1_170' title='bbox 471 2528 809 2576; x_wconf 84' lang='lat' dir='ltr'><strong>sermonum,</strong></span> <span class='ocrx_word' id='word_1_171' title='bbox 846 2513 900 2567; x_wconf 91' lang='lat' dir='ltr'><strong>in</strong></span> <span class='ocrx_word' id='word_1_172' title='bbox 943 2512 1171 2568; x_wconf 79' lang='lat' dir='ltr'><strong>exordio</strong></span> <span class='ocrx_word' id='word_1_173' title='bbox 1216 2522 1272 2567; x_wconf 89' lang='lat' dir='ltr'><strong>et</strong></span> <span class='ocrx_word' id='word_1_174' title='bbox 1317 2514 1372 2568; x_wconf 89' lang='lat' dir='ltr'><strong>in</strong></span> <span class='ocrx_word' id='word_1_175' title='bbox 1427 2514 1533 2568; x_wconf 82' lang='lat' dir='ltr'><strong>line</strong></span> <span class='ocrx_word' id='word_1_176' title='bbox 1589 2513 1833 2571; x_wconf 80' lang='lat' dir='ltr'><strong>referunt</strong></span> <span class='ocrx_word' id='word_1_177' title='bbox 1870 2518 1925 2572; x_wconf 86' lang='lat' dir='ltr'><strong>hi</strong></span> <span class='ocrx_word' id='word_1_178' title='bbox 1951 2519 2043 2588; x_wconf 89' lang='lat' dir='ltr'><strong>qui</strong></span> 
     </span>
    </p>
   </div>
   <div class='ocr_carea' id='block_1_27' title="bbox 472 2600 2042 2671">
    <p class='ocr_par' dir='ltr' id='par_1_27' title="bbox 472 2600 2042 2671">
     <span class='ocr_line' id='line_1_27' title="bbox 472 2600 2042 2671; baseline 0.006 -19"><span class='ocrx_word' id='word_1_179' title='bbox 472 2600 813 2668; x_wconf 69' lang='lat' dir='ltr'><strong>praecipiunt,</strong></span> <span class='ocrx_word' id='word_1_180' title='bbox 867 2600 1125 2669; x_wconf 65' lang='lat' dir='ltr'><strong>juvandaa</strong></span> <span class='ocrx_word' id='word_1_181' title='bbox 1162 2601 1438 2656; x_wconf 70' lang='lat' dir='ltr'><strong>memoria:</strong></span> <span class='ocrx_word' id='word_1_182' title='bbox 1475 2603 1671 2671; x_wconf 71' lang='lat' dir='ltr'><strong>gratia.</strong></span> <span class='ocrx_word' id='word_1_183' title='bbox 1708 2622 1728 2654; x_wconf 80' lang='grc' dir='ltr'><strong>ι</strong></span> <span class='ocrx_word' id='word_1_184' title='bbox 1773 2603 1838 2657; x_wconf 88' lang='grc' dir='ltr'>Ει</span> <span class='ocrx_word' id='word_1_185' title='bbox 1877 2619 2042 2661; x_wconf 90' lang='lat' dir='ltr'><strong>cons-</strong></span> 
     </span>
    </p>
   </div>
   <div class='ocr_carea' id='block_1_28' title="bbox 472 2690 2043 2766">
    <p class='ocr_par' dir='ltr' id='par_1_28' title="bbox 472 2690 2043 2766">
     <span class='ocr_line' id='line_1_28' title="bbox 472 2690 2043 2766; baseline 0.004 -22"><span class='ocrx_word' id='word_1_186' title='bbox 472 2691 673 2744; x_wconf 89' lang='lat' dir='ltr'><strong>cientia</strong></span> <span class='ocrx_word' id='word_1_187' title='bbox 726 2690 887 2745; x_wconf 90' lang='lat' dir='ltr'><strong>bona.</strong></span> <span class='ocrx_word' id='word_1_188' title='bbox 927 2710 946 2742; x_wconf 79' lang='grc' dir='ltr'><strong>ι</strong></span> <span class='ocrx_word' id='word_1_189' title='bbox 998 2691 1116 2746; x_wconf 83' lang='grc' dir='ltr'>Νοιι</span> <span class='ocrx_word' id='word_1_190' title='bbox 1176 2706 1320 2759; x_wconf 86' lang='lat' dir='ltr'><strong>eam,</strong></span> <span class='ocrx_word' id='word_1_191' title='bbox 1376 2694 1599 2763; x_wconf 89' lang='lat' dir='ltr'><strong>inquit,</strong></span> <span class='ocrx_word' id='word_1_192' title='bbox 1651 2695 1870 2764; x_wconf 88' lang='lat' dir='ltr'><strong>requiro</strong></span> <span class='ocrx_word' id='word_1_193' title='bbox 1923 2712 2043 2766; x_wconf 72' lang='lat' dir='ltr'><strong>quae</strong></span> 
     </span>
    </p>
   </div>
   <div class='ocr_carea' id='block_1_29' title="bbox 471 2781 2042 2856">
    <p class='ocr_par' dir='ltr' id='par_1_29' title="bbox 471 2781 2042 2856">
     <span class='ocr_line' id='line_1_29' title="bbox 471 2781 2042 2856; baseline 0.006 -21"><span class='ocrx_word' id='word_1_194' title='bbox 471 2782 740 2835; x_wconf 79' lang='lat' dir='ltr'><strong>duntaxat</strong></span> <span class='ocrx_word' id='word_1_195' title='bbox 772 2781 839 2835; x_wconf 90' lang='lat' dir='ltr'><strong>ad</strong></span> <span class='ocrx_word' id='word_1_196' title='bbox 885 2782 1050 2836; x_wconf 86' lang='lat' dir='ltr'><strong>verba</strong></span> <span class='ocrx_word' id='word_1_197' title='bbox 1090 2797 1264 2853; x_wconf 89' lang='lat' dir='ltr'><strong>usque</strong></span> <span class='ocrx_word' id='word_1_198' title='bbox 1309 2786 1673 2854; x_wconf 86' lang='lat' dir='ltr'><strong>protenditur,</strong></span> <span class='ocrx_word' id='word_1_199' title='bbox 1703 2787 1880 2856; x_wconf 87' lang='lat' dir='ltr'><strong>qualis</strong></span> <span class='ocrx_word' id='word_1_200' title='bbox 1907 2800 1957 2843; x_wconf 91' lang='lat' dir='ltr'><strong>et</strong></span> <span class='ocrx_word' id='word_1_201' title='bbox 1988 2790 2042 2845; x_wconf 87' lang='lat' dir='ltr'><strong>in</strong></span> 
     </span>
    </p>
   </div>
   <div class='ocr_carea' id='block_1_30' title="bbox 473 2873 2044 2950">
    <p class='ocr_par' dir='ltr' id='par_1_30' title="bbox 473 2873 2044 2950">
     <span class='ocr_line' id='line_1_30' title="bbox 473 2873 2044 2950; baseline 0.005 -23"><span class='ocrx_word' id='word_1_202' title='bbox 473 2873 824 2928; x_wconf 85' lang='lat' dir='ltr'><strong>simulatione</strong></span> <span class='ocrx_word' id='word_1_203' title='bbox 854 2890 976 2929; x_wconf 87' lang='lat' dir='ltr'><strong>esse</strong></span> <span class='ocrx_word' id='word_1_204' title='bbox 1000 2884 1200 2945; x_wconf 88' lang='lat' dir='ltr'><strong>potest,</strong></span> <span class='ocrx_word' id='word_1_205' title='bbox 1234 2877 1332 2931; x_wconf 85' lang='lat' dir='ltr'><strong>sed</strong></span> <span class='ocrx_word' id='word_1_206' title='bbox 1363 2877 1510 2930; x_wconf 91' lang='lat' dir='ltr'><strong>illam</strong></span> <span class='ocrx_word' id='word_1_207' title='bbox 1535 2894 1655 2948; x_wconf 73' lang='lat' dir='ltr'><strong>qua:</strong></span> <span class='ocrx_word' id='word_1_208' title='bbox 1679 2895 1708 2932; x_wconf 91' lang='lat' dir='ltr'><strong>a</strong></span> <span class='ocrx_word' id='word_1_209' title='bbox 1736 2882 1898 2935; x_wconf 75' lang='lat' dir='ltr'><strong>corde</strong></span> <span class='ocrx_word' id='word_1_210' title='bbox 1917 2896 2044 2950; x_wconf 83' lang='lat' dir='ltr'><strong>pro-</strong></span> 
     </span>
    </p>
   </div>
   <div class='ocr_carea' id='block_1_31' title="bbox 471 2965 2045 3042">
    <p class='ocr_par' dir='ltr' id='par_1_31' title="bbox 471 2965 2045 3042">
     <span class='ocr_line' id='line_1_31' title="bbox 471 2965 2045 3042; baseline 0.004 -23"><span class='ocrx_word' id='word_1_211' title='bbox 471 2965 637 3028; x_wconf 83' lang='lat' dir='ltr'><strong>cedit.</strong></span> <span class='ocrx_word' id='word_1_212' title='bbox 664 2981 842 3036; x_wconf 91' lang='lat' dir='ltr'><strong>eoque</strong></span> <span class='ocrx_word' id='word_1_213' title='bbox 880 2982 1018 3036; x_wconf 90' lang='lat' dir='ltr'><strong>puro</strong></span> <span class='ocrx_word' id='word_1_214' title='bbox 1052 2985 1067 3022; x_wconf 87' lang='lat'><strong>:</strong></span> <span class='ocrx_word' id='word_1_215' title='bbox 1098 2983 1220 3038; x_wconf 74' lang='lat' dir='ltr'><strong>qua:</strong></span> <span class='ocrx_word' id='word_1_216' title='bbox 1273 2983 1303 3022; x_wconf 87' lang='lat' dir='ltr'><strong>a</strong></span> <span class='ocrx_word' id='word_1_217' title='bbox 1346 2970 1686 3025; x_wconf 86' lang='lat' dir='ltr'><strong>conscientia</strong></span> <span class='ocrx_word' id='word_1_218' title='bbox 1730 2978 1785 3025; x_wconf 86' lang='lat' dir='ltr'><strong>ct</strong></span> <span class='ocrx_word' id='word_1_219' title='bbox 1818 2986 1881 3026; x_wconf 90' lang='lat' dir='ltr'><strong>ea</strong></span> <span class='ocrx_word' id='word_1_220' title='bbox 1923 2987 2045 3042; x_wconf 72' lang='lat' dir='ltr'><strong>qua:</strong></span> 
     </span>
    </p>
   </div>
   <div class='ocr_carea' id='block_1_32' title="bbox 472 3057 2044 3133">
    <p class='ocr_par' dir='ltr' id='par_1_32' title="bbox 472 3057 2044 3133">
     <span class='ocr_line' id='line_1_32' title="bbox 472 3057 2044 3133; baseline 0.003 -18"><span class='ocrx_word' id='word_1_221' title='bbox 472 3057 603 3115; x_wconf 88' lang='lat' dir='ltr'><strong>inde</strong></span> <span class='ocrx_word' id='word_1_222' title='bbox 633 3061 884 3115; x_wconf 88' lang='lat' dir='ltr'><strong>nascitur</strong></span> <span class='ocrx_word' id='word_1_223' title='bbox 912 3061 1268 3132; x_wconf 78' lang='lat' dir='ltr'><strong>cogitatione,</strong></span> <span class='ocrx_word' id='word_1_224' title='bbox 1296 3077 1418 3133; x_wconf 74' lang='lat' dir='ltr'><strong>quae</strong></span> <span class='ocrx_word' id='word_1_225' title='bbox 1445 3063 1562 3118; x_wconf 88' lang='lat' dir='ltr'><strong>sola</strong></span> <span class='ocrx_word' id='word_1_226' title='bbox 1597 3064 1735 3119; x_wconf 86' lang='lat' dir='ltr'><strong>nihil</strong></span> <span class='ocrx_word' id='word_1_227' title='bbox 1767 3065 1930 3121; x_wconf 88' lang='lat' dir='ltr'><strong>habet</strong></span> <span class='ocrx_word' id='word_1_228' title='bbox 1967 3065 2044 3121; x_wconf 82' lang='lat' dir='ltr'><strong>si-</strong></span> 
     </span>
    </p>
   </div>
   <div class='ocr_carea' id='block_1_33' title="bbox 2148 591 3723 667">
    <p class='ocr_par' dir='ltr' id='par_1_33' title="bbox 2148 591 3723 667">
     <span class='ocr_line' id='line_1_33' title="bbox 2148 591 3723 667; baseline 0.001 -24"><span class='ocrx_word' id='word_1_229' title='bbox 2148 607 2239 644; x_wconf 86' lang='grc' dir='ltr'><strong>σεν</strong></span> <span class='ocrx_word' id='word_1_230' title='bbox 2267 594 2294 643; x_wconf 85' lang='grc' dir='ltr'>ὁ</span> <span class='ocrx_word' id='word_1_231' title='bbox 2322 591 2487 655; x_wconf 86' lang='grc' dir='ltr'>Θεός;</span> <span class='ocrx_word' id='word_1_232' title='bbox 2515 591 2588 644; x_wconf 82' lang='grc' dir='ltr'><strong>Τὸ</strong></span> <span class='ocrx_word' id='word_1_233' title='bbox 2613 594 2790 646; x_wconf 83' lang='grc' dir='ltr'>πίστει</span> <span class='ocrx_word' id='word_1_234' title='bbox 2815 594 3062 663; x_wconf 76' lang='grc' dir='ltr'>δέχεσθαι</span> <span class='ocrx_word' id='word_1_235' title='bbox 3085 593 3152 647; x_wconf 75' lang='grc' dir='ltr'>τὰ</span> <span class='ocrx_word' id='word_1_236' title='bbox 3174 594 3338 648; x_wconf 80' lang='grc' dir='ltr'>αὐτοῦ</span> <span class='ocrx_word' id='word_1_237' title='bbox 3371 610 3383 624; x_wconf 86' lang='grc'><strong>·</strong></span> <span class='ocrx_word' id='word_1_238' title='bbox 3439 595 3723 667; x_wconf 71' lang='grc' dir='ltr'>ἀατάλη-</span> 
     </span>
    </p>
   </div>
   <div class='ocr_carea' id='block_1_34' title="bbox 2146 682 3725 755">
    <p class='ocr_par' dir='ltr' id='par_1_34' title="bbox 2146 682 3725 755">
     <span class='ocr_line' id='line_1_34' title="bbox 2146 682 3725 755; baseline 0.006 -22"><span class='ocrx_word' id='word_1_239' title='bbox 2146 698 2255 733; x_wconf 83' lang='grc' dir='ltr'><strong>πτα</strong></span> <span class='ocrx_word' id='word_1_240' title='bbox 2287 682 2414 752; x_wconf 75' lang='grc' dir='ltr'>γάρ.</span> <span class='ocrx_word' id='word_1_241' title='bbox 2455 684 2546 753; x_wconf 83' lang='grc' dir='ltr'>Τῷ</span> <span class='ocrx_word' id='word_1_242' title='bbox 2588 685 2642 737; x_wconf 85' lang='grc' dir='ltr'>δὲ</span> <span class='ocrx_word' id='word_1_243' title='bbox 2673 686 2969 755; x_wconf 76' lang='grc' dir='ltr'>λογισμοὺς</span> <span class='ocrx_word' id='word_1_244' title='bbox 3003 688 3095 739; x_wconf 67' lang='grc' dir='ltr'><strong>καὶ</strong></span> <span class='ocrx_word' id='word_1_245' title='bbox 3135 688 3438 754; x_wconf 77' lang='grc' dir='ltr'><strong>ἀποδείξεις</strong></span> <span class='ocrx_word' id='word_1_246' title='bbox 3458 689 3549 742; x_wconf 77' lang='grc' dir='ltr'>ἐπὶ</span> <span class='ocrx_word' id='word_1_247' title='bbox 3578 689 3725 744; x_wconf 68' lang='grc' dir='ltr'><strong>ἑκά-</strong></span> 
     </span>
    </p>
   </div>
   <div class='ocr_carea' id='block_1_35' title="bbox 2148 774 3721 853">
    <p class='ocr_par' dir='ltr' id='par_1_35' title="bbox 2148 774 3721 853">
     <span class='ocr_line' id='line_1_35' title="bbox 2148 774 3721 853; baseline 0.008 -29"><span class='ocrx_word' id='word_1_248' title='bbox 2148 789 2274 825; x_wconf 83' lang='grc' dir='ltr'>στου</span> <span class='ocrx_word' id='word_1_249' title='bbox 2311 774 2494 843; x_wconf 79' lang='grc' dir='ltr'><strong>ζητεῖν</strong></span> <span class='ocrx_word' id='word_1_250' title='bbox 2524 776 2704 846; x_wconf 80' lang='grc' dir='ltr'>(τοῦτο</span> <span class='ocrx_word' id='word_1_251' title='bbox 2736 778 2845 848; x_wconf 70' lang='grc' dir='ltr'>γὰρ</span> <span class='ocrx_word' id='word_1_252' title='bbox 2889 779 2945 831; x_wconf 79' lang='grc' dir='ltr'><strong>αἱ</strong></span> <span class='ocrx_word' id='word_1_253' title='bbox 2993 776 3299 850; x_wconf 77' lang='grc' dir='ltr'><strong>ζητήσεις),</strong></span> <span class='ocrx_word' id='word_1_254' title='bbox 3346 783 3414 853; x_wconf 78' lang='grc' dir='ltr'>τῇ</span> <span class='ocrx_word' id='word_1_255' title='bbox 3447 783 3539 835; x_wconf 82' lang='grc' dir='ltr'><strong>τοῦ</strong></span> <span class='ocrx_word' id='word_1_256' title='bbox 3584 783 3721 838; x_wconf 79' lang='grc' dir='ltr'>Θεοῦ</span> 
     </span>
    </p>
   </div>
   <div class='ocr_carea' id='block_1_36' title="bbox 2143 865 2812 935">
    <p class='ocr_par' dir='ltr' id='par_1_36' title="bbox 2143 865 2812 935">
     <span class='ocr_line' id='line_1_36' title="bbox 2143 865 2812 935; baseline 0.009 -19"><span class='ocrx_word' id='word_1_257' title='bbox 2143 865 2409 935; x_wconf 75' lang='grc' dir='ltr'><strong>διοικήσει</strong></span> <span class='ocrx_word' id='word_1_258' title='bbox 2438 866 2812 923; x_wconf 76' lang='grc' dir='ltr'><strong>ἀνθίστανται.</strong></span> 
     </span>
    </p>
   </div>
   <div class='ocr_carea' id='block_1_37' title="bbox 2222 1151 3723 1227">
    <p class='ocr_par' dir='ltr' id='par_1_37' title="bbox 2222 1151 3723 1227">
     <span class='ocr_line' id='line_1_37' title="bbox 2222 1151 3723 1227; baseline 0.006 -22"><span class='ocrx_word' id='word_1_259' title='bbox 2222 1153 2290 1205; x_wconf 82' lang='grc' dir='ltr'><em>Τὸ</em></span> <span class='ocrx_word' id='word_1_260' title='bbox 2326 1151 2393 1203; x_wconf 75' lang='grc' dir='ltr'>δὲ</span> <span class='ocrx_word' id='word_1_261' title='bbox 2424 1152 2599 1218; x_wconf 69' lang='grc' dir='ltr'>τέλος</span> <span class='ocrx_word' id='word_1_262' title='bbox 2632 1151 2742 1217; x_wconf 72' lang='grc' dir='ltr'>τῆς</span> <span class='ocrx_word' id='word_1_263' title='bbox 2771 1154 3181 1223; x_wconf 69' lang='grc' dir='ltr'><strong>παραγγελίας</strong></span> <span class='ocrx_word' id='word_1_264' title='bbox 3212 1155 3389 1210; x_wconf 78' lang='grc' dir='ltr'>ἐστὶν</span> <span class='ocrx_word' id='word_1_265' title='bbox 3423 1158 3624 1227; x_wconf 72' lang='grc' dir='ltr'>ἀγάπη</span> <span class='ocrx_word' id='word_1_266' title='bbox 3652 1160 3723 1215; x_wconf 69' lang='grc' dir='ltr'>ἐκ</span> 
     </span>
    </p>
   </div>
   <div class='ocr_carea' id='block_1_38' title="bbox 2146 1244 3720 1317">
    <p class='ocr_par' dir='ltr' id='par_1_38' title="bbox 2146 1244 3720 1317">
     <span class='ocr_line' id='line_1_38' title="bbox 2146 1244 3720 1317; baseline 0.006 -21"><span class='ocrx_word' id='word_1_267' title='bbox 2146 1244 2409 1311; x_wconf 72' lang='grc' dir='ltr'>καθαρᾶς</span> <span class='ocrx_word' id='word_1_268' title='bbox 2456 1245 2706 1310; x_wconf 72' lang='grc' dir='ltr'>καρδίας</span> <span class='ocrx_word' id='word_1_269' title='bbox 2738 1246 2834 1298; x_wconf 83' lang='grc' dir='ltr'>καὶ</span> <span class='ocrx_word' id='word_1_270' title='bbox 2885 1246 3297 1315; x_wconf 78' lang='grc' dir='ltr'>συνειδήσεως</span> <span class='ocrx_word' id='word_1_271' title='bbox 3335 1249 3585 1317; x_wconf 72' lang='grc' dir='ltr'>ἀγαθῆς,</span> <span class='ocrx_word' id='word_1_272' title='bbox 3621 1254 3720 1306; x_wconf 77' lang='grc' dir='ltr'><strong>καί</strong></span> 
     </span>
    </p>
   </div>
   <div class='ocr_carea' id='block_1_39' title="bbox 2147 1332 3723 1412">
    <p class='ocr_par' dir='ltr' id='par_1_39' title="bbox 2147 1332 3723 1412">
     <span class='ocr_line' id='line_1_39' title="bbox 2147 1332 3723 1412; baseline 0.005 -24"><span class='ocrx_word' id='word_1_273' title='bbox 2147 1335 2405 1399; x_wconf 74' lang='grc' dir='ltr'>πίστεως</span> <span class='ocrx_word' id='word_1_274' title='bbox 2463 1335 2887 1403; x_wconf 68' lang='grc' dir='ltr'><strong>ἀνυποκρίτου.</strong></span> <span class='ocrx_word' id='word_1_275' title='bbox 2946 1332 3058 1394; x_wconf 79' lang='grc' dir='ltr'><strong>Ὧν</strong></span> <span class='ocrx_word' id='word_1_276' title='bbox 3110 1357 3269 1407; x_wconf 85' lang='grc' dir='ltr'>τινες</span> <span class='ocrx_word' id='word_1_277' title='bbox 3338 1342 3723 1412; x_wconf 81' lang='grc' dir='ltr'>ἀστοχήσαν-</span> 
     </span>
    </p>
   </div>
   <div class='ocr_carea' id='block_1_40' title="bbox 2147 1424 3723 1502">
    <p class='ocr_par' dir='ltr' id='par_1_40' title="bbox 2147 1424 3723 1502">
     <span class='ocr_line' id='line_1_40' title="bbox 2147 1424 3723 1502; baseline 0.009 -26"><span class='ocrx_word' id='word_1_278' title='bbox 2147 1440 2264 1490; x_wconf 74' lang='grc' dir='ltr'>τες,</span> <span class='ocrx_word' id='word_1_279' title='bbox 2325 1424 2741 1494; x_wconf 73' lang='grc' dir='ltr'><strong>ἐξετράπησαν</strong></span> <span class='ocrx_word' id='word_1_280' title='bbox 2793 1432 2881 1495; x_wconf 85' lang='grc' dir='ltr'><strong>είς</strong></span> <span class='ocrx_word' id='word_1_281' title='bbox 2928 1434 3381 1502; x_wconf 66' lang='grc' dir='ltr'>ματαιολογίαν,</span> <span class='ocrx_word' id='word_1_282' title='bbox 3442 1438 3723 1502; x_wconf 77' lang='grc' dir='ltr'>θέλοντες</span> 
     </span>
    </p>
   </div>
   <div class='ocr_carea' id='block_1_41' title="bbox 2146 1512 3704 1594">
    <p class='ocr_par' dir='ltr' id='par_1_41' title="bbox 2146 1512 3704 1594">
     <span class='ocr_line' id='line_1_41' title="bbox 2146 1512 3704 1594; baseline 0.009 -27"><span class='ocrx_word' id='word_1_283' title='bbox 2146 1512 2304 1569; x_wconf 77' lang='grc' dir='ltr'>εἶναι</span> <span class='ocrx_word' id='word_1_284' title='bbox 2361 1517 2884 1585; x_wconf 63' lang='grc' dir='ltr'><strong>νομοδιδάσκαλοι,</strong></span> <span class='ocrx_word' id='word_1_285' title='bbox 2922 1521 3007 1589; x_wconf 78' lang='grc' dir='ltr'><em>μὴ</em></span> <span class='ocrx_word' id='word_1_286' title='bbox 3058 1523 3344 1589; x_wconf 77' lang='grc' dir='ltr'><em>νοοῦντες</em></span> <span class='ocrx_word' id='word_1_287' title='bbox 3376 1524 3529 1594; x_wconf 79' lang='grc' dir='ltr'>μήτε</span> <span class='ocrx_word' id='word_1_288' title='bbox 3558 1525 3595 1580; x_wconf 83' lang='lat' dir='ltr'><strong>d</strong></span> <span class='ocrx_word' id='word_1_289' title='bbox 3623 1527 3704 1581; x_wconf 62' lang='grc' dir='ltr'><strong>λέη</strong></span> 
     </span>
    </p>
   </div>
   <div class='ocr_carea' id='block_1_42' title="bbox 2150 1610 3426 1680">
    <p class='ocr_par' dir='ltr' id='par_1_42' title="bbox 2150 1610 3426 1680">
     <span class='ocr_line' id='line_1_42' title="bbox 2150 1610 3426 1680; baseline 0.007 -18"><span class='ocrx_word' id='word_1_290' title='bbox 2150 1627 2345 1680; x_wconf 72' lang='grc' dir='ltr'>γουσι,</span> <span class='ocrx_word' id='word_1_291' title='bbox 2374 1610 2526 1679; x_wconf 73' lang='grc' dir='ltr'>μήτε</span> <span class='ocrx_word' id='word_1_292' title='bbox 2552 1614 2681 1680; x_wconf 79' lang='grc' dir='ltr'>περὶ</span> <span class='ocrx_word' id='word_1_293' title='bbox 2727 1615 2907 1669; x_wconf 83' lang='grc' dir='ltr'>τίνων</span> <span class='ocrx_word' id='word_1_294' title='bbox 2935 1615 3426 1671; x_wconf 76' lang='grc' dir='ltr'>διαϐεϐαιοῦνται.</span> 
     </span>
    </p>
   </div>
   <div class='ocr_carea' id='block_1_43' title="bbox 2218 1703 3723 1780">
    <p class='ocr_par' dir='ltr' id='par_1_43' title="bbox 2218 1703 3723 1780">
     <span class='ocr_line' id='line_1_43' title="bbox 2218 1703 3723 1780; baseline 0.007 -25"><span class='ocrx_word' id='word_1_295' title='bbox 2218 1703 2433 1774; x_wconf 67' lang='grc' dir='ltr'>Ταύτης</span> <span class='ocrx_word' id='word_1_296' title='bbox 2487 1706 2596 1775; x_wconf 73' lang='grc' dir='ltr'><strong>γὰρ</strong></span> <span class='ocrx_word' id='word_1_297' title='bbox 2658 1704 2862 1775; x_wconf 71' lang='grc' dir='ltr'>οὔσης,</span> <span class='ocrx_word' id='word_1_298' title='bbox 2928 1709 3022 1761; x_wconf 70' lang='grc' dir='ltr'>καὶ</span> <span class='ocrx_word' id='word_1_299' title='bbox 3092 1710 3152 1761; x_wconf 74' lang='grc' dir='ltr'>τδ</span> <span class='ocrx_word' id='word_1_300' title='bbox 3224 1709 3723 1780; x_wconf 74' lang='grc' dir='ltr'><strong>ἑτεροδιδασκαλεῖν</strong></span> 
     </span>
    </p>
   </div>
   <div class='ocr_carea' id='block_1_44' title="bbox 2149 1795 3721 1873">
    <p class='ocr_par' dir='ltr' id='par_1_44' title="bbox 2149 1795 3721 1873">
     <span class='ocr_line' id='line_1_44' title="bbox 2149 1795 3721 1873; baseline 0.004 -24"><span class='ocrx_word' id='word_1_301' title='bbox 2149 1795 2401 1850; x_wconf 73' lang='grc' dir='ltr'>ἐπαύετο.</span> <span class='ocrx_word' id='word_1_302' title='bbox 2460 1797 2618 1862; x_wconf 83' lang='grc' dir='ltr'><strong>Πῶς;</strong></span> <span class='ocrx_word' id='word_1_303' title='bbox 2686 1799 2907 1852; x_wconf 77' lang='grc' dir='ltr'>Ὀτιέκ</span> <span class='ocrx_word' id='word_1_304' title='bbox 2971 1799 3064 1852; x_wconf 90' lang='grc' dir='ltr'><strong>τοῦ</strong></span> <span class='ocrx_word' id='word_1_305' title='bbox 3122 1801 3195 1870; x_wconf 78' lang='grc' dir='ltr'>μὴ</span> <span class='ocrx_word' id='word_1_306' title='bbox 3246 1803 3488 1873; x_wconf 80' lang='grc' dir='ltr'>ἀγαπᾷν,</span> <span class='ocrx_word' id='word_1_307' title='bbox 3526 1805 3721 1873; x_wconf 68' lang='grc' dir='ltr'>φθόνος</span> 
     </span>
    </p>
   </div>
   <div class='ocr_carea' id='block_1_45' title="bbox 2148 1888 3722 1959">
    <p class='ocr_par' dir='ltr' id='par_1_45' title="bbox 2148 1888 3722 1959">
     <span class='ocr_line' id='line_1_45' title="bbox 2148 1888 3722 1959; baseline 0.004 -16"><span class='ocrx_word' id='word_1_308' title='bbox 2148 1888 2361 1957; x_wconf 69' lang='grc' dir='ltr'>εἰσῆλθέ</span> <span class='ocrx_word' id='word_1_309' title='bbox 2411 1906 2521 1942; x_wconf 78' lang='grc' dir='ltr'>τισι</span> <span class='ocrx_word' id='word_1_310' title='bbox 2564 1891 2699 1959; x_wconf 62' lang='grc' dir='ltr'>προς</span> <span class='ocrx_word' id='word_1_311' title='bbox 2726 1892 2853 1953; x_wconf 75' lang='grc' dir='ltr'>τοὺς</span> <span class='ocrx_word' id='word_1_312' title='bbox 2879 1890 3234 1956; x_wconf 69' lang='grc' dir='ltr'><strong>διδασκάλους</strong></span> <span class='ocrx_word' id='word_1_313' title='bbox 3284 1896 3349 1948; x_wconf 74' lang='grc' dir='ltr'>ἐκ</span> <span class='ocrx_word' id='word_1_314' title='bbox 3401 1895 3493 1947; x_wconf 87' lang='grc' dir='ltr'><strong>τοῦ</strong></span> <span class='ocrx_word' id='word_1_315' title='bbox 3544 1897 3722 1950; x_wconf 76' lang='grc' dir='ltr'>θέλειν</span> 
     </span>
    </p>
   </div>
   <div class='ocr_carea' id='block_1_46' title="bbox 2146 1978 3722 2049">
    <p class='ocr_par' dir='ltr' id='par_1_46' title="bbox 2146 1978 3722 2049">
     <span class='ocr_line' id='line_1_46' title="bbox 2146 1978 3722 2049; baseline 0.004 -14"><span class='ocrx_word' id='word_1_316' title='bbox 2146 1982 2342 2044; x_wconf 72' lang='grc' dir='ltr'>αὐτοὺς</span> <span class='ocrx_word' id='word_1_317' title='bbox 2396 1978 2536 2034; x_wconf 84' lang='grc' dir='ltr'>εἶναι</span> <span class='ocrx_word' id='word_1_318' title='bbox 2592 1982 2964 2045; x_wconf 82' lang='grc' dir='ltr'>διδασκάλους.</span> <span class='ocrx_word' id='word_1_319' title='bbox 3021 1983 3222 2036; x_wconf 75' lang='grc' dir='ltr'>Λοιπὸν</span> <span class='ocrx_word' id='word_1_320' title='bbox 3285 1986 3349 2038; x_wconf 81' lang='grc' dir='ltr'>ἐκ</span> <span class='ocrx_word' id='word_1_321' title='bbox 3399 1986 3618 2049; x_wconf 77' lang='grc' dir='ltr'>τούτου,</span> <span class='ocrx_word' id='word_1_322' title='bbox 3660 1989 3722 2041; x_wconf 83' lang='grc' dir='ltr'><strong>τδ</strong></span> 
     </span>
    </p>
   </div>
   <div class='ocr_carea' id='block_1_47' title="bbox 2146 2072 3715 2149">
    <p class='ocr_par' dir='ltr' id='par_1_47' title="bbox 2146 2072 3715 2149">
     <span class='ocr_line' id='line_1_47' title="bbox 2146 2072 3715 2149; baseline 0.004 -24"><span class='ocrx_word' id='word_1_323' title='bbox 2146 2072 2661 2141; x_wconf 78' lang='grc' dir='ltr'>ἑτεροδιδασκαλεῖν.</span> <span class='ocrx_word' id='word_1_324' title='bbox 2700 2092 2719 2125; x_wconf 77' lang='grc' dir='ltr'><strong>ι</strong></span> <span class='ocrx_word' id='word_1_325' title='bbox 2782 2075 2873 2127; x_wconf 80' lang='grc' dir='ltr'>Ἐκ</span> <span class='ocrx_word' id='word_1_326' title='bbox 2909 2074 3174 2145; x_wconf 81' lang='grc' dir='ltr'>καθαρᾶς,</span> <span class='ocrx_word' id='word_1_327' title='bbox 3220 2079 3373 2148; x_wconf 78' lang='grc' dir='ltr'>φησὶ,</span> <span class='ocrx_word' id='word_1_328' title='bbox 3407 2080 3655 2149; x_wconf 82' lang='grc' dir='ltr'>καρδίας.</span> <span class='ocrx_word' id='word_1_329' title='bbox 3695 2100 3715 2131; x_wconf 69' lang='grc' dir='ltr'><strong>ι</strong></span> 
     </span>
    </p>
   </div>
   <div class='ocr_carea' id='block_1_48' title="bbox 2150 2165 3724 2243">
    <p class='ocr_par' dir='ltr' id='par_1_48' title="bbox 2150 2165 3724 2243">
     <span class='ocr_line' id='line_1_48' title="bbox 2150 2165 3724 2243; baseline 0.006 -26"><span class='ocrx_word' id='word_1_330' title='bbox 2150 2165 2304 2217; x_wconf 85' lang='grc' dir='ltr'>Ἐστι</span> <span class='ocrx_word' id='word_1_331' title='bbox 2334 2165 2441 2235; x_wconf 78' lang='grc' dir='ltr'><strong>γὰρ</strong></span> <span class='ocrx_word' id='word_1_332' title='bbox 2488 2166 2584 2218; x_wconf 78' lang='grc' dir='ltr'><strong>καὶ</strong></span> <span class='ocrx_word' id='word_1_333' title='bbox 2625 2165 2683 2230; x_wconf 79' lang='grc' dir='ltr'><strong>ἐξ</strong></span> <span class='ocrx_word' id='word_1_334' title='bbox 2722 2166 3037 2237; x_wconf 77' lang='grc' dir='ltr'>ἀκαθάρτου</span> <span class='ocrx_word' id='word_1_335' title='bbox 3081 2169 3309 2238; x_wconf 78' lang='grc' dir='ltr'><strong>καρδίας</strong></span> <span class='ocrx_word' id='word_1_336' title='bbox 3338 2172 3578 2243; x_wconf 77' lang='grc' dir='ltr'>ἀγαπᾷν,</span> <span class='ocrx_word' id='word_1_337' title='bbox 3610 2169 3724 2226; x_wconf 77' lang='grc' dir='ltr'>οἷαί</span> 
     </span>
    </p>
   </div>
   <div class='ocr_carea' id='block_1_49' title="bbox 2146 2253 3720 2330">
    <p class='ocr_par' dir='ltr' id='par_1_49' title="bbox 2146 2253 3720 2330">
     <span class='ocr_line' id='line_1_49' title="bbox 2146 2253 3720 2330; baseline 0.004 -24"><span class='ocrx_word' id='word_1_338' title='bbox 2146 2256 2283 2307; x_wconf 80' lang='grc' dir='ltr'>εἰσιν</span> <span class='ocrx_word' id='word_1_339' title='bbox 2317 2255 2374 2307; x_wconf 80' lang='lat' dir='ltr'><strong>ai</strong></span> <span class='ocrx_word' id='word_1_340' title='bbox 2417 2254 2525 2308; x_wconf 85' lang='grc' dir='ltr'><strong>τῶν</strong></span> <span class='ocrx_word' id='word_1_341' title='bbox 2560 2253 2774 2326; x_wconf 77' lang='grc' dir='ltr'>λῃστῶν</span> <span class='ocrx_word' id='word_1_342' title='bbox 2809 2256 2945 2326; x_wconf 80' lang='grc' dir='ltr'>πρὸς</span> <span class='ocrx_word' id='word_1_343' title='bbox 2976 2256 3100 2319; x_wconf 78' lang='grc' dir='ltr'>τοὺς</span> <span class='ocrx_word' id='word_1_344' title='bbox 3138 2255 3343 2330; x_wconf 79' lang='grc' dir='ltr'>λῃστὰς</span> <span class='ocrx_word' id='word_1_345' title='bbox 3384 2259 3579 2326; x_wconf 75' lang='grc' dir='ltr'>φιλίαι.</span> <span class='ocrx_word' id='word_1_346' title='bbox 3625 2260 3720 2313; x_wconf 79' lang='grc' dir='ltr'>Ἐκ</span> 
     </span>
    </p>
   </div>
   <div class='ocr_carea' id='block_1_50' title="bbox 2146 2345 3718 2419">
    <p class='ocr_par' dir='ltr' id='par_1_50' title="bbox 2146 2345 3718 2419">
     <span class='ocr_line' id='line_1_50' title="bbox 2146 2345 3718 2419; baseline 0.003 -22"><span class='ocrx_word' id='word_1_347' title='bbox 2146 2346 2393 2415; x_wconf 59' lang='grc' dir='ltr'>καθαρᾶς</span> <span class='ocrx_word' id='word_1_348' title='bbox 2420 2345 2663 2416; x_wconf 81' lang='grc' dir='ltr'>καρδίας,</span> <span class='ocrx_word' id='word_1_349' title='bbox 2700 2346 2784 2399; x_wconf 80' lang='grc' dir='ltr'>ἵνα</span> <span class='ocrx_word' id='word_1_350' title='bbox 2815 2348 2907 2400; x_wconf 73' lang='grc' dir='ltr'><strong>καὶ</strong></span> <span class='ocrx_word' id='word_1_351' title='bbox 2939 2346 3035 2417; x_wconf 81' lang='grc' dir='ltr'><strong>τὴν</strong></span> <span class='ocrx_word' id='word_1_352' title='bbox 3074 2348 3294 2417; x_wconf 81' lang='grc' dir='ltr'>ἀγάπην</span> <span class='ocrx_word' id='word_1_353' title='bbox 3326 2350 3535 2419; x_wconf 71' lang='grc' dir='ltr'>ἐντελῆ,</span> <span class='ocrx_word' id='word_1_354' title='bbox 3561 2350 3718 2416; x_wconf 68' lang='grc' dir='ltr'>φησὶ,</span> 
     </span>
    </p>
   </div>
   <div class='ocr_carea' id='block_1_51' title="bbox 2144 2439 3723 2513">
    <p class='ocr_par' dir='ltr' id='par_1_51' title="bbox 2144 2439 3723 2513">
     <span class='ocr_line' id='line_1_51' title="bbox 2144 2439 3723 2513; baseline 0.005 -23"><span class='ocrx_word' id='word_1_355' title='bbox 2144 2439 2518 2511; x_wconf 73' lang='grc' dir='ltr'>παραγγείλῃς</span> <span class='ocrx_word' id='word_1_356' title='bbox 2552 2440 2755 2501; x_wconf 72' lang='grc' dir='ltr'>αὐτοῖς.</span> <span class='ocrx_word' id='word_1_357' title='bbox 2792 2440 2874 2494; x_wconf 82' lang='grc' dir='ltr'><strong>Τὰ</strong></span> <span class='ocrx_word' id='word_1_358' title='bbox 2903 2441 3011 2512; x_wconf 73' lang='grc' dir='ltr'>γὰρ</span> <span class='ocrx_word' id='word_1_359' title='bbox 3039 2442 3147 2495; x_wconf 80' lang='grc' dir='ltr'>τῶν</span> <span class='ocrx_word' id='word_1_360' title='bbox 3192 2442 3366 2511; x_wconf 69' lang='grc' dir='ltr'>λόγων</span> <span class='ocrx_word' id='word_1_361' title='bbox 3411 2445 3723 2513; x_wconf 75' lang='grc' dir='ltr'>κεφαλαιωο</span> 
     </span>
    </p>
   </div>
   <div class='ocr_carea' id='block_1_52' title="bbox 2144 2530 3721 2606">
    <p class='ocr_par' dir='ltr' id='par_1_52' title="bbox 2144 2530 3721 2606">
     <span class='ocr_line' id='line_1_52' title="bbox 2144 2530 3721 2606; baseline 0.003 -22"><span class='ocrx_word' id='word_1_362' title='bbox 2144 2530 2391 2601; x_wconf 77' lang='grc' dir='ltr'>δέστερα,</span> <span class='ocrx_word' id='word_1_363' title='bbox 2418 2531 2449 2601; x_wconf 76' lang='grc' dir='ltr'>ἢ</span> <span class='ocrx_word' id='word_1_364' title='bbox 2482 2534 2539 2583; x_wconf 82' lang='grc' dir='ltr'>ὲν</span> <span class='ocrx_word' id='word_1_365' title='bbox 2564 2530 2802 2601; x_wconf 75' lang='grc' dir='ltr'>πρώτοις</span> <span class='ocrx_word' id='word_1_366' title='bbox 2827 2532 2859 2603; x_wconf 80' lang='grc' dir='ltr'>ἢ</span> <span class='ocrx_word' id='word_1_367' title='bbox 2883 2534 2940 2586; x_wconf 81' lang='grc' dir='ltr'>ὲν</span> <span class='ocrx_word' id='word_1_368' title='bbox 2966 2533 3297 2598; x_wconf 82' lang='grc' dir='ltr'>τελευταίοις</span> <span class='ocrx_word' id='word_1_369' title='bbox 3326 2535 3412 2588; x_wconf 84' lang='grc' dir='ltr'>διὰ</span> <span class='ocrx_word' id='word_1_370' title='bbox 3426 2536 3486 2588; x_wconf 82' lang='grc' dir='ltr'><strong>τὸ</strong></span> <span class='ocrx_word' id='word_1_371' title='bbox 3512 2537 3721 2606; x_wconf 79' lang='grc' dir='ltr'>εὐμνη-</span> 
     </span>
    </p>
   </div>
   <div class='ocr_carea' id='block_1_53' title="bbox 2148 2622 3724 2696">
    <p class='ocr_par' dir='ltr' id='par_1_53' title="bbox 2148 2622 3724 2696">
     <span class='ocr_line' id='line_1_53' title="bbox 2148 2622 3724 2696; baseline 0.003 -19"><span class='ocrx_word' id='word_1_372' title='bbox 2148 2624 2403 2694; x_wconf 85' lang='grc' dir='ltr'>μόνευτον</span> <span class='ocrx_word' id='word_1_373' title='bbox 2454 2622 2703 2691; x_wconf 78' lang='grc' dir='ltr'>λέγουσιν</span> <span class='ocrx_word' id='word_1_374' title='bbox 2732 2626 2781 2677; x_wconf 78' lang='grc' dir='ltr'>οἱ</span> <span class='ocrx_word' id='word_1_375' title='bbox 2808 2626 3300 2696; x_wconf 82' lang='grc' dir='ltr'>παραγγέλλοντες.</span> <span class='ocrx_word' id='word_1_376' title='bbox 3346 2646 3363 2678; x_wconf 82' lang='grc' dir='ltr'><strong>ι</strong></span> <span class='ocrx_word' id='word_1_377' title='bbox 3400 2628 3512 2681; x_wconf 79' lang='grc' dir='ltr'><strong>Καὶ</strong></span> <span class='ocrx_word' id='word_1_378' title='bbox 3547 2645 3724 2681; x_wconf 86' lang='grc' dir='ltr'>συνει-</span> 
     </span>
    </p>
   </div>
   <div class='ocr_carea' id='block_1_54' title="bbox 2142 2715 3719 2791">
    <p class='ocr_par' dir='ltr' id='par_1_54' title="bbox 2142 2715 3719 2791">
     <span class='ocr_line' id='line_1_54' title="bbox 2142 2715 3719 2791; baseline 0.003 -23"><span class='ocrx_word' id='word_1_379' title='bbox 2142 2715 2348 2786; x_wconf 78' lang='grc' dir='ltr'>δήσεως</span> <span class='ocrx_word' id='word_1_380' title='bbox 2378 2716 2609 2784; x_wconf 79' lang='grc' dir='ltr'>ἀγαθῆς,</span> <span class='ocrx_word' id='word_1_381' title='bbox 2657 2736 2676 2769; x_wconf 77' lang='grc' dir='ltr'><strong>ι</strong></span> <span class='ocrx_word' id='word_1_382' title='bbox 2715 2718 2787 2769; x_wconf 78' lang='grc' dir='ltr'><strong>Οὐ</strong></span> <span class='ocrx_word' id='word_1_383' title='bbox 2825 2718 3004 2787; x_wconf 84' lang='grc' dir='ltr'>μόνον,</span> <span class='ocrx_word' id='word_1_384' title='bbox 3050 2720 3204 2789; x_wconf 64' lang='grc' dir='ltr'>φησι,</span> <span class='ocrx_word' id='word_1_385' title='bbox 3239 2719 3338 2790; x_wconf 75' lang='grc' dir='ltr'><strong>τὴν</strong></span> <span class='ocrx_word' id='word_1_386' title='bbox 3378 2719 3503 2790; x_wconf 81' lang='grc' dir='ltr'>ἄχρι</span> <span class='ocrx_word' id='word_1_387' title='bbox 3535 2720 3719 2791; x_wconf 76' lang='grc' dir='ltr'>ρημά·</span> 
     </span>
    </p>
   </div>
   <div class='ocr_carea' id='block_1_55' title="bbox 2142 2807 3720 2882">
    <p class='ocr_par' dir='ltr' id='par_1_55' title="bbox 2142 2807 3720 2882">
     <span class='ocr_line' id='line_1_55' title="bbox 2142 2807 3720 2882; baseline 0.001 -18"><span class='ocrx_word' id='word_1_388' title='bbox 2142 2829 2252 2864; x_wconf 79' lang='grc' dir='ltr'><strong>των</strong></span> <span class='ocrx_word' id='word_1_389' title='bbox 2274 2812 2441 2882; x_wconf 79' lang='grc' dir='ltr'>ζητῶ,</span> <span class='ocrx_word' id='word_1_390' title='bbox 2471 2811 2594 2881; x_wconf 75' lang='grc' dir='ltr'>ἥτις</span> <span class='ocrx_word' id='word_1_391' title='bbox 2625 2813 2716 2863; x_wconf 82' lang='grc' dir='ltr'>καὶ</span> <span class='ocrx_word' id='word_1_392' title='bbox 2746 2813 2805 2862; x_wconf 78' lang='grc' dir='ltr'>ὲν</span> <span class='ocrx_word' id='word_1_393' title='bbox 2831 2810 3120 2881; x_wconf 80' lang='grc' dir='ltr'>ὑποκρίσει</span> <span class='ocrx_word' id='word_1_394' title='bbox 3148 2811 3371 2866; x_wconf 79' lang='grc' dir='ltr'>δύναται</span> <span class='ocrx_word' id='word_1_395' title='bbox 3391 2807 3550 2875; x_wconf 79' lang='grc' dir='ltr'>εἶναι,</span> <span class='ocrx_word' id='word_1_396' title='bbox 3583 2812 3720 2866; x_wconf 80' lang='grc' dir='ltr'><strong>ἀλλά</strong></span> 
     </span>
    </p>
   </div>
   <div class='ocr_carea' id='block_1_56' title="bbox 2143 2903 3720 2975">
    <p class='ocr_par' dir='ltr' id='par_1_56' title="bbox 2143 2903 3720 2975">
     <span class='ocr_line' id='line_1_56' title="bbox 2143 2903 3720 2975; baseline 0.001 -18"><span class='ocrx_word' id='word_1_397' title='bbox 2143 2904 2242 2975; x_wconf 76' lang='grc' dir='ltr'>τὴν</span> <span class='ocrx_word' id='word_1_398' title='bbox 2277 2904 2385 2957; x_wconf 85' lang='grc' dir='ltr'><strong>ἀπὸ</strong></span> <span class='ocrx_word' id='word_1_399' title='bbox 2429 2903 2683 2972; x_wconf 85' lang='grc' dir='ltr'>καρδίας,</span> <span class='ocrx_word' id='word_1_400' title='bbox 2743 2904 2836 2957; x_wconf 77' lang='grc' dir='ltr'><strong>καὶ</strong></span> <span class='ocrx_word' id='word_1_401' title='bbox 2889 2904 3092 2972; x_wconf 84' lang='grc' dir='ltr'>ταύτης</span> <span class='ocrx_word' id='word_1_402' title='bbox 3128 2903 3395 2974; x_wconf 76' lang='grc' dir='ltr'>καθαρᾶς,</span> <span class='ocrx_word' id='word_1_403' title='bbox 3454 2907 3553 2975; x_wconf 80' lang='grc' dir='ltr'>τὴν</span> <span class='ocrx_word' id='word_1_404' title='bbox 3609 2905 3720 2959; x_wconf 67' lang='grc' dir='ltr'>ἀπὸ</span> 
     </span>
    </p>
   </div>
   <div class='ocr_carea' id='block_1_57' title="bbox 2145 2992 3720 3068">
    <p class='ocr_par' dir='ltr' id='par_1_57' title="bbox 2145 2992 3720 3068">
     <span class='ocr_line' id='line_1_57' title="bbox 2145 2992 3720 3068; baseline 0.001 -20"><span class='ocrx_word' id='word_1_405' title='bbox 2145 2994 2522 3065; x_wconf 83' lang='grc' dir='ltr'>συνειδήσεως,</span> <span class='ocrx_word' id='word_1_406' title='bbox 2568 2994 2664 3048; x_wconf 79' lang='grc' dir='ltr'><strong>καὶ</strong></span> <span class='ocrx_word' id='word_1_407' title='bbox 2710 2992 2806 3047; x_wconf 82' lang='grc' dir='ltr'><strong>τοῦ</strong></span> <span class='ocrx_word' id='word_1_408' title='bbox 2848 2995 3003 3048; x_wconf 76' lang='grc' dir='ltr'>ἔνθεν</span> <span class='ocrx_word' id='word_1_409' title='bbox 3031 2995 3318 3066; x_wconf 79' lang='grc' dir='ltr'>λογισμοῦ,</span> <span class='ocrx_word' id='word_1_410' title='bbox 3364 2996 3421 3059; x_wconf 80' lang='grc' dir='ltr'>ὃς</span> <span class='ocrx_word' id='word_1_411' title='bbox 3464 2998 3626 3068; x_wconf 78' lang='grc' dir='ltr'>μόνος</span> <span class='ocrx_word' id='word_1_412' title='bbox 3654 2998 3720 3050; x_wconf 79' lang='grc' dir='ltr'>τὸ</span> 
     </span>
    </p>
   </div>
   <div class='ocr_carea' id='block_1_58' title="bbox 2144 3083 3719 3153">
    <p class='ocr_par' dir='ltr' id='par_1_58' title="bbox 2144 3083 3719 3153">
     <span class='ocr_line' id='line_1_58' title="bbox 2144 3083 3719 3153; baseline 0.003 -17"><span class='ocrx_word' id='word_1_413' title='bbox 2144 3083 2507 3153; x_wconf 84' lang='grc' dir='ltr'>ἀνυπόκριτον</span> <span class='ocrx_word' id='word_1_414' title='bbox 2560 3083 2691 3153; x_wconf 76' lang='grc' dir='ltr'>ἔχει.</span> <span class='ocrx_word' id='word_1_415' title='bbox 2728 3083 2823 3147; x_wconf 83' lang='grc' dir='ltr'>Τίς</span> <span class='ocrx_word' id='word_1_416' title='bbox 2868 3085 2976 3153; x_wconf 78' lang='grc' dir='ltr'><strong>γὰρ</strong></span> <span class='ocrx_word' id='word_1_417' title='bbox 3023 3085 3174 3137; x_wconf 77' lang='grc' dir='ltr'>ἔσται</span> <span class='ocrx_word' id='word_1_418' title='bbox 3219 3085 3277 3148; x_wconf 83' lang='grc' dir='ltr'>ὃς</span> <span class='ocrx_word' id='word_1_419' title='bbox 3312 3086 3474 3149; x_wconf 77' lang='grc' dir='ltr'>αὐτὸς</span> <span class='ocrx_word' id='word_1_420' title='bbox 3523 3086 3719 3142; x_wconf 75' lang='grc' dir='ltr'>ἑαυτὸν</span> 
     </span>
    </p>
   </div>
   <div class='ocr_carea' id='block_1_59' title="bbox 469 3150 2043 3245">
    <p class='ocr_par' dir='ltr' id='par_1_59' title="bbox 469 3150 2039 3226">
     <span class='ocr_line' id='line_1_59' title="bbox 469 3150 2039 3226; baseline 0.004 -23"><span class='ocrx_word' id='word_1_421' title='bbox 469 3150 812 3208; x_wconf 86' lang='lat' dir='ltr'><strong>mulationis.</strong></span> <span class='ocrx_word' id='word_1_422' title='bbox 846 3152 983 3218; x_wconf 83' lang='lat' dir='ltr'><strong>Quis</strong></span> <span class='ocrx_word' id='word_1_423' title='bbox 1015 3154 1158 3208; x_wconf 86' lang='lat' dir='ltr'><strong>enim</strong></span> <span class='ocrx_word' id='word_1_424' title='bbox 1193 3154 1298 3208; x_wconf 91' lang='lat' dir='ltr'><strong>erit</strong></span> <span class='ocrx_word' id='word_1_425' title='bbox 1324 3155 1419 3226; x_wconf 88' lang='lat' dir='ltr'><strong>qui</strong></span> <span class='ocrx_word' id='word_1_426' title='bbox 1453 3156 1695 3226; x_wconf 87' lang='lat' dir='ltr'><strong>seipsqu</strong></span> <span class='ocrx_word' id='word_1_427' title='bbox 1730 3154 1903 3219; x_wconf 77' lang='lat' dir='ltr'><strong>fallat,</strong></span> <span class='ocrx_word' id='word_1_428' title='bbox 1945 3165 2039 3210; x_wconf 87' lang='lat' dir='ltr'><strong>aut</strong></span> 
     </span>
    </p>
   </div>
   <div class='ocr_carea' id='block_1_60' title="bbox 2148 3150 3712 3245">
    <p class='ocr_par' dir='ltr' id='par_1_60' title="bbox 2148 3172 3712 3245">
     <span class='ocr_line' id='line_1_60' title="bbox 2148 3172 3712 3245; baseline 0.003 -18"><span class='ocrx_word' id='word_1_429' title='bbox 2148 3173 2526 3244; x_wconf 75' lang='grc' dir='ltr'>ὑποκρίνεταις</span> <span class='ocrx_word' id='word_1_430' title='bbox 2561 3174 2593 3242; x_wconf 84' lang='grc' dir='ltr'><strong>ἢ</strong></span> <span class='ocrx_word' id='word_1_431' title='bbox 2655 3174 2920 3245; x_wconf 77' lang='grc' dir='ltr'>κρύπτειν</span> <span class='ocrx_word' id='word_1_432' title='bbox 2970 3178 3257 3244; x_wconf 76' lang='grc' dir='ltr'>πειρᾶταις</span> <span class='ocrx_word' id='word_1_433' title='bbox 3296 3195 3315 3228; x_wconf 80' lang='grc' dir='ltr'><strong>ι</strong></span> <span class='ocrx_word' id='word_1_434' title='bbox 3352 3172 3452 3231; x_wconf 80' lang='grc' dir='ltr'><strong>’Ὧν</strong></span> <span class='ocrx_word' id='word_1_435' title='bbox 3486 3194 3650 3242; x_wconf 84' lang='grc' dir='ltr'>τινες.</span> <span class='ocrx_word' id='word_1_436' title='bbox 3690 3196 3712 3231; x_wconf 74' lang='grc' dir='ltr'><strong>ι</strong></span> 
     </span>
    </p>
   </div>
   <div class='ocr_carea' id='block_1_61' title="bbox 468 3242 2040 3318">
    <p class='ocr_par' dir='ltr' id='par_1_61' title="bbox 468 3242 2040 3318">
     <span class='ocr_line' id='line_1_61' title="bbox 468 3242 2040 3318; baseline 0.005 -22"><span class='ocrx_word' id='word_1_437' title='bbox 468 3242 748 3315; x_wconf 71' lang='lat' dir='ltr'><strong>occultare</strong></span> <span class='ocrx_word' id='word_1_438' title='bbox 792 3243 1011 3298; x_wconf 87' lang='lat' dir='ltr'><strong>tentet?</strong></span> <span class='ocrx_word' id='word_1_439' title='bbox 1066 3262 1085 3298; x_wconf 80' lang='grc' dir='ltr'><strong>ι</strong></span> <span class='ocrx_word' id='word_1_440' title='bbox 1114 3244 1159 3298; x_wconf 79' lang='grc' dir='ltr'><strong>Δ</strong></span> <span class='ocrx_word' id='word_1_441' title='bbox 1192 3246 1393 3316; x_wconf 85' lang='lat' dir='ltr'><strong>quibus</strong></span> <span class='ocrx_word' id='word_1_442' title='bbox 1451 3247 1723 3302; x_wconf 88' lang='lat' dir='ltr'><strong>nonnulli.</strong></span> <span class='ocrx_word' id='word_1_443' title='bbox 1765 3266 1785 3300; x_wconf 76' lang='grc' dir='ltr'><strong>ι</strong></span> <span class='ocrx_word' id='word_1_444' title='bbox 1833 3247 2040 3318; x_wconf 88' lang='lat' dir='ltr'><strong>Nempe</strong></span> 
     </span>
    </p>
   </div>
   <div class='ocr_carea' id='block_1_62' title="bbox 469 3335 2042 3412">
    <p class='ocr_par' dir='ltr' id='par_1_62' title="bbox 469 3335 2042 3412">
     <span class='ocr_line' id='line_1_62' title="bbox 469 3335 2042 3412; baseline 0.006 -23"><span class='ocrx_word' id='word_1_445' title='bbox 469 3335 540 3390; x_wconf 87' lang='lat' dir='ltr'><strong>ab</strong></span> <span class='ocrx_word' id='word_1_446' title='bbox 574 3336 658 3391; x_wconf 88' lang='lat' dir='ltr'><strong>his</strong></span> <span class='ocrx_word' id='word_1_447' title='bbox 683 3351 805 3407; x_wconf 86' lang='lat' dir='ltr'><strong>quae</strong></span> <span class='ocrx_word' id='word_1_448' title='bbox 836 3337 979 3391; x_wconf 86' lang='lat' dir='ltr'><strong>dicta</strong></span> <span class='ocrx_word' id='word_1_449' title='bbox 1012 3346 1165 3403; x_wconf 80' lang='lat' dir='ltr'><strong>sunt,</strong></span> <span class='ocrx_word' id='word_1_450' title='bbox 1198 3346 1328 3408; x_wconf 88' lang='lat' dir='ltr'><strong>puta</strong></span> <span class='ocrx_word' id='word_1_451' title='bbox 1387 3339 1481 3394; x_wconf 82' lang='lat' dir='ltr'><strong>Dei</strong></span> <span class='ocrx_word' id='word_1_452' title='bbox 1535 3341 1885 3397; x_wconf 85' lang='lat' dir='ltr'><strong>ordinatione</strong></span> <span class='ocrx_word' id='word_1_453' title='bbox 1919 3358 2042 3412; x_wconf 72' lang='lat' dir='ltr'><strong>quae</strong></span> 
     </span>
    </p>
   </div>
   <div class='ocr_carea' id='block_1_63' title="bbox 470 3426 2042 3499">
    <p class='ocr_par' dir='ltr' id='par_1_63' title="bbox 470 3426 2042 3499">
     <span class='ocr_line' id='line_1_63' title="bbox 470 3426 2042 3499; baseline 0.004 -21"><span class='ocrx_word' id='word_1_454' title='bbox 470 3436 554 3479; x_wconf 89' lang='lat' dir='ltr'><strong>est</strong></span> <span class='ocrx_word' id='word_1_455' title='bbox 583 3442 680 3496; x_wconf 86' lang='lat' dir='ltr'><strong>per</strong></span> <span class='ocrx_word' id='word_1_456' title='bbox 710 3426 895 3490; x_wconf 80' lang='lat' dir='ltr'><strong>ﬁdem,</strong></span> <span class='ocrx_word' id='word_1_457' title='bbox 939 3435 993 3482; x_wconf 90' lang='lat' dir='ltr'><strong>et</strong></span> <span class='ocrx_word' id='word_1_458' title='bbox 1027 3428 1296 3484; x_wconf 89' lang='lat' dir='ltr'><strong>charitate</strong></span> <span class='ocrx_word' id='word_1_459' title='bbox 1331 3444 1441 3484; x_wconf 90' lang='lat' dir='ltr'><strong>non</strong></span> <span class='ocrx_word' id='word_1_460' title='bbox 1497 3431 1774 3499; x_wconf 87' lang='lat' dir='ltr'><strong>simulata.</strong></span> <span class='ocrx_word' id='word_1_461' title='bbox 1818 3450 1838 3482; x_wconf 80' lang='grc' dir='ltr'><strong>ι</strong></span> <span class='ocrx_word' id='word_1_462' title='bbox 1865 3432 2042 3488; x_wconf 87' lang='lat' dir='ltr'><strong>Aber-</strong></span> 
     </span>
    </p>
   </div>
   <div class='ocr_carea' id='block_1_64' title="bbox 471 3519 2040 3592">
    <p class='ocr_par' dir='ltr' id='par_1_64' title="bbox 471 3519 2040 3592">
     <span class='ocr_line' id='line_1_64' title="bbox 471 3519 2040 3592; baseline 0.006 -21"><span class='ocrx_word' id='word_1_463' title='bbox 471 3528 677 3573; x_wconf 88' lang='lat' dir='ltr'><strong>rantes.</strong></span> <span class='ocrx_word' id='word_1_464' title='bbox 716 3536 733 3569; x_wconf 76' lang='grc' dir='ltr'><strong>ι</strong></span> <span class='ocrx_word' id='word_1_465' title='bbox 768 3519 899 3573; x_wconf 78' lang='lat' dir='ltr'><strong>Arte</strong></span> <span class='ocrx_word' id='word_1_466' title='bbox 955 3521 1101 3575; x_wconf 88' lang='lat' dir='ltr'><strong>enim</strong></span> <span class='ocrx_word' id='word_1_467' title='bbox 1153 3536 1293 3592; x_wconf 84' lang='lat' dir='ltr'><strong>opus</strong></span> <span class='ocrx_word' id='word_1_468' title='bbox 1345 3530 1430 3577; x_wconf 87' lang='lat' dir='ltr'><strong>est</strong></span> <span class='ocrx_word' id='word_1_469' title='bbox 1478 3537 1548 3578; x_wconf 87' lang='lat' dir='ltr'><strong>ne</strong></span> <span class='ocrx_word' id='word_1_470' title='bbox 1585 3532 1738 3578; x_wconf 80' lang='lat' dir='ltr'><strong>extra</strong></span> <span class='ocrx_word' id='word_1_471' title='bbox 1790 3526 2040 3580; x_wconf 85' lang='lat' dir='ltr'><strong>veritatis</strong></span> 
     </span>
    </p>
   </div>
   <div class='ocr_carea' id='block_1_65' title="bbox 471 3609 2041 3686">
    <p class='ocr_par' dir='ltr' id='par_1_65' title="bbox 471 3609 2041 3686">
     <span class='ocr_line' id='line_1_65' title="bbox 471 3609 2041 3686; baseline 0.007 -24"><span class='ocrx_word' id='word_1_472' title='bbox 471 3622 699 3677; x_wconf 86' lang='lat' dir='ltr'><strong>scopum</strong></span> <span class='ocrx_word' id='word_1_473' title='bbox 747 3609 992 3666; x_wconf 88' lang='lat' dir='ltr'><strong>decidas.</strong></span> <span class='ocrx_word' id='word_1_474' title='bbox 1039 3629 1058 3665; x_wconf 80' lang='grc' dir='ltr'><strong>ι</strong></span> <span class='ocrx_word' id='word_1_475' title='bbox 1091 3611 1172 3667; x_wconf 83' lang='lat' dir='ltr'><strong>Ad</strong></span> <span class='ocrx_word' id='word_1_476' title='bbox 1212 3612 1651 3684; x_wconf 64' lang='lat' dir='ltr'><strong>vaniloquium.»</strong></span> <span class='ocrx_word' id='word_1_477' title='bbox 1696 3614 1852 3681; x_wconf 85' lang='lat' dir='ltr'><strong>Quod</strong></span> <span class='ocrx_word' id='word_1_478' title='bbox 1886 3620 2041 3686; x_wconf 89' lang='lat' dir='ltr'><strong>prius</strong></span> 
     </span>
    </p>
   </div>
   <div class='ocr_carea' id='block_1_66' title="bbox 469 3698 2039 3781">
    <p class='ocr_par' dir='ltr' id='par_1_66' title="bbox 469 3698 2039 3781">
     <span class='ocr_line' id='line_1_66' title="bbox 469 3698 2039 3781; baseline 0.008 -27"><span class='ocrx_word' id='word_1_479' title='bbox 469 3699 608 3755; x_wconf 82' lang='lat' dir='ltr'><strong>dixit</strong></span> <span class='ocrx_word' id='word_1_480' title='bbox 654 3698 1052 3769; x_wconf 72' lang='lat' dir='ltr'><strong>:Quzestiones</strong></span> <span class='ocrx_word' id='word_1_481' title='bbox 1111 3711 1165 3758; x_wconf 89' lang='lat' dir='ltr'><strong>et</strong></span> <span class='ocrx_word' id='word_1_482' title='bbox 1219 3707 1601 3778; x_wconf 79' lang='lat' dir='ltr'><strong>genealogias,</strong></span> <span class='ocrx_word' id='word_1_483' title='bbox 1654 3726 1801 3766; x_wconf 88' lang='lat' dir='ltr'><strong>nunc</strong></span> <span class='ocrx_word' id='word_1_484' title='bbox 1859 3713 2039 3781; x_wconf 84' lang='lat' dir='ltr'><strong>dicit,</strong></span> 
     </span>
    </p>
   </div>
   <div class='ocr_carea' id='block_1_67' title="bbox 474 3791 2039 3869">
    <p class='ocr_par' dir='ltr' id='par_1_67' title="bbox 474 3791 2039 3869">
     <span class='ocr_line' id='line_1_67' title="bbox 474 3791 2039 3869; baseline 0.008 -22"><span class='ocrx_word' id='word_1_485' title='bbox 474 3791 882 3861; x_wconf 79' lang='lat' dir='ltr'><strong>Vaniloquium.</strong></span> <span class='ocrx_word' id='word_1_486' title='bbox 926 3812 944 3844; x_wconf 78' lang='grc' dir='ltr'><strong>ι</strong></span> <span class='ocrx_word' id='word_1_487' title='bbox 980 3792 1236 3850; x_wconf 81' lang='lat' dir='ltr'><strong>Volentes</strong></span> <span class='ocrx_word' id='word_1_488' title='bbox 1258 3812 1383 3854; x_wconf 88' lang='lat' dir='ltr'><strong>esse</strong></span> <span class='ocrx_word' id='word_1_489' title='bbox 1422 3799 1556 3869; x_wconf 80' lang='lat' dir='ltr'><strong>legis</strong></span> <span class='ocrx_word' id='word_1_490' title='bbox 1579 3800 1888 3859; x_wconf 63' lang='lat' dir='ltr'><strong>doctores.)</strong></span> <span class='ocrx_word' id='word_1_491' title='bbox 1921 3803 2039 3860; x_wconf 83' lang='lat' dir='ltr'><strong>Alia</strong></span> 
     </span>
    </p>
   </div>
   <div class='ocr_carea' id='block_1_68' title="bbox 470 3886 2038 3962">
    <p class='ocr_par' dir='ltr' id='par_1_68' title="bbox 470 3886 2038 3962">
     <span class='ocr_line' id='line_1_68' title="bbox 470 3886 2038 3962; baseline 0.006 -22"><span class='ocrx_word' id='word_1_492' title='bbox 470 3886 673 3940; x_wconf 85' lang='lat' dir='ltr'><strong>erroris</strong></span> <span class='ocrx_word' id='word_1_493' title='bbox 703 3886 941 3941; x_wconf 85' lang='lat' dir='ltr'><strong>occasio.</strong></span> <span class='ocrx_word' id='word_1_494' title='bbox 995 3886 1112 3941; x_wconf 86' lang='lat' dir='ltr'><strong>Non</strong></span> <span class='ocrx_word' id='word_1_495' title='bbox 1159 3890 1303 3942; x_wconf 88' lang='lat' dir='ltr'><strong>enim</strong></span> <span class='ocrx_word' id='word_1_496' title='bbox 1340 3890 1515 3945; x_wconf 86' lang='lat' dir='ltr'><strong>solum</strong></span> <span class='ocrx_word' id='word_1_497' title='bbox 1545 3902 1794 3949; x_wconf 88' lang='lat' dir='ltr'><strong>mutuum</strong></span> <span class='ocrx_word' id='word_1_498' title='bbox 1830 3896 2038 3962; x_wconf 87' lang='lat' dir='ltr'><strong>odium,</strong></span> 
     </span>
    </p>
   </div>
   <div class='ocr_carea' id='block_1_69' title="bbox 474 3974 2042 4054">
    <p class='ocr_par' dir='ltr' id='par_1_69' title="bbox 474 3974 2042 4054">
     <span class='ocr_line' id='line_1_69' title="bbox 474 3974 2042 4054; baseline 0.009 -27"><span class='ocrx_word' id='word_1_499' title='bbox 474 3974 569 4029; x_wconf 82' lang='lat' dir='ltr'><strong>sed</strong></span> <span class='ocrx_word' id='word_1_500' title='bbox 594 3983 647 4028; x_wconf 93' lang='lat' dir='ltr'><strong>et</strong></span> <span class='ocrx_word' id='word_1_501' title='bbox 672 3989 826 4028; x_wconf 87' lang='lat' dir='ltr'><strong>amor</strong></span> <span class='ocrx_word' id='word_1_502' title='bbox 848 3976 1190 4046; x_wconf 86' lang='lat' dir='ltr'><strong>principatus</strong></span> <span class='ocrx_word' id='word_1_503' title='bbox 1232 3979 1298 4033; x_wconf 87' lang='lat' dir='ltr'><strong>ad</strong></span> <span class='ocrx_word' id='word_1_504' title='bbox 1330 3979 1433 4036; x_wconf 82' lang='lat' dir='ltr'><strong>hoc</strong></span> <span class='ocrx_word' id='word_1_505' title='bbox 1464 3983 1618 4037; x_wconf 83' lang='lat' dir='ltr'><strong>ducit</strong></span> <span class='ocrx_word' id='word_1_506' title='bbox 1665 4001 1680 4038; x_wconf 86' lang='lat'><strong>:</strong></span> <span class='ocrx_word' id='word_1_507' title='bbox 1719 3985 1811 4053; x_wconf 91' lang='lat' dir='ltr'><strong>qui</strong></span> <span class='ocrx_word' id='word_1_508' title='bbox 1844 3993 1892 4040; x_wconf 88' lang='lat' dir='ltr'><strong>et</strong></span> <span class='ocrx_word' id='word_1_509' title='bbox 1924 3985 2042 4054; x_wconf 84' lang='lat' dir='ltr'><strong>ipse</strong></span> 
     </span>
    </p>
   </div>
   <div class='ocr_carea' id='block_1_70' title="bbox 471 4062 2040 4146">
    <p class='ocr_par' dir='ltr' id='par_1_70' title="bbox 471 4062 2040 4146">
     <span class='ocr_line' id='line_1_70' title="bbox 471 4062 2040 4146; baseline 0.01 -30"><span class='ocrx_word' id='word_1_510' title='bbox 471 4070 538 4116; x_wconf 77' lang='lat' dir='ltr'><strong>ex</strong></span> <span class='ocrx_word' id='word_1_511' title='bbox 589 4062 716 4115; x_wconf 83' lang='lat' dir='ltr'><strong>odio</strong></span> <span class='ocrx_word' id='word_1_512' title='bbox 776 4074 828 4116; x_wconf 89' lang='lat' dir='ltr'><strong>et</strong></span> <span class='ocrx_word' id='word_1_513' title='bbox 869 4064 1074 4118; x_wconf 83' lang='lat' dir='ltr'><strong>invidia</strong></span> <span class='ocrx_word' id='word_1_514' title='bbox 1114 4067 1382 4123; x_wconf 85' lang='lat' dir='ltr'><strong>nascitur.</strong></span> <span class='ocrx_word' id='word_1_515' title='bbox 1429 4088 1451 4124; x_wconf 75' lang='grc' dir='ltr'><strong>ι</strong></span> <span class='ocrx_word' id='word_1_516' title='bbox 1499 4069 1631 4139; x_wconf 79' lang='grc' dir='ltr'><strong>Νοιι¹</strong></span> <span class='ocrx_word' id='word_1_517' title='bbox 1673 4075 2040 4146; x_wconf 79' lang='lat' dir='ltr'><strong>intelligentes</strong></span> 
     </span>
    </p>
   </div>
   <div class='ocr_carea' id='block_1_71' title="bbox 470 4152 2039 4237">
    <p class='ocr_par' dir='ltr' id='par_1_71' title="bbox 470 4152 2039 4237">
     <span class='ocr_line' id='line_1_71' title="bbox 470 4152 2039 4237; baseline 0.013 -34"><span class='ocrx_word' id='word_1_518' title='bbox 470 4162 648 4221; x_wconf 77' lang='lat' dir='ltr'><strong>neque</strong></span> <span class='ocrx_word' id='word_1_519' title='bbox 672 4167 792 4222; x_wconf 69' lang='lat' dir='ltr'><strong>quae</strong></span> <span class='ocrx_word' id='word_1_520' title='bbox 827 4152 1149 4222; x_wconf 88' lang='lat' dir='ltr'><strong>loquuntur.</strong></span> <span class='ocrx_word' id='word_1_521' title='bbox 1179 4174 1197 4207; x_wconf 76' lang='grc' dir='ltr'><strong>ι</strong></span> <span class='ocrx_word' id='word_1_522' title='bbox 1228 4157 1388 4231; x_wconf 71' lang='grc'><strong>212</strong></span> <span class='ocrx_word' id='word_1_523' title='bbox 1417 4159 1718 4220; x_wconf 87' lang='lat' dir='ltr'><strong>Ostendere</strong></span> <span class='ocrx_word' id='word_1_524' title='bbox 1752 4169 1864 4220; x_wconf 76' lang='lat' dir='ltr'><strong>vult</strong></span> <span class='ocrx_word' id='word_1_525' title='bbox 1892 4169 2039 4237; x_wconf 76' lang='lat' dir='ltr'><strong>qttod</strong></span> 
     </span>
    </p>
   </div>
   <div class='ocr_carea' id='block_1_72' title="bbox 472 4244 2041 4323">
    <p class='ocr_par' dir='ltr' id='par_1_72' title="bbox 472 4244 2041 4323">
     <span class='ocr_line' id='line_1_72' title="bbox 472 4244 2041 4323; baseline 0.015 -30"><span class='ocrx_word' id='word_1_526' title='bbox 472 4257 599 4297; x_wconf 83' lang='lat' dir='ltr'><strong>\ere</strong></span> <span class='ocrx_word' id='word_1_527' title='bbox 627 4244 695 4299; x_wconf 86' lang='lat' dir='ltr'><strong>ab</strong></span> <span class='ocrx_word' id='word_1_528' title='bbox 725 4260 914 4299; x_wconf 88' lang='lat' dir='ltr'><strong>amore</strong></span> <span class='ocrx_word' id='word_1_529' title='bbox 948 4248 1290 4318; x_wconf 85' lang='lat' dir='ltr'><strong>principatus</strong></span> <span class='ocrx_word' id='word_1_530' title='bbox 1326 4253 1393 4308; x_wconf 85' lang='lat' dir='ltr'><strong>ad</strong></span> <span class='ocrx_word' id='word_1_531' title='bbox 1421 4254 1523 4310; x_wconf 86' lang='lat' dir='ltr'><strong>hoc</strong></span> <span class='ocrx_word' id='word_1_532' title='bbox 1548 4259 1821 4323; x_wconf 86' lang='lat' dir='ltr'><strong>venerint,</strong></span> <span class='ocrx_word' id='word_1_533' title='bbox 1865 4270 1921 4314; x_wconf 92' lang='lat' dir='ltr'><strong>ut</strong></span> <span class='ocrx_word' id='word_1_534' title='bbox 1943 4278 2041 4316; x_wconf 89' lang='lat' dir='ltr'><strong>cu-</strong></span> 
     </span>
    </p>
   </div>
   <div class='ocr_carea' id='block_1_73' title="bbox 470 4336 2039 4419">
    <p class='ocr_par' dir='ltr' id='par_1_73' title="bbox 470 4336 2039 4419">
     <span class='ocr_line' id='line_1_73' title="bbox 470 4336 2039 4419; baseline 0.014 -32"><span class='ocrx_word' id='word_1_535' title='bbox 470 4336 624 4407; x_wconf 87' lang='lat' dir='ltr'><strong>piant</strong></span> <span class='ocrx_word' id='word_1_536' title='bbox 651 4352 774 4392; x_wconf 87' lang='lat' dir='ltr'><strong>esse</strong></span> <span class='ocrx_word' id='word_1_537' title='bbox 806 4338 1047 4408; x_wconf 78' lang='lat' dir='ltr'><strong>magistri</strong></span> <span class='ocrx_word' id='word_1_538' title='bbox 1103 4358 1116 4395; x_wconf 90' lang='lat'><strong>:</strong></span> <span class='ocrx_word' id='word_1_539' title='bbox 1168 4358 1343 4413; x_wconf 88' lang='lat' dir='ltr'><strong>neque</strong></span> <span class='ocrx_word' id='word_1_540' title='bbox 1386 4346 1531 4400; x_wconf 89' lang='lat' dir='ltr'><strong>enim</strong></span> <span class='ocrx_word' id='word_1_541' title='bbox 1568 4349 1739 4419; x_wconf 76' lang='lat' dir='ltr'><strong>legem</strong></span> <span class='ocrx_word' id='word_1_542' title='bbox 1769 4363 2039 4409; x_wconf 85' lang='lat' dir='ltr'><strong>noverunt</strong></span> 
     </span>
    </p>
   </div>
   <div class='ocr_carea' id='block_1_74' title="bbox 470 4429 2035 4512">
    <p class='ocr_par' dir='ltr' id='par_1_74' title="bbox 470 4429 2035 4512">
     <span class='ocr_line' id='line_1_74' title="bbox 470 4429 2035 4512; baseline 0.013 -30"><span class='ocrx_word' id='word_1_543' title='bbox 470 4443 650 4496; x_wconf 89' lang='lat' dir='ltr'><strong>neque</strong></span> <span class='ocrx_word' id='word_1_544' title='bbox 676 4429 743 4483; x_wconf 87' lang='lat' dir='ltr'><strong>de</strong></span> <span class='ocrx_word' id='word_1_545' title='bbox 776 4430 977 4499; x_wconf 86' lang='lat' dir='ltr'><strong>quibus</strong></span> <span class='ocrx_word' id='word_1_546' title='bbox 1006 4430 1295 4489; x_wconf 84' lang='lat' dir='ltr'><strong>allirmant.</strong></span> <span class='ocrx_word' id='word_1_547' title='bbox 1324 4436 1380 4490; x_wconf 90' lang='lat' dir='ltr'><strong>Si</strong></span> <span class='ocrx_word' id='word_1_548' title='bbox 1413 4439 1559 4492; x_wconf 88' lang='lat' dir='ltr'><strong>enim</strong></span> <span class='ocrx_word' id='word_1_549' title='bbox 1594 4440 1764 4510; x_wconf 78' lang='lat' dir='ltr'><strong>legem</strong></span> <span class='ocrx_word' id='word_1_550' title='bbox 1784 4455 2035 4512; x_wconf 87' lang='lat' dir='ltr'><strong>nossent,</strong></span> 
     </span>
    </p>
   </div>
   <div class='ocr_carea' id='block_1_75' title="bbox 468 4514 2116 4593">
    <p class='ocr_par' dir='ltr' id='par_1_75' title="bbox 468 4514 2116 4593">
     <span class='ocr_line' id='line_1_75' title="bbox 468 4514 2116 4593; baseline 0.014 -22"><span class='ocrx_word' id='word_1_551' title='bbox 468 4514 692 4573; x_wconf 81' lang='lat' dir='ltr'><strong>Christo</strong></span> <span class='ocrx_word' id='word_1_552' title='bbox 737 4520 927 4589; x_wconf 90' lang='lat' dir='ltr'><strong>utique</strong></span> <span class='ocrx_word' id='word_1_553' title='bbox 974 4522 1283 4588; x_wconf 85' lang='lat' dir='ltr'><strong>crederent,</strong></span> <span class='ocrx_word' id='word_1_554' title='bbox 1326 4540 1451 4580; x_wconf 88' lang='lat' dir='ltr'><strong>cum</strong></span> <span class='ocrx_word' id='word_1_555' title='bbox 1484 4529 1647 4584; x_wconf 86' lang='lat' dir='ltr'><strong>etiam</strong></span> <span class='ocrx_word' id='word_1_556' title='bbox 1683 4532 1813 4589; x_wconf 85' lang='lat' dir='ltr'><strong>alibi</strong></span> <span class='ocrx_word' id='word_1_557' title='bbox 1841 4536 1985 4591; x_wconf 87' lang='lat' dir='ltr'><strong>dicat</strong></span> <span class='ocrx_word' id='word_1_558' title='bbox 2018 4556 2033 4593; x_wconf 87' lang='lat'><strong>:</strong></span> <span class='ocrx_word' id='word_1_559' title='bbox 2063 4518 2116 4577; x_wconf 81' lang='lat' dir='ltr'><strong>D</strong></span> 
     </span>
    </p>
   </div>
   <div class='ocr_carea' id='block_1_76' title="bbox 479 4609 2034 4696">
    <p class='ocr_par' dir='ltr' id='par_1_76' title="bbox 479 4609 2034 4696">
     <span class='ocr_line' id='line_1_76' title="bbox 479 4609 2034 4696; baseline 0.015 -35"><span class='ocrx_word' id='word_1_560' title='bbox 479 4627 499 4661; x_wconf 81' lang='grc' dir='ltr'><strong>ι</strong></span> <span class='ocrx_word' id='word_1_561' title='bbox 541 4609 713 4664; x_wconf 70' lang='lat' dir='ltr'><strong>Dicite</strong></span> <span class='ocrx_word' id='word_1_562' title='bbox 745 4610 876 4664; x_wconf 85' lang='lat' dir='ltr'><strong>mihi</strong></span> <span class='ocrx_word' id='word_1_563' title='bbox 912 4613 1002 4681; x_wconf 91' lang='lat' dir='ltr'><strong>qui</strong></span> <span class='ocrx_word' id='word_1_564' title='bbox 1033 4613 1137 4669; x_wconf 89' lang='lat' dir='ltr'><strong>sub</strong></span> <span class='ocrx_word' id='word_1_565' title='bbox 1176 4614 1293 4686; x_wconf 59' lang='lat' dir='ltr'><strong>lege</strong></span> <span class='ocrx_word' id='word_1_566' title='bbox 1334 4618 1498 4674; x_wconf 85' lang='lat' dir='ltr'><strong>vultis</strong></span> <span class='ocrx_word' id='word_1_567' title='bbox 1538 4636 1679 4689; x_wconf 88' lang='lat' dir='ltr'><strong>esse,</strong></span> <span class='ocrx_word' id='word_1_568' title='bbox 1724 4625 1893 4696; x_wconf 75' lang='lat' dir='ltr'><strong>legem</strong></span> <span class='ocrx_word' id='word_1_569' title='bbox 1924 4645 2034 4686; x_wconf 93' lang='lat' dir='ltr'><strong>non</strong></span> 
     </span>
    </p>
   </div>
   <div class='ocr_carea' id='block_1_77' title="bbox 471 4701 2037 4785">
    <p class='ocr_par' dir='ltr' id='par_1_77' title="bbox 471 4701 2037 4785">
     <span class='ocr_line' id='line_1_77' title="bbox 471 4701 2037 4785; baseline 0.015 -30"><span class='ocrx_word' id='word_1_570' title='bbox 471 4701 806 4758; x_wconf 65' lang='lat' dir='ltr'><strong>auditis‘h</strong></span> <span class='ocrx_word' id='word_1_571' title='bbox 862 4703 1000 4759; x_wconf 88' lang='lat' dir='ltr'><strong>Nam</strong></span> <span class='ocrx_word' id='word_1_572' title='bbox 1051 4709 1095 4761; x_wconf 91' lang='lat' dir='ltr'><strong>si</strong></span> <span class='ocrx_word' id='word_1_573' title='bbox 1141 4708 1315 4779; x_wconf 77' lang='lat' dir='ltr'><strong>legem</strong></span> <span class='ocrx_word' id='word_1_574' title='bbox 1370 4712 1680 4785; x_wconf 87' lang='lat' dir='ltr'><strong>novissent,</strong></span> <span class='ocrx_word' id='word_1_575' title='bbox 1748 4720 2037 4779; x_wconf 83' lang='lat' dir='ltr'><strong>crederent</strong></span> 
     </span>
    </p>
   </div>
   <div class='ocr_carea' id='block_1_78' title="bbox 472 4795 1625 4864">
    <p class='ocr_par' dir='ltr' id='par_1_78' title="bbox 472 4795 1625 4864">
     <span class='ocr_line' id='line_1_78' title="bbox 472 4795 1625 4864; baseline 0.011 -18"><span class='ocrx_word' id='word_1_576' title='bbox 472 4795 662 4863; x_wconf 86' lang='lat' dir='ltr'><strong>utique</strong></span> <span class='ocrx_word' id='word_1_577' title='bbox 695 4797 839 4864; x_wconf 87' lang='lat' dir='ltr'><strong>quod</strong></span> <span class='ocrx_word' id='word_1_578' title='bbox 866 4797 932 4849; x_wconf 88' lang='lat' dir='ltr'><strong>ad</strong></span> <span class='ocrx_word' id='word_1_579' title='bbox 960 4798 1239 4855; x_wconf 80' lang='lat' dir='ltr'><strong>Christum</strong></span> <span class='ocrx_word' id='word_1_580' title='bbox 1271 4805 1625 4859; x_wconf 83' lang='lat' dir='ltr'><strong>transmittat.</strong></span> 
     </span>
    </p>
   </div>
   <div class='ocr_carea' id='block_1_79' title="bbox 546 4883 2037 4974">
    <p class='ocr_par' dir='ltr' id='par_1_79' title="bbox 546 4883 2037 4974">
     <span class='ocr_line' id='line_1_79' title="bbox 546 4883 2037 4974; baseline 0.015 -36"><span class='ocrx_word' id='word_1_581' title='bbox 546 4883 590 4951; x_wconf 84' lang='grc' dir='ltr'>Ι,</span> <span class='ocrx_word' id='word_1_582' title='bbox 632 4885 786 4940; x_wconf 81' lang='lat' dir='ltr'><strong>8-H.</strong></span> <span class='ocrx_word' id='word_1_583' title='bbox 818 4884 1025 4942; x_wconf 80' lang='lat' dir='ltr'><strong>Scimus</strong></span> <span class='ocrx_word' id='word_1_584' title='bbox 1054 4895 1395 4962; x_wconf 82' lang='lat' dir='ltr'><strong>autemquod</strong></span> <span class='ocrx_word' id='word_1_585' title='bbox 1425 4898 1561 4951; x_wconf 88' lang='lat' dir='ltr'><strong>bona</strong></span> <span class='ocrx_word' id='word_1_586' title='bbox 1593 4899 1664 4952; x_wconf 78' lang='lat' dir='ltr'><strong>sit</strong></span> <span class='ocrx_word' id='word_1_587' title='bbox 1709 4900 1815 4969; x_wconf 72' lang='lat' dir='ltr'><strong>lex,</strong></span> <span class='ocrx_word' id='word_1_588' title='bbox 1843 4903 1891 4957; x_wconf 78' lang='lat' dir='ltr'><strong>si</strong></span> <span class='ocrx_word' id='word_1_589' title='bbox 1919 4908 2037 4974; x_wconf 78' lang='lat' dir='ltr'><strong>quis</strong></span> 
     </span>
    </p>
   </div>
   <div class='ocr_carea' id='block_1_80' title="bbox 472 4978 2034 5062">
    <p class='ocr_par' dir='ltr' id='par_1_80' title="bbox 472 4978 2034 5062">
     <span class='ocr_line' id='line_1_80' title="bbox 472 4978 2034 5062; baseline 0.015 -30"><span class='ocrx_word' id='word_1_590' title='bbox 472 4994 533 5033; x_wconf 90' lang='lat' dir='ltr'><strong>ea</strong></span> <span class='ocrx_word' id='word_1_591' title='bbox 569 4978 802 5050; x_wconf 82' lang='lat' dir='ltr'><strong>legitime</strong></span> <span class='ocrx_word' id='word_1_592' title='bbox 835 4991 1042 5046; x_wconf 83' lang='lat' dir='ltr'><strong>utatur,</strong></span> <span class='ocrx_word' id='word_1_593' title='bbox 1082 4985 1249 5040; x_wconf 78' lang='lat' dir='ltr'><strong>sciens</strong></span> <span class='ocrx_word' id='word_1_594' title='bbox 1296 4986 1433 5042; x_wconf 84' lang='lat' dir='ltr'><strong>illud</strong></span> <span class='ocrx_word' id='word_1_595' title='bbox 1461 4994 1600 5059; x_wconf 86' lang='lat' dir='ltr'><strong>quod</strong></span> <span class='ocrx_word' id='word_1_596' title='bbox 1644 4996 1792 5062; x_wconf 81' lang='lat' dir='ltr'><strong>justo</strong></span> <span class='ocrx_word' id='word_1_597' title='bbox 1822 5014 1925 5053; x_wconf 83' lang='lat' dir='ltr'><strong>non</strong></span> <span class='ocrx_word' id='word_1_598' title='bbox 1963 5003 2034 5056; x_wconf 74' lang='grc' dir='ltr'><strong>ιίι</strong></span> 
     </span>
    </p>
   </div>
   <div class='ocr_carea' id='block_1_81' title="bbox 471 5072 2033 5160">
    <p class='ocr_par' dir='ltr' id='par_1_81' title="bbox 471 5072 2033 5160">
     <span class='ocr_line' id='line_1_81' title="bbox 471 5072 2033 5160; baseline 0.018 -38"><span class='ocrx_word' id='word_1_599' title='bbox 471 5073 558 5123; x_wconf 82' lang='lat' dir='ltr'><strong>tea:</strong></span> <span class='ocrx_word' id='word_1_600' title='bbox 578 5072 773 5138; x_wconf 85' lang='lat' dir='ltr'><strong>posita,</strong></span> <span class='ocrx_word' id='word_1_601' title='bbox 799 5072 890 5127; x_wconf 80' lang='lat' dir='ltr'><strong>sed</strong></span> <span class='ocrx_word' id='word_1_602' title='bbox 920 5074 1131 5137; x_wconf 74' lang='lat' dir='ltr'><strong>iniustis</strong></span> <span class='ocrx_word' id='word_1_603' title='bbox 1172 5086 1222 5131; x_wconf 87' lang='lat' dir='ltr'><strong>et</strong></span> <span class='ocrx_word' id='word_1_604' title='bbox 1263 5094 1364 5134; x_wconf 86' lang='lat' dir='ltr'><strong>non</strong></span> <span class='ocrx_word' id='word_1_605' title='bbox 1398 5080 1821 5155; x_wconf 77' lang='lat' dir='ltr'><strong>obsequentibus,</strong></span> <span class='ocrx_word' id='word_1_606' title='bbox 1858 5094 2033 5160; x_wconf 79' lang='lat' dir='ltr'><strong>impiis</strong></span> 
     </span>
    </p>
   </div>
   <div class='ocr_carea' id='block_1_82' title="bbox 467 5165 2036 5253">
    <p class='ocr_par' dir='ltr' id='par_1_82' title="bbox 467 5165 2036 5253">
     <span class='ocr_line' id='line_1_82' title="bbox 467 5165 2036 5253; baseline 0.016 -37"><span class='ocrx_word' id='word_1_607' title='bbox 467 5172 517 5216; x_wconf 91' lang='lat' dir='ltr'><strong>et</strong></span> <span class='ocrx_word' id='word_1_608' title='bbox 564 5165 947 5231; x_wconf 81' lang='lat' dir='ltr'><strong>peccatoribus,</strong></span> <span class='ocrx_word' id='word_1_609' title='bbox 995 5167 1395 5226; x_wconf 82' lang='lat' dir='ltr'><strong>irreverentibus</strong></span> <span class='ocrx_word' id='word_1_610' title='bbox 1424 5183 1475 5227; x_wconf 87' lang='lat' dir='ltr'><strong>et</strong></span> <span class='ocrx_word' id='word_1_611' title='bbox 1517 5179 1824 5246; x_wconf 72' lang='lat' dir='ltr'><strong>prop/ranis,</strong></span> <span class='ocrx_word' id='word_1_612' title='bbox 1866 5190 2036 5253; x_wconf 85' lang='lat' dir='ltr'><strong>patri-</strong></span> 
     </span>
    </p>
   </div>
   <div class='ocr_carea' id='block_1_83' title="bbox 468 5253 2033 5336">
    <p class='ocr_par' dir='ltr' id='par_1_83' title="bbox 468 5253 2033 5336">
     <span class='ocr_line' id='line_1_83' title="bbox 468 5253 2033 5336; baseline 0.019 -32"><span class='ocrx_word' id='word_1_613' title='bbox 468 5253 602 5307; x_wconf 80' lang='lat' dir='ltr'><strong>cidis</strong></span> <span class='ocrx_word' id='word_1_614' title='bbox 635 5264 684 5308; x_wconf 89' lang='lat' dir='ltr'><strong>et</strong></span> <span class='ocrx_word' id='word_1_615' title='bbox 710 5256 1026 5323; x_wconf 79' lang='lat' dir='ltr'><strong>matricidis,</strong></span> <span class='ocrx_word' id='word_1_616' title='bbox 1069 5257 1364 5328; x_wconf 65' lang='lat' dir='ltr'><strong>homicidia,</strong></span> <span class='ocrx_word' id='word_1_617' title='bbox 1395 5271 1796 5336; x_wconf 72' lang='lat' dir='ltr'><strong>scortatoribus,</strong></span> <span class='ocrx_word' id='word_1_618' title='bbox 1822 5292 2033 5333; x_wconf 78' lang='lat' dir='ltr'><strong>mascu-</strong></span> 
     </span>
    </p>
   </div>
   <div class='ocr_carea' id='block_1_84' title="bbox 470 5343 2035 5436">
    <p class='ocr_par' dir='ltr' id='par_1_84' title="bbox 470 5343 2035 5436">
     <span class='ocr_line' id='line_1_84' title="bbox 470 5343 2035 5436; baseline 0.013 -41"><span class='ocrx_word' id='word_1_619' title='bbox 470 5343 641 5397; x_wconf 83' lang='lat' dir='ltr'><strong>lorum</strong></span> <span class='ocrx_word' id='word_1_620' title='bbox 686 5347 1130 5418; x_wconf 80' lang='lat' dir='ltr'><strong>concubitoribus,</strong></span> <span class='ocrx_word' id='word_1_621' title='bbox 1179 5352 1479 5423; x_wconf 79' lang='lat' dir='ltr'><strong>plagiariis,</strong></span> <span class='ocrx_word' id='word_1_622' title='bbox 1527 5363 1887 5434; x_wconf 73' lang='lat' dir='ltr'><strong>mendacibus,</strong></span> <span class='ocrx_word' id='word_1_623' title='bbox 1917 5388 2035 5436; x_wconf 76' lang='lat' dir='ltr'><strong>per-</strong></span> 
     </span>
    </p>
   </div>
   <div class='ocr_carea' id='block_1_85' title="bbox 461 5438 2033 5520">
    <p class='ocr_par' dir='ltr' id='par_1_85' title="bbox 461 5438 2033 5520">
     <span class='ocr_line' id='line_1_85' title="bbox 461 5438 2033 5520; baseline 0.02 -32"><span class='ocrx_word' id='word_1_624' title='bbox 461 5438 627 5508; x_wconf 83' lang='lat' dir='ltr'><strong>juris,</strong></span> <span class='ocrx_word' id='word_1_625' title='bbox 674 5446 724 5491; x_wconf 89' lang='lat' dir='ltr'><strong>et</strong></span> <span class='ocrx_word' id='word_1_626' title='bbox 777 5439 825 5493; x_wconf 83' lang='lat' dir='ltr'><strong>si</strong></span> <span class='ocrx_word' id='word_1_627' title='bbox 867 5441 996 5509; x_wconf 83' lang='lat' dir='ltr'><strong>quid</strong></span> <span class='ocrx_word' id='word_1_628' title='bbox 1048 5442 1197 5497; x_wconf 78' lang='lat' dir='ltr'><strong>aliud</strong></span> <span class='ocrx_word' id='word_1_629' title='bbox 1256 5455 1336 5499; x_wconf 79' lang='lat' dir='ltr'><strong>est</strong></span> <span class='ocrx_word' id='word_1_630' title='bbox 1392 5452 1532 5518; x_wconf 86' lang='lat' dir='ltr'><strong>quod</strong></span> <span class='ocrx_word' id='word_1_631' title='bbox 1573 5470 1720 5510; x_wconf 70' lang='lat' dir='ltr'><strong>same</strong></span> <span class='ocrx_word' id='word_1_632' title='bbox 1776 5459 2033 5520; x_wconf 73' lang='lat' dir='ltr'><strong>doctrina:</strong></span> 
     </span>
    </p>
   </div>
   <div class='ocr_carea' id='block_1_86' title="bbox 467 5528 2028 5622">
    <p class='ocr_par' dir='ltr' id='par_1_86' title="bbox 467 5528 2028 5622">
     <span class='ocr_line' id='line_1_86' title="bbox 467 5528 2028 5622; baseline 0.019 -42"><span class='ocrx_word' id='word_1_633' title='bbox 467 5528 804 5595; x_wconf 78' lang='lat' dir='ltr'><strong>adversatur,</strong></span> <span class='ocrx_word' id='word_1_634' title='bbox 835 5531 1122 5587; x_wconf 77' lang='lat' dir='ltr'><strong>secundum</strong></span> <span class='ocrx_word' id='word_1_635' title='bbox 1159 5534 1508 5609; x_wconf 84' lang='lat' dir='ltr'><strong>Evangelium</strong></span> <span class='ocrx_word' id='word_1_636' title='bbox 1529 5544 1713 5614; x_wconf 81' lang='lat' dir='ltr'><strong>gloria:</strong></span> <span class='ocrx_word' id='word_1_637' title='bbox 1743 5550 1881 5605; x_wconf 84' lang='lat' dir='ltr'><strong>beati</strong></span> <span class='ocrx_word' id='word_1_638' title='bbox 1916 5553 2028 5622; x_wconf 75' lang='lat' dir='ltr'><strong>Dei,</strong></span> 
     </span>
    </p>
   </div>
   <div class='ocr_carea' id='block_1_87' title="bbox 467 5620 1274 5689">
    <p class='ocr_par' dir='ltr' id='par_1_87' title="bbox 467 5620 1274 5689">
     <span class='ocr_line' id='line_1_87' title="bbox 467 5620 1274 5689; baseline 0.015 -17"><span class='ocrx_word' id='word_1_639' title='bbox 467 5620 610 5689; x_wconf 86' lang='lat' dir='ltr'><strong>quod</strong></span> <span class='ocrx_word' id='word_1_640' title='bbox 630 5620 986 5676; x_wconf 84' lang='lat' dir='ltr'><strong>concreditum</strong></span> <span class='ocrx_word' id='word_1_641' title='bbox 1013 5633 1089 5679; x_wconf 67' lang='lat' dir='ltr'><strong>est</strong></span> <span class='ocrx_word' id='word_1_642' title='bbox 1125 5629 1274 5684; x_wconf 83' lang='lat' dir='ltr'><strong>mihi.</strong></span> 
     </span>
    </p>
   </div>
   <div class='ocr_carea' id='block_1_88' title="bbox 538 5797 1013 5872">
    <p class='ocr_par' dir='ltr' id='par_1_88' title="bbox 538 5797 1013 5872">
     <span class='ocr_line' id='line_1_88' title="bbox 538 5797 1013 5872; baseline 0.013 -18"><span class='ocrx_word' id='word_1_643' title='bbox 538 5799 559 5833; x_wconf 79' lang='grc'>⁸</span> <span class='ocrx_word' id='word_1_644' title='bbox 598 5797 771 5857; x_wconf 78' lang='lat' dir='ltr'><strong>Galal.</strong></span> <span class='ocrx_word' id='word_1_645' title='bbox 814 5820 887 5872; x_wconf 76' lang='lat' dir='ltr'><strong>IV,</strong></span> <span class='ocrx_word' id='word_1_646' title='bbox 919 5806 1013 5865; x_wconf 78' lang='lat'><strong>2!.</strong></span> 
     </span>
    </p>
   </div>
   <div class='ocr_carea' id='block_1_89' title="bbox 2142 3258 3718 3338">
    <p class='ocr_par' dir='ltr' id='par_1_89' title="bbox 2142 3258 3718 3338">
     <span class='ocr_line' id='line_1_89' title="bbox 2142 3258 3718 3338; baseline 0.003 -20"><span class='ocrx_word' id='word_1_647' title='bbox 2142 3258 2266 3329; x_wconf 78' lang='grc' dir='ltr'>Ὧν,</span> <span class='ocrx_word' id='word_1_648' title='bbox 2299 3266 2408 3318; x_wconf 82' lang='grc' dir='ltr'>τῶν</span> <span class='ocrx_word' id='word_1_649' title='bbox 2453 3265 2782 3336; x_wconf 71' lang='grc' dir='ltr'>εἰρημένων,</span> <span class='ocrx_word' id='word_1_650' title='bbox 2814 3266 2914 3335; x_wconf 79' lang='grc' dir='ltr'><strong>τῆς</strong></span> <span class='ocrx_word' id='word_1_651' title='bbox 2957 3268 3015 3320; x_wconf 80' lang='grc' dir='ltr'>ἐν</span> <span class='ocrx_word' id='word_1_652' title='bbox 3054 3267 3234 3321; x_wconf 83' lang='grc' dir='ltr'>πίστει</span> <span class='ocrx_word' id='word_1_653' title='bbox 3279 3268 3592 3338; x_wconf 69' lang='grc' dir='ltr'>οἰκονομίας</span> <span class='ocrx_word' id='word_1_654' title='bbox 3620 3266 3718 3322; x_wconf 80' lang='grc' dir='ltr'><strong>τοῦ</strong></span> 
     </span>
    </p>
   </div>
   <div class='ocr_carea' id='block_1_90' title="bbox 2142 3354 3712 3432">
    <p class='ocr_par' dir='ltr' id='par_1_90' title="bbox 2142 3354 3712 3432">
     <span class='ocr_line' id='line_1_90' title="bbox 2142 3354 3712 3432; baseline 0.003 -24"><span class='ocrx_word' id='word_1_655' title='bbox 2142 3354 2299 3421; x_wconf 85' lang='grc' dir='ltr'>Θεοῦ,</span> <span class='ocrx_word' id='word_1_656' title='bbox 2336 3356 2431 3409; x_wconf 80' lang='grc' dir='ltr'>καὶ</span> <span class='ocrx_word' id='word_1_657' title='bbox 2461 3356 2562 3425; x_wconf 84' lang='grc' dir='ltr'><strong>τῆς</strong></span> <span class='ocrx_word' id='word_1_658' title='bbox 2589 3357 2951 3425; x_wconf 75' lang='grc' dir='ltr'>ἀνυποκρίτου</span> <span class='ocrx_word' id='word_1_659' title='bbox 2984 3360 3221 3429; x_wconf 83' lang='grc' dir='ltr'>ἀγάπης.</span> <span class='ocrx_word' id='word_1_660' title='bbox 3273 3377 3293 3411; x_wconf 78' lang='grc' dir='ltr'><strong>ι</strong></span> <span class='ocrx_word' id='word_1_661' title='bbox 3345 3360 3712 3432; x_wconf 77' lang='grc' dir='ltr'>Ἀστοχήσαν-</span> 
     </span>
    </p>
   </div>
   <div class='ocr_carea' id='block_1_91' title="bbox 2140 3447 3705 3522">
    <p class='ocr_par' dir='ltr' id='par_1_91' title="bbox 2140 3447 3705 3522">
     <span class='ocr_line' id='line_1_91' title="bbox 2140 3447 3705 3522; baseline 0.004 -23"><span class='ocrx_word' id='word_1_662' title='bbox 2140 3463 2251 3511; x_wconf 80' lang='grc' dir='ltr'>τες.</span> <span class='ocrx_word' id='word_1_663' title='bbox 2292 3465 2311 3499; x_wconf 79' lang='grc' dir='ltr'><strong>ι</strong></span> <span class='ocrx_word' id='word_1_664' title='bbox 2348 3447 2553 3518; x_wconf 78' lang='grc' dir='ltr'>Τέχνης</span> <span class='ocrx_word' id='word_1_665' title='bbox 2577 3449 2683 3519; x_wconf 74' lang='grc' dir='ltr'>γὰρ</span> <span class='ocrx_word' id='word_1_666' title='bbox 2712 3449 2903 3515; x_wconf 82' lang='grc' dir='ltr'>δεῖται,</span> <span class='ocrx_word' id='word_1_667' title='bbox 2939 3448 3079 3502; x_wconf 82' lang='grc' dir='ltr'>ὥστε</span> <span class='ocrx_word' id='word_1_668' title='bbox 3106 3451 3180 3522; x_wconf 80' lang='grc' dir='ltr'>μὴ</span> <span class='ocrx_word' id='word_1_669' title='bbox 3226 3450 3330 3515; x_wconf 76' lang='grc' dir='ltr'><strong>ἔξω</strong></span> <span class='ocrx_word' id='word_1_670' title='bbox 3365 3451 3457 3505; x_wconf 86' lang='grc' dir='ltr'><strong>τοῦ</strong></span> <span class='ocrx_word' id='word_1_671' title='bbox 3495 3451 3705 3507; x_wconf 81' lang='grc' dir='ltr'>σκοποῦ</span> 
     </span>
    </p>
   </div>
   <div class='ocr_carea' id='block_1_92' title="bbox 2142 3537 3715 3610">
    <p class='ocr_par' dir='ltr' id='par_1_92' title="bbox 2142 3537 3715 3610">
     <span class='ocr_line' id='line_1_92' title="bbox 2142 3537 3715 3610; baseline 0.004 -20"><span class='ocrx_word' id='word_1_672' title='bbox 2142 3537 2240 3607; x_wconf 81' lang='grc' dir='ltr'>τῆς</span> <span class='ocrx_word' id='word_1_673' title='bbox 2265 3537 2523 3609; x_wconf 84' lang='grc' dir='ltr'>ἀληθείας</span> <span class='ocrx_word' id='word_1_674' title='bbox 2543 3542 2749 3594; x_wconf 85' lang='grc' dir='ltr'>πεσεῖν.</span> <span class='ocrx_word' id='word_1_675' title='bbox 2789 3558 2809 3591; x_wconf 78' lang='grc' dir='ltr'><strong>ι</strong></span> <span class='ocrx_word' id='word_1_676' title='bbox 2845 3541 2934 3602; x_wconf 84' lang='grc' dir='ltr'><strong>Εἰς</strong></span> <span class='ocrx_word' id='word_1_677' title='bbox 2966 3541 3369 3610; x_wconf 78' lang='grc' dir='ltr'>ματαιολογίαν.</span> <span class='ocrx_word' id='word_1_678' title='bbox 3405 3561 3426 3595; x_wconf 76' lang='grc' dir='ltr'><strong>ι</strong></span> <span class='ocrx_word' id='word_1_679' title='bbox 3468 3544 3534 3597; x_wconf 87' lang='grc' dir='ltr'>Ὅ</span> <span class='ocrx_word' id='word_1_680' title='bbox 3559 3540 3715 3597; x_wconf 71' lang='grc' dir='ltr'>εἶπεν</span> 
     </span>
    </p>
   </div>
   <div class='ocr_carea' id='block_1_93' title="bbox 2141 3628 3721 3705">
    <p class='ocr_par' dir='ltr' id='par_1_93' title="bbox 2141 3628 3721 3705">
     <span class='ocr_line' id='line_1_93' title="bbox 2141 3628 3721 3705; baseline 0.004 -23"><span class='ocrx_word' id='word_1_681' title='bbox 2141 3628 2255 3682; x_wconf 81' lang='grc' dir='ltr'>ἀνω</span> <span class='ocrx_word' id='word_1_682' title='bbox 2276 3645 2290 3660; x_wconf 87' lang='grc'><strong>·</strong></span> <span class='ocrx_word' id='word_1_683' title='bbox 2328 3630 2421 3693; x_wconf 78' lang='grc' dir='ltr'><strong>Εἰς</strong></span> <span class='ocrx_word' id='word_1_684' title='bbox 2451 3629 2705 3701; x_wconf 77' lang='grc' dir='ltr'>ζητήσεις</span> <span class='ocrx_word' id='word_1_685' title='bbox 2739 3633 2832 3683; x_wconf 77' lang='grc' dir='ltr'><strong>καὶ</strong></span> <span class='ocrx_word' id='word_1_686' title='bbox 2860 3633 3234 3701; x_wconf 79' lang='grc' dir='ltr'>γενεαλογίας,</span> <span class='ocrx_word' id='word_1_687' title='bbox 3267 3634 3362 3689; x_wconf 88' lang='grc' dir='ltr'><strong>νῦν</strong></span> <span class='ocrx_word' id='word_1_688' title='bbox 3387 3634 3555 3705; x_wconf 80' lang='grc' dir='ltr'>λέγει,</span> <span class='ocrx_word' id='word_1_689' title='bbox 3592 3637 3721 3691; x_wconf 77' lang='grc' dir='ltr'><strong>Μα-</strong></span> 
     </span>
    </p>
   </div>
   <div class='ocr_carea' id='block_1_94' title="bbox 2141 3720 3716 3800">
    <p class='ocr_par' dir='ltr' id='par_1_94' title="bbox 2141 3720 3716 3800">
     <span class='ocr_line' id='line_1_94' title="bbox 2141 3720 3716 3800; baseline 0.004 -25"><span class='ocrx_word' id='word_1_690' title='bbox 2141 3720 2470 3791; x_wconf 86' lang='grc' dir='ltr'>ταιολογίαν.</span> <span class='ocrx_word' id='word_1_691' title='bbox 2518 3743 2534 3774; x_wconf 83' lang='grc' dir='ltr'><strong>ι</strong></span> <span class='ocrx_word' id='word_1_692' title='bbox 2570 3724 2825 3787; x_wconf 74' lang='grc' dir='ltr'>Θέλοντες</span> <span class='ocrx_word' id='word_1_693' title='bbox 2850 3720 2990 3779; x_wconf 80' lang='grc' dir='ltr'>εἶναι</span> <span class='ocrx_word' id='word_1_694' title='bbox 3020 3726 3480 3795; x_wconf 82' lang='grc' dir='ltr'>νομοδιδάσκαλοι.</span> <span class='ocrx_word' id='word_1_695' title='bbox 3512 3730 3716 3800; x_wconf 79' lang='grc' dir='ltr'>»Ἀλλη</span> 
     </span>
    </p>
   </div>
   <div class='ocr_carea' id='block_1_95' title="bbox 2142 3814 3716 3890">
    <p class='ocr_par' dir='ltr' id='par_1_95' title="bbox 2142 3814 3716 3890">
     <span class='ocr_line' id='line_1_95' title="bbox 2142 3814 3716 3890; baseline 0.004 -25"><span class='ocrx_word' id='word_1_696' title='bbox 2142 3814 2414 3885; x_wconf 82' lang='grc' dir='ltr'>πρόφασις</span> <span class='ocrx_word' id='word_1_697' title='bbox 2445 3814 2722 3884; x_wconf 84' lang='grc' dir='ltr'>ἀστοχίας.</span> <span class='ocrx_word' id='word_1_698' title='bbox 2755 3817 2827 3868; x_wconf 73' lang='grc' dir='ltr'><strong>Οὐ</strong></span> <span class='ocrx_word' id='word_1_699' title='bbox 2860 3817 2970 3887; x_wconf 85' lang='grc' dir='ltr'>γὰρ</span> <span class='ocrx_word' id='word_1_700' title='bbox 3015 3818 3196 3887; x_wconf 79' lang='grc' dir='ltr'>μόνον,</span> <span class='ocrx_word' id='word_1_701' title='bbox 3237 3820 3390 3887; x_wconf 75' lang='grc' dir='ltr'>φησὶ,</span> <span class='ocrx_word' id='word_1_702' title='bbox 3422 3819 3481 3873; x_wconf 85' lang='grc' dir='ltr'>τὸ</span> <span class='ocrx_word' id='word_1_703' title='bbox 3517 3820 3716 3890; x_wconf 79' lang='grc' dir='ltr'>μισάλ-</span> 
     </span>
    </p>
   </div>
   <div class='ocr_carea' id='block_1_96' title="bbox 2142 3906 3719 3979">
    <p class='ocr_par' dir='ltr' id='par_1_96' title="bbox 2142 3906 3719 3979">
     <span class='ocr_line' id='line_1_96' title="bbox 2142 3906 3719 3979; baseline 0.004 -19"><span class='ocrx_word' id='word_1_704' title='bbox 2142 3906 2327 3974; x_wconf 87' lang='grc' dir='ltr'>ληλον,</span> <span class='ocrx_word' id='word_1_705' title='bbox 2359 3906 2497 3961; x_wconf 87' lang='grc' dir='ltr'><strong>ἀλλά</strong></span> <span class='ocrx_word' id='word_1_706' title='bbox 2529 3907 2623 3961; x_wconf 71' lang='grc' dir='ltr'><strong>καὶ</strong></span> <span class='ocrx_word' id='word_1_707' title='bbox 2671 3906 2732 3960; x_wconf 80' lang='grc' dir='ltr'><strong>τὸ</strong></span> <span class='ocrx_word' id='word_1_708' title='bbox 2774 3907 3034 3979; x_wconf 81' lang='grc' dir='ltr'>φίλαρχον</span> <span class='ocrx_word' id='word_1_709' title='bbox 3076 3911 3154 3971; x_wconf 85' lang='grc' dir='ltr'>εἰς</span> <span class='ocrx_word' id='word_1_710' title='bbox 3198 3910 3355 3964; x_wconf 83' lang='grc' dir='ltr'>τοῦτο</span> <span class='ocrx_word' id='word_1_711' title='bbox 3402 3913 3542 3979; x_wconf 77' lang='grc' dir='ltr'>ἄγει,</span> <span class='ocrx_word' id='word_1_712' title='bbox 3578 3913 3719 3976; x_wconf 40' lang='lat' dir='ltr'><strong>orso</strong></span> 
     </span>
    </p>
   </div>
   <div class='ocr_carea' id='block_1_97' title="bbox 2141 3996 3712 4073">
    <p class='ocr_par' dir='ltr' id='par_1_97' title="bbox 2141 3996 3712 4073">
     <span class='ocr_line' id='line_1_97' title="bbox 2141 3996 3712 4073; baseline 0.003 -21"><span class='ocrx_word' id='word_1_713' title='bbox 2141 3996 2237 4052; x_wconf 79' lang='grc' dir='ltr'><strong>καὶ</strong></span> <span class='ocrx_word' id='word_1_714' title='bbox 2269 3998 2399 4051; x_wconf 84' lang='grc' dir='ltr'>αὐτὸ</span> <span class='ocrx_word' id='word_1_715' title='bbox 2430 4000 2494 4050; x_wconf 83' lang='grc' dir='ltr'>ὲκ</span> <span class='ocrx_word' id='word_1_716' title='bbox 2524 3997 2618 4051; x_wconf 82' lang='grc' dir='ltr'><strong>τοῦ</strong></span> <span class='ocrx_word' id='word_1_717' title='bbox 2671 3998 2862 4069; x_wconf 85' lang='grc' dir='ltr'>μίσους</span> <span class='ocrx_word' id='word_1_718' title='bbox 2906 4000 3179 4072; x_wconf 78' lang='grc' dir='ltr'>ἐγείρεται</span> <span class='ocrx_word' id='word_1_719' title='bbox 3219 4003 3311 4054; x_wconf 81' lang='grc' dir='ltr'>καὶ</span> <span class='ocrx_word' id='word_1_720' title='bbox 3351 4002 3445 4055; x_wconf 80' lang='grc' dir='ltr'><strong>τοῦ</strong></span> <span class='ocrx_word' id='word_1_721' title='bbox 3491 4002 3712 4073; x_wconf 68' lang='grc' dir='ltr'>φθόνου.</span> 
     </span>
    </p>
   </div>
   <div class='ocr_carea' id='block_1_98' title="bbox 2148 4089 3716 4161">
    <p class='ocr_par' dir='ltr' id='par_1_98' title="bbox 2148 4089 3716 4161">
     <span class='ocr_line' id='line_1_98' title="bbox 2148 4089 3716 4161; baseline 0.003 -20"><span class='ocrx_word' id='word_1_722' title='bbox 2148 4107 2167 4141; x_wconf 80' lang='grc' dir='ltr'><strong>ι</strong></span> <span class='ocrx_word' id='word_1_723' title='bbox 2215 4091 2306 4160; x_wconf 80' lang='grc' dir='ltr'><strong>Μὴ</strong></span> <span class='ocrx_word' id='word_1_724' title='bbox 2342 4089 2765 4161; x_wconf 45' lang='grc' dir='ltr'>νοοῦντεςκμήτε</span> <span class='ocrx_word' id='word_1_725' title='bbox 2813 4090 2848 4144; x_wconf 76' lang='grc' dir='ltr'><strong>ἃ</strong></span> <span class='ocrx_word' id='word_1_726' title='bbox 2883 4091 3121 4159; x_wconf 82' lang='grc' dir='ltr'>λέγουσι.</span> <span class='ocrx_word' id='word_1_727' title='bbox 3156 4111 3175 4143; x_wconf 73' lang='grc' dir='ltr'><strong>ι</strong></span> <span class='ocrx_word' id='word_1_728' title='bbox 3212 4092 3391 4158; x_wconf 77' lang='grc' dir='ltr'>Δείξαι</span> <span class='ocrx_word' id='word_1_729' title='bbox 3419 4094 3580 4155; x_wconf 80' lang='grc' dir='ltr'>Θέλει,</span> <span class='ocrx_word' id='word_1_730' title='bbox 3632 4096 3716 4149; x_wconf 80' lang='grc' dir='ltr'><strong>ὅτι</strong></span> 
     </span>
    </p>
   </div>
   <div class='ocr_carea' id='block_1_99' title="bbox 2140 4179 3715 4254">
    <p class='ocr_par' dir='ltr' id='par_1_99' title="bbox 2140 4179 3715 4254">
     <span class='ocr_line' id='line_1_99' title="bbox 2140 4179 3715 4254; baseline 0.003 -17"><span class='ocrx_word' id='word_1_731' title='bbox 2140 4182 2307 4245; x_wconf 77' lang='grc' dir='ltr'>ὅντως</span> <span class='ocrx_word' id='word_1_732' title='bbox 2339 4183 2450 4236; x_wconf 79' lang='grc' dir='ltr'><strong>ἀπὸ</strong></span> <span class='ocrx_word' id='word_1_733' title='bbox 2477 4182 2767 4253; x_wconf 67' lang='grc' dir='ltr'>φιλαρχίας</span> <span class='ocrx_word' id='word_1_734' title='bbox 2796 4179 2960 4254; x_wconf 81' lang='grc' dir='ltr'>ἦλθον</span> <span class='ocrx_word' id='word_1_735' title='bbox 2988 4186 3069 4248; x_wconf 79' lang='grc' dir='ltr'><strong>είς</strong></span> <span class='ocrx_word' id='word_1_736' title='bbox 3106 4185 3166 4237; x_wconf 81' lang='grc' dir='ltr'>τὸ</span> <span class='ocrx_word' id='word_1_737' title='bbox 3201 4185 3373 4238; x_wconf 81' lang='grc' dir='ltr'>θέλειν</span> <span class='ocrx_word' id='word_1_738' title='bbox 3400 4183 3539 4241; x_wconf 79' lang='grc' dir='ltr'>εἶναι</span> <span class='ocrx_word' id='word_1_739' title='bbox 3564 4188 3715 4242; x_wconf 75' lang='grc' dir='ltr'>διδάσ-</span> 
     </span>
    </p>
   </div>
   <div class='ocr_carea' id='block_1_100' title="bbox 2143 4273 3714 4351">
    <p class='ocr_par' dir='ltr' id='par_1_100' title="bbox 2143 4273 3714 4351">
     <span class='ocr_line' id='line_1_100' title="bbox 2143 4273 3714 4351; baseline 0.006 -25"><span class='ocrx_word' id='word_1_740' title='bbox 2143 4276 2352 4331; x_wconf 85' lang='grc' dir='ltr'>σκαλοι.</span> <span class='ocrx_word' id='word_1_741' title='bbox 2402 4276 2542 4329; x_wconf 72' lang='grc' dir='ltr'>Οὔτε</span> <span class='ocrx_word' id='word_1_742' title='bbox 2589 4276 2698 4349; x_wconf 81' lang='grc' dir='ltr'><strong>γὰρ</strong></span> <span class='ocrx_word' id='word_1_743' title='bbox 2744 4278 2835 4329; x_wconf 71' lang='grc' dir='ltr'>τὸν</span> <span class='ocrx_word' id='word_1_744' title='bbox 2882 4277 3047 4346; x_wconf 77' lang='grc' dir='ltr'>νόμον</span> <span class='ocrx_word' id='word_1_745' title='bbox 3077 4276 3277 4343; x_wconf 75' lang='grc' dir='ltr'>ἴσασιν,</span> <span class='ocrx_word' id='word_1_746' title='bbox 3308 4278 3431 4332; x_wconf 76' lang='grc' dir='ltr'>οὔτε</span> <span class='ocrx_word' id='word_1_747' title='bbox 3479 4280 3608 4351; x_wconf 78' lang='grc' dir='ltr'><strong>περὶ</strong></span> <span class='ocrx_word' id='word_1_748' title='bbox 3636 4273 3714 4335; x_wconf 83' lang='grc' dir='ltr'>ὧν</span> 
     </span>
    </p>
   </div>
   <div class='ocr_carea' id='block_1_101' title="bbox 2139 4367 3716 4445">
    <p class='ocr_par' dir='ltr' id='par_1_101' title="bbox 2139 4367 3716 4445">
     <span class='ocr_line' id='line_1_101' title="bbox 2139 4367 3716 4445; baseline 0.003 -23"><span class='ocrx_word' id='word_1_749' title='bbox 2139 4367 2593 4422; x_wconf 76' lang='grc' dir='ltr'>διαϐεϐαιοῦνται.</span> <span class='ocrx_word' id='word_1_750' title='bbox 2640 4368 2703 4421; x_wconf 78' lang='grc' dir='ltr'><strong>Εἰ</strong></span> <span class='ocrx_word' id='word_1_751' title='bbox 2745 4369 2853 4438; x_wconf 78' lang='grc' dir='ltr'>γὰρ</span> <span class='ocrx_word' id='word_1_752' title='bbox 2892 4370 3113 4441; x_wconf 68' lang='grc' dir='ltr'>ᾔδεισαν</span> <span class='ocrx_word' id='word_1_753' title='bbox 3144 4371 3233 4424; x_wconf 76' lang='grc' dir='ltr'>τὸν</span> <span class='ocrx_word' id='word_1_754' title='bbox 3264 4371 3448 4437; x_wconf 85' lang='grc' dir='ltr'>νόμον,</span> <span class='ocrx_word' id='word_1_755' title='bbox 3491 4373 3716 4445; x_wconf 80' lang='grc' dir='ltr'>Χριστῷ</span> 
     </span>
    </p>
   </div>
   <div class='ocr_carea' id='block_1_102' title="bbox 2141 4458 3714 4536">
    <p class='ocr_par' dir='ltr' id='par_1_102' title="bbox 2141 4458 3714 4536">
     <span class='ocr_line' id='line_1_102' title="bbox 2141 4458 3714 4536; baseline 0.005 -22"><span class='ocrx_word' id='word_1_756' title='bbox 2141 4458 2207 4514; x_wconf 84' lang='grc' dir='ltr'><strong>ἂν</strong></span> <span class='ocrx_word' id='word_1_757' title='bbox 2234 4461 2535 4526; x_wconf 84' lang='grc' dir='ltr'>ἐπίστευον,</span> <span class='ocrx_word' id='word_1_758' title='bbox 2573 4463 2602 4515; x_wconf 83' lang='grc' dir='ltr'><strong>ὅ</strong></span> <span class='ocrx_word' id='word_1_759' title='bbox 2632 4464 2726 4516; x_wconf 79' lang='grc' dir='ltr'><strong>καὶ</strong></span> <span class='ocrx_word' id='word_1_760' title='bbox 2764 4464 2997 4534; x_wconf 83' lang='grc' dir='ltr'>ἀλλαχοῦ</span> <span class='ocrx_word' id='word_1_761' title='bbox 3032 4482 3163 4534; x_wconf 68' lang='grc' dir='ltr'>φησι</span> <span class='ocrx_word' id='word_1_762' title='bbox 3185 4481 3199 4496; x_wconf 82' lang='lat'><strong><em>°</em></strong></span> <span class='ocrx_word' id='word_1_763' title='bbox 3234 4484 3251 4517; x_wconf 80' lang='grc' dir='ltr'><strong>ι</strong></span> <span class='ocrx_word' id='word_1_764' title='bbox 3286 4465 3487 4534; x_wconf 73' lang='grc' dir='ltr'>Λέγετέ</span> <span class='ocrx_word' id='word_1_765' title='bbox 3517 4484 3630 4536; x_wconf 80' lang='grc' dir='ltr'>μοι,</span> <span class='ocrx_word' id='word_1_766' title='bbox 3663 4468 3714 4522; x_wconf 71' lang='lat' dir='ltr'><strong>6i</strong></span> 
     </span>
    </p>
   </div>
   <div class='ocr_carea' id='block_1_103' title="bbox 2144 4554 3709 4628">
    <p class='ocr_par' dir='ltr' id='par_1_103' title="bbox 2144 4554 3709 4628">
     <span class='ocr_line' id='line_1_103' title="bbox 2144 4554 3709 4628; baseline 0.003 -20"><span class='ocrx_word' id='word_1_767' title='bbox 2144 4555 2250 4609; x_wconf 77' lang='grc' dir='ltr'><strong>ὑπὸ</strong></span> <span class='ocrx_word' id='word_1_768' title='bbox 2282 4557 2443 4622; x_wconf 86' lang='grc' dir='ltr'>νόμον</span> <span class='ocrx_word' id='word_1_769' title='bbox 2472 4557 2714 4623; x_wconf 77' lang='grc' dir='ltr'>θέλοντες</span> <span class='ocrx_word' id='word_1_770' title='bbox 2741 4554 2899 4624; x_wconf 75' lang='grc' dir='ltr'>εἶναι,</span> <span class='ocrx_word' id='word_1_771' title='bbox 2929 4559 3023 4613; x_wconf 76' lang='grc' dir='ltr'>τὸν</span> <span class='ocrx_word' id='word_1_772' title='bbox 3050 4561 3212 4628; x_wconf 83' lang='grc' dir='ltr'>νόμον</span> <span class='ocrx_word' id='word_1_773' title='bbox 3251 4562 3352 4613; x_wconf 74' lang='grc' dir='ltr'><strong>οὐκ</strong></span> <span class='ocrx_word' id='word_1_774' title='bbox 3381 4561 3644 4625; x_wconf 75' lang='grc' dir='ltr'>ἀκούετες</span> <span class='ocrx_word' id='word_1_775' title='bbox 3688 4579 3709 4612; x_wconf 70' lang='grc' dir='ltr'><strong>ο</strong></span> 
     </span>
    </p>
   </div>
   <div class='ocr_carea' id='block_1_104' title="bbox 2143 4648 3717 4725">
    <p class='ocr_par' dir='ltr' id='par_1_104' title="bbox 2143 4648 3717 4725">
     <span class='ocr_line' id='line_1_104' title="bbox 2143 4648 3717 4725; baseline 0.003 -24"><span class='ocrx_word' id='word_1_776' title='bbox 2143 4649 2207 4702; x_wconf 82' lang='lat' dir='ltr'><strong>Ei</strong></span> <span class='ocrx_word' id='word_1_777' title='bbox 2233 4648 2341 4718; x_wconf 75' lang='grc' dir='ltr'><strong>γὰρ</strong></span> <span class='ocrx_word' id='word_1_778' title='bbox 2366 4648 2584 4720; x_wconf 67' lang='grc' dir='ltr'>ᾔδεισαν</span> <span class='ocrx_word' id='word_1_779' title='bbox 2614 4650 2704 4705; x_wconf 83' lang='grc' dir='ltr'><strong>τὸν</strong></span> <span class='ocrx_word' id='word_1_780' title='bbox 2740 4651 2922 4721; x_wconf 80' lang='grc' dir='ltr'>νόμον,</span> <span class='ocrx_word' id='word_1_781' title='bbox 2954 4651 3255 4723; x_wconf 65' lang='grc' dir='ltr'><strong>⁴ίδπίσταντο</strong></span> <span class='ocrx_word' id='word_1_782' title='bbox 3283 4651 3349 4706; x_wconf 78' lang='grc' dir='ltr'><strong>ἂν</strong></span> <span class='ocrx_word' id='word_1_783' title='bbox 3376 4652 3460 4706; x_wconf 83' lang='grc' dir='ltr'><strong>δτι</strong></span> <span class='ocrx_word' id='word_1_784' title='bbox 3488 4652 3717 4725; x_wconf 83' lang='grc' dir='ltr'>Χριστῷ</span> 
     </span>
    </p>
   </div>
   <div class='ocr_carea' id='block_1_105' title="bbox 2144 4739 2528 4809">
    <p class='ocr_par' dir='ltr' id='par_1_105' title="bbox 2144 4739 2528 4809">
     <span class='ocr_line' id='line_1_105' title="bbox 2144 4739 2528 4809; baseline 0 -15"><span class='ocrx_word' id='word_1_785' title='bbox 2144 4739 2528 4809; x_wconf 79' lang='grc' dir='ltr'>παραπέμπει.</span> 
     </span>
    </p>
   </div>
   <div class='ocr_carea' id='block_1_106' title="bbox 2210 4921 3716 4994">
    <p class='ocr_par' dir='ltr' id='par_1_106' title="bbox 2210 4921 3716 4994">
     <span class='ocr_line' id='line_1_106' title="bbox 2210 4921 3716 4994; baseline 0.003 -18"><span class='ocrx_word' id='word_1_786' title='bbox 2210 4922 2467 4992; x_wconf 74' lang='grc' dir='ltr'>Οἶδαμεν</span> <span class='ocrx_word' id='word_1_787' title='bbox 2494 4922 2563 4975; x_wconf 84' lang='grc' dir='ltr'>δὲ</span> <span class='ocrx_word' id='word_1_788' title='bbox 2590 4922 2676 4975; x_wconf 78' lang='grc' dir='ltr'>ὅτι</span> <span class='ocrx_word' id='word_1_789' title='bbox 2728 4921 2915 4990; x_wconf 69' lang='grc' dir='ltr'>καλὸς</span> <span class='ocrx_word' id='word_1_790' title='bbox 2961 4926 2996 4977; x_wconf 84' lang='grc' dir='ltr'><em>ὁ</em></span> <span class='ocrx_word' id='word_1_791' title='bbox 3025 4924 3229 4994; x_wconf 83' lang='grc' dir='ltr'>νόμος,</span> <span class='ocrx_word' id='word_1_792' title='bbox 3275 4924 3384 4980; x_wconf 80' lang='grc' dir='ltr'><em>ἐὰν</em></span> <span class='ocrx_word' id='word_1_793' title='bbox 3414 4943 3502 4993; x_wconf 78' lang='grc' dir='ltr'><strong>τις</strong></span> <span class='ocrx_word' id='word_1_794' title='bbox 3549 4929 3716 4994; x_wconf 81' lang='grc' dir='ltr'>αὐτῷ</span> 
     </span>
    </p>
   </div>
   <div class='ocr_carea' id='block_1_107' title="bbox 2142 5014 3714 5090">
    <p class='ocr_par' dir='ltr' id='par_1_107' title="bbox 2142 5014 3714 5090">
     <span class='ocr_line' id='line_1_107' title="bbox 2142 5014 3714 5090; baseline 0.003 -20"><span class='ocrx_word' id='word_1_795' title='bbox 2142 5017 2402 5085; x_wconf 72' lang='grc' dir='ltr'>νομίμως</span> <span class='ocrx_word' id='word_1_796' title='bbox 2437 5014 2669 5084; x_wconf 80' lang='grc' dir='ltr'>χρῆται,</span> <span class='ocrx_word' id='word_1_797' title='bbox 2702 5014 2874 5081; x_wconf 77' lang='grc' dir='ltr'>εἰδὼς</span> <span class='ocrx_word' id='word_1_798' title='bbox 2905 5017 3082 5072; x_wconf 82' lang='grc' dir='ltr'>τοῦτο</span> <span class='ocrx_word' id='word_1_799' title='bbox 3130 5017 3220 5072; x_wconf 84' lang='grc' dir='ltr'>ὅτι</span> <span class='ocrx_word' id='word_1_800' title='bbox 3265 5017 3475 5086; x_wconf 78' lang='grc' dir='ltr'>δικαίῳ</span> <span class='ocrx_word' id='word_1_801' title='bbox 3522 5021 3714 5090; x_wconf 80' lang='grc' dir='ltr'>νόμος</span> 
     </span>
    </p>
   </div>
   <div class='ocr_carea' id='block_1_108' title="bbox 2141 5106 3715 5179">
    <p class='ocr_par' dir='ltr' id='par_1_108' title="bbox 2141 5106 3715 5179">
     <span class='ocr_line' id='line_1_108' title="bbox 2141 5106 3715 5179; baseline 0.006 -18"><span class='ocrx_word' id='word_1_802' title='bbox 2141 5110 2215 5161; x_wconf 87' lang='grc' dir='ltr'><strong>οὺ</strong></span> <span class='ocrx_word' id='word_1_803' title='bbox 2240 5107 2446 5173; x_wconf 80' lang='grc' dir='ltr'>κεῖται,</span> <span class='ocrx_word' id='word_1_804' title='bbox 2474 5107 2719 5176; x_wconf 79' lang='grc' dir='ltr'>ἀνόμοις</span> <span class='ocrx_word' id='word_1_805' title='bbox 2745 5106 2814 5160; x_wconf 79' lang='grc' dir='ltr'>δὲ</span> <span class='ocrx_word' id='word_1_806' title='bbox 2843 5108 2941 5162; x_wconf 77' lang='grc' dir='ltr'>καὶ</span> <span class='ocrx_word' id='word_1_807' title='bbox 2978 5110 3434 5179; x_wconf 72' lang='grc' dir='ltr'>ἀνυποτάκτοις,</span> <span class='ocrx_word' id='word_1_808' title='bbox 3460 5114 3715 5170; x_wconf 76' lang='grc' dir='ltr'>ἀσεϐέσι</span> 
     </span>
    </p>
   </div>
   <div class='ocr_carea' id='block_1_109' title="bbox 2140 5195 3718 5273">
    <p class='ocr_par' dir='ltr' id='par_1_109' title="bbox 2140 5195 3718 5273">
     <span class='ocr_line' id='line_1_109' title="bbox 2140 5195 3718 5273; baseline 0.004 -22"><span class='ocrx_word' id='word_1_809' title='bbox 2140 5196 2237 5251; x_wconf 79' lang='grc' dir='ltr'><strong>καί</strong></span> <span class='ocrx_word' id='word_1_810' title='bbox 2263 5195 2647 5265; x_wconf 78' lang='grc' dir='ltr'>ἁμαρτωλοῖς.</span> <span class='ocrx_word' id='word_1_811' title='bbox 2710 5197 2982 5265; x_wconf 77' lang='grc' dir='ltr'>ἀνοσίοις</span> <span class='ocrx_word' id='word_1_812' title='bbox 3024 5201 3126 5255; x_wconf 76' lang='grc' dir='ltr'><strong>καί</strong></span> <span class='ocrx_word' id='word_1_813' title='bbox 3167 5202 3474 5271; x_wconf 77' lang='grc' dir='ltr'>βεϐήλοις,</span> <span class='ocrx_word' id='word_1_814' title='bbox 3528 5219 3718 5273; x_wconf 75' lang='grc' dir='ltr'>πατρ-</span> 
     </span>
    </p>
   </div>
   <div class='ocr_carea' id='block_1_110' title="bbox 2139 5287 3714 5376">
    <p class='ocr_par' dir='ltr' id='par_1_110' title="bbox 2139 5287 3714 5376">
     <span class='ocr_line' id='line_1_110' title="bbox 2139 5287 3714 5376; baseline 0.006 -34"><span class='ocrx_word' id='word_1_815' title='bbox 2139 5287 2363 5353; x_wconf 74' lang='grc' dir='ltr'>ολῴαις</span> <span class='ocrx_word' id='word_1_816' title='bbox 2403 5289 2500 5341; x_wconf 77' lang='grc' dir='ltr'>καὶ</span> <span class='ocrx_word' id='word_1_817' title='bbox 2533 5289 2899 5376; x_wconf 69' lang='grc' dir='ltr'>μητρολῴαις</span> <span class='ocrx_word' id='word_1_818' title='bbox 2925 5331 2940 5355; x_wconf 94' lang='grc'><strong>,</strong></span> <span class='ocrx_word' id='word_1_819' title='bbox 2994 5291 3407 5363; x_wconf 69' lang='grc' dir='ltr'>ἀνδροφόνοις,</span> <span class='ocrx_word' id='word_1_820' title='bbox 3443 5297 3714 5364; x_wconf 76' lang='grc' dir='ltr'>πόρνοις,</span> 
     </span>
    </p>
   </div>
   <div class='ocr_carea' id='block_1_111' title="bbox 2138 5379 3719 5457">
    <p class='ocr_par' dir='ltr' id='par_1_111' title="bbox 2138 5379 3719 5457">
     <span class='ocr_line' id='line_1_111' title="bbox 2138 5379 3719 5457; baseline 0.007 -23"><span class='ocrx_word' id='word_1_821' title='bbox 2138 5379 2612 5447; x_wconf 76' lang='grc' dir='ltr'>ἀρσενοκοίταις,</span> <span class='ocrx_word' id='word_1_822' title='bbox 2638 5380 3161 5450; x_wconf 73' lang='grc' dir='ltr'>ἀνδραποδισταῖς,</span> <span class='ocrx_word' id='word_1_823' title='bbox 3181 5388 3495 5454; x_wconf 74' lang='grc' dir='ltr'>ψεύσταις,</span> <span class='ocrx_word' id='word_1_824' title='bbox 3510 5388 3719 5457; x_wconf 73' lang='grc' dir='ltr'><strong>ἐπιόρ-</strong></span> 
     </span>
    </p>
   </div>
   <div class='ocr_carea' id='block_1_112' title="bbox 2142 5471 3719 5547">
    <p class='ocr_par' dir='ltr' id='par_1_112' title="bbox 2142 5471 3719 5547">
     <span class='ocr_line' id='line_1_112' title="bbox 2142 5471 3719 5547; baseline 0.004 -23"><span class='ocrx_word' id='word_1_825' title='bbox 2142 5487 2292 5536; x_wconf 80' lang='grc' dir='ltr'>κοις,</span> <span class='ocrx_word' id='word_1_826' title='bbox 2338 5471 2436 5524; x_wconf 78' lang='grc' dir='ltr'><strong>καί</strong></span> <span class='ocrx_word' id='word_1_827' title='bbox 2470 5471 2526 5524; x_wconf 85' lang='grc' dir='ltr'>ει</span> <span class='ocrx_word' id='word_1_828' title='bbox 2550 5488 2601 5523; x_wconf 87' lang='grc' dir='ltr'><strong>τι</strong></span> <span class='ocrx_word' id='word_1_829' title='bbox 2630 5472 2835 5540; x_wconf 76' lang='grc' dir='ltr'>ἕτερον</span> <span class='ocrx_word' id='word_1_830' title='bbox 2861 5473 2935 5541; x_wconf 77' lang='grc' dir='ltr'>τῇ</span> <span class='ocrx_word' id='word_1_831' title='bbox 2968 5476 3322 5547; x_wconf 70' lang='grc' dir='ltr'>ὑγιαινούσῃ</span> <span class='ocrx_word' id='word_1_832' title='bbox 3348 5478 3719 5546; x_wconf 68' lang='grc' dir='ltr'>διδασκαλίᾳ</span> 
     </span>
    </p>
   </div>
   <div class='ocr_carea' id='block_1_113' title="bbox 2140 5563 3717 5640">
    <p class='ocr_par' dir='ltr' id='par_1_113' title="bbox 2140 5563 3717 5640">
     <span class='ocr_line' id='line_1_113' title="bbox 2140 5563 3717 5640; baseline 0.007 -23"><span class='ocrx_word' id='word_1_833' title='bbox 2140 5563 2481 5626; x_wconf 82' lang='grc' dir='ltr'>ἀντίκειται,</span> <span class='ocrx_word' id='word_1_834' title='bbox 2515 5563 2663 5618; x_wconf 80' lang='grc' dir='ltr'>κατὰ</span> <span class='ocrx_word' id='word_1_835' title='bbox 2703 5565 2768 5617; x_wconf 86' lang='grc' dir='ltr'>τὸ</span> <span class='ocrx_word' id='word_1_836' title='bbox 2805 5564 3174 5636; x_wconf 74' lang='grc' dir='ltr'>Εὐαγγέλιον</span> <span class='ocrx_word' id='word_1_837' title='bbox 3219 5568 3328 5639; x_wconf 84' lang='grc' dir='ltr'>τῆς</span> <span class='ocrx_word' id='word_1_838' title='bbox 3374 5569 3559 5640; x_wconf 79' lang='grc' dir='ltr'>δόξης</span> <span class='ocrx_word' id='word_1_839' title='bbox 3601 5573 3717 5628; x_wconf 81' lang='grc' dir='ltr'><strong>τοῦ</strong></span> 
     </span>
    </p>
   </div>
   <div class='ocr_carea' id='block_1_114' title="bbox 2140 5655 3248 5729">
    <p class='ocr_par' dir='ltr' id='par_1_114' title="bbox 2140 5655 3248 5729">
     <span class='ocr_line' id='line_1_114' title="bbox 2140 5655 3248 5729; baseline 0.007 -23"><span class='ocrx_word' id='word_1_840' title='bbox 2140 5657 2438 5724; x_wconf 70' lang='grc' dir='ltr'>μακαρίου</span> <span class='ocrx_word' id='word_1_841' title='bbox 2470 5655 2634 5726; x_wconf 83' lang='grc' dir='ltr'>Θεοῦ,</span> <span class='ocrx_word' id='word_1_842' title='bbox 2664 5655 2694 5710; x_wconf 85' lang='grc' dir='ltr'>ὃ</span> <span class='ocrx_word' id='word_1_843' title='bbox 2732 5656 3095 5729; x_wconf 78' lang='grc' dir='ltr'>ἐπιστεύθην</span> <span class='ocrx_word' id='word_1_844' title='bbox 3117 5660 3248 5729; x_wconf 74' lang='grc' dir='ltr'>ἐγώ.</span> 
     </span>
    </p>
   </div>
  </div>
