4036 6624
331 425 432 490 iii

1280 413 1663 479 COMMEN’I‘.
1700 420 1779 481 IN
1817 420 2057 483 EPIST.
2081 422 2111 482 Ῐ
2136 425 2233 485 ΛΟ
2271 425 2585 488 ΤΙΜΟΤΙῘ.

3468 424 3569 496 H2

404 565 423 595 ι
468 541 595 596 Ὅτι
617 540 780 606 καλὸς
808 542 837 596 6
867 541 1048 613 νόμος.
1097 558 1116 593 ι
1167 538 1253 603 Ὠς
1278 539 1332 593 ei
1367 556 1430 609 γε
1472 537 1607 612 μὴῇ
1637 539 1813 603 τοῦτο.
1837 541 1897 595 οὗ

2075 559 2095 592 ι
2129 540 2284 607 Quod
2317 542 2461 597 bona
2486 541 2557 597 sit
2586 540 2693 597 lex.
2725 557 2743 592 ι
2780 538 2935 607 Quod
2963 539 3009 596 si
3040 539 3143 596 hoc
3179 552 3289 594 non
3313 536 3425 597 fiat.
3463 556 3571 597 neu

326 631 519 696 καλός.
555 633 653 696 Τίς
680 634 738 688 δὲ
767 636 795 688 ὁ
821 634 1068 704 νομίμως
1099 632 1252 702 αὐτῷ
1270 631 1577 704 χρώμενοςς
1622 634 1681 689 Ὀ
1706 635 1774 688 δι’
1802 638 1900 690 αὺ-

326 727 426 783 τοῦ
462 728 546 789 είς
590 727 693 798 τὴν
748 726 933 779 πίστιν
988 724 1511 797 παραπεμπόμενος.
1561 725 1652 796 Μὴ
1702 727 1902 796 ἰσχύων

326 819 441 890 γὰρ
472 821 502 871 ὁ
540 819 705 889 νόμος
734 818 1045 881 δικαιῶσαι,
1078 818 1288 877 ἐπικτὸν
1327 816 1569 869 δικαιοῦν
1606 817 1901 888 δυνάμενον

329 909 700 979 παραπέμπει
753 909 1006 979 Χριστόν.
1047 908 1105 963 ’0
1154 907 1262 979 γὰρ
1317 908 1564 979 πληρῶν,
1598 910 1696 980 οὐχ
1747 913 1775 964 6
1819 911 1905 979 ἐξ.

329 1002 663 1072 ηγούμενος,
698 1001 943 1071 νομίμως
972 1000 1120 1070 αύτῷ
1150 1001 1370 1070 χρῆται.
1410 1019 1429 1053 ι
1468 1001 1634 1066 Εἰδὼς
1669 1002 1843 1060 τοῦτο.
1878 1022 1898 1057 ι

332 1095 446 1148 Καὶ
494 1096 724 1157 ἐκεῖνος,
758 1094 913 1161 φησι,
944 1092 1188 1162 νομίμως
1218 1092 1365 1164 αὐτῷ
1396 1094 1659 1164 κέχρηται
1682 1097 1710 1148 6
1745 1096 1903 1161 εἰδὼς

331 1187 418 1239 ὅτι
445 1186 506 1238 ού
539 1184 732 1255 χρῄζει
756 1184 923 1239 αὐτοῦ
960 1185 1096 1254 πρὸς
1119 1185 1179 1237 τὸ
1200 1185 1375 1253 ὀρθῶς
1411 1185 1579 1256 βιοῦν.
1609 1186 1706 1248 Τίς
1736 1185 1793 1239 δὲ
1821 1180 1908 1241 οὗ-

332 1293 462 1341 τος;
503 1276 563 1329 '0
601 1277 668 1329 δι’
699 1276 900 1346 ἀρετὴν
928 1275 1104 1346 ὀρθῶς
1134 1274 1285 1345 βιῶν,
1311 1277 1405 1329 xui.
1434 1276 1495 1329 ού
1526 1277 1612 1330 διὰ
1633 1276 1721 1330 τὸν
1744 1278 1907 1347 φίϐον

331 1366 432 1418 τοῦ
464 1365 655 1435 νόμου.
691 1384 709 1418 ι
758 1366 1002 1435 Ἀνόμοις
1030 1365 1087 1418 δὲ
1125 1366 1219 1419 καὶ
1244 1366 1657 1430 ἀνυποτάκτοις.
1692 1387 1710 1421 ι
1738 1368 1908 1423 Τοῦτο

333 1473 391 1509 κ.
410 1457 435 1508 i.
463 1456 899 1527 ἀλλαχοῦ⁶φησιψ
930 1478 948 1510 ι
970 1459 1028 1511 Ὀ
1056 1458 1218 1528 νόμος
1232 1459 1340 1512 τῶν
1357 1460 1722 1531 παραϐάσεων
1748 1463 1908 1533 χάριν

335 1549 699 1620 προσετέθη.»
724 1551 885 1603 ’Ὥστε
919 1550 995 1619 τῷ
1013 1552 1206 1622 δικαίῳ
1235 1554 1325 1605 καὶ
1358 1552 1431 1622 μὴ
1462 1554 1768 1623 παραϐάντι
1788 1554 1909 1609 οὔτε

334 1641 493 1697 ἔσται
524 1643 709 1711 νόμος,
749 1643 864 1696 ἀλλ’
895 1644 1124 1701 ἐκείνοις
1169 1649 1279 1706 τοῖς
1316 1644 1390 1716 μὴ
1438 1646 1530 1715 ἀφ’
1572 1647 1781 1700 ἑαυτῶν
1811 1648 1911 1717 τὴν

336 1736 549 1805 ἀρετὴν
586 1733 885 1804 μετιοῦσιν,
915 1735 1051 1788 ἀλλὰ
1091 1735 1367 1806 δεομένοις
1411 1737 1511 1806 τῆς
1543 1737 1773 1809 ἀπειλῆς
1816 1737 1910 1791 τοῦ

336 1825 531 1893 νόμου.
583 1825 693 1877 Καὶ
725 1823 910 1877 λοιπὸν
960 1824 1155 1888 αὐτοὺς
1204 1824 1519 1892 καταλέγει,
1550 1826 1723 1881 ταῦτα
1768 1828 1910 1899 ἔχειν

2003 645 2085 691 est
2110 636 2269 691 bona.
2299 634 2434 701 Quis
2481 649 2660 690 autem
2707 633 2948 703 legitime
2977 633 3092 702 ipsa
3114 629 3448 697 utitur'iQui
3478 645 3575 700 per

2005 727 2178 796 ipsam
2207 725 2271 779 ad
2302 725 2461 780 ﬁdem
2490 725 2903 780 transmittitur.
2926 723 3060 778 Cum
3092 723 3237 779 enim
3265 723 3576 793 justiticare

2007 834 2114 872 non
2138 817 2330 886 possit,
2364 817 2432 871 ad
2460 816 2740 871 Christum
2775 816 3101 869 transmittit
3124 815 3216 885 qui
3244 822 3422 884 potest
3444 813 3571 882 jus»

2004 910 2235 964 tiliearc.
2262 908 2542 979 Siquidem
2586 909 2632 963 is
2663 909 2755 978 qui
2789 909 3026 977 complet
3053 915 3108 963 et
3139 921 3247 961 non
3275 906 3368 977 qui
3401 905 3574 960 interw

2006 1010 2274 1072 prctatur,
2309 1000 2548 1070 legitime
2574 1015 2639 1055 ea
2662 1000 2855 1054 utitur.
2880 1017 2898 1051 ι
2928 999 3118 1053 Sciens
3150 997 3303 1051 illud.
3342 1016 3361 1048 ›
3393 997 3573 1051 Etiam

2007 1095 2074 1158 is,
2118 1093 2316 1163 inquit,
2344 1094 2587 1163 legitime
2620 1108 2681 1146 ea
2728 1092 2925 1155 utitur,
2958 1092 3051 1160 qui
3085 1088 3188 1146 scit
3213 1103 3275 1144 ea
3308 1088 3411 1143 sibi
3435 1104 3577 1158 opus

2008 1200 2116 1239 non
2164 1200 2287 1240 esse
2334 1186 2399 1237 ad
2440 1190 2588 1239 recte
2615 1183 2927 1238 vivendum.
2956 1182 3093 1248 Quis
3124 1192 3203 1235 est
3226 1190 3410 1236 autem
3443 1177 3579 1234 ille?

2010 1279 2057 1333 is
2083 1278 2172 1345 qui
2198 1277 2419 1332 virtutis
2438 1276 2612 1347 gratia
2654 1284 2800 1329 recte
2826 1275 2959 1329 vivit
2984 1283 3037 1330 et
3066 1288 3173 1328 non
3196 1273 3393 1327 timore
3419 1271 3575 1339 legis.

2015 1390 2034 1423 ι
2065 1370 2284 1438 lnjustis
2308 1377 2361 1424 et
2389 1385 2495 1424 non
2538 1368 2993 1438 obsequentihus.
3028 1385 3048 1419 ι
3082 1365 3196 1419 lloc
3231 1365 3396 1421 etiam
3447 1362 3578 1419 alibi

2010 1465 2142 1519 dicit
2172 1464 2314 1532 quod
2343 1465 2425 1517 lex
2456 1472 2676 1533 propter
2701 1448 3166 1532 transgressiones
3201 1457 3386 1513 addita
3413 1454 3578 1511 l'uit".

2009 1555 2165 1611 Justo
2190 1556 2373 1623 itaque
2418 1564 2471 1609 et
2520 1554 2570 1609 ei
2615 1554 2706 1623 qui
2749 1567 2855 1607 non
2888 1552 3304 1621 praevaricatur,
3360 1564 3428 1603 ne
3467 1546 3581 1601 ulla

2013 1647 2231 1715 quidem
2264 1646 2369 1699 erit
2419 1644 2527 1710 lex,
2561 1644 2655 1700 sed
2699 1643 2807 1698 illis
2844 1644 2935 1712 qui
2969 1658 3033 1696 ex
3077 1641 3275 1710 seipsis
3319 1639 3579 1693 virtutem

2012 1750 2119 1789 non
2190 1741 2521 1804 sequuntur,
2579 1733 2674 1789 sed
2724 1741 2881 1801 egent
2922 1731 3057 1801 legis
3117 1728 3581 1796 comminatione;

2013 1834 2067 1879 et
2097 1825 2353 1895 deinceps
2387 1830 2635 1878 recenset
2685 1822 2809 1877 illos
2854 1823 2946 1892 qui
2980 1820 3252 1891 ejusmodi
3303 1826 3455 1884 sunt,
3488 1815 3585 1873 Juv

336 1919 470 1981 τοὺς
507 1916 795 1979 Ἰουδαίους
834 1916 1223 1985 αἰνιττόμενος.
1270 1934 1289 1969 ι
1333 1917 1577 1971 Ἀσεϐέσι
1604 1921 1698 1973 καὶ
1727 1921 1911 1992 ἁμαρ-

2027 1917 2163 1973 iacos
2189 1919 2273 1973 his
2294 1917 2562 1972 obnoxios
2586 1930 2708 1971 esse
2733 1916 2988 1969 innuens.
3037 1934 3054 1966 ι
3089 1913 3277 1983 lmpiis
3310 1920 3365 1967 et
3387 1925 3584 1981 pecea.

336 2010 555 2071 τωλοίς.
595 2028 615 2060 ι
640 2011 701 2062 Οἱ
725 2010 835 2079 γὰρ
864 2009 1102 2078 συνεχῶς
1130 2008 1366 2072 εἰδώλοις
1395 2011 1843 2081 προσκυνοῦντες,
1862 2014 1913 2066 οι

2027 2012 2244 2067 toribus.
2284 2029 2303 2062 ι
2338 2008 2504 2067 Judaei
2557 2009 2701 2063 enim
2749 2007 2841 2076 qui
2888 2008 3143 2061 continue
3191 2006 3334 2059 idola
3383 2004 3585 2058 adora.

337 2104 410 2156 τὰ
435 2104 604 2155 τέκνα
644 2104 756 2165 τοῖς
788 2101 1008 2171 δαίμοσι
1048 2100 1288 2163 θύοντες,
1318 2102 1364 2155 οἱ
1394 2102 1486 2154 τὸν
1527 2104 1729 2157 Moesia
1758 2104 1912 2157 λιθά-

2027 2107 2181 2167 bant,
2252 2103 2346 2173 qui
2408 2101 2547 2157 filios
2600 2101 2943 2155 dmmouibus
3006 2098 3427 2161 sacrificabant,
3488 2095 3583 2165 qui

339 2192 552 2257 ζοντες,
585 2193 681 2247 καὶ
720 2193 900 2262 φόνοις
943 2193 1225 2264 ἐμφυλίοις
1255 2193 1610 2264 μολυνόμενοι
1644 2195 1910 2260 Ἰουδαῖοι,

2027 2196 2203 2250 llosen
2262 2194 2506 2264 lapidare
2558 2192 2836 2254 volebant,
2884 2190 2977 2260 qui
3019 2191 3260 2245 caedibus
3308 2187 3585 2241 intestinis

337 2284 520 2339 ταῦτα
564 2285 743 2338 πάντα
790 2284 890 2339 οὐκ
937 2285 1003 2338 ἂν
1049 2281 1188 2351 εἷεν;
1226 2303 1245 2336 ι
1284 2286 1393 2339 Καὶ
1429 2285 1486 2338 ετ
1522 2302 1573 2337 τι
1624 2285 1810 2354 ἕτερον
1846 2288 1912 2358 τῇ

2027 2303 2137 2345 sese
2182 2285 2575 2356 inquinahant,
2618 2298 2759 2337 anne
2794 2283 2917 2337 lucc
2974 2282 3157 2335 omnia
3206 2280 3261 2335 in
3301 2294 3360 2333 se
3413 2278 3585 2332 habe-

341 2378 670 2449 ὑγιαινοῦσῃ
734 2376 1053 2447 διδασκαλίᾳ
1120 2376 1443 2431 ἀντίκειται.
1499 2395 1518 2429 ι
1576 2377 1762 2431 Ταῦτα
1807 2379 1915 2449 γὰρ

2027 2377 2232 2433 [ιιιιιιῖι
2270 2377 2334 2428 Et
2384 2374 2429 2429 si
2482 2374 2611 2442 quid
2644 2373 2790 2426 aliud
2819 2380 2901 2429 est
2942 2372 3088 2441 quod
3136 2386 3288 2427 same
3325 2370 3589 2425 doctrina:

341 2471 528 2524 πάντα
552 2470 700 2540 πάθη
723 2467 900 2538 ψυχῆς
914 2470 1030 2522 ἐστι
1054 2468 1476 2540 διεφθαρμένης.
1509 2469 1574 2523 Ἠ
1606 2471 1662 2524 δὲ
1690 2471 1914 2542 τοιαύτη

2027 2470 2398 2523 adversatur.»
2426 2464 2560 2519 Nam
2588 2466 2669 2519 hac
2694 2480 2884 2518 omnes
2900 2475 3169 2533 corruptae
3189 2470 3318 2518 sunt
3344 2462 3590 2517 aﬂ‘cctio—

341 2561 494 2635 ψυχὴ
542 2562 610 2630 τῇ
660 2560 805 2627 ὑγιεῖ
850 2559 943 2611 ml.
986 2559 1164 2623 καλῶς
1194 2560 1395 2633 ἐχούσῃ
1431 2560 1749 2633 διδασκαλίᾳ
1777 2562 1919 2615 ἀντι-

2027 2575 2118 2614 nes
2163 2558 2358 2613 animae
2389 2574 2407 2619 ;
2435 2556 2561 2610 talis
2594 2564 2774 2609 autem
2813 2554 2993 2607 anima
3019 2568 3166 2608 sanie
3200 2563 3253 2607 et
3289 2553 3426 2606 bene
3471 2550 3591 2605 dis-v

346 2655 606 2724 πράττει.
639 2670 658 2701 ι
697 2651 855 2705 Κατὰ
897 2651 957 2704 τὸ
1000 2650 1330 2720 Εὑαγγέλιον
1371 2653 1472 2721 τῆς
1505 2652 1685 2722 δόξης.
1725 2672 1744 2704 ι
1781 2653 1918 2724 Ποία

2027 2651 2210 2718 posita:
2255 2647 2520 2702 doctrinae
2567 2646 2827 2717 operibus
2871 2653 3159 2715 repugnat.
3205 2662 3225 2696 ι
3265 2643 3585 2698 Secundum

345 2747 669 2816 ὑγιαινούσῃ
709 2745 871 2814 ignei;
900 2745 979 2815 Τῇ
1013 2743 1147 2815 οὔσῃ
1176 2746 1320 2800 κατὰ
1362 2745 1422 2799 τὸ
1453 2744 1785 2814 Εὑαγγέλιον
1820 2746 1918 2799 τοῦ

2027 2740 2371 2810 Evangelium
2399 2738 2558 2809 213
2586 2738 2793 2809 εισι-ἰαὶ.
2821 2755 2839 2789 ι
2877 2735 3010 2803 Quae
3051 2743 3136 2793 est
3167 2748 3349 2791 autem
3383 2735 3592 2792 doctri.

343 2839 509 2894 Θεοῦ.
543 2839 873 2908 Εὐαγγὲλιον
897 2840 953 2894 δὲ
984 2840 1141 2910 δόξης
1165 2840 1296 2894 αὐτὸ
1335 2839 1513 2904 καλεῖ,
1557 2840 1639 2893 ὅτι
1664 2840 1729 2894 δι’
1753 2838 1921 2893 αὐτοῦ

2027 2848 2092 2886 na
2126 2832 2300 2885 sana?
2336 2846 2399 2885 ea
2454 2844 2575 2899 qua:
2623 2828 2925 2884 secundum
2962 2829 3314 2898 Evangelium
3363 2827 3458 2882 Dei
3482 2833 3587 2888 est.

348 2930 594 3003 μάλιστα
619 2931 903 2997 δοξάζεται
970 2931 998 2984 6
1044 2931 1303 3002 Χριστὸς,
1357 2931 1587 3001 σταυρὸν
1641 2932 1919 3002 ἐλόμενος.

352 3041 375 3077 σ
421 3025 488 3076 Ὃ
528 3023 855 3094 ἐπιστεύθην
910 3022 1040 3092 ἐγώ.
1080 3041 1099 3075 ι
1139 3024 1297 3087 Εἰκὸς
1345 3023 1456 3093 γὰρ
1512 3019 1580 3095 ἦν
1616 3022 1762 3093 ἔχειν
1794 3022 1923 3087 τοὺς

344 3111 819 3184 ψευδαποστόλους
852 3114 1210 3186 πεπλασμένα
1242 3116 1571 3184 Εύαγγέλια.

954 3363 1205 3417 ΚΕΦΑΛ.
1245 3363 1319 3418 Β’.

354 3479 501 3550 Περὶ
542 3477 652 3548 τῆς
709 3477 928 3550 ἑαυτοῦ
967 3476 1223 3550 ἐκλογῆς
1256 3481 1354 3550 Δεἰς
1379 3476 1835 3550 edam-altorum
1858 3477 1927 3532 ἐκ

709 3548 977 3612 διώκτου,
1012 3547 1165 3604 κατὰ
1191 3547 1367 3618 χάριν
1402 3549 1569 3602 Θεοῦ.

427 3641 536 3697 Καὶ
558 3640 735 3709 χάριν
767 3642 884 3710 ἔχω
927 3639 1008 3707 τῷ
1069 3640 1564 3710 ἐνδυναμοῦσαντί
1585 3658 1661 3712 με
1696 3643 1931 3712 Χριστῷ

367 3732 581 3800 Ἰησοῦ
611 3730 690 3797 τῷ
729 3733 922 3800 Κυρίῳ
946 3732 1133 3801 ἡμῶν,
1161 3731 1249 3786 ὅτι
1279 3733 1497 3786 πιστόν
1525 3750 1602 3802 με
1634 3733 1928 3803 ἡγήσατο,

355 3827 611 3894 θέμενος
652 3825 739 3891 είς
762 3824 1075 3878 διακονίαν
1106 3826 1209 3879 τὸν
1236 3827 1526 3894 πρότερον
1553 3827 1697 3881 ὄντα
1724 3826 1929 3891 βλάσ-

356 3934 585 3987 φημον,
638 3917 737 3969 καὶ
780 3915 1037 3984 διώκτην
1086 3917 1181 3970 καὶ
1253 3918 1542 3986 ὑϐριστήν
1572 3933 1586 3947 ·
1626 3918 1786 3973 ἀλλὰ
1832 3920 1928 3974 καί

355 4009 655 4076 ἠλεήθην,
680 4008 767 4063 ὅτι
788 4007 1021 4076 ἀγνοῶν
1045 4008 1303 4075 ἐποίησα
1332 4009 1401 4063 ἐν
1433 4010 1704 4076 ἀπιστίᾳ.
1738 4010 1933 4077 Ὑπερ-

357 4100 700 4155 σπλεόνασε
724 4097 792 4151 δὲ
826 4099 862 4167 ἡ
886 4097 1059 4168 χάρις
1097 4098 1201 4153 τοῦ
1229 4099 1446 4169 Κυρίου
1474 4098 1639 4168 ἡμῶν
1658 4101 1807 4169 μετὰ
1838 4101 1934 4152 πί-

358 4207 545 4257 στεως
587 4191 686 4245 καί
724 4189 961 4261 ἀγάπης
981 4189 1052 4243 ἐν
1080 4189 1308 4259 Χριστῷ
1357 4189 1581 4259 Ἰησοῦ.

432 4367 658 4439 Ἐπειδὴ
675 4362 827 4422 εἶπεν
855 4382 870 4398 ο
902 4368 1003 4422 «Ὀ
1024 4368 1349 4438 ἐπιστεύθην
1378 4368 1505 4437 ἐγὼ,
1532 4386 1551 4422 ι
1591 4369 1680 4425 ἵνα
1714 4369 1789 4442 μὴ
1810 4370 1934 4444 δόξῃ

361 4460 699 4530 κομπάζειν,
733 4461 823 4513 ἐπὶ
850 4460 940 4515 τὸν
983 4460 1117 4515 Θεὸν
1141 4461 1200 4513 τὸ
1237 4463 1345 4515 πᾶν
1386 4462 1597 4530 ἀνάγει,
1634 4463 1727 4515 καί
1755 4480 1886 4531 φησι
1917 4479 1931 4493 ⁸

2021 2917 2197 2973 Vocat
2231 2927 2412 2973 autem
2456 2916 2603 2971 illud
2637 2916 2991 2986 Evangelium
3045 2917 3255 2986 gloriae,
3306 2916 3435 2986 quia
3491 2928 3592 2983 per

2022 3012 2205 3083 ipsum
2257 3009 2495 3064 maxime
2525 3007 2865 3078 glorificatur
2892 3006 3167 3071 Christus,
3214 3005 3307 3076 qui
3364 3017 3589 3058 crucem

2022 3106 2206 3172 elegit.
2248 3122 2267 3155 ι
2308 3100 2463 3169 Quod
2494 3100 2876 3155 concreditum
2907 3104 2992 3153 est
3033 3098 3185 3153 mihi.
3228 3114 3247 3149 ι
3280 3093 3593 3151 Verisimile

2024 3194 2167 3248 enim
2221 3200 2307 3246 est
2355 3186 2501 3261 quod
2554 3185 2962 3258 pseudopostoli
3030 3184 3292 3241 haberent
3354 3182 3592 3241 conﬁcta

2028 3281 2342 3355 Evangelia.

2645 3366 2874 3425 CAPUT
2905 3366 2969 3423 ll.

2031 3488 2107 3543 De
2138 3486 2222 3543 sui
2252 3487 2307 3541 in
2335 3482 2714 3553 evangelistam
2744 3481 3014 3545 electione,
3038 3496 3157 3553 cunt
3182 3486 3482 3548 persecutor
3508 3493 3596 3531 es.-

2399 3550 2497 3619 set',
2529 3554 2814 3608 secundum
2845 3552 3077 3622 gratiam
3120 3550 3237 3605 Dei.

2100 3649 2143 3713 l,
2180 3647 2366 3703 1244.
2411 3650 2479 3701 Et
2516 3645 2746 3716 gratiam
2776 3643 2940 3698 habeo
2968 3642 3177 3698 Christo
3211 3640 3341 3697 lem
3370 3639 3597 3695 Domino

2031 3751 2234 3801 nostro,
2277 3740 2368 3810 qui
2407 3754 2488 3792 me
2521 3746 2779 3807 potentem
2820 3736 3072 3802 reddidit,
3113 3736 3238 3806 quia
3275 3735 3484 3805 ﬁdelem
3516 3749 3601 3788 me

2024 3831 2287 3901 judicavit
2327 3827 2564 3899 ponendo
2604 3828 2661 3882 in
2709 3827 3105 3881 ministerium:
3136 3827 3228 3897 qui
3274 3827 3422 3896 prius
3450 3828 3607 3880 eram’

2033 3923 2366 3989 blasphemus
2403 3930 2453 3976 et
2486 3929 2792 3991 persecutor
2823 3928 2875 3973 et
2911 3918 3172 3974 violentus
3202 3933 3222 3974 :
3260 3921 3350 3974 sed
3387 3919 3601 3973 miseri-

2034 4016 2272 4071 cordiam
2312 4014 2534 4081 adeptus
2582 4029 2724 4074 sum,
2767 4011 2905 4082 quod
2962 4014 3213 4081 ignorans
3258 4010 3469 4080 fecerim
3507 4024 3599 4078 per

2035 4104 2479 4161 incredulitatem.
2512 4101 2827 4156 Exuberavit
2859 4108 3033 4155 autem
3050 4100 3225 4172 gratia
3246 4098 3459 4154 Domini
3475 4112 3601 4152 nos.

2037 4198 2107 4251 tri
2146 4211 2263 4249 cum
2306 4192 2409 4265 ﬁde
2444 4201 2493 4246 et
2532 4191 2811 4246 dilectione
2844 4231 2860 4257 ,
2908 4205 3027 4260 qua
3064 4197 3144 4245 est
3188 4204 3282 4259 per
3324 4187 3599 4244 Christum

2033 4289 2241 4347 Iesum.

2107 4380 2373 4448 Quoniam
2396 4377 2636 4434 dixerat:
2664 4395 2682 4429 ι
2704 4376 2858 4444 Quod
2875 4376 3249 4434 concreditum
3268 4384 3347 4432 est
3377 4373 3543 4431 mihi:
3575 4393 3596 4429 ι

2039 4488 2108 4526 ne
2146 4487 2205 4527 se
2230 4471 2441 4540 jactare
2477 4471 2774 4534 videretur,
2811 4485 2925 4523 rem
2957 4484 3173 4525 omnem
3210 4469 3275 4523 ad
3310 4467 3477 4523 Deum
3511 4482 3603 4524 rev

364 4552 545 4621 Χάριν
580 4551 689 4620 ἔχω
731 4550 811 4621 τῷ
851 4549 1057 4619 ταύτην
1113 4567 1201 4620 μοι
1252 4550 1350 4619 τὴν
1392 4550 1619 4621 δύναμιν
1660 4552 1924 4616 δεδωκότι,

2043 4562 2167 4626 i‘ert,
2204 4570 2258 4616 et
2285 4563 2360 4616 ait
2393 4580 2406 4616 :
2439 4560 2682 4616 Gratiam
2709 4562 2758 4616 ei
2794 4560 2967 4616 habeo
2996 4560 3088 4631 qui
3116 4560 3251 4614 mihi
3284 4559 3422 4615 hanc
3456 4558 3606 4618 dedit

367 4644 451 4705 είς
492 4641 555 4694 τὸ
596 4642 733 4702 ὅλως
782 4641 1137 4711 πιστευθῆναι
1169 4642 1229 4694 τὸ
1277 4642 1627 4710 Εὑαγγὲλιον.
1692 4662 1710 4696 ι
1744 4644 1832 4714 Τῷ
1853 4649 1938 4698 ὲν-

366 4731 757 4801 δυναμώσαντί
787 4750 874 4803 με.
913 4752 932 4783 r
965 4733 1188 4805 Φορτίον
1223 4733 1331 4804 γὰρ
1391 4733 1721 4803 ύπεισῆλθον
1772 4737 1937 4804 μέγα,

368 4824 531 4893 φησι,
561 4827 655 4876 καὶ
687 4824 889 4895 πολλῆς
921 4823 1171 4894 δεόμενον
1202 4824 1302 4895 τῆς
1355 4824 1503 4896 παρὰ
1547 4825 1680 4880 Θεοῦ
1735 4826 1938 4896 ἰσχύος.

376 4934 398 4968 α
436 4917 563 4969 Ὀτι
591 4919 779 4969 πιστόν
821 4934 888 4986 με
921 4919 1180 4988 ἡγήσατο.
1221 4937 1240 4970 ι
1281 4912 1411 4971 Εἶτα
1447 4919 1723 4976 δείκνυσιν
1755 4922 1836 4974 ὅτι
1861 4923 1943 4975 δεῖ

372 5008 472 5061 καὶ
506 5007 638 5079 παρ’
665 5007 824 5078 ἡμῶν
866 5008 1233 5079 εἰσενεχθῆναι
1292 5028 1434 5066 τινα.
1458 5011 1532 5064 Oti
1575 5013 1682 5083 γὰρ
1705 5013 1943 5084 ἀκρίτως

367 5097 508 5159 Θεὸς
535 5096 844 5167 ὲπιλέγεταί
873 5115 1042 5160 τινας.
1072 5095 1146 5152 Ἦ
1174 5100 1281 5171 γὰρ
1303 5100 1366 5154 ἂν
1395 5096 1463 5173 ἦν
1491 5101 1685 5161 ἀδοκία
1717 5103 1775 5156 τὸ
1802 5107 1944 5174 πρᾶ-

368 5204 517 5257 γμα.
547 5188 654 5241 Καί
682 5205 847 5258 φησιν
878 5204 892 5218 ο
935 5188 1087 5242 «Ὅτι
1110 5191 1298 5243 πιστόν
1325 5208 1391 5260 με
1415 5192 1674 5262 ἡγήσατο,
1706 5212 1725 5246 δ
1760 5193 1862 5246 Τδν
1888 5195 1943 5246 δὲ

375 5281 456 5351 μὴ
480 5279 610 5333 ὄντα
663 5280 897 5347 πίστεως
948 5282 1116 5350 ἄξιον,
1166 5282 1284 5346 πῶς
1320 5285 1385 5337 ἂν
1434 5287 1622 5339 πιστὸν
1660 5288 1949 5360 ἡγήσατοὸ

369 5374 511 5437 Θεὸς
539 5390 555 5439 ;
584 5373 781 5437 Πιστὸς
805 5374 881 5436 δὲ,
921 5374 949 5425 6
985 5375 1153 5445 μηδὲν
1199 5375 1309 5428 τῶν
1348 5373 1443 5428 τοῦ
1508 5375 1644 5430 Θεοῦ
1698 5395 1948 5449 σφετερι-

374 5464 628 5535 ζόμενος,
676 5464 811 5518 ἀλλὰ
860 5467 955 5518 καὶ
999 5468 1067 5519 τὰ
1115 5466 1309 5520 ἑαυτοῦ
1364 5466 1441 5537 τῷ
1496 5467 1615 5537 Θεῷ
1646 5469 1940 5534 ἀνατιθείς.

380 5579 407 5611 ι
450 5558 853 5620 Εἰςδιακονίαν.
883 5576 902 5609 ι
951 5558 1229 5626 Τουτέστι,
1269 5558 1363 5613 τοῦ
1415 5561 1767 5630 Εύαγγελίου.
1816 5564 1945 5619 Διά-

379 5663 543 5705 κονον
562 5648 620 5702 δὲ
647 5648 798 5716 λέγει
817 5649 905 5703 διὰ
925 5651 985 5704 τὸ
1007 5650 1323 5723 κηρύσσειν.
1391 5652 1692 5721 Ἀπόδειξις
1744 5655 1801 5709 δὲ
1849 5655 1942 5709 τοῦ

449 5826 474 5860 '
509 5822 685 5881 Galat.
713 5838 796 5892 ιιι,
832 5824 915 5884 l9.

2039 4655 2359 4728 potentiam,
2391 4663 2452 4709 ut
2479 4655 2703 4708 omnino
2734 4654 3051 4708 crederetur
3073 4652 3204 4706 mihi
3228 4642 3602 4721 Evangelium.

2044 4764 2062 4797 ι
2099 4743 2202 4811 Qui
2237 4759 2324 4799 me
2363 4751 2637 4814 potentem
2662 4743 2917 4797 reddidit.
2950 4760 2969 4794 ι
3007 4743 3258 4812 Magnum
3292 4743 3436 4797 etaim
3467 4757 3605 4797 onus

2042 4837 2248 4899 subivi,
2290 4836 2486 4904 inquit,
2515 4843 2568 4888 et
2598 4834 2744 4903 quod
2775 4849 2969 4904 magna
2989 4835 3192 4906 indiget
3214 4850 3243 4889 a
3274 4833 3383 4891 Deo
3411 4841 3607 4904 poten-

2043 4927 2140 4981 tia.
2172 4945 2191 4978 ι
2226 4927 2365 5002 Quia
2396 4926 2605 4980 ﬁdelem
2638 4941 2725 4980 me
2752 4924 3039 4996 judicavit.
3080 4945 3099 4979 ι
3144 4926 3346 4981 Deinde
3370 4925 3609 4981 ostendit

2046 5017 2190 5087 quod
2218 5024 2468 5086 oporteat
2497 5017 2660 5072 etiam
2693 5017 2939 5086 quaedam
2975 5033 3004 5071 ιι
3037 5020 3193 5072 nobis
3210 5017 3403 5074 all'erre
3434 5038 3447 5073 :
3496 5033 3610 5073 non

2047 5111 2193 5164 enim
2232 5108 2372 5163 Deus
2405 5108 2525 5163 sine
2552 5106 2763 5176 judicio
2789 5107 3004 5176 aliquos
3032 5108 3231 5178 elegit:
3280 5107 3480 5177 alioqui
3518 5122 3610 5163 res

2046 5200 2275 5271 probata
2292 5200 2549 5267 justaque
2562 5212 2668 5250 non
2688 5207 2857 5261 esset.
2876 5207 2929 5252 et
2953 5198 3057 5252 ait:
3085 5216 3104 5249 ι
3128 5198 3266 5263 Quia
3289 5197 3499 5253 fidelem
3523 5212 3611 5252 me

2044 5290 2365 5360 judicavit.»
2395 5286 2750 5356 Atquomodo
2774 5285 2985 5341 ﬁdelem
3003 5286 3304 5358 iudicasset
3328 5285 3607 5358 Dettsjeum

2049 5382 2143 5452 qui
2167 5378 2269 5435 ﬁde
2294 5377 2493 5448 dignus
2525 5392 2633 5432 non
2661 5386 2807 5434 esset
2828 5379 2851 5432 Ἰ
2884 5377 3121 5434 Fidelem
3139 5393 3290 5442 sane,
3308 5377 3451 5447 quod
3472 5376 3610 5432 nihil

2051 5484 2240 5525 eorum
2269 5482 2389 5537 qua:
2411 5467 2503 5522 Dei
2528 5473 2659 5521 sunt
2690 5468 2795 5522 sibi
2829 5466 3159 5532 vindicaret,
3176 5466 3269 5522 sed
3293 5473 3348 5521 et
3372 5480 3494 5536 quae
3511 5478 3614 5520 sua

2052 5569 2178 5614 sum
2233 5557 2340 5612 Deo
2380 5556 2725 5614 attribueret.
2772 5576 2793 5611 ι
2842 5556 2901 5612 In
2949 5557 3341 5622 ministerium,
3401 5573 3420 5607 ι
3481 5562 3613 5625 puta

2055 5650 2350 5721 Evangelii.
2386 5649 2527 5705 Dicit
2550 5658 2728 5706 autem
2754 5662 2815 5708 se
2841 5650 3151 5707 ministrum
3173 5655 3395 5721 propter
3418 5648 3615 5722 praedi.
