4036 6640
310 484 399 545 li5

1251 476 1634 537 COMMENT.
1674 476 1752 536 ιιι
1792 472 2027 535 EPIST.
2072 474 2101 533 Ι
2138 475 2239 535 AD
2274 476 2590 536 TlMOTH.

3407 470 3499 539 146

300 595 383 658 τός
400 594 510 661 eiut
542 589 671 657 ἐγὼ.
714 608 733 640 ›
765 587 960 643 Καίτοι
1009 589 1239 661 ἀλλαχοῦ
1268 590 1420 659 λέγει
1448 608 1470 635 ν·
1515 608 1533 641 ι
1556 587 1714 642 Κατὰ
1732 588 1832 659 τήν

1955 601 2057 656 ago.
2094 604 2112 636 ι
2146 586 2306 656 Atqui
2339 587 2464 643 alibi
2494 587 2626 642 dicit
2661 604 2673 642 :
2713 606 2731 639 ι
2764 587 2927 643 Juxta
2949 588 3243 659 justitiam,
3274 606 3393 660 quae
3424 602 3501 645 est

227 720 230 723 λ
299 682 619 753 δικαιοσύνην
674 682 771 754 τὴν
819 685 877 737 ἑν
931 686 1080 755 νόμῳ
1129 684 1416 754 γενόμενος
1463 684 1769 754 ἄμεμπτος.
1815 701 1834 735 ι

300 778 409 841 Πῶς
441 772 531 829 οὖν
558 769 659 828 ὧδε
691 776 1011 845 ἁμαρτωλὸν
1039 777 1132 830 καὶ
1189 778 1404 848 πρῶτον
1439 776 1549 829 τῶν
1580 779 1838 845 ἁμαρτω-

298 868 394 921 λῶν
411 868 551 934 λέγει
581 869 771 919 ἑαυτόν
793 884 807 931 ;
837 869 945 920 Καί
970 885 1169 936 φαμεν,
1188 869 1268 922 ὅτι
1292 871 1323 938 ή
1357 871 1421 922 ὲκ
1445 868 1611 937 νόμον
1636 868 1842 921 δικαιο-

302 962 442 1029 σύνη,
492 960 630 1029 πρὸς
668 963 769 1029 τὴν
786 961 850 1012 ὲκ
878 960 1112 1021 πίστεως,¹
1148 961 1628 1031 παραϐαλλομένη,
1654 961 1713 1013 ού
1743 959 1842 1030 μό-

300 1053 490 1105 νονούκ
527 1053 641 1104 ἔστι
671 1050 1004 1122 δικαιοσύνη,
1036 1051 1170 1106 ἀλλὰ
1200 1054 1294 1106 καὶ
1341 1052 1527 1122 πρώτη
1576 1051 1839 1123 ἁμαρτία.

306 1165 322 1197 ι
355 1146 543 1202 Πάντες
571 1145 678 1213 γὰρ
702 1145 968 1214 ἥμαρτον,
1004 1146 1157 1212 φησὶ,
1212 1148 1306 1198 καὶ
1340 1146 1689 1215 ὑστεροῦνται
1743 1145 1844 1215 τῆς

299 1237 436 1306 δόξης
455 1235 544 1288 τοῦ
570 1235 727 1289 Θεοῦ.
770 1254 788 1287 ι
829 1236 1013 1307 Ταύτῃ
1049 1237 1101 1289 δὲ
1133 1240 1198 1307 τῇ
1236 1239 1523 1309 συγκρίσει
1551 1240 1651 1292 καῖ
1679 1238 1843 1292 ἀλλα-

299 1328 383 1398 χοῦ
410 1328 690 1396 κέχρηται,
722 1327 851 1380 ἔνθα
871 1328 1002 1395 φησί
1041 1344 1056 1360 ο
1098 1349 1115 1380 ι
1160 1331 1270 1383 Καὶ
1300 1330 1406 1400 γὰρ
1433 1331 1495 1382 ού
1530 1330 1844 1395 δεδόξασται

297 1417 351 1468 τὸ
376 1416 755 1485 δεδοξασμένον
785 1419 841 1470 ἐν
868 1417 1040 1488 τούτῳ
1053 1418 1129 1485 τῷ
1147 1421 1318 1490 μέρει,
1342 1422 1527 1474 ἕνεκεν
1555 1421 1653 1490 τῆς
1677 1422 1848 1492 ὑπερ-

302 1508 584 1577 ϐαλλούσης
619 1509 801 1580 δόξης.
844 1529 861 1561 ι
901 1538 969 1552 --
1003 1529 1023 1562 ι
1068 1510 1227 1565 Ἀλλὰ
1255 1513 1342 1565 διὰ
1378 1513 1534 1566 τοῦτο
1555 1512 1840 1584 ἠλεήθην.»

301 1601 425 1671 Ὅρα
454 1601 504 1652 τί
525 1602 785 1656 ταπεινὸν
822 1599 1001 1660 εἶπεν.
1031 1604 1223 1672 Ἐμοῦ,
1259 1604 1414 1675 φησὶ,
1460 1605 1723 1670 σωθέντος
1752 1604 1845 1659 τοῦ

300 1697 497 1749 πάντων
524 1697 1001 1768 ἀμαρτωλοτέρου,
1035 1698 1095 1750 οὐ
1138 1696 1218 1750 δεῖ
1269 1697 1454 1752 λοιπὸν
1487 1699 1847 1769 ἀμφιϐάλλειν

297 1788 408 1856 περὶ
450 1787 743 1858 σωτηρίας.
777 1787 955 1851 Δείξαι
1002 1788 1111 1856 γὰρ
1141 1788 1285 1841 θέλει
1326 1789 1406 1842 ὅτι
1457 1791 1517 1843 οὑ
1575 1790 1847 1845 σέσωσται

1946 680 1999 732 in
2040 680 2153 748 lege
2197 678 2371 734 factus
2421 681 2915 750 irreprehensibilis
2948 684 3008 739 ¹¹.
3056 682 3341 752 Quomodo
3381 698 3504 753 ergo
3563 684 3569 689 ’

1945 771 2048 826 hoe
2088 772 2209 826 loco
2250 787 2371 827 sese
2403 771 2534 826 dicit
2568 785 2909 843 peccatorum
2941 774 3287 845 primumque
3315 789 3500 844 pecca-

1944 869 2123 918 torum
2154 863 2178 917 ?
2208 864 2270 915 Et
2297 863 2530 918 dicimus
2566 863 2707 933 quod
2735 864 2968 934 jusrilia,
3003 880 3122 934 quae
3163 872 3249 920 est
3281 881 3343 918 ex
3392 866 3506 935 lege

1946 957 2010 1011 ad
2045 971 2162 1010 eam
2202 956 2398 1010 collata
2432 971 2551 1025 qum
2578 965 2662 1011 est
2692 973 2759 1011 ex
2789 956 2915 1023 ﬁde,
2950 972 3059 1011 non
3091 957 3267 1011 solum
3295 956 3506 1027 justitia

1945 1064 2054 1103 non
2095 1057 2198 1113 est,
2244 1049 2339 1103 sed
2383 1055 2437 1102 et
2485 1048 2718 1119 primum
2762 1056 3045 1119 peceatum
3090 1061 3196 1104 est.
3246 1065 3265 1099 ι
3307 1047 3508 1104 Omnes

1945 1143 2088 1197 enim
2134 1149 2513 1212 peccaverunt,
2568 1141 2766 1210 inquit,
2795 1155 2859 1195 ac
2916 1140 3285 1196 destituuntur
3341 1140 3509 1210 gloria

1948 1234 2042 1290 Dei
2071 1234 2133 1288 ".
2171 1253 2190 1286 ι
2231 1231 2345 1288 Hac
2371 1243 2552 1288 autem
2581 1233 2993 1304 comparatione
3023 1234 3186 1288 etiam
3218 1234 3345 1288 alibi
3380 1248 3511 1287 usus

1946 1335 2031 1381 est
2081 1326 2302 1394 quando
2337 1325 2452 1379 ait:
2486 1344 2505 1376 ι
2536 1323 2747 1379 Etenim
2786 1341 2850 1380 ne
2888 1326 3249 1397 glorificatum
3292 1323 3509 1395 quidem

1948 1418 2217 1488 fuitquod
2255 1417 2618 1489 gloriﬁcatum
2665 1424 2749 1473 est
2806 1417 2859 1472 in
2918 1419 3018 1473 hac
3070 1426 3245 1489 parte,
3293 1425 3513 1488 propter

1947 1512 2276 1567 eminentem
2318 1511 2546 1581 gloriam
2574 1512 2642 1566 ¹³.
2679 1530 2699 1565 ι
2738 1542 2804 1552 -
2840 1531 2858 1565 ι
2900 1511 3102 1567 Verum
3141 1513 3263 1568 ideo
3294 1512 3512 1568 miseri-

1947 1602 2189 1659 cordiam
2236 1604 2466 1671 adeptus
2514 1618 2660 1658 sum.
2702 1622 2721 1655 ι
2770 1602 2900 1658 Vide
2945 1620 3106 1674 quam
3143 1604 3418 1659 humiliter
3447 1603 3514 1658 de

1947 1713 2008 1753 se
2041 1697 2312 1766 loquatur.
2334 1694 2471 1750 Cum
2507 1710 2628 1767 ego,
2652 1696 2850 1766 inquit,
2887 1697 3035 1751 salus
3076 1696 3257 1753 factus
3286 1698 3386 1752 sim
3419 1699 3513 1766 qui

1950 1791 2164 1846 caeteris
2202 1790 2461 1845 omnibus
2505 1790 2676 1861 magis
2720 1804 3095 1859 peccaveram,
3147 1805 3253 1844 non
3301 1797 3516 1860 oportet

295 1879 361 1941 ὡς
408 1877 551 1943 ἄξιος
609 1880 910 1950 σωτηρίας,
972 1879 1106 1932 ἀλλὰ
1128 1881 1222 1934 διὰ
1264 1880 1329 1933 τὸ
1377 1883 1503 1945 τοὺς
1541 1882 1731 1946 ἄλλους
1769 1883 1844 1953 μὴ

1955 1882 2184 1952 posthac
2246 1880 2522 1950 ambigere
2561 1881 2628 1935 de
2659 1882 2855 1936 salute.
2885 1879 3010 1936 Vult
3050 1882 3192 1936 enim
3229 1881 3518 1938 ostendere

297 1969 573 2024 ἀπελπίσαι
606 1971 704 2038 τῆς
730 1971 880 2040 σφῶν
905 1972 1199 2041 σωτηρίας.
1243 1991 1260 2024 ι
1296 1974 1405 2033 Τὴν
1428 1976 1608 2028 πᾶσαν
1640 1992 1846 2045 μακρο-

294 2060 494 2129 θνμίαν.
536 2080 553 2112 ι
613 2063 680 2115 ’Ὠ
733 2063 830 2132 τῆς
867 2063 1079 2117 Παῦλου
1129 2065 1548 2130 ταπεινώσεωςί
1588 2069 1678 2132 Εἰς
1711 2069 1842 2134 πᾶν,

296 2153 463 2219 φησὶν,
488 2147 633 2215 εἶδος
687 2152 854 2206 ἐλθὼν
888 2156 1109 2219 κακίας,
1139 2156 1240 2225 τῆς
1270 2158 1449 2227 πάσης
1477 2158 1703 2229 ἐδεόμην
1737 2176 1843 2229 μα-

294 2241 602 2312 κροθυμίας,
656 2246 717 2298 οὐ
776 2246 978 2315 μέρους
1034 2249 1224 2316 αὐτῆς,
1278 2248 1468 2321 ὥσπερ
1495 2251 1542 2303 oi
1591 2252 1648 2303 ὲν
1691 2252 1844 2322 μέρει

294 2333 687 2404 ἡμαρτηκότες.
728 2352 747 2386 ι
785 2337 928 2405 Πρὸς
959 2337 1284 2407 ὑπόδειγμα.
1332 2358 1349 2391 ι
1380 2340 1522 2409 Πρὸς
1556 2340 1844 2412 παράκλη-

296 2438 386 2484 σιν,
432 2425 566 2492 πρὸς
613 2427 912 2492 ἀπόδειξιν.
943 2448 962 2480 ι
1022 2430 1115 2493 Εἰς
1180 2430 1321 2501 ζωὴν
1373 2431 1607 2486 αἰώνιον.
1658 2452 1676 2485 ι
1724 2434 1847 2488 Ἐπὶ

294 2513 391 2583 γὰρ
414 2514 488 2584 τῷ
520 2519 748 2586 σχήσειν
779 2519 923 2589 ζωὴν
945 2521 1181 2584 αἰώνιον,
1211 2525 1243 2591 ἡ
1269 2525 1349 2584 είς
1378 2525 1610 2594 Χριστὸν
1639 2527 1846 2594 γίνεται

296 2604 481 2670 πίστις.
518 2626 537 2659 ι
573 2609 667 2679 Τῷ
696 2610 752 2663 δὲ
792 2611 1001 2680 βασιλεῖ
1023 2613 1131 2667 τῶν
1162 2615 1396 2669 αἰώνων.
1430 2636 1449 2668 ι
1505 2618 1689 2672 Ταῦτα
1720 2621 1849 2689 περὶ

296 2696 384 2764 τῆς
416 2698 573 2766 ἁγίας
615 2699 766 2764 δέξαι
804 2702 1054 2772 Τριάδος.
1094 2707 1287 2759 Κοιναὶ
1333 2708 1441 2778 γὰρ
1492 2709 1702 2779 Harpe;
1753 2709 1849 2763 καὶ

298 2786 413 2842 rus
442 2791 533 2843 καὶ
567 2792 729 2859 ἁγίου
748 2794 1063 2865 Πνεύματος
1087 2798 1143 2849 αἱ
1192 2798 1437 2852 τοιαῦται
1462 2801 1845 2871 προσηγορίαι.

299 2879 405 2932 Ἕνι
440 2880 548 2952 γὰρ
581 2883 819 2953 ἀλλαχοῦ
851 2887 979 2955 περὶ
1030 2888 1124 2939 τοῦ
1164 2886 1295 2940 Υἱοῦ
1322 2888 1495 2943 ταῦτα.
1527 2890 1726 2957 εὑρεῖν,
1752 2890 1849 2945 ἀλ-

295 2970 447 3041 λαχοῦ
490 2977 624 3044 περὶ
677 2976 1011 3047 Πνεύματος,
1059 2980 1155 3033 νῦν
1205 2981 1260 3033 δὲ
1312 2984 1441 3053 περὶ
1491 2982 1585 3036 τοῦ
1616 2983 1852 3055 Πατρός.

303 3081 319 3113 ι
347 3065 499 3135 Μόνῳ
526 3068 680 3139 σοφῷ
710 3068 847 3140 Θεῷ.
884 3089 904 3122 ι
941 3070 1126 3125 Ταῦτα
1157 3073 1282 3144 περὶ
1329 3072 1423 3126 τοῦ
1471 3075 1707 3145 Χριστοῦ
1753 3077 1851 3145 τῆς

295 3155 500 3223 ἀγάπης
522 3160 911 3231 φιλοσοφήσας,
948 3163 1218 3234 μέμνηται
1251 3167 1346 3219 καὶ
1378 3165 1473 3219 τοῦ
1503 3167 1733 3236 Πατρὸς,
1757 3166 1849 3220 καὶ

1948 1974 2094 2043 quod
2125 1973 2311 2028 salvus
2335 1988 2443 2027 non
2481 1972 2554 2027 sit
2594 1971 2794 2033 factus.
2834 1974 2960 2043 quia
2989 1974 3166 2029 salute
3204 1974 3400 2043 dignus
3427 1989 3518 2029 es-

1944 2073 2050 2129 set,
2088 2067 2180 2119 sed
2210 2064 2357 2136 quod
2389 2063 2480 2119 alii
2514 2063 2872 2135 desperarent
2899 2064 2964 2119 de
2984 2078 3083 2119 sua
3115 2065 3312 2120 salute.
3346 2083 3364 2117 ι
3389 2062 3519 2120 Om-

1946 2171 2070 2210 nem
2104 2155 2473 2211 clementiam.
2520 2174 2539 2208 ι
2591 2154 2636 2212 Ο
2676 2172 2928 2227 magnam
2964 2155 3118 2211 Pauli
3154 2158 3510 2213 modestiam!

1944 2247 2027 2301 Ad
2055 2262 2238 2313 clune,
2267 2247 2468 2317 inquit,
2503 2263 2675 2318 genus
2704 2249 2926 2303 malitia:
2958 2264 3331 2319 perreneram,
3364 2251 3515 2305 omni

1947 2339 2231 2395 clementia
2256 2339 2388 2393 mihi
2414 2354 2549 2410 opus
2574 2347 2712 2405 erat,
2746 2354 2852 2395 non
2888 2350 3042 2412 parte
3065 2341 3258 2412 ipsius,
3279 2342 3412 2397 sicut
3452 2342 3519 2398 iis

1948 2431 2042 2501 qui
2067 2430 2120 2484 in
2146 2440 2299 2500 parte
2329 2439 2704 2500 peccaverant.
2735 2450 2753 2483 ι
2776 2431 2855 2486 Ad
2881 2432 3294 2501 exprimendum
3330 2447 3516 2487 exem-

1951 2523 2086 2594 plar.
2113 2540 2132 2573 ι
2158 2522 2238 2577 Ad
2262 2523 2592 2592 exemplum,
2623 2523 2688 2578 ad
2719 2523 3170 2588 consolationem,
3193 2523 3260 2577 ad
3289 2524 3517 2579 demon-

1953 2613 2290 2670 strationem.
2335 2633 2354 2665 ι
2389 2614 2470 2668 Ad
2517 2613 2681 2669 vitam
2720 2621 3003 2669 aeternam.
3044 2634 3062 2667 ι
3101 2614 3235 2668 Nam
3273 2614 3339 2668 ad
3374 2615 3520 2670 obii.-

1952 2707 2187 2762 nendmn
2210 2707 2375 2761 vitam
2402 2716 2683 2774 aeternam,
2712 2707 2928 2764 exsistit
2965 2705 3095 2764 ﬁdes
3134 2708 3187 2762 in
3217 2707 3520 2764 Christum.

1957 2820 1978 2854 ι
2014 2800 2145 2872 Regi
2175 2810 2357 2857 autem
2381 2802 2731 2858 saeculorum.
2764 2820 2783 2854 ι
2814 2800 2939 2857 Πωο
2962 2802 3029 2857 de
3057 2809 3247 2857 sancta
3281 2801 3521 2871 intellige

1955 2891 2240 2946 Trinitate.
2298 2889 2432 2945 Nam
2486 2907 2804 2948 communes
2860 2892 2927 2949 de
2982 2893 3142 2948 Patre
3193 2900 3246 2948 et
3280 2892 3417 2946 Filio
3459 2909 3522 2948 ac

1956 2983 2165 3053 Spiritu
2197 2992 2390 3039 sancto
2429 2992 2558 3038 sunt
2587 2984 2905 3054 hujusmedi
2938 2985 3348 3055 appellationes.
3378 2984 3524 3039 Con-

1954 3076 2112 3145 tingit
2163 3076 2309 3131 enim
2358 3076 2473 3131 lucc
2525 3076 2656 3131 alibi
2706 3077 2773 3132 de
2815 3076 2953 3131 Filio
2984 3078 3251 3142 invenire,
3285 3077 3414 3132 alibi
3454 3078 3522 3133 de

1952 3166 2186 3235 Spiritu,
2216 3180 2361 3221 nunc
2379 3175 2560 3221 autem
2589 3167 2656 3222 de
2685 3165 2865 3223 Patre.
2889 3186 2907 3219 ι
2944 3166 3053 3223 Soli
3072 3168 3303 3238 sapienti
3328 3167 3458 3223 Deo.
3497 3186 3515 3220 ι

295 3247 593 3318 δοξολογίαν
637 3253 951 3323 ἀναπέμπει
1002 3255 1192 3326 αὐτῷ,
1256 3258 1343 3313 ἵνα
1412 3260 1578 3331 μήτις
1651 3260 1851 3334 νομίσῃ

1958 3255 2079 3312 [hec
2118 3258 2210 3311 ubi
2248 3258 2316 3312 de
2338 3258 2543 3314 Christi
2573 3258 2870 3315 dilectione
2900 3259 3180 3325 disseruit,
3223 3260 3385 3315 etiam
3416 3260 3522 3313 Pa-

295 3338 511 3408 ᾰμοιρον
559 3344 664 3413 τῆς
710 3347 791 3409 είς
830 3348 980 3416 qua;
1030 3349 1251 3418 ἀγάπης
1304 3347 1443 3405 εἶναι
1482 3353 1576 3406 τὸν
1608 3354 1850 3425 Πατέρα.

307 3431 467 3501 ’Υπὲρ
496 3434 610 3505 γὰρ
641 3438 737 3508 τῆς
764 3439 844 3502 εἰς
870 3440 1019 3509 ἡμᾶς
1045 3443 1288 3512 ἀγάπης,
1319 3444 1417 3516 τὴν
1449 3446 1611 3515 ἁγίαν
1654 3447 1857 3520 Τριάδα

296 3519 603 3589 δοξάζεσθαι
637 3527 858 3598 πρέπει,
886 3530 1073 3602 κοινῆς
1094 3531 1259 3604 οὔσης
1290 3534 1387 3605 τῆς
1415 3536 1657 3611 ἀγάπης.

886 3793 1114 3851 ΚΕΦΑΔ
1126 3839 1137 3851 .
1171 3799 1244 3855 Ρ.

359 3905 733 3985 Παραγγῴία
778 3908 908 3985 περὶ
951 3908 1314 3985 πιστῆς-’καὶ
1347 3916 1786 3985 εὐσυνειδήτου

602 3976 931 4044 διακονίας,
960 3976 1034 4049 ἧς
1056 3976 1202 4036 ἄνευ
1237 3985 1539 4050 κίνδυνος.

365 4067 594 4133 ταύτην
645 4067 760 4134 τὴν
814 4073 1221 4140 παραγγελίαν
1282 4077 1676 4147 παρατίθεμαί
1722 4095 1855 4146 σοι,

300 4158 504 4213 τέκνον
558 4163 810 4229 Τιμόθεε,
872 4165 1022 4219 κατὰ
1073 4167 1175 4232 τὰς
1240 4170 1626 4236 προαγούσας
1659 4172 1755 4225 ἐπὶ
1784 4173 1859 4226 σὲ

301 4252 677 4318 προφητείας,
714 4253 812 4305 ἵνα
843 4258 1138 4325 στρατεύῃ
1179 4257 1249 4310 ἐν
1281 4260 1489 4337 autat}
1518 4261 1631 4328 τὴν
1660 4264 1860 4333 καλὴν

300 4343 632 4407 στρατείαν,
660 4345 816 4412 ἔχων
860 4346 1068 4402 πίστιν
1094 4349 1191 4403 καὶ
1220 4350 1453 4419 ἀγαθὴν
1478 4353 1854 4422 συνείδησιν,

300 4428 375 4495 ἦν
397 4448 556 4498 τινες
578 4434 981 4504 ἀπωσάμενοι,
1017 4441 1148 4507 περὶ
1179 4441 1294 4509 τὴν
1329 4443 1536 4496 πίστιν
1567 4444 1860 4515 ἐναυάγηο

302 4537 435 4576 σαν.
464 4520 576 4576 Ὧν
606 4527 778 4580 ἐστιν
813 4528 1118 4598 Ὑμέναιος
1170 4533 1268 4587 καί
1303 4535 1720 4605 Ἀλέξανδρος,
1751 4540 1859 4605 οὓς

1956 3352 2057 3406 tris
2088 3351 2424 3416 meminit,et
2452 3352 2797 3421 doxologiam
2823 3353 2891 3407 ad
2921 3368 3044 3407 eum
3075 3351 3284 3421 dirigit,
3312 3367 3379 3406 ne
3398 3353 3523 3422 quis

1957 3440 2170 3497 Patrem
2220 3443 2497 3499 existimet
2539 3454 2815 3515 expertem
2864 3459 2984 3499 esse
3033 3442 3344 3498 dilectionis
3397 3459 3526 3515 erga

1956 3550 2080 3590 nos.
2118 3533 2373 3589 Sanctam
2405 3537 2674 3607 siquidem
2700 3534 3022 3592 Trinitatem
3048 3533 3353 3604 gloriﬁcare
3395 3549 3529 3590 cou-

1955 3627 2106 3681 venit
2140 3630 2209 3683 ob
2239 3643 2479 3684 amorem
2511 3643 2639 3700 erga
2669 3643 2790 3695 nos,
2822 3643 2945 3684 cum
2978 3626 3288 3684 communis
3318 3627 3388 3683 sit
3422 3626 3527 3684 illis

1957 3718 2200 3774 dilectio.

2564 3813 2793 3871 CAPUT
2840 3814 2926 3869 lll.

1959 3925 2282 3996 Praeceptum
2334 3928 2395 3999 de
2447 3928 2551 3996 ﬁde
2590 3945 2652 3981 ac
2698 3930 2946 3999 mysterio
2978 3931 3126 3984 bona:
3171 3929 3527 3997 conscientia',

2220 4015 2322 4067 qua
2363 3998 2634 4065 deﬁciente
2666 3999 2900 4052 imminet
2930 4001 3247 4065 periculum.

2029 4087 2254 4157 2161,
2288 4087 2473 4144 18-20.
2508 4087 2618 4141 Hoc
2650 4098 2963 4154 prwceptum
2984 4088 3423 4153 commendatibi,
3455 4088 3534 4143 ﬁli
3567 4078 3572 4083 ”

1962 4177 2248 4242 Tintotltee,
2256 4178 2419 4247 juxta
2436 4194 2525 4232 eas
2542 4194 2657 4248 quia
2671 4178 2735 4231 de
2753 4188 2800 4232 te
2815 4188 3193 4247 pra'cesserunt
3207 4180 3532 4249 prophetiae,
3630 4178 3636 4184 ”

1959 4279 2016 4323 ιιι
2066 4269 2256 4324 milites
2289 4271 2343 4324 in
2382 4270 2457 4324 eis
2506 4270 2692 4324 bonam
2738 4270 3009 4330 militiam,
3045 4269 3238 4325 habens
3281 4272 3438 4339 ﬁdem
3483 4281 3534 4325 et

1961 4361 2150 4416 bonum
2199 4362 2631 4417 conscientiam:
2683 4380 2841 4434 quam
2902 4362 3206 4433 repellentes
3269 4364 3531 4430 nonnulli,

1960 4455 2101 4508 circa
2128 4454 2282 4524 ﬁdem
2306 4455 2649 4526 naufragium
2677 4455 2912 4524 fecerunt
2939 4472 2957 4511 :
2985 4472 3205 4527 quarunt
3232 4462 3294 4511 de
3319 4473 3533 4512 numero

1962 4556 2080 4600 sunt
2111 4546 2429 4618 Hymenreus
2464 4548 2513 4602 el
2551 4547 2869 4614 Alexander,
2897 4565 3027 4620 quos
3059 4549 3257 4605 tradidi
3289 4550 3546 4621 Satanan,

301 4615 605 4709 παρέδωκα
629 4615 709 4683 τῷ
736 4619 991 4689 Σατανᾷ,
1021 4623 1120 4676 ἵνα
1153 4625 1516 4682 παιδευθῶσι
1540 4600 1625 4698 μή
1651 4600 1853 4694 ﬁxae;

1965 4647 2020 4691 ut
2056 4637 2266 4692 discant
2307 4654 2408 4692 non
2442 4639 2826 4709 blasphemare.

301 4720 533 4774 φημειν.

372 4816 391 4849 ι
430 4799 647 4870 Ταύτην
681 4802 781 4872 τὴν
814 4805 1211 4875 παραγγελίαν.
1248 4827 1266 4860 ι
1299 4809 1462 4879 Δηλοῖ
1484 4812 1581 4880 τῆς
1612 4812 1859 4885 φυλακῆς

303 4887 358 4938 τὸ
383 4890 626 4959 ἀκριϐές.
661 4912 680 4944 ι
712 4886 1091 4968 Παρατίθεμαί
1121 4916 1224 4954 σοι.
1255 4921 1274 4953 ι
1343 4902 1431 4965 Ὠς
1461 4903 1657 4975 τέκνῳ,
1701 4908 1855 4976 φησὶ,

303 4983 682 5050 παραγγέλλω,
712 4986 775 5038 ού
800 4987 940 5041 κατὰ
971 5006 1094 5042 τινα
1115 4990 1362 5056 ἐξουσίαν
1386 4995 1675 5060 δεσπόταις
1722 5000 1856 5069 πρέο

305 5085 524 5161 πουσαν.
586 5092 606 5127 ι
640 5077 799 5131 Κατὰ
826 5080 921 5143 τὰς
946 5084 1317 5150 προαγούσας.
1368 5105 1387 5139 ι
1421 5082 1556 5143 Μεθ’
1618 5092 1858 5161 ὑπερϐα-

300 5160 389 5213 τοῦ
418 5166 614 5219 κεῖται.
633 5166 698 5220 Ἠ
722 5170 831 5240 γὰρ
857 5170 1106 5237 σύνταξις
1120 5174 1284 5247 αῦτηο
1317 5177 1437 5230 Ἵνα
1466 5160 1739 5253 στρατεὺῄ
1770 5200 1859 5236 κα-

299 5252 362 5304 τὰ
392 5256 491 5317 τὰς
530 5262 879 5327 προαγούσας
907 5265 1001 5317 ἐπὶ
1033 5267 1092 5318 σὲ
1131 5269 1491 5339 προφητείας,
1555 5252 1857 5341 τουτέστιν,

300 5344 381 5397 ἴνα
404 5351 670 5422 στρατεύῃ
700 5354 864 5420 ἀξίως
883 5356 992 5411 τῶν
1015 5359 1107 5411 ἐπὶ
1153 5362 1236 5413 σοὶ
1281 5364 1644 5433 προφητειῶν.
1704 5368 1861 5422 Κατὰ

300 5437 735 5528 γγὲρῐινεύματος
772 5447 1145 5520 ἀποκάλυψιν,
1186 5451 1281 5504 καλ⁸
1331 5454 1500 5524 ᾑρέθη
1567 5455 1717 5528 παρὰ
1765 5458 1858 5512 τοῦ

300 5525 507 5584 Παύλου
540 5535 619 5596 είς
650 5536 917 5609 μαθητὴν,
950 5542 1047 5594 καὶ
1076 5545 1439 5614 περιετμήθη,
1484 5547 1578 5600 καὶ
1631 5525 1857 5602 ἐπίσκο-

300 5629 396 5677 ποῖ
414 5618 815 5695 ἐχειροτονήθη.
880 5644 901 5680 ι
931 5629 1047 5682 ἰνα
1078 5632 1367 5704 στρατεύῃ.
1400 5651 1419 5683 ι
1489 5633 1575 5697 Ὠς
1619 5637 1855 5706 Χριστοῦ

301 5710 634 5787 στρατιώτης
665 5717 805 5785 μετὰ
830 5719 939 5775 τῶν
962 5724 1348 5794 πνευματικῶν
1393 5724 1529 5779 ὅλων
1564 5729 1674 5791 τοῖς
1735 5748 1857 5802 νοη·

2037 4835 2055 4868 ι
2093 4813 2208 4871 lioc
2238 4826 2593 4890 praeceptum.
2634 4837 2652 4871 ι
2690 4820 2976 4891 Signiﬁcat
3007 4824 3411 4884 observationis
3444 4827 3531 4882 di-

1959 4907 2261 4976 ligentiam.
2303 4929 2322 4962 ι
2355 4910 2688 4967 Commendo
2719 4913 2840 4968 tibi.
2886 4932 2909 4969 ι
2955 4914 3241 4986 Tanquam
3275 4918 3407 4983 lilio,
3443 4919 3532 4974 ln-

1958 5004 2096 5071 quit,
2122 5003 2401 5072 prmcipio,
2440 4992 2547 5057 non
2584 5005 2888 5061 secundum
2914 5008 3153 5079 aliquam
3185 5011 3531 5067 autoritatem

1965 5109 2087 5163 quae
2118 5095 2356 5149 dominis
2389 5096 2701 5150 conveniat.
2741 5115 2761 5149 ι
2787 5096 2947 5154 Juxta
2966 5115 3059 5156 eas
3091 5117 3212 5172 quae
3241 5118 3535 5174 praecesse-

1964 5194 2112 5239 runt.
2146 5204 2164 5236 ι
2203 5182 2309 5237 Per
2345 5185 2683 5256 hyperbaton
2724 5187 2776 5242 id
2810 5191 3048 5259 positum
3083 5201 3189 5249 est.
3225 5195 3315 5249 Est
3353 5204 3533 5252 autem

1968 5276 2056 5331 hic
2089 5275 2224 5330 ordo
2251 5294 2265 5329 :
2301 5274 2368 5330 Ut
2398 5278 2597 5331 milites
2623 5277 2787 5347 [juxta
2828 5295 2922 5334 eas
2952 5298 3073 5351 qua}
3119 5284 3185 5340 de
3218 5293 3271 5341 te
3300 5303 3535 5356 praeces-

1968 5377 2157 5423 serunt
2178 5369 2511 5438 pmphetias,
2542 5371 2646 5424 hoc
2684 5382 2789 5437 εει,
2820 5381 2877 5425 ιιι
2904 5385 3028 5443 apte
3056 5377 3277 5439 milites,
3306 5396 3535 5448 respou-

1968 5464 2105 5519 drns
2137 5462 2436 5533 prophetiis
2466 5480 2587 5533 qua:
2619 5464 2685 5518 de
2717 5474 2769 5521 te
2793 5465 3037 5527 fuerunt.
3068 5469 3200 5525 Nam
3230 5472 3385 5540 juxta
3408 5474 3536 5545 Spiv

1965 5556 2104 5609 ritus
2127 5555 2535 5620 revelationem,
2554 5566 2607 5611 et
2629 5556 2836 5612 electus
2859 5574 2887 5611 a
2914 5558 3086 5614 Paulo
3107 5562 3158 5614 iu
3178 5562 3526 5631 discipulum,

1968 5653 2023 5699 et
2051 5645 2413 5701 circumcisus
2437 5653 2542 5709 est,
2567 5654 2620 5700 et
2646 5648 2937 5717 episcopus
2955 5651 3238 5707 ordinatus
3266 5662 3369 5708 est.
3403 5672 3420 5704 ι
3457 5652 3531 5709 Ut

1970 5737 2189 5792 milites.
2224 5756 2241 5789 )
2283 5736 2559 5806 Tanquam
2590 5738 2791 5795 Christi
2822 5741 2974 5797 miles
3006 5758 3126 5799 cum
3153 5744 3529 5817 spiritualibus

379 5896 418 5926 "
454 5895 687 5970 Philipp.
722 5919 804 5969 ιιι,
835 5903 886 5959 6.
964 5908 1006 5939 ⁸³
1039 5906 1195 5963 Βοιιι.
1239 5909 1421 5977 ιιι,25.
1503 5910 1545 5942 ¹³
1583 5910 1625 5964 ll
1656 5910 1782 5967 Cor.
1817 5927 1897 5981 ιιι,
1934 5913 2017 5969 l0.

831 6151 859 6169 ς
