4036 6612
519 364 620 434 147

1571 381 1966 445 (ECUMENII
1996 382 2285 445 TRICCAZ
2311 384 2652 453 EPISCOPI

3659 404 3759 469 liS

514 500 766 566 pugnans
789 495 1045 555 omnibus
1062 498 1242 557 modis
1273 505 1538 558 adversus
1566 503 1880 573 spiritualcs
1904 500 2067 556 inimi

2191 507 2300 567 tsi;
2333 507 2550 579 ἐχθροῖς
2571 509 2842 582 πολεμῶν.
2886 531 2904 566 ι
2950 515 3044 568 Ἐν
3070 516 3286 579 αὑταῖς.
3328 537 3349 572 ι
3382 517 3515 585 Ταῖς
3540 538 3755 594 προφη-

515 600 634 643 cos.
672 604 692 638 ι
735 588 795 643 in
843 588 943 645 eis.
986 608 1005 644 ι
1047 588 1356 663 Propltetiis
1393 593 1684 651 videlicet:
1728 611 1852 650 nam
1891 595 1999 651 ilia:
2032 604 2085 651 te

514 680 813 750 elegerunt.
841 678 1070 754 Propter
1095 700 1233 755 quas
1277 700 1406 757 ergo
1441 696 1731 755 susceptus
1756 699 1809 742 et
1836 703 1866 743 a
1884 689 2083 759 quibus

514 770 721 827 electus
754 788 834 842 es,
872 775 927 830 in
957 778 1092 847 ipsis
1129 786 1184 834 et
1224 795 1321 848 per
1353 780 1500 850 ipsas
1528 781 1722 845 milita,
1758 780 1810 835 id
1844 790 1949 846 est,
1987 797 2084 851 per

514 866 694 937 ipsum
723 868 983 939 Spiritum
1014 888 1110 943 per
1133 888 1294 942 quem
1328 882 1456 928 sunt
1481 880 1533 926 ct
1568 874 1885 944 prophetiae.
1924 892 1942 925 ι
1978 874 2082 927 Bo-

515 971 641 1013 nam
674 962 950 1017 militiam.
997 982 1015 1015 ι
1058 962 1151 1019 Est
1197 966 1341 1019 enim
1373 971 1426 1019 et
1469 966 1610 1020 mala
1645 966 1837 1020 militia
1868 967 1935 1021 de
1972 983 2079 1036 qua

511 1050 643 1106 dicit
669 1071 683 1108 :
723 1071 741 1104 ι
775 1052 1117 1111 Exltilmistis
1149 1059 1392 1112 membra
1418 1068 1594 1114 vestra
1622 1075 1773 1115 arma
1793 1061 2081 1115 immundi-

510 1141 598 1196 tite
626 1153 679 1198 et
711 1144 1071 1215 iniquitati“.
1110 1166 1129 1200 ι
1162 1177 1230 1188 -—
1267 1166 1285 1200 ι
1320 1148 1534 1207 Habeas
1560 1150 1744 1206 tidem.
1784 1171 1804 1203 ›
1851 1150 2078 1220 Oportet

508 1234 654 1290 enim
686 1238 1005 1308 magistrum
1033 1239 1118 1294 sui
1150 1243 1383 1310 primum
1411 1259 1536 1299 che
1555 1245 1863 1299 doctorem.
1891 1245 2074 1299 Fidem

508 1333 686 1379 autem
719 1326 852 1381 dicit
893 1342 1015 1399 qua:
1041 1338 1126 1385 est
1158 1330 1302 1386 circa
1345 1331 1598 1401 dogmata
1631 1350 1646 1388 :
1683 1336 2074 1390 conscientiam

504 1431 636 1472 vero
673 1433 792 1487 qua:
826 1422 972 1477 circa
999 1426 1471 1481 conversationem
1503 1434 1605 1483 est.
1640 1444 1664 1482 ι
1699 1426 1872 1496 Quam
1901 1429 2076 1499 repel-

505 1511 678 1569 lentes
698 1516 972 1571 nonnulli.
1007 1537 1026 1569 ο
1054 1516 1254 1586 Quam,
1277 1520 1478 1591 inquit,
1513 1522 1932 1587 conscientiam,
1952 1538 2076 1593 qua:

504 1613 591 1660 cst
620 1608 685 1662 de
709 1616 859 1663 recte
895 1609 1147 1666 vivendo.
1179 1610 1283 1666 Ubi
1314 1613 1458 1668 enim
1491 1617 1615 1683 quis
1656 1615 1826 1685 probe
1851 1616 2070 1681 vixerit,

503 1698 669 1752 etiam
693 1701 837 1755 circa
864 1700 1045 1767 tidem,
1072 1706 1413 1779 naufragium
1434 1706 1584 1764 l‘acit.
1604 1709 1765 1781 217
1791 1708 2069 1781 Siquidem

503 1805 574 1843 ne
608 1799 816 1848 terrore
847 1791 1155 1852 futurorum
1198 1800 1534 1865 crucientur,
1581 1817 1683 1858 suo
1724 1803 1907 1858 animo
1944 1819 2072 1874 per-
2099 1842 2146 1902 Β

507 1882 730 1902 ___-.IAM-
820 1886 853 1902 ι.
920 1876 955 1902 ’-
1220 1891 1234 1902 ι
1309 1893 1320 1902 ι
2054 1896 2064 1902 .

503 1882 737 1938 suadere
779 1876 1032 1943 nituntur
1074 1891 1357 1946 mendacia
1391 1909 1515 1949 esse
1549 1909 1891 1966 quaecunque
1924 1896 2069 1965 apud

502 1997 606 2037 nos
633 1984 700 2040 de
728 1986 1134 2043 resurrectione
1166 2003 1228 2045 ac
1250 1989 1459 2059 judicio
1485 1991 1762 2047 dicuntur.
1792 2010 1811 2043 ι
1845 1992 2070 2047 Tradidi

504 2075 725 2132 Satanae
778 2089 835 2133 ut
876 2078 1108 2135 discant.
1150 2099 1169 2133 ι
1214 2081 1349 2137 Cum
1389 2081 1621 2140 Satanas
1665 2086 1906 2155 seipsum
1958 2101 2068 2140 non
2106 2089 2108 2091 ’

500 2167 763 2232 instruat,
793 2169 1068 2239 quomodo
1108 2170 1232 2228 aliis
1265 2174 1459 2227 bonam
1493 2173 1679 2230 afferet
1719 2176 2071 2231 doctrinam?

499 2245 830 2316 Et'dicimus
857 2260 1001 2330 quod
1033 2260 1175 2319 sicut
1200 2262 1422 2319 lictores
1452 2264 1753 2321 innumeris
1777 2267 1917 2335 pleni
1949 2282 2068 2321 ma-

500 2351 567 2406 nis
601 2351 741 2407 alios
771 2354 1062 2425 castigant,
1106 2360 1160 2410 et
1197 2356 1479 2412 instruunt
1507 2351 1567 2411 u't
1598 2359 1843 2414 modeste
1874 2374 1934 2414 se
1975 2374 2068 2430 ge-

500 2450 644 2506 rant,
687 2443 762 2499 ita
819 2455 873 2500 et
922 2444 1175 2502 Satanas.
1208 2446 1440 2514 Quando
1481 2448 1626 2504 enim
1680 2452 1803 2521 quis
1851 2450 2067 2508 Satanas

501 2534 771 2598 traditur,
819 2535 889 2590 ab
927 2538 1158 2592 aliorum
1205 2539 1703 2596 communicatione
1754 2553 2062 2613 separatur.

499 2623 769 2696 Deinceps
801 2641 931 2697 ergo
974 2628 1185 2684 daemon
1221 2639 1506 2702 acceptum
1556 2632 1830 2689 hominem
1878 2635 2065 2693 divino

496 2713 765 2769 nudatum
809 2718 1014 2772 auxilio
1056 2720 1289 2790 castigat
1325 2731 1379 2776 et
1425 2723 1648 2778 erudit:
1689 2731 1744 2778 et
1783 2724 1889 2781 hoc
1919 2726 2067 2782 cedit

497 2805 603 2875 ipsi
631 2807 697 2862 ad
730 2807 1073 2864 modestiam.
1123 2810 1307 2879 Quare
1335 2820 1515 2868 autem
1550 2814 1767 2871 Satanae
1804 2817 1970 2873 tradit
1996 2818 2062 2885 ¹⁶,

497 2905 553 2954 et
582 2913 698 2979 non
741 2899 858 2970 ipse
893 2902 1126 2972 castigat
1170 2911 1223 2959 et
1267 2905 1593 2961 erndit?Ut
1638 2907 1892 2964 ostendat
1917 2909 2062 2980 quod

497 2992 658 3047 ctiam
686 2993 947 3062 possibile
964 2994 1036 3050 sit
1063 2994 1279 3053 Satanae
1307 2999 1576 3070 imperare
1597 3008 1681 3055 :et
1711 3010 1770 3057 ut
1800 3018 1906 3057 una
1936 3018 2062 3059 cum

496 3083 770 3155 supplicio
809 3085 988 3141 ferant
1024 3091 1186 3144 etiam
1231 3092 1641 3158 contumeliam,
1686 3109 1881 3165 nempe
1915 3096 2060 3165 quod

2184 597 2379 664 τείαις,
2435 601 2599 670 φησίν
2627 620 2641 635 ·
2673 604 2879 658 ἐκεῖναι
2923 605 3032 678 γὰρ
3086 606 3291 662 εἴλοντο
3334 626 3414 665 σε.
3459 611 3537 665 Δι’
3566 613 3633 676 ἃς
3665 612 3758 669 οὖν

2184 689 2409 762 ᾑρέθης,
2438 691 2535 745 καὶ
2554 692 2613 759 ἐξ
2632 686 2707 747 ὧν
2730 695 3015 767 ὲπελέγης,
3046 699 3106 751 ὲν
3156 698 3347 764 αὐταῖς
3393 700 3488 755 καὶ
3535 702 3606 756 δι’
3654 706 3756 758 αὖ·

2183 783 2290 835 τῶν
2325 784 2658 855 στρατεύων,
2689 785 2777 840 διὰ
2796 786 2888 840 τοῦ
2913 789 3076 841 αὐτοῦ
3113 792 3453 861 Πνεύματος,
3482 795 3549 847 δι’
3576 788 3638 849 οὗ
3661 798 3754 850 καὶ

2182 878 2237 930 ai
2262 882 2608 948 προφητεῖαι.
2647 898 2666 933 ι
2695 881 2806 953 Τὴν
2842 884 3013 953 καλὴν
3042 886 3354 956 στρατείαν.
3388 908 3407 941 ι
3469 890 3590 943 "Evt
3646 894 3755 962 γὰρ

2183 969 2275 1024 καὶ
2314 971 2455 1044 κακὴ
2478 974 2753 1043 στρατεία,
2780 977 2906 1046 περὶ
2935 972 3000 1048 ἦς
3022 996 3188 1047 φησιν
3222 995 3237 1011 ο
3279 998 3299 1031 ι
3345 979 3557 1052 Ὥσπερ
3613 999 3755 1054 παρα

2180 1064 2444 1134 εστήσατε
2492 1066 2560 1120 τὰ
2622 1067 2759 1137 μέλη
2812 1068 2967 1138 ὑμῶν
3011 1069 3152 1125 ὅπλα
3177 1072 3242 1139 τῇ
3285 1068 3532 1145 ἁμαρτίᾳ
3563 1076 3656 1127 καὶ
3685 1078 3750 1145 τῇ

2178 1157 2514 1229 ἀκαθαρσίᾳ.
2551 1175 2569 1210 ι
2597 1177 2705 1210 -ι
2757 1161 2934 1229 Ἔχων
2972 1161 3177 1216 πίστιν.
3220 1180 3241 1214 ι
3289 1162 3394 1217 Τὸν
3451 1165 3560 1234 γὰρ
3606 1166 3756 1218 διδά-

2180 1250 2379 1303 σναλον
2407 1250 2536 1321 χρὴ,
2571 1250 2765 1304 ἑαυτοῦ
2811 1252 3027 1323 πρῶτον
3062 1247 3202 1307 εἶναι
3257 1253 3598 1311 διδάσκαλον.
3658 1257 3753 1309 ιιι.

2180 1342 2374 1396 στινδέ
2394 1360 2525 1414 φησι
2555 1344 2656 1415 τὴν
2690 1345 2819 1415 περὶ
2864 1346 2935 1400 τὰ
2996 1345 3264 1415 δόγματα,
3308 1348 3616 1414 συνείδησιν
3670 1346 3751 1412 δὲ,

2176 1434 2276 1504 τὴν
2303 1435 2546 1508 περὶτῆς
2572 1436 2866 1500 πολιτείας.
2902 1454 2923 1489 ι
2965 1437 3070 1490 Ἦν
3117 1454 3262 1500 τινες
3304 1437 3680 1506 ἀπωσάμενοι.
3724 1454 3745 1488 ι

2177 1525 2284 1579 Ἦν
2309 1544 2450 1591 τινα,
2488 1528 2643 1599 φησὶ,
2663 1529 2970 1597 συνείδησιν
2993 1529 3091 1600 τὴν
3118 1530 3246 1599 περὶ
3273 1528 3335 1584 τὸ
3365 1528 3541 1600 ὀρθῶς
3571 1529 3747 1599 βιοῦν.

2176 1616 2345 1672 Ὅταν
2393 1617 2501 1689 γάρ
2557 1635 2641 1682 τις
2681 1618 2959 1689 ἁδοκίμως
2993 1617 3081 1690 ζῇ,
3134 1621 3230 1673 καὶ¹
3261 1620 3388 1690 περὶ
3411 1619 3513 1691 τὴν
3561 1620 3749 1674 πίστιν

2172 1712 2418 1778 ναυαγεῖ.
2448 1709 2562 1764 Ἵνα
2585 1709 2694 1782 γὰρ
2726 1708 2801 1779 μὴ
2826 1709 2904 1780 τῷ
2928 1710 3078 1779 φόϐῳ
3108 1709 3216 1763 τῶν
3246 1709 3545 1780 μελλόντων
3575 1708 3752 1779 βασαο

2174 1801 2449 1866 νίζωνται,
2491 1800 2856 1865 σπουδάζουσι
2897 1801 3106 1855 πείθειν
3151 1800 3249 1872 τὴν
3304 1800 3513 1855 ἑαυτῶν
3564 1801 3749 1871 ψυχὴν

2172 1894 2446 1965 ὅτιψευδῆ
2474 1896 2650 1950 πάντα
2680 1894 2752 1949 τὰ
2783 1895 2911 1964 παρ’
2937 1896 3070 1964 ἡμῖν
3110 1894 3180 1947 τά
3218 1910 3278 1948 τε
3328 1892 3458 1963 περὶ
3500 1893 3745 1949 ἀναστά-

2173 2004 2310 2049 σεως
2345 1986 2441 2040 καὶ
2492 1987 2745 2058 κρίσεως.
2792 2006 2812 2039 ι
2865 1987 3163 2057 Παρέδωκα
3216 1985 3296 2058 τῷ
3362 1987 3597 2058 Σατανᾷ,
3656 1988 3747 2040 ἵνα

2171 2079 2525 2135 παιδευθῶσι.
2563 2098 2582 2132 ι
2622 2080 2682 2133 Ὀ
2709 2079 2899 2133 ἑαυτὸν
2928 2078 3002 2149 μὴ
3035 2077 3308 2133 παιδεύων
3332 2078 3597 2143 Σατανᾶς,
3625 2079 3747 2141 πῶς

2168 2172 2278 2235 τοῖς
2302 2170 2482 2234 ἄλλοις
2509 2171 2717 2239 γίνεται
2744 2171 2984 2241 χρηστῆς
3009 2170 3261 2233 παιδείας
3295 2170 3553 2241 πρόξενος
3577 2185 3592 2234 ;
3631 2168 3745 2222 Καί

2169 2280 2371 2332 φαμεν,
2424 2262 2618 2334 ὥσπερ
2663 2264 2712 2316 οἱ
2754 2263 2939 2334 δήμιοι
2978 2262 3189 2334 μυρίων
3220 2261 3481 2331 γέμοντες
3530 2262 3744 2325 κακῶν,

2166 2358 2291 2417 τοὺς
2314 2355 2506 2418 ἄλλους
2530 2357 2827 2427 σωφρονεῖν
2856 2354 3221 2420 παιδεύουσιν,
3252 2354 3424 2417 οὕτως
3454 2355 3549 2407 καὶ
3581 2356 3608 2407 6
3637 2354 3732 2406 Σαρ

2166 2448 2353 2510 τανᾶς.
2382 2447 2687 2518 Παράδοσις
2716 2448 2825 2519 γὰρ
2848 2447 2976 2501 ὅταν
3009 2446 3236 2518 γένηται
3260 2445 3340 2518 τῷ
3389 2447 3622 2518 Σατανᾷ,
3672 2446 3745 2501 δι’

2167 2541 2473 2613 ἀφορισμοῦ
2495 2542 2593 2613 τῆς
2633 2540 2915 2604 κοινωνίας
2960 2541 3190 2610 γίνεται.
3242 2540 3444 2595 Λοιπὸν
3484 2541 3747 2611 παραλαο

2169 2634 2278 2688 δὼν
2306 2636 2336 2689 6
2361 2635 2571 2704 δαίμων
2597 2634 2804 2704 γυμνὸν
2828 2636 2926 2704 τῆς
2963 2632 3055 2686 τοῦ
3088 2632 3220 2688 Θεοῦ
3244 2633 3497 2704 βοηθείας
3525 2633 3617 2686 τὸν
3646 2633 3749 2687 ἆν-

2167 2727 2404 2800 θρωπον,
2425 2726 2691 2783 παιδεύει.
2720 2726 2831 2781 Καὶ
2853 2726 3010 2780 τοῦτο
3037 2724 3246 2794 γίνεται
3277 2724 3427 2795 αὐτῷ
3467 2725 3604 2797 πρὸς
3630 2742 3745 2778 σω-

2167 2820 2488 2891 φρονισμόν.
2516 2819 2615 2875 Διὰ
2651 2819 2703 2874 τί
2730 2819 2788 2873 δὲ
2819 2818 2896 2889 τῷ
2912 2819 3130 2890 Σατανᾷ
3151 2818 3507 2889 παραδίδωσι,
3539 2818 3635 2870 καὶ
3660 2817 3740 2889 μή

2166 2914 2328 2974 αὐτὸς
2358 2913 2639 2980 παιδεύει;
2681 2912 2797 2965 Ἵνα
2819 2910 2966 2983 δείξῃ
2999 2911 3081 2966 ὅτι
3116 2911 3210 2964 καὶ
3229 2909 3309 2980 τῷ
3349 2909 3564 2980 Σατανᾷ
3612 2911 3745 2962 ἐπι-

2165 3007 2387 3061 τάσσειν
2418 2999 2530 3061 οἷόν
2560 3005 2621 3059 τέ
2676 3006 2816 3070 ἐστι,
2876 3005 2971 3057 καὶ
3012 3003 3100 3057 ἵνα
3162 3002 3300 3073 μετὰ
3331 3003 3433 3072 τῆς
3465 3002 3746 3064 κολάσεως

2167 3101 2260 3154 καὶ
2312 3098 2661 3171 ύῦρῖζωνται,
2720 3097 2814 3151 τοῦ
2868 3095 3082 3150 Σατανᾶ
3127 3096 3561 3165 τιμωρουμένου.
3598 3093 3745 3158 Τοὺς

494 3191 524 3230 a
544 3175 743 3233 Satana
772 3178 1088 3248 puniantur.
1124 3181 1404 3253 Siquidem
1434 3183 1742 3241 incredulos
1764 3187 2060 3255 puniebant

2171 3190 2272 3259 μὲν
2300 3189 2408 3261 γὰρ
2430 3188 2713 3253 ἀπίστους,
2736 3186 2802 3240 δι’
2837 3185 3045 3240 ἑαυτῶν
3091 3185 3350 3249 ικόλαζον
3399 3186 3447 3238 οἱ
3503 3183 3745 3237 ἀπόστο-

494 3284 592 3340 per
632 3271 843 3341 seipsos
880 3274 1159 3343 apostoli:
1207 3277 1661 3346 quemadmodum
1708 3280 1823 3349 ipse
1863 3279 2063 3337 Paulus

2166 3284 2269 3347 λοι,
2304 3282 2496 3352 ὥσπερ
2521 3280 2611 3333 τὸν
2640 3279 2949 3350 Βαριησοῦν
2980 3280 3009 3333 6
3053 3279 3213 3341 αύτὶς
3262 3278 3471 3339 Παῦλος
3506 3277 3604 3330 καὶ
3645 3276 3743 3330 τὸν

494 3359 780 3416 Baricsnm
812 3363 904 3433 qui
937 3374 991 3419 et
1022 3365 1237 3437 Elymas
1260 3408 1274 3433 ,
1307 3376 1361 3423 et
1393 3368 1589 3425 Petrus
1619 3370 1884 3425 Auaniam
1939 3387 1953 3426 :
2004 3381 2063 3428 ut

493 3455 850 3512 ostenderent
880 3457 1022 3527 quod
1060 3467 1310 3529 potentes
1341 3472 1526 3517 essent
1561 3477 1576 3516 :
1623 3463 1761 3518 alios
1794 3478 1925 3519 vero
1959 3464 2061 3534 'qui

494 3547 565 3603 ab
602 3548 735 3618 ipsis
760 3550 979 3619 quidem
1016 3552 1217 3607 eruditi
1257 3552 1497 3615 fuerant.
1540 3554 1634 3610 sed
1667 3557 1842 3611 aversi
1877 3562 2058 3622 erant,

496 3637 713 3694 Satanae
743 3641 1053 3698 tradebant.
1092 3662 1111 3696 ι
1154 3643 1271 3698 Νοη
1314 3646 1716 3714 blasphemare.
1758 3666 1777 3699 ι
1816 3646 1879 3701 Hi
1913 3649 2061 3703 enim

491 3732 814 3788 nationibus
847 3733 1101 3790 immanis
1141 3735 1298 3790 ﬁdem
1333 3737 1740 3807 interpellantes
1779 3748 2063 3793 converte-

491 3823 696 3879 bantur
730 3826 797 3881 ad
838 3826 1327 3896 blasphemandum
1362 3846 1376 3883 :
1415 3831 1559 3900 quod
1591 3846 1735 3885 nunc
1775 3831 2061 3901 patiuntur

491 3906 804 3974 Nestoriani
853 3932 917 3973 ac
956 3918 1179 3988 reliqua:
1211 3918 1470 3976 haereses.

1101 4031 1332 4088 CAPUT
1358 4031 1445 4089 IV.

488 4122 568 4181 De
598 4125 840 4180 oratione
860 4136 918 4200 ut
938 4139 1030 4193 pro
1051 4128 1290 4200 amnicus
1319 4128 1437 4195 ﬁat,
1474 4136 1531 4200 ut
1559 4128 1747 4195 ubique
1778 4146 1909 4200 pure
1949 4132 2060 4186 sine

840 4197 953 4250 ulla
983 4199 1285 4252 turbatione
1314 4208 1364 4251 et
1406 4199 1663 4269 religiose.

556 4286 624 4352 II,
656 4287 776 4342 1-4.
805 4286 1071 4343 Adhortor
1101 4290 1262 4359 igitur
1288 4297 1343 4342 ut
1381 4300 1502 4344 ante
1532 4290 1710 4344 omnia
1728 4291 2053 4362 ﬁantdepre-

488 4381 747 4443 rationes.
792 4380 1197 4443 obsecrationes,
1246 4382 1712 4451 interpellationes,
1759 4385 2059 4453 gratiarum

487 4473 723 4528 actiones
754 4488 848 4540 pro
870 4473 1109 4528 omnibus
1149 4475 1469 4540 hominibus,
1508 4491 1602 4542 pro
1629 4478 1833 4546 regibus
1863 4486 1912 4529 et
1944 4494 2058 4532 om-

2167 3375 2424 3446 Ἐλύμαν,
2451 3375 2546 3428 καὶ
2587 3375 2615 3427 6
2647 3372 2849 3442 Πέτρος
2883 3371 2977 3425 τὸν
3013 3372 3265 3426 ’Δνανίαν
3290 3388 3307 3404 ο
3350 3369 3435 3424 ἵνα
3487 3369 3743 3437 δείξωσιν

2164 3467 2246 3521 ὅτι
2278 3466 2553 3521 δύνανται.
2578 3466 2717 3529 Τοὺς
2749 3464 2804 3517 δὲ
2827 3462 3040 3528 τούτοις
3071 3463 3170 3534 μὲν
3203 3461 3594 3535 μανθάνοντας,
3644 3463 3743 3515 ἑκο

2163 3559 2471 3631 τραπέντας
2497 3557 2574 3622 δὲ,
2606 3557 2683 3628 τῷ
2729 3557 2943 3627 Σατανᾷ
2973 3555 3309 3626 παρεδίδουν.
3360 3573 3379 3606 ι
3417 3556 3507 3619 Μὴ
3563 3554 3741 3624 βλασ-

2113 3651 2119 3657 ’
2168 3654 2387 3724 φημεῖν.
2434 3670 2454 3705 ι
2516 3646 2677 3706 Οὗτοι
2735 3651 2847 3720 γὰρ
2890 3650 3170 3721 λογισμοῖς
3226 3647 3584 3719 ἀνθρωπίνοις
3635 3647 3743 3717 τὴν

2164 3747 2346 3799 πίστιν
2364 3745 2782 3809 ὑποϐάλλοντες,
2821 3744 3203 3814 ἐξετράπησαν
3234 3741 3330 3796 καὶ
3370 3740 3737 3812 βλασφημεῖν,

2162 3838 2297 3909 ὅπερ
2324 3839 2418 3891 νῦν
2444 3838 2796 3909 Νεστοριανοὶ
2857 3837 3149 3908 πάσχουσι,
3192 3836 3283 3890 καὶ
3307 3836 3362 3890 αι
3416 3834 3603 3889 λοιπαὶ
3643 3833 3740 3887 at-

2164 3929 2362 4001 ρέσεις.

2768 4043 3019 4096 ΚΕΦᾹΛ.
3055 4042 3129 4097 Δ’.

2161 4138 2301 4209 Περὶ
2343 4132 2533 4212 εὐχῆς
2555 4178 2580 4212 ,Δ
2628 4136 2719 4192 ὅτι
2772 4135 3235 4212 ιξπὲρρπάντων,
3274 4128 3363 4212 ὅτι
3421 4127 3738 4203 πανταχοῦ

2465 4208 2725 4274 ἀκάκως,
2773 4206 3112 4275 ἀταράχως,
3162 4206 3419 4275 σεμνῶς.

2230 4298 2563 4371 Παρακαλῶ
2592 4295 2706 4355 οὖν
2724 4297 2957 4367 πρῶτον
2982 4297 3243 4363 πάντων,
3283 4293 3574 4350 ποιεῖσθαι
3595 4290 3741 4361 δεή-

2159 4410 2311 4461 σεις,
2364 4391 2734 4462 προσευχὰς,
2775 4391 3099 4455 ἐντεύξεις,
3148 4389 3537 4458 εὐχαριστίας
3578 4386 3739 4455 ὑπὲρ

2159 4486 2403 4541 πάντων
2440 4484 2787 4553 ἀνθρώπων,
2814 4483 2968 4552 ὑπὲρ
3002 4481 3313 4547 βασιλέων
3346 4481 3445 4535 καὶ
3491 4478 3740 4531 πάντων

487 4565 642 4619 nibus
667 4566 758 4631 qui
794 4564 847 4617 in
879 4567 1161 4619 eminentia
1193 4576 1313 4620 sunt
1341 4568 1659 4619 constituti:
1690 4578 1745 4621 ut
1779 4569 2048 4635 placidam

2166 4578 2277 4633 τῶν
2299 4578 2369 4631 ἐν
2394 4572 2662 4644 ὑπεροχῇ
2703 4576 2912 4642 ὄντων,
2952 4575 3053 4628 ἵνα
3081 4571 3305 4644 ἤρεμον
3336 4572 3434 4626 καί
3470 4573 3743 4639 ἡσύχιον

486 4671 550 4710 ac
580 4655 811 4725 quietam
847 4656 1009 4709 vitam
1039 4656 1288 4724 degamus
1317 4658 1370 4710 in
1398 4657 1539 4710 οηιηί
1569 4659 1762 4726 pietate
1796 4676 1859 4713 ac
1891 4661 2054 4714 Itone-

485 4758 642 4802 state.
673 4746 817 4802 Nam
851 4748 945 4803 hoc
977 4748 1165 4803 bonum
1193 4759 1271 4802 est
1295 4760 1345 4804 et
1372 4760 1637 4817 acceptant
1663 4768 1844 4805 coram
1872 4751 2056 4808 Salva-

485 4853 597 4897 tore
624 4842 950 4905 nostroDeo,
981 4843 1070 4912 qui
1087 4850 1301 4897 cunctos
1328 4842 1559 4898 homines
1592 4845 1701 4898 vult
1736 4847 1908 4903 saltos
1936 4848 2055 4917 ﬁeri

482 4941 531 4986 et
567 4933 638 4986 ad
671 4934 1018 5003 cognitionem
1056 4934 1294 4988 veritatis
1327 4935 1551 4991 venire.’

552 5025 719 5095 218
751 5025 804 5078 In
837 5026 1178 5096 quotidiano,
1214 5026 1410 5095 inquit,
1441 5027 1588 5083 cultu
1629 5028 1729 5084 hoc
1761 5036 1886 5086 ante
1918 5031 2053 5085 alio-

482 5130 604 5177 rum
660 5123 991 5178 mentionem
1038 5123 1129 5177 sit.
1182 5142 1201 5175 ι
1247 5121 1319 5178 Ut
1364 5126 1495 5179 liant
1544 5126 1977 5195 deprccationcs.
2026 5148 2046 5182 ι

482 5212 804 5284 Dcprecatio
855 5215 1076 5284 quidem
1124 5222 1209 5269 est
1248 5217 1574 5286 supplicatio
1610 5233 1709 5286 pro
1751 5222 2053 5275 remotione

482 5305 722 5360 tristium
757 5305 937 5360 oblata
969 5324 982 5361 :
1027 5306 1334 5361 obsecratio
1369 5324 1497 5363 vero
1525 5312 1716 5379 petitio
1762 5311 2049 5369 bonorum.

481 5400 849 5468 interpellatio
884 5412 1063 5454 autem
1087 5409 1171 5456 est
1197 5401 1264 5454 ad
1283 5404 1685 5459 accusationem
1713 5406 2047 5461 nocentium.

486 5508 505 5545 ι
542 5491 854 5548 Gratiarum
885 5494 1151 5549 actiones.
1190 5513 1207 5547 ι
1236 5494 1461 5565 Oportet
1488 5499 1631 5552 enim
1662 5499 1866 5569 gratias
1890 5515 2050 5571 agere

480 5591 581 5655 pro
618 5584 775 5641 bouis
806 5602 926 5654 qum
956 5597 1146 5641 mutuo
1178 5588 1320 5644 inter
1346 5605 1443 5644 nos
1480 5590 1633 5643 ﬁunt.
1678 5608 1697 5642 ι
1733 5592 1835 5646 Pro
1873 5593 2051 5647 omni.

479 5675 584 5732 bus
613 5675 949 5736 hominibus.
985 5698 1004 5735 ι
1055 5679 1193 5735 Cum
1236 5682 1380 5736 enim
1418 5683 1707 5754 cpismpus
1741 5688 2049 5744 communis

556 5849 598 5889 ⁸⁵
636 5856 793 5945 nom.
830 5877 899 5933 γι,
928 5864 1013 5924 i3.
1098 5866 1138 5899 "
1202 5868 1323 5922 Att.
1357 5869 1534 5935 31:1,?)
1568 5885 1718 5942 seu“.

2153 4672 2299 4735 βίον
2318 4668 2612 4739 διάγωμεν
2640 4668 2710 4721 ὲν
2730 4667 2897 4734 πάσῃ
2927 4665 3203 4732 εὐσεϐείᾳ
3252 4663 3349 4717 καὶ
3386 4663 3735 4729 σεμνότητι.

2164 4764 2343 4818 Τοῦτο
2401 4762 2511 4831 γὰρ
2557 4760 2748 4815 καλὸν
2790 4760 2888 4813 καὶ
2939 4758 3292 4821 ἀπόδεκτον,
3338 4755 3594 4808 ἐνώπιον
3625 4756 3736 4808 τοῦ

2156 4856 2430 4923 Σωτῆρος
2454 4853 2625 4925 ἡμῶν
2648 4851 2821 4917 Θεοῦ,
2846 4852 2913 4917 ὃς
2934 4852 3165 4916 πάντας
3189 4847 3541 4917 ἀνθρώπους
3571 4845 3737 4901 θέλει

2156 4945 2442 5014 σωθῆναι,
2474 4945 2571 4999 καί
2595 4946 2683 5011 είς
2709 4944 3039 5011 ἐπίγνωσιν
3075 4940 3361 5007 ἀληθείης
3388 4938 3606 4991 ἐλθεῖν.

2241 5038 2331 5092 Ἐν
2377 5042 2442 5109 τῇ
2495 5036 2835 5105 καθημερινῇ
2879 5033 3126 5104 λατρεία,
3172 5031 3329 5084 τοῦτο
3352 5030 3457 5100 πρὸ
3485 5030 3583 5097 τῆς
3622 5028 3736 5081 τῶν

2158 5132 2333 5187 ἄλλων
2397 5131 2617 5200 μνήμης
2667 5127 2774 5195 εἴη,
2811 5125 2966 5195 φησί.
3031 5142 3050 5175 ι
3094 5123 3370 5176 Ποιεῖσθαι
3427 5121 3662 5190 δεήσεις.
3706 5136 3727 5169 ι

2158 5226 2352 5293 Δέησις
2383 5223 2480 5292 μὲν
2513 5221 2658 5273 ἔστιν
2696 5219 2876 5271 ἱκεσία
2916 5217 3057 5287 ὑπὲρ
3109 5213 3429 5281 ἀπαλλαγῆς
3469 5210 3732 5279 λυπηρῶν

2158 5312 2598 5384 προσφερομένη.
2640 5308 2924 5378 Προσευχὴ
2980 5307 3059 5370 δὲ,
3082 5305 3299 5375 αἴτησις
3327 5302 3568 5371 ἀγαθῶν.
3602 5300 3732 5351 Ἕν-

2154 5409 2337 5475 τευξις
2387 5407 2466 5473 δὲ,
2526 5402 2831 5472 κατηγορία
2881 5401 2990 5453 τῶν
3042 5397 3395 5452 ἀδικοίντων.
3435 5413 3454 5447 ι
3491 5394 3732 5463 Εὐχαρί-

2160 5502 2333 5561 στίας.
2369 5519 2387 5551 ι
2422 5499 2512 5550 Δεῖ
2526 5498 2632 5566 γὰρ
2656 5494 2998 5565 εὐχαριστεῖν
3032 5492 3175 5562 ὑπὲρ
3198 5490 3306 5542 τῶν
3349 5490 3429 5551 εἰς
3464 5486 3731 5556 delatae;

2156 5592 2455 5663 γινομένων
2510 5589 2753 5657 ἀγαθῶν.
2811 5604 2829 5638 ι
2863 5584 3034 5654 ’Υπὲρ
3080 5582 3298 5637 πάντων
3341 5580 3664 5651 ἀνθρώπων.
3701 5596 3723 5629 ι

2156 5688 2260 5741 Τὸν
2289 5684 2398 5755 γὰρ
2430 5684 2746 5748 ἐπίσκοπον,
2784 5679 2963 5733 κοινὸν
2993 5677 3206 5749 πατέρα
3236 5674 3387 5742 ὄντα,
3431 5673 3536 5745 χρὴ
3585 5670 3727 5743 ὑπὲρ
