4036 6602
320 408 432 471 143

1313 406 1701 473 CJMMENT.
1748 411 1829 472 Di
1872 412 2161 475 EPISTJ
2200 414 2301 473 AD
2339 414 2679 477 TIMOTH-

3470 418 3575 485 156
3624 440 3626 443 '

312 529 541 582 πάντων
573 526 877 600 ἀνθρώπιον
905 525 1184 597 εὔχεσθαι,
1222 528 1452 593 πιστῶν,
1502 528 1769 593 ἀπίστων,
1806 529 1890 596 φί-

2011 528 2065 581 ait
2108 537 2284 599 pater,
2325 530 2484 585 debet
2520 545 2618 599 pro
2667 530 2922 586 omnibus
2971 530 3295 587 hominibus
3335 530 3570 603 precari,

312 620 450 682 λων,
482 619 715 691 ἐχθρῶν,
757 619 1190 690 ἐπηρεαζόντων,
1221 617 1529 673 θλιϐόντων.
1561 638 1580 672 ‹
1602 621 1775 690 ’Υπὲρ
1805 622 1900 691 βα-

316 714 533 767 σιλέων.
567 730 589 765 s
621 708 753 765 Εἶτα
777 711 865 765 ἶνα
919 712 993 782 μὴ
1050 712 1341 776 κολακείας
1382 704 1523 765 εἶναι
1572 715 1635 766 τὸ
1667 715 1897 785 πρᾶγμα

312 803 623 876 ὑπολάϐῃτ,
664 802 881 872 πρῶτον
934 801 1167 866 είπὼν,«
1219 802 1393 873 ’Υπὲρ
1419 802 1636 857 πάντων
1688 806 1902 877 ἀνθρώ-

312 910 473 946 πων·
514 913 534 946 s
564 893 734 950 οὕτως
755 894 1057 963 ἐπήγαγεν,
1088 912 1107 946 ι
1160 894 1339 966 ’Υπὲρ
1378 896 1641 967 βασιλέων
1663 899 1756 951 καὶ
1793 898 1901 950 τῶν

314 987 383 1039 ἓν
420 987 683 1055 ὑπεροχῇ,
722 1005 740 1037 t
777 986 895 1038 Ἵνα
934 987 1140 1056 ἤρεμον
1168 987 1509 1057 κα“ιὴσύχιον
1546 990 1678 1059 βίον.
1715 1008 1734 1041 ι
1785 990 1903 1043 Ἵνα

325 1080 409 1148 μὴ
463 1079 856 1147 ταράττηταιὸ
884 1060 1231 1149 Χριστιανὸς,
1275 1080 1328 1132 τί
1371 1079 1571 1147 δήποτε
1629 1082 1688 1133 ὲν
1725 1081 1904 1151 καιρῷ

316 1169 647 1242 μυστηρίων
682 1171 954 1239 μέμνηται
991 1171 1277 1239 βασιλέως,
1311 1171 1572 1236 πολλάκις
1624 1173 1721 1226 καὶ
1778 1173 1905 1226 ἀπί-

319 1279 454 1315 στου
475 1262 645 1324 ὄντος,
672 1262 942 1315 δείκνυσιν
958 1264 1087 1331 ἡμῖν
1121 1264 1309 1335 κέρδος
1325 1263 1384 1317 ὃν
1409 1265 1508 1334 τὴν
1539 1266 1763 1317 ἐκείνων
1793 1281 1903 1318 σω-

317 1354 543 1422 τηρίαν.
575 1354 696 1416 Πῶς
728 1355 885 1423 ἡμῶν
927 1356 986 1408 τὸ
1039 1357 1231 1423 κέρεος
1270 1360 1303 1425 ἡ
1348 1358 1571 1409 ἐκείνων
1623 1357 1901 1425 σωτηρία;

317 1444 489 1512 Ili-3;;
525 1447 623 1497 'Av
644 1446 752 1513 γὰρ
777 1448 975 1500 ἐκεῖνοι
1020 1446 1298 1511 σώζωνται
1327 1449 1422 1502 καὶ
1455 1448 1812 1515 εὐδοκιμῶσιν
1849 1449 1905 1501 ἐν

318 1542 442 1600 τοῖς
472 1540 609 1607 προς
638 1539 867 1609 ἐχθροὺς
908 1540 1188 1608 πολέμοις,
1231 1542 1392 1609 ἡμεῖς
1440 1542 1496 1594 ἐν
1551 1541 1754 1613 ἡσυχίᾳ
1811 1542 1907 1595 κοιλ⁸

322 1632 542 1703 ὴρεμὲᾳ
564 1632 838 1700 διὰξομεν.
887 1633 1111 1702 μηδενὸς
1161 1634 1310 1702 ἡμᾶς
1368 1635 1748 1703 ταράττοντος.
1798 1634 1907 1689 Kal.

320 1723 441 1793 γὰρ
463 1717 532 1793 ἦν
570 1722 790 1784 ἄτοπον,
812 1724 1010 1787 αὐτοὺς
1048 1726 1147 1795 μὲν
1179 1726 1319 1796 ὑπὲρ
1351 1730 1449 1797 τῆς
1485 1726 1671 1795 κοινῆς
1729 1744 1907 1796 σωτη-

325 1814 451 1884 ρίας
485 1814 726 1883 μοχθεῖν,
765 1817 909 1885 ἡμᾶς
932 1816 1009 1878 δὲ,
1046 1816 1181 1886 μηδέ
1209 1817 1271 1870 τὸ
1306 1817 1446 1870 κατά
1469 1817 1702 1887 δύναμιν
1734 1819 1908 1888 ἀμυνο

321 1907 542 1977 τὴριον,
570 1908 669 1976 τὴν
694 1908 859 1978 εὐχὴν
893 1908 1058 1973 λέγω,
1112 1909 1252 1979 ὑπὲρ
1282 1909 1465 1963 αὐτῶν
1506 1910 1906 1979 συνεισφέρειν.

327 2016 351 2050 e
397 1999 487 2050 ‘Ev
524 1999 666 2068 πάσῃ
699 1999 971 2069 εὐσεϐείᾳ.
1002 2018 1019 2051 ι
1049 2000 1209 2070 Τρεῖς
1237 2002 1341 2053 είσι
1375 2001 1602 2071 πόλεμοι
1636 2017 1650 2031 ⁸
1681 1997 1761 2064 εἷς
1795 2004 1822 2055 ὁ
1852 2005 1916 2056 ὲκ

318 2089 438 2145 τῶν
474 2089 774 2161 Βαρϐάρων
797 2094 1212 2163 ἐπιφερόμενος·
1240 2088 1318 2157 εἷς
1335 2097 1362 2148 ὁ
1391 2095 1455 2147 ἐκ
1471 2094 1578 2148 τῶν
1602 2094 1913 2164 ὁμοφύλων⁸

322 2182 534 2253 τρίτος,
566 2182 626 2236 ὃν
649 2184 845 2255 ἡψυχὴ
874 2186 1152 2250 στασιάζει
1176 2187 1312 2256 πρὸς
1335 2188 1393 2239 τὸ
1420 2187 1644 2256 σῶμα,ὁ
1662 2186 1753 2240 καὶ
1779 2188 1915 2239 πάν-

322 2290 439 2327 των
463 2273 862 2346 χαλεπώτερος.
880 2277 937 2330 Ὀ
959 2276 1058 2347 μὲν
1087 2278 1196 2348 γὰρ
1212 2280 1272 2331 ἐκ
1288 2278 1395 2331 τῶν
1412 2279 1489 2331 Βα
1499 2278 1732 2349 ρϐάρων,
1754 2279 1916 2332 θάνα-

325 2367 468 2435 τονῆ
489 2367 731 2421 δουλείαν
744 2370 991 2439 ἐπιφέρει
1013 2370 1191 2440 μόνον.
1206 2369 1310 2424 Τὸν
1324 2372 1455 2425 δὲέκ
1477 2371 1584 2425 τῶν
1602 2370 1910 2442 ὁμοφύλων,

326 2455 555 2514 εστικαῖ
569 2460 639 2514 δι’
658 2463 961 2525 ἐπιεικείας
982 2464 1239 2532 ἐκφυγεῖν
1282 2463 1331 2531 (ε
1377 2464 1523 2517 Ἀντὶ
1540 2464 1645 2534 γὰρ
1663 2464 1755 2518 τοῦ
1777 2464 1919 2533 ἀγαο

325 2552 442 2621 πᾷν
468 2569 558 2620 με,
581 2552 765 2621 φησιν,
795 2554 1130 2609 ὲνδιέϐαλλόν
1151 2572 1239 2625 με,
1264 2555 1440 2623 ἐγὼδέ
1462 2556 1906 2628 προσηυχόμην.»

327 2642 465 2704 Καὶ,
503 2662 521 2694 t
556 2644 709 2697 Μετὰ
740 2644 850 2697 τῶν
886 2645 1189 2714 μισοῦντων
1218 2646 1317 2718 τὴν
1347 2648 1595 2717 είρήνην,
1626 2647 1777 2718 ἥμην
1835 2647 1915 2700 εί-

330 2736 557 2805 ρηνικός
586 2738 654 2805 ι).
671 2738 730 2790 '0
753 2737 807 2790 δὲ
833 2739 891 2791 ὲν
921 2741 1053 2808 ἡμῖν
1076 2740 1275 2805 αὐτοῖς,
1302 2739 1747 2810 δυσκατόρθωτος
1772 2743 1911 2807 ἐστι,

326 2825 427 2878 καὶ
454 2830 521 2895 τῇ
550 2827 694 2898 ψυχῇ
724 2830 824 2899 τὴν
857 2829 1060 2900 βλάϐην
1085 2832 1355 2901 ἐπιφέρει.
1378 2830 1636 2885 Βούλεται
1656 2831 1748 2885 οὖν
1771 2831 1913 2902 ὑπὲρ

329 2916 603 2986 βασιλέων
631 2917 911 2987 εὔχεσθαι.
940 2921 1029 2973 ἵνα
1059 2939 1115 2973 τε
1161 2922 1353 2975 νικῶσι
1411 2923 1507 2976 καὶ
1559 2922 1910 2991 διαμένωσιν,
1930 2979 1944 2992 _

328 3005 494 3069 εἰδὼς
522 3006 619 3078 τὴν
650 3010 758 3062 ἀπὸ
794 3011 900 3064 τῶν
934 3011 1234 3084 Βαρϐάρων
1271 3012 1497 3083 εἰρήνην
1548 3013 1682 3067 πολὺ
1726 3030 1913 3066 συντε-

323 3099 533 3154 λοῦσαν
560 3104 639 3167 είς
664 3102 762 3173 τὴν
791 3105 848 3157 ἐν
881 3105 1013 3174 ἡμῖν
1044 3108 1227 3168 αὐτοῖς
1254 3104 1499 3175 εἰρήνην.
1530 3106 1592 3157 Et
1647 3104 1759 3173 γὰρ
1819 3104 1905 3157 δεῖ

327 3191 598 3261 σχολάσαι
627 3194 721 3247 καλ.
748 3195 951 3263 γνῶναι
975 3195 1129 3258 Θεὸν,
1163 3195 1272 3265 ἄρα
1305 3195 1501 3266 σχολῆς
1526 3195 1634 3248 ’καὶ
1679 3195 1910 3265 ἡσυχίας
1933 3207 1979 3271 C

326 3283 495 3353 χρεία
529 3287 609 3347 είς
644 3285 940 3353 ἐπίγνωσιν
988 3304 1046 3339 τε
1079 3286 1212 3339 Θεοῦ
1241 3287 1335 3340 κοιλ⁸
1365 3286 1749 3355 ἁγαθοεργίας.
1787 3285 1912 3350 Πῶς

326 3375 384 3429 δ’
409 3374 476 3429 ἂν
522 3376 572 3428 oi
620 3376 879 3445 πολέμοις
930 3379 1235 3448 ἐνεχόμενοι
1296 3378 1674 3450 βαρϐαρικοῖς,
1719 3378 1913 3449 σχολάο

328 3483 526 3532 σαιενς
550 3467 719 3520 Τοῦτο
735 3468 843 3539 γὰρ
872 3469 1032 3521 καλὸν
1062 3468 1156 3522 καὶ
1181 3470 1499 3533 ἀπόδεκτον,
1549 3468 1610 3522 τὸ
1658 3452 1910 3539 εὔχεσθαι

324 3559 480 3627 ὑπὲρ
518 3558 738 3612 πάντων
788 3560 1126 3629 ἀνθρώπιον,
1167 3562 1260 3614 καὶ
1321 3561 1607 3630 Ἑλλήνων,
1654 3559 1744 3615 ἵνα
1792 3562 1912 3614 ὲπιυ

331 3651 674 3719 στραφῶσιν.
716 3670 735 3703 t
778 3654 873 3716 Ὃς
926 3654 1135 3716 πάντας
1172 3652 1493 3723 ἀνθρώπους
1538 3651 1682 3705 θέλει
1736 3652 1913 3723 σωοῆ-

325 3758 452 3796 ναι.
483 3759 502 3793 ι
539 3743 599 3794 ΕΞ
631 3742 813 3807 αὐτὸς,
838 3744 991 3813 φησὶ,
1017 3743 1160 3798 θέλει
1212 3744 1420 3806 πάντας
1462 3744 1721 3814 σωθῆναι,
1747 3745 1775 3796 ὁ
1819 3745 1913 3798 καὶ

331 3832 532 3897 σώζων
546 3834 768 3903 Κύριος,
798 3836 881 3897 τίς
905 3836 1061 3905 χρεία
1096 3835 1242 3905 ἐμῶν
1265 3836 1474 3905 εὑχῶν;
1510 3836 1637 3890 Ναί.
1704 3836 1911 3901 Αὑτοὺς

332 3940 402 3976 τε
456 3924 564 3997 γὰρ
620 3926 864 3990 ἐκείνους
916 3928 998 3991 εἰς
1044 3928 1267 3996 ἀγάπην
1311 3926 1511 3989 ἕλκεις,
1549 3926 1644 3981 καὶ
1676 3928 1738 3979 τὸ
1758 3926 1912 3996 φιλό-

334 4029 571 4081 στοργον
620 4016 905 4080 δεικνύεις.
968 4018 1175 4087 Μιμοῦ,
1236 4018 1389 4087 φησι,
1447 4018 1539 4070 τὸν
1592 4018 1793 4071 σκοπδν
1815 4015 1911 4070 τοῦ

328 4103 501 4159 Θεοῦ.
525 4106 694 4169 Αὐτὸς
724 4109 833 4178 γὰρ
866 4109 1077 4172 πάντας
1111 4108 1431 4179 ἀνθρώπους
1458 4107 1602 4161 θέλει
1649 4108 1910 4177 σωθῆναι,

332 4196 440 4251 καὶ
502 4198 564 4251 σὺ
603 4200 744 4269 ὑπὲρ
794 4201 1010 4253 πάντων
1056 4198 1216 4270 εῦχου
1263 4199 1586 4271 ἀνθρώπων.
1630 4218 1649 4252 ι
1684 4202 1789 4253 Καὶ
1824 4202 1909 4265 είς

326 4285 638 4353 ἐπίγνωσιν
665 4287 919 4357 ἀληθείας
951 4288 1144 4342 ἐλθεῖν.
1174 4306 1192 4339 ι
1231 4285 1420 4351 Εἶπεν,
1450 4306 1467 4338 t
1490 4287 1585 4348 Είς
1614 4287 1912 4352 ἐπίγνωσιν

330 4376 619 4447 ἀληθείας.
647 4398 666 4431 ι
698 4379 885 4433 λοιπὸν
906 4381 1050 4447 λέγει
1073 4383 1199 4433 ποία
1226 4383 1258 4451 ή
1286 4381 1345 4432 ἐν
1372 4379 1637 4449 δόγμασιν
1659 4376 1911 4447 ἀλήθεια.

328 4466 405 4520 Et
430 4464 523 4519 οὖν
545 4467 707 4530 θέλει,
752 4471 937 4539 φησιν,
963 4472 991 4523 δ
1016 4470 1169 4531 Θεὸς.
1199 4471 1250 4521 τί
1299 4470 1372 4539 μὴ
1404 4470 1615 4537 γίνεται
1652 4467 1681 4521 ὃ
1721 4468 1865 4520 θέλει
1893 4481 1910 4532 ;

1935 1862 1984 1921 B

2005 620 2253 677 ﬁdelibus
2286 631 2339 678 et
2372 622 2704 688 infidelibus,
2743 624 2936 678 amicis
2965 632 3020 678 ct
3063 624 3323 689 inimicis,
3363 626 3542 680 calum
3563 658 3577 668 -

2003 714 2281 769 uiantibus
2307 725 2359 769 et
2384 714 2771 786 amigentibus.
2828 716 2990 772 s'Pr‘o
3024 718 3264 788 regibus.
3305 736 3324 769 ι
3369 717 3575 775 Deinde

2003 820 2071 858 ne
2103 805 2462 860 adulatorium
2497 822 2623 862 esse
2644 823 2756 863 rem
2780 810 3100 879 suspiceris,
3133 812 3369 880 primum
3407 812 3575 867 dixit:

2008 913 2027 946 ι
2054 894 2159 949 Pro
2183 898 2437 952 omnibus
2462 897 2801 965 hominibus;
2825 900 3533 971 retitademumsubjuuxit
3559 922 3572 956 :

2010 1007 2029 1040 ι
2064 986 2170 1042 Pro
2188 990 2407 1059 regibus
2434 1000 2489 1045 et
2526 992 2611 1045 bis
2631 993 2721 1062 qui
2742 1001 2868 1047 sunt
2900 994 2953 1047 in
2980 994 3274 1049 eminentia
3309 995 3576 1050 constitu-

2004 1080 2069 1134 ti.
2106 1099 2124 1131 ι
2154 1097 2171 1130 t
2199 1080 2267 1135 Ut
2295 1081 2565 1148 placidam
2592 1099 2654 1137 ac
2682 1085 2917 1153 quietam
2937 1086 3102 1141 vitam
3122 1086 3405 1155 degamus.
3442 1107 3460 1138 ι
3500 1087 3577 1144 Ne

2007 1169 2062 1222 in
2113 1170 2298 1239 aliquo
2345 1172 2599 1226 turbetur
2627 1173 2998 1241 Christianus,
3045 1177 3399 1245 quamobrem
3435 1187 3576 1234 tem-

2007 1274 2140 1329 pore
2176 1261 2561 1330 mysteriorum
2595 1267 2905 1321 meminerit
2931 1268 3230 1337 regis-cum
3266 1268 3578 1337 frequenter

2008 1350 2080 1403 sit
2112 1349 2368 1414 inlitlclis,
2418 1354 2660 1409 ostendit
2685 1365 2934 1411 nostrum
2963 1372 3081 1412 esse
3114 1358 3323 1412 lucrum
3358 1358 3577 1417 illatum

2009 1440 2261 1495 salutem.
2297 1439 2400 1497 Sed
2429 1446 2703 1514 quomodo
2734 1455 2982 1503 nostrum
3014 1455 3103 1504 est
3125 1449 3335 1503 lucrum
3360 1448 3577 1502 illorum

2008 1532 2204 1587 salus?
2236 1532 2526 1600 Quomodo
2551 1536 2575 1589 ?
2605 1535 2661 1590 Si
2694 1538 2838 1593 enim
2876 1539 2951 1593 illi
2976 1547 3259 1594 serventur
3289 1549 3341 1593 et
3362 1539 3579 1608 egregie

2008 1636 2068 1676 se
2102 1633 2287 1690 gerant
2328 1625 2383 1679 in
2430 1626 2587 1681 bellis
2619 1627 2883 1682 adversus
2922 1628 3128 1693 hostes,
3167 1643 3265 1681 nos
3296 1628 3478 1698 quiete
3522 1636 3576 1683 et

2010 1711 2492 1784 placidedegemns
2513 1717 2664 1770 nullo
2687 1716 2959 1772 turbante.
2980 1718 3285 1773 Absurdnm
3306 1718 3486 1787 siquid
3511 1734 3576 1771 -ιιι

2010 1802 2156 1860 esset
2208 1805 2356 1875 ipsos
2417 1821 2514 1877 pro
2566 1808 2842 1863 communi
2895 1810 3073 1866 salute
3119 1812 3425 1883 defatigari,
3479 1827 3579 1867 nos

2016 1903 2221 1953 autem.
2259 1912 2329 1952 ne
2371 1896 2422 1952 id
2452 1897 2671 1968 quidem
2703 1900 2845 1970 quod
2882 1901 2936 1955 in
2992 1903 3152 1959 nobis
3191 1913 3277 1958 est
3319 1904 3579 1959 auxilium

2015 1986 2340 2057 (orationem
2379 1990 2525 2057 dico)
2553 2005 2651 2061 pro
2682 1992 2815 2062 ipsis
2846 1994 2899 2047 in
2945 2010 3112 2049 unum
3147 1995 3416 2051 conferre.
3463 2014 3483 2046 ε
3525 1996 3585 2051 lu

2015 2081 2161 2133 omni
2185 2079 2404 2149 pietate.
2447 2100 2466 2134 ι
2503 2082 2630 2137 Tria
2664 2091 2792 2139 sunt
2823 2085 2997 2141 bella:
3030 2103 3196 2141 unum
3220 2088 3366 2157 quod
3395 2104 3422 2141 a
3446 2087 3583 2141 Bar-

2014 2172 2165 2227 baris
2204 2172 2455 2241 infertur,
2498 2175 2731 2230 alterum
2773 2177 2919 2247 quod
2961 2195 2988 2231 a
3043 2179 3447 2233 contribuliltus
3474 2220 3487 2241 ,
3528 2188 3583 2234 et

2019 2264 2237 2318 tertium
2273 2280 2383 2335 quo
2415 2269 2595 2321 anima
2628 2266 2918 2324 dissidium
2960 2271 3120 2325 habet
3160 2272 3425 2327 adversus
3462 2287 3584 2326 cor—
3614 2256 3617 2259 ’

2016 2370 2140 2425 pus,
2177 2356 2325 2426 quod
2364 2360 2527 2413 etiam
2570 2360 2727 2431 longe
2761 2364 3004 2417 omnium
3055 2364 3581 2434 periculOsissimum

2016 2456 2099 2502 est
2135 2465 2149 2503 :
2196 2450 2329 2505 illud
2362 2467 2599 2522 namque
2631 2455 2775 2523 quod
2809 2470 2837 2508 a
2873 2455 3126 2511 Barbaris
3163 2455 3415 2521 infertur,
3440 2471 3586 2511 mor-

2017 2548 2124 2594 tem
2167 2549 2379 2598 tantum
2413 2552 2505 2598 aut
2545 2546 2863 2600 servitutem
2897 2546 3050 2603 aﬂert
3082 2566 3098 2603 :
3134 2548 3277 2619 quod
3322 2559 3501 2604 autem
3553 2563 3583 2603 a

2014 2636 2454 2702 contribulibus,
2514 2638 2784 2708 contingit
2822 2640 2981 2694 etiam
3042 2655 3143 2711 per
3193 2641 3583 2711 benignitatem

2012 2724 2269 2781 devitari.
2310 2728 2401 2782 Alt
2429 2728 2573 2783 enim
2603 2747 2617 2784 :
2653 2748 2674 2782 ι
2709 2730 2845 2785 Cum
2880 2748 2965 2787 me
2992 2732 3213 2801 diligere
3238 2733 3582 2798 debuissem,

2012 2816 2375 2875 detrahebant
2425 2822 2553 2877 mihi
2584 2866 2598 2887 ,
2646 2832 2746 2894 ego
2798 2833 2978 2879 autem
3036 2827 3259 2880 orabam
3297 2828 3362 2878 η.
3410 2845 3428 2878 s
3465 2827 3529 2880 Et
3568 2846 3581 2880 :

2017 2930 2037 2961 ι
2075 2911 2209 2965 Cum
2243 2912 2330 2966 bis
2364 2913 2457 2981 qui
2496 2914 2723 2969 oderant
2760 2930 2944 2983 pacem
2981 2932 3129 2970 eram
3164 2917 3424 2984 pacificus
3454 2918 3517 2969 η.
3558 2935 3577 2969 s

2011 3001 2148 3057 Illud
2183 3018 2312 3058 vero
2335 3018 2459 3057 cum
2483 3006 2554 3059 sit
2592 3006 2643 3059 in
2678 3007 2835 3062 nobis
2861 3007 3013 3077 ipsis.
3041 3007 3354 3062 difﬁcillime
3385 3010 3581 3063 confici

2010 3101 2209 3160 potest,
2241 3103 2293 3150 et
2321 3096 2518 3150 animae
2545 3097 2699 3151 affert
2724 3107 3134 3153 nocumentum.
3171 3097 3298 3154 Vult
3323 3115 3453 3169 ergo
3484 3114 3583 3169 pro

2012 3185 2234 3253 regibus
2267 3186 2379 3241 ﬂeri
2411 3188 2756 3257 precationes
2779 3196 2839 3242 ιιι
2860 3190 3082 3244 vincant
3103 3197 3156 3243 et
3189 3200 3578 3260 permaneant:

2013 3277 2195 3332 sciens
2216 3292 2401 3346 pacem
2418 3293 2537 3349 quae
2559 3294 2587 3332 a
2614 3279 2866 3335 Barbaris
2891 3292 2992 3346 est,
3014 3282 3304 3344 plurimum
3332 3281 3584 3337 conferre

2013 3367 2079 3422 ad
2119 3382 2303 3437 pacem
2336 3385 2458 3437 quze
2489 3370 2541 3423 itt
2569 3370 2729 3425 nobis
2765 3385 2887 3426 esse
2924 3372 3107 3428 debet.
3148 3372 3280 3426 Nam
3304 3372 3350 3429 si
3386 3387 3583 3429 vacare

2012 3467 2258 3525 Oporteat
2301 3458 2581 3529 Deumque
2613 3475 2966 3530 cognoscere,
3004 3472 3152 3517 certe
3182 3462 3296 3515 otio
3317 3469 3372 3515 et
3398 3463 3583 3530 quiete

2011 3563 2149 3618 Opus
2175 3557 2258 3604 est
2285 3550 2350 3604 ad
2389 3550 2479 3605 Dei
2509 3553 2969 3608 etbeuellciorum
2999 3554 3171 3623 ipsius
3194 3554 3579 3624 cognitionem.

2012 3641 2297 3708 Quomodo
2327 3657 2456 3712 ergo
2490 3642 2542 3695 lti
2571 3658 2763 3699 vacare
2799 3653 3057 3713 poterunt
3085 3646 3176 3715 qui
3211 3646 3366 3700 bellis
3409 3659 3582 3699 occuo

2013 3742 2214 3801 pantur
2228 3733 2710 3789 barbaricis?Nam
2740 3736 2841 3789 hoc
2861 3736 3059 3790 bouu'n
3087 3746 3171 3791 est
3197 3748 3250 3793 et
3271 3746 3579 3808 acceptum,

2015 3840 2207 3895 nempe
2267 3825 2477 3894 precari
2538 3839 2637 3895 pro
2694 3826 2952 3881 omnibus
2999 3826 3356 3892 hominibus,
3415 3830 3582 3883 ctiam

2011 3912 2237 3979 Cra-cis,
2266 3924 2327 3969 ut
2355 3924 2770 3969 convertantur.
2814 3916 2981 3986 219
3024 3934 3044 3968 ι
3086 3917 3188 3983 Qui
3218 3928 3449 3974 cunctos
3483 3920 3583 3975 ho-

2013 4007 2186 4061 mines
2203 4007 2317 4061 vult
2347 4009 2529 4062 salvos
2560 4007 2697 4062 ﬁeri.
2723 4007 2816 4063 sSi
2847 4009 2963 4078 ipse
2982 4010 3174 4080 (dices)
3204 4012 3291 4080 qui
3318 4010 3584 4069 Dominus

2012 4106 2096 4153 est
2126 4099 2307 4153 salvos
2343 4098 2565 4164 faciens,
2598 4100 2921 4154 vultomncs
2953 4101 3131 4155 salvos
3156 4101 3292 4165 ﬁeri,
3317 4119 3583 4172 quorsum

2012 4204 2142 4258 ergo
2185 4195 2388 4243 nostrae
2423 4189 2748 4243 orationes?
2797 4187 2993 4258 Utique
3053 4194 3381 4248 necessaria:
3428 4204 3579 4252 sunt.

2012 4278 2146 4334 Nam
2172 4288 2339 4336 eteos
2370 4278 2519 4349 ipsos
2543 4279 2608 4332 ad
2640 4280 2962 4334 cbaritatem
2988 4283 3243 4348 attraltis,
3264 4291 3319 4338 et
3349 4285 3583 4340 benevo-

2013 4373 2237 4427 lentiam
2270 4372 2535 4428 ostendis.
2574 4371 2811 4438 Imitare,
2845 4374 3045 4445 inquit,
3080 4374 3170 4430 Dei
3203 4379 3580 4449 propositum:

2016 4462 2133 4533 ipse
2170 4463 2371 4518 etenim
2401 4462 2514 4516 vult
2544 4477 2737 4518 Omnes
2778 4464 3026 4520 homines
3064 4467 3248 4523 salvos
3278 4470 3415 4534 ﬁeri,
3445 4481 3495 4525 et
3523 4478 3580 4526 tu

332 4557 420 4612 Οὐ
445 4559 675 4623 γίνεται,
712 4562 793 4615 ὅτι
816 4563 1014 4615 ἐκεῖνοι
1043 4563 1103 4615 οὐ
1135 4562 1397 4619 θέλουσιν.
1417 4562 1584 4617 Οὐδὲν
1630 4561 1738 4632 γὰρ
1769 4561 1906 4632 πρδς

2013 4567 2112 4622 pro
2141 4551 2415 4605 universis
2447 4564 2670 4619 precare
2702 4550 3033 4606 hominibus.
3067 4572 3086 4605 ι
3114 4553 3176 4606 Et
3202 4554 3268 4607 ad
3308 4558 3582 4627 cognitio-

329 4651 587 4720 ἀνάγκην
622 4656 767 4705 ποιεῖ
796 4656 823 4705 ὁ
843 4654 996 4717 θεός.

2018 4662 2143 4700 nem
2173 4643 2416 4697 veritatis
2450 4643 2654 4698 venire.
2698 4660 2719 4696 ι
2758 4644 2905 4698 Dixit
2943 4645 3007 4700 ad
3042 4648 3408 4716 cognitionem
3438 4650 3581 4705 veri-

324 4742 490 4800 satis.
534 4753 722 4810 postea
756 4743 889 4797 dicit
914 4759 1161 4813 quaenam
1197 4746 1268 4799 sit
1298 4744 1352 4799 in
1378 4746 1649 4816 dogmatis
1681 4744 1905 4799 veritas.

2023 4751 2153 4805 ergo
2185 4733 2326 4788 Deus
2355 4733 2487 4797 vult,
2522 4748 2694 4803 quare
2723 4750 2831 4789 non
2865 4735 2923 4789 fit
2952 4738 3096 4807 quod
3129 4738 3246 4792 vult
3272 4738 3299 4792 τ
3340 4739 3457 4796 Non
3499 4741 3578 4805 fit,

326 4835 469 4908 quia
522 4837 598 4891 illi
635 4840 846 4891 nolunt.
880 4838 1021 4893 Nibil
1058 4840 1204 4893 enim
1232 4855 1296 4894 ex
1359 4840 1683 4895 necessitate
1749 4838 1878 4893 facit
1917 4836 1975 4890 in
2014 4829 2173 4887 nobis
2214 4828 2376 4883 Dous-

406 4923 513 4992 Εἷς
546 4927 655 4997 γὰρ
690 4928 853 4994 Θεὸς,
895 4924 983 4994 εἷς
1020 4930 1117 4983 καὶ
1168 4931 1420 4997 μεσίτης
1473 4930 1621 4983 Θεοῦ
1649 4929 1748 4984 καὶ
1798 4929 1905 4983 ἀν⁸

327 5018 608 5087 θρώπων,
670 5018 983 5087 ἅνθρωπος
1042 5018 1296 5085 Χριστὸς
1362 5018 1639 5084 Ἰησοῦς,
1680 5020 1715 5073 δ
1765 5016 1913 5083 δοὺς

296 5108 556 5174 ,ἑαυτὸν
590 5108 955 5175 ἀντίλυτρον
1001 5108 1154 5177 ὑπὲρ
1185 5107 1448 5171 πάντων,
1478 5109 1546 5161 τὸ
1586 5110 1914 5179 μαρτύριον

326 5198 566 5264 καιροῖς
591 5198 786 5263 ἰδίοις,
820 5200 907 5265 εις
939 5198 970 5252 ὃ
1000 5200 1214 5266 ἐτέθην
1247 5198 1361 5267 ἐγὼ
1393 5200 1587 5267 κῆρυξ
1632 5202 1727 5255 καὶ
1760 5199 1910 5253 ἁπό-

324 5293 580 5354 στολος.
622 5289 939 5355 Ἀλήθειαν
983 5291 1141 5356 λέγω
1190 5290 1261 5343 ἐν
1291 5290 1540 5357 Χριστῷ,
1581 5292 1653 5345 οὐ
1689 5290 1914 5358 ψεύδο-

322 5398 462 5452 μαι,
490 5379 859 5445 διδάσκαλος
894 5380 1085 5435 ἐθνῶν
1108 5381 1176 5433 ἐν
1203 5382 1400 5434 πίστει
1435 5382 1531 5435 καὶ
1563 5382 1832 5447 ἀληθείῃ.

412 5490 430 5521 t
461 5467 557 5533 Εἷς
585 5470 694 5542 γὰρ
720 5472 872 5535 Θεὸς.
903 5467 979 5535 εἷς
1017 5476 1111 5525 καλ⁵
1143 5472 1387 5540 μεσίτης.
1420 5490 1440 5524 s
1471 5472 1636 5540 Ὅρα,
1660 5474 1760 5525 οὐκ
1782 5468 1903 5524 εἷπε

325 5561 467 5622 Δύο.
494 5562 653 5627 ἀλλὰ,
690 5558 783 5626 Εἷς
807 5564 902 5616 καὶ
931 5558 1033 5629 εἷς,
1057 5564 1224 5635 ταύτῃ
1241 5563 1337 5633 τὴν
1353 5564 1641 5617 πολυθεῒαν
1665 5562 1902 5631 φεύγων.

344 5654 507 5708 ἐπεὶ
534 5651 629 5710 οὖν
666 5654 774 5708 εδει
794 5658 887 5711 τὸν
924 5657 1231 5727 μεσιτεύειν
1256 5655 1540 5727 μέλλοντα,
1576 5655 1905 5727 ἀμφοτέρων

408 5830 454 5860 ⁸⁸
483 5825 628 5884 Psal.
659 5844 814 5895 cvm,
872 5828 924 5884 ι.
1003 5829 1045 5861 ⁸⁷
1094 5828 1240 5885 Psal.
1306 5845 1456 5895 cm,
1494 5831 1543 5884 'I.

2106 4921 2173 4982 II.
2205 4920 2319 4974 5-7.
2356 4916 2501 4972 Unus
2532 4918 2667 4972 enim
2703 4916 2862 4983 Deus,
2904 4935 3039 4973 unus
3068 4921 3230 4974 etiam
3269 4922 3581 4977 conciliator

2012 5010 2113 5065 Dei
2140 5020 2188 5064 et
2211 5009 2483 5063 hominum
2513 5008 2666 5062 homo
2709 5005 2958 5063 Christus
2983 5008 3162 5076 Jesus,
3197 5013 3289 5081 qui
3317 5012 3465 5066 dedit
3495 5028 3580 5067 se-

2011 5103 2291 5169 metipsum
2333 5100 2560 5168 pretium
2588 5099 2961 5166 redemptionis
2989 5116 3084 5165 pro
3123 5102 3385 5167 omnibus,
3428 5104 3579 5156 testi.

2013 5196 2248 5249 monium
2294 5192 2612 5258 temporibus
2639 5192 2773 5257 suis,
2805 5192 2874 5245 ad
2920 5192 3061 5262 quod
3102 5195 3306 5263 positus
3345 5211 3459 5248 sum
3485 5211 3579 5261 ego

2008 5305 2183 5358 prwco
2212 5293 2262 5339 et
2309 5284 2604 5355 apostolus.
2655 5284 2937 5338 Veritatem
2973 5286 3093 5339 dico
3120 5287 3176 5339 in
3211 5285 3439 5350 Christo,
3474 5303 3581 5340 non

2013 5383 2257 5439 mentior.
2292 5381 2475 5433 doctor
2498 5379 2731 5448 gentium
2765 5394 2857 5447 per
2878 5378 3034 5446 ﬁdem
3066 5389 3111 5433 et
3141 5382 3431 5434 veritatem.

2088 5494 2107 5526 ι
2152 5472 2304 5527 Unus
2333 5471 2478 5526 enim
2513 5470 2675 5533 Dens,
2709 5485 2849 5525 unus
2901 5478 2954 5524 et
3004 5472 3346 5524 conciliator.
3387 5489 3406 5521 ι
3446 5470 3580 5523 Ani-

2010 5564 2290 5617 madverte
2306 5561 2452 5631 quod
2473 5576 2578 5614 non
2595 5560 2817 5625 dixerit,
2846 5561 2984 5622 Duo,
3008 5560 3127 5626 sed,
3146 5560 3299 5615 Unus
3325 5569 3378 5614 et
3408 5575 3574 5625 unus,

2012 5653 2114 5709 hoc
2150 5631 2313 5709 modo
2345 5652 2571 5709 deorum
2611 5651 3116 5720 multiplicatiouem
3145 5649 3383 5722 fugiens.
3419 5648 3573 5717 Quo-
