4036 6592
285 352 397 418 153

1325 361 1709 425 COMMENT.
1740 361 1822 425 ΙΝ
1858 365 2096 426 EPIST.
2126 368 2154 426 Ι
2179 367 2277 428 AD
2306 364 2625 429 ΤΙΜΟΤΗ.

3407 350 3546 437 'tst

279 464 341 519 ἰν
399 464 784 538 συλλογισμοῖς
836 468 932 524 καὶ
985 470 1210 536 πλοκαῖς
1284 475 1634 545 ρητορικαῖς,
1675 475 1791 529 ἀλλ’
1822 475 1881 527 ὲν

2009 474 2282 533 leritatem
2322 479 2467 547 dico,
2506 496 2619 536 non
2647 480 2907 538 mentior.
2946 499 2964 534 ι
3005 483 3202 539 Doctor
3233 485 3494 555 gentium.
3530 504 3551 538 ι

285 558 502 614 πίστει.
549 558 724 613 Τοῦτο
769 560 882 633 γὰρ
914 562 1153 619 δεικνύει
1202 564 1298 618 τοῦ
1357 566 1712 637 κηρύγματος
1777 564 1876 637 τὴν

285 648 545 719 δύναμιν.

1981 566 2119 634 Quia
2166 573 2437 640 contingit
2482 574 2649 628 etiam
2710 575 3011 645 praedicare
3059 579 3554 645 pratercurrendo.

1978 659 2291 729 subiunxit,
2334 663 2573 719 Doctor:
2608 681 2715 719 non
2743 666 2920 720 solum
2947 669 3092 721 enim
3129 665 3557 737 prazdicavi,sed

287 752 346 797 et
397 753 815 812 perseveranter
864 747 1051 803 docui.
1105 746 1220 804 lloc
1275 757 1455 804 autem
1489 750 1732 805 ostendit
1771 748 1866 803 Dei
1908 751 2153 806 studium
2203 771 2331 824 erga
2382 768 2591 827 gentes.
2643 776 2663 811 ι
2702 757 2804 814 Per
2839 759 2999 815 ﬁdem
3068 770 3123 816 et
3190 762 3500 815 veritatem.
3530 779 3549 812 ι

289 837 568 906 Quoniam
597 841 733 895 dixit
774 843 919 897 :Per
968 841 1124 897 tidem
1148 882 1163 906 ,
1195 858 1265 898 ne
1310 837 1435 912 quis
1471 845 1752 899 existimet
1781 840 1926 910 quod
1962 840 2034 894 sit
2080 860 2254 913 error,
2301 850 2583 917 subjuuxit
2626 870 2641 906 :
2689 850 2789 905 Per
2816 853 3121 907 veritatem.
3172 851 3290 907 Non
3320 853 3558 924 praedico

290 931 610 988 rationibus
652 949 717 987 ac
759 935 997 988 nexibus
1041 935 1356 1000 rhetoricis,
1401 935 1493 991 sed
1547 951 1642 1003 per
1681 933 1862 987 (idem.
1906 927 2040 985 Nam
2078 934 2180 991 hoc
2210 940 2617 1007 praedicationis
2642 942 2751 996 vim
2786 944 3053 998 ostendit.

364 1029 667 1097 Βούλομαι
709 1024 826 1084 οὖν
868 1032 1307 1099 προσεύχεσθαι
1354 1032 1494 1097 τοὺς
1535 1030 1760 1098 ἄνδρας
1808 1029 1878 1082 ἐν

289 1120 476 1174 παντὶ
532 1122 728 1187 τόπῳ,
779 1120 1136 1191 ἐπαίροντας
1182 1121 1359 1189 ὁσίας
1439 1122 1642 1192 χεῖρας
1697 1122 1877 1191 χωρὶς

290 1208 484 1277 ὀργῆς
529 1211 628 1263 καί
661 1210 1076 1280 διαλογισμοῦ,
1118 1212 1420 1280 Ὡσαύτως
1467 1214 1564 1267 καὶ
1608 1212 1714 1279 τὰς
1773 1231 1877 1282 γυ·-

290 1300 514 1368 ναῒκας
546 1301 617 1355 ἐν
665 1300 1014 1372 καταστολῇ
1067 1306 1297 1373 κοσμίῳ
1326 1306 1478 1374 μετὰ
1524 1303 1733 1367 αἰδοῦς
1778 1305 1877 1358 καὶ

292 1393 726 1460 σωφροσύνης,
761 1394 1014 1463 κοσμεῖν
1043 1395 1281 1459 ἑαυτὰς,
1317 1396 1402 1464 μὴ
1437 1395 1507 1447 ἐν
1535 1396 1878 1464 πλέγμασιν

292 1483 335 1552 ἦ
380 1484 590 1551 χρυσῷ
625 1485 664 1554 ἢ
692 1489 1100 1556 μαργαρίταις,
1131 1487 1169 1556 ἣ
1201 1489 1498 1558 ιματισμῷ
1529 1488 1875 1555 πολυτελεῖ,

294 1577 440 1630 ἀλλ’
470 1577 502 1631 6
533 1578 744 1645 πρέπει
775 1579 1051 1648 γυναιξὶν
1091 1580 1643 1652 ἐπαγγελλομέναις
1676 1581 1881 1636 θεοσέ-

297 1673 470 1723 ϐειαν
499 1669 574 1724 δι’
603 1672 793 1739 ἔργων
818 1672 1076 1742 ἀγαθῶν.

373 1762 502 1825 Πῶς
550 1761 664 1828 οὖν,
718 1766 748 1816 6
788 1765 1021 1835 Χριστὸς
1070 1765 1275 1820 ἐκῶλυε
1316 1768 1377 1821 τδ
1422 1768 1674 1839 φανερῶς
1722 1768 1882 1839 εὔχε-

2060 1030 2126 1096 ll,
2178 1034 2326 1091 8-10.
2387 1036 2515 1092 Volo
2547 1039 2714 1106 igitur
2752 1041 2889 1093 viros
2947 1057 3103 1094 orare
3129 1041 3183 1094 in
3221 1040 3364 1094 omni
3418 1042 3555 1109 loco,

1984 1124 2322 1178 sustollentes
2350 1129 2468 1194 pias
2497 1145 2688 1183 manus
2722 1130 2919 1199 absque
2955 1129 3113 1198 221
3151 1131 3234 1182 ira
3266 1140 3313 1182 et
3346 1129 3556 1195 discep.

1986 1216 2206 1269 tatione.
2248 1216 2614 1274 Consimiliter
2659 1229 2708 1276 et
2743 1224 2990 1276 mulieres
3024 1224 3076 1276 in
3111 1225 3310 1276 amictu
3355 1221 3560 1275 decenti

1984 1320 2104 1358 cum
2142 1309 2342 1373 pudore
2374 1318 2423 1362 et
2472 1311 2724 1365 castitate
2750 1324 2943 1364 ornare
2975 1307 3202 1377 seipsas,
3250 1326 3352 1362 non
3404 1308 3559 1362 tortis

1984 1397 2221 1451 crinibus
2249 1409 2343 1453 aut
2385 1417 2517 1453 auro
2546 1412 2637 1454 aut
2682 1400 2992 1471 margaritis
3044 1411 3135 1454 aut
3158 1400 3347 1453 vestitu
3379 1411 3557 1463 sump-

1984 1497 2152 1553 tuoso,
2182 1493 2271 1544 sed
2304 1494 2443 1561 quod
2470 1494 2615 1549 decet
2662 1492 2928 1561 mulieres,
2981 1492 3285 1563 proﬁtentes
3312 1489 3561 1560 pietatem

1983 1598 2077 1652 per
2105 1600 2264 1654 opera
2293 1576 2451 1639 bona.

2062 1759 2351 1827 Quomodo
2379 1778 2509 1834 ergo
2548 1764 2832 1827 Christus,
2863 1763 3190 1835 prohibebat
3244 1764 3299 1818 in
3343 1765 3567 1834 publico

300 1851 464 1917 σθαις
503 1870 521 1903 ι
544 1853 618 1907 Σὺ
649 1852 778 1923 γὰρ,
807 1828 1230 1923 φτισὶν,εῑσελθε
1261 1857 1340 1919 είς
1368 1828 1702 1927 τοταμιεῖον
1725 1828 1874 1912 σου.»

2009 1850 2330 1905 irecari?ait
2355 1854 2500 1907 enim
2526 1871 2540 1907 :
2571 1846 2681 1907 ιΤιι
2708 1856 2849 1908 intra
2874 1855 2928 1908 in
2951 1852 3262 1909 cubiculum
3286 1864 3437 1908 tuum
3464 1857 3561 1909 ".i

298 1944 442 1997 οὐδὲ
471 1946 501 1998 6
538 1945 777 2016 Χριστὸς
814 1946 1019 1999 ἐκώλυε
1058 1947 1120 2000 τὸ
1148 1948 1205 2000 ὲν
1235 1949 1399 2001 παντὶ
1428 1951 1577 2019 τόπῳ
1606 1946 1881 2019 εὔχεσθαι,

297 2037 441 2089 ἀλλὰ
474 2036 635 2090 τοῦτο
678 2033 850 2101 εἶπεν,
884 2039 949 2092 ὲκ
999 2040 1319 2109 περιουσίας
1364 2042 1607 2111 ἀναιρῶν
1644 2042 1704 2094 τὸ
1749 2042 1886 2113 πρὸς

299 2126 569 2195 ἐπίδειξιν
589 2128 843 2199 εὔχεσθαι
866 2147 881 2161 ·
908 2128 1096 2202 ὥσπερ
1112 2134 1206 2185 καὶ
1224 2133 1306 2199 τὸ,
1335 2133 1457 2205 (Μὴ
1473 2118 1664 2203 γνώτω
1687 2137 1718 2204 ὴ
1738 2131 1889 2201 δεξιά

302 2237 404 2274 σου
432 2221 489 2275 τί
513 2224 712 2293 ποιεῖή
743 2206 1009 2294 ἀριστερᾶ
1031 2242 1147 2289 σου,
1177 2244 1195 2277 ι
1231 2228 1292 2279 οὐ
1324 2227 1452 2297 περὶ
1481 2227 1679 2297 χειρῶν
1701 2244 1886 2297 φησιν,

302 2312 424 2368 ἀλλ’
462 2314 614 2376 ὅπως
667 2313 998 2381 ἀκενοδόξως
1033 2317 1129 2371 καὶ
1183 2319 1432 2390 μὴ’πρὸς
1489 2321 1748 2386 ἐπίδειξιν
1798 2321 1891 2375 εὐ-

304 2405 578 2475 ποιῶμεν.
612 2408 684 2460 Οὐ
716 2407 825 2478 γὰρ
849 2410 877 2463 6
907 2407 1072 2473 τόπος
1108 2409 1221 2479 ἔχει
1255 2410 1543 2482 διαφορὰν,
1575 2413 1710 2467 ἀλλὰ
1753 2430 1892 2467 πανο

303 2501 503 2570 ταχοῦ,
534 2500 630 2554 τοῦ
667 2502 740 2572 μὴ
772 2502 1107 2575 ὲπιδὲικτιᾷν
1142 2506 1449 2574 ἐφρόντισε.
1486 2507 1628 2579 Πρδς
1659 2509 1892 2573 τούτοις,

305 2593 407 2647 καὶ
437 2593 597 2646 τοῦτο
628 2591 779 2667 ρηλοῖ
813 2595 842 2646 6
882 2595 1226 2661 Ἀπόστολος·
1258 2599 1372 2667 Οὐχ
1406 2597 1594 2669 ὥσπερ
1620 2601 1733 2662 τοῖς
1761 2600 1892 2653 ’ἰου-

307 2688 485 2750 δαίοις
513 2688 615 2741 οὐκ
649 2684 777 2758 ἐξῆν
811 2689 917 2753 ἔξω
941 2689 1036 2742 τοῦ
1072 2686 1200 2745 ναοῦ
1236 2690 1406 2752 θύειν,
1433 2689 1606 2755 οὕτως
1636 2693 1734 2746 καὶ
1764 2693 1895 2763 ἡμῖν

309 2780 593 2851 εὔχεσθαι.
634 2780 799 2851 ⁹ιὶμῖν
843 2783 972 2853 γὰρ,
1014 2784 1170 2851 φησὶ,
1206 2785 1316 2848 πᾶς
1358 2784 1518 2849 τόπος
1564 2787 1894 2857 ἐπιτήδειος,

316 2874 483 2944 μόνον
506 2876 556 2927 εί
603 2874 756 2938 ὁσίας
791 2875 1037 2945 αίρωμεν
1076 2879 1287 2946 χεῖρας,
1327 2877 1572 2930 τουτέστι
1596 2877 1847 2948 καθαράς
1880 2890 1894 2904 ’

325 2964 583 3035 καθαρὰς
616 2965 673 3018 δὲ
704 2965 986 3036 ἁρπαγῆς,
1019 2966 1356 3033 πλεονεξίας,
1389 2968 1588 3036 φόνων,
1623 2968 1711 3021 διὰ
1739 2969 1895 3040 ἐλεη-

316 3055 562 3126 μοσύνης
577 3056 1002 3126 καθαιρομένας.
1021 3057 1234 3127 «Χωρὶς
1251 3056 1447 3127 ὀργῆς.
1465 3077 1482 3108 ι
1504 3059 1688 3128 Χωρὶς
1705 3076 1896 3129 μνησι-

1987 1945 2175 2017 Ncque
2204 1946 2463 2002 Christus
2492 1948 2773 2016 prohibuit
2812 1949 2865 2001 in
2904 1947 3052 2001 omni
3083 1944 3203 2000 loco
3221 1962 3417 2001 orare:
3476 1946 3570 2001 scd

1989 2040 2119 2095 illud
2138 2039 2374 2102 dixit,ex
2396 2039 2690 2093 abundanti
2718 2039 2973 2092 cautione
2991 2038 3189 2092 tollens
3219 2038 3282 2090 ad
3313 2046 3564 2092 ostenta-

1994 2134 2195 2188 tionem
2232 2133 2442 2202 precari
2469 2152 2482 2186 :
2542 2132 3004 2202 quemadmodum
3026 2144 3073 2185 et
3098 2130 3264 2196 illud;
3311 2151 3327 2181 ι
3354 2128 3573 2186 Nesciat

1991 2225 2213 2279 sinistra
2253 2232 2342 2278 tua
2387 2225 2515 2294 quid
2561 2232 2685 2295 agat
2731 2225 2950 2278 dextera
2988 2233 3078 2277 tua
3100 2225 3352 2287 ‘9‘,inon
3377 2223 3441 2279 de
3461 2239 3574 2277 nra-

1992 2323 2156 2379 uibus
2181 2324 2444 2389 loquitur,
2465 2323 2557 2378 sed
2576 2338 2642 2376 ne
2658 2323 2722 2376 ad
2744 2324 2960 2377 inanem
2982 2324 3211 2393 gloriam
3234 2332 3287 2379 et
3313 2333 3572 2378 ostenta-

1995 2417 2196 2471 tionem
2222 2414 2366 2470 bona
2399 2430 2708 2485 operemur.
2728 2415 2845 2469 Non
2882 2417 3025 2470 enim
3072 2417 3224 2470 locus
3279 2418 3573 2471 discrimen

1995 2510 2179 2573 habet,
2225 2507 2321 2565 sed
2342 2509 2543 2579 ubique
2572 2523 2761 2562 curam
2785 2509 2979 2564 habuit
3005 2518 3062 2562 ut
3094 2511 3577 2565 abessclostentao

1996 2604 2094 2657 tio.
2128 2602 2210 2658 Ad
2271 2604 2385 2657 haec
2423 2604 2586 2657 etiam
2620 2601 2721 2655 hoc
2752 2602 3027 2672 signiﬁcat
3054 2605 3171 2672 Apo
3193 2602 3369 2657 stolus
3391 2622 3403 2655 :
3429 2602 3574 2671 quod

1998 2712 2128 2759 non,
2150 2695 2294 2750 sicut
2311 2693 2512 2749 ludatis
2530 2710 2636 2749 non
2674 2694 3039 2747 licebatcxlra
3075 2695 3336 2762 templum
3361 2694 3574 2746 sacriﬁ-

1999 2788 2082 2842 cia
2132 2785 2369 2849 offerre,
2399 2786 2471 2841 ita
2509 2797 2687 2855 neque
2713 2784 2870 2838 nobis
2890 2800 3072 2840 orare.
3101 2782 3271 2838 Nobis
3305 2782 3573 2854 siquidem

2001 2881 2180 2951 quivis
2202 2880 2354 2935 locus
2379 2884 2542 2950 aptus
2559 2887 2663 2945 est,
2689 2876 2851 2931 modo
2872 2879 2988 2948 pias
3020 2879 3335 2933 attollamus
3358 2894 3577 2945 manus,

2002 2977 2056 3032 id
2086 2986 2169 3033 est
2199 2992 2366 3048 puras
2387 2993 2405 3030 :
2436 2992 2622 3046 puras,
2671 2976 2919 3043 inquam,
2949 2990 2976 3026 a
3009 2975 3224 3043 rapina,
3267 2973 3495 3027 avaritia
3526 2980 3581 3026 et

2006 3069 2267 3132 caulibus,
2319 3084 2413 3137 per
2456 3068 2863 3138 eleemosynam
2906 3064 3248 3137 puriﬁcatas.
3310 3084 3326 3116 ι
3359 3064 3580 3131 Absque

316 3149 542 3212 κακίας,
568 3147 737 3218 χωρὶς
773 3148 869 3201 τοῦ
902 3146 1212 3219 ἐπαρᾶσθαι
1241 3166 1365 3203 τινι.
1396 3149 1569 3203 Τοῦτο
1594 3152 1702 3219 γὰρ
1732 3150 1897 3214 ὅντως

2009 3163 2107 3215 ira.
2153 3181 2170 3213 ι
2204 3161 2428 3229 Absque
2465 3160 2728 3213 memoria
2770 3158 3120 3228 iniuriarum,
3159 3173 3224 3211 ne
3248 3171 3581 3225 quemquam

316 3239 478 3310 ὀργὴ,
501 3240 564 3292 τδ
583 3237 715 3309 μηδὲ
737 3237 1028 3308 εὐχόμενον
1045 3239 1370 3292 σπείσασθαι
1389 3239 1524 3310 πρὸς
1542 3239 1632 3292 τὸν
1649 3239 1897 3309 ἀδελφόν.

326 3346 348 3383 ι
366 3330 476 3383 Καὶ
489 3325 1048 3401 δια).ογισμοῦ.ι⁷Αρα
1071 3329 1290 3383 ἀκούσει
1310 3349 1410 3401 μου
1430 3333 1456 3384 ὁ
1478 3330 1608 3393 Sed;
1625 3347 1639 3395 ;
1655 3327 1725 3383 Ἀ
1736 3349 1800 3402 ρα
1827 3332 1901 3403 μὴ

322 3423 512 3486 ἁπλῶς
528 3422 624 3476 καὶ
647 3424 823 3491 μάτην
845 3420 1071 3494 εὔχομαι
1089 3439 1104 3488 ;
1124 3424 1422 3476 Πεπεϊσθαι
1440 3423 1549 3494 γὰρ
1569 3424 1676 3495 χρὴ
1695 3426 1775 3477 ὅτι
1796 3426 1906 3477 slo-

322 3515 668 3571 ακούσεταιὸ
688 3514 840 3581 Θεὸς,
873 3514 922 3567 εἱ
948 3513 1016 3567 τὰ
1043 3514 1191 3584 αὐτῷ
1223 3515 1354 3585 φίλα
1386 3515 1646 3585 αἰτοῦμεν
1674 3515 1905 3587 καθαροὶ

325 3607 501 3671 ὄντες.
542 3624 562 3658 ι
597 3605 875 3669 Ὡσαύτως
927 3607 1024 3659 καὶ
1073 3607 1173 3669 τὰς
1224 3610 1508 3675 γυναῖκας.
1549 3627 1566 3659 ι
1617 3608 1903 3672 Τουτὲστι,

330 3701 604 3770 Βούλομαι
635 3696 789 3761 ὁσίας
823 3696 1000 3769 αἴρειν
1030 3701 1219 3769 χεῖρας
1250 3698 1421 3769 χωρὶς
1450 3700 1619 3770 ὀργῆς
1666 3702 1761 3753 καὶ
1785 3701 1905 3756 δια·
1994 3702 1997 3705 “

328 3790 612 3863 λογισμοῦ.
652 3791 822 3844 Πλὲον
850 3808 903 3844 τι
934 3791 1157 3845 ἀπαιτεῖ
1192 3792 1345 3861 παρὰ
1374 3793 1480 3844 τῶν
1515 3792 1812 3860 γυναικῶν,
1847 3792 1908 3846 τὸ

330 3884 638 3940 ὲστολίσθαι
659 3885 923 3953 κοσμίως.
943 3885 1014 3936 Τὸ
1048 3883 1124 3949 δὲ,
1147 3903 1166 3935 ι
1207 3885 1295 3937 Ἐν
1326 3885 1658 3955 καταστολῇ,
1695 3905 1715 3938 ι
1737 3885 1906 3957 δηλοῖ,

331 3979 394 4034 τὸ
430 3977 696 4031 πάντοθεν
726 3976 1088 4046 κεκαλῦφθαι.
1112 3975 1367 4046 Κοσμίως
1398 3978 1552 4047 φησὶ,
1585 3981 1659 4047 μὴ
1693 3978 1911 4049 περιέρ-

335 4088 445 4143 γως
463 4069 541 4136 ὡς
564 4074 623 4126 τέ
634 4073 763 4142 ρψαι
779 4069 906 4134 τοὺς
935 4071 1198 4140 ὁρῶντας.
1224 4090 1242 4122 ι
1265 4071 1419 4124 Μετὰ
1443 4071 1624 4132 αἰδοῦς
1640 4072 1732 4124 καὶ
1752 4072 1909 4125 εὐλα-

337 4166 507 4229 ϐείας.
548 4184 566 4218 ι
601 4163 694 4235 Μὴ
728 4163 908 4216 τοίνυν
946 4163 1115 4233 μιμοῦ
1155 4165 1252 4225 τὰς
1285 4161 1725 4233 ἑταιριζομένας,
1758 4165 1912 4217 ἀναί-

339 4274 565 4330 σχυντον
607 4255 913 4327 βλεπούσας
947 4256 1042 4309 καὶ
1072 4257 1350 4326 πορνικὸν.
1390 4256 1518 4327 «Μὴ
1564 4258 1621 4309 ἐν
1663 4257 1913 4326 πλέγμα⁹

328 4334 440 4403 σιν.
476 4369 495 4400 ι
534 4347 628 4419 Μὴ
662 4349 771 4418 γὰρ
805 4348 883 4410 εἰς
916 4347 1119 4418 σκηνὴν
1153 4347 1437 4418 ἐλήλυθας,
1479 4349 1668 4420 φησίν.
1710 4345 1915 4415 τΗλθες

338 4441 611 4512 δακρύσαι
663 4440 763 4504 τὰς
810 4440 1087 4510 ἁμαρτίας
1138 4456 1254 4494 σου.
1288 4441 1403 4494 Οὐκ
1439 4439 1557 4495 ἔστι
1605 4441 1662 4495 δὲ
1725 4443 1915 4513 σχῆμα

2008 3263 2388 3311 exsecrentur.
2423 3253 2557 3307 Nam
2596 3253 2685 3307 illa
2705 3268 2832 3306 vere
2863 3253 2939 3305 ira
2960 3259 3064 3313 est,
3094 3266 3182 3313 ne,
3209 3266 3330 3303 eum
3363 3250 3582 3317 quidem

2011 3350 2103 3417 qui
2138 3356 2416 3417 precatur,
2468 3363 2694 3417 parcere
2744 3345 2919 3402 fratri.
2959 3364 2977 3396 ι
3008 3345 3072 3398 Et
3101 3344 3520 3414 tlism‘ptatione.
3560 3361 3580 3394 ι

2009 3437 2156 3494 Intra
2177 3441 2520 3509 semctipsos,
2566 3438 2811 3492 Putasne
2825 3438 3010 3508 audiet
3036 3454 3120 3489 me
3146 3436 3329 3490 Deus?
3354 3447 3589 3505 putasne

2012 3540 2217 3586 temere
2247 3540 2300 3587 et
2322 3548 2457 3585 vane
2483 3531 2720 3601 precor?
2748 3531 3083 3585 Persuasum
3109 3529 3252 3583 enim
3282 3544 3408 3582 esse
3431 3542 3587 3595 opor-

2016 3631 2090 3677 tet
2119 3623 2262 3693 quod
2290 3622 2545 3678 exaudiet
2575 3623 2736 3686 Dens,
2772 3622 2818 3675 si
2851 3636 2951 3674 nos
2990 3620 3113 3689 puri
3174 3627 3429 3688 petamus
3465 3632 3588 3685 qua:

2015 3718 2093 3772 illi
2124 3717 2299 3769 amica
2334 3724 2484 3771 sunt.
2531 3735 2550 3767 ι
2579 3714 2951 3770 Consimiliter
2977 3725 3030 3766 et
3063 3714 3346 3766 mulieres.
3383 3729 3403 3762 ι
3450 3708 3588 3763 Puta

2018 3811 2144 3863 volo
2175 3817 2234 3861 ut
2265 3808 2383 3877 pias
2417 3807 2670 3862 attollant
2706 3821 2901 3859 manus
2924 3805 3135 3873 absque
3167 3804 3245 3855 ira
3283 3810 3336 3854 et
3371 3802 3589 3869 discep-

2019 3902 2250 3957 tatione.
2296 3897 2404 3953 Sed
2464 3899 2703 3966 amplius
2750 3897 3011 3966 quiddam
3058 3910 3087 3948 a
3136 3893 3458 3946 mulieribus
3507 3908 3596 3946 re-

2021 3994 2215 4064 quirit,
2266 3992 2603 4047 utdecentcr
2636 4000 2924 4051 ornentur,
2965 3987 3081 4043 sive
3123 3987 3389 4039 modeste.
3436 3983 3592 4048 Quod

2020 4096 2199 4141 autem
2221 4086 2327 4138 ait:
2350 4102 2368 4135 ι
2394 4083 2452 4136 ln
2474 4084 2700 4144 amictu,
2723 4099 2743 4132 ι
2766 4078 3036 4148 signiﬁcat
3056 4078 3297 4146 undique
3311 4085 3594 4130 contectus

2018 4192 2141 4232 esse
2171 4177 2391 4230 debere.
2442 4172 2575 4226 Nam
2610 4171 2953 4241 καταστολὴν
3007 4178 3165 4223 vocat
3203 4168 3444 4222 habitum
3475 4167 3597 4220 lon-

2022 4269 2233 4341 giorem
2285 4269 2720 4337 circumquaque
2753 4272 3047 4334 tegentem.
3093 4261 3359 4316 Deceuter
3392 4260 3593 4327 inquit,

2022 4380 2132 4418 non
2164 4364 2384 4427 curiose
2417 4370 2475 4415 ut
2516 4362 2794 4414 intuentes
2822 4360 3116 4412 delectent.
3167 4374 3185 4407 ι
3223 4356 3355 4410 Cum
3391 4355 3598 4424 pudore

2024 4464 2078 4510 et
2100 4456 2375 4509 castitate.
2419 4472 2437 4503 ι
2483 4450 2561 4506 Ne
2600 4466 2734 4520 ergo
2787 4448 3024 4503 imiteris
3076 4463 3170 4501 eas
3213 4462 3335 4515 qum
3371 4458 3600 4497 venereo

340 4534 622 4605 ἱκέτιδοςὴ
649 4531 989 4595 πολυτέλεια,
1015 4530 1140 4584 οὔτε
1167 4531 1263 4595 τὰς
1292 4532 1565 4602 ἁμαρτίας
1615 4534 1903 4604 πενθούσης

2029 4560 2214 4599 amore
2273 4544 2599 4613 diliguntur,
2641 4555 2763 4611 qua:
2810 4539 3089 4609 impudice
3146 4546 3201 4591 et
3246 4534 3601 4589 meretricum

341 4630 369 4681 ὁ
392 4628 606 4696 κόμπος
636 4622 726 4678 τοῦ
755 4626 885 4695 περὶ
918 4624 976 4676 σὲ
1012 4624 1240 4692 κόσμου.
1278 4623 1345 4678 Εἰ
1374 4625 1429 4677 δὲ
1454 4624 1624 4679 ταῦτα
1648 4625 1922 4682 ἐκώλυσεν

344 4717 378 4772 1
420 4716 654 4770 πλοῦτον
688 4714 1043 4781 ἐνδείκνυται,
1073 4716 1253 4787 πολλῷ
1292 4717 1493 4787 μᾶλλον
1524 4719 1592 4771 τὰ
1628 4720 1922 4790 περίεργα,

344 4804 455 4863 οἷον
508 4808 914 4880 ὲπιτρίμματα,
975 4805 1299 4880 ὑπογραφὰς
1353 4806 1687 4879 ὀφθαλμῶν,
1742 4811 1923 4864 διατε-

346 4902 661 4975 θρυμμένον
689 4901 948 4973 βάδισμα,
982 4903 1507 4972 κατακεκλασμένην
1539 4903 1743 4974 φωνὴν,
1769 4903 1925 4974 ὄμμα

347 4996 511 5066 ὑγρὸν
542 4994 636 5048 καὶ
669 4995 986 5064 περίεργον,
1014 4990 1283 5064 ἀναϐολὴν
1306 4992 1399 5046 τοῦ
1431 4995 1755 5063 χιτωνίσκου
1787 5013 1923 5068 πορ-

348 5088 522 5158 νικὴν,
555 5082 734 5155 ζώνην
778 5084 1250 5156 περιεργοτέραν,
1303 5085 1630 5155 ὑποδήματα
1681 5087 1920 5157 ἀπηρτι-

351 5180 544 5250 σμένα.
592 5178 844 5230 Ἀπαντα
897 5177 1007 5248 γὰρ
1055 5178 1250 5240 ταῦτα,
1292 5178 1382 5231 διὰ
1430 5178 1524 5231 τοῦ
1561 5179 1761 5241 εἰπεῖν,
1791 5181 1921 5233 «Ἐν

349 5268 654 5340 καταστολῇ
679 5267 915 5338 κοσμίῳ,
955 5288 973 5319 ι
1004 5267 1279 5334 ὲξέὅαλεν.
1314 5289 1333 5322 ι
1391 5270 1923 5341 Ἐπαγγελλομέναις

352 5361 681 5416 θεοσέϐειαν.
713 5379 732 5412 ›
765 5361 924 5413 Ἐστι
960 5361 1069 5431 γὰρ
1099 5360 1188 5414 διὰ
1222 5361 1395 5429 λόγων
1431 5362 1606 5432 μόνων
1645 5363 1918 5431 ἐπαγγέλ-

352 5454 539 5508 λεσθαι
578 5452 909 5518 θεοσέϐειαν,
940 5456 1052 5516 τοῖς
1082 5452 1139 5506 δὲ
1179 5453 1361 5524 ἔργοις
1399 5455 1570 5524 αὐτὴν
1621 5455 1926 5525 ἀρνεῖσθαι.

357 5542 487 5600 Εἶτα
522 5546 713 5616 ἐπειδὴ
763 5546 830 5599 τὰ
860 5544 997 5616 ἔργα
1034 5546 1141 5599 τῶν
1173 5547 1355 5617 μέσων
1402 5548 1578 5615 ἐστὶν,
1626 5550 1929 5620 ἐπήγαγεν,

373 5639 640 5707 ’Δγαθωνο

2028 4654 2182 4692 more
2213 4639 2516 4691 intuentur.
2571 4653 2589 4685 ι
2632 4633 2751 4687 Non
2798 4633 2852 4686 in
2893 4631 3054 4685 tortis
3098 4630 3367 4684 crinibus.
3412 4646 3429 4678 ι
3480 4625 3598 4679 Non

2028 4732 2172 4785 enim
2207 4730 2259 4783 in
2292 4728 2561 4782 theatrum
2608 4726 2807 4795 inquit,
2847 4723 3071 4789 venisti,
3122 4722 3218 4777 sed
3270 4731 3328 4775 ut
3379 4729 3602 4790 peccata

2026 4833 2119 4877 tua
2161 4821 2439 4878 deﬂeres:
2495 4836 2603 4875 non
2650 4826 2730 4873 est
2776 4828 2956 4872 autem
3012 4815 3328 4884 pretiositas
3372 4813 3602 4880 supplex

2032 4916 2277 4976 habitus.
2318 4928 2497 4983 neque
2529 4911 2768 4981 lugentis
2809 4918 3032 4980 peccata
3068 4916 3151 4961 est
3195 4907 3502 4959 ornamenti
3543 4904 3600 4956 in

2031 5018 2085 5065 te
2111 5007 2446 5079 arrogantia.
2476 5005 2632 5072 Quod
2658 5006 2703 5059 si
2760 5004 2874 5057 btec
2908 5000 3187 5072 prohibuit
3216 5013 3338 5068 quae
3371 4995 3597 5051 divitias

2030 5110 2242 5155 tantum
2283 5098 2621 5153 ostendunt:
2663 5095 2839 5148 multo
2889 5092 3063 5162 magis
3104 5090 3327 5145 curiosa
3368 5103 3432 5140 ac
3477 5102 3603 5157 per-
3683 5102 3708 5127 ο

2031 5205 2210 5254 versa,
2272 5187 2438 5243 veluti
2493 5194 2624 5241 sunt
2664 5183 2999 5239 inl'ectiones
3048 5195 3335 5251 genarum,
3380 5178 3607 5246 pictura}

2034 5283 2344 5343 oculorum,
2382 5279 2700 5350 pratl'ractus
2724 5278 2991 5334 incessus.
3024 5290 3128 5327 vox
3171 5270 3445 5332 ditl‘racta,
3476 5282 3609 5320 ocu-

2034 5376 2120 5429 lus
2172 5372 2425 5427 ﬂexibilis
2483 5386 2546 5425 ac
2599 5369 2878 5432 curiosus,
2933 5364 3283 5420 meretricius
3350 5359 3608 5413 tunicula

2034 5466 2300 5529 amictus;
2338 5464 2502 5533 222
2528 5478 2666 5516 zona
2690 5460 2987 5521 curiosior,
3021 5457 3189 5510 calcei
3211 5450 3459 5508 distracti
3491 5448 3606 5503 sive

2034 5559 2276 5616 discissi.
2313 5557 2448 5610 Nam
2496 5559 2611 5610 haec
2639 5556 2823 5608 omnia
2865 5551 3043 5622 rejieit
3076 5550 3130 5602 in
3162 5563 3228 5603 eo
3255 5544 3400 5613 quod
3432 5542 3602 5597 dixit:

2039 5665 2058 5699 ι
2085 5644 2139 5699 in
2163 5646 2363 5698 amictu
2382 5642 2755 5698 ιΙοοοιιῑὶ.ι-ι
2782 5640 3103 5695 Profitentes
3122 5637 3397 5707 pietatem.
3413 5650 3431 5683 ι
3454 5630 3601 5685 Con-

359 5735 516 5804 tingit
544 5736 689 5789 enim
722 5734 855 5790 solis
878 5734 1067 5789 verbis
1093 5733 1335 5805 proﬁteri
1365 5734 1645 5805 pietatem,
1670 5739 1928 5807 operibus
1966 5757 2098 5800 vero
2133 5741 2285 5799 illam
2318 5753 2538 5811 negare.
2575 5736 2782 5794 Deinde
2814 5735 2944 5807 quia
2998 5746 3196 5808 opera_
3226 5744 3317 5787 res
3351 5725 3604 5800 quaedam

364 5824 550 5880 media:
578 5835 705 5881 sunt
732 5835 784 5881 et
815 5826 1211 5890 indiﬁ'eremes,
1241 5827 1519 5899 subjunin
1543 5867 1557 5895 ,
1590 5827 1758 5886 Bona.

443 5919 483 5952 “
531 5916 720 5974 Matth.
751 5936 822 5989 γι,
865 5918 918 5975 6.
986 5919 1053 5953 ¹⁹⁶
1078 5918 1208 5976 ibid.
1243 5922 1296 5979 5.
