3994 6616
483 375 583 441 1.39

1541 378 1935 443 (ECUMENH
1976 381 2266 441 TRICCrE
2300 375 2638 440 EPISCOPI

3613 370 3718 437 160

479 498 535 539 et
591 486 1022 555 hospitalitatem
1071 492 1234 545 etiam
1282 507 1412 559 ergo
1444 506 1538 546 cos
1591 492 1793 546 habere
1832 499 2051 561 oportet

2216 492 2307 560 Μὴ
2345 490 2622 560 πάροινον.
2664 506 2681 540 ι
2728 485 3044 554 Πάροινον,
3080 485 3138 538 οὗ
3184 483 3276 536 τὸν
3322 483 3552 552 μέθυσον
3582 483 3732 552 λέγει

480 582 684 650 quibus
740 591 941 651 preest.
988 582 1212 638 Addidit
1270 600 1399 653 ergo
1457 584 1603 653 quod
1642 584 1887 649 magistri
1924 599 2051 651 pro-

482 672 663 742 prium
718 682 826 738 est,
889 673 1099 731 dicens.
1146 676 1341 744 Aptum
1389 675 1455 729 ad
1517 676 1845 730 docendum.
1891 674 2052 745 225

490 780 510 814 ι
553 761 669 816 Non
704 763 1061 821 vinolentum.
1095 785 1114 818 ι
1146 766 1492 820 Vinolentum
1518 767 1632 821 sive
1664 766 1919 837 πάροινον
1947 783 2052 820 non

477 841 621 903 dicit
656 849 972 905 ebriosum:
1009 851 1060 905 id
1105 854 1249 906 enim
1286 854 1452 906 nimis
1479 868 1727 907 crassum
1760 862 1927 919 esset,
1955 853 2055 908 sed

485 942 949 996 contumeliosum
978 954 1031 997 et
1069 944 1441 1013 prtrfractum.
1488 943 1729 999 Rursum
1762 961 2059 1014 percusso-

488 1046 601 1084 rem
630 1047 739 1109 non
768 1048 892 1087 eum
917 1033 1047 1087 dicit
1075 1034 1166 1104 qui
1194 1034 1449 1088 manibus
1477 1036 1659 1099 caedit,
1684 1034 1778 1089 sed
1814 1037 1905 1105 qui
1942 1035 2053 1090 fra-

489 1130 634 1176 trum
669 1126 905 1192 percutit
934 1126 1354 1180 conscientiam.
1397 1145 1416 1178 ι
1447 1129 1549 1193 Qui
1575 1129 1888 1183 suzedomtti
1923 1129 2062 1184 bene

489 1216 699 1284 praesit.
733 1233 751 1267 ι
779 1214 910 1268 Nam
933 1217 1024 1284 qtti
1054 1218 1232 1271 unicae
1267 1218 1451 1272 domui
1484 1235 1721 1288 praeesse
1756 1236 1864 1274 non
1886 1221 2059 1284 novit,

2162 584 2318 656 (πολὺ
2353 585 2459 653 γὰρ
2487 578 2555 653 ἦν
2591 580 2750 635 τοῦτο
2796 580 2987 649 παχὺ),
3023 578 3158 632 ἀλλὰ
3201 578 3294 629 τὶν
3324 576 3582 648 ὑϐριστὴν
3641 578 3736 630 καὶ

2163 676 2395 744 αὐθάδη.
2429 677 2686 745 Πλήκτην
2712 672 2894 736 πάλιν,
2936 672 2996 723 οὗ
3029 672 3116 723 τὸν
3150 673 3271 733 ταῖς
3297 669 3453 738 χερσλ⁸
3482 670 3736 734 παίοντα,

2165 767 2302 821 ἀλλὰ
2330 767 2422 819 τὸν
2460 765 2556 837 τὴν
2615 765 2922 833 συνείδησιν
2973 762 3278 825 πλήττοντα
3317 761 3424 813 τῶν
3471 760 3736 827 ἀδελφῶν.

2168 858 2304 910 (Τοῦ
2338 858 2470 911 ίδίου
2501 856 2650 908 οἴκου
2676 854 2857 916 καλῶς
2885 853 3306 924 προϊστάμενον.
3335 871 3353 903 ι
3392 851 3449 904 Ὀ
3481 852 3589 920 γὰρ
3622 851 3739 913 ἐνδς

2161 948 2311 1002 οῐκου
2345 946 2649 1018 προστῆναι
2674 946 2750 1016 μὴ
2776 945 2947 1009 εἰδὼς,
2976 944 3009 1015 ἢ
3042 946 3168 1006 τοὺς
3199 942 3358 1011 φύσει
3384 943 3531 1005 υἱοὺς
3573 943 3666 996 δύο
3704 942 3739 1013 ἢ

2162 1042 2311 1109 τρεῖς
2345 1040 2418 1110 μὴ
2465 1038 2687 1108 ἰσχύσας
2716 1035 3073 1106 οἰκονομῆσαι
3106 1035 3306 1101 καλῶς,
3348 1034 3464 1097 πῶς
3509 1034 3744 1103 Ἐκκλη-

2166 1129 2287 1193 σίας
2318 1130 2410 1181 καὶ
2442 1127 2572 1181 λαοῦ
2607 1126 2860 1180 τοσούτου
2902 1123 3172 1196 προσταίη
3209 1123 3474 1189 δεόντως;
3509 1125 3601 1176 Δεῖ
3631 1124 3744 1192 γὰρ

2166 1221 2330 1273 αὐτὸν
2369 1220 2582 1273 οἴκοθεν
2614 1219 2805 1288 ἔχοντα
2832 1216 3018 1286 φέρειν
3046 1215 3115 1269 τὰ
3153 1214 3596 1283 παραδείγματα.

489 1311 584 1356 aut
614 1305 707 1373 qui
746 1306 882 1359 duos
923 1306 1004 1360 vel
1033 1317 1144 1361 tres
1184 1317 1379 1360 natura
1432 1310 1570 1363 tilios
1625 1320 1770 1363 rette
1830 1310 2139 1378 gubernare
2171 1325 2277 1363 non
2328 1310 2529 1378 potuit,
2583 1308 2857 1377 quomodo
2918 1306 3182 1361 Ecclesia:
3228 1314 3489 1377 tantoque
3542 1307 3746 1378 populo

491 1397 884 1448 convenienter
919 1410 1153 1464 praeesse
1180 1398 1421 1466 poterit?
1457 1396 1853 1466 Oportetenitn
1883 1400 2059 1468 ipsum
2102 1397 2296 1452 aderre
2326 1398 2627 1453 domestica
2662 1412 2781 1465 qum
2822 1395 2983 1450 habet
3015 1395 3283 1465 exempla.

561 1487 643 1549 ΙΙΙ,
676 1488 797 1543 5-7.
836 1488 988 1553 Quod
1023 1490 1069 1543 si
1095 1492 1209 1559 quis
1234 1492 1461 1560 proprire
1500 1492 1682 1545 domui
1711 1509 1932 1561 prn’esse
1963 1509 2065 1545 non

2243 1494 2310 1546 El
2334 1491 2401 1545 δέ
2430 1510 2519 1558 τις
2544 1495 2648 1546 τοῦ
2684 1492 2837 1546 ἰδίου
2871 1491 3041 1544 οἴκου
3076 1490 3417 1559 προστῆναι
3446 1492 3557 1544 οὐκ
3595 1485 3745 1544 οἶδεν

490 1581 655 1640 norit,
688 1580 949 1649 quomodo
997 1581 1291 1635 Ecclesium
1344 1582 1439 1636 Dei
1481 1584 1735 1638 curabit?
1769 1582 1890 1637 Non
1940 1600 2067 1636 nco-

2180 1581 2293 1647 πῶς
2328 1582 2693 1648 Ἑκκλησιάς
2717 1580 2866 1635 Θεοῦ
2900 1580 3363 1649 ὲπιμε.ὶήσεται;
3398 1580 3493 1647 Μὴ
3525 1581 3750 1649 νεόφυ-

491 1672 731 1741 pltytttm,
792 1690 854 1726 ne
915 1674 1133 1742 inﬂatus
1188 1674 1241 1727 in
1319 1674 1809 1729 condemnationem
1866 1675 2067 1728 incidat

2180 1689 2289 1734 τον,
2324 1671 2424 1723 ἵνα
2440 1672 2525 1739 μὴ
2562 1671 2852 1739 τυφωθεὶς
2880 1672 2969 1733 είς
3011 1669 3190 1738 κρῖμα
3215 1670 3450 1741 ἐμπέσῃ
3482 1671 3585 1723 τοῦ
3614 1671 3749 1723 δια-

492 1763 716 1816 diaboli.
753 1762 968 1831 Oportet
1002 1774 1178 1817 autem
1209 1765 1361 1818 illum
1400 1779 1448 1820 et
1483 1766 1674 1820 bonum
1712 1766 1899 1820 habere
1923 1766 2071 1820 testi-

2180 1762 2379 1815 δόλου.
2420 1759 2521 1812 Δεῖ
2549 1759 2617 1813 δὲ
2639 1760 2827 1813 αὑτὸν
2855 1759 2950 1812 καὶ
2984 1759 3320 1827 μαρτιῳιάν
3349 1758 3551 1824 καλὴν
3582 1758 3753 1826 ἔχειν

494 1855 731 1908 monium
764 1857 828 1908 ab
871 1857 1160 1923 extraneis,
1200 1873 1263 1911 ne
1297 1857 1350 1911 in
1391 1859 1640 1927 probrum
1676 1857 1877 1911 incidat
1930 1866 1979 1911 et
2016 1858 2068 1910 in

497 1944 743 2014 laqueum
773 1945 993 2000 diaboli.

566 2035 739 2101 Quam
756 2038 825 2091 ob
847 2052 1066 2091 causam
1081 2038 1351 2109 episcopis
1375 2040 1487 2094 haec
1500 2054 1685 2094 crassa
1709 2041 1987 2110 praecepit,
2004 2056 2072 2097 ne

494 2141 566 2181 ne
602 2129 913 2183 vinolentus
951 2132 1126 2197 sit,ue
1159 2147 1467 2200 percussor,
1500 2132 1591 2187 sed
1634 2135 2073 2202 aequus,aliaque

497 2218 1007 2288 hujttstnodi?cutn
1054 2222 1342 2291 discipulis
1395 2223 1673 2292 prmcipiat
1714 2240 1728 2276 :
1766 2243 1786 2275 ι
1842 2223 2071 2278 Mortifi-

496 2320 617 2364 cate
667 2312 1091 2366 membravestra
1139 2314 1415 2368 terrestria
1442 2316 1504 2368 ".

498 2400 631 2455 nulli
677 2402 768 2470 qui
840 2401 1043 2456 Christi
1078 2418 1302 2457 carnem
1368 2406 1760 2461 cruciﬁxerunt
1794 2408 1863 2462 “.
1901 2427 1920 2459 ι
1957 2409 2075 2478 Ipse

495 2506 715 2562 quoque
729 2492 978 2547 Christus
1004 2509 1219 2548 crucem
1253 2497 1461 2561 tollere,
1483 2508 1535 2552 et
1558 2512 1676 2553 sese
1699 2499 1789 2569 qui
1818 2501 2076 2557 omnibus

500 2585 768 2654 praecepit
801 2585 866 2640 ’⁸.
888 2584 1000 2640 Cur
1023 2588 1169 2640 enim
1217 2603 1324 2642 neu
1358 2591 1541 2658 potius
1576 2591 1801 2661 angelos
1828 2606 1925 2657 eos
1952 2608 2074 2648 esse

501 2677 776 2746 prisce-pit,
818 2678 983 2732 veluti
1027 2680 1093 2732 ad
1146 2681 1490 2735 saecularium
1538 2685 2076 2753 proportionem‘iEt

503 2766 740 2823 dicimus
774 2769 899 2837 quia
935 2784 1192 2838 suprema
1238 2771 1412 2824 virtus
1443 2787 1737 2841 paucorum
1766 2783 1852 2829 est
1884 2793 1898 2830 :
1937 2775 2077 2828 mul-

502 2864 591 2912 tos
640 2872 767 2913 vero
818 2861 1108 2929 episcopos
1167 2876 1288 2915 esse
1346 2864 1654 2932 oportebat,
1709 2864 1777 2917 ad
1834 2865 2077 2934 singulas

500 2949 764 3005 ecclesias
806 2951 1074 3022 singulos.
1116 2951 1194 3006 Ne
1224 2968 1354 3023 ergo
1391 2969 1569 3009 rarum
1602 2963 1695 3009 aut
1734 2957 2078 3027 impossibile

505 3041 753 3097 redderet
780 3059 979 3099 mnutts
1013 3045 1396 3114 episcoporum
1427 3048 1521 3115 qui
1556 3050 1853 3103 necessarii
1896 3059 2073 3117 erant,

1550 2335 1568 2366 ι
1599 2316 1665 2370 Ει
1700 2334 1756 2369 :t
1782 2315 1920 2371 Sunt
1965 2334 2101 2372 non-

2175 1854 2292 1909 ἀ.τύ
2320 1853 2437 1907 τῶν
2467 1853 2711 1917 ἔξωθεν,
2744 1852 2845 1905 ἵνα
2884 1850 2969 1919 μὴ
3003 1853 3090 1918 εὶς
3120 1851 3472 1920 ὀνειδισμὸν
3511 1851 3752 1921 ἐμπέσῃ

2175 1946 2272 1999 καὶ
2300 1943 2524 2013 παγίδα
2555 1943 2662 1998 τοῦ
2690 1943 2997 1997 διαϐόλου.

2247 2038 2313 2090 Τί
2341 2039 2540 2108 δήποτε
2572 2039 2686 2101 τοῖς
2710 2037 3033 2100 ἐπισκόποις
3066 2035 3133 2089 τὰ
3167 2034 3351 2105 παχέα
3409 2035 3584 2090 ταῦτα
3649 2037 3754 2089 ἐπ-

2178 2128 2362 2195 έταξε,
2415 2128 2505 2200 Μὴ
2533 2128 2827 2198 πάροινον,
2851 2128 2924 2198 μὴ
2946 2127 3213 2198 πλήκτην,
3251 2128 3362 2181 ἀλλ’
3412 2128 3630 2198 ἐπιεικῆ
3653 2130 3752 2182 καὶ

2175 2221 2244 2273 τὰ
2265 2223 2444 2290 ὃμοια,
2467 2222 2494 2273 6
2517 2224 2629 2285 τοῖς
2650 2220 2919 2291 μαθηταῖς
2937 2222 3264 2286 ἐπιτάσσων,
3293 2238 3313 2273 ι
3336 2222 3662 2291 Νεκρώσατε
3681 2222 3754 2274 τὰ

2182 2310 2318 2380 μέλη
2346 2311 2501 2380 ὑμῶν
2526 2309 2596 2363 τὰ
2626 2312 2719 2363 ἐπὶ
2745 2310 2846 2380 τῆς
2892 2312 2994 2380 γῆς
3024 2325 3039 2341 ·
3073 2330 3093 2364 ι
3127 2310 3244 2378 καὶ,
3285 2333 3302 2364 t
3333 2313 3454 2366 Εἰσί
3502 2330 3645 2377 τινες
3701 2311 3753 2367 οἳ

2176 2400 2274 2468 τὴν
2294 2400 2388 2453 τοῦ
2417 2400 2656 2471 Χριστοῦ
2690 2402 2868 2473 σάρκα
2899 2402 3290 2473 ἐσταύρωσανς
3324 2424 3341 2455 ι
3382 2405 3491 2458 Καὶ
3538 2407 3566 2458 ὁ
3610 2407 3752 2475 Χρι-

2181 2493 2305 2557 στὸς
2354 2493 2412 2547 δὲ
2461 2494 2639 2565 αἴρειν
2662 2494 2753 2549 τὸν
2805 2496 3039 2563 σταυρὸν
3076 2496 3171 2549 καὶ
3223 2497 3540 2551 ἀκολουθεῖν
3583 2502 3753 2556 πᾶσιν

2178 2586 2428 2651 ἐπέταξε.
2480 2589 2579 2641 Διὰ
2603 2588 2655 2641 τί
2685 2589 2793 2659 γὰρ
2828 2589 2900 2658 μὴ
2934 2589 3197 2657 ἀγγέλους
3230 2591 3427 2654 αὐτοὺς
3450 2585 3590 2645 εἶναι
3649 2595 3755 2646 ἐπ·-

2176 2678 2387 2744 έταξεν,
2408 2681 2483 2744 ὡς
2509 2682 2645 2752 πρὸς
2662 2681 2885 2752 τὴντῶν
2916 2680 3120 2734 λαῖκῶν
3150 2684 3479 2753 ἀναλογίαν;
3510 2685 3619 2738 Καί
3646 2703 3757 2755 φα-

2183 2787 2307 2841 μεν,
2345 2774 2476 2842 ὅτιή
2504 2773 2803 2843 ὑπέρτατος
2831 2774 3023 2843 ἀρετὴ,
3062 2774 3259 2843 ὀλίγων
3285 2776 3454 2831 ἐστίν.
3487 2777 3752 2832 Ἐπισκύ-

2178 2879 2296 2916 πων
2331 2864 2388 2917 δέ
2426 2864 2634 2918 πολλῶν
2661 2861 2729 2937 ἦν
2755 2866 2913 2934 χρεία
2965 2864 3086 2918 καθ’
3156 2866 3393 2935 ἑκάστην
3454 2868 3760 2940 ἐκκλησίαν

2181 2948 2322 3006 εἶναι
2356 2953 2701 3022 ὀφειλόντων.
2728 2957 2846 3009 Ἵνα
2866 2952 2959 3009 οὖν
3008 2956 3082 3028 μὴ
3146 2958 3374 3011 σπάνιον
3414 2959 3446 3030 ἢ
3484 2958 3759 3014 ἀδύνατον

2178 3044 2378 3114 ποιήσῃ
2410 3044 2471 3097 τὸ
2502 3045 2610 3098 τῶν
2638 3046 2975 3113 ἐπισκόπων,
3014 3049 3290 3117 χρειωδῶν
3316 3050 3507 3115 ὄντων,
3537 3051 3635 3125 τὴν
3655 3052 3762 3124 μι-

503 3134 832 3190 mediocretu
855 3136 1013 3204 jubet
1044 3140 1324 3204 virtutem,
1356 3154 1466 3192 rem
1503 3140 1676 3209 ipsam
1717 3140 1952 3196 reddens
1979 3158 2072 3196 ac-

2180 3152 2279 3206 σην
2305 3137 2585 3190 ἐπιτάσσει
2618 3139 2842 3209 ἀρετὴν,
2872 3140 3194 3209 εὐπρόσιτον
3224 3141 3395 3194 ποιῶν
3415 3142 3477 3194 τὺ
3496 3122 3757 3214 πρᾶγμα.

501 3240 663 3282 cesso
712 3226 948 3281 facilem.
987 3247 1005 3280 t
1050 3227 1336 3294 Quomodo
1389 3230 1688 3286 Ecclesiam
1742 3232 1859 3287 Dei.
1900 3253 1919 3285 ι
1970 3233 2072 3289 Ubi

505 3318 711 3386 majora
743 3320 1006 3388 pluraque
1033 3329 1160 3374 sunt
1191 3323 1426 3392 negotia.
1461 3341 1479 3374 ι
1512 3322 1634 3378 Non
1660 3326 2017 3396 necphytnm.
2048 3345 2067 3379 ι

503 3408 657 3475 Quod
700 3411 775 3462 ait
797 3410 1073 3478 νεόφυτον.
1108 3427 1213 3465 non
1251 3413 1521 3480 significat
1543 3415 1821 3483 juvenem,
1858 3416 1953 3471 sed
1987 3432 2075 3471 re-

503 3509 694 3555 center
724 3501 775 3554 itt
825 3501 927 3556 (ide
957 3503 1304 3557 instructum.
1343 3506 1473 3558 Nam
1520 3513 1574 3560 et
1604 3506 1924 3563 Timotheus
1960 3511 2076 3580 ipse

504 3602 661 3647 a-tate
687 3593 1134 3660 jttuiorerat,c:ti
1175 3595 1304 3649 dicit
1340 3596 1392 3649 itt
1416 3598 1774 3666 sequentibus
1806 3615 1819 3652 :
1848 3617 1866 3649 ι
1906 3599 2075 3654 Nemo

500 3684 836 3755 juventutetn
879 3697 1023 3741 tuam
1056 3689 1321 3760 despiciat
1357 3710 1374 3741 ι
1415 3732 1428 3746 .
1465 3692 1636 3758 Quem
1699 3695 1844 3747 enim
1900 3696 2077 3751 adhuc

505 3777 840 3846 discipulum
869 3794 991 3835 csse
1039 3790 1337 3850 oportet-et,
1367 3782 1409 3835 si
1437 3784 1560 3852 quis
1594 3782 1753 3836 faciat
1784 3795 2079 3853 praerepto—

507 3884 644 3926 rem.
684 3869 902 3924 inﬂatur
956 3881 1008 3926 et
1057 3873 1356 3927 extollitur.
1396 3893 1414 3924 t
1462 3872 1516 3926 lu
1570 3874 2077 3930 condemnationem

507 3963 714 4016 incidat
734 3962 955 4016 diaboli.
996 3983 1013 4014 ι
1051 3963 1102 4016 In
1134 3963 1378 4019 eamdem
1411 3979 1535 4018 cum
1567 3964 1786 4018 diabolo
1819 3966 2081 4019 condent-

508 4055 803 4118 nationem,
836 4054 888 4109 iu
927 4071 1088 4125 quam
1116 4057 1203 4110 ille
1230 4072 1293 4110 ex
1337 4057 1645 4126 arrogantia
1683 4056 1905 4110 incidit.
1943 4076 1961 4109 t
1995 4058 2078 4113 Ab

509 4150 807 4203 extraneis.
841 4168 859 4199 ι
887 4147 1190 4202 Extratteos
1218 4149 1351 4202 dicit
1380 4148 1618 4203 Graecos.
1651 4147 1785 4204 Vide
1820 4163 2077 4219 quautam

507 4235 765 4291 adhibeat
823 4238 1182 4307 diligentiam.
1232 4238 1369 4304 Quid
1429 4250 1607 4292 autem
1658 4238 1704 4292 si
1773 4241 1949 4295 malus
1988 4242 2078 4304 sit,

508 4326 710 4380 bonum
760 4338 939 4381 tamen
1003 4329 1200 4382 habeat
1254 4328 1745 4383 testimonitttuild
1802 4330 1915 4384 liet-i
1971 4347 2081 4384 non

509 4429 708 4489 potest.
742 4421 990 4476 Amabile
1027 4431 1112 4476 est
1139 4423 1282 4475 enim
1319 4431 1375 4475 ιιι
1403 4423 1493 4487 qui
1533 4423 1950 4490 probatissituus
1976 4434 2077 4487 est.

513 4496 888 4565 testimonium
926 4514 994 4566 ab
1028 4513 1163 4582 ipsis
1193 4529 1410 4582 quoque
1453 4513 1589 4567 ferat
1631 4514 1890 4569 inimicis.
1919 4517 2082 4587 226

510 4602 760 4656 Attamen
793 4604 893 4658 hoc
932 4605 1073 4658 inter
1104 4617 1296 4660 caetera
1328 4607 1529 4672 expetit
1567 4606 1727 4660 bona.
1768 4605 1881 4660 Hoc
1910 4610 2077 4672 enim,

512 4692 759 4763 designat
780 4695 1120 4765 conjunctio,
1164 4697 1230 4750 Et
1263 4715 1277 4751 :
1313 4695 1451 4762 Qttitl
1482 4707 1686 4757 autem,
1720 4694 1789 4761 si,
1822 4710 1944 4749 cum
1986 4697 2080 4751 bo-

514 4803 617 4842 nus
648 4789 739 4851 sit,
768 4790 913 4843 circa
958 4792 1122 4844 vitam
1179 4789 1649 4860 reprehendatur?
1690 4788 1826 4842 lllud
1858 4789 2075 4857 quidem

513 4880 731 4935 diiiicile
764 4891 848 4934 est
893 4899 907 4935 :
944 4897 1130 4935 verum
1169 4883 1214 4937 si
1245 4884 1372 4938 talis
1404 4885 1494 4949 sit,
1540 4898 1607 4937 ne
1639 4883 1730 4935 liat
1762 4881 2074 4951 episcopus.

513 4972 666 5039 Quod
701 4972 746 5028 si
780 4974 845 5027 ab
872 4975 1168 5037 extraneis,
1215 4977 1382 5027 multo
1413 4976 1583 5044 magis
1613 4993 1640 5028 a
1676 4974 1935 5027 fratribus
1983 4974 2079 5025 bo-

515 5080 644 5117 num
684 5064 842 5118 debet
891 5064 1091 5117 habere
1121 5063 1517 5117 testimonium.
1554 5082 1571 5113 ι
1605 5064 1679 5117 Ne
1724 5064 1775 5116 itt
1817 5064 2078 5131 probrum

514 5155 743 5208 incidat.
789 5176 806 5206 ι
851 5154 952 5220 Qui
982 5156 1157 5209 malus
1189 5155 1371 5219 fuerit,
1405 5153 1660 5222 probrum
1697 5168 1762 5207 ac
1795 5164 2082 5207 contume-

517 5247 643 5300 iiatn
680 5248 991 5300 sustinebit.
1020 5267 1037 5298 t
1072 5246 1135 5300 Et
1169 5248 1221 5300 in
1250 5248 1496 5313 laqueum
1539 5244 1760 5297 diaboli.
1801 5262 1820 5295 ι
1856 5244 1985 5296 Nam
2030 5246 2078 5299 si

515 5335 573 5390 in
607 5339 790 5405 aliquo
818 5340 994 5391 malus
1043 5338 1225 5399 fuerit,
1257 5339 1419 5390 alium
1457 5334 1613 5388 facile
1656 5335 1758 5389 sibi
1795 5335 1944 5389 addit
1994 5335 2076 5388 la-

2182 3246 2200 3280 ι
2233 3227 2357 3291 Πῶς
2387 3230 2713 3302 Ἐκκλησίαν
2760 3232 2936 3298 Θεοῦς
2983 3251 3001 3284 ι
3033 3232 3206 3287 Ὅπου
3233 3235 3324 3287 καὶ
3362 3233 3551 3306 μείζω,
3592 3240 3762 3307 φησὶ,

2175 3321 2271 3374 καὶ
2301 3321 2472 3375 πλείω
2495 3322 2563 3377 τὰ
2606 3323 2930 3395 πράγματα.
2979 3345 2998 3378 ι
3024 3324 3118 3398 Μὴ
3167 3329 3449 3396 νεόφυτον.
3480 3347 3499 3381 ι
3536 3329 3612 3382 Οὐ
3659 3332 3767 3384 τὸν

2174 3412 2437 3484 νεώτερον
2484 3414 2650 3483 λέγει,
2684 3415 2819 3470 ἀλλὰ
2871 3417 2962 3471 τὸν
3018 3422 3445 3488 νεοκατήχητον.
3472 3420 3629 3474 Ἐπεὶ
3658 3425 3767 3476 καὶ
3824 3413 3830 3416 ’

2175 3505 2335 3568 αὐτὸς
2364 3505 2624 3579 νεώτερος
2655 3503 2721 3579 ἦν
2746 3510 2774 3561 6
2804 3509 3087 3579 Τιμόθεος.
3125 3529 3143 3561 ι
3165 3511 3370 3581 Μηδεὶς
3387 3512 3496 3580 γάρ
3528 3529 3622 3565 σου
3654 3514 3766 3583 τῆς

2177 3598 2425 3668 νεότητος
2466 3599 2876 3669 καταφρονείτω
2898 3641 2912 3665 ,
2951 3619 2968 3651 ι
3007 3600 3213 3670 προῖὼν
3239 3618 3393 3672 φησι.
3416 3602 3520 3656 Τὸν
3542 3605 3651 3673 γὰρ
3674 3604 3767 3659 ἔτι

2182 3686 2429 3757 μαθητὴν
2459 3685 2595 3742 εἶναι
2630 3690 2914 3759 ὀφείλοντα
2950 3690 3005 3744 εί
3029 3710 3111 3755 τις
3133 3692 3452 3746 διδάσκαλον
3510 3697 3765 3764 ποιήσει,

2179 3781 2416 3840 φυσᾶται
2443 3781 2536 3833 καὶ
2561 3782 2867 3852 ἐπαίρεται.
2911 3802 2929 3835 ι
2957 3785 3050 3847 Εἰς
3069 3786 3257 3855 κρῖμα
3285 3785 3499 3857 ἐμπέσῃ
3523 3786 3615 3840 τοῦ
3643 3788 3768 3842 δια-

2180 3869 2357 3925 δόλου.
2389 3890 2407 3924 ι
2442 3874 2534 3933 Εἰς
2562 3874 2660 3944 τὴν
2715 3875 2904 3945 αὐτὴν,
2945 3876 3080 3945 φησὶ
3104 3915 3120 3942 ,
3151 3877 3229 3946 τῷ
3271 3878 3505 3950 διαϐόλῳ
3530 3879 3768 3933 καταδί-

2180 3978 2303 4031 κην,
2337 3965 2416 4026 εἰς
2445 3964 2511 4034 ἥν
2540 3965 2598 4029 ἐξ
2625 3966 2882 4027 ἀπονοίας
2927 3967 3121 4020 ἔπεσεν
3156 3969 3383 4032 ἐκεῖνος.
3422 3990 3440 4022 t
3472 3972 3605 4024 Ἀπὸ
3642 3972 3765 4025 τῶν

2182 4049 2401 4113 ἔξωθεν.
2433 4070 2452 4104 ι
2491 4053 2751 4119 Ἔξωθεν,
2788 4054 2897 4107 τῶν
2947 4055 3213 4126 Ἑλλήνων
3258 4059 3442 4126 φησίν.
3479 4060 3617 4131 Ὅρα
3657 4060 3769 4132 τὴν

2183 4142 2489 4208 ἀκρίϐειαν.
2524 4145 2587 4196 Τί
2614 4144 2706 4197 οὖν
2734 4147 2781 4197 ει
2814 4146 2982 4208 κακός
3007 4149 3178 4212 ἐστιν,
3214 4148 3326 4219 ἔχει
3357 4149 3414 4202 δὲ
3446 4153 3769 4221 μαρτυρίαν

2183 4232 2391 4301 καλήν;
2426 4234 2594 4287 Τοῦτο
2625 4235 3223 4306 ἁδύνατον.Ἀγαπητὸν
3264 4239 3374 4311 γὰρ
3403 4241 3495 4294 τὸν
3525 4243 3771 4313 ὀρθότα-

2150 4370 2153 4375 ,
2182 4341 2274 4377 τον
2300 4327 2692 4394 μαρτυρεῖσθαι
2728 4328 2833 4380 ὑπὸ
2856 4328 2964 4381 τῶν
2989 4330 3218 4401 ἐχθρῶν.
3252 4332 3398 4403 Πλὴν
3429 4334 3590 4387 τοῦτο
3614 4339 3769 4404 μετὰ

2183 4415 2291 4466 τῶν
2310 4415 2481 4469 ἄλλων
2505 4417 2730 4470 ἀπαιτεῖ
2745 4418 2923 4471 καλῶν
2950 4434 2964 4449 ·
2981 4421 3009 4472 ὀ
3026 4420 3155 4490 γὰρ,
3195 4423 3312 4484 καὶ,
3345 4422 3640 4494 σύνδεσμος
3662 4426 3773 4497 δη-

2185 4507 2287 4559 λοῖ.
2320 4507 2382 4560 Τί
2407 4508 2463 4561 δὲ
2486 4511 2535 4561 εἰ
2565 4510 2729 4573 καλὸς
2759 4508 2836 4563 ὢν
2870 4511 3189 4583 λοιδορεῖται
3215 4529 3281 4566 πε
3293 4514 3344 4584 ρὶ
3371 4515 3460 4567 τὸν
3485 4515 3628 4584 βίον;
3655 4517 3775 4568 Δυ-

2187 4599 2375 4668 σχερὲ;
2400 4599 2519 4668 μὲν,
2554 4600 2690 4669 πλὴν
2715 4602 2743 4653 6
2772 4600 3011 4664 τοιοῦτος
3073 4603 3147 4674 μὴ
3171 4604 3405 4671 γινέσθω
3433 4606 3769 4673 ἐπίσκοπος.

2185 4690 2246 4743 Ei
2279 4691 2335 4743 δὲ
2381 4691 2488 4744 ἀπὸ
2514 4691 2624 4744 τῶν
2651 4692 2871 4758 ἔξωθεν,
2903 4694 3083 4764 πολλῷ
3112 4696 3312 4765 μᾶλλον
3338 4698 3445 4750 ἀπὸ
3461 4698 3568 4751 τῶν
3598 4699 3771 4753 ἀδελ-

2186 4780 2320 4850 φῶν.
2347 4782 2494 4834 (Ἵνα
2516 4781 2589 4851 μὴ
2611 4784 2690 4845 είς
2726 4783 3030 4854 ὀνειδισμὸν
3060 4787 3331 4857 ἐμπέσῃ.»
3363 4788 3562 4841 Μέλλει
3585 4792 3771 4855 κακὸς

2174 4871 2249 4923 ὢν
2262 4872 2725 4936 ὀνειδίζεσθαικαὶ
2747 4871 3086 4943 ὑϐρίζεσθαι.
3115 4894 3132 4925 ι
3153 4878 3262 4929 Καὶ
3290 4878 3495 4945 παγίδα
3510 4880 3604 4932 τοῦ
3632 4881 3768 4933 δια-

2176 4963 2355 5016 ϐόλου.
2388 4980 2407 5013 ι
2444 4964 2506 5015 Εἰ
2533 4963 2640 5032 γὰρ
2681 4959 2736 5037 ᾖ,
2778 4966 2931 5032 φησὶ,
2967 4966 3109 5019 κατά
3129 4985 3180 5019 τι
3231 4968 3421 5031 κακὸς,
3450 4971 3545 5023 καὶ
3584 4970 3769 5042 ἄλλην

2178 5054 2325 5124 αὑτῷ
2372 5055 2611 5125 εὐχερῶς
2639 5056 2821 5124 τίθησι
2844 5058 3067 5125 παγίδα.
3107 5059 3170 5113 Ei
3199 5062 3306 5130 γὰρ
3331 5063 3393 5113 ἐκ
3438 5061 3533 5114 τοῦ
3557 5063 3768 5118 ὀνειδι-

2181 5149 2367 5213 (sciat
2391 5152 2483 5201 καὶ
2506 5150 2820 5219 ὑόρίζεσθαι
2846 5150 2923 5212 είς
2956 5151 3230 5219 ἁμαρτίας
3272 5154 3621 5223 ἐκτρέπεται,
3653 5157 3768 5225 ἐμ-

2187 5243 2377 5295 πίπτει
2410 5242 2488 5303 εἰς
2513 5241 2697 5306 ἕτερον
2724 5238 2896 5301 πάθος
2922 5239 3023 5309 τῆς
3050 5240 3218 5310 ὀργῆς
3240 5243 3333 5294 καὶ
3356 5242 3457 5312 τῆς
3488 5261 3771 5313 μνησικα-

2185 5335 2309 5397 acia;
2332 5350 2345 5363 °
2380 5333 2554 5394 οὐδεὶς
2590 5332 2699 5400 γὰρ
2718 5330 2950 5401 ἁοργητὶ
2971 5330 3157 5400 φέρειν
3180 5332 3479 5401 ὀνειδισμὸν
3506 5334 3766 5389 δύναται.

515 5447 739 5501 queunt.
768 5429 898 5482 Nam
932 5429 977 5482 si
1011 5445 1075 5482 ex
1119 5430 1220 5482 hoc
1257 5429 1399 5497 quod
1433 5427 1625 5495 probra
1660 5428 1866 5496 patitur
1893 5435 1946 5480 et
1988 5427 2210 5496 injuria,
2246 5425 2312 5479 ad
2364 5435 2585 5495 peccata
2614 5422 2870 5480 deﬂectit.
2908 5423 2959 5476 in
2995 5424 3156 5476 aliam
3186 5424 3378 5479 incidit
3411 5424 3769 5485 aﬂ'ectionem

516 5528 612 5581 ixe
634 5533 686 5577 ct
720 5524 995 5577 memoria;
1036 5523 1356 5592 injuriarum
1391 5539 1404 5575 :
1436 5537 1594 5575 nemo
1624 5520 1767 5575 enim
1837 5522 2095 5589 probrum
2164 5521 2308 5575 ferre
2370 5520 2551 5588 potest
2585 5519 2665 5573 sic
2696 5527 2754 5570 ιιι
2793 5517 2939 5570 nulla
2979 5527 3231 5587 tangatur
3263 5520 3363 5574 ira.

591 5616 676 5682 ill,
708 5617 859 5670 8-H).
914 5615 1177 5669 Diaconos
1211 5615 1389 5669 itidem
1422 5613 1762 5684 compositos,
1789 5630 1890 5666 non
1921 5613 2084 5666 bilin-

2266 5613 2593 5676 Διακόνους
2647 5610 2933 5673 ὡσαύτως
2993 5609 3280 5679 σεμνοὺς,
3318 5610 3405 5680 μὴ
3448 5608 3769 5680 διλόγους,

589 5796 637 5831 ’⁸
672 5794 885 5852 Coioss.
913 5810 992 5860 ιιι,
1016 5794 1067 5848 5.
1143 5792 1187 5823 ’⁸
1221 5790 1395 5846 (ἰειῗίιι.
1439 5809 1488 5858 v,
1518 5792 1609 5847 Ἡ.
1687 5794 1732 5824 ’τ’
1760 5792 1950 5847 Matth.
1985 5810 2096 5860 XVI,
2136 5792 2217 5848 ΙΙ.
2245 5782 2257 5791 ’
