3988 6572
501 380 603 442 167

1573 374 1974 438 (ECUMENII
2009 371 2299 431 TRICCJZ
2340 373 2683 433 EPlStJOPI

3649 371 3754 433 168

497 493 688 561 lapsus
719 504 747 543 α
780 495 1073 545 venustate
1119 487 1393 544 sermonis
1435 486 1580 557 quod
1628 486 1704 538 ait
1736 505 1749 539 :
1782 484 2067 539 Abstinere

2189 482 2464 552 τυνήθειαν
2514 483 3013 553 διαπεφραςμένον.
3049 483 3257 553 Ὠσπερ
3291 482 3370 548 τὸ,
3408 482 3762 539 Ἔκώλυοεν

499 583 722 649 acibis,
776 591 832 638 ut
888 582 1217 654 quibusdam
1267 580 1445 636 visum
1480 591 1584 640 est,
1616 594 1792 648 neque
1842 577 2072 647 apostoli

496 676 829 746 negligentia
879 690 894 727 :
948 674 1043 730 sed
1096 682 1244 729 recte
1300 672 1365 727 ad
1420 672 1659 725 Atticum
1712 671 1871 724 etiam
1913 685 2072 723 usum

499 784 795 837 espressus
856 776 940 823 est
998 781 1203 821 sermo.
1251 763 1720 831 Quemadmodum
1775 778 1896 816 cum
1942 760 2077 814 diei-

502 869 634 913 tur:
677 857 978 910 Ἐκὼλυσεν
1029 857 1191 909 αὐτὸν
1215 855 1289 926 μὴ
1330 858 1505 907 ποιεῖν
1542 854 1610 906 τά
1636 854 1835 914 ἄτοπα,
1878 852 1930 905 id
1960 859 2069 915 ‘est,

501 949 786 1019 prohibuit
816 963 940 1001 cum
999 962 1065 1001 ne
1102 954 1442 1016 perpetraret
1478 946 1735 1007 absurda,
1767 958 1875 999 non
1909 943 2078 1013 signi-

503 1036 698 1093 ﬁcatur
726 1036 871 1106 quod
901 1035 969 1092 ad
1003 1035 1400 1088 absurditatem
1445 1048 1566 1088 eum
1619 1034 1939 1087 exhortatus
1968 1039 2074 1097 est,

500 1137 557 1184 et
590 1146 714 1183 cum
753 1128 956 1182 dicitur
986 1143 1000 1180 :
1028 1127 1332 1196 ἀπέτρεπεν
1374 1124 1535 1178 αὑτὸν
1593 1123 1667 1195 μὴ
1715 1123 2076 1195 προσκρούειν

518 1220 713 1292 φίλοις,
746 1220 797 1273 id
825 1229 931 1283 est,
973 1218 1237 1273 deterruit
1271 1234 1395 1271 eum
1446 1233 1513 1270 ne
1540 1217 1821 1270 resisteret
1860 1216 2075 1280 amicis,

504 1326 614 1366 non
670 1311 917 1365 innuitur
964 1311 1108 1379 quod
1166 1310 1416 1364 hortatus
1475 1309 1546 1362 sit
1589 1308 1655 1362 ad
1710 1307 2075 1363 resistendum

505 1403 722 1466 amicis,
757 1402 853 1456 Sed
883 1403 1220 1457 contrarium
1261 1405 1463 1471 potius.
1496 1400 1737 1454 Rursum
1785 1416 1907 1455 cum
1942 1400 2078 1455 dici-

503 1504 635 1548 tur:
679 1494 948 1547 Ἐκώλυσε
986 1494 1059 1563 μὴ
1100 1491 1372 1557 κλέπτειν,
1410 1493 1460 1546 id
1506 1501 1611 1555 est,
1647 1492 1927 1562 prohibuit
1968 1509 2077 1547 non

506 1584 698 1647 furari,
727 1600 836 1638 non
868 1583 1209 1652 signiﬁcatur
1230 1588 1373 1650 quod
1405 1583 1728 1637 adhortatus
1756 1584 1827 1636 sit
1866 1583 1930 1637 ad
1960 1583 2078 1635 fur-

506 1685 647 1731 tum.
700 1677 966 1731 Praeterea
1002 1690 1124 1728 cunt
1158 1674 1362 1728 dicitur
1390 1692 1403 1727 :
1446 1674 1747 1728 Ὲκώλυσεν
1780 1674 2078 1743 ἀπέχεσθαι

505 1769 915 1841 ἀρῤητοποιίας,
956 1768 1007 1823 id
1053 1776 1154 1832 est,
1191 1768 1473 1837 prohibuit
1529 1782 1559 1821 a
1607 1767 1860 1823 nefandis
1906 1769 2078 1822 absti-

2181 573 2369 626 αὑτὸν
2383 574 2470 642 μὴ
2499 574 2696 627 ποιεῖν
2724 576 2796 627 τὰ
2833 575 3048 636 ἄτοπα,
3104 575 3165 627 ού
3199 574 3347 641 λέγει
3372 574 3447 638 ὡς
3504 577 3585 638 είς
3632 577 3762 629 ἀτο-

2183 668 2312 718 πίαν
2349 666 2514 719 αὑτὸν
2549 666 2921 736 προῦτρεπεν·
2944 667 3035 718 καὶ
3057 666 3139 729 τὸ,
3181 665 3540 734 Ἀπέτρεπεν
3572 668 3765 721 αὐτέν

2177 756 2262 826 μὴ
2304 759 2704 826 προσκρούειν
2730 759 2950 825 φίλοις,
2984 758 3104 827 οὐχὶ
3142 757 3319 826 φίλοις
3368 760 3759 827 προσκρούειν,

2183 848 2319 900 ἀλλὰ
2374 848 2706 902 τούναντίον.
2740 849 2850 900 Καὶ
2896 848 3079 911 πάλιν,
3132 849 3439 902 Ἐκώλυσε
3490 849 3579 919 μὴ
3622 852 3766 903 κλέ-

2183 953 2373 1000 πτειν,
2398 937 2496 1006 οὐχ
2513 938 2593 989 ὅτι
2617 938 2886 1007 ἐπέτρεπε
2903 937 2998 1007 τὴν
3011 938 3237 1007 κλοπήν.
3261 939 3389 1003 Καὶ,
3407 937 3768 1001 Ἕκῴλυσεν

2182 1028 2511 1097 ἀπέχεσθαι
2531 1029 2975 1097 ἀρρητοποιίας.
2998 1031 3121 1082 ἀντὶ
3134 1031 3247 1095 τοῦ,
3266 1031 3503 1098 ’Δπῆγεν
3524 1031 3633 1083 ἀπὸ
3662 1031 3768 1100 τῆς

2182 1121 2437 1191 τοιαύτης
2465 1123 2744 1191 πράξεως.
2786 1122 2976 1184 Οὕτως
3015 1122 3130 1186 καὶ,
3186 1122 3489 1177 Ἐκτώλινον
3545 1123 3770 1191 ἀπέχε-

2168 1218 2323 1269 ’σθαι
2348 1213 2699 1282 βρωμάτων,
2733 1215 2853 1268 ἀντὶ
2886 1215 3005 1280 τοῦ,
3057 1215 3326 1269 Ἐκώλυον
3357 1217 3464 1269 ἀπὸ
3494 1217 3593 1286 τῆς
3621 1215 3772 1287 βρώ-

2187 1322 2347 1368 σεως.
2386 1306 2563 1376 Πολλὴ
2614 1306 2670 1359 δὲ
2696 1307 2790 1359 καὶ
2823 1308 2976 1376 παρά
3012 1310 3124 1370 τοῖς
3174 1307 3279 1371 ἔξω
3302 1310 3332 1377 ἡ
3357 1308 3576 1377 χρῆσις.
3612 1327 3630 1359 ι
3668 1308 3769 1371 Εἰς

2188 1398 2490 1469 μετάληψιν
2552 1400 2690 1469 μετά
2722 1399 3092 1471 εὐχαριστίας.
3129 1419 3145 1451 ι
3173 1401 3316 1470 Ὅρα
3362 1401 3481 1463 πῶς
3532 1400 3768 1464 ἐξέϐαλε

2185 1494 2287 1565 τὴν
2324 1491 2532 1564 τρυφὴν
2562 1491 2640 1562 ’τῷ
2683 1492 2905 1561 ὀνόματι
2960 1492 3057 1561 τῆς
3108 1492 3483 1561 μεταλήψεως.
3552 1494 3618 1545 Ἠ
3650 1495 3768 1564 γὰρ

2189 1584 2516 1653 μετάληψις,
2541 1582 2641 1653 τὴν
2692 1584 3115 1654 μεμετρημένην
3146 1582 3305 1651 λῆψιν
3328 1582 3499 1653 δηλοῖ.
3519 1582 3633 1635 Καὶ
3668 1584 3773 1635 αύ-

2187 1677 2284 1743 τὴν
2319 1677 2374 1730 δὲ
2407 1678 2506 1747 τὴν
2529 1678 2760 1747 τρυφὴν,
2813 1678 2911 1746 οὐχ
2964 1675 3038 1739 ὡς
3093 1675 3399 1746 ἀκάθαρτον
3448 1675 3767 1742 ἐξέϐαλλεν,

2188 1769 2303 1822 ἀλλ’
2346 1769 2421 1832 ὡς
2461 1770 2778 1823 κωλύουσαν
2812 1769 2899 1822 διά
2938 1769 3040 1835 τῆς
3077 1769 3345 1838 ἀμετρίαις
3386 1769 3481 1821 καὶ
3512 1773 3612 1837 τῆς
3650 1763 3769 1822 οἷον

508 1840 660 1927 nere,
694 1863 796 1915 hoc
825 1870 908 1916 est
942 1861 1124 1930 abegit
1157 1876 1185 1914 a
1221 1861 1312 1915 tali
1355 1862 1589 1916 actione.
1621 1861 1698 1915 lta
1728 1863 1915 1925 etiam,
1945 1859 2084 1915 ὲκώέ

2189 1860 2530 1932 διαρῤήξεως
2588 1861 2686 1930 τὴν
2716 1860 2913 1931 ψυχήν.
2958 1860 3082 1922 Τοῖς
3143 1862 3374 1922 πιστοῖς,
3422 1860 3610 1929 φησὶν,
3684 1860 3773 1924 εἰς

509 1954 634 2007 λυον
685 1953 983 2023 ἀπέχεσθαι
1034 1953 1339 2024 βρωμάτων
1370 1992 1385 2018 ,
1442 1955 1494 2008 id
1552 1963 1675 2017 est,
1713 1955 2083 2023 prohibebant

510 2044 787 2098 abstinere
837 2059 867 2096 a
921 2044 1084 2108 cibis,
1140 2044 1241 2097 hoc
1283 2054 1368 2099 est
1426 2044 1788 2112 prohibebant
1831 2060 1863 2101 a
1919 2046 2106 2104 cibis.

509 2137 665 2205 Apud
701 2143 960 2190 externos
1005 2150 1222 2204 quoque
1256 2135 1557 2204 scriptores
1588 2136 1817 2190 multum
1851 2145 1934 2190 est
1982 2137 2082 2192 ho-

508 2243 628 2281 rum
660 2243 813 2282 usus.
848 2245 867 2277 ι
914 2226 991 2280 Ad
1025 2227 1460 2297 participandum
1488 2243 1612 2281 cum
1644 2229 1944 2298 gratiarum
1975 2244 2083 2283 ac—

508 2321 678 2374 tione.
721 2338 741 2372 t
786 2319 917 2374 Vide
963 2317 1241 2388 quomodo
1293 2320 1519 2374 delicias
1565 2320 1827 2389 abjecerit
1866 2321 2084 2376 nomine

513 2412 998 2481 participationis?
1025 2411 1377 2481 Participatio
1415 2414 1564 2468 enim
1610 2414 1943 2468 mediocrem
1992 2429 2085 2468 ac-

511 2505 820 2573 ceptionem
855 2504 1149 2573 signiticet.
1186 2504 1335 2572 Ipsas
1385 2511 1569 2558 tamen
1629 2503 1854 2560 delicias
1886 2522 1993 2558 non
2024 2514 2084 2558 ut

512 2609 628 2647 rem
660 2593 991 2646 immundam
1029 2593 1245 2662 abjecit,
1284 2592 1379 2647 sed
1423 2592 1569 2662 quod
1618 2594 1815 2649 animae
1855 2595 2086 2664 impedi-

512 2693 699 2739 mento
724 2684 835 2738 sint
867 2698 963 2753 per
1001 2684 1474 2738 immoderantiam
1505 2696 1558 2740 et
1606 2686 1777 2743 veluti
1808 2686 2083 2755 diruptio-

514 2790 661 2831 nem.
694 2774 993 2837 Fidelibus,
1026 2775 1222 2846 inquit,
1257 2773 1399 2831 Deus
1435 2776 1590 2831 cibos
1621 2777 1829 2832 creavit
1858 2777 1924 2832 ad
1956 2792 2073 2847 par-

515 2865 850 2934 tieipaudum
908 2866 1109 2936 gratias
1151 2868 1383 2936 agendo.
1420 2864 1737 2925 lutidelihus
1786 2871 1930 2924 enim
1977 2885 2085 2924 non

515 2957 591 3012 ita
625 2974 639 3010 :
676 2973 798 3013 nam
824 2959 877 3013 hi
908 2959 1143 3029 propriis
1170 2959 1385 3029 legibus
1409 2962 1622 3031 seipsos
1663 2961 1732 3016 ab
1754 2963 1843 3017 eis
1875 2969 2084 3017 arcent.

513 3050 672 3121 231
715 3068 734 3102 ι
788 3051 856 3104 Ει
884 3051 952 3106 iis
994 3052 1087 3120 qui
1142 3061 1518 3122 cognoverunt
1567 3056 1871 3111 veritatem.
1915 3075 1934 3108 ι
1984 3054 2089 3111 Ju-

513 3145 669 3196 daica
704 3158 839 3198 sane
884 3151 1042 3197 erant
1092 3145 1262 3213 tigura
1311 3160 1504 3200 :nunc
1548 3147 1692 3201 enim
1745 3155 1831 3201 est
1861 3148 2088 3203 veritas.

516 3234 686 3289 Multa
717 3245 896 3291 autem
923 3235 1032 3293 illis
1068 3238 1344 3304 prohibita
1377 3246 1530 3301 sunt,
1560 3255 1667 3294 non
1698 3241 1843 3310 quod
1877 3241 2090 3310 impura

515 3337 728 3393 essent,
756 3329 849 3383 sed
883 3336 941 3383 ut
971 3345 1000 3382 a
1023 3329 1234 3385 deliciis
1259 3341 1754 3401 compescerentur.
1793 3332 2090 3390 Veritatem

514 3432 648 3473 vero
708 3420 840 3475 dicit
894 3419 1052 3475 ﬁdem
1097 3435 1218 3491 quae
1273 3421 1328 3475 in
1379 3421 1661 3478 Christum
1709 3432 1816 3481 est.
1869 3443 1888 3477 ι
1936 3424 2092 3492 Quod

514 3540 695 3581 omnis
721 3536 976 3581 creatura
1020 3526 1113 3583 Dei
1138 3529 1280 3583 bona
1303 3530 1398 3585 sit.
1435 3549 1455 3583 ι
1495 3532 1571 3586 De
1597 3532 1893 3590 esculentis
1916 3536 2093 3607 loqui-

514 3626 627 3673 tur.
660 3618 725 3672 Et
751 3619 863 3689 jam
895 3620 1110 3675 illorum
1148 3637 1368 3693 quoque
1392 3632 1596 3679 sectam
1626 3626 1818 3690 diruit,
1850 3629 1941 3697 qui
1974 3645 2088 3682 ma-

514 3712 709 3766 teriam
747 3713 1042 3783 ingenitam
1089 3716 1434 3781 asserebant,
1468 3731 1533 3771 ac
1578 3719 1732 3775 cibos
1777 3720 1925 3774 illius
1972 3738 2094 3778 esse

514 3804 793 3860 dicebant.
829 3823 848 3857 ι
902 3806 969 3860 Et
1014 3807 1151 3861 nihil
1205 3808 1585 3877 rejieiendum.
1628 3830 1645 3861 ι
1683 3810 1871 3883 Itaque
1918 3830 2095 3885 neque

513 3896 873 3968 idolothytum
912 3898 1269 3966 rejiciendum
1301 3910 1407 3966 est,
1463 3900 1623 3958 modo
1672 3918 1796 3958 cum
1841 3908 2094 3963 oratione

513 3998 784 4052 sumatur,
821 3988 867 4043 si
899 3989 1118 4060 ignores
1164 4008 1177 4044 :
1209 3992 1469 4061 quoniam
1499 4008 1566 4048 ex
1606 3993 1721 4064 lege
1755 4011 1883 4052 reus
1909 3998 2092 4053 edice-

511 4078 590 4132 ris
620 4093 741 4147 qua:
790 4081 1036 4149 prmeipit
1082 4095 1150 4134 ne
1206 4081 1524 4137 immundus
1577 4085 1825 4141 reddaris
1887 4089 2091 4143 mensis

512 4167 785 4223 idolorum
826 4188 840 4225 :
877 4185 943 4225 ex
978 4173 1422 4242 transgressione
1447 4189 1577 4243 ergo
1609 4175 1743 4246 legis
1773 4178 2089 4233 immundus

510 4260 757 4315 redditur
786 4262 1295 4333 {quemadmodum
1331 4264 1494 4319 etiam
1539 4267 1687 4334 quod
1723 4269 1948 4322 omnino
1990 4284 2090 4338 pu-

478 4366 632 4406 erum
673 4362 777 4417 est,
825 4353 871 4408 sl
904 4353 1025 4408 sine
1073 4354 1374 4423 gratiarum
1419 4356 1634 4410 actione
1682 4367 1952 4422 sumatur,
1986 4361 2088 4412 im-

513 4447 770 4497 mundum
806 4445 1053 4498 redditur
1078 4453 1300 4514 propter
1327 4445 1687 4499 voluntariam
1721 4456 1868 4500 tuam
1900 4451 2085 4521 ingru-

2188 1954 2509 2023 εὐχάριστον
2542 1951 2846 2023 μετάληψιν
2873 1952 3090 2004 ἔκτισεν
3128 1952 3155 2004 ὁ
3183 1950 3316 2014 Θεὸς
3345 1952 3414 2005 τὰ
3467 1951 3768 2022 βρώματα.

2188 2046 2314 2108 Τοῖς
2364 2046 2474 2115 γάρ
2494 2045 2745 2109 ἀπίστοις
2774 2046 2873 2098 οὐκ
2894 2045 2996 2099 ἔτι.
3026 2044 3233 2113 Νόμοις
3282 2044 3390 2112 γὰρ
3437 2045 3589 2107 ἰδίοις
3640 2047 3774 2099 ἐαυ-

2186 2138 2314 2200 τοὺς
2366 2139 2724 2207 ἀπείργουσιν
2777 2137 2979 2191 αὐτῶν.
3041 2156 3060 2188 ι
3101 2137 3211 2188 Καὶ
3276 2136 3616 2204 ἐπεγνωκόσι
3667 2136 3772 2208 τὴν

2189 2231 2469 2300 ἀλήθειαν.
2502 2250 2520 2282 ι
2561 2234 2704 2301 ’Λρα
2731 2232 2799 2284 τὰ
2853 2229 3116 2284 Ἰουδαϊκὰ
3149 2230 3316 2293 τύπος
3371 2225 3437 2301 ἦν
3461 2246 3476 2260 ο
3510 2229 3605 2284 νῦν
3655 2230 3775 2304 γὰρ

2188 2323 2497 2391 ήάλήθεια.
2534 2322 2916 2388 Ἐκωλύθησαν
2939 2322 2993 2375 δὲ
3019 2321 3123 2374 τῶν
3157 2322 3365 2374 πολλῶν
3400 2324 3619 2384 ἐκεῖνοι,
3665 2323 3773 2394 οὐχ

2190 2411 2265 2473 ὡς
2289 2411 2638 2482 ἀκαθάρτων,
2693 2411 2925 2465 ἀλλ’ἵνα
2974 2410 3067 2464 τοῦ
3112 2412 3325 2482 τρυφᾷν
3370 2412 3771 2482 ἐπισχεθώσιν.

2191 2500 2477 2573 Ἀλήθειαν
2514 2502 2571 2556 δέ
2618 2520 2773 2571 φησι,
2809 2503 2908 2571 τὴν
2961 2503 3040 2566 είς
3080 2503 3313 2573 Χριστὸν
3367 2503 3570 2556 πίστιν.
3601 2523 3619 2554 ι
3655 2504 3779 2557 Πᾶν

2191 2594 2301 2664 γὰρ
2339 2593 2545 2663 κτίσμα
2575 2594 2709 2647 Θεοῦ
2745 2595 2929 2648 καλόν.
2968 2613 2985 2646 ι
3019 2594 3154 2663 Περὶ
3196 2593 3306 2646 τῶν
3341 2592 3624 2662 ἐδωδίμων
3674 2594 3776 2647 λέ-

2194 2703 2300 2755 γει.
2354 2685 2805 2754 Προκαταϐάλλει
2859 2686 2915 2739 δὲ
2953 2686 3055 2759 ἤδη
3108 2685 3207 2756 τὴν
3252 2685 3463 2755 αἵρεσιν
3512 2684 3624 2737 τῶν
3667 2686 3778 2755 τὴν

2194 2779 2491 2848 ἀγέννητον
2520 2777 2653 2846 ὓλην
2677 2778 3029 2846 εἰσαγόντων,
3073 2779 3167 2831 καὶ
3196 2779 3412 2847 ἐκείνης
3450 2779 3518 2830 τά
3547 2777 3781 2849 βρώμα-

2193 2888 2262 2924 τα
2288 2870 2573 2938 λεγόντων.
2614 2887 2633 2919 ι
2667 2868 2780 2922 Καὶ
2816 2867 2968 2922 οὐδὲν
2998 2869 3327 2937 ἀπόϐλητον.
3363 2886 3381 2919 ι
3424 2868 3638 2922 Οὐκοῦν
3674 2868 3781 2921 καὶ

2193 2962 2254 3015 τὸ
2311 2960 2660 3015 εἰδωλόθυτον
2709 2960 2808 3013 οὐκ
2852 2959 2998 3015 ἔστιν
3055 2960 3359 3030 ἁπόελητον
3403 2959 3543 3029 μετά
3599 2961 3781 3032 εὐχῆς

2194 3052 2623 3123 λαμϐανόμενον,
2656 3052 2753 3105 ἐὰν
2782 3054 2983 3121 ἀγνοῇς
3013 3053 3099 3116 σὺ,
3139 3053 3262 3105 ἐπεὶ
3306 3050 3610 3116 ὑπεύθυνος
3645 3053 3780 3128 γίνῃ

2192 3145 2272 3215 τῷ
2314 3147 2464 3217 νόμῳ
2514 3144 2594 3213 τῷ
2645 3144 3042 3214 ἀπαγορεύοντι
3077 3144 3152 3215 μὴ
3203 3150 3483 3197 κοινωνεῖν
3522 3145 3771 3198 εἰδώλων

2142 3243 2161 3263 ⁴
2194 3236 2517 3306 τραπέζαις.
2559 3235 2655 3288 Ἐκ
2686 3236 2784 3305 τῆς
2815 3235 2906 3287 τοῦ
2934 3235 3099 3304 νόμου
3135 3233 3228 3287 οὖν
3255 3235 3621 3306 παραόἀςεῳς
3662 3252 3784 3287 κοι-

2198 3327 2404 3380 νοῦται·
2444 3325 2634 3396 ὥσπερ
2662 3321 2755 3378 οὖν
2790 3325 2971 3379 καὶτὸ
3003 3325 3244 3396 καθαρὸν
3284 3327 3564 3389 παντελῶς
3608 3326 3782 3396 εὐχα.

2201 3418 2413 3489 ριστίας
2448 3417 2860 3488 λαμϐανόμενον
2886 3418 3034 3487 δίχα,
3066 3417 3360 3485 κοινοῦται,
3390 3417 3479 3471 διὰ
3508 3418 3608 3487 τὴν
3638 3418 3783 3488 ἀχά-

2202 3512 2381 3581 ριστόν
2416 3528 2509 3565 σου
2537 3511 2884 3582 προαίρεσιν.
2946 3529 2965 3562 ι
2997 3510 3310 3578 Ἀγιάζεται
3342 3511 3453 3579 γὰρ
3484 3510 3575 3563 διὰ
3608 3511 3781 3579 λόγου

2196 3604 2332 3659 Θεοῦ
2363 3606 2458 3658 καὶ
2489 3603 2804 3670 ἐντεύξεως.
2825 3622 2842 3654 ι
2873 3603 2933 3657 ΕΞ
2964 3600 3273 3672 ἁγιάζεται,
3291 3602 3487 3656 οὐκοῦν
3512 3605 3591 3656 ὅτι
3624 3605 3778 3659 ἀκάέ

2199 3697 2395 3768 θαρτόν
2419 3699 2534 3749 ὲστι
2570 3713 2586 3763 ;
2612 3696 2705 3767 Μὴ
2737 3696 2976 3763 γένοιτοί
3005 3696 3178 3748 πάντα
3203 3697 3310 3764 γὰρ
3339 3695 3560 3765 καθαρά
3581 3712 3595 3726 ’
3638 3696 3783 3751 ἀλλὰ

2197 3788 2290 3841 δύο
2317 3788 2527 3857 τίθησιν
2571 3788 2806 3840 ἐνταῦθα
2859 3788 3131 3856 κεφάλαια
3183 3788 3318 3857 πρὸς
3360 3789 3604 3853 ἐκείνους
3640 3791 3781 3854 τοὺς

2195 3878 2480 3947 ἀκάθαρτά
2502 3894 2624 3930 τινα
2647 3878 2754 3931 τῶν
2785 3877 3094 3949 βρωμάτων
3127 3879 3407 3948 λέγοντας.
3451 3881 3575 3934 Ὅτι
3617 3881 3780 3951 πρῶο

2194 3988 2286 4025 τον
2329 3971 2448 4039 μὲν,
2481 3971 2590 4023 πᾶν
2641 3970 2846 4038 κτίσμα
2879 3970 3013 4023 Θεοῦ
3040 3970 3226 4035 καλὸν,
3277 3972 3372 4025 καὶ
3432 3973 3588 4026 οὐδὲν
3626 3973 3773 4029 dxi-

2195 4064 2416 4135 θαρτον.
2463 4063 2525 4115 Εἰ
2573 4061 2631 4114 δέ
2671 4077 2753 4124 τις
2799 4059 2909 4131 δῴη
2942 4064 3083 4114 κατά
3142 4061 3492 4133 συγχώρησιν
3544 4059 3693 4117 εἷναί
3724 4082 3778 4118 τι

2196 4155 2528 4224 ἀκάθαρτον,
2562 4152 2640 4204 ἔνι
2671 4153 2762 4204 καὶ
2784 4150 2957 4215 οὕτως
2989 4153 3304 4223 φάρμακον,
3339 4154 3529 4223 φησίν.
3588 4154 3781 4223 ’Δγιόμ

2195 4246 2347 4311 {erat
2376 4245 2484 4315 γὰρ
2508 4242 2593 4296 διὰ
2612 4243 2770 4311 λόγου
2788 4243 2944 4307 Θεοῦ,
2964 4244 3233 4310 τουτέστι,
3260 4245 3328 4298 δι’
3351 4244 3542 4316 εὐχῆς.
3573 4245 3780 4315 Πρωθο

2195 4335 2421 4406 ύστερον
2448 4335 2503 4387 δὲ
2550 4336 2755 4386 κεῖται·
2781 4334 2879 4387 Διά
2919 4335 3026 4405 γάρ
3056 4335 3215 4406 λόγου
3240 4337 3331 4390 καὶ
3358 4336 3656 4403 ἐντεύξεως
3679 4337 3781 4412 τῆς

2194 4428 2330 4497 πρὶς
2352 4426 2482 4479 Θεὸν
2502 4426 2815 4498 γινομένης.

510 4535 828 4588 titudinem.
867 4552 886 4586 ι
931 4534 1320 4589 Sauctitlcalur
1347 4538 1492 4589 enim
1534 4552 1629 4604 per
1657 4552 1964 4593 sermonem
2000 4541 2091 4595 Dei
2132 4550 2188 4596 et
2268 4535 2593 4590 orationem.
2631 4551 2650 4584 ι
2711 4532 2766 4586 Si
2839 4532 3233 4601 sanctiﬁcatur,
3286 4533 3346 4589 ﬁt
3398 4534 3564 4605 igitur
3644 4534 3779 4592 illud

510 4627 640 4694 quia
686 4626 1027 4678 immumlum
1088 4623 1252 4678 erat?
1298 4622 1691 4692 Nequaquam!
1738 4641 1862 4679 nam
1909 4630 2090 4682 omnia
2131 4625 2333 4683 munda
2385 4631 2514 4678 sunt
2550 4639 2565 4678 :
2599 4620 2695 4676 sed
2738 4621 2848 4679 duo
2896 4623 3048 4692 ponit
3118 4622 3207 4676 hic
3280 4625 3457 4693 capita
3509 4627 3781 4686 adversus

510 4731 609 4772 eos
646 4716 741 4785 qui
792 4716 947 4771 cibos
993 4716 1210 4784 aliquos
1255 4714 1567 4768 immundos
1608 4732 1729 4771 esse
1790 4719 2088 4776 dicebant:

2169 4720 2402 4790 primum
2435 4716 2652 4786 quidem
2675 4714 2819 4784 quod
2857 4715 3037 4771 onmis
3065 4726 3316 4770 creatura
3344 4715 3435 4771 Dei
3475 4718 3620 4773 bona
3684 4722 3778 4791 sit,

507 4810 756 4879 nihilque
799 4807 1141 4862 immundum
1181 4817 1317 4862 est:
1368 4810 1511 4875 quod
1544 4808 1588 4862 si
1634 4809 1758 4877 quis
1804 4811 1972 4865 etiam
2044 4810 2385 4867 admittendo
2466 4808 2633 4861 donet
2721 4803 2925 4874 aliquid
2975 4820 3099 4860 esse
3150 4805 3515 4873 immundum,
3561 4811 3777 4868 accedit

508 4906 615 4960 hoc
647 4906 809 4959 etiam
853 4901 1015 4956 modo
1056 4902 1436 4972 pharmaeum,
1468 4902 1689 4971 inquit:
1718 4906 2097 4960 sanctiticatur
2133 4906 2279 4960 enim
2313 4917 2410 4975 per
2440 4914 2743 4957 sermonem
2784 4898 2900 4964 Dei,
2934 4899 3036 4954 hoc
3085 4908 3190 4966 est,
3271 4916 3371 4971 per
3439 4904 3777 4960 orationem.

513 4996 748 5050 Ponitur
777 5001 955 5049 autem
990 4994 1183 5049 ordine
1223 5001 1597 5064 praepostero:
1659 5010 1782 5048 nam
1851 4996 2169 5068 intelligitur
2204 4996 2285 5050 sic
2331 5009 2347 5047 :

505 5089 700 5144 Deum.

2398 4992 2503 5047 Per
2549 5004 2859 5047 sermonem
2916 4997 2972 5047 et
3034 4992 3335 5050 orationem
3398 5009 3520 5066 qua:
3570 4995 3648 5052 sit
3708 4996 3775 5054 ad

576 5178 666 5245 IV,
702 5177 756 5242 6,
787 5178 844 5232 '7.
879 5176 957 5231 De
979 5177 1059 5231 his
1089 5178 1135 5231 si
1170 5178 1605 5232 commonesceris
1660 5177 1877 5246 fratres,
1911 5181 2075 5236 bonus

2265 5173 2454 5228 Ταῦτα
2510 5170 2936 5242 ὑποτιθέμενος
3004 5174 3131 5242 τοῖς
3195 5175 3508 5249 ἀδελφοῖς,
3581 5184 3775 5251 καλὸς

503 5272 611 5327 eris
657 5264 896 5324 minister
912 5269 1040 5324 Jesu
1071 5269 1291 5333 Christi,
1319 5273 1583 5324 enutritus
1602 5272 1931 5327 sermonibus
1960 5275 2083 5344 ﬁdei

507 5363 756 5432 b‘cmrque
788 5363 1064 5429 ductrinw,
1108 5379 1265 5433 quam
1297 5378 1460 5433 usque
1475 5374 1684 5417 secutus
1715 5382 1788 5419 es.
1820 5365 2084 5421 Ca’terum

508 5452 676 5504 aniles
710 5460 759 5504 et
784 5450 1088 5519 propitanas
1117 5450 1335 5520 fabulas
1374 5452 1551 5521 rejicc.

586 5647 605 5680 ι
640 5627 712 5680 De
737 5627 874 5681 bis»
911 5625 1159 5694 Quibus?
1183 5628 1314 5695 Qua:
1343 5627 1409 5684 de
1442 5629 1704 5701 mysterio
1728 5639 1859 5683 sunt
1883 5638 1935 5681 et
1964 5644 2085 5697 qua

506 5720 572 5774 de
593 5720 1139 5790 ltmresibus,qua*que
1154 5722 1221 5776 de
1251 5723 1389 5777 cibis
1412 5726 1668 5777 retexuit.
1702 5723 2087 5776 Animadverte

508 5822 689 5866 autem
753 5810 896 5880 quod
953 5825 1059 5864 non
1110 5812 1309 5866 dixerit
1348 5830 1363 5867 :
1401 5812 1457 5867 Si
1504 5813 1761 5882 jusscris,
1822 5812 1915 5866 sed
1973 5831 1987 5868 ;
2031 5811 2086 5864 Si

2184 5268 2301 5333 ἔσῃ
2324 5262 2601 5329 διάκονος
2635 5263 2843 5331 Ἰησοῦ
2868 5266 3147 5332 Χριστοῦ,
3174 5268 3612 5340 ἐντρεφόμενος
3649 5277 3775 5345 τοῖς

2184 5358 2388 5427 λόγοις
2409 5353 2518 5422 τῆς
2561 5355 2817 5422 πίστεως
2834 5357 2931 5409 καὶ
2980 5357 3090 5425 τῆς
3123 5360 3319 5429 καλῆς
3347 5360 3775 5436 διδασκαλίας,

2185 5446 2226 5522 ᾗ
2265 5447 2826 5517 παρηκολούθηκας.
2861 5449 3007 5517 Τοὺς
3040 5449 3108 5503 δὲ
3122 5451 3432 5522 βεϐήλους
3461 5456 3563 5511 καὶ
3589 5462 3775 5528 τραώ.

2188 5540 2314 5604 δεις
2337 5537 2569 5606 μύθους
2598 5536 2909 5603 παραιτοῦ.

2268 5651 2286 5681 ι
2321 5629 2527 5683 ταῦτα.
2559 5646 2576 5678 t
2620 5628 2782 5694 Heia;
2811 5630 2891 5683 Τά
2918 5633 3043 5700 περὶ
3075 5634 3167 5686 τοῦ
3201 5638 3524 5709 μυστηρίου,
3546 5642 3613 5694 τά
3646 5646 3775 5715 περὶ

2192 5721 2300 5773 τῶν
2326 5723 2612 5790 αἱρέσεων,
2645 5724 2713 5774 τὰ
2747 5724 2872 5791 περὶ
2902 5723 3013 5775 τῶν
3067 5724 3395 5794 βρωμάτιον.
3453 5732 3603 5805 ἅπερ
3641 5753 3777 5788 κατ.

2198 5811 2393 5875 ἔλεξεν.
2415 5812 2557 5882 Ὅρα
2588 5811 2665 5879 δὲ,
2695 5812 2793 5866 οὐκ
2822 5809 2963 5883 εἷπε,
2988 5815 3259 5883 Κελεύων,
3282 5819 3418 5888 ἀλλ’,
3447 5842 3465 5872 ι
3486 5823 3775 5880 Ὑποτιθέσ
