3988 6568
317 338 430 412 169

1284 346 1680 410 ’(ΣΟΜΜΕΝΤ.
1711 343 1805 409 ἸΝ
1844 340 2084 409 EPIST.
2120 343 2159 410 Ϊ
2198 349 2298 411 ΑΙ)
2336 349 2657 412 ἨΜΟΤΗ.

3470 353 3576 423 170

312 478 502 531 μενος,
515 481 535 514 ι
554 461 822 525 τουτέστι,
842 460 1250 532 συμϐουλεύων.
1266 463 1752 533 Συγκαταδατικδν
1765 464 1886 535 γὰρ1

2003 465 2512 524 commonefeceris.
2576 465 2714 523 Nam
2791 474 3008 539 oportet
3050 469 3368 542 episcopum
3435 488 3585 529 nunc

306 553 345 625 ἢ
376 554 701 628 ὰρχοντικδν
740 543 882 621 εἶναι
908 555 990 607 δεῖ
1030 555 1124 609 τὸν
1160 556 1481 611 ἐπίσκοπον.
1535 575 1553 608 ι
1582 555 1761 620 Καλὸς
1791 556 1893 629 ἔσῃ

300 646 585 711 διάκονος.
614 666 635 700 ι
688 649 941 700 Διακονεῖ
992 647 1102 718 γὰρ
1151 647 1227 719 τῷ
1263 649 1484 721 Χριστῷ
1519 650 1810 716 διδάσκων,
1858 649 1894 704 ἃ

303 736 663 793 διδάσκεσθαι
709 739 741 790 ὁ
786 737 1022 809 Χριστὸς
1080 737 1353 808 βούλεται.
1392 758 1412 792 ι
1438 742 1892 813 Ἐντρεφὸμενος.

307 830 468 898 φησὶ,
499 831 612 893 τοῖς
639 829 818 898 λόγοις
843 832 943 900 τῆς
971 831 1261 895 πίστεως.»
1293 832 1505 904 ’Ὠσπερ
1531 832 1638 902 γὰρ
1661 832 1892 904 τροφῆς,

305 919 503 989 φησὶν,
557 917 659 972 οὐκ
700 918 1022 987 ἀφίστασαι,
1056 920 1230 986 οὕτως
1258 922 1399 993 μηδὲ
1425 923 1534 976 τῶν
1562 924 1738 993 λόγων
1767 922 1893 976 τού-

303 1027 444 1066 των.
496 1010 568 1064 Ἢ
601 1012 683 1065 ὅτι
710 1013 1047 1083 τρεφόμενος
1074 1016 1133 1067 ὲν
1164 1015 1351 1079 αὐτοῖς
1390 1019 1487 1086 τὴν
1514 1019 1894 1089 πνευματικὴν

302 1104 544 1176 τροφήν.
596 1123 615 1156 ι
644 1106 718 1159 Οὐ
771 1106 883 1177 γὰρ
935 1106 1023 1160 ἐπ’
1068 1108 1218 1178 ἄρτῳ
1247 1109 1393 1180 μόνῳ
1417 1107 1642 1179 ζήσεται
1684 1110 1894 1181 ἄνθρω-

308 1213 433 1259 πος.
460 1216 480 1248 ι
530 1196 604 1251 Οὐ
657 1198 768 1268 γὰρ
821 1198 981 1268 μόνον
1039 1215 1097 1252 σε
1150 1199 1233 1254 δεῖ
1278 1202 1390 1264 τοῖς
1437 1200 1686 1270 ἀδελφοῖς
1719 1201 1894 1256 ταῦτα

305 1288 690 1352 ὑποτίθεσθαι,
709 1289 846 1342 ἀλλὰ
876 1290 969 1344 uel.
1004 1281 1200 1345 σκυτὸν
1232 1292 1477 1363 τρέφειν.
1496 1293 1638 1346 «Καὶ
1668 1294 1765 1365 τῆς
1794 1311 1892 1348 κα-

304 1379 415 1449 λῆς
446 1380 821 1446 διδασκαλίας.
848 1400 867 1434 ι
903 1382 1021 1436 "Evr.
1053 1382 1161 1453 γὰρ
1192 1384 1285 1436 καὶ
1334 1384 1479 1455 κακὴ
1512 1385 1833 1439 διδασκαλία
1858 1389 1891 1458 ὴ

300 1470 420 1525 τῶν
468 1472 787 1544 αἱρετικῶν.
834 1491 853 1525 ι
878 1467 954 1545 ⁴ᾚ
994 1475 1505 1545 παρηκολούθηκας.
1531 1495 1548 1527 ι
1610 1477 1893 1542 Τουτέστι,

300 1558 375 1634 ἦς
428 1565 615 1632 ἐγένου
657 1564 945 1636 τρόφιμος.
988 1584 1007 1615 ι
1031 1565 1171 1628 Τοὺς
1201 1565 1258 1619 δὲ
1292 1566 1553 1639 βεϐήλους
1590 1570 1681 1622 καὶ
1712 1568 1897 1641 γραώ-

298 1655 422 1718 δεις
453 1655 677 1726 μύθους.
707 1676 725 1708 ι
790 1657 902 1720 Τὰς
946 1657 1245 1719 Ἰουδαῖκὰς
1271 1657 1419 1726 λέγει
1457 1662 1891 1732 παρατηρήσεις.

298 1742 485 1802 Aiunt
515 1750 644 1818 γὰρ,
676 1750 736 1801 ὲν
767 1749 865 1820 μὲν
890 1748 966 1819 τῷ
998 1749 1187 1821 οἰκείῳ
1220 1750 1398 1822 καιρῷ
1426 1753 1690 1823 χρήσιμοι
1730 1748 1890 1824 ἦσαν,

297 1835 405 1890 νῦν
428 1838 487 1891 δὲ
516 1826 783 1909 γραώδεις
808 1829 903 1892 καὶ
936 1844 1251 1909 σεσηπυῖαι.
1282 1843 1350 1894 Ἦ
1380 1844 1473 1895 καὶ
1498 1844 1625 1913 περὶ
1654 1844 1895 1913 Ἐλληνι-

301 1930 424 1983 κῶν
478 1931 574 1982 καὶ
615 1930 906 2001 αἱρετικῶν
936 1931 1217 2004 φλυαριῶν
1256 1932 1429 1987 ταῦτα
1472 1932 1642 2003 λέγει.
1679 1935 1892 2001 Ὄντως

294 2022 419 2093 γὰρ
469 2022 690 2093 βέϐηλοι
734 2027 827 2077 καὶ
879 2026 1113 2090 ἀνόσιαι,
1152 2027 1248 2080 καὶ
1294 2027 1555 2098 γραῖδίων
1591 2028 1894 2102 λεληρηκό-

295 2130 415 2167 των
443 2117 689 2187 ῥήματα.
757 2118 818 2171 '0
863 2119 1021 2185 Ζεὺς,
1065 2120 1220 2190 φησι,
1262 2120 1581 2188 συνεγένετο
1608 2125 1675 2193 τῇ
1719 2122 1886 2194 Ἥρᾳ.

298 2207 419 2260 Καὶ
463 2209 493 2261 ὁ
544 2208 718 2279 ’Ἄρης
774 2209 1079 2281 ἐμοίχευσε.
1136 2211 1245 2265 Καὶ
1275 2214 1303 2267 ὁ
1335 2213 1639 2282 ’Ἥφαιστος
1689 2214 1889 2286 ὲρῤίφη

293 2301 625 2371 οὐρανόθεν.

900 2398 1152 2452 ΚΕΦᾹΛ.
1218 2395 1298 2456 H'.

546 2490 690 2559 Περὶ
719 2489 950 2560 ἀγῶνος
968 2493 1281 2559 εὐσεϐείας
1313 2493 1406 2546 ἐπ’
1436 2490 1656 2550 ἐλπίδα

369 2583 648 2653 Γύμναζε
695 2583 764 2637 δὲ
797 2586 1062 2640 σεαυτὸν
1113 2588 1265 2653 πρὸς
1300 2587 1646 2642 εὐσέϐειαν-ο
1686 2590 1724 2659 ἡ
1776 2589 1888 2659 γὰρ

291 2677 614 2746 σωματικὴ
650 2680 977 2748 γυμνασία,
1024 2680 1176 2749 πρε-ς
1225 2682 1432 2751 ὀλίγον
1471 2682 1642 2736 ἐστὶν
1675 2682 1888 2753 ὠφέλι-

286 2786 412 2837 μος
436 2785 451 2799 ⁸
499 2771 537 2837 ἡ
566 2770 635 2822 δὲ
657 2770 934 2825 εὐσέϐεια
964 2771 1112 2839 πρὸς
1144 2770 1341 2825 πάντα
1370 2773 1668 2844 ὠφέλιμός
1692 2774 1884 2840 ἐστιν,

286 2863 671 2932 ἐπαγγελίας
702 2864 935 2933 ἔχουσα
963 2863 1113 2931 ζωῆς
1141 2864 1252 2934 τῆς
1300 2865 1417 2920 νῦν
1461 2866 1559 2921 καὶ
1606 2865 1714 2935 τῆς
1745 2871 1889 2937 μελε

291 2958 561 3025 λούσης.
612 2955 836 3023 Πιστὸς
877 2959 911 3010 ό
947 2957 1150 3027 λόγος,
1199 2957 1299 3011 καὶ
1338 2959 1543 3027 πάσης
1580 2959 1888 3029 ἀποδοχῆς

289 3049 496 3115 ἄξιος.
536 3053 641 3116 Εἰς
664 3051 842 3104 τοῦτο
871 3050 980 3121 γὰρ
1031 3051 1131 3104 καὶ
1162 3049 1464 3119 κοπιῶμεν
1495 3051 1591 3105 καὶ
1624 3051 1891 3112 ὀνειδιζό-

1998 558 2426 616 submissionem
2466 560 2776 627 ostendere,
2814 578 2965 618 nunc
3018 563 3362 634 principatus
3395 577 3585 623 aucto-

1985 648 2233 705 ritatem.
2288 668 2311 702 ι
2357 649 2541 707 Bonus
2593 653 2703 709 eris
2764 654 3038 711 minister.
3087 675 3106 708 ι
3164 655 3390 714 Christo
3436 660 3581 715 enim

1998 743 2279 798 ministrat
2314 744 2407 815 qui
2445 760 2508 801 ea
2555 745 2720 801 docet
2754 762 2876 815 quae.
2918 745 3175 804 Christus
3226 749 3342 802 vult
3373 750 3580 808 docerl.

2002 849 2020 881 ι
2072 833 2357 890 Enutritus
2421 836 2764 892 sermonibus
2817 839 2963 894 ﬁdei.
3015 858 3035 891 ι
3080 838 3577 908 Quemadmodum,

2003 924 2205 995 inquit,
2233 944 2261 982 a
2285 930 2622 986 nutrimento
2646 947 2757 987 non
2789 932 3051 996 discedis.
3087 936 3159 989 ita
3187 951 3366 1006 neque
3395 936 3464 991 ab
3497 937 3586 993 his

2002 1023 2373 1080 sermonibus.
2406 1026 2515 1080 Aut
2545 1028 2689 1098 quod
2727 1029 2782 1083 in
2818 1029 2904 1087 his
2934 1030 3176 1086 nutritus
3198 1032 3277 1086 sis
3308 1019 3584 1103 Spirituali

2000 1114 2359 1170 nutrimento.
2421 1116 2477 1171 Si
2526 1118 2772 1188 quidem,
2833 1139 2851 1172 ι
2897 1120 3013 1176 Non
3074 1123 3192 1178 solo
3241 1140 3383 1193 pane
3442 1127 3588 1182 vivet

2001 1204 2163 1259 homo
2186 1205 2253 1259 ³⁸.
2299 1225 2318 1258 ι
2347 1206 2468 1261 Non
2499 1210 2640 1264 enim
2666 1213 2842 1266 solum
2866 1222 3082 1280 oportet
3111 1223 3162 1270 te
3181 1214 3248 1270 de
3273 1214 3361 1273 his
3389 1215 3587 1273 fratres

1998 1297 2479 1355 commonefacere
2503 1342 2518 1366 ,
2554 1301 2715 1374 232
2754 1304 2848 1358 sed
2879 1313 2934 1360 et
2963 1304 3195 1377 teipsum
3232 1308 3316 1363 his
3351 1309 3586 1364 nutrire.

2005 1408 2023 1440 ι
2038 1388 2309 1461 Βοηωιιυε
2335 1391 2622 1449 doctrinae.
2647 1414 2664 1445 ι
2684 1394 2934 1451 Estenim
2955 1404 3009 1453 et
3032 1415 3195 1470 prava
3215 1401 3461 1456 doctrina
3477 1403 3588 1458 ha:-

1998 1483 2327 1539 reticorum.
2360 1503 2379 1535 ‹
2414 1485 2591 1552 Quam
2629 1504 2805 1559 usque
2837 1500 3061 1546 secutus
3085 1508 3165 1549 es.
3206 1512 3225 1546 ι
3262 1492 3377 1549 Hoc
3400 1505 3505 1562 est,
3530 1498 3585 1552 in

1997 1590 2105 1644 qua
2132 1574 2284 1631 fuisti
2314 1579 2598 1649 educatus.
2641 1600 2660 1632 ι
2690 1581 2958 1637 Caeterum
2983 1585 3157 1641 aniles
3214 1596 3269 1641 et
3323 1587 3587 1656 profanas

1999 1667 2234 1723 fabulas.
2281 1688 2300 1721 ι
2338 1668 2596 1727 Judaicas
2645 1673 2779 1729 dicit
2828 1676 3265 1736 observationes.
3316 1682 3451 1738 Nam
3504 1685 3586 1741 διν

2000 1775 2104 1815 suo
2137 1771 2378 1830 tempore
2415 1766 2577 1821 utiles
2608 1776 2787 1829 erant,
2825 1785 2972 1825 nunc
3016 1782 3202 1827 autem
3235 1776 3407 1834 aniles
3454 1787 3586 1834 sunt

1997 1866 2062 1906 ac
2102 1854 2356 1923 putridae.
2386 1859 2496 1910 Aut
2527 1858 2595 1914 de
2618 1857 2935 1916 Graecorum
2967 1872 3021 1918 et
3053 1864 3438 1923 harcticorum
3468 1887 3587 1926 uu-

1996 1941 2081 2013 gis
2114 1945 2227 1998 haec
2262 1945 2433 2001 dicit:
2475 1963 2602 2003 vere
2661 1951 2807 2006 enim
2862 1953 3104 2022 profana:
3135 1966 3264 2011 sunt
3302 1968 3353 2014 et
3405 1960 3586 2032 impia:

1996 2050 2059 2090 ac
2083 2035 2434 2093 delirantium
2453 2042 2616 2097 verba
2652 2045 3021 2104 anicularum.
3045 2046 3281 2120 Jupiter,
3307 2053 3583 2125 inquiunt,

1996 2129 2161 2183 (-oivit
2195 2145 2319 2185 cum
2353 2129 2569 2190 lunone
2602 2153 2615 2190 :
2657 2137 2807 2192 Mars
2859 2140 3192 2197 adulterium
3247 2151 3583 2219 perpetravit

1995 2233 2119 2271 cum
2161 2218 2373 2276 Venere
2409 2239 2422 2277 :
2459 2222 2737 2282 Vulcanus
2770 2243 2800 2283 e
2830 2231 2970 2285 caelo
2997 2231 3243 2302 deiectus
3273 2218 3359 2294 est

2572 2430 2801 2489 CAPUT
2857 2434 2993 2492 VIII.

2187 2519 2262 2576 De
2284 2523 2575 2578 certamine
2608 2526 2678 2580 ad
2701 2530 2951 2597 pietatem
2972 2542 3187 2602 propter
3217 2552 3382 2605 spem.

2067 2611 2157 2679 ιν,
2190 2614 2348 2673 7-10.
2380 2615 2581 2674 Exerce
2614 2630 2793 2678 autem
2837 2627 3169 2696 temetipsum
3202 2633 3273 2685 ad
3305 2633 3577 2701 pietatem.

1992 2721 2117 2759 nam
2147 2708 2442 2775 corporalis
2463 2712 2775 2766 exercitatio
2799 2714 2870 2767 ad
2905 2717 3168 2773 modicum
3204 2722 3354 2778 utilis
3393 2734 3494 2790 est,
3521 2735 3579 2781 at

1989 2798 2163 2868 pietas
2196 2800 2268 2853 ad
2294 2803 2473 2855 omnia
2504 2804 2654 2860 utilis
2694 2814 2774 2860 est
2814 2816 2871 2862 ut
2899 2824 3025 2885 qua;
3060 2814 3438 2879 promissioues
3483 2819 3581 2874 hac

1990 2891 2104 2944 beat
2133 2891 2257 2945 vita:
2300 2895 2576 2962 praesentis
2608 2913 2674 2949 ac
2697 2897 2920 2966 futurae.
2956 2901 3241 2960 Credibilis
3262 2924 3464 2975 sermo,
3497 2911 3581 2966 di-

1989 3000 2221 3053 gnusque
2253 2988 2346 3056 qui
2372 2988 2543 3042 modis
2585 2991 2824 3045 omnibus
2866 3004 3186 3063 acceptetur.
3218 2994 3363 3051 Nam
3398 3003 3452 3054 in
3479 3003 3577 3058 hoc

1988 3087 2039 3131 et
2080 3077 2389 3134 laboramus
2419 3092 2469 3135 et
2498 3084 2707 3151 probris
2738 3086 3023 3156 aﬁicimur,
3064 3089 3208 3158 quod
3236 3106 3377 3158 spem
3410 3094 3575 3151 ﬁxam

284 3145 469 3209 μεθα,
514 3140 607 3194 ὅτι
636 3143 980 3211 ἠλπίκαμεν
1003 3142 1102 3195 ἐπὶ
1138 3141 1262 3208 Θεῷ
1286 3141 1473 3209 ζῶντι,
1507 3141 1574 3209 ὅς
1600 3142 1731 3195 ἐστι
1775 3144 1886 3196 Σω-

1994 3168 2279 3226 habeamus
2309 3172 2366 3226 iu
2397 3171 2501 3226 Deo
2537 3174 2738 3229 vivente
2775 3177 2868 3247 qui
2915 3186 2993 3233 est
3042 3177 3298 3236 Salvator
3335 3187 3571 3240 omnium

287 3233 409 3302 τὴρ
444 3233 691 3288 πάντων
717 3233 1063 3303 ἀνθρώπων,
1095 3236 1360 3300 μάλιστα
1385 3235 1638 3289 πιστῶν.

382 3346 400 3378 ι
418 3326 678 3398 Γύμναζε
701 3327 778 3393 δὲ,
805 3347 823 3377 ι
853 3328 971 3382 ἀντὶ
987 3328 1101 3395 τοῦ,
1123 3327 1290 3392 ἔθιζε.
1320 3347 1337 3378 ‹
1363 3328 1507 3396 Πρὸς
1534 3327 1840 3417 εὑσέὅειαν.
1860 3347 1878 3379 ι

292 3418 575 3472 Εὐσέϐειά
604 3420 774 3483 ἐστιν,
820 3419 853 3488 ὴ
907 3417 1047 3488 μετὰ
1092 3418 1329 3480 πίστεως
1371 3417 1539 3489 ὀρθῆς
1600 3417 1885 3488 ἐπιμέλεια

280 3511 393 3567 toﬁ
428 3509 569 3579 βίου.
606 3529 626 3562 ι
648 3510 711 3563 Ἦ
739 3509 848 3580 γὰρ
881 3512 1171 3581 σωματικὴ
1200 3510 1503 3580 γυμνασία.
1534 3528 1552 3562 ι
1591 3509 1656 3563 Ἠ
1686 3509 1757 3563 τὰ
1791 3509 1887 3564 σώο

298 3620 478 3675 ματα,
507 3603 693 3672 φησὶν,
727 3602 994 3669 ὑγιαίνειν
1044 3603 1295 3657 ποιοῦσα.
1366 3603 1432 3656 Ἠ
1484 3603 1541 3656 δὲ
1597 3602 1885 3675 σύγκρισις

291 3696 411 3749 ἀπὸ
458 3693 552 3747 τοῦ
605 3694 906 3757 ἐλάττονος.
979 3711 997 3744 ι
1032 3694 1179 3765 Πρὸς
1234 3696 1438 3764 ὀλίγον,
1488 3698 1675 3768 φησιν,
1734 3698 1884 3751 ἐστὶν

291 3786 635 3855 ὠφέλιμοςρ
653 3778 764 3837 οἷον
790 3784 917 3854 ἄχρι
943 3785 1036 3837 τοῦ
1058 3784 1331 3856 σώματος,
1349 3788 1444 3840 καὶ
1474 3787 1602 3859 ἄχρι
1632 3788 1725 3841 τοῦ
1745 3806 1885 3860 παρ-

288 3882 451 3941 όντος
483 3877 621 3950 βίου.
663 3897 681 3929 ‹
707 3876 1074 3945 Ἐπαγγελίας
1102 3877 1301 3955 ἔχουσα
1328 3878 1497 3951 ζωῆς.
1527 3898 1547 3932 ι
1592 3882 1753 3954 Ὀρᾷς
1784 3884 1883 3954 τὴν

291 3971 616 4040 ὠφέλειαν;
677 3969 801 4023 Ὀτι
841 3972 935 4023 καὶ
989 3972 1048 4023 ὲν
1077 3970 1154 4040 τῷ
1180 3970 1276 4024 νῦν
1308 3973 1403 4025 καὶ
1444 3974 1501 4025 ὲν
1530 3973 1608 4044 τῷ
1639 3974 1883 4045 μέλλοντι

292 4062 407 4133 βίῳ
456 4064 490 4131 ἠ
537 4060 799 4114 εὐσέϐεια
847 4061 1102 4125 ζωοποιεῖ
1158 4062 1257 4133 τὴν
1310 4065 1683 4137 πνευματικὴν
1715 4065 1880 4138 ζωήν.

298 4173 321 4206 ι
359 4154 560 4215 Πιστὸς
587 4156 616 4207 ὁ
646 4153 858 4221 λόγος.»
916 4154 1113 4216 Πιστὸς
1145 4157 1237 4207 καὶ
1264 4155 1559 4221 ἀπόδεκτος
1584 4159 1612 4211 ὁ
1642 4159 1885 4223 τοιοῦτος

290 4248 477 4315 λόγος.
514 4248 675 4310 Ποῖος
695 4263 712 4314 ;
736 4247 931 4308 Ὅστις
962 4248 1057 4300 καὶ
1079 4246 1322 4300 ἐνταῦθα
1352 4249 1446 4302 καὶ
1476 4251 1591 4302 ἐκεῖ
1607 4249 1876 4316 ζωοποιεῖ,

294 4340 448 4410 Ὅρα
477 4339 534 4392 δὲ
581 4340 664 4394 ὅτι
708 4341 801 4393 καὶ
848 4340 1039 4393 πιστὸν
1071 4341 1235 4394 αὐτὸν
1275 4337 1453 4408 εἶπεν,
1486 4345 1651 4397 οἱονεὶ
1678 4345 1881 4416 ἀληθῆ,

292 4436 396 4488 καὶ
429 4435 598 4486 πᾶσιν
624 4432 926 4487 ἀπόδεκτον
951 4448 966 4464 ο
1015 4432 1094 4488 ἔνι
1123 4432 1233 4506 γὰρ
1260 4436 1354 4489 καὶ
1375 4436 1551 4508 ἁληθῆ
1584 4439 1686 4508 μὲν
1717 4434 1878 4505 εἶναι,

290 4524 603 4597 ἁμφίὸολον
629 4525 708 4578 δέ.
745 4524 843 4578 Διὰ
875 4524 932 4578 δὲ
975 4524 1035 4578 τὸ
1084 4524 1310 4598 Οαρρεῖν
1351 4527 1429 4599 τῷ
1466 4529 1707 4601 μαθητῇ,
1740 4534 1878 4585 ἀπο·
1916 4513 1958 4567 D

293 4618 579 4688 φαντικῶς
599 4619 658 4670 ὲν
685 4619 783 4691 ὅλῃ
811 4618 965 4672 λαλεῖ
999 4621 1064 4690 τῇ
1083 4618 1395 4691 Ἐπιστολῇ.
1438 4622 1560 4683 «Εἰς
1585 4623 1741 4676 τοῦτο
1771 4626 1878 4697 γὰρ

289 4711 392 4766 καὶ
422 4709 731 4780 κοπιῶμεν.
757 4728 776 4761 ι
801 4710 894 4774 Εἰς
915 4710 1094 4773 τοῦτο,
1127 4713 1313 4778 ποῖον;
1354 4731 1373 4764 ι
1406 4713 1528 4767 Ὅτι
1559 4715 1877 4786 ἠλπίκαμεν

289 4803 390 4855 ἐπὶ
425 4802 548 4872 Θεῷ
576 4800 762 4865 ζῶντι.
790 4820 809 4853 ι
842 4802 953 4855 Καὶ
981 4803 1142 4874 ἡμεῖς
1161 4803 1271 4876 γὰρ
1290 4803 1369 4875 τῷ
1389 4805 1546 4859 τοῦτο
1577 4809 1874 4864 συνειδέναι

290 4895 585 4967 κὰμνομεν
625 4895 1027 4961 ἀνενδοιάστω,
1065 4897 1160 4953 καὶ
1223 4900 1271 4952 oi
1343 4899 1530 4971 ἐχθροὶ
1587 4901 1676 4956 διὰ
1720 4904 1877 4958 τοῦτο

288 4989 448 5058 ἡμᾶς
483 4986 725 5058 μάλιστα.
775 4987 1124 5059 πολεμοῦσιν.
1182 5009 1202 5042 ‹
1227 4991 1326 5054 Ὂς
1359 4993 1476 5047 ἐστι
1523 4994 1710 5067 Σωτὴρ
1742 4998 1878 5050 πάν-

294 5097 431 5135 των.
463 5098 484 5133 ι
545 5080 740 5151 Σωτὴρ
772 5081 992 5135 πάντων
1040 5085 1187 5136 ἐστὶν
1228 5085 1481 5141 ἐνταῦθα.
1542 5089 1691 5142 Ἑκεί
1726 5090 1779 5143 δὲ
1818 5091 1880 5144 οὐ

294 5173 542 5239 πάντων,
575 5173 710 5227 ἀλλὰ
736 5179 847 5227 τῶν
877 5176 1042 5242 ἀξίων
1063 5176 1157 5229 τοῦ
1185 5177 1475 5242 σώζεσθαι.
1505 5180 1615 5233 Καὶ
1641 5183 1875 5238 ἐνταῦθα

289 5261 394 5328 δὲ,
444 5261 556 5316 τῶν
612 5262 821 5316 πιστῶν
876 5264 1111 5334 μάλιστα
1164 5271 1404 5338 προνοεῖ.
1456 5271 1568 5323 Καὶ
1616 5271 1725 5344 γὰρ
1774 5275 1878 5328 ὑπὸ

291 5353 568 5407 τοσούτων
613 5355 1036 5426 πολεμούμενοι,
1064 5358 1373 5430 σωζόμεθα.
1410 5363 1687 5437 Παρορμᾷ
1707 5366 1763 5419 δὲ
1789 5366 1879 5421 τὸν

293 5447 566 5516 Τιμόθεον
617 5448 698 5512 είς
753 5450 879 5514 τοὺς
932 5451 1073 5524 ὑπὲρ
1136 5454 1372 5522 πίστεως
1405 5457 1703 5528 κινδύνους,
1747 5460 1878 5515 Θεὸν

287 5538 493 5612 εχοντα.
523 5539 776 5613 Σωτῆρα.ε

367 5805 420 5840 ³⁸
453 5807 643 5869 Matth.
674 5829 753 5882 tv,
792 5817 845 5871 4.
1195 5861 1209 5879 .

344 5896 355 5923 ‘
628 5911 899 5974 [ιη-ιω..
947 5915 1066 5975 Gn.
1109 5915 1315 5978 CXIX.

1990 3261 2280 3329 hominum,
2311 3266 2541 3321 maxime
2571 3267 2831 3335 ﬁdelium.

2064 3372 2084 3406 ι
2124 3353 2354 3412 Exeree.
2394 3376 2414 3408 ι
2441 3355 2556 3413 lloc
2578 3367 2686 3424 est,
2713 3361 3069 3420 assuefacito.
3096 3383 3116 3416 ι
3140 3366 3219 3421 Ad
3241 3368 3519 3439 pietatem.
3549 3391 3569 3424 ι

1987 3441 2169 3498 Pietas
2200 3453 2285 3500 est
2320 3445 2444 3502 vitae
2496 3448 2780 3515 diligentia
2835 3464 2901 3507 ac
2957 3454 3201 3510 studium
3247 3472 3374 3513 cum
3427 3470 3573 3517 recta

1987 3535 2115 3591 lide.
2154 3554 2174 3589 ‹
2222 3536 2356 3591 Nam
2397 3540 2701 3608 corporalis
2730 3544 3056 3600 exercitatio
3089 3564 3103 3600 :
3153 3566 3173 3599 ι
3216 3564 3337 3618 qua:
3366 3565 3575 3620 corpus

1988 3646 2181 3684 sanum
2213 3630 2412 3685 reddit.
2440 3631 2536 3685 Est
2560 3644 2741 3689 autem
2772 3639 3113 3706 comparatio
3134 3656 3163 3694 a
3192 3642 3414 3697 minori.
3445 3663 3465 3696 ‹
3492 3645 3575 3701 Ad

1988 3720 2262 3782 modicum
2307 3722 2457 3777 utilis
2505 3730 2635 3778 est:
2672 3742 2691 3775 ι
2726 3736 2911 3796 utpote
2941 3728 3009 3783 ad
3062 3746 3266 3802 corpus
3311 3735 3577 3792 duntaxat

1987 3815 2265 3886 vitamque
2280 3825 2603 3885 priesentem
2621 3834 2741 3875 sese
2755 3822 3083 3879 extendens.
3113 3844 3130 3876 ι
3145 3826 3571 3886 Promissioncm

1990 3904 2197 3961 habens
2226 3907 2374 3962 vitae.
2433 3926 2452 3960 ο
2490 3906 2661 3967 Vides
2692 3914 3028 3970 utilitatem?
3063 3915 3199 3982 Quia
3234 3930 3288 3974 et
3340 3923 3393 3975 in
3433 3940 3574 3992 pra:-

1992 4000 2135 4054 senti
2178 4010 2232 4056 et
2261 4002 2317 4057 in
2354 4001 2543 4057 futura
2582 4004 2689 4058 vita
2740 4007 2914 4075 pietas
2945 4006 3188 4066 vivilieat
3233 4013 3574 4082 spiritualem

1986 4088 2178 4143 vitam.
2207 4108 2229 4140 ‹
2258 4088 2558 4145 Credibilis
2594 4106 2797 4147 sermo.
2852 4112 2872 4145 ι
2915 4092 3209 4152 Credibilis
3239 4108 3291 4152 ct
3325 4111 3577 4172 accepta-'-

1986 4180 2114 4237 hilis
2147 4191 2233 4238 est
2267 4183 2390 4237 talis
2412 4198 2617 4241 sermo.
2652 4185 2877 4253 Qualis?
2904 4190 3007 4256 Qui
3035 4200 3091 4257 et
3120 4191 3212 4249 hic
3231 4204 3285 4249 et
3308 4194 3367 4250 in
3386 4195 3574 4252 futuro

1986 4261 2154 4331 vitam
2189 4278 2404 4333 tribuit.
2424 4279 2560 4335 Vide
2580 4292 2763 4338 autem
2788 4284 2935 4353 quod
2957 4292 3012 4341 et
3039 4288 3357 4344 credibilem
3391 4292 3573 4362 ipsum

1984 4365 2208 4433 dixerit,
2239 4383 2437 4439 nempe
2474 4371 2621 4439 quod
2661 4385 2820 4428 verus
2879 4375 2954 4430 sit
2998 4392 3012 4429 :
3054 4387 3109 4432 et
3149 4380 3406 4435 omnibus
3455 4396 3574 4435 am-

1985 4456 2358 4524 plectendum.
2397 4457 2684 4527 Contingit
2735 4461 2881 4516 enim
2922 4478 3113 4519 verum
3154 4466 3372 4535 quidem
3425 4483 3574 4532 esse,

1987 4548 2083 4603 sed
2111 4547 2179 4603 de
2204 4563 2319 4619 quo
2341 4551 2659 4621 ambigitur.
2694 4551 2767 4607 Ut
2796 4563 2979 4610 autem
3006 4555 3339 4627 discipulum
3370 4559 3575 4618 faceret

1984 4638 2384 4704 audentiorem,
2432 4643 2701 4699 assertive
2739 4644 2985 4715 loquitur
3034 4647 3090 4702 in
3127 4656 3242 4703 tota
3300 4650 3570 4721 Epistola.

1989 4747 2009 4782 ι
2038 4729 2171 4783 Nam
2214 4732 2268 4785 in
2292 4731 2395 4787 hoc
2417 4742 2472 4787 et
2496 4733 2830 4791 laboramus.
2858 4736 3047 4809 »233
3072 4739 3130 4794 1η
3155 4739 3290 4796 hoc.
3311 4742 3573 4811 quidnam

1986 4820 2119 4877 illud
2151 4822 2279 4879 est?
2308 4841 2327 4874 ι
2357 4823 2515 4890 Quod
2550 4841 2700 4896 spem
2736 4826 2895 4883 lixam
2940 4830 3246 4888 habeamus
3271 4835 3325 4887 in
3354 4834 3465 4890 lico
3495 4836 3576 4893 vi-

1982 4925 2162 4971 vente.
2191 4935 2210 4967 »
2235 4917 2351 4971 Nos
2378 4919 2524 4974 enim
2546 4918 2650 4974 hoc
2677 4933 3075 4991 cognoscentes
3091 4923 3412 4982 laboramus
3442 4928 3570 4984 abs-

1980 5022 2091 5079 que
2128 5009 2239 5064 ulla
2289 5009 2668 5067 haesitatione:
2703 5024 2758 5067 et
2810 5023 3034 5084 propter
3062 5020 3165 5073 hoc
3196 5017 3405 5075 inimici
3461 5035 3577 5075 ma-

1984 5101 2133 5155 xime
2160 5117 2261 5157 nos
2281 5103 2622 5174 impugnant.
2665 5123 2685 5157 ι
2728 5104 2834 5172 Qui
2864 5117 2949 5164 est
2979 5107 3234 5166 Salvator
3264 5111 3511 5166 omnium
3548 5131 3567 5162 I

1982 5192 2044 5249 in
2079 5196 2181 5251 hac
2214 5197 2324 5251 vita
2356 5195 2612 5253 Salvator
2642 5210 2730 5256 est
2775 5202 3016 5256 omnium
3053 5220 3068 5257 :
3105 5204 3160 5258 in
3204 5201 3388 5259 futura
3446 5218 3575 5278 vero

1979 5299 2090 5340 non
2120 5287 2385 5354 omnium,
2418 5288 2513 5343 sed
2554 5306 2745 5347 eorum
2780 5293 2877 5364 qui
2910 5295 3111 5350 salvari
3144 5295 3298 5366 digni
3348 5294 3571 5350 fuerint.

1979 5374 2248 5435 Praeterea
2277 5395 2408 5437 vero
2442 5383 2735 5439 maximam
2775 5386 2864 5442 hic
2904 5389 3043 5459 gerit
3083 5403 3271 5444 curam
3304 5384 3570 5450 ﬁdelium,

1987 5471 2137 5541 quod
2173 5486 2297 5525 cum
2353 5471 2685 5544 impetamur
2728 5492 2758 5531 a
2788 5484 2897 5532 tam
2930 5480 3138 5544 multis,
3186 5479 3470 5534 salvantur
3496 5485 3575 5529 ta-

1991 5574 2142 5615 men.
2188 5558 2538 5616 Timotheum
2592 5579 2723 5619 vero
2778 5575 3031 5621 hortatur
3063 5567 3130 5621 ad
3178 5562 3420 5635 pericula
3471 5574 3572 5633 pro

1984 5649 2092 5705 dde
2120 5650 2424 5718 toleranda,
2462 5652 2609 5723 quod
2629 5654 2800 5709 Deum
2834 5656 3030 5710 habeat
3059 5654 3423 5709 Salvatorem.

3161 5929 3200 5991 6
