3988 6586
448 369 541 438 171
1503 367 1904 429 (ECUMENII
1944 366 2237 428 TRICCE
2270 366 2611 429 EPISCOPI

1058 483 1285 541 CAPUT
1345 484 1434 538 II.

492 579 808 635 Adlaortatio
831 587 885 631 ut
919 578 1164 645 miipsius
1198 593 1379 630 curam
1416 574 1604 629 habeat
1637 585 1685 628 et
1713 572 1982 627 Εμείινιίιε.

509 673 604 740 ιν,
640 671 824 728 Η-ίϐ.
871 669 1103 739 Pra'cipe
1139 672 1268 728 lucc.
1313 669 1458 723 doce.
1494 667 1662 722 Nemo
1696 667 2024 738 juventutem

443 781 586 822 tuam
623 766 876 836 despiciat
905 779 920 816 :
951 764 1042 817 sed
1079 773 1187 818 esto
1228 763 1401 830 forma
1427 762 1661 830 ﬁdelium
1690 763 1740 813 in
1765 776 2022 822 sermone,

442 867 496 920 in
531 862 948 922 conversatione,
995 859 1047 912 in
1074 857 1370 919 dilectione,
1399 856 1452 908 in
1481 855 1696 923 spiritu.
1729 855 1781 907 in
1815 854 1938 922 ﬁde.
1970 855 2023 907 in

439 956 818 1014 sanctimonia.
852 953 1022 1005 Donec
1052 967 1233 1005 venero
1271 949 1482 1002 attende
1513 948 1745 1007 lectioni.
1773 948 2021 1000 exhorta-

441 1052 575 1105 tioni
606 1058 654 1103 et
687 1048 964 1102 doctrinm.
1006 1043 1088 1098 Ne
1133 1043 1418 1112 neglexeris
1445 1040 1585 1110 quod
1632 1042 1682 1092 in
1731 1049 1778 1093 te
1821 1049 1896 1092 est
1929 1038 2024 1091 do-

439 1160 589 1205 num,
621 1141 761 1212 quod
793 1141 978 1192 datum
1001 1145 1077 1190 est
1113 1134 1206 1186 tibi
1237 1149 1328 1201 per
1355 1132 1683 1202 prophetiam
1715 1147 1830 1184 cum
1861 1131 2024 1198 impo-

436 1236 622 1290 sitione
662 1247 912 1286 manuum
956 1227 1246 1281 autoritate
1292 1224 1627 1294 presbyterii.
1661 1225 1790 1277 lIn-c
1819 1237 2020 1285 exerce,

436 1333 490 1385 in
516 1329 596 1382 Itis
629 1336 759 1389 esto,
790 1335 846 1378 ut
876 1334 995 1377 tuus
1022 1321 1286 1390 profectus
1314 1318 1628 1387 manifestus
1664 1317 1728 1370 sit
1757 1315 2019 1370 omnibus.

439 1420 659 1477 Attende
687 1417 890 1488 tibiipsi
921 1424 968 1470 et
1011 1414 1292 1477 doctrinae,
1320 1412 1538 1482 persiste
1573 1411 1627 1463 in
1669 1409 1774 1464 his.
1803 1408 1946 1462 Nam
1976 1409 2023 1463 si

436 1517 490 1570 id
514 1514 721 1585 feceris,
745 1521 791 1567 et
824 1513 1048 1582 teipsum
1079 1507 1284 1562 salvum
1316 1505 1480 1574 {acies
1525 1513 1575 1557 et
1613 1520 1698 1558 eos
1726 1505 1816 1574 qui
1846 1513 1893 1558 te
1924 1519 2022 1557 att-

445 1609 660 1663 dierint.

509 1791 624 1846 Illis
656 1788 800 1842 enim
837 1786 930 1857 qui
962 1801 1024 1840 ex
1051 1781 1277 1838 scientia
1317 1785 1565 1852 peccant,
1616 1791 1738 1832 cum
1775 1773 2017 1829 auctori-

2723 481 2970 535 ΚΕΦΑΔ.
3024 481 3080 535 Θ¹

2201 575 2340 642 Περὶ
2377 573 2718 643 ἐπιμελείας
2748 574 2955 638 αὑτοῦ,
2983 576 3079 628 καὶ
3109 573 3221 644 τῆς
3255 573 3638 643 Ἐκκλησίης.

2199 667 2584 738 Παράγγελλε
2619 665 2823 729 ταῦτα,
2868 667 2964 720 καὶ
2998 665 3272 722 δίδασκε.
3315 666 3541 736 Μηδείς
3590 683 3711 722 σου

2128 764 2237 832 τῆς
2290 765 2570 829 νεότητος
2625 762 3082 831 καταφρονείτω,
3120 761 3280 816 ἀλλὰ
3302 765 3489 829 τύπος
3538 764 3712 833 γίνου

2127 855 2244 909 τῶν
2271 853 2504 908 πιστῶν
2533 853 2602 906 έν
2652 855 2834 922 λόγῳ,
2871 853 2940 906 ἐν
2973 851 3352 922 ἀναστροφῇ,
3387 855 3458 908 ἐν
3478 852 3706 923 ἀγάπῃ.

2125 947 2195 999 ἐν
2221 947 2532 1014 πνεύματι,
2573 946 2644 999 ἐν
2681 947 2901 1009 πίστει,
2935 945 3006 998 ἐν
3041 947 3270 1013 ἁγνείᾳ.
3325 946 3482 1013 Ἕως
3533 947 3712 1014 ἐρχο-

2122 1057 2224 1108 μιιι
2262 1023 2524 1108 πρόσεχε
2549 1036 2626 1107 τῇ
2677 1038 3038 1107 ἀναγνώσει,
3087 1037 3161 1106 τῇ
3191 1039 3592 1108 παρακλήσει,
3634 1036 3711 1106 τῇ

2127 1135 2504 1204 διδασκαλίᾳ.
2541 1135 2639 1202 Μὴ
2672 1135 2878 1204 ἀμέλει
2927 1133 3033 1187 τοῦ
3069 1133 3139 1186 ἐν
3171 1134 3267 1188 σοί
3314 1136 3711 1204 χαρίσματος,

2127 1227 2157 1280 ὃ
2189 1227 2365 1294 ἐδόθη
2395 1243 2490 1279 σοι
2521 1226 2619 1280 διὰ
2659 1227 3044 1296 προφητείας,
3071 1227 3222 1295 μετὰ
3245 1227 3568 1294 ἐπιθέσεως
3592 1226 3712 1281 τῶν

2126 1319 2341 1388 χειρῶν
2376 1320 2480 1373 τοῦ
2508 1319 2962 1388 πρεσϐυτερίου.
2999 1317 3190 1373 Ταῦτα
3209 1319 3453 1388 μελέτα,
3481 1319 3552 1374 ἐν
3571 1322 3709 1374 τού-

2126 1429 2252 1478 τοις
2279 1412 2426 1474 τσθι,
2457 1412 2557 1464 ἵνα
2592 1428 2708 1464 σου
2738 1412 2775 1478 ἡ
2798 1409 3075 1478 προκοπὴ
3101 1410 3327 1480 φανερὰ
3347 1405 3388 1482 ᾖ
3405 1412 3474 1464 ἐν
3495 1410 3707 1466 πᾶσιν.

2130 1503 2355 1572 Ἔπεχε
2389 1501 2626 1567 σεαυτῷ
2657 1502 2757 1555 καί
2785 1499 2858 1568 τῇ
2903 1500 3288 1569 διδασκαλίᾳ,
3322 1500 3567 1571 ἐπίμενε
3605 1503 3714 1556 αὐ·

2124 1594 2271 1660 τοῖς.
2313 1595 2492 1650 Τοῦτο
2526 1595 2636 1665 γὰρ
2661 1593 2870 1661 ποιῶν,
2902 1594 3000 1647 καί
3033 1594 3297 1648 σεαυτὸν
3327 1594 3571 1663 σώσεις,
3608 1595 3710 1650 καί
3751 1623 3761 1630 -

2126 1687 2269 1752 τοὺς
2301 1686 2636 1753 ἀκούοντάς
2686 1701 2824 1742 σου.

2214 1781 2336 1832 Ἐπὶ
2389 1779 2488 1850 μὲν
2517 1779 2625 1833 τῶν
2671 1779 2730 1832 έν
2767 1777 2967 1848 γνώσει
3004 1779 3448 1852 ἁμαρτανόντων,
3490 1797 3712 1852 παραγ-

440 1894 546 1939 tata
580 1883 876 1955 praecipere
909 1887 1125 1950 oportet
1162 1892 1174 1926 :
1207 1889 1302 1929 eos
1331 1881 1513 1927 autem
1546 1870 1636 1940 qui
1663 1885 1729 1924 ex
1764 1869 2022 1936 ignoran-

2131 1873 2339 1942 γέλλειν
2358 1873 2496 1944 μετὰ
2525 1872 2816 1937 αύθεντίας
2845 1873 3022 1945 χρεία·
3057 1874 3150 1928 ἐπὶ
3174 1873 3230 1928 δὲ
3279 1873 3388 1927 τῶν
3410 1876 3466 1927 ὲν
3492 1875 3711 1945 ἀγνοίᾳ,

439 1980 534 2043 tia,
568 1978 787 2032 docere.
816 1973 882 2027 Et
907 1980 965 2026 ut
997 1987 1108 2026 uno
1126 1969 1292 2024 verbo
1319 1968 1566 2036 eloquar,
1593 1964 1682 2033 qui
1707 1962 2026 2017 adhortatur

437 2071 503 2126 a-l
531 2071 701 2133 bona,
751 2067 909 2122 docet
945 2082 958 2118 :
993 2063 1084 2134 qui
1125 2070 1302 2115 autem
1341 2057 1591 2128 prohibet
1615 2055 1840 2115 malum,
1886 2065 2027 2122 prte-

438 2160 863 2234 eiperedicitur.
896 2176 914 2209 ι
955 2153 1493 2223 Nemojuventutem
1525 2158 1694 2203 tuam.
1738 2163 1756 2197 ›
1798 2142 2026 2213 Oportet

437 2259 582 2312 enim
623 2268 820 2324 magna
851 2264 976 2306 cum
1008 2246 1334 2303 auctoritate
1365 2242 1640 2298 disserere
1679 2237 2021 2308 episcopum.

435 2348 615 2405 Etubi
648 2362 778 2416 ergo
812 2352 894 2400 est
924 2341 1058 2398 illud
1092 2339 1234 2412 quod
1268 2338 1508 2393 dicitur:
1544 2334 1808 2388 Modestia
1841 2339 2023 2387 vestra

439 2452 566 2500 nota
596 2442 666 2496 sit
687 2438 944 2493 omnibus
979 2434 1293 2491 hominibus
1327 2431 1449 2485 '7?»
1491 2429 1555 2482 Et
1583 2429 1842 2491 dicimus,
1877 2425 2023 2496 quod

436 2537 583 2592 inter
609 2547 705 2588 eos
738 2546 765 2584 a
815 2529 1017 2599 quibus
1050 2527 1168 2597 ipse
1192 2523 1394 2594 injuria
1438 2521 1693 2584 adicitur,
1724 2519 1876 2572 mitis
1901 2532 2023 2573 esse

441 2627 646 2684 debet:
681 2623 828 2678 inter
853 2619 1003 2688 ,illos
1054 2631 1186 2672 vero
1227 2631 1324 2686 per
1353 2629 1494 2684 quos
1534 2612 1736 2667 fratres
1774 2617 2024 2666 errantes

443 2715 818 2775 oﬂ‘enduntur,
843 2707 1230 2766 austeras—.4
1243 2716 1299 2759 ιιι
1323 2707 1418 2758 hoc
1447 2703 1618 2757 modo.
1636 2702 1689 2756 Si
1705 2701 2025 2756 decentissi-

440 2827 586 2866 tnam
608 2805 982 2876 degasvitam,
1005 2817 1111 2856 non
1135 2797 1468 2868 despicietur
1489 2795 1752 2865 juwntus
1783 2810 1901 2862 quae
1939 2794 2019 2846 fa-

442 2897 849 2968 ciledespectui
873 2909 994 2950 esse
1017 2893 1174 2949 solet.
1195 2887 1360 2961 23h.
1377 2886 1515 2942 «Sed
1542 2897 1660 2940 esto
1689 2885 1861 2939 forma
1881 2884 2021 2940 tide-

441 2995 628 3051 liunm
647 2991 930 3061 Tanquam
951 2988 1068 3041 viva
1096 2986 1296 3054 imago,
1319 2991 1371 3037 et
1389 2981 1572 3052 regula
1592 2980 1764 3034 beatae
1778 2980 1916 3032 vitze.
1933 2977 2017 3030 «In

443 3099 720 3142 sermone.
736 3077 1062 3149 :Loquendo
1080 3091 1198 3146 qute
1213 3079 1601 3145 praeceptorem
1620 3070 1763 3140 loqui
1779 3077 2016 3139 oportet.

444 3176 581 3233 Vide
606 3183 786 3230 autem
816 3171 944 3244 quia
967 3170 1247 3224 doctorem
1290 3165 1490 3220 habere
1523 3171 1774 3233 oporteat
1797 3160 2016 3216 dicendi

444 3271 783 3328 facultatem.
821 3265 906 3320 du
937 3261 1408 3320 conversatione.»
1439 3260 1496 3313 In
1515 3259 1622 3313 vita
1649 3263 1702 3312 et
1722 3264 2019 3312 consuetu—

446 3366 576 3422 dine
598 3358 837 3417 vivendi.
869 3377 886 3408 ι
922 3357 977 3411 1η
1005 3354 1331 3410 dilectione:
1363 3371 1380 3404 ι
1399 3367 1516 3422 quae
1541 3366 1669 3421 erga
1703 3365 1895 3404 omnes
1919 3359 2020 3404 est.

455 3454 544 3512 du
564 3453 759 3524 spiritu
786 3468 831 3504 ι»
854 3456 949 3503 aut
969 3446 1240 3518 spirituali
1267 3444 1479 3510 ordine,
1499 3450 1592 3497 aut
1612 3445 1664 3496 in
1697 3443 1841 3497 dono
1864 3442 2026 3513 spiri-

448 3560 561 3615 tus,
583 3561 650 3602 ne
684 3547 738 3599 in
759 3545 862 3600 hoc
891 3541 1194 3596 extollaris.
1226 3537 1312 3592 «in
1337 3536 1441 3591 fide
1470 3553 1484 3590 :
1511 3555 1529 3588 ι
1566 3543 1737 3599 recta,
1767 3549 1872 3606 qua
1900 3535 2024 3604 quis

450 3641 562 3698 Deo
590 3637 964 3694 indubitanter
987 3633 1210 3698 credat,‘
1234 3631 1398 3687 etiam
1445 3631 1510 3686 de
1565 3629 2021 3699 impossibilibus.

457 3754 474 3786 ι
504 3735 566 3790 In
604 3727 968 3788 sanctimonia
1000 3743 1016 3783 :
1057 3744 1076 3778 »
1110 3725 1216 3779 hoc
1247 3731 1353 3786 est,
1391 3724 1650 3794 puritate,
1682 3721 2022 3792 virginitate,

445 3817 866 3889 temperantia.»
903 3816 1084 3870 Donec
1111 3828 1312 3869 venero
1339 3811 1556 3868 attende
1583 3809 2016 3866 lectioni.tVeri-

453 3917 632 3973 simile
674 3921 930 3981 eratque
963 3911 1078 3980 ipse
1107 3917 1362 3978 tanquam
1413 3906 1584 3962 Paulo
1615 3905 1860 3967 orbatus,
1899 3919 2022 3958 eum

453 4014 686 4078 optaret.
718 4001 982 4056 Bifariam
1013 4001 1197 4069 itaque
1248 3999 1570 4054 consolatur
1609 3997 1783 4057 illum,
1809 4005 1861 4051 et
1895 4010 2026 4066 pro-

454 4096 714 4152 missione
737 4095 819 4150 sui
850 4091 1138 4156 adventus,
1169 4089 1610 4144 etc0nsolatione
1646 4103 1672 4139 a
1701 4086 2022 4156 Scripturis.

450 4186 838 4243 Animadverte
879 4192 1099 4248 autem,
1148 4181 1194 4237 si
1255 4180 1541 4234 Timotheo
1594 4186 1652 4232 ut
1698 4178 1840 4247 legat
1888 4191 2022 4245 prte-

449 4281 698 4353 cipitur,
757 4275 904 4348 quod
967 4290 1068 4329 nos
1131 4272 1312 4326 facere
1378 4277 1614 4342 oportet.
1677 4285 1696 4319 ι
1766 4267 2027 4320 Exhorta-

452 4367 642 4424 tioni:
689 4385 710 4418 ι
774 4363 840 4417 ad
890 4363 1172 4432 populum.
1229 4379 1247 4411 ι
1287 4358 1367 4414 Ne
1417 4357 1724 4426 neglexeris
1782 4357 1927 4427 quod
1968 4357 2024 4412 in

450 4463 504 4510 te
547 4465 630 4509 est
663 4453 892 4507 donum.
927 4469 946 4502 ι
1000 4449 1114 4504 Hoc
1160 4455 1266 4510 est,
1300 4447 1608 4502 doctrinam
1640 4456 1730 4500 aut
1781 4446 2025 4516 episcopi

2129 1965 2422 2032 διδάσκειν,
2485 1965 2585 2020 καὶ
2622 1966 2828 2029 ἁπλῶς.
2895 1965 2952 2019 '0
2989 1967 3090 2037 μὲν
3121 1967 3216 2020 ἐπὶ
3252 1967 3436 2036 ἀγαθὰ
3469 1968 3712 2039 προτρέ-

2131 2075 2272 2125 πων,
2325 2057 2588 2112 διδάσκειο
2648 2057 2677 2111 δ
2723 2056 2780 2110 δὲ
2829 2057 3002 2112 κακοῦ
3035 2057 3283 2120 κωλύων,
3313 2058 3710 2128 παραγγέλλει.

2135 2149 2372 2222 «Μηδείς
2410 2166 2502 2203 σου
2530 2149 2633 2220 τῆς
2659 2148 2964 2221 νεότητος.»
3005 2150 3098 2203 Δεῖ
3121 2149 3229 2220 γὰρ
3253 2151 3346 2203 καὶ
3374 2149 3711 2203 αὑθεντικώ-

2127 2265 2290 2320 τερον
2315 2247 2662 2316 διαλέγεσθαι
2693 2246 2785 2300 τὸν
2808 2247 3132 2300 ἐπίσκοπον.
3159 2247 3266 2299 Ποῦ
3296 2241 3410 2312 οὖν,
3443 2266 3462 2298 ι
3490 2246 3563 2299 Τὸ
3590 2248 3714 2300 ἑπι-

2129 2339 2276 2404 εικὲς
2333 2339 2488 2408 ὑμῶν
2549 2337 2847 2407 γνωσθήτω
2911 2337 3076 2390 πᾶσιν
3143 2336 3557 2407 ἀνθρώποιςς»
3597 2336 3712 2390 Καί

2129 2450 2334 2504 φαμεν,
2377 2434 2458 2486 ὅτι
2508 2433 2565 2485 ὲν
2601 2431 2699 2501 μὲν
2729 2425 2809 2494 οἷς
2841 2429 3002 2493 αὐτὸς
3036 2429 3322 2496 ἀδικεῖται,
3355 2432 3530 2501 πρᾶος
3567 2425 3712 2483 εἶναι

2126 2527 2352 2596 ὀφείλει·
2390 2527 2448 2578 ὲν
2487 2521 2566 2588 οἷς
2598 2523 2654 2576 δὲ
2680 2525 2728 2577 οἱ
2758 2521 2978 2592 ἀδελφοὶ
3005 2521 3412 2592 ἁμαρτάνοντες
3451 2519 3710 2574 ἀδικοῦν-

2125 2639 2248 2684 ται,
2302 2617 2596 2690 αὐστηρός.
2638 2647 2709 2656 —
2740 2617 2814 2670 ’Ἡ
2847 2607 3056 2679 οὕτως.
3133 2613 3260 2664 Ἐὰν
3324 2610 3710 2681 κοσμιώτατον

2125 2714 2313 2776 ἀσκεῖς
2351 2711 2487 2782 βίον,
2527 2710 2588 2763 οὐ
2629 2705 3184 2778 καταφρονηθήσεται
3220 2706 3254 2775 ἡ
3294 2705 3507 2776 νεότης,
3544 2704 3710 2774 φύσει

2123 2805 2183 2858 τδ
2216 2802 2686 2872 εὐκαταφρόνητον
2713 2802 2934 2872 ἔχουσα.
2969 2819 2989 2852 ι
3013 2799 3172 2854 Ἀλλὰ
3206 2797 3375 2861 τύπος
3402 2797 3553 2866 γίνου
3595 2797 3711 2850 τῶν

2124 2898 2384 2951 πιστῶν.»
2430 2896 2639 2965 ’Ὠσπερ
2676 2891 2840 2947 εἰκὼν
2866 2893 3146 2962 ἔμψυχοςρ
3165 2893 3258 2944 καὶ
3289 2891 3414 2962 ὄρος
3445 2891 3706 2955 εὐζωῖας.

2131 2991 2248 3043 ιἘν
2279 2989 2476 3058 λόγῳ,ι
2511 2986 2698 3058 φησιν,
2731 2988 2789 3038 ἐν
2811 2984 2888 3054 τῷ
2915 2983 3120 3048 λαλεῖν,
3153 2982 3188 3037 ἃ
3227 2983 3310 3036 δεῖ
3353 2981 3702 3036 διδάσκαλον.

2126 3084 2270 3154 Ὅρα
2295 3085 2372 3144 δὲ,
2406 3084 2487 3136 ὅτι
2522 3081 2601 3134 δεῖ
2639 3081 2726 3134 τον
2761 3077 3104 3141 διδάσκαλον,
3152 3077 3512 3149 παρασκευὴν
3559 3076 3714 3147 ἔχειν

2124 3173 2308 3240 λόγου.
2373 3171 2504 3224 «Ἐν
2544 3171 2883 3241 ἀναστροφῇ.
2911 3188 2930 3220 »
2983 3164 3108 3222 Οἷον
3149 3168 3248 3238 βίῳ
3289 3169 3380 3220 καὶ
3431 3166 3707 3237 πολιτείᾳ.

2136 3267 2255 3318 «Ἐν
2286 3263 2529 3336 ἀγάπῃ.)
2565 3265 2643 3334 Τῇ
2675 3263 2808 3333 πρὸς
2835 3262 3064 3324 πάντας.
3103 3260 3220 3314 «Ἐν
3248 3259 3575 3330 πνεύματι.»
3634 3257 3707 3312 Ἦ

2127 3363 2194 3431 τῇ
2233 3360 2575 3428 πνευματικῇ
2629 3355 2986 3420 καταστάσει,
3034 3353 3066 3425 ἢ
3116 3354 3174 3408 ὲν
3239 3351 3316 3423 τῷ
3378 3350 3707 3423 χαρίσματι,

2127 3454 2267 3506 ὥστε
2305 3452 2378 3522 μὴ
2423 3449 2748 3521 ἐπαίρεσθαι
2801 3447 2895 3500 ἐπὶ
2939 3445 3137 3516 τούτῳ.
3178 3444 3297 3498 (Ἐν
3344 3445 3580 3497 πίστει.»
3623 3443 3705 3515 Τῇ

2125 3542 2282 3614 ὀρθῇ,
2309 3541 2340 3611 ἦ
2368 3541 2460 3592 καὶ
2488 3542 2550 3610 τῇ
2583 3539 2912 3608 ἁδιστάκτῳ.
2942 3537 3070 3590 ὅταν
3097 3553 3183 3600 τις
3202 3534 3433 3607 πιστεύῃ
3459 3534 3536 3604 τῷ
3559 3535 3704 3605 Θεῷ,

2127 3637 2224 3691 καὶ
2282 3636 2406 3705 περὶ
2452 3634 2561 3686 τῶν
2607 3633 2905 3686 ἀδυνάτων.
2949 3631 3070 3684 ιἘν
3123 3629 3384 3700 ἁγνείᾳ»,
3432 3627 3704 3690 τουτέστι,

2126 3729 2490 3799 καθαρότητι,
2541 3724 2832 3796 παρθενίᾳ,
2868 3720 3214 3792 σωφροσύνῃ.
3271 3720 3444 3784 «Ἕως
3470 3719 3706 3790 ἔρχομαι

2129 3822 2366 3889 πρόσεχε
2409 3820 2474 3888 τῇ
2539 3815 2866 3884 ἀναγνώσει.
2893 3833 2911 3866 »
2971 3813 3133 3877 Εἰκὸς
3171 3809 3237 3883 ἦν
3265 3811 3424 3866 αὑτὸν
3457 3811 3708 3879 ἀπορφα·

2125 3911 2378 3966 νισθέντα
2421 3907 2514 3962 τοῦ
2556 3907 2811 3970 Παύλου,
2875 3905 3058 3976 ζητεῖν
3112 3903 3292 3960 αὐτόν.
3346 3900 3554 3964 Δισσῶς
3612 3899 3710 3955 οὖν

2127 4004 2289 4060 αὐτὸν
2331 4001 2759 4073 παραμυθεῖται,
2791 4002 2856 4070 τῇ
2898 4016 2958 4052 τε
2983 4001 3079 4068 τῆς
3109 3995 3345 4067 ἀφίξεως
3376 3992 3706 4064 ἐπαγγελίᾳ,

2127 4097 2221 4152 καὶ
2255 4097 2320 4166 τῇ
2365 4097 2432 4148 ὲκ
2464 4092 2574 4146 τῶν
2618 4092 2850 4163 Γραφῶν
2879 4089 3223 4162 παραμυθίᾳ.
3257 4089 3400 4159 Ὅρα
3425 4087 3500 4153 δὲ,
3530 4087 3580 4139 εί
3615 4087 3710 4138 Τι-

2131 4187 2327 4259 μόθεος
2376 4183 2774 4253 ἀναγινώσκειν
2829 4183 3224 4244 ὲπιτάσσεται,
3283 4179 3335 4233 τί
3384 4177 3466 4230 δεῖ
3530 4180 3707 4229 ποιεῖν

2125 4281 2312 4352 ὴμᾶς;
2351 4296 2370 4331 ι
2398 4280 2474 4348 Τῇ
2515 4275 2888 4346 παρακλήσει.
2919 4293 2936 4325 »
2975 4273 3054 4344 Τῇ
3092 4273 3226 4345 πρὸς
3253 4271 3344 4325 τὸν
3373 4271 3518 4326 λαόν.
3560 4290 3579 4323 ‹
3612 4270 3705 4342 Μὴ

2128 4371 2322 4441 ἀμέλει.
2370 4369 2466 4422 τοῦ
2503 4371 2560 4422 ὲν
2605 4367 2686 4420 σοὶ
2719 4367 3079 4437 χαρίσματος,
3111 4384 3128 4416 ι
3174 4364 3460 4427 τουτέστι,
3495 4364 3594 4432 τῆς
3621 4365 3704 4414 δι-

2127 4462 2442 4526 δασκαλίας,
2481 4461 2509 4532 ἢ
2559 4460 2656 4530 τῆς
2703 4458 3030 4528 ἐπισκοπῆς.
3088 4456 3264 4529 Χάρις
3315 4456 3420 4528 γὰρ
3453 4454 3608 4516 Θεοῦ,
3644 4455 3705 4506 τὸ

451 4558 674 4599 munus.
713 4541 844 4594 Nam
871 4541 1044 4610 gratia
1100 4537 1194 4592 Dei
1224 4545 1366 4602 erat,
1403 4553 1509 4608 qua
1533 4536 1753 4605 juvenis
1791 4537 2022 4590 meruis-

2134 4554 2366 4625 ποιμένα
2423 4546 2716 4624 εὑρεθῆναι
2772 4552 2864 4604 τὸν
2918 4552 3059 4603 νέον.
3130 4571 3148 4602 ι
3177 4551 3242 4602 ’0
3286 4548 3442 4617 ἐδόθη
3486 4564 3568 4600 σοι
3613 4547 3704 4600 διὰ

451 4643 535 4692 set
559 4646 748 4704 pastor
773 4631 910 4687 ﬁeri.
952 4649 971 4682 ι
1013 4629 1168 4697 Quod
1191 4631 1378 4684 datum
1411 4637 1494 4684 est
1527 4629 1623 4681 tibi
1668 4644 1763 4697 per
1799 4629 2022 4697 prophe:

2131 4645 2524 4718 προφητείας.»
2555 4642 2876 4713 Πνεύματος
2903 4645 3010 4712 γὰρ
3056 4640 3349 4711 προστάξει
3383 4640 3628 4708 ἑγίνοντο
3659 4641 3708 4692 οἱ

450 4728 604 4781 tiam.
637 4744 655 4776 »
683 4721 849 4778 Jussu
886 4737 1123 4791 namque
1169 4721 1396 4790 spiritus
1439 4721 1565 4775 lacti
1591 4729 1720 4774 sunt
1763 4720 2022 4790 episc0pi,

2131 4739 2443 4803 ἐπίσκοποι,
2500 4738 2596 4790 καὶ
2634 4737 2694 4788 οὐ
2733 4734 2920 4806 χύδην.
2953 4733 3298 4803 Προφητείας
3331 4731 3388 4784 δὲ
3416 4727 3580 4796 εἶδος,
3615 4730 3711 4783 καὶ

451 4829 506 4875 et
545 4833 654 4872 non
687 4816 910 4888 passim.
969 4815 1066 4869 Est
1095 4821 1275 4869 autem
1333 4812 1630 4882 prephetite
1679 4828 1852 4884 genus
1891 4828 2030 4882 prae-
2125 4831 2273 4884 τδτλ
2295 4828 2567 4882 ἐνεστῶτα
2589 4827 2792 4895 λέγειν,
2824 4827 2900 4890 ὡς
2923 4828 3057 4880 ἐκεῖ.
3096 4844 3114 4877 ε
3138 4823 3466 4894 Ἄφορισατέ
3492 4839 3585 4889 μοι
3619 4821 3710 4875 τὸν

453 4911 632 4968 sentia
667 4923 886 4980 quoque
915 4907 1144 4973 dicere;
1172 4915 1230 4960 ut
1269 4920 1394 4960 cum
1428 4904 1648 4960 dicitur.
1681 4923 1698 4956 ι
1739 4901 2022 4975 Segregate

2131 4922 2418 4994 Βαρνάϐαν
2445 4923 2538 4976 καλ⁸
2560 4922 2651 4975 τὸν
2676 4919 2896 4974 Σαῦλον.
2923 4937 3019 4971 »-
3043 4938 3061 4970 ι
3093 4918 3215 4970 Τῶν
3243 4916 3442 4987 χειρῶν
3460 4915 3554 4968 τοῦ
3572 4930 3710 4985 πρε-

456 5006 590 5062 mibi
626 5004 930 5060 Barnabam
960 5011 1014 5056 et
1049 5001 1273 5058 Saulum
1306 5002 1370 5055 ⁸⁸.
1406 5020 1424 5053 »
1465 5020 1482 5052 ι
1505 5000 1640 5056 Cum
1679 5001 2022 5071 impositione

2137 5016 2444 5086 οϐυτερίου.
2474 5033 2491 5066 »
2524 5013 2936 5084 Πρεσσυτέρους
2976 5012 3100 5074 τοὺς
3152 5009 3485 5067 ἐπισκόπους
3515 5005 3706 5078 φησίν.

453 5113 716 5154 manuum
741 5097 1069 5152 auctoritate
1092 5095 1437 5166 presbyterii.
1477 5113 1496 5146 »
1526 5094 1878 5162 Presbyter-os
1895 5094 2022 5149 dicit

2136 5111 2210 5164 Οὐ
2241 5111 2349 5180 γὰρ
2386 5109 2450 5161 ἂν
2495 5108 2544 5160 ei
2595 5105 2955 5176 πρεσϐύτεροι
3008 5103 3422 5174 ἐχειροτόνησαν
3460 5101 3551 5153 τὸν
3586 5099 3708 5152 ἐπί-

452 5192 743 5263 θβίεοοροε
781 5206 797 5244 ³
834 5188 1174 5257 nequeenim
1199 5185 1500 5256 Ρτθδδῖιθτί
1541 5188 1854 5254 ερίεεορυιιι
1883 5187 2033 5239 οτάί·
2136 5217 2358 5254 σκοπον.
2398 5198 2615 5250 ιΤ;ὖτα
2656 5196 2903 5266 μελέτα.»
2950 5196 3118 5261 Ποῖα;
3171 5195 3233 5246 "A
3261 5188 3416 5245 εἶπεν
3443 5190 3576 5245 ἄνω.
3618 5189 3709 5243 Ἐν

455 5284 680 5340 nabant.
712 5301 731 5334 ι
779 5280 905 5336 Haec
955 5295 1168 5336 exerce.
1203 5297 1224 5333 »
1264 5278 1567 5344 Quaenam?
1593 5279 1667 5333 Ea
1709 5295 1831 5349 qua:
1873 5293 2022 5348 supe-

2131 5293 2295 5362 λόγῳ,
2333 5291 2602 5360 tanaim,“
2643 5291 2981 5362 ἀναστροφῇ,
3027 5289 3086 5342 ἐν
3142 5289 3343 5350 πίστει,
3396 5288 3454 5338 έν
3491 5283 3704 5353 ἁγνείᾳ.

455 5377 572 5432 rius
610 5374 768 5430 dixit.
796 5373 851 5428 In
889 5388 1164 5434 sermone,
1197 5374 1395 5444 inquit,
1430 5373 1484 5427 in
1509 5371 1950 5436 conversatione,
1976 5373 2022 5426 in

2137 5385 2234 5438 Ἐκ
2265 5383 2320 5436 δὲ
2354 5383 2448 5436 τοῦ
2493 5382 2753 5446 πολλάκις
2785 5381 2852 5436 τὰ
2896 5380 3033 5434 αὐτὰ
3081 5379 3430 5449 παρεγγυᾷν,
3465 5377 3708 5430 δείκνυσι

459 5470 583 5534 ﬁde,
613 5468 669 5522 in
696 5467 1082 5523 sanctimonia.
1121 5467 1195 5521 Ex
1233 5483 1296 5521 eo
1317 5478 1497 5521 autem
1531 5467 1676 5536 quod
1713 5467 2022 5534 frequenter

2135 5476 2226 5530 τὸν
2261 5477 2558 5530 ἐπίσκοπον
2590 5475 2700 5529 δεῖν
2741 5475 3147 5545 ἀναντιρῤήτως
3178 5471 3352 5524 ταῦτα
3391 5468 3706 5538 φυλάττειν.

455 5557 646 5613 eadem
673 5556 846 5626 jubet,
877 5556 1117 5612 ostendit
1153 5560 1468 5627 episcopum
1499 5558 1700 5611 debere
1730 5558 1844 5611 haec
1870 5556 2026 5610 indu-

459 5654 701 5710 bitanter
732 5651 1050 5708 observare.
1098 5670 1116 5705 ι
1149 5649 1470 5708 Manifestus
1511 5653 1583 5708 sit
1615 5652 1668 5706 in
1692 5652 1968 5710 omnibus.
2002 5673 2021 5707 »

571 5834 617 5868 ⁸⁷
652 5833 890 5906 Philipp.
924 5851 999 5903 tv,
1046 5835 1098 5892 5.
1176 5833 1221 5868 ³⁸
1251 5836 1374 5890 Act.
1409 5849 1527 5899 xm,
1579 5834 1631 5886 '2.

2142 5570 2397 5640 ιΦανερὰ
2499 5571 2558 5622 ὲν
2608 5569 2839 5621 πᾶσιν.»
2896 5565 2959 5619 El
2993 5565 3049 5618 δὲ
3107 5563 3182 5635 μὴ
3237 5563 3460 5632 γένηται
3503 5561 3709 5642 σφόδρα

2138 5661 2369 5734 μεγάλη,
2400 5661 2496 5713 οὐκ
2521 5657 2586 5713 ἂν
2613 5659 2838 5729 γένηται
2872 5657 3205 5726 καταφανής.
3255 5653 3346 5708 Ἐν
3388 5652 3520 5706 πᾶσι
3557 5649 3638 5716 δὲ,
3679 5641 3712 5711 ἢ
