3988 6582
335 371 438 437 173

1305 369 1695 436 COMMENT.
1723 369 1806 431 IN
1833 368 2072 432 EPIST.
2115 369 2142 428 Ῑ
2167 367 2264 428 ΑΙ)
2291 366 2606 430 ΤΙΜΟἸἩ.

3487 365 3589 434 ιτι

314 486 643 560 ἆνθρὼποις,
677 488 711 560 ἢ
746 488 1095 562 πράγμασιν.
1140 489 1377 561 «Ἐπεχε
1428 486 1664 558 σεαυτῷ.
1690 505 1710 540 s
1745 479 1893 550 Οἷον,

2006 483 2157 551 Quod
2190 484 2236 540 si
2269 499 2377 540 non
2406 485 2570 540 luerit
2591 482 2945 543 vehementer
2968 499 3584 560 magnus,nequaquam

316 580 581 653 Πρόσεχε,
617 584 712 637 καὶ
759 581 833 654 μὴ
870 584 1028 652 μόνον
1064 583 1270 653 σαυτῷ,
1321 582 1457 636 ἀλλὰ
1505 581 1599 635 καὶ
1638 583 1706 652 τῇ
1745 579 1895 634 διδα-

317 674 538 746 σκαλίᾳ,
572 675 658 728 ἵνα
681 677 772 730 καὶ
805 676 998 740 ἄλλους
1021 677 1328 749 ὠφελήσῃς.
1362 671 1495 730 Εἶτα
1525 675 1620 729 καὶ
1649 675 1710 727 τὸ
1743 673 1897 728 ἀνέν-

310 761 462 817 δοτον
479 767 830 834 παρεγγυῶν,
849 768 1033 838 φησὶν,
1060 786 1077 819 ι
1102 767 1354 836 Ἑπίμενε
1372 767 1577 829 αὐτοῖς.
1596 764 1768 818 Τοῦτο
1787 767 1895 836 γὰρ

311 857 484 911 ποιῶν
525 859 618 911 καὶ
669 860 898 913 σεαυτὸν
936 860 1152 922 σώσεις.
1181 878 1199 912 ι
1251 860 1341 914 Ἐν
1375 859 1481 929 γὰρ
1500 857 1578 930 τῷ
1611 860 1896 929 παραινεῖν

309 948 542 1016 ἑτέροις,
603 952 699 1005 καὶ
744 955 772 1006 ό
822 954 1102 1023 παραινῶν
1153 954 1546 1007 κατανύττεται
1605 953 1699 1006 καὶ
1755 951 1897 1020 ὡφε-

312 1039 513 1106 λεῖται,
576 1043 848 1115 ἐρυθριῶν
894 1045 1193 1109 ὑπεύθυνος
1253 1045 1528 1114 γενέσθαι,
1579 1039 1654 1099 ὧν
1704 1043 1896 1107 ἄλλους

310 1133 637 1207 ἀποτρέπει.

935 1339 1191 1396 ΚΕΦΑΛ.
1241 1340 1298 1398 I'.

377 1447 526 1516 Περί
549 1446 656 1506 τοῦ
690 1450 1060 1522 ἁρμοζόντως
1089 1453 1328 1520 ἑκάστῳ
1353 1454 1819 1524 προσφέρεσθαι.

375 1543 772 1612 Πρεσσυτέρῳ
820 1545 905 1614 μὴ
951 1546 1318 1616 ἐπιπλήξῃς,
1359 1547 1523 1602 ἀλλὰ
1561 1549 1898 1617 παρακάλει

304 1632 391 1700 ὡς
445 1634 693 1703 πατέρα,
731 1637 1059 1706 νεωτέρους
1089 1639 1169 1705 ὠς
1199 1639 1523 1708 ἀδελφούς.
1560 1640 1897 1710 Πρεσϐυτέ-

297 1740 424 1792 ρας
461 1727 544 1791 ὡς
563 1727 850 1798 μητέρας,
887 1730 1180 1800 νεωτέρας
1209 1731 1289 1799 ὠς
1312 1731 1603 1804 ἀδελφὰς,
1631 1735 1702 1789 ἐν
1727 1733 1897 1808 πάσῃ

201 1855 208 1860 .
303 1814 542 1886 ἁγνείᾳ.

2004 577 2118 632 ﬁeri
2138 585 2313 646 potest
2330 577 2740 634 manifestus.ln
2757 578 3016 635 omnibus
3028 581 3109 636 vel
3125 581 3311 637 rebus.
3323 600 3342 634 ι
3357 581 3590 638 Attende

2004 666 2212 736 tibiipsi
2244 677 2298 722 et
2352 668 2635 724 doctrinm.
2667 688 2686 721 ι
2737 669 2852 725 Hoc
2878 679 2984 734 est,
3016 673 3238 730 intende
3271 681 3326 729 et
3345 673 3588 730 animum

2005 760 2225 827 adhibe,
2255 776 2363 815 non
2415 762 2622 832 tibiipsi
2661 763 2862 828 solum,
2884 763 2980 820 sed
3001 774 3054 820 et
3077 764 3363 831 doctrinae,
3385 776 3444 822 ut
3465 768 3589 822 aliis

2004 867 2225 922 quoque
2272 854 2474 923 prosis.
2529 854 2735 911 Deinde
2778 865 3039 912 accurate
3081 859 3404 928 praecipiens
3459 861 3588 914 ait;

2011 964 2030 998 ι
2057 944 2298 1002 Pcrsiste
2318 947 2370 1000 in
2393 949 2497 1004 his.
2518 947 2652 1003 Nam
2673 950 2718 1005 si
2736 949 2788 1004 id
2803 951 3022 1017 feceris,
3045 960 3100 1007 et
3116 954 3349 1023 teipsum
3373 955 3586 1010 salvum

2003 1037 2190 1093 facies.
2221 1056 2240 1090 ι
2266 1037 2544 1109 Siquidem
2563 1041 2700 1096 alios
2717 1042 3086 1109 adhortando,
3111 1045 3274 1100 etiam
3301 1045 3349 1100 is
3382 1047 3474 1117 qui
3494 1049 3589 1102 ad-

2002 1128 2374 1185 hortationem
2394 1131 2546 1198 facit,
2569 1134 2961 1204 compungitur
2981 1137 3340 1192 etutilitatem
3363 1138 3588 1210 accipit,

2002 1223 2341 1279 erubescens
2367 1223 2422 1279 in
2458 1225 2543 1280 his
2567 1225 2684 1279 ﬁeri
2710 1227 3058 1294 obnoxius,a
3097 1231 3300 1302 quibus
3327 1232 3587 1290 deterret.

2535 1334 2696 1406 235
2735 1334 2963 1393 CAPUT
2992 1337 3059 1392 x.

2291 1442 2362 1496 Ut
2388 1460 2440 1497 se
2471 1445 2751 1515 unicuique
2778 1457 2897 1517 apte
2926 1450 3304 1506 accommodet.

2076 1535 2142 1599 V,
2169 1535 2219 1602 1,
2238 1535 2298 1590 2.
2317 1536 2589 1592 Seniorem
2607 1557 2670 1593 ne
2697 1543 2888 1596 uerius
2905 1543 3167 1614 objurges,
3192 1547 3284 1601 sed
3301 1547 3590 1606 adhortare

2005 1639 2061 1681 ut
2078 1638 2306 1696 patrem,
2318 1631 2563 1698 juniores
2584 1642 2640 1685 ut
2657 1633 2873 1701 fratres,
2898 1636 3142 1691 mulieres
3166 1648 3295 1693 natu
3323 1641 3587 1710 grandio-

2005 1737 2086 1777 res
2117 1732 2174 1776 ιιι
2203 1733 2423 1791 matres,
2461 1724 2708 1794 juniores
2738 1737 2795 1781 ut
2824 1745 3032 1785 sorores
3068 1745 3186 1785 cum
3231 1734 3375 1788 omni
3417 1736 3584 1790 casti-

2007 1823 2133 1870 tate.

381 1907 464 1961 Οὐ
516 1907 580 1962 τὸ
625 1911 870 1984 ἀξίωμα,
900 1914 1086 1986 φησιν,
1138 1914 1274 1971 ἀλλὰ
1321 1917 1499 1973 πάντα
1526 1919 1897 1991 γεγηρακότα.

2073 1909 2198 1964 Non
2253 1925 2456 1966 novum
2509 1913 2730 1985 aliquod
2784 1917 2955 1973 tradit
3008 1917 3435 1992 documentum,
3490 1924 3587 1980 sed

307 1997 377 2053 Τί
417 1994 513 2054 οὖν
542 2020 744 2073 φησιν;
787 2006 886 2060 Ἂν
923 2008 1110 2078 δέηται
1144 2009 1505 2081 διορθώσεως,
1527 2011 1603 2076 ὡς
1631 2013 1697 2066 ἂν
1733 2013 1901 2085 πατρὶ

308 2093 735 2166 προσενέχθητι,
789 2099 929 2166 μετὰ
983 2103 1315 2172 προσηνείας
1357 2103 1646 2159 διδάσκων.
1680 2103 1898 2176 Ἐπειδὴ

307 2183 426 2252 γὰρ
487 2187 747 2256 φορτικὸν
793 2191 826 2260 ἡ
881 2190 1196 2261 ὲπίπληξις,
1254 2194 1492 2263 μάλιστα
1536 2197 1568 2263 ἡ
1630 2196 1725 2249 τοῦ
1777 2197 1897 2250 νέου

309 2275 453 2342 πρὸς
485 2281 863 2348 γεγηρακότα,
896 2286 961 2353 τῇ
987 2286 1260 2357 ἐπιεικείᾳ
1287 2287 1652 2356 ὑποτέμνεται
1677 2289 1739 2342 τὸ
1769 2306 1903 2361 φορ-

309 2365 486 2420 τικόν.
533 2386 552 2420 ι
588 2369 909 2442 Νεωτέρους
945 2373 1021 2438 ὼς
1043 2375 1329 2446 ἀδελφούς.
1363 2396 1381 2430 s
1413 2377 1548 2432 Ἀπὸ
1603 2380 1783 2434 κοινοῦ
1815 2382 1896 2448 τὸ,

311 2460 650 2529 παρακάλει.
688 2463 777 2528 Ὠς
810 2467 1070 2536 ἀδελφοὺς
1101 2469 1157 2522 δὲ
1182 2470 1269 2526 διὰ
1307 2472 1488 2537 τοῦτο,
1528 2472 1616 2527 ἵνα
1641 2474 1702 2528 τὸ
1725 2475 1898 2546 θρασὺ

307 2551 498 2606 αὐτῶν
529 2558 944 2630 καταστείλῃς.ι
978 2562 1362 2634 Πρεσϐυτέρας
1378 2565 1453 2628 ὡς
1478 2567 1776 2638 μητέρας.»
1801 2568 1900 2623 Διὰ

312 2641 413 2711 τὴν
450 2645 756 2718 είρημένην
804 2651 1034 2706 ἐπὶτῶν
1093 2655 1483 2727 πρεσϐυτέρων
1514 2658 1718 2712 αίτίαν.
1759 2679 1776 2712 ι
1809 2659 1900 2714 Ἐν

313 2736 470 2810 πάσῃ
502 2739 714 2812 ἁγνείᾳ.
733 2745 978 2814 »Ἐπειδὴ
1007 2748 1100 2800 καὶ
1127 2751 1182 2801 αί
1207 2749 1343 2820 πρὸς
1372 2752 1641 2822 νεωτέρας
1667 2752 1898 2822 ὁμιλίαι,

317 2827 591 2895 δυσκόλως
631 2832 1019 2904 διαψεύγουσιν
1071 2838 1336 2909 ὑποψίαν,
1390 2842 1456 2894 σὺ
1526 2843 1664 2912 μετὰ
1717 2842 1900 2915 πάσης

313 2921 548 2990 ἁγνείας
593 2925 754 2979 τοῦτο
801 2929 978 2991 ποίει,
1014 2931 1302 2996 τουτέστι,
1356 2933 1491 3003 μηδὲ
1534 2934 1698 3005 μέχρι
1737 2935 1900 3005 ψιλῆς

313 3013 556 3078 εὐνοίας.
588 3043 660 3054 -
685 3018 934 3084 Ἄλλως.
968 3020 1042 3073 Οὐ
1082 3021 1335 3093 Τιμοθέῳ
1356 3021 1412 3075 δὲ
1443 3023 1612 3093 μόνῳ,
1641 3022 1777 3076 ἀλλὰ
1805 3023 1901 3075 καὶ

319 3108 483 3160 παντὶ
513 3109 804 3181 ὲπισκόπῳ
841 3116 1119 3182 παραινεῖ.

917 3441 1166 3498 ΚΕΦΑᾹ.
1207 3446 1310 3501 IA’.

315 3544 454 3616 Περὶ
529 3544 734 3617 χηρῶν
786 3548 1052 3691 dimidii,
1121 3553 1220 3607 καὶ
1267 3557 1520 3623 τρόπου,
1595 3556 1694 3612 καί
1747 3558 1896 3616 διοι-

965 3640 999 3675 re
1046 3639 1221 3690 σεως.

965 3639 1221 3690 κησεως.

383 3708 585 3777 Χήρας
611 3711 771 3780 τίμα,
813 3712 921 3780 τὰς
951 3714 1139 3782 ὄντως
1170 3715 1381 3785 χήρας.
1419 3722 1490 3774 El
1528 3720 1597 3775 δέ
1626 3740 1710 3790 τις
1740 3723 1898 3794 χήρα

315 3798 498 3854 τέκνα
521 3802 560 3870 ἢ
588 3803 810 3874 ἔκγονα
835 3806 982 3875 ἔχει,
1027 3811 1500 3875 μανθανέτωσαν
1526 3815 1762 3884 πρῶτον
1792 3819 1899 3873 τὸν

313 3892 474 3951 rem
521 3892 692 3950 οἷκον
746 3899 1054 3966 εὐσεϐεῖν,
1107 3902 1205 3956 καί
1252 3903 1499 3973 ἀμοιϐὰς
1543 3909 1899 3968 ἀποδιδόναι

315 3987 437 4054 τοῖς
461 3990 802 4056 προγόνοις.
835 3988 1015 4042 Τοῦτο
1045 3989 1154 4061 γάρ
1205 3991 1380 4048 ἐστιν
1417 3996 1756 4052 ἀπόδεκτον
1799 4001 1898 4055 ἐνε-

314 4079 500 4135 ὠπιον
513 4082 618 4136 τοῦ
637 4081 806 4136 Θεοῦ.
824 4081 886 4137 Ἡ
899 4081 966 4136 δὲ
977 4084 1166 4150 ὅντως
1187 4087 1344 4156 χήρα
1366 4089 1465 4143 καὶ
1481 4093 1894 4162 μεμονωμένη,

317 4173 577 4243 ἤλπικεν
611 4173 710 4228 ἐπὶ
757 4175 865 4229 τὸν
915 4177 1084 4241 Θεὸν,
1117 4180 1216 4232 καὶ
1259 4183 1586 4251 προσμένει
1614 4185 1742 4252 ταῖς
1763 4185 1900 4255 δεή-

314 4285 452 4323 σεσι
493 4269 591 4322 καί
619 4267 748 4334 ταῖς
777 4272 1146 4339 προσευχαῖς
1172 4275 1395 4341 νυκτὸς
1416 4277 1513 4329 καὶ
1539 4274 1782 4347 ἡμέρας.
1829 4278 1901 4336 Ἦ

312 4358 380 4413 δέ
408 4359 808 4426 σπαταλῶσα,
845 4360 1000 4422 ζῶσα
1032 4362 1302 4433 τέθνηκε.
1342 4366 1451 4421 Καὶ
1470 4368 1655 4425 ταῦτα
1671 4373 1898 4443 παράγ-

312 4455 516 4519 γελλε,
605 4454 708 4506 ἵνα
752 4454 1155 4522 ἀνεπίληπτοι
1203 4452 1377 4514 ὦσιν.
1424 4459 1494 4514 El
1543 4461 1612 4515 δέ
1658 4479 1749 4530 τις
1776 4461 1898 4519 τῶν

315 4543 480 4598 ἰδίων
520 4547 615 4600 καί
655 4547 925 4616 μάλιστα
953 4542 1074 4600 τῶν
1115 4549 1352 4604 οἰκείων
1377 4554 1450 4606 οὐ
1479 4555 1745 4622 προνοεῖ,
1783 4556 1900 4626 τὴν

313 4637 524 4693 ⁴πίστιν
555 4637 830 4708 ἤρνηται,
863 4640 960 4694 καὶ
985 4639 1158 4695 ἐστιν
1185 4642 1448 4699 ἀπίστου
1477 4647 1713 4716 χείρων.

382 4751 485 4806 Διά
530 4755 585 4806 τί
643 4755 772 4826 περὶ
830 4755 1115 4826 παρθένων
1177 4757 1330 4811 οὐδὲν
1376 4757 1560 4827 λέγει;
1602 4760 1760 4826 Ἴσως
1799 4762 1899 4817 οὐκ

311 4841 452 4916 ἦσαν
487 4848 696 4918 ἀκμήν.
752 4849 848 4913 Τίς
892 4849 948 4904 δέ
1005 4850 1154 4904 ἐστιν
1199 4851 1434 4920 ἡὸντως
1486 4855 1652 4926 χήρα,
1691 4858 1898 4928 προῖὼν

313 4939 482 5010 λέγει.
542 4941 821 5012 Τιμᾶσθαι
863 4941 920 4996 δὲ
955 4942 1124 5006 αὑτὰς
1156 4944 1482 5014 προσέταξε,
1517 4946 1654 5002 διότι
1698 4950 1900 5022 ἄνδρας

311 5036 414 5090 οὐκ
451 5035 670 5106 ἔχουσιν
720 5037 842 5090 οὐδὲ
885 5036 1076 5103 τέκνα,
1116 5038 1212 5091 καὶ
1249 5039 1311 5093 τὸ
1347 5042 1582 5111 πρᾶγμα
1638 5044 1901 5101 ἐπικατά-

311 5143 478 5196 ρατον
513 5127 730 5192 πολλοῖς
761 5121 907 5182 εῖναι
931 5127 1108 5184 δοκεῖ.
1145 5129 1244 5184 Διά
1277 5129 1438 5184 τοῦτο
1477 5132 1701 5202 πολλῆς,
1737 5136 1894 5206 φησι,

311 5218 465 5289 παρὰ
515 5216 612 5272 τοῦ
669 5220 864 5290 ἱερέως
917 5219 1242 5274 ἀπολαυέτω
1273 5223 1460 5294 τιμῆς,
1508 5224 1699 5297 ὥσπερ
1730 5228 1894 5300 ἀνορ-

307 5312 530 5376 θοῦντος
565 5313 634 5367 τὰ
662 5312 817 5385 παρὰ
845 5313 953 5366 τῶν
983 5312 1161 5367 ἄλλων
1207 5314 1408 5386 ὀνείδη.
1469 5317 1538 5370 Ἢ
1589 5319 1757 5389 τιμὴν
1793 5320 1892 5391 τὴν

309 5405 417 5461 τῶν
458 5405 776 5476 ἀναγκαίων
820 5405 969 5475 λέγει
1002 5406 1289 5479 χορηγίαν.
1359 5426 1377 5460 ι
1405 5409 1464 5462 Ei
1500 5409 1562 5462 δέ
1609 5429 1692 5476 τις
1747 5413 1894 5483 χήρα

311 5499 496 5554 τέκνα.
521 5519 542 5553 s
577 5493 747 5554 Δῦται
774 5500 876 5554 οὐκ
913 5499 1054 5553 είσὶν
1083 5499 1255 5564 ὅντως
1285 5500 1476 5573 χῆραι.
1540 5503 1747 5569 Ὄντως
1785 5507 1894 5578 γάρ

311 5593 472 5658 εἰσιν,
520 5594 578 5647 αἱ
623 5592 888 5647 πάντοθεν
922 5593 1333 5666 μεμονωμέναι.
1377 5593 1522 5649 «Τὸν
1569 5597 1703 5652 ἴδιον
1742 5595 1891 5656 οἷκον

309 5687 580 5742 εὐσεϐεῖν.
604 5707 626 5741 s
656 5686 935 5753 Τουτέστι,
965 5687 1264 5742 διατιθέναι
1295 5687 1496 5754 καλῶς.
1543 5708 1562 5742 ι
1589 5691 1701 5744 Καὶ
1733 5694 1894 5763 ἄμοι-

313 5780 417 5845 ea;
451 5780 763 5836 ἀποδιδόναι
793 5783 908 5846 τοῖς
963 5779 1273 5852 προγόνοις.
1297 5801 1315 5834 ι
1374 5783 1516 5854 ’Ὀρα
1551 5783 1770 5839 σύνεσιν
1795 5785 1890 5840 τοῦ

315 5874 590 5947 μακαρίου
628 5873 862 5931 Παύλου.
923 5874 1198 5940 Πολλάκις
1249 5875 1344 5931 καὶ
1389 5875 1498 5932 ἀπὸ
1531 5876 1892 5950 ἀνθρωπίνων

2003 2004 2188 2058 omnia
2215 2015 2401 2062 vetera
2431 2017 2583 2064 sunt.
2615 2009 2758 2076 Quid
2791 2026 2921 2084 ergo
2945 2013 3119 2068 dicit?
3149 2013 3206 2070 Si
3241 2019 3589 2075 correctione

2004 2112 2142 2166 opus
2167 2097 2262 2163 sit,
2286 2107 2548 2170 tanquam
2584 2104 2728 2172 patri
2764 2105 3061 2161 admoveas
3093 2123 3220 2162 cum
3261 2119 3588 2166 mansuem.

2003 2185 2132 2241 dine
2171 2187 2394 2243 docens.
2427 2188 2697 2254 Quoniam
2730 2195 2876 2247 enim
2917 2197 3101 2264 gravis
3134 2205 3218 2252 est
3251 2213 3447 2267 aspera
3486 2201 3588 2255 ob-

1997 2276 2264 2348 jurgatio,
2303 2282 2544 2336 maxime
2585 2282 2805 2352 juvenis
2855 2300 2982 2356 erga
3015 2303 3227 2352 senem,
3273 2305 3371 2359 per
3401 2291 3590 2348 mode.

2005 2371 2168 2425 stiam
2220 2375 2544 2444 praeciditur
2600 2377 2748 2447 quod
2810 2393 2975 2447 grave
3008 2389 3110 2435 est.
3168 2399 3187 2433 ι
3225 2380 3484 2439 Juniores
3528 2397 3590 2440 ut

2005 2464 2228 2522 fratres.
2280 2485 2300 2518 ι
2353 2469 2398 2520 A
2447 2472 2723 2524 communi
2775 2487 2942 2527 sensu
3003 2475 3323 2540 subaudito,
3384 2475 3588 2534 adhor-

2005 2567 2140 2614 tare.
2193 2558 2490 2630 Propterea
2539 2570 2720 2618 autem
2773 2571 2834 2618 ut
2895 2564 3135 2632 fratres,
3182 2583 3292 2637 quo
3340 2570 3586 2639 ipsorum

2006 2655 2371 2710 temeritatem
2422 2655 2490 2710 ad
2547 2655 2872 2712 modestiam
2929 2674 3178 2718 revoces.
3247 2681 3266 2714 ι
3329 2663 3587 2722 Mulieres

2006 2755 2137 2800 natu
2182 2746 2506 2816 grandiores
2559 2756 2616 2801 ut
2661 2757 2888 2805 matres.
2927 2768 2945 2801 ι
2993 2749 3226 2823 Propter
3269 2753 3469 2810 dictam
3521 2759 3589 2812 de

2004 2836 2318 2891 senioribus
2349 2851 2594 2891 causam.
2639 2854 2658 2889 ι
2701 2837 2836 2892 Cum
2874 2839 3024 2895 omni
3070 2843 3351 2899 castitate.
3390 2864 3409 2897 s
3442 2844 3589 2913 Quo-

2005 2931 2152 2984 niam
2201 2929 2596 2985 collocutiones
2632 2946 2754 3000 qua:
2784 2941 2915 2988 sunt
2949 2948 3072 2987 cum
3097 2933 3415 3004 junioribus
3444 2954 3588 3009 aegre

2003 3021 2380 3091 suspicionem
2421 3009 2712 3093 eﬂ'ugiunt,
2757 3033 2814 3078 tu
2863 3025 2916 3079 id
2959 3041 3084 3080 cum
3131 3026 3282 3082 omni
3330 3031 3587 3088 castitate

2003 3113 2194 3180 facito,
2227 3114 2331 3170 hoc
2366 3122 2472 3183 est,
2500 3131 2564 3171 ne
2585 3117 2656 3171 ad
2697 3126 2913 3172 tenuem
2945 3118 3167 3189 quidem
3201 3136 3376 3192 usque
3415 3122 3584 3179 bene-

2005 3208 2322 3265 volentiam.
2356 3210 2564 3265 —-Alio
2618 3211 2792 3267 modo.
2838 3211 2958 3267 Non
2989 3214 3168 3268 solum
3212 3213 3582 3285 Timotheum,

1926 3287 1973 3348 Ο
2006 3301 2101 3359 sed
2130 3309 2184 3358 et
2209 3317 2426 3360 omnem
2453 3319 2552 3375 per
2573 3305 2677 3362 hoc
2698 3307 2954 3363 admonet
2977 3309 3320 3378 episcopum.

2602 3440 2834 3498 CAPUT
2869 3441 2961 3498 XI.

2077 3550 2152 3608 De
2197 3553 2477 3610 viduarum
2512 3563 2670 3608 wtate
2725 3562 2774 3608 et
2817 3555 2971 3609 modo
3011 3571 3074 3609 ac
3109 3555 3504 3628 gubernatione.

2074 3706 2138 3773 ν,
2165 3707 2288 3762 4-8.
2329 3707 2530 3764 Viduas
2576 3709 2801 3774 honora,
2832 3725 2953 3778 qua
2976 3710 3147 3766 uidua.-
3169 3721 3314 3768 sunt.
3347 3713 3505 3780 Quod
3535 3720 3582 3769 si

2001 3817 2118 3871 quia
2149 3801 2307 3854 vidua
2338 3799 2529 3856 liberos
2553 3811 2645 3856 aut
2677 3813 2890 3873 nepotes
2911 3805 3089 3867 habet,
3118 3805 3326 3858 discant
3347 3807 3581 3874 primum

2000 3892 2215 3947 domum
2242 3896 2514 3963 propriam
2535 3898 2618 3962 pie
2647 3904 2952 3956 tractare,et
2984 3898 3142 3951 vicem
3162 3898 3440 3966 rependere
3469 3915 3585 3952 ma»

1991 3985 2204 4053 joribus
2236 4001 2254 4039 :
2283 3987 2380 4039 hoc
2418 3988 2558 4041 enim
2591 3999 2860 4057 acceptum
2893 3998 2972 4043 est
3023 4005 3205 4043 coram
3239 3990 3366 4045 Deo.
3409 3989 3583 4046 Porro

2000 4096 2121 4150 qua:
2150 4095 2266 4134 vere
2308 4079 2471 4133 vidua
2517 4089 2595 4134 est
2639 4097 2701 4134 ac
2735 4083 3000 4142 desolata.
3055 4093 3230 4150 sperat
3270 4085 3325 4138 in
3356 4085 3486 4149 Deo,
3534 4097 3583 4139 et

2000 4181 2293 4241 perseverat
2325 4173 2378 4225 in
2418 4172 2869 4228 obsecrationibus
2905 4191 2968 4227 ac
2997 4175 3390 4243 precationibus
3423 4187 3579 4231 noctu

2001 4266 2203 4335 dieque.
2237 4263 2501 4319 Craterum
2545 4282 2664 4337 qua:
2698 4267 2752 4320 in
2793 4268 3001 4322 deliciis
3038 4277 3296 4332 versatur,
3328 4285 3389 4323 ea
3409 4271 3583 4324 vivens

2001 4367 2213 4412 mortua
2261 4367 2360 4412 est.
2417 4356 2487 4411 Et
2535 4361 2646 4412 lucc
2689 4361 2938 4428 praecipe,
2985 4371 3042 4413 ut
3096 4361 3583 4431 irrepreltensibiles

2001 4449 2128 4501 sint.
2167 4447 2320 4513 Quod
2353 4448 2400 4501 si
2426 4447 2591 4519 236
2632 4465 2737 4518 qua
2782 4450 2893 4504 suis
2919 4459 2971 4503 et
3014 4451 3245 4504 maxime
3279 4451 3584 4507 domesticis

2002 4557 2105 4595 non
2133 4540 2393 4610 providet,
2418 4541 2573 4613 ﬁdem
2605 4544 2811 4614 negavit
2842 4555 2891 4598 et
2921 4555 2997 4598 est
3025 4543 3228 4614 inﬁdeli
3257 4543 3508 4600 deterior.

2068 4751 2253 4819 Quare
2285 4753 2352 4808 de
2375 4750 2682 4825 virginibus
2712 4754 2850 4810 nihil
2893 4751 3063 4810 dicit?
3091 4751 3368 4810 Fortassis
3401 4755 3582 4811 adhuc

1999 4859 2107 4900 non
2137 4856 2316 4902 erant.
2347 4846 2480 4914 Quae
2507 4845 2580 4904 sit
2605 4855 2784 4902 autem
2828 4865 2956 4904 vere
2986 4849 3170 4918 vidua,
3200 4850 3252 4904 in
3289 4865 3584 4921 progressu

1998 4936 2154 4991 dicit.
2183 4933 2358 4993 Jussit
2382 4947 2565 4994 autem
2593 4939 2742 5009 ipsas
2771 4941 3053 5004 honorari,
3086 4957 3152 4995 eo
3173 4940 3319 5012 quod
3355 4941 3583 4999 maritos

2000 5047 2106 5087 non
2152 5031 2393 5088 habeant
2440 5048 2620 5104 neque
2677 5035 2905 5099 liberos.
2956 5046 3009 5088 et
3043 5033 3188 5105 apud
3243 5036 3447 5092 multos
3495 5051 3585 5091 res

1999 5127 2332 5182 exsecranda
2366 5125 2621 5182 videatur
2655 5146 2668 5182 :
2706 5136 3016 5198 prOpIerea,
3064 5129 3260 5200 inquit,
3298 5128 3444 5200 apud
3487 5146 3578 5185 sa-

2001 5218 2278 5274 cerdotem
2312 5234 2512 5290 magno
2545 5218 2816 5273 habeatur
2855 5220 2907 5274 in
2940 5221 3172 5289 honore,
3199 5231 3256 5275 ut
3285 5222 3377 5291 qui
3405 5223 3581 5278 corri.

2001 5321 2093 5385 gat
2135 5314 2429 5384 opprobria
2479 5313 2548 5369 ab
2595 5314 2722 5370 aliis
2773 5315 2945 5371 illata.
2992 5318 3102 5372 Aut
3139 5317 3400 5372 honorem
3447 5315 3583 5370 dicit

2002 5422 2186 5462 rerum
2227 5408 2665 5463 necessariarum
2709 5409 3298 5466 subministrationem.
3357 5430 3377 5463 ι
3427 5410 3582 5478 Quod

2003 5497 2049 5553 si
2100 5513 2207 5568 qua
2253 5499 2416 5553 vidua
2457 5498 2677 5554 liberos"
2707 5500 2890 5554 habet.
2933 5519 2952 5552 ι
2999 5499 3092 5557 ηπ
3123 5517 3232 5556 non
3284 5516 3408 5556 vere
3454 5510 3585 5557 sunt

2003 5591 2204 5648 viduae.
2234 5590 2376 5649 Vere
2407 5595 2552 5648 enim
2580 5593 2719 5648 tales
2755 5594 3039 5660 dicuntur,
3069 5611 3192 5664 qua:
3223 5594 3467 5662 undique
3492 5593 3586 5650 de-

2003 5684 2194 5741 solatas
2243 5692 2392 5740 sunt.
2446 5703 2464 5735 ι
2521 5683 2752 5739 Domum
2799 5686 3080 5757 propriam
3133 5687 3218 5755 pie
3259 5695 3520 5744 tractare.
3559 5706 3578 5741 ι

2008 5780 2124 5836 Hoc
2151 5787 2260 5846 est,
2295 5779 2529 5835 honeste
2559 5779 2874 5850 disponere.
2923 5799 2942 5832 ι
2980 5780 3050 5836 Ἐι
3075 5781 3251 5836 vicem
3282 5767 3585 5852 rependere

2002 5874 2325 5953 majoribus.
2379 5891 2398 5926 ι
2453 5869 2589 5937 Vide
2638 5873 2779 5929 beati
2827 5873 2980 5928 Pauli
3032 5873 3403 5946 prudentiam.
3454 5871 3585 5931 Fre-
