3918 6562
376 440 513 504 7175

1470 422 1866 487 (ECUMENII
1896 417 2187 480 TRICCuE
2221 415 2565 479 EPISCOPI

3550 406 3654 471 176

365 585 377 596 ς
405 563 633 626 quenter
659 557 713 607 et
739 551 809 606 ab
836 546 1089 605 humanis
1123 540 1442 597 exhortatur
1470 537 1802 592 rationibus.
1833 533 1977 600 Quo-

2103 529 2377 600 προτρέπει
2431 524 2730 597 λογισμῶν.
2771 520 2995 596 ’Ἐπειδὴ
3036 524 3166 595 γὰρ,
3201 520 3388 591 φησὶν,
3419 520 3470 574 οἰ
3514 517 3654 588 πρό·

407 650 577 715 niam,
605 646 804 717 inquit,
834 643 1070 712 majores
1102 648 1154 695 te
1180 651 1306 707 quae
1330 634 1490 690 vidua
1503 647 1562 688 es
1590 634 1974 701 provexerunt,

406 751 460 797 et
499 740 577 796 tui
609 754 797 796 curam
826 737 1137 792 habuerunt
1175 752 1190 791 :
1224 742 1279 788 tu
1323 742 1454 799 ergo
1492 740 1619 782 eum
1651 722 1761 778 illis
1804 722 1976 775 vicem

406 834 708 906 rependere
735 844 1000 901 nequeas,
1025 823 1320 883 suntenim
1355 817 1555 875 mortui
1590 833 1605 871 :
1638 829 1737 885 per
1760 812 1976 867 illorum

409 903 656 999 nepotes,
691 935 818 983 tuos
869 932 1051 978 autem
1084 918 1312 977 liberos,
1366 912 1540 967 vicem
1579 907 1689 963 illis
1722 903 1978 975 repende,

409 1024 497 1081 his
524 1020 730 1093 gratias
750 1015 985 1074 reddens
1008 1025 1146 1083 quas
1172 1008 1281 1065 illis
1306 1003 1569 1061 debebas.
1597 1030 1670 1041 ——
1695 998 1815 1053 Alio
1855 1013 1982 1068 quo-

407 1131 504 1184 que
534 1092 712 1168 modo.
743 1108 823 1163 Ad
869 1121 933 1161 ea
962 1103 1124 1159 verba
1162 1117 1178 1154 :
1214 1098 1437 1154 Discant
1464 1092 1621 1149 liberi
1649 1100 1704 1148 et
1754 1095 1981 1160 nepotes

413 1182 646 1278 primum
686 1202 906 1258 domum
954 1192 1230 1268 propriam
1275 1189 1366 1260 pie
1405 1193 1685 1241 tractare:
1717 1182 1824 1237 hoc
1876 1187 1981 1243 est,

414 1273 638 1355 lliscant
679 1291 834 1348 liberi
873 1297 930 1345 et
967 1291 1194 1357 nepotes
1224 1289 1454 1335 matrem
1492 1276 1768 1348 propriam
1811 1273 1983 1326 bono-

414 1405 537 1444 rare
559 1396 613 1443 et
637 1385 782 1440 alere
802 1398 869 1438 ac
896 1381 972 1436 illi
1003 1378 1346 1436 benefacere.
1378 1369 1513 1426 Nam
1538 1370 1644 1425 hoc
1670 1363 1942 1438 signiﬁcat
1966 1379 1981 1420 :

414 1486 507 1538 Pio
549 1487 820 1542 tractare,
868 1483 923 1531 et
970 1471 1297 1543 majoribus,
1345 1466 1446 1519 hoc
1489 1469 1573 1517 est
1614 1459 1767 1513 aviae.
1821 1453 1985 1508 Addit

412 1589 630 1648 quoque
657 1571 725 1627 ad
757 1568 1050 1627 rationem,
1097 1559 1240 1634 quod
1283 1559 1389 1613 hoc
1424 1553 1533 1609 Deo
1573 1550 1645 1606 sit
1677 1553 1982 1616 acceptum.

418 1687 436 1720 ι
475 1666 649 1721 Porro
683 1676 801 1732 quae
844 1672 972 1714 vere
996 1655 1160 1710 vidua
1196 1659 1303 1707 est.
1345 1669 1361 1699 ο
1394 1643 1666 1712 Quoniam
1698 1636 1865 1709 jussit
1891 1648 1984 1688 eas

414 1754 668 1812 honorari
696 1767 817 1823 quae
865 1763 992 1804 vere
1043 1748 1170 1802 sunt
1201 1740 1396 1799 viduae,
1429 1735 1562 1790 dicit
1608 1744 1755 1785 nunc
1788 1724 1978 1796 quales

415 1860 541 1903 sunt
579 1862 707 1901 vere
749 1843 942 1905 viduae,
975 1835 1141 1893 veluti
1180 1829 1454 1887 narrando
1487 1822 1808 1880 describens
1840 1816 1981 1870 illas.

2080 596 2234 690 γονοι
2264 620 2467 692 ὰνῆξάν
2523 596 2728 671 σεκαί
2780 615 3093 685 ἐπιμελείας
3158 612 3420 683 ᾑξίωσαν,
3471 607 3537 662 σὺ
3596 596 3654 660 δὲ

2067 715 2310 778 ἐκείνοις
2378 712 2479 776 τὰς
2516 710 2751 781 ἀμοιϐὰς
2788 709 2889 762 οὐκ
2933 707 3159 779 ἴσχυσας
3185 702 3489 760 ἀντιδοῦναι
3519 700 3654 771 (ἁπ-

2083 805 2273 858 ἐϐανον
2295 803 2451 875 γὰρ),
2489 802 2578 856 διὰ
2607 800 2717 857 τῶν
2748 801 2988 870 ἐκγόνων
3026 800 3135 852 τῶν
3169 797 3416 857 ἐκείνων,
3449 794 3656 848 τέκνων

2080 893 2136 949 δὲ
2174 894 2304 959 σῶν,
2352 892 2583 965 ἄμειψαι
2610 892 2828 955 αὐτοὺς,
2876 891 2940 954 ἃς
2973 885 3205 958 ὢφειλες
3241 888 3471 945 ἐκείνοις
3498 885 3663 956 χάρι-

2082 1000 2178 1045 τας
2208 982 2418 1044 τούτοις
2453 981 2796 1035 ἀποδιδοῦσα.
2848 1006 2919 1020 ——-
2979 981 3090 1033 Καὶ
3142 978 3366 1044 ἄλλως.
3427 977 3521 1038 Εἰς
3570 974 3655 1037 τὸ,

2081 1075 2517 1131 Μανθανέτωσαν
2554 1073 2620 1128 τὰ
2651 1072 2815 1127 τέκνα
2849 1072 2944 1126 καὶ
2976 1073 3044 1125 τὰ
3076 1071 3274 1140 ἔκγονα
3311 1065 3529 1141 πρῶτον
3565 1068 3658 1120 τὸν

2072 1167 2214 1221 ’ἴδιον
2266 1160 2416 1218 οἶκον
2474 1163 2747 1217 εὐσεδείν’
2791 1161 3058 1223 τουτέστι,
3103 1159 3541 1214 Μανθανέτωσαν
3588 1158 3660 1209 τὰ

2083 1258 2253 1312 τέκνα
2279 1257 2374 1311 καὶ
2407 1256 2477 1309 τὰ
2508 1255 2727 1323 ἔκγονα,
2758 1248 2928 1325 τιμᾷν
2956 1253 3055 1323 τὴν
3081 1251 3288 1304 οἰκείαν
3316 1250 3529 1320 μητέρα
3564 1249 3660 1301 καὶ

2083 1348 2306 1420 τρέφειν
2342 1348 2437 1400 καὶ
2465 1342 2525 1400 εὖ
2555 1347 2726 1399 ποεῖν.
2785 1344 2956 1397 Τοῦτο
3006 1343 3114 1413 γὰρ
3154 1342 3326 1411 λέγει,
3374 1340 3657 1395 Εὐσεϐεῖν.

2084 1440 2195 1493 Καὶ
2241 1441 2351 1503 τοῖς
2405 1438 2712 1510 προγόνοις,
2768 1436 3013 1489 τουτέστι
3053 1437 3119 1505 τῇ
3172 1434 3395 1506 μάμμῃ.
3436 1430 3666 1502 "postia

2086 1534 2212 1603 Θησι
2242 1533 2335 1587 καὶ
2356 1530 2626 1602 λογισμῷ,
2655 1531 2737 1583 ὅτι
2769 1530 2861 1582 καὶ
2899 1528 2977 1600 τῷ
3006 1527 3124 1598 Θεῷ
3148 1526 3306 1579 τοῦτο
3337 1525 3658 1580 ἀπόδεκτον.

2093 1646 2111 1679 ι
2142 1626 2207 1680 Ἦ
2244 1626 2302 1679 δὲ
2364 1626 2534 1688 ὅντως
2575 1625 2742 1696 χήρα.
2768 1642 2786 1674 ι
2838 1622 3056 1692 Ἐπειδὴ
3108 1619 3209 1683 τὰς
3266 1619 3435 1681 ὅντως
3484 1619 3664 1687 χήρας

2084 1716 2345 1787 τιμᾶσθαι
2380 1715 2704 1786 προσέταξε,
2738 1716 2833 1768 νῦν
2855 1713 3004 1781 λέγει
3041 1711 3190 1766 ποῖαί
3220 1711 3359 1764 εἰσιν
3385 1711 3440 1762 αἰ
3467 1709 3661 1769 δντως,

2087 1811 2161 1873 ὼς
2191 1811 2247 1862 ὲν
2290 1807 2548 1880 ἐξηγήσει
2581 1804 3001 1877 χαρακτηρίςων
3035 1803 3222 1865 αὐτάς.
3248 1799 3665 1871 Μομονωμένην

415 1882 541 1903 su...
585 1882 707 1901 η...
756 1882 942 1905 ......υ..,
986 1882 1141 1893 .-.πη
1436 1882 1441 1883 ,

410 1938 720 1993 Desolatam
766 1938 946 1987 autem
990 1927 1022 1981 d
1051 1925 1124 1979 cit
1169 1930 1222 1978 et
1254 1936 1283 1975 a
1338 1918 1464 1974 ﬁliis
1510 1925 1564 1970 et
1599 1927 1628 1966 a
1672 1906 1984 1977 nepotibus.

2103 1903 2147 1956 ΒΞ
2175 1919 2330 1973 φησι,
2377 1900 2475 1954 καὶ
2519 1899 2626 1954 ἀπὸ
2678 1896 2907 1966 τέκνων,
2941 1896 3037 1950 καὶ
3067 1894 3174 1949 ἀπὸ
3196 1894 3456 1963 ἐκγόνων.
3501 1910 3520 1943 ι
3551 1891 3665 1945 Καὶ

421 2053 439 2084 ι
481 2031 546 2085 Ει
579 2030 894 2099 perseverat
925 2021 979 2075 in
1035 2008 1532 2073 obsecrationibus.
1575 2025 1597 2060 ι
1650 2003 1773 2058 Haec
1807 2001 1990 2070 itaque

415 2139 542 2177 vere
565 2121 728 2176 vidua
755 2124 839 2173 est
869 2128 989 2185 quae
1025 2116 1209 2180 sperat
1238 2107 1291 2160 in
1328 2101 1559 2158 Domino
1592 2105 1643 2152 et
1678 2100 1991 2167 perseverat

417 2218 470 2270 in
504 2207 998 2269 obsecrationibus.
1040 2199 1309 2269 Quoniam
1352 2195 1495 2250 enim
1532 2192 1601 2247 ab
1624 2190 1864 2243 humano
1897 2182 1993 2238 de-

418 2318 565 2363 serta
590 2313 673 2361 est
696 2301 923 2367 auxilio,
953 2295 1148 2351 merito
1177 2292 1241 2347 ad
1276 2290 1441 2344 Deum
1468 2283 1732 2354 confugit.
1765 2299 1782 2332 ι
1813 2277 1990 2333 ϐίοιο-

418 2416 539 2455 rum
570 2412 687 2468 quae
733 2397 786 2450 in
832 2391 1046 2447 deliciis
1096 2394 1369 2448 versatur,
1426 2394 1489 2435 ea
1533 2379 1720 2433 vivens
1772 2379 1992 2428 mortua

415 2502 517 2549 est.
557 2466 899 2556 {Siquidem
931 2482 1058 2550 quia
1091 2478 1274 2533 multa:
1319 2472 1655 2528 viduitatem.
1690 2466 1899 2535 eligunt
1934 2469 1995 2517 ut

410 2581 624 2654 majori
668 2550 998 2632 auctoritate
1044 2569 1244 2624 faciant
1272 2579 1392 2636 qua:
1423 2575 1533 2616 non
1581 2562 1831 2628 oportet,
1872 2550 1991 2605 ait:

416 2674 552 2742 Quae
585 2674 639 2727 in
676 2666 888 2725 deliciis
916 2672 1188 2724 versatur,
1241 2658 1292 2712 id
1324 2663 1428 2721 est,
1468 2652 1724 2707 'deliciose
1771 2644 1900 2717 agit,
1934 2657 1995 2698 ea

423 2769 611 2821 vivens
659 2769 873 2816 mortua
918 2763 1020 2812 est.
1067 2749 1392 2820 Quomodo?
1420 2746 1558 2813 Quia
1597 2741 1850 2815 pra‘senti
1887 2739 1997 2792 vita

426 2858 640 2913 videtur
666 2855 849 2908 vivere
881 2869 895 2905 :
940 2847 1036 2904 sed
1068 2846 1233 2899 vitam
1263 2839 1441 2912 perdit
1470 2846 1754 2892 mternam.
1787 2830 2000 2886 Mortua

423 2959 507 3008 est
543 2962 673 3019 ergo
705 2961 802 3017 per
834 2949 1141 3013 peccatum,
1189 2943 1454 3006 quantum
1503 2929 1569 2984 ad
1620 2928 1769 2981 illam
1810 2924 1996 2978 vitam.

429 3064 449 3097 ι
494 3042 558 3097 Et
586 3042 704 3096 haec
728 3035 979 3108 praecipe.
1023 3050 1041 3081 ι
1073 3027 1235 3082 Vides
1258 3023 1401 3096 quod
1431 3036 1542 3076 rem
1577 3019 1717 3073 hanc
1741 3026 1997 3086 tanquam

427 3139 595 3206 legem
644 3146 769 3187 esse
810 3123 976 3183 velit?
1005 3122 1123 3178 Non
1163 3120 1308 3174 enim
1359 3115 1520 3187 237
1575 3111 1897 3167 adhortatur
1943 3113 2001 3161 ut

425 3227 631 3296 eligant
649 3236 763 3277 non
796 3231 998 3273 vacare
1028 3212 1267 3276 deliciis,
1302 3211 1395 3266 sed
1424 3217 1684 3277 tanquam
1715 3211 1997 3275 peccatum
2025 3228 2069 3289 Ο

426 3326 593 3374 vetat.
635 3333 653 3366 ι
693 3311 850 3378 Quod
885 3311 931 3365 si
972 3323 1078 3379 qua
1105 3305 1242 3361 suis.
1290 3322 1309 3356 ι
1354 3300 1476 3356 Non
1512 3297 1712 3355 supﬂicit
1767 3308 2002 3363 namque

424 3410 496 3465 ad
546 3408 781 3464 salutem
830 3401 1049 3473 propria
1098 3404 1307 3452 tantum
1356 3395 1555 3457 .virtus,
1608 3390 1714 3445 nisi
1764 3389 1833 3443 de
1881 3387 2003 3440 aliis

427 3501 594 3556 etiam
632 3511 818 3553 curam
864 3494 1081 3549 habeat.
1130 3484 1205 3546 De
1252 3486 1415 3542 vidua
1447 3493 1628 3539 autem
1665 3482 1781 3536 haec
1823 3477 1999 3534 dicit:

431 3607 562 3652 suos
613 3604 743 3646 vero
803 3585 1038 3656 appellat
1089 3581 1181 3652 qui
1238 3593 1435 3650 genere
1481 3590 1600 3630 eam
1657 3572 2001 3641 contingunt.

434 3684 713 3757 Siquidem
760 3677 1029 3748 contingit
1074 3689 1207 3732 suos
1255 3686 1397 3735 esse,
1445 3678 1572 3738 puta
1623 3664 1851 3727 amicos,
1895 3676 2005 3715 non

435 3755 613 3835 auiem
638 3776 801 3832 etiam
832 3769 1190 3827 domesticos.
1229 3764 1398 3820 Debet
1444 3763 1630 3830 itaque
1666 3760 1781 3814 suis
1819 3755 2003 3826 provi-

432 3874 582 3938 dere,
615 3867 853 3925 maxime
876 3871 1054 3921 autem
1088 3856 1404 3917 domesticis
1430 3874 1443 3909 :
1472 3853 1622 3925 quod
1650 3867 1757 3907 non
1787 3849 1917 3905 facit
1944 3861 2006 3904 ea

434 3979 555 4036 quae
582 3964 637 4018 in
664 3960 882 4018 deliciis
920 3964 1190 4018 versatur,
1226 3951 1360 4008 solis
1393 3948 1606 4005 deliciis
1639 3946 1879 4000 animum
1909 3942 2007 3997 ad-

439 4032 651 4111 hibens.
691 4071 710 4105 ι
761 4050 826 4105 Ει
865 4046 1097 4104 maxime
1130 4040 1472 4098 domesticis.
1500 4055 1522 4091 ι
1565 4036 1691 4091 Suis
1728 4041 1783 4090 et
1824 4032 2011 4087 dome-

436 4147 593 4205 sticis
634 4142 905 4216 providet,
936 4139 1029 4211 qui
1069 4151 1179 4192 non
1208 4133 1383 4190 solum
1411 4144 1598 4187 curam
1630 4127 1791 4182 habet
1819 4138 2007 4179 eorum

435 4238 540 4309 qui.
554 4236 740 4306 aliquo
762 4230 924 4288 modo
958 4228 1306 4297 contingunt,
1337 4221 1431 4277 sed
1458 4227 1510 4274 et
1541 4218 1626 4273 sui
1652 4216 1846 4287 ipsius,
1880 4226 2009 4283 pro-

438 4301 590 4400 prios
617 4301 951 4397 amputando
981 4318 1227 4374 allectus.
1260 4315 1336 4369 Ita
1369 4311 1619 4367 Clemens
1647 4307 1880 4377 septimo
1913 4301 2008 4356 In-

439 4395 852 4490 formationum:
873 4407 1276 4467 Providentiam
1296 4404 1411 4460 sive
1428 4416 1615 4457 curam
1637 4397 1770 4454 dicit
1786 4407 1840 4451 et
1862 4395 2009 4449 illam

439 4526 561 4583 quae
584 4509 731 4564 eirea
756 4505 994 4560 animam
1007 4509 1093 4558 est
1112 4507 1167 4555 et
1187 4511 1307 4568 quae
1327 4493 1477 4550 circa
1503 4504 1726 4561 corpus.
1762 4505 1781 4538 ι
1822 4484 2008 4540 Fidem

444 4558 561 4583 1""
586 4558 731 4564 ""“
794 4558 861 4560 ""
1204 4558 1220 4568 .
1603 4558 1619 4561 ν

444 4601 684 4673 negavit.
710 4616 731 4653 ι
753 4596 813 4652 Ει
839 4592 1113 4666 quomodo
1139 4604 1201 4644 ea
1219 4586 1406 4658 quaain
1432 4581 1646 4637 deliciis
1663 4586 1938 4642 versatur,
1956 4583 1999 4629 et

2115 4562 2333 4622 νοοῦσα,
2368 4560 2465 4631 τὴν
2496 4559 2676 4611 πίστιν
2729 4558 2995 4630 ἧρνηται;

2119 4658 2159 4673 ν
2207 4657 2220 4673 ι
2267 4657 2281 4673 ε
2366 4653 2425 4673 af-
2457 4671 2464 4673 .
2499 4651 2707 4673 -!,.A!-._.
2742 4648 2829 4673 _-.‘I
2872 4648 2995 4673 ..-λι

443 4695 561 4767 suis
579 4708 641 4747 ac
663 4687 982 4746 domesticis
999 4699 1107 4740 non
1128 4679 1394 4754 providet,
1424 4675 1582 4730 Iidem
1619 4667 2013 4742 negavit?Quia

443 4762 651 4844 dictum
665 4791 771 4851 est,
790 4780 1003 4850 inquit:
1028 4775 1092 4830 Et
1113 4772 1444 4830 domesticos
1460 4766 1554 4838 qui
1584 4764 1653 4819 de
1677 4762 1887 4818 semine
1923 4769 2015 4813 tuo

378 4946 385 4952 ,
446 4887 574 4938 sunt
606 4890 676 4933 ne
708 4871 1007 4944 despicias.
1042 4865 1199 4934 Quod
1232 4864 1278 4920 si
1313 4861 1485 4916 Deum
1520 4856 1726 4912 videris
1768 4868 1876 4907 non
1919 4867 2018 4907 nc-

446 4988 595 5044 gare,
616 4969 663 5027 si
690 4976 874 5022 tamen
894 4964 1038 5032 leges
1056 4960 1176 5031 ejus
1197 4950 1623 5025 transgrederis,
1648 4949 1823 5018 ipsum
1850 4945 2016 5000 Deum

450 5038 683 5131 negasti.
732 5056 946 5111 Dictum
996 5057 1082 5105 est
1130 5048 1275 5103 enim
1321 5062 1337 5100 :
1392 5041 1557 5098 Deum
1592 5038 1918 5111 profitentur
1956 5049 2016 5089 se

448 5127 632 5215 nosse,
686 5154 940 5204 caeterum
997 5139 1155 5194 lactis
1196 5145 1417 5205 negant.
1458 5132 1576 5199 Quo
1626 5127 1787 5183 modo
1836 5134 2015 5179 autem

447 5248 531 5296 est
554 5240 719 5294 etiam
745 5230 953 5289 inﬁdeli
978 5227 1238 5284 deterior.
1260 5223 1397 5291 Quia
1430 5220 1676 5276 inﬁdeles
1707 5230 2016 5288 quanquam

450 5346 557 5386 non
588 5326 867 5388 omnibus,
890 5329 948 5377 at
974 5320 1166 5378 saltem
1197 5314 1444 5389 cognatis
1474 5310 1782 5385 provident,
1814 5319 2021 5362 natura:

447 5424 566 5493 lege
591 5416 829 5476 inducti.

516 5491 585 5578 Ὗ,
603 5510 757 5566 9-15.
788 5505 963 5563 Vidua
976 5503 1237 5572 allegatur
1260 5516 1360 5555 non
1374 5499 1544 5553 minor
1556 5495 1709 5550 annis
1724 5491 2023 5561 sexaginta,

449 5604 735 5678 qnefnerit
760 5601 915 5656 unius
934 5596 1032 5652 viri
1054 5610 1211 5658 uxor,
1233 5596 1285 5648 in
1316 5592 1553 5663 operibus
1586 5589 1731 5641 bonis
1756 5586 2026 5639 hominum

448 5673 749 5755 testimonio
792 5688 1135 5759 comprobata
1168 5701 1187 5740 :
1229 5685 1276 5738 si
1317 5683 1505 5738 liberos
1545 5679 1805 5741 educavit,
1843 5676 1889 5729 si
1924 5673 2021 5744 fuit

449 5787 749 5857 hospitalis,
804 5784 849 5840 si
879 5790 1186 5837 sanctorum
1217 5777 1366 5847 pedes
1397 5775 1545 5838 lavit,
1578 5775 1622 5827 si
1664 5771 1866 5843 amicti:
1897 5767 2024 5823 sub-

451 5879 788 5943 ministrarit,
811 5876 858 5930 si
881 5888 1031 5929 omne
1055 5888 1183 5943 opus
1204 5871 1389 5923 bonum
1426 5865 1701 5936 prosecuta
1731 5872 1828 5918 est.
1854 5859 2025 5915 Porro

2092 1994 2392 2067 προσμένει
2425 1995 2546 2054 ταῖς
2593 1991 2829 2062 δεήσεσι.
2859 2007 2878 2041 ι
2926 1986 3074 2057 Αὕτη
3106 1982 3398 2056 τοιγαροῦν
3427 1984 3461 2055 ἠ
3492 1981 3665 2043 ὅντως

2092 2089 2260 2158 χήρα,
2303 2087 2337 2158 ή
2379 2085 2673 2150 ἐλπίζουσα
2707 2083 2799 2136 ἐπὶ
2833 2082 2924 2134 τὲν
2964 2080 3117 2145 Θεὸν,
3151 2078 3246 2132 καὶ
3276 2076 3671 2149 προσμένουσα

2093 2178 2214 2240 ταῖς
2274 2176 2511 2245 δεήσεσι.
2598 2171 2818 2241 Ἐπειδὴ
2891 2170 3000 2240 γὰρ
3059 2168 3265 2240 ἔρημος
3316 2164 3667 2235 ἀνθρωπίνης

2097 2268 2333 2341 ὑπάρχει
2370 2265 2644 2338 βοηθείας,
2681 2262 2907 2325 εἰκότως
2966 2260 3060 2316 ἐπὶ
3099 2260 3193 2314 τὸν
3223 2259 3356 2312 Θεὸν
3392 2257 3671 2325 καταφεύ-

2094 2379 2204 2432 γει.
2244 2380 2262 2413 ι
2303 2361 2369 2413 Ἦ
2424 2359 2481 2412 δὲ
2536 2356 2885 2418 σπαταλῶσα,
2924 2353 3069 2418 ζῶσα
3117 2352 3367 2421 τέθνηκε.
3394 2369 3411 2401 ι
3446 2346 3667 2416 Ἐπειδὴ

2095 2454 2203 2527 γὰρ
2238 2451 2432 2506 πολλαὶ
2448 2451 2544 2520 τὴν
2577 2447 2805 2519 χηρείαν
2822 2446 3125 2517 αἱροῦνται,
3158 2444 3243 2497 ἵνα
3266 2442 3400 2513 μετὰ
3423 2439 3671 2501 πλείονος

2096 2546 2346 2613 ἐξουσίας
2370 2543 2680 2616 πράττωσιν
2699 2540 2841 2610 ἆπερ
2857 2539 2919 2593 οὐ
2944 2539 3072 2610 χρὴ,
3093 2536 3255 2607 φησίν
3279 2550 3291 2563 ·
3327 2553 3346 2584 ι
3368 2533 3430 2586 Ἢ
3450 2532 3504 2584 δὲ
3529 2548 3672 2584 σπα-

2099 2640 2334 2700 ταλῶσα,
2371 2657 2390 2689 ι
2427 2636 2728 2697 τουτέστιν,
2757 2635 2791 2704 ἠ
2816 2633 3104 2705 τρυφῶσα,
3144 2647 3162 2680 t
3187 2627 3335 2693 ζῶσα
3366 2624 3615 2692 τέθνηκε.
3643 2641 3665 2673 ›

2099 2733 2257 2796 Πῶςς
2292 2732 2398 2800 Ζῇν
2439 2729 2548 2796 γὰρ
2580 2726 2809 2781 δοκοῦσα
2858 2724 2959 2794 τὴν
2990 2722 3084 2776 νῦν
3113 2722 3279 2790 ζωὴν,
3326 2718 3423 2788 τὴν
3449 2715 3674 2769 αἰώνιον

2099 2822 2242 2895 ζωὴν
2293 2821 2564 2875 ἀπώλεσε.
2630 2818 2902 2887 Τέθνηκεν
2944 2809 3038 2868 οὗν
3089 2812 3176 2867 διὰ
3229 2814 3328 2879 τῆς
3371 2805 3669 2878 ἁμαρτίας,

2101 2918 2225 2969 ὅσον
2282 2911 2417 2981 πρὸς
2450 2910 2664 2977 ἐκείνην
2707 2906 2801 2976 τὴν
2843 2906 3007 2975 ζωήν.
3066 2921 3084 2955 t
3115 2902 3222 2954 Καὶ
3248 2899 3420 2953 ταῦτα
3455 2898 3675 2965 παράγ-

2099 3007 2309 3076 γελλε.»
2372 2998 2533 3074 Ὁρᾷς
2563 3003 2645 3054 ὅτι
2679 2999 2754 3062 ὼς
2792 2999 2953 3067 νόμον
2980 2996 3042 3049 τὸ
3075 2996 3305 3065 πρᾶγμα
3338 2989 3479 3043 εἰναι
3503 2988 3673 3052 θέλεις

2103 3096 2175 3148 Ui)
2229 3094 2336 3164 γὰρ
2390 3095 2452 3163 τῇ
2502 3089 2820 3163 προαιρέσει
2875 3086 2935 3139 τὸ
2995 3084 3070 3156 μὴ
3120 3084 3328 3153 τρυφᾷν
3362 3080 3673 3149 ἐπιτρέπει,

2102 3188 2288 3258 ὥσπερ
2344 3185 2411 3238 τὰ
2459 3181 2881 3254 κατορθώματα,
2912 3178 3027 3233 ἀλλ’
3056 3178 3131 3241 ὡς
3160 3173 3433 3246 ἁμαρτίαν
3462 3174 3679 3238 ἀπαγο-

2107 3280 2277 3352 ρεύει.
2334 3297 2353 3329 ι
2384 3278 2444 3331 Εἰ
2494 3275 2549 3328 δέ
2595 3292 2679 3337 τις
2704 3273 2812 3325 τῶν
2853 3272 3022 3325 ἰδίων.
3046 3287 3062 3319 ι
3108 3270 3183 3321 Οὐ
3206 3267 3312 3337 γὰρ
3344 3264 3505 3335 ἀρκεῖ
3533 3261 3681 3334 πρὸς

2109 3373 2377 3443 σωτηρίαν
2418 3372 2450 3440 ἡ
2499 3368 2675 3421 οἰκεία
2726 3366 2887 3437 μόνον
2942 3362 3128 3435 ἀρετὴ,
3158 3362 3224 3414 ἂν
3263 3360 3339 3430 μὴ
3372 3361 3465 3412 καί
3495 3356 3684 3411 ἄλλων

2107 3465 2307 3533 προνοῇ
2342 3476 2444 3523 τις.
2504 3458 2637 3528 Περὶ
2697 3457 2752 3509 δὲ
2782 3456 2878 3524 τῆς
2919 3455 3091 3524 χήρας
3130 3450 3306 3504 ταῦτά
3357 3465 3539 3516 φησιν.
3583 3447 3682 3499 Οἱ⁹

2104 3555 2285 3616 κείους
2312 3553 2367 3605 δὲ
2391 3554 2559 3620 λέγει,
2586 3550 2712 3611 τοὺς
2728 3547 2805 3618 τῷ
2834 3547 2982 3616 γένει
3005 3541 3530 3615 προσήκοντας.Ἐνι
3563 3539 3682 3610 γὰρ

2108 3645 2246 3699 εἶναι
2277 3645 2459 3707 ἰδίους,
2486 3638 2595 3697 οἷον
2618 3641 2824 3711 φίλους,
2855 3640 2916 3692 οὐ
2959 3641 3066 3704 μὴν
3096 3637 3185 3689 καὶ
3229 3633 3483 3697 οἰκείους.
3534 3634 3686 3697 Προ-

2109 3741 2324 3809 νοητέον
2349 3737 2441 3791 οὖν
2471 3737 2605 3806 αὐτῇ
2637 3735 2740 3787 τῶν
2770 3734 2932 3794 ἰδίων,
2968 3730 3202 3801 μάλιστα
3230 3728 3282 3780 δὲ
3310 3727 3416 3779 τῶν
3439 3725 3682 3778 οἰκείων.

2112 3834 2288 3903 Ὅπερ
2326 3833 2357 3901 ἡ
2390 3826 2721 3882 σπαταλῶσα
2751 3826 2810 3879 οὑ
2853 3827 3015 3888 ποιεῖ,
3045 3825 3110 3894 τῇ
3142 3822 3318 3891 τρυφῇ
3350 3819 3485 3891 μόνῃ
3511 3833 3691 3886 προσ.

2110 3927 2328 3997 έχουσα.
2360 3943 2377 3974 ι
2400 3921 2511 3976 Καὶ
2536 3920 2768 3990 μάλιστα
2791 3918 2900 3970 τῶν
2929 3917 3165 3969 οἰκείων.
3194 3932 3213 3965 ι
3239 3913 3361 3964 Τῶν
3400 3910 3544 3964 ἰδίων
3578 3907 3684 3961 καὶ

2110 4020 2216 4072 τῶν
2243 4017 2456 4069 οἰκείων
2487 4015 2723 4083 προνοεῖ,
2755 4013 2784 4063 ό
2831 4010 2903 4081 μὴ
2950 4009 3110 4077 μόνον
3147 4006 3255 4059 τῶν
3292 4002 3691 4074 προσηκόντων

2116 4109 2387 4181 προνοῶν,
2421 4106 2555 4160 ἀλλὰ
2584 4107 2679 4158 καὶ
2710 4102 2869 4165 αὐτὸς
2904 4098 3117 4163 ἑαυτοῦ,
3153 4096 3241 4150 διὰ
3264 4094 3355 4148 τοῦ
3387 4092 3693 4145 ἐκκόπτειν

2111 4180 2179 4254 τὰ
2210 4199 2379 4266 πάθη.
2418 4197 2602 4259 Οὕτως
2636 4196 2663 4247 ὁ
2706 4194 2938 4263 Κλήμης
2978 4192 3034 4243 ὲν
3067 4187 3277 4257 ἑϐδόμῳ
3335 4180 3691 4238 ’ῒποτυπώ-

2113 4307 2290 4346 σεων’
2322 4289 2604 4361 Πρόνοιαν,
2631 4288 2728 4356 τήν
2757 4301 2817 4335 τε
2838 4281 2978 4336 κατὰ
3008 4278 3204 4350 ψυχὴν,
3234 4277 3334 4349 τήν
3360 4294 3417 4329 τε
3451 4276 3593 4328 κατὰ
3622 4275 3697 4327 τὸ

2115 4384 2273 4453 σῶμα
2319 4380 2489 4448 λέγει.
2538 4397 2556 4428 ι
2584 4377 2696 4448 Τὴν
2750 4375 2932 4427 πίστιν
2987 4374 3239 4444 ἤρνηται.
3274 4388 3291 4421 ι
3351 4369 3458 4423 Καὶ
3499 4368 3615 4429 πῶς
3652 4369 3692 4439 ὴ

2114 4469 2467 4532 σπαταλῶσα,
2505 4468 2599 4520 καί
2630 4465 2735 4518 τῶν
2772 4464 2915 4517 ἰδίων
2940 4464 3034 4516 καὶ
3065 4461 3173 4515 τῶν
3199 4461 3413 4514 οἰκείων
3457 4458 3519 4511 οὐ
3558 4474 3699 4527 προ-

3046 4554 3189 4617 Ὀτι,
3219 4552 3404 4622 φησίν,
3443 4550 3694 4620 εἴρηται·

2119 4657 2229 4709 Καὶ
2266 4657 2329 4707 ὲκ
2357 4653 2465 4706 τῶν
2494 4651 2708 4705 οἰκείων
2741 4648 2832 4702 τοῦ
2869 4645 3180 4717 σπέρματός
3226 4662 3319 4697 σου
3361 4643 3459 4713 οὐκ
3512 4642 3698 4712 ὑπερ-

2118 4748 2264 4817 όψει.
2323 4746 2384 4800 Ei
2407 4745 2463 4798 δὲ
2495 4745 2670 4805 δοκεῖς
2715 4742 2813 4811 μὲν
2843 4741 2935 4792 τὸν
2963 4737 3096 4790 Θεδν
3130 4738 3203 4806 μὴ
3233 4733 3533 4806 ἀρνεῖσθαι,
3561 4734 3703 4797 τοὺς

2118 4841 2175 4894 δὲ
2204 4841 2400 4907 νόμους
2434 4835 2597 4889 αὐτοῦ
2626 4832 3001 4903 παραϐαίνεις,
3039 4830 3128 4882 τὸν
3158 4827 3290 4880 Θεὸν
3319 4827 3478 4895 ἀρνῇ.
3521 4823 3709 4895 Εἴρη-

2122 4949 2211 4984 ται
2243 4932 2371 5000 γάρ,
2420 4927 2552 4980 Θεὸν
2585 4921 2938 4995 ὁμολογοῦσιν
2990 4920 3208 4984 εἰδέναι,
3237 4920 3351 4979 τοῖς
3397 4915 3452 4968 δὲ
3506 4914 3708 4986 ἑργοι,

2064 5027 2081 5047 ⁸
2123 5021 2435 5092 ἀρνοῦνται.
2471 5018 2593 5080 Πῶς
2621 5017 2680 5070 δέ
2710 5019 2824 5069 ἐστι
2854 5014 2949 5067 καὶ
2972 5012 3202 5066 ἀπίστου
3227 5009 3460 5080 χείρων;
3489 5007 3613 5059 Ὅτι
3649 5008 3711 5061 οἰ

2123 5113 2364 5172 ἀπστοι,
2406 5110 2455 5161 εἰ
2493 5105 2696 5175 καὶμὴ
2738 5105 2973 5164 πάντων,
3026 5099 3135 5153 τῶν
3179 5095 3457 5167 συγγενῶν
3506 5096 3714 5167 μέντοι

2125 5200 2416 5272 προνοοῦσι
2437 5198 2526 5252 διὰ
2548 5196 2639 5250 τὸν
2661 5195 2825 5266 νόμον
2853 5194 2951 5261 τῆς
2987 5190 3227 5261 φύσεως.

2196 5480 2360 5549 Χήρα
2417 5471 2850 5542 καταλεγέσθω,
2905 5467 2993 5540 μὴ
3044 5469 3298 5524 ἔλαττον
3346 5466 3498 5522 ἐτῶν
3553 5467 3721 5537 ἐξῆ..

2128 5589 2343 5635 κοντα,
2382 5566 2659 5641 γεγονυῖα
2709 5565 2848 5628 ἐνὸς
2890 5561 3109 5630 ἀνδρὸς
3148 5561 3337 5630 γυνὴ,
3386 5559 3456 5613 ἐν
3501 5561 3726 5629 ἔργοις

2130 5663 2337 5727 καλοῖς
2396 5656 2873 5731 μαρτυρουμένη,
2947 5655 3001 5707 εὶ
3051 5652 3586 5720 ἐτεκνοτρόφησεν,
3658 5654 3729 5707 ει

2129 5755 2594 5825 ἐξενοδόχησεν,
2631 5751 2684 5803 εἰ
2727 5749 2910 5818 ἁγίων
2950 5744 3141 5809 πόδας
3163 5744 3397 5812 ἔνιψεν,
3422 5743 3476 5796 εἰ
3501 5744 3731 5797 θλιϐο-

2128 5850 2333 5921 μένοις
2364 5848 2725 5916 ἐπήρκεσεν,
2770 5842 2823 5895 εἰ
2859 5837 3040 5893 παντί
3081 5836 3230 5907 ἔργῳ
3256 5834 3454 5904 ἀγαθῷ
3478 5834 3734 5901 ἐπηκο-
