3988 6566
408 412 479 477 ’Π
1364 417 1747 479 COMMENT.
1785 417 1859 477 ΙΝ
1914 416 1957 475 Ε

2064 416 2150 479 5T.
2194 420 2219 478 Ι
2250 422 2349 483 AD
2387 418 2701 486 ΤΕΜΟΤΗ.
2736 467 2741 472 ι

3536 415 3637 477 178

348 525 652 592 λούθησε.
717 526 1022 595 Νεωτέρας
1057 526 1126 581 δὲ
1165 527 1357 598 χήρας
1406 530 1719 599 παραιτοῦ.
1771 528 1949 580 Ὅταν

2064 526 2286 588 iuniores
2310 535 2494 590 viduas
2523 537 2686 608 refice
2711 552 2728 590 :
2764 552 2881 590 cum
2909 536 3047 590 enim
3077 532 3268 589 lascive
3291 530 3497 603 egerint
3536 532 3634 581 ad-

352 619 475 690 τύρ
518 622 1087 692 καταστρηνιάσωσι
1128 626 1235 681 τοῦ
1283 626 1567 695 Χριστοῦ.
1603 624 1815 695 γαμεῖν
1854 623 1952 679 ee-

350 717 606 780 λουσιν,
653 716 909 784 ἔχουσαι
956 717 1155 787 κρῖμα,
1210 718 1297 773 ὅτι
1341 719 1453 787 τὴν
1479 720 1721 786 πρώτην
1745 718 1955 772 πίστιν

353 806 692 875 ἠθέτησαν.
731 809 887 878 Ἅμα
914 809 983 863 δὲ
1018 810 1118 864 καί
1147 811 1321 881 ἀργαὶ
1356 811 1761 881 μανθάνουσι,
1795 827 1957 879 περι-

352 900 682 968 ερχόμεναι
716 899 825 967 τὰς
879 903 1095 968 οἰκίας.
1137 905 1220 958 Οὐ
1258 906 1449 971 μόνον
1468 903 1537 957 δὲ
1556 903 1756 973 ἀργαὶ,
1793 902 1956 958 ἀλλὰ

357 991 466 1046 καί
534 993 792 1061 φλύαροι
846 993 945 1048 καὶ
1007 997 1301 1067 περίεργοι
1326 1037 1341 1062 ,
1397 995 1700 1051 λαλοῦσαι
1759 993 1831 1049 τὰ
1866 993 1953 1065 μὴ

358 1083 605 1141 δέοντα.

427 1176 713 1232 -Ενταῦθα
740 1180 835 1232 καὶ
867 1178 966 1251 τὴν
997 1180 1214 1251 ἡλικίαν
1257 1182 1354 1235 σὺν
1382 1184 1491 1246 τοῖς
1519 1181 1699 1246 ἄλλοις
1733 1199 1956 1253 περιερσ

368 1266 625 1335 γάζεται,
659 1272 754 1324 καὶ
783 1273 884 1343 τὴν
909 1275 1090 1328 αἰτίαν
1121 1277 1345 1346 πρωῖὼν
1378 1276 1552 1345 λέγει,
1576 1276 1651 1341 ὡς
1681 1277 1747 1330 Εἴ
1775 1294 1837 1346 γε
1861 1276 1957 1329 καὶ⁸

362 1360 636 1430 ἐξήκοντα
681 1365 768 1435 είη
795 1366 955 1431 ἐτῶν,
985 1367 1053 1421 τὰ
1080 1367 1138 1421 δὲ
1164 1367 1331 1422 λοιπὰ
1357 1370 1432 1439 μὴ
1468 1370 1604 1443 ἔχει,
1662 1372 1736 1442 μὴ
1787 1388 1959 1425 κατα-

366 1451 635 1521 λεγέσθω.
668 1456 809 1511 Φασὶ
838 1456 897 1510 δέ
929 1459 1027 1521 τὰς
1066 1460 1148 1522 είς
1205 1460 1265 1513 τὸ
1325 1461 1557 1531 χηρικὸν
1615 1462 1956 1533 τεταγμένας

366 1545 575 1613 λέγειν.
610 1566 719 1600 -υι
769 1548 858 1602 Ἐν
887 1550 1069 1622 ἔργοις
1092 1551 1297 1616 καλοῖς.
1331 1572 1348 1604 ι
1384 1550 1734 1625 [ΟῙΚ()ΥΜ.]
1772 1552 1958 1607 Εἰπὼν

368 1637 628 1705 γενικῶς,
663 1659 684 1691 ι
728 1641 815 1694 Ἐν
842 1642 1024 1714 ἔργοις
1052 1644 1259 1709 καλοῖς,
1289 1665 1308 1697 ι
1338 1645 1525 1700 λοιπὸν
1570 1647 1797 1710 καὶτοῖς
1825 1646 1960 1699 καθ-

365 1728 607 1783 ἐκαστον
636 1733 1012 1805 ἐπεξέρχεται.
1040 1736 1114 1789 Τδ
1167 1737 1224 1790 δὲ
1286 1742 1385 1809 τῆς
1438 1738 1828 1807 τεκνοτροφίας
1866 1740 1959 1793 καὶ

367 1820 484 1875 ἄνω
500 1818 646 1878 εἷπε.
671 1825 737 1877 Τί
750 1821 864 1892 οὖν,
889 1827 937 1879 εί
962 1829 1037 1898 μὴ
1057 1827 1170 1898 ἔχει
1187 1831 1385 1895 παῖδας
1402 1850 1417 1900 ;
1435 1832 1515 1887 Τὰ
1532 1832 1696 1886 λοιπὰ
1710 1833 1953 1887 ποιείτω.

371 1932 393 1965 ι
420 1915 484 1969 Ei
516 1914 918 1989 ἐξενοδόχησεν.
949 1939 967 1971 ι
1014 1916 1180 1993 Ὁρᾷς
1201 1924 1284 1976 ὅτι
1311 1926 1404 1977 καὶ
1433 1925 1672 1980 ἐνταῦθα.
1704 1928 1803 1992 τὰς
1848 1928 1957 1983 τῶν

364 2008 590 2063 οίκείιυν
629 2011 951 2081 εὐεργεσίας
984 2014 1274 2085 προτίθησι
1321 2018 1428 2073 τῶν
1452 2022 1531 2083 είς
1586 2021 1714 2085 τοὺς
1768 2023 1954 2089 ἐξωτι-

366 2100 534 2166 κοὺςς
567 2101 753 2158 Εἰπὼν
770 2105 881 2174 γὰρ
902 2106 1141 2176 πρῶτον,
1176 2127 1194 2158 ι
1223 2109 1283 2163 Et
1307 2111 1793 2184 ἐτεκνοτρόφησεν,
1820 2135 1838 2167 ι
1869 2113 1958 2169 οὖ-

363 2205 475 2252 τως
509 2190 708 2256 ἐπάγει
761 2192 844 2256 τὸ,
890 2193 1323 2270 Ἐξενοδόχησεν.
1395 2220 1415 2254 ι
1476 2204 1537 2255 Εἰ
1579 2205 1750 2273 ἁγίων
1793 2206 1959 2270 πόδας

366 2280 573 2352 ἔνιψεν.
606 2301 624 2335 ι
666 2283 967 2356 Ἀλλ¹ἐρεῖ,
1001 2288 1083 2342 ὅτι
1133 2292 1373 2362 Πενιχρίι
1411 2296 1549 2365 εἰμι,
1588 2296 1681 2350 καὶ
1712 2297 1952 2370 ξενοτρο-

369 2377 494 2442 φείν
518 2376 619 2431 οὐκ
643 2377 888 2450 εὐπορῶ,
944 2380 1067 2435 οὔτε
1122 2382 1462 2454 θλιϐομένοις
1510 2388 1839 2457 ἐπαρκέσαι.
1865 2389 1956 2459 Μὴ

369 2466 565 2536 ἁγίων,
601 2474 756 2542 φησὶ,
787 2474 950 2537 πόδας
982 2476 1134 2545 νίψαι
1182 2477 1283 2531 οὐκ
1308 2478 1489 2548 ἐχεις;
1515 2480 1606 2551 Μὴ
1646 2479 1725 2552 τῷ
1756 2480 1957 2553 ἁγαθῴ

368 2561 519 2632 ἔργῳ
550 2563 942 2621 ἐπακολουθεῖν
976 2568 1239 2640 εὐπορίας
1264 2570 1490 2641 χρῄζει;
1524 2572 1681 2627 Κατὰ
1733 2575 1839 2646 γὰρ
1890 2573 1960 2628 τὰ

370 2653 729 2725 ἐγχωροῦντα
757 2655 964 2710 τούτων
993 2657 1223 2714 ἕκαστον
1242 2662 1480 2734 εἴρηκεν.
1515 2683 1533 2717 ι
1562 2666 1624 2718 Εἰ
1657 2666 1828 2734 ἁγίων
1857 2666 1958 2721 πό-

369 2747 469 2812 δας
491 2747 644 2819 ἔνιψε
675 2767 689 2781 ·
726 2769 745 2803 ι
781 2753 1083 2820 τουτέστιν,
1129 2756 1178 2808 εί
1234 2755 1333 2820 τὰς
1365 2759 1609 2829 ἐσχάτας
1654 2760 1959 2831 ὑπηρεσίας

370 2844 490 2907 τοῖς
510 2843 689 2911 ἁγίοις
712 2844 1161 2916 ἀνεπαισχύντως
1185 2848 1513 2914 ἐξετέλεσεν.
1543 2851 1730 2916 Οὕτως
1757 2856 1782 2906 ὁ
1812 2854 1959 2925 Κλή-

374 2953 486 3004 μης
510 2938 569 2990 ἐν
618 2936 835 3008 ἑϐδόμῳ
872 2938 1369 2997 ’Υποτυπὼσεων.
1437 2963 1455 2995 ι
1490 2944 1552 2997 Ei
1609 2947 1770 3000 παντὶ
1811 2948 1958 3019 ἔργῳ

369 3028 585 3099 ἀγαθῷ.
622 3047 641 3082 ι
676 3023 826 3095 Οἶον,
887 3029 1268 3102 ἐκοινώνησεν,
1326 3036 1692 3108 ὑπηρέτησεν.
1757 3039 1820 3093 Εἰ
1850 3040 1958 3111 γὰρ

369 3122 469 3174 καί
510 3120 856 3192 ἐργάσασθαι
900 3124 1001 3177 οὐκ
1054 3126 1297 3197 εὐπορεῖ,
1360 3129 1701 3202 ὑπηρετῆσαι
1777 3135 1958 3204 μέντοι

1986 1874 2034 1933 Β

2056 643 2232 684 versus
2265 629 2560 699 Christum,
2620 633 2811 689 nubere
2861 634 3064 694 volunt,
3108 626 3358 685 habentes
3399 625 3640 682 eandem-

2056 722 2321 778 nationem
2387 728 2526 796 quod
2601 727 2831 797 primum
2897 725 3054 794 ﬁdem
3110 721 3405 792 rejecerint.
3466 716 3639 773 Simul

2057 823 2232 870 autem
2261 826 2313 871 et
2357 818 2541 873 otiosa’
2583 821 2795 873 discunt
2824 818 3106 874 circumire
3145 816 3329 869 domos
3362 828 3379 866 :
3409 815 3512 864 imo
3535 826 3639 863 non

2056 907 2230 961 solum
2257 911 2443 966 otiosce
2491 927 2689 978 verum,
2719 911 3140 983 etiamgorrula:
3192 917 3240 963 et
3283 907 3531 967 curiosae,
3567 902 3642 955 lo-

2057 1008 2270 1068 quentes
2304 1018 2418 1071 qua:
2447 1019 2548 1056 non
2580 1010 2802 1071 oportet.
3094 998 3099 1009 ”

2130 1180 2229 1237 [lic
2280 1190 2493 1238 aetatem
2544 1199 2764 1255 quoque
2795 1199 2920 1239 cum
2958 1181 3170 1238 caeteris
3200 1192 3323 1252 quae
3369 1180 3471 1232 hoc
3520 1177 3669 1231 loco”

2059 1285 2340 1345 ponuntur
2372 1277 2596 1332 omnino
2634 1279 2884 1346 requirit,
2910 1286 2964 1332 et
2994 1290 3215 1331 causam
3255 1274 3308 1329 in
3342 1284 3640 1349 progressu
3658 1285 3671 1293 ·“

2060 1368 2214 1437 ponit
2247 1389 2260 1423 :
2296 1369 2370 1424 ita
2410 1368 2553 1439 quod
2600 1370 2727 1425 licet
2776 1370 3058 1439 sexaginta
3093 1368 3163 1422 sit
3195 1379 3490 1429 annorum,
3534 1360 3639 1416 nisi

2059 1468 2114 1516 et
2142 1466 2337 1515 caetera
2363 1461 2578 1524 habeat,
2613 1477 2720 1515 non
2755 1461 3038 1533 ailegatur.
3067 1460 3234 1514 Aiunt
3263 1463 3444 1512 autem
3475 1453 3645 1523 238

2062 1553 2239 1623 ipsum
2292 1553 2414 1610 illas
2448 1553 2650 1620 dicere,
2682 1570 2801 1625 qua:
2852 1554 2908 1609 in
2943 1553 3217 1609 vidualem
3252 1549 3500 1606 ordinem
3541 1546 3639 1601 de-

2063 1655 2264 1716 Ρυῑθιέε
2294 1653 2444 1702 sunt.
2465 1677 2535 1687 —
2568 1667 2586 1699 ι
2633 1649 2687 1702 In
2723 1648 2983 1720 Operibus
3016 1646 3197 1703 bonis.
3231 1664 3249 1698 ι
3290 1642 3391 1699 Ubi
3415 1656 3644 1715 genera-

2062 1740 2187 1797 liter
2217 1740 2395 1800 dixit:
2433 1743 2491 1798 ln
2524 1743 2786 1813 operibus
2820 1742 3001 1805 bonis,
3028 1746 3434 1808 consequenter
3473 1736 3638 1791 etiam

2062 1834 2325 1902 specialia
2347 1846 2654 1891 enumerat.
2681 1834 2755 1890 De
2777 1836 3077 1889 liberorum
3102 1842 3284 1888 autem
3312 1828 3641 1886 educatione

2061 1924 2319 1993 Superius
2361 1939 2582 1996 quoque
2620 1926 2759 1980 dixit
2792 1944 2807 1980 :
2854 1924 2997 1991 Quid
3025 1940 3157 1995 ergo
3208 1923 3255 1978 si
3288 1937 3396 1976 non
3446 1919 3644 1973 habeat

2062 2016 2301 2072 liberos?
2325 2016 2514 2072 Faciat
2543 2030 2764 2074 caetera.
2802 2038 2821 2071 ι
2857 2021 2913 2074 Si
2939 2018 3046 2073 fuit
3079 2016 3388 2086 hiisuitalis.
3428 2033 3447 2066 ιλ
3476 2012 3671 2067 Vides»

2060 2111 2208 2181 quod
2244 2121 2304 2165 et
2352 2113 2438 2167 hic
2491 2113 2666 2167 officia
2703 2131 2828 2183 erga
2886 2114 3162 2183 proprios,
3216 2111 3325 2163 illis
3378 2107 3662 2177 przepouit‘

2060 2222 2183 2277 quae
2217 2215 2349 2261 sunt
2379 2224 2507 2278 erga
2537 2208 2875 2263 extraneos?
2902 2205 3004 2261 Ubi
3030 2206 3172 2260 enim
3214 2204 3355 2257 dixit
3380 2219 3395 2259 :
3425 2201 3479 2256 Si
3518 2199 3645 2255 iibe-

2062 2313 2155 2352 ros
2207 2299 2485 2362 educavit,
2543 2299 2729 2354 subdit
2773 2308 3222 2367 consequenter:
3281 2294 3336 2350 Si
3387 2296 3490 2349 fuit
3544 2295 3642 2347 ho—

2061 2392 2295 2462 spitalis.
2331 2411 2351 2444 ι
2398 2393 2452 2448 Si
2504 2404 2820 2448 sanctorum
2860 2392 3025 2464 pedes
3061 2393 3211 2445 lavit.
3253 2410 3270 2442 ι
3308 2388 3417 2446 Sed
3450 2388 3591 2441 dicet
3624 2404 3637 2441 :

2060 2486 2401 2557 Paupercula
2431 2503 2575 2553 sum,
2611 2502 2713 2541 nec
2756 2487 3047 2540 facultates
3075 2484 3206 2539 mihi
3252 2489 3554 2553 suppetunt
3585 2487 3642 2531 ut

2060 2581 2164 2636 sim
2200 2580 2489 2651 hospitalis
2518 2581 2601 2636 vel
2636 2579 2853 2634 aﬂliclis
2885 2578 3319 2633 subministrem.
3349 2572 3491 2628 Num
3514 2589 3645 2628 sau-

2061 2686 2298 2742 ctorum,
2333 2676 2533 2747 inquit,
2569 2677 2734 2746 pedes
2784 2675 2969 2730 lavare
3009 2689 3117 2728 nou
3168 2670 3361 2742 potes?
3389 2669 3526 2724 Num
3557 2668 3635 2721 fa-

2062 2768 2239 2824 cultas
2285 2767 2440 2823 deest
2473 2778 2532 2822 ut
2586 2767 2728 2821 bona
2781 2780 2945 2835 opera
3000 2761 3386 2832 prosequaris?
3434 2757 3641 2814 lim-um

2061 2861 2208 2916 enim
2249 2860 2467 2931 singula
2500 2859 2640 2914 dixit
2680 2860 2839 2929 juxta
2887 2873 2949 2911 ea
2977 2871 3099 2927 qua:
3147 2862 3467 2924 suppetunt.
3524 2871 3541 2907 ι
3586 2848 3643 2905 Si

2062 2962 2379 3009 sanctorum
2418 2951 2583 3023 pedes
2626 2951 2760 3006 lavit
2790 2969 2802 3006 :
2846 2971 2863 3003 ι
2912 2950 3015 3005 hoc
3040 2956 3148 3014 est,
3185 2947 3230 3002 si
3267 2955 3508 3002 extrema
3540 2944 3643 2996 mi-

2062 3045 2285 3099 nisteria
2313 3025 2521 3099 sanctis
2546 3044 2751 3111 absque
2773 3042 2970 3096 rubore
2996 3038 3267 3105 exhibuit.
3292 3040 3364 3091 lta
3388 3034 3651 3089 Clemens

2064 3137 2300 3205 septimo
2350 3134 2827 3205 Informationum.
2890 3152 2909 3184 ι
2972 3131 3027 3184 Si
3067 3146 3229 3185 omne
3255 3144 3397 3198 opus
3432 3129 3638 3182 bonum

371 3222 621 3293 εὐπορεῖ.
658 3241 679 3276 ι
705 3224 998 3296 Νεωτέρας
1054 3225 1110 3279 δὲ
1158 3227 1334 3298 χήρας
1378 3228 1673 3299 παραιτοῦ.
1702 3247 1720 3280 ι
1749 3230 1814 3282 Τί
1857 3229 1953 3299 δή·

2066 3234 2351 3295 prosecuta
2380 3235 2505 3281 est:
2542 3244 2557 3275 ι
2599 3225 2701 3279 hoc
2731 3232 2837 3290 est,
2870 3220 3325 3285 communicavit,
3368 3217 3639 3275 submini-
3688 3251 3697 3255 -

371 3331 530 3383 me,
575 3316 757 3370 καίτοι
800 3319 1045 3388 μείζονος
1074 3318 1283 3387 ἀγῶνος
1317 3320 1469 3384 ὄντος
1520 3321 1614 3374 ἐπὶ
1656 3322 1766 3375 τῶν
1816 3339 1958 3393 παρ-

372 3405 568 3474 θένων,
607 3410 847 3482 οὐδαμοῦ
880 3412 1130 3481 φαίνεται
1199 3414 1394 3485 χρόνου
1446 3418 1834 3488 παρατήρησιν
1876 3420 1958 3472 sic

372 3498 524 3568 nim;
554 3500 678 3556 Ὅτι
718 3504 925 3557 ἐκεῖναι
955 3503 1064 3558 ἀπὸ
1103 3504 1349 3575 μείζονος
1385 3508 1482 3578 τῆς
1514 3511 1572 3561 ὲν
1606 3509 1786 3563 πίστει
1833 3509 1961 3583 θερ-

378 3595 614 3666 μότητος
643 3597 723 3659 είς
753 3595 913 3651 τοῦτο
943 3592 1124 3672 ἦλθον,
1154 3592 1315 3653 αὗται
1358 3600 1412 3652 δὲ
1442 3601 1536 3653 καὶ
1580 3603 1797 3675 ἀνάγκη
1850 3605 1959 3659 τινὶ

371 3688 440 3757 τῇ
472 3687 537 3740 ἐκ
562 3687 663 3757 τῆς
690 3689 947 3760 ἐρημίας
982 3690 1014 3761 ἢ
1046 3691 1125 3744 ὅτι
1174 3690 1271 3744 καὶ
1299 3691 1389 3744 ἐπὶ
1427 3692 1534 3745 τῶν
1567 3695 1852 3763 παρθένων
1882 3696 1960 3748 sio

375 3778 519 3843 πὼν,
550 3780 930 3852 Εὐπρόσεδρον
967 3785 1059 3837 καὶ
1084 3785 1152 3838 τὰ
1184 3783 1279 3837 τοῦ
1314 3784 1517 3855 Κυρίου
1579 3787 1956 3857 μεριμνῶσαν,

358 3852 584 3941 ’πολλὴν
617 3872 907 3944 ἀκρίϐειαν
958 3876 1319 3948 ἐπεζήτησεν.
1368 3852 1599 3934 ("om
1642 3852 1958 3953 καταστρηέ

382 3964 621 4018 νιὰσωσι
646 3965 741 4018 τοῦ
767 3966 1026 4036 Χριστοῦ.
1070 3988 1089 4021 ι
1147 3971 1309 4032 Ἴσως
1370 3965 1513 4041 ἦσαν
1543 3971 1700 4026 τοῦτο
1732 3990 1960 4045 πεποιη-

376 4056 534 4111 κῦιαί
563 4074 731 4120 τινες.
764 4059 907 4132 Ὅρα
944 4060 1022 4129 δὲ,
1066 4063 1152 4116 ὅτι
1185 4064 1277 4116 καὶ
1309 4065 1365 4116 αἱ
1411 4064 1582 4128 ὅντως
1637 4066 1827 4137 χῆραι,
1880 4068 1959 4138 τῷ

374 4148 603 4221 Χριστῷ
630 4151 982 4221 ἁρμόζονται.
1026 4152 1425 4224 ’Δρμοξόμεναι
1447 4154 1523 4220 δὲ,
1555 4157 1612 4208 ἐν
1632 4155 1783 4220 τάξει
1818 4174 1959 4228 παρ-

364 4230 551 4296 ’θόνων
573 4241 951 4299 καθίστανται.
995 4266 1013 4297 ι
1053 4244 1416 4317 Ἦρμοσάμην
1444 4247 1551 4317 γὰρ
1576 4248 1957 4322 ὑμᾶς,’φησὶν,

375 4336 461 4390 ἐνὶ
514 4334 672 4407 ἀνδρὶ
729 4337 1002 4407 παρθένον
1051 4340 1245 4410 ἁγνὴν,
1308 4342 1659 4411 παραστῆσαι
1684 4340 1772 4412 ξτῷ
1822 4341 1958 4411 Χρι-

373 4426 512 4499 στῷ.
553 4447 573 4481 ι
610 4426 799 4483 Ταῦτα
827 4429 884 4484 δέ
916 4431 1053 4502 προς
1107 4433 1288 4485 πᾶσαν
1318 4432 1648 4505 Ἐκκλησίαν
1696 4434 1955 4505 ἁρμόζει.

372 4520 444 4574 Τί
474 4520 530 4574 δὲ
556 4520 637 4585 τὸ,
679 4520 856 4576 Ὅταν
884 4523 1471 4591 καταστρηνιάσωσι,
1501 4524 1748 4596 βούλεται
1769 4544 1783 4594 ς
1805 4547 1958 4583 τουτ-

375 4611 551 4676 έστιν,
597 4611 728 4665 ὃταν
773 4612 1311 4681 καταϐλακευθὼσιν,
1344 4617 1473 4671 ὅταν
1500 4618 1952 4691 καταθρυφθῶσι,

370 4705 679 4771 τουτέστιν,
721 4705 849 4761 ὅταν
880 4708 1237 4773 ἁκκισθῶσιν,
1280 4709 1407 4764 ὅταν
1460 4710 1957 4785 καθυπερηφανεύ-

373 4814 580 4851 σωνται
608 4797 701 4851 τοῦ
734 4798 993 4871 Χριστοῦ,
1033 4798 1107 4871 μὴ
1133 4800 1565 4872 καταδεχόμεναι
1618 4805 1782 4859 αὐτὸν
1823 4823 1958 4879 νυμ-

372 4888 521 4961 φίον,
546 4890 877 4944 ἐκπίπτουσι
909 4890 1099 4945 λοιπὸν
1131 4893 1212 4956 είς
1253 4892 1343 4946 τὸν
1372 4893 1571 4963 γάμον.
1615 4897 1691 4949 Οὐ
1723 4898 1833 4967 γὰρ
1879 4898 1961 4952 εἴ·

370 4981 531 5033 λοντο
554 4980 652 5053 τὴν
680 4980 907 5052 χηρείαν
936 4982 1076 5052 μετὰ
1096 4982 1335 5052 κρίσεως
1359 4984 1643 5055 λογισμοῦ.
1668 5006 1686 5039 ι
1713 4987 1833 5042 ’Ὁτι
1859 4989 1958 5060 τὴν

375 5073 606 5147 πρώτην
630 5077 817 5129 πίστιν
850 5074 1148 5147 ἠθέτησαν.
1193 5097 1215 5130 ι
1247 5079 1359 5149 Τὴν
1412 5079 1551 5152 πρὸς
1593 5078 1684 5134 τὸν
1728 5081 1965 5153 Χριστὸν

376 5166 655 5236 συνθήκην
708 5167 866 5239 φησί.
910 5166 1248 5237 Συνθέμεναι
1291 5169 1400 5242 γὰρ
1454 5170 1607 5242 αὐτῷ
1663 5172 1963 5244 ἡρμόσθαι,

376 5257 665 5315 ἀθετοῦσιν
695 5260 878 5326 αὐτὸν,
912 5261 1005 5314 ἐπὶ
1054 5260 1398 5333 ἀνθρώπινον
1431 5265 1728 5337 ἐρχόμεναι
1757 5268 1959 5337 γάμον.

376 5353 534 5407 Μετὰ
557 5353 619 5407 δὲ
642 5352 820 5421 τοῦτο,
839 5354 934 5409 καὶ
965 5353 1112 5427 ἄλλῳ
1152 5356 1545 5429 ἁμαρτήματι,
1586 5362 1774 5430 φησὶν,
1831 5363 1962 5416 ὐπο-

375 5443 662 5513 πίπτουσι,
694 5448 763 5518 τῇ
778 5446 970 5519 ἀργίᾳ.
997 5446 1073 5500 Οὐ
1100 5446 1264 5517 μόνον
1285 5446 1578 5521 τοιγαροῦν
1627 5449 1857 5523 ἀνδράσι
1900 5453 1962 5506 τὸ

375 5535 708 5605 ἐργάξεσθαι
740 5535 1101 5609 προσέταξεν,
1146 5538 1282 5595 ἀλλὰ
1313 5537 1407 5594 καὶ
1446 5540 1683 5609 γυναιξί.
1710 5543 1827 5597 Πᾶν
1851 5542 1959 5616 γὰρ

385 5625 579 5691 κακὸν,
639 5624 698 5692 ἐξ
761 5627 963 5699 ἀργίας
1006 5629 1271 5687 τίκτεται.
1329 5648 1349 5683 ι
1385 5628 1537 5702 Ἅμα
1563 5631 1620 5686 δὲ
1651 5631 1747 5689 καὶ
1791 5633 1962 5705 ἀργαὶ

382 5714 737 5786 μανθάνουσι.
779 5734 797 5769 ι
846 5718 967 5782 Πῶς
985 5718 1046 5776 δὲ
1076 5719 1246 5792 ἀργαὶ
1283 5719 1693 5797 μανθάνουσινξ
1761 5722 1957 5795 "Exom-

458 5893 501 5925 ³⁸
545 5890 705 5953 lCor.
745 5912 839 5966 vn,
867 5897 955 5953 52.
1035 5896 1080 5930 "
1112 5898 1157 5956 ι]
1188 5897 1321 5957 Cor.
1350 5898 1521 5968 ηδτ..

2063 3317 2277 3372 stravit.
2312 3315 2635 3387 Quanquam
2665 3314 2812 3370 enim
2857 3313 3087 3368 facultas
3113 3312 3255 3367 desit
3301 3311 3371 3366 ad
3404 3326 3643 3381 operan-

2062 3409 2218 3474 dum,
2271 3409 2429 3464 adest
2479 3419 2656 3463 tamen
2688 3407 2924 3463 facultas
2959 3404 3025 3460 ad
3083 3402 3649 3459 subministrandum.

2070 3519 2087 3552 ι
2128 3500 2299 3555 Porro
2322 3502 2571 3571 juniores
2596 3498 2791 3556 viduas
2820 3498 3005 3570 rejice.
3045 3515 3065 3549 ι
3095 3493 3487 3563 Quamobrem,
3517 3507 3651 3545 cum

2065 3595 2241 3665 majus
2281 3595 2335 3650 lit
2365 3596 2419 3649 in
2453 3595 2759 3667 virginibus
2792 3600 3093 3658 certamen,
3127 3604 3396 3660 nusquam
3428 3586 3647 3640 videtur

2064 3689 2327 3757 tempatis
2378 3686 2818 3742 observationem
2871 3679 3219 3755 exprimere?
3265 3678 3403 3746 Quia
3459 3677 3563 3730 illa:
3613 3692 3645 3727 a

2065 3781 2257 3851 majori
2294 3780 2416 3835 ﬁdei
2452 3780 2668 3836 fervore
2699 3779 2766 3834 ad
2811 3779 2917 3833 hoc
2946 3784 3239 3839 venerunt,
3274 3775 3354 3828 hac
3384 3787 3510 3827 vero
3544 3786 3639 3824 ne-

2062 3877 2323 3932 cessitate
2358 3875 2592 3946 quadam
2653 3890 2760 3945 qua
2808 3871 3162 3929 solitudinem
3219 3869 3485 3939 sequitur.
3536 3865 3644 3918 Aut

2063 3967 2210 4041 quod
2251 3968 2417 4024 etiam
2449 3950 2515 4022 de
2544 3967 2869 4037 virginibus
2893 3966 3082 4019 dicens
3110 3963 3257 4033 quod
3300 3960 3524 4016 assidua
3570 3957 3643 4012 sit

2062 4072 2114 4117 et
2139 4068 2297 4115 curet
2322 4075 2442 4132 quae
2488 4059 2699 4114 Domini
2730 4071 2860 4112 sunt
2894 4057 2967 4122 ⁸⁸,
3008 4069 3263 4125 magnam
3304 4051 3641 4124 diligentiam

2062 4152 2334 4209 adhibuit.
2386 4171 2406 4204 ι
2458 4149 2594 4205 Cum
2650 4152 2855 4207 lascive
2901 4147 3118 4220 egerint
3171 4144 3437 4200 adversus
3488 4142 3643 4197 Chri-

2064 4259 2232 4303 stum.
2274 4266 2293 4300 ι
2331 4247 2503 4302 Erant
2528 4243 2781 4299 fortassis
2815 4241 3089 4296 ntmnullte
3113 4253 3235 4310 qua:
3258 4238 3361 4292 hoc
3394 4241 3643 4306 egerant.

2068 4339 2201 4396 Vide
2235 4349 2417 4395 autem
2445 4336 2589 4409 quod
2617 4351 2741 4392 vere
2780 4332 2951 4388 viduae
2984 4334 3147 4387 etiam
3174 4330 3397 4388 Christo
3442 4327 3642 4398 adjun-

2064 4444 2268 4507 guntur
2301 4451 2314 4488 :
2343 4448 2466 4504 quae
2490 4439 2670 4486 autem
2714 4429 2817 4500 ipsi
2869 4427 3269 4498 adiunguntur,
3305 4425 3358 4478 in
3392 4421 3643 4477 ordinem

1995 4562 2039 4617 η
2065 4528 2338 4599 virginum
2368 4525 2800 4581 constituuntur.
2856 4541 2873 4574 ι
2909 4520 3147 4591 Adiunxi
3179 4534 3295 4583 vos,
3325 4517 3525 4586 inquit,
3551 4515 3651 4570 uni

2070 4621 2185 4677 viro
2218 4626 2275 4673 ut
2325 4617 2590 4687 virginem
2628 4623 2836 4670 castam
2874 4611 3211 4669 exhiberetis
3245 4610 3466 4665 Christo
3513 4608 3581 4663 ⁸ο.
3621 4625 3641 4659 ι

2068 4713 2191 4769 llaec
2214 4721 2394 4767 autem
2422 4709 2694 4766 universis
2721 4715 2874 4779 aptat
2902 4705 3184 4761 Ecclesiis.
3215 4705 3485 4760 (laterum
3514 4701 3645 4774 quid

2065 4807 2169 4863 sibi
2196 4807 2307 4861 vult
2328 4807 2456 4858 ὅταν
2484 4798 3033 4874 καταστρηνιάσωσιῖ
3049 4801 3150 4853 hoc
3164 4805 3269 4863 est,
3290 4794 3514 4869 quando
3534 4805 3646 4850 tor-

2067 4898 2303 4970 puerint,
2323 4896 2542 4967 quando
2560 4893 2915 4960 lascivierint,
2936 4891 3159 4963 quando
3182 4890 3304 4947 ficte
3326 4897 3668 4946 recusantes

2069 4992 2327 5047 deiitiatae
2358 4991 2581 5057 fuerint,
2611 4988 2830 5060 quando
2866 4986 3103 5057 superbe
3134 4984 3347 5056 egerint
3379 4983 3646 5039 adversus

2068 5086 2372 5150 Christum,
2426 5097 2535 5136 non
2592 5079 2959 5146 suscipientes
3009 5076 3189 5147 ipsum
3235 5088 3524 5146 sponsum,
3579 5072 3645 5125 ad

2066 5175 2288 5246 nuptias
2340 5174 2600 5243 deinceps
2652 5169 2946 5235 excidunt;
2996 5181 3107 5222 non
3165 5166 3309 5221 enim
3365 5164 3666 5221 viduitatis-

2065 5274 2267 5323 statum
2303 5265 2512 5337 judicio
2545 5260 2775 5317 rationis
2800 5259 3138 5331 delegerunt.
3173 5275 3189 5309 ι
3222 5255 3378 5323 Quod
3412 5255 3644 5326 primam

2068 5357 2227 5412 fidem
2282 5356 2595 5428 rejecerint.
2651 5374 2671 5406 ι
2721 5353 2950 5410 Pactum
2989 5366 3119 5422 erga
3166 5348 3449 5405 Christum
3491 5346 3643 5401 dicit.

2067 5449 2249 5505 Pacta:
2293 5457 2425 5506 sunt
2470 5447 2614 5503 enim
2652 5446 2796 5517 quod
2831 5443 3053 5500 Christo
3080 5442 3474 5513 adjugerentur
3507 5454 3521 5491 :
3558 5452 3657 5492 τρι

2065 5541 2264 5613 jiciunt
2294 5548 2476 5597 autem
2508 5541 2686 5612 ipsmn
2719 5538 2785 5594 ad
2817 5538 3084 5594 humanas
3111 5534 3378 5591 devoluta
3400 5531 3658 5601 nuptias.

2068 5629 2201 5687 Post
2233 5631 2347 5687 haec
2378 5646 2508 5687 vero
2539 5637 2591 5686 et
2623 5629 2678 5685 in
2715 5628 2887 5695 aliud,
2926 5624 3125 5697 inquit,
3160 5628 3443 5696 peccatum
3492 5620 3653 5676 decis

2070 5725 2228 5793 dunt,
2266 5740 2460 5796 nempe
2505 5723 2704 5778 otium.
2754 5719 2871 5777 Non
2906 5719 3085 5777 solum
3112 5731 3242 5791 ergo
3286 5713 3437 5772 viros
3479 5712 3667 5789 iussin
