3918 6562
359 444 464 512 ιτς
1414 411 1815 518 (ΕρυΜΕῇίι
1853 453 2151 515 ramea.
2180 454 2520 519 EPISCUPI

3503 445 3614 515 180

357 563 599 637 operari,
628 565 794 639 239
825 568 923 625 sed
951 578 1007 626 et
1043 572 1320 627 mulieres.
1349 573 1524 627 Omne
1553 572 1702 629 enim
1730 570 1932 626 malum

2064 584 2130 621 rat
2158 571 2285 634 τοὺς
2314 571 2674 634 ἐπεισάκτους
2699 570 2900 640 ἄνδρας
2920 565 3299 640 χορηγοῦντας
3333 566 3525 631 αὐταῖς
3548 570 3618 620 τὰ

358 671 424 712 ex
454 656 567 713 otio
599 658 862 730 gignitur.
896 680 915 713 ι
952 660 1126 717 Simul
1157 674 1208 718 et
1233 662 1421 719 otiosae
1450 663 1697 720 discunt.
1736 681 1755 716 ι
1787 661 1935 729 Quo-

2064 663 2178 734 ιρδς
2210 664 2420 733 χρείαν,
2441 663 2552 717 τῶν
2581 664 2683 734 μὲν
2729 663 2908 733 ἐργων
2940 662 3308 735 ρᾳθυμοῦσιν,
3361 661 3510 726 ὅπως
3559 662 3619 716 δὲ

363 751 525 804 modo
567 758 748 806 autem
796 752 990 809 otiosae
1039 754 1302 810 discunt?
1348 754 1619 812 Habentes
1663 755 1937 811 ascititios

2064 758 2385 829 dupliceimt
2449 761 2561 821 τοῖς
2612 757 2838 829 ἀνδράσι
2905 756 3163 825 δόξωσιν,
3203 754 3616 827 ἐπιμελοῦνται.

359 841 510 897 viros
530 842 622 912 qui
648 843 729 899 eis
756 846 1065 902 necessaria
1095 847 1463 917 suimeditent,
1497 864 1693 919 segnes
1718 847 1935 920 quidem

2064 872 2065 879 η
2098 852 2172 905 Οὐ
2209 851 2370 923 μόνον
2398 851 2456 905 δὲ
2490 851 2678 923 ἀργαὶ,
2714 850 2850 905 ἀλλά
2889 852 2982 905 καὶ
3015 849 3267 923 φλύαροι.
3304 869 3323 902 ι
3363 848 3621 919 Ἐνεργδς

361 941 491 988 sunt
512 933 582 987 ad
599 950 789 1005 opera,
807 952 998 992 curam
1018 946 1201 992 tamen
1219 937 1423 996 habent
1448 951 1504 995 ut
1526 941 1660 996 viris
1676 941 1941 1011 speciosae

2064 945 2151 1016 γὰρ
2186 947 2218 1002 δ
2240 946 2366 1010 νοῦς
2395 948 2527 1017 ἡμῖν
2575 944 2728 1015 παρὰ
2757 945 2853 999 τοῦ
2893 943 3241 1016 Δημιουργοῦ
3280 940 3620 997 κατεσκεύα-

361 1023 706 1081 videantum
728 1024 843 1082 lino
870 1044 979 1083 non
1006 1030 1183 1084 solum
1206 1031 1414 1097 otiosae,
1447 1033 1540 1088 sed
1564 1041 1618 1087 et
1634 1032 1884 1103 garrulae.
1915 1049 1935 1083 ι

2064 1057 2188 1096 Γται.
2230 1040 2399 1093 Ὅταν
2453 1037 2547 1093 οὖν
2596 1038 2744 1109 αὐτῷ
2809 1039 2885 1110 μὴ
2935 1038 3114 1108 δῶμεν
3167 1036 3431 1107 ἐργασίαν
3483 1050 3622 1107 χρη-

365 1114 517 1171 Mens
563 1117 708 1171 enim
745 1118 906 1173 nobis
944 1120 1011 1173 ad
1042 1120 1380 1189 aperanduni
1417 1136 1446 1175 a
1478 1119 1736 1178 Creatore
1766 1121 1941 1176 fabri-

362 1216 483 1261 cata
516 1217 619 1263 est.
653 1207 756 1265 Ubi
790 1225 920 1281 ergo
952 1211 1153 1266 bonum
1187 1229 1325 1284 opus
1346 1215 1393 1269 ei
1427 1231 1534 1270 non
1559 1214 1945 1271 subministra-

365 1303 626 1367 verimus,
666 1303 784 1371 ipsa
827 1306 1060 1359 assumit
1099 1322 1266 1377 opera
1295 1309 1552 1363 absurda.

436 1392 498 1458 V,
530 1394 714 1451 14-16.
761 1396 885 1451 Volo
915 1400 1076 1470 igitur
1088 1400 1333 1470 juniores
1373 1402 1583 1465 nubere,
1625 1402 1817 1458 liberos
1861 1402 1945 1473 gi-

364 1503 540 1555 gnere,
576 1488 792 1543 domum
816 1492 1215 1559 administrare,
1241 1495 1442 1549 nullam
1457 1497 1784 1550 occasionem
1818 1497 1948 1551 dare

366 1576 675 1636 adversario
709 1592 767 1636 ut
792 1582 983 1638 habeat
1012 1585 1359 1639 maledicendi
1389 1603 1631 1642 causam.
1658 1584 1782 1641 lam
1807 1586 1946 1642 enim

367 1669 635 1725 nonnulla:
671 1671 996 1745 deﬂexerunt
1052 1685 1171 1744 post
1218 1672 1499 1731 Satanam.
1540 1675 1697 1744 Quod
1747 1678 1794 1732 si
1828 1679 1946 1741 quis

364 1758 564 1827 ﬁdelis,
585 1772 677 1817 aut
691 1765 737 1819 si
752 1781 854 1835 qua
868 1765 1039 1835 ﬁdelis
1057 1767 1206 1823 habet
1221 1770 1427 1834 viduas,
1444 1768 1735 1839 suppeditet
1754 1769 1881 1833 illis,
1898 1779 1946 1823 et

2045 1133 2198 1206 στὴν,
2222 1132 2382 1199 αὐτὸς
2414 1132 2851 1205 ἐπιλαμϐάνεται
2894 1130 3155 1204 ἐργασίας
3190 1126 3497 1202 ἀτόπου[ς].

2119 1419 2421 1488 Βούλομαι
2450 1410 2564 1472 οὖν
2597 1414 2891 1483 νεωτέρας
2944 1413 3173 1484 γαμεῖν,
3218 1411 3624 1483 τεκνογονεῖν,

2048 1511 2519 1572 οἰκοδεσποτεῖν.
2565 1509 2866 1582 μηδεμίαν
2925 1509 3204 1580 ἀφορμὴν
3250 1505 3481 1561 διδόναι
3541 1500 3624 1568 τῷ

2048 1604 2438 1673 ἀντικειμένῳ
2478 1603 2781 1672 λοιδορίας
2854 1601 3047 1671 χάριν.
3098 1598 3245 1664 Ἤδη
3305 1594 3416 1665 γάρ
3467 1611 3631 1659 τινες

2048 1697 2468 1765 ἐξετράπησαν
2495 1697 2686 1749 ὀπίσω
2715 1694 2820 1749 τοῦ
2848 1690 3100 1748 Σατανᾶ.
3143 1690 3210 1744 El
3234 1706 3333 1756 πις
3355 1688 3571 1752 πιστὸς
3588 1684 3633 1752 ἢ

2050 1784 2239 1853 πιστὴ
2294 1785 2420 1855 ἔχει
2469 1784 2679 1853 χήρας,
2726 1783 3052 1851 ἐπαρκείτω
3109 1777 3340 1844 αὑταῖς,
3394 1775 3489 1829 καὶ
3541 1771 3628 1843 μὴ

369 1868 473 1907 non
508 1864 751 1909 oneretur
796 1855 1059 1925 Ecclesia,
1096 1870 1150 1913 ut
1197 1861 1264 1915 iis
1309 1878 1425 1931 quw
1468 1877 1582 1916 vere
1625 1871 1745 1915 sunt
1780 1860 1949 1916 vidua:

374 1955 614 1967 ..-___._.
786 1948 826 1967 τ.

2064 1882 2353 1950 ϐαρείσθω
2394 1881 2432 1949 ἠ
2477 1879 2830 1946 Ἐκκλησία,
2855 1877 2955 1931 ἵνα
2996 1874 3124 1941 ταῖς
3174 1873 3361 1938 ὄντως
3413 1868 3630 1940 χήραις

368 1955 637 2015 suppetat.
786 1948 832 1995 *ι

440 2037 650 2097 Bonum
680 2043 898 2115 quidem
928 2046 1124 2104 fuisset
1149 2058 1206 2104 ut
1233 2066 1353 2120 quae
1384 2051 1551 2106 semel
1583 2050 1727 2106 inter
1754 2048 1949 2103 viduas

371 2131 581 2190 alloctae
611 2144 816 2203 essent,
853 2154 962 2194 non
994 2139 1199 2197 lascive
1233 2150 1459 2212 agerent
1488 2142 1758 2197 adversus
1790 2142 1952 2197 Chri-

370 2232 540 2292 stum,
575 2240 754 2296 neque
799 2229 1026 2298 primam
1056 2229 1216 2286 ﬁdem
1256 2231 1565 2301 rejicerent.
1596 2231 1793 2287 Verum
1823 2233 1950 2302 quia

373 2313 479 2372 hoc
511 2316 744 2383 faciunt,
780 2321 1033 2376 nubant:
1070 2323 1283 2393 seipsas
1310 2323 1536 2380 Christo
1572 2340 1682 2379 non
1718 2324 1951 2395 despon-

372 2406 560 2471 deant,
611 2419 668 2467 et
718 2412 789 2467 ita
844 2414 1056 2468 nubant
1098 2431 1111 2469 :
1162 2415 1265 2471 boc
1305 2418 1450 2471 enim
1499 2423 1725 2487 peccato
1771 2426 1950 2483 vacat,

373 2498 508 2554 illud
537 2516 666 2557 vero
694 2502 919 2574 impium
944 2513 1028 2561 est
1054 2515 1104 2560 et
1125 2507 1441 2563 scelestum.
1470 2508 1692 2563 Illarum
1714 2525 1954 2580 namque

376 2589 609 2648 inhiatio
640 2605 694 2650 et
724 2598 977 2651 socordia
1026 2598 1101 2652 ita
1131 2611 1417 2656 coercetur
1443 2603 1771 2657 exuberanti
1815 2603 1954 2658 allii-

373 2685 560 2742 ctione
589 2696 643 2744 et
671 2703 827 2747 cura.
866 2710 885 2743 ι
918 2689 1130 2747 Nullam
1159 2695 1508 2751 occasionem
1539 2696 1668 2752 dare
1695 2697 1955 2753 adversa-

377 2777 479 2832 rio.
524 2796 543 2830 ι
579 2778 636 2834 Si
680 2781 824 2836 enim
859 2790 1007 2838 recta
1046 2786 1353 2855 nupserint,
1407 2801 1515 2841 non
1549 2787 1700 2858 prius
1733 2786 1956 2843 Christo

376 2867 746 2938 desponsatae,
806 2873 874 2927 ad
930 2874 1288 2931 maledicendi
1345 2878 1692 2933 occasionem
1743 2880 1956 2947 seipsas

380 2975 487 3016 non
527 2961 818 3021 deducent.
855 2966 971 3021 Non
1031 2977 1089 3023 ut
1123 2970 1241 3025 sine
1287 2970 1482 3027 timore
1509 2972 1713 3026 -virant
1752 2972 1958 3029 nubere

377 3056 657 3127 praecepit,
705 3059 803 3114 sed
846 3067 905 3114 ut
932 3062 1079 3116 curis
1109 3077 1329 3132 pressae,
1376 3064 1713 3134 prospiciam
1755 3073 1814 3117 ut
1861 3067 1955 3118 de-

378 3155 563 3203 center
597 3148 804 3204 vivant.
840 3168 859 3203 ι
896 3149 1014 3205 lam
1045 3154 1188 3207 enim
1231 3154 1505 3209 nonnullae
1530 3154 1882 3210 dellexerunt.
1932 3173 1951 3207 ι

2049 1972 2380 2043 ἐπαρκέσῃ.
3318 2014 3323 2017 -

2121 2068 2195 2122 Τὸ
2217 2067 2316 2138 μὲν
2337 2066 2499 2121 καλὸν
2520 2061 2611 2136 ἦν.
2639 2063 2784 2130 ἅπαξ
2809 2065 2928 2125 ταῖς
2975 2061 3175 2131 χήραις
3210 2052 3635 2124 καταλεγείσας,

2055 2161 2131 2233 μὴ
2182 2159 2589 2232 καταστρηνιᾷν
2638 2157 2733 2211 τοῦ
2785 2153 3048 2225 Χριστοῦ,
3097 2152 3233 2223 μηδὲ
3287 2147 3501 2203 ἀθετεῖν
3525 2146 3630 2216 τὴν

2053 2255 2277 2326 πρώτην
2312 2252 2518 2307 πίστιν.
2560 2249 2778 2319 Ἐπειδὴ
2803 2249 2859 2303 δὲ
2895 2246 3054 2300 τοῦτο
3083 2243 3318 2307 ποιοῦσι,
3350 2238 3632 2310 γαμείτωο

2056 2366 2177 2410 σαν,
2209 2346 2302 2400 καὶ
2343 2346 2416 2418 μὴ
2444 2342 2901 2411 κατεγγυάτωσαν
2930 2338 3127 2401 ἑαυτὰς
3150 2335 3228 2405 τῷ
3259 2332 3504 2403 Χριστῷ,
3532 2330 3633 2384 καὶ

2053 2439 2226 2501 οὕτως
2257 2420 2627 2508 γαμείτωσαν.
2658 2434 2730 2487 Τὸ
2764 2433 2864 2504 μὲν
2904 2432 3014 2501 γὰρ
3061 2427 3467 2499 ἀναμάρτητον,
3497 2425 3559 2477 τὸ
3585 2422 3634 2475 δ’

2054 2533 2291 2587 ἀνόσιον.
2323 2528 2397 2583 Τὸ
2421 2530 2528 2598 γὰρ
2558 2526 2788 2599 κεχηνὸς
2819 2524 2998 2578 αὐτῶν
3052 2524 3146 2576 καὶ
3181 2521 3451 2593 ῥᾴθυμον,
3483 2517 3639 2572 οὕτω

2055 2627 2188 2699 γοῦν
2231 2624 2655 2681 καταστέλλεται
2688 2661 2703 2685 ,
2755 2622 2821 2691 τῇ
2874 2617 3241 2690 περισσοτέρᾳ
3305 2614 3481 2682 θλίψει
3534 2611 3635 2666 καὶ

2058 2718 2322 2791 φροντίδι.
2366 2737 2384 2769 ι
2415 2715 2706 2787 Μηδεμίαν
2740 2712 2995 2783 ἀφορμὴν
3031 2710 3235 2764 διδόναι
3275 2708 3353 2780 τῷ
3386 2708 3634 2761 ἀντικει-

2063 2816 2233 2886 μένῳ.
2268 2832 2288 2867 ›
2331 2813 2431 2866 Ἀν
2457 2811 2567 2880 γὰρ
2594 2808 2653 2875 ἐξ
2676 2806 2837 2879 ὀρθοῦ
2880 2805 3175 2876 γαμήσωσι
3232 2801 3309 2874 μὴ
3359 2800 3634 2872 πρότερον

2058 2906 2257 2966 ἐαυτάς
2315 2900 2536 2976 Χριστῷ
2583 2900 3051 2971 κατεγγυήσασαι.
3112 2895 3213 2949 οὐκ
3267 2894 3348 2957 είς
3374 2892 3637 2962 ἀφορμὴν

2060 2998 2328 3066 λοιδορίας
2361 2996 2603 3067 ἥξουσιν.
2640 2995 2751 3065 Οὐχ
2777 2994 2862 3046 ἵνα
2891 2993 2946 3046 δὲ
2997 2990 3170 3053 ἀδεῶς
3214 2987 3372 3052 ζῶσι,
3431 2988 3638 3055 γαμεῖν

2060 3090 2414 3164 προσέταξεν,
2447 3088 2560 3143 ἀλλ’
2596 3088 2681 3141 ἵνα
2714 3088 2835 3149 ταῖς
2867 3083 3125 3156 φροντίσι
3184 3078 3317 3148 γοῦν
3368 3076 3639 3145 πιεζόμε-

2060 3200 2171 3247 ναι,
2217 3180 2312 3235 τοῦ
2366 3179 2610 3248 κοσμίοις
2668 3175 2767 3247 ζῇν
2826 3174 3225 3245 προνοήσωσιν.
3289 3188 3308 3222 ι
3356 3170 3497 3239 Ἤδη
3525 3167 3640 3237 γάρ

377 3236 561 3304 Quare
625 3249 808 3299 autem
878 3252 1085 3301 tantam
1158 3246 1565 3303 observantiam
1632 3249 1783 3303 circa
1857 3250 1954 3304 has

2064 3236 2203 3339 τινες
2233 3236 2633 3345 ἐξετράπτισαν.
2672 3236 2815 3321 ξ’ξιιά
2841 3236 2891 3319 τί
2925 3266 2979 3319 δὲ
3002 3236 3270 3329 τοσαύτην
3305 3236 3639 3333 παραρρυλα-

381 3330 642 3400 habuisti,
686 3342 739 3390 et
766 3336 1029 3407 majorem
1055 3338 1147 3409 qui
1182 3340 1332 3395 circa
1363 3340 1640 3412 virgines?
1677 3341 1813 3408 Quia
1848 3342 1954 3407 hae,

381 3424 598 3495 inquit,
658 3428 1009 3485 occasionem
1062 3430 1365 3495 dederunt,
1419 3431 1772 3490 deﬁeetentes
1832 3443 1957 3504 post

382 3516 665 3577 Satanam.
701 3520 833 3577 Nam
868 3522 983 3580 haec
1016 3524 1164 3593 dico,
1222 3527 1418 3596 inquit,
1466 3542 1575 3583 non
1610 3534 1668 3584 ut
1709 3544 1818 3583 non
1847 3530 1957 3584 sint

380 3611 554 3668 viduae
582 3614 851 3684 juniorcs,
882 3617 978 3673 sed
1004 3620 1212 3676 veritus
1241 3636 1310 3675 ne
1337 3620 1617 3677 Christum
1652 3621 1954 3691 rejicerem.

382 3721 406 3758 ι
449 3703 610 3775 Quod
632 3709 679 3763 si
709 3709 832 3779 quis
850 3711 1047 3768 ﬁdelis.
1088 3732 1106 3765 ›
1135 3711 1299 3769 Recte
1325 3713 1491 3770 dicit:
1522 3714 1576 3770 Si
1609 3714 1735 3787 quis
1760 3714 1954 3777 ﬁdelis.

379 3807 476 3860 aut
517 3800 563 3855 si
618 3817 725 3872 qua
769 3801 966 3860 ﬁdelis.
1019 3805 1152 3860 Nam
1192 3806 1238 3862 si
1293 3807 1539 3863 inﬁdeles
1589 3816 1798 3871 essent,
1848 3821 1957 3862 non

381 3901 660 3965 oporteret
691 3903 751 3949 ut
779 3894 847 3950 ab
877 3895 957 3952 eis
982 3897 1279 3966 alerentur,
1316 3914 1385 3955 ne
1413 3899 1731 3954 viderentur
1773 3899 1958 3956 ﬁdeles

376 3998 543 4056 egi-re
590 3985 922 4046 inﬁdelibus.
981 3988 1245 4046 Prwterea
1310 4006 1533 4062 quoque
1586 3992 1958 4064 legislationes

381 4072 506 4130 illos
537 4088 879 4135 concernunt
907 4080 999 4151 qui
1041 4081 1173 4153 ipsis
1197 4092 1410 4152 parent,
1443 4099 1553 4140 non
1574 4098 1672 4140 eos
1704 4084 1794 4154 qui
1828 4084 1959 4140 subo

374 4164 504 4238 fecti
557 4183 667 4224 non
718 4182 870 4228 sunt.
924 4190 945 4225 ι
997 4173 1316 4243 Suppeditct
1362 4176 1491 4231 illis.
1530 4195 1550 4229 ι
1606 4175 1741 4231 Rem
1796 4175 1960 4231 faciat

382 4276 503 4332 qua
524 4262 748 4321 minime
776 4264 941 4338 240
968 4268 1145 4339 gravis
1171 4282 1296 4324 esse
1328 4268 1510 4325 debet.
1548 4268 1650 4325 Per
1680 4269 1782 4324 hoc
1812 4271 1957 4324 enim

379 4355 531 4425 quod
572 4358 670 4423 ait,
714 4358 1050 4429 ἐπαρκείτω,
1086 4359 1139 4415 id
1185 4371 1291 4426 est,
1335 4362 1668 4433 suppeditet,
1703 4377 1960 4421 necessa—

382 4448 526 4505 rium
579 4452 911 4523 signiﬁcavit
959 4454 1283 4512 alimentum
1344 4474 1363 4509 ι
1416 4454 1484 4511 Et
1537 4472 1646 4512 non
1701 4464 1962 4512 oneretur

382 4541 648 4600 Ecclesia.
690 4564 709 4599 ι
766 4546 957 4617 Itaque
1003 4547 1180 4605 ﬁdelis
1215 4549 1309 4620 qui
1359 4564 1492 4606 suas
1540 4550 1692 4605 alunt
1739 4549 1954 4615 viduas,

379 4638 542 4696 etiam
572 4639 833 4698 Ecclesia:
859 4643 1052 4701 viduas
1082 4644 1278 4713 jurant
1311 4662 1326 4700 :
1360 4643 1811 4716 quandoquidem
1849 4655 1957 4703 non

381 4744 602 4806 gravata
628 4737 872 4793 Ecclesia
921 4738 1146 4796 uberius
1167 4739 1272 4795 alet
1303 4754 1443 4809 quas
1468 4738 1586 4805 alit,
1622 4753 1816 4808 nempe
1836 4752 1958 4808 quae

382 4844 508 4885 vere
534 4831 871 4893 suntviduae.
898 4831 999 4886 hoc
1031 4840 1138 4897 est,
1165 4832 1366 4911 quibus
1397 4831 1582 4886 nullus
1608 4840 1824 4902 praeest,
1862 4831 1958 4887 sed

379 4919 638 4978 desolatis
667 4930 848 4978 sunt.i
884 4920 956 4979 Ut
995 4922 1063 4980 iis
1091 4938 1212 4993 qua:
1243 4938 1370 4979 vere
1393 4920 1723 4979 suntviduae
1754 4937 1960 4993 suppe-

382 5020 479 5070 tat.
519 5033 539 5068 s
574 5014 713 5071 Vere
737 5015 913 5072 viduae
943 5031 1065 5087 qua:
1113 5016 1356 5087 undique
1386 5016 1618 5072 desertae
1639 5022 1788 5071 sunt.
1821 5014 1957 5069 Nam

381 5106 475 5177 qui
503 5105 606 5163 hoc
628 5105 778 5176 facit,
810 5122 920 5164 non
949 5108 1127 5165 solum
1159 5109 1256 5165 alit
1284 5124 1448 5177 quam
1482 5109 1600 5176 alit,
1635 5108 1730 5165 sed
1758 5116 1813 5163 et
1834 5108 1960 5167 reli-

379 5198 506 5269 quis
553 5200 781 5257 multum
832 5201 1066 5270 confert,
1119 5201 1250 5257 dum
1300 5201 1518 5259 occasio
1568 5209 1674 5267 est,
1733 5211 1792 5257 ut
1850 5200 1960 5256 illis

381 5289 753 5351 abundantius
781 5293 1182 5368 suppeditetur.

979 5384 1210 5442 CAPUT
1248 5384 1367 5444 ΧΠ.

770 5474 850 5532 De
880 5478 1301 5550 presbyterorum
1339 5478 1552 5534 honore.

451 5566 523 5632 ν,
545 5567 731 5626 17-21.
763 5569 868 5639 ριιὶ
892 5570 1017 5627 bene
1036 5581 1274 5642 praesunt
1302 5573 1613 5645 presbyteri,
1639 5573 1841 5644 duplici
1868 5575 1962 5631 Ιιοο

383 5680 511 5723 uere
527 5664 674 5733 digni
706 5664 1003 5720 habeantur
1030 5681 1049 5719 :
1070 5667 1299 5721 maxime
1318 5666 1359 5720 ii
1379 5668 1469 5737 qui
1489 5666 1735 5721 laborant
1761 5668 1815 5721 in
1848 5684 1959 5722 ser-

384 5773 538 5813 mone
572 5770 622 5813 et
649 5758 911 5816 doctrina.
936 5758 1228 5813 Dicitenim
1256 5758 1536 5828 Scriptura
1564 5774 1584 5814 :
1610 5756 1733 5814 Non
1758 5758 1962 5831 obliga-

385 5848 466 5905 bis
482 5866 539 5905 os
555 5851 670 5908 bovi
685 5852 978 5908 trituranti.
1002 5849 1070 5906 Et
1097 5868 1116 5908 :
1134 5850 1335 5923 Dignus
1345 5862 1423 5907 est
1439 5854 1713 5923 operarius
1728 5853 1964 5909 mercede

381 5957 505 6004 sua.
548 5947 810 6005 Adversus
840 5949 1097 6008 seniorem
1131 5965 1193 6007 nc
1238 5948 1518 6007 admiseris
1546 5949 1961 6016 accusationem,

2060 3372 2163 3439 at’qv
2215 3366 2345 3437 περὶ
2381 3364 2559 3419 αὐτῶν
2608 3362 2871 3429 ἐποιήσω,
2902 3358 2995 3412 καὶ
3036 3356 3205 3409 πλείω
3232 3357 3375 3427 ἤπερ
3402 3354 3495 3407 ἐπὶ
3523 3352 3641 3405 τῶν

2060 3460 2378 3534 παρθένωνς
2420 3458 2544 3510 Ὅτι
2575 3454 2759 3519 αὐταὶ,
2789 3454 2943 3523 φησὶ,
2969 3450 3068 3522 τὴν
3099 3448 3356 3520 ἀφορμὴν
3387 3447 3638 3502 δεδώκα-

2061 3573 2145 3611 σιν
2178 3552 2525 3625 ἐκτραπῆσαι
2575 3550 2751 3603 ὀπίσω
2817 3546 2912 3600 τοῦ
2973 3545 3207 3600 Σατανᾶ.
3259 3542 3444 3596 Ταῦτα
3499 3539 3636 3611 γὰρ,

2060 3649 2213 3719 φησὶ,
2240 3647 2405 3716 λέγω,
2432 3644 2530 3716 οὐχ
2570 3642 2657 3697 ἵνα
2694 3640 2768 3712 μὴ
2792 3637 2893 3694 ὦσι
2936 3636 3200 3707 νεώτεραι
3249 3635 3438 3706 χῖραι.
3498 3632 3638 3687 ἀλλὰ

2059 3738 2317 3802 δεδοικὼς
2349 3734 2424 3807 μὴ
2457 3734 2548 3789 τὸν
2570 3731 2809 3801 Χριστὸν
2854 3728 3183 3797 ἀθετήσωσι.
3222 3745 3241 3779 ι
3304 3725 3374 3780 Ei
3414 3741 3500 3784 τις
3549 3741 3640 3777 πι-

2063 3834 2207 3898 στός.
2260 3851 2278 3885 ι
2331 3827 2528 3891 Καλῶς
2586 3826 2667 3887 τὸ,
2714 3824 2910 3886 Πιστὸς
2969 3821 3003 3893 ἢ
3055 3821 3241 3890 πιστή.
3278 3820 3468 3889 Εὶγάρ
3494 3814 3643 3887 ἦσαν

2060 3926 2301 3989 ἄπιστοι,
2331 3921 2433 3976 οὐκ
2478 3919 2585 3973 ἔδει
2643 3915 2777 3986 παρ’
2832 3912 3010 3968 αὐτῶν
3060 3910 3376 3982 τρέφεσθαι,
3439 3910 3528 3962 ἵνα
3561 3907 3643 3978 μὴ

2060 4018 2255 4083 δόξωσι
2293 4012 2509 4069 δέεσθαι
2541 4011 2594 4065 αί
2623 4008 2813 4063 πισταὶ
2861 4006 2974 4075 τῶν
3023 4003 3293 4059 ἀπίστων.
3335 4000 3545 4063 Ἀλλως
3580 3999 3641 4054 δὲ

2061 4111 2157 4164 καὶ
2185 4108 2322 4178 πρὸς
2344 4105 2469 4168 τοὺς
2496 4101 2850 4171 πειθομένους
2874 4099 2930 4153 ai
2954 4095 3286 4167 vopoOealatt,
3310 4095 3370 4148 οὐ
3416 4095 3542 4157 τοὺς
3575 4093 3640 4146 οὐ

2063 4198 2548 4273 πεισθησομένους.
2600 4214 2618 4248 ι
2668 4191 3015 4264 Ἐπαρκείτω
3061 4189 3273 4252 αὑταῖς.
3339 4206 3359 4240 ι
3409 4187 3643 4256 ’Δὸαρές

2063 4294 2285 4350 ποιείτω
2309 4292 2372 4345 τὸ
2398 4291 2653 4360 πρᾶγμα.
2685 4286 2785 4339 Διά
2815 4284 2925 4357 γὰρ
2973 4282 3093 4347 τοῦ,
3127 4279 3481 4350 ἐπαρκείτω.
3536 4276 3642 4348 τὴν

2062 4383 2365 4454 ἀναγκαίαν
2399 4380 2636 4452 ἐδήλωσε
2669 4378 2899 4449 τροφήν.
2934 4394 2952 4428 ι
2993 4376 3121 4456 Καὶ,
3147 4375 3223 4446 μὴ
3279 4370 3554 4444 βαρείσθω
3605 4373 3643 4441 ἡ

2076 4471 2391 4542 Ἐκκλησία.
2430 4486 2449 4521 ι
2489 4467 2655 4521 Ὥστε
2688 4466 2738 4519 οἱ
2768 4464 2948 4518 πιστοὶ
2973 4463 3267 4534 τρέφοντες
3295 4461 3394 4524 τὰς
3424 4460 3649 4513 ἑαυτῶν

2062 4569 2260 4641 χήρας,
2291 4564 2387 4618 καὶ
2432 4564 2551 4624 ταῖς
2607 4560 2707 4631 τῆς
2757 4558 3086 4628 Ἐκκλησίας
3148 4556 3347 4626 χήραις
3395 4553 3650 4624 συμϐάλ-

2063 4660 2279 4714 λονται·
2303 4650 2395 4712 οἷα
2421 4654 2486 4724 δὴ
2522 4653 2595 4724 μὴ
2625 4651 2968 4724 βαρουμένης
3018 4649 3116 4718 τῆς
3158 4645 3507 4716 Ἐκκλησίας,
3544 4646 3648 4699 καὶ

2058 4750 2148 4806 διὰ
2174 4746 2332 4802 τοῦτο
2362 4744 2739 4815 ἀφθονώτερον
2792 4740 3125 4814 τρεφούσης,
3159 4738 3227 4803 ἀς
3264 4742 3478 4810 τρέφει,
3539 4737 3646 4802 τὰς

2059 4841 2228 4904 δντως
2259 4838 2459 4909 δηλαδὴ
2490 4838 2687 4907 χήρας,
2713 4833 2962 4890 τουτέστι
2994 4833 3094 4899 τὰς
3139 4829 3643 4903 ἀπροστατεύτους,

2061 4936 2155 4991 καὶ
2196 4932 2610 5005 μεμονωμένας.
2646 4948 2665 4981 ι
2706 4928 2824 4984 ’Ίνα
2853 4930 2973 4991 ταῖς
2997 4926 3166 4991 ὅντως
3194 4927 3407 4997 χήραις.
3444 4942 3464 4977 ι
3508 4924 3648 4977 Ὀν-

2060 5045 2167 5091 τως
2215 5025 2390 5097 χῆραι
2440 5024 2497 5078 al
2562 5020 2857 5083 πάντοθεν
2904 5020 3124 5091 ἔρημοι.
3194 5017 3255 5099 'Q
3312 5016 3424 5086 γὰρ
3482 5013 3650 5067 τοῦτο

2063 5119 2256 5187 ποιῦν,
2281 5118 2469 5190 φησὶν,
2499 5116 2560 5170 οὑ
2594 5115 2754 5185 μόνον
2781 5113 2848 5185 ἢν
2880 5115 3094 5185 τρέφει,
3132 5110 3348 5182 τρέφει,
3376 5108 3514 5163 ἀλλά
3544 5112 3647 5161 καὶ

2060 5217 2182 5280 ταῖς
2240 5212 2456 5275 λοιπαῖς
2522 5208 2657 5263 πολὺ
2719 5206 3088 5279 συμϐάλλεται
3116 5243 3133 5272 ,
3194 5202 3397 5266 πλάτος
3447 5201 3649 5266 αὑταῖς

2064 5308 2359 5391 προξενῶν.

2658 5396 2910 5450 ΚΕΦΑΛ.
2946 5391 3044 5450 IB'.

2443 5489 2584 5559 Περὶ
2615 5484 3033 5557 πρεσϐυτέρων
3063 5482 3258 5554 τιμῆς.

2137 5586 2203 5641 Ol
2249 5579 2450 5648 καλῶς
2510 5572 2881 5648 προεστῶτες
2941 5572 3333 5642 πρεσϐύτεροι
3355 5610 3370 5635 ,
3416 5567 3645 5635 διπλῆς

2063 5669 2237 5742 τιμῆς
2282 5670 2726 5737 ἀξιούσθωσαν.
2783 5665 3059 5720 Μάλιστα
3109 5664 3164 5716 οι
3212 5657 3536 5725 κοπιῶντες
3576 5658 3655 5712 ἐν

2064 5763 2224 5832 λόγῳ
2242 5759 2342 5814 καί
2369 5755 2752 5823 διδασκαλίᾳ.
2781 5753 2953 5824 Λέγει
2977 5754 3085 5822 γὰρ
3113 5752 3152 5820 ἠ
3199 5748 3410 5820 ι’ραφή
3440 5766 3452 5780 ο
3481 5746 3658 5803 Βοῦν

2067 5851 2341 5910 ἀλοῶντα
2363 5854 2436 5906 οὐ
2467 5849 2775 5920 φιμώσεις.
2800 5844 2932 5912 Καὶ,
2961 5845 3164 5910 Ἄξιος
3187 5846 3219 5897 d
3240 5840 3491 5912 ἐργάτης
3540 5841 3654 5894 τοῦ

2074 5945 2289 6006 ιιισοοῦ
2334 5943 2541 6000 αὑτοῦ.
2567 5943 2725 5998 Κατὰ
2742 5936 3151 6007 πρεσϐυτέρου
3185 5932 3544 6005 κατηγορίαν
3561 5933 3657 6005 μὴ
