  <div class='ocr_page' id='page_1' title='image "/cluster/home/n/w/nwhite01/storage/ocr_20150623/119/hvd.32044019208156/098.png"; bbox 0 0 3988 6568; ppageno 0'>
   <div class='ocr_carea' id='block_1_1' title="bbox 371 416 3645 503">
    <p class='ocr_par' dir='ltr' id='par_1_1' title="bbox 371 416 3645 503">
     <span class='ocr_line' id='line_1_1' title="bbox 371 416 3645 503; baseline 0.004 -22"><span class='ocrx_word' id='word_1_1' title='bbox 371 416 475 483; x_wconf 72' lang='grc'><strong>181</strong></span> <span class='ocrx_word' id='word_1_2' title='bbox 1331 425 1722 491; x_wconf 76' lang='lat' dir='ltr'><strong>COMMENT.</strong></span> <span class='ocrx_word' id='word_1_3' title='bbox 1755 424 1834 489; x_wconf 77' lang='lat' dir='ltr'><strong>IN</strong></span> <span class='ocrx_word' id='word_1_4' title='bbox 1872 429 2109 491; x_wconf 81' lang='lat' dir='ltr'><strong>EPIST.</strong></span> <span class='ocrx_word' id='word_1_5' title='bbox 2158 429 2180 489; x_wconf 82' lang='grc'><strong>1</strong></span> <span class='ocrx_word' id='word_1_6' title='bbox 2221 429 2322 490; x_wconf 87' lang='lat' dir='ltr'><strong>AD</strong></span> <span class='ocrx_word' id='word_1_7' title='bbox 2356 428 2670 503; x_wconf 81' lang='grc' dir='ltr'><strong>ΤΙΜΟἸἨ.</strong></span> <span class='ocrx_word' id='word_1_8' title='bbox 3541 429 3645 493; x_wconf 71' lang='grc'><strong>182</strong></span> 
     </span>
    </p>
   </div>
   <div class='ocr_carea' id='block_1_2' title="bbox 367 535 1944 614">
    <p class='ocr_par' dir='ltr' id='par_1_2' title="bbox 367 535 1944 610">
     <span class='ocr_line' id='line_1_2' title="bbox 367 535 1944 610; baseline 0.004 -22"><span class='ocrx_word' id='word_1_9' title='bbox 367 535 739 605; x_wconf 70' lang='grc' dir='ltr'>παραδέχου,</span> <span class='ocrx_word' id='word_1_10' title='bbox 771 537 945 604; x_wconf 76' lang='grc' dir='ltr'>ἐκτὸς</span> <span class='ocrx_word' id='word_1_11' title='bbox 969 536 1126 607; x_wconf 69' lang='grc' dir='ltr'>εἰμὴ</span> <span class='ocrx_word' id='word_1_12' title='bbox 1154 536 1253 592; x_wconf 71' lang='grc' dir='ltr'><strong>ἐπὶ</strong></span> <span class='ocrx_word' id='word_1_13' title='bbox 1298 537 1408 594; x_wconf 81' lang='grc' dir='ltr'>δύο</span> <span class='ocrx_word' id='word_1_14' title='bbox 1440 539 1477 608; x_wconf 78' lang='grc' dir='ltr'>ἢ</span> <span class='ocrx_word' id='word_1_15' title='bbox 1510 541 1687 608; x_wconf 80' lang='grc' dir='ltr'>τριῶν</span> <span class='ocrx_word' id='word_1_16' title='bbox 1719 541 1944 610; x_wconf 80' lang='grc' dir='ltr'>μαρτύ-</span> 
     </span>
    </p>
   </div>
   <div class='ocr_carea' id='block_1_3' title="bbox 2053 535 3640 614">
    <p class='ocr_par' dir='ltr' id='par_1_3' title="bbox 2053 540 3640 614">
     <span class='ocr_line' id='line_1_3' title="bbox 2053 540 3640 614; baseline 0.004 -20"><span class='ocrx_word' id='word_1_17' title='bbox 2053 542 2156 594; x_wconf 85' lang='lat' dir='ltr'><strong>nisi</strong></span> <span class='ocrx_word' id='word_1_18' title='bbox 2201 540 2296 597; x_wconf 80' lang='lat' dir='ltr'><strong>sub</strong></span> <span class='ocrx_word' id='word_1_19' title='bbox 2337 541 2540 596; x_wconf 81' lang='lat' dir='ltr'><strong>duobus</strong></span> <span class='ocrx_word' id='word_1_20' title='bbox 2585 551 2695 595; x_wconf 84' lang='lat' dir='ltr'><strong>aut-</strong></span> <span class='ocrx_word' id='word_1_21' title='bbox 2729 541 2895 597; x_wconf 82' lang='lat' dir='ltr'><strong>tribus</strong></span> <span class='ocrx_word' id='word_1_22' title='bbox 2932 541 3170 596; x_wconf 72' lang='lat' dir='ltr'><strong>testibus.</strong></span> <span class='ocrx_word' id='word_1_23' title='bbox 3228 540 3331 597; x_wconf 79' lang='lat' dir='ltr'><strong>Eas</strong></span> <span class='ocrx_word' id='word_1_24' title='bbox 3378 544 3468 614; x_wconf 80' lang='lat' dir='ltr'><strong>qui</strong></span> <span class='ocrx_word' id='word_1_25' title='bbox 3519 562 3640 613; x_wconf 74' lang='lat' dir='ltr'><strong>pee-</strong></span> 
     </span>
    </p>
   </div>
   <div class='ocr_carea' id='block_1_4' title="bbox 363 626 1944 707">
    <p class='ocr_par' dir='ltr' id='par_1_4' title="bbox 363 626 1944 703">
     <span class='ocr_line' id='line_1_4' title="bbox 363 626 1944 703; baseline 0.003 -21"><span class='ocrx_word' id='word_1_26' title='bbox 363 645 513 682; x_wconf 76' lang='grc' dir='ltr'>οων.</span> <span class='ocrx_word' id='word_1_27' title='bbox 536 628 682 695; x_wconf 79' lang='grc' dir='ltr'>Τοὺς</span> <span class='ocrx_word' id='word_1_28' title='bbox 703 628 1151 700; x_wconf 78' lang='grc' dir='ltr'>ἁμαρτάνοντας</span> <span class='ocrx_word' id='word_1_29' title='bbox 1179 630 1439 686; x_wconf 81' lang='grc' dir='ltr'><strong>ἐνώπιον</strong></span> <span class='ocrx_word' id='word_1_30' title='bbox 1458 626 1702 686; x_wconf 51' lang='grc' dir='ltr'>πάντων</span> <span class='ocrx_word' id='word_1_31' title='bbox 1717 633 1944 703; x_wconf 73' lang='grc' dir='ltr'>ἔλεγχε,</span> 
     </span>
    </p>
   </div>
   <div class='ocr_carea' id='block_1_5' title="bbox 2053 626 3641 707">
    <p class='ocr_par' dir='ltr' id='par_1_5' title="bbox 2058 634 3641 707">
     <span class='ocr_line' id='line_1_5' title="bbox 2058 634 3641 707; baseline 0.003 -19"><span class='ocrx_word' id='word_1_32' title='bbox 2058 644 2202 700; x_wconf 81' lang='lat' dir='ltr'><strong>cant,</strong></span> <span class='ocrx_word' id='word_1_33' title='bbox 2239 652 2417 689; x_wconf 85' lang='lat' dir='ltr'><strong>coram</strong></span> <span class='ocrx_word' id='word_1_34' title='bbox 2465 634 2706 690; x_wconf 73' lang='lat' dir='ltr'><strong>omnibus</strong></span> <span class='ocrx_word' id='word_1_35' title='bbox 2745 652 2924 707; x_wconf 80' lang='lat' dir='ltr'><strong><em>argue,</em></strong></span> <span class='ocrx_word' id='word_1_36' title='bbox 2978 646 3111 691; x_wconf 80' lang='lat' dir='ltr'><strong>utet</strong></span> <span class='ocrx_word' id='word_1_37' title='bbox 3167 638 3343 691; x_wconf 73' lang='lat' dir='ltr'><strong>ctrteri</strong></span> <span class='ocrx_word' id='word_1_38' title='bbox 3399 636 3641 693; x_wconf 82' lang='lat' dir='ltr'><strong>timorem</strong></span> 
     </span>
    </p>
   </div>
   <div class='ocr_carea' id='block_1_6' title="bbox 364 719 1944 798">
    <p class='ocr_par' dir='ltr' id='par_1_6' title="bbox 364 719 1944 796">
     <span class='ocr_line' id='line_1_6' title="bbox 364 719 1944 796; baseline 0.005 -24"><span class='ocrx_word' id='word_1_39' title='bbox 364 719 474 773; x_wconf 71' lang='lat' dir='ltr'><strong>Ira</strong></span> <span class='ocrx_word' id='word_1_40' title='bbox 507 720 606 773; x_wconf 70' lang='grc' dir='ltr'>καὶ</span> <span class='ocrx_word' id='word_1_41' title='bbox 640 724 694 775; x_wconf 83' lang='grc' dir='ltr'>οι</span> <span class='ocrx_word' id='word_1_42' title='bbox 723 723 926 777; x_wconf 70' lang='grc' dir='ltr'>λοιποὶ</span> <span class='ocrx_word' id='word_1_43' title='bbox 977 724 1169 793; x_wconf 76' lang='grc' dir='ltr'>φόϐον</span> <span class='ocrx_word' id='word_1_44' title='bbox 1228 725 1435 794; x_wconf 75' lang='grc' dir='ltr'>ἔχωσι.</span> <span class='ocrx_word' id='word_1_45' title='bbox 1482 726 1944 796; x_wconf 66' lang='grc' dir='ltr'>Διαμαρτύρομαι</span> 
     </span>
    </p>
   </div>
   <div class='ocr_carea' id='block_1_7' title="bbox 2053 719 3642 798">
    <p class='ocr_par' dir='ltr' id='par_1_7' title="bbox 2058 726 3642 798">
     <span class='ocr_line' id='line_1_7' title="bbox 2058 726 3642 798; baseline 0.004 -21"><span class='ocrx_word' id='word_1_46' title='bbox 2058 726 2303 780; x_wconf 79' lang='lat' dir='ltr'><strong>habeant.</strong></span> <span class='ocrx_word' id='word_1_47' title='bbox 2335 727 2585 782; x_wconf 80' lang='lat' dir='ltr'><strong>Obtestor</strong></span> <span class='ocrx_word' id='word_1_48' title='bbox 2629 729 2681 783; x_wconf 85' lang='lat' dir='ltr'><strong><em>iu</em></strong></span> <span class='ocrx_word' id='word_1_49' title='bbox 2722 738 3005 798; x_wconf 80' lang='lat' dir='ltr'><strong>conspectu</strong></span> <span class='ocrx_word' id='word_1_50' title='bbox 3041 728 3136 782; x_wconf 82' lang='lat' dir='ltr'><strong>Dei</strong></span> <span class='ocrx_word' id='word_1_51' title='bbox 3168 746 3230 782; x_wconf 86' lang='lat' dir='ltr'><strong>ac</strong></span> <span class='ocrx_word' id='word_1_52' title='bbox 3267 726 3484 783; x_wconf 84' lang='lat' dir='ltr'><strong>Domini</strong></span> <span class='ocrx_word' id='word_1_53' title='bbox 3510 729 3642 786; x_wconf 71' lang='lat' dir='ltr'><strong>Iesu</strong></span> 
     </span>
    </p>
   </div>
   <div class='ocr_carea' id='block_1_8' title="bbox 360 811 1944 892">
    <p class='ocr_par' dir='ltr' id='par_1_8' title="bbox 360 811 1944 886">
     <span class='ocr_line' id='line_1_8' title="bbox 360 811 1944 886; baseline 0.004 -21"><span class='ocrx_word' id='word_1_54' title='bbox 360 811 631 867; x_wconf 65' lang='grc' dir='ltr'><strong>ἐνώπιον</strong></span> <span class='ocrx_word' id='word_1_55' title='bbox 694 813 800 869; x_wconf 83' lang='grc' dir='ltr'><strong>τοῦ</strong></span> <span class='ocrx_word' id='word_1_56' title='bbox 850 815 999 870; x_wconf 79' lang='grc' dir='ltr'>Θεοῦ</span> <span class='ocrx_word' id='word_1_57' title='bbox 1030 814 1131 869; x_wconf 72' lang='grc' dir='ltr'>καὶ</span> <span class='ocrx_word' id='word_1_58' title='bbox 1182 819 1402 885; x_wconf 82' lang='grc' dir='ltr'><strong>Κυρίου</strong></span> <span class='ocrx_word' id='word_1_59' title='bbox 1457 817 1662 884; x_wconf 79' lang='grc' dir='ltr'>Ἰησοῦ</span> <span class='ocrx_word' id='word_1_60' title='bbox 1692 816 1944 886; x_wconf 80' lang='grc' dir='ltr'><strong>Χριστοῦ</strong></span> 
     </span>
    </p>
   </div>
   <div class='ocr_carea' id='block_1_9' title="bbox 2053 811 3643 892">
    <p class='ocr_par' dir='ltr' id='par_1_9' title="bbox 2059 818 3643 892">
     <span class='ocr_line' id='line_1_9' title="bbox 2059 818 3643 892; baseline 0.001 -19"><span class='ocrx_word' id='word_1_61' title='bbox 2059 818 2257 873; x_wconf 79' lang='lat' dir='ltr'><strong>Christi</strong></span> <span class='ocrx_word' id='word_1_62' title='bbox 2282 829 2330 873; x_wconf 86' lang='lat' dir='ltr'><strong>et</strong></span> <span class='ocrx_word' id='word_1_63' title='bbox 2360 819 2647 874; x_wconf 76' lang='lat' dir='ltr'><strong>electorum</strong></span> <span class='ocrx_word' id='word_1_64' title='bbox 2702 821 3032 892; x_wconf 84' lang='lat' dir='ltr'><strong>angelorum.</strong></span> <span class='ocrx_word' id='word_1_65' title='bbox 3076 832 3133 875; x_wconf 85' lang='lat' dir='ltr'><strong>ut</strong></span> <span class='ocrx_word' id='word_1_66' title='bbox 3180 822 3305 876; x_wconf 70' lang='lat' dir='ltr'><strong>Ita‘c.</strong></span> <span class='ocrx_word' id='word_1_67' title='bbox 3322 838 3492 876; x_wconf 79' lang='lat' dir='ltr'><strong>serves</strong></span> <span class='ocrx_word' id='word_1_68' title='bbox 3531 824 3643 875; x_wconf 72' lang='lat' dir='ltr'><strong>siue</strong></span> 
     </span>
    </p>
   </div>
   <div class='ocr_carea' id='block_1_10' title="bbox 364 904 1957 980">
    <p class='ocr_par' dir='ltr' id='par_1_10' title="bbox 364 904 1957 980">
     <span class='ocr_line' id='line_1_10' title="bbox 364 904 1957 980; baseline 0.006 -22"><span class='ocrx_word' id='word_1_69' title='bbox 364 904 472 959; x_wconf 70' lang='grc' dir='ltr'>και</span> <span class='ocrx_word' id='word_1_70' title='bbox 513 904 631 958; x_wconf 75' lang='grc' dir='ltr'><strong>τῶν</strong></span> <span class='ocrx_word' id='word_1_71' title='bbox 646 905 953 961; x_wconf 69' lang='grc' dir='ltr'>ἐκλεκτῶν</span> <span class='ocrx_word' id='word_1_72' title='bbox 983 907 1274 977; x_wconf 74' lang='grc' dir='ltr'>ἀγγέλων,</span> <span class='ocrx_word' id='word_1_73' title='bbox 1309 910 1410 963; x_wconf 80' lang='grc' dir='ltr'>ἵνα</span> <span class='ocrx_word' id='word_1_74' title='bbox 1435 910 1619 964; x_wconf 84' lang='grc' dir='ltr'>ταῦτα</span> <span class='ocrx_word' id='word_1_75' title='bbox 1672 909 1957 980; x_wconf 72' lang='grc' dir='ltr'>φυλάξῃς</span> 
     </span>
    </p>
   </div>
   <div class='ocr_carea' id='block_1_11' title="bbox 363 984 1956 1072">
    <p class='ocr_par' dir='ltr' id='par_1_11' title="bbox 363 984 1956 1072">
     <span class='ocr_line' id='line_1_11' title="bbox 363 984 1956 1072; baseline 0.005 -24"><span class='ocrx_word' id='word_1_76' title='bbox 363 994 554 1064; x_wconf 72' lang='grc' dir='ltr'>χωρὶς</span> <span class='ocrx_word' id='word_1_77' title='bbox 602 984 1024 1069; x_wconf 62' lang='grc' dir='ltr'>προκρίματος,</span> <span class='ocrx_word' id='word_1_78' title='bbox 1074 999 1275 1070; x_wconf 80' lang='grc' dir='ltr'>μηδὲν</span> <span class='ocrx_word' id='word_1_79' title='bbox 1339 999 1529 1055; x_wconf 79' lang='grc' dir='ltr'>ποιῶν</span> <span class='ocrx_word' id='word_1_80' title='bbox 1556 1002 1709 1056; x_wconf 84' lang='grc' dir='ltr'>κατὰ</span> <span class='ocrx_word' id='word_1_81' title='bbox 1768 1005 1956 1072; x_wconf 79' lang='grc' dir='ltr'>πρόσ-</span> 
     </span>
    </p>
   </div>
   <div class='ocr_carea' id='block_1_12' title="bbox 364 1087 1604 1166">
    <p class='ocr_par' dir='ltr' id='par_1_12' title="bbox 364 1087 1604 1166">
     <span class='ocr_line' id='line_1_12' title="bbox 364 1087 1604 1166; baseline 0.023 -29"><span class='ocrx_word' id='word_1_82' title='bbox 364 1087 621 1152; x_wconf 61' lang='grc' dir='ltr'>οιιησιν.</span> <span class='ocrx_word' id='word_1_83' title='bbox 1601 1164 1604 1166; x_wconf 24' lang='grc' dir='ltr'>γ</span> 
     </span>
    </p>
   </div>
   <div class='ocr_carea' id='block_1_13' title="bbox 447 1178 1954 1261">
    <p class='ocr_par' dir='ltr' id='par_1_13' title="bbox 447 1178 1954 1261">
     <span class='ocr_line' id='line_1_13' title="bbox 447 1178 1954 1261; baseline 0.009 -30"><span class='ocrx_word' id='word_1_84' title='bbox 447 1178 609 1242; x_wconf 77' lang='grc' dir='ltr'>Τίνες</span> <span class='ocrx_word' id='word_1_85' title='bbox 638 1178 694 1233; x_wconf 83' lang='grc' dir='ltr'>δὲ</span> <span class='ocrx_word' id='word_1_86' title='bbox 724 1181 771 1233; x_wconf 72' lang='grc' dir='ltr'><strong>οἱ</strong></span> <span class='ocrx_word' id='word_1_87' title='bbox 805 1180 985 1246; x_wconf 88' lang='grc' dir='ltr'>καλῶς</span> <span class='ocrx_word' id='word_1_88' title='bbox 1033 1185 1397 1255; x_wconf 78' lang='grc' dir='ltr'>προεστῶτες,</span> <span class='ocrx_word' id='word_1_89' title='bbox 1432 1187 1462 1240; x_wconf 94' lang='lat'><strong>6</strong></span> <span class='ocrx_word' id='word_1_90' title='bbox 1491 1187 1726 1259; x_wconf 82' lang='grc' dir='ltr'>Χριστὸς</span> <span class='ocrx_word' id='word_1_91' title='bbox 1750 1188 1954 1261; x_wconf 80' lang='grc' dir='ltr'>ἐδήλω-</span> 
     </span>
    </p>
   </div>
   <div class='ocr_carea' id='block_1_14' title="bbox 366 1269 1953 1353">
    <p class='ocr_par' dir='ltr' id='par_1_14' title="bbox 366 1269 1953 1353">
     <span class='ocr_line' id='line_1_14' title="bbox 366 1269 1953 1353; baseline 0.009 -32"><span class='ocrx_word' id='word_1_92' title='bbox 366 1285 485 1323; x_wconf 79' lang='grc' dir='ltr'>σεν.</span> <span class='ocrx_word' id='word_1_93' title='bbox 526 1287 545 1321; x_wconf 81' lang='grc' dir='ltr'><strong>ι</strong></span> <span class='ocrx_word' id='word_1_94' title='bbox 599 1269 658 1324; x_wconf 87' lang='lat'><strong>&#39;0</strong></span> <span class='ocrx_word' id='word_1_95' title='bbox 689 1272 925 1345; x_wconf 77' lang='grc' dir='ltr'>Ποιμὴν,</span> <span class='ocrx_word' id='word_1_96' title='bbox 959 1275 1147 1346; x_wconf 76' lang='grc' dir='ltr'>φησὶν,</span> <span class='ocrx_word' id='word_1_97' title='bbox 1178 1279 1207 1331; x_wconf 99' lang='lat'><strong>6</strong></span> <span class='ocrx_word' id='word_1_98' title='bbox 1235 1278 1419 1343; x_wconf 75' lang='grc' dir='ltr'>καλὸς,</span> <span class='ocrx_word' id='word_1_99' title='bbox 1459 1282 1559 1351; x_wconf 77' lang='grc' dir='ltr'>τὴν</span> <span class='ocrx_word' id='word_1_100' title='bbox 1589 1281 1769 1353; x_wconf 72' lang='grc' dir='ltr'>ψυχὴν</span> <span class='ocrx_word' id='word_1_101' title='bbox 1787 1280 1953 1336; x_wconf 79' lang='grc' dir='ltr'>αὑτοῦ</span> 
     </span>
    </p>
   </div>
   <div class='ocr_carea' id='block_1_15' title="bbox 365 1357 1955 1445">
    <p class='ocr_par' dir='ltr' id='par_1_15' title="bbox 365 1357 1955 1445">
     <span class='ocr_line' id='line_1_15' title="bbox 365 1357 1955 1445; baseline 0.013 -36"><span class='ocrx_word' id='word_1_102' title='bbox 365 1357 587 1428; x_wconf 77' lang='grc' dir='ltr'>τίθησιν</span> <span class='ocrx_word' id='word_1_103' title='bbox 628 1360 768 1433; x_wconf 77' lang='grc' dir='ltr'>ὑπὲρ</span> <span class='ocrx_word' id='word_1_104' title='bbox 816 1364 924 1417; x_wconf 88' lang='grc' dir='ltr'><strong>τῶν</strong></span> <span class='ocrx_word' id='word_1_105' title='bbox 973 1366 1287 1436; x_wconf 77' lang='grc' dir='ltr'>προϐάτιον.</span> <span class='ocrx_word' id='word_1_106' title='bbox 1327 1389 1345 1423; x_wconf 79' lang='grc' dir='ltr'><strong>ι</strong></span> <span class='ocrx_word' id='word_1_107' title='bbox 1394 1399 1437 1414; x_wconf 90' lang='lat'><strong>-</strong></span> <span class='ocrx_word' id='word_1_108' title='bbox 1485 1392 1506 1424; x_wconf 77' lang='grc' dir='ltr'>ι</span> <span class='ocrx_word' id='word_1_109' title='bbox 1539 1373 1744 1441; x_wconf 81' lang='grc' dir='ltr'>Διπλῆς</span> <span class='ocrx_word' id='word_1_110' title='bbox 1787 1375 1955 1445; x_wconf 82' lang='grc' dir='ltr'>τιμῆς</span> 
     </span>
    </p>
   </div>
   <div class='ocr_carea' id='block_1_16' title="bbox 361 1450 1966 1536">
    <p class='ocr_par' dir='ltr' id='par_1_16' title="bbox 361 1450 1966 1536">
     <span class='ocr_line' id='line_1_16' title="bbox 361 1450 1966 1536; baseline 0.012 -34"><span class='ocrx_word' id='word_1_111' title='bbox 361 1450 765 1515; x_wconf 69' lang='grc' dir='ltr'><strong>ἀξιούσθωσαν.</strong></span> <span class='ocrx_word' id='word_1_112' title='bbox 810 1475 829 1507; x_wconf 77' lang='grc' dir='ltr'>ι</span> <span class='ocrx_word' id='word_1_113' title='bbox 890 1459 1071 1531; x_wconf 80' lang='grc' dir='ltr'>Τιμήν</span> <span class='ocrx_word' id='word_1_114' title='bbox 1126 1478 1261 1534; x_wconf 86' lang='grc' dir='ltr'>φησι</span> <span class='ocrx_word' id='word_1_115' title='bbox 1313 1464 1412 1534; x_wconf 77' lang='grc' dir='ltr'>τὴν</span> <span class='ocrx_word' id='word_1_116' title='bbox 1476 1465 1586 1519; x_wconf 88' lang='grc' dir='ltr'><strong>τῶν</strong></span> <span class='ocrx_word' id='word_1_117' title='bbox 1633 1465 1966 1536; x_wconf 65' lang='grc' dir='ltr'>ἀναγκαίων.</span> 
     </span>
    </p>
   </div>
   <div class='ocr_carea' id='block_1_17' title="bbox 361 1544 1949 1631">
    <p class='ocr_par' dir='ltr' id='par_1_17' title="bbox 361 1544 1949 1631">
     <span class='ocr_line' id='line_1_17' title="bbox 361 1544 1949 1631; baseline 0.012 -37"><span class='ocrx_word' id='word_1_118' title='bbox 361 1544 583 1613; x_wconf 70' lang='grc' dir='ltr'>χρείαν,</span> <span class='ocrx_word' id='word_1_119' title='bbox 634 1545 667 1617; x_wconf 77' lang='grc' dir='ltr'>ἢ</span> <span class='ocrx_word' id='word_1_120' title='bbox 706 1547 909 1617; x_wconf 79' lang='grc' dir='ltr'>μᾶλλον</span> <span class='ocrx_word' id='word_1_121' title='bbox 958 1555 1243 1624; x_wconf 77' lang='grc' dir='ltr'><strong>χορηγίαν.</strong></span> <span class='ocrx_word' id='word_1_122' title='bbox 1287 1572 1307 1608; x_wconf 77' lang='grc' dir='ltr'><strong>ι</strong></span> <span class='ocrx_word' id='word_1_123' title='bbox 1363 1558 1439 1611; x_wconf 72' lang='grc' dir='ltr'><strong>Οὐ</strong></span> <span class='ocrx_word' id='word_1_124' title='bbox 1500 1558 1773 1628; x_wconf 81' lang='grc' dir='ltr'>φιμώσεις</span> <span class='ocrx_word' id='word_1_125' title='bbox 1819 1559 1949 1631; x_wconf 81' lang='grc' dir='ltr'>γὰρ.</span> 
     </span>
    </p>
   </div>
   <div class='ocr_carea' id='block_1_18' title="bbox 359 1634 1952 1722">
    <p class='ocr_par' dir='ltr' id='par_1_18' title="bbox 359 1634 1952 1722">
     <span class='ocr_line' id='line_1_18' title="bbox 359 1634 1952 1722; baseline 0.013 -36"><span class='ocrx_word' id='word_1_126' title='bbox 359 1634 525 1704; x_wconf 63' lang='grc' dir='ltr'>φησδ,</span> <span class='ocrx_word' id='word_1_127' title='bbox 555 1635 685 1706; x_wconf 71' lang='grc' dir='ltr'>βοῦν</span> <span class='ocrx_word' id='word_1_128' title='bbox 719 1638 983 1695; x_wconf 82' lang='grc' dir='ltr'><strong>ἀλοῶντα·</strong></span> <span class='ocrx_word' id='word_1_129' title='bbox 1016 1646 1131 1712; x_wconf 74' lang='grc' dir='ltr'>καὶ,</span> <span class='ocrx_word' id='word_1_130' title='bbox 1161 1647 1347 1713; x_wconf 75' lang='grc' dir='ltr'><strong>’Ἄξιος</strong></span> <span class='ocrx_word' id='word_1_131' title='bbox 1378 1650 1405 1703; x_wconf 92' lang='lat'><strong>6</strong></span> <span class='ocrx_word' id='word_1_132' title='bbox 1429 1649 1669 1722; x_wconf 71' lang='grc' dir='ltr'>ἐργάτης</span> <span class='ocrx_word' id='word_1_133' title='bbox 1693 1650 1789 1704; x_wconf 83' lang='grc' dir='ltr'><strong>τοῦ</strong></span> <span class='ocrx_word' id='word_1_134' title='bbox 1823 1668 1952 1722; x_wconf 76' lang='grc' dir='ltr'>μισο</span> 
     </span>
    </p>
   </div>
   <div class='ocr_carea' id='block_1_19' title="bbox 359 1724 1949 1815">
    <p class='ocr_par' dir='ltr' id='par_1_19' title="bbox 359 1724 1949 1815">
     <span class='ocr_line' id='line_1_19' title="bbox 359 1724 1949 1815; baseline 0.013 -37"><span class='ocrx_word' id='word_1_135' title='bbox 359 1724 463 1780; x_wconf 80' lang='grc' dir='ltr'><strong>θοΰ</strong></span> <span class='ocrx_word' id='word_1_136' title='bbox 485 1727 675 1785; x_wconf 82' lang='grc' dir='ltr'>αὐτοῦ.</span> <span class='ocrx_word' id='word_1_137' title='bbox 706 1749 726 1784; x_wconf 72' lang='grc' dir='ltr'><strong>ι</strong></span> <span class='ocrx_word' id='word_1_138' title='bbox 745 1763 818 1775; x_wconf 91' lang='grc'><strong><em>-</em></strong></span> <span class='ocrx_word' id='word_1_139' title='bbox 844 1754 863 1788; x_wconf 76' lang='grc' dir='ltr'>ι</span> <span class='ocrx_word' id='word_1_140' title='bbox 885 1736 1093 1808; x_wconf 83' lang='grc' dir='ltr'>Διπλῆς</span> <span class='ocrx_word' id='word_1_141' title='bbox 1114 1757 1134 1791; x_wconf 73' lang='grc' dir='ltr'><strong>ι</strong></span> <span class='ocrx_word' id='word_1_142' title='bbox 1160 1738 1240 1806; x_wconf 77' lang='grc' dir='ltr'>δὲ,</span> <span class='ocrx_word' id='word_1_143' title='bbox 1264 1741 1340 1806; x_wconf 85' lang='grc' dir='ltr'>ὡς</span> <span class='ocrx_word' id='word_1_144' title='bbox 1370 1741 1509 1813; x_wconf 70' lang='grc' dir='ltr'>πρὸς</span> <span class='ocrx_word' id='word_1_145' title='bbox 1532 1742 1633 1806; x_wconf 80' lang='grc' dir='ltr'>τὰς</span> <span class='ocrx_word' id='word_1_146' title='bbox 1662 1744 1858 1815; x_wconf 59' lang='grc' dir='ltr'>χήρας</span> <span class='ocrx_word' id='word_1_147' title='bbox 1887 1744 1949 1799; x_wconf 84' lang='grc' dir='ltr'><strong>οὐ</strong></span> 
     </span>
    </p>
   </div>
   <div class='ocr_carea' id='block_1_20' title="bbox 361 1815 1946 1905">
    <p class='ocr_par' dir='ltr' id='par_1_20' title="bbox 361 1815 1946 1905">
     <span class='ocr_line' id='line_1_20' title="bbox 361 1815 1946 1905; baseline 0.013 -37"><span class='ocrx_word' id='word_1_148' title='bbox 361 1815 571 1886; x_wconf 73' lang='grc' dir='ltr'>γὰρὼς</span> <span class='ocrx_word' id='word_1_149' title='bbox 610 1820 748 1892; x_wconf 75' lang='grc' dir='ltr'>πρὸς</span> <span class='ocrx_word' id='word_1_150' title='bbox 776 1824 904 1889; x_wconf 79' lang='grc' dir='ltr'>τοὺς</span> <span class='ocrx_word' id='word_1_151' title='bbox 948 1826 1022 1896; x_wconf 82' lang='grc' dir='ltr'><strong>μὴ</strong></span> <span class='ocrx_word' id='word_1_152' title='bbox 1056 1827 1239 1892; x_wconf 87' lang='grc' dir='ltr'>καλῶς</span> <span class='ocrx_word' id='word_1_153' title='bbox 1293 1832 1647 1901; x_wconf 80' lang='grc' dir='ltr'>προεστῶτας</span> <span class='ocrx_word' id='word_1_154' title='bbox 1702 1834 1946 1905; x_wconf 81' lang='grc' dir='ltr'>πρεσϐυ-</span> 
     </span>
    </p>
   </div>
   <div class='ocr_carea' id='block_1_21' title="bbox 2054 910 3641 983">
    <p class='ocr_par' dir='ltr' id='par_1_21' title="bbox 2054 910 3641 983">
     <span class='ocr_line' id='line_1_21' title="bbox 2054 910 3641 983; baseline 0.003 -22"><span class='ocrx_word' id='word_1_155' title='bbox 2054 910 2476 978; x_wconf 71' lang='grc' dir='ltr'>ρναοεὶρὶιοιὶοηε</span> <span class='ocrx_word' id='word_1_156' title='bbox 2495 912 2715 982; x_wconf 84' lang='lat' dir='ltr'><strong>judicii,</strong></span> <span class='ocrx_word' id='word_1_157' title='bbox 2748 914 2877 966; x_wconf 76' lang='lat' dir='ltr'><strong>nihil</strong></span> <span class='ocrx_word' id='word_1_158' title='bbox 2907 913 3110 982; x_wconf 80' lang='lat' dir='ltr'><strong>faciens</strong></span> <span class='ocrx_word' id='word_1_159' title='bbox 3143 914 3306 983; x_wconf 70' lang='lat' dir='ltr'><strong>juxta</strong></span> <span class='ocrx_word' id='word_1_160' title='bbox 3333 914 3641 982; x_wconf 77' lang='lat' dir='ltr'><strong>propensio-</strong></span> 
     </span>
    </p>
   </div>
   <div class='ocr_carea' id='block_1_22' title="bbox 2059 1002 2401 1057">
    <p class='ocr_par' dir='ltr' id='par_1_22' title="bbox 2059 1002 2401 1057">
     <span class='ocr_line' id='line_1_22' title="bbox 2059 1002 2401 1057; baseline 0.009 -4"><span class='ocrx_word' id='word_1_161' title='bbox 2059 1016 2172 1054; x_wconf 84' lang='lat' dir='ltr'><strong>nem</strong></span> <span class='ocrx_word' id='word_1_162' title='bbox 2212 1002 2401 1057; x_wconf 82' lang='lat' dir='ltr'><strong>animi.</strong></span> 
     </span>
    </p>
   </div>
   <div class='ocr_carea' id='block_1_23' title="bbox 2128 1186 3640 1264">
    <p class='ocr_par' dir='ltr' id='par_1_23' title="bbox 2128 1186 3640 1264">
     <span class='ocr_line' id='line_1_23' title="bbox 2128 1186 3640 1264; baseline 0.004 -23"><span class='ocrx_word' id='word_1_163' title='bbox 2128 1186 2361 1254; x_wconf 85' lang='lat' dir='ltr'><strong>Quinam</strong></span> <span class='ocrx_word' id='word_1_164' title='bbox 2392 1196 2574 1244; x_wconf 89' lang='lat' dir='ltr'><strong>autem</strong></span> <span class='ocrx_word' id='word_1_165' title='bbox 2607 1188 2746 1246; x_wconf 86' lang='lat' dir='ltr'><strong>bene</strong></span> <span class='ocrx_word' id='word_1_166' title='bbox 2783 1190 3030 1260; x_wconf 71' lang='lat' dir='ltr'><strong>prtesint,</strong></span> <span class='ocrx_word' id='word_1_167' title='bbox 3063 1189 3321 1247; x_wconf 73' lang='lat' dir='ltr'><strong>Christus</strong></span> <span class='ocrx_word' id='word_1_168' title='bbox 3356 1191 3640 1264; x_wconf 72' lang='lat' dir='ltr'><strong>signiﬁca-</strong></span> 
     </span>
    </p>
   </div>
   <div class='ocr_carea' id='block_1_24' title="bbox 2059 1277 3641 1355">
    <p class='ocr_par' dir='ltr' id='par_1_24' title="bbox 2059 1277 3641 1355">
     <span class='ocr_line' id='line_1_24' title="bbox 2059 1277 3641 1355; baseline 0.008 -26"><span class='ocrx_word' id='word_1_169' title='bbox 2059 1277 2153 1331; x_wconf 89' lang='lat' dir='ltr'><strong>vit.</strong></span> <span class='ocrx_word' id='word_1_170' title='bbox 2187 1295 2206 1329; x_wconf 78' lang='grc' dir='ltr'>ι</span> <span class='ocrx_word' id='word_1_171' title='bbox 2242 1277 2447 1344; x_wconf 87' lang='lat' dir='ltr'><strong>Bonus,</strong></span> <span class='ocrx_word' id='word_1_172' title='bbox 2497 1280 2691 1350; x_wconf 86' lang='lat' dir='ltr'><strong>inquit,</strong></span> <span class='ocrx_word' id='word_1_173' title='bbox 2732 1279 2926 1336; x_wconf 82' lang='lat' dir='ltr'><strong>Pastor</strong></span> <span class='ocrx_word' id='word_1_174' title='bbox 2984 1283 3224 1337; x_wconf 84' lang='lat' dir='ltr'><strong>animam</strong></span> <span class='ocrx_word' id='word_1_175' title='bbox 3268 1299 3424 1339; x_wconf 86' lang='lat' dir='ltr'><strong>suam</strong></span> <span class='ocrx_word' id='word_1_176' title='bbox 3486 1286 3641 1355; x_wconf 80' lang='lat' dir='ltr'><strong>ponit</strong></span> 
     </span>
    </p>
   </div>
   <div class='ocr_carea' id='block_1_25' title="bbox 2058 1371 3639 1448">
    <p class='ocr_par' dir='ltr' id='par_1_25' title="bbox 2058 1371 3639 1448">
     <span class='ocr_line' id='line_1_25' title="bbox 2058 1371 3639 1448; baseline 0.008 -26"><span class='ocrx_word' id='word_1_177' title='bbox 2058 1385 2155 1438; x_wconf 85' lang='lat' dir='ltr'><strong>pro</strong></span> <span class='ocrx_word' id='word_1_178' title='bbox 2180 1371 2375 1426; x_wconf 79' lang='lat' dir='ltr'><strong>ovibus</strong></span> <span class='ocrx_word' id='word_1_179' title='bbox 2404 1371 2471 1426; x_wconf 79' lang='lat'><strong>“.</strong></span> <span class='ocrx_word' id='word_1_180' title='bbox 2510 1393 2529 1424; x_wconf 71' lang='grc' dir='ltr'><strong>ι</strong></span> <span class='ocrx_word' id='word_1_181' title='bbox 2557 1402 2628 1412; x_wconf 89' lang='lat'><strong>—-</strong></span> <span class='ocrx_word' id='word_1_182' title='bbox 2666 1393 2684 1425; x_wconf 77' lang='grc' dir='ltr'><strong>σ</strong></span> <span class='ocrx_word' id='word_1_183' title='bbox 2723 1372 2934 1445; x_wconf 85' lang='lat' dir='ltr'><strong>Duplici</strong></span> <span class='ocrx_word' id='word_1_184' title='bbox 2972 1375 3179 1431; x_wconf 84' lang='lat' dir='ltr'><strong>honore</strong></span> <span class='ocrx_word' id='word_1_185' title='bbox 3209 1376 3356 1448; x_wconf 79' lang='lat' dir='ltr'><strong>digiti</strong></span> <span class='ocrx_word' id='word_1_186' title='bbox 3394 1376 3639 1434; x_wconf 77' lang='lat' dir='ltr'><strong>habean-</strong></span> 
     </span>
    </p>
   </div>
   <div class='ocr_carea' id='block_1_26' title="bbox 2058 1464 3638 1540">
    <p class='ocr_par' dir='ltr' id='par_1_26' title="bbox 2058 1464 3638 1540">
     <span class='ocr_line' id='line_1_26' title="bbox 2058 1464 3638 1540; baseline 0.006 -24"><span class='ocrx_word' id='word_1_187' title='bbox 2058 1474 2164 1516; x_wconf 88' lang='lat' dir='ltr'><strong>tur.</strong></span> <span class='ocrx_word' id='word_1_188' title='bbox 2208 1464 2539 1520; x_wconf 62' lang='lat' dir='ltr'><strong>rlionorem</strong></span> <span class='ocrx_word' id='word_1_189' title='bbox 2575 1465 2711 1520; x_wconf 92' lang='lat' dir='ltr'><strong>dicit</strong></span> <span class='ocrx_word' id='word_1_190' title='bbox 2743 1468 3179 1523; x_wconf 88' lang='lat' dir='ltr'><strong>necessariorum</strong></span> <span class='ocrx_word' id='word_1_191' title='bbox 3212 1484 3371 1525; x_wconf 88' lang='lat' dir='ltr'><strong>usum</strong></span> <span class='ocrx_word' id='word_1_192' title='bbox 3420 1480 3515 1525; x_wconf 88' lang='lat' dir='ltr'><strong>aut</strong></span> <span class='ocrx_word' id='word_1_193' title='bbox 3541 1486 3638 1540; x_wconf 86' lang='lat' dir='ltr'><strong>po-</strong></span> 
     </span>
    </p>
   </div>
   <div class='ocr_carea' id='block_1_27' title="bbox 2056 1556 3639 1635">
    <p class='ocr_par' dir='ltr' id='par_1_27' title="bbox 2056 1556 3639 1635">
     <span class='ocr_line' id='line_1_27' title="bbox 2056 1556 3639 1635; baseline 0.009 -27"><span class='ocrx_word' id='word_1_194' title='bbox 2056 1557 2166 1611; x_wconf 96' lang='lat' dir='ltr'><strong>tius</strong></span> <span class='ocrx_word' id='word_1_195' title='bbox 2193 1556 2716 1628; x_wconf 77' lang='lat' dir='ltr'><strong>suppeditationem.</strong></span> <span class='ocrx_word' id='word_1_196' title='bbox 2765 1578 2785 1611; x_wconf 76' lang='grc' dir='ltr'><strong>ι</strong></span> <span class='ocrx_word' id='word_1_197' title='bbox 2821 1558 2941 1616; x_wconf 84' lang='lat' dir='ltr'><strong>Non</strong></span> <span class='ocrx_word' id='word_1_198' title='bbox 2965 1561 3261 1632; x_wconf 88' lang='lat' dir='ltr'><strong>obligabis,</strong></span> <span class='ocrx_word' id='word_1_199' title='bbox 3318 1563 3520 1635; x_wconf 86' lang='lat' dir='ltr'><strong>inquit,</strong></span> <span class='ocrx_word' id='word_1_200' title='bbox 3572 1580 3639 1622; x_wconf 85' lang='lat' dir='ltr'><strong>os</strong></span> 
     </span>
    </p>
   </div>
   <div class='ocr_carea' id='block_1_28' title="bbox 2055 1646 3638 1725">
    <p class='ocr_par' dir='ltr' id='par_1_28' title="bbox 2055 1646 3638 1725">
     <span class='ocr_line' id='line_1_28' title="bbox 2055 1646 3638 1725; baseline 0.007 -23"><span class='ocrx_word' id='word_1_201' title='bbox 2055 1646 2180 1702; x_wconf 88' lang='lat' dir='ltr'><strong>bovi</strong></span> <span class='ocrx_word' id='word_1_202' title='bbox 2240 1648 2555 1717; x_wconf 86' lang='lat' dir='ltr'><strong>trituranti;</strong></span> <span class='ocrx_word' id='word_1_203' title='bbox 2585 1658 2640 1706; x_wconf 91' lang='lat' dir='ltr'><strong>et</strong></span> <span class='ocrx_word' id='word_1_204' title='bbox 2687 1651 2897 1722; x_wconf 79' lang='lat' dir='ltr'><strong>Dignus</strong></span> <span class='ocrx_word' id='word_1_205' title='bbox 2941 1661 3026 1708; x_wconf 88' lang='lat' dir='ltr'><strong>est</strong></span> <span class='ocrx_word' id='word_1_206' title='bbox 3057 1656 3345 1725; x_wconf 80' lang='lat' dir='ltr'><strong>operarius</strong></span> <span class='ocrx_word' id='word_1_207' title='bbox 3384 1657 3638 1712; x_wconf 78' lang='lat' dir='ltr'><strong>mercede</strong></span> 
     </span>
    </p>
   </div>
   <div class='ocr_carea' id='block_1_29' title="bbox 2054 1740 3643 1817">
    <p class='ocr_par' dir='ltr' id='par_1_29' title="bbox 2054 1740 3643 1817">
     <span class='ocr_line' id='line_1_29' title="bbox 2054 1740 3643 1817; baseline 0.006 -23"><span class='ocrx_word' id='word_1_208' title='bbox 2054 1753 2177 1795; x_wconf 88' lang='lat' dir='ltr'><strong>sua.</strong></span> <span class='ocrx_word' id='word_1_209' title='bbox 2210 1758 2228 1792; x_wconf 73' lang='grc' dir='ltr'>ι</span> <span class='ocrx_word' id='word_1_210' title='bbox 2280 1740 2494 1810; x_wconf 89' lang='lat' dir='ltr'><strong>Duplici</strong></span> <span class='ocrx_word' id='word_1_211' title='bbox 2546 1758 2697 1811; x_wconf 90' lang='lat' dir='ltr'><strong>vero,</strong></span> <span class='ocrx_word' id='word_1_212' title='bbox 2757 1745 3051 1802; x_wconf 74' lang='lat' dir='ltr'><strong>collatione</strong></span> <span class='ocrx_word' id='word_1_213' title='bbox 3101 1749 3243 1802; x_wconf 80' lang='lat' dir='ltr'><strong>facta</strong></span> <span class='ocrx_word' id='word_1_214' title='bbox 3305 1748 3371 1802; x_wconf 88' lang='lat' dir='ltr'><strong>ad</strong></span> <span class='ocrx_word' id='word_1_215' title='bbox 3417 1749 3643 1817; x_wconf 80' lang='lat' dir='ltr'><strong>viduas,</strong></span> 
     </span>
    </p>
   </div>
   <div class='ocr_carea' id='block_1_30' title="bbox 2052 1832 3643 1912">
    <p class='ocr_par' dir='ltr' id='par_1_30' title="bbox 2052 1832 3643 1912">
     <span class='ocr_line' id='line_1_30' title="bbox 2052 1832 3643 1912; baseline 0.009 -28"><span class='ocrx_word' id='word_1_216' title='bbox 2052 1846 2162 1885; x_wconf 90' lang='lat' dir='ltr'><strong>non</strong></span> <span class='ocrx_word' id='word_1_217' title='bbox 2195 1832 2259 1887; x_wconf 89' lang='lat' dir='ltr'><strong>ad</strong></span> <span class='ocrx_word' id='word_1_218' title='bbox 2314 1835 2663 1907; x_wconf 75' lang='lat' dir='ltr'><strong>presbyteros</strong></span> <span class='ocrx_word' id='word_1_219' title='bbox 2696 1838 2791 1907; x_wconf 89' lang='lat' dir='ltr'><strong>qui</strong></span> <span class='ocrx_word' id='word_1_220' title='bbox 2837 1853 2949 1894; x_wconf 90' lang='lat' dir='ltr'><strong>non</strong></span> <span class='ocrx_word' id='word_1_221' title='bbox 2999 1840 3136 1897; x_wconf 91' lang='lat' dir='ltr'><strong>bene</strong></span> <span class='ocrx_word' id='word_1_222' title='bbox 3187 1853 3450 1912; x_wconf 61' lang='lat' dir='ltr'><strong>praesunt.</strong></span> <span class='ocrx_word' id='word_1_223' title='bbox 3498 1841 3643 1899; x_wconf 83' lang='lat' dir='ltr'><strong>Nam</strong></span> 
     </span>
    </p>
   </div>
   <div class='ocr_carea' id='block_1_31' title="bbox 360 1901 1944 2001">
    <p class='ocr_par' dir='ltr' id='par_1_31' title="bbox 360 1901 1944 2001">
     <span class='ocr_line' id='line_1_31' title="bbox 360 1901 1944 2001; baseline 0.015 -41"><span class='ocrx_word' id='word_1_224' title='bbox 360 1909 581 2001; x_wconf 80' lang='grc' dir='ltr'>τέρους.</span> <span class='ocrx_word' id='word_1_225' title='bbox 636 1913 868 1972; x_wconf 80' lang='grc' dir='ltr'><strong>Ἐκεῖνοι</strong></span> <span class='ocrx_word' id='word_1_226' title='bbox 911 1918 1021 1992; x_wconf 82' lang='grc' dir='ltr'>γὰρ</span> <span class='ocrx_word' id='word_1_227' title='bbox 1072 1920 1175 1976; x_wconf 80' lang='grc' dir='ltr'>οὐκ</span> <span class='ocrx_word' id='word_1_228' title='bbox 1219 1922 1498 1988; x_wconf 78' lang='grc' dir='ltr'><strong>ἀξιοῦνται</strong></span> <span class='ocrx_word' id='word_1_229' title='bbox 1545 1901 1758 1998; x_wconf 59' lang='grc' dir='ltr'>ἁπλῆς,</span> <span class='ocrx_word' id='word_1_230' title='bbox 1806 1928 1944 1984; x_wconf 85' lang='grc' dir='ltr'><strong>ἀλλὰ</strong></span> 
     </span>
    </p>
   </div>
   <div class='ocr_carea' id='block_1_32' title="bbox 2053 1901 3636 2001">
    <p class='ocr_par' dir='ltr' id='par_1_32' title="bbox 2053 1924 3636 2001">
     <span class='ocr_line' id='line_1_32' title="bbox 2053 1924 3636 2001; baseline 0.008 -22"><span class='ocrx_word' id='word_1_231' title='bbox 2053 1924 2128 1979; x_wconf 89' lang='lat' dir='ltr'><strong>illi</strong></span> <span class='ocrx_word' id='word_1_232' title='bbox 2176 1941 2243 1981; x_wconf 92' lang='lat' dir='ltr'><strong>ne</strong></span> <span class='ocrx_word' id='word_1_233' title='bbox 2276 1927 2583 1997; x_wconf 85' lang='lat' dir='ltr'><strong>simplicem</strong></span> <span class='ocrx_word' id='word_1_234' title='bbox 2615 1930 2837 1999; x_wconf 88' lang='lat' dir='ltr'><strong>quidem</strong></span> <span class='ocrx_word' id='word_1_235' title='bbox 2889 1941 3170 1989; x_wconf 76' lang='lat' dir='ltr'><strong>merentur</strong></span> <span class='ocrx_word' id='word_1_236' title='bbox 3204 1936 3491 2001; x_wconf 83' lang='lat' dir='ltr'><strong>honorem,</strong></span> <span class='ocrx_word' id='word_1_237' title='bbox 3533 1937 3636 1994; x_wconf 85' lang='lat' dir='ltr'><strong>sed</strong></span> 
     </span>
    </p>
   </div>
   <div class='ocr_carea' id='block_1_33' title="bbox 364 2000 1942 2090">
    <p class='ocr_par' dir='ltr' id='par_1_33' title="bbox 364 2000 1942 2090">
     <span class='ocr_line' id='line_1_33' title="bbox 364 2000 1942 2090; baseline 0.016 -36"><span class='ocrx_word' id='word_1_238' title='bbox 364 2000 684 2062; x_wconf 81' lang='grc' dir='ltr'>διώκονται.</span> <span class='ocrx_word' id='word_1_239' title='bbox 749 2010 822 2065; x_wconf 85' lang='grc' dir='ltr'><strong>’Ἡ</strong></span> <span class='ocrx_word' id='word_1_240' title='bbox 859 2011 1053 2083; x_wconf 85' lang='grc' dir='ltr'><strong>διπλῆς</strong></span> <span class='ocrx_word' id='word_1_241' title='bbox 1105 2017 1207 2086; x_wconf 80' lang='grc' dir='ltr'>τῆς</span> <span class='ocrx_word' id='word_1_242' title='bbox 1227 2017 1429 2089; x_wconf 83' lang='grc' dir='ltr'>πολλῆς</span> <span class='ocrx_word' id='word_1_243' title='bbox 1466 2019 1636 2090; x_wconf 79' lang='grc' dir='ltr'>λέγει.</span> <span class='ocrx_word' id='word_1_244' title='bbox 1668 2041 1689 2074; x_wconf 87' lang='grc'><em>‹</em></span> <span class='ocrx_word' id='word_1_245' title='bbox 1727 2024 1788 2077; x_wconf 82' lang='lat' dir='ltr'><strong>Ui</strong></span> <span class='ocrx_word' id='word_1_246' title='bbox 1845 2040 1942 2078; x_wconf 85' lang='grc' dir='ltr'>κο-</span> 
     </span>
    </p>
   </div>
   <div class='ocr_carea' id='block_1_34' title="bbox 358 2093 1942 2184">
    <p class='ocr_par' dir='ltr' id='par_1_34' title="bbox 358 2093 1942 2184">
     <span class='ocr_line' id='line_1_34' title="bbox 358 2093 1942 2184; baseline 0.018 -41"><span class='ocrx_word' id='word_1_247' title='bbox 358 2093 604 2161; x_wconf 78' lang='grc' dir='ltr'>πιῶντες</span> <span class='ocrx_word' id='word_1_248' title='bbox 630 2100 688 2155; x_wconf 77' lang='grc' dir='ltr'>ὲν</span> <span class='ocrx_word' id='word_1_249' title='bbox 714 2100 878 2175; x_wconf 83' lang='grc' dir='ltr'>λόγῳ.</span> <span class='ocrx_word' id='word_1_250' title='bbox 911 2123 930 2156; x_wconf 75' lang='grc' dir='ltr'>ι</span> <span class='ocrx_word' id='word_1_251' title='bbox 983 2104 1076 2160; x_wconf 83' lang='grc' dir='ltr'>Ἐν</span> <span class='ocrx_word' id='word_1_252' title='bbox 1107 2106 1253 2180; x_wconf 77' lang='grc' dir='ltr'>λόγῳ</span> <span class='ocrx_word' id='word_1_253' title='bbox 1282 2110 1342 2164; x_wconf 78' lang='grc' dir='ltr'><strong>οὐ</strong></span> <span class='ocrx_word' id='word_1_254' title='bbox 1376 2111 1454 2183; x_wconf 82' lang='grc' dir='ltr'>τῷ</span> <span class='ocrx_word' id='word_1_255' title='bbox 1485 2114 1783 2184; x_wconf 81' lang='grc' dir='ltr'>κομπώδει,</span> <span class='ocrx_word' id='word_1_256' title='bbox 1806 2116 1942 2171; x_wconf 76' lang='grc' dir='ltr'>ἀλλὰ</span> 
     </span>
    </p>
   </div>
   <div class='ocr_carea' id='block_1_35' title="bbox 356 2184 1942 2271">
    <p class='ocr_par' dir='ltr' id='par_1_35' title="bbox 356 2184 1942 2271">
     <span class='ocr_line' id='line_1_35' title="bbox 356 2184 1942 2271; baseline 0.016 -34"><span class='ocrx_word' id='word_1_257' title='bbox 356 2184 440 2251; x_wconf 81' lang='grc' dir='ltr'><strong>τῷ</strong></span> <span class='ocrx_word' id='word_1_258' title='bbox 472 2194 867 2263; x_wconf 75' lang='grc' dir='ltr'><strong>πνευματικῶς</strong></span> <span class='ocrx_word' id='word_1_259' title='bbox 894 2197 1117 2269; x_wconf 79' lang='grc' dir='ltr'><strong>τρέφειν</strong></span> <span class='ocrx_word' id='word_1_260' title='bbox 1153 2200 1410 2271; x_wconf 77' lang='grc' dir='ltr'>ἰσχύοντι.</span> <span class='ocrx_word' id='word_1_261' title='bbox 1453 2205 1561 2258; x_wconf 73' lang='grc' dir='ltr'><strong>Ποῦ</strong></span> <span class='ocrx_word' id='word_1_262' title='bbox 1580 2206 1637 2259; x_wconf 86' lang='grc' dir='ltr'>δὲ</span> <span class='ocrx_word' id='word_1_263' title='bbox 1664 2207 1761 2260; x_wconf 81' lang='grc' dir='ltr'>νῦν</span> <span class='ocrx_word' id='word_1_264' title='bbox 1796 2211 1942 2263; x_wconf 87' lang='grc' dir='ltr'>εἰσιν</span> 
     </span>
    </p>
   </div>
   <div class='ocr_carea' id='block_1_36' title="bbox 354 2282 1943 2366">
    <p class='ocr_par' dir='ltr' id='par_1_36' title="bbox 354 2282 1943 2366">
     <span class='ocr_line' id='line_1_36' title="bbox 354 2282 1943 2366; baseline 0.012 -29"><span class='ocrx_word' id='word_1_265' title='bbox 354 2284 409 2337; x_wconf 76' lang='grc' dir='ltr'><strong>οι</strong></span> <span class='ocrx_word' id='word_1_266' title='bbox 435 2282 711 2352; x_wconf 80' lang='grc' dir='ltr'>λέγοντες,</span> <span class='ocrx_word' id='word_1_267' title='bbox 751 2285 827 2359; x_wconf 80' lang='grc' dir='ltr'><strong>μὴ</strong></span> <span class='ocrx_word' id='word_1_268' title='bbox 864 2288 1070 2344; x_wconf 76' lang='grc' dir='ltr'>δεῖσθαι</span> <span class='ocrx_word' id='word_1_269' title='bbox 1098 2291 1271 2362; x_wconf 87' lang='grc' dir='ltr'>λόγων</span> <span class='ocrx_word' id='word_1_270' title='bbox 1304 2295 1440 2366; x_wconf 84' lang='grc' dir='ltr'>μηδὲ</span> <span class='ocrx_word' id='word_1_271' title='bbox 1463 2297 1814 2365; x_wconf 70' lang='grc' dir='ltr'><strong>διδασκαλίας</strong></span> <span class='ocrx_word' id='word_1_272' title='bbox 1848 2302 1943 2356; x_wconf 85' lang='grc' dir='ltr'>τὸν</span> 
     </span>
    </p>
   </div>
   <div class='ocr_carea' id='block_1_37' title="bbox 357 2374 1943 2459">
    <p class='ocr_par' dir='ltr' id='par_1_37' title="bbox 357 2374 1943 2459">
     <span class='ocr_line' id='line_1_37' title="bbox 357 2374 1943 2459; baseline 0.015 -35"><span class='ocrx_word' id='word_1_273' title='bbox 357 2374 707 2445; x_wconf 76' lang='grc' dir='ltr'><strong>προεστῶτα,</strong></span> <span class='ocrx_word' id='word_1_274' title='bbox 728 2377 867 2433; x_wconf 81' lang='grc' dir='ltr'>ἀλλὰ</span> <span class='ocrx_word' id='word_1_275' title='bbox 889 2379 1040 2451; x_wconf 72' lang='grc' dir='ltr'>βίους</span> <span class='ocrx_word' id='word_1_276' title='bbox 1082 2383 1454 2440; x_wconf 78' lang='grc' dir='ltr'>Ἀκουέτωσαν</span> <span class='ocrx_word' id='word_1_277' title='bbox 1478 2387 1810 2446; x_wconf 64' lang='grc' dir='ltr'>νῦνιιζῐαύλου</span> <span class='ocrx_word' id='word_1_278' title='bbox 1824 2393 1943 2459; x_wconf 84' lang='grc' dir='ltr'><strong>πῶς</strong></span> 
     </span>
    </p>
   </div>
   <div class='ocr_carea' id='block_1_38' title="bbox 357 2465 1941 2557">
    <p class='ocr_par' dir='ltr' id='par_1_38' title="bbox 357 2465 1941 2557">
     <span class='ocr_line' id='line_1_38' title="bbox 357 2465 1941 2557; baseline 0.016 -39"><span class='ocrx_word' id='word_1_279' title='bbox 357 2466 453 2519; x_wconf 74' lang='grc' dir='ltr'><strong>τὸν</strong></span> <span class='ocrx_word' id='word_1_280' title='bbox 471 2465 634 2536; x_wconf 79' lang='grc' dir='ltr'>λόγον</span> <span class='ocrx_word' id='word_1_281' title='bbox 648 2471 808 2542; x_wconf 79' lang='grc' dir='ltr'>τιμᾷ,</span> <span class='ocrx_word' id='word_1_282' title='bbox 831 2472 1105 2541; x_wconf 81' lang='grc' dir='ltr'><strong>Μάλιστα,</strong></span> <span class='ocrx_word' id='word_1_283' title='bbox 1135 2475 1328 2547; x_wconf 79' lang='grc' dir='ltr'>λέγων.</span> <span class='ocrx_word' id='word_1_284' title='bbox 1362 2482 1455 2533; x_wconf 87' lang='grc' dir='ltr'><strong>Δεῖ</strong></span> <span class='ocrx_word' id='word_1_285' title='bbox 1477 2483 1586 2554; x_wconf 74' lang='grc' dir='ltr'><strong>γὰρ</strong></span> <span class='ocrx_word' id='word_1_286' title='bbox 1613 2486 1707 2539; x_wconf 73' lang='grc' dir='ltr'><strong>καὶ</strong></span> <span class='ocrx_word' id='word_1_287' title='bbox 1723 2486 1941 2557; x_wconf 69' lang='grc' dir='ltr'>τούτου,</span> 
     </span>
    </p>
   </div>
   <div class='ocr_carea' id='block_1_39' title="bbox 358 2559 1943 2656">
    <p class='ocr_par' dir='ltr' id='par_1_39' title="bbox 358 2559 1943 2656">
     <span class='ocr_line' id='line_1_39' title="bbox 358 2559 1943 2656; baseline 0.016 -45"><span class='ocrx_word' id='word_1_288' title='bbox 358 2559 523 2633; x_wconf 80' lang='grc' dir='ltr'>εῐπερ</span> <span class='ocrx_word' id='word_1_289' title='bbox 564 2562 712 2627; x_wconf 78' lang='grc' dir='ltr'>τινὸς</span> <span class='ocrx_word' id='word_1_290' title='bbox 753 2564 933 2621; x_wconf 74' lang='grc' dir='ltr'>ἄλλου.</span> <span class='ocrx_word' id='word_1_291' title='bbox 987 2568 1159 2624; x_wconf 85' lang='grc' dir='ltr'>Ὅταν</span> <span class='ocrx_word' id='word_1_292' title='bbox 1195 2570 1305 2643; x_wconf 75' lang='grc' dir='ltr'><strong>γὰρ</strong></span> <span class='ocrx_word' id='word_1_293' title='bbox 1357 2575 1488 2646; x_wconf 79' lang='grc' dir='ltr'>περὶ</span> <span class='ocrx_word' id='word_1_294' title='bbox 1539 2576 1884 2656; x_wconf 83' lang='grc' dir='ltr'>δογμάτωνῇ</span> <span class='ocrx_word' id='word_1_295' title='bbox 1913 2584 1943 2637; x_wconf 91' lang='lat'><strong>6</strong></span> 
     </span>
    </p>
   </div>
   <div class='ocr_carea' id='block_1_40' title="bbox 358 2649 1943 2742">
    <p class='ocr_par' dir='ltr' id='par_1_40' title="bbox 358 2649 1943 2742">
     <span class='ocr_line' id='line_1_40' title="bbox 358 2649 1943 2742; baseline 0.017 -40"><span class='ocrx_word' id='word_1_296' title='bbox 358 2649 542 2742; x_wconf 73' lang='grc' dir='ltr'>λόγος,</span> <span class='ocrx_word' id='word_1_297' title='bbox 580 2656 733 2720; x_wconf 81' lang='grc' dir='ltr'>ποῖος</span> <span class='ocrx_word' id='word_1_298' title='bbox 761 2656 876 2728; x_wconf 75' lang='grc' dir='ltr'>βξος</span> <span class='ocrx_word' id='word_1_299' title='bbox 904 2660 1141 2716; x_wconf 80' lang='grc' dir='ltr'>ἐνταῦθα</span> <span class='ocrx_word' id='word_1_300' title='bbox 1175 2664 1384 2735; x_wconf 60' lang='lat' dir='ltr'><strong>(extim;</strong></span> <span class='ocrx_word' id='word_1_301' title='bbox 1436 2668 1581 2742; x_wconf 83' lang='grc' dir='ltr'><strong>Ὅροι</strong></span> <span class='ocrx_word' id='word_1_302' title='bbox 1605 2671 1661 2724; x_wconf 88' lang='grc' dir='ltr'>δὲ</span> <span class='ocrx_word' id='word_1_303' title='bbox 1701 2672 1761 2726; x_wconf 80' lang='grc' dir='ltr'><strong>τὺ</strong></span> <span class='ocrx_word' id='word_1_304' title='bbox 1791 2649 1943 2729; x_wconf 66' lang='grc' dir='ltr'>ἀντι-</span> 
     </span>
    </p>
   </div>
   <div class='ocr_carea' id='block_1_41' title="bbox 358 2741 1941 2830">
    <p class='ocr_par' dir='ltr' id='par_1_41' title="bbox 358 2741 1941 2830">
     <span class='ocr_line' id='line_1_41' title="bbox 358 2741 1941 2830; baseline 0.018 -36"><span class='ocrx_word' id='word_1_305' title='bbox 358 2741 808 2816; x_wconf 69' lang='grc' dir='ltr'>διαστελλόμενον</span> <span class='ocrx_word' id='word_1_306' title='bbox 832 2749 929 2821; x_wconf 82' lang='grc' dir='ltr'><strong>τῷ,</strong></span> <span class='ocrx_word' id='word_1_307' title='bbox 955 2771 973 2803; x_wconf 81' lang='grc' dir='ltr'>ι</span> <span class='ocrx_word' id='word_1_308' title='bbox 1001 2753 1075 2807; x_wconf 79' lang='grc' dir='ltr'><strong>Οὐ</strong></span> <span class='ocrx_word' id='word_1_309' title='bbox 1089 2755 1359 2827; x_wconf 77' lang='grc' dir='ltr'><strong>φιμώσεις</strong></span> <span class='ocrx_word' id='word_1_310' title='bbox 1376 2760 1503 2830; x_wconf 81' lang='grc' dir='ltr'>βοῦν</span> <span class='ocrx_word' id='word_1_311' title='bbox 1516 2741 1811 2820; x_wconf 74' lang='grc' dir='ltr'>ἀλοῶντα.»</span> <span class='ocrx_word' id='word_1_312' title='bbox 1837 2767 1941 2823; x_wconf 81' lang='grc' dir='ltr'><strong>Τὸν</strong></span> 
     </span>
    </p>
   </div>
   <div class='ocr_carea' id='block_1_42' title="bbox 358 2835 1940 2929">
    <p class='ocr_par' dir='ltr' id='par_1_42' title="bbox 358 2835 1940 2929">
     <span class='ocr_line' id='line_1_42' title="bbox 358 2835 1940 2929; baseline 0.02 -43"><span class='ocrx_word' id='word_1_313' title='bbox 358 2835 485 2929; x_wconf 74' lang='grc' dir='ltr'><strong>γὰρ</strong></span> <span class='ocrx_word' id='word_1_314' title='bbox 608 2838 854 2895; x_wconf 80' lang='grc' dir='ltr'>ἀλοῶντα</span> <span class='ocrx_word' id='word_1_315' title='bbox 882 2847 1176 2915; x_wconf 83' lang='grc' dir='ltr'>φιμωτέον.</span> <span class='ocrx_word' id='word_1_316' title='bbox 1211 2868 1230 2902; x_wconf 86' lang='grc'><strong>‹</strong></span> <span class='ocrx_word' id='word_1_317' title='bbox 1275 2851 1458 2919; x_wconf 83' lang='grc' dir='ltr'>Ἀξιος</span> <span class='ocrx_word' id='word_1_318' title='bbox 1498 2856 1526 2908; x_wconf 94' lang='lat'><strong>6</strong></span> <span class='ocrx_word' id='word_1_319' title='bbox 1556 2857 1794 2929; x_wconf 80' lang='grc' dir='ltr'>ἐργάτης</span> <span class='ocrx_word' id='word_1_320' title='bbox 1844 2861 1940 2917; x_wconf 84' lang='grc' dir='ltr'>τοῦ</span> 
     </span>
    </p>
   </div>
   <div class='ocr_carea' id='block_1_43' title="bbox 361 2927 1941 3026">
    <p class='ocr_par' dir='ltr' id='par_1_43' title="bbox 361 2927 1941 3026">
     <span class='ocr_line' id='line_1_43' title="bbox 361 2927 1941 3026; baseline 0.018 -47"><span class='ocrx_word' id='word_1_321' title='bbox 361 2927 564 2995; x_wconf 81' lang='grc' dir='ltr'><strong>μισθοῦ</strong></span> <span class='ocrx_word' id='word_1_322' title='bbox 598 2931 794 2990; x_wconf 55' lang='grc' dir='ltr'>αὑτοῦ.</span> <span class='ocrx_word' id='word_1_323' title='bbox 824 2953 851 2987; x_wconf 54' lang='grc' dir='ltr'><strong>ιη</strong></span> <span class='ocrx_word' id='word_1_324' title='bbox 876 2936 984 2989; x_wconf 72' lang='grc' dir='ltr'><strong>Καὶ</strong></span> <span class='ocrx_word' id='word_1_325' title='bbox 1014 2939 1042 2991; x_wconf 97' lang='lat'><strong>6</strong></span> <span class='ocrx_word' id='word_1_326' title='bbox 1072 2940 1308 3011; x_wconf 80' lang='grc' dir='ltr'>Χριστὸς</span> <span class='ocrx_word' id='word_1_327' title='bbox 1356 2944 1621 3014; x_wconf 57' lang='grc' dir='ltr'>σύμφωνα</span> <span class='ocrx_word' id='word_1_328' title='bbox 1668 2927 1758 3020; x_wconf 13' lang='grc' dir='ltr'>τῷή</span> <span class='ocrx_word' id='word_1_329' title='bbox 1792 2951 1941 3026; x_wconf 82' lang='grc' dir='ltr'>νόμῳ</span> 
     </span>
    </p>
   </div>
   <div class='ocr_carea' id='block_1_44' title="bbox 356 3019 1938 3115">
    <p class='ocr_par' dir='ltr' id='par_1_44' title="bbox 356 3019 1938 3115">
     <span class='ocr_line' id='line_1_44' title="bbox 356 3019 1938 3115; baseline 0.016 -43"><span class='ocrx_word' id='word_1_330' title='bbox 356 3019 531 3115; x_wconf 71' lang='grc' dir='ltr'>λέγει.</span> <span class='ocrx_word' id='word_1_331' title='bbox 564 3023 672 3077; x_wconf 77' lang='grc' dir='ltr'><strong>Τοῦ</strong></span> <span class='ocrx_word' id='word_1_332' title='bbox 699 3025 920 3096; x_wconf 85' lang='grc' dir='ltr'>μισθοῦ,</span> <span class='ocrx_word' id='word_1_333' title='bbox 951 3029 1052 3101; x_wconf 85' lang='grc' dir='ltr'>τῆς</span> <span class='ocrx_word' id='word_1_334' title='bbox 1083 3032 1296 3104; x_wconf 79' lang='grc' dir='ltr'>τροφῆς</span> <span class='ocrx_word' id='word_1_335' title='bbox 1336 3035 1603 3106; x_wconf 85' lang='grc' dir='ltr'>δηλονότι.</span> <span class='ocrx_word' id='word_1_336' title='bbox 1664 3019 1938 3115; x_wconf 76' lang='grc' dir='ltr'>Ἐργὰτην</span> 
     </span>
    </p>
   </div>
   <div class='ocr_carea' id='block_1_45' title="bbox 354 3111 1940 3198">
    <p class='ocr_par' dir='ltr' id='par_1_45' title="bbox 354 3111 1940 3198">
     <span class='ocr_line' id='line_1_45' title="bbox 354 3111 1940 3198; baseline 0.015 -35"><span class='ocrx_word' id='word_1_337' title='bbox 354 3111 418 3164; x_wconf 74' lang='grc' dir='ltr'>δὲ</span> <span class='ocrx_word' id='word_1_338' title='bbox 459 3113 635 3184; x_wconf 80' lang='grc' dir='ltr'>λέγει,</span> <span class='ocrx_word' id='word_1_339' title='bbox 676 3116 767 3171; x_wconf 81' lang='grc' dir='ltr'><strong>τὸν</strong></span> <span class='ocrx_word' id='word_1_340' title='bbox 815 3119 1114 3190; x_wconf 79' lang='grc' dir='ltr'>κάμνοντα.</span> <span class='ocrx_word' id='word_1_341' title='bbox 1151 3123 1242 3188; x_wconf 82' lang='grc' dir='ltr'>Ὣς</span> <span class='ocrx_word' id='word_1_342' title='bbox 1273 3125 1367 3194; x_wconf 82' lang='grc' dir='ltr'>ὅγε</span> <span class='ocrx_word' id='word_1_343' title='bbox 1403 3127 1479 3198; x_wconf 76' lang='grc' dir='ltr'>μὴ</span> <span class='ocrx_word' id='word_1_344' title='bbox 1540 3130 1788 3198; x_wconf 82' lang='grc' dir='ltr'>κάμνων.</span> <span class='ocrx_word' id='word_1_345' title='bbox 1844 3111 1940 3187; x_wconf 80' lang='grc' dir='ltr'><strong>ἀν-</strong></span> 
     </span>
    </p>
   </div>
   <div class='ocr_carea' id='block_1_46' title="bbox 355 3201 2011 3313">
    <p class='ocr_par' dir='ltr' id='par_1_46' title="bbox 355 3201 2011 3313">
     <span class='ocr_line' id='line_1_46' title="bbox 355 3201 2011 3313; baseline 0.012 -55"><span class='ocrx_word' id='word_1_346' title='bbox 355 3201 511 3313; x_wconf 63' lang='grc' dir='ltr'>ἄξιος</span> <span class='ocrx_word' id='word_1_347' title='bbox 533 3207 763 3313; x_wconf 55' lang='grc' dir='ltr'>τροφ-ἧς.</span> <span class='ocrx_word' id='word_1_348' title='bbox 793 3209 977 3266; x_wconf 82' lang='grc' dir='ltr'>Ταῦτα</span> <span class='ocrx_word' id='word_1_349' title='bbox 1001 3212 1059 3267; x_wconf 76' lang='grc' dir='ltr'>δὲ</span> <span class='ocrx_word' id='word_1_350' title='bbox 1084 3212 1232 3282; x_wconf 85' lang='grc' dir='ltr'>λέγει</span> <span class='ocrx_word' id='word_1_351' title='bbox 1265 3216 1399 3288; x_wconf 82' lang='grc' dir='ltr'>πρὸς</span> <span class='ocrx_word' id='word_1_352' title='bbox 1429 3218 1937 3290; x_wconf 78' lang='grc' dir='ltr'>τοὺςδιδασκὰλους</span> <span class='ocrx_word' id='word_1_353' title='bbox 1968 3254 2011 3313; x_wconf 75' lang='lat' dir='ltr'><strong><em>C</em></strong></span> 
     </span>
    </p>
   </div>
   <div class='ocr_carea' id='block_1_47' title="bbox 356 3297 1378 3382">
    <p class='ocr_par' dir='ltr' id='par_1_47' title="bbox 356 3297 1378 3382">
     <span class='ocr_line' id='line_1_47' title="bbox 356 3297 1378 3382; baseline 0.017 -32"><span class='ocrx_word' id='word_1_354' title='bbox 356 3297 492 3363; x_wconf 79' lang='grc' dir='ltr'>τοὺς</span> <span class='ocrx_word' id='word_1_355' title='bbox 519 3299 833 3373; x_wconf 78' lang='grc' dir='ltr'>κοπιῶντας</span> <span class='ocrx_word' id='word_1_356' title='bbox 859 3305 917 3359; x_wconf 83' lang='grc' dir='ltr'>ὲν</span> <span class='ocrx_word' id='word_1_357' title='bbox 940 3307 1006 3377; x_wconf 85' lang='grc' dir='ltr'><strong>τῇ</strong></span> <span class='ocrx_word' id='word_1_358' title='bbox 1035 3306 1378 3382; x_wconf 68' lang='grc' dir='ltr'>διδασκαλίᾳ.</span> 
     </span>
    </p>
   </div>
   <div class='ocr_carea' id='block_1_48' title="bbox 440 3580 1938 3668">
    <p class='ocr_par' dir='ltr' id='par_1_48' title="bbox 440 3580 1938 3668">
     <span class='ocr_line' id='line_1_48' title="bbox 440 3580 1938 3668; baseline 0.014 -37"><span class='ocrx_word' id='word_1_359' title='bbox 440 3598 465 3632; x_wconf 74' lang='grc' dir='ltr'><strong>ε</strong></span> <span class='ocrx_word' id='word_1_360' title='bbox 504 3580 664 3635; x_wconf 69' lang='grc' dir='ltr'>Κατὰ</span> <span class='ocrx_word' id='word_1_361' title='bbox 688 3584 1060 3659; x_wconf 75' lang='grc' dir='ltr'>πρεσϐυτέρου</span> <span class='ocrx_word' id='word_1_362' title='bbox 1082 3589 1418 3663; x_wconf 77' lang='grc' dir='ltr'>κατηγορίαν</span> <span class='ocrx_word' id='word_1_363' title='bbox 1458 3593 1535 3666; x_wconf 84' lang='grc' dir='ltr'>μὴ</span> <span class='ocrx_word' id='word_1_364' title='bbox 1566 3595 1938 3668; x_wconf 75' lang='grc' dir='ltr'>παραδέχου.»</span> 
     </span>
    </p>
   </div>
   <div class='ocr_carea' id='block_1_49' title="bbox 360 3671 1943 3754">
    <p class='ocr_par' dir='ltr' id='par_1_49' title="bbox 360 3671 1943 3754">
     <span class='ocr_line' id='line_1_49' title="bbox 360 3671 1943 3754; baseline 0.014 -30"><span class='ocrx_word' id='word_1_365' title='bbox 360 3671 431 3724; x_wconf 86' lang='grc' dir='ltr'>τι</span> <span class='ocrx_word' id='word_1_366' title='bbox 461 3674 610 3742; x_wconf 84' lang='grc' dir='ltr'>γάρ;</span> <span class='ocrx_word' id='word_1_367' title='bbox 647 3674 805 3729; x_wconf 84' lang='grc' dir='ltr'>Κατὰ</span> <span class='ocrx_word' id='word_1_368' title='bbox 832 3677 1096 3750; x_wconf 78' lang='grc' dir='ltr'>νεωτέρου</span> <span class='ocrx_word' id='word_1_369' title='bbox 1126 3683 1384 3754; x_wconf 82' lang='grc' dir='ltr'>τοιαύτην</span> <span class='ocrx_word' id='word_1_370' title='bbox 1430 3686 1791 3743; x_wconf 83' lang='grc' dir='ltr'>καταδεκτέον</span> <span class='ocrx_word' id='word_1_371' title='bbox 1842 3708 1943 3745; x_wconf 86' lang='grc' dir='ltr'>κα-</span> 
     </span>
    </p>
   </div>
   <div class='ocr_carea' id='block_1_50' title="bbox 354 3764 1944 3853">
    <p class='ocr_par' dir='ltr' id='par_1_50' title="bbox 354 3764 1944 3853">
     <span class='ocr_line' id='line_1_50' title="bbox 354 3764 1944 3853; baseline 0.013 -35"><span class='ocrx_word' id='word_1_372' title='bbox 354 3764 664 3838; x_wconf 73' lang='grc' dir='ltr'>τηγορίανς</span> <span class='ocrx_word' id='word_1_373' title='bbox 711 3768 806 3841; x_wconf 79' lang='grc' dir='ltr'><strong>Μὴ</strong></span> <span class='ocrx_word' id='word_1_374' title='bbox 861 3771 1108 3840; x_wconf 79' lang='grc' dir='ltr'>γένοιτοι</span> <span class='ocrx_word' id='word_1_375' title='bbox 1152 3774 1291 3828; x_wconf 79' lang='grc' dir='ltr'>Ἀλλ’</span> <span class='ocrx_word' id='word_1_376' title='bbox 1317 3776 1393 3842; x_wconf 84' lang='grc' dir='ltr'><strong>ὡς</strong></span> <span class='ocrx_word' id='word_1_377' title='bbox 1439 3779 1488 3833; x_wconf 74' lang='grc' dir='ltr'>εἰ</span> <span class='ocrx_word' id='word_1_378' title='bbox 1529 3778 1683 3849; x_wconf 74' lang='grc' dir='ltr'>ἔλεγε</span> <span class='ocrx_word' id='word_1_379' title='bbox 1711 3797 1726 3812; x_wconf 89' lang='grc'><strong>·</strong></span> <span class='ocrx_word' id='word_1_380' title='bbox 1768 3782 1944 3853; x_wconf 53' lang='grc' dir='ltr'>,Κατὰ</span> 
     </span>
    </p>
   </div>
   <div class='ocr_carea' id='block_1_51' title="bbox 366 3854 1942 3945">
    <p class='ocr_par' dir='ltr' id='par_1_51' title="bbox 366 3854 1942 3945">
     <span class='ocr_line' id='line_1_51' title="bbox 366 3854 1942 3945; baseline 0.016 -39"><span class='ocrx_word' id='word_1_381' title='bbox 366 3854 596 3922; x_wconf 79' lang='grc' dir='ltr'>μηδενὸς</span> <span class='ocrx_word' id='word_1_382' title='bbox 678 3859 775 3930; x_wconf 82' lang='grc' dir='ltr'>μὲν</span> <span class='ocrx_word' id='word_1_383' title='bbox 806 3900 823 3925; x_wconf 93' lang='grc'><strong>,</strong></span> <span class='ocrx_word' id='word_1_384' title='bbox 904 3863 1049 3918; x_wconf 80' lang='grc' dir='ltr'>κατὰ</span> <span class='ocrx_word' id='word_1_385' title='bbox 1119 3867 1498 3939; x_wconf 70' lang='grc' dir='ltr'>πρεσϐυτέρου</span> <span class='ocrx_word' id='word_1_386' title='bbox 1551 3871 1610 3926; x_wconf 68' lang='grc' dir='ltr'>δὲ</span> <span class='ocrx_word' id='word_1_387' title='bbox 1683 3874 1942 3945; x_wconf 78' lang='grc' dir='ltr'>μάλιστα.</span> 
     </span>
    </p>
   </div>
   <div class='ocr_carea' id='block_1_52' title="bbox 370 3945 1941 4035">
    <p class='ocr_par' dir='ltr' id='par_1_52' title="bbox 370 3945 1941 4035">
     <span class='ocr_line' id='line_1_52' title="bbox 370 3945 1941 4035; baseline 0.016 -37"><span class='ocrx_word' id='word_1_388' title='bbox 370 3945 599 4019; x_wconf 79' lang='grc' dir='ltr'>Ἔχουσι</span> <span class='ocrx_word' id='word_1_389' title='bbox 648 3952 758 4022; x_wconf 72' lang='grc' dir='ltr'><strong>γὰρ</strong></span> <span class='ocrx_word' id='word_1_390' title='bbox 808 3954 902 4008; x_wconf 74' lang='grc' dir='ltr'><strong>καὶ</strong></span> <span class='ocrx_word' id='word_1_391' title='bbox 957 3955 1049 4010; x_wconf 76' lang='grc' dir='ltr'><strong>τὸν</strong></span> <span class='ocrx_word' id='word_1_392' title='bbox 1109 3957 1220 4012; x_wconf 82' lang='grc' dir='ltr'><strong>ἀπὸ</strong></span> <span class='ocrx_word' id='word_1_393' title='bbox 1274 3959 1376 4031; x_wconf 82' lang='grc' dir='ltr'>τῆς</span> <span class='ocrx_word' id='word_1_394' title='bbox 1423 3960 1642 4034; x_wconf 77' lang='grc' dir='ltr'>ἡλικίας</span> <span class='ocrx_word' id='word_1_395' title='bbox 1698 3965 1941 4035; x_wconf 79' lang='grc' dir='ltr'>χαλινόν.</span> 
     </span>
    </p>
   </div>
   <div class='ocr_carea' id='block_1_53' title="bbox 361 4038 1944 4129">
    <p class='ocr_par' dir='ltr' id='par_1_53' title="bbox 361 4038 1944 4129">
     <span class='ocr_line' id='line_1_53' title="bbox 361 4038 1944 4129; baseline 0.015 -39"><span class='ocrx_word' id='word_1_396' title='bbox 361 4038 745 4113; x_wconf 81' lang='grc' dir='ltr'>Πρεσϐύτερον</span> <span class='ocrx_word' id='word_1_397' title='bbox 777 4043 853 4111; x_wconf 82' lang='grc' dir='ltr'>δὲ,</span> <span class='ocrx_word' id='word_1_398' title='bbox 886 4045 980 4101; x_wconf 81' lang='grc' dir='ltr'>τὸν</span> <span class='ocrx_word' id='word_1_399' title='bbox 1006 4049 1067 4101; x_wconf 80' lang='grc' dir='ltr'>ὲν</span> <span class='ocrx_word' id='word_1_400' title='bbox 1094 4050 1245 4122; x_wconf 73' lang='grc' dir='ltr'>γήρᾳ</span> <span class='ocrx_word' id='word_1_401' title='bbox 1271 4052 1456 4121; x_wconf 76' lang='grc' dir='ltr'>φησιν.</span> <span class='ocrx_word' id='word_1_402' title='bbox 1499 4072 1518 4106; x_wconf 85' lang='grc' dir='ltr'>ι</span> <span class='ocrx_word' id='word_1_403' title='bbox 1572 4055 1712 4121; x_wconf 82' lang='grc' dir='ltr'>Τοὺς</span> <span class='ocrx_word' id='word_1_404' title='bbox 1761 4059 1944 4129; x_wconf 84' lang='grc' dir='ltr'>ἁμαρ-</span> 
     </span>
    </p>
   </div>
   <div class='ocr_carea' id='block_1_54' title="bbox 362 4129 1943 4218">
    <p class='ocr_par' dir='ltr' id='par_1_54' title="bbox 362 4129 1943 4218">
     <span class='ocr_line' id='line_1_54' title="bbox 362 4129 1943 4218; baseline 0.013 -37"><span class='ocrx_word' id='word_1_405' title='bbox 362 4129 629 4195; x_wconf 79' lang='grc' dir='ltr'>τάνοντας</span> <span class='ocrx_word' id='word_1_406' title='bbox 701 4132 934 4190; x_wconf 82' lang='grc' dir='ltr'>ἐνώπιον</span> <span class='ocrx_word' id='word_1_407' title='bbox 980 4138 1200 4194; x_wconf 82' lang='grc' dir='ltr'>πάντων</span> <span class='ocrx_word' id='word_1_408' title='bbox 1251 4139 1462 4214; x_wconf 81' lang='grc' dir='ltr'>ἔλεγχε.</span> <span class='ocrx_word' id='word_1_409' title='bbox 1527 4162 1547 4196; x_wconf 74' lang='grc' dir='ltr'><strong>ι</strong></span> <span class='ocrx_word' id='word_1_410' title='bbox 1603 4146 1766 4217; x_wconf 86' lang='grc' dir='ltr'>Ζήτει</span> <span class='ocrx_word' id='word_1_411' title='bbox 1817 4147 1943 4218; x_wconf 81' lang='grc' dir='ltr'>μὲν,</span> 
     </span>
    </p>
   </div>
   <div class='ocr_carea' id='block_1_55' title="bbox 362 4222 1944 4309">
    <p class='ocr_par' dir='ltr' id='par_1_55' title="bbox 362 4222 1944 4309">
     <span class='ocr_line' id='line_1_55' title="bbox 362 4222 1944 4309; baseline 0.014 -37"><span class='ocrx_word' id='word_1_412' title='bbox 362 4222 555 4292; x_wconf 74' lang='grc' dir='ltr'>φησὶν,</span> <span class='ocrx_word' id='word_1_413' title='bbox 609 4225 909 4294; x_wconf 76' lang='grc' dir='ltr'>ἐπιμελῶς,</span> <span class='ocrx_word' id='word_1_414' title='bbox 960 4229 1236 4301; x_wconf 82' lang='grc' dir='ltr'><strong>εὑρίσκων</strong></span> <span class='ocrx_word' id='word_1_415' title='bbox 1278 4232 1357 4299; x_wconf 85' lang='grc' dir='ltr'>δὲ,</span> <span class='ocrx_word' id='word_1_416' title='bbox 1405 4235 1545 4306; x_wconf 80' lang='grc' dir='ltr'>μετὰ</span> <span class='ocrx_word' id='word_1_417' title='bbox 1579 4238 1944 4309; x_wconf 63' lang='grc' dir='ltr'>σφοδρότητος</span> 
     </span>
    </p>
   </div>
   <div class='ocr_carea' id='block_1_56' title="bbox 325 4314 1942 4395">
    <p class='ocr_par' dir='ltr' id='par_1_56' title="bbox 325 4314 1942 4395">
     <span class='ocr_line' id='line_1_56' title="bbox 325 4314 1942 4395; baseline 0.012 -30"><span class='ocrx_word' id='word_1_418' title='bbox 325 4380 342 4391; x_wconf 38' lang='grc'><strong>⁸</strong></span> <span class='ocrx_word' id='word_1_419' title='bbox 361 4314 685 4385; x_wconf 77' lang='grc' dir='ltr'>ἑπίπληττε.</span> <span class='ocrx_word' id='word_1_420' title='bbox 710 4317 881 4373; x_wconf 83' lang='grc' dir='ltr'>Τοῦτο</span> <span class='ocrx_word' id='word_1_421' title='bbox 912 4320 1024 4393; x_wconf 79' lang='grc' dir='ltr'><strong>γὰρ</strong></span> <span class='ocrx_word' id='word_1_422' title='bbox 1053 4322 1134 4389; x_wconf 80' lang='grc' dir='ltr'>τὸ,</span> <span class='ocrx_word' id='word_1_423' title='bbox 1158 4325 1392 4395; x_wconf 74' lang='grc' dir='ltr'>ἔλεγχε.</span> <span class='ocrx_word' id='word_1_424' title='bbox 1433 4326 1693 4382; x_wconf 85' lang='grc' dir='ltr'>Ἐνώπιον</span> <span class='ocrx_word' id='word_1_425' title='bbox 1715 4330 1773 4384; x_wconf 76' lang='grc' dir='ltr'>δὲ</span> <span class='ocrx_word' id='word_1_426' title='bbox 1804 4330 1942 4385; x_wconf 69' lang='grc' dir='ltr'>πάνυ</span> 
     </span>
    </p>
   </div>
   <div class='ocr_carea' id='block_1_57' title="bbox 361 4406 1944 4490">
    <p class='ocr_par' dir='ltr' id='par_1_57' title="bbox 361 4406 1944 4490">
     <span class='ocr_line' id='line_1_57' title="bbox 361 4406 1944 4490; baseline 0.012 -31"><span class='ocrx_word' id='word_1_427' title='bbox 361 4422 496 4472; x_wconf 76' lang='grc' dir='ltr'>των,</span> <span class='ocrx_word' id='word_1_428' title='bbox 527 4406 616 4461; x_wconf 79' lang='grc' dir='ltr'>ἵνα</span> <span class='ocrx_word' id='word_1_429' title='bbox 644 4409 740 4463; x_wconf 84' lang='grc' dir='ltr'>καὶ</span> <span class='ocrx_word' id='word_1_430' title='bbox 774 4410 824 4464; x_wconf 75' lang='grc' dir='ltr'><strong>οἱ</strong></span> <span class='ocrx_word' id='word_1_431' title='bbox 864 4409 1043 4468; x_wconf 77' lang='grc' dir='ltr'>λοιποὶ</span> <span class='ocrx_word' id='word_1_432' title='bbox 1083 4417 1518 4489; x_wconf 79' lang='grc' dir='ltr'>σωφρονισθῶσι.</span> <span class='ocrx_word' id='word_1_433' title='bbox 1555 4421 1725 4476; x_wconf 84' lang='grc' dir='ltr'>Τοῦτο</span> <span class='ocrx_word' id='word_1_434' title='bbox 1748 4423 1778 4477; x_wconf 89' lang='lat'><strong>6</strong></span> <span class='ocrx_word' id='word_1_435' title='bbox 1809 4423 1944 4490; x_wconf 80' lang='grc' dir='ltr'>Θεὸς</span> 
     </span>
    </p>
   </div>
   <div class='ocr_carea' id='block_1_58' title="bbox 363 4496 1943 4585">
    <p class='ocr_par' dir='ltr' id='par_1_58' title="bbox 363 4496 1943 4585">
     <span class='ocr_line' id='line_1_58' title="bbox 363 4496 1943 4585; baseline 0.015 -37"><span class='ocrx_word' id='word_1_436' title='bbox 363 4496 643 4567; x_wconf 70' lang='grc' dir='ltr'>εποίησεν,</span> <span class='ocrx_word' id='word_1_437' title='bbox 668 4499 763 4553; x_wconf 71' lang='grc' dir='ltr'>ἐπι</span> <span class='ocrx_word' id='word_1_438' title='bbox 790 4517 848 4554; x_wconf 89' lang='grc' dir='ltr'><strong>τε</strong></span> <span class='ocrx_word' id='word_1_439' title='bbox 885 4501 979 4557; x_wconf 80' lang='grc' dir='ltr'><strong>τοῦ</strong></span> <span class='ocrx_word' id='word_1_440' title='bbox 1009 4505 1233 4578; x_wconf 78' lang='grc' dir='ltr'>Φαραὼ,</span> <span class='ocrx_word' id='word_1_441' title='bbox 1290 4510 1385 4563; x_wconf 75' lang='grc' dir='ltr'><strong>κα1⁵</strong></span> <span class='ocrx_word' id='word_1_442' title='bbox 1413 4510 1507 4564; x_wconf 82' lang='grc' dir='ltr'>τοῦ</span> <span class='ocrx_word' id='word_1_443' title='bbox 1542 4512 1943 4585; x_wconf 83' lang='grc' dir='ltr'>Ναϐουχοδονό-</span> 
     </span>
    </p>
   </div>
   <div class='ocr_carea' id='block_1_59' title="bbox 2047 2013 3645 2095">
    <p class='ocr_par' dir='ltr' id='par_1_59' title="bbox 2047 2013 3645 2095">
     <span class='ocr_line' id='line_1_59' title="bbox 2047 2013 3645 2095; baseline 0.01 -29"><span class='ocrx_word' id='word_1_444' title='bbox 2047 2013 2223 2083; x_wconf 82' lang='lat' dir='ltr'><strong>magis</strong></span> <span class='ocrx_word' id='word_1_445' title='bbox 2249 2017 2557 2087; x_wconf 83' lang='lat' dir='ltr'><strong>cxpellendi</strong></span> <span class='ocrx_word' id='word_1_446' title='bbox 2590 2028 2745 2074; x_wconf 88' lang='lat' dir='ltr'><strong>sunt.</strong></span> <span class='ocrx_word' id='word_1_447' title='bbox 2797 2021 2908 2077; x_wconf 84' lang='lat' dir='ltr'><strong>Aut</strong></span> <span class='ocrx_word' id='word_1_448' title='bbox 2940 2022 3165 2095; x_wconf 86' lang='lat' dir='ltr'><strong>duplum</strong></span> <span class='ocrx_word' id='word_1_449' title='bbox 3205 2025 3341 2081; x_wconf 76' lang='lat' dir='ltr'><strong>dicit</strong></span> <span class='ocrx_word' id='word_1_450' title='bbox 3376 2027 3645 2083; x_wconf 36' lang='lat' dir='ltr'><strong>multum»</strong></span> 
     </span>
    </p>
   </div>
   <div class='ocr_carea' id='block_1_60' title="bbox 2052 2105 3653 2175">
    <p class='ocr_par' dir='ltr' id='par_1_60' title="bbox 2052 2105 3653 2175">
     <span class='ocr_line' id='line_1_60' title="bbox 2052 2105 3653 2175; baseline 0.012 -18"><span class='ocrx_word' id='word_1_451' title='bbox 2052 2123 2071 2157; x_wconf 77' lang='grc' dir='ltr'><strong>ι</strong></span> <span class='ocrx_word' id='word_1_452' title='bbox 2112 2105 2214 2171; x_wconf 85' lang='lat' dir='ltr'><strong>Qui</strong></span> <span class='ocrx_word' id='word_1_453' title='bbox 2271 2108 2519 2166; x_wconf 89' lang='lat' dir='ltr'><strong>laborant</strong></span> <span class='ocrx_word' id='word_1_454' title='bbox 2574 2111 2630 2166; x_wconf 83' lang='lat' dir='ltr'><strong>in</strong></span> <span class='ocrx_word' id='word_1_455' title='bbox 2685 2127 2959 2170; x_wconf 88' lang='lat' dir='ltr'><strong>sermone.</strong></span> <span class='ocrx_word' id='word_1_456' title='bbox 3010 2133 3031 2167; x_wconf 74' lang='grc' dir='ltr'><strong>ι</strong></span> <span class='ocrx_word' id='word_1_457' title='bbox 3088 2115 3146 2172; x_wconf 91' lang='lat' dir='ltr'><strong>ln</strong></span> <span class='ocrx_word' id='word_1_458' title='bbox 3211 2132 3467 2175; x_wconf 82' lang='lat' dir='ltr'><strong>sermone</strong></span> <span class='ocrx_word' id='word_1_459' title='bbox 3526 2136 3653 2175; x_wconf 78' lang='lat' dir='ltr'><strong>nou.</strong></span> 
     </span>
    </p>
   </div>
   <div class='ocr_carea' id='block_1_61' title="bbox 2046 2197 3739 2286">
    <p class='ocr_par' dir='ltr' id='par_1_61' title="bbox 2046 2197 3739 2286">
     <span class='ocr_line' id='line_1_61' title="bbox 2046 2197 3739 2286; baseline 0.011 -36"><span class='ocrx_word' id='word_1_460' title='bbox 2046 2197 2316 2264; x_wconf 84' lang='lat' dir='ltr'><strong>fastuoso,</strong></span> <span class='ocrx_word' id='word_1_461' title='bbox 2350 2202 2442 2257; x_wconf 85' lang='lat' dir='ltr'><strong>sed</strong></span> <span class='ocrx_word' id='word_1_462' title='bbox 2464 2203 2558 2273; x_wconf 87' lang='lat' dir='ltr'><strong>qui</strong></span> <span class='ocrx_word' id='word_1_463' title='bbox 2576 2204 2941 2272; x_wconf 88' lang='lat' dir='ltr'><strong>spiritualiter</strong></span> <span class='ocrx_word' id='word_1_464' title='bbox 2968 2208 3116 2265; x_wconf 88' lang='lat' dir='ltr'><strong>alere</strong></span> <span class='ocrx_word' id='word_1_465' title='bbox 3143 2219 3337 2279; x_wconf 73' lang='lat' dir='ltr'><strong>potens</strong></span> <span class='ocrx_word' id='word_1_466' title='bbox 3356 2214 3449 2267; x_wconf 88' lang='lat' dir='ltr'><strong>sit.</strong></span> <span class='ocrx_word' id='word_1_467' title='bbox 3470 2211 3627 2286; x_wconf 72' lang='grc'><strong>241</strong></span> <span class='ocrx_word' id='word_1_468' title='bbox 3734 2266 3739 2269; x_wconf 82' lang='grc'><strong>,</strong></span> 
     </span>
    </p>
   </div>
   <div class='ocr_carea' id='block_1_62' title="bbox 2046 2288 3628 2376">
    <p class='ocr_par' dir='ltr' id='par_1_62' title="bbox 2046 2288 3628 2376">
     <span class='ocr_line' id='line_1_62' title="bbox 2046 2288 3628 2376; baseline 0.009 -32"><span class='ocrx_word' id='word_1_469' title='bbox 2046 2288 2149 2345; x_wconf 58' lang='lat' dir='ltr'><strong>Uini</strong></span> <span class='ocrx_word' id='word_1_470' title='bbox 2187 2307 2314 2361; x_wconf 74' lang='lat' dir='ltr'><strong>ergo</strong></span> <span class='ocrx_word' id='word_1_471' title='bbox 2343 2310 2487 2349; x_wconf 89' lang='lat' dir='ltr'><strong>nunc</strong></span> <span class='ocrx_word' id='word_1_472' title='bbox 2521 2305 2651 2350; x_wconf 89' lang='lat' dir='ltr'><strong>sunt</strong></span> <span class='ocrx_word' id='word_1_473' title='bbox 2681 2299 2773 2368; x_wconf 90' lang='lat' dir='ltr'><strong>qui</strong></span> <span class='ocrx_word' id='word_1_474' title='bbox 2812 2312 3067 2355; x_wconf 86' lang='lat' dir='ltr'><strong>asserunt</strong></span> <span class='ocrx_word' id='word_1_475' title='bbox 3092 2317 3197 2356; x_wconf 89' lang='lat' dir='ltr'><strong>non</strong></span> <span class='ocrx_word' id='word_1_476' title='bbox 3226 2318 3367 2372; x_wconf 79' lang='lat' dir='ltr'><strong>Opus</strong></span> <span class='ocrx_word' id='word_1_477' title='bbox 3390 2319 3515 2361; x_wconf 73' lang='lat' dir='ltr'><strong>esse</strong></span> <span class='ocrx_word' id='word_1_478' title='bbox 3535 2306 3628 2376; x_wconf 85' lang='lat' dir='ltr'><strong>qui</strong></span> 
     </span>
    </p>
   </div>
   <div class='ocr_carea' id='block_1_63' title="bbox 2044 2385 3629 2463">
    <p class='ocr_par' dir='ltr' id='par_1_63' title="bbox 2044 2385 3629 2463">
     <span class='ocr_line' id='line_1_63' title="bbox 2044 2385 3629 2463; baseline 0.008 -24"><span class='ocrx_word' id='word_1_479' title='bbox 2044 2385 2395 2441; x_wconf 77' lang='lat' dir='ltr'><strong>sermonibus</strong></span> <span class='ocrx_word' id='word_1_480' title='bbox 2420 2397 2515 2441; x_wconf 86' lang='lat' dir='ltr'><strong>aut</strong></span> <span class='ocrx_word' id='word_1_481' title='bbox 2541 2387 2793 2446; x_wconf 91' lang='lat' dir='ltr'><strong>doctrina</strong></span> <span class='ocrx_word' id='word_1_482' title='bbox 2824 2393 3029 2463; x_wconf 78' lang='lat' dir='ltr'><strong>praesit,</strong></span> <span class='ocrx_word' id='word_1_483' title='bbox 3064 2394 3161 2450; x_wconf 90' lang='lat' dir='ltr'><strong>sed</strong></span> <span class='ocrx_word' id='word_1_484' title='bbox 3203 2395 3355 2450; x_wconf 81' lang='lat' dir='ltr'><strong>vita?</strong></span> <span class='ocrx_word' id='word_1_485' title='bbox 3388 2397 3629 2452; x_wconf 84' lang='lat' dir='ltr'><strong>Audiant</strong></span> 
     </span>
    </p>
   </div>
   <div class='ocr_carea' id='block_1_64' title="bbox 2045 2478 3628 2559">
    <p class='ocr_par' dir='ltr' id='par_1_64' title="bbox 2045 2478 3628 2559">
     <span class='ocr_line' id='line_1_64' title="bbox 2045 2478 3628 2559; baseline 0.009 -29"><span class='ocrx_word' id='word_1_486' title='bbox 2045 2492 2193 2532; x_wconf 87' lang='lat' dir='ltr'><strong>nunc</strong></span> <span class='ocrx_word' id='word_1_487' title='bbox 2241 2478 2466 2534; x_wconf 86' lang='lat' dir='ltr'><strong>Paulum</strong></span> <span class='ocrx_word' id='word_1_488' title='bbox 2515 2484 2794 2553; x_wconf 87' lang='lat' dir='ltr'><strong>quomodo</strong></span> <span class='ocrx_word' id='word_1_489' title='bbox 2837 2501 3150 2542; x_wconf 87' lang='lat' dir='ltr'><strong>sermonem</strong></span> <span class='ocrx_word' id='word_1_490' title='bbox 3199 2488 3456 2559; x_wconf 81' lang='lat' dir='ltr'><strong>honorat,</strong></span> <span class='ocrx_word' id='word_1_491' title='bbox 3501 2506 3628 2546; x_wconf 87' lang='lat' dir='ltr'><strong>cum</strong></span> 
     </span>
    </p>
   </div>
   <div class='ocr_carea' id='block_1_65' title="bbox 2044 2566 3631 2649">
    <p class='ocr_par' dir='ltr' id='par_1_65' title="bbox 2044 2566 3631 2649">
     <span class='ocr_line' id='line_1_65' title="bbox 2044 2566 3631 2649; baseline 0.01 -26"><span class='ocrx_word' id='word_1_492' title='bbox 2044 2568 2197 2624; x_wconf 85' lang='lat' dir='ltr'><strong>addit</strong></span> <span class='ocrx_word' id='word_1_493' title='bbox 2230 2589 2242 2624; x_wconf 91' lang='lat'><strong>:</strong></span> <span class='ocrx_word' id='word_1_494' title='bbox 2272 2570 2505 2628; x_wconf 80' lang='lat' dir='ltr'><strong>Maxime</strong></span> <span class='ocrx_word' id='word_1_495' title='bbox 2549 2592 2564 2630; x_wconf 88' lang='lat'><strong>:</strong></span> <span class='ocrx_word' id='word_1_496' title='bbox 2604 2590 2727 2630; x_wconf 88' lang='lat' dir='ltr'><strong>nam</strong></span> <span class='ocrx_word' id='word_1_497' title='bbox 2760 2585 2815 2632; x_wconf 91' lang='lat' dir='ltr'><strong>et</strong></span> <span class='ocrx_word' id='word_1_498' title='bbox 2851 2577 2956 2633; x_wconf 90' lang='lat' dir='ltr'><strong>hoc</strong></span> <span class='ocrx_word' id='word_1_499' title='bbox 2999 2566 3375 2636; x_wconf 83' lang='lat' dir='ltr'><strong>necessarium</strong></span> <span class='ocrx_word' id='word_1_500' title='bbox 3421 2592 3523 2649; x_wconf 87' lang='lat' dir='ltr'><strong>est,</strong></span> <span class='ocrx_word' id='word_1_501' title='bbox 3580 2584 3631 2639; x_wconf 90' lang='lat' dir='ltr'><strong>si</strong></span> 
     </span>
    </p>
   </div>
   <div class='ocr_carea' id='block_1_66' title="bbox 2043 2663 3628 2745">
    <p class='ocr_par' dir='ltr' id='par_1_66' title="bbox 2043 2663 3628 2745">
     <span class='ocr_line' id='line_1_66' title="bbox 2043 2663 3628 2745; baseline 0.009 -28"><span class='ocrx_word' id='word_1_502' title='bbox 2043 2663 2174 2733; x_wconf 88' lang='lat' dir='ltr'><strong>quid</strong></span> <span class='ocrx_word' id='word_1_503' title='bbox 2206 2664 2375 2720; x_wconf 89' lang='lat' dir='ltr'><strong>aliud.</strong></span> <span class='ocrx_word' id='word_1_504' title='bbox 2403 2666 2539 2722; x_wconf 88' lang='lat' dir='ltr'><strong>Cum</strong></span> <span class='ocrx_word' id='word_1_505' title='bbox 2570 2669 2715 2725; x_wconf 91' lang='lat' dir='ltr'><strong>enim</strong></span> <span class='ocrx_word' id='word_1_506' title='bbox 2749 2670 2817 2726; x_wconf 84' lang='lat' dir='ltr'><strong>de</strong></span> <span class='ocrx_word' id='word_1_507' title='bbox 2848 2671 3116 2743; x_wconf 74' lang='lat' dir='ltr'><strong>dogmatis</strong></span> <span class='ocrx_word' id='word_1_508' title='bbox 3142 2689 3327 2730; x_wconf 83' lang='lat' dir='ltr'><strong>sermo</strong></span> <span class='ocrx_word' id='word_1_509' title='bbox 3352 2675 3628 2745; x_wconf 86' lang='lat' dir='ltr'><strong>inciderit,</strong></span> 
     </span>
    </p>
   </div>
   <div class='ocr_carea' id='block_1_67' title="bbox 2043 2756 3626 2833">
    <p class='ocr_par' dir='ltr' id='par_1_67' title="bbox 2043 2756 3626 2833">
     <span class='ocr_line' id='line_1_67' title="bbox 2043 2756 3626 2833; baseline 0.009 -26"><span class='ocrx_word' id='word_1_510' title='bbox 2043 2769 2165 2824; x_wconf 76' lang='lat' dir='ltr'><strong>quze</strong></span> <span class='ocrx_word' id='word_1_511' title='bbox 2198 2756 2269 2811; x_wconf 88' lang='lat' dir='ltr'><strong>ibi</strong></span> <span class='ocrx_word' id='word_1_512' title='bbox 2306 2757 2415 2812; x_wconf 88' lang='lat' dir='ltr'><strong>vita</strong></span> <span class='ocrx_word' id='word_1_513' title='bbox 2462 2759 2711 2817; x_wconf 85' lang='lat' dir='ltr'><strong>sullicere</strong></span> <span class='ocrx_word' id='word_1_514' title='bbox 2738 2764 2982 2833; x_wconf 78' lang='lat' dir='ltr'><strong>poterit?</strong></span> <span class='ocrx_word' id='word_1_515' title='bbox 3011 2765 3403 2823; x_wconf 73' lang='lat' dir='ltr'><strong>Animadverte</strong></span> <span class='ocrx_word' id='word_1_516' title='bbox 3443 2775 3626 2825; x_wconf 83' lang='lat' dir='ltr'><strong>autem</strong></span> 
     </span>
    </p>
   </div>
   <div class='ocr_carea' id='block_1_68' title="bbox 2045 2844 3628 2927">
    <p class='ocr_par' dir='ltr' id='par_1_68' title="bbox 2045 2844 3628 2927">
     <span class='ocr_line' id='line_1_68' title="bbox 2045 2844 3628 2927; baseline 0.01 -30"><span class='ocrx_word' id='word_1_517' title='bbox 2045 2844 2190 2915; x_wconf 87' lang='lat' dir='ltr'><strong>quod</strong></span> <span class='ocrx_word' id='word_1_518' title='bbox 2225 2847 2291 2901; x_wconf 85' lang='lat' dir='ltr'><strong>ad</strong></span> <span class='ocrx_word' id='word_1_519' title='bbox 2321 2847 2534 2918; x_wconf 83' lang='lat' dir='ltr'><strong>aliquid</strong></span> <span class='ocrx_word' id='word_1_520' title='bbox 2552 2852 2865 2921; x_wconf 89' lang='lat' dir='ltr'><strong>oppositum</strong></span> <span class='ocrx_word' id='word_1_521' title='bbox 2890 2853 3023 2908; x_wconf 90' lang='lat' dir='ltr'><strong>dicit</strong></span> <span class='ocrx_word' id='word_1_522' title='bbox 3053 2873 3066 2910; x_wconf 92' lang='lat'><strong>:</strong></span> <span class='ocrx_word' id='word_1_523' title='bbox 3096 2855 3219 2911; x_wconf 81' lang='lat' dir='ltr'><strong>Non</strong></span> <span class='ocrx_word' id='word_1_524' title='bbox 3244 2856 3517 2927; x_wconf 78' lang='lat' dir='ltr'><strong>obligabis</strong></span> <span class='ocrx_word' id='word_1_525' title='bbox 3563 2872 3628 2913; x_wconf 90' lang='lat' dir='ltr'><strong>os</strong></span> 
     </span>
    </p>
   </div>
   <div class='ocr_carea' id='block_1_69' title="bbox 2045 2938 3628 3021">
    <p class='ocr_par' dir='ltr' id='par_1_69' title="bbox 2045 2938 3628 3021">
     <span class='ocr_line' id='line_1_69' title="bbox 2045 2938 3628 3021; baseline 0.007 -28"><span class='ocrx_word' id='word_1_526' title='bbox 2045 2938 2169 2993; x_wconf 89' lang='lat' dir='ltr'><strong>bovi</strong></span> <span class='ocrx_word' id='word_1_527' title='bbox 2200 2939 2507 2996; x_wconf 80' lang='lat' dir='ltr'><strong>trituranti.</strong></span> <span class='ocrx_word' id='word_1_528' title='bbox 2536 2941 2827 3013; x_wconf 83' lang='lat' dir='ltr'><strong>Siquidem.</strong></span> <span class='ocrx_word' id='word_1_529' title='bbox 2850 2947 3204 3016; x_wconf 77' lang='lat' dir='ltr'><strong>obligandum</strong></span> <span class='ocrx_word' id='word_1_530' title='bbox 3232 2956 3317 3004; x_wconf 86' lang='lat' dir='ltr'><strong>est</strong></span> <span class='ocrx_word' id='word_1_531' title='bbox 3344 2950 3420 3004; x_wconf 88' lang='lat' dir='ltr'><strong>illi</strong></span> <span class='ocrx_word' id='word_1_532' title='bbox 3449 2964 3514 3005; x_wconf 85' lang='lat' dir='ltr'><strong>os</strong></span> <span class='ocrx_word' id='word_1_533' title='bbox 3535 2950 3628 3021; x_wconf 86' lang='lat' dir='ltr'><strong>qui</strong></span> 
     </span>
    </p>
   </div>
   <div class='ocr_carea' id='block_1_70' title="bbox 2041 3030 3624 3106">
    <p class='ocr_par' dir='ltr' id='par_1_70' title="bbox 2041 3030 3624 3106">
     <span class='ocr_line' id='line_1_70' title="bbox 2041 3030 3624 3106; baseline 0.007 -23"><span class='ocrx_word' id='word_1_534' title='bbox 2041 3044 2151 3083; x_wconf 91' lang='lat' dir='ltr'><strong>non</strong></span> <span class='ocrx_word' id='word_1_535' title='bbox 2182 3030 2420 3085; x_wconf 86' lang='lat' dir='ltr'><strong>triturat.</strong></span> <span class='ocrx_word' id='word_1_536' title='bbox 2456 3051 2475 3083; x_wconf 73' lang='grc' dir='ltr'><strong>ι</strong></span> <span class='ocrx_word' id='word_1_537' title='bbox 2512 3032 2721 3104; x_wconf 81' lang='lat' dir='ltr'><strong>Dignus</strong></span> <span class='ocrx_word' id='word_1_538' title='bbox 2748 3043 2829 3091; x_wconf 88' lang='lat' dir='ltr'><strong>est</strong></span> <span class='ocrx_word' id='word_1_539' title='bbox 2857 3037 3144 3106; x_wconf 73' lang='lat' dir='ltr'><strong>operaiius</strong></span> <span class='ocrx_word' id='word_1_540' title='bbox 3171 3039 3424 3094; x_wconf 84' lang='lat' dir='ltr'><strong>mercede</strong></span> <span class='ocrx_word' id='word_1_541' title='bbox 3448 3056 3568 3097; x_wconf 89' lang='lat' dir='ltr'><strong>sua.</strong></span> <span class='ocrx_word' id='word_1_542' title='bbox 3604 3060 3624 3094; x_wconf 74' lang='grc' dir='ltr'>ι</span> 
     </span>
    </p>
   </div>
   <div class='ocr_carea' id='block_1_71' title="bbox 2041 3121 3627 3200">
    <p class='ocr_par' dir='ltr' id='par_1_71' title="bbox 2041 3121 3627 3200">
     <span class='ocr_line' id='line_1_71' title="bbox 2041 3121 3627 3200; baseline 0.009 -25"><span class='ocrx_word' id='word_1_543' title='bbox 2041 3121 2215 3176; x_wconf 83' lang='lat' dir='ltr'><strong>Etiam</strong></span> <span class='ocrx_word' id='word_1_544' title='bbox 2247 3123 2503 3181; x_wconf 86' lang='lat' dir='ltr'><strong>Christus</strong></span> <span class='ocrx_word' id='word_1_545' title='bbox 2525 3126 2627 3198; x_wconf 87' lang='lat' dir='ltr'><strong>legi</strong></span> <span class='ocrx_word' id='word_1_546' title='bbox 2663 3141 2903 3183; x_wconf 86' lang='lat' dir='ltr'><strong>consona</strong></span> <span class='ocrx_word' id='word_1_547' title='bbox 2936 3130 3196 3199; x_wconf 90' lang='lat' dir='ltr'><strong>loquitur.</strong></span> <span class='ocrx_word' id='word_1_548' title='bbox 3226 3131 3493 3200; x_wconf 82' lang='lat' dir='ltr'><strong>Mercede,</strong></span> <span class='ocrx_word' id='word_1_549' title='bbox 3523 3136 3627 3189; x_wconf 88' lang='lat' dir='ltr'><strong>ali-</strong></span> 
     </span>
    </p>
   </div>
   <div class='ocr_carea' id='block_1_72' title="bbox 2044 3215 3635 3298">
    <p class='ocr_par' dir='ltr' id='par_1_72' title="bbox 2044 3215 3635 3298">
     <span class='ocr_line' id='line_1_72' title="bbox 2044 3215 3635 3298; baseline 0.009 -29"><span class='ocrx_word' id='word_1_550' title='bbox 2044 3215 2213 3271; x_wconf 88' lang='lat' dir='ltr'><strong>menti</strong></span> <span class='ocrx_word' id='word_1_551' title='bbox 2246 3215 2520 3275; x_wconf 81' lang='lat' dir='ltr'><strong>videlicet.</strong></span> <span class='ocrx_word' id='word_1_552' title='bbox 2563 3217 2890 3291; x_wconf 85' lang='lat' dir='ltr'><strong>Operarium</strong></span> <span class='ocrx_word' id='word_1_553' title='bbox 2937 3238 3066 3278; x_wconf 88' lang='lat' dir='ltr'><strong>vero</strong></span> <span class='ocrx_word' id='word_1_554' title='bbox 3096 3223 3229 3279; x_wconf 90' lang='lat' dir='ltr'><strong>dicit</strong></span> <span class='ocrx_word' id='word_1_555' title='bbox 3276 3240 3400 3281; x_wconf 92' lang='lat' dir='ltr'><strong>eum</strong></span> <span class='ocrx_word' id='word_1_556' title='bbox 3434 3228 3526 3298; x_wconf 92' lang='lat' dir='ltr'><strong>qui</strong></span> <span class='ocrx_word' id='word_1_557' title='bbox 3556 3228 3635 3283; x_wconf 79' lang='lat' dir='ltr'><strong>la&quot;</strong></span> 
     </span>
    </p>
   </div>
   <div class='ocr_carea' id='block_1_73' title="bbox 2048 3306 3645 3390">
    <p class='ocr_par' dir='ltr' id='par_1_73' title="bbox 2048 3306 3645 3390">
     <span class='ocr_line' id='line_1_73' title="bbox 2048 3306 3645 3390; baseline 0.011 -28"><span class='ocrx_word' id='word_1_558' title='bbox 2048 3306 2230 3371; x_wconf 86' lang='lat' dir='ltr'><strong>horat,</strong></span> <span class='ocrx_word' id='word_1_559' title='bbox 2263 3324 2458 3380; x_wconf 90' lang='lat' dir='ltr'><strong>nempe</strong></span> <span class='ocrx_word' id='word_1_560' title='bbox 2483 3312 2632 3384; x_wconf 87' lang='lat' dir='ltr'><strong>quod</strong></span> <span class='ocrx_word' id='word_1_561' title='bbox 2668 3314 2714 3369; x_wconf 88' lang='lat' dir='ltr'><strong>is</strong></span> <span class='ocrx_word' id='word_1_562' title='bbox 2746 3316 2837 3384; x_wconf 89' lang='lat' dir='ltr'><strong>qui</strong></span> <span class='ocrx_word' id='word_1_563' title='bbox 2885 3329 2993 3371; x_wconf 89' lang='lat' dir='ltr'><strong>non</strong></span> <span class='ocrx_word' id='word_1_564' title='bbox 3025 3316 3237 3372; x_wconf 85' lang='lat' dir='ltr'><strong>laborat</strong></span> <span class='ocrx_word' id='word_1_565' title='bbox 3275 3318 3533 3390; x_wconf 81' lang='lat' dir='ltr'><strong>indignus</strong></span> <span class='ocrx_word' id='word_1_566' title='bbox 3560 3322 3645 3381; x_wconf 74' lang='lat' dir='ltr'><strong>sit.</strong></span> 
     </span>
    </p>
   </div>
   <div class='ocr_carea' id='block_1_74' title="bbox 2048 3401 3631 3487">
    <p class='ocr_par' dir='ltr' id='par_1_74' title="bbox 2048 3401 3631 3487">
     <span class='ocr_line' id='line_1_74' title="bbox 2048 3401 3631 3487; baseline 0.01 -33"><span class='ocrx_word' id='word_1_567' title='bbox 2048 3401 2330 3457; x_wconf 87' lang='lat' dir='ltr'><strong>alimento.</strong></span> <span class='ocrx_word' id='word_1_568' title='bbox 2376 3403 2501 3460; x_wconf 64' lang='lat' dir='ltr'><strong>llaec</strong></span> <span class='ocrx_word' id='word_1_569' title='bbox 2538 3414 2718 3462; x_wconf 88' lang='lat' dir='ltr'><strong>autem</strong></span> <span class='ocrx_word' id='word_1_570' title='bbox 2755 3410 3191 3479; x_wconf 66' lang='lat' dir='ltr'><strong>praeceptoribus</strong></span> <span class='ocrx_word' id='word_1_571' title='bbox 3235 3411 3495 3482; x_wconf 82' lang='lat' dir='ltr'><strong>loquitur,</strong></span> <span class='ocrx_word' id='word_1_572' title='bbox 3537 3417 3631 3487; x_wconf 87' lang='lat' dir='ltr'><strong>qui</strong></span> 
     </span>
    </p>
   </div>
   <div class='ocr_carea' id='block_1_75' title="bbox 2048 3493 3409 3577">
    <p class='ocr_par' dir='ltr' id='par_1_75' title="bbox 2048 3493 3409 3577">
     <span class='ocr_line' id='line_1_75' title="bbox 2048 3493 3409 3577; baseline 0.01 -30"><span class='ocrx_word' id='word_1_573' title='bbox 2048 3507 2153 3548; x_wconf 86' lang='lat' dir='ltr'><strong>non</strong></span> <span class='ocrx_word' id='word_1_574' title='bbox 2181 3493 2434 3550; x_wconf 80' lang='lat' dir='ltr'><strong>laborant</strong></span> <span class='ocrx_word' id='word_1_575' title='bbox 2464 3498 2516 3551; x_wconf 87' lang='lat' dir='ltr'><strong>in</strong></span> <span class='ocrx_word' id='word_1_576' title='bbox 2558 3496 2832 3553; x_wconf 85' lang='lat' dir='ltr'><strong>doctrina.</strong></span> <span class='ocrx_word' id='word_1_577' title='bbox 3355 3521 3409 3577; x_wconf 55' lang='lat'><strong>9;</strong></span> 
     </span>
    </p>
   </div>
   <div class='ocr_carea' id='block_1_76' title="bbox 2127 3585 3630 3648">
    <p class='ocr_par' dir='ltr' id='par_1_76' title="bbox 2127 3585 3630 3648">
     <span class='ocr_line' id='line_1_76' title="bbox 2127 3585 3630 3648; baseline 0.008 -12"><span class='ocrx_word' id='word_1_578' title='bbox 2127 3602 2147 3636; x_wconf 82' lang='grc' dir='ltr'>ι</span> <span class='ocrx_word' id='word_1_579' title='bbox 2193 3585 2476 3643; x_wconf 84' lang='lat' dir='ltr'><strong>Adversus</strong></span> <span class='ocrx_word' id='word_1_580' title='bbox 2525 3588 2798 3643; x_wconf 90' lang='lat' dir='ltr'><strong>seniorem</strong></span> <span class='ocrx_word' id='word_1_581' title='bbox 2855 3604 2923 3644; x_wconf 90' lang='lat' dir='ltr'><strong>ne</strong></span> <span class='ocrx_word' id='word_1_582' title='bbox 2969 3588 3269 3646; x_wconf 83' lang='lat' dir='ltr'><strong>admiseris</strong></span> <span class='ocrx_word' id='word_1_583' title='bbox 3317 3592 3630 3648; x_wconf 83' lang='lat' dir='ltr'><strong>accusatio-</strong></span> 
     </span>
    </p>
   </div>
   <div class='ocr_carea' id='block_1_77' title="bbox 2048 3678 3632 3761">
    <p class='ocr_par' dir='ltr' id='par_1_77' title="bbox 2048 3678 3632 3761">
     <span class='ocr_line' id='line_1_77' title="bbox 2048 3678 3632 3761; baseline 0.006 -30"><span class='ocrx_word' id='word_1_584' title='bbox 2048 3692 2194 3732; x_wconf 91' lang='lat' dir='ltr'><strong>nem.</strong></span> <span class='ocrx_word' id='word_1_585' title='bbox 2240 3697 2259 3730; x_wconf 86' lang='grc'>›</span> <span class='ocrx_word' id='word_1_586' title='bbox 2296 3678 2439 3746; x_wconf 81' lang='lat' dir='ltr'><strong>Quid</strong></span> <span class='ocrx_word' id='word_1_587' title='bbox 2473 3680 2642 3749; x_wconf 79' lang='lat' dir='ltr'><strong>ergo?</strong></span> <span class='ocrx_word' id='word_1_588' title='bbox 2691 3681 2773 3736; x_wconf 86' lang='lat' dir='ltr'><strong>An</strong></span> <span class='ocrx_word' id='word_1_589' title='bbox 2807 3681 3076 3741; x_wconf 86' lang='lat' dir='ltr'><strong>adversus</strong></span> <span class='ocrx_word' id='word_1_590' title='bbox 3104 3683 3380 3761; x_wconf 79' lang='lat' dir='ltr'><strong>iuniorem</strong></span> <span class='ocrx_word' id='word_1_591' title='bbox 3430 3683 3632 3740; x_wconf 64' lang='lat' dir='ltr'><strong>admito</strong></span> 
     </span>
    </p>
   </div>
   <div class='ocr_carea' id='block_1_78' title="bbox 2048 3769 3631 3849">
    <p class='ocr_par' dir='ltr' id='par_1_78' title="bbox 2048 3769 3631 3849">
     <span class='ocr_line' id='line_1_78' title="bbox 2048 3769 3631 3849; baseline 0.006 -25"><span class='ocrx_word' id='word_1_592' title='bbox 2048 3769 2212 3825; x_wconf 87' lang='lat' dir='ltr'><strong>tenda</strong></span> <span class='ocrx_word' id='word_1_593' title='bbox 2263 3784 2345 3828; x_wconf 81' lang='lat' dir='ltr'><strong>est</strong></span> <span class='ocrx_word' id='word_1_594' title='bbox 2379 3772 2693 3842; x_wconf 88' lang='lat' dir='ltr'><strong>hujnsmodi</strong></span> <span class='ocrx_word' id='word_1_595' title='bbox 2732 3776 3046 3831; x_wconf 67' lang='lat' dir='ltr'><strong>accus;itio?</strong></span> <span class='ocrx_word' id='word_1_596' title='bbox 3073 3776 3471 3849; x_wconf 80' lang='lat' dir='ltr'><strong>Nequaquam!</strong></span> <span class='ocrx_word' id='word_1_597' title='bbox 3522 3776 3631 3834; x_wconf 83' lang='lat' dir='ltr'><strong>Sed</strong></span> 
     </span>
    </p>
   </div>
   <div class='ocr_carea' id='block_1_79' title="bbox 2051 3865 3634 3936">
    <p class='ocr_par' dir='ltr' id='par_1_79' title="bbox 2051 3865 3634 3936">
     <span class='ocr_line' id='line_1_79' title="bbox 2051 3865 3634 3936; baseline 0.006 -19"><span class='ocrx_word' id='word_1_598' title='bbox 2051 3872 2308 3934; x_wconf 83' lang='lat' dir='ltr'><strong>tanquam</strong></span> <span class='ocrx_word' id='word_1_599' title='bbox 2339 3865 2547 3921; x_wconf 82' lang='lat' dir='ltr'><strong>diceret</strong></span> <span class='ocrx_word' id='word_1_600' title='bbox 2587 3882 2602 3921; x_wconf 89' lang='lat'><strong>:</strong></span> <span class='ocrx_word' id='word_1_601' title='bbox 2642 3866 2923 3925; x_wconf 77' lang='lat' dir='ltr'><strong>Adversus</strong></span> <span class='ocrx_word' id='word_1_602' title='bbox 2965 3869 3199 3936; x_wconf 89' lang='lat' dir='ltr'><strong>nullum,</strong></span> <span class='ocrx_word' id='word_1_603' title='bbox 3239 3870 3479 3927; x_wconf 80' lang='lat' dir='ltr'><strong>maxime</strong></span> <span class='ocrx_word' id='word_1_604' title='bbox 3530 3887 3634 3927; x_wconf 58' lang='lat' dir='ltr'><strong>auc-</strong></span> 
     </span>
    </p>
   </div>
   <div class='ocr_carea' id='block_1_80' title="bbox 2049 3957 3630 4036">
    <p class='ocr_par' dir='ltr' id='par_1_80' title="bbox 2049 3957 3630 4036">
     <span class='ocr_line' id='line_1_80' title="bbox 2049 3957 3630 4036; baseline 0.006 -25"><span class='ocrx_word' id='word_1_605' title='bbox 2049 3964 2153 4012; x_wconf 89' lang='lat' dir='ltr'><strong>tem</strong></span> <span class='ocrx_word' id='word_1_606' title='bbox 2193 3957 2458 4014; x_wconf 85' lang='lat' dir='ltr'><strong>adversus</strong></span> <span class='ocrx_word' id='word_1_607' title='bbox 2492 3958 2805 4016; x_wconf 87' lang='lat' dir='ltr'><strong>seniorem:</strong></span> <span class='ocrx_word' id='word_1_608' title='bbox 2838 3976 2962 4016; x_wconf 88' lang='lat' dir='ltr'><strong>nam</strong></span> <span class='ocrx_word' id='word_1_609' title='bbox 3009 3961 3216 4019; x_wconf 82' lang='lat' dir='ltr'><strong>habent</strong></span> <span class='ocrx_word' id='word_1_610' title='bbox 3248 3964 3300 4018; x_wconf 92' lang='lat' dir='ltr'><strong>hi</strong></span> <span class='ocrx_word' id='word_1_611' title='bbox 3326 3972 3382 4020; x_wconf 90' lang='lat' dir='ltr'><strong>et</strong></span> <span class='ocrx_word' id='word_1_612' title='bbox 3413 3965 3483 4021; x_wconf 89' lang='lat' dir='ltr'><strong>ab</strong></span> <span class='ocrx_word' id='word_1_613' title='bbox 3511 3963 3630 4036; x_wconf 85' lang='lat' dir='ltr'><strong>ipsa</strong></span> 
     </span>
    </p>
   </div>
   <div class='ocr_carea' id='block_1_81' title="bbox 2046 4049 3631 4128">
    <p class='ocr_par' dir='ltr' id='par_1_81' title="bbox 2046 4049 3631 4128">
     <span class='ocr_line' id='line_1_81' title="bbox 2046 4049 3631 4128; baseline 0.004 -23"><span class='ocrx_word' id='word_1_614' title='bbox 2046 4057 2206 4106; x_wconf 63' lang='lat' dir='ltr'><strong>aetate</strong></span> <span class='ocrx_word' id='word_1_615' title='bbox 2263 4049 2474 4105; x_wconf 81' lang='lat' dir='ltr'><strong>frenum</strong></span> <span class='ocrx_word' id='word_1_616' title='bbox 2507 4051 3223 4127; x_wconf 69' lang='grc' dir='ltr'>(ιιιοάιίειηςπρεσϐὑτερον</span> <span class='ocrx_word' id='word_1_617' title='bbox 3276 4070 3410 4128; x_wconf 83' lang='lat' dir='ltr'><strong>ergo</strong></span> <span class='ocrx_word' id='word_1_618' title='bbox 3474 4067 3631 4114; x_wconf 86' lang='lat' dir='ltr'><strong>vocat</strong></span> 
     </span>
    </p>
   </div>
   <div class='ocr_carea' id='block_1_82' title="bbox 2046 4137 3629 4213">
    <p class='ocr_par' dir='ltr' id='par_1_82' title="bbox 2046 4137 3629 4213">
     <span class='ocr_line' id='line_1_82' title="bbox 2046 4137 3629 4213; baseline 0.006 -22"><span class='ocrx_word' id='word_1_619' title='bbox 2046 4150 2170 4191; x_wconf 88' lang='lat' dir='ltr'><strong>eum</strong></span> <span class='ocrx_word' id='word_1_620' title='bbox 2198 4137 2292 4206; x_wconf 82' lang='lat' dir='ltr'><strong>qui</strong></span> <span class='ocrx_word' id='word_1_621' title='bbox 2323 4146 2484 4193; x_wconf 70' lang='lat' dir='ltr'><strong>aetate</strong></span> <span class='ocrx_word' id='word_1_622' title='bbox 2512 4154 2679 4194; x_wconf 79' lang='lat' dir='ltr'><strong>senex</strong></span> <span class='ocrx_word' id='word_1_623' title='bbox 2713 4149 2818 4196; x_wconf 89' lang='lat' dir='ltr'><strong>est.</strong></span> <span class='ocrx_word' id='word_1_624' title='bbox 2854 4160 2874 4194; x_wconf 90' lang='grc'><strong>‹</strong></span> <span class='ocrx_word' id='word_1_625' title='bbox 2911 4142 3014 4197; x_wconf 86' lang='lat' dir='ltr'><strong>Eos</strong></span> <span class='ocrx_word' id='word_1_626' title='bbox 3033 4143 3125 4212; x_wconf 88' lang='lat' dir='ltr'><strong>qui</strong></span> <span class='ocrx_word' id='word_1_627' title='bbox 3168 4151 3420 4213; x_wconf 80' lang='lat' dir='ltr'><strong>peccant,</strong></span> <span class='ocrx_word' id='word_1_628' title='bbox 3443 4159 3629 4201; x_wconf 85' lang='lat' dir='ltr'><strong>coram</strong></span> 
     </span>
    </p>
   </div>
   <div class='ocr_carea' id='block_1_83' title="bbox 2046 4222 3629 4303">
    <p class='ocr_par' dir='ltr' id='par_1_83' title="bbox 2046 4222 3629 4303">
     <span class='ocr_line' id='line_1_83' title="bbox 2046 4222 3629 4303; baseline 0.006 -25"><span class='ocrx_word' id='word_1_629' title='bbox 2046 4222 2305 4280; x_wconf 85' lang='lat' dir='ltr'><strong>omnibus</strong></span> <span class='ocrx_word' id='word_1_630' title='bbox 2343 4239 2534 4298; x_wconf 84' lang='lat' dir='ltr'><strong>argue.</strong></span> <span class='ocrx_word' id='word_1_631' title='bbox 2577 4245 2597 4279; x_wconf 74' lang='grc' dir='ltr'><strong>ι</strong></span> <span class='ocrx_word' id='word_1_632' title='bbox 2636 4226 2855 4295; x_wconf 65' lang='lat' dir='ltr'><strong>Quaere,</strong></span> <span class='ocrx_word' id='word_1_633' title='bbox 2886 4228 3086 4300; x_wconf 90' lang='lat' dir='ltr'><strong>inquit,</strong></span> <span class='ocrx_word' id='word_1_634' title='bbox 3110 4231 3403 4303; x_wconf 82' lang='lat' dir='ltr'><strong>diligenter</strong></span> <span class='ocrx_word' id='word_1_635' title='bbox 3436 4249 3629 4288; x_wconf 87' lang='lat' dir='ltr'><strong>:cum-</strong></span> 
     </span>
    </p>
   </div>
   <div class='ocr_carea' id='block_1_84' title="bbox 2047 4321 3628 4398">
    <p class='ocr_par' dir='ltr' id='par_1_84' title="bbox 2047 4321 3628 4398">
     <span class='ocr_line' id='line_1_84' title="bbox 2047 4321 3628 4398; baseline 0.005 -24"><span class='ocrx_word' id='word_1_636' title='bbox 2047 4331 2154 4390; x_wconf 89' lang='lat' dir='ltr'><strong>quc</strong></span> <span class='ocrx_word' id='word_1_637' title='bbox 2185 4321 2488 4390; x_wconf 85' lang='lat' dir='ltr'><strong>inveneris,</strong></span> <span class='ocrx_word' id='word_1_638' title='bbox 2523 4337 2649 4378; x_wconf 89' lang='lat' dir='ltr'><strong>cum</strong></span> <span class='ocrx_word' id='word_1_639' title='bbox 2684 4324 3035 4380; x_wconf 73' lang='lat' dir='ltr'><strong>vehementia</strong></span> <span class='ocrx_word' id='word_1_640' title='bbox 3076 4325 3390 4398; x_wconf 81' lang='lat' dir='ltr'><strong>objurgato.</strong></span> <span class='ocrx_word' id='word_1_641' title='bbox 3414 4326 3548 4382; x_wconf 86' lang='lat' dir='ltr'><strong>Nam</strong></span> <span class='ocrx_word' id='word_1_642' title='bbox 3576 4328 3628 4383; x_wconf 80' lang='lat' dir='ltr'><strong>id</strong></span> 
     </span>
    </p>
   </div>
   <div class='ocr_carea' id='block_1_85' title="bbox 2048 4412 3627 4487">
    <p class='ocr_par' dir='ltr' id='par_1_85' title="bbox 2048 4412 3627 4487">
     <span class='ocr_line' id='line_1_85' title="bbox 2048 4412 3627 4487; baseline 0.006 -21"><span class='ocrx_word' id='word_1_643' title='bbox 2048 4412 2321 4482; x_wconf 73' lang='lat' dir='ltr'><strong>signiﬁcat</strong></span> <span class='ocrx_word' id='word_1_644' title='bbox 2345 4413 2557 4487; x_wconf 78' lang='grc' dir='ltr'>ἔλεγχε.</span> <span class='ocrx_word' id='word_1_645' title='bbox 2588 4416 2787 4472; x_wconf 89' lang='lat' dir='ltr'><strong>Coram</strong></span> <span class='ocrx_word' id='word_1_646' title='bbox 2812 4417 3068 4474; x_wconf 89' lang='lat' dir='ltr'><strong>omnibus</strong></span> <span class='ocrx_word' id='word_1_647' title='bbox 3112 4428 3485 4484; x_wconf 83' lang='lat' dir='ltr'><strong>autem,.utet</strong></span> <span class='ocrx_word' id='word_1_648' title='bbox 3518 4435 3627 4475; x_wconf 60' lang='lat' dir='ltr'><strong>cm.-</strong></span> 
     </span>
    </p>
   </div>
   <div class='ocr_carea' id='block_1_86' title="bbox 2051 4505 3627 4569">
    <p class='ocr_par' dir='ltr' id='par_1_86' title="bbox 2051 4505 3627 4569">
     <span class='ocr_line' id='line_1_86' title="bbox 2051 4505 3627 4569; baseline 0.005 -10"><span class='ocrx_word' id='word_1_649' title='bbox 2051 4507 2151 4559; x_wconf 90' lang='lat' dir='ltr'><strong>teri</strong></span> <span class='ocrx_word' id='word_1_650' title='bbox 2180 4505 2246 4560; x_wconf 88' lang='lat' dir='ltr'><strong>ad</strong></span> <span class='ocrx_word' id='word_1_651' title='bbox 2279 4507 2601 4563; x_wconf 86' lang='lat' dir='ltr'><strong>modestiam</strong></span> <span class='ocrx_word' id='word_1_652' title='bbox 2631 4518 2981 4566; x_wconf 80' lang='lat' dir='ltr'><strong>revocentur.</strong></span> <span class='ocrx_word' id='word_1_653' title='bbox 3011 4508 3126 4566; x_wconf 87' lang='lat' dir='ltr'><strong>lioc</strong></span> <span class='ocrx_word' id='word_1_654' title='bbox 3153 4510 3279 4567; x_wconf 85' lang='lat' dir='ltr'><strong>iecit</strong></span> <span class='ocrx_word' id='word_1_655' title='bbox 3307 4510 3451 4567; x_wconf 90' lang='lat' dir='ltr'><strong>Dens</strong></span> <span class='ocrx_word' id='word_1_656' title='bbox 3484 4521 3539 4569; x_wconf 88' lang='lat' dir='ltr'><strong>et</strong></span> <span class='ocrx_word' id='word_1_657' title='bbox 3575 4511 3627 4567; x_wconf 88' lang='lat' dir='ltr'><strong>in</strong></span> 
     </span>
    </p>
   </div>
   <div class='ocr_carea' id='block_1_87' title="bbox 363 4591 1944 4681">
    <p class='ocr_par' dir='ltr' id='par_1_87' title="bbox 363 4591 1943 4681">
     <span class='ocr_line' id='line_1_87' title="bbox 363 4591 1943 4681; baseline 0.014 -40"><span class='ocrx_word' id='word_1_658' title='bbox 363 4602 484 4658; x_wconf 80' lang='grc' dir='ltr'>σορ.</span> <span class='ocrx_word' id='word_1_659' title='bbox 521 4607 542 4641; x_wconf 80' lang='grc' dir='ltr'>ι</span> <span class='ocrx_word' id='word_1_660' title='bbox 600 4591 1056 4667; x_wconf 81' lang='grc' dir='ltr'>Διαμαρτύρομαι</span> <span class='ocrx_word' id='word_1_661' title='bbox 1098 4597 1331 4654; x_wconf 69' lang='grc' dir='ltr'>ἐνώπιον</span> <span class='ocrx_word' id='word_1_662' title='bbox 1383 4602 1480 4656; x_wconf 81' lang='grc' dir='ltr'>τοῦ</span> <span class='ocrx_word' id='word_1_663' title='bbox 1543 4603 1704 4663; x_wconf 77' lang='grc' dir='ltr'>Θεοῦ.</span> <span class='ocrx_word' id='word_1_664' title='bbox 1737 4626 1757 4659; x_wconf 73' lang='grc' dir='ltr'><strong>ι</strong></span> <span class='ocrx_word' id='word_1_665' title='bbox 1799 4609 1943 4681; x_wconf 84' lang='grc' dir='ltr'>Ὅρα</span> 
     </span>
    </p>
   </div>
   <div class='ocr_carea' id='block_1_88' title="bbox 2053 4591 3633 4681">
    <p class='ocr_par' dir='ltr' id='par_1_88' title="bbox 2053 4598 3633 4664">
     <span class='ocr_line' id='line_1_88' title="bbox 2053 4598 3633 4664; baseline 0.006 -13"><span class='ocrx_word' id='word_1_666' title='bbox 2053 4598 2337 4657; x_wconf 87' lang='lat' dir='ltr'><strong>Pharaone</strong></span> <span class='ocrx_word' id='word_1_667' title='bbox 2357 4600 2402 4632; x_wconf 66' lang='grc' dir='ltr'>δ’</span> <span class='ocrx_word' id='word_1_668' title='bbox 2438 4611 2493 4657; x_wconf 88' lang='lat' dir='ltr'><strong>et</strong></span> <span class='ocrx_word' id='word_1_669' title='bbox 2545 4603 2599 4657; x_wconf 93' lang='lat' dir='ltr'><strong>in</strong></span> <span class='ocrx_word' id='word_1_670' title='bbox 2652 4602 3160 4662; x_wconf 82' lang='lat' dir='ltr'><strong>Nabuchodonosor</strong></span> <span class='ocrx_word' id='word_1_671' title='bbox 3189 4605 3250 4660; x_wconf 68' lang='grc' dir='ltr'>η.</span> <span class='ocrx_word' id='word_1_672' title='bbox 3316 4624 3335 4658; x_wconf 82' lang='grc' dir='ltr'><strong>ι</strong></span> <span class='ocrx_word' id='word_1_673' title='bbox 3372 4605 3633 4664; x_wconf 80' lang='lat' dir='ltr'><strong>Ohtcstor</strong></span> 
     </span>
    </p>
   </div>
   <div class='ocr_carea' id='block_1_89' title="bbox 363 4678 1943 4771">
    <p class='ocr_par' dir='ltr' id='par_1_89' title="bbox 363 4678 1943 4771">
     <span class='ocr_line' id='line_1_89' title="bbox 363 4678 1943 4771; baseline 0.016 -40"><span class='ocrx_word' id='word_1_674' title='bbox 363 4678 728 4754; x_wconf 82' lang='grc' dir='ltr'>σφοδρότητα.</span> <span class='ocrx_word' id='word_1_675' title='bbox 758 4684 831 4737; x_wconf 77' lang='grc' dir='ltr'><strong>Οὐ</strong></span> <span class='ocrx_word' id='word_1_676' title='bbox 866 4685 973 4756; x_wconf 84' lang='grc' dir='ltr'><strong>γὰρ</strong></span> <span class='ocrx_word' id='word_1_677' title='bbox 1010 4688 1198 4761; x_wconf 74' lang='grc' dir='ltr'>ἐπειδὴ</span> <span class='ocrx_word' id='word_1_678' title='bbox 1244 4692 1504 4762; x_wconf 84' lang='grc' dir='ltr'>Τιμόθεος</span> <span class='ocrx_word' id='word_1_679' title='bbox 1534 4690 1619 4767; x_wconf 81' lang='grc' dir='ltr'>ἦν,</span> <span class='ocrx_word' id='word_1_680' title='bbox 1659 4678 1943 4771; x_wconf 79' lang='grc' dir='ltr'>παραιτεῖ-</span> 
     </span>
    </p>
   </div>
   <div class='ocr_carea' id='block_1_90' title="bbox 360 4773 1940 4864">
    <p class='ocr_par' dir='ltr' id='par_1_90' title="bbox 360 4773 1940 4864">
     <span class='ocr_line' id='line_1_90' title="bbox 360 4773 1940 4864; baseline 0.018 -42"><span class='ocrx_word' id='word_1_681' title='bbox 360 4787 475 4838; x_wconf 85' lang='grc' dir='ltr'>ται,</span> <span class='ocrx_word' id='word_1_682' title='bbox 504 4773 643 4828; x_wconf 81' lang='grc' dir='ltr'>ἀλλὰ</span> <span class='ocrx_word' id='word_1_683' title='bbox 673 4775 1143 4851; x_wconf 83' lang='grc' dir='ltr'>διαμαρτύρεται,</span> <span class='ocrx_word' id='word_1_684' title='bbox 1160 4783 1222 4836; x_wconf 77' lang='grc' dir='ltr'>τὸ</span> <span class='ocrx_word' id='word_1_685' title='bbox 1246 4785 1440 4840; x_wconf 76' lang='grc' dir='ltr'>ἑαυτοῦ</span> <span class='ocrx_word' id='word_1_686' title='bbox 1475 4788 1940 4864; x_wconf 79' lang='grc' dir='ltr'>ἀσφαλιζόμενος,</span> 
     </span>
    </p>
   </div>
   <div class='ocr_carea' id='block_1_91' title="bbox 362 4863 1940 4951">
    <p class='ocr_par' dir='ltr' id='par_1_91' title="bbox 362 4863 1940 4951">
     <span class='ocr_line' id='line_1_91' title="bbox 362 4863 1940 4951; baseline 0.015 -35"><span class='ocrx_word' id='word_1_687' title='bbox 362 4863 419 4917; x_wconf 84' lang='grc' dir='ltr'>ετ</span> <span class='ocrx_word' id='word_1_688' title='bbox 466 4881 519 4918; x_wconf 89' lang='grc' dir='ltr'><strong>τι</strong></span> <span class='ocrx_word' id='word_1_689' title='bbox 575 4864 688 4920; x_wconf 88' lang='grc' dir='ltr'><strong>τῶν</strong></span> <span class='ocrx_word' id='word_1_690' title='bbox 729 4867 806 4940; x_wconf 78' lang='grc' dir='ltr'><strong>μὴ</strong></span> <span class='ocrx_word' id='word_1_691' title='bbox 862 4868 1092 4925; x_wconf 86' lang='grc' dir='ltr'>δεόντων</span> <span class='ocrx_word' id='word_1_692' title='bbox 1130 4874 1376 4947; x_wconf 84' lang='grc' dir='ltr'>γένηται.</span> <span class='ocrx_word' id='word_1_693' title='bbox 1415 4878 1480 4931; x_wconf 83' lang='grc' dir='ltr'>Τί</span> <span class='ocrx_word' id='word_1_694' title='bbox 1532 4879 1733 4951; x_wconf 76' lang='grc' dir='ltr'>δήποτε</span> <span class='ocrx_word' id='word_1_695' title='bbox 1756 4863 1816 4938; x_wconf 80' lang='grc' dir='ltr'>δὲ</span> <span class='ocrx_word' id='word_1_696' title='bbox 1846 4885 1940 4939; x_wconf 76' lang='grc' dir='ltr'><strong>τὸν</strong></span> 
     </span>
    </p>
   </div>
   <div class='ocr_carea' id='block_1_92' title="bbox 363 4956 1939 5041">
    <p class='ocr_par' dir='ltr' id='par_1_92' title="bbox 363 4956 1939 5041">
     <span class='ocr_line' id='line_1_92' title="bbox 363 4956 1939 5041; baseline 0.014 -32"><span class='ocrx_word' id='word_1_697' title='bbox 363 4956 590 5028; x_wconf 74' lang='grc' dir='ltr'>Πατιρα</span> <span class='ocrx_word' id='word_1_698' title='bbox 646 4960 742 5013; x_wconf 76' lang='grc' dir='ltr'>καὶ</span> <span class='ocrx_word' id='word_1_699' title='bbox 771 4961 865 5015; x_wconf 70' lang='grc' dir='ltr'>τὸν</span> <span class='ocrx_word' id='word_1_700' title='bbox 895 4962 1024 5017; x_wconf 75' lang='grc' dir='ltr'>Υἱδν</span> <span class='ocrx_word' id='word_1_701' title='bbox 1047 4967 1285 5033; x_wconf 80' lang='grc' dir='ltr'>καλέσας</span> <span class='ocrx_word' id='word_1_702' title='bbox 1344 4970 1651 5041; x_wconf 83' lang='grc' dir='ltr'>μάρτυρας,</span> <span class='ocrx_word' id='word_1_703' title='bbox 1683 4975 1779 5029; x_wconf 73' lang='grc' dir='ltr'>καὶ</span> <span class='ocrx_word' id='word_1_704' title='bbox 1815 4978 1939 5041; x_wconf 83' lang='grc' dir='ltr'>τοὺς</span> 
     </span>
    </p>
   </div>
   <div class='ocr_carea' id='block_1_93' title="bbox 362 5049 1945 5139">
    <p class='ocr_par' dir='ltr' id='par_1_93' title="bbox 362 5049 1945 5139">
     <span class='ocr_line' id='line_1_93' title="bbox 362 5049 1945 5139; baseline 0.013 -36"><span class='ocrx_word' id='word_1_705' title='bbox 362 5049 633 5120; x_wconf 74' lang='grc' dir='ltr'>ἀγγέλους</span> <span class='ocrx_word' id='word_1_706' title='bbox 658 5055 1066 5129; x_wconf 85' lang='grc' dir='ltr'>συγκέκληκεν;</span> <span class='ocrx_word' id='word_1_707' title='bbox 1101 5059 1227 5115; x_wconf 77' lang='grc' dir='ltr'><strong>Ὀτι</strong></span> <span class='ocrx_word' id='word_1_708' title='bbox 1267 5062 1362 5116; x_wconf 78' lang='grc' dir='ltr'>καὶ</span> <span class='ocrx_word' id='word_1_709' title='bbox 1389 5066 1545 5119; x_wconf 76' lang='grc' dir='ltr'>αὐτοὶ</span> <span class='ocrx_word' id='word_1_710' title='bbox 1584 5069 1682 5138; x_wconf 83' lang='grc' dir='ltr'>τῆς</span> <span class='ocrx_word' id='word_1_711' title='bbox 1710 5069 1945 5139; x_wconf 81' lang='grc' dir='ltr'>κρίσεως</span> 
     </span>
    </p>
   </div>
   <div class='ocr_carea' id='block_1_94' title="bbox 365 5142 1945 5231">
    <p class='ocr_par' dir='ltr' id='par_1_94' title="bbox 365 5142 1945 5231">
     <span class='ocr_line' id='line_1_94' title="bbox 365 5142 1945 5231; baseline 0.014 -38"><span class='ocrx_word' id='word_1_712' title='bbox 365 5142 663 5214; x_wconf 72' lang='grc' dir='ltr'>γενομένης</span> <span class='ocrx_word' id='word_1_713' title='bbox 690 5182 706 5208; x_wconf 93' lang='grc'><strong>,</strong></span> <span class='ocrx_word' id='word_1_714' title='bbox 765 5147 906 5216; x_wconf 79' lang='grc' dir='ltr'>μετὰ</span> <span class='ocrx_word' id='word_1_715' title='bbox 944 5147 1040 5201; x_wconf 85' lang='grc' dir='ltr'>τοῦ</span> <span class='ocrx_word' id='word_1_716' title='bbox 1095 5151 1295 5206; x_wconf 74' lang='grc' dir='ltr'>οἰκείου</span> <span class='ocrx_word' id='word_1_717' title='bbox 1344 5154 1615 5209; x_wconf 87' lang='grc' dir='ltr'>Δεσπότου</span> <span class='ocrx_word' id='word_1_718' title='bbox 1689 5162 1945 5231; x_wconf 83' lang='grc' dir='ltr'>παρεῖναι</span> 
     </span>
    </p>
   </div>
   <div class='ocr_carea' id='block_1_95' title="bbox 369 5232 1944 5317">
    <p class='ocr_par' dir='ltr' id='par_1_95' title="bbox 369 5232 1944 5317">
     <span class='ocr_line' id='line_1_95' title="bbox 369 5232 1944 5317; baseline 0.015 -33"><span class='ocrx_word' id='word_1_719' title='bbox 369 5232 627 5301; x_wconf 73' lang='grc' dir='ltr'>μέλλουσι</span> <span class='ocrx_word' id='word_1_720' title='bbox 653 5236 749 5290; x_wconf 81' lang='grc' dir='ltr'>καὶ</span> <span class='ocrx_word' id='word_1_721' title='bbox 778 5243 1077 5311; x_wconf 80' lang='grc' dir='ltr'>μαρτυρεῖν</span> <span class='ocrx_word' id='word_1_722' title='bbox 1109 5242 1190 5314; x_wconf 84' lang='grc' dir='ltr'><strong>τῷ</strong></span> <span class='ocrx_word' id='word_1_723' title='bbox 1216 5243 1377 5317; x_wconf 83' lang='grc' dir='ltr'>λόγῳ.</span> <span class='ocrx_word' id='word_1_724' title='bbox 1419 5247 1579 5312; x_wconf 84' lang='grc' dir='ltr'>Ἕθος</span> <span class='ocrx_word' id='word_1_725' title='bbox 1601 5249 1658 5304; x_wconf 80' lang='grc' dir='ltr'>δέ</span> <span class='ocrx_word' id='word_1_726' title='bbox 1684 5251 1801 5306; x_wconf 81' lang='grc' dir='ltr'>ἐστι</span> <span class='ocrx_word' id='word_1_727' title='bbox 1851 5254 1944 5306; x_wconf 76' lang='grc' dir='ltr'><strong>καὶ</strong></span> 
     </span>
    </p>
   </div>
   <div class='ocr_carea' id='block_1_96' title="bbox 366 5325 1945 5409">
    <p class='ocr_par' dir='ltr' id='par_1_96' title="bbox 366 5325 1945 5409">
     <span class='ocr_line' id='line_1_96' title="bbox 366 5325 1945 5409; baseline 0.014 -33"><span class='ocrx_word' id='word_1_728' title='bbox 366 5325 521 5393; x_wconf 80' lang='grc' dir='ltr'>ἡμῖν,</span> <span class='ocrx_word' id='word_1_729' title='bbox 551 5326 646 5380; x_wconf 81' lang='grc' dir='ltr'>καὶ</span> <span class='ocrx_word' id='word_1_730' title='bbox 677 5327 1016 5398; x_wconf 78' lang='grc' dir='ltr'>ὑπερέχοντα</span> <span class='ocrx_word' id='word_1_731' title='bbox 1083 5334 1176 5387; x_wconf 81' lang='grc' dir='ltr'>καὶ</span> <span class='ocrx_word' id='word_1_732' title='bbox 1218 5335 1475 5391; x_wconf 75' lang='grc' dir='ltr'>ἐλάττονα</span> <span class='ocrx_word' id='word_1_733' title='bbox 1537 5340 1815 5409; x_wconf 43' lang='grc' dir='ltr'>πρόσωπα,</span> <span class='ocrx_word' id='word_1_734' title='bbox 1863 5347 1945 5409; x_wconf 74' lang='grc' dir='ltr'>εἰς</span> 
     </span>
    </p>
   </div>
   <div class='ocr_carea' id='block_1_97' title="bbox 367 5418 1943 5496">
    <p class='ocr_par' dir='ltr' id='par_1_97' title="bbox 367 5418 1943 5496">
     <span class='ocr_line' id='line_1_97' title="bbox 367 5418 1943 5496; baseline 0.015 -28"><span class='ocrx_word' id='word_1_735' title='bbox 367 5418 678 5489; x_wconf 79' lang='grc' dir='ltr'>μαρτυρίαν</span> <span class='ocrx_word' id='word_1_736' title='bbox 714 5421 1034 5493; x_wconf 80' lang='grc' dir='ltr'>λαμϐάνειν.</span> <span class='ocrx_word' id='word_1_737' title='bbox 1066 5426 1176 5481; x_wconf 76' lang='grc' dir='ltr'><strong>Καὶ</strong></span> <span class='ocrx_word' id='word_1_738' title='bbox 1204 5429 1234 5482; x_wconf 88' lang='lat'><strong>6</strong></span> <span class='ocrx_word' id='word_1_739' title='bbox 1272 5427 1491 5496; x_wconf 85' lang='grc' dir='ltr'>Ἰακὼϐ,</span> <span class='ocrx_word' id='word_1_740' title='bbox 1536 5433 1632 5487; x_wconf 75' lang='grc' dir='ltr'>καὶ</span> <span class='ocrx_word' id='word_1_741' title='bbox 1683 5434 1772 5490; x_wconf 80' lang='grc' dir='ltr'>τὸν</span> <span class='ocrx_word' id='word_1_742' title='bbox 1810 5436 1943 5492; x_wconf 80' lang='grc' dir='ltr'>Θεὸν</span> 
     </span>
    </p>
   </div>
   <div class='ocr_carea' id='block_1_98' title="bbox 367 5507 1945 5590">
    <p class='ocr_par' dir='ltr' id='par_1_98' title="bbox 367 5507 1945 5590">
     <span class='ocr_line' id='line_1_98' title="bbox 367 5507 1945 5590; baseline 0.013 -28"><span class='ocrx_word' id='word_1_743' title='bbox 367 5507 465 5563; x_wconf 79' lang='grc' dir='ltr'>καὶ</span> <span class='ocrx_word' id='word_1_744' title='bbox 524 5508 710 5579; x_wconf 79' lang='grc' dir='ltr'>βουνὸν</span> <span class='ocrx_word' id='word_1_745' title='bbox 777 5513 1033 5585; x_wconf 85' lang='grc' dir='ltr'>μάρτυρα</span> <span class='ocrx_word' id='word_1_746' title='bbox 1100 5518 1544 5590; x_wconf 82' lang='grc' dir='ltr'>παραλαμϐάνει.</span> <span class='ocrx_word' id='word_1_747' title='bbox 1590 5541 1608 5575; x_wconf 78' lang='grc' dir='ltr'><strong>ι</strong></span> <span class='ocrx_word' id='word_1_748' title='bbox 1670 5525 1783 5578; x_wconf 82' lang='grc' dir='ltr'><strong>Καὶ</strong></span> <span class='ocrx_word' id='word_1_749' title='bbox 1832 5528 1945 5583; x_wconf 87' lang='grc' dir='ltr'><strong>τῶν</strong></span> 
     </span>
    </p>
   </div>
   <div class='ocr_carea' id='block_1_99' title="bbox 367 5599 1941 5690">
    <p class='ocr_par' dir='ltr' id='par_1_99' title="bbox 367 5599 1941 5690">
     <span class='ocr_line' id='line_1_99' title="bbox 367 5599 1941 5690; baseline 0.015 -39"><span class='ocrx_word' id='word_1_750' title='bbox 367 5599 642 5690; x_wconf 63' lang='grc' dir='ltr'>ικλεκτῶν</span> <span class='ocrx_word' id='word_1_751' title='bbox 661 5603 929 5673; x_wconf 81' lang='grc' dir='ltr'>ἀγγέλων.</span> <span class='ocrx_word' id='word_1_752' title='bbox 975 5625 995 5658; x_wconf 76' lang='grc' dir='ltr'><strong>ι</strong></span> <span class='ocrx_word' id='word_1_753' title='bbox 1040 5608 1343 5666; x_wconf 83' lang='grc' dir='ltr'>Ἐκλεκτῶν</span> <span class='ocrx_word' id='word_1_754' title='bbox 1387 5612 1446 5667; x_wconf 69' lang='grc' dir='ltr'>δὲ</span> <span class='ocrx_word' id='word_1_755' title='bbox 1493 5615 1741 5684; x_wconf 79' lang='grc' dir='ltr'>ἀγγέλων</span> <span class='ocrx_word' id='word_1_756' title='bbox 1795 5615 1941 5690; x_wconf 66' lang='grc' dir='ltr'>εἶπε,</span> 
     </span>
    </p>
   </div>
   <div class='ocr_carea' id='block_1_100' title="bbox 367 5689 1942 5782">
    <p class='ocr_par' dir='ltr' id='par_1_100' title="bbox 367 5689 1942 5782">
     <span class='ocr_line' id='line_1_100' title="bbox 367 5689 1942 5782; baseline 0.015 -40"><span class='ocrx_word' id='word_1_757' title='bbox 367 5689 505 5744; x_wconf 84' lang='grc' dir='ltr'>διότι</span> <span class='ocrx_word' id='word_1_758' title='bbox 537 5690 762 5762; x_wconf 74' lang='grc' dir='ltr'>ἄγγελοι</span> <span class='ocrx_word' id='word_1_759' title='bbox 796 5695 890 5750; x_wconf 82' lang='grc' dir='ltr'>καὶ</span> <span class='ocrx_word' id='word_1_760' title='bbox 935 5697 985 5751; x_wconf 73' lang='grc' dir='ltr'><strong>οἱ</strong></span> <span class='ocrx_word' id='word_1_761' title='bbox 1038 5698 1311 5771; x_wconf 82' lang='grc' dir='ltr'>δαίμονες,</span> <span class='ocrx_word' id='word_1_762' title='bbox 1352 5702 1470 5758; x_wconf 79' lang='grc' dir='ltr'>ἀλλ’</span> <span class='ocrx_word' id='word_1_763' title='bbox 1513 5705 1833 5782; x_wconf 69' lang='grc' dir='ltr'>ἀπόϐλητοι.</span> <span class='ocrx_word' id='word_1_764' title='bbox 1873 5739 1942 5751; x_wconf 91' lang='grc'><strong><em>-</em></strong></span> 
     </span>
    </p>
   </div>
   <div class='ocr_carea' id='block_1_101' title="bbox 2049 4691 3632 4770">
    <p class='ocr_par' dir='ltr' id='par_1_101' title="bbox 2049 4691 3632 4770">
     <span class='ocr_line' id='line_1_101' title="bbox 2049 4691 3632 4770; baseline 0.004 -24"><span class='ocrx_word' id='word_1_765' title='bbox 2049 4691 2104 4746; x_wconf 88' lang='lat' dir='ltr'><strong>in</strong></span> <span class='ocrx_word' id='word_1_766' title='bbox 2137 4702 2440 4764; x_wconf 88' lang='lat' dir='ltr'><strong>conspectu</strong></span> <span class='ocrx_word' id='word_1_767' title='bbox 2485 4695 2599 4750; x_wconf 83' lang='lat' dir='ltr'><strong>Dei.</strong></span> <span class='ocrx_word' id='word_1_768' title='bbox 2629 4715 2647 4748; x_wconf 72' lang='grc' dir='ltr'><strong>ι</strong></span> <span class='ocrx_word' id='word_1_769' title='bbox 2707 4697 2947 4753; x_wconf 84' lang='lat' dir='ltr'><strong>Adverte</strong></span> <span class='ocrx_word' id='word_1_770' title='bbox 2985 4698 3410 4756; x_wconf 77' lang='lat' dir='ltr'><strong>vehementiam.</strong></span> <span class='ocrx_word' id='word_1_771' title='bbox 3444 4697 3632 4770; x_wconf 85' lang='lat' dir='ltr'><strong>Neque</strong></span> 
     </span>
    </p>
   </div>
   <div class='ocr_carea' id='block_1_102' title="bbox 2048 4770 3629 4862">
    <p class='ocr_par' dir='ltr' id='par_1_102' title="bbox 2048 4770 3629 4862">
     <span class='ocr_line' id='line_1_102' title="bbox 2048 4770 3629 4862; baseline 0.004 -22"><span class='ocrx_word' id='word_1_772' title='bbox 2048 4785 2196 4840; x_wconf 90' lang='lat' dir='ltr'><strong>enim</strong></span> <span class='ocrx_word' id='word_1_773' title='bbox 2252 4803 2317 4843; x_wconf 87' lang='lat' dir='ltr'><strong>eo</strong></span> <span class='ocrx_word' id='word_1_774' title='bbox 2375 4770 2525 4858; x_wconf 84' lang='lat' dir='ltr'><strong>quod</strong></span> <span class='ocrx_word' id='word_1_775' title='bbox 2577 4787 2900 4846; x_wconf 89' lang='lat' dir='ltr'><strong>Timotheus</strong></span> <span class='ocrx_word' id='word_1_776' title='bbox 2961 4800 3146 4845; x_wconf 89' lang='lat' dir='ltr'><strong>tantus</strong></span> <span class='ocrx_word' id='word_1_777' title='bbox 3180 4803 3346 4859; x_wconf 85' lang='lat' dir='ltr'><strong>esset,</strong></span> <span class='ocrx_word' id='word_1_778' title='bbox 3399 4793 3629 4862; x_wconf 82' lang='lat' dir='ltr'><strong>supplex</strong></span> 
     </span>
    </p>
   </div>
   <div class='ocr_carea' id='block_1_103' title="bbox 2049 4879 3629 4961">
    <p class='ocr_par' dir='ltr' id='par_1_103' title="bbox 2049 4879 3629 4961">
     <span class='ocr_line' id='line_1_103' title="bbox 2049 4879 3629 4961; baseline 0.004 -28"><span class='ocrx_word' id='word_1_779' title='bbox 2049 4881 2205 4950; x_wconf 87' lang='lat' dir='ltr'><strong>petit,</strong></span> <span class='ocrx_word' id='word_1_780' title='bbox 2228 4879 2324 4937; x_wconf 85' lang='lat' dir='ltr'><strong>sed</strong></span> <span class='ocrx_word' id='word_1_781' title='bbox 2347 4881 2677 4949; x_wconf 86' lang='lat' dir='ltr'><strong>obtestatur,</strong></span> <span class='ocrx_word' id='word_1_782' title='bbox 2702 4899 2833 4940; x_wconf 88' lang='lat' dir='ltr'><strong>suas</strong></span> <span class='ocrx_word' id='word_1_783' title='bbox 2860 4892 3047 4954; x_wconf 88' lang='lat' dir='ltr'><strong>partes</strong></span> <span class='ocrx_word' id='word_1_784' title='bbox 3089 4886 3397 4951; x_wconf 84' lang='lat' dir='ltr'><strong>stabiliens,</strong></span> <span class='ocrx_word' id='word_1_785' title='bbox 3418 4886 3473 4961; x_wconf 89' lang='lat' dir='ltr'><strong>si</strong></span> <span class='ocrx_word' id='word_1_786' title='bbox 3497 4886 3629 4957; x_wconf 83' lang='lat' dir='ltr'><strong>quid</strong></span> 
     </span>
    </p>
   </div>
   <div class='ocr_carea' id='block_1_104' title="bbox 2054 4967 3634 5046">
    <p class='ocr_par' dir='ltr' id='par_1_104' title="bbox 2054 4967 3634 5046">
     <span class='ocr_line' id='line_1_104' title="bbox 2054 4967 3634 5046; baseline 0.006 -21"><span class='ocrx_word' id='word_1_787' title='bbox 2054 4967 2146 5025; x_wconf 81' lang='lat' dir='ltr'><strong>liat</strong></span> <span class='ocrx_word' id='word_1_788' title='bbox 2183 4986 2372 5026; x_wconf 89' lang='lat' dir='ltr'><strong>eorum</strong></span> <span class='ocrx_word' id='word_1_789' title='bbox 2405 4989 2524 5042; x_wconf 70' lang='lat' dir='ltr'><strong>qua:</strong></span> <span class='ocrx_word' id='word_1_790' title='bbox 2558 4989 2666 5029; x_wconf 91' lang='lat' dir='ltr'><strong>non</strong></span> <span class='ocrx_word' id='word_1_791' title='bbox 2708 4985 2946 5046; x_wconf 82' lang='lat' dir='ltr'><strong>oportet.</strong></span> <span class='ocrx_word' id='word_1_792' title='bbox 2984 4975 3170 5043; x_wconf 84' lang='lat' dir='ltr'><strong>Quare</strong></span> <span class='ocrx_word' id='word_1_793' title='bbox 3212 4985 3391 5032; x_wconf 83' lang='lat' dir='ltr'><strong>autem</strong></span> <span class='ocrx_word' id='word_1_794' title='bbox 3418 4979 3634 5034; x_wconf 85' lang='lat' dir='ltr'><strong>vocatis</strong></span> 
     </span>
    </p>
   </div>
   <div class='ocr_carea' id='block_1_105' title="bbox 2057 5063 3629 5151">
    <p class='ocr_par' dir='ltr' id='par_1_105' title="bbox 2057 5063 3629 5151">
     <span class='ocr_line' id='line_1_105' title="bbox 2057 5063 3629 5151; baseline 0.005 -34"><span class='ocrx_word' id='word_1_795' title='bbox 2057 5063 2217 5119; x_wconf 87' lang='lat' dir='ltr'><strong>Patre</strong></span> <span class='ocrx_word' id='word_1_796' title='bbox 2239 5074 2293 5122; x_wconf 87' lang='lat' dir='ltr'><strong>et</strong></span> <span class='ocrx_word' id='word_1_797' title='bbox 2318 5063 2456 5121; x_wconf 84' lang='lat' dir='ltr'><strong>Filio</strong></span> <span class='ocrx_word' id='word_1_798' title='bbox 2490 5066 2545 5121; x_wconf 89' lang='lat' dir='ltr'><strong>in</strong></span> <span class='ocrx_word' id='word_1_799' title='bbox 2587 5075 2776 5132; x_wconf 84' lang='lat' dir='ltr'><strong>testes,</strong></span> <span class='ocrx_word' id='word_1_800' title='bbox 2809 5070 2976 5124; x_wconf 87' lang='lat' dir='ltr'><strong>etiam</strong></span> <span class='ocrx_word' id='word_1_801' title='bbox 3000 5070 3226 5140; x_wconf 80' lang='lat' dir='ltr'><strong>angelos</strong></span> <span class='ocrx_word' id='word_1_802' title='bbox 3256 5070 3422 5151; x_wconf 76' lang='lat' dir='ltr'><strong>simul</strong></span> <span class='ocrx_word' id='word_1_803' title='bbox 3464 5087 3629 5127; x_wconf 90' lang='lat' dir='ltr'><strong>voca-</strong></span> 
     </span>
    </p>
   </div>
   <div class='ocr_carea' id='block_1_106' title="bbox 2055 5148 3629 5235">
    <p class='ocr_par' dir='ltr' id='par_1_106' title="bbox 2055 5148 3629 5235">
     <span class='ocr_line' id='line_1_106' title="bbox 2055 5148 3629 5235; baseline 0.004 -25"><span class='ocrx_word' id='word_1_804' title='bbox 2055 5158 2169 5212; x_wconf 87' lang='lat' dir='ltr'><strong>vit?</strong></span> <span class='ocrx_word' id='word_1_805' title='bbox 2198 5159 2334 5224; x_wconf 88' lang='lat' dir='ltr'><strong>Quia</strong></span> <span class='ocrx_word' id='word_1_806' title='bbox 2364 5168 2420 5213; x_wconf 87' lang='lat' dir='ltr'><strong>et</strong></span> <span class='ocrx_word' id='word_1_807' title='bbox 2463 5160 2516 5215; x_wconf 92' lang='lat' dir='ltr'><strong>hi</strong></span> <span class='ocrx_word' id='word_1_808' title='bbox 2556 5177 2659 5216; x_wconf 85' lang='lat' dir='ltr'><strong>una</strong></span> <span class='ocrx_word' id='word_1_809' title='bbox 2692 5177 2816 5216; x_wconf 90' lang='lat' dir='ltr'><strong>cum</strong></span> <span class='ocrx_word' id='word_1_810' title='bbox 2845 5178 2946 5218; x_wconf 88' lang='lat' dir='ltr'><strong>suo</strong></span> <span class='ocrx_word' id='word_1_811' title='bbox 2968 5162 3203 5218; x_wconf 87' lang='lat' dir='ltr'><strong>Domino</strong></span> <span class='ocrx_word' id='word_1_812' title='bbox 3241 5164 3295 5218; x_wconf 93' lang='lat' dir='ltr'><strong>in</strong></span> <span class='ocrx_word' id='word_1_813' title='bbox 3323 5148 3507 5219; x_wconf 65' lang='lat' dir='ltr'><strong>idtum</strong></span> <span class='ocrx_word' id='word_1_814' title='bbox 3534 5165 3629 5235; x_wconf 41' lang='lat' dir='ltr'><strong>jus</strong></span> 
     </span>
    </p>
   </div>
   <div class='ocr_carea' id='block_1_107' title="bbox 2053 5250 3659 5320">
    <p class='ocr_par' dir='ltr' id='par_1_107' title="bbox 2053 5250 3659 5320">
     <span class='ocr_line' id='line_1_107' title="bbox 2053 5250 3659 5320; baseline 0.004 -14"><span class='ocrx_word' id='word_1_815' title='bbox 2053 5250 2197 5307; x_wconf 88' lang='lat' dir='ltr'><strong>dicio</strong></span> <span class='ocrx_word' id='word_1_816' title='bbox 2242 5253 2498 5320; x_wconf 86' lang='lat' dir='ltr'><strong>aderunt,</strong></span> <span class='ocrx_word' id='word_1_817' title='bbox 2527 5264 2579 5309; x_wconf 83' lang='lat' dir='ltr'><strong>et</strong></span> <span class='ocrx_word' id='word_1_818' title='bbox 2625 5256 2866 5312; x_wconf 87' lang='lat' dir='ltr'><strong>sermoni</strong></span> <span class='ocrx_word' id='word_1_819' title='bbox 2892 5258 3318 5313; x_wconf 87' lang='lat' dir='ltr'><strong>attestahuntur.</strong></span> <span class='ocrx_word' id='word_1_820' title='bbox 3358 5256 3524 5313; x_wconf 83' lang='lat' dir='ltr'><strong>Moris</strong></span> <span class='ocrx_word' id='word_1_821' title='bbox 3546 5264 3659 5313; x_wconf 64' lang='lat' dir='ltr'><strong>est.</strong></span> 
     </span>
    </p>
   </div>
   <div class='ocr_carea' id='block_1_108' title="bbox 2055 5347 3629 5423">
    <p class='ocr_par' dir='ltr' id='par_1_108' title="bbox 2055 5347 3629 5423">
     <span class='ocr_line' id='line_1_108' title="bbox 2055 5347 3629 5423; baseline 0.005 -26"><span class='ocrx_word' id='word_1_822' title='bbox 2055 5354 2235 5401; x_wconf 82' lang='lat' dir='ltr'><strong>autem</strong></span> <span class='ocrx_word' id='word_1_823' title='bbox 2265 5347 2430 5402; x_wconf 88' lang='lat' dir='ltr'><strong>etiam</strong></span> <span class='ocrx_word' id='word_1_824' title='bbox 2465 5349 2627 5406; x_wconf 88' lang='lat' dir='ltr'><strong>nobis</strong></span> <span class='ocrx_word' id='word_1_825' title='bbox 2666 5360 2718 5406; x_wconf 91' lang='lat' dir='ltr'><strong>ct</strong></span> <span class='ocrx_word' id='word_1_826' title='bbox 2752 5351 3064 5408; x_wconf 85' lang='lat' dir='ltr'><strong>eminentes</strong></span> <span class='ocrx_word' id='word_1_827' title='bbox 3095 5361 3150 5406; x_wconf 91' lang='lat' dir='ltr'><strong>et</strong></span> <span class='ocrx_word' id='word_1_828' title='bbox 3189 5352 3479 5408; x_wconf 78' lang='lat' dir='ltr'><strong>inferiores</strong></span> <span class='ocrx_word' id='word_1_829' title='bbox 3502 5366 3629 5423; x_wconf 83' lang='lat' dir='ltr'><strong>per-</strong></span> 
     </span>
    </p>
   </div>
   <div class='ocr_carea' id='block_1_109' title="bbox 2054 5441 3629 5515">
    <p class='ocr_par' dir='ltr' id='par_1_109' title="bbox 2054 5441 3629 5515">
     <span class='ocr_line' id='line_1_109' title="bbox 2054 5441 3629 5515; baseline 0.004 -23"><span class='ocrx_word' id='word_1_830' title='bbox 2054 5453 2219 5493; x_wconf 87' lang='lat' dir='ltr'><strong>sonas</strong></span> <span class='ocrx_word' id='word_1_831' title='bbox 2254 5441 2309 5495; x_wconf 91' lang='lat' dir='ltr'><strong>in</strong></span> <span class='ocrx_word' id='word_1_832' title='bbox 2366 5450 2533 5499; x_wconf 86' lang='lat' dir='ltr'><strong>testes</strong></span> <span class='ocrx_word' id='word_1_833' title='bbox 2593 5459 2829 5500; x_wconf 88' lang='lat' dir='ltr'><strong>sumere.</strong></span> <span class='ocrx_word' id='word_1_834' title='bbox 2878 5444 3055 5515; x_wconf 82' lang='lat' dir='ltr'><strong>Atque</strong></span> <span class='ocrx_word' id='word_1_835' title='bbox 3100 5445 3202 5501; x_wconf 88' lang='lat' dir='ltr'><strong>hoc</strong></span> <span class='ocrx_word' id='word_1_836' title='bbox 3247 5448 3407 5501; x_wconf 72' lang='lat' dir='ltr'><strong>modo</strong></span> <span class='ocrx_word' id='word_1_837' title='bbox 3461 5442 3629 5501; x_wconf 82' lang='lat' dir='ltr'><strong>Jacob</strong></span> 
     </span>
    </p>
   </div>
   <div class='ocr_carea' id='block_1_110' title="bbox 2055 5529 3641 5605">
    <p class='ocr_par' dir='ltr' id='par_1_110' title="bbox 2055 5529 3641 5605">
     <span class='ocr_line' id='line_1_110' title="bbox 2055 5529 3641 5605; baseline 0.007 -22"><span class='ocrx_word' id='word_1_838' title='bbox 2055 5537 2113 5585; x_wconf 87' lang='lat' dir='ltr'><strong>et</strong></span> <span class='ocrx_word' id='word_1_839' title='bbox 2166 5529 2333 5587; x_wconf 88' lang='lat' dir='ltr'><strong>Deum</strong></span> <span class='ocrx_word' id='word_1_840' title='bbox 2388 5541 2443 5589; x_wconf 84' lang='lat' dir='ltr'><strong>et</strong></span> <span class='ocrx_word' id='word_1_841' title='bbox 2496 5538 2765 5591; x_wconf 87' lang='lat' dir='ltr'><strong>tumulum</strong></span> <span class='ocrx_word' id='word_1_842' title='bbox 2815 5539 2931 5592; x_wconf 88' lang='lat' dir='ltr'><strong>sive</strong></span> <span class='ocrx_word' id='word_1_843' title='bbox 2973 5553 3227 5594; x_wconf 76' lang='lat' dir='ltr'><strong>acervum</strong></span> <span class='ocrx_word' id='word_1_844' title='bbox 3275 5536 3517 5605; x_wconf 81' lang='lat' dir='ltr'><strong>lapidum</strong></span> <span class='ocrx_word' id='word_1_845' title='bbox 3569 5537 3641 5594; x_wconf 77' lang='grc' dir='ltr'><strong>ὶῐι</strong></span> 
     </span>
    </p>
   </div>
   <div class='ocr_carea' id='block_1_111' title="bbox 2052 5624 3621 5699">
    <p class='ocr_par' dir='ltr' id='par_1_111' title="bbox 2052 5624 3621 5699">
     <span class='ocr_line' id='line_1_111' title="bbox 2052 5624 3621 5699; baseline 0.006 -26"><span class='ocrx_word' id='word_1_846' title='bbox 2052 5627 2247 5676; x_wconf 85' lang='lat' dir='ltr'><strong>testem</strong></span> <span class='ocrx_word' id='word_1_847' title='bbox 2296 5625 2527 5679; x_wconf 86' lang='lat' dir='ltr'><strong>assumit</strong></span> <span class='ocrx_word' id='word_1_848' title='bbox 2561 5624 2624 5680; x_wconf 67' lang='lat'><strong>“.</strong></span> <span class='ocrx_word' id='word_1_849' title='bbox 2692 5644 2711 5677; x_wconf 86' lang='grc' dir='ltr'><strong>ι</strong></span> <span class='ocrx_word' id='word_1_850' title='bbox 2746 5624 2813 5680; x_wconf 83' lang='grc' dir='ltr'><strong>Ει</strong></span> <span class='ocrx_word' id='word_1_851' title='bbox 2848 5627 3150 5682; x_wconf 86' lang='lat' dir='ltr'><strong>electorum</strong></span> <span class='ocrx_word' id='word_1_852' title='bbox 3208 5627 3550 5699; x_wconf 86' lang='lat' dir='ltr'><strong>angelorum.</strong></span> <span class='ocrx_word' id='word_1_853' title='bbox 3603 5646 3621 5675; x_wconf 61' lang='grc' dir='ltr'><strong>ι</strong></span> 
     </span>
    </p>
   </div>
   <div class='ocr_carea' id='block_1_112' title="bbox 2054 5711 3645 5794">
    <p class='ocr_par' dir='ltr' id='par_1_112' title="bbox 2054 5711 3645 5794">
     <span class='ocr_line' id='line_1_112' title="bbox 2054 5711 3645 5794; baseline 0.009 -29"><span class='ocrx_word' id='word_1_854' title='bbox 2054 5711 2202 5769; x_wconf 83' lang='lat' dir='ltr'><strong>Dixit</strong></span> <span class='ocrx_word' id='word_1_855' title='bbox 2235 5724 2416 5772; x_wconf 86' lang='lat' dir='ltr'><strong>autem</strong></span> <span class='ocrx_word' id='word_1_856' title='bbox 2440 5719 2643 5774; x_wconf 85' lang='lat' dir='ltr'><strong>electos</strong></span> <span class='ocrx_word' id='word_1_857' title='bbox 2677 5719 2921 5787; x_wconf 74' lang='lat' dir='ltr'><strong>angelos,</strong></span> <span class='ocrx_word' id='word_1_858' title='bbox 2955 5719 3083 5792; x_wconf 83' lang='lat' dir='ltr'><strong>quia</strong></span> <span class='ocrx_word' id='word_1_859' title='bbox 3112 5719 3645 5794; x_wconf 61' lang='lat' dir='ltr'><strong>daemonesquortuer</strong></span> 
     </span>
    </p>
   </div>
   <div class='ocr_carea' id='block_1_113' title="bbox 446 5868 3085 5975">
    <p class='ocr_par' dir='ltr' id='par_1_113' title="bbox 446 5868 3085 5975">
     <span class='ocr_line' id='line_1_113' title="bbox 446 5868 3085 5975; baseline 0.013 -50"><span class='ocrx_word' id='word_1_860' title='bbox 446 5868 489 5902; x_wconf 67' lang='lat'><strong>“</strong></span> <span class='ocrx_word' id='word_1_861' title='bbox 528 5870 686 5932; x_wconf 82' lang='lat' dir='ltr'><strong>Joan.</strong></span> <span class='ocrx_word' id='word_1_862' title='bbox 713 5890 768 5945; x_wconf 73' lang='grc' dir='ltr'><strong>ι,</strong></span> <span class='ocrx_word' id='word_1_863' title='bbox 812 5878 896 5935; x_wconf 66' lang='grc'><strong>11.</strong></span> <span class='ocrx_word' id='word_1_864' title='bbox 974 5880 1210 5940; x_wconf 76' lang='lat' dir='ltr'><strong>“Exod.</strong></span> <span class='ocrx_word' id='word_1_865' title='bbox 1257 5888 1417 5957; x_wconf 69' lang='lat' dir='ltr'><strong>Xtv,l</strong></span> <span class='ocrx_word' id='word_1_866' title='bbox 1458 5902 1611 5964; x_wconf 82' lang='lat' dir='ltr'><strong>seqq.</strong></span> <span class='ocrx_word' id='word_1_867' title='bbox 1691 5890 1738 5926; x_wconf 74' lang='lat'>“</span> <span class='ocrx_word' id='word_1_868' title='bbox 1772 5893 1907 5953; x_wconf 86' lang='lat' dir='ltr'><strong>Dan.</strong></span> <span class='ocrx_word' id='word_1_869' title='bbox 1940 5913 2014 5967; x_wconf 87' lang='lat' dir='ltr'><strong>tv,</strong></span> <span class='ocrx_word' id='word_1_870' title='bbox 2054 5896 2072 5952; x_wconf 86' lang='grc'><strong>1</strong></span> <span class='ocrx_word' id='word_1_871' title='bbox 2113 5914 2267 5973; x_wconf 76' lang='lat' dir='ltr'><strong>seqq.</strong></span> <span class='ocrx_word' id='word_1_872' title='bbox 2352 5902 2390 5934; x_wconf 57' lang='grc' dir='ltr'><strong>θ’</strong></span> <span class='ocrx_word' id='word_1_873' title='bbox 2425 5903 2560 5960; x_wconf 81' lang='lat' dir='ltr'><strong>Gen.</strong></span> <span class='ocrx_word' id='word_1_874' title='bbox 2617 5918 2766 5971; x_wconf 77' lang='lat' dir='ltr'><strong>xui,</strong></span> <span class='ocrx_word' id='word_1_875' title='bbox 2819 5903 2885 5959; x_wconf 63' lang='lat'><em>46</em></span> <span class='ocrx_word' id='word_1_876' title='bbox 2928 5918 3085 5975; x_wconf 59' lang='lat' dir='ltr'><strong>seqq.</strong></span> 
     </span>
    </p>
   </div>
  </div>
