3918 6594
388 406 493 472 I83

1447 426 1850 487 ECUMENII
1880 429 2176 490 ΤΗΙΕΟίΕ
2202 431 2545 492 EPISCOPI

375 526 504 575 sunt
546 522 746 593 angeli,
777 524 872 581 sed
911 531 1155 600 reprobi.
1194 562 1266 574 —
1289 533 1472 591 Aliud.
1503 535 1611 591 Aut
1640 536 1689 592 id
1723 538 1869 608 quod
1903 554 1954 594 re

2073 545 2280 598 Ἄλλο.
2316 541 2658 617 [ΟΙΚΟΥΜ.]
2689 543 2758 595 Ἦ
2791 542 2853 594 τι
2883 540 2944 593 δν
2966 535 3145 605 εἶπεν,
3205 539 3238 612 ἢ
3306 541 3443 613 πρὸς
3496 544 3652 597 ἀντι..

373 627 503 668 vera
533 623 674 679 erat,
707 616 863 685 dixit,
899 631 991 676 aut
1015 624 1080 678 ad
1122 625 1425 683 discrimen
1456 628 1809 698 rejecmrum.
1840 653 1857 684 ι
1891 631 1960 687 Ut

376 707 490 764 haec
512 725 701 768 serves
735 713 857 771 sine
889 719 1556 793 precipitationejudicii.
1602 741 1621 775 ι
1657 723 1805 791 Haec,
1832 736 1961 796 puta

370 818 493 873 quae
530 805 688 861 dixit.
726 807 861 865 Siue
906 813 1339 883 praecipitatione
1393 815 1619 886 judicii,
1662 819 1711 873 id
1749 828 1856 885 est,
1902 829 1961 873 ut

374 894 516 951 nihil
542 913 737 953 eorum
773 918 894 971 quae
925 904 1069 959 dicta
1129 914 1258 960 sunt
1309 912 1512 964 temere
1549 919 1602 965 et
1640 911 1961 982 impruden-

373 998 456 1043 ter
505 1005 570 1045 ac
627 1007 735 1047 nou
777 1008 1053 1063 praeeunte
1086 997 1295 1067 judicio
1343 1008 1439 1055 aut
1472 1003 1706 1059 consilio
1763 1003 1957 1061 facias.

377 1100 399 1133 ς
419 1079 582 1137 Juxta
620 1087 1037 1153 propensionem
1073 1091 1425 1149 animialloc
1449 1102 1554 1161 est,
1591 1111 1656 1150 ex
1684 1112 1956 1166 praesum-

373 1175 576 1245 ptione.
604 1178 767 1250 25,2
803 1178 1086 1251 Siquidem
1124 1189 1579 1257 praesumptiones
1640 1190 1963 1262 frequenter

370 1269 752 1326 destituuntur
783 1274 1030 1329 veritate.
1064 1274 1161 1330 Est
1192 1277 1337 1331 enim
1368 1280 1711 1353 πρόσκλησις
1735 1283 1958 1338 affecta-

368 1361 465 1428 tio,
493 1378 614 1433 qua:
648 1364 884 1435 aliquem
919 1380 1179 1436 provocat
1202 1370 1269 1424 ad
1296 1371 1576 1442 quidpiam
1611 1374 1960 1445 sinejudicio

371 1454 703 1512 faciendum.
739 1477 758 1510 ι
790 1458 920 1513 Sine
947 1462 1386 1532 praecipitatione
1413 1466 1629 1535 judicii.
1656 1486 1677 1520 ι
1706 1467 1959 1526 Clemens

366 1552 604 1621 septimo
638 1552 1095 1622 quormationum
1130 1559 1268 1615 libro
1309 1561 1565 1631 intelligit
1609 1563 1783 1633 χωρὶς
1821 1582 1957 1635 προσ

366 1644 658 1715 κρίματος,
716 1646 819 1701 hoc
865 1656 971 1714 est,
1016 1666 1217 1708 carens
1254 1667 1322 1706 ne
1382 1653 1447 1707 ad
1486 1654 1691 1724 aliquid
1757 1656 1961 1727 impin-

366 1736 567 1802 geudo,
595 1737 909 1808 subjiciaris
942 1740 1156 1810 judicio
1203 1751 1256 1798 et
1286 1744 1481 1800 ultioni
1542 1745 1954 1803 inobedientias.

368 1828 607 1884 Sanctus
647 1841 828 1887 autem
866 1832 1104 1889 Basilius
1138 1836 1194 1890 in
1230 1837 1686 1907 interpretatione
1720 1842 1956 1909 parabo-

2063 634 2351 706 διαστολὴν
2374 636 2484 689 τῶν
2511 635 2948 707 ἀπορριφέντων.
2991 652 3011 685 ι
3048 634 3170 687 Ἵνα
3208 634 3383 688 ταῦτα
3411 634 3654 708 φυλάξῃς

2064 728 2234 797 χωρὶς
2263 727 2660 797 προκρίματος.
2704 746 2723 779 ι
2764 726 2953 780 Ταῦτα
2979 725 3079 795 μὲν
3102 725 3248 797 ἅπερ
3276 726 3494 799 εἴρηκε.
3523 730 3653 783 Χω-

2068 820 2152 890 pl;
2203 819 2260 873 δὲ
2287 821 2688 893 προκρίματος,
2723 820 2993 887 τουτέστι,
3052 819 3222 890 χωρὶς
3247 821 3341 874 τοῦ
3365 824 3653 893 προπετῶς

2062 928 2116 962 τι
2143 912 2237 964 καὶ¹
2274 912 2459 977 ἁπλῶς
2486 915 2579 967 καὶ
2612 914 2737 983 δίχα
2768 914 3108 983 κεκριμένης
3144 912 3345 983 βουλῆς
3372 915 3655 983 πρᾶξαίτι

2065 1002 2124 1054 ἐν
2153 1005 2268 1066 τοῖς
2293 1005 2627 1075 εἰρημένοις.
2658 1027 2677 1056 ι
2719 1002 2877 1057 Κατὰ
2909 1004 3270 1074 πρόσκλησιν,
3296 1023 3315 1057 ι
3352 999 3485 1071 οἷον,
3506 1007 3652 1060 κατά

2065 1095 2353 1165 πρόληψιν.
2381 1099 2444 1150 Ai
2478 1098 2586 1167 γὰρ
2616 1097 2916 1167 προλήψεις
2941 1096 3204 1161 πολλάκις
3235 1098 3336 1152 οὐκ
3371 1097 3557 1168 ἔχουσι
3588 1100 3653 1153 τὸ

2064 1187 2282 1259 ἀληθές.
2342 1190 2733 1257 Πρόσκλησις
2750 1192 2858 1262 γάρ
2893 1191 3062 1257 ἐστιν,
3119 1192 3153 1261 ἡ
3194 1191 3651 1261 προκαλούμενον

2062 1296 2183 1334 τινα
2217 1280 2333 1333 τόδε
2362 1297 2417 1335 τι
2472 1283 2700 1352 ποιῆσαι
2739 1282 2863 1353 δίχα
2915 1282 3174 1353 κρίσεως.
3225 1301 3243 1335 ι
3280 1283 3468 1355 Χωρὶς
3525 1302 3652 1355 προσ

2063 1372 2352 1444 κρίματος.
2395 1392 2413 1426 ι
2456 1368 2585 1428 Οίον
2634 1374 2766 1429 ἄνευ
2790 1374 2886 1429 τοῦ
2922 1376 3001 1438 είς
3051 1392 3107 1429 τι
3134 1375 3443 1429 πταίσαντα
3506 1376 3646 1431 ὑπο-

2061 1468 2250 1520 πεσεῖν
2303 1470 2370 1538 τῇ
2433 1466 2613 1537 κρίσει
2649 1468 2744 1522 καὶ
2795 1471 2861 1539 τῇ
2907 1468 3008 1539 τῆς
3058 1468 3344 1539 παρακοῆς
3392 1467 3647 1523 κολάσει.

2062 1556 2250 1622 Οὖτως
2282 1560 2309 1611 ὁ
2346 1560 2579 1631 Κλήμης
2621 1560 2677 1613 ἐν
2705 1559 2925 1631 ἑϐδόμῳ
2955 1558 3447 1614 Ὺποτυπώσεων.
3495 1558 3554 1613 ’0
3591 1560 3651 1613 δὲ

2060 1651 2119 1703 ὲν
2140 1651 2316 1718 ἁγίοις
2346 1650 2648 1714 Βασίλειος,
2676 1652 2735 1704 ἐν
2759 1654 2826 1721 τῇ
2861 1650 3132 1722 ἑρμηνείᾳ
3160 1649 3271 1703 τῶν
3326 1648 3651 1721 Παροιμιῶν

2060 1759 2219 1812 φησι,
2256 1743 2413 1796 Κατὰ
2443 1743 2792 1813 πρόσκλισιν,
2819 1735 2931 1797 οἷον
2963 1741 3039 1814 μὴ
3081 1740 3500 1811 ὲπικλινόμενος
3562 1743 3647 1805 εἰς

2062 1836 2123 1889 τὸ
2166 1836 2239 1907 μὴ
2268 1836 2447 1907 ὀρθὸν,
2487 1837 2607 1890 ἀλλ’
2636 1837 2856 1890 εὐθεῖαν
2884 1836 2985 1908 τὴν
3006 1836 3189 1906 κρίσιν
3211 1834 3485 1905 ἐκφέρων.
3507 1834 3653 1902 Φησὶ

365 1917 544 1976 larum
606 1924 729 1980 ait:
778 1924 897 1981 Non
952 1921 1260 1983 secundum
1322 1903 1743 1985 acclinatimtem
1799 1932 1954 2002 (legit

2066 1903 2176 2000 γὰρ
2192 1903 2365 1991 ebrio;
2383 1944 2397 1959 ο
2419 1928 2604 1997 Μηδὲν
2634 1928 2804 1982 ποιῶν
2829 1903 2969 1982 κατα
3005 1903 3363 1998 πρόσκλισιν,
3389 1923 3505 1980 ἀλλ’
3564 1922 3653 1976 εὑ-

365 2013 513 2069 enim
538 2014 860 2085 πρόσκλισιν
892 2035 988 2090 per
1028 2021 1183 2090 ἰῶτα)
1218 2021 1271 2075 id
1296 2031 1401 2087 est,
1441 2036 1548 2076 non
1573 2021 1858 2077 declinans
1885 2023 1951 2077 ad

365 2105 419 2159 id
451 2108 594 2178 quod
627 2122 835 2168 reetum
877 2130 989 2171 non
1041 2127 1148 2180 est.
1185 2116 1278 2173 sed
1333 2124 1541 2172 rectum
1574 2115 1758 2172 ferens
1799 2116 2092 2186 judicium.
2130 2116 2208 2170 Ita
2250 2117 2396 2171 enim
2465 2117 2599 2172 dicit
2637 2135 2653 2175 :
2698 2115 2842 2171 Nihil
2895 2115 3104 2172 faciens

2064 2020 2214 2084 θείας
2237 2019 2331 2074 καὶ
2364 2021 2759 2092 ἀδιαστρόφους
2778 2021 3029 2091 ἐκφέρων
3059 2020 3161 2084 τὰς
3197 2021 3430 2091 κρίσεις.

3187 2111 3488 2170 secundum
3557 2123 3654 2163 ao-

364 2201 745 2273 clinationem,
805 2209 900 2263 sed
953 2221 1103 2265 recta
1151 2222 1205 2266 et
1260 2225 1370 2265 non
1436 2226 1702 2281 perversa
1764 2210 1949 2266 ferens
1986 2209 2217 2281 judicia.

964 2300 1189 2357 CAPUT
1214 2302 1351 2358 XIII.

876 2392 948 2449 De
993 2407 1152 2450 cauta
1193 2398 1458 2468 electione.

434 2476 501 2547 ν,
525 2481 716 2537 22-23.
746 2481 942 2540 Manus
975 2489 1080 2540 cito
1098 2490 1295 2542 nemini
1319 2492 1582 2554 imponas.
1621 2506 1781 2561 neque
1812 2508 1953 2544 cout-

365 2574 601 2627 munica:
629 2579 864 2641 peccatis
917 2578 1128 2634 alienis.
1163 2578 1520 2645 Temetipsum
1545 2593 1750 2637 castum
1776 2599 1949 2637 serva.

368 2664 452 2720 Ne
497 2668 720 2736 posthac
764 2669 912 2725 bibas
961 2688 1177 2742 nquam,
1237 2674 1327 2728 sed
1378 2673 1585 2729 modico
1634 2686 1780 2730 utere
1830 2678 1952 2731 vino

366 2772 581 2828 propter
625 2766 961 2820 stomachum
1010 2776 1161 2821 tuum
1209 2777 1259 2822 ct
1306 2772 1521 2824 crebras
1563 2779 1681 2825 tuas
1731 2771 1954 2840 inﬁrmi-

366 2863 524 2908 tates.

440 2944 517 3002 De
545 2946 919 3005 electionibus
952 2952 1119 3008 etiam
1170 2954 1421 3021 disserit,
1459 2972 1583 3010 nam
1639 2958 1706 3012 ad
1737 2958 1956 3028 episco-

366 3054 493 3108 pum
556 3041 864 3099 scribebat.
907 3043 1065 3109 Quod
1119 3045 1250 3100 ait:
1302 3045 1444 3115 Cito,
1485 3048 1539 3103 id
1592 3055 1696 3114 est,
1752 3064 1863 3104 non
1921 3064 1952 3104 a

366 3133 540 3203 prima
570 3144 665 3190 aut
693 3137 865 3191 altera
898 3138 1083 3193 statim
1116 3138 1496 3211 inquisitione.
1572 3142 1667 3198 sed
1722 3142 1813 3198 ubi
1843 3142 1953 3198 fre—

362 3232 602 3295 quenter
634 3241 699 3280 ac
732 3226 1024 3298 diligenter
1072 3230 1413 3301 inquisieris.
1439 3252 1457 3285 ι
1481 3230 1667 3304 Neque
1697 3249 1951 3289 commu-

364 3317 522 3374 nices
559 3320 803 3389 peccatis
838 3320 1068 3378 alienis:
1108 3341 1128 3375 ›
1164 3325 1448 3394 indignum
1498 3306 1698 3397 p'opulo
1738 3327 1953 3398 episco-

2660 2307 2909 2359 ΚΕΦΑΛ.
2949 2305 3047 2360 ῘΓ.

2394 2398 2534 2467 Περὶ
2564 2399 2934 2469 χειροτονίας
2957 2397 3301 2467 ἀσφαλοῦς.

2130 2491 2341 2559 Χεῖρας
2392 2493 2607 2561 ταχέως
2632 2491 2846 2561 μηδενὶ
2875 2491 3141 2553 ἐπιτίθει,
3172 2488 3332 2560 μηδὲ
3373 2486 3663 2543 κοινώνει

2058 2584 2372 2654 ἁμαρτίαις
2392 2585 2759 2654 ἀλλοτρίαις.
2786 2583 3052 2638 Σεαυτὸν
3093 2582 3283 2652 ἁγνὸν
3309 2579 3493 2648 τήρει.
3518 2582 3651 2645 Μη-

2059 2676 2183 2731 κέτι
2212 2677 2548 2746 ὑδροπότει,
2569 2678 2706 2731 ἀλλ’
2735 2677 2879 2743 οϊνῳ
2902 2675 3086 2744 ὀλίγῳ
3111 2674 3232 2743 χρῶ
3256 2673 3354 2727 διὰ
3378 2671 3486 2726 τὸν
3506 2670 3652 2726 στό-

2051 2769 2252 2839 μαχόν
2280 2786 2396 2823 σου
2428 2769 2523 2823 καὶ
2555 2767 2659 2834 τὰς
2690 2766 2927 2832 ,πυκνάς
2951 2782 3069 2821 σου
3104 2765 3447 2831 ἀσθενείας.

2131 2959 2243 3011 Καὶ
2294 2958 2424 3029 περὶ
2478 2957 2824 3029 χειροτονιῶν
2876 2955 3262 3023 διαλαμϐάνει.
3323 2952 3654 3025 Ἐπισκόπῳ

2060 3049 2168 3120 γὰρ
2226 3050 2457 3119 ἔγραφε.
2509 3049 2583 3101 Τὸ
2613 3048 2691 3114 δὲ,
2723 3047 2969 3118 Ταχέως,
3003 3043 3137 3109 οἷον,
3192 3045 3266 3116 μὴ
3320 3047 3384 3098 ἐκ
3420 3045 3648 3116 πρώτης

2060 3142 2384 3212 δοκιμασίας
2414 3141 2445 3211 ἢ
2470 3142 2753 3212 δευτέρας,
2782 3122 2921 3195 ἀλλὰ
2957 3139 3221 3203 πολλάκις
3257 3138 3520 3204 ἐξετάσας
3546 3139 3648 3190 καὶ

2061 3233 2328 3305 ἀκριϐῶς.
2359 3254 2377 3286 ι
2406 3234 2555 3304 Μηδὲ
2591 3233 2838 3287 κοινώνει
2900 3232 3198 3304 ἁμαρτίαις
3250 3229 3578 3301 ἀλλοτρίαιςο
3622 3248 3644 3281 ι

2061 3328 2151 3379 τον
2179 3327 2420 3394 ἀνάξιον,
2453 3326 2583 3379 λαοῦ
2616 3326 2976 3396 μυσταγωγὸν
3006 3321 3394 3396 προχειρίζων.
3432 3340 3449 3372 ι
3474 3322 3642 3376 Σεαυ-

364 3424 494 3474 pum
539 3409 867 3479 pmﬂciens.
931 3429 951 3463 ι
1007 3409 1386 3484 'l'emetipsum
1430 3425 1647 3471 castum
1698 3433 1875 3473 serva.
1927 3438 1947 3470 ι

2066 3418 2151 3473 τὸν
2185 3417 2346 3487 ἁγνὸν
2383 3419 2564 3489 τήρει.
2600 3437 2619 3471 ι
2660 3419 2796 3489 Περὶ
2842 3417 3199 3489 σωφροσύνης
3247 3414 3396 3485 αὑτῷ
3426 3431 3649 3484 παραγ-

366 3498 444 3554 De
475 3502 839 3572 temperantia
866 3502 917 3556 ei
942 3506 1213 3574 praecipit.
1233 3505 1389 3572 Quod
1413 3506 1461 3563 si
1488 3507 1603 3563 haec
1621 3508 1816 3564 scribit
1835 3510 1956 3565 viro

365 3590 505 3647 adeo
544 3608 665 3648 sese
691 3592 921 3663 jejuniis
942 3602 995 3649 et
1029 3609 1185 3663 aqua:
1218 3607 1347 3666 potu
1370 3599 1713 3666 extenuanti,
1750 3608 1807 3653 ut
1830 3600 1955 3655 inde

364 3680 533 3736 etiam
570 3690 889 3750 aegrotaret,
926 3683 1057 3753 quid
1080 3700 1181 3739 nos
1218 3684 1399 3741 facere
1421 3695 1661 3757 oportet,
1692 3698 1786 3742 alit
1816 3706 1956 3760 quo—

367 3785 492 3826 nam
518 3772 682 3828 modo
711 3772 1053 3829 observare?
1086 3794 1104 3827 ι
1139 3774 1216 3830 Ne
1242 3776 1472 3846 posthac
1492 3779 1647 3835 bibas
1676 3782 1948 3851 aquaam}.

365 3862 434 3918 Et
470 3881 645 3936 quare
675 3864 881 3921 Paulus
921 3881 1029 3921 non
1057 3869 1288 3924 sanabat
1311 3868 1433 3939 ejus
1464 3873 1835 3937 stomachum,
1859 3874 1950 3943 qui

367 3961 684 4028 corporales
717 3959 884 4013 etiam
919 3960 1188 4015 sanitates
1232 3963 1585 4031 operabatur,
1645 3964 1741 4019 sed
1790 3964 1950 4020 diaata

369 4051 487 4106 vult
530 4068 655 4106 eum
705 4052 932 4107 sanari?
965 4050 1033 4107 Ut
1097 4066 1515 4110 monumentum
1560 4057 1719 4113 nobis
1762 4057 1949 4123 fieret,

367 4160 436 4201 ne
464 4143 625 4201 facile
646 4144 1073 4214 oli'enderemur,
1111 4147 1159 4203 si
1187 4148 1343 4219 probi
1369 4148 1471 4205 viri
1502 4151 1950 4207 intlrmareutur:

369 4246 423 4293 et
471 4250 531 4293 ut
578 4238 697 4309 ipse
739 4238 1066 4295 Timotheus
1108 4255 1204 4311 per
1248 4241 1631 4312 aegritudinem
1671 4244 1727 4298 iu
1776 4243 1955 4300 oilicio

368 4332 773 4399 contineretur,
809 4348 877 4387 ne
904 4334 1243 4404 superbiret.
1279 4334 1526 4406 Denique
1558 4346 1611 4391 ut
1640 4353 1740 4393 nos
1776 4339 1954 4393 scire-

370 4440 492 4480 mus
531 4425 680 4496 quod
733 4440 862 4480 cum
898 4425 1146 4495 eiusdem
1180 4427 1467 4484 nobiscum
1495 4440 1681 4484 essent
1718 4438 1951 4494 natura,

369 4517 511 4574 bona
543 4519 633 4575 illa
663 4534 829 4590 opera
852 4519 1186 4575 exercebant
1213 4537 1336 4591 qua:
1364 4521 1641 4577 faciebant
1666 4538 1678 4574 :
1704 4522 1955 4592 quando-

369 4613 593 4683 quidem
624 4613 804 4686 potuit
830 4629 955 4667 eum
984 4613 1190 4668 Paulus
1219 4616 1378 4668 unica
1408 4630 1571 4685 prece
1602 4630 1819 4681 sanare,
1858 4616 1953 4670 sed

2056 3512 2258 3581 γέλλει.
2287 3510 2348 3564 Εἰ
2376 3511 2431 3565 δὲ
2463 3512 2617 3583 ἀνδρὶ
2640 3512 2913 3581 νηστείαις
2944 3512 3038 3564 καὶ
3070 3510 3421 3580 ὑδροποσίαις
3448 3507 3651 3562 ἑαυτὸν

2058 3606 2369 3676 ὲκτήκοντι,
2398 3605 2474 3669 ὡς
2525 3604 2713 3658 λοιπὸν
2760 3605 2852 3657 καὶ
2878 3603 3149 3667 ἀσθενεῖν,
3191 3602 3394 3672 γράφει
3438 3599 3646 3665 ταῦτα,

2055 3695 2109 3748 τί
2155 3696 2301 3765 ἡμᾶς
2370 3695 2475 3767 χρὴ
2539 3697 2749 3761 ποιεῖνς
2809 3693 2845 3765 ἢ
2906 3694 3024 3759 πῶς
3072 3692 3647 3765 παραφυλάττεσθαις

2069 3804 2089 3838 ι
2118 3786 2335 3857 Μηκέτι
2393 3786 2699 3857 ὑδροπότει.
2740 3807 2759 3838 ι
2794 3787 2859 3839 Τί
2893 3785 3093 3857 δήποτε
3134 3787 3207 3856 μὴ
3261 3785 3502 3857 ἔρρωσεν
3537 3785 3648 3839 αὒ-

2060 3879 2155 3933 τοῧ
2186 3878 2280 3933 τὸν
2308 3881 2580 3949 στόμαχον
2612 3880 2639 3933 ὀ
2662 3878 2897 3942 Παῦλος,
2952 3878 3010 3943 ὃς
3038 3878 3135 3932 καὶ
3173 3875 3398 3930 ἀπὸτοῦ
3429 3876 3649 3947 χρωτὸς

2060 3967 2232 4030 ἰάσεις
2293 3967 2590 4033 ἐπετέλει,
2646 3967 2784 4021 ἀλλὰ
2840 3967 3022 4040 διαίτῃ
3082 3966 3246 4021 αὑτὸν
3298 3965 3647 4037 θεραπεῦσαι

2059 4055 2310 4128 βούλεται
2333 4072 2349 4122 ;
2376 4057 2493 4110 Ἵνα
2529 4058 2896 4129 ὑπογραμμδς
2937 4059 3072 4127 ἡμῖν
3099 4058 3329 4129 γένηται
3367 4057 3441 4128 μὴ
3475 4072 3655 4109 σκαν-

2055 4150 2367 4235 δαλίζεσθαι
2434 4151 2706 4224 ὲναρὲτων
2744 4151 3141 4215 ἀσθενούντων,
3191 4152 3287 4206 καὶ
3314 4151 3400 4204 ἵνα
3424 4148 3592 4211 αὐτὸς
3619 4150 3654 4201 ὁ

2057 4243 2321 4318 Τιμόθεος
2356 4246 2788 4316 καταστέλληται
2838 4247 2904 4316 τῇ
2936 4246 3079 4316 νόσῳ
3111 4244 3173 4297 τὸ
3210 4244 3490 4315 φρόνημα,
3551 4240 3653 4294 καὶ

2056 4340 2143 4393 ἵνα
2169 4338 2389 4408 γνῶμεν
2412 4339 2593 4409 ἡμεῖς,
2624 4337 2707 4390 ὅτι
2729 4337 2832 4407 τῆς
2857 4336 3029 4407 αὐτῆς
3075 4337 3207 4407 ἡμῖν
3232 4335 3444 4404 φύσεως
3467 4334 3649 4397 ὄντες,

2056 4429 2377 4501 κατώρθουν
2425 4428 2461 4484 ἃ
2526 4428 2863 4501 κατώρθουν.
2929 4427 3084 4482 Ἐπεὶ
3106 4429 3292 4499 ἴσχυεν
3321 4427 3350 4481 ὁ
3405 4425 3651 4489 Παῦλος,

2060 4523 2158 4594 μιᾷ
2184 4522 2315 4593 εὐχῇ
2344 4521 2508 4576 αὐτὸν
2535 4521 2814 4589 ἰάσασθαι,
2838 4521 2974 4575 ἀλλὰ
3017 4521 3236 4583 πάντως
3259 4520 3325 4573 οὺ
3351 4518 3652 4588 συνέφερε.

2057 4613 2236 4668 Πολλὰ
2260 4613 2318 4667 δὲ
2345 4613 2495 4684 λέγει
2517 4615 2545 4667 ὁ
2580 4612 2974 4686 Χρυσόστομος
3008 4615 3088 4677 είς
3120 4611 3297 4666 τοῦτο.
3332 4610 3443 4680 Τὴν
3461 4609 3653 4681 βίϐλον

367 4706 596 4762 omnino
657 4723 767 4761 non
807 4705 1152 4778 expediebat.
1194 4706 1435 4763 Plurima
1495 4715 1676 4762 autem
1734 4709 1788 4763 iu
1848 4708 1951 4764 hoc

2066 4705 2236 4760 τοίνυν
2268 4703 2421 4777 ἄθρει
2455 4702 2556 4777 τὴν
2582 4705 3028 4777 χρηματίζουσαν
3067 4703 3191 4759 Τῶν
3237 4703 3649 4772 ἀνδριάντων,

368 4796 537 4854 refert
587 4797 1042 4871 Cbrysostomus.
1099 4797 1260 4871 243
1313 4797 1449 4854 Vide
1507 4801 1693 4871 itaque
1746 4801 1947 4857 librum

366 4909 530 4963 quem
583 4892 655 4947 De
708 4892 1032 4964 imaginibus
1082 4892 1231 4964 agit,
1278 4901 1333 4947 et
1387 4892 1617 4962 pulchre
1656 4893 1949 4948 admodum

365 4984 579 5041 videbis
618 5001 739 5056 qua;
784 4986 886 5040 hac
945 4984 999 5039 in
1057 5000 1120 5039 re
1160 4984 1213 5039 in
1244 5000 1312 5039 eo
1351 4985 1473 5042 loco
1503 4994 1738 5040 tractata
1764 4995 1894 5041 sunt
1920 5004 1950 5042 a

366 5076 555 5134 divino
579 5078 1001 5150 Chrysostomo,
1026 5076 1081 5131 in
1108 5077 1418 5149 protemiali
1453 5086 1514 5133 ut
1542 5078 1741 5150 opinor
1765 5094 1948 5134 versu.

372 5191 391 5222 ι
434 5170 543 5227 Sed
574 5171 791 5227 modico
814 5181 999 5226 vetere
1020 5169 1170 5225 vino.
1208 5188 1228 5223 ι
1262 5169 1443 5225 Tanto
1473 5170 1746 5239 videlicet,
1778 5187 1955 5242 quan-

367 5273 484 5321 tum
526 5263 593 5320 ad
622 5264 854 5321 salutem
904 5278 1047 5334 opus
1074 5270 1203 5319 est:
1245 5263 1351 5317 scit
1375 5263 1523 5319 enim
1575 5264 1742 5318 etiam
1774 5266 1957 5319 abun-

367 5357 596 5415 dantius
638 5359 827 5413 vinum
890 5355 1191 5413 nocere“.
1244 5354 1385 5410 Hinc
1444 5367 1626 5411 autem
1681 5358 1955 5428 signiﬁcat

366 5449 515 5521 quod
540 5465 651 5505 non
685 5450 807 5505 solo
838 5453 1131 5506 stomacho
1160 5449 1487 5521 aegrotabat,
1521 5449 1617 5505 sed
1644 5449 1769 5506 aliis
1816 5466 1955 5521 quo-

367 5561 475 5615 que
505 5543 753 5607 corporis
782 5541 1065 5599 membris.

952 5635 1181 5693 CAPUT
1229 5635 1367 5692 XIV.

681 5726 832 5793 Quod
862 5729 1068 5784 nullum
1110 5747 1240 5800 opus
1259 5734 1331 5785 sit
1355 5728 1643 5785 occultum.

436 5819 505 5882 Ἴ,
527 5820 618 5886 ει,
637 5820 729 5876 25.
755 5821 1123 5888 Quorumdam
1144 5823 1415 5878 hominum
1432 5831 1647 5892 peccata
1665 5820 1953 5891 ntanifesta

438 5936 485 5971 “
507 5935 709 6011 Ephes.
768 5954 821 5997 \‘.
861 5938 948 5997 18.

2059 4798 2153 4851 καὶ
2178 4798 2299 4870 εἴσῃ
2333 4797 2393 4851 εὖ
2426 4799 2571 4869 μάλα
2596 4798 2664 4851 τὰ
2694 4799 2752 4851 ὲν
2777 4798 2920 4869 τῷδε
2952 4797 3030 4870 τῷ
3055 4798 3240 4869 χωρίῳ
3271 4798 3328 4849 ἐν
3349 4797 3487 4866 αὐτῇ
3512 4796 3653 4849 θαυ-

2063 4890 2272 4963 μασίως
2293 4891 2715 4963 διαγορευθέντα
2741 4892 2847 4945 ὑπὸ
2891 4893 2984 4945 τοῦ
3020 4891 3282 4960 θεοσόφου
3331 4890 3655 4960 Χρυσοστό-

2066 5003 2188 5055 μου,
2217 4986 2275 5039 ὲν
2299 4984 2377 5054 τῷ
2402 4984 2770 5057 προοιμιακῷ,
2797 4986 2871 5049 ὡς
2906 4979 3082 5055 οἴμαι,
3115 4983 3257 5036 ἔπει.
3291 5001 3309 5035 ι
3344 4982 3483 5038 Ἀλλ’
3517 4982 3653 5053 οϊνῳ

2059 5074 2246 5149 ὀλίγῳ.
2279 5098 2297 5130 ι
2334 5078 2498 5141 Ὅσος
2530 5080 2665 5150 πρὸς
2701 5077 2916 5148 ὑγίειαν
2964 5077 3228 5131 συντελεῖ.
3262 5070 3390 5130 υῐδε
3409 5076 3525 5144 γὰρ
3555 5076 3655 5129 τὸν

2062 5170 2305 5236 πλείονα,
2357 5172 2449 5225 καὶ
2499 5169 2956 5243 προσαδικοὼτα.
3013 5170 3175 5240 Δηλοί
3199 5169 3257 5223 δὲ
3286 5167 3440 5223 ἔνθεν
3466 5166 3551 5221 ὅτι
3582 5169 3664 5222 οὐ,

2066 5261 2226 5332 μόνον
2279 5262 2371 5315 τὸν
2410 5261 2698 5334 ⁸στόμαχον
2748 5261 2989 5332 ἠσθένει,
3032 5259 3171 5315 ἀλλὰ
3196 5258 3293 5315 καὶ
3325 5259 3462 5316 ἄλλα
3499 5258 3649 5331 μέρη

2058 5352 2153 5406 τοῦ
2185 5349 2455 5424 σώματος.

2668 5630 2916 5684 ΚΕΦΔΛ.
2950 5629 3048 5683 IA'.

2401 5727 2531 5779 Ὀτι
2555 5724 2737 5780 οὐδὲν
2764 5725 2945 5795 ἔργον
2974 5719 3283 5779 λανθάνει.

2140 5816 2325 5876 Τινῶν
2373 5816 2703 5886 ἀνθρώπων
2740 5817 2801 5870 at
2846 5812 3124 5885 ἁμαρτίαι
3182 5809 3482 5880 πρόδηλοί
3525 5812 3661 5868 εισι

3543 430 3654 497 ιειι
3760 414 3769 433 '
