3988 6574
300 434 416 503 185

1296 431 1683 493 COMMENT.
1724 432 1808 494 IN
1845 433 2083 495 EPIST.
2127 434 2153 494 Ι
2184 435 2636 498 AD-TIMOTH.

3472 445 3575 509 186

296 547 683 618 προάγουσαι
700 548 788 612 εἰς
809 546 1033 612 κρίσιν,
1065 544 1187 598 τισὶ
1211 544 1280 598 δὲ
1302 518 1408 598 Ὕκαὶ
1438 545 1881 600 ἐπακολουθοῦ-

1990 558 2109 599 sunt
2124 549 2476 615 prwcedentia
2502 551 2573 605 ad
2581 550 2869 619 judicium,
2888 554 3148 623 quosdam
3179 574 3296 613 vero
3320 552 3369 613 et
3393 562 3574 616 subse-

298 657 433 696 σιν.
476 639 780 704 Ὡσαύτως
800 637 899 691 καί
929 637 999 690 τὰ
1028 637 1187 692 καλὰ
1229 638 1376 707 ἔργα
1410 638 1689 705 πρόδηλα
1734 638 1886 704 ἐστι,

293 734 400 789 καὶ
428 732 503 787 τὰ
526 733 731 798 ἄλλως
751 732 969 801 ἔχοντα
995 729 1288 800 κρυϐῆναι
1311 733 1383 786 οὐ
1404 730 1715 784 δύνανται.

384 915 605 970 Ἐπειδὴ
624 911 779 967 εἶπεν
807 916 939 978 ἄνω,
965 932 984 964 ι
1012 912 1108 984 Μὴ
1134 913 1380 967 κοινώνει
1402 912 1701 982 ἁμαρτίαις
1727 912 1885 964 ἁλλο-

293 1007 513 1077 τρίαις,
539 1026 556 1056 ι
577 1006 653 1069 ὠς
674 1008 731 1060 ὲν
751 1006 1022 1060 ἀντιθέσει
1043 1005 1255 1059 ἐπιλύει
1274 1006 1336 1059 τὸ
1356 1005 1667 1076 εἰρημένον.
1694 1004 1888 1076 Τίγὰρ

294 1100 368 1154 ἄν
398 1101 427 1152 ό
454 1097 762 1169 Τιμόθεοςς
802 1100 865 1152 El
890 1098 1072 1167 ἀγνοῶ
1119 1099 1214 1152 τοῦ
1260 1099 1740 1169 χειροτονουμένου
1789 1100 1888 1163 τὰς

294 1192 607 1262 ἁμαρτίας,
641 1191 720 1262 μὴ
753 1187 864 1261 ἆρα
903 1191 1158 1254 κοινωνός
1189 1192 1339 1261 εἰμι;
1386 1191 1494 1245 Καί
1525 1208 1687 1261 φησι·
1732 1210 1751 1244 ι
1788 1193 1888 1246 Tt-

295 1283 411 1337 νῶν
466 1283 774 1353 ἀνθρώπων
819 1282 1078 1354 πρόδηλοί
1129 1284 1269 1335 εἰσιν
1318 1284 1376 1336 oti
1432 1283 1700 1354 ἁμαρτίαι
1748 1301 1883 1355 προ-

294 1377 534 1443 άγουσαι
566 1376 645 1437 εἰς
680 1374 882 1443 κρίσιν.
926 1393 947 1424 ι
986 1373 1123 1435 Τοὺς
1153 1372 1431 1437 τοιούτους
1468 1374 1760 1445 τοιγαροῦν
1818 1373 1884 1428 ἂν

292 1466 579 1537 ἐπιμελῶς
621 1465 891 1536 ζητήσῃς,
946 1464 1132 1535 γνώσῃ
1194 1465 1437 1529 πάντως.
1479 1484 1498 1519 ι
1550 1466 1678 1519 Τισὶ
1700 1466 1758 1519 δὲ
1790 1467 1887 1520 καὶ

293 1557 749 1613 ἐπακολουθοῦσι.
790 1576 809 1610 ι
844 1557 1126 1621 Τουτέστι,
1194 1557 1333 1626 μετὰ
1392 1557 1491 1629 τὴν
1544 1559 1883 1631 χειροτονίαν

291 1650 681 1705 ἀκολουθοῦσι.
744 1651 878 1714 Ταῖς
912 1650 1161 1722 πρώταις
1220 1651 1317 1720 μὲν
1361 1648 1454 1703 οὖν
1509 1651 1884 1722 κοινωνήσεις.

308 1744 601 1814 ’Δμελείας
630 1743 737 1811 γὰρ
770 1742 832 1796 τδ
866 1742 964 1805 τὰς
993 1743 1295 1814 προδήλους
1347 1744 1424 1813 μὴ
1480 1742 1708 1810 γνῶναι.
1752 1741 1886 1802 Ταῖς

291 1837 353 1891 δὲ
408 1839 693 1907 δευτέραις
742 1837 843 1890 οὐκ
892 1835 994 1889 ἔτι·
1042 1835 1198 1889 οὐδὲν
1238 1834 1347 1905 γὰρ
1402 1834 1556 1905 παρὰ
1610 1834 1696 1889 σέ.
1753 1829 1884 1887 Οἶδα

1991 649 2245 709 quunlur.
2291 641 2662 697 Consimiliter
2689 652 2740 698 et
2766 647 2905 700 bona
2936 663 3096 717 opera
3123 661 3251 705 ante
3282 653 3572 722 manifesta

1991 738 2114 783 sunt
2162 748 2180 785 :
2214 741 2261 785 et
2315 748 2379 786 ea
2423 749 2542 806 qua:
2585 750 2735 790 secus
2782 736 2973 793 habent
3007 741 3273 797 occultari
3309 761 3412 799 non
3442 762 3572 815 pos-

1990 833 2133 877 sunt.

2061 915 2331 983 Quoniam
2371 927 2530 975 antea
2570 921 2827 979 dixerat:
2868 946 2887 978 ι
2920 927 2997 983 Ne
3021 932 3399 987 communices
3441 950 3571 1002 pec-

1990 1010 2128 1064 catis
2175 1010 2388 1075 alienis,
2427 1031 2446 1063 ι
2487 1016 2644 1082 quasi
2697 1032 2795 1086 per
2824 1018 3189 1088 objectionem
3222 1024 3387 1080 solvit
3423 1029 3572 1094 quod

1990 1099 2197 1154 dictum
2228 1111 2333 1156 est.
2368 1101 2508 1168 Quid
2542 1105 2712 1171 enim,
2742 1108 2948 1163 diceret
2995 1109 3340 1179 Tinmthens,
3372 1117 3416 1171 si
3451 1117 3574 1187 ejus

1989 1192 2082 1260 qui
2103 1193 2391 1249 ordinatur
2408 1205 2631 1265 peccata
2649 1199 2919 1267 ignorem,
2942 1206 3207 1274 numquid
3229 1207 3308 1261 eis
3322 1224 3575 1265 commu-

1993 1282 2231 1337 nico?et
2262 1286 2337 1338 ait
2370 1300 2385 1337 :
2420 1305 2438 1336 ι
2470 1284 2843 1352 Quorumdam
2879 1290 3159 1347 hominum
3195 1307 3416 1366 peccata
3444 1308 3573 1354 ante

1992 1377 2287 1431 manifesta
2315 1386 2447 1433 sunt
2494 1382 2863 1448 praecedentia
2898 1384 2962 1438 ad
2988 1384 3277 1454 judicium.
3306 1409 3326 1441 ι
3356 1391 3571 1445 Talium

1990 1469 2157 1539 igitur
2181 1473 2487 1539 peccata,si
2520 1472 2815 1548 diligenter
2838 1476 3105 1547 inquiras,
3123 1483 3348 1537 omnino
3364 1499 3569 1555 cogno-

1993 1576 2179 1617 scas...
2207 1560 2484 1628 Quosdam
2513 1580 2644 1621 vero
2675 1575 2727 1620 et
2745 1568 3309 1637 subsequuntur.lloc
3327 1586 3430 1638 est,
3448 1586 3574 1646 post

1988 1654 2396 1710 ordinationem
2437 1666 2763 1727 sequuntur.
2792 1660 3080 1717 Prioribus
3111 1680 3242 1735 ergo
3265 1670 3572 1723 communi-

1988 1758 2217 1806 caturus
2232 1766 2383 1807 esses
2404 1768 2419 1805 :
2440 1754 2785 1825 negligentiae
2807 1759 2952 1811 enim
2979 1770 3122 1815 esset
3145 1776 3264 1831 quae
3282 1763 3569 1818 manifesta

1989 1856 2117 1898 sunt
2134 1860 2609 1915 noncognoscere.
2629 1847 3033 1907 Posteriorihus
3053 1869 3181 1908 vero
3201 1870 3307 1908 non
3321 1854 3418 1918 ita,
3435 1857 3571 1910 nihil

290 1930 561 1999 τοιαύτην
574 1904 741 2001 ⁷ἰταρὰ
762 1947 868 1983 τινι
898 1929 1007 1983 τῶν
1030 1929 1203 1993 ἁγίων
1241 1904 1509 1994 ἀναγνοὺς
1562 1927 1881 1997 ἑρμηνείαν.

1991 1939 2137 1994 enim
2172 1947 2370 2007 praeter
2407 1948 2480 1994 te.
2517 1939 2644 1995 Scio
2666 1956 2751 1995 me
2772 1945 2912 2012 apud
2936 1947 3226 2014 quemdam
3250 1956 3568 2003 sanctorum

296 2018 403 2076 Ὧν
427 2023 553 2095 μὲν,
586 2023 744 2094 φησι,
781 2024 1117 2092 προάγουσιν
1149 2022 1205 2075 αἱ
1238 2020 1526 2091 ἁμαρτίαι,
1555 2013 1702 2072 οὗτοι
1720 2016 1886 2071 πᾶσίν

292 2115 408 2166 εἰσι
440 2113 703 2183 πρόδηλοι
734 2128 749 2143 ⁸
782 2111 1025 2166 ἔστωσαν
1073 2109 1362 2180 τοιγαροῦν
1409 2110 1505 2163 καὶ
1557 2109 1663 2163 σοί.
1702 2103 1798 2172 Οἷς
1829 2108 1887 2162 δὲ

293 2200 755 2268 ἐπακολουθοῦσι,
787 2200 1015 2266 τούτους
1044 2201 1108 2255 σὺ
1148 2201 1360 2273 φυλάξῃ
1399 2200 1477 2267 τῷ
1533 2200 1887 2274 προορατικῷ

291 2293 589 2364 ὀφθαλμῷ.
622 2292 690 2347 Εἴ
707 2310 761 2346 τι
795 2288 890 2347 οῦν
935 2294 1086 2363 παρὰ
1114 2292 1272 2346 τοῦτο
1303 2294 1575 2363 ποιήσεις,
1625 2293 1888 2363 κοινωνή-

294 2401 417 2448 σεις
449 2386 571 2448 ταῖς
605 2384 922 2454 ἁμαρτίαις.
964 2384 1025 2437 Ὀ
1057 2385 1113 2437 δὲ
1151 2384 1421 2457 μακάριος
1466 2384 1748 2449 Βασίλειος
1795 2385 1886 2439 οὔ-

292 2493 409 2541 τως
429 2478 795 2548 ἡρμήνευσεν,
828 2477 904 2541 ὡς
935 2477 1088 2531 οὐδὲν
1112 2478 1207 2531 τοῦ
1237 2476 1535 2546 κεφαλαίου
1574 2477 1712 2549 πρὸς
1765 2495 1886 2548 χει-

296 2571 551 2635 ροτονίαν
580 2570 962 2633 συντείνοντος.
1007 2571 1237 2634 Οἴτινες,
1272 2571 1456 2641 φησὶν,
1510 2570 1667 2623 αὐτοὶ
1695 2568 1885 2641 ἥμαρ-

292 2678 412 2722 τον,
462 2661 617 2731 μόνοι
647 2658 749 2723 τὰς
791 2660 1070 2731 ἁμαρτίας
1109 2659 1323 2731 ἔχουσιν
1377 2659 1472 2713 ἐπὶ
1518 2660 1700 2730 κρίσιν
1745 2677 1886 2731 προ-

292 2753 567 2822 αγούσας.
603 2753 761 2806 Ὅσοι
787 2752 842 2805 δὲ
867 2755 960 2807 καὶ
989 2752 1127 2822 μετὰ
1149 2752 1211 2805 τὸ
1253 2751 1406 2807 ἐνθεν
1432 2751 1713 2816 ἀπελθεῖν,
1769 2752 1886 2806 ἑτέ-

295 2862 421 2914 ροις
456 2844 887 2900 καταλελοίπασι
943 2843 1247 2915 προφάσεις
1295 2844 1603 2914 ἁμαρτιῶν,
1636 2845 1713 2907 ὡς
1776 2844 1886 2898 Νε-

294 2934 517 3006 στόριος
549 2936 646 2989 καὶ
673 2935 723 2988 οἱ
747 2934 923 2989 λοιποὶ
944 2935 1232 3006 αἱρετικοὶ,
1256 2935 1466 2998 τούτοις
1491 2935 1584 2988 καὶ
1612 2934 1884 2988 ἀπελθοῦ-

295 3042 388 3080 σιν
420 3027 885 3083 ἐπακολουθοῦσιν
909 3028 964 3080 αί
998 3028 1283 3098 ἁμαρτίαι.
1315 3027 1435 3081 Τῶν
1450 3028 1558 3099 γὰρ
1588 3028 1654 3081 δι’
1686 3029 1884 3093 αὐτοὺς

294 3121 693 3191 σφαλλομένων
729 3121 825 3174 καὶ
883 3120 1114 3184 ἐκείνοις
1144 3120 1200 3173 αί
1238 3121 1505 3191 ἁμαρτίαι
1552 3119 1878 3188 λογίζονται.

1992 2032 2305 2101 huiusmodi
2361 2031 2560 2102 legisse
2614 2034 3175 2104 interpretationem:
3232 2038 3376 2108 quod
3430 2056 3571 2109 quo-

1991 2139 2112 2177 rum
2142 2125 2457 2194 praecedunt
2483 2136 2726 2194 peccata,
2754 2126 2808 2179 hi
2832 2127 3089 2182 omnibus
3114 2126 3386 2183 manifesti
3411 2137 3568 2183 sunt:

1989 2206 2099 2271 sint
2132 2230 2262 2284 ergo
2294 2226 2348 2271 et
2374 2216 2665 2286 tibi:quos
2700 2225 2881 2271 autem
2911 2219 3347 2289 subsequuntur,
3382 2220 3479 2274 hos
3509 2228 3567 2273 tu

1990 2308 2218 2363 observa
2245 2308 2710 2379 prospicientihns
2729 2311 2929 2367 oculis.
2955 2308 3011 2366 Si
3038 2314 3166 2383 quid
3189 2314 3356 2382 igitur
3374 2324 3571 2385 praeter

1990 2399 2093 2454 hoc
2118 2399 2315 2466 facias,
2335 2402 2772 2457 cotnmunicahis
2786 2405 3047 2472 peccatis.
3070 2403 3237 2460 Divus
3267 2416 3447 2459 autem
3470 2404 3572 2459 Ba-

1989 2494 2149 2551 silius
2170 2495 2664 2566 itainterpretatus
2686 2488 2964 2566 est,quasi
3008 2498 3143 2551 nihil
3177 2499 3339 2565 hujus
3372 2499 3569 2569 capitis

1989 2590 2057 2643 ad
2085 2589 2491 2645 ordinationem
2533 2591 2821 2660 pertineat.
2851 2587 3199 2662 Quicunque,
3228 2591 3435 2661 inquit,
3464 2592 3567 2660 ipsi

1991 2687 2357 2751 peccaverunt
2389 2680 2513 2747 soli,
2549 2690 2774 2751 peccata
2799 2682 3004 2736 habent
3032 2681 3098 2734 ad
3127 2681 3396 2747 judicium
3427 2698 3568 2751 βιαιο

1988 2773 2240 2830 cedentia
2271 2789 2335 2828 ac
2365 2774 2666 2829 trahentia.
2695 2772 2976 2843 Quotquot
3006 2782 3187 2827 autem
3224 2773 3387 2828 etiam
3420 2784 3570 2844 post-

1987 2880 2151 2938 quam
2196 2868 2327 2922 hinc
2366 2868 2763 2926 discesserunt,
2793 2867 2916 2920 aliis
2950 2865 3211 2935 peccandi
3245 2866 3569 2922 occasiones

1988 2960 2353 3025 reliquerunt,
2407 2956 2869 3026 quemadmodum
2935 2956 3224 3010 Nestorius
3272 2962 3569 3026 cmterique

1990 3046 2253 3107 haeretici,
2281 3047 2380 3100 hos
2412 3045 2576 3098 etiam
2626 3045 2970 3099 discedentes
2999 3045 3419 3115 subsequuntur
3443 3063 3570 3116 pec-

1987 3147 2109 3193 cata
2145 3154 2160 3191 :
2202 3137 2366 3210 2M
2399 3153 2525 3192 nam
2560 3139 2740 3203 ,etiam
2793 3148 3016 3208 propter
3071 3138 3219 3207 ipsos
3266 3138 3567 3194 labentium

300 3232 323 3265 ι
380 3213 657 3275 Ὡσαύτως
713 3213 768 3266 δὲ
803 3211 896 3265 καὶ
926 3212 996 3266 τὰ
1046 3212 1188 3266 καλὰ
1218 3212 1375 3283 ἔργα.
1414 3231 1432 3264 ι
1470 3213 1748 3279 Τουτέστι,
1779 3229 1881 3266 πα-

1990 3240 2210 3301 peccata
2269 3231 2379 3285 illis
2426 3230 2788 3299 imputantur.
2851 3250 2869 3281 ι
2899 3230 3278 3285 Consimiliter
3321 3240 3374 3287 et
3424 3231 3564 3286 bona

296 3306 643 3379 ραπλησίως.
681 3306 842 3366 Ὅσα,
874 3305 1061 3375 φησὶν,
1097 3305 1314 3377 εἴρηται
1383 3308 1510 3377 περὶ
1572 3305 1876 3378 ἁμαρτιῶν,

289 3397 479 3454 ταῦτα
518 3397 672 3464 δέξαι
706 3396 799 3452 καὶ
827 3395 921 3450 ἐπὶ
950 3398 1062 3459 τοῖς
1098 3397 1284 3460 καλοῖς
1332 3397 1533 3469 ἔργοις.
1605 3397 1726 3451 Εἰσὶ
1770 3398 1880 3469 γὰρ

294 3488 356 3542 οἳ
381 3488 658 3559 πρόφασις
680 3487 974 3557 γεγόνασιν
1000 3488 1208 3557 ἑτέροις
1237 3488 1530 3560 σωτηρίας.
1556 3489 1777 3543 Τούτων
1823 3491 1880 3544 αι

290 3581 691 3654 κατορθώσεις,
761 3582 857 3637 καὶ
916 3584 1031 3645 τοῖς
1085 3581 1155 3635 τὰ
1214 3584 1507 3653 σπέρματα
1569 3583 1878 3652 δεδωκόσιν,

293 3674 1085 3744 ὑπολογίζονται.-Ἅ.ιλως.
1118 3673 1290 3728 Τοῦτο
1325 3677 1454 3747 περὶ
1498 3675 1605 3730 τῶν
1651 3679 1880 3732 ἀνοσίων

290 3767 670 3840 αίρεσιαρχῶν
706 3784 895 3839 φησιν.
967 3768 1193 3837 Ἔχουσι
1250 3765 1359 3837 γὰρ
1409 3766 1881 3823 ἐπακολουθοῦσαν

293 3859 446 3932 μετὰ
502 3860 734 3915 θανάτου
780 3860 879 3926 τὴν
914 3859 1210 3931 ἁμαρτίαν,
1271 3858 1440 3930 ἧγουν
1507 3859 1606 3930 τὴν
1634 3860 1881 3931 ὀλέθριον

289 3955 541 4026 διδαχὴν,
586 3956 654 4026 ῆν
700 3953 991 4007 κατέλιπον
1047 3952 1104 4006 ὲν
1155 3950 1293 4022 τῷδε
1352 3952 1431 4023 τῷ
1484 3952 1605 4024 βίῳ.
1647 3952 1712 4007 Ἡ
1769 3954 1879 4026 γὰρ

290 4046 544 4102 ἀπώλεια
571 4045 679 4101 τῶν
713 4045 805 4099 ὑπ’
836 4045 1015 4101 αὐτῶν
1039 4043 1420 4115 διδαχθέντων,
1468 4046 1746 4117 πρόφασις
1775 4047 1878 4102 αύ-

290 4140 413 4204 τοῖς
450 4138 661 4209 γίνεται
690 4137 916 4193 αίωνίου
938 4136 1239 4200 κολάσεως.

895 4227 1148 4285 ΚΕΦΔΛ.
1176 4226 1272 4284 lE'.

714 4322 855 4392 Περὶ
887 4321 1126 4377 δούλων
1157 4322 1457 4392 ὑπακοῆς.

368 4422 547 4477 Ὅσοι
600 4420 761 4475 εισίγ
812 4419 929 4474 ὑπὸ
962 4417 1144 4487 ζυγὸν
1192 4417 1427 4485 δοῦλοι,
1488 4419 1632 4486 τοὺς
1685 4419 1879 4487 ἰδίους

288 4514 596 4580 δεσπότας
625 4511 835 4580 πάσης
857 4508 1034 4580 τιμῆς
1063 4510 1277 4577 ἀξίους
1312 4512 1718 4581 ἡγείσθωσαν,
1776 4514 1880 4571 ἵνα

1984 3336 2172 3392 Opera.
2206 3339 2224 3373 ι
2261 3319 2377 3374 [loc
2416 3329 2523 3383 est,
2558 3320 2672 3389 pari
2703 3320 2887 3375 modo.
2956 3321 3329 3391 Quaecunque,
3367 3321 3566 3391 inquit,

1984 3413 2053 3468 de
2083 3413 2325 3480 peccatis
2352 3412 2499 3466 dicta
2528 3421 2676 3472 sunt,
2724 3409 2838 3465 haec
2871 3411 3035 3466 etiam
3068 3418 3258 3482 accipe
3307 3414 3375 3467 de
3407 3413 3567 3467 bonis

1984 3506 2266 3574 operibus.
2313 3506 2454 3559 Sunt
2484 3506 2629 3560 enim
2665 3506 2756 3575 qui
2789 3506 2938 3559 'aliis
2996 3505 3123 3560 lacti
3178 3516 3306 3562 sunt
3344 3508 3573 3563 occasio

1984 3596 2208 3660 salutis,
2261 3597 2456 3651 horum
2503 3605 2652 3652 recta
2698 3612 2862 3668 opera
2916 3596 2985 3651 ad
3019 3612 3115 3653 eos
3161 3615 3381 3669 quoque
3422 3597 3565 3652 refe-

1985 3699 2187 3748 runtur
2216 3691 2310 3761 qui
2332 3691 2540 3745 semina
2571 3691 2860 3746 dederunt.
2886 3723 2959 3732 —
2986 3693 3111 3747 Alio
3148 3696 3323 3749 modo.
3354 3692 3468 3748 Hoc
3499 3693 3568 3748 de

1983 3783 2170 3854 impiis
2189 3784 2323 3838 dicit
2358 3784 2765 3839 ltaaresiarchis.
2800 3783 3020 3863 Habent
3046 3786 3191 3840 enim
3220 3786 3567 3855 subsequen-

1985 3878 2057 3932 tia
2093 3885 2215 3946 post
2247 3883 2480 3930 mortem
2522 3886 2770 3946 peccata,
2806 3891 3003 3946 nempe
3035 3876 3339 3931 doctrinam
3384 3879 3569 3946 perni-

1983 3967 2190 4020 ciosam
2229 3983 2392 4037 quam
2434 3968 2849 4037 dereliquerunt
2899 3969 2951 4021 in
2986 3969 3091 4023 hac
3144 3969 3253 4023 vita
3288 3968 3571 4036 :perditio

1984 4071 2223 4128 namque
2248 4075 2439 4113 eorum
2469 4060 2561 4128 qui
2594 4061 2662 4114 ab
2693 4061 2776 4116 eis
2809 4061 2987 4117 edocti
3012 4070 3158 4128 sunt,
3185 4060 3408 4119 occasio
3430 4062 3568 4134 ipsis

1984 4151 2225 4208 elIlcitur
2245 4151 2438 4206 aeterni
2467 4153 2744 4222 supplicii.

2581 4243 2812 4300 CAPUT
2854 4243 2970 4299 XV.

2392 4333 2470 4389 De
2499 4334 2797 4390 obedientin
2835 4352 3128 4392 servorum.

2053 4428 2145 4493 Vl,
2175 4428 2230 4493 1,
2262 4427 2316 4482 2.
2351 4424 2659 4499 Quicunque
2687 4430 2782 4482 sub
2809 4429 2944 4499 jugo
2971 4436 3093 4484 sunt
3124 4428 3279 4493 servi,
3315 4444 3438 4483 suos
3470 4428 3570 4483 do—

1981 4520 2153 4575 minos
2176 4520 2321 4574 omni
2348 4519 2547 4575 honore
2596 4520 2781 4591 dignos
2816 4521 3036 4585 ducant,
3070 4539 3133 4577 ne
3167 4539 3355 4576 nomen
3392 4521 3488 4576 Dei
3513 4530 3566 4577 et

284 4606 379 4679 μὴ
407 4605 477 4662 τὸ
502 4607 692 4676 ὄνομα
714 4606 819 4661 τοῦ
851 4604 1000 4660 Θεοῦ
1028 4604 1126 4659 καὶ
1149 4606 1190 4674 ἡ
1212 4604 1579 4661 διδασκαλία
1596 4606 1878 4677 ,βλασφη-

1990 4612 2232 4667 doctrina
2282 4613 2423 4668 male
2462 4614 2671 4669 audiat.
2719 4613 2826 4680 Qui
2855 4631 2974 4670 vero
3013 4616 3194 4685 ﬁdeles
3227 4616 3421 4670 habent
3466 4616 3569 4670 dov

283 4701 495 4771 μῆται.
528 4701 594 4753 Ol
622 4696 691 4752 δὲ
715 4697 972 4764 πιστοὺς
996 4697 1246 4766 ἔχοντες
1264 4698 1586 4765 δεσπότας,
1644 4698 1727 4768 μὴ
1769 4716 1877 4753 κα-

290 4794 803 4864 ταφρονείτωσαν,
836 4790 926 4846 ὅτι
950 4790 1207 4860 ἀδελφοί
1230 4795 1409 4857 εἰσιν,
1434 4792 1596 4847 ἀλλὰ
1636 4792 1880 4862 μᾶλλον

290 4882 772 4949 δουλευέτωσαν,
805 4881 896 4935 ὅτι
944 4883 1149 4936 πιστοί
1193 4886 1312 4937 εισι
1346 4883 1445 4938 καὶ
1472 4884 1769 4953 ἀγαπητοὶ
1822 4888 1878 4938 ol

288 4975 406 5045 τῆς
439 4974 791 5043 εὐεργεσίας
813 4971 1412 5043 ἀντιλαμϐανόμενοι.
1450 4973 1641 5029 Ταῦτα
1701 4973 1867 5028 δίδα-

289 5083 409 5125 σκε
437 5066 538 5122 καί
560 5064 915 5135 παρακάλει.

364 5161 505 5231 Περὶ
557 5158 767 5213 πιστῶν
829 5158 1034 5213 δούλων
1089 5158 1419 5228 διαλέγεται,
1480 5161 1590 5215 τῶν
1642 5162 1877 5231 ἐχόνων

289 5255 559 5316 ἀπίστους
584 5251 876 5317 δεσπότας,
899 5251 1045 5316 Ἵνα,
1075 5252 1235 5323 φησι,
1260 5251 1358 5306 καὶ
1378 5252 1551 5308 ταῦτα
1577 5256 1871 5325 παραινῇς.

295 5367 319 5401 ι
351 5347 467 5401 Ἵνα
500 5345 577 5418 μὴ
603 5345 666 5399 τὸ
697 5343 871 5415 όνομα
891 5342 984 5396 τοῦ
1015 5342 1176 5400 Θεοῦ.
1218 5362 1237 5395 ι
1275 5343 1402 5397 Ἐὰν
1429 5346 1560 5415 γὰρ,
1598 5346 1755 5415 φησὶ,
1781 5345 1869 5398 διὰ

290 5439 355 5493 τὸ
404 5432 545 5492 εἶναι
571 5435 701 5499 τοὺς
748 5434 1015 5498 δεσπότας
1072 5434 1362 5502 ἀπίστους,
1394 5436 1444 5488 οἱ
1478 5437 1663 5489 ’πιστοὶ¹
1697 5435 1873 5490 δοῦλοι

291 5528 653 5600 παρακούωσι
697 5528 794 5582 καὶ
854 5525 1398 5592 ἀπαυθαδιάζωνται,
1439 5528 1714 5599 πρόφασιν
1761 5534 1875 5595 τοῖς

290 5619 515 5683 οἰκείοις
545 5620 853 5689 παρέχουσι
874 5618 1167 5683 δεσπόταις
1213 5618 1558 5690 βλασφημεῖν
1602 5622 1693 5676 τὸν
1738 5625 1874 5693 Χρι-

291 5716 420 5769 στὸν
451 5716 547 5771 καὶ
574 5715 638 5770 τὸ
664 5716 950 5787 κήρυγμα,
986 5715 1063 5780 ὡς
1091 5717 1264 5771 αίτιον
1302 5716 1400 5786 τῆς
1450 5714 1744 5779 αὐθαδείας
1762 5714 1874 5769 τῶν

289 5805 495 5861 δούλων
532 5807 851 5877 γενόμενον.
883 5825 901 5858 ι
933 5807 1024 5877 Μὴ
1053 5807 1591 5877 καταφρονείτωσαν,
1614 5807 1696 5860 ὅτι
1718 5805 1874 5861 ἁδελ-

296 5899 389 5980 ῳί
422 5902 581 5958 ιίσιν.
622 5920 642 5956 ι
679 5900 857 5975 anno
892 5896 1035 5958 εἶναί
1067 5918 1125 5956 σε
1150 5901 1399 5973 ἀδελφὸν,
1433 5902 1606 5960 αίτιον
1634 5902 1873 5972 γινέσθω

1983 4702 2174 4764 minos,
2213 4718 2277 4755 ne
2324 4712 2662 4756 contemnant
2699 4703 2840 4773 quod
2873 4702 3072 4772 fratres
3120 4706 3249 4770 sint,
3276 4708 3367 4761 sed
3392 4707 3563 4776 magis

1980 4793 2272 4846 inserviant
2301 4793 2441 4863 quod
2489 4793 2670 4863 ﬁdeles
2702 4795 2806 4847 sint
2841 4812 2904 4848 ac
2930 4797 3113 4850 dilecti
3141 4798 3232 4866 qni
3274 4797 3563 4869 beneﬁcen-

1982 4885 2071 4939 tia:
2090 4884 2377 4954 participes
2409 4894 2556 4940 sunt.
2592 4884 2720 4941 Haec
2748 4886 2876 4940 doce
2899 4896 2950 4940 et
2979 4887 3283 4943 eat/tortore.

2054 5166 2128 5221 De
2184 5166 2540 5222 credentibus
2589 5166 2763 5221 servis
2816 5165 3086 5230 disserit,
3146 5167 3240 5238 qui
3303 5168 3561 5224 dominos

1980 5257 2183 5312 habent
2223 5257 2561 5311 incredulos.
2620 5254 2765 5322 Παιο,
2810 5256 3009 5326 inquit,
3044 5255 3208 5313 etiam
3263 5257 3560 5311 exhortari!

1981 5357 2040 5403 ut
2069 5348 2407 5418 quicunque,
2431 5356 2541 5402 etc.
2570 5365 2589 5398 ι
2636 5344 2715 5402 Ne
2745 5362 2943 5402 nomen
2978 5346 3090 5402 Dei.
3116 5366 3135 5400 ι
3170 5344 3305 5402 Nam
3332 5346 3379 5402 si
3414 5349 3557 5403 servi

1978 5441 2289 5505 credentes,
2319 5438 2389 5494 ob
2421 5438 2473 5494 id
2497 5440 2644 5510 quod
2663 5438 2873 5494 domini
2904 5446 3095 5494 essent
3127 5436 3420 5502 increduli,
3466 5436 3559 5491 ob-

1978 5533 2232 5589 andirent
2277 5532 2359 5588 eis
2395 5540 2689 5601 essentque
2745 5531 3177 5602 arrogantiores,
3207 5529 3559 5585 occasionem

1976 5624 2176 5679 darent
2206 5624 2324 5679 suis
2354 5622 2596 5679 dominis
2625 5620 2864 5676 convitia
2907 5620 3146 5691 jaciendi
3178 5619 3235 5674 in
3274 5618 3559 5674 Christum

1978 5726 2043 5768 ac
2099 5714 2562 5783 praedicationem,
2635 5720 2895 5783 tanquam
2943 5707 3167 5766 occasio
3216 5705 3361 5762 facta
3412 5718 3564 5763 esset

1979 5808 2339 5865 contumacia:
2389 5821 2695 5863 servorum.
2763 5820 2784 5856 ι
2841 5800 2922 5858 Ne
2978 5806 3338 5857 contemnant
3404 5802 3552 5870 quod

1979 5901 2181 5959 fratrea
2221 5901 2353 5958 sint.
2399 5920 2418 5955 ι
2445 5898 2523 5957 Ne
2553 5906 2863 5970 propterea,
2920 5893 3134 5966 inquit,
3175 5893 3320 5965 quod
3373 5893 3548 5957 inter
