3918 6614
417 410 522 477 1δῖ
1465 425 1867 488 (ECUMENII
1906 426 2199 489 TRICCxE
2239 427 2586 490 EPISCOPI
3583 424 3696 489 188

415 528 519 594 sis,
576 534 930 600 contemptus
978 529 1331 585 occasionem
1386 546 1617 587 sumas:
1673 532 1768 587 sed
1819 532 2002 603 potius

2132 550 2218 595 ret.
2248 536 2403 605 φησὶ,
2438 535 2925 607 καταφρονήσεως,
2969 534 3088 589 ἀλλ’
3141 531 3547 605 ἐνθυμούμενον
3604 535 3692 587 ὅτι

418 617 587 672 alacri
645 617 855 685 animo,
896 618 1040 690 quod
1104 618 1290 676 ﬁdeles
1355 619 1469 676 sint
1533 618 1756 691 Dcoque
1813 622 2001 677 dilecti

2132 626 2290 681 τιστοί
2311 629 2418 681 εἱσι
2450 627 2545 682 καὶ
2569 628 2845 698 ἀγαπητοὶ
2874 627 3010 682 Θεοῦ
3064 629 3116 682 οῖ
3146 628 3431 693 δεσπόται,
3490 628 3697 696 μᾶλλον

416 708 651 776 domini,
697 710 875 781 magis
914 711 1219 778 inservias,
1263 712 1447 768 timori
1480 711 1787 782 adiungens
1834 710 2000 768 etiam

2132 716 2348 782 ούλευε,
2419 719 2618 788 μιγνὺς
2671 720 2751 790 τῷ
2799 718 2950 790 φόϐῳ
2981 719 3077 773 καὶ
3106 719 3208 790 τὴν
3255 719 3500 790 ἀγάπην.
3529 720 3698 773 Ὅσον

417 800 798 858 dilectionem.
829 800 1107 870 Quantum
1140 803 1283 858 enim
1325 803 1650 859 beneficium
1676 802 1922 874 recipitis
1947 804 2002 858 in

2132 811 2216 881 ’ἀρ
2248 811 2618 882 εὐηργέτησθε
2654 812 2918 881 ἀδελφοὺς
2973 811 3193 883 ἔχοντες
3219 813 3348 876 τοὺς
3403 811 3695 876 δεσπότας,

415 894 528 950 hoc
567 909 789 966 quoque
829 894 1084 950 dominos
1138 895 1388 949 habeatis
1436 894 1661 960 fratres,
1698 905 1911 950 tantum
1952 907 2007 952 et

418 1003 520 1043 vos
559 989 697 1059 grati
732 989 891 1055 sitis,
939 989 1113 1060 magis
1158 988 1529 1045 inserviendo.
1573 990 1679 1043 Aut
1707 990 1838 1061 quia
1888 990 2007 1047 vice

418 1094 581 1133 versa
618 1079 945 1134 beneﬁcium
978 1096 1007 1133 a
1043 1079 1285 1134 dominis
1316 1081 1590 1152 recipiunt
1619 1080 1748 1136 dum
1783 1082 2008 1137 aluntur

425 1187 489 1226 ac
536 1174 868 1228 vcstiuntur.
921 1192 940 1225 ι
980 1171 1089 1228 Sed
1145 1174 1320 1242 magis
1371 1175 1716 1229 inserviant:
1758 1193 1777 1228 ι
1810 1190 2006 1247 nempe

425 1264 595 1319 servi.
620 1264 783 1336 245
818 1265 922 1319 Per
952 1265 1291 1336 hyperbaton
1343 1267 1489 1322 enim
1527 1268 1770 1339 ponitur.
1813 1268 1873 1323 In
1895 1284 2011 1324 me-

425 1356 518 1412 dio
549 1366 733 1411 autem
774 1357 1007 1423 locetur,
1032 1356 1192 1426 Quod
1238 1359 1427 1415 tideles
1462 1361 1574 1415 sint
1603 1375 1667 1415 ac
1714 1360 1923 1427 dilectl,
1957 1369 2013 1417 et

418 1448 869 1504 subaudiendum
934 1459 1056 1513 est,
1115 1451 1347 1507 domini.
1415 1453 1524 1508 Aut
1573 1453 1903 1524 simpliciter
1951 1462 2010 1510 ut

420 1538 594 1594 habet
626 1540 1034 1612 intelligendum
1068 1552 1151 1598 est
1186 1541 1324 1610 :Qui
1357 1544 1687 1601 beneﬁcium
1714 1547 2012 1618 recipiunt,

420 1633 536 1689 hoc
564 1645 650 1692 est
695 1636 929 1702 domini,
966 1654 1156 1693 curam
1201 1639 1441 1696 habeant
1495 1648 1557 1696 ut
1611 1643 1778 1698 etiam
1836 1646 2014 1701 servis

431 1725 806 1782 benefaciant.
852 1747 871 1780 ι
923 1727 1047 1784 Hmc
1087 1730 1224 1786 doce
1254 1740 1309 1787 et
1347 1732 1657 1789 exhortare.
1688 1752 1706 1786 ι
1735 1733 1855 1791 Non
1878 1751 2015 1793 sane

423 1819 762 1877 auctoritate
814 1821 909 1878 sed
946 1821 1171 1877 lenitate
1195 1822 1406 1891 indiget
1434 1833 1759 1896 praeceptor.

1030 1912 1262 1971 CAPUT
1296 1915 1438 1972 XVI.

642 2004 906 2060 Adversus
941 2022 1153 2069 avaros,
1173 2015 1223 2061 et
1247 2007 1418 2078 falsos
1442 2020 1811 2079 praeceptores.

505 2094 622 2165 νιι,
657 2098 774 2152 3-8.
803 2097 864 2153 Si
888 2100 1005 2167 quis
1036 2098 1302 2154 diversam
1343 2104 1580 2169 sequitur
1607 2103 1929 2170 doctrinam,
1967 2114 2017 2161 et

435 2203 539 2240 non
572 2187 774 2241 accedit
812 2190 960 2243 sanis
1005 2191 1343 2246 sermonibus
1399 2193 1612 2248 Domini
1666 2195 1835 2250 nostri
1889 2194 2019 2252 Jesu

435 2278 657 2341 Christi,
695 2289 744 2335 et
767 2282 817 2335 ei
854 2297 973 2351 quo:
1017 2284 1303 2338 secundum
1332 2285 1580 2353 pietatem
1628 2298 1705 2343 est
1739 2287 2021 2356 doctrinae,

437 2372 482 2427 is
505 2373 728 2442 inflatus
762 2382 861 2436 est,
915 2375 1050 2429 nihil
1071 2378 1266 2444 sciens,
1294 2378 1385 2433 sed
1408 2380 1663 2450 languens
1695 2384 1842 2436 circa
1874 2399 2022 2446 quie-

436 2466 632 2520 stiones
655 2482 719 2520 ac
754 2465 1029 2521 verborum
1055 2484 1286 2541 pugnas,
1313 2487 1377 2526 ex
1399 2472 1589 2543 quibus
1617 2476 1861 2528 nascitur
1886 2476 2022 2530 invi-

438 2559 550 2624 dia,
578 2565 862 2626 contentio.
886 2562 1253 2634 blasphemia,
1278 2571 1606 2639 suspiciones
1640 2573 1819 2639 malae,
1838 2588 2021 2641 super-

438 2668 682 2708 vacanea:
698 2655 1122 2725 conﬂictatrones
1144 2658 1416 2713 hominum
1439 2670 1607 2715 meme
1625 2673 2019 2732 corruptorum,

438 2755 488 2799 et
515 2746 703 2816 quibus
730 2748 979 2817 adempta
1003 2758 1082 2804 est
1111 2752 1302 2806 veritas
1325 2790 1339 2813 .
1390 2754 1482 2822 qui
1527 2754 1834 2808 existimant
1868 2770 2017 2824 quie-

440 2847 581 2891 stum
630 2854 740 2893 esse
787 2840 1057 2907 pietatem.
1095 2840 1383 2913 Sejungere
1426 2844 1492 2897 ab
1539 2844 1605 2898 iis
1636 2845 1725 2915 qui
1760 2843 2021 2914 ejusmodi

440 2939 587 2985 sunt.
621 2933 719 2985 Est
746 2941 921 2987 autem
957 2943 1191 3003 quaestus
1224 2951 1446 3005 magnus
1489 2937 1658 3003 pietas
1682 2953 1800 2991 cum
1843 2940 2022 2993 animo

441 3040 539 3078 sua
575 3034 715 3079 sorte
761 3035 1027 3081 contento.
1082 3026 1236 3081 Nihil
1288 3028 1426 3082 enim
1465 3029 1747 3084 intulimus
1778 3030 1833 3084 in
1883 3030 2023 3087 hunc

442 3114 719 3183 mundum,
746 3117 988 3171 uidelicet
1018 3134 1112 3173 nec
1147 3119 1337 3189 elerre
1371 3120 1659 3191 quidquam
1684 3138 1969 3192 possumus
2002 3137 2021 3178 :

2107 901 2362 955 τοσοῦτον
2388 903 2481 955 καὶ
2516 904 2673 973 ὑμεῖς
2708 904 3021 975 εὐχάριστοι
3057 903 3271 972 γίνεσθε
3309 904 3367 955 ἑν
3397 902 3475 973 τῷ
3494 901 3700 973 μᾶλλον

2107 992 2400 1049 δουλεύειν.
2439 997 2510 1049 Ἢ
2565 996 2648 1050 ὅτι
2707 995 3262 1067 ἀντευεργετούμενοι
3299 995 3452 1065 παρὰ
3475 993 3582 1046 τῶν
3611 994 3703 1047 δε-

2112 1086 2350 1152 σποτῶν,
2384 1086 2472 1141 διὰ
2494 1087 2588 1141 τοῦ
2621 1087 2923 1159 τρέφεσθαι
2962 1087 3061 1141 καὶ
3104 1087 3413 1141 ἐνδύεσθαι.
3457 1105 3475 1138 ι
3530 1084 3701 1140 Ἀλλὰ

2115 1179 2316 1250 μᾶλλον
2347 1179 2748 1235 δουλευέτωσαν
2773 1198 2788 1214 ·
2828 1200 2847 1233 s
2895 1180 3174 1235 τουτέστιν
3203 1182 3252 1233 οἱ
3286 1179 3486 1233 δοῦλοι.
3555 1174 3701 1231 Καθ’

2114 1271 2424 1342 ὑπερὸατδν
2451 1272 2560 1343 γὰρ
2590 1275 2788 1328 κεῖται.
2839 1273 2939 1328 Διὰ
2990 1273 3159 1344 μίσου
3188 1273 3266 1337 δὲ,
3303 1290 3323 1323 ι
3353 1272 3476 1326 Ὅτι
3517 1267 3706 1324 πιστοί

2114 1365 2220 1418 εἰσι
2247 1364 2343 1418 καὶ
2364 1364 2664 1434 ἀγαπητοὶ,
2690 1383 2709 1417 s
2739 1366 2832 1418 καὶ
2857 1380 3218 1436 προσυπακου
3230 1363 3405 1429 στέον,
3429 1364 3477 1416 oi
3505 1360 3709 1416 δεσπό-

2113 1473 2226 1513 ται.
2264 1459 2334 1512 ’Ἠ
2355 1457 2569 1523 ἁπλῶς,
2592 1456 2782 1529 ὥσπερ
2809 1459 3008 1524 κεῖται,
3046 1456 3270 1528 νοητέον
3306 1455 3391 1520 τὸ,
3433 1473 3451 1506 ι
3481 1455 3546 1511 Οἱ
3602 1455 3707 1522 τῆς

2116 1550 2439 1621 εὐεργεσίας
2455 1549 3035 1621 ἀντιλαμϐανόμενοι,ι
3061 1550 3362 1613 τουτέστιν,
3380 1547 3708 1601 οίδεσπόται

2116 1644 2166 1698 οἱ
2186 1642 2562 1714 φροντίζοντες
2594 1642 2689 1697 τοῦ
2719 1645 3028 1714 εὐεργετεῖν
3061 1642 3189 1705 τοὺς
3226 1638 3712 1704 δούλους.ιταῦτα

2117 1731 2335 1786 δίδασκε
2370 1732 2467 1787 καὶ
2499 1733 2829 1801 παρακάλει.
2864 1751 2882 1784 ι
2917 1733 3035 1785 Οὐκ
3073 1732 3183 1803 ἄρα
3216 1728 3530 1798 αὑθεντίας,
3566 1729 3714 1787 ἀλλὰ

2049 1878 2095 1936 Β
2121 1823 2456 1898 προσηνείας
2495 1824 2689 1896 χρῄζει
2717 1825 2745 1877 ὁ
2765 1821 3107 1885 διδάσκαλος.

2710 1916 2960 1970 ΚΕΦΑΛ.
2997 1916 3115 1980 ις’.

2228 2008 2392 2065 Κατὰ
2418 2004 2815 2078 φαοκερδῶν,
2837 2008 2935 2062 καί
2958 2006 3567 2077 ψευδοδιδασκάλων.

2193 2101 2266 2156 Εἴ
2306 2118 2398 2167 τις
2433 2099 2978 2170 ἑτεροδιδασκαλεῖ,
3036 2101 3133 2154 καί
3169 2099 3256 2168 μὴ
3298 2099 3712 2171 προσέρχεται

2120 2192 2463 2261 ὑγιαίνουσι
2502 2190 2710 2260 ⁸λόγοις
2747 2190 2872 2256 τοῖς
2888 2191 2995 2244 τοῦ
3027 2190 3250 2258 Κυρίου
3282 2189 3452 2262 ἡμῶν
3493 2188 3710 2258 Ἰησοῦ

2119 2283 2401 2352 Χριστοῦ,
2466 2282 2566 2337 καὶ
2624 2282 2701 2352 τῇ
2745 2281 2874 2337 κατ’
2914 2282 3231 2338 εὐσέϐειαν
3284 2279 3653 2351 διδασκαλίᾳ
3690 2321 3711 2349 ,

2122 2377 2448 2446 τετύφωται
2496 2374 2692 2444 μηδὲν
2754 2372 3157 2444 ἐπιστάμενος
3183 2415 3197 2438 ,
3270 2374 3431 2430 ἀλλὰ
3497 2374 3714 2429 νοσῶν

2122 2470 2253 2538 περὶ
2287 2465 2562 2537 ζητήσεις
2611 2470 2711 2522 καὶ
2762 2470 3155 2538 λογομαχίας,
3220 2468 3291 2533 ἐξ
3327 2462 3416 2522 ὧν
3480 2468 3716 2538 γίνεται

2122 2562 2367 2631 φθόνος,
2422 2560 2567 2629 ἔρις,
2618 2560 3041 2630 βλασφημίαι,
3085 2560 3366 2616 ὑπόνοιαι
3424 2559 3712 2628 πονηραί,

2122 2651 3034 2723 διαπαρατριϐαίδιεερθαρμένων
3051 2652 3380 2721 ἀνθρώπων
3406 2651 3514 2706 τὸν
3527 2651 3711 2715 νοῦν,

2122 2748 2221 2803 καί
2266 2745 2767 2816 ἀπεστερημένων
2804 2744 2916 2814 τῆς
2973 2745 3283 2813 ἀληθείας.
3340 2742 3715 2811 νομιζόντων

2125 2838 2425 2909 πορισμὸν
2450 2832 2604 2894 εἶναι
2652 2838 2769 2907 τὴν
2811 2839 3147 2894 εὐσέϐειαν.
3209 2837 3534 2908 Ἆςρίστασο
3585 2837 3715 2892 ἀπὸ

2123 2931 2245 2986 τῶν
2264 2931 2570 2986 τοιούτων.
2616 2932 2791 2984 Ἔστι
2815 2927 2883 2982 δὲ
2920 2927 3220 2998 πορισμὸς
3245 2927 3431 2999 μέγας
3458 2927 3497 2995 ή
3534 2925 3719 2982 εὐσέο

2127 3026 2255 3079 ὄεια
2274 3024 2427 3094 μετὰ
2454 3020 2838 3091 αὐταρκείας.
2886 3018 3079 3075 Οὐδὲν
3100 3018 3214 3090 γὰρ
3267 3017 3720 3089 εἰσηνέγκαμεν

2125 3118 2214 3184 εἰς
2262 3115 2370 3170 τὸν
2421 3116 2676 3184 κόσμον,
2725 3113 3013 3182 δηλονότι
3069 3109 3215 3167 οὐδὲ
3272 3110 3613 3180 ἐξενεγκεῖν
3656 3127 3721 3165 τι

441 3206 535 3263 sed
562 3209 814 3264 habentes
840 3209 1103 3265 alimenta
1150 3219 1201 3266 et
1246 3212 1432 3283 quibus
1467 3223 1726 3285 tegantur,
1774 3214 1855 3269 his
1891 3231 2018 3271 con-

2132 3207 2455 3278 δυνάμεθα.
2505 3209 2794 3276 Ἔχοντες
2834 3204 2904 3260 δὲ
2949 3204 3278 3275 διατροφὰς
3334 3202 3434 3258 καί
3477 3201 3719 3259 σκεπάι

442 3302 575 3358 lenti
597 3304 814 3358 erimus.

519 3411 540 3446 ι
576 3391 857 3450 Diversam
895 3401 1149 3467 sequitur
1164 3396 1475 3454 doctrinam
1509 3418 1522 3455 :
1556 3420 1575 3454 ι
1603 3401 1708 3458 hoc
1733 3411 1838 3469 est,
1861 3403 2023 3460 aliam

444 3485 516 3542 ab
537 3501 600 3541 ea
631 3502 754 3558 qua:
796 3496 945 3544 recta
978 3496 1084 3545 est.
1126 3509 1145 3542 ι
1173 3489 1240 3544 Ει
1270 3491 1321 3546 ei
1360 3508 1482 3563 qua:
1513 3496 1813 3550 secundum
1857 3497 2027 3566 pieta-

447 3586 555 3633 tem
580 3584 665 3633 est
691 3577 980 3635 doctrina}.
1016 3598 1036 3632 ι
1062 3579 1220 3647 Quod
1251 3583 1390 3637 dixit
1415 3599 1428 3637 :
1460 3581 1624 3640 Sanis
1654 3586 2027 3656 sermonibus,

447 3668 551 3725 hoc
600 3685 748 3726 nunc
782 3680 945 3728 vocat
994 3670 1307 3728 doctrinam
1363 3675 1672 3732 secundum
1731 3678 2027 3747 pietatem,

445 3761 756 3817 doctrinam
812 3762 1069 3820 videlicet
1129 3763 1279 3821 lidei.
1356 3785 1375 3819 ι
1433 3765 1661 3824 lnllatus
1720 3778 1841 3836 est,
1890 3770 2029 3826 nihil

446 3859 654 3913 sciens.
698 3875 718 3912 ι
746 3858 883 3913 Nam
913 3860 1004 3930 qui
1037 3874 1101 3915 ea
1140 3875 1251 3915 non
1287 3862 1439 3918 novit
1476 3878 1598 3934 quae
1625 3864 1769 3920 scire
1791 3871 2027 3934 oportet,

446 3950 494 4006 is
517 3950 656 4004 nihil
693 3951 816 4007 scit.
852 3950 956 4018 Qui
1000 3968 1129 4009 vero
1154 3968 1217 4009 ea
1250 3969 1373 4024 quae
1395 3969 1530 4010 sana
1560 3963 1689 4010 sunt
1711 3970 1817 4011 non
1849 3958 2026 4013 novit.

446 4040 495 4093 is
534 4053 670 4094 sane
698 4040 1037 4098 daemoniaca
1075 4044 1248 4098 novit.
1281 4043 1453 4100 Porro
1503 4042 1681 4100 fastus
1732 4060 1823 4102 res
1852 4047 2030 4102 amica

444 4141 529 4190 est
580 4149 645 4192 ac
705 4137 928 4206 propria
962 4138 1327 4196 daemonibus.
1359 4157 1379 4193 ι
1410 4138 1572 4208 βίιίοα
1610 4140 1946 4210 quaestiones
1969 4154 2033 4197 ac

444 4223 879 4296 disputationum
921 4243 1154 4299 pugnas.
1190 4247 1210 4283 ι
1246 4230 1304 4284 Si
1340 4230 1486 4286 enim
1530 4244 1640 4285 non
1686 4232 1906 4297 credas,
1930 4230 2030 4288 sed

446 4316 705 4389 inquiris,
742 4334 970 4375 necesse
994 4328 1078 4378 est
1102 4321 1398 4393 verborum
1425 4337 1637 4393 pugnas
1671 4338 1793 4379 esse
1815 4338 1879 4378 ac
1912 4324 2033 4381 dis;

446 4388 733 4467 sentiones
760 4412 1059 4468 rationum.
1097 4388 1379 4483 Siquiilem
1411 4388 1540 4484 quia
1567 4412 2032 4472 Christianismus

447 4499 635 4556 futura
691 4503 995 4573 promittit,
1056 4503 1223 4577 25,6
1272 4519 1395 4575 quae
1438 4504 1616 4560 oculis
1665 4504 2032 4561 demonstrari

2128 3315 2346 3371 σματα,
2379 3297 2614 3365 τούτοις
2635 3297 3155 3366 ἀρκεσθησόμεθα.

2211 3410 2229 3443 ι
2276 3388 2801 3461 Ἐτεροδιδασκαλεῖ,
2869 3407 2891 3439 ι
2938 3387 3243 3450 τουτέστιν,
3278 3385 3441 3458 ἔτερα
3462 3386 3613 3456 παρὰ
3643 3384 3723 3440 τὰ

2130 3483 2265 3557 όρθὰ
2291 3483 2554 3537 διδάσκει.
2583 3500 2602 3534 ι
2640 3482 2750 3534 Καὶ
2784 3483 2850 3553 τῇ
2879 3481 2999 3534 κατ’
3028 3478 3314 3533 εὐσέϐειαν
3336 3477 3717 3551 διδασκαλίᾳ.»

2137 3577 2203 3631 Ὀ
2236 3571 2412 3643 εἶπεν,
2452 3593 2470 3627 ι
2513 3573 2852 3643 Ὑγιαίνουσι
2880 3572 3084 3642 λόγοις,
3113 3590 3132 3623 ι
3166 3572 3326 3626 τοῦτό
3362 3587 3520 3644 φησι,
3551 3590 3571 3625 ι
3605 3573 3726 3626 Καὶ

2132 3662 2198 3742 τῇ
2220 3670 2341 3726 κατ’
2360 3667 2643 3723 εὑσέΰειαν
2662 3666 3004 3740 διδασκαλίᾳ,
3031 3686 3049 3719 ι
3073 3669 3138 3738 τῇ
3158 3666 3255 3737 τῆς
3270 3666 3507 3731 πίστεως
3521 3666 3725 3737 δηλον-

2132 3767 2234 3822 ότι.
2296 3784 2315 3817 ι
2350 3762 2673 3833 Τετύφωται
2703 3761 2871 3832 μηδὲν
2905 3759 3292 3829 ἐπιστάμενος.
3330 3777 3349 3810 ι
3402 3757 3462 3813 Ὀ
3498 3761 3609 3830 γὰρ
3640 3757 3726 3830 μὴ

2083 3878 2088 3882 -
2133 3855 2289 3921 εἰδὼς
2308 3854 2344 3910 ἃ
2372 3856 2452 3909 δεῖ
2483 3855 2707 3918 εἰδέναι,
2760 3853 2915 3908 οὐδὲν
2947 3854 3259 3909 ἐπίσταται.
3301 3852 3359 3905 Ὀ
3388 3851 3446 3905 δὲ
3491 3852 3561 3905 τὰ
3588 3852 3725 3925 ὑγιῆ

2137 3949 2213 4020 μὴ
2251 3948 2639 4019 ἐπιστάμενος,
2662 3946 2910 4016 δηλονότι
2938 3945 3008 3999 τὰ
3038 3945 3370 4017 δαιμονιώδη
3401 3945 3722 4000 ἐπίσταται.

2133 4042 2289 4096 Φίλον
2347 4040 2405 4095 δὲ
2456 4042 2570 4102 τοῖς
2598 4039 2825 4112 δαίμοσι
2867 4039 2962 4093 καὶ
2991 4039 3193 4093 οἰκεῖον
3230 4037 3475 4108 ότῦφος.
3520 4055 3539 4090 ι
3583 4037 3727 4111 Περὶ

2135 4136 2392 4207 ζητήσεις
2418 4134 2513 4189 καὶ
2541 4133 2899 4205 λογομαχίας.
2932 4150 2952 4185 s
2997 4131 3124 4187 Ἐὰν
3146 4131 3257 4203 γὰρ
3291 4132 3366 4204 μὴ
3428 4131 3721 4203 πιστεύῃς,

2135 4227 2316 4299 ζητεῖς
2346 4226 2429 4293 δὲ,
2458 4225 2673 4297 ἀνάγκη
2702 4224 3040 4295 λογομαχίας
3070 4219 3211 4279 εἶναι
3242 4224 3336 4278 καὶ
3365 4222 3589 4287 στάσεις
3633 4223 3724 4278 λο-

2135 4319 2374 4391 γισμῶν.
2419 4318 2638 4391 Ἐπειδὴ
2670 4319 2779 4389 γὰρ
2807 4320 2835 4373 ὁ
2867 4316 3302 4390 Χριστιανισμδς
3327 4317 3396 4370 τὰ
3453 4315 3723 4387 μέλλοντα

2137 4411 2552 4481 ἐπαγγέλλεται,
2591 4412 2692 4465 οὐκ
2724 4410 2841 4464 εστι
2866 4409 2925 4464 δὲ
2966 4407 3140 4464 ταῦτα
3171 4408 3475 4479 ὀφθαλμοῖς
3509 4407 3718 4461 ἐπιδεῖ-

2142 4502 2254 4569 ξαι,
2292 4504 2506 4575 ἀνάγκη
2553 4495 2789 4567 πίστεως
2840 4501 3023 4573 χρεία.
3059 4502 3206 4573 Ὅρα
3233 4501 3312 4565 δὲ,
3339 4500 3424 4554 ὅτι
3446 4498 3510 4553 τδ
3530 4497 3723 4571 ζητεῖν

449 4600 753 4662 nequeunt,
784 4595 1096 4649 necessaria
1119 4602 1202 4649 est
1235 4594 1393 4650 ﬁdes.
1417 4592 1716 4650 Considera
1732 4609 1864 4651 vero
1892 4611 2024 4667 quos

2143 4598 2318 4650 νοσεῖν
2383 4597 2523 4650 ἔστι.
2586 4615 2605 4649 ι
2668 4594 3044 4666 Βλασφημίαι.
3086 4611 3106 4647 ι
3157 4593 3401 4663 ’Δνάγκη
3456 4591 3569 4664 γὰρ
3631 4591 3727 4645 τὸν

449 4683 765 4741 consultare
782 4693 837 4739 et
861 4684 1138 4756 inquirere
1159 4695 1244 4743 est
1260 4696 1547 4756 aegrotare.
1570 4706 1589 4739 ι
1614 4686 2030 4758 ΒΙοεβίιειηίω.»

450 4771 686 4832 Necesse
715 4785 801 4832 est
829 4777 976 4831 enim
1005 4793 1130 4834 eum
1156 4779 1251 4848 qui
1275 4778 1532 4835 humanis
1569 4780 1838 4849 permittit
1863 4781 2037 4837 ratio-

451 4868 615 4925 nibus
652 4869 860 4937 divina,
916 4874 1081 4926 etiam
1134 4873 1189 4928 in
1249 4872 1623 4942 blasphemias
1677 4873 1922 4931 incidere
1965 4891 2032 4932 ex

451 4962 868 5031 quaestionibus.
919 4982 940 5017 ι
987 4964 1343 5036 Suspiciones
1374 4966 1551 5021 malae.
1598 4984 1617 5020 ι
1656 4965 1771 5023 Hoc
1793 4975 1877 5024 est
1910 4972 2036 5040 opi-

451 5052 647 5109 niones
700 5062 756 5109 et
801 5055 1111 5112 adulterina
1172 5056 1451 5127 dogmata.
1524 5075 1545 5110 s
1599 5057 2036 5130 Supervacanea

450 5144 912 5204 conﬂictationcs.
953 5168 972 5201 ι
1036 5148 1208 5205 Morbi
1262 5165 1668 5223 pravorumque
1718 5152 2033 5225 dogmatum

455 5238 778 5297 transfusio.
816 5239 1064 5297 Sutnitur
1093 5253 1276 5300 autent
1312 5245 1636 5317 metaphora
1668 5246 1724 5302 in
1757 5262 1889 5303 voce
1917 5247 2034 5302 δια-

453 5332 817 5404 παρατριόαί,
848 5349 877 5388 a
912 5336 1181 5394 scabiosis
1215 5337 1412 5394 ovibus
1446 5353 1570 5409 quin
1608 5339 1893 5410 applicata
1916 5340 2040 5397 aliis

454 5433 509 5477 et
532 5426 754 5490 attritas,
776 5426 941 5480 etiam
973 5442 1139 5484 sanas
1165 5432 1357 5486 morbo
1388 5431 1637 5502 implent.
1657 5449 1676 5483 ι
1704 5431 1810 5499 Qui
1843 5432 2040 5488 existi-

459 5526 615 5572 mant
675 5530 946 5589 quaestum
970 5535 1095 5578 esse
1124 5522 1399 5592 pietatem.
1446 5543 1466 5579 ι
1500 5522 1668 5581 Vides
1694 5525 1842 5597 quod
1867 5526 2033 5581 etiam

454 5621 652 5679 pugna:
679 5610 971 5666 verborum
1005 5618 1165 5683 turpe
1195 5614 1406 5670 lucrum
1430 5615 1681 5685 pariunt?
1701 5615 1813 5672 Nec
1837 5616 2034 5671 mirum

452 5699 550 5772 qui
610 5701 759 5758 enim
823 5704 1005 5763 verbis
1043 5708 1406 5772 contendunt,
1463 5708 1649 5779 plures
1704 5708 2039 5765 attraliendo

454 5794 793 5869 discipulos,
822 5813 890 5854 ex
939 5798 1028 5857 his
1078 5808 1350 5872 questum
1407 5800 1640 5867 faciunt,
1673 5802 1787 5859 sive
1825 5802 2037 5859 lucrum

465 5888 844 5961 pecuniarum.
882 5890 1120 5969 Fingunt
1152 5893 1297 5952 enim
1345 5894 1599 5967 pietatem
1649 5901 1705 5950 ut
1736 5909 1832 5967 per
1863 5892 2038 5969 ipsam

2142 4689 2424 4757 λογισμοῖς
2456 4686 2823 4756 ἀνθρωπίνοις
2869 4686 2941 4739 τὰ
2966 4683 3110 4739 κατὰ
3149 4683 3283 4739 Θεὸν
3330 4684 3728 4755 ἔπιτρέποντα,

2141 4780 2236 4833 καὶ
2281 4778 2621 4850 βλασφημεῖν
2669 4778 2736 4830 ὲκ
2774 4777 2884 4830 τῶν
2909 4773 3217 4846 ζητήσεων.
3254 4793 3275 4828 ι
3323 4773 3605 4829 ’Υπόνοιαι
3638 4791 3730 4829 πο-

2140 4868 2325 4940 νηραί.
2365 4886 2384 4921 ι
2412 4862 2562 4931 Οἷον,
2612 4865 2787 4931 δόξαι,
2848 4866 2944 4920 καὶ
2978 4865 3227 4935 δόγματα
3257 4863 3410 4919 νόθα.
3458 4883 3479 4917 ι
3518 4865 3737 4917 Atana-

2142 4958 2458 5032 ρατριόαί.»
2488 4959 2602 5029 Τῆς
2635 4958 2794 5012 νόσου
2819 4958 2928 5012 τῶν
2963 4958 3152 5011 κακῶν
3176 4956 3465 5026 δογμάτων
3498 4955 3733 5026 μετάδοο

2142 5068 2249 5115 σις,
2290 5050 2399 5104 ἀπὸ
2432 5051 2750 5121 μεταφορᾶς
2772 5049 2881 5102 τῶν
2932 5047 3233 5119 ψωραλέων
3261 5047 3576 5118 προβάτων.
3606 5048 3730 5101 Ila.-

2145 5143 2518 5216 ρατριδόμενα
2544 5142 2675 5215 γὰρ,
2707 5142 2868 5197 νόσου
2897 5143 3101 5213 πληροῖ
3130 5140 3229 5194 καὶ
3271 5140 3343 5193 τὰ
3381 5139 3727 5207 ὑγιαίνοντα.

2147 5256 2167 5289 ι
2211 5236 2562 5308 Νομιζόντων
2588 5236 2858 5308 πορισμὸν
2889 5230 3033 5290 εἶναι
3057 5234 3157 5306 τὴν
3174 5231 3479 5287 εὐσέὸειαν.
3509 5251 3530 5286 s
3563 5233 3736 5305 Ὁρᾷς

2140 5329 2223 5382 ὅτι
2247 5328 2342 5382 καὶ
2373 5330 2429 5381 al
2448 5326 2778 5398 λογομαχίαι
2804 5327 2900 5379 καὶ
2927 5323 3382 5397 αἰσχροκέρδειαν
3407 5322 3733 5388 τίκτουσιν;

2144 5421 2405 5485 Εἰκότως.
2443 5421 2504 5476 El.
2556 5422 2665 5495 γὰρ
2724 5420 2976 5494 μαθητὰς
3035 5419 3290 5483 πλείονας
3347 5418 3398 5473 oi
3429 5417 3737 5490 λογομάχοι

2142 5515 2553 5586 ἐπισυρόμενοι,
2589 5514 2655 5569 ἐκ
2693 5513 2902 5567 τούτων
2941 5512 3377 5585 χρηματίζονται
3433 5511 3733 5583 πορισμὸν,

2144 5606 2282 5672 οἷον,
2336 5608 2638 5678 χρημάτων
2689 5606 2879 5678 κέρδος
2929 5608 3341 5676 (ὑποκρίνονται
3406 5603 3519 5677 γὰρ
3576 5603 3738 5657 stici-

2145 5702 2319 5769 δειαν,
2366 5700 2454 5755 ἵνα
2482 5700 2550 5756 δι’
2583 5701 2753 5772 αὐτῆς
2791 5698 3204 5771 ὲρανίζωνται)·
3237 5717 3260 5750 ι
3284 5696 3590 5767 ’Δφίστασο
3620 5696 3739 5751 ἀπὸ

2147 5794 2259 5849 τῶν
2289 5791 2600 5852 τοιούτων.»
2642 5791 2759 5846 Οὐκ
2789 5787 2937 5855 εἶπε,
2970 5788 3296 5861 Συμπλὲκου
3322 5790 3438 5855 τοῖς
3464 5788 3741 5853 τοιούτοις

2149 5892 2242 5949 καὶ
2280 5890 2603 5966 ἁντιμὰχου,
2631 5890 2765 5960 ἀλλ’,
2813 5908 2831 5943 ι
2878 5888 3190 5961 ’Δφίστασο,
3224 5906 3243 5941 ι
3297 5885 3437 5960 μετὰ
3473 5887 3607 5960 μίαν
3640 5890 3736 5942 καὶ
