3988 6586
235 397 346 466 189

1220 417 1609 482 COMMENT.
1654 421 1735 483 IN
1769 423 2015 487 EPIST.
2049 427 2076 486 Ι
2119 426 2220 487 ΑΙ)
2259 428 2578 490 ΤΙΜΟΤΗ.

3418 428 3528 496 190

228 518 502 615 δευτέραν
555 523 866 582 νουθεσίαν.
933 527 1280 600 ’Δνθρώπους
1346 534 1456 605 γὰρ
1528 535 1813 606 χρημάτωι

1933 547 2254 608 congeram.
2286 559 2304 592 ι
2338 539 2638 612 Sejungere
2668 541 2736 597 ab
2769 541 2838 598 iis
2873 541 2967 615 qui
2995 541 3269 614 ejusmodi
3299 549 3452 599 sunt.
3495 562 3516 596 ι

229 610 401 666 ἓνεκα
421 616 794 686 μαχομένους,
817 618 948 672 πότε
975 619 1180 694 δυνήσῃ
1207 625 1423 690 micat;
1442 626 1830 698 Ἀδιορθώτους

232 705 423 760 τοίνυν
457 707 624 774 ὄντας
648 711 940 784 ὲκτρέπου.
979 733 999 766 ‹
1033 715 1192 769 Ἔστι
1221 717 1278 770 δὲ
1303 720 1576 790 πορισμὸς
1601 719 1826 791 μέγας.»

235 797 297 850 Οί
334 798 442 868 μὲν
476 797 574 856 οὖν
611 804 672 856 ἐν
705 804 882 877 τούτῳ
927 805 1028 876 τὴν
1081 809 1368 864 εὐσέϐειαν
1424 813 1828 884 ὑποκρίνονται,

233 890 324 943 ἵνα
355 893 644 962 πρόφασιν
679 899 953 969 πορισμοῦ
985 901 1081 954 καὶ
1109 901 1336 974 κέρδους
1362 903 1626 960 λάϐωσιν.
1675 906 1830 959 Ἐστι

227 980 288 1034 δὲ
322 983 529 1054 ἀληθὲς
557 988 768 1058 κέρδος,
811 992 952 1064 αὐτὴ
981 995 1103 1047 καθ’
1134 995 1338 1066 ἑαυτὴν
1374 999 1408 1066 ἡ
1445 997 1718 1060 εὐσέϐεια,
1738 1001 1830 1052 καὶ

229 1072 417 1129 ταῦτα
449 1077 518 1131 τὰ
552 1079 802 1151 αὐτάρκη
845 1081 1064 1154 ἔχουσα,
1096 1086 1192 1138 καὶ
1228 1085 1303 1158 μὴ
1335 1089 1740 1159 περισσεύουσα
1771 1091 1829 1142 ἐν

229 1169 350 1232 τοῖς
382 1171 696 1238 σαρκικοῖς.
743 1176 815 1228 Ἥ
845 1177 926 1229 ὄτι
951 1177 1142 1247 κέρδος
1167 1180 1318 1235 ἐστὶν
1347 1183 1380 1250 ἠ
1421 1181 1695 1247 εὐσέϐεια,
1734 1185 1830 1238 ἐὰν

229 1260 331 1312 καὶ
363 1262 535 1331 ἡμεῖς
568 1265 645 1336 μὴ
667 1265 934 1322 πλειόνων
970 1270 1256 1341 ἐφιέμεθα,
1310 1273 1447 1331 ἀλλὰ
1505 1277 1572 1346 τῇ
1622 1277 1828 1348 αὐταρ-

228 1350 360 1422 κείᾳ
413 1356 738 1425 στοιχῶμεν.
770 1378 789 1408 σ
826 1361 994 1414 Οὐδὲν
1029 1364 1139 1433 γὰρ
1172 1366 1574 1439 εἰσηνέγκαμεν
1619 1371 1702 1433 είς
1735 1370 1828 1424 τὸν

229 1443 469 1514 κόσμον.
511 1467 531 1499 ι
571 1451 630 1502 Εἰ
663 1451 817 1506 οὐδὲν
844 1456 1268 1529 εἰσηνέγκαμεν,
1322 1460 1421 1516 καὶ
1446 1462 1598 1517 οὐδὲν
1627 1463 1828 1518 ἐκϐάλ-

226 1534 448 1604 λομεν,
511 1543 596 1604 τίς
655 1546 816 1615 χρεία
870 1547 967 1601 τοῦ
1031 1549 1177 1620 ἔχειν
1238 1553 1381 1625 ὑπὲρ
1431 1555 1532 1617 τὴν
1603 1558 1823 1627 χρείαν;

230 1646 249 1680 ι
305 1631 569 1701 Ἔχοντες
597 1637 654 1690 δὲ
681 1638 1000 1712 διατροφάς.
1043 1663 1061 1696 ι
1100 1645 1370 1713 Τοσαῦτα,
1407 1650 1597 1720 φησὶν,
1623 1649 1826 1706 ἐσθίειν

225 1724 362 1796 χρὴ,
393 1728 496 1782 ὅσα
532 1728 731 1802 θρέψαι
760 1736 942 1806 ἀρκεῖ,
973 1738 1074 1809 οὐχ
1104 1740 1205 1794 ὅσα
1227 1743 1440 1813 τρυφὴν
1493 1745 1820 1816 ὲμποιῆσαιο

224 1819 325 1871 καὶ
406 1823 648 1878 τοσαῦτα
701 1829 1073 1901 σκεπασθῆναι
1128 1834 1224 1886 καὶ
1288 1837 1536 1900 τοιαῦτα,
1597 1839 1673 1902 ὡς
1723 1840 1824 1910 τὴν

1934 629 2052 687 Non
2083 633 2222 688 dixit
2253 649 2266 686 :
2295 633 2581 706 lmplicare
2616 635 2817 691 talibus
2844 645 2898 692 et
2931 651 2961 692 e
2985 637 3201 692 diverso
3223 634 3524 706 contende,

1933 724 2052 791 sed,
2083 725 2384 798 Sejuugere
2406 739 2528 799 post
2552 745 2658 784 una
2681 737 2790 784 met
2810 729 3038 785 alteram
3062 730 3515 791 admonitionem.

1933 817 2165 884 Quando
2227 823 2372 876 enim
2429 823 2762 892 persuadere
2822 823 3028 892 poteris
3068 821 3384 876 hominibus
3422 820 3520 892 qui

1932 913 2178 982 pecuniae
2211 915 2388 984 gratia
2424 915 2704 985 pugnant?
2739 915 2875 972 Cum
2919 915 3086 985 igitur
3110 914 3520 984 incorrigi‘biles

1931 1006 2042 1060 sint
2102 1007 2282 1060 devita
2324 1007 2467 1062 illos.
2507 1025 2525 1058 ‹
2571 1008 2663 1063 list
2705 1015 2887 1062 autem
2929 1019 3173 1078 quaestus
3201 1022 3451 1078 magnus.
3492 1025 3512 1058 ι

1929 1094 2011 1150 Illi
2051 1097 2271 1167 quidem
2304 1097 2358 1150 in
2392 1098 2494 1152 boc
2550 1097 2761 1167 ﬁngunt
2816 1098 3074 1168 pietatem
3115 1106 3170 1152 ut
3198 1105 3440 1167 quaestus
3465 1104 3520 1151 et

1931 1187 2066 1243 lucri
2118 1205 2310 1244 ansam
2371 1191 2666 1261 accipiant.
2723 1191 2925 1246 Verum
2983 1199 3165 1246 autem
3200 1191 3409 1245 lucrum
3434 1196 3519 1244 est

1931 1280 2050 1350 ipsa
2083 1280 2258 1351 pictas
2300 1281 2354 1336 in
2397 1283 2714 1353 semetipsa,
2739 1292 2793 1339 et
2829 1285 2940 1338 haec
2967 1283 3177 1338 habens
3217 1297 3340 1352 qua:
3379 1280 3516 1337 satis

1930 1373 2063 1435 sint,
2101 1383 2155 1427 et
2186 1390 2293 1429 non
2322 1390 2443 1444 qua:
2474 1379 2779 1431 exuberent
2813 1375 2866 1430 in
2902 1377 3067 1431 rebus
3098 1375 3515 1445 temporalibus.

1927 1465 2037 1518 Aut
2065 1465 2210 1534 quod
2254 1466 2463 1520 lucrum
2504 1476 2587 1520 est
2633 1467 2748 1536 ipsa
2812 1467 3004 1535 pietas,
3050 1466 3094 1520 si
3153 1482 3252 1520 nos
3297 1479 3518 1534 quoque

1929 1574 2038 1614 non
2076 1560 2233 1629 plura
2264 1568 2534 1630 petamus,
2567 1561 2661 1614 sed
2693 1560 2744 1613 in
2779 1559 3104 1614 sulﬁcientia
3130 1558 3512 1628 persistamus.

1934 1669 1954 1702 ι
1987 1647 2134 1704 Nihil
2165 1651 2311 1705 enim
2348 1650 2725 1704 intulimusiu
2751 1651 2895 1703 hunc
2929 1648 3214 1702 mundutn.
3243 1665 3260 1699 ι
3288 1646 3344 1701 Si
3381 1647 3516 1702 nihil

1928 1743 2236 1809 intulimus,
2281 1759 2382 1799 nec
2413 1742 2711 1814 quidquam
2767 1742 3083 1804 eﬂ‘cremus,
3117 1756 3381 1809 quorsum
3416 1741 3514 1795 ha-

1929 1836 2058 1890 bere
2123 1836 2374 1907 cupimus
2435 1837 2576 1891 ultra
2630 1836 2980 1891 necessaria?
3033 1854 3050 1887 ι
3090 1833 3196 1890 Sed
3248 1834 3516 1890 habentes

223 1908 520 1980 γύμνωσιν
543 1918 838 1983 σκεπάσαι,
872 1923 971 1992 οὐχ
1003 1923 1105 1976 ὅσα
1138 1923 1342 1996 θρῦψιν
1386 1928 1690 1998 ἐμποιῆσαι
1721 1931 1813 1984 καὶ

1929 1906 2206 1984 alimenta.
2239 1949 2257 1982 ι
2293 1929 2549 1992 Tantum,
2582 1929 2780 2000 inquit,
2810 1929 2976 1984 edere
3005 1937 3223 1999 oportet
3249 1936 3516 1999 quantum

222 2000 496 2069 βλακείαν
528 2011 640 2071 τοῖς
665 2012 914 2082 φοροῦσι.
944 2013 1114 2069 Τοῦτο
1132 2016 1242 2088 γὰρ
1268 2018 1329 2070 τὸ
1358 2019 1455 2090 τῆς
1489 2022 1694 2093 τροφῆς
1724 2024 1820 2078 καὶ

219 2099 333 2151 τῶν
366 2104 778 2174 σκεπασμάτων
807 2109 870 2180 δη
879 2108 980 2166 λοῖ.

1931 2027 2066 2082 satis
2117 2027 2187 2082 sit
2235 2027 2301 2081 ad
2355 2026 2630 2092 alendum,
2681 2041 2788 2080 non
2839 2033 3105 2095 quantum
3157 2031 3415 2093 prevocet
3449 2023 3516 2077 ad

1930 2117 2373 2174 delectationem.
2435 2117 2502 2171 Et
2547 2127 2622 2172 tot
2669 2132 2733 2172 ac
2790 2118 2993 2172 talibus
3029 2115 3234 2185 oneriri
3269 2123 3514 2188 Oportet,

218 2206 350 2259 quae
392 2194 698 2251 nuditatem
731 2207 936 2269 tegant,
972 2216 1082 2257 non
1133 2217 1256 2274 quae
1280 2205 1506 2262 delicias
1552 2207 1814 2262 inducant
1857 2223 1921 2264 ac
1954 2209 2236 2264 mollitiem
2269 2207 2520 2262 aderant.
2581 2207 2696 2264 [loc
2770 2209 2918 2265 enim
2974 2207 3226 2277 designat
3313 2221 3515 2263 nomen

217 2288 474 2345 alimenti
511 2307 574 2347 ac
615 2299 934 2366 tegumenti.

293 2391 362 2442 οι
401 2389 472 2443 δὲ
531 2393 906 2464 ,ϐουλόμενοι
947 2398 1257 2461 πλουτεῖν,
1282 2399 1693 2470 ἐμπίπτουσιν
1726 2405 1814 2468 είς

219 2486 570 2555 πειρασμὸν
615 2486 714 2542 καί
761 2489 989 2559 παγίδα
1047 2493 1142 2545 καὶ
1190 2493 1508 2564 ἐπιθυμίας
1573 2499 1814 2563 πολλὰς

215 2577 528 2645 ἀνοήτους
566 2581 661 2634 καί
699 2581 1026 2653 βλαϐερὰς,
1058 2586 1283 2652 αἵτινες
1318 2585 1638 2651 ,ϐυθίζουσι
1670 2591 1814 2656 τοὺς

217 2666 579 2766 ἀνθρώπους
601 2672 688 2737 εἰς
711 2671 962 2742 ὄλεθρον
991 2675 1088 2728 καὶ
1112 2675 1458 2766 ἀπώλειανἱ
1485 2679 1646 2740 Ῥίζα
1700 2685 1812 2750 γὰρ

218 2758 474 2814 πάντων
491 2763 606 2816 τῶν
643 2765 846 2819 κακῶν
865 2766 1041 2821 ἐστιν
1067 2767 1106 2835 ἠ
1145 2758 1529 2840 φιλοργ-ιψῖἀ,
1558 2769 1632 2841 ἧς
1656 2791 1814 2841 τινες

216 2854 568 2922 ὀρεγόμενοι
622 2857 1152 2926 ἀπεπλανήθησαν
1204 2863 1321 2916 ἀπὸ
1369 2863 1481 2931 τῆς
1528 2865 1810 2930 πίστεως,

215 2945 322 2999 καί
381 2947 638 3014 ἑαυτοὺς
681 2952 1065 3022 περιέπειραν
1100 2954 1349 3020 ὀδύναις
1407 2958 1686 3024 πολλαῖς,
1726 2961 1810 3014 Σὺ

213 3041 311 3106 δὲ,
334 3037 384 3096 ὧ
406 3042 683 3110 ἄνθρωπε
713 3047 821 3100 τοῦ
849 3048 1018 3114 Θεοῦ,
1050 3049 1239 3103 ταῦτα
1270 3051 1477 3120 φεῦγε.
1509 3052 1692 3107 Alcone
1741 3053 1810 3107 δὲ

212 3131 641 3200 δικαιοσύνην,
677 3135 1013 3202 εὐσέϐειαν,
1065 3141 1299 3206 πίστιν,
1340 3141 1600 3209 ἀγάπην,
1658 3146 1807 3198 ὐπο-

1992 2398 2085 2461 Vl,
2128 2400 2278 2454 9-12.
2322 2400 2584 2455 Craterum
2611 2402 2702 2471 qui
2743 2402 2921 2456 volunt
2966 2400 3240 2462 ditescere,
3274 2399 3516 2454 incidunt

1919 2494 1975 2547 in
2009 2495 2348 2550 tentationem
2374 2505 2421 2548 ct
2454 2498 2698 2564 laqueum
2730 2505 2778 2548 et
2807 2496 3120 2563 cupiditates
3149 2495 3344 2548 multas
3370 2495 3511 2547 stul-

1921 2594 2004 2640 tas
2042 2602 2103 2640 ac
2130 2588 2339 2651 noxias,
2372 2604 2487 2655 qua:
2517 2589 2823 2655 demergunt
2857 2587 3091 2640 homines
3122 2587 3176 2639 in
3217 2585 3437 2639 exitium
3465 2591 3515 2638 et

1917 2679 2217 2734 interitum.
2279 2677 2548 2749 Siquidem
2600 2679 2759 2733 radix
2815 2680 3049 2732 omnium
3125 2680 3386 2730 malorum
3433 2684 3512 2729 est

1919 2768 2156 2819 studium
2190 2769 2446 2834 pecuniae,
2496 2783 2654 2837 quam
2701 2767 2921 2838 quidam
2966 2767 3089 2819 dum
3127 2771 3396 2833 appetunt,
3421 2763 3517 2816 ali-

1916 2868 2226 2911 erraverunt
2267 2875 2300 2912 α
2347 2857 2452 2928 ﬁde
2493 2868 2542 2912 et
2574 2860 2772 2925 seipsos
2807 2858 3180 2925 implicuerunt
3239 2856 3512 2911 doloribus

1918 2951 2120 3005 multis.
2165 2954 2236 3004 Tu
2269 2967 2459 3015 rero,o
2500 2951 2656 3005 homo
2693 2951 2809 3014 Dei,
2857 2952 2967 3005 [nec
3008 2950 3175 3019 fuge:
3205 2964 3516 3018 prosequere

1915 3054 2091 3096 autem
2139 3045 2435 3112 justitiam,
2485 3045 2756 3112 pietatem,
2792 3044 3130 3106 charitatem,
3171 3041 3508 3109 patientiam,

1912 3135 2073 3208 247
2106 3133 2584 3188 mansuetudinem.
2623 3133 2783 3188 Certa
2820 3135 3011 3187 bonum
3047 3141 3308 3186 certamen
3331 3129 3458 3200 ﬁdei
3486 3167 3510 3196 ,

209 3223 441 3290 μονὴν.
471 3226 798 3294 πραότητα.
844 3229 1152 3296 ’Λγωνίζυυ
1207 3233 1317 3287 τὸν
1370 3235 1566 3288 καλὸν
1609 3235 1810 3304 ἀγῶνα

1922 3228 2242 3298 apprehende
2290 3229 2450 3282 vitam
2488 3239 2764 3292 wternam,
2811 3228 2878 3280 ad
2923 3243 3079 3296 quam
3127 3234 3176 3279 et
3215 3233 3430 3279 vocatus
3453 3239 3508 3276 es

215 3313 331 3381 τῆς
356 3316 638 3383 πίστεως.
680 3321 1000 3376 Ἑπιλαϐοῦ
1048 3321 1158 3391 τῆς
1204 3326 1454 3380 αἰωνίου
1494 3325 1666 3393 ζωῆς,
1728 3331 1816 3395 εις

220 3405 302 3473 ἢν
364 3409 465 3461 καὶ
532 3409 798 3479 ἐκλήθης
854 3413 953 3466 καὶ
1005 3413 1408 3483 ὡμολόγησας
1465 3416 1584 3485 τὴν
1615 3419 1816 3489 καλὴν

212 3501 553 3568 ὁμολογίαν
569 3501 825 3557 ἐνώπιον
848 3505 1098 3559 πολλῶν
1115 3509 1454 3576 μαρτύρων.

283 3593 364 3646 Οὐ
386 3592 515 3656 τοὺς
545 3593 728 3658 καλῶς
748 3595 826 3666 τῷ
858 3597 1074 3669 πλούτῳ
1103 3599 1424 3668 χρωμένους
1450 3601 1626 3671 λέγει,
1661 3603 1803 3659 ἀλλὰ

211 3682 342 3746 τοὺς
373 3685 784 3754 ἐπιθυμοῦντας
815 3689 1003 3744 αὐτόν.
1046 3689 1105 3744 Ὀ
1148 3691 1203 3746 δέ
1246 3709 1309 3761 γε
1353 3694 1659 3766 ἐπιθυμῶν,
1705 3700 1807 3753 οὐκ

213 3774 283 3828 ἂν
322 3776 500 3845 ἑτέρῳ
529 3779 804 3851 μεταδοίη,
842 3779 931 3835 ἵνα
960 3781 1034 3853 μὴ
1059 3782 1128 3836 τὰ
1186 3784 1288 3852 τῆς
1323 3786 1622 3856 ἐπιθυμίας
1662 3790 1814 3862 αὐτῷ

215 3864 578 3937 ἐλαττωθείη.
620 3886 638 3920 ι
686 3870 800 3923 Καὶ
836 3871 1136 3943 ἐπιθυμίας
1177 3874 1400 3940 πολλάς.
1435 3895 1454 3929 ι
1510 3877 1814 3950 Ἐπιρῤἐων

213 3958 370 4026 γὰρό
412 3959 667 4024 πλοῦτος,
706 3962 802 4016 καὶ
847 3964 908 4016 τὸ
941 3965 1167 4019 δυνατὸν
1203 3966 1366 4036 ἔχων,
1403 3971 1485 4033 εἰς
1509 3971 1810 4038 ἐπιθυμίας

212 4049 452 4114 ἀτόπους
489 4051 696 4118 ἐξάγει.
743 4072 763 4104 t
805 4053 1246 4122 Βυθίζουσιτούς
1271 4059 1617 4130 ἀνθρώπους.
1655 4081 1673 4114 ι
1714 4065 1812 4129 Ei;

210 4140 271 4195 τὸ
327 4141 469 4210 μηδὲ
509 4143 785 4214 ἀνανῆψαι
813 4146 920 4201 ἔτι.
968 4165 988 4199 ι
1035 4149 1552 4222 Ἀπεπλανήθησαν.
1587 4173 1606 4207 ι
1653 4155 1811 4211 Ἐπι-

1919 3333 1967 3378 et
1993 3323 2263 3392 professus
2313 3339 2366 3377 es
2419 3321 2609 3377 bonam
2657 3322 3039 3392 professionem
3095 3335 3277 3374 coram
3325 3318 3508 3371 multis

1921 3421 2161 3475 testibus.

1987 3602 2106 3658 Non
2132 3603 2198 3658 de
2230 3603 2314 3658 bis
2339 3601 2586 3674 loquitur
2641 3601 2734 3672 qui
2770 3608 2921 3656 recte
2985 3599 3199 3655 divitiis
3249 3606 3505 3664 utuntur,

1917 3696 2013 3752 sed
2039 3697 2107 3750 de
2149 3696 2262 3752 illis
2292 3698 2384 3766 qui
2438 3697 2587 3765 ipsas
2613 3697 3040 3766 concupiscunt.
3075 3691 3210 3746 Nam
3245 3693 3338 3762 qui
3373 3707 3506 3746 con-

1917 3789 2178 3859 cupiscit,
2210 3801 2562 3862 nequaquam
2595 3786 2753 3840 alteri
2803 3785 3020 3840 tradere
3046 3795 3260 3855 posset,
3300 3801 3366 3838 ne
3396 3784 3505 3840 sibi

1915 3873 2173 3930 deessent
2225 3889 2347 3944 qua:
2390 3873 2672 3928 desiderat
2731 3875 3031 3944 appetitus.
3092 3891 3111 3924 ι
3171 3873 3235 3928 Ει
3284 3873 3502 3944 cupidi-

1918 3973 2063 4019 tates
2094 3963 2319 4018 multas.
2355 3983 2374 4017 ι
2406 3963 2709 4018 Alﬂueutes
2771 3965 2916 4018 enim
2972 3963 3177 4019 divitiae
3221 3965 3504 4037 nimiaque

1916 4056 2159 4128 potentia
2192 4057 2259 4110 ad
2287 4055 2558 4111 absurdas
2585 4055 2875 4124 impellunt
2905 4055 3262 4126 cupiditates.
3307 4077 3326 4110 ι
3393 4058 3500 4114 De—

1915 4157 2171 4218 mergunt
2203 4149 2475 4204 homines.
2517 4167 2535 4198 ι
2573 4145 2652 4201 Ne
2689 4149 2932 4218 amplius
2969 4149 3186 4203 valeant
3217 4164 3502 4219 emergere

211 4237 401 4289 σκοτεῖ
433 4235 545 4305 γὰρ
570 4236 602 4305 ἡ
635 4236 975 4309 φιλαργυρία
998 4238 1077 4308 τῷ
1107 4243 1202 4312 τῆς
1232 4243 1414 4314 ψυχῆς
1444 4245 1678 4315 δμματι,
1709 4249 1807 4304 καὶ

1922 4260 1938 4293 ι
1968 4241 2402 4296 Aberraverunt.
2441 4260 2460 4293 ι
2502 4240 2842 4298 Obtenebrat
2864 4240 3010 4296 enim
3039 4240 3281 4295 studium
3325 4257 3498 4312 pecu-

211 4325 310 4378 οὐκ
336 4327 403 4394 ἐᾷ
429 4327 674 4396 βαδίζειν
706 4330 864 4400 ὀρθά.
899 4350 916 4382 t
956 4333 1069 4386 Καὶ
1096 4333 1328 4399 έαυτούς
1358 4338 1742 4410 περιέπειραν.
1781 4360 1800 4393 ›

1922 4333 2016 4387 nia:
2041 4333 2262 4386 oculum
2297 4332 2516 4394 animae,
2547 4347 2646 4386 nec
2677 4342 2826 4386 recta
2871 4331 3005 4385 sinit
3055 4334 3330 4386 incedere.
3380 4350 3398 4381 ι
3433 4330 3498 4385 Et

222 4418 508 4474 Ἀκανθῶν
543 4421 651 4492 γὰρ
689 4423 870 4494 δίκην,
893 4425 926 4496 ἡ
951 4425 1324 4498 φυλαργυρία,
1361 4431 1462 4494 τὰς
1492 4434 1687 4502 χεῖρας
1712 4434 1806 4487 τοῦ

1922 4427 2156 4494 seipsum
2209 4425 2626 4494 implicuerunt.
2667 4443 2686 4475 ι
2717 4422 3005 4492 Siquidem
3039 4422 3284 4478 studium
3319 4437 3492 4494 pecu-

211 4512 624 4582 προσψαύοντος
646 4517 941 4585 αἱμάσσειν
968 4521 1135 4576 ποιεῖ.
1167 4538 1186 4572 t
1237 4522 1484 4588 Ὀδύναις
1515 4525 1759 4590 πολλαῖς.
1779 4547 1798 4580 ι

1922 4518 2014 4570 nia:
2047 4517 2329 4586 spinarum
2363 4515 2416 4568 in
2452 4515 2672 4568 modum
2705 4513 3031 4583 stringentis
3058 4527 3260 4569 manus
3291 4529 3496 4569 cruen-

212 4604 285 4656 υύ
342 4606 532 4672 μόνον,
575 4609 764 4676 φησὶν,
797 4612 880 4674 εἰς
934 4610 1004 4664 τὰ
1038 4613 1168 4684 περὶ
1207 4612 1341 4668 Θεὸν
1401 4615 1686 4685 ἐμποδίζει
1741 4619 1804 4674 τὸ

1922 4623 2029 4664 .are
2087 4607 2239 4663 facit.
2319 4625 2338 4658 ι
2391 4606 2685 4663 Doloribus
2761 4607 2992 4662 multis.
3051 4626 3070 4660 ι
3146 4605 3266 4661 Non
3316 4607 3493 4663 solum

211 4693 386 4750 θέλειν
418 4698 696 4764 πλουτεῖν,
730 4699 869 4754 ἀλλὰ
927 4703 1024 4755 καὶ
1075 4707 1410 4774 σωματικῶς
1459 4707 1804 4765 καθάπτεται

1922 4700 2110 4770 inquit,
2136 4700 2188 4754 in
2224 4699 2309 4754 bis
2342 4715 2463 4770 qua:
2497 4699 2590 4756 Dei
2623 4712 2755 4757 sunt
2788 4704 3188 4774 impedimento
3228 4713 3315 4758 est
3354 4707 3493 4761 velle

207 4788 314 4842 τῶν
345 4791 621 4860 ἐραστῶν,
651 4795 924 4864 φροντίσι,
964 4795 1059 4848 καὶ
1099 4798 1456 4868 ἀγρυπνίαις,
1493 4803 1586 4855 καὶ
1617 4803 1805 4872 φόϐοις

1922 4791 2203 4854 iitcscere,
2256 4789 2350 4844 sed
2387 4799 2442 4845 et
2499 4794 2864 4863 corporaliter
2906 4795 3130 4850 lacessit
3190 4804 3491 4864 amatores,

207 4883 410 4946 αὐτοὺς
428 4886 791 4957 περιπείρων.
835 4906 852 4939 ι
885 4889 956 4941 Σὺ
993 4888 1074 4954 δὲ,
1111 4883 1156 4943 ὧ
1191 4891 1445 4964 ἄνθρωπε
1476 4894 1568 4948 τοῦ
1592 4895 1752 4952 Θεοῦ.
1777 4915 1796 4949 ι

1922 4883 2084 4948 :uris,
2147 4883 2374 4954 vigiliis,
2431 4897 2495 4937 ac
2547 4885 2858 4942 terroribus
2915 4885 3067 4956 ipsos
3135 4889 3492 4954 transﬁgens.

207 4975 367 5042 Μέγα
401 4976 465 5030 τδ
510 4975 752 5047 ἀξίωμα.
780 4980 990 5043 Πάντες
1029 4981 1139 5053 γὰρ
1179 4983 1460 5054 ἄνθρωποι
1497 4985 1590 5040 καὶ
1620 4987 1798 5042 δοῦλοι

1922 4991 1930 5024 l
1966 4971 2044 5026 Tu
2077 4987 2229 5036 vero,
2257 4987 2290 5026 0
2334 4973 2499 5028 homo
2529 4971 2646 5029 Dei.
2687 4993 2705 5026 ι
2751 4973 2945 5045 Magna
2987 4976 3251 5047 dignitas.
3289 4978 3492 5036 Omnes

205 5066 363 5130 Θεοῦ,
411 5069 650 5137 μάλιστα
681 5071 737 5124 δὲ
783 5073 832 5125 oi
861 5072 1088 5139 δίκαιοι,
1150 5076 1212 5128 οὐ
1249 5077 1394 5130 κατὰ
1451 5077 1545 5131 τὸν
1574 5079 1672 5150 τῆς
1702 5081 1799 5149 δη-

1926 5079 2143 5135 iamque
2195 5065 2469 5128 homines,
2501 5066 2668 5120 etiam
2723 5067 2867 5122 servi
2922 5065 3016 5122 Dei
3059 5076 3212 5133 sunt,
3250 5069 3492 5126 maxime

209 5162 502 5231 μιουργίας
541 5163 698 5230 λόγον
737 5167 920 5236 μόνον,
969 5167 1110 5222 ἀλλὰ
1143 5169 1241 5223 καὶ
1279 5172 1423 5225 κατὰ
1473 5171 1565 5226 τὸν
1591 5175 1692 5243 τῆς
1719 5175 1799 5227 oi-

1928 5174 2086 5214 amen
2125 5159 2262 5230 justi
2303 5176 2316 5214 :
2349 5174 2459 5213 non
2521 5166 2736 5214 tantum
2767 5160 2983 5214 ratione
3034 5161 3356 5228 creationis,
3391 5161 3488 5217 sed

207 5253 510 5318 κειώσεως.
565 5275 584 5306 ι
634 5257 824 5313 Ταῦτα
859 5259 1055 5331 φεῦγε.
1095 5280 1118 5315 s
1157 5262 1478 5334 Ἀμφότερα
1511 5265 1650 5332 μετὰ
1685 5267 1799 5320 ἑπι-

204 5345 440 5408 τάσεως.
475 5347 592 5400 Οὐκ
645 5343 766 5403 εἷπε
819 5351 952 5422 γὰρ,
995 5351 1160 5407 Τοῦδε
1195 5345 1294 5424 μὲν
1335 5355 1629 5426 ἀποστηθι,
1663 5357 1795 5428 τῷδε

203 5437 259 5491 δὲ
297 5439 595 5512 πρόστηθι,
633 5440 792 5505 ἀλλὰ,
823 5443 996 5514 Φεῦγε
1046 5447 1142 5500 καὶ
1198 5445 1388 5501 δίωκε.
1430 5467 1449 5500 ι
1483 5448 1658 5503 Δίωκε
1715 5451 1796 5504 δι-

205 5531 525 5598 καιοσύνην.
558 5551 577 5582 ι
624 5533 714 5586 Ἐν
754 5534 832 5604 τῷ
868 5536 942 5606 μὴ
978 5537 1138 5590 πλέον
1173 5537 1319 5610 ἔχειν
1349 5538 1460 5592 τῶν
1500 5537 1791 5611 ζωαρκῶν.

208 5641 226 5672 ι
263 5621 590 5678 Εὐσέϐειαν.
631 5645 650 5677 ι
708 5626 820 5696 Τὴν
867 5628 924 5680 ὲν
959 5627 1216 5698 δόγμασι.
1277 5649 1296 5682 t
1356 5631 1568 5685 Πίστιν.
1627 5651 1646 5684 ι
1683 5631 1794 5703 Τὴν

204 5717 371 5784 χωρὶς
409 5715 720 5788 ζητήσεων.
756 5737 774 5770 ι
814 5719 1086 5791 ’Λγόπην.
1125 5740 1142 5771 δ
1182 5722 1255 5776 Τὸ
1284 5722 1387 5794 τῆς
1427 5723 1665 5786 πίστεως
1701 5722 1796 5776 εκ-

205 5823 382 5875 γονον,
433 5807 532 5878 τὴν
573 5811 709 5882 πρὸς
773 5810 905 5864 Θεὸν
956 5813 1049 5866 καὶ
1086 5811 1439 5882 ἀνθρώπους.
1493 5811 1648 5884 Καλὴ
1674 5812 1790 5884 δὲή

207 5901 352 5968 τάξις
383 5899 476 5959 τοῦ
497 5901 678 5974 λόγοι.
697 5905 832 5960 Ἀπὸ
855 5905 954 5978 μὲν
983 5907 1091 5978 γὰρ
1117 5907 1574 5980 πίστεως,ἀγὰπη
1607 5907 1788 5962 τίκτε-

1902 5266 1958 5308 et
2021 5252 2237 5306 ratione
2287 5251 2647 5323 prOprietatis
2705 5267 2770 5308 ac
2818 5253 3241 5309 familiaritatis.
3295 5274 3314 5306 ι
3361 5253 3488 5312 [hec

1903 5345 2074 5417 lnge:
2125 5361 2480 5417 prosequere.
2530 5364 2550 5399 ι
2606 5345 2916 5417 Utrumque
2979 5347 3234 5418 epitasim
3292 5347 3476 5402 habet.

1898 5439 2088 5512 Neque
2120 5441 2266 5496 enim
2294 5441 2468 5496 dixit:
2527 5441 2609 5496 Ab
2651 5441 2742 5494 illo
2793 5441 3016 5510 quidem
3069 5438 3310 5504 discede,
3355 5438 3484 5494 huic

1900 5549 2031 5589 vero
2062 5533 2326 5588 adlicere:
2368 5532 2487 5600 sed,
2513 5531 2663 5604 Fuge
2710 5541 2765 5589 et
2816 5547 3174 5603 prosequere.
3217 5551 3236 5584 ι
3282 5531 3483 5587 Prose-

1899 5640 2067 5695 quere
2119 5633 2304 5681 autem
2348 5624 2644 5695 justitiam.
2686 5643 2705 5677 ι
2746 5624 2825 5681 Ne
2879 5625 3003 5696 plus
3049 5623 3254 5679 habeas
3311 5637 3479 5694 quam

1897 5719 2021 5774 vita:
2046 5720 2178 5774 satis
2207 5721 2300 5774 sit.
2335 5737 2353 5770 ι
2380 5716 2673 5774 Pietatem.
2704 5740 2722 5770 ο
2747 5721 2806 5773 ln
2831 5715 3128 5788 dogmatis,
3163 5734 3183 5769 ι
3213 5714 3422 5772 Fidem.
3449 5735 3470 5769 ι

1897 5811 2030 5880 Qua:
2059 5821 2144 5869 est
2175 5812 2300 5869 sine
2356 5812 2778 5883 quaestionibus.
2832 5829 2851 5864 ‹
2888 5809 3248 5866 Charitatem.
3288 5827 3308 5862 ›
3343 5809 3475 5878 Quae

1897 5921 1926 5962 a
1961 5906 2064 5964 lide
2093 5904 2443 5978 producitur,
2478 5921 2598 5976 quae
2626 5919 2752 5977 erga
2795 5903 2963 5961 Deum
2989 5911 3070 5960 est
3099 5911 3154 5959 et
3199 5903 3474 5961 homines.
