3988 6572
231 332 341 399 1Βῖ

1172 330 1564 394 COMMENT.
1598 330 1683 392 IN
1711 328 1950 391 EPIST.
1981 329 2044 391 II
2081 331 2183 392 AD
2217 330 2534 394 ΤΙΜΟΤΠ.

3419 328 3521 392 198

229 446 448 519 Παύλῳ
491 443 942 516 καταλειψάντων
979 441 1163 506 αὐτὸν,
1232 441 1556 514 βουλόμενος
1610 444 1637 496 6
1676 440 1836 495 Ἀπό-

1943 440 2364 510 regrinabantur
2397 439 2750 510 reliquissent
2783 437 2982 510 ipsum,
3010 439 3197 495 volens
3224 441 3524 510 Apostolus

234 539 434 603 στολος
486 537 664 592 ἐλθεῖν
723 537 991 608 Τιμόθεον
1053 534 1192 606 πρὸς
1235 533 1422 598 αὐτὸν,
1473 534 1676 604 γράφει
1733 531 1834 602 τὴν

249 631 606 701 Ἐπιστολὴν.
627 630 739 686 Καὶ
763 628 978 700 πρῶτον
1007 627 1106 698 μὲν
1121 626 1274 696 δηλοῖ
1295 626 1444 695 αὑτῷ
1469 644 1574 696 μνη
1585 627 1834 694 μονεύειν

237 721 414 776 αὑτοῦ
446 722 510 776 τὸ
529 722 630 791 τῆς
662 718 949 782 εὐσεὸείας
979 717 1072 772 κα)⁸
1098 719 1197 787 τῆς
1222 716 1329 770 τῶν
1360 716 1644 784 προγόνων
1664 715 1831 768 αὑτοῦ

241 815 507 878 πίστεως.
547 816 780 867 Ἔπειτα
800 811 969 882 δηλοῖ,
997 811 1079 865 ὅτι
1117 811 1167 862 οἱ
1201 809 1308 862 ἀπὸ
1352 809 1558 873 Ἄσίας,
1593 802 1669 863 ὧν
1718 811 1832 862 ἔστι

238 906 523 977 Φρύγελος
581 905 676 958 καὶ
728 903 1109 974 Ἑρμογένης,
1174 901 1610 973 ἀπεστράφησαν
1669 902 1834 954 αὑτδν

238 1001 483 1072 ὁρῶντες
518 999 686 1053 αὑτοῦ
739 999 840 1061 τὰς
899 996 1145 1061 ἁλύσεις.
1202 995 1446 1066 Μὸνῳδὲ
1493 996 1834 1068 Ὸνησιφόρῳ

243 1094 526 1163 μαρτυρεῖ
563 1092 798 1164 σπουδὴν
846 1089 1130 1163 πλείστην,
1164 1089 1258 1144 καὶ
1300 1088 1489 1142 τοῦτον
1532 1088 1834 1154 ἀπεδέξατο

237 1185 473 1238 ἐλθόντα
537 1186 616 1247 εἰς
663 1184 760 1254 τὴν
801 1181 1020 1254 Ῥώμην
1059 1181 1156 1236 καὶ
1189 1179 1603 1252 προσμείναντα
1662 1179 1831 1250 αὐτῷ.

243 1277 636 1348 Παραγγέλλει
665 1277 721 1329 δὲ
741 1277 928 1342 αὐτὸν,
966 1276 1356 1345 παραιτεῖσθαι
1377 1276 1474 1338 τὰς
1510 1274 1706 1346 μωρὰς
1737 1273 1836 1347 ζη-

237 1370 456 1436 τήσεις,
501 1367 590 1420 διὰ
653 1367 713 1418 τὸ
761 1365 818 1432 ἐξ
868 1365 1049 1418 αὐτῶν
1109 1364 1402 1433 γεννᾶσθαι
1465 1365 1666 1435 μάχας.
1725 1365 1836 1417 Καὶ

238 1458 354 1529 γὰρ
388 1457 682 1527 Ὑμέναιος
704 1455 797 1509 καὶ
819 1455 1046 1526 Φιλητὸς
1067 1455 1240 1516 οὕτως
1260 1454 1650 1524 ἐκτραπέντες,
1686 1470 1833 1526 παρ-

239 1550 454 1621 έϐησαν
525 1549 624 1622 τὴν
687 1549 986 1620 ἀλήθειαν,
1050 1546 1305 1614 λέγοντες
1373 1547 1674 1602 ἀνάστασιν
1732 1548 1836 1618 ήδη

239 1644 558 1713 γεγονέναι,
628 1643 722 1696 καί
788 1658 944 1704 τινας
1013 1640 1420 1706 ἀνατρέπουσι·
1487 1640 1689 1712 μᾶλλον
1741 1635 1836 1695 οὖν

241 1739 511 1805 παραινεί
534 1735 685 1807 αὐτῷ
720 1735 1012 1806 προσέχειν
1045 1733 1227 1804 ἐαυτῷ
1257 1733 1349 1786 καὶ
1391 1735 1456 1804 τῇ
1489 1732 1830 1804 διδασκαλίᾳ,

1940 538 1998 586 ιιι
2023 530 2346 603 Timotheus
2377 533 2444 587 ad
2480 533 2662 603 ipsum
2697 539 2926 596 veniret,
2971 533 3165 586 scribit
3193 531 3522 602 Epistolam.

1939 625 2002 678 Et
2036 601 2273 696 priinum
2307 601 2525 697 quidem
2559 626 2768 680 indicat
2799 626 2848 680 ei
2880 626 3024 696 quod
3056 601 3268 681 memor
3296 627 3366 680 sit
3402 634 3523 679 tum

1937 718 2163 786 pietatis
2193 718 2386 787 ipsius,
2414 727 2528 772 tum
2560 717 2681 774 lidei
2716 721 3122 788 progenitorum
3149 719 3290 788 ejus.
3319 719 3525 776 Deinde

1937 809 2212 877 signiﬁcat.
2256 811 2402 879 quod
2447 810 2497 864 hi
2539 814 2632 881 qui
2677 811 2746 864 ab
2785 813 2914 865 Asia
2962 821 3142 871 erant.
3196 812 3340 867 inter
3380 827 3523 882 quos

1935 899 2240 971 Phrygelus
2272 912 2389 956 erat
2415 912 2468 959 et
2497 904 2892 974 Hermogenes,
2921 907 3155 958 aversati
3191 905 3370 974 ipsum
3402 903 3520 960 fue-

1935 1001 2087 1060 rant,
2119 994 2252 1049 visis
2281 994 2402 1064 ejus
2431 995 2748 1051 catenis.De
2777 997 2893 1052 solo
2924 998 3265 1067 Onesiphoro
3297 1007 3521 1053 strenue

1935 1082 2042 1139 fert
2094 1085 2468 1142 testimonium
2512 1105 2526 1141 :
2576 1097 2631 1145 et
2673 1089 2820 1145 hunc
2864 1098 3216 1160 susceperat,
3261 1105 3386 1146 cum
3429 1091 3524 1145 ille

1936 1175 2168 1232 Romam
2212 1179 2453 1235 venisset
2500 1189 2554 1235 et
2601 1182 2745 1252 apud
2793 1197 2852 1237 se
2901 1184 3217 1238 mansisset.
3257 1181 3523 1254 Praecepit

1937 1279 2116 1323 autem
2160 1279 2221 1325 ut
2268 1272 2466 1326 stultas
2510 1273 2714 1328 devitet
2755 1276 3112 1346 quaestiones,
3162 1291 3230 1330 eo
3264 1275 3412 1344 quod
3452 1275 3526 1330 ab

1937 1359 2073 1433 ipsis
2109 1378 2303 1434 pugna:
2333 1365 2602 1420 oriantur.
2633 1366 2913 1437 Siquidem
2949 1367 3276 1438 Hymenaeus
3306 1376 3360 1422 et
3386 1366 3522 1421 Phi-

1935 1453 2079 1508 lettts
2124 1456 2304 1511 aversi
2352 1459 2636 1512 veritatem
2685 1458 3063 1528 reliquerunt,
3117 1459 3365 1516 dicentes
3404 1459 3519 1530 jam

1935 1548 2008 1603 {at
2028 1556 2134 1603 tam
2167 1565 2290 1605 esse
2321 1552 2806 1617 resurrectionem,
2837 1561 2894 1607 et
2925 1552 3193 1623 quosdam
3234 1555 3520 1609 subvertc-~

1934 1651 2090 1695 runt.
2131 1640 2303 1712 Magis
2336 1657 2467 1713 ergo
2495 1644 2820 1705 exhortatur
2854 1651 2914 1698 ut
2952 1645 3165 1715 sibiipsi
3200 1646 3442 1702 attendat
3470 1658 3525 1702 et

1934 1733 2222 1800 doctrinae,
2270 1749 2334 1791 ac
2383 1736 2523 1792 sciat
2571 1736 2716 1808 quod
2767 1737 2821 1791 in
2873 1739 3137 1792 extremis
3181 1739 3522 1810 temporibus

366 1826 571 1880 εἰδέναι
598 1798 692 1896 με,
722 1798 804 1879 ὅτι
840 1798 1455 1896 ὲνηὲσχάιτοιςΙκαιροῖς.
1490 1825 1702 1878 ἔσονται
1735 1798 1830 1878 ἄνέ

1943 1836 2100 1883 erunt
2138 1829 2390 1885 homines
2434 1830 2520 1885 sui
2555 1839 2827 1892 amantes,
2868 1839 2922 1886 et
2958 1832 3301 1902 voluptatum
3339 1834 3523 1903 potius

242 1920 460 1990 θρωποι
515 1919 764 1988 φίλαυτοι
799 1919 893 1971 καὶ
923 1918 1201 1986 φιλήδονοι
1244 1917 1448 1988 μᾶλλον
1497 1916 1528 1987 ἢ
1569 1916 1831 1984 φιλόθεοι,

245 2009 633 2083 προσλέποντα
683 2009 741 2062 δὲ
784 2009 989 2080 μᾶλλον
1029 2008 1228 2076 ταῦτα,
1263 2007 1664 2079 ἀσφαλίζεσθαι
1707 2009 1834 2072 τοὺς

241 2104 410 2166 λαοὺς
444 2105 522 2174 μή
553 2120 638 2165 τις
673 2104 730 2170 eg
767 2102 945 2159 αὐτῶν
976 2103 1254 2174 ἀπατηθῇ.
1285 2103 1395 2157 Καὶ
1417 2104 1498 2166 εἰς
1531 2103 1598 2155 τὰ.
1620 2101 1724 2173 ἢθη
1754 2102 1832 2167 δὲ,

241 2199 340 2251 καὶ
381 2198 468 2259 εἰς
494 2200 594 2267 τὴν
627 2197 724 2266 τῆς
746 2197 1097 2260 διδασκαλίας
1137 2197 1428 2268 ἀκρίϐειαν
1469 2197 1641 2250 πολλὰ
1697 2214 1834 2267 προ-

238 2289 591 2360 τρεψάμενος
624 2289 787 2343 αὑτδν
813 2289 907 2343 καὶ
938 2292 1195 2362 σημάνας
1233 2290 1326 2342 τὸν
1355 2291 1545 2361 καιρδν
1579 2289 1682 2359 τῆς
1704 2291 1837 2343 ἀνα-

238 2379 456 2444 λύσεως
483 2380 666 2434 αὑτοῦ·
697 2382 948 2452 ἐνστῆναι
984 2382 1078 2434 καὶ
1102 2381 1318 2446 μέλλειν
1371 2380 1699 2435 σπένδεσθαι
1739 2382 1835 2435 καὶ

246 2477 575 2545 μαρτυρεῖν,
592 2474 901 2527 ἐνετείλατο
916 2473 1064 2546 αὑτῷ
1082 2475 1256 2528 ἐλθεῖν
1281 2474 1417 2546 πρὸς
1428 2474 1591 2529 αὑτὸν
1603 2475 1831 2545 ταχέως,

243 2566 547 2637 κομίζοντα
574 2567 668 2620 τὸν
721 2567 984 2637 φαιλόνην
1017 2569 1204 2620 καὶτὰ
1233 2567 1437 2637 βιϐλία.
1465 2566 1751 2639 Παρῄνεσε
1775 2568 1834 2621 δὲ

243 2661 400 2729 αὐτῷ
430 2660 788 2731 Ἀλέξανδρον
820 2659 912 2712 τὸν
936 2659 1142 2730 χαλκέα
1167 2659 1557 2728 φυλάττεσθαι,
1577 2660 1652 2723 ὡς
1668 2659 1834 2713 πολλὰ

244 2753 399 2806 κικὰ
426 2753 800 2825 ἐνδειξάμενον
835 2752 1004 2823 αὐτῷ,
1027 2755 1123 2806 καὶ
1145 2752 1322 2817 οὕτως
1339 2751 1542 2806 τελειοῖ
1564 2753 1661 2822 τὴν
1679 2753 1834 2806 Ἐπι-

246 2843 466 2916 στολήν.

796 2960 1271 3017 ΘΕΟΔΩΡΗΤΟΥ.

321 3076 392 3129 ΤΞ
420 3075 484 3146 δή
521 3092 654 3129 ποτε
684 3075 943 3147 δευτέραν
974 3077 1174 3148 γράφει
1207 3078 1345 3147 πρὸς
1377 3077 1644 3147 Τιμόθεον
1686 3079 1836 3133 Ἐπι-

1937 1936 2103 1992 quam
2134 1920 2228 1976 Dei
2264 1939 2278 1976 :
2307 1938 2544 1994 cumque
2571 1923 2688 1979 haec
2713 1923 2951 1994 amplius
2981 1922 3164 1977 futura
3197 1924 3522 1994 prospiciat,

1939 2015 2169 2085 populos
2216 2015 2430 2070 muniat
2479 2033 2546 2071 ne
2586 2018 2709 2086 quis
2747 2015 2816 2071 ab
2861 2017 2971 2072 illis
3011 2016 3333 2072 seducatur.
3377 2015 3525 2071 Mul-

1938 2115 2167 2176 tumque
2215 2107 2544 2164 exhortatus
2601 2109 2810 2179 ipsum,
2863 2116 2978 2162 tum
3029 2108 3098 2163 de
3152 2108 3236 2163 his
3285 2124 3407 2178 quae
3458 2110 3524 2164 ad

1937 2213 2119 2254 mores
2147 2200 2446 2268 pertinent,
2473 2207 2588 2253 tum
2624 2201 2692 2256 de
2721 2200 2828 2254 illis
2853 2216 2974 2270 qua:
3002 2200 3267 2255 doctrinae
3295 2200 3528 2270 diligeno

1938 2291 2068 2345 tiam
2104 2293 2428 2362 respiciunt,
2466 2293 2558 2348 ubi
2598 2295 2762 2348 etiam
2804 2302 3017 2363 tempus
3060 2309 3175 2350 suae
3222 2294 3525 2349 resolutio-

1941 2384 2028 2436 nis
2063 2384 2395 2454 significavit
2433 2387 2679 2450 instare,
2720 2385 2883 2456 253
2922 2385 3279 2456 futurumque
3308 2401 3432 2441 esse
3469 2394 3527 2440 ut

1939 2474 2255 2531 immoletur
2285 2484 2336 2532 et
2374 2478 2702 2548 martyrium
2739 2477 2876 2532 ferat
2905 2496 2916 2530 :
2952 2479 3198 2550 praecipit
3229 2489 3283 2532 ut
3319 2479 3428 2533 cito
3458 2479 3526 2533 ad

1939 2583 1997 2622 se
2042 2570 2245 2635 veniat,
2299 2569 2554 2648 deferens
2608 2571 2862 2640 penulam
2915 2581 2969 2626 et
3019 2571 3209 2627 libros.
3257 2570 3531 2626 Admonet

1939 2679 2158 2734 quoque
2196 2663 2376 2732 ipsum
2416 2672 2475 2717 ut
2508 2663 2884 2718 Alexandrum
2916 2665 3174 2717 aerarium
3213 2673 3426 2728 caveat,
3467 2676 3527 2718 ut

1939 2758 2032 2827 qui
2060 2773 2120 2813 se
2143 2757 2332 2812 multis
2359 2756 2519 2814 malis
2547 2757 2811 2822 aﬂecerit,
2835 2765 2888 2812 et
2917 2758 2990 2811 ita
3016 2757 3531 2829 concluditEpisto-

1938 2850 2066 2904 lam.

2484 2959 2957 3020 THEODORETI.

2011 3075 2183 3142 Quam
2213 3075 2285 3131 ob
2313 3091 2536 3131 causam
2574 3078 2769 3134 scribit
2805 3078 3035 3132 alteram
3073 3075 3140 3130 ad
3173 3073 3525 3132 Timotheum

244 3172 484 3243 στο).ήν;
519 3168 685 3225 Εἶπεν
710 3173 768 3224 ὲν
794 3175 859 3242 τῇ
893 3171 1106 3246 πρώτῃ,
1125 3173 1360 3237 Ἐλπίζω
1391 3173 1566 3226 ἐλθεῖν
1608 3175 1743 3245 πρὸς
1776 3176 1836 3229 σὲ

1944 3166 2284 3238 Epistolam?
2312 3167 2534 3223 Dixerat
2563 3168 2616 3224 in
2651 3168 2817 3240 priori
2850 3183 2864 3220 :
2899 3167 3072 3237 Spero
3101 3184 3186 3223 me
3215 3168 3364 3222 brevi
3395 3185 3526 3222 ven-

242 3263 458 3334 τάχιον.
493 3266 606 3318 Οὐκ
636 3264 877 3336 ἠδυνήθη
918 3265 1197 3318 ἀπελθεῖν.
1235 3267 1374 3336 Ἤδη
1417 3266 1527 3338 γὰρ
1557 3267 1839 3338 κατείχετο

241 3357 357 3411 ὑπὸ
389 3358 664 3426 Νέρωνος.
695 3357 842 3409 Ἔδει
873 3354 986 3421 οὖν,
1024 3359 1144 3411 ἀντὶ
1174 3357 1275 3427 τῆς
1307 3359 1634 3427 παρουσίας,
1661 3363 1841 3432 γράμ-

247 3467 406 3522 ματα
431 3450 563 3518 γοῦν
591 3449 828 3520 πέμψαι,
865 3449 1002 3520 ὁμοῦ
1035 3449 1158 3521 μὲν,
1181 3451 1241 3502 τὸ
1272 3450 1348 3520 μὴ
1377 3449 1550 3504 ²ελθεῖν
1577 3470 1840 3523 παραμυο

243 3540 538 3612 Θούμενον,
570 3541 704 3612 ὁμοῦ
721 3541 799 3604 δὲ,
832 3541 1243 3614 ὲπιρῤωννύντα
1261 3542 1352 3595 τὸν
1376 3543 1664 3612 Τιμόθεον,
1696 3543 1840 3598 οὕτω

239 3637 312 3705 τῇ
349 3634 594 3705 φροντίδι
633 3637 731 3706 τῆς
770 3634 1098 3699 Ἐκκλτσίας
1127 3636 1574 3707 ἐγκεχρονικότα.

373 3841 753 3894 ΚΕΦΑΛΔΙΑ
793 3842 926 3893 ΤΗΣ
981 3843 1176 3895 ΠΡΟΣ
1236 3843 1608 3895 ΤΙΜΟΘΕΟΝ
1649 3839 1730 3896 B'.

835 3911 1276 3966 ἘΠΙΣΊὈΛΗΣ.

242 4028 329 4083 a'.
367 4028 656 4092 Ἐπαινος
709 4025 820 4095 τῆς
885 4024 1163 4095 Τιμοθέου
1191 4026 1473 4092 πίστεως,
1547 4025 1644 4080 καὶ
1696 4038 1840 4095 προ-

321 4120 514 4191 τροπὴ
554 4119 887 4189 ὑπομονῆς,
922 4119 1071 4172 κατὰ
1106 4117 1170 4170 τὸ
1223 4117 1456 4184 πρέπον
1494 4115 1567 4184 τῇ
1619 4115 1838 4187 χάριτι,

321 4211 397 4265 ἐν
427 4205 467 4283 ᾖ
489 4210 586 4264 καὶ
616 4210 799 4276 αὑτός
824 4225 974 4276 φησι
1007 4207 1388 4277 διακαρτερεῐ
1405 4207 1677 4276 πάσχων.

249 4304 346 4370 β’.
385 4303 523 4372 Περὶ
557 4300 665 4371 τῆς
689 4300 1064 4372 ἁρμοζούσης
1081 4301 1465 4371 μεταδόσεως
1510 4301 1630 4356 τῶν
1669 4303 1843 4357 θείων

327 4398 662 4469 δογμάτων.

1943 3271 2126 3316 turum
2171 3279 2185 3314 :
2228 3278 2338 3317 non
2385 3264 2564 3333 potuit
2607 3271 2790 3317 autem
2843 3262 3118 3332 proﬁcisci
3165 3277 3178 3314 :
3219 3263 3336 3329 jam
3383 3263 3527 3317 enim

1948 3355 2239 3410 tenebatur
2271 3370 2299 3408 a
2329 3353 2570 3412 Nerone.
2616 3352 2768 3425 Opus
2811 3370 2942 3426 ergo
2979 3355 3102 3417 fuit,
3138 3366 3196 3408 ιιι
3240 3369 3338 3423 pro
3387 3370 3528 3424 prae--

1942 3449 2120 3504 sentia
2168 3449 2382 3505 litteras
2423 3451 2617 3505 saltem
2654 3450 2895 3505 mitteret
2942 3468 2956 3504 :
3001 3449 3167 3504 simul
3205 3449 3424 3520 quidem
3471 3459 3531 3505 ut

1942 3542 2349 3610 consolaretur,
2399 3557 2464 3598 eo
2505 3543 2653 3612 quod
2702 3558 2813 3597 non
2854 3542 3067 3598 veniret
3101 3560 3114 3597 :
3161 3542 3326 3598 simul
3365 3543 3529 3597 etiam

1922 3646 2004 3689 -ιιι
2034 3634 2381 3690 Timotheum
2412 3635 2768 3690 conﬁrmaret
2800 3634 2854 3689 in
2887 3633 3146 3691 Ecclesiae
3179 3648 3312 3690 cura
3339 3634 3521 3690 deten-

1944 3737 2081 3784 tum.

2049 3845 2215 3919 εει
2259 3843 2772 3919 Pomaque
2813 3841 3423 3919 4η,ιιιιοτιθευιι

2375 3914 2772 3970 EPISTOL/E
2817 3913 3106 3972 CAPITA.

1946 4029 1997 4084 1.
2043 4027 2441 4083 Commendatio
2469 4027 2594 4095 ﬁdei
2622 4025 2898 4089 Timothei,
2931 4033 2980 4078 et
3009 4025 3315 4078 exhortatio
3347 4025 3418 4078 ad
3449 4034 3533 4079 to-

2015 4121 2302 4175 lerantiam
2332 4121 2492 4190 juxta
2529 4118 2584 4171 id
2617 4118 2756 4186 quod
2790 4118 3021 4188 gratiam
3061 4117 3228 4182 decet,
3259 4118 3313 4171 in
3348 4134 3452 4187 qua
3482 4129 3530 4172 et

2018 4215 2127 4285 ipse
2159 4215 2389 4284 seipsum
2424 4213 2718 4281 perdurare
2749 4211 3024 4265 tolerando
3059 4211 3209 4264 dicit.

1944 4307 1996 4363 2.
2047 4307 2124 4362 De
2161 4306 2492 4362 convenienti
2532 4304 2823 4359 traditione
2861 4303 3162 4358 divinorum
3196 4303 3528 4373 dogmatum.

238 4493 322 4566 τ’.
356 4492 498 4560 Περὶ
519 4490 627 4561 τῆς
644 4489 1004 4560 ἀφρόντιδος
1028 4487 1097 4542 ἐν
1115 4485 1193 4553 τῷ
1214 4487 1334 4542 νῦν
1356 4487 1477 4555 ,ϐίῳ
1507 4492 1836 4554 πολιτείας,

1946 4496 2000 4550 5.
2051 4493 2123 4548 De
2161 4493 2555 4547 conversatione
2586 4491 2638 4544 in
2667 4489 2911 4560 praesenti
2944 4488 3054 4541 vita
3083 4488 3196 4541 sine
3221 4489 3532 4540 anxietate:

321 4587 421 4641 ἐπὶ
455 4585 582 4650 ταῖς
606 4585 856 4649 ἀπόνως
882 4581 1150 4651 τροφαῖς.

240 4681 326 4736 δ’.
369 4679 506 4748 Περὶ
545 4677 656 4747 τῆς
687 4679 774 4742 εὶς
797 4676 1058 4745 Χριστὸν
1074 4675 1338 4742 πίστεως
1368 4674 1468 4728 καὶ
1499 4672 1838 4744 ὑπομονῆς,

321 4771 417 4825 ἐπ’
456 4769 659 4824 ἑλπίδι
695 4767 864 4837 ζωῆς.

2017 4587 2082 4642 de
2113 4586 2378 4641 alimentis
2404 4601 2522 4656 qua:
2552 4585 2690 4637 citra
2720 4583 2952 4637 laborem
2987 4582 3318 4650 proveniunt.

1946 4682 1999 4737 4.
2045 4681 2121 4736 De
2152 4681 2256 4751 fide
2290 4681 2344 4734 in
2379 4678 2677 4742 Christum,
2706 4685 2755 4731 et
2791 4675 3082 4730 tolerantia
3112 4674 3176 4727 ob
3213 4688 3354 4742 spem
3389 4672 3528 4726 vita.

238 4865 316 4920 ε’.
364 4863 504 4930 Περὶ
564 4863 729 4928 θείας
776 4860 1173 4924 διδασκαλίας
1225 4860 1324 4914 καὶ
1381 4861 1528 4926 βίου
1580 4861 1836 4930 καθαροῦ

1947 4859 1999 4915 5.
2053 4859 2126 4912 De
2154 4859 2334 4913 divina
2361 4859 2608 4913 doctrina
2635 4865 2686 4910 et
2714 4857 2821 4918 vita
2852 4869 2986 4925 pura
3014 4869 3077 4907 ac
3101 4844 3350 4922 paciﬁca,
3373 4853 3533 4906 etiam

322 4955 423 5008 καὶ
456 4954 785 5023 ειρηνικοῦ,
827 4955 923 5007 καὶ
958 4952 1108 5007 κατὰ
1132 4953 1251 5007 τῶν
1279 4954 1594 5009 ἐναντίων.

244 5057 330 5115 ς’.
364 5051 705 5118 Πρόρῤησις
729 5049 861 5117 περὶ
893 5049 1107 5114 κακίας
1130 5045 1455 5117 ἀνθρώπων
1481 5047 1844 5109 πλεοναζού-

243 5158 398 5211 σης,
441 5140 764 5211 ἀπατηλῆς
793 5141 1225 5210 ἐλεγχομένης.

243 5233 317 5296 ζ’.
347 5231 659 5302 Προτροπή
710 5229 822 5300 τῆς
864 5231 1082 5284 ἑαυτοῦ
1113 5230 1422 5300 μιμήσεως
1455 5231 1523 5298 ἐξ
1562 5231 1870 5287 ἐναντίου,

324 5327 451 5394 τοῖς
473 5328 759 5396 φαύλοις,
784 5325 855 5378 ἐν
885 5322 1164 5394 ὑπομονῇ
1200 5323 1370 5379 Θεοῦ.

239 5414 322 5491 ηί.
369 5421 508 5490 Περὶ
557 5419 678 5475 τῶν
711 5415 1309 5487 καινοτομησάντων,
1374 5411 1466 5482 οἷς
1510 5415 1841 5472 ἀντιτάττει

321 5513 433 5569 τὸν
466 5515 764 5585 Τιμόθεον.

242 5611 321 5665 θ’.
357 5607 499 5675 Περὶ
526 5604 638 5675 τῆς
658 5603 876 5660 ἑαυτοῦ
921 5603 1282 5676 μελλούσης
1325 5603 1702 5672 ἀναλύσεως,
1742 5602 1841 5657 ἐπὶ

321 5699 474 5770 δόξῃ
500 5698 735 5769 αιωνίᾳ.

2018 4969 2142 5025 erga
2174 4954 2538 5008 adversarios.

1947 5051 2005 5105 6.
2055 5047 2375 5101 Vaticinium
2412 5044 2476 5099 de
2516 5042 2822 5098 abundante
2863 5041 3135 5096 hominum
3178 5040 3413 5105 malitia,
3443 5054 3537 5109 per

2021 5143 2204 5211 fucum
2239 5135 2718 5208 reprehensibilem.

1945 5232 2000 5287 7.
2046 5229 2367 5285 Exhortatio
2391 5237 2447 5281 ut
2468 5243 2523 5282 se
2544 5226 2839 5290 imitentur,
2864 5223 3166 5294 opponendo
3193 5239 3250 5278 se
3273 5223 3532 5293 perversis

2018 5324 2073 5377 in
2104 5322 2387 5375 tolerantia
2421 5326 2633 5390 propter
2661 5316 2849 5371 Deum.

1950 5417 2004 5472 8.
2050 5416 2126 5470 De
2162 5415 2240 5470 his
2269 5413 2359 5487 qui
2397 5429 2530 5468 nova
2569 5411 2942 5475 moliebantur,
2980 5407 3171 5480 quibus
3201 5404 3536 5461 Timotheum

2023 5509 2256 5579 opponit.

1952 5601 2007 5658 9.
2051 5602 2127 5656 De
2167 5601 2352 5673 futura
2385 5601 2636 5671 suiipsius
2674 5598 2996 5655 resolutione
3029 5596 3096 5650 ad
3128 5600 3380 5650 retentam
3415 5589 3534 5660 ρίου

2021 5710 2180 5747 riam.
