3988 6608
252 421 361 480 2m

1141 428 1526 490 COMMENT.
1575 427 1654 486 ΙΝ
1693 423 1932 485 Ei‘lST.
1962 423 2018 482 ll
2058 425 2158 482 Al)
2199 421 2524 484 TIMOTII.

3412 419 3516 483 263

267 532 464 594 Καλῶς
497 533 552 586 δὲ
587 536 898 608 συνίστησιν
918 539 1126 604 ἑαυτὸν,
1167 541 1251 592 ἵνα
1282 542 1372 595 καὶ
1415 541 1474 594 τδ
1510 541 1729 610 ἀγαπᾷν
1749 541 1840 591 τὸν

1976 533 2405 605 ,ιιοιηιιίὶηιοόυῐιι
2458 531 2616 587 multi
2665 532 2758 601 qui
2814 532 2997 603 gloria:
3036 531 3334 602 cupiditate
3367 535 3520 590 dnct,

265 626 538 696 Τιμόθεον
569 629 715 702 δείξῃ
736 631 1038 702 ἀληθεύων,
1075 632 1166 684 καὶ
1190 633 1264 704 μὴ
1289 633 1480 701 ἀφίλου
1502 633 1639 703 λάϐῃ
1661 631 1837 698 δὸξῑίν,

270 717 348 788 μὴ
393 719 645 772 ἀπελθὼν
692 722 824 792 πρὸς
855 723 1040 788 αὑτὸν,
1085 725 1179 777 καὶ
1226 723 1399 777 ταῦτα
1451 725 1838 796 ὑποσχόμενος.

273 826 292 859 ι
343 808 434 872 Ὡς
463 809 823 864 ἀδιάλειπτον.
848 831 867 864 ›
901 813 1117 884 Ἐπειδὴ
1157 813 1519 869 ἀδιάλειπτον.
1572 815 1693 868 «Ἐν
1724 818 1846 879 ταῖς

264 901 493 972 δεήσεσί
526 920 646 973 μου.
676 923 694 954 ι
747 905 860 975 Οὐχ
909 906 1094 970 ἁπλῶς
1135 907 1441 978 μέμνημαι,
1484 907 1598 961 ἀλλ’
1629 909 1686 957 ὲν
1727 910 1846 971 ταῖς

267 992 518 1062 δεήσεσι,
573 995 667 1047 καὶ
724 996 918 1058 νυκτὸς
967 996 1061 1048 καὶ
1118 997 1353 1067 ἡμέρας.
1403 997 1758 1051 σἘπιποθῶν
1785 1014 1846 1050 σε

271 1084 428 1138 ἰδεῖν.
455 1103 477 1136 ι
511 1085 742 1150 Οὐκοῦν,
779 1087 935 1156 φησὶ,
973 1088 1243 1159 τοσαύτης
1276 1089 1467 1159 ἡδονῆς
1497 1089 1639 1143 ἑκὼν
1673 1092 1848 1160 ὲμαυ-

269 1177 367 1228 τὸν
398 1177 773 1249 ἀπεστέρησα.
819 1180 1097 1234 Φιλείσθαι
1128 1182 1236 1252 γὰρ
1270 1183 1417 1248 ἄξιος
1445 1183 1732 1254 ὑπάρχεις,
1761 1184 1849 1237 διά

267 1281 329 1316 τε
361 1264 433 1317 τὰ
463 1265 698 1337 δάκρυα,
729 1269 820 1322 διά
850 1286 907 1321 τε
929 1269 1024 1340 τὴν
1053 1269 1151 1340 σὴν
1183 1271 1277 1323 καὶ
1303 1270 1402 1342 τὴν
1436 1273 1546 1324 τῶν
1569 1273 1848 1343 προγόνων

269 1358 477 1412 πίστιν.
502 1359 643 1425 Ὅρα
661 1361 739 1426 δὲ,
771 1361 832 1413 οὐ
865 1362 1114 1432 βούλεται
1147 1363 1308 1416 αὐτὸν
1336 1365 1400 1417 ὲκ
1422 1365 1723 1434 προοιμίων
1754 1364 1849 1416 λυ-

271 1449 451 1515 πῆσαι
472 1449 547 1511 ὼς
575 1451 649 1520 μὴ
677 1452 989 1522 ἐρχόμενος,
1023 1453 1138 1506 ἀλλ’
1167 1454 1359 1508 ἐλπίδα
1385 1457 1568 1510 δίδωσι
1604 1456 1696 1508 τοῦ
1722 1457 1851 1511 ἰδεῖν

270 1541 459 1593 αὐτόν.
504 1543 646 1612 Πρὸς
686 1545 763 1614 τῷ
788 1545 931 1599 τέλει
961 1547 1039 1610 δὲ,
1084 1547 1146 1600 τὸ
1187 1547 1262 1619 μὴ
1316 1549 1442 1602 ἰδεῖν
1469 1551 1630 1614 αὑτὸν
1667 1551 1747 1604 ἔτι
1795 1554 1853 1604 ἐν

272 1632 445 1697 σαρκὶ
473 1630 644 1699 δηλοῖ,
676 1631 868 1686 εἰπών’
897 1633 1070 1702 (Ἐγὼ
1090 1635 1199 1707 γὰρ
1227 1638 1326 1708 ἤδη
1344 1639 1657 1710 σπένδομαι.
1674 1659 1693 1692 ›
1713 1639 1775 1692 'H
1797 1639 1853 1692 δὲ

271 1722 430 1787 τάξις
459 1722 619 1794 αὖτη’
659 1725 852 1795 Χάριν,
894 1730 1078 1798 φησὶν,
1114 1730 1222 1800 ἔχω
1246 1731 1324 1802 τῷ
1357 1733 1493 1804 Θεῷ,
1541 1734 1726 1806 ἐπειδή
1759 1751 1852 1788 σου

274 1812 588 1883 μέμνημαι,
627 1817 903 1870 ἐπιποθῶν
922 1837 979 1872 σε
1012 1819 1162 1885 ἰδεῖν,
1201 1822 1287 1875 ἵνα
1324 1827 1497 1895 χαρᾶς
1553 1826 1850 1898 πληρωθῶ.

1945 627 2195 683 ιιαιτθεὶω
2237 631 2513 691 statuunt,
2549 639 2759 694 magna:
2798 623 3194 679 imbecillitatis
3237 625 3342 680 sibi
3386 641 3525 680 con-

1945 719 2064 774 scii.
2103 718 2168 771 Et
2201 727 2348 772 recte
2380 716 2620 786 seipsum
2654 715 3025 780 commendat,
3052 721 3114 769 ut
3146 715 3308 770 etiam
3347 716 3402 770 in
3438 717 3526 771 di-

1945 810 2162 881 ligendo
2200 811 2486 866 Timotheo
2529 808 2782 866 ostendat
2822 823 2880 863 se
2927 822 3037 862 non
3082 822 3204 863 esse
3247 807 3519 874 fallacem,

1947 919 2127 975 neque
2170 903 2287 970 ejus
2331 919 2493 974 quem
2539 917 2648 957 non
2701 901 2953 973 diligeret
2998 908 3221 972 captare
3271 901 3523 972 gloriam,

1948 1009 2074 1050 cum
2113 995 2180 1048 ad
2221 1009 2346 1049 eum
2388 993 2672 1064 proiectus
2721 1008 2830 1046 non
2876 1001 3044 1057 esset;
3100 993 3230 1046 licet
3276 1001 3436 1045 antea
3478 992 3530 1045 id

1951 1087 2320 1156 promisisset.
2361 1105 2380 1138 ί
2415 1087 2572 1153 Quod
2607 1087 2746 1141 citra
2785 1085 2948 1139 ullam
2981 1085 3470 1140 intermissionem.
3501 1103 3519 1134 ι

1950 1180 2106 1248 Quod
2171 1182 2375 1252 absque
2443 1181 2878 1235 intermissione.
2941 1197 2960 1230 ι
3011 1179 3069 1233 In
3124 1178 3535 1248 precationibus

1951 1276 2107 1329 meis.
2143 1295 2161 1326 ι
2185 1273 2302 1330 Non
2332 1274 2563 1346 vulgari,
2591 1275 2688 1340 ait,
2715 1275 2876 1328 modo
2906 1271 3154 1337 memini,
3186 1271 3284 1325 sed
3319 1271 3374 1324 in
3412 1287 3537 1341 pre-
3592 1269 3596 1273 ”

1955 1367 2294 1432 cationibus,
2316 1376 2371 1422 et
2400 1375 2563 1422 nocte
2589 1381 2653 1420 ac
2679 1365 2791 1420 die.
2822 1383 2840 1416 ι
2867 1364 3194 1418 Desiderans
3220 1373 3270 1418 te
3289 1363 3491 1418 videre.
3511 1382 3529 1413 ι

1954 1458 2306 1530 Nequaquam
2355 1459 2525 1528 igitur
2576 1463 2730 1512 tanta
2771 1457 3053 1526 voluptate
3101 1469 3190 1509 me
3224 1455 3538 1510 voluntarie

1955 1551 2185 1621 privavi.
2234 1549 2392 1620 257
2447 1549 2650 1620 Dignus
2699 1549 2847 1605 enim
2893 1563 2954 1603 es
3000 1547 3093 1618 qui
3147 1548 3370 1612 ameris,
3420 1555 3537 1600 tum

1956 1651 2178 1714 propter
2205 1650 2328 1696 tuas
2366 1644 2658 1713 Iacrymas,
2711 1650 2824 1694 tum
2867 1648 3087 1711 propter
3123 1647 3270 1693 tuam
3315 1654 3378 1692 ac
3420 1654 3538 1691 ma-

1950 1737 2137 1807 jorum
2165 1741 2382 1786 tuorum
2410 1734 2592 1787 ﬁdem.
2614 1732 3006 1788 Animadverte
3031 1743 3212 1787 autem
3237 1731 3384 1802 quod
3406 1732 3544 1785 nolit

1957 1825 2020 1881 in
2043 1826 2268 1880 exordio
2297 1842 2417 1880 eum
2453 1828 2778 1880 contristare
2806 1827 2965 1896 quasi
3001 1840 3107 1880 non
3152 1825 3221 1878 sit
3254 1833 3541 1886 venturus,

274 1895 416 1988 Εἶτα
456 1902 546 1956 διὰ
579 1905 744 1974 μέσου
773 1924 786 1937 ο
825 1927 842 1959 ι
868 1909 1232 1980 Μεμνημένος
1263 1929 1356 1966 σου
1386 1914 1497 1968 τῶν
1525 1895 1797 1987 δακρύων.
1831 1935 1850 1968 ι

1976 1919 2056 1972 sed
2088 1920 2267 1988 potius
2296 1919 2488 1974 tribuit
2518 1934 2668 1988 spem
2688 1895 2900 1973 videndi
2931 1934 2989 1974 se
3013 1935 3025 1970 :
3050 1917 3204 1986 juxta
3230 1915 3391 1970 finem
3414 1931 3544 1971 vero

275 1983 418 2112 E’ita
459 1991 545 2044 ἵνα
590 1994 664 2066 μὴ
723 1996 851 2068 δόξῃ
904 2000 1024 2070 εἰκῆ
1066 1999 1264 2070 φιλεῖν,
1308 2001 1458 2071 λέγει
1505 2005 1602 2057 καὶ
1632 1983 1738 2078 ’τὴν
1773 2007 1862 2061 αί-

273 2091 422 2134 τιαν.

1972 2011 2244 2076 insinual,
2275 2011 2421 2081 quod
2449 2027 2556 2067 non
2608 2012 2680 2067 sit
2724 2027 2852 2066 eum
2902 2011 3137 2082 amplius
3179 2010 3231 2063 in
3256 2025 3422 2066 carne
3462 2009 3544 2062 vi-

1971 2117 2158 2166 surus,
2205 2104 2398 2160 dicens
2447 2121 2460 2156 :
2502 2123 2521 2155 ι
2563 2102 2674 2174 Ego
2717 2104 2862 2158 enim
2917 2103 3030 2172 jam
3073 2103 3307 2169 delibor,
3363 2121 3383 2156 ι
3422 2103 3540 2159 sivi:

273 2177 664 2233 immolor.Est
697 2188 878 2234 autem
919 2181 1007 2235 hic
1041 2183 1175 2238 ordo
1201 2183 1476 2240 :Gratiam
1521 2186 1697 2243 habeo
1739 2189 1853 2246 Deo
1881 2197 2142 2262 quoniam
2185 2197 2265 2251 tui
2304 2195 2546 2261 memini,
2573 2195 2894 2250 desiderans
2927 2204 2979 2250 te
3017 2195 3222 2264 videre,
3255 2205 3317 2254 ut
3343 2196 3547 2268 gaudio

275 2271 517 2340 repleat.
552 2272 752 2329 Deinde
789 2291 907 2344 qua:
947 2277 998 2330 in
1039 2278 1214 2332 medio
1277 2279 1466 2334 relicta
1506 2291 1636 2336 sunt
1672 2300 1684 2336 :
1732 2302 1750 2335 ι
1783 2283 1992 2342 Memor
2053 2289 2420 2360 lacrymarum
2475 2299 2716 2345 tuarum.
2745 2308 2764 2342 ι
2818 2290 3203 2356 Postmodum,
3234 2305 3303 2345 ne
3340 2299 3544 2345 temere

277 2377 474 2417 amare
514 2364 787 2432 videatur,
830 2367 982 2422 addit
1017 2377 1072 2421 ct
1101 2384 1347 2424 causam.

359 2479 379 2510 ι
414 2460 784 2530 Μεμνημὲνος
824 2477 937 2523 σου,
981 2463 1137 2531 φησὶ,
1183 2463 1291 2516 τῶν
1327 2462 1598 2533 δακρύων.
1639 2485 1658 2518 ι
1711 2465 1870 2532 Ἴσως

281 2555 394 2623 γὰρ
423 2553 797 2625 χωριζόμενος
840 2555 935 2608 τοῦ
972 2556 1188 2610 Παύλου
1215 2556 1390 2622 οὕτως
1433 2559 1611 2628 ἤλγει,
1647 2560 1723 2624 ὡς
1773 2563 1869 2614 καὶ

280 2641 567 2711 δακρύειν.
589 2643 661 2696 Τὸ
689 2643 744 2698 δὲ
776 2645 1106 2714 ὑπερϐατὸν,
1139 2667 1157 2699 ι
1191 2647 1507 2703 Ἐπιποθῶν
1529 2667 1588 2703 σε
1615 2651 1740 2704 ἰδεῖν
1781 2652 1868 2706 ἵνα

284 2735 466 2803 χαρᾶς
495 2734 824 2805 πληρωθῶ,ι
853 2736 927 2801 ὡς
957 2738 1055 2808 τῆς
1099 2738 1226 2802 θέας
1245 2739 1413 2812 μόνης
1438 2744 1616 2813 χαρᾶς
1647 2744 1870 2814 πληρω-

281 2829 448 2896 τικῆς
484 2828 860 2901 ὑπαρχούσης.
891 2849 911 2883 ι
944 2830 1336 2906 ’Δνυποκρίτου
1363 2836 1620 2901 πίστεως,
1648 2858 1665 2888 ι
1711 2840 1871 2909 Ἐμε-

288 2924 517 2992 μνήμην
552 2938 669 2989 σου,
699 2926 888 2994 φησὶν,
929 2924 986 2978 ἐν
1028 2928 1149 2991 ταῖς
1195 2931 1525 2998 προσευχαῖς
1561 2947 1686 3000 μου,
1733 2933 1870 2985 ὑπο-

290 3016 745 3085 μιμνησκόμενος
793 3018 902 3071 τῶν
951 3037 1008 3072 τε
1047 3019 1302 3092 δακρύων
1353 3039 1447 3076 σου
1473 3023 1565 3076 καὶ
1609 3026 1710 3092 τῆς
1740 3025 1857 3078 ἀνυ·

288 3111 561 3179 ποκρίτου
613 3108 870 3174 πίστεως.
920 3112 1183 3182 (Πρῶτον
1228 3116 1286 3167 ἐν
1325 3119 1389 3186 τῇ
1445 3117 1644 3188 μάμμῃ
1692 3134 1809 3170 σου.
1847 3137 1867 3170 ι

293 3198 465 3252 Ἀλλο
540 3198 857 3271 ἐγκώμιον·
891 3202 975 3256 ὅτι
1025 3203 1147 3257 οὔτε
1206 3205 1266 3271 ἐξ
1326 3205 1596 3278 Ἐλλήνων
1625 3209 1684 3262 τὸ
1734 3209 1872 3281 πρὸς

292 3292 509 3362 μητρὸς
553 3292 708 3361 γένος
753 3290 842 3365 ἦν,
870 3294 984 3348 ἀλλ’
1015 3297 1074 3361 ἐξ
1121 3297 1391 3351 Ἰουδαίων
1426 3300 1870 3354 πεπιστευκότων

290 3383 544 3454 Χριστῷ.
606 3382 665 3437 '0
704 3385 762 3439 δὲ
800 3385 994 3439 τούτου
1034 3387 1217 3459 πατὴρ
1263 3388 1464 3461 Ἕλλην
1503 3391 1603 3456 ὢν,
1647 3392 1736 3448 διὰ
1781 3394 1873 3449 τὸν

291 3475 465 3542 φόϐον
491 3475 600 3528 τῶν
637 3473 903 3530 Ἰουδαίων
931 3479 1295 3551 περιετμήθη.
1342 3499 1360 3532 ι
1397 3481 1508 3536 Καὶ
1544 3483 1605 3536 ὲν
1645 3487 1710 3556 τῇ
1769 3502 1875 3556 μη-

291 3568 388 3637 τρί
422 3584 543 3621 σου.
583 3586 602 3619 ι
635 3567 715 3621 Τὰ
746 3568 856 3622 τῶν
882 3571 1163 3639 προγόνων
1190 3572 1462 3642 ἐγκώμια,
1498 3575 1626 3629 ὅταν
1662 3576 1762 3647 μὲν
1781 3578 1877 3634 καὶ

292 3666 463 3731 ἡμεῖς
513 3663 694 3716 αὐτῶν
730 3663 1064 3735 μετέχωμεν,
1115 3667 1196 3730 είς
1238 3666 1396 3732 δόξαν
1433 3670 1564 3740 ἡμῖν
1615 3671 1826 3739 γίνεται
1859 3688 1873 3702 ’

294 3757 355 3808 ὅτ
365 3773 431 3808 αν
447 3755 504 3808 δὲ
519 3755 616 3825 μὴ,
633 3758 950 3830 κατακρίνει
971 3757 1170 3828 μᾶλλον
1187 3760 1355 3830 ἡμᾶς.
1376 3754 1545 3827 Οὗτος
1558 3763 1613 3815 δὲ
1631 3780 1695 3833 με
1707 3767 1872 3834 τεῖχε.

300 3869 319 3900 ι
385 3849 700 3920 Πέπεισμαι
741 3851 872 3921 γὰρ,
920 3851 1105 3921 φησὶν,
1173 3851 1256 3904 ὅτι
1312 3853 1408 3908 καὶ
1446 3856 1504 3908 ὲν
1571 3856 1673 3911 σοί.
1717 3875 1736 3908 ι
1785 3857 1877 3910 Ei-

295 3947 475 4009 κότως
515 3945 610 4001 οὖν
639 3947 1003 4020 ἀνυπόκριτον
1027 3948 1230 4020 ταύτην
1251 3948 1417 4020 ἔχεις,
1457 3950 1533 4014 ὡς
1557 3953 1765 4006 ἄνωθεν
1790 3970 1880 4008 τε-

300 4042 720 4114 θεμελιωμένην
766 4045 862 4097 καὶ
887 4044 1210 4099 σαλεύεσθαι
1241 4046 1342 4099 οὐκ
1374 4046 1625 4118 ἔχουσαν.
1669 4067 1688 4100 ι
1713 4051 1790 4102 Δι’
1811 4050 1879 4121 ἣν

300 4136 502 4189 αἰτίαν.
526 4154 544 4187 ι
585 4134 803 4206 Ἐπειδὴ
826 4135 1000 4189 ταῦτά
1026 4153 1108 4188 σοι
1152 4137 1389 4199 σύνοιδα.
1447 4139 1631 4210 φησίν.
1663 4159 1682 4192 ‹
1724 4141 1880 4194 Ἀνα-

303 4226 583 4296 ζωπυρεῖν
600 4226 660 4279 τὸ
681 4226 951 4297 χάρισμα.
979 4246 998 4278 ι
1033 4227 1386 4299 Χαρίσματος
1406 4225 1474 4301 ἦν
1504 4233 1879 4302 πνευματικοῦ

301 4319 632 4390 ἠξιωμένος,
668 4320 764 4373 καὶ
780 4320 1137 4391 συμϐουλεύει
1168 4321 1318 4392 αὐτῷ
1343 4322 1502 4377 τοῦτο
1523 4324 1881 4398 σφοδρότερον

303 4413 395 4466 καὶ
416 4413 803 4484 ἐνεργέστερον
835 4413 1115 4468 ἀποτελεῖν
1151 4415 1238 4469 διὰ
1268 4416 1596 4488 προθυμίας,
1626 4420 1713 4474 διὰ
1744 4439 1882 4493 προ-

306 4507 490 4577 σοχῆς,
541 4506 631 4559 διὰ
674 4510 911 4576 νήψεως.
951 4507 1034 4562 Τὰ
1078 4510 1186 4580 γὰρ
1214 4512 1431 4564 ἐναντία
1474 4512 1700 4580 τούτων,
1738 4516 1880 4568 ἀπο.

308 4599 564 4669 μαραίνει
602 4599 756 4663 αὐτὸ,
806 4601 880 4663 ὡς
913 4599 1145 4671 ἀλλαχοῦ
1183 4615 1345 4672 φησι·
1383 4621 1401 4653 ι
1424 4603 1496 4656 Τὸ
1542 4605 1762 4675 πνεῦμα
1807 4605 1882 4676 μὴ

2051 2491 2069 2523 ι
2103 2471 2306 2527 Memor
2342 2473 2706 2544 lacrymarum
2742 2481 2981 2530 tuarum.
3019 2491 3038 2526 ι
3081 2471 3358 2534 Fortassis
3401 2479 3548 2534 enim

1973 2563 2110 2620 adeo
2145 2564 2359 2619 dolebat
2389 2579 2454 2619 eo
2478 2565 2623 2635 quod
2654 2581 2685 2620 a
2724 2565 2894 2620 Paulo
2941 2577 3229 2637 separatus
3261 2580 3430 2635 esset,
3491 2583 3551 2628 ut

1969 2652 2134 2706 etiam
2163 2652 2582 2724 lacrymaretur.
2614 2651 2709 2708 Est
2742 2663 2920 2710 autem
2953 2654 3318 2726 hyperbaton.
3342 2677 3361 2709 ι
3394 2657 3552 2714 Desi-

1970 2741 2171 2798 derans
2212 2752 2264 2799 te
2290 2745 2476 2800 videre
2509 2753 2568 2799 ut
2602 2745 2802 2815 gaudio
2833 2748 3068 2816 replear,
3093 2767 3110 2799 ›
3139 2756 3398 2821 tanquam
3431 2753 3552 2825 ip.e

1971 2845 2225 2907 aspectus
2256 2837 2457 2906 gaudio
2493 2837 2719 2907 repleat.
2761 2856 2778 2889 ι
2813 2837 2963 2892 Fidei
2998 2854 3105 2894 non
3164 2842 3458 2900 simulatae.
3524 2866 3543 2898 ι

1979 2928 2104 2994 Tui,
2172 2928 2373 2997 inquit,
2435 2929 2764 2983 mentionem
2836 2928 2939 2984 feci
2963 2929 3019 2983 in
3079 2931 3338 3001 precibus
3388 2935 3551 3000 meis,

1976 3015 2292 3070 admonitus
2332 3023 2446 3070 tum
2476 3016 2732 3087 Iacrymis
2763 3016 2894 3084 tuis,
2924 3027 3040 3072 tum
3071 3019 3174 3076 [ide
3226 3037 3335 3078 non
3375 3025 3552 3080 simu-

1975 3109 2107 3164 lata.
2146 3126 2166 3160 ι
2219 3107 2466 3163 Primum
2527 3111 2580 3163 in
2631 3111 2751 3165 avia
2807 3118 2921 3166 tua.
2963 3131 2981 3163 ι
3030 3114 3189 3168 Aliud
3239 3119 3551 3173 encomium

1976 3202 2123 3272 quod
2147 3217 2325 3272 neque
2355 3217 2421 3257 ex
2446 3201 2653 3257 Grzecis
2681 3218 2710 3256 a
2737 3211 2990 3260 materno
3009 3219 3208 3276 genere
3237 3217 3394 3266 ortus
3408 3219 3550 3272 erat,

1981 3292 2078 3347 sed
2126 3307 2193 3347 ex
2235 3291 2443 3348 ludatis
2498 3295 2593 3364 qui
2629 3295 2792 3349 etiam
2835 3295 2888 3349 in
2919 3295 3203 3352 Christum
3229 3299 3549 3356 credebant.

1978 3383 2154 3439 Porro
2171 3399 2294 3439 cum
2334 3394 2489 3456 pater
2545 3387 2667 3456 ejus
2697 3385 2922 3444 Graecus
2945 3397 3112 3454 esset,
3147 3398 3296 3446 metu
3332 3390 3556 3448 Judaeu-

1979 3492 2101 3531 rum
2130 3477 2493 3535 circumcisus
2562 3487 2666 3534 est.
2703 3498 2722 3531 ‹
2757 3479 2822 3532 Et
2850 3488 3024 3534 matre
3051 3487 3162 3536 tua.
3197 3500 3216 3533 ›
3283 3481 3550 3554 Majorum

1978 3571 2253 3639 encomia,
2281 3571 2500 3642 quando
2533 3579 2589 3626 et
2617 3587 2721 3628 nos
2752 3572 2972 3627 illorum
3007 3589 3203 3631 sumus
3224 3578 3518 3649 participes
3538 3619 3553 3642 ,

1980 3661 2048 3717 ad
2077 3663 2309 3735 gloriam
2347 3663 2509 3719 nobis
2544 3668 2910 3733 proveniunt:
2935 3665 2982 3721 si
3016 3681 3145 3721 vero
3180 3668 3248 3724 ab
3282 3669 3362 3724 eis
3391 3671 3553 3724 alieni

1981 3771 2197 3823 sumus,
2227 3759 2400 3828 magis
2429 3773 2528 3813 nos
2554 3759 2930 3815 condemnant
2967 3777 2980 3814 :
3018 3757 3108 3816 hic
3148 3769 3338 3818 autem
3380 3765 3557 3834 parti-

1980 3857 2111 3914 ceps
2160 3852 2297 3898 erat.
2358 3863 2378 3898 ‹
2414 3849 2612 3903 Certus
2657 3856 2838 3902 autem
2883 3863 3046 3914 sum,
3087 3851 3234 3922 quod
3283 3852 3450 3907 etiam
3502 3855 3557 3909 in

1983 3947 2056 3993 te.
2096 3957 2115 3989 ι
2173 3940 2366 3996 Merito
2429 3942 2594 4013 igitur
2644 3940 2788 3998 hanc
2837 3943 3006 4000 babes
3054 3960 3166 4001 non
3218 3947 3555 4012 simulatam.

1982 4042 2172 4103 utpote
2193 4049 2430 4104 superne
2453 4033 2762 4103 fundatam,
2794 4044 2848 4090 et
2880 4052 3003 4106 quae
3042 4041 3263 4095 concuti
3283 4055 3394 4096 non
3425 4058 3557 4112 pos~

1983 4127 2073 4181 sit.
2115 4144 2134 4178 ι
2195 4126 2368 4192 Quam
2421 4127 2492 4181 ob
2544 4141 2792 4183 causam.
2841 4127 3158 4196 iQuoniam
3215 4131 3331 4188 baac
3388 4133 3443 4188 in
3508 4145 3560 4190 te

1983 4232 2108 4274 esse
2132 4220 2280 4274 novi.
2322 4236 2342 4271 ι
2381 4218 2450 4276 Ut
2475 4220 2710 4276 suscites
2762 4220 2971 4276 donum
3029 4223 3145 4278 Dei.
3185 4241 3205 4276 ι
3259 4223 3562 4295 Spirituale

1985 4320 2273 4383 receperat
2325 4311 2633 4379 donum,et
2672 4313 2868 4370 suadet
2927 4321 2986 4370 ut
3012 4315 3145 4370 illud
3178 4316 3348 4372 animi
3377 4334 3562 4388 prom-

1985 4404 2277 4475 ptitudine,
2309 4406 2610 4462 attentione
2645 4415 2700 4462 et
2725 4407 3010 4478 vigilantia
3043 4409 3243 4466 eﬂiciat
3268 4412 3565 4467 vehemen-

1987 4499 2098 4553 tius
2120 4507 2174 4553 et
2212 4496 2506 4554 efﬁcacius.
2537 4497 2673 4553 Nam
2705 4497 2905 4556 horum
2940 4507 3221 4557 contraria
3244 4503 3562 4576 languidum

1987 4591 2122 4646 illud
2148 4589 2384 4645 reddunt
2404 4591 2870 4662 quemadmodum
2933 4593 3063 4649 alibi
3093 4595 3228 4651 dicit
3265 4615 3279 4652 :
3341 4616 3359 4650 ι
3393 4599 3566 4668 Spiri-

307 4689 616 4744 σ6ἑννυτε.»
637 4721 708 4731 --
730 4709 748 4743 ι
773 4693 872 4744 Διὰ
899 4693 994 4762 τῆς
1015 4693 1312 4757 ἐπιθέσεως
1343 4695 1451 4746 τῶν
1474 4697 1673 4768 χειρῶν
1705 4715 1828 4768 μου.
1857 4718 1867 4750 ι

1989 4692 2101 4737 tum
2129 4696 2198 4737 ne
2254 4682 2682 4752 exstinguatis‘.
2722 4701 2741 4736 ι
2796 4713 2869 4726 —-
2915 4703 2934 4738 ι
2999 4683 3105 4742 Per
3156 4688 3560 4758 impositionem

306 4780 370 4833 Ἀ
381 4799 457 4850 μα
478 4781 591 4853 γὰρ
613 4781 763 4851 αύτῷ
785 4784 973 4852 χεῖρας
1000 4783 1028 4835 ὁ
1057 4783 1265 4846 Παῦλος
1288 4785 1523 4856 ἐπέθηκε
1555 4789 1880 4857 χειροτονῶν

307 4873 631 4937 ἐπίσκοπον,
669 4875 765 4927 καὶ
803 4875 1051 4946 χάρισμα
1073 4875 1307 4946 ἐπῆλθεν
1347 4878 1434 4930 ἐπ’
1467 4878 1637 4949 αὐτῷ,
1669 4881 1748 4944 εἰς
1781 4898 1881 4950 ση-

313 4963 479 5034 μείων
511 4965 754 5034 ποίησιν,
785 4968 866 5029 εἰς
893 4965 1260 5034 διδασκαλίαν,
1294 4968 1375 5031 είς
1413 4971 1752 5038 προστασίαν
1783 4973 1883 5043 τῆς

321 5057 670 5128 Ἐκκλησίας.

374 5240 454 5292 οὐ
496 5238 612 5306 γὰρ
665 5236 888 5290 ἔδωκεν
918 5237 1065 5305 ἡμῖν
1103 5239 1136 5291 ό
1185 5237 1329 5304 Θεὸς
1377 5239 1575 5308 πεῦμα
1630 5237 1881 5304 δειλίας,

314 5326 469 5380 ἀλλὰ
490 5323 823 5394 δυνάμεως,
867 5325 961 5378 καὶ
995 5326 1254 5394 ἀγάπης,
1291 5325 1388 5377 καὶ
1429 5327 1878 5394 σωφρονισμοῦ.

315 5418 407 5486 Μὴ
443 5415 561 5472 οὖν
599 5417 1012 5485 ἐπαισχυνθῇς
1046 5419 1108 5470 τὸ
1135 5419 1466 5486 μαρτύριον
1503 5418 1608 5472 τοῦ
1656 5419 1881 5485 Κυρίου

316 5510 498 5578 ἡμῶν,
538 5508 695 5578 μηδὲ
730 5507 836 5577 ἐμὲ
874 5510 980 5561 τὸν
1005 5508 1257 5578 δέσμιον
1291 5509 1498 5564 αὑτοῦ.
1533 5510 1708 5564 Ἀλλὰ
1738 5527 1888 5580 συγ·

319 5602 745 5671 κακοπάθησον
783 5599 862 5666 τῷ
893 5603 1254 5671 Εὑαγγελίῳ,
1288 5602 1436 5657 κατὰ
1459 5602 1716 5673 δύναμιν
1737 5603 1887 5658 Θεοῦ

321 5695 420 5748 τοῦ
435 5694 748 5760 σώσαντος
773 5692 948 5764 ἡμᾶς,
969 5697 1065 5748 καὶ
1089 5698 1464 5761 καλέσαντος
1487 5696 1701 5765 κλήσει
1725 5694 1888 5765 ἁγίᾳ,

394 5884 408 5914 ¹
440 5884 454 5937 l
488 5882 684 5934 ἨΝ-ες.
719 5884 780 5943 ν,
805 5877 890 5931 i9.

645 5976 914 6034 ΡΑτιιοι..
963 5976 1075 6033 Gn.
1116 5971 1158 6029 (ἶ
1174 5976 1221 6033 .\'
1238 5976 1253 6033 l
1269 5975 1311 6032 Χ
1329 6014 1347 6033 .

1985 4786 2247 4826 manuum
2311 4787 2580 4827 mearum.
2623 4791 2642 4824 ι
2696 4771 2870 4828 Simul
2922 4775 3068 4830 enim
3127 4785 3189 4831 ut
3246 4776 3450 4836 Paulus
3485 4780 3563 4835 illi

1991 4882 2188 4922 manus
2241 4868 2504 4938 imposuit
2549 4865 2814 4924 ordinans
2861 4869 3042 4938 ipsum
3077 4871 3417 4942 episconum,
3463 4874 3564 4930 do-

1992 4973 2122 5012 num
2181 4973 2404 5028 quoque
2487 4958 2542 5011 in
2595 4971 2718 5012 eum
2785 4960 3104 5028 supervenit
3163 4959 3230 5016 ad
3282 4961 3564 5031 signorum

1993 5052 2405 5121 operationem,
2455 5051 2524 5106 ad
2574 5049 2884 5106 doctrinam
2933 5060 2987 5106 et
3047 5051 3117 5108 ad
3162 5053 3565 5124 prasidendum

1992 5141 2267 5198 Ecclesiae.

2065 5235 2110 5296 1,
2141 5232 2265 5287 7-9.
2303 5229 2428 5286 Non
2461 5231 2602 5286 enim
2623 5229 2767 5285 dedit
2796 5231 2949 5287 nobis
2981 5231 3125 5289 Deus
3155 5233 3398 5302 spiritum
3424 5235 3568 5287 timi-

1993 5327 2205 5391 ditatis,
2242 5323 2333 5378 sed
2362 5325 2609 5393 potentire
2643 5341 2705 5378 ac
2769 5323 3072 5380 dilectionis
3129 5337 3178 5380 et
3238 5325 3564 5381 sobrietatis.

1996 5418 2078 5472 Ne
2108 5418 2274 5489 igitur
2303 5427 2349 5471 te
2379 5418 2573 5486 pudeat
2603 5417 2892 5471 testimonii
2931 5417 3097 5488 258
3133 5417 3350 5472 Domini
3397 5416 3566 5471 uestri

1996 5527 2159 5580 neque
2187 5513 2286 5564 mei
2307 5513 2399 5578 qui
2442 5527 2558 5564 sum
2589 5511 2794 5565 vinctus
2825 5511 2970 5564 illius
3001 5527 3016 5564 :
3042 5509 3134 5564 sed
3165 5510 3427 5580 particeps
3455 5517 3565 5562 esto

1998 5602 2340 5673 aﬂiictiouum
2369 5600 2646 5672 Erangelii
2667 5601 2833 5671 juxta
2855 5603 3143 5670 potentiam
3173 5601 3291 5669 Dei,
3332 5598 3423 5671 qui
3454 5598 3568 5654 sal-

2002 5710 2088 5747 vus
2123 5693 2246 5762 fecit
2307 5710 2400 5748 nos
2428 5705 2474 5746 ct
2507 5695 2707 5747 vocavit
2739 5695 3010 5747 vocatione
3053 5700 3260 5758 sancta,
3313 5687 3422 5745 ‘non
3483 5704 3569 5742 se-

3179 5965 3207 6026 7
