3988 6578
362 412 482 477 2ῧὸ

1284 408 1669 469 (ἶΟΜΜΕΝΤ.
1717 407 1794 466 IN
1832 407 2068 467 Ei’lST.
2112 408 2173 466 ΙΙ
2212 408 2310 467 ΑΙ)
2339 406 2658 470 ΤΙΜΟΤΙΙ.

3503 408 3610 469 206

363 520 477 589 ἔχε
516 519 906 589 ὑγιαινόντων
955 517 1156 587 λόγων
1173 510 1250 569 ὦν
1286 515 1421 584 παρ’
1467 514 1611 584 ἐμοῦ
1668 512 1943 581 ἤκουσας

2050 529 2128 567 me
2148 513 2451 581 andistiper
2468 512 2624 584 [idem
2655 520 2704 566 et
2734 511 3044 567 duritatem
3082 530 3197 584 qua’
3220 525 3296 568 est
3321 514 3373 567 in
3398 513 3609 569 Christo

361 612 439 666 ἐν
461 612 662 664 πίστει
686 610 784 664 καὶ
817 609 1019 679 ἀγάπῃ
1043 607 1118 677 τῇ
1147 609 1218 662 ἐν
1238 605 1473 675 Χριστῷ
1532 606 1759 672 Ἰησοῦ.
1818 602 1943 671 Τὴν

364 701 571 768 καλὴν
642 699 1002 769 παραθήκην
1070 698 1350 768 φύλαξον·
1423 696 1521 750 διὰ
1597 697 1944 766 Πνεύματος

360 794 545 864 ἁγίου
593 794 700 847 τοῦ
726 793 1103 859 ἐνοικοῦντος
1137 793 1205 845 ἐν
1235 792 1399 861 ἡμῖν.

444 886 585 955 Ἤδη
624 885 722 955 μὲν
754 885 922 938 πάλαι
957 883 1018 937 τὸ
1044 883 1282 954 σωθῆναι
1331 884 1479 954 ἡμᾶς
1504 881 1940 953 προετετύπωτο,

362 977 466 1032 νῦν
511 979 566 1032 δὲ
598 980 665 1030 ἐκ
694 980 794 1047 τῆς
819 975 1287 1046 ἑνανθρωπήσεως
1337 974 1432 1027 τοῦ
1465 975 1720 1043 Σωτῆρος
1781 972 1943 1042 ἡμῶν

360 1070 529 1136 Θεοῦ,
558 1070 750 1137 γέγονε
794 1068 1125 1137 καταφανές.
1190 1065 1254 1120 Ἦ
1310 1067 1422 1138 γὰρ
1476 1066 1705 1134 τοιαύτη
1777 1063 1944 1135 βουλὴ

359 1162 464 1214 τοῦ
489 1160 644 1226 Θεοῦ,
681 1161 742 1213 τὸ
769 1160 1006 1230 σωθῆναι
1041 1159 1134 1213 τὸν
1165 1159 1370 1228 κόσμον
1394 1159 1482 1211 διὰ
1529 1157 1630 1227 τῆς
1682 1160 1940 1221 πίστεως,

363 1253 467 1306 νῦν
492 1254 588 1307 καὶ
611 1258 712 1306 οὐκ
736 1253 926 1308 ἄλλοτε
958 1253 1156 1321 γέγονε
1197 1252 1539 1320 καταφανής.
1578 1269 1597 1302 ι
1654 1252 1946 1320 Καταργή·

366 1362 563 1407 σαντος
590 1345 688 1414 μὲν
711 1344 801 1397 τὸν
846 1345 1096 1397 θάνατον.
1145 1360 1164 1394 ι
1208 1342 1298 1410 Τῷ
1330 1341 1428 1412 τὴν
1480 1342 1756 1412 ἁμαρτίαν
1814 1356 1945 1408 συγ-

363 1438 640 1503 χωρῇσαι,
670 1433 767 1486 καὶ
795 1435 1091 1486 ἀνάστασιν
1116 1431 1486 1502 δωρήσασθαι.
1526 1448 1545 1482 ι
1606 1430 1945 1494 Φωτίσαντος

359 1527 424 1579 δὲ
446 1524 614 1591 ζωήν.
647 1544 666 1577 ι
723 1525 1001 1589 Τουτέστι,
1048 1524 1483 1594 φανερώσαντος.
1559 1521 1708 1589 ’Λεία
1730 1522 1786 1576 δὲ
1846 1523 1944 1592 τῆς

364 1619 519 1688 ζωῆς
546 1620 580 1688 ἡ
620 1618 786 1683 λέξις.
829 1638 848 1671 ι
897 1619 997 1671 Διὰ
1033 1617 1130 1670 τοῦ
1185 1615 1544 1684 Εὐαγγελίου,
1581 1634 1599 1667 ι
1659 1615 1814 1686 φησί.
1864 1614 1942 1666 Δι’

368 1709 542 1762 αὑτοῦ
570 1708 735 1779 γὰρῆ
765 1710 1070 1771 τε-αίώνιος
1112 1708 1226 1779 ζωὴ
1273 1709 1369 1761 καὶ
1404 1709 1436 1777 ή
1478 1707 1772 1769 ἀνάστασις
1811 1705 1941 1777 ἱήλη

360 1802 615 1868 γέγονεν.
651 1820 671 1853 ι
705 1801 844 1865 Εὶςδ
875 1801 1066 1870 ἐτέθην
1116 1800 1249 1869 ἐγώ.
1295 1817 1316 1851 ι
1364 1799 1585 1871 Πρῶτον
1614 1799 1711 1869 μὲν
1755 1798 1817 1851 τὸ
1884 1797 1945 1851 ὃν

2045 601 2193 659 Iesu.
2233 606 2515 675 Egregium
2547 605 2836 673 depositum
2851 618 3058 660 servato
3086 621 3176 674 per
3205 607 3458 677 Spiritum
3485 625 3612 664 san-

2047 704 2187 748 ctum
2221 696 2312 764 qui
2344 696 2607 750 inhabitat
2656 697 2709 750 in
2755 694 2926 751 nobis.

2114 876 2233 931 Jam
2264 878 2488 948 quidem
2515 879 2641 934 olim
2692 880 3101 951 praellguratum
3132 893 3249 939 erat
3279 901 3379 943 nos
3430 888 3613 943 salvos

2047 970 2185 1033 ίῑυιί,
2228 988 2375 1027 nunc
2407 989 2541 1027 vero
2571 990 2636 1029 ex
2663 975 3047 1030 incarnatione
3080 976 3404 1033 Salvatoris'
3434 983 3611 1036 nostri

2045 1060 2139 1117 Dei
2177 1063 2379 1119 factum
2427 1075 2513 1121 cst
2557 1067 2928 1122 manifestum.
2972 1066 3253 1138 Siquidem
3294 1071 3612 1141 huiusmodi

2047 1154 2143 1209 Dei
2177 1157 2454 1221 voluntas,
2495 1159 2813 1215 utmuudus
2848 1175 2945 1230 per
3000 1160 3157 1217 fidem
3198 1164 3383 1217 Salvus
3439 1164 3615 1228 ﬁeret,
3724 1206 3733 1213 .

2046 1262 2191 1301 nunc
2223 1256 2275 1302 et
2303 1265 2408 1303 non
2444 1263 2600 1305 antea
2626 1252 2976 1307 manifestata
3006 1263 3110 1308 est.
3168 1273 3186 1305 ι
3214 1254 3317 1320 Qui
3379 1265 3613 1311 mortem

2043 1341 2267 1411 quidem
2301 1344 2534 1398 abolevit
2565 1361 2578 1398 :
2612 1364 2632 1396 ν
2671 1353 2953 1414 peceatum
2990 1359 3123 1399 sane
3141 1347 3533 1413 condonanda,
3563 1359 3619 1402 ct

2046 1433 2831 1489 resurrectionemtribuendo.
2871 1453 2890 1487 ι
2928 1433 3106 1489 \‘itam
3142 1447 3321 1491 autem
3354 1420 3409 1492 in
3435 1440 3613 1493 lucem

2046 1523 2305 1593 produxit
2333 1540 2346 1576 :
2379 1543 2397 1574 ι
2425 1525 2525 1578 hoc
2543 1535 2648 1591 est,
2678 1527 3066 1583 manifestavit.
3091 1528 3184 1584 Est
3209 1539 3390 1585 autem
3445 1533 3616 1600 φωτί-

2045 1612 2161 1677 ζειν
2196 1628 2300 1667 vox
2332 1616 2540 1683 Optime
2595 1619 2930 1671 conveniens
2962 1620 3106 1673 vitae.
3158 1637 3176 1670 ι
3216 1619 3320 1673 Per
3362 1619 3616 1690 Evange-

2044 1707 2197 1761 lium.
2231 1725 2250 1757 ι
2280 1705 2416 1760 Nam
2452 1723 2549 1777 per
2583 1707 2758 1777 ipsum
2783 1717 2839 1763 et
2871 1710 2978 1763 vita
3021 1718 3224 1764 aeterna
3264 1718 3320 1764 et
3367 1725 3618 1765 resurre-

2045 1799 2153 1852 ctio
2199 1801 2489 1855 manifesta
2536 1800 2677 1856 facta
2705 1810 2816 1856 est.
2852 1819 2872 1853 ι
2898 1801 2955 1855 In
2988 1801 3135 1871 quod
3187 1802 3402 1871 positus
3432 1818 3610 1856 sum.»

362 1894 539 1962 λέγει,
576 1895 770 1948 ἒπειτα
802 1896 896 1947 καὶ
943 1893 1104 1946 τοῦτο
1124 1892 1439 1959 αἰνίττεται,
1472 1893 1553 1945 ὅτι
1584 1893 1689 1963 χρή
1739 1909 1801 1945 σε
1845 1892 1941 1946 καὶ

2049 1890 2290 1948 Primum
2323 1894 2374 1948 id
2396 1893 2543 1963 quod
2575 1903 2661 1951 est
2691 1894 2845 1958 dicit,
2868 1893 3064 1950 deinde
3090 1895 3253 1949 etiam
3274 1895 3379 1949 hoc
3399 1896 3612 1949 innuit:

363 1986 546 2040 ἔθνεσι
594 1987 939 2057 πλησιάζειν.
976 1986 1188 2049 Ἄλλως
1219 2002 1280 2038 τε
1311 1986 1406 2039 καὶ
1474 1984 1787 2050 ἀξιόπιστον
1848 1983 1940 2038 τὸν

363 2077 525 2146 λόγον
555 2080 720 2133 ποιεῖ.
757 2096 776 2129 ι
813 2077 893 2130 Δι’
942 2079 1008 2149 ῆν
1057 2077 1236 2131 αἰτίαν
1293 2076 1388 2130 καὶ
1444 2076 1617 2129 ταῦτα
1653 2077 1865 2148 πάσχω.
1914 2095 1933 2129 ι

364 2169 541 2222 Ποίαν
569 2187 586 2237 ;
612 2172 712 2225 Διὰ
754 2170 815 2223 τὸ
849 2167 987 2224 εἶναι
1038 2168 1216 2242 κῆρυξ
1256 2171 1351 2224 καὶ
1404 2170 1720 2236 ἀπόστολος,
1764 2170 1839 2232 ὡς
1891 2169 1940 2222 εί

364 2262 577 2330 ἱλεγεν.
628 2263 738 2333 Οὐχ
766 2262 841 2326 ὡς
881 2262 1187 2333 κακοῦργος
1217 2263 1461 2333 δέδεμαι,
1494 2264 1588 2316 καὶ
1634 2265 1716 2327 είς
1768 2264 1941 2333 φυλα-

364 2354 472 2416 κάς
504 2355 754 2424 ἑλκομαι.
792 2374 810 2407 ι
862 2355 1003 2408 Ἀλλ’
1065 2357 1165 2409 οὐκ
1224 2356 1654 2428 ἐπαισχύνομαι.
1715 2375 1735 2410 ι
1787 2356 1942 2411 Καύ-

367 2464 530 2517 χησις
568 2446 677 2518 γὰρ
704 2446 956 2519 μεγίστη,
1002 2448 1062 2500 τὺ
1096 2449 1238 2519 ὑπὲρ
1289 2448 1527 2519 Χριστοῦ
1573 2466 1627 2502 τι
1686 2449 1940 2521 πάσχειν.

380 2541 546 2610 Ὁρᾷς
582 2540 700 2603 πῶς
738 2540 951 2609 ἀλείφει
987 2539 1121 2611 πρὸς
1185 2542 1494 2612 πειρασμὸν
1518 2541 1611 2595 τὸν
1671 2540 1940 2613 μαθητὴν,

362 2632 584 2694 δεικνὺς
621 2631 699 2693 ὼς
723 2634 771 2685 εἰ
821 2633 896 2702 μή
933 2648 1016 2697 τις
1052 2634 1436 2703 αἰσχυνόμενος
1461 2633 1757 2705 ὑποσταλῇ,
1780 2633 1942 2697 αὐτὸς

366 2726 395 2777 ὁ
429 2724 677 2785 κίνδυνος
724 2725 871 2797 ῥᾴων
918 2724 1072 2778 ἔσται
1109 2728 1174 2795 τῇ
1238 2725 1334 2778 τοῦ
1382 2724 1621 2795 Χριστοῦ
1694 2725 1938 2798 βοηθείᾳ.

374 2835 396 2868 ι
430 2816 558 2869 Ὅτι
585 2816 807 2880 δυνατός
841 2819 955 2870 ἐστι
985 2818 1086 2888 τὴν
1114 2816 1447 2889 παραθήκην
1497 2836 1599 2889 μου
1623 2817 1875 2886 φυλάξαι.
1916 2836 1935 2870 ι

371 2909 718 2978 Παραθήκην
801 2907 940 2978 φησὶ
994 2908 1096 2979 τὴν
1134 2909 1342 2975 πίστιν,
1374 2910 1440 2980 ἢν
1478 2908 1750 2981 παρέθετο
1792 2908 1942 2979 αὐτῷ

365 3004 397 3055 ὁ
423 3003 663 3073 Χριστὸς
692 3002 1011 3070 κηρύσσειν.
1066 3003 1138 3055 Ἢ
1175 3003 1302 3065 τοὺς
1352 3000 1580 3062 πιστοὺς
1632 3001 1803 3069 λέγει,
1846 3000 1942 3064 οὓς

367 3094 521 3164 αύτῷ
566 3094 756 3156 ὀΘεὸς
788 3092 1057 3165 παρέθετο
1080 3093 1309 3157 διδάξαι,
1368 3091 1400 3162 ἢ
1467 3092 1562 3157 οὒς
1626 3093 1788 3156 αὐτὸς
1865 3093 1943 3164 τῷ

367 3186 492 3257 Θεῷ
542 3186 831 3256 παρέθετο.
909 3203 927 3237 ι
993 3186 1127 3240 Ἰδοὺ
1181 3186 1311 3256 γὰρ.
1370 3186 1524 3252 φησὶ,
1597 3184 1943 3256 παρατίθημι

367 3251 515 3350 ὑμάς
548 3251 638 3349 τῷ.
681 3278 889 3349 Κυρίῳ.
938 3295 958 3329 ι
1017 3271 1110 3340 Εἷς
1135 3251 1202 3331 δὲ-
1227 3251 1336 3330 των
1361 3251 1781 3347 παρατεθέντων
1971 3251 2012 3308 C

366 3377 398 3426 ὁ
443 3370 728 3441 Τιμόθεος.
793 3369 963 3438 Φησὶν
1003 3365 1118 3421 οὖν·
1166 3363 1294 3421 Οἶδα
1344 3369 1426 3421 ὅτι
1488 3368 1696 3430 ἐκεῖνος
1752 3359 1798 3433 ᾧ
1843 3382 1941 3418 πε-

365 3465 643 3517 πίστευκα
676 3462 771 3515 καὶ
808 3461 1137 3529 πέπεισμαι,
1164 3460 1384 3513 δύναται
1419 3459 1654 3529 φυλάξαι
1710 3458 1811 3529 τὴν
1839 3476 1943 3512 πα-

370 3556 623 3626 ραθήκην
644 3552 942 3608 ἀσάλευτον
969 3553 1028 3605 έν
1055 3552 1243 3619 ἐκείνη
1289 3552 1354 3622 τῇ
1400 3551 1603 3621 ἡμέρᾳ.
1649 3568 1667 3602 ι
1709 3548 1940 3603 Ὑποτύ-

368 3668 548 3705 πωσιν
572 3650 662 3720 ἔχε
694 3645 1046 3716 ὑγιαινόντων
1097 3644 1289 3712 λόγων.
1330 3663 1350 3695 ι
1393 3638 1517 3696 Dim:
1549 3643 1754 3708 εἰκόνα,
1783 3642 1942 3711 ὁμοί-

365 3759 526 3807 ωσιν,
567 3741 821 3811 μίμησιν.
862 3738 1246 3806 ’Υγιαινόντων
1279 3736 1358 3802 δὲ,
1408 3735 1517 3788 τῶν
1574 3737 1703 3805 περὶ
1760 3735 1940 3788 πίστιν

367 3836 468 3888 καὶ
505 3834 640 3903 βίον.
683 3834 769 3895 Ὠς
826 3832 944 3899 οἶγε
990 3832 1117 3901 περὶ
1170 3828 1368 3893 ἄλλων,
1428 3828 1527 3899 οὐχ
1582 3828 1937 3895 ὑγιαίνουσιν.

374 3948 395 3980 ι
444 3920 546 3980 Ὧν
582 3924 713 3995 παρ’
758 3922 895 3993 ἐμοῦ
931 3923 1189 3992 ἦκουσας.
1257 3938 1276 3970 ›
1341 3919 1416 3973 Οὐ
1469 3918 1556 3971 διά
1596 3918 1941 3988 γραμμάτων

372 4025 535 4091 μόνον
563 4018 919 4088 τὰ.πρακτὲα
949 4014 1179 4069 ὑπέθετο
1221 4012 1299 4083 τῷ
1356 4011 1596 4083 μαθητῇ,
1647 4012 1784 4064 ἀλλὰ
1846 4012 1942 4065 καὶ

370 4115 550 4184 στόμα
578 4113 714 4183 πρὸς
756 4110 930 4179 στόμα
981 4105 1267 4161 ἐντέταλτο
1300 4104 1470 4174 αύτῷ.
1503 4104 1661 4158 Ούτω
1704 4105 1812 4172 γάρ
1849 4104 1942 4157 καὶ

367 4206 467 4261 ἐπὶ
520 4205 740 4259 πάντων
775 4200 972 4256 ἐποίει.
1025 4198 1116 4252 Διδ
1148 4196 1336 4268 μηδεὶς
1386 4196 1657 4264 νομιζέτω
1704 4194 1939 4257 ἐλλιπῶς

368 4298 516 4369 εχειν
545 4296 641 4358 τὰς
674 4294 983 4358 ἐπιστολὰς,
1025 4291 1108 4345 ὅτι
1168 4290 1243 4360 μὴ
1303 4290 1432 4358 περὶ
1489 4289 1706 4341 πάντων
1761 4286 1941 4340 διαλέ-

368 4407 582 4460 γονται.
622 4407 643 4440 ι
692 4388 780 4440 Ἑν
811 4385 989 4438 πίστει
1037 4383 1133 4436 καὶ
1166 4382 1377 4455 ἀγάπῃ.
1433 4401 1453 4433 ι
1504 4381 1594 4435 Ἑν
1627 4381 1806 4434 πίστει
1833 4381 1941 4452 γὰρ

370 4483 468 4536 καὶ
493 4480 687 4551 ἀγάπῃ
720 4480 785 4548 τῇ
824 4478 912 4530 διὰ
944 4474 1181 4546 Χριστοῦ
1230 4472 1447 4546 δοθείσῃ
1479 4471 1628 4542 αὐτῷ
1679 4473 1730 4525 οἱ
1792 4472 1942 4540 λόγοι

369 4578 613 4641 ἐγίνοντο
656 4572 753 4624 καὶ
799 4572 856 4623 αἱ
884 4568 1115 4638 διδαχαί.
1168 4586 1187 4618 ι
1229 4566 1339 4637 Τὴν
1386 4566 1556 4637 καλὴν
1609 4565 1939 4635 παραθήκην
1969 4602 2024 4662 D

369 4667 627 4736 φύλαξον.
679 4684 698 4717 ι
733 4662 1065 4734 Παραθήκην
1096 4659 1233 4730 φησὶ
1268 4658 1368 4730 τὴν
1395 4659 1578 4711 πίστιν
1607 4660 1701 4712 καὶ
1733 4658 1937 4727 ἐπιμέ-

368 4760 521 4814 λειαν
544 4758 646 4828 τῆς
694 4754 1157 4827 ἑμπιστευθείσης
1183 4752 1335 4822 αύτῷ
1397 4750 1750 4820 Ἐκκλησίας.
1813 4745 1949 4804 Εἶτα.

368 4854 641 4907 δείκνυσιν
683 4851 765 4903 ὃτι
818 4854 917 4902 οὐκ
942 4844 1256 4918 ἀνθρωπίνη
1319 4845 1471 4914 ἰσχὺς
1532 4844 1697 4914 ἀρκεῖ
1746 4845 1815 4895 τά
1859 4859 1950 4896 το-

372 4944 545 4996 σαῦτα
568 4939 822 5010 φυλάξαι.
873 4936 1052 4991 Πολλὰ
1094 4934 1201 5004 γὰρ
1262 4934 1331 4986 τά
1397 4932 1717 5003 κωλύματα.
1786 4930 1949 4985 Ὑπο-

369 5036 644 5089 δείκνυσιν
691 5029 785 5085 οὖν
819 5030 938 5083 ὁδὸν
991 5027 1262 5096 φυλακῆς.
1315 5025 1555 5079 Φύλαττε
1602 5025 1734 5094 γάρ,
1788 5025 1943 5093 φησὶ,

369 5126 457 5180 διὰ
499 5122 815 5193 [πνεύματος
873 5120 1053 5188 ἁγίου.
1136 5118 1224 5181 '0;
1254 5119 1305 5170 εί
1365 5111 1516 5170 εἶπεν
1545 5131 1558 5146 ⁸
1631 5114 1944 5168 Σπούδασον

370 5218 515 5289 ἔχειν
548 5215 611 5268 τὸ
636 5212 863 5280 Πνεῦμα
890 5211 1042 5278 παρά
1076 5210 1164 5263 .σοὶ
1195 5208 1383 5278 μένον,
1425 5206 1519 5259 καὶ
1551 5204 1626 5275 μὴ
1667 5203 1944 5276 ἀπελάοῃς

373 5312 501 5365 αὐτὸ
520 5308 612 5364 διὰ
652 5305 862 5375 φαύλης
885 5300 1255 5373 ἀναστροφῆς,
1294 5296 1392 5351 xui.
1427 5295 1681 5365 φυλάξεις
1707 5294 1805 5363 τὴν
1837 5311 1945 5349 πα-

378 5403 644 5473 ραθήκην.
692 5417 713 5452 ι
756 5397 881 5450 Ἐὰν
913 5397 1024 5466 γάρ
1092 5394 1170 5463 μὴ
1218 5390 1444 5461 Κύριος,
1490 5391 1677 5459 φησὶν,
1729 5387 1938 5441 οἰκοδο-

376 5498 524 5569 μήσῃ
564 5491 716 5548 οἰκον
750 5492 844 5548 καὶ
866 5488 1024 5543 πόλιν
1068 5483 1300 5555 φυλάξῃ,
1354 5484 1435 5546 εἰς
1492 5483 1670 5553 μάτην
1713 5481 1939 5535 ἐκοπία-

375 5606 471 5645 σαν
496 5589 551 5642 oi.
578 5582 989 5655 οἰκοδομοῦντες
1023 5579 1120 5632 καὶ
1157 5578 1207 5630 oi
1244 5574 1633 5644 φυλάσσοντες.
1673 5592 1695 5626 ο

507 5865 631 5917 Act.
672 5876 766 5926 xx,
798 5859 887 5913 52.
968 5859 987 5889 ³
1010 5856 1154 5912 Psal.
1183 5870 1366 5917 cur],
1393 5853 1442 5906 Ι.

2045 1984 2269 2053 Oportet
2304 1994 2357 2039 te
2383 1999 2604 2055 quoque
2652 1988 2719 2040 ad
2780 1995 2972 2056 gentes
3018 1986 3299 2043 accedere.
3348 1986 3617 2043 Praeterea

2042 2076 2206 2130 etiam
2253 2092 2563 2132 sermonem
2594 2077 2772 2132 reddit
2804 2079 2977 2149 magis
2999 2079 3340 2135 credibilem.
3393 2098 3412 2132 ι
3440 2080 3615 2147 Quam

2044 2170 2118 2223 ob
2149 2184 2373 2225 causam
2410 2172 2571 2226 etiam
2610 2172 2725 2227 hac
2763 2175 2962 2244 patior.
3008 2194 3027 2226 ι
3058 2174 3319 2240 Quaenam
3382 2190 3465 2231 εει
3524 2177 3617 2230 illa

2045 2275 2211 2317 causa
2238 2262 2263 2315 ?
2291 2261 2427 2328 Quia
2456 2279 2632 2332 praeco
2659 2280 2781 2319 sum
2834 2274 2887 2320 et
2918 2266 3239 2336 Apostolus.
3274 2270 3353 2322 Ac
3383 2269 3429 2322 si
3457 2269 3613 2324 dice-

2046 2360 2129 2408 ret
2161 2369 2179 2408 :
2220 2353 2337 2409 Non
2374 2365 2633 2425 tanquam
2685 2358 2966 2413 maleﬁcus
3003 2358 3215 2413 vincior
3243 2371 3297 2413 et
3327 2360 3392 2414 ad
3424 2374 3617 2415 carce-

2045 2461 2133 2499 res
2195 2446 2405 2503 trahor.
2451 2465 2471 2499 ‹
2505 2448 2759 2502 Attamen
2790 2464 2897 2503 non
2933 2446 3222 2505 erubesco.
3265 2469 3283 2501 ν
3325 2448 3460 2505 Nam
3495 2452 3617 2522 glo-

2046 2538 2210 2593 riatio
2254 2540 2489 2593 maxima
2512 2549 2620 2605 est,
2668 2541 2776 2610 pati
2817 2541 3093 2611 quidpiam
3121 2557 3221 2612 pro
3243 2543 3485 2600 Christo.
3523 2544 3620 2598 Vi-

2045 2631 2141 2686 des
2168 2631 2445 2702 quomodo
2468 2632 2794 2703 discipulum
2850 2634 2917 2688 ad
2952 2633 3278 2691 afllictioues
3314 2638 3621 2706 praeparet?

2046 2724 2348 2779 ostendens
2369 2724 2514 2795 quod
2548 2726 2593 2780 si
2626 2726 2749 2795 quis
2786 2724 3047 2795 pudelieri
3084 2742 3191 2783 non
3215 2726 3618 2798 l‘ormidaverit,

2045 2814 2210 2887 260
2238 2817 2414 2886 ipsum
2440 2818 2743 2887 periculum
2769 2817 2971 2873 Christi
3003 2819 3210 2873 auxilio
3251 2819 3468 2877 facilius
3489 2824 3615 2878 erit.

2050 2925 2069 2958 ι
2106 2905 2263 2973 Quod
2317 2915 2515 2978 potens
2549 2910 2622 2963 sit
2666 2909 2977 2978 depositum
3014 2925 3194 2964 meum
3251 2913 3555 2971 custodire.
3594 2935 3613 2967 ›

2047 2998 2364 3069 Depositum
2409 2999 2546 3054 dicit
2578 2999 2735 3053 iidem
2758 3014 2920 3069 quam
2951 3002 3359 3057 commendavit
3386 3004 3436 3059 ei
3457 3005 3621 3059 Chri-

2047 3103 2167 3149 stus
2195 3095 2624 3163 praedicandam,
2649 3095 2733 3148 vel
2772 3094 2960 3149 lideles
3008 3096 3159 3165 ipsos
3201 3112 3338 3166 quos
3389 3100 3439 3153 ei
3473 3098 3620 3156 Deus

2045 3184 2451 3240 commendavit
2483 3185 2781 3248 docendos,
2825 3191 2920 3239 aut
2958 3202 3097 3256 quos
3137 3188 3257 3256 ipse
3301 3187 3415 3243 Deo
3463 3204 3619 3245 com~

2049 3278 2348 3332 mendavit.
2388 3295 2406 3328 ι
2430 3275 2592 3341 Ecce,
2617 3278 2715 3339 ait,
2734 3278 3062 3333 commendo
3079 3294 3176 3334 vos
3204 3278 3312 3336 Deo
3342 3283 3382 3334 ³.
3420 3299 3438 3333 ι
3464 3279 3619 3337 Unus

2050 3377 2232 3426 autem
2295 3369 2804 3424 commendaturum
2880 3380 2997 3424 erat
3071 3370 3409 3429 Timotheus.
3475 3372 3621 3430 Dicit

2048 3475 2180 3530 ergo
2216 3476 2230 3512 :
2263 3458 2397 3513 Novi
2425 3459 2571 3529 quod
2593 3460 2683 3513 ille
2716 3459 2806 3513 cui
2841 3460 3052 3515 credidi
3083 3468 3137 3515 et
3166 3462 3392 3526 conlidi,
3423 3474 3619 3533 potens

2049 3552 2417 3607 siteustodire
2439 3551 2751 3620 depositum
2772 3551 3164 3606 inconcussum
3196 3552 3251 3607 in
3280 3554 3432 3608 illum
3451 3554 3619 3609 diem.

2055 3663 2075 3697 ι
2111 3644 2360 3699 Formam
2407 3645 2605 3698 habeto
2637 3659 2894 3699 sanorum
2938 3657 3276 3699 sermonum.
3316 3663 3337 3698 ι
3377 3644 3493 3701 Hoc
3534 3653 3624 3703 est

2050 3736 2372 3805 imaginem,
2430 3736 2869 3799 similitudinem,
2920 3736 3301 3791 imitationem.
3345 3735 3619 3794 Sanorum

2048 3835 2228 3880 autem
2264 3835 2326 3881 ut
2354 3827 2446 3896 qui
2477 3827 2588 3881 sint
2635 3826 2782 3881 circa
2813 3826 2972 3881 (idem
3015 3835 3070 3882 et
3128 3828 3316 3892 vitam,
3360 3835 3619 3900 tanquam

2048 3917 2139 3985 qui
2178 3918 2325 3971 circa
2356 3917 2460 3970 alia
2512 3925 2661 3979 sunt,
2694 3917 2816 3971 sani
2864 3932 2971 3971 non
3002 3918 3131 3971 sint.
3170 3937 3188 3970 ι
3225 3918 3373 3984 Quos
3409 3921 3475 3975 ad
3534 3937 3623 3978 me

2048 4008 2270 4063 audisti.
2307 4026 2327 4061 ι
2377 4007 2497 4063 Νοιι
2549 4024 2646 4078 per
2689 4011 2839 4063 solas
2891 4010 3171 4078 epistolas,
3203 4026 3323 4080 quae
3368 4011 3619 4067 facienda

2050 4108 2180 4155 sunt
2211 4100 2483 4170 discipulo
2507 4102 2820 4171 proposuit,
2870 4099 2969 4156 sed
3017 4108 3072 4155 et
3110 4116 3207 4157 ore
3262 4116 3449 4157 coram
3510 4104 3618 4173 ipsi

2049 4189 2326 4262 praecepit.
2359 4190 2495 4245 Nam
2548 4193 2622 4247 ita
2663 4193 2717 4245 in
2763 4192 3021 4247 omnibus
3077 4207 3296 4262 quoque
3352 4192 3618 4250 faciebat.

2047 4283 2127 4339 Ne
2166 4285 2291 4355 quis
2319 4286 2502 4356 itaque
2548 4286 2600 4339 iu
2638 4285 2887 4355 epistolis
2935 4283 3139 4355 aliquid
3188 4284 3380 4340 deesse
3428 4287 3624 4342 existi-

2051 4386 2182 4442 met,
2231 4377 2378 4446 quod
2415 4393 2524 4431 non
2558 4375 2625 4430 de
2649 4376 2911 4431 omnibus
2928 4375 3225 4432 disserant.
3265 4394 3285 4428 ι
3326 4375 3427 4430 l’er
3455 4376 3617 4433 [idem

2048 4479 2104 4527 et
2133 4470 2481 4525 charitatem.
2516 4488 2535 4521 ι
2566 4468 2670 4525 Per
2697 4468 2854 4523 [idem
2885 4469 3031 4524 enim
3074 4477 3127 4524 et
3157 4469 3477 4524 charitatem
3500 4484 3622 4538 quae

2050 4563 2153 4632 ipsi
2187 4577 2283 4633 per
2326 4560 2609 4615 Christum
2641 4560 2767 4615 data
2797 4568 2937 4624 erat,
2966 4557 3191 4615 fuerunt
3225 4574 3510 4615 sermones
3565 4569 3622 4615 et

2050 4654 2335 4709 doctrinae.
2386 4670 2407 4704 ι
2456 4651 2745 4723 Egregium
2777 4653 3090 4722 depositum
3124 4659 3360 4706 servato.
3401 4670 3421 4704 ι
3445 4650 3625 4720 Depo-

2052 4747 2216 4801 situm
2242 4745 2376 4799 dicit
2417 4744 2573 4800 ﬁdem
2589 4760 2653 4799 ac
2685 4744 3021 4814 diligentiam
3054 4745 3206 4800 circa
3244 4743 3618 4799 concreditam

2053 4837 2154 4906 ipsi
2191 4835 2513 4891 Ecclesiam.
2533 4834 2738 4891 Deinde
2766 4834 3007 4891 ostendit
3040 4834 3335 4888 humanam
3370 4849 3480 4890 non
3500 4835 3596 4891 sui
3616 4869 3623 4876 ο

2050 4924 2217 4980 ﬁcere
2244 4925 2550 4995 potentiam
2575 4924 2642 4979 ad
2679 4934 2830 4980 tanta
2857 4926 3242 4981 custodienda.
3268 4924 3432 4979 Multa
3473 4927 3623 4981 enim

2048 5024 2177 5073 sunt
2214 5031 2335 5086 qua:
2365 5018 2664 5072 obsistunt.
2700 5015 2854 5070 Viam
2898 5016 3065 5088 igitur
3096 5031 3162 5072 ac
3192 5017 3413 5072 modum
3438 5027 3625 5074 custo-

2052 5106 2155 5163 diae
2181 5109 2409 5163 indicat.
2464 5106 2717 5173 Servato,
2773 5109 2972 5179 inquit,
3015 5124 3114 5181 per
3170 5108 3434 5180 Spiritum
3495 5126 3625 5167 san-
3706 5153 3710 5157 -

2054 5208 2223 5255 ctum.
2269 5201 2349 5253 Ac
2380 5201 2424 5254 si
2450 5200 2661 5256 diceret
2692 5220 2705 5255 :
2739 5199 2884 5256 Cura
2918 5199 3187 5271 Spiritum
3223 5201 3426 5258 habere
3475 5203 3623 5271 apud

2053 5301 2108 5347 te
2155 5302 2487 5354 manentem,
2516 5309 2692 5362 neque
2742 5306 2908 5362 prava
2967 5294 3390 5349 conversatione
3441 5294 3621 5363 ipsum

2053 5385 2306 5455 repellas,
2328 5394 2383 5441 et
2409 5384 2715 5456 depositum
2744 5386 3048 5441 custodies.
3075 5404 3095 5437 ι
3122 5386 3237 5440 Nisi
3258 5384 3407 5439 enim
3434 5382 3623 5438 Domi-

2053 5491 2159 5531 nus
2177 5476 2536 5532 aediﬁcaverit
2562 5477 2785 5532 domum
2806 5485 2862 5534 et
2884 5476 3214 5533 custodierit
3242 5475 3546 5541 civitatem,
3566 5473 3622 5528 in

2046 5585 2250 5626 vanum
2281 5570 2675 5628 laboraverunt
2701 5573 2794 5643 qui
2841 5570 3115 5628 aediﬁcant
3163 5571 3368 5640 quique
3432 5571 3626 5622 custo-

2053 5662 2215 5719 diunt
2242 5662 2318 5718 ³.»
