3918 6558
384 372 485 435 205’

1017 477 1254 536 CAPUT
1291 477 1352 533 ll.

365 652 372 659 _
462 600 535 653 De
557 595 882 651 coareuienti
903 591 1196 647 traditione
1227 590 1528 644 divinorum
1563 585 1892 656 dogmatum.

456 755 501 821 1,
536 755 729 811 15-15.
764 751 926 807 Nosti
978 751 1077 805 hoc
1124 748 1264 819 quod
1315 747 1587 803 adversati
1639 762 1720 800 me
1766 744 1969 814 fuerint

387 866 569 907 omnes
596 849 685 920 qui
721 856 845 903 sunt
878 845 932 899 in
960 844 1115 907 Asia,
1171 857 1397 914 quorum
1446 851 1525 895 est
1576 837 1873 909 Phrygelus
1920 847 1971 891 et

393 946 763 1014 Hermogenes.
825 940 923 994 Det
968 938 1127 1010 26],
1208 934 1633 991 misericordiam
1706 931 1970 988 Dominus

390 1035 705 1104 Onesiphori
755 1031 1004 1104 fantifiw,
1031 1029 1285 1101 quoniam
1314 1029 1511 1098 sa'pius
1559 1043 1640 1082 me
1697 1024 1971 1096 refecilia-

387 1133 484 1198 vit,
518 1129 656 1185 etde
699 1136 887 1183 catena
917 1141 1035 1180 mea
1091 1141 1194 1179 non
1244 1121 1473 1189 erubuit,
1515 1121 1607 1177 sed
1658 1137 1781 1175 eum
1838 1128 1972 1173 esset

389 1222 590 1290 Romae,
616 1220 910 1277 studiosius
933 1217 1173 1290 quasivit
1202 1231 1304 1284 me,
1336 1225 1386 1271 et
1408 1215 1625 1270 invenit.
1658 1212 1757 1267 Det
1791 1212 1839 1265 ei
1859 1209 1942 1265 Do

389 1313 587 1373 minus,
620 1319 678 1364 ut
724 1308 953 1363 inveniat
998 1305 1423 1360 misericordiam
1479 1302 1619 1372 apud
1679 1300 1973 1355 Dominum

387 1404 442 1457 in
467 1402 552 1457 die
587 1399 700 1455 illo.
727 1398 799 1454 Et
831 1398 884 1452 in
915 1411 1076 1468 quam
1124 1394 1306 1450 multis
1354 1392 1549 1463 Ephesi
1590 1387 1972 1446 ministraverit

391 1504 444 1545 tu
475 1489 662 1545 melius
687 1488 848 1543 nosti.

460 1584 803 1641 Alﬁictiones
833 1588 1254 1648 commemorat,
1289 1594 1405 1635 non
1436 1586 1494 1632 ut
1527 1576 1862 1648 discipulum
1887 1592 1972 1633 rc-

387 1662 716 1750 prehendat,
747 1674 845 1732 sed
875 1674 1144 1731 utdoceat
1167 1672 1236 1728 ad
1260 1671 1463 1728 similia
1489 1670 1706 1726 fortiter
1733 1671 1974 1726 toleran-

388 1774 540 1829 dum.
571 1771 711 1825 Nam
739 1783 864 1824 cum
892 1783 922 1823 a
955 1766 1174 1824 Nerone
1211 1764 1658 1836 comprehensus
1683 1764 1969 1826 esset,de-

1436 354 1841 421 (ECUMENII
1882 350 2176 413 TRICCJE
2220 350 2562 411 EPISCOPI
3533 349 3643 416 ms

2683 466 2934 523 ΚΕΦᾹᾹ.
2975 466 3050 522 B’.

2074 588 2210 655 Περὶ
2260 585 2368 653 τῆς
2416 582 2793 655 ἁρμοζούσης
2840 584 3232 655 μεταδόσεως
3318 583 3435 639 τῶν
3477 586 3655 642 θείων

2656 656 2805 725 δογμ
2817 653 2996 710 dtur.

2145 746 2323 814 Οἶδας
2346 746 2523 826 τοῦτο
2545 750 2634 802 ὅτι
2673 748 3160 818 ἀπεστράφησάν
3217 765 3295 819 με
3329 748 3554 814 πάντες
3597 750 3653 801 οἱ

2070 844 2140 899 ἐν
2166 842 2241 913 τῇ
2282 842 2474 910 Ἀσίᾳ,
2499 836 2588 896 ὧν
2616 843 2747 896 ἐστι
2777 842 3081 911 φρύγελος
3108 841 3205 895 καί
3271 840 3655 911 Ἑριιογέγης.

2074 935 2205 1005 Δῴη
2227 935 2401 1002 ἕλεος
2432 937 2464 989 ὁ
2494 935 2708 1002 Κύριος
2756 933 2839 1000 τῷ
2877 934 3279 1002 Ὀνησιφόρου
3331 933 3496 999 οίκῳ,
3571 934 3658 987 ὃτι

2073 1029 2382 1093 πολλάκις
2398 1045 2471 1098 με
2499 1027 2796 1097 ἀνέψυξε,
2843 1027 2942 1080 καί
2971 1025 3086 1093 τὴν
3108 1026 3338 1082 ἅλυσίν
3385 1046 3504 1097 μου
3544 1030 3660 1081 οὐκ

2072 1122 2457 1191 ἐπῃσχύνθη,
2494 1119 2656 1175 ἀλλὰ
2682 1121 3012 1190 γενόμενος
3066 1120 3137 1172 ἐν
3183 1119 3410 1188 "Prima,
3471 1136 3663 1174 σπου-

2073 1215 2383 1282 δαιότερον
2426 1212 2682 1279 ἐζήτησέ
2727 1230 2805 1282 με
2856 1211 2956 1266 καί
3005 1207 3167 1280 εὗρε.
3226 1212 3352 1280 Agim
3413 1210 3583 1277 αὐτῷ
3627 1216 3662 1266 ὀ

2072 1306 2294 1374 Κύριος
2319 1304 2522 1373 εὑρεῖν
2554 1304 2729 1369 ἕλεος
2760 1303 2920 1371 παρὰ
2948 1304 3172 1372 Κυρίου
3202 1305 3273 1357 ἐν
3324 1305 3528 1371 ἐκείνῃ
3583 1301 3660 1373 τῇ

2073 1397 2284 1467 ἡμέρᾳ,
2320 1398 2417 1450 καί
2453 1395 2572 1450 ὅσα
2594 1396 2664 1451 ἐν
2700 1397 2934 1466 Ἐφέσῳ
2984 1395 3337 1465 διηκόνησε,
3405 1394 3665 1460 βέλτιον

2075 1488 2159 1543 σὺ
2191 1489 2530 1559 γινώσκεις.

2144 1581 2453 1651 Ἐξηγεῖται
2482 1582 2609 1645 τοὺς
2650 1582 3017 1653 πειρασμοίις,
3064 1581 3167 1653 οὐχ
3222 1582 3312 1635 ἵνα
3368 1579 3660 1652 καταϐάλῃ

2074 1671 2166 1725 τὸν
2224 1671 2492 1744 μαθητὴν,
2550 1671 2679 1727 ἀλλ’
2737 1672 2825 1727 ἵνα
2897 1671 3084 1743 διδάξῃ
3148 1671 3242 1724 ἐπὶ
3293 1673 3404 1735 τοῖς
3452 1670 3664 1739 ὁμοίοις

2084 1763 2372 1835 καρτερῶς
2433 1765 2642 1835 φέρειν.
2692 1762 3077 1833 Συλληφθέντα
3127 1764 3237 1834 γὰρ
3292 1763 3456 1816 αὐτὸν
3508 1759 3665 1831 παρὰ

390 1867 733 1938 reliquerunt
780 1876 905 1918 eum
968 1859 1133 1915 amici
1194 1858 1289 1929 qui
1323 1834 1556 1912 erantin
1597 1855 1751 1912 Asia.
1815 1854 1971 1911 Multi

2083 1834 2359 1924 Νέρωνος,
2390 1857 2442 1910 oi
2472 1834 2617 1925 φίλοι
2645 1855 2937 1909 κατέλιπον
2961 1856 3011 1908 οἱ
3045 1857 3101 1908 ὲν
3128 1858 3196 1926 τῇ
3243 1855 3421 1925 Ἀσίᾳ.
3477 1849 3665 1906 Ἦσαν

390 1958 536 2014 enim
570 1954 759 2010 Romae
780 1957 941 2007 erant
962 1948 1057 2020 qui
1089 1948 1160 2003 ab
1181 1947 1312 2003 Asia
1332 1945 1508 2001 secuti
1542 1956 1705 2001 erant
1740 1943 1970 2000 Paulum

392 2059 486 2107 aut
516 2049 623 2103 alio
672 2042 836 2102 modo
864 2040 1154 2096 credentes
1180 2053 1198 2098 ι
1223 2051 1417 2093 omnes
1450 2042 1635 2092 autem
1694 2035 1975 2091 subduxe-

394 2150 522 2198 runt
544 2155 664 2197 sese
686 2146 980 2209 postquam
1035 2142 1120 2188 est
1168 2148 1197 2185 a
1244 2130 1464 2186 Nerone
1516 2128 1972 2200 comprehensus.

398 2253 415 2285 ι
457 2229 560 2297 Qui
594 2236 722 2284 sunt
751 2226 806 2279 in
836 2224 1008 2278 Asia:
1051 2239 1071 2271 ι
1112 2221 1217 2276 hoc
1265 2229 1369 2285 est,
1401 2234 1468 2274 ex
1496 2217 1649 2275 Asia.
1690 2237 1708 2270 ι
1746 2219 1845 2272 Det
1866 2217 1972 2272 mi-

391 2318 748 2379 sericordiam
781 2314 1066 2370 Dominus.
1094 2331 1114 2366 ι
1137 2309 1527 2366 Animadverte
1549 2310 1669 2381 ejus
1702 2308 1970 2367 studium.

393 2416 513 2472 Non
545 2419 864 2471 exsecratur
930 2422 1026 2465 eos
1080 2405 1175 2477 qui
1227 2404 1591 2475 reliquerant,
1636 2402 1733 2459 sed
1795 2402 1973 2459 solum

393 2516 586 2566 narrat
618 2518 741 2576 Qua:
769 2503 839 2558 ab
867 2501 1004 2571 ipsis
1023 2498 1226 2554 fiebant
1249 2506 1266 2549 :
1290 2495 1341 2553 ei
1368 2509 1502 2550 vero
1534 2493 1627 2565 qui
1654 2492 1815 2564 opem
1850 2493 1976 2547 tulit

391 2598 566 2654 multa
583 2596 725 2651 bona
758 2599 1033 2665 precatur,
1070 2603 1172 2644 nec
1200 2587 1305 2643 soli
1333 2585 1465 2658 ipsi,
1498 2583 1596 2640 sed
1635 2594 1690 2641 et
1755 2584 1977 2640 familia:

394 2693 568 2763 ipsius
607 2687 787 2745 :adeo
806 2684 966 2757 probi
995 2689 1177 2748 erant,
1208 2687 1265 2736 et
1317 2681 1396 2734 ita
1447 2676 1830 2748 Onesiphorus
1879 2691 1976 2732 cos

392 2787 738 2840 instruxerat
797 2796 817 2832 ι
861 2773 1190 2846 Onesiphori
1217 2770 1462 2827 familiae.
1505 2789 1524 2822 ι
1554 2768 1600 2826 Ο
1657 2768 1788 2826 felix
1831 2769 1976 2826 One-

394 2874 652 2949 sipliorel
688 2873 784 2945 qui
834 2871 1035 2943 dignus
1075 2867 1296 2923 habitus
1327 2880 1388 2922 es
1433 2871 1494 2919 ut
1556 2862 1788 2919 Paulum
1825 2862 1975 2921 refo-

393 2970 634 3035 cillares,
663 2967 734 3023 sit
775 2964 938 3021 nobis
963 2973 1020 3020 et
1055 2977 1186 3034 pars
1213 2969 1415 3018 tecum.
1453 2977 1473 3008 ι
1499 2955 1714 3029 Saepius
1747 2974 1834 3014 me
1887 2973 1975 3014 reo

395 3061 682 3118 focillavit.
723 3057 938 3112 i'Velut
967 3055 1228 3112 athletam
1296 3053 1537 3125 aliquem
1602 3050 1862 3121 squalore
1908 3063 1974 3105 ac

2076 1948 2186 2021 γὰρ
2213 1950 2270 2001 ὲν
2322 1950 2513 2022 Ῥώμῃ
2553 1949 2739 2002 πολλοὶ
2788 1951 2850 2001 ὲκ
2877 1949 2978 2019 τῆς
3027 1948 3214 2012 Ἀσίας
3264 1949 3522 2017 ἑπόμενοι
3582 1946 3668 2018 τῷ

2079 2039 2301 2110 Παύλῳ,
2349 2041 2383 2111 ἢ
2415 2040 2593 2103 ἄλλως
2652 2041 2857 2095 πιστοί.
2904 2040 3116 2102 Πάντες
3161 2039 3217 2093 δὲ
3272 2026 3683 2109 ιίιττεσχοίνισιινΔ
3777 2094 3781 2098 _

2077 2133 2306 2197 ἑαυτοὺς
2336 2132 2475 2204 μετὰ
2502 2133 2602 2204 τὴν
2628 2133 2732 2186 ὑπὸ
2764 2133 3014 2202 Νέρωνος
3045 2133 3330 2204 σύλληψιν.
3355 2151 3372 2182 ι
3413 2135 3477 2186 Οἱ
3506 2132 3564 2185 ὲν
3595 2134 3663 2201 τῇ

2089 2227 2263 2298 Ἀσίᾳ.
2295 2246 2315 2279 ι
2352 2227 2664 2291 Τουτέστιν,
2694 2227 2742 2280 οἱ
2774 2229 2838 2281 ὲκ
2866 2227 2964 2295 τῆς
3004 2227 3209 2291 Ἄσίας,
3261 2246 3280 2278 ι
3336 2225 3456 2297 Δῲη
3515 2225 3664 2289 ἔλεος

2075 2322 2110 2374 ὁ
2154 2320 2381 2392 Κύριος.
2425 2340 2444 2373 ι
2504 2322 2647 2387 Ὅρα
2706 2320 3046 2389 φιλοσοφίαν.
3079 2321 3219 2383 Τοὺς
3282 2319 3384 2390 μὲν
3432 2320 3665 2372 καταλι-

2078 2415 2304 2479 πόντας,
2332 2416 2391 2468 οὐ
2433 2414 2809 2484 κιτηράσατο.
2841 2414 2980 2467 ἀλλὰ
3015 2414 3178 2483 μόνον
3204 2414 3272 2467 τὰ
3316 2413 3435 2466 κατ’
3464 2412 3667 2475 αὐτοὺς

2076 2510 2417 2581 διηγήσατοο
2474 2510 2555 2581 τῷ
2586 2510 2642 2563 δὲ
2701 2509 3082 2580 συμπράξαντι
3136 2507 3308 2561 πολλὰ
3349 2507 3665 2577 ἐπεύχεται,

2077 2603 2175 2656 καὶ
2193 2604 2292 2657 οὐκ
2318 2602 2468 2674 αὐτῷ
2501 2602 2669 2672 μόνῳ,
2695 2603 2830 2656 ἀλλὰ
2862 2601 2958 2655 καὶ
2987 2601 3065 2673 τῷ
3092 2600 3227 2671 οἴκῳ
3264 2598 3449 2653 αὐτοῦ.
3474 2597 3667 2661 Οὕτως

2076 2690 2218 2767 ἦσαν
2241 2694 2509 2767 ὲνάρετοι,
2544 2695 2638 2748 καὶ
2663 2692 2836 2757 οὕτως
2876 2694 3074 2758 αὐτοῦς
3127 2692 3480 2763 ὀνησιφόρος
3511 2691 3670 2743 ἐπαί-

2078 2785 2286 2840 δευσεν.
2358 2804 2377 2838 ι
2454 2784 2544 2855 Τῷ
2603 2783 2964 2855 Ὀνησιφόρου
3027 2782 3184 2853 οἴκῳ.
3220 2801 3238 2834 ι
3273 2777 3344 2835 Ὦ
3421 2781 3667 2852 μακάριε

2090 2876 2414 2947 Ὀνησιφὸρε
2439 2876 2453 2929 ί
2489 2874 2548 2939 ὃς
2576 2874 2818 2946 ὴξιώϐης
2840 2874 3115 2945 ἀναψῦξαι
3144 2873 3375 2935 Παῦλον,
3414 2873 3498 2951 είη
3530 2874 3670 2942 ἡμῖν

2080 2972 2241 3042 μερὶς
2268 2970 2409 3042 μετὰ
2432 2971 2547 3027 σοῦ.
2582 2988 2601 3023 ι
2630 2970 2898 3034 Πολλάκις
2923 2987 2989 3040 με
3029 2970 3293 3038 ἅνέψυξε.
3328 2988 3347 3022 ι
3395 2968 3665 3041 Καθάπερ

2077 3063 2319 3135 ἀθλητήν
2365 3080 2487 3117 τινα
2541 3064 2646 3119 ὑπὸ
2671 3063 2767 3117 τοῦ
2813 3062 3029 3133 αὐχμοῦ
3091 3063 3195 3131 τῆς
3258 3062 3439 3131 πάλης
3497 3077 3670 3115 κατε-

395 3151 716 3224 fatigatione
745 3164 774 3203 a
816 3149 964 3204 lucta
991 3152 1351 3218 occupatum.
1387 3163 1408 3198 ι
1443 3143 1509 3199 Et
1534 3142 1605 3199 de
1635 3149 1831 3197 catena
1853 3153 1971 3194 mea

2082 3158 2326 3230 χύμενον.
2363 3158 2471 3210 Καὶ
2503 3157 2604 3228 τὴν
2634 3155 2822 3211 ἅλυσίν
2851 3172 2952 3226 μου
2983 3154 3085 3209 οὐκ
3144 3153 3485 3226 ὲππσχύνοη.
3519 3153 3667 3217 Τοὺς

395 3242 769 3300 nonernbuit.
816 3259 835 3293 ι
881 3239 1107 3296 Relictis
1162 3236 1430 3308 periculis
1484 3235 1747 3308 pudorem
1794 3232 1973 3291 solum

393 3330 704 3409 proposuit,
734 3332 975 3390 suadens
1008 3330 1341 3402 discipulum
1382 3329 1530 3386 bono
1579 3342 1705 3383 esse
1766 3325 1974 3392 animo,

392 3434 560 3491 veluti
591 3431 743 3489 solus
772 3429 947 3500 pudor
971 3443 1036 3484 ex
1077 3441 1142 3484 ea
1171 3428 1514 3498 procederet,
1538 3437 1641 3479 nec
1670 3419 1974 3493 periculum

394 3525 706 3588 accederet,
742 3538 868 3578 cum
921 3530 1103 3577 tamen
1157 3516 1380 3574 adesset
1415 3517 1580 3572 etiam
1645 3512 1974 3584 periculum.

392 3622 542 3679 Nero
567 3619 713 3675 enim
768 3613 986 3671 insania
1049 3610 1363 3680 agitabatur
1405 3608 1671 3664 adversus
1722 3604 1974 3670 Paulum,

394 3712 542 3787 quod
575 3707 871 3782 quemdam
916 3721 947 3761 e
971 3702 1295 3761 domesticis
1326 3700 1445 3756 suis
1482 3699 1539 3753 in
1594 3696 1702 3752 fide
1761 3698 1944 3749 instru

394 3809 587 3865 sisset.
616 3823 634 3857 ι
681 3798 1000 3858 Studiosius
1021 3796 1278 3868 quaesivit
1313 3808 1421 3849 me.
1464 3811 1484 3846 ι
1507 3789 1626 3846 Νοη
1664 3789 1865 3853 solum,
1892 3787 1977 3842 in-

394 3902 538 3975 quit,
589 3914 702 3955 non
760 3895 897 3968 fugit
956 3906 1133 3947 meam
1201 3887 1547 3952 societatem,
1603 3900 1729 3940 cum
1792 3892 1976 3936 tamen

394 3996 558 4052 etiam
587 3988 891 4064 periculum
938 3990 1088 4041 esset
1139 3995 1356 4037 mecum
1396 3976 1717 4035 conversari
1755 3975 1847 4031 ubi
1887 3989 1978 4030 re-

394 4090 584 4145 clusus
611 4096 834 4140 essem:
866 4093 1056 4135 verum
1121 4077 1289 4133 etiam
1332 4072 1638 4130 studiosius
1675 4084 1839 4141 quam
1879 4071 1976 4124 de-

396 4180 520 4237 buit
565 4174 822 4250 quaesivit
853 4188 940 4228 me
962 4171 1140 4227 donec
1181 4169 1488 4223 invenisset
1520 4180 1628 4221 me.
1658 4164 1765 4231 Qui
1789 4172 1974 4217 autem

396 4272 701 4345 participes
729 4283 854 4324 cum
891 4263 1099 4323 sanctis
1154 4268 1313 4318 erant
1368 4260 1424 4315 in
1478 4258 1762 4315 laboribus
1814 4265 1978 4312 erunt

394 4379 618 4439 quoque
652 4359 954 4431 participes
1004 4357 1060 4411 in
1084 4354 1330 4416 coronis,
1370 4352 1516 4407 sicut
1567 4351 1686 4419 ipse
1724 4348 1863 4403 dicit
1901 4348 1924 4379 ⁸
1959 4363 1974 4400 :

401 4478 421 4512 ι
492 4457 656 4512 Recte
716 4452 926 4509 fecistis
970 4445 1117 4520 quod
1172 4443 1626 4501 communicastis
1697 4439 1975 4495 aﬂlictioni

2078 3250 2358 3312 κινδύνους
2405 3250 2586 3321 ἀφεὶς,
2638 3249 2738 3321 τὴν
2788 3248 3057 3322 αἰσχύνην
3107 3246 3398 3322 προέταξε,
3455 3246 3668 3301 πείθων

2077 3342 2168 3396 τὸν
2194 3342 2443 3414 μαθητὴν
2471 3342 2713 3414 θαρρεῖν,
2748 3341 2824 3406 ὡς
2853 3340 3116 3413 αἰσχύνης
3139 3339 3305 3411 μόνης
3336 3337 3670 3409 τικτομένης

2079 3434 2144 3489 ἐκ
2163 3433 2258 3487 τοῦ
2275 3435 2618 3507 πράγματος,
2636 3434 2735 3489 καὶ
2760 3434 2822 3487 οὐ
2854 3433 3105 3487 κινδύνου
3126 3431 3444 3503 προσόντος·
3481 3430 3668 3484 καίτοι

2079 3542 2144 3594 γε
2166 3526 2261 3579 καὶ
2283 3525 2527 3590 κίνδυνος
2554 3527 2785 3598 προσῆν.
2820 3524 2882 3579 '0
2904 3524 3013 3595 γὰρ
3025 3524 3219 3596 Νέρων
3242 3521 3496 3594 ἐμαίνετο
3517 3520 3670 3575 κατὰ

2081 3615 2296 3669 Παύλου
2326 3614 2404 3680 ὡς
2433 3615 2850 3687 κατηχήσαντός
2889 3632 3014 3669 τινα
3061 3616 3172 3668 τῶν
3237 3615 3457 3670 οἰκείων
3482 3614 3665 3685 αὐτῷ.

2086 3728 2105 3761 ι
2155 3708 2579 3776 Σπουδαιότερον
2615 3709 2847 3781 ἑζήτησέ
2899 3724 2990 3779 με.
3024 3726 3044 3761 ι
3106 3708 3183 3761 Οῦ
3236 3709 3421 3779 μόνον,
3470 3709 3666 3777 φησιν,

2080 3802 2180 3857 οὐκ
2218 3802 2390 3871 ἔφυγέ
2456 3819 2558 3872 μου
2621 3802 2723 3873 τὴν
2780 3799 3076 3871 συντυχίαν
3107 3842 3124 3868 ,
3170 3800 3351 3855 καίτοι
3410 3801 3667 3855 κινδύνου

2080 3893 2234 3957 ὄντος
2258 3892 2353 3947 καὶ
2378 3892 2763 3962 συντυγχάνειν
2795 3891 2946 3963 αῦτῷ
2977 3891 3116 3962 μετὰ
3140 3891 3202 3946 τὸ
3251 3892 3667 3964 ἑγκλεισθῆναι,

2081 3986 2218 4040 ἀλλὰ
2243 3987 2338 4038 καὶ
2376 3984 2799 4055 σπουδαιότερον
2845 3985 2939 4038 τοῦ
2974 3985 3284 4054 ὀφείλοντος
3329 3985 3566 4056 ἐζήτησε
3595 4004 3670 4057 με

2082 4080 2186 4144 ἕως
2224 4074 2352 4149 εῦρέ
2390 4094 2479 4149 με.
2518 4080 2579 4132 Οἱ
2631 4077 3019 4140 κοινωνοῦντες
3066 4077 3124 4131 δὲ
3153 4077 3263 4132 τῶν
3314 4076 3495 4132 πόνων
3555 4081 3673 4143 τοῖς

2081 4171 2279 4239 ἁγίοις,
2303 4170 2698 4240 κοινωνήσουσι
2733 4169 2961 4224 καὶτῶν
2994 4170 3301 4241 στεφάνων,
3332 4169 3408 4235 ὡς
3439 4171 3533 4225 καὶ
3564 4173 3676 4225 αῦ-

2081 4261 2174 4325 τός
2204 4278 2360 4332 φησι.
2409 4277 2428 4311 ι
2469 4258 2666 4324 Καλῶς
2700 4261 3018 4331 ἐποιήσατε,
3078 4263 3512 4334 κοινωνήσαντες
3555 4281 3676 4335 μου

2080 4356 2148 4426 τῇ
2181 4354 2377 4425 θλίψει.
2426 4373 2445 4406 ι
2479 4384 2547 4393 —
2580 4371 2598 4405 ι
2631 4352 2753 4425 Δῴη
2785 4354 2933 4425 αὐτῷ
2992 4356 3021 4409 ὁ
3058 4354 3263 4425 Κύριος
3305 4356 3486 4426 εὑρεῖν
3513 4356 3676 4421 ἕλεος

2083 4447 2237 4518 παρὰ
2284 4445 2512 4517 Κυρίου.
2561 4464 2580 4497 ι
2615 4448 2678 4499 Ui
2706 4446 2774 4500 τὰ
2794 4447 3121 4518 Μαρκίωνος
3177 4448 3502 4518 φρονοῦντες
3544 4451 3677 4503 ἐπι-

398 4566 554 4607 mear.
587 4567 606 4602 ι
676 4545 774 4601 Det
807 4544 857 4599 ei
889 4541 1155 4597 Dominus
1185 4548 1243 4593 ut
1265 4536 1507 4593 inveniat
1538 4533 1971 4591 misericordiam

2087 4539 2303 4610 πηδῶσι
2362 4541 2428 4609 τῇ
2465 4539 2679 4610 Γραφῇ,
2733 4540 2808 4602 ὼς
2841 4540 2936 4592 δύο
2968 4540 3190 4611 Κυρίων
3218 4540 3410 4607 ὄντων,
3438 4540 3554 4596 ἀλλ’
3583 4537 3674 4607 εἷς

397 4641 543 4715 apud
570 4638 884 4694 Dominum.
920 4651 939 4685 ι
981 4631 1083 4698 Qui
1114 4627 1409 4685 Marcionis
1433 4627 1686 4697 dogmata
1731 4640 1977 4695 sequun-

395 4747 507 4801 tur,
562 4732 833 4789 assultum
900 4725 1109 4780 faciunt
1158 4723 1212 4779 in
1251 4721 1614 4793 Scripturam,
1672 4717 1829 4789 quasi
1865 4717 1977 4772 duo

395 4829 508 4885 sint
541 4820 759 4880 Domini
802 4835 818 4850 θ
866 4831 1037 4872 unum
1086 4824 1265 4870 tamen
1315 4812 1447 4868 alibi
1488 4810 1625 4866 dicit
1657 4808 1974 4863 Dominum.

402 4938 421 4975 ι
458 4917 628 4973 Nobis
663 4922 846 4968 tamen
884 4926 1029 4966 unus
1049 4915 1135 4965 est
1177 4907 1444 4961 Dominus
1499 4904 1665 4960 Jcsus
1717 4902 1977 4958 Christus

396 5026 495 5085 pcr
562 5022 723 5080 quem
783 5006 1022 5060 omnia'.
1088 5020 1107 5054 ι
1161 4998 1301 5067 Quid
1346 5014 1476 5069 ergo
1534 4994 1980 5054 dicemus‘lllaec

395 5101 673 5159 ordinatio
705 5100 759 5154 in
793 5114 894 5153 usu
932 5103 1021 5152 est
1052 5095 1196 5165 apud
1227 5094 1470 5148 divinam
1506 5093 1851 5163 Scripturam
1879 5106 1892 5143 :
1918 5097 1978 5144 ut

393 5202 479 5251 est
513 5185 648 5248 illud
682 5209 696 5246 :
726 5190 866 5245 Dixit
906 5189 1184 5243 Abraham
1222 5202 1236 5243 :
1270 5185 1627 5256 Nequaquam
1685 5183 1847 5254 262
1889 5183 1976 5237 in-

394 5302 618 5357 gressus
669 5295 753 5342 est
777 5284 1077 5339 Abraham.
1115 5280 1196 5336 Ac
1256 5280 1302 5334 si
1363 5280 1468 5332 hoc
1520 5280 1639 5333 loco
1691 5277 1971 5332 dixisset:

394 5380 627 5438 Tribuat
655 5379 732 5433 illi
791 5377 1056 5432 Dominus
1084 5383 1179 5429 'ut
1238 5372 1481 5428 inveniat
1535 5369 1971 5426 misericordiam

395 5474 537 5546 apud
558 5469 963 5551 ipsum.'Quod
986 5467 1215 5525 sictiam
1243 5465 1460 5520 Patrem
1525 5478 1588 5517 ac
1639 5460 1840 5516 Filiqu
1885 5460 1976 5516 hic

398 5565 699 5637 signiﬁcari
750 5562 1015 5633 accipias,
1072 5575 1141 5615 ne
1203 5558 1309 5614 hoc
1366 5559 1588 5628 quidem
1673 5552 1974 5609 absurdum

398 5659 525 5712 erit.
565 5656 704 5711 Nam
763 5663 818 5709 et
848 5653 1010 5708 Pater
1045 5652 1311 5708 Dominus
1347 5659 1452 5716 est,
1488 5662 1543 5705 et
1575 5646 1748 5706 Filius
1782 5646 1971 5702 Domi-

468 5794 747 5908 ‘Philipp.
778 5852 852 5904 ιν,
887 5836 974 5892 li.
1056 5835 1261 5894 'lCor.
1296 5851 1411 5902 \‘tu,
1439 5835 1492 5890 6.

2081 4633 2285 4704 Κύριος
2336 4630 2570 4701 ἀλλαχοῦ
2621 4647 2809 4703 φησιν.
2857 4650 2877 4684 ι
2926 4632 3091 4702 Ἡμῖν
3117 4632 3175 4686 δὲ
3211 4627 3293 4697 εἷς
3329 4634 3531 4705 Κύριος
3567 4635 3677 4707 Ἰη-

2083 4725 2212 4789 σοῦς
2242 4724 2498 4796 Χριστὸς,
2535 4724 2603 4777 δι’
2634 4718 2694 4779 οὗ
2747 4725 2814 4777 τὰ
2845 4724 3043 4782 πάντα.
3081 4745 3102 4778 ι
3137 4724 3202 4779 Τί
3252 4725 3345 4781 οῦν
3389 4726 3675 4798 ὲροῦμενς

2080 4817 2326 4890 Συνήθης
2357 4819 2390 4888 ἡ
2436 4816 2689 4884 σύνταξις
2711 4815 2850 4888 αῦτη
2884 4820 2949 4887 τῇ
2988 4818 3107 4889 θείᾳ
3138 4818 3353 4889 Γραφῇ.
3407 4820 3495 4883 Ὠς
3524 4823 3671 4880 ἐκεῖ.

2082 4907 2251 4966 Εἶπεν
2300 4911 2571 4981 Ἀϐραὰμ,
2630 4911 2706 4964 Οὐ
2757 4910 2832 4982 μὴ
2885 4910 3099 4983 εἰσέλθῃ
3160 4912 3448 4985 Ἀϐραάμ·
3486 4912 3564 4976 ὡς
3616 4916 3674 4969 εἰ

2089 5005 2267 5074 ἔλεγε,
2303 5005 2574 5079 Παράσχῃ
2619 5004 3052 5075 αῦτῴὁΚύριος
3098 5004 3279 5075 εὑρεῖν
3325 5004 3474 5069 ἔλεος
3530 5006 3672 5077 παρ’

2087 5097 2258 5169 αὐτῷ.
2286 5098 2349 5151 Ei
2379 5097 2436 5151 δὲ
2471 5099 2566 5151 καὶ
2589 5097 2682 5153 τὸν
2711 5097 2930 5167 Πατέρα
2963 5098 3058 5150 καί
3084 5097 3174 5150 τὸν
3208 5096 3338 5150 Υίὸν
3370 5097 3674 5166 δηλοῦσθαι

2084 5189 2321 5244 ἐνταῦθα
2342 5189 2491 5261 δέξῃ,
2528 5189 2649 5243 οὐδὲ
2677 5188 2837 5243 τοῦτο
2870 5188 3095 5245 ἄτοπον.
3128 5188 3242 5241 Καὶ
3269 5190 3299 5241 ὁ
3337 5187 3529 5258 Πατὴρ
3552 5191 3673 5258 γὰρ

2085 5283 2180 5336 καὶ
2201 5281 2229 5333 ὁ
2262 5281 2390 5345 Υἱὸς
2420 5281 2648 5353 Κύριος,
2670 5283 2766 5335 καὶ
2807 5281 2868 5334 τὸ
2895 5280 3117 5350 Πνεῦμα
3150 5280 3376 5353 Κύριος,
3424 5279 3543 5335 ἀλλ’
3577 5277 3671 5346 εἷς

2084 5374 2292 5447 Κύριος
2352 5377 2473 5438 ταῖς
2550 5375 2731 5445 τρισὶν
2806 5374 3172 5429 ὑποστάσεσιν
3238 5374 3670 5445 ὲμφαινόμενος.

2090 5483 2109 5517 ι
2162 5461 2330 5519 Εἶπεν
2354 5467 2383 5518 ὁ
2410 5463 2620 5536 Κύριος
2647 5465 2725 5536 τῷ
2754 5465 2943 5537 Κυρίῳ
2993 5482 3116 5537 μου.
3157 5483 3176 5517 ι
3214 5466 3283 5518 Ἦ
3310 5466 3393 5519 ὅτι
3420 5464 3674 5533 διευκριφ

2083 5552 2299 5617 νοῦντός
2328 5554 2445 5606 ἐστι
2478 5554 2539 5606 τὸ
2582 5553 2756 5618 οὕτως
2814 5556 2992 5608 είπεϊν
3036 5554 3134 5618 τὰς
3206 5553 3369 5622 ἁγίας
3427 5554 3674 5609 bucaed—

2081 5664 2216 5713 σεις,
2243 5644 2319 5711 ὡς
2344 5647 2479 5701 ἐκεῖ·
2521 5666 2542 5701 ι
2585 5646 2818 5717 Ἔὸρεξε
2848 5647 3055 5721 Κύριος
3086 5647 3239 5719 παρὰ
3283 5645 3491 5718 Κυρίου
3552 5645 3674 5717 πῦρ
