3988 6630
452 448 551 511 ειι

1516 453 1843 515 (ECUMEN
1856 455 1910 512 ll
1947 454 2236 515 TRICCJI
2273 454 2612 517 EPISCOPI

3594 449 3704 513 212

523 562 713 636 Papae!
755 571 956 635 quanta
1018 564 1261 637 dignitas
1318 568 1545 623 militem
1587 585 1708 626 esse
1766 568 2011 626 Christil

2200 570 2398 634 Βαϐαῖ,
2453 571 2576 624 ὅσον
2633 569 2693 624 τὸ
2731 568 2970 640 ἀξίωμα,
3016 568 3351 642 στρατιώτην
3393 564 3531 623 εἶναι
3561 570 3700 640 Χρι-

456 656 689 727 Siguum
727 667 910 712 autem
938 658 1226 715 militisest
1253 659 1398 716 ferre
1415 660 1665 717 adversa.
1701 682 1719 714 s
1741 660 1912 718 Nemo
1928 661 2023 733 qui

457 750 675 805 militat.
709 769 729 803 ι
763 749 956 807 Militis
990 749 1125 809 fecit
1166 753 1522 819 mentionem,
1561 755 1861 811 ostendens
1877 755 2022 824 quod

455 849 769 910 proruptum
802 850 857 897 et
908 844 1173 899 audacem
1220 860 1343 900 esse
1368 852 1620 914 oporteat
1646 845 1853 901 Christi
1916 860 2022 901 ser-

452 949 636 988 vum:
694 935 910 990 athletae
950 951 1078 991 vero
1141 936 1354 1000 dicens,
1399 937 1526 991 Ἐὰν
1603 937 1662 991 δὲ
1732 938 1826 991 καὶ
1886 937 2021 1008 ἀθλῇ

451 1043 556 1092 τις,
588 1026 638 1081 id
665 1037 768 1091 est,
794 1028 947 1094 Quod
972 1029 1015 1083 si
1050 1037 1219 1083 certet
1250 1030 1413 1084 etiam
1446 1030 1668 1099 aliquis,
1690 1041 1748 1084 ut
1769 1030 2026 1085 ostendat

456 1118 603 1185 quod
630 1134 752 1173 esse
768 1119 961 1173 debeat
990 1120 1042 1174 in
1063 1120 1322 1175 continuo
1339 1122 1545 1177 labore.
1568 1121 1624 1176 Si
1649 1138 1801 1191 ergo,
1821 1122 2019 1191 inquit,

452 1210 502 1264 is
543 1212 634 1280 qui
672 1221 892 1266 terreno
943 1213 1055 1282 regi
1104 1215 1323 1278 militat,
1360 1230 1466 1269 non
1515 1214 1833 1284 implicatur
1859 1215 2024 1270 rebus

451 1319 572 1370 qua!
593 1304 925 1359 abstrahunt
951 1319 1075 1358 eum
1110 1306 1178 1359 ab
1213 1307 1402 1370 armis,
1459 1316 1667 1375 quanto
1709 1307 1881 1375 magis
1930 1304 2021 1372 qui

453 1395 663 1450 cmlesti
690 1396 804 1465 regi
848 1411 974 1451 sese
1005 1396 1298 1463 dedicavit,
1325 1398 1558 1467 ejusque
1596 1398 1807 1452 militia:
1861 1396 2023 1452 addi-

450 1488 553 1542 xit.
608 1507 627 1541 ι
660 1487 776 1543 Nisi
806 1488 1051 1556 legitime
1111 1491 1472 1547 ceﬂaverit.»
1522 1489 1641 1545 Non
1686 1490 1830 1545 enim
1889 1492 2024 1546 satis

449 1589 532 1633 est
578 1588 789 1635 tantum
818 1582 1034 1651 inungi,
1073 1581 1271 1652 inquit,
1302 1590 1398 1636 aut
1456 1582 1638 1637 locum
1702 1583 2023 1638 certaminis

450 1673 684 1742 ingredi.
704 1682 798 1728 aut
821 1690 945 1729 cum
979 1677 1141 1732 hoste
1170 1692 1464 1732 conserere
1491 1691 1708 1739 manus,
1742 1675 1837 1731 sed
1858 1691 2025 1746 opor-

451 1772 529 1818 tet
558 1764 723 1819 etiam
755 1765 1000 1821 tolerare
1026 1782 1089 1821 ac
1117 1767 1337 1822 vincere
1368 1785 1383 1820 :
1410 1769 1413 1773 ’
1445 1767 1560 1822 hac
1602 1768 1751 1822 enim
1809 1779 1892 1823 est
1940 1767 2023 1821 lex

450 1856 793 1911 certaminis.
839 1876 858 1907 ι
887 1857 1253 1913 Laborantem
1290 1859 1607 1929 agricolam.
1648 1878 1668 1911 ι
1698 1858 1815 1914 Non
1850 1859 2023 1928 negli-

2130 661 2254 716 στοῦ
2281 680 2296 729 ;
2330 664 2536 732 Δεῖγμα
2565 662 2621 714 δὲ
2651 661 2982 732 στρατιώτου
3006 662 3065 715 τὺ
3091 662 3444 719 κακοπαθεῖν.
3513 682 3533 715 ι
3597 664 3702 717 0'5-

2126 754 2236 817 δεῖς
2286 755 2731 825 στρατευόμενος.
2800 773 2819 807 ι
2881 754 3222 824 Στρατιὼτου
3276 755 3544 826 ἐμνήσθη,
3587 756 3700 807 δει-

2126 846 2256 909 κνὺς
2286 846 2359 906 ὡς
2399 846 2677 917 πρόθυμον
2704 846 2800 898 καὶ
2832 846 3127 917 τολμητίαν
3157 843 3297 899 εἶναι
3326 847 3409 900 δεῖ
3439 846 3529 899 τὸν
3555 848 3697 916 Χρι-

2132 937 2259 991 στοῦ
2300 936 2485 990 δοῦλον
2513 952 2526 966 ⁶
2554 936 2790 1006 ἀθλητοῦ
2852 936 2931 999 δὲ,
2975 937 3187 1000 δεικνὺς
3265 937 3347 991 ὅτι
3414 938 3702 1007 ἀσκήσεως

2126 1028 2273 1097 αὐτῷ
2302 1031 2459 1099 χρεία
2492 1028 2795 1099 διηνεκοῦς.
2831 1029 2892 1083 El
2920 1024 3036 1091 οῦν,
3074 1030 3259 1101 φησὶν,
3294 1030 3323 1082 ὁ
3354 1030 3430 1098 τῷ
3471 1030 3699 1097 ἐπιγεῐῳ

2129 1118 2338 1190 βασιλεῖ
2362 1120 2813 1190 στρατευόμενος,
2873 1119 2970 1171 οὐκ
3015 1118 3349 1187 ἐμπλέκεται
3409 1117 3701 1186 πράγμασι

2126 1215 2238 1276 τοῖς
2287 1212 2616 1277 ἁφέλκουσιν
2643 1212 2807 1264 αὐτὸν
2840 1210 2947 1263 τῶν
2977 1211 3177 1274 ὃπλων,
3211 1210 3363 1277 πόσῳ
3424 1211 3625 1279 μᾶλλον
3671 1211 3701 1262 ὀ

2126 1301 2202 1371 τῷ
2230 1302 2464 1372 οὐρανίῳ
2501 1302 2709 1370 βασιλεῖ
2740 1300 2932 1355 ἑαυτὸν
2986 1301 3206 1364 ἀναθεὶς
3266 1301 3361 1353 καὶ
3408 1300 3699 1370 στρατολο-

2126 1397 2323 1463 γήσας.
2382 1412 2400 1444 ι
2438 1394 2565 1447 Ἐάν
2599 1393 2673 1464 μὴ
2706 1394 2947 1463 νομίμως
2973 1392 3201 1463 ἀθλήσῃ.
3235 1410 3254 1443 ι
3292 1392 3366 1445 Ui;
3395 1391 3501 1462 γὰρ
3536 1392 3700 1461 ἀρκεῖ

2130 1487 2312 1556 μόνον,
2354 1486 2508 1558 φησὶ,
2542 1486 2601 1538 τὸ
2638 1485 2961 1554 ἀλείψασθαι
3017 1485 3049 1555 ἥ
3103 1487 3181 1547 εἰς
3238 1483 3466 1553 σκάμμα
3521 1480 3698 1535 εἰσελ-

2128 1586 2260 1649 θεῖν,
2291 1585 2323 1655 ἢ
2354 1583 2743 1653 συμπλακῆναι
2785 1581 2862 1652 τῷ
2926 1581 3227 1648 ἀντιπάλῳ,
3279 1579 3414 1632 άλλά
3456 1578 3538 1632 δεῖ
3603 1578 3701 1630 καὶ

2127 1676 2558 1745 ἐγκρατεύεσθαι
2646 1674 2740 1727 καὶ
2820 1673 3065 1742 νικῆσαι.
3130 1667 3297 1733 Οὗτος
3369 1672 3477 1741 γάρ
3533 1670 3698 1738 νόμος

2125 1770 2424 1838 ἀθλήσεως.
2486 1787 2505 1820 ι
2567 1767 2671 1822 Τὸν
2732 1766 3009 1820 κοπιῶντα
3063 1765 3327 1837 γεωργόν.
3396 1784 3413 1816 ι
3479 1762 3552 1815 Οὐ
3606 1761 3700 1814 τὸν

2127 1861 2325 1932 ἀμελῆ,
2358 1860 2493 1914 ἀλλά
2518 1861 2609 1913 τὸν
2653 1859 2948 1913 κοπιῶντα.
3000 1857 3110 1911 Καὶ
3155 1856 3264 1926 γὰρ
3306 1856 3400 1908 καὶ
3449 1854 3699 1907 διδάσκα·

448 1957 665 2017 gentem
707 1966 723 2003 :
754 1950 849 2004 sed
885 1966 1009 2005 eum
1050 1954 1145 2020 qui
1198 1919 1432 2005 labo‘rat.
1470 1952 1685 2007 Etenim
1715 1919 2011 2022 praeceptor

2125 1919 2213 2016 λος
2242 1954 2270 2006 ὁ
2293 1919 2510 2006 ¹κοπιῶν
2538 1952 2665 2021 περὶ
2681 1951 2805 2009 τοὺς
2835 1948 3101 2020 μαθητὰς,
3136 1919 3367 2017 ἀμοιϐὰς
3402 1944 3513 2009 ἔξει
3544 1944 3695 2013 παρά

448 2056 667 2111 quoque
687 2043 779 2111 qui
826 2043 1040 2097 laborat
1064 2044 1212 2098 circa
1244 2043 1568 2113 discipulos,
1606 2043 1828 2113 praemia
1858 2058 1889 2097 a
1910 2043 2022 2099 Deo

451 2134 676 2189 habebit
720 2150 823 2205 pro
872 2138 1111 2192 utilitate
1136 2146 1190 2192 et
1246 2137 1540 2193 commodo
1594 2136 2017 2207 discipulorum.

450 2243 472 2276 s
504 2223 739 2294 Oportet
764 2228 1001 2297 primum
1034 2228 1102 2284 de
1132 2227 1402 2285 fructibus
1429 2229 1756 2299 participem
1838 2243 2013 2284 esse»

444 2314 602 2379 eum
629 2327 997 2389 praeceptores
1028 2320 1080 2373 in
1108 2321 1309 2389 seipsis
1343 2323 1579 2390 primum
1604 2321 1748 2376 bona
1778 2337 2018 2391 operen-

443 2418 536 2464 ’.αι’
568 2424 690 2478 quae
720 2411 938 2465 docent.
975 2410 1140 2482 264
1166 2409 1301 2465 Nam
1327 2413 1430 2467 hoc
1456 2420 1562 2476 est,
1590 2413 1824 2483 primum
1855 2427 2020 2483 opor-

444 2510 559 2556 tere
594 2498 875 2556 lrucluum
903 2504 1199 2573 participes
1227 2519 1372 2569 esse,
1399 2520 1538 2573 quos
1577 2505 1682 2559 sibi
1720 2503 1855 2571 ipsis
1900 2505 2010 2572 pri-

442 2605 593 2645 mum
621 2599 747 2646 ante
769 2592 908 2646 alios
941 2607 1038 2661 per
1066 2594 1299 2648 virtutes
1328 2594 1545 2649 'colunt.
1577 2592 1768 2647 Militis
1796 2593 2015 2661 quidem

453 2690 511 2738 et
546 2684 765 2739 athleta:
797 2686 1107 2752 exemplum
1166 2687 1331 2739 etiam
1388 2685 1675 2755 discipulis
1716 2684 1952 2755 quadrat
1997 2700 2014 2739 :

441 2773 699 2843 agricolae
722 2788 876 2838 vero,
909 2775 1042 2829 solis
1059 2775 1511 2846 praeceptoribus.
1543 2774 2013 2841 Quemadmodum

442 2867 609 2932 enim,
656 2868 853 2937 inquit,
898 2868 1162 2939 agricola,
1195 2875 1358 2923 terra:
1386 2883 1450 2923 ac
1487 2866 1763 2923 fructuum
1820 2882 2011 2922 curam

441 2959 637 3024 habet,
670 2960 745 3016 ita
774 2970 829 3016 et
857 2968 914 3015 tu
945 2961 1344 3032 discipulorum
1376 2974 1442 3016 ac
1498 2958 1925 3029 praedicationis.
1950 2956 2015 3012 Et

439 3051 566 3108 vide
592 3052 869 3122 quomodo
903 3053 1255 3122 respondeat.
1292 3050 1627 3118 Praeceptor,
1668 3048 1870 3118 inquit,
1898 3049 2013 3119 pri-

440 3160 567 3200 mus
596 3145 833 3199 utilitate
908 3145 1308 3214 discipulorum
1376 3141 1577 3198 fruitur
1624 3140 1769 3212 apud
1816 3139 2011 3205 Deum,

438 3237 905 3307 quemadmodum
935 3237 1175 3306 agricola
1207 3236 1505 3292 fructibus.

512 3330 578 3394 ll,
612 3330 767 3385 7-10.
827 3328 1128 3386 Considera
1161 3345 1278 3399 qua
1315 3329 1459 3383 dico.
1493 3327 1595 3382 Det
1616 3326 1759 3381 enim
1789 3325 1885 3379 tibi
1910 3325 1987 3378 Do

437 3423 613 3477 minus
661 3424 714 3476 in
778 3421 1024 3475 omnibus
1079 3421 1432 3474 intellectum.
1510 3418 1776 3473 Memento
1825 3415 2012 3470 Jesum

438 3510 708 3567 Christum
741 3511 1097 3566 resurrexisse
1127 3525 1193 3565 ea:
1221 3510 1449 3563 mortuis
1482 3523 1549 3562 ex
1592 3507 1793 3562 semine
1833 3504 2011 3558 David

437 3602 726 3657 secundum
758 3600 1105 3672 Evangelium
1136 3617 1327 3668 meum,
1380 3600 1432 3654 in
1467 3615 1569 3670 quo
1598 3597 1754 3653 malis
1813 3596 2015 3666 aﬂligor

438 3695 593 3760 quasi
616 3695 952 3763 facinorosus
976 3710 1140 3763 usque
1165 3692 1234 3747 ad
1249 3695 1478 3754 vincula,
1507 3702 1562 3745 at
1592 3707 1764 3746 sermo
1798 3689 1890 3744 Dei
1909 3705 2012 3743 non

436 3795 515 3839 est
554 3785 776 3838 vinctus.
812 3783 1103 3853 Propterea
1126 3784 1308 3839 omnia
1334 3783 1531 3852 stt/fero
1557 3792 1771 3852 propter
1795 3781 2025 3845 electos,

437 3888 497 3931 ut
529 3888 578 3932 et
610 3878 713 3946 ipsi
738 3877 965 3932 salutem
982 3886 1393 3946 consequantur,
1418 3892 1536 3948 qua:
1562 3885 1639 3931 est
1667 3871 1866 3929 inlesu
1893 3889 2012 3927 cum

428 3967 604 4039 gloria
619 3978 837 4023 a'terna.
1449 4031 1457 4038 _
1894 4030 1901 4039 ,

507 4060 779 4126 Quoniam
813 4063 999 4117 omnia
1036 4060 1250 4118 dixerat
1273 4062 1328 4117 in
1359 4061 1635 4132 parabolis
1654 4077 1777 4131 quae
1802 4060 1869 4117 de
1895 4060 2003 4115 mi-

432 4150 528 4207 )ite
554 4161 734 4214 erant.
771 4151 840 4207 de.
861 4153 1063 4206 athleta
1093 4161 1147 4207 et
1202 4153 1271 4208 de
1325 4152 1588 4223 agricola,
1640 4153 1716 4205 ait
1768 4167 1915 4206 nunc
1987 4166 2003 4208 :

437 4262 459 4294 ‹
498 4243 798 4299 Considera
819 4258 940 4312 qua:
958 4245 1082 4299 dico
1106 4260 1118 4298 :
1149 4263 1168 4295 ι
1196 4244 1355 4313 cujus
1377 4259 1547 4298 causa
1566 4244 1745 4297 dican-
1769 4261 1782 4297 :
1808 4243 1865 4298 ln
1891 4259 2009 4297 om-

431 4334 596 4391 nibus
627 4351 642 4390 :
683 4353 704 4387 ›
744 4334 815 4389 Ut
841 4343 895 4390 et
928 4334 1206 4404 intelligas
1234 4341 1294 4388 ut
1323 4342 1560 4403 oportet,
1594 4342 1864 4389 etetetera
1922 4334 2008 4388 fa-

435 4430 553 4484 cias
571 4436 631 4482 ut
654 4428 833 4483 decet.
867 4446 884 4478 ι
923 4427 1195 4481 Memento
1241 4425 1427 4482 Jesum
1486 4428 1767 4482 Christum
1820 4442 2008 4481 resur-

428 4521 663 4602 rexisse.
697 4537 713 4570 ι
739 4517 912 4572 Simul
935 4520 1098 4573 etiam
1117 4518 1384 4573 adversus
1402 4518 1689 4574 haretieos
1709 4518 2003 4573 ﬁrmiorem

2124 2043 2259 2097 Θεοῦ
2319 2042 2460 2112 ὑπὲρ
2508 2041 2610 2108 τῆς
2659 2041 2767 2094 τῶν
2830 2038 3085 2109 μαθητῶν
3132 2036 3514 2104 ὠφελείας.-
3550 2052 3568 2083 ι
3600 2034 3695 2086 Δεῖ

2125 2133 2339 2203 πρῶτον
2372 2133 2479 2185 τῶν
2518 2132 2747 2202 καρπῶν
2804 2128 3264 2200 μεταλαμϐάνειν.
3309 2145 3327 2178 ι
3402 2125 3695 2198 [ΓΡΗΓΟ-

2121 2226 2283 2280 ΡΙΟΥ
2317 2224 2634 2295 ΝΥΣΣΗΣ.]
2693 2223 2783 2285 Ὧς
2821 2221 2929 2275 τῶν
2971 2219 3306 2274 διδασκάλων
3364 2218 3583 2288 πρῶτον
3638 2218 3697 2269 ἐν

2121 2318 2333 2381 ἑαυτοῖς
2363 2316 2770 2388 κατορθούντων
2797 2315 2942 2385 ἅπερ
2989 2313 3323 2368 διδάσκουσι.
3359 2310 3531 2364 Τοῦτο
3580 2309 3694 2379 γάρ

2121 2409 2261 2472 ἐστι,
2305 2410 2365 2463 τδ
2406 2409 2516 2461 δεῖν
2543 2408 2759 2478 πρῶτον
2797 2405 2904 2459 τῶν
2929 2404 3159 2476 καρπῶν
3227 2401 3694 2474 μεταλαμϐάνειν,

2121 2493 2196 2554 ὧν
2230 2499 2334 2568 πρὸ
2368 2498 2475 2552 τῶν
2502 2498 2677 2552 ἄλλων
2708 2498 2921 2558 ἑαυτοῖς
2965 2496 3053 2549 διά
3096 2494 3205 2548 τῶν
3256 2494 3463 2565 ἀρετῶν
3510 2509 3697 2561 γεωρ-

2119 2592 2328 2661 γοῦσιν.
2392 2590 2465 2645 Τὸ
2496 2592 2595 2661 μὲν
2620 2591 2715 2644 τοῦ
2746 2591 3076 2661 στρατιώτου
3117 2589 3209 2642 καὶ
3258 2585 3489 2657 ἀθλητοῦ
3519 2584 3699 2655 παρά·

2118 2685 2341 2755 δειγμα,
2407 2686 2503 2739 καὶ
2555 2684 2828 2755 μαθηταῖς
2891 2682 3143 2754 ἁρμόζει,
3207 2680 3267 2734 τὸ
3304 2679 3361 2733 δὲ
3416 2676 3691 2747 γεωργοῦ,

2117 2774 2456 2839 διδασκάλοις
2486 2775 2687 2844 μόνοις.
2724 2774 2933 2846 Ὠσπερ
2964 2773 3091 2844 γάρ,
3125 2772 3310 2841 φησιν,
3361 2770 3390 2822 6
3446 2768 3696 2838 γεωργὸς

2118 2869 2217 2939 τῆς
2250 2869 2356 2939 γῆς
2407 2871 2502 2923 καὶ
2530 2870 2638 2922 τῶν
2667 2868 2896 2941 καρπῶν
2944 2869 3178 2921 ποιεῖται
3240 2863 3516 2935 φροντίδα,
3546 2860 3694 2915 οὕτω

2121 2964 2216 3016 καὶ
2252 2964 2315 3017 σὺ
2376 2962 2485 3015 τῶν
2525 2961 2785 3032 μαθητῶν
2837 2961 2933 3015 καὶ
2997 2959 3092 3013 τοῦ
3155 2957 3531 3028 κηρύγματος.
3581 2952 3695 3007 Καὶ

2116 3056 2218 3126 ὅρα
2233 3055 2331 3126 τὴν
2359 3054 2646 3108 ἀντίδοσιν.
2662 3054 2772 3122 Τῆς
2793 3052 3081 3121 ὠφελείας,
3107 3050 3261 3119 φησὶ,
3285 3049 3392 3100 τῶν
3409 3045 3691 3118 μαθητῶν,

2118 3149 2336 3219 πρῶτος
2387 3149 2416 3200 ὁ
2448 3146 2765 3208 διδάσκαλος
2792 3143 3052 3197 ἀπολαύει
3110 3141 3260 3214 παρά
3298 3140 3438 3211 Θεῷ,
3497 3139 3692 3208 ὥσπερ

2039 3262 2082 3320 C
2116 3240 2225 3295 τῶν
2261 3238 2490 3309 καρπῶν
2525 3239 2554 3292 ὁ
2579 3238 2843 3307 γεωργός.

2186 3335 2325 3389 Νόει
2372 3331 2411 3385 ἃ
2451 3331 2629 3400 λέγω.
2665 3328 2787 3398 Δῴη
2820 3328 2931 3399 γάρ
2963 3344 3063 3382 σοι
3097 3329 3130 3381 ὀ
3165 3326 3384 3395 Κύριος
3420 3325 3688 3378 σύνεσιν

2114 3430 2183 3483 ἐν
2196 3427 2368 3482 πᾶσι.
2383 3426 2736 3495 Μνημόνευε
2764 3424 2997 3492 Ἰησοῦν
3018 3421 3274 3482 Χοιστὸν
3293 3417 3691 3489 ἐγηγερμένον

2113 3523 2181 3577 ἐκ
2202 3520 2430 3590 νεκρῶν
2458 3521 2524 3573 ἐκ
2555 3517 2894 3587 σπέρματος
2915 3516 3095 3571 Δαυὶδ
3152 3513 3300 3568 κατὰ
3323 3515 3389 3566 τὸ
3428 3510 3690 3578 Εὐαγγέ-

2114 3616 2251 3669 λιόν
2278 3631 2421 3683 μου,
2443 3613 2512 3666 ἐν
2540 3604 2588 3678 ᾧ
2611 3609 2930 3664 κακοπαθῶ
2954 3608 3127 3677 μέχρι
3159 3604 3398 3675 δεσμῶν
3448 3604 3528 3669 ὡς
3582 3620 3690 3655 κα·

2114 3706 2389 3776 κοῦργος,
2422 3706 2557 3759 ἀλλ’
2587 3708 2620 3758 d
2650 3706 2833 3772 λόγος
2854 3702 2960 3756 τοῦ
2998 3700 3144 3755 Θεοῦ
3168 3701 3239 3753 οὺ
3291 3697 3539 3751 δέδεται.
3583 3695 3688 3748 Διὰ

2111 3801 2288 3855 τοῦτο
2324 3800 2519 3853 πάντα
2549 3797 2824 3866 ὑπομένω
2853 3796 2951 3850 διὰ
2976 3795 3119 3860 τοὺς
3180 3792 3529 3857 ἐκλεκτοὺς,
3581 3790 3687 3842 ἵνα

2114 3893 2211 3946 καὶ
2247 3891 2417 3946 αὐτοὶ
2445 3891 2744 3959 σωτηρίας
2772 3890 3020 3957 τύχωσι,
3049 3885 3158 3955 τῆς
3196 3885 3266 3938 ἐν
3302 3880 3535 3952 Χριστῷ
3573 3882 3690 3949 Ἰη-

2113 3984 2230 4038 σοῦ
2249 3982 2402 4053 μετὰ
2429 3981 2613 4048 δόξης
2644 3981 2909 4034 αἰωνίου.

2196 4076 2411 4146 Ἐπειδὴ
2445 4075 2621 4128 πάντα
2649 4076 2704 4126 ἐν
2742 4070 3076 4142 παραδολαῖς
3113 4066 3255 4134 εἷπε,
3294 4068 3361 4121 τὰ
3391 4065 3487 4120 τοῦ
3520 4082 3683 4135 etpa-

2111 4165 2325 4227 τιὼτου,
2370 4165 2436 4219 τὰ
2463 4164 2554 4217 τοῦ
2602 4161 2863 4233 ἀθλητοῦ,
2927 4161 2995 4214 τὰ
3055 4159 3150 4214 τοῦ
3205 4158 3477 4229 γεωργοῦ,
3510 4156 3684 4226 φησι·

2117 4276 2136 4309 ι
2179 4256 2309 4309 Νόει
2331 4255 2369 4309 ἃ,
2399 4255 2562 4323 λέγω.
2607 4272 2626 4304 ι
2660 4252 2819 4314 Τίνος
2839 4254 3001 4323 χάριν
3032 4249 3180 4316 λέγω
3210 4264 3224 4277 ·
3277 4267 3295 4300 ι
3339 4248 3428 4301 Ἑν
3460 4248 3618 4307 πᾶσι,
3660 4263 3679 4296 ι

2111 4349 2297 4420 φησὶν,
2352 4348 2439 4401 ῖνα
2468 4346 2560 4399 καὶ
2590 4346 2761 4399 ταῦτα
2789 4347 2915 4416 νοῇς
2945 4344 3020 4406 ὡς
3044 4342 3169 4412 χρὴ,
3195 4344 3288 4396 καὶ
3311 4340 3478 4394 τᾶλλα
3512 4342 3687 4406 πράτ-

2108 4456 2205 4513 τῃς
2227 4439 2301 4502 ὡς
2321 4439 2419 4492 δεῖ.
2460 4457 2479 4489 ι
2508 4438 2829 4507 Μνημόνευε
2875 4435 3081 4505 Ἰησοῦν
3106 4432 3338 4503 Χριστὸν
3371 4430 3684 4501 ἐγηγερμέ-

2113 4549 2222 4585 νον.
2274 4532 2486 4601 ›”Αμα
2546 4531 2640 4583 καὶ
2710 4527 2845 4598 πρὸς
2912 4526 3227 4598 αἱρετικοὺς
3277 4523 3687 4593 ἀσφαλέστερον

427 4613 613 4687 reddit
664 4622 721 4668 et
746 4614 955 4693 excitat
1002 4627 1313 4667 sermonem
1352 4628 1366 4665 :
1418 4612 1714 4667 ostendens
1745 4611 1891 4682 quod
1951 4618 2008 4667 et

2118 4627 2254 4679 ποιεῖ
2313 4622 2408 4677 καὶ
2470 4621 2747 4693 διεγείρει,
2811 4619 3024 4680 δεικνὺς
3071 4618 3147 4681 ὡς
3202 4617 3295 4670 καὶ
3345 4617 3374 4668 ὁ
3447 4613 3687 4685 Χριστὸς

427 4703 685 4760 Christus
724 4679 820 4775 par
859 4704 1212 4759 aﬂlictionem
1249 4704 1486 4768 venerit,
1537 4713 1590 4758 et
1628 4716 1857 4759 mortem
1910 4720 2006 4774 per

429 4804 664 4850 mortem
696 4796 980 4851 devicerit.
1020 4812 1039 4846 ι
1088 4796 1163 4849 Ex
1192 4794 1402 4850 semine
1422 4792 1615 4848 David.
1643 4813 1662 4846 ι
1707 4793 1827 4849 Jam
1853 4795 2000 4850 enim

428 4889 679 4943 nonnulli
708 4888 1091 4943 haereticorum
1115 4887 1184 4942 ab
1204 4903 1271 4943 eo
1297 4898 1543 4956 tempore
1587 4889 1681 4958 Dei
1731 4888 2004 4957 negabant

428 4983 910 5050 dispensationem,
933 4982 1024 5051 qui
1051 4981 1407 5053 ignominiam
1433 4981 1842 5037 arbitrabantur
1859 4981 2003 5050 quod

429 5074 603 5130 Filius
646 5074 738 5129 Dei
772 5083 1072 5144 pateretur,
1106 5084 1160 5129 et
1189 5084 1476 5144 propterea
1509 5073 1765 5130 fortassis
1822 5075 2001 5145 phan-

429 5167 624 5221 tastica
666 5165 1020 5228 induxerunt,
1050 5166 1368 5235 ignorantes
1399 5165 1545 5237 quod
1582 5182 1813 5222 summa:
1841 5167 2005 5223 henc-

428 5258 684 5313 volenti-J:
714 5273 776 5311 ae
813 5257 1079 5313 bonitatis
1126 5275 1238 5313 su:e
1292 5260 1509 5329 signum
1558 5261 1659 5314 hoc
1692 5260 2000 5316 tradiderit.

434 5367 454 5401 ι
497 5349 810 5403 Secundum
839 5348 1194 5418 Evangelium
1236 5365 1439 5406 meum.
1481 5369 1498 5402 ι
1536 5349 1805 5416 Quoniam
1835 5350 2000 5404 etiam

428 5437 837 5509 pseudapostoli
879 5439 1228 5505 Evangelinm
1256 5442 1649 5510 prmdicahant,
1703 5440 1798 5497 sed
1832 5442 1997 5506 male,

429 5542 487 5586 ut
519 5547 721 5589 meum.
754 5531 952 5601 inquit,
986 5532 1341 5603 Evangelium
1375 5545 1687 5590 attestatur.
1722 5554 1741 5587 ι
1787 5534 1841 5589 ln
1890 5551 1999 5604 quo

429 5625 591 5676 malis
622 5622 850 5693 alﬂigor.
881 5642 899 5674 ι
934 5621 1209 5694 Evangelii
1234 5628 1519 5681 veritatem
1553 5626 1816 5682 exhibent
1843 5627 1997 5683 Pauli

429 5713 770 5771 afﬂictiOnes.
809 5733 828 5766 ι
876 5714 933 5768 lu
958 5733 1069 5786 quo
1123 5716 1413 5788 Evangelia
1466 5721 1627 5777 malis
1691 5722 1923 5792 aﬂligor.
1971 5742 1991 5775 ι

427 5805 561 5871 Quis
585 5806 729 5861 enim
763 5822 869 5862 non
899 5823 1024 5861 vera
1069 5811 1394 5878 praedicans,
1427 5821 1480 5867 et
1511 5811 1580 5868 de
1642 5815 1841 5882 quibus
1882 5832 1990 5870 non

425 5908 566 5952 esset
599 5897 777 5954 lactus
834 5898 1056 5953 omnino
1076 5901 1296 5968 certior,
1372 5903 1495 5957 talia
1541 5906 1652 5973 pati
1707 5905 1931 5975 eligeret
1976 5908 1998 5961 ?

2106 4715 2197 4769 διὰ
2278 4713 2620 4784 παθημάτων
2694 4708 2846 4784 ἦλθε,
2936 4710 3030 4763 καὶ
3092 4709 3182 4762 διὰ
3272 4706 3505 4761 θανάτου
3591 4705 3689 4757 τὸν

2107 4808 2335 4862 θάνατον
2367 4806 2798 4877 κατηγωνίσατο.
2838 4821 2855 4855 t
2922 4803 3018 4855 Ἐκ
3051 4802 3366 4871 σπέρματος
3422 4798 3608 4851 Δαυίδ.
3655 4815 3675 4848 ι

2109 4900 2249 4970 Ἤδη
2343 4900 2453 4969 γὰρ
2551 4897 2611 4962 ἐξ
2705 4896 2917 4949 ἐκείνου
2983 4894 3127 4957 τινὲς
3190 4892 3302 4945 τῶν
3385 4889 3681 4961 αἱρετικῶν

2103 4992 2201 5063 τὴν
2278 4993 2588 5060 οἱκονομιαν
2659 4987 2923 5059 ἠρνοῦντο
2955 5027 2970 5051 ,
3047 4985 3096 5039 οἳ
3184 4982 3444 5053 αἰσχύνην
3492 4982 3681 5048 ἐνόμι-

2105 5083 2217 5149 ζον,
2252 5083 2312 5135 τὸ
2343 5083 2431 5136 τὸν
2470 5081 2597 5134 Υἱὸν
2629 5080 2721 5134 τοῦ
2770 5078 2906 5133 Θεοῦ
2946 5077 3159 5132 παθεῖν.
3216 5078 3325 5131 Καὶ
3381 5075 3471 5129 διά
3520 5072 3679 5129 τοῦτο

2108 5175 2237 5239 ἴσως
2290 5173 2388 5244 τὴν
2420 5172 2722 5241 φαντασίαν
2760 5169 3000 5239 εἰσῆγον,
3055 5166 3377 5236 ἀγνοοῦντες
3427 5164 3511 5218 ὃτι
3576 5164 3680 5233 τῆς

2103 5266 2279 5336 ἄκρας
2332 5263 2497 5317 αὐτοῦ
2534 5262 2944 5333 φιλανθρωπίας
2990 5259 3087 5313 καὶ
3125 5257 3463 5327 ἀγαθότητος
3521 5256 3679 5309 τοῦτο

2108 5358 2340 5427 μάλιστα
2365 5356 2564 5425 δεῖγμα
2588 5355 2912 5424 καθέστηκε.
2955 5371 2975 5405 ι
3028 5352 3185 5405 Κατά
3235 5351 3295 5404 τὺ
3341 5348 3679 5417 Εὑαγγὲλιόν

2107 5466 2229 5518 μου.
2262 5466 2281 5499 ι
2320 5447 2538 5517 Ἐπειδὴ
2576 5448 2668 5500 καὶ
2698 5447 2748 5498 οῖ
2794 5443 3219 5514 ψευδαπόστολοι
3263 5441 3681 5511 εὐηγγελίζοντο

2104 5537 2312 5599 κακῶς,
2346 5538 2420 5600 ὡς
2473 5540 2533 5590 τὸ
2582 5536 2713 5607 ἐμὸν
2748 5538 3034 5605 κήρυγμα,
3097 5534 3282 5604 φησιν,
3342 5532 3673 5602 ὑπογράφει.

2109 5648 2127 5681 ι
2163 5630 2251 5682 Ἐν
2283 5622 2326 5697 ᾧ
2348 5629 2667 5682 κακοπαθῶ.
2699 5648 2717 5678 ι
2747 5628 2818 5680 Τὸ
2844 5627 3042 5696 ἀληθὲς
3057 5624 3149 5679 τοῦ
3174 5623 3505 5691 Εὑαγγελίου
3526 5639 3673 5690 παρ-

2107 5721 2307 5791 ίστησι,
2342 5720 2410 5773 τά
2438 5720 2647 5772 Παύλου
2674 5718 2993 5789 παθήματα.
3027 5736 3046 5768 ι
3076 5717 3167 5770 Ἐν
3217 5709 3262 5784 ᾧ
3294 5714 3673 5783 Εὑαγγελίφ·

2104 5812 2425 5867 κακοπαθῶ.
2460 5833 2477 5863 ι
2508 5812 2604 5874 Τίς
2648 5811 2755 5881 γὰρ
2792 5810 2866 5881 μὴ
2900 5808 3075 5879 ἀληθῆ
3099 5809 3388 5877 κηρύσσων
3430 5807 3525 5860 καὶ
3591 5804 3678 5874 ἐφ’

2104 5899 2180 5968 οῖς
2216 5904 2289 5974 μὴ
2324 5904 2826 5975 πεπληρνιτόρηται,
2856 5901 3017 5955 ἕλοιτ’
3060 5900 3125 5954 ἂν
3153 5898 3373 5955 τοιαῦτα
3398 5901 3627 5971 πάσχειν
3655 5918 3671 5969 ;
