3918 6572
417 350 529 413 215

1479 357 1871 417 CECUMENII
1909 360 2200 422 TRICCE
2232 362 2571 426 EPISCOPI

3567 366 3676 432 .216

425 475 522 523 net
571 473 626 522 et
681 481 844 522 verax
889 467 944 521 in
997 467 1082 523 bis
1112 483 1234 539 quae
1284 468 1464 540 ipsum
1521 481 1883 537 concernunt,
1938 481 1992 530 et

2120 477 2461 547 ιρνήσασθαι,
2519 481 2788 545 τουτέστι,
2854 479 3163 553 ψεύσασθαι
3196 479 3390 535 ἑαυτὸν
3419 480 3478 534 οὗ
3508 480 3674 534 61.3m-

427 574 649 632 negare,
700 557 803 615 hoc
848 569 931 615 est
965 561 1288 617 mendacem
1322 561 1554 617 reddere
1603 563 1845 634 seipsum
1883 581 1990 620 non

2120 585 2207 632 ἀι,
2238 571 2295 620 ὲν
2319 569 2394 640 τῷ
2450 571 2524 638 μὴ
2589 572 2889 644 ὲγηγέρθαι
2917 573 2950 643 ἢ
2978 572 3054 644 μὴ
3088 569 3226 626 εἶναι
3261 571 3417 635 Θεός.
3460 571 3674 638 Ἐπαγ-

426 661 629 723 potest,
662 661 719 707 ut
749 667 856 707 non
893 662 1207 724 resurgeret
1235 662 1329 710 aut
1359 654 1504 711 Deus
1535 671 1644 710 non
1670 664 1836 712 esset.
1858 657 1990 712 Cum

2120 661 2417 730 νειλάμενος
2484 663 2594 733 γὰρ
2641 667 2773 735 περὶ
2827 665 3022 719 ἑαυτοῦ
3053 708 3068 731 ,
3135 666 3196 719 οὐ
3258 666 3484 719 δύναται
3546 665 3677 717 ἐαυ-

423 745 572 799 enim
597 743 666 800 de
695 745 878 815 seipso
911 745 1348 810 annuntiaverit,
1376 762 1483 802 non
1522 756 1703 818 potest
1749 749 1992 818 seipsum

2120 752 2186 806 ;δν
2239 752 2543 824 ψεύσασθαι
2605 756 2700 809 καὶ
2759 756 2834 827 μὴ
2889 756 3180 827 πληρῶσαι
3237 755 3306 809 τὰ
3379 756 3672 824 ἐπηγγελ-

423 836 743 892 mendaeem
798 835 1046 902 reddere,
1106 852 1213 892 non
1246 839 1571 909 complendo
1597 855 1659 895 ea
1698 852 1830 910 quze'
1863 855 1994 911 pro-

423 927 595 984 misit.
628 928 814 1000 Neque
845 931 990 986 enim
1030 930 1074 985 si
1104 931 1406 996 credimus,
1432 930 1604 987 Deum
1657 933 1832 1002 ipsum
1880 931 1996 987 elli-

425 1022 643 1077 cintus:
683 1037 857 1092 neque
895 1023 939 1078 si
983 1022 1251 1078 increduli
1279 1039 1496 1087 sumus,
1537 1024 1777 1079 divinam
1817 1025 1886 1078 ab
1932 1039 1998 1079 eo

425 1121 682 1169 naturam
734 1115 1090 1184 repellimus:
1131 1117 1227 1171 sed
1276 1124 1331 1169 et
1370 1117 1726 1172 credentibus
1756 1117 1914 1172 nobis
1944 1126 1999 1172 et

428 1223 542 1260 non
569 1205 924 1262 credentibus
956 1209 1072 1279 ipse
1106 1208 1248 1264 lleus
1285 1217 1390 1264 est.
1426 1207 1534 1264 Nos
1557 1208 1836 1279 igiturqui
1879 1222 2001 1262 cre-

385 1298 390 1304 ’
425 1301 630 1363 dimus,
669 1301 960 1356 utilitatem
1001 1301 1316 1358 referimus.
1351 1302 1508 1370 Quod
1550 1309 1734 1356 autem
1771 1302 1997 1365 dicitur,

441 1386 590 1442 (Non
617 1397 850 1458 potest,»
885 1389 989 1445 hoc
1009 1398 1094 1446 est
1118 1409 1130 1445 :
1163 1388 1281 1446 Non
1312 1399 1395 1446 est
1419 1391 1698 1462 possibile.
1719 1410 1737 1442 ι
1760 1391 1854 1447 Ille
1875 1390 2004 1446 tide-

432 1480 502 1536 lis
539 1488 744 1536 manet.
793 1500 812 1534 ι
847 1479 1037 1554 Itaque
1068 1493 1294 1554 propter
1325 1492 1572 1540 nostram
1593 1485 1826 1539 salutem
1846 1497 2007 1553 expev

429 1571 660 1630 titnobis
710 1582 768 1629 ut
825 1575 874 1630 ei
898 1576 1292 1640 assentiamus,
1316 1585 1370 1632 et
1393 1577 1447 1632 in
1472 1577 1650 1647 ipsum
1690 1575 2000 1631 credamus.

425 1661 617 1735 Neque
645 1665 792 1722 enim
843 1667 1106 1722 damnum
1144 1668 1314 1722 ullum
1347 1669 1545 1739 recipit
1591 1684 1654 1723 ex
1690 1677 1878 1724 nostra
1909 1681 2004 1722 ne-

427 1757 670 1829 gatione.
723 1778 742 1812 ι
785 1757 911 1815 Haec
935 1760 1189 1816 admone.
1225 1780 1244 1814 ι
1283 1761 1364 1816 Ne
1400 1762 1526 1833 quis
1567 1761 1848 1817 existimet
1887 1759 2004 1814 haec

2100 847 2258 916 μένα.
2305 846 2442 901 Οῦτε
2472 849 2576 920 γὰρ
2607 849 2976 915 πιστεύοντες,
3011 848 3145 902 Θεὸν
3177 848 3340 902 αὑτὸν
3369 847 3677 914 ἀποφαίνο-

2102 955 2221 1008 μεν,
2266 936 2388 991 οὔτε
2444 939 2806 1002 ἀπιστοῦντες
2861 939 2962 1007 τῆς
2994 937 3144 1003 θείας
3198 936 3536 1007 ἐκϐάλλομεν
3577 934 3680 1004 φύ-

2101 1043 2261 1093 σεως,
2298 1027 2436 1080 ἀλλὰ
2465 1028 2557 1082 καὶ
2586 1027 2958 1081 πιστευόντων
2989 1027 3147 1098 ἡμῶν
3175 1027 3266 1080 καὶ
3298 1025 3680 1079 ἀπιστούντων

2100 1119 2262 1182 αὑτὸς
2315 1119 2448 1183 Θεός
2502 1120 2642 1172 ἐστι.
2688 1119 2882 1187 Ἡμεῖς
2923 1119 3102 1172 τοίνυν
3157 1117 3512 1178 πιστεύοντες
3576 1116 3676 1186 τὴν

2101 1210 2368 1278 ὠφέλειαν
2388 1211 2770 1283 καρπούμεθα.
2801 1212 2942 1266 Τὸδὲ
2966 1232 2984 1264 ι
3015 1212 3088 1265 Ob
3108 1211 3353 1275 δύναται,
3384 1230 3401 1262 ι
3427 1212 3545 1264 ἀντὶ
3559 1209 3680 1276 τοῦ,

2103 1303 2217 1357 Οὐκ
2287 1303 2583 1374 ἐνδέχεται.
2657 1323 2675 1356 ι
2714 1306 2954 1367 Ἐκεῖνος
3019 1305 3205 1368 πιστὸς
3258 1305 3476 1374 μένει.»
3515 1303 3682 1355 Ὥστε

2103 1394 2191 1448 διὰ
2217 1395 2317 1464 τὴν
2374 1396 2648 1466 ἡμετέραν
2707 1397 2984 1466 σωτηρίαν
3029 1399 3251 1451 ἀπαιτεῖ
3288 1396 3444 1466 ἡμῶν
3477 1397 3574 1467 τὴν
3600 1397 3682 1459 εἰς

2105 1485 2267 1539 αὐτὸν
2299 1485 2725 1553 συγκατάθεσιν.
2760 1487 2834 1540 Ob
2864 1487 2972 1557 γὰρ
2997 1486 3462 1550 καταϐλάπτεται,
3491 1488 3682 1556 φησιν,

2103 1575 2169 1627 ὲκ
2218 1574 2318 1644 τῆς
2363 1573 2641 1644 ἡμετέρας
2700 1564 3029 1644 ἀρνήσεωςξ
3072 1593 3091 1626 ι
3120 1575 3307 1628 Ταῦτα
3362 1576 3683 1645 ύπομίμνη-

2107 1681 2230 1719 σκε..
2267 1684 2285 1718 ι
2323 1665 2439 1718 Ἰνα
2470 1666 2543 1736 μή
2571 1682 2655 1728 τις
2693 1665 2892 1738 νομίσῃ
2939 1664 3143 1719 τούτων
3193 1666 3404 1720 δεῖσθαι
3448 1665 3559 1720 τῶν
3591 1666 3686 1718 λό-

2105 1773 2218 1826 γων
2240 1755 2330 1809 τὸν
2359 1754 2645 1825 Τιμόθεον,
2676 1755 2830 1825 φησι,
2881 1754 3067 1807 Ταῦτα
3114 1753 3526 1824 ύπομίμνησκε,
3561 1754 3688 1808 δια-

428 1865 568 1922 opus
598 1849 772 1908 luisse
799 1851 1110 1919 Timotheo,
1134 1852 1245 1909 ait:
1278 1854 1406 1910 Haec
1419 1830 1662 1910 admone
1687 1860 2008 1908 contestans

2120 1846 2560 1920 μαρτυρούμενος
2617 1845 2850 1901 ἐνώπιον
2909 1846 3004 1899 τοῦ
3064 1846 3292 1918 Κυρίου.
3321 1845 3558 1917 Φοόερδν
3599 1845 3683 1905 δὲ,

432 1957 620 1999 coram
683 1943 937 2002 Domino.
978 1964 996 1998 ι
1031 1943 1398 2002 Tremendum
1445 1954 1530 2002 est
1581 1953 1761 2001 autem
1801 1943 2004 2010 dicere,

430 2041 572 2089 teste
637 2035 768 2090 Deo.
831 2054 850 2086 ι
893 2034 971 2091 Ne
1015 2037 1206 2091 verbis
1262 2036 1622 2092 contendant.
1664 2055 1698 2092 ι
1734 2034 2006 2102 Quoniam

429 2125 748 2182 aviditatem
789 2125 1026 2184 atl‘erunt
1067 2128 1284 2198 negotia
1317 2169 1333 2194 ,
1391 2142 1721 2198 semperque
1760 2127 1876 2180 vult
1905 2125 2008 2180 ltu-

430 2230 630 2274 manus
663 2219 880 2273 animus
913 2220 1264 2288 conquirere,
1310 2228 1365 2274 et
1405 2202 1590 2275 verbis
1645 2218 2004 2279 contendere,

429 2317 510 2376 tu,
544 2311 745 2379 inquit,
792 2319 1107 2368 contestare
1153 2313 1291 2384 ipsis
1347 2327 1536 2368 coram
1579 2314 1690 2368 Deo
1725 2329 1793 2368 ne
1824 2312 2006 2368 verbis

431 2403 808 2458 contendant:
864 2403 968 2459 hoc
1019 2411 1126 2469 est,
1191 2404 1429 2475 praecipe
1464 2412 1755 2475 assumpto
1795 2403 1906 2457 Deo
1951 2403 2007 2458 in

434 2501 666 2550 testem:
721 2503 781 2548 ut
821 2495 1001 2550 sciant
1029 2494 1175 2565 quod
1236 2496 1282 2551 si
1323 2506 1374 2552 le
1419 2496 1872 2566 contempserint,
1919 2495 2009 2550 ille

429 2583 702 2648 indicabit
746 2583 918 2654 ipsos.
975 2603 995 2636 ι
1027 2583 1108 2639 Ad
1150 2584 1355 2639 nullam
1394 2585 1716 2640 utilitatem.
1757 2603 1775 2637 ι
1825 2584 2008 2656 Neque

432 2673 578 2726 cnim
619 2673 797 2728 solum
837 2674 987 2729 circa
1024 2677 1381 2746 quaestiones,
1416 2678 1661 2734 rationes
1695 2692 1759 2734 ac
1796 2693 2010 2749 pugnas

435 2765 726 2818 verborum
785 2765 1022 2831 involvi,
1065 2766 1274 2822 nullam
1329 2765 1493 2823 atl‘ert
1537 2769 1859 2833 utilitatem,
1912 2768 2009 2825 sed

434 2855 502 2908 ad
543 2855 802 2910 damnum
831 2860 995 2913 etiam
1033 2858 1092 2914 ﬁt
1125 2859 1437 2914 auditorum
1481 2861 1574 2931 qui
1623 2860 2012 2917 imbecilliores

435 2957 584 3002 sunt.
630 2967 648 3000 ι
684 2949 856 3005 Stude
902 2952 1142 3022 teipsum
1173 2953 1466 3022 probatum
1497 2953 1758 3008 exhibere
1805 2953 1938 3008 Deo.
1985 2969 2006 3005 ι

435 3037 552 3092 Hoc
577 3045 683 3101 est,
713 3039 861 3094 nulla
889 3039 1116 3110 dignum
1149 3041 1604 3111 reprehensione.
1643 3061 1662 3093 ι
1685 3040 2011 3112 Operarium

2109 1939 2192 2006 τὺ,
2256 1941 2350 1994 ἐπὶ
2407 1939 2643 2010 μάρτυρι
2688 1937 2807 2010 Θεῷ
2864 1937 3064 2006 λέγειν.
3124 1937 3256 2009 «Μὴ
3281 1938 3625 2007 λογομαχεῖν.
3659 1955 3681 1988 s

2121 2031 2340 2102 Ἐπειδὴ
2381 2030 2621 2101 λιχνείαν
2645 2029 2758 2100 ἔχει
2787 2029 2849 2083 τὸ
2876 2032 3136 2102 πρᾶγμα,
3176 2032 3270 2084 καὶ
3309 2030 3399 2084 ἀεὶ
3431 2027 3690 2099 βούλεται

2108 2127 2142 2196 ἡ
2175 2123 2491 2195 ἀνθρωπίνη
2544 2123 2692 2194 ψυχὴ
2759 2123 3013 2193 συζητεῖν
3069 2123 3163 2176 καὶ
3204 2122 3554 2193 λογομαχεῖν,
3596 2121 3688 2184 σὺ,

2109 2219 2264 2290 φησι,
2313 2217 2690 2289 διαμαρτύρου
2745 2217 2928 2279 αὐτοῖς
2985 2215 3216 2269 ἐνώπιον
3272 2214 3365 2267 τοῦ
3411 2211 3570 2276 Θεοῦ,
3609 2211 3690 2281 μὴ

2108 2312 2456 2381 λογομαχεῖν,
2513 2309 2634 2362 ἀντὶ
2656 2307 2772 2372 τοῦ,
2807 2307 3183 2379 Παράγγελλε,
3219 2306 3476 2376 μάρτυρα
3502 2320 3694 2374 παρα-

2107 2401 2408 2471 λαμϐάνων
2455 2401 2546 2454 τδν
2605 2399 2760 2459 Θεὸν,
2786 2400 2878 2454 ἵνα
2913 2399 3130 2453 εἰδῶσιν
3158 2399 3240 2452 ὅτι
3275 2397 3370 2456 ἐάν
3397 2413 3493 2448 σου
3519 2411 3699 2448 κατα-

2111 2493 2404 2565 φρονῶσιν,
2467 2493 2674 2555 ἐκεῖνος
2697 2492 2897 2555 αὐτοὺς
2945 2493 3144 2562 κρινεϊ.
3197 2509 3215 2541 ι
3246 2489 3341 2552 Είς
3364 2487 3516 2542 οὐδὲν
3549 2488 3698 2557 χρή-

2113 2602 2338 2657 σιμον.»
2396 2585 2471 2638 Οὐ
2531 2585 2691 2654 μόνον
2753 2585 2864 2654 γάρ
2925 2584 2985 2636 τὸ
3042 2582 3172 2652 περὶ
3233 2580 3526 2651 ζητήματα
3592 2578 3695 2632 καὶ

2110 2679 2405 2751 λογισμοὺς
2436 2679 2531 2732 καὶ
2584 2679 2764 2748 μάχας
2821 2675 3078 2730 είλεῖσθαι
3117 2675 3268 2729 οὐδὲν
3311 2673 3503 2743 δφελος
3549 2672 3700 2741 ἔχει,

2113 2771 2251 2825 ἀλλά
2305 2769 2404 2823 καὶ
2459 2770 2539 2832 εἰς
2581 2767 2786 2838 βλάϐην
2839 2767 3050 2836 γίνεται
3114 2767 3228 2828 τοῖς
3283 2761 3705 2831 ἀσθενεστέροις

2113 2862 2220 2916 τῶν
2279 2861 2608 2916 ἀκουόντων.
2645 2879 2663 2911 ι
2691 2859 2923 2912 Σεαυτδν
2960 2858 3209 2928 δόκιμον.
3251 2875 3268 2908 >
3309 2848 3456 2917 Οἷον,
3495 2851 3702 2906 ἀνεπί-

2113 2955 2340 3026 ληπτον.
2412 2953 2732 3024 (Ἐργάτην
2785 2950 3241 3020 ἀνεπαίσχυντον.
3273 2966 3291 2999 ι
3348 2944 3527 3000 Πολλά
3565 2944 3705 3012 περὶ
3805 2976 3812 2983 -

2113 3049 2213 3119 τῆς
2245 3047 2508 3120 αξσχύνης
2569 3047 2773 3115 ταύτης
2829 3044 3122 3115 διειλέχθη.
3186 3041 3350 3103 nam;
3393 3039 3507 3109 γάρ
3535 3052 3704 3098 τινας

435 3145 546 3184 non
579 3131 1035 3189 erubescendum.
1080 3153 1098 3185 ι
1141 3133 1308 3188 Multa
1361 3133 1430 3188 de
1479 3133 1584 3189 hoc
1633 3139 1842 3204 pudore
1900 3134 2012 3191 dis-

2120 3141 2527 3212 ἀπολλυμένους
2583 3137 3013 3210 ἐπαισχύνεσθαι
3041 3135 3104 3190 τὸ
3141 3137 3438 3205 κήρυγμα,
3475 3131 3551 3192 ὼς
3584 3127 3707 3181 τῶν

436 3225 632 3278 seruit.
665 3225 828 3296 267
850 3225 1160 3282 Verisimile
1192 3235 1275 3283 est
1305 3227 1446 3282 enim
1474 3228 1620 3296 quod
1646 3227 1859 3298 aliquos
1888 3242 2014 3298 per-

437 3315 582 3369 ditos
637 3317 876 3385 pudebat
922 3318 1350 3388 praedicationis,
1379 3319 1525 3389 quod
1575 3319 1810 3389 apostoli
1853 3318 2014 3375 malis

439 3407 817 3476 allicerentur,
857 3416 912 3466 et
937 3411 1080 3480 quod
1110 3409 1366 3466 Christus
1397 3426 1522 3466 cum
1555 3426 1721 3467 cruce
1757 3411 2016 3481 praedica-

439 3513 612 3568 retur,
667 3504 783 3560 sive
819 3504 965 3574 quod
1000 3505 1134 3560 viles
1186 3514 1240 3560 et
1267 3505 1466 3576 abjecti
1499 3513 1690 3561 essent
1746 3503 2016 3574 praedica-

441 3606 621 3650 tores:
653 3610 850 3664 nempe
894 3597 1098 3651 Paulus
1139 3604 1320 3652 textor
1383 3597 1895 3659 tabernaculorum,
1961 3599 2016 3649 et

441 3689 636 3744 Petrus
679 3703 803 3742 cum
841 3688 964 3744 aliis
1015 3688 1266 3758 pluribus
1317 3690 1642 3758 piscatores.
1675 3689 1785 3743 Aut
1819 3703 1886 3742 ne
1913 3702 2013 3740 ru-

440 3783 578 3838 bore
615 3782 954 3838 suﬂ‘undaris
989 3784 1060 3838 ob
1091 3783 1233 3838 mala
1260 3798 1382 3852 qua:
1417 3791 1721 3867 perpetres.
1788 3800 1806 3833 ι
1847 3779 2016 3835 Recte

441 3884 716 3931 secantem
752 3887 1058 3929 sermonem
1095 3873 1365 3929 veritatis.
1392 3891 1410 3925 ι
1446 3871 1668 3926 Securis
1697 3871 1752 3925 in
1789 3869 2012 3923 modum

443 3987 573 4028 seca
622 3967 898 4040 superﬂua
934 3975 989 4024 et
1036 3966 1348 4022 adulterina
1391 3965 1670 4034 dogmata,
1704 3978 1827 4033 qnte
1861 3961 2015 4030 impii

441 4080 508 4120 ac
547 4062 741 4134 perditi
771 4061 1131 4117 commiscent
1162 4059 1571 4130 prmdicationi;
1624 4064 1678 4114 et
1709 4072 1805 4128 per
1834 4054 2017 4127 Spiri-

444 4167 558 4211 tum
589 4155 657 4210 ad
691 4155 742 4209 id
772 4154 914 4224 quod
942 4161 1151 4208 rectum
1173 4158 1258 4206 est
1288 4151 1604 4221 perducito.

515 4247 581 4309 11,
640 4245 826 4301 16-19.
887 4243 1152 4298 Craterum
1207 4241 1464 4311 profanas
1527 4256 1708 4294 vocum
1757 4238 2016 4293 novitates

441 4341 821 4409 prtetermitte:
852 4337 920 4392 ad
942 4335 1198 4405 majorem
1218 4337 1357 4389 enim
1373 4333 1651 4404 proﬁcient
1670 4332 2017 4398 impietatem,

443 4442 491 4487 et
527 4445 697 4486 sermo
729 4428 944 4483 illorum
980 4435 1038 4481 ut
1068 4442 1261 4480 cancer
1292 4424 1504 4479 morbus
1525 4423 1820 4490 pastionem
1857 4419 2020 4473 habe-

2117 3236 2437 3292 ἀποστόλων
2484 3233 2672 3297 κακῶς
2719 3231 3061 3301 πασχόντων,
3091 3227 3188 3282 καὶ
3217 3227 3292 3290 ὡς
3320 3223 3416 3277 τοῦ
3451 3219 3705 3292 Χριστοῦ

2120 3331 2258 3402 μετὰ
2279 3328 2372 3384 τοῦ
2392 3326 2627 3398 σταυροῦ
2664 3324 3103 3396 κηρυσσομένου,
3137 3321 3171 3392 ἢ
3195 3319 3325 3389 γοῦν
3352 3318 3428 3380 ὡς
3460 3314 3710 3369 εὐτελῶν

2115 3427 2285 3480 ὄντων
2340 3425 2449 3478 τῶν
2508 3422 2802 3494 κηρύκων,
2857 3415 2968 3474 οἷον
3021 3418 3096 3482 ὡς
3155 3413 3540 3486 σκηνορῤάφου
3599 3409 3708 3462 τοῦ

2116 3517 2355 3580 Παύλου,
2417 3516 2513 3569 καὶ
2574 3513 2772 3568 ἀλιέων
2802 3511 2911 3565 τῶν
2955 3510 3099 3579 ἀμφὶ
3134 3507 3225 3561 τὸν
3252 3507 3480 3576 Πέτρον.
3513 3500 3583 3555 Ἢ
3613 3502 3711 3554 ὅτι

2122 3610 2198 3680 μὴ
2220 3605 2645 3677 καταισχυνθῇς,
2704 3603 2791 3658 διὰ
2820 3602 2913 3656 τοῦ
2951 3600 3156 3672 πρᾶξαί
3183 3617 3236 3652 τι
3267 3597 3491 3669 φαῦλον.
3529 3616 3548 3648 ι
3567 3596 3709 3665 Ὀρ-

2119 3699 2454 3770 θοτομοῦντα
2475 3697 2565 3750 τὸν
2596 3696 2758 3764 λόγον
2797 3695 2898 3764 τῆς
2945 3692 3224 3764 ἀληθείας.
3250 3711 3268 3743 ι
3297 3688 3590 3759 Μαχαίρας
3617 3686 3714 3740 δί-

2119 3809 2221 3863 κην
2251 3793 2416 3862 τέμνε
2440 3791 2508 3844 τὰ
2534 3789 2771 3860 περισσά
2811 3789 2906 3842 καὶ
2930 3789 3062 3842 νόθα
3093 3787 3360 3858 δόγματα,
3382 3784 3417 3839 ἃ
3449 3785 3496 3837 oi
3526 3783 3714 3837 ἀπολ-

2118 3884 2339 3954 λύμενοι
2397 3881 2831 3956 προσετρίψαντο
2874 3880 2952 3952 τῷ
2989 3879 3328 3952 κηρύγματι,
3378 3878 3470 3932 καὶ
3529 3877 3610 3941 είς
3642 3875 3714 3930 τὸ

2120 3977 2268 4042 eaea;
2306 3977 2403 4047 ἄγε
2437 3977 2524 4030 διὰ
2559 3975 2651 4030 τοῦ
2685 3973 3025 4045 Πνεύματος.

2197 4253 2307 4319 Τὰς
2363 4251 2432 4306 δὲ
2485 4250 2793 4316 ,ϐεϐήλους
2855 4247 3257 4317 καινοερωνίας
3318 4243 3713 4314 περιίστασο.

2151 4344 2264 4399 Eni
2319 4342 2532 4396 πλεῖον
2569 4342 2679 4410 γὰρ
2702 4339 3174 4408 προσκόψουσιν
3201 4335 3501 4400 ἀσεϐείας,
3534 4333 3639 4386 καὶ
3676 4337 3715 4388 ό

2121 4437 2300 4504 λόγος
2325 4433 2524 4490 αὐτῶν
2538 4434 2617 4499 ὡς
2637 4433 2962 4502 γάγγραινα
2991 4428 3186 4499 νομὴν
3209 4427 3351 4492 ἔξει.
3383 4419 3493 4479 Ὦν
3528 4425 3720 4478 ἐστιν

445 4528 563 4585 bit:
603 4541 830 4597 quorum
870 4523 934 4578 de
984 4537 1203 4578 numero
1235 4529 1360 4576 sunt
1408 4517 1730 4588 Hymenaeus
1778 4523 1830 4569 et
1887 4513 2012 4568 Phi-

2135 4527 2432 4596 Ὑμέναιος
2473 4527 2569 4582 καὶ
2611 4523 2886 4592 Φιλητὸς,
2931 4523 3152 4586 οἵτινες
3216 4520 3349 4588 περὶ
3398 4518 3512 4584 τὴν
3549 4517 3721 4585 ἀλή-

446 4617 605 4682 letus,
636 4616 726 4686 qui
753 4615 898 4669 circa
943 4615 1221 4668 veritatem
1266 4611 1611 4670 aberrarunt,
1653 4607 1885 4659 dicentes
1933 4617 2020 4656 re-

447 4708 831 4764 surrectionem
858 4705 978 4773 jam
1031 4718 1144 4757 esse
1191 4701 1424 4772 factam;
1476 4708 1526 4754 et
1559 4697 1866 4752 subvertunt
1895 4709 2026 4765 quo-

449 4799 698 4854 rumdam
743 4798 922 4868 ﬁdem.
974 4793 1221 4849 Solidum
1261 4801 1436 4845 tamen
1479 4788 1884 4858 fundamentum
1929 4785 2026 4840 Dei

449 4902 579 4959 stat,
634 4891 827 4944 habens
860 4886 1194 4958 signaculum
1239 4883 1373 4937 hoc:
1418 4879 1582 4936 Novit
1633 4880 1894 4934 Dominus
1933 4879 2024 4949 qui

448 4987 555 5040 sint
578 4985 685 5046 sui,
704 4992 778 5049 et,
809 4981 1056 5036 Discedat
1083 4977 1147 5033 ab
1171 4977 1449 5048 iniquitate
1469 4974 1644 5028 omnis
1669 4973 1758 5045 qui
1783 4973 2024 5027 nominat

453 5094 640 5133 nomen
670 5075 904 5130 Domini.

539 5190 558 5223 ι
601 5169 869 5224 Prolanas
909 5182 1103 5223 vocum
1137 5165 1424 5221 vanitates.
1466 5183 1484 5216 ι
1541 5161 1597 5218 Si
1631 5161 1762 5232 quid
1820 5175 2023 5217 novum

455 5265 509 5319 in
542 5261 933 5334 praedicatione
966 5258 1135 5313 fuerit
1163 5257 1444 5313 inductum
1484 5271 1550 5311 ex
1584 5253 1890 5310 recentiore
1938 5253 2026 5306 in-

453 5365 655 5419 vento,
707 5368 932 5408 omnino
973 5353 1230 5408 vitiosum
1258 5361 1342 5406 est
1391 5360 1444 5405 et
1498 5347 1814 5420 profanum.
1869 5345 2023 5413 Quod

454 5457 636 5502 autem
682 5447 760 5501 ait
812 5446 1155 5516 περιίστασο,
1189 5454 1281 5498 aut
1317 5444 1584 5514 signiﬁcat
1641 5443 1886 5513 Expelle,
1935 5452 2028 5496 aut

454 5540 656 5596 acriter
691 5538 901 5594 obsiste
935 5547 994 5591 ut
1024 5536 1102 5590 illi
1135 5535 1296 5589 tinent
1326 5535 1576 5600 imponas
1616 5551 1678 5589 ac
1703 5533 2021 5604 prohibeas.

461 5651 479 5683 ι
513 5632 595 5686 Αιι
646 5630 913 5698 majorem
957 5629 1104 5684 enim
1159 5625 1446 5698 proﬁcient
1493 5623 1852 5694 impietatem.
1892 5644 1911 5676 ι
1968 5624 2027 5681 Si

455 5725 587 5794 quid
644 5721 1014 5779 adulterinum
1059 5720 1384 5791 ingreditur,
1420 5732 1638 5788 semper
1668 5718 1733 5772 ad
1785 5718 2029 5774 insolen-

459 5820 586 5875 tiam
629 5817 802 5887 magis
835 5815 1030 5883 tendit,
1060 5823 1223 5886 atque
1253 5812 1445 5870 indies
1477 5810 1646 5881 magis
1676 5811 1911 5866 assumit
1944 5811 2024 5867 in-

2001 5889 2046 5909 ’Ἴ

2127 4622 2294 4674 θείαν
2331 4619 2707 4687 ἠστόχησαν,
2763 4615 3046 4684 λέγοντες
3071 4613 3187 4681 τὴν
3209 4612 3554 4666 ἀνάστασιν
3587 4609 3720 4679 ἤδη

2126 4712 2464 4780 γεγονέναι,
2523 4708 2623 4762 καὶ
2670 4704 3078 4772 ἀνατρέπουσι
3121 4703 3236 4770 τήν
3255 4719 3432 4757 τινων
3465 4702 3718 4758 πίστιν,

2140 4805 2195 4858 '0
2218 4803 2334 4874 μέν
2355 4821 2443 4857 τοι
2463 4801 2707 4870 στερεὸς
2751 4800 3022 4870 θεμέλιος
3063 4797 3170 4852 τοῦ
3218 4796 3368 4851 Θεοῦ
3417 4795 3722 4861 ἕστηκεν,

2126 4899 2284 4966 ἔχων
2322 4895 2438 4962 τὴν
2486 4893 2784 4964 σφραγῖδα
2806 4893 3052 4959 ταύτηνο
3095 4891 3282 4954 Ἔγνω
3325 4888 3539 4956 Κύριος
3560 4888 3726 4954 τοὺς

2128 4988 2307 5054 ὄντας
2344 4986 2553 5051 αὑτοῦ,
2595 4986 2716 5051 καὶ,
2762 4984 3104 5054 Ἀποστήτω
3133 4981 3251 5038 ἀπὸ
3272 4981 3509 5046 ἀδικίας
3535 4979 3666 5048 πᾶς
3686 4985 3726 5036 ὁ

2128 5078 2428 5149 ὀνομάζων
2452 5077 2520 5132 τὸ
2547 5077 2732 5146 ὄνομα
2758 5077 2999 5146 Κυρίου.

2207 5191 2226 5224 ι
2249 5171 2361 5234 Τὰς
2398 5171 2453 5224 δὲ
2485 5170 2746 5240 βεϐήλους
2806 5169 3193 5238 καινοφωνίας.
3215 5186 3233 5219 ι
3295 5166 3364 5219 Εἴ
3386 5183 3438 5218 τι
3471 5163 3592 5218 νέον
3657 5166 3730 5220 ὲν

2129 5262 2206 5334 τῷ
2268 5261 2582 5334 κηρύγματι
2611 5259 2670 5324 ἐξ
2716 5261 2961 5323 ἐπινοίας
3029 5258 3300 5328 νεωτέρας
3351 5256 3726 5327 ὲπεισαχθὲν,

2130 5355 2350 5418 πάντως
2397 5352 2601 5422 φαῦλον
2644 5351 2740 5406 καὶ
2790 5351 3038 5422 βέϐηλον.
3085 5350 3158 5404 Τὸ
3182 5350 3260 5415 δὲ,
3298 5350 3654 5421 περιΐστασο,
3685 5351 3726 5420 ἢ

2130 5442 2421 5516 παραιτοῦ,
2461 5441 2801 5514 ἢπερισσῶς
2849 5442 3038 5495 ἵστασο
3087 5440 3168 5503 είς
3230 5439 3292 5492 τὸ
3352 5439 3560 5492 παῦσαι
3616 5441 3734 5493 καὶ

2132 5536 2394 5591 κωλῦσαι.
2433 5554 2450 5586 ι
2481 5534 2607 5588 Ἐπὶ
2633 5534 2817 5586 πλεῖον
2843 5532 2952 5607 γὰρ
2985 5533 3357 5604 προκόψουσιν
3382 5530 3676 5594 ἀσεϐείας.
3703 5551 3726 5584 ι

2131 5627 2198 5682 Εἰ
2223 5643 2277 5679 τι
2313 5625 2421 5696 γὰρ
2455 5625 2609 5678 νόθον
2667 5624 2910 5695 είσήχθη,
2950 5623 3139 5694 φησιν,
3197 5623 3286 5677 ἀεὶ
3317 5623 3523 5692 βαδίζει
3572 5625 3736 5693 πρὸς

2131 5719 2380 5776 ἀτοπίαν.
2415 5718 2526 5772 Καὶ
2587 5716 2808 5788 μείζονα
2839 5716 2937 5788 τὴν
2981 5717 3222 5770 ἐπίδοσιν
3254 5715 3529 5787 ὁσημέραι
3563 5714 3735 5785 λαμ.-

2132 5813 2302 5868 6άνει.
2382 5829 2399 5862 ι
2452 5809 2537 5873 Ὠς
2583 5809 2967 5880 γάγγραινα.»
3040 5809 3104 5863 Ἦ
3171 5808 3494 5880 γάγγραινα
3551 5808 3733 5873 ἕλκος
