3988 6590
236 371 336 438 217

1192 374 1577 437 COMMENT.
1612 375 1691 437 IN
1709 374 1949 437 EPIST.
1980 376 2038 437 II
2072 379 2173 439 AD
2204 379 2521 441 TIMOTH.

3372 377 3480 442 ἕτιὸ

238 480 519 555 σηπτικὸν,
575 481 671 537 καὶ
704 482 1009 554 νεμόμενον
1067 485 1163 540 τὸν
1216 487 1382 541 τόπον
1415 528 1432 553 ,
1498 486 1803 559 σηπεδόνας
1828 518 1843 549 Α

1951 499 2267 546 renuentum.
2289 511 2308 543 ι
2331 491 2400 548 Ut
2415 506 2636 548 cancer.
2664 510 2682 543 ι
2710 490 3024 562 Γάγγραινα
3045 489 3199 545 ulcus
3214 496 3297 545 est
3317 488 3486 560 putri~

237 575 602 647 ἐργαζόμενον
625 591 673 628 ἰ
694 577 764 649 ἦν
797 593 943 640 τινες
967 577 1161 646 ἅρπην
1192 580 1375 648 φασὶν,
1394 580 1428 651 ἢ
1447 579 1804 650 ὲρυσιπὲλην.

242 688 262 722 ι
292 664 393 723 Ὧν
427 669 582 723 ἑστιν
620 669 992 740 Ὑμέναιος...
1030 690 1051 724 ι
1086 670 1208 725 Τῶν
1232 671 1331 735 τὰς
1360 671 1624 742 βεϐήλους
1654 689 1809 727 κενο-

238 761 442 828 φωνίας
521 763 823 833 φερόντων.
845 793 920 805 -
959 780 979 814 ι
1016 762 1286 832 Λέγοντες
1306 763 1406 834 τὴν
1437 763 1756 819 ἀνάστασιν.
1786 783 1806 817 ι

237 852 567 928 [ΘΕΟΔΩΡ.]
601 856 713 919 Τάς
746 858 811 910 ὲκ
841 856 1188 920 παιδοποιίας
1207 856 1477 927 διαδοχὰς.
1515 858 1813 914 ἀνάστασιν

237 948 283 1002 oi
313 946 627 1019 δυσώνυμοι
676 948 1112 1020 προσηγόρευον,
1147 948 1241 1002 καί
1271 967 1426 1012 τινας
1456 949 1813 1020 ἐξηπάτησαν

237 1039 329 1109 τῆς
354 1039 723 1111 ἀποστολικῆς
751 1042 1056 1112 ἀποστῆναι
1082 1041 1457 1103 διδασκαλίας.
1490 1061 1510 1094 ι
1540 1043 1652 1113 Τὴν
1683 1042 1816 1096 ἀνά-

243 1150 430 1188 στασιν
444 1133 548 1205 ἢδη
571 1134 877 1202 γεγονέναι.
905 1154 922 1185 ι
957 1135 1152 1198 Καλῶς
1168 1134 1280 1189 ἄνω
1292 1134 1477 1205 φησιν,
1493 1135 1619 1188 Ἐπὶ
1633 1135 1814 1189 πλεῖον

242 1223 343 1295 γάρ
376 1225 746 1295 προκόψουσιν
787 1225 1064 1290 ἀσεϐείας.
1105 1228 1246 1299 Ὅρα
1280 1232 1391 1299 γὰρ
1413 1229 1513 1283 ὅσα
1546 1228 1813 1292 τίκτεται,

243 1322 301 1373 ὲκ
330 1319 429 1373 τοῦ
489 1320 695 1388 λέγειν,
727 1321 825 1392 ἤδη
854 1321 954 1392 τὴν
985 1321 1285 1377 ἀνάστασιν
1314 1321 1617 1389 γεγονέναι,
1647 1321 1814 1375 κακά.

255 1412 712 1481 Ἀπεστερήμεθα
768 1412 866 1481 τῆς
925 1413 1229 1483 παρουσίας
1276 1412 1372 1467 τοῦ
1426 1411 1701 1484 Χριστοῦ,
1757 1406 1819 1468 οὗ

242 1503 292 1556 τί
318 1504 521 1573 γένοιτ’
582 1505 650 1558 ἂν
717 1505 1128 1576 ἀνιαρὼτερον;
1169 1505 1270 1558 οὐκ
1326 1505 1474 1558 ἔστιν
1527 1504 1817 1571 ἀντίδοσις,

244 1598 363 1651 οῦδὲ
428 1598 672 1661 κόλασις.
735 1598 1007 1653 Ψεύδεται
1044 1601 1072 1653 ὁ
1128 1597 1301 1652 ταῦτα
1349 1597 1822 1666 ἐπαγγειλάμενος

246 1692 501 1762 Χριστός.
557 1693 667 1745 Καὶ
710 1693 874 1763 ὅμοια
926 1691 1118 1745 πολλά.
1172 1685 1319 1756 Οἴου,
1382 1709 1400 1742 ι
1430 1691 1493 1744 Ei
1528 1691 1824 1753 ἀνάστασις

247 1784 343 1838 οὐκ
372 1783 543 1852 ἐστιν,
607 1784 729 1838 οὐδὲ
785 1784 1020 1852 Χριστὸς
1069 1784 1386 1855 ἐγήγερται,
1417 1801 1436 1834 ι
1470 1781 1594 1834 οὔτε
1629 1780 1822 1852 κριτὴς

248 1877 557 1930 καθεδεῖται
609 1875 829 1941 ζώντων
860 1877 955 1930 καὶ
985 1875 1217 1948 νεκρῶν.
1257 1894 1276 1927 ι
1300 1874 1413 1930 Καὶ
1457 1873 1823 1943 ἀνατρέπουσι

247 1971 347 2041 τήν
377 1987 547 2024 τινων
603 1969 810 2024 πίστιν.
851 1988 871 2023 s
927 1968 1050 2022 Τῶν
1105 1967 1487 2037 άφελεστέρων
1524 1966 1618 2019 καὶ
1666 1963 1825 2018 ἀσθε-

249 2061 543 2134 νεστέρων.
608 2079 628 2114 ι
661 2061 721 2115 '0
757 2062 942 2131 μέντοι
1012 2061 1235 2132 στερεὸς
1292 2060 1562 2130 θεμέλιος.
1598 2077 1618 2112 ι
1667 2057 1828 2111 Ἀναο

249 2153 515 2224 τρέπεται
564 2152 664 2223 μὲν
692 2151 802 2204 τῶν
837 2149 1244 2222 ἀσθενεστέρων
1276 2152 1310 2221 ἡ
1339 2149 1560 2212 πίστις’
1583 2148 1611 2200 ὁ
1645 2147 1830 2217 μέντοι

254 2245 478 2316 στερεὸς
507 2243 763 2315 θεμέλιος
789 2242 1014 2313 ἕστηκε,
1032 2242 1161 2306 τοὺς
1191 2239 1628 2311 ἀπεριτρέπτους
1654 2239 1830 2307 λέγων

252 2338 360 2392 τῶν
407 2335 641 2397 πιστῶν,
692 2336 852 2405 ιχων,
904 2335 1062 2404 φησὶ,
1122 2333 1222 2405 τὴν
1284 2333 1562 2405 σφραγῖδα
1612 2333 1709 2386 καὶ
1771 2333 1835 2386 es

255 2426 551 2500 γνσῖιρισμα
577 2427 755 2480 τοῦτο’
794 2444 813 2479 ι
844 2428 1025 2495 Ἔγνω
1043 2424 1248 2497 Κύριος
1269 2425 1397 2490 τοὺς
1412 2424 1575 2488 ὄντας
1590 2423 1781 2479 αὐτοῦ.
1804 2442 1826 2477 ι

261 2522 436 2575 Πάλαι
468 2519 581 2592 γάρ
607 2517 1076 2592 προεγνὼσθησαν
1111 2517 1186 2580 ὡς
1212 2517 1366 2579 ὄντες
1415 2514 1676 2580 όλοτελῶς
1699 2515 1837 2570 Θεοῦ

261 2614 351 2667 καὶ
407 2613 786 2684 ἀμτὲνεκτοι.
828 2610 1040 2681 Δεῖγμα
1064 2608 1173 2680 γάρ
1198 2608 1293 2662 τοῦ
1342 2606 1652 2677 γνωσθῆναι
1687 2608 1840 2678 παρά

265 2705 496 2776 Κυρίου,
527 2703 589 2758 τὸ
637 2702 710 2774 μὴ
758 2701 1167 2772 ἀνατετράφθαι
1222 2698 1318 2753 καὶ
1375 2699 1681 2768 ἀποστῆναι
1735 2697 1842 2753 ὑπὸ

264 2799 360 2868 τῆς
411 2795 693 2860 ἀσξὸείας.
759 2813 778 2847 ι
816 2795 968 2861 Καὶ,
1018 2793 1343 2862 ’Δποστήτω
1371 2791 1481 2845 ἀπὸ
1540 2789 1777 2854 ἀδικίας.
1815 2809 1838 2845 s

266 2887 401 2945 Εἶτα
462 2889 562 2943 καὶ
608 2888 739 2944 ἄλλο
779 2885 1094 2959 γνώρισμα,
1136 2884 1217 2952 τὸ,
1248 2883 1571 2953 Ἀποστήτω
1592 2882 1702 2938 ἀπὸ
1725 2882 1844 2938 ἀδι-

271 2988 414 3052 κίας,
469 2984 762 3058 (τουτέστι,
814 2982 916 3052 τῆς
966 2983 1025 3036 ἐν
1070 2979 1307 3050 δόγμασι
1360 2979 1620 3049 πλάνης,)
1683 2977 1847 3040 πᾶςό

267 3077 552 3149 ὀνομάζων
583 3073 643 3128 τὸ
668 3074 838 3144 δνομα
885 3070 1112 3142 Κυρίου,
1161 3068 1238 3133 ὡς
1290 3065 1585 3138 ὀνομάζειν
1628 3064 1846 3135 χρή.οί

1908 582 2061 646 dum,
2078 583 2585 653 lorumdepascens,
2609 581 2955 654 putrediuem
2970 579 3214 635 elﬁciens
3242 596 3258 634 :
3299 595 3333 648 ιι
3352 593 3480 632 uam

1909 675 2158 730 nonnulli
2174 674 2348 747 ἒρπην
2369 672 2817 746 appellant,un
2832 672 3001 727 veluti
3019 667 3484 741 repataQuorum

1911 776 1979 823 de
1999 780 2229 821 numero
2253 774 2381 821 sunt
2402 764 2799 839 Hymenaeus...
2827 782 2848 818 ι
2866 764 2959 834 qui
2981 762 3240 828 profanas
3256 758 3490 815 afferunt

1911 873 2109 914 vocum
2133 858 2424 914 vanitates.
2458 888 2532 903 ——
2580 877 2601 912 ι
2633 856 2888 913 Dicentes
2934 854 3423 912 resurrectionem.
3460 868 3484 904 ι

1914 948 2335 1006 Successionem
2374 949 2779 1021 procreationis
2813 948 3120 1004 liberorum
3155 942 3487 1002 exsecrandi

1915 1043 2256 1113 appellabant
2278 1044 2738 1100 resurrectionem
2769 1051 2863 1099 :et
2888 1039 3156 1112 quosdam
3183 1037 3493 1093 illiciebaut

1916 1144 1977 1190 ut
2005 1134 2076 1191 ab
2121 1136 2420 1204 apostolica
2451 1135 2706 1191 doctrina
2754 1133 3130 1190 discederent.
3169 1129 3365 1184 Merito
3393 1140 3494 1182 su-

1919 1225 2108 1294 perius
2156 1224 2330 1282 dixit:
2381 1225 2464 1281 Ad
2500 1224 2764 1296 majorem
2801 1223 3095 1295 proﬁcient
3130 1219 3492 1290 impietatem.

1921 1315 2057 1372 Vide
2091 1316 2236 1372 enim
2269 1327 2473 1387 quanta
2502 1319 2756 1372 oriantur
2786 1317 2928 1371 mala
2964 1328 3031 1369 ex
3073 1312 3177 1366 hoc
3217 1309 3367 1381 quod
3414 1308 3497 1363 di-

1919 1418 2078 1464 catur
2096 1412 2209 1482 jam
2243 1411 2384 1466 facta
2414 1425 2539 1467 esse
2568 1407 2928 1465 resurrectio.
2962 1405 3042 1459 Ex
3067 1406 3172 1460 hoc
3212 1403 3498 1472 privamur

1921 1500 2123 1556 Christi
2153 1499 2410 1567 adventu,
2446 1515 2554 1570 quo
2584 1498 2717 1569 quid
2769 1503 2951 1568 potest
2995 1493 3318 1563 contingere
3366 1489 3499 1543 tris-

1922 1592 2077 1648 tius?
2112 1600 2326 1649 nonest
2350 1591 2641 1648 retributio
2679 1604 2859 1659 neque
2895 1585 3264 1656 supplicium:
3300 1577 3499 1635 menti-

1922 1691 2013 1739 tur
2037 1683 2288 1742 Christus
2311 1685 2403 1754 qui
2433 1684 2549 1739 hasc
2571 1681 2844 1753 promisit,
2879 1678 3107 1748 aliaque
3143 1674 3313 1729 multa
3347 1671 3502 1727 simi-

1925 1780 2038 1845 ιίες
2073 1779 2301 1851 “cumet:
2340 1798 2359 1832 ι
2389 1776 2446 1834 Si
2469 1775 2797 1834 resurrectio
2833 1789 2941 1830 non
2966 1778 3073 1836 est,
3106 1783 3285 1838 neque
3308 1764 3505 1822 Chrisz:

1930 1885 2019 1931 tus
2049 1873 2353 1929 resurrexit
2367 1873 2413 1905 θ’
2447 1891 2494 1939 ι,
2524 1871 2693 1943 268
2722 1866 3087 1939 nequejudex
3114 1861 3329 1920 sedebit
3349 1859 3504 1913 vivo-

1927 1981 2049 2021 rum
2082 1979 2149 2021 ac
2166 1974 2504 2022 mortuorum
2535 1965 2605 2020 υ.
2634 1982 2654 2017 ι
2684 1963 2752 2019 Et
2779 1963 3108 2019 subvertunt
3139 1952 3505 2028 quorumdam

1930 2054 2114 2111 (idem.
2149 2073 2171 2108 ι
2198 2054 2607 2126 Simpliciorum
2628 2050 3159 2109 acimbecilliorum.
3197 2064 3216 2098 ι
3257 2042 3506 2100 Solidum

1932 2158 2116 2207 tamen
2151 2147 2590 2203 fundamentum.
2636 2164 2656 2198 ι
2701 2142 3056 2199 Subvcrtitur
3094 2136 3319 2209 quidem
3368 2132 3509 2188 ﬁdes

1936 2241 2394 2308 imbecilliorum;
2424 2256 2444 2291 ι
2470 2237 2709 2294 solidum
2733 2228 2917 2288 tamen
2941 2230 3364 2287 fundamentum
3393 2231 3511 2280 stat

1938 2332 2148 2406 (fideles
2176 2331 2366 2388 dicens
2395 2330 2488 2399 qui
2519 2327 2763 2386 subverti
2798 2320 3102 2392 nequeunt)
3122 2359 3140 2387 ,
3164 2317 3375 2373 habens
3408 2314 3513 2369 hoc

1937 2426 2283 2496 signaculum
2312 2422 2659 2480 acindiciuzn
2690 2437 2705 2474 :
2737 2436 2756 2471 ι
2794 2415 2958 2472 Novit
2978 2412 3246 2469 Dominus
3273 2408 3367 2480 qui
3399 2406 3514 2496 sint

1939 2488 2048 2568 sui.
2089 2529 2110 2564 ι
2154 2510 2296 2566 Olim
2326 2508 2551 2579 quidem
2581 2501 2899 2577 ιιι-ωοοκηίιί
2941 2504 3072 2555 sunt
3102 2503 3365 2565 tanquam
3399 2488 3514 2545 Deo

1941 2602 2168 2660 omnino
2206 2600 2408 2657 addicti
2441 2607 2497 2655 et
2527 2591 3070 2653 intranstnutabiles.
3100 2586 3330 2658 Signum
3368 2581 3516 2637 enim

1941 2696 2088 2770 quod
2113 2695 2224 2750 sint
2253 2707 2284 2748 a
2304 2691 2413 2747 Deo
2438 2688 2811 2765 cogniti,_est,
2841 2680 2987 2753 quod
3009 2694 3118 2735 non
3140 2673 3421 2749 potuerint
3445 2669 3516 2727 ab

1943 2763 2230 2862 impietate
2266 2784 2511 2842 subverti
2548 2790 2609 2838 ut
2647 2763 2811 2834 adde
2842 2772 3209 2832 discederent.
3262 2786 3281 2820 ι
3314 2765 3381 2820 Et
3404 2763 3522 2818 Disp

1945 2885 2105 2941 cedat
2129 2882 2200 2938 ab
2233 2879 2539 2949 iniquitate.
2574 2893 2592 2926 ›
2620 2873 2758 2927 Ecce
2780 2866 2929 2925 aliud
2958 2864 3221 2921 indicium
3248 2877 3262 2913 :
3293 2870 3514 2926 nempe,

1948 2972 2210 3031 Discedat
2236 2971 2305 3025 ab
2339 2966 2658 3037 iniquitate,
2684 2963 2788 3018 hoc
2825 2965 2932 3025 est,
2962 2969 3154 3013 errore
3182 2954 3521 3021 dogmatum,

1949 3063 2132 3121 omnis
2159 3060 2253 3133 qui
2290 3059 2540 3114 nominat
2563 3067 2763 3109 nomen
2797 3046 3036 3112 Domini,
3064 3045 3208 3101 sicut
3236 3040 3525 3098 nominare

272 3133 378 3242 γὰρ
433 3132 876 3240 ἀπερίτρεπτοι,
945 3132 1111 3234 ιρησὶν
1146 3202 1162 3227 ,
1216 3132 1407 3230 ὥσπερ
1466 3132 1843 3228 στῆλαί-τινες

1951 3165 2185 3229 oportet.
2210 3153 2342 3208 Nam
2381 3149 2474 3220 qui
2505 3146 2670 3202 veluti
2695 3144 2966 3199 columnae
2986 3136 3233 3209 quaedam
3266 3132 3526 3188 animata:

272 3222 506 3332 έμᾷνυγοι
553 3222 828 3319 ieram-ut,
863 3222 1058 3309 satis.
1104 3222 1195 3307 διὰ
1251 3222 1626 3304 τῶν-οἰκείων
1670 3245 1843 3321 ἔργων

1954 3222 2591 3330 persistuntimmobiles
2616 3277 2634 3304 ,
2675 3237 2775 3292 has
2805 3234 2859 3289 in
2894 3231 3012 3288 suis
3039 3226 3299 3301 operibus
3337 3222 3527 3278 ferunt

273 3354 533 3424 φέροντες
556 3349 625 3405 τά
656 3348 1075 3420 ἐπιγράμματα.

353 3446 461 3502 Ἐν
505 3442 741 3515 μεγάλῃ
770 3441 838 3495 δὲ
867 3441 1044 3508 οἰκίᾳ,
1100 3442 1213 3494 οὐκ
1269 3439 1403 3493 ἐστι
1442 3435 1637 3507 μόνον
1659 3433 1850 3501 σκεύη

278 3538 477 3610 κρυσᾶ
508 3537 607 3591 καί
656 3532 905 3605 ἀργυρᾶ,
937 3533 1099 3588 ἀλλὰ
1122 3532 1218 3586 καί
1248 3530 1469 3595 ξύλινα
1501 3527 1600 3582 καὶ
1634 3522 1852 3593 ὀστρά-

280 3647 437 3695 κινα,
485 3627 587 3684 καὶ
625 3625 665 3687 (2
695 3627 813 3697 μὲν
853 3628 941 3692 εὶς
985 3624 1186 3693 τιμὴν,
1236 3622 1276 3677 d
1329 3622 1399 3676 δὲ
1436 3622 1526 3685 είς
1590 3618 1853 3688 ἀτιμίαν.

291 3726 432 3780 Ἐὰν
478 3716 597 3777 οὖν
653 3736 745 3786 τις
789 3716 1090 3786 ἐκκαθάρῃ
1139 3714 1357 3770 ἑαυτὸν
1418 3712 1541 3769 ἀπὸ
1599 3712 1853 3774 τούτων,

283 3817 454 3871 ἔσται
493 3811 719 3879 σκεῦος
769 3812 857 3877 είς
913 3809 1095 3880 τιμὴν
1167 3805 1573 3876 ἡγιασμένον,
1639 3803 1857 3874 εὔχρη-

286 3906 537 3969 στοντῷ
572 3904 874 3971 Δεσπότῃ,
934 3904 1022 3966 είς
1061 3899 1186 3956 πᾶν
1230 3898 1412 3968 ἔργον
1440 3896 1673 3968 ἀγαθὸν
1704 3896 1863 3967 ritat-

288 3999 622 4071 μασμένον.

362 4093 481 4146 Ἔτι
536 4090 633 4144 καὶ
676 4087 772 4143 νῦν
821 4085 928 4140 εἰσί
980 4100 1122 4150 τινες
1176 4081 1549 4153 θαυμάζοντες
1581 4080 1670 4133 ἵνα
1692 4079 1746 4133 τί
1779 4077 1856 4148 μὴ

292 4185 621 4238 ἀπόλλυνται
645 4180 694 4234 οῑ
723 4178 903 4234 κακοί.
958 4177 1067 4231 Καί
1121 4193 1325 4246 φαμεν,
1354 4176 1438 4228 ὅτι
1466 4174 1656 4244 ὥσπερ
1685 4173 1744 4226 ἐν
1782 4173 1861 4225 οἰ-

295 4278 382 4349 κίᾳ
411 4274 631 4348 μεγάλῃ
686 4270 921 4342 διάφορα
957 4267 1151 4338 σκεύη,
1189 4264 1332 4321 οὕτω
1360 4264 1454 4319 καὶ
1482 4265 1540 4317 ὲν
1566 4262 1643 4333 τῷ
1674 4262 1865 4332 κόσμῳ

293 4369 535 4440 διάφοροι
563 4364 862 4436 ἄνθρωποι,
899 4362 965 4416 οὐ
984 4360 1079 4414 τοῦ
1109 4358 1244 4414 Θεοῦ
1278 4357 1453 4421 οὕτως
1481 4355 1862 4427 πεποιηκότος*

296 4462 414 4515 ἐπεὶ
468 4457 592 4522 πῶς
654 4459 884 4526 ἴσχυσαν
928 4452 1243 4523 ἐκκαθᾶραι
1295 4450 1525 4512 ἑαυτοὺς
1584 4449 1634 4502 oi
1666 4444 1863 4511 κακοί;

1955 3341 2374 3410 inscriptiones.

2027 3433 2089 3499 il,
2119 3431 2329 3497 20,2l.
2368 3426 2630 3483 Craterum
2674 3422 2729 3477 in
2768 3432 2962 3489 magna
2986 3413 3142 3468 domo
3170 3424 3272 3466 non
3321 3413 3527 3461 tantum

1961 3537 2084 3584 sunt
2113 3542 2241 3582 uasa
2274 3538 2439 3578 aurea
2469 3529 2518 3574 et
2550 3526 2821 3589 argentea,
2857 3507 3201 3566 verumetiam
3243 3503 3418 3572 lignea
3464 3512 3527 3551 ac

1960 3632 2228 3678 testacea:
2277 3626 2326 3673 et
2362 3615 2475 3670 alia
2500 3611 2712 3684 quidem
2749 3608 2804 3661 in
2851 3604 3124 3663 honorem,
3166 3597 3279 3650 alia
3313 3607 3431 3647 vero
3475 3589 3528 3644 iu

1960 3711 2355 3771 contumeliam.
2402 3707 2463 3764 Si
2488 3681 2606 3778 quis
2646 3702 2811 3774 igitur
2837 3694 3153 3767 expurgarit
3188 3687 3420 3757 seipsum
3466 3681 3532 3736 ab

1962 3810 2066 3876 his,
2104 3806 2204 3862 erit
2234 3820 2325 3858 uas
2375 3802 2428 3855 in
2471 3800 2718 3853 honorem
2765 3788 3180 3858 sanctiﬁcatum,
3232 3790 3534 3834 accommoo

1962 3873 2089 3953 dum
2123 3894 2301 3950 usibus
2331 3887 2570 3954 Domini,
2599 3884 2667 3939 ad
2693 3896 2845 3937 omne
2869 3892 2996 3947 opus
3028 3873 3220 3928 bonum
3262 3879 3537 3937 prwpara-

1963 4001 2099 4046 tum.

2036 4080 2347 4134 Etiamnum
2390 4079 2520 4127 sunt
2551 4063 2802 4124 nonnulli
2846 4060 2939 4132 qui
2992 4055 3333 4113 admirantur
3369 4058 3541 4119 quare

1969 4189 2076 4230 non
2107 4177 2333 4243 pereant
2354 4164 2502 4220 mali.
2543 4161 2607 4214 Et
2640 4158 2875 4214 dicimus
2903 4150 3046 4222 quod
3075 4138 3537 4218 quemadmodum

1971 4266 2030 4320 in
2061 4229 2254 4332 magna
2283 4258 2448 4312 domo
2490 4252 2642 4308 varia
2677 4256 2806 4304 sunt
2836 4254 2987 4306 vasa,
3042 4239 3115 4291 ita
3159 4242 3213 4290 et
3247 4235 3301 4288 in
3337 4229 3542 4284 mundo

1970 4356 2106 4413 varii
2136 4360 2265 4408 sunt
2295 4349 2542 4405 homines
2580 4363 2595 4400 :
2632 4357 2737 4398 non
2769 4335 2920 4408 quod
2959 4331 3106 4386 Deus
3135 4329 3212 4382 ita
3244 4325 3367 4380 illos
3401 4320 3543 4374 fece-

1970 4448 2047 4502 rit
2072 4467 2086 4501 :
2111 4442 2319 4512 alioqui
2357 4441 2503 4495 enim
2535 4430 2810 4507 quomodo
2860 4431 3085 4497 possent
3131 4432 3255 4476 sese
3290 4413 3415 4469 mali
3447 4428 3546 4466 ex-

297 4498 414 4515 ν...
476 4498 590 4522 η...
654 4498 880 4526 πλη...
928 4498 1242 4523 “Where-
1296 4498 1523 4512 πη--.
1592 4498 1632 4502 _-

297 4552 463 4607 Τοῦτο
517 4552 629 4622 γὰρ
678 4545 889 4621 προῖὼν
943 4542 1296 4614 ὲγκελεύεται
1341 4541 1468 4603 τοὺς
1523 4538 1753 4597 ἑαυτοὺς
1786 4538 1843 4589 εἰς

1973 4498 2257 4602 purgarei
2290 4537 2415 4578 nam
2475 4498 2567 4574 ob-
2605 4517 2658 4571 id
2708 4515 2860 4584 ipsos
2908 4510 2964 4564 in
2991 4516 3287 4577 progressu
3323 4498 3550 4552 accusat

2108 4620 2117 4622 ξ
2213 4618 2223 4622 ·
2446 4615 2458 4622 -
2494 4611 2505 4622 -
2627 4608 2640 4622 -
2701 4606 2712 4622 -
2804 4603 2935 4622 us--.
2992 4619 3004 4622 _
3042 4597 3146 4622 sn-
3172 4608 3300 4622 ..η-ι,
3332 4590 3384 4622 ς..
3413 4603 3548 4622 “mu

297 4648 452 4701 τοῦτο
472 4648 732 4713 ἄγοντας.
772 4659 791 4693 ι
826 4640 893 4693 Ἃ
923 4639 980 4693 δὲ
1004 4639 1086 4701 είς
1116 4634 1373 4704 ἀτιμίαν,
1400 4651 1418 4683 ι
1445 4626 1556 4684 οἷον
1589 4629 1660 4685 τὰ
1684 4626 1871 4694 ξύλινα

300 4742 387 4793 καὶ
438 4737 764 4809 ὀστράκινα.
832 4752 851 4785 ι
882 4732 1008 4785 Ἐὰν
1042 4725 1249 4809 οῦνᾲτις
1290 4724 1573 4794 ἐκκαθάρῃ
1601 4719 1816 4774 ἑαυτόν.
1848 4737 1867 4771 s

302 4832 441 4885 Είτδ
465 4807 796 4901 ὀστράκινον
847 4820 989 4879 εἶναί
1044 4807 1169 4875 τινα
1220 4817 1415 4888 ἄτιμόν
1452 4817 1571 4869 ὲστι
1599 4811 1696 4867 καὶ
1720 4811 1870 4865 ἀκά-

304 4924 521 4995 θαρτον,
558 4917 703 4993 (εἷπε
728 4920 857 4991 γάρ,
903 4916 1033 4971 Ἐάν
1057 4932 1144 4978 τις
1173 4912 1463 4984 ἐκκαθάρῃ
1486 4907 1728 4978 ἑαυτὸν,)
1757 4907 1877 4969 πῶς

305 5017 462 5079 αὐτὸς
490 5014 619 5084 περὶ
652 5012 764 5064 τῶν
810 5007 1124 5064 ἀποστόλων
1154 5005 1341 5076 φησὶν,
1373 5021 1391 5054 ι
1418 5001 1667 5070 Ἔχοντες
1701 4997 1759 5051 δὲ
1782 4997 1876 5050 τὸν

307 5106 581 5179 θησαυρὸν
636 5102 825 5157 τοῦτον
875 5103 931 5155 ὲν
995 5096 1338 5169 ὀστρακίνοις
1397 5091 1657 5158 σκεύεσις
1697 5108 1714 5142 ι
1766 5088 1876 5141 Καί

309 5216 508 5269 φαμεν,
543 5198 630 5250 ὅτι
698 5196 817 5247 ἐκεῖ
856 5191 985 5263 περὶ
1039 5189 1211 5260 αὐτῆς
1263 5188 1364 5257 τῆς
1397 5184 1614 5253 φύσεως
1640 5181 1738 5234 τοῦ
1773 5179 1875 5232 σώ-

315 5310 480 5362 ματος
537 5289 864 5356 διαλέγεται,
904 5286 1004 5354 οὐχ
1042 5282 1120 5344 ὼς
1147 5280 1274 5350 περὶ
1299 5277 1633 5346 ἀκαθάρτου,
1666 5271 1783 5326 ἀλλ’
1804 5270 1879 5335 ὡς

313 5385 437 5455 περὶ
458 5382 686 5454 πηλίνου
716 5380 809 5433 καὶ
841 5376 1052 5447 γηῖνου.
1088 5375 1185 5427 Ἐκ
1213 5369 1420 5424 τούτων
1452 5368 1562 5437 γάρ
1584 5365 1645 5418 τὸ
1674 5364 1877 5435 δστρα-

316 5454 426 5531 κον.
461 5476 535 5530 Ἢ
575 5473 638 5526 τὸ
682 5470 1002 5543 όστράκινον
1054 5467 1171 5520 ἐκεῖ
1236 5462 1409 5527 δέξαι,
1473 5461 1549 5523 ὡς
1592 5460 1728 5530 πρὸς
1779 5454 1877 5526 τὴν

319 5570 600 5639 σῧγκρισιν
633 5563 728 5618 τοῦ
759 5566 817 5616 ὲν
839 5561 988 5632 αὑτῷ
1040 5554 1317 5629 θησαυροῦ
1342 5569 1356 5583 ·
1392 5545 1497 5606 ὦδε
1533 5551 1720 5621 μέντοι
1749 5547 1876 5618 περὶ

319 5659 517 5729 ἀρετῆς
592 5656 687 5710 καὶ
731 5651 1067 5723 φαυλότητος
1116 5645 1456 5715 διαλέγεται,
1516 5640 1874 5712 ὀστρακίνους

391 5845 427 5876 ⁶⁹
460 5841 539 5896 lC
566 5858 627 5895 vr.
674 5856 760 5903 xv,
796 5839 874 5892 I-i.
989 5835 1026 5866 τ’
1062 5833 1183 5887 Art.
1217 5848 1266 5895 κ,
1300 5829 1387 5885 Η..
1441 5828 1459 5855 ⁸
1487 5826 1527 5882 Η
1557 5826 1682 5881 Cor.
1716 5841 1789 5888 tv,
1814 5822 1865 5875 τ.

1975 4590 2123 4691 ἔιυοῦ
2150 4618 2361 4688 seipsos
2395 4615 2460 4668 ad
2493 4611 2597 4666 hoc
2610 4603 2962 4662 deduxerint.
2987 4619 3004 4650 ι
3031 4597 3149 4653 Alia
3172 4608 3300 4649 vero
3332 4590 3386 4644 in
3413 4603 3548 4642 con-

1978 4679 2296 4774 tumeliam;
2327 4725 2346 4758 ι
2379 4705 2485 4759 hoc
2522 4710 2629 4767 est,
2655 4698 2831 4768 lignea
2882 4707 2948 4747 ac
2996 4699 3256 4745 testacea.
3286 4703 3304 4736 ι
3340 4681 3398 4736 Si
3426 4679 3553 4749 quis

1978 4801 2145 4871 igitur
2182 4792 2576 4866 expurgaverit
2626 4787 2894 4856 seipsum.
2933 4800 2952 4833 ι
2990 4779 3048 4833 Si
3094 4787 3397 4832 testaceum
3428 4781 3553 4827 esse

1982 4894 2243 4963 aliquem,
2278 4883 2737 4943 contumeliosum
2769 4885 2856 4932 est
2888 4883 2942 4929 et
2966 4876 3240 4941 impurum
3270 4869 3417 4939 (nam
3451 4863 3550 4924 ait,

1980 4986 2037 5042 Si
2073 4956 2630 5056 quisexpurgaverit
2692 4968 2978 5043 seipsum),
3036 4964 3311 5036 quomodo
3345 4962 3462 5030 ipse
3486 4956 3556 5011 de

1983 5076 2252 5152 apostolis
2279 5073 2419 5128 dixit
2441 5090 2487 5125 :t
2517 5068 2796 5124 Habemus
2814 5064 3133 5118 thesaurum
3156 5059 3301 5111 hunc
3323 5054 3377 5108 in
3406 5051 3554 5107 vasis

1981 5141 2246 5229 testaceis
2274 5166 2332 5219 “‘i
2365 5183 2384 5216 ι
2412 5163 2478 5217 Et
2501 5160 2739 5216 dicimus
2759 5199 2773 5223 ,
2798 5152 2944 5225 quod
2967 5151 3040 5205 ihi
3068 5149 3134 5203 de
3158 5150 3273 5218 ipsa
3305 5141 3554 5213 corporis

1985 5273 2181 5319 natura
2214 5259 2459 5322 disserit,
2491 5269 2601 5309 non
2631 5249 2789 5322 quasi
2821 5246 2888 5302 de
2918 5260 2977 5299 re
3008 5243 3244 5312 impura,
3278 5238 3372 5294 sed
3393 5232 3557 5306 quasi

1987 5358 2057 5413 de
2088 5355 2236 5410 lutea
2269 5367 2332 5407 ac
2361 5359 2625 5415 terrena;
2662 5358 2787 5400 nam
2830 5358 2894 5398 ex
2933 5339 3018 5395 his
3053 5336 3344 5392 coniicitur
3392 5339 3554 5385 testa.

1985 5452 2096 5505 Aut
2134 5455 2434 5503 testaceum
2469 5443 2543 5498 ibi
2579 5440 2766 5510 accipe
2800 5437 2949 5492 velut
2977 5433 3047 5486 ad
3087 5425 3555 5499 comparationem

1988 5540 2233 5598 thesauri
2282 5539 2373 5611 qui
2411 5538 2466 5593 itt
2521 5550 2584 5591 ea
2631 5541 2737 5599 est,
2786 5531 2875 5585 hic
2922 5537 3103 5582 autem
3144 5523 3213 5578 de
3266 5520 3469 5576 virtute
3502 5524 3557 5573 et

1986 5636 2254 5705 pravitate
2281 5610 2525 5694 disserit,
2553 5635 2823 5684 testaccos
2862 5634 3068 5678 vocans
3098 5628 3314 5689 pravos,
3348 5610 3553 5683 probos
