3988 6594
270 364 359 431 ιρι

1196 365 1583 428 COMMENT.
1617 365 1699 426 IN
1729 366 1960 429 EPIST.
1992 367 2052 428 II
2093 367 2192 426 AD
2232 366 2553 428 TIMOTH.

3398 363 3509 427 222

268 483 374 541 τοῦ.
411 501 433 534 ο
456 482 826 548 ’Λνεξίκακον.
849 500 869 534 s
903 481 1160 536 Μάλιστα
1183 480 1293 553 γὰρ
1319 480 1597 554 θρασύτης
1621 483 1829 551 ἀγριοῖ,

1943 498 2089 538 οηιοε.
2166 481 2339 537 Porro
2369 481 2691 539 haereticum
2742 482 3022 539 hominem
3064 489 3185 555 post
3244 497 3408 539 unam
3456 492 3512 540 et

267 573 503 646 πραότης
547 573 638 637 δὲ,
698 574 908 627 πείθειν
963 568 1096 628 οἶδε.
1154 573 1253 638 Τίς
1291 575 1401 646 γὰρ
1445 576 1692 649 πεισθείη
1747 576 1825 647 τῷ

263 667 658 739 θρασυνομένῳ,
683 660 728 735 ᾧ
747 664 1010 730 πολλάκις
1023 665 1118 719 καὶ
1142 666 1466 738 ἀντιπάσχει
1486 669 1515 721 δ
1535 668 1836 741 παραινοῦ-

267 778 460 834 μενος;
524 761 650 825 Πῶς
686 757 782 815 οὖν
819 759 1056 830 ἀλλαχοῦ
1091 758 1262 828 λέγει,
1301 760 1441 831 μετὰ
1484 761 1709 833 πρώτην
1732 761 1829 814 καὶ

263 855 514 925 δευτέραν
562 853 847 907 νουθεσίαν
876 854 1263 924 παραιτεῖσθαι
1300 853 1427 919 τοὺς
1468 853 1778 923 αίρετικούε
1809 870 1824 919 ;

276 948 395 1001 Ἰδοὺ
427 947 539 1018 γάρ
594 947 688 1000 καὶ
738 939 841 1000 ὧδε
872 945 1065 1008 εἰπὼν,
1113 945 1664 1015 ἀντιδιατιθεμένους,
1702 947 1829 1008 τοὺς

265 1042 561 1109 αἱρετικοὺς
607 1041 872 1109 ἑσήμανε.
925 1038 1036 1092 Καί
1075 1055 1281 1107 φαμεν,
1313 1036 1394 1090 ὅτι
1450 1039 1574 1099 τοὺς
1619 1038 1829 1107 ὡμολο-

263 1151 324 1200 γη
334 1133 525 1201 μένους
579 1132 674 1185 καὶ
704 1130 900 1184 ἀνίατα
930 1130 1244 1193 νοσοῦντας,
1280 1128 1668 1200 παραιτεῖσθαι
1694 1130 1824 1199 χρή.

265 1216 409 1275 Οὗτοι
432 1221 490 1273 δὲ
523 1222 649 1291 περὶ
666 1216 744 1275 ὧν
775 1222 802 1271 ό
827 1219 981 1287 λόγος
1022 1219 1314 1289 ἀμφίϐολοι
1360 1214 1522 1289 ἦσαν,
1548 1218 1645 1272 καὶ
1670 1218 1830 1285 δῆλον

266 1315 318 1363 ἐκ
341 1310 428 1362 τοῦ
452 1314 652 1370 εἰπεῖν,
679 1329 697 1360 ι
726 1311 817 1377 Μή
835 1326 964 1361 ποτε
977 1309 1051 1378 δῷ
1068 1310 1252 1371 αὐτοῖς
1272 1311 1300 1362 ὁ
1324 1309 1455 1371 Θεὸς
1476 1309 1786 1379 μετάνοιαν.
1803 1327 1822 1360 ι

265 1404 328 1456 Τδ
351 1404 456 1474 γάρ
474 1402 559 1470 μή
600 1418 766 1466 ποτε,
799 1404 893 1456 ἐπὶ
921 1404 1029 1454 τῶν
1070 1402 1285 1470 ἀδήλων
1313 1402 1431 1466 ἔθος
1463 1404 1594 1473 ἡμῖν
1624 1402 1824 1469 λέγειν.

269 1494 686 1564 «Ἑνπραότητι
743 1495 1124 1548 παιδεύοντα.»
1179 1495 1434 1548 Μάλιστα
1488 1494 1599 1564 γὰρ
1635 1494 1826 1548 τούτου

261 1586 423 1656 χρεία.
474 1586 745 1650 Πολλάκις
795 1589 905 1656 γὰρ
942 1589 970 1641 ό
995 1588 1222 1650 δεκάκις
1274 1586 1701 1656 συμϐουλευθεὶς
1731 1590 1827 1641 καὶ

265 1681 330 1747 μὴ
350 1677 616 1741 ἀκούσας,
666 1679 814 1749 άλλῳ
844 1678 990 1742 ἅπαξ
1035 1678 1525 1749 συμϐουλευομένῳ
1552 1679 1823 1741 πείθεται,

260 1771 355 1823 τῶν
402 1773 644 1840 πρώτων
669 1771 802 1824 δέκα
830 1771 1151 1841 συμϐούλων
1175 1772 1401 1839 ἀφανῶς
1428 1771 1826 1842 ἐργασαμένων

258 1862 310 1914 τὸ
334 1863 559 1915 οἰκεῖον.
595 1880 611 1912 ι
640 1863 730 1932 Μή
774 1880 902 1916 ποτε
929 1862 1004 1932 δῷ
1026 1864 1211 1924 αὐτοῖς
1234 1864 1262 1915 ό
1295 1862 1430 1926 Θεὸς
1463 1864 1777 1932 μετάνοιαν.
1804 1883 1819 1911 ι

258 1954 364 2007 Κᾶν
412 1955 668 2022 γένηται,
737 1954 893 2022 φησι,
926 1953 1022 2007 τοῦ
1056 1954 1192 2008 Θεοῦ
1236 1957 1386 2008 ἐστιν
1415 1954 1593 2025 ἔργον,
1628 1955 1689 2008 οὐ
1728 1954 1825 2023 τῆς

257 2046 346 2115 σῆς
393 2046 561 2112 μόνον
616 2046 946 2118 πραότητος.
1005 2046 1375 2100 Καταστέλλει
1425 2046 1483 2099 δὲ
1535 2046 1647 2099 τῶν
1675 2046 1827 2099 διδα-

258 2134 466 2187 σκάλων
498 2135 558 2187 τὸ
593 2135 870 2205 φρόνημα,
909 2134 1003 2187 ἐπὶ
1028 2135 1120 2187 τὸν
1145 2136 1280 2189 Θεὸν
1325 2136 1543 2202 ἀνάγων
1577 2136 1636 2189 τὸ
1668 2152 1829 2203 7270-

256 2227 354 2287 vi;.
398 2244 420 2276 ι
447 2227 564 2279 Καὶ
625 2225 975 2296 ἀνανήψωσιν
1006 2228 1071 2279 ὲκ
1098 2230 1196 2297 τῆς
1250 2227 1345 2279 τοῦ
1380 2228 1631 2281 διαϐόλου
1662 2228 1828 2280 παγί-

256 2318 395 2380 δος.»
452 2317 552 2380 Τίς
591 2318 648 2371 δὲ
688 2320 719 2384 ἡ
748 2319 1044 2386 ἐπίγνωσις
1105 2318 1205 2385 τῆς
1255 2318 1558 2387 ἁληθείας;
1589 2319 1651 2371 τὸ
1693 2319 1826 2373 ἀνα-

256 2409 410 2478 νῆψαι
461 2412 526 2463 ἐκ
572 2410 667 2463 τοῦ
703 2411 952 2464 διαϐόλου
999 2409 1243 2463 καὶτῶν
1293 2411 1465 2464 νόθων
1512 2411 1823 2481 δογμάτων.

259 2502 382 2568 apo;
437 2500 539 2571 τὴν
589 2502 861 2573 ὀρθότητα
900 2502 1000 2571 τῆς
1036 2502 1294 2564 πίστεως.
1336 2503 1480 2571 Ὅρα
1513 2502 1589 2567 δὲ,
1629 2502 1705 2564 ὡς
1734 2502 1828 2555 ἐπὶ

262 2593 420 2663 μέθης
449 2595 486 2663 ἧ
515 2595 735 2665 μανίας,
763 2593 1069 2664 ἀνανῆψαι
1091 2592 1244 2648 εἶπεν
1267 2599 1332 2648 ὲκ
1349 2596 1448 2660 τῆς
1467 2595 1559 2648 τοῦ
1578 2594 1825 2648 διαϐόλου

260 2685 501 2751 παγίδος.
573 2685 786 2754 Ὠσπερ
841 2685 1040 2754 γὰρτὸ
1098 2684 1404 2753 στρουθίον,
1458 2683 1561 2736 κᾶν
1618 2685 1682 2736 ὲκ
1732 2682 1826 2736 τοῦ

257 2775 418 2846 ἄκρου
453 2775 614 2838 ποδὸς
668 2778 969 2845 κατέχηται
1019 2777 1124 2830 ὑπὸ
1152 2776 1255 2844 τῆς
1280 2776 1505 2842 παγίδος
1528 2776 1621 2828 ὑπ’
1656 2776 1828 2844 αὑτήν

257 2869 425 2920 ὲττιν·
482 2866 653 2930 οὕτως
683 2868 782 2921 καὶ
828 2871 1012 2938 ἡμεῖς,
1039 2868 1142 2922 κᾶν
1174 2868 1329 2937 ψιλόν
1354 2884 1408 2921 τι
1456 2866 1828 2938 παρατραπῶο

261 2976 350 3026 μιν
382 2960 478 3012 ἐπὶ
497 2960 590 3011 τοῦ
639 2959 933 3029 δόγματος,
996 2961 1101 3014 ὑπὸ
1154 2962 1253 3024 τὴν
1283 2961 1486 3027 παγίδα
1511 2960 1828 3029 πράττομεν

254 3051 339 3105 τοῦ
403 3052 679 3105 διαϐόιου.
722 3072 742 3103 ι
765 3053 1177 3124 Ἐζωγρημὲνοι
1219 3053 1310 3107 ὑπ’
1335 3052 1525 3106 αὑτοῦ.
1550 3071 1568 3103 ι
1600 3053 1828 3121 Ἀνανή-

1854 1834 1901 1892 Β

1942 577 2172 629 alteram
2229 574 2660 631 admonitionem
2712 575 2856 647 fuge.
2905 595 2924 629 ι
2961 575 3317 630 Clementem.
3365 594 3384 628 ι
3420 574 3513 631 Si-

1936 668 2158 737 quidem
2189 667 2447 723 lerocitas
2475 668 2769 739 plurimum
2794 678 3105 737 exasperat.
3141 666 3512 723 mansuetudo

1938 776 2070 816 vero
2109 761 2438 830 persuadere
2489 760 2661 815 novit.
2695 762 2831 827 Quis
2882 761 3028 816 enim
3087 759 3511 830 persuadebitur

1939 853 2007 908 ab
2036 869 2103 907 eo
2139 855 2232 922 qui
2267 852 2424 908 ferox
2450 862 2533 908 est
2565 861 2620 907 et
2659 852 2920 913 insolens.
2953 851 3041 907 cui
3080 851 3395 921 frequenter
3424 865 3513 904 re-

1939 947 2086 1001 sistit
2115 947 2279 1002 etiam
2314 948 2362 1001 is
2389 946 2484 1016 qui
2518 946 2888 1001 admonetur?
2916 945 3201 1012 Quomodo
3231 959 3361 1014 ergo
3379 942 3512 998 alibi

1935 1039 2089 1101 dicit,
2134 1036 2264 1092 Post
2298 1054 2460 1093 uuam
2496 1047 2549 1093 et
2575 1039 2802 1092 alterum
2843 1038 3270 1092 admonitionem
3300 1035 3513 1105 fugien-

1935 1129 2037 1183 dos
2071 1130 2399 1183 haereticos?
2431 1143 2554 1184 nam
2583 1144 2711 1183 ecce
2741 1129 2842 1183 hoc
2867 1130 3028 1182 etiam
3066 1128 3118 1182 in
3151 1128 3270 1182 loco
3296 1126 3508 1189 dicens,

1933 1222 2307 1285 Obsisteutes.
2376 1222 2704 1291 signiﬁcavit
2761 1220 3045 1274 harreticos
3095 1235 3234 1288 quos
3290 1217 3511 1271 erudire

1930 1314 2108 1385 jubet.
2164 1316 2231 1370 Et
2281 1315 2517 1370 dicimus
2573 1314 2717 1383 quod
2770 1322 2987 1381 apertos
3036 1320 3091 1366 et
3127 1311 3512 1366 insanabiliter

1929 1415 2259 1476 aegrotantes
2317 1407 2471 1477 jubet
2517 1406 2736 1471 evitari,
2777 1406 2830 1458 hi
2863 1414 3045 1459 autent
3083 1403 3152 1460 de
3183 1404 3387 1474 quibus
3418 1402 3509 1455 hic

1933 1514 2116 1555 sermo
2151 1507 2256 1559 est,
2297 1498 2614 1553 haesitantes
2642 1508 2797 1551 erant
2822 1514 2838 1561 ;
2868 1495 3012 1567 quod
3043 1512 3108 1550 ex
3143 1511 3209 1551 eo
3244 1492 3508 1548 manifes-

1937 1600 2051 1646 tum
2083 1602 2165 1646 est
2203 1592 2348 1660 quod
2381 1593 2476 1647 ait.
2520 1591 2577 1645 Si
2626 1591 2846 1660 quando
2885 1588 2970 1643 del
3000 1588 3110 1641 illis
3153 1588 3296 1640 Deus
3327 1587 3510 1655 pmni-

1936 1684 2185 1738 tentiam.
2216 1703 2234 1736 i
2266 1683 2341 1739 De
2361 1684 2445 1739 his
2474 1684 2619 1738 enim
2649 1682 2891 1737 solemus
2933 1680 3116 1734 dicere
3143 1699 3155 1733 :
3191 1678 3252 1733 Si
3276 1678 3512 1747 quando,

1928 1790 2049 1844 quae
2076 1776 2285 1830 incerta
2347 1784 2499 1830 sunt.
2543 1793 2560 1826 ι
2590 1773 2724 1828 Cum
2770 1770 3195 1826 mansuetudine
3244 1771 3508 1824 erudien-

1930 1877 2059 1924 tem.
2098 1886 2116 1921 ι
2152 1868 2282 1921 Nam
2309 1868 2412 1923 hoc
2435 1875 2518 1922 est
2547 1868 2782 1921 maxime
2804 1865 3199 1919 necessarium.
3230 1862 3515 1930 Frequen-

1932 1972 2014 2014 ter
2042 1959 2188 2014 enim
2222 1959 2269 2014 is
2297 1960 2404 2020 .cui
2456 1958 2641 2012 decies
2674 1958 2863 2013 datum
2924 1968 3004 2011 est
3066 1955 3362 2010 consilium
3412 1970 3513 2009 nec

1929 2048 2171 2113 audivit,
2218 2049 2373 2105 alteri
2414 2048 2585 2104 semel
2636 2048 2785 2101 danti
2821 2047 3113 2101 consilium
3152 2046 3515 2114 obtempera-

1936 2143 2038 2209 bit,
2085 2158 2280 2213 nempe
2308 2144 2494 2198 decem
2530 2142 2810 2211 prioribus
2840 2140 2951 2195 illis
2998 2138 3250 2193 consiliis
3299 2138 3514 2191 occulte

1931 2236 2218 2304 agentibus
2271 2236 2415 2304 quod
2450 2250 2610 2289 suum
2658 2242 2762 2288 est.
2837 2250 2856 2284 ι
2901 2230 2955 2285 Si
3009 2230 3228 2299 quando
3266 2230 3359 2285 det
3406 2230 3513 2283 illis

1934 2327 2077 2381 lleus
2110 2328 2506 2395 pmoiteutiam.
2542 2344 2561 2377 ι
2592 2324 2751 2390 Quod
2785 2324 2830 2379 si
2863 2323 2977 2387 ﬁat,
3011 2322 3209 2391 inquit,
3249 2321 3338 2375 Dei
3375 2336 3514 2390 opus

1931 2427 2036 2482 est,
2074 2432 2180 2471 non
2215 2428 2318 2472 tuae
2352 2414 2810 2471 mansuetudinis.
2862 2414 3276 2477 Prmcepiornm
3327 2424 3511 2466 autem

1931 2509 2135 2565 fastum
2176 2509 2450 2578 reprimit,
2486 2510 2692 2562 factum
2729 2507 2906 2574 ipsum
2951 2503 3017 2556 ad
3057 2503 3223 2558 Deum
3250 2503 3512 2557 referens.

1938 2618 1957 2652 ι
2000 2602 2062 2656 Et
2109 2608 2168 2654 ut
2197 2600 2263 2653 ad
2299 2614 2488 2656 sanam
2526 2607 2765 2653 mentem
2801 2596 3031 2650 redeant
3089 2610 3117 2648 a
3169 2593 3372 2647 diaboli
3432 2594 3515 2645 ia-

1931 2707 2096 2762 queo.
2136 2710 2155 2745 ι
2186 2690 2320 2756 Quae
2353 2698 2437 2745 est
2473 2697 2655 2743 autem
2701 2687 2945 2755 cognitio
2983 2682 3274 2739 veritatis?
3315 2681 3392 2736 Ad
3428 2696 3517 2736 sa-

1932 2797 2058 2836 nam
2100 2791 2338 2835 mentem
2393 2779 2578 2835 redire
2621 2794 2652 2832 a
2705 2776 2950 2838 diabolo,
2985 2784 3040 2829 et
3069 2775 3135 2827 ah
3186 2772 3514 2828 adulterinis

1930 2872 2208 2943 dogmatis
2238 2870 2308 2926 ad
2355 2870 2479 2926 ﬁdei
2530 2866 2946 2923 rertitudinem.
2982 2864 3376 2919 Animadverte
3409 2878 3514 2923 au-

1932 2976 2039 3021 tem
2063 2965 2232 3034 quod.
2257 2963 2423 3017 veluti
2443 2962 2513 3016 ab
2541 2962 2802 3016 ebrieta'e
2831 2960 3174 3025 autinsauia,
3209 2958 3346 3012 dixit
3386 2958 3517 3010 ἀνα-

1931 3057 2099 3125 νῆψαι
2162 3054 2319 3124 271
2345 3068 2374 3106 a
2419 3052 2616 3107 diaboli
2667 3053 2881 3122 laqueo,
2913 3050 3058 3121 quod
3089 3053 3307 3119 proprie
3337 3057 3418 3102 est
3449 3045 3516 3101 ad

254 3144 422 3211 ψωσιν
477 3144 631 3207 ὄντες
684 3144 1086 3214 ἐζωγρημένοι,
1107 3145 1357 3198 τουτέστι
1381 3147 1447 3215 τῇ
1483 3144 1659 3214 πλάνῃ
1688 3146 1826 3196 ἐνει-

1940 3150 2282 3204 sobrietatem
2315 3147 2396 3201 vel
2430 3160 2619 3201 sanam
2646 3154 2880 3199 mentem
2923 3144 3119 3198 redire.
3149 3140 3517 3206 Quemadmo-

256 3234 517 3304 λημμένοι
572 3235 667 3287 καὶ
727 3235 1214 3305 ἀποκεκλεισμένοι
1247 3238 1327 3299 είς
1379 3236 1441 3288 τὸ
1495 3234 1588 3288 τοῦ
1638 3234 1827 3288 διαεόο

256 3327 345 3379 λου
403 3326 637 3398 θέλημα.
699 3328 838 3389 Τοὺς
893 3329 1001 3398 γὰρ
1064 3326 1351 3390 ὲναλόντας
1406 3330 1519 3390 τοῖς
1568 3328 1826 3396 πονηροῖς

256 3421 534 3489 δόγμασιν,
565 3423 645 3484 είς
669 3422 733 3475 τὸ
760 3423 960 3475 οἰκεῖον
995 3422 1207 3491 θέλημα
1253 3419 1682 3491 ἐνειλημμένους
1709 3420 1824 3489 ἔχει

258 3513 284 3562 ὀ
308 3512 574 3575 διάϐολος.

1935 3238 2064 3293 dum
2101 3237 2246 3292 enim
2297 3250 2489 3304 passer
2519 3248 2833 3303 quanquam
2867 3249 2895 3286 a
2924 3232 3078 3303 pedis
3121 3231 3298 3284 solum
3328 3237 3517 3282 estre—

1938 3330 2135 3383 mitate
2168 3336 2419 3382 teneatur
2461 3325 2676 3395 laqueo,
2721 3325 2824 3394 ipsi
2861 3323 3136 3378 obnoxius
3184 3329 3306 3375 est:
3360 3319 3433 3371 ita
3461 3326 3517 3372 et

1951 3436 2074 3486 nos,
2098 3434 2414 3489 quanquam
2445 3419 2497 3470 in
2539 3417 2688 3470 tenui
2721 3418 2902 3483 aliqua
2949 3415 3220 3481 dogmatis
3250 3411 3517 3481 particula

1938 3512 2344 3577 subvertamur,
2398 3509 2603 3565 diaboli
2638 3509 2835 3576 laqueo
2868 3504 3215 3575 snhjicimur.
3276 3521 3293 3553 ι
3332 3492 3515 3556 \‘incti

260 3604 322 3657 ab
351 3621 437 3659 eo.
483 3625 503 3659 ι
568 3606 649 3660 Ad
691 3621 885 3661 sanam
932 3621 1169 3663 mentem
1224 3608 1451 3663 redeant
1504 3607 1599 3678 qui
1649 3607 1817 3662 vincti
1860 3609 2139 3673 sunt,hoc
2164 3616 2271 3673 est,
2321 3621 2511 3663 errore
2541 3605 2686 3675 capti
2729 3612 2784 3660 et
2830 3600 3076 3658 conclusi
3158 3599 3223 3652 ad
3313 3583 3520 3652 diaholi

260 3698 610 3754 voluntatem.
650 3698 783 3754 Nam
814 3716 911 3758 eos
941 3702 1035 3772 qui
1083 3701 1269 3771 pravis
1319 3701 1467 3771 capti
1528 3708 1661 3756 sunt
1714 3699 2011 3771 dogmatis,
2047 3701 2115 3756 ad
2179 3714 2335 3757 suam
2410 3700 2744 3754 voluntatem
2810 3696 3067 3751 delentes
3109 3691 3273 3746 habet
3325 3690 3518 3743 diabo-

261 3791 363 3846 lus.

841 3886 1092 3940 ΚΕΦΑΛ.
1134 3885 1229 3955 ς’.

264 4001 595 4069 Πρεᾟρησις
652 4000 779 4063 περὶ
823 3999 1037 4064 κακίας
1091 3999 1419 4067 ἀνθρώπων
1471 3996 1829 4059 πλεοναζού-

564 4086 705 4136 σης,
728 4069 1047 4137 ἁπατηλῆς
1079 4071 1507 4139 ἐλεγχομένης.

331 4162 510 4217 Τοῦτο
533 4159 604 4214 δὲ
632 4161 911 4229 γίνωσκε,
937 4159 1028 4213 ὅτι
1054 4160 1126 4214 ἐν
1151 4159 1440 4228 ἐσχάταις
1462 4157 1709 4229 ἡμέραις
1733 4159 1829 4214 ἐν·

265 4255 590 4319 στήσονται
646 4251 838 4319 καιροὶ
890 4252 1168 4321 χαλεποί.
1206 4253 1488 4306 Ἔσονται
1516 4251 1625 4320 γὰρ
1646 4252 1701 4303 οι
1729 4249 1833 4303 ἇν-

265 4344 471 4409 θρωποι
530 4343 834 4410 φίλαυτοι.
880 4341 1256 4409 φιλάργυροι,
1313 4337 1626 4403 ἀλαζόνες,
1662 4340 1836 4406 ὑπερ-

264 4437 502 4506 ήφανοι,
536 4434 918 4503 βλάσφημοι,
968 4430 1255 4501 γονεῦσιν
1294 4431 1583 4498 ἀπειθεῖς,
1623 4431 1831 4500 ἀχάρι-

266 4511 409 4591 στοι,
481 4528 743 4590 ἀνόσιοι,
802 4524 1105 4592 ἄστοργοι,
1159 4520 1478 4587 ἄσπονδοι,
1539 4522 1829 4586 διάϐολοι,

266 4620 554 4689 ἀκρατεῖς,
585 4617 891 4687 ἀνήμεροι,
932 4615 1309 4685 ἀφιλάγαθοι,
1344 4615 1652 4684 προδόται,
1683 4632 1830 4683 προ-

2545 3875 2773 3933 CAPUT
2812 3875 2906 3931 Vl.

1939 3996 2254 4051 Vaticinium
2283 3994 2347 4047 de
2380 3992 2684 4045 abundante
2724 3990 2994 4042 hominum
3025 3986 3257 4047 malitia.
3306 4001 3399 4053 per
3428 3984 3519 4055 [u-

2411 4078 2529 4114 cum
2564 4058 3045 4127 reprehensibilem.

2010 4155 2099 4220 Ill,
2145 4154 2255 4209 1-5.
2297 4153 2448 4207 Illud
2480 4163 2653 4206 autem
2693 4151 2825 4204 scito
2860 4148 3000 4220 quod
3031 4149 3082 4201 in
3122 4147 3372 4200 extremis
3404 4147 3520 4202 die-

1931 4248 2026 4302 bus
2058 4246 2331 4300 instabunt
2374 4256 2611 4317 tempgra
2658 4240 2865 4295 acerba.
2916 4237 3090 4292 Erunt
3119 4238 3256 4290 enim
3288 4236 3521 4291 homines

1932 4340 2017 4395 sui
2043 4347 2302 4402 amantes,
2345 4337 2512 4399 arari,
2554 4333 2811 4404 {astuosi,
2841 4329 3073 4399 superbi,
3120 4325 3387 4389 maledici,
3421 4343 3522 4394 pa-

1935 4429 2167 4486 rentibus
2219 4427 2567 4499 immorigeri.
2614 4424 2833 4493 ingrati,
2878 4422 3047 4492 impii,
3100 4418 3295 4472 amoris
3332 4417 3526 4486 a/fectu

1934 4532 2194 4586 carentes,
2238 4521 2400 4575 nescii
2453 4517 2695 4588 foederis,
2758 4514 3196 4573 calumniatores,
3273 4508 3530 4575 intempe-

1937 4627 2137 4676 rantes.
2186 4616 2438 4674 immites,
2499 4610 2821 4681 negligentes
2879 4606 3154 4666 bonorum,
3211 4601 3526 4669 proditores,

266 4712 480 4778 πετεῖς,
503 4712 924 4781 τετυφωμένοι,
957 4708 1276 4779 φιλήδονοι
1296 4706 1539 4776 μᾶλλον
1578 4708 1616 4776 ἢ
1668 4709 1829 4777 φιλό-

1948 4711 2269 4780 pm'cipites,
2305 4707 2501 4775 inﬂati,
2536 4703 2862 4771 voluptatum
2899 4705 3135 4750 amantes
3164 4697 3338 4762 potius
3368 4709 3527 4764 quam

268 4807 400 4867 θεοι,
431 4804 684 4871 ἔχοντες
707 4806 1018 4872 μόρφωσιν
1044 4802 1378 4865 εὐσεϐείας,
1408 4798 1524 4866 τὴν
1560 4798 1628 4852 δὲ
1666 4798 1820 4853 δύνα

263 4912 362 4963 μιν
394 4893 589 4961 αὐτῆς
620 4893 961 4961 ἠρνημένοι.
1016 4893 1123 4948 Kal
1157 4894 1397 4959 τούτους
1467 4888 1833 4957 ἀποτρέπου.

335 4989 443 5042 Καὶ
474 4988 577 5059 ἤδη
604 4983 743 5057 ἦσαν
768 4988 858 5039 ἐπὶ
893 4987 1140 5050 Μωσέως
1177 4987 1387 5054 Ίαννῆς
1422 4986 1515 5038 καὶ
1550 4984 1835 5055 Ἰαμϐρῆς,

269 5081 425 5143 αὐτὸς
459 5079 844 5151 προῖὼνλέγει,
867 5082 959 5133 καὶ
981 5080 1100 5132 τότε
1120 5075 1279 5150 ἦσαν.
1306 5077 1378 5131 Τὸ
1401 5078 1508 5148 γὰρ
1531 5076 1638 5129 τῶν
1700 5094 1837 5146 χρυ-

275 5176 377 5229 σῶν
393 5176 488 5228 καὶ
512 5173 848 5244 ὀστρακίνων
870 5173 1102 5237 σκευῶν,
1128 5172 1285 5226 τοῦτο
1295 5171 1466 5241 δηλοῖ.
1498 5171 1665 5223 ’Ὥστε
1693 5168 1832 5222 εἰσὶν

274 5270 375 5331 αεὶ,
407 5270 466 5321 ὲν
495 5267 708 5336 ὑστέρῳ
738 5267 795 5319 δὲ
829 5264 1049 5335 μᾶλλον.
1091 5283 1110 5315 ι
1148 5265 1342 5333 Καιροὶ
1404 5262 1654 5333 χαλεποί.
1686 5281 1706 5313 ι
1760 5261 1835 5314 Οὐ

274 5360 391 5421 τοὺς
425 5359 652 5428 καιροὺς
690 5357 723 5427 ἢ
754 5358 852 5419 τὰς
886 5357 1099 5427 ἡμέρας
1130 5354 1426 5416 διαϐάλλει,
1462 5353 1598 5407 ἀλλὰ
1624 5353 1749 5416 τοὺς
1779 5353 1839 5405 ἐν

274 5449 456 5511 αὑταῖς
512 5448 781 5517 πονηροὺς
813 5446 1166 5516 ἀνθρώπους.
1213 5444 1454 5513 Καιροὺς
1490 5442 1599 5511 γάρ
1640 5440 1843 5504 καλοὺς

277 5543 364 5595 καὶ
397 5540 598 5602 κακούς
650 5555 868 5608 φαμεν,
921 5542 985 5590 ὲκ
1024 5538 1135 5593 τῶν
1177 5537 1235 5589 ἐν
1287 5537 1472 5598 αὐτοῖς
1520 5535 1839 5604 γινομένων.

282 5654 296 5678 α
328 5634 597 5687 Φίλαυτοι.
634 5651 653 5685 ο
678 5630 850 5686 Τοῦτο
881 5632 914 5701 ἡ
943 5628 1068 5701 ῥίζα
1096 5630 1204 5686 sfw
1232 5628 1439 5692 κακῶν,
1460 5627 1520 5680 τὸ
1549 5627 1615 5678 τὰ
1647 5624 1841 5678 ἑαυτοῦ

281 5730 492 5780 σκοπεῖν
518 5725 701 5794 μόνον.
741 5726 802 5777 Ol
830 5723 885 5778 δὲ
917 5721 1151 5776 τοιοῦτοι
1186 5719 1519 5790 ἀμελοῦντες
1552 5720 1658 5771 τῶν
1688 5718 1841 5771 ἁδελ-

282 5819 492 5883 ςὼν,τά
521 5816 734 5872 ἑαυτῶν
757 5815 972 5887 πρῶτον
993 5813 1417 5885 διαφθείρουσιν.
1455 5830 1470 5863 ι
1496 5809 1831 5874 Ἀλαζόνες.ι

296 5911 416 5965 Ἀτδ
463 5908 750 5980 φιλαυτίας
783 5908 816 5979 ἡ
850 5907 1185 5978 φιλαργυρία
1233 5906 1495 5960 τίκτεται.
1532 5903 1745 5972 Ταύτης
1786 5904 1840 5956 δὲ

295 6061 401 6082 Ὧς.

1953 4799 2049 4856 Dei
2097 4817 2116 4855 :
2161 4798 2408 4852 habentes
2449 4796 2675 4855 formam
2716 4790 2951 4857 pietatis,
3005 4787 3096 4842 sed
3135 4786 3223 4856 qui
3261 4786 3362 4839 vim
3412 4785 3531 4854 ejus

1948 4893 2275 4964 abnegarint.
2315 4888 2382 4942 Et
2407 4889 2536 4941 istos
2567 4900 2829 4939 arersorc.

2021 4981 2085 5038 Et
2128 4982 2238 5050 jam
2275 4979 2377 5032 sub
2431 4974 2579 5030 Mose
2638 4975 2853 5027 fuerant
2888 4968 3093 5025 Jannes
3146 4979 3200 5022 et
3253 4968 3533 5030 Jamhrcs,

1944 5074 2088 5129 sicut
2120 5072 2174 5125 in
2208 5085 2504 5141 progressu
2532 5066 2670 5122 dicit
2700 5085 2712 5120 :
2744 5080 2873 5121 nam
2918 5064 3020 5115 hue
3055 5061 3324 5133 significa
3350 5074 3535 5114 sermo

1946 5165 2014 5222 de
2042 5164 2188 5219 vasis
2226 5161 2411 5215 aureis
2447 5166 2502 5213 et
2548 5155 2822 5212 testaceis.
2876 5152 3106 5223 Semper
3154 5155 3337 5221 itaque
3378 5160 3527 5207 sunt.

1948 5256 2043 5313 sed
2080 5255 2252 5324 magis
2278 5259 2553 5322 postremo
2580 5258 2842 5316 tempore.
2892 5262 2910 5294 ι
2943 5243 3211 5312 Tempora
3252 5241 3468 5295 acerba.
3503 5258 3527 5292 ι

1946 5349 2066 5405 Non
2116 5356 2362 5417 tempora
2423 5340 2793 5396 calumniatur
2863 5345 2955 5388 aut
3005 5334 3142 5398 dies,
3200 5331 3293 5386 sed
3331 5345 3531 5399 pravos

1949 5441 2198 5496 homines
2235 5436 2327 5507 qui
2354 5435 2408 5489 in
2438 5433 2572 5502 ipsis
2618 5439 2767 5485 sunt.
2814 5425 3082 5495 Tempora
3126 5424 3269 5478 enim
3306 5422 3445 5475 bona
3475 5427 3533 5475 et

1950 5532 2093 5586 mala
2118 5529 2355 5584 dicimus
2383 5526 2452 5579 ab
2488 5524 2571 5579 his
2596 5536 2714 5594 quze
2754 5519 2805 5572 in
2839 5517 2973 5588 ipsis
3003 5516 3353 5583 contingunt.
3381 5530 3398 5562 ι
3429 5510 3531 5566 Sui

1951 5631 2217 5677 annuales.
2262 5638 2280 5672 Iv
2315 5617 2439 5671 llaec
2470 5624 2554 5671 est
2593 5612 2744 5667 radix
2773 5610 3063 5669 malorum,
3096 5605 3211 5659 sola
3234 5619 3294 5659 ea
3326 5604 3531 5658 intueri

1952 5714 2190 5785 aliquem
2230 5728 2349 5783 quin
2382 5708 2449 5763 ad
2479 5724 2537 5761 se
2562 5710 2832 5776 spectant.
2866 5699 2969 5767 Qui
2996 5704 3175 5751 autem
3208 5696 3526 5765 huiusmodi

1951 5818 2099 5870 sunt,
2140 5806 2366 5861 fratrum
2416 5801 2768 5870 negligentes,
2821 5810 2940 5862 quze
2996 5805 3094 5846 sua
3132 5797 3259 5845 sunt
3289 5789 3524 5861 primum

1950 5900 2182 5970 psrduut
2219 5912 2281 5951 ac
2304 5896 2682 5960 corrumpunt.
2726 5906 2743 5938 ι
2778 5881 3050 5941 Fastuosi.
3089 5899 3107 5934 ι
3147 5880 3193 5935 Α
3231 5881 3314 5937 sui
3337 5893 3530 5936 amore
