3918 6570
466 354 574 424 223
1538 360 1937 423 (ECUMENII
1974 358 2054 419 Τί

2159 358 2266 419 ΟκίΕ
2310 355 2648 418 EPISCOPI
3616 345 3726 412 221

471 475 702 532 avaritia
740 478 922 533 oritur
954 497 968 535 :
1004 481 1165 550 huius
1203 485 1384 533 autem
1424 476 1569 533 fetus
1613 485 1742 533 sunt
1792 476 1968 532 fastus
2006 484 2054 531 et

2163 473 2504 543 γεννήματα,
2533 469 2827 533 ἀλαζονεία
2855 471 2950 526 καὶ
2981 467 3350 544 ὑπερηφανία,
3370 462 3496 521 εἶτα
3514 466 3596 521 ἐκ
3617 467 3751 521 τοὺ-

472 569 751 635 superbia,
784 568 981 624 deinde
1016 587 1082 626 ex
1128 572 1216 627 his
1251 571 1590 641 blaSphcmia
1631 588 1647 625 :
1688 579 1880 626 mutuo
1909 570 2054 625 enim

2165 581 2277 617 των
2314 566 2347 634 ἡ
2386 563 2731 634 βλασφημία.
2777 563 3054 634 Ἀλλήλων
3102 563 3208 633 γὰρ
3252 561 3437 632 ἔχεται
3468 560 3535 613 τὰ
3573 560 3747 621 κακὲ,

472 661 577 716 sibi
615 661 822 715 haerent
848 662 989 715 mala
1016 662 1162 717 sicut
1198 670 1254 717 et
1296 663 1438 716 bona
1476 678 1577 717 :ex
1614 662 1884 716 charitate
1910 661 2057 715 enim

472 750 636 821 272
675 751 918 820 procedit
966 767 1132 806 omne
1175 752 1403 805 bonum.
1442 771 1461 803 ι
1495 751 1823 807 Parentibus
1861 751 2059 806 immo-

472 842 663 911 rigeri.
700 861 718 894 ι
746 840 907 896 Novit
930 842 1077 897 enim
1116 843 1290 899 fastus
1321 844 1485 899 etiam
1513 844 1782 900 adversus
1807 851 2057 898 naturam

472 932 677 989 ell’erri.
710 950 730 985 ι
767 931 993 1004 Ingrati.
1061 954 1079 985 ι
1110 934 1270 989 Avari
1295 933 1460 988 etiam
1511 943 1638 989 sunt
1668 934 1889 1003 ingrati.
1922 932 2058 988 Nam

475 1034 608 1080 tunc
640 1027 818 1081 solum
862 1026 1067 1097 gratias
1118 1035 1309 1096 agunt,
1344 1026 1564 1096 quando
1605 1040 1792 1080 eorum
1853 1041 2060 1081 concu-

473 1117 802 1189 piscentiam
833 1119 1201 1188 impleverint,
1239 1133 1517 1185 nunquam
1556 1125 1736 1171 autem
1777 1116 1834 1171 lit
1865 1124 1924 1170 ut
1956 1116 2059 1186 ipsi

477 1210 768 1263 satientur.
795 1207 898 1274 Qui
937 1224 1066 1263 vero
1092 1209 1218 1264 talis
1251 1216 1334 1263 est
1360 1209 1526 1263 etiam
1563 1208 1764 1278 impius
1797 1217 1901 1263 est.
1926 1207 2058 1262 Nam

475 1301 568 1369 qui
619 1300 953 1356 benefactori
1003 1300 1113 1356 Deo
1155 1302 1383 1373 gratiam
1420 1317 1525 1355 non
1573 1301 1757 1365 habet,
1787 1302 2063 1371 quomodo

475 1394 601 1449 aliis
633 1394 864 1464 gratiam
901 1394 1142 1449 referet?
1178 1413 1196 1446 r
1238 1393 1458 1447 Amoris
1491 1393 1689 1448 all‘ectu
1733 1402 2004 1449 carentes.
2037 1413 2057 1447 ι

475 1482 590 1537 Hoc
616 1492 698 1538 est
735 1484 855 1540 sine
885 1499 1071 1540 amore
1103 1484 1433 1540 exsistentes
1465 1499 1592 1555 erga
1629 1499 1781 1540 suos.
1823 1502 1842 1536 ι
1879 1483 2061 1538 Nescii

476 1570 704 1626 hederis
739 1590 752 1626 :
786 1591 804 1623 ι
845 1572 978 1627 nulli
1014 1573 1286 1628 foederati.
1325 1593 1343 1626 ι
1382 1574 1823 1630 Calumniatores
1854 1591 1868 1628 :
1899 1593 1918 1627 ι
1948 1589 2063 1628 ma-

476 1662 658 1717 ledici.
709 1663 843 1717 Nam
896 1664 991 1734 qui
1034 1665 1138 1721 sibi
1193 1667 1398 1722 nullius
1447 1667 1576 1722 boni
1644 1667 1900 1723 conscius
1953 1676 2060 1733 est,

475 1754 735 1809 omnibus
764 1756 1044 1812 maledicit
1071 1773 1135 1813 ac
1163 1759 1426 1822 detrahit,
1457 1760 1674 1830 sibiipsi
1706 1760 1759 1815 in
1796 1761 1898 1816 hoc
1927 1775 2062 1815 con-

474 1843 800 1901 solutionem
852 1846 1093 1917 aliquam
1127 1849 1436 1906 inveniens.
1475 1868 1494 1903 ι
1528 1850 1992 1921 Intemperantes:
2033 1871 2053 1906 ι

475 1952 673 2007 nempe
720 1939 813 2008 qui
870 1939 1114 2012 linguam
1163 1950 1521 2013 ventremque
1557 1951 1613 1998 et
1660 1960 1721 1999 ea
1778 1960 1900 2014 qua:
1955 1945 2059 2000 sub

474 2038 666 2086 ventre
700 2039 829 2086 sunt
867 2048 973 2087 non
1012 2034 1319 2091 continent.
1358 2054 1377 2087 r
1424 2035 1687 2091 Immites.
1737 2055 1755 2089 ι
1790 2036 2059 2094 Crudeles

474 2117 881 2188 quodammodo
902 2130 957 2177 et
978 2123 1284 2180 inhumani.
1311 2144 1331 2178 ι
1357 2124 1703 2195 Ncgligentcs
1718 2128 2007 2183 bonorum.
2034 2148 2054 2181 ι

470 2209 580 2264 Aut
609 2210 964 2281 ἀφιλάγαθοι,
1005 2215 1212 2270 inimici
1242 2219 1420 2271 omnis
1445 2217 1594 2272 boni.
1622 2237 1643 2270 ι
1672 2217 2010 2286 Proditores,
2034 2239 2053 2274 ι

471 2300 727 2356 amicitiae
781 2311 834 2357 ct
879 2304 1210 2362 sodalitatis.
1259 2326 1279 2360 ι
1334 2306 1687 2380 Praecipites,
1726 2328 1746 2362 ι
1810 2309 1915 2366 hoc
1952 2317 2058 2379 est,

469 2395 747 2448 temerarii
792 2405 847 2451 et
874 2397 1008 2451 nihil
1061 2398 1260 2455 stabile
1318 2398 1606 2459 habentes.
1651 2420 1670 2453 ι
1703 2402 1905 2470 lnilati,
1940 2422 1959 2457 ι
2006 2406 2059 2461 id

469 2492 574 2543 est.
610 2487 924 2557 arrogantia
961 2488 1127 2557 pleni.
1162 2506 1181 2541 r
1210 2488 1563 2559 Voluptatum
1594 2501 1845 2549 amantes
1877 2496 2060 2565 potius

470 2589 634 2643 quam
684 2577 799 2631 Dei.
854 2595 873 2630 ι
927 2577 1345 2636 Commutautes
1406 2581 1652 2637 divinum
1702 2598 1945 2640 amorem
2004 2587 2059 2642 in

469 2671 710 2734 turpem.
741 2666 861 2738 Ipsa
884 2666 1015 2725 vero
1037 2672 1260 2741 pietatis
1288 2673 1460 2730 forma
1491 2683 1545 2729 et
1574 2675 1888 2747 hypocritas
1910 2677 2061 2745 ipsos

471 2758 696 2814 exhibet
721 2770 774 2816 et
793 2763 1135 2820 seductores.
1169 2784 1188 2818 ι
1215 2764 1489 2824 Habentes
1514 2767 1745 2825 formam
1775 2770 2010 2840 pietatis.
2035 2790 2055 2824 ι

471 2849 552 2908 Ex
582 2850 668 2908 his
699 2869 820 2923 qua:
864 2856 1187 2925 loquuntur,
1217 2859 1437 2929 pietatis
1485 2860 1726 2917 cultores
1762 2861 2059 2920 videntur:

472 2955 537 2996 ex
568 2942 652 2998 his
689 2953 872 2999 autem
907 2960 1027 3013 quae
1053 2957 1376 3015 Operautur,
1417 2951 1680 3005 contrarii
1716 2952 2062 3010 sermonibus

470 3034 1405 3095 etinveniunturetconvincuntur.
1434 3061 1453 3094 ι
1482 3041 1548 3095 Ει
1588 3041 1688 3098 hos
1721 3057 1997 3098 aversare.
2033 3063 2052 3096 ι

2087 1812 2135 1872 Β

2160 653 2351 725 ὥσπερ
2397 653 2492 707 καὶ
2540 653 2608 705 τὰ
2636 652 2797 708 καλά.
2833 654 2927 707 Ἐκ
2955 653 3065 724 γὰρ
3091 652 3333 722 ἀγάπης,
3366 651 3513 705 ἅπαν
3566 651 3752 704 τίκτε-

2160 762 2253 798 ται
2291 744 2478 797 καλόν.
2522 761 2541 794 ι
2576 742 2831 796 Γονεῦσιν
2859 743 3126 807 ἀπειθεῖς.
3155 762 3175 796 ι
3212 738 3336 797 Οἷδε
3364 740 3476 812 γὰρ
3524 742 3557 811 ή
3612 741 3751 795 ἀλα-

2163 837 2363 902 ζονεία.
2400 837 2495 890 καὶ
2523 836 2667 889 κατὰ
2701 835 2803 904 τῆς
2838 836 3054 905 φύσεως
3090 835 3496 901 ἐξανίστασθαι.
3535 854 3553 887 r
3582 833 3752 904 Ἀχά-

2168 944 2360 997 ριστοι.
2398 945 2419 978 ι
2469 928 2534 981 Ol
2588 928 2919 999 φιλάργυροι
2965 928 3063 982 καὶ
3099 928 3407 998 ἀχάριστοι.
3453 927 3588 980 Τότε
3632 927 3751 997 γὰρ

2163 1017 2546 1090 εὐχαριστοῦσι
2616 1019 2799 1088 μόνον,
2834 1020 2964 1073 ὅταν
3018 1018 3201 1073 αὐτῶν
3259 1019 3595 1090 πληρώσωσι
3642 1019 3750 1091 τὴν

2162 1110 2479 1181 ἐπιθυμίαν,
2528 1112 2668 1182 ὅπερ
2695 1112 2950 1165 οὐδέποτε
2989 1111 3139 1165 ἔστιν
3169 1111 3366 1175 αὐτοὺς
3389 1111 3748 1181 κορεσθῆναι.

2178 1201 2236 1255 '0
2264 1202 2319 1255 δὲ
2352 1203 2592 1267 τοιοῦτος
2618 1245 2631 1264 ,
2669 1205 2764 1256 καὶ
2792 1204 3031 1268 ἀνόσιος.
3075 1205 3134 1257 '0
3183 1203 3294 1275 γάρ
3338 1204 3418 1274 τῷ
3477 1204 3752 1277 εὐεργέτῃ

2156 1293 2282 1364 »Θεῷ
2328 1294 2490 1364 χάριν
2529 1295 2627 1349 οὐκ
2657 1294 2834 1358 εἰδὼς,
2887 1296 3006 1358 πῶς
3057 1296 3267 1366 ἑτέροις
3310 1295 3519 1349 εἵσεται
3548 1296 3747 1366 χάριν;

2170 1404 2191 1439 ι
2230 1389 2543 1458 Ἀστοργοι.
2594 1407 2612 1441 ι
2675 1382 2803 1441 Οἷον
2857 1387 3040 1457 ἄφιλοι
3103 1388 3240 1461 πρὸς
3300 1390 3429 1451 τοὺς
3486 1390 3749 1452 οίκείους.

2169 1499 2188 1532 r
2204 1481 2514 1534 Ἀσπονδοι.
2528 1499 2547 1533 ι
2581 1481 2743 1551 Δηλοῖ
2761 1481 2952 1552 μηδενὶ
2970 1481 3387 1551 σπενδομένους.
3408 1481 3708 1537 «Διάϐολοι.
3723 1501 3743 1534 ι

2165 1565 2291 1626 Οἷον
2335 1573 2664 1643 κακήγοροι.
2716 1573 2775 1625 Ὀ
2806 1571 2916 1642 γὰρ
2949 1571 3116 1642 μηδὲν
3157 1571 3364 1640 ἀγαθὸν
3392 1572 3574 1644 ἑαυτῷ
3614 1590 3747 1626 συν-

2165 1662 2345 1727 ειδὼς,
2400 1665 2611 1726 πάντας
2655 1663 2953 1729 διαϐάλλει,
3001 1662 3181 1733 ἑαυτῷ
3228 1680 3353 1717 τινα
3389 1665 3753 1737 παραμυθίαν

2164 1753 2419 1807 ἐπινοῶν.
2453 1772 2471 1805 ι
2519 1753 2824 1825 Ἀκρατείς.
2862 1774 2882 1807 ι
2919 1755 3201 1821 Τουτέστι,
3230 1756 3485 1828 γλώσσης
3514 1756 3609 1811 καὶ
3637 1775 3752 1826 γα-

2165 1849 2326 1921 στρὸς
2380 1849 2474 1902 καὶ
2521 1850 2631 1903 τῶν
2690 1849 2798 1904 ὑπὸ
2830 1849 3057 1920 ταύτην.
3095 1867 3115 1902 ι
3162 1850 3477 1921 Ἀνήμεροι.
3515 1870 3534 1902 ι
3589 1852 3752 1923 Ὠμοί

2161 1958 2305 2005 τινες
2335 1941 2430 1994 καὶ
2463 1942 2847 2012 ἀπάνθρωποι.
2883 1960 2902 1994 ι
2939 1943 3313 2012 Ἀφιλάγαθοι.
3351 1961 3370 1995 ι
3423 1941 3751 2008 Τουτέστιν,

2162 2032 2349 2104 ἐχθροὶ
2394 2034 2597 2096 παντὸς
2652 2033 2884 2103 ἀγαθοῦ.
2944 2054 2962 2086 ι
2994 2034 3286 2105 Προδόται.
3320 2054 3339 2088 ι
3399 2035 3588 2100 Φιλίας
3649 2037 3756 2091 καὶ¹

2161 2123 2455 2196 ἑταιρείας.
2490 2141 2511 2176 ι
2552 2123 2870 2194 Προπετεῐς.
2894 2141 2913 2175 ι
2949 2116 3078 2177 Οῖον
3101 2123 3347 2194 θρασεῖς,
3385 2125 3541 2178 οὐδὲν
3575 2125 3754 2197 βεϐη-

2162 2215 2259 2280 κὸς
2294 2215 2530 2286 ἔχοντες.
2560 2233 2580 2267 ι
2620 2215 3030 2284 Τετυφωμένοι.
3067 2234 3087 2267 ι
3126 2210 3255 2269 Οἷον
3299 2216 3564 2279 ἀπονοίας
3601 2218 3753 2288 πλή-

2165 2325 2306 2380 ρεις.
2344 2326 2363 2360 ι
2394 2306 2671 2377 Φιλήδονοι
2712 2306 2808 2361 καὶ
2835 2307 2896 2361 οὐ
2933 2305 3193 2377 φιλόθεοι.
3238 2323 3257 2359 ι
3296 2307 3361 2359 Οἱ
3412 2305 3756 2362 ἀντικαταλ-

2161 2400 2488 2472 λασσόμενοι
2542 2398 2638 2453 τοῦ
2695 2398 2841 2453 θείου
2877 2397 3048 2455 πόθου
3087 2396 3151 2451 τδ
3194 2397 3439 2468 αἰσχρόν.
3482 2398 3549 2452 Ἦ
3581 2398 3642 2452 δέ
3683 2415 3756 2468 γε

2167 2495 2452 2564 μόρφωσις
2481 2492 2582 2563 τῆς
2608 2490 2915 2557 εὐσεϐείας.
2934 2491 3030 2546 καὶ
3052 2490 3359 2562 ὑποκριτὰς
3388 2490 3483 2545 καὶ
3508 2490 3759 2556 πλάνους

2164 2585 2369 2649 αὐτοὺς
2427 2583 2809 2657 παρατίθεται.
2881 2602 2900 2636 ι
2934 2583 3191 2655 Ἔχοντες
3251 2583 3536 2654 μόρφωσιν
3592 2585 3760 2639 εὐσε-

2163 2676 2339 2741 ϐείας.
2382 2696 2401 2729 ι
2454 2677 2547 2743 Ἐξ
2582 2669 2659 2732 ὧν
2692 2677 2973 2745 λέγουσιν,
3028 2675 3274 2739 εὑσεδεῖς
3300 2677 3461 2743 εἰσιν,
3501 2676 3561 2743 ἐξ
3584 2671 3662 2730 ὧν
3689 2678 3758 2732 δὲ

2164 2770 2519 2841 πράττουσιν,
2572 2769 2808 2825 ἐναντίοι
2863 2768 2974 2823 τῶν
3019 2768 3195 2838 λόγων
3243 2767 3589 2839 εὑρίσκονται
3651 2769 3761 2824 καὶ

2164 2863 2500 2934 ἐλέγχονται.
2540 2882 2560 2916 ι
2604 2862 2718 2917 Καὶ
2746 2861 2972 2926 τούτους
3005 2860 3342 2932 ἀποτρέπου.
3388 2877 3409 2913 s
3460 2858 3550 2925 Ὠς
3591 2861 3759 2915 ἑκεί-

2164 2974 2309 3023 νηυς,
2371 2958 2503 3028 περὶ
2561 2950 2639 3011 ὧν
2687 2956 2801 3010 ἄνω
2830 2954 3079 3023 διεξῆλθε
3139 2953 3363 3024 μᾶλλον.
3399 2954 3654 3025 Τιμοθέῳ
3689 2955 3760 3009 δὲ

2165 3048 2417 3118 γράφων,
2473 3049 2587 3111 τοῖς
2657 3046 2797 3116 μετὰ
2846 3045 3114 3116 Τιμόθεον
3178 3045 3567 3116 συμϐουλεύει,
3609 3050 3763 3101 ἀπο-

471 3128 942 3194 Quemadmodum
983 3140 1036 3187 et
1068 3133 1192 3188 illos
1236 3135 1302 3189 de
1347 3136 1546 3205 quibus
1587 3136 1844 3206 superius
1895 3137 2054 3192 latius

2163 3139 2460 3212 τρέπεσθαι
2513 3139 2641 3201 τοὺς
2670 3136 2971 3200 τοιούτους.
3021 3137 3096 3189 Οὐ
3154 3136 3266 3207 γὰρ
3309 3135 3377 3189 ἂν
3429 3130 3586 3199 οὗτος
3647 3137 3761 3199 τὰς

470 3219 755 3278 disseruit.
798 3223 1058 3280 Scribens
1104 3234 1287 3282 autem
1324 3226 1636 3292 Timotheo,
1664 3229 1751 3283 his
1789 3229 1882 3298 qui
1931 3241 2054 3299 post

2162 3229 2395 3300 ἐσχάτας
2429 3228 2645 3300 ἡμέρας
2685 3225 2832 3300 εἶχεν
2873 3226 3181 3297 ὲπιφθάσαι
3205 3265 3221 3290 ,
3271 3226 3408 3280 ἀλλὰ
3450 3227 3548 3289 τὰς
3579 3226 3760 3291 εὐθὺς

472 3311 823 3371 Timotheum
878 3316 1045 3371 futuri
1079 3327 1257 3398 erant,
1288 3321 1585 3385 consuluit,
1628 3331 1686 3374 ut
1727 3322 1864 3377 tales
1898 3336 2054 3376 aver-

2166 3320 2305 3389 μετὰ
2353 3318 2452 3390 τὴν
2482 3318 2696 3373 Παύλου
2751 3317 3032 3390 τελευτὴν,
3070 3317 3128 3368 ὲν
3155 3312 3244 3380 αἶς
3285 3321 3556 3389 περιεῖναι
3596 3317 3682 3371 ἔτι
3725 3319 3760 3372 δ

473 3415 750 3462 sareutur.
781 3409 969 3479 Neque
999 3410 1143 3466 enim
1190 3412 1365 3482 potuit
1398 3413 1487 3468 hic
1518 3414 1584 3468 ad
1635 3424 1912 3469 extremos
1936 3415 2054 3471 dies

2163 3412 2430 3482 Τιμόθεος
2460 3410 2710 3480 ἔμελλεν.

470 3503 781 3571 pertingere
820 3518 835 3555 :
879 3502 977 3557 sed
1026 3518 1123 3559 eos
1171 3520 1467 3575 possumus
1521 3507 1686 3561 etiam
1739 3507 2047 3578 intelligere
2085 3506 2195 3562 dici
2229 3513 2528 3571 extremos,
2580 3504 2673 3576 qui
2764 3505 2917 3561 Pauli
2975 3508 3256 3564 interitum
3293 3506 3478 3563 statim
3556 3516 3760 3567 essent

470 3594 734 3655 secuturi,
766 3592 821 3646 in
862 3593 1060 3661 quibus
1089 3595 1410 3652 Timotheus
1455 3597 1633 3654 adhuc
1661 3613 1942 3669 superstes
1973 3597 2192 3653 futurus
2216 3605 2357 3653 erat.

538 3687 629 3751 Ill,
671 3686 790 3741 6-9.
830 3687 913 3742 Ea:
961 3688 1042 3744 liis
1075 3690 1216 3745 enim
1261 3702 1381 3746 sunt
1423 3694 1512 3764 qui
1546 3694 1768 3749 subeunt
1798 3696 1853 3749 in
1889 3694 2054 3765 fami~

2243 3694 2346 3747 Ἐκ
2373 3694 2602 3748 τούτων
2630 3692 2743 3763 γάρ
2778 3695 2939 3747 εἰσιν
2988 3698 3041 3749 οἱ
3080 3694 3443 3762 ἐνδύνοντες
3495 3697 3586 3762 είς
3637 3696 3760 3766 τὰς

468 3780 592 3845 lias,
624 3792 671 3835 et
714 3783 948 3851 captivas
977 3782 1177 3837 ducunt
1210 3784 1552 3840 mulierculas
1588 3798 1840 3843 oneratas
1870 3804 2054 3856 pecca-

2159 3786 2400 3854 οίκείας,
2436 3786 2534 3840 καί
2572 3785 3107 3856 αίχμαλωτίζοντες
3148 3788 3507 3856 γυναικάρια
3550 3803 3760 3845 σεσιω-

471 3872 559 3935 tis,
618 3889 735 3941 qua
786 3873 1055 3928 ducuntur
1097 3879 1537 3944 concupiscentiis
1592 3881 1752 3935 rariis
1798 3896 1817 3933 :
1855 3896 2054 3950 semper

2159 3878 2411 3949 ρευμένα
2468 3880 2805 3948 ἁμαρτίαις,
2849 3880 3114 3949 ἀγόμενα
3152 3880 3498 3949 ἐπιθυμίαις
3545 3885 3757 3937 ποικί-

467 3962 748 4030 disccntes,
790 3981 884 4019 uec
914 3982 1143 4037 unquam
1173 3969 1242 4021 ad
1280 3972 1628 4039 cognitionem
1668 3974 1909 4028 veritatis
1957 3991 2047 4030 ve-

2159 3972 2314 4036 λαις,
2370 3969 2633 4025 πάντοτε
2676 3970 3085 4039 μανθάνοντα,
3145 3972 3245 4027 καὶ
3287 3971 3596 4040 μηδέποτε
3653 3976 3755 4041 εις

468 4056 582 4109 nire
607 4056 852 4113 valentes.
878 4059 1334 4126 Quemadmodum
1359 4064 1497 4117 enim
1516 4062 1714 4119 luntres
1735 4077 1785 4120 et
1804 4064 2051 4122 Jambres

2159 4063 2489 4134 ἐπίγνωσιν
2515 4066 2802 4132 ἀληθείας
2849 4065 3051 4120 ἐλθεῖν
3075 4065 3404 4136 δυνάμενα.
3444 4069 3553 4120 Ὃν
3607 4071 3755 4136 τρό-

470 4149 790 4203 resistebant
838 4150 998 4217 Mosi,
1039 4153 1114 4206 ita
1162 4163 1211 4208 et
1256 4154 1312 4208 hi
1360 4156 1613 4209 resistunt
1659 4158 1869 4211 veritati
1904 4172 1923 4211 :
1954 4158 2051 4212 Ιιο-

2159 4174 2278 4214 πον
2302 4159 2371 4213 δὲ
2407 4159 2639 4227 Ἰαννῆς
2669 4161 2767 4214 καὶ
2806 4160 3085 4230 Ἰαμϐρῆς
3109 4160 3501 4230 ἀντέστησαν
3519 4161 3753 4233 Μωσῇ,

467 4242 632 4296 mines
663 4252 829 4297 mente
858 4246 1114 4313 corrupti,
1148 4248 1356 4313 reprobi
1398 4249 1541 4301 circa
1600 4249 1782 4317 ﬁdem,
1817 4252 1906 4304 sed
1942 4268 2047 4307 non

2159 4251 2345 4318 οὕτως
2383 4251 2484 4305 καὶ
2504 4247 2669 4308 οὗτοι
2691 4251 3083 4307 ἀνθίστανται
3110 4252 3187 4322 τῇ
3211 4254 3482 4323 ἀληθείᾳ,
3511 4255 3749 4325 ἀνθρω-

463 4335 738 4403 proﬁcient
764 4335 1013 4401 amplius.
1034 4336 1307 4407 Siquidem
1332 4340 1565 4392 amentia
1585 4341 1821 4407 ipsorum
1837 4341 2045 4397 evidens

2159 4361 2261 4398 ποι
2289 4343 2758 4413 κατεφθαρμένοι
2801 4344 2910 4398 τὸν
2934 4344 3107 4411 νοῦν,
3131 4346 3403 4415 ἀδόκιμοι
3452 4351 3587 4416 περὶ
3624 4349 3758 4417 τὴν

464 4426 564 4487 erit
596 4426 862 4491 omnibus,
894 4430 1029 4483 sicut
1056 4441 1104 4484 et
1134 4429 1353 4484 illorum
1385 4430 1510 4501 fuit.

2159 4435 2382 4488 πίστιν.
2403 4436 2567 4489 Ἀλλ’
2596 4437 2667 4489 οὐ
2704 4437 3131 4505 προκόψουσιν
3166 4437 3263 4490 ἐπὶ
3295 4439 3608 4496 dulcior-.11
3631 4443 3756 4513 γπὰρ

2077 4515 2124 4570 Ῑ)
2149 4525 2323 4580 ἄνοια
2376 4526 2578 4581 αὐτῶν
2627 4527 2891 4598 ἔκδηλος
2940 4529 3115 4584 ἔσται
3159 4528 3375 4598 πᾶσιν,
3433 4532 3515 4600 ὡς
3556 4535 3664 4588 καὶ
3708 4539 3750 4607 ἡ

532 4705 923 4764 Animadverte
984 4711 1261 4779 quomodo
1318 4720 1591 4767 secretum
1641 4727 1831 4767 eorum
1886 4713 2047 4783 273

463 4813 511 4853 et
543 4801 931 4869 impudentiam
960 4802 1287 4857 insidiarum
1318 4801 1772 4867 rnanil‘estaverit,
1809 4802 2001 4859 diccns
2031 4823 2045 4859 :

468 4909 489 4943 ι
528 4889 629 4957 Qui
656 4891 895 4946 subeunt
924 4900 978 4947 et
1006 4892 1253 4961 captivas
1279 4890 1489 4945 ducunt
1520 4891 1882 4947 mulierculas
1915 4906 2049 4948 one-

465 4990 614 5036 ratas
646 4983 906 5052 peccatis.
952 5001 971 5034 ι
1012 4981 1178 5038 Vides
1231 4996 1326 5037 eos
1368 4979 1559 5035 fraude
1614 4981 1694 5035 uti
1750 4983 2048 5053 serpentis,

463 5088 569 5142 qua
614 5072 704 5128 ille
737 5072 1006 5129 adversus
1037 5071 1209 5127 Adam
1235 5087 1371 5128 usus
1401 5072 1530 5128 est?
1559 5070 1872 5129 Verisimile
1899 5075 2045 5129 enim

458 5175 577 5221 erat
622 5174 677 5222 et
729 5168 830 5221 hos
886 5182 981 5237 per
1036 5166 1297 5221 mulieres
1345 5165 1511 5220 etiam
1569 5166 1717 5221 viros
1754 5165 2043 5222 seducere.

462 5259 663 5316 Dicens
694 5268 875 5315 autem
911 5278 924 5315 :
956 5258 1331 5325 Mulierculas,
1364 5259 1545 5313 solum
1586 5258 1764 5313 innuit
1807 5256 2046 5314 facilita-

459 5360 567 5407 tem
591 5352 656 5407 ad
685 5352 1084 5422 deceptionem.
1111 5350 1216 5418 Qui
1240 5365 1371 5423 ergo
1397 5350 1704 5413 seducitur,
1730 5366 2044 5421 quanquam

456 5444 504 5499 is
534 5444 698 5500 fuerit
721 5444 824 5507 vir,
858 5442 993 5498 nihil
1032 5444 1085 5498 in
1124 5443 1231 5497 hoc
1268 5459 1297 5497 a
1340 5443 1569 5500 muliere
1611 5443 1814 5511 diﬂcrt,
1852 5460 1953 5501 uec
1980 5460 2043 5500 ea

458 5535 814 5607 praestantior
857 5544 967 5589 est.
999 5534 1156 5601 Quod
1188 5548 1319 5591 vero
1351 5535 1535 5590 subdit
1568 5553 1580 5589 :
1611 5535 1880 5592 Oneratas
1910 5552 2042 5607 pec-

461 5629 623 5696 catis,
661 5627 1071 5682 multitudinem
1102 5626 1354 5698 designat
1392 5642 1455 5682 ac
1503 5629 1881 5683 confusionem
1910 5644 2043 5699 pec-

465 5727 733 5774 catorum.
758 5717 877 5774 Non
905 5720 1053 5776 enim
1073 5720 1506 5790 qualescunque,
1548 5720 1747 5789 inquit,
1778 5720 2044 5776 seducunt

468 5812 721 5873 mulieres
741 5812 886 5885 (nam
913 5823 1041 5869 sunt
1064 5820 1117 5871 ct
1136 5813 1391 5869 mulieres
1415 5813 1586 5868 virilis
1607 5821 1832 5881 naturae,
1855 5829 2045 5885 quem-

2153 4615 2405 4670 ἐκείνων
2427 4615 2686 4687 ἐγένετο.

2140 4706 2149 4715 ’
2223 4707 2367 4779 Ὀρα
2420 4707 2537 4771 πῶς
2573 4709 2636 4762 τὸ
2692 4709 2954 4780 λαθραῖον
2997 4712 3182 4767 αυτῶν
3232 4713 3327 4768 καὶ
3376 4715 3751 4797 ἀναίσχυντον

2148 4802 2252 4870 τῆς
2285 4800 2583 4873 ἐπιϐουλῆς
2618 4802 2857 4873 ἐδήλωσε
2900 4804 2989 4859 διὰ
3017 4805 3111 4859 τοῦ
3134 4846 3148 4871 ,
3191 4824 3210 4858 ι
3247 4808 3605 4874 Είσδύνοντες
3641 4814 3752 4867 καὶ

2151 4892 2648 4963 αἰχμαλωτίζοντες
2703 4896 3038 4968 γυναικάρια
3095 4902 3486 4971 σεσωρευμένα
3547 4903 3750 4976 ἁμαρ-

2149 4982 2316 5047 τίαις.
2360 5001 2380 5035 ι
2429 4982 2593 5056 Ὁρᾷς
2628 4984 2831 5049 αὐτοὺς
2858 4988 2926 5058 τῇ
2957 4985 3051 5042 τοῦ
3085 4988 3267 5058 ὄφεως
3295 4992 3481 5064 ἀπάτῃ
3527 5010 3745 5066 κεχρη-

2154 5075 2373 5144 μένους,
2406 5068 2441 5149 ﬁ
2468 5075 2612 5130 κατὰ
2635 5077 2731 5130 τοῦ
2774 5077 2945 5149 Ἀδὰμ
2974 5079 3250 5151 ἐχρήσατο
3277 5097 3293 5147 ;
3325 5083 3488 5148 Εἰκὸς
3513 5084 3629 5155 γὰρ
3669 5082 3751 5159 ἦν

2147 5166 2242 5220 καὶ
2274 5166 2503 5230 τούτους
2554 5165 2645 5221 διὰ
2704 5168 2816 5223 τῶν
2866 5172 3166 5238 γυναικῶν,
3227 5175 3323 5227 καὶ
3369 5176 3497 5239 τοὺς
3526 5176 3751 5249 ἄνδρας

2148 5258 2394 5329 ἀπατᾷν,
2442 5258 2781 5332 Γυναικάρια
2832 5259 2891 5313 δὲ
2924 5262 3117 5326 εἰπὼν,
3160 5263 3329 5336 μόνον
3365 5266 3427 5320 τὸ
3456 5268 3748 5336 εὐεξαπά-

2148 5365 2313 5419 τητον
2349 5346 2593 5419 ᾐνίξατο.
2634 5349 2693 5403 ὐ
2721 5351 2905 5405 τοίνυν
2931 5352 3319 5425 ἀπατώμενος,
3352 5358 3459 5412 κᾶν
3487 5361 3637 5433 ἀνὴρ
3678 5360 3743 5437 ᾖ,

2147 5439 2300 5493 οὐδὲν
2328 5439 2574 5511 διαφέρει
2619 5443 2761 5496 κατὰ
2809 5444 2987 5510 τοῦτο,
3019 5448 3302 5513 γυναικός.
3338 5450 3411 5504 Τὸ
3436 5449 3514 5515 δὲ,
3547 5452 3747 5511 Σεσω-

2153 5530 2393 5603 ρευμένα
2432 5533 2758 5606 ἁμαρτίαις,
2792 5535 2855 5589 τὸ
2886 5536 3095 5605 πλῆθος
3134 5540 3290 5610 δηλοῖ
3324 5542 3443 5597 καὶ·
3466 5543 3571 5614 τὴν
3599 5546 3750 5618 σύγ-

2148 5641 2308 5695 χυσιν
2331 5625 2444 5680 τῶν
2474 5626 2781 5698 ἁμαρτιῶν.
2800 5629 2874 5682 Οὐ
2896 5628 3006 5702 γὰρ
3038 5631 3246 5701 ἁπλῶς,
3274 5636 3433 5707 φησὶ,
3459 5641 3748 5706 γυναῖκας

2149 5718 2437 5774 ἀπατῶσιν
2495 5720 2624 5792 (eici.
2653 5720 2763 5794 γὰρ
2793 5724 2890 5777 καὶ
2918 5728 3179 5793 γυναῖκες
3201 5728 3458 5800 ἀνδρείας
3487 5732 3743 5804 φύσεως,

2151 5811 2342 5887 ὥσπερ
2378 5814 2472 5871 καὶ
2512 5814 2702 5887 ἄνδρες
2753 5819 3115 5891 γυναικείας),
3161 5822 3298 5880 ἀλλὰ
3341 5825 3409 5879 τά
3452 5842 3743 5900 σεσωριυ-
