3988 6580
199 395 293 458 225
1087 393 1473 458 COMMENT.
1505 393 1587 456 IN
1621 394 1756 455 EPI.

1909 394 1968 453 II
2013 396 2112 454 ΑΙ)
2141 393 2458 455 ΤΙΜΟΤΗ.

3341 399 3448 462 2-2-6

194 507 316 577 μένα
347 499 662 574 ἀμάρτῖαις.
707 503 858 558 ἔνθεν
889 503 998 576 γὰρ
1029 507 1221 570 αὐταῖς
1249 507 1342 560 καὶ
1367 507 1435 560 τὰ
1462 506 1564 576 τῆς
1597 507 1743 561 and.

1867 502 2142 558 tdtnodum
2200 515 2328 558 sunt
2392 512 2446 558 et
2493 503 2592 557 viri
2664 504 3005 578 muliebres),
3055 509 3148 564 sed
3201 525 3294 566 eas
3332 528 3453 583 ῳιιε

191 617 294 666 της.
341 616 360 648 ι
411 597 685 667 Ἀγὸμενα
716 598 1059 668 ἐπιθυμίαις.
1095 617 1113 646 ι
1153 601 1229 652 Οὐ
1262 602 1360 668 τῆς
1387 601 1602 668 φύσεως
1629 619 1755 654 κατ-

192 688 464 759 ηγόρησεν,
497 688 636 742 ἀλλὰ.
685 689 784 758 τῆς
817 689 1032 742 τοιᾶσδε
1060 690 1344 756 γυναικός.
1389 691 1654 744 Ἐνταῦθα
1695 692 1752 746 δὲ

192 781 374 844 πολλὰς
405 781 633 852 ᾐνίξατο
663 782 983 852 ἐπιθυμίας,
1036 783 1357 852 σωματικάς
1383 801 1439 836 τε
1471 785 1562 836 καὶ
1593 784 1755 855 ψυχι-

191 873 294 936 κάς.
329 874 470 942 Ὅρα
520 874 576 927 δὲ
634 875 729 926 καὶ
782 875 865 933 τὸ,
912 873 1310 943 Ἀγόμενα,ὼς
1367 875 1460 927 ἐπὶ
1515 875 1750 944 ἀλόγων.

195 966 470 1018 «Πάντοτε
505 967 875 1034 μανθάνοντα.
911 985 928 1018 ι
981 967 1055 1019 Οὐ
1113 967 1508 1034 συγγινώσκων
1568 969 1758 1031 αὐταῖς

151 1121 161 1128 _
190 1055 344 1108 ταῦτά
373 1071 566 1123 φησιν,
595 1055 730 1106 ἁ).λά
755 1058 848 1108 καὶ
882 1055 1086 1125 σφόδρα
1121 1056 1498 1126 μεμφόμενος.
1540 1059 1758 1129 Ἐπειδὴ

193 1147 282 1216 γὰρ
311 1149 510 1209 ἑαυτὰς
544 1146 862 1216 ἐσώρευσαν
903 1149 1224 1217 ἁμαρτίαις,
1255 1151 1528 1220 ἐπωρὼοη
1576 1151 1758 1205 αὐτῶν

197 1239 399 1302 εἰκότως
429 1242 459 1308 ἡ
488 1240 720 1292 διάνοια.
764 1260 782 1291 ι
828 1240 1029 1308 Ἰαννῆς
1075 1243 1166 1292 καὶ
1212 1243 1493 1313 Ἰαμβρῆς.
1547 1263 1564 1294 ι
1599 1240 1758 1299 Οὗτοι

192 1326 310 1399 ἦσαν
343 1331 393 1381 oi.
425 1331 518 1381 ἐπὶ
557 1329 652 1382 τοῦ
683 1327 884 1400 Φαραὼ
933 1329 1119 1398 μάγοι.
1177 1331 1300 1393 Πῶς
1328 1332 1384 1384 δὲ
1425 1335 1494 1386 τὰ
1519 1335 1760 1402 ὀνόματα

195 1424 349 1476 αὐτῶν
381 1419 493 1474 οἶδε
535 1424 635 1491 τῆς
669 1424 896 1492 Γραφῆς
931 1423 1002 1492 μὴ
1028 1423 1332 1492 levae-ang;
1367 1427 1554 1495 Φαμὲν
1591 1427 1671 1479 ὅτι
1703 1427 1760 1492 ἐξ

194 1517 425 1584 erg-iason
457 1516 838 1583 παραδόσεως,
879 1518 911 1587 ἡ
946 1519 1008 1568 ἐκ
1043 1517 1363 1584 Πνεῦματος
1416 1520 1573 1584 ἁγίου
1613 1520 1758 1581 εἰκὸς

190 1601 246 1674 ἦν
272 1605 472 1656 εἰδέναι
503 1606 596 1656 τὸν
632 1604 862 1659 Παῦλον.
903 1625 920 1656 ι
965 1607 1072 1658 Καὶ
1121 1603 1267 1660 οὗτοι
1303 1609 1650 1663 ἀνθίστανται
1693 1613 1757 1680 τῇ

193 1697 432 1767 ἀληθείᾳ.
475 1715 492 1747 ι
533 1697 610 1767 Τῇ
663 1697 892 1769 ἀληθινῇ
948 1698 1150 1756 πίστει.
1191 1719 1208 1750 ι
1266 1700 1407 1752 Ἀλλ’
1454 1701 1514 1754 οὐ
1561 1705 1761 1772 προκῖ-

191 1788 384 1855 ψουσιν,
431 1788 557 1839 Ἐπὶ
593 1787 775 1839 πλεῖον
833 1787 1111 1857 ἄνθρωποι
1169 1789 1613 1861 κατεφθαρμένοι
1667 1792 1758 1844 τὸν

1859 603 1990 650 sunt
2017 605 2231 649 onustae
2272 596 2540 664 peccatis.
2567 595 2706 651 Hinc
2757 600 2902 654 enim
2949 603 3084 672 ipsis
3111 606 3360 673 provenit
3391 616 3454 660 ut

1860 687 2215 742 seducuntur.
2247 707 2264 738 ι
2300 687 2433 753 Quae
2459 689 2740 742 ducuntur
2767 693 3255 762 concupiscentiis.
3283 715 3302 748 ι
3334 695 3454 751 Νοιι

1860 788 2118 834 naturam
2179 781 2485 845 accusavit,
2533 783 2626 837 sed
2679 782 2991 852 hujusmodi
3043 788 3322 844 mulieres.
3351 789 3454 844 llic

1862 883 2043 925 autem
2092 871 2294 926 multas
2333 871 2510 926 innuit
2556 875 3038 944 concupiscentias
3072 886 3127 932 et
3161 894 3190 930 a
3219 895 3453 950 corpore

1863 963 2247 1034 provenientes
2288 972 2342 1017 et
2386 963 2455 1017 ab
2501 965 2710 1018 animo.
2761 965 3063 1021 Considera
3111 983 3242 1022 vero
3290 971 3454 1024 etiam

1865 1055 1917 1110 id
1951 1056 2098 1125 quod
2132 1056 2199 1108 ait
2237 1075 2250 1110 :
2297 1056 2429 1122 Quae
2473 1057 2782 1122 ducuntur,
2835 1067 3094 1128 tanquam
3138 1060 3205 1114 de
3238 1061 3458 1116 irratio-

1863 1148 2085 1200 nalibus
2136 1147 2387 1216 loquens.
2442 1166 2460 1198 ι
2507 1147 2734 1218 Semper
2778 1148 3078 1204 discentes.
3122 1171 3140 1203 ι
3193 1151 3310 1207 Non
3357 1155 3461 1209 hoc

1867 1241 1946 1292 ait
1977 1240 2266 1304 ignoscetis
2299 1241 2456 1308 ipsis,
2477 1241 2570 1295 sed
2605 1241 2788 1310 potius
2813 1243 3170 1297 vehementer
3195 1260 3456 1316 arguens.

1867 1331 2146 1396 Quoniam
2181 1332 2323 1384 enim
2359 1331 2572 1400 scipsas
2621 1335 2864 1402 peccatis
2895 1345 3217 1398 onerarunt,
3259 1339 3457 1392 merito

1864 1431 2137 1475 CXCIIECIIHI
2181 1431 2265 1476 ρει
2305 1438 2458 1476 mens
2495 1439 2708 1477 earum.
2751 1441 2770 1474 ι
2816 1423 3020 1480 Jatmes
3047 1437 3098 1480 et
3132 1427 3402 1483 Jatnbrcs.
3435 1447 3454 1480 υ

1867 1511 1931 1566 Ili
1965 1526 2120 1568 erant
2151 1515 2289 1583 magi
2321 1515 2422 1568 siib
2465 1514 2771 1568 Pharaone.
2801 1513 3087 1580 Quomodo
3113 1531 3291 1572 autem
3314 1520 3462 1589 ipso-

1865 1619 1985 1658 rum
2017 1607 2238 1658 nomina
2278 1607 2426 1658 novit
2455 1621 2579 1659 cum
2621 1605 2905 1674 Scriptura
2942 1623 3051 1661 non
3086 1609 3234 1664 dicat
3265 1611 3287 1663 ἲ
3314 1610 3462 1666 Dici-

1865 1712 1988 1752 mus
2019 1696 2254 1765 quodex
2289 1698 2580 1752 traditione
2613 1714 2718 1752 non
2757 1703 2986 1771 scripta.
3017 1706 3124 1757 Aut
3155 1719 3252 1774 per
3287 1705 3460 1774 Spiri-

1867 1802 1980 1844 tum
2027 1800 2279 1844 sancutm
2343 1791 2645 1845 verisimile
2689 1803 2774 1846 est
2807 1793 2913 1848 hoc
2955 1795 3196 1852 novisse.
3237 1815 3256 1848 ι
3295 1797 3361 1852 Et
3405 1799 3460 1852 hi

192 1879 313 1932 νοῦν.
356 1898 376 1929 ι
416 1880 587 1932 Ὅταν
614 1897 695 1942 τις
725 1881 816 1932 τὸν
849 1881 970 1933 νοῦν
1027 1881 1210 1951 φθαρῇ
1260 1884 1317 1934 ὲν
1360 1886 1471 1946 τοῖς
1534 1884 1756 1949 πάοεσι,

1868 1884 2135 1937 resistunt
2180 1882 2416 1936 veritati.
2463 1901 2483 1934 ›
2536 1881 2685 1938 Verte
2732 1885 2873 1941 ﬁdei.
2909 1905 2928 1938 ι
2978 1886 3082 1942 Sed
3135 1905 3244 1944 non
3293 1889 3460 1960 proti-
3524 1884 3533 1892 ’

191 1973 292 2025 τότε
324 1972 592 2042 ἀδόκιμος
635 1973 764 2044 περὶ
793 1974 891 2044 τὴν
947 1975 1130 2027 πίστιν
1190 1975 1421 2043 γίνεται.
1482 1975 1602 2038 Πῶς
1645 1976 1758 2029 ἄνω

188 2065 406 2136 εἰρηκὼς
438 2066 533 2116 ἐπὶ
569 2067 752 2117 πλεῖον
810 2065 1180 2136 προκόψουσιν
1212 2067 1489 2128 ἀσεϐείας,
1523 2060 1622 2118 ὧδε
1669 2067 1760 2117 λέ-

188 2176 279 2226 γει,
336 2161 416 2212 Οὐ
481 2158 884 2230 προκόψουσινς
925 2160 1073 2212 Ἐκεῖ
1115 2159 1262 2226 λέγει
1314 2159 1396 2212 ὅτι
1454 2159 1757 2230 ἀρξάμενοι

187 2252 402 2323 πλανᾷν,
440 2251 684 2319 οὐδαμοῦ
713 2252 1026 2320 στήσονται,
1064 2249 1177 2302 ἀλλ’
1221 2250 1310 2304 ἀεὶ
1359 2258 1580 2320 χείρονα
1632 2252 1753 2302 ὲπι-

189 2350 478 2411 νοήσουσιν,
541 2337 643 2394 ὅνδε
676 2342 752 2406 δὲ,
790 2341 871 2394 ὅτι
902 2341 1001 2393 οὐκ
1045 2341 1422 2411 ἀπατήσουσιν
1473 2340 1592 2392 οῦδὲ
1633 2356 1759 2391 συν-

189 2436 517 2504 αρπάσουσιν
566 2435 657 2486 ἐπὶ
694 2432 826 2484 πολὺ
857 2434 982 2495 τοῦς
1017 2433 1372 2502 ἀρτίφρονας.
1405 2432 1616 2502 Προῖὼν
1649 2431 1758 2501 γὰρ

190 2523 311 2586 εἷπε,
342 2525 668 2588 Πλανῶντες
699 2527 792 2578 καὶ
827 2526 1195 2596 πλανώμενοι.
1226 2527 1381 2595 Παρὰ
1411 2522 1505 2579 οῦν
1535 2528 1642 2588 τοῖς
1669 2527 1760 2578 εῦ-

189 2621 542 2689 εξαπατὴτοις
577 2620 763 2680 αὐτοῖς
789 2621 821 2689 ἠ
850 2620 1025 2686 ἰσχύς.
1065 2636 1084 2670 t
1140 2619 1205 2671 Ἠ
1235 2619 1344 2689 γὰρ
1374 2619 1532 2672 ἄνοια
1571 2620 1756 2673 αὐτῶν

190 2713 393 2783 ἱκδηλος
432 2713 588 2765 ἔσται
617 2715 775 2766 πᾶσι.
813 2731 832 2763 ι
872 2712 1041 2764 Πόθεν
1067 2712 1262 2779 τοῦτο;
1298 2714 1393 2765 Ἐκ
1425 2713 1534 2767 τῶν
1564 2714 1755 2778 πάλαι,

190 2807 322 2873 φησι,
344 2804 675 2874 πιστώθητι.
695 2805 1027 2873 Εῦέλεγκτον
1045 2807 1152 2873 γὰρ
1170 2807 1202 2875 ἡ
1221 2806 1754 2872 κακία.--“Ἀλλως.

192 2897 243 2950 Et
270 2900 545 2960 ἀπιστεῖς.
606 2898 746 2967 μάθε
793 2898 904 2950 ἀπὸ
969 2899 1076 2950 τῶν
1121 2901 1235 2962 τοῖς
1286 2899 1482 2968 μάγοις
1529 2899 1756 2963 ἐκείνοις

193 2989 524 3058 συμεάντων.
556 2989 664 3042 Καὶ
698 2989 806 3059 γὰρ
838 2991 1038 3041 ἐκεῖνοι
1063 2989 1408 3061 ἡλέγχθησαν
1442 2990 1584 3043 κατὰ
1617 3008 1753 3057 φανο

191 3083 365 3134 ταινίαν
401 3083 658 3153 θαύματα
687 3082 968 3144 ποιοῦντες
1006 3085 1101 3135 καὶ
1132 3085 1473 3146 ἀπατῶντες,
1503 3085 1592 3136 ὅτε
1621 3085 1756 3136 Μω-

192 3175 276 3243 σῆς
302 3177 783 3244 ἑτερατούργησεν
839 3175 1080 3244 ἀληθῶς,
1135 3174 1276 3230 ὥστε
1327 3175 1506 3230 πάντα
1546 3177 1614 3230 τὰ
1651 3176 1756 3247 τῆς

190 3268 390 3338 ἀπάτης
426 3267 561 3337 πρὸς
591 3269 784 3338 καιρὸν
811 3267 985 3320 ἀνθεῖ.

1871 1975 2015 2029 cient
2048 1975 2306 2043 amplius,
2347 1974 2597 2030 homines
2627 1988 2809 2032 mente
2842 1981 3110 2050 corrupti.
3151 1999 3168 2032 ι
3204 1980 3304 2037 Ubi
3335 1983 3462 2054 quis

1869 2074 2052 2120 mente
2077 2074 2374 2135 corruptus
2398 2065 2563 2119 fuerit
2590 2067 2641 2120 in
2672 2068 2985 2132 aﬂ’ectibus,
3013 2081 3144 2125 tunc
3195 2074 3463 2142 reprobus

1865 2161 2014 2214 circa
2043 2160 2203 2212 [idem
2243 2159 2496 2212 edicitur.
2528 2159 2815 2224 Quomodo
2843 2177 2966 2216 cum
2995 2163 3048 2216 in
3082 2166 3464 2233 superioribus

1866 2255 2084 2317 dixerit,
2146 2253 2226 2305 Ad
2281 2251 2544 2320 majorem
2614 2252 2900 2322 proﬁt-ient
2963 2254 3319 2323 impietatem,
3372 2255 3463 2310 hic

1864 2341 1998 2396 dicit
2036 2360 2048 2395 :
2084 2340 2201 2396 Non
2231 2343 2567 2412 proﬁcient?
2597 2344 2673 2397 lbi
2703 2345 2832 2398 dicit
2865 2344 3013 2414 quod
3061 2347 3152 2416 qui
3194 2347 3463 2402 seducere

1865 2447 2178 2504 cmperant,
2216 2450 2563 2504 nequaquam
2614 2436 2830 2501 sistent,
2876 2437 2968 2489 sed
3019 2436 3204 2506 pejora
3246 2452 3464 2509 semper

1865 2530 2289 2600 excogitabunt,
2320 2530 2409 2582 hic
2452 2543 2582 2582 vero
2627 2528 2774 2596 quod
2813 2543 2919 2581 non
2972 2529 3246 2599 decipient
3289 2546 3467 2600 neque

1865 2624 2085 2693 rapient
2115 2626 2280 2691 longo
2312 2631 2559 2690 tempore
2589 2637 2682 2675 eos
2710 2621 2800 2691 qui
2835 2637 2971 2676 sane
3000 2623 3200 2677 mentis
3228 2633 3378 2676 sunt.
3405 2624 3464 2677 ltt

1862 2731 2164 2786 progressu
2199 2716 2348 2770 enim
2383 2715 2480 2777 ait,
2518 2713 2664 2783 quod
2711 2723 2766 2768 et
2825 2715 2876 2767 in
2911 2729 3154 2768 errorem
3189 2715 3464 2770 adducent

1861 2817 1915 2862 tt
1966 2809 2072 2879 ipsi
2107 2807 2401 2862 errabunt.
2451 2805 2638 2875 Itaque
2685 2807 2983 2874 potentiam
3030 2805 3232 2860 habent
3280 2806 3335 2858 in
3370 2820 3466 2860 eos

1863 2900 1960 2968 qui
1986 2899 2148 2952 facile
2181 2897 2546 2952 seducuntur.
2589 2914 2606 2946 ι
2644 2895 2926 2964 Siquidem
2951 2896 3190 2950 amentia
3217 2897 3463 2965 ipsorum

1863 2991 2096 3045 evidens
2141 2990 2248 3043 erit
2284 2989 2338 3042 in
2376 2987 2656 3042 omnibus.
2705 3006 2724 3039 ι
2772 2987 2928 3042 Unde
2975 2988 3077 3040 hoc
3108 2987 3463 3041 manifestum

1859 3085 1995 3139 est?
2036 3083 2114 3136 Ex
2175 3081 2262 3138 his
2297 3097 2422 3152 qua
2465 3081 2598 3135 olim
2639 3081 2780 3134 facta
2815 3090 2944 3135 sunt
3001 3079 3234 3135 tirntiter
3277 3079 3463 3134 crede.

1859 3174 1994 3230 Nam
2018 3175 2226 3229 malitia
2256 3173 2414 3229 facile
2429 3173 2872 3229 convincitur.—
2894 3172 3013 3226 Alio
3045 3171 3222 3226 modo.
3249 3172 3305 3226 Si
3331 3172 3465 3226 mihi

1789 3260 1834 3320 C
1867 3281 1978 3320 non
2011 3265 2214 3330 credis,
2260 3266 2462 3336 inquit,
2504 3265 2574 3321 ab
2631 3266 2720 3320 bis
2767 3265 2924 3322 disce
2955 3280 3079 3336 quae
3119 3265 3294 3336 magis
3350 3265 3468 3319 illis

193 3367 552 3435 contigerunt.
591 3362 726 3417 Nam
758 3373 810 3418 et
852 3365 927 3418 illi
973 3365 1212 3420 convicti
1247 3373 1376 3420 sunt
1405 3365 1551 3436 quod
1587 3363 1940 3436 phantastica
1976 3363 2243 3417 miracula
2269 3364 2513 3428 ederent,
2589 3377 2653 3417 ac
2735 3362 2788 3416 in
2857 3377 3102 3416 errorem
3178 3361 3468 3428 ducerent,

192 3459 402 3526 quando
435 3457 617 3513 Moses
671 3472 798 3510 vera
832 3459 1030 3513 edebat
1057 3459 1330 3529 prodigia.
1363 3458 1560 3513 Omnia
1589 3460 1772 3528 itaque
1811 3469 1935 3526 qua:
1964 3454 2210 3508 fraudem
2239 3455 2532 3520 inducunt,
2563 3453 2628 3506 ad
2651 3460 2870 3523 tempus
2906 3453 3085 3508 solum
3121 3453 3324 3526 vigent.

779 3576 1026 3629 ΚΕΦΛΛ.
1063 3576 1137 3631 Ζ’.

192 3629 493 3736 Προτροπὴ
520 3664 627 3734 τῆς
660 3667 878 3721 ἑαυτοῦ
897 3629 1207 3737 μιμήσειος
1228 3667 1297 3731 ἐξ
1325 3669 1608 3737 ἐναντίου
1633 3667 1760 3732 τοῖς

494 3739 773 3806 φαύλοις,
814 3739 884 3791 ἐν
917 3736 1194 3807 ὑπομονῇ
1238 3736 1408 3792 Θεοῦ.

254 3831 333 3884 Σὺ
355 3830 425 3883 δὲ
453 3832 999 3899 παρηκολούθηκάς
1020 3848 1141 3900 μου
1169 3831 1244 3900 τῇ
1277 3830 1665 3898 διδασκαλίᾳ,
1684 3828 1762 3900 τῇ

192 3921 400 3992 ἀγωγῇ,
437 3923 510 3992 τῇ
535 3924 837 3993 προθέσει,
871 3923 945 3992 τῇ
990 3927 1212 3990 πίστει,
1264 3923 1340 3993 τῇ
1358 3924 1760 3994 μακροθυμίᾳ,

193 4014 259 4081 τῇ
291 4015 520 4084 ἀγάπῃ,
558 4016 632 4085 τῇ
657 4016 967 4086 ὑπομονῇ,
995 4015 1122 4082 τοῖς
1157 4016 1454 4087 διωγμοῖς,
1495 4015 1621 4082 τοῖς
1647 4031 1762 4068 πα-

194 4106 466 4174 θήμασιν,
489 4103 587 4161 οίά
616 4126 711 4178 μοι
741 4109 980 4178 ἐγένετο
1015 4109 1087 4162 ἐν
1121 4109 1468 4178 Ἀντιοχείᾳ,
1511 4109 1582 4161 ἐν
1614 4109 1762 4162 Ἰκο-

193 4201 310 4262 νῐῳ,
340 4201 408 4254 ἐν
432 4201 753 4268 Λύστροις,
785 4202 953 4268 οἵους
987 4200 1279 4269 διωγμοὺς
1309 4195 1761 4269 ὑπήνεγκα,καὶ

195 4290 254 4343 ἐκ
279 4293 518 4345 πάντων
531 4310 610 4362 με
639 4294 937 4362 ἐρρύσατο
960 4297 994 4348 ό
1021 4297 1260 4362 Κύριος.

269 4381 492 4434 Ἐκεῖνοι
533 4383 655 4451 μὲν,
692 4385 847 4453 φησι,
878 4384 1134 4449 τοιοῦτοι,
1167 4385 1232 4439 σὺ
1276 4384 1334 4438 δὲ
1362 4380 1508 4449 οἶδας
1531 4387 1600 4438 τὰ
1627 4383 1765 4455 ἠμέ-

193 4485 316 4544 τερα
348 4475 593 4545 ἀκριϐῶς
635 4477 695 4528 οὐ
730 4475 975 4530 τοιαῦτα.
1030 4477 1105 4529 Οὐ
1159 4479 1268 4548 γὰρ
1314 4477 1500 4541 ἁπλῶς
1535 4477 1760 4544 συνεγέ-

193 4581 300 4628 νου,
333 4567 472 4621 ἀλλά
500 4567 1020 4638 παρηκολούθηκας,
1071 4571 1342 4632 τουτέστι,
1396 4568 1604 4638 μακρὸν
1636 4585 1762 4620 συν-

193 4658 365 4725 εγένου
399 4676 495 4730 μοι
544 4660 760 4731 χρόνον,
806 4661 899 4713 καὶ
931 4661 1067 4713 πᾶσι
1103 4661 1393 4730 προσεῖχες
1432 4662 1544 4722 τοῖς
1581 4660 1755 4728 ἐμοῖς.

195 4753 278 4802 Δεῖ
304 4751 390 4805 οῦν
418 4769 480 4804 σε
535 4753 594 4805 ὲν
623 4752 735 4816 ἕξει
761 4753 1058 4822 γενόμενον
1085 4753 1195 4804 τῶν
1231 4750 1468 4803 εὐσεϐῶν
1497 4750 1760 4819 διδαγμά-

194 4859 312 4908 των,
354 4847 766 4917 ἀπερίτρεπτον
815 4842 980 4902 εἶναι.
1043 4865 1061 4898 ι
1101 4846 1180 4916 Τῇ
1239 4845 1576 4915 διδασκαλίᾳ.
1612 4863 1628 4896 ι
1673 4845 1753 4916 Τῇ

196 4935 315 5005 περὶ
363 4939 436 4990 τὰ
471 4937 744 5008 δόγματα.
797 4955 814 4988 ι
859 4937 1098 5006 Ἀγωγῇ,
1135 4955 1154 4986 ι
1193 4939 1258 5006 τῇ
1310 4936 1438 5006 περ)⁵
1476 4935 1566 4987 τὸν
1619 4933 1752 5004 βίον.

198 5025 310 5089 Πῶς
335 5029 578 5098 ἠγόμην,
605 5029 792 5098 φησιν,
818 5031 875 5080 ὲν
905 5031 971 5099 τῇ
1007 5029 1273 5096 πολιτείᾳ.
1302 5028 1408 5098 «TT,
1436 5026 1748 5096 πρῡθέσει.)

196 5113 310 5170 Οῗον
339 5123 404 5190 τῇ
438 5119 744 5191 προθυμίᾳ,
782 5121 876 5173 καὶ
905 5121 981 5189 τῷ
1012 5119 1403 5190 παραστήματι
1425 5118 1524 5186 τῆς
1556 5116 1754 5186 ψυχῆς.

205 5229 220 5259 ι
245 5211 317 5280 Τῇ
345 5215 581 5265 πίστει.)
619 5214 698 5283 Τῇ
732 5215 788 5265 ὲν
823 5215 934 5275 τοῖς
965 5212 1256 5278 κινδύνοις,
1282 5214 1346 5281 τῇ
1381 5211 1456 5280 μὴ
1484 5211 1758 5277 ἀπογινώο

199 5317 336 5356 σκειν
362 5305 636 5376 ποιούσῃ,
683 5304 820 5356 ἀλλὰ
865 5303 1143 5356 πιστεύειν
1175 5304 1252 5373 τῷ
1297 5303 1414 5370 Θεῴ
1444 5303 1525 5354 ὃτι
1566 5301 1759 5368 ἐξελεῖ-

199 5411 300 5447 ται.
329 5415 346 5447 ι
374 5398 451 5467 Τῇ
487 5396 868 5466 μακροθυμίᾳ.
905 5416 923 5448 ι
963 5397 1109 5461 Πῶς,
1143 5397 1331 5468 φησιν,
1364 5396 1516 5449 οὐδέν
1552 5412 1618 5465 με
1646 5396 1755 5448 τῶν

204 5487 507 5556 πειρασμῶν
539 5487 875 5555 ναρκότερον
907 5487 1220 5557 εἰργάζετο.
1272 5503 1290 5536 ι
1328 5485 1406 5554 Τῇ
1439 5485 1706 5554 ὑπομονῇ.
1732 5501 1749 5534 ι

199 5574 273 5645 Τῇ
309 5581 437 5647 πρὸς
473 5579 602 5640 τοῦς
649 5578 942 5647 διωγμούς.
998 5596 1015 5630 ι
1043 5573 1144 5632 0ίά
1199 5595 1290 5646 μοι
1345 5578 1582 5647 ἐγένετο.
1616 5596 1634 5629 ι
1680 5577 1754 5629 Οὐ

203 5665 347 5732 μόνον
397 5669 725 5738 ὲδιωκόμην,
772 5669 958 5738 ιξησὶν,
1008 5669 1144 5722 ἀλλὰ
1183 5669 1280 5722 καὶ
1322 5667 1582 5737 ἔπασχον.
1626 5661 1757 5720 Εἶτα

200 5757 368 5813 ἳσιπδν
393 5764 486 5815 καὶ
515 5763 639 5815 κατ’
667 5756 806 5825 εἶδος
856 5761 1192 5834 διεξέρχεται
1221 5762 1350 5825 τοὺς
1387 5761 1753 5831 πειρασμοὺς,

201 5850 358 5924 ταύτῃ
387 5855 837 5928 θαρραλεώτερον
869 5856 956 5911 τὸν
990 5855 1239 5929 μαθητὴν
1275 5857 1463 5911 ποιῶν.
1494 5849 1615 5908 Οἵδε
1648 5854 1754 5925 γὰρ

2361 3571 2526 3643 274
2564 3570 2796 3626 CAPUT
2847 3570 2960 3625 vn.

1863 3667 2184 3721 Exhortatio
2227 3676 2284 3719 ut
2333 3682 2387 3719 se
2440 3667 2734 3726 imitentur,
2774 3663 3076 3733 opponendo
3107 3679 3164 3717 se
3208 3663 3465 3733 perversis

2223 3739 2278 3790 in
2332 3736 2620 3789 tolerantia
2662 3745 2874 3804 propter
2923 3734 3109 3788 Deum.
3158 3762 3167 3770 -

1934 3826 2242 3890 111.10-Η.
2279 3831 2351 3881 Tu
2383 3845 2501 3882 vero
2532 3836 2831 3881 asset-tatus
2854 3843 2908 3880 es
2941 3843 3109 3880 meam
3138 3826 3461 3892 doctrinam,

1862 3923 2280 3983 institutionem,
2337 3923 2692 3988 propositum,
2746 3920 2927 3989 fidem,
2981 3920 3463 3988 longanimitatent,

1866 4016 2204 4076 charitatcm,
2263 4013 2601 4082 patientiam,
2656 4011 3066 4080 persecutiones,
3128 4012 3460 4082 aﬂlictiones,

1865 4123 1985 4176 qua
2051 4107 2180 4159 milii
2234 4105 2539 4158 acciderunt
2597 4105 2914 4166 Antiochiw,
2975 4101 3170 4166 Iconii,
3227 4101 3462 4172 Lystris,

1870 4215 2004 4268 quas
2035 4195 2424 4265 persecutiones
2467 4194 2719 4248 sustinui.
2772 4192 2838 4246 Et
2873 4207 2940 4247 ea:
2987 4191 3228 4245 omnibus
3269 4193 3465 4260 eripuit

1864 4306 1945 4343 me
1966 4287 2244 4342 Dominus.

1942 4381 2024 4435 liti
2058 4380 2278 4450 quidem
2307 4379 2444 4434 tales
2480 4387 2630 4442 sunt,
2669 4377 2867 4447 inquit,
2901 4384 2957 4430 tu
2992 4389 3122 4430 vero
3158 4375 3301 4430 nosti
3339 4389 3460 4430 mea

1868 4474 1976 4529 rion
2038 4488 2160 4527 esse
2207 4471 2553 4540 hujusmodi.
2605 4471 2795 4537 Neque
2847 4471 2992 4522 enim
3042 4468 3250 4542 vulgari
3296 4465 3459 4521 modo

1868 4564 2130 4628 adfuisti,
2167 4564 2261 4618 sed
2315 4563 2478 4616 etiam
2531 4568 2840 4615 assectatus
2875 4575 2957 4625 es,
3011 4559 3113 4612 hoc
3161 4567 3246 4612 est
3298 4558 3460 4628 longo

1868 4662 2115 4726 tempore
2142 4670 2353 4709 mecum
2398 4663 2649 4707 versatus
2678 4668 2760 4715 es,
2791 4661 2844 4706 et
2873 4651 2938 4705 ad
2971 4651 3155 4705 omnia
3182 4666 3303 4720 qme
3339 4665 3460 4704 mea

1867 4757 2027 4800 erant
2055 4745 2298 4800 animum
2329 4744 2663 4812 applicuisti.
2695 4741 2933 4796 Necesse
2955 4741 3227 4811 estigitur
3252 4751 3325 4804 te,
3363 4743 3458 4810 qui

1867 4838 1978 4906 jam
2011 4837 2062 4889 iu
2089 4837 2503 4892 assuetudinem
2536 4833 2837 4903 pervenisti
2867 4831 3082 4900 piorum
3115 4831 3455 4901 dogmatum,
3508 4829 3515 4842 '

1867 4942 1980 4981 non
2021 4941 2184 4996 posse
2218 4927 2287 4980 ab
2312 4925 2419 4979 illis
2446 4924 2646 4978 averti.
2683 4941 2701 4974 ι
2739 4922 3082 4977 Doctrinam.
3127 4941 3146 4973 ι
3184 4921 3316 4987 Qua:
3355 4921 3458 4977 fuit

1867 5022 2015 5075 circa
2046 5021 2322 5091 dogmata.
2352 5037 2370 5070 ι
2407 5018 2833 5072 lnstitutionem.
2882 5033 2901 5066 ›
2938 5013 3069 5080 Qua:
3118 5013 3283 5066 vitam
3317 5028 3456 5066 con-

1867 5114 2147 5176 cernebat,
2186 5110 2484 5182 quomodo,
2524 5109 2724 5181 inquit,
2757 5124 2876 5164 mea
2907 5109 3051 5164 circa
3082 5106 3458 5160 conversatio-

1868 5221 1994 5259 nem
2034 5204 2412 5259 instituebam.
2455 5221 2474 5254 ι
2526 5202 2875 5271 Ρτοιιοδίῑιιηι
2921 5217 2934 5252 :
2984 5217 3003 5249 ι
3063 5197 3454 5268 promptitudi-

1863 5313 1985 5351 nem
2023 5309 2075 5352 ct
2105 5297 2272 5350 animi
2306 5296 2674 5366 praesentiam.
2704 5312 2722 5345 ι
2760 5291 2946 5346 Fidem
2975 5310 2988 5344 :
3026 5309 3044 5342 ι
3079 5298 3352 5344 servatam
3399 5289 3451 5342 in

1863 5387 2145 5458 periculis,
2181 5403 2302 5456 qua:
2342 5403 2450 5441 non
2489 5387 2692 5442 sineret
2725 5384 3038 5452 desperare,
3091 5379 3185 5434 sed
3229 5376 3454 5430 credere

1869 5481 1979 5533 Deo
2012 5479 2156 5548 quod
2209 5479 2541 5533 liberaturus
2590 5485 2760 5532 esset.
2807 5494 2826 5528 ι
2870 5471 3384 5541 Longanimitatem.
3423 5486 3445 5520 ι

1865 5571 2180 5638 Quomodo,
2241 5571 2442 5640 inquit,
2511 5569 2666 5624 nulla
2727 5582 2815 5622 me
2870 5563 3089 5620 amictio
3137 5560 3448 5630 segniorem

1867 5667 2192 5722 reddiderit.
2259 5665 2396 5731 Quia
2435 5677 2634 5733 magno
2681 5677 2830 5717 eram
2868 5659 3053 5712 animo
3083 5655 3137 5709 in
3164 5654 3446 5725 periculis.

1865 5759 2041 5814 ﬁdens
2073 5773 2290 5829 semper
2321 5759 2374 5812 in
2412 5756 2666 5810 Domino.
2705 5771 2724 5804 ι
2764 5748 3113 5806 Patientiatn.
3156 5764 3175 5797 ι
3211 5744 3342 5810 Qum
3365 5751 3450 5797 est

1865 5855 2133 5909 adversus
2185 5850 2622 5922 persecutiones.
2655 5867 2672 5900 ι
2711 5846 2841 5912 Qua:
2885 5841 3016 5897 mihi
3046 5839 3384 5895 acciderunt.
3422 5852 3440 5883 ι
