3918 6572
481 390 588 454 2‘27

1555 386 1953 447 (ECUMENII
1992 386 2283 447 TRICCE
2314 387 2655 450 EPISCOPI

3633 387 3747 449 228

468 506 591 563 Non
639 504 844 571 solum,
879 505 1081 578 inquit,
1115 504 1555 576 persecutionem
1600 500 1860 566 ferebam,
1892 497 1987 553 sed
2018 508 2071 553 et

2187 496 2309 553 >ἷδεν
2344 501 2377 566 ἡ
2405 501 2634 570 συνεχὴς
2665 501 2853 573 μνήμη
2879 504 2987 556 τῶν
3021 485 3750 575 πειρασμῶν,παραθαρρύ-

472 601 623 655 varia
683 600 947 668 patiebar.
999 597 1205 653 Deinde
1250 597 1415 652 etiam
1471 596 1525 647 in
1566 593 1749 662 specie
1801 600 2058 647 recenset

475 691 823 752 aﬂlictioncs,
880 690 986 744 hoc
1050 689 1215 743 modo
1277 684 1609 754 discipulum
1679 682 2059 737 audentiorem

472 782 734 837 reddens.
799 781 957 837 Novit
1017 781 1188 843 enim,
1247 778 1422 839 novit,
1493 776 1741 843 inquam,
1801 775 2061 828 continua

475 873 834 930 aﬂlictionum
900 871 1165 926 memoria
1221 867 1447 922 °addere
1519 868 1792 922 animum.
1852 864 2058 919 Horum

476 977 662 1021 autem
735 966 912 1019 solum
993 962 1262 1025 meminit,
1340 967 1437 1013 aut
1516 959 1662 1028 quod
1724 959 2061 1022 recentiora,

477 1064 570 1111 aut
635 1056 784 1126 quod
857 1055 1148 1109 Timotheo
1199 1061 1329 1106 nota
1388 1061 1611 1114 essent,
1679 1061 1733 1105 et
1798 1051 1902 1104 hoc
1967 1066 2065 1103 ve-

474 1150 766 1204 risimilius
828 1156 930 1201 est.
1023 1164 1042 1197 ι
1094 1144 1420 1199 Antiochiae.
1464 1162 1484 1195 ι
1582 1141 1702 1195 Νοη
1775 1148 2065 1196 enumerat

460 1242 814 1299 .tentationes
854 1240 910 1293 in
942 1239 1129 1309 specie
1176 1255 1191 1292 :
1242 1251 1422 1306 neque
1455 1237 1602 1290 enim
1653 1235 1729 1288 illi
1764 1250 1949 1289 sermo
1979 1243 2068 1287 est

477 1330 547 1384 ad
586 1331 839 1399 gloriam,
901 1329 995 1382 sed
1043 1328 1110 1381 ad
1165 1327 1568 1382 institutionem
1616 1326 1894 1394 discipuli.
1948 1323 2066 1379 Duo

479 1428 661 1474 autem
691 1421 780 1473 hic
820 1419 956 1474 dicit
990 1435 1113 1490 quae
1159 1426 1292 1474 sunt
1341 1418 1407 1471 ad
1457 1418 1899 1472 exhortationem
1944 1417 2065 1470 ido-

477 1527 604 1565 nea.
641 1510 773 1580 Ego,
808 1512 1009 1580 inquit,
1052 1511 1219 1564 animi
1270 1508 1760 1579 promptitudinem
1814 1506 2064 1570 exhibui,

481 1600 627 1657 Deus
650 1616 781 1656 vero
814 1602 1102 1654 auxilium.
1137 1628 1203 1638 —
1230 1597 1576 1652 Antiochiam
1607 1610 1737 1649 vero
1761 1595 1894 1649 dicit
1924 1594 2068 1648 Pisi-

478 1695 603 1749 diae.
633 1694 794 1766 275
849 1713 869 1746 ‹
907 1694 955 1748 Α
1004 1692 1239 1764 Lystris.
1278 1709 1297 1741 ι
1342 1688 1595 1744 Arbitror
1635 1688 1783 1758 quod
1813 1702 1877 1741 ex
1925 1688 2069 1757 abje-

480 1788 665 1841 ctione
692 1786 929 1855 quadam
965 1785 1270 1839 nevissimo
1321 1782 1445 1837 loco
1484 1782 1691 1835 dixerit
1738 1778 1970 1850 Lystris,
1997 1793 2065 1832 ex

2162 607 2274 643 νειν
2310 592 2508 661 ψυχήν.
2542 592 2763 646 Τούτων
2796 593 2852 646 δὲ
2886 595 3046 663 μόνον
3084 596 3328 667 ἐμνήσθη
3356 636 3371 661 ,
3418 597 3450 668 ἢ
3498 596 3574 659 ὡς
3616 612 3750 648 νεα-

2165 682 2441 753 ρωτέρων,
2474 682 2506 752 ἢ
2539 682 2612 746 ὼς
2640 685 2736 737 καὶ
2782 684 2860 753 τῷ
2892 684 3142 756 Τιμοθέῳ
3182 688 3568 756 ἐγνωσμένων,
3605 689 3751 755 ὅπερ

2163 774 2259 827 καὶ
2308 775 2555 844 ἄμεινον.
2596 795 2615 827 ι
2665 776 2752 828 Ἐν
2788 777 3111 851 Ἀντιοχείᾳ.
3151 797 3169 829 ι
3202 780 3317 832 Οὐκ
3343 779 3750 849 ἀπαριθμεῖται

2165 867 2287 920 κατ’
2314 864 2454 930 εἶδος
2490 868 2616 930 τοὺς
2640 870 3009 940 πειρασμούς.
3063 872 3137 924 Οῦ
3172 872 3284 942 γὰρ
3330 871 3482 944 αὐτῷ
3528 875 3556 925 ὁ
3585 872 3753 940 λόγος

2167 960 2306 1030 πρὸς
2332 960 2644 1030 φιλοτιμίαν
2665 963 2788 1031 ὁρᾷ,
2811 962 2944 1016 ἀλλὰ
2960 963 3098 1032 πρὸς
3119 964 3340 1033 ὁδηγίαν
3358 964 3451 1017 τοῦ
3478 963 3751 1033 μαθητοῦ.

2166 1052 2273 1106 Δύο
2303 1054 2361 1106 δὲ
2394 1054 2627 1108 ἐνταῦθα
2661 1056 2809 1123 λέγει
2839 1058 2920 1118 εἰς
2960 1061 3278 1130 προτροπὴν
3306 1058 3753 1128 ὲπιτήδεια.’οτι

2165 1160 2225 1196 τε
2263 1142 2395 1210 ἐγὼ,
2454 1146 2612 1214 φησὶ,
2672 1147 2985 1217 προθυμίαν
3044 1149 3336 1219 παρέσχον,
3387 1149 3483 1203 καὶ
3534 1152 3563 1202 ὁ
3614 1149 3756 1211 Θεὸς

2172 1235 2448 1306 βοήθειαν.
2476 1268 2543 1277 -
2575 1237 2917 1311 LUIKUTMJ
2972 1241 3307 1309 Ἀντιόχειαν
3356 1240 3412 1293 δὲ
3461 1242 3560 1310 τὴν
3592 1240 3759 1293 nm;-

2170 1326 2291 1390 δίας
2334 1327 2504 1394 λέγει.
2545 1347 2561 1378 ι
2610 1330 2698 1381 Ἐν
2735 1329 3022 1400 Λύστροις.
3067 1349 3085 1382 s
3133 1329 3403 1399 Ἡγοῦμαι
3450 1330 3591 1382 κατά
3625 1344 3758 1382 τινα.

2171 1412 2515 1482 εύτελισμδν.
2557 1416 2792 1487 ἐσχάτης
2822 1418 2982 1469 αὑτὸν
3006 1419 3105 1487 τῆς
3134 1418 3385 1489 Λύστρης
3416 1418 3755 1487 μνησθῆναι,

2174 1503 2234 1567 ἐξ
2266 1498 2332 1576 ἧς
2359 1502 2426 1576 ἦν
2459 1509 2487 1560 ὁ
2518 1507 2805 1578 Τιμόθεος,
2848 1509 2981 1563 ὡσεὶ
3007 1506 3126 1563 εἷπε
3154 1526 3168 1542 ο
3196 1512 3304 1564 Ναὶ
3324 1514 3404 1575 εἰς
3430 1513 3526 1574 τὰς
3574 1511 3715 1562 πολυ
3734 1541 3758 1552 α

2172 1595 2494 1667 ανθρώπους
2540 1600 2744 1666 πόλεις,
2794 1600 2995 1654 ἔπαθον
3023 1602 3166 1671 ἆπερ
3196 1604 3418 1662 ἔπαθον,
3463 1603 3517 1656 τί
3556 1604 3651 1655 καὶ
3694 1603 3759 1654 ἐν

2173 1688 2477 1760 Λύστροις;
2509 1693 2681 1747 Πόθεν
2710 1693 3017 1764 εὑρέθησαν
3047 1697 3095 1747 οἱ
3137 1695 3435 1758 κακοῦντες
3464 1711 3529 1763 με
3559 1695 3617 1746 ὲν
3649 1693 3761 1747 Λύ-

2172 1796 2324 1850 τροις
2357 1782 2451 1835 ἄνθ
2461 1801 2631 1852 ρωποι
2652 1801 2666 1850 ;

480 1894 591 1949 qua
618 1878 885 1932 oriundus
919 1884 1036 1932 erat
1059 1874 1385 1929 Timotheus
1428 1890 1441 1925 :
1480 1889 1546 1927 ac
1575 1874 1622 1925 si
1644 1871 1855 1924 diceret
1892 1869 2183 1933 :Prol'ecto
2221 1873 2275 1925 in
2327 1872 2712 1944 frequentibus
2777 1892 2841 1931 ac
2889 1879 3177 1948 populosis
3251 1878 3567 1933 civitatibus
3656 1895 3763 1949 pa-

481 1972 661 2026 tiebar
701 1986 823 2040 quae
872 1984 1069 2040 passus
1123 1982 1294 2023 sum:
1335 1965 1431 2020 sed
1472 1980 1575 2019 cur
1626 1964 1790 2019 etiam
1852 1961 2067 2033 Lyslris
2105 1977 2301 2033 passus
2342 1969 2511 2022 sum?
2557 1968 2709 2025 Unde
2759 1970 2967 2026 inventi
3019 1978 3152 2026 sunt
3193 1970 3447 2026 homines
3519 1970 3615 2041 qui
3669 1973 3765 2023 me

482 2064 698 2138 Lystris
730 2063 1034 2130 aﬂligerent
1050 2062 1075 2114 2

558 2161 649 2220 Ill.
679 2158 863 2212 £217.
917 2156 1022 2212 Sed
1050 2166 1099 2210 et
1140 2171 1320 2210 omnes
1346 2156 1437 2225 qui
1468 2154 1649 2209 volunt
1688 2154 1772 2221 pie
1818 2153 1984 2207 vivere
2014 2151 2069 2204 in

2254 2155 2362 2210 Kal
2414 2156 2640 2225 πάντες
2688 2159 2759 2212 δὲ
2809 2162 2864 2214 oi
2897 2159 3180 2225 θέλοντες
3230 2160 3499 2223 εὐσεϐῶς
3549 2157 3660 2227 ζῇν
3686 2157 3769 2212 ἐν

485 2250 698 2308 Christo
731 2248 860 2303 Iesu
928 2248 1341 2303 persecutionem
1383 2248 1675 2319 patientur.
1730 2244 1904 2298 Porro
1941 2243 2074 2296 ntali

485 2347 723 2399 homines
754 2354 802 2397 et
832 2343 1145 2410 impostores
1175 2339 1455 2408 proﬁcient
1488 2339 1541 2391 in
1572 2337 1746 2407 pejus,
1778 2336 1906 2389 dum
1941 2345 1989 2389 et
2019 2334 2073 2388 in

486 2451 719 2491 errorem
762 2433 1025 2487 adducent
1066 2442 1115 2485 et
1149 2431 1404 2485 errabant
1453 2430 1577 2499 ipsi.
1626 2428 1707 2483 Tu
1754 2445 1871 2482 tero
1904 2430 1956 2481 in
1994 2428 2074 2482 his

485 2529 709 2597 persiste
744 2541 862 2595 quia
913 2524 1171 2588 didicisti,
1216 2530 1266 2576 et
1316 2524 1370 2576 in
1420 2523 1610 2592 quibus
1659 2522 1852 2575 certior
1903 2519 2079 2573 reddi-

490 2626 577 2670 tus
610 2631 686 2680 es,
723 2615 894 2668 sciens
950 2628 983 2665 a
1032 2629 1135 2683 quo
1181 2610 1463 2675 didiceris,
1513 2620 1560 2665 et
1621 2612 1761 2681 quod
1829 2626 1861 2662 α
1917 2624 2076 2676 puero

500 2724 685 2762 sacras
739 2704 972 2759 Litteras
1026 2705 1252 2769 noueris,
1306 2719 1423 2770 qua:
1490 2713 1539 2756 te
1582 2711 1803 2770 possunt
1868 2702 2079 2756 erudire

491 2799 563 2853 ad
631 2798 858 2853 salutem
896 2813 988 2866 per
1046 2796 1204 2865 ﬁdem
1260 2812 1379 2867 qua:
1415 2805 1492 2850 est
1552 2795 1604 2849 in
1646 2792 1856 2850 Christo
1925 2793 2077 2847 Jesu.

496 2893 683 2947 Omnis
715 2890 995 2959 Scriptura
1030 2889 1285 2944 diuinitus
1319 2890 1583 2958 inspirata
1613 2897 1715 2951 est,
1756 2899 1804 2941 et
1836 2886 1981 2940 utilis
2010 2886 2078 2939 ad

491 2984 817 3042 doctrinam.
849 2980 919 3034 ad
972 2979 1419 3049 redargutionem,
1469 2981 1538 3032 ad
1585 2979 1980 3041 correctionem,
2013 2977 2081 3030 ad

492 3074 877 3127 institutionem
903 3087 1019 3142 qua
1055 3082 1132 3126 est
1173 3071 1230 3125 in
1258 3071 1495 3141 iustitia,
1539 3080 1596 3124 ut
1642 3071 1842 3141 integer
1881 3069 1952 3124 sit
1988 3068 2084 3124 Dei

492 3166 646 3219 homo
673 3165 741 3218 ad
770 3181 920 3218 omne
947 3179 1077 3233 opus
1104 3164 1297 3219 bonum
1327 3163 1613 3232 perfectus.

562 3256 629 3310 Et
678 3256 813 3326 quid
869 3257 1018 3318 dico,
1074 3256 1276 3326 inquit,
1328 3253 1396 3309 de
1460 3255 1694 3324 meipso,
1743 3268 1871 3308 cum
1917 3253 2083 3308 etiai

478 3363 687 3407 omnes
711 3349 802 3418 qui
827 3348 1020 3402 volunt
1048 3347 1137 3416 ple
1170 3346 1356 3401 vivere
1387 3346 1828 3415 persecutionem
1860 3344 2084 3416 passuri

495 3439 641 3495 sint?
688 3440 825 3494 Dicit
859 3452 1040 3494 autem
1090 3437 1539 3493 Persecutionem
1574 3453 1685 3492 non
1727 3438 1909 3494 solum
1964 3454 2087 3507 qlne

497 3532 569 3587 ab
597 3530 905 3585 idololatris
937 3529 1195 3592 infertur,
1224 3544 1418 3583 verum
1451 3530 1618 3583 etiam
1652 3539 1885 3585 cunctas
1920 3528 2085 3583 aﬂlic-
2114 3507 2158 3565 θ

497 3623 678 3677 tiones
714 3636 778 3674 ac
823 3621 1182 3675 tentationes.
1216 3639 1233 3669 ι
1277 3618 1375 3673 Est
1423 3617 1570 3673 enim
1596 3626 1827 3689 angusta
1853 3630 1906 3673 et
1941 3627 2091 3673 arcta

495 3713 584 3766 via
614 3729 737 3783 quae
765 3713 919 3766 ducit
952 3713 1019 3766 ad
1044 3713 1214 3765 vitam
1238 3711 1302 3764 ”.
1339 3729 1358 3762 ι
1384 3740 1454 3750 —-
1490 3728 1510 3762 ι
1552 3708 1853 3765 lnChristn
1878 3709 2031 3765 Jesu.
2065 3729 2085 3763 ι

497 3803 634 3860 Nam
663 3804 779 3859 sola
807 3806 923 3858 haec
956 3812 1043 3858 est
1064 3804 1151 3871 pia
1173 3806 1311 3867 vita,
1337 3817 1459 3869 qua:
1492 3802 1656 3856 estin
1681 3801 1904 3858 Christo
1934 3800 2090 3857 Jesu.

505 3913 525 3949 ι
562 3895 1008 3951 Persecutionem
1062 3895 1360 3965 patientur.
1403 3912 1423 3945 ι
1461 3890 1613 3946 Talis
1655 3900 1740 3946 est
1769 3900 1965 3946 natura
2002 3908 2093 3947 re-

501 4004 645 4051 rum,
684 3989 942 4060 quoniam
978 4002 1088 4042 non
1118 3993 1204 4042 est
1231 4000 1378 4039 nunc
1413 3986 1525 4039 vita
1557 3986 1797 4055 piorum,
1828 3986 1922 4039 sed
1971 3999 2094 4053 per-

500 4095 811 4135 versorum.
843 4080 1029 4149 Neque
1067 4080 1215 4134 enim
1257 4084 1437 4147 potest
1459 4077 1504 4132 is
1532 4076 1624 4146 qui
1665 4077 1718 4130 in
1755 4078 1897 4131 bello
1924 4083 2010 4131 est
2038 4087 2094 4130 et

499 4186 704 4241 pugna,
739 4173 926 4240 quiete
960 4170 1168 4225 vivere.
1204 4188 1223 4221 ι
1268 4169 1566 4225 Proticient
1607 4169 1660 4221 in
1697 4171 1873 4238 pejus.
1908 4187 1926 4219 ι
1960 4167 2097 4222 Pro-

504 4267 667 4318 ﬁcere
711 4264 859 4316 enim
900 4278 990 4316 res
1046 4262 1225 4316 inedia
1263 4271 1367 4324 est,
1407 4264 1524 4322 sive
1580 4263 1901 4318 indiderens
1943 4271 1996 4317 et
2028 4262 2096 4318 ad

503 4358 703 4412 melius
730 4364 785 4409 et
833 4355 901 4409 ad
937 4355 1118 4424 pejus.
1163 4356 1228 4410 Hi
1277 4356 1445 4426 igitur
1485 4357 1540 4411 in
1583 4358 1739 4425 pejus
1765 4357 2092 4426 proﬁcient:

478 4463 631 4501 ‘nam
687 4448 1103 4516 interpretando
1133 4447 1264 4517 quid
1311 4448 1382 4502 sit
1437 4446 1625 4517 Pejus,
1656 4450 1795 4503 dixit
1836 4449 1982 4518 quod
2039 4447 2095 4502 in

505 4555 748 4595 errorem
783 4540 1064 4594 adducent
1097 4550 1151 4595 et
1201 4540 1473 4594 errabunt
1521 4541 1648 4609 ipsi.
1690 4560 1710 4592 ι
1745 4541 1826 4596 Τιι
1866 4556 1995 4595 vero
2041 4541 2099 4594 in

505 4633 591 4688 his
614 4632 850 4703 persiste
878 4647 1001 4701 quas
1033 4632 1299 4688 didicisti.
1336 4652 1353 4685 ι
1384 4663 1454 4675 --
1488 4652 1506 4685 ι
1529 4634 1609 4688 Ne
1625 4633 1921 4698 annuleris,
1943 4640 1999 4687 ut
2023 4633 2099 4686 ait

508 4724 702 4788 David,
759 4733 1055 4793 operantes
1086 4725 1461 4794 iniquitatem,
1486 4740 1663 4794 neque
1698 4725 1972 4779 hominem
2004 4726 2097 4795 qui

508 4830 775 4886 prospere
808 4814 1055 4869 ambulat
1085 4815 1140 4868 in
1166 4815 1252 4868 via
1271 4829 1372 4869 sua
1403 4815 1469 4870 ι’.
1508 4835 1526 4866 ι
1577 4834 1595 4865 ι
1635 4815 1700 4868 Ει
1736 4818 1945 4870 certior
1972 4816 2096 4871 red-

509 4905 661 4960 ditus
696 4920 756 4959 es
784 4921 798 4957 :
827 4922 847 4956 ι
885 4904 989 4957 hoc
1010 4912 1116 4968 est,
1136 4905 1526 4960 certitudinem
1555 4905 1819 4960 didicisti.
1849 4923 1868 4957 ι
1907 4904 2100 4961 Sciens

511 5013 542 5050 a
583 5010 691 5066 quo
748 4995 1032 5051 didiceris.
1070 5013 1089 5045 ι
1143 4996 1289 5051 Duas
1349 4995 1530 5050 reddit
1576 5012 1773 5052 causas
1824 5012 1927 5053 cur
1972 5015 2096 5054 eum

513 5088 730 5140 tinuum
758 5086 963 5140 sistere
1001 5092 1277 5154 oporteat,
1300 5100 1402 5138 nec
1435 5084 1596 5143 facile
1625 5088 1797 5142 everti
1828 5105 1841 5141 :
1874 5089 1942 5143 Et
1970 5090 2101 5159 quia

512 5195 624 5233 non
659 5194 686 5231 a
733 5179 935 5248 quovis
984 5177 1196 5247 vulgari
1254 5177 1523 5244 didicisti,
1571 5179 1665 5232 sed
1714 5194 1744 5232 a
1793 5180 2011 5235 Paulo:
2046 5189 2103 5237 et

515 5271 643 5340 quia
679 5271 734 5324 in
768 5268 1102 5339 profundum
1133 5269 1290 5323 radix
1337 5270 1431 5325 tibi
1484 5270 1665 5339 posita
1717 5281 1801 5326 est
1850 5270 2103 5343 Scriptu-

515 5374 724 5421 rarum,
770 5374 893 5428 quae
948 5372 978 5411 a
1043 5358 1232 5414 multis
1286 5360 1629 5427 temporibus
1682 5362 1901 5432 scriptae
1945 5370 2099 5417 sunt.

517 5451 719 5507 Sacras
752 5460 933 5506 autem
966 5450 1204 5506 Litteras
1237 5450 1373 5508 dicit
1409 5451 1751 5522 Scripturam
1776 5470 1898 5523 quae
1928 5469 1957 5507 a
1993 5453 2102 5509 Deo

519 5543 790 5612 inspirata
825 5551 929 5599 est.
972 5563 1001 5592 ι
1043 5543 1177 5610 Quae
1213 5553 1266 5599 te
1314 5554 1548 5615 possunt
1578 5546 1819 5602 erudire.
1865 5566 1885 5600 ι
1934 5547 2100 5618 276

515 5632 873 5706 Nequaquam
904 5641 958 5692 te
997 5640 1316 5708 permittent
1352 5638 1679 5708 insipienter
1726 5654 1857 5711 erga
1892 5638 2096 5709 aliquid

595 5821 634 5853 ¹¹
672 5819 866 5876 Matth.
899 5837 990 5888 vn,
1033 5821 1120 5877 Η.
1201 5825 1243 5856 ¹²
1272 5825 1419 5882 Psal.
1466 5841 1653 5894 xxxvi,
1716 5824 1768 5878 l.

2173 2246 2407 2314 Χριστῷ
2448 2249 2654 2316 Ἰησοῦ
2700 2248 3163 2319 διωχθήσονται.
3214 2251 3473 2318 Πονηροὶ
3527 2249 3595 2302 δὲ
3654 2249 3769 2303 ἄν·

2175 2342 2395 2405 θρωποι
2449 2341 2547 2394 καὶ
2587 2342 2802 2410 γόητες
2838 2344 3266 2411 προκόψουσιν
3285 2343 3383 2396 ἐπὶ
3428 2342 3491 2395 τὸ
3530 2341 3767 2409 χεῖρον.

2175 2430 2527 2499 πλανῶντες
2572 2434 2669 2486 καὶ
2711 2434 3116 2503 πλανώμενοι.
3158 2434 3240 2488 Σὺ
3272 2433 3340 2487 δὲ
3369 2433 3516 2503 μένε
3556 2434 3631 2487 ἐν
3668 2429 3773 2498 οἷς

2175 2523 2392 2592 ἔμαθες
2421 2524 2517 2577 καί
2546 2526 2884 2593 ἐπιστώθης
2904 2568 2919 2592 ,
2951 2525 3122 2592 εἰδὼς
3147 2527 3305 2595 παρὰ
3334 2526 3498 2591 τίνος
3520 2525 3770 2593 ἔμαθες,

2178 2614 2279 2666 καί
2303 2614 2391 2668 ὅτι
2421 2616 2541 2670 ἀπὸ
2556 2617 2829 2686 ,ϐρέφους
2858 2618 2928 2671 τὰ
2960 2620 3085 2686 ιερὰ
3111 2620 3437 2686 Γράμματα
3473 2612 3667 2680 οἶδας,
3687 2614 3775 2667 τὰ

2177 2705 2482 2775 δυνάμενά
2506 2724 2582 2761 σε
2601 2710 2856 2777 σοφίσαι
2885 2712 2972 2775 εἷς
3024 2712 3347 2778 σωτηρίαν,
3379 2710 3476 2761 διὰ
3501 2709 3776 2771 πίστεως

2180 2796 2289 2863 τῆς
2310 2798 2380 2851 ἐν
2407 2800 2639 2868 Χριστῷ
2655 2801 2887 2869 Ἰησοῦ.
2917 2800 3091 2855 Πᾶσα
3114 2802 3326 2872 Γραφὴ
3355 2803 3779 2865 θεόπνευστος

2180 2889 2279 2943 καὶ
2305 2889 2601 2960 ὠφέλιμος
2646 2892 2797 2961 πρὸς
2820 2892 3245 2956 διδασκαλίην,
3294 2895 3442 2964 πρὸς
3482 2894 3776 2961 ἔλεγχον,

2182 2982 2334 3051 πρὸς
2362 2983 2803 3051 ἐπανόρθωσιν,
2824 2985 2975 3052 πρὸς
2998 2986 3281 3040 παιδείαν
3301 2986 3416 3052 τὴν
3444 2987 3514 3039 ἐν
3545 2985 3782 3038 δικαιο-

2184 3077 2368 3143 σύνῃ,
2401 3075 2502 3130 ἵνα
2534 3075 2739 3143 ἄρτιος
2783 3071 2824 3147 ᾖ
2851 3079 2884 3129 ό
2910 3076 3019 3130 τοῦ
3062 3076 3211 3131 Θεοῦ
3251 3078 3580 3146 ἅνθρωπος,
3615 3076 3783 3144 πρὸς

2184 3164 2308 3222 πᾶν
2331 3167 2509 3235 ἔργον
2533 3168 2758 3236 ἀγαθὸν
2782 3168 3233 3238 ἐξηρτισμένος.

2258 3260 2367 3310 Καὶ
2403 3259 2455 3311 τί
2486 3259 2650 3327 λέγω,
2672 3261 2825 3330 φησὶ,
2862 3262 2991 3331 περὶ
3027 3261 3304 3331 ὲμαυτοῦ;
3339 3261 3549 3325 Πάντες
3578 3260 3695 3330 γὰρ
3724 3259 3782 3312 οἱ

2189 3350 2441 3412 θέλοντες
2486 3350 2724 3415 εὐσεϐῶς
2757 3351 2880 3420 ζῇν,
2925 3352 3340 3421 διωχθήσονται,
3386 3353 3627 3421 διωγμὸν
3676 3352 3783 3404 λέ·

2188 3462 2325 3512 γων,
2360 3444 2433 3497 κού
2486 3447 2645 3515 μόνον
2679 3444 2830 3516 παρὰ
2875 3445 2988 3499 τῶν
3021 3446 3448 3513 εἰδωλολατρῶν,
3491 3447 3634 3500 ἀλλὰ
3673 3446 3785 3498 καὶ

2190 3533 2288 3595 τὰς
2331 3532 2538 3601 θλίψεις
2588 3534 2683 3586 καλ
2716 3535 2844 3596 τοὺς
2880 3536 3244 3605 πειρασμοῦ-ς.
3294 3536 3464 3606 Στενὴ
3519 3537 3632 3605 γὰρ
3676 3539 3787 3589 καὶ

2188 3624 2582 3693 τεθλιμμένηή
2612 3622 2730 3686 ὁδὸς
2765 3623 2863 3693 τῆς
2898 3624 3064 3695 ζωῆς.
3101 3645 3120 3676 t
3146 3627 3234 3679 Ἐν
3266 3627 3494 3696 Χριστῷ
3532 3614 3783 3696 Ἰησοῦ.)

2190 3713 2336 3782 Αὕτη
2368 3713 2478 3782 γὰρ
2513 3712 2650 3781 μόνη
2685 3713 2918 3781 εύσεὸὴς
2951 3713 3087 3784 ζωὴ,
3118 3715 3150 3784 ἡ
3198 3717 3254 3767 ὲν
3299 3713 3521 3783 Χριστῷ
3565 3712 3786 3783 Ἰησοῦ.

2199 3825 2218 3860 ι
2244 3806 2675 3875 Διωχθήσονται.
2704 3822 2723 3856 ι
2752 3804 2941 3868 Ούτως
2966 3808 2998 3876 ὴ
3031 3806 3194 3873 φύσις
3225 3805 3345 3859 ἐστὶ
3367 3806 3475 3858 τῶν
3508 3805 3793 3876 πραγμάο

2189 3916 2318 3952 των.
2364 3899 2583 3969 Ἐπειδὴ
2634 3899 2734 3950 οὐκ
2777 3896 2928 3951 ἔστιν
2991 3899 3023 3968 ἡ
3074 3897 3172 3950 νῦν
3208 3898 3321 3967 ζωὴ
3369 3897 3476 3951 τῶν
3505 3897 3790 3962 εὐσεϐῶν,

2190 3989 2328 4044 ἀλλὰ
2361 3990 2469 4043 τῶν
2517 3989 2791 4060 πονηρῶν.
2830 3989 2966 4042 Οὐδὲ
3004 3991 3114 4059 γὰρ
3165 3989 3243 4042 ἔνι
3293 3987 3642 4058 πολεμοῦντα
3686 3992 3795 4040 καὶ

2193 4081 2535 4136 πυκτεύοντα
2591 4083 2649 4134 ὲν
2695 4080 2883 4135 ἀνέσει
2930 4083 3051 4150 ζῇν.
3114 4099 3134 4133 ι
3164 4080 3540 4148 Προκὸψουσιν
3580 4079 3684 4132 ἐπὶ
3727 4080 3796 4133 τὸ

2193 4179 2398 4246 χεῖρον.
2432 4193 2452 4226 ι
2506 4172 2573 4226 Ἢ
2600 4174 2708 4242 γὰρ
2743 4172 2998 4242 προκοπὴ
3026 4172 3136 4224 τῶν
3164 4172 3347 4239 μέσων
3380 4172 3519 4235 ἐστὶ,
3556 4171 3658 4224 καὶ
3689 4172 3799 4222 ἐπὶ

2194 4267 2254 4321 τὸ
2282 4267 2489 4336 βέλτιον
2524 4266 2619 4318 καὶ
2665 4265 2759 4317 ἐπὶ
2804 4264 2865 4317 τὸ
2902 4266 3105 4335 χεῖρον.
3139 4256 3299 4317 Οὗτοι
3348 4263 3644 4333 τοιγαροῦν
3693 4264 3801 4316 ἐπὶ

2195 4354 2257 4407 τὸ
2288 4357 2470 4425 χεῖρον
2500 4354 2891 4425 προκόψουσιν.
2932 4353 3283 4423 Ἐρμηνεύων
3315 4354 3444 4424 γὰρ,
3478 4354 3531 4407 τί
3564 4357 3693 4406 ἐστι
3732 4353 3801 4406 es

2197 4449 2402 4516 χεῖρον,
2452 4440 2578 4499 εἷπε
2630 4446 2859 4516 πλανᾷν,
2891 4448 2983 4499 καὶ
3016 4446 3342 4499 πλανᾶσθαι.
3385 4464 3402 4497 ι
3444 4447 3516 4498 Σὺ
3550 4445 3611 4498 δὲ
3650 4446 3799 4516 μένε

2198 4537 2256 4588 ἐν
2283 4530 2364 4599 οἷς
2389 4535 2612 4606 ἔμαθες.
2654 4555 2674 4587 ι
2708 4564 2780 4575 —-
2799 4536 3025 4599 Ὅμοιον
3052 4539 3080 4589 ὁ
3115 4537 3305 4597 Δαυὶδ,
3324 4536 3415 4606 Μὴ
3456 4535 3800 4605 παραζήλου

2200 4627 2257 4678 ἐν
2278 4627 2757 4696 πονηρευομένοις,
2784 4627 2920 4698 μηδὲ
2949 4630 3006 4680 ὲν
3039 4627 3311 4697 ἀνθρώπῳ
3329 4628 3802 4699 κατευοδουμὲνφ

2200 4719 2259 4770 ὲν
2289 4720 2354 4789 τῇ
2379 4717 2483 4788 ὀδῷ
2546 4718 2764 4772 αὑτοῦ.»
2818 4737 2837 4769 s
2882 4720 2993 4771 Καὶ
3022 4718 3355 4786 ἐπιστώθης,
3390 4737 3410 4770 ι
3450 4720 3611 4787 φησὶ,
3632 4737 3806 4773 τουτ-

2203 4812 2339 4874 έστι,
2376 4811 2514 4881 μετὰ
2547 4811 2922 4882 πληροφορίας
2946 4810 3170 4877 ἔμαθες.
3205 4828 3224 4861 ι
3257 4810 3426 4873 Εἰδὼς
3450 4812 3611 4878 παρὰ
3641 4813 3808 4874 τίνος

2202 4902 2429 4973 ἔμαθες.
2472 4923 2490 4955 ι
2523 4901 2630 4955 Δύο
2658 4902 2840 4964 αἰτίας
2886 4901 3035 4969 λέγει
3073 4903 3169 4955 τοῦ
3225 4902 3337 4955 δεῖν
3390 4901 3558 4956 αὑτὸν
3588 4904 3812 4973 ἀπερι-

2200 5011 2436 5067 τρεπτον
2472 4994 2677 5065 μένειν.
2711 4994 2836 5046 Ὀτι
2869 5010 2930 5046 τε
2958 4994 3019 5046 οὐ
3064 4994 3216 5063 παρὰ
3239 4993 3333 5046 τοῦ
3364 4994 3623 5063 τυχόντος
3655 4994 3813 5065 Epa-

2203 5087 2317 5149 θες,
2348 5087 2485 5141 ἀλλὰ
2520 5086 2627 5140 ἀπὸ
2652 5087 2887 5150 Παύλου,
2907 5087 3002 5140 καὶ
3033 5088 3118 5140 ὃτι
3139 5087 3227 5140 διὰ
3260 5086 3455 5156 βάθους
3480 5086 3513 5155 ἠ
3549 5086 3691 5156 ῥίζα
3720 5104 3813 5147 σοι

2203 5182 2382 5233 κεῖται
2434 5179 2540 5231 τῶν
2598 5177 2851 5247 Γραφῶν,
2900 5179 2960 5230 ὲν
3021 5177 3202 5248 χρόνῳ
3247 5180 3524 5246 γραφεῖσα
3583 5177 3811 5245 πολλῷ.

2224 5269 2372 5339 Ἱερὰ
2401 5268 2460 5320 δὲ
2480 5268 2518 5320 Γ
2526 5267 2814 5338 ράμματα,
2831 5268 2931 5337 τὴν
2960 5267 3324 5321 θεόπνευστον
3349 5268 3500 5335 λέγει
3530 5268 3813 5338 Γραφήν.

2213 5381 2232 5415 ι
2266 5362 2308 5413 Τ
2314 5362 2347 5413 ὰ
2375 5360 2649 5431 δυνάμενά
2679 5377 2738 5413 σε
2770 5360 3015 5426 σοφίσαι.
3045 5379 3063 5410 ι
3099 5359 3214 5413 Οὺκ
3243 5358 3439 5427 ἀφίησί
3465 5375 3524 5411 σε
3554 5360 3816 5430 ἀνόητόν

2205 5474 2259 5510 τι
2288 5455 2506 5521 παθεῖν,
2562 5455 2661 5508 καὶ
2692 5446 2804 5507 οἷον
2849 5455 2899 5507 oi
2947 5453 3158 5510 πολλοί.
3210 5455 3270 5508 Ὀ
3298 5454 3409 5525 γὰρ
3430 5453 3529 5516 τὰς
3562 5454 3818 5525 Γραφὲς

2206 5544 2385 5610 εἰδὼς,
2433 5545 2511 5607 ὡς
2553 5544 2754 5597 εἰδέναι
2785 5544 2913 5615 χρὴ,
2953 5547 3054 5600 οῦκ
3107 5545 3175 5600 ἂν
3205 5545 3580 5616 περιτραπείη
3636 5548 3815 5601 ποτέ.

2217 5657 2235 5689 ι
2266 5639 2359 5701 Εἰς
2389 5637 2667 5708 σωτηρίαν
2702 5638 2790 5692 διὰ
2822 5639 3060 5703 πίστεως
3088 5639 3189 5709 τῆς
3219 5641 3276 5693 ὲν
3307 5638 3533 5710 Χριστῷ
3549 5639 3813 5710 Ἰησοῦ.»
