3988 6590
211 388 318 454 239
1160 389 1546 452 COMMENT.
1572 388 1652 450 IN
1680 391 1789 453 ΕΡ]

1894 392 1919 453 ’.
1957 392 2014 451 Il
2045 392 2145 453 AD
2170 392 2499 456 ΤΙΜΟΤΙΙ.
3370 394 3479 460 2ῗο

211 494 438 564 Mitis:
471 495 526 550 δέ
562 512 648 560 σε,
677 497 738 551 οὗ
766 497 909 553 κατὰ
940 498 1038 569 τὴν
1071 497 1176 563 ἔξω
1209 497 1403 568 σοφίαν
1433 499 1531 569 τὴν
1556 501 1613 552 ὲν
1645 499 1789 569 λόγῳ

1894 500 2032 556 amci
2071 504 2212 585 yulgi
2256 519 2430 559 more.
2482 503 2619 560 Nam
2667 503 2758 576 qui
2793 518 2981 562 sacras
3026 505 3180 562 novit
3219 504 3478 561 Litteras.

214 590 308 645 καὶ
334 589 529 662 ἀπάτῃ
569 590 856 660 κειμένην,
888 589 1003 644 ἀλλ’
1033 593 1114 654 είς
1156 592 1432 661 σωτηρίαν
1476 592 1566 647 διὰ
1597 593 1696 662 τῆς
1735 593 1789 645 ὲν

1897 593 2061 647 sicuti
2108 609 2275 650 nosse
2317 603 2553 665 oportet,
2598 611 2878 665 nunquam
2947 597 3192 652 subverti
3258 596 3481 668 poterit.

212 681 444 753 Χριστῷ
498 683 761 747 πίστεως.
808 684 872 736 Δί
911 683 1021 752 γὰρ
1060 682 1210 751 ἅγιαι
1254 683 1489 754 Γραφαὶ,
1531 686 1625 738 καὶ
1664 686 1698 755 ὴ
1738 683 1798 750 ἐξ

208 775 390 829 αὐτῶν
422 780 607 844 σοφία,
637 777 717 840 είς
743 776 924 830 πίστιν
945 777 1139 844 ἄγουσι
1155 774 1246 828 τοῦ
1280 776 1538 845 Χριστοῦ.
1574 796 1592 828 ι
1636 780 1795 832 Πᾶσα

208 868 403 939 Γραφὴ
433 868 801 933 θεόπνευστος
866 869 961 923 καὶ
989 868 1286 939 ὠφέλιμος.
1324 887 1342 921 ι
1382 869 1617 933 Πολλοὺς
1648 871 1799 941 εἰρη-

214 961 323 1021 κὼς
382 960 747 1030 παραμυθίας
788 960 1024 1030 τρόπους
1078 959 1173 1014 νῦν
1218 961 1313 1015 καὶ
1381 961 1472 1014 τὸν
1540 963 1794 1032 μέγιστον

208 1050 373 1117 λέγει,
411 1053 508 1103 τὸν
544 1053 608 1105 ὲκ
639 1053 738 1121 τῆς
774 1050 1140 1120 ἀναγνώσεως
1171 1052 1281 1105 τῶν
1312 1053 1350 1104 Γ
1356 1052 1564 1122 ραφῶν.
1596 1055 1791 1124 Λυπη-

214 1145 298 1214 ρὶν
325 1145 440 1215 γὰρ
468 1144 655 1215 μέλλει
684 1145 863 1214 λέγειν
892 1147 974 1199 ὅτι
1008 1143 1337 1199 τελειοῦται.
1367 1147 1430 1198 Εἰ
1455 1145 1511 1197 δὲ
1543 1146 1794 1217 Τιμοθέῳ

209 1238 284 1291 δεῖ
308 1237 743 1305 ἀναγινώσκειν,
786 1239 936 1309 πόσῳ
969 1239 1170 1309 μᾶλλον
1196 1240 1364 1309 ww;
1401 1257 1419 1289 ι
1460 1240 1603 1308 Πρὸς
1641 1239 1792 1291 διδα-

212 1330 461 1384 σκαλίαν.
503 1349 523 1383 ι
599 1331 820 1402 Ἐπειδὴ
871 1333 938 1386 τὰ
990 1333 1203 1402 χρηστὰ
1255 1333 1495 1386 διδάσκει
1549 1332 1794 1402 δόγματα

210 1424 294 1475 καὶ
322 1423 663 1493 πράγματα.
706 1442 725 1474 ι
764 1424 905 1494 Πρὸς
935 1423 1182 1494 ἔλεγχον.
1219 1444 1237 1477 ι
1272 1423 1365 1487 Et;
1411 1424 1493 1479 τὸ.
1529 1424 1595 1477 τὰ
1621 1423 1791 1496 ψευδῆ

212 1516 477 1583 ἐλέγχειν.
520 1534 538 1566 ι
566 1517 708 1587 Πρδς
779 1517 1173 1588 ἐπανόρθωσιν.
1218 1536 1236 1568 ι
1288 1518 1382 1580 Είς
1428 1518 1507 1582 τὸ,
1552 1517 1794 1589 διορθοῦ-

211 1606 327 1658 σθαι
354 1606 494 1670 τοὺς
521 1606 807 1676 ἀδελφούς.
844 1628 862 1660 ι
897 1608 1042 1678 Πρὸς
1076 1608 1328 1662 παιδείαν
1363 1610 1461 1677 τὴν
1504 1610 1561 1660 ὲν
1586 1608 1792 1661 δικαιο-

213 1698 358 1768 σύνῃ.
400 1717 420 1750 ι
465 1700 612 1769 Πρὸς
664 1700 726 1753 τὸ
783 1699 1069 1754 παιδεῦσαι
1117 1702 1210 1754 καὶ
1262 1704 1553 1769 ὲναγαγεῖν
1590 1703 1671 1763 είς
1709 1701 1791 1755 δι-

210 1790 532 1860 καιοσύνην.
583 1791 679 1845 Ἐκ
721 1794 829 1863 γὰρ
857 1794 921 1864 δὴ
948 1794 1179 1859 τούτων,
1226 1796 1394 1865 φησι,
1443 1792 1788 1865 περιγίνεται

208 1898 325 1946 τινι,
381 1883 450 1935 τὸ
483 1883 671 1954 ἄρτιον
701 1882 863 1938 εἶναι.
896 1886 1118 1955 ’Ἄρτιος
1163 1886 1219 1938 δέ
1255 1888 1421 1951 ἐστιν,
1471 1888 1500 1939 ὁ
1533 1886 1618 1939 ἁεί
1653 1886 1782 1948 ίσος,

207 1980 295 2028 καὶ
324 1977 478 2047 μήτε
513 1980 632 2041 τοῖς
665 1976 932 2047 λυπηροῖς
980 1979 1302 2049 κλινόμενος
1358 1981 1452 2033 καὶ
1496 1977 1786 2032 ταπεινού-

212 2085 384 2137 μενος,
418 2072 565 2139 μήτε
595 2076 708 2134 τοῖς
752 2075 1011 2143 χρηστοῖς
1044 2072 1405 2142 ἐπαιρόμενος
1445 2074 1538 2125 καὶ
1569 2069 1788 2142 φυσιού-

211 2176 382 2228 μενος,
404 2160 530 2212 ἀλλ’
556 2163 642 2215 ἀεὶ
672 2163 931 2226 ὡσαύτως
957 2163 1096 2234 ἔχων
1129 2165 1187 2216 ἐν
1206 2163 1525 2234 πράγμασιν
1551 2164 1778 2226 ἀνίσοις.

215 2268 234 2301 ι
263 2251 403 2321 Πρὸς
435 2254 551 2306 πᾶν
584 2254 745 2324 ἔργον
775 2255 999 2323 ἀγαθόν.
1044 2274 1061 2306 ι
1122 2255 1233 2325 Οὐχ
1285 2254 1475 2317 ἁπλῶς
1517 2255 1780 2324 μετέχων,

210 2342 316 2395 ἀλλ’
336 2344 763 2416 ἀπηρτισμένος
793 2350 884 2400 καὶ
914 2350 1366 2419 πεπληρωμένος.

1906 703 1925 737 ι
1962 685 2043 739 Ad
2067 686 2297 742 salutem
2333 703 2430 758 per
2457 689 2616 743 tidem
2644 705 2766 760 qua:
2799 697 2886 746 est
2916 689 2972 745 in
3003 689 3228 746 Christo
3265 688 3421 744 Jesu.
3451 706 3472 740 ι

1895 778 2167 833 Erndiunt
2221 788 2401 834 autem
2438 791 2511 845 te,
2541 795 2651 835 non
2707 797 2859 838 more
2903 791 3144 838 externa:
3197 783 3481 853 sapientia

1894 885 2018 940 qua:
2044 870 2097 924 in
2134 888 2392 928 sermone
2422 882 2476 928 et
2501 890 2692 930 errore
2724 876 2829 930 sita
2864 883 2969 939 est,
3006 876 3102 930 sed
3142 877 3208 930 ad
3243 878 3477 932 salutem

1898 977 1992 1032 per
2020 963 2185 1017 [idem
2219 981 2340 1034 qua:
2371 966 2425 1019 in
2470 965 2691 1021 Christo
2723 976 2827 1021 est.
2865 964 2998 1020 Nam
3051 981 3226 1022 sacrm
3259 965 3480 1022 Littera:

1894 1063 1948 1111 et
1987 1056 2258 1125 sapientia
2286 1072 2409 1126 qua:
2446 1072 2510 1113 ex
2539 1059 2620 1113 eis
2663 1061 2925 1123 sumitur,
2959 1059 3026 1111 ad
3065 1058 3226 1113 ﬁdem
3271 1058 3480 1114 Christi

1893 1148 2121 1202 ducunt.
2176 1167 2195 1199 ι
2262 1148 2456 1206 Omnis
2504 1148 2791 1220 Scriptura
2861 1151 3130 1206 divinitus
3206 1152 3478 1221 inspirata

1897 1250 2003 1297 est.
2044 1262 2058 1291 ι
2095 1242 2196 1297 Ubi
2255 1243 2460 1297 multos
2495 1243 2897 1297 consolationis
2952 1240 3145 1297 modos
3184 1243 3478 1312 expressit,

1894 1349 2042 1389 nunc
2091 1334 2257 1389 etiam
2310 1335 2609 1389 maximum
2658 1335 2792 1389 dicit
2839 1336 2935 1404 qui
2990 1342 3074 1389 est
3125 1350 3189 1388 ex
3245 1335 3480 1389 lectione

1896 1427 2330 1495 Scripturarnm.
2395 1426 2529 1480 Nam
2586 1427 2745 1481 triste
2797 1426 3004 1495 aliquid
3056 1426 3309 1481 dicturus
3370 1435 3476 1488 est,

1894 1534 2092 1588 nempe
2126 1522 2191 1573 de
2247 1533 2345 1573 sua
2403 1528 2600 1573 morte.
2633 1517 2789 1584 Quod
2826 1516 2872 1572 si
2904 1517 3250 1573 Timotheum
3302 1518 3481 1588 legere

1892 1619 2130 1680 oportet,
2177 1619 2388 1681 quanto
2437 1611 2609 1681 magis
2656 1610 2798 1665 nos?
2863 1628 2882 1661 ι
2934 1609 3016 1663 Ad
3084 1607 3413 1664 doctrinam.
3454 1626 3473 1660 ι

1893 1703 2163 1770 Quoniam
2215 1705 2361 1759 bona
2400 1705 2561 1759 docet
2596 1705 2850 1775 dogmata
2880 1713 2933 1759 ct
2961 1718 3149 1772 onera.
3184 1720 3203 1754 ι
3237 1701 3320 1756 Ad
3357 1702 3480 1756 red-

1891 1797 2259 1866 argutiouem.
2304 1814 2322 1849 ι
2358 1797 2438 1850 Ad
2473 1796 2574 1849 hoc
2614 1804 2675 1850 ut
2721 1796 2856 1859 falsa
2890 1796 3311 1864 reilarguantur.
3344 1811 3362 1843 ι
3398 1794 3478 1847 Ad

1819 1866 1861 1920 Β
1890 1886 2315 1940 correctionem.
2359 1904 2377 1937 ι
2412 1885 2493 1939 Ad
2542 1884 2904 1952 corrigendos
2956 1884 3177 1939 fratres.
3222 1902 3241 1935 ι
3278 1883 3358 1936 Ad
3400 1884 3482 1937 in-

1890 1977 2236 2031 stitutionem
2283 1987 2507 2046 quaeest
2546 1977 2601 2030 in
2654 1977 2894 2045 justitia.
2940 1995 2957 2028 ι
2999 1975 3079 2030 Ad
3111 1974 3479 2030 erudiendum

1889 2076 1941 2121 et
1993 2066 2366 2122 inducendum
2414 2068 2478 2121 ad
2510 2068 2801 2137 justitiam.
2850 2066 2927 2121 Ex
2992 2068 3076 2120 his
3118 2074 3300 2121 autem
3347 2080 3482 2120 cou—

1887 2161 2052 2227 tingit
2103 2161 2264 2213 alicui
2295 2168 2352 2213 ut
2396 2161 2605 2230 integer
2635 2161 2729 2215 sit.
2775 2160 2872 2215 Est
2911 2170 3097 2214 autem
3131 2161 3342 2228 integer
3374 2151 3477 2227 qui

1886 2269 2104 2322 semper
2150 2262 2236 2306 est
2263 2253 2511 2322 aequalis,
2561 2262 2614 2306 ct
2641 2267 2819 2321 neque
2850 2254 2916 2306 ad
2952 2252 3125 2305 tristia
3158 2252 3397 2305 declinat
3427 2254 3481 2302 (ι

1896 2345 2161 2414 dejicitnr
2209 2344 2415 2411 animo,
2442 2338 2619 2413 neque
2647 2347 2713 2397 ad
2749 2357 3012 2413 prospera
3052 2343 3284 2412 erigitur
3310 2350 3362 2396 et
3393 2342 3481 2393 in-

210 2442 489 2506 tumescit,
514 2441 607 2494 sed
634 2456 850 2512 semper
878 2445 994 2513 pari
1038 2445 1199 2498 modo
1245 2460 1304 2499 se
1340 2444 1502 2498 habet
1538 2443 1591 2497 in
1630 2442 1796 2498 rebus
1872 2442 2205 2509 imparibus.
2245 2459 2263 2493 ι
2301 2439 2381 2495 Ad
2402 2456 2566 2494 ontne
2597 2454 2735 2512 opus
2758 2440 2990 2495 bonum.
3031 2458 3051 2492 ι
3116 2436 3238 2491 Νοιι
3268 2438 3481 2509 vulgari

214 2532 362 2583 modo
388 2536 677 2603 particeps
728 2535 926 2601 factus,
976 2539 1073 2592 sed
1110 2536 1392 2608 perfectus
1432 2554 1496 2592 ac
1542 2540 1874 2607 completus.

273 2627 751 2695 Διαμαρτύρομαι
785 2625 901 2684 οὖν
927 2631 1044 2702 ἐγὼ
1089 2631 1347 2687 ἐνώπιον
1375 2635 1483 2687 τοῦ
1513 2634 1664 2688 Θεοῦ
1691 2632 1790 2687 καὶ

212 2716 309 2769 τοῦ
336 2720 572 2785 Κιιρίου
606 2719 810 2787 Ἰησοῦ
844 2724 1104 2790 Χριστοῦ
1140 2724 1248 2779 τοῦ
1292 2725 1632 2794 μέλλοντος
1664 2727 1788 2797 κρί-

213 2824 330 2860 νειν
377 2807 611 2876 ζῶντας
669 2814 764 2865 καὶ
815 2815 1071 2882 νεκροὺς
1099 2816 1251 2870 κατὰ
1295 2816 1411 2885 τὴν
1437 2816 1794 2885 ἐπιφάνειαν

213 2902 390 2955 αὐτοῦ
432 2904 534 2957 καὶ
572 2903 688 2968 τὴν
729 2906 1061 2969 ,βασιλείαν
1106 2908 1316 2965 αὑτοῦ.
1368 2911 1640 2978 Κίιξρυξογ
1684 2910 1795 2965 τὸν

213 2991 433 3062 λόγον,
474 2995 756 3064 ἐπίστηθι
814 3000 1119 3068 εὐκαίρως,
1171 3001 1452 3068 ἀκαίρως.
1477 3002 1790 3071 Ἕλεγξον,

213 3088 591 3159 ἐπιτίμησον,
639 3094 1072 3162 παρακάλεσον
1099 3097 1168 3151 ἐν
1201 3096 1367 3166 πάσῃ
1414 3097 1796 3168 μακροθυμίᾳ

213 3182 301 3234 καί
327 3183 579 3253 διδαχῇ.

1964 2631 2055 2699 ιν,
2096 2631 2209 2687 1-2.
2241 2630 2490 2687 Obtestor
2512 2631 2678 2701 igitur
2702 2646 2794 2701 ego
2823 2645 3005 2683 coram
3039 2628 3143 2683 Deo
3175 2638 3224 2683 et
3254 2628 3481 2684 Domino

1894 2724 2025 2780 Iesu
2055 2724 2266 2781 Christo
2316 2726 2407 2795 qui
2424 2724 2771 2793 judicaturus
2820 2731 2898 2777 est
2928 2723 3067 2776 vivos
3090 2730 3139 2776 et
3163 2731 3397 2774 mortuos
3428 2722 3485 2774 in

1894 2819 2228 2888 apparitione
2253 2833 2352 2872 sua
2383 2825 2431 2870 et
2470 2817 2525 2870 in
2552 2830 2707 2885 regno
2740 2830 2856 2868 suo.
2891 2813 3136 2867 Prtedica
3163 2826 3483 2874 sermonem,

1892 2913 2036 2966 inita
2089 2913 2404 2979 tempestive,
2468 2909 2847 2977 intempestive,
2896 2907 3164 2970 conuinre,
3207 2906 3420 2972 increpa
3460 2920 3481 2959 :

1893 3006 2173 3059 exltortarc
2203 3018 2319 3056 cum
2351 3000 2752 3070 longanimitate
2772 3006 2819 3051 et
2851 2996 3121 3052 doctrina.

290 3276 351 3329 Ἦ
401 3280 641 3350 συνεχὴς
685 3281 1051 3355 διαμαρτυρία
1091 3285 1209 3356 ἦτοι
1244 3286 1618 3358 παραγγελία,
1658 3287 1786 3359 τρία

1958 3272 2231 3329 Coutinua
2270 3270 2568 3327 obtestatio
2619 3280 2672 3326 et
2712 3277 3045 3341 praeceptum
3102 3268 3206 3323 tria
3256 3266 3401 3336 parit
3456 3280 3472 3318 :

214 3367 402 3431 τίκτει,
442 3370 831 3443 φοϐερωτέραν
857 3392 915 3427 τε
953 3376 1046 3446 τὴν
1075 3379 1457 3449 παραγγελίαν
1492 3381 1582 3432 καὶ
1611 3380 1790 3451 ἀπαρ-

217 3459 437 3528 αίτητον
464 3466 627 3525 ποιεῖ,
658 3466 754 3516 καὶ
784 3466 844 3517 τὸ
883 3468 1226 3538 σωτηριῶδες
1250 3468 1344 3522 τοῦ
1372 3470 1532 3538 λόγου
1559 3470 1791 3541 παρατί-

217 3548 403 3607 Garat.
434 3553 509 3609 Οὐ
557 3555 667 3625 γὰρ
717 3558 766 3609 εί
819 3559 892 3628 μὴ
924 3560 1164 3623 τοιοῦτος
1190 3558 1277 3633 ἧν,
1313 3564 1415 3616 ἔδει
1446 3564 1607 3616 αὑτὸν
1651 3563 1791 3633 μετὰ

218 3643 485 3714 τοσαύτης
521 3646 937 3717 ἀνυπεροέσεως
968 3653 1333 3723 κηρυχθῆναι.
1374 3657 1480 3708 Καὶ
1515 3656 1595 3709 ὅτι
1625 3657 1686 3709 τὸ
1714 3658 1790 3709 oi-

217 3737 349 3788 κεῖον
383 3737 591 3806 πληροῖ
638 3742 665 3793 ὁ
716 3744 1133 3813 παραγγέλλων.
1188 3747 1389 3817 μηκέτι
1428 3750 1789 3819 ὑποκείμενος

218 3828 298 3898 τῇ,
326 3828 408 3891 ὡς
442 3830 612 3898 εἰκὸς,
656 3835 918 3907 γινομένῃ
955 3840 1082 3908 περὶ
1110 3838 1169 3891 τὸ
1219 3840 1484 3910 κήρυγμα
1534 3842 1787 3914 ἀμελείᾳ.

226 3934 243 3968 ι
270 3918 376 3972 Τοῦ
413 3920 706 3989 μέλλοντος
740 3926 946 3996 κρίνειν
981 3926 1192 3993 ζῶντας
1241 3933 1336 3983 καὶ
1380 3931 1629 4002 νεκρούς.
1671 3952 1688 3984 ι
1719 3930 1792 3987 Ἦ

223 4010 580 4082 ἁμαρτωλοὺς
626 4015 898 4084 λέγεικαὶ
929 4019 1211 4085 δικαίους,
1258 4021 1290 4094 ἢ
1339 4024 1465 4086 τοὺς
1513 4023 1790 4094 προαπελ-

223 4103 429 4168 ῦὸντας,
453 4108 550 4160 καὶ
584 4108 712 4172 τοὺς
743 4109 822 4162 ἔτι
848 4108 1079 4176 ζῶντας,
1128 4111 1160 4185 ἢ
1208 4115 1290 4167 ὅτι
1319 4115 1504 4168 πολλοὶ
1533 4117 1790 4170 καταλει-

222 4195 515 4266 φθήσονται
542 4197 746 4264 ζῶντες
768 4201 989 4256 τότε.⁹0
1018 4208 1109 4257 καὶ
1137 4204 1372 4275 ἀλλαχοῦ
1410 4223 1562 4276 φησι,
1583 4207 1790 4270 Πάντες

226 4288 316 4356 μὶν
333 4290 397 4342 οὐ
421 4291 908 4363 κοιμηθησόμεθα.
956 4313 974 4345 ι
1003 4295 1161 4348 Κατᾶ
1200 4296 1299 4367 τὴν
1331 4299 1655 4367 ἐπιφάνειαν
1694 4299 1792 4351 αὑ-

220 4379 329 4436 τοῦ.
362 4400 383 4432 ι
453 4383 594 4436 Πότε
654 4384 939 4454 μέλλοντος
988 4387 1236 4457 κρίνεινς
1291 4388 1350 4442 ὲν
1394 4392 1458 4460 τῇ
1495 4392 1791 4462 ἐπιφανείᾳ

224 4472 406 4539 αὐτοῦ,
457 4477 526 4544 τῇ
573 4476 711 4545 μετὰ
751 4476 1029 4546 βασιλείας
1080 4480 1176 4533 καὶ
1223 4479 1380 4548 δόξης
1422 4482 1788 4554 γενησομένη.

223 4563 349 4617 οὐδὲ
379 4566 493 4636 γὰρ
527 4565 703 4631 οὕτως
730 4568 849 4638 ἥξει
883 4565 1116 4645 (Egi-‘10:
1151 4571 1438 4641 πρότερον.
1478 4591 1496 4623 ι
1540 4573 1788 4645 Κὴρυξον

222 4651 511 4721 τὸνλόγον.
548 4674 567 4708 ι
606 4655 671 4709 τί
694 4657 750 4709 δὲ
784 4657 1268 4729 διαμαρτύρομαι;
1307 4661 1397 4731 Μὴ
1424 4662 1787 4735 κατακρύιζαῃς

222 4744 305 4798 τδν
355 4747 541 4816 λόγον.
610 4750 798 4820 φησιν,
846 4750 982 4804 ἀλλὰ
1034 4750 1291 4822 κήρυξον.
1350 4771 1368 4804 ι
1418 4754 1726 4825 Ἔπίστηθι.
1764 4775 1782 4808 ι

222 4832 357 4901 Οἴον,
382 4838 667 4907 Αίφνίδιον
693 4841 1005 4906 ἐπισκόπει,
1035 4843 1208 4913 ὲφόρα
1254 4845 1327 4916 μή
1354 4861 1436 4908 τις
1466 4847 1782 4919 ἁμαρτάνῃ,

222 4930 496 4983 καὶτοῦτο
525 4931 692 4997 ποίει,
744 4934 1036 5007 εὐκαίρως,
1093 4936 1359 5006 ἀκαίρως,
1391 4939 1666 5002 τουτέστι,
1712 4939 1785 5009 μὴ

223 5021 348 5076 last»
387 5042 473 5077 σοι
523 5028 718 5097 καιρὶς
770 5030 910 5098 πρὸς
948 5029 1108 5084 τοῦτο
1167 5030 1497 5101 ὡρισμένος,
1550 5031 1667 5084 ἀλλ’
1726 5033 1786 5086 ὲν

222 5111 426 5185 ἑκάστῳ
457 5117 639 5186 καιρῷ
674 5118 777 5173 κᾶν
822 5118 897 5190 μὴ
939 5123 1215 5191 προσῆκον
1243 5117 1298 5195 ᾖ,
1330 5120 1637 5174 ἐπισκόπει.
1675 5121 1787 5174 Καὶ

223 5201 308 5255 ἐὰν
331 5205 521 5279 εὕρῃς,
559 5207 748 5280 φησιν,
785 5211 1170 5281 ἡμαρτηκότα.
1211 5211 1529 5279 «Ἕλεγξον.
1560 5230 1578 5261 ι
1618 5211 1785 5264 Οὐδὲν

225 5295 324 5365 γὰρ
350 5296 431 5350 δεῖ
458 5298 568 5369 πρὸ
602 5299 829 5371 ἐλέγχου
865 5302 1061 5355 ποιεῖν.
1094 5303 1203 5355 Καὶ
1232 5304 1371 5371 μετὰ
1404 5302 1465 5354 τὸ
1504 5302 1785 5367 ἀποδεῖξαι

225 5387 279 5438 τι
306 5391 574 5461 πταῖσμα,
610 5408 629 5442 ι
670 5390 1048 5465 Ἐπιτίμησον.
1085 5413 1103 5446 ι
1153 5393 1415 5464 Μέμψαι,
1464 5393 1782 5463 ἐγκὶλεσον.

231 5475 348 5535 Εἶτα
384 5485 527 5554 μετὰ
556 5485 656 5554 τὴν
696 5485 932 5556 πληγὴν,
963 5485 1148 5551 ἐπίθες
1181 5487 1492 5559 φάρμακον.
1529 5509 1547 5537 ι
1593 5487 1784 5556 Παρα-

226 5571 441 5629 καλεσον
468 5594 489 5627 ι
525 5576 656 5647 γὰρ,
681 5580 866 5647 φησιν,
890 5597 909 5631 ι
928 5579 1015 5632 ἵνα
1048 5578 1123 5650 μὴ
1153 5582 1216 5648 τῇ
1250 5577 1615 5649 περισσοτέρᾳ
1639 5576 1784 5647 λύπῃ

224 5668 496 5738 καταποθῇ
541 5668 855 5734 ὀτοιοῦτος.
892 5689 911 5723 ι
945 5688 963 5723 ι
1004 5669 1093 5725 Ἑν
1146 5670 1297 5743 πάσῃ
1342 5666 1711 5741 μακροουαίᾳ-
1759 5684 1817 5735 ³.

210 5886 213 5887 γ
292 5842 388 5915 ’⁸-1
419 5845 562 5902 'Cor.
599 5845 801 5916 xv,5l.

1812 4624 1867 4684 D

1892 3363 2296 3420 formidabilius
2355 3363 2538 3419 reddit
2594 3371 2922 3434 praeceptum
2980 3370 3039 3417 et
3097 3359 3479 3424 irrccusabile,

1891 3458 2149 3527 quodque
2179 3458 2422 3513 salutare
2450 3464 2534 3511 est
2563 3456 2617 3510 in
2652 3469 2907 3509 sermone
2941 3453 3226 3523 proponit.
3282 3451 3478 3522 Neque

1891 3550 2035 3604 enim
2074 3551 2123 3603 ἐἰ
2154 3549 2279 3603 talis
2314 3564 2420 3601 non
2455 3555 2622 3612 esset,
2652 3555 2929 3616 oporteret
2960 3545 3136 3615 ipsum
3165 3559 3289 3597 cum
3322 3549 3477 3596 tanta

1893 3641 2233 3695 sublimitate
2285 3640 2595 3710 pra'dicari.
2648 3638 2918 3691 Praeterea
2961 3636 3106 3704 quod
3171 3648 3331 3689 suum
3390 3639 3478 3686 est

1893 3733 2024 3786 facit
2054 3733 2102 3787 is
2117 3732 2211 3801 qui
2235 3732 2476 3800 prweipit
2503 3738 2554 3784 et
2584 3727 3016 3797 annuntiat,jam
3046 3741 3153 3780 non
3179 3724 3477 3790 obnoxius,

1893 3833 1952 3880 ut
1977 3825 2277 3879 verisimile
2307 3830 2413 3887 est,
2455 3820 2802 3891 negligentiae
2835 3835 2957 3887 qua:
3003 3819 3149 3871 circa
3204 3815 3476 3886 praedica-

1892 3918 2100 3971 tionem
2162 3917 2303 3971 solet
2358 3915 2697 3983 centingere.
2766 3931 2785 3963 ι
2845 3911 2950 3977 Qui
2998 3910 3349 3979 indicaturus
3394 3912 3479 3961 est

1892 4009 2049 4062 vivos
2076 4018 2129 4061 et
2166 4015 2435 4059 mortuos.
2474 4023 2493 4056 ι
2516 4006 2619 4057 Aut
2653 4012 2973 4074 peccatores
2998 4003 3134 4055 dicit
3166 4012 3219 4054 et
3245 4001 3431 4069 justos
3459 4014 3475 4052 :

1895 4112 1987 4155 aut
2013 4115 2108 4155 eos
2148 4100 2373 4171 qnijam
2412 4097 2614 4151 mortui
2649 4104 2828 4158 erant,
2863 4094 3068 4165 quique
3106 4093 3286 4146 adhuc
3319 4091 3476 4144 vive-

1892 4195 2027 4249 bant
2060 4211 2075 4249 :
2107 4204 2202 4247 aut
2246 4192 2375 4260 quia
2406 4189 2559 4245 multi
2609 4204 2672 4244 eo
2704 4198 2950 4256 tempore
2978 4187 3083 4239 vivi
3124 4181 3475 4253 relinquendi

1892 4295 2045 4352 sunt,
2083 4286 2223 4339 sicut
2263 4282 2392 4337 alibi
2423 4281 2596 4336 dicit:
2626 4280 2828 4334 Omnes
2844 4278 3062 4347 quidem
3085 4290 3194 4330 non
3229 4273 3474 4329 dormie-

1896 4377 2106 4434 mns“.
2137 4393 2157 4427 ι
2192 4374 2250 4429 In
2288 4374 2632 4443 apparitione
2673 4384 2793 4424 sua.
2832 4387 2850 4418 ι
2883 4366 3043 4437 277
3076 4361 3472 4430 Quandojudi-

1897 4478 2126 4523 caturus
2171 4462 2299 4519 est?
2347 4461 2404 4516 In
2447 4459 2794 4531 apparitione
2839 4470 2960 4517 sua,
2992 4468 3113 4522 quae
3161 4451 3345 4505 futura
3387 4456 3473 4505 est

1895 4573 2021 4614 cum
2077 4556 2364 4626 majestate
2400 4560 2455 4607 et
2507 4552 2705 4621 gloria.
2743 4548 2930 4618 Neque
2980 4547 3127 4601 enim
3171 4545 3244 4598 ita
3290 4544 3470 4596 veniet

1890 4654 2033 4707 sicut
2066 4651 2219 4719 prius
2253 4646 2421 4702 venit.
2459 4664 2478 4697 ι
2517 4644 2755 4699 Ρινιεᾱὶεε
2786 4653 3118 4695 sermonem.
3152 4656 3171 4689 ι
3201 4635 3341 4702 Quid
3373 4648 3471 4690 au-

1890 4754 2001 4801 tem
2047 4743 2340 4798 obtestor?
2374 4740 2456 4796 Ne
2507 4738 2752 4794 occultes
2798 4746 3129 4795 sermonem,
3183 4730 3278 4786 sed
3327 4744 3467 4800 prae-

1890 4838 2065 4893 dices.
2119 4852 2138 4887 ι
2179 4834 2352 4889 Iusta.
2385 4851 2405 4885 ι
2438 4830 2550 4886 lloc
2592 4837 2698 4889 est,
2726 4827 2974 4896 Repente
3017 4822 3378 4890 circumspice
3415 4830 3472 4876 et

1890 4931 2124 4984 observa
2153 4940 2220 4979 ne
2255 4925 2383 4994 quis
2420 4927 2627 4991 peccet.
2663 4917 2730 4972 Et
2775 4918 2878 4971 hoc
2920 4915 3085 4968 facito
3126 4910 3467 4980 tempestive,

1892 5016 2300 5087 intempestive,
2335 5014 2437 5067 hoc
2468 5019 2553 5065 est
2582 5025 2651 5064 ne
2677 5009 2744 5063 ad
2780 5009 2882 5063 hoc
2910 5006 2982 5062 sit
3014 5005 3111 5060 tibi
3146 5012 3357 5059 certum
3400 5018 3466 5058 ac

1890 5112 2176 5167 deﬁnitum
2231 5118 2467 5176 tempus,
2520 5103 2616 5158 sed
2661 5101 2808 5157 omni
2853 5109 3100 5169 tempore
3149 5112 3463 5168 quanquam

1893 5219 2001 5259 non
2030 5201 2198 5256 fuerit
2227 5205 2620 5270 opportunum,
2662 5191 3072 5264 superintende.
3120 5192 3185 5244 Et
3236 5190 3281 5243 si
3311 5189 3467 5243 inve-

1890 5298 2060 5362 neris,
2087 5294 2282 5363 inquit,
2323 5298 2659 5362 peccantem,
2692 5305 2711 5340 ι
2747 5287 3042 5342 Convince.
3090 5302 3109 5337 ι
3137 5283 3284 5338 Nihil
3316 5282 3462 5337 enim

1891 5389 2071 5444 facere
2099 5393 2317 5457 oportet
2342 5385 2662 5454 priusquam
2693 5380 3001 5436 conviceris
3037 5395 3055 5435 :
3083 5386 3138 5433 ει
3172 5384 3461 5446 postquam

1891 5482 2104 5552 lapsum
2136 5494 2260 5535 esse
2305 5477 2635 5541 ostenderis,
2669 5494 2689 5528 ι
2745 5472 2989 5545 lncrepa.
3029 5491 3050 5526 ι
3082 5468 3467 5540 Reprehende,

1891 5573 2146 5643 obiurga.
2174 5570 2381 5627 Deinde
2413 5578 2537 5641 post
2568 5569 2771 5624 vulnus
2817 5566 2955 5621 adde
2988 5573 3043 5620 et
3080 5563 3466 5633 pharmacum.

1897 5684 1916 5718 ι
1951 5652 2276 5732 Exhortare,
2318 5683 2404 5716 ι-
2423 5682 2442 5717 ι
2467 5679 2533 5719 ne
2551 5660 2720 5718 nimia
2741 5659 2963 5716 tristitia
2982 5655 3339 5722 absorbentur
3364 5650 3464 5727 qui
