3918 6590
490 385 586 450 23!

1508 401 1900 461 (ECUMENII
1941 400 2228 461 TRHZCE
2268 400 2605 461 EPlSCOPl

3620 396 3734 460 232

490 503 800 573 huiusmodi
820 516 922 564 est.
955 527 972 560 ι
1000 539 1067 551 —
1089 529 1107 561 ι
1134 511 1268 567 Cum
1291 512 1436 567 omni
1461 513 1890 582 longanimitate.
1918 532 1935 563 ι
1963 512 2062 568 Sed

2173 512 2574 584 Μακροθυμέας
2625 513 2734 582 γὰρ
2789 511 2962 565 δεῖται
3017 511 3078 564 τὸ
3129 511 3384 581 πρᾶγμα,
3453 510 3596 566 ὥστε
3659 511 3738 583 μὴ

487 599 706 667 quidem
738 601 1151 672 longanimitate
1175 619 1313 675 opus
1345 614 1427 660 est
1458 609 1514 660 in
1550 606 1654 660 hac
1683 622 1762 669 re.
1799 622 1867 660 ne
1896 606 2060 661 facile

487 694 678 746 credat
709 705 1005 767 utcumque
1031 697 1320 762 del‘erenti,
1372 698 1466 754 sed
1511 714 1609 770 per
1661 713 1824 755 omne
1858 701 2061 755 scruti-

488 783 640 838 nium
681 794 736 840 et
775 787 1084 858 indaginem
1136 791 1420 860 perveniat
1471 791 1538 844 ad
1585 791 1892 847 veritatem.
1925 811 1944 845 ι
1993 791 2060 849 Ει

487 873 762 930 doctrina.
799 895 818 930 ι
858 879 1319 946 Admonitionem,
1356 882 1554 952 inquit,
1583 897 1690 935 una
1717 898 1839 938 cum
1876 884 2059 942 incre-

490 966 710 1036 patione
741 977 1000 1040 tanquam
1026 971 1137 1026 lilio
1163 971 1418 1040 adiunge,
1447 987 1555 1028 non
1585 981 1841 1041 tanquam
1880 976 2062 1030 inimi-

489 1073 614 1112 cuni
655 1061 907 1128 puniens.
942 1059 1104 1115 Novit
1134 1061 1282 1116 enim
1315 1062 1748 1120 admonitionem
1785 1065 2058 1122 interdum

489 1150 615 1219 plus
644 1152 903 1220 prodesse
939 1167 1102 1208 ouam
1141 1154 1599 1224 increpationem.

1059 1309 1291 1367 CAPUT
1339 1311 1477 1366 V'lll.

560 1421 636 1476 De
666 1423 746 1478 his
777 1425 866 1494 qui
895 1440 1028 1479 nova
1060 1425 1413 1509 moliebantur
1441 1425 1627 1496 quibus
1661 1427 1988 1483 Timotheum

1157 1507 1386 1566 opponit.

557 1604 648 1668 IV,
677 1606 793 1661 5-5.
833 1606 976 1661 Nam
1011 1610 1112 1664 erit
1150 1619 1352 1680 tempus
1393 1629 1511 1666 cum
1546 1630 1731 1668 sanam
1762 1613 2061 1670 doctrinam

488 1714 590 1752 non
626 1701 979 1766 sustinebunt,
1004 1704 1094 1756 sed
1115 1704 1276 1773 juxta
1303 1709 1750 1776 eoucupiscentias
1784 1727 1908 1764 suas
1935 1727 2056 1764 coa-

488 1791 770 1843 cervabunt
830 1792 1062 1860 sibiipsis
1115 1796 1398 1865 magistros
1462 1798 1516 1851 hi
1575 1799 1764 1869 quibus
1813 1805 2062 1870 pruriunt

487 1894 642 1931 aures
675 1894 693 1932 :
723 1887 772 1932 et
823 1895 855 1932 a
890 1880 1108 1935 veritate
1153 1883 1360 1953 quidem
1395 1901 1551 1940 aures
1595 1898 1846 1954 avertent,
1875 1889 1943 1942 ad
1973 1893 2059 1961 {a-
2090 1905 2132 1961 Β

488 1971 640 2023 bulas
672 1987 788 2024 vero
819 1981 1206 2027 convertentur.
1246 1974 1324 2029 Tu
1357 1993 1478 2032 vero
1520 1979 1573 2032 in
1610 1979 1852 2035 omnibus
1879 1981 2060 2052 vigila,

487 2061 690 2116 obdura
723 2065 776 2116 in
809 2065 1100 2128 laboribus.
1137 2083 1268 2138 opus
1292 2083 1481 2140 perage
1509 2071 1864 2142 evangelista,
1900 2074 2059 2128 mini-

485 2151 705 2205 sterium
729 2161 878 2207 tuum
907 2155 1158 2223 adimple.

557 2333 886 2406 Priusquam
913 2337 1086 2410 igitur
1111 2342 1545 2414 prtecipitentur,
1581 2359 1902 2416 praeoccupa
1937 2345 2060 2403 illos

483 2425 702 2480 interim
721 2426 850 2482 dum
877 2429 974 2485 tibi
997 2440 1210 2500 parent.
1227 2431 1519 2505 Propterea
1536 2435 1668 2490 dicit
1694 2435 2059 2507 Tempestive,

490 2520 894 2589 intempestive,
923 2523 1164 2593 quandin
1197 2525 1494 2586 sustinent.
1524 2526 1757 2600 Oportet
1784 2531 1932 2585 enim
1967 2547 2061 2586 as-

486 2613 913 2686 suesceseipsos
939 2619 1005 2671 ad
1029 2620 1398 2676 obedientiam
1433 2623 1752 2692 priusquam
1787 2622 2060 2678 resiliant.

485 2704 786 2762 Considera
806 2724 933 2764 vero
952 2725 1066 2764 rem
1086 2711 1365 2781 indignam
1382 2712 1678 2782 magistris.
1696 2714 1864 2785 278
1881 2713 2063 2784 Siqui-

487 2797 610 2852 dem
634 2801 995 2867 prasidentiae
1016 2803 1124 2860 illis
1145 2805 1364 2860 occasio
1384 2815 1514 2860 sunt
1548 2804 1726 2875 plebis
1762 2804 2060 2875 concupiso

488 2886 702 2938 ccutiat.
740 2903 759 2937 ι
790 2884 1211 2944 Coacervabunt
1235 2891 1482 2962 sibiipsis
1503 2892 1797 2963 magistros
1838 2909 1852 2944 :
1898 2908 1918 2943 ι
1955 2892 2061 2947 hoc

485 2978 572 3025 est
596 2971 883 3028 doctorum
918 2976 1322 3034 multitudinem
1351 2979 1472 3034 sine
1498 2979 1731 3050 judicio.
1753 2977 1820 3033 Et
1835 2977 2058 3036 dicens:

486 3063 903 3120 tioacervabunt
944 3067 1216 3140 sibiipsis,
1254 3070 1497 3127 ostendit
1527 3071 1675 3143 quod
1713 3087 1744 3126 a
1775 3070 2061 3143 discipulis

486 3157 895 3214 constituentur
945 3162 1215 3233 magistri.
1256 3181 1276 3214 ι
1317 3161 1382 3219 lii
1430 3164 1632 3234 quibus
1666 3164 1924 3235 pruriunt
1961 3177 2060 3219 au-

2164 602 2350 668 ἀπλῶς
2378 607 2490 668 τοῖς
2527 605 2744 673 λέγουσι
2784 604 3088 668 πείθεσθαι,
3121 603 3209 657 διὰ
3237 603 3295 657 δὲ
3345 603 3528 674 πάσης
3577 605 3738 677 ἑρεύο

2163 714 2260 767 νης
2289 696 2549 768 ἔρχεσθαι
2580 697 2672 750 καὶ
2699 696 2873 767 Θήρας
2900 696 2993 750 τοῦ
3024 693 3281 766 ἀληθοῦς.
3319 695 3458 748 (Καὶ
3485 695 3731 765 διδαχῇ.»

2163 785 2320 855 φησί.
2374 785 2484 856 Τὴν
2531 787 2850 858 ἐπιτίμησιν
2898 789 3037 858 μετά
3065 785 3160 840 τοῦ
3211 786 3508 852 νουθετεῖν,
3545 786 3738 856 φησιν,

2160 878 2237 941 ὼς
2279 879 2485 949 τέκνοῳ
2533 879 2740 944 ἐπίθες,
2802 881 2877 950 μὴ
2931 879 3008 943 ὡς
3041 879 3234 951 ἐχθρὸν
3293 878 3736 952 τιμωρούμενος.

2160 965 2284 1022 Οἵδε
2321 971 2429 1042 γὰρ
2457 971 2570 1024 ἐσθ’
2599 973 2689 1025 ὅτε
2719 971 3045 1043 παραίνεσιν
3071 974 3162 1028 καὶ
3190 973 3354 1027 πλέον
3386 973 3607 1043 ἰσχῦσαι
3635 970 3739 1039 τῆς

2162 1061 2556 1132 ἐπιτιμήσεως.

2775 1306 3023 1359 ΚΕΦΛΛ.
3059 1307 3140 1359 H'.

2161 1414 2301 1484 Περὶ
2336 1413 2453 1470 τῶν
2500 1419 3088 1487 καινοτομησὰντων,
3135 1415 3226 1486 οἷς
3263 1420 3592 1476 ἀντιτάττει
3627 1422 3741 1476 τὸν

2799 1489 3099 1557 Τιμόθεον.

2236 1600 2452 1655 Ἰξσται
2510 1607 2620 1672 γάρ
2653 1602 2878 1672 καιρός,
2931 1601 3029 1656 ὅτε
3058 1602 3169 1672 τῆς
3205 1605 3604 1674 ὑγιαινούσης
3647 1605 3742 1658 δι-

2160 1689 2499 1758 δασκαλίας
2531 1694 2643 1746 οὐκ
2674 1691 3010 1756 ἀνέξονται,
3053 1693 3210 1749 ἀλλὰ
3267 1697 3416 1750 κατὰ
3451 1698 3551 1762 τὰς
3580 1697 3742 1763 ιδίας

2160 1781 2476 1852 ἐπιθυμίας
2509 1783 2749 1848 ἑαυτοῖς
2790 1785 3270 1852 ἐπισωρεύσουσι
3307 1787 3738 1855 διδασκάλους,

2162 1874 2513 1940 κνηθόμενοι
2551 1874 2665 1941 τὴν
2691 1875 2908 1941 ἀκοὴν,
2935 1875 3030 1928 καὶ
3051 1877 3294 1946 ἀπὸμὲν
3319 1878 3427 1946 τῆς
3453 1881 3742 1947 ἀληθείας

2163 1964 2280 2034 τὴν
2309 1966 2505 2036 ἀκοὴν
2533 1967 3055 2038 ἀποστρέψουσιν,
3095 1972 3195 2026 ἐπὶ
3245 1973 3314 2026 δὲ
3338 1974 3477 2042 τοὺς
3502 1977 3741 2043 μύθους

2161 2057 2666 2127 ἐκτραπήσονται.
2695 2062 2778 2116 Σὺ
2811 2061 2881 2116 δὲ
2925 2062 3170 2133 νῆφεέν
3194 2064 3363 2130 πᾶσι,
3394 2071 3742 2137 κακοπαθη-

2161 2163 2299 2216 σον,
2330 2151 2508 2220 ἔργον
2521 2153 2787 2220 ποίησον
2811 2156 3266 2226 εὐαγγελιστοῦ,
3289 2159 3406 2226 τὴν
3425 2160 3745 2215 διακονίαν

2160 2257 2278 2296 σου
2298 2245 2792 2314 πληροφόρησον.

2236 2333 2372 2406 Πρὶν
2410 2336 2442 2406 ἢ
2469 2335 2562 2391 οὒν
2583 2338 3102 2410 ἐκτραχηλισθῆναι,
3135 2343 3514 2412 προκατάλασε
3541 2345 3746 2409 αὐτοὺς

2162 2427 2409 2494 εἴκοντας
2441 2446 2544 2484 σοι.
2573 2430 2672 2484 Διά
2697 2432 2806 2503 γὰρ
2836 2433 2996 2487 τοῦτό
3032 2451 3222 2506 φησιν,
3254 2437 3562 2508 Εὐκαίρως,
3583 2440 3750 2493 ἀκαί-

2165 2536 2294 2591 ρως,
2326 2520 2431 2585 ’ἑως
2457 2516 2519 2574 οὒ
2558 2519 2861 2593 ἀνέχονται.
2899 2525 2989 2576 Aet
3032 2524 3139 2596 γάρ
3181 2525 3378 2590 αὐτοὺς
3398 2527 3570 2580 ἐθίσαι
3596 2527 3744 2597 πρὸς

2161 2611 2355 2675 πειθὼ,
2407 2613 2536 2683 πρὶν
2573 2615 3077 2686 ἀποσκιρτήσωσιν.
3110 2616 3252 2687 Ὅρα
3285 2617 3342 2671 δὲ
3370 2617 3595 2672 ἀτοπίαν
3626 2619 3744 2672 τῶν

2159 2703 2515 2768 διδασκάλων,
2539 2706 2924 2776 ὃτιπρόφασις
2956 2708 3138 2771 αὐτοῖς
3179 2711 3512 2780 προστασίας
3537 2711 3593 2763 al
3629 2712 3746 2764 τῶν

2160 2796 2306 2850 λαῶν
2341 2797 2650 2868 ἐπιθυμίαι.
2683 2817 2703 2851 ι
2747 2800 2995 2863 Ἑαυτοῑς
3027 2801 3456 2872 ἑπισωρεύσουσι
3478 2802 3747 2856 διδασκά-

2158 2887 2306 2954 λους.
2347 2907 2367 2941 ι
2413 2889 2486 2943 Τὸ
2524 2889 2838 2960 ἀδιάκριτον
2868 2891 3069 2961 πλῆθος
3107 2892 3215 2945 τῶν
3245 2892 3598 2958 διδασκάλων,
3641 2895 3745 2947 καὶ

2159 2983 2240 3048 τὸ,
2302 2983 2410 3036 ὑπὸ
2463 2984 2572 3039 τῶν
2628 2985 2886 3056 μαθητῶν
2915 2986 3340 3058 χειροτονεῖσθαι
3389 2987 3604 3052 αὐτοὺς,
3647 2987 3746 3040 διὰ

2159 3075 2284 3142 τοῦ,
2333 3076 2798 3148 Ἐπισωρεύσουσι
2829 3077 3204 3144 διδασκάλους,
3239 3077 3496 3148 ἐδήλωσε.
3532 3096 3552 3126 σ
3587 3080 3747 3146 Κνη-

2161 3167 2380 3238 θόμενοι
2437 3168 2537 3241 τὴν
2585 3169 2777 3240 ἀκοήν.
2825 3188 2845 3221 ι
2877 3162 3022 3235 Οἷον,
3055 3171 3384 3243 τερπόμενοι
3431 3170 3530 3241 τὴν
3571 3172 3752 3242 ἀκοὴν

486 3260 597 3299 res.
653 3264 671 3297 ι
719 3245 832 3303 lloc
883 3255 964 3304 est
1036 3249 1338 3320 gaudentes
1380 3253 1573 3308 audire
1622 3267 1746 3324 quae
1790 3252 2059 3310 delectant

2170 3261 2482 3316 ἀκοῦσαιτά
2527 3261 2664 3334 πρὸς
2706 3261 2908 3336 ὄρεξιν,
2972 3264 3066 3316 xal.
3113 3265 3199 3318 del
3240 3263 3639 3335 ἐπιθυμοῦντες
3675 3267 3755 3317 τὰ

489 3337 816 3405 appetitum,
842 3353 1166 3409 semperque
1195 3341 1386 3398 audire
1409 3342 1694 3413 cupientes
1719 3357 1842 3414 quae
1862 3342 2062 3398 dicun-

489 3438 580 3481 tur
610 3430 678 3482 ad
708 3431 962 3501 gratiam.
1001 3450 1021 3482 ι
1053 3433 1121 3487 Et
1149 3447 1181 3488 a
1209 3433 1440 3490 veritate
1469 3435 1687 3506 quidem
1717 3450 1879 3492 aures
1906 3451 2063 3492 aver-

490 3529 622 3574 tent.
667 3540 686 3574 ι
721 3522 846 3578 Haac
888 3525 1154 3592 praedicit,
1193 3540 1303 3581 non
1348 3536 1407 3581 ut
1440 3541 1676 3584 mmrore
1709 3527 1929 3596 alliciat,
1965 3528 2061 3585 sed

486 3613 690 3669 docens
719 3623 974 3686 oportere
1013 3618 1314 3689 discipulos
1357 3621 1622 3692 quamdiu
1652 3623 1910 3693 morigeri
1943 3622 2064 3678 fue-

489 3705 601 3758 rint
625 3715 679 3760 et
706 3707 1162 3774 obtemperantes,
1188 3719 1338 3766 recte
1370 3712 1594 3767 formari
1625 3721 1680 3768 et
1698 3713 1898 3768 adduci
1925 3731 1940 3766 :
1975 3723 2064 3768 ut-

489 3813 596 3868 que
632 3798 761 3854 dutn
808 3800 923 3855 liae
970 3801 1324 3874 contigerint,
1375 3819 1483 3858 non
1527 3804 1902 3874 despondeant
1944 3804 2064 3858 ani-

487 3904 659 3944 nium.
703 3889 862 3957 Nam,
925 3909 944 3944 ι
997 3892 1230 3950 Paratus
1283 3893 1388 3960 fui,
1437 3895 1638 3964 inquit,
1688 3903 1742 3950 et
1790 3909 1897 3950 non
1940 3910 2063 3951 sum

487 3983 821 4038 turbatus“.
863 4004 882 4037 ι
928 3984 1124 4042 Jamne
1185 3987 1340 4044 vides
1407 3986 1552 4056 quod
1592 4002 1701 4042 non
1749 3988 2066 4058 ignorantes

487 4073 768 4142 labuntur,
806 4077 902 4131 sed
955 4079 1281 4148 spontanei?
1313 4079 1573 4134 Avertcnt
1607 4093 1845 4148 namque
1877 4093 2062 4145 aures,

489 4167 588 4234 ait,
607 4179 659 4224 et
689 4169 1075 4226 subvertentur
1098 4181 1156 4226 ut
1181 4173 1550 4228 voluntarium
1575 4172 1646 4228 sit
1671 4171 1873 4226 malum
1898 4211 1912 4225 .
1938 4191 1957 4224 ι
1983 4167 2066 4228 Tu

486 4273 618 4312 vero
650 4259 704 4312 in
741 4260 1005 4317 omnibus
1037 4263 1222 4331 vigila.
1261 4281 1282 4314 ι
1318 4261 1446 4320 Haec
1473 4264 1610 4319 dixit
1645 4274 1705 4320 ut
1734 4267 1986 4337 vigilaret
2013 4276 2068 4322 et

486 4353 842 4407 excitaretur.
876 4372 894 4404 ι
940 4353 1165 4408 Obdura
1205 4353 1260 4408 in
1301 4354 1607 4412 laboribus.
1645 4375 1666 4410 ι
1707 4357 1953 4425 Decerta,
1986 4359 2068 4413 la-

488 4443 644 4508 bora,
677 4459 1005 4515 praeoccupa
1053 4443 1452 4515 discipulorum
1492 4460 1655 4503 aures
1688 4447 1849 4504 bonis
1877 4463 1940 4503 ac
1973 4463 2069 4504 ve-

487 4542 567 4594 ris
589 4543 884 4608 dogmatis,
921 4541 1242 4612 priusquam
1271 4537 1720 4609 subingrediatur
1747 4541 1838 4596 illa
1869 4542 2065 4611 pestis.

2160 3353 2298 3426 πρὸς
2359 3354 2520 3427 χάριν
2567 3355 2810 3409 ἀκούειν.
2851 3374 2872 3408 ι
2911 3357 3021 3410 Καὶ
3049 3356 3162 3410 ἀπὸ
3205 3355 3304 3426 μὲν
3343 3357 3442 3427 τῆς
3480 3356 3750 3428 ἀληθείας

2159 3445 2258 3518 τὴν
2289 3445 2457 3518 ἀκοὴν
2475 3446 2899 3517 ἀποστρέψουσι.
2939 3466 2958 3500 ι
2998 3448 3184 3502 Ταῦτα
3207 3447 3485 3518 προλέγει,
3519 3449 3620 3518 οὐχ
3655 3450 3750 3501 ἵνα

2161 3536 2405 3611 λυπήσῃ,
2446 3539 2583 3594 ἀλλά
2628 3539 2919 3603 διδάσκων,
2952 3539 3062 3594 δεῖν
3086 3543 3213 3604 τοὺς
3253 3538 3500 3611 μαθητὰς
3521 3540 3626 3602 ἕως
3657 3542 3758 3592 ὅτε

2161 3629 2431 3700 πειθήνιοι
2462 3630 2558 3685 καὶ
2581 3632 2810 3686 εἰκτικοὶ
2829 3631 3164 3703 τυγχάνωσι,
3196 3632 3500 3704 πλασθῆναι
3558 3633 3756 3696 καλῶς

2163 3723 2259 3776 καὶ
2284 3723 2542 3794 ἀχθῆναι,
2564 3723 2662 3778 καὶ
2693 3725 2802 3790 ἵνα,
2819 3725 2948 3779 ὅταν
2972 3723 3144 3778 ταῦτα
3164 3724 3425 3795 ἀποδαιη,
3440 3724 3514 3794 μὴ
3535 3725 3755 3796 ἀθυμῇ.

2173 3829 2192 3865 ι
2241 3811 2614 3886 Ἠτοιμάσθην
2671 3815 2803 3885 γὰρ,
2869 3816 3026 3886 φησὶ,
3081 3815 3178 3868 καὶ
3217 3815 3318 3870 οὐκ
3349 3816 3680 3886 ἐταράχθην.
3727 3839 3748 3866 ι

2178 3902 2342 3976 Ὁρᾷς
2368 3905 2452 3958 δτι
2482 3904 2582 3976 οὐχ
2599 3905 2676 3966 ὡς
2699 3905 3022 3976 ἀγνοοῦντες
3064 3905 3410 3976 σφάλλονται,
3434 3905 3548 3960 ἀλλ’
3589 3907 3758 3960 ἑκόν-

2164 4012 2292 4061 τες;
2340 3997 2772 4069 ’Λποστρέψουσι
2802 3997 2914 4066 γὰρ
2944 3998 3046 4066 τὴν
3097 3998 3290 4069 ἀκοὴν,
3333 3999 3489 4067 φησὶ,
3525 3999 3622 4052 καὶ⁵
3653 4000 3761 4052 ὲκ-

2165 4090 2562 4160 τραπήσονται,
2589 4089 2732 4144 ὥστε
2762 4091 3009 4144 ἑκούσιον
3040 4090 3100 4144 τὸ
3141 4090 3334 4146 κακόν.
3377 4109 3395 4144 ι
3423 4092 3496 4145 Σὺ
3527 4091 3586 4145 δὲ
3612 4093 3760 4163 νῆφε

2169 4182 2227 4234 ὲν
2249 4181 2406 4234 πᾶσι.
2447 4199 2467 4232 ι
2503 4183 2601 4235 Διά
2629 4177 2722 4236 οὖν
2743 4182 2805 4234 τδ
2827 4183 3020 4252 νήφειν
3041 4184 3137 4236 καὶ
3171 4181 3546 4254 διεγηγιρθαι,
3576 4182 3762 4238 ταῦτα

2171 4266 2316 4324 εἷπε.
2352 4291 2370 4322 ι
2404 4272 2829 4344 Κακοπάθησον.
2867 4291 2884 4324 ι
2932 4271 3244 4342 ’Δγώνισαι.
3275 4273 3430 4342 φησὶ,
3463 4275 3761 4336 κοπίασον,

2169 4362 2560 4434 προκατάλαϐε
2612 4363 2720 4417 τῶν
2766 4364 3026 4435 μαθητῶν
3070 4365 3170 4429 τὰς
3213 4366 3383 4427 ἀκοὰς
3409 4366 3466 4418 ὲν
3489 4369 3762 4435 χρηστοῖς

2169 4461 2265 4513 καὶ
2291 4459 2513 4529 ἀληθέσι
2536 4460 2769 4531 δόγμασι
2794 4461 2922 4532 πρὶν
2945 4461 2977 4532 ἢ
3004 4459 3104 4532 τὴν
3117 4461 3298 4532 λύμην
3325 4459 3540 4530 εκείνην
3558 4459 3767 4513 ὑπεισ-

2173 4549 2372 4606 ελοεῖν.
2411 4568 2428 4600 ι
2463 4551 2574 4620 Τὴν
2593 4551 2868 4605 διακονίαν
2896 4568 2990 4604 σου
3018 4551 3452 4622 πληροφόρησον.
3487 4551 3630 4603 »Καὶ
3643 4553 3765 4623 γὰρ

494 4659 514 4686 ο
565 4638 926 4696 Ministerium
961 4652 1115 4697 tuum
1148 4641 1407 4712 adimple.
1445 4659 1464 4693 ›
1500 4639 1712 4694 Etenim
1745 4636 2062 4691 Timotheus

2176 4644 2273 4696 καὶ
2329 4643 2356 4695 ὁ
2397 4642 2665 4712 Τιμόθεος
2687 4643 2925 4712 διηκόνει
2949 4643 3025 4713 τῷ
3058 4643 3399 4715 κηρύγματι.
3446 4643 3766 4712 Ἐκήρυσσε

491 4749 710 4805 quoque
735 4734 1123 4804 praedicatione
1154 4734 1527 4790 ministrabat.
1560 4729 1839 4802 Siquidem
1873 4728 2064 4798 pradi-

493 4829 675 4884 cabat.
707 4827 933 4898 Coniple
967 4829 1134 4899 igitur
1163 4827 1308 4898 quod
1343 4828 1664 4896 auspicatus
1685 4838 1768 4886 es.
1792 4832 1845 4878 et
1868 4821 2068 4892 prsidi-

493 4919 766 4973 rationem
801 4918 938 4988 ipsis
971 4917 1272 4974 dissemina
1303 4916 1434 4971 dum
1474 4914 1597 4971 sani
1632 4922 1784 4970 sunt.

1092 5072 1322 5131 CAPUT
1371 5072 1465 5129 lX.

601 5192 677 5247 De
708 5191 895 5263 futura
931 5190 1220 5313 τιεί-ἐρείπια
1252 5189 1571 5274 resolutione
1605 5187 1676 5242 ad
1709 5195 1963 5242 aternam

1150 5277 1180 5313 α
1207 5276 1398 5313 ortam.

1149 5276 1398 5330 gtortam.

569 5380 657 5436 IV.
682 5379 796 5434 6-8.
827 5376 971 5431 Nam
1003 5377 1114 5446 ipse
1138 5393 1230 5447 ego
1251 5376 1372 5445 jam
1400 5375 1624 5439 delibor,
1649 5386 1698 5428 et
1725 5385 1928 5442 tempus
1949 5385 2075 5425 mete

495 5473 834 5528 resolutionis
866 5471 1050 5524 instat.
1086 5468 1363 5525 Certamen
1401 5470 1593 5521 bonum
1629 5466 1914 5528 decertari,
1946 5479 2070 5516 cur-

498 5581 618 5618 sum
647 5561 1030 5622 consummavi,
1063 5559 1220 5630 fidem
1251 5559 1470 5614 servavi.
1507 5556 1662 5624 Quod
1697 5565 1951 5624 superest.
1991 5569 2076 5606 re-

2174 4733 2306 4804 γάρ.
2335 4734 2632 4805 Πλήρωσον
2661 4729 2798 4788 οὖνὸ
2825 4735 3057 4806 ὲνήρξω,
3079 4736 3231 4804 φησὶ,
3269 4736 3364 4790 καὶ
3377 4733 3764 4804 κατάσπειρον

2176 4825 2382 4891 αὐτοῖς,
2411 4825 2516 4890 ἓως
2547 4827 2875 4896 ὑγιαίνουσι,
2913 4827 2975 4880 τὸ
3005 4828 3289 4899 κήρυγμα.

2789 5081 3040 5137 ΚΕΦΑΔ.
3060 5079 3136 5135 Θ’.

2173 5191 2310 5260 Περὶ
2346 5189 2456 5261 τῆς
2470 5192 2688 5248 ἑαυτοῦ
2699 5194 3056 5316 μελλοιόσης
3077 5192 3448 5258 ἀναλύσεως,
3475 5189 3577 5244 ἐπὶ
3602 5189 3769 5259 δόξῃ

2855 5281 3001 5316 αιων
3026 5281 3086 5316 α.

2855 5281 3086 5330 αιωνιᾳ.

2263 5373 2410 5443 Ἐγὼ
2450 5372 2559 5444 γὰρ
2608 5375 2723 5444 ἤδη
2769 5376 3125 5446 σπένδομαι,
3159 5375 3258 5429 καὶ
3303 5377 3336 5427 ὁ
3391 5372 3598 5441 καιρὸς
3650 5374 3773 5442 τῆς

2180 5465 2330 5534 ἐμῆς
2348 5467 2702 5536 ἀναλύσεως
2733 5468 3049 5538 ἐφέστηκε.
3075 5468 3186 5522 Τὸν
3215 5465 3417 5536 ἀγῶνα
3438 5465 3546 5518 τὸν
3564 5463 3776 5520 καλὸν·

2181 5557 2539 5627 ἠγώνισμαι,
2609 5560 2716 5613 τὸν
2771 5560 2997 5630 δρόμον
3043 5558 3344 5625 τετέλεκα,
3393 5555 3507 5624 τὴν
3548 5555 3776 5610 ,πίστιν

499 5657 678 5725 posita
725 5664 802 5710 est
840 5653 970 5706 mihi
1005 5654 1236 5723 justitia:
1277 5670 1494 5719 corona,
1526 5667 1681 5722 quam
1726 5647 1904 5703 reddet
1949 5645 2062 5698 mih

2185 5648 2495 5718 τετήρηκα.
2539 5652 2765 5705 Λιιπὸν
2813 5651 3124 5708 ἀπόκειταί
3168 5667 3271 5719 μοι
3312 5651 3346 5704 ό
3389 5647 3498 5718 τῆς
3535 5645 3757 5701 δικαία

580 5843 622 5876 ¹⁵
641 5843 788 5896 Psal.
820 5857 1007 5908 cxvm,
1043 5843 1135 5897 60.
