  <div class='ocr_page' id='page_1' title='image "/cluster/home/n/w/nwhite01/storage/ocr_20150623/119/hvd.32044019208156/124.png"; bbox 0 0 3988 6598; ppageno 0'>
   <div class='ocr_carea' id='block_1_1' title="bbox 265 481 369 545">
    <p class='ocr_par' dir='ltr' id='par_1_1' title="bbox 265 481 369 545">
     <span class='ocr_line' id='line_1_1' title="bbox 265 481 369 545; baseline 0 0"><span class='ocrx_word' id='word_1_1' title='bbox 265 481 369 545; x_wconf 81' lang='lat'><strong>233</strong></span> 
     </span>
    </p>
   </div>
   <div class='ocr_carea' id='block_1_2' title="bbox 1252 483 2602 552">
    <p class='ocr_par' dir='ltr' id='par_1_2' title="bbox 1252 483 2602 552">
     <span class='ocr_line' id='line_1_2' title="bbox 1252 483 2602 552; baseline 0.004 -7"><span class='ocrx_word' id='word_1_2' title='bbox 1252 486 1637 548; x_wconf 81' lang='lat' dir='ltr'><strong>COMMENT.</strong></span> <span class='ocrx_word' id='word_1_3' title='bbox 1670 488 1751 549; x_wconf 80' lang='lat' dir='ltr'><strong>IN</strong></span> <span class='ocrx_word' id='word_1_4' title='bbox 1789 483 2024 551; x_wconf 68' lang='lat' dir='ltr'><strong>EI‘IS’I‘.</strong></span> <span class='ocrx_word' id='word_1_5' title='bbox 2058 490 2118 549; x_wconf 71' lang='grc' dir='ltr'>ΙΙ</span> <span class='ocrx_word' id='word_1_6' title='bbox 2152 489 2251 549; x_wconf 73' lang='lat' dir='ltr'><strong>AD</strong></span> <span class='ocrx_word' id='word_1_7' title='bbox 2288 488 2602 552; x_wconf 86' lang='lat' dir='ltr'><strong>TIMOTH.</strong></span> 
     </span>
    </p>
   </div>
   <div class='ocr_carea' id='block_1_3' title="bbox 3433 496 3539 561">
    <p class='ocr_par' dir='ltr' id='par_1_3' title="bbox 3433 496 3539 561">
     <span class='ocr_line' id='line_1_3' title="bbox 3433 496 3539 561; baseline 0.038 -4"><span class='ocrx_word' id='word_1_8' title='bbox 3433 496 3539 561; x_wconf 70' lang='lat'><strong>234</strong></span> 
     </span>
    </p>
   </div>
   <div class='ocr_carea' id='block_1_4' title="bbox 267 592 1846 674">
    <p class='ocr_par' dir='ltr' id='par_1_4' title="bbox 267 592 1846 667">
     <span class='ocr_line' id='line_1_4' title="bbox 267 592 1846 667; baseline 0.006 -24"><span class='ocrx_word' id='word_1_9' title='bbox 267 592 467 659; x_wconf 82' lang='grc' dir='ltr'>σύνης</span> <span class='ocrx_word' id='word_1_10' title='bbox 502 592 833 664; x_wconf 65' lang='grc' dir='ltr'>στέφανος,</span> <span class='ocrx_word' id='word_1_11' title='bbox 868 593 942 648; x_wconf 81' lang='grc' dir='ltr'>ὃν</span> <span class='ocrx_word' id='word_1_12' title='bbox 981 594 1283 651; x_wconf 72' lang='grc' dir='ltr'>ἀποδώσει</span> <span class='ocrx_word' id='word_1_13' title='bbox 1300 614 1404 667; x_wconf 84' lang='grc' dir='ltr'><strong>μοι</strong></span> <span class='ocrx_word' id='word_1_14' title='bbox 1451 600 1483 651; x_wconf 82' lang='lat' dir='ltr'><strong>d</strong></span> <span class='ocrx_word' id='word_1_15' title='bbox 1515 599 1736 666; x_wconf 84' lang='grc' dir='ltr'>Κύριος</span> <span class='ocrx_word' id='word_1_16' title='bbox 1788 599 1846 652; x_wconf 74' lang='grc' dir='ltr'>ἐν</span> 
     </span>
    </p>
   </div>
   <div class='ocr_carea' id='block_1_5' title="bbox 1956 592 3539 674">
    <p class='ocr_par' dir='ltr' id='par_1_5' title="bbox 1964 599 3539 674">
     <span class='ocr_line' id='line_1_5' title="bbox 1964 599 3539 674; baseline 0.007 -21"><span class='ocrx_word' id='word_1_17' title='bbox 1964 599 2220 656; x_wconf 87' lang='lat' dir='ltr'><strong>Dom-inus</strong></span> <span class='ocrx_word' id='word_1_18' title='bbox 2241 604 2298 656; x_wconf 86' lang='lat' dir='ltr'><strong>in</strong></span> <span class='ocrx_word' id='word_1_19' title='bbox 2324 602 2420 657; x_wconf 88' lang='lat' dir='ltr'><strong>illo</strong></span> <span class='ocrx_word' id='word_1_20' title='bbox 2449 602 2555 667; x_wconf 85' lang='lat' dir='ltr'><strong>die,</strong></span> <span class='ocrx_word' id='word_1_21' title='bbox 2578 604 2668 673; x_wconf 87' lang='lat' dir='ltr'><strong>qui</strong></span> <span class='ocrx_word' id='word_1_22' title='bbox 2693 612 2771 657; x_wconf 87' lang='lat' dir='ltr'><strong>est</strong></span> <span class='ocrx_word' id='word_1_23' title='bbox 2788 603 2974 674; x_wconf 80' lang='lat' dir='ltr'><strong>justus</strong></span> <span class='ocrx_word' id='word_1_24' title='bbox 2999 603 3172 674; x_wconf 68' lang='lat' dir='ltr'><strong>jna&#39;ex</strong></span> <span class='ocrx_word' id='word_1_25' title='bbox 3194 620 3211 658; x_wconf 86' lang='lat'><strong>.&#39;</strong></span> <span class='ocrx_word' id='word_1_26' title='bbox 3235 621 3339 661; x_wconf 86' lang='lat' dir='ltr'><strong>non</strong></span> <span class='ocrx_word' id='word_1_27' title='bbox 3366 608 3539 664; x_wconf 85' lang='lat' dir='ltr'><strong>solum</strong></span> 
     </span>
    </p>
   </div>
   <div class='ocr_carea' id='block_1_6' title="bbox 265 684 1852 761">
    <p class='ocr_par' dir='ltr' id='par_1_6' title="bbox 265 684 1852 761">
     <span class='ocr_line' id='line_1_6' title="bbox 265 684 1852 761; baseline 0.005 -26"><span class='ocrx_word' id='word_1_28' title='bbox 265 685 471 752; x_wconf 77' lang='grc' dir='ltr'>ἐκείνῃ</span> <span class='ocrx_word' id='word_1_29' title='bbox 510 684 819 755; x_wconf 74' lang='grc' dir='ltr'>τῇήιιέρᾳ,</span> <span class='ocrx_word' id='word_1_30' title='bbox 868 691 902 742; x_wconf 87' lang='grc' dir='ltr'>ό</span> <span class='ocrx_word' id='word_1_31' title='bbox 958 688 1191 755; x_wconf 80' lang='grc' dir='ltr'>δίκαιος</span> <span class='ocrx_word' id='word_1_32' title='bbox 1215 689 1444 758; x_wconf 80' lang='grc' dir='ltr'>κριτὴς,</span> <span class='ocrx_word' id='word_1_33' title='bbox 1475 692 1547 745; x_wconf 88' lang='grc' dir='ltr'>οὐ</span> <span class='ocrx_word' id='word_1_34' title='bbox 1561 692 1755 761; x_wconf 83' lang='grc' dir='ltr'>μόνον</span> <span class='ocrx_word' id='word_1_35' title='bbox 1783 692 1852 744; x_wconf 78' lang='grc' dir='ltr'>δὲ</span> 
     </span>
    </p>
   </div>
   <div class='ocr_carea' id='block_1_7' title="bbox 264 778 1852 854">
    <p class='ocr_par' dir='ltr' id='par_1_7' title="bbox 264 778 1852 854">
     <span class='ocr_line' id='line_1_7' title="bbox 264 778 1852 854; baseline 0.005 -24"><span class='ocrx_word' id='word_1_36' title='bbox 264 778 416 847; x_wconf 77' lang='grc' dir='ltr'>ἐμοὶ,</span> <span class='ocrx_word' id='word_1_37' title='bbox 448 779 615 833; x_wconf 79' lang='grc' dir='ltr'>ἀλλὰ</span> <span class='ocrx_word' id='word_1_38' title='bbox 638 778 737 832; x_wconf 78' lang='grc' dir='ltr'>καὶ</span> <span class='ocrx_word' id='word_1_39' title='bbox 759 778 915 834; x_wconf 75' lang='grc' dir='ltr'>πᾶσι</span> <span class='ocrx_word' id='word_1_40' title='bbox 951 780 1078 845; x_wconf 84' lang='grc' dir='ltr'>τοῖς</span> <span class='ocrx_word' id='word_1_41' title='bbox 1113 780 1460 851; x_wconf 78' lang='grc' dir='ltr'><strong>ἠγαπηκόσι</strong></span> <span class='ocrx_word' id='word_1_42' title='bbox 1498 781 1615 852; x_wconf 79' lang='grc' dir='ltr'>τὴν</span> <span class='ocrx_word' id='word_1_43' title='bbox 1644 781 1852 854; x_wconf 70' lang='grc' dir='ltr'><strong>ἐπιφά-</strong></span> 
     </span>
    </p>
   </div>
   <div class='ocr_carea' id='block_1_8' title="bbox 264 870 679 926">
    <p class='ocr_par' dir='ltr' id='par_1_8' title="bbox 264 870 679 926">
     <span class='ocr_line' id='line_1_8' title="bbox 264 870 679 926; baseline 0.007 -3"><span class='ocrx_word' id='word_1_44' title='bbox 264 887 436 925; x_wconf 86' lang='grc' dir='ltr'>νειαν</span> <span class='ocrx_word' id='word_1_45' title='bbox 463 870 679 926; x_wconf 83' lang='grc' dir='ltr'>αὐτοῦ.</span> 
     </span>
    </p>
   </div>
   <div class='ocr_carea' id='block_1_9' title="bbox 348 960 1852 1040">
    <p class='ocr_par' dir='ltr' id='par_1_9' title="bbox 348 960 1852 1040">
     <span class='ocr_line' id='line_1_9' title="bbox 348 960 1852 1040; baseline 0.004 -25"><span class='ocrx_word' id='word_1_46' title='bbox 348 960 493 1030; x_wconf 84' lang='grc' dir='ltr'><strong>Ἐγὼ</strong></span> <span class='ocrx_word' id='word_1_47' title='bbox 515 963 648 1032; x_wconf 85' lang='grc' dir='ltr'>γὰρ,</span> <span class='ocrx_word' id='word_1_48' title='bbox 673 963 862 1033; x_wconf 77' lang='grc' dir='ltr'>φησὶν,</span> <span class='ocrx_word' id='word_1_49' title='bbox 918 964 1019 1035; x_wconf 73' lang='grc' dir='ltr'>ἠδη</span> <span class='ocrx_word' id='word_1_50' title='bbox 1045 964 1241 1018; x_wconf 88' lang='grc' dir='ltr'>θυσίαν</span> <span class='ocrx_word' id='word_1_51' title='bbox 1284 967 1521 1035; x_wconf 75' lang='grc' dir='ltr'>ἐμαυτὸν</span> <span class='ocrx_word' id='word_1_52' title='bbox 1557 967 1852 1040; x_wconf 81' lang='grc' dir='ltr'><strong>προσφέρω</strong></span> 
     </span>
    </p>
   </div>
   <div class='ocr_carea' id='block_1_10' title="bbox 264 1051 1850 1127">
    <p class='ocr_par' dir='ltr' id='par_1_10' title="bbox 264 1051 1850 1127">
     <span class='ocr_line' id='line_1_10' title="bbox 264 1051 1850 1127; baseline 0.003 -19"><span class='ocrx_word' id='word_1_53' title='bbox 264 1055 514 1126; x_wconf 79' lang='grc' dir='ltr'>Χριστῷ.</span> <span class='ocrx_word' id='word_1_54' title='bbox 573 1056 686 1111; x_wconf 79' lang='grc' dir='ltr'><strong>οὐκ</strong></span> <span class='ocrx_word' id='word_1_55' title='bbox 746 1051 867 1111; x_wconf 79' lang='grc' dir='ltr'>εἷπε</span> <span class='ocrx_word' id='word_1_56' title='bbox 900 1059 957 1112; x_wconf 84' lang='grc' dir='ltr'>δὲ</span> <span class='ocrx_word' id='word_1_57' title='bbox 1002 1057 1217 1121; x_wconf 83' lang='grc' dir='ltr'>θυσίαν,</span> <span class='ocrx_word' id='word_1_58' title='bbox 1262 1058 1398 1112; x_wconf 85' lang='grc' dir='ltr'><strong>ἀλλά</strong></span> <span class='ocrx_word' id='word_1_59' title='bbox 1436 1060 1739 1127; x_wconf 76' lang='grc' dir='ltr'>σπονδὴν,</span> <span class='ocrx_word' id='word_1_60' title='bbox 1789 1061 1850 1113; x_wconf 88' lang='grc' dir='ltr'>τὸ</span> 
     </span>
    </p>
   </div>
   <div class='ocr_carea' id='block_1_11' title="bbox 266 1147 1849 1224">
    <p class='ocr_par' dir='ltr' id='par_1_11' title="bbox 266 1147 1849 1224">
     <span class='ocr_line' id='line_1_11' title="bbox 266 1147 1849 1224; baseline 0.002 -22"><span class='ocrx_word' id='word_1_61' title='bbox 266 1148 449 1202; x_wconf 83' lang='grc' dir='ltr'>πλεῖον</span> <span class='ocrx_word' id='word_1_62' title='bbox 486 1147 664 1218; x_wconf 82' lang='grc' dir='ltr'>λέγων</span> <span class='ocrx_word' id='word_1_63' title='bbox 726 1151 821 1205; x_wconf 74' lang='grc' dir='ltr'><strong>καὶ</strong></span> <span class='ocrx_word' id='word_1_64' title='bbox 870 1148 1187 1222; x_wconf 76' lang='grc' dir='ltr'>ἱερώτερον.</span> <span class='ocrx_word' id='word_1_65' title='bbox 1235 1151 1347 1220; x_wconf 81' lang='grc' dir='ltr'>Τῆς</span> <span class='ocrx_word' id='word_1_66' title='bbox 1381 1149 1479 1220; x_wconf 77' lang='grc' dir='ltr'>μὲν</span> <span class='ocrx_word' id='word_1_67' title='bbox 1506 1151 1613 1224; x_wconf 83' lang='grc' dir='ltr'><strong>γὰρ</strong></span> <span class='ocrx_word' id='word_1_68' title='bbox 1658 1153 1849 1216; x_wconf 80' lang='grc' dir='ltr'>θυσίας</span> 
     </span>
    </p>
   </div>
   <div class='ocr_carea' id='block_1_12' title="bbox 266 1240 1850 1314">
    <p class='ocr_par' dir='ltr' id='par_1_12' title="bbox 266 1240 1850 1314">
     <span class='ocr_line' id='line_1_12' title="bbox 266 1240 1850 1314; baseline 0.003 -22"><span class='ocrx_word' id='word_1_69' title='bbox 266 1240 430 1309; x_wconf 80' lang='grc' dir='ltr'>μέρος</span> <span class='ocrx_word' id='word_1_70' title='bbox 462 1258 518 1293; x_wconf 90' lang='grc' dir='ltr'><strong>τι</strong></span> <span class='ocrx_word' id='word_1_71' title='bbox 563 1242 724 1311; x_wconf 84' lang='grc' dir='ltr'>μόνον</span> <span class='ocrx_word' id='word_1_72' title='bbox 758 1241 879 1313; x_wconf 82' lang='grc' dir='ltr'><strong>Θεῷ</strong></span> <span class='ocrx_word' id='word_1_73' title='bbox 918 1244 999 1307; x_wconf 83' lang='grc' dir='ltr'>εἰς</span> <span class='ocrx_word' id='word_1_74' title='bbox 1049 1241 1302 1314; x_wconf 88' lang='grc' dir='ltr'>θυμίαμα</span> <span class='ocrx_word' id='word_1_75' title='bbox 1343 1245 1653 1314; x_wconf 79' lang='grc' dir='ltr'>ἀφιεροῦτο.</span> <span class='ocrx_word' id='word_1_76' title='bbox 1700 1245 1764 1298; x_wconf 83' lang='grc' dir='ltr'><strong>Ἥ</strong></span> <span class='ocrx_word' id='word_1_77' title='bbox 1792 1242 1850 1297; x_wconf 77' lang='grc' dir='ltr'>δὲ</span> 
     </span>
    </p>
   </div>
   <div class='ocr_carea' id='block_1_13' title="bbox 262 1331 1848 1404">
    <p class='ocr_par' dir='ltr' id='par_1_13' title="bbox 262 1331 1848 1404">
     <span class='ocr_line' id='line_1_13' title="bbox 262 1331 1848 1404; baseline 0.003 -20"><span class='ocrx_word' id='word_1_78' title='bbox 262 1331 465 1402; x_wconf 73' lang='grc' dir='ltr'>σπονδὴ</span> <span class='ocrx_word' id='word_1_79' title='bbox 494 1333 683 1386; x_wconf 74' lang='grc' dir='ltr'>ἅπασα</span> <span class='ocrx_word' id='word_1_80' title='bbox 729 1332 881 1404; x_wconf 80' lang='grc' dir='ltr'>αὐτῷ</span> <span class='ocrx_word' id='word_1_81' title='bbox 928 1334 1224 1404; x_wconf 78' lang='grc' dir='ltr'>ἀφιέρωτο.</span> <span class='ocrx_word' id='word_1_82' title='bbox 1261 1334 1433 1389; x_wconf 87' lang='grc' dir='ltr'>Τοῦτο</span> <span class='ocrx_word' id='word_1_83' title='bbox 1456 1335 1513 1388; x_wconf 85' lang='grc' dir='ltr'>δὲ</span> <span class='ocrx_word' id='word_1_84' title='bbox 1551 1338 1728 1390; x_wconf 74' lang='grc' dir='ltr'>ποιεῖν</span> <span class='ocrx_word' id='word_1_85' title='bbox 1756 1337 1848 1390; x_wconf 79' lang='grc' dir='ltr'>καὶ</span> 
     </span>
    </p>
   </div>
   <div class='ocr_carea' id='block_1_14' title="bbox 262 1423 1848 1500">
    <p class='ocr_par' dir='ltr' id='par_1_14' title="bbox 262 1423 1848 1500">
     <span class='ocr_line' id='line_1_14' title="bbox 262 1423 1848 1500; baseline 0.004 -25"><span class='ocrx_word' id='word_1_86' title='bbox 262 1423 426 1487; x_wconf 79' lang='grc' dir='ltr'>αὐτὸς</span> <span class='ocrx_word' id='word_1_87' title='bbox 464 1426 582 1487; x_wconf 77' lang='grc' dir='ltr'>τοῖς</span> <span class='ocrx_word' id='word_1_88' title='bbox 608 1424 881 1496; x_wconf 77' lang='grc' dir='ltr'><strong>μαθηταῖς</strong></span> <span class='ocrx_word' id='word_1_89' title='bbox 937 1425 1224 1480; x_wconf 74' lang='grc' dir='ltr'><strong>ἐπιτάσσει</strong></span> <span class='ocrx_word' id='word_1_90' title='bbox 1255 1425 1463 1496; x_wconf 82' lang='grc' dir='ltr'>λέγων’</span> <span class='ocrx_word' id='word_1_91' title='bbox 1497 1446 1516 1479; x_wconf 81' lang='grc' dir='ltr'><strong>ι</strong></span> <span class='ocrx_word' id='word_1_92' title='bbox 1552 1428 1848 1500; x_wconf 85' lang='grc' dir='ltr'>Παραστή-</span> 
     </span>
    </p>
   </div>
   <div class='ocr_carea' id='block_1_15' title="bbox 139 1515 1847 1592">
    <p class='ocr_par' dir='ltr' id='par_1_15' title="bbox 139 1515 1847 1592">
     <span class='ocr_line' id='line_1_15' title="bbox 139 1515 1847 1592; baseline 0.004 -26"><span class='ocrx_word' id='word_1_93' title='bbox 139 1516 145 1521; x_wconf 86' lang='grc'><strong>’</strong></span> <span class='ocrx_word' id='word_1_94' title='bbox 260 1531 389 1569; x_wconf 80' lang='grc' dir='ltr'>σατε</span> <span class='ocrx_word' id='word_1_95' title='bbox 426 1515 502 1568; x_wconf 83' lang='grc' dir='ltr'>τὰ</span> <span class='ocrx_word' id='word_1_96' title='bbox 556 1515 693 1586; x_wconf 82' lang='grc' dir='ltr'><strong>μέλη</strong></span> <span class='ocrx_word' id='word_1_97' title='bbox 746 1516 904 1586; x_wconf 79' lang='grc' dir='ltr'>ὑμῶν</span> <span class='ocrx_word' id='word_1_98' title='bbox 930 1515 1122 1570; x_wconf 78' lang='grc' dir='ltr'>θυσίαν</span> <span class='ocrx_word' id='word_1_99' title='bbox 1148 1516 1351 1583; x_wconf 77' lang='grc' dir='ltr'>ζῶσαν.</span> <span class='ocrx_word' id='word_1_100' title='bbox 1396 1537 1416 1570; x_wconf 74' lang='grc' dir='ltr'><strong>ι</strong></span> <span class='ocrx_word' id='word_1_101' title='bbox 1470 1518 1698 1574; x_wconf 79' lang='grc' dir='ltr'><strong>Ἑαυτὸν</strong></span> <span class='ocrx_word' id='word_1_102' title='bbox 1738 1522 1847 1592; x_wconf 78' lang='grc' dir='ltr'>γὰρ</span> 
     </span>
    </p>
   </div>
   <div class='ocr_carea' id='block_1_16' title="bbox 260 1606 1847 1680">
    <p class='ocr_par' dir='ltr' id='par_1_16' title="bbox 260 1606 1847 1680">
     <span class='ocr_line' id='line_1_16' title="bbox 260 1606 1847 1680; baseline 0.003 -21"><span class='ocrx_word' id='word_1_103' title='bbox 260 1606 542 1678; x_wconf 78' lang='grc' dir='ltr'>ίερουργεϊ</span> <span class='ocrx_word' id='word_1_104' title='bbox 572 1609 600 1661; x_wconf 82' lang='grc' dir='ltr'><strong>ὁ</strong></span> <span class='ocrx_word' id='word_1_105' title='bbox 627 1608 769 1678; x_wconf 78' lang='grc' dir='ltr'>ὑπὲρ</span> <span class='ocrx_word' id='word_1_106' title='bbox 794 1608 1031 1679; x_wconf 80' lang='grc' dir='ltr'><strong>Χριστοῦ</strong></span> <span class='ocrx_word' id='word_1_107' title='bbox 1067 1608 1352 1680; x_wconf 79' lang='grc' dir='ltr'>θυόμενος.</span> <span class='ocrx_word' id='word_1_108' title='bbox 1385 1612 1456 1663; x_wconf 85' lang='grc' dir='ltr'><em>Ἢ</em></span> <span class='ocrx_word' id='word_1_109' title='bbox 1495 1611 1556 1664; x_wconf 84' lang='grc' dir='ltr'><strong>τὸ</strong></span> <span class='ocrx_word' id='word_1_110' title='bbox 1584 1611 1847 1665; x_wconf 79' lang='grc' dir='ltr'>σπένδο-</span> 
     </span>
    </p>
   </div>
   <div class='ocr_carea' id='block_1_17' title="bbox 251 1695 1843 1772">
    <p class='ocr_par' dir='ltr' id='par_1_17' title="bbox 251 1695 1843 1772">
     <span class='ocr_line' id='line_1_17' title="bbox 251 1695 1843 1772; baseline 0.003 -19"><span class='ocrx_word' id='word_1_111' title='bbox 251 1716 355 1770; x_wconf 86' lang='grc' dir='ltr'><strong>μαι</strong></span> <span class='ocrx_word' id='word_1_112' title='bbox 376 1703 513 1766; x_wconf 84' lang='grc' dir='ltr'>νόει,</span> <span class='ocrx_word' id='word_1_113' title='bbox 546 1695 682 1767; x_wconf 73' lang='grc' dir='ltr'>οἷον,</span> <span class='ocrx_word' id='word_1_114' title='bbox 706 1700 964 1755; x_wconf 85' lang='grc' dir='ltr'>καταλύω</span> <span class='ocrx_word' id='word_1_115' title='bbox 1015 1702 1107 1756; x_wconf 77' lang='grc' dir='ltr'>τὸν</span> <span class='ocrx_word' id='word_1_116' title='bbox 1158 1702 1291 1772; x_wconf 84' lang='grc' dir='ltr'>πρὸς</span> <span class='ocrx_word' id='word_1_117' title='bbox 1338 1703 1546 1767; x_wconf 81' lang='grc' dir='ltr'>πάντας</span> <span class='ocrx_word' id='word_1_118' title='bbox 1588 1704 1843 1772; x_wconf 78' lang='grc' dir='ltr'>πόλεμον.</span> 
     </span>
    </p>
   </div>
   <div class='ocr_carea' id='block_1_18' title="bbox 255 1794 1842 1869">
    <p class='ocr_par' dir='ltr' id='par_1_18' title="bbox 255 1794 1842 1869">
     <span class='ocr_line' id='line_1_18' title="bbox 255 1794 1842 1869; baseline -0.001 -20"><span class='ocrx_word' id='word_1_119' title='bbox 255 1794 392 1849; x_wconf 81' lang='grc' dir='ltr'>Οῦτε</span> <span class='ocrx_word' id='word_1_120' title='bbox 420 1795 702 1867; x_wconf 82' lang='grc' dir='ltr'>πολεμῶν,</span> <span class='ocrx_word' id='word_1_121' title='bbox 724 1796 849 1851; x_wconf 78' lang='grc' dir='ltr'>οὔτε</span> <span class='ocrx_word' id='word_1_122' title='bbox 878 1797 1303 1869; x_wconf 82' lang='grc' dir='ltr'>πολεμούμενος,</span> <span class='ocrx_word' id='word_1_123' title='bbox 1337 1795 1651 1867; x_wconf 75' lang='grc' dir='ltr'><strong>τελειοῦμαι</strong></span> <span class='ocrx_word' id='word_1_124' title='bbox 1712 1795 1842 1865; x_wconf 80' lang='grc' dir='ltr'>γάρ.</span> 
     </span>
    </p>
   </div>
   <div class='ocr_carea' id='block_1_19' title="bbox 252 1885 1846 1960">
    <p class='ocr_par' dir='ltr' id='par_1_19' title="bbox 252 1885 1846 1960">
     <span class='ocr_line' id='line_1_19' title="bbox 252 1885 1846 1960; baseline 0 -21"><span class='ocrx_word' id='word_1_125' title='bbox 252 1917 324 1927; x_wconf 92' lang='grc'><strong><em>-</em></strong></span> <span class='ocrx_word' id='word_1_126' title='bbox 353 1906 373 1939; x_wconf 75' lang='grc' dir='ltr'><strong>ι</strong></span> <span class='ocrx_word' id='word_1_127' title='bbox 406 1888 522 1957; x_wconf 81' lang='grc' dir='ltr'><strong>Τῆς</strong></span> <span class='ocrx_word' id='word_1_128' title='bbox 553 1888 696 1958; x_wconf 78' lang='grc' dir='ltr'>ἐμῆς</span> <span class='ocrx_word' id='word_1_129' title='bbox 715 1888 1048 1953; x_wconf 84' lang='grc' dir='ltr'>ἀναλύσεως.</span> <span class='ocrx_word' id='word_1_130' title='bbox 1094 1907 1114 1941; x_wconf 78' lang='lat' dir='ltr'><strong>s</strong></span> <span class='ocrx_word' id='word_1_131' title='bbox 1163 1885 1507 1960; x_wconf 71' lang='lat' dir='ltr'><strong>[OIKOI‘M]</strong></span> <span class='ocrx_word' id='word_1_132' title='bbox 1561 1885 1846 1941; x_wconf 79' lang='grc' dir='ltr'>Ἀνάλυσιν</span> 
     </span>
    </p>
   </div>
   <div class='ocr_carea' id='block_1_20' title="bbox 1962 693 3536 770">
    <p class='ocr_par' dir='ltr' id='par_1_20' title="bbox 1962 693 3536 770">
     <span class='ocr_line' id='line_1_20' title="bbox 1962 693 3536 770; baseline 0.006 -23"><span class='ocrx_word' id='word_1_133' title='bbox 1962 707 2137 748; x_wconf 84' lang='lat' dir='ltr'><strong>autent</strong></span> <span class='ocrx_word' id='word_1_134' title='bbox 2176 693 2330 760; x_wconf 84' lang='lat' dir='ltr'><strong>mihi,</strong></span> <span class='ocrx_word' id='word_1_135' title='bbox 2354 694 2445 749; x_wconf 90' lang='lat' dir='ltr'><strong>sed</strong></span> <span class='ocrx_word' id='word_1_136' title='bbox 2474 706 2524 751; x_wconf 84' lang='lat' dir='ltr'><strong>et</strong></span> <span class='ocrx_word' id='word_1_137' title='bbox 2554 695 2634 749; x_wconf 82' lang='lat' dir='ltr'><strong>Itis</strong></span> <span class='ocrx_word' id='word_1_138' title='bbox 2665 697 2755 765; x_wconf 88' lang='lat' dir='ltr'><strong>qui</strong></span> <span class='ocrx_word' id='word_1_139' title='bbox 2779 696 3011 766; x_wconf 83' lang='lat' dir='ltr'><strong>diligunt</strong></span> <span class='ocrx_word' id='word_1_140' title='bbox 3040 697 3323 753; x_wconf 78' lang='lat' dir='ltr'><strong>adventum</strong></span> <span class='ocrx_word' id='word_1_141' title='bbox 3351 702 3536 770; x_wconf 88' lang='lat' dir='ltr'><strong>ipsius.</strong></span> 
     </span>
    </p>
   </div>
   <div class='ocr_carea' id='block_1_21' title="bbox 2035 952 3639 1033">
    <p class='ocr_par' dir='ltr' id='par_1_21' title="bbox 2035 952 3639 1033">
     <span class='ocr_line' id='line_1_21' title="bbox 2035 952 3639 1033; baseline 0.007 -23"><span class='ocrx_word' id='word_1_142' title='bbox 2035 956 2165 1012; x_wconf 85' lang='lat' dir='ltr'><strong>Nam</strong></span> <span class='ocrx_word' id='word_1_143' title='bbox 2201 973 2322 1030; x_wconf 83' lang='lat' dir='ltr'><strong>ego,</strong></span> <span class='ocrx_word' id='word_1_144' title='bbox 2362 960 2561 1031; x_wconf 89' lang='lat' dir='ltr'><strong>inquit,</strong></span> <span class='ocrx_word' id='word_1_145' title='bbox 2610 976 2694 1014; x_wconf 83' lang='lat' dir='ltr'><strong>rue</strong></span> <span class='ocrx_word' id='word_1_146' title='bbox 2740 961 2919 1033; x_wconf 88' lang='lat' dir='ltr'><strong>ipsum</strong></span> <span class='ocrx_word' id='word_1_147' title='bbox 2956 960 3069 1032; x_wconf 87' lang='lat' dir='ltr'><strong>jam</strong></span> <span class='ocrx_word' id='word_1_148' title='bbox 3106 961 3275 1019; x_wconf 76' lang='lat' dir='ltr'><strong>offero</strong></span> <span class='ocrx_word' id='word_1_149' title='bbox 3312 952 3538 1020; x_wconf 78' lang='lat' dir='ltr'><strong>Christo</strong></span> <span class='ocrx_word' id='word_1_150' title='bbox 3632 1020 3639 1026; x_wconf 81' lang='grc'><strong>,</strong></span> 
     </span>
    </p>
   </div>
   <div class='ocr_carea' id='block_1_22' title="bbox 1962 1051 3537 1127">
    <p class='ocr_par' dir='ltr' id='par_1_22' title="bbox 1962 1051 3537 1127">
     <span class='ocr_line' id='line_1_22' title="bbox 1962 1051 3537 1127; baseline 0.003 -22"><span class='ocrx_word' id='word_1_151' title='bbox 1962 1051 2222 1107; x_wconf 78' lang='lat' dir='ltr'><strong>hostiam.</strong></span> <span class='ocrx_word' id='word_1_152' title='bbox 2270 1051 2389 1106; x_wconf 87' lang='lat' dir='ltr'><strong>Non</strong></span> <span class='ocrx_word' id='word_1_153' title='bbox 2450 1061 2630 1107; x_wconf 86' lang='lat' dir='ltr'><strong>tamen</strong></span> <span class='ocrx_word' id='word_1_154' title='bbox 2691 1053 2829 1108; x_wconf 78' lang='lat' dir='ltr'><strong>dixit</strong></span> <span class='ocrx_word' id='word_1_155' title='bbox 2859 1054 3117 1118; x_wconf 80' lang='lat' dir='ltr'><strong>hostiam,</strong></span> <span class='ocrx_word' id='word_1_156' title='bbox 3153 1054 3248 1110; x_wconf 90' lang='lat' dir='ltr'><strong>sed</strong></span> <span class='ocrx_word' id='word_1_157' title='bbox 3278 1055 3537 1127; x_wconf 72' lang='grc' dir='ltr'>σπονδὴν,</span> 
     </span>
    </p>
   </div>
   <div class='ocr_carea' id='block_1_23' title="bbox 1960 1140 3535 1216">
    <p class='ocr_par' dir='ltr' id='par_1_23' title="bbox 1960 1140 3535 1216">
     <span class='ocr_line' id='line_1_23' title="bbox 1960 1140 3535 1216; baseline 0.003 -22"><span class='ocrx_word' id='word_1_158' title='bbox 1960 1140 2012 1194; x_wconf 93' lang='lat' dir='ltr'><strong>id</strong></span> <span class='ocrx_word' id='word_1_159' title='bbox 2056 1149 2159 1205; x_wconf 86' lang='lat' dir='ltr'><strong>est,</strong></span> <span class='ocrx_word' id='word_1_160' title='bbox 2188 1141 2422 1195; x_wconf 85' lang='lat' dir='ltr'><strong>libamen</strong></span> <span class='ocrx_word' id='word_1_161' title='bbox 2462 1140 2698 1211; x_wconf 82' lang='lat' dir='ltr'><strong>(ponens</strong></span> <span class='ocrx_word' id='word_1_162' title='bbox 2758 1143 2904 1197; x_wconf 88' lang='lat' dir='ltr'><strong>enim</strong></span> <span class='ocrx_word' id='word_1_163' title='bbox 2948 1142 3175 1198; x_wconf 84' lang='lat' dir='ltr'><strong>verbum</strong></span> <span class='ocrx_word' id='word_1_164' title='bbox 3214 1144 3535 1216; x_wconf 83' lang='grc' dir='ltr'>σπένδομαι,</span> 
     </span>
    </p>
   </div>
   <div class='ocr_carea' id='block_1_24' title="bbox 1958 1230 3536 1307">
    <p class='ocr_par' dir='ltr' id='par_1_24' title="bbox 1958 1230 3536 1307">
     <span class='ocr_line' id='line_1_24' title="bbox 1958 1230 3536 1307; baseline 0.006 -24"><span class='ocrx_word' id='word_1_165' title='bbox 1958 1230 2135 1295; x_wconf 88' lang='lat' dir='ltr'><strong>idest,</strong></span> <span class='ocrx_word' id='word_1_166' title='bbox 2172 1230 2381 1285; x_wconf 70' lang='grc' dir='ltr'><strong>(Μῆδοι-</strong></span> <span class='ocrx_word' id='word_1_167' title='bbox 2412 1232 2587 1302; x_wconf 83' lang='lat' dir='ltr'><strong>ponit,</strong></span> <span class='ocrx_word' id='word_1_168' title='bbox 2623 1241 2676 1285; x_wconf 84' lang='lat' dir='ltr'><strong>ct</strong></span> <span class='ocrx_word' id='word_1_169' title='bbox 2728 1245 2925 1289; x_wconf 88' lang='lat' dir='ltr'><strong>nomen</strong></span> <span class='ocrx_word' id='word_1_170' title='bbox 2969 1234 3090 1303; x_wconf 82' lang='lat' dir='ltr'><strong>ejus</strong></span> <span class='ocrx_word' id='word_1_171' title='bbox 3135 1235 3360 1307; x_wconf 82' lang='grc' dir='ltr'>σπονδὴ)</span> <span class='ocrx_word' id='word_1_172' title='bbox 3388 1239 3536 1307; x_wconf 90' lang='lat' dir='ltr'><strong>quod</strong></span> 
     </span>
    </p>
   </div>
   <div class='ocr_carea' id='block_1_25' title="bbox 1959 1322 3531 1400">
    <p class='ocr_par' dir='ltr' id='par_1_25' title="bbox 1959 1322 3531 1400">
     <span class='ocr_line' id='line_1_25' title="bbox 1959 1322 3531 1400; baseline 0.005 -25"><span class='ocrx_word' id='word_1_173' title='bbox 1959 1322 2193 1392; x_wconf 80' lang='lat' dir='ltr'><strong>amplius</strong></span> <span class='ocrx_word' id='word_1_174' title='bbox 2221 1330 2303 1375; x_wconf 86' lang='lat' dir='ltr'><strong>est</strong></span> <span class='ocrx_word' id='word_1_175' title='bbox 2332 1337 2395 1376; x_wconf 90' lang='lat' dir='ltr'><strong>ac</strong></span> <span class='ocrx_word' id='word_1_176' title='bbox 2427 1324 2719 1379; x_wconf 90' lang='lat' dir='ltr'><strong>sacratius.</strong></span> <span class='ocrx_word' id='word_1_177' title='bbox 2749 1325 3030 1394; x_wconf 79' lang='lat' dir='ltr'><strong>Siquidem</strong></span> <span class='ocrx_word' id='word_1_178' title='bbox 3061 1327 3254 1382; x_wconf 81' lang='lat' dir='ltr'><strong>hostiae</strong></span> <span class='ocrx_word' id='word_1_179' title='bbox 3283 1330 3531 1400; x_wconf 63' lang='lat' dir='ltr'><strong>quaedam</strong></span> 
     </span>
    </p>
   </div>
   <div class='ocr_carea' id='block_1_26' title="bbox 1958 1412 3531 1484">
    <p class='ocr_par' dir='ltr' id='par_1_26' title="bbox 1958 1412 3531 1484">
     <span class='ocr_line' id='line_1_26' title="bbox 1958 1412 3531 1484; baseline 0.006 -19"><span class='ocrx_word' id='word_1_180' title='bbox 1958 1426 2083 1480; x_wconf 83' lang='lat' dir='ltr'><strong>pars</strong></span> <span class='ocrx_word' id='word_1_181' title='bbox 2133 1418 2341 1465; x_wconf 85' lang='lat' dir='ltr'><strong>tantum</strong></span> <span class='ocrx_word' id='word_1_182' title='bbox 2374 1413 2539 1484; x_wconf 76' lang='lat'><strong>279</strong></span> <span class='ocrx_word' id='word_1_183' title='bbox 2574 1412 2680 1469; x_wconf 87' lang='lat' dir='ltr'><strong>Dco</strong></span> <span class='ocrx_word' id='word_1_184' title='bbox 2721 1414 2773 1468; x_wconf 89' lang='lat' dir='ltr'><strong>in</strong></span> <span class='ocrx_word' id='word_1_185' title='bbox 2813 1416 3144 1471; x_wconf 82' lang='lat' dir='ltr'><strong>sacriﬁcium</strong></span> <span class='ocrx_word' id='word_1_186' title='bbox 3176 1418 3531 1475; x_wconf 77' lang='lat' dir='ltr'><strong>oﬂ&#39;crebatur.</strong></span> 
     </span>
    </p>
   </div>
   <div class='ocr_carea' id='block_1_27' title="bbox 1952 1502 3537 1575">
    <p class='ocr_par' dir='ltr' id='par_1_27' title="bbox 1952 1502 3537 1575">
     <span class='ocr_line' id='line_1_27' title="bbox 1952 1502 3537 1575; baseline 0.004 -19"><span class='ocrx_word' id='word_1_187' title='bbox 1952 1502 2273 1557; x_wconf 79' lang='lat' dir='ltr'><strong>ttuiversmu</strong></span> <span class='ocrx_word' id='word_1_188' title='bbox 2326 1519 2452 1556; x_wconf 83' lang='lat' dir='ltr'><strong>vero</strong></span> <span class='ocrx_word' id='word_1_189' title='bbox 2505 1504 2736 1558; x_wconf 83' lang='lat' dir='ltr'><strong>libamen</strong></span> <span class='ocrx_word' id='word_1_190' title='bbox 2785 1505 2888 1575; x_wconf 85' lang='lat' dir='ltr'><strong>ipsi</strong></span> <span class='ocrx_word' id='word_1_191' title='bbox 2931 1506 3368 1561; x_wconf 81' lang='lat' dir='ltr'><strong>sacriﬁcabatur.</strong></span> <span class='ocrx_word' id='word_1_192' title='bbox 3418 1507 3537 1562; x_wconf 80' lang='lat' dir='ltr'><strong>Hoc</strong></span> 
     </span>
    </p>
   </div>
   <div class='ocr_carea' id='block_1_28' title="bbox 1958 1596 3532 1669">
    <p class='ocr_par' dir='ltr' id='par_1_28' title="bbox 1958 1596 3532 1669">
     <span class='ocr_line' id='line_1_28' title="bbox 1958 1596 3532 1669; baseline 0.004 -22"><span class='ocrx_word' id='word_1_193' title='bbox 1958 1604 2145 1649; x_wconf 90' lang='lat' dir='ltr'><strong>autem</strong></span> <span class='ocrx_word' id='word_1_194' title='bbox 2197 1603 2252 1651; x_wconf 82' lang='lat' dir='ltr'><strong>et</strong></span> <span class='ocrx_word' id='word_1_195' title='bbox 2302 1596 2419 1668; x_wconf 85' lang='lat' dir='ltr'><strong>ipse</strong></span> <span class='ocrx_word' id='word_1_196' title='bbox 2467 1596 2756 1667; x_wconf 84' lang='lat' dir='ltr'><strong>discipulis</strong></span> <span class='ocrx_word' id='word_1_197' title='bbox 2800 1598 2981 1654; x_wconf 79' lang='lat' dir='ltr'><strong>facere</strong></span> <span class='ocrx_word' id='word_1_198' title='bbox 3030 1598 3185 1669; x_wconf 73' lang='lat' dir='ltr'><strong>jubet</strong></span> <span class='ocrx_word' id='word_1_199' title='bbox 3231 1615 3353 1655; x_wconf 89' lang='lat' dir='ltr'><strong>cum</strong></span> <span class='ocrx_word' id='word_1_200' title='bbox 3405 1599 3532 1655; x_wconf 89' lang='lat' dir='ltr'><strong>ait:</strong></span> 
     </span>
    </p>
   </div>
   <div class='ocr_carea' id='block_1_29' title="bbox 1960 1681 3527 1755">
    <p class='ocr_par' dir='ltr' id='par_1_29' title="bbox 1960 1681 3527 1755">
     <span class='ocr_line' id='line_1_29' title="bbox 1960 1681 3527 1755; baseline 0.003 -21"><span class='ocrx_word' id='word_1_201' title='bbox 1960 1701 1980 1734; x_wconf 74' lang='grc' dir='ltr'><strong>ι</strong></span> <span class='ocrx_word' id='word_1_202' title='bbox 2030 1681 2274 1739; x_wconf 83' lang='lat' dir='ltr'><strong>Praebete</strong></span> <span class='ocrx_word' id='word_1_203' title='bbox 2328 1698 2558 1755; x_wconf 90' lang='lat' dir='ltr'><strong>corpora</strong></span> <span class='ocrx_word' id='word_1_204' title='bbox 2598 1694 2780 1740; x_wconf 87' lang='lat' dir='ltr'><strong>vestra</strong></span> <span class='ocrx_word' id='word_1_205' title='bbox 2834 1685 3070 1742; x_wconf 77' lang='lat' dir='ltr'><strong>hostiam</strong></span> <span class='ocrx_word' id='word_1_206' title='bbox 3119 1689 3473 1743; x_wconf 75' lang='lat' dir='ltr'><strong>viventem“.</strong></span> <span class='ocrx_word' id='word_1_207' title='bbox 3509 1707 3527 1739; x_wconf 75' lang='grc' dir='ltr'><strong>ι</strong></span> 
     </span>
    </p>
   </div>
   <div class='ocr_carea' id='block_1_30' title="bbox 1957 1773 3531 1847">
    <p class='ocr_par' dir='ltr' id='par_1_30' title="bbox 1957 1773 3531 1847">
     <span class='ocr_line' id='line_1_30' title="bbox 1957 1773 3531 1847; baseline 0.002 -18"><span class='ocrx_word' id='word_1_208' title='bbox 1957 1773 2211 1846; x_wconf 86' lang='lat' dir='ltr'><strong>Seipsum</strong></span> <span class='ocrx_word' id='word_1_209' title='bbox 2237 1776 2380 1830; x_wconf 84' lang='lat' dir='ltr'><strong>enim</strong></span> <span class='ocrx_word' id='word_1_210' title='bbox 2408 1777 2681 1832; x_wconf 80' lang='lat' dir='ltr'><strong>sacriﬁcat</strong></span> <span class='ocrx_word' id='word_1_211' title='bbox 2706 1778 2796 1847; x_wconf 90' lang='lat' dir='ltr'><strong>qui</strong></span> <span class='ocrx_word' id='word_1_212' title='bbox 2826 1792 2925 1847; x_wconf 90' lang='lat' dir='ltr'><strong>pro</strong></span> <span class='ocrx_word' id='word_1_213' title='bbox 2946 1776 3166 1834; x_wconf 87' lang='lat' dir='ltr'><strong>Christo</strong></span> <span class='ocrx_word' id='word_1_214' title='bbox 3192 1779 3531 1834; x_wconf 78' lang='lat' dir='ltr'><strong>immolatur.</strong></span> 
     </span>
    </p>
   </div>
   <div class='ocr_carea' id='block_1_31' title="bbox 1954 1866 3534 1938">
    <p class='ocr_par' dir='ltr' id='par_1_31' title="bbox 1954 1866 3534 1938">
     <span class='ocr_line' id='line_1_31' title="bbox 1954 1866 3534 1938; baseline 0.001 -19"><span class='ocrx_word' id='word_1_215' title='bbox 1954 1867 2063 1921; x_wconf 86' lang='lat' dir='ltr'><strong>Aut</strong></span> <span class='ocrx_word' id='word_1_216' title='bbox 2096 1867 2396 1938; x_wconf 82' lang='grc' dir='ltr'>σπένδομαι</span> <span class='ocrx_word' id='word_1_217' title='bbox 2424 1866 2666 1938; x_wconf 78' lang='lat' dir='ltr'><strong>intelligo</strong></span> <span class='ocrx_word' id='word_1_218' title='bbox 2685 1866 2893 1925; x_wconf 72' lang='lat' dir='ltr'><strong>ftedus:</strong></span> <span class='ocrx_word' id='word_1_219' title='bbox 2913 1869 3122 1933; x_wconf 89' lang='lat' dir='ltr'><strong>saucio,</strong></span> <span class='ocrx_word' id='word_1_220' title='bbox 3144 1869 3246 1924; x_wconf 88' lang='lat' dir='ltr'><strong>hoc</strong></span> <span class='ocrx_word' id='word_1_221' title='bbox 3268 1880 3353 1923; x_wconf 87' lang='lat' dir='ltr'><strong>est</strong></span> <span class='ocrx_word' id='word_1_222' title='bbox 3376 1885 3390 1923; x_wconf 90' lang='lat'><strong>:</strong></span> <span class='ocrx_word' id='word_1_223' title='bbox 3417 1868 3534 1924; x_wconf 82' lang='lat' dir='ltr'><strong>bel-</strong></span> 
     </span>
    </p>
   </div>
   <div class='ocr_carea' id='block_1_32' title="bbox 257 1960 1846 2052">
    <p class='ocr_par' dir='ltr' id='par_1_32' title="bbox 257 1975 1846 2052">
     <span class='ocr_line' id='line_1_32' title="bbox 257 1975 1846 2052; baseline -0.009 -19"><span class='ocrx_word' id='word_1_224' title='bbox 257 1978 374 2050; x_wconf 81' lang='grc' dir='ltr'>γὰρ</span> <span class='ocrx_word' id='word_1_225' title='bbox 390 1979 545 2047; x_wconf 76' lang='grc' dir='ltr'>λέγει</span> <span class='ocrx_word' id='word_1_226' title='bbox 561 1980 655 2034; x_wconf 81' lang='grc' dir='ltr'><strong>τὸν</strong></span> <span class='ocrx_word' id='word_1_227' title='bbox 674 1978 923 2047; x_wconf 86' lang='grc' dir='ltr'>θάνατον,</span> <span class='ocrx_word' id='word_1_228' title='bbox 941 1979 1077 2052; x_wconf 78' lang='grc' dir='ltr'><strong>ἢδιά</strong></span> <span class='ocrx_word' id='word_1_229' title='bbox 1096 1979 1155 2035; x_wconf 74' lang='grc' dir='ltr'>τὸ</span> <span class='ocrx_word' id='word_1_230' title='bbox 1171 1979 1423 2033; x_wconf 74' lang='grc' dir='ltr'>ἀναλύειν</span> <span class='ocrx_word' id='word_1_231' title='bbox 1441 1979 1502 2046; x_wconf 80' lang='grc' dir='ltr'>ἐξ</span> <span class='ocrx_word' id='word_1_232' title='bbox 1516 1975 1584 2052; x_wconf 80' lang='grc' dir='ltr'>ἦς</span> <span class='ocrx_word' id='word_1_233' title='bbox 1607 1978 1846 2050; x_wconf 66' lang='grc' dir='ltr'>ἐλήφθη-</span> 
     </span>
    </p>
   </div>
   <div class='ocr_carea' id='block_1_33' title="bbox 1956 1960 3535 2052">
    <p class='ocr_par' dir='ltr' id='par_1_33' title="bbox 1962 1960 3535 2031">
     <span class='ocr_line' id='line_1_33' title="bbox 1962 1960 3535 2031; baseline 0.002 -17"><span class='ocrx_word' id='word_1_234' title='bbox 1962 1960 2074 2016; x_wconf 91' lang='lat' dir='ltr'><strong>lum</strong></span> <span class='ocrx_word' id='word_1_235' title='bbox 2125 1962 2389 2017; x_wconf 81' lang='lat' dir='ltr'><strong>adversus</strong></span> <span class='ocrx_word' id='word_1_236' title='bbox 2429 1964 2657 2031; x_wconf 88' lang='lat' dir='ltr'><strong>quosvis</strong></span> <span class='ocrx_word' id='word_1_237' title='bbox 2696 1962 2979 2018; x_wconf 88' lang='lat' dir='ltr'><strong>dissolvo:</strong></span> <span class='ocrx_word' id='word_1_238' title='bbox 3014 1963 3223 2018; x_wconf 88' lang='lat' dir='ltr'><strong>morior</strong></span> <span class='ocrx_word' id='word_1_239' title='bbox 3262 1964 3405 2017; x_wconf 91' lang='lat' dir='ltr'><strong>enim</strong></span> <span class='ocrx_word' id='word_1_240' title='bbox 3439 1977 3535 2017; x_wconf 83' lang='lat' dir='ltr'><strong>ne-</strong></span> 
     </span>
    </p>
   </div>
   <div class='ocr_carea' id='block_1_34' title="bbox 254 2071 1843 2146">
    <p class='ocr_par' dir='ltr' id='par_1_34' title="bbox 254 2071 1843 2146">
     <span class='ocr_line' id='line_1_34' title="bbox 254 2071 1843 2146; baseline 0.003 -24"><span class='ocrx_word' id='word_1_241' title='bbox 254 2088 356 2142; x_wconf 84' lang='grc' dir='ltr'><strong>μεν</strong></span> <span class='ocrx_word' id='word_1_242' title='bbox 414 2074 554 2143; x_wconf 79' lang='grc' dir='ltr'>γῆς·</span> <span class='ocrx_word' id='word_1_243' title='bbox 621 2071 657 2143; x_wconf 78' lang='grc' dir='ltr'>ἢ</span> <span class='ocrx_word' id='word_1_244' title='bbox 704 2074 841 2145; x_wconf 79' lang='grc' dir='ltr'>πρὸς</span> <span class='ocrx_word' id='word_1_245' title='bbox 905 2072 997 2127; x_wconf 78' lang='grc' dir='ltr'><strong>τὸν</strong></span> <span class='ocrx_word' id='word_1_246' title='bbox 1058 2074 1540 2146; x_wconf 70' lang='grc' dir='ltr'>δημιουργήσαντα</span> <span class='ocrx_word' id='word_1_247' title='bbox 1586 2073 1843 2144; x_wconf 73' lang='grc' dir='ltr'>Χριστόν.</span> 
     </span>
    </p>
   </div>
   <div class='ocr_carea' id='block_1_35' title="bbox 259 2163 1847 2237">
    <p class='ocr_par' dir='ltr' id='par_1_35' title="bbox 259 2163 1847 2237">
     <span class='ocr_line' id='line_1_35' title="bbox 259 2163 1847 2237; baseline 0.003 -23"><span class='ocrx_word' id='word_1_248' title='bbox 259 2181 279 2214; x_wconf 81' lang='grc' dir='ltr'><strong>ι</strong></span> <span class='ocrx_word' id='word_1_249' title='bbox 344 2163 456 2216; x_wconf 84' lang='grc' dir='ltr'>Τδν</span> <span class='ocrx_word' id='word_1_250' title='bbox 506 2164 719 2233; x_wconf 83' lang='grc' dir='ltr'>ἀγῶνα.</span> <span class='ocrx_word' id='word_1_251' title='bbox 786 2183 807 2218; x_wconf 85' lang='grc'><strong>›</strong></span> <span class='ocrx_word' id='word_1_252' title='bbox 844 2163 1030 2219; x_wconf 84' lang='grc' dir='ltr'>Ταῦτα</span> <span class='ocrx_word' id='word_1_253' title='bbox 1087 2164 1275 2234; x_wconf 82' lang='grc' dir='ltr'><strong>λέγει,</strong></span> <span class='ocrx_word' id='word_1_254' title='bbox 1315 2164 1379 2218; x_wconf 84' lang='grc' dir='ltr'><strong>ού</strong></span> <span class='ocrx_word' id='word_1_255' title='bbox 1427 2165 1847 2237; x_wconf 84' lang='grc' dir='ltr'>μεγαληγορῶν,</span> 
     </span>
    </p>
   </div>
   <div class='ocr_carea' id='block_1_36' title="bbox 264 2254 1850 2331">
    <p class='ocr_par' dir='ltr' id='par_1_36' title="bbox 264 2254 1850 2331">
     <span class='ocr_line' id='line_1_36' title="bbox 264 2254 1850 2331; baseline 0.003 -24"><span class='ocrx_word' id='word_1_256' title='bbox 264 2254 474 2324; x_wconf 78' lang='grc' dir='ltr'>ἄπαγε,</span> <span class='ocrx_word' id='word_1_257' title='bbox 505 2256 645 2311; x_wconf 87' lang='grc' dir='ltr'><strong>ἀλλά</strong></span> <span class='ocrx_word' id='word_1_258' title='bbox 681 2258 774 2311; x_wconf 82' lang='grc' dir='ltr'><strong>τὸν</strong></span> <span class='ocrx_word' id='word_1_259' title='bbox 805 2256 1052 2331; x_wconf 82' lang='grc' dir='ltr'>μαθητὴν</span> <span class='ocrx_word' id='word_1_260' title='bbox 1102 2255 1619 2330; x_wconf 81' lang='grc' dir='ltr'>παραμυθούμενος,</span> <span class='ocrx_word' id='word_1_261' title='bbox 1656 2257 1730 2319; x_wconf 85' lang='grc' dir='ltr'>ὡς</span> <span class='ocrx_word' id='word_1_262' title='bbox 1756 2258 1850 2311; x_wconf 71' lang='grc' dir='ltr'>ἐπὶ</span> 
     </span>
    </p>
   </div>
   <div class='ocr_carea' id='block_1_37' title="bbox 253 2348 1848 2420">
    <p class='ocr_par' dir='ltr' id='par_1_37' title="bbox 253 2348 1848 2420">
     <span class='ocr_line' id='line_1_37' title="bbox 253 2348 1848 2420; baseline 0.001 -19"><span class='ocrx_word' id='word_1_263' title='bbox 253 2348 562 2417; x_wconf 73' lang='grc' dir='ltr'><strong>στεφάνους</strong></span> <span class='ocrx_word' id='word_1_264' title='bbox 600 2349 783 2404; x_wconf 86' lang='grc' dir='ltr'>ἀπιὼν</span> <span class='ocrx_word' id='word_1_265' title='bbox 821 2350 918 2404; x_wconf 76' lang='grc' dir='ltr'><strong>καὶ</strong></span> <span class='ocrx_word' id='word_1_266' title='bbox 956 2350 1252 2415; x_wconf 81' lang='grc' dir='ltr'><strong>ἀντιδόσεις</strong></span> <span class='ocrx_word' id='word_1_267' title='bbox 1290 2349 1533 2420; x_wconf 82' lang='grc' dir='ltr'>ἀγαθῶν,</span> <span class='ocrx_word' id='word_1_268' title='bbox 1558 2350 1634 2415; x_wconf 81' lang='grc' dir='ltr'><strong>ὡς</strong></span> <span class='ocrx_word' id='word_1_269' title='bbox 1658 2352 1706 2405; x_wconf 80' lang='grc' dir='ltr'><strong>εί</strong></span> <span class='ocrx_word' id='word_1_270' title='bbox 1734 2350 1848 2404; x_wconf 79' lang='grc' dir='ltr'>ἕλε-</span> 
     </span>
    </p>
   </div>
   <div class='ocr_carea' id='block_1_38' title="bbox 258 2441 1848 2516">
    <p class='ocr_par' dir='ltr' id='par_1_38' title="bbox 258 2441 1848 2516">
     <span class='ocr_line' id='line_1_38' title="bbox 258 2441 1848 2516; baseline 0.005 -24"><span class='ocrx_word' id='word_1_271' title='bbox 258 2455 376 2508; x_wconf 81' lang='grc' dir='ltr'>γεν’</span> <span class='ocrx_word' id='word_1_272' title='bbox 409 2441 646 2512; x_wconf 78' lang='grc' dir='ltr'>Χαίρειν</span> <span class='ocrx_word' id='word_1_273' title='bbox 680 2458 740 2496; x_wconf 84' lang='grc' dir='ltr'>σε</span> <span class='ocrx_word' id='word_1_274' title='bbox 774 2441 975 2514; x_wconf 81' lang='grc' dir='ltr'>μᾶλλον</span> <span class='ocrx_word' id='word_1_275' title='bbox 996 2442 1076 2496; x_wconf 82' lang='grc' dir='ltr'><strong>δεῖ</strong></span> <span class='ocrx_word' id='word_1_276' title='bbox 1125 2444 1271 2516; x_wconf 71' lang='grc' dir='ltr'>ἤπερ</span> <span class='ocrx_word' id='word_1_277' title='bbox 1309 2444 1516 2513; x_wconf 79' lang='grc' dir='ltr'>ἀλγεῖν,</span> <span class='ocrx_word' id='word_1_278' title='bbox 1555 2444 1634 2497; x_wconf 78' lang='grc' dir='ltr'>ὃτι</span> <span class='ocrx_word' id='word_1_279' title='bbox 1662 2443 1848 2500; x_wconf 82' lang='grc' dir='ltr'>τοιαύ.</span> 
     </span>
    </p>
   </div>
   <div class='ocr_carea' id='block_1_39' title="bbox 250 2532 1841 2605">
    <p class='ocr_par' dir='ltr' id='par_1_39' title="bbox 250 2532 1841 2605">
     <span class='ocr_line' id='line_1_39' title="bbox 250 2532 1841 2605; baseline 0.003 -22"><span class='ocrx_word' id='word_1_280' title='bbox 250 2549 351 2602; x_wconf 82' lang='grc' dir='ltr'><strong>της</strong></span> <span class='ocrx_word' id='word_1_281' title='bbox 369 2532 729 2605; x_wconf 65' lang='grc' dir='ltr'>ἐπιτυγχάνω</span> <span class='ocrx_word' id='word_1_282' title='bbox 762 2535 1039 2605; x_wconf 82' lang='grc' dir='ltr'>τελευτῆς.</span> <span class='ocrx_word' id='word_1_283' title='bbox 1080 2552 1099 2587; x_wconf 81' lang='lat' dir='ltr'><strong>t</strong></span> <span class='ocrx_word' id='word_1_284' title='bbox 1133 2534 1238 2589; x_wconf 85' lang='grc' dir='ltr'>Τὸν</span> <span class='ocrx_word' id='word_1_285' title='bbox 1269 2534 1436 2589; x_wconf 79' lang='grc' dir='ltr'>καλὸν</span> <span class='ocrx_word' id='word_1_286' title='bbox 1471 2534 1841 2605; x_wconf 72' lang='grc' dir='ltr'><strong>ἠγώνισμαι.»</strong></span> 
     </span>
    </p>
   </div>
   <div class='ocr_carea' id='block_1_40' title="bbox 254 2625 1845 2698">
    <p class='ocr_par' dir='ltr' id='par_1_40' title="bbox 254 2625 1845 2698">
     <span class='ocr_line' id='line_1_40' title="bbox 254 2625 1845 2698; baseline 0.001 -21"><span class='ocrx_word' id='word_1_287' title='bbox 254 2625 370 2689; x_wconf 80' lang='grc' dir='ltr'><strong>Πᾶς</strong></span> <span class='ocrx_word' id='word_1_288' title='bbox 401 2625 517 2696; x_wconf 80' lang='grc' dir='ltr'>γὰρ</span> <span class='ocrx_word' id='word_1_289' title='bbox 556 2626 585 2678; x_wconf 80' lang='grc' dir='ltr'><strong>ὁ</strong></span> <span class='ocrx_word' id='word_1_290' title='bbox 612 2626 752 2698; x_wconf 80' lang='grc' dir='ltr'>ὑπὲρ</span> <span class='ocrx_word' id='word_1_291' title='bbox 793 2626 1031 2697; x_wconf 81' lang='grc' dir='ltr'>Χριστοῦ</span> <span class='ocrx_word' id='word_1_292' title='bbox 1061 2626 1235 2695; x_wconf 84' lang='grc' dir='ltr'>ἀγὼν,</span> <span class='ocrx_word' id='word_1_293' title='bbox 1273 2626 1460 2693; x_wconf 69' lang='grc' dir='ltr'>καλὸς,</span> <span class='ocrx_word' id='word_1_294' title='bbox 1498 2625 1600 2680; x_wconf 82' lang='grc' dir='ltr'><strong>κᾶν</strong></span> <span class='ocrx_word' id='word_1_295' title='bbox 1624 2626 1845 2691; x_wconf 82' lang='grc' dir='ltr'>ἁλύσεις</span> 
     </span>
    </p>
   </div>
   <div class='ocr_carea' id='block_1_41' title="bbox 259 2716 1849 2791">
    <p class='ocr_par' dir='ltr' id='par_1_41' title="bbox 259 2716 1849 2791">
     <span class='ocr_line' id='line_1_41' title="bbox 259 2716 1849 2791; baseline 0.004 -22"><span class='ocrx_word' id='word_1_296' title='bbox 259 2716 383 2788; x_wconf 75' lang='grc' dir='ltr'>ἔχῃ,</span> <span class='ocrx_word' id='word_1_297' title='bbox 410 2717 523 2771; x_wconf 81' lang='grc' dir='ltr'>κᾶν</span> <span class='ocrx_word' id='word_1_298' title='bbox 546 2717 844 2789; x_wconf 73' lang='grc' dir='ltr'>διωγμοὺς,</span> <span class='ocrx_word' id='word_1_299' title='bbox 872 2719 976 2773; x_wconf 82' lang='grc' dir='ltr'><strong>κᾶν</strong></span> <span class='ocrx_word' id='word_1_300' title='bbox 1007 2718 1290 2782; x_wconf 77' lang='grc' dir='ltr'>θανάτους.</span> <span class='ocrx_word' id='word_1_301' title='bbox 1314 2720 1374 2772; x_wconf 82' lang='lat' dir='ltr'><strong>Et</strong></span> <span class='ocrx_word' id='word_1_302' title='bbox 1396 2718 1489 2774; x_wconf 82' lang='grc' dir='ltr'><strong>οῦν</strong></span> <span class='ocrx_word' id='word_1_303' title='bbox 1524 2719 1710 2788; x_wconf 82' lang='grc' dir='ltr'>καλὸς,</span> <span class='ocrx_word' id='word_1_304' title='bbox 1745 2736 1849 2791; x_wconf 85' lang='grc' dir='ltr'><strong>φη-</strong></span> 
     </span>
    </p>
   </div>
   <div class='ocr_carea' id='block_1_42' title="bbox 254 2808 1901 2884">
    <p class='ocr_par' dir='ltr' id='par_1_42' title="bbox 254 2808 1901 2884">
     <span class='ocr_line' id='line_1_42' title="bbox 254 2808 1901 2884; baseline 0.002 -23"><span class='ocrx_word' id='word_1_305' title='bbox 254 2811 359 2873; x_wconf 80' lang='grc' dir='ltr'>σὶν,</span> <span class='ocrx_word' id='word_1_306' title='bbox 398 2808 671 2863; x_wconf 67' lang='grc' dir='ltr'>ἐπιλαϐοῦ</span> <span class='ocrx_word' id='word_1_307' title='bbox 692 2809 831 2882; x_wconf 78' lang='grc' dir='ltr'>δῆτα</span> <span class='ocrx_word' id='word_1_308' title='bbox 866 2813 964 2865; x_wconf 75' lang='grc' dir='ltr'>καὶ</span> <span class='ocrx_word' id='word_1_309' title='bbox 987 2812 1050 2865; x_wconf 82' lang='grc' dir='ltr'>σὺ</span> <span class='ocrx_word' id='word_1_310' title='bbox 1084 2811 1270 2866; x_wconf 84' lang='grc' dir='ltr'>αὐτοῦ.</span> <span class='ocrx_word' id='word_1_311' title='bbox 1313 2831 1332 2865; x_wconf 86' lang='lat' dir='ltr'><strong>t</strong></span> <span class='ocrx_word' id='word_1_312' title='bbox 1368 2812 1473 2867; x_wconf 80' lang='grc' dir='ltr'><strong>Τὸν</strong></span> <span class='ocrx_word' id='word_1_313' title='bbox 1500 2812 1699 2884; x_wconf 83' lang='grc' dir='ltr'>δρόμον</span> <span class='ocrx_word' id='word_1_314' title='bbox 1760 2829 1850 2865; x_wconf 77' lang='grc' dir='ltr'>τε·</span> <span class='ocrx_word' id='word_1_315' title='bbox 1898 2850 1901 2857; x_wconf 75' lang='grc'>.</span> 
     </span>
    </p>
   </div>
   <div class='ocr_carea' id='block_1_43' title="bbox 249 2901 1846 2978">
    <p class='ocr_par' dir='ltr' id='par_1_43' title="bbox 249 2901 1846 2978">
     <span class='ocr_line' id='line_1_43' title="bbox 249 2901 1846 2978; baseline 0.005 -25"><span class='ocrx_word' id='word_1_316' title='bbox 249 2901 473 2956; x_wconf 81' lang='grc' dir='ltr'>τέλεκα.</span> <span class='ocrx_word' id='word_1_317' title='bbox 504 2920 524 2955; x_wconf 73' lang='grc' dir='ltr'><strong>ι</strong></span> <span class='ocrx_word' id='word_1_318' title='bbox 596 2903 943 2974; x_wconf 83' lang='grc' dir='ltr'>Περιέδραμε</span> <span class='ocrx_word' id='word_1_319' title='bbox 989 2903 1099 2975; x_wconf 85' lang='grc' dir='ltr'>γὰρ</span> <span class='ocrx_word' id='word_1_320' title='bbox 1144 2903 1247 2976; x_wconf 76' lang='grc' dir='ltr'>τὴν</span> <span class='ocrx_word' id='word_1_321' title='bbox 1297 2904 1648 2978; x_wconf 77' lang='grc' dir='ltr'>οἰκουμένην,</span> <span class='ocrx_word' id='word_1_322' title='bbox 1708 2905 1846 2961; x_wconf 82' lang='grc' dir='ltr'>πάν-</span> 
     </span>
    </p>
   </div>
   <div class='ocr_carea' id='block_1_44' title="bbox 252 2995 1851 3072">
    <p class='ocr_par' dir='ltr' id='par_1_44' title="bbox 252 2995 1851 3072">
     <span class='ocr_line' id='line_1_44' title="bbox 252 2995 1851 3072; baseline 0.004 -25"><span class='ocrx_word' id='word_1_323' title='bbox 252 3012 352 3058; x_wconf 82' lang='grc' dir='ltr'><strong>τας</strong></span> <span class='ocrx_word' id='word_1_324' title='bbox 375 2996 459 3060; x_wconf 81' lang='grc' dir='ltr'><strong>εἰς</strong></span> <span class='ocrx_word' id='word_1_325' title='bbox 494 2995 833 3067; x_wconf 84' lang='grc' dir='ltr'>θεογνωσίαν</span> <span class='ocrx_word' id='word_1_326' title='bbox 888 2996 1058 3065; x_wconf 80' lang='grc' dir='ltr'>ἄγων.</span> <span class='ocrx_word' id='word_1_327' title='bbox 1106 2997 1268 3052; x_wconf 82' lang='grc' dir='ltr'>Ὥστε</span> <span class='ocrx_word' id='word_1_328' title='bbox 1316 2998 1425 3052; x_wconf 80' lang='grc' dir='ltr'>ἀπὸ</span> <span class='ocrx_word' id='word_1_329' title='bbox 1495 2999 1851 3072; x_wconf 78' lang='grc' dir='ltr'>Ἰερουσαλὴμ</span> 
     </span>
    </p>
   </div>
   <div class='ocr_carea' id='block_1_45' title="bbox 251 3084 1850 3164">
    <p class='ocr_par' dir='ltr' id='par_1_45' title="bbox 251 3084 1850 3164">
     <span class='ocr_line' id='line_1_45' title="bbox 251 3084 1850 3164; baseline 0.003 -24"><span class='ocrx_word' id='word_1_330' title='bbox 251 3090 346 3141; x_wconf 71' lang='grc' dir='ltr'><strong>καὶ</strong></span> <span class='ocrx_word' id='word_1_331' title='bbox 400 3088 593 3160; x_wconf 83' lang='grc' dir='ltr'>κύκλῳ</span> <span class='ocrx_word' id='word_1_332' title='bbox 630 3088 795 3161; x_wconf 82' lang='grc' dir='ltr'>μέχρι</span> <span class='ocrx_word' id='word_1_333' title='bbox 841 3089 935 3143; x_wconf 76' lang='grc' dir='ltr'><strong>τοῦ</strong></span> <span class='ocrx_word' id='word_1_334' title='bbox 974 3089 1276 3161; x_wconf 83' lang='grc' dir='ltr'>Ἰλλυρικοῦ</span> <span class='ocrx_word' id='word_1_335' title='bbox 1320 3084 1748 3164; x_wconf 79' lang='grc' dir='ltr'>πεπληρωκέναι</span> <span class='ocrx_word' id='word_1_336' title='bbox 1787 3092 1850 3145; x_wconf 81' lang='grc' dir='ltr'>τὸ</span> 
     </span>
    </p>
   </div>
   <div class='ocr_carea' id='block_1_46' title="bbox 252 3176 1848 3256">
    <p class='ocr_par' dir='ltr' id='par_1_46' title="bbox 252 3176 1848 3256">
     <span class='ocr_line' id='line_1_46' title="bbox 252 3176 1848 3256; baseline 0.004 -26"><span class='ocrx_word' id='word_1_337' title='bbox 252 3176 615 3248; x_wconf 75' lang='grc' dir='ltr'>Εὑαγγέλιον.</span> <span class='ocrx_word' id='word_1_338' title='bbox 647 3197 668 3231; x_wconf 76' lang='grc' dir='ltr'><strong>ι</strong></span> <span class='ocrx_word' id='word_1_339' title='bbox 711 3180 823 3252; x_wconf 74' lang='grc' dir='ltr'>Τὴν</span> <span class='ocrx_word' id='word_1_340' title='bbox 871 3180 1057 3234; x_wconf 83' lang='grc' dir='ltr'>πίστιν</span> <span class='ocrx_word' id='word_1_341' title='bbox 1121 3182 1425 3253; x_wconf 78' lang='grc' dir='ltr'><strong>τετήρηκα.</strong></span> <span class='ocrx_word' id='word_1_342' title='bbox 1471 3200 1490 3234; x_wconf 70' lang='grc' dir='ltr'><strong>ι</strong></span> <span class='ocrx_word' id='word_1_343' title='bbox 1524 3182 1718 3236; x_wconf 72' lang='grc' dir='ltr'>Πολλοὶ</span> <span class='ocrx_word' id='word_1_344' title='bbox 1736 3182 1848 3256; x_wconf 83' lang='grc' dir='ltr'>γὰρ</span> 
     </span>
    </p>
   </div>
   <div class='ocr_carea' id='block_1_47' title="bbox 1950 2054 3534 2127">
    <p class='ocr_par' dir='ltr' id='par_1_47' title="bbox 1950 2054 3534 2127">
     <span class='ocr_line' id='line_1_47' title="bbox 1950 2054 3534 2127; baseline -0.001 -17"><span class='ocrx_word' id='word_1_345' title='bbox 1950 2071 2057 2126; x_wconf 90' lang='lat' dir='ltr'><strong>que</strong></span> <span class='ocrx_word' id='word_1_346' title='bbox 2094 2055 2233 2109; x_wconf 88' lang='lat' dir='ltr'><strong>bello</strong></span> <span class='ocrx_word' id='word_1_347' title='bbox 2276 2054 2605 2127; x_wconf 81' lang='lat' dir='ltr'><strong>impugnans</strong></span> <span class='ocrx_word' id='word_1_348' title='bbox 2651 2070 2828 2123; x_wconf 84' lang='lat' dir='ltr'><strong>neque</strong></span> <span class='ocrx_word' id='word_1_349' title='bbox 2862 2054 3006 2111; x_wconf 88' lang='lat' dir='ltr'><strong>bello</strong></span> <span class='ocrx_word' id='word_1_350' title='bbox 3056 2056 3432 2126; x_wconf 85' lang='lat' dir='ltr'><strong>impugnatus.</strong></span> <span class='ocrx_word' id='word_1_351' title='bbox 3462 2083 3534 2095; x_wconf 92' lang='lat'><strong>——</strong></span> 
     </span>
    </p>
   </div>
   <div class='ocr_carea' id='block_1_48' title="bbox 1955 2145 3534 2202">
    <p class='ocr_par' dir='ltr' id='par_1_48' title="bbox 1955 2145 3534 2202">
     <span class='ocr_line' id='line_1_48' title="bbox 1955 2145 3534 2202; baseline 0.001 -4"><span class='ocrx_word' id='word_1_352' title='bbox 1955 2166 1975 2198; x_wconf 70' lang='grc' dir='ltr'><strong>ι</strong></span> <span class='ocrx_word' id='word_1_353' title='bbox 2017 2146 2143 2200; x_wconf 62' lang='lat' dir='ltr'><strong>Mea:</strong></span> <span class='ocrx_word' id='word_1_354' title='bbox 2178 2146 2552 2202; x_wconf 79' lang='lat' dir='ltr'><strong>resolutionis.</strong></span> <span class='ocrx_word' id='word_1_355' title='bbox 2587 2164 2607 2199; x_wconf 71' lang='grc' dir='ltr'><strong>ι</strong></span> <span class='ocrx_word' id='word_1_356' title='bbox 2638 2146 2771 2201; x_wconf 86' lang='lat' dir='ltr'><strong>Nam</strong></span> <span class='ocrx_word' id='word_1_357' title='bbox 2804 2146 3198 2202; x_wconf 85' lang='lat' dir='ltr'><strong>resolutionem</strong></span> <span class='ocrx_word' id='word_1_358' title='bbox 3225 2145 3358 2200; x_wconf 86' lang='lat' dir='ltr'><strong>dicit</strong></span> <span class='ocrx_word' id='word_1_359' title='bbox 3387 2159 3534 2199; x_wconf 90' lang='lat' dir='ltr'><strong>mor-</strong></span> 
     </span>
    </p>
   </div>
   <div class='ocr_carea' id='block_1_49' title="bbox 1949 2237 3531 2306">
    <p class='ocr_par' dir='ltr' id='par_1_49' title="bbox 1949 2237 3531 2306">
     <span class='ocr_line' id='line_1_49' title="bbox 1949 2237 3531 2306; baseline -0.001 -15"><span class='ocrx_word' id='word_1_360' title='bbox 1949 2246 2058 2293; x_wconf 81' lang='lat' dir='ltr'><strong>tem</strong></span> <span class='ocrx_word' id='word_1_361' title='bbox 2104 2255 2118 2291; x_wconf 93' lang='lat'><strong>:</strong></span> <span class='ocrx_word' id='word_1_362' title='bbox 2154 2251 2249 2293; x_wconf 88' lang='lat' dir='ltr'><strong>aut</strong></span> <span class='ocrx_word' id='word_1_363' title='bbox 2279 2239 2405 2306; x_wconf 84' lang='lat' dir='ltr'><strong>quia</strong></span> <span class='ocrx_word' id='word_1_364' title='bbox 2440 2239 2493 2293; x_wconf 89' lang='lat' dir='ltr'><strong>in</strong></span> <span class='ocrx_word' id='word_1_365' title='bbox 2526 2248 2727 2293; x_wconf 90' lang='lat' dir='ltr'><strong>terram</strong></span> <span class='ocrx_word' id='word_1_366' title='bbox 2764 2238 3096 2293; x_wconf 88' lang='lat' dir='ltr'><strong>resolvimur</strong></span> <span class='ocrx_word' id='word_1_367' title='bbox 3134 2237 3201 2294; x_wconf 87' lang='lat' dir='ltr'><strong>de</strong></span> <span class='ocrx_word' id='word_1_368' title='bbox 3243 2251 3348 2306; x_wconf 89' lang='lat' dir='ltr'><strong>qua</strong></span> <span class='ocrx_word' id='word_1_369' title='bbox 3377 2250 3531 2291; x_wconf 86' lang='lat' dir='ltr'><strong>sunt-</strong></span> 
     </span>
    </p>
   </div>
   <div class='ocr_carea' id='block_1_50' title="bbox 1951 2327 3532 2397">
    <p class='ocr_par' dir='ltr' id='par_1_50' title="bbox 1951 2327 3532 2397">
     <span class='ocr_line' id='line_1_50' title="bbox 1951 2327 3532 2397; baseline -0.003 -12"><span class='ocrx_word' id='word_1_370' title='bbox 1951 2332 2026 2397; x_wconf 83' lang='lat' dir='ltr'><strong>pti</strong></span> <span class='ocrx_word' id='word_1_371' title='bbox 2055 2347 2264 2394; x_wconf 88' lang='lat' dir='ltr'><strong>sumus,</strong></span> <span class='ocrx_word' id='word_1_372' title='bbox 2291 2344 2384 2385; x_wconf 90' lang='lat' dir='ltr'><strong>aut</strong></span> <span class='ocrx_word' id='word_1_373' title='bbox 2418 2330 2649 2385; x_wconf 90' lang='lat' dir='ltr'><strong>reditum</strong></span> <span class='ocrx_word' id='word_1_374' title='bbox 2682 2329 2815 2385; x_wconf 89' lang='lat' dir='ltr'><strong>dicit</strong></span> <span class='ocrx_word' id='word_1_375' title='bbox 2845 2329 2913 2385; x_wconf 89' lang='lat' dir='ltr'><strong>ad</strong></span> <span class='ocrx_word' id='word_1_376' title='bbox 2943 2327 3223 2384; x_wconf 87' lang='lat' dir='ltr'><strong>Christum</strong></span> <span class='ocrx_word' id='word_1_377' title='bbox 3260 2328 3352 2397; x_wconf 86' lang='lat' dir='ltr'><strong>qui</strong></span> <span class='ocrx_word' id='word_1_378' title='bbox 3379 2340 3532 2382; x_wconf 88' lang='lat' dir='ltr'><strong>crea-</strong></span> 
     </span>
    </p>
   </div>
   <div class='ocr_carea' id='block_1_51' title="bbox 1951 2420 3527 2490">
    <p class='ocr_par' dir='ltr' id='par_1_51' title="bbox 1951 2420 3527 2490">
     <span class='ocr_line' id='line_1_51' title="bbox 1951 2420 3527 2490; baseline -0.002 -12"><span class='ocrx_word' id='word_1_379' title='bbox 1951 2427 2046 2481; x_wconf 85' lang='lat' dir='ltr'><strong>vit.</strong></span> <span class='ocrx_word' id='word_1_380' title='bbox 2087 2443 2105 2477; x_wconf 81' lang='lat' dir='ltr'><strong>t</strong></span> <span class='ocrx_word' id='word_1_381' title='bbox 2156 2425 2467 2481; x_wconf 79' lang='lat' dir='ltr'><strong>Certamen.</strong></span> <span class='ocrx_word' id='word_1_382' title='bbox 2522 2444 2541 2477; x_wconf 69' lang='grc' dir='ltr'><strong>ι</strong></span> <span class='ocrx_word' id='word_1_383' title='bbox 2580 2423 2705 2479; x_wconf 74' lang='lat' dir='ltr'><strong>Iitrc</strong></span> <span class='ocrx_word' id='word_1_384' title='bbox 2749 2424 2844 2487; x_wconf 86' lang='lat' dir='ltr'><strong>ait,</strong></span> <span class='ocrx_word' id='word_1_385' title='bbox 2888 2437 2997 2477; x_wconf 89' lang='lat' dir='ltr'><strong>non</strong></span> <span class='ocrx_word' id='word_1_386' title='bbox 3043 2435 3167 2477; x_wconf 85' lang='lat' dir='ltr'><strong>sese</strong></span> <span class='ocrx_word' id='word_1_387' title='bbox 3206 2420 3469 2490; x_wconf 86' lang='lat' dir='ltr'><strong>jactitans</strong></span> <span class='ocrx_word' id='word_1_388' title='bbox 3511 2437 3527 2474; x_wconf 88' lang='lat'><strong>:</strong></span> 
     </span>
    </p>
   </div>
   <div class='ocr_carea' id='block_1_52' title="bbox 1953 2512 3527 2589">
    <p class='ocr_par' dir='ltr' id='par_1_52' title="bbox 1953 2512 3527 2589">
     <span class='ocr_line' id='line_1_52' title="bbox 1953 2512 3527 2589; baseline -0.003 -17"><span class='ocrx_word' id='word_1_389' title='bbox 1953 2518 2180 2574; x_wconf 80' lang='lat' dir='ltr'><strong>minime</strong></span> <span class='ocrx_word' id='word_1_390' title='bbox 2239 2519 2482 2589; x_wconf 89' lang='lat' dir='ltr'><strong>gentium</strong></span> <span class='ocrx_word' id='word_1_391' title='bbox 2530 2531 2545 2570; x_wconf 93' lang='lat'><strong>:</strong></span> <span class='ocrx_word' id='word_1_392' title='bbox 2595 2515 2691 2573; x_wconf 88' lang='lat' dir='ltr'><strong>sed</strong></span> <span class='ocrx_word' id='word_1_393' title='bbox 2756 2516 3093 2586; x_wconf 89' lang='lat' dir='ltr'><strong>discipulum</strong></span> <span class='ocrx_word' id='word_1_394' title='bbox 3152 2512 3527 2579; x_wconf 89' lang='lat' dir='ltr'><strong>consolando,</strong></span> 
     </span>
    </p>
   </div>
   <div class='ocr_carea' id='block_1_53' title="bbox 1951 2603 3531 2682">
    <p class='ocr_par' dir='ltr' id='par_1_53' title="bbox 1951 2603 3531 2682">
     <span class='ocr_line' id='line_1_53' title="bbox 1951 2603 3531 2682; baseline -0.006 -17"><span class='ocrx_word' id='word_1_395' title='bbox 1951 2611 2107 2682; x_wconf 89' lang='lat' dir='ltr'><strong>quasi</strong></span> <span class='ocrx_word' id='word_1_396' title='bbox 2154 2610 2220 2665; x_wconf 90' lang='lat' dir='ltr'><strong>ad</strong></span> <span class='ocrx_word' id='word_1_397' title='bbox 2274 2608 2619 2681; x_wconf 82' lang='lat' dir='ltr'><strong>recipiendas</strong></span> <span class='ocrx_word' id='word_1_398' title='bbox 2667 2621 2903 2662; x_wconf 82' lang='lat' dir='ltr'><strong>coronas</strong></span> <span class='ocrx_word' id='word_1_399' title='bbox 2962 2605 3123 2659; x_wconf 86' lang='lat' dir='ltr'><strong>abeat</strong></span> <span class='ocrx_word' id='word_1_400' title='bbox 3160 2613 3215 2659; x_wconf 93' lang='lat' dir='ltr'><strong>et</strong></span> <span class='ocrx_word' id='word_1_401' title='bbox 3263 2603 3531 2657; x_wconf 91' lang='lat' dir='ltr'><strong>bonorum</strong></span> 
     </span>
    </p>
   </div>
   <div class='ocr_carea' id='block_1_54' title="bbox 1952 2693 3533 2775">
    <p class='ocr_par' dir='ltr' id='par_1_54' title="bbox 1952 2693 3533 2775">
     <span class='ocr_line' id='line_1_54' title="bbox 1952 2693 3533 2775; baseline -0.005 -16"><span class='ocrx_word' id='word_1_402' title='bbox 1952 2719 2178 2775; x_wconf 85' lang='lat' dir='ltr'><strong>operum</strong></span> <span class='ocrx_word' id='word_1_403' title='bbox 2232 2702 2650 2767; x_wconf 84' lang='lat' dir='ltr'><strong>retributiones,</strong></span> <span class='ocrx_word' id='word_1_404' title='bbox 2690 2714 2756 2756; x_wconf 87' lang='lat' dir='ltr'><strong>ac</strong></span> <span class='ocrx_word' id='word_1_405' title='bbox 2805 2700 2851 2755; x_wconf 92' lang='lat' dir='ltr'><strong>si</strong></span> <span class='ocrx_word' id='word_1_406' title='bbox 2904 2697 3109 2753; x_wconf 86' lang='lat' dir='ltr'><strong>diceret</strong></span> <span class='ocrx_word' id='word_1_407' title='bbox 3154 2710 3170 2749; x_wconf 87' lang='lat'><strong>:</strong></span> <span class='ocrx_word' id='word_1_408' title='bbox 3218 2693 3294 2750; x_wconf 87' lang='lat' dir='ltr'><strong>Te</strong></span> <span class='ocrx_word' id='word_1_409' title='bbox 3344 2694 3533 2765; x_wconf 85' lang='lat' dir='ltr'><strong>potius</strong></span> 
     </span>
    </p>
   </div>
   <div class='ocr_carea' id='block_1_55' title="bbox 1952 2788 3535 2869">
    <p class='ocr_par' dir='ltr' id='par_1_55' title="bbox 1952 2788 3535 2869">
     <span class='ocr_line' id='line_1_55' title="bbox 1952 2788 3535 2869; baseline -0.008 -18"><span class='ocrx_word' id='word_1_410' title='bbox 1952 2798 2191 2869; x_wconf 88' lang='lat' dir='ltr'><strong>gaudere</strong></span> <span class='ocrx_word' id='word_1_411' title='bbox 2220 2802 2436 2867; x_wconf 90' lang='lat' dir='ltr'><strong>oportet</strong></span> <span class='ocrx_word' id='word_1_412' title='bbox 2462 2809 2626 2864; x_wconf 84' lang='lat' dir='ltr'><strong>quam</strong></span> <span class='ocrx_word' id='word_1_413' title='bbox 2662 2793 2866 2863; x_wconf 82' lang='lat' dir='ltr'><strong>lugere,</strong></span> <span class='ocrx_word' id='word_1_414' title='bbox 2892 2788 3041 2861; x_wconf 89' lang='lat' dir='ltr'><strong>quod</strong></span> <span class='ocrx_word' id='word_1_415' title='bbox 3078 2788 3238 2845; x_wconf 85' lang='lat' dir='ltr'><strong>talem</strong></span> <span class='ocrx_word' id='word_1_416' title='bbox 3265 2800 3535 2857; x_wconf 82' lang='lat' dir='ltr'><strong>assequar</strong></span> 
     </span>
    </p>
   </div>
   <div class='ocr_carea' id='block_1_56' title="bbox 1953 2880 3530 2944">
    <p class='ocr_par' dir='ltr' id='par_1_56' title="bbox 1953 2880 3530 2944">
     <span class='ocr_line' id='line_1_56' title="bbox 1953 2880 3530 2944; baseline -0.008 0"><span class='ocrx_word' id='word_1_417' title='bbox 1953 2889 2137 2944; x_wconf 81' lang='lat' dir='ltr'><strong>tinem.</strong></span> <span class='ocrx_word' id='word_1_418' title='bbox 2176 2907 2198 2940; x_wconf 71' lang='grc' dir='ltr'><strong>ι</strong></span> <span class='ocrx_word' id='word_1_419' title='bbox 2235 2887 2449 2944; x_wconf 88' lang='lat' dir='ltr'><strong>Bonum</strong></span> <span class='ocrx_word' id='word_1_420' title='bbox 2477 2884 2775 2943; x_wconf 80' lang='lat' dir='ltr'><strong>decertavi.</strong></span> <span class='ocrx_word' id='word_1_421' title='bbox 2809 2901 2829 2936; x_wconf 75' lang='grc' dir='ltr'><strong>ι</strong></span> <span class='ocrx_word' id='word_1_422' title='bbox 2858 2880 3034 2938; x_wconf 86' lang='lat' dir='ltr'><strong>Omne</strong></span> <span class='ocrx_word' id='word_1_423' title='bbox 3064 2881 3213 2936; x_wconf 89' lang='lat' dir='ltr'><strong>enim</strong></span> <span class='ocrx_word' id='word_1_424' title='bbox 3253 2888 3530 2934; x_wconf 82' lang='lat' dir='ltr'><strong>certamen</strong></span> 
     </span>
    </p>
   </div>
   <div class='ocr_carea' id='block_1_57' title="bbox 1949 2971 3531 3051">
    <p class='ocr_par' dir='ltr' id='par_1_57' title="bbox 1949 2971 3531 3051">
     <span class='ocr_line' id='line_1_57' title="bbox 1949 2971 3531 3051; baseline -0.007 -17"><span class='ocrx_word' id='word_1_425' title='bbox 1949 2996 2051 3051; x_wconf 91' lang='lat' dir='ltr'><strong>pro</strong></span> <span class='ocrx_word' id='word_1_426' title='bbox 2093 2980 2316 3037; x_wconf 87' lang='lat' dir='ltr'><strong>Christo</strong></span> <span class='ocrx_word' id='word_1_427' title='bbox 2354 2987 2693 3049; x_wconf 87' lang='lat' dir='ltr'><strong>susceptum,</strong></span> <span class='ocrx_word' id='word_1_428' title='bbox 2732 2978 2933 3033; x_wconf 85' lang='lat' dir='ltr'><strong>bonum</strong></span> <span class='ocrx_word' id='word_1_429' title='bbox 2983 2983 3072 3031; x_wconf 91' lang='lat' dir='ltr'><strong>est</strong></span> <span class='ocrx_word' id='word_1_430' title='bbox 3106 2992 3120 3028; x_wconf 89' lang='lat'><strong>:</strong></span> <span class='ocrx_word' id='word_1_431' title='bbox 3152 2973 3267 3029; x_wconf 86' lang='lat' dir='ltr'><strong>sive</strong></span> <span class='ocrx_word' id='word_1_432' title='bbox 3311 2971 3531 3025; x_wconf 83' lang='lat' dir='ltr'><strong>vincula</strong></span> 
     </span>
    </p>
   </div>
   <div class='ocr_carea' id='block_1_58' title="bbox 1952 3063 3667 3142">
    <p class='ocr_par' dir='ltr' id='par_1_58' title="bbox 1952 3063 3667 3142">
     <span class='ocr_line' id='line_1_58' title="bbox 1952 3063 3667 3142; baseline -0.005 -15"><span class='ocrx_word' id='word_1_433' title='bbox 1952 3072 2170 3131; x_wconf 89' lang='lat' dir='ltr'><strong>habeat.</strong></span> <span class='ocrx_word' id='word_1_434' title='bbox 2203 3073 2319 3129; x_wconf 89' lang='lat' dir='ltr'><strong>sive</strong></span> <span class='ocrx_word' id='word_1_435' title='bbox 2372 3069 2806 3142; x_wconf 82' lang='lat' dir='ltr'><strong>persecutiones,</strong></span> <span class='ocrx_word' id='word_1_436' title='bbox 2837 3069 2955 3124; x_wconf 84' lang='lat' dir='ltr'><strong>sive</strong></span> <span class='ocrx_word' id='word_1_437' title='bbox 3003 3073 3232 3122; x_wconf 83' lang='lat' dir='ltr'><strong>mortes.</strong></span> <span class='ocrx_word' id='word_1_438' title='bbox 3266 3063 3325 3120; x_wconf 88' lang='lat' dir='ltr'><strong>Si</strong></span> <span class='ocrx_word' id='word_1_439' title='bbox 3365 3065 3534 3135; x_wconf 84' lang='lat' dir='ltr'><strong>igitur</strong></span> <span class='ocrx_word' id='word_1_440' title='bbox 3646 3110 3667 3129; x_wconf 83' lang='lat'><strong>.</strong></span> 
     </span>
    </p>
   </div>
   <div class='ocr_carea' id='block_1_59' title="bbox 1950 3155 3530 3233">
    <p class='ocr_par' dir='ltr' id='par_1_59' title="bbox 1950 3155 3530 3233">
     <span class='ocr_line' id='line_1_59' title="bbox 1950 3155 3530 3233; baseline -0.008 -10"><span class='ocrx_word' id='word_1_441' title='bbox 1950 3167 2154 3223; x_wconf 89' lang='lat' dir='ltr'><strong>bonum</strong></span> <span class='ocrx_word' id='word_1_442' title='bbox 2206 3175 2306 3232; x_wconf 78' lang='lat' dir='ltr'><strong>est,</strong></span> <span class='ocrx_word' id='word_1_443' title='bbox 2362 3171 2417 3222; x_wconf 89' lang='lat' dir='ltr'><strong>et</strong></span> <span class='ocrx_word' id='word_1_444' title='bbox 2463 3173 2521 3218; x_wconf 92' lang='lat' dir='ltr'><strong>tu</strong></span> <span class='ocrx_word' id='word_1_445' title='bbox 2561 3176 2690 3233; x_wconf 85' lang='lat' dir='ltr'><strong>ergo</strong></span> <span class='ocrx_word' id='word_1_446' title='bbox 2740 3160 2874 3217; x_wconf 90' lang='lat' dir='ltr'><strong>illud</strong></span> <span class='ocrx_word' id='word_1_447' title='bbox 2921 3173 3167 3216; x_wconf 89' lang='lat' dir='ltr'><strong>assume.</strong></span> <span class='ocrx_word' id='word_1_448' title='bbox 3217 3177 3236 3209; x_wconf 77' lang='grc' dir='ltr'><strong>ι</strong></span> <span class='ocrx_word' id='word_1_449' title='bbox 3290 3155 3530 3213; x_wconf 90' lang='lat' dir='ltr'><strong>Cursum</strong></span> 
     </span>
    </p>
   </div>
   <div class='ocr_carea' id='block_1_60' title="bbox 251 3246 1846 3370">
    <p class='ocr_par' dir='ltr' id='par_1_60' title="bbox 251 3246 1845 3348">
     <span class='ocr_line' id='line_1_60' title="bbox 251 3246 1845 3348; baseline 0.004 -27"><span class='ocrx_word' id='word_1_450' title='bbox 251 3246 431 3338; x_wconf 65' lang='grc' dir='ltr'><strong>αὐτὴν⁷</strong></span> <span class='ocrx_word' id='word_1_451' title='bbox 476 3270 714 3341; x_wconf 80' lang='grc' dir='ltr'>συλῆσαι</span> <span class='ocrx_word' id='word_1_452' title='bbox 771 3246 909 3344; x_wconf 60' lang='grc' dir='ltr'>ιταρ’</span> <span class='ocrx_word' id='word_1_453' title='bbox 963 3271 1131 3328; x_wconf 83' lang='grc' dir='ltr'>αὑτοῦ</span> <span class='ocrx_word' id='word_1_454' title='bbox 1177 3246 1387 3348; x_wconf 29' lang='grc' dir='ltr'>ῆθιελον,</span> <span class='ocrx_word' id='word_1_455' title='bbox 1429 3273 1572 3345; x_wconf 83' lang='grc' dir='ltr'>φίλοι</span> <span class='ocrx_word' id='word_1_456' title='bbox 1607 3246 1845 3345; x_wconf 68' lang='grc' dir='ltr'>ψευδὲτέ,</span> 
     </span>
    </p>
   </div>
   <div class='ocr_carea' id='block_1_61' title="bbox 1956 3246 3532 3370">
    <p class='ocr_par' dir='ltr' id='par_1_61' title="bbox 1956 3246 3532 3370">
     <span class='ocr_line' id='line_1_61' title="bbox 1956 3246 3532 3323; baseline -0.008 -9"><span class='ocrx_word' id='word_1_457' title='bbox 1956 3257 2354 3315; x_wconf 88' lang='lat' dir='ltr'><strong>consummavi.</strong></span> <span class='ocrx_word' id='word_1_458' title='bbox 2390 3274 2409 3307; x_wconf 73' lang='grc' dir='ltr'><strong>ι</strong></span> <span class='ocrx_word' id='word_1_459' title='bbox 2439 3253 2638 3312; x_wconf 85' lang='lat' dir='ltr'><strong>Orbem</strong></span> <span class='ocrx_word' id='word_1_460' title='bbox 2662 3266 2903 3323; x_wconf 86' lang='lat' dir='ltr'><strong>namque</strong></span> <span class='ocrx_word' id='word_1_461' title='bbox 2923 3249 3217 3322; x_wconf 86' lang='lat' dir='ltr'><strong>percurrit,</strong></span> <span class='ocrx_word' id='word_1_462' title='bbox 3241 3263 3433 3306; x_wconf 90' lang='lat' dir='ltr'><strong>omnes</strong></span> <span class='ocrx_word' id='word_1_463' title='bbox 3462 3246 3532 3303; x_wconf 91' lang='lat' dir='ltr'><strong>ad</strong></span> 
     </span>
     <span class='ocr_line' id='line_1_62' title="bbox 1956 3342 3528 3370; baseline 0 0"><span class='ocrx_word' id='word_1_464' title='bbox 1956 3352 2048 3370; x_wconf 39' lang='lat'><strong>“.9</strong></span> <span class='ocrx_word' id='word_1_465' title='bbox 2088 3366 2102 3370; x_wconf 32' lang='lat'><strong>4</strong></span> <span class='ocrx_word' id='word_1_466' title='bbox 2124 3366 2139 3370; x_wconf 52' lang='grc' dir='ltr'><strong>Α</strong></span> <span class='ocrx_word' id='word_1_467' title='bbox 2158 3350 2445 3370; x_wconf 24' lang='grc' dir='ltr'><strong>Αᾷξ9.ε.-...Α</strong></span> <span class='ocrx_word' id='word_1_468' title='bbox 2491 3347 2768 3370; x_wconf 31' lang='grc' dir='ltr'><strong>-.1,1----γ..-</strong></span> <span class='ocrx_word' id='word_1_469' title='bbox 2828 3344 3016 3370; x_wconf 65' lang='grc' dir='ltr'><strong>ΙΑ--..-</strong></span> <span class='ocrx_word' id='word_1_470' title='bbox 3045 3344 3112 3370; x_wconf 63' lang='grc' dir='ltr'><strong>..ιι</strong></span> <span class='ocrx_word' id='word_1_471' title='bbox 3147 3342 3442 3370; x_wconf 62' lang='grc' dir='ltr'><strong>1Α-..η-1.ι.νι</strong></span> <span class='ocrx_word' id='word_1_472' title='bbox 3476 3351 3528 3370; x_wconf 75' lang='grc' dir='ltr'><strong>ιιι</strong></span> 
     </span>
    </p>
   </div>
   <div class='ocr_carea' id='block_1_62' title="bbox 250 3359 1842 3439">
    <p class='ocr_par' dir='ltr' id='par_1_62' title="bbox 250 3359 1842 3439">
     <span class='ocr_line' id='line_1_63' title="bbox 250 3359 1842 3439; baseline 0.008 -27"><span class='ocrx_word' id='word_1_473' title='bbox 250 3359 462 3432; x_wconf 68' lang='grc' dir='ltr'>ἐχθροὶ,</span> <span class='ocrx_word' id='word_1_474' title='bbox 492 3362 780 3435; x_wconf 81' lang='grc' dir='ltr'>Ἕλληνες,</span> <span class='ocrx_word' id='word_1_475' title='bbox 823 3365 1088 3421; x_wconf 79' lang='grc' dir='ltr'>Ἰουδαῖοι.</span> <span class='ocrx_word' id='word_1_476' title='bbox 1133 3385 1151 3419; x_wconf 82' lang='lat' dir='ltr'><strong>t</strong></span> <span class='ocrx_word' id='word_1_477' title='bbox 1188 3367 1389 3422; x_wconf 84' lang='grc' dir='ltr'>Δοιπδν</span> <span class='ocrx_word' id='word_1_478' title='bbox 1431 3368 1720 3422; x_wconf 81' lang='grc' dir='ltr'>ἀπόκειταί</span> <span class='ocrx_word' id='word_1_479' title='bbox 1750 3386 1842 3439; x_wconf 81' lang='grc' dir='ltr'><strong>μοι</strong></span> 
     </span>
    </p>
   </div>
   <div class='ocr_carea' id='block_1_63' title="bbox 247 3453 1843 3529">
    <p class='ocr_par' dir='ltr' id='par_1_63' title="bbox 247 3453 1843 3529">
     <span class='ocr_line' id='line_1_64' title="bbox 247 3453 1843 3529; baseline 0.008 -24"><span class='ocrx_word' id='word_1_480' title='bbox 247 3453 407 3522; x_wconf 82' lang='grc' dir='ltr'>ὁτῆς</span> <span class='ocrx_word' id='word_1_481' title='bbox 460 3453 813 3528; x_wconf 82' lang='grc' dir='ltr'>δικαιοσύνης</span> <span class='ocrx_word' id='word_1_482' title='bbox 880 3459 1165 3529; x_wconf 78' lang='grc' dir='ltr'>στέφανος.</span> <span class='ocrx_word' id='word_1_483' title='bbox 1200 3479 1220 3512; x_wconf 74' lang='grc' dir='ltr'><strong>ι</strong></span> <span class='ocrx_word' id='word_1_484' title='bbox 1271 3457 1405 3516; x_wconf 78' lang='grc' dir='ltr'>Εἶτα</span> <span class='ocrx_word' id='word_1_485' title='bbox 1454 3461 1549 3515; x_wconf 75' lang='grc' dir='ltr'><strong>καὶ</strong></span> <span class='ocrx_word' id='word_1_486' title='bbox 1596 3462 1704 3517; x_wconf 82' lang='grc' dir='ltr'>ἀπὸ</span> <span class='ocrx_word' id='word_1_487' title='bbox 1732 3462 1843 3518; x_wconf 86' lang='grc' dir='ltr'>τῶν</span> 
     </span>
    </p>
   </div>
   <div class='ocr_carea' id='block_1_64' title="bbox 255 3542 1843 3624">
    <p class='ocr_par' dir='ltr' id='par_1_64' title="bbox 255 3542 1843 3624">
     <span class='ocr_line' id='line_1_65' title="bbox 255 3542 1843 3624; baseline 0.009 -31"><span class='ocrx_word' id='word_1_488' title='bbox 255 3542 512 3597; x_wconf 70' lang='grc' dir='ltr'>ἐπάθλων</span> <span class='ocrx_word' id='word_1_489' title='bbox 536 3547 947 3618; x_wconf 84' lang='grc' dir='ltr'>παραμυθεῖται</span> <span class='ocrx_word' id='word_1_490' title='bbox 977 3548 1161 3606; x_wconf 82' lang='grc' dir='ltr'>αὐτόν.</span> <span class='ocrx_word' id='word_1_491' title='bbox 1191 3549 1288 3615; x_wconf 87' lang='grc' dir='ltr'>Τίς</span> <span class='ocrx_word' id='word_1_492' title='bbox 1326 3551 1437 3623; x_wconf 82' lang='grc' dir='ltr'>γὰρ</span> <span class='ocrx_word' id='word_1_493' title='bbox 1458 3549 1525 3606; x_wconf 83' lang='grc' dir='ltr'>ἂν</span> <span class='ocrx_word' id='word_1_494' title='bbox 1551 3551 1843 3624; x_wconf 80' lang='grc' dir='ltr'>ἀλγήσειεν</span> 
     </span>
    </p>
   </div>
   <div class='ocr_carea' id='block_1_65' title="bbox 251 3632 1843 3711">
    <p class='ocr_par' dir='ltr' id='par_1_65' title="bbox 251 3632 1843 3711">
     <span class='ocr_line' id='line_1_66' title="bbox 251 3632 1843 3711; baseline 0.008 -27"><span class='ocrx_word' id='word_1_495' title='bbox 251 3632 344 3685; x_wconf 68' lang='grc' dir='ltr'><strong>ἐπὶ</strong></span> <span class='ocrx_word' id='word_1_496' title='bbox 359 3633 438 3703; x_wconf 86' lang='grc' dir='ltr'>τῷ</span> <span class='ocrx_word' id='word_1_497' title='bbox 455 3634 899 3705; x_wconf 78' lang='grc' dir='ltr'>ἀπολαμϐάνοντι</span> <span class='ocrx_word' id='word_1_498' title='bbox 923 3638 1220 3708; x_wconf 73' lang='grc' dir='ltr'>στέφανονς</span> <span class='ocrx_word' id='word_1_499' title='bbox 1244 3639 1604 3711; x_wconf 84' lang='grc' dir='ltr'>Δικαιοσύνης</span> <span class='ocrx_word' id='word_1_500' title='bbox 1625 3640 1703 3706; x_wconf 83' lang='grc' dir='ltr'>δὲ,</span> <span class='ocrx_word' id='word_1_501' title='bbox 1729 3637 1843 3697; x_wconf 77' lang='grc' dir='ltr'>οἷον</span> 
     </span>
    </p>
   </div>
   <div class='ocr_carea' id='block_1_66' title="bbox 251 3724 1843 3804">
    <p class='ocr_par' dir='ltr' id='par_1_66' title="bbox 251 3724 1843 3804">
     <span class='ocr_line' id='line_1_67' title="bbox 251 3724 1843 3804; baseline 0.006 -26"><span class='ocrx_word' id='word_1_502' title='bbox 251 3724 349 3795; x_wconf 83' lang='grc' dir='ltr'>τῆς</span> <span class='ocrx_word' id='word_1_503' title='bbox 373 3725 611 3780; x_wconf 82' lang='grc' dir='ltr'>καθόλου</span> <span class='ocrx_word' id='word_1_504' title='bbox 642 3728 864 3800; x_wconf 83' lang='grc' dir='ltr'>ἀρετῆς.</span> <span class='ocrx_word' id='word_1_505' title='bbox 889 3746 912 3783; x_wconf 85' lang='grc'>‹</span> <span class='ocrx_word' id='word_1_506' title='bbox 956 3732 1053 3784; x_wconf 77' lang='grc' dir='ltr'>’ον</span> <span class='ocrx_word' id='word_1_507' title='bbox 1082 3730 1353 3786; x_wconf 77' lang='grc' dir='ltr'>ἀποδώσει</span> <span class='ocrx_word' id='word_1_508' title='bbox 1385 3750 1474 3804; x_wconf 87' lang='grc' dir='ltr'><strong>μοι</strong></span> <span class='ocrx_word' id='word_1_509' title='bbox 1499 3734 1527 3786; x_wconf 84' lang='grc' dir='ltr'>ὁ</span> <span class='ocrx_word' id='word_1_510' title='bbox 1550 3732 1756 3804; x_wconf 72' lang='grc' dir='ltr'>Κύριος</span> <span class='ocrx_word' id='word_1_511' title='bbox 1784 3733 1843 3787; x_wconf 80' lang='grc' dir='ltr'>ὲν</span> 
     </span>
    </p>
   </div>
   <div class='ocr_carea' id='block_1_67' title="bbox 253 3819 1843 3901">
    <p class='ocr_par' dir='ltr' id='par_1_67' title="bbox 253 3819 1843 3901">
     <span class='ocr_line' id='line_1_68' title="bbox 253 3819 1843 3901; baseline 0.006 -30"><span class='ocrx_word' id='word_1_512' title='bbox 253 3819 438 3893; x_wconf 68' lang='grc' dir='ltr'>ἐκείνῃ</span> <span class='ocrx_word' id='word_1_513' title='bbox 466 3824 538 3891; x_wconf 79' lang='grc' dir='ltr'>τῇ</span> <span class='ocrx_word' id='word_1_514' title='bbox 591 3823 795 3895; x_wconf 70' lang='grc' dir='ltr'>ἡμέρᾳ.</span> <span class='ocrx_word' id='word_1_515' title='bbox 833 3842 852 3876; x_wconf 75' lang='grc' dir='ltr'><strong>ι</strong></span> <span class='ocrx_word' id='word_1_516' title='bbox 880 3824 971 3896; x_wconf 82' lang='grc' dir='ltr'><strong>Μὴ</strong></span> <span class='ocrx_word' id='word_1_517' title='bbox 992 3825 1103 3898; x_wconf 82' lang='grc' dir='ltr'>γάρ</span> <span class='ocrx_word' id='word_1_518' title='bbox 1133 3842 1241 3898; x_wconf 88' lang='grc' dir='ltr'>μοι,</span> <span class='ocrx_word' id='word_1_519' title='bbox 1269 3827 1425 3898; x_wconf 60' lang='grc' dir='ltr'>φησι,</span> <span class='ocrx_word' id='word_1_520' title='bbox 1449 3826 1518 3881; x_wconf 81' lang='grc' dir='ltr'>τὰ</span> <span class='ocrx_word' id='word_1_521' title='bbox 1544 3820 1647 3883; x_wconf 79' lang='grc' dir='ltr'>ὦδε</span> <span class='ocrx_word' id='word_1_522' title='bbox 1680 3827 1843 3901; x_wconf 69' lang='grc' dir='ltr'>εἴπῃς</span> 
     </span>
    </p>
   </div>
   <div class='ocr_carea' id='block_1_68' title="bbox 253 3911 1841 3993">
    <p class='ocr_par' dir='ltr' id='par_1_68' title="bbox 253 3911 1841 3993">
     <span class='ocr_line' id='line_1_69' title="bbox 253 3911 1841 3993; baseline 0.007 -29"><span class='ocrx_word' id='word_1_523' title='bbox 253 3911 318 3966; x_wconf 64' lang='lat' dir='ltr'><strong>ad</strong></span> <span class='ocrx_word' id='word_1_524' title='bbox 347 3912 691 3986; x_wconf 70' lang='grc' dir='ltr'><strong>¹πρόσκαιρα,</strong></span> <span class='ocrx_word' id='word_1_525' title='bbox 728 3916 840 3985; x_wconf 72' lang='grc' dir='ltr'><strong>ἐγὼ</strong></span> <span class='ocrx_word' id='word_1_526' title='bbox 873 3918 984 3990; x_wconf 86' lang='grc' dir='ltr'><strong>γάρ</strong></span> <span class='ocrx_word' id='word_1_527' title='bbox 1008 3917 1080 3973; x_wconf 81' lang='grc' dir='ltr'>τὰ</span> <span class='ocrx_word' id='word_1_528' title='bbox 1118 3919 1236 3972; x_wconf 79' lang='grc' dir='ltr'>ἐκεῖ</span> <span class='ocrx_word' id='word_1_529' title='bbox 1266 3916 1435 3992; x_wconf 82' lang='grc' dir='ltr'>ζητῶ.</span> <span class='ocrx_word' id='word_1_530' title='bbox 1466 3919 1610 3993; x_wconf 73' lang='lat' dir='ltr'><strong>&quot;Ope</strong></span> <span class='ocrx_word' id='word_1_531' title='bbox 1635 3920 1692 3976; x_wconf 84' lang='grc' dir='ltr'>δὲ</span> <span class='ocrx_word' id='word_1_532' title='bbox 1723 3923 1841 3986; x_wconf 76' lang='grc' dir='ltr'><strong>πῶς</strong></span> 
     </span>
    </p>
   </div>
   <div class='ocr_carea' id='block_1_69' title="bbox 255 4003 1839 4083">
    <p class='ocr_par' dir='ltr' id='par_1_69' title="bbox 255 4003 1839 4083">
     <span class='ocr_line' id='line_1_70' title="bbox 255 4003 1839 4083; baseline 0.006 -25"><span class='ocrx_word' id='word_1_533' title='bbox 255 4003 413 4076; x_wconf 75' lang='grc' dir='ltr'>χρέος</span> <span class='ocrx_word' id='word_1_534' title='bbox 440 4006 610 4060; x_wconf 83' lang='grc' dir='ltr'>αὐτὸν</span> <span class='ocrx_word' id='word_1_535' title='bbox 630 4008 876 4077; x_wconf 83' lang='grc' dir='ltr'>ἀπαιτεῖ,</span> <span class='ocrx_word' id='word_1_536' title='bbox 906 4009 996 4067; x_wconf 79' lang='grc' dir='ltr'>διὰ</span> <span class='ocrx_word' id='word_1_537' title='bbox 1016 4027 1076 4064; x_wconf 87' lang='grc' dir='ltr'><strong>τε</strong></span> <span class='ocrx_word' id='word_1_538' title='bbox 1103 4009 1222 4078; x_wconf 87' lang='grc' dir='ltr'>τοῦ,</span> <span class='ocrx_word' id='word_1_539' title='bbox 1254 4010 1556 4066; x_wconf 84' lang='grc' dir='ltr'>Ἀποδώσει</span> <span class='ocrx_word' id='word_1_540' title='bbox 1588 4030 1700 4083; x_wconf 87' lang='grc' dir='ltr'>μοι,</span> <span class='ocrx_word' id='word_1_541' title='bbox 1723 4013 1839 4067; x_wconf 85' lang='grc' dir='ltr'>ἀλλ’</span> 
     </span>
    </p>
   </div>
   <div class='ocr_carea' id='block_1_70' title="bbox 258 4094 1840 4175">
    <p class='ocr_par' dir='ltr' id='par_1_70' title="bbox 258 4094 1840 4175">
     <span class='ocr_line' id='line_1_71' title="bbox 258 4094 1840 4175; baseline 0.009 -28"><span class='ocrx_word' id='word_1_542' title='bbox 258 4098 353 4147; x_wconf 68' lang='grc' dir='ltr'>οὐκ</span> <span class='ocrx_word' id='word_1_543' title='bbox 378 4094 530 4168; x_wconf 74' lang='grc' dir='ltr'>εἷπε,</span> <span class='ocrx_word' id='word_1_544' title='bbox 562 4099 758 4155; x_wconf 84' lang='grc' dir='ltr'>Δὼσει⁸</span> <span class='ocrx_word' id='word_1_545' title='bbox 783 4103 942 4156; x_wconf 87' lang='grc' dir='ltr'>τοῦτο</span> <span class='ocrx_word' id='word_1_546' title='bbox 971 4103 1148 4175; x_wconf 83' lang='grc' dir='ltr'>δηλῶν</span> <span class='ocrx_word' id='word_1_547' title='bbox 1168 4103 1361 4158; x_wconf 74' lang='grc' dir='ltr'>καὶδιὰ</span> <span class='ocrx_word' id='word_1_548' title='bbox 1395 4105 1510 4171; x_wconf 90' lang='grc' dir='ltr'>τοῦ,</span> <span class='ocrx_word' id='word_1_549' title='bbox 1547 4102 1606 4159; x_wconf 86' lang='grc' dir='ltr'>Ὀ</span> <span class='ocrx_word' id='word_1_550' title='bbox 1635 4106 1840 4171; x_wconf 85' lang='grc' dir='ltr'>δίκαιος</span> 
     </span>
    </p>
   </div>
   <div class='ocr_carea' id='block_1_71' title="bbox 261 4188 1841 4267">
    <p class='ocr_par' dir='ltr' id='par_1_71' title="bbox 261 4188 1841 4267">
     <span class='ocr_line' id='line_1_72' title="bbox 261 4188 1841 4267; baseline 0.01 -32"><span class='ocrx_word' id='word_1_551' title='bbox 261 4188 473 4258; x_wconf 80' lang='grc' dir='ltr'>κριτής.</span> <span class='ocrx_word' id='word_1_552' title='bbox 512 4209 534 4239; x_wconf 70' lang='grc' dir='ltr'><strong>ι</strong></span> <span class='ocrx_word' id='word_1_553' title='bbox 567 4191 644 4246; x_wconf 79' lang='grc' dir='ltr'><strong>Οὐ</strong></span> <span class='ocrx_word' id='word_1_554' title='bbox 702 4192 862 4265; x_wconf 76' lang='grc' dir='ltr'>μόνον</span> <span class='ocrx_word' id='word_1_555' title='bbox 894 4193 952 4248; x_wconf 82' lang='grc' dir='ltr'>δὲ</span> <span class='ocrx_word' id='word_1_556' title='bbox 985 4195 1132 4267; x_wconf 80' lang='grc' dir='ltr'>ἐμοί.</span> <span class='ocrx_word' id='word_1_557' title='bbox 1175 4213 1196 4248; x_wconf 73' lang='lat' dir='ltr'><strong>s</strong></span> <span class='ocrx_word' id='word_1_558' title='bbox 1248 4195 1515 4250; x_wconf 82' lang='grc' dir='ltr'>Ἐνταῦθα</span> <span class='ocrx_word' id='word_1_559' title='bbox 1553 4198 1647 4251; x_wconf 65' lang='grc' dir='ltr'><strong>καλ⁸</strong></span> <span class='ocrx_word' id='word_1_560' title='bbox 1675 4197 1841 4257; x_wconf 72' lang='grc' dir='ltr'>αὐτὸν</span> 
     </span>
    </p>
   </div>
   <div class='ocr_carea' id='block_1_72' title="bbox 259 4274 1837 4358">
    <p class='ocr_par' dir='ltr' id='par_1_72' title="bbox 259 4274 1837 4358">
     <span class='ocr_line' id='line_1_73' title="bbox 259 4274 1837 4358; baseline 0.012 -33"><span class='ocrx_word' id='word_1_561' title='bbox 259 4274 525 4347; x_wconf 76' lang='grc' dir='ltr'>ἀνέστησε</span> <span class='ocrx_word' id='word_1_562' title='bbox 549 4278 642 4334; x_wconf 83' lang='grc' dir='ltr'>τὸν</span> <span class='ocrx_word' id='word_1_563' title='bbox 661 4282 949 4354; x_wconf 80' lang='grc' dir='ltr'>Τιμόθεον,</span> <span class='ocrx_word' id='word_1_564' title='bbox 981 4285 1085 4351; x_wconf 82' lang='grc' dir='ltr'>ὅτι,</span> <span class='ocrx_word' id='word_1_565' title='bbox 1117 4288 1275 4358; x_wconf 66' lang='grc' dir='ltr'>φησι,</span> <span class='ocrx_word' id='word_1_566' title='bbox 1308 4288 1405 4343; x_wconf 77' lang='grc' dir='ltr'>καὶ</span> <span class='ocrx_word' id='word_1_567' title='bbox 1427 4290 1513 4341; x_wconf 65' lang='grc' dir='ltr'>σοὶ</span> <span class='ocrx_word' id='word_1_568' title='bbox 1544 4288 1837 4345; x_wconf 87' lang='grc' dir='ltr'>ἀποδώσει.</span> 
     </span>
    </p>
   </div>
   <div class='ocr_carea' id='block_1_73' title="bbox 264 4365 1839 4450">
    <p class='ocr_par' dir='ltr' id='par_1_73' title="bbox 264 4365 1839 4450">
     <span class='ocr_line' id='line_1_74' title="bbox 264 4365 1839 4450; baseline 0.011 -32"><span class='ocrx_word' id='word_1_569' title='bbox 264 4365 320 4420; x_wconf 84' lang='lat' dir='ltr'><strong>Et</strong></span> <span class='ocrx_word' id='word_1_570' title='bbox 364 4368 480 4440; x_wconf 78' lang='grc' dir='ltr'>γὰρ</span> <span class='ocrx_word' id='word_1_571' title='bbox 548 4372 684 4426; x_wconf 82' lang='grc' dir='ltr'>πᾶσι</span> <span class='ocrx_word' id='word_1_572' title='bbox 737 4376 850 4439; x_wconf 86' lang='grc' dir='ltr'>τοῖς</span> <span class='ocrx_word' id='word_1_573' title='bbox 882 4376 1139 4445; x_wconf 83' lang='grc' dir='ltr'>ἀγαπῶσι</span> <span class='ocrx_word' id='word_1_574' title='bbox 1177 4378 1277 4449; x_wconf 81' lang='grc' dir='ltr'>τὴν</span> <span class='ocrx_word' id='word_1_575' title='bbox 1318 4378 1641 4450; x_wconf 73' lang='grc' dir='ltr'>ἐπιφάνειαν</span> <span class='ocrx_word' id='word_1_576' title='bbox 1674 4381 1839 4435; x_wconf 80' lang='grc' dir='ltr'>αὐτοῦ</span> 
     </span>
    </p>
   </div>
   <div class='ocr_carea' id='block_1_74' title="bbox 259 4459 1842 4547">
    <p class='ocr_par' dir='ltr' id='par_1_74' title="bbox 259 4459 1842 4547">
     <span class='ocr_line' id='line_1_75' title="bbox 259 4459 1842 4547; baseline 0.013 -37"><span class='ocrx_word' id='word_1_577' title='bbox 259 4459 527 4530; x_wconf 76' lang='grc' dir='ltr'>στέφανον</span> <span class='ocrx_word' id='word_1_578' title='bbox 577 4464 785 4535; x_wconf 85' lang='grc' dir='ltr'>δίδωσι,</span> <span class='ocrx_word' id='word_1_579' title='bbox 824 4466 1006 4541; x_wconf 88' lang='grc' dir='ltr'>πολλῷ</span> <span class='ocrx_word' id='word_1_580' title='bbox 1062 4469 1264 4540; x_wconf 83' lang='grc' dir='ltr'>μᾶλλον</span> <span class='ocrx_word' id='word_1_581' title='bbox 1304 4472 1407 4525; x_wconf 87' lang='grc' dir='ltr'>σοί.</span> <span class='ocrx_word' id='word_1_582' title='bbox 1438 4472 1535 4538; x_wconf 86' lang='grc' dir='ltr'><strong>Τίς</strong></span> <span class='ocrx_word' id='word_1_583' title='bbox 1566 4473 1622 4527; x_wconf 82' lang='grc' dir='ltr'>δὲ</span> <span class='ocrx_word' id='word_1_584' title='bbox 1649 4475 1842 4547; x_wconf 75' lang='grc' dir='ltr'>ἀγαπᾷ</span> 
     </span>
    </p>
   </div>
   <div class='ocr_carea' id='block_1_75' title="bbox 257 4552 1837 4657">
    <p class='ocr_par' dir='ltr' id='par_1_75' title="bbox 257 4552 1837 4657">
     <span class='ocr_line' id='line_1_76' title="bbox 257 4552 1837 4657; baseline 0.013 -56"><span class='ocrx_word' id='word_1_585' title='bbox 257 4552 353 4619; x_wconf 75' lang='grc' dir='ltr'>τὴν</span> <span class='ocrx_word' id='word_1_586' title='bbox 407 4555 741 4657; x_wconf 55' lang='grc' dir='ltr'>ὲῗιφάνειαν</span> <span class='ocrx_word' id='word_1_587' title='bbox 780 4559 988 4628; x_wconf 75' lang='grc' dir='ltr'>αὐτοῦς</span> <span class='ocrx_word' id='word_1_588' title='bbox 1041 4561 1100 4616; x_wconf 89' lang='lat' dir='ltr'><strong>&#39;O</strong></span> <span class='ocrx_word' id='word_1_589' title='bbox 1137 4561 1262 4628; x_wconf 79' lang='grc' dir='ltr'>ἀξια</span> <span class='ocrx_word' id='word_1_590' title='bbox 1301 4564 1555 4635; x_wconf 83' lang='grc' dir='ltr'>πράττων</span> <span class='ocrx_word' id='word_1_591' title='bbox 1592 4567 1837 4638; x_wconf 80' lang='grc' dir='ltr'>ἀμοιὸῶν</span> 
     </span>
    </p>
   </div>
   <div class='ocr_carea' id='block_1_76' title="bbox 262 4658 540 4715">
    <p class='ocr_par' dir='ltr' id='par_1_76' title="bbox 262 4658 540 4715">
     <span class='ocr_line' id='line_1_77' title="bbox 262 4658 540 4715; baseline 0.018 -19"><span class='ocrx_word' id='word_1_592' title='bbox 262 4658 364 4715; x_wconf 86' lang='grc' dir='ltr'><strong>χρη</strong></span> <span class='ocrx_word' id='word_1_593' title='bbox 372 4661 540 4701; x_wconf 90' lang='grc' dir='ltr'>στων.</span> 
     </span>
    </p>
   </div>
   <div class='ocr_carea' id='block_1_77' title="bbox 1955 3342 3534 3424">
    <p class='ocr_par' dir='ltr' id='par_1_77' title="bbox 1955 3342 3534 3424">
     <span class='ocr_line' id='line_1_78' title="bbox 1955 3342 3534 3424; baseline -0.006 -17"><span class='ocrx_word' id='word_1_594' title='bbox 1955 3352 2051 3409; x_wconf 85' lang='lat' dir='ltr'><strong>Dei</strong></span> <span class='ocrx_word' id='word_1_595' title='bbox 2081 3350 2450 3424; x_wconf 81' lang='lat' dir='ltr'><strong>cognitionem</strong></span> <span class='ocrx_word' id='word_1_596' title='bbox 2489 3347 2791 3405; x_wconf 86' lang='lat' dir='ltr'><strong>adducens.</strong></span> <span class='ocrx_word' id='word_1_597' title='bbox 2828 3344 3018 3418; x_wconf 88' lang='lat' dir='ltr'><strong>Itaque</strong></span> <span class='ocrx_word' id='word_1_598' title='bbox 3044 3344 3114 3400; x_wconf 90' lang='lat' dir='ltr'><strong>ah</strong></span> <span class='ocrx_word' id='word_1_599' title='bbox 3139 3342 3442 3400; x_wconf 80' lang='lat' dir='ltr'><strong>Jerusalem</strong></span> <span class='ocrx_word' id='word_1_600' title='bbox 3475 3351 3534 3398; x_wconf 91' lang='lat' dir='ltr'><strong>et</strong></span> 
     </span>
    </p>
   </div>
   <div class='ocr_carea' id='block_1_78' title="bbox 1952 3434 3532 3515">
    <p class='ocr_par' dir='ltr' id='par_1_78' title="bbox 1952 3434 3532 3515">
     <span class='ocr_line' id='line_1_79' title="bbox 1952 3434 3532 3515; baseline -0.008 -14"><span class='ocrx_word' id='word_1_601' title='bbox 1952 3446 2009 3501; x_wconf 91' lang='lat' dir='ltr'><strong>in</strong></span> <span class='ocrx_word' id='word_1_602' title='bbox 2043 3441 2567 3515; x_wconf 74' lang='lat' dir='ltr'><strong>circumiacentibus</strong></span> <span class='ocrx_word' id='word_1_603' title='bbox 2602 3437 2922 3512; x_wconf 76' lang='lat' dir='ltr'><strong>regionibus</strong></span> <span class='ocrx_word' id='word_1_604' title='bbox 2954 3452 3131 3509; x_wconf 86' lang='lat' dir='ltr'><strong>usque</strong></span> <span class='ocrx_word' id='word_1_605' title='bbox 3158 3434 3227 3491; x_wconf 91' lang='lat' dir='ltr'><strong>ad</strong></span> <span class='ocrx_word' id='word_1_606' title='bbox 3255 3434 3532 3507; x_wconf 86' lang='lat' dir='ltr'><strong>Illyricum</strong></span> 
     </span>
    </p>
   </div>
   <div class='ocr_carea' id='block_1_79' title="bbox 1951 3527 3531 3612">
    <p class='ocr_par' dir='ltr' id='par_1_79' title="bbox 1951 3527 3531 3612">
     <span class='ocr_line' id='line_1_80' title="bbox 1951 3527 3531 3612; baseline -0.008 -17"><span class='ocrx_word' id='word_1_607' title='bbox 1951 3540 2275 3612; x_wconf 85' lang='lat' dir='ltr'><strong>impleverat</strong></span> <span class='ocrx_word' id='word_1_608' title='bbox 2318 3536 2698 3608; x_wconf 78' lang='lat' dir='ltr'><strong>Evangelio&quot;.</strong></span> <span class='ocrx_word' id='word_1_609' title='bbox 2733 3551 2753 3586; x_wconf 83' lang='lat' dir='ltr'><strong>t</strong></span> <span class='ocrx_word' id='word_1_610' title='bbox 2805 3530 2993 3588; x_wconf 78' lang='lat' dir='ltr'><strong>Fidem</strong></span> <span class='ocrx_word' id='word_1_611' title='bbox 3038 3528 3274 3589; x_wconf 84' lang='lat' dir='ltr'><strong>servavi.</strong></span> <span class='ocrx_word' id='word_1_612' title='bbox 3317 3547 3336 3582; x_wconf 72' lang='grc' dir='ltr'><strong>ι</strong></span> <span class='ocrx_word' id='word_1_613' title='bbox 3378 3527 3531 3583; x_wconf 83' lang='lat' dir='ltr'><strong>Multi</strong></span> 
     </span>
    </p>
   </div>
   <div class='ocr_carea' id='block_1_80' title="bbox 1950 3618 3532 3699">
    <p class='ocr_par' dir='ltr' id='par_1_80' title="bbox 1950 3618 3532 3699">
     <span class='ocr_line' id='line_1_81' title="bbox 1950 3618 3532 3699; baseline -0.011 -9"><span class='ocrx_word' id='word_1_614' title='bbox 1950 3633 2092 3690; x_wconf 85' lang='lat' dir='ltr'><strong>enim</strong></span> <span class='ocrx_word' id='word_1_615' title='bbox 2143 3632 2286 3686; x_wconf 84' lang='lat' dir='ltr'><strong>hanc</strong></span> <span class='ocrx_word' id='word_1_616' title='bbox 2313 3629 2381 3685; x_wconf 90' lang='lat' dir='ltr'><strong>ab</strong></span> <span class='ocrx_word' id='word_1_617' title='bbox 2413 3629 2537 3699; x_wconf 89' lang='lat' dir='ltr'><strong>ipso</strong></span> <span class='ocrx_word' id='word_1_618' title='bbox 2566 3625 2797 3699; x_wconf 69' lang='lat' dir='ltr'><strong>praedari</strong></span> <span class='ocrx_word' id='word_1_619' title='bbox 2822 3622 3189 3689; x_wconf 86' lang='lat' dir='ltr'><strong>conabantur,</strong></span> <span class='ocrx_word' id='word_1_620' title='bbox 3224 3619 3347 3676; x_wconf 82' lang='lat' dir='ltr'><strong>falsi</strong></span> <span class='ocrx_word' id='word_1_621' title='bbox 3389 3618 3532 3674; x_wconf 89' lang='lat' dir='ltr'><strong>ami-</strong></span> 
     </span>
    </p>
   </div>
   <div class='ocr_carea' id='block_1_81' title="bbox 1951 3717 3533 3793">
    <p class='ocr_par' dir='ltr' id='par_1_81' title="bbox 1951 3717 3533 3793">
     <span class='ocr_line' id='line_1_82' title="bbox 1951 3717 3533 3793; baseline -0.009 -12"><span class='ocrx_word' id='word_1_622' title='bbox 1951 3727 2024 3793; x_wconf 89' lang='lat' dir='ltr'><strong>ci,</strong></span> <span class='ocrx_word' id='word_1_623' title='bbox 2056 3726 2288 3790; x_wconf 83' lang='lat' dir='ltr'><strong>initnici,</strong></span> <span class='ocrx_word' id='word_1_624' title='bbox 2314 3724 2509 3788; x_wconf 70' lang='lat' dir='ltr'><strong>Judaei,</strong></span> <span class='ocrx_word' id='word_1_625' title='bbox 2538 3720 2736 3778; x_wconf 70' lang='lat' dir='ltr'><strong>Graeci.</strong></span> <span class='ocrx_word' id='word_1_626' title='bbox 2777 3737 2797 3771; x_wconf 78' lang='grc' dir='ltr'><strong>ι</strong></span> <span class='ocrx_word' id='word_1_627' title='bbox 2853 3717 3010 3786; x_wconf 86' lang='lat' dir='ltr'><strong>Quod</strong></span> <span class='ocrx_word' id='word_1_628' title='bbox 3062 3720 3339 3787; x_wconf 87' lang='lat' dir='ltr'><strong>superest,</strong></span> <span class='ocrx_word' id='word_1_629' title='bbox 3372 3727 3533 3783; x_wconf 86' lang='lat' dir='ltr'><strong>repo-</strong></span> 
     </span>
    </p>
   </div>
   <div class='ocr_carea' id='block_1_82' title="bbox 1950 3806 3533 3888">
    <p class='ocr_par' dir='ltr' id='par_1_82' title="bbox 1950 3806 3533 3888">
     <span class='ocr_line' id='line_1_83' title="bbox 1950 3806 3533 3888; baseline -0.01 -12"><span class='ocrx_word' id='word_1_630' title='bbox 1950 3820 2055 3877; x_wconf 88' lang='lat' dir='ltr'><strong>sita</strong></span> <span class='ocrx_word' id='word_1_631' title='bbox 2096 3827 2181 3875; x_wconf 91' lang='lat' dir='ltr'><strong>est</strong></span> <span class='ocrx_word' id='word_1_632' title='bbox 2218 3818 2351 3873; x_wconf 87' lang='lat' dir='ltr'><strong>mihi</strong></span> <span class='ocrx_word' id='word_1_633' title='bbox 2403 3817 2632 3888; x_wconf 81' lang='lat' dir='ltr'><strong>iustitiae</strong></span> <span class='ocrx_word' id='word_1_634' title='bbox 2678 3827 2904 3871; x_wconf 87' lang='lat' dir='ltr'><strong>corona.</strong></span> <span class='ocrx_word' id='word_1_635' title='bbox 2958 3806 2983 3866; x_wconf 39' lang='lat' dir='ltr'><strong>t‘</strong></span> <span class='ocrx_word' id='word_1_636' title='bbox 3031 3808 3241 3867; x_wconf 88' lang='lat' dir='ltr'><strong>Deinde</strong></span> <span class='ocrx_word' id='word_1_637' title='bbox 3285 3810 3449 3864; x_wconf 87' lang='lat' dir='ltr'><strong>etiam</strong></span> <span class='ocrx_word' id='word_1_638' title='bbox 3499 3819 3533 3861; x_wconf 88' lang='lat' dir='ltr'><strong>a</strong></span> 
     </span>
    </p>
   </div>
   <div class='ocr_carea' id='block_1_83' title="bbox 1951 3900 3531 3986">
    <p class='ocr_par' dir='ltr' id='par_1_83' title="bbox 1951 3900 3531 3986">
     <span class='ocr_line' id='line_1_84' title="bbox 1951 3900 3531 3986; baseline -0.009 -18"><span class='ocrx_word' id='word_1_639' title='bbox 1951 3913 2191 3986; x_wconf 80' lang='lat' dir='ltr'><strong>praemiis</strong></span> <span class='ocrx_word' id='word_1_640' title='bbox 2225 3910 2592 3967; x_wconf 86' lang='lat' dir='ltr'><strong>certaminum</strong></span> <span class='ocrx_word' id='word_1_641' title='bbox 2620 3906 2941 3964; x_wconf 83' lang='lat' dir='ltr'><strong>consolatur</strong></span> <span class='ocrx_word' id='word_1_642' title='bbox 2980 3905 3182 3975; x_wconf 89' lang='lat' dir='ltr'><strong>ipsum.</strong></span> <span class='ocrx_word' id='word_1_643' title='bbox 3214 3900 3351 3968; x_wconf 84' lang='lat' dir='ltr'><strong>Quis</strong></span> <span class='ocrx_word' id='word_1_644' title='bbox 3380 3900 3531 3955; x_wconf 89' lang='lat' dir='ltr'><strong>enim</strong></span> 
     </span>
    </p>
   </div>
   <div class='ocr_carea' id='block_1_84' title="bbox 1949 3992 3533 4078">
    <p class='ocr_par' dir='ltr' id='par_1_84' title="bbox 1949 3992 3533 4078">
     <span class='ocr_line' id='line_1_85' title="bbox 1949 3992 3533 4078; baseline -0.01 -16"><span class='ocrx_word' id='word_1_645' title='bbox 1949 4006 2156 4078; x_wconf 78' lang='lat' dir='ltr'><strong>lugebit</strong></span> <span class='ocrx_word' id='word_1_646' title='bbox 2176 4019 2298 4060; x_wconf 88' lang='lat' dir='ltr'><strong>eum</strong></span> <span class='ocrx_word' id='word_1_647' title='bbox 2333 4004 2424 4073; x_wconf 87' lang='lat' dir='ltr'><strong>qui</strong></span> <span class='ocrx_word' id='word_1_648' title='bbox 2447 4016 2704 4057; x_wconf 87' lang='lat' dir='ltr'><strong>coronam</strong></span> <span class='ocrx_word' id='word_1_649' title='bbox 2734 3998 2963 4069; x_wconf 69' lang='lat' dir='ltr'><strong>accipit?</strong></span> <span class='ocrx_word' id='word_1_650' title='bbox 2984 3994 3222 4053; x_wconf 66' lang='lat' dir='ltr'><strong>Justitiae</strong></span> <span class='ocrx_word' id='word_1_651' title='bbox 3249 4008 3400 4061; x_wconf 83' lang='lat' dir='ltr'><strong>vero,</strong></span> <span class='ocrx_word' id='word_1_652' title='bbox 3425 3992 3533 4047; x_wconf 85' lang='lat' dir='ltr'><strong>hoc</strong></span> 
     </span>
    </p>
   </div>
   <div class='ocr_carea' id='block_1_85' title="bbox 1947 4085 3533 4161">
    <p class='ocr_par' dir='ltr' id='par_1_85' title="bbox 1947 4085 3533 4161">
     <span class='ocr_line' id='line_1_86' title="bbox 1947 4085 3533 4161; baseline -0.011 -8"><span class='ocrx_word' id='word_1_653' title='bbox 1947 4109 2033 4154; x_wconf 86' lang='lat' dir='ltr'><strong>est</strong></span> <span class='ocrx_word' id='word_1_654' title='bbox 2055 4096 2386 4153; x_wconf 83' lang='lat' dir='ltr'><strong>universalis</strong></span> <span class='ocrx_word' id='word_1_655' title='bbox 2410 4093 2652 4149; x_wconf 88' lang='lat' dir='ltr'><strong>virtutis.</strong></span> <span class='ocrx_word' id='word_1_656' title='bbox 2685 4112 2705 4145; x_wconf 77' lang='grc' dir='ltr'><strong>ι</strong></span> <span class='ocrx_word' id='word_1_657' title='bbox 2745 4091 2920 4159; x_wconf 86' lang='lat' dir='ltr'><strong>Quam</strong></span> <span class='ocrx_word' id='word_1_658' title='bbox 2955 4090 3146 4146; x_wconf 88' lang='lat' dir='ltr'><strong>reddet</strong></span> <span class='ocrx_word' id='word_1_659' title='bbox 3179 4086 3312 4144; x_wconf 88' lang='lat' dir='ltr'><strong>mihi</strong></span> <span class='ocrx_word' id='word_1_660' title='bbox 3344 4085 3533 4161; x_wconf 85' lang='lat' dir='ltr'><strong>Domi-</strong></span> 
     </span>
    </p>
   </div>
   <div class='ocr_carea' id='block_1_86' title="bbox 1948 4175 3532 4257">
    <p class='ocr_par' dir='ltr' id='par_1_86' title="bbox 1948 4175 3532 4257">
     <span class='ocr_line' id='line_1_87' title="bbox 1948 4175 3532 4257; baseline -0.012 -10"><span class='ocrx_word' id='word_1_661' title='bbox 1948 4207 2053 4247; x_wconf 91' lang='lat' dir='ltr'><strong>nus</strong></span> <span class='ocrx_word' id='word_1_662' title='bbox 2092 4190 2147 4244; x_wconf 89' lang='lat' dir='ltr'><strong>in</strong></span> <span class='ocrx_word' id='word_1_663' title='bbox 2182 4188 2278 4244; x_wconf 92' lang='lat' dir='ltr'><strong>illo</strong></span> <span class='ocrx_word' id='word_1_664' title='bbox 2325 4187 2463 4244; x_wconf 67' lang='lat' dir='ltr'><strong>die.»</strong></span> <span class='ocrx_word' id='word_1_665' title='bbox 2482 4185 2670 4257; x_wconf 87' lang='lat' dir='ltr'><strong>Neque</strong></span> <span class='ocrx_word' id='word_1_666' title='bbox 2706 4185 2851 4239; x_wconf 90' lang='lat' dir='ltr'><strong>enim</strong></span> <span class='ocrx_word' id='word_1_667' title='bbox 2890 4182 3027 4237; x_wconf 88' lang='lat' dir='ltr'><strong>mihi</strong></span> <span class='ocrx_word' id='word_1_668' title='bbox 3058 4181 3176 4236; x_wconf 67' lang='lat' dir='ltr'><strong>haec</strong></span> <span class='ocrx_word' id='word_1_669' title='bbox 3207 4175 3532 4246; x_wconf 55' lang='lat' dir='ltr'><strong>temporalia</strong></span> 
     </span>
    </p>
   </div>
   <div class='ocr_carea' id='block_1_87' title="bbox 1948 4266 3531 4357">
    <p class='ocr_par' dir='ltr' id='par_1_87' title="bbox 1948 4266 3531 4357">
     <span class='ocr_line' id='line_1_88' title="bbox 1948 4266 3531 4357; baseline -0.012 -17"><span class='ocrx_word' id='word_1_670' title='bbox 1948 4283 2219 4357; x_wconf 80' lang='lat' dir='ltr'><strong>proferas,</strong></span> <span class='ocrx_word' id='word_1_671' title='bbox 2233 4297 2359 4337; x_wconf 87' lang='lat' dir='ltr'><strong>nam</strong></span> <span class='ocrx_word' id='word_1_672' title='bbox 2378 4297 2479 4353; x_wconf 76' lang='lat' dir='ltr'><strong>ego</strong></span> <span class='ocrx_word' id='word_1_673' title='bbox 2497 4279 2676 4336; x_wconf 79' lang='lat' dir='ltr'><strong>futura</strong></span> <span class='ocrx_word' id='word_1_674' title='bbox 2694 4293 2899 4349; x_wconf 69' lang='lat' dir='ltr'><strong>quaero.</strong></span> <span class='ocrx_word' id='word_1_675' title='bbox 2917 4274 3219 4332; x_wconf 83' lang='lat' dir='ltr'><strong>Considera</strong></span> <span class='ocrx_word' id='word_1_676' title='bbox 3237 4284 3366 4326; x_wconf 83' lang='lat' dir='ltr'><strong>vero</strong></span> <span class='ocrx_word' id='word_1_677' title='bbox 3382 4266 3531 4338; x_wconf 85' lang='lat' dir='ltr'><strong>quod</strong></span> 
     </span>
    </p>
   </div>
   <div class='ocr_carea' id='block_1_88' title="bbox 1947 4360 3527 4449">
    <p class='ocr_par' dir='ltr' id='par_1_88' title="bbox 1947 4360 3527 4449">
     <span class='ocr_line' id='line_1_89' title="bbox 1947 4360 3527 4449; baseline -0.011 -17"><span class='ocrx_word' id='word_1_678' title='bbox 1947 4384 2208 4449; x_wconf 80' lang='lat' dir='ltr'><strong>tanquam</strong></span> <span class='ocrx_word' id='word_1_679' title='bbox 2224 4375 2467 4433; x_wconf 88' lang='lat' dir='ltr'><strong>debitum</strong></span> <span class='ocrx_word' id='word_1_680' title='bbox 2489 4374 2699 4446; x_wconf 82' lang='lat' dir='ltr'><strong>expetit</strong></span> <span class='ocrx_word' id='word_1_681' title='bbox 2718 4371 3012 4440; x_wconf 89' lang='lat' dir='ltr'><strong>illud,cum</strong></span> <span class='ocrx_word' id='word_1_682' title='bbox 3031 4369 3129 4435; x_wconf 89' lang='lat' dir='ltr'><strong>ait,</strong></span> <span class='ocrx_word' id='word_1_683' title='bbox 3145 4362 3355 4422; x_wconf 76' lang='lat' dir='ltr'><strong>Reddet</strong></span> <span class='ocrx_word' id='word_1_684' title='bbox 3370 4360 3527 4427; x_wconf 86' lang='lat' dir='ltr'><strong>mihi,</strong></span> 
     </span>
    </p>
   </div>
   <div class='ocr_carea' id='block_1_89' title="bbox 1947 4452 3529 4537">
    <p class='ocr_par' dir='ltr' id='par_1_89' title="bbox 1947 4452 3529 4537">
     <span class='ocr_line' id='line_1_90' title="bbox 1947 4452 3529 4537; baseline -0.01 -12"><span class='ocrx_word' id='word_1_685' title='bbox 1947 4479 2124 4525; x_wconf 90' lang='lat' dir='ltr'><strong>etnon</strong></span> <span class='ocrx_word' id='word_1_686' title='bbox 2145 4469 2315 4534; x_wconf 42' lang='lat' dir='ltr'><strong>dicit.</strong></span> <span class='ocrx_word' id='word_1_687' title='bbox 2331 4466 2524 4524; x_wconf 88' lang='lat' dir='ltr'><strong>Dabit:</strong></span> <span class='ocrx_word' id='word_1_688' title='bbox 2552 4466 2872 4537; x_wconf 83' lang='lat' dir='ltr'><strong>signiﬁcans</strong></span> <span class='ocrx_word' id='word_1_689' title='bbox 2896 4463 3063 4519; x_wconf 88' lang='lat' dir='ltr'><strong>etiam</strong></span> <span class='ocrx_word' id='word_1_690' title='bbox 3093 4460 3201 4515; x_wconf 91' lang='lat' dir='ltr'><strong>hoc</strong></span> <span class='ocrx_word' id='word_1_691' title='bbox 3215 4473 3279 4514; x_wconf 80' lang='lat' dir='ltr'><strong>ex</strong></span> <span class='ocrx_word' id='word_1_692' title='bbox 3298 4471 3363 4511; x_wconf 93' lang='lat' dir='ltr'><strong>eo</strong></span> <span class='ocrx_word' id='word_1_693' title='bbox 3381 4452 3529 4526; x_wconf 87' lang='lat' dir='ltr'><strong>quod</strong></span> 
     </span>
    </p>
   </div>
   <div class='ocr_carea' id='block_1_90' title="bbox 1949 4547 3530 4635">
    <p class='ocr_par' dir='ltr' id='par_1_90' title="bbox 1949 4547 3530 4635">
     <span class='ocr_line' id='line_1_91' title="bbox 1949 4547 3530 4635; baseline -0.012 -17"><span class='ocrx_word' id='word_1_694' title='bbox 1949 4563 2060 4618; x_wconf 88' lang='lat' dir='ltr'><strong>ait:</strong></span> <span class='ocrx_word' id='word_1_695' title='bbox 2083 4563 2274 4621; x_wconf 80' lang='lat' dir='ltr'><strong>Justus</strong></span> <span class='ocrx_word' id='word_1_696' title='bbox 2301 4562 2522 4635; x_wconf 55' lang='lat' dir='ltr'><strong>judexa</strong></span> <span class='ocrx_word' id='word_1_697' title='bbox 2539 4558 2658 4616; x_wconf 85' lang='lat' dir='ltr'><strong>Non</strong></span> <span class='ocrx_word' id='word_1_698' title='bbox 2688 4558 2867 4619; x_wconf 86' lang='lat' dir='ltr'><strong>solum</strong></span> <span class='ocrx_word' id='word_1_699' title='bbox 2896 4564 3078 4611; x_wconf 87' lang='lat' dir='ltr'><strong>autem</strong></span> <span class='ocrx_word' id='word_1_700' title='bbox 3100 4550 3294 4607; x_wconf 65' lang='lat' dir='ltr'><strong>mihi.»</strong></span> <span class='ocrx_word' id='word_1_701' title='bbox 3319 4547 3421 4603; x_wconf 84' lang='lat' dir='ltr'><strong>Hic</strong></span> <span class='ocrx_word' id='word_1_702' title='bbox 3446 4547 3530 4616; x_wconf 81' lang='lat' dir='ltr'><strong>ip—</strong></span> 
     </span>
    </p>
   </div>
   <div class='ocr_carea' id='block_1_91' title="bbox 1871 4641 3531 4729">
    <p class='ocr_par' dir='ltr' id='par_1_91' title="bbox 1871 4641 3531 4729">
     <span class='ocr_line' id='line_1_92' title="bbox 1871 4641 3531 4729; baseline -0.013 -17"><span class='ocrx_word' id='word_1_703' title='bbox 1871 4649 1926 4712; x_wconf 85' lang='lat' dir='ltr'><strong>D</strong></span> <span class='ocrx_word' id='word_1_704' title='bbox 1952 4674 2074 4715; x_wconf 90' lang='lat' dir='ltr'><strong>sum</strong></span> <span class='ocrx_word' id='word_1_705' title='bbox 2098 4672 2317 4729; x_wconf 85' lang='lat' dir='ltr'><strong>quoque</strong></span> <span class='ocrx_word' id='word_1_706' title='bbox 2339 4656 2544 4712; x_wconf 79' lang='lat' dir='ltr'><strong>excitat</strong></span> <span class='ocrx_word' id='word_1_707' title='bbox 2565 4653 3079 4715; x_wconf 89' lang='lat' dir='ltr'><strong>Timotheum,nam</strong></span> <span class='ocrx_word' id='word_1_708' title='bbox 3107 4646 3274 4701; x_wconf 87' lang='lat' dir='ltr'><strong>etiam</strong></span> <span class='ocrx_word' id='word_1_709' title='bbox 3304 4641 3426 4705; x_wconf 88' lang='lat' dir='ltr'><strong>tibi,</strong></span> <span class='ocrx_word' id='word_1_710' title='bbox 3443 4641 3531 4692; x_wconf 85' lang='lat' dir='ltr'><strong>in-</strong></span> 
     </span>
    </p>
   </div>
   <div class='ocr_carea' id='block_1_92' title="bbox 259 4735 3528 4822">
    <p class='ocr_par' dir='ltr' id='par_1_92' title="bbox 259 4735 3528 4822">
     <span class='ocr_line' id='line_1_93' title="bbox 259 4735 3528 4822; baseline 0.001 -35"><span class='ocrx_word' id='word_1_711' title='bbox 259 4735 399 4803; x_wconf 88' lang='lat' dir='ltr'><strong>quit,</strong></span> <span class='ocrx_word' id='word_1_712' title='bbox 432 4740 646 4796; x_wconf 88' lang='lat' dir='ltr'><strong>reddet.</strong></span> <span class='ocrx_word' id='word_1_713' title='bbox 672 4740 731 4797; x_wconf 90' lang='lat' dir='ltr'><strong>Si</strong></span> <span class='ocrx_word' id='word_1_714' title='bbox 761 4743 903 4799; x_wconf 90' lang='lat' dir='ltr'><strong>enim</strong></span> <span class='ocrx_word' id='word_1_715' title='bbox 928 4745 1183 4802; x_wconf 89' lang='lat' dir='ltr'><strong>omnibus</strong></span> <span class='ocrx_word' id='word_1_716' title='bbox 1205 4745 1300 4817; x_wconf 90' lang='lat' dir='ltr'><strong>qui</strong></span> <span class='ocrx_word' id='word_1_717' title='bbox 1329 4746 1563 4816; x_wconf 76' lang='lat' dir='ltr'><strong>diligunt</strong></span> <span class='ocrx_word' id='word_1_718' title='bbox 1601 4749 1896 4806; x_wconf 83' lang='lat' dir='ltr'><strong>adventum</strong></span> <span class='ocrx_word' id='word_1_719' title='bbox 1935 4752 2109 4822; x_wconf 89' lang='lat' dir='ltr'><strong>ipsius</strong></span> <span class='ocrx_word' id='word_1_720' title='bbox 2138 4752 2290 4807; x_wconf 89' lang='lat' dir='ltr'><strong>dabit</strong></span> <span class='ocrx_word' id='word_1_721' title='bbox 2317 4764 2601 4815; x_wconf 89' lang='lat' dir='ltr'><strong>coronam,</strong></span> <span class='ocrx_word' id='word_1_722' title='bbox 2627 4746 2798 4802; x_wconf 85' lang='lat' dir='ltr'><strong>multo</strong></span> <span class='ocrx_word' id='word_1_723' title='bbox 2829 4743 3002 4810; x_wconf 70' lang='lat' dir='ltr'><strong>magis</strong></span> <span class='ocrx_word' id='word_1_724' title='bbox 3023 4740 3143 4797; x_wconf 90' lang='lat' dir='ltr'><strong>tibi.</strong></span> <span class='ocrx_word' id='word_1_725' title='bbox 3171 4738 3308 4809; x_wconf 84' lang='lat' dir='ltr'><strong>Quis</strong></span> <span class='ocrx_word' id='word_1_726' title='bbox 3346 4748 3528 4792; x_wconf 90' lang='lat' dir='ltr'><strong>autem</strong></span> 
     </span>
    </p>
   </div>
   <div class='ocr_carea' id='block_1_93' title="bbox 260 4830 2412 4911">
    <p class='ocr_par' dir='ltr' id='par_1_93' title="bbox 260 4830 2412 4911">
     <span class='ocr_line' id='line_1_94' title="bbox 260 4830 2412 4911; baseline 0.007 -29"><span class='ocrx_word' id='word_1_727' title='bbox 260 4830 440 4902; x_wconf 84' lang='lat' dir='ltr'><strong>diligit</strong></span> <span class='ocrx_word' id='word_1_728' title='bbox 470 4833 765 4891; x_wconf 87' lang='lat' dir='ltr'><strong>adventum</strong></span> <span class='ocrx_word' id='word_1_729' title='bbox 795 4837 1005 4907; x_wconf 80' lang='lat' dir='ltr'><strong>ipsius?</strong></span> <span class='ocrx_word' id='word_1_730' title='bbox 1034 4837 1139 4905; x_wconf 86' lang='lat' dir='ltr'><strong>Qui</strong></span> <span class='ocrx_word' id='word_1_731' title='bbox 1177 4839 1340 4911; x_wconf 90' lang='lat' dir='ltr'><strong>digna</strong></span> <span class='ocrx_word' id='word_1_732' title='bbox 1370 4848 1629 4910; x_wconf 88' lang='lat' dir='ltr'><strong>operatur</strong></span> <span class='ocrx_word' id='word_1_733' title='bbox 1652 4843 1826 4901; x_wconf 85' lang='lat' dir='ltr'><strong>beatis</strong></span> <span class='ocrx_word' id='word_1_734' title='bbox 1850 4845 2412 4906; x_wconf 73' lang='lat' dir='ltr'><strong>&#39;remnuerationibus.</strong></span> 
     </span>
    </p>
   </div>
   <div class='ocr_carea' id='block_1_94' title="bbox 332 4922 1848 5005">
    <p class='ocr_par' dir='ltr' id='par_1_94' title="bbox 332 4922 1848 5005">
     <span class='ocr_line' id='line_1_95' title="bbox 332 4922 1848 5005; baseline 0.011 -32"><span class='ocrx_word' id='word_1_735' title='bbox 332 4922 702 4977; x_wconf 75' lang='grc' dir='ltr'>Σπούδασον</span> <span class='ocrx_word' id='word_1_736' title='bbox 717 4926 921 4981; x_wconf 83' lang='grc' dir='ltr'>ἐλθεῖν</span> <span class='ocrx_word' id='word_1_737' title='bbox 951 4930 1103 4997; x_wconf 83' lang='grc' dir='ltr'>πρός</span> <span class='ocrx_word' id='word_1_738' title='bbox 1125 4945 1202 4999; x_wconf 80' lang='grc' dir='ltr'><strong>με</strong></span> <span class='ocrx_word' id='word_1_739' title='bbox 1233 4930 1479 4999; x_wconf 84' lang='grc' dir='ltr'>ταχέως.</span> <span class='ocrx_word' id='word_1_740' title='bbox 1512 4932 1711 5003; x_wconf 84' lang='grc' dir='ltr'>Δημᾶς</span> <span class='ocrx_word' id='word_1_741' title='bbox 1736 4934 1848 5005; x_wconf 82' lang='grc' dir='ltr'>γάρ</span> 
     </span>
    </p>
   </div>
   <div class='ocr_carea' id='block_1_95' title="bbox 257 5012 1849 5091">
    <p class='ocr_par' dir='ltr' id='par_1_95' title="bbox 257 5012 1849 5091">
     <span class='ocr_line' id='line_1_96' title="bbox 257 5012 1849 5091; baseline 0.011 -27"><span class='ocrx_word' id='word_1_742' title='bbox 257 5026 333 5078; x_wconf 79' lang='grc' dir='ltr'><strong>με</strong></span> <span class='ocrx_word' id='word_1_743' title='bbox 379 5012 806 5085; x_wconf 76' lang='grc' dir='ltr'>ἐγκατέλιπεν,</span> <span class='ocrx_word' id='word_1_744' title='bbox 845 5020 1168 5090; x_wconf 78' lang='grc' dir='ltr'>ἀγαπήσας</span> <span class='ocrx_word' id='word_1_745' title='bbox 1216 5022 1325 5076; x_wconf 81' lang='grc' dir='ltr'>τὸν</span> <span class='ocrx_word' id='word_1_746' title='bbox 1368 5023 1487 5079; x_wconf 82' lang='grc' dir='ltr'><strong>νῦν</strong></span> <span class='ocrx_word' id='word_1_747' title='bbox 1514 5023 1720 5091; x_wconf 68' lang='grc' dir='ltr'>αἰῶνα,</span> <span class='ocrx_word' id='word_1_748' title='bbox 1749 5028 1849 5082; x_wconf 73' lang='grc' dir='ltr'>καὶ</span> 
     </span>
    </p>
   </div>
   <div class='ocr_carea' id='block_1_96' title="bbox 230 5100 1839 5185">
    <p class='ocr_par' dir='ltr' id='par_1_96' title="bbox 230 5100 1839 5185">
     <span class='ocr_line' id='line_1_97' title="bbox 230 5100 1839 5185; baseline 0.013 -34"><span class='ocrx_word' id='word_1_749' title='bbox 230 5133 237 5138; x_wconf 78' lang='lat'><strong><em>~</em></strong></span> <span class='ocrx_word' id='word_1_750' title='bbox 264 5100 557 5170; x_wconf 70' lang='grc' dir='ltr'>ἐπορεύθη</span> <span class='ocrx_word' id='word_1_751' title='bbox 587 5108 673 5171; x_wconf 81' lang='grc' dir='ltr'><strong>εις</strong></span> <span class='ocrx_word' id='word_1_752' title='bbox 702 5112 1194 5181; x_wconf 71' lang='grc' dir='ltr'>Θεσσαλονίκην,</span> <span class='ocrx_word' id='word_1_753' title='bbox 1225 5113 1509 5185; x_wconf 55' lang='lat' dir='ltr'><strong>(speicum</strong></span> <span class='ocrx_word' id='word_1_754' title='bbox 1538 5118 1626 5183; x_wconf 80' lang='grc' dir='ltr'><strong>είς</strong></span> <span class='ocrx_word' id='word_1_755' title='bbox 1649 5108 1839 5174; x_wconf 66' lang='grc' dir='ltr'>Γαλαλ</span> 
     </span>
    </p>
   </div>
   <div class='ocr_carea' id='block_1_97' title="bbox 266 5193 1846 5279">
    <p class='ocr_par' dir='ltr' id='par_1_97' title="bbox 266 5193 1846 5279">
     <span class='ocr_line' id='line_1_98' title="bbox 266 5193 1846 5279; baseline 0.015 -35"><span class='ocrx_word' id='word_1_756' title='bbox 266 5194 418 5279; x_wconf 83' lang='grc' dir='ltr'>τίαν,</span> <span class='ocrx_word' id='word_1_757' title='bbox 486 5193 656 5263; x_wconf 84' lang='grc' dir='ltr'>Τῖτος</span> <span class='ocrx_word' id='word_1_758' title='bbox 691 5200 782 5264; x_wconf 75' lang='grc' dir='ltr'>εἷς</span> <span class='ocrx_word' id='word_1_759' title='bbox 817 5203 1180 5271; x_wconf 80' lang='grc' dir='ltr'>Δαλματίαν,</span> <span class='ocrx_word' id='word_1_760' title='bbox 1216 5204 1457 5273; x_wconf 84' lang='grc' dir='ltr'>Λουκᾶς</span> <span class='ocrx_word' id='word_1_761' title='bbox 1487 5207 1620 5262; x_wconf 80' lang='grc' dir='ltr'>ἐστι</span> <span class='ocrx_word' id='word_1_762' title='bbox 1651 5210 1846 5279; x_wconf 84' lang='grc' dir='ltr'>μόνος</span> 
     </span>
    </p>
   </div>
   <div class='ocr_carea' id='block_1_98' title="bbox 262 5278 1844 5367">
    <p class='ocr_par' dir='ltr' id='par_1_98' title="bbox 262 5278 1844 5367">
     <span class='ocr_line' id='line_1_99' title="bbox 262 5278 1844 5367; baseline 0.015 -31"><span class='ocrx_word' id='word_1_763' title='bbox 262 5278 571 5357; x_wconf 59' lang='grc' dir='ltr'>μετ”ἐμοιλ</span> <span class='ocrx_word' id='word_1_764' title='bbox 601 5289 848 5359; x_wconf 81' lang='grc' dir='ltr'>Μάρκον</span> <span class='ocrx_word' id='word_1_765' title='bbox 877 5294 1218 5362; x_wconf 79' lang='grc' dir='ltr'>ἀναλαϐὼν,</span> <span class='ocrx_word' id='word_1_766' title='bbox 1252 5296 1359 5365; x_wconf 78' lang='grc' dir='ltr'>ἄγε</span> <span class='ocrx_word' id='word_1_767' title='bbox 1381 5300 1531 5367; x_wconf 84' lang='grc' dir='ltr'>μετὰ</span> <span class='ocrx_word' id='word_1_768' title='bbox 1558 5278 1844 5360; x_wconf 82' lang='grc' dir='ltr'>σεαυτοῦ.</span> 
     </span>
    </p>
   </div>
   <div class='ocr_carea' id='block_1_99' title="bbox 272 5379 1847 5463">
    <p class='ocr_par' dir='ltr' id='par_1_99' title="bbox 272 5379 1847 5463">
     <span class='ocr_line' id='line_1_100' title="bbox 272 5379 1847 5463; baseline 0.011 -31"><span class='ocrx_word' id='word_1_769' title='bbox 272 5379 435 5435; x_wconf 83' lang='grc' dir='ltr'>Ἔστι</span> <span class='ocrx_word' id='word_1_770' title='bbox 463 5380 578 5451; x_wconf 57' lang='grc' dir='ltr'>γάρ</span> <span class='ocrx_word' id='word_1_771' title='bbox 608 5400 709 5453; x_wconf 86' lang='grc' dir='ltr'><strong>μοι</strong></span> <span class='ocrx_word' id='word_1_772' title='bbox 728 5384 1064 5456; x_wconf 81' lang='grc' dir='ltr'>εὔχρηστος</span> <span class='ocrx_word' id='word_1_773' title='bbox 1103 5390 1191 5456; x_wconf 79' lang='grc' dir='ltr'>εις</span> <span class='ocrx_word' id='word_1_774' title='bbox 1220 5389 1552 5447; x_wconf 80' lang='grc' dir='ltr'>διακονίαν.</span> <span class='ocrx_word' id='word_1_775' title='bbox 1592 5394 1847 5463; x_wconf 83' lang='grc' dir='ltr'>Τυχικὸν</span> 
     </span>
    </p>
   </div>
   <div class='ocr_carea' id='block_1_100' title="bbox 266 5468 1846 5556">
    <p class='ocr_par' dir='ltr' id='par_1_100' title="bbox 266 5468 1846 5556">
     <span class='ocr_line' id='line_1_101' title="bbox 266 5468 1846 5556; baseline 0.013 -33"><span class='ocrx_word' id='word_1_776' title='bbox 266 5468 336 5523; x_wconf 73' lang='grc' dir='ltr'>δὲ</span> <span class='ocrx_word' id='word_1_777' title='bbox 380 5473 718 5530; x_wconf 77' lang='grc' dir='ltr'>ἀπέστειλα</span> <span class='ocrx_word' id='word_1_778' title='bbox 768 5481 854 5545; x_wconf 85' lang='grc' dir='ltr'><strong>εις</strong></span> <span class='ocrx_word' id='word_1_779' title='bbox 902 5481 1190 5551; x_wconf 73' lang='grc' dir='ltr'>Ἔφεσον.</span> <span class='ocrx_word' id='word_1_780' title='bbox 1239 5481 1353 5539; x_wconf 84' lang='grc' dir='ltr'><strong>Τὸν</strong></span> <span class='ocrx_word' id='word_1_781' title='bbox 1417 5487 1718 5556; x_wconf 74' lang='grc' dir='ltr'>φαιλόνην</span> <span class='ocrx_word' id='word_1_782' title='bbox 1773 5487 1846 5543; x_wconf 80' lang='grc' dir='ltr'>ὃν</span> 
     </span>
    </p>
   </div>
   <div class='ocr_carea' id='block_1_101' title="bbox 267 5562 1845 5650">
    <p class='ocr_par' dir='ltr' id='par_1_101' title="bbox 267 5562 1845 5650">
     <span class='ocr_line' id='line_1_102' title="bbox 267 5562 1845 5650; baseline 0.022 -36"><span class='ocrx_word' id='word_1_783' title='bbox 267 5562 565 5621; x_wconf 72' lang='grc' dir='ltr'>ἀπέλιπον</span> <span class='ocrx_word' id='word_1_784' title='bbox 583 5567 659 5639; x_wconf 24' lang='grc' dir='ltr'>ἐν,</span> <span class='ocrx_word' id='word_1_785' title='bbox 686 5571 905 5640; x_wconf 77' lang='grc' dir='ltr'>Τρῳάδι</span> <span class='ocrx_word' id='word_1_786' title='bbox 919 5577 1078 5645; x_wconf 79' lang='grc' dir='ltr'>παρὰ</span> <span class='ocrx_word' id='word_1_787' title='bbox 1099 5576 1317 5645; x_wconf 82' lang='grc' dir='ltr'><em>Κάρπῳ</em></span> <span class='ocrx_word' id='word_1_788' title='bbox 1330 5577 1652 5647; x_wconf 82' lang='grc' dir='ltr'>ἐρχόμενος</span> <span class='ocrx_word' id='word_1_789' title='bbox 1681 5580 1845 5650; x_wconf 72' lang='grc' dir='ltr'>φέρε.</span> 
     </span>
    </p>
   </div>
   <div class='ocr_carea' id='block_1_102' title="bbox 270 5653 1535 5738">
    <p class='ocr_par' dir='ltr' id='par_1_102' title="bbox 270 5653 1535 5738">
     <span class='ocr_line' id='line_1_103' title="bbox 270 5653 1535 5738; baseline 0.016 -33"><span class='ocrx_word' id='word_1_790' title='bbox 270 5653 367 5707; x_wconf 74' lang='grc' dir='ltr'>καὶ</span> <span class='ocrx_word' id='word_1_791' title='bbox 397 5657 467 5710; x_wconf 81' lang='grc' dir='ltr'>τὰ</span> <span class='ocrx_word' id='word_1_792' title='bbox 491 5659 728 5728; x_wconf 79' lang='grc' dir='ltr'>βιϐλία,</span> <span class='ocrx_word' id='word_1_793' title='bbox 751 5662 1018 5731; x_wconf 81' lang='grc' dir='ltr'>μάλιστα</span> <span class='ocrx_word' id='word_1_794' title='bbox 1042 5668 1148 5734; x_wconf 85' lang='grc' dir='ltr'>τὰς</span> <span class='ocrx_word' id='word_1_795' title='bbox 1172 5667 1535 5738; x_wconf 79' lang='grc' dir='ltr'>μεμϐράνας.</span> 
     </span>
    </p>
   </div>
   <div class='ocr_carea' id='block_1_103' title="bbox 342 5746 1844 5835">
    <p class='ocr_par' dir='ltr' id='par_1_103' title="bbox 342 5746 1844 5835">
     <span class='ocr_line' id='line_1_104' title="bbox 342 5746 1844 5835; baseline 0.014 -37"><span class='ocrx_word' id='word_1_796' title='bbox 342 5746 403 5799; x_wconf 91' lang='grc' dir='ltr'>Τί</span> <span class='ocrx_word' id='word_1_797' title='bbox 432 5748 498 5821; x_wconf 83' lang='grc' dir='ltr'>δή</span> <span class='ocrx_word' id='word_1_798' title='bbox 534 5768 664 5805; x_wconf 79' lang='grc' dir='ltr'>ποτε</span> <span class='ocrx_word' id='word_1_799' title='bbox 698 5756 796 5825; x_wconf 83' lang='grc' dir='ltr'>τὴν</span> <span class='ocrx_word' id='word_1_800' title='bbox 824 5756 1090 5827; x_wconf 80' lang='grc' dir='ltr'>Ἐφεσίων</span> <span class='ocrx_word' id='word_1_801' title='bbox 1113 5760 1445 5833; x_wconf 85' lang='grc' dir='ltr'>Ἐκκλησίαν</span> <span class='ocrx_word' id='word_1_802' title='bbox 1471 5765 1844 5835; x_wconf 71' lang='grc' dir='ltr'>ἐμπεπιστευσ</span> 
     </span>
    </p>
   </div>
   <div class='ocr_carea' id='block_1_104' title="bbox 346 5921 1360 5995">
    <p class='ocr_par' dir='ltr' id='par_1_104' title="bbox 346 5921 1360 5995">
     <span class='ocr_line' id='line_1_105' title="bbox 346 5921 1360 5995; baseline 0.018 -21"><span class='ocrx_word' id='word_1_803' title='bbox 346 5921 385 5952; x_wconf 80' lang='grc'>¹⁸</span> <span class='ocrx_word' id='word_1_804' title='bbox 411 5921 567 5979; x_wconf 77' lang='lat' dir='ltr'><strong>Rom.</strong></span> <span class='ocrx_word' id='word_1_805' title='bbox 590 5941 691 5992; x_wconf 78' lang='lat' dir='ltr'><strong>xu,</strong></span> <span class='ocrx_word' id='word_1_806' title='bbox 714 5928 764 5984; x_wconf 82' lang='lat' dir='ltr'><strong>I.</strong></span> <span class='ocrx_word' id='word_1_807' title='bbox 875 5931 923 5963; x_wconf 78' lang='lat'><strong>&quot;</strong></span> <span class='ocrx_word' id='word_1_808' title='bbox 962 5934 1120 5987; x_wconf 82' lang='lat' dir='ltr'><strong>Rom.</strong></span> <span class='ocrx_word' id='word_1_809' title='bbox 1149 5951 1242 5995; x_wconf 78' lang='lat' dir='ltr'><strong>xv.</strong></span> <span class='ocrx_word' id='word_1_810' title='bbox 1276 5937 1360 5992; x_wconf 75' lang='lat' dir='ltr'><strong>l9.</strong></span> 
     </span>
    </p>
   </div>
   <div class='ocr_carea' id='block_1_105' title="bbox 579 6021 1268 6091">
    <p class='ocr_par' dir='ltr' id='par_1_105' title="bbox 579 6021 1268 6091">
     <span class='ocr_line' id='line_1_106' title="bbox 579 6021 1268 6091; baseline 0.013 -11"><span class='ocrx_word' id='word_1_811' title='bbox 579 6021 826 6087; x_wconf 66' lang='lat' dir='ltr'><strong>Parem.</strong></span> <span class='ocrx_word' id='word_1_812' title='bbox 890 6029 1005 6088; x_wconf 80' lang='lat' dir='ltr'><strong>Gn.</strong></span> <span class='ocrx_word' id='word_1_813' title='bbox 1041 6028 1268 6091; x_wconf 80' lang='lat' dir='ltr'><strong>CXIX.</strong></span> 
     </span>
    </p>
   </div>
   <div class='ocr_carea' id='block_1_106' title="bbox 2024 4925 3528 5004">
    <p class='ocr_par' dir='ltr' id='par_1_106' title="bbox 2024 4925 3528 5004">
     <span class='ocr_line' id='line_1_107' title="bbox 2024 4925 3528 5004; baseline -0.009 -14"><span class='ocrx_word' id='word_1_814' title='bbox 2024 4937 2111 5002; x_wconf 86' lang='lat' dir='ltr'><strong>IV,</strong></span> <span class='ocrx_word' id='word_1_815' title='bbox 2142 4937 2292 4991; x_wconf 70' lang='lat'><strong>8-13.</strong></span> <span class='ocrx_word' id='word_1_816' title='bbox 2332 4935 2415 4989; x_wconf 87' lang='lat' dir='ltr'><strong>Da</strong></span> <span class='ocrx_word' id='word_1_817' title='bbox 2445 4948 2655 5001; x_wconf 82' lang='lat' dir='ltr'><strong>operam</strong></span> <span class='ocrx_word' id='word_1_818' title='bbox 2706 4940 2762 4983; x_wconf 86' lang='lat' dir='ltr'><strong>ut</strong></span> <span class='ocrx_word' id='word_1_819' title='bbox 2802 4929 2992 5004; x_wconf 79' lang='lat' dir='ltr'><strong>uenias</strong></span> <span class='ocrx_word' id='word_1_820' title='bbox 3020 4925 3089 4980; x_wconf 88' lang='lat' dir='ltr'><strong>ad</strong></span> <span class='ocrx_word' id='word_1_821' title='bbox 3123 4942 3202 4981; x_wconf 81' lang='lat' dir='ltr'><strong>me</strong></span> <span class='ocrx_word' id='word_1_822' title='bbox 3240 4926 3528 4980; x_wconf 85' lang='lat' dir='ltr'><strong>cito:nam</strong></span> 
     </span>
    </p>
   </div>
   <div class='ocr_carea' id='block_1_107' title="bbox 1948 5016 3522 5097">
    <p class='ocr_par' dir='ltr' id='par_1_107' title="bbox 1948 5016 3522 5097">
     <span class='ocr_line' id='line_1_108' title="bbox 1948 5016 3522 5097; baseline -0.012 -11"><span class='ocrx_word' id='word_1_823' title='bbox 1948 5031 2144 5086; x_wconf 84' lang='lat' dir='ltr'><strong>Demos</strong></span> <span class='ocrx_word' id='word_1_824' title='bbox 2167 5047 2247 5085; x_wconf 87' lang='lat' dir='ltr'><strong>me</strong></span> <span class='ocrx_word' id='word_1_825' title='bbox 2275 5027 2552 5097; x_wconf 82' lang='lat' dir='ltr'><strong>dereliquit</strong></span> <span class='ocrx_word' id='word_1_826' title='bbox 2583 5041 2700 5079; x_wconf 84' lang='lat' dir='ltr'><strong>cum</strong></span> <span class='ocrx_word' id='word_1_827' title='bbox 2725 5022 2965 5091; x_wconf 83' lang='lat' dir='ltr'><strong>diligeret</strong></span> <span class='ocrx_word' id='word_1_828' title='bbox 2990 5035 3220 5087; x_wconf 67' lang='lat' dir='ltr'><strong>prazsens</strong></span> <span class='ocrx_word' id='word_1_829' title='bbox 3245 5016 3522 5079; x_wconf 68' lang='lat' dir='ltr'><strong>saeculum,</strong></span> 
     </span>
    </p>
   </div>
   <div class='ocr_carea' id='block_1_108' title="bbox 1947 5107 3527 5193">
    <p class='ocr_par' dir='ltr' id='par_1_108' title="bbox 1947 5107 3527 5193">
     <span class='ocr_line' id='line_1_109' title="bbox 1947 5107 3527 5193; baseline -0.011 -15"><span class='ocrx_word' id='word_1_830' title='bbox 1947 5132 1999 5178; x_wconf 88' lang='lat' dir='ltr'><strong>et</strong></span> <span class='ocrx_word' id='word_1_831' title='bbox 2039 5122 2302 5193; x_wconf 80' lang='lat' dir='ltr'><strong>profectus</strong></span> <span class='ocrx_word' id='word_1_832' title='bbox 2339 5129 2419 5175; x_wconf 87' lang='lat' dir='ltr'><strong>est</strong></span> <span class='ocrx_word' id='word_1_833' title='bbox 2456 5116 2925 5180; x_wconf 76' lang='lat' dir='ltr'><strong>Thessalonicam,</strong></span> <span class='ocrx_word' id='word_1_834' title='bbox 2966 5111 3220 5169; x_wconf 83' lang='lat' dir='ltr'><strong>Crescens</strong></span> <span class='ocrx_word' id='word_1_835' title='bbox 3264 5112 3318 5165; x_wconf 88' lang='lat' dir='ltr'><strong>in</strong></span> <span class='ocrx_word' id='word_1_836' title='bbox 3361 5107 3527 5165; x_wconf 81' lang='lat' dir='ltr'><strong>Gula-</strong></span> 
     </span>
    </p>
   </div>
   <div class='ocr_carea' id='block_1_109' title="bbox 1948 5202 3522 5282">
    <p class='ocr_par' dir='ltr' id='par_1_109' title="bbox 1948 5202 3522 5282">
     <span class='ocr_line' id='line_1_110' title="bbox 1948 5202 3522 5282; baseline -0.01 -13"><span class='ocrx_word' id='word_1_837' title='bbox 1948 5217 2102 5281; x_wconf 84' lang='lat' dir='ltr'><strong>tiam,</strong></span> <span class='ocrx_word' id='word_1_838' title='bbox 2127 5214 2277 5268; x_wconf 87' lang='lat' dir='ltr'><strong>Titus</strong></span> <span class='ocrx_word' id='word_1_839' title='bbox 2309 5212 2362 5267; x_wconf 88' lang='lat' dir='ltr'><strong>in</strong></span> <span class='ocrx_word' id='word_1_840' title='bbox 2390 5210 2555 5282; x_wconf 73' lang='grc'><strong>280</strong></span> <span class='ocrx_word' id='word_1_841' title='bbox 2592 5207 2924 5263; x_wconf 81' lang='lat' dir='ltr'><strong>Dalmatiam</strong></span> <span class='ocrx_word' id='word_1_842' title='bbox 2960 5223 2974 5261; x_wconf 88' lang='lat'><strong>:</strong></span> <span class='ocrx_word' id='word_1_843' title='bbox 3009 5202 3185 5259; x_wconf 81' lang='lat' dir='ltr'><strong>Lucas</strong></span> <span class='ocrx_word' id='word_1_844' title='bbox 3216 5217 3419 5257; x_wconf 88' lang='lat' dir='ltr'><strong>mecum</strong></span> <span class='ocrx_word' id='word_1_845' title='bbox 3443 5208 3522 5256; x_wconf 84' lang='lat' dir='ltr'><strong>est</strong></span> 
     </span>
    </p>
   </div>
   <div class='ocr_carea' id='block_1_110' title="bbox 1949 5292 3525 5373">
    <p class='ocr_par' dir='ltr' id='par_1_110' title="bbox 1949 5292 3525 5373">
     <span class='ocr_line' id='line_1_111' title="bbox 1949 5292 3525 5373; baseline -0.011 -9"><span class='ocrx_word' id='word_1_846' title='bbox 1949 5308 2117 5364; x_wconf 83' lang='lat' dir='ltr'><strong>salus.</strong></span> <span class='ocrx_word' id='word_1_847' title='bbox 2151 5306 2394 5361; x_wconf 80' lang='lat' dir='ltr'><strong>Marcum</strong></span> <span class='ocrx_word' id='word_1_848' title='bbox 2420 5313 2755 5373; x_wconf 75' lang='lat' dir='ltr'><strong>assumptum</strong></span> <span class='ocrx_word' id='word_1_849' title='bbox 2788 5299 3041 5356; x_wconf 84' lang='lat' dir='ltr'><strong>adducito</strong></span> <span class='ocrx_word' id='word_1_850' title='bbox 3070 5313 3179 5353; x_wconf 88' lang='lat' dir='ltr'><strong>una</strong></span> <span class='ocrx_word' id='word_1_851' title='bbox 3203 5306 3393 5350; x_wconf 85' lang='lat' dir='ltr'><strong>tecum.</strong></span> <span class='ocrx_word' id='word_1_852' title='bbox 3427 5292 3525 5348; x_wconf 82' lang='lat' dir='ltr'><strong>Est</strong></span> 
     </span>
    </p>
   </div>
   <div class='ocr_carea' id='block_1_111' title="bbox 1948 5383 3523 5465">
    <p class='ocr_par' dir='ltr' id='par_1_111' title="bbox 1948 5383 3523 5465">
     <span class='ocr_line' id='line_1_112' title="bbox 1948 5383 3523 5465; baseline -0.012 -12"><span class='ocrx_word' id='word_1_853' title='bbox 1948 5396 2087 5453; x_wconf 77' lang='lat' dir='ltr'><strong>enim</strong></span> <span class='ocrx_word' id='word_1_854' title='bbox 2111 5394 2241 5449; x_wconf 82' lang='lat' dir='ltr'><strong>mihi</strong></span> <span class='ocrx_word' id='word_1_855' title='bbox 2266 5393 2508 5465; x_wconf 86' lang='lat' dir='ltr'><strong>perutilis</strong></span> <span class='ocrx_word' id='word_1_856' title='bbox 2536 5391 2606 5446; x_wconf 86' lang='lat' dir='ltr'><strong>ad</strong></span> <span class='ocrx_word' id='word_1_857' title='bbox 2639 5391 3012 5446; x_wconf 81' lang='lat' dir='ltr'><strong>ministerium.</strong></span> <span class='ocrx_word' id='word_1_858' title='bbox 3040 5386 3212 5442; x_wconf 90' lang='lat' dir='ltr'><strong>Porro</strong></span> <span class='ocrx_word' id='word_1_859' title='bbox 3241 5383 3523 5454; x_wconf 81' lang='lat' dir='ltr'><strong>Tychicuut</strong></span> 
     </span>
    </p>
   </div>
   <div class='ocr_carea' id='block_1_112' title="bbox 1952 5472 3522 5559">
    <p class='ocr_par' dir='ltr' id='par_1_112' title="bbox 1952 5472 3522 5559">
     <span class='ocr_line' id='line_1_113' title="bbox 1952 5472 3522 5559; baseline -0.012 -15"><span class='ocrx_word' id='word_1_860' title='bbox 1952 5490 2076 5545; x_wconf 88' lang='lat' dir='ltr'><strong>misi</strong></span> <span class='ocrx_word' id='word_1_861' title='bbox 2115 5488 2400 5559; x_wconf 72' lang='lat' dir='ltr'><strong>Ephesum.</strong></span> <span class='ocrx_word' id='word_1_862' title='bbox 2444 5485 2708 5541; x_wconf 87' lang='lat' dir='ltr'><strong>Penulam</strong></span> <span class='ocrx_word' id='word_1_863' title='bbox 2741 5499 2901 5556; x_wconf 85' lang='lat' dir='ltr'><strong>quam</strong></span> <span class='ocrx_word' id='word_1_864' title='bbox 2934 5480 3121 5551; x_wconf 83' lang='lat' dir='ltr'><strong>reliqui</strong></span> <span class='ocrx_word' id='word_1_865' title='bbox 3146 5476 3348 5534; x_wconf 82' lang='lat' dir='ltr'><strong>Troade</strong></span> <span class='ocrx_word' id='word_1_866' title='bbox 3380 5472 3522 5543; x_wconf 84' lang='lat' dir='ltr'><strong>apud</strong></span> 
     </span>
    </p>
   </div>
   <div class='ocr_carea' id='block_1_113' title="bbox 1951 5568 3523 5653">
    <p class='ocr_par' dir='ltr' id='par_1_113' title="bbox 1951 5568 3523 5653">
     <span class='ocr_line' id='line_1_114' title="bbox 1951 5568 3523 5653; baseline -0.012 -15"><span class='ocrx_word' id='word_1_867' title='bbox 1951 5581 2186 5653; x_wconf 85' lang='lat' dir='ltr'><strong>Curpuut</strong></span> <span class='ocrx_word' id='word_1_868' title='bbox 2228 5583 2319 5636; x_wconf 83' lang='lat' dir='ltr'><strong>ubi</strong></span> <span class='ocrx_word' id='word_1_869' title='bbox 2368 5581 2567 5637; x_wconf 78' lang='lat' dir='ltr'><strong>veneris</strong></span> <span class='ocrx_word' id='word_1_870' title='bbox 2614 5577 2890 5648; x_wconf 77' lang='lat' dir='ltr'><strong>conferas,</strong></span> <span class='ocrx_word' id='word_1_871' title='bbox 2924 5583 2975 5630; x_wconf 83' lang='lat' dir='ltr'><strong>et</strong></span> <span class='ocrx_word' id='word_1_872' title='bbox 3017 5571 3251 5637; x_wconf 80' lang='lat' dir='ltr'><strong>libellos,</strong></span> <span class='ocrx_word' id='word_1_873' title='bbox 3292 5568 3523 5622; x_wconf 66' lang='lat' dir='ltr'><strong>maxime</strong></span> 
     </span>
    </p>
   </div>
   <div class='ocr_carea' id='block_1_114' title="bbox 1951 5672 2516 5735">
    <p class='ocr_par' dir='ltr' id='par_1_114' title="bbox 1951 5672 2516 5735">
     <span class='ocr_line' id='line_1_115' title="bbox 1951 5672 2516 5735; baseline -0.014 -2"><span class='ocrx_word' id='word_1_874' title='bbox 1951 5687 2128 5735; x_wconf 84' lang='lat' dir='ltr'><strong>autem</strong></span> <span class='ocrx_word' id='word_1_875' title='bbox 2159 5672 2516 5728; x_wconf 85' lang='lat' dir='ltr'><strong>membranas.</strong></span> 
     </span>
    </p>
   </div>
   <div class='ocr_carea' id='block_1_115' title="bbox 2022 5753 3521 5837">
    <p class='ocr_par' dir='ltr' id='par_1_115' title="bbox 2022 5753 3521 5837">
     <span class='ocr_line' id='line_1_116' title="bbox 2022 5753 3521 5837; baseline -0.011 -14"><span class='ocrx_word' id='word_1_876' title='bbox 2022 5766 2196 5837; x_wconf 86' lang='lat' dir='ltr'><strong>Quam</strong></span> <span class='ocrx_word' id='word_1_877' title='bbox 2239 5768 2310 5824; x_wconf 88' lang='lat' dir='ltr'><strong>ob</strong></span> <span class='ocrx_word' id='word_1_878' title='bbox 2364 5779 2587 5821; x_wconf 84' lang='lat' dir='ltr'><strong>causam</strong></span> <span class='ocrx_word' id='word_1_879' title='bbox 2632 5778 2758 5819; x_wconf 88' lang='lat' dir='ltr'><strong>eum</strong></span> <span class='ocrx_word' id='word_1_880' title='bbox 2801 5760 2871 5817; x_wconf 86' lang='lat' dir='ltr'><strong>ad</strong></span> <span class='ocrx_word' id='word_1_881' title='bbox 2905 5774 2965 5817; x_wconf 89' lang='lat' dir='ltr'><strong>se</strong></span> <span class='ocrx_word' id='word_1_882' title='bbox 2992 5767 3152 5815; x_wconf 86' lang='lat' dir='ltr'><strong>vocat</strong></span> <span class='ocrx_word' id='word_1_883' title='bbox 3180 5753 3268 5812; x_wconf 89' lang='lat' dir='ltr'><strong>cui</strong></span> <span class='ocrx_word' id='word_1_884' title='bbox 3295 5766 3521 5810; x_wconf 87' lang='lat' dir='ltr'><strong>concre-</strong></span> 
     </span>
    </p>
   </div>
   <div class='ocr_carea' id='block_1_116' title="bbox 3088 6031 3130 6091">
    <p class='ocr_par' dir='ltr' id='par_1_116' title="bbox 3088 6031 3130 6091">
     <span class='ocr_line' id='line_1_117' title="bbox 3088 6031 3130 6091; baseline 0 0"><span class='ocrx_word' id='word_1_885' title='bbox 3088 6031 3130 6091; x_wconf 83' lang='lat'><strong>8</strong></span> 
     </span>
    </p>
   </div>
  </div>
