3918 6580
463 445 577 508 235

1528 435 1925 499 ιΕρυΜΕΝιι
1953 437 2244 499 ΤΒΙΕΟᾸΞ
2275 440 2615 502 EPISCOP-l

3610 441 3719 504 2‘6

466 558 582 611 dita
612 562 730 610 erat
772 549 1134 622 Ephesiorum
1169 547 1449 602 Ecclesia?
1477 544 1614 614 Quia
1647 563 1772 601 cum
1815 548 1868 601 in
1915 561 2035 598 car-

2153 550 2334 617 μένον,
2370 551 2502 622 πρὸς
2538 552 2730 605 ἑαυτὸν
2762 552 2946 620 καλει;
2975 553 3098 608 Ὅτι
3124 554 3180 608 ἑν
3207 553 3420 626 φυλακῇ
3443 554 3518 609 ὢν
3535 555 3720 617 αὐτὸς,

465 664 591 702 cere
640 656 805 708 esset,
848 642 915 698 ad
962 643 1115 697 illum
1161 639 1436 711 proficisci
1491 654 1596 693 non
1646 646 1877 711 poterat.
1922 636 2046 690 Vult

466 740 638 812 igitur
670 747 726 791 ut
761 734 1084 791 Timotheus
1127 735 1193 789 ad
1235 748 1294 788 se
1336 730 1539 796 veniat,
1572 738 1685 785 tum
1715 732 1857 801 quod
1894 731 2046 785 solus

462 843 633 898 esset,
656 838 773 885 tum
803 838 863 884 ut
887 831 1071 900 aliqua
1104 828 1206 899 ipsi
1236 824 1575 899 praeciperet.
1604 842 1624 876 t
1654 823 1735 879 Ad
1766 838 1852 878 me
1875 823 2040 879 cito.»

462 927 581 985 Non
630 926 714 987 ait
750 943 765 981 :
800 924 1024 981 Interim
1071 923 1203 978 dum
1253 919 1380 974 vivo
1417 935 1432 972 :
1467 931 1642 988 neque
1686 916 1829 972 enim
1877 914 2047 971 voluit

459 1036 586 1076 eum
638 1019 993 1074 contristare.
1037 1034 1056 1068 t
1102 1015 1239 1071 Cum
1291 1014 1542 1085 diligeret
1588 1028 1830 1086 prasens
1872 1026 2047 1068 saecu-

461 1100 598 1161 lum.
634 1124 654 1158 s
692 1106 749 1161 ld
778 1114 864 1161 est
896 1104 1253 1161 securitatem
1302 1122 1317 1158 :
1354 1112 1408 1160 et
1443 1104 1517 1158 ita
1563 1102 1699 1174 fugit
1738 1103 2042 1174 periculum

459 1208 521 1254 ut
546 1197 904 1256 existimavit.
943 1194 1116 1267 Magis
1146 1195 1293 1251 enim
1347 1196 1511 1267 elegit
1556 1195 1702 1250 domi
1738 1199 1792 1250 in
1832 1195 2043 1252 deliciis

466 1301 648 1357 agere,
692 1300 857 1357 quam
899 1300 1111 1341 mecum
1145 1285 1456 1357 defatigari.
1493 1284 1614 1340 Non
1654 1293 1833 1341 autem
1864 1286 2049 1341 inten-

464 1378 545 1433 dit
597 1376 747 1432 hunc
790 1378 1100 1442 traducere,
1133 1378 1228 1432 sed
1274 1393 1374 1432 nos
1404 1379 1586 1449 potius
1617 1378 1949 1434 confirmare
1978 1394 2048 1435 ne

476 1469 941 1527 mollescamus.'t
974 1469 1244 1526 Crescens
1272 1471 1325 1525 in
1352 1471 1643 1527 Galatiam.
1675 1491 1694 1525 ι
1726 1470 1793 1525 lli
1822 1486 1922 1527 sua
1952 1486 2048 1528 vo-

466 1564 677 1617 luntate
704 1560 1104 1628 discesserant,
1127 1562 1250 1618 ideo
1278 1579 1387 1619 non
1423 1564 1577 1632 dicit,
1609 1563 1842 1635 Reliqui.
1870 1563 2047 1621 Porro

2152 643 2407 697 ἀπελθεῖν
2472 645 2574 697 οὺκ
2625 644 2877 715 ἠδύνατο.
2936 644 3192 699 Βούλεται
3248 644 3343 701 οὖν
3375 646 3549 700 ἐλθεῖν
3588 646 3727 715 πρὶς

2151 737 2313 792 αὐτὸν
2334 736 2423 790 τόν
2453 735 2740 806 Τιμόθεον,
2762 736 2851 790 διά
2867 753 2928 789 τε
2951 738 3031 801 τὸ,
3053 737 3216 806 μόνος
3228 731 3388 801 εἶναι,
3405 738 3500 791 καὶ
3519 737 3609 788 διά
3634 737 3691 787 τὶ
3709 772 3730 800 ,

2150 828 2273 882 τινὰ
2292 827 2438 898 αὐτῷ
2463 826 2823 882 ἐντείλασθαι,
2846 846 2863 878 ι
2895 828 3036 898 Πρός
3065 844 3131 897 με
3161 826 3391 897 ταχέως.
3413 846 3431 878 ι
3456 827 3532 879 Οὐ
3550 827 3728 894 λέγει,

2162 919 2251 974 Ἐν
2268 919 2378 990 ὅσῳ
2399 917 2477 983 ζῶ
2501 934 2515 948 ⁸
2544 917 2665 972 οὐδὲ
2689 918 2798 989 γάρ
2821 917 3066 987 λυπῆσαι
3095 916 3305 988 ἢθελεν.
3335 935 3354 968 t
3408 918 3726 985 Ἀγαπήσας

2148 1010 2241 1066 τὸν
2270 1009 2366 1064 νῦν
2388 1010 2582 1066 αἰῶνα.
2626 1028 2645 1061 ι
2681 1009 2789 1064 Τοῦ
2816 1009 3094 1079 ἀσφαλοῦς
3138 1009 3233 1063 καὶ
3284 1007 3381 1063 τοῦ
3438 1008 3725 1064 ἀκινδύνου

2148 1103 2461 1176 γενόμενος,
2525 1102 2601 1165 ὡς
2651 1103 2924 1171 ἐνόμισεν.
2967 1101 3159 1156 Εἵλετο
3210 1100 3321 1172 γὰρ
3357 1101 3559 1171 μᾶλλον
3585 1100 3726 1153 οῐκοι

2148 1197 2381 1267 τρυφᾷν,
2434 1196 2469 1266 ἢ
2503 1193 2622 1267 μετ’
2653 1194 2790 1265 ἐμοῦ
2818 1193 3307 1266 ταλαιπωρεῖσθαι.
3345 1193 3423 1249 Οὐ
3450 1194 3639 1247 τοῦτον
3666 1194 3727 1247 δὲ

2147 1286 2424 1341 διαϐαλεῖν
2484 1285 2649 1352 θέλει,
2685 1284 2801 1338 ἀλλ’
2829 1284 2976 1355 ἡμᾶς
3008 1283 3261 1355 στηρίξαι
3302 1282 3380 1355 μὴ
3422 1284 3726 1351 μαλακίζε-

2150 1379 2295 1434 σθαι.
2333 1397 2353 1431 t
2383 1378 2650 1449 Κρήσκης
2677 1378 2757 1440 εἰς
2777 1376 3070 1432 Γαλατίαν.
3091 1393 3111 1428 s
3146 1367 3309 1429 Οὗτοι
3332 1373 3529 1446 γνώμῃ
3556 1372 3725 1427 αὐτοῦ

2147 1469 2608 1542 ἀπεληλύθεισαν,
2639 1469 2718 1523 διὸ
2740 1470 2801 1522 οὐ
2833 1468 2983 1536 λέγει
3006 1466 3137 1537 περὶ
3165 1466 3345 1520 αὐτῶν
3376 1467 3457 1529 τὸ,
3493 1465 3727 1533 Ἐγκατ-

2146 1562 2352 1618 έλιπον.
2378 1562 2526 1626 Τέως
2566 1560 2673 1632 γάρ
2700 1565 2728 1616 ό
2750 1562 2910 1625 Τῖτος
2936 1560 3045 1615 τῶν
3076 1558 3395 1628 Θαυμασίων
3431 1553 3519 1629 ἦν,
3549 1557 3730 1627 τούτῳ

458 1650 623 1707 Titus
654 1652 803 1706 inter
840 1651 1139 1723 praeclaros
1180 1662 1297 1708 erat
1334 1655 1422 1709 cui
1462 1654 1635 1711 Creta!
1667 1656 2035 1726 episcopatum

2144 1656 2240 1707 καὶ
2269 1653 2574 1724 ἐπισκοπὴν
2606 1650 2996 1706 ὲπεπιστεύκει
3039 1651 3136 1719 τῆς
3173 1649 3422 1719 Κρήτης.
3456 1665 3474 1698 ι
3506 1646 3727 1706 Λουκᾶς

454 1742 785 1798 crediderat.
825 1759 844 1794 ι
878 1740 1057 1798 Lucas
1085 1759 1298 1800 mecum
1342 1752 1427 1802 est
1453 1746 1628 1803 solus.
1676 1764 1697 1800 ι
1742 1744 1920 1802 Lucas
1949 1747 2035 1802 hic

2143 1745 2261 1797 ἐστι
2309 1741 2470 1813 μόνος
2525 1742 2643 1813 μετ’
2695 1740 2855 1813 ἐμοῦ.
2894 1759 2912 1795 s
2953 1741 3169 1798 Λουκᾶς
3203 1734 3357 1801 οὗτός
3403 1740 3550 1789 ἐστιν
3597 1739 3625 1789 ὁ
3663 1734 3728 1787 τὸ

453 1845 539 1890 est
564 1836 658 1907 qui
689 1834 1047 1905 Evangelium
1085 1836 1307 1907 scripsit
1343 1844 1400 1893 et
1435 1838 1570 1894 Acta
1610 1841 1982 1909 apostolorum
2019 1857 2035 1895 :

2146 1833 2478 1903 Εὐαγγέλιον
2512 1832 2730 1905 γράψας
2783 1833 2878 1886 καὶ
2929 1833 3030 1896 τὰς
3086 1829 3317 1902 Πράξεις
3346 1829 3452 1883 τῶν
3483 1825 3726 1882 ἀποστό-

454 1941 579 1980 eum
608 1933 792 1980 autem
825 1924 1072 1982 discendi
1104 1924 1339 1997 cupidus
1363 1935 1533 1992 esset,
1566 1935 1793 1984 sanctus
1823 1936 1879 1983 et
1905 1944 2035 1984 con-

2142 1926 2268 1980 λων.
2301 1925 2609 1997 Φιλομαθὴς
2639 1924 2696 1979 δὲ
2721 1922 2797 1978 ὢν
2828 1927 2854 1978 ὁ
2874 1922 3029 1993 ἆγιος
3058 1924 3151 1977 καὶ
3185 1921 3529 1994 καρτερικὸς,
3563 1919 3723 1973 ἁδιαο

456 2024 634 2077 stans,
673 2030 954 2086 nunquam
989 2030 1019 2070 a
1058 2014 1237 2072 Paulo
1265 2017 1649 2074 direllebatur.
1692 2038 1711 2072 ι
1736 2020 1858 2083 ⁴Εει
1889 2021 2035 2076 enim

2145 2016 2400 2080 σπάστως
2426 2018 2603 2088 εἴχετο
2628 2016 2722 2070 τοῦ
2759 2015 2997 2070 Παύλου.
3027 2033 3046 2067 t
3077 2014 3232 2067 Ἔστι
3260 2015 3368 2084 γάρ
3393 2029 3480 2084 μοι
3519 2009 3726 2082 εὔχρη-

457 2108 594 2164 mihi
649 2108 929 2179 perutilis.
978 2127 999 2163 ι
1050 2108 1172 2165 Non
1200 2111 1268 2165 ad
1304 2126 1504 2177 meam,
1542 2112 1743 2182 inquit,
1770 2113 2035 2184 requiem,

2144 2129 2287 2173 στος.
2323 2131 2341 2164 ι
2379 2108 2499 2167 Οὐκ
2555 2112 2636 2175 εἰς
2671 2111 2771 2181 τὴν
2816 2108 2957 2182 ἐμὴν
3000 2110 3327 2169 ἀνάπαυσιν,
3381 2106 3569 2176 φησιν,
3598 2104 3722 2158 ἀλλ’

457 2203 554 2257 sed
588 2198 657 2253 ad
688 2200 1057 2255 ministerium
1090 2200 1488 2271 evangelicum.
1524 2201 1666 2258 Sane
1692 2202 2037 2259 Timotheum

454 2307 674 2365 quoque
723 2292 866 2348 hanc
925 2292 995 2348 ob
1036 2308 1261 2350 causam
1299 2297 1569 2359 vocahat,
1616 2305 1675 2352 ut
1713 2307 1837 2368 post
1883 2312 2037 2355 suam

454 2393 688 2439 mortem
720 2384 1107 2441 consolaretur
1141 2385 1357 2443 fratres.
1398 2405 1417 2439 t
1465 2388 1546 2443 Ad
1579 2390 1967 2446 ministerium.
2014 2410 2032 2442 ι

457 2478 736 2550 Evangelii
768 2477 1044 2534 videlicet.
1083 2496 1103 2531 ι
1142 2479 1311 2534 Porro
1344 2477 1644 2551 Tychicum
1675 2482 1821 2538 misi.
1857 2501 1875 2535 ι
1903 2480 2041 2538 Vide

448 2570 830 2626 oiunimodam
881 2570 1257 2627 solitudinem.
1309 2590 1329 2624 ι
1378 2570 1639 2629 Penulam
1691 2590 1855 2645 quam
1908 2576 2041 2631 reli-

455 2658 577 2730 qui.
632 2677 653 2712 ι
711 2656 1115 2716 Vestimentum
1165 2662 1443 2732 quoddam
1490 2664 1579 2721 hic
1628 2663 1786 2719 dicit.
1835 2664 2042 2731 Quaerit

440 2764 643 2806 .autem
681 2750 844 2818 illud,
872 2768 942 2808 ne
979 2768 1147 2824 egens
1182 2755 1442 2826 cuiquam
1478 2757 1554 2811 sit
1587 2756 1869 2813 molestus.
1905 2754 2041 2812 Nam

459 2845 665 2917 ubique
701 2846 803 2902 hoc
830 2846 931 2918 ipsi
959 2862 1108 2903 cura:
1143 2856 1226 2904 est
1256 2849 1580 2920 plurimum.
1608 2879 1676 2891 --
1708 2850 1829 2906 Alio
1859 2850 2037 2906 modo.

463 2936 642 2994 Vestis
672 2951 850 3008 genus
875 2936 966 2993 hic
993 2937 1151 2994 dicit.
1183 2936 1420 3007 Quidam
1450 2956 1583 2997 vero
1610 2941 1825 2998 thecam
1863 2941 2040 3013 signi-

458 3026 610 3079 tica.i
648 3025 842 3081 volunt
872 3026 927 3081 in
961 3041 1072 3098 qua
1103 3028 1275 3084 libelli
1321 3031 1753 3100 reponebantur.
1781 3030 1913 3099 Quae
1944 3048 2045 3088 au-

456 3126 564 3173 tem
614 3117 722 3189 ipsi
768 3118 1078 3175 libellorum
1125 3129 1244 3174 erat
1286 3122 1595 3180 necessitas
1632 3123 1729 3195 qui
1778 3123 1929 3181 brevi
1969 3125 2039 3180 ad

461 3208 629 3265 Deum
677 3211 1020 3284 migraturus
1065 3212 1220 3268 erat?
1256 3210 1419 3270 Certe
1464 3221 1597 3270 tunc
1625 3215 1864 3272 maxime
1900 3232 2039 3287 opus

455 3309 597 3370 erat,
626 3313 689 3358 ut
713 3318 811 3360 eos
841 3304 1095 3360 fidelibus
1129 3306 1565 3373 commendaret,
1590 3315 1647 3364 et
1689 3316 1750 3363 ut
1788 3308 1912 3366 illos
1937 3325 2037 3381 pro
2067 3291 2110 3353 (ἶ

452 3395 634 3468 ipsius
668 3395 927 3451 doctrina
967 3396 1251 3453 haberent.
1279 3396 1542 3455 Penulam
1576 3415 1709 3455 vero
1735 3401 2036 3472 quaerebat,

453 3504 525 3544 ue
571 3487 681 3545 sibi
719 3503 861 3559 opus
894 3498 1040 3545 esset
1074 3489 1143 3544 ab
1176 3489 1302 3545 aliis
1326 3490 1603 3562 accipere.
1629 3519 1700 3531 —
1735 3510 1754 3545 ι
1804 3491 2039 3549 Maxime

456 3578 827 3634 membranas.
875 3596 896 3633 ι
927 3577 1273 3634 Membranas
1316 3576 1513 3634 Latina
1547 3582 1723 3653 magis
1756 3596 1911 3650 voce,
1938 3598 2038 3639 vo-

455 3669 668 3726 lumina
707 3670 827 3728 sive
853 3669 1081 3728 chartas
1104 3669 1375 3726 volubiles
1404 3672 1702 3742 appellavit
1730 3691 1745 3729 :
1775 3683 2036 3746 tanquam

454 3776 484 3815 a
554 3759 804 3817 Romano
860 3776 966 3818 usu
1040 3760 1422 3818 indiﬂ‘erenter
1482 3763 1725 3820 dictione
1786 3766 2035 3833 abusus,

451 3853 614 3925 281
671 3868 738 3909 ex
790 3867 901 3925 qua
951 3853 1087 3909 urbe
1124 3855 1291 3908 etiam
1341 3854 1567 3926 scripsit
1619 3854 2035 3927 Epistolam.,ln

454 3944 801 4017 complicatis
824 3945 968 4001 enim
998 3952 1053 4002 et
1076 3944 1340 4002 involutis
1362 3946 1572 4003 chartis
1597 3948 1872 4006 habebant
1899 3951 2033 4005 olim

454 4054 577 4108 qua
605 4037 675 4094 ad
704 4036 951 4117 divinam
982 4036 1308 4108 spectabant
1339 4033 1686 4109 Scripturam
1717 4059 1731 4097 :
1769 4041 2035 4112 quemad-

455 4127 675 4184 modum
724 4126 891 4183 etiam
935 4127 1004 4183 ad
1043 4127 1190 4183 hunc
1214 4142 1388 4200 usque
1416 4127 1561 4184 diem
1599 4126 1772 4186 Judaei
1798 4131 2034 4201 plurima

452 4217 674 4274 habent.
717 4214 959 4274 Libellos
1020 4226 1205 4274 autem
1252 4217 1391 4274 dixit
1443 4221 1718 4274 communi
1766 4222 2035 4277 vocabulo

451 4309 597 4381 quod
633 4310 690 4365 in
719 4309 825 4364 alia
859 4324 1082 4383 quoque
1112 4308 1287 4365 forma
1317 4309 1573 4366 habuerit
1602 4310 1853 4367 fortassis
1883 4312 2035 4368 libel-

451 4402 555 4457 los.
595 4417 616 4453 ι
661 4398 898 4456 Maxime
942 4401 1310 4458 membranas.
1354 4419 1375 4454 ι
1409 4400 1685 4458 Fortassis
1732 4410 1915 4457 autem
1953 4407 2035 4461 lim

453 4489 674 4545 utiliora
708 4488 959 4561 quaedam
992 4489 1049 4545 in
1073 4505 1132 4546 se
1164 4491 1404 4562 reposita
1433 4489 1728 4545 habebant.
1764 4488 1903 4547 Sunt
1929 4506 2032 4548 au-

451 4593 559 4637 tem
605 4581 721 4636 risu
747 4579 913 4653 {digni
952 4581 1044 4653 qui
1078 4582 1185 4637 hoc
1226 4580 1349 4637 loco
1379 4581 1703 4651 Apostolum
1739 4581 1895 4637 aiunt
1936 4598 2034 4653 per

2140 2204 2221 2267 εἰς
2244 2203 2521 2257 διακονίαν
2555 2202 2647 2257 τοῦ
2687 2202 3044 2271 Εὐαγγελίου.
3074 2202 3219 2271 ’Δρα
3270 2200 3364 2254 καὶ
3414 2198 3519 2251 τὸν
3548 2196 3725 2265 Τιμόι.

2138 2296 2259 2350 Θεον
2290 2297 2480 2351 τούτου
2531 2298 2694 2368 χάριν
2744 2296 2959 2363 ἐκάλει,
3009 2295 3098 2349 ἶνα
3126 2294 3268 2349 κατὰ
3306 2295 3403 2364 τὴν
3432 2291 3597 2346 αὐτοῦ
3630 2306 3729 2341 τε-

2138 2388 2355 2444 λείωσιν
2409 2387 2808 2461 παραμυθῆται
2844 2388 2970 2451 τοὺς
3020 2385 3303 2456 ἀδελφούς.
3343 2403 3361 2436 ι
3399 2384 3492 2447 Εἰς
3535 2383 3728 2435 διακοο

2139 2482 2279 2537 νιαν.
2315 2499 2335 2534 ι
2363 2480 2468 2535 Τοῦ
2529 2478 2890 2550 Εὐαγγελίου,
2938 2479 3123 2552 φησιν.
3168 2496 3185 2529 ι
3227 2475 3461 2548 Τυχικδν
3493 2475 3548 2527 δὲ
3583 2468 3728 2526 ’ἁπ-

2140 2572 2376 2626 έστειλα.
2404 2591 2423 2624 s
2458 2572 2600 2643 Ὅρα
2629 2571 2717 2625 διὰ
2738 2569 2954 2626 πάντων
2988 2571 3085 2640 τὴν
3144 2570 3397 2641 μόνωσιν.
3430 2587 3449 2619 ι
3494 2568 3597 2620 Τὸν
3627 2583 3728 2634 ψε-

2138 2663 2298 2735 λόνην
2353 2662 2413 2718 ὃν
2463 2662 2745 2717 ἀπέλιπον.
2798 2680 2818 2715 s
2870 2661 3107 2732 Ὶμάτιόν
3139 2679 3192 2715 τι
3232 2661 3380 2729 λέγει
3461 2655 3726 2711 ἐνταῦθα-

2139 2757 2304 2828 Ζητετ
2346 2755 2405 2810 δὲ
2449 2753 2631 2821 τοῦτο,
2658 2754 2801 2809 ὥστε
2837 2753 2912 2827 μὴ
2946 2752 3203 2824 δεηθῆναί
3236 2770 3400 2817 τινος.
3433 2750 3728 2820 Πανταχοῦ

2138 2850 2249 2921 γάρ
2268 2847 2439 2913 πολὺς
2471 2848 2621 2920 αὐτῷ
2647 2847 2840 2904 τούτου
2878 2847 3057 2918 λόγος.
3086 2877 3157 2888 -
3182 2848 3431 2910 Ἄλλως.
3466 2842 3726 2918 [ῚΩΑΝ.]

2150 2938 2390 3010 Ὶμάτιον
2423 2939 2659 2994 ἐνταῦθα
2705 2938 2879 3009 λέγει.
2938 2939 3094 3003 Τινὲς
3132 2938 3278 2994 δὲτὸ
3332 2936 3728 3006 γλωσσόκομον

2139 3032 2270 3086 ἔνθα
2294 3032 2362 3087 τά
2391 3030 2575 3105 βιϐλία
2606 3032 2805 3089 ἔκειτο.
2835 3031 2901 3086 Τί
2932 3030 2991 3085 δὲ
3036 3031 3185 3097 αὐτῷ
3212 3031 3322 3084 τῶν
3360 3029 3578 3102 βιϐλίων
3610 3028 3726 3080 ἔδει

2140 3125 2391 3196 μέλλοντι
2452 3125 2758 3196 ἀποδημεῖν
2806 3124 2945 3197 πρὸς
2995 3124 3087 3180 τὸν
3138 3124 3309 3190 θεόνς
3337 3125 3449 3177 Καὶ
3480 3122 3726 3194 μάλιστα

2141 3216 2270 3281 ἔδει,
2298 3213 2441 3269 ὥστε
2489 3216 2628 3270 αὐτὰ
2662 3218 2777 3281 τοῖς
2816 3218 3029 3281 πιστοῖς
3062 3214 3431 3288 παραθέσθαι,
3465 3216 3558 3268 καὶ
3596 3214 3727 3267 ἀντὶ

2142 3310 2241 3379 τῆς
2287 3304 2451 3363 αὐτοῦ
2497 3307 2848 3375 διδασκαλίας
2879 3307 3024 3382 ἔχειν
3057 3308 3218 3363 αὐτά.
3247 3307 3351 3361 Τὸν
3391 3308 3446 3361 δὲ
3478 3306 3718 3376 φελόνην

2140 3401 2355 3471 ἐζήτει,
2408 3398 2552 3455 ὥστε
2602 3399 2683 3473 μὴ
2720 3399 2981 3473 δεηθῆναι
3024 3400 3155 3471 παρ’
3185 3400 3387 3472 ἑτέρων
3408 3399 3614 3453 λαϐεῖν.
3656 3428 3728 3439 —-

2144 3510 2163 3545 t
2192 3492 2448 3549 Μάλιστα
2469 3492 2568 3559 τὰς
2588 3492 2932 3567 μεμϐράνας.
2963 3512 2984 3548 s
3014 3490 3347 3569 [ΘΕΟΔΩΡ.]
3378 3491 3728 3562 Μεμϐράνας

2148 3582 2622 3659 Ῥωμαῖκώτιρον,
2677 3583 2749 3639 τά
2818 3583 3011 3656 εἱλητά
3045 3582 3325 3649 ἐκάλεσεν,
3364 3582 3439 3647 ώς
3475 3583 3585 3637 ἀπὸ
3619 3583 3728 3651 τῆς

2138 3675 2196 3728 ὲν
2228 3674 2415 3747 Ῥώμῃ
2473 3675 2762 3745 συνήθείας
2816 3675 3125 3749 ἀδιαφόρως
3148 3677 3216 3746 τῇ
3260 3674 3403 3740 λέξει
3431 3691 3728 3756 καταχρη·

2139 3766 2393 3837 σάμενος,
2424 3766 2518 3837 ἀφ’
2546 3762 2614 3840 ἦς
2635 3767 2698 3840 δὴ
2731 3767 2825 3821 καὶ
2868 3766 3075 3838 ἔγραφε
3106 3766 3204 3836 τὴν
3249 3766 3589 3834 Ἐπιστολήν.
3627 3767 3730 3819 Ἐν

2136 3852 2372 3923 εἱλητοῖς
2402 3854 2511 3925 γὰρ
2542 3850 2687 3926 εἶχον
2707 3854 2770 3908 τὸ
2802 3855 3034 3908 παλαιὸν
3068 3856 3136 3910 τά
3160 3856 3258 3925 τῆς
3292 3854 3442 3919 θείας
3466 3855 3724 3926 Γραφῆς.

2134 3940 2327 4017 ὥσπερ
2375 3942 2467 3998 οὖν
2503 3944 2598 3998 καὶ
2630 3944 2759 4018 ἄχρι
2789 3945 2888 4016 τῆς
2929 3945 3090 4019 δεῦρο
3115 3948 3165 4001 οἱ
3190 3945 3435 4000 Ἰουδαῖοι
3463 3947 3531 3999 τὰ
3563 3946 3726 3998 πλεῖ-

2136 4049 2236 4088 στα
2271 4033 2478 4108 ἔχουσι.
2519 4035 2713 4090 Βιϐλία
2747 4036 2804 4091 δὲ
2841 4031 2965 4091 εἷπε
3014 4037 3156 4090 κατὰ
3186 4037 3392 4102 κοινοῦ,
3430 4036 3505 4100 ὡς
3531 4037 3599 4090 ἂν
3624 4034 3725 4087 καὶ

2133 4126 2193 4180 ἐν
2220 4125 2393 4199 ἑτέρῳ
2420 4128 2659 4200 σχήματι
2686 4127 2850 4200 τυχὸν
2880 4127 3021 4199 ἔχων
3042 4127 3246 4199 βιϐλία.
3283 4147 3301 4180 t
3339 4128 3592 4184 Μάλιστα
3617 4122 3723 4184 τὰς

2137 4216 2478 4288 μεμϐράνας.
2517 4238 2536 4271 ι
2571 4218 2733 4283 Ἴσως
2773 4220 2883 4291 γάρ
2908 4214 3065 4274 αὗται
3094 4219 3517 4291 ὠφελιμώτεραι
3548 4210 3720 4288 ἦσαν.

2134 4307 2365 4362 Γελάσαι
2394 4309 2543 4375 ἀξιον
2572 4310 2681 4365 τῶν
2711 4310 2951 4366 ἐνταῦθα
3002 4312 3305 4383 εἰρηκότων
3349 4309 3583 4379 φελόνην
3625 4308 3724 4358 τὸν

2146 4399 2491 4469 Ἀπόστολον,
2525 4405 2588 4459 οὐ
2618 4404 2680 4458 τὸ
2716 4405 2920 4476 ἔνδυμα
2954 4406 3162 4471 καλεῖν,
3204 4403 3341 4459 ἀλλά
3368 4420 3420 4455 τι
3454 4397 3595 4464 εἶδος
3639 4399 3728 4468 βι-

2134 4491 2308 4559 ϐλίου,
2332 4494 2382 4549 οῖ
2414 4495 2476 4549 οὐ
2500 4496 2803 4569 προσέσχον
2832 4500 2899 4570 τῇ
2924 4499 3211 4568 ἐπαγωγῇ.
3242 4494 3500 4567 Περιττδν
3512 4492 3623 4562 γὰρ
3652 4487 3727 4562 ἦν

2134 4586 2474 4642 εἰπεῖνοΚαὶ
2518 4590 2589 4642 τὰ
2640 4588 2859 4659 βιϐλία,
2906 4589 3063 4660 εἴπερ
3114 4590 3180 4660 δὴ
3238 4589 3456 4643 κάκεῖνο
3508 4582 3727 4654 βιϐλίου

451 4670 705 4743 penulam
743 4648 852 4727 non
885 4648 1092 4728 vestem
1124 4648 1493 4743 significasse,
1534 4670 1631 4727 sed
1663 4686 1835 4742 genus
1869 4648 2031 4729 libel-

2141 4673 2282 4742 εἶδος
2300 4673 2389 4750 ἧν,
2416 4648 2717 4751 δυνάμενον
2743 4648 2857 4744 τοῖς
2882 4648 3094 4744 λοιποῖς
3128 4648 3624 4750 σνσσημαίνεσδαι.

449 4766 510 4829 ιι,
545 4764 639 4835 qui
674 4762 870 4819 littera:
904 4764 1102 4820 seriem
1132 4778 1242 4820 non
1270 4763 1649 4819 adverterunt.
1678 4762 2029 4833 Superﬂuum
2068 4768 2215 4823 enim
2264 4769 2463 4827 fuisset
2511 4772 2696 4828 dicere
2752 4792 2767 4828 :

2849 4770 2918 4827 Ει
2967 4773 3199 4838 libellos,
3270 4772 3318 4826 si
3369 4770 3531 4826 etiam
3583 4766 3725 4821 illud

448 4857 645 4913 fuisset
681 4857 848 4913 libelli
883 4874 1076 4929 genus,
1102 4872 1229 4913 cum
1263 4857 1539 4928 potuisset
1587 4872 1695 4912 uua
1737 4873 1860 4912 cum
1908 4859 2030 4915 aliis
2069 4861 2388 4933 significari.

519 4947 611 5015 IV,
642 4949 836 5005 14-18.
863 4948 1168 5004 Alexander
1198 4949 1351 5018 faber
1387 4951 1615 5004 «rarius
1657 4950 1839 5005 multis
1870 4951 2030 5005 malis

447 5061 529 5099 me
560 5042 784 5113 affecit:
813 5041 1002 5095 reddat
1042 5040 1127 5094 illi
1161 5038 1423 5095 Dominus
1447 5039 1609 5109 juxta
1640 5042 1785 5111 facta
1816 5042 1982 5112 ipsius
2010 5060 2030 5100 :

445 5151 597 5207 quem
640 5142 692 5188 et
737 5141 794 5187 tu
844 5146 1014 5187 cave:
1047 5130 1370 5186 uehementer
1408 5133 1547 5185 enim
1591 5133 1784 5186 restitit
1831 5134 2027 5189 nostris

443 5226 795 5281 sermonibus.
823 5221 889 5278 In
920 5224 1095 5292 prima
1123 5239 1239 5276 mea
1267 5223 1571 5293 defensione
1601 5240 1749 5278 nemo
1777 5226 1906 5279 milii
1929 5225 2025 5278 ad-

443 5314 567 5385 fuit,
598 5314 688 5370 sed
735 5329 913 5369 omnes
953 5328 1035 5367 me
1062 5314 1403 5368 deseruerunt
1432 5331 1452 5371 :
1481 5330 1544 5368 ne
1574 5313 1685 5369 illis
1713 5315 2027 5383 imputetur,

448 5386 707 5462 Dominus
742 5415 920 5459 autem
955 5403 1085 5458 mihi
1124 5404 1323 5473 adfuit,
1358 5414 1408 5459 et
1441 5405 1801 5463 corroboravit
1830 5423 1934 5472 me,
1970 5417 2027 5461 ut

443 5515 538 5571 per
592 5514 672 5553 me
714 5497 1027 5565 pratdicatt'o
1076 5495 1394 5565 expleretur,
1446 5506 1495 5551 et
1542 5496 1789 5552 audirent
1845 5515 2025 5553 omnes

442 5598 617 5658 gentes
641 5599 662 5640 :
683 5594 737 5639 et
754 5593 961 5650 ereptus
986 5581 1068 5652 fui
1089 5598 1155 5638 ea:
1187 5600 1276 5638 ore
1296 5583 1484 5652 leonis,
1505 5594 1555 5639 et
1583 5586 1769 5657 eripiet
1800 5603 1882 5642 me
1915 5586 2027 5641 Do-

444 5682 621 5734 minus
640 5676 705 5732 ab
724 5676 867 5730 omni
888 5675 1037 5745 facta
1055 5676 1217 5744 malo,
1231 5684 1281 5730 et
1298 5677 1527 5732 servabit
1541 5678 1611 5731 ad
1626 5694 1842 5750 regnum
1865 5695 2020 5733 suum

443 5780 697 5828 uernum
724 5782 744 5823 :
769 5770 857 5825 cui
877 5768 1057 5841 gloria
1078 5768 1134 5825 in
1163 5768 1367 5825 secula
1390 5771 1735 5827 seculorum.
1759 5773 1947 5827 Amen.

2221 4955 2625 5026 Ἀλέξανδρος
2681 4961 2715 5012 ό
2763 4957 3031 5028 χαλκεὺς
3090 4954 3293 5011 πολλά
3313 4972 3415 5024 μοι
3444 4948 3601 5037 κακὰ
3618 4949 3727 5000 ἐν-

2134 5049 2406 5115 εδείξατο
2447 5049 2711 5120 (ἀποδῴη
2758 5051 2921 5118 αὐτῷ
2955 5056 2987 5106 d
3032 5052 3249 5119 Κύριος
3271 5046 3423 5102 κατὰ
3454 5041 3526 5095 τὰ
3563 5041 3720 5109 ἔργα

2133 5137 2369 5207 αὑτοῦ),
2441 5139 2517 5193 ὃν
2564 5138 2663 5193 καὶ
2718 5138 2802 5192 σὺ
2845 5137 3195 5209 φυλάσσου.
3234 5138 3388 5190 Δίαν
3420 5131 3531 5202 γὰρ
3572 5130 3723 5182 ἀνι)-

2130 5225 2355 5297 έστηκε
2384 5228 2507 5296 τοῖς
2539 5228 2845 5298 ἡμετέροις
2885 5230 3109 5297 λόγοις.
3151 5226 3254 5279 Ἐν
3269 5223 3343 5293 τῇ
3371 5221 3573 5291 πρώτῃ
3591 5238 3721 5289 μου

2128 5319 2448 5391 ἀπολογίᾳ,
2487 5322 2704 5387 οὐδείς.
2713 5337 2813 5391 μοι
2834 5320 3341 5391 συμπαρεγένετο,
3369 5317 3530 5372 ἀλλὰ
3558 5312 3723 5367 πάν-

2129 5426 2229 5477 τες
2244 5427 2323 5480 με
2348 5410 2768 5480 ἐγκατέλιπον.
2808 5415 2866 5466 Μ
2874 5411 2905 5481 ἡ
2947 5410 3153 5478 αὐτοῖς
3180 5407 3511 5481 λογισθείη.
3553 5405 3617 5458 '0
3650 5403 3723 5458 δὲ

2129 5503 2347 5572 Κύριός
2388 5521 2491 5574 μοι
2541 5504 2833 5574 παρέστη,
2876 5510 2974 5558 καὶ
3021 5498 3443 5572 ἐνεδυνάμωσέ
3477 5515 3575 5569 με,
3611 5498 3724 5554 ἵνα

2129 5594 2203 5649 δι’
2228 5594 2374 5664 ἐμοῦ
2407 5595 2473 5665 τὸ
2512 5596 2786 5666 κήρυγμα
2825 5593 3279 5666 πληροφορηθῇ,
3329 5592 3428 5648 καὶ
3473 5591 3719 5658 ἀκούσῃ

2133 5684 2329 5739 πάντα
2341 5685 2410 5738 τὰ
2422 5685 2566 5753 ἔθνη
2575 5727 2587 5740 .
2606 5689 2711 5741 Kal
2732 5687 3113 5755 ἐρρΰσθηνέκ
3126 5688 3319 5756 στόμα
3326 5702 3424 5751 τος
3432 5683 3691 5747 λέοντος
3701 5721 3717 5735 .

2128 5776 2236 5831 Kal
2258 5779 2512 5846 ῥύσεται
2538 5796 2615 5848 με
2636 5781 2668 5833 d
2693 5781 2908 5849 Κύριος
2927 5780 3048 5834 ἀπὸ
3070 5779 3297 5845 παντὸς
3325 5776 3501 5846 ἔργον
3519 5789 3720 5840 πονη-

435 5865 577 5939 ροῦ,
600 5867 696 5928 καὶ
727 5865 914 5923 σώσει
947 5866 1035 5930 εἰς
1062 5864 1177 5935 τὴν
1195 5864 1527 5929 ,βασιλείαν
1547 5867 1736 5923 αὑτοῦ
1760 5866 1876 5937 τὴν
1903 5867 2166 5927 αἰώνιον.
2193 5864 2269 5942 ᾯ
2296 5874 2333 5942 ἠ
2359 5871 2594 5939 δόξαεις
2629 5872 2769 5940 τοὺς
2806 5871 3026 5941 αἰῶνας
3053 5872 3173 5928 τῶν
3202 5870 3451 5928 αἰώνων.
3493 5865 3714 5939 Ἀμήν.
