3988 6590
275 477 376 541 287

1234 463 1615 540 COMMENT.
1655 478 1736 539 1N
1763 472 2001 537 EPIST.
2049 471 2104 531 [Ι
2139 472 2237 529 an
2261 466 2577 530 TIMO'IH.

3405 461 3512 525 233

344 589 750 644 ’Δποδείκνυσιν
784 589 933 658 αὐτῷ
960 590 1165 654 καὶτὰς
1196 592 1303 645 ἀπὸ
1331 592 1441 645 τῶν
1472 591 1703 646 εὐτελῶν
1733 589 1842 643 θλίο

2017 582 2268 640 Ostendit
2317 582 2366 637 ei
2427 581 2653 635 vtriliu-r
2717 576 2965 634 ferendas
3016 593 3138 632 esse
3195 576 3514 632 alllictiones

272 682 415 753 ψεις,
444 682 711 750 γενναίως
767 682 976 753 φέρειν.
1010 684 1084 736 Τὸ
1115 683 1223 755 γὰρ
1247 685 1549 738 ἀδικεῖσθαι
1576 682 1842 755 λυπηρὸν,

278 775 509 846 μάλιστα
534 776 591 829 δὲ
644 775 796 847 παρὰ
839 775 950 829 τῶν
1002 776 1257 831 εὐτελῶν.
1295 795 1313 829 ι
1349 775 1599 849 Ἀποδῴη
1638 778 1786 848 αὐτῷ
1818 780 1847 830 ὁ

274 869 494 939 Κύριος.
528 887 551 921 s
583 869 701 926 Οὐκ
736 867 925 939 ἐπειδὴ
975 867 1190 932 Παῦλος
1241 870 1429 941 ἔχαιρε
1475 872 1542 940 τῇ
1580 870 1844 942 τιμωρίᾳ,

273 960 405 1014 ἀλλὰ
458 958 551 1012 διὰ
593 959 723 1021 τοὺς
775 958 1206 1030 ἀσθενεστέρους
1259 961 1318 1013 ἐν
1354 963 1465 1022 τοῖς
1495 962 1705 1024 πιστοῖς
1741 960 1846 1013 ἔδει

272 1052 394 1114 τοὺς
432 1049 577 1118 ἄγαν
638 1050 1085 1120 ἐναντιουμένους
1128 1053 1360 1122 πάσχειν
1409 1052 1613 1115 κακῶς,
1658 1053 1745 1106 ἵνα
1773 1051 1847 1123 μὴ

269 1141 578 1212 ἀδυναμίαν
612 1142 930 1211 καταγνῶσι
976 1141 1069 1195 τοῦ
1102 1142 1479 1212 κηρύγματος.
1521 1161 1539 1194 ι
1579 1143 1735 1197 Κατά
1780 1146 1844 1198 τὰ

270 1231 402 1301 ἔργα
429 1231 625 1285 αὑτοῦ.
652 1249 672 1284 s
701 1233 775 1285 ’Ἡ
798 1234 881 1286 ὅτι
909 1234 1216 1305 πρόρρησίς
1240 1235 1357 1286 ἐστι
1382 1233 1492 1286 τῶν
1522 1234 1841 1305 μελλόντων,

269 1323 365 1374 οὐκ
396 1321 536 1390 ἀρά.
575 1339 597 1373 ι
643 1322 742 1374 ’ον
793 1323 885 1376 καὶ
917 1323 981 1375 σὺ
1012 1323 1311 1391 φυλάσσου.
1353 1342 1373 1376 ι
1412 1324 1528 1378 Οὐκ
1577 1321 1718 1388 εἷπε,
1750 1326 1846 1378 Τι-

269 1413 557 1484 μὼρησαι,
586 1414 820 1468 κόλασον
852 1415 971 1485 (καὶ
997 1416 1105 1486 γὰρ
1137 1416 1265 1485 ἐξῆν
1299 1415 1460 1470 τοῦτο
1479 1420 1650 1470 ποιεῖν
1679 1417 1847 1487 Τιμο-

268 1504 372 1575 θέῳ
434 1505 532 1558 διὰ
577 1505 674 1559 τοῦ
708 1505 1071 1578 πνεύματος),
1130 1508 1287 1574 ἀλλὰ,
1332 1508 1632 1565 Φυλάσσου.
1681 1511 1844 1581 Ὁρᾷς

267 1598 344 1649 ὅτι
378 1598 488 1649 οὐκ
520 1598 801 1668 ἐπιτρέχει
825 1601 890 1668 τῇ
922 1599 1164 1671 τιμωρίᾳ
1185 1616 1200 1666 ;
1222 1601 1295 1654 Τὸ
1315 1601 1393 1666 δὲ,
1412 1602 1709 1671 Φυλάσσου,
1735 1598 1844 1657 οἷον

266 1689 563 1759 παραιτοῦ.
606 1709 626 1741 ι
665 1691 790 1754 Τοῖς
844 1691 1137 1763 ἡμετέροις
1163 1694 1363 1761 λόγοις.
1402 1713 1422 1746 s
1459 1695 1585 1758 Τοῖς
1610 1696 1704 1749 τοῦ
1745 1714 1842 1767 κη-

266 1778 550 1849 ρύγματος
578 1780 803 1852 δηλαδή.
841 1799 862 1833 ι
903 1782 991 1837 Ἐν
1027 1784 1094 1854 τῇ
1129 1781 1319 1858 πρώτῃ
1349 1801 1450 1850 μου
1487 1785 1774 1859 ἀπολογίᾳ.
1819 1805 1837 1838 ι

266 1872 527 1942 Παρέστη
559 1873 662 1943 ἥδη
684 1872 764 1945 τῷ
798 1872 1013 1946 Νέρωνι
1068 1875 1165 1929 καὶ
1211 1875 1485 1946 διέφυγεν.
1526 1877 1670 1931 Ἀλλ’
1716 1879 1843 1933 ὅταν

1949 688 2069 744 quae
2098 673 2258 728 etiam
2305 672 2373 725 ab
2419 670 2647 740 abjeetis
2679 667 3004 723 inferuntur.
3042 668 3325 724 Molestum
3367 671 3514 725 enim

1948 774 2033 820 est
2063 764 2262 835 injuria
2294 761 2453 828 affici,
2486 765 2552 815 ab
2591 760 2656 815 iis
2698 761 3001 829 praesertim
3042 762 3132 830 qui
3162 761 3298 815 viles
3332 768 3385 815 et
3416 761 3518 814 ali-

1944 855 2074 927 jecti
2124 862 2271 910 sunt.
2327 873 2345 906 ι
2402 852 2613 910 Reddat
2673 853 2746 907 illi
2797 851 3084 909 Dominus.
3139 871 3158 904 s
3203 851 3321 907 Non
3371 852 3518 922 quod

1949 946 2159 1003 Paulus
2185 947 2449 1018 gauderet
2493 948 2720 1009 ultione.
2746 948 2838 1003 sed
2876 955 3093 1017 propter
3128 944 3518 1000 imbecilliores

1949 1042 2041 1110 qui
2072 1041 2219 1095 inter
2254 1039 2441 1096 fideles
2464 1048 2644 1106 erant,
2671 1040 2958 1110 opnrtebat
2984 1053 3079 1092 eos
3112 1038 3205 1106 qui
3241 1037 3398 1091 valde
3433 1051 3519 1090 re-

1948 1135 2266 1206 pugnabant
2299 1133 2608 1203 mala-pati,
2639 1149 2709 1187 ne
2737 1131 3165 1187 imbecillitatem
3195 1136 3522 1185 accusarent

1949 1226 2377 1315 prmtlicationis.
2429 1243 2449 1278 ι
2503 1224 2665 1281 Juxta
2714 1224 2854 1279 facta
2903 1225 3104 1293 ipsius.
3151 1242 3169 1275 ι
3222 1223 3328 1276 Aut
3373 1221 3517 1292 quod

1945 1332 2138 1373 eorum
2186 1333 2305 1389 qua:
2355 1318 2538 1373 futura
2582 1324 2741 1372 erant
2784 1316 3100 1371 vaticinium
3143 1315 3236 1379 sit,
3275 1331 3380 1370 non
3416 1315 3521 1368 ἰηι-

1947 1411 2209 1479 precatio.
2243 1429 2261 1462 ι
2291 1409 2462 1476 Quem
2487 1421 2541 1465 et
2565 1418 2620 1463 tu
2651 1425 2804 1464 cave.
2839 1428 2856 1460 ι
2883 1406 3002 1462 Non
3032 1407 3187 1473 dixit,
3223 1406 3519 1470 Ulciscere,

1946 1501 2141 1570 punito
2190 1502 2485 1572 (siquidem
2523 1502 2626 1555 hoc
2672 1502 2850 1555 facere
2886 1499 3155 1569 potuisset
3193 1490 3522 1553 Timotheus

1945 1605 2044 1661 per
2076 1591 2354 1661 spiritum)
2387 1593 2507 1655 sed,
2533 1591 2694 1647 Cave.
2731 1590 2963 1646 Videsne
2995 1591 3137 1659 quod
3167 1590 3233 1645 ad
3261 1589 3520 1644 ultionem

1947 1699 2054 1736 nun
2085 1683 2366 1738 aecurrat?
2405 1683 2585 1739 Cave:
2630 1698 2906 1738 aversare.
2945 1702 2963 1734 ι
3000 1681 3214 1737 Nostris
3250 1682 3523 1737 sermoni-

1947 1776 2049 1831 bus
2077 1792 2090 1831 :
2123 1793 2141 1826 ι
2179 1774 2426 1831 videlicet
2456 1774 2550 1846 Qui
2582 1775 2987 1845 praedicationis
3014 1781 3161 1830 sunt.
3197 1792 3216 1825 ‹
3255 1773 3313 1828 In
3347 1772 3520 1843 prima

1947 1881 2062 1921 mea
2095 1866 2434 1922 defensione.
2489 1885 2509 1918 ι
2552 1866 2836 1921 Exhibitus
2869 1867 2982 1936 jam
3021 1864 3196 1919 fuerat
3236 1861 3436 1918 Neroni
3466 1868 3522 1919 et

263 1964 349 2017 τὸν
379 1963 635 2034 οἰνοχόον
670 1964 837 2020 αὐτοῦ
860 1967 1305 2038 κατήχησε.τότε
1328 1967 1489 2022 αὐτὸν
1520 1969 1839 2041 ἀποτέμνει.

1952 1963 2235 2012 evaserat:
2268 1956 2362 2011 sed
2397 1956 2488 2010 ubi
2528 1956 2933 2027 pocillatorem,
2956 1953 3077 2024 ejus
3121 1954 3188 2008 ad
3234 1952 3392 2009 (idem
3436 1953 3521 2007 in-

263 2054 394 2107 esse
430 2054 547 2125 γὰρ
569 2053 716 2109 οὕτω
752 2057 893 2125 πρὸς
935 2058 1005 2111 τὰ
1031 2057 1230 2112 εἴδωλα
1259 2057 1424 2127 ζῆλον
1477 2054 1623 2130 εἶχεν
1653 2063 1682 2115 ὁ
1735 2061 1841 2115 Νέ-

266 2162 389 2214 ρων,
430 2146 610 2209 οὖτως
664 2142 733 2218 ἦν
771 2146 1018 2219 ἐξίτηλος
1071 2151 1130 2203 ὲν
1160 2152 1353 2208 πᾶσιν.
1399 2170 1418 2203 ι
1453 2151 1618 2206 Ἀλλὰ
1643 2154 1844 2216 πάντες

267 2255 332 2307 με
362 2228 757 2307 ἐγκατέλιπον.
806 2260 825 2294 ι
861 2242 925 2295 Οί
956 2240 1218 2310 Ἰουδαῖοι,
1288 2244 1472 2315 φησὶν,
1506 2245 1555 2298 oi
1600 2245 1840 2316 ἀδελφοί.

271 2330 402 2402 «Μὴ
440 2332 632 2396 αὐτοῖς
656 2332 955 2404 λογισθείη.
1000 2353 1019 2385 ι
1070 2334 1233 2406 Ὁρᾷς
1283 2335 1446 2390 αὐτὸν
1481 2335 1555 2406 μὴ
1590 2337 1750 2406 μόνον
1782 2336 1843 2391 οὐ

266 2420 596 2493 βουλόμενον
648 2416 1033 2494 τιμωρεῖσθαι,
1065 2425 1202 2479 ἀλλὰ
1238 2427 1333 2479 καὶ
1374 2424 1724 2498 συγχώρησιν
1754 2427 1845 2481 εὑ-

264 2514 536 2585 χόμενον;
592 2515 790 2569 Καίτοι
826 2515 973 2569 δεινὰ
1033 2517 1346 2571 ἐπεπόνθει.
1391 2519 1464 2571 Οὐ
1492 2518 1600 2588 γὰρ
1651 2517 1762 2571 ἴσον
1785 2517 1847 2571 τὸ

263 2604 353 2658 ἀπ’
412 2605 723 2673 ἀλλοτρίων
762 2606 1129 2676 προδίδοσθαι,
1193 2607 1318 2661 ὅσον
1368 2608 1431 2661 τὺ
1482 2607 1592 2660 ἀπὸ
1619 2608 1729 2660 τῶν
1761 2610 1843 2661 oi-

263 2695 450 2751 κείων.
488 2714 509 2748 ι
552 2697 613 2750 '0
650 2697 706 2750 δὲ
733 2697 938 2767 Κύριός
971 2714 1062 2768 μοι
1093 2701 1365 2769 παρέστη.
1408 2718 1425 2751 ι
1461 2700 1564 2752 Τὸν
1599 2700 1707 2771 γὰρ
1743 2700 1848 2754 ὑπὸ

263 2788 576 2860 ἀνθρώπων
597 2790 1218 2860 ἐγκαταλιμπανόμενον
1249 2793 1277 2845 ὁ
1312 2792 1513 2864 Κύριος
1546 2794 1645 2847 οὐκ
1682 2794 1847 2863 ἀφίη-

263 2897 362 2937 σιν.
398 2881 826 2952 Ἐνεδυνάμωσέ
876 2902 965 2955 με,
1020 2885 1188 2955 φησί’
1229 2887 1496 2952 τουτέστι,
1533 2888 1847 2959 παρρησίαν

266 2974 592 3044 ἐχαρίσατο,
625 2975 723 3029 καὶ
754 2977 855 3053 οὐκ
903 2976 1081 3047 ἀφῆκε
1115 2980 1467 3032 καταπεσεῖν.
1504 2977 1669 3050 Ὁρᾷς
1716 2996 1848 3050 προι

263 3066 480 3137 τροπὴν
513 3068 652 3137 πρὸς
682 3066 774 3121 τὸν
799 3067 1069 3139 μαθητὴν,
1121 3070 1216 3123 καὶ
1250 3069 1411 3124 πάλιν
1440 3069 1635 3140 ἑτέραν
1668 3087 1850 3142 παρα-

267 3157 472 3225 μυθίαν
498 3175 514 3222 ;
557 3176 576 3210 ι
612 3158 731 3212 Ἵνα
760 3159 829 3212 δι’
860 3160 997 3230 ἐμοῦ
1014 3159 1076 3213 τὸ
1104 3160 1389 3230 κήρυγμα.
1435 3179 1453 3213 ι
1490 3161 1632 3231 Ὅρα
1657 3178 1851 3217 ταπει-

1945 2048 2169 2113 struxit,
2198 2059 2327 2103 tunc
2381 2048 2559 2119 ipsum
2611 2048 2788 2119 capite
2822 2048 3121 2102 truncavit.
3159 2046 3339 2116 Neque
3372 2044 3515 2101 enim

1946 2154 2200 2211 magnum
2230 2155 2360 2207 erga
2394 2139 2534 2194 idola
2579 2139 2753 2195 zelum
2788 2137 3024 2194 habebat
3052 2136 3212 2198 Nero,
3243 2136 3379 2191 adeo
3402 2145 3520 2191 erat

1943 2230 2175 2301 ignavus
2232 2237 2288 2286 in
2330 2232 2607 2288 omnibus.
2663 2248 2684 2283 ι
2739 2228 2847 2286 Sed
2891 2245 3085 2287 omnes
3124 2245 3212 2286 me
3258 2230 3518 2286 deserue-

1946 2331 2096 2377 runt.
2141 2338 2161 2373 ι
2191 2320 2363 2377 ιιιιάκί
2398 2322 2597 2393 inquit,
2630 2320 2854 2378 fratres.
2888 2322 3052 2392 282
3094 2338 3114 2374 ι
3160 2320 3236 2375 Ne
3275 2320 3382 2376 illis
3416 2322 3518 2375 im-

1946 2419 2186 2484 putetur.
2227 2432 2248 2465 s
2301 2410 2465 2469 Vides
2514 2412 2667 2468 illum
2715 2427 2826 2467 non
2862 2413 3039 2467 solum
3080 2410 3376 2464 vindictam
3413 2424 3517 2464 non

1948 2514 2241 2576 petentem,
2275 2506 2369 2562 sed
2404 2506 2567 2560 etiam
2606 2505 2823 2561 veniam
2854 2503 3206 2575 precantem?
3236 2502 3400 2572 Atqui
3432 2501 3519 2556 in-

1947 2598 2112 2667 digna
2161 2612 2354 2667 passus
2405 2596 2605 2653 fuerat.
2654 2595 2840 2667 Neque
2883 2595 3029 2650 enim
3069 2610 3223 2666 atque
3254 2594 3519 2649 miserum

1947 2696 2033 2742 est
2067 2686 2219 2756 prodi
2255 2687 2325 2742 ab
2371 2688 2564 2743 alienis
2605 2687 2749 2743 sicut
2778 2701 2808 2741 a
2842 2684 3159 2742 domesticis
3200 2692 3254 2741 et
3285 2684 3522 2765 familia7

1947 2780 2123 2835 rillus.
2165 2798 2183 2831 ι
2232 2778 2494 2835 Dominus
2540 2790 2722 2835 autem
2773 2778 2908 2833 milii
2954 2779 3148 2834 adfuit.
3194 2796 3215 2830 ι
3247 2776 3386 2833 Eum
3428 2775 3525 2847 qui

1950 2873 2019 2926 ab
2054 2872 2368 2929 hominibus
2411 2873 2708 2929 derelictus
2752 2880 2857 2936 est,
2886 2870 3152 2928 Dominus
3194 2885 3306 2926 non
3353 2870 3523 2926 relin-

1946 2965 2089 3035 quit.
2126 2964 2482 3020 Confirmavit
2532 2980 2638 3029 me,
2678 2964 2883 3035 inquit;
2917 2964 3019 3019 hoc
3056 2969 3165 3031 est,
3196 2963 3411 3019 dicendi
3459 2962 3527 3016 li—

1951 3057 2162 3112 bertate
2231 3057 2496 3125 donavit,
2559 3072 2660 3111 nec
2724 3054 2974 3125 permisit
3033 3053 3308 3110 excidere.
3360 3052 3526 3110 Vides
3638 3106 3643 3109 _

1950 3149 2389 3206 exhortationem
2442 3150 2510 3204 ad
2565 3147 2937 3219 discipulum,
2986 3160 3316 3217 rursumque
3360 3146 3524 3201 aliam

265 3247 629 3317 νοφροσύνην.
689 3250 765 3302 Οὐ
798 3250 907 3320 γὰρ
959 3250 1034 3313 ὡς
1068 3249 1216 3316 ἄξιος
1255 3252 1573 3323 ἐπικουρίας
1611 3253 1845 3327 ἐϐοηθή-

1952 3241 2425 3298 consolationem?
2463 3261 2481 3294 ‹
2527 3239 2597 3297 Ut
2629 3256 2725 3311 per
2765 3255 2850 3296 me
2887 3238 3224 3309 praedicatio.
3272 3257 3293 3292 ι
3329 3238 3528 3295 Consi-

275 3339 396 3408 θην,
432 3340 573 3395 ἀλλὰ
601 3340 692 3394 διὰ
742 3342 803 3394 τὸ
855 3343 1140 3413 κήρυγμα,
1182 3342 1273 3396 ἴνα
1311 3343 1572 3415 πληρωθῇ
1622 3346 1719 3400 καὶ
1766 3349 1848 3413 είς

1952 3339 2084 3396 dera
2131 3338 2298 3394 animi
2344 3337 2690 3394 modestiam.
2727 3334 2846 3391 Non
2885 3335 3029 3406 quod
3081 3334 3287 3390 auxilio
3327 3333 3526 3406 dignus

266 3431 446 3502 πέρας
484 3431 638 3506 ἔλθῃ.
675 3451 694 3483 ι
735 3433 848 3486 Καὶ
893 3433 1121 3506 ἀκούσῃ,
1162 3434 1315 3504 φησὶ,
1350 3436 1618 3490 πάντατὰ
1642 3436 1791 3510 ἔθνη.
1824 3456 1844 3492 ι

268 3522 389 3576 Ἵνα
418 3524 579 3587 πᾶσι,
617 3524 773 3593 φησὶ,
809 3522 1107 3595 κατάδηλος
1160 3524 1387 3594 γένηται
1428 3527 1522 3580 καὶ
1548 3526 1643 3580 τοῦ
1676 3529 1850 3599 κηρύ-

267 3628 480 3681 γματος
521 3614 822 3686 ήδὺναμις,
851 3616 948 3669 καὶ
985 3619 1088 3687 τῆς
1120 3618 1248 3688 περὶ
1273 3617 1371 3687 ἐμὲ
1407 3619 1712 3689 προνοίαςή
1745 3638 1850 3693 κη-

267 3703 518 3773 δεμονία.
587 3706 717 3759 «Ἕκ
738 3706 1003 3777 στόματος
1036 3707 1269 3767 λέοντος.
1303 3726 1321 3760 ι
1355 3710 1582 3776 Λέοντα,
1621 3712 1711 3767 τὸν
1747 3714 1851 3767 Νέ-

270 3810 420 3862 ρωνα
448 3794 623 3863 λέγει,
646 3796 739 3850 διὰ
763 3797 825 3850 τὸ
855 3798 1003 3867 ώμδν
1030 3801 1124 3853 καί
1169 3799 1455 3871 θηριῶδες.
1486 3820 1506 3853 ι
1549 3804 1661 3858 Καὶ
1692 3805 1853 3878 ῥύσε-

268 3885 355 3937 ταί
400 3903 471 3956 με
521 3887 551 3939 ὁ
600 3885 826 3956 Κύριος.
866 3907 885 3940 ι
917 3885 979 3941 Et
1020 3889 1266 3962 ῥύσεται,
1310 3890 1647 3964 πιῖῖξφησιν,
1708 3895 1852 3966 Ἐγὼ

270 3976 369 4046 ήδη
391 3978 733 4050 σπένδομαι;
766 3980 908 4034 ’Δλλ’
934 3981 1056 4052 δρα.
1085 3982 1220 4036 Τότε
1255 3982 1356 4051 μὲν
1380 3984 1445 4038 ὲκ
1478 3987 1572 4040 τοῦ
1598 3987 1853 4058 Νέρωνος

272 4070 596 4142 ιῤῥύσατο,
656 4071 753 4125 νῦν
803 4072 861 4127 δὲ
913 4074 1014 4127 οὐκ
1065 4076 1146 4127 ἔτι
1193 4076 1259 4130 ὲκ
1316 4077 1411 4130 τοῦ
1449 4078 1721 4150 Νέρωνος,
1771 4081 1853 4150 (τὸ

277 4159 459 4214 ἱκανὸν
495 4163 608 4234 γὰρ
637 4164 716 4235 τῷ
738 4164 1057 4237 Εὐαγγελίῳ
1093 4169 1389 4241 ὲγεγόνει,)
1430 4169 1546 4225 ἀλλ’
1577 4173 1689 4227 ἀπὸ
1717 4191 1853 4228 παν-

275 4254 363 4315 τὸς
380 4255 809 4327 ἁμαρτήματος,
844 4260 1145 4325 τουτέστιν,
1179 4261 1279 4315 οὐκ
1325 4263 1528 4335 ἀφήσει
1562 4281 1850 4333 καταγνω-

278 4346 473 4403 σθέντα
515 4349 575 4402 έν
620 4366 728 4404 τινι
771 4351 1050 4406 ἀπελθεῖν.
1094 4368 1115 4406 ι
1146 4352 1259 4407 Καὶ
1323 4354 1488 4409 σώσει
1521 4356 1604 4420 είς
1642 4357 1740 4428 τὴν
1757 4358 1854 4429 βα-

278 4440 481 4494 σιλείαν
507 4441 677 4496 αὑτοῦ
711 4443 812 4516 τὴν
847 4444 1085 4499 αἰώνιον.
1118 4464 1138 4498 ι
1179 4446 1509 4518 Ἐξαρπάσει
1545 4465 1633 4519 με,
1664 4453 1853 4520 φησὶν,

276 4528 446 4598 ἐνθεν,
488 4532 589 4587 καὶ
635 4533 887 4603 φυλάξει.
919 4534 1092 4590 Τοῦτο
1122 4535 1233 4608 γὰρ
1269 4536 1524 4607 σημαίνει
1548 4538 1632 4605 τὸ,
1680 4539 1852 4595 Σώσει

1949 3444 2153 3497 essem,
2184 3428 2382 3500 inquit,
2409 3428 2630 3498 adjutus
2677 3442 2820 3494 sum,
2850 3425 2947 3483 sed
2996 3433 3218 3497 propter
3256 3424 3527 3495 praedica-

1953 3524 2182 3588 tionem,
2215 3528 2275 3576 nt
2313 3520 2626 3593 expleretur
2670 3528 2723 3576 et
2759 3519 2824 3574 ad
2862 3520 3158 3574 terminum
3195 3519 3527 3590 perveniret.

1960 3633 1979 3666 ι
2025 3614 2091 3670 Ει
2129 3613 2384 3669 audirent
2413 3629 2603 3669 omnes
2638 3620 2848 3684 gentes.
2897 3632 2915 3666 ι
2955 3609 3024 3668 Ut
3057 3613 3312 3669 omnibus
3352 3615 3530 3670 mani-

1953 3706 2094 3764 festa
2150 3705 2305 3761 fieret
2352 3706 2758 3776 praedicationis
2808 3705 3049 3776 potentia
3101 3715 3152 3759 et
3203 3705 3530 3777 gubernatio

1950 3797 2309 3870 providentiae
2356 3798 2503 3853 circa
2544 3813 2629 3853 ine
2679 3798 2898 3853 habitae.
2932 3818 2951 3850 ι
2998 3798 3078 3853 Ex
3125 3813 3221 3855 ore
3263 3799 3454 3855 leonis.
3504 3819 3524 3854 ι

1954 3891 2191 3947 Leonem
2229 3891 2364 3947 dicit
2391 3890 2661 3947 Neronem
2696 3889 2768 3946 ob
2810 3890 3190 3948 crudelitatem
3233 3905 3298 3945 ac
3337 3888 3528 3947 ferita-

1952 3993 2087 4041 tem.
2119 4004 2138 4036 ι
2174 3981 2241 4038 Ει
2270 3983 2467 4054 eripiet
2499 3998 2583 4038 me
2620 3983 2903 4038 Dominus.
2940 3999 2959 4035 ι
3000 3980 3056 4037 Si
3095 3994 3382 4054 erepturus
3420 3992 3528 4048 est,

1955 4077 2227 4147 quomodo
2260 4076 2335 4130 ait
2371 4092 2385 4130 :
2419 4076 2531 4146 Ego
2564 4074 2677 4144 jam
2720 4073 2965 4129 delibor?
2993 4072 3098 4130 Sed
3134 4075 3528 4132 animadverte.

1954 4169 2112 4225 Tunc
2151 4169 2372 4239 quidem
2402 4182 2431 4222 a
2469 4166 2686 4224 Nerone
2730 4167 2835 4222 fuit
2885 4166 3169 4234 liberatus,
3212 4183 3358 4224 nunc
3403 4183 3531 4225 vero

1951 4261 2065 4335 jam
2099 4278 2207 4316 non
2242 4277 2269 4315 a
2300 4260 2513 4316 Nerone
2545 4259 2862 4315 liberandus
2907 4267 3028 4314 erat
3072 4274 3197 4315 cum
3238 4259 3533 4331 Evangelia

1955 4357 2298 4413 satisfactum
2316 4365 2480 4420 esset,
2505 4353 2600 4410 sed
2619 4354 2687 4409 ab
2711 4353 2859 4408 omni
2880 4361 3128 4424 peccato,
3150 4352 3257 4409 hoc
3276 4362 3386 4419 est,
3417 4368 3528 4408 non

1956 4448 2234 4521 permittet
2264 4458 2324 4503 ut
2354 4448 2408 4503 in
2437 4447 2623 4518 aliquo
2655 4446 3056 4503 condemnatus
3079 4446 3378 4503 discedam.
3409 4467 3429 4501 ι
3461 4449 3533 4504 Et

1958 4543 2199 4598 servabit
2224 4543 2291 4597 ad
2323 4557 2549 4612 regnum
2576 4556 2736 4597 suum
2763 4548 3051 4614 aeternum.
3086 4558 3108 4593 ι
3144 4538 3304 4608 Hinc,
3330 4541 3529 4611 inquit,

276 4625 355 4687 εἰς
405 4625 511 4695 τὴν
557 4626 836 4696 βασιλείαν
904 4627 1093 4683 αὐτοῦ.
1132 4629 1275 4698 Ἀρα
1308 4630 1342 4699 ἡ
1384 4627 1553 4694 ὅντως
1610 4633 1848 4705 σωτηρία

1964 4649 2049 4690 me
2096 4633 2292 4703 eripiet
2323 4644 2377 4689 et
2411 4633 2701 4689 custodiet.
2736 4631 2869 4686 Nam
2910 4631 3015 4686 hoc
3054 4631 3327 4704 significat
3356 4645 3372 4691 :
3405 4631 3536 4687 Ser-

278 4712 415 4783 αὖτη
444 4717 619 4784 ἐστὶν,
659 4717 791 4770 ὅταν
823 4719 942 4772 ἐκεῖ
974 4718 1391 4790 διαλάμπωμεν.
1420 4737 1440 4772 ι
1474 4714 1598 4794 τῼή
1626 4721 1753 4790 δόξα
1777 4726 1857 4788 είς

1958 4726 2107 4784 vabit
2139 4725 2206 4781 ad
2236 4741 2463 4796 regnum
2495 4740 2678 4783 suum.
2711 4722 2839 4779 Haec
2874 4724 3058 4795 itaque
3083 4736 3169 4781 est
3198 4741 3325 4781 vera
3357 4726 3532 4793 salus,

276 4808 397 4872 τοὺς
418 4807 649 4873 αἰῶνας.
679 4810 879 4882 ’Δμήν.
915 4829 936 4863 s
976 4810 1122 4883 Ὅρα
1142 4809 1451 4879 δοξολογίαν
1472 4812 1628 4878 Υίοῦ,
1663 4813 1739 4878 ὡς
1762 4815 1848 4868 καὶ

1959 4825 2020 4873 ιιι
2060 4818 2135 4873 ibi
2167 4816 2440 4887 splendidi
2468 4818 2661 4871 simus.
2698 4833 2719 4867 ι
2755 4814 2858 4870 Cui
2905 4815 3076 4886 gloria
3106 4815 3164 4870 in
3194 4817 3391 4872 saecula
3427 4832 3534 4871 sa.-

280 4897 372 4950 τοῦ
431 4900 676 4972 Πατρδς,
730 4901 825 4956 καὶ
865 4901 1058 4957 ἄλλοτε
1111 4899 1452 4971 Πνεύματος·
1500 4897 1658 4969 οὗτος
1693 4905 1848 4977 γὰρέ

1957 4911 2230 4966 culorum.
2261 4911 2456 4964 Amen.
2502 4927 2522 4962 ι
2561 4908 2698 4962 Vide
2729 4907 3072 4979 doxologiam
3101 4923 3200 4979 pro
3221 4906 3362 4964 Filio
3389 4910 3535 4964 sicut

286 4989 514 5061 Κύριος,
546 4993 720 5065 ἤγουν
746 4994 776 5048 ὁ
806 4993 958 5060 Υἱός.

357 5171 664 5253 Ἄσπασαι
719 5174 1095 5242 Πρίσκιλλαν
1125 5178 1225 5232 καὶ
1275 5178 1548 5244 Ἀκύλαν,
1602 5176 1701 5232 καί
1751 5177 1859 5231 τὸν

296 5260 703 5331 Ὀνησιφόρου
718 5258 908 5321 οἶκον.
918 5266 1216 5334 Ἔραστος
1231 5266 1470 5336 ἔμεινεν
1482 5267 1553 5320 ἐν
1568 5266 1852 5334 Κορίνθῳ.

290 5351 586 5423 Τρόφιμον
629 5352 700 5407 δὲ
747 5355 1051 5411 ἀπέλιπον
1077 5358 1148 5412 ἐν
1173 5355 1417 5423 Μιλήτῳ
1456 5356 1853 5412 ἀσθενοῦντα.

1846 5020 1851 5027 ·
1964 5009 2019 5056 et
2053 5016 2152 5071 pro
2181 5000 2341 5059 Patre
2367 4999 2495 5054 alibi
2529 5008 2583 5054 et
2613 5013 2714 5069 pro
2748 4998 2977 5069 Spiritu,
3005 4998 3092 5054 hic
3132 5001 3274 5055 enim
3315 5011 3398 5056 est
3428 5000 3534 5053 Do-

1964 5094 2169 5159 minus,
2206 5109 2403 5163 nempe
2441 5092 2637 5148 Filius.

2033 5182 2126 5250 ιν,
2155 5184 2340 5240 19-22.
2374 5183 2567 5240 Saluta
2598 5183 2909 5240 Priscillam
2938 5192 2991 5239 et
3018 5184 3286 5255 Aquilam,
3317 5193 3366 5239 et
3397 5183 3536 5240 One-

1962 5276 2164 5347 siphori
2198 5276 2481 5346 familiam.
2520 5275 2749 5331 Erastus
2785 5278 2981 5331 mansit
3015 5274 3276 5332 Corinthi.
3315 5275 3538 5345 Trophi-

1964 5386 2110 5423 mum
2155 5380 2333 5424 autem
2365 5370 2555 5440 reliqui
2590 5368 2763 5423 Mileti
2804 5370 3161 5440 languentem.
3195 5368 3277 5421 Da
3323 5383 3534 5434 operam

286 5447 647 5502 Σπούδασον
678 5449 792 5517 πρὸ
827 5450 1118 5519 χειμῶνος
1154 5449 1374 5507 ἐλθεῖν.
1416 5448 1770 5509 Ἀσπάζεταί
1790 5464 1848 5503 σε

1959 5468 2019 5513 ut
2058 5460 2235 5514 venias
2274 5468 2395 5514 ante
2434 5461 2678 5514 hiemem.
2707 5458 2927 5515 Salutat
2971 5469 3018 5514 te
3057 5458 3296 5512 Eubulus
3328 5467 3375 5510 et
3423 5453 3535 5509 Pu-

288 5537 593 5603 Εὔϐουλος
623 5537 740 5590 καίο
760 5538 1032 5607 Σπούδης
1066 5537 1163 5592 καί
1195 5539 1395 5605 Αἶνος,
1436 5540 1536 5593 καὶ
1567 5538 1860 5606 Κλαυδία,

291 5630 380 5681 καί
413 5633 469 5685 ol
507 5629 760 5698 ἀδελφοί
800 5630 1041 5696 πάντες.
1084 5631 1139 5684 Ὀ
1184 5632 1398 5700 Κύριος
1441 5632 1685 5700 Ἰησοῦς
1727 5634 1864 5701 Χρι-

291 5722 431 5790 στὸς
478 5724 631 5793 μετὰ
682 5726 789 5780 τοῦ
862 5722 1201 5792 πνεύματός
1243 5738 1380 5778 σου.
1436 5723 1499 5778 Ἠ
1541 5722 1713 5791 χάρις
1734 5723 1864 5793 μεθ’

294 5813 475 5881 ἡμῶν.
520 5816 716 5886 Ἀμήν.
1819 5889 1825 5895 ⁸

360 5901 518 5961 Οὗτοί
543 5909 680 5962 εἰσιν
697 5902 771 5962 ὧν
797 5910 1033 5981 συνεχῶς
1064 5910 1333 5982 μέμνηται
1358 5906 1463 5959 τῶν
1492 5904 1852 5975 σκηνοποιών,

1963 5550 2090 5604 dens
2120 5561 2168 5605 et
2200 5550 2364 5604 Linus
2387 5561 2437 5604 et
2473 5550 2701 5606 Claudia
2735 5559 2786 5604 et
2815 5550 3013 5620 fratres
3044 5565 3242 5603 omnes.
3274 5546 3532 5601 Dominus

1960 5641 2117 5697 Iesus
2162 5641 2404 5698 Christus
2448 5658 2568 5695 cum
2619 5640 2810 5712 spiritu
2856 5652 2966 5694 tuo.
3011 5637 3199 5693 Gratia
3239 5636 3531 5693 nobiscum.

1962 5730 2001 5782 Α
2016 5747 2150 5784 men.

2035 5906 2099 5962 lli
2150 5919 2297 5973 sunt,
2345 5924 2578 5980 quorum
2632 5906 2945 5977 frequenter
2995 5903 3123 5959 facit
3171 5903 3524 5971 mentionem,
