3988 6582
444 422 556 488 2Ἳ9

1515 430 1915 493 (ECUMENII
1939 435 2251 500 'TRICC/E
2292 426 2630 506 EP'ISCOPI

3599 447 3710 508 210

445 537 919 592 tabernaculorttm
939 546 1203 605 textores,
1226 541 1365 612 apud
1390 558 1528 613 quos
1543 547 1705 600 etiam
1721 549 2030 609 diversatus

2142 559 2278 629 παρ’
2292 553 2372 623 οἷς
2390 562 2481 614 καὶ
2505 564 2772 633 κατήχθη.
2790 564 2900 632 Τῆς
2917 563 2972 616 δὲ
2987 563 3264 632 γυναικὸς,
3283 565 3356 626 ὡς
3388 567 3716 634 πιστοτέρας

444 640 545 684 est.
576 627 772 685 Uxotis
799 641 980 686 autem
1006 641 1264 702 tanquam
1292 634 1555 690 fidelioris
1583 653 1646 693 ac
1667 639 2029 710 diligentioris

447 724 596 790 prius
627 723 894 788 meminit,
922 739 1046 778 nam
1079 734 1132 780 et
1150 725 1264 780 lucc
1294 725 1470 796 ipsum
1503 727 1695 798 Apollo
1727 730 1782 785 in
1806 731 1910 787 fide
1941 733 2030 788 in-

445 815 664 869 struxit.
708 813 861 870 Facit
892 824 1074 871 autem
1108 818 1514 885 salutationem,
1575 822 1740 876 simul
1802 833 1857 878 et
1894 839 2029 880 eon-

446 907 731 962 solationis
760 908 956 980 gratia,
1011 918 1068 964 et
1125 909 1388 966 honorem
1431 927 1496 966 ac
1546 913 1891 972 dilectionem
1934 936 2032 991 per

447 998 549 1052 hoc
576 999 842 1055 exhibens
868 1016 883 1054 :
906 1001 1160 1072 quodque
1189 1003 1364 1072 majus
1382 1012 1489 1072 est,
1526 1008 1694 1062 multa
1727 1012 1896 1082 replet
1915 1028 2031 1085 gra-

449 1097 523 1146 ti;
551 1109 674 1147 eum
706 1093 800 1164 qui
835 1095 1130 1152 salutatur.
1160 1096 1323 1167 283
1356 1115 1374 1149 ι
1416 1099 1482 1153 Et
1511 1099 1840 1173 Onesiphori
1871 1105 2032 1160 fami-

445 1184 595 1239 liam.
651 1203 670 1237 ι
723 1184 1102 1256 Onesiphorus
1144 1189 1290 1243 enim
1348 1188 1534 1247 Romae
1572 1203 1712 1250 erat.
1754 1196 1862 1252 Eos
1900 1213 2032 1268 ergo

443 1276 650 1328 salutat
693 1276 788 1345 qui
831 1286 1081 1332 erantex
1118 1279 1236 1348 ejus
1270 1280 1500 1346 familia,
1527 1283 1630 1339 hac
1659 1285 1746 1340 via
1783 1289 2030 1346 excitans

443 1366 510 1419 ad
550 1367 780 1421 similem
817 1369 1246 1435 aemulationem,
1281 1373 1496 1442 qualem
1529 1373 1794 1430 habuerat
1832 1377 2032 1434 Onesi-

444 1460 674 1528 phorus.
729 1477 748 1512 ι
807 1459 1040 1516 Erastus
1091 1465 1297 1518 mansit
1351 1463 1624 1522 Corinthi.
1679 1485 1697 1519 ι
1759 1471 2028 1535 Quoniam

448 1553 638 1604 horum
668 1552 874 1606 nullam
913 1556 1118 1609 fecerat
1146 1555 1503 1623 mentionem,
1533 1574 1681 1625 n_unc
1703 1575 1894 1614 eorum
1921 1578 2032 1617 me—

451 1647 610 1699 tninit
645 1653 703 1700 ut
734 1647 992 1701 ostendat
1032 1651 1178 1718 quod
1216 1647 1457 1720 undique
1483 1651 1637 1706 solus
1671 1652 1742 1708 sit
1780 1654 2030 1722 relictus,

444 1747 497 1791 et
529 1741 673 1808 quod
717 1739 818 1808 ipsi
851 1740 924 1794 sit
954 1754 1093 1812 Opus
1127 1739 1442 1798 Timotheo.
1481 1761 1500 1795 ι
1541 1743 1900 1816 Trophimum
1928 1761 2030 1802 au-

446 1839 552 1883 tem
581 1831 777 1902 reliqui
806 1831 996 1888 Mileti.
1033 1854 1052 1886 ι
1088 1833 1307 1892 Miletus
1339 1837 1646 1909 propinqua
1675 1847 1762 1894 est
1789 1839 2026 1910 Epheso.

2132 651 2225 702 καὶ
2245 653 2690 725 σπουδαιοτέρας,
2715 655 2934 726 πρώτης
2951 656 3014 723 μέ
3023 674 3241 725 μνηται.
3259 657 3367 708 Ka‘t
3388 657 3495 726 γὰρ
3511 657 3603 708 καὶ
3625 657 3715 709 τὶν

2130 741 2373 797 Ἀπολλὼ
2411 746 2550 817 αὕτη
2577 748 2881 818 κατήχησε.
2913 746 3018 801 Τὸν
3036 748 3093 801 δέ
3127 747 3418 818 ἀσπασμὸν
3450 752 3709 812 ποιεῖται,

2130 834 2264 904 ὁμοῦ
2290 837 2388 906 μὲν
2405 839 2916 910 παραμυθούμενος,
2935 840 3068 910 ὁμοῦ
3093 839 3147 893 δὲ
3172 840 3264 894 καὶ
3279 840 3446 912 τιμὴν
3465 842 3555 893 καὶ
3576 840 3714 908 ἁγά-

2134 945 2240 996 πην
2261 929 2672 1001 ἐνδεικνύμενος
2694 932 2781 985 διὰ
2795 932 3007 999 τούτου,
3025 933 3084 986 τὸ
3105 934 3159 986 δέ
3179 933 3385 1003 μεῖζον,
3401 934 3492 986 καὶ
3510 933 3715 1000 πολλῆς

2131 1022 2414 1091 ἐκπλήσας
2446 1024 2671 1094 χάριτος
2697 1026 2788 1078 τὸν
2819 1029 3387 1096 προσαγορευόμενον,
3429 1044 3446 1076 ι
3485 1027 3593 1079 Ka‘t
3621 1026 3712 1078 τὸν

2143 1110 2496 1185 Ὀνησιφόρου
2539 1112 2707 1172 οἷκον.
2745 1137 2763 1170 ι
2808 1119 2868 1172 '0
2908 1121 3018 1191 γὰρ
3048 1117 3400 1190 Ὀνησιφὸρος
3427 1121 3485 1172 ὲν
3519 1119 3712 1190 Ῥώμῃ

2130 1198 2218 1275 ἦν.
2251 1205 2388 1270 Τοὺς
2437 1203 2530 1261 οὖν
2574 1210 2631 1262 ἐν
2670 1210 2747 1280 τῷ
2792 1210 2926 1281 οἴκῳ
2978 1211 3144 1265 αὐτοῦ
3176 1211 3501 1277 ἀσπάζεται,
3535 1215 3713 1283 ταύτῃ

2130 1295 2416 1366 διεγείρων
2469 1297 2606 1369 πρὸς
2662 1300 2754 1354 τὸν
2790 1301 2978 1370 ὅμοιον
3009 1301 3087 1372 τῷ
3135 1301 3477 1373 Ὀνήσιεξόρῳ
3522 1303 3704 1371 ζῆλον.

2137 1406 2155 1439 ι
2200 1387 2469 1458 Ἔραστος
2518 1389 2736 1461 ἔμεινεν
2765 1395 2822 1446 ἐν
2864 1393 3138 1464 Κορίνθῳ.
3173 1411 3192 1446 s
3243 1394 3460 1466 Ἐπειδὴ
3505 1392 3713 1445 τούτων

2129 1480 2230 1535 οὐκ
2251 1481 2520 1553 ἐμνήσθη,
2555 1486 2650 1538 νῦν
2681 1483 2979 1554 μέμνηται,
3017 1486 3105 1539 ἵνα
3155 1485 3306 1558 δείξῃ
3338 1486 3418 1536 ὅτι
3451 1479 3712 1534 πάντοθεν

2133 1575 2444 1644 μεμόνωται
2474 1577 2567 1629 καὶ
2592 1575 2784 1647 χρῄζει
2813 1575 2907 1628 τοῦ
2957 1576 3245 1646 Τιμοθέου.
3292 1592 3309 1626 ι
3346 1573 3623 1642 Τρόφιμον
3656 1573 3713 1625 δὲ

2131 1666 2394 1718 ἀπέλιπον
2452 1669 2509 1718 ἐν
2556 1668 2803 1737 Μιλήτῳ.
2849 1685 2868 1719 s
2920 1666 2983 1720 Ἦ
3043 1669 3284 1737 Μίλητος
3348 1663 3514 1732 ἐγγύς
3561 1665 3710 1716 ἐστιν

2144 1751 2392 1822 Ἐφέσου.
2433 1756 2574 1825 ’Λρα
2597 1752 2691 1808 οὖν
2723 1756 2812 1808 ὅτε
2861 1755 3130 1810 ἀπέπλεεν
3164 1759 3257 1810 ἐπί
3286 1757 3382 1824 τὴν
3424 1754 3708 1817 Ἰουδαίαν,

2132 1843 2344 1912 ἀφῆκεν
2377 1843 2540 1896 αὑτὸν
2566 1847 2622 1898 ἐν
2657 1844 2882 1916 Μιλήτῳ
2905 1847 2932 1898 ὁ
2970 1847 3201 1910 Παῦλος,
3234 1847 3266 1917 ἢ
3303 1848 3441 1915 μετὰ
3470 1847 3526 1899 τὸ
3560 1847 3713 1912 γενέ-

449 1921 643 1978 Utrum
695 1925 863 1996 igitur
902 1927 1122 1996 quando
1164 1930 1458 2000 navigabat
1507 1930 1564 1985 in
1601 1909 1867 1996 Iudaeam,
1903 1933 2029 1987 reli-

2134 1909 2259 1984 σθαι
2299 1934 2356 1986 ἐν
2404 1932 2592 2005 Ῥώμῃ
2626 1909 2888 1999 πάλιν-είς
2915 1936 3088 1988 ταῦτα
3118 1909 3374 2006 τὰμέρη,
3392 1937 3490 2016 ουκ
3513 1909 3678 2006 ἐχνομε
3696 1956 3714 1988 δ

444 2023 628 2085 querit
650 2033 775 2072 eum
804 2017 970 2073 Mileti
995 2019 1220 2087 Paulus,
1249 2036 1319 2076 an
1353 2038 1575 2079 rursum
1606 2032 1893 2096 postquam
1921 2024 2032 2079 Ro-

449 2124 595 2160 mam
627 2116 875 2174 venerat,
905 2111 970 2165 ad
995 2126 1090 2167 eas
1118 2114 1416 2169 accesserit
1445 2114 1718 2186 regiones,
1749 2125 1898 2170 certo
1922 2130 2030 2168 non

447 2214 744 2269 possumus
780 2216 1056 2258 asserere.
1099 2224 1117 2256 ι
1160 2203 1554 2275 Langucnlem.
1589 2225 1607 2257 ›
1638 2207 1818 2272 Quare
1847 2215 2029 2261 autem

447 2291 626 2360 ipsum
673 2308 781 2346 non
828 2295 1065 2362 sanavit,
1111 2296 1207 2350 sed
1258 2313 1380 2351 eum
1431 2299 1686 2368 reliquit?
1735 2299 1872 2365 Quia
1924 2313 2030 2353 non

445 2383 630 2438 omnia
662 2383 935 2439 faciebant
963 2387 1168 2451 sancti,
1208 2403 1278 2442 ne
1307 2388 1486 2457 majus
1515 2391 1720 2458 aliquid
1750 2390 2028 2444 existima-

449 2487 638 2529 rentur
663 2487 717 2532 et
743 2494 910 2548 supra
939 2480 1222 2534 hominum
1255 2491 1532 2535 naturam.
1569 2501 1586 2532 ι
1623 2481 1697 2535 Da
1724 2498 1944 2552 cperam
1974 2489 2034 2536 ut

449 2571 635 2623 venias
691 2579 819 2625 ante
855 2571 1108 2626 hiemem.
1151 2590 1170 2623 ι
1211 2571 1452 2638 Interim,
1487 2573 1684 2643 inquit,
1721 2573 1850 2628 dum
1885 2575 2030 2640 vivo,

448 2675 514 2716 ne
562 2662 736 2717 hieme
776 2664 1026 2719 detentus
1069 2679 1180 2718 non
1237 2664 1426 2722 videas
1462 2681 1568 2720 tne.
1611 2685 1630 2716 ι
1666 2667 1735 2720 Et
1773 2665 1966 2721 Linus.
2007 2685 2026 2719 ι

449 2753 604 2810 llunc
633 2756 789 2810 aiunt
837 2773 961 2813 esse
1000 2756 1197 2813 Linum
1241 2759 1336 2830 qui
1375 2761 1618 2815 secundo
1651 2760 1774 2814 loco
1812 2769 2032 2817 creatus

446 2858 531 2902 est
575 2848 765 2905 Romae
804 2852 1098 2922 episcopus
1127 2860 1251 2922 post
1277 2852 1526 2911 Petrum.
1565 2873 1585 2906 ι
1626 2852 1692 2906 Et
1717 2853 1968 2908 Claudia.
2007 2873 2026 2905 ι

448 2939 614 2996 Vides
665 2941 940 3011 quomodo
985 2945 1152 2998 etiam
1199 2944 1462 3000 mulieres
1507 2959 1665 3000 acres
1712 2942 1920 2999 fuerint
1978 2949 2034 3000 et

447 3029 722 3086 ferventes
761 3031 1040 3088 cruciﬁsa:
1083 3034 1331 3089 mundo?
1363 3034 1578 3089 Etenim
1622 3049 1798 3105 genus
1838 3035 1944 3089 hoc
1978 3035 2034 3090 in

447 3123 601 3178 nullo
639 3123 776 3179 viris
819 3123 1055 3181 inferius
1103 3133 1208 3190 est,
1243 3125 1406 3180 modo
1459 3126 1612 3181 velit.
1653 3143 1672 3178 ι
1711 3125 1779 3182 Ει
1829 3126 2032 3182 fratres

2132 2027 2325 2079 είπεῖν.
2365 2043 2384 2078 ι
2421 2026 2800 2083 ’Δσθενοῦντα.
2843 2048 2862 2081 s
2900 2028 3014 2082 Ἵνα
3056 2030 3108 2083 τί
3153 2030 3262 2100 γὰρ
3297 2029 3370 2099 μὴ
3399 2030 3585 2083 ἰάσατο
3616 2031 3716 2081 ab.

2131 2116 2245 2182 τὸν,
2280 2117 2395 2171 ἀλλ’
2449 2117 2637 2172 είασεν
2680 2120 2879 2187 αὑτόν;
2922 2122 3043 2173 Ὀτι
3097 2121 3160 2174 οὐ
3202 2122 3377 2175 πάντα
3413 2121 3629 2172 ἐποίουν
3664 2119 3713 2170 ei

2133 2208 2302 2275 ἅγιοι,
2343 2209 2431 2262 ἵνα
2463 2207 2538 2278 μὴ
2589 2208 2884 2279 νομισθῶσι
2911 2209 3218 2280 κρείττονες
3257 2209 3290 2278 ἢ
3334 2208 3470 2260 κατὰ
3504 2203 3715 2274 ἀνθρώ-

2133 2317 2240 2353 που
2297 2300 2482 2370 φύσιν.
2535 2320 2552 2352 ι
2609 2301 2920 2354 Σπούδασον
2968 2301 3074 2372 πρὸ
3130 2300 3394 2370 χειμῶνος
3452 2297 3705 2351 ἐλθεῖν.ι

2137 2394 2280 2456 Ἕως
2310 2390 2392 2460 οὗ,
2422 2396 2574 2465 φησὶ,
2614 2393 2714 2458 ζῶ,
2752 2395 2840 2448 ἴνα
2883 2395 2957 2464 μὴ
2993 2395 3068 2463 τῷ
3103 2395 3335 2464 χειμῶνι
3374 2390 3712 2460 ἐπισχεθεὶς,

2133 2486 2233 2539 οὐκ
2261 2489 2375 2559 ἴδῃς
2398 2503 2488 2556 με.
2525 2505 2543 2537 ι
2592 2487 2702 2539 Καὶ
2727 2486 2906 2549 Αἶνος.
2948 2504 2965 2536 ι
2999 2486 3200 2539 Τοῦτόν
3232 2502 3364 2554 φασι
3399 2484 3489 2536 τὸν
3528 2485 3712 2543 Αἶνον,

2133 2577 2386 2649 δεύτερον
2416 2578 2516 2648 τῆς
2556 2578 2777 2648 Ῥώμης
2808 2579 3103 2632 ἐπίσκοπον
3135 2580 3414 2646 γεγονέναι
3441 2575 3579 2646 μετὰ
3617 2574 3716 2626 τὸν

2134 2671 2363 2742 Πέτρον.
2403 2690 2421 2723 ι
2467 2673 2574 2725 Καὶ
2625 2672 2890 2726 Κλαυδία.
2926 2691 2944 2723 ι
2985 2671 3146 2742 Ὁρᾷς
3187 2671 3304 2734 πῶς
3335 2671 3427 2724 καὶ
3450 2671 3715 2737 γυναῖκες

2132 2761 2384 2832 διάπυροι
2447 2757 2588 2832 ἦσαν
2644 2764 2739 2815 καὶ
2799 2763 3002 2834 θερμαὶ
3041 2764 3133 2816 καὶ
3183 2762 3598 2833 ἐσταυρωμέναι
3633 2759 3716 2828 τῷ

2134 2854 2361 2924 κόσμῳς
2406 2855 2514 2907 Καὶ
2561 2854 2671 2925 γὰρ
2715 2855 2867 2909 οὐδὲν
2900 2855 3218 2909 ἐλαττοῦται
3254 2853 3312 2906 τὸ
3357 2854 3514 2922 γένος
3552 2849 3716 2906 τοῦτο

2133 2943 2242 2996 τῶν
2281 2943 2514 3012 ἀνδρῶν,
2550 2945 2647 3014 ἐᾲν
2689 2945 2841 3017 θέλῃ.
2883 2963 2902 2996 ι
2941 2945 3055 2999 Καὶ
3094 2946 3144 2997 οί
3171 2943 3391 3013 ἀδελφοὶ
3432 2943 3654 3004 πάντες.
3689 2958 3710 2992 s

2135 3035 2199 3086 Οἱ
2260 3034 2522 3104 ὀνομαστὶ
2587 3034 2918 3105 μνησθέντες
2982 3033 3304 3104 θερμότεροι
3363 3032 3462 3101 τὴν
3526 3029 3718 3082 πίστιν

2133 3119 2296 3196 ἦσαν.
2334 3143 2354 3177 ι
2408 3125 2466 3178 Ὀ
2492 3124 2697 3196 Κύριος
2730 3125 2941 3198 Ἰησοῦς
2985 3125 3220 3196 Χριστὸς
3249 3124 3386 3195 μετὰ
3417 3119 3717 3198 τοῦιπνεύ-

446 3227 662 3269 omnes.
705 3232 725 3266 ι
766 3213 910 3270 inter
961 3213 1061 3270 hos
1106 3223 1289 3269 autem
1320 3215 1401 3269 illi
1431 3229 1666 3285 quorum
1708 3215 2030 3270 nominatim

2140 3219 2310 3288 ματός
2334 3234 2450 3272 σου.
2492 3235 2511 3270 ι
2545 3218 2718 3289 Διπλῆ
2775 3219 2807 3289 ή
2871 3218 3114 3288 βοήθεια,
3139 3218 3173 3288 ἦ
3201 3234 3260 3271 τε
3302 3216 3395 3270 τοῦ
3447 3212 3716 3285 Χριστοῦ,

447 3306 593 3361 facta
621 3313 708 3360 est
743 3306 967 3370 mentio,
997 3302 1362 3362 ferventiores
1399 3306 1456 3360 in
1502 3307 1609 3361 tlde
1649 3314 1830 3362 erant.
1865 3325 1885 3359 ι
1925 3305 2030 3361 Do-

448 3399 630 3454 minus
663 3395 826 3454 Jesus
871 3397 1124 3454 Christus
1169 3413 1291 3454 cum
1339 3399 1538 3468 spiritu
1587 3406 1706 3453 tuo.
1753 3417 1772 3450 ›
1823 3397 2031 3468 Duplex

447 3492 738 3557 auxilium,
769 3506 964 3562 nempe
1013 3499 1066 3546 et
1093 3490 1311 3558 .Cbristi
1353 3503 1408 3548 et
1440 3491 1678 3562 Spiritus
1712 3493 1888 3548 sancti
1925 3514 1936 3548 :
1969 3506 2034 3546 ac

448 3579 497 3635 si
552 3579 767 3634 diceret
819 3597 832 3634 :
877 3578 1015 3634 Cutn
1075 3583 1501 3649 superventione
1558 3580 1797 3651 Spiritus
1855 3583 2036 3636 sancti

448 3689 613 3744 quem
643 3688 790 3728 nunc
821 3673 1011 3729 habes.
1070 3674 1154 3730 Sit
1184 3672 1450 3730 Dominus
1485 3672 1646 3730 Jesus
1671 3674 1924 3741 Christus
1950 3684 2034 3730 te-

449 3783 575 3820 cum
619 3786 635 3820 :
675 3767 778 3821 hoc
822 3776 1005 3822 autem
1053 3766 1151 3821 tibi
1197 3775 1486 3838 praesente,
1535 3782 1648 3821 non
1701 3768 1912 3839 lugebis
1959 3767 2032 3822 ob

450 3874 626 3913 meam
670 3860 1089 3915 resolutionem.
1130 3859 1263 3928 Aut,
1294 3860 1424 3930 quia
1464 3875 1574 3915 non
1605 3867 1787 3930 potest
1823 3859 2032 3916 Christi

451 3952 558 4006 frui
596 3953 886 4024 praesentia
925 3955 972 4010 is
1011 3953 1105 4026 qui
1146 3953 1217 4009 ob
1261 3955 1492 4025 gratiam
1537 3954 1881 4025 spiritualem
1922 3967 2030 4008 non

449 4043 697 4115 suspirat
725 4061 739 4098 :
773 4055 828 4100 ut
869 4045 942 4101 sit
974 4045 1133 4117 juxta
1165 4045 1308 4101 hanc
1339 4046 1873 4118 interpretationem,
1904 4048 2030 4118 Spi-

448 4136 557 4191 ritu
593 4147 707 4206 tuo,
737 4139 840 4194 hoc
872 4146 978 4204 est,
1007 4139 1284 4210 spirituali
1317 4141 1511 4212 gratia.
1562 4159 1581 4194 ι
1618 4141 1807 4198 Gratia
1844 4141 2033 4197 nobis—

451 4243 596 4286 cum.
645 4250 664 4284 s
709 4231 814 4288 Pro
883 4233 1066 4304 seipso
1103 4249 1320 4305 quoque
1363 4251 1470 4290 una
1510 4244 1791 4305 precatur,
1833 4244 1929 4289 aut
1969 4242 2030 4289 ut

450 4340 667 4395 semper
710 4329 849 4396 grati
882 4327 1013 4392 sint,
1046 4339 1141 4383 aut
1185 4337 1245 4382 ut
1289 4342 1506 4399 semper
1539 4329 1745 4383 donum
1779 4328 2019 4384 habeant

449 4419 760 4489 spirituale.

2136 3313 2229 3365 καὶ
2264 3313 2297 3381 ἡ
2328 3309 2422 3363 τοῦ
2450 3310 2768 3383 Πνιύματος
2795 3310 2891 3366 τοῦ
2940 3312 3120 3381 ἁγίου,
3152 3311 3227 3375 ώς
3271 3310 3320 3364 εί
3352 3309 3526 3380 ἔλεγε,
3556 3306 3718 3363 Μετὰ

2137 3406 2236 3476 τῆς
2306 3406 2706 3476 ἐπιφοιτήσεως
2755 3405 2850 3458 τοῦ
2915 3406 3076 3474 ἁγίου
3126 3404 3444 3469 Πνεύματος
3496 3396 3557 3455 οὗ
3616 3401 3719 3455 νῦν

2139 3495 2303 3566 ἔχεις.
2335 3497 2514 3550 Ἔστω
2553 3497 2648 3550 καὶ
2697 3497 2727 3548 ὁ
2777 3496 2983 3566 Κύριος
3038 3497 3244 3568 Ἰησοῦς
3281 3495 3515 3566 Χριστὸς
3573 3494 3719 3562 μετὰ

2139 3588 2254 3642 σοῦ.
2295 3587 2499 3642 Τούτου
2529 3589 2586 3642 δέ
2612 3606 2694 3642 σοι
2717 3589 3078 3660 ὑπάρξαντος,
3106 3589 3207 3642 οὐκ
3234 3589 3491 3656 ἀλγήσεις
3521 3587 3613 3638 ἐπὶ
3643 3587 3716 3657 τῇ

2135 3683 2242 3754 ἐμῇ
2265 3681 2546 3736 ἀναλύσει.
2577 3681 2646 3735 Ἥ
2679 3683 2760 3735 ὅτι
2783 3684 2885 3735 οὐκ
2915 3682 2994 3734 ἔνι
3018 3683 3117 3752 τῆς
3141 3681 3446 3752 παρουσίας
3477 3681 3686 3748 εὐπορῆ
3705 3708 3718 3718 ο

2139 3790 2229 3828 σαι
2261 3774 2354 3828 τοῦ
2369 3773 2604 3846 Χριστοῦ
2617 3775 2708 3829 τὸν
2735 3775 2809 3846 μὴ
2832 3776 3015 3844 χάριτι
3043 3776 3386 3843 πνευματικῇ
3408 3787 3715 3840 κατεστεμ-

2138 3864 2322 3935 μένον,
2361 3865 2448 3918 ἵνα
2594 3864 2669 3927 ὡς
2703 3864 2840 3927 πρὸς
2867 3865 3074 3935 ταύτην
3115 3864 3212 3935 τὴν
3239 3864 3560 3934 ἑρμηνείαν,
3602 3861 3716 3914 Τοῦ

2135 3955 2445 4027 πνεύματός
2469 3973 2587 4024 σου,
2619 3956 2892 4021 τουτέστι,
2923 3959 3022 4028 τῆς
3065 3957 3438 4026 πνευματικῆς
3469 3957 3714 4025 χάριτος.

2139 4067 2159 4102 ι
2197 4049 2263 4103 Ἦ
2312 4050 2472 4121 χάρις
2509 4049 2628 4121 μεθ’
2660 4049 2840 4120 ἡμῶν.
2881 4069 2899 4103 ι
2946 4051 3056 4104 Kal
3095 4049 3274 4120 ἐαυτῷ
3326 4049 3638 4118 ἐπεύχεται,
3679 4045 3713 4112 ἢ

2133 4139 2276 4196 ὥστε
2329 4142 2419 4196 ἀεὶ
2471 4142 2833 4213 εὐχαρίστους
2884 4138 3112 4214 εἷναι,ἢ
3143 4141 3285 4196 ὥστε
3321 4141 3410 4196 ἀεὶ
3462 4141 3712 4212 χάρισμα

2133 4233 2282 4307 ἐχειν
2319 4234 2712 4306 πνευματικόν.

453 4528 629 4597 Finis,
663 4528 842 4587 divino
872 4534 1076 4603 favente
1113 4535 1340 4598 auxilia,
1371 4536 1680 4604 posterioris
1723 4536 1792 4589 ad
1843 4534 2026 4589 Timo-

2137 4536 2337 4604 Τέλος,
2375 4535 2497 4591 σὺν
2550 4536 2694 4604 Θεῷ,
2748 4536 2860 4605 τῆς
2901 4537 3052 4606 πρὸς
3097 4538 3377 4606 Τιμόθεον
3425 4533 3715 4602 δευτέρας

993 4606 1168 4661 theam
1200 4606 1481 4676 Epistula.

452 4739 668 4814 Scripta
702 4748 787 4814 est
822 4741 890 4814 ab
925 4741 1060 4814 urbe
1089 4741 1283 4814 Roma,
1312 4758 1435 4798 cum
1458 4741 1710 4814 secundo
1741 4740 2026 4797 sisteretur

755 4812 959 4871 Paulus
981 4813 1182 4870 Neroni
1211 4812 1415 4871 (ἔκδειτὶ
1456 4813 1721 4869 Romano.

2735 4607 3120 4676 Ἐπιστολῆς.

2149 4742 2399 4816 Ἐγράφη
2442 4743 2551 4816 ᾲπὸ
2609 4741 2829 4816 οξ’ώμης
2888 4744 2995 4816 ὅτε
3030 4746 3094 4816 ἐκ
3140 4743 3397 4816 δευτέρου
3457 4741 3710 4812 παρέστη

2350 4813 2562 4878 Παῦλος
2592 4813 2670 4885 τῷ
2702 4815 2943 4886 Καίσαρι
2987 4815 3204 4886 Ῥώμης
3228 4813 3469 4885 Νέρωνι.
