3988 6624
298 461 386 524 ΞΗ
1303 449 1686 512 COMMENT.
1723 447 1805 506 IN
1838 447 2071 508 EPIST.
2107 447 2207 506 AD
2255 445 2529 506 TITUM.

355 610 460 618 ο--οο
475 609 546 616 σν
561 604 1594 617 ..κῇ-..Μ

384 627 399 632 ς
412 620 2040 634 *μονα-Μονψῄ

3421 442 3528 506 2ίὲ

2046 616 3166 629 ww
3173 614 3388 624 ﬁ".
3425 613 3520 625 -ιο

3173 597 3521 610 Ἥ

1537 789 2300 907 ΥΠΟΘΕΣΙΣ

1057 1043 1275 1130 ΤΗΣ
1347 1043 1636 1130 ΠΡΟΣ
1696 1047 2036 1132 ΤΙΤΟΝ
2105 1046 2770 1136 ΕΠΙΣΤΟΛΗΣ.

1407 1435 2426 1550 ARGUMENTUM

1233 1695 1854 1789 EPISTOL/E
1960 1697 2117 1784 AD.
2180 1697 2611 1788 TITUM.

358 2081 576 2150 Ταύτην
629 2080 934 2135 ἐπιστέλλει
987 2082 1096 2136 ἀπὸ
1145 2082 1516 2145 Νικοπόλεως.
1573 2081 1718 2135 Ἐκεῖ
1752 2080 1891 2149 γὰρ,

2035 2081 2200 2154 284
2237 2080 2389 2136 Hanc
2426 2080 2495 2136 ab
2515 2082 2649 2135 urbe
2677 2078 2925 2149 Nicopoli
2951 2080 3144 2135 scribit
3176 2097 3188 2134 :
3222 2096 3343 2135 nam
3376 2082 3554 2138 ibihi—

296 2172 720 2242 παρεχείμαζεν.
765 2175 830 2228 Ἥ
861 2175 916 2227 δὲ
938 2175 1206 2247 πρόφασις
1231 2175 1331 2244 τῆς
1364 2173 1682 2242 Ἐπιστολῆς
1706 2172 1868 2238 αὕτη·

296 2267 381 2328 Εἰς
422 2267 526 2334 μὲν
559 2268 657 2336 τὴν
686 2268 914 2338 Κρήτην
948 2267 1185 2320 ἀπέλιπε
1215 2267 1305 2319 τὸν
1339 2267 1516 2329 Τῖτον,
1563 2267 1649 2318 ἵνα
1704 2282 1872 2318 κατα.-

297 2358 460 2426 στήσῃ
489 2357 640 2410 κατὰ
671 2357 855 2419 πόλεις
884 2355 1196 2427 κληρικούς.
1234 2355 1451 2409 Πολλῶν
1481 2355 1535 2409 δὲ
1560 2356 1728 2407 ὅντων
1755 2356 1874 2407 ἐκεῖ

296 2452 394 2503 τῶν
420 2451 859 2521 ἐπιχειρούντων
891 2452 1159 2522 προφάσει
1191 2449 1285 2503 τοῦ
1315 2449 1478 2520 νόμου
1504 2450 1717 2520 ἀπατᾷν
1747 2450 1872 2512 τοὺς

297 2541 470 2605 λαοὺς,
521 2541 711 2612 μαθὼν
763 2545 791 2596 ὁ
825 2543 1032 2607 Παῦλος
1082 2543 1304 2613 γράφει.
1359 2543 1470 2596 Καὶ
1521 2542 1736 2612 πρῶτον
1777 2542 1893 2611 μὲν-

299 2633 640 2704 εὑχαριστῶν
666 2632 744 2704 τῷ
769 2634 892 2703 Θεῷ
917 2633 1008 2686 διὰ
1028 2633 1125 2705 τὴν
1153 2633 1318 2687 αὑτοῦ
1339 2633 1643 2696 εὐλάϐειαν,
1675 2633 1876 2704 σημαία

301 2742 372 2778 νει
404 2726 510 2796 τὴν
548 2726 605 2778 ὲν
635 2725 856 2796 Χριστῷ
903 2725 1088 2779 πίστιν
1135 2726 1210 2795 μὴ
1256 2721 1728 2795 νεωτέρανεῖναι,
1761 2725 1875 2779 ἀλλ’

300 2815 353 2879 ἐξ
408 2817 616 2878 αἰῶνος
664 2815 994 2885 ἡτοιμάσθαι
1044 2816 1138 2870 καὶ
1193 2815 1530 2887 ἐπηγγέλθαι
1585 2815 1736 2887 παρὰ
1782 2815 1877 2870 τοῦ

298 2905 426 2959 θεοῦ
463 2905 695 2974 ταύτην.
749 2907 981 2960 Ἔπειτα
1029 2908 1158 2978 περὶ
1201 2908 1300 2978 τῆς
1344 2909 1734 2972 καταστάσεως
1770 2908 1880 2962 τῶν

301 2995 601 3067 κληρικῶν,
629 2998 724 3049 καὶ
759 2995 949 3049 τοῦτον
980 2996 1228 3052 διδάσκει
1260 2998 1377 3062 πῶς
1408 2998 1505 3050 καὶ
1529 2997 1748 3062 ὁποίους
1781 2999 1880 3052 αὐ-

303 3089 420 3152 τοὺς
483 3086 626 3143 εἶναι
672 3091 913 3152 δεῖ.,Καὶ
966 3095 1228 3165 ἐπιτιμᾷν
1277 3093 1334 3147 δὲ
1385 3091 1690 3147 ἐντέλλεται
1734 3089 1882 3162 αὐτῷ

305 3185 411 3246 τοῖς
469 3185 815 3254 ἀντιλέγουσι
860 3190 926 3260 τῇ
958 3187 1278 3261 ὑγιαινούσῃ
1309 3189 1516 3253 πίστει,
1552 3186 1789 3258 μάλιστα
1826 3187 1883 3240 δὲ

303 3277 410 3338 τοῖς
450 3276 519 3329 ὲκ
551 3280 875 3348 περιτομῆς.
909 3280 1111 3334 εἰδέναι
1139 3297 1199 3334 τε
1243 3281 1372 3344 τοὺς
1403 3281 1626 3348 Κρῆτας
1657 3279 1737 3332 ὅτι
1781 3279 1883 3349 ἀρ-

1973 2176 2256 2230 bernabat.
2284 2173 2406 2229 Haec
2424 2183 2604 2228 autem
2625 2171 2727 2227 fuit
2747 2171 3002 2244 Epistulae
3029 2173 3284 2228 occasio:
3316 2173 3373 2228 In
3393 2174 3553 2230 Creta

1973 2265 2153 2321 Titum
2189 2266 2486 2335 reliquerat
2518 2272 2575 2318 ut
2619 2264 2673 2318 in
2718 2263 2949 2334 singulis
2975 2265 3289 2320 civitatibus
3325 2266 3555 2320 clericos

1973 2357 2352 2412 constitueret.
2391 2357 2524 2410 Cum
2559 2365 2737 2410 autem
2797 2356 2954 2410 multi
2996 2356 3196 2412 ibidem
3232 2366 3417 2413 essent
3461 2361 3552 2426 qui

1973 2449 2110 2520 legis
2140 2457 2402 2520 prmtextu
2447 2455 2778 2504 conarentur
2811 2449 3070 2520 populum
3121 2450 3408 2518 seducere,
3452 2450 3555 2504 hoc

1977 2540 2198 2611 cognito
2224 2541 2416 2596 scribit
2453 2540 2677 2596 Paulus.
2711 2539 2775 2597 Et
2821 2541 3059 2612 primum
3087 2540 3306 2613 quidem
3349 2542 3557 2612 gratias

1979 2650 2146 2704 agens
2178 2633 2286 2689 Deo
2317 2643 2539 2705 propter
2574 2633 2746 2704 ipsius
2780 2635 3058 2705 pietatem,
3091 2634 3361 2706 signiﬁcat
3399 2635 3557 2690 [idem

1978 2741 2100 2796 quae
2127 2727 2180 2780 in
2214 2725 2489 2781 Christum
2522 2734 2606 2782 est
2652 2742 2760 2782 non
2794 2742 2917 2782 esse
2942 2737 3240 2789 recentem.
3273 2729 3367 2784 sed
3421 2729 3564 2782 hanc

1981 2834 2010 2873 a
2029 2819 2228 2874 saeculo
2244 2828 2486 2890 paratam
2508 2819 2677 2876 fuisse
2692 2828 2745 2875 et
2762 2822 3139 2875 annuntiatam
3156 2837 3182 2874 a
3205 2820 3333 2876 Deo.
3355 2820 3561 2876 Deinde

1981 2914 2094 2985 agit
2140 2913 2208 2968 de
2257 2914 2657 2968 constitutione
2709 2913 3062 2978 clericorum,
3106 2924 3160 2969 et
3204 2914 3353 2969 hunc
3400 2915 3563 2969 docet

1981 3006 2256 3078 quomodo
2289 3013 2384 3061 aut
2415 3006 2608 3078 quales
2642 3021 2766 3062 esse
2797 3007 2944 3075 ipsos
2971 3015 3241 3076 oporteat,
3276 3021 3338 3060 ac
3371 3006 3566 3077 praeci-

1982 3100 2064 3172 pit
2089 3099 2139 3155 ei
2180 3109 2241 3154 ut
2281 3099 2532 3170 objurget
2565 3099 2920 3154 adversantes
2971 3113 3119 3153 sanae
3150 3097 3296 3161 ﬁdei,
3329 3097 3567 3152 maxime

1985 3198 2164 3246 autem
2200 3190 2324 3247 illos
2366 3190 2459 3262 qui
2508 3197 2637 3244 sunt
2682 3204 2751 3244 ex
2794 3188 3221 3245 circumcisione
3264 3207 3277 3244 ι
3312 3187 3568 3260 quodque

1984 3283 2275 3340 Cretenses
2293 3281 2501 3338 otiosos
2517 3297 2641 3338 esse
2664 3281 2880 3337 noverit
2898 3291 2952 3336 et
2979 3297 3139 3353 egere
3167 3281 3566 3352 increpatione,

303 3367 384 3434 γοί
419 3369 558 3432 εἰσι,
588 3370 685 3424 καὶ
709 3370 1002 3441 χρῄζουσιν
1035 3373 1338 3443 ἐπιτιμίας,
1374 3371 1592 3437 διδάξας
1613 3388 1673 3424 τε
1704 3371 1882 3424 πάντα

1994 3378 2148 3434 simul
2161 3377 2325 3433 etiam
2341 3375 2546 3454 docens
2562 3391 2754 3434 omnes
2771 3377 2926 3433 cibos
2941 3393 3066 3434 esse
3078 3377 3312 3434 mundos
3332 3397 3344 3432 :
3363 3386 3420 3433 et
3432 3392 3570 3446 qua-

305 3457 367 3513 τὰ
395 3459 671 3530 βρώματα
701 3462 916 3533 καθαρὰ
946 3459 1083 3518 εἶναι
1113 3467 1228 3528 τοῖς
1259 3465 1543 3535 καθαροῖς,
1577 3465 1670 3518 καὶ
1695 3463 1882 3528 ὁποίας

1994 3472 2066 3529 les
2104 3487 2225 3528 esse
2253 3443 2502 3544 oporteat
2539 3486 2679 3527 anus
2709 3487 2829 3543 qua:
2869 3471 3070 3527 debent
3103 3443 3571 3527 adolescentiores

307 3545 447 3606 εἶναι
471 3552 557 3606 δεῖ
588 3553 686 3618 τὰς
732 3555 1095 3626 πρεσϐύτιδας
1131 3557 1230 3620 τὰς
1255 3557 1578 3627 ὀφειλούσας
1616 3557 1883 3626 σωφρονί-

313 3641 427 3707 ζειν
458 3645 559 3709 τὰς
588 3647 733 3710 νέας.
774 3650 1039 3721 Παραινεῖ
1081 3650 1159 3711 δὲ.
1207 3650 1324 3713 πῶς
1363 3650 1446 3704 δεῖ
1496 3649 1621 3714 τοὺς
1667 3648 1886 3713 δούλους

310 3736 424 3799 τοῖς
461 3736 615 3800 ίδίοις
641 3739 926 3802 δεσπόταις
961 3741 1384 3794 ὑποτάσσεσθαι.
1417 3740 1529 3794 Καὶ
1569 3741 1722 3804 τέλος
1756 3743 1890 3794 ὑπο-

312 3829 528 3897 μνήσας
562 3831 643 3883 ὅτι
691 3834 723 3900 ἡ
777 3831 870 3885 τοῦ
921 3833 1240 3903 Πνεύματος
1291 3835 1451 3904 χάρις
1491 3834 1591 3886 οὐκ
1623 3834 1682 3896 ἐξ
1713 3833 1888 3905 ἔργων

310 3921 459 3988 ἡμᾶς
498 3915 840 3990 ἐδικαίωσεν,
888 3925 1022 3980 ἀλλὰ
1069 3929 1132 3997 τῇ
1183 3925 1288 3998 ἰδίᾳ
1334 3925 1753 3997 φιλανθρωπίαο
1797 3913 1891 3980 καὶ

314 4013 694 4080 παραγγείλας
749 4015 847 4078 τὰς
889 4017 1121 4086 νομικὰς
1173 4017 1353 4088 μάχας
1403 4016 1765 4086 ἐκτρέπεσθαι
1817 4017 1892 4080 ὼς

317 4101 804 4172 ἀναισχυντούσας,
834 4106 984 4176 δηλοῖ
1016 4109 1163 4175 αύτῷ
1207 4110 1344 4178 μετὰ
1388 4108 1448 4161 τὸ
1494 4109 1709 4180 πέμψαι
1759 4108 1893 4180 πρὸς

319 4194 477 4248 αύτδν
522 4198 816 4268 Ἀρτεμᾶν,
852 4201 936 4253 ἵνα
979 4200 1109 4273 ἔλθῃ
1142 4201 1276 4270 πρὸς
1317 4202 1478 4254 αὐτόν
1511 4219 1523 4232 ·
1585 4199 1895 4254 ἐνετείλατό

318 4305 377 4341 τε
406 4289 558 4360 αύτῷ
595 4290 738 4344 ὥστε
781 4292 1056 4346 διδάσκειν
1097 4293 1191 4346 καὶ
1234 4294 1362 4356 τοὺς
1400 4292 1565 4346 αὐτοῦ
1605 4291 1786 4346 καλῶν
1807 4289 1897 4361 ἕρ-

321 4397 430 4448 γων
482 4383 865 4453 προίστασθαι,
916 4386 1010 4440 καὶ
1061 4384 1232 4450 οὕτως
1257 4387 1454 4440 τελειοῖ
1495 4386 1593 4458 τὴν
1647 4385 1896 4439 Ἐπιστο-

323 4471 436 4543 λήν,

880 4592 1351 4648 ΘΕΟΔΩΡΗΤΟΥ.

407 4727 464 4780 '0
500 4728 659 4792 Τῖτος
695 4728 998 4799 θαυμάσιός
1027 4747 1111 4794 τις
1149 4726 1220 4802 ἦν
1256 4731 1502 4803 μαθητὴς
1532 4732 1627 4787 τοῦ
1656 4732 1893 4788 Παύλου.

342 4818 669 4885 Ἐπίσκοπος
691 4822 749 4874 δὲ
769 4823 866 4892 τῆς
891 4824 1114 4895 Κρήτης
1142 4823 1406 4894 μεγίστης
1435 4823 1602 4896 οὔσης
1665 4843 1904 4898 κεχειρο-

332 4913 518 4982 τόνητο
558 4913 665 4966 ὑπὸ
696 4912 791 4967 τοῦ
843 4914 1074 4970 Παύλου.
1119 4916 1532 4996 Ἐπετέτραπτο
1561 4916 1618 4970 δὲ
1657 4917 1782 4980 τοὺς
1810 4918 1906 4971 ὑπ’

337 5003 493 5057 αὑτὸν
536 5006 874 5070 ἐπισκόπους
899 5008 1301 5079 χειροτονῆσαι.
1333 5007 1564 5078 Γράφων
1594 5009 1649 5062 δὲ
1679 5008 1851 5064 ταῦτα
1879 5011 1906 5064 ὁ

341 5093 565 5161 Παῦλος,
599 5096 799 5166 μᾶλλον
847 5100 904 5150 ἐν
946 5098 1102 5168 ἀδείᾳ
1133 5094 1222 5169 ἦν.
1258 5098 1512 5167 Ούδαμοῦ
1568 5101 1676 5169 γὰρ
1712 5117 1906 5171 πειρα-

343 5183 485 5252 σμῶν
510 5186 806 5255 μέμνηται.
847 5185 1214 5241 Ἀποτείνεται
1244 5187 1301 5241 δὲ
1331 5187 1586 5257 καὶπρὸς
1626 5186 1906 5250 Ἰουδαίους

344 5277 372 5344 ἠ
398 5277 674 5350 ἐπιστολή.
710 5277 908 5349 Πρώτη
940 5279 996 5333 δὲ
1025 5278 1163 5350 αὕτη
1185 5278 1287 5348 τῆς
1318 5279 1454 5350 πρὸς
1480 5277 1746 5344 Τιμόθεον
1775 5278 1910 5348 μᾶλ-

345 5365 424 5421 λὸν
453 5370 627 5426 ἐστιν.

350 5519 717 5575 ΚΕΦΑΛΑΙΑ
777 5524 918 5575 ΤΗΣ
955 5525 1149 5576 ΗΡΟΣ
1202 5521 1420 5576 ΤΙΤΟΝ
1466 5522 1912 5577 ΕΠΙΣΤΟΛΗΣ.

350 5639 419 5687 α’.
475 5635 610 5702 Περὶ
646 5633 1031 5689 διδασκάλων
1074 5635 1422 5706 ἐπιτηδείων
1450 5638 1538 5704 είς
1586 5633 1916 5697 διακονίαν,

415 5727 510 5780 καὶ
550 5729 808 5796 ἔλεγχον
835 5727 1112 5784 ἀπειθῶν.

355 5816 418 5888 β’.
452 5820 608 5873 Κατὰ
676 5817 795 5872 τῶν
833 5820 1120 5888 σαρκικὰς
1184 5819 1506 5888 καθάρσεις
1549 5819 1923 5889 πρεσϐευόν-

423 5927 555 5976 των,
587 5911 688 5966 καὶ
727 5909 880 5979 ὑπὲρ
908 5909 1305 5981 πνευματικῆς
1325 5909 1562 5980 ἀρετῆς.

1989 3565 2213 3621 reddere
2241 3565 2537 3623 modestas.
2571 3565 2837 3621 Admonet
2867 3572 3050 3620 autem
3077 3565 3352 3634 quomodo
3376 3578 3568 3620 servos

1989 3663 2237 3728 oporteat
2271 3657 2386 3712 suis
2426 3655 2666 3712 dominis
2699 3670 2820 3712 esse
2869 3653 3143 3711 subditos.
3210 3652 3567 3724 Tandemque

1991 3750 2233 3820 suggerit
2261 3748 2408 3819 quod
2443 3749 2617 3819 gratia
2651 3745 2892 3818 Spiritus
2924 3762 3036 3802 non
3071 3762 3138 3801 ex
3173 3746 3438 3817 Operibus
3471 3759 3572 3801 nos

1987 3841 2390 3913 justiticaverit,
2417 3841 2512 3897 sed
2532 3856 2628 3896 sua
2663 3841 3021 3911 benignitate.
3048 3839 3422 3910 Etpustquam
3447 3853 3575 3910 prteo

1993 3935 2138 4004 cepit
2169 3933 2333 4004 285
2365 3933 2413 3988 ei
2448 3940 2505 3987 ut
2539 3945 2822 3988 aversetur
2850 3948 3062 4003 pugnas
3101 3948 3220 4002 qum
3271 3939 3400 3988 sunt
3429 3934 3576 3986 circa

1995 4025 2190 4097 legem,
2210 4035 2270 4079 ut
2292 4040 2412 4094 quae
2435 4024 2694 4094 pudorem
2719 4023 2952 4078 aﬂ‘erunt
2975 4035 3029 4079 et
3051 4023 3458 4087 confusionem,
3475 4024 3573 4080 de-

1995 4119 2213 4175 nuntiat
2243 4120 2348 4188 ipsi
2390 4128 2447 4172 ut
2476 4117 2543 4173 ad
2573 4134 2633 4173 se
2661 4117 2989 4184 veniat,,ubi
3026 4119 3286 4172 Arteman
3331 4118 3399 4172 ad
3450 4133 3577 4173 eum

1997 4211 2246 4267 miserit:
2269 4209 2504 4280 datoque
2533 4209 2636 4280 ipsi
2655 4215 2927 4279 praecepto
2959 4219 3018 4262 ut
3041 4208 3171 4264 sues
3197 4207 3388 4264 doceat
3418 4207 3580 4264 bouis

2000 4319 2239 4376 praeesse
2266 4303 2548 4376 operibus,
2578 4303 2651 4358 ita
2691 4305 2973 4360 concludit
3013 4301 3335 4374 Epistulam.

2566 4588 3031 4646 THEODORETI.

2076 4721 2236 4780 Titus
2266 4721 2520 4794 egregius
2554 4731 2674 4778 erat.
2701 4721 2854 4776 Pauli
2888 4720 3216 4792 discipulus.
3249 4721 3422 4777 Creta-
3457 4737 3586 4776 vero

2007 4829 2132 4886 qum
2178 4814 2417 4869 maxima
2449 4820 2588 4879 erat,
2635 4812 2922 4869 ordinatus
2969 4827 2997 4866 a
3055 4812 3226 4869 Paulo
3269 4815 3582 4887 episcopus.

2009 4907 2348 4964 Permissum
2389 4917 2567 4962 autem
2597 4905 2697 4976 ipsi
2730 4915 2847 4962 erat
2874 4914 2930 4962 et
2965 4909 3320 4964 commissum
3359 4917 3417 4965 ut
3450 4911 3585 4968 inl'e-

1993 5005 2188 5059 .riores
2231 5001 2515 5056 ordinaret
2553 5000 2867 5070 episcopos.
2899 4999 3037 5054 Cum
3085 5010 3266 5055 autem
3299 5003 3417 5058 haec
3449 5004 3589 5059 scri-

2013 5097 2168 5153 beret
2219 5095 2446 5158 Paulus,
2511 5093 2566 5148 in
2621 5093 2872 5148 libertate
2911 5100 3079 5147 erat:
3124 5108 3397 5165 nusquam
3439 5095 3585 5150 enim

2015 5187 2369 5244 alilictionum
2433 5182 2705 5239 meminit.
2775 5183 3104 5239 Extenditur
3165 5193 3349 5241 autem
3404 5196 3458 5243 et
3521 5189 3587 5244 ad

2013 5277 2234 5334 Judteos
2282 5275 2551 5346 Epistola.
2589 5274 2716 5328 Haec
2762 5281 2943 5328 autem
2972 5274 3124 5344 prior
3177 5273 3350 5331 fuisse
3381 5275 3591 5332 videtur

1921 5426 1930 5431 .
2017 5386 2179 5443 quam
2194 5369 2428 5440 epismla
2457 5367 2524 5421 ad
2556 5365 2927 5424 Timotheum.

2163 5505 2328 5576 286
2350 5498 2740 5559 EPISTOLzE
2774 5502 2871 5556 AD
2900 5499 3140 5556 TITUM
3170 5500 3462 5557 CAPITA.

2029 5621 2080 5674 i.
2121 5619 2196 5674 De
2229 5615 2534 5673 doctoribus
2583 5614 2786 5668 idoneis
2821 5613 2889 5667 ad
2916 5613 3288 5682 ministerium,
3320 5622 3371 5670 et
3405 5613 3595 5670 ηαστε

2097 5715 2362 5786 gutiouem
2393 5727 2495 5765 non
2519 5707 3008 5777 obtemperantium.

2025 5809 2079 5863 2.
2119 5805 2382 5860 Adversus
2415 5819 2501 5857 eos
2530 5801 2619 5872 qui
2661 5797 2902 5854 carnales
2932 5797 3324 5856 annuntiabant
3343 5799 3603 5873 miriﬁca-
3643 5796 3648 5800 ’

2105 5902 2292 5966 tiones,
2345 5907 2393 5953 el
2430 5894 2493 5948 de
2524 5891 2794 5963 spirituali
2829 5892 3034 5947 virtute.
