3988 6600
341 344 444 410 245
1330 352 1714 414 COMMENT.
1749 352 1828 414 IN
1862 352 2094 415 EPIST.
2137 354 2234 413 AD
2271 351 2540 415 TlTUM.
3471 350 3577 413 2'6

333 455 666 526 ὴγαπῆσθαι.
702 474 719 507 ι
765 456 1219 527 Ἐφανὲρωσε·δέ.
1261 480 1290 511 »-
1327 462 1391 514 Τί
1446 462 1794 534 ἐφανέρωσεν
1843 464 1899 515 ἐν

2027 470 2185 515 uitem
2217 463 2454 532 dignitas
2507 471 2586 516 est
2639 460 2782 530 quod
2827 476 2925 514 nos
2983 461 3050 515 ab
3104 452 3260 514 initio
3305 461 3578 520 dilexerit,

331 551 536 616 καιροῖς
585 549 731 611 team;
790 551 884 602 καὶ
936 552 1334 621 imosque-mw;
1391 557 1458 625 ἢν
1533 556 1639 625 πρὸ
1693 555 1898 624 χρόνων

2065 556 2437 610 Manifestavit
2481 563 2684 609 autem.
2728 571 2745 602 ι
2777 553 2916 619 Quid
2951 553 3323 608 manifestavit
3371 563 3583 622 tempo-

331 642 558 692 αἰωνίων
609 641 980 710 ἐπηγγείλατο
1031 643 1198 716 ζωήν.
1243 647 1303 698 ’0
1354 651 1462 719 γὰρ
1510 647 1667 715 λόγος
1706 649 1893 709 αὐτοῦ,

2030 647 2150 701 ibus
2180 648 2297 700 suis
2316 656 2369 701 et
2395 645 2692 716 congruis?
2726 662 2887 715 quam
2919 647 2986 700 ab
3020 654 3226 700 aeterno
3258 645 3586 716 promiserat

329 732 620 795 τουτέστιν,
644 733 672 784 ὁ
703 732 959 800 Χριστὸς,
987 731 1102 786 ἐστι
1143 751 1201 787 τε
1243 735 1355 804 ζωὴ
1390 737 1482 789 καὶ
1541 735 1686 808 ζωῆς
1711 737 1892 808 δοτήρ.

2037 737 2188 791 itam.
2236 736 2371 790 Nam
2421 753 2603 792 sermo
2657 739 2854 805 ipsius,
2909 735 3010 789 hoc
3051 746 3157 801 εει,
3194 735 3470 792 Christus.
3504 745 3586 789 est

330 825 423 874 Διέι
451 821 612 875 τοῦτο
644 822 814 876 εἰπὼν
856 825 937 876 ὅτι
989 825 1350 894 ἐπηγγείλατο
1379 825 1545 897 ζωὴν,
1573 829 1674 881 οὐκ
1702 827 1780 881 ἐτι
1804 828 1900 880 ἐπ-

2027 833 2108 882 ’ἱια
2162 837 2217 885 et
2246 831 2368 884 vitae
2417 829 2598 884 dator.
2670 828 2968 899 Pr0pterea
2996 843 3119 882 cum
3168 828 3401 882 dixisset
3439 826 3583 896 quod

331 916 551 981 ήγαγεν,
600 915 912 982 ἐφανέρωσε
947 917 1001 968 δέ
1025 920 1236 987 καιροῖς
1270 919 1418 983 ἰδίοις
1440 920 1505 990 ἢν
1536 919 1901 990 ἐπηγγείλατο

2027 924 2327 978 ιτοιηῖεοιοιιι
2356 924 2546 988 vitam,
2581 940 2692 978 non
2731 924 2842 993 jam
2876 923 3180 992 subjunxit,
3216 920 3586 976 Manifestavit

331 1005 488 1075 ζωὴν,
521 1007 659 1059 ἀλλὰ
680 1008 768 1060 risv
803 1008 959 1074 λόγον
990 1010 1152 1063 αὑτοῦ
1191 1010 1277 1063 διὰ
1305 1013 1396 1064 τοῦ
1427 1015 1800 1083 κηρύγματος,
1826 1015 1900 1077 ὼς

2027 1021 2180 1067 utcm
2218 1016 2556 1084 temporibus
2607 1015 2724 1070 suis
2781 1029 2944 1083 quam
2987 1014 3324 1084 promiserat
3363 1013 3532 1065 vitam
3569 1029 3581 1064 :

803 1099 859 1164 ὖ,
896 1101 1140 1154 τουτέστι
1167 1104 1260 1154 τοῦ
1300 1104 1534 1175 Χριστοῦ
1559 1144 1573 1165 ,
1624 1106 1724 1175 τῆς
1757 1105 1901 1175 ζωῆς
2001 1104 2118 1167 sed,
2155 1119 2462 1159 sermonem
2498 1121 2656 1160 suum
2701 1119 2796 1175 per
2821 1103 3290 1174 prmdicati‘onem,
3325 1111 3585 1170 tanquam

328 1097 416 1146 τοῦ
454 1097 616 1164 λόγου
665 1099 859 1164 αὐτοῦ,
896 1101 1140 1154 τουτέστι
1167 1104 1260 1154 τοῦ
1300 1104 1534 1175 Χριστοῦ
1559 1144 1573 1165 ,
1624 1106 1724 1175 τῆς
1757 1105 1901 1175 ζωῆς

329 1189 540 1258 ἐκείνης
576 1192 752 1244 αίτίου
804 1209 865 1244 τε
915 1193 1067 1256 ὄντος
1117 1196 1210 1247 καὶ
1244 1196 1490 1266 δοτῆρος.
1524 1197 1596 1251 Τὸ
1621 1199 1676 1251 δὲ
1707 1200 1763 1251 ἐν
1802 1216 1897 1269 κη-

2027 1209 2118 1264 pse
2155 1209 2358 1252 sermo.
2396 1195 2447 1249 id
2487 1203 2590 1260 est,
2618 1194 2894 1257 Christus,
2939 1196 3008 1249 sit
3039 1195 3188 1251 illius
3219 1197 3343 1250 vita:
3395 1204 3589 1248 auctor

331 1279 593 1350 ρύγματι,
637 1287 886 1338 τουτέστι
955 1287 1204 1356 φανερῶς
1253 1289 1346 1340 καὶ
1399 1290 1536 1358 μετὰ
1567 1290 1898 1361 παρῤησῖας.

335 1393 351 1424 ι
390 1376 453 1426 ’0
483 1375 822 1436 ἐπιστεύθην
861 1377 989 1445 ἐγώ.
1030 1398 1048 1430 ι
1083 1379 1258 1450 Ὅπερ
1289 1382 1547 1451 κήρυγμα
1577 1381 1902 1451 ἐπιστεύθην

329 1463 452 1530 ἐγώ.
503 1467 604 1520 Ἐκ
642 1465 699 1520 δὲ
744 1468 840 1520 τοῦ
880 1470 1078 1533 εἰπεῖν,
1121 1470 1477 1540 Ἐπιστεύθην
1506 1471 1600 1524 καὶ
1628 1471 1748 1524 κατ’
1781 1473 1903 1525 ἐπι-

328 1555 498 1620 ταγὴν
535 1554 698 1615 Θεοῦ,
733 1557 884 1627 δηλοῖ
912 1557 1023 1611 δεῖν
1055 1558 1111 1624 ἐξ
1138 1558 1383 1628 ἀνάγκης
1404 1562 1496 1614 καὶ
1518 1562 1904 1630 ἀπαραιτήτως

329 1647 416 1696 καὶ
439 1645 672 1698 θέλοντα
691 1649 783 1698 καὶ
802 1648 898 1716 μὴ,
934 1648 1250 1719 κηρύσσειν.
1284 1649 1475 1718 Τοῦτο,
1496 1652 1609 1714 καὶ,
1634 1652 1722 1716 σὺ,
1748 1652 1900 1720 φησὶ,

330 1737 488 1796 ποίει,
523 1730 575 1788 ὦ
623 1738 775 1793 Tite.
815 1758 834 1790 ι
872 1738 1014 1806 Τίτῳ
1061 1741 1269 1811 γνησίῳ
1311 1742 1505 1812 τέκνῳ.
1547 1761 1563 1794 ι
1602 1743 1761 1796 Ἔστι
1795 1742 1900 1814 γὰρ

2001 1293 2054 1338 ct
2077 1284 2254 1337 dator.
2278 1282 2381 1338 l’er
2405 1287 2844 1354 praedicationem
2862 1301 3009 1351 vero,
3036 1286 3140 1342 hoc
3166 1295 3272 1350 est,
3301 1283 3590 1340 manifeste

2001 1387 2053 1429 et
2083 1376 2282 1445 palam.
2328 1393 2346 1427 ι
2383 1376 2514 1442 Quen
2546 1378 2841 1432 commissa
2868 1387 2952 1431 est
2988 1377 3142 1431 mihi.
3183 1396 3200 1428 ι
3239 1377 3315 1431 Ex
3342 1391 3408 1431 eo
3442 1375 3587 1445 quod

2005 1468 2080 1520 ait
2118 1485 2131 1522 :
2164 1465 2474 1522 Commissa
2501 1475 2585 1522 est
2608 1467 2765 1532 mihi,
2791 1478 2867 1532 et,
2889 1467 3206 1523 Secundum
3234 1476 3587 1538 praeceptum.

2006 1557 2334 1627 signiﬁcavit
2355 1567 2607 1625 oportere
2626 1559 2941 1614 necessario
2954 1566 3007 1612 et
3020 1559 3222 1612 nullam
3243 1555 3591 1628 praetexendo

2005 1651 2436 1712 excusationem,
2485 1652 2756 1707 volentem
2800 1651 3074 1704 nolentem
3118 1648 3445 1718 praedicare.
3477 1647 3591 1702 Hoc

2006 1749 2160 1805 cttu,
2195 1743 2396 1813 inquit,
2431 1742 2618 1810 facito,
2647 1742 2840 1799 o'l‘ite.
2883 1762 2901 1795 ι
2939 1741 3062 1798 Tito
3089 1757 3354 1814 germano
3386 1741 3520 1795 lilio.
3566 1759 3584 1790 ι

329 1822 462 1878 εἶναι
493 1830 693 1881 τέκνον
714 1829 804 1882 διὰ
835 1831 896 1882 τὸ
923 1829 1285 1900 βεϐαπτίσθαι
1313 1832 1444 1903 παρ’
1465 1833 1652 1900 αὑτοῦ,
1676 1836 1737 1888 οὐ
1769 1836 1902 1906 γνή-

2027 1836 2198 1890 δοεεει
2227 1836 2372 1890 enim
2407 1850 2531 1892 esse
2571 1835 2715 1891 filius
2747 1851 2812 1892 eo
2835 1835 2987 1906 quod
3028 1835 3096 1889 ab
3129 1835 3249 1905 ipso
3284 1833 3592 1904 baptizatus

331 1938 442 1974 σιον
473 1921 560 1981 δέ,
607 1923 692 1975 διὰ
735 1923 794 1975 τὸ
827 1919 966 1977 εἶναι
1020 1924 1363 1994 ἁμαρτωλόν.
1411 1925 1518 1978 Τοῦ
1563 1925 1618 1979 δὲ
1665 1923 1805 1980 εἷναί
1841 1944 1900 1982 σε

329 2014 514 2065 τέκνον
569 2013 721 2082 ἐμὸν,
748 2015 917 2075 αἰτία,
955 2016 1138 2085 φησίν,
1173 2018 1205 2086 ἡ
1239 2017 1390 2088 κοινὴ
1422 2018 1623 2082 πίστις.
1665 2019 1905 2073 Ἐπαινεῖ

328 2102 381 2155 δὲ
415 2103 507 2155 τὸν
540 2102 700 2156 Τῖτον
738 2104 812 2168 ὡς
849 2106 1002 2158 οὐδὲν
1033 2107 1197 2160 αὑτοῦ
1229 2108 1393 2162 πλέον
1426 2110 1568 2163 κατὰ
1599 2110 1697 2180 τὴν
1728 2110 1905 2166 πίστιν

329 2194 611 2261 ἐλωνη-
637 2197 894 2262 Ἄλλως.
929 2197 1129 2250 Τέκνον
1159 2203 1186 2250 ὁ
1211 2201 1369 2262 Τῖτος
1395 2201 1489 2253 τοῦ
1517 2201 1750 2266 Παύλου,
1775 2202 1908 2256 καθὸ

331 2286 650 2338 ἐδιδάσκετο
700 2289 829 2356 παρ’
861 2289 1024 2342 αὑτοῦ
1067 2290 1166 2360 τὴν
1205 2291 1411 2356 πίστιν,
1461 2294 1603 2346 κατὰ
1633 2294 1690 2348 δὲ
1724 2295 1908 2366 κοινὴν

334 2381 540 2440 πίστιν,
575 2379 742 2448 ἤγουν
789 2379 898 2432 ἀπὸ
947 2382 1040 2432 τοῦ
1086 2381 1480 2450 βαπτίσματος,
1539 2385 1766 2454 ἀδελφὸς
1812 2386 1906 2440 τοῦ

334 2473 570 2527 Παύλου.
610 2467 705 2536 Εἷς
743 2473 849 2541 γὰρ
876 2475 1067 2545 Πατὴρ
1095 2477 1120 2527 ὁ
1142 2475 1396 2544 Χριστὸς,
1425 2477 1518 2529 καὶ
1542 2477 1640 2542 μία
1670 2478 1852 2548 μήτηρ
1878 2480 1910 2548 ὴ

335 2563 718 2634 κολυμϐήθρα.
747 2585 765 2615 ι
818 2565 1018 2636 Χάρις,
1060 2566 1226 2628 ἔλεος.
1277 2586 1295 2616 ›
1350 2568 1588 2630 Εἰκότως
1621 2570 1781 2638 χάριν
1819 2572 1914 2623 καὶ

336 2656 479 2707 ἔλεον
515 2656 810 2726 ἐπεύχεται
832 2658 911 2727 τῷ
945 2657 1087 2726 Τίτῳ
1115 2660 1580 2730 διδασκάλῳ-ὄντι.
1613 2662 1674 2716 Ei
1697 2663 1808 2734 γὰρ
1839 2664 1913 2735 μὴ

340 2750 478 2817 μετὰ
498 2749 612 2802 τῶν
639 2751 840 2803 οἰάκων
861 2751 1063 2804 τούτων
1087 2751 1321 2822 κυϐερνή
1332 2770 1460 2818 σεις,
1487 2754 1641 2824 φησὶ,
1659 2753 1750 2806 τὸν
1766 2753 1914 2818 λαὸν,

337 2841 610 2901 τουτέστι,
664 2841 887 2910 χάριτος
934 2843 1085 2894 ἐλέου
1123 2845 1214 2896 κοιλ⁸
1253 2844 1498 2915 εἰρήνης,
1534 2844 1918 2916 ὰνατραπήσεο

337 2947 425 2983 ται
449 2933 516 2985 τὸ
539 2936 640 3002 τῆς
685 2934 1010 3006 Ἐκκλησίας
1052 2937 1279 3002 σκάφος.

943 3090 1195 3146 ΚΕΦΑΛ.
1255 3089 1334 3147 A'.

343 3198 482 3268 Περὶ
526 3200 916 3257 διδασκάλων
945 3203 1299 3270 ἐπιτηδείων
1340 3207 1422 3272 εις
1455 3204 1789 3272 διακονίαν,
1820 3206 1920 3261 καὶ

846 3274 1100 3342 ἔλεγχον
1128 3273 1406 3329 ἀπειθῶν.

418 3385 640 3438 Τούτου
686 3385 862 3455 χάριν
904 3389 1232 3442 κατέλιπόν
1257 3403 1331 3442 σε
1373 3390 1442 3444 ἐν
1467 3391 1690 3460 Κρήτῃ,
1723 3393 1824 3448 ἵνα
1852 3393 1923 3447 τὰ

344 3478 635 3530 λείποντα
687 3476 1121 3546 ἐπιδιορθώσῃ,
1172 3481 1268 3534 καὶ
1327 3483 1720 3548 καταστήσῃς
1773 3485 1923 3539 κατὰ

346 3569 529 3622 πόλιν
566 3571 1038 3638 πρεσϐυτέρους,
1075 3573 1154 3638 ὡς
1185 3573 1298 3642 ἐγώ
1325 3589 1422 3627 σοι
1456 3574 1839 3644 διεταξάμην,
1869 3579 1925 3630 el

347 3676 434 3725 τις
499 3661 676 3714 ἐστὶν
734 3662 1138 3730 ἀνέγκλητος,
1201 3664 1340 3734 μιᾶς
1405 3667 1692 3735 γυναικὸς
1747 3667 1921 3738 ἀνὴρ,

304 3825 314 3832 ο
348 3750 528 3804 τέκνα
551 3753 712 3820 ἔχων
755 3754 958 3819 πιστὰ,
985 3754 1072 3823 μὴ
1115 3755 1184 3809 ἐν
1221 3757 1544 3826 κατηγορίᾳ
1573 3759 1854 3826 ἀσωτίας,
1885 3759 1923 3828 ἣ

348 3844 766 3903 ἀνυπότακτα.

435 3935 599 4006 Ὁρᾷς
638 3937 839 4000 αὐτοὺς
879 3937 1067 4009 ὥσπερ
1097 3939 1274 3993 οἰκίαν
1311 3941 1440 4010 μίαν
1461 3941 1558 4013 τὴν
1596 3944 1923 4014 οἰκουμένην

353 4029 829 4098 διανειμαμένους,
865 4030 959 4081 καὶ
989 4029 1220 4085 ἕκαστον
1247 4032 1554 4100 πράττοντά
1578 4051 1665 4101 τι;
1695 4034 1838 4104 Ὅρα
1868 4035 1926 4089 δέ

354 4119 442 4168 τὸν
490 4116 733 4187 ἀθλητὴν
783 4117 878 4170 τοῦ
927 4119 1188 4187 Χριστοῦ.
1234 4121 1400 4176 Ἔνθα
1453 4123 1552 4194 μὲν
1591 4123 1927 4181 κινδυνεύειν

355 4209 496 4274 ἐνῆν,
550 4209 715 4272 αὐτὸς
760 4210 1155 4281 παραγίνεται·
1197 4211 1325 4266 ἔνθα
1358 4213 1416 4267 δὲ
1463 4215 1597 4286 τιμή
1649 4233 1731 4280 τις
1756 4213 1824 4288 ἦν
1866 4218 1928 4272 τὸ

357 4303 660 4379 γινόμενον,
714 4305 840 4368 τοὺς
877 4305 1125 4376 μαθητὰς
1178 4308 1404 4376 πέμπει.
1459 4307 1662 4364 Τοῦτον
1693 4310 1803 4382 γὰρ
1836 4313 1929 4366 ἐπὶ

355 4396 414 4446 τὸ
444 4397 586 4449 κατὰ
630 4396 782 4449 πόλιν
855 4398 1199 4468 καταστῆσαι
1241 4399 1574 4464 ἐπισκόπους
1612 4401 1924 4470 κατέλιπεν,

2005 1936 2171 1986 esset,
2214 1933 2269 1978 at
2305 1941 2412 1980 non
2451 1940 2771 1994 germanus,
2830 1941 2895 1980 eo
2923 1925 3070 1996 quod
3123 1931 3377 1996 peccator
3421 1931 3588 1978 esset.

2008 2015 2162 2082 Quod
2214 2027 2391 2072 autem
2425 2033 2582 2073 meus
2615 2019 2696 2074 sis
2719 2019 2884 2080 ﬁlius,
2911 2019 3107 2087 inquit,
3136 2031 3301 2071 causa
3335 2023 3420 2070 est
3443 2029 3590 2069 com-

2009 2109 2194 2164 munis
2237 2109 2390 2164 ﬁdes.
2423 2109 2710 2163 Collaudat
2757 2121 2935 2165 autem
2967 2109 3174 2169 Titum,
3205 2109 3362 2178 quasi
3404 2109 3456 2162 in
3489 2106 3592 2161 [ide

2008 2198 2145 2252 nihil
2169 2199 2402 2268 amplius
2433 2197 2631 2253 habeat
2655 2215 2817 2269 quant
2853 2199 2960 2255 ille.
2981 2229 3050 2242 --
3074 2199 3190 2252 Alio
3220 2197 3394 2252 modo.
3422 2197 3592 2252 Filius

2009 2286 2160 2341 Pauli
2190 2297 2276 2343 est
2304 2289 2484 2353 Titus,
2513 2288 2657 2358 quod
2705 2290 2773 2344 ab
2810 2290 2929 2359 ipso
2963 2289 3122 2343 fidem
3165 2289 3394 2343 edoctus
3420 2295 3585 2342 esset.

2010 2380 2302 2435 Communi
2325 2395 2455 2435 vero
2489 2379 2616 2444 fide,
2650 2382 2766 2436 sive
2789 2396 2826 2434 a
2851 2381 3179 2450 baptismate
3213 2381 3383 2436 frater
3410 2379 3586 2435 Pauli.

2012 2473 2166 2530 Unus
2213 2481 2298 2527 est
2349 2473 2495 2527 enim
2539 2475 2697 2529 Pater
2740 2473 3012 2541 Christus,
3047 2488 3154 2529 una
3203 2485 3255 2528 et
3287 2483 3460 2527 mater
3507 2473 3592 2543 pi-

2016 2568 2192 2622 scina.
2229 2585 2247 2618 ‹
2286 2564 2494 2630 Gratia,
2537 2567 2933 2622 misericordia.
2981 2587 2998 2620 ›
3038 2567 3233 2622 Merito
3269 2567 3498 2636 gratiam
3537 2579 3592 2620 et

2018 2660 2451 2716 misericordiam
2501 2659 2625 2716 Tito
2653 2667 2911 2732 precatur
2961 2659 3052 2730 qui
3084 2659 3278 2714 doctor
3307 2665 3446 2714 erat.
3481 2656 3592 2711 Nisi

2019 2752 2168 2808 enim
2202 2752 2292 2807 his
2320 2751 2734 2823 gubernaculis,
2778 2752 2978 2822 inquit,
3026 2751 3286 2822 populum
3320 2749 3593 2821 guberna—

2021 2845 2170 2902 veris
2199 2861 2213 2900 :
2247 2859 2462 2913 nempe,
2495 2847 2692 2916 gratia,
2726 2845 3124 2910 misericordia,
3157 2855 3210 2899 et
3242 2859 3395 2914 pace,
3435 2855 3595 2898 ever-

2024 2944 2172 2994 tetur
2205 2939 2361 2994 navis
2392 2937 2672 2994 Ecclesiae.

2551 3091 2716 3162 239
2753 3091 2980 3148 CAPUT
3027 3091 3066 3145 ι.

2099 3210 2173 3264 De
2206 3207 2509 3263 doctoribus
2550 3207 2756 3262 idoneis
2786 3207 2856 3261 ad
2889 3208 3239 3262 ministerium
3269 3217 3318 3262 et
3347 3207 3594 3278 redargu-

2388 3279 2581 3334 tionem
2613 3295 2720 3334 non
2757 3278 3247 3348 obtemperantium.

2095 3388 2136 3457 1,
2166 3391 2219 3456 5,
2259 3389 2312 3445 6.
2340 3388 2517 3459 Hujus
2539 3390 2616 3443 rei
2637 3391 2811 3461 gratia
2839 3390 3096 3462 reliquite
3121 3392 3174 3444 in
3201 3388 3381 3455 Creta,
3405 3399 3463 3443 ut
3483 3406 3600 3461 qua:

2023 3481 2240 3546 desunt,‘
2251 3497 2438 3551 pergas
2450 3480 2730 3551 corrigere,
2749 3491 2798 3536 et
2814 3483 3105 3537 constituas
3123 3483 3344 3553 singulis
3369 3482 3600 3536 civitati-

2026 3571 2121 3626 bus
2147 3573 2762 3646 presbyteros,’sicutego
2784 3576 2880 3629 tibi
2898 3575 3288 3630 ordinaveram.
3313 3574 3372 3628 Si
3394 3574 3511 3644 quis
3533 3578 3602 3628 sit

2025 3661 2347 3732 inculpatus.
2399 3663 2558 3719 unius
2597 3665 2780 3718 uxoris
2823 3665 2924 3728 vir,
2954 3665 3142 3719 liberos
3181 3664 3375 3719 habens
3398 3664 3597 3733 ﬁdeles,

2028 3771 2132 3811 non
2159 3755 2418 3812 obnoxios
2456 3756 2669 3811 libidini
2700 3766 2794 3811 aut
2821 3757 3208 3812 intractabiles.

2103 3936 2270 3994 Vides
2320 3938 2472 4009 ipsos
2517 3937 2775 3995 divisisse
2823 3939 2978 3993 inter
3003 3954 3062 3993 se
3114 3939 3300 3993 orbem
3343 3948 3601 4010 tanquam

2031 4045 2196 4085 unam
2232 4031 2518 4097 familiam,
2552 4037 2608 4086 et
2638 4045 3084 4100 unumquemque
3116 4031 3261 4100 quod
3293 4047 3452 4087 suum
3485 4043 3604 4086 erat

2029 4121 2358 4176 curantem?
2406 4119 2707 4176 Considera
2746 4134 2874 4175 vero
2923 4119 3126 4174 Christi
3160 4121 3446 4176 athletam.
3486 4123 3605 4174 Hm:

2029 4211 2251 4283 quidem
2309 4211 2400 4268 ubi
2437 4211 2736 4281 periculum
2795 4211 3136 4277 imminebat,
3187 4213 3304 4282 ipse
3343 4213 3600 4267 accedit:

2034 4305 2125 4360 ubi
2168 4321 2296 4361 vero
2339 4305 2515 4360 honor
2549 4305 2750 4374 aliquis
2786 4319 3111 4360 accessurus
3151 4313 3291 4372 erat,
3325 4308 3492 4361 mittit
3523 4308 3606 4362 di-

2033 4399 2301 4470 scipulos.
2338 4397 2492 4454 Hunc
2521 4398 2666 4454 enim
2693 4397 3014 4468 reliquerat,
3042 4406 3104 4452 ut
3135 4399 3366 4469 singulis
3394 4399 3604 4456 civita-

357 4489 652 4541 ἐπίσκοπον
681 4489 946 4560 πρότερον
973 4491 1227 4561 ποιήσας.
1257 4492 1366 4544 Καὶ
1397 4491 1518 4561 ὅρα,
1549 4493 1647 4547 οὐκ
1674 4493 1918 4564 αἰσχύνει

2034 4491 2184 4546 tibus
2251 4491 2614 4548 constitueret
2671 4491 3008 4561 episcopos,
3071 4505 3196 4546 cum
3256 4507 3381 4546 cum
3453 4495 3604 4563 prius

356 4596 444 4632 ται
469 4579 546 4650 τῷ
580 4580 798 4650 μαθητῇ
829 4581 1076 4651 γράφων,
1105 4581 1504 4656 Ἐπιδιορθὼσῃ
1519 4584 1588 4638 τὰ
1619 4585 1746 4654 παρ’
1768 4585 1922 4657 ἐμοῦ,

362 4672 543 4738 φησὶν,
594 4671 962 4738 ἐλλειφθέντα.
1008 4671 1154 4736 Ἐνὸς
1203 4673 1312 4744 γὰρ
1351 4675 1566 4742 ἐγένετο
1613 4676 1800 4745 μόνου,
1828 4677 1929 4746 τῆς

363 4761 634 4832 σωτηρίας
679 4763 789 4815 τῶν
836 4763 1117 4817 ἁπάντων.
1169 4784 1186 4815 ι
1241 4766 1398 4819 Κατὰ
1433 4765 1589 4820 πόλιν
1626 4768 1928 4840 πρεσϐυτέε-

366 4873 504 4922 ρους.
551 4875 570 4908 ι
609 4857 684 4909 Οὐ
715 4857 824 4926 γὰρ
851 4857 1102 4910 ἐϐούλετο
1133 4859 1313 4911 πᾶσαν
1341 4859 1439 4930 τὴν
1467 4861 1627 4928 νῆσον
1661 4861 1758 4931 τὴν
1779 4863 1931 4932 Κρή-

363 4965 472 5018 την,
515 4949 761 5019 μεγάλην
793 4944 979 5011 οἶσαν,
1031 4951 1426 5023 ἐπιτετράφθαι
1477 4953 1557 5005 ἐνὶ
1601 4954 1929 5025 ἐπισκόπῳ,

363 5041 471 5093 ἀλλ’
503 5042 742 5110 ἑκάστην
786 5042 940 5095 πόλιν
987 5042 1134 5114 ἐχειν
1161 5044 1291 5097 ῐδιον
1325 5047 1579 5114 ποιμένα.
1620 5047 1930 5117 Πρεσδυτέ-

367 5148 485 5200 ρους
515 5133 594 5198 δὲ,
625 5132 752 5197 τοὺς
780 5135 1114 5198 ἐπισκόπους
1145 5135 1320 5191 καλεῖ.
1350 5155 1368 5188 ι
1401 5137 1469 5191 Εἴ
1491 5156 1572 5202 τις
1604 5140 1750 5192 ἐστὶν
1772 5139 1933 5208 ἀνέγ-

365 5227 577 5295 κλητος.
616 5244 636 5277 ›
670 5227 1043 5298 Κατηγορίας,
1071 5229 1227 5297 φησι,
1273 5229 1513 5301 καθαρὸς
1539 5230 1701 5300 αὐτῷ-
1737 5231 1768 5285 ό
1819 5231 1931 5302 βίος

365 5318 694 5387 τυγχανέτω,
732 5319 825 5371 καὶ
877 5318 1065 5389 μηδεὶς
1107 5319 1278 5390 ἐχέτω
1323 5321 1579 5393 ἀφορμὴν
1624 5323 1934 5394 summa:

366 5409 524 5462 αὐτοῦ
557 5409 658 5480 τὴν
694 5408 858 5481 ζωήν.
921 5429 939 5462 ι
977 5411 1126 5475 Μιᾶς
1175 5413 1433 5480 γυναικὸς
1470 5413 1631 5484 ἁνήρ.
1671 5433 1690 5467 ι
1730 5415 1931 5484 Αὐτὴν,

369 5502 550 5568 φησιν,
591 5500 782 5554 είδέτω
823 5499 920 5571 τὴν
959 5503 1198 5572 νομίμην
1234 5505 1422 5573 μόνην.
1462 5503 1600 5568 Τοὺς
1637 5504 1727 5558 τὸν
1758 5507 1936 5576 γάμον

370 5589 826 5661 βδελυσσομένους
870 5592 1182 5664 αἱρετικους
1236 5595 1598 5662 ἐπιστομίζει,
1655 5595 1731 5658 ὡς
1775 5596 1937 5650 δυνα-

371 5683 564 5748 μένους
615 5683 712 5736 xui.
751 5683 890 5752 μετὰ
919 5685 1097 5754 γάμου
1135 5686 1442 5756 ἐπισκοπῆς
1475 5689 1725 5755 προνοεῖν
1769 5705 1931 5752 τινος.

369 5771 468 5826 Τὸν
524 5774 586 5828 δὲ
632 5774 1054 5848 δευτερόγαμον,
1096 5777 1172 5842 ὠς
1234 5777 1361 5832 ὄντα
1413 5777 1517 5832 ὑπὸ
1565 5779 1931 5850 κατάγνωσιν,

2034 4591 2280 4638 creasset
2330 4583 2670 4653 episcopum.
2706 4581 3096 4638 Animadverte
3150 4593 3408 4652 praeterea
3458 4587 3602 4656 quod

2035 4675 2215 4744 ipsum
2247 4689 2354 4729 non
2402 4675 2604 4744 pudeat
2636 4675 2880 4730 scribere
2910 4675 3184 4744 discipulo
3225 4693 3239 4729 :
3274 4674 3443 4745 Perge
3481 4691 3602 4731 cor-

2035 4767 2216 4835 rigere
2247 4781 2370 4836 qua
2417 4781 2447 4819 a
2500 4781 2586 4822 me
2639 4767 2824 4820 relicta
2860 4775 2988 4820 sunt
3034 4783 3048 4820 :
3087 4766 3204 4821 Hoc
3246 4765 3389 4821 enim
3435 4783 3602 4820 unum

2038 4857 2409 4927 respiciebat,
2458 4872 2657 4927 nempe
2708 4857 2952 4912 omnium
2993 4857 3250 4913 salutem.
3303 4875 3323 4909 ι
3363 4858 3607 4928 Singulis

2037 4949 2356 5004 civitatibus
2376 4949 2744 5020 presbyteros.
2777 4967 2795 5000 ι
2827 4947 3014 5018 Neque
3040 4948 3184 5003 enim
3202 4947 3416 5003 volebat
3437 4953 3604 5003 totain

2037 5040 2214 5095 Crch
2250 5042 2482 5094 insulam
2527 5056 2649 5109 qua:
2695 5055 2890 5109 magna
2934 5048 3055 5096 erat
3113 5042 3204 5095 uni
3253 5041 3604 5095 commissam

2038 5148 2162 5187 esse
2189 5132 2470 5202 episcopo,
2512 5131 2606 5186 sed
2642 5132 2888 5203 singulas
2920 5132 3168 5188 civitates
3209 5147 3368 5187 suum
3409 5131 3608 5187 habere

2039 5231 2336 5294 pastorem.
2370 5224 2729 5296 Presbyteros
2757 5233 2939 5279 autem
2963 5232 3122 5280 vocat
3147 5225 3455 5295 episcopos.
3493 5241 3522 5274 ιε
3553 5223 3606 5276 Si

2037 5317 2162 5384 quis
2207 5318 2279 5371 sit
2333 5318 2666 5388 inculpatus.
2717 5337 2737 5370 ι
2781 5317 2880 5372 Cui
2916 5319 3023 5372 vita
3075 5333 3214 5386 pura
3257 5319 3328 5372 sit
3360 5317 3427 5368 ah
3459 5317 3605 5369 omni

2038 5410 2269 5464 crimine
2300 5420 2350 5464 et
2376 5411 2742 5473 accusatione,
2780 5424 2848 5464 ne
2875 5410 3166 5480 quisquam
3200 5407 3606 5462 accusationem

2039 5500 2240 5555 habeat
2267 5501 2528 5570 carpendi
2557 5501 2725 5554 vitam
2775 5499 2918 5568 ejus.
2952 5519 2970 5552 ι
3013 5499 3190 5555 Unius
3227 5500 3412 5552 uxoris
3441 5497 3543 5550 vir.
3585 5515 3603 5548 ι

2041 5593 2226 5647 Solam
2261 5607 2422 5646 unam
2452 5593 2663 5646 noverit
2685 5606 2807 5660 quae
2843 5591 3084 5659 legitima
3116 5589 3300 5644 fuerit.
3329 5587 3610 5644 llzereticis

2039 5685 2358 5755 coniugium
2391 5684 2838 5741 abominantibus
2881 5683 3159 5737 silentium
3201 5681 3455 5741 imponit.
3485 5696 3610 5733 cum

2040 5780 2252 5849 possint
2302 5792 2425 5832 cum
2461 5775 2815 5833 matrimonio
2849 5775 3012 5831 alicui
3058 5788 3290 5844 pratesse
3335 5772 3612 5843 3piscopa-
