3918 6616
347 328 451 394 247

1375 328 1767 390 (ΕΕΗΜΕΝΙΙ
1808 328 2097 388 ΤΒίίὶῦιἘ
2142 329 2481 390 EPISCOPI

3494 321 3605 385 248

336 444 442 500 lui.
478 443 762 516 Bigamum
814 457 944 499 vero
987 442 1224 515 repellit,
1273 450 1527 514 tanquam
1559 442 1827 512 vituperio
1857 450 1911 498 et
1939 452 1955 504 Α

2070 443 2232 500 nitier.
2294 464 2311 495 ι
2359 444 2540 498 Τέκνα
2570 443 2708 515 ἔχων
2754 442 2942 496 πιστά.
2985 460 3004 492 ι
3055 440 3117 495 Ὅ
3152 439 3260 511 γὰρ
3313 438 3382 493 τὰ
3432 440 3602 493 τέκνα

335 537 681 605 contemptui
715 536 1039 594 obnoxium.
1082 554 1101 587 ι
1135 534 1362 591 Liberos
1393 535 1605 590 habens
1631 534 1840 590 ﬁdeles.
1891 553 1910 587 ι

2070 537 2101 609 ὴ
2126 538 2416 608 ρυθμίσας,
2444 537 2562 600 πῶς
2594 534 2814 607 ἑτέρους
2840 532 3143 599 διευθυνεί;

335 627 441 698 Qui
467 645 598 686 suos
623 629 772 686 enim
814 630 1017 684 liberos
1042 643 1151 683 non
1183 629 1451 689 correxit,
1476 626 1755 698 quomodo
1788 627 1920 682 alie—

282 784 289 797 !
339 736 443 778 nos
467 720 708 791 corriget
733 733 798 775 ac
826 718 1186 790 gubernabit?

279 798 290 823 ς

412 812 578 882 290
612 809 654 876 l,
693 810 724 863 7
755 809 809 864 8.
863 809 1080 875 Oportet
1108 809 1248 863 enim
1270 810 1571 879 episcopum
1593 810 1923 881 inculpatum

2095 812 2196 869 Δεῖ
2232 813 2342 884 γὰρ
2376 813 2484 867 τὸν
2511 813 2871 880 ζέπισκοπον
2919 809 3301 880 ἀνέγκλητον
3346 807 3502 863 εῖναι
3525 808 3610 876 ὡς

342 923 456 963 esse
479 917 732 973 tanquam
750 903 849 959 Dei
865 904 1307 973 dispensatorem,
1326 903 1804 973 nonpra’fractum,
1818 922 1925 962 non

2070 906 2179 962 θεοῦ
2229 905 2572 975 οἰκονόμον,
2633 902 2721 974 μὴ
2771 901 3025 969 αὐθάδη,
3069 901 3157 971 μὴ
3201 901 3465 971 ὀργίλον,
3518 902 3609 971 μὴ

343 1000 685 1061 iracundum,
746 1012 853 1050 non
904 993 1332 1057 debacchantem,
1392 1012 1491 1049 non
1539 1011 1925 1065 percussorem,

346 1107 453 1144 non
481 1089 706 1159 turpiter
740 1086 890 1140 lucro
929 1085 1166 1138 deditum
1201 1100 1222 1139 :
1251 1083 1342 1138 sed
1386 1085 1720 1153 hospitalem,
1761 1088 1928 1142 bona-

345 1200 468 1236 rum
508 1197 687 1236 rerum
726 1177 1050 1244 studiosum,
1102 1176 1362 1243 sobrium,
1406 1178 1636 1248 justum,
1663 1190 1926 1247 sanctum,

2027 997 2334 1065 πάροινον,
2367 997 2449 1067 μὴ
2496 995 2796 1064 πλήκτην,
2839 994 2925 1065 μὴ
2972 992 3374 1063 αἰσχροκερδῆ
3396 1008 3410 1023 ⁶
3442 994 3609 1048 ἀλλὰ

2026 1092 2372 1163 φιλόξενον,
2404 1088 2755 1161 φιλάγαθον,
2789 1089 3093 1157 σώφρονα,
3124 1086 3382 1149 δίκαιον,
3405 1085 3610 1149 ὅσιον,

2027 1181 2310 1253 ἐγκρατῆ,
2341 1183 2748 1250 ἀντεχόμενον
2770 1176 2878 1232 τοῦ
2909 1178 3061 1232 κατὰ
3086 1178 3204 1245 τὴν
3229 1175 3491 1245 διδαχὴν
3520 1190 3618 1227 m-

350 1284 746 1343 temperautem,
784 1280 1023 1327 tenacem,
1047 1269 1161 1340 ejus
1189 1270 1281 1341 qui
1312 1270 1601 1339 secundum
1628 1272 1929 1327 doctrinam

2070 1274 2182 1328 ’τοῦ
2229 1275 2437 1344 λόγου,
2485 1273 2588 1328 ἵνα
2634 1263 2963 1341 δυνατὸς-ᾖ
3007 1268 3107 1322 καί
3141 1267 3519 1336 παρακαλεῖν
3545 1267 3619 1319 ἐν

348 1377 427 1421 est
451 1366 631 1435 ﬁdelis
678 1365 938 1420 sermonis
979 1379 997 1417 :
1037 1371 1094 1416 ut
1139 1371 1322 1431 potens
1353 1364 1425 1417 sit
1457 1364 1620 1418 etiam
1661 1365 1934 1421 exhortari

2070 1363 2107 1433 ᾖ
2139 1362 2502 1431 διδασκαλίᾳ
2533 1361 2607 1431 τῇ
2651 1360 3031 1433 ὑγιαινούσῃ,
3062 1358 3161 1413 καί
3198 1358 3343 1425 τοὺς
3372 1356 3615 1413 ἀντιλέ-

347 1475 440 1528 per
488 1458 793 1512 doctrinam
839 1471 1063 1523 sanam,
1119 1464 1169 1509 et
1230 1456 1660 1511 contradicentes
1708 1461 1929 1514 convin-

351 1564 485 1603 cere.

424 1638 774 1710 lnculpatum
815 1628 967 1704 esse,
991 1638 1249 1710 generale
1282 1646 1389 1694 est.
1426 1638 1710 1710 Siquidem
1754 1640 1933 1696 incut-

2035 1472 2255 1524 νοντας
2281 1455 2575 1526 ἐλέγχειν.

2122 1639 2478 1711 ’Δνέγκλητον
2534 1636 2707 1704 εἰναι,
2769 1639 2831 1692 τὸ
2882 1638 3101 1708 γενικδν
3153 1635 3327 1703 λέγει.
3387 1632 3464 1689 Τὸ
3506 1632 3614 1704 γὰρ

356 1742 542 1803 patum
568 1747 712 1799 esse,
752 1732 935 1787 omnia
968 1743 1097 1803 qua:
1122 1731 1497 1788 enumeranda
1533 1739 1662 1788 sunt
1690 1731 1936 1803 comple-

2070 1732 2395 1804 ινέγκλητον,
2427 1730 2608 1785 πάντα
2648 1731 2893 1802 περιέχει
2937 1730 3008 1784 τὰ
3058 1727 3433 1800 ῥηθησόμενα,
3466 1742 3624 1780 τουτ-

358 1827 529 1879 ctitur
568 1839 583 1877 :
628 1823 735 1878 ltoc
785 1832 894 1891 est,
930 1822 987 1878 in
1024 1837 1184 1893 quem
1236 1823 1446 1878 nullum
1496 1823 1677 1894 possis
1728 1822 1939 1878 crimen

2073 1797 2211 1893 στιν,
2245 1797 2683 1898 ἀκατηγόρητον.
2770 1797 2863 1889 ’ἀς
2890 1821 3027 1878 Θεοῦ
3055 1797 3358 1891 οἰκονόμον.
3399 1837 3418 1871 ι
3463 1815 3623 1871 Ἐπεὶ

358 1915 682 1986 impingere.
722 1932 742 1967 (
783 1911 1069 1984 Tanquam
1105 1912 1200 1968 Dei
1237 1912 1699 1984 dispensatorem.
1742 1932 1761 1965 ι
1791 1911 1940 1980 Quo-

2039 1915 2163 1992 οὖν,
2188 1921 2351 1994 φησὶ,
2389 1921 2450 1976 τὸ
2487 1920 2707 1991 ἀξίωμα
2733 1920 2898 1992 μέγα,
2934 1919 3175 1991 μεγάλης
3193 1916 3364 1970 δεῖται
3390 1914 3483 1968 καὶ
3522 1928 3627 1983 φυ-

359 2008 506 2063 niaut
536 2021 751 2079 magna,
789 2004 992 2077 inquit,
1044 2012 1132 2061 est
1171 2006 1433 2077 dignitas,
1481 2020 1678 2077 magna
1720 2021 1942 2078 quoque

2070 2019 2236 2087 ακῆς.
2268 2034 2287 2067 ι
2320 2014 2412 2085 Μὴ
2452 2013 2683 2084 αὐθάδη.
2734 2031 2756 2067 s
2803 2014 2861 2068 '0
2894 2015 3002 2082 γὰρ
3038 2012 3234 2067 ἑαυτοῦ
3273 2013 3347 2081 μὴ
3378 2008 3624 2080 κρατῶν,

359 2114 501 2167 opus
529 2107 615 2154 est
646 2097 916 2154 custodia.
956 2116 976 2150 ι
1017 2097 1137 2154 Non
1173 2097 1546 2168 praefractum.
1596 2117 1615 2151 ι
1652 2096 1760 2164 Qui
1792 2098 1942 2154 enim

2070 2106 2160 2173 ιῶς
2187 2107 2392 2179 ἐτέρων
2411 2108 2768 2179 κρατήσειεν;
2792 2124 2812 2159 ι
2844 2105 2936 2176 Μὴ
2955 2106 3235 2174 πάροινον.
3275 2120 3294 2154 ι
3332 2101 3626 2173 Πάροινον,

362 2188 604 2257 suipsum
637 2187 861 2243 domare
884 2189 1096 2259 nequit,
1114 2189 1399 2259 quomodo
1426 2188 1551 2244 aliis
1574 2189 1781 2247 utiliter
1805 2204 1946 2260 pra:-

2070 2200 2333 2272 ισριστήν.
2357 2218 2378 2252 ι
2396 2200 2489 2271 Μὴ
2509 2200 2780 2269 πλήκτην.
2808 2218 2826 2251 ι
2858 2199 3167 2268 Πλήττοντα
3182 2195 3283 2266 τὴν
3315 2192 3630 2264 συνείδησιν

362 2296 489 2339 esse
532 2280 774 2353 poterit?
807 2299 827 2333 ι
865 2278 985 2336 Νοη
1013 2279 1471 2338 debacchantem.
1518 2300 1537 2334 ι
1592 2280 1712 2339 Non
1746 2293 1947 2339 contu-

363 2373 676 2430 meliosum.
721 2391 741 2426 ι
785 2370 907 2428 Non
959 2388 1371 2444 percussorem.
1428 2393 1446 2427 ι
1486 2373 1607 2430 Non
1656 2373 1945 2432 ferientem

366 2465 740 2523 conscientias
780 2463 1036 2521 fratrum.
1088 2483 1107 2515 ι
1149 2462 1273 2520 Non
1324 2466 1561 2536 turpiter
1609 2466 1769 2521 lucro
1795 2465 1948 2522 dedi-

2042 2294 2154 2347 τῶν
2181 2290 2445 2362 ἀδελφῶν.
2492 2310 2511 2343 ι
2549 2291 2642 2363 Μὴ
2669 2288 3052 2359 αἰσχροκερδῆ.
3104 2305 3124 2338 ι
3161 2281 3290 2340 Οἴον
3316 2284 3627 2353 ἀκτήμονα.

2056 2385 2147 2449 Ὧς
2166 2383 2421 2439 παντοίου
2449 2380 2693 2453 κέρδους,
2710 2382 2813 2436 κᾶν
2832 2381 3040 2435 δίκαιον
3059 2374 3198 2434 εῖναι
3220 2379 3371 2449 δοκῇ,
3397 2372 3629 2446 αἰσχροῦ

2048 2474 2205 2539 ὄντος
2233 2473 2541 2545 ὲπισκόπῳ.
2569 2492 2589 2525 ι
2623 2473 2843 2527 "Octavi
2862 2491 2882 2526 ι
2913 2470 3168 2541 Καθαρδν
3199 2468 3423 2531 πάθους.
3459 2484 3480 2518 ι
3503 2467 3632 2533 Ἐγ-

367 2566 504 2613 tum.
542 2575 561 2610 ι
582 2555 776 2625 Qualis
799 2571 922 2612 esse
946 2556 1089 2613 solet
1110 2556 1204 2629 qui
1226 2556 1388 2628 inops
1408 2564 1494 2613 est
1515 2575 1529 2612 :
1553 2558 1709 2628 quasi
1733 2557 1945 2613 lucrum

2070 2567 2251 2639 ιρατῆ.
2295 2585 2314 2620 ι
2351 2564 2444 2636 Μὴ
2474 2564 2603 2637 περὶ
2631 2564 2775 2619 σιτία
2799 2563 2980 2635 μόνον,
3008 2559 3145 2618 ἀλλὰ
3168 2559 3368 2622 παντὸς
3402 2557 3634 2620 πάθους.

368 2644 626 2718 quodvis,
665 2647 831 2703 etiam
868 2648 914 2702 si
962 2644 1171 2718 justum
1200 2662 1325 2703 esse
1367 2647 1641 2714 videatur,
1694 2656 1854 2718 turpe
1878 2648 1952 2704 sit

2070 2677 2076 2712 ι
2115 2657 2317 2712 Πιστοῦ
2349 2656 2648 2727 λόγου.ιἯ
2664 2654 2760 2710 τοῦ
2797 2653 3112 2727 ἀληθοῦς,ᾒ
3144 2651 3240 2707 τοῦ
3276 2651 3364 2705 διὰ
3393 2649 3639 2712 πίστεως

367 2740 650 2810 episcopo.
717 2758 737 2793 ι
806 2738 1095 2796 Sanctum.
1158 2759 1180 2792 ι
1246 2740 1467 2803 Ρυτιιιη,
1511 2742 1582 2798 ab
1636 2739 1946 2798 amictibus.

2050 2750 2481 2823 χορηγουμένου,
2509 2749 2606 2805 καὶ
2636 2750 2739 2803 οὐκ
2768 2747 2877 2802 ἀπὸ
2913 2745 3207 2817 λογισμῶν.
3253 2743 3357 2799 Διὰ
3386 2741 3547 2797 τοῦτο
3577 2741 3641 2796 δὲ

376 2845 401 2881 ι
436 2828 874 2901 Temperantem.
932 2849 952 2884 ι
1008 2831 1130 2886 Non
1163 2836 1373 2887 tantum
1429 2831 1576 2889 circa
1621 2832 1798 2899 cibos,
1850 2830 1950 2888 sed

2070 2837 2201 2910 ιῐπε,
2219 2841 2329 2897 Τοῦ
2347 2841 2489 2896 κατὰ
2508 2841 2748 2912 διδαχὴν,
2776 2840 2970 2911 δηλῶν,
3001 2838 3078 2893 ὅτι
3102 2837 3196 2892 καί
3212 2836 3384 2908 χωρὶς
3408 2835 3509 2905 τῆς
3531 2833 3645 2899 ἔξω

371 2923 539 2978 etiam
566 2923 712 2980 circa
753 2922 1088 2991 affectiones,
1134 2943 1152 2977 ι
1197 2922 1405 2980 Fidelis
1433 2926 1727 2983 sermonis.
1777 2944 1801 2978 ι
1842 2925 1954 2982 Αυι

2070 2934 2268 3005 ιοφίας,
2289 2935 2563 2988 διδάσκειν
2594 2933 2840 2987 δύναται.
2873 2931 2949 2987 Οὐ
2974 2930 3084 3002 γὰρ
3113 2928 3447 2995 ἐπιδείξεως,
3480 2925 3641 2995 φησὶν

373 3018 513 3082 veri,
546 3026 640 3072 aut
669 3016 789 3089 ejus
814 3018 905 3086 qui
939 3032 1037 3088 per
1073 3018 1234 3073 tidem
1299 3017 1700 3088 suppeditatur,
1743 3027 1799 3075 et
1842 3035 1950 3075 non

2070 3026 2238 3098 ιρεία,
2265 3024 2402 3080 ἀλλὰ
2417 3025 2637 3095 διδαχῆς
2658 3024 2753 3078 καὶ
2774 3022 3063 3091 ὠφελείας.
3075 3038 3094 3072 ι
3110 3021 3226 3075 Ἵνα
3244 3019 3471 3082 δυνατὸς
3489 3014 3525 3093 ᾖ
3543 3014 3642 3070 καὶ

373 3104 446 3162 ab
470 3107 724 3163 humanis
741 3107 1167 3179 cogitationibus
1197 3114 1294 3163 aut
1326 3109 1655 3164 rationibus.
1688 3107 1953 3179 Propter—

2070 3116 2427 3191 παρακαλεῖν.
2461 3136 2480 3170 ι
2512 3115 2683 3172 Τοῦτο
2725 3116 2784 3170 δὲ
2829 3115 3004 3177 ἔσται,
3040 3112 3148 3167 ἀπό
3192 3129 3252 3203 τε
3296 3111 3640 3203 φρονῄσεφςν

379 3215 445 3255 ea
477 3212 659 3257 autem
698 3198 831 3255 dixit
863 3217 878 3254 :
935 3199 1041 3268 Qui
1073 3199 1379 3257 secundum.
1398 3202 1705 3258 doctrinam
1723 3210 1849 3259 est:
1881 3202 1958 3259 si-

375 3293 666 3364 gniﬁcans,
694 3292 840 3363 quod
861 3293 1028 3349 etiam
1052 3294 1175 3350 sine
1205 3301 1433 3350 externa
1464 3293 1731 3365 sapientia
1752 3295 1953 3354 docere

376 3387 576 3457 possit.
604 3383 792 3457 Neque
813 3387 961 3442 enim
984 3385 1472 3453 demonstratione,
1492 3387 1689 3459 inquit,
1716 3389 1959 3444 naturali

377 3491 476 3537 aut
501 3482 879 3553 philosophica
905 3495 1047 3552 opus
1067 3491 1173 3548 est,
1204 3480 1302 3540 sed
1336 3481 1590 3538 doctrina
1617 3488 1673 3538 et
1701 3484 1956 3539 utilitate.

384 3591 404 3627 ι
450 3573 519 3631 Ut
549 3583 742 3645 potens
782 3575 856 3632 sit
897 3575 1067 3630 etiam
1098 3575 1399 3632 exhortari.
1441 3595 1469 3630 »ς
1494 3574 1612 3632 Hoc
1635 3585 1816 3632 autem
1847 3585 1901 3631 et
1928 3592 1960 3632 a

378 3664 674 3731 prudentia
713 3665 997 3736 continget
1031 3673 1086 3721 et
1113 3680 1146 3720 a
1174 3666 1493 3737 cognitione
1514 3666 1950 3738 Scripturarum.

2060 3211 2159 3265 καὶ
2186 3209 2288 3280 τῆς
2318 3207 2429 3263 τῶν
2461 3207 2699 3279 Γραφῶν
2730 3202 3384 3278 εἰδήσεως.⁹Υγιαίνουσα
3403 3200 3460 3254 δὲ
3490 3199 3645 3254 διδα-

2065 3302 2264 3356 σκαλία
2294 3301 2461 3364 ἐστὶν,
2498 3302 2532 3371 ἡ
2565 3300 2658 3353 καὶ
2683 3299 2928 3370 δόγματα
2963 3296 3141 3367 ἁληθῆ
3185 3296 3281 3349 καί⁸
3330 3293 3444 3363 βίον
3481 3291 3649 3361 ὀρθὸν

2065 3395 2412 3450 διδάσκουσα.
2455 3412 2475 3446 ι
2506 3394 2617 3447 Καὶ
2644 3392 2773 3457 τοὺς
2809 3391 3190 3457 ἀντιλέγοντας
3226 3388 3490 3454 ἐλέγχειν.
3524 3401 3541 3435 ι
3586 3382 3648 3435 Ὀ

2066 3488 2175 3560 γὰρ
2210 3486 2287 3558 μὴ
2308 3486 2462 3550 εἰδὼς
2492 3485 2763 3557 μάχεσθαι
2790 3486 2902 3548 τοῖς
2933 3482 3164 3553 ἐχθροῖς,
3193 3480 3287 3535 καὶ
3312 3474 3653 3547 αἰχμαλωτί-

2067 3578 2183 3646 {etv
2208 3581 2321 3634 πᾶν
2344 3579 2523 3649 νόημα
2552 3580 2632 3642 εἰς
2672 3577 2773 3650 τὴν
2800 3575 3048 3647 ὑπακοὴν
3076 3573 3172 3629 τοῦ
3203 3571 3466 3644 Χριστοῦ,
3491 3567 3654 3623 οὐδὲν

2068 3673 2288 3744 ποιήσει
2318 3672 2430 3726 τῶν
2457 3671 2711 3725 δεόντων.

384 3757 528 3813 Sana
581 3775 714 3815 vero
753 3760 1005 3817 doctrina
1042 3768 1127 3816 est
1165 3777 1290 3831 quae
1324 3770 1382 3817 et
1432 3777 1561 3818 tera
1600 3762 1859 3835 dogmata
1909 3772 1964 3819 et
2001 3777 2204 3822 rectam
2231 3768 2398 3825 vitam
2423 3767 2604 3834 docet,
2628 3786 2648 3819 ι
2677 3767 2739 3821 Ει
2798 3764 3240 3822 contradicentes
3299 3761 3600 3816 revincere.
3627 3771 3650 3806 ι

382 3852 486 3918 Qui
521 3868 628 3908 non
687 3854 838 3908 novit
881 3861 1147 3909 adversus
1184 3854 1442 3910 inimicos
1489 3870 1735 3926 pugnare
1764 3863 1819 3913 et
1862 3857 2134 3929 captivam
2163 3860 2366 3915 ducere
2403 3874 2621 3915 omnem
2683 3860 3076 3931 cogitationem
3139 3855 3209 3910 ad
3268 3848 3650 3909 obedientium

380 3948 626 4013 Christo,
655 3947 794 4003 nihil
825 3948 989 4004 faciet
1025 3964 1217 4005 eorum
1246 3964 1370 4020 quat
1394 3950 1748 4006 conveniunt.

1005 4065 1236 4123 CAPUT
1265 4064 1329 4122 il.

385 4156 545 4229 291
578 4157 839 4235 Aduersus
860 4175 947 4215 eos
1004 4161 1099 4235 qui
1112 4159 1355 4235 carnales
1388 4163 1777 4235 annuntiabat”
1813 4166 1965 4235 puri-

647 4230 963 4299 ﬁcationes:
987 4230 1036 4286 et
1065 4232 1128 4285 de
1152 4233 1424 4300 spirituali
1452 4234 1690 4289 uiritute.

459 4324 503 4378 l.
538 4322 626 4386 10,
662 4323 752 4378 il.
810 4324 948 4379 Sunt
977 4325 1119 4378 enim
1159 4325 1313 4379 multi
1371 4341 1475 4379 non
1537 4326 1874 4397 obsequentes
1912 4337 1963 4384 et

387 4413 661 4484 uaniloqui
703 4431 766 4472 ac
820 4416 1081 4469 mentium
1147 4417 1450 4471 seductores
1478 4436 1495 4475 :
1528 4422 1759 4475 maxime
1798 4423 1837 4475 ii
1875 4424 1965 4493 qui

385 4512 510 4559 sunt
549 4519 614 4556 ea:
641 4505 1044 4568 circuncisione,
1097 4507 1285 4576 quibus
1345 4518 1549 4576 oportet
1587 4511 1834 4567 obturare
1858 4528 1917 4567 os
1947 4529 1966 4567 :

386 4603 478 4673 qui
510 4610 651 4654 totas
668 4598 855 4655 domos
881 4599 1216 4668 subvertant,
1247 4600 1490 4659 docentes
1521 4620 1639 4675 quite
1666 4621 1770 4661 non
1809 4622 1968 4676 opor-

391 4702 464 4748 tet
493 4691 662 4760 turpis
695 4691 833 4744 lucri
858 4691 1060 4762 gratia.

459 4782 718 4838 Omnium
773 4783 955 4852 posuit
1000 4781 1243 4839 radicem
1290 4798 1358 4840 ex
1393 4801 1501 4856 qua
1561 4786 1769 4856 reliqua
1797 4787 1964 4841 etiam

392 4876 671 4932 oriuntur.
705 4874 840 4929 Nam
870 4875 965 4944 qui
996 4876 1320 4932 inobediens
1344 4886 1447 4940 est,
1480 4878 1596 4948 ipse
1624 4879 1843 4948 quidem
1867 4879 1967 4934 ob-

393 4979 703 5041 temperare
728 4977 968 5029 recusat.
1008 4969 1239 5038 reliquis
1265 4984 1399 5025 vero
1429 4970 1700 5040 imperare
1744 4986 1807 5028 ac
1829 4988 1970 5041 prae-

393 5077 519 5120 esse
547 5061 907 5130 concupiscit.
938 5059 1144 5117 Deinde
1194 5071 1411 5132 oportet
1434 5078 1557 5117 eum
1585 5064 1677 5134 qui
1705 5065 1969 5119 ecclesia-

397 5156 540 5209 stico
568 5155 880 5224 principatu
938 5153 1192 5224 imperat,
1254 5156 1419 5209 etiam
1468 5155 1665 5210 (locere
1697 5172 1717 5212 :
1742 5157 1834 5225 qui
1869 5171 1971 5209 au-

395 5258 505 5301 tem
529 5246 691 5300 docet
713 5247 1051 5315 [priusquam
1101 5245 1380 5311 didicerit,
1432 5262 1503 5302 eo
1530 5247 1678 5316 quod
1700 5249 1824 5303 aliis
1859 5263 1977 5303 non

396 5340 754 5407 obsequatur,
782 5337 906 5406 jure
942 5334 1273 5409 vaniloquus
1303 5354 1367 5394 ac
1411 5340 1677 5394 mentium
1709 5340 1979 5395 seductor

396 5431 697 5485 invenitur.
736 5447 756 5480 ι
793 5428 1024 5484 Maxime
1053 5431 1088 5485 ii
1116 5433 1209 5501 qui
1237 5440 1365 5486 sunt
1396 5445 1463 5486 ex
1493 5430 1971 5486 circumcisione.»

400 5522 496 5578 His
522 5522 668 5577 enim
708 5521 872 5575 etiam
900 5520 1157 5577 Christus
1179 5522 1384 5591 obiecit
1429 5523 1574 5592 quod
1602 5523 1970 5594 principatum

399 5614 706 5669 ambirent:
743 5613 837 5684 qui
866 5622 987 5684 post
1012 5623 1322 5683 susceptam
1337 5628 1585 5685 quoque;
1618 5615 1797 5679 (idem,
1823 5629 1974 5670 tuor-

401 5710 529 5760 lmm
577 5706 725 5760 hunc
781 5718 889 5759 non
937 5704 1345 5775 relinquebant.
1406 5725 1426 5757 ι
1494 5706 1706 5772 Quibus
1762 5713 1978 5776 oportet

396 5800 660 5857 obturare
681 5812 766 5856 os.
813 5795 992 5865 tNam
1047 5796 1093 5855 si
1142 5797 1436 5871 episcopus
1466 5798 1570 5856 sibi
1620 5798 1974 5855 commissam

2672 4068 2922 4125 ΚΕΦᾹΛ.
2967 4067 3043 4121 B'.

2070 4162 2228 4218 Κατὰ
2249 4161 2364 4216 τῶν
2396 4160 2687 4228 σαρκικὰς
2704 4160 3023 4229 καθάρσεις
3049 4158 3525 4227 πρεσϐευόντων,
3552 4153 3660 4208 καί

2425 4230 2578 4300 ὑπὲρ
2612 4229 3024 4300 πνευματικῆς
3053 4229 3290 4299 ἀρετῆς.

2142 4327 2276 4381 Εἰσί
2311 4324 2419 4395 γὰρ
2445 4322 2662 4377 πολλοὶ
2685 4323 3087 4378 ἀνυπότακτοι
3121 4321 3219 4376 καί
3248 4317 3647 4390 ματαιολόγοι

2070 4417 2168 4472 καί
2216 4413 2603 4485 φρεναπάται,
2648 4413 2916 4484 μάλιστα
2955 4415 3012 4467 οἰ
3038 4413 3107 4465 ἐκ
3143 4405 3488 4478 περιτομῆς.
3535 4407 3664 4472 Οὓς

2071 4506 2167 4561 δεῖ
2212 4501 2630 4571 ἐπιστομίζειν,
2664 4503 2882 4568 οἵτινες
2922 4500 3105 4566 ὅλους
3144 4499 3349 4564 οἴκους
3400 4493 3662 4563 ἀνατρέ-

2073 4615 2279 4664 πουσι,
2314 4596 2727 4662 διδάσκοντες,
2757 4593 2797 4650 ἁ
2826 4593 2914 4665 μὴ
2949 4592 3061 4658 δεῖ,
3105 4590 3363 4661 αἰσχροῦ
3398 4586 3661 4656 κέρδους

2072 4690 2268 4764 χάριν,

2145 4783 2256 4850 Τὴν
2278 4782 2434 4855 ῥίζαν
2456 4777 2577 4836 εῐπε
2602 4780 2838 4843 πάντων,
2864 4776 2923 4843 ἐξ
2947 4771 3019 4849 ἧς
3047 4775 3142 4829 καὶ
3164 4773 3231 4829 τὰ
3248 4772 3412 4827 λοιπὰ
3433 4771 3661 4839 φύεται.

2087 4877 2146 4931 '0
2172 4876 2282 4947 γὰρ
2309 4875 2701 4936 ἀνυπότακτος,
2729 4871 2893 4934 αὐτὸς
2926 4870 3026 4938 μὲν
3073 4868 3244 4921 εἴκειν
3274 4866 3336 4918 οὗ
3371 4863 3655 4933 βούλεται,

2077 4970 2266 5040 ἄρχειν
2296 4968 2355 5022 δὲ
2385 4967 2481 5021 καὶ
2512 4968 2826 5021 ἐπιστατεῖν
2856 4962 3060 5032 ἐτέρων
3090 4958 3366 5027 ἐπιθυμεῖ.
3418 4952 3552 5009 Εἶτα
3576 4955 3664 5009 δεῖ

2038 5104 2041 5111 .
2077 5061 2167 5114 τὸν
2209 5059 2444 5130 ἄρχοντα
2474 5057 2579 5127 τὴν
2623 5051 3082 5125 ὲκκλησιαστικὴν
3126 5049 3321 5121 ἀρχὴν,
3379 5047 3476 5100 καὶ
3501 5044 3661 5100 διδάο

2082 5164 2251 5205 σχειν.
2289 5149 2347 5201 '0
2392 5146 2451 5201 δὲ
2485 5146 2614 5218 πρὶν
2640 5143 2834 5216 μαθεῖν
2859 5142 2949 5197 διὰ
2972 5142 3035 5195 τὸ
3089 5140 3463 5200 ὰνυπότακτος
3491 5152 3666 5205 γεγε-

2080 5241 2278 5312 νῆσθαι
2319 5239 2608 5301 διδάσκων,
2664 5236 2890 5297 εἰκότως
2947 5232 3303 5305 ματαιολόγος
3347 5229 3441 5285 καὶ
3495 5232 3672 5299 φρεν-

2080 5331 2299 5400 απάτης
2332 5329 2676 5398 εὑρίσκεται.
2709 5345 2729 5378 ι
2758 5324 3013 5380 Μάλιστα
3054 5324 3104 5377 οἰ
3168 5323 3233 5376 ἐκ
3266 5321 3595 5392 περιτομῆς.
3635 5337 3663 5371 s

2082 5423 2306 5485 Τούτοις
2333 5421 2442 5491 γὰρ
2464 5421 2556 5474 καὶ
2577 5421 2607 5473 ό
2657 5418 2893 5490 Χριστὸς
2926 5415 3219 5488 φιλαρχίαν
3261 5412 3560 5479 ὠνείδιζεν,
3611 5411 3675 5467 οῑ

2083 5515 2179 5570 καί.
2208 5513 2346 5586 μετὰ
2398 5513 2496 5583 τὴν
2522 5512 2703 5566 πίστιν
2729 5511 2831 5564 οὐκ
2853 5509 3119 5564 ἀπέθεντο
3141 5507 3203 5561 τὸ
3228 5506 3467 5577 νόσημα.
3496 5523 3517 5556 ι
3551 5502 3672 5568 οὓς

2082 5608 2165 5662 ἅῖ
2179 5604 2574 5677 ἐπιστομίζειν.
2610 5621 2629 5656 ι
2652 5604 2715 5657 Εἰ
2745 5601 2854 5671 γὰρ
2880 5600 2991 5655 τῶν
3010 5599 3185 5654 ἄλλων
3202 5595 3539 5670 προστασίαν
3567 5596 3674 5650 καὶ

2083 5700 2355 5772 ὁδηγίανὸ
2402 5697 2701 5758 ἐπίσκοπος
2749 5694 3173 5764 ἑγκεχείρισται,
3208 5692 3394 5760 ἀγνοεῖ
3442 5688 3499 5743 δὲ
3531 5686 3672 5751 τοὺς

2065 5786 2482 5868 ’ματαιολὸγὸυς
2508 5790 2603 5844 καὶ
2636 5787 3012 5858 φρεναπάτας,
3047 5784 3291 5854 ἐλέγχειν
3325 5781 3418 5836 καὶ
3442 5782 3673 5835 επιστο-
