3988 6614
233 379 325 443 249
1213 376 1597 438 COMMENT.
1645 375 1721 434 ΙΝ
1755 374 1994 433 EPIST.
2025 374 2130 432 AD
2162 374 2428 436 TITUM.
3344 373 3463 437 230

233 497 385 564 μίζειν
404 493 497 561 τῆς
522 493 630 546 τῶν
665 491 1053 561 ἀπολλυμένων
1085 491 1289 564 βλάϐης
1327 492 1499 553 αἴτιος
1526 491 1758 560 γίνεται.

1869 485 2035 541 habet
2064 487 2296 541 aliorum
2336 502 2524 543 curam
2556 495 2611 543 et
2655 486 2938 555 ducatum,
2967 505 3143 560 neque
3181 493 3329 547 novit
3358 510 3465 563 νει-Γ

225 585 395 648 Καλῶς
424 584 588 649 δὲτὸ,
608 580 1033 653 Ἐπιστομίζειν,
1055 581 1114 635 τὸ
1140 577 1270 647 οἷον,
1294 583 1432 652 μήτε
1453 581 1633 634 λαλεῖν
1668 581 1763 650 ea»;

1867 578 2219 648 niloquorum
2247 594 2310 634 ac
2358 581 2713 635 seductorum
2769 596 2866 634 ora
2891 582 3185 648 obturare,
3219 565 3464 653 illosque

222 678 276 730 ἐκ
317 675 408 743 τῆς
434 674 539 727 τῶν
588 674 823 744 ἐλέγχων
875 671 1079 743 ἰσχύος,
1125 672 1213 727 ἵνα
1245 674 1340 726 καὶ
1364 674 1412 726 οἰ
1466 672 1757 736 ἀκούοντες

1867 670 2468 737 convincere,ellicitur
2518 687 2685 728 causa
2740 672 2925 729 damni
2989 689 3180 729 eorum
3229 676 3322 745 qui
3357 692 3452 745 pe-

220 768 528 837 ὠφελῶνται.
572 785 591 817 ι
645 766 999 830 Διδάσκοντες
1029 765 1065 820 ἃ
1096 764 1173 838 μὴ
1220 766 1323 821 δεῖ.
1391 785 1409 818 ι
1449 765 1616 818 Οὐδὲν
1647 765 1757 835 γάρ

1867 773 2046 820 reunt.
2074 763 2142 818 Et
2178 773 2329 820 recte
2383 765 2556 821 dicit:
2590 764 2699 821 Ora
2762 767 3026 823 obturare
3059 783 3076 822 :
3117 767 3222 822 hoc
3253 775 3360 834 est,
3392 778 3453 824 ut

219 861 345 911 ἐστιν
369 856 397 909 ὃ
428 855 501 926 μὴ
535 854 711 909 πείθει
747 857 1105 926 παρανομεῖν,
1142 854 1302 908 τοῦτο
1329 853 1391 907 τὸ
1421 852 1613 917 πάθος.

1870 855 1921 909 vi
1962 855 2431 927 objurgationum,
2469 872 2537 911 ne
2576 858 2741 927 'loqui
2772 859 2994 928 quidem
3028 860 3449 928 permittantur,

219 958 267 1006 ut
292 949 409 1004 hinc
437 948 601 1002 etiam
628 949 890 1002 iuventur
941 946 1240 1000 auditores.
1273 964 1291 997 ι
1351 943 1620 999 Docentcs
1653 955 1775 1014 quae
1810 958 1920 998 non
1974 954 2218 1017 opertet,
2265 948 2446 1017 turpis
2487 947 2626 1002 lucri
2671 950 2873 1019 gratia.
2929 948 3116 1005 :Nibil
3171 959 3258 1007 est
3306 952 3450 1023 quod

220 1060 310 1100 non
338 1042 559 1097 suadeat
586 1043 675 1096 hic
711 1041 943 1096 allectus
970 1040 1299 1111 transgredi.

269 1133 399 1191 Βίπέ
451 1153 539 1202 τις
590 1134 660 1200 ἐξ
707 1134 907 1190 αὐτῶν
948 1134 1097 1199 ἴδιος
1143 1133 1345 1189 αὐτῶν
1410 1131 1749 1202 προφήτης’

1932 1134 1975 1199 Ι,
2010 1134 2198 1191 12-14.
2230 1135 2378 1191 Dixit
2409 1136 2624 1208 quidam
2649 1154 2714 1193 ea:
2744 1139 2864 1193 istis
2895 1143 3144 1211 proprius
3202 1120 3454 1213 ipsorum

218 1230 408 1299 Κρῆτες
433 1228 523 1283 ἀεὶ
547 1228 830 1297 ψεῦσται,
855 1225 1010 1281 κακὰ
1028 1228 1219 1293 θηρία,
1245 1224 1531 1295 γαστέρες
1550 1223 1750 1293 ἀργαί.

1867 1228 2114 1298 propheta
2139 1245 2156 1283 :
2183 1230 2455 1286 Cretenses
2486 1248 2688 1304 semper
2706 1234 3002 1298 mendaces,
3043 1238 3201 1292 malev
3226 1230 3448 1300 testim,

227 1326 275 1380 Ἠ
299 1322 578 1392 μαρτυρία
610 1321 763 1388 αὕτη
813 1318 985 1374 ἐστὶν
1019 1318 1275 1385 ἀληθής.
1314 1316 1393 1371 Δι’
1425 1315 1505 1384 ἢν
1560 1317 1756 1374 αἰτίαν

1867 1332 2059 1373 ventres
2090 1321 2249 1390 pigri.
2295 1319 2674 1377 Testimonium
2702 1325 2798 1378 hoc
2835 1334 2911 1379 est
2938 1341 3116 1380 verum
3145 1342 3163 1380 :
3198 1344 3357 1396 quam
3386 1327 3455 1379 ob

218 1418 393 1485 ἔλεγχε
412 1413 637 1479 αὐτοὺς
671 1412 1004 1480 ἀποτόμως,
1045 1411 1146 1464 ἵνα
1176 1410 1530 1478 ὑγιαίνωσιν
1559 1408 1630 1462 ἐν
1679 1407 1754 1479 τῇ

1867 1428 2079 1465 causam
2142 1414 2400 1483 redargue
2455 1415 2577 1469 illos
2635 1417 2867 1483 acriter,
2908 1429 2966 1470 ut
3033 1418 3152 1471 sani
3203 1420 3306 1472 sint
3341 1435 3447 1472 non

220 1508 403 1569 πίστει,
437 1503 524 1574 μὴ
565 1503 976 1573 προσέχοντες
1012 1499 1365 1566 Ἰουδαϊκοῖς
1405 1501 1619 1570 μύθοις
1654 1500 1752 1555 καί

1867 1506 2185 1561 attendentes
2220 1505 2467 1562 Iudaici:
2519 1508 2720 1579 fabulis
2751 1522 2801 1565 et
2850 1511 3126 1580 prwceptis
3164 1510 3444 1566 hominum

218 1599 457 1665 ἐντολαῖς
482 1595 834 1667 ἀνθρώπων,
872 1591 1417 1663 ἀποστρεφομένων
1449 1591 1565 1662 τὴν
1598 1591 1753 1660 ἀλή.

1867 1599 2221 1654 aversantium
2259 1600 2551 1655 veritatem.

217 1697 372 1749 θειαν.

268 1783 516 1853 Ζητεῖται,
552 1780 610 1834 τί
639 1780 703 1850 δή
729 1798 860 1834 ποτε
884 1779 940 1845 ἐξ
973 1779 1241 1851 Ἑλλήνων
1298 1779 1475 1849 ἡγαγε
1527 1793 1736 1847 μαρτυ-

216 1875 330 1948 ρίαν,
352 1875 442 1928 καὶ
483 1872 645 1928 ἔθετο
691 1873 850 1944 αὐτῇ,
888 1874 1024 1942 μήτε
1077 1870 1259 1934 καλῶς
1303 1869 1524 1941 ἐχούσῃ.
1562 1868 1661 1932 Τίς
1693 1867 1752 1922 δὲ
1789 1875 1831 1931 Β

214 1961 545 2035 ἡμαρτυρίας
572 1962 642 2017 Ol
690 1963 910 2033 Κρῆτες
938 1960 1147 2031 τύμϐον
1203 1958 1620 2015 κατεσκεύασαν
1675 1955 1754 2028 τῷ

213 2056 297 2108 Att.
322 2053 470 2122 Λέγει
490 2048 588 2107 οὖν
616 2070 702 2116 τις
727 2050 970 2119 ποιητῶν
992 2068 1007 2082 ο
1024 2050 1227 2119 Τάφον,
1260 2047 1384 2112 ἄνα,
1412 2050 1526 2102 σεῖο
1542 2047 1759 2118 Κρῆτες

214 2149 554 2213 ὲτεκτὴναντο.
596 2145 672 2198 Σὺ
700 2142 758 2196 δὲ
785 2143 846 2197 οὐ
876 2141 1056 2206 θάνες,
1085 2142 1205 2194 ἐσσί
1228 2142 1345 2211 ⁴γὰρ
1377 2139 1508 2194 αἰεί.
1542 2137 1759 2209 Ταύτης

214 2239 289 2307 τῆς
312 2238 551 2307 χρήσεως
584 2235 752 2306 μέρος
773 2234 890 2288 ἐστὶ
916 2234 998 2296 τὸ,
1022 2232 1242 2304 Κρῆτες
1271 2232 1359 2287 ἀεὶ
1388 2230 1643 2301 ψεῦσται,
1662 2229 1759 2283 καὶ

214 2329 266 2380 τὰ
309 2327 476 2382 λοιπά.
524 2325 924 2398 Ἐμαρτῦρησε
964 2326 1020 2379 δὲ
1054 2324 1228 2395 ἀληθῆ
1265 2320 1408 2378 εἶναι
1452 2324 1543 2377 τὸν
1590 2321 1750 2389 λόγον

214 2416 385 2470 τοῦτον.
412 2417 472 2469 Εἰ
500 2416 601 2470 οὖν
629 2415 885 2486 ἀληθὴςή
922 2413 1218 2486 μαρτυρία,
1250 2414 1346 2466 καὶ
1373 2414 1401 2465 ὁ
1444 2410 1578 2475 Ζεὺς
1621 2410 1760 2464 ἀθά-

215 2509 340 2571 νατός
364 2511 526 2563 ἐστιν.
564 2507 732 2561 Ἀλλά
767 2522 974 2576 φαμεν,
1004 2507 1088 2560 ὅτι
1120 2504 1257 2576 πρὸς
1303 2506 1464 2557 τοῦτο
1487 2499 1607 2556 εἷπε
1658 2500 1758 2570 τὴν

216 2600 479 2671 μαρτυρίαν
547 2600 712 2670 μόνον
744 2598 918 2670 ἅληθῆ
949 2595 1109 2663 εἶναι,
1148 2597 1235 2650 ὅτι
1264 2594 1504 2666 ψεύστας
1555 2593 1757 2659 ,αὐτοὺς

218 2690 454 2743 ἰκάλεσεν.
483 2689 667 2745 ⁹οθεν
690 2688 873 2758 φησιν·
908 2706 928 2740 ι
992 2686 1059 2741 Ἡ
1112 2685 1389 2757 μαρτυρία
1426 2683 1585 2752 αὓτη.
1625 2701 1644 2734 ι
1691 2682 1759 2736 Ἥ

214 2784 315 2850 περὶ
337 2780 423 2834 τοῦ
454 2782 547 2834 ὅτι
574 2778 807 2850 ψεῦσταί
841 2779 949 2832 εἰσι
982 2777 1239 2846 λέγουσα,
1269 2775 1426 2847 φησι.
1461 2775 1572 2828 Nat
1600 2773 1760 2828 τοῦτο

213 2874 326 2929 εἴποι
347 2890 427 2938 τις
449 2873 511 2928 οὖ
522 2890 636 2937 τως
657 2869 819 2929 εἶναι.
850 2873 950 2927 Διὰ
966 2870 1022 2926 τί
1044 2871 1102 2925 δὲ
1129 2870 1187 2938 ἐξ
1222 2869 1550 2936 Ἑλληνικῶν
1581 2868 1759 2939 ἤγαγε

213 2963 288 3035 τὴν
308 2964 773 3036 μαρτυρῖαν;Καί
796 2980 998 3034 φαμεν,
1030 2964 1114 3017 ὅτι
1156 2961 1394 3034 μάλιστα
1438 2959 1598 3015 τοῦτο
1654 2959 1753 3012 αὑ-

214 3051 312 3114 τοὺς
332 3052 645 3122 ἐνέτρεπεν,
666 3052 749 3106 ὅτι
778 3050 992 3105 οἴκοθεν
1034 3051 1129 3104 καὶ
1175 3052 1239 3104 ὲκ
1268 3050 1377 3104 τῶν
1437 3049 1603 3114 ἰδίων,
1659 3047 1759 3118 τὴν

213 3139 294 3209 τῆς
319 3139 529 3212 ὕϐρεως
559 3140 867 3212 μαρτυρίαν
889 3140 1209 3213 προέϐαλεν.
1252 3139 1473 3211 Ἐπειδὴ
1511 3139 1620 3211 γὰρ
1646 3140 1756 3203 τοῖς

214 3230 317 3301 περ’
340 3210 464 3301 ἡμῖν
486 3210 571 3284 οὐή
588 3210 892 3295 πείθονται,
923 3210 1048 3294 τοὺς
1081 3229 1248 3293 ἰδίους
1275 3210 1467 3292 αὐτοῖς
1487 3228 1757 3294 ἐπέστησε
1786 3210 1831 3268 C

212 3322 543 3393 κατηγόρους.
587 3319 760 3374 Τοῦτο
788 3320 883 3374 καὶ
905 3319 933 3372 6
966 3319 1097 3384 Θεὸς
1135 3318 1330 3387 ἐποίει,
1377 3320 1491 3383 τοῖς
1542 3317 1759 3386 Μάγοις

212 3412 264 3463 δι’
280 3414 487 3484 ἀστέρος
522 3411 747 3484 μηνύων
764 3412 855 3465 τὸν
881 3411 1139 3484 Χριστὸν,
1153 3411 1229 3474 ὡς
1250 3411 1380 3483 περὶ
1394 3408 1759 3481 ἀστρονομίας

213 3504 636 3575 ἀσχολουμένους,
671 3503 781 3557 ἀπὸ
825 3503 932 3557 τῶν
983 3501 1130 3559 ἰδίων
1163 3502 1390 3560 πείθων.
1448 3502 1558 3557 Καὶ
1596 3502 1760 3556 πάλιν

212 3595 314 3656 τοὺς
350 3592 592 3665 μάντεις,
625 3593 733 3648 ἀπὸ
756 3593 872 3648 τῶν
915 3593 1053 3664 βοῶν
1078 3593 1186 3647 τῶν
1226 3593 1499 3665 συρόντων
1527 3594 1627 3665 τὴν
1674 3610 1761 3647 κι-

215 3686 374 3741 ϐωτόν.
428 3688 550 3741 Καὶ
616 3686 707 3739 τὸν
756 3685 932 3739 Σαοὺλ
982 3686 1090 3740 ἀπὸ
1133 3689 1234 3756 τῆς
1293 3685 1759 3757 ἐγγαστριμύθου,

217 3776 374 3849 ἐπειδὴ
420 3779 564 3849 αὐτῇ
614 3778 888 3834 ἐπίστευε.
960 3777 1148 3832 Ταῦτα
1206 3778 1264 3832 δὲ
1321 3779 1762 3848 συγκατασάσεις

216 3867 345 3922 εἰσίν.
393 3867 455 3922 Εἰ
510 3868 571 3922 δὲ
626 3871 653 3923 ὁ
701 3867 938 3939 Χριστὸς
977 3867 1074 3922 καὶ
1119 3866 1350 3938 ὕστερον
1382 3869 1432 3922 οἱ
1472 3868 1760 3922 ἀπόστολοι

214 3960 420 4015 ἐκώλυον
456 3962 592 4025 τοὺς
621 3960 887 4033 δαίμονας
934 3959 1141 4025 λαλεῖν,
1194 3960 1295 4014 οὐκ
1341 3960 1558 4013 ὲναντία
1598 3958 1760 4024 εἰσὶν,

215 4052 328 4106 ἀλλὰ
350 4054 451 4125 γὰρ
493 4055 703 4124 σημεῖα
732 4051 944 4120 ἐγίνετο
974 4051 1185 4106 πείθειν
1210 4050 1508 4121 δυνάμενα,
1552 4051 1647 4105 καὶ
1699 4049 1759 4102 οὐ

217 4128 433 4218 χρείιίῆν
467 4146 602 4209 τοὺς
634 4137 1084 4215 summast;
1128 4142 1438 4206 ὶπίστευον,
1475 4141 1535 4207 ἐξ
1579 4141 1761 4196 αὐτῶν

220 4235 492 4292 πείθεσθαι.
533 4255 552 4288 ι
577 4235 655 4289 Δι’
680 4236 744 4306 ἠν
767 4234 946 4290 αἰτίαν
966 4233 1155 4305 ἔλεγχε
1174 4232 1392 4297 αὐτούς.
1425 4252 1445 4285 ι
1494 4233 1646 4286 Ἐπεὶ
1668 4231 1762 4286 οὖν

220 4330 376 4397 φησίν,
430 4327 623 4399 ἰταμοί
664 4328 809 4392 τινες
868 4329 1001 4393 εἰσι,
1073 4323 1520 4399 πληκτικὼτερον
1572 4325 1763 4395 ἔλεγχε

220 4417 406 4481 αὐτούς.
443 4412 611 4472 Οὗτοι
652 4417 784 4488 γὰρ,
828 4417 1015 4487 φησιν,
1070 4415 1172 4470 οὐκ
1211 4415 1278 4470 ἂν
1318 4414 1427 4469 ἀπὸ
1459 4412 1763 4476 ἐπιεικείας

221 4508 480 4562 πεισθεῖεν.
516 4527 537 4561 ι
561 4508 679 4563 Ἰνα
702 4508 1019 4577 ὑγιαίνωσιν
1053 4508 1112 4560 ὲν
1145 4509 1210 4579 τῇ
1260 4505 1461 4561 πίστει.
1499 4522 1517 4556 ι
1552 4502 1765 4575 Ὑγιαί-

1935 1771 2208 1837 Quaeritur
2235 1785 2398 1841 quam
2439 1771 2509 1826 ob
2544 1786 2768 1827 causam
2807 1771 3126 1828 Graecorum
3153 1775 3456 1833 adduxerit

1866 1863 2264 1931 testimonium,
2343 1863 2593 1934 illudque
2672 1865 3166 1933 commendaverit,
3213 1870 3458 1925 maxime

1863 1972 1987 2012 cum
2017 1972 2126 2012 non
2160 1964 2311 2013 recte
2368 1956 2575 2011 dictum
2625 1957 2735 2014 sit?
2772 1957 2930 2024 Quod
2968 1966 3152 2013 autem
3182 1967 3269 2014 est
3292 1960 3451 2017 testi-

1862 2050 2153 2105 monium?
2183 2050 2473 2106 Cretenses
2520 2048 2832 2118 sepulcrum
2882 2058 3246 2106 extruxerunt
3299 2050 3445 2107 Jovi.

1859 2141 2048 2213 Itaque
2083 2142 2215 2198 dicit
2268 2143 2432 2213 292
2490 2141 2713 2213 quidam
2768 2150 2967 2213 poeta:
3014 2143 3218 2210 Tuum,
3259 2160 3292 2199 ο
3336 2159 3432 2204 rex

1860 2234 2171 2304 sepulcrum
2187 2232 2472 2289 Cretenses
2498 2241 2890 2288 exstruxerunt
2922 2253 2935 2289 :
2968 2245 3028 2290 tu
3057 2249 3189 2289 vero
3222 2248 3444 2305 nequa—

1861 2342 2025 2396 quam
2055 2334 2308 2382 mortuus
2346 2341 2427 2390 es,
2484 2342 2702 2397 semper
2730 2326 2874 2381 enim
2910 2327 3065 2382 vivis.
3096 2326 3270 2397 Hujus
3291 2328 3436 2383 vati-

1860 2419 1990 2472 cinii
2026 2432 2151 2487 pars
2183 2426 2290 2484 est,
2351 2417 2641 2473 Cretenses
2703 2432 2922 2487 semper
2954 2418 3265 2480 mendaces,
3328 2424 3438 2473 etc.

1858 2506 2161 2561 Attestatus
2205 2513 2289 2561 est
2328 2513 2510 2559 autem
2563 2504 2861 2575 Apostolus
2906 2520 3097 2559 verum
3123 2520 3247 2560 esse
3284 2505 3443 2559 hunc

1861 2612 2196 2655 sermonem.
2234 2597 2304 2650 At
2338 2597 2383 2652 si
2419 2611 2608 2653 verum
2636 2604 2720 2652 est
2766 2596 2875 2651 hoc
2896 2595 3306 2659 testimonium,
3341 2593 3446 2650 Ju-

1860 2689 2005 2760 piter
2030 2689 2199 2759 igitur
2244 2688 2575 2744 immortalis
2619 2687 2746 2743 erit.
2788 2686 2894 2742 Sed
2934 2686 3173 2742 dicimus
3206 2686 3353 2757 quod
3395 2687 3450 2741 in

1861 2778 1969 2833 hoc
2005 2779 2125 2834 solo
2159 2779 2296 2833 dixit
2331 2793 2519 2833 verum
2560 2792 2683 2833 esse
2706 2776 3086 2839 testimonium
3116 2776 3264 2846 quod
3297 2791 3453 2830 men-

1862 2869 2024 2925 daces
2066 2869 2215 2940 ipsos
2256 2870 2556 2924 vocaverit.
2607 2867 2766 2924 Unde
2824 2868 2901 2924 ait
2936 2886 2950 2923 :
2984 2886 3003 2921 ι
3052 2868 3453 2923 Testimonium

1861 2960 1988 3027 hoc,
2066 2977 2310 3030 inempe
2352 2961 2496 3029 quod
2558 2960 2710 3031 ipsos
2769 2959 2905 3016 dicit
2947 2974 3071 3015 esse
3128 2958 3449 3015 mendaces.

1865 3051 2010 3109 Sane
2042 3053 2145 3108 hoc
2171 3053 2337 3125 (dicet
2360 3051 2653 3123 quispiam)
2701 3051 2777 3107 ita
2807 3053 2882 3108 sit
2911 3068 2926 3106 :
2966 3059 3022 3105 at
3055 3065 3157 3106 cur
3186 3067 3216 3105 a
3245 3049 3456 3106 Graecis

1861 3145 2123 3216 produxit
2196 3145 2616 3200 testimonium?
2664 3142 2732 3198 Et
2806 3143 3069 3207 dicimus,
3130 3140 3278 3213 quod
3346 3142 3454 3196 hoc

1864 3237 2103 3291 maximo
2138 3237 2350 3307 pudore
2381 3237 2533 3307 ipsos
2589 3235 2861 3291 alliciebat
2912 3233 3059 3304 quod
3091 3233 3453 3290 domesticum

1863 3345 1930 3384 ac
1964 3330 2244 3399 praprium
2323 3327 2566 3400 proferat
2649 3326 3027 3384 testimonium
3074 3326 3454 3397 improbitatis

1861 3420 2129 3490 ipsorum.
2165 3421 2299 3475 Cum
2323 3419 2468 3475 enim
2496 3418 2565 3474 iis
2581 3417 2740 3473 ﬁdem
2772 3433 2879 3472 non
2922 3418 3154 3473 habeant
3179 3418 3273 3487 qui
3299 3416 3450 3487 apud

1860 3525 1966 3567 nos
2005 3518 2158 3576 sunt,
2186 3512 2442 3581 proprios
2465 3525 2597 3566 suos
2635 3508 2870 3564 adduxit
2898 3507 3035 3579 ipsis
3070 3513 3451 3562 accusatores.

1862 3601 1977 3657 Hoc
2011 3608 2066 3658 et
2119 3601 2265 3657 Deus
2318 3602 2556 3656 faciebat
2603 3616 2726 3656 cum
2772 3615 2871 3671 per
2923 3598 3141 3655 stellam
3176 3598 3456 3653 Christum

1862 3691 2039 3759 Magis
2069 3690 2374 3756 indicabat,
2408 3689 2556 3760 quod
2587 3690 2735 3744 circa
2780 3689 3176 3744 astronomiam
3212 3700 3456 3756 occupa-

1861 3788 2074 3843 rentur,
2108 3778 2264 3848 quasi
2300 3792 2331 3831 a
2365 3777 2607 3847 propriis
2636 3777 2764 3833 illos
2809 3774 3138 3831 admonens.
3172 3773 3448 3829 Rursum-

1864 3884 1973 3938 que
2025 3880 2178 3927 vates
2212 3882 2242 3923 a
2287 3867 2468 3925 bobus
2531 3882 2719 3923 arcam
2765 3867 3136 3923 trahentibus.
3183 3866 3459 3920 Praeterea

1863 3959 1995 4015 Saul
2091 3974 2123 4014 a
2174 3958 2426 4031 _muliere
2501 3959 2757 4030 Spiritum
2812 3959 3116 4030 Pythonem
3188 3956 3455 4018 habente,

1863 4052 2120 4122 quoniam
2176 4051 2257 4105 illi
2313 4049 2593 4106 credebat.
2679 4048 2778 4105 His
2839 4058 3023 4104 autem
3071 4047 3252 4103 modis
3315 4047 3458 4103 Deus

1862 4158 1985 4198 sese
2011 4141 2356 4198 domittebat.
2400 4140 2514 4196 Nec
2553 4140 2642 4196 bis
2673 4139 3038 4196 adversantur
3085 4137 3233 4209 quod
3288 4138 3454 4200 Chri-

1862 4243 1980 4290 stus
2039 4239 2095 4288 et
2147 4231 2494 4303 postmodum
2555 4231 2788 4302 apostoli
2850 4230 3003 4301 loqui
3070 4230 3459 4300 prohibuerint

1862 4322 2348 4392 daemoneszsigna
2378 4321 2523 4377 enim
2558 4318 2761 4377 ﬁebant
2809 4335 2933 4392 quae
2972 4319 3304 4391 persuadere
3360 4332 3461 4388 po-

1861 4424 2064 4474 terant.
2095 4416 2281 4488 Neque
2301 4426 2421 4472 erat
2448 4431 2676 4472 necesse
2697 4416 2904 4472 suader
2922 4414 3243 4470 hominibus
3276 4415 3345 4467 ab
3373 4413 3461 4468 his

1862 4509 2065 4579 quibus
2082 4509 2427 4564 credebanM
2454 4507 2628 4576 Quam
2648 4509 2716 4565 ab
2732 4523 2955 4564 causam
2979 4505 3247 4577 rcdargue
3264 4506 3409 4560 illos.
3437 4524 3456 4559 ι

220 4612 311 4649 ver;
332 4598 385 4651 δέ
414 4599 567 4653 ἐστιν
601 4600 659 4651 ὲν
682 4600 748 4669 τῇ
777 4597 980 4663 πίστει,
1007 4598 1134 4651 ὅταν
1158 4597 1324 4669 μηδὲν
1351 4596 1550 4664 ἔξωθεν
1582 4598 1765 4650 ἐπεισ-

1870 4600 2009 4667 Quia
2053 4617 2186 4672 ergo
2238 4603 2474 4673 improbi
2498 4609 2629 4658 sunt
2659 4602 2904 4672 quidam,
2958 4601 3231 4671 asperius,
3264 4596 3461 4662 inquit,

220 4691 376 4763 αγάγῃ
394 4709 477 4755 τις
536 4690 695 4761 αὐτῇ,
731 4691 869 4762 μήτε
907 4688 1220 4754 Ἰουδαϊκὸν,
1249 4691 1385 4762 μήτε
1435 4688 1766 4758 Ἑλληνικόν.

1867 4694 1991 4749 illos
2016 4694 2264 4765 obiurga,
2296 4710 2421 4749 nam
2446 4695 2500 4749 bi
2553 4709 2583 4749 a
2616 4693 3043 4750 mansuetudine
3082 4707 3192 4745 non
3236 4697 3466 4761 possent

224 4797 241 4830 ι
278 4783 577 4845 Ἰουδαϊκοῖς
610 4781 825 4852 μύθοις.
865 4798 886 4834 ι
918 4780 1099 4852 Διπλῷ
1137 4780 1279 4850 λόγῳ
1339 4779 1496 4851 μῦθοί
1547 4782 1653 4835 εισι
1700 4778 1765 4833 τὰ

1867 4783 1935 4839 ad
1964 4783 2017 4838 id
2043 4784 2189 4854 quod
2220 4794 2431 4840 rectum
2457 4794 2541 4840 est
2562 4784 2814 4840 adduci.¢
2855 4780 2929 4838 Ut
2956 4782 3072 4838 sani
3092 4780 3190 4835 iiut
3220 4781 3276 4836 in
3303 4781 3459 4835 title.»

210 4873 488 4944 ιΊουδαῖκὰ,
530 4876 616 4928 ὅτι
641 4890 700 4928 τε
755 4871 978 4944 ἐξῆλθεν
1007 4872 1188 4927 αὐτῶν
1245 4873 1275 4926 ὁ
1310 4872 1524 4943 καιρὸς,
1557 4873 1653 4926 καὶ
1686 4873 1765 4927 ὅτι

1867 4876 2162 4931 Estautem
2186 4875 2241 4930 in
2268 4874 2373 4931 ﬁde
2391 4890 2586 4931 sanum
2618 4890 2765 4941 esse,
2801 4874 2847 4930 si
2874 4872 3153 4942 quisuihil
3172 4882 3462 4927 externum

210 4928 269 5040 ξίν
294 4959 333 5033 ᾧ
363 4928 638 5037 ἡκμιαζον,
665 4928 1222 5037 τύποςιῆνξάληθείας
1254 4966 1349 5018 καὶ
1384 4928 1763 5035 ουκ-αλήθεια.

1867 4972 1932 5026 ad
1948 4986 2069 5025 cam
2102 4970 2580 5040 induxerit'neque
2600 4968 3087 5037 Judaicum'neque
3101 4966 3429 5036 gentilitium
3442 5004 3457 5019 .

226 5073 243 5104 ι
273 5057 369 5111 Καὶ
397 5058 639 5123 ἐντολαῖς
664 5056 988 5129 ἀνθρώπων.
1020 5075 1041 5110 ι
1076 5058 1194 5121 Τὰς
1224 5057 1354 5128 περὶ
1391 5057 1462 5110 τὰ
1497 5056 1761 5129 βρώματα

1877 5083 1896 5117 ι
1922 5062 2168 5121 Judaicis
2198 5062 2422 5119 fabulis.
2447 5062 2652 5131 :Dupla
2689 5061 2900 5115 ratione
2939 5057 3167 5113 Judaiea
3204 5058 3463 5113 dicuntur

224 5153 611 5220 παρατηρήσεις
636 5149 809 5218 λέγει,
836 5150 932 5203 καὶ
962 5148 1120 5220 δῆλον
1151 5152 1215 5204 ὲκ
1240 5150 1352 5204 τῶν
1389 5150 1691 5214 ἑπομένων.

1872 5155 2074 5213 fabula:
2102 5164 2197 5212 :et
2221 5156 2350 5227 quia
2373 5162 2587 5224 tempus
2618 5155 2866 5223 ipsorum
2902 5151 3164 5223 praeteriit
3200 5168 3215 5207 :
3250 5159 3304 5206 et
3333 5149 3467 5219 quia

223 5237 363 5293 etiam
381 5257 503 5297 cum
539 5245 595 5298 in
631 5258 734 5299 suo
773 5252 961 5299 essent
988 5244 1198 5315 vigore,
1246 5244 1418 5314 figura
1448 5249 1883 5305 erantlveritatis
1906 5258 1961 5307 et
1988 5266 2096 5306 non
2126 5252 2245 5321 ipsa
2269 5251 2498 5305 veritas.
2544 5268 2564 5300 ι
2619 5246 2687 5302 Et
2745 5248 3034 5319 praeceptis
3088 5246 3395 5302 hominum.
3428 5261 3447 5295 ι

224 5326 626 5391 Observationes
663 5333 800 5391 dicit
845 5337 993 5392 circa
1036 5337 1210 5400 cibos,
1246 5345 1306 5392 ut
1350 5354 1418 5393 ex
1457 5338 1542 5395 his
1599 5355 1721 5410 qum
1760 5353 2071 5413 sequuntur
2100 5341 2453 5397 manifestum
2485 5348 2594 5397 est.

281 5427 470 5482 Πάντα
485 5428 599 5499 μὲν
617 5429 845 5499 καθαρὰ
860 5430 985 5496 τοῖς
1016 5431 1319 5500 καθαροῖς,
1341 5431 1469 5499 τοῖς
1489 5431 1559 5487 δὲ
1568 5448 1779 5502 μεμια-

223 5518 447 5587 σμένοις
467 5520 564 5574 καί
596 5521 896 5589 ἀπίστοις,
914 5522 1097 5577 οὐδὲν
1122 5523 1407 5592 καθαρὸν,
1433 5524 1776 5594 ἀλλὰμεμί-

224 5623 398 5678 artat,
418 5611 619 5667 αὐτῶν
659 5613 759 5668 καί
798 5616 832 5669 ὁ
855 5612 1005 5680 νοῦς
1026 5615 1124 5669 καὶ
1152 5616 1191 5684 ἡ
1220 5616 1599 5685 συνείδησις.
1629 5618 1778 5671 Θεὸν

226 5701 605 5774 ὁμολογοῦσιν
643 5705 883 5773 ειδέναι,
917 5707 1043 5775 τοῖς
1081 5708 1151 5763 δὲ
1187 5711 1385 5780 ἔργοις
1424 5709 1770 5779 ἀρνοῦνται,

222 5790 523 5853 ,ϐδελυκτοί
580 5798 755 5865 ὄντες
805 5799 902 5855 καὶ
950 5799 1236 5871 ἀπειθεῖς,
1306 5804 1403 5857 καί
1449 5800 1600 5871 πρὸς
1649 5801 1772 5858 πᾶν

1949 5433 1996 5503 Ι,
2039 5435 2127 5501 15,
2174 5434 2274 5501 16;
2322 5433 2471 5500 11,1.
2526 5433 2723 5490 Omnia
2773 5431 2985 5503 quidem
3049 5445 3188 5500 pura
3239 5442 3393 5499 puris
3431 5442 3452 5481 :

1873 5542 2033 5597 porro
2072 5525 2293 5597 pollutis
2352 5535 2400 5580 et
2452 5524 2760 5595 inﬁdelibus
2818 5522 2952 5578 nihil
2989 5530 3069 5576 est
3120 5534 3340 5590 purum,
3365 5517 3457 5571 sed

1877 5618 2086 5690 polluta
2111 5626 2266 5674 estet
2329 5633 2475 5672 mens
2509 5616 2729 5671 illorum
2777 5624 2828 5670 et
2878 5610 3227 5668 conscientia:
3295 5607 3464 5663 Deum

1870 5709 2202 5779 proﬁtentur
2221 5724 2277 5763 se
2332 5709 2468 5764 scire
2496 5724 2514 5761 :
2576 5716 2823 5761 ueterum
2874 5701 3034 5772 [actis
3084 5706 3462 5772 negantium

1876 5804 1980 5856 sint
2011 5801 2411 5868 abominabiles,
2442 5811 2490 5857 et
2514 5799 2655 5855 dicta
2679 5813 2783 5854 non
2812 5793 3109 5864 audientes,
3130 5801 3180 5849 et
3210 5791 3279 5848 ad
3306 5807 3465 5849 omne
