3988 6580
233 377 338 444 933
1254 390 1638 456 COMMENT.
1684 395 1765 456 IN
1803 395 2046 460 EPIST.
2087 400 2186 459 AD
2223 399 2505 461 TITUM.
3386 404 3497 471 255

231 497 532 551 ύποτάσσει
561 499 636 570 τῷ
665 499 835 572 γήρᾳ.
877 518 895 551 1
932 499 1261 572 Φιλάνδρους
1289 498 1452 559 εἶναι.
1494 523 1514 557 ι
1552 505 1722 560 Τοῦτο
1749 506 1808 560 τδ

1918 510 2140 574 iecerit,
2189 512 2507 568 manifestat
2548 514 2600 570 id
2640 515 2795 587 quod
2837 517 3110 589 sequitur.
3180 538 3201 572 1
3245 517 3365 586 Quo
3401 517 3501 573 ho-

228 589 529 658 κεφάλαιον
554 591 661 644 τῶν
698 593 758 645 ὲν
782 592 932 663 οἰκίᾳ
986 593 1231 663 ἀγαθῶν.
1276 595 1371 660 Ἐξ
1408 596 1571 650 αὐτοῦ
1606 599 1701 652 καὶ
1737 600 1808 653 τὰ

1918 614 2092 659 aestas
2137 605 2367 660 reddant
2410 607 2921 666 adolescentulasa
2976 611 3094 667 Non
3132 614 3198 668 de
3248 613 3382 668 solis
3436 617 3500 670 ti-

226 684 386 737 λοιπὰ
424 686 699 742 τίκτεται.
730 705 750 739 1
782 687 1157 752 Φιλοτέκνους,
1188 710 1205 741 ι
1249 691 1431 762 φησίν.
1480 694 1541 747 Ἦ
1572 696 1682 764 γὰρ
1710 697 1808 766 τὴν

1918 690 2087 748 liabus
2136 696 2239 748 hoc
2294 696 2463 761 dicit,
2503 698 2612 753 sed
2658 699 2711 753 in
2778 701 3094 757 universum
3163 704 3497 765 adolescen-

227 777 380 847 ῥίζαν
414 779 720 845 ἀγαπῶσα,
747 779 844 833 καὶ
870 780 997 844 τοὺς
1027 782 1257 846 κλάδους
1281 785 1816 856 ἀγαπήσει.ιοίκου·

227 870 719 944 ρούς.»οξκουρούς
740 890 897 943 φησι,
922 873 1021 937 τὰς
1051 875 1424 942 οἱκονομικὰς.
1455 879 1521 931 Al
1549 878 1605 932 δὲ
1639 880 1821 932 τοιαύ-

222 958 464 1015 ταιοῦτε
510 964 645 1034 περὶ
684 964 913 1034 τροφὴν,
947 964 1070 1017 οὕτε
1120 967 1251 1036 περὶ
1293 966 1508 1032 ἐξόδους
1557 969 1818 1039 ἀκαίρους

226 1052 771 1121 ἁσχολοῦνται.σ”1να
793 1056 868 1127 μὴ
887 1057 915 1109 ὁ
935 1055 1091 1124 λόγος
1106 1056 1199 1110 τοῦ
1220 1057 1355 1111 Θεοῦ
1373 1057 1778 1133 βλασφημῆται.
1791 1080 1810 1113 1

228 1146 282 1198 Ei
341 1145 459 1215 γὰρ
516 1148 605 1215 εἴη
656 1149 884 1211 ἄπιστος
945 1148 1085 1221 ἀνὴρ
1157 1155 1395 1218 γυναῖκα
1438 1153 1576 1223 ἔχων
1619 1155 1815 1226 πιστὴν

227 1235 340 1306 μὲν,
388 1239 778 1293 ἀνυπότακτον
807 1238 864 1291 δὲ
896 1239 992 1291 καὶ
1016 1239 1230 1311 φαύλην
1271 1240 1370 1312 τὴν
1400 1242 1607 1307 πίστιν,
1645 1243 1814 1313 αὐτὴν

225 1327 641 1398 βλασφημήσῃ,
669 1329 925 1393 τοιαύτας
947 1330 1176 1399 ἔχουσαν
1214 1335 1495 1401 γυναῖκας.
1542 1332 1704 1405 Ὁρᾷς
1732 1334 1814 1387 ὅτι

224 1422 659 1490 προηγουμένως
700 1421 796 1475 τού
849 1420 1209 1491 κηρύγματος
1251 1423 1578 1495 φροντίζων,
1633 1424 1807 1479 ταῦτα

224 1526 419 1579 γρανει
440 1528 459 1577 ἲ

1916 786 2046 838 tiam
2106 786 2328 855 subjicit
2378 792 2684 848 senectuti.
2746 810 2766 844 1
2803 792 2871 847 Ut
2915 798 3142 852 maritos
3197 814 3329 857 suos
3372 803 3501 857 dili-

1918 889 2066 946 gant.
2103 899 2122 931 ι
2170 881 2284 936 Ηυο
2325 882 2592 937 honorum
2630 886 2873 954 omnium
2918 898 3083 958 caput
3124 899 3209 946 est
3263 908 3386 962 quze
3439 897 3493 950 in

1921 968 2126 1024 familia
2161 983 2309 1037 sunt,
2351 974 2497 1028 unde
2527 985 2581 1030 et
2625 977 2834 1047 reliqua
2880 980 3153 1035 oriuntur.
3208 1003 3226 1035 1
3266 982 3494 1044 Liberos

1923 1069 2127 1115 ament.
2162 1080 2183 1113 ι
2211 1063 2343 1118 Nam
2395 1081 2515 1136 quae
2541 1068 2777 1123 radicem
2824 1079 2993 1138 amat,
3041 1074 3204 1128 etiam
3231 1084 3281 1130 et
3314 1092 3496 1134 ramos

1923 1155 2150 1209 amabit.
2183 1174 2203 1208 1
2232 1156 2434 1213 Domus
2459 1160 2738 1216 custodes.
2781 1182 2800 1215 ι
2838 1163 3046 1222 Domus
3071 1167 3206 1223 dicit
3233 1172 3493 1226 custodes

1923 1261 2043 1316 qua:
2068 1246 2288 1301 domum
2323 1250 2650 1318 gubernant.
2704 1253 2862 1309 Tales
2899 1264 3080 1310 autem
3136 1273 3315 1327 neque
3345 1262 3491 1315 circa

1928 1351 2088 1390 suum
2126 1337 2471 1404 alimentum,
2516 1356 2696 1409 neque
2752 1345 2900 1397 circa
2933 1361 3189 1416 egressus
3222 1350 3490 1421 intempe-

1924 1427 2099 1484 stivos
2133 1438 2493 1499 occupantur.
2529 1451 2549 1485 1
2589 1432 2668 1488 Ne
2696 1449 2883 1490 sermo
2916 1434 3010 1491 Dei
3042 1440 3184 1494 male
3223 1441 3427 1496 audiat.
3465 1460 3485 1494 ι

1914 1518 2051 1573 Nam
2104 1520 2151 1576 si
2216 1526 2449 1578 maritus
2475 1534 2623 1581 esset
2681 1525 2946 1594 infidelis,
2999 1543 3226 1585 uxorem
3283 1531 3492 1589 habens

225 1608 455 1675 fidelem,
495 1611 598 1667 sed
635 1628 743 1669 non
792 1618 1092 1687 snbjectam
1123 1628 1177 1673 et
1202 1631 1454 1688 pravam,
1489 1616 1644 1674 fidem
1695 1618 1868 1688 ipsam
1931 1619 2363 1675 calumniaretur
2407 1638 2529 1692 quae
2569 1623 2881 1694 huiusmodi
2933 1626 3159 1683 haberet
3212 1630 3489 1686 mulieres.

228 1699 382 1758 Vides
402 1705 561 1773 quod
606 1706 722 1762 haec
752 1711 979 1777 scribat,
1014 1725 1215 1766 curam
1240 1714 1296 1766 in
1327 1711 1520 1781 primis
1550 1711 1759 1767 habens
1799 1710 2199 1783 praedicationis
2219 1713 2245 1767 ?

290 1816 441 1883 Τοὺς
472 1822 812 1891 νεωτέρους
850 1824 1138 1891 ὡσαύτως
1205 1825 1538 1894 παρακάλει
1573 1842 1806 1896 σωφρο-

1979 1828 2047 1895 il,
2084 1830 2192 1886 6-8.
2247 1832 2620 1889 Adolescentes
2667 1834 3020 1890 consimiliter
3064 1835 3374 1902 adhortare,
3434 1825 3500 1893 αῖ

220 1906 366 1975 νεῖν,
414 1912 563 1978 περὶ
604 1912 803 1967 ,πάντα
854 1914 1119 1970 σεαυτὸν
1171 1919 1585 1986 παρεχόμενον
1621 1918 1813 1972 τύπον

219 2000 420 2054 καλῶν
477 2001 703 2071 ἔργων,
738 2005 808 2058 ἐν
857 2004 933 2075 τῇ
979 2004 1347 2076 διδασκαλίᾳ
1396 2007 1809 2078 ἀδιαφθορίαν,

217 2093 587 2162 σεμνότητα,
651 2094 1014 2166 ἀφθαρσίαν,
1047 2101 1234 2170 λόγον
1283 2101 1445 2170 ὑγιῆ,
1472 2102 1812 2172 ἀκατάγνω-

220 2200 383 2249 στον,
428 2186 544 2241 ἵνα
584 2189 619 2241 d
671 2187 741 2253 ἐξ
765 2190 1049 2256 ἐναντίας
1097 2191 1386 2262 ἐντραπῇ,
1429 2194 1625 2263 μηδὲν
1654 2195 1812 2264 ἔχων

220 2278 348 2347 περὶ
377 2278 566 2348 ἡμῶν
601 2280 807 2350 λέγειν
833 2283 1095 2351 φαῦλον.

285 2373 452 2443 Ὁρᾷς
503 2372 630 2437 πῶς
690 2376 1085 2445 προσηκόντως
1144 2377 1379 2445 διέταξε,
1418 2382 1541 2444 ταῖς
1586 2381 1684 2451 μὲν
1708 2398 1808 2450 γυ-

221 2465 379 2531 ναιξὶ,
432 2471 717 2536 γυναῖκας
750 2470 847 2523 καὶ⁹
903 2471 1268 2542 πρεσϐύτιδας
1298 2474 1655 2538 διδασκάλους
1685 2478 1810 2529 ἐπιμ-

224 2558 439 2628 στήσας,
473 2562 595 2624 τοῖς
615 2559 670 2614 δὲ
698 2562 980 2633 ἀνδράσιν,
1008 2564 1169 2617 αὑτὸν
1198 2565 1290 2619 τὸν
1314 2567 1503 2634 Τῖτον;
1537 2587 1557 2620 1
1596 2570 1808 2639 Σωφροε

223 2649 342 2714 ν.ῖν,
373 2669 395 2702 ›
422 2650 626 2721 φησιν.
659 2653 827 2705 Οὐδὲν
860 2653 969 2725 γὰρ
1004 2655 1176 2719 οὕτως
1203 2660 1270 2730 τῇ
1293 2658 1503 2729 νεότητι
1522 2660 1803 2728 πολέμιον,

222 2741 291 2802 ὡς
325 2743 352 2793 ὁ
396 2739 517 2796 τῶν
576 2744 850 2811 σωμάτων
898 2744 1060 2815 ἔρως.
1090 2764 1108 2797 1
1142 2747 1378 2801 Σεαυτδν
1430 2749 1805 2820 παρεχόμενον

221 2833 402 2886 τύπον.
443 2852 465 2885 ι
505 2833 711 2896 Ἔστω,
760 2835 928 2905 φησι,
959 2837 1139 2890 κοινὸν
1169 2839 1341 2891 ἅπασι
1371 2839 1745 2894 διδασκαλεῖον
1772 2841 1799 2892 ὁ

225 2925 304 2985 ei;
332 2922 449 2993 βίος
491 2925 591 2978 καὶ
628 2925 949 2996 ὑπόδειγμα.
988 2945 1006 2979 1
1054 2929 1140 2982 Ἐν
1164 2932 1232 3001 τῇ
1273 2929 1613 3003 διδασκαλίᾳ.
1654 2950 1671 2983 ι
1708 2931 1800 2989 Τὸ.

225 3016 633 3088 ηαρεχόμενος,
661 3019 776 3071 em
837 3021 1040 3076 κοινοῦ.
1083 3023 1171 3077 Ἐν
1215 3025 1280 3095 τῇ
1329 3019 1422 3077 οὖν
1466 3025 1801 3096 διδασκαλίᾳ,

223 3104 602 3179 παρεχόμενον
646 3110 930 3180 ἀφθορίαν,
965 3131 983 3165 1
1047 3114 1388 3185 Σεμνότητα.
1440 3134 1459 3167 ι
1519 3117 1801 3178 Τουτέστι,

224 3202 517 3271 κοινότητα
588 3202 680 3255 καὶ
714 3198 826 3258 οἷον
850 3206 1182 3277 ἁτυφότητα.
1224 3226 1243 3259 1
1284 3209 1392 3261 Καὶ
1418 3208 1745 3279 σεμνότητα.
1778 3228 1797 3260 ι

226 3294 509 3362 Τουτέστι,
552 3298 631 3367 μὴ
647 3297 724 3361 ὡς
747 3298 929 3368 ἄρχων
962 3317 1067 3365 τις,
1106 3300 1241 3372 μηδὲ
1272 3301 1348 3365 ὡς
1385 3303 1672 3357 ύποτελέσι
1700 3302 1809 3357 δια·

225 3386 672 3456 ).εγόμενον.ἀλλ’
690 3391 867 3459 ἠπίως
887 3391 1204 3455 ὡςτέκνοις.
1239 3412 1256 3445 1
1289 3394 1398 3448 Καὶ
1416 3394 1571 3464 λόγον
1598 3396 1748 3467 ὑγιῆ.
1780 3416 1798 3448 ι

229 3478 325 3530 Τὸν
353 3479 468 3531 τῶν
495 3479 785 3548 δογμάτων
814 3482 1078 3549 δηλονότι.
1113 3482 1331 3537 Τούτων
1358 3484 1467 3557 γὰρ
1498 3488 1807 3557 προσόντων

229 3569 288 3635 τῇ
316 3568 663 3643 διδασκαλία,
695 3573 1096 3646 ὲντραπήσεται
1120 3574 1147 3627 ὁ
1182 3574 1242 3640 ἐξ
1281 3577 1552 3642 ἐναντίας,
1577 3578 1607 3646 ἢ
1637 3581 1665 3633 ὁ
1694 3579 1809 3634 διά-

231 3656 397 3721 ϐολος,
425 3658 460 3732 ἣ
495 3660 526 3713 ὁ
552 3661 851 3731 αἰρετικδς,
887 3664 1162 3736 μηδεμίαν
1191 3665 1462 3738 εὑρίσκων
1483 3668 1652 3740 λαϐὴν
1685 3670 1806 3724 καθ’

231 3746 404 3815 ἡμῶν.

822 3887 1072 3947 ΚΕΦΛΛ.
1125 3892 1198 3946 Δ’.

232 4012 363 4081 Περὶ
392 4012 659 4080 δούλων,
691 4016 771 4084 ὡς
811 4019 1025 4099 cit-real
1053 4022 1230 4099 αὐτοὶ
1252 4024 1369 4099 τῆς
1404 4027 1668 4094 Χριστοῦ
1704 4028 1808 4099 χὰ-

609 4103 778 4153 ριτος
809 4090 986 4157 ἀξίως
1043 4090 1417 4149 δουλεύοιεν.

296 4200 565 4264 Δούλους
611 4200 785 4270 ἰδίοις
830 4203 1158 4275 δεσπόταις
1216 4211 1704 4279 ὑποτάσσεσθαι,
1741 4216 1811 4270 ἐν

231 4284 412 4341 πᾶσιν
450 4288 819 4359 εὐαρέστους
864 4290 1036 4361 εἶναι,
1083 4296 1170 4365 μὴ
1225 4299 1687 4370 ἀντιλέγοντας,
1723 4304 1813 4374 μὴ

232 4378 720 4448 νοσφιζομένους,
769 4384 933 4439 ἀλλά
972 4388 1181 4441 πίστιν
1230 4388 1440 4444 πᾶσαν
1496 4394 1810 4449 ἐνδεικνυ-

1916 1929 2267 1990 temperantes
2317 1924 2468 1978 sint:
2519 1941 2612 1993 per
2644 1928 2825 1980 omnia
2875 1926 3205 1994 temetipsum
3256 1928 3492 1998 praebens

1913 2012 2143 2081 formam
2168 2012 2421 2066 bonorum
2451 2031 2687 2083 operum,
2724 2016 2780 2069 in
2833 2010 3077 2071 doctrina
3109 2018 3492 2088 integritatem,

1911 2102 2259 2170 honestatem,
2293 2106 2764 2174 incorruptionem,
2794 2122 3087 2160 sermonem
3113 2124 3328 2175 sanum,
3359 2110 3495 2164 irre-

1911 2191 2332 2258 prehensibilem.
2366 2202 2421 2245 ut
2454 2194 2498 2247 is
2526 2194 2618 2261 qui
2653 2203 2933 2264 repugnat,
2983 2195 3177 2249 rubore
3213 2197 3494 2267 suffunda-

1914 2288 2029 2345 tur,
2067 2280 2197 2335 nihil
2228 2284 2420 2337 habens
2448 2284 2587 2353 quod
2609 2283 2673 2338 de
2702 2284 2852 2339 nobis
2879 2284 3022 2338 dicat
3058 2286 3207 2340 mali.

1984 2371 2146 2429 Vides
2172 2390 2335 2444 quam
2370 2390 2612 2445 congrue
2645 2377 2986 2446 praeceperit,
3009 2378 3335 2433 mulieribus
3359 2379 3490 2449 qui-

1907 2464 2030 2521 dem
2060 2467 2318 2523 mulieres
2344 2476 2397 2523 et
2430 2482 2568 2524 anus
2600 2469 2900 2539 praeficiens
2929 2478 3316 2540 praeceptores,
3348 2472 3491 2528 viris

1908 2566 2089 2612 autem
2119 2556 2291 2626 ipsum
2322 2554 2545 2612 Titum?
2569 2577 2587 2609 1
2611 2557 2682 2613 Ut
2728 2566 3098 2627 temperantes
3127 2560 3259 2615 sint.
3296 2579 3315 2613 ι
3344 2559 3494 2617 Nihil

1906 2647 2051 2701 enim
2082 2647 2219 2701 adeo
2251 2647 2449 2702 hostile
2480 2654 2566 2702 est
2593 2647 2870 2717 juventuti
2920 2647 3065 2702 sicut
3118 2661 3274 2702 amor
3297 2661 3505 2717 eorpo-.

1907 2754 2049 2792 rum.
2094 2757 2112 2790 1
2149 2737 2226 2793 Te
2257 2740 2436 2808 ipsum
2472 2740 2721 2810 praebens
2754 2737 3005 2793 formam.
3045 2757 3064 2792 ι
3096 2737 3212 2793 Tua
3258 2739 3369 2795 vita
3402 2747 3493 2794 at-

1906 2845 2013 2900 que
2068 2831 2402 2900 exemplum,
2438 2831 2509 2885 sit
2542 2830 2798 2885 omnibus
2853 2830 3163 2886 communis
3210 2830 3492 2885 doctrina.

1915 2940 1932 2971 1
1973 2919 2029 2975 In
2058 2922 2330 2976 doctrina.
2376 2940 2394 2974 ι
2432 2923 2473 2975 Α
2525 2923 2801 2976 communi
2863 2922 3225 2991 intelligentia
3290 2924 3486 2993 supple

1905 3014 2186 3068 Prwbens.
2220 3013 2277 3067 in
2317 3012 2566 3068 doctrina
2600 3013 2768 3084 igitur
2801 3014 3052 3084 prrebens
3084 3014 3498 3083 integritatem,

1908 3102 2331 3157 familiaritatem
2359 3110 2412 3156 et
2435 3102 2726 3171 quamdam
2751 3102 3136 3157 humilitatem.
3164 3119 3195 3153 1.
3223 3101 3490 3158 Honesta-

1918 3204 2050 3249 tem.
2094 3212 2112 3245 ›
2157 3194 2214 3248 id
2245 3203 2351 3258 est,
2385 3208 2495 3248 non
2526 3202 2787 3264 tanquam
2822 3184 3080 3263 princeps
3113 3193 3338 3263 aliquis,
3392 3208 3492 3248 ne-

1909 3300 2015 3355 que
2046 3286 2212 3340 veluti
2236 3301 2360 3340 cum
2393 3286 2704 3341 tributariis
2757 3293 2854 3340 aut
2889 3284 3155 3355 subjectis
3183 3284 3489 3351 disserens,

1908 3376 2069 3447 295
2096 3376 2191 3432 sed
2218 3377 2415 3433 blande
2442 3391 2505 3432 ac
2536 3378 2731 3432 leniter
2759 3377 2924 3431 veluti
2960 3391 3085 3431 cmn
3114 3375 3258 3431 (iliis.
3296 3393 3314 3427 1
3355 3373 3487 3430 Ser-

1911 3485 2125 3523 nionem
2157 3485 2351 3524 sanum
2387 3488 2401 3525 :
2430 3488 2449 3521 ι
2476 3470 2726 3525 videlicet
2761 3469 3100 3539 dogmatum.
3130 3466 3264 3522 Nam
3293 3468 3337 3523 si
3380 3468 3495 3521 haec

1912 3559 2096 3615 adsint
2120 3561 2407 3627 doctrinae,
2453 3566 2655 3614 rubore
2705 3560 3054 3617 suﬂ'undeiur
3102 3559 3149 3613 is
3194 3559 3285 3629 qui
3331 3573 3495 3629 repu-

1910 3659 2058 3722 gnat,
2123 3654 2239 3707 sive
2302 3653 2674 3707 calumniator
2735 3660 2830 3706 aut
2898 3652 3210 3714 hazreticus,
3277 3651 3487 3707 nullam

1910 3743 2192 3799 inveniens
2225 3744 2486 3800 adversus
2516 3760 2618 3800 nos
2652 3743 3019 3800 calumniandi
3060 3759 3279 3821 ansam.

2496 3876 2726 3933 CAPUT
2786 3876 2877 3932 IV.

1912 4012 1991 4066 De
2021 4015 2209 4080 servis,
2239 4023 2295 4067 ut
2316 4013 2420 4082 ipsi
2450 4028 2656 4082 quoque
2677 4012 2917 4093 decenter
2940 4011 3014 4065 ad
3035 4009 3239 4064 Christi
3260 4011 3501 4082 gratiam

2572 4092 2828 4136 serviant.

1983 4197 2047 4261 ll,
2080 4198 2201 4252 9—H
2265 4196 2458 4253 Servos
2494 4197 2729 4256 hortare.
2764 4194 2952 4248 utsuis
2984 4191 3218 4248 dominis
3238 4202 3489 4262 pareant,

1914 4293 1969 4346 in
2011 4290 2256 4345 omnibus
2310 4291 2446 4345 illi!
2468 4285 2734 4360 placeant,
2776 4303 2881 4341 non
2923 4294 3342 4355 responsatores,
3386 4300 3497 4339 non
3556 4295 3569 4303 ‘

1914 4384 2265 4453 sit/furantes,
2301 4381 2393 4437 sed
2422 4383 2581 4452 ﬁdem
2620 4396 2825 4436 omnem
2878 4378 3209 4433 ostendentes
3243 4375 3435 4430 bonam
3466 4391 3486 4430 :

227 4467 443 4536 μένους
476 4471 730 4540 ἀγαθὴν,
773 4476 874 4529 ἵνα
913 4479 1028 4544 τὴν
1075 4479 1483 4539 διδασκαλίαν
1526 4487 1633 4540 τοῦ
1685 4488 1805 4540 Σω-

1918 4487 1974 4532 ut
2005 4478 2310 4533 doctrinam
2333 4475 2637 4532 Saluatoris
2662 4474 2835 4529 nostri
2873 4473 2968 4527 Dei
3010 4480 3195 4527 ornent
3227 4472 3283 4524 in
3315 4468 3492 4525 omni-

233 4559 403 4629 τῆρος
441 4563 615 4633 ἡμῶν
644 4567 791 4621 Θεοῦ
832 4568 1143 4639 κοσμῶσιν
1174 4573 1245 4626 ἐν
1281 4574 1493 4631 πᾶσιν.

297 4655 370 4706 Ob
422 4656 536 4727 χρὴ
582 4656 674 4711 οὖν
711 4662 982 4731 προτάσει
1023 4664 1308 4731 εὐλαϐείας
1349 4668 1528 4737 αἴρειν
1576 4669 1799 4736 δού)ους

234 4743 335 4797 ἀπὸ
364 4746 671 4804 δεσποτῶν.
722 4768 742 4802 1
791 4753 882 4824 Μὴ
925 4754 1326 4823 ἀντιλέγοντας.
1365 4776 1384 4810 ι
1421 4758 1494 4812 Τὸ
1528 4761 1808 4831 πειθήνιον

235 4838 322 4888 καὶ
346 4838 587 4893 ἄκλοπον
635 4847 912 4913 παραινεῖ.
948 4845 1120 4900 Τοῦτο
1155 4851 1263 4918 γὰρ
1308 4850 1544 4919 μάλιστα
1596 4852 1809 4918 δούλοις

236 4927 509 4997 ἁρμόδιον.
569 4952 589 4985 1
631 4933 751 4988 ἰνα
787 4936 887 5007 τὴν
919 4937 1271 4994 διδασκαλίαν
1331 4942 1425 4996 τοῦ
1470 4945 1742 5016 Σωτῆρος.
1784 4965 1805 5000 ι

236 5022 471 5088 Εἰκότως
507 5026 694 5096 ἔλεγεν
726 5028 983 5102 ἀλλαχοῦ,
1025 5049 1046 5083 1
1100 5031 1189 5097 Ὧς
1220 5033 1299 5102 τῷ
1320 5033 1441 5104 Θεῷ
1467 5035 1812 5101 δουλεύοντες

237 5114 324 5165 καὶ
357 5116 462 5168 οὐκ
509 5114 839 5186 ἀνθρώποις.
884 5136 904 5170 ι
943 5119 1064 5173 Κᾶν
1095 5121 1206 5189 γὰρ
1233 5119 1313 5190 τῷ
1344 5120 1603 5192 δεσπότῃ,
1650 5122 1805 5192 φησὶ,

236 5199 485 5275 διακονῇς
544 5206 661 5277 μετ’
697 5205 930 5272 εὐνοίας,
983 5207 1097 5261 ἀλλ’
1142 5211 1176 5279 ἠ
1222 5209 1493 5280 πρόφασις
1552 5211 1661 5265 ἀπὸ
1710 5211 1806 5265 τοῦ

240 5294 399 5359 φόϐου
432 5297 529 5349 τοῦ
565 5296 701 5351 Θεοῦ
734 5298 835 5370 τὴν
861 5299 1036 5370 ἀρχὴν
1068 5299 1204 5371 ἔχει.
1235 5301 1298 5355 El
1334 5303 1442 5372 γὰρ
1463 5301 1653 5371 φαῦλοι
1681 5297 1805 5369 ὦσι,

246 5387 392 5455 φησὶ,
446 5387 540 5441 τὸν
588 5388 1017 5460 Χριστιανισμὺν
1083 5392 1445 5463 ὲνυὸρίζουσι.
1506 5411 1525 5445 ι
1580 5393 1654 5447 To
1699 5396 1807 5467 γὰρ

241 5472 402 5543 ὄνομα
454 5474 552 5529 τοῦ
586 5477 722 5533 Θεοῦ
751 5478 820 5533 δι’
855 5481 1000 5553 ὑμᾶς
1039 5481 1459 5554 βλασφημεῖται,
1494 5503 1513 5536 ι
1545 5484 1696 5555 φησί.
1729 5486 1810 5541 Τὰ

242 5562 292 5615 δὲ
313 5567 598 5637 είρημένα,
617 5570 898 5639 ποιοῦντες
916 5575 1182 5646 κοσμοῦσι
1208 5575 1267 5628 τὸ
1290 5577 1575 5648 κήρυγμα,
1607 5577 1809 5641 πιστῶς

241 5654 591 5725 δουλεύοντες.

315 5817 327 5847 ⁸
382 5819 587 5889 Ephes.
622 5836 699 5891 vi,
741 5822 794 5877 7.
871 5826 891 5857 ⁸
924 5822 1024 5879 lsa.
1060 5838 1157 5890 ιιι,
1192 5825 1262 5879 52
1299 5842 1313 5889 ς
1392 5825 1550 5881 item.
1586 5842 1647 5893 ιι,
1682 5828 1751 5880 ει

1919 4570 2038 4623 bus.

1977 4659 2097 4714 Non
2124 4663 2340 4729 oportet
2360 4671 2492 4727 ergo
2518 4664 2785 4727 praetextu
2815 4653 3036 4725 pietatis
3069 4650 3263 4705 tollere
3297 4662 3489 4706 servos

1909 4767 1938 4806 a
1975 4750 2237 4806 dominis.
2277 4767 2295 4801 1
2337 4748 2457 4803 Non
2502 4757 2939 4818 responsatores.
2975 4764 2994 4797 ι
3028 4743 3302 4797 Admonet
3365 4755 3490 4795 ser-

1908 4841 2143 4897 vandam
2175 4841 2543 4897 obedientiam
2566 4854 2631 4894 ac
2683 4838 2997 4893 fidelitatem
3033 4853 3048 4903 ;
3083 4836 3134 4891 id
3173 4835 3320 4890 enim
3373 4847 3492 4885 ma-

1914 4937 2059 4991 xime
2097 4949 2287 4991 servos
2343 4934 2522 4989 decet.
2555 4951 2575 4986 1
2619 4932 2690 4989 Ut
2728 4931 3041 4987 doctrinam
3098 4927 3427 4984 Salvatnris.
3467 4942 3488 4976 ι

1915 5027 2107 5097 Merito
2139 5027 2281 5081 dixit
2328 5026 2462 5081 alibi
2493 5043 2509 5081 :
2543 5043 2562 5077 1
2599 5023 2884 5093 Tanquam
2931 5023 3038 5076 Deo
3062 5020 3398 5082 servientes,
3437 5023 3492 5070 et

1915 5133 2024 5173 non
2062 5119 2377 5174 hominibus
2418 5117 2458 5172 ⁸.
2491 5136 2511 5169 ι
2553 5115 2834 5186 Siquidem
2890 5125 3205 5184 quanquam
3270 5108 3491 5163 domino

1912 5226 2036 5266 cum
2071 5208 2450 5265 benevolentia
2476 5207 2779 5270 ministres,
2855 5204 3055 5275 inquit,
3120 5199 3343 5257 occasio
3396 5204 3488 5251 ta-

1912 5317 2037 5357 men
2064 5302 2281 5355 iuitium
2318 5300 2481 5356 habet
2520 5315 2550 5353 a
2581 5300 2779 5352 timore
2832 5295 2949 5351 Dei.
3003 5294 3059 5348 Si
3098 5291 3265 5347 enim
3331 5286 3483 5357 pravi

1915 5402 2067 5458 sunt,
2113 5391 2599 5447 Christianismum
2636 5387 2969 5444 contumelia
3022 5383 3282 5439 alliciunt.
3322 5398 3341 5430 ς
3379 5375 3487 5431 Νο-

1915 5480 2038 5540 men
2072 5486 2216 5540 enim
2272 5484 2363 5539 Dei
2404 5491 2627 5554 prepler
2662 5497 2780 5543 vos,
2806 5480 2902 5542 ait,
2931 5473 3285 5547 blasphemiis
3317 5467 3483 5524 allici-

1913 5586 2004 5630 tur
2029 5578 2078 5631 ³.
2124 5594 2141 5626 ι
2175 5575 2278 5641 Qui
2328 5584 2509 5630 autem
2567 5573 2795 5630 fecerint
2848 5586 2909 5625 ea
2964 5583 3087 5637 quae
3139 5563 3285 5619 dicta
3331 5570 3458 5617 sunt

1913 5667 2357 5739 praedicationem
2395 5675 2612 5732 ornant,
2657 5662 2886 5719 ﬁdeliter
2909 5658 3232 5715 servientes.
