3988 6568
494 332 604 394 2.55

491 545 641 596 uibus
664 545 981 607 hominibus,
1006 547 1252 601 erudiens
1286 567 1402 615 nos,
1436 564 1491 604 ut
1514 552 1770 622 abuegatu
1794 553 2060 621 impietate

488 647 536 685 et
571 635 853 692 mundanis
910 635 1368 709 concupiscentiis,
1422 653 1565 696 caste
1606 656 1653 697 et
1679 647 1828 715 juste
1869 664 1932 700 ac
1976 650 2061 717 pie

489 728 721 781 vivamus
753 730 807 783 in
847 734 1098 801 prwsettti
1148 735 1366 799 strculo,
1428 749 1789 804 exspectantes
1850 741 2059 796 beatam

486 839 650 890 spem,
691 835 740 878 et
765 829 1151 894 apparitionem
1181 830 1367 899 gloria'
1399 834 1577 901 magni
1611 833 1705 888 Dei
1726 846 1775 888 et
1804 836 2058 892 Salvato-

484 915 561 969 ris
586 920 756 971 nostri
785 916 919 972 Jesu
963 920 1166 975 Christi
1199 937 1219 975 :
1253 923 1344 991 qui
1376 923 1521 978 dedit
1588 929 1930 993 semetipsum
1961 947 2059 999 pro

484 1012 659 1074 nobis,
693 1021 749 1065 ut
783 1014 1062 1070 redimeret
1106 1034 1202 1071 nos
1227 1018 1292 1071 ab
1333 1021 1476 1074 omni
1506 1022 1800 1091 iniquitate,
1830 1035 1878 1078 et
1910 1028 2059 1096 puri-

480 1102 661 1172 ﬁcaret
692 1107 795 1159 sibi
828 1107 929 1175 ipsi
967 1110 1220 1179 populum
1246 1112 1569 1181 peculiarem
1595 1127 1916 1174 sectatorem
1956 1119 2052 1175 bo-

479 1210 668 1249 norum
707 1215 946 1267 operum.

549 1381 756 1438 Deinde
787 1386 950 1439 etiam
981 1402 1205 1444 causam
1236 1394 1388 1462 ponit
1412 1409 1511 1449 cur
1532 1412 1721 1453 servos
1756 1415 1881 1455 esse
1916 1403 2051 1456 tales

476 1481 745 1539 oporteat.
783 1474 988 1540 Lluxit,
1025 1477 1225 1548 inquit,
1252 1484 1429 1551 gratia
1470 1482 1563 1539 Dei
1614 1487 1872 1544 erudiens
1926 1505 2047 1544 nos.

475 1562 611 1616 Cum
642 1564 810 1634 igitur
848 1567 1012 1623 Deum
1066 1570 1364 1631 habeamus
1400 1576 1705 1646 doctorem,
1754 1581 1919 1653 296
1966 1584 2048 1637 An

474 1671 582 1709 non
613 1673 827 1727 aequum
862 1668 968 1727 est,
1003 1663 1351 1724 olfaciamus
1387 1685 1508 1739 quae
1534 1670 1843 1727 doctrinam
1873 1674 2048 1743 ipsius

1559 342 1724 401 (EUU
1738 340 1957 401 MENII
1999 341 2295 404 TRICCAZ
2338 344 2679 407 EPISCOPI

518 508 521 511 μ
564 454 626 509 ll.
666 451 854 505 12-14.
889 452 1077 507 Illuxit
1118 445 1255 509 enim
1289 459 1464 526 gratia
1490 456 1586 513 Dei
1617 460 1910 531 salutifera
1938 476 2055 514 om-
2084 460 2133 520 Δ

3629 356 3743 419 25ίῖ

2246 462 2543 531 Ἐπεφάνη
2581 465 2689 534 γὰρ
2729 466 2767 534 ἡ
2797 464 2969 534 χάρις
3025 467 3132 521 τοῦ
3157 467 3306 523 Θεοῦ
3354 469 3393 539 ἠ
3444 472 3735 539 σωτήριος

2164 550 2354 608 πᾶσιν
2387 555 2741 623 ἀνθρώποις,
2783 557 3155 615 παιδεύουσα
3200 559 3381 628 ἡμᾶς,
3408 562 3513 617 ἵνα
3548 566 3735 632 ἀρνη-

2161 645 2410 713 σάμενοι
2450 648 2566 713 τὴν
2613 648 2896 703 ἀσέϐειαν
2924 650 3022 704 καὶ
3065 652 3172 718 τὰς
3201 652 3498 721 κοσμικὰς
3532 654 3739 710 sxto»-

2155 736 2320 806 μίας,
2348 741 2672 807 σωφρόνως
2707 743 2802 796 καὶ
2851 743 3090 810 δικαίως
3136 744 3235 799 καί
3264 746 3527 813 εὐσεϐῶς
3554 745 3740 811 ζήσω·

2154 847 2271 898 μεν
2295 831 2365 884 ἐν
2404 831 2481 897 τῷ
2512 833 2626 887 νῦν
2653 835 2841 902 αἰῶνι,
2876 837 3347 907 προσδεχόμενοι
3390 838 3507 906 τὴν
3547 857 3738 907 μακα-

2153 920 2297 986 ρίαν
2338 921 2556 976 ἐλπίδα
2599 924 2697 977 καὶ
2742 925 3096 995 ἐπιφάνειαν
3134 929 3244 997 τῆς
3272 928 3457 997 δόξης
3487 931 3607 985 τοῦ.
3634 950 3738 1002 με·

2159 1007 2351 1077 γάλου
2399 1012 2548 1065 Θεοῦ
2573 1014 2667 1067 καὶ
2696 1016 2967 1084 Σωτῆρος
3006 1017 3174 1086 ἡμῶν
3214 1018 3421 1087 Ἰησοῦ
3450 1023 3734 1090 Χριστοῦ,

2159 1096 2224 1163 ὃς
2278 1097 2502 1153 ἔδωκεν
2545 1101 2763 1157 ἑαυτὸν
2792 1106 2946 1174 ὑπὲρ
2996 1106 3185 1176 ἡμῶν,
3216 1109 3317 1163 ἵνα
3356 1111 3738 1180 λυτρώσηται

2155 1186 2313 1254 ἡμᾶς
2346 1191 2464 1244 άπὸ
2496 1193 2701 1261 πάσης
2738 1196 3011 1266 ἀνομίας,
3054 1201 3151 1254 καί
3207 1205 3508 1272 καθαρίσῃ
3539 1203 3736 1270 ἑαυτῷ

2156 1281 2309 1333 ,λαὸν
2340 1287 2692 1352 περιούσιον
2720 1288 2993 1359 ζηλωτὴν
3025 1292 3231 1347 καλῶν
3272 1295 3481 1364 ἔργων.

2227 1367 2360 1426 Εἶτα
2386 1375 2481 1427 καὶ
2509 1377 2690 1430 αἰτίαν
2712 1379 2806 1432 τοῦ
2827 1381 3026 1451 χρῆναι
3056 1384 3181 1448 τοὺς
3209 1385 3429 1450 δούλους
3449 1387 3734 1453 τοιούτους

2153 1457 2297 1517 εἶναι
2338 1464 2475 1536 πρὸς
2511 1468 2638 1532 τοὺς
2680 1470 2947 1538 δεσπότας
2996 1474 3233 1546 τίθησιν.
3283 1479 3560 1550 Ἐπεφάνη
3598 1481 3729 1552 γὰρ.

2154 1555 2341 1625 φησιν,
2371 1558 2404 1627 ἡ
2432 1557 2591 1629 χάρις
2612 1561 2705 1615 τοῦ
2732 1562 2867 1617 Θεοῦ
2894 1565 3219 1621 παιδεύουσα
3254 1569 3420 1640 ἡμᾶς.
3452 1570 3516 1624 υί
3545 1571 3732 1624 τοίνυν

2150 1645 2287 1701 Θεοῦ
2319 1649 2608 1705 παιδευτοῦ
2649 1657 2923 1725 τυχόντες,
2966 1658 3083 1723 πῶς
3127 1661 3227 1715 οὐκ
3281 1660 3568 1732 ὀφείλομεν
3598 1662 3733 1729 ἄξια

471 1746 746 1804 deceant?
793 1771 810 1801 ι
845 1753 914 1807 Ut
939 1755 1229 1826 abnegata.
1264 1776 1284 1811 ι
1322 1738 1609 1831 Apparitio
1642 1772 1824 1819 autem
1858 1738 2028 1821 salva

2149 1738 2248 1808 τῆς
2270 1739 2438 1794 αὑτοῦ
2476 1742 2738 1813 πράττειν
2764 1747 2980 1819 διδαχῆς
3006 1766 3021 1815 ;
3049 1770 3067 1803 ι
3116 1752 3233 1806 Ἵνα
3260 1754 3656 1824 ἀρνησάμενοι.
3701 1772 3721 1805 ι

2164 1829 2224 1861 ’1-1
2268 1833 2324 1861 ιι.
2376 1834 2664 1861 ι-..-.ι.,-...
2723 1837 2812 1861 --ε
2858 1841 2897 1861 ιη
2950 1843 3108 1861 _g,,-
3155 1844 3178 1861 ,1
3242 1843 3268 1857 ι-
3366 1844 3405 1861 Α
3473 1846 3498 1859 ο

469 1840 607 1895 toris
632 1844 805 1898 nostri
835 1844 950 1911 Dei,
991 1847 1095 1907 hoc
1128 1858 1235 1914 est,
1267 1852 1536 1908 adventus
1582 1856 1637 1909 in
1694 1872 1881 1925 carne,
1933 1875 2043 1914 non

477 1933 660 1987 solum
717 1936 999 2004 prioribus
1057 1944 1300 2011 peccatis
1357 1962 1460 2001 nos
1521 1948 1795 2019 liberavit,
1854 1967 2043 2008 verum

466 2023 632 2077 etiam
662 2029 975 2085 securiores
1003 2031 1055 2085 in
1093 2042 1373 2102 posterum
1416 2036 1565 2095 fecit.
1622 2039 1820 2099 Dicens
1853 2045 1995 2100 enim
2024 2064 2038 2101 :

467 2115 538 2170 Ut
572 2117 868 2187 abnegala,
926 2108 1199 2192 significat
1241 2143 1493 2199 magnam
1554 2135 1956 2203 separationem
1988 2148 2044 2194 et.

464 2204 869 2265 abstinentiam.
902 2232 921 2263 ι
950 2212 1230 2282 lmpietate
1250 2228 1303 2273 et
1330 2222 1623 2277 mundanis
1647 2228 2045 2296 concupiscen-

462 2295 574 2350 tiis.
614 2317 633 2349 ι
671 2298 1006 2370 lmpietatem
1042 2307 1262 2376 quidem
1309 2311 1437 2365 dicit
1467 2329 1762 2383 pravorum
1807 2295 2037 2390 dogma-

461 2397 575 2441 lum
631 2408 645 2445 :
696 2394 1006 2452 mundanas
1066 2413 1196 2454 vero
1249 2405 1728 2474 concupiscentiae
1793 2418 1849 2466 et
1915 2429 2038 2484 quas

458 2477 659 2531 animae
691 2490 741 2533 et
775 2497 898 2551 quae
945 2487 1197 2555 corporis
1229 2505 1244 2543 :
1281 2497 1448 2560 utque
1477 2509 1585 2549 uno
1619 2496 1787 2554 verbo
1833 2477 2035 2570 dicam,

457 2581 799 2639 quaecunque
846 2588 955 2627 non
1009 2582 1294 2633 transeunt
1336 2582 1623 2639 nobiscum
1683 2587 1737 2641 in
1803 2591 2033 2650 caelum.

457 2651 616 2719 Quod
647 2666 852 2721 autem,
879 2661 957 2715 ait
984 2679 998 2716 :
1024 2661 1207 2731 Caste,
1261 2683 1368 2722 non
1401 2670 1580 2727 solum
1633 2677 2033 2735 continentiam

452 2743 728 2814 signiﬁcat
779 2767 899 2820 quae
931 2762 1015 2809 est
1072 2756 1218 2813 circa
1276 2773 1524 2831 corpora,
1567 2780 1866 2839 eorumque
1918 2786 2035 2826 am-

454 2846 627 2901 orem,
661 2852 850 2894 verum
881 2845 1044 2898 etiam
1072 2860 1202 2917 erga
1254 2864 1469 2907 omnem
1504 2852 1869 2918 allectionem.
1910 2880 1929 2914 ι
1970 2861 2033 2919 In

450 2928 707 2995 praesenti
732 2932 953 2989 saeculo.
994 2953 1014 2987 ι
1048 2934 1183 2993 Nam
1209 2939 1313 2995 hoc
1343 2944 1601 2999 saeculum
1634 2946 1800 3005 habet
1847 2960 2029 3009 certa-

451 3030 600 3085 men,
631 3019 879 3078 l‘uturum
935 3042 1065 3082 vero
1114 3031 1524 3092 retributiones.
1558 3056 1579 3090 ι
1630 3036 2028 3112 Exspectantes

2164 1829 2224 1885 'H
2268 1833 2326 1884 δὲ
2375 1834 2667 1902 ἐπιφάνεια
2721 1837 2814 1891 τοῦ
2858 1841 3111 1912 Σωτῆρος
3152 1843 3309 1913 ήμῶν
3364 1844 3522 1912 Θεοῦ,
3562 1864 3726 1901 τουτ-

2147 1921 2318 1988 έστιν,
2358 1925 2391 1996 ἡ
2431 1929 2569 1995 μετὰ
2607 1931 2807 1999 σαρκὸς
2837 1932 3120 2004 ἐπιδημία,
3156 1935 3217 1988 οὗ
3253 1936 3412 2005 μόνον
3440 1937 3549 1993 τῶν
3586 1955 3727 2008 προ-

2144 2012 2320 2083 τέρων
2355 2016 2665 2089 ἀπήλλαξεν
2696 2023 3131 2095 ἁμαρτημάτων,
3174 2028 3309 2083 ἀλλὰ
3359 2032 3455 2084 καὶ
3494 2030 3628 2102 πρὸς
3661 2031 3726 2084 τδ

2146 2105 2339 2175 μέλλον
2371 2108 2808 2184 ἀσφαλεστέρους
2863 2117 3136 2188 ἐποίησεν.
3179 2118 3292 2173 Ἵνα
3354 2120 3484 2193 γὰρ,
3534 2124 3731 2193 φησιν,

2143 2195 2540 2269 ἀρνησάμενοι,
2585 2205 2683 2274 τὴν
2732 2206 2932 2278 πολλὴν
2968 2209 3178 2281 ἀποχὴν
3235 2214 3509 2283 σημαίνει.
3544 2233 3563 2266 ι
3606 2214 3725 2285 Τὴν

2144 2288 2401 2344 ἀσέϐειαν
2429 2293 2525 2347 καὶ
2566 2294 2665 2359 τὰς
2702 2300 2976 2369 κοσμικὰς
3012 2301 3335 2373 ἐπιθυμίας.
3376 2324 3393 2357 ι
3436 2306 3723 2360 Ἀσέὁειαν

2145 2380 2244 2449 μέν
2291 2399 2446 2453 φησι,
2483 2385 2582 2456 τὴν
2610 2388 2719 2442 τῶν
2752 2392 3004 2462 πονηρῶν
3025 2392 3331 2463 δογμάτων,
3362 2399 3632 2466 κοσμικὰς
3659 2398 3720 2451 δὲ

2142 2474 2455 2547 ἐπιθυμίας,
2486 2480 2607 2534 ὅσαι
2649 2498 2707 2535 τε
2759 2482 3008 2555 ψυχικαὶ,
3042 2487 3134 2541 καὶ
3160 2488 3281 2542 ὅσαι
3311 2491 3589 2559 σαρκικαὶ,
3621 2491 3723 2543 καὶ

2139 2567 2263 2621 ὅσαι
2304 2569 2489 2634 ἁπλῶς
2523 2576 2595 2642 μὴ
2621 2572 2958 2632 διαϐαίνουσι
2993 2579 3113 2650 μεθ’
3142 2581 3295 2651 ἡμῶν
3321 2585 3399 2644 είς
3428 2582 3517 2636 τὸν
3545 2583 3719 2653 οὐρα⁹

2136 2658 2245 2714 νόν.
2275 2660 2348 2714 Τὸ
2377 2660 2456 2730 δὲ,
2494 2665 2813 2735 Σωφρόνως,
2842 2670 2903 2723 οὐ
2928 2671 3024 2742 τὴν
3071 2673 3208 2743 πρὸς
3258 2673 3325 2727 τά
3358 2674 3582 2745 σώματα
3617 2676 3718 2729 καῖ

2137 2751 2231 2805 τὸν
2260 2751 2467 2807 τούτων
2504 2755 2687 2822 ἔρωτα
2733 2761 2943 2832 ἀποχὴν
3001 2763 3155 2834 δηλοί
3208 2766 3386 2835 μόνον,
3440 2766 3575 2820 ἀλλὰ
3611 2767 3713 2821 καὶ

2136 2844 2274 2917 πρὸς
2302 2848 2409 2903 πᾶν
2439 2849 2629 2915 πάθος.
2671 2868 2690 2904 ι
2740 2853 2828 2909 Ἐν
2856 2855 2934 2926 τῷ
2979 2857 3075 2912 νῦν
3125 2858 3302 2914 αἰῶνι.
3344 2879 3362 2912 ι
3394 2854 3566 2925 Οὗτος
3597 2863 3712 2934 γὰρ

2135 2934 2249 3007 ἔχει
2278 2938 2368 2992 τὸν
2392 2940 2600 3011 ἀγῶνα,
2633 2945 2662 2997 δ
2682 2943 2737 2999 δὲ
2771 2945 3001 3016 μέλλων,
3036 2949 3135 3015 τὰς
3162 2950 3508 3018 ἁντιδόσεις.ι
3534 2954 3719 3024 Προσο

2134 3027 2413 3101 δεχόμενοι
2469 3032 2568 3105 τὴν
2623 3038 2922 3106 μακαρίαν.
2978 3059 2999 3094 ι
3039 3041 3171 3096 Ἰδοὺ
3223 3044 3317 3098 καὶ
3367 3045 3435 3098 τὰ
3468 3044 3703 3100 ἔπαθλα.

446 3111 665 3169 hctttam
695 3133 869 3188 spem.
917 3140 937 3174 ι
980 3122 1120 3181 Ecce
1158 3136 1211 3181 et
1243 3131 1487 3200 praemia.
1520 3132 1655 3190 Vere
1685 3111 1832 3193 enim
1887 3141 2023 3196 nihil

2135 3120 2300 3176 Οὐδὲν
2328 3125 2439 3196 γάρ
2474 3126 2644 3192 ὅντως
2677 3130 2893 3203 ἐκείνης
2928 3135 3342 3207 μακαριώτερον
3371 3139 3467 3208 τῆς
3500 3140 3707 3206 ἐπιφαι-

445 3201 666 3262 beatius
697 3216 785 3263 est
820 3210 914 3266 illa
958 3214 1316 3285 apparitione.
1350 3237 1370 3271 ι
1406 3219 1627 3280 Gloriae.
1676 3245 1696 3279 ι
1737 3225 2017 3300 Siquidem

2135 3212 2297 3277 νείας.
2354 3231 2374 3265 ι
2410 3215 2522 3285 Τῆς
2567 3217 2750 3291 δόξης.
2798 3240 2819 3275 s
2849 3201 2940 3276 V'H‘
2969 3201 3092 3294 γὰρ⁷
3130 3201 3358 3297 δευτέρα
3409 3201 3706 3297 ἐπιφάνεια

450 3301 727 3357 secundus
758 3303 1024 3362 adventus
1044 3323 1165 3363 cum
1194 3311 1365 3380 gloria
1397 3314 1523 3379 erit,
1552 3331 1677 3372 cum
1710 3318 1876 3376 fuerit
1904 3325 2020 3393 pri-

446 3401 572 3442 mus
605 3405 729 3444 cum
756 3392 1087 3463 abjectione.
1112 3416 1133 3451 ι
1162 3398 1339 3471 Magni
1370 3403 1484 3459 Dei.
1517 3424 1536 3458 ι
1578 3405 1679 3463 Ubi
1707 3425 1857 3467 nunc
1888 3392 2019 3470 sunt

448 3479 744 3550 impiorum
816 3482 1131 3555 dogmatum
1191 3488 1524 3559 inventores,
1569 3497 1662 3568 qui
1735 3499 2015 3559 Christum

448 3582 708 3628 asserunt
737 3590 847 3630 non
882 3593 1005 3633 esse
1036 3577 1227 3645 Deum,
1257 3591 1351 3637 ant
1376 3586 1640 3643 minorem
1663 3604 1786 3646 esse
1813 3587 2019 3649 Patre?

444 3663 583 3718 Nam
627 3667 729 3722 hoc
766 3668 887 3724 loco
939 3680 1129 3741 aperte
1161 3672 1333 3729 Deum
1361 3677 1526 3732 etiam
1558 3695 1810 3751 magnum
1847 3686 2013 3754 proti-

446 3766 593 3811 tetur
617 3759 911 3829 Apostolus
950 3778 1074 3819 esse
1102 3763 1407 3824 Christum.
1463 3769 1688 3841 Magnus
1727 3789 1875 3841 vero,
1903 3793 2011 3833 non

442 3845 735 3919 distinguit
789 3852 1051 3910 adversus
1095 3857 1333 3927 aliquem
1386 3874 1610 3930 parvum
1651 3866 1811 3920 deum
1854 3885 1870 3922 :
1909 3870 2013 3926 mi-

440 3938 631 3994 nimel
681 3941 775 3996 sed
806 3944 1054 4001 absolute
1077 3948 1149 4001 ita
1175 3965 1428 4021 magnus,
1458 3960 1518 4007 ut
1548 3969 1614 4009 eo
1638 3957 1815 4027 major
1847 3975 2010 4018 nemo

440 4030 615 4096 possit
649 4029 897 4102 intelligi.
932 4051 951 4085 ι
989 4033 1256 4105 Populum
1294 4041 1627 4109 peculiarem
1660 4060 1675 4098 :
1717 4064 1736 4098 ι
1764 4047 1868 4103 hoc
1898 4058 2006 4118 est,

437 4121 507 4173 ab
537 4121 660 4177 aliis
691 4133 1023 4192 separatum,
1056 4126 1271 4183 abunde
1296 4128 1578 4203 dilectum,
1604 4136 1739 4191 nihil
1759 4152 1883 4193 cum
1919 4155 2009 4196 re-

438 4211 604 4279 liquis
650 4214 867 4284 p0pulis
900 4231 1190 4272 commune
1247 4218 1560 4301 habentem.
1602 4243 1622 4277 ι
1670 4224 2004 4286 Sectatorem

435 4301 706 4359 bonorum
746 4322 996 4377 operum.
1038 4327 1057 4360 ι
1095 4308 1261 4364 Vides
1285 4312 1430 4381 quod
1486 4315 1648 4370 etiam
1705 4322 2041 4378 necessitas.

2127 3309 2268 3378 μετὰ
2292 3306 2449 3380 δόξης
2467 3309 2642 3375 ἔσται,
2669 3312 2767 3383 τῆς
2788 3314 3013 3386 πρώτης
3035 3317 3093 3369 ὲν
3119 3317 3364 3390 εὐτελείᾳ
3384 3319 3701 3388 γεγονυίας.

2130 3420 2151 3453 ι
2187 3400 2295 3455 Τοῦ
2347 3401 2587 3473 μεγάλου
2624 3405 2782 3462 Θεοῦ.
2819 3426 2840 3461 ι
2874 3407 2983 3463 Ποῦ
3039 3410 3134 3464 νῦν
3180 3413 3318 3466 εἰσιν
3356 3412 3405 3466 oi
3433 3413 3541 3467 τῶν
3572 3414 3703 3467 ἀνο-

2123 3494 2255 3549 σίων
2274 3496 2574 3568 δογμάτων
2619 3500 2858 3572 εὑρεταὶ,
2897 3503 2953 3556 οῖ
2983 3521 3146 3573 φασιν
3186 3506 3267 3559 ὅτι
3296 3507 3324 3561 δ
3345 3507 3582 3578 Χριστὸς
3634 3510 3699 3564 οὐ

2119 3582 2326 3659 Θεὸς,η
2361 3588 2443 3643 ὅτι
2467 3589 2708 3647 ἐλάττων
2730 3593 2824 3647 τοῦ
2846 3595 3093 3667 Πατρός;
3122 3590 3247 3650 Ὧδε
3275 3597 3384 3669 γὰρ
3421 3599 3697 3672 φανερῶς,

2118 3679 2214 3732 καὶ
2240 3677 2372 3733 Θεὸν
2402 3681 2575 3753 μέγαν
2621 3684 2712 3739 τὸν
2740 3686 2977 3757 Χριστὸν
3008 3688 3281 3758 ὁμολογεῖ.
3314 3690 3387 3744 Τὸ
3411 3691 3467 3745 δὲ
3497 3691 3699 3760 μέγας.

2116 3770 2176 3823 οὐ
2218 3773 2353 3841 πρός
2394 3790 2519 3829 τινα
2549 3775 2670 3829 θεὸν
2710 3779 2905 3849 μικρὸν
2966 3780 3398 3851 ἀντιδιαιρείται,
3463 3782 3694 3850 ἄπαγει

2115 3860 2250 3915 ἀλλὰ
2301 3862 2587 3930 ἀπολύτως
2641 3866 2817 3931 οὕτως
2853 3870 3050 3940 μέγας,
3083 3866 3146 3924 οὗ
3182 3873 3366 3942 μεῖζόν
3414 3889 3468 3926 τι
3501 3875 3601 3927 οὐκ
3628 3873 3698 3927 ἄν

2113 3968 2197 4014 τις
2246 3952 2607 4026 ἐπινοήσειεν.
2650 3975 2669 4009 ι
2721 3959 2866 4013 Δαὸν
2900 3961 3234 4030 περιούσιον.
3275 3982 3298 4015 ι
3342 3956 3489 4026 Οἷον,
3532 3962 3698 4032 ἐξηλ-

2113 4044 2402 4114 λαγμένον,
2460 4046 2525 4100 ἐκ
2569 4048 2885 4119 περιουσίας
2916 4049 3317 4125 ἀγαπώμενον,
3354 4052 3507 4106 οὐδὲν
3542 4052 3696 4123 ἐκυν-

2111 4149 2179 4184 τα
2209 4134 2388 4187 κοινὸν
2427 4137 2562 4207 πρὸς
2592 4139 2719 4201 τοὺς
2745 4138 2987 4204 λοιπούς.
3019 4158 3040 4193 ι
3078 4141 3337 4213 Ζηλωτὴν
3378 4143 3563 4196 καλῶν
3593 4144 3692 4213 ἐρ·-

2109 4240 2241 4292 γων.
2269 4242 2288 4276 ›
2327 4225 2491 4299 Ὁρᾷς
2541 4228 2624 4281 ὅτι
2675 4229 2913 4285 καὶτῶν
2954 4231 3085 4301 παρ’
3107 4233 3238 4303 ἡμῖν
3267 4233 3465 4304 χρεία;
3502 4234 3690 4305 Ζηλω-

2106 4317 2228 4387 τὴν,
2265 4318 2420 4389 φησὶ,
2469 4320 2740 4384 τουτέστι,
2803 4322 2942 4393 μετὰ
2986 4323 3190 4393 πολλῆς
3226 4326 3540 4397 προθυμίας
3595 4329 3689 4380 ἐπ’

433 4410 622 4448 eorum
658 4412 780 4467 qua:
820 4412 850 4451 a
885 4399 1045 4455 nobis
1076 4402 1245 4455 sunt?
1274 4403 1634 4471 Sectatorem,
1664 4409 1860 4477 inquit,
1889 4414 2005 4470 sive

2135 4406 2277 4477 ιύτὴν
2305 4408 2484 4472 ίόντας
2530 4411 2631 4482 τὴν
2689 4415 2913 4485 ἀρετήν.
2956 4414 3030 4468 Τὸ
3076 4417 3176 4485 μὲν
3215 4417 3324 4490 γάρ
3362 4420 3469 4472 τῶν
3513 4419 3688 4473 πάλαι

430 4484 827 4552 aemulatorem,
861 4486 915 4541 id
940 4496 1044 4554 est,
1082 4501 1141 4545 ιιι
1161 4506 1356 4562 magna
1390 4509 1513 4549 cum
1536 4497 1701 4552 animi
1739 4502 2001 4571 prompti-

2135 4500 2523 4569 ιμαρτημάτων
2567 4480 2925 4574 άπαλλλάξαι,
2957 4506 3054 4576 τῆς
3076 4480 3249 4561 αὐτοῦ
3280 4480 3449 4580 μόνης
3486 4512 3684 4577 γέγονε

326 4614 347 4629 χ
432 4576 623 4631 tudine
660 4580 945 4635 veniamus
980 4582 1047 4636 ad
1075 4582 1355 4639 virtutem.
1387 4584 1655 4653 Quoniam
1690 4593 1835 4645 enim
1871 4596 2000 4650 olim

426 4670 660 4723 remissa
692 4670 804 4724 sint
838 4673 998 4728 nobis
1031 4684 1275 4743 peccata,
1309 4678 1425 4732 sola
1462 4678 1665 4735 factum
1714 4690 1800 4739 est
1830 4686 2002 4754 ipsius

425 4758 767 4831 benignitate
800 4782 813 4818 :
846 4766 989 4835 quod
1014 4777 1197 4823 autem
1219 4771 1539 4839 perﬁciatur
1568 4773 1618 4829 id
1645 4777 1788 4845 quod
1823 4779 2001 4832 virtu-

426 4854 496 4909 tis
525 4860 630 4920 est,
664 4867 720 4910 et
751 4856 929 4927 ipsius
952 4870 1038 4914 est
1066 4869 1121 4915 et
1148 4870 1417 4917 nostrum.

1036 4967 1268 5025 CAPUT
1320 4970 1385 5027 V.

422 5048 504 5106 De
532 5044 1262 5179 obedientiacprincipatibus
1304 5062 1603 5120 exhibenda
1648 5068 1807 5124 veluti
1851 5072 1999 5129 decet

890 5126 1050 5179 hristi
1082 5132 1568 5179 mansuetudinem-

890 5126 1050 5180 hristi
1082 5132 1568 5189 mansuetudinem.

491 5208 560 5275 11,
593 5210 692 5280 15;
718 5211 808 5278 111,
836 5214 887 5277 1,
919 5215 969 5268 2.
1005 5220 1134 5272 Haac
1154 5219 1364 5289 loquere
1396 5231 1444 5276 et
1474 5223 1783 5294 adhortare,
1813 5246 1877 5283 ac
1903 5248 1995 5284 ar-

419 5317 519 5370 gue
556 5319 672 5356 cum
704 5308 848 5359 omni
883 5310 1226 5377 prazcipieudi
1254 5314 1455 5368 studio.
1494 5314 1667 5374 Nemo
1722 5328 1770 5374 te
1819 5320 1997 5391 despi-

420 5391 550 5445 ciat.
577 5394 814 5450 Admone
846 5398 987 5461 illos,
1023 5412 1082 5453 ut
1109 5405 1497 5472 principatibus
1551 5425 1614 5462 ac
1643 5396 1994 5479 potestatibus

420 5481 623 5535 subditi
650 5483 781 5550 sint,
821 5487 985 5559 297
1011 5500 1068 5544 ut
1096 5496 1499 5563 magistratibus
1545 5512 1790 5569 pareant,
1820 5512 1878 5556 ut
1924 5507 1993 5559 ad

419 5588 571 5627 omne
621 5592 751 5644 opus
812 5577 1001 5635 bonum
1056 5584 1162 5638 sint
1210 5587 1393 5655 parati
1436 5606 1454 5641 :
1500 5606 1563 5645 ne
1623 5592 1687 5646 de
1729 5610 1992 5665 quoquam

421 5665 560 5720 male
614 5667 795 5726 dicant
830 5689 848 5728 :
883 5692 945 5728 ne
986 5676 1093 5731 sint
1142 5695 1429 5750 pugnaces,
1478 5683 1571 5738 sed
1597 5684 1841 5752 humani,
1872 5705 1991 5741 om-

420 5772 538 5813 nem
564 5760 859 5820 exhibentes
889 5771 1345 5847 mansuetudinem
1372 5790 1496 5845 erga
1522 5793 1699 5832 omnes
1729 5779 1988 5835 homines.

2109 4589 2540 4661 φιλανθρωπίας.
2571 4594 2644 4647 Τὸ
2688 4596 2748 4649 δὲ
2801 4598 3400 4672 κατεργάσασθαιτὴν
3454 4602 3683 4673 ἀρετὴν,

2105 4680 2199 4733 καὶ
2226 4681 2390 4734 αὑτοῦ
2420 4685 2512 4738 καὶ
2542 4686 2718 4757 ἡμῶν.

2701 4995 2955 5051 ΚΕΦΑΛ.
2994 4996 3071 5052 Ε’.

2100 5083 2237 5152 Περὶ
2267 5084 2576 5152 ἀρχόντων
2599 5086 2875 5169 ὑπακοῆς
2902 5091 3255 5169 πρεπούσης
3282 5089 3356 5161 τῇ
3383 5091 3682 5161 ἐπιεικείᾳ

2667 5156 2775 5211 τοῦ
2809 5158 3090 5226 Χριστοῦ.

2172 5242 2365 5301 Ταῦτα
2400 5246 2692 5302 λάλεικαι
2730 5250 3080 5317 παρακάλει,
3116 5251 3217 5307 καί
3263 5252 3478 5325 ἔλεγχε
3522 5258 3681 5326 μετὰ

2098 5331 2304 5400 πάσης
2359 5335 2670 5406 ἐπιταγῆς.
2724 5340 2951 5407 Μηδείς
3044 5357 3162 5397 σου
3221 5348 3676 5414 περιφρονείτω.

2109 5419 2560 5491 Ὑπομίμνησκε
2612 5427 2833 5494 αὐτοὺς
2913 5430 3127 5499 ἀρχαῖς
3193 5433 3295 5486 καί
3359 5434 3675 5505 ἐξουσίαις

2095 5510 2573 5577 ὑποτάσσεσθαι,
2596 5518 2959 5597 πειθαρχεῖν,
2996 5524 3147 5589 πρὸς
3174 5522 3300 5577 πᾶν
3321 5524 3503 5594 ἔργον
3530 5528 3681 5597 ἀγα-

2095 5602 2203 5656 θὸν
2225 5604 2498 5673 ἐτοᾲιους
2549 5592 2723 5670 εἶναι,
2770 5608 3004 5678 μηδένα
3062 5592 3481 5685 βλασφημείν,
3522 5592 3678 5688 dud-

2097 5710 2245 5759 κους
2306 5691 2478 5760 εἶναι,
2518 5699 2798 5767 ἐπιεικεῖς
2825 5741 2841 5767 ,
2887 5702 3096 5757 πᾶσαν
3136 5705 3677 5779 ἐπιδεικνυμένους

2095 5787 2399 5855 πραότητα
2423 5792 2571 5859 πρὸς
2596 5791 2830 5859 πάντας
2863 5792 3235 5864 ἀνθρώπους.
