3988 6596
273 477 387 541 25⁸1

1276 472 1665 535 COMMENT.
1705 472 1787 534 IN
1826 471 2066 533 EPIST.
2136 473 2234 531 AD
2274 470 2549 532 TITUM.

3416 471 3525 537 258

352 613 371 645 ι
404 590 556 647 Μετὰ
578 590 762 662 πάσης
794 590 1080 658 ἐπιταγῆς.
1109 607 1128 638 s
1156 588 1437 655 Τουτέστι,
1464 588 1850 659 σφοδρότητος.

2034 605 2051 638 ι
2088 585 2223 640 Cum
2256 587 2402 639 mnni
2429 583 2775 654 praecipiendi
2803 584 3007 640 studio.
3038 603 3059 638 ο
3099 582 3214 641 Hoc
3235 593 3337 652 est,
3369 588 3530 641 velte-

291 683 506 753 Ἐπειδὴ
551 682 661 755 γάρ
718 682 778 736 τὸ
830 685 1038 738 τούτων
1068 677 1201 752 ἦθος
1249 680 1613 752 σκληρότερον
1647 675 1733 751 ἦν,
1768 679 1857 732 διὰ

279 777 434 832 τοῦτο
460 776 757 845 ἀποτόμως
798 774 1118 845 ἐλέγχεσθαι
1149 774 1350 837 αὐτούς
1386 791 1541 844 φησι.
1592 793 1610 825 ε
1650 772 1856 842 Μηδεις

281 888 377 925 σου
409 858 831 941 περιφρονείτω,
865 888 883 921 s
927 869 1193 932 τουτέστι,
1218 867 1650 941 καταφρονείτω.
1693 866 1857 937 Ὁρᾷς

280 964 396 1028 πῶς
434 964 685 1034 βούλεται
738 965 832 1016 καὶ¹
880 962 1019 1033 μετὰ
1043 962 1293 1028 ἐξουσίας
1325 958 1467 1016 εἶναι
1501 962 1594 1015 τὸν
1629 961 1856 1014 ἐπίσκο-

280 1072 415 1122 πον;
460 1073 482 1107 σ
521 1055 669 1126 Πρὸς
723 1057 833 1109 πᾶν
883 1054 1044 1126 ἔργον
1096 1054 1303 1121 ἀγαθὸν
1342 1054 1597 1123 ἑτοίμους
1632 1050 1790 1106 εἶναι.
1833 1069 1851 1102 s

276 1143 402 1203 Οἷον
435 1189 451 1213 ,
488 1146 985 1219 ηὐτρεπισμένους.
1038 1165 1057 1198 ι
1113 1145 1336 1217 Μηδένα
1393 1145 1775 1216 βλασφημεῖν,
1832 1163 1851 1196 s

279 1240 379 1294 κᾶν
428 1239 622 1302 κακῶς
651 1238 893 1311 πράττῃ,
924 1237 1030 1292 κᾶν
1072 1237 1130 1291 εν
1160 1255 1269 1291 τινι
1298 1237 1622 1307 σφάλληται.
1655 1237 1726 1289 Τὸ
1753 1237 1858 1308 γὰρ

280 1332 454 1400 στόμα
502 1331 664 1402 ἡμῶν
708 1330 940 1385 καθόλου
975 1329 1218 1401 καθαρὸν
1256 1325 1399 1383 εἶναι
1429 1328 1696 1399 λοιδορίας
1730 1329 1855 1399 χρή.

280 1441 300 1474 ι
341 1424 415 1478 Σὺ
457 1422 592 1495 γὰρ,
629 1423 784 1493 φησὶ,
829 1422 883 1476 τί
927 1422 1137 1493 κρίνεις
1170 1421 1264 1476 τὸν
1298 1421 1526 1491 ἀδελφόν
1555 1440 1569 1485 ;
1602 1420 1653 1473 τί
1681 1437 1857 1492 παρα-

280 1518 421 1587 σπᾷς
448 1516 551 1588 τὴν
584 1515 766 1586 κρίσιν
793 1515 888 1569 τοῦ
914 1514 1050 1568 Θεοῦ
1075 1530 1091 1581 ;
1124 1534 1143 1566 ι
1168 1515 1571 1584 Βλασφημίαν
1604 1515 1714 1583 γὰρ
1760 1514 1859 1583 τὴν

276 1609 414 1679 πρὸς
442 1608 538 1664 τὸν
569 1608 799 1677 ἀδελφὸν
847 1607 1118 1679 λοιδορίαν
1150 1606 1321 1676 λέγει.
1352 1626 1371 1659 t
1399 1608 1687 1677 Πραότητα
1724 1607 1859 1679 πρὸς

279 1701 512 1763 πάντας·
568 1716 586 1751 s
631 1699 727 1754 καὶ
761 1699 1049 1763 Ἰουδαίους
1083 1701 1180 1753 καὶ
1213 1699 1508 1769 Ἕλληνας,
1543 1698 1639 1752 καὶ
1672 1698 1859 1768 φίλους

276 1792 370 1845 καὶ
396 1791 658 1862 ἐχθροὺς,
695 1791 792 1844 καὶ
818 1791 1139 1855 ἀδικοῦντας
1171 1789 1265 1844 καὶ
1288 1790 1715 1862 ὲπηρεάζοντας.

1960 674 2184 731 utentia.
2225 676 2491 740 Quoniam
2527 674 2673 727 enim
2712 674 2908 727 horum
2941 689 3120 731 mores
3180 683 3340 730 erant
3370 691 3530 745 aspe-

1960 769 2156 831 riores,
2192 768 2325 822 dicit
2356 776 2415 822 ut
2459 767 2653 821 durius
2697 777 3018 839 arguantur.
3056 787 3077 822 ι
3120 767 3290 824 Nemo
3325 778 3376 825 te
3402 773 3530 825 des-

1961 859 2152 929 piciat,
2190 877 2210 911 ι
2243 859 2344 913 hoc
2390 868 2496 923 est,
2550 859 2893 929 parvifaciat.
2948 861 3118 917 Vides
3177 864 3320 933 quod
3363 863 3529 918 etiam

1958 952 2087 1005 velit
2113 951 2428 1019 episcopum
2457 950 2691 1020 alicujus
2712 967 2836 1007 esse
2853 954 3136 1023 potestatis
3156 963 3209 1008 et
3233 958 3532 1010 auctorita-

1960 1042 2073 1096 tis?
2097 1060 2114 1093 ι
2152 1042 2222 1098 Ut
2245 1042 2311 1096 ad
2343 1057 2506 1097 omne
2525 1058 2663 1113 opus
2688 1044 2888 1098 bonum
2918 1045 3245 1116 sintparati.
3283 1066 3301 1098 ι
3342 1048 3398 1101 Id
3424 1056 3529 1112 est,

1960 1135 2196 1205 prompti
2225 1143 2279 1189 ct
2304 1134 2582 1191 instructi.
2630 1156 2650 1188 ‹
2699 1136 2779 1193 Νε
2827 1137 2894 1193 de
2949 1155 3220 1210 quoquam
3257 1142 3400 1195 maie
3445 1141 3533 1195 di-

1959 1235 2109 1291 cant,
2150 1244 2170 1278 s
2231 1228 2393 1282 etiam
2437 1228 2485 1283 si
2528 1230 2670 1286 male
2711 1229 2897 1298 faciat,
2942 1233 3103 1288 etiam
3152 1234 3198 1289 si
3246 1235 3303 1289 in
3348 1235 3533 1305 aliquo

1959 1318 2194 1374 labatur.
2236 1318 2460 1388 Oportet
2485 1323 2632 1377 enim
2670 1337 2732 1379 os
2766 1335 3011 1380 vestrum
3074 1327 3300 1382 omnino
3331 1343 3529 1395 purum

1959 1412 2505 1466 esseacontumelia.
2549 1431 2570 1464 ι
2609 1411 2740 1467 Nam
2796 1423 2874 1479 tu,
2931 1415 3128 1485 inquit,
3166 1434 3266 1471 cur
3311 1417 3534 1487 iudicas

1959 1500 2223 1556 fratrem?
2247 1518 2347 1557 cur
2389 1502 2483 1558 Dei
2514 1504 2780 1574 judicium
2820 1506 2913 1561 tibi
2966 1506 3210 1565 vindicas
3237 1509 3301 1563 "l
3336 1528 3354 1561 ι
3394 1510 3534 1562 Βλα-

1961 1593 2205 1663 σφημίαν
2245 1594 2390 1648 enim
2418 1595 2521 1651 hoc
2556 1597 2677 1651 loco
2710 1606 2869 1653 vocat
2921 1601 3230 1655 convicium
3271 1603 3536 1657 adversus

1959 1684 2207 1741 fratrem.
2246 1705 2267 1739 ι
2301 1685 2780 1745 Mansuetudinem
2824 1706 2951 1761 erga
3008 1707 3199 1748 omnes
3232 1713 3244 1748 :
3287 1713 3304 1746 ι
3341 1703 3396 1748 ει
3439 1694 3535 1749 Ju-

1960 1777 2108 1832 da'os
2143 1787 2193 1833 et
2223 1778 2465 1845 Gl’EECOS,
2500 1790 2553 1836 et
2577 1783 2784 1839 amicos
2811 1791 2863 1839 et
2896 1784 3169 1852 inimicos,
3196 1793 3248 1841 et
3275 1795 3534 1843 nocentes

1858 1872 1863 1875 “
1961 1879 2013 1923 et
2037 1871 2454 1927 calumniantes.
2508 1896 2511 1901 ι

342 1965 545 2039 Ἦμεν
582 1949 696 2040 γάρ
725 1984 871 2024 ποτε
912 1969 1011 2024 καὶ
1049 1968 1223 2038 ἡμεῖς
1256 1969 1522 2037 ἀνόητοι,
1571 1968 1857 2035 ἀπειθεῖς,

2033 1961 2122 2025 ll],
2160 1964 2216 2017 5-
2242 1963 2298 2017 7.
2335 1963 2479 2018 Nam
2519 1960 2732 2020 eramus
2766 1977 2816 2022 et
2866 1984 2960 2021 nos
2983 1969 3249 2038 quondam
3282 1981 3534 2035 amentes,

273 2061 682 2130 πλανώμενοι,
707 2061 1106 2128 δουλεύοντες
1125 2062 1464 2131 ἐπιθυμίαις
1486 2061 1584 2114 καὶ
1615 2061 1857 2128 ἡδοναῖς

276 2155 609 2218 ποικίλαις,
643 2154 712 2207 ἐν
746 2154 927 2221 κακίᾳ
965 2153 1066 2207 καὶ
1106 2152 1310 2223 φθόνῳ
1348 2152 1681 2223 διάγοντες,
1711 2170 1861 2209 crv-

278 2244 469 2314 mtol,
484 2245 817 2315 μισοῦντες
840 2245 1176 2312 ἀλλήλους.
1203 2246 1344 2299 Ὅτε
1365 2245 1433 2298 δὲ
1448 2245 1487 2312 ἠ
1520 2245 1863 2315 χρηστότης

276 2335 373 2388 καὶ
406 2335 452 2404 ἡ
489 2337 911 2405 φιλανθρωπία
936 2336 1208 2406 ἐπεφάνη
1245 2336 1354 2391 τοῦ
1389 2337 1664 2406 Σωτῆρος
1695 2338 1865 2407 ἡμῶν

278 2428 454 2492 Θεοῦ,
483 2430 598 2483 οὐκ
619 2428 691 2493 ἐξ
722 2429 909 2499 ἔργων
931 2429 1053 2483 τῶν
1082 2431 1152 2484 ὲν
1175 2430 1530 2499 δικαιοσύνῃ
1548 2425 1636 2485 ὧν
1658 2431 1862 2502 ἐποιή-

278 2539 477 2592 σαμεν
513 2522 711 2592 ἡμεῖς,
742 2522 904 2578 ἀλλὰ
959 2524 1111 2579 κατὰ
1143 2524 1250 2577 τὸν
1290 2524 1478 2579 αὑτοῦ
1508 2524 1687 2579 ἔλεον
1716 2524 1863 2579 ἐσω-

278 2629 390 2667 σεγ
424 2611 590 2681 ἡμᾶς
619 2612 720 2668 διὰ
757 2614 1019 2683 λουτροῦ
1073 2616 1540 2685 παλιγγενεσίας
1585 2616 1681 2671 καὶ
1714 2617 1862 2672 ἀνα-

282 2705 630 2774 καινώσεως
678 2708 1020 2777 Πνεύματος
1061 2709 1265 2777 ἁγίου,
1331 2704 1404 2765 οὗ
1465 2709 1709 2779 ἐξέχεεν
1770 2709 1863 2780 ἐφ’

282 2799 436 2869 ἡμᾶς
481 2802 818 2867 πλουσίως,
851 2800 949 2857 διὰ
991 2801 1194 2869 Ἰησοῦ
1230 2803 1490 2872 Χριστοῦ
1535 2804 1644 2859 τοῦ
1677 2803 1866 2875 Σωτῆο

274 2907 381 2958 ρος
430 2889 624 2959 ἡμῶν,
655 2891 758 2945 ἵνα
786 2890 1203 2957 δικαιωθέντες
1245 2890 1322 2960 τῇ
1367 2892 1602 2947 ἐκείνου
1650 2892 1861 2962 χάριτι,

281 2978 650 3050 κληρονόμοι
701 2979 1023 3051 πενώμεθα,
1079 2980 1207 3035 κατ’
1265 2981 1486 3037 ἐλπίδα
1544 2980 1686 3052 ζωῆς
1731 2985 1865 3037 alw-

280 3074 442 3127 νίου.

1963 2054 2343 2122 inobedientes,
2377 2060 2639 2124 errantes,
2701 2060 2986 2114 servientes
3040 2060 3322 2115 desideriis
3354 2078 3415 2116 ac
3447 2080 3537 2116 vo-

1964 2145 2269 2214 luptatibus
2301 2151 2485 2213 uariis,
2550 2152 2604 2204 in
2656 2152 2867 2205 malitia
2910 2161 2960 2206 et
3013 2153 3211 2207 invidia
3276 2154 3537 2224 degentes,

1965 2240 2156 2303 odiosi,
2190 2242 2411 2294 invicem
2437 2243 2560 2295 odio
2598 2253 2992 2314 prosequentes.
3026 2244 3096 2298 At
3125 2255 3405 2316 postquam
3442 2248 3539 2301 bo-

1965 2332 2110 2384 nitas
2141 2338 2190 2384 et
2217 2346 2342 2401 erga
2373 2331 2608 2386 homines
2635 2349 2789 2386 amor
2809 2335 3060 2403 apparuit
3093 2334 3394 2391 Saluatoris
3445 2354 3541 2390 no-

1964 2421 2066 2476 stri
2097 2420 2214 2488 Dei,
2239 2437 2344 2476 non
2378 2438 2443 2477 ex
2475 2423 2715 2491 operibus
2741 2440 2858 2494 qua:
2881 2433 3074 2491 essent,
3098 2426 3152 2478 in
3168 2426 3386 2495 justitia
3421 2442 3539 2496 qua:

1965 2518 2263 2587 feceramus
2292 2536 2410 2588 nos,
2458 2520 2549 2575 sed
2577 2521 2865 2576 secundum
2920 2537 3072 2575 suam
3113 2522 3540 2576 misericordiam

1964 2613 2141 2668 salvos
2173 2630 2268 2668 nos
2298 2614 2446 2684 fecit,
2479 2629 2572 2683 per
2619 2614 2893 2669 lavacrum
2924 2613 3337 2686 regenerationis
3368 2631 3429 2666 ac
3455 2630 3541 2669 reo

1964 2706 2264 2759 novationis
2295 2704 2533 2774 Spiritus
2555 2706 2751 2771 sancti,
2789 2721 2942 2775 quem
2971 2704 3163 2775 eﬂ‘udit
3192 2706 3247 2758 in
3281 2721 3374 2759 nos
3405 2719 3539 2773 opu-

1968 2799 2102 2850 lente
2133 2812 2226 2866 per
2253 2794 2439 2850 Jesum
2473 2795 2746 2879 Choristum
2772 2795 3107 2851 Salvatorem
3155 2803 3399 2850 nostrum
3426 2803 3544 2849 rut

1960 2886 2254 2957 justiﬁcati
2292 2888 2475 2957 gratia
2506 2887 2680 2954 illius,
2733 2886 2967 2943 heredes
3012 2886 3332 2956 efficerentur
3377 2885 3542 2955 juxta

1966 2994 2110 3048 spem
2137 2979 2259 3033 vita:
2280 2988 2512 3035 aeternae.

349 3166 590 3237 Μηδενὶ,
627 3165 830 3239 φησιν,
867 3166 1185 3238 όνειδείσῃς.
1240 3164 1374 3220 Καὶ·
1408 3166 1520 3239 γὰρ
1569 3166 1664 3220 καὶ
1701 3167 1861 3238 ἡμεῖς

2036 3167 2320 3224 Adversus
2370 3166 2669 3235 neminem,
2724 3166 2925 3237 inquit,
2959 3165 3038 3223 sis
3069 3165 3540 3225 contumeliosus:

283 3262 450 3312 κακοὶ
480 3253 649 3328 ἦμεν,
694 3258 769 3330 μὴ
823 3258 907 3312 ὅτι
958 3259 1055 3313 καὶ
1107 3258 1297 3330 ἐσμέν.
1336 3257 1532 3314 Ὁπότε
1552 3255 1646 3314 οὖν
1679 3260 1775 3312 καλ⁸
1800 3260 1864 3314 σὺ

280 3345 430 3420 ἦσθα.
449 3350 719 3414 τοιοῦτος,
744 3351 840 3405 καὶ
877 3350 1064 3423 χάριτι
1091 3350 1329 3422 Χριστοῦ
1362 3352 1596 3422 ἐσώθης,
1635 3351 1734 3406 καὶ
1763 3351 1866 3408 οὐκ

283 3440 340 3505 ἐξ
364 3442 592 3495 οἰκείων
624 3442 1085 3513 κατορθωμάτων,
1121 3443 1239 3507 πῶς
1271 3444 1479 3516 τολμᾷς
1521 3444 1667 3516 ἄλλῳ
1717 3446 1864 3501 ὄνεια-

284 3532 431 3587 δίσαι
455 3549 471 3598 ;
506 3534 647 3586 Πότε
667 3533 726 3586 δὲ
753 3529 896 3605 ἦμεν
912 3533 1178 3601 τοιοῦτοι;
1212 3535 1404 3613 Ὅταν,
1421 3538 1606 3608 φησὶν,
1637 3533 1779 3609 ἦμεν
1807 3539 1865 3593 ὲν

286 3624 486 3697 πλάνῃ,
538 3625 667 3678 ὅταν
698 3624 941 3690 εἰδώλοις
996 3626 1469 3699 προσεκυνοῦμεν.
1527 3628 1698 3700 Δῆλον
1755 3629 1867 3701 γὰρ

284 3719 432 3778 ὅπως
454 3717 742 3786 διάγουσιν
763 3717 1026 3789 Ἕλληνες
1055 3718 1292 3782 ἀσεϐῶς.
1316 3721 1573 3791 Μοιχεῖαι
1601 3723 1712 3793 γὰρ
1733 3721 1867 3796 παρ’

286 3801 509 3865 αὐτοῖς,
542 3806 813 3873 πορνεῖαι,
864 3806 1038 3874 φόνοι,
1092 3808 1416 3878 παννυχίδες
1468 3812 1715 3882 αἰσχραὶ,
1770 3814 1866 3866 καὶ

283 3892 456 3946 ταῦτα
488 3893 567 3958 ὡς
595 3895 857 3967 εἰςτιμὴν
890 3896 1043 3948 θεῶν
1078 3897 1438 3953 ἐπιτελοῦσιν.
1475 3917 1499 3952 s
1540 3902 1858 3973 Στυγητοι.»

287 3984 456 4039 Ὅταν
481 3988 593 4057 γάρ
627 4004 712 4051 τις
735 3990 814 4051 εἰς
842 3988 1011 4058 ἄκρον
1041 3988 1174 4061 ἔλθῃ
1205 3990 1423 4057 κακίας,
1462 3992 1669 4058 πάντας
1695 3995 1867 4064 μισεῖο

287 4080 517 4143 εἰκότως
574 4076 670 4135 οὖν
713 4082 810 4134 καὶ
867 4082 1022 4153 παρὰ
1066 4086 1285 4137 πάντων
1330 4087 1592 4156 μισεῖται.
1635 4104 1653 4137 ι
1692 4087 1801 4140 Καὶ
1832 4088 1866 4158 ἡ

288 4171 672 4243 φιλανθρωπία
716 4174 984 4242 ἐπεφάνη.
1049 4193 1071 4227 s
1106 4174 1210 4233 Διὰ
1254 4174 1352 4246 τῆς
1403 4176 1868 4248 ὲνανθρωπήσεως

286 4264 471 4318 αὐτοῦ.
515 4280 537 4317 ι
573 4265 691 4319 Οὐκ
728 4264 788 4330 ἐξ
809 4264 988 4337 ἔργων
1031 4265 1142 4319 τῶν
1197 4267 1255 4320 ὲν
1300 4267 1641 4340 δικαιοσύνῃ.
1690 4285 1709 4320 s
1751 4269 1867 4323 Οὐκ

288 4356 494 4426 ἐπειδὴ,
552 4356 742 4427 φησὶν,
775 4359 938 4428 ἡμεῖς
998 4356 1172 4422 οὕτως
1226 4359 1464 4424 εὐσεϐῶς
1502 4360 1736 4432 ἐζῶμεν,
1791 4361 1868 4427 ὡς

287 4448 702 4519 προτρέψασθαι
732 4448 895 4503 αὑτὸν
929 4450 1366 4522 ὲνανθρωπῆσαι,
1423 4451 1540 4506 ἀλλ’
1585 4453 1670 4508 ὅτι
1703 4453 1869 4517 αὐτὸς

1928 3320 1931 3323 λ
1966 3276 2092 3316 nam
2124 3269 2179 3316 et
2208 3276 2309 3317 nos
2340 3260 2469 3315 mali
2497 3275 2740 3325 eramus,
2773 3277 2884 3316 non
2908 3260 3056 3332 quod
3089 3260 3254 3316 etiam
3285 3276 3431 3316 nunc
3462 3259 3543 3317 si-

1970 3370 2111 3409 mus.
2139 3351 2370 3420 Quando
2397 3352 2566 3424 igitur
2588 3359 2643 3407 et
2671 3359 2728 3407 tu
2762 3353 2893 3408 talis
2934 3368 3082 3418 eras,
3119 3352 3325 3423 Deique
3364 3353 3544 3425 gratia

1968 3448 2155 3502 salvus
2203 3445 2382 3501 factus
2411 3460 2494 3510 es,
2535 3461 2644 3501 non
2681 3461 2747 3502 ex
2780 3446 3020 3517 propriis
3047 3447 3209 3503 bonis
3262 3447 3543 3515 operibus,

1965 3538 2244 3611 quomodo
2279 3538 2451 3593 audes
2494 3538 2586 3590 alii
2621 3538 2930 3593 convicium
2967 3538 3261 3609 ingerere?
3313 3537 3548 3605 Quando

1966 3644 2149 3688 autem
2200 3630 2338 3685 tales
2379 3630 2640 3686 eramus?
2687 3629 2920 3696 Quando
2960 3629 3014 3684 in
3063 3645 3253 3686 errore
3299 3646 3545 3693 eramus.

1967 3725 2195 3797 quando
2241 3724 2388 3778 idola
2445 3722 2836 3777 adorabamus.
2870 3721 3220 3777 Manifestum
3269 3731 3354 3779 est
3399 3723 3547 3778 enim

1966 3817 2113 3887 quod
2134 3816 2299 3885 impie
2323 3815 2508 3868 vivant
2529 3813 2726 3870 Graeci.
2752 3811 3033 3884 Siquidem
3068 3814 3211 3884 apud
3238 3815 3387 3884 ipsos
3411 3822 3544 3867 sunt

1968 3907 2257 3970 adulteria,
2290 3914 2505 3976 stupra,
2560 3905 2759 3971 caedes,
2811 3904 2970 3960 foedae
2998 3914 3282 3959 nocturna:
3309 3905 3545 3976 vigiliae:

1966 4008 2021 4055 et.
2072 3999 2188 4053 haec
2238 3998 2405 4053 veluti
2463 3995 2530 4050 ad
2603 3995 2869 4051 honorem
2915 3997 3143 4051 deorum
3207 4005 3545 4066 perpetrant.

1975 4112 1995 4146 ι
2039 4090 2259 4147 Odiosi.
2298 4110 2318 4144 ι
2351 4092 2451 4148 Ubi
2488 4089 2635 4144 enim
2667 4088 2794 4159 quis
2831 4090 2899 4144 ad
2943 4097 3251 4144 extremum
3286 4088 3546 4143 vitiorum

1970 4183 2305 4255 pervenerit,
2357 4197 2551 4239 omnes
2594 4184 2723 4239 odio
2754 4183 2916 4237 habet
2946 4201 2959 4238 :
3003 4181 3197 4237 merito
3225 4196 3357 4252 ergo
3382 4180 3547 4234 etiam

1971 4277 2040 4330 ab
2071 4275 2350 4331 universis
2404 4276 2533 4330 odio
2561 4276 2817 4331 habetur.
2851 4274 3016 4346 298
3049 4294 3067 4327 ‹
3117 4273 3259 4345 Erga
3299 4272 3549 4328 homines

1971 4381 2125 4420 amor
2153 4366 2424 4436 apparuit.
2466 4386 2484 4419 ι
2524 4367 2627 4422 Per
2657 4367 2835 4439 ipsius
2876 4368 3340 4423 incarnationem.
3374 4384 3392 4418 ι
3423 4362 3547 4421 Non

1970 4471 2035 4510 ex
2083 4458 2344 4525 operibus
2380 4473 2501 4528 qua:
2542 4467 2730 4514 essent
2790 4458 2845 4513 in
2891 4458 3125 4527 justitia.
3162 4476 3181 4510 s
3230 4455 3349 4512 Non
3403 4455 3549 4528 quod

288 4539 542 4604 ἀναξίους
557 4541 710 4609 ἡμᾶς
761 4540 922 4604 ὄντας
947 4541 1169 4613 ἐλεῆσαι
1189 4542 1488 4614 ἠϐουλήθη.
1506 4562 1526 4596 ι
1552 4537 1653 4597 Ἦν
1678 4544 1861 4617 ἐποιή-

1974 4550 2113 4604 adeo
2148 4550 2238 4620 pie.
2284 4551 2618 4617 viveremus,
2668 4562 2726 4607 ut
2764 4553 2902 4609 satis
2945 4554 3365 4607 esbortaremur
3423 4564 3547 4605 eum

289 4648 460 4702 σαμεν
487 4633 672 4702 ἡμεῖς.
705 4652 725 4686 s
757 4633 874 4687 Οὐκ
890 4635 1227 4706 ἐποιήσαμεν
1240 4635 1368 4706 γάρ.
1390 4653 1410 4688 t
1434 4630 1510 4690 Οὖ
1534 4636 1748 4708 ἐξέχεεν
1776 4638 1860 4707 ἐφ’

288 4724 454 4794 ἡμᾶς.
492 4742 515 4776 s
559 4723 721 4778 Ποιου
750 4724 1093 4797 πνεύματος;
1134 4744 1156 4779 ι
1191 4722 1266 4783 Οὗ
1301 4728 1515 4798 ἐξέχεεν
1561 4728 1650 4799 ἐφ’
1689 4730 1857 4800 ἡμᾶς,

289 4817 441 4886 φησι,
472 4816 750 4880 πλουσίως
793 4817 886 4872 διὰ
924 4819 1099 4890 Ἰησοῦ
1129 4820 1392 4892 Χριστοῦ.
1434 4840 1452 4873 s
1485 4821 1715 4891 Πολλῆς,
1752 4839 1862 4893 φη-

291 4904 390 4970 σὶν,
440 4904 703 4976 ἐδεόμεθα
745 4906 968 4979 χάριτος
1008 4913 1405 4982 πνευματικῆς,
1453 4911 1542 4966 ἵνα
1585 4911 1659 4983 μὴ
1700 4913 1861 4981 μόνον

289 4996 670 5070 δικαιωθῶμεν
709 5001 821 5055 τῶν
866 5001 1034 5056 πάλαι
1077 5004 1390 5074 ἁμαρτιῶν,
1421 5005 1558 5058 ἀλλὰ
1590 5006 1689 5059 καὶ
1728 5006 1864 5076 κληο

294 5090 507 5162 ρονόμοι
564 5091 854 5163 γενώμεθα
889 5093 1058 5165 ζωῆς,
1109 5095 1198 5149 διὰ
1245 5095 1405 5150 τοῦτο
1462 5098 1693 5167 ἐξέχεεν.
1725 5114 1743 5149 ι
1779 5099 1857 5167 Τῇ

292 5184 497 5238 ἐκείνου
527 5183 735 5256 χάριτι.
766 5204 785 5239 s
817 5185 926 5241 Τοῦ
952 5187 1215 5259 Χριστοῦ,
1240 5187 1274 5262 ἢ
1302 5189 1395 5243 τοῦ
1423 5189 1579 5259 ἁγίου
1609 5190 1860 5261 Πνεῦμα-

1966 4657 2076 4713 quo
2097 4641 2483 4699 incarnaretur
2516 4663 2529 4699 :
2561 4645 2656 4701 sed
2678 4647 2825 4716 quod
2852 4647 2991 4715 ipse,
3019 4661 3143 4701 cum
3170 4642 3551 4713 indigniesse-

1969 4750 2115 4801 mus,
2169 4736 2415 4790 voluerit
2478 4738 2660 4792 nostri
2718 4737 2995 4793 misereri.
3025 4755 3043 4788 ‹
3077 4733 3211 4804 Quae
3243 4735 3549 4790 feceramus

1967 4843 2090 4883 nos.
2133 4846 2151 4881 ι
2184 4827 2371 4897 Neque
2396 4830 2540 4884 enim
2575 4829 2906 4886 feceramus.
2972 4849 2991 4883 ‹
3035 4829 3205 4896 Quem
3259 4827 3448 4881 ρσιιεειι
3493 4828 3548 4880 in

1970 4934 2088 4975 nos.
2156 4936 2176 4971 ›
2232 4918 2537 4986 Quemnam
2590 4922 2896 4992 spiritum?
2959 4940 2979 4974 ι
3046 4920 3217 4988 Quem
3300 4921 3356 4974 in
3416 4933 3541 4979 nos.

1966 5009 2166 5080 inquit,
2201 5029 2220 5063 (
2258 5010 2453 5065 eﬂudit
2496 5012 2754 5080 opulente
2813 5027 2911 5083 per
2952 5010 3140 5066 Jesum
3174 5009 3478 5065 Christum.
3524 5025 3544 5059 ι

1966 5098 2157 5171 Magna
2202 5102 2378 5169 gratia
2436 5101 2597 5156 nobis
2644 5116 2783 5172 opus
2831 5110 2947 5156 erat
2980 5101 3258 5172 spiritali:
3315 5114 3422 5153 non
3454 5114 3549 5151 so-
3594 5166 3597 5167 ν

1965 5191 2078 5245 lum
2135 5198 2198 5245 ut
2258 5206 2288 5246 a
2337 5192 2631 5261 praeteritis
2681 5191 3118 5262 justificaremur
3153 5191 3418 5261 peccatis,
3451 5186 3548 5242 sed

290 5288 397 5336 τος.
431 5291 452 5326 s
500 5274 848 5347 Κληρονόμοι
878 5278 1189 5350 γενώμεθα.
1229 5298 1248 5332 ι
1291 5281 1662 5353 Κληρονόμοι,
1700 5284 1856 5351 φησὶ,

290 5362 572 5435 γενώμεθα
619 5367 721 5438 τῆς
751 5371 972 5423 αἰωνίου
1001 5368 1171 5440 ζωῆς,
1207 5372 1308 5441 τῆς
1341 5372 1436 5426 νῦν
1465 5374 1521 5426 εν
1554 5373 1728 5428 ἐλπίδι
1765 5373 1859 5427 οὖ-

1965 5280 2218 5339 ειίοηιίιι
2246 5285 2486 5341 lweredes
2506 5284 2844 5341 elﬁceremur
2877 5285 3000 5339 vitae
3033 5303 3045 5338 :
3077 5295 3365 5355 proliterea
3407 5282 3546 5336 etin-

1965 5377 2064 5432 dit.
2101 5396 2120 5429 ι
2171 5375 2359 5432 Gratia
2392 5378 2540 5433 illius
2576 5396 2591 5433 :
2632 5396 2651 5429 s
2676 5376 2884 5433 Christi
2923 5376 3174 5431 videlicet
3230 5385 3325 5428 aut
3369 5371 3548 5439 Spiri-

293 5470 391 5524 σης
422 5457 574 5527 ἡμῖν.
599 5484 675 5500 --
706 5458 781 5514 Ἦ
803 5460 1015 5526 οὕτως.
1062 5462 1410 5534 Κληρονόμοι
1439 5462 1729 5536 γενώμεθα
1759 5465 1859 5536 τῆς

1963 5473 2049 5522 tus
2098 5468 2295 5522 sancti.
2333 5484 2364 5519 ι-
2391 5464 2644 5522 Haeredes
2697 5466 3053 5520 eﬂiceremur.
3099 5482 3117 5514 ι
3161 5460 3434 5522 llacredes,
3466 5459 3549 5511 ii.-
3584 5522 3593 5545 ι

289 5547 500 5602 αἰωνίου
542 5549 711 5621 ζωῆς,
740 5551 928 5617 καθὼς
961 5555 1057 5608 καὶ
1090 5555 1401 5626 ἐλπίζομεν.
1847 5627 1855 5634 _

1963 5558 2100 5628 quit,
2125 5558 2464 5614 emceremur
2497 5568 2711 5614 :cternte
2738 5545 2882 5624 vitae,
2905 5570 3028 5624 quac
3061 5569 3204 5608 nunc
3238 5553 3289 5605 iu
3318 5565 3414 5620 spe
3450 5564 3548 5604 no-

1958 5650 2043 5705 bis
2085 5658 2187 5706 est.
2232 5681 2301 5691 -ο
2343 5650 2446 5705 Aut
2499 5651 2595 5705 hoc
2645 5649 2826 5705 modo.
2891 5645 3145 5703 Haercdes
3208 5642 3585 5699 edicerentur:

1962 5749 2179 5798 aeternae
2196 5741 2342 5809 vitae,
2366 5739 2827 5812 quemadmodum
2846 5745 2900 5795 et
2930 5750 3239 5807 speramus.

395 5900 412 5930 '
438 5900 594 5959 Rom.
633 5921 745 5971 xiv,
769 5906 824 5960 4.
