3918 6620
435 478 541 542 359

1493 471 1891 535 (ECUMENII
1927 467 2217 530 TRICCAZ
2246 466 2588 527 EPISCOPI

3572 464 3684 526 ε.ίο

503 590 599 655 ιν.
632 590 688 658 8,
729 591 782 648 9.
839 587 978 645 Fide
1027 589 1376 661 dignissimus
1401 597 1479 643 est
1503 603 1696 642 sermo.
1736 585 1805 640 Et
1830 587 1894 639 de
1928 584 2006 638 Itis

2178 580 2402 648 Πιστὸς
2430 584 2464 634 ό
2487 580 2693 649 λόγος,
2724 579 2821 633 καί
2851 579 2985 649 περὶ
3014 581 3240 633 τούτων
3274 579 3579 650 ,βούλομαί
3610 595 3690 633 σε

436 685 550 740 colo
578 693 637 738 ut
657 684 938 754 conﬁrmes
973 696 1116 753 :quo
1153 680 1376 735 solliciti
1403 683 1529 744 sint,
1563 688 1621 734 ut
1651 679 1798 734 bonis
1824 678 2002 747 operi-

436 781 531 833 bus
560 779 777 849 prtesint
799 777 890 847 qui
912 774 1245 829 crediderunt
1265 773 1395 828 Deo.
1430 771 1559 827 Ηαό
1583 774 1720 829 enim
1752 782 1873 826 sunt
1897 771 2003 824 uti-

2107 672 2589 728 διαϐεϐαιοῦσθαι
2612 714 2628 737 ,
2682 672 2785 726 ἵνα
2832 670 3183 740 sapor-titiam
3239 670 3444 725 καλῶν
3497 672 3692 742 ἔργων

2108 764 2507 832 προΐστασθαι
2537 763 2591 815 ol
2633 761 3107 824 πεπιστευκότες
3152 759 3230 822 τῷ
3288 759 3429 823 Θεῷ.
3494 759 3690 813 Ταῦτά

436 871 511 925 lia
537 880 586 924 et
623 869 842 923 honesta
870 866 1191 920 hominibus.
1229 863 1440 920 Stultos
1485 873 1662 918 autent
1689 865 2004 933 quwstiones

2134 867 2243 906 :a‘z't
2270 853 2344 907 τὰ
2383 852 2544 908 καλὰ
2572 852 2667 906 καὶ
2705 851 2974 920 ὠφέλιμα
3014 850 3139 917 τοῖς
3169 850 3522 919 ἀνθρώποις.
3559 855 3692 905 Μω-

441 973 492 1018 et
545 963 883 1033 genealogias
946 970 997 1015 et
1038 962 1395 1014 contentiones
1456 975 1518 1013 ac
1559 974 1762 1030 pugnas
1816 959 2006 1029 legales

2134 943 2218 1011 ›ὰς
2258 944 2326 998 δὲ
2360 943 2644 1012 ζητήσεις
2678 944 2779 997 καὶ
2816 943 3205 1013 γενεαλογίας
3242 942 3342 995 καὶ
3396 941 3552 1010 ἕρεις
3589 942 3694 994 καὶ

437 1059 621 1111 omitte
665 1069 683 1108 :
720 1065 843 1110 sunt
871 1054 1012 1109 enim
1036 1052 1252 1107 inutiles
1276 1068 1340 1105 ac
1361 1066 1783 1120 superuacanea.

510 1231 783 1300 Quoniam
810 1233 878 1288 de
901 1232 1107 1289 futuris
1146 1234 1363 1288 locutus
1387 1240 1504 1301 erat
1541 1246 1770 1302 queque
1823 1230 2009 1285 multis

440 1325 647 1379 incerta
685 1334 862 1389 erant,
882 1326 1196 1397 subjnngit:
1230 1324 1423 1388 Πιστὸς
1456 1324 1679 1389 ὁλόγος,
1709 1323 1761 1377 id
1792 1331 1895 1386 est,
1927 1322 2014 1376 di-

441 1433 583 1487 gnus
616 1425 702 1473 est
743 1432 925 1472 sermo
948 1419 1041 1488 qui
1064 1418 1341 1481 credatur,
1387 1433 1547 1472 verax
1581 1424 1634 1471 ct
1671 1417 1762 1486 qui
1788 1417 2016 1469 omnino

440 1508 670 1561 eveniet.
712 1529 731 1560 ι
769 1507 833 1562 Et
866 1508 1044 1564 dehis
1074 1509 1196 1563 volo
1230 1517 1286 1562 ut
1313 1508 1625 1562 eunllrmes.
1658 1526 1677 1559 ι
1710 1506 1776 1559 Ει
1796 1508 1863 1560 de
1906 1507 2016 1560 illis

440 1616 561 1666 qua:
591 1601 849 1669 superius
883 1602 1028 1655 dicta
1081 1607 1210 1655 sunt
1238 1612 1289 1653 et
1318 1600 1385 1653 de
1415 1599 1561 1654 istis.
1593 1597 1846 1665 Quibus?
1883 1616 1900 1649 ι
1947 1598 2018 1653 Ut

441 1693 663 1747 solliciti
717 1694 848 1758 sint,
886 1702 945 1747 ut
976 1695 1135 1748 bonis
1172 1693 1433 1763 Operilms
1466 1693 1708 1761 praesint.
1757 1708 1775 1743 ι
1810 1690 2018 1760 Nempe

441 1785 642 1851 \‘iduis,
707 1788 991 1855 oipliauis,
1047 1786 1232 1840 labore
1276 1783 1544 1840 conlecus
1586 1797 1639 1838 et
1687 1786 1871 1854 egenis
1909 1798 2017 1837 non

442 1877 620 1930 silum
655 1879 915 1946 pecunias
936 1885 1182 1946 erogent,
1209 1877 1304 1930 sed
1323 1886 1375 1930 et
1398 1874 1845 1931 sollicitudinem.
1880 1875 2017 1929 Nam

2106 1034 2304 1104 μάχας
2330 1034 2580 1103 νομικὰς
2611 1034 2982 1102 περιίστασο.
3029 1032 3161 1086 Ela'l
3206 1034 3318 1101 γὰρ
3358 1032 3695 1101 ἀνωφελεῖς

2110 1128 2210 1182 καὶ
2239 1126 2500 1196 μάταιοι.

2195 1218 2415 1287 Ἐπειδὴ
2451 1216 2581 1288 περὶ
2609 1215 2911 1287 μελλὸντων
2938 1216 3187 1285 ὲλάλησε,
3214 1220 3307 1270 καὶ
3331 1220 3443 1279 τοῖς
3474 1216 3697 1278 πολλοῖς

2114 1307 2347 1379 ἀδήλων,
2381 1309 2596 1376 ἐπάγει,
2645 1308 2868 1373 Πιστές
2918 1312 2950 1362 ό
2987 1310 3188 1378 λόγος,
3229 1309 3525 1372 τουτέστιν,
3559 1309 3700 1381 ἀλη-

2116 1402 2216 1471 θὴς
2246 1402 2339 1453 καὶ
2392 1402 2611 1463 πάντως
2668 1400 3058 1470 ἐκϐησόμενος.
3100 1418 3120 1451 ι
3175 1400 3287 1453 Καὶ
3320 1401 3448 1470 περὶ
3486 1400 3698 1451 τούτων

2119 1493 2376 1564 βούλομαί
2421 1509 2500 1545 σε.
2539 1510 2558 1544 ι
2588 1492 2695 1546 Καὶ
2730 1492 2860 1563 περὶ
2907 1491 3014 1544 τῶν
3063 1493 3177 1546 ἄνω
3219 1495 3546 1563 εἰρημένων,
3600 1492 3698 1544 καὶ

2116 1583 2343 1637 τούτων.
2386 1583 2556 1638 Ποίων
2581 1603 2595 1647 ;
2629 1602 2648 1635 ι
2677 1584 2795 1637 Ἵνα
2827 1582 3177 1655 φροντίζωσι,
3202 1590 3361 1655 φησὶ,
3391 1586 3574 1638 καλῶν
3600 1586 3698 1656 ἕρ⁸

2117 1693 2227 1744 γων
2285 1677 2663 1747 προΐστασθαι.
2711 1694 2731 1728 s
2796 1677 3081 1743 Τουτέστι,
3139 1678 3347 1747 χηρῶν,
3402 1678 3686 1748 ὀρφανῶν,

2119 1768 2632 1837 καταπονουμένων,
2674 1767 3059 1836 ὲπιδεομὲνων,
3122 1770 3197 1838 μὴ
3229 1774 3476 1841 χρῆμασι
3509 1772 3699 1838 μόνον,

2120 1859 2259 1914 ἀλλὰ
2306 1862 2402 1913 καὶ
2444 1861 2672 1933 σπουδῇ.
2707 1859 2894 1914 Ταῦτά
2923 1862 3038 1913 ἐστι
3069 1860 3138 1915 τὰ
3186 1862 3345 1914 καλά.
3379 1862 3471 1926 Τὸ,
3515 1863 3701 1932 ἔργων

444 1970 477 2020 Ιι
499 1983 559 2021 rc
591 1936 717 2021 sunt
744 1969 909 2022 bona.
945 1967 1014 2023 Ut
1036 1936 1202 2022 bonis
1223 1967 1482 2036 operibus
1512 1967 1755 2036 priesint.
1796 1984 1814 2017 ι
1860 1964 2011 2020 Stul-

2134 1944 2306 2008 καλῶν
2336 1954 2688 2024 προεστάναι.
2720 1974 2738 2006 ι
2775 1953 2982 2022 Μωράς
3012 1954 3068 2007 δὲ
3093 1954 3349 2025 ζητήσεις
3378 1957 3469 2006 καὶ
3496 1971 3702 2022 γενεα-

451 2073 533 2113 tas
550 2069 729 2113 autem
756 2060 1090 2127 quaestiones
1113 2066 1168 2114 et
1191 2059 1560 2131 genealogias.
1601 2076 1621 2109 ι
1655 2056 2017 2126 Gcnealogias

448 2162 541 2205 aut
573 2152 640 2207 de
686 2151 893 2207 Graecis
952 2152 1107 2219 dicit,
1164 2152 1257 2222 qui
1317 2150 1550 2206 Deorum
1585 2165 1812 2205 suorum
1846 2163 2019 2218 genus

446 2243 828 2297 recensebant.
853 2241 1027 2303 Talis.
1057 2244 1332 2313 inquiunt,
1370 2244 1531 2297 talem
1573 2242 1781 2312 genuit.
1822 2242 1928 2294 Aut
1953 2241 2020 2295 de

443 2333 673 2399 Judmis,
706 2336 950 2405 quicum
977 2336 1113 2389 nihil
1144 2335 1269 2389 boni
1300 2344 1680 2400 oneraremur,
1720 2331 1788 2386 ad
1819 2346 2017 2402 genera

446 2423 857 2495 confugiebant,
889 2426 1030 2480 etab
1056 2426 1140 2480 his
1172 2426 1371 2479 cristas
1389 2425 1691 2495 erigebant.
1724 2424 2019 2490 Abraham,

451 2517 730 2585 inquiunt,
756 2516 909 2570 lsaac
932 2525 985 2570 et
1008 2515 1178 2571 Jucob
1223 2518 1602 2586 progenitores
1646 2516 1820 2570 nostri
1869 2524 2020 2571 sunt.

452 2603 663 2660 Stultas
693 2620 843 2666 vero,
878 2605 980 2658 hoc
1007 2614 1110 2671 est,
1144 2602 1363 2658 nullam‘
1390 2604 1682 2659 aﬂerentcs
1707 2605 2018 2659 utilitatem.

450 2696 581 2763 Quae
600 2698 742 2751 enim
767 2696 1043 2767 peccaturi
1076 2696 1283 2752 utilitas
1311 2698 1355 2752 si
1392 2696 1605 2750 Patrem
1632 2697 1825 2751 habeat
1847 2697 2025 2750 Abra-

451 2785 619 2838 ham?
650 2786 759 2838 imo
784 2785 967 2852 potius
996 2784 1256 2838 damnum
1310 2787 1541 2848 referet,
1571 2784 1614 2837 si
1640 2800 1703 2837 ex
1736 2783 1822 2838 his
1848 2781 2028 2853 profe-

452 2875 562 2943 cti,
599 2875 816 2946 reprobi
861 2873 989 2928 facti
1031 2882 1180 2930 sunt.
1229 2874 1577 2945 Hsptlorato,
1611 2874 1661 2929 id
1715 2884 1818 2940 est,
1876 2873 2021 2943 iuge,

453 2978 663 3022 caveto.
694 2965 981 3033 Quomodo
1013 2981 1142 3036 ergo
1174 2966 1301 3019 alibi
1360 2968 1604 3035 pra-cipit
1634 2975 1691 3019 ut
1742 2966 2025 3019 contradi-

454 3059 707 3114 centibus
735 3060 955 3113 obturet
981 3073 1099 3125 ora,
1132 3059 1178 3113 si
1202 3057 1428 3112 omnino
1480 3057 1702 3112 credere
1728 3064 1944 3126 Oportet
1973 3063 2026 3111 et

455 3149 759 3206 omittere?
795 3133 1049 3220 299Et
1083 3149 1319 3204 dicimus
1351 3166 1366 3203 ε
1395 3147 1552 3216 Quod
1579 3151 1662 3204 his
1682 3150 1771 3220 qui
1797 3149 1861 3203 ad
1891 3149 2028 3202 alio-

454 3255 574 3294 rum
633 3239 834 3294 docent
892 3237 1278 3308 perditionem,
1333 3248 1548 3308 Oportet
1582 3253 1679 3292 ora
1725 3240 2023 3294 obturare:

455 3346 579 3387 cum
608 3339 792 3385 autem
826 3328 1115 3385 adversum
1150 3341 1203 3385 te
1251 3332 1634 3386 contenderim
1659 3345 1766 3385 non
1798 3330 1866 3385 de
1898 3331 2030 3401 dog-

454 3424 642 3490 matis,
673 3423 805 3478 cedc
827 3430 883 3478 et
933 3423 1144 3478 omitte.
1186 3441 1203 3475 ι
1242 3422 1382 3478 Sunt
1414 3424 1558 3479 enim
1605 3426 1850 3480 inutiles.
1882 3443 1900 3477 ι
1946 3424 2032 3479 δίο

457 3515 676 3584 quidem
704 3515 915 3569 nullum
946 3513 1228 3570 habebunt
1254 3515 1456 3570 bonum
1494 3518 1675 3571 liuent.

1095 3626 1327 3682 CAPUT
1356 3626 1443 3682 Vl.

463 3717 861 3774 Admonitioues
895 3717 959 3771 de
990 3718 1320 3773 declinandis
1368 3719 1774 3789 quaestionibus,
1814 3738 1931 3792 qua’
1950 3738 2035 3778 sc-

952 3791 1210 3844 ditioncut
1251 3792 1539 3844 concitent.

532 3879 622 3946 ιιι,
660 3879 845 3935 10-15.
878 3880 1209 3935 ereticum
1245 3882 1507 3936 hominem
1542 3891 1659 3951 post
1684 3899 1845 3938 unam
1874 3892 1924 3938 et
1950 3885 2036 3940 al-

462 3982 635 4026 teram
669 3973 1083 4027 admonitionem
1111 3975 1252 4044 fuge,
1300 3976 1471 4029 sciens
1511 3975 1650 4045 quod
1677 3974 1927 4032 adversus
1963 3978 2036 4032 sit

461 4065 554 4133 qui
593 4065 857 4133 ejusmodi
891 4054 1009 4133 est,‘
1038 4077 1084 4120 et
1113 4078 1286 4135 peccet
1330 4083 1425 4136 per
1461 4083 1516 4121 se
1553 4069 1860 4124 damnatus.
1900 4067 2034 4125 Cum

462 4169 638 4212 autent
670 4160 861 4214 misero
891 4164 1144 4215 Arteman
1167 4160 1236 4215 ad
1269 4170 1317 4216 te
1345 4170 1438 4215 aut
1477 4162 1786 4234 Tyclticum,
1811 4164 1882 4217 da
1910 4178 2034 4232 ope-

463 4265 580 4301 ram
619 4258 675 4301 ut
715 4251 890 4304 venias
922 4250 991 4303 ad
1021 4267 1100 4305 me
1133 4250 1482 4322 Nicopolim:
1523 4268 1645 4305 nam
1674 4253 1786 4307 illic
1832 4253 2036 4308 decrevi

461 4340 757 4396 hibernare.
804 4340 1004 4396 Zenam
1043 4343 1403 4435 legisperitum
1454 4355 1503 4399 et
1550 4345 1737 4415 Apollo
1800 4345 2035 4398 studiose

459 4431 731 4499 deducito,
771 4449 833 4488 ne
857 4434 988 4503 quid
1013 4435 1124 4488 illis
1150 4431 1307 4489 desit.
1331 4436 1557 4491 Discant
1576 4446 1753 4492 autent
1783 4449 1831 4490 et
1868 4438 2038 4491 nostri

466 4520 618 4573 bonis
649 4520 895 4588 operibus
939 4537 1166 4590 prwesse
1198 4524 1266 4576 ad
1295 4526 1619 4578 necessarios
1661 4540 1811 4589 usus,
1843 4532 1899 4577 ut
1935 4540 2038 4579 non

2122 2044 2330 2112 λογίας.
2366 2064 2383 2095 ι
2425 2045 2524 2110 Τὸ,
2569 2044 2944 2113 γενεαλογίας,
2968 2044 3002 2114 ἣ
3032 2043 3162 2117 περὶ
3211 2044 3477 2115 Ἑλλήνων
3507 2047 3702 2115 φησὶν,

2123 2138 2173 2192 οἳ
2195 2139 2324 2201 τοὺς
2383 2137 2538 2201 Θεοὺς
2567 2137 2746 2190 αὐτῶν
2784 2136 3222 2206 γενεαλογοῦσιν.
3278 2136 3359 2193 Ὀ.
3389 2138 3554 2199 δεῖνα,
3592 2156 3706 2205 φη-

2126 2230 2231 2293 σὶν,
2267 2231 2528 2300 ἐγέννησε
2574 2230 2746 2285 τόνδε.
2776 2231 2846 2284 Ἢ
2898 2231 3028 2301 περὶ
3065 2228 3334 2284 Ἰουδαίων
3380 2229 3489 2282 τῶν
3531 2230 3707 2299 μηδὲν

2130 2322 2227 2391 μὲν
2258 2320 2691 2391 κατορθούντων,
2721 2323 2815 2375 ἐπὶ
2842 2320 2911 2375 τὰ
2956 2321 3087 2391 γένη
3119 2320 3177 2374 δὲ
3217 2320 3708 2390 καταφευγόντων,

2128 2416 2221 2466 καὶ
2249 2415 2307 2479 ἐξ
2336 2414 2514 2468 αὐτῶν
2543 2415 2686 2485 μέγα
2731 2416 3090 2485 φρονούντων.
3143 2414 3202 2468 '0
3244 2412 3514 2484 Ἀϐραὰμ,
3541 2410 3707 2480 φησι.

2129 2508 2222 2560 καὶ
2255 2507 2439 2560 Ἰσαὰκ
2464 2509 2560 2560 καὶ
2590 2511 2618 2560 ὁ
2652 2505 2868 2573 Ἰακὼϐ,
2896 2507 3149 2577 πρόγονοι
3176 2504 3351 2575 ἡμῶν.
3383 2502 3589 2571 Μωρὲμς
3620 2502 3709 2566 δὲ,

2128 2599 2224 2660 τὰς
2273 2594 2386 2652 οἷον
2420 2598 2735 2666 ἀνωφελεῖς.
2769 2598 2833 2650 Τί
2867 2599 2973 2667 γὰρ
3004 2596 3196 2666 ὄφελος
3223 2595 3302 2665 τῷ
3333 2596 3711 2665 ἁμαρτάνοντι

2129 2692 2273 2762 ἔχειν
2308 2692 2518 2762 πατέρα
2557 2693 2648 2744 τὸν
2689 2691 2975 2761 ’Δὸραάμ;
3030 2688 3213 2759 Βλάϐη
3249 2690 3349 2759 μὲν
3378 2705 3480 2750 τοι,
3516 2688 3602 2741 ὃτι
3639 2690 3712 2740 ἐκ

2129 2782 2335 2836 τούτων
2365 2782 2700 2853 ὁρμώμενοι,
2738 2782 2985 2850 ἀδόκιμοι
3013 2779 3288 2848 γεγόνασι.
3318 2780 3549 2847 Περιίστ
3561 2793 3713 2843 ασο,

2130 2866 2276 2938 οἷον,
2331 2871 2623 2941 παραιτοῦ.
2686 2870 2809 2933 Πῶς
2852 2869 2948 2925 οὖν
2990 2868 3139 2940 αὐτῷ
3191 2868 3424 2937 ἀλλαχοῦ
3459 2868 3715 2931 κελεύεις

2131 2963 2263 3028 τοὺς
2310 2961 2690 3029 ἀντιλέγοντας
2744 2960 3142 3031 ἐπιστομίζειν,
3182 2962 3232 3013 εί
3279 2960 3414 3021 ὅλως
3440 2961 3717 3013 ὑποστέλ-

2133 3053 2322 3107 λεσθαι
2395 3051 2577 3107 αὐτῶν
2608 3051 2715 3122 χρὴ
2751 3052 2844 3106 καὶ
2876 3051 3299 3123 παραιτεῖσθαις
3350 3051 3445 3105 καί
3488 3069 3677 3122 φαμεν
3700 3067 3714 3082 ·

2135 3145 2281 3209 Τοὺς
2312 3146 2403 3199 ἐπὶ
2429 3146 2573 3217 λύμῃ
2594 3145 2756 3201 τινῶν
2777 3145 3149 3209 διδάσκοντας,
3173 3145 3551 3214 ἐπιστομίζειν
3575 3144 3717 3216 χρὴ,

2135 3237 2264 3291 ὅταν
2293 3236 2348 3290 δὲ
2388 3237 2526 3308 πρὸς
2557 3238 2618 3290 σὲ
2660 3236 2941 3307 μάχωνται
2990 3236 3052 3289 οὐ
3104 3238 3233 3307 περὶ
3260 3236 3568 3307 δογμάτων,
3609 3252 3718 3288 πε-

2134 3329 2444 3399 ριίστασθαι
2496 3329 2590 3382 καὶ
2648 3327 3059 3399 παραιτεῖσθαι.
3115 3348 3132 3380 ι
3170 3329 3292 3382 Εἰσὶ
3355 3328 3464 3397 γὰρ
3496 3329 3718 3394 ἀνωφε-

2133 3423 2265 3488 λεῖς.
2299 3441 2319 3477 s
2355 3422 2522 3477 Οὐδὲν
2554 3423 2685 3494 γὰρ,
2721 3422 2912 3495 φησὶν,
2941 3424 3122 3491 ἕξουσι
3162 3424 3336 3495 πέρας
3376 3422 3638 3494 χρηστόν.

2732 3631 2981 3687 ΚΕΦΑΛ.
3028 3631 3125 3701 (τ’.

2136 3724 2530 3794 Παραινέσεις
2553 3724 2688 3795 περὶ
2715 3724 2847 3855 τοῦζ
2866 3726 3171 3807 ἐκκλίνειν
3197 3719 3343 3788 τοὺς
3381 3719 3727 3788 αίρετικοὺς

2837 3812 3078 3855 ητητας.

2878 3812 3078 3847 τηταο.

2878 3812 2904 3847 τ
2954 3812 3021 3847 τα
3063 3830 3078 3847 .

2205 3886 2516 3954 Λίρετικὸν
2542 3812 3210 3955 ἅνθρωποῗθιῖἷετὰςμίαν
3272 3884 3373 3938 καί
3429 3883 3729 3952 δευτέραν

2135 3977 2463 4033 νουθεσίαν
2501 3975 2826 4045 παραιτοῦ,
2875 3975 3048 4042 ειδὼς
3107 3975 3199 4029 ὅτι
3249 3974 3651 4046 ἐξέστραπται
3694 3979 3727 4030 δ

2150 4070 2442 4137 τοιοῦτος,
2515 4068 2617 4123 καί
2695 4068 3019 4138 ἁμαρτάνει
3068 4067 3155 4122 ὢν
3193 4067 3726 4137 αὐτοκατάκριτος.

2139 4162 2327 4216 Ὅταν
2388 4161 2608 4231 πέμψω
2657 4159 2945 4231 Ἀρτεμᾶν
3008 4161 3160 4230 πρὸς
3213 4159 3289 4215 σὲ
3338 4160 3378 4230 ἣ
3441 4162 3725 4231 Τυχικὸν,

2112 4252 2496 4308 ,σπούδασον
2521 4251 2726 4307 ἐλθεῖν
2743 4252 2895 4321 πρός
2918 4268 2996 4321 με
3016 4254 3129 4318 πείς
3157 4253 3507 4307 Νικόπολιν.
3569 4254 3736 4306 Ἐκεῖ

2136 4345 2249 4414 γὰρ
2270 4344 2516 4413 κέκρινα
2540 4341 3005 4412 παραχειμάσαι.
3058 4341 3262 4411 Ζηνᾶν
3306 4342 3413 4397 τὸν
3470 4348 3732 4413 νομικὸν

2136 4438 2236 4493 καὶ
2276 4436 2542 4494 Ἀπολλὼ
2562 4436 2909 4503 σπουδαίως
2933 4434 3316 4505 πρόπεμψον,
3378 4435 3480 4489 ινα
3525 4434 3732 4503 μηδὲν

2138 4529 2343 4596 αὐτοῖς
2365 4528 2581 4597 λείπῃ.
2603 4527 3088 4583 Μανθανέτωσαν
3116 4525 3187 4579 δὲ
3232 4526 3330 4580 καὶ
3364 4528 3419 4580 οι
3446 4526 3731 4595 ἡμέτεροι

464 4611 570 4663 sint
609 4611 935 4681 infrugiferi.
971 4612 1221 4667 Salutant
1249 4625 1296 4668 te
1322 4616 1411 4686 qui
1447 4631 1646 4668 mecum
1670 4623 1792 4668 sunt
1835 4630 2024 4670 omnes

2143 4620 2348 4677 καλῶν
2399 4622 2589 4691 ἔργων
2639 4622 3039 4689 προίστασθαι
3102 4621 3191 4685 είς
3235 4617 3342 4684 τὰς
3390 4618 3732 4688 ἀναγκαίας

466 4696 658 4751 Saluta
682 4714 770 4752 eos
794 4702 885 4769 qui
915 4717 1009 4755 nos
1026 4702 1259 4774 diligunt
1277 4703 1335 4757 in
1359 4702 1484 4772 ﬁde.
1514 4701 1701 4758 Gratia
1730 4718 1849 4756 cum
1864 4704 2036 4756 omni-

467 4788 562 4844 bus
596 4791 765 4846 oobis.
799 4793 987 4849 Amen.

534 5062 704 5133 Atqui
732 5064 866 5121 dicit
894 5066 1024 5122 alibi
1049 5083 1066 5124 ι
1105 5084 1124 5119 ι
1152 5067 1230 5124 Ne
1257 5069 1475 5138 quando
1510 5067 1602 5123 det
1620 5068 1729 5124 illis
1749 5067 1893 5127 Deus
1926 5085 2049 5141 pte-

2152 4714 2380 4786 χρείας,
2415 4715 2517 4768 ἵνα
2546 4712 2634 4784 μὴ
2656 4708 2807 4769 ὦσιν
2825 4712 3101 4780 ἄκαρποι.
3144 4708 3537 4770 Ἀσπάζονταί
3565 4728 3647 4765 σε
3677 4714 3731 4764 nl

2144 4805 2277 4877 μετ’
2339 4805 2486 4871 ἐμοῦ
2542 4805 2786 4872 πάντες.
2841 4805 3150 4859 ’Ἄσπασαι
3205 4804 3350 4870 τοὺς
3393 4803 3734 4874 φιλοῦντας

2152 4894 2311 4965 ἡμᾶς
2335 4895 2407 4949 ἐν
2454 4894 2676 4949 πίστει.
2734 4894 2803 4949 Ἡ
2848 4893 3022 4963 χάρις
3069 4896 3222 4964 μετὰ
3261 4891 3505 4948 πάντων
3555 4892 3734 4963 ὑμῶν

2165 4988 2363 5042 Ἇαύν.

2265 5004 2363 5042 ιν.

2216 4986 2336 5133 {Quid
2400 5096 2484 5132 τοι
2527 5077 2760 5150 ἀλλαχοῦ
2811 5096 2966 5150 φησι,
2999 5099 3019 5133 ι
3069 5081 3163 5152 Μή
3211 5096 3342 5135 ποτε
3387 5079 3463 5151 δῷ
3489 5080 3733 5146 αἰθτοῖςὸ

471 5155 757 5211 nitentiam
795 5157 857 5224 ις
893 5176 914 5211 s
958 5161 1239 5230 quomodo
1266 5175 1399 5230 ergo
1448 5161 1552 5216 hoc
1581 5163 1705 5216 loco
1736 5162 1925 5232 lugere
1952 5179 2024 5218 eo:

2139 5168 2273 5232 Θεὸς
2301 5169 2612 5239 μετάνοιαν.
2651 5190 2673 5225 s
2704 5171 2827 5235 Πῶς
2887 5167 2983 5226 οὖν
3052 5164 3157 5226 ὧδε
3209 5172 3595 5243 παραιτεῖσθαι
3643 5190 3733 5227 κε·

465 5249 661 5318 jubet?
689 5249 767 5305 ibi
816 5250 884 5306 de
906 5252 972 5307 iis
998 5252 1241 5322 loquitur
1279 5252 1348 5308 de
1377 5254 1580 5321 quibus
1609 5264 1693 5308 est
1716 5271 1843 5326 spes
1863 5271 2024 5310 einen

2143 5260 2290 5316 λεύει
2324 5277 2339 5326 ;
2388 5263 2537 5315 Ἐκεῖ
2558 5262 2685 5334 περὶ
2718 5264 2828 5319 τῶν
2854 5264 3046 5320 ἐλπίδα
3089 5266 3325 5337 ἑχόντων
3383 5265 3734 5336 διορθώσεως

470 5340 587 5405 dae;
623 5342 713 5395 hic
741 5354 945 5406 autem,
969 5343 1039 5397 de
1071 5344 1180 5398 illis
1205 5344 1298 5410 qui
1322 5345 1611 5400 iucurabili
1663 5348 1855 5401 morbo
1899 5347 2024 5403 labo

2148 5353 2321 5423 λέγει’
2356 5349 2459 5409 ὦδε
2490 5355 2570 5421 δὲ,
2597 5359 2725 5427 περὶ
2751 5357 2862 5411 τῶν
2887 5358 3087 5413 ἀνίατα
3107 5357 3429 5414 νοσούντων.
3463 5376 3482 5410 ι
3512 5360 3615 5413 ὀν
3641 5361 3735 5413 αὑ-

473 5441 615 5485 rant.
656 5449 676 5483 ι
715 5430 818 5485 Per
848 5446 910 5486 se
940 5431 1257 5489 damnatus.
1289 5451 1309 5486 ι
1346 5432 1532 5505 Neque
1558 5438 1700 5490 enim
1736 5437 1839 5493 hoc
1867 5449 2024 5508 potes

2140 5447 2556 5519 τοκατάκριτος.
2588 5467 2607 5499 ι
2644 5448 2782 5503 Οὔτε
2822 5451 2932 5524 γὰρ
2954 5451 3067 5522 ἔχει
3107 5452 3246 5523 πρὸς
3268 5450 3566 5520 ἀπολογίαν
3589 5469 3733 5522 προ·

473 5524 525 5577 in
562 5523 970 5579 excusationem
1002 5522 1248 5594 proferre
1276 5543 1291 5581 :
1325 5525 1498 5581 Nemo
1534 5531 1664 5583 mihi
1693 5529 1833 5585 dixit
1877 5532 2024 5587 :an

2154 5533 2469 5598 ϐάλλεσθαι,
2494 5537 2600 5603 ὅτι,
2637 5540 2824 5603 Οὐδείς
2878 5522 2972 5612 μοι
3004 5522 3160 5595 εἶπεν
3188 5558 3205 5573 ο
3241 5542 3429 5605 Οὓδείς
3464 5559 3558 5613 μοι
3584 5558 3733 5611 παρ-

474 5613 559 5668 lus
586 5628 671 5668 me
705 5616 1031 5670 adhortatus
1065 5625 1173 5671 est.
1206 5616 1361 5683 Quod
1394 5634 1524 5689 ergo
1554 5621 1691 5675 dixit
1740 5623 2024 5677 αὑτοκατὸι

2150 5623 2330 5696 ῄνεσε.
2388 5628 2462 5681 Τὸ
2523 5629 2581 5684 δὲ
2625 5633 3221 5705 αὐτοκατάκριτος,ἢ
3296 5633 3731 5705 Ἀναπολόγητός

473 5722 679 5776 γριτος,
713 5716 808 5761 aut
829 5706 971 5761 idem
1004 5715 1085 5763 est
1120 5711 1264 5778 quod
1304 5712 1720 5781 inexcusabilis,
1755 5726 1867 5782 aut,
1920 5715 2024 5786 lpsc

2151 5720 2322 5785 ἐστιν,
2351 5718 2407 5790 ἢ,
2436 5722 2606 5785 Αὐτὸς
2628 5723 2717 5792 ὑφ’
2747 5724 2941 5778 ἑαυτοῦ
2975 5728 3070 5780 καὶ
3107 5728 3205 5798 τῆς
3231 5727 3435 5807 οἰκείας
3483 5727 3733 5803 συνειδή-

548 5889 567 5919 ⁸
600 5887 638 5942 ll
682 5887 821 5942 Tim.
856 5906 914 5954 ll,
948 5888 1049 5946 25.’
