3988 6570
277 427 375 491 261

1219 484 1227 492 .
1311 435 1700 499 COMMENT.
1724 435 1805 497 IN
1827 437 2064 502 EPIST.
2081 441 2181 502 AD
2208 441 2529 505 PHILEM.

3411 451 3521 517 262

274 557 405 603 σεως
435 539 922 609 κατακρινόμενος.
949 540 1301 597 «Σπούδασον
1322 544 1500 598 ὲλθετν
1532 547 1668 617 πρός
1695 565 1784 616 με.
1816 565 1836 600 ι

1949 563 1976 603 a
2020 565 2122 606 sua
2171 554 2515 609 conscientia
2564 554 2983 613 condemnatus.
3016 575 3040 613 ι
3076 558 3151 614 Da
3176 575 3397 629 operam
3465 576 3524 620 ut

274 630 337 680 1.’
373 629 434 700 δή
467 644 606 681 ποτε
626 631 928 698 ἐπιστήσας
958 633 1121 685 αὑτὸν
1148 637 1215 705 τῇ
1245 636 1464 709 Κρήτῃ,
1501 638 1664 691 πάλιν
1694 638 1852 693 καλεῖ

273 716 403 788 πρὸς
427 719 626 770 ἑαυτόν
655 733 674 783 ;
709 718 831 771 ἰνα
866 719 1028 774 πλέον
1054 724 1316 796 ῥυθμίσῃ,
1350 727 1446 781 καὶ
1479 729 1547 781 τά
1600 730 1849 799 πρακτέα

274 810 673 880 ωμὸουλεύσῃ.
733 811 799 865 Ἦ
850 812 910 865 δὲ
954 813 1250 880 Νικόπολις
1306 819 1405 888 τῆς
1464 820 1686 893 Θρᾴκης
1732 824 1851 877 ἐστὶ

270 905 441 964 uas.
463 933 537 944 —
570 922 588 953 ι
618 904 714 966 Εἰς
767 904 1084 959 Νικόπολιν.
1113 926 1133 959 ι
1166 907 1499 985 [θΕΟΔΩΡ.]
1528 916 1641 984 Τῆς
1700 917 1848 988 Θρᾴ-

270 997 602 1066 21;;é51'tv1‘)
635 996 951 1062 Νικόπολις,
1000 1002 1065 1070 τῇ
1126 1001 1184 1055 δὲ
1238 1004 1552 1078 Μακεδονίᾳ
1602 1007 1846 1073 πελάζει.

271 1084 435 1153 Δῆλον
461 1086 650 1140 τοίνυν
677 1087 754 1149 ὡς
794 1090 914 1141 κατ’
950 1092 1162 1145 ἐκεῖνον
1193 1095 1287 1147 τὸν
1317 1102 1509 1167 καιρὸν
1567 1099 1760 1152 καθ’ὂν
1791 1102 1849 1155 ἐν

270 1177 676 1249 τῇΜακεδονεα
737 1180 830 1232 καὶ
886 1180 1080 1253 Ἀχαΐᾳ
1127 1183 1416 1255 διέτριϐεν,
1479 1189 1686 1260 ἔγραψε
1750 1192 1849 1259 τὴν

282 1266 625 1337 Ἐπιστολήν.
668 1286 689 1320 ‹
730 1270 911 1338 Ζηνᾶν
943 1271 1035 1325 τὸν
1056 1275 1302 1344 νομικόν.
1344 1294 1363 1328 ι
1398 1277 1502 1330 Τὸν
1561 1279 1668 1331 τῶν
1726 1281 1851 1334 ’1ου-

266 1360 462 1411 δαῖκῶν
497 1362 689 1430 νόμων
721 1362 1007 1433 ἔμπειρον.
1035 1365 1205 1419 Οὔπω
1235 1368 1292 1422 δὲ
1315 1364 1457 1439 ἦσαν
1497 1363 1643 1425 οὗτοι
1672 1376 1850 1444 ἐγχει-

269 1449 542 1518 ρισθέντες
586 1453 937 1522 Ἐκκλησίας.
982 1456 1039 1509 Ὀ
1059 1457 1117 1510 δὲ
1167 1459 1440 1524 ’Λπολλὼς
1467 1457 1640 1525 οὗτος.
1673 1468 1849 1533 μέγας

269 1559 348 1605 τις
367 1537 437 1611 ἦν
478 1546 582 1596 καὶ
621 1542 803 1613 λόγιος
863 1548 959 1600 καὶ
1005 1548 1235 1613 δυνατὸς
1298 1553 1358 1605 ἐν
1425 1557 1551 1615 ταῖς
1583 1555 1844 1625 Γραφαῖς.

272 1652 291 1684 ι
320 1634 439 1688 ἰνα
466 1635 649 1707 μηδὲν
671 1639 857 1702 αὐτοῖς
891 1640 1076 1714 λείπῃ.
1114 1661 1135 1695 ι
1176 1644 1265 1695 Ἐν
1294 1645 1443 1717 πάσῃ
1469 1647 1702 1720 ἀφθονίᾳ
1746 1665 1849 1704 και

266 1731 530 1801 τάπησον
594 1733 817 1797 αὐτοὺς,
898 1737 1109 1806 τροφῆς
1173 1738 1302 1803 ἴσως
1364 1741 1459 1794 καὶ
1509 1743 1847 1813 ἐνδυμάτων.

270 1842 288 1873 ι
317 1825 767 1881 Μανθανέτωσαν
792 1830 849 1882 δὲ
887 1831 984 1883 καὶ
1012 1832 1063 1885 οἱ
1107 1834 1393 1905 ἡμέτεροι.
1428 1854 1448 1887 ι
1486 1838 1557 1889 Ἢ
1603 1838 1732 1909 περὶ
1769 1838 1848 1892 δι·

264 1917 555 1982 ὃασκαλξας
584 1919 757 1988 λέγει,
786 1922 819 1991 ἢ
849 1924 978 1993 περὶ
1002 1925 1365 1993 μεταδόσεως,
1414 1928 1493 1989 ὡς
1548 1928 1597 1981 εἰ
1653 1925 1841 1984 εἶπεν

264 2007 420 2063 Αὐτοὶ
448 2010 600 2080 πρὸς
636 2012 766 2076 τοὺς
795 2012 1087 2083 δεομένους
1117 2016 1504 2087 φιλάνθρωπον
1526 2019 1837 2087 ὁράτωσαν,

264 2100 350 2154 καὶ
371 2101 814 2157 ἑπισπάσθωσαν
833 2105 1053 2169 αὐτοὺς,
1085 2108 1191 2160 κᾶν
1208 2126 1268 2162 τε
1293 2109 1644 2176 διδασκαλίας
1680 2111 1848 2165 δέωνο

264 2208 368 2258 ται,
391 2193 499 2248 κᾶν
522 2211 590 2248 τε
631 2197 966 2263 ἀναγκαίων.
1003 2218 1023 2251 ι
1059 2199 1175 2253 Ἰνα
1213 2202 1289 2272 μὴ
1336 2199 1470 2257 ὦσιν
1520 2205 1783 2275 ἄκαρποι.
1819 2224 1839 2257 ι

267 2285 460 2349 Αὐτοὺς
489 2288 608 2357 γὰρ
628 2288 827 2357 μᾶλλον
839 2291 965 2354 τοὺς
983 2291 1250 2359 διδόντας,
1268 2294 1301 2363 ἢ
1327 2296 1453 2359 τοὺς
1469 2296 1534 2350 λα
1542 2298 1848 2367 μϐάνοντας

264 2375 487 2445 ὠφελεῖν
511 2379 795 2447 βούλεται.
831 2399 851 2433 t
876 2384 1155 2437 ’Ἄσπασαι
1185 2388 1314 2450 τοὺς
1332 2386 1619 2455 φιλοῦντας
1639 2390 1843 2460 ἡμᾶς.»

270 2467 331 2519 Ἦ
381 2468 511 2532 τοὺς
551 2471 726 2525 αὐτὸν
773 2473 1065 2542 φιλοῦντας
1142 2478 1313 2545 λέγει,
1366 2480 1399 2550 ἢ
1445 2481 1673 2535 καθόλου
1721 2483 1849 2547 τοὺς

266 2561 501 2624 πιστούς.
525 2563 607 2615 Τὸ
632 2563 712 2632 δὲ,
741 2566 799 2617 ἐν
833 2568 1033 2632 πίστει,
1063 2564 1181 2623 οἷον
1201 2571 1287 2625 διὰ
1314 2572 1411 2642 τῆς
1443 2573 1701 2638 πίστεως.

308 2675 503 2743 Τέλος,
533 2679 666 2732 σὺν
694 2679 839 2748 Θεῷ,
878 2683 991 2750 τῆς
1020 2685 1170 2753 πρὲς
1222 2684 1393 2740 Τῖτον
1418 2687 1806 2758 Ἐπιστολῆς.

276 2865 667 2952 Ἑγράφηρτξδ
692 2870 1183 2952 Νικοπόλεως-τῆς
1215 2875 1565 2952 Μακεδονίας
1583 2878 1723 2949 πρὸς
1754 2881 1850 2934 Τῖ-

327 2955 438 3002 τον,
483 2942 596 3010 τῆς
621 2942 859 3019 ῌρητὼν
917 2944 1245 3016 Ἐκκλησίας
1291 2945 1507 3019 πρῶτον
1550 2942 1854 3006 ὲπῐσκοπον

328 3012 814 3081 χειροτονηθέντα.

1950 644 2138 697 venias
2167 645 2235 698 ad
2254 659 2359 699 me.
2397 664 2416 696 ι
2449 647 2624 713 Quam
2653 647 2724 703 ob
2754 662 2978 704 causam
2999 664 3124 706 cum
3146 650 3325 721 ipsum
3349 652 3523 709 Cretae

1952 734 2301 804 praefecisset,
2348 753 2567 794 rursum
2599 755 2722 794 eum
2755 747 2823 795 ad
2847 757 2909 796 se
2938 743 3140 797 vocat?
3193 742 3260 798 Ut
3309 747 3524 815 plenius

1951 843 2074 883 eum
2107 828 2428 886 informaret
2448 840 2501 885 et
2533 848 2654 902 qua:
2678 832 2928 887 facienda
2951 845 3137 890 essent
3188 839 3522 894 consulem.

1950 919 2231 992 Nicopolis
2253 932 2433 978 autem
2451 924 2483 977 Ἰ
2499 924 2702 980 brat-ia:
2718 925 2911 980 civitas
2933 936 3113 982 est.—
3129 929 3482 1000 (Nicopolim.
3499 952 3519 983 ι

1951 1009 2201 1069 Thraciae
2230 1030 2358 1083 pars
2396 1026 2482 1071 est
2503 1015 2804 1088 NiCupolis,
2836 1020 3148 1089 prapinqua
3169 1020 3522 1077 Macedoniae.

1953 1102 2307 1159 Manifestum
2351 1122 2483 1176 ergo
2506 1119 2588 1163 est
2633 1109 2873 1178 quodeo
2932 1121 3177 1182 tempore
3241 1114 3526 1185 scripserit

1949 1194 2247 1269 Epistolam
2267 1216 2377 1271 quo
2408 1202 2459 1254 in
2489 1202 2809 1258 Macedonia
2834 1213 2890 1259 et
2911 1206 3119 1259 Achaia
3178 1209 3523 1263 verSahatur.

1956 1310 1975 1344 ι
2014 1290 2215 1345 Zenam
2242 1292 2616 1361 legisperitum
2644 1295 2931 1362 etApollo.
2965 1314 2984 1346 ι
3026 1295 3231 1367 Legum
3262 1295 3526 1351 Jndaica-

1952 1396 2074 1434 rum
2102 1381 2269 1451 300
2300 1383 2555 1452 peritum.
2579 1382 2835 1436 Nondum
2870 1394 3049 1439 autem
3090 1388 3399 1442 commissa:
3434 1388 3518 1441 his

1950 1480 2106 1527 erant
2136 1473 2420 1528 Ecclesiae.
2446 1471 2619 1527 Porro
2656 1476 2743 1529 hic
2773 1477 2996 1545 Apollas
3022 1493 3256 1547 magnus
3273 1480 3357 1532 vir
3380 1488 3524 1541 eral,

1949 1571 2005 1618 et
2043 1564 2264 1633 sapiens
2308 1576 2373 1616 ac
2408 1574 2601 1632 potens
2634 1563 2687 1616 in
2745 1561 3069 1634 Scripturis.
3114 1584 3134 1616 ι
3171 1564 3249 1619 Ne
3273 1566 3403 1636 quid
3432 1566 3526 1620 il‘o

1949 1655 2113 1709 desit.
2151 1674 2169 1706 ι
2197 1655 2428 1710 Abunde
2463 1656 2572 1711 illis
2603 1657 2831 1726 Provide
2860 1674 2875 1712 :
2901 1658 2972 1712 de
3012 1657 3286 1714 alimentis
3320 1658 3528 1714 fortas—

1951 1747 2030 1801 sis
2068 1747 2314 1817 loquitur
2352 1755 2407 1801 et
2434 1746 2794 1802 indumentis.
2837 1766 2857 1798 ι
2889 1747 3113 1803 Discant
3138 1756 3320 1803 autem
3348 1757 3403 1801 et
3431 1764 3530 1802 no-

1949 1838 2123 1902 stri.,i
2176 1838 2287 1893 Aut
2312 1842 2378 1894 de
2423 1839 2675 1893 doctrina
2706 1840 2958 1910 loquitur
2986 1849 3083 1896 aut
3110 1840 3177 1895 de
3196 1841 3525 1895 tradilione:

1951 1931 2177 2001 perinde
2199 1947 2263 1987 ac
2295 1934 2340 1988 si
2368 1932 2579 1988 diceret
2611 1952 2625 1988 :
2654 1933 2759 2002 ipsi
2802 1934 3200 1989 humanitatem
3235 1936 3528 2003 reSpiciant

1949 2039 2078 2093 erga
2100 2040 2197 2080 eos
2230 2026 2326 2096 qui
2359 2027 2514 2095 egeni
2543 2034 2694 2089 sunt,
2727 2028 2985 2097 ipsosque
3013 2026 3254 2089 foveant,
3285 2027 3402 2082 sive
3430 2026 3532 2081 do-

1949 2121 2129 2172 ctrina
2166 2127 2363 2189 egeant
2421 2120 2536 2174 sive
2565 2119 2733 2174 rebus
2763 2121 3118 2175 necessariis.
3147 2139 3166 2172 ι
3199 2118 3271 2175 Ut
3294 2137 3399 2175 non
3416 2122 3530 2174 sint

1949 2207 2286 2278 infrngiferi.
2327 2227 2346 2261 ι
2382 2207 2663 2279 Siquidem
2698 2212 2850 2279 cupit
2896 2211 3005 2265 illis
3041 2213 3215 2282 magis
3267 2213 3529 2281 prodesse

1953 2301 2048 2371 qui
2085 2301 2243 2364 dant,
2276 2317 2439 2372 quam
2459 2304 2549 2373 qui
2580 2303 2887 2373 accipiunt.
2913 2322 2931 2353 ι
2967 2302 3156 2357 Saluta
3190 2320 3285 2358 eos
3309 2305 3402 2373 qui
3430 2320 3530 2357 πως

1952 2392 2213 2463 diligunt.
2245 2410 2264 2442 ι
2302 2394 2409 2446 Ant
2434 2408 2531 2448 eos
2558 2395 2693 2448 dicit
2735 2395 2827 2465 qui
2856 2394 3034 2463 ipsum
3064 2395 3388 2465 diligebant,
3434 2405 3529 2448 aut

1951 2484 2342 2540 universaliter
2403 2485 2610 2541 ﬁdeles.
2663 2484 2719 2539 ln
2766 2485 2869 2541 [ide
2925 2502 3076 2552 vero,
3139 2486 3192 2540 id
3249 2494 3373 2549 est.
3433 2500 3530 2554 per

1952 2576 2136 2632 ﬁdem.

1946 2691 2125 2757 Finis,
2193 2690 2370 2744 divino
2423 2691 2917 2816 faventelauxilio,
2994 2691 3254 2762 Epistolw
3303 2692 3373 2747 ad
3442 2691 3531 2745 Ti-

2685 2780 2796 2816 um.

2685 2780 2796 2818 um.

1950 2876 2168 2945 Scripta
2213 2887 2295 2931 est
2337 2876 2406 2929 ab
2436 2876 2833 2946 unbeNiCOpoli
2864 2876 3197 2933 Macedonia:
3226 2876 3292 2931 ad
3307 2874 3521 2939 Titum,

2022 2950 2215 3018 primae
2279 2946 2543 3002 Ecclesia:
2600 2948 2950 3002 Cretensium
3027 2948 3342 3002 ordinatum
3408 2947 3529 3015 cpi-

2024 3032 2283 3088 scopum.

1496 3413 2267 3533 ΥΠΟΘΕΣΙΣ

856 3649 1077 3736 ΤΗΣ
1160 3649 1451 3735 ΠΡΟΣ
1534 3647 2137 3736 ΦΙΛΗΜΟΝΑ
2260 3624 2959 3742 ΕΠΙΣΤΟΛΗΣ

1382 4003 2381 4119 ARGUMENTUM

992 4276 1625 4372 EPISTOLIE
1699 4279 1849 4367 AD
1914 4278 2554 4373 PHILEMON
2578 4279 2777 4371 ΕΜ.

329 4672 547 4744 Ταύτην
570 4667 880 4724 ἐπιστέλλει
906 4666 1015 4723 ἀπὸ
1065 4664 1307 4736 Ῥώμης.
1351 4663 1418 4718 Ἦ
1444 4664 1504 4719 δὲ
1550 4663 1827 4736 πρόφασις

2001 4665 2322 4737 301Hanc
2343 4668 2412 4722 ab
2430 4669 2566 4722 urbe
2583 4666 2755 4720 Roma
2772 4664 2984 4722 scribit.
2999 4664 3228 4721 Occasio
3243 4681 3373 4722 vero
3387 4665 3515 4737 Epi-

267 4766 358 4835 τῆς
387 4761 714 4832 Ἐπιστολῆς
743 4758 909 4832 αὖτη’
948 4759 1239 4828 Ὀνήσιμος
1278 4758 1307 4808 ὁ
1351 4757 1569 4824 οἰκέτης
1598 4758 1837 4828 Φιλήμο·

268 4871 349 4919 νος
414 4854 612 4924 ἔφυγε,
671 4851 768 4905 καὶ
820 4848 1073 4905 ἀπελθὼν
1132 4850 1269 4917 πρὸς
1332 4848 1425 4901 τὸν
1493 4849 1835 4913 Ἀπόστολον,

269 4945 544 5017 κατηχήθη
573 4941 704 5013 παρ’
729 4939 918 5003 αὐτοῦ,
938 4940 1033 4995 καὶ
1054 4940 1280 5007 γέγονεν
1294 4936 1444 5007 αὐτῷ
1469 4938 1738 5009 χρήσιμος
1757 4938 1838 5000 εἰς

269 5034 555 5091 διακονίαν.
612 5035 750 5104 Περὶ
791 5032 984 5086 τούτου
1047 5031 1226 5084 τοίνυν
1280 5029 1484 5101 γράφει
1547 5031 1831 5100 Φιλήμονι,

272 5128 697 5198 παρατιθέμενος
727 5124 878 5195 αὐτῷ
930 5122 1021 5180 τὸν
1062 5122 1373 5192 Ὀνήσιμον,
1448 5121 1533 5174 ἵνα
1590 5123 1833 5193 πρόσεχῃ

268 5222 405 5291 αὐτῷ
433 5220 699 5291 γνησίως,
725 5219 820 5271 καὶ
855 5216 1053 5286 μηκέτι
1093 5213 1190 5284 ἔχῃ
1220 5214 1384 5266 αὐτὸν
1409 5212 1483 5276 ὡς
1498 5212 1703 5277 δοῦλον,
1719 5213 1836 5266 ἀλλ’

267 5312 334 5375 ὡς
351 5312 602 5381 ἀδελφόν.
628 5307 1008 5380 Προετρὲψατο
1034 5307 1092 5359 δὲ
1120 5306 1282 5358 αὑτὸν
1317 5307 1406 5358 καὶ
1447 5304 1627 5369 ξενίαν
1682 5305 1832 5377 αὐτῷ

271 5406 566 5475 ἑτοιμάσαι,
593 5405 681 5458 ἴνα
708 5404 805 5456 ἐὰν
831 5402 983 5472 ἔλθῃ,
1014 5400 1151 5473 εὖρῃ
1183 5398 1285 5452 ποῦ
1319 5401 1498 5472 μείνῃ.
1528 5400 1635 5452 Καὶ
1658 5399 1832 5463 οὕτως

268 5498 447 5553 τελεωί
473 5500 577 5568 τὴν
603 5497 950 5568 Ἐπιστολὴν.
982 5495 1180 5549 ’ἰστέον
1200 5492 1277 5556 δὲ,
1307 5492 1387 5544 ὅτι
1417 5486 1571 5555 οὗτος
1604 5494 1632 5546 ὁ
1670 5493 1828 5562 Ὀνή-

272 5606 415 5661 σιμος
457 5593 556 5648 καὶ
574 5587 878 5661 μαρτυρίου
911 5587 1119 5658 ἠξιώθη
1148 5588 1206 5639 ἐν
1254 5589 1321 5655 τῇ
1349 5585 1635 5654 Ῥωμαίων
1657 5585 1827 5651 πόλει,

268 5683 557 5753 Τερτύλλου
582 5683 646 5737 τὸ
703 5680 1003 5753 τηνικαῦτα
1033 5678 1131 5750 τὴν
1166 5676 1402 5747 ἔπαρχον
1445 5676 1692 5741 ἐξουσίαν
1754 5677 1831 5729 δι-

270 5773 499 5839 έποντος,
526 5776 596 5845 τῇ
613 5774 723 5827 τῶν
751 5772 961 5827 σγελῶν
977 5770 1169 5825 κλόεθι
1190 5769 1291 5818 τὶν-ν
1320 5767 1500 5835 ψῆφον
1532 5767 1831 5837 ὑπομείνας

270 5866 353 5919 τοῦ
380 5868 701 5940 μαρτυρίου.

1945 4761 2097 4815 stola:
2114 4761 2372 4815 fuitbzec.
2395 4757 2688 4815 Onesimus
2715 4774 2909 4814 servus
2922 4757 3257 4813 Philemonis
3275 4757 3512 4829 fugerat,

1943 4863 1993 4908 et
2018 4854 2083 4906 ad
2106 4853 2428 4922 Apostolum
2472 4850 2772 4923 profectus,
2799 4850 2868 4904 ab
2900 4850 3019 4920 ipso
3049 4850 3351 4905 instructus
3371 4863 3511 4915 erat,

1945 4942 2163 5013 fuitque
2196 4945 2243 4998 ei
2277 4944 2425 5013 utilis
2458 4944 2523 4997 ad
2548 4942 2933 4997 ministerium.
2986 4939 3063 4996 De
3095 4941 3196 4995 hoc
3225 4956 3354 5010 ergo
3375 4944 3515 4998 scri-

1942 5032 2023 5089 bit
2046 5032 2376 5100 Philemoni,
2408 5035 2800 5089 commendans
2830 5034 2933 5103 ipsi
2962 5035 3306 5098 Onesimum,
3336 5043 3395 5088 ut
3431 5036 3514 5089 in-

1938 5142 2119 5198 genue
2157 5129 2401 5181 animum
2427 5126 2493 5180 ad
2549 5141 2674 5181 eum
2727 5125 2982 5180 advertat
3032 5142 3045 5179 :
3094 5141 3194 5181 nec
3248 5125 3511 5198 deinceps

1937 5219 2140 5274 habeat
2168 5234 2292 5274 eum
2322 5226 2381 5272 ut
2406 5234 2649 5282 servum,
2704 5217 2801 5273 sed
2851 5227 2911 5273 ut
2958 5217 3206 5273 fratrem.
3236 5220 3507 5275 Admonet

1939 5326 2161 5381 quoque
2191 5311 2365 5379 ipsum
2392 5320 2451 5364 ut
2494 5310 2599 5365 sibi
2653 5318 2924 5379 praeparet
2966 5311 3301 5381 hospitium:
3355 5320 3415 5365 ut
3465 5315 3508 5365 si

1937 5402 2410 5457 veneritinveniat
2465 5402 2556 5457 ubi
2597 5403 2909 5457 diversetur
2950 5412 2967 5456 ι
3004 5412 3057 5458 et
3114 5405 3185 5456 ita
3233 5404 3511 5457 concludit

1936 5496 2263 5565 Epistulam.
2288 5493 2581 5548 Sciendum
2613 5505 2798 5549 autem
2828 5495 2976 5564 quod
3005 5496 3092 5548 hic
3122 5493 3418 5549 Onesimus
3448 5495 3503 5550 in

1937 5585 2075 5639 urbe
2106 5583 2278 5640 Roma
2310 5600 2509 5655 passus
2536 5585 2970 5653 sitmartyrinm,
3008 5582 3253 5638 Tertullo
3283 5598 3347 5638 eo
3373 5594 3509 5638 tein-

1943 5693 2074 5748 pore
2099 5678 2480 5748 praefecturam
2514 5687 2755 5744 tenente,
2796 5694 3022 5732 crurum
3080 5677 3344 5733 iunctione
3379 5691 3509 5734 sen-

1938 5769 2164 5821 tentiam
2199 5767 2477 5823 sustinens
2512 5770 2781 5840 martyrii.
