3918 6624
443 487 570 556 263·
1525 487 1574 544 n

914 599 1075 672 302
1104 594 1574 655 THEODOBETI.

517 721 798 776 Philemon
833 718 1131 788 praeclarus
1186 713 1408 785 quidam
1447 711 1528 766 vir
1562 717 1718 765 erat:
1755 707 2025 779 Phrygius

445 814 671 886 quidem
726 825 943 879 genere.
990 807 1237 862 moribus
1277 813 1457 858 autem
1513 801 1708 866 tidelis,
1738 802 1786 853 ei
1824 800 1875 852 iu
1929 813 2027 853 ne-

451 903 812 962 cessitatibus
856 910 1175 955 sanctorum
1214 896 1576 966 participans.
1621 892 1797 960 llujus
1832 904 2025 945 servus

450 997 748 1052 Onesimus
774 992 985 1061 aufugit
1026 990 1266 1060 expilato
1286 987 1530 1042 domino.
1565 985 1668 1050 Qui
1700 980 2026 1037 cumRomaB

449 1086 515 1140 ad
556 1085 783 1137 Paulum
807 1082 1072 1143 Verrisset,
1107 1079 1175 1132 ab
1206 1077 1650 1146 ipsoiustruetus
1687 1081 1774 1128 est
1808 1082 1859 1126 et
1888 1072 2025 1139 hap-

447 1177 652 1229 tizatus
692 1186 970 1241 :cumque
1001 1169 1206 1224 Paulus
1231 1177 1377 1224 esset
1410 1168 1465 1222 in
1515 1165 1769 1229 vinculis,
1808 1164 2025 1233 egregie

447 1283 505 1321 se
539 1266 730 1335 gessit.
801 1263 961 1317 Nunc
990 1261 1055 1315 ad
1094 1259 1467 1315 Philemonem
1534 1255 1756 1310 remittit
1798 1254 1922 1308 data
1959 1251 2028 1307 ad

448 1359 626 1427 ipsum
668 1354 1115 1410 eommeudalitia
1159 1354 1264 1406 hac
1316 1350 1578 1420 Epistula.
1615 1349 1781 1401 Aiunt
1846 1358 2025 1400 autem

447 1426 670 1520 quidam
694 1464 803 1502 non
827 1426 1028 1501 debere
1054 1447 1195 1499 hanc
1219 1446 1436 1499 eaeteris
1464 1440 1847 1495 eonnumerari
1901 1438 2027 1507 Epi-

448 1542 627 1605 stolis,
651 1542 794 1611 quod
845 1538 915 1593 de
942 1554 997 1592 re
1042 1538 1194 1608 parvi
1230 1537 1487 1591 momenti
1544 1534 1747 1602 scripta
1780 1530 2028 1597 est._Scd

448 1635 576 1687 vide
605 1642 828 1701 quantae
871 1645 937 1684 ex
966 1629 1069 1684 hac
1100 1630 1429 1699 colligantur
1462 1626 1748 1680 utilitates.
1788 1625 2028 1677 Primum

455 1725 685 1780 instruit
711 1731 772 1779 ut
811 1724 864 1778 iu
922 1722 1107 1792 parvis
1134 1722 1298 1775 etiam
1354 1721 1518 1774 rebus
1557 1719 1788 1774 studiosi
1833 1718 2026 1772 simus.

452 1814 732 1877 Secundo,
771 1813 917 1883 quod
945 1812 990 1867 si
1027 1826 1221 1866 servus
1247 1809 1381 1865 adeo
1409 1810 1691 1878 improbus
1727 1819 2030 1861 conversus

450 1916 556 1972 est,
586 1921 695 1961 non
719 1913 934 1975 Oportet
954 1917 1285 1973 quemquam
1309 1901 1537 1956 liberum
1566 1900 1877 1969 desperaro.
1906 1896 2035 1952 Ter-

452 1999 553 2059 tio.
596 1997 745 2067 quod
784 2011 893 2051 non
955 2002 1206 2073 Oporteat
1257 1993 1477 2064 pietatis
1516 2000 1780 2062 praetextu
1839 2005 2025 2044 servos

454 2090 640 2145 invitis
675 2088 911 2144 dominis
934 2085 1519 2152 ahstraliere.Quarto,
1554 2083 1699 2154 quod
1729 2098 1835 2136 non
1863 2095 2027 2150 opor-

454 2188 563 2234 teat
583 2193 682 2233 nos
709 2177 1039 2248 pudefacere
1069 2191 1256 2232 servos
1276 2177 1477 2229 virtute
1499 2174 1780 2244 praeditos.
1800 2171 2021 2242 quando

455 2268 657 2321 Paulus
690 2266 1008 2322 Onesimum
1043 2274 1201 2320 vocat
1231 2264 1424 2318 lilium.
1459 2262 1575 2329 Qua
1636 2263 1801 2331 igitur
1857 2274 2021 2314 causa

455 2358 752 2426 Epistulam
788 2372 910 2426 qua:
939 2365 1150 2409 tantum
1186 2354 1447 2409 atlerebat
1478 2353 1735 2408 utilitatis
1786 2367 1893 2406 non
1926 2368 2021 2406 ex-

456 2449 703 2517 pudiehat
735 2450 949 2503 ueteris
979 2446 1369 2502 annumerari?

453 2560 731 2632 303AD
756 2556 1262 2614 PHILEMONEM
1311 2554 1705 2612 Εριετοιίε
1739 2552 2033 2608 (ῘΑΡΙΤΑ.

458 2674 679 2731 l.Laus
705 2675 1029 2730 Philemonis
1053 2685 1100 2729 et
1124 2675 1422 2746 gratiarum
1453 2673 1594 2727 actio
1625 2687 1720 2741 pro
1752 2672 1885 2740 ipso.

457 2853 514 2908 2.
554 2854 956 2910 Commendatio
984 2855 1222 2910 Onesimi
1245 2854 1457 2925 fugitivi
1472 2853 1632 2918 serui,
1655 2862 1705 2908 et
1732 2851 2031 2907 admonitio

526 2959 625 3013 pro
655 2946 766 3013 ipso
796 2946 887 3016 qui
921 2944 1104 3001 salvus
1131 2955 1245 2999 erat
1292 2960 1387 3014 per
1422 2943 1604 3014 ﬁdem.

1525 478 1928 544 (ECUMENII
1952 475 2244 539 TRlCC/E
2272 473 2614 536 EPISCOPI

3599 461 3706 529 ῖῦῑ

2680 572 3159 639 ΘΕΟΔΩΡΗἹῸῨ.

2213 702 2274 755 'O
2299 694 2558 772 Φιλήμων
2593 698 2895 769 θαυμάσιός
2923 713 3006 760 τις
3033 691 3100 767 ἦν
3115 693 3278 765 ἀνὴρ,
3332 690 3478 762 Φρὺξ
3510 691 3608 760 μὲν
3645 691 3707 744 τὸ

2128 794 2305 862 γένος,
2340 792 2528 856 πιστὸς
2552 791 2609 845 δὲ
2644 790 2736 844 τὸν
2770 789 2994 859 τρόπον,
3037 787 3130 840 καὶ
3173 788 3295 847 ταῖς
3351 783 3565 854 χρείαις
3597 781 3707 836 τῶν

2128 883 2303 952 ἁγίων
2336 884 2629 937 κοινωνῶν.
2672 881 2877 935 Τούτου
2907 878 3095 942 δοῦλος
3151 877 3443 948 Ὀνήσιμος
3467 875 3702 944 ἀπέδρα,

2128 974 2416 1045 κεκλοφὼς
2448 974 2632 1028 αὐτόν.
2670 975 2767 1037 Ὃς
2797 972 3244 1042 παραγενόμενος
3268 970 3325 1022 ὲν
3368 968 3558 1038 Ῥώμῃ
3575 968 3713 1036 πρὸς

2127 1067 2218 1120 τὸν
2258 1065 2493 1129 Παῦλον,
2527 1065 2809 1136 κατηχήθη
2846 1063 2977 1138 παρ’
3017 1060 3206 1127 αὐτοῦ,
3252 1060 3349 1115 καὶ
3367 1060 3710 1130 βαπτισθεὶς,

2129 1158 2186 1210 ἐν
2226 1156 2445 1228 δεσμοῖς
2475 1156 2627 1220 ὄντος
2679 1155 2775 1209 τοῦ
2836 1154 3074 1217 Παύλου,
3134 1153 3436 1223 θαυμάσιος
3496 1151 3709 1218 γέγονε.

2129 1246 2332 1299 Τοῦτον
2366 1246 2691 1316 ἀποπέμπει
2733 1246 2869 1315 πρὸς
2902 1244 2993 1298 τὸν
3022 1244 3306 1314 Φιλήμονα
3332 1240 3712 1313 παραθετικὴν

2130 1335 2280 1407 αὐτῷ
2305 1337 2508 1408 ταύτην
2528 1340 2759 1408 ποιήσας
2783 1338 2881 1407 τὴν
2924 1334 3269 1405 Ἐπιστολὴν.
3297 1334 3435 1387 Φασὶ
3455 1332 3514 1384 δέ
3544 1347 3709 1392 τινες,

2135 1430 2208 1500 μὴ
2235 1431 2436 1501 χρῆναι
2457 1429 2911 1501 συναριθμεῖσθαι
2941 1431 3062 1491 ταῖς
3094 1427 3308 1489 λοιπαῖς
3345 1422 3710 1485 Ἐπιστολαῖς,

2132 1524 2270 1594 ὑπὲρ
2300 1522 2550 1585 εὐτελοῦς
2571 1526 2847 1595 γραφεῖσα
2876 1522 3224 1593 πράγματος.
3261 1518 3402 1573 Ἀλλ’
3431 1518 3537 1587 ὅρα
3572 1515 3715 1567 πόσα

2132 1615 2196 1667 ὲκ
2228 1611 2431 1684 ταύτης
2480 1615 2548 1668 τὰ
2587 1616 2854 1686 χρήσιμα.
2892 1614 3136 1685 Πρῶτον,
3172 1610 3422 1666 παιδεύει
3457 1608 3557 1661 καὶ
3574 1606 3713 1675 ὑπὲρ

2132 1707 2364 1760 εὐτελῶν
2398 1701 2536 1760 εἶναι
2569 1708 2914 1771 σπουδαίους.
2960 1704 3244 1776 Δεύτερον,
3300 1703 3383 1756 ὅτι
3434 1704 3484 1755 εί
3531 1698 3716 1762 δοῦλος

2131 1797 2303 1861 οὓτως
2325 1797 2516 1868 ἰταμὸς
2541 1798 2900 1872 ἐπέστρεψεν,
2925 1799 2986 1853 οὐ
3005 1798 3085 1851 δεῖ
3120 1796 3231 1851 τῶν
3260 1794 3569 1865 ἐλευθέρων
3590 1794 3718 1845 ἀπο-

2133 1889 2446 1958 γινώσκειν.
2524 1892 2741 1961 Τρίτον,
2817 1893 2900 1947 ὅτι
2983 1892 3043 1945 οὐ
3097 1890 3367 1961 προσήκοι
3439 1884 3716 1955 προφάσει

2135 1981 2442 2045 εὐλαϐείας,
2468 1981 2685 2046 δούλους
2717 1985 2971 2055 ἀποσπᾷν
3000 1982 3245 2037 ἀκόντων
3276 1979 3399 2033 τῶν
3413 1976 3715 2032 δεσποτῶν.

2136 2071 2430 2145 Τέταρτον,
2464 2076 2546 2128 ὅτι
2568 2076 2630 2129 οὐ
2659 2076 2763 2149 χρὴ
2795 2078 2942 2148 ἡμᾶς
2971 2076 3098 2137 τοὺς
3118 2074 3337 2135 δούλους
3389 2072 3719 2141 ἐπαισχύνε-

2135 2164 2260 2217 σθαι
2284 2167 2573 2237 ἐναρέτους
2596 2166 2778 2233 ὄντας,
2802 2169 2964 2243 ὁπότε
2998 2166 3211 2229 Παῦλος
3239 2165 3430 2218 τέκνον
3453 2164 3617 2217 καλεῖ
3630 2162 3719 2217 τὸν

2144 2256 2465 2326 Ὀνήσιμον.
2492 2257 2613 2321 Πῶς
2639 2255 2729 2311 οὖν
2757 2261 2858 2325 τὴν
2888 2257 3157 2328 ⁴τοσαύτην
3186 2255 3458 2326 ὠφέλειαν
3481 2254 3723 2324 ἔχουσαν

2140 2346 2461 2420 Ἐπιστολὴν
2501 2350 2602 2405 οὐκ
2631 2351 2736 2405 ἔδει
2764 2349 3222 2421 καταριθμεῖσθαι
3258 2349 3377 2412 ταῖς
3401 2347 3657 2409 λοιπαίςς

2143 2554 2500 2607 ΚΕΦΑΛΑΙΑ
2529 2557 2662 2611 ἸΗΣ
2685 2558 2879 2610 ΠΡΟΣ
2895 2555 3257 2610 ΦΙΛΗΜΟΝΑ
3270 2551 3721 2607 ΕΠΙΣΤΟΛΗΣ.

2149 2668 2214 2717 α’.
2273 2667 2560 2735 Ἐπαινος
2630 2668 2965 2739 Φιλήμονος
3019 2667 3118 2723 καί
3155 2667 3510 2737 εὐχαριστία
3576 2663 3726 2734 ὑπὲρ

2217 2759 2424 2815 αὐτοῦ.

2141 2853 2207 2923 β’.
2230 2854 2537 2919 Σύστασις
2562 2854 2887 2924 Ὀνησίμου
2902 2851 3171 2923 φυγάδος
3189 2850 3449 2916 οἰκέτου,
3479 2850 3588 2905 καί
3617 2865 3728 2904 πα-

2203 2945 2506 3014 ράκλησις
2528 2945 2679 3015 ὑπὲρ
2705 2946 2893 3002 αὐτοῦ
2916 2944 3218 3011 σωθέντος
3246 2942 3345 2998 διὰ
3368 2943 3659 3008 πίστεως.

1248 3290 1873 3412 ΠΑΥΛΟΥ
1984 3291 2944 3463 ΑΠΟΣΤΟΑΟΥ

1141 3518 1221 3604 Η
1312 3517 1608 3605 ΠΡΟΣ
1714 3516 2316 3609 ΦΙΛΗΜΟΝΑ
2458 3515 3032 3606 ΕΠΙΣΤΟΛΗ

1501 3885 1916 4000 PAULI
1998 3884 2694 4000 APOSTOLI

1215 4115 1368 4208 AD
1441 4118 2262 4249 PHILEMONEM
2338 4118 2965 4213 EPISTOLA.

544 4469 681 4525 Vers
717 4469 833 4525 1-5.
856 4466 1068 4523 Paulus
1106 4466 1314 4522 vinctus
1336 4464 1468 4520 Iesu
1496 4475 1546 4521 et
1591 4466 1895 4522 Timotheus
1933 4466 2038 4535 fra-

2225 4470 2467 4538 Παῢλος
2492 4471 2738 4543 δέσμιος
2778 4472 2982 4542 Ἰησοῦ
3008 4473 3286 4542 Χριστοῦ,
3328 4471 3426 4528 καὶ
3464 4473 3734 4541 Τιμόθεος

480 4570 559 4615 ter
585 4559 890 4615 Philemoni
914 4559 1105 4613 dilecto
1137 4569 1186 4613 et
1225 4558 1438 4629 collega:
1489 4568 1694 4625 nostra,
1747 4570 1796 4613 et
1833 4559 2054 4627 Apphiaz

475 4654 690 4707 dilecta
714 4662 764 4706 et
792 4655 1059 4723 Archippo
1091 4652 1663 4717 commilitoninostro,
1696 4661 1745 4707 et
1774 4669 1892 4723 quia
1914 4655 2059 4708 domi

479 4752 584 4798 tua:
609 4752 686 4797 est
716 4746 1113 4815 congregationi
1155 4760 1173 4798 :
1224 4745 1403 4814 gratia
1434 4743 1575 4798 vobis
1617 4754 1664 4799 et
1712 4759 1820 4816 pax
1861 4762 1894 4799 a
1947 4743 2058 4802 Deo

483 4837 646 4891 Patre
670 4846 853 4892 nostro
888 4847 936 4891 et
961 4836 1186 4891 Domino
1218 4833 1350 4890 Jesu
1377 4834 1612 4890 Christo.

560 5017 760 5074 Statim
787 5018 856 5074 ab
902 5018 1130 5074 exordio
1163 5018 1451 5077 dominum
1502 5017 1746 5086 instruit,
1790 5034 1861 5076 ne
1891 5019 2060 5091 pude-

479 5110 643 5165 laciét
673 5124 915 5165 servum.
949 5108 1145 5163 Omnia
1174 5109 1344 5176 enim,
1371 5109 1535 5163 etiam
1567 5109 1807 5175 vincula,
1826 5118 2054 5180 propter

480 5206 761 5258 Lhristum
798 5203 1029 5256 honesta
1061 5210 1211 5257 sunt.
1244 5204 1309 5256 lat
1339 5202 1468 5272 quia
1498 5217 1714 5272 aequum
1736 5211 1818 5258 est
1846 5201 2056 5273 gratill-

477 5294 593 5349 cari
623 5295 671 5349 ei
705 5293 799 5364 qui
833 5300 1055 5363 propter
1083 5290 1363 5346 Christum
1398 5292 1617 5346 vinctus
1655 5300 1761 5347 est.
1803 5310 1823 5344 ι
1861 5290 1928 5347 Ει
1961 5291 2056 5346 Ti-

483 5384 738 5439 motheus
783 5381 975 5437 frater.
1014 5400 1034 5433 »
1095 5378 1317 5434 Socium
1382 5381 1787 5451 deprecationis
1822 5382 2056 5437 assumit

485 5472 857 5527 Timotheum.
896 5490 914 5524 ι
941 5468 1251 5525 Philemoni
1281 5468 1500 5524 dilecto.
1540 5486 1559 5520 ι
1599 5469 1653 5523 Si
1672 5470 1905 5525 dilectus
1949 5478 2055 5537 est.

479 5564 916 5638 gratiﬁcabitur:
950 5564 996 5619 si
1042 5563 1272 5634 collega,
1319 5561 1469 5616 dabit
1509 5576 1730 5617 servum
1784 5560 1852 5617 ad
1890 5562 2060 5618 mini-

484 5656 715 5712 sterium
766 5654 1196 5727 pratdicationis.
1247 5651 1531 5723 Siquidem
1579 5652 1740 5708 datus
1762 5651 2059 5711 Onesimus

480 5746 719 5816 σιριώίι
740 5760 880 5815 opus
917 5744 1134 5800 Domini
1182 5743 1541 5799 Philemonis.
1582 5761 1600 5794 ι
1632 5732 1698 5796 Et
1741 5743 1983 5814 Apphize.
2028 5764 2049 5797 ι

483 5832 759 5890 Fortassis
806 5835 1019 5905 Apphia
1054 5850 1192 5891 uxor
1216 5842 1355 5901 erat,
1387 5842 1440 5889 et
1479 5834 1792 5904 Archippus
1822 5835 2052 5890 amicus.

481 5927 786 5983 Considera
820 5942 953 5983 vero
989 5928 1157 5983 animi
1190 5927 1541 5983 modestiam.
1592 5924 1730 5981 Nam
1759 5926 2054 6000 hos_etiam

2160 4564 2193 4616 ὁ
2222 4562 2512 4632 ἁδελφὸς,
2537 4563 2827 4634 Φιλήμονι
2846 4562 2926 4630 τῷ
2959 4564 3242 4635 ἀγαπητῷ
3297 4564 3395 4618 καὶ
3461 4562 3734 4633 συνεργῷ

2159 4652 2348 4724 ἡμῶν,
2375 4655 2472 4726 καὶ
2512 4658 2719 4726 Ἀπφίᾳ
2746 4656 2821 4727 τῇ
2861 4654 3144 4726 ἀγαπητῇ
3173 4656 3275 4711 καί
3314 4656 3619 4725 Ἀρχίππῳ
3660 4652 3735 4719 τῷ

2165 4747 2583 4817 συστρατιώτῃ
2609 4749 2800 4819 ἡμῶν,
2833 4748 2931 4802 καὶ
2959 4748 3035 4818 τῇ
3073 4748 3202 4804 κατ’
3254 4744 3423 4803 οἶκόν
3451 4765 3574 4803 σου
3618 4750 3736 4802 Ἑκ-

2161 4840 2410 4904 minata.
2443 4838 2625 4907 Χάρις
2646 4839 2791 4907 ὑμῖν
2815 4838 2913 4892 καί
2935 4838 3145 4908 εἰρήνη
3176 4839 3294 4893 ἀπὸ
3319 4839 3469 4893 Θεοῦ
3500 4839 3734 4908 Πατρὸς

2162 4928 2331 4998 ἡμῶν
2360 4929 2456 4982 καὶ
2482 4930 2702 4997 Kvplov
2743 4929 2945 4998 Ἰησοῦ
2967 4929 3246 4998 Χριστοῦ.

2233 5015 2451 5080 Εὐθέως
2476 5019 2539 5071 ὲκ
2568 5018 2871 5090 προοιμίων
2909 5019 3156 5074 παιδεύει
3190 5019 3283 5073 τὸν
3332 5020 3630 5091 δεσπότην,
3660 5021 3730 5089 μὴ

2162 5105 2593 5176 ἐπαισχύνεσθαι
2623 5108 2715 5161 τὸν
2737 5108 2943 5162 δοῦλον.
2969 5111 3155 5163 Πάντα
3184 5111 3290 5182 γὰρ
3316 5114 3413 5166 καὶ⁸
3434 5113 3614 5182 δεσμά
3651 5114 3732 5167 διὰ

2159 5194 2253 5249 τὸν
2273 5196 2508 5265 Χριστὸν
2561 5199 2724 5253 καλά.
2747 5200 2855 5253 Καὶ
2887 5201 2970 5253 ὅτι
3004 5202 3212 5257 δίκαιον
3238 5203 3316 5274 τῷ
3357 5205 3447 5257 διὰ
3498 5206 3733 5277 Χριστὸν

2157 5286 2360 5358 δεσμίῳ
2378 5289 2597 5359 δοθῆναι
2617 5290 2715 5361 τὴν
2740 5293 2922 5363 χάριν.
2953 5313 2972 5345 ι
2994 5296 3105 5349 Καὶ
3120 5297 3384 5367 Τιμόθεος
3401 5299 3430 5351 ὁ
3449 5299 3726 5368 ἀδελφός..

2158 5377 2697 5450 Συμπαραλαμσάνει
2726 5382 2827 5452 τῆς
2872 5384 3081 5448 ἱκεσίας
3122 5388 3378 5441 κοινωνὸν
3421 5388 3517 5443 τὸν
3570 5390 3730 5460 Τιμό-

2159 5469 2304 5527 θεον.
2351 5490 2370 5524 ι
2409 5472 2673 5543 Φιλήμονι
2726 5474 2804 5546 τῷ
2836 5476 3126 5548 ἀγαπητῷ.
3160 5498 3179 5531 ι
3204 5480 3269 5534 El
3310 5481 3616 5553 ἀγαπητὸς,
3642 5482 3731 5536 καὶ

2163 5561 2326 5616 δώσει
2349 5563 2447 5632 τὴν
2482 5565 2662 5636 χάριν.
2689 5567 2752 5620 El
2776 5569 3058 5638 συνεργὸς,
3086 5570 3249 5623 δώσει
3281 5571 3372 5625 τὸν
3392 5571 3580 5626 δοῦλον
3603 5573 3731 5643 πρὸς

2166 5652 2470 5723 ὑπηρεσίαν
2489 5655 2585 5708 τοῦ
2622 5657 3000 5729 κηρύγματος.
3031 5661 3232 5733 Ἔργον
3259 5663 3369 5734 γὰρ
3395 5665 3489 5718 καὶ
3537 5666 3631 5718 τοῦ
3649 5666 3730 5719 δε-

2167 5743 2364 5797 σπότου
2398 5744 2699 5816 Φιλήμονος
2739 5749 3124 5820 ἀναπληρώσει
3159 5752 3332 5817 δοθεὶς
3354 5758 3381 5809 ό
3426 5756 3730 5825 Ὀνήσιμος.

2170 5852 2189 5886 ι
2222 5835 2329 5887 Καὶ
2362 5836 2591 5907 Ἀπφίᾳ.
2630 5856 2649 5889 ι
2682 5841 2839 5904 Ἴσως
2886 5843 2919 5911 ἡ
2964 5843 3167 5912 Ἀπφία
3201 5847 3416 5916 γαμετὴ
3469 5843 3561 5917 ἦν,
3596 5849 3731 5901 καὶὸ

2168 5929 2477 6002 Ἄρχιππος
2500 5930 2673 6001 φίλος.
2702 5934 2844 6005 Ὅρα
2872 5935 2928 5989 δὲ
2960 5941 3476 6010 ταπεινοφροσύνην,
3526 5943 3610 5994 ὅτι
3646 5943 3728 5993 καὶ
