3988 6596
269 281 369 344 265

1263 282 1650 342 COMMENT.
1697 277 1775 340 ΙΝ
1813 279 2054 340 EPIST.
2100 280 2202 339 AD
2237 278 2561 345 PHILEM.

3415 276 3526 340 266

269 390 486 452 τούτους
510 387 826 459 παρακαλεῖ
853 385 1224 443 συλλαϐέσθαι
1261 391 1362 460 τῆς
1421 391 1655 454 ἱκεσίας.
1697 409 1716 442 ι
1753 391 1844 461 Τῷ

1962 388 2292 454 exhortatur,
2344 395 2404 442 ut
2453 386 2618 442 simul
2684 385 3022 456 opitulentur
3069 385 3124 441 in
3182 387 3520 458 precatione.

272 479 648 553 συστρατιώτῃ
673 478 850 549 ἡμῶν.
867 499 888 530 ι
921 479 984 532 Εἰ
1019 481 1450 552 συστρατιώτης,
1470 483 1566 537 καὶ
1591 483 1648 536 ὲν
1670 481 1846 553 τούτῳ

267 575 604 640 ἀγωνιεῖται.
631 564 801 634 Οὗτος
831 567 898 643 ἦν
922 571 1052 641 περὶ
1083 566 1144 625 οὗ
1177 574 1381 644 γράφει
1422 574 1843 628 Κολοσσαεῦσιν·

275 681 292 712 ι
331 661 541 715 Εῐπατε
583 662 891 732 Ἀρχίππῳ,
925 662 1100 714 Βλέπε
1124 663 1222 733 τὴν
1269 664 1552 718 διακονίαν
1591 666 1662 736 ἣν
1683 665 1850 735 παρέ-

268 751 448 815 λαὸες.
483 773 506 805 ι
541 772 652 804 -ι
680 755 790 807 Καὶ
821 759 885 826 τῇ
923 751 1200 812 κατόἷκόν
1231 774 1324 810 σου
1364 757 1710 828 Ἐκκλησία.)
1744 757 1852 810 Πᾶς

272 861 368 898 σαν
393 845 492 913 τὴν
536 847 716 899 οὶκίαν
770 847 1102 916 παρακαλεῖ,
1167 850 1262 900 καὶ
1333 848 1574 911 δούλους.
1615 867 1634 900 ι
1673 848 1849 919 Χάρις

272 937 415 1004 ὑμῖν.
460 953 484 986 ›
515 936 643 1000 Πῶς
665 936 722 990 δὲ
773 937 928 992 ἐσται
955 940 989 1010 ἡ
1022 939 1181 1010 χάρις
1230 939 1332 993 τοῦ
1377 938 1514 993 Θεοῦ
1569 941 1638 992 ἐν’
1676 940 1846 1009 ὐμῖνς

167 1101 174 1106 ι
281 1026 400 1079 Ἐὰν
427 1027 522 1079 καὶ
557 1027 716 1096 ὑμεῖς
749 1031 864 1091 τοίς
899 1029 1210 1098 ὀφειλέταις
1263 1031 1588 1102 χαρίσησθε.
1633 1030 1758 1094 Πῶς
1787 1028 1846 1084 δὲ

271 1120 300 1186 ἡ
331 1118 526 1188 εἰρήνη
553 1133 568 1182 ;
599 1117 728 1170 Ἐὰν
761 1118 1140 1190 καταλλαγῆτε
1164 1120 1240 1191 τῷ
1266 1121 1459 1192 δούλῳ.

848 1233 1105 1287 ΚΕΦΑΛ.
1145 1231 1228 1290 A'.

349 1326 644 1390 Ἐπαινος
689 1324 1028 1416 Φιλήμονος
1064 1327 1164 1405 καί
1203 1327 1558 1397 εὐχαριστία
1598 1327 1754 1396 ὑπὲρ

951 1413 1161 1452 αυτου.

331 1488 692 1557 Εὑχαριστῶ
729 1489 810 1556 τῷ
857 1488 980 1554 Θεῷ
1011 1506 1155 1558 μου,
1189 1487 1446 1544 πάντοτε
1481 1491 1701 1559 μνείαν
1730 1505 1848 1546 σου

271 1579 630 1646 ποιούμενος
655 1580 754 1635 ἐπὶ
787 1579 909 1633 τῶν
936 1579 1300 1648 προσευχῶν
1311 1597 1454 1650 μου,
1469 1581 1708 1635 ἀκούων
1730 1597 1849 1636 σου

273 1669 381 1736 τὴν
419 1669 670 1740 ἀγάπην
698 1672 800 1726 καὶ
840 1672 958 1741 τὴν
987 1673 1198 1726 πίστιν
1226 1670 1312 1739 ἦν
1349 1673 1512 1742 ἔχεις
1547 1674 1698 1742 πρὸς
1742 1675 1849 1727 τὸν

271 1762 484 1829 Κύριον
516 1763 764 1830 Ἰησοῦν
783 1765 884 1818 καὶ
913 1767 1000 1830 είς
1028 1765 1261 1829 πάντας
1277 1763 1420 1829 τοὺς
1438 1764 1667 1834 ἁγίους,
1689 1764 1849 1832 ὅπως

272 1855 307 1919 ἠ
341 1858 634 1908 κοινωνία
658 1854 768 1924 τῆς
792 1857 1055 1922 πίστεώς
1083 1872 1200 1911 σου
1229 1855 1480 1926 ἐνεργὴς
1512 1856 1750 1927 γένηται
1780 1858 1850 1912 ἐν

271 1944 592 2013 ἐπιγνώσει
626 1950 858 2013 παντὸς
891 1948 1122 2018 ἀγαθοῦ
1160 1949 1268 2003 τοῦ
1311 1947 1383 2002 ἐν
1414 1948 1562 2018 ἡμῖν
1587 1951 1676 2015 εις
1717 1951 1850 2018 Χρι-

271 2040 417 2090 στὸν
458 2038 727 2106 Ἰησοῦν.
751 2039 936 2107 Χάριν
957 2043 1068 2109 γὰρ
1090 2040 1311 2110 ἔχομεν
1331 2039 1579 2109 πολλὴν
1608 2041 1707 2095 καὶ
1735 2055 1849 2095 πα-

268 2131 572 2200 ιὼιλησιν
597 2133 698 2186 ἐπὶ
733 2133 804 2201 τῇ
847 2134 1049 2204 ἀγάπῃ
1099 2151 1237 2201 σου,
1266 2135 1356 2188 ὅτι
1403 2135 1474 2188 τὰ
1522 2135 1851 2205 σπλάγχνα

275 2225 386 2278 τῶν
430 2227 618 2294 ἁγίων
658 2227 1077 2282 ἀναπέπαυται
1110 2227 1209 2282 διὰ
1235 2228 1375 2294 σοῦ,
1439 2228 1688 2298 ἀδελφέ.
1749 2232 1848 2284 Διὸ

275 2319 516 2386 πολλὴν
551 2319 624 2372 ἐν
652 2318 886 2388 Χριστῷ
922 2322 1268 2389 παρρησίαν
1311 2321 1469 2390 ἔχων
1495 2321 1851 2377 ἐπιτάσσειν

275 2429 365 2465 σοι
407 2414 473 2465 τὸ
504 2411 740 2480 ἀνῆκον
771 2413 869 2466 διὰ
919 2413 1035 2482 τὴν
1070 2413 1338 2484 ἀγάπην,
1372 2413 1615 2484 μᾶλλον
1657 2433 1848 2485 παρα-

277 2502 454 2568 καλῶ,
483 2505 752 2572 τοιοῦτος
781 2502 867 2557 ὢν
894 2505 974 2572 ὡς
998 2506 1240 2573 Παῦλος
1291 2509 1660 2577 πρεσϐύτης,
1709 2508 1850 2564 νυνὶ

277 2592 338 2646 δὲ
356 2594 454 2646 καὶ
477 2594 728 2662 δέσμιος
760 2594 964 2661 Ἰησοῦ
993 2595 1274 2663 Χριστοῦ.

339 2687 404 2740 Ei
427 2687 705 2750 ποτέρου,
733 2686 888 2756 φησι,
911 2687 1101 2755 μνείαν
1129 2689 1450 2759 ποιήσομαι,
1467 2689 1555 2744 ἀεὶ
1573 2690 1632 2744 δὲ
1665 2691 1851 2747 ποιοῦ-

278 2795 392 2851 μαι,
445 2779 757 2849 εὐχαριστῶ
793 2778 874 2849 τῷ
901 2779 1020 2850 Θεῷ
1045 2781 1325 2852 ὑπὲρισοῦ.
1353 2783 1451 2836 Διὰ
1474 2785 1559 2852 τίς
1611 2785 1850 2838 ’ἁκούων

279 2889 389 2936 σου,
417 2871 584 2942 φησι,
621 2870 720 2943 τὴν
759 2871 1005 2940 ἀγάπην.
1051 2869 1216 2943 Ὁρᾷς
1251 2873 1414 2927 αὑτὸν
1435 2874 1511 2946 μὴ
1554 2877 1619 2930 ἐκ
1657 2893 1850 2948 προοι-

279 2963 408 3035 μίων
441 2964 544 3036 τὴν
564 2964 726 3036 χάριν
763 2966 1050 3028 αἰτοῦντας
1081 2983 1100 3017 ι
1153 2965 1394 3020 ’Δκούων
1425 2983 1520 3020 σου
1565 2970 1664 3040 τὴν
1711 2971 1852 3039 ἁγά-

277 3079 399 3133 πην.
446 3081 465 3113 ι
516 3062 581 3114 El
629 3061 688 3116 δὶ
721 3062 796 3131 μὴ
828 3062 1063 3131 μεγίστη
1090 3055 1180 3133 ἦν,
1227 3061 1328 3114 οὐκ
1367 3058 1434 3114 ἂν
1473 3060 1581 3113 ἀπὸ
1607 3062 1848 3132 Φρυγίας
1875 3103 1917 3160 c

279 3157 352 3217 et;
409 3154 634 3226 Ῥώμην
674 3153 926 3225 ἠκούετο.
962 3155 1184 3218 «Ὅπως
1226 3155 1260 3224 ἡ
1315 3153 1570 3206 κοινωνία
1614 3153 1713 3223 τῆς
1759 3153 1848 3205 πί-

281 3260 464 3307 στεως.
495 3263 516 3295 ι
537 3242 810 3297 Συνάπτει
837 3243 1001 3296 αὐτὸν
1037 3243 1173 3314 πρὸς
1205 3242 1421 3307 ἑαυτὸν,
1454 3242 1530 3306 ὡς
1557 3241 1607 3294 εί
1636 3241 1850 3311 ἐλεγενο

289 3334 351 3388 Ἢ
381 3335 539 3406 κοινὴ
578 3335 762 3398 πίστις
781 3375 797 3401 ,
833 3335 926 3388 καὶ
952 3335 986 3406 ἡ
1014 3335 1338 3398 κοινοποιός.
1366 3333 1526 3397 Τίνος
1562 3332 1620 3386 δὲ
1663 3333 1854 3388 ἕνεκεν

281 3424 620 3495 εὐχαριστεῖς
646 3422 724 3494 τῷ
751 3421 906 3492 Θεῷ;
942 3423 1156 3490 Ὅπως,
1186 3423 1374 3492 φησὶν,
1412 3423 1446 3492 ἠ
1472 3422 1730 3475 κοινωνία
1753 3423 1855 3492 τῆς

281 3517 511 3578 πίστεώς
546 3533 641 3568 σου
677 3517 909 3586 ἐνεργὴς
955 3515 1200 3585 γένηται.
1236 3515 1362 3578 Πῶς
1401 3513 1460 3567 δὲ
1509 3513 1660 3568 ἔσται
1699 3516 1855 3586 ἐνερ-

280 3608 412 3675 γὴςς
436 3605 529 3659 Ἑν
557 3603 635 3674 τῷ
667 3603 813 3675 ἅπαν
837 3601 976 3664 εἶδος
1009 3603 1212 3674 ἀρετῆς
1242 3600 1405 3656 αὐτὸν
1434 3602 1854 3674 ἑπε).6εῐν.Ἦρο

285 3700 518 3768 μήνευσε
543 3696 601 3749 δὲ
627 3696 820 3750 ἑαυτὸν
847 3696 877 3748 ὁ
910 3695 1180 3766 μακάριος
1202 3693 1436 3758 Παῦλος.
1475 3694 1598 3758 Πῶς
1622 3695 1676 3748 δὲ
1703 3695 1854 3749 ἔσται

282 3793 542 3864 ἐνεργής
572 3792 674 3844 Διὰ
711 3789 808 3843 τοῦ
857 3789 1158 3858 ὲπιγνῶναί
1207 3806 1290 3856 σε,
1331 3790 1500 3858 φησι,
1543 3791 1636 3841 καὶ
1681 3788 1858 3859 πράτ-

283 3899 390 3939 τειν
437 3872 548 3935 πᾶν
587 3879 813 3948 ἀγαθόν.
856 3900 875 3932 ι
910 3880 1018 3933 Τοῦ
1058 3881 1118 3932 ὲν
1159 3881 1310 3952 ἡμῖν.
1345 3899 1363 3932 ι
1406 3879 1514 3932 Τοῦ
1564 3880 1717 3945 ὄντος
1762 3883 1856 3933 καὶ

283 3973 372 4027 νῦν
403 3978 462 4026 ὲν
487 3974 641 4042 ἡμῖν,
677 3971 862 4041 φησιν.
893 3989 912 4023 ι
942 3973 1034 4035 Εἰς
1063 3972 1302 4044 Χριστὸν
1345 3971 1578 4042 Ἰησοῦν.
1605 3990 1626 4024 ι
1659 3973 1718 4026 Ὀ
1747 3974 1858 4043 γὰρ

287 4064 448 4120 ποιιῖιν
480 4082 590 4118 τινι
621 4063 801 4127 καλῶς
821 4102 838 4128 ,
871 4063 1098 4135 Χριστῷ
1132 4065 1296 4129 ποιεῖ,
1329 4063 1565 4133 μάλιστα
1591 4064 1646 4116 δὲ
1681 4064 1857 4131 ἁγίοις

287 4157 472 4212 ποιῶν.
513 4174 532 4209 ι
572 4156 763 4226 Χαρὰν
799 4155 910 4224 γὰρ
952 4155 1150 4225 ἔχομεν
1197 4156 1421 4227 πολλὴν.
1471 4174 1490 4207 ι
1538 4155 1614 4210 Οὐ
1673 4157 1855 4225 μόνον,

287 4252 486 4321 φησιν,
541 4247 821 4320 ἡδόμεθα,
875 4247 1013 4301 ἀλλὰ
1063 4249 1304 4314 τοσαύτη
1351 4247 1602 4319 ήὴδονὴ,
1639 4247 1716 4312 ὡς
1765 4248 1860 4301 καὶ

287 4341 632 4412 παράκλησιν
660 4340 902 4411 ὴμῖνξὲν
959 4341 1071 4403 τοῖς
1115 4340 1334 4410 δεσμοῖς
1389 4340 1658 4409 ἐμποιεῖν.
1702 4339 1858 4392 ι”Οτι

1955 497 1978 533 ι
2012 479 2385 536 Commilitoni
2405 489 2616 536 nostro.
2647 497 2665 530 ι
2697 478 2756 533 Si
2787 478 3120 544 commilito,
3151 479 3388 535 etiamin
3419 481 3525 537 hoc

1951 567 2402 626 decertabit.'Hie
2439 574 2562 622 erat
2576 568 2644 622 de
2675 566 2885 636 quoad
2915 562 3274 624 ColoSsenses
3303 568 3524 623 scribit:

1951 659 2111 730 305
2139 677 2157 712 ι
2185 658 2359 714 Dicite
2379 659 2686 729 Archippo:
2710 655 2843 714 Vide
2874 658 3236 714 ministerium
3257 658 3404 730 quod
3434 673 3529 714 ac-

1951 741 2144 822 depisti
2169 753 2207 807 ι.
2239 771 2363 805 ι-ι
2391 751 2456 806 Et
2495 767 2616 823 quae
2650 753 2796 808 domi
2824 761 2931 806 tua:
2949 760 3036 808 est
3058 753 3524 824 congregationi.»

1953 843 2148 898 Totam
2173 843 2398 900 domum
2445 844 2790 908 exhortatur,
2819 842 2984 897 etiam
3041 831 3251 900 servos.
3284 859 3304 893 ι
3337 838 3526 895 Gratia

1952 936 2127 991 vobis.
2164 953 2196 989 ι·
2221 935 2507 1001 Quomodo
2563 942 2746 990 autem
2777 934 2881 990 erit
2898 933 3076 1004 gratia
3109 933 3204 989 Dei
3231 932 3289 988 in
3321 932 3473 988 vobis
3502 933 3528 988 τ

1954 1025 2015 1081 Si
2071 1042 2171 1082 vos
2206 1030 2371 1083 etiam
2433 1027 2782 1084 debitoribus
2838 1025 3185 1082 condonetis.
3241 1023 3534 1093 Quomodo

1953 1126 2134 1174 autem
2175 1122 2280 1175 erit
2299 1118 2432 1190 pas?
2459 1118 2516 1173 Si
2549 1134 2708 1175 servo
2743 1117 3135 1175 conciliemini.

2445 1231 2677 1288 CAPUT
2731 1229 3030 1286 PRIMUM.

2058 1323 2200 1380 Laus
2222 1323 2545 1379 Philemonis
2573 1332 2624 1379 et
2655 1325 2956 1396 gratiarum
2981 1323 3124 1377 actio
3154 1337 3252 1392 pro
3279 1323 3418 1398 ipso.

2023 1487 2100 1545 Ve
2109 1505 2180 1546 rs.
2205 1489 2326 1548 4-9.
2348 1488 2567 1544 Gratias
2589 1506 2690 1560 ago
2714 1486 2820 1543 Deo
2836 1504 2971 1553 meo,
2994 1503 3196 1557 semper
3215 1488 3530 1542 mentionem

1952 1583 2028 1636 tui
2054 1584 2260 1653 faciens
2287 1585 2340 1636 in
2368 1584 2610 1651 precibus
2637 1585 2788 1648 meis,
2813 1597 2931 1636 cum
2949 1584 3165 1635 audiam
3181 1591 3324 1635 tuam
3349 1581 3531 1635 chari-

1953 1685 2114 1728 tatem
2142 1690 2205 1728 ac
2232 1673 2388 1743 fidem
2417 1690 2576 1744 quam
2604 1675 2762 1728 habes
2787 1689 2909 1743 erga
2940 1673 3228 1727 Dominum
3252 1670 3440 1725 Iesum
3480 1681 3532 1724 et

1952 1781 2082 1836 ergo
2120 1783 2306 1820 omnes
2334 1775 2564 1833 sanctos,
2599 1775 2656 1820 ut
2687 1767 3098 1820 communicatio
3127 1765 3250 1834 ﬁdei
3287 1774 3393 1818 tunc
3424 1763 3532 1832 efﬁ-

1952 1875 2053 1913 eaa:
2088 1860 2182 1929 fiat
2209 1859 2264 1914 in
2293 1859 2618 1929 agnitionem
2642 1859 2818 1912 omnis
2843 1857 2967 1912 boni
3006 1857 3144 1928 quod
3181 1865 3259 1909 est
3298 1857 3350 1909 in
3378 1854 3532 1909 nobis

1950 1965 2073 2021 ergo
2094 1950 2365 2006 Christum
2402 1947 2608 2004 Jesum.
2647 1948 2916 2004 Gaudium
2943 1950 3084 2002 enim
3115 1948 3364 2002 habemus
3392 1947 3534 2001 mu!-

1953 2051 2064 2094 tum
2083 2050 2137 2096 et
2161 2040 2577 2095 consolationem:
2608 2041 2661 2094 in
2696 2039 2982 2094 dilectione
3010 2048 3123 2103 tua,
3162 2038 3302 2107 quod
3331 2037 3534 2091 uiscera

1952 2145 2258 2189 caudarum
2287 2133 2592 2218 refecitlata
2620 2133 2728 2186 sint
2747 2147 2842 2201 per
2876 2141 2942 2195 te,
2969 2130 3157 2200 frater.
3197 2130 3535 2199 Quapropter

1952 2237 2071 2276 cum
2092 2223 2315 2275 multam
2335 2215 2589 2290 fiduciam
2611 2219 2834 2273 habeam
2861 2217 3374 2288 injungeuditibi,id
3395 2215 3533 2286 quod

1951 2316 2139 2369 decens
2161 2322 2258 2377 est,
2287 2321 2499 2382 propter
2531 2311 2868 2374 charitatem,
2893 2311 3069 2378 potius
3094 2325 3237 2378 rogo,
3262 2324 3379 2361 cum
3407 2307 3533 2361 talis

1951 2409 2077 2472 sim,
2118 2423 2298 2476 nempe
2324 2405 2531 2461 Paulus
2563 2419 2740 2470 senex,
2767 2419 2906 2458 nunc
2931 2413 3107 2458 autem
3135 2404 3296 2457 etiam
3327 2402 3532 2456 vinctus

1949 2500 2084 2556 Jesu
2109 2499 2328 2556 Christi.

2022 2686 2338 2758 Siquando,
2358 2684 2556 2755 inquit,
2588 2683 2667 2739 tui
2699 2683 3035 2738 mentionem
3064 2681 3287 2750 iaciam,
3320 2695 3540 2758 semper

1952 2757 2132 2834 autem
2169 2777 2332 2843 iacio,
2365 2778 2572 2848 gratias
2608 2764 2709 2848 ago
2740 2775 2848 2830 Deo
2873 2789 2974 2845 pro
3011 2781 3085 2829 te.
3123 2771 3306 2840 Quare
3338 2757 3534 2830 1Γίέιιιιι

1952 2870 2193 2937 audiam,
2224 2871 2325 2936 ait,
2356 2877 2504 2924 tuam
2535 2869 2882 2922 charitatem.
2915 2863 3082 2921 Vides
3109 2865 3252 2935 quod
3284 2879 3395 2919 non
3416 2872 3534 2918 sta-

1951 2960 2050 3015 tim
2093 2960 2170 3014 ab
2185 2957 2413 3015 exordio
2441 2967 2590 3028 petat
2619 2957 2890 3028 gratiam?
2920 2973 2939 3008 ι
2963 2956 3097 3011 Cum
3127 2957 3352 3012 audiam
3380 2965 3530 3010 tuam

1953 3052 2276 3110 charitatem
2306 3068 2322 3106 :
2349 3069 2369 3104 ι
2399 3065 2519 3121 quae
2547 3049 2654 3106 nisi
2689 3049 2924 3103 maxima
2951 3055 3471 3117 esset.nequaquam
3503 3062 3534 3101 a

1951 3144 2189 3215 Phrygia
2215 3143 2446 3198 Romam
2479 3157 2655 3211 usque
2684 3141 2988 3196 audiretur.
3023 3158 3041 3192 ι
3075 3137 3141 3194 Ut
3168 3141 3536 3194 communica-

1954 3235 2040 3290 tio
2070 3234 2218 3289 ﬁdei.
2255 3251 2274 3285 ι
2319 3231 2613 3303 Coujungit
2639 3246 2764 3286 cum
2795 3231 2922 3295 sibi,
2954 3229 3180 3300 perinde
3212 3243 3276 3285 ac
3310 3229 3356 3285 si
3384 3230 3537 3286 dice-

1955 3336 2081 3384 ret:
2125 3325 2447 3382 Communis
2490 3324 2622 3379 ﬁdes
2661 3330 2714 3379 et
2757 3337 2880 3394 quae
2918 3338 3088 3377 unum
3133 3337 3200 3377 ac
3247 3337 3540 3378 commune

1957 3419 2110 3476 facit.
2137 3419 2319 3486 Quare
2341 3428 2522 3472 autem
2555 3415 2666 3472 Deo
2695 3418 2902 3486 gratias
2937 3416 3054 3486 agis
3078 3417 3102 3470 ?
3130 3423 3191 3470 ut
3221 3417 3534 3472 communi-

1956 3512 2126 3577 catio,
2151 3509 2348 3581 inquit,
2379 3507 2503 3564 ﬁdei
2536 3519 2642 3564 tuae
2671 3507 2859 3564 elﬁcax
2891 3509 3004 3563 ﬁat.
3038 3507 3324 3576 Quomodo
3355 3513 3544 3565 autem

1957 3607 2062 3663 erit
2107 3604 2297 3661 elli'cax
2331 3606 2356 3659 τ
2387 3604 2435 3658 si
2479 3603 2548 3658 ad
2590 3616 2754 3658 omne
2799 3603 3018 3658 virtutis
3066 3617 3204 3673 opus
3252 3602 3531 3673 procedat.

1956 3699 2360 3770 Interpretatur
2386 3704 2568 3752 autem
2611 3697 2856 3766 seipsum
2887 3695 3082 3752 beatus
3117 3694 3342 3752 Paulus.
3389 3695 3539 3764 Quo-

1959 3793 2126 3847 modo
2150 3799 2333 3847 autem
2369 3790 2475 3846 erit
2506 3788 2698 3846 eﬁlcax
2725 3789 2750 3844 2
2788 3787 2892 3845 Per
2918 3789 3022 3844 hoc
3057 3789 3204 3860 quod
3239 3797 3302 3844 tu
3331 3804 3539 3860 cogno-

1960 3899 2086 3940 scas
2132 3893 2186 3938 et
2225 3882 2480 3954 perﬁcias
2523 3895 2686 3937 omne
2722 3881 2946 3938 bonum.
2989 3898 3009 3933 ι
3039 3880 3198 3947 Quod
3226 3889 3314 3937 est
3345 3883 3402 3938 in
3443 3896 3542 3936 uo-

1961 3977 2069 4033 bis.
2109 3995 2128 4029 ι
2165 3966 2321 4043 Quod
2360 3991 2514 4030 nunc
2536 3989 2758 4045 quoque
2789 3980 2874 4029 est
2896 3974 2950 4029 in
2981 3973 3162 4038 nobis,
3194 3976 3272 4030 ait
3301 4015 3316 4031 .
3353 3994 3371 4027 ι
3397 3975 3540 4046 Erga

1963 4068 2242 4124 Christum
2286 4065 2496 4123 Jesum.
2537 4085 2556 4118 ι
2595 4065 2728 4122 Nam
2761 4067 2854 4132 qui
2890 4067 3053 4120 alicui
3083 4067 3250 4138 3‘06
3285 4069 3422 4123 bene
3461 4070 3542 4121 fa-

1961 4161 2058 4226 cit,
2080 4159 2302 4215 Christo
2331 4159 2483 4222 facit,
2507 4159 2744 4214 maxime
2774 4166 2953 4213 autem
2984 4158 3076 4228 qui
3107 4160 3314 4215 sanctis
3345 4159 3536 4215 facit‘.

1968 4269 1988 4304 ι
2019 4251 2294 4307 Gaudium
2339 4249 2484 4306 enim
2522 4251 2786 4305 habemus
2819 4250 3071 4304 multum.
3122 4268 3140 4302 ι
3181 4249 3298 4306 Νοιι
3334 4251 3536 4317 solum,

1964 4346 2165 4416 inquit,
2194 4345 2462 4410 laetamur,
2504 4343 2600 4400 sed
2631 4350 2783 4398 tanta
2815 4342 2976 4398 nobis
3006 4343 3220 4399 accedit
3264 4344 3542 4415 voluptas,

290 4438 352 4488 τὰ
384 4435 672 4506 σπλάγχνα
701 4433 810 4486 τῶν
855 4433 1047 4501 ἁγίων.
1099 4450 1118 4485 ι
1151 4432 1317 4504 Ὅρα,
1347 4433 1518 4486 θέλων
1549 4435 1724 4486 εἰπεῖν
1748 4448 1761 4463 ·
1797 4433 1856 4484 Et

1963 4447 2026 4492 ut
2072 4437 2237 4495 etiam
2293 4437 2728 4494 consolationem
2781 4436 2943 4492 nobis
2984 4435 3150 4492 addat
3187 4436 3242 4492 in
3282 4437 3541 4494 vinculis.

291 4527 464 4590 ἄλλοις
501 4527 764 4597 παρέχεις
794 4525 1057 4598 χάριτας,
1077 4525 1259 4594 πολλῴ
1293 4524 1495 4594 μᾶλλον
1518 4525 1644 4595 ἐμοὶ
1671 4524 1858 4595 παρά·

293 4635 442 4691 σχῃς,
467 4619 644 4679 οὕτως
697 4617 797 4687 μὲν
838 4617 900 4670 οὐ
938 4618 1112 4686 λέγει,
1153 4616 1330 4679 ἄλλως
1363 4615 1421 4670 δὲ
1456 4614 1858 4685 εὐφυεστὲρως.

293 4708 408 4766 Οἱὸε
439 4713 548 4781 γὰρ
577 4711 676 4782 τὴν
714 4711 939 4781 μνήμην
965 4710 1074 4762 τῶν
1095 4710 1232 4779 πρὸς
1273 4709 1468 4772 ἄλλους
1501 4709 1861 4779 εὐεργεσιῶν,

294 4805 601 4874 πειθηνίους
633 4802 834 4872 μᾶλλον
866 4802 1127 4855 ποιοῦσαν
1152 4803 1278 4866 τοὺς
1312 4801 1862 4873 παρακαλουμένους.

302 4917 320 4951 ι
353 4899 760 4951 ’Δναπέπαυται
781 4896 870 4950 διὰ
896 4897 1013 4951 σοῦ.
1035 4914 1054 4949 ι
1092 4895 1491 4951 ’ἀναπαύονται
1517 4897 1645 4967 γὰρ,
1671 4896 1858 4966 φησὶν,

298 4989 385 5041 ἰπὶ
421 4991 489 5059 τῇ
532 4990 600 5058 σῇ
622 4989 829 5062 ἀγάπῃ.
861 5006 882 5038 ι
915 4987 1007 5041 Διὸ
1041 4986 1265 5058 πολλὴν.
1303 5005 1321 5038 ι
1373 4985 1590 5059 Ἐπειδὴ
1622 4987 1864 5050 τοιοῦτος

301 5077 348 5134 εἰ
400 5080 536 5151 πρὸς
575 5079 706 5142 τοὺς
751 5077 940 5146 ἁγίους
997 5076 1138 5132 ὥστε
1181 5078 1275 5132 καὶ⁸
1317 5077 1619 5132 ἀναπαύειν
1643 5081 1864 5144 αὐτοὺς,

303 5172 613 5244 παρρησίαν
659 5170 768 5241 ἔχω
803 5171 1117 5226 ἑπιτὰσσειν
1158 5188 1263 5226 σοι.
1301 5171 1484 5243 Ἔχων
1549 5171 1869 5244 παρρησίαν

304 5264 385 5318 διὰ
409 5266 500 5319 τὸν
545 5264 816 5336 Χριστὸν,
864 5265 1182 5320 ἐπιτάσσειν
1208 5281 1290 5318 σοι
1347 5267 1583 5336 πρᾶγμα
1637 5266 1867 5337 πρέπον.

307 5359 469 5414 Τοῦτο
492 5359 604 5428 γὰρ
635 5359 696 5412 τὸ
715 5358 940 5430 ἀνῆκον.
988 5357 1377 5413 Ἐπιτὰσσειν
1413 5358 1490 5412 δὲ
1529 5355 1686 5412 εἷπον
1707 5400 1723 5426 ,
1767 5360 1872 5413 οὐκ

309 5450 489 5523 incidi;
521 5453 679 5522 ἄρχω
736 5468 828 5504 σου
849 5493 864 5516 ,
911 5450 1048 5505 ἀλλὰ
1076 5451 1166 5505 διὰ
1201 5451 1300 5522 τὴν
1327 5451 1551 5520 ἀγάπην
1577 5452 1643 5523 ἢν
1673 5451 1874 5520 ἁγαπῶ

310 5545 364 5596 τέ
395 5561 450 5598 σε
479 5546 576 5599 καὶ
604 5544 906 5615 ἀγαπῶμαι
937 5544 1041 5596 ὑπὸ
1081 5542 1196 5597 σοῦ.
1223 5543 1568 5598 Ἐπιτασσειν
1589 5546 1686 5614 μὲν
1707 5543 1870 5611 δοκῶ,

383 5734 398 5762 ¹
434 5731 622 5810 C:.los.
657 5747 731 5795 ιν,
769 5730 860 5784 l7.
934 5731 955 5761 ⁸
998 5729 1196 5784 Matth.
1253 5745 1382 5797 xxv,
1432 5729 1512 5785 ιο.

626 5825 893 5886 Parnm"
927 5823 1045 5883 Gn.
1086 5821 1218 5884 CXI
1233 5823 1280 5884 Χ
1295 5865 1310 5883 .

1968 4550 1988 4585 ι
2019 4530 2178 4598 Quod
2219 4531 2429 4587 viscera
2472 4537 2812 4586 sanctorum.
2845 4547 2864 4582 ι
2901 4530 3200 4584 Cunsidera
3234 4530 3380 4600 quod
3417 4547 3542 4586 cum

1966 4624 2098 4679 velit
2127 4623 2349 4678 dicere:
2389 4621 2448 4676 Si
2480 4621 2605 4676 aliis
2635 4621 2865 4692 gratiam
2894 4630 3143 4692 praestas,
3174 4622 3345 4677 multo
3369 4623 3558 4695 magis

1968 4715 2100 4770 mihi
2131 4721 2358 4786 praestes
2387 4757 2406 4780 ,
2445 4728 2556 4768 non
2583 4713 2659 4767 ita
2695 4712 2913 4784 quidem
2947 4712 3098 4778 dicit,
3142 4712 3238 4768 sed
3269 4714 3378 4768 alio
3393 4727 3546 4769 com-

1971 4807 2200 4862 modiori
2239 4807 2418 4861 modo.
2455 4805 2575 4869 Scit
2607 4806 2752 4861 enim
2781 4804 2926 4876 quod
2955 4807 3218 4861 memoria
3249 4805 3547 4862 beneﬁcio-

1972 4915 2094 4953 rum
2151 4913 2281 4969 erga
2326 4898 2462 4955 alios
2510 4898 2904 4962 exhibitorum,
2956 4898 3130 4968 magis
3180 4899 3549 4971 obsequentes

1969 4991 2150 5047 reddit
2191 5006 2287 5046 eos
2335 5004 2472 5060 quos
2518 5004 2828 5061 precamur.
2879 5007 2898 5042 ι
2937 4989 3257 5046 Refocillata
3297 4993 3407 5048 sint
3453 5008 3551 5064 per

1975 5094 2049 5139 te.
2088 5101 2107 5135 ι
2142 5081 2540 5138 Refocillantur
2573 5081 2743 5147 enim,
2783 5082 2979 5154 inquit,
3015 5083 3088 5139 ob
3115 5093 3264 5139 tuam
3299 5085 3551 5140 dileCtio-

1976 5191 2122 5233 nem.
2174 5194 2190 5228 ι
2229 5174 2356 5230 Ideo
2387 5189 2512 5229 cum
2553 5173 2834 5230 multam.)
2881 5174 3151 5242 Quoniam
3185 5179 3309 5235 talis
3334 5193 3395 5235 es
3419 5193 3548 5250 erga

1979 5276 2199 5325 sanctos
2253 5276 2314 5322 ut
2363 5267 2528 5323 etiam
2585 5263 2858 5322 reiocillas
2901 5282 3016 5331 eos,
3068 5267 3321 5324 fiduciam
3373 5269 3550 5324 habeo

1979 5357 2299 5430 injungeudi
2353 5357 2450 5413 tibi
2500 5375 2514 5412 :
2567 5371 2691 5412 cum
2743 5357 2995 5415 ﬁduciam
3052 5359 3282 5415 habeam
3333 5370 3554 5430 prOpter

1981 5452 2258 5508 Christum
2297 5450 2613 5521 injungendi
2647 5449 2745 5504 tibi
2783 5465 2897 5506 rem
2939 5466 3058 5522 quae
3094 5452 3342 5520 expediat
3373 5468 3387 5504 :
3426 5466 3552 5504 nam

1983 5545 2084 5601 hoc
2103 5543 2373 5615 signiﬁcat
2395 5541 2728 5598 ἐπιτάσσειν.
2761 5541 3050 5612 lnjungere
3078 5549 3258 5597 autem
3285 5540 3422 5608 dixi,
3443 5555 3554 5598 non

3125 5814 3164 5876 9
