3988 6576
441 253 548 316 267

1473 255 1871 319 (ECUMENII
1915 251 2211 313 TRICCE
2250 253 2593 316 EPISCOPI

3591 265 3702 331 268

441 362 588 434 quod
621 361 872 419 domincr
905 363 1024 429 tibi,
1073 364 1168 420 sed
1205 375 1427 436 propter
1460 366 1778 421 clmritatem
1828 380 1936 434 qua
1976 379 1993 418 ι

2104 361 2236 420 ,οὐκ
2270 363 2552 419 ἐπιτάσσω
2589 365 2668 420 δέ.
2701 367 2763 420 Ei
2799 367 2893 421 καὶ
2934 368 3216 440 φαίνωμαι
3271 371 3588 428 ιπιτὰσσειν
3622 394 3706 429 σοι

440 465 494 512 te
535 455 704 526 diligo
734 465 787 510 et
811 470 841 508 a
875 464 927 512 te
961 455 1180 526 diligor,
1232 456 1519 527 injungere
1555 455 1772 525 quidem
1807 455 2018 521 videor,

351 553 355 560 ‘
437 561 626 603 verum
658 563 765 600 non
793 546 1038 618 injungo.
1063 546 1322 602 Nametsi
1357 547 1546 603 videor
1574 547 1860 618 injungere
1890 561 2020 616 pro-

439 644 556 706 pter
585 637 909 693 charitatem
943 676 961 702 ,
1013 652 1122 692 non
1171 645 1354 693 tamen
1404 637 1652 709 injungo,
1696 638 1792 693 sed
1838 637 2020 707 potius

437 743 606 799 rogo:
641 728 798 796 adeo,
821 730 1018 801 inquit,
1047 745 1158 786 rem
1193 730 1505 802 magniﬁco.
1543 750 1562 783 (
1589 730 1724 785 Cum
1755 729 2015 795 talissim,

436 836 632 892 nempe
661 821 865 878 Paulus
899 837 1088 878 senex.
1123 842 1142 876 ι
1181 822 1333 894 Rogo
1363 838 1486 878 cum
1520 824 1646 879 talis
1674 823 1802 888 sim,
1838 823 2018 894 qualis

431 913 942 986 deberetquispiam
966 930 1089 970 esse
1111 915 1176 970 ad
1194 915 1655 984 persuadendum.
1691 934 1710 968 s
1736 914 1955 970 Paulus.
1990 931 2010 966 ι

434 1005 695 1063 SulIicere
725 1017 904 1063 autem
935 1007 1160 1063 deberet
1207 1008 1311 1064 hoc
1355 1009 1532 1064 solum
1575 1011 1642 1063 ad
1675 1007 2013 1077 persuaden-

431 1097 583 1152 dum.
641 1115 660 1150 ι
697 1097 873 1152 Senex
916 1099 1132 1154 vinctus
1167 1113 1270 1169 pro
1310 1097 1552 1154 Christo.
1608 1118 1627 1154 ι
1674 1098 1840 1155 Vides
1879 1105 2013 1168 quot

432 1190 544 1245 sint
570 1191 635 1246 ad
662 1192 1106 1262 persuadendum
1141 1193 1463 1250 occasiones
1492 1194 1516 1248 ?

1063 1307 1294 1366 CAPUT
1311 1309 1375 1364 Il.

427 1395 829 1453 Commendatio
876 1399 1114 1455 Onesimi
1161 1402 1372 1470 fugitivi
1410 1403 1566 1466 servi,
1615 1411 1666 1456 et
1713 1401 2008 1455 admonitio

591 1484 686 1536 pro
721 1470 834 1538 ipso
861 1471 951 1540 qui
983 1471 1162 1525 salvus
1191 1472 1367 1540 factus
1393 1481 1508 1526 erat
1539 1487 1634 1538 per
1655 1473 1832 1542 ﬁdem.

501 1553 658 1612 Vers.
685 1557 870 1612 10-14.
897 1556 1039 1629 Rogo
1061 1569 1238 1613 autem
1263 1577 1362 1628 pro
1390 1560 1502 1630 ﬁlio
1522 1577 1638 1615 meo
1670 1577 1821 1630 quem
1849 1563 2004 1632 genui

2130 451 2197 505 δι’
2219 454 2474 526 ἀγάπην,
2510 457 2611 511 οὐκ
2667 459 2984 525 ἐπιτάσσω,
3020 463 3326 534 παρακαλῶ
3363 465 3419 518 δὲ
3474 467 3703 536 μᾶλλον.

2129 545 2305 611 Οὕτω,
2325 549 2480 618 φησὶ,
2503 548 2632 621 περὶ
2655 550 2851 604 πολλοῦ
2875 551 2935 605 τδ
2962 555 3110 624 πρᾶγ
3120 571 3196 625 μα
3215 555 3496 626 ποιοῦμαι.
3513 556 3706 612 Τοιοῦ-

2127 653 2217 700 τος
2240 637 2336 704 ὢν,
2362 640 2438 701 ὡς
2461 641 2674 708 Παῦλος
2709 643 3045 717 πρεσϐύτης.
3074 647 3386 717 Παρακαλῶ
3410 649 3491 716 δὲ,
3522 649 3704 706 τοιοῦ-

2124 727 2218 791 τός
2245 747 2326 794 τις
2349 731 2632 804 ὑπάρχων,
2661 731 2771 800 οἷός
2814 754 2898 800 τις
2924 736 3157 807 ὤφειλεν
3183 734 3345 805 εἶναι,
3377 741 3534 812 φησὶ,
3564 741 3706 814 πρδς

2124 814 2184 868 τὺ
2209 821 2415 876 πεῖσαι.
2454 838 2473 873 ι
2527 822 2759 886 Παῦλος.
2797 843 2814 877 ι
2856 825 3058 896 Ἤρκει
3095 826 3150 879 δὲ
3185 815 3316 883 αὐτὸ
3345 829 3505 882 τοῦτο
3536 832 3703 901 μόνεν

2124 905 2260 973 πρὸς
2282 906 2344 958 τδ
2363 911 2568 977 πεῖσαι,
2599 929 2616 962 ι
2646 911 2965 984 Πρεσϐύτης
2985 913 3201 984 δέσμιος
3229 915 3371 986 ὑπὲρ
3387 917 3648 989 Χριστοῦ.
3677 937 3699 970 s

2135 997 2302 1084 Ὀρᾷς
2325 1000 2447 1055 ὅσαι
2473 1003 2609 1074 πρὸς
2641 1003 2702 1058 τὸ
2739 1007 2924 1060 πεῖσαι
2948 1007 3232 1078 ἀφορμαῖς

2713 1306 2966 1362 ΚΕΦΔΛ.
3006 1307 3082 1361 B'.

2118 1394 2423 1480 Σύστασις
2451 1395 2774 1480 ’ρνῃσίμρυ
2803 1398 3074 1480 φυγὰδρς
3104 1397 3480 1480 οῖκέτουηκαι
3506 1399 3697 1466 παρά-

2210 1470 2434 1533 κλησις
2459 1466 2609 1535 ὑπὲρ
2643 1466 2830 1522 αὐτοῦ
2857 1468 3158 1535 σωθέντος
3181 1468 3278 1522 διὰ
3306 1469 3588 1536 πίστεως.

2184 1558 2515 1627 Παρακαλῶ
2537 1575 2610 1614 σε
2635 1560 2892 1628 περὶτοῦ
2907 1561 3052 1630 ἐμοῦ
3083 1560 3320 1624 τέκνου,
3340 1559 3372 1612 ὃ
3388 1559 3694 1629 ἐγέννησα

422 1650 478 1703 in
509 1649 733 1704 uinculis
764 1651 893 1706 meis
927 1650 1202 1720 Onesimo,
1225 1653 1489 1724 quondam
1524 1655 1618 1708 tibi
1643 1655 1842 1722 inutili,
1866 1672 1993 1708 nunc

2114 1648 2185 1702 ἐν
2222 1650 2346 1716 τοῖς
2393 1649 2640 1720 δεσμοῖς
2684 1669 2804 1720 μου
2841 1651 3200 1719 Ὀνήσιμον,
3230 1654 3338 1706 τόν
3394 1652 3540 1706 κοτέ
3587 1669 3692 1705 σοι

424 1757 541 1795 vero
568 1742 662 1794 tibi
688 1751 737 1796 et
761 1743 888 1794 milii
913 1744 1150 1812 perutili,
1175 1719 1326 1815 quem
1347 1747 1548 1800 remisi.
1577 1745 1656 1800 Τιι
1670 1719 1844 1800 autem
1865 1762 1993 1814 eum,

2115 1738 2445 1808 ἄχρηστον,
2492 1741 2630 1795 νυνὶ
2675 1719 2742 1795 δέ
2772 1759 2871 1796 σοι
2903 1742 3004 1796 καὶ
3032 1742 3160 1811 ἐμοὶ
3207 1744 3564 1810 εὔχρηστον,
3618 1741 3694 1795 ὃν

419 1833 520 1885 hoc
566 1842 665 1896 est,
707 1849 822 1886 mea
877 1834 1074 1887 viscera
1118 1835 1360 1903 suscipe:
1392 1852 1543 1905 quem
1589 1853 1680 1907 ego
1734 1838 2006 1906 cupiebam

418 1923 560 1991 apud
582 1940 660 1978 me
678 1925 920 1989 retinere,
946 1934 1002 1978 ut
1034 1941 1130 1994 pro
1163 1936 1211 1982 te
1240 1928 1567 1983 ministraret
1595 1929 1725 1982 mihi
1751 1930 1806 1983 in
1828 1930 2008 1984 vincu-

415 2013 489 2068 lis
538 2013 812 2086 Evangelii
835 2032 853 2070 :
898 2018 990 2071 sed
1029 2018 1227 2089 absque
1269 2029 1360 2073 tua
1395 2021 1653 2075 sententia
1697 2020 1830 2074 nihil
1863 2021 2006 2075 votui

419 2105 616 2171 facere,
648 2122 710 2160 ne
734 2110 870 2161 velut
894 2123 958 2162 ea:
981 2110 1290 2164 necessitate
1323 2109 1513 2182 bonum
1539 2118 1687 2165 tuum
1721 2119 1876 2177 esset,
1914 2109 2004 2165 sed

417 2207 793 2268 spontaneum.

482 2473 645 2545 307
692 2474 879 2530 Placat
909 2484 962 2532 et
1002 2477 1215 2549 mitigat
1254 2477 1648 2546 Philemonem,
1679 2480 2000 2538 collaudatis

414 2581 631 2623 servum
662 2565 1004 2634 Onesimum,
1034 2569 1284 2625 vocando
1317 2569 1511 2636 ﬁlium,
1543 2572 1672 2642 quia
1711 2580 1765 2627 et
1798 2573 1997 2643 ipsum,

417 2655 618 2726 inquit,
648 2655 944 2726 baptizavi.
1011 2656 1147 2712 Nam
1179 2657 1283 2714 hoc
1315 2658 1588 2730 signiﬁcat
1618 2679 1630 2714 :
1663 2659 1836 2716 Genui
1873 2678 1996 2718 cum

414 2762 590 2804 essent
624 2749 681 2804 in
703 2749 958 2804 vinculis.
1025 2748 1123 2805 liis
1149 2750 1317 2820 igitur
1347 2751 1535 2806 sedata
1569 2751 1745 2822 ipsius
1771 2753 1850 2806 ira
1875 2794 1890 2819 ,
1923 2755 1996 2809 ita

416 2851 613 2893 nomen
640 2838 972 2908 exprimens,
997 2838 1276 2905 Oncsimo,
1297 2841 1493 2911 inquit.
1532 2859 1549 2892 s
1582 2841 1868 2908 Quondam
1897 2844 1992 2899 tibi

415 2927 620 2983 inutili.
659 2945 680 2980 ι
721 2929 839 2984 Scit
871 2930 1015 2985 enim
1053 2930 1204 2985 illum
1230 2931 1323 3000 qui
1363 2934 1658 2988 conﬁtetur
1684 2943 1991 3002 peccatum,

412 3019 551 3074 iram
605 3019 811 3076 domini
857 3023 1228 3092 exstinguere.
1301 3022 1428 3080 Ideo
1479 3025 1707 3081 subdit:
1770 3043 1789 3078 ι
1837 3025 1993 3083 Nunc

412 3127 546 3168 vero
569 3113 667 3170 tibi
695 3125 750 3168 et
781 3115 914 3169 milii
950 3115 1191 3184 perutili.
1231 3135 1250 3168 ι
1307 3115 1363 3170 Si
1401 3116 1570 3170 Paulo
1596 3119 1847 3188 perutilis
1873 3131 1992 3175 erat

410 3204 505 3276 qui
535 3211 687 3260 tanta
718 3203 1000 3274 diligentia
1023 3207 1331 3276 expetebat,
1353 3208 1701 3263 manifestum
1735 3218 1820 3265 est
1845 3210 1992 3280 quod

409 3296 574 3351 etiam
610 3296 942 3353 Philemoni.
983 3317 1000 3350 ι
1027 3298 1198 3363 Quem
1246 3300 1428 3354 remisi
1470 3319 1482 3354 :
1527 3319 1545 3352 ι
1583 3307 1640 3353 ιιι
1676 3300 1853 3369 ipsum
1887 3300 1994 3357 Do-

410 3388 563 3443 mino
586 3388 864 3454 redderet,
896 3391 1069 3460 magis
1101 3398 1281 3445 autem
1315 3398 1373 3444 ut
1405 3390 1540 3444 iram
1582 3392 1987 3462 exstingueret.

415 3496 436 3530 s
477 3477 593 3534 lloc
624 3490 709 3534 est
728 3495 849 3535 mea
877 3480 1107 3536 viscera.
1146 3499 1164 3533 ι
1202 3481 1342 3548 Quid
1371 3489 1550 3536 autem
1580 3481 1702 3538 dico
1727 3491 1785 3536 ut
1811 3485 1990 3554 ipsum

407 3572 724 3643 suscipias?
757 3573 902 3628 hunc
935 3573 1242 3643 suscipiens
1265 3588 1384 3630 mea
1419 3573 1624 3631 viscera
1652 3576 1985 3648 suscipiens.

405 3663 581 3733 Adeo,
614 3665 810 3736 inquit,
843 3681 968 3722 eum
995 3665 1186 3736 diligo,
1213 3673 1273 3721 ut
1302 3682 1419 3722 mea
1456 3670 1722 3739 appellem
1751 3672 1985 3729 viscera.

405 3755 563 3822 Quod
588 3767 794 3821 autem,
827 3757 924 3826 ait,
961 3756 1214 3830 Suscipe,
1249 3759 1351 3816 hoc
1379 3772 1480 3826 est,
1506 3777 1629 3816 cum
1669 3778 1860 3821 amore
1891 3782 1987 3821 ac-
2041 3808 2048 3815 ι

405 3847 546 3918 cipe.
586 3865 606 3900 ι
652 3848 722 3905 Ut
753 3863 852 3918 pro
886 3856 939 3905 te
975 3849 1318 3906 ministraret
1349 3852 1504 3908 mibi.
1539 3872 1558 3905 ι
1611 3852 1800 3910 Vidcn‘
1837 3856 1986 3925 quod

403 3940 672 4009 paulatim
711 3940 891 4010 ipsum
932 3942 1000 3997 ad
1035 3939 1252 3998 Domini
1289 3943 1468 3998 locum
1507 3945 1870 4015 produxerit?
1905 3947 1984 4002 ait

401 4031 548 4086 enim
581 4049 596 4086 :
651 4030 720 4086 Ut
747 4048 846 4102 pro
877 4040 934 4088 te
970 4031 1331 4090 ministraret.
1379 4033 1479 4091 Hic
1516 4045 1697 4092 autem
1743 4039 1986 4094 ostendit

401 4121 548 4191 quod
578 4121 797 4178 Domini
833 4125 1016 4195 potius
1064 4125 1250 4194 cupiat
1285 4127 1600 4184 utilitatem.
1637 4127 1771 4183 Nam
1814 4131 1858 4185 si
1902 4139 1981 4195 tu,

399 4214 602 4286 inquit,
630 4215 796 4270 debes
833 4216 1169 4282 ministrare,
1213 4217 1303 4272 hic
1333 4227 1514 4274 autem
1547 4235 1646 4289 pro
1687 4231 1740 4276 te
1767 4222 1871 4276 boc
1898 4221 1980 4276 fa-

2113 1831 2451 1903 ἀνέπεμψα.
2480 1834 2562 1889 Σὺ
2580 1832 2646 1888 δὲ
2661 1834 2865 1901 αὐτὸν,
2892 1836 3186 1901 τουτέστι,
3207 1836 3278 1889 τὰ
3306 1836 3418 1904 ἐμὰ
3441 1833 3686 1907 σπλάγ-

2113 1942 2250 1995 χνα,
2281 1927 2652 1994 προσλαϐοῦ,
2679 1926 2753 1980 ὃν
2797 1926 2913 1996 ἐγὼ
2957 1928 3297 1997 ἐϐουλόμην
3332 1928 3482 1996 πρὸς
3503 1927 3690 1996 ἐμαυ-

2111 2017 2220 2071 τὸν
2255 2018 2550 2087 κατέχειν,
2579 2019 2679 2072 ἵνα
2719 2019 2872 2088 ὑπὲρ
2899 2019 3016 2074 σοῦ
3054 2017 3303 2086 διακονῇ
3327 2036 3428 2088 μοι
3464 2019 3532 2072 ἐν
3563 2015 3689 2082 τοῖς

2109 2108 2357 2179 δεσμοῖς
2383 2111 2488 2164 τοῦ
2515 2113 2910 2181 Εὑαγγελίου.
2939 2111 3124 2179 Χωρὶς
3155 2111 3223 2163 δὲ
3249 2110 3357 2179 τῆς
3393 2109 3514 2178 σῆς
3537 2108 3691 2179 γνώ-

2103 2220 2226 2272 μης
2265 2201 2446 2256 οὐδὲν
2502 2203 2775 2270 ἠθέλησα
2807 2203 3081 2271 ποιῆσαι,
3117 2204 3219 2255 ἵνα
3258 2202 3345 2272 μὴ
3402 2203 3484 2269 ὡς
3535 2203 3689 2256 κατὰ

2108 2294 2382 2364 ἀνάγκην
2428 2293 2492 2346 τὸ
2545 2293 2770 2364 ἀγαθόν
2807 2310 2926 2348 σου
2963 2287 3024 2364 ᾖ,
3080 2293 3243 2348 ἀλλὰ
3305 2294 3456 2347 κατὰ
3506 2293 3687 2346 ἐκού-

2107 2403 2269 2442 σιον.

2178 2477 2645 2550 Προκαταλεαὲνει
2693 2478 2785 2531 τὸν
2830 2479 3142 2548 Φιλήμονα,
3174 2475 3542 2547 ἐγκωμιάζων
3590 2475 3686 2528 τδν

2105 2571 2323 2640 οἰκέτην
2356 2572 2545 2625 τέκνον
2586 2571 2790 2632 καλῶν,
2821 2571 2900 2624 ὅτι
2949 2570 3044 2624 καὶ
3080 2569 3278 2629 αὑτὸν.
3323 2569 3510 2639 φησὶν,
3553 2567 3688 2622 ὲϐἀο
3719 2618 3723 2621 .

2106 2679 2292 2717 πτισα.
2317 2663 2489 2717 Τοῦτο
2513 2662 2622 2735 γὰρ
2641 2663 2720 2730 τὸ,
2751 2663 3046 2733 Ἑγέννησα
3067 2665 3126 2716 ὲν
3144 2665 3258 2726 τοῖς
3272 2664 3488 2731 δεσμοῖς
3506 2662 3687 2731 ὑπάρ-

2104 2772 2234 2824 χων.
2283 2755 2381 2807 Διὰ
2433 2755 2642 2808 τούτων
2685 2754 2778 2809 οὖν
2830 2755 3305 2824 προκαταστείλας
3358 2752 3450 2806 τὸν
3509 2751 3684 2822 Θυμδν

2102 2844 2476 2909 αύτοῦ,ούτως
2492 2845 2884 2915 ἐξονομάζειτδ
2896 2846 3068 2916 ὄνομα
3093 2863 3106 2876 ·
3137 2846 3452 2916 Ὀνήσιμον,
3478 2845 3674 2914 φησιν.

2107 2956 2124 2988 ι
2164 2937 2268 2990 Τόν
2297 2937 2427 2990 ποτέ
2461 2954 2542 2990 σοι
2574 2937 2895 3008 ἄχρηστον.»
2933 2934 3051 2992 Οῐδε
3087 2937 3196 3008 γὰρ
3244 2935 3679 3008 ὁμολογούμενον

2100 3028 2160 3082 τὸ
2201 3027 2544 3100 ἁμάρτημα,
2581 3028 2860 3082 σϐεννύειν
2901 3028 2994 3082 τὸν
3041 3028 3214 3099 θυμὸν
3242 3028 3336 3082 τοῦ
3377 3028 3664 3082 δεσπότου.

2107 3135 2125 3170 ι
2158 3117 2294 3170 Νυνὶ
2313 3117 2370 3169 δὲ
2400 3117 2483 3171 σοὶ
2513 3118 2604 3171 καὶ
2633 3117 2757 3187 ἐμοὶ
2783 3118 3099 3190 εὔχρηστος.
3130 3137 3147 3169 ι
3171 3118 3232 3172 Ei
3257 3118 3448 3188 Παύλῳ
3464 3117 3671 3189 εὔχρη-

2101 3224 2226 3270 στος
2252 3206 2521 3278 τοσαύτην
2544 3209 2826 3278 ἀκρίϐειαν
2849 3208 3191 3272 ἀπαιτοῦντι,
3208 3208 3448 3279 δηλονότι
3475 3209 3570 3262 καὶ
3592 3207 3673 3278 τῷ

2099 3301 2382 3371 Φιλήμονι.
2426 3319 2443 3352 ι
2489 3303 2584 3353 Ὃν
2621 3299 2932 3370 ἀνέπεμψα.
2976 3318 2994 3351 s
3032 3299 3123 3370 Τῷ
3152 3298 3486 3370 παραδοῦναι
3513 3300 3679 3354 αὑτὸν

2098 3391 2177 3460 τῷ
2210 3394 2478 3464 Δεσπότῃ,
2507 3392 2710 3462 μᾶλλον
2761 3393 2853 3444 τὸν
2900 3391 3071 3462 θυμὸν
3108 3392 3352 3446 ἔσϐεσεν.
3387 3392 3676 3458 Τουτέστι,

2096 3485 2167 3538 τὰ
2222 3486 2330 3556 ἐμὰ
2363 3485 2669 3556 σπλάγχνα.
2714 3503 2732 3536 ›
2781 3485 2847 3538 Τί
2901 3485 3045 3552 λέγω
3109 3485 3272 3537 αὐτὸν
3325 3483 3675 3556 προσλαϐοῦς

2098 3577 2298 3631 Τοῦτον
2325 3577 2901 3649 προσλαμϐανόμενος,
2941 3576 3011 3630 τὰ
3039 3579 3146 3647 ὲμὰ
3185 3576 3468 3646 σπλάγχνα
3507 3593 3680 3646 προσ-

2096 3670 2262 3742 λήψῃ.
2306 3670 2494 3733 Οὕτως
2516 3671 2681 3724 αὐτὸν
2707 3671 2925 3738 ἀγαπῶ,
2960 3671 3153 3740 φησὶν,
3186 3669 3260 3733 ὡς
3310 3671 3404 3722 καὶ
3463 3670 3678 3738 σπλάγ-

2097 3781 2200 3836 χνα
2251 3765 2459 3818 καλεῖν.
2491 3763 2563 3816 Τὸ
2606 3764 2692 3830 δὲ,
2723 3763 3068 3834 προσλαϐοῦ,
3114 3758 3225 3817 οἷον
3270 3763 3406 3832 μετὰ
3448 3763 3676 3832 ἀγάπης

2095 3857 2266 3922 δέξαι.
2313 3875 2330 3908 ι
2369 3857 2488 3910 ’Ὶνα
2532 3855 2672 3924 ὑπὲρ
2734 3854 2828 3908 σοῦ
2889 3855 3112 3924 διακονῇ
3169 3872 3281 3924 μοι.
3318 3873 3336 3905 ι
3373 3855 3538 3925 Ὁρᾷς
3587 3855 3674 3908 ὅτι

2094 3947 2236 4002 κατὰ
2279 3947 2474 4017 μικρὸν
2516 3948 2596 4010 εἰς
2634 3947 2726 4000 τὸν
2757 3947 2920 3999 τόπον
2944 3945 3109 4000 αὐτὸν
3137 3947 3312 4016 ἤγαγε
3339 3945 3432 3998 τοῦ
3461 3946 3668 3998 δεσπό-

2093 4057 2223 4105 του;
2254 4036 2371 4093 ’Ἰνα
2392 4039 2691 4109 remensi,
2726 4037 2866 4105 ὑπὲρ
2897 4038 2989 4090 σοῦ
3024 4055 3113 4108 μοι
3141 4036 3671 4106 διακονῇ.Ἒνταῦθα

2092 4133 2150 4186 δὲ
2198 4132 2471 4186 δείκνυσιν
2521 4132 2602 4186 ὅτι
2649 4129 2726 4200 τῷ
2767 4133 3012 4203 Δεσπότῃ
3080 4131 3361 4201 συμφέρον
3416 4130 3671 4199 βούλεται

2097 4223 2320 4294 μᾶλλον.
2347 4223 2409 4276 Ei
2438 4222 2545 4292 γὰρ
2578 4222 2663 4284 σὺ,
2691 4220 2846 4290 φησὶ,
2875 4223 3169 4290 χρεωστεῖς
3199 4221 3488 4285 διακονεῖν,
3511 4216 3672 4284 οὗτος

400 4307 500 4372 cit,
543 4309 734 4376 utique
762 4308 816 4363 in
848 4314 995 4363 tuam
1029 4318 1112 4365 est
1143 4309 1434 4364 utilitatem
1465 4312 1611 4380 quod
1638 4314 1836 4382 agitur.
1864 4330 1883 4364 ι
1921 4313 1978 4367 lu

2104 4313 2148 4365 se
2179 4311 2299 4366 ἀντὶ
2338 4309 2431 4363 σοῦ
2475 4309 2634 4363 τοῦτο
2681 4311 2855 4372 ποιεῖ,
2896 4309 2987 4361 σὸν
3013 4308 3204 4376 ὄφελος
3255 4309 3315 4361 τὸ
3352 4310 3665 4379 γινόμενον.

396 4398 632 4453 vinculis
670 4399 973 4468 Evangelii.
1007 4416 1026 4450 s
1069 4399 1127 4454 lu
1163 4399 1394 4455 vinculis
1414 4415 1535 4469 quae
1563 4415 1662 4470 pro
1686 4400 1977 4471 Evangelio

2104 4423 2114 4455 ι
2140 4403 2228 4456 Ἑν
2257 4405 2367 4466 τοῖς
2421 4403 2636 4473 δεσμοῖς
2668 4401 2762 4455 τοῦ
2792 4401 3143 4469 Εὑαγγελίου.
3188 4417 3207 4452 ι
3242 4402 3327 4454 Ἐν
3381 4403 3490 4463 τοῖς
3522 4402 3666 4473 ὑπὲρ

395 4490 635 4560 perfero.
663 4510 682 4542 ι
715 4489 823 4546 Sed
858 4491 1066 4561 absque
1096 4502 1188 4546 tua
1220 4493 1511 4547 sententia.
1546 4513 1564 4546 ι
1599 4493 1716 4548 Hoc
1743 4494 1981 4550 maxime

2104 4495 2177 4550 τοῦ
2221 4495 2551 4565 Εὑαγγελίου
2589 4495 2831 4565 δεσμοῖς.
2867 4513 2884 4546 ι
2939 4495 3126 4563 Χωρὶς
3155 4494 3212 4548 δὲ
3248 4494 3346 4564 τῆς
3382 4497 3479 4562 σῆς
3518 4496 3665 4563 γνώ-

399 4584 579 4653 ipsum
604 4583 939 4648 emolliebat,
972 4584 1116 4655 quod
1148 4599 1260 4639 rem
1290 4583 1428 4640 adeo
1466 4586 1568 4641 sibi
1607 4588 1979 4643 necessariam

395 4675 606 4746 absque
641 4676 762 4746 ejus
807 4679 1074 4732 sententia
1120 4692 1226 4732 non
1276 4677 1490 4733 fecerit.
1554 4696 1572 4730 ι
1609 4677 1687 4734 Ne
1728 4681 1877 4734 velut
1914 4695 1982 4737 ex

395 4768 743 4824 necessitate.
779 4789 797 4820 ι
820 4767 938 4824 Non
972 4770 1492 4840 disitsimpliciter:
1522 4771 1596 4826 Ex
1625 4773 1976 4838 necessitate,

391 4860 489 4916 sed
515 4901 531 4927 ,
581 4861 742 4917 Velut
779 4877 844 4918 ex
891 4864 1244 4918 necessitate.
1283 4862 1515 4920 Perinde
1543 4877 1607 4918 ac
1642 4864 1688 4918 si
1717 4863 1926 4920 diceret
1961 4883 1974 4921 :

392 4950 660 5008 Noveram
711 4955 856 5024 quod
899 4955 944 5010 si
989 4956 1154 5010 ctiam
1209 4964 1404 5025 printer
1453 4964 1600 5010 tuam
1650 4957 1976 5012 sententiam

393 5046 576 5116 ipsum
615 5047 930 5110 retinerem,
968 5062 1315 5116 nequaquam
1351 5054 1404 5103 te
1428 5047 1853 5103 contristarem:
1887 5058 1976 5103 at-

397 5149 578 5194 tamen
609 5153 676 5192 ne
696 5138 976 5193 videretur
1003 5139 1160 5204 quasi
1197 5153 1263 5191 ex
1285 5138 1615 5194 necessitate
1650 5137 1788 5202 ﬁeri,
1827 5137 1975 5193 nolui

397 5234 602 5289 facere.

465 5322 628 5380 Vera.
670 5321 860 5378 15-20.
898 5320 1041 5374 Nam
1086 5331 1362 5391 propterea
1397 5323 1628 5392 forsitan
1658 5324 1863 5377 secessit
1904 5323 1974 5376 ad

397 5415 605 5478 horam,
624 5426 681 5468 ut
711 5425 964 5468 wternum
982 5431 1098 5468 eum
1119 5415 1392 5484 reciperes,
1417 5431 1518 5469 non
1527 5415 1644 5484 jam
1665 5425 1720 5467 ut
1745 5430 1971 5476 servant,

388 5508 483 5564 sed
519 5524 684 5577 supra
713 5523 941 5570 servum,
975 5523 1155 5576 nempe
1188 5507 1408 5576 fratrem
1439 5505 1714 5571 a‘iiectum,
1743 5508 1973 5559 maxime

395 5600 544 5666 mihi,
578 5607 774 5669 quanto
816 5609 990 5654 autem
1026 5600 1193 5669 magis
1230 5600 1325 5653 tibi
1353 5610 1400 5654 et
1431 5600 1672 5670 income
1703 5607 1752 5652 et
1784 5599 1836 5651 in
1863 5596 1972 5651 Do-

385 5696 534 5749 mino
564 5693 590 5750 ,ν
617 5690 676 5748 Si
711 5694 872 5766 igitur
920 5709 998 5749 me
1035 5691 1193 5748 habes
1229 5703 1549 5760 consortem,
1586 5691 1790 5759 suscipe
1817 5687 1968 5742 illum

2087 4605 2215 4659 μης.
2246 4606 2264 4640 ι
2297 4586 2468 4640 Τοῦτο
2518 4586 2752 4657 μάλιστα
2797 4585 2958 4640 αὐτὸν
3009 4585 3239 4656 ὲχαύνου
3261 4626 3276 4650 ,
3311 4587 3394 4638 ὅτι
3427 4589 3662 4655 πρᾶγμα

2083 4679 2256 4742 οὕτως
2311 4679 2610 4746 ἀναγκαῖον
2662 4675 2842 4746 αὐτῷ,
2907 4677 3058 4747 παρὰ
3103 4675 3334 4747 γνώμην
3360 4676 3524 4729 αὑτοῦ
3558 4678 3662 4730 οὐκ

2082 4770 2358 4839 ἐποίησεν.
2397 4789 2416 4822 ι
2454 4769 2568 4824 Ἱνα
2601 4770 2675 4841 μὴ
2704 4769 2779 4832 ὡς
2825 4769 2962 4821 κατᾶ
3013 4767 3278 4838 ἀνάγκην.
3313 4786 3333 4820 ι
3367 4768 3479 4820 Οὐκ
3510 4763 3657 4830 εἷπε,

2084 4861 2242 4916 Κατὰ
2287 4861 2562 4930 ἀνάγκην,
2619 4859 2760 4923 ἀλλ’,
2807 4857 2895 4921 Ὠς
2939 4859 3082 4912 κατὰ
3138 4858 3420 4928 ἀνάγκηνο
3479 4856 3554 4918 ὡς
3609 4858 3658 4909 si

2083 4944 2277 5003 εἶπενο
2314 4949 2504 5020 ᾝδειν
2543 4949 2626 5000 ὅτι
2670 4947 2766 5002 καὶ
2812 4945 2963 5016 παρὰ
3007 4945 3233 5016 γνώμην
3279 4961 3374 4998 σου
3405 4946 3656 5015 κατέχων

2080 5043 2264 5108 αὑτὸν,
2297 5043 2397 5094 οὐκ
2441 5039 2673 5092 ἐλύπουν
2713 5055 2792 5094 σε.
2840 5038 2982 5091 ’Δλλ’
3012 5039 3099 5090 ἵνα
3125 5037 3199 5106 μὴ
3219 5036 3346 5107 δόξῃ
3394 5036 3469 5099 ὡς
3512 5036 3654 5089 κατὰ

2080 5135 2328 5205 ἀνάγκην
2361 5131 2631 5201 γίνεσθαι,
2663 5131 2764 5184 οὐκ
2789 5128 3119 5200 ἠϐουλήθην,
3147 5126 3331 5196 φησιν.

2152 5315 2313 5385 Τάχα
2345 5315 2452 5385 γὰρ
2485 5312 2582 5366 διὰ
2615 5311 2792 5366 τοῦτο
2824 5309 3120 5380 ἐχωρίσθη
3151 5307 3301 5374 πρὸς
3331 5307 3511 5376 ἄψαν,
3548 5309 3653 5366 ἵνα

2074 5410 2316 5464 αἰώνιον
2355 5406 2541 5460 αὑτὸν
2568 5404 2821 5471 ἀπέχῃς,
2851 5403 2962 5454 οὐκ
2993 5401 3083 5454 ἔτι
3119 5401 3200 5466 ὠς
3228 5399 3474 5466 δοῦλον,
3511 5401 3652 5456 ἀλλ’

2072 5502 2226 5571 ὑπὲρ
2256 5501 2502 5563 δοῦλον,
2543 5498 2811 5566 ἀδελφὸν
2839 5493 3169 5564 ἀγαπητὸν,
3192 5492 3460 5562 μάλιστα
3493 5493 3647 5562 ἐμοι.

2072 5596 2252 5658 Πόσῳ
2279 5591 2349 5645 δὲ
2369 5589 2610 5660 μᾶλλόν
2638 5605 2737 5642 σοι
2773 5586 2868 5640 καὶ
2904 5585 2973 5639 ἐν
3001 5585 3182 5653 σαρκὶ
3215 5584 3310 5638 καὶ
3339 5585 3408 5637 ἐν
3429 5586 3644 5652 Κυρίῳ.

2073 5689 2138 5741 Εἰ
2167 5679 2280 5740 οὖν
2309 5699 2380 5754 με
2412 5681 2571 5752 ἔχεις
2605 5678 2917 5745 κοινωνὸν,
2964 5675 3315 5746 προσλαϐοῦ
3343 5676 3540 5732 αὐτὸν
3566 5681 3648 5744 ὡς
