3988 6632
224 477 309 540 263

1164 469 1552 531 COMMENT.
1598 468 1678 530 ΙΝ
1708 468 1947 530 EPIST.
1984 469 2083 529 AD
2123 469 2439 529 PlIlLEM.

3314 468 3422 530 2ῗο

222 586 319 652 ἐμέ.
350 584 413 638 El
449 578 514 635 δέ
550 594 603 634 τι
650 578 909 647 ἠδίκησέ
953 592 1027 633 σε
1056 577 1094 647 ἢ
1131 580 1381 649 ὀφείλει,
1412 580 1587 634 τοῦτο
1615 578 1744 648 ἐμοὶ

1860 589 2100 647 'anquam
2131 594 2231 632 me.
2263 576 2416 645 Quod
2437 578 2486 631 si
2512 576 2637 643 quid
2669 577 2848 631 nocuit
2877 577 2972 632 tibi
3001 586 3094 633 aut
3127 577 3297 646 debet,
3322 580 3424 636 hoc

220 676 441 743 ἐλλόγα.
484 671 627 742 Ἐγὼ
654 671 895 739 Παῦλος
923 673 1155 741 ἕχζοαψα
1176 670 1251 741 τῇ
1279 672 1394 742 ἐμῇ
1425 673 1596 740 χειρὶ,
1631 672 1746 742 ἐγὼ

219 767 470 826 ἀποτίσω,
513 764 609 816 ἵνα
634 763 725 833 μὴ
771 765 928 832 λέγω
958 765 1059 818 σοί
1091 764 1178 817 ὅτι
1211 766 1308 819 καὶ
1347 765 1611 820 σεαυτόν
1648 782 1748 834 μοι

219 856 624 927 προσοφείλεις.
663 854 774 909 Ναί
823 854 1071 924 ἀδελφέ.
1131 856 1277 923 Ἐγώ
1324 870 1441 910 σου
1491 857 1749 926 ὀναίμην

218 952 273 1004 ἐν
298 947 494 1016 Κυρίῳ,
529 946 891 1001 ἀνάπαυσόν
914 965 1033 1018 μου
1065 947 1138 1002 τὰ
1166 947 1494 1019 σπλάγχνα
1530 948 1599 1002 ἐν
1626 952 1747 1003 Κυ-

218 1043 319 1109 ρῖφ.

283 1129 478 1199 Ἐπειδὴ
530 1131 560 1183 ὁ
630 1129 920 1203 ’θνησιμος
991 1132 1100 1184 ἀπὸ
1156 1132 1469 1202 κακούργου
1522 1130 1784 1202 γνώμηςκ

220 1223 374 1291 ἔφυγε,
405 1221 769 1291 μεταστρέφει
799 1222 969 1291 αὐτὴν
998 1222 1163 1287 αὐτὸς
1197 1224 1290 1276 ἐπὶ
1328 1223 1390 1277 τὸ
1421 1223 1742 1292 ἀμφίσολον,

220 1314 277 1375 ὡς
297 1314 340 1364 εί
366 1307 531 1365 εἶπεν·
557 1313 711 1382 Τάχα
736 1313 845 1384 γὰρ
869 1314 989 1367 κατ’
1020 1316 1329 1386 οἰκονομίαν
1352 1316 1625 1385 ἔφυγεν.“‹
1652 1314 1751 1369 Διὰ

219 1403 345 1456 τοῦτο
389 1402 682 1475 ἐχωρίσθη.
748 1422 768 1456 ι
819 1405 1068 1478 Εὑφήμῳ
1116 1407 1377 1478 ὀνόματι,
1430 1408 1528 1478 τὴν
1572 1407 1751 1479 φυγὴν

219 1495 453 1563 χωρισμὸν
481 1491 662 1557 εἶπεν,
698 1495 784 1548 ἴνα
810 1496 885 1567 μὴ
907 1499 973 1568 τῇ
1003 1498 1193 1571 μνήμῃ
1220 1498 1320 1565 τῆς
1350 1501 1529 1569 φυγῆς
1582 1514 1752 1568 παρε-

219 1585 343 1655 γείρῃ
372 1584 456 1637 τὸν
479 1584 772 1656 δεσπότην.
812 1584 943 1641 Εἶτα
972 1589 1066 1640 καὶ
1090 1588 1182 1642 τὸν
1226 1590 1418 1659 χρόνον
1448 1591 1749 1659 συστέλλει,

219 1676 504 1729 καταπαύων
552 1675 653 1747 τὴν
706 1680 959 1751 ὀργὴν,ἢ
1010 1680 1148 1749 πρὸς
1184 1678 1334 1752 ὥραν
1366 1681 1521 1744 ἔτους
1577 1681 1748 1750 λέγει.

221 1765 360 1818 ιἰνα
389 1766 609 1820 αἰώνιον
653 1768 815 1821 αὑτὸν
871 1769 1103 1841 ἀπέχῃς.
1166 1789 1188 1824 s
1250 1770 1519 1841 Ἆπέχῃς,
1559 1772 1749 1843 ἦγουν,

226 1856 510 1927 ’Δπολάϐῃς.
575 1877 594 1909 ι
617 1859 758 1912 Ἀλλ’
796 1861 937 1932 ὑπὲρ
975 1861 1182 1915 δοῦλον.
1220 1880 1239 1914 ι
1278 1861 1442 1933 Ὁρᾷς
1483 1864 1566 1925 ἔτι
1614 1864 1751 1934 πρὸς

216 1946 354 1999 πολλὰ
378 1919 661 2019 ὠῷἐλησεν
700 1953 733 2022 ή
767 1919 955 2022 φυγίῇ
990 1953 1140 2007 ’Δντὶ
1192 1954 1305 2025 γὰρ
1342 1919 1504 2027 “ripae.
1546 1919 1749 2028 φυγῆς,
1779 1919 1828 1979 Β

215 2038 327 2106 ἔχεις
351 2039 504 2092 αὑτὸν
527 2039 771 2097 αίώνιον.
804 2044 971 2114 (Ὥρα
996 2045 1105 2114 γὰρ
1143 2045 1297 2115 μίαή
1327 2046 1478 2118 φυγὴ
1509 2047 1585 2111 ὡς
1615 2048 1752 2119 πρὸς

212 2123 283 2175 τὸν
327 2125 532 2197 αἰῶνα.)
571 2128 683 2182 Καὶ
736 2130 859 2183 ἀντὶ
909 2131 1098 2186 δούλου
1161 2134 1473 2205 ἀχρήστου,
1517 2136 1754 2210 χρηστὸν

216 2212 406 2282 ἀδελφὸν
433 2217 772 2288 ἀπείληφας.
806 2239 823 2271 ι
847 2221 1002 2292 Πόσῳ
1027 2224 1083 2277 δὲ
1117 2225 1317 2294 μᾶλλόν
1346 2244 1481 2280 σοι.»
1512 2229 1573 2281 Ei
1605 2230 1751 2299 ἐμοὶ,

216 2305 363 2375 πολλῷ
383 2308 587 2376 μᾶλλόν
612 2327 715 2373 σοι,
737 2314 830 2365 καὶ
852 2315 911 2364 ἐν
933 2318 1053 2380 ταῖς
1077 2321 1371 2386 κοσμικαῖς
1403 2320 1750 2391 ὑπηρεσίαις.

216 2398 355 2453 Τοῦτο
376 2402 481 2472 γὰρ
506 2399 595 2468 τὸ,
642 2404 727 2457 Ἐν
758 2406 941 2476 σαρκί.
971 2409 1079 2462 Καὶ
1100 2409 1158 2461 ἐν
1186 2413 1308 2474 ταῖς
1330 2415 1750 2482 πνευματικαῖς.

217 2489 357 2543 Τοῦτο
382 2494 486 2565 γὰρ
519 2498 606 2560 τὸ,
651 2496 739 2549 Ἐν
769 2499 981 2570 Κυρίῳ.
1012 2518 1031 2553 ι
1056 2502 1118 2554 Ei
1151 2497 1245 2557 οὖν
1275 2520 1341 2574 με
1382 2503 1525 2575 ἔχεις
1560 2523 1755 2560 κοινω-

216 2582 299 2635 νόν.
325 2602 343 2635 ι
371 2585 688 2652 Τουτέστιν,
719 2592 767 2642 εί
792 2590 859 2643 τὰ
894 2593 1036 2647 αὑτά
1058 2610 1149 2665 μοι
1178 2598 1399 2666 φρονεῖς
1423 2598 1514 2651 καὶ
1548 2596 1750 2668 βούλει.

220 2674 548 2745 ιΠροσλασοῦ
584 2680 748 2733 αὐτὸν
800 2682 875 2746 ὡς
902 2684 1023 2755 ἐμέ.
1061 2704 1080 2737 ι
1123 2687 1321 2755 Βαϐαὶ,
1360 2689 1455 2743 τοῦ
1489 2690 1754 2761 μεγέθους

216 2763 290 2816 τοῦ
313 2767 576 2836 ῥήματος.
613 2786 634 2820 ι
676 2770 738 2823 Ei
783 2770 842 2824 δέ
884 2790 936 2825 τι
967 2773 1201 2847 ἠδίκησέ
1237 2792 1321 2831 σε.
1355 2793 1373 2829 ι
1413 2778 1529 2831 Οὐκ
1560 2773 1749 2846 εἶπεν,

217 2851 481 2924 Ἔιὼψεν,
549 2858 670 2915 ἀλλ’
723 2862 1090 2937 ὑποτέμνεται
1138 2865 1199 2921 τὸ
1225 2866 1403 2940 ῥῆμα.
1462 2869 1751 2940 Ἦδῑκησεν

217 2948 342 3034 φησὶ,
371 2949 402 3021 ἢ
435 2953 664 3023 ὀφείλει.
705 2974 724 3008 ι
749 2956 920 3011 Τοῦτο
960 2958 1086 3029 ἐμοὶ
1116 2959 1348 3029 ἐλλόγει.
1379 2980 1399 3015 ι
1434 2958 1597 3026 Εἰκὸς
1642 2961 1751 3034 τὰρ

213 3033 265 3109 ἦν
299 3042 482 3109 αὐτοὺς
533 3048 917 3104 καταναλῶσαι
968 3052 1037 3106 τὰ
1094 3052 1406 3119 κλαπέντα,
1447 3054 1540 3108 καί
1593 3071 1748 3128 φησι,

214 3131 353 3188 Τοῦτο
380 3136 503 3206 ἐμοὶ
529 3137 762 3208 ὲλλόγει,
791 3143 1089 3210 τουτέστιν,
1116 3144 1243 3214 ἐμοὶ
1272 3144 1411 3199 αὐτὰ
1437 3145 1650 3214 λόγισαι
1671 3149 1752 3211 si;

1852 670 1983 724 mihi
2010 671 2233 739 imputo.
2265 668 2377 741 Ego
2414 668 2617 724 Paulus
2643 669 2832 738 scripsi
2854 685 2968 724 mea
2999 687 3180 738 manu,
3209 688 3303 742 ego
3330 672 3424 726 de-

1850 761 2073 830 pendam
2101 777 2120 816 :
2148 770 2207 814 ut
2231 778 2294 816 ne
2317 761 2491 815 dicam
2522 761 2618 815 tibi
2635 762 2775 832 quod
2804 762 3026 830 teipsum
3059 778 3261 834 quoque
3290 764 3421 817 mihi

1852 854 2065 923 insuper
2092 852 2269 908 debes.
2304 852 2408 908 Νιο
2443 853 2631 924 frater.
2666 851 2849 908 Fruar
2876 870 2968 925 ego
3006 864 3053 909 te
3086 856 3142 910 in
3171 855 3419 912 Domino.

1852 943 2112 1016 Refocilia
2145 962 2259 1002 mea
2283 947 2480 1002 viscera
2503 948 2557 1002 in
2585 947 2825 1002 Domina.

1923 1129 2089 1202 308
2134 1130 2404 1198 Quoniam
2437 1130 2730 1190 Onesimus
2768 1149 2934 1204 prava
2972 1144 3152 1190 mente
3188 1145 3423 1207 tugerat,

1854 1220 1971 1291 ipse
2019 1237 2135 1278 rem
2185 1223 2240 1276 in
2286 1222 2511 1279 dubium
2560 1233 2825 1293 revocat,
2874 1234 3133 1297 tanquam
3169 1228 3421 1287 diceret:

1855 1309 2110 1367 Forsitan
2144 1313 2555 1381 dispensatione
2585 1315 2819 1386 quadam
2848 1316 3009 1388 fugit.
3067 1336 3086 1371 ι
3130 1320 3428 1391 Propterea

1853 1405 2099 1461 secessit.
2139 1424 2157 1458 ι
2200 1405 2407 1461 Fausto
2450 1408 2675 1463 nomine
2706 1407 2888 1478 fugam
2920 1411 3213 1480 appellavit
3242 1428 3427 1471 seces-

1852 1496 2082 1563 sionem,
2104 1512 2170 1552 ne
2192 1496 2333 1553 facta
2366 1497 2507 1570 fugae
2540 1501 2815 1557 mentione
2842 1501 3130 1559 Dominum
3159 1507 3424 1566 irritaret.

1854 1588 2061 1645 Deinde
2090 1599 2373 1646 ooarctato
2408 1591 2571 1647 etiam
2606 1603 2848 1664 tempore
2876 1596 3096 1652 cohibet
3121 1597 3255 1654 iram
3282 1619 3301 1670 ;
3332 1609 3427 1656 aut

1856 1682 2044 1735 horam
2070 1683 2199 1738 dicit
2232 1698 2459 1740 annum.
2482 1704 2500 1737 ι
2532 1683 2604 1742 Ut
2634 1698 2893 1744 aeternum
2921 1705 3043 1744 eum
3072 1692 3363 1761 reciperes.
3403 1713 3422 1746 ι

1854 1771 1992 1829 Nam
2023 1775 2236 1847 ἀπέχῃς
2269 1777 2544 1848 significat
2571 1779 2618 1834 Α
2650 1779 2775 1852 fuga
2805 1781 3100 1852 reciperes.
3138 1801 3159 1836 ι
3195 1783 3300 1840 Sed
3334 1802 3430 1841 su-

1856 1878 1955 1934 pra
2010 1880 2254 1921 servum.
2289 1886 2309 1919 ι
2358 1867 2527 1926 Vides
2570 1871 2716 1939 quod
2757 1872 2826 1927 ad
2860 1874 3029 1928 multa
3069 1875 3223 1931 utilis
3259 1874 3428 1932 fuerit

1859 1954 2027 2026 fuga?
2054 1955 2158 2011 Pro
2191 1957 2326 2013 hora
2358 1959 2505 2015 enim
2536 1960 2677 2032 fugas
2699 1962 2869 2018 babes
2899 1952 3077 2035 ipsum
3104 1975 3426 2037 perpetuum

1858 2046 1878 2117 (
1908 2045 2071 2102 unica
2112 2064 2353 2121 namque
2392 2052 2526 2107 hora
2556 2061 2642 2109 est
2664 2052 2803 2125 fuga:
2833 2062 3045 2126 tempus
3074 2059 3120 2112 si
3156 2058 3223 2114 ad
3254 2073 3428 2115 saecu-

1856 2138 1968 2194 lum
1993 2138 2291 2212 conferas)
2341 2149 2395 2199 et
2426 2157 2527 2215 pro
2566 2160 2725 2201 servo
2760 2145 2941 2201 inutili
2976 2147 3162 2203 utilem
3204 2149 3427 2205 fratrem

1856 2233 2133 2302 recepisti.
2174 2251 2195 2285 ι
2233 2232 2449 2300 Quanto
2488 2243 2667 2291 autem
2707 2237 2879 2309 magis
2924 2238 3043 2293 tibi.
3088 2257 3107 2291 ι
3165 2236 3222 2293 Si
3267 2240 3426 2305 mihi,

1855 2324 2031 2379 multo
2073 2326 2245 2396 magis
2285 2327 2381 2383 tibi
2407 2336 2462 2382 et
2500 2327 2553 2382 in
2584 2327 2877 2384 mundanis
2907 2329 3266 2387 ministeriis:
3297 2346 3425 2386 nam

1857 2416 1962 2473 hoc
2005 2419 2300 2491 significat,
2344 2420 2404 2475 In
2450 2417 2647 2476 carne':
2678 2419 2809 2476 etin
2856 2420 3281 2491 spiritualibus:
3321 2421 3428 2477 hoc

1855 2509 2003 2565 enim
2054 2510 2325 2583 designat,
2362 2511 2422 2567 in
2474 2511 2726 2568 Domino.
2762 2527 2783 2563 ι
2821 2509 2880 2567 Si
2927 2512 3093 2583 igitur
3125 2527 3211 2569 me
3257 2511 3429 2569 habes

1856 2609 2188 2657 consortem.
2231 2622 2250 2655 ι
2294 2601 2407 2658 11οο
2449 2611 2556 2670 est,
2587 2603 2633 2659 si
2679 2603 2866 2659 eadem
2912 2619 3126 2661 mecum
3167 2606 3341 2662 sentis
3374 2613 3431 2662 et

1855 2700 2032 2763 aptas.
2064 2712 2082 2746 ι
2111 2690 2341 2766 Suscipe
2362 2695 2515 2750 illum
2539 2703 2798 2766 tanquam
2830 2711 2937 2752 me.
2967 2694 3187 2767 rPapae.
3221 2704 3425 2768 quanta

1856 2781 2011 2839 verbi
2054 2782 2311 2853 dignitas.
2360 2804 2379 2838 ι
2411 2784 2568 2853 Quod
2604 2786 2650 2842 si
2701 2786 2832 2857 quid
2868 2787 3053 2842 nocuit
3085 2787 3201 2844 tibi.
3241 2805 3260 2840 ι
3308 2786 3429 2843 Non

1854 2875 1993 2932 dixit
2026 2895 2039 2932 :
2075 2877 2316 2934 Furatus
2346 2887 2451 2945 est,
2486 2879 2583 2934 sed
2616 2877 2874 2934 diminuit
2913 2878 3164 2934 verbum.
3204 2878 3426 2943 Nocuit,

1854 2968 2060 3040 inquit,
2089 2970 2394 3033 aut.debet.
2430 2988 2449 3023 ι
2491 2969 2606 3025 Hoc
2640 2970 3025 3041 mihiimputa.
3057 2988 3074 3020 ι
3121 2968 3430 3028 Verisimile

1853 3061 1998 3119 enim
2026 3068 2146 3119 erat
2184 3061 2339 3134 ipsos
2380 3076 2491 3116 una
2524 3060 2939 3131 consumpsisse
2969 3073 3091 3130 quae
3117 3061 3262 3117 furto
3295 3060 3429 3117 sub-

1853 3150 1965 3207 lata
2007 3151 2248 3219 fuerant,
2292 3157 2345 3208 et
2375 3150 2520 3206 ‘aiL:
2571 3148 2686 3205 Hoc
2725 3148 2859 3203 mihi
2897 3148 3130 3219 imputa,
3175 3149 3280 3205 hoc
3320 3160 3429 3216 est.

214 3224 360 3320 pios,
385 3228 522 3299 πρὸς
573 3231 675 3300 ἐμὲ
725 3231 815 3304 ἔχε
851 3232 950 3306 τὴν
1003 3236 1251 3308 ὀφειλὴν.
1289 3257 1308 3290 ι
1337 3234 1493 3306 Ἐγὼ
1538 3238 1751 3303 Παῦλος

1860 3235 2066 3294 referas
2088 3237 2222 3291 mihi
2252 3237 2306 3291 in
2331 3237 2596 3301 debitum,
2613 3233 2902 3293 adversum
2931 3247 3018 3301 me
3039 3233 3238 3289 habeto
3259 3234 3425 3289 debiti

212 3312 410 3387 (γραψα.
439 3337 460 3372 ι
493 3321 654 3374 Μετὰ
685 3323 907 3394 χάριτος
959 3328 1337 3400 πνευματικῆς
1386 3329 1644 3401 ἔγραψεν,
1682 3330 1757 3394 ὡς

212 3406 393 3465 sitias.
443 3413 592 3483 Πρὸς
622 3413 680 3467 δὲ
729 3416 1031 3485 ἀσφάλειαν
1066 3419 1148 3471 ὅτι
1178 3419 1443 3474 ἀποδώσω
1477 3421 1538 3478 τὸ
1570 3421 1756 3494 χρέος,

214 3495 440 3572 ίδιόχειρα
471 3503 761 3571 πεποίηκα
801 3503 868 3559 τὰ
914 3508 1238 3578 γράμματα.
1285 3527 1303 3561 ι
1335 3509 1454 3563 Ἵνα
1505 3511 1581 3582 μὴ
1616 3512 1759 3581 λέγω

214 3592 278 3643 σοὶ
299 3593 373 3646 ὅτι
398 3597 494 3649 καὶ
523 3597 754 3650 σεαυτόν
786 3613 877 3669 μοι
900 3601 1298 3672 προσοφείλεις.
1327 3621 1345 3654 ι
1375 3604 1494 3659 Ἵνα
1523 3605 1600 3678 μὴ
1629 3605 1756 3679 δόξῃ

211 3680 344 3734 αὑτὸν
394 3684 643 3756 ὑϐρίζειν
693 3688 778 3741 ὅτι
843 3690 945 3744 οὐκ
1005 3690 1311 3764 ἐθάρρησεν
1363 3693 1503 3766 ὑπὲρ
1550 3695 1759 3767 κλοπῆς

212 3770 394 3826 οἰκέτου
424 3779 483 3829 ὲν
520 3778 809 3849 παρρησίᾳ
838 3779 1000 3834 αὐτὸν
1026 3783 1415 3855 παρακαλέσαι
1437 3784 1615 3856 (τοῦτο
1649 3785 1758 3857 γὰρ

212 3857 336 3929 ὠμόν
351 3880 470 3921 τινα
512 3867 724 3921 ἐδείκνυ
750 3870 842 3923 τὸν
877 3870 1203 3946 Φιλήμονα),
1230 3875 1501 3930 δείκνυσιν
1527 3876 1613 3931 ὅτι
1660 3877 1757 3931 καὶ⁵

213 3952 385 4024 CIV-594
418 3957 572 4028 αὐτῷ
611 3959 826 4032 θαρρεῖ.
856 3962 930 4018 Οὐ
965 3965 1127 4036 μόνον
1155 3966 1285 4038 γὰρ,
1316 3970 1472 4039 φησὶ,
1513 3969 1582 4023 τὰ
1629 3985 1760 4025 σαυ-

210 4042 308 4109 τοῦ,
331 4047 463 4101 ἀλλὰ
507 4050 604 4103 καὶ
639 4053 834 4107 σαυτόν
871 4071 964 4124 μοι
995 4056 1395 4126 προσοφείλεις.
1428 4075 1447 4109 ι
1467 4059 1575 4113 Ναὶ
1613 4058 1762 4114 ἀδελ-

211 4135 283 4201 οέ.
306 4156 325 4190 ι
352 4134 519 4194 Ἦλθε
576 4143 740 4199 πάλιν
770 4145 877 4199 ἀπὸ
903 4146 998 4201 τοῦ
1035 4148 1339 4219 χαρίεντος,
1369 4152 1451 4214 εἰς
1493 4150 1556 4204 τὸ
1593 4167 1760 4204 σπου-

210 4226 350 4287 δαῖον.
394 4234 523 4297 Ναὶ,
546 4236 761 4304 φησὶν,
803 4237 1021 4307 ἀδελφέ.
1057 4240 1154 4308 Τί;
1196 4242 1513 4314 Προσλαόοὖ
1570 4243 1759 4301 αὐτόν.

217 4320 338 4389 ἙΥώ
363 4341 476 4392 σου,
514 4330 702 4401 φησὶν,
733 4329 1101 4401 ἀπολαύσαιμι
1133 4332 1192 4386 ὲν
1221 4336 1334 4398 τοῖς
1356 4334 1500 4389 κατὰ
1525 4334 1763 4406 Χριστὸν

210 4416 521 4486 πράγμασιν.
562 4438 580 4472 ι
620 4420 762 4490 Ἐγώ
802 4439 897 4476 σου
927 4423 1213 4498 ὀναίμην.»
1248 4425 1399 4480 ’Δντὶ
1448 4426 1543 4481 τοῦ
1592 4426 1761 4482 Ἀπο-

207 4504 445 4580 λαύσαιμί
467 4529 561 4566 σου
594 4512 703 4567 τῶν
731 4516 789 4567 ὲν
822 4516 1044 4589 Χριστῷ
1068 4517 1534 4591 κατορθωμάτων.
1559 4520 1756 4592 Ἵδοιμί

211 4615 257 4651 σε
277 4602 602 4660 πλουτοῦντα
630 4610 690 4660 ἐν
730 4608 905 4662 ἅπασι
935 4611 1050 4673 τοῖς
1080 4614 1473 4683 πνευματικοῖς
1508 4613 1754 4682 ἀγαθοῖς.

214 4694 570 4752 ι’Δνάπαυσόν
606 4716 708 4769 μου
761 4701 831 4754 τὰ
863 4702 1170 4772 σπλάγχνα.
1199 4722 1218 4756 ι
1254 4703 1593 4759 ’Λνάπαυσόν
1629 4723 1755 4779 μου,

211 4786 341 4853 nsi,
372 4788 617 4861 τὴνπερὶ
640 4790 700 4842 σὲ
733 4790 955 4862 ἀγάπην
986 4792 1075 4847 διὰ
1101 4793 1192 4847 τὸν
1215 4794 1476 4865 Χριστόν.

1861 3326 2154 3383 actionem.
2191 3344 2208 3378 ι
2241 3326 2355 3399 Ego
2383 3326 2588 3383 Paulus
2619 3326 2851 3398 scripsi.
2880 3342 2899 3378 ι
2937 3324 3283 3397 ςυιηετοιίο
3312 3323 3430 3399 spi-

1859 3411 2046 3468 rituali
2074 3413 2318 3481 scripsit,
2360 3428 2426 3468 ac
2449 3415 2496 3469 si
2528 3413 2774 3469 diceret:
2802 3412 2881 3467 Ad
2915 3412 3261 3468 securitatem
3283 3411 3431 3484 quod

1860 3503 2176 3563 redditurus
2205 3507 2309 3563 sim
2343 3504 2611 3570 debitum,
2646 3505 2868 3576 propria
2905 3519 3073 3559 manu
3105 3504 3206 3560 has
3234 3506 3434 3574 scripsi

1860 3594 2072 3651 litteras
2096 3606 2353 3668 tanquam
2383 3596 2750 3668 syngrapham
2775 3608 2973 3650 meam.
3008 3612 3026 3646 ι
3062 3592 3129 3649 Ut
3161 3608 3228 3649 ne
3254 3594 3432 3649 dicam

1861 3687 1961 3743 tibi
1991 3688 2136 3758 quod
2175 3691 2405 3759 teipsum
2446 3703 2664 3760 quoque
2708 3686 2841 3742 mihi
2877 3685 3100 3757 insuper
3148 3685 3366 3741 debeas.
3408 3704 3428 3737 ι

1858 3779 1939 3838 Ne
1971 3781 2219 3837 videatur
2253 3781 2478 3855 indigne
2513 3781 2581 3837 de
2612 3781 2707 3837 illo
2745 3779 2973 3845 sentire,
3008 3778 3155 3845 quod
3189 3794 3298 3834 non
3332 3794 3435 3834 au-

1860 3873 1988 3930 deat
2024 3875 2194 3932 libere
2233 3874 2412 3947 ipsum
2461 3876 2672 3947 precari
2719 3874 2788 3930 de
2833 3873 3158 3930 remissione
3196 3863 3329 3930 furti
3366 3874 3438 3930 ab

1862 3967 2039 4038 ipsius
2056 3982 2214 4024 servo
2231 3965 2511 4024 commissi
2543 3965 2695 4038 (nam
2726 3966 2832 4022 hoc
2858 3966 3136 4022 crudelem
3162 3965 3441 4037 quodam-

1862 4059 2028 4114 modo
2078 4059 2484 4114 demonstraret
2524 4054 2943 4128 Philemonem),
2994 4057 3238 4112 ostendit
3287 4057 3438 4128 quod

1864 4150 2215 4206 vehementer
2256 4149 2326 4205 de
2370 4148 2491 4219 ipso
2530 4146 2790 4203 confidat.
2833 4145 2954 4201 Non
2987 4145 3190 4212 solum,
3235 4144 3438 4216 inquit,

1864 4256 1987 4315 quae
2022 4252 2112 4298 tua
2147 4250 2299 4308 sunt,
2337 4240 2432 4297 sed
2466 4249 2519 4296 et
2552 4240 2787 4310 teipsum
2828 4236 2965 4293 mihi
2995 4237 3220 4308 insuper
3247 4236 3437 4292 debes.

1870 4354 1888 4389 ι
1925 4333 2021 4392 Na:
2057 4334 2252 4393 frater.
2291 4352 2311 4387 ι
2345 4333 2586 4390 Rursum
2633 4332 2705 4388 ab
2735 4347 2801 4388 eo
2831 4331 2977 4403 quod
3023 4330 3324 4402 gratiosum
3355 4340 3442 4387 est

1866 4428 2079 4486 accedit
2097 4426 2165 4484 ad
2183 4426 2239 4483 id
2255 4427 2401 4499 quod
2433 4427 2637 4484 serium
2673 4436 2781 4482 est.
2817 4423 2961 4491 «Nae,
2987 4423 3187 4494 inquit,
3215 4423 3435 4479 frater.»

1867 4521 2046 4589 Quid?
2082 4519 2317 4591 Suscipe
2342 4520 2544 4591 ipsum.
2574 4517 2801 4589 Capiam
2836 4532 2903 4573 ex
2931 4522 2986 4573 te
3010 4509 3358 4573 commodum
3384 4515 3441 4570 in

1793 4592 1835 4648 θ
1863 4615 2026 4671 rebus
2058 4628 2181 4682 quae
2219 4611 2524 4670 secundum
2558 4609 2838 4666 Christum
2882 4618 3033 4664 sunt.
3072 4626 3091 4660 ι
3134 4608 3311 4662 Fruar
3338 4622 3441 4677 ego

1863 4716 1938 4764 te.
1970 4726 1991 4759 ι
2049 4705 2166 4762 Hoc
2203 4712 2312 4773 est,
2360 4704 2600 4760 delecter
2644 4704 2755 4758 tuis
2799 4702 3076 4771 praeclaris
3114 4700 3169 4755 in
3212 4699 3443 4756 Domino

1862 4799 2145 4871 operibus.
2177 4797 2402 4854 Videam
2432 4809 2536 4866 ego
2573 4802 2628 4849 te
2666 4793 3024 4849 ditesceutem
3056 4792 3313 4847 omnibus
3341 4791 3443 4846 bo-

213 4878 289 4934 nis
318 4882 716 4950 spiritualibus.
754 4904 773 4937 ι
821 4883 1086 4940 Refocilla
1122 4901 1242 4941 mea
1274 4885 1508 4945 viscera.
1548 4906 1568 4941 ι
1643 4886 1936 4957 Refucilla,
1988 4890 2204 4961 inquit,
2256 4902 2431 4943 meam
2512 4900 2641 4957 erga
2717 4893 2772 4940 te
2810 4884 3161 4939 dilectionem
3221 4891 3444 4957 propter

207 4969 464 5029 Christum
502 4992 518 5030 :
565 4990 676 5031 non
710 4975 867 5043 mihi,
914 4977 1012 5044 ait,
1047 4978 1281 5050 gratiam
1322 4988 1613 5051 prastans,
1664 4982 1761 5037 sed
1798 4982 2046 5038 Christo.

267 5072 558 5138 Πεποιθὼς
600 5071 677 5140 τῇ
722 5073 969 5142 ὑπακοῇ
1010 5089 1127 5129 σου
1158 5075 1395 5144 ἔγραψά
1433 5091 1557 5140 σοι,
1593 5075 1766 5143 sitim;

207 5157 281 5213 ἱτι
307 5162 400 5217 καὶ
434 5165 581 5234 ὑπὲρ
607 5164 640 5219 ὃ
674 5165 833 5235 λέγω
861 5167 1165 5234 ποιήσεις.
1194 5168 1349 5235 Ἅμα
1390 5167 1459 5221 δὲ
1489 5169 1589 5225 καί
1612 5169 1763 5225 ἑτοί-

201 5252 327 5318 μαζέ
348 5273 450 5326 μοι
479 5258 708 5322 ξενίαν.
746 5258 992 5319 Ἐλπίζω
1034 5258 1143 5329 γὰρ
1170 5259 1257 5312 ὅτι
1288 5259 1386 5313 διὰ
1416 5258 1536 5314 τῶν
1573 5277 1764 5329 προσ-

204 5347 384 5416 ευχῶν
432 5350 594 5420 ὑμῶν
652 5350 1098 5422 χαρισθήσομαι
1144 5351 1308 5422 ὑμῖν.
1373 5351 1767 5415 Ἀσπάζονται

203 5453 268 5492 σε
300 5438 601 5513 Ἐπαφρᾶς
658 5448 691 5499 ό
738 5443 1238 5515 συναιχμάλωτός
1281 5462 1402 5514 μου
1430 5446 1503 5500 ἐν
1532 5446 1763 5515 Χριστῷ

214 5529 431 5599 Ἰησοῦ,
476 5535 737 5606 Μάρκος.
780 5538 1186 5607 Ἀρίσταρχος,
1232 5536 1452 5606 Δημᾶς,
1502 5538 1762 5605 Λουκᾶς,

203 5625 251 5675 οι
301 5630 582 5697 συνεργοί
643 5645 782 5697 μου.
825 5629 897 5684 ἰι
947 5630 1113 5699 χάρις
1162 5628 1269 5683 τοῦ
1325 5629 1548 5697 Κυρίου
1594 5627 1764 5697 ἡμῶν

206 5714 403 5783 Ἰησοῦ
454 5722 710 5791 Χριστοῦ
778 5724 928 5791 μετὰ
1000 5722 1106 5777 τοῦ
1162 5723 1503 5791 πνεύματος
1571 5719 1758 5790 ὑμῶν.

218 5809 408 5878 Ἀμην.

274 5920 291 5954 ι
329 5906 621 5971 Emathii»;
658 5924 675 5959 ι
711 5906 824 5962 οὐκ
857 5907 1002 5978 ἐμοὶ,
1033 5909 1199 5977 φησὶ,
1233 5907 1329 5979 τὴν
1372 5915 1535 5979 χάριν
1578 5904 1756 5971 δίδως,

1940 5078 2108 5150 309
2147 5076 2304 5132 Vers.
2353 5074 2554 5131 21-25.
2610 5073 2858 5143 Conﬁsus
2907 5073 2972 5128 de
3011 5083 3104 5127 tua
3145 5073 3447 5129 obedientia

1864 5170 2053 5238 scripsi
2069 5169 2186 5232 tibi,
2204 5168 2374 5223 sciens
2392 5166 2707 5237 quodetiam
2732 5166 2876 5220 ultra
2890 5181 3049 5236 quam
3070 5166 3187 5220 dico
3203 5165 3446 5236 facturus

1863 5263 1957 5316 sis.
1975 5258 2149 5318 Simul
2165 5269 2341 5314 autent
2369 5260 2526 5312 etiam
2546 5272 2793 5327 pra'para
2813 5256 2941 5311 mihi
2952 5256 3234 5327 hospitium
3246 5296 3259 5310 .
3276 5254 3443 5326 Spera

1865 5354 2003 5408 enim
2031 5352 2169 5424 quod
2207 5351 2413 5407 auxilio
2443 5366 2653 5422 precum
2691 5359 2987 5404 vestrarum
3015 5347 3256 5403 donabor
3276 5346 3442 5402 vobis.

1870 5444 2125 5501 Salutant
2169 5453 2217 5498 te
2256 5442 2537 5514 Epaphras
2577 5441 2913 5509 concaptivus
2952 5455 3096 5494 meus
3132 5441 3187 5493 in
3228 5437 3445 5495 Christo

1863 5537 2036 5600 Iesu;
2067 5535 2305 5599 Marcus,
2337 5534 2700 5592 Aristarchus.
2724 5532 2936 5598 Demos,
2967 5530 3138 5585 Lucas
3171 5530 3442 5594 adiutores

1866 5630 1986 5682 mei.
2024 5626 2215 5682 Gratia
2248 5626 2461 5686 Domini
2486 5629 2658 5680 nostri
2681 5623 2811 5680 Jesu
2851 5622 3052 5678 Christi
3082 5623 3149 5675 sit
3184 5635 3301 5674 cum
3335 5622 3445 5690 spi-

1867 5720 1973 5772 ri:u
2006 5729 2196 5773 vestro.
2229 5720 2413 5772 Amen.

1955 5923 1971 5955 ι
2009 5901 2285 5958 Confisus.
2330 5920 2346 5954 ι
2384 5901 2503 5955 Non
2527 5900 2680 5966 mihi,
2712 5900 2907 5970 inquit,
2941 5899 3042 5955 hoc
3068 5905 3281 5968 gratum
3301 5894 3443 5954 facis
