3988 6596
237 398 325 460 2⁸13
1199 388 1584 462 COMMENT.
1617 400 1699 462 IN
1735 393 1796 462 Ε]

1902 389 1973 461 νΤ.
2015 391 2115 462 AD
2151 397 2446 462 PiliLEM
3343 397 3448 464 974

237 508 356 561 πᾶσι
380 506 490 568 τοῖς
537 505 740 572 ἔθνεσι,
783 508 988 579 γράφει
1022 527 1208 564 Ασιπον
1241 511 1338 564 καὶ
1369 510 1468 580 τὴν
1510 513 1575 565 ἐκ
1628 527 1784 584 περι-

1902 511 2226 582 scripsisset.
2266 512 2510 568 Hebraeis
2551 515 2771 582 quoque
2815 510 2910 582 qui
2945 525 3013 567 ex
3047 510 3475 567 circumcisione

233 599 386 668 τομῆς
439 597 796 653 πιστεύσασιν
849 601 1118 673 ⁹ιιέϐραίοις
1153 604 1538 675 ἀποδεικτικὴν
1581 605 1788 675 ταύτην

1902 603 2242 672 crediderant
2305 613 2499 674 postea
2559 602 2752 660 scribit
2809 599 2949 658 hanc
2997 617 3108 675 qua
3141 607 3237 659 eo's
3283 603 3479 658 doceat

234 689 525 760 ἐπιστολὴν,
565 694 692 762 περὶ
717 693 817 763 τῆς
849 693 945 747 τοῦ
981 695 1216 766 Χριστοῦ
1247 697 1552 767 παρουσίας
1569 699 1664 753 καὶ
1694 699 1788 752 τοῦ

1902 695 2220 766 Epi'stoiam,
2251 711 2359 767 qua
2400 695 2682 752 ChriStum
2737 694 2983 751 declarat
3013 697 3254 762 venisse,
3279 703 3332 751 ct
3353 712 3477 749 um-

233 782 524 838 πεπαῦσθαι
563 785 663 856 τὴν
708 789 871 841 σκιὰν
917 780 1014 842 τοῦ
1060 790 1252 859 νόμου.
1287 793 1398 845 Καὶ
1440 792 1658 863 πρῶτον
1690 791 1791 862 μὲν

1902 789 2049 844 bram
2066 789 2206 860 legis
2225 795 2506 846 cessasse.
2530 788 2597 843 Et
2625 788 2863 859 primum
2892 785 3110 858 quidem
3131 786 3477 842 demonstrat

235 877 566 929 ἀποδείκνυσι
595 879 722 943 τοὺς
767 882 1058 951 προφήτας
1091 882 1180 935 διὰ
1225 883 1386 937 τοῦτο
1431 886 1790 951 ἀπεστάλθαι,

237 969 308 1020 ἵνα
335 985 392 1019 πε
404 969 455 1036 pl.
483 969 579 1021 τοῦ
608 971 860 1041 Σωτῆρος
885 975 1288 1042 ἀπαγγείλωσι,
1321 978 1418 1030 καὶ
1448 977 1568 1047 μετ’
1594 977 1793 1040 αὐτοὺς

236 1061 377 1122 αὐτὸς
430 1061 585 1132 ἔλθῃ,
623 1064 844 1130 δούλους
896 1084 956 1120 τε
998 1064 1138 1122 εἶναι
1187 1069 1314 1133 τοὺς
1356 1072 1649 1140 προφήτας
1699 1070 1796 1124 καὶ

241 1153 458 1222 μηνυτὰς
495 1156 598 1224 τῆς
625 1158 789 1210 αὐτοῦ
822 1160 1146 1227 παρουσίας,
1171 1161 1335 1215 αὐτὸν
1366 1162 1423 1216 δὲ
1446 1161 1535 1215 τὸν
1558 1163 1600 1215 Χ
1611 1161 1794 1232 ριστὸν

239 1247 344 1297 Υίὲν
393 1239 534 1299 εἶναι
567 1249 729 1310 Θεοῦ.
769 1250 836 1305 δι’
878 1239 940 1304 οἶδ
992 1252 1058 1305 τὰ
1099 1254 1278 1307 πάντα
1310 1256 1565 1323 γέγονεοι
1591 1255 1686 1308 καὶ
1713 1255 1796 1310 δτι

236 1339 398 1392 τοῦτον
420 1342 509 1393 τὸν
543 1342 673 1397 Υῑὸν
700 1345 807 1398 ἔδει
833 1346 1122 1418 ἄνθρωπον
1159 1349 1434 1416 γενέσθαι,
1462 1350 1550 1405 ῖνα
1582 1351 1670 1404 διὰ
1694 1351 1797 1422 τῆς

238 1431 312 1483 τοῦ
344 1431 601 1500 σώματος
635 1437 801 1490 αὑτοῦ
831 1437 1023 1502 θυσίας
1055 1442 1382 1514 καταργήσῃ
1415 1442 1508 1496 τὸν
1541 1442 1793 1500 θάνατον.

241 1523 298 1575 03
319 1524 420 1591 γὰρ
455 1524 524 1577 δι’
569 1527 803 1610 αἵματος
841 1531 1042 1602 μόσχου
1073 1531 1106 1604 ἢ
1151 1533 1378 1604 τράγου,
1411 1533 1552 1588 ἀλλὰ
1603 1534 1671 1588 δι’
1709 1535 1798 1589 αἴ-

245 1632 389 1679 ματος
418 1617 688 1685 Χριστοῦ,
721 1621 940 1676 ἔσεσθαι
968 1627 1080 1689 τοῖς
1125 1626 1436 1696 ἀνθρώποις
1481 1628 1581 1700 τὴν
1617 1646 1796 1698 σωτη-

241 1705 361 1774 ρίαν.
392 1709 774 1765 Ἀποδείκνυσι
800 1714 856 1766 δὲ
886 1714 1022 1768 ὅτιὸ
1049 1717 1213 1785 νόμος
1237 1719 1427 1771 ούδὲνα
1455 1719 1795 1787 ἐτελείωσεν,

1893 891 2184 952 propterea
2215 882 2420 938 missos
2443 883 2610 938 luisse
2646 880 2942 952 prephctas
2979 889 3030 934 et
3057 881 3476 936 annuntiatores

1895 972 2162 1026 adventus
2195 972 2392 1042 ipsius,
2442 973 2620 1044 iptum
2667 979 2804 1028 vero
2853 971 3142 1028 Christum
3195 986 3318 1027 esse
3380 970 3473 1026 Dei

1893 1061 2125 1128 Filium,
2149 1079 2248 1134 per
2269 1079 2431 1134 quem
2455 1065 2643 1120 omnia
2671 1063 2818 1120 facta
2850 1073 3001 1121 sunt.
3030 1062 3296 1133 Quodque
3331 1061 3479 1118 hunc

1895 1152 2100 1210 Filium
2153 1155 2403 1226 oportuit
2461 1157 2604 1211 tieri‘
2636 1156 2946 1224 hominem,
2979 1164 3040 1211 ut
3086 1171 3186 1226 per
3235 1154 3476 1210 hostiam

1896 1247 2152 1318 corporis
2204 1248 2291 1304 sui
2354 1248 2563 1305 deleret
2620 1257 2876 1305 mortem.
2936 1247 3126 1318 Neque
3181 1248 3329 1305 enim
3378 1262 3481 1317 per

1896 1343 2227 1412 sanguinem
2260 1342 2418 1397 vituli
2475 1351 2571 1398 aut
2631 1343 2796 1406 hirci,
2849 1341 2946 1399 sed
2975 1357 3073 1413 per
3112 1341 3320 1397 Christi
3345 1355 3480 1397 san-

1895 1437 2115 1508 guinem
2159 1435 2347 1492 iutura
2402 1446 2524 1492 erat
2554 1438 2816 1492 omnibus
2870 1437 3044 1493 salus.
3095 1435 3351 1492 Ostendit
3377 1449 3480 1491 au-

1897 1540 2003 1584 tem
2040 1529 2187 1601 quod
2225 1531 2639 1586 lex‘neminem
2697 1531 3012 1601 perfecerit,
3072 1529 3168 1586 sed
3225 1530 3477 1586 umbram

1897 1619 2138 1676 habebat
2166 1621 2479 1676 futurorum
2537 1622 2830 1678 bonorum.
2864 1624 3026 1694 312
3069 1621 3181 1678 Nec
3211 1622 3482 1691 requievit

1897 1716 2135 1783 populus
2166 1711 2454 1781 Judaicus,
2485 1715 2585 1771 sed
2637 1717 3006 1770 communiter
3029 1714 3289 1770 omnibus
3317 1714 3480 1770 nobis

237 1797 349 1851 ἀλλὰ
389 1802 551 1853 σκιάν
604 1798 718 1874 εἶχε
771 1805 883 1858 τῶν
925 1807 1232 1877 μελλόντων
1283 1809 1530 1877 ἀγαθῶν,
1580 1812 1676 1866 καὶ
1733 1813 1796 1865 ού

1903 1803 2136 1862 relictus
2205 1815 2293 1860 est
2361 1807 2478 1861 dies
2528 1807 2750 1877 quietis.
2806 1805 3077 1861 Prmterea
3140 1803 3483 1860 demonstrat

239 1891 567 1948 κατέπαυσεν
613 1873 821 1963 ἀλαὸς,
852 1873 989 1953 ἀλλά
1021 1901 1174 1972 κοινὴ
1215 1873 1383 1956 πᾶσιν
1423 1905 1555 1974 ἡμῖν
1598 1904 1796 1958 ἀπολέ-

1902 1899 2067 1954 etiam
2120 1899 2267 1970 quod
2323 1873 2670 1956 sacerdotale
2726 1899 3100 1956 ministerium
3171 1898 3240 1952 ab
3299 1897 3478 1952 Aaron

238 1981 430 2038 λειπται
455 1989 650 2060 ἡμέρα
680 1991 781 2060 τῆς
821 1995 1243 2060 καταπαύσεως.
1277 1996 1447 2049 Πάλιν
1482 1997 1540 2050 δὲ
1577 1998 1800 2051 ἀποδείξ-

240 2090 404 2127 κνυσιν
430 2077 513 2130 ὅτι
557 2082 591 2148 ἡ
622 2084 983 2156 ἀρχιερατικὴ
1033 2085 1346 2158 λειτουργία
1393 2089 1656 2160 μετετέθη
1691 2090 1801 2144 ἀπὸ

249 2165 432 2234 Ἀαρὼν
453 2171 539 2233 εἰς
571 2172 666 2223 τὸν
693 2171 950 2244 Χριστὸν,
991 2172 1051 2232 οὗ
1083 2180 1252 2243 τύπος
1289 2176 1357 2250 ἦν
1382 2182 1410 2233 ὁ
1440 2181 1798 2252 Μελχισεδὲκ,

237 2253 319 2310 οὐκ
359 2258 430 2313 ὢν
479 2263 548 2316 ὲκ
579 2263 672 2318 τοῦ
720 2266 869 2321 Aeni.
925 2270 1116 2325 Πίστει
1153 2271 1209 2325 δὲ
1255 2272 1632 2328 δεδικαιῶσθαι
1674 2275 1802 2338 τοὺς

240 2353 456 2421 πατέρας
494 2360 780 2427 σημαίνει,
819 2363 911 2415 καὶ
951 2365 1053 2417 οὐκ
1107 2365 1167 2430 ἐξ
1214 2365 1394 2437 ἔργων
1443 2367 1630 2437 νόμου.
1667 2363 1801 2420 Εἶτα

241 2444 379 2496 πάλιν
408 2447 490 2511 είς
519 2451 590 2501 τά
630 2449 737 2522 ἢθη
771 2455 1224 2526 προτρεψάμενος
1272 2459 1363 2512 καὶ
1414 2457 1664 2524 τούτους,
1705 2461 1802 2512 καὶ

240 2535 632 2607 ἀποδεξάμενος
664 2542 844 2597 αὐτῶν
874 2545 972 2615 τὴν
997 2547 1084 2600 διὰ
1116 2549 1350 2618 Χριστὸν
1378 2550 1676 2620 ὑπομονὴν,
1707 2551 1802 2604 κα)⁸

246 2627 414 2693 πείσας
449 2635 625 2704 τιμᾷν
649 2637 776 2700 τοὺς
811 2639 1242 2712 πρεσϐυτέρους,
1274 2642 1474 2697 τελειοῖ
1507 2644 1604 2716 τὴν
1648 2645 1802 2697 Ἐπι-

245 2718 436 2790 στολήν.

705 2811 1040 2876 ΥΠοΘεΣιΣ
1081 2825 1324 2881 ETEPA.

299 2929 433 2998 Πρὸς
493 2931 784 3005 Ἐϐραίους
828 2934 1139 3009 Ἐπιστολὴ,
1191 2939 1340 2992 δοκεῖ
1377 2936 1474 3010 μὲν
1513 2941 1615 2993 οὐκ
1659 2935 1801 2994 εἶναι

243 3017 457 3085 Παύλου,
486 3023 581 3075 διά
616 3040 676 3076 τε
709 3025 802 3078 τὸν
833 3031 1180 3098 χαρακτῆρα,
1216 3031 1310 3083 καὶ
1345 3030 1404 3084 τὸ
1437 3030 1512 3101 μὴ
1553 3034 1801 3103 προγράο

245 3125 345 3177 φειν
371 3113 450 3176 ὡς
479 3115 542 3167 ὲν
571 3117 814 3182 ἀπάσαις
841 3120 961 3182 ταῖς
989 3120 1178 3186 ἄλλαις
1215 3124 1578 3190 Ἐπιστολαῖς,
1611 3128 1706 3182 καὶ
1739 3129 1801 3182 to

1901 1991 2232 2046 translatum
2286 1993 2357 2046 sit
2405 1993 2461 2046 in
2505 1992 2785 2049 Christum
2833 2011 2846 2047 :
2911 1992 3072 2062 cujus
3137 1991 3308 2062 ﬁgura
3362 1995 3484 2045 erat

1906 2079 2328 2147 Melchisedech,
2371 2082 2466 2153 qui
2500 2099 2608 2138 non
2676 2083 3039 2138 descenderat
3068 2090 3134 2138 e'x
3168 2082 3321 2136 Levi.
3349 2079 3484 2134 Fide

1900 2189 2122 2244 quoque
2150 2174 2487 2243 justiﬁeatos
2547 2176 2719 2231 fuisse
2749 2185 2936 2246 patres
2965 2176 3334 2246 significat,ct
3363 2187 3480 2227 non

1901 2281 1966 2320 ex
1996 2267 2257 2336 operibus
2293 2268 2453 2338 legis.
2490 2266 2695 2324 Deinde
2729 2267 2820 2323 ubi
2879 2268 2979 2324 hos
3001 2269 3166 2323 etiam
3214 2267 3282 2321 ad
3308 2267 3482 2321 honos

1901 2372 2087 2415 mores
2119 2359 2445 2415 exhortatus
2471 2367 2580 2424 est,
2629 2368 2683 2415 et
2709 2359 3112 2415 commendavit
3133 2357 3480 2413 tolerantiam

1900 2448 2146 2520 ipsorum
2177 2458 2402 2520 pr0pter
2426 2450 2731 2516 Christum,
2778 2451 3061 2522 suasitque
3085 2459 3144 2505 ut
3169 2449 3481 2506 senioribus

1899 2538 2177 2598 deferrent
2210 2542 2501 2609 honorem,
2536 2544 2818 2599 concludit
2842 2543 3164 2616 Epistulam.

2303 2821 2516 2878 ALlUD
2559 2820 3077 2878 ARGUMENTUM.

1973 2931 2219 3002 Epistola
2251 2934 2319 2988 ad
2381 2933 2646 2990 Hebraeos
2708 2933 2926 2988 videtur
2967 2934 3190 3003 quidem
3226 2935 3336 2986 non
3362 2933 3484 2987 esse

1901 3023 2079 3090 Pauli,
2109 3033 2225 3080 tum
2254 3035 2482 3096 propter
2525 3027 2802 3082 scribendi
2839 3025 3162 3086 dictionem.
3193 3033 3305 3079 tum
3333 3026 3481 3096 quod

1903 3127 2065 3170 suum
2120 3129 2229 3170 non
2292 3117 2593 3186 praeﬂsei‘it
2644 3127 2866 3185 nomen,
2921 3115 3381 3188 quemadmodum
3426 3118 3481 3171 in

245 3202 423 3272 λέγειν,
457 3227 475 3259 ι
506 3208 635 3272 Πῶς
676 3211 839 3280 ἡμεῖς
866 3213 1263 3286 ὲκφευξὼμεθα
1291 3217 1630 3290 τηλικαύτης
1661 3221 1796 3289 ἀμε-

1903 3209 2117 3264 cteteris
2143 3209 2404 3264 omnibus
2435 3209 2701 3279 Epistolis
2727 3230 2739 3265 :
2768 3219 2880 3265 tum
2906 3209 3049 3281 quod
3085 3212 3230 3266 dicat
3253 3226 3299 3266 ει
3333 3209 3484 3276 Quo-

243 3295 488 3365 λήσαντες
517 3305 818 3373 σωτηρίας,
861 3307 894 3377 ἦ
926 3324 1011 3370 τις
1041 3308 1188 3380 ἀρχὴ
1239 3310 1482 3365 λαϐοῦσα
1521 3313 1798 3368 λαλεῖσθαι

245 3391 333 3442 ὑπὸ
352 3391 440 3445 τοῦ
476 3394 692 3464 Κυρίου
732 3397 821 3450 διὰ
849 3399 958 3451 τῶν
986 3401 1337 3454 ἀκουσάντων
1368 3405 1445 3465 είς
1498 3405 1645 3474 ἡμᾶς
1676 3405 1800 3459 £63-

243 3481 450 3554 ϐαιώθη,
481 3489 1092 3560 συνεπιμαρτυροῦντος
1124 3493 1219 3545 τοῦ
1252 3494 1389 3547 Θεοῦ
1426 3502 1672 3567 σημείοις
1702 3499 1798 3553 καὶ

243 3570 430 3640 τέρασι.
465 3593 484 3626 ι
519 3575 631 3628 Τοῦ
669 3577 772 3646 μὲν
804 3578 896 3632 οῦν
920 3580 1184 3651 ἠλλάχθαι
1211 3583 1304 3637 τον
1343 3587 1669 3658 χαρακτῆρα
1696 3591 1796 3658 τῆς

255 3662 576 3737 Ἐπιστολῆς,
600 3671 812 3738 φανερὰ
838 3673 871 3742 ἡ
901 3672 1071 3727 αἰτία.
1091 3674 1133 3726 Π
1144 3673 1233 3744 ρδς
1257 3675 1367 3746 γὰρ
1405 3677 1696 3751 Ἐϐραίους
1729 3687 1795 3756 τῇ

247 3757 379 3822 σφῶν
411 3759 680 3830 διαλέκτῳ
707 3767 999 3832 γραφεῖσα,
1032 3763 1260 3836 ὕστερον
1287 3764 1797 3844 μεθερμηνευθῆναι

245 3844 463 3916 λέγεται,
497 3852 574 3916 ὡς
621 3853 721 3922 μέν
754 3872 898 3917 τινες
933 3855 1036 3909 ὑπὸ
1067 3857 1271 3924 Λουκά,
1324 3860 1400 3924 ὡς
1427 3862 1486 3915 δὲ
1525 3865 1574 3916 οἱ
1613 3866 1797 3922 πολλοὶ

249 3937 338 3992 ὑπὸ
363 3941 695 4010 Κλήμεντος.
735 3941 937 4000 Τούτου
978 3949 1087 4020 γὰρ
1142 3951 1236 4004 καὶ
1295 3952 1456 4018 σώζει
1485 3957 1576 4010 τὸν
1621 3972 1797 4030 χαρα-

249 4031 545 4122 κτῆρα.Τοῦ
559 4037 615 4090 δὲ
637 4038 711 4106 μὴ
731 4041 1067 4109 προγράφειν
1077 4043 1176 4113 τὴν
1201 4042 1519 4116 Ἐπιστολὴν
1537 4048 1796 4122 τοῦνομα,

249 4119 399 4215 αἴτιον
429 4129 461 4197 ὴ
492 4128 803 4184 ἀκολουθία.
849 4133 1170 4199 ’Δπόστολος
1197 4137 1306 4208 γὰρ
1341 4140 1510 4194 ἐθνῶν
1545 4119 1796 4215 ὑπῆρχεν

247 4212 272 4263 ὁ
305 4214 524 4283 Παῦλος,
551 4219 668 4273 ἀλλ’
717 4223 836 4291 οὐχὶ
875 4223 1184 4290 Ἰουδαίων,
1231 4227 1354 4279 ἐπεὶ
1390 4228 1571 4293 δεξιάς
1623 4212 1795 4287 ἔδωκε

246 4302 314 4372 τῷ
341 4306 525 4378 Πέτρῳ
562 4311 658 4362 καὶ
690 4313 802 4375 τοῖς
823 4313 1143 4377 ἀποστόλοις
1170 4316 1482 4383 κοινωνίας,
1517 4319 1603 4372 ἵνα
1633 4322 1795 4381 αὐτὸς

250 4394 335 4461 μὲν
364 4400 453 4450 σὺν
481 4393 734 4472 Βαρνάϐᾳ
765 4404 844 4466 εἰς
865 4402 933 4456 τά
953 4400 1107 4476 ἔθνη,
1136 4406 1185 4458 οἱ
1207 4403 1264 4459 δὲ
1289 4407 1418 4478 περὶ
1443 4406 1535 4461 τὸν
1568 4411 1791 4481 Πέτρον,

247 4487 314 4548 εὶς
335 4488 429 4557 τὴν
458 4493 780 4562 περιτομήν.
812 4491 1030 4565 Ἐπειδὴ
1056 4496 1113 4549 δὲ
1138 4498 1392 4551 κοινωνία
1418 4499 1479 4550 τὺ
1509 4501 1791 4572 κήρυγμα,

1906 3299 2070 3353 modo
2093 3297 2418 3370 eﬂhgie'mus
2456 3301 2549 3370 nui
2597 3311 2803 3356 tantam
2858 3303 3196 3371 negleximus
3228 3301 3481 3359 salutem.

1907 3404 2029 3462 quae
2056 3402 2280 3463 sumpto
2311 3392 2573 3462 loquendi
2623 3393 2787 3448 initio
2845 3408 2873 3446 a
2904 3389 3158 3457 Domino,
3192 3391 3366 3447 abhis
3390 3392 3482 3461 qui

1906 3486 2194 3541 audierant
2246 3485 2300 3539 in
2328 3489 2429 3539 nos
2475 3485 2798 3539 conﬁrmata
2861 3486 2980 3545 nm,
3034 3487 3324 3540 attestantc
3372 3474 3484 3538 Deo

1905 3578 2078 3647 signis
2127 3584 2182 3632 et
2238 3576 2508 3647 prodigiis
2535 3578 2594 3631 *ἲ
2653 3595 2670 3630 ι
2708 3577 3026 3648 [Siquidem
3077 3577 3366 3633 manifesta
3401 3585 3484 3631 est

1907 3684 2074 3724 causa
2104 3679 2204 3723 cur
2251 3671 2428 3742 Stylu's
2460 3669 2624 3724 fuerit
2680 3670 3019 3725 immutatus.
3073 3665 3209 3724 Nam
3266 3669 3332 3723 ad
3378 3657 3480 3724 tie-

1906 3759 2084 3814 brazos
2125 3760 2354 3830 scripta,
2396 3761 2572 3830 patria
2607 3761 2851 3829 ipsorum
2890 3761 3098 3830 lingua,
3136 3759 3481 3829 postmodum

1904 3861 2065 3909 versa
2092 3855 2316 3918 dicitur,
2350 3859 2410 3907 ut
2467 3853 2690 3923 quidam
2736 3855 2980 3908 sentiunt
3030 3867 3060 3906 a
3094 3851 3260 3916 Luca,
3292 3851 3349 3906 ut
3378 3853 3484 3922 ple-

1906 3946 2093 4015 riSque
2149 3951 2334 3999 autem
2385 3945 2607 3999 videtur
2659 3949 2688 3997 a
2750 3947 3070 4000 Clemente:
3140 3944 3304 4014 hujus
3335 3945 3480 4000 enim

1906 4039 2280 4092 charaaerem
2309 4037 2475 4090 etiam
2525 4041 2729 4090 Servat.
2785 4033 2940 4102 Quod
2973 4043 3154 4091 autem
3190 4045 3350 4091 suum
3385 4049 3485 4090 no-

1903 4142 2029 4183 men
2049 4142 2157 4181 non
2181 4124 2475 4196 praciixerit
2505 4122 2764 4192 Epistola:
2811 4123 2865 4176 in
2895 4137 3062 4179 causa
3100 4130 3186 4177 est
3205 4122 3345 4178 ordo
3379 4121 3480 4176 rei.

1906 4217 2188 4287 Siquidem
2217 4216 2423 4270 Paulus
2477 4215 2718 4286 gentium
2783 4217 3069 4285 apostolus
3113 4224 3254 4278 erat,
3281 4222 3336 4269 et
3369 4229 3480 4268 non

1902 4307 2238 4364 Iudaeorum.
2265 4307 2398 4362 Nam
2439 4306 2728 4364 societatis
2785 4307 3010 4362 dextras
3040 4306 3270 4362 dederat
3318 4303 3484 4360 Petro

1903 4401 2231 4472 ueterisque
2281 4401 2574 4470 apostolis,
2605 4409 2666 4454 ut
2701 4399 2822 4470 ipse
2869 4413 2994 4454 cum
3038 4397 3290 4453 Barnabs
3338 4398 3481 4452 inter

1903 4509 2114 4569 gentes.
2165 4495 2361 4552 Petrus
2410 4510 2542 4551 vero
2589 4509 2712 4548 cum
2769 4493 3001 4561 reliquis
3059 4490 3481 4548 circumcisione

247 4576 330 4629 καὶ
371 4581 767 4650 κατηχηθὲντες
800 4585 1043 4654 ὑπῆρχον
1061 4586 1110 4639 οἱ
1147 4585 1207 4650 ἐξ
1246 4586 1516 4642 Ἰουδαίων
1541 4589 1616 4653 ὡς
1662 4593 1795 4647 ἀπο-

1904 4590 2262 4660 fungerentur
2291 4587 2687 4657 apostolatum.
2731 4586 3001 4657 Quoniam
3027 4593 3207 4640 autem
3242 4584 3480 4639 societas

247 4671 452 4724 στασίαν
510 4673 749 4728 διδάσκει
789 4675 1035 4740 Παῦλος,
1091 4677 1319 4740 εἰκότως
1381 4678 1477 4732 τοῦ
1528 4684 1793 4752 γνωρίσαι

247 4757 492 4831 χίριντὴν
526 4763 848 4832 συμφωνίαν
881 4807 894 4830 ,
938 4765 1210 4838 Ἑϐραίοις
1263 4765 1588 4824 ἐπιστέλλει,
1649 4763 1794 4844 Γρά-

247 4860 395 4912 φοντα
433 4851 486 4904 δὲ
525 4852 664 4922 πρὸς
695 4853 941 4918 τούτους,
978 4855 1322 4926 προγράφειν
1367 4855 1692 4913 ’Δπύστολον
1733 4863 1794 4914 οὐ

249 4937 407 5006 θέμις.
435 4943 810 5014 Μαρτυρεῖται
845 4945 902 4998 δὲ
937 4948 1028 5000 καὶ
1063 4950 1119 5001 ἐν
1143 4949 1253 5012 τοῖς
1286 4947 1414 5020 ἑξῆς
1444 4951 1476 5022 ή
1509 4945 1796 5024 Ἐπιστολὴ

248 5028 544 5102 ὑπάρχουσα
576 5037 792 5090 Παύλου
814 5038 892 5108 τῷ
921 5039 1174 5108 γράφειν,
1209 5041 1291 5093 ὅτι
1322 5042 1549 5106 καὶτοῖς
1576 5037 1796 5114 δεσμοῖς

251 5138 341 5187 μου
373 5128 801 5198 συνεπαθήσατε.
832 5150 850 5180 ι
863 5128 971 5185 Καὶ
997 5132 1060 5184 ὲκ
1075 5130 1166 5184 τοῦ
1182 5131 1386 5199 λέγειν,
1405 5133 1477 5186 Πε
1488 5129 1698 5204 ρισσότε
1708 5151 1798 5205 ρον

248 5211 448 5284 εὔχεσθε
477 5219 563 5272 ἴνα
584 5219 770 5290 τάχιον
798 5219 1236 5276 ἀποκατασταθῶ
1267 5225 1395 5291 ὑμῖν
1429 5243 1446 5276 ι
1483 5226 1578 5278 καὶ
1607 5226 1671 5278 ὲκ
1701 5225 1798 5280 τοῦ

248 5303 407 5373 λέγειν
423 5327 436 5342 ο
473 5330 492 5362 ι
514 5311 822 5366 Γινώσκετε
848 5314 939 5366 τὸν
955 5314 1184 5382 ἀδελφὸν
1199 5315 1355 5384 ἡμῶν
1373 5305 1637 5384 Τιμόθεον
1659 5313 1796 5369 ἀπο-

247 5393 533 5467 λελυμένον,
556 5403 677 5473 μεθ’
692 5397 776 5468 οὗ,
795 5405 889 5457 ἐὰν
906 5405 1092 5474 τάχιον
1114 5404 1360 5475 ἔρχηται,
1378 5397 1794 5477 ὅψομαιὺμᾶςδ

251 5485 418 5551 οὐδεὶς
446 5492 553 5560 γὰρ
593 5491 659 5546 ἀν
704 5488 860 5562 οἶμαι
891 5492 1165 5547 ἀπέλυσεν
1203 5491 1283 5557 είς
1315 5492 1590 5548 διακονίαν
1621 5489 1791 5566 Τιμόο

247 5573 371 5643 θεον,
399 5583 446 5633 ει
477 5583 553 5654 μὴ
589 5577 820 5650 Παῦλος.
852 5586 964 5640 Καὶ
993 5585 1184 5639 τοῦτον
1228 5584 1414 5655 τάχιον
1454 5587 1790 5657 προσδοκῶν,

245 5665 328 5740 τὴν
364 5672 492 5727 [δίαν
528 5675 731 5740 αὐτοῖς,
769 5677 845 5742 ὡς
876 5677 995 5743 ἔθος
1025 5677 1292 5748 πολλαχοῦ
1335 5677 1431 5732 σὺν
1473 5677 1619 5749 αὐτῷ
1652 5697 1794 5750 παρ-

307 5830 511 5888 'Hebr.
557 5851 618 5900 ιι,
669 5834 720 5888 3.

1901 4689 2022 4738 erat
2059 4698 2111 4736 In
2143 4679 2551 4751 praedicatione,
2597 4688 2652 4734 et
2701 4677 2876 4734 Judaei
2930 4677 3218 4732 audierant
3249 4675 3478 4730 Paulum

1901 4771 2296 4827 discessionem
2322 4769 2522 4824 docere
2547 4769 2733 4837 aliquo
2774 4767 2935 4822 modo
2955 4781 2986 4820 a
3012 4766 3154 4836 lege,
3190 4763 3387 4819 merito
3411 4762 3478 4816 ad

1902 4862 2160 4917 Hebraeos
2184 4861 2378 4916 scribit
2449 4859 2780 4928 Epistolam,
2829 4865 2888 4911 ut
2957 4857 3216 4912 ostendat
3243 4871 3480 4910 consen-

1904 4968 2024 5008 sum
2055 4951 2464 5022 praedicationis
2497 4967 2514 5004 :
2563 4966 2688 5005 cum
2736 4959 2916 5003 autem
2961 4949 3026 5003 ad
3062 4963 3158 5003 eos
3188 4947 3479 5012 scriberet,

1900 5046 2222 5100 consultum
2263 5061 2372 5099 non
2396 5051 2513 5098 erat
2539 5053 2597 5098 ut
2637 5058 2696 5098 se
2726 5045 2780 5096 in
2819 5040 2982 5096 initio
3012 5039 3480 5108 diceretAposto-

1897 5137 2031 5190 lum.
2064 5136 2324 5192 Testatur
2353 5144 2533 5189 autem
2581 5135 2636 5188 in
2681 5133 3041 5202 sequentibus
3099 5131 3218 5200 ipsa
3256 5142 3480 5199 quoque

1895 5224 2312 5295 Episto|aal3
2327 5225 2468 5294 quod
2487 5223 2641 5277 Pauli
2661 5223 2831 5286 sit,“
2862 5238 2926 5276 eo
2954 5221 3099 5292 quod
3115 5220 3249 5274 dicit
3269 5236 3284 5274 :
3303 5217 3477 5273 Etiam

1895 5307 2274 5378 aﬂiictionum,
2337 5329 2459 5381 qua:
2510 5330 2576 5368 ex
2635 5315 2869 5368 vinculis
2927 5313 3066 5368 meis
3106 5309 3476 5380 contigerunt,

1896 5405 2191 5477 participes
2227 5404 2428 5460 fuistis.
2470 5405 2537 5460 Et
2580 5420 2704 5460 cum
2735 5405 2898 5460 dicit:
2944 5403 3144 5474 «Magis
3179 5400 3475 5473 precemini

1899 5510 2015 5566 quo
2045 5493 2282 5550 celerius
2311 5495 2570 5549 restituar
2610 5495 2797 5560 vobis;
2829 5513 2846 5545 ι
2882 5502 3137 5563 praeterea
3179 5507 3304 5546 cum
3354 5489 3428 5544 ait
3461 5507 3473 5541 :

1903 5579 2103 5642 «Scitis
2123 5585 2343 5640 fratrem
2362 5593 2609 5641 nostrum
2638 5583 2980 5639 Timotheum
3010 5582 3319 5642 dimissum,
3351 5592 3474 5633 cum

1895 5675 2028 5751 quo,
2044 5678 2338 5736 sicciorius
2357 5679 2555 5734 venerit
2571 5677 2785 5742 ,vidcbo
2810 5691 2958 5730 vos.»
2982 5672 3151 5729 Nemo
3171 5669 3318 5726 enim
3339 5682 3473 5737 prae-
