3918 6612
419 384 530 447 275

1441 389 1844 451 (ECUMENII
1887 390 2178 452 TRICCE
2217 389 2562 451 E’PISCOPI

3548 382 3660 446 276

423 514 506 555 ter
544 500 794 569 Paulum,
848 510 908 558 ut
971 503 1188 576 opinor,
1233 503 1515 560 dimiserat
1564 505 1992 560 Timotheumin

2139 506 2286 560 Jalav
2310 504 2726 571 ἐπαγγέλλεται.
2748 499 2922 554 Πολλά
2949 499 3005 552 δὲ
3033 497 3126 552 καί⁵
3151 497 3285 552 ἄλλα
3307 495 3673 567 γνωρίζουσιν

422 592 826 646 ministerium:
861 603 1022 664 atque
1040 601 1185 651 hunc
1213 596 1446 652 celerius
1469 605 1818 666 exspectans,
1837 612 1995 650 suum

2149 600 2238 666 μίν
2261 597 2426 650 αὑτοῦ
2456 595 2747 664 τυγχάνειν
2769 591 2866 663 τὴν
2899 590 3207 661 ἐπιστολὴν,
3231 591 3308 653 ὡς
3345 591 3439 643 καὶ
3471 591 3504 657 ἡ
3546 588 3677 641 ἀνά-

425 700 490 739 ac
524 685 672 738 illius
717 687 1003 757 pollicetur
1031 688 1112 744 eis
1172 687 1487 752 adventum,
1529 689 1990 756 quemadmodum

2107 705 2309 756 γνωσις
2333 687 2472 757 αὐτὴ
2503 685 2767 756 προϊοῦσα
2796 685 3058 738 διδάσκει.

427 778 740 849 frequenter
791 779 972 836 facere
1024 783 1183 836 solet.
1227 782 1392 835 Multa
1453 797 1676 851 quoque
1755 781 1862 835 alia
1919 779 2217 837 ostendunt
2281 780 2444 836 nobis
2506 794 2627 835 esse
2692 778 2865 848 ipsius
2929 773 3250 845 Epistolam,
3319 770 3676 843 quemadmo-

425 873 555 928 dum
591 882 644 928 et
673 872 833 927 lectio
868 873 982 944 ipsa
1021 873 1073 927 in
1102 889 1396 946 progressu
1433 877 1612 933 docet.

983 986 1448 1046 THEODORETI.

499 1098 674 1166 Quam
722 1101 792 1156 ob
845 1115 1067 1156 causam
1096 1104 1322 1164 Paulus,
1360 1121 1483 1160 cum
1550 1109 1792 1175 gentium
1847 1116 1996 1162 esset

2640 987 3110 1041 ΘΕΟΔΩΡΗΤΟΥ.

2167 1105 2322 1167 Τίνος
2365 1103 2550 1156 ἕνεκεν
2593 1101 2722 1174 [τῶν
2752 1099 2923 1153 ἐθνῶν
2959 1096 2979 1170 ]
3010 1097 3304 1160 ἀπόστολος
3358 1095 3622 1167 ὑπάρχων
3651 1097 3682 1148 ὁ

429 1196 745 1264 Apostolus,
775 1195 840 1250 ad
885 1195 1135 1252 Hebraeos
1169 1199 1362 1254 scribit
1405 1201 1427 1254 ?
1457 1200 1619 1270 idque
1643 1217 1764 1256 eum
1807 1205 1994 1258 odiose

2139 1194 2332 1258 ῐαῢλος,
2379 1193 2652 1265 Ἑϐραίοις
2683 1191 3022 1255 ἐπιστέλλεις
3070 1189 3180 1242 Καὶ
3219 1189 3393 1240 ταῦτα
3425 1185 3684 1255 ἀπεχθῶς

431 1286 611 1340 affecti
640 1297 826 1342 essent
855 1302 982 1356 erga
1025 1289 1200 1358 ipsum
1249 1291 1393 1358 quod
1431 1291 1600 1362 legem
1631 1293 1994 1347 dissolveret?

2139 1306 2284 1358 χουσι
2313 1286 2449 1356 πρὸς
2485 1286 2646 1338 αὑτὸν
2683 1283 2760 1353 τῷ
2797 1284 2886 1336 τὸν
2916 1283 3078 1352 νόμον
3114 1279 3534 1350 παραλύεινςΟί
3565 1279 3679 1346 γὰρ

431 1378 626 1432 Petrus
655 1378 802 1433 enim
834 1394 896 1434 ac
928 1381 1110 1433 caeteri
1161 1382 1251 1450 qui
1288 1398 1410 1435 cum
1447 1384 1564 1452 ipso
1594 1391 1770 1448 erant,
1801 1384 2000 1438 demit-

2146 1379 2249 1450 μιρὶ
2267 1377 2472 1448 Πέτρον
2506 1374 3032 1444 συγκαταϐαίνοντες
3053 1372 3449 1440 αύτοῖς,ὴρὲμα
3470 1370 3686 1437 εἴχοντο

433 1474 610 1522 tentes
643 1483 764 1523 sese
800 1469 867 1522 ad
918 1469 1242 1524 imbecillem
1271 1480 1490 1538 captum
1534 1469 1867 1535 Judaeorum,
1899 1471 2003 1525 ali-

2139 1471 2204 1522 :al.
2257 1468 2350 1521 τοῦ
2376 1467 2563 1538 νόμου.
2590 1466 2776 1535 Φαμέν
2808 1482 2822 1496 ·
2857 1462 3343 1534 ὥσπερβαπτίζειν
3372 1462 3470 1514 οὐκ
3503 1462 3690 1513 ἐπιτε-

433 1559 753 1629 quantulum
841 1561 1212 1630 sequebantur
1270 1561 1434 1616 etiam
1481 1548 1672 1632 legem.
1737 1562 2001 1626 Dicimus,

432 1651 578 1720 quod
615 1650 760 1705 sicut
786 1666 893 1706 non
925 1659 1042 1706 erat
1071 1652 1173 1722 ipsi
1209 1653 1564 1709 commissum
1598 1654 1893 1723 baptizare,
1933 1669 2001 1709 ex

433 1742 734 1806 abundanti
767 1751 946 1799 tamen
984 1744 1290 1799 ministerio
1327 1745 1489 1799 etiam
1533 1745 1886 1814 baptizabat:
1921 1745 1995 1797 ita

2110 1561 2416 1631 ταγμένος,
2469 1563 2532 1613 ἐκ
2599 1557 2914 1629 περιουσίας
2975 1555 3299 1619 ἐϐάπτιζεν,
3357 1553 3532 1616 οὓτως
3585 1551 3690 1606 καὶ

2125 1654 2400 1723 Ἑϐραίοις
2455 1651 2793 1713 ἐπιστέλλει,
2845 1649 2980 1719 πρὸς
3035 1647 3103 1701 τὰ
3155 1647 3279 1716 ἔθνη
3329 1644 3686 1706 ἀποσταλείς.

2120 1746 2374 1816 Ἐκήδετο
2394 1743 2501 1813 γὰρ
2533 1742 2733 1808 αὐτῶν,
2753 1741 2828 1804 ὡς
2854 1742 2948 1795 καὶ
2975 1738 3416 1808 λέγειν,Ἥθελον
3435 1736 3692 1805 ἀνάθεμα

438 1832 678 1888 ΙΙοιπαξίε
726 1849 944 1905 quoque
998 1835 1213 1900 scribit,
1272 1849 1397 1889 cum
1452 1835 1519 1890 ad
1575 1843 1764 1905 gentes
1799 1835 2005 1890 missus

2139 1835 2243 1892 ίναι
2275 1837 2416 1906 ὑπὲρ
2443 1835 2622 1888 αὐτῶν
2643 1853 2655 1867 ο
2689 1834 2784 1887 καὶ
2812 1833 3007 1898 πάλιν,
3042 1852 3060 1884 ι
3087 1831 3395 1902 Πορεύομαι
3422 1832 3500 1892 είς
3530 1828 3693 1899 Ἱερο·

436 1931 604 1980 esset.
648 1923 927 1995 Siquidem
974 1927 1191 1982 anxiam
1243 1927 1460 1981 illorum
1521 1941 1709 1981 curam
1749 1926 2004 1991 habebat,

2139 1929 2323 1999 τόλυμα
2374 1928 2708 1996 διακονήσων
2764 1927 2878 1986 τοῖς
2912 1925 3106 1993 ἁγίοις.
3141 1941 3159 1974 ι
3199 1923 3535 1976 Ἑπιστὲλλει
3585 1921 3690 1984 μὲν

438 2015 574 2072 adeo
601 2019 841 2072 utetiam
865 2017 1117 2074 diceret:
1177 2020 1421 2088 Optarim
1484 2019 1775 2073 anathema
1825 2033 1948 2073 esse
1979 2033 2008 2071 a

435 2106 657 2163 Christo
679 2122 777 2176 pro
821 2109 954 2179 ipsis
985 2127 999 2176 ;
1033 2119 1083 2163 et
1108 2125 1322 2164 rursum
1353 2127 1366 2162 :
1405 2129 1424 2161 ι
1461 2108 1789 2165 Proticiscor
1820 2108 2013 2162 Hiero-

443 2197 653 2267 solyma
724 2199 1136 2255 ministraturus
1179 2202 1388 2256 sanctis
1417 2203 1458 2254 ‘.
1525 2219 1544 2253 ι
1589 2201 1794 2254 Scribit
1826 2201 2013 2270 itaque

443 2289 552 2343 illis
575 2289 796 2358 quijam
837 2291 1177 2346 crediderant
1218 2291 1612 2363 Hierosolymis
1646 2300 1701 2347 et
1755 2292 1806 2346 in
1837 2291 2008 2346 Palm-

441 2380 582 2433 sﬁna
613 2381 842 2435 :scribit
869 2390 1051 2437 autem
1088 2385 1424 2440 consolando
1444 2400 1538 2440 eos
1569 2384 1712 2455 quod
1749 2385 2013 2454 plurimas

441 2469 761 2527 alﬂictiones
787 2473 938 2541 passi
963 2485 1146 2530 essent
1173 2491 1198 2528 a
1226 2477 1462 2544 propriis
1479 2477 1883 2532 contribulibus
1921 2477 2011 2546 qui

445 2578 553 2618 non
592 2564 966 2632 crediderant,
995 2568 1456 2637 quemadmodum
1490 2578 1544 2623 et
1573 2569 1688 2638 ipse
1717 2569 2010 2640 significat,

443 2656 655 2710 dicens.
695 2675 714 2709 ι
754 2657 944 2714 Manus
979 2659 1239 2715 remissas
1288 2675 1351 2714 ac
1383 2676 1558 2730 genua
1601 2662 1777 2716 soluta
1830 2661 2015 2717 subri-

445 2748 555 2810 gitc
575 2747 618 2801 ³.
661 2767 680 2800 ι
725 2747 841 2804 Duo
869 2761 1046 2804 autem
1092 2752 1432 2820 potissimum
1452 2752 1613 2808 edicit
1640 2753 1694 2806 in
1729 2751 2014 2819 Epistola'.

445 2839 763 2895 consolatur
789 2857 887 2898 eos
917 2841 1067 2912 quod
1127 2843 1360 2898 viriliter
1409 2844 1632 2898 tulerint
1671 2842 2012 2910 amictiones,

443 2943 497 2988 et
518 2935 658 3004 quod
692 2933 830 2990 bona
857 2935 1078 2990 dabitur
1114 2937 1184 2990 ob
1215 2937 1328 2990 lucc
1370 2936 1680 3012 retributio.
1711 2935 1878 2990 Multa
1913 2952 2014 2991 au-

447 3035 553 3079 tetu
585 3025 652 3080 de
679 3025 782 3081 (ide
832 3026 1098 3097 disputat,
1142 3027 1438 3083 ostendens
1487 3025 1710 3083 Iudaica
1746 3029 1856 3099 jam
1904 3044 2012 3085 non

447 3131 568 3171 esse
622 3116 1044 3182 necessaria,ut
1095 3133 1219 3187 quae
1267 3116 1439 3188 ﬁgura
1487 3129 1648 3175 erant
1705 3121 1952 3175 veritatis
1994 3137 2009 3175 :

451 3211 637 3258 nostra
663 3219 792 3260 vero
847 3206 1161 3262 necessaria
1199 3222 1345 3272 esse,
1398 3217 1454 3261 ut
1479 3224 1600 3276 qua:
1642 3209 1925 3264 veritatem
1959 3211 2012 3265 in

2117 2013 2209 2073 οὖν
2248 2020 2359 2080 τοῖς
2391 2019 2492 2088 ήδη
2528 2017 2954 2069 πεπιστευκόσιν
2988 2016 3044 2067 ἐν
3073 2017 3137 2083 τῇ
3186 2011 3547 2084 Ἰερουσαλὴμ
3587 2012 3690 2063 καὶ

2116 2110 2469 2180 Παλαιστίνῃ.
2506 2108 2840 2161 Ἐπιστέλλει
2861 2107 2939 2170 δὲ,
2967 2103 3458 2175 παραμυθούμενος
3488 2102 3694 2164 αὐτοὺς

2116 2201 2342 2254 πλεῖστα
2388 2200 2534 2254 κακὲ
2590 2198 2928 2260 πεπονθότας
2960 2197 3063 2250 ὑπὸ
3117 2193 3226 2249 τῶν
3266 2195 3412 2248 ἰδίων
3464 2209 3693 2263 συμφυ-

2115 2293 2285 2346 λετῶν
2311 2292 2420 2344 τῶν
2461 2293 2533 2361 μὴ
2573 2289 3040 2351 πεπιστευκότων,
3078 2286 3152 2349 ὡς
3180 2287 3275 2340 καὶ
3304 2286 3469 2346 αὐτὸς
3514 2285 3693 2353 δηλοῖ,

2116 2387 2310 2454 λέγων.
2347 2405 2364 2438 ‹
2390 2384 2741 2456 Παρειμένας
2784 2386 2996 2453 χεῖρας,
3037 2381 3130 2434 καὶ
3162 2380 3230 2434 τὰ
3268 2376 3694 2450 παραλελυμένα

2115 2481 2318 2548 γόνατα
2348 2477 2712 2547 ἀνορθώσατε.
2743 2493 2761 2526 ι
2800 2474 2903 2526 Δύο
2927 2473 2984 2526 δέ
3021 2473 3256 2542 μάλιστα
3284 2467 3698 2530 κατασκευάζει

2116 2574 2172 2625 ἐν
2203 2575 2268 2642 τῇ
2308 2568 2620 2638 Ἐπιστολῇ,
2653 2565 3061 2638 παραμυθεῖται
3117 2565 3313 2626 αὐτοὺς
3366 2562 3458 2615 τοῦ
3507 2561 3700 2629 φέρειν

2115 2663 2379 2734 γενναίως
2437 2662 2564 2723 τοὺς
2617 2658 2982 2729 πειρασμοῦς,
3020 2656 3114 2710 καὶ
3171 2659 3253 2710 ὅτι
3286 2655 3436 2707 ἔσται
3479 2651 3700 2705 τούτων

2116 2755 2386 2816 ἀντίδοσις
2419 2751 2620 2820 ἀγαθή.
2667 2749 2845 2802 Πολλά
2876 2748 2933 2800 δέ
2962 2748 3091 2818 περὶ
3129 2749 3227 2816 τῆς
3273 2744 3508 2806 πίστεως
3537 2740 3698 2812 φιλο-

2119 2847 2290 2914 σοφεῖ,
2312 2845 2526 2906 δεικνὺς
2551 2843 2618 2896 τὰ
2654 2840 2754 2910 μὲν
2787 2840 3053 2893 Ἰουδαῖκά
3086 2837 3282 2909 μηκέτι
3312 2836 3587 2905 ἀναγκαῖα
3616 2832 3700 2896 ὡς

2121 2938 2292 2993 τύπον
2313 2937 2440 2990 ὄντα
2473 2936 2574 3003 τῆς
2609 2933 2893 3002 ἀληθείας,
2919 2931 2989 2983 τὰ
3014 2931 3072 2984 δὲ
3110 2929 3352 3000 ἡμέτερα
3395 2927 3699 2994 ἀναγκαῖα,

2114 3031 2190 3094 ὡς
2218 3031 2342 3084 ὄντα
2365 3027 2643 3098 ἀλήθειαν.
2671 3027 2789 3080 Τίνι
2811 3025 2867 3078 δὲ
2894 3025 3081 3095 τρόπῳ
3107 3024 3209 3076 οὐκ
3233 3022 3396 3090 ἔθηκε
3423 3017 3519 3089 τὴν
3552 3016 3697 3069 ἰδίαν

2117 3123 2414 3194 ὀνομασίαν
2472 3119 2742 3192 Ἑϐραίοις
2799 3117 3060 3188 γράφων,
3113 3115 3349 3183 Κλήμης
3425 3113 3483 3162 ἐν
3563 3111 3696 3170 ταῖς

2131 3212 2574 3269 Ὑποτυπώσεσι
2607 3212 2808 3283 γράφει
2843 3209 3014 3277 λέγων
3049 3206 3259 3269 οὕτως·
3305 3203 3442 3271 Ἤδη
3478 3201 3532 3274 δέ
3564 3199 3641 3261 ὡς
3674 3200 3700 3251 ὁ

449 3311 509 3350 se
540 3296 876 3351 contineant.
924 3298 1104 3364 Quare
1152 3306 1332 3354 autem
1396 3300 1677 3370 proprium
1716 3316 1824 3357 non
1857 3301 2014 3356 addi-

2139 3304 2393 3372 ιακάριος
2463 3301 2616 3368 ἔλεγε
2668 3297 3064 3369 πρεσϐύτερος,
3127 3295 3250 3348 ἐπεὶ
3283 3295 3310 3346 ὁ
3365 3290 3572 3362 Κύριος
3619 3287 3701 3349 ὡς

450 3386 591 3442 derit
622 3402 822 3444 nomen
860 3403 982 3443 cum
1023 3390 1090 3444 ad
1153 3388 1409 3446 liebrteos
1442 3391 1727 3451 scriberet.
1763 3393 2018 3449 Clemens

455 3476 1003 3548 Inittformationibus
1048 3480 1239 3535 scribit
1293 3481 1348 3536 in
1401 3481 1548 3537 hunc
1594 3482 1862 3538 modum:
1898 3481 2017 3538 3am

453 3585 583 3626 vero
617 3579 676 3624 ut
703 3571 895 3626 beatus
923 3572 1206 3642 presbyter
1263 3572 1440 3629 dicit:
1470 3571 1607 3630 Cum
1637 3573 1803 3644 314
1831 3572 2018 3628 Domi-

457 3677 562 3718 nus
611 3670 872 3733 tanquam
917 3663 1010 3718 Dei
1069 3665 1461 3736 omnipotentis
1507 3666 1787 3734 apostolus
1815 3665 1880 3719 ad
1907 3664 2014 3720 Ile-

459 3755 634 3809 hrzcos
685 3757 890 3812 missus
948 3763 1116 3823 esset,
1165 3772 1229 3811 ex
1282 3757 1546 3813 modestia
1595 3766 1778 3812 actum
1833 3764 1916 3811 est
1955 3764 2017 3811 ut

457 3843 772 3917 Paulusqnt
803 3847 867 3900 ad
892 3857 1079 3918 gentes
1102 3848 1306 3902 missus
1331 3854 1469 3914 erat,
1516 3864 1626 3903 non
1662 3849 1932 3905 scriberet
1963 3864 2024 3904 se

2135 3395 2455 3456 ’Δπόστολος
2525 3393 2620 3446 τοῦ
2696 3392 3142 3461 Παντοκράτορος
3205 3382 3482 3451 ἀπεστάλη
3561 3377 3702 3447 πρὸς

2137 3487 2448 3558 Ἐϐραίους,
2478 3484 2566 3539 διὰ
2611 3483 2942 3555 μετριότητα
2975 3483 3003 3534 ὁ
3044 3478 3256 3539 Παῦλος
3284 3479 3359 3538 ὡς
3407 3476 3472 3527 ἀν
3521 3473 3602 3533 εἰς
3633 3469 3703 3521 τὸ

2128 3579 2254 3650 ἔθνη
2287 3576 2722 3647 ἀπεσταλμένος,
2765 3575 2865 3627 οὐκ
2893 3572 3162 3642 ἐγγράφει
3195 3568 3386 3622 ἐαυτὸν
3429 3562 3704 3630 Ἐϐραίων

2125 3670 2442 3732 ἀπόστολον,
2477 3667 2565 3721 διὰ
2603 3667 2702 3736 τὴν
2735 3667 2868 3737 πρὸς
2910 3665 3002 3718 τὸν
3052 3661 3254 3732 Κύριον
3286 3657 3477 3728 τιμὴν,
3513 3654 3604 3707 διά.
3641 3667 3704 3704 τε

2123 3763 2184 3816 τὸ
2215 3764 2277 3816 ἐκ
2303 3757 2822 3830 περιουσίας,ὲθνῶν
2855 3758 3069 3826 κήρυκα
3089 3753 3182 3807 καὶ
3211 3747 3506 3806 ἀπόστολον
3538 3739 3706 3806 εἶναι,

2138 3847 2445 3902 ἐπιστέλλει
2469 3846 2564 3901 καὶ¹
2600 3847 2713 3908 τοῖς
2750 3843 3042 3916 Ἑϐραίοις.

461 3935 804 3992 Hebraeorum
845 3937 1172 4009 apostolum,
1221 3938 1292 3994 ob
1335 3940 1597 3994 honorem
1630 3938 1871 3994 delatum
1915 3953 2046 4010 erga
2085 3936 2402 3994 Dominum.
2460 3936 2726 3990 Przeterea
2781 3949 2847 3988 cx
2913 3931 3218 3988 abundanti
3285 3929 3559 3985 charitate
3620 3921 3707 3979 fa-

381 4065 386 4069 .
457 4036 604 4082 ctum
657 4037 762 4093 cst,
819 4037 878 4083 ut
943 4029 1185 4101 gentium
1221 4031 1576 4087 concionator
1625 4041 1682 4088 et
1731 4033 2015 4100 apostolus
2053 4032 2216 4088 etiam
2249 4030 2516 4088 scriberet
2534 4027 2602 4081 ad
2627 4027 2899 4082 Hebraeos.

493 4170 654 4244 315
701 4170 1100 4228 Εριετοιιε
1143 4171 1236 4228 AD
1281 4170 1645 4231 HEBR/EOS
1698 4174 1989 4232 CAPITA.

2290 4168 2668 4230 ΚΕΦΑΛΑΙΑ
2726 4169 2865 4223 ΤΗΣ
2920 4163 3114 4219 ΠΡΟΣ
3163 4158 3534 4218 ΕΒΡΑΙΟΥΣ

2700 4238 3133 4294 ΕΙΙΙΣΥΟΛΗΣ.

463 4351 728 4406 1.υἰυῐηα
769 4352 834 4406 de
871 4351 1084 4408 Christo
1130 4351 1391 4417 doctrina,
1430 4351 1516 4406 cui
1554 4353 1683 4408 data
1726 4363 1806 4409 est
1858 4353 2014 4425 glorit

2139 4365 2198 4414 α’.
2245 4359 2530 4429 amatoria
2572 4354 2829 4428 Χριστοῦ
2881 4353 2951 4406 ἐν
2987 4348 3134 4416 δόξῃ
3165 4344 3427 4413 Πατρός,
3463 4339 3562 4394 καί
3604 4339 3710 4404 ἐξ·

536 4443 714 4498 Patris
759 4462 822 4499 ac
879 4455 1110 4514 potestas
1143 4445 1397 4508 omnium,
1424 4461 1537 4498 cum
1568 4447 1881 4516 purgatione
1922 4463 2036 4501 om-

2204 4452 2385 4518 ουσίᾳ
2416 4447 2536 4504 τῶν
2565 4449 2827 4508 πάντων,
2868 4439 3018 4512 μετὰ
3063 4437 3171 4506 τῆς
3213 4435 3560 4503 καθάρσεως
3591 4431 3710 4484 τῶν

533 4537 676 4588 nium
703 4551 818 4606 qua:
848 4546 968 4589 sunt
999 4537 1052 4589 in
1091 4545 1252 4600 terra,
1284 4553 1317 4588 a
1341 4551 1447 4606 qua
1476 4536 1714 4591 ascendit
1745 4539 1813 4592 ad
1843 4554 2014 4608 super-

2201 4540 2299 4594 ὲπὶ
2332 4539 2464 4610 γῆς.
2501 4538 2616 4608 Ἀφ’
2645 4533 2720 4608 ἧς
2749 4535 2931 4604 ἀνέϐη
2960 4535 3048 4594 εις
3076 4529 3194 4592 τὴν
3214 4523 3578 4594 ἐπουράνιον
3610 4521 3712 4576 δό-

529 4627 782 4680 εωίεειεηι
804 4627 1050 4696 gloriam.

2203 4631 2340 4696 ξαν.

458 4717 510 4772 2.
539 4717 690 4784 Quod
743 4735 846 4772 non
891 4721 962 4773 sit
1019 4719 1385 4774 ministerialis
1437 4719 1612 4790 gloria
1655 4719 1880 4785 Christi,
1937 4736 2014 4776 sea

2139 4722 2201 4795 β’.
2246 4723 2377 4776 Ὀτι
2438 4721 2510 4774 οὐ
2540 4715 2918 4788 λειτουργική
2955 4715 2992 4784 ἡ
3045 4713 3195 4778 δόξα
3227 4707 3502 4777 Χριστοῦ,
3548 4703 3715 4760 ἀλλὰ

531 4810 711 4864 divina
737 4823 785 4865 et
811 4812 1032 4881 efficax:
1062 4813 1177 4865 ideo
1211 4829 1314 4865 non
1352 4813 1405 4864 in
1433 4813 1678 4879 prmsenti
1705 4813 1900 4866 stet:qu
1932 4811 2030 4867 ha-

533 4905 677 4966 bitet,
706 4903 761 4956 in
785 4919 885 4972 quo
912 4912 1034 4958 sunt
1055 4903 1308 4968 ministri,
1339 4902 1429 4956 sed
1464 4903 1518 4956 in
1539 4902 1745 4970 futuro.

461 5084 514 5137 5.
537 5082 690 5149 Quod
723 5099 932 5136 carnem
971 5083 1314 5151 assumpserit
1342 5085 1506 5152 juxta
1537 5084 1931 5152 dispositionem
1977 5094 2028 5141 et

535 5173 922 5226 condolentiam
971 5189 1033 5224 ac
1078 5174 1505 5242 familiaritatem
1546 5191 1701 5244 quam
1757 5193 1883 5246 erga
1933 5193 2028 5232 nos

533 5267 740 5332 habuit,
775 5275 831 5318 ut
859 5265 1120 5319 hominem
1143 5283 1172 5318 a
1197 5276 1359 5320 morte
1382 5283 1474 5336 per
1503 5267 1930 5336 familiaritatem
1963 5272 2030 5321 ad
2059 5253 2062 5258 ’

534 5356 647 5418 ipsi:
662 5372 704 5407 ιιι
723 5356 986 5410 liberaret.

2203 4813 2371 4880 θεΐκὴ
2410 4811 2507 4866 καὶ
2541 4808 2842 4877 ποιητική.
2876 4808 2974 4860 Διὸ
3000 4808 3112 4860 οὐκ
3145 4805 3243 4857 ἐπὶ
3281 4803 3385 4855 τοῦ
3412 4800 3711 4866 παρόντος

2204 4905 2440 4969 αἰῶνος,
2470 4902 2539 4956 ἐν
2567 4894 2616 4966 ᾦ
2649 4902 2702 4954 οἱ
2729 4895 3085 4965 λειτουργοί,
3111 4891 3252 4948 ἀλλ’
3281 4889 3380 4944 ἐπὶ
3421 4887 3528 4954 τῆς
3560 4893 3716 4956 μελ-

2205 4997 2441 5062 λούσης
2483 4990 2861 5058 οἰκουμένης.

2132 5095 2203 5158 γ’.
2249 5089 2379 5140 Ὅτι
2401 5083 2712 5152 ἐσαρκώθη
2741 5079 2890 5134 κατὰ
2913 5077 3183 5132 διάθεσιν
3212 5073 3309 5128 καί
3331 5069 3716 5141 συμπάθειαν

2209 5175 2309 5228 καὶ
2353 5173 2687 5238 οἰκειότητα
2740 5170 2857 5235 τὴν
2910 5167 3059 5236 πρὸς
3106 5163 3263 5233 ἡμᾶς
3303 5163 3400 5216 ἐπὶ
3445 5161 3717 5228 σωτηρίᾳ

2206 5263 2531 5333 ἀνθρώπων
2563 5261 2637 5330 τῇ
2673 5261 2740 5314 ἐκ
2772 5258 3051 5322 θανάτου,
3077 5257 3174 5310 διὰ
3204 5254 3313 5323 τῆς
3346 5253 3496 5321 πρὸς
3525 5250 3718 5306 αὐτὸν

2211 5356 2587 5421 οίκειώσεως.

461 5447 512 5500 li.
543 5446 695 5519 Quod
728 5447 936 5502 Christo
974 5447 1287 5502 credendum
1315 5451 1382 5503 sit
1417 5449 1852 5520 quemadmodum
1895 5450 2010 5506 Mos

2139 5450 2203 5505 δ’.
2245 5451 2373 5503 ’Ὁτι
2418 5446 2776 5502 πιστευτέον
2804 5439 3036 5515 Χριστῷ
3067 5443 3147 5509 ὡς
3188 5437 3389 5495 Μωσεῖ
3425 5436 3716 5490 ἐπίστευ-

535 5535 891 5600 rrediderant,
925 5548 1174 5610 tantoque
1198 5541 1250 5595 id
1289 5540 1472 5595 melius
1500 5551 1694 5610 quanto
1727 5542 1937 5612 dignior
1959 5551 2037 5597 est

539 5629 678 5687 Deus
711 5629 938 5685 homine.

537 5810 558 5841 '
591 5806 747 5865 Rom.
775 5823 864 5878 xv,
886 5807 976 5864 25.
1056 5808 1074 5841 ⁸
1106 5808 1269 5866 llebr.
1325 5822 1421 5875 xu,
1475 5807 1556 5863 12.

2213 5557 2354 5605 σαν,
2385 5542 2514 5596 καθ’
2561 5535 2869 5607 ὑπεροχὴν
2915 5534 2982 5588 δὲ
3037 5533 3152 5603 τὴν
3209 5531 3314 5587 τοῦ
3365 5528 3513 5586 Θεοῦ
3562 5524 3715 5595 πρὸς

2214 5631 2548 5699 ἄνθρωπον.
