3918 6622
478 462 584 525 283
1498 453 1893 520 (ECUMENII
1940 453 2232 516 TRICCIE
2267 453 2613 516 EPISCOPI
3640 448 3745 513 εει

482 576 790 645 app'ellalttl'
826 572 896 629 ad
922 567 1323 628 ostendendum
1358 581 1641 640 egressum
1669 584 1734 624 ex
1765 569 1924 624 Patre
1953 582 2048 622 ve-
2078 619 2081 628 ,

2193 567 2387 639 παρξιν
2429 564 2600 637 ίδικήν
2639 560 3146 636 ιμφιλοχωροῦσαν.
3183 562 3369 626 Οὕτως
3394 562 3433 616 ’ό
3464 560 3527 615 ἓν
3570 560 3744 627 ἁγίοις

483 668 583 723 luti
631 664 1037 738 quodammodo
1083 661 1151 717 ad
1187 660 1485 726 exteriora,
1535 674 1713 728 neque
1757 658 1866 714 ullo
1896 660 2058 714 modo

2185 658 2431 729 ίύριλλος
2464 659 2523 711 ιν
2548 656 2741 728 βιϐλίῳ
2783 655 3024 727 πέμπτῳ
3051 653 3193 724 Περὶ
3226 652 3503 722 Τριάδος.
3542 652 3747 708 ’Δπαύ-

486 765 801 827 separatum
832 770 863 809 a
911 766 1148 825 persona
1174 748 1317 806 unde
1362 757 1470 810 est.
1513 763 1695 818 neque
1723 748 1949 804 omnino
1979 748 2063 803 di-

2185 766 2379 819 τασμα,
2410 747 2472 802 τὸ
2501 746 2787 818 όμοούσιον
2823 748 2920 801 καὶ
2949 747 3218 801 συνατδιον
3253 745 3422 814 δηλοῖ,
3471 739 3590 798 οἷον
3630 743 3745 814 φῶς

487 850 786 911 minutum,
823 845 919 902 sed
944 843 1320 899 demittentem
1367 854 1492 896 sese
1523 847 1583 893 ut
1613 838 1863 895 subesset
1900 848 1954 893 et
2005 839 2061 893 in

2185 859 2233 895 ικ
2260 838 2814 910 φωτόςνΧαρακτὴρ,
2843 833 2955 894 οἷον
2983 838 3232 909 ὁμοίωμα
3253 837 3352 905 τῆς
3382 836 3549 906 δόξης
3572 835 3604 889 ὁ
3625 831 3748 902 Υἱὸς

488 956 589 998 sua
620 938 926 996 substantia
955 937 1368 991 immoraretur.
1399 934 1475 986 ita
1511 931 1674 986 habet
1705 931 1865 986 divus
1886 929 2065 1001 Cyril-

2185 933 2265 987 τοῦ
2321 932 2552 1003 Πατρός.
2580 932 2809 999 Ὅμοιος
2833 932 2942 1002 γὰρ
2970 931 3066 984 καὶ
3104 929 3530 1001 ἀπαράλλακτος
3555 932 3585 984 ό
3620 930 3745 996 Υἱὸς

490 1034 577 1091 lus
600 1033 743 1087 libro
763 1031 959 1102 quinto
984 1026 1057 1080 De
1081 1025 1367 1080 Trinitate.
1394 1021 1665 1093 Splendor
1693 1022 2065 1078 consubstan-

2185 1024 2262 1079 τοῦ
2291 1023 2524 1095 Πατρὸς,
2549 1008 2644 1078 καὶ
2663 1017 2776 1077 οἷον
2800 1020 2882 1087 εἷς
2912 1021 3197 1093 χαρακτήρ
3220 1025 3277 1076 ἐν
3300 1021 3588 1093 διαφόροις
3619 1022 3747 1077 ὑπο-

490 1125 773 1180 tialitatem
813 1130 868 1177 et
889 1106 1324 1174 coaeternitatem
1379 1115 1675 1187 signiﬁcat,
1703 1115 1809 1171 hoc
1843 1123 1949 1181 est,
1976 1114 2065 1169 lu-

2185 1118 2414 1172 ττὰσεσι.
2445 1135 2465 1169 ‹
2490 1116 2678 1187 Φέρων
2695 1133 2756 1170 τε
2783 1115 2853 1171 τὰ
2880 1116 3078 1170 πάντα.
3098 1133 3117 1168 ι
3146 1111 3272 1169 Οἷον
3298 1115 3369 1170 τὰ
3405 1114 3622 1184 ἀόρατα
3658 1116 3747 1171 καὶ

491 1232 608 1273 cem
633 1216 702 1271 de
736 1216 879 1269 luce.
908 1212 1183 1281 Expressa
1209 1211 1389 1281 imago
1418 1208 1533 1265 sive
1557 1208 1860 1266 similitudo
1878 1207 2066 1278 gloriae

2185 1208 2236 1262 ιὰ
2284 1208 2456 1279 ὁρατά
2490 1207 2549 1260 ὲν
2572 1206 2650 1278 τῷ
2687 1208 2892 1278 ῥήματι
2928 1206 3245 1278 περιφέρων
3291 1207 3387 1260 καὶ
3443 1205 3745 1273 κυϐερνῶν.
3854 1260 3857 1263 ,

491 1307 673 1363 Patris
715 1314 802 1361 est
847 1305 1040 1360 Filius.
1077 1301 1211 1357 Nam
1267 1302 1464 1358 similis
1502 1311 1558 1357 et
1597 1298 1984 1370 inseparabilis
2033 1313 2065 1353 a

2185 1298 2362 1368 Ῥῆμα
2396 1298 2453 1351 δὲ
2487 1293 2630 1365 εἷπε,
2658 1297 2875 1363 δεικνὺς
2907 1298 3085 1353 πάντα
3112 1296 3351 1362 εὐκόλως
3389 1296 3561 1351 αὐτὸν
3601 1296 3746 1364 ἄγειν

490 1399 652 1454 Patre
703 1406 787 1453 est
820 1393 1016 1460 Filius,
1046 1406 1101 1452 et
1126 1395 1294 1453 veluti
1342 1410 1445 1450 una
1505 1394 1677 1466 ﬁgura
1737 1394 1792 1448 in
1833 1391 2067 1449 diversis
2173 1392 2269 1445 καὶ
2301 1390 2509 1462 φέρειν.

493 1491 761 1563 personis.
786 1491 1440 1546 «Moderareturomniaa
1465 1488 1580 1545 Hoc
1607 1496 1694 1546 est
1714 1487 1950 1544 visibilis
1985 1494 2038 1543 et
2057 1486 2352 1542 invisibilia
2380 1487 2547 1542 verbo
2569 1486 2965 1543 circumferens
2984 1494 3037 1542 et
3051 1486 3384 1557 gubernans.
3403 1484 3550 1540 Dixit
3568 1493 3745 1540 autem

492 1582 693 1647 Verbo,
707 1583 1008 1640 ostendens
1020 1582 1166 1653 quod
1190 1581 1238 1637 l‘a
1247 1582 1351 1639 cile
1366 1589 1564 1638 cuncta
1581 1580 1748 1636 ducat
1766 1588 1821 1637 et
1865 1581 2026 1636 ferat.
2054 1586 2067 1640 ξ

2238 1580 2317 1634 Δι’
2338 1580 2557 1635 ἑαυτοῦ
2590 1580 2963 1650 καθαρισμὸν
2989 1578 3400 1648 ποιησάμενος
3430 1578 3554 1632 τῶν
3578 1580 3752 1650 ἁμαρ-

563 1675 610 1739 1.
643 1676 765 1730 3-4.
794 1675 897 1748 Per
931 1676 1266 1742 semetipsum
1309 1674 1623 1744 purgatione
1651 1674 1797 1743 facta
1826 1679 2069 1740 peccato-

2185 1672 2311 1727 ru'iw
2337 1671 2526 1741 ἡμῶν,
2549 1672 2834 1727 ἐκάθισεν
2851 1672 2922 1727 ἐν
2958 1671 3135 1741 δεξιᾷ
3172 1671 3284 1739 τῆς
3306 1672 3747 1748 μεγαλωσύνης

494 1783 611 1821 rum
641 1743 967 1830 nostrorum,
1022 1766 1258 1820 consedit
1313 1743 1371 1820 in
1407 1743 1626 1820 dextera
1664 1766 1963 1834 majestatis
2013 1765 2070 1818 in

2185 1764 2242 1819 ir
2290 1764 2576 1834 ὑψηλοῖς,
2626 1766 2898 1830 τοσούτῳ
2942 1766 3225 1834 κρείττων
3256 1743 3588 1834 γενόμενος
3638 1762 3752 1821 τῶν

493 1856 712 1912 excelsis
745 1872 764 1922 ,'
815 1866 960 1911 tanta
1006 1858 1352 1925 praestantior
1387 1857 1564 1926 factus
1616 1857 1840 1926 angelis,
1876 1866 2074 1926 quanto

2185 1857 2453 1927 ἀγγέλων
2474 1898 2491 1924 ,
2516 1857 2643 1926 ὅσῳ
2670 1857 3107 1929 διαφορώτερον
3132 1858 3266 1927 παρ’
3287 1858 3520 1924 αὐτοὺς
3541 1858 3747 1929 κεκλη-

494 1948 752 2004 exeelsius
776 1964 887 2016 pra:
913 1949 1024 2004 illis
1050 1949 1386 2003 Iurredilario
1404 1950 1529 2018 jure
1547 1957 1734 2003 nactus
1762 1957 1842 2003 est
1867 1965 2072 2004 nomen.

2185 1948 2517 2018 ρονόμηκεν
2549 1949 2759 2020 ὄνομα.

568 2038 809 2096 Locutus
846 2040 913 2095 de
962 2037 1108 2097 nudo
1163 2039 1253 2095 Dei
1292 2038 1489 2108 Verbo,
1526 2040 1673 2096 venit
1721 2039 1788 2094 ad
1824 2040 2081 2096 incarna-

2254 2039 2506 2113 Είρηκὼς
2539 2041 2669 2111 περὶ
2693 2040 2904 2111 γυμνοῦ
2932 2040 3028 2094 τοῦ
3079 2039 3217 2094 Θεοῦ
3249 2039 3440 2109 λόγου,
3471 2034 3636 2111 ἦλθεν
3670 2040 3744 2106 είς

498 2130 722 2196 tionem,
752 2146 819 2186 ne
842 2132 913 2187 ob
953 2147 1144 2186 eorum
1176 2146 1298 2202 quae
1324 2132 1471 2187 dicta
1511 2139 1643 2186 sunt
1679 2131 2075 2186 sublimitatem

2185 2132 2283 2205 τὴν
2309 2131 2746 2205 ὲνανθρὼπησιν,
2785 2132 2873 2187 ἵνα
2924 2133 2999 2205 μὴ
3028 2132 3106 2205 τῷ
3139 2131 3265 2203 ὕψει
3306 2132 3419 2186 τῶν
3449 2129 3747 2201 εἰρημένων

495 2220 884 2275 obruerentur.
939 2219 1044 2275 Per
1101 2222 1364 2291 scipsum,
1426 2221 1627 2293 inquit,
1680 2222 1784 2277 hoc
1827 2230 1931 2287 est,
1964 2237 2076 2277 non

496 2311 665 2365 alium
715 2311 861 2365 misit
901 2311 1239 2377 ministrum,
1286 2312 1381 2368 sed
1416 2327 1515 2382 per
1544 2313 1784 2383 seipsum
1816 2321 2075 2381 operatus

496 2407 581 2454 est
603 2401 1003 2471 purgationem,
1030 2416 1124 2470 per
1154 2416 1372 2456 crucem
1403 2407 1458 2457 et
1487 2412 1716 2456 mortem
1747 2415 1925 2466 suam,
1949 2415 2074 2454 cum

497 2505 600 2546 nos
647 2506 678 2545 a
736 2494 977 2561 peccatis
1027 2493 1081 2546 in
1138 2493 1465 2564 baptismate
1514 2493 1821 2548 liberasset.
1856 2510 1876 2544 ι
1915 2490 2119 2562 Maje-.

402 2621 409 2625 .
498 2580 679 2644 statis,
723 2599 742 2632 ι
793 2582 897 2636 hoc
934 2582 1264 2652 est,_Patris.
1323 2580 1490 2638 Facta
1535 2583 1681 2638 enim
1728 2582 1961 2652 primum
1992 2596 2081 2637 re-

501 2668 765 2725 missione
810 2648 1187 2739 peceato'rum,
1240 2684 1365 2725 cum
1416 2684 1580 2725 carne
1607 2684 1705 2726 sua
1729 2648 1989 2725 consedit
2021 2670 2077 2725 in

499 2758 725 2814 dextera
758 2760 875 2816 Dei.
917 2780 935 2813 ι
975 2760 1032 2816 In
1069 2762 1325 2819 excelsis.
1356 2780 1374 2814 ι
1413 2760 1591 2829 Super
1618 2776 1831 2824 omnes.
1873 2762 2075 2832 inquit,

497 2851 770 2919 ascendit,
803 2853 871 2907 ad
902 2852 1080 2923 ipsum
1106 2861 1390 2923 paternum
1418 2852 1695 2908 thronum.
1741 2852 1868 2908 Haec
1890 2860 2074 2909 autent

499 2943 1132 3000 consubstantialitatem
1162 2943 1498 3015 signiﬁcant.
1542 2963 1562 2997 ι
1600 2944 1778 3000 Tanto
1810 2954 2079 3016 praestan-

499 3036 610 3090 tior
660 3036 842 3093 lactus
886 3037 1117 3107 angelis.
1148 3055 1168 3088 ι
1200 3036 1276 3091 De
1293 3037 1702 3107 dispensatione
1752 3039 1856 3108 ipsi
1896 3054 2077 3097 sermo

497 3137 606 3180 εει.
638 3124 769 3179 Nam
804 3140 937 3180 caro
958 3125 1131 3196 ipsius
1166 3126 1312 3182 facta
1330 3135 1415 3183 est
1446 3143 1461 3181 :
1492 3126 1635 3183 Deus
1658 3128 1803 3184 enim
1836 3126 2075 3184 Verbum

500 3234 609 3274 non
631 3228 716 3276 est
742 3219 972 3287 factum,
1005 3220 1100 3276 sed
1145 3221 1410 3289 genitum.
1437 3219 1616 3276 Tanto
1655 3236 1786 3292 ergo
1809 3230 2079 3292 praestan-

2184 2227 2546 2294 ἰλιγγιάσωσι.
2590 2223 2669 2278 Δι’
2695 2224 2916 2290 ἑαυτοῦ,
2958 2225 3114 2296 φησὶ,
3138 2223 3448 2287 τουτέστιν,
3480 2223 3581 2276 ούκ
3600 2221 3746 2277 ἄλλον

2180 2317 2394 2389 ἔπεμψε
2425 2316 2802 2381 διακονοῦντα,
2854 2316 2992 2373 ἀλλὰ
3030 2316 3098 2370 δι’
3149 2312 3346 2369 ἑαυτοῦ
3408 2313 3745 2384 καθαρισμὸν

2180 2410 2497 2478 είργάσστο,
2530 2408 2620 2463 διὰ
2653 2408 2749 2463 τοῦ
2778 2408 3015 2480 σταυροῦ
3048 2408 3143 2463 καὶ
3174 2407 3269 2461 τοῦ
3306 2405 3550 2461 θανάτου
3568 2405 3741 2472 αὐτοῦ,

2184 2499 2559 2572 ἐλευθερώσας
2580 2499 2689 2554 τῶν
2716 2499 3004 2572 ἁμαρτιῶν
3026 2501 3172 2572 ἡμᾶς
3196 2501 3254 2554 ὲν
3278 2497 3359 2569 τῷ
3387 2497 3746 2569 βαπτίσματι.

2188 2613 2208 2648 ι
2246 2595 2358 2666 Τῆς
2394 2591 2805 2665 μεγαλωσύνης,
2840 2611 2860 2645 ι
2910 2585 3042 2658 οἷον,
3084 2591 3191 2646 Τοῦ
3243 2590 3485 2662 Πατρός.
3536 2589 3745 2661 Πρῶτον

2176 2686 2285 2757 γὰρ
2315 2684 2511 2755 ἄφεσιν
2549 2684 2833 2756 ἁμαρτιῶν
2859 2683 3226 2754 ποιησάμενος
3249 2681 3389 2753 μετὰ
3414 2680 3521 2750 τῆς
3549 2679 3744 2752 σαρκὸς

2180 2777 2345 2833 αὐτοῦ
2390 2777 2644 2834 ἐκάθισεν
2671 2778 2730 2831 ὲν
2761 2776 2912 2846 δεξιᾷ
2936 2775 3029 2831 τοῦ
3053 2773 3212 2829 θεοῦ.
3251 2793 3270 2827 ι
3316 2774 3411 2828 Ἐν
3447 2772 3685 2843 ὑψηλοῖς.
3720 2790 3738 2825 ι

2177 2874 2397 2929 πάντων
2424 2873 2627 2940 ἐπάνω,
2656 2874 2841 2944 φησὶν,
2861 2872 2940 2935 είς
2958 2870 3121 2925 αὐτὸν
3144 2869 3235 2924 τὸν
3261 2867 3527 2941 πατρῷον
3547 2867 3742 2937 θρόνον.

2180 2966 2365 3020 Ταῦτα
2388 2965 2444 3019 δὲ
2485 2965 2545 3018 τὸ
2580 2962 2867 3035 ὀμοούσιον
2914 2961 3086 3031 δηλοῖ.
3123 2979 3142 3013 t
3178 2958 3438 3029 Τοσούτῳ
3494 2959 3745 3029 κρείττων

2180 3057 2472 3127 γενόμενος
2487 3055 2596 3110 τῶν
2626 3054 2898 3125 ἀγγέλων.
2909 3073 2931 3105 »
2954 3052 3090 3124 Περὶ
3102 3052 3200 3122 τῆς
3225 3050 3544 3120 οἰκονομίας
3558 3051 3584 3102 ὀ
3601 3047 3743 3116 λόγος

2182 3146 2351 3219 αὐτῷ.
2404 3145 2470 3199 'H
2523 3144 2632 3217 γὰρ
2688 3143 2824 3216 σὰρξ
2854 3141 3021 3198 αὐτοῦ
3077 3143 3315 3213 ἐγένετο.
3363 3138 3427 3194 '0
3468 3138 3575 3209 γὰρ
3626 3137 3744 3200 Θεὸς

2183 3240 2357 3307 Λόγος
2394 3237 2454 3291 οὐ
2488 3237 2738 3307 γέγονεν,
2795 3235 2934 3290 ἀλλὰ
2992 3233 3336 3303 γεγέννηται.
3384 3230 3634 3301 Τοσούτῳ
3662 3226 3745 3284 οὖν

501 3312 611 3366 ῑίον
646 3311 793 3367 Ῑ³ε¹⁰
837 3319 923 3367 δεῖ
984 3326 1117 3367 eam
1171 3312 1294 3381 eius
1351 3312 1490 3382 ίΡ³Ῐ³
1539 3311 1747 3382 θηεοιῑε
1768 3351 1784 3375 ν
1816 3321 2082 3383 ειυθηιυιη
2111 3316 2156 3376 C
2189 3329 2455 3400 κρείττων
2482 3329 2516 3398 ή
2558 3325 2694 3397 σὰρξ
2721 3325 2886 3379 αύτοῦ
2912 3324 3092 3379 αὐτῶν
3123 3323 3315 3394 γέγονε
3348 3322 3462 3378 τῶν
3492 3322 3740 3391 ἀγγέλων.

502 3403 633 3458 licet
657 3418 723 3457 ex
762 3403 1086 3459 excellentia
1108 3403 1392 3458 nominum
1423 3418 1779 3475 cognoscere.
1808 3405 1915 3460 Aut
1936 3403 2083 3476 quod

506 3495 712 3549 dicitur
739 3492 962 3558 Factus,
1009 3509 1120 3549 non
1166 3494 1235 3551 de
1293 3510 1460 3551 carne
1497 3497 1758 3567 accipias,
1794 3513 1863 3554 ne
1900 3498 2083 3568 ipsum

504 3602 571 3641 cx
605 3586 713 3641 hoc
763 3585 934 3641 dividi
988 3586 1274 3642 existimes
1306 3604 1322 3642 :
1365 3586 1458 3643 sed
1498 3586 1567 3643 de
1595 3589 1855 3656 Christo,
1899 3590 1993 3661 qui
2028 3589 2083 3644 in

503 3694 615 3735 una
642 3680 926 3752 hypostasi
962 3678 1226 3734 aduratur
1248 3681 1414 3737 etiam
1447 3699 1571 3738 eum
1590 3696 1756 3738 carne
1778 3698 1898 3738 sua.
1942 3681 2077 3738 Nam

502 3771 595 3825 ubi
622 3770 791 3827 semel
822 3771 876 3826 id
903 3770 1048 3841 quod
1072 3771 1505 3841 dispensationis
1525 3783 1611 3830 est
1644 3774 1842 3844 attigit,
1871 3776 2080 3846 absque

504 3860 708 3914 timore
745 3873 870 3929 qua;
907 3867 1033 3913 sunt
1080 3858 1307 3915 humilia
1369 3862 1628 3931 loquitur.
1665 3883 1684 3914 ‹
1729 3862 2083 3918 llaereditario

498 3953 629 4022 jure
665 3960 863 4009 nactus
908 3960 993 4008 est
1033 3968 1251 4007 nomen.
1287 3971 1307 4005 ι
1351 3952 1586 4007 Verbum
1626 3954 1795 4021 enim,
1830 3968 1956 4009 cum
2010 3953 2080 4008 ab

507 4044 667 4100 initio
704 4059 904 4099 nomen
943 4044 1102 4113 321
1136 4043 1365 4099 haberet
1398 4042 1546 4109 Filii,
1575 4044 1741 4098 etiam
1771 4058 1896 4099 cum
1913 4058 2082 4099 carne

506 4135 638 4190 illud
667 4135 881 4191 habuit.
919 4133 1111 4189 Merito
1155 4149 1283 4203 ergo
1333 4134 1536 4189 dicitur
1562 4133 1921 4189 Haereditario
1955 4135 2081 4204 jure

503 4235 703 4283 nactus
756 4234 840 4283 est
872 4267 888 4291 ,
940 4233 1163 4295 propter
1215 4224 1670 4282 incarnationem.
1722 4223 1929 4280 Nactus
1993 4234 2080 4281 est

503 4332 687 4376 autem
756 4319 943 4373 vocari
1005 4319 1261 4375 Christus
1313 4318 1430 4373 Dici
1495 4319 1661 4390 igitur
1729 4318 1797 4373 de
1855 4319 2077 4374 Christo

503 4412 648 4483 quod
710 4409 1059 4466 haereditario
1116 4410 1244 4478 jure
1309 4419 1507 4465 nactus
1577 4417 1715 4475 est,
1803 4410 2079 4479 signiﬁcat

506 4518 633 4558 eum
667 4501 1044 4572 acquisivisse
1071 4501 1204 4557 illud
1261 4501 1408 4572 quod
1469 4501 1583 4571 jam
1635 4501 1766 4556 olim
1785 4501 2074 4558 habuerat.

508 4593 628 4647 Alio
653 4593 829 4648 modo.
892 4591 1191 4648 Hereditas
1230 4606 1421 4648 eorum
1469 4598 1552 4647 est
1578 4604 1698 4660 quae
1740 4590 1866 4659 jure
1912 4590 2078 4646 obveo

510 4686 689 4748 niunt.
720 4691 775 4740 et
806 4699 915 4740 non
954 4690 1083 4756 quae
1112 4684 1289 4740 aliena
1335 4690 1488 4740 sunt.
1537 4683 1729 4753 Itaque
1753 4683 1899 4754 quod
1925 4698 1955 4737 e
1989 4699 2080 4739 sn-

508 4779 694 4849 pernis
738 4776 917 4834 Verbo
954 4777 1360 4843 conveniebat,
1399 4777 1452 4832 id
1514 4775 1730 4831 inferne
1780 4775 2079 4830 deductum

508 4874 719 4944 accepit
770 4889 869 4944 per
914 4873 1096 4943 ipsum
1153 4874 1318 4928 etiam
1383 4879 1665 4941 assumpta
1718 4885 1868 4925 caro.
1924 4868 2080 4936 Quod

508 4976 692 5020 autem
733 4972 820 5020 est
869 4964 1042 5020 illud?
1098 4963 1289 5031 Filius,
1349 4965 1518 5020 Deum
1563 4963 1949 5019 universorum
1986 4962 2082 5032 qui

508 5060 671 5114 Pater
699 5065 787 5114 est
808 5058 983 5128 ipsius
1005 5073 1223 5128 quoque
1243 5057 1427 5113 carnis
1449 5067 1551 5122 est,
1583 5056 1777 5111 dicere
1796 5053 1972 5110 Genui
2004 5060 2077 5108 te.

508 5146 666 5213 Quod
697 5153 880 5201 autem
915 5145 993 5200 ait
1025 5159 1041 5199 :
1078 5144 1273 5210 Hodie,
1318 5160 1425 5200 non
1463 5143 1728 5214 temporis
1755 5142 2081 5212 signiﬁcati-

507 5251 637 5293 vum
662 5243 771 5303 est,
814 5235 908 5290 sed
944 5235 1087 5304 quod
1122 5250 1401 5305 nunquam
1449 5243 1736 5304 separatus
1790 5233 1892 5286 fuit
1924 5230 2088 5285 Pater

510 5346 539 5383 a
581 5328 823 5399 legitima
872 5327 1137 5397 paternali
1185 5327 1504 5381 habitudine
1550 5341 1715 5397 quam
1756 5324 1921 5379 habet
1958 5337 2085 5393 erga

510 5422 730 5478 Filium.
776 5423 856 5476 Ac
913 5422 961 5476 si
1005 5421 1253 5476 diceret:
1288 5420 1516 5491 Semper
1542 5420 1648 5475 hoc
1674 5418 1837 5474 modo
1866 5431 1996 5489 erga
2030 5427 2083 5472 te

507 5516 740 5571 allectus
778 5529 901 5570 sum
930 5527 946 5568 :
980 5527 1088 5567 non
1119 5512 1275 5582 quasi
1309 5514 1607 5569 accesserit
1646 5512 1949 5584 generatio,
1985 5508 2084 5565 sed

506 5606 655 5677 quod
677 5611 988 5677 perseveret
1009 5617 1224 5672 semper
1242 5612 1296 5659 et
1313 5604 1631 5659 continuum
1650 5603 1916 5659 sortiatur
1934 5600 2089 5672 prin-

508 5700 735 5768 cipium,
770 5697 1095 5765 nullumque
1138 5695 1320 5751 ﬁnem.
1353 5694 1657 5751 Considera
1695 5710 1827 5749 vero
1880 5708 1948 5749 ne
1978 5706 2089 5763 quo

510 5788 673 5843 modo
729 5788 804 5842 ita
859 5786 1043 5857 potius
1095 5787 1333 5855 adaptet,
1369 5796 1428 5841 ut
1462 5788 1622 5840 ambo
1674 5784 1895 5854 quidem
1936 5782 2082 5838 dicta

510 5880 621 5935 sint
652 5885 718 5936 de
749 5877 992 5946 Christo,
1013 5886 1087 5946 ct,
1117 5875 1288 5933 Filius
1316 5892 1472 5934 meus
1494 5891 1552 5933 es
1582 5884 1659 5942 tu,
1692 5884 1741 5931 et
1772 5875 1904 5946 Ego,
1929 5874 2089 5931 hodie

2106 4649 2153 4705 D

2182 3420 2306 3474 ὅσον
2343 3420 2481 3486 ἐστὶ,
2523 3420 2711 3489 φησιν,
2769 3419 2833 3471 ὲκ
2885 3416 2986 3487 τῆς
3032 3415 3142 3470 τῶν
3170 3415 3461 3485 ὀνομάτων
3494 3413 3740 3485 διαφορᾶς

2185 3509 2389 3578 γνῶναι
2414 3507 2972 3583 [ΟιΚΟΥΜΕΝῐΟΥ.]
2999 3537 3070 3548 -
3108 3508 3179 3561 Ἢ
3212 3505 3273 3559 τὸ
3301 3505 3621 3575 Γενόμενος,
3656 3503 3742 3557 οὐκ

2183 3602 2275 3655 ἐπὶ
2309 3602 2506 3673 σαρκὸς
2524 3601 2799 3665 ἐκλάὁοις,
2834 3601 2922 3654 ἵνα
2946 3598 3020 3671 μὴ
3054 3599 3285 3670 διαιρεῖν
3328 3596 3611 3669 νομισθῇς,
3635 3594 3736 3650 ἀλλ’

2183 3693 2275 3746 ἐπὶ
2315 3696 2408 3747 τοῦ
2442 3693 2681 3766 Χριστοῦ
2716 3692 2808 3746 τοῦ
2863 3693 2920 3745 ὲν
2948 3694 3043 3762 μιᾷ
3068 3691 3367 3744 ὑποστάσει
3418 3703 3741 3757 προσκυνου-

2192 3783 2379 3855 μένου,
2406 3785 2499 3838 καὶ
2541 3783 2679 3854 μετὰ
2711 3784 2811 3853 τῆς
2838 3779 3039 3851 σαρκὸς
3067 3778 3255 3837 αὐτοῦ.
3291 3776 3481 3842 ’Ἃπαξ
3519 3777 3621 3847 γὰρ
3653 3774 3741 3844 τῆς

2185 3877 2500 3948 οἰκονομίας
2524 3875 2949 3944 ἐπιλαϐόμενος,
2985 3872 3154 3935 ἀδεῶς
3177 3870 3246 3925 τὰ
3270 3868 3505 3924 ταπεινὰ
3532 3866 3745 3937 φθέγγε-

2184 3988 2295 4024 ται.
2364 3988 2382 4021 ι
2428 3967 2926 4039 Κεκληρονόμηκεν
2981 3965 3172 4034 ὄνομα.
3236 3980 3254 4015 ι
3315 3963 3389 4016 Τδ
3429 3961 3559 4032 γὰρ,
3611 3959 3740 4022 Υἱὸς.

2182 4061 2352 4133 ὄνομα
2391 4060 2529 4131 ἔχων
2562 4058 2657 4115 ἀπ’
2687 4059 2863 4130 ἀρχῆς
2893 4057 2920 4111 ὁ
2951 4056 3145 4125 Λογὸς,
3188 4055 3281 4110 καὶ
3337 4052 3477 4125 μετᾶ
3511 4053 3603 4122 τῆς
3632 4067 3743 4120 σαρ-

2192 4154 2310 4217 κὸς,
2338 4152 2504 4207 αὐτοῦ
2560 4151 2739 4222 ἔσχεν.
2778 4148 3019 4212 Εἰκότως
3069 4145 3163 4201 οὖν
3206 4149 3289 4213 τὸ,
3325 4142 3741 4221 Ἐκληρονόμηστ

2183 4247 2389 4308 κεῖται,
2432 4245 2508 4308 ὡς
2559 4242 2647 4297 διὰ
2683 4242 2782 4312 τὴν
2844 4237 3283 4310 ὲνανθρώπησιν.
3324 4232 3740 4306 Ἐκλήρονόμησε

2191 4336 2271 4400 δὲ,
2297 4336 2359 4389 τὸ
2386 4332 2643 4402 λέγεσθαι
2699 4332 2956 4404 Χριστός.
2998 4330 3301 4399 Ἐκτήσατο
3339 4324 3456 4392 οὖν,
3480 4327 3507 4380 δ
3533 4325 3621 4379 καὶ
3650 4322 3740 4375 πάι

2177 4428 2268 4482 λαι
2287 4422 2453 4497 εἶχεν.
2488 4428 2735 4493 Ἄλλως.
2771 4425 2837 4480 Ἦ
2860 4422 3193 4497 κληρονομία
3224 4421 3430 4492 κυρίως
3461 4417 3567 4473 τῶν
3595 4431 3743 4486 προσ·

2179 4518 2425 4589 ηκόντων
2513 4516 2766 4585 γίνεται,
2820 4515 2937 4570 ἀλλ’
2987 4514 3049 4568 ού
3126 4514 3237 4569 τῶν
3296 4508 3736 4582 ἠλλοτριωμένων.

2188 4608 2657 4679 Ἐκληρονόμησεν
2694 4606 2809 4668 οὖν.
2845 4607 2983 4675 ὅπερ
3017 4603 3224 4660 ἄνωθεν
3276 4604 3406 4673 ἐνῆν
3454 4601 3531 4671 τῷ
3581 4600 3739 4666 Λόγῳ.

2186 4697 2353 4751 τοῦτο
2406 4694 2732 4766 κατενεχθὲν
2766 4694 2834 4748 δι’
2867 4694 3055 4759 αὐτοῦ,
3124 4693 3221 4746 καὶ
3267 4694 3303 4764 ή
3356 4689 3740 4760 προσληφθεῖσα

2188 4787 2346 4859 σάρξ.
2363 4785 2430 4840 Τί
2456 4785 2512 4839 δέ
2536 4788 2651 4839 ἐστι
2683 4784 2877 4851 τοῦτ-ος
2903 4785 2976 4838 Τὸ
3002 4784 3149 4851 Υἱὸς,
3186 4785 3248 4839 τὸ
3267 4776 3522 4853 λέγεσθαι
3541 4780 3626 4834 τὸν
3648 4776 3739 4830 τῶν

2188 4877 2331 4932 ὅλων
2367 4875 2501 4930 Θεὸν
2542 4876 2764 4948 Πατέρα
2789 4876 2983 4946 αὐτῆς,
3024 4875 3085 4929 τὸ
3113 4875 3432 4947 Γεγέννηκά
3470 4890 3549 4928 σε.
3580 4870 3646 4923 Τὸ
3669 4868 3736 4932 δὲ,

2196 4971 2470 5041 Σήμερον,
2492 4969 2555 5023 οὐ
2585 4969 2778 5040 χρόνου
2806 4968 3129 5040 δηλωτικὸν,
3164 4967 3300 5021 ἀλλὰ
3348 4966 3446 5021 τοῦ
3475 4963 3604 5037 μηδὲ
3625 4975 3738 5016 ποτα

2187 5061 2523 5116 διεσπᾶσθαι
2573 5059 2664 5113 τὸν
2700 5059 2920 5130 Πατέρα
2953 5059 3052 5130 τῆς
3100 5057 3459 5129 γνηοιότητος
3483 5056 3578 5126 τῆς
3621 5050 3737 5123 πρὸς

2179 5150 2272 5204 τὸν
2296 5149 2448 5206 Υίόν.
2481 5142 2607 5203 Οἶον
2656 5148 2791 5213 Ἀεὶ,
2817 5147 3004 5218 φησὶν,
3034 5144 3207 5211 οὕτως
3234 5143 3371 5217 πρὸς
3391 5144 3450 5200 σὲ
3467 5142 3735 5212 διάκειμαι,

2183 5242 2283 5313 οὐχ
2306 5241 2385 5305 ὡς
2414 5240 2787 5313 παρελθούσης
2809 5240 2909 5310 τῆς
2944 5238 3278 5308 γεννήσεως,
3304 5236 3511 5300 ἀλλ’ὡς
3539 5233 3737 5300 ἐνεστη-

2188 5333 2350 5396 κυίας
2399 5330 2691 5394 διαπαντὸς
2745 5330 2840 5384 καὶ
2870 5329 2995 5385 καθ’
3030 5329 3269 5399 ἑκάστην
3305 5328 3499 5400 ἀρχὴν,
3546 5323 3651 5378 ἀλλ’
3682 5319 3735 5373 οὐ

2191 5424 2341 5488 τέλος
2367 5421 2774 5495 λαμϐανούσης.
2816 5422 3014 5476 Σκόπει
3033 5421 3112 5486 δὲ,
3155 5419 3230 5490 μή
3265 5436 3396 5473 ποτε
3422 5416 3616 5489 μᾶλλον
3649 5409 3731 5495 οὗέ

2195 5529 2303 5577 τως
2323 5513 2560 5585 ἀρμόζῃ,
2590 5494 2758 5583 ἄμφω
2790 5510 2889 5580 μὲν
2914 5507 3168 5579 εἰρῆσθαι
3190 5507 3284 5560 ἐπὶ
3306 5505 3400 5559 τοῦ
3421 5499 3663 5576 Χριστοῦ,
3682 5494 3732 5548 τό

2195 5624 2256 5661 τε
2284 5606 2411 5669 Υἱός
2444 5621 2545 5677 μου
2576 5601 2627 5658 εἳ
2655 5605 2742 5668 σὺ,
2775 5603 2871 5657 καὶ
2898 5603 2982 5667 τὸ,
3022 5599 3165 5669 Ἐγὼ
3189 5600 3429 5670 σήμερον
3459 5587 3733 5664 γεγέννηκὰ

2198 5714 2278 5751 σε.
2323 5696 2485 5751 Ἀλλὰ
2540 5695 2602 5749 τὸ
2653 5694 2771 5765 μὲν,
2814 5694 2943 5757 Υἱός
2986 5711 3088 5763 μου
3124 5685 3198 5757 εἴ,
3252 5689 3389 5744 καθὸ
3437 5687 3615 5755 λόγος’
3648 5679 3731 5748 τὴν

2192 5786 2365 5842 ἀΐδιον
2409 5786 2518 5855 γὰρ
2562 5784 2651 5840 διὰ
2687 5784 2784 5838 τοῦ
2821 5779 2906 5850 Εἴ,
2943 5782 3195 5853 γέννησιν
3223 5779 3473 5852 σημαίνει
3507 5792 3520 5809 ⁸
3552 5772 3608 5828 τὸ
3645 5769 3719 5831 δὲ.

2199 5878 2449 5949 Σήμερον
2496 5875 2804 5947 γεγέννηκά
2859 5891 2938 5944 σε,
2974 5872 3111 5928 καθὸ
3141 5871 3277 5944 σὰρξ
3319 5873 3414 5944 τὴν
3448 5869 3548 5939 γὰρ
3589 5861 3725 5932 πρόσ-
