3988 6580
256 431 366 490 25
1252 431 1640 492 COMMENT.
1692 431 1773 492 IN
1823 429 2064 492 EPIST.
2117 434 2218 494 AD
2259 434 2492 496 HEBR.
3406 439 3512 503 283

256 555 430 610 ςατον
455 537 996 608 γέννησινέμφαίνει.
1045 540 1287 614 Εὺδοκῖᾳ
1334 544 1444 611 γάρ
1485 542 1580 596 τοῦ
1617 544 1819 614 Πατρός

1934 545 2095 612 genui
2137 554 2190 601 te
2224 564 2237 599 :
2273 547 2369 602 sed
2401 547 2557 615 illud,
2588 546 2761 604 Filius
2787 563 2942 606 meus
2971 566 3053 616 es,
3077 559 3348 622 quatenus
3372 553 3513 610 Ver-

253 633 602 700 γεγέννηται.
644 632 868 702 Πνεῦμα
914 632 1047 704 γὰρ,
1090 637 1279 704 φησὶν,
1313 638 1341 689 6
1390 636 1642 705 ἄγγελος,
1673 636 1819 704 ἅγιον

1934 637 2059 692 bum
2087 649 2172 695 est
2202 658 2216 695 :
2251 651 2508 696 aeternam
2539 643 2684 699 enim
2719 643 2992 714 signiﬁcat
3035 647 3368 702 nativitatem
3407 648 3506 716 Es;

251 723 609 778 ἐπελεύσεται
643 725 739 778 ἐπὶ
757 723 838 792 σὲ,
871 719 991 779 εἶτα
1020 727 1116 780 καὶ
1154 727 1383 800 δύναμις
1423 728 1678 800 Ὑψίστου
1707 730 1819 782 έπι-

1933 726 2034 783 hoc
2078 737 2260 785 autem
2298 730 2470 787 Hodie
2501 735 2662 804 genui
2691 745 2764 801 te,
2815 735 2974 803 juxta
3015 752 3235 792 carnem
3271 754 3286 791 :
3318 753 3511 795 recen-

255 815 469 869 σκιάσει
503 832 607 869 σοι.

1930 910 2272 980 beneplacito
2323 923 2486 971 natus
2520 926 2623 972 est.
2668 936 2685 969 ι
2726 918 2963 987 Spiritus
3013 929 3269 986 sanctus,
3331 923 3509 992 inquit

1931 1003 2180 1071 angelus,
2205 1009 2555 1074 superveniet
2585 1009 2637 1062 in
2677 1018 2784 1075 te;i
2823 1011 3021 1067 deinde
3051 1015 3216 1069 etiam
3243 1030 3256 1068 :
3289 1012 3510 1072 (Virtus

846 1119 1096 1175 ΚΕΦΑΛ,
1136 1121 1209 1175 B'.
1927 1093 2192 1150 Altissimi
2233 1098 2581 1154 obnmbrabit
2614 1103 2708 1154 tibi
2743 1103 2838 1156 εει.
2878 1121 2896 1156 ι

253 1236 377 1288 Ὀτι
401 1236 484 1306 κού
512 1235 892 1306 λειτουργική
912 1237 948 1303 ἡ
977 1235 1126 1299 δόξα
1154 1237 1432 1306 Χριστοῦ,
1467 1238 1630 1293 ἀλλὰ
1655 1239 1819 1306 θετκὴ

2513 1191 2742 1248 CAPUT
2782 1195 2847 1250 ΙΙ.

1932 1276 2086 1306 nn“:
2121 1295 2222 1306 ω...
2252 1281 2318 1306 -.-.
2340 1281 2705 1306 ...:_:-.-_.-_..--
2755 1285 2847 1306 _.-.

317 1260 377 1288 ’τι
408 1260 484 1288 ου
512 1260 892 1301 ⁸σιειῖιλιιινγνιῖιη
912 1260 948 1303 η
977 1260 1126 1299 uoca
1154 1260 1432 1306 Αριστου,
1467 1260 1630 1293 αμα
1655 1260 1819 1307 usum

317 1305 416 1376 arui
444 1305 728 1376 ξοιητική
748 1323 760 1336 ·
796 1305 884 1358 διὸ
913 1308 1022 1376 οὐκ
1052 1307 1146 1359 ἐπὶ
1169 1307 1272 1376 τοῦ
1295 1309 1592 1374 παρόντος
1611 1310 1819 1376 αἰῶνος

1932 1276 2318 1376 Qunodnzon‘sit
2339 1281 2706 1376 ministerium
2747 1285 2922 1376 gloria
2951 1285 3302 1376 Chris'ti..sed
3316 1287 3508 1376 divina

1999 1358 2048 1401 et
2079 1350 2259 1416 efﬁcax
2292 1367 2312 1404 ,ο
2343 1351 2458 1424 ideo
2505 1369 2612 1424 non
2638 1423 2641 1424 ν
2667 1350 2912 1420 praesenti
2957 1362 3150 1411 sa’culo
3179 1357 3402 1424 habitet,
3452 1360 3508 1412 in

454 1368 487 1396 .7.
541 1378 585 1396 ΔΙ
636 1375 950 1396 ιιΑ----Α-γΑι
1031 1376 1149 1396 ιςυ
1188 1375 1274 1396 1-1
1373 1368 1404 1387 '-
1568 1368 1628 1396 ἆ·
1687 1382 1698 1396 I

314 1375 386 1427 έν
440 1375 491 1440 ᾧ
531 1378 585 1427 οἱ
619 1375 973 1445 λειτουργοὶ,
1011 1376 1149 1430 ἀλλ’
1178 1375 1275 1430 ἐπὶ
1333 1378 1444 1446 τῆς
1474 1375 1819 1448 μελλούσης

311 1443 700 1514 οἰκουμένης.

1999 1375 2047 1401 τι
2079 1375 2258 1416 τιιιεαιῡ
2292 1375 2311 1404 .'
2343 1375 2458 1404 meo
2512 1375 2612 1405 11011
2667 1375 2910 1420 prwsemt
2957 1375 2969 1410 ὲ

1998 1434 2098 1485 quo
2129 1429 2252 1472 sunt
2284 1423 2534 1486 ministri,
2555 1423 2643 1475 sed
2677 1425 2729 1476 in
2767 1424 2969 1492 futuro.

315 1557 436 1612 Τίνι
462 1558 577 1630 γὰρ
607 1556 728 1611 εἶπέ
761 1575 896 1612 ποτε
919 1559 1029 1612 τῶν
1068 1560 1339 1629 ἀγγέλων,
1374 1561 1502 1624 Υἰός
1528 1579 1630 1631 μου
1658 1559 1710 1616 εἴ
1736 1565 1819 1628 σὺ,

1999 1563 2042 1626 1,
2071 1562 2190 1617 5-7.
2234 1561 2374 1616 Nam
2404 1567 2491 1617 cui
2513 1565 2650 1618 dixit
2680 1583 2908 1638 unquam
2939 1571 3244 1638 angelorum
3277 1585 3296 1624 :
3334 1567 3506 1624 Filius

249 1650 353 1720 ἐγὼ
378 1653 631 1723 σήμερον
661 1651 966 1722 γεγέννηκά
988 1667 1046 1704 σε
1062 1668 1080 1686 ο
1108 1653 1204 1706 καὶ
1225 1653 1390 1706 πάλιν
1416 1669 1430 1685 ο
1476 1654 1819 1726 Ἐγὼὲσομαι

1931 1670 2076 1708 meus
2127 1671 2180 1708 es
2215 1665 2292 1719 tu,
2329 1673 2421 1723 ego
2454 1658 2608 1710 Itodie
2638 1661 2794 1727 genui
2852 1660 2946 1714 te?
2977 1661 3053 1712 Ac
3091 1677 3350 1714 rursum:
3397 1660 3507 1730 Ego

248 1741 395 1813 αὖτῷ
435 1744 522 1804 εἰς
573 1741 814 1812 Πατέρα,
866 1742 963 1796 καὶ
989 1743 1152 1807 αὐτὸς
1210 1745 1364 1798 ἔσται
1430 1762 1521 1814 μοι
1554 1747 1632 1810 εἰς
1674 1747 1819 1802 Υἱόν.

1928 1759 2014 1797 ero
2037 1745 2082 1798 ei
2103 1744 2284 1808 Pater,
2320 1757 2371 1800 et
2403 1747 2494 1802 ille
2528 1751 2627 1803 erit
2664 1749 2791 1802 mihi
2813 1743 2985 1806 Filius
3008 1751 3030 1805 ?
3056 1751 3281 1806 Rursum
3307 1763 3506 1818 autem,

252 1834 413 1886 Ὀταν
454 1834 517 1886 δὲ
549 1833 713 1887 πάλιν
742 1835 1012 1909 εἰσαγάγῃ
1050 1837 1142 1888 τὸν
1201 1836 1550 1904 πρωτότοκον
1597 1838 1678 1899 εἰς
1723 1835 1819 1907 τὴν

1931 1854 2048 1890 cum
2108 1839 2309 1893 inducit
2369 1840 2790 1910 Primogenitum
2855 1844 2910 1897 in
2975 1844 3150 1898 orbem
3204 1854 3506 1912 terrarum,

246 1923 613 1995 οἰκουμένην,
681 1925 849 1994 λέγει,
922 1926 1032 1978 Καὶ
1063 1927 1603 1996 προσκυνησάτωσαν
1673 1927 1819 1998 αύτῷ

1930 1931 2100 1984 dicit:
2138 1929 2205 1983 Et
2235 1938 2451 1986 adorent
2476 1950 2596 1986 eum
2625 1951 2801 1988 omnes
2827 1935 3001 2004 angeli
3043 1937 3158 1990 Dei.
3191 1937 3372 2007 Etiad
3401 1954 3507 1991 att-

251 2018 446 2079 πάντες
480 2017 706 2085 ἄγγελοι
739 2018 894 2072 Θεοῦ.
935 2020 1046 2072 Καὶ
1080 2020 1218 2092 πρὸς
1259 2020 1359 2091 μὲν
1399 2020 1527 2084 τοὺς
1555 2021 1819 2088 ἀγγέλους

1928 2019 2067 2090 gelos
2097 2021 2305 2090 quidem
2341 2024 2414 2076 ait
2444 2037 2466 2082 :
2499 2020 2604 2088 Qui
2629 2025 2763 2092 facit
2793 2029 3007 2098 angelos
3025 2043 3148 2082 suos
3171 2029 3421 2099 spiritus,
3456 2037 3507 2084 et

247 2104 408 2174 λέγει·
461 2107 527 2159 ’0
551 2108 722 2161 ποιῶν
755 2108 880 2170 τοὺς
903 2109 1170 2178 ἀγγέλους
1203 2109 1368 2164 αὐτοῦ
1397 2109 1707 2180 πνεύματα,
1730 2111 1819 2164 καί

1928 2111 2196 2165 ministros
2229 2129 2352 2167 suos
2369 2113 2643 2181 ﬂammam
2675 2117 2834 2182 ignis.

247 2198 366 2260 τοὺς
393 2197 758 2267 λειτουργοὺς
794 2200 960 2253 αὐτοῦ
988 2201 1161 2271 πυρὸς
1197 2201 1393 2270 φλόγα.

1932 826 2039 872 tem
2089 836 2325 891 namque
2373 823 2625 894 designat
2665 826 3028 882 nativitatem.
3063 828 3280 883 Etenim
3329 830 3510 885 Patris
3598 813 3612 830 ’

323 2289 677 2357 Ἦκούσαμεν
704 2291 796 2344 καὶ
827 2292 1107 2361 ἄνθρωποι
1147 2294 1274 2355 υἱοὶ,
1303 2294 1439 2348 ἀλλά
1475 2296 1620 2350 κατά
1639 2296 1821 2370 χάριν.

249 2381 308 2435 Οἰ
331 2383 386 2436 δὲ
417 2383 646 2452 ἄγγελοι
669 2385 768 2438 οὐκ
791 2385 1054 2456 ἥκουσαν,
1086 2387 1173 2441 ἵνα
1204 2387 1279 2461 μὴ
1304 2389 1366 2443 τδ
1403 2391 1692 2460 μεγαλεῖον
1730 2393 1826 2447 αύ-

250 2474 370 2539 τῶν,
405 2475 486 2546 μὴ
519 2476 832 2546 ἐπιδὲξηται
858 2478 919 2532 τὸ
947 2479 1089 2533 κατὰ
1115 2479 1299 2551 χάριν,
1329 2481 1466 2537 ἀλλὰ
1488 2485 1630 2538 κατά
1661 2483 1826 2553 φύσιν

250 2568 503 2638 νομισθῇ.
541 2569 601 2623 ’0
631 2569 689 2622 δὲ
727 2571 962 2641 Χριστὸς
1002 2573 1061 2626 οὐ
1092 2573 1237 2627 κατὰ
1287 2575 1468 2647 χάριν,
1507 2577 1644 2630 ἀλλὰ
1681 2579 1824 2632 κατά

252 2659 426 2727 φύσιν.
469 2678 492 2711 ι
538 2659 682 2728 Ἐγὼ
714 2664 953 2733 σήμερον
990 2665 1300 2733 γεγέννηκά
1344 2685 1424 2722 σε,
1467 2687 1486 2721 ι
1515 2668 1825 2724 Οἰκειοῦται

248 2751 494 2822 tum”:
527 2753 626 2823 τὴν
681 2754 824 2808 κατὰ
878 2755 1056 2826 σάρκα
1096 2757 1349 2827 γέννησιν
1396 2759 1489 2813 τοῦ
1549 2761 1694 2814 Υἱοῦ.
1726 2760 1825 2816 Διά

251 2840 397 2897 τοῦτο
421 2840 550 2897 εἶπε
586 2844 666 2910 τὸ,
690 2847 962 2916 Σήμερον.
998 2847 1187 2912 Οὕτως
1216 2849 1244 2902 6
1273 2851 1329 2902 ὲν
1377 2851 1554 2918 ἁγίοις
1599 2850 1828 2905 Ἀθανά-

254 2950 380 2997 σιος.
435 2954 456 2987 ι
500 2937 738 3006 Ἐσομαι
767 2938 917 3009 αὐτῷ
945 2940 1024 3001 εἰς
1049 2940 1293 3009 Πατέρα.
1334 2961 1352 2994 ›
1384 2943 1497 2995 Καὶ
1525 2941 1688 2996 τοῦτο
1721 2944 1826 2998 πά-

251 3027 328 3080 λιν
380 3029 539 3094 δέξαι
577 3029 654 3092 ti);
695 3030 1069 3101 οἰκειουμένου
1138 3033 1233 3086 τοῦ
1284 3034 1500 3104 Πατρὺς
1540 3033 1641 3106 τὴν
1681 3034 1826 3089 κατά

253 3120 422 3190 σάρκα
474 3121 733 3190 γέννησιν
790 3121 885 3176 τοῦ
921 3122 1076 3178 Υἱοῦ.
1105 3124 1180 3177 Τὸ
1211 3126 1344 3196 γάρ,
1374 3125 1594 3194 ἔσομαι,
1633 3126 1825 3194 σαφῶς

1993 2295 2155 2366 322
2194 2296 2521 2354 Audivimus
2579 2309 2634 2354 et
2687 2315 2788 2354 nos
2849 2301 2942 2370 qui
2979 2301 3228 2357 homines
3286 2317 3504 2368 smnus,

1926 2383 2047 2448 ﬁlii,
2080 2403 2263 2440 verum
2300 2403 2396 2458 per
2424 2391 2679 2456 gratiam.
2710 2389 2899 2461 Angeli
2937 2407 3066 2446 vero
3091 2394 3142 2446 id
3177 2408 3283 2446 non
3308 2394 3500 2448 audie-

1925 2487 2076 2541 runt,
2109 2495 2180 2533 ne
2217 2480 2530 2534 sublimitas
2587 2481 2832 2550 ipsorum
2879 2497 2985 2536 non
3027 2499 3092 2536 ex
3143 2485 3316 2553 gratia
3355 2499 3498 2550 esse,

1926 2569 2024 2626 sed
2057 2586 2123 2626 ex
2170 2579 2367 2625 natura
2389 2572 2823 2630 existimaretur.
2856 2575 3119 2630 Christus
3144 2592 3270 2631 vero
3307 2582 3508 2631 non'ex

1924 2661 2122 2732 gratia,
2155 2663 2248 2717 sed
2279 2680 2343 2718 ex
2374 2672 2592 2718 natura.
2633 2681 2652 2716 ι
2691 2664 2802 2734 Ego
2851 2665 3012 2720 hodie
3039 2667 3201 2735 genui
3239 2675 3311 2723 te.
3344 2686 3363 2720 ι
3405 2667 3510 2737 Ap-

1925 2754 2170 2822 propriat
2209 2755 2313 2809 sibi
2348 2754 2508 2809 Pater
2535 2757 2876 2812 nativitatem
2921 2757 3042 2812 Filii
3076 2759 3231 2828 juxta
3255 2774 3503 2824 carnem,

1927 2853 2218 2914 propterea
2251 2845 2391 2899 dixit
2423 2862 2438 2900 :
2473 2847 2664 2902 Hodie.
2721 2848 2799 2902 lla
2857 2849 3019 2904 habet
3050 2851 3209 2905 divus
3257 2851 3502 2904 Athana-

1926 2936 2064 2991 sius.
2101 2957 2119 2989 ι
2157 2937 2268 3006 Ego
2297 2954 2392 2995 ero
2421 2940 2470 2995 ei
2508 2939 2690 2994 Pater.
2739 2959 2758 2991 ›
2807 2940 2981 2994 Etiam
3016 2943 3118 2994 hoc
3150 2957 3368 2995 rursum
3407 2957 3504 2996 ac-

1925 3025 2096 3094 cipito
2125 3035 2384 3096 tanquam
2424 3043 2453 3081 a
2478 3027 2638 3084 Patre
2667 3030 3055 3099 appropriante
3079 3030 3181 3084 sibi
3207 3028 3323 3083 Filii
3342 3029 3505 3097 juxta

1926 3131 2145 3172 carnem
2187 3119 2552 3174 nativitatem.
2605 3121 2768 3188 Nam,
2814 3122 2943 3187 Ero,
2982 3121 3274 3174 manifeste
3306 3120 3513 3174 dicitur

253 3213 337 3266 ἐπὶ
381 3213 484 3267 τοῦ
511 3215 654 3268 κατὰ
682 3215 860 3284 σάρκα
892 3217 1129 3288 εἴρηται.
1172 3235 1191 3269 ι
1226 3217 1396 3270 Ὅταν
1453 3217 1509 3270 δὲ
1547 3217 1709 3271 πάλιν
1745 3219 1819 3270 εἰ-

1928 3208 1994 3263 de
2022 3225 2086 3264 eo
2119 3210 2260 3279 quod
2288 3211 2586 3266 secundum
2617 3225 2837 3266 carnem
2858 3223 2960 3266 est.
2997 3230 3016 3263 ι
3059 3209 3298 3265 Rursum
3325 3218 3506 3264 autem

254 3308 490 3377 σαγάγῃ.
539 3326 558 3359 ι
605 3309 790 3363 Πάντα
843 3309 1000 3381 δέξῃς
1045 3310 1183 3380 μετά
1237 3311 1337 3380 τὴν
1389 3310 1824 3382 ὲνανθρὼπησιν.

251 3397 466 3469 τὸγὰρ,
485 3396 936 3472 Εἰσαγάγῃ,οἷον,
968 3402 1306 3473 Ἐγχειρίσῃ,
1334 3403 1683 3456 κεῖται.Τότε
1715 3401 1826 3474 γὰρ

254 3493 521 3561 ἐκτήσατο
540 3493 731 3562 αὐτὴν,
757 3493 988 3547 ἑκοῦσαν
1019 3497 1150 3564 παρ’
1175 3494 1340 3548 αὐτοῦ
1377 3494 1824 3564 βασιλευομένην,

252 3584 333 3636 ὅτε
350 3585 498 3652 ὑπὲρ
520 3587 724 3649 παντὸς
743 3585 1004 3654 ἐγεύσατο
1021 3587 1274 3651 Θανάτου,
1315 3588 1407 3638 καὶ
1426 3587 1512 3638 ὅτε
1529 3586 1823 3657 ἐπιστεύθη

254 3674 377 3738 Θεὸς
433 3675 531 3728 ὥν.
571 3677 991 3746 Εὐπαράδεκτον
1021 3678 1077 3731 δὲ
1117 3678 1288 3731 ποτῶν
1342 3678 1432 3731 τὸν
1490 3678 1671 3746 λόγον,
1732 3679 1825 3732 τὸν

255 3767 467 3836 Πατέρα
497 3763 654 3821 εἷπεν
684 3770 1050 3836 εἰσαγαγόντα
1075 3770 1166 3824 τὸν
1207 3769 1359 3824 Υἰόν.
1400 3771 1474 3822 Τὸ
1496 3770 1555 3822 δὲ
1586 3772 1820 3838 εἰσαγα-

255 3861 384 3922 γεῖν,
413 3858 550 3919 νόει.
589 3860 688 3912 οὐκ
725 3861 912 3929 ἐπειδὴ
971 3861 1135 3913 πάλαι
1165 3859 1271 3925 ἔξω
1306 3857 1374 3931 ἦν
1431 3862 1530 3929 τῆς
1591 3861 1823 3925 κτίσεως

254 3952 509 4012 τοπικῶς,
545 3951 687 4019 (πῶς
722 3953 829 4020 γὰρ
856 3953 883 4003 6
917 3953 1094 4006 πάντα
1153 3953 1378 4023 πληρῶν
1402 3952 1442 4022 ς)
1473 3953 1590 4005 ἀλλ’
1625 3954 1706 4006 ὅτι
1732 3953 1823 4006 ού-

254 4040 332 4093 εὲν
364 4038 480 4110 εἶχε
506 4042 647 4111 πρὸς
674 4043 842 4111 αὐτὴν
869 4043 1052 4096 κοινὸν
1081 4043 1213 4109 Θεὸς
1244 4043 1339 4098 ὢν.
1381 4045 1522 4097 Ἀλλ’
1540 4045 1628 4097 ὅτε
1661 4046 1823 4112 ἐσαρ-

255 4130 416 4200 κὼθη,
460 4131 584 4184 τότε
616 4131 942 4200 ἐκοινώνησε
996 4134 1061 4202 τῇ
1111 4133 1308 4194 κτίσει,
1358 4133 1575 4186 κτιστὸν
1613 4133 1820 4197 ὲνώσας

255 4223 441 4293 ἐαυτῷ.
468 4222 656 4283 Οὕτως
687 4226 714 4277 6
772 4226 830 4276 ὲν
870 4224 1044 4292 ἁγεοις
1076 4224 1364 4293 Κύριλλος,
1402 4227 1457 4278 ὲν
1494 4224 1592 4295 τῷ,
1630 4224 1762 4289 θεὸς
1789 4227 1820 4279 6

257 4315 500 4382 Χριστὸς,
533 4317 809 4386 πονήματι
837 4332 849 4347 ο
911 4316 1005 4368 καὶ
1039 4319 1066 4370 6
1125 4318 1182 4369 ὲν
1227 4315 1406 4382 ἁγίοις
1438 4314 1741 4385 Γρηγόριος
1788 4317 1818 4369 6

255 4404 469 4476 Νύσσης
500 4407 556 4458 έν
583 4409 694 4469 τοῖς
718 4406 862 4458 κατά
900 4406 1190 4476 Εὑνομίου.
1228 4407 1300 4459 Τὸ
1331 4406 1388 4460 δὲ
1441 4405 1814 4477 Πρωτότοκον,

253 4495 348 4552 οὐκ
385 4497 481 4551 ἐπὶ
499 4497 756 4569 δευτέρου
780 4497 949 4566 λέγει,
983 4498 1100 4551 ἀλλ’
1136 4499 1230 4551 ἐπὶ
1252 4497 1369 4560 ὲνὺς
1403 4498 1499 4551 καὶ
1533 4499 1696 4568 μόνου
1719 4499 1813 4550 τοῦ

1931 3317 2052 3355 cum
2096 3301 2358 3358 inducit.»
2404 3303 2533 3360 Post
2578 3303 2938 3357 humanitatis
2971 3303 3346 3372 acceptioncm
3381 3302 3506 3355 uni-

1930 3407 2088 3448 versa
2147 3394 2406 3464 accipito.
2483 3394 2766 3464 Siquidem
2819 3393 3068 3459 lnducit,
3131 3393 3357 3463 ponitur
3411 3408 3510 3463 pro

1929 3483 2236 3538 Committit
2268 3503 2282 3540 :
2318 3493 2447 3540 tunc
2475 3486 2620 3540 enim
2655 3486 2830 3551 ipsum
2859 3493 3055 3538 nactus
3087 3491 3169 3538 est
3194 3484 3383 3538 orbem
3409 3484 3504 3552 qui

1927 3574 2236 3630 voluntarie
2273 3577 2340 3630 ab
2372 3577 2490 3646 ipso
2521 3577 2833 3648 regebatur,
2871 3575 3091 3645 quando
3111 3591 3209 3643 pro
3241 3575 3502 3630 universo

1927 3667 2061 3720 Orbe
2094 3673 2325 3720 mortem
2360 3668 2623 3736 gustavit,
2665 3676 2719 3721 et
2754 3667 2974 3735 quando
2997 3665 3239 3721 creditus
3279 3677 3359 3720 est
3385 3679 3510 3718 esse

1927 3752 2092 3809 Deus.
2135 3754 2595 3811 Ediciensautem
2635 3764 2693 3811 ut
2725 3757 2883 3810 facile
2925 3770 3110 3811 sermo
3140 3754 3506 3824 suscipiatur,

1923 3847 2061 3902 disit
2090 3847 2306 3902 Patrem
2349 3849 2608 3904 inducere
2629 3848 2850 3902 Filium.
2881 3848 3145 3904 lnducere
3180 3864 3312 3904 vero
3345 3848 3508 3902 intel-

1924 3940 2063 4010 ligit,
2097 3953 2207 3994 non
2247 3939 2396 4008 quod
2450 3949 2607 3994 antea
2641 3938 2803 3995 fuerit
2833 3941 3093 4007 ,localiter
3126 3953 3278 3994 ostra
3306 3941 3504 3995 condi-

1928 4039 2039 4084 tttm
2065 4030 2328 4084 mundum
2361 4046 2378 4085 :
2418 4029 2695 4098 quomodo
2729 4030 2873 4083 enim
2927 4029 2977 4082 id
3025 4044 3215 4083 verum
3263 4037 3410 4083 esset
3441 4029 3509 4082 de

1923 4109 1990 4178 eo
2019 4119 2114 4190 qui
2149 4120 2334 4174 omnia
2355 4119 2581 4188 implet?
2617 4119 2712 4175 sed
2745 4119 2886 4189 quod
2937 4118 3074 4174 nihil
3104 4129 3503 4174 cumcrcatnra

1921 4223 2212 4265 commune
2262 4207 2511 4263 habuerit
2538 4222 2660 4262 cum
2700 4208 2842 4263 Deus
2871 4218 3040 4263 esset.
3080 4207 3371 4270 (la-torum,
3410 4208 3504 4264 ubi

1921 4315 2142 4356 carnem
2188 4298 2511 4369 assumpsit,
2545 4305 2678 4352 tunc
2720 4311 2846 4353 cum
2883 4303 3139 4351 creatura
3195 4297 3505 4350 communi-

1919 4390 2088 4457 cavit;
2117 4404 2240 4444 cum
2291 4389 2506 4458 sibiipsi
2565 4389 2774 4444 unis'set
2801 4388 2856 4442 id
2907 4387 3051 4457 quod
3087 4393 3328 4440 creatum
3362 4393 3500 4440 erat.

1921 4483 1998 4540 lla
2028 4483 2191 4538 habet
2225 4482 2384 4537 divus
2423 4481 2664 4552 Cyrillus
2707 4481 2763 4534 in
2808 4495 2997 4550 opere,
3033 4479 3176 4534 Dens
3201 4478 3499 4533 Christus:

254 4587 599 4657 γεννηθέντος
650 4563 714 4641 έκ
773 4563 867 4641 τού
931 4591 1164 4660 Πατρός.
1204 4563 1546 4654 -Ἄλλωςξ
1611 4587 1811 4662 [ΦΩΤ.]

1928 4585 1972 4633 et
2005 4577 2203 4633 beatus
2243 4574 2545 4644 Gregorius
2595 4563 2879 4646 Nys‘senus
2936 4573 2991 4626 in
3028 4573 3186 4627 libris
3230 4571 3496 4626 adversus

260 4694 277 4726 ι
308 4678 474 4730 Ὅταν
496 4677 555 4730 δὲ
589 4677 750 4730 πάλιν
782 4677 1050 4749 εἰσαγάγῃ
1087 4679 1177 4731 τὸν
1209 4679 1578 4748 Πρωτότοκον.
1616 4697 1634 4730 ›
1675 4679 1813 4731 Του-

252 4767 444 4829 τέστιν,
484 4768 614 4820 ὅταν
643 4769 911 4838 ηὐδόκησε
951 4769 1089 4837 μετά
1117 4768 1216 4837 τῆς
1248 4768 1450 4838 σαρκὸς
1473 4769 1814 4840 ἐμφανισθῆ-

253 4869 330 4906 ναι
360 4855 453 4908 τδν
480 4855 835 4924 Πρωτότοκον
863 4857 1028 4910 αύτοῦ
1067 4858 1191 4910 Υἰὸν
1213 4860 1325 4919 τοῖς
1364 4857 1687 4912 κατοικοῦσι
1714 4859 1812 4929 τὴν

251 4947 591 5016 οἰκουμένην.
623 4947 762 5017 Φησὶ
785 4949 924 5018 γάρ’
961 4966 980 5000 ι
1017 4951 1126 5002 Καὶ
1148 4949 1552 5020 προσελθόντες
1605 4951 1656 5002 οἰ
1708 4950 1814 5016 άγ-

254 5037 388 5101 γελοι
421 5037 706 5107 διηκόνουν
735 5039 904 5107 αὐτῷ.
925 5057 943 5090 ι
983 5041 1114 5103 Καὶ,
1155 5059 1174 5091 ι
1209 5040 1438 5109 Ἀπάρτι
1477 5039 1672 5108 ὄψεσθε
1689 5041 1816 5103 τοὺς

253 5128 506 5195 ἀγγέλους
556 5129 982 5194 καταϐαίνοντας
1039 5133 1132 5184 ἐπὶ
1179 5131 1271 5184 τὸν
1307 5132 1437 5183 Υἱὸν
1473 5132 1566 5184 τοῦ
1597 5132 1814 5202 ἀνθρώ-

255 5233 366 5270 που.
399 5238 417 5270 ι
477 5220 739 5274 Τουτέστι
775 5261 791 5284 ,
863 5221 998 5291 μετά
1071 5222 1270 5292 σαρκὸς
1348 5223 1813 5292 προσκυνησάτω-

255 5324 346 5360 σαν
395 5311 443 5362 ot
491 5311 713 5378 ἄγγελοι
763 5310 855 5364 τὸν
912 5311 1059 5364 Υἰόν.
1112 5329 1130 5362 ι
1171 5312 1282 5364 Καὶ
1353 5311 1814 5382 προσκυνησάτω-

253 5413 343 5448 σαν
387 5398 553 5468 αὐτῷ.
603 5418 622 5450 ι
667 5399 758 5470 Τῷ
811 5402 945 5470 μετὰ
1002 5399 1227 5468 σαρκός.
1274 5419 1292 5451 ι
1339 5401 1398 5452 '0
1472 5399 1644 5453 ποιῶν
1678 5397 1807 5462 τοὺς

252 5488 501 5555 ἀγγέλους
540 5490 706 5545 αὐτοῦ
749 5491 1051 5562 πνεύματα.
1097 5511 1115 5544 ι
1147 5493 1370 5562 Κτίσμα
1406 5492 1514 5564 γάρ
1550 5493 1679 5558 εἰσι,
1718 5490 1807 5545 διὰ

252 5575 420 5642 τοῦτο,
450 5579 651 5632 Ποιῶν.

315 5827 378 5862 Ἀ
405 5826 537 5884 Luc.
576 5843 616 5896 ι,
647 5829 735 5885 35.
813 5829 833 5862 '
867 5827 1059 5886 Matth.
1093 5843 1167 5899 Iv,
1213 5829 1301 5886 ii.
1379 5831 1397 5862 ⁸
1423 5828 1577 5886 Joan.
1637 5845 1676 5899 I,
1733 5829 1821 5884 5|.

1920 4669 2270 4724 Eunomium.
2297 4665 2454 4733 Quod
2511 4676 2695 4720 autem
2747 4666 2868 4728 ait;
2910 4664 3337 4735 Primogenitus,
3393 4678 3501 4716 non

1922 4769 2174 4828 respectu
2225 4755 2455 4812 secundi
2509 4755 2662 4820 dicit,
2696 4755 2788 4809 sed
2829 4753 2978 4823 quod
3011 4754 3207 4807 unicus
3255 4763 3311 4806 et
3348 4751 3502 4806 solus

1928 4853 2001 4908 sit
2025 4866 2094 4907 ex
2129 4849 2290 4904 Patre
2324 4848 2650 4918 genitus.—-
2671 4847 2791 4900 Alio
2823 4846 3006 4902 modo.
3072 4864 3092 4896 ι
3133 4844 3373 4900 Rursum
3403 4858 3506 4898 au-

1934 4952 2063 5006 tem,
2109 4957 2234 4996 cum
2275 4940 2486 4995 inducit
2524 4939 2983 5010 Primogenitum.
3025 4957 3046 4991 ι
3087 4936 3202 4993 Hoc
3239 4947 3348 4999 est,
3377 4951 3504 4990 cum

1923 5034 2328 5102 beneplacitum
2371 5034 2546 5103 ipsius
2573 5031 2698 5092 fuit.
2739 5041 2797 5086 ut
2830 5046 2958 5086 cum
3008 5045 3178 5086 carne
3209 5035 3506 5100 appareret

1923 5125 2327 5194 Primogenitus
2348 5139 2483 5180 suus
2515 5124 2602 5178 his
2631 5122 2724 5192 qui
2762 5120 3371 5176 orbeminhahitabant.
3410 5119 3504 5173 Ait

1921 5216 2062 5274 enim
2099 5233 2113 5270 :
2146 5235 2164 5266 ι
2185 5215 2438 5284 Etangeli
2468 5219 2821 5270 accesserunt
2842 5213 3317 5282 ctﬁmipist-anant
3345 5211 3394 5264 ei
3419 5210 3495 5276 ’ςι

1921 5315 2008 5360 et:
2047 5326 2064 5358 ι
2095 5308 2330 5362 Posthac
2363 5306 2620 5363 videbitis
2653 5306 2878 5375 angelos
2913 5304 3309 5359 descendentes
3331 5315 3501 5369 super

1920 5398 2118 5453 Filium
2151 5399 2392 5454 hominis
2420 5400 2459 5452 ⁸.
2491 5416 2510 5450 ι
2539 5429 2606 5439 —-
2635 5417 2654 5451 ι
2680 5399 2745 5452 Et
2768 5397 2997 5452 adorent
3026 5411 3177 5461 eum,
3210 5412 3229 5446 ι
3260 5394 3336 5448 ita
3372 5406 3498 5446 cunt

1918 5505 2085 5545 carne
2119 5499 2474 5560 apparentem
2516 5501 2532 5543 :
2580 5491 2684 5546 hoc
2730 5499 2853 5555 est,
2893 5503 3017 5542 cum
3051 5501 3219 5541 carne
3268 5483 3501 5538 adorent

1919 5579 2102 5651 angeli
2133 5579 2355 5636 Filium.
2408 5600 2427 5634 ι
2459 5581 2562 5647 Qui
2589 5581 2720 5636 facit
2749 5580 2973 5650 angelos
2996 5592 3130 5634 suos
3166 5575 3422 5646 spiritus.
3470 5591 3491 5627 ›

1913 5672 2175 5729 Creatura
2211 5688 2442 5745 namque
2465 5682 2616 5742 sunt,
2650 5672 2770 5729 ideo
2798 5671 3012 5738 ait,Qui
3057 5667 3205 5725 facit.
