3988 6584
263 355 363 423 289
1250 363 1636 426 COMMENT.
1699 365 1778 423 1N
1842 365 2082 428 EPIST.
2139 367 2239 426 AD
2290 369 2522 434 HEBR.
3413 382 3518 445 290

259 467 514 530 δέξασθαι
569 470 749 542 χερσὶ,
783 471 878 526 καὶ
916 472 1090 528 θεῖναι
1150 475 1379 545 πλησίον
1408 475 1468 529 τὸ
1521 476 1714 548 δῶρον,
1751 477 1834 530 καΊ

1949 479 2066 532 suis
2095 481 2397 551 susciperet
2423 485 2695 550 manibus,
2715 486 2944 555 et-juxta
2977 502 3036 543 se
3066 490 3266 545 donum
3295 507 3519 562 poneret

260 561 460 614 εἰπεῖν’
499 580 519 612 ι
558 563 740 618 Κάθου
770 564 835 620 ὲκ
864 563 1058 628 δεξιῶν
1098 583 1223 636 μου.
1262 586 1282 618 ι
1317 567 1390 619 Τὸ
1438 568 1624 623 κάθου
1674 563 1835 632 εἶπεν,

1950 585 2015 626 ac
2041 571 2286 628 diceret:
2318 593 2336 624 ι
2363 575 2503 631 Sede
2537 591 2568 631 a
2590 578 2799 634 dextris
2823 581 2978 635 meis.
3015 600 3034 632 ι
3071 581 3204 636 Sede
3237 561 3374 640 dixit
3411 603 3517 642 non

257 650 316 702 οὐ
345 651 518 714 δεῖξαι
555 652 725 706 θέλων
758 655 841 708 ὅτι
871 655 1069 720 ἄλλως,
1102 658 1287 726 φησὶν,
1319 659 1422 710 οὐκ
1451 658 1516 712 ἂν
1577 658 1832 728 ἐτόλμησε

1948 661 2239 716 ostendere
2284 665 2471 720 volens
2523 668 2669 736 quod
2737 669 2897 722 aliter
2949 671 3140 726 sedere
3195 688 3365 727 ausus
3410 693 3517 732 non

255 739 475 793 καθίσαι
529 744 580 794 εί
620 745 690 813 μὴ
723 745 1051 816 ἐκελεύσθη·
1087 747 1162 817 μὴ
1191 747 1437 814 γένοιτο’
1475 747 1592 806 ἀλλ’
1654 748 1738 801 ῐνα
1771 745 1830 816 μὶ

1949 749 2142 807 fuisset
2160 753 2262 807 nisi
2295 754 2515 822 jussus:
2536 757 2792 824 minime;
2816 759 2910 818 sed
2940 778 3007 814 ne
3033 765 3209 830 ipsum
3238 765 3518 822 existimes

257 830 484 902 νομίσῃς
517 832 685 883 αὐτὸν
715 833 948 903 ἄναρχον
980 835 1074 887 καὶ
1099 836 1358 888 ἀναίτιον.
1416 836 1540 888 Ὅτι
1588 837 1699 907 γὰρ
1725 836 1832 889 τοῦ·

1947 855 2138 896 earere
2166 845 2455 915 principio.
2500 847 2633 901 Nam
2671 851 2816 918 qnod
2872 852 2974 905 hoc
3007 855 3078 907 ita
3119 856 3212 919 sit,
3247 859 3517 927 significat

258 919 318 972 τό
367 923 509 982 ἐστι,
539 922 696 990 δηλοί
720 926 817 980 καὶ
856 928 884 980 ὁ
910 927 1075 989 τόπος
1105 927 1204 995 τῆς
1233 927 1518 998 καθέδρας,
1579 928 1639 982 τὸ
1669 929 1833 996 ὁμότι-

1946 939 2000 985 et
2027 933 2306 988 cathedras
2350 938 2521 1002 locus,
2561 941 2792 994 similent
2832 944 3122 1014 designans
3157 946 3441 1015 honorem,
3465 959 3519 1008 et

257 1028 349 1080 μον
380 1016 673 1080 σημαῖνον,
687 1015 836 1085 δηλοῖ
865 1017 956 1069 καὶ
980 1017 1040 1068 τὸ
1064 1018 1239 1069 εἰπεῖν
1262 1019 1536 1088 ἀνωτέρω,
1567 1018 1832 1086 Ἐκάθισε,

1944 1023 2090 1090 quod
2139 1029 2393 1096 superius
2420 1030 2556 1084 dixit
2588 1049 2600 1084 :
2637 1030 2808 1098 Sedit,
2842 1051 2964 1088 cum
2987 1039 3139 1105 prius
3167 1055 3273 1094 non
3304 1040 3518 1112 legatur

261 1103 328 1171 pi;
362 1105 638 1174 πρότερον
671 1108 933 1169 ἀκούσας,
962 1109 1166 1162 Κάθου.
1221 1110 1292 1162 ’Ἡ
1322 1110 1401 1162 ὅτι
1435 1111 1534 1179 τὴν
1570 1112 1836 1179 συγκατάε

1943 1114 2047 1184 ipsi
2076 1117 2280 1171 dictum
2319 1119 2487 1175 fuisse
2515 1138 2530 1176 :
2562 1122 2720 1179 Sede.
2754 1125 2858 1179 Aut
2889 1103 3015 1197 quia
3053 1145 3177 1184 cum
3217 1133 3324 1186 alio
3352 1103 3514 1191 modo

259 1195 398 1248 θεσιν
426 1202 525 1249 καὶ
559 1201 662 1266 τὴν
692 1200 945 1268 βούλησιν
994 1201 1098 1272 τὴν.
1119 1203 1211 1254 ἐπὶ
1238 1201 1316 1270 τῷ
1349 1203 1570 1258 καθίσαι
1602 1203 1692 1256 τοῦ
1726 1204 1834 1256 [Ια-

1942 1221 2052 1260 non
2081 1219 2264 1276 posset
2297 1208 2566 1280 Propheta
2620 1195 2929 1285 signiﬁcare
2972 1217 3150 1275 Patris
3187 1237 3512 1279 consensum

252 1303 278 1337 τ
287 1287 372 1351 ρος
400 1289 504 1340 οὐκ
543 1291 724 1354 ἄλλως
753 1294 992 1362 σημᾶναι
1020 1295 1314 1363 δυνάμενος
1339 1294 1367 1347 ὁ
1399 1295 1704 1365 προφήτης,
1738 1294 1827 1364 τῷ,

1941 1311 2006 1352 ac
2045 1301 2382 1356 voluntatem
2444 1313 2502 1358 ut
2553 1306 2790 1374 sederet,
2839 1327 2971 1367 usus
3017 1323 3100 1368 est
3133 1317 3320 1384 verbo,
3354 1317 3512 1372 Sede.

256 1381 454 1442 Κάθου,
499 1383 779 1451 ἐχρήσατο
816 1387 1039 1456 ῥήματι.
1071 1388 1231 1454 Μέγα
1259 1386 1359 1456 μὲν
1409 1383 1500 1441 οὗν
1533 1388 1626 1440 καὶ
1653 1387 1831 1453 τοῦτο,

1940 1387 2191 1458 Magnum
2225 1393 2408 1462 itaque
2448 1397 2610 1450 etiam
2648 1399 2751 1452 hoc
2802 1409 2907 1466 est,
2951 1418 3051 1457 nec
3103 1381 3312 1459 tantum
3351 1423 3515 1477 super

252 1469 336 1519 καὶ
366 1469 426 1518 οὐ
464 1472 636 1536 μόνον
679 1472 818 1542 ὑπὲρ
845 1473 944 1542 τὴν
972 1475 1316 1542 ἀνθρωπείαν
1343 1475 1526 1545 φύσιν,
1562 1476 1696 1529 ἀλλά
1739 1480 1827 1530 καὶ

1939 1477 2235 1536 humanam
2269 1493 2540 1548 naturam,
2555 1502 2737 1541 verum
2754 1490 2916 1544 etiam
2942 1508 3105 1562 super
3125 1510 3340 1550 omnem
3359 1512 3514 1551 crea-

254 1561 383 1628 ὑπὲρ
399 1559 628 1614 ἃπασαν
653 1564 750 1633 τὴν
782 1564 975 1619 κτίσιν.
1005 1566 1152 1636 Πλὴν
1181 1567 1535 1636 ἀνθρωπίνως
1564 1571 1659 1624 καὶ
1683 1570 1829 1640 αὖτῷ

1938 1575 2141 1626 tut-ant.
2202 1575 2451 1629 Attamen
2513 1578 2587 1633 ob
2630 1580 2923 1638 humanam
2984 1559 3203 1656 quoque
3259 1597 3509 1645 naturam

251 1670 480 1740 εἴρηται.
536 1670 632 1733 Ὠς
657 1674 766 1744 γὰρ
791 1673 946 1741 Θεδς,
981 1678 1014 1729 ὁ.
1034 1676 1160 1740 Υίδς
1208 1679 1424 1732 αἰώνιον
1449 1678 1558 1749 ἔχει
1585 1682 1677 1733 τὸν
1711 1680 1826 1751 θρό-

1938 1659 2042 1716 hoc
2060 1663 2108 1717 ei
2134 1661 2348 1718 dictum
2385 1675 2487 1722 est.
2523 1669 2804 1739 Siquidem
2837 1684 3107 1743 quatenus
3135 1677 3280 1734 Deus
3309 1689 3394 1736 est
3419 1679 3511 1737 Fi-

256 1777 357 1812 νον.
397 1779 414 1810 ι
465 1761 525 1814 '0
585 1763 778 1832 θρόνος
807 1783 900 1820 σου
949 1767 1154 1833 δ-Θεὸς,
1191 1771 1375 1839 φησὶν,
1407 1772 1487 1831 εἰς
1539 1771 1630 1824 τὸν
1659 1772 1831 1826 αίῶνα

1938 1752 2070 1818 lius,
2094 1757 2486 1825 sempiternum
2520 1759 2679 1816 habet
2705 1762 2960 1818 thronum
2986 1784 2999 1821 :
3029 1784 3047 1817 ι
3079 1765 3334 1825 Thronus
3359 1777 3511 1838 tuus,

261 1851 346 1902 τοῦ
391 1815 634 1916 οιίῶνος.⁶
664 1874 684 1908 ›
745 1815 820 1912 δι’)
877 1859 987 1928 γὰρ
1035 1815 1173 1928 μετά
1196 1815 1311 1914 Ynon
1344 1815 1573 1932 σταιῑρὸν
1627 1865 1723 1916 καὶ
1773 1864 1836 1918 τὸ

2056 1815 2064 1818 .
2215 1815 2228 1825 ,
2642 1815 2646 1816 κ
2804 1815 2845 1817 -κ
2986 1815 2999 1821 -
3036 1815 3046 1817 -
3088 1815 3333 1825 ----‹---υ
3360 1815 3510 1838 ww.

1939 1845 2137 1914 inquit,
2182 1845 2326 1902 Deus
2365 1849 2426 1902 in
2473 1853 2731 1906 saeculum
2780 1857 2963 1909 saeculi
2996 1858 3034 1908 '.
3073 1875 3092 1909 ι
3140 1857 3328 1928 Neque
3365 1863 3510 1920 enim

257 1943 439 2009 πάθος,
477 1947 694 2016 ταύτης
722 1948 796 2012 ὡς
826 1950 958 2013 Θεὸς
982 1953 1078 2021 τῆς
1115 1953 1278 2022 τιμῆς
1305 1954 1542 2024 ἠξιώθη,
1564 1954 1678 2008 ἀλλ’
1709 1955 1832 2009 ἐλα-

1937 1947 2063 2006 post
2097 1955 2313 1996 crucem
2350 1951 2416 1995 et.
2441 1945 2748 2011 passionem
2785 1947 2889 2001 hoc
2923 1948 3129 2004 honore
3162 1951 3397 2008 donatus
3431 1963 3508 2010 est

254 2036 337 2086 ίεν
401 2036 480 2098 ὡς
538 2038 833 2108 ἄνθρωπος
904 2044 1038 2113 ὅπερ
1095 2040 1238 2112 εἶχεν
1273 2043 1348 2107 ὡς
1392 2044 1545 2108 Θεὸς.
1625 2048 1698 2099 Οὐ
1727 2047 1829 2117 γὰρ

1939 2037 1998 2083 ut
2032 2029 2174 2085 Deus
2205 2049 2218 2088 :
2251 2032 2346 2086 sed
2388 2042 2444 2086 ut
2479 2035 2640 2089 homo
2686 2039 2898 2106 accepit
2937 2041 3081 2109 quod
3118 2041 3230 2109 jam
3255 2043 3512 2099 'liabebat

256 2129 499 2192 ταπεινδς
556 2129 638 2182 ὢν
673 2132 884 2201 ὑψώθη,
912 2134 1025 2187 ἀλλ’
1059 2134 1282 2203 ὕψιστος
1315 2134 1389 2189 ὢν
1420 2137 1518 2192 καὶ,
1563 2137 1620 2191 ἐν
1650 2141 1831 2210 μορφῇ

1941 2129 1995 2174 ιι
2029 2121 2194 2177 Deus.
2222 2121 2333 2178 Nec
2364 2125 2514 2178 enim
2543 2127 2817 2182 exaltatus
2835 2137 2918 2184 est
2941 2147 3062 2184 cum
3095 2131 3319 2190 humilis
3345 2145 3516 2202 esset,

256 2216 380 2268 Θεοῦ
413 2219 707 2289 ὑπάρχων,
748 2224 1110 2284 ἐταπείνωσεν
1154 2225 1344 2278 ἑαυτὸν
1380 2228 1593 2297 μορφὴν
1648 2228 1831 2283 δούλου

1937 2213 2032 2267 sed
2067 2229 2187 2267 cum
2222 2216 2475 2270 sublimis
2510 2225 2562 2271 et
2599 2219 2652 2272 in
2695 2218 2868 2273 fortuna
2903 2221 2994 2276 Dei
3059 2233 3228 2287 esset,
3269 2228 3508 2296 seipsum

257 2306 443 2363 λαϐὼν.
489 2313 591 2364 Διὸ
623 2315 716 2368 καὶ
745 2317 772 2367 ό
801 2316 1192 2386 εὐαγγελιστὴς
1232 2318 1330 2389 βοᾷ
1352 2336 1366 2350 ο
1408 2339 1426 2371 ι
1453 2321 1512 2374 Ὀ
1541 2322 1832 2394 μονογενὴς

1938 2303 2250 2359 humiliavit
2297 2317 2578 2379 assumpta
2638 2313 2779 2365 servi
2821 2312 2994 2367 forma
3019 2315 3064 2368 ⁸.
3119 2317 3240 2373 Ideo
3297 2334 3512 2390 quoque

261 2398 375 2463 Υἱὸς
404 2400 432 2453 ὁ
474 2402 554 2456 ῶν
588 2407 668 2469 είς
709 2405 802 2459 τὸν
829 2408 1026 2460 κόλπον
1075 2410 1168 2462 τοῦ
1201 2412 1439 2483 Πατρὺς,
1473 2415 1678 2477 ἐκεῖνος
1708 2415 1836 2486 ἐξη-

1938 2399 2265 2466 evangelista
2306 2400 2506 2454 clamat
2559 2417 2570 2453 :
2601 2421 2621 2453 ι
2666 2403 2985 2474 Unigenitus
3012 2407 3178 2463 Filius
3211 2411 3300 2479 qui
3335 2422 3418 2466 est
3457 2413 3513 2468 in

261 2496 496 2558 γήσατο.
534 2514 557 2547 ι
635 2497 744 2550 Καὶ
795 2501 824 2551 ὁ
889 2499 1092 2570 Κύριός
1154 2518 1340 2570 φησιν,
1402 2521 1420 2554 ι
1473 2504 1610 2571 Ἐγὼ
1647 2508 1707 2558 ὲν
1757 2505 1836 2575 τῷ

1938 2489 2060 2543 sinu
2088 2489 2286 2555 Patris,
2323 2492 2440 2561 ipse
2470 2496 2747 2548 enarravit
2777 2496 2816 2550 ἰ
2850 2514 2870 2549 ι
2913 2498 2975 2552 Et
3011 2499 3310 2557 Dominus:
3345 2520 3364 2554 ι
3404 2505 3513 2574 Ego

260 2585 437 2654 Πατρὶ,
471 2588 573 2639 καὶ
603 2588 630 2638 ὁ
658 2589 844 2660 Πατὴρ
884 2591 940 2642 ἐν
971 2593 1112 2660 ἐμοί.
1150 2611 1168 2645 ι
1206 2594 1317 2651 Καὶ
1347 2594 1580 2664 ἀλλαχοῦ
1615 2612 1628 2627 ·
1672 2615 1690 2648 ι
1734 2597 1834 2650 Δό-

1938 2580 1990 2633 ἰ-ιι
2023 2579 2205 2646 Patre,
2241 2593 2293 2636 et
2341 2582 2499 2637 Pater
2529 2586 2582 2639 in
2614 2603 2700 2640 me
2729 2597 2812 2642 est
2844 2589 2908 2641 ὀι
2949 2608 2967 2641 ι
3011 2589 3072 2644 Ει
3105 2593 3234 2646 alibi
3271 2607 3285 2646 :
3323 2611 3341 2645 ι
3386 2592 3513 2649 Glo-

261 2672 407 2737 ξασόν
439 2693 530 2744 με,
573 2677 775 2750 Πάτερ,
798 2682 865 2749 τῇ
897 2679 1020 2751 δόξῃ
1120 2676 1262 2751 εἶχον
1300 2683 1458 2752 παρὰ(
1480 2683 1564 2735 σοὶ.
1605 2683 1711 2754 πρὸ
1739 2683 1836 2738 τοῦ

1934 2670 2086 2725 riﬁca
2111 2688 2214 2738 me,
2249 2682 2304 2726 tu
2325 2672 2503 2741 Pater,
2529 2677 2694 2745 gloria
2715 2695 2874 2748 quam
2895 2681 3058 2735 habui
3086 2684 3226 2752 apud
3253 2693 3304 2739 te
3328 2687 3508 2756 prius--

258 2767 341 2819 τδν
370 2767 586 2839 κόσμον
616 2770 889 2837 γενέσθαι.
923 2790 942 2824 s
987 2771 1077 2836 Ὠς
1107 2772 1390 2843 ἄνθρωπος
1413 2774 1594 2828 τοίνυν
1622 2774 1833 2840 ἀκούει,

1936 2777 2098 2830 quam
2154 2764 2392 2818 mundus
2425 2764 2577 2819 ﬁeret
2609 2767 2671 2819 ".
2704 2786 2724 2818 ν
2763 2768 2831 2822 Ut
2867 2769 3030 2824 homo
3085 2772 3250 2840 igitur
3300 2774 3453 2828 audit
3495 2790 3509 2827 :

266 2871 282 2905 t
315 2856 493 2909 Κάθου
550 2859 618 2909 ὲκ
649 2856 843 2922 δεξιῶν
878 2875 1000 2926 μου.
1039 2876 1059 2910 ›
1123 2859 1208 2923 Ὡς
1266 2859 1373 2930 γὰρ
1409 2861 1562 2926 Θεὸς,
1616 2861 1834 2920 αἰώνιον

1941 2871 1960 2903 ι
1997 2853 2134 2908 Sede
2157 2869 2186 2907 ιι
2215 2855 2424 2911 dextris
2455 2857 2592 2912 meis
2623 2860 2687 2912 “.
2721 2878 2739 2911 ι
2775 2858 2908 2913 Nam
2940 2871 2997 2916 ut
3057 2861 3200 2919 Deus
3248 2878 3509 2921 aeternum

259 2946 358 3016 ἔχει
385 2951 444 3002 τὸ
499 2952 728 3020 κράτος.
787 2970 806 3003 ι
835 2951 978 3016 Ἕως
1009 2952 1075 3005 ἂν
1110 2952 1188 3006 θῶ
1234 2953 1361 3014 τοὺς
1391 2953 1618 3026 ἐχθρούς
1647 2973 1739 3009 σου
1760 2971 1773 2986 ·
1808 2976 1834 3008 ι-

1946 2945 2103 2999 ὶιιώοι
2156 2947 2464 3015 imperiunm.
2514 2967 2532 2999 ι
2582 2947 2764 3004 Donec
2792 2966 3026 3020 posuero
3056 2953 3521 3012 inimicostuosa-

262 3043 390 3111 Ὅροι
443 3043 816 3113 γνησιότητος
862 3044 958 3097 τοῦ
999 3043 1128 3098 Υίοῦ
1179 3045 1471 3110 ἀπόδειξιν.
1528 3046 1833 3115 Ὀργίζεται

1936 3038 2328 3092 Animadverte
2357 3040 2883 3096 demonstrationem
2932 3045 3076 3112 quod
3127 3045 3402 3116 legitimus
3437 3049 3509 3102 sit

259 3134 284 3184 ὁ
308 3134 490 3204 Πατὴρ
549 3135 696 3190 κατά
762 3135 872 3190 τῶν
900 3135 1111 3207 ἐχθρῶν
1161 3135 1255 3188 τοῦ
1324 3135 1482 3201 Υἱοῦ,
1521 3138 1620 3206 οὐκ
1645 3138 1718 3200 ὡς
1743 3136 1832 3192 τοῦ

1938 3127 2129 3186 Filius.
2164 3130 2424 3184 Irascitur
2445 3129 2607 3186 Pater
2640 3134 2900 3196 adversus
2937 3136 3187 3190 inimicos
3226 3135 3368 3192 Filii.
3396 3137 3507 3194 Nec

259 3222 381 3275 Υἱοῦ
416 3224 817 3288 ἀδυνατοῦντος
881 3227 1045 3294 μόνου
1105 3225 1276 3278 θεῖναι
1311 3225 1510 3290 αὐτοὺς
1551 3227 1666 3288 ext.
1710 3227 1834 3290 τοὺς

1941 3222 2043 3275 hoc
2071 3221 2210 3275 dixit
2234 3223 2378 3292 quod
2408 3223 2577 3278 Filius
2602 3225 2875 3293 impotens
2905 3227 2976 3281 sit
3003 3241 3206 3296 ponere
3237 3228 3386 3297 ipsos
3408 3229 3509 3284 shb

262 3313 414 3376 πόδας
441 3313 638 3379 αὑτοῦ,
674 3314 827 3368 τοῦτο
853 3314 1096 3385 εἴρηκεν,
1133 3315 1248 3367 ἀλλ’
1281 3315 1366 3368 ἵνα
1399 3316 1498 3384 τὴν
1528 3317 1837 3388 ταύτότητα

1938 3311 2177 3381 pedibus.
2197 3311 2335 3375 suis,
2381 3311 2477 3367 sed
2524 3320 2581 3367 ut
2631 3313 2970 3369 identitatem
3007 3318 3305 3372 voluntatis
3335 3319 3511 3374 mani-

265 3406 354 3475 τῆς
399 3407 636 3478 γνώμης
665 3408 903 3480 δηλώσῃ.
953 3409 1026 3460 To
1057 3408 1135 3472 δὲ,
1165 3409 1330 3472 Ἕως,
1357 3409 1460 3462 οὐκ
1500 3408 1613 3462 ἔστι
1644 3410 1835 3479 χρόνου

1937 3402 2184 3457 festaret.
2222 3402 2388 3473 325-
2418 3402 2572 3470 Quod
2614 3413 2796 3458 autem
2829 3407 2904 3459 ait
2931 3405 3129 3472 Donec,
3168 3424 3275 3461 non
3307 3417 3511 3479 tempo—

263 3495 574 3567 δηλωτικὸν,
619 3499 694 3562 ὡς
723 3501 860 3569 μετά
893 3499 952 3552 τὸ
987 3499 1158 3554 θεῖναι
1201 3499 1502 3552 ὑποπόδιον.
1521 3501 1686 3553 αὑτοῦ
1710 3501 1838 3564 τοὺς

1936 3491 2019 3548 ris
2046 3494 2484 3562 signitieatiutm-
2522 3504 2624 3562 est,
2671 3495 2824 3566 quod
2848 3496 2940 3551 ubi
2979 3499 3144 3568 positi
3175 3509 3364 3555 essent
3402 3500 3511 3554 ini-

265 3587 495 3658 ἐχθροὺς,
525 3588 690 3641 πάλιν
725 3591 1038 3646 ἀνίστασθαι
1074 3588 1389 3659 μέλλοντας,
1429 3590 1840 3659 Ἀπαγε.Ἀ.λλά

1935 3587 2066 3646 mici
2127 3588 2433 3642 seabellum-
2477 3590 2676 3658 pedum
2729 3589 2947 3659 ipsius,
3003 3606 3222 3645 rursum
3267 3588 3507 3646 futurum

264 3678 422 3744 δεῖξαι
452 3681 731 3750 βούλεται,
762 3683 843 3736 ὅτι
873 3681 974 3734 οὐκ
1005 3681 1294 3752 ἀσθενήσει
1332 3681 1394 3734 τὸ
1423 3680 1596 3736 (εἶναι
1627 3683 1835 3747 πάντας
1937 3685 2088 3731 θδεει
2121 3685 2178 3730 ιιι
2229 3689 2543 3748 resurgeret
2577 3697 2592 3735 τ
2627 3695 2973 3751 nequaquam
3009 3699 3023 3736 ε
3081 3681 3176 3736 88d
3220 3682 3512 3740 οεῐοηάθΐθ

267 3771 566 3826 ὑποπόδιον.
645 3773 717 3825 Ἰῖὸ
773 3771 902 3842 γὰρ,
960 3773 1122 3838 Ἕως,
1157 3772 1219 3824 τὸ
1271 3771 1368 3841 μὲν
1411 3771 1571 3842 ἄχρις
1617 3775 1829 3828 ἐκείνου

1935 3769 2053 3832 vult
2096 3770 2239 3838 quod
2276 3786 2390 3824 non
2437 3772 2541 3826 erit
2573 3773 2844 3842 impotens
2874 3773 2940 3827 ad
2970 3774 3282 3842 ponendum
3320 3789 3510 3831 onmes

267 3865 640 3932 παρατίθεται,
685 3863 747 3915 τὸ
779 3864 896 3933 μετ’
925 3865 1100 3916 ὲκείνο
1130 3863 1187 3916 δὲ
1217 3864 1318 3916 οὐκ
1353 3865 1588 3934 ἀναιρεῖ.
1641 3865 1832 3928 Οὕτως

1936 3861 2240 3915 scabellum
2291 3861 2509 3930 pedum.
2548 3862 2826 3934 Siquidem
2864 3865 2968 3927 ἕως
3018 3867 3134 3920 sive
3190 3865 3393 3930 Donec,
3453 3866 3506 3920 id

264 3951 288 4001 ὁ
321 3953 375 4002 ὲν
420 3954 602 4020 ἁγίοις
652 3953 950 4022 Γρηγόριος
980 3953 1058 4014 είς
1088 3951 1179 4003 τὸν
1233 3951 1655 4024 δεύτερονἼΙερὶ
1693 3955 1830 4011 Υίοῦ

2034 3951 2152 4006 dem
2186 3953 2392 4020 profert
2423 3953 2570 4024 quod
2621 3970 2798 4025 usque
2829 3957 2895 4010 ad
2931 3956 3135 4024 aliquid
3164 3964 3268 4020 est,
3312 3965 3366 4009 at
3399 3973 3508 4014 non
3601 3997 3609 4012 .

263 4041 401 4112 λόγον
435 4047 624 4114 φησίν.
653 4063 676 4097 ι
709 4047 842 4115 Οὐχὶ
898 4045 1094 4108 πάντες
1130 4048 1235 4099 εἰσὶ
1273 4046 1621 4118 λειτουργικὰ
1670 4050 1830 4104 πνεύ-

1935 4043 2172 4098 tollitid
2209 4044 2356 4112 quod
2413 4053 2536 4113 post
2575 4046 2717 4102 illud
2741 4056 2843 4100 est.
2873 4045 2949 4100 lta
2987 4047 3063 4099 ait
3098 4046 3394 4116 Gregorius
3424 4063 3509 4103 se-

267 4153 393 4204 ματα
421 4156 437 4204 ;
469 4156 487 4190 ›
520 4136 942 4208 Παραθαρῤύνει
993 4136 1189 4200 αὐτοὺς
1215 4174 1232 4200 ,
1266 4137 1462 4207 λέγων,
1497 4139 1620 4196 Ὅτι
1646 4143 1673 4193 ὁ
1731 4143 1832 4210 μὲν

1934 4136 2118 4191 eundo
2137 4136 2274 4190 libro
2317 4135 2397 4189 De
2431 4134 2598 4192 Filio.
2650 4156 2667 4189 ι
2689 4136 2881 4193 Nonne
2906 4153 3098 4193 omnes
3125 4148 3252 4193 sunt
3274 4139 3509 4192 admini-

266 4227 506 4298 Χριστὸς,
559 4229 744 4299 φησιν,
777 4227 903 4290 Υἱὸς
950 4227 1044 4282 τοῦ
1104 4226 1240 4282 Θεοῦ
1285 4229 1504 4300 γνήσιός
1572 4231 1742 4296 ἐστιν,
1771 4231 1824 4285 οι

1934 4229 2177 4285 stratorii
2203 4229 2492 4299 spiritus?»
2515 4229 2839 4285 Consolatur
2864 4244 2979 4295 eos,
3007 4228 3231 4298 dicens;
3257 4228 3509 4284 Christus

265 4317 313 4369 δὲ
345 4321 590 4388 ἄγγελοι,
631 4318 908 4388 ὁμόδουλοι
941 4320 1094 4388 ἡμῖν,
1121 4321 1328 4391 ταύτην
1366 4322 1690 4391 τεταγμένοι
1731 4322 1830 4394 τὴν

1933 4319 2152 4391 quidem
2187 4319 2358 4376 Filius
2393 4319 2487 4375 Dei
2523 4321 2794 4376 naturalis
2824 4329 2929 4384 est,
2962 4319 3138 4390 angeli
3174 4335 3303 4374 vero
3347 4319 3508 4377 nobis

265 4405 621 4479 λειτυυργίαν,
646 4408 708 4460 τὸ
739 4410 920 4464 πάντα.
951 4409 1209 4478 πράττειν
1237 4409 1334 4463 καὶ
1359 4410 1649 4479 διακονεῖν,
1679 4413 1830 4477 ὅπως

1934 4413 2222 4469 conservi:
2253 4414 2354 4469 hoc
2377 4414 2558 4470 sortiti
2591 4415 2981 4480 ministerium,
3003 4422 3062 4467 ut
3087 4413 3272 4468 omnia
3303 4411 3509 4467 faciant

264 4498 410 4566 ἡμεῖς
432 4498 785 4568 οἱᾶνθρωποι
825 4499 1106 4569 σωθῶμεν.
1152 4499 1426 4570 Πολλαχοῦ
1479 4504 1584 4575 γὰρ
1611 4504 1829 4573 ἄγγελοι

1935 4512 1995 4557 et
2014 4505 2402 4561 administrent
2429 4521 2538 4576 quo
2566 4520 2666 4560 nos
2701 4505 2951 4560 homines
2988 4504 3124 4559 salvi
3151 4504 3345 4560 simus.
3375 4502 3509 4560 Fre-

265 4590 486 4646 δ.ἀκονοι
547 4592 835 4660 γεγόνασιν
888 4594 968 4656 είς
1020 4592 1367 4663 ἀνθρώπους,
1413 4595 1550 4665 πρὸς
1575 4596 1674 4667 τὴν
1702 4599 1824 4652 Μα-

1933 4598 2339 4668 ηιιθηιοιθεεηίιη
2370 4599 2547 4667 angeli
2581 4598 2816 4652 ministri
2857 4595 2987 4652 facti
3019 4604 3150 4652 sunt
3197 4596 3264 4650 ad
3326 4596 3506 4658 homi-

267 4681 398 4749 ρίαν,
430 4686 527 4737 καὶ
585 4687 643 4738 ὲν
691 4684 768 4752 τῷ
799 4684 958 4755 τάφῳ
1011 4684 1104 4738 τοῦ
1159 4685 1387 4756 Κυρίου,
1420 4689 1682 4760 καὶπρὸς
1737 4691 1830 4745 τὸν

1934 4706 2054 4756 nes,
2085 4691 2247 4746 veluti
2282 4687 2352 4743 ad
2394 4688 2620 4744 Mariam
2649 4699 2702 4746 et
2737 4691 2790 4745 in
2818 4690 3066 4760 sepulcro
3107 4687 3324 4743 Domini
3353 4695 3407 4744 et
3436 4687 3503 4743 ad

266 4773 572 4845 Κορνήλιον.

1933 4782 2268 4838 Cornelium.

325 4868 422 4922 Διὰ
465 4868 644 4924 τοῦτο
693 4869 788 4924 δεῖ
821 4870 1262 4938 περισσοτέρως
1305 4871 1464 4940 ἡμᾶς
1488 4875 1816 4941 προσέχειν

2000 4874 2066 4938 ll,
2098 4875 2210 4929 1-5.
2257 4873 2551 4944 Propterea
2610 4881 2814 4942 oportet
2848 4889 2964 4926 nos'
3005 4871 3356 4926 vehementius
3417 4881 3504 4926 at-

268 4959 376 5027 τοῖς
404 4963 779 5028 ἀκουσθεῖσι,
815 4963 900 5032 μή
931 4979 1076 5018 ποτε
1113 4963 1560 5034 παροῤῥυῶμεν.
1619 4969 1687 5020 EI
1717 4967 1826 5035 γὰρ

1934 4969 2140 5024 tendere
2160 4969 2240 5022 his
2271 4984 2388 5037 qua:
2414 4969 2562 5021 dicta
2595 4974 2718 5020 sunt
2767 4963 2938 5030 nobis,
2979 4965 3254 5032 nequando
3302 4965 3500 5034 perﬂu-

270 5055 298 5102 ό
323 5053 390 5107 δι’
419 5056 696 5125 ἀγγέλων
748 5053 1038 5122 λαληθεὶς
1075 5058 1259 5124 λόγος
1296 5054 1533 5124 ἐγένετο
1558 5057 1827 5123 βέϐαιος,

1934 5076 2104 5113 amas.
2144 5059 2355 5113 Etenim
2414 5059 2462 5112 si
2501 5059 2546 5111 is
2593 5057 2683 5127 qui
2712 5072 2804 5126 per
2847 5055 3059 5126 angelos
3096 5055 3271 5110 dictus
3329 5055 3505 5124 fuerat

268 5147 354 5200 καί
386 5147 554 5205 πᾶσα
585 5148 919 5217 παράϐασις
949 5150 1046 5203 καὶ
1107 5150 1377 5218 παρακοὴ
1413 5151 1630 5207 ἐλαϐεν
1668 5154 1826 5208 ἐνδι-

1930 5167 2099 5206 ternio
2113 5149 2213 5218 fuit
2234 5150 2444 5218 ﬁrmus,
2471 5157 2521 5202 et
2551 5147 2720 5201 omnis
2745 5146 3094 5216 transgressio
3114 5153 3164 5198 et
3196 5144 3500 5200 inobedien-

268 5256 368 5294 κον
415 5243 936 5312 μισθαποδοσίαν,
995 5243 1122 5308 πῶς
1175 5244 1348 5311 ἡμεῖς
1405 5245 1825 5314 ἐκφευεώμεθα

1931 5243 2008 5294 tia
2045 5237 2248 5308 justam
2298 5239 2502 5304 prwmii
2534 5237 2948 5308 "pensationem
2979 5235 3218 5304 accepit:
3241 5231 3501 5304 quomodo

269 5336 620 5400 τηλικαύτης
665 5333 1084 5403 ἀμελήσαντες
1141 5336 1473 5403 σωτηρίας;
1523 5337 1682 5403 "Hau;
1722 5338 1826 5404 dp-

1931 5349 2036 5386 ηοεΔ
2070 5331 2379 5400 effugiemus
2439 5331 2488 5384 si
2541 5337 2746 5383 tantum
2800 5328 3180 5398 neglexerimus
3225 5325 3505 5380 salutem?

270 5427 379 5491 χὴν
405 5428 677 5488 λαϐοῦσα
707 5428 1021 5484 λαλεῖσθαι
1038 5427 1139 5490 διὰ
1164 5428 1272 5483 τοῦ
1299 5432 1536 5498 Κυρίου,
1567 5431 1685 5485 ὑπὸ
1707 5428 1831 5485 τῶν

1928 5440 2050 5496 quc-
2074 5423 2440 5488 eumprimum
2486 5423 2729 5477 enarrari
2751 5421 3069 5489 caperitpsr
3105 5419 3274 5486 ipsum
3316 5415 3502 5468 Domi-

271 5516 652 5578 ἀιουσάντωκ
675 5523 762 5587 είς
790 5520 946 5589 ἡμᾶς
971 5519 1306 5588 ἐϐεϐαιώθη.

1934 5533 2080 5580 nam,
2118 5515 2286 5570 abhis
2305 5514 2695 5585 quiandterant
2725 5514 2780 5568 in
2805 5529 2899 5567 nos
2924 5512 3140 5580 ﬁrmata
3167 5508 3289 5578 fuit.

349 5610 763 5684 'Emtaiﬁoivuv
788 5612 962 5666 λεπτά
1007 5614 1126 5664 ἐστι
1149 5614 1243 5665 καὶ
1277 5612 1434 5683 ἰσχνὰ
1460 5613 1528 5667 τὰ
1558 5612 1820 5684 κατὰ-τὴν

1937 5614 1940 5618 ’
2003 5607 2272 5674 Quoniam
2304 5607 2472 5676 igitur
2502 5607 2685 5660 tenuia
2727 5611 2856 5659 sunt
2895 5609 2950 5657 et
2999 5598 3189 5656 exsilia
3237 5609 3376 5663 quae.
3411 5609 3491 5655 ses

339 5721 357 5748 "
397 5719 535 5843 Psal.
570 5738 719 5790 xuv,
745 5721 798 5776 7.
873 5719 896 5753 ⁸
944 5721 1181 5794 Philipp.
1231 5739 1290 5790 ιι,
1315 5724 1367 5792 6,
1401 5725 1455 5779 7.
1531 5727 1550 5760 ⁸
1585 5723 1742 5780 Joan.
1778 5739 1815 5792 ι,
1853 5721 1914 5780 18

339 5805 370 5843 ι.
429 5829 441 5843 .

1918 5753 1942 5778 ι.
2047 5722 2092 5753 ³⁸
2124 5719 2285 5776 Joan.
2324 5736 2435 5786 xrv,
2471 5719 2556 5774 Η.
2674 5717 2714 5750 ¹¹
2746 5715 2907 5772 Joan.
2955 5727 3097 5767 xvn.
3123 5710 3156 5764 5
3283 5705 3493 5761 “Psal.

278 5803 374 5846 CIX.
400 5803 441 5846 ι.
