3988 6648
375 398 480 466 291

1435 393 1839 454 (IZCUMENII
1863 393 2161 453 TRICCE
2203 392 2546 454 EPISCOPI

3519 380 3629 442 2P2

375 507 616 564 cundum
684 503 1120 558 incarnationem
1193 513 1510 567 sumuntur,
1579 511 1794 572 oportet
1851 517 1951 556 nos

2087 505 2493 574 vavtlp'wnqsw,
2549 502 2630 554 δεῖ
2683 499 2831 570 ἡμᾶς
2865 493 3266 568 περισσοτέρως
3317 489 3632 562 προσέχειν.

372 594 753 654 Vehementius
786 594 1088 648 attendere.
1122 592 1231 645 Aut
1259 591 1389 646 dicit
1422 600 1481 644 ut
1519 592 1798 645 attendam
1824 590 1949 661 legi.

385 686 510 742 «Ne
556 686 777 756 quando
829 684 1182 756 perlinatnus.
1233 701 1252 734 ι
1321 682 1432 736 Ηοο
1477 693 1583 747 est,
1635 680 1952 736 excidamus

379 779 449 833 ab
482 780 709 832 honesto
741 784 793 830 et
823 789 852 827 a
878 773 963 827 via
989 789 1110 842 qua:
1126 771 1277 826 ducit
1305 771 1370 825 ad
1403 772 1656 826 salutem.
1682 789 1700 822 ι
1729 770 1832 836 Qui
1858 786 1954 839 per

378 867 604 938 angelos
655 867 836 920 dictus
874 850 1050 918 fuerat
1094 877 1297 917 sermo.
1337 880 1355 912 ι
1391 861 1501 914 Αυι
1528 861 1594 914 de
1624 862 1738 931 lege
1774 860 1954 931 loqui-

379 964 470 1014 tur
503 955 646 1027 quod
677 971 774 1026 per
805 955 1028 1023 angelos
1063 952 1187 1005 data
1221 952 1314 1016 sit,
1357 951 1500 1004 sicut
1525 951 1689 1003 etiam
1721 950 1854 1004 dicit
1899 950 1953 1004 in

381 1049 624 1118 Epistula
697 1047 764 1099 ad
810 1044 1034 1098 Galatas
1085 1059 1100 1095 :
1149 1061 1168 1094 ι
1209 1041 1467 1095 Ordinata
1525 1055 1620 1110 per
1669 1041 1949 1110 angelos,»

382 1142 498 1197 sive
536 1138 921 1193 administrata
961 1151 982 1198 ;
1012 1145 1106 1188 aut
1129 1134 1198 1188 de
1230 1134 1317 1188 his
1345 1147 1468 1201 qua:
1511 1132 1633 1185 aliis
1651 1131 1799 1185 dicta
1829 1139 1955 1186 sunt

380 1233 448 1285 ab
469 1232 677 1299 angelis
711 1247 724 1282 :
759 1226 1222 1296 quemadmodum
1256 1226 1322 1278 de
1353 1223 1649 1279 Sodomitis
1676 1223 1740 1288 “,
1765 1239 1956 1294 quem-

383 1324 673 1376 admodum
697 1321 762 1372 de
784 1321 997 1388 planctu
1024 1319 1077 1371 in
1100 1319 1236 1371 libro
1263 1316 1780 1384 Judicum,quar.do
1810 1316 1957 1369 venit

383 1413 611 1481 angelus
666 1409 880 1464 Domini
931 1411 998 1463 ad
1031 1409 1326 1472 lsraelitas,
1355 1419 1406 1462 et
1427 1408 1738 1476 objurgavit
1768 1422 1956 1461 eorum

385 1504 884 1568 transgressionem
904 1499 968 1553 ".
990 1497 1266 1568 Oportuit,
1287 1499 1486 1568 inquit,
1503 1512 1692 1552 omnes
1713 1499 1810 1552 has
1833 1513 1962 1568 gen-

2060 596 2225 666 ἤπερ,
2261 594 2446 663 φησὶν,
2479 593 2554 652 ὡς
2595 591 2958 662 προσείχομεν
2987 586 3065 658 τῷ
3093 587 3264 656 νόμῳ.
3325 601 3344 635 ι
3370 583 3459 652 Μή
3499 595 3634 634 ποτε

2063 685 2524 758 παραρῤυῶμεν.»
2554 685 2866 746 Τουτέστιν,
2898 682 3222 746 ἐκπέσωμεν
3243 673 3335 729 τοῦ
3363 673 3636 742 καθήκον-

2061 797 2174 844 τος.
2209 781 2302 834 καὶ
2347 779 2448 849 τῆς
2498 779 2592 831 ἐπὶ
2645 776 2922 846 σωτηρίαν
2968 773 3110 827 ὁδοῦ.
3149 788 3168 822 ι
3192 771 3249 824 Ὀ
3286 767 3354 821 δι’
3388 765 3637 833 ἀγγέλων

2060 869 2314 939 λαληθεὶς
2340 869 2553 936 λόγος.)
2600 867 2672 921 Ἦ
2728 868 2852 937 περὶ
2895 863 2990 918 τοῦ
3027 863 3219 931 νόμου,
3249 859 3436 929 φησὶν,
3459 858 3541 910 ὅτι
3567 856 3637 908 δι’

2063 961 2308 1028 ἀγγέλων
2346 961 2527 1030 ἐδόθη,
2573 959 2649 1022 ὡς
2690 960 2782 1011 καὶ
2816 958 2874 1009 ὲν
2912 958 2977 1026 τῇ
3011 953 3147 1024 πρὸς
3186 951 3430 1012 Γαλάτας
3479 947 3638 1018 φησὶ,

2070 1054 2386 1122 «Διαταγεὶς
2435 1053 2500 1106 δι’
2557 1051 2824 1120 ἀγγέλων,
2856 1068 2874 1102 ι
2938 1049 3106 1117 ἤγουν
3160 1043 3499 1114 διακονηθείς
3533 1058 3546 1071 ⁸
3607 1041 3672 1107 ἢ,

2066 1146 2324 1216 περὶτῶν
2370 1146 2462 1198 ὑπ’
2507 1144 2757 1212 ἀγγέλων
2811 1141 2991 1203 ἄλλοις
3041 1137 3400 1206 λαληθέντων,
3439 1133 3514 1196 ὼς
3550 1133 3644 1184 ἐπὶ

2063 1241 2172 1292 τῶν
2233 1236 2559 1306 Σοδομιτῶν,
2613 1236 2687 1297 ὡς
2741 1233 2833 1286 ἐπὶ
2881 1230 2976 1284 τοῦ
3031 1227 3382 1296 κλαυομῶνος
3436 1227 3494 1276 ἐν
3526 1225 3642 1282 τοῖς

2067 1335 2318 1401 Κριταῖς,
2344 1332 2433 1383 ὅτε
2463 1326 2624 1398 ἦλθεν
2654 1326 2881 1394 ἄγγελος
2905 1324 3109 1394 Κυρίου
3146 1321 3278 1390 πρὸς
3303 1319 3426 1377 τοὺς
3467 1317 3645 1386 Ἰσρα-

2069 1423 2256 1493 ηλίτας
2292 1421 2386 1475 καὶ
2433 1418 2658 1490 ἤλεγξεν
2711 1417 2888 1470 αὐτῶν
2935 1415 3035 1484 τὴν
3076 1409 3439 1480 παρανομίαν.
3515 1407 3644 1458 Δέον

2069 1513 2195 1582 γὰρ,
2223 1512 2379 1580 φησὶ,
2412 1509 2621 1568 πάντας
2653 1506 2933 1575 ἀφανίσαι,
2967 1505 3120 1572 ὑμεῖς
3143 1501 3200 1553 δὲ
3241 1501 3329 1553 καὶ
3368 1495 3647 1564 συνθήκας

386 1601 508 1646 tese
526 1593 703 1646 medio
736 1593 950 1654 tollere,
967 1606 1061 1646 vos
1079 1601 1258 1644 autem
1287 1589 1488 1644 hedera
1509 1604 1728 1658 qtmque
1751 1588 1962 1642 lecistis

2081 1605 2256 1659 ἔθεσθε
2293 1604 2427 1671 πρὸς
2461 1599 2681 1663 αὐτούς.
2745 1599 2842 1650 Διὰ
2878 1595 3036 1649 τοῦτο
3067 1593 3168 1646 οὐκ
3220 1588 3592 1658 ἐξολοθρεύσει
3620 1586 3648 1636 ὁ

388 1699 511 1736 cum
544 1683 651 1737 illis
688 1697 702 1736 :
742 1693 1029 1751 propterea
1059 1699 1166 1735 non
1219 1681 1501 1750 disperdet
1533 1681 1798 1733 Dominus
1827 1693 1962 1748 gen-

2081 1695 2202 1756 Θεὸς
2262 1693 2329 1746 τὰ
2395 1691 2795 1760 ὑπολειπόμενα
2845 1687 2994 1757 ἔθνη.
3073 1683 3258 1736 Ταῦτα
3313 1680 3649 1738 ἀκούσαντες

389 1785 470 1829 tes
500 1791 619 1844 qua:
643 1775 914 1828 derelicta:
940 1783 1088 1828 sunt.
1120 1773 1216 1826 His
1247 1775 1470 1837 auditis,
1498 1773 1829 1841 planxerunt
1857 1784 1966 1824 uno

2081 1787 2341 1840 ἔκλαυσαν
2371 1783 2734 1853 ὁμοθυμαδόν.
2788 1778 2948 1832 Ὅθεν
2974 1777 3068 1830 καὶ
3108 1771 3401 1843 κλαυθμῶν
3427 1773 3454 1822 ὸ
3484 1769 3650 1828 τόπος

389 1868 572 1921 animo
605 1881 836 1921 omnes:
863 1865 1004 1920 unde
1061 1874 1116 1920 et
1146 1865 1298 1919 locus
1341 1863 1601 1918 Planctus
1647 1864 1826 1918 dictus
1865 1871 1966 1916 est.

2081 1877 2303 1948 ὲκὶήθη.
2365 1878 2429 1930 Ὃ
2467 1875 2525 1929 δὲ
2565 1875 2709 1942 λέγει
2738 1871 2976 1926 τοιοῦτόν
3009 1871 3154 1922 ἐστιν
3186 1884 3199 1896 '
3231 1867 3291 1919 Ei
3317 1864 3446 1934 γὰρ,
3487 1861 3648 1930 φησὶ,

391 1959 548 2024 Quod
582 1967 784 2023 autem,
826 1959 922 2023 ait,
963 1957 1278 2025 hujusmodi
1304 1966 1433 2010 est:
1487 1955 1652 2025 326
1706 1954 1763 2008 Si
1823 1955 1968 2008 enim

2081 1972 2142 2023 τὰ
2179 1971 2268 2023 ὑπ’
2321 1969 2569 2036 ἀγγέλων
2615 1965 2919 2035 λαληθέντα
2968 1960 3130 2030 ἐξέϐη
3159 1958 3252 2011 καὶ
3281 1957 3452 2024 πέρας
3497 1953 3650 2020 ἔσχε,

394 2066 514 2120 quae
569 2052 638 2104 ab
665 2050 876 2117 angelis
927 2049 1185 2114 praedicta
1224 2057 1355 2102 sunt
1413 2050 1733 2102 acciderunt
1759 2058 1812 2101 et
1846 2047 1972 2102 elle-

396 2153 546 2198 cutm
587 2143 778 2196 sortita
810 2153 960 2204 sunt,
993 2150 1197 2210 quanto
1235 2141 1410 2210 magis
1448 2142 1760 2210 contingent
1786 2155 1904 2209 quae
1943 2154 1972 2192 a

395 2233 535 2289 Filio
571 2235 662 2288 Dei
691 2235 949 2302 praedicta
985 2242 1153 2286 sunt:
1192 2232 1398 2284 ἔνδικον
1428 2231 1870 2301 μισθαποδοσίαν,
1920 2230 1970 2282 id

395 2336 505 2393 est,
539 2327 744 2395 justam
806 2325 1220 2379 retributionem
1271 2338 1335 2378 ac
1361 2325 1406 2378 si
1440 2324 1583 2376 dicat
1615 2339 1627 2375 :
1664 2325 1716 2377 Si
1747 2339 1808 2376 ea
1841 2339 1975 2376 con-

398 2420 641 2484 tigerunt
671 2433 792 2488 quae
817 2418 885 2471 ab
913 2418 1124 2488 angelis
1148 2419 1202 2471 iu
1235 2417 1414 2472 Veteri
1455 2415 1809 2470 Testamento
1830 2416 1975 2470 dicta

396 2509 637 2575 fuerant,
701 2524 1002 2578 omnesque
1061 2517 1496 2577 transgressores
1575 2507 1749 2576 puniti
1826 2514 1976 2570 sunt,

395 2618 556 2673 quam
592 2602 852 2656 habemus
884 2615 984 2655 nos
1013 2599 1227 2654 veniam
1259 2613 1382 2652 cum
1420 2598 1545 2652 illos
1605 2598 1831 2666 punitos
1885 2613 1977 2652 rc-

402 2695 670 2766 Spicimus
702 2709 764 2746 ac
800 2691 1144 2762 negligimus.
1182 2709 1200 2742 ι
1239 2689 1296 2743 Si
1331 2697 1537 2742 tantam
1578 2689 1979 2758 neglexerimus

400 2791 654 2840 salutem.
699 2782 879 2849 sQuae
935 2798 1044 2836 non
1087 2791 1246 2837 terra:
1309 2781 1453 2836 bona
1512 2781 1785 2849 promittit
1837 2781 1981 2835 sicut

399 2877 570 2934 Vetus
598 2875 1035 2939 Testamentum,
1065 2873 1161 2929 sed
1195 2889 1421 2944 regnum
1447 2873 1716 2927 ctelorum
1761 2887 1824 2927 ac
1847 2872 1978 2927 ado-

401 2973 643 3040 ptlonem
683 2969 737 3022 in
759 2966 918 3021 lilios.
945 2963 1186 3019 Salutem
1209 2972 1390 3016 autem
1424 2962 1556 3016 dicit
1574 2976 1694 3032 quae
1713 2961 1982 3016 aChristo

403 3060 776 3114 demonstrata
815 3064 898 3112 est
940 3064 994 3110 et
1039 3055 1414 3118 manifestata,
1464 3055 1569 3106 hoc
1598 3062 1701 3118 est,
1742 3053 1899 3108 ﬁdem
1925 3053 1982 3107 in

405 3148 603 3218 ipsum.
652 3144 804 3200 Hanc
857 3154 1037 3199 autem
1071 3144 1202 3198 dixit
1240 3143 1494 3208 salutem,
1537 3144 1832 3197 ostendens
1861 3156 1983 3212 quae

408 3241 463 3295 in
494 3241 661 3295 veteri
698 3243 812 3309 lege
843 3247 1002 3293 erant
1051 3253 1161 3292 non
1206 3235 1376 3290 fuisse
1425 3234 1710 3289 salutaria.
1752 3253 1770 3285 ι
1806 3233 1982 3289 Euar-

408 3334 518 3388 rari
560 3348 654 3402 per
707 3334 880 3402 ipsum
901 3330 1234 3385 tDominum.
1272 3346 1291 3380 ι
1328 3327 1582 3384 Ostendit
1619 3328 1818 3383 deinde
1848 3327 1983 3382 illud

407 3426 634 3495 dignum
667 3441 789 3480 esse
835 3425 924 3478 cui
961 3425 1094 3477 lidcs
1123 3422 1471 3476 adhibeatur.
1512 3420 1630 3474 Non
1666 3421 1808 3476 enim
1842 3421 1984 3476 alius

408 3518 702 3588 quispiam,
738 3519 933 3586 inquit,
971 3517 1038 3569 ad
1076 3516 1128 3568 id
1171 3513 1424 3569 minister
1453 3511 1579 3574 fuit,
1626 3513 1986 3582 quemadmo-

412 3612 538 3666 dum
563 3609 742 3663 bloscs
770 3609 824 3662 in
844 3609 1036 3672 veteri,
1059 3609 1152 3662 sed
1176 3608 1290 3675 ipse
1315 3604 1585 3661 Christus.
1628 3622 1647 3656 ι
1678 3605 1759 3660 Ab
1786 3605 1873 3660 his
1888 3603 1981 3674 qui

412 3703 751 3756 audierant.»
791 3699 969 3754 Deleta
995 3700 1060 3754 ad
1083 3715 1180 3755 nos
1197 3700 1265 3754 ab
1291 3700 1376 3754 his
1398 3699 1488 3769 qui
1520 3698 1825 3761 audierant,
1852 3714 1986 3752 cnn-

415 3794 623 3847 lirmata
661 3800 864 3847 suntet
891 3791 1117 3848 credita.
1154 3791 1386 3858 Quinam
1421 3801 1602 3846 autem
1637 3801 1767 3845 sunt
1790 3792 1842 3844 hi
1889 3795 1981 3859 qui

413 3885 730 3940 audierunt?
749 3883 1052 3938 Veneraudi
1071 3899 1200 3938 sane
1219 3882 1578 3954 dis-:ipuli.Ne
1593 3882 1983 3937 otlendiculum

2076 2064 2227 2132 πόσῳ
2261 2062 2459 2132 μᾶλλον
2488 2059 2558 2112 τὰ
2593 2058 2742 2127 παρὰ
2773 2055 2866 2109 τοῦ
2903 2053 3032 2106 Tim}
3057 2051 3148 2104 τοῦ
3175 2050 3307 2102 Θεοῦ
3345 2045 3650 2114 λαληθέντα

2076 2156 2406 2226 ὲκόήσεται;
2469 2152 2746 2205 Ἔνδικον
2807 2146 3090 2218 (δικαίαν)
3134 2139 3649 2219 μισθαποδοσίαν.

2078 2248 2388 2308 Τουτέστιν,
2425 2244 2679 2315 ἀμοιϐήν.
2727 2245 2792 2295 Ὃ
2823 2243 2877 2294 δὲ
2905 2241 3072 2307 λέγει,
3106 2235 3346 2290 τοιοῦτόν
3379 2236 3527 2286 ἐστιν
3559 2249 3572 2261 ·
3593 2231 3655 2283 Εἰ

2077 2339 2148 2392 τὰ
2193 2339 2345 2408 παρὰ
2397 2337 2644 2406 ἀγγέλων
2678 2333 2979 2404 λαληθέντα
3021 2333 3077 2383 ὲν
3109 2332 3172 2399 τῇ
3215 2327 3424 2396 [Ιαλαιᾷ
3469 2322 3654 2392 ἐξέϐη,

2079 2431 2172 2482 καὶ
2217 2432 2264 2482 οἱ
2303 2429 2721 2499 ἁμαρτήσαντες
2755 2427 2953 2484 πάντες
2983 2420 3274 2483 ἀπέλαϐον,
3324 2419 3484 2471 ποίαν
3533 2416 3656 2479 ἕξο-

2084 2540 2185 2594 μεν
2211 2519 2541 2588 συγγνώμην
2563 2519 2722 2590 ἡμεῖς
2761 2516 3002 2577 ἐκείνους
3026 2512 3396 2573 ἀπολαϐόντας
3417 2510 3660 2580 ὁρῶντες

2083 2615 2176 2669 καὶ
2219 2611 2595 2681 ἀμελοῦντες;
2633 2627 2651 2662 ι
2679 2607 3022 2677 Τηλικαύτης
3072 2604 3441 2675 ἀμελήσαντες
3480 2617 3662 2670 σωτη-

2086 2706 2229 2777 ρίας.
2261 2721 2279 2750 ι
2315 2703 2388 2755 Οὐ
2415 2701 2484 2754 τὰ
2517 2700 2698 2768 ἀγαθὰ
2727 2700 2822 2769 τῆς
2857 2699 2960 2767 γῆς
3001 2693 3506 2763 ὲπαγγελλομένης,
3549 2707 3661 2744 κα-

2083 2796 2190 2858 θὼς
2220 2796 2253 2864 ή
2293 2793 2525 2856 Παλαιὰ,
2563 2791 2702 2845 ἀλλὰ
2754 2789 3028 2860 βασιλείαν
3058 2785 3302 2856 οὐρανῶν
3337 2783 3432 2838 καὶ
3480 2781 3662 2836 υἱοθε-

2086 2887 2228 2941 σίαν.
2261 2883 2542 2954 Σωτηρίας
2573 2882 2628 2934 δέ
2657 2898 2810 2951 φησι,
2835 2880 2934 2950 τῆς
2959 2878 3066 2932 ἀπὸ
3095 2875 3329 2948 Χριστοῦ
3353 2874 3664 2944 δειχθείσης

2084 2979 2180 3031 καὶ
2207 2973 2637 3045 φανερωθείσης,
2662 2972 2930 3034 τουτέστι,
2962 2972 3060 3038 τῆς
3091 2971 3168 3030 εις
3203 2967 3365 3020 αὑτὸν
3395 2967 3658 3026 πίστεως.

2086 3067 2305 3136 Ταύτην
2349 3064 2405 3118 δὲ
2440 3061 2559 3117 εἷπε
2591 3062 2884 3132 σωτηρίαν,
2915 3061 3126 3130 δεικνὺς
3154 3057 3222 3112 τὰ
3268 3060 3324 3111 ὲν
3353 3060 3420 3128 τῇ
3451 3055 3664 3126 Μαλαιᾷ

2009 3193 2053 3254 α
2090 3160 2166 3232 μὴ
2215 3158 2390 3222 οὕτως
2435 3158 2564 3210 ὅντα
2620 3155 2884 3225 σωτήρια.
2927 3173 2946 3204 ι
2975 3152 3267 3206 Λαλείσθαι
3304 3151 3392 3203 διὰ
3433 3148 3526 3202 τοῦ
3551 3150 3666 3202 Κυ-

2091 3254 2230 3326 ρίου.
2261 3271 2279 3304 ι
2321 3247 2456 3305 Εἶτα
2487 3250 2729 3302 δείκνυσι
2761 3247 2822 3299 τὸ
2859 3245 3170 3311 ἀξιόπιστον
3198 3245 3387 3314 αὐτῆς.
3441 3243 3518 3295 Οὐ
3551 3241 3662 3308 γάρ

2086 3363 2172 3407 τις
2196 3345 2407 3413 ἕτερος,
2444 3341 2600 3410 φησὶ,
2640 3339 2963 3410 διηκόνησεν
2995 3338 3134 3408 αὐτῇ
3175 3337 3427 3404 καθάπερ
3456 3334 3666 3403 Μωσῆς

2087 3440 2154 3508 τῇ
2195 3435 2425 3505 Παλαιᾷ,
2457 3432 2572 3486 ἀλλ’
2596 3431 2756 3494 αὐτὸς
2780 3433 2807 3483 ὁ
2834 3431 3088 3501 Χριστός.
3143 3447 3161 3481 ι
3184 3429 3320 3482 ’Υπδ
3342 3427 3452 3480 τῶν
3495 3427 3666 3479 ἀκουο

2092 3529 2354 3581 σάντων.»
2402 3523 2540 3578 Ὑπὸ
2562 3523 2669 3574 τῶν
2697 3522 3040 3574 ἀκουσάντων
3083 3522 3162 3584 είς
3189 3521 3335 3589 ἡμᾶς
3362 3517 3662 3586 ἐνεχθεῖσα,

2090 3615 2393 3686 ἐϐεϐαιώθη
2418 3615 2514 3667 καὶ
2540 3612 2852 3682 ἐπιστεύθη.
2878 3611 3036 3674 Τίνες
3068 3611 3123 3664 δὲ
3154 3612 3203 3662 οἱ
3237 3609 3592 3669 ἀκούσαντες
3618 3607 3667 3658 οἱ

2097 3707 2380 3769 θεσπέσιοι
2407 3706 2651 3776 δηλονότι
2689 3704 2948 3775 μαθηταί.
2982 3703 3099 3756 Ἵνα
3123 3701 3179 3756 δὲ
3213 3700 3288 3772 μὴ
3313 3698 3666 3766 σκανδαλίσῃ.

2091 3801 2152 3853 οὐ
2194 3799 2344 3865 λέγει
2385 3799 2478 3850 καὶ
2526 3796 2716 3850 ἑαυτὸν
2756 3795 3225 3866 ἀκηκοέναιοπαρὰ
3255 3792 3517 3863 Χριστοῦ,
3555 3790 3672 3842 καί·

2094 3901 2176 3938 τοι
2232 3887 2484 3956 ἤκουσεν.

416 3977 668 4045 patiaris,
694 3990 801 4028 non
823 3974 956 4028 dicit
978 3973 1216 4042 seipsum
1246 3989 1464 4043 quoque
1501 3973 1723 4027 audisse
1746 3987 1775 4026 a
1803 3971 2047 4039 Christo,
2071 3992 2194 4029 cum
2222 3983 2402 4028 tamen
2438 3973 2699 4027 audisset.

393 4097 397 4102 -
483 4066 549 4128 ll,
586 4066 702 4121 4-8.
737 4069 1031 4120 Attestante
1063 4065 1167 4118 Deo
1218 4066 1382 4136 signis
1433 4076 1483 4119 et
1531 4065 1782 4136 prodigiis
1829 4065 1989 4119 simul

414 4157 676 4228 variisque
707 4158 1007 4221 virtutibus,
1053 4168 1102 4209 et
1153 4157 1390 4226 Spiritus
1430 4157 1603 4210 sancti
1652 4155 1989 4212 distributio-

416 4251 590 4314 nibus,
617 4250 771 4316 juxta
796 4248 962 4318 ipsius
1015 4247 1363 4304 voluntatem.
1415 4247 1539 4303 Non
1592 4250 1728 4303 enim
1789 4250 1991 4320 angeli;

416 4342 637 4410 subjecit
683 4342 857 4395 orbem
919 4349 1070 4395 terra:
1132 4341 1394 4408 futurum,
1441 4342 1505 4393 de
1552 4357 1652 4408 quo
1703 4340 1989 4410 loquimur.

2167 4063 2834 4134 Συνεπιμαρτυροῦντος
2885 4062 2991 4116 τοῦ
3049 4063 3196 4117 Θεοῦ
3250 4065 3522 4132 σημείοις
3572 4066 3670 4118 καὶ

2094 4159 2300 4230 τέρασι
2341 4159 2439 4214 καὶ
2493 4159 2799 4222 ποικίλαις
2831 4156 3144 4224 δυνάμεσι,
3176 4157 3276 4210 καὶ
3328 4158 3675 4226 Πνεύματος

2095 4253 2266 4319 ἁγίου
2311 4247 2628 4318 μερισμοῖς
2672 4246 2822 4300 κατὰ
2866 4248 2980 4312 τὴν
3030 4248 3217 4301 αὐτοῦ
3252 4247 3524 4314 θέλησιν.
3591 4253 3673 4303 Οὐ

2096 4343 2206 4411 γὰρ
2258 4339 2533 4409 ἀγγέλοις
2571 4339 2832 4403 ὑπέταξε
2857 4339 2969 4405 τὴν
3001 4339 3362 4406 οίκουμένην
3391 4338 3505 4407 τὴν
3528 4340 3678 4409 μέλ-

421 4432 665 4486 Testatus
694 4442 770 4486 est
807 4441 983 4485 autem
1014 4430 1212 4484 alicubi
1249 4430 1465 4500 quidam
1492 4431 1668 4485 dicens
1700 4447 1717 4485 :
1751 4433 1891 4498 Quid
1915 4450 1965 4486 es

2093 4438 2332 4486 λουσαν
2357 4472 2372 4496 ,
2437 4431 2569 4498 περὶ
2621 4426 2690 4500 ἧς
2754 4431 3062 4496 λαλοῦμεν
3089 4447 3102 4463 ο
3141 4431 3567 4500 διεμαρτύρατο
3602 4433 3672 4485 δέ

418 4526 572 4579 homo
605 4523 743 4593 quod
776 4539 975 4576 memor
996 4538 1048 4575 es
1081 4521 1219 4589 ejus,
1257 4530 1349 4574 aut
1391 4519 1563 4573 Filius
1588 4521 1837 4585 hominis,
1870 4535 1972 4589 quo

2099 4525 2215 4578 πού
2253 4540 2340 4588 τις
2367 4521 2578 4590 λέγων,
2607 4522 2673 4576 Τί
2693 4522 2863 4576 ἐστιν
2893 4515 3203 4590 ἅνθρωπος
3233 4524 3322 4575 ὅτι
3358 4524 3678 4592 μιμνήσκῃ

419 4617 563 4670 niam
595 4613 775 4666 invisis
807 4612 960 4664 illum
993 4613 1017 4664 i'
1056 4610 1251 4664 Fecisti
1277 4628 1395 4665 eum
1445 4611 1720 4676 paululum
1774 4613 1967 4680 inierio

2097 4613 2306 4676 αὑτοῦ,
2351 4613 2388 4681 ἢ
2423 4614 2555 4676 Υἱὸς
2599 4613 2915 4680 ἀνθρώπου
2954 4613 3041 4666 ὅτι
3092 4613 3424 4681 ἐπισκέπτῃ
3455 4616 3680 4677 αὐτόν;

419 4723 533 4762 rem
560 4705 790 4774 angelis,
823 4703 997 4772 gloria
1021 4711 1068 4756 et
1097 4701 1293 4756 honore
1324 4703 1594 4756 coronasti
1627 4718 1765 4766 eum,
1796 4712 1843 4757 et
1867 4719 1960 4756 con

2107 4703 2312 4758 Ἠλὰττ
2323 4718 2482 4768 ωσας
2515 4703 2704 4756 αὐτὸν
2723 4704 2925 4772 ,ϐραχύ
2956 4721 3008 4757 τι
3035 4705 3172 4772 παρ’
3193 4704 3510 4774 ἀγγέλους,
3525 4705 3681 4773 δόξῃ

421 4797 646 4851 stituisti
677 4811 794 4850 eum
823 4810 980 4861 super
1007 4809 1164 4858 opera
1195 4809 1449 4846 manuum
1520 4802 1758 4850 tuarum.
1805 4793 1972 4848 Omnil

2099 4796 2198 4848 καί
2243 4795 2380 4865 τιμῇ
2433 4795 2865 4863 ἐστεφάνωσας
2896 4797 3104 4860 αὐτὸν,
3153 4797 3348 4850 πάντα
3373 4798 3683 4864 ὑπέταξας

427 4887 708 4957 subjeeisti
770 4885 866 4939 sub
901 4885 1123 4949 pedibus
1167 4884 1305 4952 ejus.
1353 4883 1417 4937 In
1451 4883 1548 4937 hoc
1585 4885 1722 4938 enim
1770 4884 1909 4955 quod
1953 4902 1972 4937 ε

2095 4887 2374 4940 ὑποκάτω
2401 4886 2519 4941 τῶν
2551 4885 2754 4941 ποδῶν
2776 4887 2984 4942 αὐτοῦ.
3027 4887 3130 4941 Ἔν
3150 4887 3260 4956 γὰρ
3283 4887 3363 4951 τῷ
3383 4888 3684 4952 ὑποτάξαι

423 4979 642 5047 subjecit
677 4980 875 5044 omnia,
901 4979 1033 5031 nihil
1066 4979 1244 5032 amisit
1266 4977 1348 5031 illi
1376 4995 1478 5032 non
1503 4978 1816 5048 subjectum.
1845 4977 1968 5034 Nun

2098 4976 2261 5042 αὺτῷ
2310 4979 2381 5031 τὰ
2412 4979 2630 5043 πάντα,
2687 4977 2870 5032 οὐδὲν
2905 4979 3142 5048 ἀφῆκεν
3170 4980 3332 5044 αὺτῷ
3374 4982 3683 5034 ἀνυπότα-

430 5087 549 5126 vero
603 5069 836 5125 nondum
889 5071 1123 5126 videmus
1161 5072 1339 5126 omnia
1367 5071 1448 5125 ιιίὶ
1471 5087 1584 5126 esse
1605 5072 1859 5140 subjecta.

2106 5084 2273 5122 κτον.
2307 5069 2434 5123 Νῦν
2479 5071 2548 5124 δὲ
2575 5073 2740 5127 οὔπω
2768 5070 2996 5141 ίξρῶμεν
3023 5071 3180 5137 αὐτῷ
3209 5075 3280 5127 τὰ
3309 5073 3505 5126 πάντα
3533 5077 3684 5127 ὑπο·

2105 5163 2456 5232 τεταγμένα.

494 5253 699 5310 Deinde
750 5270 819 5310 ne
880 5257 1096 5313 mentiri
1129 5257 1424 5311 credantur
1456 5256 1547 5326 qui
1585 5271 1619 5308 ta
1654 5254 1875 5310 Christo
1907 5269 1972 5308 au

2180 5248 2311 5305 Εἶτα
2343 5250 2478 5303 ὡσεὶ
2509 5250 2791 5317 ψεύδονται
2821 5254 2868 5304 οἱ
2895 5252 3224 5313 ἀκούσαντες
3253 5251 3403 5320 παρὰ
3424 5251 3686 5320 λριστοῦ,

429 5346 665 5408 dlerunt,
700 5357 753 5400 et
786 5347 891 5401 alia
922 5363 1021 5417 pro
1052 5348 1176 5403 aliis
1203 5348 1388 5402 dicant
1427 5366 1441 5414 ;
1480 5363 1608 5413 non,
1639 5347 1835 5413 inquit.
1870 5345 1972 5399 Nar

2116 5345 2206 5396 xui
2236 5342 2370 5396 ἄλλα
2393 5339 2513 5393 ἀντ’
2547 5339 2720 5393 ἄλλων
2753 5341 3026 5409 λέγουσιν.
3076 5341 3151 5394 Οὔ
3191 5358 3360 5411 φησιν
3385 5357 3400 5372 ο
3436 5343 3529 5394 καὶ
3575 5341 3689 5410 γὰρ

428 5450 477 5491 et
508 5437 625 5506 ipse
655 5438 796 5494 Deus
844 5455 950 5494 una
1011 5455 1133 5494 cum
1184 5441 1264 5496 eis
1327 5441 1696 5495 testimonium
1753 5439 1972 5510 perhihe

2115 5434 2210 5488 καὶ
2235 5433 2398 5496 αὐτὸς
2426 5435 2454 5486 ὁ
2486 5431 2617 5494 Θεὸς
2651 5435 2917 5501 μαρτυρεῖ
2950 5435 3133 5493 αὐτοῖς
3157 5432 3436 5502 ἀλήθειαν,
3475 5431 3562 5484 διὰ
3593 5448 3691 5502 ση-

430 5528 646 5580 veritati
679 5543 776 5597 per
799 5529 958 5598 signa
993 5538 1049 5584 et
1107 5529 1372 5600 prodigia.
1432 5530 1722 5598 variasque
1774 5529 1972 5583 virtute

2116 5524 2284 5595 μείων
2311 5523 2404 5576 καὶ
2429 5522 2671 5592 τεράτων
2701 5523 2794 5573 καὶ
2834 5523 3090 5576 ποικίλων
3115 5523 3398 5594 δυνάμεων
3429 5515 3506 5578 ὧν
3532 5523 3692 5593 ἔνερ-

431 5633 567 5688 quas
594 5634 688 5687 per
717 5634 812 5674 eos
849 5627 1128 5690 operatur.
1162 5639 1179 5671 ι
1210 5621 1277 5674 Ει
1311 5618 1548 5690 Spiritus
1595 5619 1775 5674 sancti
1815 5619 1972 5674 distri

2113 5618 2199 5684 γεί
2227 5615 2295 5669 δι’
2330 5613 2534 5669 αὐτῶν.
2593 5632 2610 5666 ι
2640 5614 2751 5668 Καὶ
2787 5611 3103 5683 Πνεὺματος
3133 5616 3288 5684 ἁγίου
3329 5618 3644 5686 μερισμοῖς.
3664 5634 3684 5668 ι

511 5789 754 5844 "Gulat.
790 5791 977 5859 nt,19.
1061 5791 1103 5823 ιδ
1133 5791 1268 5849 Gen.
1323 5805 1436 5857 us,
1481 5790 1502 5843 l
1563 5804 1716 5861 seqq.
1828 5789 2078 5844 "Judic.
2119 5805 2179 5855 ιι,
2210 5787 2232 5842 Ι
2268 5802 2420 5854 seqq.
