3988 6644
195 359 272 423 293
1160 362 1544 423 COMMENT.
1589 361 1668 422 ΙΝ
1697 361 1936 423 EPIST.
1979 362 2080 422 AD
2120 360 2351 422 HEBR.

3292 358 3398 424 294

195 474 275 526 Καὶ
307 471 384 525 διὰ
427 471 784 542 χαρισμάτων
823 471 920 526 καὶ
969 471 1371 546 ὶπιφοιτήσεως
1401 476 1722 545 Πνευματος

1844 471 2169 529 ιυιὶοιιὶὶιιιε.
2211 489 2231 523 ι
2265 470 2426 542 327
2459 467 2526 525 Et
2550 485 2646 540 per
2673 470 2816 526 dona
2846 485 2910 526 ac
2939 470 3182 541 Spiritus
3223 472 3400 526 sancti

193 565 328 633 ἁγίου,
351 562 420 616 τὰ
444 563 546 634 τῆς
589 562 687 617 τοῦ
715 562 848 616 Θεοῦ
876 565 1188 636 μαρτυρίας
1217 565 1458 634 γένεται.
1519 567 1724 637 Μερισο

193 661 284 728 poi;
305 656 352 710 δέ
376 671 533 724 φησι,
564 655 654 709 διὰ
682 655 744 708 τὸ
773 651 884 708 οἷον
923 656 1391 727 καταμερίζεσθαι
1428 658 1527 729 τὴν
1562 675 1718 710 πνευ-

194 748 383 822 ματικὴν
409 750 592 820 χάριν,
635 749 778 803 κατά
800 765 860 801 τε
885 748 948 800 τὸ
979 749 1180 818 μέτρον
1207 749 1460 816 ἑκάστου,
1505 751 1600 804 καὶ
1625 754 1724 818 τὴν

192 843 264 910 τῆς
294 841 518 902 πίστεως
571 839 892 908 ἀναλογίαν,
939 842 1033 894 καὶ
1070 841 1221 904 ὅπως
1250 842 1400 910 αὑτῷ
1432 842 1722 912 συμφέρει.

195 931 342 985 «Κατὰ
367 929 463 1001 τὴν
493 929 664 984 αὑτοῦ
693 930 934 1001 θέλησιν.
961 950 980 981 ι
1029 929 1136 984 Τοῦ
1169 933 1530 1003 Παρακλήτου
1571 933 1726 1002 δηλο-

193 1023 579 1094 νότι.Διαιροῦν,
629 1025 816 1092 φησιν,
850 1023 954 1094 ἰδίᾳ
989 1024 1207 1094 ἑκάστῳ
1243 1023 1423 1087 καθὼς
1451 1024 1723 1095 βούλεται.

201 1116 276 1169 ιθὺ
293 1117 387 1185 γὰρ
425 1114 681 1183 ἀγγέλοις
713 1115 950 1182 ὑπέταξε
983 1117 1081 1186 τὴν
1115 1117 1457 1189 οἰκουμένην.
1502 1135 1520 1168 ι
1551 1116 1723 1169 Τοῦτο

197 1207 435 1260 ἀκόλουθόν
477 1210 597 1261 ὲστι
671 1210 740 1279 τῇ
801 1208 914 1262 ἄνω
962 1208 1072 1261 τῶν
1113 1209 1363 1276 ἀγγέλων
1417 1210 1725 1279 συγκρίσει.

200 1298 308 1350 Ἔδει
330 1297 432 1367 γάρ
460 1296 540 1366 τῷ
578 1297 823 1367 μεγίστῳ
852 1296 1116 1366 κτίσματι
1141 1299 1254 1360 τοῖς
1287 1296 1562 1365 ἀγγέλοις,
1597 1314 1731 1350 του-

199 1390 324 1452 τέστι,
362 1392 451 1444 τὸν
491 1390 634 1444 κατὰ
667 1390 847 1460 σάρκα
879 1390 1115 1459 Χριστὸν
1171 1388 1557 1460 συγκρίνοντα,
1609 1389 1730 1460 μεί-

202 1483 292 1547 ζονι
309 1480 393 1535 an
444 1484 728 1552 Δεσπότην
747 1481 1035 1536 δεικνύειν.
1097 1483 1418 1536 Μέλλουσαν
1457 1482 1516 1536 δὲ
1559 1485 1731 1536 οίκουο

204 1576 326 1644 μένην
353 1576 503 1644 φησὶ,
537 1574 629 1626 τὸν
659 1573 915 1643 ἐσόμενον
950 1574 1178 1644 κόσμον.
1230 1575 1367 1646 Περὶ
1411 1568 1492 1640 οὑ,
1541 1576 1730 1645 φησιν,
1757 1587 1771 1606 ⁶

199 1671 219 1719 ὸ
254 1667 374 1728 ἄπας
404 1665 562 1733 λόγος
609 1668 764 1735 ἡμῖν.
824 1665 996 1729 Αὐτὸς
1042 1666 1152 1736 γάρ
1202 1665 1396 1737 κριτὴς
1430 1669 1458 1719 ό
1498 1665 1734 1736 Χριστὸς

201 1761 366 1827 ἐκείνης
395 1761 703 1813 καθεδεῖται
732 1761 832 1828 τῆς
870 1759 1218 1829 οἰκουμένης.
1271 1757 1338 1813 Οἱ
1387 1759 1443 1812 δὲ
1484 1759 1728 1826 ἄγγελοι,

199 1853 253 1915 ὡς
276 1852 568 1920 λειτουργοὶ
606 1853 702 1904 καὶ
739 1851 916 1904 δοῦλοι
950 1851 1339 1923 παρίστανται.
1387 1850 1728 1920 «Διεμαρτύ-

201 1962 299 2015 {mo
320 1945 371 1998 δέ
402 1944 506 1996 πού
538 1962 622 2007 τις
651 1944 878 2012 λέγων.)
933 1945 1021 2008 Ὠς
1047 1943 1182 2014 πρὸς
1218 1944 1428 2007 εἰδότας
1467 1943 1565 2005 τάς
1582 1943 1730 2014 Γρα·

199 2039 276 2107 φὶς
315 2036 710 2105 διαλεγόμενος,
761 2036 822 2088 οὑ
853 2035 1037 2106 τίθησι
1070 2036 1178 2087 τῶν
1208 2036 1476 2104 λεγόντων
1521 2035 1590 2089 τὰ
1617 2033 1730 2086 ὀνὸ-

200 2148 328 2200 μιτα.
372 2150 390 2180 ι
418 2129 484 2182 Τί
535 2132 685 2182 ἐστιν
743 2129 1074 2199 ἄνθρωπος;
1106 2148 1124 2181 ι
1155 2127 1355 2200 [ΦΩἸ’.]
1383 2128 1539 2190 Τίνος
1573 2129 1731 2198 χάριν

198 2222 388 2292 προάγει
412 2219 530 2282 νῦν,
569 2221 655 2284 τὸ,
698 2220 752 2272 τί
805 2222 953 2273 ἐστιν
1007 2219 1295 2291 ἄνθρωπος
1334 2221 1416 2273 ὅτι
1450 2220 1732 2290 μιμνήσκῃ

197 2314 358 2380 aitet");
395 2313 622 2385 Ἐπειδὴ
668 2314 982 2368 ἀντιπίπειν
1041 2314 1192 2384 αὑτῷ
1239 2314 1414 2368 ἐδόκει
1465 2313 1604 2384 πρὸς
1636 2316 1735 2384 τὴν

198 2408 429 2478 πρόθεσιν,
463 2409 512 2477 (ό
548 2407 648 2478 μὲν
691 2407 800 2480 γὰρ
862 2407 1085 2476 μείζονα
1109 2407 1344 2460 δεικνυει
1369 2406 1461 2460 τὸν
1501 2407 1734 2476 Χριστὸν

196 2501 278 2553 τῶν
305 2499 593 2570 ἀγγέλων),
633 2498 696 2553 τὸ
726 2499 804 2564 δὲ,
842 2498 1012 2570 βραχύ
1037 2516 1088 2552 τι
1116 2496 1462 2568 ἡλαττῶσθαι
1491 2499 1621 2569 παρ’
1640 2498 1738 2552 αὑ-

199 2591 310 2654 τούς.
347 2591 430 2644 Διὸ
450 2589 670 2662 τίθησιν
704 2589 862 2655 αὐτὸ,
904 2589 992 2642 ἵνα
1029 2589 1128 2658 τὴν
1151 2587 1416 2643 δοκοῦσαν
1463 2587 1736 2643 ἀντίθεσιν

198 2682 320 2753 λύσῃ.
350 2682 456 2735 Καὶ
491 2680 638 2734 λύων
660 2680 827 2751 φησὶν
854 2680 1107 2750 εἰρῆσθαι
1133 2679 1298 2733 αὑτὸν
1330 2678 1734 2750 ⁴ὴλαττωμένον,

197 2774 263 2827 διὰ
293 2775 346 2827 τὸ
384 2772 619 2844 πάθημα
650 2773 744 2827 τοῦ
797 2772 1052 2826 θανάτου.
1096 2791 1113 2824 ι
1134 2771 1364 2841 Εῖδομεν
1411 2771 1521 2843 γάρ
1550 2771 1733 2839 αὑτὸν,

196 2867 269 2920 καὶ
286 2867 374 2919 οὑκ
403 2860 551 2936 εἶχεν
591 2860 729 2928 εἶδος
755 2864 876 2917 οὑδὲ
925 2863 1142 2926 κάλλος.
1159 2883 1177 2916 ι
1213 2864 1500 2934 Συγχωρεῖ
1525 2863 1580 2916 δὲ
1601 2863 1738 2928 τέως

194 2959 270 3013 καὶ
307 2960 362 3012 τὺ
414 2959 581 3031 ῥητὸν
627 2957 880 3028 είρῆσθαι
916 2957 1009 3009 ἐπὶ
1048 2955 1143 3010 τοῦ
1190 2954 1489 3020 Δεσπότου,
1543 2956 1733 3027 ἐπειδὴ

194 3052 525 3124 ίχρησίμευεν
566 3051 715 3119 αὑτῷ
766 3052 860 3104 καὶ
893 3051 974 3114 εἰς
1023 3051 1084 3103 τδ
1128 3049 1369 3114 ἐκείνους
1407 3050 1740 3122 παραμυθή-

1826 563 2309 633 superventionem
2337 562 2473 616 liunt
2503 562 2592 615 illa
2615 577 2736 632 quae
2766 568 2894 617 sunt
2935 561 3107 616 divini
3159 563 3405 618 testimo-

1825 657 1924 711 nii.
1973 655 2112 710 Dicit
2161 663 2343 710 autem
2397 653 2911 720 Distributionibus,
2942 670 3008 709 eo
3037 655 3182 724 quod
3237 653 3404 710 veluti

1827 747 2192 803 distribuatur
2217 747 2524 816 spiritualis
2577 747 2775 816 gratia,
2830 756 2882 801 et
2919 748 3076 816 juxta
3139 746 3406 815 cujusque

1828 854 2166 908 mensuram,
2205 846 2260 894 et
2318 839 2474 910 juxta
2516 838 2640 894 ﬁdei
2694 841 3125 910 proportionem,
3166 849 3222 893 et
3256 839 3406 893 velut

1828 934 1930 1002 ipsi
1955 934 2252 1003 expediens
2303 941 2387 987 est
2412 933 2478 985 “.
2523 950 2542 984 ‹
2582 931 2745 986 Juxta
2768 933 2939 1002 ipsius
2969 933 3342 987 voluntatem:
3381 949 3402 983 ι

1829 1025 2096 1081 Paracleti
2150 1025 2422 1080 videlicet.
2460 1025 2740 1090 Dividens,
2797 1026 2993 1094 inquit,
3048 1040 3147 1080 sua
3207 1020 3407 1094 cui’que

1835 1119 1983 1173 sicut
2012 1117 2146 1171 vult.
2187 1134 2205 1167 ι
2241 1115 2361 1170 Non
2393 1117 2536 1170 enim
2567 1117 2775 1185 angelis
2799 1117 3029 1186 subjecit
3052 1117 3260 1188 l,orbem
3296 1125 3407 1170 ter-

1830 1226 1957 1265 rae.»
1995 1210 2111 1264 Hoc
2141 1223 2488 1279 consequens
2519 1219 2603 1264 est
2627 1210 2692 1264 ad
2728 1210 3209 1278 comparationem
3239 1222 3409 1278 ange-

1830 1301 2008 1356 lorum
2058 1315 2180 1369 quae
2233 1300 2488 1369 superius
2550 1301 2729 1369 posita
2784 1308 2889 1355 est.
2950 1298 3200 1368 Oportuit
3263 1301 3407 1354 enim

1834 1393 2142 1464 potissima:
2190 1400 2480 1460 creaturae,
2550 1401 2680 1461 puta
2739 1392 3020 1461 angelicae,
3076 1391 3408 1447 conferendo

1832 1483 2109 1540 Christum
2143 1483 2444 1540 secundum
2498 1498 2749 1551 carnem,
2784 1483 3075 1538 ostendere
3116 1499 3240 1538 eum
3289 1497 3410 1538 esse

1835 1575 2097 1645 majorem
2135 1585 2394 1646 tanquam
2430 1575 2743 1633 Dominum.
2782 1577 3052 1632 Futurum
3105 1587 3283 1631 autem
3318 1593 3411 1633 or-

1835 1669 1956 1724 bem
1990 1679 2149 1725 terra:
2179 1670 2314 1724 dicit
2350 1670 2593 1725 futurum
2620 1672 2906 1726 mundum.
2940 1669 3016 1726 De
3045 1687 3175 1741 quo,
3211 1672 3408 1740 inquit,

1835 1763 2016 1818 omnis
2040 1777 2224 1817 sermo
2253 1762 2413 1817 nobis
2445 1774 2549 1817 εει.
2583 1763 2701 1831 ipse
2732 1764 2874 1817 enim
2901 1761 3157 1819 Christus
3198 1763 3412 1817 sedebit

1831 1854 1998 1924 judex
2036 1856 2186 1910 illius
2212 1856 2361 1910 orbis
2389 1865 2548 1912 terrm
2574 1878 2586 1911 :
2619 1858 2794 1926 angeli
2823 1872 2952 1912 vero
2980 1866 3238 1926 tanquam
3268 1858 3411 1912 servi

1834 1963 1898 2003 ac
1958 1949 2198 2004 ministri
2257 1951 2503 2004 stabunt.
2559 1969 2577 2001 ι
2612 1949 2867 2005 Testatus
2894 1957 2978 2005 est
3007 1958 3187 2005 autem
3212 1949 3412 2004 alicubi

1834 2039 2055 2110 quidam
2087 2041 2274 2094 dicens
2303 2081 2314 2094 .
2363 2063 2381 2090 ι
2416 2039 2695 2110 Tanquam
2729 2042 2797 2096 ad
2835 2057 2930 2096 eos
2957 2043 3048 2111 qui
3103 2041 3415 2111 Scripturas

1835 2133 2434 2196 noverantdisserens,
2469 2148 2577 2186 non
2613 2132 2764 2202 ponit
2791 2147 2982 2187 eorum
3045 2133 3268 2188 nomina
3320 2133 3415 2202 qui

1835 2225 2076 2285 dicunt:
2121 2243 2138 2275 ι
2185 2224 2339 2292 Quid,
2364 2235 2447 2279 est
2499 2225 2716 2278 homo?
2757 2244 2775 2275 ι
2825 2225 2998 2290 Quam
3063 2225 3132 2279 ob
3193 2240 3414 2279 causam

1835 2331 1982 2372 nunc
2016 2315 2167 2381 citat,
2200 2315 2340 2381 Quid
2369 2324 2449 2370 est
2483 2316 2644 2370 homo
2677 2315 2824 2385 quod
2859 2331 3068 2370 memor
3121 2324 3204 2370 est
3256 2316 3418 2383 ejus?

1836 2408 2106 2476 Quoniam
2162 2407 2384 2463 obstare
2435 2422 2537 2462 suo
2592 2409 2876 2477 prOposito
2937 2407 3243 2475 videbatur,
3303 2409 3417 2478 ipse

1835 2499 1980 2554 enim
2021 2498 2262 2554 ostendit
2287 2497 2569 2552 Christum
2602 2497 2808 2566 angelis
2856 2511 2978 2551 esse
3029 2497 3316 2567 majorem,
3351 2497 3417 2550 il-

1836 2591 1928 2647 lud
1951 2605 2077 2646 vero
2110 2591 2184 2644 ait
2214 2590 2498 2661 paululum
2526 2590 2736 2659 angelis
2763 2588 2966 2644 factum
3016 2603 3139 2645 esse
3183 2589 3414 2644 inferio-

1836 2697 1975 2739 rem.
2011 2682 2172 2738 Ponit
2205 2682 2390 2753 itaque
2418 2681 2540 2746 hoc,
2573 2690 2631 2735 ut
2653 2695 2771 2736 eam
2828 2695 2950 2749 quae
2981 2681 3218 2744 videtur,
3245 2681 3419 2736 solvat

1838 2775 2250 2846 objectionem:
2295 2783 2353 2828 ct-
2400 2774 2622 2829 solvens
2665 2775 2741 2828 ait
2788 2773 2994 2827 dictum
3044 2789 3164 2830 esse
3216 2774 3416 2830 factum

1840 2865 2158 2921 inferiorem
2195 2876 2417 2936 propter
2452 2865 2646 2920 mortis
2709 2867 3044 2933 passionem.
3111 2883 3129 2916 ι
3169 2864 3420 2920 Vidimus

1840 2968 2078 3023 namque
2097 2968 2221 3006 eum
2257 2962 2311 3008 et
2346 2968 2453 3007 non
2485 2953 2721 3008 habebat
2746 2954 2980 3023 speciem
3028 2969 3204 3023 neque
3256 2954 3420 3009 deco-

1841 3060 1954 3099 rem
1985 3045 2052 3099 ".
2084 3063 2103 3096 ι
2140 3044 2365 3099 Ιιιιει·ἱιιι
2397 3053 2576 3098 autem
2604 3045 2854 3099 concedit
2896 3045 3061 3099 etiam
3094 3046 3146 3100 id
3202 3045 3410 3100 dictum

194 3141 392 3206 σασθαι,
443 3141 506 3194 τὸ
535 3140 724 3195 Πάντα
770 3137 1055 3204 ὑπέταξας
1089 3138 1350 3190 ὑποκάτω
1393 3137 1503 3191 τῶν
1556 3137 1734 3191 ποδῶν

1844 3134 2012 3190 fuisse
2055 3134 2124 3190 de
2145 3133 2397 3200 Domino,
2437 3135 2694 3204 quoniam
2717 3135 2821 3188 sibi
2854 3149 3074 3205 quoque
3130 3136 3420 3202 serviebat,

192 3233 345 3287 αὑτοῦ.
387 3235 542 3288 (Ὅτι
575 3235 859 3305 μιμνήσκῃ
887 3230 1108 3286 αὑτοῦ.»
1146 3228 1478 3303 [ΘΕΟΔΩΡ.]
1526 3230 1600 3285 Oti
1627 3230 1736 3301 γὰρ

195 3325 330 3392 μόνον
357 3327 436 3389 είς
465 3325 527 3379 τὸ
561 3321 700 3379 εἶναι
739 3325 1079 3394 παρήγαγες,
1119 3321 1212 3376 καὶ
1233 3322 1293 3374 τὸ
1316 3321 1375 3376 εὑ
1407 3317 1544 3376 εῖναι
1577 3321 1739 3375 δεδώο-

193 3433 347 3485 ρησαι,
371 3417 469 3470 καὶ
501 3416 852 3488 μεμνημένος
885 3415 1171 3481 διατελεῖς,
1212 3414 1305 3468 καὶ
1329 3413 1514 3477 κακῶς
1533 3413 1739 3467 διακεί-

194 3524 327 3575 μενον
366 3510 704 3580 ἐπισκέπτῃ.
755 3527 774 3560 ι
814 3508 1161 3571 Ἦλάττωσας
1201 3506 1383 3559 αὑτόν.
1410 3523 1430 3558 ι
1477 3503 1739 3558 Ἐνταῦθα

190 3599 272 3667 τῆς
293 3603 424 3669 μετὰ
446 3600 548 3670 τὴν
582 3598 894 3672 παράὸασιν
921 3597 1325 3668 ἐμνημόνευσεν
1358 3595 1738 3666 ἀποφάνσεως.

192 3688 266 3757 Τῷ
311 3691 484 3762 θνητῷ
511 3691 642 3762 γὰρ,
693 3689 800 3744 τῶν
851 3688 1098 3758 ἀγγέλων
1164 3687 1500 3758 ἠλάττωται.
1551 3685 1742 3740 Ταῦτα

194 3779 395 3850 ἁρμόζει
430 3783 533 3852 μὲν
583 3784 680 3835 καὶ
709 3785 790 3846 εἰς
820 3782 918 3853 τὴν
950 3779 1134 3852 κοινὴν
1161 3778 1581 3852 ἀνθρωπότητα,
1635 3777 1741 3849 μά-

193 3871 324 3926 λιστα
349 3875 401 3928 δὲ
430 3878 507 3937 είς
538 3874 630 3928 τὸν
661 3875 803 3929 κατὰ
833 3875 1011 3944 σάρκα
1031 3874 1286 3944 Χριστόν.
1330 3872 1484 3926 «Νῦν.
1503 3873 1558 3925 δὲ
1582 3871 1740 3925 οὑπω

195 3962 378 4032 δρῶμεν
429 3967 580 4035 αὑτῷ
628 3966 697 4019 τὰ
756 3965 936 4020 πάντα
986 3965 1486 4035 ὑποτεταγμένων
1525 3965 1744 4037 Ἐπειδὴ

198 4053 287 4124 γὰρ
323 4051 490 4110 εἶπενο
520 4058 690 4111 Οὐδὲν
722 4058 934 4126 ἀφῆκεν
968 4056 1117 4127 αὑτῷ
1157 4057 1556 4120 ἀνυπότακτον,
1599 4050 1744 4110 οὗτοι

197 4143 243 4197 δὲ
267 4148 435 4210 κακῶς
454 4151 694 4218 ἔπασχον
720 4150 814 4202 καὶ
842 4149 1148 4218 ἡρπάζοντο
1173 4148 1322 4220 παρὰ
1341 4148 1451 4201 τῶν
1480 4147 1746 4202 Ἰουδαίων

198 4235 290 4290 τῶν
329 4241 700 4310 ἐμμεινάντων
741 4244 808 4311 τῇ
841 4241 1094 4312 ἀπιστίᾳ,
1135 4239 1225 4294 ἵνα
1265 4241 1341 4314 μὴ
1393 4240 1747 4311 ἀμφιϐάλωσι

201 4328 316 4398 πρὸς
343 4332 406 4386 τὰ
434 4333 724 4404 εἰρημένα,
757 4333 917 4402 φησί·
949 4333 1042 4401 Μὴ
1075 4330 1413 4402 θορυϐεῖσθε.
1447 4329 1614 4384 υὺπω
1638 4331 1746 4401 γὰρ

202 4421 354 4476 πάντα
382 4425 524 4488 αὑτῷ
553 4425 942 4489 ὑποτέτακται,
995 4422 1149 4477 οὑπω
1182 4422 1244 4477 ἰδ
1280 4423 1542 4494 κήρυγμα
1585 4421 1748 4474 κατέ-

205 4529 433 4586 σπαρται,
472 4516 627 4571 οὑπω
656 4516 956 4589 ἐκράτησεν
987 4518 1014 4569 ὁ
1046 4513 1302 4586 βασιλεὺς
1333 4513 1608 4586 καθαρῶς.

784 4810 1037 4867 ΚΕΦΑΛ.
1069 4809 1142 4865 Γ’.

229 4923 312 4974 Οτι
343 4910 646 4990 tam:an
705 4923 856 4977 κατὰ
903 4921 1176 4975 διάθεσιν
1227 4919 1326 4990 καὶ
1365 4919 1745 4988 συμπάθειαν

260 4995 347 5044 καὶ
403 4988 732 5056 οἱκειότὴτα
785 4992 900 5058 τὴν
959 4992 1106 5058 πρὸς
1156 4988 1314 5058 ἡμᾶς
1348 4991 1445 5043 ἐπὶ
1489 4992 1750 5058 σωτηρίᾳ

259 5062 570 5129 ἀνθρώπων
593 5060 668 5132 τῇ
699 5062 768 5116 ἐκ
801 5057 1080 5128 θανάτου,
1110 5057 1208 5114 διὰ
1247 5057 1356 5130 τῆς
1387 5060 1539 5129 πρὸς
1564 5060 1752 5115 αὐτὸν

260 5133 306 5183 οι
317 5133 615 5198 θειώσεως.

265 5243 364 5294 Τὸν
385 5243 450 5296 δὲ
472 5243 676 5312 ,βραχύ
718 5260 770 5295 τι
802 5243 938 5311 παρ’
966 5241 1262 5312 ἀγγέλους
1308 5240 1752 5310 ἠλαττωμένον,

198 5331 486 5404 βλέπομεν
547 5335 796 5401 Ἰησοῦν
827 5335 926 5390 διὰ
964 5335 1030 5389 τὸ
1061 5336 1304 5404 πάθημα
1331 5333 1747 5402 τοῦ-θανάτου,

202 5420 334 5491 δόξῃ
354 5425 448 5479 καί
473 5426 608 5496 τιμῇ
643 5425 1161 5495 ἐστεφανωμένον,
1193 5425 1352 5491 ὅπως
1383 5424 1573 5493 χάριτι
1605 5424 1752 5478 Θεοῦ

203 5513 338 5582 ὑπὲρ
394 5519 617 5584 παντὸς
677 5518 963 5587 γεύσηται
1022 5514 1301 5570 θανάτου.
1367 5517 1624 5584 "Experto
1643 5515 1754 5586 γὰρ

203 5606 345 5673 (ιε’τῷ
371 5608 442 5664 δι’
474 5610 544 5664 ὃν
567 5609 640 5664 τὰ
667 5607 887 5673 πάντα,
926 5608 1022 5662 καὶ
1051 5607 1126 5662 δι’
1155 5603 1226 5662 οὗ
1268 5607 1339 5660 τὰ
1363 5607 1578 5676 πάντα,
1611 5609 1760 5662 πολε

302 5785 341 5816 “
376 5788 394 5841 ι
463 5788 587 5845 Cor.
621 5804 717 5856 xu,
755 5788 782 5844 1
830 5802 985 5859 seqq.
1065 5789 1108 5822 "
1143 5787 1250 5844 lsa.
1283 5802 1398 5854 LIII,
1436 5786 1489 5840 '2.

1843 3225 2052 3281 utillos
2087 3226 2492 3292 consolaretur,
2523 3225 2668 3294 quod
2715 3225 2962 3280 dicitur:
3028 3225 3221 3280 Omnia
3288 3227 3421 3282 sub-

1841 3318 2028 3389 jecisti
2065 3317 2172 3372 sub
2195 3318 2424 3389 pedibus
2453 3319 2595 3383 ejus.
2628 3336 2724 3369 -ι
2737 3317 2892 3383 Quod
2918 3333 3126 3373 memor
3150 3333 3209 3374 es
3235 3319 3413 3387 ejus.»

1841 3409 2028 3479 Neque
2063 3408 2207 3465 enim
2235 3408 2476 3464 tribuisti
2503 3418 2716 3464 tantum
2759 3419 2815 3464 ut
2857 3419 3024 3473 eSSet,
3074 3410 3170 3465 sed
3225 3410 3421 3465 dedisti

1842 3514 2062 3572 quoque
2112 3507 2171 3554 ut
2223 3499 2362 3554 bene
2417 3511 2588 3564 esset,
2646 3508 2700 3555 et
2748 3501 3008 3555 continue
3056 3517 3263 3556 memor
3302 3501 3423 3571 ejus

1843 3605 2165 3661 perseveras
2197 3597 2253 3644 et
2288 3591 2445 3646 malis
2477 3590 2731 3646 allectum
2767 3593 3109 3647 consideras.
3157 3611 3176 3645 ι
3217 3593 3422 3647 Minui-

1845 3680 1915 3736 sti
1946 3696 2094 3736 eum.
2135 3699 2153 3732 ι
2184 3679 2283 3735 llic
2311 3682 2592 3736 sententia:
2617 3683 2866 3737 meminit
2899 3699 3022 3754 quae
3069 3692 3193 3754 post
3241 3692 3425 3739 trans-

1842 3772 2182 3842 gressionem
2228 3772 2337 3826 lata
2370 3780 2456 3829 est
2511 3775 2890 3839 ;mortalitate
2921 3777 3068 3830 enim
3105 3776 3426 3831 imminutus

1844 3869 1928 3917 est
1953 3862 2021 3917 ab
2045 3862 2274 3930 angelis.
2298 3864 2425 3917 Haec
2446 3863 2664 3933 quidem
2683 3874 2833 3935 aptat
2861 3867 3024 3921 etiam
3058 3865 3126 3920 ad
3167 3882 3419 3922 commu-

1846 3967 1968 4008 nem
1989 3953 2406 4020 humanitatem,
2427 3955 2864 4034 maximeatttem
2891 3958 2956 4010 ad
2981 3957 3253 4013 Christum
3271 3959 3428 4028 juxta

1847 4059 2090 4100 carnem.
2129 4063 2146 4095 ι
2179 4045 2340 4098 Νυιιο
2372 4060 2500 4099 vero
2541 4047 2779 4100 nondum
2806 4047 3055 4103 videmus
3116 4051 3299 4104 omnia
3349 4050 3426 4104 illi

1847 4150 1970 4192 esse
1995 4135 2272 4206 subjecta.
2317 4153 2336 4186 ι
2369 4133 2642 4201 Quoniam
2669 4139 2815 4192 enim
2855 4139 2991 4192 dixit
3018 4155 3034 4193 :
3067 4138 3212 4193 Nihil
3244 4141 3429 4196 omisit

1849 4227 1929 4283 illi
1963 4242 2071 4281 non
2133 4227 2464 4295 subjectum,
2534 4227 2588 4282 hi
2647 4239 2828 4283 autem
2862 4230 3022 4285 malis
3055 4230 3431 4286 adiciebantur

1849 4329 1904 4374 et
1919 4317 2274 4388 rapiebantur
2289 4333 2477 4374 eorum
2494 4319 2636 4373 bona
2658 4318 2929 4388 aJudwis,
2957 4323 3051 4390 qui
3084 4322 3136 4375 in
3180 4324 3431 4376 incredu-

1854 4409 2086 4465 dulitate
2106 4419 2525 4478 permanserant
2559 4428 2574 4467 :
2608 4427 2677 4466 ne
2711 4413 2857 4466 circa
2889 4427 2951 4466 ea
2982 4429 3104 4483 qua:
3133 4413 3278 4467 dicta
3301 4423 3431 4469 sunt

1785 4494 1830 4552 ι)
1857 4504 2202 4568 ἱιιεείιιιτεῐιι,
2229 4505 2303 4557 ait
2333 4503 2535 4574 2328
2555 4503 2633 4560 Ne
2662 4507 2958 4561 turbemini
2984 4525 2998 4563 :
3020 4508 3258 4563 nondum
3285 4511 3430 4564 enim

1851 4599 2032 4653 omnia
2052 4597 2128 4650 illi
2149 4597 2396 4666 subjecta
2412 4607 2560 4664 sunt,
2578 4601 2823 4654 nondum
2851 4602 3166 4671 praedicatio
3185 4601 3434 4673 dispersa

1853 4698 1958 4755 est,
1989 4689 2230 4746 nondum
2268 4704 2361 4743 rex
2391 4690 2678 4746 manifeste
2735 4693 2944 4764 accepit
2969 4695 3280 4763 imperium.

2485 4802 2713 4859 CAPUT
2746 4803 2832 4858 Ill.

1860 4919 2014 4984 Quod
2051 4937 2265 4975 carnem
2307 4919 2652 4989 assumpserit
2707 4920 2869 4986 juxta
2927 4921 3326 4986 dispositionem
3385 4931 3434 4975 et

1929 4990 2318 5045 eondolentium
2377 5007 2439 5044 ac
2503 4989 2920 5058 familiaritate»:
2976 5008 3131 5060 quam
3171 5007 3294 5060 erga
3342 5008 3436 5044 nos

1928 5059 2134 5125 habuit,
2166 5071 2221 5114 ut
2253 5061 2511 5113 hominem
2547 5076 2578 5112 a
2604 5069 2770 5112 morte
2795 5075 2886 5127 per
2911 5059 3332 5130 fantiliaritatem
3368 5061 3438 5114 ad

1931 5130 2102 5199 ipsum
2127 5131 2396 5184 liberaret.

1933 5245 2020 5311 11,
2054 5245 2109 5310 9,
2145 5247 2230 5300 lo.
2263 5243 2397 5299 Eum
2426 5260 2545 5298 vero
2573 5244 2661 5314 qui
2694 5244 2968 5314 paululum
2992 5246 3286 5301 diminutus
3315 5248 3433 5317 [μου

1861 5345 1942 5390 rat
1966 5336 2110 5405 infra
2144 5337 2381 5407 angelos,
2414 5340 2681 5390 cernimus
2717 5335 2901 5392 Iesum
2958 5349 3170 5408 propter
3224 5343 3436 5394 crucia-

1859 5438 1968 5483 tum
2005 5430 2193 5483 mortis
2247 5431 2418 5500 gloria
2474 5441 2522 5484 et
2575 5430 2770 5484 honore
2823 5443 3178 5485 coronatum:
3234 5442 3292 5485 ut
3343 5447 3436 5499 per

1861 5523 2092 5592 gratiam
2156 5521 2252 5576 Dei
2306 5538 2400 5592 pro
2454 5523 2699 5577 unirerso
2733 5523 2854 5576 orbe
2894 5532 3130 5594 gustaret
3197 5533 3434 5576 mortem.

1867 5611 2098 5670 Docebat
2120 5613 2255 5668 enim
2283 5629 2398 5668 eum
2431 5623 2645 5684 propter
2669 5630 2818 5683 quem
2840 5623 2960 5668 sunt
3019 5610 3218 5678 omnia,
3258 5619 3306 5664 et
3347 5627 3440 5666 uer
