3988 6604
168 436 259 498 99⁷
1185 426 1571 488 COMMENT.
1605 424 1682 484 IN
1724 425 1753 482 Ε

1861 423 1962 482 s'r.
2005 421 2104 481 AD
2144 421 2378 487 HEBR.
2657 511 2662 516 _
3309 419 3418 483 293

170 549 316 618 ἡμεῖς
349 545 404 600 δὲ
434 545 603 600 θετοί.
668 545 726 599 Ὀ
776 543 875 614 μὲν
917 541 1101 607 σώζει,
1142 545 1302 614 ἡμεῖς
1333 545 1390 594 δὲ
1420 541 1730 612 σωζόμεθα.

1861 538 1974 593 iide
2004 547 2187 593 autem
2214 539 2452 592 ﬁliorum
2507 534 2880 590 diversitatem
2914 551 2928 593 :
2983 535 3100 605 ipse
3130 535 3274 590 enim
3319 554 3419 590 nu-

175 639 292 693 ιΔιά
325 636 670 708 παθημάτων
701 633 1041 688 τελειῶσαιδ
1087 635 1368 698 Τουτὲστι,
1401 635 1464 687 τὸ
1493 632 1737 686 ἐλλεῖπον

171 731 306 802 αὐτῷ
327 729 749 800 ἀναπληρῶσαι.
783 729 847 781 Τί
874 727 933 781 δὲ
964 729 1212 782 ἐνέλειπε
1248 728 1325 798 τῷ
1357 726 1576 797 Χριστῷ
1604 725 1739 780 καθο

172 827 361 879 νοεῖται
388 822 708 893 ἄνθρωποςς
759 821 820 873 τὸ
863 818 1134 873 ἀθάνατον
1167 819 1390 890 δηλαδὴ,
1415 821 1503 872 ἴνα
1531 819 1594 871 τὸ
1617 817 1738 872 κατ’

173 915 345 969 εἰκόνα
389 913 492 985 ἔχῃ
531 909 854 973 ἀνελλιπῶς.
913 909 1328 982 Ἀνεπλήρωσεν
1373 909 1466 963 οὖν
1505 909 1654 980 αὐτῷ
1681 909 1742 963 τὸ

173 1007 346 1060 λεῖπον
385 1008 414 1057 ὁ
449 1004 642 1074 Πατὴρ
682 1003 772 1057 διὰ
810 1004 910 1073 τῆς
956 1004 1329 1066 ἀναστάσεως.
1358 1003 1458 1056 Διὰ
1491 1003 1656 1072 μέσου
1682 1001 1740 1054 δὲ

178 1095 351 1157 αὑτοῦ,
392 1095 606 1158 πάντας
649 1093 972 1166 ἀνθρώπους
1019 1094 1382 1164 ἀναπληρῶν,
1417 1093 1599 1156 καθὼς
1644 1094 1740 1147 καὶ

178 1180 393 1258 ἀλλαχοῦ
425 1204 596 1257 φησιν
639 1189 668 1240 ό
696 1187 859 1250 αὐτὸς
889 1187 1244 1250 ’Λπόστολος’
1282 1187 1392 1240 Καὶ
1411 1185 1738 1250 τελειωθεὶς,

181 1283 350 1351 γέγονε
387 1283 502 1344 τοῖς
547 1283 629 1343 είς
671 1281 835 1335 αὑτὸν
868 1280 1146 1345 ἐλπίζουσι
1173 1278 1434 1350 πρόξενος
1465 1275 1742 1348 σωτηρίας

185 1373 525 1429 ἀκαταλύτου.
559 1370 748 1436 Οὕτως
769 1371 799 1424 ό
835 1373 892 1424 ἐν
921 1373 1099 1441 ἁγίοις
1138 1371 1406 1443 Κύριλλος
1448 1371 1543 1426 καὶ
1573 1371 1745 1441 Σευῆ-

186 1483 261 1537 po;
284 1467 338 1518 ὲν
363 1465 442 1536 τῷ
463 1463 569 1534 ρξδ⁸
598 1464 879 1535 κεφαλαίῳ
909 1465 1004 1518 τοῦ
1037 1465 1444 1534 Φιλαλήθους.

245 1770 312 1823 Ὀ
355 1784 419 1822 τε
451 1767 560 1837 γὰρ
605 1765 854 1838 ἁγιάζων
884 1766 981 1821 καὶ
1015 1769 1069 1821 οἱ
1097 1765 1485 1836 ἁγιαζόμενοι,
1514 1767 1583 1831 ἐξ
1607 1760 1744 1831 ἐνὸς

188 1857 406 1924 πάντες.
423 1860 506 1912 Δι’
531 1855 613 1926 ῆν
635 1858 834 1911 αίτίαν
856 1859 968 1911 οὐκ
992 1856 1424 1926 ἐπαισχύνεται
1441 1855 1744 1924 ἀδελφοὺς
1779 1902 1820 1955 Β

189 1951 386 2018 αὐτοὺς
413 1950 644 2016 καλεῖν,
679 1948 894 2021 λέγων·
940 1948 1285 2019 Ἀπαγγελῶ
1309 1949 1372 2002 τὸ
1410 1947 1598 2018 ὄνομά
1626 1962 1744 2002 σου

191 2044 293 2110 τοῖς
340 2040 628 2113 ἀδελφοῖς
671 2061 812 2112 μου,
857 2041 926 2097 ἐν
953 2042 1123 2112 μέσῳ
1159 2040 1526 2108 Ἐκκλησίας
1556 2035 1746 2108 ὑμνήο

195 2153 266 2191 σω
289 2153 377 2191 σε.
433 2137 543 2192 Καὶ
587 2135 794 2189 πάλιν·
839 2133 982 2204 Ἐγὼ
1032 2133 1248 2203 ἔσομαι
1303 2132 1599 2198 πεποιθὼς
1653 2133 1747 2187 ἐπ’

196 2227 350 2294 αὐτῷ.
403 2227 509 2282 Καὶ
559 2226 770 2282 milia"
823 2226 982 2280 ἰὃοὺ
1031 2225 1147 2295 ἐγὼ
1196 2225 1296 2280 καὶ
1348 2225 1420 2279 τὰ
1466 2225 1676 2280 παιδία
1711 2226 1749 2281 ἄ

195 2338 274 2389 μοι
312 2320 528 2373 ἔδωκεν
570 2323 603 2373 ὁ
637 2320 803 2385 Θεός.
877 2317 1039 2372 Ἐπεὶ
1062 2312 1176 2373 οὖν
1204 2317 1276 2370 τὰ
1305 2315 1515 2372 παιδία
1552 2334 1748 2371 κεκοι-

197 2411 394 2478 νώνηκε
444 2410 675 2480 σαρκός
720 2411 819 2465 καί
876 2411 1156 2480 αἵματος,
1211 2409 1308 2463 καὶ
1345 2410 1530 2476 αὐτὸς
1563 2425 1751 2479 παρα-

199 2503 442 2570 πλησίως
465 2502 730 2572 μετέσχε
757 2500 876 2555 τῶν
902 2501 1125 2566 αὐτῶν,
1158 2502 1259 2555 ἵνα
1290 2501 1388 2556 διὰ
1426 2501 1534 2557 τοῦ
1565 2503 1750 2558 θανά-

199 2612 282 2649 του
301 2595 644 2666 καταργήσῃ
685 2594 795 2649 τὸν
828 2594 894 2648 τὸ
925 2593 1143 2663 κράτος
1173 2595 1394 2664 ἔχοντα
1421 2595 1528 2650 τοῦ
1567 2597 1752 2650 θανά-

200 2703 303 2753 του,
330 2688 623 2750 τουτέστι,
653 2687 761 2742 τὸν
790 2686 1095 2750 διάϐολον,
1129 2688 1226 2741 καὶ
1257 2687 1584 2757 ἀπαλλάξῃ
1615 2689 1753 2742 τού-

198 2793 314 2845 τοινς
360 2779 493 2833 ὅσοι
544 2781 708 2848 φόϐῳ
758 2777 1020 2834 θανάτου
1074 2776 1173 2832 διὰ
1222 2779 1452 2846 παντὸς
1507 2778 1616 2835 τοῦ
1646 2778 1756 2849 ζῇν

197 2868 366 2937 ἔνοχοι
387 2866 557 2938 ἦσαν
581 2870 884 2937 δουλείας.

261 2961 349 3014 i'O
395 2961 662 3031 ἁγιάζων,
724 2982 741 3013 ›
785 2963 1084 3028 τουτέστιν,
1123 2963 1153 3018 ό
1201 2961 1458 3035 Χριστὸς,
1509 2982 1528 3014 ι
1575 2948 1669 3017 καὶ
1705 2965 1756 3017 οἱ

201 3049 548 3122 ἁγιαζόμενοι,
589 3072 608 3105 ι
637 3053 921 3108 τουτέστιν
947 3056 996 3108 οἱ
1025 3054 1324 3126 ἄνθρωποι,
1356 3051 1415 3120 ἐξ
1435 3055 1555 3118 ἑνός
1587 3057 1754 3126 ἐσμεν

198 3142 273 3194 τοῦ
295 3143 422 3197 Θεοῦ
457 3146 553 3198 καὶ
593 3146 828 3218 Πατρος.
878 3145 1020 3201 Ἀλλ’
1049 3147 1078 3200 ό
1112 3147 1210 3218 μὲν
1245 3147 1480 3218 Χριστὸς
1511 3147 1588 3212 ὡς
1621 3147 1752 3211 Υἱὸς

1843 631 2043 686 turalis
2072 639 2181 693 est,
2243 644 2342 686 nos
2394 636 2575 684 autem
2629 627 2905 698 adoptati:
2939 628 3055 698 ipse
3087 629 3281 694 salvat,
3319 645 3422 684 nos

1844 733 2027 776 autem
2117 726 2419 777 salvamur.
2485 738 2502 770 ι
2570 718 2671 772 Per
2727 717 3056 773 aiﬁictiones
3116 716 3421 788 perfectum

1841 817 2115 874 redderet.
2150 837 2168 870 ι
2202 818 2316 872 Hoc
2337 827 2443 882 est,
2475 814 2620 886 quod
2651 815 2754 885 ipsi
2783 816 2969 870 deerat
2991 813 3253 885 expleret.
3279 813 3425 881 Quid

1845 920 2027 968 autem
2060 911 2284 968 Christo
2319 913 2505 967 deerat
2529 920 2801 980 quatenus
2865 910 3030 964 homo
3063 907 3427 976 intelligitur?

1848 1005 2236 1059 lmmortalilas
2269 1004 2541 1070 videlicet,
2593 1015 2650 1060 ut
2700 1003 2995 1070 imaginem
3055 1002 3276 1056 haberet
3335 1000 3426 1054 cui

1846 1099 1982 1154 nihil
2013 1098 2251 1155 deesset.
2284 1098 2589 1168 Complevit
2611 1099 2796 1168 itaque
2829 1095 2990 1152 Pater
3021 1095 3168 1166 quod
3233 1093 3425 1148 deerat
3479 1119 3483 1124 -

1844 1190 2450 1262 per.resurrectionem.
2483 1190 2582 1246 Per
2605 1191 2844 1245 medium
2881 1203 3010 1244 vero
3037 1187 3212 1259 ipsius
3237 1199 3429 1241 omnes

1845 1284 2086 1356 explevit
2118 1284 2393 1345 homines.
2428 1282 2591 1354 330
2619 1280 3082 1354 quemadmodum
3113 1280 3276 1334 etiam
3297 1278 3428 1332 alibi

1846 1376 1981 1431 dicit
2015 1377 2134 1447 ipse
2189 1375 2533 1446 Apostolus:
2605 1376 2777 1431 Porro
2839 1372 3120 1445 perfectus
3178 1371 3429 1426 redditus

1847 1467 2107 1520 omnibus
2142 1466 2237 1536 qui
2281 1466 2384 1521 sibi
2416 1464 2742 1522 obedierunt
2778 1463 2882 1518 fuit
2912 1478 3078 1518 causa
3111 1456 3310 1518 salutis
3341 1461 3430 1514 iu-

1849 1559 2214 1614 dissolubilis.
2243 1558 2320 1612 Ita
2355 1558 2518 1612 sentit
2569 1557 2728 1611 divus
2772 1556 3014 1627 Cyrillus
3077 1569 3141 1610 ac
3191 1553 3431 1609 Severus

1849 1653 2149 1707 centesimo
2194 1651 2763 1722 sexagesimo'quarto
2795 1650 2974 1720 capite
3003 1647 3361 1718 Φιλαλήθους.

1924 1745 2139 1809 11,-15.
2170 1743 2610 1814 Quandoquidem
2645 1753 2694 1798 et
2737 1743 2828 1812 qui
2893 1742 3196 1811 sanctiﬁcat
3248 1748 3298 1795 et
3342 1740 3434 1809 qui

1852 1838 2267 1907 san‘ctiﬁcantur
2292 1853 2356 1892 ex
2388 1854 2492 1892 uno
2521 1846 2647 1892 sunt
2675 1852 2876 1891 omnes.
2909 1835 3086 1902 Quam
3118 1833 3180 1888 ob
3213 1849 3435 1888 causam

1851 1945 1951 1982 non
1979 1928 2237 1983 erubescit
2271 1928 2465 1998 fratres
2496 1930 2618 1984 illos
2646 1945 2855 1992 vocare,
2887 1927 3105 1983 dicens:
3132 1926 3437 1980 Aununtia-

1852 2020 1915 2072 bo
1949 2035 2137 2073 nomen
2173 2029 2322 2072 tuum
2365 2019 2626 2090 fratribus
2665 2021 2816 2082 meis,
2847 2020 2901 2072 in
2961 2020 3132 2072 medio
3182 2018 3436 2074 Ecclesia:

1852 2110 2085 2165 laudabo
2109 2121 2175 2166 te.
2207 2110 2273 2164 Et
2296 2129 2550 2168 rursum:
2588 2111 2699 2181 Ego
2727 2128 2818 2166 ero
2873 2111 3041 2181 ﬁdens
3100 2112 3156 2164 in
3201 2110 3316 2164 illo.
3368 2103 3437 2164 Et

1851 2205 2080 2260 iterum:
2112 2203 2248 2259 Ecce
2284 2222 2379 2275 ego
2427 2215 2474 2259 et
2519 2206 2620 2276 ﬁlii
2675 2221 2805 2275 quos
2870 2204 3015 2258 dedit
3074 2202 3203 2257 mihi
3270 2203 3433 2258 Deus.

1855 2296 2299 2367 Quandoquidem
2333 2297 2495 2368 igitur
2515 2297 2619 2365 ﬁlii
2641 2297 3018 2350 commercium
3069 2294 3263 2348 habent
3315 2311 3435 2348 cum

1853 2406 2013 2444 carne
2057 2400 2108 2444 et
2159 2392 2439 2460 sanguine,
2482 2401 2530 2444 et
2575 2391 2685 2458 ipse
2751 2388 3119 2458 parilormiter
3172 2389 3437 2459 particeps

1857 2481 2034 2550 factus
2067 2489 2146 2534 est
2179 2479 2505 2546 earumdem,
2538 2489 2595 2533 ut
2631 2495 2722 2549 per
2775 2489 2996 2534 mortem
3041 2480 3270 2534 aboleret
3317 2497 3438 2534 eum

1854 2570 1945 2637 qui
1965 2570 2153 2622 mortis
2209 2569 2372 2622 robur
2414 2568 2662 2634 habebat,
2729 2568 2824 2622 hoc
2864 2577 2966 2632 est,
3009 2567 3330 2624 diabolum:
3386 2579 3437 2622 et

1855 2660 2047 2716 liberos
2076 2660 2318 2716 redderet
2350 2677 2459 2726 eos,
2483 2663 2779 2732 quicunque
2812 2669 2953 2714 metu
2989 2661 3179 2716 mortis
3198 2677 3292 2731 per
3325 2676 3438 2715 om-

1859 2771 1974 2808 nem
2001 2755 2163 2808 vitam
2193 2755 2408 2809 obnoxii
2428 2762 2581 2807 erant
2603 2754 2865 2808 servituti.

1934 2959 1953 2992 ι
1992 2939 2096 3008 Qui
2131 2917 2465 3008 sanctiﬁcat,
2508 2961 2528 2995 ι
2568 2942 2672 2997 hoc
2696 2950 2801 3009 est,
2854 2941 3134 3006 Christus,
3182 2960 3201 2994 ι
3243 2951 3296 2998 et
3343 2946 3438 3013 qui

1854 3033 2297 3097 ‘sanctiﬁcantur,
2335 3053 2352 3084 ι
2411 3033 2466 3088 id
2486 3043 2595 3096 est,
2646 3034 2919 3099 homines,
2973 3048 3039 3087 ex
3077 3048 3186 3087 uno
3247 3049 3440 3090 suums

1862 3125 1972 3181 Deo
1991 3135 2045 3181 et
2075 3125 2256 3180 Patre.
2283 3125 2389 3180 Sed
2421 3125 2677 3180 Christus
2704 3123 2944 3195 quidem,
2971 3132 3031 3178 ut
3061 3121 3232 3179 Filius
3257 3132 3312 3178 et
3345 3139 3442 3178 na-

199 3233 275 3286 καὶ
296 3236 510 3310 γνήσιον
534 3215 784 3309 γέννημα
810 3239 907 3292 καὶ
937 3240 1001 3292 ἐκ
1025 3215 1128 3310 τῆς
1157 3215 1348 3303 οὐσίας
1388 3238 1484 3292 τοῦ
1519 3239 1752 3311 Πατρὸς,

1861 3217 2057 3272 turalis
2087 3218 2375 3287 progenies
2397 3224 2450 3271 et
2476 3232 2552 3270 ex,
2575 3216 2882 3271 substantia
2906 3215 3107 3282 Patris,
3132 3230 3231 3271 nos
3259 3225 3441 3272 autem

201 3326 335 3394 ἡμεῖς
365 3328 420 3380 δὲ
445 3329 521 3393 ὡς
543 3329 752 3400 κτίσμα
780 3331 876 3384 καὶ
906 3330 1180 3394 υἱοθεσίας
1211 3331 1399 3403 χάριτι
1431 3328 1752 3402 ἠξιωμένοι.

207 3419 504 3489 ι’Ᾱδελφοὺς
538 3422 737 3485 αὐτοὺς
785 3422 1028 3476 καλεῖν.»
1074 3419 1280 3496 [ΦΩΤ.]
1316 3423 1470 3493 Ἀμα
1518 3421 1629 3494 γὰρ
1655 3421 1756 3494 τὴν

205 3511 356 3582 σάρκα
417 3511 599 3583 ἑαυτῷ
658 3514 856 3584 ἥνωσε,
915 3513 1012 3567 καὶ
1058 3512 1158 3585 τὴν
1197 3513 1533 3586 ἀδελφότητα
1568 3513 1754 3572 ἐνεδύ-

206 3615 332 3656 σατο.
353 3605 558 3669 Εἰπὼν,
594 3605 708 3658 Οὐκ
742 3605 1159 3676 ἐπαισχύνεται,
1185 3603 1354 3672 ἔδειξε
1384 3607 1446 3660 τὸ
1476 3603 1752 3680 διάφορον.

205 3696 266 3747 Οὐ
316 3697 418 3768 γὰρ
473 3698 618 3751 κατὰ
672 3697 837 3767 φύσιν
892 3696 1120 3768 ἀδελφὸς
1169 3699 1346 3752 καίτοι
1415 3697 1490 3752 ὣν
1541 3697 1756 3769 ἀληθῶς

207 3785 460 3860 ἄνθρωπος
485 3833 501 3856 ,
539 3790 674 3844 ἀλλὰ
715 3788 858 3844 κατὰ
888 3789 1335 3860 φιλανθρωπίαν,
1396 3790 1583 3861 ἐπειδή
1639 3792 1756 3844 ἐστι

208 3882 284 3931 καὶ
332 3882 544 3953 ἀληθῶς
600 3881 753 3946 Θεός.
821 3902 839 3934 ι
878 3881 1021 3952 Ἐγὼ
1076 3883 1274 3952 ἔσομαι
1331 3879 1611 3946 πεποιθὼς
1667 3884 1755 3935 ἐπ’

211 3970 380 4039 αὐτῷ.)
426 3973 651 4046 Ἐπειδὴ
678 3973 789 4027 ἂνω
821 3968 976 4027 εἶπεν
1016 3972 1180 4047 αὑτὸν
1211 3974 1439 4044 ἀδελφὸν
1477 3975 1570 4027 καὶ
1603 3973 1758 4028 κάτω

212 4064 414 4134 πατέρα,
466 4067 524 4118 ὲν
565 4067 715 4136 μέσῳ
749 4067 1025 4138 ἐσήμανεν
1075 4067 1158 4121 ὅτι
1211 4065 1384 4120 ταῦτα
1432 4065 1531 4138 μὲν
1569 4066 1758 4136 φιλαν-

209 4155 426 4228 θρωπίας
478 4159 722 4230 ὀνόματα
758 4159 850 4213 καὶ
911 4159 1134 4231 χάριτος
1190 4161 1290 4230 τῆς
1354 4155 1542 4224 αὐτοῦ,
1591 4159 1657 4228 τῇ
1700 4155 1758 4209 δὲ

212 4247 345 4314 φύσει
375 4251 466 4304 καὶ
495 4250 712 4324 ἀληθῶς
741 4250 874 4316 Θεός
907 4253 1042 4315 ἐστι,
1077 4252 1230 4322 φησί.
1288 4249 1385 4315 Τίς
1417 4253 1525 4321 γὰρ
1565 4250 1760 4302 πέποι-

211 4337 290 4391 θεν
316 4341 397 4394 ἐπὶ
414 4343 587 4417 ἑτέρῳ
616 4343 745 4408 τινὶ,
774 4345 822 4396 εἰ
852 4343 928 4414 μὴ
950 4343 1044 4396 ἐπὶ
1073 4343 1221 4414 μόνῳ
1247 4342 1395 4413 Θεῷς
1416 4342 1549 4395 ὡσεὶ
1571 4341 1723 4410 ἔλεγε
1741 4356 1755 4372 ⁵

213 4429 289 4501 Μὴ
322 4433 605 4498 ἀκούοντες
642 4436 806 4488 αὑτὸν
838 4434 1065 4504 ἀδελφὺν
1101 4436 1196 4488 καὶ⁵
1231 4435 1464 4506 πατέρα,
1499 4433 1758 4504 νομίσητε

213 4519 293 4576 ινα
310 4519 437 4580 εἶναι
465 4527 575 4580 τῶν
614 4526 827 4581 πολλῶν
847 4540 862 4556 ⁸
896 4527 1031 4591 Θεός
1062 4528 1199 4594 ἐστι,
1241 4527 1427 4598 φησὶν,
1459 4528 1544 4598 ἐφ’
1579 4523 1638 4580 ὃν
1666 4527 1760 4596 γέ-

1863 3319 1922 3364 υι
1950 3319 2204 3364 creatura
2233 3317 2288 3364 et
2310 3310 2402 3378 qui
2440 3310 2670 3378 gratiam
2731 3307 3043 3378 adoptionis
3103 3309 3440 3381 accepimus.

1857 3433 1930 3448 -η-
1957 3420 1977 3455 ι
2010 3401 2229 3458 Fratres
2265 3403 2385 3458 illos
2435 3418 2657 3458 vocare.
2697 3422 2715 3454 ι
2777 3401 2953 3457 Simul
3006 3403 3152 3456 enim
3214 3418 3441 3457 carnem

1859 3494 2070 3565 sibiipsi
2105 3495 2300 3560 univit,
2361 3503 2415 3550 et
2475 3494 2875 3550 fraternitatem
2930 3493 3129 3548 induit.
3187 3494 3386 3549 Dicens
3421 3511 3443 3552 :

1857 3585 1977 3641 Non
1996 3586 2290 3651 erubescit,
2307 3586 2548 3643 ostendit
2564 3587 2940 3642 diversitatem
2963 3595 3017 3642 et
3041 3587 3418 3642 excellentiam
3440 3630 3444 3636 .

1859 3677 2144 3749 Siquidem
2176 3678 2330 3748 juxta
2363 3690 2613 3734 naturam
2648 3679 2818 3733 frater
2849 3693 2962 3733 non
2999 3687 3139 3748 erat,
3173 3681 3295 3734 licet
3314 3695 3443 3734 vero

1860 3772 2025 3826 homo
2069 3779 2266 3826 esset:
2328 3774 2422 3828 sed
2474 3786 2542 3827 ex
2592 3771 2949 3842 benignitate,
2998 3773 3442 3844 qiianquuidem

1861 3866 2027 3918 etiam
2094 3879 2221 3919 vere
2247 3863 2394 3921 Deus
2445 3874 2586 3919 erat.
2623 3883 2642 3915 ι
2681 3865 2797 3934 Ego
2825 3880 2921 3918 ero
2955 3865 3128 3921 ﬁdens
3175 3867 3228 3920 in
3263 3868 3378 3920 illo.
3421 3885 3438 3916 ο

1859 3955 2134 4023 Quoniam
2155 3957 2407 4026 superius
2440 3956 2580 4011 dixit
2615 3958 2766 4011 illum
2827 3957 3050 4013 fratrem
3105 3969 3161 4015 et
3212 3960 3446 4016 inferius

1862 4057 2095 4119 patrem,
2137 4048 2191 4103 in
2237 4042 2419 4103 medio
2475 4047 2804 4118 signiﬁcavit
2854 4049 3001 4120 quod
3057 4051 3172 4106 haee
3222 4053 3442 4122 quidem

1863 4141 2217 4211 benignitatis
2252 4139 2474 4193 nomina
2506 4148 2634 4194 sunt
2673 4149 2728 4195 et
2757 4142 2946 4210 gratia:
3001 4145 3198 4212 ipsius,
3248 4156 3444 4200 natura

1861 4243 2042 4286 autem
2096 4239 2150 4285 et
2199 4230 2430 4284 Veritate
2478 4228 2619 4286 Deus
2653 4239 2758 4296 est,
2786 4232 2982 4302 inquit.
3025 4232 3160 4301 Quis
3211 4238 3356 4290 enim
3387 4239 3446 4293 in

1863 4325 1972 4378 alio
1997 4338 2270 4395 quoquam
2304 4322 2545 4378 liditnisi
2578 4323 2631 4377 in
2665 4326 2784 4378 solo
2820 4325 2929 4379 Deo
2960 4326 2983 4380 ’ἒ
3015 4331 3092 4381 Ac
3122 4328 3169 4383 si
3200 4328 3443 4384 diceret:

1863 4419 1940 4476 Ne
1973 4421 2256 4476 audientes
2280 4418 2457 4488 ipsum
2487 4433 2608 4474 esse
2636 4418 2862 4474 fratrem
2897 4434 2962 4475 ac
2990 4429 3204 4491 patrem
3253 4425 3444 4479 existi-

1865 4516 2024 4570 metis
2059 4529 2228 4568 uuuln
2283 4512 2596 4582 quempiam
2622 4526 2748 4566 esse
2778 4527 2810 4567 e
2838 4512 3019 4581 vulgo,
3055 4512 3200 4569 Deus
3222 4523 3325 4578 est,
3361 4516 3448 4568 in-

215 4628 422 4684 γραπται
453 4617 771 4672 πεποιθέναι
799 4587 1054 4689 χρεώνίι
1077 4587 1207 4672 Ἱδου
1398 4587 1599 4671 καὶ-τὰ
1632 4587 1760 4671 παι-
1789 4587 1835 4642 D
1866 4610 2006 4679 quit.
2036 4606 2089 4660 in
2123 4621 2285 4676 quem
2319 4605 2584 4674 δοτίριυηι
2633 4613 2720 4660 εει
2743 4613 2996 4674 οβοτυπθ
3022 4605 3207 4661 ἥδετο·
3251 4625 3270 4659 ⁸
3310 4606 3448 4662 Ecce

215 4705 302 4761 δία.
342 4729 360 4762 ι
411 4712 629 4782 Πατέρα
657 4711 750 4763 τὸν
783 4711 1016 4782 Χριστὸν
1065 4709 1323 4780 ἐποίησεν
1350 4710 1526 4779 ἡμῶν.
1577 4707 1650 4762 Τδ
1679 4709 1760 4776 δὲ,

217 4796 414 4864 Ἔδωκε,
446 4803 537 4856 διὰ
569 4803 672 4874 τὴν
704 4802 1117 4872 ἀνθρωπότητα.
1148 4801 1374 4871 Ὅμοιον
1401 4801 1520 4866 τοῦ,
1571 4802 1763 4872 «Afer;-

218 4907 290 4946 σαι
315 4897 434 4967 παρ’
468 4895 629 4966 ἐμοῦ,
663 4897 758 4950 καὶ
789 4896 947 4949 δώσω
983 4911 1067 4948 σοι
1102 4895 1232 4965 ἔθνη
1261 4894 1360 4965 τὴν
1393 4894 1760 4964 κληρονομίαν

219 4997 311 5038 σου.
337 5006 354 5038 ι
387 5017 449 5028 -—
473 5009 490 5040 ι
514 4988 668 5042 Ἐπεὶ
688 4983 803 5049 οὖν,
825 4988 978 5057 φησὶ,
1011 4985 1079 5039 τὰ
1113 4985 1322 5051 παιδία,
1351 5001 1368 5036 ι
1393 4985 1692 5050 τουτέστιν,
1712 4985 1764 5037 οἱ

217 5074 482 5148 ἄνθρωποι,
521 5098 539 5130 ι
567 5078 1000 5149 κεκοινωνήκασι
1033 5077 1235 5147 σαρκδς
1265 5076 1360 5130 καὶ
1388 5073 1639 5145 αἵματος,
1663 5092 1762 5129 πα-

219 5170 522 5242 ραπλησίως,
545 5190 564 5222 ι
593 5170 896 5234 τουτέστιν,
929 5168 1127 5240 ὁμοίως
1162 5168 1222 5233 ἐξ
1250 5165 1505 5239 ἀληθείας
1527 5165 1588 5221 οὐ
1618 5167 1759 5221 κατὰ

217 5265 485 5326 φαντασίαν
529 5262 674 5326 τινὰ,
716 5261 792 5326 ὦς
850 5278 992 5325 τινες
1044 5258 1315 5332 αἱρετικοὶ
1367 5259 1620 5329 λέγουσι,
1663 5261 1759 5312 καὶ

216 5352 352 5418 αὐτὸς
379 5355 580 5425 σαρκὸς
618 5354 714 5408 καὶ
737 5352 970 5424 αἵματος
996 5352 1220 5422 μέτοχος
1247 5350 1492 5420 γέγονεν,
1541 5351 1629 5403 ἵνα
1666 5351 1760 5402 καὶ

213 5443 262 5494 ὲν
285 5445 443 5516 τούτῳ
468 5446 618 5516 δείξῃ
653 5446 713 5498 τὸ
739 5443 995 5514 φιλόπαις
1030 5439 1185 5496 εἶναι.

275 5629 512 5695 Ἄλλως.
536 5625 829 5701 [ΚΥΡΙΛ,]
868 5627 1078 5698 Ἡμεῖς,
1107 5626 1155 5680 οἱ
1196 5629 1252 5680 ὲν
1282 5643 1490 5689 τεκνοις
1524 5603 1762 5696 ἠριθμη-

222 5718 535 5788 μένοι,’Θεοῦ
572 5720 1055 5788 κεκοινωνήκαμεν
1102 5721 1331 5788 αἵματος
1383 5717 1480 5771 καὶ
1536 5718 1760 5787 σαρκὸς,

278 5900 334 5933 ¹⁹’
362 5899 506 5959 Psal.
543 5921 602 5972 ιι,
636 5904 688 5958 8.

547 6005 816 6066 Ρλταοι..
860 6003 976 6060 (in.
1021 5998 1244 6062 CXIX.

1869 4715 1970 4772 ego
2002 4708 2058 4755 et
2097 4699 2213 4753 ﬁlii.
2241 4717 2260 4749 ι
2302 4697 2514 4752 Patrem
2570 4705 2819 4752 nostrum
2847 4695 2976 4752 fecit
3024 4697 3326 4755 Christum.
3361 4702 3449 4754 Ait

1871 4804 2091 4849 autem:
2131 4791 2310 4855 Dedit,
2341 4799 2563 4860 propter
2599 4789 3015 4856 humanitatem,
3064 4791 3228 4846 veluti
3258 4803 3344 4846 est
3383 4795 3449 4846 il-

1871 4884 1962 4938 lud
1993 4901 2005 4938 :
2044 4900 2064 4934 ι
2113 4881 2336 4937 Postula
2364 4897 2392 4934 a
2416 4896 2502 4936 me
2528 4887 2583 4934 et
2605 4879 2745 4934 dabo
2768 4880 2866 4934 tibi
2910 4890 3100 4951 gentes
3159 4882 3448 4936 haeredita-

1869 4985 1978 5031 tem
2017 4985 2166 5030 tuam
2199 4975 2285 5028 η’.
2321 4992 2339 5025 ι
2374 4973 2572 5044 331i
2614 4971 3065 5042 Quandoquidem
3092 4974 3255 5044 igitur
3285 4977 3399 5039 lilii,
3422 4995 3441 5027 ι

1873 5072 1974 5123 hoc
2006 5078 2109 5131 est,
2130 5067 2400 5130 homines,
2428 5084 2448 5117 ι
2471 5063 2863 5119 commercium
2892 5065 3092 5119 habent
3127 5081 3251 5119 eum
3284 5084 3448 5121 carne

1868 5171 1924 5219 et
1957 5160 2279 5230 sanguine;
2342 5155 2737 5227 pariiormiter,
2775 5173 2793 5204 ι
2862 5155 2966 5210 hoc
3017 5167 3135 5220 est,
3198 5159 3450 5212 similiter

1868 5267 1923 5312 et
1957 5271 2102 5317 vere,
2129 5269 2234 5307 non
2269 5252 2424 5318 juxta
2469 5249 2811 5320 phantasiam
2843 5249 3106 5318 aliquam,
3135 5259 3194 5303 ut
3227 5249 3447 5318 quidam

1866 5349 2061 5404 dicunt
2101 5344 2378 5408 haeretici,
2407 5351 2463 5396 et
2493 5342 2611 5410 ipse
2638 5341 2824 5395 carnis
2871 5349 2924 5394 et
2958 5340 3241 5409 sanguinis
3274 5341 3445 5407 parti-

1865 5457 1994 5509 ceps
2029 5440 2205 5494 factus
2232 5447 2358 5492 est:
2400 5445 2462 5489 ut
2491 5435 2546 5488 in
2603 5433 2705 5487 hoc
2761 5448 2983 5503 quoque
3045 5433 3448 5485 demonstraret

1868 5547 2025 5604 quem
2059 5545 2187 5598 erga
2223 5527 2364 5582 ﬁlios
2393 5526 2897 5580 haberetamorem.

1939 5621 2061 5676 Alio
2119 5617 2296 5672 modo.
2333 5615 2442 5670 Nos
2502 5613 2598 5683 qui
2632 5613 2776 5666 inter
2829 5610 2975 5664 ﬁlios
3029 5607 3120 5660 Dei
3172 5608 3448 5661 numerati

1867 5729 2085 5778 sumus,
2119 5708 2516 5765 commercium
2571 5703 2840 5757 habemus
2905 5698 3190 5768 sanguinis
3225 5706 3277 5748 et
3317 5711 3449 5752 car-

2901 5976 3092 6032 ’10
