3988 6584
473 359 620 452 εει

1581 365 1975 431 (ΕΟΠΜΕΝΗ
2019 358 2313 422 ΤἏΙῺΟᾹ
2346 357 2689 422 EPISCCPI

3679 350 3803 414 τοο

491 503 637 556 ιιιίιε
683 497 785 552 hos
817 505 925 562 est,
954 495 1013 550 in
1070 470 1337 562 {anguine
1373 501 1569 544 sumus
1621 491 1676 540 et
1727 495 1920 544 carne,
1955 487 2008 535 et
2040 479 2091 532 iu
2125 527 2128 535 ι

2237 476 2504 541 ουτέστιν,
2539 479 2597 529 ιν
2633 449 2828 546 αἵματί
2864 474 3032 544 ἰαμεν
3063 469 3158 525 καὶ
3195 469 3382 541 σαρκὶ,
3414 467 3509 533 καὶ
3535 466 3596 522 ἐν
3618 465 3807 536 φθαρ-

515 584 969 658 sorruptibilibus
1023 579 1379 649 terrenisque
1429 573 1780 646 corporibus.
1826 570 1978 626 llanc
2028 569 2100 624 ob

513 693 740 736 causam
777 675 1122 748 unigenitum
1157 671 1249 728 Dei
1293 668 1557 732 Verbum,
1590 681 1716 724 cum
1741 665 1898 736 juxta
1935 669 2098 718 natu-

506 790 632 828 :ram
655 771 765 826 vita
797 777 966 835 esset,
995 767 1272 838 particeps
1307 762 1486 818 factus
1516 771 1600 817 est
1626 760 1824 814 borum
1851 774 1864 810 :
1905 769 2008 811 nec
2046 755 2098 809 id

512 866 821 922 secundum
864 861 1036 916 alium
1074 857 1318 920 modum,
1355 853 1450 910 sed
1486 850 1866 924 pariformiter
1909 846 2102 903 nobis-

2201 573 2316 634 τοῖς
2354 571 2452 625 καὶ
2486 569 2694 639 γητνοις
2735 566 2977 638 σώμασι.
3015 563 3233 634 Ταύτης
3276 562 3440 616 ἕνεκα
3477 561 3578 632 τῆς
3610 560 3808 622 αἰτίας

2199 666 2226 716 ό
2259 662 2556 734 μονογενὴς
2585 660 2678 715 τοῦ
2710 658 2847 714 θεοῦ
2871 659 3046 725 Λόγος
3075 655 3192 727 ζωὴ
3233 655 3377 709 κατὰ
3419 653 3583 724 φύσιν
3612 653 3807 724 ὑπάρ-

2200 775 2311 829 χων
2348 759 2580 830 μετέσχε
2609 756 2718 811 τῶν
2749 754 2951 819 αὐτῶν,
2988 754 3082 807 καὶ
3101 753 3162 806 οὐ
3197 749 3327 830 sub"
3357 750 3547 820 ἕτερον
3567 748 3811 818 τρόπον,
3871 737 3892 748 ”

2203 851 2342 907 ἀλλὰ
2382 849 2789 923 παραπλησίως
2817 850 2970 921 ἡμῖν.
2996 866 3014 900 t
3044 846 3163 902 Ἰνα
3209 847 3298 900 διὰ
3336 845 3432 899 τοῦ
3488 843 3754 899 θανάτου.
3783 857 3806 888 s

509 976 668 1016 eum.
705 977 724 1012 ι
765 955 836 1013 Ut
879 961 1270 1027 pertmortem.
1314 967 1333 1000 ι
1374 945 1582 1001 Deinde
1619 941 1788 999 etiam
1844 939 2102 994 incarna-

2237 945 2335 1000 ζῖτα
2361 945 2455 998 καὶ
2491 946 2591 1015 τῆς
2621 942 3091 1013 ἐνανορωπήσεως
3116 939 3268 1024 λέγει
3293 939 3393 1010 τὴν
3415 935 3618 990 αἰτίαν.
3647 935 3812 993 Ἵνα.

515 1051 690 1107 tionis
721 1019 945 1104 causam
981 1044 1140 1107 dicit,
1166 1048 1226 1096 ut
1255 1039 1594 1099 aboleretur,
1622 1033 1824 1104 inquit,
1850 1029 2104 1084 diabolus

2237 1038 2358 1108 ιησὶ,
2387 1035 2722 1107 καταργηθῇ
2745 1035 2774 1088 ό
2796 1034 2857 1087 τὸ
2883 1031 3083 1103 κράτος
3113 1019 3252 1101 ἔχων
3287 1030 3382 1085 τοῦ
3415 1028 3653 1084 θανάτου
3684 1025 3816 1080 διά-

519 1146 613 1210 qui
649 1139 842 1196 mortis
890 1136 1063 1192 robur
1098 1130 1361 1194 habebat,
1415 1127 1734 1182 aboleretur
1788 1131 1970 1176 autem
2009 1123 2102 1188 pet

2238 1126 2360 1190 σλος
2382 1142 2397 1156 ·
2440 1124 2767 1196 καταργηοῇ
2799 1122 2858 1177 δὲ
2886 1123 2976 1178 διὰ
3009 1121 3106 1176 τοῦ
3137 1121 3396 1183 θανάτου,
3428 1118 3504 1180 ὡς
3527 1119 3576 1172 sl
3606 1112 3773 1173 εἷπεν
3794 1131 3812 1144 ·

521 1243 776 1292 mortem.
801 1229 1093 1300 Tanquam
1127 1225 1369 1282 diceret:
1407 1221 1452 1278 0
1483 1220 1580 1276 Dei
1606 1215 1936 1289 sapientiam
1961 1214 1976 1268 l
2002 1211 2106 1268 Per

2237 1220 2274 1271 Ω
2305 1217 2499 1286 σοφίας
2531 1216 2666 1272 Θεοῦ
2694 1217 2710 1273 ι
2743 1217 2843 1272 Διὰ
2885 1215 2982 1270 τοῦ
3029 1214 3262 1270 θανάτου
3295 1213 3422 1284 ἔσχε
3451 1211 3512 1268 τὸ
3535 1211 3750 1281 κράτος
3785 1211 3820 1262 ό

523 1334 755 1384 mortem
785 1295 977 1378 habuit
1000 1319 1262 1375 diabolus
1290 1315 1484 1379 robur,
1516 1327 1613 1384 per
1653 1317 1889 1365 mortem
1917 1305 2105 1360 abole-

2241 1308 2477 1374 thoitog,
2513 1308 2604 1364 διὰ
2637 1307 2733 1364 τοῦ
2777 1308 3013 1364 θανάτου
3062 1305 3527 1377 καταλυθήσεται.
3583 1295 3656 1374 Ὦ
3693 1301 3818 1373 γὰρ

502 1417 691 1472 «hitur.
755 1414 891 1470 Nam
943 1411 1032 1467 his
1081 1408 1254 1464 armis
1315 1406 1586 1461 adversus
1638 1415 1765 1456 eum
1828 1414 1966 1455 usus
2021 1404 2106 1452 est

2237 1415 2433 1470 σχυσεν
2453 1397 2626 1468 ὅπλῳ,
2646 1395 2824 1466 τούτῳ
2848 1397 2970 1450 κατ’
2991 1394 3158 1450 αὑτοῦ
3183 1396 3212 1448 ό
3233 1391 3472 1462 Χριστὸς
3496 1389 3809 1460 ἐχρήσατο.

495 1508 800 1572 "Christus,
828 1504 1031 1576 quibus
1059 1502 1178 1573 ipse
1220 1509 1415 1571 potens
1445 1494 1573 1552 fuit.
1609 1491 1900 1562 Quomodo
1921 1499 2104 1546 autem

2237 1490 2332 1552 [ῶς
2358 1489 2416 1543 δέ
2447 1487 2607 1576 άρχει
2644 1487 2740 1542 τοῦ
2771 1487 3006 1542 θανάτου
3032 1503 3048 1554 ;
3082 1487 3208 1540 Ὅτι
3235 1485 3337 1555 τῆς
3368 1480 3650 1552 ἁμαρτίας
3701 1479 3818 1547 ἄρ’

522 1599 838 1655 dominatur
872 1595 1070 1652 morti?
1118 1570 1259 1661 Quia
1294 1588 1603 1646 dominium
1653 1585 1864 1642 habens
1895 1586 1950 1639 in
1973 1597 2106 1655 pec-

2237 1599 2327 1654 [ων
2355 1580 2415 1647 ἐξ
2439 1574 2508 1654 ἧς
2539 1578 2568 1631 ό
2591 1578 2844 1645 θάνατος,
2879 1579 2974 1633 καὶ
3001 1577 3098 1633 τοῦ
3139 1575 3371 1630 θανάτου
3403 1574 3600 1644 ἄρκεια,
3634 1570 3819 1642 ἧγουν

523 1700 707 1747 catum
739 1706 806 1745 ex
853 1704 965 1759 quo
1023 1685 1277 1757 procedit
1332 1697 1507 1746 mors,
1562 1680 1728 1737 etiam
1785 1676 2108 1733 dominatur

2237 1674 2412 1747 πρῶτος
2443 1671 2680 1728 θανάτου
2713 1674 2747 1744 ἡ
2771 1673 3041 1746 ἁμαρτία.
3080 1671 3260 1742 Ἔχων
3286 1663 3382 1722 οὖν
3403 1667 3502 1738 τὴν
3519 1661 3815 1736 ἁμαρτίαν

528 1785 710 1848 morti,
738 1797 871 1838 cum
901 1782 1074 1836 robur
1105 1779 1300 1834 mortis
1323 1773 1396 1831 sit
1432 1783 1748 1846 peccatum.
1784 1769 1890 1848 Qui
1940 1770 2108 1838 igitur

2237 1769 2306 1822 ταὶ
2331 1769 2560 1840 εὑρετὴς
2605 1765 2778 1838 αὐτῆς
2809 1766 3127 1838 ὑπάρχων,”
3161 1762 3224 1816 τὸ
3290 1760 3495 1848 κράτρς
3542 1758 3658 1829 ἔχει
3716 1755 3837 1814 τοῦ,

528 1885 815 1948 peccatum
869 1871 1059 1935 habet,
1119 1833 1730 1941 ipsiusque-inventor
1793 1846 1899 1925 est,
1943 1857 2111 1913 robur

2237 1833 2486 1926 iavdrou,
2511 1833 2765 1932 (εἴπομεν
2814 1833 3053 1928 γὰρ-τὴν
3094 1850 3370 1925 ἁμαρτίαν
3399 1843 3628 1904 εἶναιτὸ
3671 1845 3824 1916 κράο

530 1968 695 2023 habet
727 1965 947 2020 mortis.
989 1961 1244 2017 Diximus
1279 1959 1425 2015 enim
1472 1962 1762 2029 peccatum
1792 1951 1960 2008 robur
1991 1964 2116 2004 esse

2237 1969 2308 2016 to;
2336 1950 2430 2005 τοῦ
2458 1949 2755 2019 θανάτου,)
2795 1949 2882 2003 ίνα
2921 1947 3095 2011 οὕτως
3146 1945 3232 2017 εἴη
3256 1961 3272 1976 ο
3314 1941 3416 1996 Διὰ
3459 1940 3554 1995 τοῦ
3595 1939 3814 1994 οἰκείου

528 2058 748 2122 mortis,
777 2064 838 2111 ut
874 2053 949 2111 sit
1005 2053 1113 2109 iste
1145 2051 1379 2108 sensus:
1410 2046 1514 2104 Per
1556 2044 1839 2118 propriam
1880 2048 2116 2096 mortem

532 2147 1073 2207 abolevitdiabolum
1110 2145 1401 2200 habentem
1438 2139 1750 2210 subjectum
1782 2134 1888 2191 sibi
1919 2147 2117 2206 pecca-

529 2255 671 2314 tum,
729 2245 879 2318 quod
938 2251 1022 2300 est
1064 2242 1337 2298 fortitudo
1385 2255 1450 2295 ac
1501 2239 1672 2294 robur
1724 2235 1951 2293 mortis:
2007 2231 2116 2288 nisi

529 2339 677 2396 enim
704 2340 804 2394 hoc
833 2343 1212 2410 expugnasset
1238 2334 1540 2399 hominem,
1567 2346 1718 2386 mors
1763 2341 2116 2400 nequaquam

528 2435 795 2490 intrasset
836 2431 1212 2487 inmundum.
1243 2458 1314 2470 —
1346 2446 1365 2480 ι
1410 2426 1737 2496 Quicunque
1779 2433 1926 2479 metu
1976 2435 2121 2475 mor-

528 2526 629 2582 tis.
675 2545 696 2580 ι
757 2526 1112 2596 Priusquam,
1173 2519 1395 2592 inquit.
1441 2517 1760 2574 aboleretur
1798 2529 1973 2574 mors,
2024 2525 2121 2581 per

535 2625 708 2674 totam
758 2619 930 2670 vitam
968 2612 1228 2668 howines
1280 2608 1505 2664 obnoxii
1557 2614 1719 2662 erant
1774 2618 1838 2658 ac
1881 2600 2118 2671 subjecti

537 2709 724 2768 timori
775 2705 1098 2763 servitutis:
1166 2704 1437 2758 timebant
1497 2701 1644 2755 enim
1707 2704 1940 2752 mortem
2000 2708 2123 2764 quas

537 2801 783 2858 nondum
808 2799 1016 2856 abolita
1039 2807 1196 2853 erat:
1233 2803 1290 2852 et
1319 2794 1456 2850 nihil
1491 2791 1840 2849 saecularium
1868 2789 2125 2857 volupta-

531 2906 655 2949 tum
683 2893 960 2950 delectare
983 2897 1201 2963 poterat
1232 2887 1517 2947 cordatos.
1553 2885 1717 2954 idque
1751 2884 1949 2937 timore
1978 2895 2126 2934 mor-

520 2987 632 3050 ‘rtis,
663 2985 717 3039 in
771 2985 990 3038 modum
1050 2979 1289 3037 crudelis
1329 2993 1394 3032 ac
1443 2976 1573 3032 saevi
1605 2973 1832 3036 domini,
1883 2973 2126 3026 instante

537 3089 758 3145 semper
781 3087 846 3127 ac
869 3076 1187 3128 exterrente
1213 3084 1307 3125 eos
1341 3067 1434 3139 qui
1465 3072 1626 3122 erant
1660 3065 1714 3119 in
1745 3072 1917 3118 terra.
1968 3079 1986 3114 ι
2011 3059 2123 3116 0b-

2221 2043 2455 2099 θανάτου
2489 2045 2811 2115 κατήργησε
2844 2042 2942 2111 τὴν
2969 2038 3247 2111 ἁμαρτίαν
3269 2035 3584 2106 ὑποχείριον
3617 2031 3825 2102 ἔχοντα

2224 2137 2314 2192 τὸν
2346 2136 2614 2203 διάϐολον,
2644 2137 2766 2209 ἥτις
2801 2135 2950 2189 ἐστὶν
2978 2133 3132 2205 ἰσχὺς
3163 2133 3259 2187 καὶ
3289 2132 3493 2204 κράτος
3520 2127 3616 2182 τοῦ
3643 2123 3828 2179 θανά-

2219 2245 2336 2284 του.
2364 2229 2574 2300 Εῇγάρ
2611 2228 2686 2300 μὴ
2722 2227 2861 2299 αῦτη
2894 2226 3196 2296 κατίσχυσε
3238 2221 3335 2278 τοῦ
3366 2219 3684 2294 ἀνθρώπου,
3719 2218 3829 2273 οὐκ

2219 2319 2287 2376 ἂν
2323 2322 2352 2374 ό
2371 2317 2880 2387 Θάνατος-εἰσῆλθεν
2903 2317 2984 2381 είς
3008 2315 3102 2369 τὸν
3133 2311 3632 2384 κόσμον.-ι’οαοι
3663 2307 3828 2376 φόϐῳ

2223 2413 2476 2467 θανάτου.
2501 2432 2520 2464 ι
2562 2410 2768 2484 [ΦΩΤ.]
2795 2411 2955 2482 Πρὶν,
3005 2408 3162 2478 φησὶ,
3209 2405 3535 2479 καταργηθῇ
3567 2407 3596 2458 ό
3641 2403 3826 2457 Θάνα-

2222 2523 2336 2570 τος,
2371 2504 2440 2558 δι’
2479 2504 2604 2558 ὅλου
2635 2501 2731 2557 τοῦ
2780 2501 2880 2574 ζῇν
2910 2503 2959 2555 οί
2982 2500 3262 2570 ἄνθρωποι
3296 2498 3468 2569 ἔνοχοι
3504 2492 3670 2568 ἦσαν,
3731 2496 3832 2548 καὶ

2224 2597 2510 2651 ὑπέκειντο
2533 2594 2686 2668 φόϐῳ
2719 2595 2985 2656 δουλείας.
3005 2593 3377 2646 Ἐδεδοίκεσαν
3406 2590 3516 2660 γὰρ
3543 2588 3637 2641 τὸν
3657 2585 3830 2640 οὔπω

2233 2689 2656 2760 καταργηθέντα
2692 2687 2945 2742 θάνατον.
2980 2685 3090 2738 Καὶ
3123 2683 3301 2745 οὐδὲν,
3357 2682 3515 2753 φησι.
3551 2679 3684 2744 τοὺς
3728 2682 3830 2750 ἁρ-

2225 2781 2489 2853 τίφρονας
2529 2780 2682 2850 ίσχυε
2716 2778 2916 2848 τέρψαι
2965 2775 3072 2831 τῶν
3103 2773 3199 2828 τοῦ
3238 2774 3356 2846 βίου
3387 2772 3661 2843 τερπνῶν,
3731 2769 3829 2822 τοῦ

2225 2872 2314 2926 διὰ
2340 2872 2432 2926 τὸν
2477 2871 2711 2926 θάνατον
2761 2868 2957 2939 φόϐου,
3010 2868 3171 2936 δίκην
3225 2865 3378 2936 ὠμοῦ
3429 2865 3524 2919 καὶ
3569 2861 3828 2934 ἀπηνοῦς

2227 2964 2516 3030 δεσπότου,
2567 2963 2937 3033 ἐφισταμένου
2993 2961 3088 3015 καὶ
3123 2958 3483 3029 ἐκφοϐοῦντος
3534 2957 3661 3013 τοὺς
3739 2956 3834 3009 ἐπὶ

2227 3059 2356 3129 γῆςο
2395 3075 2413 3109 ε
2454 3055 2672 3127 Ἕνοχοι
2709 3050 2850 3126 ἦσαν
2873 3053 3140 3114 δουλείας.
3168 3072 3185 3104 ι
3239 3051 3613 3105 Ἐδεδοίκεσαν
3639 3052 3694 3104 oi
3729 3050 3830 3105 dit--

529 3167 692 3220 .noxii
730 3175 890 3221 erant
935 3163 1240 3219 servituti.»
1267 3159 1561 3216 Timebant
1589 3157 1843 3213 homines
1864 3162 2120 3218 mortem,

2237 3151 2446 3222 θρωποι
2489 3149 2583 3202 τὸν
2636 3147 2888 3212 Θάνατον,
2926 3145 3000 3210 ὡς
3052 3145 3228 3217 ἔνοχοι
3275 3143 3428 3208 ὄντες
3477 3144 3575 3211 τῆς
3624 3143 3830 3198 τούτου

543 3266 603 3314 ut
644 3259 738 3329 qui
796 3257 1020 3313 obnoxii
1071 3264 1226 3311 erant
1293 3254 1545 3308 servituti
1604 3250 1804 3319 ipsius.
1866 3245 2120 3303 Servitus

2237 3239 2498 3303 δουλείας.
2562 3237 2787 3290 Δουλεία
2851 3236 2908 3289 δὲ
2968 3233 3062 3287 τοῦ
3132 3233 3362 3286 θανάτου
3423 3230 3486 3284 τὸ
3546 3229 3832 3300 ἐνέχεσθαι

543 3357 730 3404 autem
765 3345 960 3401 mortis
995 3351 1100 3405 est,
1120 3341 1361 3398 detineri
1389 3355 1450 3393 ac
1483 3337 1795 3408 subjectum
1831 3349 1958 3390 esse
1993 3347 2122 3404 pec-

547 3452 696 3498 cato.
743 3437 1032 3497 Fortitudo
1050 3436 1200 3492 enim
1222 3444 1279 3490 et
1301 3432 1531 3488 aculeus
1573 3430 1766 3484 mortis
1795 3439 1882 3483 ρει
1925 3439 2126 3496 pecca-

526 3543 686 3590 .-‘tum.
721 3532 856 3588 Cum
891 3532 1036 3586 enim
1065 3528 1329 3584 Christus
1356 3540 1454 3581 sua
1506 3532 1683 3579 morte
1710 3519 1951 3588 abolevit
1999 3531 2125 3572 eum

549 3625 646 3696 qui
690 3623 884 3680 mortis
945 3622 1114 3677 robur
1169 3618 1430 3682 habebat,
1476 3617 1582 3671 hoc
1637 3623 1759 3676 est,
1821 3610 2126 3674 diabolum,

541 3716 894 3771 inventorem
916 3726 981 3764 ac
1021 3720 1304 3764 auctorem
1351 3706 1586 3778 peccati,
1624 3703 1824 3758 merito
1859 3699 2132 3755 imbecille

533 3807 786 3864 efﬁcitur
819 3815 1138 3876 peccat-um:
1168 3800 1330 3874 332
1367 3799 1563 3856 merito
1605 3795 1823 3852 liberati
1881 3809 2074 3850 sumus
2100 3806 2130 3846 a

556 3902 824 3958 servitute
849 3914 971 3971 qua
1000 3906 1120 3953 erat
1152 3913 1217 3952 ex
1245 3891 1642 3950 iuvalescentia
1689 3889 1863 3960 ipsius
1889 3906 1903 3943 :
1936 3887 2134 3942 merito

538 3990 716 4049 fiiberi
739 3988 916 4046 eﬂecti
955 4003 1152 4044 sumus
1196 4000 1225 4038 a
1259 3986 1459 4039 timore
1493 3982 1584 4052 qui
1631 3995 1696 4036 ex
1733 3991 1912 4034 morte
1941 3992 2134 4048 proce-

555 4079 745 4137 debat.
777 4078 957 4150 Atque
987 4077 1043 4132 id
1067 4077 1123 4131 in
1153 4075 1290 4147 ipsis
1319 4086 1542 4144 quoque
1565 4067 1830 4141 operibus
1869 4064 2138 4134 contingit

542 4171 895 4246 .perspicere.
936 4167 1075 4225 Nam
1132 4167 1225 4240 qui
1265 4176 1430 4221 antea
1451 4174 1708 4235 tanquam
1759 4158 2058 4215 maximum
2083 4162 2139 4210 et

561 4261 882 4320 inevitabile
907 4261 1111 4314 malum
1147 4258 1414 4312 timebant
1445 4270 1510 4308 ac
1532 4253 1850 4309 devitahant
1878 4258 2138 4310 mortem,

556 4354 837 4426 ad‘ipsam
870 4365 1018 4406 nunc
1064 4350 1371 4420 gaudentes
1416 4344 1712 4407 accedunt,
1751 4350 2016 4411 tanquam
2069 4335 2140 4392 ad

559 4446 807 4501 melioris
853 4444 979 4498 vitae
1033 4439 1395 4494 mutationem
1433 4443 1489 4491 et
1545 4433 1860 4498 exordium,
1916 4427 2141 4500 quando

2223 3333 2319 3386 καὶ
2380 3330 2704 3386 ὑποκεῖσθαι
2757 3329 2824 3401 τῇ
2876 3325 3151 3398 ἁμαρτίᾳ.
3188 3323 3367 3394 Ἰσχὺς
3421 3323 3532 3394 γάρ
3563 3323 3658 3376 καὶ
3703 3321 3832 3375 κέν-

2224 3437 2352 3493 τρον
2399 3421 2494 3474 τοῦ
2534 3419 2769 3473 θανάτου
2835 3417 2868 3488 ἡ
2927 3413 3195 3487 ἁμαρτία.
3273 3412 3427 3469 Ἐπεὶ
3482 3411 3576 3466 οῦν
3613 3414 3640 3464 ὀ
3695 3411 3835 3482 Χρι-

2228 3515 2353 3574 στὸς
2412 3513 2502 3567 διὰ
2551 3513 2786 3566 Θανάτου
2848 3513 3173 3580 κατήργησε
3233 3507 3324 3560 τὸν
3353 3507 3413 3558 τὸ
3450 3505 3650 3575 κράτος
3680 3503 3836 3575 ἔχον·

2227 3624 2297 3660 τα
2336 3604 2432 3659 τοῦ
2461 3603 2716 3666 Θανάτου,
2746 3603 3020 3666 τουτέστι,
3051 3600 3143 3652 τὸν
3179 3597 3451 3661 διάϐολον,
3479 3599 3570 3649 τὸν
3594 3596 3830 3666 εὑρετὴν

2231 3700 2327 3756 καὶ
2355 3697 2599 3772 ἀρχηγὸν
2629 3695 3047 3765 τῆςάμαρτίας,
3081 3692 3308 3754 εἰκότως
3336 3689 3570 3760 ἀσθενὴς
3604 3690 3830 3756 γίνεται

2233 3795 2269 3865 ἡ
2307 3791 2590 3864 ἁμαρτία⁹
2649 3789 2875 3850 εἰκότως
2928 3785 3326 3856 ἀπηλλάγημεν
3386 3783 3486 3850 τῆς
3542 3779 3688 3834 κατὰ
3739 3778 3834 3850 τὴν

2236 3887 2590 3958 ἐπικράτειαν
2615 3884 2784 3952 αὐτῆς
2821 3880 3066 3945 δουλείας
3091 3895 3106 3911 ·
3126 3879 3357 3941 εἰκότως
3389 3872 3830 3946 ἡλευθερώμεθα

2233 3979 2329 4033 ’τοῦ
2362 3979 2508 4033 κατὰ
2533 3980 2625 4031 τὸν
2654 3977 2887 4030 Θάνατον
2911 3972 3248 4043 φόϐουέκωι.
3295 3970 3412 4023 ἔστι
3441 3965 3602 4021 τοῦτο
3642 3967 3744 4019 καὶ
3780 3967 3836 4020 ἐν

2238 4072 2422 4134 αὐτοῖς
2464 4071 2576 4133 τοῖς
2601 4068 2782 4139 ἔργοις
2811 4065 3003 4136 σαφῶς
3037 4063 3300 4118 κατιδεῖν.
3325 4062 3391 4114 Oi.
3423 4059 3536 4129 γὰρ
3571 4057 3709 4130 πρὶν
3757 4055 3833 4120 ὡς

2243 4165 2499 4235 μέγιστον
2537 4160 2708 4214 κακὸν
2748 4159 2845 4212 καὶ
2908 4153 3324 4226 ἀνυπέρϐλητον
3379 4147 3719 4222 φοϐούμενοί
3776 4163 3835 4202 τε

2241 4254 2338 4309 καὶ
2383 4250 2830 4322 ἀποτρεπόμενοι
2879 4248 2972 4302 τὸν
3015 4245 3267 4310 θάνατον,
3313 4243 3409 4298 νῦν
3431 4241 3508 4307 ὡς
3558 4240 3832 4312 βελτίονος

2249 4345 2366 4418 βίου
2397 4344 2708 4418 μεταϐολὴν
2739 4342 2834 4395 καὶ
2861 4339 3170 4411 προοίμιον,
3201 4339 3486 4409 χαίροντες
3514 4336 3650 4407 πρὸς
3673 4335 3835 4388 αὐτὸν

2254 4436 2545 4510 χωροῦσιν,
2566 4436 2697 4488 ὅταν
2724 4433 2866 4504 ὑπὲρ
2904 4430 3144 4502 Χριστοῦ
3186 4431 3282 4484 καὶ
3311 4429 3422 4484 τῶν
3451 4425 3622 4481 αὐτοῦ
3653 4426 3834 4498 νόμων

439 4594 441 4596 .
556 4552 661 4608 pro
698 4534 921 4590 Christo
981 4532 1266 4603 ipsiusque
1327 4528 1544 4600 legibus
1593 4539 1621 4578 a
1684 4520 2128 4594 persecutoribus

2247 4529 2401 4602 παρὰ
2436 4528 2546 4582 τῶν
2571 4525 2876 4580 διωκόντων
2895 4522 3193 4594 ἐπάγηται.
3215 4517 3366 4594 ’Δρα
3403 4521 3465 4574 οὐ
3513 4516 3835 4588 περιφανῶς

551 4625 866 4682 inducitur.
911 4625 992 4677 An
1036 4636 1147 4678 non
1202 4633 1336 4692 ergo
1400 4616 1696 4672 manifeste
1732 4614 1988 4668 liberavit
2037 4625 2138 4666 nos

559 4717 815 4772 Salvator
869 4729 899 4769 a
948 4717 1146 4771 timore
1196 4712 1390 4767 mortis
1443 4723 1507 4764 ac
1536 4707 1803 4762 servitute
1851 4719 1973 4776 quae
2017 4702 2140 4757 inde

565 4807 897 4880 procedebat
912 4806 936 4860 2

637 4897 702 4965 ll,
745 4897 929 4953 16-18.
960 4894 1084 4951 Non
1109 4898 1244 4950 enim
1275 4893 1515 4948 videlicet
1548 4891 1758 4960 angelos
1777 4885 2138 4956 apprehendit,

564 4991 660 5047 sed
706 5005 879 5046 semen
927 4988 1154 5044 Abrahae
1200 4981 1562 5054 apprehendit.
1611 4980 1770 5035 (inde
1829 4978 2007 5032 debuit
2053 4994 2144 5046 per

567 5084 751 5139 omnia
789 5082 1046 5152 fratribus
1070 5078 1264 5134 similis
1285 5076 1452 5138 reddi,
1489 5087 1545 5128 ut
1584 5073 1882 5127 misericors
1927 5078 2062 5124 esset
2096 5077 2147 5122 et

572 5177 744 5246 ﬁdelis
769 5173 1006 5245 pantifea:
1037 5174 1094 5235 in,
1115 5171 1196 5225 Itis
1225 5186 1342 5241 quia
1392 5168 1462 5223 ad
1508 5167 1672 5221 Deum
1695 5164 1867 5236 [orent
1916 5162 2143 5233 agenda,

572 5269 644 5322 ad
663 5269 984 5338 expiandum
1007 5273 1223 5334 percata
1253 5261 1456 5332 populi.
1490 5257 1630 5313 Nam
1657 5273 1720 5312 ea:
1751 5259 1848 5310 hoc
1881 5255 2019 5326 quod
2044 5256 2147 5323 ipsi

491 5418 514 5428 ,
573 5359 795 5429 contigit
828 5367 1089 5412 tentatum
1130 5369 1264 5417 esse,
1314 5362 1486 5422 potest
1516 5359 1563 5405 et
1609 5351 1675 5403 iis
1727 5349 1818 5420 qui
1878 5354 2149 5401 tentantur

576 5443 902 5504 succurrere.

654 5559 671 5591 ι
721 5540 827 5594 Sed
859 5553 1047 5596 semen
1097 5537 1330 5593 Abrahae
1367 5535 1752 5609 apprehendit.
1797 5553 1816 5588 ι
1851 5533 1987 5589 Cum
2039 5533 2148 5587 ait:

579 5632 971 5705 Apprehendit,
1028 5629 1296 5702 signiﬁcat
1327 5631 1472 5702 quod
1501 5645 1603 5686 nos
1629 5629 1849 5700 quidem
1900 5628 2152 5684 homines

581 5729 760 5797 ipsum
803 5723 1169 5796 fugiebamus,
1212 5721 1469 5778 Christus
1521 5736 1651 5777 vero
1691 5722 2148 5791 persequebatur,

581 5828 635 5874 et
663 5813 1044 5889 persequendo
1079 5814 1278 5886 attigit,
1311 5830 1374 5868 ac
1420 5813 1697 5884 attingens
1758 5813 2145 5884 apprehendat.

2244 4620 2556 4694 ἀπήλλαξεν
2589 4619 2739 4690 ἡμᾶς
2768 4617 2797 4670 ό
2817 4616 3013 4692 Σωτὴρ
3050 4615 3146 4671 τοῦ
3187 4615 3330 4669 κατὰ
3352 4613 3444 4667 τὸν
3473 4610 3710 4666 θάνατον
3741 4610 3834 4680 φό-

2241 4713 2363 4780 ϐου,
2395 4712 2492 4767 καὶΙ
2529 4713 2629 4785 τῆς
2655 4708 2867 4766 ἐκεῖθεν
2895 4707 3147 4772 δουλείας
3173 4725 3188 4773 ς

2318 4897 2401 4951 οὐ
2436 4893 2544 4967 γὰρ
2576 4891 2775 4962 δήπου
2804 4893 3078 4964 ἀγγέλων
3132 4887 3624 4960 ἐπιλαμϐάνεται.
3657 4885 3823 4942 ws

2247 4989 2596 5061 σπέρματος
2647 4985 2908 5056 Ἀϐραὰμ
2943 4981 3429 5054 ἐπιλαμϐάνεται.
3463 4981 3649 5034 Ὅθεν
3673 4979 3842 5048 dispec-

2246 5083 2320 5134 ,ιε
2371 5079 2522 5134 κατὰ
2573 5077 2772 5134 πάντα
2813 5075 2938 5143 τοῖς
2985 5072 3268 5146 ἀδελφοῖς
3298 5070 3686 5144 ὁμοιωθῆναι,
3745 5069 3840 5122 ινα

2249 5170 2519 5240 ἐλεήμων
2546 5168 2791 5240 γένηται
2840 5166 2942 5222 καὶ
2998 5167 3216 5231 πιστὸς
3241 5163 3557 5232 ἀρχιερεὺς
3586 5163 3661 5216 τὰ
3688 5158 3836 5229 πρὸς

2249 5261 2358 5314 τὸν
2415 5259 2588 5325 Θεὸν,
2622 5261 2710 5326 εις
2740 5259 2808 5313 τὸ
2853 5256 3226 5312 admisceat
3253 5257 3360 5324 τὰς
3391 5253 3688 5325 ἁμαρτίας
3737 5251 3838 5305 τοῦ

2251 5351 2425 5408 λαοῦ.
2467 5343 2640 5419 Ἐνῷ
2668 5351 2779 5422 τὰρ
2838 5350 3145 5403 πέπονθεν
3207 5347 3394 5415 αὐτὸς
3469 5343 3834 5414 πειρασθεῖς,

2252 5445 2505 5500 δύναται
2530 5442 2654 5510 τοῖς
2682 5440 3124 5511 πειραζομένοις
3152 5439 3487 5508 βοηθῆσαι.

2329 5556 2347 5590 ι
2371 5535 2534 5591 Ἀλλά
2561 5537 2878 5608 σπέρματος
2930 5532 3183 5604 Ἀϐραὰμ
3221 5531 3681 5602 ἐπιλαμϐάνεται.
3715 5548 3736 5582 ι
3769 5525 3838 5580 Τδ

2269 5628 2741 5700 Ἐπιλαμϐάνεται
2757 5627 2927 5697 δηλοῖ,
2952 5627 3206 5697 δτιήμεῖς
3230 5624 3328 5696 μὲν
3347 5624 3508 5679 αὐτὸν
3537 5621 3836 5693 ἐφεύγομεν

2257 5724 2308 5776 οἱ
2333 5721 2632 5794 ἄνθρωποι,
2665 5723 2694 5775 ό
2717 5721 2772 5774 δέ
2798 5719 3034 5792 Χριστὸς
3056 5719 3268 5785 ἐδίωκε,
3303 5718 3398 5771 καὶ
3425 5715 3638 5770 διώκων
3668 5713 3831 5783 ἔφθαο

2261 5832 2318 5867 σε
2378 5814 2470 5868 καὶ
2527 5813 2737 5884 φθάσας
2761 5811 3082 5867 ἐπελάϐετο.
3139 5811 3253 5865 Οὐκ
3308 5808 3556 5878 ἀγγέλων
3629 5806 3838 5879 φύσεως
