3988 6624
221 449 308 516 301
1237 441 1627 508 COMMENT.
1674 444 1752 504 ιιι

1887 442 2032 508 IST.
2072 445 2172 508 AD
2210 446 2442 511 HEBR.
3163 470 3174 475 '
3373 457 3481 521 30!

215 565 462 635 ιὸράξατο
489 561 615 616 οὐδὲ
650 561 938 628 ἀνέλαϐεν,
970 561 1086 616 ἀλλ’
1114 561 1486 632 ἀνθρωπίνης.
1514 556 1646 613 Εἶτα
1691 561 1779 613 καὶ

1889 557 2010 616 Non
2033 565 2342 631 angelicam
2368 573 2622 617 naturam
2652 564 3015 634 apprehendit
3039 575 3132 622 aut
3153 573 3482 640 assumpsit,

213 659 264 723 ἐξ
289 656 458 710 Ἰούδα
479 656 543 708 τὸ
574 653 717 709 κατά
746 655 926 726 σάρκα
953 658 982 709 ὁ
1001 654 1240 726 Χριστὸς
1272 655 1518 723 σημᾶναι
1540 651 1779 722 βουλόμε·

1899 653 1996 708 sed
2045 654 2364 708 humanam.
2430 654 2636 712 Deinde
2689 656 2857 711 etiam
2921 659 3232 728 signiﬁcare
3288 664 3481 720 volens

209 766 303 815 νος,
325 749 472 818 φησι,
495 746 1317 819 Σπέρματος³Δ6ραάμ.ι“Οθεν
1334 743 1589 816 ὤφειλε.»
1613 744 1779 798 Ἐπει¹

1895 743 2179 802 Christum
2236 740 2303 802 ex
2357 745 2506 812 Iuda
2559 752 2930 822 assumpsisse
2973 751 3116 820 quod
3171 757 3477 812 secundum

209 848 262 916 δὴ
288 847 411 908 ὅλως
445 843 805 898 ἐπιλαθέσθαι
846 843 1074 914 ἠξίωσε,
1125 844 1320 895 τούτου
1347 838 1534 892 λοιπὸν
1557 837 1702 892 κατὰ
1731 837 1779 890 τι

1893 854 2116 895 carnem
2183 840 2439 909 habebat,
2488 843 2597 898 ait:
2663 843 2858 900 Semen
2931 848 3184 903 Abrahae.
3244 869 3262 901 ι
3325 849 3481 908 Unde

208 935 497 995 ἀκόλουθον.
521 934 719 1004 ὤφειλε
735 935 879 989 κατὰ
897 935 1073 990 πάντα
1098 931 1436 1004 ὁμοιωθῆναι
1459 932 1574 993 τοῖς
1587 929 1779 998 ἀνθρώ

1894 933 2105 988 debuit.
2141 952 2161 986 ι
2198 933 2654 1006 Quandoquidem
2693 939 2918 994 omnino
2956 941 3214 1012 dignatus
3243 955 3328 999 est
3383 960 3480 1017 ap-

211 1047 332 1091 ποις.
363 1029 470 1083 Καὶ
502 1031 614 1097 γὰρ
652 1029 942 1100 ἐγεννήθη,
975 1027 1071 1082 καὶ
1095 1024 1329 1098 ηὐξήθη,
1356 1024 1582 1096 ἔφαγεν,
1611 1022 1779 1086 ἔπιεν1

1893 1023 2253 1094 prehendere,
2276 1025 2546 1096 reliquum
2571 1028 2637 1081 ad
2662 1028 2765 1084 hoc
2791 1039 2912 1086 erat
2934 1039 2987 1088 et
3009 1049 3074 1088 ex
3098 1039 3477 1106 consequenti,

210 1117 455 1182 ὕπνωσεν,
486 1119 782 1180 ἀπέθανεν,
806 1119 1029 1190 ἀνέστη.
1059 1117 1209 1173 «Ἵνα
1234 1116 1485 1187 ἐλεήμων
1504 1118 1779 1185 γένηται.ἰ

1889 1115 2039 1185 quod
2073 1117 2271 1172 debuit
2326 1133 2424 1188 per
2466 1122 2652 1175 omnia
2691 1122 2891 1179 similis
2937 1125 3092 1182 reddi
3136 1128 3476 1188 hominibus.

209 1211 369 1265 Ταῦτα
396 1211 453 1263 δέ
483 1211 667 1265 πάντα
689 1253 702 1273 ,
742 1212 931 1282 φησιν,
977 1209 1300 1282 ᾠκονόμησε
1361 1211 1486 1264 κατ’
1507 1207 1636 1262 ἄλλο
1686 1209 1779 1280 μὲν

1891 1203 2107 1260 Etenim
2140 1214 2305 1262 natus
2335 1217 2443 1274 est,
2487 1212 2726 1279 sumpsit
2777 1224 3159 1283 augmentum,
3212 1219 3477 1285 comedit,

211 1303 362 1368 οὐδὲν,
394 1302 426 1373 ἢ
465 1303 557 1356 ῐνα
597 1304 801 1375 ἐλεήσῃ
822 1303 950 1367 τοὺς
983 1303 1079 1356 ’ἐπὶ
1111 1305 1238 1374 γῇς,
1285 1302 1382 1355 καὶ
1423 1298 1696 1373 ἀνελκύσῃ
1721 1302 1779 1354 ἐκ

1890 1297 2050 1364 bibit,
2100 1299 2384 1368 dormivit,
2436 1311 2688 1360 mortuus
2735 1313 2823 1361 est
2859 1321 2926 1361 ac
2957 1311 3283 1366 resurrexit.
3338 1329 3358 1364 ι
3406 1311 3479 1368 Ut

211 1391 290 1444 τοῦ
314 1391 634 1460 πτώματος.
690 1410 708 1442 t
748 1391 860 1445 Kal.
909 1391 1101 1457 πιστὸς
1150 1391 1464 1465 ἀρχιερεύς.
1496 1410 1516 1444 s
1551 1391 1779 1456 Πιστὸς,

210 1485 411 1556 ἀληθὴς.
440 1487 607 1539 Ἰδιον
645 1488 755 1557 γὰρ
807 1487 902 1540 τοῦ
947 1485 1117 1550 ὅντως
1156 1488 1249 1541 καὶ
1317 1486 1532 1557 ἀληθῶς
1593 1488 1781 1558 ἀρχιε-

211 1581 346 1649 ρέως,
404 1580 538 1641 τοὺς
595 1573 672 1633 ὧν
735 1583 882 1634 ἐστιν
942 1580 1255 1652 ἀρχιερεὺς.
1313 1579 1620 1646 ἀπαλλάξαι
1667 1581 1779 1632 τῶν

209 1671 484 1740 ἁμαρτιῶν.
523 1671 647 1724 Ἵνα
701 1670 797 1724 οὖν
835 1672 1183 1744 προσενέγκῃ
1217 1671 1411 1726 Θυσίαν
1469 1671 1777 1742 δυναμένην

210 1763 334 1831 ἡμᾶς
361 1762 686 1832 καθαρίσαι,
703 1763 930 1831 γέγονεν
949 1763 1238 1834 ἄνθρωπος
1273 1765 1368 1816 καὶ
1392 1762 1587 1817 ἐαυτὸν
1605 1780 1776 1833 προσ-

210 1855 438 1921 ήνεγκεν.
480 1855 620 1907 Εἶτα
642 1857 872 1924 ’ἐπάγει
909 1853 1032 1920 πῶς
1085 1856 1297 1925 γέγονε,
1353 1857 1450 1910 καὶ
1483 1856 1628 1909 διατί
1677 1871 1774 1908 πι-

1885 1391 2202 1448 misericors
2256 1405 2426 1476 esset.
2457 1413 2474 1446 ι
2511 1393 2635 1450 Haec
2685 1406 2868 1453 autem
2917 1400 3127 1466 omnia,
3163 1402 3362 1473 inquit,
3405 1406 3478 1461 ad

1883 1483 2018 1536 nihil
2062 1485 2211 1539 aliud
2252 1485 2326 1540 ita
2391 1485 2690 1557 disposuit,
2747 1503 2915 1559 quam
2945 1497 3004 1545 ut
3049 1507 3242 1548 eorum
3274 1496 3369 1566 qui
3413 1497 3473 1552 in

1880 1580 2028 1628 terra
2079 1583 2212 1629 sunt
2261 1576 2622 1634 misereretur
2647 1588 2702 1636 et
2739 1579 2809 1635 de
2852 1582 3004 1651 lapsu
3049 1585 3306 1650 erigeret.
3347 1605 3368 1640 ι
3406 1587 3477 1644 Et

1882 1664 2061 1721 ﬁdelis
2096 1665 2364 1736 pontifex.
2405 1687 2424 1719 s
2460 1668 2689 1737 Fidelis,
2748 1687 2939 1729 verax.
2981 1672 3274 1746 Proprium
3323 1680 3474 1736 enim

1879 1765 1965 1812 est
1993 1757 2115 1827 ejus
2136 1759 2233 1829 qui
2279 1769 2431 1817 certo
2457 1777 2523 1816 ac
2551 1777 2682 1818 vero
2721 1764 2971 1834 pontifex
3005 1775 3112 1834 est,
3167 1769 3406 1827 liberare
3437 1787 3470 1825 a

1882 1851 2129 1918 peccatis
2157 1851 2282 1906 illos
2309 1867 2548 1921 quorum
2575 1862 2662 1909 est
2684 1856 2952 1924 pontifex.
3009 1855 3080 1912 Ut
3117 1858 3285 1928 igitur
3342 1862 3475 1918 hos-

339 1946 660 2018 ἀρχιερεύς.
688 1915 871 2012 Εξςῖτδ
903 1915 1244 2014 ἱλάσκεσθαι,
1275 1915 1434 2020 (pust,
1466 1949 1567 2014 τὰς
1593 1951 1779 2022 ἁμαρ-

1887 1939 2016 1994 tiam
2040 1939 2512 2012 oﬂer-atqumnos
2566 1945 2863 2015 puriﬁcare
2895 1948 3097 2011 valeat,
3151 1949 3332 2007 fact-us
3388 1963 3476 2010 est

210 2038 309 2093 τὶας
335 2038 427 2090 τοῦ
450 2039 609 2092 λαοῦ.
643 2038 744 2092 Διὰ
759 2038 918 2093 τοῦτο
941 2041 1052 2110 γὰρ
1083 2038 1430 2108 γέγονεν,είς
1469 2041 1532 2094 τὸ
1559 2041 1782 2106 ἐξιλεώ-

214 2128 380 2183 σασθαι
405 2131 555 2199 ἡμᾶς
576 2131 670 2182 καὶ
697 2129 998 2200 καθαρίσαι
1020 2132 1129 2183 τῶν
1162 2131 1449 2204 ἁμαρτιῶν
1478 2133 1781 2201 ἡμῶν.‹Τὰ

211 2222 324 2290 προς
375 2222 468 2274 τὸν
496 2223 660 2276 θεὸν.
701 2242 720 2274 t
751 2222 875 2276 Τῶν
932 2224 1064 2294 πρὸς
1096 2223 1252 2290 Θεὸν,
1280 2225 1373 2278 καὶ
1399 2225 1477 2289 είς
1510 2224 1644 2278 Θεὸν
1681 2225 1779 2278 ἀνά

209 2312 424 2382 ηκόντων
460 2313 845 2384 πράγματων.
900 2315 989 2368 Ἑν
1013 2315 1223 2376 τούτοις
1252 2315 1361 2386 γὰρ
1381 2317 1606 2384 γέγονεν
1622 2316 1780 2388 ἡμῶν

213 2406 497 2474 ἀρχιερεὺς,
529 2406 640 2458 οὒκ
671 2407 730 2457 ἐν
765 2405 843 2476 τῷ
865 2395 1186 2476 σωματικὰς
1212 2407 1448 2472 δεκάτας
1473 2409 1569 2462 καὶ
1597 2409 1779 2482 ἀπαρ-

213 2498 294 2566 xiv;
321 2497 648 2566 ἀπαιτῆσαι,
675 2498 792 2551 ἀλλ’
819 2493 963 2550 εἶδεν
996 2497 1148 2568 ἡμᾶς
1205 2498 1780 2570 ἐκπεπολεμωμένους

217 2591 327 2659 πρὸς
347 2590 434 2642 τὸν
463 2591 606 2643 Θεὸν
633 2590 728 2643 καὶ
749 2591 853 2642 ἀπε
862 2590 1222 2661 ρριμμένους,
1247 2589 1342 2644 καὶ
1358 2590 1588 2660 ἐλεήσας
1609 2591 1779 2662 ἡμᾶς,

217 2681 378 2732 ἑαυτὸν
411 2683 549 2751 ἡμῖν
585 2681 787 2733 ἔδωκεν
810 2680 1096 2752 ἀρχιερέα.
1137 2698 1155 2732 ι
1185 2679 1274 2734 Ἐν
1380 2682 1490 2754 γὰρ
1520 2683 1782 2751 πέπονθε,

220 2773 355 2836 αὐτὸς
394 2775 786 2844 πειρασθείς.»
844 2777 1115 2831 Ταπεινὸν
1167 2778 1229 2831 τὸ
1269 2779 1582 2850 εἰρημένον,
1639 2779 1780 2850 πλὴν

217 2863 297 2917 οὐκ
318 2864 416 2932 ἔξω
458 2866 574 2919 τῶν
629 2867 730 2935 τῆς
793 2869 1081 2933 κενώσεως
1123 2869 1361 2942 μέτρων.
1413 2871 1646 2925 Ἔπειτα
1684 2873 1781 2926 καὶ

215 2957 286 3010 διὰ
319 2960 374 3011 τὸ
430 2961 712 3031 νηπιιῖδες
765 2961 874 3015 τῶν
909 2963 1218 3016 ἀκουόντων
1268 2963 1509 3034 εἴρηται.
1547 2963 1616 3019 Τί
1667 2965 1779 3039 γάρ

217 3064 388 3120 eum;
442 3052 539 3105 Ἐν
589 3048 633 3120 ᾧ
691 3056 800 3124 γὰρ
850 3039 1128 3121 πέπονθεν,
1204 3056 1520 3122 τουτέστιν,
1590 3057 1781 3130 ἐπειδὴ

217 3143 452 3196 πέπονθεν
487 3145 658 3209 αὐτὸς
704 3149 781 3210 εἰς
824 3148 1023 3199 οἰκεῖον
1040 3147 1204 3219 σῶμα
1251 3148 1596 3220 πειρασθεὶς,
1637 3167 1778 3222 προ-

216 3233 489 3308 θυμὸτερον
547 3238 811 3310 βοηθήσει
883 3243 993 3302 τοῖς
1067 3239 1506 3311 πειραζομένοις.
1576 3241 1667 3307 Ὠς
1729 3243 1778 3297 εἰ

216 3323 343 3380 εἶπεν
384 3346 399 3361 ο
463 3328 645 3404 Πείρᾳ
688 3331 875 3395 μαθὼν
923 3333 976 3386 τί
1031 3334 1148 3388 ἐστι
1181 3335 1243 3389 τὸ
1301 3338 1635 3408 πειρασμοῖς
1686 3353 1781 3390 πε-

217 3421 455 3490 βῖπεσεῖν.
493 3425 596 3494 οὐχ
643 3424 720 3489 ὡς
743 3425 879 3489 Θεὸς
915 3426 1098 3496 μόνον,
1138 3427 1275 3481 ἀλλὰ
1302 3430 1396 3482 καὶ
1437 3429 1513 3493 ὡς
1563 3429 1778 3502 ἀνθρω-

216 3530 298 3577 πος
321 3517 487 3588 πείρᾳ
520 3517 712 3587 μαθὼν
740 3520 802 3572 τὸ
822 3518 995 3584 πάθος
1041 3519 1306 3592 (δύναται,
1342 3523 1612 3588 τουτέστι,
1646 3542 1780 3595 προ-

215 3603 497 3678 θυμότερον
549 3609 732 3681 ὀρέξει
781 3613 942 3682 χεῖρα
981 3616 1094 3676 τοῖς
1127 3611 1658 3685 πειραζομένοις.-
1682 3615 1776 3678 Ἦ,

218 3693 394 3769 [σοι]
415 3701 663 3756 Δύναται
697 3706 810 3767 τοῖς
841 3705 1267 3778 πειραζομένοις
1295 3706 1583 3778 βοηθῆσαι,
1605 3705 1780 3771 οὕτως

220 3792 497 3862 ἓκληπτέον
517 3834 532 3850 .
573 3795 791 3869 Ἐπειδὴ
815 3799 946 3871 γὰρ,
967 3800 1154 3871 φησὶν,
1173 3801 1548 3872 ἀναμαρτήτῳ
1566 3801 1780 3872 σώματι

217 3884 282 3953 τῷ
313 3887 631 3959 Δεσποτικῷ
655 3891 1004 3964 ἐπεπήδησεν
1029 3893 1059 3946 ὁ
1115 3893 1384 3965 Πονηρὸς,
1443 3895 1537 3948 καὶ
1580 3911 1778 3966 πειρα-

223 3980 359 4046 σμοῖς
381 3981 705 4051 περιϐαλεῖν
750 3983 1050 4056 ἐπειράθη⁶
1081 3985 1192 4043 (διὰ
1221 3985 1331 4058 γὰρ
1363 3985 1561 4041 ἐαυτοῦ
1605 4003 1780 4060 προσ-

219 4067 358 4125 έὸαλε
432 4073 740 4144 πειράζωνο
764 4079 859 4130 καὶ
887 4078 1016 4141 τοὺς
1053 4078 1345 4140 Ἰουδαίους
1366 4078 1529 4145 αὐτὸς
1553 4075 1624 4152 ἦν
1640 4083 1670 4135 ὁ
1694 4081 1783 4137 ἀν-

221 4163 454 4230 ερεθίζων
484 4169 564 4230 εἰς
595 4167 694 4238 τὴν
723 4168 866 4222 κατὰ
921 4168 1017 4222 τοῦ
1060 4169 1334 4224 Δεσπὸτου
1376 4172 1694 4244 μιαιφονίαν
1713 4189 1728 4204 ·
1758 4172 1778 4244 )

221 4256 328 4310 ἐπεὶ
375 4258 469 4314 οὖν
520 4261 907 4334 ἀναμάρτητον
952 4262 1092 4332 ἔχων
1137 4263 1299 4335 σῶμα
1345 4265 1649 4338 ἐπειράσθη
1683 4266 1780 4321 καὶ

223 4349 490 4420 πέπονθεν,
524 4354 680 4424 ἰσχὺν
709 4355 927 4409 δικαίαν
959 4358 1054 4410 καὶ
1089 4355 1315 4426 εὔλογον
1340 4357 1452 4428 ἔχει
1492 4359 1636 4413 κατὰ
1683 4358 1778 4414 τοῦ

222 4439 467 4514 Πονηροῦ,
494 4447 594 4501 καὶ
614 4448 743 4511 τοὺς
788 4448 880 4516 ὑφ’
920 4448 1198 4518 ἁμαρτίας
1249 4450 1540 4515 τελοῦντας
1568 4450 1780 4522 ἀνθρώ-

221 4543 337 4594 πους
372 4535 721 4604 ἀφαρπάζειν
765 4536 874 4590 τῶν
917 4537 1130 4620 ἐκεῖθεν
1177 4541 1542 4610 ἐπαγομένων
1582 4559 1779 4614 πειρα-

1877 2033 2053 2090 homo
2089 2049 2154 2090 ac
2192 2038 2432 2116 scipsum
2469 2040 2690 2094 obtulit.
2723 2039 2932 2096 Deinde
2962 2043 3150 2099 subdit
3190 2049 3472 2116 quomodo

1881 2136 1938 2180 et
2001 2109 2362 2196 quamobrem
2429 2130 2610 2187 factus
2672 2133 2745 2187 sit
2806 2133 2986 2190 ﬁdelis
3051 2109 3350 2206 pontifex:
3402 2142 3470 2196 ad

1883 2219 2244 2289 expiandum,
2281 2222 2478 2290 inquit,
2524 2233 2750 2293 peccata
2806 2227 3014 2296 populi.
3080 2227 3262 2296 Quare
3320 2234 3468 2289 enim

1883 2310 2067 2366 factus
2123 2313 2248 2368 est?
2278 2314 2388 2368 Ad!
2416 2316 2753 2400 e‘xpiandutu
2802 2334 2904 2374 nos
2945 2328 3008 2375 et
3063 2324 3469 2392 purificandum

1882 2419 1912 2457 a
1949 2407 2190 2474 peccatis
2225 2409 2457 2462 nostris.
2489 2426 2507 2458 ι
2545 2407 2600 2462 1η
2638 2409 2720 2462 his
2751 2425 2875 2479 quae
2899 2411 2965 2466 ad
3003 2414 3170 2468 Deum
3207 2416 3410 2473 forent.
3443 2435 3464 2470 s

1883 2495 1941 2550 ln
1961 2497 2126 2554 rebus
2165 2514 2287 2569 quae
2321 2500 2386 2554 ad
2437 2500 2606 2554 Dcttttt
2653 2495 3003 2571 spectarent.
3037 2506 3198 2578 333
3243 2508 3380 2565 Nam
3415 2513 3469 2566 itt

1883 2589 1970 2644 his
2002 2591 2180 2645 factus
2213 2597 2297 2646 est
2331 2591 2574 2660 pontifex
2621 2601 2850 2649 noster:
2890 2611 2998 2649 non
3041 2606 3102 2651 ut
3149 2601 3470 2668 corporales

1884 2679 2134 2738 decimas
2193 2697 2258 2736 ac
2299 2684 2571 2752 primitias
2620 2689 2890 2756 exigeret,
2943 2688 3040 2743 sed
3096 2701 3326 2746 noverat
3367 2708 3470 2750 nos

1884 2773 2142 2830 inimicos
2169 2775 2402 2831 effectos
2453 2791 2578 2831 esse
2615 2783 2669 2831 et
2721 2777 2970 2846 ahjectos
2993 2781 3139 2850 apud
3172 2782 3362 2850 Deum,
3404 2801 3470 2839 ac

1883 2866 2148 2934 misertus
2171 2867 2346 2922 nostri
2393 2870 2638 2937 seipsunt
2690 2869 2848 2925 nobis
2915 2872 3067 2926 dedit
3131 2875 3467 2943 pontiﬁcem.

1889 2977 1910 3011 ι
1949 2958 2083 3014 Nam
2105 2975 2172 3015 ex
2204 2961 2309 3014 hoc
2335 2960 2481 3030 quod
2535 2961 2637 3030 ipsi
2666 2963 2903 3035 contigit
2935 2973 3208 3021 tentatum
3253 2983 3401 3026 esse.
3441 2989 3462 3020 ι

1883 3051 2173 3121 Abjectum
2227 3061 2313 3108 est
2355 3053 2503 3120 quod
2560 3053 2799 3120 dicitur,
2859 3072 2960 3111 nec
3019 3068 3198 3114 tamen
3247 3062 3469 3116 excedit

1885 3145 2110 3200 modum
2137 3145 2558 3200 exinanitionis.
2595 3144 2801 3202 Deinde
2830 3150 2994 3202 etiam
3022 3157 3246 3219 propter
3271 3167 3467 3208 eorum

1883 3239 1980 3310 qui
2015 3238 2250 3294 audiunt
2273 3238 2581 3302 infantiam,
2622 3239 2831 3294 dictum
2861 3251 2966 3297 est.
3007 3241 3151 3308 Quid
3182 3245 3326 3299 enim
3353 3243 3471 3300 aii?

1887 3332 1964 3388 Ex
2000 3333 2108 3389 hoc
2128 3333 2276 3404 quod
2309 3333 2412 3402 ipsi
2431 3332 2664 3405 contigit
2689 3351 2702 3388 :
2729 3334 2834 3390 hoc
2875 3342 2985 3395 est.
3017 3335 3468 3407 quandoquidem

1884 3426 1989 3497 ipsi
2015 3427 2216 3482 accidit
2236 3434 2296 3481 ut
2326 3428 2446 3497 ipse
2497 3426 2724 3497 pr0prio
2773 3441 3006 3497 corpore
3064 3437 3374 3484 tentaretur
3413 3440 3470 3486 et

1883 3519 2235 3590 amigeretttr.
2268 3520 2577 3590 promptius
2599 3519 2953 3574 auxiliabitur
2983 3519 3069 3576 his
3099 3521 3192 3592 qui
3217 3522 3470 3594 aﬂliguu-

1884 3619 1992 3665 tur.
2051 3612 2130 3665 Ac
2192 3612 2237 3666 si
2289 3611 2532 3667 diceret:
2590 3610 2726 3664 Cum
2785 3613 3124 3683 experientia
3189 3614 3465 3680 didicerit,

1883 3703 2014 3775 quid
2052 3707 2126 3759 sit
2152 3705 2204 3758 in
2231 3703 2568 3760 tentatioues
2606 3712 2663 3759 et
2683 3703 3014 3760 aﬂlictiones
3046 3705 3327 3761 incidere:
3356 3724 3468 3762 ttott

1884 3797 2063 3850 solum
2090 3805 2148 3850 ut
2173 3794 2337 3860 Deus,
2366 3797 2727 3850 verumetiam
2751 3801 2811 3850 ut
2838 3795 3002 3851 homo
3035 3796 3128 3866 qui
3177 3804 3470 3868 experien-

1886 3891 1958 3944 tia
1992 3893 2236 3960 percepit
2264 3889 2642 3954 alllictionem,
2675 3895 2878 3959 potest.
2932 3887 2985 3943 id
3025 3897 3132 3957 est,
3159 3892 3470 3962 promptius

1883 3997 2110 4038 manum
2161 3982 2404 4053 porriget
2453 3980 2691 4036 aﬂlicti.
2729 3982 2978 4036 Aut:—
3023 3981 3217 4042 Potest
3259 3984 3326 4038 iis
3373 3988 3469 4055 qui

1883 4082 2172 4130 tentantur
2201 4087 2553 4136 succurrere,
2611 4073 2684 4127 ita
2726 4072 3116 4144 accipiendum
3173 4082 3279 4129 est.
3331 4074 3468 4130 Nam

1884 4167 2013 4238 quia
2051 4166 2329 4237 malignus
2365 4165 2458 4220 ille
2503 4164 2700 4219 insiliit
2760 4164 2815 4218 in
2867 4179 3072 4236 corpus
3120 4163 3468 4221 Dominicutn

1883 4260 2032 4332 quod
2063 4272 2264 4330 expers
2292 4265 2413 4313 erat
2447 4257 2676 4311 omnino
2702 4258 2938 4328 peccati,
2963 4263 3019 4312 et
3060 4256 3469 4314 tentationibus

1883 4360 1936 4408 et
1959 4351 2354 4406 afﬂictionibus
2381 4348 2665 4421 implicare
2697 4360 2943 4404 conatus
2976 4357 3062 4405 est
3091 4367 3108 4404 :
3144 4363 3272 4404 nam
3294 4359 3351 4405 et
3375 4365 3471 4420 per

1884 4448 2126 4516 seipsum
2153 4441 2420 4500 tentando
2440 4441 2710 4507 occurrit,
2733 4449 2790 4497 et
2815 4438 3022 4497 Judeos
3040 4440 3161 4513 ipse
3179 4440 3236 4497 in
3262 4443 3470 4498 eodem

1885 4539 2156 4595 adversus
2215 4534 2509 4592 Dominum
2546 4534 2853 4590 concitavit
2888 4551 2920 4604 ι,
2941 4533 3075 4605 quia
3114 4534 3301 4605 igitur,
3341 4549 3472 4591 cum

221 4625 377 4693 σμῶν,
411 4630 508 4682 καὶ
555 4628 751 4701 βοηθὸς
783 4629 1150 4684 καθίστασθαι
1182 4633 1296 4696 τοῖς
1336 4633 1779 4704 πειραζομένοις.

1887 4646 2091 4702 corpus
2122 4628 2352 4685 haberet
2397 4627 2532 4683 nulli
2585 4634 2819 4699 peccato
2849 4627 3180 4700 obnoxium,
3223 4635 3470 4684 tentatus

232 4714 286 4772 Ἦ
320 4723 424 4792 γὰρ
449 4722 593 4775 κατά
640 4721 738 4775 τοῦ
783 4723 1174 4794 ἀναμαρτήτου
1210 4723 1464 4796 σώματος
1500 4717 1778 4798 θρασύτὴς

222 4811 302 4865 τοῦ
329 4815 565 4886 πονηροῦ
597 4813 821 4886 εὔλογον
844 4819 939 4870 καὶ
962 4814 1184 4870 δικαίαν
1231 4818 1310 4888 τῷ
1333 4818 1583 4892 Δεσπότῃ
1639 4836 1781 4891 παρ-

223 4903 359 4975 ίσχεν
392 4910 565 4978 ἰσχὺν,
595 4911 678 4974 είς
701 4912 765 4964 τὸ
817 4911 1192 4982 ρύεσθαιτοὺς
1219 4910 1312 4980 ὑφ’
1350 4911 1632 4982 ἁμαρτίαν
1665 4913 1776 4967 τῶν

221 4995 405 5054 ἐκεῖθεν
451 5003 798 5074 πειρασμῶν,
874 5006 970 5058 καὶ
1010 5003 1204 5075 βοηθὸν
1269 5004 1618 5076 εὑρίσκεσθαι
1662 5008 1776 5072 τοῖς

222 5093 639 5164 πειραζομένοις.

1884 4739 1951 4780 ac
1984 4738 2185 4796 passus
2213 4730 2338 4779 est:
2375 4721 2529 4792 iuste
2553 4735 2620 4775 ac
2645 4719 3058 4777 rationabiliter
3082 4719 3469 4778 fortitudinem

1885 4818 2054 4873 habet
2073 4817 2340 4872 adversus
2375 4814 2525 4869 illutn
2553 4814 2875 4886 malignum,
2906 4823 2966 4868 ut
3009 4813 3180 4868 etiam
3213 4813 3468 4870 homines

1885 4912 1978 4982 qui
2009 4909 2117 4964 sub
2167 4913 2456 4979 peccatum
2485 4894 2694 4960 redacti
2735 4913 2888 4970 sunt,
2950 4905 3022 4961 ab
3050 4905 3298 4965 inductis
3339 4907 3469 4962 inde

1885 5001 2276 5059 afﬂictionibus
2292 5000 2511 5070 eripiat,
2544 5006 2602 5054 et
2631 4997 2930 5052 auxiliator
2975 4998 3354 5056 constituatur
3374 4996 3470 5054 his

1883 5099 1976 5174 qui
2009 5102 2295 5152 tentantur
2325 5102 2381 5148 et
2410 5091 2747 5163 alniguntur.
2781 5090 3063 5162 Siquidem
3109 5092 3205 5147 illa
3238 5092 3467 5162 maligni

223 5187 430 5241 audacia
459 5205 521 5243 ac
553 5189 838 5243 temeritas
870 5187 1135 5244 adversus
1200 5205 1404 5260 corpus
1471 5192 1609 5247 nulli
1677 5197 1981 5255 obnoxium
2058 5195 2312 5260 peccato,
2386 5183 2771 5246 rationabilem
2833 5197 2901 5244 ac
2975 5184 3185 5254 justam
3270 5187 3466 5240 tribuit

225 5277 434 5338 Domino
501 5284 823 5353 potentiam,
881 5290 938 5336 ut
989 5299 1084 5338 eos
1118 5283 1212 5352 qui
1276 5292 1502 5352 peccato
1542 5288 1765 5344 obnoxii
1807 5295 1968 5346 erant
1997 5283 2238 5352 eriperet
2299 5277 2370 5332 ab
2397 5275 2797 5338 afﬂictionibus
2853 5276 2984 5331 inde
3029 5279 3463 5347 emersenlibllﬂ.

219 5383 267 5425 et
294 5376 574 5431 auxiliator
605 5376 944 5432 inveniretur
971 5375 1056 5430 his
1093 5375 1187 5445 qui
1219 5382 1504 5430 tentantur
1541 5389 1594 5433 et
1626 5380 1960 5452 afﬂiguntur.

805 5492 1061 5549 ΚΕΦΑΛ.
1102 5495 1178 5549 Δ’.

223 5599 333 5656 Ὅτι
361 5606 711 5676 πιστευτέον
737 5605 972 5676 Χριστῷ
1022 5607 1104 5674 ὡς·
1135 5607 1354 5670 Musaei,
1381 5608 1783 5676 ἐπίστευσαν,

284 5675 408 5729 καθ’
428 5677 739 5746 ὑπεροχὴν
784 5675 861 5729 ⁷δέ
896 5678 1011 5746 τὴν
1048 5678 1157 5733 τοῦ
1202 5678 1353 5734 Θεοῦ
1383 5680 1534 5747 πρὸς
1563 5675 1786 5749 div-0pm-

286 5759 416 5800 ιον.
1237 5775 1241 5779 '

287 5835 476 5906 Ὅθεν,
492 5838 745 5910 ἀδελφοί
758 5841 932 5910 ἅγιοι,
960 5841 1240 5910 κλήσεως
1259 5840 1622 5910 ἐπουρανίου
1641 5839 1782 5911 μέτ-

224 5945 366 6010 οχοι,
398 5933 809 6000 κατανοήσατε
839 5935 949 5990 τὸν
979 5936 1332 5990 ἀπόστολον
1380 5935 1478 5989 καί
1509 5934 1784 6003 ἀρχιερέα

2486 5485 2716 5543 CAPUT
2753 5487 2845 5540 Π.

1885 5607 2040 5675 Quod
2066 5605 2286 5682 Qbristo
2334 5602 2677 5682 credendum.
2711 5599 3295 5682 sithquemadmod‘um.
3329 5598 3466 5657 Mosi

1955 5675 2313 5737 crediderant,
2348 5683 2598 5742 tantoque
2624 5671 2677 5724 id
2697 5670 2888 5725 melius
2918 5679 3120 5738 quanto
3145 5670 3361 5740 dignior
3384 5682 3466 5726 est

1957 5749 2097 5802 Deus
2127 5748 2352 5801 nomine.

1961 5840 2048 5906 lil,
2078 5839 2194 5894 1-5.
2233 5835 2404 5902 Unde,
2442 5836 2634 5906 fratres
2662 5834 2856 5899 sancti,
2885 5833 3177 5888 uocationis
3239 5833 3465 5890 celestis

1890 5933 2200 6004 participes,
2235 5929 2565 5984 considerata
2598 5925 2762 5998 335
2792 5925 3091 5995 apostolum
3141 5936 3194 5980 ct
3237 5930 3462 5997 pontiﬁ-
