3918 6568
527 366 629 436 311

1139 493 1369 551 CAPUT
1423 496 1482 551 ν.

598 601 922 660 Exhortatio
950 615 1004 660 ut
1033 619 1288 662 conentur
1310 612 1517 680 ingredi
1551 616 1782 683 requiem
1808 631 1924 684 qua:
1958 634 2095 686 pra:-

1095 690 1388 734 monstrata
1434 692 1531 736 εει.

597 764 900 825 Metuamus
929 771 1091 841 igitur
1127 790 1188 826 ne
1226 775 1438 841 quando
1472 775 1723 830 derelicta
1748 779 2098 845 promissione

522 863 832 918 introeundi
859 865 914 918 in
945 867 1172 936 requiem
1193 868 1328 936 ejus,
1371 869 1611 923 videatur
1634 872 1831 941 aliquis
1860 888 1924 926 ex
1959 874 2097 928 vobis

521 967 636 1007 esse
675 955 990 1022 frustratus.
1051 957 1260 1014 Etenim
1324 959 1472 1014 nobis
1544 965 1925 1018 annuntiatum
1995 976 2094 1028 est,

522 1034 962 1112 quemadmodum
993 1059 1042 1102 et
1082 1049 1209 1104 illis.
1268 1051 1336 1104 At
1377 1069 1476 1106 non
1518 1054 1722 1122 profuit
1778 1056 1888 1111 illis
1941 1058 2096 1111 audi-

525 1149 609 1193 tus
639 1156 810 1193 sermo
839 1141 980 1210 quod
1009 1159 1112 1196 non
1141 1154 1312 1200 essent
1347 1147 1613 1201 commisti
1643 1149 1748 1216 ﬁde
1775 1151 1839 1204 iis
1873 1152 1964 1220 qui
1997 1169 2096 1205 uu-

521 1230 751 1285 dierant.

591 1325 729 1380 Cum
761 1326 982 1394 dicitur,
1033 1329 1231 1400 inquit,
1264 1331 1446 1388 Hodie
1462 1335 1508 1390 si
1544 1350 1731 1390 vocem
1757 1337 1876 1405 ejus
1906 1335 2098 1390 audie-

521 1416 715 1481 rititis,
747 1432 816 1471 ne
849 1416 1140 1476 obduretis
1173 1422 1338 1476 corda
1372 1431 1552 1478 vestra
1583 1425 1728 1480 sicut
1764 1427 1818 1480 in
1875 1443 2099 1481 exacer-

523 1511 764 1580 batione,
791 1517 1106 1573 timeamus.
1135 1515 1192 1574 lu
1227 1526 1550 1578 transcursu
1569 1529 1748 1577 autem
1771 1523 1952 1593 posuit
1981 1518 2096 1586 οὖν,

523 1606 575 1659 id
610 1615 716 1671 est,
747 1608 932 1677 igitur.
969 1607 1104 1665 Nam
1137 1611 1266 1681 quia
1300 1611 1516 1682 longior
1541 1626 1699 1683 aequo
1753 1621 1871 1668 erat
1901 1614 2098 1677 oratio,

526 1715 594 1754 ne
621 1701 902 1756 videretur
923 1703 1204 1758 ordinatio
1221 1705 1487 1761 orationis
1517 1707 1913 1776 conjunctione
1942 1723 2096 1763 care-

526 1806 604 1855 re,
635 1792 789 1848 addit
826 1791 940 1858 οὖν,
977 1793 1031 1848 id
1063 1804 1170 1860 est,
1205 1794 1392 1864 igitur.
1427 1794 1765 1860 Timeamus,
1797 1798 1999 1867 inquit,
2033 1813 2102 1853 ne

1592 386 1984 446 (ΕΠΙΜΕΝιί
2030 389 2268 449 TRICC.
2281 391 2320 448 Ε
2358 391 2478 452 EPl
2488 392 2697 452 SCOPI

2130 522 2173 576 Δ

3649 404 3743 474 ΜΞ

2787 505 3038 559 ΚΕΦΑΛ.
3091 507 3166 559 Ε“.

2201 623 2514 690 "torpori;
2567 603 3057 710 o’ﬂovdtiaat'elc
3115 623 3232 691 τὴν
3285 626 3743 706 προδηλουμένην

2800 708 3205 748 κατάπαυσιν.

2270 783 2624 852 ψυϐηθῶμεν
2659 780 2771 839 οὖν
2791 784 3027 855 μήποτε
3059 787 3560 858 καταλειπομένης
3589 793 3741 866 ἐπαγ.

2199 877 2406 942 γελιίις
2457 875 2758 930 εἰσελθεῖν
2819 879 2908 942 εἰς
2985 876 3101 942 τὴν
3149 876 3522 934 κατάπαυσιν
3562 887 3742 953 αὑτοῦ,

2199 964 2350 1034 δοκῇ
2377 985 2466 1033 τις
2489 967 2560 1032 ἐξ
2597 966 2766 1038 ὑμῶν
2812 969 3227 1036 ὑστερηκέναι.
3274 971 3380 1023 Καὶ
3441 971 3546 1041 γάρ
3585 976 3746 1045 ἐσμεν

2199 1059 2692 1130 εὐηγγελισμένοι
2749 1059 3016 1128 καθάπερ
3105 1060 3392 1116 κάκεῖνοι.
3451 1065 3601 1118 Ἀλλ’
3650 1072 3745 1125 οὐκ

2197 1149 2517 1220 ὠφέλησεν
2552 1155 2585 1205 ό
2607 1153 2792 1221 λόγος
2819 1150 2931 1219 τῆς
2959 1150 3148 1218 ἀκοῆς
3181 1152 3468 1220 ἐκείνους,
3513 1145 3591 1224 μὴ
3620 1177 3747 1230 συγ-υ

2200 1245 2609 1314 κεκραμένους
2636 1244 2710 1312 τῇ
2735 1245 2937 1300 πίστει
2967 1244 3095 1310 τοῖς
3127 1245 3482 1300 ἀκούσασιν.
3769 1247 3774 1312 ί

2284 1339 2373 1393 Ἐν
2402 1337 2480 1406 τῷ
2507 1337 2785 1405 λέγεσθαι,
2813 1338 2970 1408 φησί,
2996 1339 3249 1408 Σήμερον
3284 1337 3378 1389 ἐὰν
3448 1340 3542 1408 τῆς
3589 1345 3748 1413 φωνῆς

2201 1431 2366 1486 αὑτοῦ
2381 1428 2677 1499 ἀκούσητε,
2708 1429 2782 1499 μὴ
2816 1427 3157 1499 σκληρύνητε
3221 1429 3319 1492 τὰς
3357 1432 3572 1500 καρδίας
3594 1433 3744 1503 ὑμῶν,

2201 1524 2276 1586 ὠς
2308 1524 2366 1577 ἐν
2389 1521 2469 1592 τῷ
2489 1520 2967 1591 παραπικρασμῷ,
2991 1519 3324 1590 φοϐηθῶμεν
3377 1521 3572 1576 λοιπόν.
3599 1525 3662 1576 Τὸ
3683 1526 3748 1590 δὲ,

2203 1611 2332 1679 Οὖν,
2369 1613 2714 1684 παρέδραμε.
2755 1611 2857 1665 Διὰ
2899 1612 3010 1684 γὰρ
3062 1613 3125 1666 τὸ
3167 1607 3309 1665 εῖναι
3357 1615 3748 1684 μακραπόδοτον,

2202 1708 2290 1761 ἵνα
2317 1707 2392 1777 μὴ
2419 1706 2548 1776 δόξῃ
2571 1705 2946 1775 ἁσυνάρτητος
3003 1699 3142 1758 εἶναι
3168 1704 3202 1773 ἡ
3237 1701 3504 1770 σύνταξις,
3531 1705 3606 1770 τὸ,
3639 1707 3749 1773 υῦν,

2201 1798 2438 1850 τέθεικε.
2481 1795 2855 1866 Φοδηθῶμεν,
2887 1795 3044 1866 φησί,
3117 1795 3331 1865 μήποτε.
3375 1796 3749 1866 καταλιμπανο-

523 1887 745 1950 quando
782 1887 1060 1956 privemur
1106 1904 1169 1942 ea
1199 1904 1320 1958 quae
1355 1889 1683 1958 relinquitur
1738 1890 2100 1960 promissione

2213 1890 2384 1960 μένης
2411 1888 2749 1956 ἐπαγγελίας
2782 1888 2865 1951 εἰς
2893 1888 2954 1941 τὸ
2993 1885 3262 1941 εἰσελθεῖν
3321 1886 3401 1950 εἰς
3463 1888 3556 1958 τὴν
3606 1892 3750 1944 κατά-

522 1977 589 2030 ad
617 1978 1032 2048 ingrediendum
1066 1981 1118 2034 in
1151 1982 1396 2052 requiem
1426 1980 1568 2048 ejus.
1606 1981 1887 2052 Siquidem
1912 1984 2098 2038 volen-

521 2071 672 2124 tibus
737 2070 1071 2140 relinquitnr
1133 2074 1424 2142 promissio
1457 2073 1796 2143 ingrediendi
1831 2076 1883 2129 in
1914 2091 2096 2130 veram

521 2161 697 2228 ipsius
731 2163 971 2230 requiem
1006 2178 1021 2216 :
1057 2162 1171 2218 haec
1201 2174 1384 2218 autem
1419 2174 1502 2219 est
1547 2180 1775 2235 regnum
1803 2168 2093 2222 caelorum.

525 2271 544 2302 ι
563 2251 1038 2323 Videaturaliquis
1055 2271 1122 2310 ex
1154 2255 1303 2313 vobis
1331 2273 1454 2312 esse
1473 2256 2098 2314 frustratusaFrustra-

520 2357 610 2399 ius
640 2361 762 2401 csse
793 2346 860 2400 ad
908 2348 1344 2418 ingrediendum.
1378 2349 1456 2405 I‘te
1486 2361 1668 2406 autem
1706 2369 1888 2409 sermo
1913 2357 2097 2424 gravis

517 2439 790 2506 videatur,
841 2457 951 2494 non
975 2442 1156 2497 dixit:
1212 2442 1611 2510 Frustrabitur,
1655 2446 1749 2501 scd
1818 2445 2095 2502 Frustrari

518 2532 903 2593 videatur.tAt
934 2547 1042 2587 non
1075 2529 1280 2602 profuit
1303 2535 1408 2590 illis
1432 2536 1655 2592 auditus
1683 2553 1916 2593 sermo.)
1935 2536 2096 2592 Vides

517 2625 665 2685 quod
716 2624 821 2678 hoc
877 2625 1243 2681 dieatzNiliil
1297 2628 1453 2683 vobis
1509 2629 1754 2699 proderit
1809 2629 2098 2685 auditores

521 2717 694 2770 tuisse
728 2717 1161 2784 praedicationis,
1195 2719 1298 2773 nisi
1335 2721 1496 2776 etiam
1553 2737 1675 2790 qua:
1705 2737 1733 2776 a
1765 2724 1922 2778 vobis
1963 2724 2096 2793 ipsis

522 2818 654 2862 sunt
683 2808 950 2873 atteratis,
976 2811 1080 2866 hoc
1103 2823 1206 2877 est,
1240 2811 1396 2868 ﬁdem
1425 2815 1722 2884 ;quoniam
1752 2831 1929 2886 neque
1956 2817 2096 2870 anti-

519 2899 646 2965 quis
683 2900 890 2970 protuit
928 2903 1149 2959 auditus
1183 2919 1368 2959 sermo
1401 2920 1464 2960 ex
1502 2909 1706 2977 seipso.
1747 2925 1766 2959 ι
1798 2907 1954 2974 Quod
1986 2924 2099 2967 non

518 3002 704 3047 essent
737 2995 1015 3049 commisti
1051 2996 1177 3050 (ide.
1217 3015 1235 3048 ι
1279 2996 1444 3069 340
1473 2999 1590 3054 Hoc
1621 3006 1727 3056 est.
1761 3000 1984 3054 admisti
2025 3002 2093 3056 ad

520 3086 718 3146 i,:sam.
761 3084 865 3140 Per
896 3087 998 3143 hoc
1029 3098 1210 3142 autem
1232 3089 1484 3161 designat
1511 3089 1817 3146 indubitata
1844 3094 2092 3148 credere.

523 3176 630 3227 rios
661 3191 790 3231 vero
819 3179 912 3247 qui
941 3179 1228 3234 audierant
1256 3180 1392 3235 dicit
1446 3196 1542 3237 eos
1588 3183 1684 3252 qui
1723 3181 2092 3238 crediderant.

2125 2970 2138 2984 Ι

2209 1999 2415 2036 παυσιν
2449 1980 2616 2035 αὐτοῦ
2650 1982 3064 2051 ὑστερήσωμεν.
3089 1979 3202 2033 Καὶ
3233 1980 3341 2050 γὰρ
3372 1979 3694 2034 ὑπολείπεται
3721 1985 3750 2054 ἠ

2205 2076 2510 2144 ἐπαγγελία
2526 2074 2621 2129 τοῦ
2659 2074 2927 2128 εἰσελθεῖν
2957 2075 3037 2138 εἰς
3072 2073 3172 2145 τὴν
3212 2073 3554 2127 κατάπαυσιν
3609 2074 3751 2128 αὖτοῦ

2204 2168 2304 2239 τὴν
2327 2167 2595 2238 ἀληθινὴν
2625 2149 2770 2230 τοὺς
2802 2165 3183 2236 βουλομένους.
3238 2164 3386 2234 Αὕτη
3437 2165 3490 2217 δέ
3540 2165 3673 2219 ἐστιν
3723 2169 3750 2238 ἠ

2207 2258 2459 2330 βασιλεία
2492 2258 2600 2314 τῶν
2629 2259 2898 2330 οὐρανῶν.
2933 2275 2952 2308 ι
2993 2259 3136 2328 Δοκῇ
3169 2273 3258 2319 τις
3278 2255 3337 2322 ἐξ
3365 2255 3515 2327 ὑμῶν
3557 2257 3755 2328 ὑστέρης

2205 2353 2380 2406 κέναι.
2421 2371 2440 2403 ι
2490 2349 2887 2422 Ὑστερηκέναι
2938 2351 3020 2412 εἰς
3040 2349 3102 2403 τὸ
3132 2347 3423 2402 εἰσελθεῖν.
3487 2348 3754 2419 Ἀνεπαχθῆ

2204 2443 2264 2499 δὲ
2285 2444 2376 2497 τὸν
2401 2442 2558 2513 λόγον
2604 2443 2774 2497 ποιῶν
2831 2443 2932 2496 οὐκ
2985 2436 3162 2505 εἴπεν,
3231 2439 3568 2511 Ὕστερήσει,
3623 2441 3754 2506 ἀλλὰ,

2205 2539 2353 2607 Δοκῇ
2389 2536 2718 2606 ὑπερέξειν.
2752 2553 2771 2588 ι
2822 2533 2963 2587 Ἀλλ’
2997 2533 3100 2586 οὒκ
3154 2531 3442 2602 ὠφέλησεν
3482 2535 3509 2584 ὁ
3552 2532 3709 2600 λόγος.
3733 2551 3750 2585 ι

2220 2629 2382 2702 Ὁρᾷς
2413 2630 2495 2683 ὅτι
2528 2628 2688 2683 τοῦτο
2747 2628 2920 2697 λέγει,
2959 2627 3041 2680 ὅτι
3065 2667 3082 2694 ,
3105 2625 3277 2679 Οὐδὲν
3333 2627 3479 2696 ὑμᾶς
3521 2624 3758 2694 ὠφελήσει

2203 2723 2266 2778 τὺ
2297 2723 2582 2793 ἀκροατὰς
2611 2719 2866 2790 γενέσθαι
2894 2720 2993 2774 τοῦ
3039 2719 3426 2790 κηρύγματος,
3456 2717 3548 2770 ἐὰν
3593 2716 3660 2787 μὴ
3684 2717 3758 2770 καὶ

2204 2817 2273 2870 τὰ
2291 2814 2423 2887 παρ’
2454 2814 2664 2868 ἑαυτῶν
2687 2813 3061 2884 εἰσενέγκητε,
3092 2812 3371 2876 τουτέστι,
3421 2811 3591 2863 πίστιν
3619 2825 3632 2838 ο
3659 2807 3759 2860 ἐπεὶ

2207 2907 2342 2977 μηδὲ
2374 2907 2501 2970 τοὺς
2537 2905 2708 2959 πάλαι
2741 2905 3031 2975 ὠφέλησεν
3065 2905 3096 2956 ὁ
3129 2904 3295 2972 λόγος
3329 2903 3427 2972 τῆς
3455 2901 3615 2970 ἀκοῆς
3659 2899 3757 2952 καθ’

2194 2997 2418 3055 ἑαυτόν.
2439 3015 2460 3050 ι
2498 2997 2592 3068 Μὴ
2607 2996 3094 3068 συγκεκραμένους
3117 2997 3188 3066 τῇ
3229 2995 3435 3050 πίστει.
3471 3012 3488 3046 ι
3511 2991 3753 3055 Τουτέστι,

2207 3089 2282 3161 μὴ
2306 3089 2786 3159 ἀνακεκραμένους
2810 3089 2946 3160 πρὸς
2963 3088 3158 3157 αὑτήν.
3190 3087 3285 3140 Ἐκ
3310 3086 3367 3140 δὲ
3384 3085 3590 3148 τούτου,
3612 3086 3664 3136 τὸ
3685 3083 3760 3135 ἁν-

2205 3181 2527 3243 ενδοιάστως
2543 3181 2838 3234 πιστεῦσαι
2865 3179 3190 3232 αἰνίττεται.
3215 3176 3570 3237 ’Λκούσαντας
3587 3175 3635 3228 δέ
3651 3190 3758 3243 φησι

522 3268 602 3320 Illi
638 3285 876 3340 uanique
902 3286 1029 3326 vere
1065 3270 1357 3328 audierant
1397 3274 1488 3345 qui
1519 3275 1688 3329 etiam
1722 3276 2094 3331 crediderant.

2213 3277 2331 3338 τοὺς
2366 3273 2780 3336 πιστεύσαντας.
2827 3273 3056 3326 Ἐκεῖνοι
3094 3274 3208 3343 γὰρ
3251 3272 3420 3333 ὅντως
3448 3271 3685 3338 ἥκουσαν,
3718 3265 3759 3317 οἱ

521 3360 614 3412 Ait
651 3370 836 3416 autem
863 3362 930 3417 de
956 3362 1090 3419 Jesu
1125 3373 1180 3420 et
1227 3365 1454 3422 Cbaleb.
1492 3365 1607 3421 Hoc
1648 3384 1776 3422 vero
1829 3380 1914 3423 est
1950 3367 2100 3438 quod

520 3453 696 3507 dicit:
756 3453 874 3510 Non
923 3456 1066 3524 jnvit
1121 3457 1340 3517 auditus
1391 3475 1577 3515 sermo.
1631 3461 1914 3531 p0pnlum,
1990 3476 2100 3515 non

523 3547 873 3602 commistum
929 3557 984 3606 et
1039 3551 1206 3606 veluti
1258 3561 1758 3622 contemperatum,
1803 3553 2101 3608 admislum

524 3648 578 3691 et
612 3639 827 3694 unitum
853 3656 950 3710 per
982 3641 1141 3696 ﬁdem
1175 3643 1262 3698 his
1287 3645 1378 3713 qui
1403 3644 1718 3706 audierant.
1748 3661 1942 3716 nempe
1969 3644 2101 3702 Jcsu

523 3741 579 3787 et
604 3732 811 3787 Chaleb
825 3735 916 3804 qui
944 3735 1506 3793 crediderant.—Non
1521 3729 1866 3803 commistos,
1901 3740 2100 3810 inquit,

523 3827 613 3882 liis
649 3828 742 3896 qui
773 3830 1077 3897 audierant,
1127 3815 1243 3886 Ἰιοο
1276 3841 1382 3897 est,
1429 3832 1514 3887 his
1569 3833 1664 3902 qui
1731 3833 2100 3889 crediderant.

524 3918 817 3985 Quomodo
851 3929 1029 3975 autem
1058 3930 1312 3990 poterant
1337 3923 1424 3977 liis
1465 3924 1830 3991 permisceri?
1881 3923 1939 3978 ln
1974 3923 2100 3988 ﬁde,

527 4015 731 4082 inquit,
774 4016 889 4070 sive
915 4031 1011 4085 per
1043 4015 1226 4072 (idem.
1259 4017 1314 4071 Si
1351 4017 1498 4072 enim
1541 4018 1906 4073 credidissent
1931 4020 1984 4072 lii
2026 4020 2103 4074 si-

529 4117 620 4162 cut
648 4117 703 4163 et
735 4111 831 4174 illi,
860 4110 913 4164 in
939 4127 1106 4166 unum
1130 4111 1318 4182 utique
1349 4113 1552 4182 pariter
1579 4113 1819 4182 provecti
1849 4113 2105 4179 inissent,

528 4202 634 4257 [ide
669 4204 833 4258 veluti
881 4205 1292 4274 conglutinante
1326 4207 1476 4276 ipsos
1505 4215 1558 4258 et
1589 4199 2005 4260 commisccnte.

609 4293 690 4361 ιν,
723 4298 840 4352 5-5.
877 4296 1168 4352 lntroimus
1194 4301 1333 4353 enim
1357 4301 1407 4352 iu
1439 4287 1665 4369 requiem
1694 4319 1790 4359 nos
1817 4302 1905 4375 qui
1936 4299 2108 4356 credi-

526 4390 730 4449 uimus.
779 4391 1222 4458 quemadmodum
1258 4391 1436 4446 dixit:
1487 4392 1634 4448 Sicut
1691 4391 1873 4460 juravi
1926 4392 1978 4444 iu
2027 4393 2108 4442 ira

2205 3368 2300 3420 καὶ
2329 3366 2741 3429 πιστεύσαντες.
2778 3366 2943 3433 Λέγει
2969 3365 3026 3416 δὲ
3075 3365 3207 3433 περὶ
3255 3360 3430 3432 Ἰησοῦ
3464 3362 3552 3414 καὶ
3588 3357 3758 3412 Χαλέϐ.

2205 3462 2376 3515 Τοῦτο
2405 3460 2460 3514 δέ
2488 3460 2794 3531 φησινοούκ
2829 3459 3110 3529 ὠφέλησεν
3139 3458 3170 3510 ὁ
3193 3457 3354 3525 λόγος
3385 3457 3480 3525 τῆς
3509 3455 3662 3523 ἀκοῆς
3687 3453 3761 3502 τὸν
3836 3527 3844 3538 ⁸

2205 3555 2354 3620 λαὸν,
2373 3555 2447 3624 μὴ
2483 3553 2936 3624 συγκεκραμένον
2977 3552 3071 3604 καὶ
3089 3544 3206 3603 οἷον
3234 3547 3662 3618 ἀνακεκραμένον
3687 3543 3762 3596 καὶ

2209 3646 2550 3716 μεμιγμένον
2573 3647 2666 3700 καὶ
2685 3645 2965 3716 ἡνωμένον
2982 3645 3041 3696 ὲν
3057 3646 3123 3714 τῇ
3144 3644 3333 3696 πίστει
3352 3645 3460 3703 τοῖς
3480 3638 3760 3696 ἀκούσασιν,

2206 3739 2374 3811 ἦγουν
2388 3742 2498 3803 τοῖς
2513 3739 2656 3809 ἀμφὶ
2667 3740 2758 3792 τὸν
2775 3738 2982 3810 Ἰησοῦν
3002 3736 3354 3791 πιστεύσασι.
3376 3761 3447 3775 -—-
3479 3729 3659 3806 [@011]
3687 3729 3763 3798 Μὴ

2209 3830 2718 3903 τευ-(κεκραμένους,
2758 3831 2916 3900 φησὶ,
2957 3832 3068 3893 τοῖς
3100 3821 3765 3891 ἀκούσασι,τουτέστι,τοῖς

2209 3925 2622 3981 πεπιστευκόσι.
2649 3926 2770 3988 Πῶς
2787 3925 2843 3980 δὲ
2867 3919 2934 3996 ἦν
2954 3924 3139 3986 αὐτοῖς
3180 3920 3572 3992 συγκραθῆναις
3600 3914 3678 3967 Ἑν
3711 3913 3763 3981 τῇ

2210 4020 2414 4085 πίστει,
2433 4020 2587 4089 φησὶ,
2607 4019 2856 4073 τουτέστι
2883 4017 2971 4070 διὰ
2985 4018 3249 4080 πίστεως.
3270 4017 3334 4068 Εἰ
3353 4019 3456 4084 γὰρ
3478 4011 3764 4063 ἐπίστευσαν

2210 4108 2356 4168 οὗτοι
2392 4114 2584 4184 ῶσπερ
2615 4115 2877 4177 κάκεῖνοι,
2916 4113 2994 4174 εἰς
3045 4110 3102 4162 ἓν
3154 4109 3223 4164 ἂν
3288 4099 3765 4175 συνηλαύνοντο,τῆς

2211 4207 2452 4269 πίστεως
2492 4201 2604 4259 οἷον
2649 4203 2929 4273 κολλώσης
2958 4201 3161 4264 αὐτοὺς
3189 4201 3288 4254 καὶ
3331 4195 3708 4266 συγκιρνώσης.

2276 4300 2682 4368 Εἰσερχόμεθα
2716 4295 2825 4367 γὰρ
2840 4299 2926 4361 εἰς
2953 4294 3069 4364 τὴν
3085 4294 3476 4348 κατάπαυσιν
3497 4291 3548 4344 οἰ
3564 4282 3768 4340 πιστεύ-

2212 4409 2456 4457 σαντες,
2522 4391 2708 4456 καθὼς
2742 4389 3004 4458 εἴρηκεν,
3043 4388 3144 4453 Ὠς
3175 4387 3394 4456 ὤμοσα
3427 4385 3496 4437 ἐν
3536 4379 3606 4448 τῇ
3646 4371 3766 4444 ὀργῆ

527 4497 666 4542 mea,
699 4481 760 4534 Si
785 4482 1076 4536 introibant
1111 4485 1163 4536 in
1205 4483 1432 4552 requiem
1470 4499 1660 4544 meam,
1697 4482 1818 4535 licet
1867 4481 2100 4548 operibut

2213 4503 2351 4556 μου,
2384 4486 2454 4537 Εἰ
2491 4483 2943 4537 εἰσελεύσονται
2971 4485 3056 4546 εἰς
3089 4480 3210 4545 τὴν
3255 4473 3631 4532 κατάπαυσίν
3651 4484 3767 4538 μου,

529 4593 561 4626 a
592 4575 966 4628 constitutione
996 4575 1176 4627 mundi
1217 4575 1483 4644 perfectis.
1523 4575 1672 4627 Dixit
1699 4576 1837 4628 enim
1879 4573 2100 4644 quodam

2219 4578 2410 4632 καίτοι
2467 4574 2586 4629 τῶν
2602 4575 2792 4643 ἔργων
2819 4573 2938 4629 ἀπὸ
2962 4569 3308 4639 καταϐολῆς
3349 4572 3576 4636 κόσμου
3628 4574 3770 4662 γεντι-

510 4668 586 4726 ιιι
624 4667 735 4721 loco
765 4668 828 4721 de
861 4671 1080 4735 septimo
1116 4669 1199 4722 die
1238 4672 1351 4723 sic:
1403 4668 1472 4722 Et
1516 4669 1765 4739 requievit
1826 4667 1966 4722 Deus
2023 4668 2109 4723 die

529 4763 750 4828 septimo
769 4764 1095 4820 abomuibus
1119 4765 1361 4830 operibus
1381 4765 1512 4816 suis.
1552 4762 1617 4816 Et
1641 4764 1694 4817 iu
1723 4763 1818 4818 hoc
1848 4778 2057 4816 rursum
2094 4777 2112 4816 :

535 4851 598 4908 Si
629 4854 924 4909 iutroibuut
959 4857 1014 4913 iu
1048 4857 1278 4925 requiem
1315 4872 1510 4912 meum.

605 5044 1008 5102 Testimonium
1049 5061 1268 5116 quoque
1308 5045 1524 5100 induxit
1557 5061 1623 5101 ex
1685 5061 1795 5115 quo
1829 5046 1880 5100 id
1941 5047 2115 5100 mani-

535 5141 735 5194 festum
761 5139 948 5193 faciat.
972 5138 1035 5192 Et
1059 5139 1188 5194 vide
1214 5139 1493 5208 quomodo
1517 5137 1568 5192 id
1600 5145 1833 5193 astruat.
1854 5137 2112 5205 Omnino,

533 5232 736 5300 inquit,
759 5247 985 5287 necesse
1009 5239 1095 5287 est
1127 5239 1185 5285 ut
1211 5231 1378 5302 aliqui
1400 5230 1778 5302 ingrediantur
1795 5231 1851 5284 in
1873 5230 2114 5299 requiem

539 5325 656 5391 Dei,
705 5341 772 5380 ne
827 5340 962 5380 vane
1013 5339 1078 5379 ac
1127 5334 1332 5379 temere
1369 5326 1439 5379 sit
1493 5324 1784 5395 promissa.
1843 5322 2114 5389 Quoniam

537 5433 670 5486 ergo
706 5420 781 5471 illi
819 5433 927 5472 non
956 5427 1087 5472 sunt
1121 5415 1355 5487 ingressi
1389 5417 1614 5487 (juravit
1643 5417 1786 5472 enim
1827 5419 1977 5486 ipsos
2009 5431 2116 5469 non

539 5509 1146 5578 ingressuros)uecesse
1166 5517 1250 5563 est
1283 5517 1343 5562 ut
1375 5523 1497 5574 nos,
1528 5507 1826 5562 dummodo
1861 5507 2115 5572 velimus,

539 5605 934 5674 Ingrediamur,
967 5613 1020 5656 at
1057 5619 1166 5657 non
1196 5602 1306 5673 jam
1366 5603 1418 5656 in
1458 5603 1800 5673 ligurativam
1849 5601 2116 5671 requiem,

540 5693 636 5750 sed
679 5694 732 5747 in
769 5707 958 5747 verum
997 5707 1220 5761 regnum
1278 5692 1570 5746 caelorum.
1614 5690 1937 5759 Quanquam
1973 5689 2116 5742 enim

545 5785 639 5840 lilii
676 5786 894 5840 illorum
937 5786 1172 5857 ingressi
1218 5786 1328 5840 sint
1368 5784 1422 5838 in
1456 5794 1653 5838 terram
1687 5783 2036 5852 promissam,
2069 5791 2122 5834 at

545 5887 601 5942 at
657 5897 800 5940 nunc
857 5881 1016 5938 aliam
1078 5879 1265 5938 deﬁnit
1327 5879 1569 5950 requiem
1604 5893 1699 5948 per
1742 5874 1927 5932 David.
1977 5875 2118 5943 Quid

2219 4671 2462 4725 θέντων.
2496 4669 2716 4738 Εἵρηκε
2740 4666 2847 4738 γάρ
2871 4681 2990 4720 που
3049 4665 3187 4732 περὶ
3236 4663 3352 4732 τῆς
3393 4659 3654 4727 ἑϐδόμης,
3695 4649 3771 4704 οὖα

2217 4777 2357 4828 τωςο
2395 4761 2504 4816 Καὶ
2535 4761 2920 4814 κατέπαυσεν
2943 4761 2976 4812 ό
3003 4757 3149 4824 Θεὸς
3186 4757 3258 4810 ἐν
3289 4754 3364 4824 τῇ
3392 4753 3573 4822 ἡμέρᾳ
3596 4746 3662 4814 τῇ
3703 4742 3772 4797 ἐσ-

2216 4853 2368 4922 δόμῃ
2401 4852 2521 4907 ἀπὸ
2561 4851 2801 4905 πάντων
2818 4849 2935 4903 τῶν
2963 4849 3155 4918 ἔργων
3178 4843 3514 4901 αὑτοῦ.Καί
3538 4837 3772 4899 ἐντούτῳ

2217 4949 2425 5015 πάλιν,
2446 4951 2513 5003 Εἰ
2539 4948 2992 5003 εἰσελεύσονται
3020 4948 3107 5010 εἰς
3129 4939 3639 5014 τὴνκατὰπαυσίν
3652 4947 3769 5004 μου’

2289 5043 2400 5097 Καὶ
2425 5041 2593 5097 πόθεν
2629 5040 2802 5112 δηλοῖ,
2861 5040 3115 5110 ἐπήγαγε
3135 5038 3238 5109 τὴν
3288 5033 3612 5109 μαρτυρίαν.
3654 5029 3770 5096 Ὅρα

2217 5130 2329 5190 οἷον
2359 5135 2783 5199 κατασκευάζει.
2806 5133 2985 5196 Πᾶσα,
3021 5132 3216 5202 φησὶν,
3247 5130 3470 5198 ἀνάγκη
3496 5124 3639 5185 τινὲς
3676 5123 3768 5172 εἶσ⁸

2219 5228 2396 5284 ελθεῖν
2461 5228 2538 5290 εἰς
2585 5226 2684 5296 τὴν
2749 5225 3100 5282 κατάπαυσιν
3124 5223 3222 5278 τοῦ
3246 5221 3519 5286 Θεοῦ,’ίνα
3575 5217 3642 5286 μὴ
3688 5207 3770 5280 μά·

2219 5319 2439 5390 τηνκαὶ
2472 5311 2715 5390 ἁπλῶςῇ
2773 5313 3189 5385 ἐπηγγελμένη.
3261 5313 3420 5365 Ἐπεὶ
3470 5307 3558 5362 οὖν
3608 5303 3770 5357 ἐκεῖνοι

2220 5411 2320 5463 οὐκ
2349 5409 2620 5478 εἰσῆλθον,
2673 5407 2878 5485 (ὤμοσε
2940 5405 3050 5474 γὰρ
3111 5405 3188 5474 μὴ
3255 5401 3520 5458 εἰσελθεῖν
3564 5392 3767 5485 abso-Ut.)

2221 5504 2437 5573 ἀνάγκη
2468 5502 2637 5572 ἡμᾶς,
2694 5501 2741 5553 εἰ
2778 5482 3198 5569 βουληθείημεν,
3236 5495 3526 5556 εἰσελθεῖν,
3575 5482 3772 5542 ἀλλὀὐκ

2223 5596 2302 5650 ἔτι
2335 5597 2416 5658 εἰς
2444 5594 2544 5663 τὴν
2564 5593 2805 5661 τυπικὴν
2837 5591 3211 5653 κατάπαυσιν,
3236 5587 3359 5640 ἀλλ’
3387 5588 3468 5648 εἰς
3492 5583 3584 5652 τὴν
3609 5573 3768 5643 ἀληθι-

2223 5691 2320 5757 νὴν
2354 5689 2454 5756 τὴν
2487 5686 2769 5756 βασιλείαν
2791 5684 2900 5738 τῶν
2927 5682 3198 5755 οὐρανῶν.
3237 5683 3304 5736 Εἰ
3331 5678 3443 5750 γὰρ
3465 5677 3557 5731 καί¹
3606 5691 3632 5726 ο
3685 5665 3772 5722 nisi

2224 5785 2448 5836 ἐκείνων
2477 5779 2727 5850 εἰσῆλθον
2754 5781 2831 5844 εἰς
2889 5778 2990 5848 τὴν
3033 5774 3466 5845 ἐπηγγελμένην
3516 5770 3631 5838 γῆν,
3661 5761 3770 5816 ἀλλὰ

2227 5879 2317 5932 καὶ
2353 5875 2447 5930 νῦν
2485 5873 2867 5945 έτέρανόρὶζει
2921 5872 3007 5928 διὰ
3061 5869 3155 5925 τοῦ
3211 5868 3382 5926 Δαυῖδ
3443 5862 3766 5934 κατάπαυσιν.
