3988 6590
234 390 326 462 διε

1249 393 1644 458 COMMENT.
1678 395 1763 460 IN
1798 396 2038 458 EPIST.
2079 398 2182 458 AD
2223 397 2454 460 HEBR.

3349 397 3457 462 314
3505 405 3514 417 ’

242 511 382 572 Ἐπεὶ
406 511 463 567 τι
490 511 740 583 βούλεται
765 510 942 582 αὐτῷ,
976 509 1074 576 τὸ,
1099 511 1354 582 Σήμερον
1394 513 1491 568 ἐὰν
1539 513 1642 584 τῆς
1693 531 1806 583 φω-

1924 530 2148 584 iamque
2219 516 2364 569 aliud
2397 515 2529 572 'sibi
2585 512 2743 570 vult:
2795 515 2968 574 Hodie
3021 519 3066 574 si
3121 532 3308 572 vocem
3347 529 3485 587 ejus

232 607 319 677 νῆς
337 603 493 659 αὐτοῦ
517 603 788 674 ἀκούσητε
819 620 834 670 ;
873 623 890 656 ι
917 602 1003 667 Ὠς
1034 601 1229 670 ὤμοσα
1252 605 1310 658 ὲν
1343 606 1410 674 τῇ
1440 604 1580 676 ὀργῇ
1609 623 1736 674 μου.
1774 624 1793 657 ι

231 700 408 757 Καίτοι
457 697 596 769 αὕτη
634 697 938 768 μαρτυρία,
985 696 1048 749 οὐ
1080 695 1175 749 τοῦ
1207 697 1356 766 ἡμᾶς
1389 697 1517 759 τοὺς
1570 695 1800 749 πιστεύ-

234 810 412 856 σαντας
443 791 708 846 είσελθεῖν
742 793 822 853 είς
853 791 955 860 τὴν
974 788 1328 843 κατάπαυσιν
1358 788 1450 842 τοῦ
1504 789 1638 842 Θεοῦ
1682 790 1799 842 ἐστι

233 882 702 955 σῃμαντικὴ,ἀ).λὰ
726 879 820 934 τοῦ
878 879 1124 944 ἐκείνους
1181 880 1261 951 μὴ
1311 881 1596 935 εἰσελθεῖν.
1656 881 1798 934 Ἀλλ’

232 976 381 1045 αυτῷ.
409 976 596 1045 φησὶν,
654 968 927 1043 suam
971 973 1074 1026 οὐκ
1150 973 1424 1043 εἰσῆλθονν
1485 976 1633 1044 ἡμᾶς
1690 973 1796 1044 κρῆ

234 1064 489 1118 εἰσελθεῖν.
523 1063 697 1117 Τοῦτο
727 1064 828 1133 μὲν
853 1058 945 1115 οὖν
982 1062 1187 1132 προῖὼν
1226 1063 1376 1132 λέγει
1439 1067 1796 1134 σαφέστερον.

234 1155 332 1211 Νῦν
376 1155 430 1208 δὲ
470 1155 612 1226 πρὸς
663 1154 842 1224 τούτῳ
905 1155 1000 1208 καὶ
1026 1156 1204 1208 ἐκεῖνο
1269 1155 1416 1210 θέλει
1471 1156 1668 1220 δεῖξαι,
1715 1157 1799 1209 ὅτι

232 1249 397 1317 ὥσπερ
430 1250 462 1316 η
493 1247 589 1300 τοῦ
627 1247 910 1300 Σαϐϐἀτου
957 1247 1306 1312 κατάπαυσις
1350 1250 1412 1302 οὐ
1453 1247 1652 1301 κωλύει
1704 1249 1800 1301 καὶ

233 1340 376 1410 ἄλλην
402 1337 662 1407 λέγεσθαι
706 1341 1056 1394 κατάπαυσιν
1103 1341 1204 1410 τὴν
1233 1341 1332 1404 τῆς
1377 1340 1801 1412 ἐπηγγελμένης

233 1434 338 1500 γῆς.
375 1430 550 1494 οὕτως
590 1431 715 1485 οὐδὲ
746 1434 780 1502 ἡ
810 1433 911 1501 τῆς
965 1432 1388 1504 ἐπηγγελμένης
1441 1433 1545 1501 γῆς
1598 1431 1800 1486 κωλύει

236 1526 314 1593 τὴν
335 1523 613 1593 βασιλείαν
655 1524 765 1576 τῶν
809 1523 1055 1595 οὐρανῶν
1100 1523 1366 1591 λέγεσθαι
1427 1527 1798 1577 κατάπαυσιν.

244 1618 382 1670 Ὀοεν
411 1618 502 1670 καὶ
534 1616 888 1689 προστίθησι·
923 1615 1117 1670 Καίτοι
1144 1616 1252 1670 τῶν
1280 1616 1460 1688 ἔργων
1489 1615 1598 1668 ἀπὸ
1628 1632 1799 1668 κοιτα-

244 1711 383 1780 6ολῆς
425 1710 639 1780 κόσμου
681 1711 993 1780 γενομένων
1031 1709 1091 1775 ἐξ
1119 1705 1194 1764 ὧν
1221 1707 1569 1764 ἀνεπαύσατο
1595 1711 1622 1762 6
1643 1709 1796 1772 Θεός.

236 1805 330 1856 Οὲκ
355 1802 622 1866 ἐκώλυσε,
659 1803 818 1873 φησὶ,
855 1803 950 1857 καὶ
986 1802 1088 1874 τὴν
1114 1804 1220 1874 γῆν
1276 1803 1378 1872 τῆς
1436 1801 1794 1872 ἐπαγγελίας,

1902 605 2237 660 audieritis?
2266 623 2284 657 ι
2323 603 2680 673 Sicutjuravi
2717 604 2880 660 inira
2927 621 3067 661 mea.
3110 627 3127 659 ι
3170 606 3332 677 Atqui
3374 607 3479 660 hoc

1902 697 2281 751 testimonium
2314 713 2426 752 non
2461 697 2583 764 eius
2624 707 2709 752 est
2746 698 3172 770 signiﬁcativum
3204 701 3351 769 quod
3383 715 3486 756 nos

1902 789 1996 858 qui
2039 789 2384 844 credidimus
2439 791 2780 859 ingredimur
2821 791 2875 845 in
2917 793 3168 862 requiem
3221 792 3339 857 Dei,
3389 795 3485 848 sed

1910 882 2058 952 quod
2095 883 2170 937 illi
2205 899 2313 937 non
2339 884 2718 954 ingrediantur
2747 903 2760 940 :
2787 901 2975 940 verum
3007 903 3074 941 eo
3108 888 3248 956 ipso,
3285 889 3488 958 inquit,

1901 989 2010 1041 quo
2047 975 2123 1029 illi
2167 990 2274 1028 non
2323 986 2454 1030 sunt
2513 978 2773 1046 ingressi,
2805 985 3022 1046 oportet
3077 995 3178 1034 nos
3244 981 3487 1049 ingredi.

1903 1064 2184 1134 Siquidem
2221 1066 2326 1120 hoc
2369 1067 2420 1120 iu
2461 1083 2755 1137 progressu
2817 1068 2954 1123 dicit
3011 1073 3276 1140 apertius.
3332 1071 3491 1126 Nunc

1903 1174 2032 1211 vero
2056 1167 2250 1226 praeter
2285 1159 2389 1212 hoc
2415 1161 2534 1213 vult
2558 1176 2777 1232 quoque
2804 1161 2936 1216 illud
2959 1164 3273 1229 ostendere,
3301 1181 3495 1234 quon:-

1901 1250 2196 1303 admodum
2277 1250 2504 1307 Salrbati
2556 1253 2776 1323 requies
2841 1271 2950 1311 non
3005 1267 3151 1312 vetat
3185 1259 3348 1313 etiam
3385 1259 3493 1313 dici

1901 1343 2063 1396 aliam
2113 1344 2354 1413 requiem
2410 1348 2695 1416 promissae
2755 1357 2943 1412 terrae,
2969 1350 3129 1423 35,1
3185 1352 3259 1406 ita
3317 1369 3494 1422 neque

1901 1439 2124 1508 requies
2177 1441 2467 1510 promissa:
2523 1450 2686 1498 terra:
2715 1454 2876 1500 vetat.
2937 1462 3164 1516 regnum
3220 1449 3491 1503 caelorum

1901 1532 2011 1586 dici
2047 1533 2312 1601 requiem.
2349 1533 2508 1589 llnde
2538 1535 2703 1590 etiam
2756 1536 2952 1592 addit:
2982 1538 3135 1592 Licet
3163 1541 3422 1606 operibus
3463 1557 3493 1594 a

1901 1624 2301 1679 constitutione
2354 1627 2546 1681 mundi
2581 1629 2862 1696 perfectis,
2895 1644 2924 1682 a
2955 1628 3158 1699 quibus
3225 1631 3499 1702 requievit

1901 1714 2066 1782 Deus,
2119 1717 2258 1771 nihil
2327 1719 2501 1773 vetuit
2564 1729 2767 1776 terram
2819 1737 3042 1793 quoque
3103 1724 3497 1792 promissionis

1903 1807 2164 1878 appellari
2195 1810 2492 1877 requiemm
2521 1809 2668 1866 Licet
2687 1813 3000 1882 operibus.»
3027 1813 3233 1870 Deinde
3253 1817 3378 1886 quia
3403 1831 3502 1868 vo-

236 1895 557 1949 κατάπαυσιν
589 1895 871 1966 λεχθῆναι.
916 1913 936 1947 ι
985 1896 1093 1948 Καί
1126 1911 1211 1948 τοι
1238 1894 1346 1949 τῶν
1380 1893 1581 1965 ἔργων.
1614 1913 1632 1945 ι
1657 1889 1794 1948 Εἶτα

1924 1907 2122 1953 :averat
2153 1901 2401 1969 requiem
2434 1902 2746 1971 (dicebatur
2776 1914 2957 1960 autem
2995 1905 3221 1960 Sabbati
3253 1905 3497 1977 requies)

236 1988 398 2058 ἐπειδὴ
432 1985 558 2040 εἷπε
593 1989 980 2054 Κατάπαυσιν,
1013 1985 1256 2054 (ἐλέγετο
1276 1987 1336 2040 δὲ
1369 1987 1402 2057 ἡ
1447 1985 1542 2040 τοῦ
1573 1985 1796 2040 Σαϐϐά-

235 2099 312 2134 του
341 2078 735 2149 κατάπαυσις)
774 2079 937 2143 αὐτὸς
987 2079 1203 2133 ἐπιλύει
1262 2079 1396 2134 αὐτὸ
1446 2079 1541 2132 καί
1593 2094 1796 2150 φησιν·

239 2174 356 2242 Ἤδη
393 2174 492 2244 τῆς
545 2171 956 2235 καταπαύσεως
984 2172 1094 2226 τῶν
1121 2170 1300 2243 ἔργων
1344 2170 1663 2242 γενομένης,
1703 2169 1804 2224 καὶ

235 2265 412 2335 ταύτην
442 2265 610 2319 καλεῖ
640 2265 1010 2330 κατάπαυσιν,
1046 2265 1148 2336 τὴν
1181 2267 1286 2334 γῆν
1310 2265 1410 2336 τῆς
1440 2264 1800 2333 ἐπαγγελίας.

242 2378 258 2409 ι
282 2358 378 2411 Καὶ
408 2358 762 2412 κατέπαυσεν
779 2359 815 2434 ,ὁ
845 2358 999 2422 Θεός.
1036 2377 1060 2412 .ι
1107 2359 1292 2429 Ὁρᾷς,
1326 2357 1545 2429 “ιρησὶν,
1595 2360 1677 2412 ὅτι
1709 2357 1804 2411 δύο

239 2450 328 2502 εἰσὶ
347 2449 724 2514 καταπαύσεις
756 2451 900 2520 ςμία
937 2453 971 2521 ἡ
1011 2451 1110 2522 τῆς
1137 2451 1395 2522 ἑϐδόμης,
1454 2452 1512 2504 ἐν
1667 2469 1805 2505 κατ-

241 2553 456 2596 ιπαυσεν
478 2543 508 2594 ὁ
539 2542 678 2607 Θεὸς
710 2543 820 2598 ἀπὸ
835 2543 946 2597 τῶν
969 2542 1148 2613 ἔργων
1173 2542 1360 2608 αὐτοῦ,
1391 2542 1486 2597 καὶ
1513 2543 1612 2613 μία
1639 2545 1671 2611 ἡ
1705 2543 1806 2614 τῆς

241 2633 343 2704 τῆς.
369 2637 492 2707 περὶ
511 2629 586 2708 ἧς
608 2653 746 2707 φησι
765 2636 862 2690 νῦν
899 2637 927 2688 ὁ
954 2635 1140 2691 Δαυῐδ.
1173 2636 1386 2707 Ὥσπερ
1414 2635 1529 2702 οὖν,
1556 2637 1741 2707 φησὶν,
1769 2637 1802 2707 η

243 2727 408 2797 πρώτη
441 2730 793 2794 κατάπαυσις
827 2729 930 2783 οὐκ
966 2725 1205 2782 ἐκώλυσε
1232 2729 1494 2800 δευτέραν
1518 2727 1806 2781 κατάπαυ-

244 2837 311 2872 σιν
362 2821 759 2890 ὀνομασθῆναι,
805 2820 980 2885 οὕτως
1043 2821 1226 2892 ούδὲή
1281 2821 1512 2891 δευτέρα
1567 2819 1805 2874 κωλύσει

243 2911 325 2982 τὴν
353 2913 543 2984 τρίτην
587 2914 868 2984 βασιλείαν
892 2915 1002 2968 τῶν
1017 2913 1290 2984 οὐρανῶν.
1333 2911 1521 2967 Ταῦτα
1555 2911 1612 2964 δὲ
1636 2928 1806 2964 κατα-

246 3003 500 3068 σκευάζειο
537 3004 624 3058 ὅτι
651 3005 834 3075 μέλλει
875 3005 1079 3074 λέγειν·
1117 3004 1331 3074 Ἡμεῖς,
1367 3003 1554 3074 φησιν,
1612 3002 1809 3071 ἔχομεν

246 3093 480 3149 εἰσελθεῖν
508 3096 595 3159 είς
623 3095 721 3168 τὴν
752 3095 1105 3151 κατάπαυσεν
1127 3095 1316 3159 αὐτοῦ,
1337 3096 1425 3149 ἴνα
1459 3095 1532 3165 μὴ
1571 3092 1806 3165 ἀκούσῃ,

247 3189 338 3243 Καί
367 3209 444 3244 τοι
477 3191 734 3263 εἰσῆλθον
758 3193 978 3256 ἐκεῖνοι,
1001 3191 1096 3245 καὶ
1127 3191 1284 3254 τέλος
1313 3190 1426 3260 ἔχει
1455 3190 1516 3242 τὸ
1548 3183 1690 3240 εἶναι
1712 3185 1809 3241 ἄλ-

1908 1990 2027 2060 ipse
2085 1991 2216 2046 illud
2253 1991 2506 2049 dissolvit
2566 2004 2620 2050 et
2670 1994 2946 2051 aitzlam
3006 1997 3205 2067 requie
3270 2012 3499 2068 operum

1907 2081 2073 2147 facta,
2104 2084 2269 2138 etiam
2301 2085 2440 2140 hanc
2455 2094 2612 2141 vocat
2632 2091 2898 2158 requiem,
2920 2099 3122 2144 terram
3150 2105 3344 2161 nempe
3369 2106 3504 2160 pro-

1907 2176 2240 2236 missionisu
2277 2181 2341 2233 Et
2371 2180 2643 2250 requievit
2666 2181 2867 2238 Deus.»
2898 2181 3087 2248 Vides,
3125 2184 3325 2255 inquit,
3353 2182 3501 2254 quod

1909 2269 2032 2325 dua:
2065 2273 2176 2326 sint
2209 2272 2467 2341 requies?
2495 2271 2613 2328 Una
2638 2275 2748 2329 diei
2781 2275 3023 2346 septimi,
3060 2277 3114 2331 in
3143 2293 3252 2347 quo
3275 2275 3504 2346 requie-

1911 2359 1988 2412 vit
2021 2359 2166 2416 Deus
2201 2361 2272 2416 ab
2299 2364 2563 2433 operibus
2590 2365 2743 2422 suis:
2777 2373 2832 2421 et
2863 2381 2973 2420 una
2998 2375 3160 2422 terrae
3182 2367 3505 2437 promissio-

1911 2452 2021 2517 nis,
2053 2453 2124 2508 de
2154 2470 2260 2524 qua
2284 2454 2529 2527 loquitur
2578 2473 2729 2514 nunc
2760 2457 2951 2515 David.
2986 2460 3078 2515 Ait
3107 2475 3256 2532 ergo:
3294 2459 3497 2527 Quem-

1911 2543 2208 2598 admodum
2255 2546 2436 2615 prima
2496 2547 2717 2618 requies
2750 2564 2859 2603 non
2888 2549 3062 2604 vetuit
3093 2549 3228 2617 quin
3260 2547 3505 2604 secunda

1912 2645 2204 2693 vocaretur
2227 2640 2488 2710 requies:
2531 2640 2608 2695 ita
2655 2656 2835 2712 neque
2890 2641 3132 2698 secunda
3158 2641 3365 2698 vetabit
3399 2649 3510 2696 ter-

1915 2729 2074 2796 tiam,
2098 2745 2292 2799 nempe
2317 2746 2544 2802 regnum
2569 2733 2861 2788 calorum.
2896 2733 3024 2789 Haec
3079 2745 3261 2789 autem
3285 2733 3507 2800 astruit,

1915 2823 2045 2894 quia
2059 2823 2308 2881 dicturus
2332 2837 2410 2882 est
2435 2843 2537 2882 nos
2555 2843 2717 2896 posse
2741 2829 2952 2900 ingredi
2969 2829 3022 2883 in
3039 2830 3282 2899 requiem
3313 2829 3509 2899 ipsius,

1916 2932 1984 2970 ne
2004 2916 2229 2970 audiat:
2261 2919 2426 2988 Atqui
2453 2919 2532 2973 illi
2562 2919 2950 2991 suntingressi
2977 2939 2992 2977 :
3034 2933 3089 2974 et
3124 2921 3342 2976 tandem
3375 2920 3512 2974 dicit

1917 3010 2082 3064 aliam
2143 3026 2270 3066 esse
2301 3013 2566 3082 requiem.
2623 3013 2741 3081 Est,
2795 3014 2993 3083 inquit,
3034 3014 3194 3067 tertia
3265 3013 3506 3082 requies,

1921 3113 2115 3168 nempe
2174 3117 2401 3170 regnum
2441 3103 2732 3160 caelorum.
2798 3105 2874 3161 Et
2917 3103 3118 3159 ibidem
3181 3119 3402 3164 rursus,
3453 3102 3511 3157 Si

1921 3191 2231 3246 introibnnt
2286 3195 2340 3248 in
2415 3195 2659 3265 requiem
2714 3211 2909 3251 meam.
2974 3196 3120 3251 Ecce
3179 3196 3345 3266 igitur
3391 3195 3514 3249 dum:

246 3283 330 3352 λην
373 3259 750 3340 κατάπαυσιν.
827 3286 1005 3352 Ἔστι,
1057 3285 1213 3357 φησι,
1268 3259 1426 3353 τρίτη
1475 3285 1508 3351 ἡ
1566 3279 1815 3351 βασιλεία

1924 3282 2160 3350 requies,
2187 3284 2384 3353 inquit,
2413 3259 2521 3340 una
2553 3285 2776 3356 quidem
2807 3301 2915 3357 qua
2972 3259 3240 3356 requievit
3272 3286 3416 3341 Deus
3447 3285 3516 3339 ab

247 3373 342 3426 τῶν
383 3376 656 3446 οὐρανῶν.
717 3376 828 3429 Καὶ
861 3376 918 3429 ἐν
953 3373 1128 3446 τούτῳ
1189 3373 1386 3438 πάλιν,
1455 3371 1518 3426 Ei
1581 3369 1818 3423 εἰσελεύ-

1928 3373 2217 3442 operibus,
2274 3377 2448 3432 altera
2481 3393 2612 3433 vero
2676 3378 2744 3434 de
2795 3395 2908 3450 qua
2977 3381 3122 3434 dixit
3180 3379 3394 3435 David:
3455 3376 3517 3433 Si

252 3471 532 3533 σονταιείς
564 3467 666 3539 τὴν
697 3467 1042 3522 κατάπαυσίν
1102 3484 1227 3537 μου.
1293 3464 1425 3518 Ἰδοὺ
1487 3458 1601 3525 οὖν,
1663 3460 1818 3532 φησι,

1931 3461 2245 3522 introibnnt
2307 3469 2366 3522 in
2401 3468 2647 3539 requiem
2714 3485 2916 3525 meam.
3056 3531 3059 3534 η

249 3559 330 3615 δύο
384 3562 788 3624 καταπαύσεις.
820 3559 935 3614 Μία
996 3559 1098 3630 μὲν
1123 3557 1254 3613 ἔνθα
1318 3556 1665 3610 κατέπαυσεν
1697 3554 1725 3606 ὁ
1772 3550 1909 3616 Θεὸς
1949 3554 2058 3610 ἀπὸ
2119 3556 2230 3614 τῶν
2324 3559 2528 3633 ἔργων,
2586 3559 2752 3631 ἐτέρα
2774 3561 2854 3629 δὲ,
2926 3563 2959 3634 ή
3009 3562 3118 3617 ἀπὸ
3174 3561 3269 3615 τοῦ
3349 3561 3517 3615 Δαυῖδ

251 3655 516 3726 εἰρημένη,
567 3656 632 3709 Et
679 3653 1077 3708 εἰσελεύσονται
1101 3655 1180 3715 εἰς
1231 3652 1331 3722 τὴν
1355 3646 1698 3705 κατάπαυσίν
1730 3661 1857 3714 μου.

321 3750 476 3804 Ἐπεί
493 3745 613 3804 οὖν
640 3747 1035 3803 ἀπολείπεταί
1066 3761 1234 3810 τινας
1260 3743 1559 3799 εἰσελθεῖν
1602 3745 1690 3809 εις
1713 3744 1826 3797 αὺ-

254 3840 371 3907 τὴν,
395 3841 490 3896 καὶ
545 3844 601 3895 οι
631 3842 925 3910 πρότερον
955 3837 1494 3908 εὐαγγελισθέντες
1531 3840 1643 3893 οὐκ
1695 3839 1828 3894 εισ-

256 3933 427 3999 ἦλθον
459 3935 890 3995 δι’ἀπείθειαν,
917 3931 1110 3987 πάλιν
1159 3932 1294 3986 τινὰ
1368 3932 1543 3998 ὁρίζει
1594 3934 1828 4004 ἡμέραν

258 4027 505 4098 σήμερον
533 4029 605 4083 ἐν
619 4028 802 4082 Δαυτδ
831 4025 1029 4096 λέγων
1050 4026 1201 4096 μετὰ
1228 4023 1528 4079 τοσοῦτον
1575 4029 1826 4097 χρόνον,

259 4123 432 4188 καθὼς
458 4122 711 4190 εἷρηται,
747 4119 1019 4189 Σήμερον
1056 4118 1165 4172 ἐὰν
1209 4115 1322 4184 τῆς
1377 4116 1588 4186 φωνῆς
1637 4119 1826 4174 αὐτοῦ

259 4213 558 4281 ἀκούσητε,
578 4213 667 4283 μὴ
686 4214 1072 4280 σκληρύνητε
1095 4209 1206 4277 τὰς
1252 4210 1506 4279 καρδίας
1536 4209 1724 4279 ὑμῶν.
1754 4215 1826 4266 El

260 4305 358 4371 τὰρ
403 4305 630 4370 αὐτοὺς
690 4304 934 4373 Ἰησοῦς
972 4303 1379 4366 κατέπαυσεν,
1423 4303 1534 4356 οὐκ
1579 4301 1660 4357 ἂν
1695 4304 1833 4373 περὶ

259 4396 436 4465 ἄλλης
459 4398 670 4453 ἐλάλει
696 4399 840 4466 μετὰ
862 4396 1046 4451 ταῦτα
1072 4395 1322 4467 ἡμέρας.
1341 4398 1483 4466 Ἄρα
1509 4396 1828 4452 ἀπολειπει

261 4504 346 4544 ται
361 4489 767 4560 σαϐϐατισμὸς
778 4488 855 4554 τῷ
870 4488 996 4554 λαῷ
1011 4488 1119 4542 τοῦ
1139 4488 1310 4542 Θεοῦ.
1341 4488 1403 4541 '0
1419 4487 1529 4558 γὰρ
1547 4485 1839 4542 εἰσελθὼν

2002 3735 2093 3801 ιν,
2151 3736 2297 3791 5-10.
2345 3736 2915 3809 Posteaquam.igitur
2963 3739 3098 3795 illud
3132 3741 3391 3811 reliquum
3420 3753 3518 3805 es',

1931 3825 2136 3896 aliquos
2158 3828 2381 3882 introire
2413 3829 2466 3882 iu
2493 3846 2632 3893 eam,
2672 3839 2723 3884 et
2751 3829 2943 3900 quibus
2971 3831 3120 3898 prius
3158 3833 3262 3902 fuit
3311 3849 3524 3886 annun-

1929 3919 2124 3971 tiatum
2155 3936 2259 3973 non
2292 3921 2611 3974 introierunt
2644 3931 2860 3991 propter
2890 3924 3357 3989 incredulitatem,
3403 3939 3524 3978 rure

1929 4025 2044 4061 sum
2073 4008 2352 4078 quemdam
2379 4010 2614 4079 pra/init
2649 4010 2788 4064 diem
2823 4011 2978 4065 hodie
3010 4014 3064 4066 in
3099 4013 3290 4078 David,
3345 4014 3523 4069 dicens

1926 4111 2040 4168 post
2071 4109 2278 4155 tantum
2309 4104 2581 4172 temporis,
2609 4103 3062 4174 quemadmodum
3108 4107 3314 4160 dictum
3378 4116 3456 4160 est
3505 4123 3525 4161 :

1925 4190 2100 4246 Hodie
2117 4194 2162 4246 si
2190 4210 2365 4248 vocem
2394 4194 2510 4262 ejus
2528 4197 2828 4262 audieritis,
2861 4214 2924 4252 ne
2942 4198 3208 4252 obduretis
3235 4196 3398 4251 corda
3422 4214 3529 4252 ucs-

1929 4297 2036 4340 tra.
2063 4283 2206 4340 Nam
2221 4287 2267 4340 si
2285 4287 2363 4342 eis
2381 4286 2542 4343 Jesus
2565 4289 2798 4359 requiem
2813 4291 3174 4359 prastitisset,
3197 4305 3529 4360 nequaquam

1931 4381 1994 4455 de
2019 4383 2124 4435 alio
2147 4382 2367 4452 posthac
2397 4384 2483 4440 die
2509 4385 2716 4441 locutus
2742 4385 2948 4456 fuisset.
2987 4386 3175 4457 Itaque
3209 4387 3530 4457 relinquitur

1935 4467 2295 4525 sabbatismus
2331 4471 2526 4542 populo
2573 4473 2690 4528 Dei.
2732 4471 2879 4528 Nam
2913 4475 3003 4546 qui
3043 4475 3314 4544 ingressus
3363 4485 3441 4528 est
3474 4475 3530 4526 in

261 4584 338 4649 εἰς
357 4584 467 4652 τὴν
482 4584 870 4640 κατάπαυσιν
883 4581 1210 4649 αὐτοῦ,έκαὶ
1235 4581 1418 4647 αὐτὸς
1445 4580 1818 4635 κατέπαυσεν

1936 4562 2165 4631 requiem
2219 4563 2392 4630 illius,
2435 4574 2484 4618 et
2529 4565 2641 4635 ipse
2698 4568 2952 4638 requievit
2983 4565 3048 4621 ab
3085 4566 3328 4636 operibus
3393 4567 3530 4632 suis,

263 4673 366 4728 ἀπὸ
389 4675 505 4730 τῶν
519 4677 710 4745 ἔργων
727 4673 933 4741 αὐτοῦ,
953 4672 1155 4742 ὥσπερ
1172 4673 1288 4727 ἀπὸ
1307 4672 1425 4726 τῶν
1441 4671 1604 4726 ἰδίων
1628 4675 1660 4726 ὁ
1679 4672 1840 4737 Θεός.

341 4770 491 4824 Ἐπεὶ
516 4769 612 4824 οὖν
638 4768 914 4839 ὀφείλουσι
952 4785 1100 4832 τινες
1125 4766 1347 4828 πάντως
1376 4764 1664 4832 εἰσελθεῖν,
1697 4765 1844 4817 ἐκεί-

267 4883 337 4919 νοι
365 4867 422 4920 δὲ
447 4868 546 4920 οὐκ
595 4865 848 4935 εἰσῆλθον
883 4866 966 4928 είς
993 4864 1091 4935 τὴν
1133 4863 1230 4932 τῆς
1263 4860 1691 4932 ἐπηγγελμένης
1741 4861 1846 4930 γῆς

269 4959 618 5023 κατάπαυσιν,
679 4958 844 5013 πάλιν
875 4957 1044 5027 ἄλλην
1078 4955 1278 5026 τρίτην
1337 4954 1512 5024 ὁρίζει
1551 4955 1843 5008 κατάπαυ-

272 5068 366 5104 σιν*
409 5052 559 5117 Ἵνα,
632 5051 792 5121 φησι,
889 5049 985 5103 καλ⁸
1039 5049 1119 5108 είς
1181 5047 1353 5118 αὐτὴν
1406 5045 1695 5100 εἰσέλθωσί
1759 5062 1837 5098 τι·

270 5159 370 5210 νες.
407 5144 482 5197 Ού
512 5143 622 5213 γὰρ
649 5143 716 5198 ἂν
762 5141 812 5195 εί
879 5141 954 5212 μὴ
1014 5139 1207 5214 τρίτην
1263 5135 1380 5210 εἶχε
1416 5140 1765 5192 κατάπαυσιν
1816 5138 1846 5190 ὁ

272 5235 414 5299 Θεὸς,
447 5235 659 5306 ἔμελλε,
690 5234 846 5304 φησὶ,
876 5234 1087 5303 λέγειν·
1121 5235 1370 5306 Σήμερον
1421 5232 1518 5285 ἐὰν
1577 5231 1678 5299 τῆς
1728 5247 1844 5300 φω-

274 5326 362 5396 νῆς
389 5328 548 5384 αὑτοῦ
580 5327 884 5399 ἀκούσητε,
939 5325 1406 5398 μὴκσκληρύνητε
1463 5324 1564 5386 τὰς
1618 5321 1844 5392 καρδίας

275 5417 438 5488 ὑμῶν,
469 5419 538 5484 ὠς
572 5419 794 5482 πάντως
833 5415 1005 5488 οὔσης
1037 5415 1461 5479 καταπαύσεως,
1495 5408 1556 5468 οὗ
1615 5411 1700 5464 δεῖ
1738 5413 1846 5464 εἰσ-

275 5510 441 5565 ελθεῖν
471 5515 592 5577 τοὺς
622 5513 698 5584 μὴ
730 5509 1132 5582 σκληρύνοντας
1190 5508 1290 5572 τὰς
1357 5506 1586 5579 καρδίας
1641 5505 1843 5560 αὐτῶν.

289 5600 432 5654 Ἐπεί
458 5619 535 5657 τοι
557 5620 622 5673 γε
652 5600 938 5671 ἀνωφελὴς
971 5600 1038 5654 ἂν
1070 5595 1139 5669 ἦν
1185 5600 1219 5668 ἡ
1258 5596 1496 5668 ὑπακοὴ,
1556 5597 1629 5666 μὴ
1677 5593 1843 5663 οὔσης

281 5694 682 5759 καταπαύσεως.
715 5693 869 5763 Μηδέ
899 5690 1067 5760 οὔσης
1099 5688 1468 5759 ἀντιμισοὶας.
1530 5683 1682 5750 Εἶδες
1729 5683 1846 5746 πῶς

283 5783 640 5837 κατεσκεύασε
667 5800 684 5850 ;
710 5782 803 5852 Μὴ
850 5779 1214 5853 σκληρύνητε,
1252 5778 1338 5832 ἵνα
1362 5817 1376 5842 ,
1425 5774 1611 5848 φησιν,
1674 5773 1847 5826 εἰσέλ-

285 5873 405 5943 θητε
437 5875 509 5940 είς
537 5873 636 5950 τὴν
669 5875 1035 5932 κατάπαυσιν.
1072 5872 1130 5927 Ὀ
1161 5872 1270 5943 γὰρ
1306 5870 1498 5937 εἰπὼν,
1530 5871 1611 5922 ὅτι
1642 5869 1840 5922 ἐκεῖνοι

1945 4653 2390 4723 quemadmodum
2421 4673 2453 4709 a
2476 4657 2589 4711 suis
2616 4657 2778 4714 Deus.

2015 4747 2182 4819 342
2250 4748 2526 4814 Quoniam
2557 4750 2728 4820 igitur
2767 4749 2935 4820 aliqui
2966 4750 3196 4803 omnino
3218 4747 3420 4802 debent
3442 4747 3530 4799 in-

1947 4839 2119 4907 gredi,
2136 4840 2212 4894 illi
2231 4851 2414 4896 autem
2431 4841 2666 4910 ingressi
2685 4856 2795 4896 non
2825 4852 2955 4897 sunt
2982 4842 3036 4896 in
3059 4841 3344 4912 promissa
3372 4849 3534 4894 terra:

1947 4933 2221 5005 requiem,
2280 4935 2443 4988 aliam
2487 4951 2708 4990 rursum
2753 4935 2944 4988 deﬁnit
2995 4935 3212 4989 tertiam
3266 4933 3535 5001 requiem,

1948 5036 2007 5081 ut
2037 5028 2090 5082 in
2125 5028 2326 5098 ipsam,
2350 5028 2552 5098 inquit,
2580 5028 2742 5084 etiam
2775 5029 2946 5098 aliqui
2981 5027 3382 5098 ingrediantur.
3415 5022 3537 5079 Nisi

1944 5117 2091 5172 enim
2125 5115 2270 5172 Deus
2310 5119 2528 5172 tertiam
2591 5117 2820 5173 haberet
2854 5119 3127 5188 requiem,
3191 5130 3536 5187 nequaquam
3571 5171 3576 5187 ι

1947 5211 2203 5266 dicturus
2248 5223 2405 5266 erat:
2439 5209 2613 5267 Hodie
2645 5211 2690 5266 si
2733 5225 2924 5266 vocem
2983 5211 3102 5279 ejus
3129 5210 3438 5273 audieritis,
3472 5223 3539 5263 ne

1949 5307 2238 5363 obduretis
2281 5304 2448 5360 corda
2478 5312 2664 5359 vestra
2697 5321 2711 5358 :
2748 5303 2823 5360 ita
2857 5310 2918 5358 ut
2947 5302 3176 5358 omnino
3211 5301 3283 5356 sit
3317 5301 3538 5368 requies

1950 5403 2004 5457 iu
2046 5418 2209 5473 quam
2246 5407 2500 5470 oporteat
2548 5413 2644 5454 eos
2701 5395 2942 5466 ingredi,
2978 5395 3070 5464 qui
3116 5410 3224 5448 non
3259 5393 3538 5447 obduraut

1948 5492 2293 5548 corda‘sua.
2345 5488 2804 5560 Quandoquidem
2863 5485 3076 5541 inutilis
3136 5485 3362 5538 omnino
3390 5492 3539 5538 esset

1949 5585 2290 5648 obedientia,
2327 5585 2372 5640 si
2418 5599 2528 5640 non
2563 5591 2709 5639 esset
2737 5580 2960 5650 requies
2995 5592 3174 5645 neque
3215 5590 3537 5630 remunera-

1952 5679 2046 5732 tio.
2081 5676 2279 5732 Vidisti
2337 5675 2615 5746 quomodo
2646 5669 3049 5728 conﬁrmaverit
3077 5667 3102 5722 ?
3127 5664 3204 5720 Ne
3255 5664 3539 5720 obduretis

1952 5781 2008 5824 ut
2035 5767 2444 5840 ingrediaiuini,
2489 5765 2689 5835 inquit,
2746 5764 2802 5817 in
2838 5760 3105 5830 requiem.
3139 5755 3420 5827 Siquidem
3455 5755 3539 5810 die

1950 5864 2124 5921 cendo
2158 5859 2304 5935 quod
2363 5860 2457 5932 qui
2493 5858 2838 5915 obdurarunt
2896 5869 2998 5910 non
3020 5861 3148 5908 sunt
3196 5848 3432 5922 ingressi
3478 5848 3535 5905 in
