3988 6616
223 392 324 458 317
1249 392 1640 454 COMMENT.
1679 391 1764 455 IN
1801 393 2038 454 EPIST.
2079 392 2180 454 AD
2218 393 2450 453 HEBR.
3377 387 3486 454 318

222 511 296 576 «ιῷ
323 508 475 577 αὐτῷ
498 509 610 570 τοῖς
659 507 1047 580 Ἰσραηλίταις.
1077 508 1288 582 Ὠσπερ
1313 508 1421 580 γὰρ
1452 503 1620 573 οῦτοι,
1653 508 1797 581 φησὶ.

1920 509 2089 580 plum.
2125 529 2146 564 ι
2191 509 2295 564 Per
2328 508 2495 575 idem,
2527 523 2653 563 cum
2682 506 2969 564 lsraelitis.
3017 505 3495 574 Quemadmodum

221 602 280 652 τὸ
323 598 491 652 πλέον
538 585 987 670 ἀνύσαντες”τῆς
1046 600 1107 652 ὲν
1147 603 1214 672 τῇ
1259 602 1456 673 ἐρήμῳ
1516 601 1660 662 ὁδοῦ,
1713 600 1796 656 τοί

1925 604 2058 658 enim
2086 603 2137 657 hi
2167 617 2289 657 enm
2321 600 2585 673 majorem
2616 603 2715 656 vim:
2740 611 2958 671 partem
2984 600 3039 656 in
3071 616 3257 656 eremo
3289 609 3500 658 emensi

222 693 422 752 παντὸς
449 692 708 757 ἐξέπεσον
734 693 824 748 διὰ
851 693 954 763 τὴν
993 695 1277 758 ἀπιστίαν,
1306 695 1381 766 μή
1410 711 1494 759 τις
1539 697 1597 762 ἐξ
1630 695 1797 766 ὑμῶν,

1926 705 2122 758 essent,
2149 695 2217 749 ab
2241 695 2390 748 omni
2436 693 2728 750 commodo
2762 693 3090 772 exciderunt
3121 708 3219 764 per
3246 694 3501 749 incredu-

222 788 376 857 φησι,
403 784 478 853 τῷ
504 785 606 855 ίσῳ
629 786 816 856 τρόπῳ
833 785 929 840 καὶ
961 786 1342 856 ὑποδείγματι,
1370 787 1508 856 μετὰ
1523 787 1797 850 τοσούτους

1922 786 2330 859 litatem.3u
2365 803 2432 843 ne
2464 787 2590 858 quis
2619 803 2684 840 ex
2743 786 2898 841 vobis
2952 785 3150 855 aequali
3201 784 3365 839 modo
3413 787 3497 841 vel

221 874 309 939 οὓς
329 877 625 943 ὑπέμεινεν
647 879 890 947 ἀγῶνας,
910 880 1075 952 πέσῃ,
1101 880 1175 951 μή
1197 879 1325 950 ἄχρι
1347 879 1536 944 τέλους
1551 880 1796 951 ἀνδρισά-

1925 881 2164 950 exemplo
2185 889 2305 951 post
2336 888 2485 934 tanta
2508 895 2629 948 qua:
2660 879 2884 950 pertulit
2912 878 3212 934 certamina
3245 878 3500 933 concidat

226 987 404 1038 μενος.
427 989 444 1022 ι
463 972 583 1025 Ζῶν
598 973 710 1044 γὰρ
735 975 763 1026 ὁ
793 973 950 1041 λόγος
976 972 1068 1026 τοῦ
1089 972 1245 1028 Θεοῦ.
1269 993 1287 1026 ι
1323 972 1606 1027 Δείκνυσιν
1626 974 1801 1044 ἡρέμα

1926 988 2023 1026 non
2053 987 2223 1043 agens
2250 988 2422 1041 usque
2453 973 2519 1026 ad
2567 971 2727 1026 tinem
2788 971 3038 1026 viriliter.
3110 988 3129 1021 ι
3162 969 3362 1027 Vivens
3414 978 3501 1026 est

223 1060 312 1111 καὶ
341 1062 408 1114 τά
434 1062 579 1116 κατὰ
607 1062 699 1116 τὸν
718 1061 938 1134 Ἰσραὴλ
955 1062 1046 1115 τδν
1064 1063 1299 1131 Χριστὸν
1324 1063 1684 1133 πεποιηκότα,
1710 1066 1798 1116 οὐκ

1926 1067 2056 1120 enim
2116 1081 2300 1122 sermo
2351 1064 2472 1120 Dei.
2517 1084 2535 1116 ι
2592 1062 2848 1120 Ostendit
2901 1063 3108 1120 sensim
3171 1077 3236 1118 ea
3282 1078 3501 1133 quoque

220 1149 396 1206 ἄλλον.
451 1151 574 1209 Ζῶν
612 1158 724 1225 γάρ
757 1155 896 1217 ἐστι,
934 1154 1090 1225 φησὶ,
1134 1157 1229 1209 καὶ
1261 1155 1585 1227 ζήσεταιείς
1615 1156 1795 1210 αἰῶνα.

1924 1159 2191 1214 Christum
2227 1168 2281 1214 et
2303 1175 2409 1212 non
2445 1158 2616 1212 alium
2644 1155 3140 1227 operatum'fuisse
3201 1171 3325 1226 qua:
3353 1157 3499 1210 circa

226 1241 404 1296 Ἰναδὲ
435 1247 514 1315 μὴ
545 1246 843 1316 νομίσωσιν
865 1247 1225 1312 ἐκπίπτοντες
1253 1247 1350 1301 καὶ
1379 1246 1801 1319 παροργίζοντες

1924 1250 2056 1306 filios
2087 1250 2254 1306 Israel
2320 1251 2691 1321 contigerunt.
2722 1247 2858 1303 Nam
2921 1247 3110 1303 vivens
3150 1257 3257 1310 est,
3299 1247 3499 1316 inquit,

223 1335 308 1389 τδν
355 1338 620 1405 Χριστὸν,
675 1340 782 1408 γῆς
831 1340 1230 1410 ἀποτυγχάνειν
1281 1341 1472 1412 ὥσπερ
1519 1343 1568 1394 oi
1614 1341 1798 1406 ’πάλαι1

2036 1347 2143 1398 ivct
2181 1343 2236 1396 in
2269 1342 2490 1397 saecula.
2520 1339 2599 1396 Ne
2625 1349 2806 1395 autem
2835 1340 3152 1396 eristiment
3173 1339 3500 1410 delinquen-

226 1426 599 1499 φοϐερώτερον
629 1433 865 1485 ποιεῖται
886 1434 950 1484 τὸ
977 1432 1233 1503 πρᾶγμα.
1274 1451 1293 1486 ι
1339 1434 1446 1487 Καὶ
1496 1432 1801 1506 τομώτερος

1922 1441 2016 1496 tes,
2040 1443 2093 1486 et
2127 1433 2406 1488 irritantes
2437 1430 2740 1492 Christum.
2781 1438 2942 1485 ’terra
2997 1430 3175 1487 solum
3201 1427 3497 1483 ‘t‘rustrari

225 1520 353 1587 ὑπὲρ
404 1523 590 1576 πᾶσαν
651 1524 928 1595 μάχαιραν
963 1525 1236 1592 δίστομον.
1273 1545 1294 1579 ι
1357 1527 1478 1582 Ἰνα
1538 1528 1613 1598 μὴ
1648 1526 1800 1594 λόγον

1921 1525 2370 1596 quemadmodum
2427 1534 2661 1586 veteres,
2716 1522 3016 1577 terribilius
3087 1521 3238 1576 addit
3265 1519 3496 1574 factum.

223 1613 574 1680 ἀκούσαντες,
625 1615 792 1687 μηδὲν
836 1617 1070 1688 φοϐερὸν
1135 1617 1577 1680 ύποπτεύσωσιν,
1636 1617 1798 1685 ἐπεξ-

1924 1637 1934 1672 ι
1985 1616 2050 1670 Ει
2080 1617 2472 1686 penetrabilior
2510 1616 2708 1686 quovis
2739 1615 2921 1686 gladio
2952 1614 3214 1685 utrinque
3249 1611 3499 1668 inciden-

223 1708 428 1775 ηγεῖται
461 1708 527 1760 τὸ
553 1708 870 1780 εἰρημένον,
903 1710 1011 1763 τῶν
1039 1710 1170 1782 παρ’
1194 1711 1326 1781 ἡμῖν
1349 1709 1564 1781 δεηθεὶς
1592 1710 1798 1764 ὑποδει-

1923 1729 1982 1769 .e.
2032 1732 2051 1764 ι
2098 1711 2167 1768 Ut
2199 1711 2290 1783 qui
2318 1727 2630 1767 sermonem
2660 1727 2770 1766 non
2821 1709 3141 1774 audiebant,
3194 1707 3498 1761 terribilius

222 1799 457 1867 γμάτων.
487 1799 566 1854 Οὐ
601 1802 710 1872 γὰρ
740 1801 917 1864 ἄλλως
946 1797 1016 1873 ἦν
1045 1802 1358 1873 γνωσθῆναι
1387 1803 1446 1856 τὸ
1481 1803 1797 1873 λεγόμενον·

1922 1806 2116 1876 aliquid
2168 1804 2553 1870 formidarent,
2606 1802 2870 1872 exprimit
2919 1798 3065 1872 quod
3122 1799 3331 1853 dictum
3390 1808 3497 1858 est,

231 1861 396 1963 ίῨπὲρ
444 1861 636 1948 πᾶσαν
663 1861 690 1961 ,’
741 1861 914 1965 φησι,
955 1861 1568 1966 μάχαιραν’δίστομον;
1613 1861 1640 1948 ἰ
1692 1896 1802 1950 Καὶ

1919 1898 2174 1966 adaptatis
2207 1896 2456 1966 exempla
2480 1912 2601 1966 qua:
2631 1893 2775 1964 apud
2806 1910 2907 1950 nos
2933 1902 3064 1948 sunt
3095 1911 3109 1949 :
3145 1908 3323 1960 neque
3349 1891 3494 1945 enim

221 1985 586 2054 διικνούμενος
611 1989 739 2066 ἄχρι
774 1989 1050 2060 μερισμοῦ
1090 1988 1270 2060 ψυχῆς
1314 2005 1374 2042 τε
1406 1989 1502 2042 καὶ
1549 1988 1796 2060 πνεύμα-

1923 1989 2018 2043 ilio
2050 1987 2213 2043 modo
2247 1995 2434 2059 posset
2512 1985 2742 2056 intelligi
2805 1982 2951 2057 quod
3014 1983 3236 2049 dicitur,
3292 1977 3498 2047 Qnovis

219 2092 322 2138 τος.
372 2097 392 2129 ι
435 2077 498 2130 Ὅ
525 2081 584 2132 ὲν
619 2080 799 2148 ἁγίοις
838 2079 1109 2149 Κύριλλος
1159 2082 1217 2133 ὲν
1263 2080 1563 2150 προσφόρῳ
1612 2079 1794 2152 χωρίῳ

1923 2081 2089 2153 gladio
2129 2083 2390 2150 utrinque
2439 2079 2734 2135 incidente.
2777 2097 2796 2130 ι
2833 2078 2911 2132 Ac
2950 2076 3270 2147 pertingens
3322 2088 3498 2133 usque

221 2165 306 2216 καὶ
321 2164 497 2230 οὕτως
527 2167 747 2234 ἐδέξατο
776 2169 857 2231 τὺ,
913 2169 1300 2240 Διικνούμενος
1341 2171 1471 2241 ἄχρι
1525 2171 1796 2241 μερισμοῦ

1920 2174 1974 2229 ιι]
1997 2163 2330 2230 divisionem
2363 2172 2561 2228 anima‘
2582 2172 2750 2228 simul
2790 2187 2855 2224 ac
2905 2169 3163 2239 spiritus.
3206 2187 3224 2218 ι
3296 2165 3495 2219 Beatus

220 2255 385 2326 ψυχῆς
415 2274 476 2311 τε
512 2261 608 2312 καὶ
637 2259 970 2331 πνεύματος·
992 2261 1064 2316 Τὸ
1085 2262 1215 2333 περὶ
1239 2261 1333 2316 τοῦ
1360 2263 1496 2317 Θεοῦ
1529 2264 1795 2334 κήρυγμα

1923 2265 2146 2338 Syrillus
2179 2277 2336 2322 certo
2373 2265 2612 2335 quodam
2677 2265 2800 2320 loco
2863 2263 2943 2317 ita
3001 2276 3222 2332 quoque
3282 2259 3498 2328 accepit

221 2347 426 2417 διαιρεῖ,
461 2351 620 2421 φησὶ,
655 2353 750 2406 καὶ
779 2353 992 2425 μερίζει
1029 2354 1100 2410 τὰ
1139 2355 1242 2426 τῆς
1277 2355 1460 2427 ψυχῆς
1500 2355 1667 2428 μέρη,
1714 2357 1796 2411 δε-

1922 2358 2231 2429 Pertingens
2265 2373 2438 2427 usque
2496 2357 2562 2411 ad
2597 2357 2920 2413 divisionem
2979 2354 3176 2409 anima:
3225 2350 3389 2406 simul
3431 2363 3497 2404 ac

222 2441 402 2512 κτικήν
433 2444 607 2498 ποιῶν
641 2445 741 2499 καὶ
777 2447 1094 2519 χωρητικὴν
1129 2447 1237 2502 τῶν
1285 2449 1661 2520 ἀκουομένων.
1725 2452 1797 2504 ’Ἡ

1924 2451 2138 2522 ῳίτὶιυε
2169 2470 2182 2506 :
2214 2450 2562 2518 Praedicatio,
2625 2450 2826 2521 inquit,
2860 2448 2928 2504 de
2950 2448 3061 2503 Deo
3096 2445 3288 2500 dividit
3315 2459 3380 2498 ac
3408 2460 3499 2499 se-

224 2537 295 2589 ὅτι
309 2537 401 2590 καὶ
421 2538 607 2592 αὐτῶν
624 2540 987 2609 καθικνεῖται,
1020 2544 1179 2614 φησί,
1207 2541 1316 2597 τῶν
1336 2544 1671 2613 ἀσωμάτων,
1700 2547 1798 2600 καὶ

1922 2553 2064 2612 )arat
2091 2543 2286 2598 animae
2319 2553 2526 2613 partes,
2563 2543 2803 2611 amplam
2839 2556 2960 2598 eam
2994 2539 3232 2595 redde-ns
3255 2547 3308 2591 et
3331 2551 3497 2606 capa-

224 2627 388 2700 ψυχήν
432 2630 675 2696 κολάζει.
740 2633 812 2686 Ἦ
867 2633 950 2686 ὅτι
983 2634 1253 2706 μερισμὸν
1287 2635 1584 2706 ἐργάζεται
1611 2635 1796 2707 ψυχῆς

1921 2652 2020 2692 rem
2069 2651 2260 2692 eorum
2324 2651 2448 2707 quae
2508 2635 2827 2692 audiuntur.
2883 2638 2990 2688 Aut
3044 2631 3194 2702 quod
3255 2629 3322 2684 ad
3376 2629 3496 2699 ipsa

224 2723 306 2774 καὶ
327 2723 663 2791 πνεύματος.
701 2725 773 2780 '0
799 2727 914 2779 ἐστι
954 2725 1206 2796 φοὸερόν.
1234 2755 1307 2768 -
1360 2729 1620 2794 Ἄλλως.
1674 2728 1796 2800 [Ol-

1917 2743 2124 2798 ]uoque
2183 2729 2512 2798 incorporea
2547 2727 2842 2798 pertingat,
2868 2734 2924 2780 et
2970 2726 3208 2780 animam
3259 2721 3492 2794 puniat:

222 2813 676 2890 KOTMENIOTJ
691 2817 802 2888 Τὴν
821 2819 876 2872 έν
891 2820 1002 2881 τοῖς
1021 2819 1374 2888 Εὑαγγελίοις
1391 2819 1616 2874 ἀπειλου
1623 2822 1794 2894 μένην

1916 2831 1996 2876 λιιι
2043 2821 2192 2890 quod
2217 2821 2550 2876 divisionem
2572 2833 2834 2891 operetur
2880 2821 3079 2875 anima:
3121 2833 3186 2870 ac
3238 2816 3491 2886 spiritus.

221 2903 521 2977 διχοτομίαν
571 2909 621 2962 oi
679 2908 924 2981 Πατέρες
957 2910 1246 2974 ἐξέδωκαν.
1287 2912 1387 2981 τὴν
1432 2911 1646 2966 τελείαν
1699 2915 1794 2968 τοῦ

1915 2911 2046 2980 quod
2109 2911 2454 2966 tremendum
2515 2917 2718 2974 est,——
2769 2910 2877 2963 alio
2937 2909 3116 2964 modo.
3157 2906 3490 2960 Divisioncm

225 2997 371 3064 ἁγίου
403 2999 725 3070 Πνεύματος
759 3002 1174 3072 ἐγκατάλειψιν.
1219 3003 1496 3074 Ἦγοῦμαι
1545 3005 1640 3060 οὖν
1699 3006 1796 3060 νῦν

1920 3018 2064 3073 tuam
2087 3000 2380 3074 Evangelia
2409 3000 2843 3064 comminantur,
2865 2999 3253 3055 intellexerunt
3304 2997 3495 3052 Patres

224 3089 366 3144 τοῦτο
386 3091 664 3163 εἰρῆσθαι,
698 3095 781 3148 ὅτι
811 3095 1091 3166 χωρισμὸν
1132 3096 1428 3167 ἐργάζεται
1483 3097 1578 3151 τοῦ
1633 3099 1792 3168 ἁγίου

1916 3095 2203 3166 perfectam
2267 3093 2507 3164 Spiritus
2577 3094 2754 3148 sancti
2811 3093 3206 3148 desertionem.
3236 3091 3491 3144 Arbitror

226 3182 551 3252 Πνεύματος,
584 3185 682 3237 καὶ
709 3187 1026 3258 ἀφαιρεῖται
1051 3187 1183 3240 αὐτὸ
1203 3187 1313 3241 ἀπὸ
1338 3189 1439 3258 τῆς
1472 3187 1670 3260 ψυχῆς.
1719 3183 1793 3244 Οὗ

1910 3190 2066 3257 igitur
2095 3189 2200 3243 hoc
2231 3203 2380 3243 nunc
2407 3185 2616 3242 dictum
2681 3201 2827 3250 esse,
2878 3185 3026 3256 quod
3077 3184 3485 3254 separationem

223 3276 518 3346 γενομένου,
545 3278 724 3332 πάντα
749 3277 934 3333 λοιπὸν
965 3278 1154 3350 ἕψεται
1213 3281 1278 3333 τὰ
1327 3281 1528 3350 ἀγαθά.
1596 3299 1616 3334 ε
1661 3281 1787 3352 Ἀρ-

1910 3288 2152 3351 )peretur
2185 3279 2427 3348 Spiritus
2454 3279 2654 3342 sancti,
2693 3278 2983 3348 ipsumque
3012 3275 3080 3329 ab
3141 3275 3324 3328 anima
3384 3288 3485 3326 atu-

227 3365 330 3435 μῶν
357 3369 522 3420 τεκαὶ
557 3369 796 3437 μυελῶν.
827 3390 845 3422 ι
882 3370 1067 3424 Εἰπὼν
1089 3370 1158 3423 τά
1200 3371 1490 3440 ἀσώματα.
1543 3369 1666 3426 εἷπε
1695 3371 1792 3427 καὶ

1917 3381 2058 3438 erat,
2083 3386 2194 3442 quo
2231 3370 2378 3427 facto
2407 3371 2591 3426 omnia
2635 3367 2897 3439 deinceps
2921 3375 3223 3436 sequentur
3251 3375 3305 3422 et
3339 3363 3492 3420 anfe-

223 3458 282 3510 τά
302 3461 607 3528 σωματικά.
652 3479 672 3513 ε
711 3461 820 3514 Καὶ
872 3462 1120 3530 κριτικὸς
1168 3463 1544 3533 ἐνθυμήσεων.
1585 3483 1603 3515 ι
1663 3465 1793 3518 Δια-

1908 3473 2085 3520 ·οιιιιιι·
2128 3467 2294 3523 bona.
2360 3462 2864 3537 «Compagumque
2925 3473 2978 3517 et
3038 3459 3424 3516 medullarum.
3460 3473 3483 3510 ι

225 3553 388 3620 κρῖναι
414 3553 510 3607 aut
564 3554 855 3625 ἀνακρῖναι
892 3553 1096 3624 ἰσχύων
1131 3557 1225 3608 καὶ
1282 3554 1381 3616 τάς
1440 3555 1788 3627 ἐνθυμήσεις,

1911 3555 2003 3614 Ubi
2037 3560 2367 3628 incorporea
2421 3556 2676 3621 dixisset,
2729 3557 2897 3612 etiam
2962 3568 3231 3624 corporea
3277 3550 3486 3606 retulit.

226 3647 586 3714 qq:‘tv,a.t'i-ct'z;
636 3649 732 3702 καὶ
791 3648 890 3712 τάς
933 3649 1162 3716 ἀφανεῖς
1219 3650 1430 3711 ἑννοίας
1493 3650 1590 3718 τῆς
1651 3667 1790 3720 καρ-

1923 3669 1944 3702 ι
1982 3651 2043 3705 Et
2071 3651 2347 3706 discretor
2375 3649 2802 3721 cogitationum.
2835 3667 2854 3701 ι
2913 3647 3235 3701 Discernere
3295 3658 3357 3696 ac
3399 3643 3486 3698 di-

226 3734 344 3801 δίας.
404 3757 422 3790 ι
450 3740 561 3791 Καὶ
611 3739 714 3792 οὐκ
761 3739 878 3792 εστι
914 3739 1094 3803 κτίσις
1127 3739 1342 3812 ἀφανής
1393 3740 1626 3795 ἐνώπιον
1689 3744 1791 3796 αύ-

1916 3744 2134 3799 udicare
2181 3750 2375 3814 potens
2407 3741 2558 3814 ipsas
2584 3757 2806 3811 quoque
2863 3740 3225 3813 cogitationes
3261 3746 3316 3793 et
3343 3734 3487 3792 mvi-

226 3830 328 3884 τοῦ.
364 3848 382 3882 ι
417 3832 482 3884 Τί
508 3832 567 3885 δὲ
605 3832 771 3900 λέγω,
814 3832 1002 3905 φησὶν,
1050 3833 1416 3905 άνθρώπους;
1477 3835 1612 3890 Οὐδὲ
1651 3836 1788 3910 άλλη

1919 3834 2080 3890 ibiles
2107 3833 2293 3889 cordis
2325 3833 2578 3888 notitias.
2615 3851 2633 3884 ι
2667 3831 2780 3887 Nec
2809 3838 2893 3886 est
2925 3832 3035 3885 nlla
3071 3841 3326 3885 creatura
3364 3843 3488 3898 quae

229 3924 315 3991 μὲν
337 3921 427 3979 οὖν
453 3925 630 3989 κτίσις
658 3925 994 3998 διαλαθείνῆ
1027 3927 1299 3999 κρυϐῆναι
1336 3927 1512 3998 ίσχύει
1543 3929 1651 3984 ἀπὸ
1690 3931 1788 3985 τοῦ

1910 3941 1998 3981 ton
2035 3925 2328 3980 manifesta
2356 3925 2431 3981 sit
2453 3925 2508 3981 in
2537 3932 2837 3995 conspectu
2871 3923 3040 3978 illius.
3079 3942 3098 3974 ι
3135 3920 3275 3990 Quid
3299 3929 3485 3976 autem

227 4013 505 4086 ἀκοιμήτου
555 4015 774 4068 ἐκείνου
797 4016 1107 4096 ὀφθαλμοῦ,
1129 4017 1234 4072 κᾶν
1261 4018 1546 4088 ἀγγέλους,
1599 4024 1784 4091 φησιν,

1904 4023 2012 4078 lico
2044 4022 2324 4088 homines,
2360 4019 2728 4091 inquitiNec
2787 4019 2893 4074 alia
2946 4020 3156 4089 quaevis
3220 4027 3479 4074 creatura

227 4104 388 4176 είπῃς,
415 4107 516 4160 κάν
546 4107 882 4186 Χερουϐεὶμ,
908 4108 1013 4163 κάν
1056 4110 1357 4182 Σεραφείμ.
1414 4130 1433 4164 ι
1465 4113 1650 4166 Πάντα
1691 4130 1792 4182 γυο

1911 4125 2061 4170 atere
2084 4114 2473 4169 autoccultari
2497 4122 2683 4186 potest
2717 4119 2786 4168 ab
2845 4113 2939 4167 illo
2994 4112 3244 4184 pervigili
3296 4111 3482 4180 oculo,

229 4198 340 4263 μνά.
379 4216 396 4250 ι
465 4199 634 4252 Οὐδέν
698 4200 836 4266 ἐστι,
895 4201 1083 4271 φησὶν,
1136 4201 1376 4256 ὃλαθεῖν
1421 4203 1645 4258 δύναται
1688 4205 1788 4276 τὴν

1904 4207 2005 4262 sive
2027 4206 2250 4276 angelos
2273 4205 2447 4269 dicas,
2484 4205 2599 4261 sive
2621 4204 2943 4268 Cberubim.
2995 4204 3112 4260 sive
3164 4201 3479 4274 Seraphim.

227 4287 506 4361 ἔποπτικὴν
531 4290 763 4360 δύναμιν
789 4292 884 4346 τοῦ
911 4293 1174 4364 Χριστοῦ.
1208 4296 1397 4350 Πάντα
1422 4297 1606 4365 γυμνά
1654 4297 1788 4367 παρ’

1907 4319 1913 4352 ι
1949 4298 2145 4356 Omnia
2172 4300 2343 4355 nuda.
2377 4319 2396 4352 ι
2431 4299 2582 4356 Nihil
2605 4309 2694 4356 est
2745 4297 2892 4371 quod
2937 4298 3110 4354 latere
3143 4297 3321 4370 possit
3369 4298 3482 4354 ins-

226 4382 374 4452 αὐτῷ,
412 4385 506 4438 καὶ
529 4384 710 4438 οὐδενὶ
742 4379 1176 4459 προκαλύμματι
1221 4388 1255 4460 ἢ
1312 4390 1644 4461 προσωπείῳ
1704 4407 1788 4457 τις

1907 4396 2160 4450 ιεοιίνοηι
2209 4393 2419 4450 Christi
2485 4394 2807 4465 potentiam.
2860 4392 3060 4448 Omnia
3119 4392 3266 4448 nuda
3347 4401 3482 4448 sunt

227 4476 400 4530 ἑαυτὸν
424 4477 733 4548 ύποκλέψαι
762 4479 984 4535 δύναται
1033 4481 1143 4541 τῶν
1190 4481 1487 4553 ὀφθαλμῶν
1535 4484 1783 4541 ἐκείνων.

1903 4487 2033 4557 apud
2092 4486 2295 4556 ipsum,
2357 4488 2620 4557 nulloque
2674 4497 2991 4556 tegumento
3067 4494 3164 4540 aut
3240 4500 3478 4558 persona

231 4566 733 4637 Τετραχηλισμένιι
789 4568 848 4622 δέ
896 4587 1031 4642 φησι
1057 4571 1126 4625 τά
1189 4572 1395 4643 γυμνά,
1450 4573 1560 4628 ἀπὸ
1613 4591 1781 4645 μετα-

1899 4587 2067 4649 potest
2096 4579 2370 4650 quispiam
2423 4581 2666 4650 seipsum
2703 4579 2986 4636 occultare
3015 4579 3084 4635 ab
3121 4579 3231 4634 illis
3277 4578 3474 4635 oculis.

228 4661 380 4728 φορᾶς
432 4660 540 4716 τῶν
576 4660 869 4733 προΰάτων
921 4664 1031 4717 τῶν
1085 4666 1149 4718 ὲκ
1171 4664 1267 4719 τοῦ
1294 4665 1570 4738 τραχήλου
1605 4669 1782 4740 ἢρτη-

1900 4671 2362 4743 ιετραχηλισμένα
2433 4681 2615 4728 autem
2662 4671 2796 4728 dicit
2866 4672 3035 4739 nuda,
3079 4687 3108 4725 a
3152 4673 3475 4740 metaphora

231 4750 388 4817 μένων
413 4755 507 4808 καὶ
535 4755 988 4826 γεγυμνωμένων
1014 4757 1111 4827 τῆς
1137 4757 1322 4826 δορᾶς.
1372 4759 1439 4813 Ἥ
1490 4760 1552 4813 τὸ
1573 4761 1783 4831 Τετρα-

1903 4762 2050 4836 345
2084 4764 2268 4819 ovium
2303 4781 2424 4835 qua:
2452 4780 2480 4818 a
2513 4766 2657 4820 collo
2707 4765 2998 4822 excoriatte
3051 4776 3183 4822 sunt
3233 4776 3287 4821 et
3337 4766 3478 4836 pelle

227 4841 528 4913 χηλισμένα,
560 4846 688 4898 ἀντί
712 4844 804 4899 τοῦ
842 4847 1004 4901 Κάτω
1045 4846 1342 4914 κόπτοντα,
1389 4849 1485 4912 καὶ
1521 4849 1613 4903 τὸν
1644 4851 1778 4921 τρά-

1898 4854 2128 4908 nudatae.
2176 4854 2286 4909 Aut
2321 4853 2796 4926 τετραχηλισμένα
2858 4854 2965 4910 hoc
3025 4865 3128 4919 est,
3212 4856 3473 4912 deorsum

228 4933 364 5001 χήλον
380 4937 746 5001 ἑπικλίνοντα,
766 4937 854 4992 διά
877 4939 940 4991 τὸ
969 4937 1044 5010 μὴ
1070 4940 1276 5010 ίσχύειν
1298 4942 1544 4995 ἀτενίσαι
1562 4945 1627 5014 τῇ
1651 4943 1779 5016 δόξῃ

1898 4947 2296 5016 prospectantia
2326 4955 2380 5002 et
2414 4948 2560 5001 collo
2603 4947 2895 5012 inclinata,
2931 4963 2999 5004 eo
3025 4949 3306 5018 quodnon
3344 4964 3473 5019 pos-

225 5022 383 5113 ίκείνῃ
431 5027 522 5081 τοῦ
550 5027 790 5098 Χριστοῦ
835 5031 930 5084 καὶ
972 5029 1106 5084 Θεοῦ
1143 5031 1298 5103 ὑμῶν
1332 5032 1532 5103 Ἰησοῦ.
1577 5053 1595 5086 ι
1633 5035 1777 5106 Πρὸς

1896 5040 2001 5092 sint
2032 5039 2086 5092 in
2115 5039 2576 5095 illam‘inteudere
2601 5040 2828 5110 gloriam
2870 5040 3075 5113 judicis
3098 5052 3151 5097 et
3175 5041 3269 5098 Dei
3298 5042 3471 5097 nostri

224 5111 274 5205 ζον
299 5116 458 5187 ὑμίνὸ
489 5119 672 5189 λόγος.
704 5139 723 5174 ›
757 5121 940 5192 Αὐτῷ,
966 5122 1153 5192 φησὶν,
1210 5123 1408 5195 ἔχομεν
1433 5126 1618 5180 δοῦναι
1680 5129 1774 5180 εύ-

1980 5146 2012 5184 u
2035 5129 2264 5186 Christi.
2294 5149 2313 5182 ι
2351 5130 2431 5186 Ad
2457 5147 2620 5201 quem
2686 5133 2845 5190 nobis
2874 5111 2883 5113 ἡ
2909 5145 2992 5190 est
3043 5150 3246 5198 sermo,
3285 5154 3305 5188 ι
3341 5135 3471 5205 Ipsi,
3552 5137 3555 5146 '

227 5203 368 5271 θύνας
387 5212 491 5264 τῶν
523 5214 953 5284 πεπραγμένων,
976 5214 1072 5268 καὶ
1104 5215 1242 5286 πρὸς
1264 5216 1424 5270 αὐτὸν
1451 5216 1648 5288 ἔγομεν
1674 5219 1773 5292 τήν

1904 5225 2083 5292 nquit,
2137 5223 2402 5280 debemus
2468 5233 2715 5281 actorum
2779 5225 3008 5281 reddere
3076 5228 3369 5292 rationem,
3419 5234 3473 5283 et

224 5300 488 5373 ἀπολογίαν
516 5306 654 5378 πρὸς
683 5305 744 5360 ὃν
776 5307 873 5362 καὶ
903 5309 932 5362 ὁ
969 5307 1148 5376 λόγος.

1892 5315 2024 5386 apud
2055 5317 2232 5386 ipsum
2269 5318 2604 5388 respondere
2642 5320 2930 5387 debemus,
2963 5321 3034 5376 ad
3092 5335 3253 5392 quem
3301 5320 3467 5378 etiam

1882 5424 2066 5465 sermo
2096 5410 2258 5465 nobis
2277 5417 2383 5466 est.

264 5571 276 5587 .
288 5481 547 5552 Ἔχοντες
557 5481 674 5542 οὖν
689 5485 972 5557 ἀρχιερέα
989 5488 1184 5560 μέγαν
1199 5490 1603 5561 διεληλυθότα
1632 5495 1774 5564 τοὺς

1955 5498 2042 5566 IV,
2085 5501 2273 5558 14-16.
2321 5503 2584 5560 Habentes
2631 5507 2797 5577 igitur
2841 5510 3141 5578 pontiﬁcem
3193 5525 3466 5580 magnum,

225 5577 509 5665 οῇρανοὺς,
548 5578 794 5648 Ἰησοῦν
814 5581 922 5635 τὸν
954 5582 1094 5636 Υίὸν
1121 5583 1227 5639 τοῦ
1265 5585 1435 5651 Θεοῦ,
1464 5588 1774 5661 κρατῶμεν

1891 5594 1968 5665 7ui
2017 5598 2311 5662 penetravit
2347 5597 2505 5654 caelos
2545 5597 2732 5654 Iesum
2784 5577 2999 5656 Filium
3037 5602 3155 5664 Dei,
3199 5577 3466 5655 teneamus

225 5659 318 5766 τῆς
351 5672 681 5743 ὁμολογίας.
724 5674 807 5728 οὐ
837 5671 949 5746 γὰρ
985 5673 1209 5746 ἔχομεν
1231 5676 1510 5748 ἀρχιερέα
1540 5681 1630 5751 μὴ
1658 5659 1772 5738 *δυο

1893 5688 2275 5758 ννοῙεεείοηεηι.
2346 5689 2473 5746 Νοη
2531 5695 2671 5748 enim
2729 5696 2980 5750 habemus
3035 5694 3338 5764 Pontiﬁcem
3377 5697 3468 5766 qui

225 5751 452 5825 γάμενον
499 5763 919 5856 ⁸συδαῗῃιθάῖιγαι
985 5767 1114 5834 ταῖς
1181 5770 1521 5838 ἀσθενειαις
1579 5774 1769 5844 ἡμῶν,

1891 5797 1975 5836 ton
2000 5782 2421 5855 possitlcontpati
2455 5785 2860 5854 inﬁrmtiatibus
2896 5789 3120 5856 nostris,
3162 5787 3254 5844 sed
3293 5796 3466 5844 tenta-

226 5851 624 5924 πεπειραμένον
641 5851 710 5909 δὲ
736 5855 886 5917 κατά
911 5857 1106 5914 πάντα
1135 5859 1264 5916 καθ’
1287 5859 1605 5931 ὁμοιότητα
1652 5883 1738 5936 χω

1888 5875 2000 5944 'umj
2029 5890 2121 5943 per
2151 5877 2333 5930 omnia
2359 5851 2525 5945 juxta
2557 5878 2964 5939 similitudinem
2997 5851 3463 5954 absqae'pcccato,
