3918 6568
458 424 567 491 319

1506 424 1908 489 (ECUMENII
1946 426 2239 487 'l‘RICCxE
2276 424 2625 486 EPISCOPI

3619 393 3733 496 ξω

458 534 790 588 Accedamus
835 531 997 603 igitur
1035 550 1156 587 cum
1201 531 1401 603 ﬁducia
1442 534 1511 588 ad
1554 535 1801 589 thronum
1834 534 2042 605 gratim,

2153 532 2242 602 ρὶς
2264 520 2580 603 ἁμαρτίας.
2606 533 3081 605 Προσερχώμεθα
3106 528 3225 590 οὖν
3234 533 3387 605 μετὰ
3400 536 3743 608 παῤῥησίας

458 636 519 679 ιιι
547 642 933 695 consequamur
959 626 1405 691 misericordiam,
1446 636 1497 682 et
1538 627 1775 696 gratiam
1814 628 2051 682 invenia-

463 733 582 772 mus
613 716 683 770 ad
717 728 1070 787 opportunum
1099 719 1401 781 auxilium,

532 807 612 866 Ne
640 824 770 881 ergo
814 808 1177 881 subjiciamur
1215 810 1512 866 tremendis
1542 810 1651 867 illis
1687 811 1891 882 pcenis,
1923 826 2050 866 cum

464 900 765 956 habeamus
816 918 1072 972 magnum
1116 902 1456 972 pontillcem,
1504 911 1794 960 teneamus
1839 902 2052 973 profes-

462 995 696 1059 sionem,
719 995 821 1049 lioc
842 1005 947 1061 est,
968 1011 1035 1049 ne
1057 997 1437 1067 relinquamus
1462 996 1620 1052 ﬁdem
1642 1012 1763 1067 quae
1788 997 1842 1052 in
1869 999 2048 1068 ipsqu

462 1094 568 1152 est,
603 1086 698 1140 sed
745 1086 913 1141 semel
957 1098 1237 1157 acceptam
1282 1089 1658 1155 astringamus
1698 1091 1873 1160 ipsam
1907 1091 2046 1160 apud

462 1177 738 1248 nosipsos.
790 1177 932 1245 Quid
965 1190 1051 1234 est
1084 1190 1290 1246 autem,
1332 1181 1435 1248 Qui
1481 1183 1790 1254 penetravit
1831 1183 2052 1239 caelos?

460 1267 579 1325 Non
619 1279 726 1334 est,
765 1271 968 1341 inquit,
1006 1273 1187 1342 qualis
1224 1273 1402 1331 Moses
1435 1275 1529 1346 qui
1578 1292 1688 1331 non
1725 1277 1904 1347 potuit
1940 1285 2050 1331 ter-

460 1376 578 1414 ram
619 1361 1004 1432 promissionis
1057 1363 1289 1433 ingredi,
1338 1381 1516 1436 neque
1565 1368 1825 1437 populum
1877 1366 2065 1445 ἰιιιιὉσ-Δ

460 1451 770 1519 duxit,.sed
810 1453 1067 1511 Christus
1115 1455 1279 1512 etiam
1318 1459 1489 1514 cmlos
1521 1459 1848 1529 penetravit,
1891 1469 1943 1515 et
1994 1461 2047 1515 in

459 1539 696 1595 Paterno
725 1541 870 1598 sedit
917 1543 1116 1598 throno
1162 1564 1176 1600 :
1225 1546 1409 1617 itaque
1457 1556 1641 1619 potest
1687 1565 1790 1605 nos
1830 1564 2049 1620 quoque

463 1630 833 1688 introducere.
874 1633 1194 1690 Pontiﬁcem
1235 1648 1417 1693 autem
1450 1648 1628 1706 vocat,
1657 1657 1723 1696 eo
1757 1640 1904 1711 quod
1940 1640 2049 1696 sei-

463 1740 621 1792 psum
659 1726 941 1780 victimam
986 1728 1250 1783 obtulerit
1296 1728 1405 1786 Deo
1445 1731 1616 1787 Patri.
1653 1732 1785 1788 Nam
1818 1751 1917 1803 pro
1948 1750 2048 1804 po-

464 1819 593 1888 pulo
618 1818 820 1876 oﬁ‘erre
850 1820 1081 1882 hostias.
1118 1825 1399 1896 pr0piium
1432 1834 1518 1881 est
1548 1828 1845 1883 sacerdoti.
1878 1848 1896 1880 ι
1926 1827 2044 1884 Non

2152 623 2233 690 τῷ
2262 626 2454 693 θρόνῳ
2482 622 2592 692 τῆς
2634 622 2903 693 χάριτος,
2958 624 3059 679 ἵνα
3087 623 3365 694 λάϐωμεν
3397 626 3599 695 ἔλεον,
3639 629 3737 685 καί

2151 715 2331 787 χάριν
2352 716 2617 785 εὕρωμεν
2644 718 2732 783 είς
2763 716 3049 787 εὔκαιρον
3071 716 3391 784 βοήθειαν.

2224 806 2345 860 Ἵνα
2371 803 2466 860 οὖν
2500 806 2577 877 μὴ
2622 806 2991 879 ὕποπέσωμεν
3023 810 3147 872 ταῖς
3196 808 3459 881 φοϐεραῖς
3503 808 3747 874 ἐκείναις

2149 897 2426 962 εὐθύναις,
2483 898 2704 970 ἔχοντες
2738 898 2916 969 μέγαν
2969 881 3259 970 ἀρχιερέα,
3292 898 3589 971 κρατῶμεν
3644 898 3745 968 τῆς

2151 991 2460 1061 ὁμολογίας,
2521 991 2792 1055 τουτέστι,
2839 989 2914 1062 μὴ
2973 990 3222 1060 ἐάσωμεν
3278 991 3379 1061 τὴν
3448 991 3531 1055 είς
3578 990 3749 1044 αὑτὸν

2150 1083 2358 1149 πίστιν,
2391 1082 2529 1137 ἀλλὰ
2567 1081 2719 1150 ἅπαξ
2770 1081 3051 1148 λαϐόντες,
3097 1080 3532 1153 ὰποσφίγξωμεν
3571 1081 3745 1153 αὐτὴν

2151 1174 2282 1245 παρ’
2312 1176 2549 1239 ἑαυτοῖς.
2567 1174 2633 1227 Τί
2657 1174 2715 1228 δέ
2745 1176 2883 1238 ἐστι,
2912 1173 3277 1245 Διεληλυθότα
3303 1176 3431 1237 τοὺς
3454 1172 3739 1245 οὐρανούςς

2150 1265 2266 1337 Οὐχ
2294 1264 2511 1338 ῶσπερ,
2544 1265 2702 1337 φησὶ,
2749 1267 2823 1338 μὴ
2862 1265 3089 1339 ἰσχύσας
3119 1266 3325 1338 Μωσῆς
3354 1266 3618 1321 εἰσελθεῖν
3662 1269 3744 1332 είς

2149 1357 2250 1429 τὴν
2282 1361 2386 1429 γῆν
2417 1358 2513 1430 τῆς
2550 1357 2907 1427 ἐπαγγελίας,
2963 1358 3085 1411 οὐδὲ
3132 1360 3222 1412 τὸν
3252 1358 3383 1413 λαὸν
3419 1350 3741 1428 εἱσῆγαγεν,

2150 1450 2264 1504 ἀλλ’
2296 1453 2324 1505 ὁ
2353 1447 2587 1522 Χριστὸς
2615 1450 2708 1504 καὶ
2747 1449 2933 1519 διῆλθε
2955 1451 3083 1511 τοὺς
3110 1450 3394 1521 οὐρανοὺς,
3426 1449 3522 1504 καὶ
3550 1450 3743 1503 ἐκάθι-

2152 1555 2245 1592 σεν
2324 1539 2418 1592 ἐπὶ
2482 1537 2574 1592 τὸν
2628 1540 2902 1609 Πατρικδν
2975 1538 3187 1607 θρόνον.
3272 1540 3580 1612 Τοιγαροῦν
3645 1540 3745 1594 xui.

2152 1631 2300 1701 ἡμᾶς
2325 1628 2498 1700 ἰσχύει
2526 1631 2861 1698 εἰσαγαγεῖν.
2901 1629 3199 1703 Ἀρχιερέα
3241 1631 3297 1686 δὲ
3346 1633 3509 1686 αὐτὸν
3559 1634 3741 1698 καλεῖ,

2150 1723 2240 1777 διὰ
2282 1723 2344 1776 τὸ
2385 1722 2577 1777 θυσίαν
2624 1724 2817 1777 ἑαυτὸν
2847 1725 3218 1795 προσενέγκαι
3267 1726 3409 1796 ὑπὲρ
3457 1725 3621 1797 ημῶν
3666 1725 3745 1795 τῷ

2155 1815 2353 1887 Πατρί.
2385 1815 2459 1869 Τὸ
2487 1816 2596 1887 γὰρ
2637 1816 2972 1888 προσφέρειν
3011 1817 3154 1889 ὑπὲρ
3183 1817 3315 1872 λαοῦ
3356 1818 3571 1886 Θυσίας,
3604 1818 3745 1873 ίδ.ον

462 1910 609 1964 enim
645 1911 914 1970 habemus
956 1915 1289 1983 pontiﬁcem.
1334 1937 1353 1971 ι
1395 1916 1707 1976 Tencamus
1749 1936 1883 1991 ergo
1921 1937 2047 1991 pro-

2155 1907 2367 1979 ίερέως.
2408 1923 2427 1958 ι
2462 1907 2537 1960 Οὐ
2562 1906 2670 1980 γὰρ
2698 1908 2895 1979 ἔχομεν
2929 1909 3208 1980 ἀρχιερέα.
3246 1929 3263 1962 ι
3302 1907 3612 1984 κρατῶμεν
3650 1907 3746 1965 οὖν

466 2002 760 2059 fessionem
795 2020 859 2060 ac
894 2005 1053 2061 ﬁdem
1101 2007 1158 2062 in
1204 2008 1384 2079 ipsum
1420 2027 1435 2066 :
1482 2027 1658 2082 neque
1693 2015 1838 2068 enim
1882 2015 2047 2069 talem

467 2092 732 2169 habemus
776 2095 1089 2165 pontificem
1134 2100 1225 2170 qui
1278 2115 1387 2155 non
1442 2105 1652 2159 noverit
1700 2105 1837 2160 allici
1884 2122 2048 2162 sensu

464 2184 843 2240 inﬁrmitatum
870 2199 1207 2259 nostrarum.
1230 2190 1410 2259 Novit,
1437 2194 1634 2263 inquit,
1656 2197 1799 2266 quod
1828 2206 2051 2268 propter

463 2279 665 2334 multas
694 2279 1023 2338 aﬁlictiones
1045 2283 1314 2339 deﬁciatis
1338 2296 1391 2341 et
1423 2284 1728 2344 imbecilles
1752 2290 1874 2346 sitis
1902 2308 1916 2344 :
1949 2307 2051 2360 po-

462 2377 568 2423 test
599 2384 730 2441 ergo
771 2372 1078 2443 ignoscere.
1121 2373 1389 2452 Teutalus
1426 2386 1507 2432 est
1541 2380 1687 2433 enim
1724 2389 1779 2436 et
1816 2381 2049 2438 amictus

460 2478 560 2531 per
590 2465 774 2518 omnia
808 2465 953 2521 sicut
981 2476 1034 2522 et
1068 2484 1191 2523 nos.
1234 2469 1690 2529 Persecutionem
1732 2491 1931 2545 passus
1964 2485 2050 2532 est

461 2564 517 2610 et
557 2555 753 2613 illusus
797 2574 863 2614 ac
905 2569 1235 2632 eonsputus,
1286 2563 1619 2636 tandemque
1658 2567 1825 2621 etiam
1864 2568 2050 2624 cruci-

466 2647 608 2703 ﬁxus
638 2658 743 2704 est.
774 2648 893 2718 Ipse
924 2667 1054 2707 vero
1086 2668 1210 2707 cum
1247 2652 1362 2710 haec
1399 2671 1600 2726 passus
1634 2657 1726 2723 sit,
1760 2669 2047 2728 peccatum

346 2792 350 2796 .
464 2754 577 2794 non
612 2738 759 2797 fecit.
799 2740 925 2798 llaec
953 2752 1134 2800 autem
1170 2744 1362 2803 dicens
1397 2748 1673 2819 signiﬁcat
1706 2765 1801 2805 eos
1838 2751 1889 2805 in
1925 2764 2051 2820 pec-

374 2905 383 2910 -
464 2839 650 2885 catum
691 2832 954 2890 incidisse
986 2851 1049 2890 ex
1083 2835 1492 2902 afﬂictionibus,
1525 2855 1590 2893 eo
1629 2840 1777 2909 quod
1818 2840 2046 2895 nimium

462 2925 708 2979 enervati
741 2926 852 2981 sint
872 2934 926 2982 et
955 2927 1238 2984 inﬁrmati.
1262 2929 1477 3001 Duplici
1506 2939 1686 2986 autem
1718 2933 1898 2988 medio
1926 2948 2051 3003 pro-

388 3055 397 3062 .
462 3014 556 3069 bat
604 3015 770 3089 346
811 3018 955 3086 quod
1013 3019 1283 3077 aﬁiciatnr
1324 3037 1488 3077 sensu
1532 3022 1911 3077 inﬁrmitatum
1948 3038 2046 3077 no-

462 3114 729 3164 strarum.
782 3107 903 3164 Uno
950 3112 1171 3181 quidem
1216 3112 1403 3178 modo,
1439 3114 1568 3184 quia
1616 3132 1847 3185 magnus
1879 3124 1963 3170 est
1997 3126 2050 3169 et

466 3203 686 3266 potens.
720 3205 980 3269 tauquam
1014 3198 1187 3256 Filius
1222 3200 1314 3256 Dei
1354 3212 1409 3257 et
1449 3204 1594 3260 Deus
1634 3222 1648 3260 :
1686 3206 1861 3260 altero
1894 3222 2043 3272 vero,

462 3289 594 3358 quia
624 3301 680 3344 et
709 3292 828 3361 ipse
860 3300 1122 3364 tauquam
1155 3295 1321 3351 homo
1355 3313 1552 3366 passus
1581 3308 1686 3364 est,
1720 3307 1774 3354 ct
1803 3300 2052 3356 aﬁlictio-

461 3393 593 3433 num
628 3378 794 3435 habet
821 3382 1242 3451 experientiam,
1280 3392 1334 3440 et
1368 3387 1490 3457 ejus
1516 3406 1638 3459 qua:
1667 3406 1883 3446 carnem
1919 3407 2052 3447 con-

463 3471 717 3542 Sequitur
740 3472 1165 3531 imbecillitatis.
1194 3476 1257 3530 Et
1290 3488 1512 3550 propter
1536 3480 1732 3535 horum
1760 3494 2055 3554 utrumque

463 3562 691 3619 omnind
735 3564 1005 3621 aﬁicietur
1055 3584 1221 3624 sensu
1270 3569 1648 3626 inﬁrmitatum
1709 3585 2050 3631 nostrarum.
2082 3586 2105 3600 ί

470 3673 490 3709 ι
525 3654 752 3729 Absque
795 3670 1043 3728 peccato.
1081 3680 1099 3713 ι
1146 3661 1287 3718 Dicit
1316 3665 1460 3734 quod
1499 3679 1625 3719 cum
1667 3665 1783 3721 haec
1823 3669 2052 3737 patitur,

464 3765 574 3804 non
608 3750 811 3819 pendat
846 3767 1038 3824 poenas
1068 3763 1444 3825 peccatorum.
1474 3757 1854 3814 «Accedamus
1885 3758 2055 3828 igitur

461 3857 589 3896 cum
637 3841 857 3900 ﬁducia.
900 3864 927 3896 ι·
963 3845 1329 3911 Accedamus,
1382 3848 1582 3920 inquit,
1639 3850 1706 3904 ad
1752 3849 2050 3905 Paternum

463 3936 638 4007 ipsius
686 3937 973 4002 thronum,
1020 3938 1074 3994 in
1120 3956 1229 4011 quo
1277 3941 1451 3998 sedet.
1499 3942 1636 3998 Cum
1686 3942 1908 4010 ﬁducia,
1958 3952 2054 3998 aut

406 4020 407 4023 “
465 4026 602 4081 nihil
637 4028 688 4081 in
729 4028 833 4083 ﬁde
869 4018 1216 4099 lizesitantes,
1267 4040 1362 4087 aut
1403 4034 1531 4104 quia
1583 4032 1715 4088 vicit
1762 4033 2049 4089 mundum.

464 4116 818 4174 Manifestum
852 4137 983 4193 ergo
1013 4131 1098 4178 est
1133 4123 1280 4194 quod
1324 4125 1490 4180 etiam
1534 4126 1636 4181 hos
1670 4126 1923 4182 devincet
1956 4127 2051 4197 qui

466 4224 614 4265 nunc
648 4210 895 4280 aﬂligunt
934 4228 1058 4285 nos.
1090 4214 1195 4268 Ani
1225 4215 1353 4285 quia
1391 4216 1621 4273 thronus
1651 4232 1799 4272 nunc
1827 4232 1937 4271 non
1966 4226 2052 4272 est

461 4299 698 4358 thronus
735 4303 957 4373 iudicii,
991 4306 1084 4362 sed
1124 4307 1314 4375 gratia:
1346 4323 1359 4359 :
1391 4308 1594 4363 accede
1633 4324 1764 4378 ergo
1802 4309 1964 4364 etiam
2002 4310 2050 4364 si

462 4402 719 4460 peccator
748 4393 848 4449 sis.
884 4413 909 4459 ι
929 4393 1012 4449 Ad
1042 4396 1301 4450 thronum
1333 4397 1576 4467 gratim.)
1603 4395 1888 4453 Thronum
1923 4414 2051 4470 gra-

462 4484 549 4539 tizr.
602 4488 738 4542 dicit
790 4489 1051 4544 thronum
1100 4491 1334 4561 regium,
1397 4492 1465 4547 de
1513 4509 1624 4563 quo
1672 4495 1753 4548 ait
1816 4495 1987 4550 David
2031 4512 2044 4549 :

2152 1999 2251 2070 τὴν
2274 1999 2355 2063 εἰς
2386 1999 2553 2052 αὐτὸν
2582 1999 2881 2069 ὁμολογίαν
2911 2000 3004 2054 καὶ
3041 2000 3245 2055 πίστιν.
3282 2002 3359 2055 Οὐ
3416 2001 3526 2074 γὰρ
3564 2002 3747 2057 τοιοῦ-

2151 2108 2242 2143 τον
2267 2090 2484 2161 ἔχομεν,
2518 2093 2704 2161 φησὶν,
2729 2091 3015 2163 ἀρχιερέα,
3033 2091 3091 2156 δς
3116 2094 3217 2147 οὐκ
3247 2089 3356 2147 οἶδε
3380 2094 3746 2165 ωμπαθῆσκι

2150 2186 2273 2247 ταῖς
2297 2184 2604 2250 ἀσθενείαις
2629 2185 2815 2256 ἡμῶν.
2848 2182 2992 2252 Οἵδε,
3021 2188 3207 2256 φησιν,
3244 2189 3328 2242 ὅτι
3348 2188 3438 2242 διὰ
3460 2189 3586 2251 τοὺς
3611 2188 3748 2241 πολ-

2151 2276 2277 2338 λοὺς
2317 2277 2659 2348 πειρασμοὺς
2693 2277 2985 2331 ἐκλέλυσθε
3009 2279 3102 2332 καὶ
3125 2279 3485 2351 ἠσθενήκατε,
3516 2280 3748 2335 δύναται

2151 2363 2245 2422 οὖν
2273 2367 2688 2437 συγγινώσκειν.
2715 2370 3048 2441 Πεπείραται
3065 2369 3194 2443 γὰρ,
3227 2371 3384 2442 φησὶ,
3404 2371 3547 2426 κατὰ
3565 2372 3751 2426 πάντα

2152 2461 2341 2533 ὥσπερ
2386 2462 2567 2531 ἡμεῖς,
2594 2460 2690 2514 καὶ
2714 2460 2945 2533 ἐδιώχθη
2992 2462 3088 2516 καὶ
3109 2462 3367 2535 ἐσκώφθη
3400 2464 3491 2516 καὶ
3514 2464 3752 2518 ἐνεπτύ-

2155 2554 2257 2622 σθη
2284 2571 2298 2586 ο
2316 2553 2471 2617 τέλος
2488 2553 2545 2607 δὲ
2572 2554 2666 2607 καὶ
2689 2552 3030 2625 ἐσταυρώθη.
3055 2554 3226 2619 Αὐτὸς
3250 2554 3499 2609 δὲταῦτα
3524 2553 3749 2613 παθὼν.

2152 2645 2343 2716 φησιν,
2362 2644 2637 2717 ἁμαρτίαν
2651 2646 2750 2698 οὐκ
2769 2645 3086 2717 είργάσατο.
3106 2645 3279 2701 Τοῦτο
3294 2645 3349 2701 δέ
3375 2646 3547 2702 είπὼν
3565 2648 3748 2719 δηλοῖ,

2153 2738 2351 2801 αὐτοὺς
2378 2739 2458 2801 είς
2481 2736 2753 2808 ἁμαρτίαν
2789 2737 3162 2806 ἐμπίπτοντας
3191 2739 3256 2791 ἐκ
3279 2737 3387 2792 τῶν
3416 2738 3753 2811 πειρασμῶν

2152 2830 2229 2902 τῷ
2254 2831 2394 2899 ἄγαν
2439 2829 2756 2884 ἐκλελύσθαι
2799 2831 2893 2883 καὶ
2954 2830 3340 2903 ἠσθενηκέναι.
3408 2832 3640 2903 Διχόθεν
3695 2832 3755 2885 δὲ

2153 2920 2558 2987 κατασκευάζει
2589 2922 2668 2976 ὃτι
2693 2923 3046 2996 συμπαθήσει
3075 2926 3195 2987 ταῖς
3226 2923 3537 2987 ἀσθενείαις
3561 2924 3750 2994 ἡμῶν

2157 3015 2280 3070 καθ’
2314 3015 2410 3068 ἕνα
2445 3016 2543 3085 μὲν
2572 3015 2799 3086 τρόπον,
2854 3014 2937 3068 ὃτι
2972 3015 3144 3084 μέγας
3177 3015 3295 3068 ἐστὶ
3335 3014 3431 3068 καὶ
3481 3013 3749 3080 δυνατὸς,

2152 3107 2226 3170 ὡς
2258 3107 2388 3169 Υίὺς
2416 3104 2554 3159 Θεοῦ
2573 3098 2666 3159 καὶ
2683 3105 2819 3170 Θεός
2847 3121 2861 3135 ⁸
2892 3106 3014 3160 καθ’
3039 3105 3228 3177 ἕτερον
3248 3105 3325 3172 δέ,
3352 3107 3435 3159 ὅτι
3458 3108 3554 3160 xui.
3581 3108 3754 3171 αὐτὸς

2155 3199 2232 3263 ὡς
2250 3198 2538 3271 ἄνθρωπος
2559 3198 2751 3265 ἔπαθε,
2770 3199 2865 3252 καλ⁵
2880 3199 3079 3270 πεῖραν
3104 3198 3216 3270 ἔχει
3246 3200 3355 3254 τῶν
3393 3199 3631 3272 θλίψεων
3658 3201 3754 3254 καὶ

2155 3290 2255 3359 τῆς
2287 3289 2429 3342 κατὰ
2452 3289 2632 3359 σάρκα
2655 3288 2962 3354 ἀσθενείας,
2991 3289 3086 3343 καὶ
3108 3288 3175 3342 δι’
3202 3290 3369 3362 ἄμφω
3395 3290 3570 3344 ταῦτα
3604 3292 3756 3345 πάνθ

2158 3397 2264 3444 τως
2296 3381 2590 3451 συμπαθὴς
2620 3379 2774 3434 ἔσται
2807 3381 2927 3445 ταῖς
2956 3380 3267 3445 ἀσθενείαις
3305 3381 3487 3452 ἡμῶν.
3528 3381 3755 3452 «Χωρὶς

2155 3472 2450 3543 ἁμαρτίας.
2490 3492 2508 3525 ι
2538 3472 2778 3543 Ὀτιούχ
2803 3471 3090 3542 ἁμαρτιῶν
3119 3471 3327 3525 ἐτίννυε
3356 3472 3513 3545 δίκην
3547 3471 3754 3539 ταῦτα,

2156 3565 2314 3636 φησι,
2356 3565 2603 3636 πάσχων.
2646 3583 2666 3617 ι
2700 3564 3146 3637 Προσερχώμεθα
3188 3561 3282 3620 οὖν
3325 3564 3467 3635 μετὰ
3521 3568 3755 3637 παρῤηο

2158 3659 2299 3723 σίας.
2334 3658 2784 3730 «Προσέλθωμεν,
2817 3660 2971 3730 φησι,
3006 3657 3086 3729 τῷ
3120 3657 3367 3730 Πατρῴῳ
3416 3658 3589 3711 αὑτοῦ
3624 3659 3759 3730 θρό-

2154 3770 2251 3823 νῳ,
2271 3752 2400 3806 ἔνθα
2422 3751 2705 3807 κεκάθικε.
2740 3751 2925 3807 (Μετὰ
2943 3750 3312 3825 παρρησίας.»
3335 3749 3494 3805 Μετὰ
3524 3768 3603 3803 πα
3610 3752 3760 3823 ppu—

2157 3844 2279 3906 σίας
2316 3842 2395 3906 δέ,
2429 3840 2464 3912 ἢ
2522 3841 2693 3913 μηδὲν
2725 3842 2864 3913 πρὸς
2916 3841 3017 3913 τὴν
3054 3841 3240 3896 πίστιν
3299 3840 3682 3905 διστάζοντες,
3718 3840 3754 3911 ἢ

2154 3936 2237 3989 ὅτι
2280 3935 2534 4007 νενίκηκε
2578 3933 2672 3989 τὸν
2701 3935 2928 4006 κόσμον.
2961 3934 3131 4007 Δῆλον
3160 3934 3254 3990 οὖν
3286 3934 3368 3989 ὅτι
3398 3935 3620 4007 νικήσει
3654 3936 3754 3990 καὶ

2154 4028 2281 4090 τοὺς
2311 4027 2407 4081 νῦν
2441 4028 2590 4097 ἡμᾶς
2612 4025 2915 4090 θλίϐοντας.
2951 4028 3023 4079 Ἦ
3041 4027 3124 4081 ὅτι
3150 4027 3252 4080 οὐκ
3278 4027 3392 4081 ἔστι
3426 4027 3523 4081 νῦν
3552 4030 3580 4082 ό
3618 4028 3755 4100 θρό-

2153 4136 2265 4183 νος,
2307 4111 2496 4191 θρόνος
2538 4112 2799 4190 κρίσεως,
2858 4117 2995 4173 ἀλλὰ
3038 4120 3284 4191 χάριτος.
3316 4118 3593 4192 Πρόσελθε
3624 4120 3749 4187 οὖν,

2153 4212 2258 4266 κᾶν
2280 4211 2605 4282 ἁμαρτωλὸς
2628 4208 2717 4284 ᾗς.
2745 4231 2764 4263 ι
2813 4211 2905 4281 Τῷ
2939 4211 3117 4282 θρόνῳ
3151 4211 3250 4282 τῆς
3281 4211 3523 4283 χάριτος.
3555 4232 3573 4264 ι
3606 4214 3755 4283 Θρό-

2152 4323 2243 4360 νον
2260 4306 2502 4376 χάριτος,
2529 4305 2623 4359 τὸν
2650 4305 2841 4375 θρόνον
2869 4304 2962 4359 τὸν
2984 4303 3265 4376 βασιλικόν
3302 4319 3490 4376 φησιν.
3510 4307 3658 4376 Περὶ
3689 4298 3761 4359 οὗ

2155 4417 2319 4470 φησιν
2334 4400 2361 4451 ὀ
2378 4398 2562 4452 Δαυῖδο
2599 4418 2619 4451 ι
2653 4397 2860 4452 Εἶπενό
2884 4397 3087 4470 Κύριος
3099 4396 3179 4469 τῷ
3200 4397 3390 4470 Κυρίῳ
3407 4415 3534 4469 μου,
3551 4398 3754 4453 Κάθου

2154 4493 2218 4544 ἐκ
2252 4489 2443 4555 δεξιῶν
2479 4507 2605 4561 μου.
2651 4509 2668 4543 ι
2703 4490 2901 4561 Θρόνος
2932 4490 3041 4561 γὰρ
3075 4490 3297 4561 χάριτός
3326 4491 3497 4554 ἐστιν,
3520 4490 3583 4542 οὐ
3624 4488 3758 4560 θρό⁹

465 4597 485 4630 ι
537 4578 687 4635 Dixit
744 4579 1015 4638 Dominus
1071 4583 1307 4638 Domino
1374 4600 1517 4640 meo.
1550 4585 1694 4642 Sede
1746 4602 1776 4640 a
1830 4587 2041 4645 dextris

2154 4600 2245 4648 νος
2276 4584 2508 4655 κρίσεως
2531 4583 2645 4639 νῦν.
2671 4584 2771 4638 Διά
2791 4583 2969 4648 τοῦτο,
3007 4583 3163 4637 Μετὰ
3197 4582 3532 4653 παρρησίας.
3568 4601 3591 4634 ι
3628 4584 3757 4637 Ἵνα

461 4673 604 4728 meis
630 4666 697 4726 ξ’.
733 4690 750 4726 ι
790 4672 1045 4731 'l'hronus
1081 4679 1226 4732 enim
1260 4694 1407 4734 nunc
1440 4679 1677 4735 thronus
1711 4682 1903 4751 gratia:
1936 4692 2042 4745 est,

460 4782 567 4820 non
610 4765 825 4837 judicii.
877 4765 1195 4838 Propterea,
1226 4768 1363 4825 Cum
1410 4771 1629 4837 ﬁducia,
1673 4773 1874 4845 inquit.
1917 4794 1936 4826 ι
1974 4772 2045 4830 Ut

457 4873 869 4928 consequamur
915 4860 1378 4945 misericordiam,
1420 4872 1475 4918 et
1518 4866 1751 4936 gratiam
1792 4867 2041 4921 invenia-

457 4964 583 5003 mus
611 4949 679 5003 ad
704 4958 1074 5019 opportunum
1107 4952 1427 5008 auxilium.»
1459 4953 1626 5011 Recte
1652 4967 1838 5011 autem
1864 4958 1997 5011 dicit
2024 4976 2037 5011 :

456 5039 839 5111 Opportunum
888 5044 1177 5099 auxilium.
1227 5045 1285 5100 Si
1327 5062 1497 5112 nunc,
1554 5048 1754 5120 inquit,
1802 5051 2040 5117 accedis,

456 5133 691 5203 gratiam
744 5134 986 5204 accipies
1040 5146 1097 5191 et
1150 5136 1588 5193 misericordiam
1651 5156 1667 5195 :
1734 5152 2042 5210 opportune

451 5227 601 5283 enim
649 5227 912 5296 accedis;
968 5227 1015 5284 si
1062 5245 1193 5286 vero
1242 5239 1373 5285 tunc
1426 5235 1753 5300 accesseris,
1784 5249 1892 5289 non
1944 5233 2039 5297 ita;

451 5319 559 5375 erit
591 5320 737 5375 enim
774 5320 1201 5392 intempestivus
1233 5340 1516 5381 accessus.
1553 5324 1658 5381 Ubi
1696 5328 1842 5381 enim
1878 5326 2042 5381 fuerit

449 5413 878 5475 consummatio,
909 5422 1042 5469 tunc
1070 5426 1327 5484 exsurget
1360 5417 1411 5469 in
1439 5416 1734 5486 judicium.
1781 5439 1800 5471 ‹
1830 5416 1909 5473 Ad
1942 5436 2041 5489 op-

454 5512 749 5573 portunum
787 5507 1075 5560 auxilium.
1109 5526 1128 5559 ι
1167 5506 1303 5562 Nam
1342 5505 1434 5578 qui
1476 5526 1622 5565 nunc
1658 5512 1891 5578 accedit,
1923 5513 2031 5566 mi-

460 5597 820 5653 sericordiam
853 5600 1053 5668 accipit
1080 5608 1133 5654 et
1164 5601 1421 5671 gratiam,
1457 5602 1586 5672 quia
1615 5615 1960 5674 opportunus
1984 5615 2039 5660 et

453 5688 789 5745 conveniens
831 5703 915 5746 est
962 5708 1115 5747 nunc
1146 5708 1407 5750 accessus
1457 5705 1512 5750 et
1558 5697 1751 5766 petitio
1796 5696 2033 5751 auxilii:

2152 4674 2413 4745 λάϐωμεν
2461 4675 2609 4729 ἔλεον
2658 4677 2753 4730 καὶ
2807 4678 2969 4748 χάριν
3027 4675 3281 4746 εὕρωμεν
3331 4675 3414 4739 είς
3478 4674 3756 4746 εὔκαιρον

2155 4767 2428 4839 βοήθειαν.
2473 4786 2492 4819 ›
2537 4766 2739 4831 Καλῶς
2789 4767 2845 4820 δὲ
2914 4763 3091 4827 εἶπεν,
3136 4765 3409 4835 Εὕκαιρον
3456 4763 3754 4836 βοήθειαν.

2150 4862 2248 4915 “Av
2306 4858 2401 4913 νῦν
2442 4858 2744 4932 προσέρχῃ,
2803 4860 2961 4929 φησι,
3018 4858 3167 4932 λήψῃ
3199 4860 3361 4930 χάριν
3405 4859 3500 4912 καὶ
3564 4858 3755 4915 ἔλεον.

2150 4952 2436 5021 Εὐκαίρως
2467 4950 2576 5023 γὰρ
2602 4952 2903 5025 προσέρχῃ.
2921 4953 3019 5005 ‘Av
3041 4953 3098 5005 δὲ
3124 4953 3244 5005 τότε
3275 4953 3609 5025 προσέλθῃς,
3642 4955 3757 5008 οὐκ

2149 5043 2253 5097 ἔτι.
2280 5043 2542 5112 ’Ἄκαιρος
2561 5042 2717 5114 γὰρὴ
2742 5042 3027 5113 πρόσοδος.
3053 5042 3223 5097 Ὅταν
3245 5044 3352 5116 γὰρ
3374 5046 3407 5115 ὴ
3427 5044 3752 5113 συντέλεια,

2146 5136 2268 5189 τότε
2295 5135 2566 5207 ἐγείρεται
2590 5136 2670 5199 είς
2702 5135 2904 5206 κρίσιν.
2945 5154 2963 5185 ι
2994 5136 3087 5199 Εἰς
3122 5134 3380 5207 εὔκαιρον
3418 5137 3748 5208 βοήθειαν.»

2146 5227 2263 5281 Νῦν
2289 5228 2398 5300 γὰρ
2426 5228 2455 5280 ό
2483 5225 2727 5299 προσιὼν
2768 5227 3035 5297 λαμϐάνει
3075 5227 3227 5282 ἔλεον
3270 5231 3364 5283 καὶ
3411 5232 3591 5315 χάραξ
3632 5230 3753 5286 Εὖ-

2147 5338 2340 5393 καιρος
2378 5320 2487 5391 γὰρ
2519 5320 2617 5374 νῦν
2641 5320 2738 5375 καὶ
2769 5319 3051 5391 ἐπιτηδεία
3072 5324 3121 5392 ἡκ
3146 5322 3427 5391 πρόσοδος,
3457 5324 3553 5377 καὶ
3585 5326 3619 5395 ἡ
3645 5326 3757 5396 τῆς

2148 5412 2399 5484 βοηθείας
2430 5412 2668 5483 αἴτησις.
2708 5412 2796 5476 Ὦς
2839 5413 2874 5484 ἦ
2899 5431 2963 5481 γε
3002 5415 3061 5467 ὲν
3090 5417 3157 5486 τῇ
3187 5416 3481 5486 κρίσειὲπὶ
3511 5415 3757 5488 βοηθείᾳ

2146 5506 2429 5578 πρόσοδος,
2494 5505 2744 5578 ἄκαιρος.
2778 5506 2951 5579 ,Ἐκεῖ
3015 5507 3126 5577 γὰρ
3178 5508 3279 5561 οὐκ
3316 5507 3397 5560 ἔτι
3444 5508 3588 5561 κατὰ
3643 5509 3756 5579 χὰ-

2147 5618 2232 5673 ριν
2268 5599 2492 5670 παρέξει
2540 5598 2638 5672 τὴν
2670 5598 2924 5672 βοήθειαν
2974 5600 3164 5670 ῶσπερ
3227 5600 3342 5668 νῦν,
3405 5599 3542 5654 ἀλλά
3594 5602 3757 5657 κατὰ

2145 5691 2349 5763 κρίσιν.

454 5785 916 5855 quemadmodum
972 5788 1025 5842 in
1079 5788 1287 5858 judicio
1332 5806 1593 5847 accessus
1670 5794 1738 5848 ad
1786 5794 2072 5862 auxilium,
2115 5790 2488 5861 importunus.
2535 5785 2689 5844 Tunc
2769 5788 2915 5845 enim
2966 5803 3077 5844 non
3129 5788 3410 5860 praestabit
3462 5787 3761 5844 auxilium

452 5880 522 5935 cx
558 5879 733 5946 gratia
770 5877 916 5932 sicut
953 5896 1117 5946 nunc,
1158 5882 1254 5937 sed
1286 5880 1580 5952 judicium.
