3988 6572
306 343 420 407 325

1347 349 1740 426 (ΞΟΜΜΕΝΤ.
1780 350 1860 410 ΙΝ
1900 350 2145 414 EPIST.
2179 353 2280 416 AD
2307 353 2542 416 HEBR.

3472 366 3580 432 326

295 463 400 516 καὶ
430 459 568 513 καθὸ
598 456 666 532 ἦν
683 460 995 534 ἄνθρωπος,
1028 464 1194 538 πεέρᾳ
1215 466 1400 538 μαθὼν
1418 470 1510 522 τὸν
1539 470 1794 524 θάνατον.
1823 500 1891 513 —-

1999 469 2232 528 Noverat
2259 473 2483 544 quidem
2512 471 2644 545 quid
2678 479 2826 530 esset
2861 488 3030 542 mors,
3058 490 3184 533 eum
3218 475 3363 536 Deus
3391 493 3539 538 esset
3567 499 3585 541 :

301 550 510 604 Ἄλλο.
540 549 740 624 [ΦΩΤᾹ
759 553 864 608 Δύο
889 555 1135 628 ζητεῖται
1162 559 1397 628 μάλιστα
1423 562 1679 628 ἐνταῦθα,
1698 563 1755 616 ἓν
1777 563 1898 634 μὲν,

297 644 421 708 πῶς
453 663 640 715 φησιν,
665 648 748 701 ὅτι
775 649 1132 721 εἰσηκούσθη,
1169 653 1348 706 καίτοι
1379 655 1542 718 αὐτὸς
1570 655 1668 727 μὲν
1695 655 1901 729 παρελ-

295 735 418 789 serv
475 738 648 791 ἐδεῖτο
695 739 789 793 τὸν
820 740 1076 808 θάνατον,
1117 744 1224 798 est
1261 735 1617 817 οὐπαρῆλθέ.
1647 751 1755 802 Καὶ
1786 749 1900 822 γὰρ

295 827 627 899 ια’-’.αυρὼοη
651 829 741 881 καὶ
762 830 1026 885 ἀπέθανε.
1051 832 1317 903 Δεύτερον
1339 835 1417 898 δὲ,
1438 836 1546 890 ἀπὸ
1563 837 1722 902 ποίας
1738 839 1900 894 εὐλα-

296 916 457 983 ϐείας
501 921 931 995 εἰσακουσθῆναι
982 925 1147 978 αὐτόν
1185 944 1338 996 φησι.
1387 930 1496 982 Καὶ
1546 931 1753 1000 τρίτον,
1806 932 1892 996 τὸ,

296 1011 522 1081 Καὶπερ
561 1013 640 1067 ὢν
681 1015 832 1080 Υἱὸς,
881 1017 989 1071 τίνι
1036 1018 1478 1090 συναπτέον;τῷ
1548 1021 1896 1096 Εἰσηκούσθη

297 1105 410 1158 ἀπὸ
432 1107 531 1176 τῆς
561 1107 874 1174 εὐλαϐείας,
915 1109 947 1180 ἢ
976 1112 1086 1176 τοῖς
1120 1111 1340 1182 ἐφεξῆς,
1381 1112 1465 1165 ἵνα
1487 1108 1544 1186 ᾖ,
1575 1114 1794 1186 Καίπερ
1823 1099 1924 1168 ὢν

297 1199 451 1263 Υἱὸς,
489 1201 697 1270 ἔμαθεν
729 1203 823 1274 ἀφ’
867 1196 942 1257 ὧν
972 1205 1141 1260 ἔπαθε
1191 1205 1292 1278 τὴν
1326 1207 1600 1280 ὑπακοήν.
1651 1209 1898 1281 Διαφορὰ

298 1290 411 1362 γὰρ
434 1291 643 1345 τούτων
689 1295 791 1348 οὐκ
823 1295 1003 1367 ὀλίγη.
1054 1297 1218 1351 Ἀλλὰ
1262 1298 1401 1369 πρὸς
1453 1299 1555 1370 μὲν
1585 1300 1643 1354 τὸ
1679 1302 1900 1373 πρῶτόν

298 1400 507 1451 φαμεν,
541 1385 625 1439 ὅτι
657 1386 758 1439 οὐκ
791 1381 858 1459 ἦν
899 1389 929 1459 η
985 1388 1173 1458 δέησις
1234 1391 1352 1458 μία,
1379 1391 1517 1446 ἀλλὰ
1569 1393 1734 1465 διπλῆ
1770 1411 1856 1459 τις
1881 1403 1914 1424 ”

295 1478 328 1546 ὴ
366 1477 470 1545 μὲν
513 1481 928 1552 παραιτουμένη
980 1480 1071 1536 τὸν
1129 1481 1383 1549 θάνατον,
1418 1485 1452 1555 ἡ
1483 1483 1539 1538 δὲ
1573 1487 1896 1559 αἰτουμένη.

296 1569 412 1623 Καὶ
450 1569 563 1641 γάρ
599 1588 767 1642 φησιν
807 1574 863 1626 ὲν
887 1575 950 1645 τῇ
984 1574 1122 1646 αὐτῇ
1155 1575 1416 1648 εὐχῇικαὶ
1439 1577 1662 1660 δεήσει;
1698 1597 1716 1632 t
1747 1580 1898 1652 Πλὴν

297 1661 376 1732 μὴ
423 1662 486 1716 τὸ
524 1663 662 1732 ἐμὸν
714 1663 944 1736 θέλημα,
989 1667 1129 1723 ἀλλὰ
1177 1670 1238 1722 τὸ
1277 1671 1369 1725 σὸν
1401 1671 1664 1742 γενέσθω.
1711 1691 1730 1724 ι
1788 1673 1899 1730 Καὶ

2000 563 2134 635 quid
2166 565 2312 620 enim
2347 563 2518 621 Deum
2553 568 2724 623 latere
2762 567 2980 636 potest?
3010 568 3266 625 Attamen
3301 571 3493 628 didicit
3519 590 3588 629 ex

1997 650 2087 707 his
2111 667 2232 722 qua!
2263 667 2459 724 passus
2485 661 2590 710 est.
2614 653 2736 712 Non
2765 657 2941 712 solum
2973 667 3247 727 quatenus
3277 659 3420 718 Deus
3444 672 3586 727 erat,

2001 748 2365 802 verumetiam
2398 759 2676 818 quatenus
2710 761 2829 806 erat
2860 751 3051 818 homo,
3073 753 3411 822 experientia
3443 756 3591 812 didi-

2000 837 2077 892 cit
2107 842 2588 898 mortem.—Alio
2627 845 2802 898 modo.
2833 842 2950 899 Duo
2981 846 3199 917 quidem
3234 847 3322 903 hic
3351 851 3588 905 maxime

1999 938 2326 995 quaeruntur
2367 947 2380 985 τ
2427 947 2598 987 unum
2635 934 2882 1004 quidem,
2929 937 3206 1006 quomodo
3250 937 3398 992 dicat
3439 940 3587 1010 quod

1998 1020 2296 1077 exauditus
2331 1021 2423 1078 sit.
2465 1022 2634 1094 Atqui
2670 1025 2865 1082 orabat
2904 1035 2964 1080 ut
3001 1036 3233 1082 mortem
3273 1029 3534 1084 evaderet
3569 1047 3585 1082 :

2000 1105 2118 1177 ipse
2148 1119 2332 1166 autem
2370 1127 2479 1167 non
2516 1115 2716 1179 evasit.
2743 1131 2872 1171 nam
2905 1118 3206 1174 cruciﬁxus
3232 1127 3318 1174 est
3348 1129 3402 1174 et
3434 1136 3586 1177 tuor-

2000 1209 2149 1258 tuus.
2180 1203 2422 1261 Alterum
2465 1223 2616 1276 vero,
2662 1224 2763 1281 pro
2799 1226 2907 1283 qua
2949 1213 3249 1269 reverentia
3280 1212 3429 1269 dicat
3459 1229 3586 1270 eum

1999 1295 2344 1352 exauditum.
2388 1297 2457 1355 Et
2531 1301 2788 1370 tertium,
2829 1303 2918 1358 cui
2956 1303 3402 1376 conjungendum
3475 1313 3585 1372 est.

1999 1384 2242 1444 Tametsi
2270 1387 2444 1447 Filius
2467 1402 2618 1448 erat:
2653 1409 2722 1450 an
2755 1379 3213 1466 praecedentibus,
3234 1409 3382 1467 puta,
3407 1396 3589 1454 Exau-

1999 1480 2148 1534 ditus
2193 1488 2280 1536 est
2323 1496 2423 1551 pro
2465 1496 2566 1538 sua
2613 1475 2921 1540 reverentia
2951 1496 2970 1541 ι
3002 1501 3072 1542 an
3105 1489 3488 1558 sequentibus,
3526 1495 3588 1545 ut

1999 1569 2068 1623 sit
2102 1586 2300 1626 sensus
2329 1584 2346 1625 :
2376 1570 2618 1628 Tametsi
2646 1571 2820 1629 Filius
2849 1586 2989 1642 erat,
3023 1577 3217 1634 didicit
3247 1595 3315 1634 ex
3349 1579 3437 1636 his
3463 1597 3588 1653 quae

2000 1677 2198 1732 passus
2227 1673 2310 1720 est
2337 1663 2712 1722 obedientiam
2757 1683 2772 1721 :
2815 1679 2902 1724 est
2930 1669 3078 1724 enim
3110 1671 3407 1730 diversitas
3441 1675 3588 1732 inter

291 1752 461 1807 τοῦτο
495 1754 836 1828 σαφέστερον
854 1757 1030 1829 δηλῶν
1055 1761 1083 1814 6
1113 1761 1394 1836 Ἰωάννης,
1409 1765 1596 1836 ’φησὶν
1629 1765 1891 1820 αἰτεῖσθαι

2003 1755 2108 1810 ista
2141 1771 2250 1811 non
2301 1771 2493 1830 parva.
2518 1757 2723 1814 Verum
2753 1761 2820 1815 ad
2841 1762 3078 1830 primum
3104 1764 3322 1833 quidem
3350 1766 3576 1821 dicimus

291 1846 389 1899 τὴν
443 1847 570 1901 Υίδν
608 1825 858 1916 λέγοντα,
957 1852 1164 1925 Πάτερ,
1197 1825 1571 1920 δόξασόνῖσου
1610 1859 1702 1912 τὸν
1742 1859 1890 1927 Υξὺν,

2003 1825 2380 1917 precationem
2427 1865 2539 1906 non
2587 1825 2895 1923 simplicem
2931 1825 3141 1920 fuisse;
3180 1855 3277 1912 sed
3314 1856 3583 1928 quodam-

293 1935 385 1990 ινα
416 1938 509 1990 καὶ
547 1937 577 1990 6
609 1937 737 2002 Υἱός
783 1957 876 1993 σου
915 1941 1120 2018 δοξάσῃ
1168 1961 1249 2010 σε,
1289 1963 1308 1997 ι
1350 1946 1511 2013 δόξαν
1537 1949 1629 2002 τὸν
1659 1950 1896 2020 σταυρὸν

294 2032 395 2084 καὶ
417 2031 509 2084 τὸν
537 2030 768 2086 θάνατον
825 2033 901 2098 ὡς
929 2035 1108 2108 δηλῶν
1134 2037 1492 2107 ὀνομάζοντα.
1529 2041 1692 2095 Ὥστε
1714 2043 1894 2108 καλῶς

293 2139 465 2192 φησιν
500 2126 528 2178 6
563 2123 710 2189 θεῖος
740 2126 974 2193 Παῦλος,
1003 2129 1371 2203 Εῒσηκούσθη.
1412 2133 1485 2188 T6
1517 2131 1593 2198 δὶ,
1633 2134 1765 2187 Ἀπὸ
1793 2135 1895 2206 τῆς

291 2216 614 2281 εὐλαϐείας,
646 2218 816 2287 ἔγγὺς
844 2219 1070 2288 γιγονεν
1101 2222 1166 2276 ὲκ
1198 2223 1308 2276 τῶν
1338 2225 1648 2296 εἰρημένων
1683 2225 1778 2280 τοῦ
1805 2245 1895 2280 σε-

294 2308 654 2379 σαφηνίσθαι.
690 2309 798 2366 Δύο
824 2311 933 2382 γὰρ
954 2312 1165 2384 ἔφημεν
1198 2316 1466 2386 αἰτήσεις,
1495 2316 1596 2389 τὴν
1622 2317 1721 2388 μὲν
1753 2336 1893 2391 παρ⁴

291 2401 562 2473 αιτήσεως
623 2401 718 2456 τοῦ
775 2401 1032 2468 Θανάτου,
1094 2405 1195 2477 τὴν
1265 2405 1322 2460 δὲ
1379 2409 1889 2478 συγκατανεύσεως⁸

290 2495 436 2565 ὅπερ
468 2491 538 2566 ἦν
572 2495 650 2560 ὡς
675 2497 892 2568 ἀληθῶς
941 2498 1146 2570 πολλῆς
1189 2500 1517 2567 εὖλαθείαςο
1548 2503 1696 2575 Πλὴν
1724 2505 1800 2577 μὴ
1831 2505 1893 2560 τὸ

291 2587 430 2653 ιμὸν
477 2585 716 2656 θέλημα,
779 2587 918 2641 ἀλλὰ
951 2590 1012 2642 τὸ
1073 2590 1184 2644 σόν.
1231 2591 1578 2666 Είσηκούσθη
1632 2595 1814 2650 τοίνυν
1862 2598 1891 2651 6

292 2677 558 2745 Χριστὸς,
595 2678 696 2733 οὐκ
744 2681 854 2733 ἀπὸ
875 2681 973 2752 τῆς
1023 2685 1436 2755 παραιτήσεως.
1489 2686 1604 2741 ἀλλ’
1635 2687 1743 2742 ἀπὸ
1789 2688 1892 2760 τῆς

290 2769 609 2834 εὐλασείας,
637 2771 940 2841 τουτέστιν,
971 2776 1154 2848 ἐκείνη
1185 2779 1218 2848 ἡ
1257 2779 1473 2850 αἴτησις
1499 2780 1664 2833 αὐτοῦ
1703 2781 1886 2850 ἐξέϐη,
1917 2825 1956 2861 ⁸

290 2861 416 2928 οὐχὶ
444 2863 478 2931 ἡ
509 2863 650 2917 κατὰ
682 2863 780 2935 τὴν
827 2868 1185 2938 παραίτησιν,
1216 2869 1335 2924 ἀλλ’
1363 2872 1395 2942 ἠ
1422 2873 1561 2926 κατὰ
1597 2869 1695 2943 τὴν
1727 2873 1888 2926 εὐλά-

291 2955 478 3008 σειαν.
539 2955 632 3008 Διό
689 2975 844 3027 φησι,
911 2959 1023 3013 Καὶ
1060 2961 1398 3029 τελειωθεὶς,
1455 2966 1735 3032 τουτέστι,
1803 2965 1892 3020 διὰ

290 3045 645 3129 παθημάτων
673 3049 766 3103 κα)⁵
802 3051 1038 3122 σταυροῦ
1086 3053 1182 3106 καὶ
1216 3052 1446 3108 θανάτου
1503 3057 1707 3121 τέλειος
1758 3059 1891 3129 ἡμῖν

275 3114 685 3227 ἳπιγννωσθεὶς,
738 3140 834 3194 καὶ
887 3114 1025 3214 ὑπὲρ
1080 3142 1241 3213 λόγον
1289 3145 1494 3213 ἀγαθὸς
1550 3150 1644 3200 καὶ
1688 3114 1887 3219 ιριλιόιν-
1916 3183 1961 3242 C

289 3230 536 3302 θρωπος.
571 3232 745 3286 Τοῦτο
785 3233 842 3286 δὲ
889 3237 984 3288 καὶ
1031 3235 1243 3290 ἄνωθεν
1294 3237 1562 3308 ὑπεδήλου
1606 3258 1620 3272 ο
1669 3240 1890 3312 δεήσεις

288 3326 472 3394 λέγων
497 3327 589 3379 καὶ
619 3327 922 3397 ίκετηρίας,
950 3329 1007 3381 τὸ
1034 3328 1258 3384 διπλοῦν
1287 3331 1387 3400 τῆς
1418 3332 1689 3404 αἰτήσεως
1715 3337 1891 3389 αἰνιτ⁸

286 3417 545 3488 τόμενος.
612 3413 743 3471 Εἶτα
803 3421 898 3472 καὶ
951 3420 1166 3492 δεήσεις
1219 3423 1388 3476 εἰπὼν
1427 3425 1522 3477 καὶ
1587 3427 1890 3498 ἱκετηρίας,

288 3509 395 3560 οὐκ
418 3509 700 3578 ἑπήγαγεν
715 3509 886 3580 ’Υπὲρ
914 3511 1006 3564 τοῦ
1037 3513 1326 3583 παρελθεῖν
1353 3515 1442 3569 τὸν
1461 3517 1712 3584 θάνατον,
1731 3520 1888 3588 ἀλλὰ,

288 3601 444 3670 Πρὸς
467 3601 560 3654 τδν
582 3601 882 3670 δυνάμενον
912 3602 1113 3669 σώζειν
1143 3605 1305 3660 αὑτὸν
1329 3607 1392 3661 ἐκ
1418 3609 1674 3676 Θανάτου,
1707 3613 1891 3678 καλῶς

289 3693 391 3746 καὶ
417 3694 712 3763 πανσόφως
739 3694 897 3748 τοῦτο
920 3696 1199 3767 προσθεὶς,
1234 3699 1319 3752 ἵνα
1348 3700 1478 3754 ὃταν
1505 3703 1693 3774 ὲννοῇς
1723 3705 1889 3758 αὑτὸν

287 3785 708 3858 σταυρούμενον
771 3788 868 3841 καὶ
913 3789 1283 3860 θαπτόμενον,
1325 3792 1401 3862 μὴ
1463 3793 1738 3868 ἀδυναμίᾳ
1793 3797 1888 3851 τοῦ

292 3876 515 3949 Πατρὸς
551 3877 718 3930 αὐτόν
751 3877 912 3932 τοῦτο
951 3879 1184 3951 νομίσῃς
1215 3881 1727 3956 ὑπομεμενηκέναι,
1771 3887 1888 3941 ἀλλ’

293 3970 380 4024 δτι
409 3968 593 4024 κοινὸν
629 3968 844 4040 θέλημα
881 3965 951 4043 ἦν
993 3971 1053 4024 τὸ
1081 3970 1258 4027 ταῦτα
1291 3973 1488 4028 παθεῖν
1525 3975 1616 4029 τὸν
1648 3977 1888 4048 Χριστὸν

295 4062 441 4132 ὕπερ
477 4062 584 4132 τῆς
626 4060 719 4116 τοῦ
758 4064 968 4134 κόσμου
1013 4066 1311 4138 σωτηρίας.
1348 4066 1585 4122 Δύναται
1623 4069 1680 4123 δὲ
1730 4068 1889 4126 τοῦτο

293 4151 556 4224 εἰρῆσθαι
581 4152 699 4228 ..καὶ
728 4153 816 4208 διὰ
856 4152 956 4225 τὴν
985 4154 1303 4212 ἀνάστασιν.
1348 4157 1624 4232 Πολλαχοῦ
1652 4160 1762 4233 γὰρ
1784 4179 1887 4218 τα·

294 4244 590 4319 πεινότερα
619 4247 648 4300 6
675 4245 817 4311 θεῖος
842 4247 1060 4313 Παῦλος
1103 4248 1501 4321 φθεγγόμενος,
1540 4251 1633 4306 τὸν
1663 4252 1888 4326 Πατέρα

297 4336 466 4408 φησιν
539 4338 846 4410 ἀναστῆσαι
909 4338 1003 4393 τὸν
1055 4339 1313 4410 Χριστόν.
1386 4341 1729 4415 ’Δναστήσας
1790 4340 1894 4401 οὖν

294 4428 480 4494 αὐτὸν,
510 4429 786 4502 ἐρρύσατο
815 4429 979 4484 αὐτὸν
1001 4432 1066 4484 ἐκ
1097 4430 1191 4484 τοῦ
1223 4431 1457 4487 θανάτου
1482 4435 1573 4488 καὶ
1603 4434 1883 4492 διέσωσεν.

2004 1941 2168 1995 modo
2197 1941 2472 2013 duplicem
2517 1955 2536 1998 :
2586 1945 2696 1999 una
2729 1945 2950 2016 quidem
2993 1946 3288 2004 devitando
3328 1959 3584 2010 mortem.

2003 2032 2176 2087 altera
2218 2049 2349 2088 vero
2388 2035 2698 2106 expetendo
2747 2046 3002 2094 mortem.
3044 2037 3136 2094 Ait
3182 2040 3330 2096 enim
3375 2041 3430 2097 in
3467 2043 3585 2111 ipsa

2000 2125 2254 2181 oratione
2293 2133 2347 2182 et
2385 2129 2704 2198 precatione
2748 2141 2764 2184 :
2817 2147 2836 2180 ι
2869 2130 3128 2187 Attamen
3173 2147 3282 2188 non
3333 2148 3452 2188 mea
3491 2149 3588 2188 vo-

2001 2216 2205 2284 lunias,
2235 2219 2329 2274 sed
2366 2229 2459 2274 tua
2495 2220 2671 2276 ﬁat".
2698 2239 2718 2272 ι
2755 2219 2821 2276 Ει
2851 2222 2955 2278 hoc
2990 2223 3336 2279 manifestius
3370 2225 3585 2296 signiti-

2000 2325 2134 2366 cans
2154 2309 2420 2377 Joannes,
2452 2315 2528 2366 ait
2563 2310 2758 2366 Filium
2792 2315 3010 2384 petiisse
3043 2326 3057 2368 :
3097 2333 3115 2367 ι
3146 2315 3310 2371 Pater
3335 2317 3581 2388 gloriﬁca

2002 2400 2200 2456 Filium
2243 2410 2421 2467 tuum,
2469 2410 2528 2457 ut
2568 2413 2620 2458 et
2665 2402 2840 2460 Filius
2888 2417 3016 2464 tuus
3055 2409 3327 2479 gloriﬁcet
3364 2410 3503 2468 te”.
3556 2429 3577 2463 ι

1998 2502 2260 2565 tanquam
2297 2493 2618 2565 signiﬁcans
2650 2497 2971 2552 nominasse
3005 2514 3226 2554 crucem
3255 2516 3318 2556 ac
3349 2513 3580 2557 mortem

1999 2587 2252 2659 gloriam.
2288 2587 2456 2645 Recte
2487 2590 2672 2660 itaque
2701 2591 2777 2643 ait
2805 2590 2967 2646 divus
3000 2590 3243 2650 Paulus:
3279 2594 3583 2650 Exauditus

2000 2687 2108 2736 est.
2135 2678 2295 2746 Quod
2332 2689 2514 2736 autem
2553 2681 2782 2748 dicitur,
2815 2681 2920 2738 Pro
2950 2699 3051 2740 sua
3089 2684 3414 2750 reverentia,
3451 2702 3582 2755 pro-

2000 2775 2296 2844 pemodum
2341 2790 2407 2830 ex
2449 2775 2534 2831 his
2580 2791 2701 2846 qua:
2733 2776 2849 2847 jam
2894 2776 3042 2832 dicta
3079 2784 3208 2832 sunt
3240 2778 3581 2832 declaratum

1997 2875 2103 2923 est.
2128 2854 2311 2938 '350
2355 2866 2500 2922 Duas
2549 2869 2694 2922 enim
2743 2868 2989 2926 diximus
3031 2868 3324 2940 petitiones
3364 2892 3376 2926 :
3416 2885 3581 2926 unam

1998 2959 2219 3030 quidem
2256 2975 2363 3030 qua
2417 2959 2689 3014 devitaret
2733 2969 2990 3024 mortem,
3037 2962 3267 3016 alteram
3308 2977 3437 3018 vero
3473 2979 3582 3034 qua

1999 3059 2332 3122 acceptaret.
2370 3049 2496 3106 Haec
2531 3049 2758 3122 quidem
2802 3066 3012 3122 magna:
3064 3069 3254 3109 revera
3297 3063 3456 3110 erant
3489 3071 3579 3110 re-

2000 3143 2278 3203 verentite.
2321 3156 2430 3212 qua
2475 3141 2697 3196 dicebat
2735 3157 2748 3193 :
2783 3141 3039 3195 Attamen
3075 3157 3182 3195 non
3233 3157 3352 3196 mea
3389 3144 3584 3198 volun-

1998 3240 2108 3298 tas,
2146 3233 2238 3289 sed
2283 3241 2374 3288 tua
2410 3233 2521 3288 ﬁat.
2559 3231 2866 3288 Exauditus
2897 3242 2981 3289 est
3010 3249 3142 3305 ergo
3177 3233 3434 3290 Christus
3473 3251 3582 3290 non

1998 3339 2064 3380 ex
2093 3341 2156 3381 ea
2187 3335 2341 3397 parte
2368 3341 2475 3398 qua
2509 3326 2836 3398 refugiebat,
2865 3327 2960 3382 sed
3017 3342 3125 3396 qua
3185 3329 3538 3383 reverebatur
3561 3310 3618 3380 τ’

1996 3417 2103 3472 hoc
2130 3424 2238 3485 est,
2267 3417 2359 3472 illa
2395 3419 2591 3490 petitio
2620 3422 2796 3491 ipsius
2822 3419 3054 3491 contigit
3081 3435 3190 3474 non
3223 3436 3345 3490 quae
3371 3421 3582 3476 devita-

1997 3511 2225 3573 tionem,
2275 3511 2368 3565 sed
2419 3527 2540 3580 qua:
2596 3514 2958 3568 reverentiam
3013 3513 3401 3567 concernebat.
3455 3512 3580 3569 Ideo

1983 3587 2074 3654 ait
2108 3618 2122 3654 :
2156 3602 2234 3656 Ac
2265 3601 2548 3671 perfectus
2586 3603 2837 3659 redditus
2871 3616 2887 3656 :
2931 3604 3034 3657 hoc
3065 3612 3171 3665 est,
3201 3619 3297 3672 per
3327 3604 3581 3659 amictio-

1997 3710 2096 3749 nes
2125 3701 2180 3749 et
2205 3709 2428 3750 crucem
2462 3711 2525 3751 ac
2556 3706 2790 3752 mortem
2833 3695 3109 3764 perfectus
3136 3711 3165 3750 a
3195 3696 3356 3750 nobis
3389 3696 3582 3766 cognic
3619 3695 3624 3698 ’

1994 3793 2085 3840 tus
2114 3794 2170 3841 et
2202 3801 2371 3857 supra
2408 3786 2630 3842 modum
2673 3787 2852 3843 bonus
2881 3803 2944 3842 ac
2978 3787 3278 3842 humanus.
3329 3784 3441 3840 Hoc
3479 3799 3580 3839 au-

1997 3887 2102 3932 lem
2130 3879 2387 3949 superius
2410 3894 2631 3950 quoque
2660 3879 2950 3940 indicavit,
2973 3879 3200 3934 dicens:
3227 3878 3582 3936 Precationee

1996 3977 2052 4022 et
2090 3969 2549 4037 supplicationes,
2601 3971 2920 4040 petitionem
2950 3971 3224 4040 geminam
3256 3970 3576 4041 designans.

1975 4047 2264 4116 'Przeterea
2293 4061 2457 4116 etiam
2492 4075 2617 4116 cum
2650 4059 2925 4121 dixisset;
2961 4061 3316 4118 Precatioues
3352 4072 3408 4117 et
3443 4077 3578 4133 sup-

1995 4153 2346 4226 plicationes,
2397 4160 2504 4208 non
2551 4153 2704 4208 addit
2752 4169 2768 4209 :
2811 4153 2897 4209 Ad
2938 4155 3277 4210 evadendum
3319 4165 3574 4224 mortem,

1994 4245 2110 4310 sed,
2134 4245 2292 4316 Apud
2322 4244 2474 4300 illum
2497 4245 2589 4316 qui
2621 4253 2835 4315 poterat
2857 4246 3037 4318 ipsum
3067 4262 3098 4301 a
3126 4255 3305 4303 morte
3331 4263 3574 4306 servare.

1994 4336 2160 4408 idque
2187 4349 2338 4393 recto
2363 4337 2662 4394 admodum
2683 4345 2737 4393 et
2760 4339 3041 4410 sapienter
3065 4339 3248 4394 addit:
3270 4348 3330 4395 ut
3353 4340 3576 4411 quando

1993 4428 2329 4486 intellexeris
2362 4431 2542 4502 ipsum
2571 4429 2898 4484 cruciﬁxum
2929 4445 2993 4486 ac
3024 4432 3320 4502 sepultum,
3365 4448 3434 4488 ne
3470 4433 3576 4489 Pa-

303 4525 446 4576 Ἀλλ’
477 4523 654 4586 οὕτως
697 4522 799 4593 μὲν
831 4523 952 4577 κατ’
987 4523 1127 4596 ἐμὴν
1166 4524 1396 4598 γνώμην
1441 4526 1639 4583 ταῦτα.
1697 4529 1770 4583 Τὸ
1803 4530 1884 4595 δὲ,

1995 4521 2096 4578 tris
2139 4523 2462 4594 impotentia
2507 4523 2746 4592 idipsum
2782 4523 3068 4578 existimes
3100 4537 3223 4578 eum
3255 4525 3573 4594 pertulisse,

283 4616 516 4687 Kaimp
555 4615 633 4670 ὣν
666 4615 817 4680 Υἱὸς,
867 4618 922 4670 εί
965 4607 1050 4682 τις
1090 4617 1216 4671 καθ’
1265 4618 1576 4690 ὑπερϐατὸν
1635 4621 1882 4688 ὲκλάδοι,

289 4709 541 4779 (ἄπειρος
568 4706 626 4762 δὲ
659 4708 692 4779 ἠ
725 4705 918 4762 τούτου
968 4708 1168 4781 χρῆσις
1201 4709 1279 4781 τῷ
1331 4709 1605 4783 θεσπεσίῳ
1638 4713 1884 4787 Παύλῳ,)

288 4801 556 4865 ἀϐίαστος
593 4799 720 4872 avi)
761 4800 938 4855 ἔννοια
989 4801 1314 4874 προαχθείη,
1351 4797 1488 4858 οἷον·
1519 4807 1615 4870 Ὃς
1659 4806 1718 4859 ὲν
1764 4809 1886 4872 ταῖς

287 4894 533 4965 ἡμέραις
566 4891 668 4961 τῆς
695 4893 902 4963 σαρκὸς
932 4893 1123 4962 αὑτοῦ,
1154 4893 1362 4966 καίπερ
1395 4893 1470 4950 ὢν
1497 4897 1646 4962 Υἱὸς,
1669 4899 1885 4968 δεήσεις

289 4983 386 5040 καὶ
436 4983 750 5057 ἱκετηρίας,
797 4984 894 5040 καὶ
923 4983 1072 5056 ἑξῆς,
1106 4986 1380 5054 τουτέστι,
1429 4989 1634 5059 καίπερ
1683 4991 1882 5062 προνό-

292 5093 413 5148 μιον
446 5076 711 5146 μέγιστον
748 5073 886 5146 ἔχων
911 5074 985 5139 ὡς
1015 5074 1164 5142 Υίὺς,
1194 5075 1259 5129 τὸ
1306 5078 1476 5150 χωρὶς
1503 5077 1742 5149 δεήσεῶς
1783 5078 1881 5132 καὶ

289 5169 564 5238 αἰτήσεως
597 5165 978 5238 αὑτοδεσπότῳ
1025 5169 1220 5240 γνώμῃ
1252 5167 1429 5227 πάντα
1462 5171 1637 5222 ποιεῖν
1669 5169 1704 5224 ἃ.
1733 5169 1828 5224 καὶ
1850 5170 1880 5224 6

291 5263 481 5334 Πατὴρ
509 5262 676 5328 ποιεῖ,
698 5261 852 5332 ὅμως
868 5260 1062 5332 ἐπειδὴ
1090 5261 1149 5313 ὲν
1178 5259 1414 5331 ἡμέραις
1437 5255 1505 5332 ἦν
1527 5263 1627 5333 τῆς
1651 5262 1876 5332 “Nam

291 5356 504 5427 δεήσεις
542 5353 636 5409 καὶ
688 5353 971 5424 ίκετηρίας
1021 5352 1353 5425 προσέφερε.
1417 5353 1651 5408 Δύναται
1691 5355 1748 5407 δὲ
1783 5355 1878 5407 κἀἰ

297 5448 431 5502 κατὰ
487 5445 814 5500 ἀκολουθίαν
843 5445 920 5508 ὡς
966 5445 1078 5516 ἔχει
1125 5445 1332 5512 τάξεως
1391 5445 1726 5516 σὐναφθῆναι
1759 5446 1873 5518 τῷ,

296 5540 402 5596 Καὶ
433 5536 821 5601 εἰσακουσθεὶς
855 5539 964 5593 ἀπὸ
986 5538 1083 5609 τῆς
1117 5537 1422 5605 εὐλαϐείας,
1450 5534 1583 5604 οἷον,
1613 5539 1879 5613 Εἰσηκού-

300 5631 417 5704 σδη,
447 5632 607 5704 φησὶ,
631 5631 834 5704 καίπερ
856 5629 932 5685 ὣν
963 5631 1124 5697 Υἱὸς,
1169 5631 1266 5685 καὶ
1321 5631 1396 5704 μὴ
1463 5632 1717 5705 δεόμενος
1763 5636 1876 5687 εἰσ-

369 5815 413 5846 ⁸⁸
438 5812 633 5870 Μιιιίι.
671 5829 822 5881 xxvi,
847 5813 953 5884 39;
995 5813 1130 5871 Luc.
1169 5833 1281 5882 xw,
1308 5815 1398 5908 ξε.
1475 5814 1699 5871 “Josn.
1728 5830 1860 5881 xm,
1899 5813 1949 5871 ί.

1991 4616 2085 4671 sed
2113 4616 2258 4687 quod
2284 4617 2596 4671 communis
2625 4625 2745 4672 erat
2776 4617 3053 4681 veluntas,
3079 4625 3140 4672 ut
3168 4614 3427 4674 Christus
3457 4617 3575 4674 hac

1993 4723 2094 4778 pro
2129 4707 2320 4763 mundi
2361 4709 2540 4764 salute
2591 4717 2895 4778 pateretur.
2945 4706 3134 4763 Potest
3168 4715 3353 4763 autem
3382 4717 3437 4762 et
3469 4711 3574 4764 hoc

1991 4800 2200 4856 dictum
2247 4817 2372 4859 esse
2423 4811 2649 4873 propter
2689 4801 3178 4858 resurrectionem.
3233 4800 3574 4873 Frequenter

1989 4897 2136 4952 enim
2183 4897 2479 4951 humiliora
2517 4897 2750 4966 loquens
2787 4896 2950 4951 divus
2979 4895 3208 4960 Paulus,
3239 4895 3316 4950 ait
3350 4893 3571 4951 Patrem

1991 4987 2369 5042 resurrexisse
2402 4987 2702 5044 Chrismm.
2752 4986 3114 5044 Resuscitans
3145 4989 3329 5058 itaque
3367 4988 3570 5058 ipsum,

1988 5095 2020 5133 a
2057 5085 2232 5134 morte
2264 5077 2520 5134 liberavit
2553 5093 2619 5135 ac
2642 5081 2916 5136 servavit.
2956 5078 3024 5133 Et
3055 5079 3170 5134 haec
3198 5078 3417 5150 quidem
3450 5093 3570 5136 meo

1983 5169 2196 5240 judicio
2224 5170 2298 5225 ita
2328 5185 2388 5226 se
2419 5171 2600 5226 habet.
2636 5170 2793 5239 Quod
2825 5181 3007 5228 autem
3041 5172 3244 5228 dicitur
3276 5188 3292 5229 :
3325 5169 3568 5227 Tametsi

1988 5260 2165 5318 Filius
2195 5271 2336 5330 erat,
2369 5263 2414 5318 si
2448 5263 2573 5334 quis
2608 5261 2707 5335 per'
2731 5263 3070 5336 hyperbaton
3109 5264 3342 5335 accipiat
3381 5265 3570 5334 (porro
3659 5253 3666 5260 ’

1987 5353 2151 5423 hujus
2199 5369 2336 5411 usus
2363 5356 2488 5410 divo
2540 5354 2711 5432 Paulo
2747 5356 3005 5426 frequens
3047 5355 3179 5422 est),
3211 5354 3378 5418 huius
3409 5354 3570 5409 intel-

1984 5448 2159 5504 lectus
2204 5450 2411 5521 absque
2453 5449 2564 5504 ulla
2603 5448 2868 5505 violentia
2907 5450 3210 5505 deducetur
3241 5465 3258 5508 ;
3294 5447 3398 5504 hoc
3431 5457 3516 5503 est
3548 5457 3565 5500 :

1985 5536 2092 5608 Qui
2121 5540 2178 5595 in
2205 5541 2400 5598 diebus
2429 5540 2616 5597 carnis
2642 5556 2779 5606 suae,
2809 5540 3025 5596 tametsi
3059 5546 3178 5595 erat
3213 5536 3406 5601 Filius,
3444 5551 3569 5607 pre-

1986 5633 2235 5691 cationes
2273 5649 2340 5690 ac
2381 5634 2832 5706 supplicationes,
2873 5642 3002 5698 etc.,
3045 5630 3149 5687 hoc
3201 5635 3311 5698 est,
3373 5624 3564 5698 Quan-
