3988 6590
456 363 562 431 327

1509 365 1910 427 (ECUMENIK
1946 365 2239 425 TRICCzE
2283 367 2328 425 Ε
2341 367 2401 426 ΡΙ
2415 366 2622 427 SCOPI

3626 372 3729 437 328

458 499 621 556 quam
658 483 1043 540 auctoritatem
1074 483 1365 539 maximam
1398 483 1626 540 haberet
1654 493 1914 555 tauquam
1947 482 2027 537 Fi-

2147 485 2505 555 ακουσθῆναι,
2533 485 2629 538 ἆτε
2670 485 2967 557 σύνδρομον
2998 484 3135 561 ἔχων
3168 483 3228 540 τὸ
3268 484 3478 556 θέλημα
3510 485 3588 556 τῷ
3621 487 3734 541 I11-

443 576 590 643 ‘lius,
608 586 666 631 ut
686 578 891 648 absque
916 577 1228 648 precatione
1249 592 1313 632 ac
1330 576 1720 647 postulatione,
1742 592 1840 630 sua
1862 576 2037 641 ipsius

458 670 743 722 voluntate
777 677 830 721 et
864 668 1191 722 attetoritate
1227 667 1412 720 omnia
1452 665 1655 721 faceret
1696 681 2039 737 quaecunque

457 756 622 815 Pater
654 759 808 823 facit,
839 767 1018 814 tamen
1051 757 1311 828 quoniam
1358 758 1413 812 in
1458 757 1650 813 diebus
1681 767 1799 812 erat
1834 758 2039 824 carnis,

460 854 810 921 precationes
850 866 916 905 ac
947 849 1387 921 supplicationes
1420 850 1641 905 obtulit.
1686 850 1875 905 Potest
1907 864 2043 920 quo-

458 958 567 1013 que
592 952 646 998 et
672 941 828 1012 juxta
865 942 1136 998 sermonis
1177 943 1626 1013 consequentiam
1661 953 1821 1015 pront
1854 960 1913 998 se
1945 945 2041 998 ha-

458 1035 573 1101 bet,
617 1037 666 1090 ei
713 1035 974 1105 conjungi
1006 1035 1167 1105 ,lquod
1211 1035 1416 1089 dicitur
1458 1049 1474 1089 :
1525 1034 1590 1090 Et
1625 1034 1917 1092 exauditus
1956 1045 2041 1092 est

457 1142 559 1199 pro
591 1144 690 1183 sua
727 1126 1054 1192 reverentia,
1088 1135 1151 1181 ut
1197 1126 1267 1182 sit
1309 1143 1510 1183 sensus
1558 1141 1572 1182 :
1620 1126 1921 1184 Esauditus
1956 1136 2040 1183 est

456 1220 673 1275 tametsi
699 1229 846 1275 esset
875 1217 1069 1284 Filius,
1092 1234 1193 1274 nec
1218 1235 1356 1290 Opus
1390 1220 1464 1275 illi
1493 1229 1639 1277 esset
1670 1229 1726 1274 ut
1753 1222 2041 1276 eXaudirc-

452 1321 566 1378 tur,
601 1321 663 1369 ut
699 1314 792 1383 qui
828 1313 1169 1368 voluntatem
1204 1314 1433 1369 haberet
1473 1330 1580 1369 una
1637 1330 1760 1369 cum
1803 1314 2037 1370 Paterna

452 1408 740 1461 voluntate
764 1416 1213 1475 concurrentem,
1239 1414 1295 1462 et
1323 1422 1444 1478 quae
1474 1408 1686 1478 absque
1713 1407 1862 1461 omni
1897 1406 2038 1476 peti-

454 1499 602 1554 tione
640 1499 971 1568 completur.
1008 1498 1165 1565 Quod
1206 1499 1251 1556 si
1293 1502 1455 1555 etiam
1501 1499 1861 1570 sequentibus
1901 1497 2036 1553 illud

454 1588 834 1659 conjunxeris,
879 1590 1190 1646 intellectus
1227 1589 1387 1645 facile
1424 1590 1705 1660 procedet.
1738 1588 1845 1646 Sed
1881 1590 2036 1661 prius

452 1681 916 1735 considerandum
947 1681 1078 1750 quid
1112 1681 1399 1753 signiticet:
1430 1681 1590 1752 351
1631 1678 1833 1736 Didicit
1858 1697 1922 1736 ex
1949 1679 2034 1737 his

451 1786 575 1841 qua:
604 1787 801 1843 passus
832 1785 915 1830 est
942 1775 1332 1830 obedientiam.
1359 1770 1554 1830 Utrum
1576 1776 1721 1829 enim
1754 1773 2032 1845 signiﬁcat
2073 1782 2076 1785 ‘

2144 577 2318 649 τρικῷ
2349 577 2509 649 βουλή
2520 596 2673 648 ματι.
2730 578 2827 632 καὶ
2857 578 3026 650 χωρὶς
3068 579 3249 649 πάσης
3285 577 3734 650 ἐκπληρούμενον

2145 671 2438 739 αἰτήσεως.
2496 671 2556 723 Ei
2593 671 2650 724 δὲ
2677 671 2769 725 καὶ
2796 673 2910 734 τοῖς
2962 668 3165 741 ἑφεξῆς
3208 670 3343 724 αὐτὸ
3369 671 3648 741 συνάψεις,
3702 675 3732 727 6

2145 762 2271 825 νοῦς
2322 764 2743 834 εὐοδωθήσεται.
2796 762 2958 817 Ἀλλὰ
2997 764 3268 835 πρότερον
3309 765 3361 817 τί
3417 762 3570 833 δηλοῖ
3603 781 3734 819 σκε-

2144 856 2310 909 πτέον
2343 856 2425 919 τὸ,
2468 856 2714 926 Ἐμαθεν
2738 857 2831 926 ἀφ’
2860 850 2935 910 ὧν
2969 855 3138 911 ἔπαθε
3155 856 3253 927 τὴν
3291 857 3556 930 ὑπακοήν.
3583 853 3738 931 ’Δρα

2143 946 2254 1018 γὰρ
2284 945 2367 1000 ὅτι
2416 946 2622 1017 ἔμαθεν
2654 947 2819 1011 αὑτὸς
2847 946 2941 1017 ἀφ’
2997 940 3071 1005 ὧν
3100 947 3273 1002 ἔπαθε
3302 946 3380 1018 τῷ
3413 949 3596 1021 ιΙατρἹ⁸
3629 951 3737 1004 ὐπ-

2144 1039 2385 1104 ακούειν,
2424 1040 2520 1093 καὶ
2560 1040 2728 1112 πείρᾳ
2762 1039 2862 1110 τὴν
2893 1040 3093 1109 γνῶσιν
3124 1039 3247 1110 ἔσχε
3280 1040 3375 1094 τοῦ
3415 1040 3739 1113 πειθαρχεῖν

2141 1130 2292 1203 αὐτῷ
2324 1131 2400 1202 ςῆ
2449 1130 2652 1200 μᾶλλον
2692 1132 2774 1185 ὅτι
2825 1132 2994 1203 πείρᾳ
3040 1129 3211 1201 ἔμαθε
3242 1130 3307 1184 τὸ
3360 1131 3594 1202 μέγεθος
3635 1135 3738 1204 τῆς

2142 1222 2393 1295 ὑπακοῆς
2427 1224 2616 1295 ἡλίκον
2652 1219 2741 1295 ἦν,
2775 1225 3086 1294 ὑπήκουσεν
3130 1222 3279 1295 αὐτῷ
3315 1225 3345 1278 ὀ
3377 1226 3590 1297 Πατὴρ,
3621 1220 3739 1280 οἷον

2138 1314 2200 1369 τὸ
2228 1316 2608 1387 σταυρωθῆναι
2628 1316 2790 1370 αὑτὸν
2814 1317 2907 1370 καὶ
2929 1316 3245 1378 ἀποθανεῖν.
3272 1319 3368 1369 καὶ
3404 1318 3737 1388 ἀναστῆναι,

2141 1407 2236 1462 καὶ
2258 1408 2315 1460 ὲν
2335 1407 2488 1481 δεξιᾷ
2520 1407 2615 1462 τοῦ
2652 1409 2864 1480 Πατρδς
2893 1409 2953 1462 sb
2986 1409 3327 1480 ἀνθρώπινον
3363 1409 3596 1485 φύραμα
3642 1412 3742 1467 ἀν-

2138 1498 2375 1569 υψῶσαι.
2406 1501 2502 1554 καὶ
2538 1500 2712 1554 σῶσαι
2740 1502 2800 1555 τὸ
2826 1502 2983 1571 γένος
3006 1502 3196 1574 ήμῶν;
3234 1503 3419 1557 Ταῦτα
3445 1503 3557 1575 γὰρ
3583 1505 3739 1559 ὲκεί-

2140 1604 2242 1669 νης
2274 1591 2392 1645 ἐστὶ
2415 1592 2516 1661 τῆς
2539 1592 2785 1665 ὑπακοῆς
2813 1592 2917 1660 τῆς
2943 1594 3317 1668 γεγενημένης
3345 1597 3404 1649 ὲν
3418 1595 3497 1667 τῷ
3526 1597 3739 1666 λέγειν,

2134 1674 2341 1755 Πάτερ,
2358 1682 2579 1749 δόξασόν
2596 1701 2690 1738 σου
2711 1685 2803 1739 τὸν
2819 1685 2970 1741 Υίὸν.
2993 1685 3213 1756 Ταύτην
3230 1687 3339 1759 γὰρ
3361 1688 3458 1758 τὴν
3480 1688 3740 1761 ὑπακοὴν

2137 1774 2303 1846 ἡλίκη
2350 1776 2698 1848 καὶὸση,καὶ
2749 1776 2856 1849 πρὸ
2894 1776 2986 1831 τοῦ
3029 1777 3339 1832 ὑπακοῦσαι
3357 1779 3448 1831 τὸν
3488 1779 3739 1851 Πατέρα,

452 1864 599 1932 quod
630 1865 828 1921 didicit
862 1867 975 1937 ipse
1006 1883 1071 1923 ex
1106 1867 1192 1922 liis
1226 1882 1348 1938 quae
1384 1881 1579 1936 passus
1607 1874 1695 1921 est
1724 1864 1869 1920 Patri
1901 1866 2027 1921 obe-

2139 1868 2256 1940 ῇδει
2301 1868 2401 1939 μὲν
2438 1870 2466 1922 6
2491 1870 2727 1940 Χριστὸς
2755 1871 2831 1934 ὡς
2862 1869 2990 1935 Υἱὸς
3021 1870 3118 1923 καὶ
3146 1869 3308 1936 Θεὸς,
3359 1870 3614 1944 καθάπερ
3640 1866 3743 1927 καὶ

452 1957 592 2021 dire,
632 1967 685 2013 el
730 1975 824 2029 per
855 1962 1250 2031 experientiam
1291 1962 1483 2016 habuit
1524 1960 1899 2031 cognitionem
1932 1961 2032 2015 ob-

453 2052 800 2122 temperandi
839 2054 962 2109 illi?
994 2068 1062 2108 an
1096 2055 1300 2125 potius,
1335 2054 1465 2122 quia
1504 2066 1600 2123 per
1638 2053 2031 2122 experientiam

451 2142 645 2199 didicit
675 2155 881 2214 quanta
916 2158 1064 2201 esset
1102 2147 1427 2201 obedientite
1466 2144 1810 2214 magnitudo,
1844 2142 2033 2198 obedi-

455 2238 532 2290 vit
562 2239 665 2308 ipsi
695 2237 881 2303 Pater,
918 2255 1113 2310 nempe
1143 2248 1200 2294 ut
1233 2240 1354 2311 ipse
1379 2237 1805 2309 cruciﬁgeretur
1834 2244 1888 2292 et
1921 2253 2040 2290 mo-

448 2337 666 2383 reretur
691 2344 756 2385 ac
779 2339 1181 2398 resurgeret,et
1209 2332 1263 2386 in
1285 2332 1505 2386 dextera
1533 2330 1711 2385 Patris
1740 2330 2036 2383 humanam

449 2433 686 2476 massam
737 2420 1055 2489 collocaret,
1119 2424 1474 2493 sali-aretque
1523 2436 1699 2494 genus
1751 2420 2041 2474 nostrum?

447 2512 586 2567 Nam
620 2514 735 2570 haec
761 2514 911 2570 illius
941 2523 1078 2589 sunt
1096 2515 1420 2570 obedientite
1447 2530 1569 2584 quae
1605 2515 1746 2568 facta
1776 2521 1859 2568 est
1891 2514 1943 2565 in
1975 2528 2042 2567 eo

448 2607 595 2677 quod
627 2605 768 2663 dixit
796 2607 1020 2673 :Pater,
1052 2607 1297 2678 gloriﬁca
1316 2606 1515 2661 Filium
1550 2616 1724 2661 tuum.
1759 2604 2040 2676 Siquidem

448 2699 615 2754 etiam
672 2711 967 2772 antequam
1018 2698 1183 2757 Pater
1227 2701 1527 2756 obsecutus
1570 2708 1737 2764 esset,
1805 2705 2036 2753 noverat

2144 1961 2172 2014 6
2200 1962 2416 2033 Πατήρ’
2439 1963 2814 2027 εἰσακουσθεὶς
2833 1963 2912 2030 δὲ,
2945 1962 3150 2033 ἔμαθεν
3172 1962 3344 2034 αὐτὴν
3371 1963 3439 2016 δι’
3462 1956 3536 2016 ὧν
3562 1964 3742 2018 ἔπαθε

2143 2055 2240 2108 καὶ
2272 2057 2459 2127 πείρᾳ.
2499 2054 2587 2118 Ὠς
2618 2053 2683 2108 ἂν
2716 2054 2807 2109 οὖν
2831 2071 2916 2118 τις
2956 2053 3199 2123 ἐκλὰὅοι,
3234 2048 3341 2125 epit;
3373 2055 3429 2107 δὲ
3466 2055 3673 2125 μᾶλλον
3705 2058 3741 2127 ἠ

2143 2146 2374 2217 δευτέρα
2424 2148 2602 2201 ἔννοια
2639 2146 2960 2217 συμϐαίνειν
3010 2148 3178 2203 δοκεῖ.
3233 2148 3503 2218 Οὑδεμίαν
3526 2146 3623 2201 οὖν
3658 2148 3742 2202 ἔτι

2142 2240 2413 2308 ἀσάφειαν
2457 2239 2571 2309 ἔχει
2603 2238 2685 2306 τὸ,
2738 2239 2957 2311 Καίπερ
3000 2239 3076 2292 ὣν
3109 2240 3259 2304 Υἱός.
3299 2260 3318 2295 ι
3352 2241 3462 2295 Καὶ
3508 2241 3742 2295 τελειω-

2143 2331 2258 2395 θεὶς
2279 2330 2496 2398 ἐγένετο
2542 2332 2659 2393 τοῖς
2699 2331 3065 2385 ὑπακούουσιν
3109 2331 3260 2401 αὐτῷ
3290 2335 3445 2387 πᾶσι.
3476 2350 3495 2384 ι
3559 2330 3743 2386 Τοῦτο

2144 2424 2251 2494 ἄρα
2282 2421 2561 2483 τελείωσις
2591 2420 2647 2475 ὲν
2667 2420 2999 2493 ἀνθρώποις,
3014 2422 3094 2487 τὸ,
3122 2422 3212 2476 διὰ
3239 2422 3580 2495 παθημάτων
3607 2426 3742 2477 ἐστι.

2144 2514 2409 2569 λαϐέσθαι
2439 2514 2801 2585 τελειότητος.
2837 2513 3311 2587 Ἀνθρωποπρεπῆ
3345 2515 3402 2569 δὲ
3440 2516 3619 2572 πάντα
3656 2517 3741 2570 εί-

2151 2622 2340 2678 ρηκεν.
2376 2626 2394 2659 ι
2430 2607 2611 2671 Atrio;
2643 2607 2919 2681 σωτηρίας
2949 2605 3192 2662 αἰωνίου.
3238 2626 3258 2660 ι
3318 2607 3448 2661 Ἰδοὺ
3480 2610 3577 2662 καὶ
3613 2608 3731 2663 θεο-

2144 2698 2378 2768 πρεπὲς.
2910 2716 2916 2722 '

451 2809 585 2850 sane
612 2794 871 2855 Christus
896 2797 1078 2870 qualis
1109 2805 1165 2854 et
1194 2808 1399 2869 quanta
1455 2804 1605 2856 esset
1639 2797 1758 2854 haec
1775 2798 2112 2863 obedientia,
2146 2806 2406 2868 tanquam
2444 2796 2615 2870 Filius
2656 2813 2721 2854 ac
2763 2797 2931 2864 Deus,
3007 2798 3157 2854 sicut
3216 2807 3273 2854 et
3336 2797 3513 2854 Pater.
3585 2798 3734 2853 Cum

449 2900 630 2945 autem
662 2868 957 2949 exauditus
982 2903 1146 2961 esset,
1173 2868 1365 2952 didicit
1392 2909 1512 2948 eam
1539 2908 1629 2962 per
1661 2906 1725 2947 ca
1755 2906 1876 2963 quae
1906 2906 2104 2963 passus
2137 2890 2317 2948 fuerat
2341 2901 2397 2946 et
2424 2868 2518 2962 μὲν
2585 2892 3002 2962 experientiam.
3072 2891 3283 2946 Poterit
3349 2891 3514 2964 igitur
3577 2895 3737 2963 quis-

446 3002 554 3057 que
585 2988 837 3057 accipere
877 2997 938 3043 ut
974 2988 1256 3045 voluerit:
1297 3004 1419 3043 meo
1449 2995 1630 3042 autem
1667 2984 1901 3056 judicio,
1930 2985 2174 3041 secunda
2206 2984 2568 3056 intelligentia
2629 2984 2801 3051 magis
2860 2983 3138 3053 quadrare
3201 2982 3443 3039 videtur.
3506 2982 3736 3039 Nullam

448 3079 636 3148 itaque
666 3080 1068 3136 obscuritatem
1150 3080 1263 3153 jam
1308 3080 1474 3136 habet
1552 3077 1701 3152 quod
1745 3078 1971 3143 dicitur,
2039 3076 2282 3133 Tametsi
2336 3075 2511 3133 Filius
2566 3085 2705 3131 erat.
2767 3096 2786 3129 ι
2827 3077 2901 3132 Et
2952 3075 3227 3147 perfectus
3280 3075 3552 3144 redditus,
3630 3077 3735 3131 fuit

445 3175 705 3231 omnibus
738 3178 831 3247 qui
871 3177 976 3233 sibi
1022 3177 1372 3234 obedierunt.
1413 3195 1432 3230 ι
1479 3174 1533 3231 ld
1580 3190 1714 3233 sane
1743 3170 2023 3247 'pcrfectio
2062 3184 2147 3231 est
2187 3175 2240 3229 in
2279 3174 2621 3242 hominibus,
2655 3181 2717 3229 ut
2753 3189 2851 3245 per
2890 3173 3252 3230 ramictiones
3317 3175 3735 3245 apprehendant

446 3270 859 3340 perfectionem.
888 3272 1080 3329 Omnia
1112 3280 1296 3328 autem
1322 3272 1461 3327 dixit
1492 3279 1755 3343 tanquam
1820 3269 2063 3325 humano
2105 3286 2275 3326 more.
2320 3290 2338 3322 ι
2373 3269 2553 3325 Causa
2603 3267 2798 3324 salutis
2829 3276 3067 3324 aeternae.
3104 3286 3124 3320 ι
3169 3266 3311 3323 Ecce
3343 3269 3508 3323 etiam
3582 3267 3735 3342 quod

444 3364 717 3421 divinitati
751 3366 1098 3436 respondeat.

1046 3455 1276 3515 CAPUT
1316 3457 1431 3515 Vh.

2730 3453 2983 3507 ΚΕΦΑΔ.
3026 3453 3097 3507 Z'.

445 3568 729 3637 Obiuratia
761 3570 1174 3653 adversusilllos
1209 3570 1401 3653 quibus
1434 3586 1567 3653 opus
1604 3579 1681 3625 est
1714 3569 1887 3638 prima
1919 3568 2027 3624 ele-

2145 3564 2518 3634 Ἐπιτίμησις
2543 3565 2665 3631 τοῖς
2687 3563 2993 3644 δεομένοις
3014 3560 3126 3631 τῆς
3151 3560 3577 3632 στοιχειώδους
3604 3569 3732 3620 είσ-

898 3651 1193 3696 mentorum
1233 3646 1583 3696 institutione.
1912 3696 1921 3704 _

2376 3678 2381 3683 .
2785 3650 3046 3704 αγωγης.

513 3733 580 3801 V,
630 3734 820 3789 H—H.
877 3733 951 3788 De
994 3751 1096 3801 quo
1145 3733 1296 3789 nobis
1345 3733 1512 3787 multa
1556 3732 1729 3802 forent
1778 3732 2025 3794 dicenda,

442 3842 607 3897 eaque
632 3827 902 3890 explicem
932 3816 1192 3897 difﬁcilia,
1225 3825 1648 3896 quandoquidem
1683 3839 1864 3894 segnes
1895 3822 2029 3893 facti

441 3922 569 3976 estis
620 3920 861 3977 auribus.
913 3918 1122 3976 Etenim
1170 3936 1290 3977 cum
1339 3919 1594 3973 deberetis
1634 3934 1729 3987 pro
1777 3917 2027 3985 temporis

441 4013 649 4068 ratione
676 4014 918 4068 doctores
959 4028 1094 4078 esse,
1135 4029 1350 4077 rursum
1380 4012 1521 4067 vobis
1562 4028 1692 4082 opus
1722 4020 1800 4066 est
1837 4020 1894 4063 ut
1925 4008 2026 4064 do-

440 4120 655 4160 ceamus
687 4121 774 4159 vos
803 4121 921 4176 quae
948 4107 1056 4159 sint
1078 4104 1337 4160 elementa
1362 4103 1503 4158 initii
1530 4103 1856 4169 eloquiorum
1888 4097 2025 4154 Dei:

441 4198 672 4269 [actique
701 4200 828 4253 estis
868 4199 907 4253 ii
944 4199 1132 4269 quibus
1168 4214 1299 4268 opus
1338 4198 1405 4251 sit
1448 4196 1583 4259 lacte
1623 4207 1672 4250 et
1714 4211 1818 4248 non
1849 4191 2022 4246 solido

438 4290 576 4346 cibo.
607 4290 750 4345 Nam
782 4291 1024 4361 quisquis
1064 4288 1220 4343 lactis
1256 4298 1333 4344 est
1368 4291 1660 4359 particeps,
1692 4288 1736 4341 is
1768 4285 1917 4341 rudis
1943 4295 2022 4339 est

439 4384 702 4441 sermonis
722 4364 959 4454 iustitia:
996 4400 1014 4439 :
1048 4382 1229 4452 infans
1261 4383 1401 4437 enim
1432 4392 1530 4436 est.
1567 4378 1734 4434 Porro
1767 4380 2022 4449 perfecto-

438 4492 558 4530 runt
589 4458 673 4529 est
699 4475 903 4530 solidus
932 4477 1103 4538 cibus,
1132 4489 1314 4540 nempe
1348 4474 1534 4527 Iterum
1564 4472 1653 4543 qui
1689 4478 1901 4540 propter
1926 4468 2021 4523 Ita-

438 4567 607 4621 bitum
631 4565 825 4620 habent
856 4582 1040 4621 sensus
1064 4566 1381 4620 exercitatos
1409 4558 1476 4618 ad
1499 4562 1870 4617 discretionem
1898 4560 2019 4615 boni

436 4660 638 4729 pariter
664 4675 727 4713 ac
757 4657 909 4713 mali.

508 4751 671 4821 352
713 4771 730 4801 ι
772 4752 843 4805 De
873 4765 1004 4821 quo.
1041 4750 1279 4810 Christo,
1319 4748 1488 4802 multa
1534 4745 1715 4800 forent
1758 4744 2012 4808 chenda,

2203 3727 2337 3797 Περὶ
2400 3722 2472 3784 οὗ
2511 3725 2704 3793 πολὺς
2745 3726 2890 3796 ἡμῖν
2948 3729 2982 3780 ὁ
3028 3725 3234 3797 λόγος,
3283 3727 3380 3780 καί
3417 3725 3732 3797 δυσερμήο

2128 3836 2346 3886 νευτος
2371 3818 2596 3890 λέγειν,
2614 3817 2746 3872 ἐπεὶ
2772 3817 2983 3887 νωθροὶ
3021 3820 3303 3888 γεγόνατε
3326 3818 3455 3885 ταῖς
3483 3820 3728 3889 ἀκοαῖς.

2129 3910 2238 3965 Καὶ
2288 3911 2398 3980 γὰρ
2440 3911 2793 3979 ὀφείλοντες
2843 3906 2998 3963 εἶναι
3051 3908 3413 3965 διδάσκαλοι
3460 3910 3562 3964 διὰ
3619 3916 3731 3967 τὸν

2135 4001 2381 4071 χρόνον,
2417 4001 2607 4057 πάλιν
2637 4002 2847 4071 χρείαν
2866 4001 3037 4070 ἔχετε
3065 4000 3173 4057 τοῦ
3199 4000 3509 4057 διδάσκειν
3536 4003 3729 4074 ὑμᾶς,

2125 4095 2261 4147 τίνα
2289 4091 2362 4147 τὰ
2388 4093 2659 4163 στοιχεῖα
2682 4091 2795 4162 τῆς
2817 4093 3012 4164 ἀρχῆς
3038 4093 3156 4149 τῶν
3169 4096 3392 4165 λογίων
3413 4096 3520 4152 τοῦ
3543 4098 3726 4154 Θεοῦ.

2125 4186 2236 4241 Kal
2282 4187 2563 4257 γεγόνατε
2601 4188 2811 4256 χρείαν
2845 4187 3092 4256 ἔχοντες
3134 4188 3452 4258 γάλακτος,
3499 4190 3606 4244 καὶ
3652 4194 3728 4248 οὐ

2125 4260 2376 4346 στέρεᾶς
2419 4276 2666 4348 τροφῆς.
2717 4277 2845 4345 Πᾶς
2868 4280 2980 4348 γὰρ
3009 4281 3044 4333 ό
3073 4278 3344 4349 μετέχων
3389 4268 3729 4353 γάλακτόςσ

2124 4368 2373 4436 ἄπειρος
2421 4370 2612 4439 λόγου
2667 4369 3083 4436 δικαιοσύνης.
3124 4370 3357 4440 Νήπιος
3396 4371 3508 4443 γάρ
3552 4373 3723 4432 ἐστι.

2128 4458 2381 4514 Τελείων
2420 4458 2487 4513 δέ
2515 4460 2689 4515 ἐστιν
2720 4460 2758 4528 ἠ
2779 4461 2993 4531 στερεὰ
3016 4462 3232 4530 τροφὴ,
3290 4462 3412 4517 τῶν
3446 4464 3547 4519 διὰ
3602 4468 3726 4536 τὴν

2120 4551 2253 4617 ἕξιν
2288 4552 2361 4608 τὰ
2380 4553 2738 4624 αἰσθητήρια
2774 4554 3238 4625 γεγυμνασμένα
3272 4555 3538 4625 ἐχόντων
3562 4561 3723 4628 πρὸς

2121 4644 2420 4714 διάκρισιν
2456 4646 2648 4700 καλοῦ
2679 4662 2745 4700 τε
2773 4646 2870 4699 καί
2899 4642 3114 4701 κακοῦ.

2197 4757 2215 4789 ι
2249 4739 2383 4805 Περὶ
2406 4733 2467 4792 οὗ
2493 4735 2755 4819 Χριστοῦ,
2783 4736 2950 4802 πολύς
2972 4740 3120 4791 ἔστιν
3144 4740 3171 4791 ὁ
3199 4736 3353 4806 λόγος
3395 4740 3490 4794 καὶ
3516 4742 3720 4813 δυσερο
3786 4756 3789 4757 ⁷

419 4856 610 4910 ,eaque
635 4841 911 4911 explieatu
943 4837 1240 4893 difﬁcilia.»
1274 4835 1502 4905 Propter
1529 4842 1792 4899 vestram,
1812 4835 2009 4905 inquit,

2135 4831 2404 4900 ιήνευτος.
2437 4850 2455 4882 ι
2501 4832 2601 4885 Διὰ
2631 4828 2730 4900 τὴν
2771 4830 2945 4900 ὑμῶν,
2996 4831 3184 4901 φησὶν,
3236 4832 3440 4895 αἰτίαν,
3485 4836 3570 4888 ὅτι
3611 4854 3719 4891 vro-

436 4947 685 4995 causam,
719 4934 846 5003 quia
891 4947 1087 5003 Segnes
1130 4930 1286 4995 estis,
1322 4938 1375 4984 ct
1419 4945 1539 5000 quae
1586 4929 1914 5000 perfectiora
1948 4930 2016 4984 de

2114 4921 2235 4991 θροί
2261 4924 2411 4985 ὲστε,
2440 4921 2538 4975 καὶ
2564 4920 2636 4974 τὰ
2660 4922 2972 4992 τελειότερα
3014 4925 3139 4993 περὶ
3161 4924 3329 4977 αὑτοῦ
3359 4924 3419 4977 ού
3450 4930 3715 4998 χωρεῖτε.

436 5025 557 5101 ipso
586 5035 714 5087 sunt
748 5016 856 5083 nun
893 5024 1110 5094 capitis.
1143 5022 1280 5078 Cum
1313 5023 1598 5107 enimltam
1636 5022 1803 5075 multa
1840 5018 2016 5099 humi-

2135 5013 2299 5067 εἰπὼν
2325 5015 2435 5084 γὰρ
2452 5014 2519 5067 τὰ
2548 5014 2787 5072 τοσαῦτα
2810 5015 3045 5069 ταπεινὰ
3073 5016 3171 5087 τῆς
3205 5016 3713 5090 ὲνανθρωπὴσεως,

437 5120 506 5172 lia
547 5118 778 5174 dixisset
821 5132 940 5186 qua
985 5115 1420 5172 incarnationem
1452 5102 1880 5176 concernebant,
1919 5102 2008 5166 vo-

416 5194 536 5275 :luit
569 5208 637 5263 ad
674 5225 737 5264 ea
773 5223 993 5279 qucque
1040 5208 1277 5262 transire
1312 5221 1435 5276 qua:
1468 5205 1811 5260 divinitatem
1850 5205 2012 5259 decc-

432 5299 563 5354 bant
587 5316 602 5353 :
627 5298 721 5354 sed
744 5313 868 5354 cum
898 5296 1198 5351 imbecilles
1223 5295 1403 5353 adhuc
1428 5302 1611 5349 essent
1640 5293 1705 5347 ad
1732 5308 1870 5364 quos
1894 5304 2013 5348 erat

430 5403 634 5453 sermo,
673 5402 780 5442 non
824 5393 1095 5456 poterant,
1138 5383 1465 5455 perfectiora
1501 5384 1692 5438 audire
1726 5380 2007 5452 dogmati.

435 5499 455 5533 ι
484 5479 756 5546 Quoniam
787 5493 982 5546 segnes
1008 5477 1133 5532 facti
1161 5477 1297 5532 estis
1322 5476 1566 5530 auribus.
1585 5495 1602 5526 ι
1627 5474 2007 5537 Teulationrs,

429 5572 630 5641 inquit,
662 5579 732 5625 iet
774 5568 1092 5625 alIlictiones
1139 5568 1496 5624 reddiderunt
1525 5586 1619 5626 vos
1653 5586 1867 5639 segnes,
1906 5584 2006 5625 uec

428 5661 662 5730 patcstis
698 5658 971 5729 perfectos
1000 5658 1194 5713 audire
1227 5675 1534 5715 sermones.
1567 5678 1585 5711 ι
1623 5661 1836 5714 Etenim
1874 5675 1998 5712 cum

429 5744 705 5805 deberetis
735 5750 986 5806 doctores
1011 5768 1154 5806 esse.
1182 5772 1199 5804 ι
1228 5751 1362 5806 Cum
1400 5752 1560 5806 laude
1587 5752 1794 5821 profert
1823 5753 2004 5818 objur-

426 5842 722 5914 gationetu.
774 5840 980 5913 Segnes
1034 5846 1178 5898 enim
1228 5853 1279 5899 et
1336 5845 1518 5915 ignavi
1561 5833 1719 5909 estis,
1766 5844 1941 5913 inquit
1985 5861 1998 5904 ;

2112 5104 2370 5175 ἠϐούλετο
2403 5103 2704 5176 μεταϐῆναι
2727 5106 2827 5158 καῖ
2849 5102 2949 5158 tul
2972 5108 3039 5160 τὰ
3067 5107 3369 5179 θεοπρεπῆ,
3393 5109 3517 5163 ἀλλ’
3540 5113 3713 5165 ἀσθε-

2112 5197 2224 5257 νεῖς
2254 5196 2331 5247 ἔτι
2370 5196 2525 5258 ὄντες
2557 5195 2693 5266 πίὸς
2737 5193 2831 5260 οὓς
2857 5198 2885 5251 6
2911 5196 3090 5266 λόγος,
3141 5200 3241 5253 οὐκ
3287 5202 3471 5270 ἴσχυον
3502 5203 3714 5259 τελεισο
3735 5228 3747 5237 ·

2118 5285 2296 5355 τέρων
2347 5282 2567 5339 ἀκούειν
2621 5285 2929 5356 δογμάτων.
2975 5306 2994 5339 ι
3020 5287 3173 5340 Ἐπεὶ
3197 5288 3396 5362 νωθροὶ
3437 5293 3711 5359 γεγόνατε

2116 5380 2237 5440 ταῖς
2283 5377 2494 5438 ἀκοαῖς.
2535 5397 2552 5429 ι
2594 5378 2656 5432 ΟΞ
2686 5380 3007 5449 πειρασμοι,
3045 5379 3200 5450 φησὶ,
3253 5381 3347 5434 καὶ
3385 5381 3710 5451 αῑθλίψεις,
3772 5394 3779 5397 ·

2112 5468 2354 5538 νωθροὺς
2403 5469 2549 5537 ὑμᾶς
2596 5470 2880 5539 ἐποίησαν,
2928 5470 3025 5524 καὶ
3090 5472 3151 5526 ού
3200 5472 3429 5527 δύνασθε
3474 5476 3710 5529 τελείων

2111 5559 2329 5614 ἀκούειν
2352 5560 2550 5629 λόγων.
2591 5581 2607 5613 ι
2643 5563 2752 5615 Καὶ
2781 5562 2889 5633 γὰρ
2932 5563 3247 5634 ὀφείλοντες
3281 5563 3708 5621 εἶναιδιδάσκα-

2110 5661 2212 5713 λοι.
2255 5678 2273 5711 ι
2328 5660 2484 5713 Μετὰ
2539 5661 2818 5731 ὲγκωμίον
2866 5663 3137 5734 προσάγει
3179 5664 3276 5734 τὴν
3335 5665 3703 5734 κατηγορίαν.

2114 5752 2330 5822 Νωθροὶ
2360 5751 2469 5825 γὰρ
2490 5753 2585 5806 καὶ
2613 5753 2866 5825 ῥᾴθυμος,
2916 5755 3115 5824 φησιν,
3140 5756 3262 5809 ἐστὲ
3281 5795 3298 5821 ,
3332 5756 3510 5809 καίτοι
3541 5757 3706 5823 ὀφεί-

2112 5846 2297 5908 λοντες
2339 5845 2432 5902 καὶ
2466 5844 2687 5918 ἑτέρους
2718 5845 2990 5901 διδάσκειν
3039 5846 3126 5902 διὰ
3171 5848 3263 5901 τὸν
3290 5847 3500 5918 χρόνον.
3533 5845 3704 5902 Οὕτω
