3988 6604
239 367 330 427 ξῖ9

1272 359 1657 421 COMMENT.
1699 358 1779 418 IN
1815 356 2053 418 EPIST.
2088 355 2186 414 AD
2223 351 2454 414 HEBR.

3332 340 3436 402 330

236 487 281 539 δὲ
311 483 564 536 δείκνυσιν
603 481 666 532 ἐκ
711 479 905 533 πολλοῦ
936 478 1375 541 πεπιστευκότας
1409 476 1626 539 αὐτούς.
1664 478 1771 530 Καὶ

1896 475 2029 545 ttqui
2076 471 2343 529 deberetis
2381 469 2520 525 alios
2552 482 2770 540 quoque
2803 466 3001 524 docere
3035 479 3137 536 pro
3179 465 3437 534 tetttporis

234 577 326 645 γὰρ
352 571 647 642 ὀφείλοντες
695 571 1003 624 διδάσκαλοι
1050 566 1213 632 εἶναι,
1247 570 1306 620 οὑ
1338 570 1495 638 μόνον
1525 569 1625 620 οὐκ
1651 568 1774 620 ἐστὲ

235 663 531 726 διδάσκαλοι,
547 662 793 716 ἀλλὀὺδὲ
814 660 1100 730 μανθάνειν
1115 658 1361 720 δύνασθε,
1386 660 1433 711 εί
1454 658 1528 730 μὴ
1549 658 1612 710 τὰ
1633 673 1778 710 στοι-

234 756 564 827 χειωδέστερα
596 756 693 808 καλ⁵
721 754 949 806 ταπεινὰ
972 754 1063 807 καὶ
1094 752 1454 824 ἁπλούστερα.
1474 754 1585 807 Καὶ
1608 751 1779 804 ταῦτα

234 848 314 916 οὐχ
339 847 538 909 ἁπλῶς,
572 846 688 898 ἀλλ’
717 846 746 899 ὃ
781 844 859 899 ἔτι
887 844 1294 915 ἀσθενέστερον,
1319 845 1387 896 τὰ
1421 845 1658 913 στοιχεῖα
1682 842 1779 912 τῆς

234 938 386 1007 ἀρχῆς
406 937 513 988 τῶν
536 935 737 1004 λογίων
772 936 865 989 τοῦ
893 935 1048 989 Θεοῦ.
1079 935 1153 988 Οὐ
1178 935 1284 987 τῶν
1309 933 1503 1002 λογίων
1537 934 1593 986 δέ
1623 950 1777 1002 φησι,

233 1028 287 1080 τὰ
327 1030 583 1097 στοιχεῖα,
628 1028 761 1080 ἀλλά
782 1067 798 1091 ,
848 1026 946 1096 τῆς
980 1024 1158 1097 ἀρχῆς
1188 1026 1295 1078 τῶν
1328 1025 1543 1094 λογίων.
1609 1024 1707 1094 Είη
1739 1024 1783 1075 δ’

234 1121 283 1172 ἂν
311 1123 545 1188 στοιχεῖα
577 1119 675 1189 μὲν
720 1119 943 1182 εἰκότως
986 1117 1093 1172 τῶν
1132 1117 1225 1170 τοῦ
1284 1116 1419 1171 Θεοῦ
1468 1115 1683 1184 λογίων,
1732 1117 1783 1169 οῖ

236 1212 341 1281 περὶ
365 1210 836 1282 ὲνανθρωπήσεως
882 1211 1056 1279 λόγοι.
1089 1210 1289 1281 Ἀρχῆς
1327 1210 1382 1261 δὲ
1410 1208 1605 1277 λογίων
1637 1225 1784 1261 στοις

234 1305 350 1372 χεῖα,
380 1302 415 1355 ἃ
444 1301 652 1373 προῖὼν
679 1301 847 1370 λέγει,
883 1303 974 1371 Μὴ
1004 1301 1167 1355 πάλιν
1197 1300 1466 1371 θεμέλιον,
1508 1300 1600 1352 καὶ
1633 1299 1781 1368 ἑξῆς.

240 1409 253 1441 ι
282 1389 438 1443 Πάλιν
464 1388 659 1460 χρείαν
685 1389 858 1458 ἔχετε.
886 1408 904 1440 ι
958 1389 1127 1443 Πάλιν
1156 1388 1346 1459 χρείαν
1392 1386 1543 1458 ἔχετε
1582 1388 1673 1440 τοῦ
1706 1387 1785 1440 δι-

237 1481 433 1535 δάσκειν
480 1481 629 1550 ὑμᾶς
680 1482 826 1535 τινά.
872 1479 937 1533 Τί
972 1480 1030 1533 δὲ
1068 1479 1371 1545 διδάσκειν;
1414 1479 1481 1533 τὰ
1522 1482 1782 1549 στοιχεῖα,

238 1572 369 1642 φησί.
419 1589 439 1624 ι
482 1572 562 1625 Τὰ
600 1574 838 1641 στοιχεῖα
877 1573 975 1643 τῆς
1009 1571 1201 1642 ἀρχῆς.
1245 1590 1265 1624 ι
1299 1573 1542 1641 Στοιχεῖα
1590 1571 1783 1642 ἀρχῆς,

236 1666 312 1734 τὴν
340 1664 497 1718 ὲνανθ
508 1664 756 1735 ρώπησιν
778 1663 949 1733 λέγει.
1001 1664 1210 1737 Ὠσπερ
1228 1664 1335 1734 γὰρ
1362 1665 1454 1717 ἐπὶ
1477 1663 1584 1717 τῶν
1608 1681 1789 1736 γραμ-

242 1758 405 1827 μάτων
437 1757 654 1829 πρῶτον
680 1757 750 1811 τά
789 1759 1028 1827 στοιχεῖα
1075 1757 1439 1828 μανθάνομεν,
1471 1756 1644 1822 οὕτως
1688 1758 1783 1812 καὶ

1881 568 2111 622 ratione.
2136 566 2212 620 ιω
2242 574 2421 620 autem
2451 550 2866 632 ostendit°quvod
2901 569 3027 617 ante
3060 560 3278 629 longum
3312 565 3365 611 te
3421 583 3440 599 -

1887 674 1990 728 pus
2023 658 2392 714 crediderant.
2442 657 2656 712 Etenim
2700 668 2822 709 cum
2863 652 3135 708 deberetis
3188 651 3440 705 doctores

1883 761 2027 813 esse,
2079 764 2186 803 non
2225 749 2399 804 solum
2451 763 2558 801 non
2611 749 2745 802 estis
2793 744 3067 809 doctores,
3117 743 3212 799 sed
3265 756 3443 810 neque

1884 838 2098 894 discere
2133 841 2360 907 potestis
2395 840 2499 895 nisi
2538 840 2710 909 prima
2741 838 3010 892 elementa
3039 844 3095 889 et
3127 833 3348 888 humilia
3379 846 3444 886 ac

1886 933 2222 1004 simpliciora
2263 945 2276 986 :
2318 939 2373 988 et
2419 932 2534 987 haec
2581 945 2798 1002 quoque
2848 946 2955 984 non
3002 938 3300 997 utcunque,
3347 925 3442 980 sed

1884 1023 2031 1092 quod
2078 1022 2254 1077 adhuc
2306 1023 2631 1079 imbecillius
2677 1032 2783 1089 est,
2836 1021 3103 1077 elementa
3146 1020 3285 1075 initii
3328 1019 3444 1073 elo-

1887 1115 2140 1182 quiornm
2173 1114 2288 1168 Dei.
2318 1114 2434 1171 Non
2460 1116 2593 1170 dicit
2625 1123 2806 1171 autem
2840 1124 2854 1167 :
2889 1115 3168 1170 Elementa
3200 1112 3446 1183 eloquio.

1888 1223 2031 1269 rum,
2069 1207 2186 1271 sed,
2243 1207 2384 1261 initii
2429 1196 2818 1276 eloquiorum.‘
2844 1207 2977 1261 Esse
3019 1213 3202 1259 autem
3248 1205 3447 1258 met-ito

1888 1307 2120 1369 possunt
2171 1299 2436 1352 elementa
2491 1297 2831 1365 cloquiorum
2886 1295 3002 1362 Dei,
3053 1308 3335 1351 sermones
3380 1292 3448 1347 de

1887 1391 2261 1445 incarnatione
2306 1406 2322 1450 ;
2375 1390 2512 1443 initii
2563 1400 2740 1444 autem
2780 1389 3146 1458 eloquiorum,
3179 1388 3447 1443 elementa

1888 1498 2008 1552 quae
2035 1483 2089 1536 in
2125 1498 2413 1553 progressu
2439 1482 2570 1537 dicit
2600 1492 2614 1536 ξ
2646 1482 2764 1538 Non
2796 1497 3010 1536 rursum
3037 1480 3447 1536 fundamentum

1885 1575 2168 1643 jacientes,
2200 1586 2308 1629 etc.
2339 1593 2356 1626 ι
2390 1573 2622 1629 Rursum
2661 1575 2815 1629 vobis
2850 1589 2988 1644 opus
3021 1582 3122 1629 est.
3154 1591 3173 1624 ι
3210 1571 3447 1633 Rursum

1889 1683 2118 1724 necesse
2157 1668 2311 1723 vobis
2351 1676 2456 1733 est,
2490 1677 2549 1723 ut
2585 1667 2881 1723 doceamus
2909 1682 3025 1723 vos.
3061 1667 3316 1736 Quanam
3348 1679 3448 1719 auc

1891 1768 1995 1813 tem
2017 1758 2340 1813 doceamus?
2362 1758 2663 1822 Elementa,
2682 1759 2873 1828 inquit.
2904 1778 2922 1809 ι
2950 1757 3229 1813 Elementa
3254 1757 3444 1812 initii.»

239 1851 308 1902 ἐπὶ
332 1849 436 1902 τῶν
464 1849 626 1903 θείων
649 1843 842 1917 λογίων
873 1849 980 1903 ἔδει
1011 1849 1225 1921 πρῶτον
1246 1849 1313 1903 τὰ
1337 1850 1465 1920 περὶ
1500 1849 1598 1918 τῆς
1627 1853 1781 1904 ἐναν-

1896 1849 2162 1905 Ellemcnta
2201 1850 2345 1905 initii
2381 1852 2511 1907 dicit
2543 1867 2554 1901 :
2591 1850 3047 1907 lncarnationem.
3088 1850 3221 1905 Nam
3257 1866 3452 1923 quern-

243 1936 559 2007 θρωπήσεως
600 1936 969 1992 διδάσκεσθαι.
1016 1937 1201 1991 Ταῦτα
1247 1938 1355 2010 γὰρ
1385 1942 1502 2002 ταῖς
1543 1940 1791 2002 ἀπίστοις

242 2030 305 2081 ἔτι
341 2030 433 2083 καῖ⁸
469 2029 690 2099 νηπίαις
725 2031 917 2094 ἀκοαῖς
957 2031 1198 2101 χωρητά.
1248 2031 1334 2093 Ὠς
1367 2034 1425 2083 τό
1452 2047 1514 2098 γε
1546 2031 1791 2102 περὶτῆς

242 2122 465 2192 θεότητος
490 2121 586 2175 τοῦ
616 2121 850 2190 Χριστοῦ
879 2121 1206 2191 φιλοσοφεῖν,
1236 2122 1457 2175 τελείων
1487 2117 1555 2193 ἦν
1582 2121 1788 2177 λοιπόν.

252 2215 395 2285 Ὁρᾷς
416 2215 514 2287 τὴν
532 2215 713 2268 αἰτίαν
743 2197 810 2268 δι’
849 2215 914 2286 ἣν
949 2217 1060 2277 τοῖς
1093 2216 1367 2276 ταπεινοῖς
1395 2214 1788 2284 ἐμφιλοχωρεῖ;

243 2306 319 2358 διὰ
341 2307 432 2377 τὴν
462 2307 569 2361 τῶν
612 2307 921 2362 ἀκουόντων
951 2306 1256 2371 ἀσθένειαν,
1279 2307 1380 2359 οὐκ
1406 2306 1697 2377 ἰσχυόντων
1726 2305 1792 2360 τὰ

245 2398 403 2451 τέλεια
423 2397 702 2462 δέξασθαι.
756 2397 848 2450 Διὸ
879 2395 973 2450 καὶ
995 2397 1145 2468 παρὰ
1176 2395 1274 2460 τὰς
1315 2396 1486 2467 ἀρχὰς
1507 2397 1606 2464 τῆς
1640 2395 1792 2449 Ἐπι-

250 2486 421 2558 στολῆς
448 2488 653 2560 βραχέα
701 2489 1072 2560 φιλοσοφήσας
1121 2490 1373 2561 περὶτῆς
1409 2490 1659 2560 θεότητος
1700 2488 1792 2543 τοῦ

250 2580 483 2650 Χριστοῦ,
516 2581 680 2645 εὐθὺς
718 2583 1033 2634 κατέπαυσε
1052 2583 1138 2634 τὸν
1172 2581 1348 2649 λόγον.
1402 2581 1520 2633 Τῶν
1568 2583 1669 2651 μέν
1710 2598 1793 2635 τοι

248 2674 533 2745 ταπεινῶνή
554 2674 838 2744 Ἐπιστολὴ
852 2675 1283 2744 γέμει.--”Αλλο
1303 2674 1580 2747 [ΘΕΟΔΩΡ
1649 2675 1797 2729 Στοιο

250 2769 351 2836 χεῖα
374 2770 468 2838 τῆς
498 2768 676 2839 ἀρχῆς
702 2768 812 2824 τῶν
841 2768 1035 2840 λογίων
1082 2768 1176 2822 τοῦ
1208 2768 1365 2834 Θεοῦ,
1396 2769 1522 2831 τοὺς
1548 2785 1797 2822 ταπεινο·

250 2858 414 2927 τέρους
446 2862 575 2930 περὶ
602 2859 840 2932 Χριστοῦ
860 2861 1052 2928 λόγους
1091 2859 1338 2913 ὲκόιλεσε.
1370 2859 1494 2922 Τοῖς
1520 2858 1627 2930 γὰρ
1663 2859 1797 2929 μηδέ

254 2968 323 3002 πω
343 2953 434 3023 τὴν
462 2952 644 3005 πίστιν
662 2952 923 3024 ἐσχηκόσι
948 2951 1182 3015 τελείαν,
1210 2951 1280 3004 τὰ
1301 2951 1430 3022 περὶ
1460 2953 1558 3023 τῆς
1588 2950 1798 3021 ἀνθρω-

254 3044 456 3111 πότητος
486 3044 824 3115 προσέφερον
846 3044 1006 3113 μόνα,
1036 3043 1133 3114 τῆς
1160 3041 1420 3113 ἀληθείας
1454 3043 1501 3095 οἱ
1531 3043 1795 3112 κήρυκες.

1890 1941 2182 1996 admodum
2215 1942 2267 1996 in
2302 1944 2493 1997 litteris
2523 1944 2756 2012 primum
2781 1944 3046 1998 elementa
3067 1942 3353 2006 discimus,
3377 1942 3451 1997 ita

1891 2040 1943 2084 et
1974 2030 2025 2083 in
2053 2031 2254 2087 divinis
2277 2034 2507 2103 eloquiis
2532 2035 2766 2105 primunt
2796 2041 3007 2104 oportet
3035 2034 3218 2089 doceri
3245 2048 3306 2088 ea
3334 2047 3454 2103 qua:

1892 2121 1959 2174 de
1997 2122 2376 2178 incarnatione
2419 2134 2568 2179 sunt.
2613 2124 2816 2179 llorum
2864 2126 3009 2180 enim
3053 2139 3284 2195 capaces
3327 2132 3454 2179 sunt

1892 2214 2186 2269 incredula:
2230 2216 2431 2271 adhuc
2486 2224 2538 2271 et
2595 2218 2871 2274 infantiles
2926 2234 3089 2276 aures
3137 2237 3152 2275 :
3207 2222 3348 2276 sicut
3388 2219 3456 2277 de

1892 2305 2096 2360 Christi
2137 2305 2421 2362 divinitate
2466 2308 2862 2380 philosophari,
2914 2312 3281 2381 perfectorum
3324 2331 3457 2371 con-

1894 2407 2188 2467 sequentur
2215 2408 2381 2456 esset.
2413 2402 2578 2459 Vides
2613 2419 2833 2458 causam
2873 2420 2974 2459 cur
3010 2406 3306 2464 humilibus
3337 2424 3457 2466 ser-

1896 2491 2149 2545 munibus
2203 2492 2411 2549 diutius
2466 2494 2831 2552 immoretur?
2875 2495 3104 2569 Propter
3146 2499 3456 2561 auditorum

1898 2579 2351 2647 imbecillitatem,
2393 2584 2486 2653 qui
2534 2601 2643 2639 non
2695 2594 2955 2658 poterant
2993 2588 3231 2659 perfecta
3279 2590 3459 2646 susci-

1896 2685 2045 2741 p-re.
2115 2672 2239 2727 Ideo
2289 2690 2508 2744 quoque
2581 2677 2671 2731 ubi
2732 2678 2877 2731 circa
2932 2679 3189 2750 Epistolas
3237 2681 3459 2737 exordia

1899 2763 2134 2818 breviter
2163 2767 2230 2820 de
2259 2766 2461 2823 Christi
2496 2768 2778 2825 divinitate
2806 2772 3174 2839 disseruisset,
3209 2776 3459 2844 protinus

1899 2870 2207 2911 sermonem
2244 2861 2533 2915 continuit.
2583 2860 2770 2931 Itaque
2815 2863 3112 2934 Epistulam
3160 2866 3459 2923 humilibus

1898 2944 2072 3013 replet
2119 2949 2565 3005 sermonibus.—
2608 2951 2728 3006 Alio
2773 2952 2947 3009 modo.
2993 2953 3274 3012 Elementa
3317 2957 3458 3012 initii

1899 3037 2242 3106 eloquiorum
2304 3039 2418 3105 Dei,
2479 3044 2693 3097 vocavit
2744 3043 3067 3103 humiliores
3118 3048 3186 3103 de
3239 3049 3458 3107 Christo

252 3132 416 3196 Οὕτως
469 3136 498 3188 ό
556 3135 824 3205 μακάριος
886 3136 1087 3204 Πέτρος
1147 3135 1417 3196 Ἰουδαίοις
1472 3133 1792 3205 δημηγορῶν

1901 3141 2203 3185 sermones.
2261 3129 2540 3202 Siquidem
2592 3135 2837 3192 veritatis
2880 3150 3181 3209 praecones.
3232 3141 3318 3198 bis
3366 3143 3459 3213 qui

255 3225 606 3298 ἑμέτρησετὴν
621 3226 968 3282 διδασκαλίαν
989 3231 1055 3300 τῇ
1076 3228 1322 3299 ἀσθενείᾳ
1341 3230 1449 3281 τῶν
1470 3228 1792 3282 ἀκουόντων.

1900 3219 2143 3276 nondum
2175 3222 2471 3294 perfectam
2502 3225 2778 3283 habebant
2816 3227 2976 3286 ﬁdem
3010 3232 3126 3288 sola
3159 3247 3223 3289 ea
3254 3210 3457 3306 propo-

261 3336 276 3369 ι
306 3321 499 3392 Ἰησοῦν
526 3323 658 3393 γὰρ,
694 3322 821 3394 ἔφη,
853 3322 945 3376 τὸν
972 3323 1315 3394 Ναζωραῖον,
1345 3322 1517 3393 ἀνδρα
1559 3321 1666 3375 ἀπὸ
1702 3319 1796 3374 τοῦ

257 3411 371 3465 Θεοῦ
430 3413 879 3485 ἀποδεδειγμένον
937 3415 1016 3478 είς
1079 3416 1246 3485 ὑμᾶς.
1310 3433 1328 3467 t
1378 3415 1490 3471 Καὶ
1538 3413 1798 3484 γεγόνατε

260 3505 424 3574 χρείαν
453 3506 693 3577 ἔχοντες.
726 3527 745 3560 ι
794 3507 959 3561 Αὐτοὶ
998 3507 1280 3577 γεγόνατε,
1319 3508 1503 3578 φησὶν,
1547 3506 1612 3559 ἐκ
1636 3504 1800 3577 ρᾳθυ-

263 3598 391 3662 μίας,
417 3600 515 3653 οὐκ
547 3600 701 3663 ὄντες
723 3599 972 3654 τοιοῦτοι.
1014 3617 1034 3649 ι
1064 3599 1335 3662 Γάλακτος
1357 3598 1453 3652 καὶ
1487 3598 1546 3650 οὐ
1576 3598 1802 3669 στερεᾶς

260 3687 459 3756 τροφῆς.
491 3706 509 3738 ι
557 3689 704 3741 Γάλα
738 3687 883 3757 λέγει
908 3690 1034 3750 τοὺς
1068 3689 1359 3751 ταπεινοὺς
1401 3688 1529 3758 περὶ
1560 3685 1799 3757 Χριστοῦ

260 3773 445 3843 λόγους,
473 3781 598 3843 τοὺς
646 3779 775 3850 περὶ
814 3780 911 3850 τῆς
947 3779 1179 3851 σαρκός·
1214 3780 1440 3852 στερεὰν
1483 3780 1539 3833 δὲ
1572 3779 1799 3850 τροφὴν,

261 3870 367 3930 τοὺς
401 3870 634 3933 τελείους
681 3873 806 3935 τοὺς
837 3873 964 3941 περὶ
1013 3873 1109 3941 τῆς
1154 3872 1407 3942 θεότητος
1459 3870 1644 3926 αὐτοῦ.
1677 3872 1802 3934 Τοῖς

262 3953 416 4012 οὖνέτι
434 3961 641 4028 νηπίοις
668 3961 766 4031 τὴν
789 3960 990 4025 πίστιν,
1019 3960 1124 4013 ἔδει
1147 3961 1315 4028 λόγων
1342 3961 1630 4025 ταπεινῶν,
1650 3962 1803 4031 (κατ-

265 4049 464 4124 άλληλον
480 4054 587 4124 γὰρ
608 4056 721 4116 τοῖς
749 4052 964 4124 νηπίοις
977 4054 1037 4105 τὸ
1057 4054 1242 4123 γάλα,)
1260 4056 1366 4117 τοῖς
1387 4053 1442 4106 δὲ
1458 4053 1683 4117 τελείοις
1704 4053 1801 4123 τὴν

267 4144 443 4211 πίστιν,
485 4148 581 4217 τῆς
613 4146 840 4216 στερεᾶς
889 4148 1096 4217 τροφῆς
1143 4144 1238 4198 καὶ
1268 4145 1365 4213 τῆς
1401 4144 1612 4214 ὑψηλῆς
1675 4146 1802 4214 περὶ

266 4236 471 4305 Χριστοῦ
500 4237 837 4304 φιλοσοφίας.
867 4238 1010 4300 «Πᾶς
1035 4237 1185 4305 γὰρό
1208 4236 1446 4306 μετέχων
1462 4236 1749 4303 γάλακτος.
1776 4252 1795 4286 ι

267 4327 362 4391 Πᾶς
401 4331 523 4400 γὰρ,
552 4331 739 4400 φησὶν,
787 4331 815 4383 ό
847 4329 1088 4399 μετέχων
1139 4327 1309 4397 λόγων
1341 4326 1634 4390 ταπεινῶν,
1692 4324 1802 4379 τῶν

268 4421 495 4489 περὶτῆς
534 4419 947 4490 ἀνθρωπότητος
993 4415 1089 4470 τοῦ
1141 4418 1367 4487 Κύριοδ,
1407 4411 1573 4488 (οὗτοι
1605 4415 1714 4487 γὰρ
1742 4414 1801 4470 τὸ

1901 3315 2124 3379 nebant,
2155 3330 2277 3387 quae
2310 3317 2377 3372 de
2407 3317 2744 3376 humanitate
2772 3329 2948 3378 erant.
2976 3321 3136 3397 353
3165 3325 3238 3380 Ita
3266 3327 3459 3386 beatus

1900 3407 2119 3475 Petrus,
2159 3413 2473 3483 cum-apud
2517 3412 2736 3472 Judaeos
2768 3417 3211 3484 concionaretur,
3256 3421 3463 3477 doctri-

1902 3516 2024 3554 nam
2068 3502 2396 3556 metiebatur
2439 3503 2591 3573 juxta
2627 3505 2967 3564 audientium
3012 3508 3458 3570 imbecillitatem.

1906 3591 2143 3657 desum,
2170 3593 2366 3663 inquit,
2393 3596 2728 3653 Nazarenum
2752 3599 2926 3656 virum
2941 3616 2972 3657 a
2990 3599 3100 3659 Deo
3121 3602 3461 3676 designatum

1902 3684 1971 3738 ad
1986 3700 2237 3740 τοτα-ι
2257 3685 2514 3758 Factique
2534 3689 2722 3746 estisii
2744 3692 2946 3761 quibus
2978 3707 3117 3763 Opus
3155 3695 3247 3751 sit.
3273 3712 3292 3747 ι
3328 3694 3459 3764 Ipsi,

1904 3774 2100 3843 inquit,
2126 3793 2188 3834 ex
2214 3780 2444 3849 segnitie
2469 3780 2599 3835 facti
2625 3784 2778 3848 estis,
2798 3798 2921 3837 cum
2951 3784 3085 3842 tales
3112 3801 3220 3841 non
3243 3788 3458 3845 essetis.

1910 3886 1927 3918 ι
1964 3866 2125 3923 Lacte
2159 3876 2212 3923 et
2246 3886 2352 3923 non
2381 3871 2555 3926 solido
2591 3871 2735 3928 cibo.
2769 3890 2789 3925 ι
2821 3872 2934 3929 Lac
2962 3874 3096 3930 dicit
3136 3875 3371 3935 humiles
3396 3879 3463 3932 de

1902 3958 2122 4015 Christo
2163 3976 2464 4028 sermones,
2509 3977 2702 4032 nempe
2733 3963 2823 4034 qui
2850 3972 2976 4020 sunt
3004 3965 3071 4020 de
3099 3981 3282 4023 carne.
3318 3968 3463 4025 Soli-

1904 4047 2033 4103 dum
2078 4064 2208 4104 vero
2260 4052 2464 4117 cibum,
2517 4050 2791 4122 perfectos
2836 4053 2905 4109 de
2952 4054 3126 4125 ipsius
3177 4055 3462 4113 divinitate

1904 4153 2206 4195 sermones.
2238 4140 2333 4197 llis
2365 4141 2528 4211 igitur
2555 4141 2648 4212 qui
2679 4130 2997 4199 tlde‘adltuc
3024 4154 3182 4201 erant
3223 4146 3460 4204 infantes

1902 4245 2040 4299 Opus
2067 4239 2182 4286 erat
2211 4231 2508 4288 humilibus
2536 4233 2898 4301 sermonibus,
2936 4235 3020 4291 lac
3054 4236 3202 4292 enim
3234 4237 3461 4292 Infanti-

1899 4322 2005 4378 bus
2036 4324 2364 4379 conveniens
2396 4337 2479 4381 est
2520 4342 2534 4379 :
2584 4325 2837 4396 perfectis
2882 4336 3065 4383 autem
3114 4329 3242 4396 llde,
3284 4331 3460 4387 solido

1901 4415 2024 4470 cibo
2049 4424 2103 4471 et
2132 4415 2371 4486 perfecta
2394 4416 2460 4472 de
2481 4416 2698 4473 Christo
2721 4418 2992 4476 doctrina.
3016 4436 3035 4473 ι
3054 4418 3187 4474 Nam
3209 4422 3461 4494 quisquis

268 4511 430 4577 γάλα,)
454 4512 679 4582 ἄπειρός
699 4514 814 4563 ἐστι
839 4511 934 4564 καὶ
958 4510 1223 4581 ἀμέτοχος
1249 4510 1407 4576 λόγου
1432 4508 1792 4579 δικαιοσύνης.

1903 4506 2061 4560 laetis
2100 4514 2185 4561 est
2232 4508 2524 4578 particeps.
2564 4527 2584 4561 ›
2639 4508 2828 4566 Omnis
2866 4511 3012 4566 enim
3055 4512 3148 4581 qui
3188 4514 3459 4586 particeps

268 4605 415 4671 Λόγον
427 4606 478 4659 δὲ
491 4606 835 4675 δικαιοσύνης
856 4604 1026 4672 λέγει,
1055 4602 1147 4656 τὸν
1166 4600 1406 4673 περὶτῆς
1437 4600 1685 4671 θεότητος
1703 4602 1797 4655 τοῦ

269 4696 466 4766 Κυρίου.
502 4717 519 4751 ι
558 4698 622 4750 Ἡ
660 4698 852 4767 στερεά
895 4697 1093 4767 τροφή.
1119 4712 1138 4747 ›
1183 4695 1239 4746 Ὀ
1279 4693 1480 4762 ὑψηλὸς
1505 4693 1682 4761 λόγος,
1704 4692 1801 4747 καὶ

267 4787 325 4837 τὰ
338 4787 497 4859 ὑψηλὰ
523 4806 587 4842 πε
595 4772 911 4860 ρἰΧριστοῦ
929 4787 1194 4857 δόγματα.
1224 4804 1243 4837 ι
1273 4783 1394 4837 Τῶν
1415 4784 1501 4838 διὰ
1512 4785 1610 4855 τὴν
1629 4784 1793 4850 ἕξιν.»

269 4878 365 4948 Τὴν
388 4878 493 4947 ἕξιν
519 4883 675 4952 φησι,
704 4879 803 4951 τὴν
835 4878 1169 4950 τελειότητα,
1212 4878 1275 4931 τὸ
1317 4876 1497 4941 καλῶς
1544 4878 1796 4948 ἀνῆχθαι,

269 4973 699 5041 γεγυμνασμένων
726 4971 793 5024 τὰ
833 4971 1186 5042 αἰσθητήρια,
1232 4963 1362 5033 οἷον,
1403 4970 1593 5039 ἀκοὴν,
1622 4970 1793 5039 γλῶσο

271 5073 374 5127 σιν,
399 5062 717 5132 ὀφθαλμούς.
747 5062 821 5114 Ἦ
862 5060 992 5128 γοῦν
1036 5060 1103 5113 τὰ
1132 5061 1228 5130 τῆς
1261 5062 1439 5131 ψυχῆς
1471 5058 1799 5131 αἰσθητήρια

268 5147 416 5216 λέγει.
446 5153 582 5223 Πρὸς
613 5151 675 5205 τδ
716 5150 1034 5220 διακρίνειν,
1078 5151 1233 5220 φησὶ,
1283 5153 1409 5203 ποῖα
1454 5150 1522 5202 τὰ
1566 5148 1797 5220 χρηστὰ,

271 5236 352 5289 καὶ
393 5238 553 5309 ὑψηλὰ
581 5238 850 5310 δόγματα,
884 5240 976 5289 καὶ
1009 5239 1137 5290 ποῖα
1175 5254 1239 5288 τχ
1267 5237 1396 5290 νόθα
1414 5238 1507 5289 καὶ
1539 5236 1799 5306 διεφθαρ-

275 5329 415 5395 μένα.
448 5332 747 5385 Δὶνίττεται
792 5329 850 5383 δὲ
898 5330 1024 5391 τοὺς
1059 5331 1192 5382 πᾶσι
1240 5330 1350 5392 τοῖς
1390 5328 1671 5398 ὁτιδήποτε
1718 5327 1800 5378 δι-

271 5411 529 5470 δάσκουσιν
584 5416 897 5480 ὲκδιδόντας
945 5417 1167 5479 ἑαυτοὺς
1191 5416 1284 5468 καὶ
1329 5416 1703 5484 πειθομένους.
1739 5415 1798 5468 '0

272 5506 366 5575 γὰρ
392 5509 548 5564 πάντα
564 5510 751 5573 ἀπλῶς
792 5509 1098 5580 δεχόμενος,
1133 5508 1459 5579 ἀδιακρίτως
1490 5507 1600 5577 ἔχει
1635 5506 1798 5561 καλοῦ

274 5596 354 5648 καὶ
382 5601 554 5655 κακοῦ.
1189 5602 1194 5607 ’

1902 4607 1986 4655 est
2033 4598 2321 4655 humilium
2365 4600 2435 4655 de
2482 4602 2823 4657 humanitate
2871 4602 3085 4658 Domini
3141 4619 3458 4661 sermonum

1904 4690 2052 4760 (nam
2084 4691 2138 4744 bi
2174 4692 2256 4746 lac
2279 4692 2583 4762 dicuntur),
2602 4695 2646 4750 is
2674 4695 2827 4750 rudis
2853 4704 3015 4751 estet
3044 4712 3151 4752 non
3188 4699 3460 4770 particeps

1903 4798 2216 4838 sermonum
2251 4785 2496 4854 justitiae.
2519 4785 2831 4841 Sermonem
2856 4796 3034 4842 autem
3055 4791 3285 4858 iustitiae
3330 4792 3462 4847 dicit

1903 4886 2027 4925 eum
2085 4874 2175 4942 qui
2234 4873 2301 4928 de
2368 4875 2654 4930 divinitate
2701 4885 2805 4933 est.
2868 4894 2887 4928 ι
2928 4876 3148 4935 Solidus
3221 4881 3397 4938 cibus.
3434 4903 3452 4934 ι

1903 4959 2166 5018 Sublimis
2197 4978 2376 5019 sermo
2413 4980 2477 5019 ac
2511 4966 2765 5023 sublimia
2814 4968 2881 5022 de
2930 4968 3150 5026 Christo
3178 4971 3457 5043 dogmata.

1906 5071 1925 5104 ι
1972 5052 2175 5123 Nempe
2218 5056 2413 5110 horum
2446 5058 2539 5128 qui
2581 5068 2803 5129 propter
2846 5060 3106 5118 habitum.
3139 5080 3160 5116 >
3202 5062 3458 5122 Habitum

1899 5143 2033 5197 dicit
2063 5144 2472 5214 perfectionem,
2506 5155 2653 5203 recte
2701 5151 2963 5208 educatos
2993 5167 3139 5220 esse,
3164 5154 3311 5210 sicut
3335 5171 3461 5211 sen-

1903 5247 1997 5288 sus
2045 5233 2277 5289 habeant
2329 5238 2676 5302 exercitatos,
2718 5254 2911 5310 nempe
2966 5256 3146 5309 aures,
3194 5244 3458 5315 linguam,

1902 5325 2114 5379 oculos.
2141 5326 2249 5380 Aut
2280 5341 2476 5382 sensus
2508 5328 2640 5384 dicit
2666 5332 2880 5387 animae.
2906 5335 2984 5388 Ad
3016 5336 3460 5404 discernendum,

1905 5418 2102 5486 inquit,
2140 5435 2387 5487 quamam
2421 5423 2571 5476 utilia
2601 5425 2711 5479 sint
2734 5440 2798 5479 ac
2818 5428 3072 5482 sublimia
3104 5427 3378 5498 dogmata,
3407 5436 3463 5481 et

1909 5524 2031 5578 quae
2074 5511 2380 5566 adulterina
2422 5529 2486 5570 ac
2526 5519 2953 5588 corrumpentia.
3001 5520 3127 5574 [llos
3166 5526 3344 5572 autem
3383 5518 3462 5571 la.

1912 5608 2089 5653 tenter
2126 5601 2367 5655 insinuat
2402 5605 2492 5673 qui
2543 5607 2794 5662 omnibus
2835 5623 3171 5677 quzccunque
3207 5614 3255 5661 ct
3292 5607 3463 5675 unde-

278 5702 466 5755 cunque
485 5693 800 5749 docentibus
830 5692 1041 5764 seipsos
1067 5692 1286 5746 tradunt
1313 5703 1374 5745 ac
1398 5691 1795 5762 obsequuntur.
1837 5692 1966 5746 Nam
1999 5695 2087 5762 qui
2124 5694 2304 5750 munia
2337 5705 2538 5754 temere
2568 5701 2782 5769 recipit,
2816 5703 3020 5756 nullum
3085 5701 3248 5757 habet
3315 5700 3465 5771 judi-

274 5781 402 5831 cium
431 5783 537 5835 boni
569 5802 630 5837 ne
664 5785 814 5838 mali.

483 5874 745 5938 PATROL.
784 5879 899 5938 Gn.
933 5876 1157 5938 CXIX.

3066 5884 3131 5941 11
