3918 6558
532 335 648 399 ’3’ἷ1

1591 340 1991 402 (ΕΕΗΜΕΝῙῙ
2025 343 2315 406 ΤΗῙΕΟΕ
2351 347 2690 413 EPISCOPI

3672 358 3767 423 332

613 446 704 509 Vl,
738 448 849 500 1-3.
918 446 1255 518 Quapropter
1306 450 1501 504 omisso
1558 466 1796 508 sermone
1848 454 1994 507 initii
2044 456 2113 508 ad

2289 461 2384 513 Διὸ
2414 461 2666 531 ἀφέντες
2691 464 2797 517 τεν
2819 462 2928 533 τῆς
2952 462 3143 534 ἀρχῆς
3172 463 3274 517 τοῦ
3302 463 3557 534 Χριστοῦ
3578 470 3764 537 λόγον,

537 538 829 604 Christum,
876 539 947 594 ad
993 542 1366 612 perfectionem
1417 542 1656 612 feramur
1696 559 1716 598 :
1757 561 1860 600 non
1902 561 2116 599 rursum

527 639 788 707 facientes
822 636 1225 708 fundamentum
1254 638 1574 706 pwniteutire
1599 637 1664 691 ab
1697 637 1938 707 operibus
1970 654 2115 694 mor-

535 734 641 786 tuis
670 741 718 785 et
749 730 873 801 ﬁdei
901 731 955 784 in
985 729 1172 790 Deum,
1197 729 1600 796 baptismatum,
1620 728 1875 783 doctrinae
1904 745 1967 783 ac
1998 745 2116 783 ma-

532 842 662 880 num
688 825 1042 895 impositionis
1068 830 1116 878 et
1146 822 1545 876 resurrectionis
1575 831 1904 876 mortuorum
1935 838 1999 876 ae
2021 822 2117 892 ju-

533 916 663 969 dicii
688 915 894 970 cterni.
930 912 1099 982 Atque
1125 910 1178 965 id
1208 910 1468 980 faciemus
1500 913 1546 965 si
1575 911 1785 983 quidem
1812 912 2111 983 permiserit

533 1009 694 1064 Deus.

603 1099 739 1157 Cum
776 1100 831 1154 in
868 1097 1247 1167 superioribus
1280 1106 1535 1155 vocasset
1569 1098 1789 1154 initium
1830 1114 2113 1158 sermones

535 1192 602 1249 de
641 1192 846 1248 Christi
886 1190 1251 1258 humanitate,
1295 1191 1686 1261 perfectionem
1724 1208 1859 1249 vero
1889 1208 1987 1250 eos
2017 1194 2108 1264 qui

533 1288 602 1344 de
640 1286 924 1341 divinitate
966 1292 1153 1340 essent
1185 1322 1201 1349 ,
1251 1300 1321 1339 ne
1369 1285 1422 1339 bi
1477 1286 1823 1355 impatienter
1863 1287 2113 1342 dolerent

534 1379 692 1449 quasi
729 1377 939 1448 indigni
982 1374 1410 1448 perfectioribus
1448 1378 1816 1443 sermonibus,
1858 1378 2111 1450 aggredi.

534 1483 625 1527 tur
654 1471 821 1527 etiam
859 1470 1042 1540 eloqui
1074 1469 1450 1541 perfectiores.
1478 1471 1768 1542 Eloquitur
1784 1480 1964 1527 autem
1999 1487 2110 1528 non

531 1576 599 1617 eo
629 1559 793 1616 modo
831 1574 942 1630 quo
972 1558 1125 1630 prius
1146 1559 1361 1615 vocavit
1387 1559 1657 1631 perfectos
1686 1578 1701 1617 :
1747 1574 1924 1631 neque
1964 1561 2109 1615 enim

532 1654 722 1710 audire
757 1659 1030 1724 poterant,
1075 1651 1171 1708 sed
1213 1650 1324 1706 alio
1367 1652 1531 1706 modo
1576 1659 1757 1707 astute
1799 1651 2112 1721 aggreditur

532 1760 864 1810 sermonem,
907 1759 1112 1800 vocans
1160 1743 1383 1816 quidem
1433 1744 1765 1815 principium
1813 1743 2107 1815 baptisma,

2215 551 2313 606 ἐπὶ
2344 555 2457 621 τὴν
2482 556 2820 624 τελειότητα
2847 556 3170 626 φερώμεθα,
3193 556 3278 625 μὴ
3308 556 3495 610 πάλιν
3517 560 3770 627 θεμέλιον

2216 649 2722 717 καταϐαλλόμενοι
2766 650 3088 717 μετανοίας
3139 648 3256 701 ἀπὸ
3309 647 3540 716 νεκρῶν
3579 650 3768 722 ἔργον,

2216 738 2310 791 καὶ
2345 740 2602 803 πίστεως
2631 738 2728 792 ἐπὶ
2759 740 2927 803 Θεὸν,
2948 738 3332 807 βαπτισμῶν,
3356 738 3629 808 διδαχῆς,
3655 743 3770 795 ἐπι-

2214 827 2434 893 θέσεώς
2473 845 2537 882 τε
2578 829 2811 898 χειρῶν,
2856 827 3249 894 ἀναστὼεώς
3292 845 3358 882 τε
3400 827 3643 895 νεκρῶν,
3684 832 3771 885 καί

2217 924 2502 991 κρίματος
2520 925 2784 977 αιωγίου.
2811 921 2922 976 Καὶ
2952 920 3132 976 τοῦτο
3161 920 3517 990 ποιήσομεν,
3568 920 3773 991 ἐάνπερ

2211 1014 2507 1083 ἐπιτρέπει
2543 1018 2576 1071 ὁ
2609 1016 2809 1081 Θεόςμ

2287 1108 2427 1162 Ἀνω
2469 1105 2639 1163 είπὼν
2676 1106 2850 1180 ἀρχὴν
2888 1106 3017 1170 τοὺς
3066 1105 3195 1176 περὶ
3242 1104 3657 1176 ἀνθρωπότητος
3690 1107 3774 1160 τοῦ

2213 1196 2418 1268 Κυρίου
2458 1196 2685 1266 λόγους,
2718 1196 3033 1267 τελειότητα
3068 1196 3126 1251 δὲ
3159 1198 3285 1259 τοὺς
3330 1201 3458 1264 περὶ
3499 1195 3772 1264 θεότητος,

2213 1288 2300 1341 ἵνα
2333 1287 2407 1359 μὴ
2440 1289 2782 1358 άδημονῶσιν
2813 1284 2980 1354 οὗτοι,
3008 1288 3084 1351 ὡς
3116 1286 3192 1358 μὴ
3223 1286 3536 1357 ἀξιούμενοι
3568 1288 3672 1340 τῶν
3698 1307 3776 1341 τε-

2212 1378 2497 1451 λειοτέρων
2522 1381 2715 1449 λόγων,
2746 1380 2925 1449 λέγειν
2950 1382 3078 1445 τοὺς
3103 1380 3343 1442 τελείους
3374 1379 3655 1447 πειρᾶται.
3681 1381 3775 1433 Δέ·

2211 1486 2298 1537 γει
2323 1468 2401 1534 δὲ,
2427 1469 2525 1539 οὐχ
2550 1469 2626 1532 ὡς
2650 1469 2762 1523 ἀνω
2784 1469 3023 1532 τελείους
3049 1470 3325 1529 ἐκάλεσεν.
3356 1468 3438 1526 (οὐ
3465 1468 3573 1538 γὰρ
3604 1467 3777 1537 ἴσχυον

2212 1559 2461 1628 ἀκοῦσαι)
2484 1574 2501 1592 ⁸
2538 1560 2651 1613 ἀλλ’
2703 1560 2907 1630 ἑτέρως
2941 1560 3217 1629 μεθοδεύει
3252 1559 3341 1614 τὸν
3377 1560 3568 1627 λόγον,
3617 1559 3779 1631 ἀρχὴν

2215 1652 2314 1724 μὲν
2335 1652 2396 1706 τὸ
2426 1651 2711 1723 βάπτισμα
2736 1652 2939 1718 καλῶν,
2967 1653 3060 1706 καὶ
3086 1653 3185 1722 τὴν
3207 1654 3263 1704 ὲν
3288 1652 3435 1722 αὐτῷ
3458 1651 3568 1704 τῶν
3594 1653 3777 1725 χειρῶν

2211 1743 2452 1797 ἐπίθεσιν
2478 1744 2571 1797 καὶ
2604 1744 2871 1814 σφραγῖδα
2898 1761 2911 1775 ο
2941 1743 3254 1814 τελειότητα
3280 1744 3337 1797 δὲ
3357 1786 3372 1808 ,
3401 1743 3499 1812 τὴν
3523 1744 3594 1796 δι’
3615 1744 3776 1815 ἔργων

532 1838 764 1912 θεῇσι
793 1853 1053 1893 manuum
1083 1836 1489 1907 impositionem
1512 1852 1576 1892 ac
1605 1837 1971 1908 signaculum,
1990 1851 2111 1907 qua:

2218 1835 2551 1906 φιλοσοφίαν.
2586 1834 2953 1905 Παρακατιὼν
2985 1835 3039 1889 δὲ
3082 1838 3414 1906 σαφέστερον
3448 1834 3601 1904 λέγει
3631 1837 3709 1896 τίς
3745 1837 3777 1907 ἡ

531 1936 591 1989 in
640 1947 707 1989 eo
753 1937 883 1987 sunt
934 1944 949 1983 :
1007 1929 1401 2000 perfectionem
1452 1944 1605 1995 vero,
1655 1928 1963 1984 doctrinam
2012 1942 2109 1998 per

523 2041 722 2099 opera.
758 2025 813 2079 In
858 2038 1155 2095 progressu
1191 2032 1372 2078 autem
1411 2021 1761 2078 manifestius
1792 2020 1930 2076 dicit
1961 2019 2107 2090 quod

537 2122 610 2175 sit
649 2119 865 2174 initium
902 2117 957 2172 in
991 2116 1075 2170 his
1103 2115 1195 2185 qui
1231 2113 1392 2168 modo
1429 2115 1685 2177 credunt,
1728 2124 1783 2169 et
1827 2128 1945 2183 quae
1987 2127 2109 2182 per-

512 2206 1074 2267 rfectio.Cousecuxio
1095 2204 1454 2259 ordinationis
1480 2200 2112 2274 litteram—Quapropter

504 2348 509 2353 .
539 2306 748 2361 omisso
771 2317 1024 2359 sermone
1047 2301 1162 2354 sive
1182 2297 1437 2368 dogmate
1466 2297 1603 2351 initii
1632 2296 1697 2350 ad
1721 2297 2019 2358 Christum,
2043 2294 2110 2349 ad

539 2396 929 2469 perfectionem
962 2392 1201 2447 feramur
1235 2406 1252 2455 ;
1292 2396 1455 2458 atque
1499 2388 1551 2442 id
1599 2387 1862 2442 faciemus
1902 2387 1945 2441 si
1989 2384 2111 2457 qui-

538 2490 662 2547 dem
693 2486 1003 2559 permiserit
1028 2483 1265 2540 Deus.—
1289 2502 1308 2535 ι
1336 2482 1652 2537 Sermonem
1682 2479 1822 2534 initii
1857 2478 1923 2532 ad
1951 2478 2112 2531 (thri-

496 2591 704 2639 .stum.
737 2598 757 2632 ι
813 2577 986 2649 Quem
1039 2573 1397 2631 sermonem?
1452 2572 1773 2626 Sermonem
1828 2569 2108 2632 dominae,

518 2674 684 2747 quod
719 2677 966 2742 oporteat
1002 2667 1413 2721 fundamentum
1449 2664 1633 2735 jacere
1676 2661 2010 2732 paenitentiae
2043 2659 2114 2715 ab

525 2767 801 2839 operibus
832 2761 1066 2818 mortuis
1091 2777 1106 2815 :
1136 2773 1447 2814 sermonem
1477 2754 1740 2809 doctrinae
1765 2753 1913 2824 quod
1951 2767 2113 2822 opor-

537 2855 883 2913 teatcrederc
901 2850 1152 2904 inDeum:
1174 2861 1482 2901 sermonem
1507 2844 1769 2900 doctrina:
1790 2842 1933 2913 quod
1950 2857 2108 2912 opor-

537 2958 649 3006 teat
666 2943 929 3017 baptizari
947 2956 963 2995 :
982 2954 1290 2999 sermonem
1309 2937 1573 2992 doctrina:
1591 2937 1731 3006 quod
1750 2951 1872 3003 οροι
1889 2941 1999 2987 teat
2029 2934 2114 2987 di-

536 3054 703 3112 gnum
729 3052 789 3091 se
817 3047 1006 3106 gerere
1034 3030 1241 3102 Spiritu
1264 3037 1456 3083 sancto
1480 3045 1497 3089 ;
1517 3043 1591 3082 set
1610 3042 1824 3081 monem
1849 3025 2115 3080 doctrina:

537 3131 683 3205 quod
713 3129 895 3185 futura
920 3126 990 3183 sit
1013 3124 1345 3180 resurrectio
1370 3138 1433 3176 ac
1459 3121 1749 3193 judicium.
1773 3119 1815 3174 Δ
1834 3117 2110 3174 eonununi

536 3225 683 3281 enim
715 3219 996 3275 intellectu
1040 3224 1341 3271 sumuntur
1382 3212 1448 3267 ad
1494 3212 1708 3282 singula
1752 3219 1808 3265 et
1838 3215 2032 3263 Sermo
2058 3217 2113 3262 et

537 3313 822 3370 Doctrina.
849 3339 920 3354 --
955 3327 975 3360 ι
1008 3307 1089 3362 Ad
1126 3304 1541 3376 perfectionem.
1572 3321 1591 3354 ι
1632 3302 1765 3356 Cum
1798 3301 2025 3355 dixisset
2053 3315 2114 3355 se

539 3407 850 3475 relinquere
893 3401 1280 3456 elementarem
1331 3397 1399 3451 de
1440 3394 1661 3450 Christo
1696 3408 2028 3457 sermonem,
2061 3402 2115 3448 et

537 3498 631 3568 qui
674 3480 818 3550 initii
856 3491 1106 3547 ordinem
1138 3488 1409 3552 continet,
1444 3486 1685 3555 ferrique
1730 3485 1793 3538 ad
1822 3484 2114 3555 perfectio-

542 3602 687 3652 nem,
714 3600 823 3640 non
857 3580 1182 3652 simpliciter
1209 3593 1273 3633 ac
1295 3578 1519 3649 proprie
1545 3578 1683 3633 dicit
1698 3575 2114 3648 perfer-tionem,

539 3681 634 3740 sed
664 3678 831 3733 veluti
866 3675 1102 3730 mediam
1134 3672 1277 3726 inter
1306 3670 1632 3727 crassiorem
1668 3668 2114 3723 informationem

500 3771 884 3844 .eloquiorum
919 3766 1010 3822 Dei
1042 3774 1095 3821 et
1128 3779 1441 3835 supremam
1476 3762 1890 3834 perfectionem.
1929 3762 2117 3835 Siqui-

536 3867 664 3924 dem
697 3863 964 3919 elementa
996 3856 1147 3913 initii
1169 3857 1516 3927 eloquiorum
1554 3855 1644 3910 Dei
1681 3863 1809 3909 sunt
1843 3856 2119 3910 abrenun-

541 3959 680 4017 tiare
707 3956 927 4011 Satana:
950 3953 1319 4020 omnibusque
1344 3949 1466 4017 ejus
1497 3949 1781 4020 operibus,
1807 3949 2033 4003 credere
2064 3951 2117 4004 in

514 4051 735 4117 'Deum,
766 4047 1056 4118 baptizari,
1086 4046 1337 4115 accipere
1368 4041 1630 4113 Spiritum
1677 4052 1949 4102 sanctum,
1979 4042 2121 4097 scire

541 4150 886 4218 mortuorum
907 4135 1387 4199 resurrectionem,
1409 4147 1470 4187 ac
1488 4132 1711 4186 credere
1736 4132 1975 4185 [ιιιιιιιιηι
2001 4146 2123 4187 esse

536 4230 951 4306 judiciumJizec
970 4226 1185 4299 quidem
1204 4225 1465 4280 elementa
1484 4232 1606 4278 sunt
1627 4222 1766 4277 initii
1781 4224 2121 4293 eloquinrum

525 4326 659 4385 'Dei.
688 4321 860 4378 Porro
881 4321 1145 4375 elementa
1168 4317 1511 4386 eloquiorum
1540 4313 1630 4368 Dei
1646 4326 1697 4368 et
1731 4330 1836 4369 non
1858 4315 1994 4368 initii
2012 4313 2126 4368 elo-

536 4415 795 4489 quiorum
831 4411 920 4466 Dei
955 4419 1101 4474 sunt,
1134 4410 1276 4464 scire
1298 4407 1441 4477 quod
1475 4420 1572 4473 pro
1617 4405 1775 4459 nobis
1804 4420 2001 4475 passus
2053 4406 2125 4461 sit

2213 1927 2355 1999 ἀρχὴ
2385 1928 2477 1981 ἐπὶ
2502 1927 2610 1981 τῶν
2635 1926 2761 1998 ἄρτι
2792 1928 3173 1993 πιστευόντων,
3203 1928 3297 1980 καὶ
3321 1927 3406 1991 τίς
3434 1929 3466 1998 η
3493 1927 3774 1998 τελειότης.

2211 2018 2284 2071 Τὸ
2316 2018 2607 2072 ἀκόλουθον
2636 2018 2735 2085 τῆς
2768 2019 3089 2083 συντάξεως.
3116 2048 3185 2059 —
3211 2016 3411 2091 [MHZ]
3441 2019 3532 2072 Διὸ
3563 2020 3777 2087 ἀφέντες

2211 2108 2301 2162 τὸν
2322 2109 2421 2178 τῆς
2448 2110 2621 2180 ἀρχῆς
2646 2112 2737 2163 τοῦ
2765 2109 2999 2181 Χριστοῦ
3024 2110 3331 2178 δογμάτων,
3355 2111 3448 2163 ἐπὶ
3471 2110 3573 2181 τὴν
3597 2111 3783 2165 τελειό-

2211 2220 2349 2273 τητα
2390 2204 2702 2273 φερώμεθα.
2741 2205 2849 2257 Καὶ
2880 2203 3038 2257 τοῦτο
3076 2205 3397 2274 ποιήσομεν,
3432 2205 3639 2274 ἐάνπερ
3671 2206 3780 2257 ἐπι-

2211 2293 2388 2366 τρέπῃ
2414 2295 2442 2345 ὀ
2470 2291 2622 2356 Θεός.
2653 2324 2719 2334 -
2752 2292 2912 2366 [ΤΟΥ
2935 2292 3220 2367 ΑΥΤΟΥ]
3254 2313 3273 2346 ι
3305 2294 3411 2348 Τοῦ
3443 2294 3682 2365 Χριστοῦ
3706 2295 3783 2347 λό-

2212 2400 2327 2453 γον.
2368 2403 2385 2435 ι
2419 2386 2577 2437 Ποῖον
2606 2384 2802 2453 λόγον;
2833 2386 2935 2439 Τὸν
2964 2386 3124 2454 λόγον
3152 2387 3251 2456 τῆς
3285 2385 3527 2458 διδαχῆς,
3559 2386 3654 2439 τοῦ
3681 2385 3781 2440 δεῖν

2214 2476 2571 2530 καταεάλλειν
2599 2476 2848 2545 θεμέλιον
2864 2478 3155 2547 μετανοίας
3190 2478 3298 2531 ἀπὸ
3323 2478 3534 2548 νεκρῶν
3572 2479 3741 2550 ἔργων
3763 2493 3779 2511 ⁸

2214 2570 2304 2624 τὶν
2333 2569 2489 2638 λόγον
2516 2570 2611 2641 τῆς
2643 2570 2882 2641 διδαχῆς,
2913 2569 3006 2624 τοῦ
3040 2570 3152 2624 δεῖν
3184 2571 3462 2624 πιστεύειν
3493 2573 3588 2625 ἐπὶ
3619 2573 3745 2626 Θεόν
3766 2588 3779 2603 ⁸

2213 2661 2304 2715 τὸν
2342 2662 2499 2729 λόγον
2536 2663 2636 2729 τῆς
2672 2663 2927 2733 διδαχῆς,
2983 2664 3077 2717 τοῦ
3118 2664 3229 2719 δεῖν
3271 2664 3665 2736 βαπτισθῆναι*
3699 2666 3782 2719 τὸν

2214 2754 2369 2824 λόγον
2409 2756 2510 2825 τῆς
2550 2755 2805 2826 διδαχῆς,
2849 2755 2943 2809 τοῦ
2981 2755 3092 2809 δεῖν
3132 2756 3433 2827 ἀξιωθῆναι
3477 2757 3784 2828 Πνεύματος

2214 2847 2407 2913 ἁγίου·
2457 2847 2547 2901 τὸν
2588 2846 2746 2915 λόγον
2791 2850 2888 2917 τῆς
2931 2848 3177 2919 διδαχῆς,
3222 2851 3304 2903 ὅτι
3350 2851 3672 2914 ἀνάστασις,
3712 2850 3786 2905 δί

2214 2938 2367 2993 ἔσται
2402 2941 2603 3011 κρίσις.
2641 2941 2778 3016 ’ᾼπδ
2811 2940 2991 2994 κοινοῦ
3030 2943 3137 3012 γάρ
3175 2942 3314 2995 κατὰ
3347 2942 3606 2999 πάντων.
3642 2945 3728 2995 καὶ
3756 2944 3781 2993 ό

2216 3032 2372 3099 λόγος
2416 3031 2511 3085 καὶ
2542 3034 2573 3103 ἡ
2610 3031 2820 3103 διδαχή.
2858 3062 2926 3072 -
2962 3030 3124 3104 [ΤΟΥ
3156 3031 3436 3104 ΑΥΤΟΥ.]
3479 3052 3498 3084 ι
3543 3031 3669 3086 Ἐπὶ
3700 3032 3788 3102 τὴν

2216 3126 2542 3195 τελειότητα.
2585 3143 2602 3176 ι
2640 3125 2823 3178 Εἰπὼν
2855 3126 3068 3194 ἀφεῖναι
3098 3125 3187 3179 τὸν
3217 3127 3344 3195 περὶ
3376 3126 3618 3196 Χριστοῦ
3651 3143 3786 3178 στοι-

2215 3216 2414 3288 χειώδη
2444 3217 2537 3269 καὶ
2567 3217 2743 3287 ἀρχῆς
2773 3218 3036 3289 ἐπέχοντα
3062 3217 3215 3283 τάξιν
3244 3217 3421 3287 λόγον,
3455 3222 3553 3272 καὶ
3586 3220 3676 3271 ἐπὶ
3701 3217 3788 3289 τὴν

2214 3309 2526 3377 τελειότητα
2569 3308 2857 3377 φέρεσθαι,
2897 3309 2998 3379 οὺχ
3047 3309 3232 3372 άπλῶς
3274 3326 3407 3379 φησι
3450 3308 3555 3379 τὴν
3596 3308 3789 3379 κυρίως

2215 3401 2548 3470 τελειότητα,
2573 3400 2689 3455 ἀλλ’
2705 3400 2905 3454 ὡσανεὶ
2928 3402 3027 3472 τὴν
3053 3401 3257 3472 μεταξὺ
3280 3401 3382 3470 τῆς
3408 3399 3790 3471 στοιχειιῦσεὼς

2216 3508 2273 3544 τε
2314 3490 2423 3544 τῶν
2454 3491 2653 3557 λογίων
2688 3491 2779 3544 τοῦ
2822 3489 2980 3555 Θεοῦ,
3018 3492 3112 3544 καὶ
3154 3490 3358 3562 μεταξὺ
3400 3492 3501 3559 τῆς
3543 3493 3792 3545 ἀνωτάτω

2218 3579 2572 3650 τελειότητος.
2594 3579 2750 3633 Ἔστι
2799 3579 2898 3650 μὲν
2932 3582 3040 3649 γάρ
3093 3584 3332 3650 στοιχεῖα
3381 3582 3561 3651 ἀρχῆς
3606 3580 3790 3646 λογίων

2217 3671 2374 3737 Θεοῦ,
2404 3673 2463 3724 τὸ
2490 3671 2863 3736 ἀποτάξασθαι
2889 3672 2963 3741 τῷ
2990 3673 3199 3742 Σατανᾷ
3231 3672 3328 3726 καὶ
3357 3676 3467 3736 τοῖς
3494 3674 3683 3743 ἔργοις
3706 3674 3793 3725 αὖ·

2219 3762 2344 3829 τοῦ,
2372 3762 2432 3816 τὸ
2464 3763 2747 3816 πιστεῦσαι
2780 3763 2872 3816 ἐπὶ
2903 3763 3059 3829 Θεὸν,
3091 3765 3150 3815 τὸ
3182 3763 3588 3832 βαπτισθῆναι,
3619 3766 3679 3817 τὸ
3703 3763 3791 3817 λα-

2221 3853 2334 3907 ϐεῖν
2364 3854 2586 3924 Πνεῦμα
2620 3854 2795 3922 ἅγιον,
2824 3855 2884 3907 τὸ
2918 3855 3118 3908 ειδέναι
3148 3855 3358 3925 νεκρῶν
3386 3857 3711 3920 ἀνάστασιν,
3739 3856 3794 3908 τδ

2223 3946 2500 4000 πιστεύειν
2523 3947 2604 4000 ὅτι
2627 3947 2778 3999 ἔσται
2802 3948 3001 4018 κρίσις.
3028 3949 3213 4001 Ταῦτα
3243 3950 3340 4018 μὲν
3361 3956 3605 4018 στοιχεῖα
3630 3950 3793 4020 ἀρχῆς

2222 4035 2418 4104 λογίων
2447 4035 2602 4089 Θεοῦ.
2632 4038 2877 4106 Στοιχεῖα
2910 4037 2968 4090 δὲ
3002 4037 3198 4104 λογίων
3231 4037 3366 4091 Θεοῦ
3386 4080 3400 4101 ,
3436 4042 3534 4092 καὶ
3568 4041 3671 4092 οὐκ
3702 4042 3792 4108 ἁρ-

2223 4129 2324 4197 χῆς
2354 4127 2549 4197 λογίων
2576 4129 2731 4188 Θεοῦ,
2758 4129 2819 4181 τὸ
2846 4128 3040 4181 εἰδέναι
3072 4130 3151 4182 ὄτι
3185 4130 3386 4183 ἔπαθεν
3415 4131 3561 4200 ὑπὲρ
3592 4130 3745 4202 ἡμῶν
3768 4131 3793 4181 ὁ

2225 4223 2475 4292 Χριστὸς,
2508 4223 2587 4275 ὅτι
2618 4221 2843 4276 ἀνέλαϐε
2870 4224 2968 4285 τάς
2997 4223 3275 4294 ἁμαρτίας
3304 4224 3484 4294 ἡμῶν,
3514 4226 3599 4279 ὅτι
3634 4242 3796 4293 σωτη-

2228 4312 2350 4384 ρίαν
2383 4315 2513 4383 ήμῖν
2548 4314 2872 4385 εἰργάσατο,
2908 4314 2989 4368 ὅτι
3025 4315 3317 4385 ἀρχιερεὺς
3352 4315 3511 4385 ήμῶν
3546 4316 3793 4383 γέγονεν,

2226 4406 2306 4458 ὅτι
2340 4405 2525 4458 ἑαυτὸν
2558 4406 2925 4477 προσήνεγκεν
2958 4405 3097 4475 ὑπὲρ
3131 4407 3310 4474 ἡμῶν,
3341 4410 3432 4459 καὶ
3461 4407 3517 4458 εί
3543 4425 3598 4459 τι
3631 4424 3798 4475 παρα-

530 4507 813 4573 Christus,
834 4503 978 4573 quod
1004 4500 1307 4571 susceperit
1336 4506 1560 4569 peccata
1580 4507 1785 4563 nostra,
1804 4498 1948 4568 quod
1977 4498 2114 4552 salu-

2230 4498 2474 4566 πλήσιον.
2509 4497 2791 4567 Τελειότης
2828 4497 2884 4551 δὲ
2917 4497 3010 4550 τοῦ
3049 4499 3147 4565 μὲν
3181 4498 3426 4563 ἀποτάξα
3464 4499 3560 4552 θαι
3593 4501 3671 4569 τῷ
3702 4500 3795 4551 Σα-

545 4612 651 4657 tem
694 4596 851 4653 nobis
877 4604 1131 4666 operatus
1163 4594 1252 4655 sit,
1288 4589 1433 4661 quod
1482 4589 1723 4660 pontifex
1754 4589 1912 4646 nobis
1942 4589 2119 4645 factus

544 4691 637 4756 sit,
661 4688 805 4760 quod
834 4685 1075 4754 seipsum
1110 4680 1368 4737 obtulerit
1398 4694 1497 4749 pro
1525 4678 1701 4745 nobis,
1732 4687 1784 4734 et
1807 4680 1852 4733 si
1882 4680 2013 4750 quid
2034 4680 2119 4736 his

545 4780 703 4839 afﬁne
729 4785 833 4835 est.
886 4774 1157 4831 Perfectio
1184 4786 1312 4827 vero
1332 4771 1450 4841 ejus
1479 4770 1619 4840 quod
1648 4780 1731 4827 est
1774 4772 2122 4829 renuntiasse

544 4870 762 4927 Satana
786 4866 1015 4938 ejusque
1037 4862 1405 4923 consortibus,
1438 4869 1522 4917 est
1547 4864 1814 4932 promotis
1833 4862 1886 4918 in
1906 4863 2122 4918 virtuti-

544 4961 669 5027 bus,
691 4956 976 5014 tolerantia
992 4951 1345 5008 aiilictionum
1371 4962 1423 5008 et
1453 4953 1894 5023 persecutionum
1918 4968 1980 5008 ac
1998 4963 2119 5007 ten-

542 5052 835 5108 tationum.
863 5045 1128 5118 Suprema
1150 5051 1327 5100 autem
1359 5043 1619 5115 perfectio
1645 5052 1727 5098 est
1751 5052 1940 5099 exacta
1971 5060 2121 5099 com-

549 5137 861 5213 prehensio,
921 5143 976 5190 et
1023 5140 1225 5204 quanta
1278 5134 1486 5187 homini
1533 5134 1815 5204 possibihs
1875 5143 1982 5198 est,
2051 5134 2120 5189 de

545 5230 752 5288 Christi
783 5227 1073 5297 theologia.
1106 5225 1347 5280 Primum
1380 5227 1543 5297 igitur
1563 5227 1847 5281 credentes
1876 5226 2118 5296 baptiza-

544 5339 694 5389 mur,
725 5321 927 5377 deinde
956 5321 1324 5390 agnoscimus.
1349 5326 1554 5389 quanta
1591 5334 1689 5389 pro
1732 5318 1889 5373 nobis
1923 5334 2117 5388 passus

545 5416 621 5473 sit
646 5414 903 5471 Christus
930 5427 994 5468 ac
1023 5411 1209 5468 fecerit
1233 5410 1390 5481 juxta
1421 5412 1842 5474 immanitatem,
1874 5421 2118 5481 postmo-

544 5508 675 5564 dum
723 5507 1021 5563 virtutibus
1080 5503 1419 5575 perlicimur,
1469 5504 1666 5559 exinde
1720 5505 1882 5558 etiam
1924 5503 2117 5573 cogni-

543 5605 716 5667 tione,
746 5616 869 5673 qute
907 5598 1205 5657 secundum
1246 5596 1484 5651 divinam
1515 5604 1599 5651 est
1650 5596 1933 5651 scientiam
1965 5596 2114 5666 digni

544 5691 845 5749 reddimur.
869 5710 888 5743 ι
926 5687 1044 5746 Non
1074 5705 1295 5744 rursum
1322 5690 1590 5758 jacientes
1618 5688 2052 5743 fundamentum.
2090 5706 2109 5740 ι

534 5784 663 5849 lion
701 5798 923 5841 rursum
959 5780 1105 5838 aliud
1149 5779 1420 5854 jacientcs
1473 5780 1909 5845 fundamentum,
1946 5781 2114 5834 veluti

720 6065 761 6076 ν

2224 4589 2389 4660 τανᾷ,
2423 4590 2508 4641 καὶ
2542 4591 2652 4651 τοῖς
2682 4588 2871 4641 τούτου
2908 4589 3237 4660 συστοίχοες,
3270 4591 3302 4662 ἡ
3339 4592 3396 4642 ἑν
3424 4594 3550 4655 ταῖς
3585 4594 3798 4660 ἀρεταῖς

2226 4682 2497 4753 προκοπὴ,
2521 4682 2552 4752 ἡ
2578 4681 2685 4735 τῶν
2710 4682 2940 4751 θλίψεων
2962 4682 3056 4735 καὶ
3080 4684 3332 4752 διωγμῶν
3356 4684 3450 4737 καὶ
3479 4686 3799 4755 πειρασμῶν

2223 4777 2491 4846 ὑπομονὴ.
2522 4775 2808 4846 Τελειότης
2834 4775 2887 4828 δὲ
2922 4776 2956 4845 ὴ
2985 4777 3244 4829 ἀνωτάτω
3272 4777 3305 4847 ἡ
3338 4779 3465 4848 περὶ
3492 4778 3596 4848 τῆς
3628 4779 3799 4832 θεολοο

2223 4868 2343 4935 γίας
2372 4864 2627 4936 Χριστοῦ,
2657 4867 2886 4920 καθόσον
2910 4867 3056 4920 ἐστὶν
3080 4867 3352 4938 ἀνθρώπῳ
3374 4869 3623 4929 δυνατὸν,
3650 4871 3797 4937 ἀκριο

2224 4958 2321 5028 εὴς
2374 4957 2694 5027 κατάληψις.
2741 4959 2961 5023 Πρῶτον
3003 4957 3094 5012 οὖν
3142 4958 3490 5023 πιστεύοντες
3545 4960 3799 5030 βαπτιζνό

2226 5048 2383 5116 μεθα,
2415 5046 2531 5101 εἶτα
2562 5048 2995 5120 ἑπεγινώσκομεν
3021 5051 3121 5103 ὅσα
3152 5050 3292 5117 ὑπὲρ
3319 5050 3478 5121 ἡμῶν
3509 5051 3539 5103 ὁ
3572 5051 3797 5122 Χριστὸς

2222 5139 2388 5192 ἔπαθέ
2421 5158 2477 5195 τε
2510 5141 2603 5193 καὶ
2632 5139 2853 5213 ἐποίησε
2882 5146 3019 5197 κατὰ
3049 5145 3109 5197 τὸ
3138 5144 3500 5214 ἀνθρώπινον,
3536 5148 3660 5195 εἶτα
3688 5145 3796 5201 ταί,

2222 5234 2445 5304 ἀρεταῖς
2482 5233 2858 5303 τελειούμεθα,
2898 5236 3089 5289 ἔπειτα
3134 5239 3227 5289 καὶ
3268 5236 3367 5305 τῆς
3411 5234 3674 5303 γνώσεως
3709 5233 3797 5299 τῆς

2223 5322 2363 5374 κατὰ
2384 5322 2480 5393 τὴν
2503 5322 2781 5391 θεολογίαν
2804 5323 3117 5394 άξιούμεθα.
3145 5344 3162 5376 ι
3187 5324 3277 5394 Μὴ
3302 5324 3457 5377 πάλιν
3478 5322 3753 5390 θεμέλιον.
3780 5340 3797 5371 ι

2223 5412 2311 5483 Μὴ
2335 5413 2495 5465 πάλιν
2516 5414 2603 5466 ἒτε
2612 5431 2702 5484 ρον
2717 5414 2965 5484 θεμέλίυν
2985 5416 3468 5486 καταϐαλλόμενοι,
3485 5408 3629 5479 οἷον,
3652 5415 3799 5482 φησὶ,

2222 5504 2667 5572 καταϐαλλόμεθα
2700 5507 2757 5559 ὲν
2788 5505 2867 5578 τῷ
2900 5505 3290 5575 βαπτίζεσθαι,
3318 5503 3637 5569 τουτέστιν,
3668 5503 3801 5554 dm-

2220 5598 2393 5667 ταγῆς
2418 5598 2524 5649 τῶν
2551 5598 2727 5668 ἔργων
2754 5599 2842 5651 τοῦ
2879 5600 3110 5652 Σατανᾶ.
3131 5599 3318 5665 "Arni
3352 5599 3479 5667 γὰρ,
3511 5598 3678 5667 φησὶ..
3708 5610 3799 5663 με·

2220 5693 2581 5757 τανοήσαντες
2623 5692 2708 5742 ἐπ’
2734 5690 2914 5753 αὐτοῖς
2961 5691 3391 5761 ἐϐαπτίσθημεν,
3433 5688 3533 5742 καὶ
3577 5688 3684 5741 οὐκ
3726 5686 3801 5738 ἑτι

2218 5781 2300 5835 δεῖ
2325 5783 2493 5835 ταῦτα
2525 5781 2585 5848 ἐξ
2611 5783 2857 5854 ὑπαρχῆς
2889 5785 3083 5837 ποιεῖν.
