3988 6580
245 383 351 447 333

1313 394 1702 461 COMMENT.
1741 401 1822 462 IN
1864 401 2098 466 EPIST.
2145 407 2249 467 AD
2286 409 2520 475 HEBR.

3385 429 3497 497 3.3!.

236 495 471 566 iacimus
500 499 628 556 dum
659 500 1022 572 baptizamur.
1058 503 1221 576 355
1272 507 1377 564 hoc
1440 520 1545 578 est,
1610 516 2033 574 renuntiationis
2062 535 2286 590 operum
2346 522 2581 583 Satanae.
2628 527 2811 586 Semel
2880 533 3050 605 enim,
3096 538 3295 613 inquit,
3357 552 3497 604 resi-

237 590 502 662 piscendo
536 595 604 650 ab
649 595 785 668 ipsis
814 598 1089 669 'baptizati
1124 611 1179 657 et
1230 604 1402 661 abluti
1446 624 1663 675 sumus,
1711 629 1813 669 nec
1850 618 2088 688 atuplius
2123 630 2342 689 oportet
2376 623 2491 679 haec
2513 626 2585 683 ab
2613 628 2847 684 exordio
2875 590 3082 690 facere.

303 680 651 759 [FENNAA.]
690 706 707 739 ι
747 689 885 743 Μεθ’
905 690 1215 762 ὑπερϐατοῦ
1244 696 1299 749 δὲ
1327 699 1359 767 ή
1390 700 1549 770 ρῆσίς
1576 704 1711 758 ἐστι.
1740 706 1795 758 Tl

1944 680 1961 688 ’
1986 708 2122 765 Cum
2157 713 2459 785 hyperbato
2484 728 2667 774 autem
2702 730 2786 777 est
2809 739 3012 780 sermo.
3055 725 3190 784 Nam
3231 731 3299 787 ad
3331 750 3494 795 omne

236 773 341 842 γὰρ
367 773 646 844 διδαχῆς,
675 779 809 849 πρὸς
826 780 972 835 ἆπαν
998 782 1086 835 διὰ
1104 785 1272 853 μέσου
1299 788 1359 841 τὸ
1375 794 1811 864 παρεγκείμενον

234 862 562 921 ἀποδίδοται.
590 868 701 920 Καὶ
726 869 842 923 ἔστι
868 872 1011 925 κατὰ
1035 873 1127 928 τὸν
1151 877 1276 930 νοῦν
1299 879 1490 950 αὐτῆς,
1516 862 1661 956 αὕτη
1687 903 1812 941 συν-

234 953 365 1025 θήκη
397 970 412 985 υ
450 958 546 1025 Μὴ
590 959 754 1014 πάλιν
788 961 1038 1032 θεμέλιον
1070 969 1532 1042 καταϐαλλόμενοι
1553 953 1806 1049 διδαχῆς,

232 1039 328 1095 εἷθ’
348 1043 525 1109 οὕτως
556 1047 625 1099 τὰ
658 1048 779 1102 καθ’
805 1051 933 1121 ἑξῆς
967 1054 1025 1108 ὲν
1054 1039 1433 1130 ἀπαριθμήσει
1465 1039 1806 1136 δηλούμενα,

233 1136 350 1206 περὶ
376 1129 452 1189 ὧν
481 1139 582 1207 τῆς
613 1139 834 1212 διδαχῆς
862 1145 913 1197 οἱ
946 1145 1205 1217 θεμέλιοι.
1234 1129 1494 1210 Βούλεται
1517 1129 1580 1211 de
1612 1129 1806 1229 εἰπεῖν,

230 1225 303 1278 ὅτι
338 1227 468 1292 Τοῖς
501 1230 601 1283 νῦν
636 1233 851 1303 πρῶτον
883 1240 1168 1306 προσιοῦσι
1201 1247 1270 1315 τῇ
1297 1246 1509 1314 πίστει,
1543 1251 1645 1324 τὴν
1677 1256 1809 1327 περὶ

229 1318 421 1373 τούτων
463 1321 815 1380 διδασκαλίαν
858 1329 1021 1383 οἱονεὶ
1065 1332 1314 1404 θεμέλιον
1359 1318 1807 1410 προκαταόαλλό-

233 1411 380 1480 μεθα,
417 1420 710 1483 μετανοεῖν
723 1420 820 1488 μὲν
844 1421 953 1474 ἀπὸ
978 1423 1088 1477 τῶν
1106 1431 1440 1496 νεκροποιῶν
1467 1433 1644 1505 ἔργων
1666 1438 1810 1491 είκό-

229 1518 324 1566 τως
352 1505 579 1574 πρῶτον
608 1510 809 1574 αὐτοὺς
835 1516 1294 1588 προτρεπόμενοι,
1328 1525 1720 1592 μετανοοῦντας
1748 1528 1806 1582 δὲ

230 1596 496 1651 πιστεύειν
522 1600 619 1652 ἐπὶ
644 1601 735 1654 τὸν
761 1602 915 1669 Θεὸν,
945 1609 1307 1677 πιστεύοντας
1334 1614 1389 1667 δὲ
1419 1614 1799 1686 βαπτίζεσθαι,

229 1684 655 1756 βαπτιζομένους
690 1691 746 1745 δὲ
778 1696 842 1763 τῇ
874 1697 984 1748 τῶν
1013 1698 1303 1768 ἱερατικῶν
1335 1706 1538 1776 χειρῶν
1571 1707 1804 1779 ὑπάγειν

234 1779 447 1842 ἑαυτοὺς
500 1782 751 1837 ἐπιθέσει
783 1785 918 1857 πρὸς
975 1792 1266 1860 μετουσίαν
1311 1797 1406 1850 τοῦ
1441 1800 1757 1869 Πνεύματος
1782 1823 1799 1840 ·

227 1870 404 1927 τούτου
434 1872 494 1925 δὲ
547 1878 939 1947 μετασχόντας,
966 1900 1030 1936 πε
1040 1883 1093 1954 ρὶ
1118 1886 1216 1955 τῆς
1240 1890 1304 1941 ὲκ
1329 1893 1539 1963 νεκρῶν
1566 1896 1802 1953 ἀναστά-

231 1977 353 2024 σεως
388 1964 592 2035 μηκέτι
625 1966 948 2036 διαπιστεῖν,
982 1975 1456 2046 ἀναστησομένους
1487 1984 1543 2037 δὲ
1578 1989 1671 2040 καὶ
1703 1985 1800 2043 αῦ-

229 2050 302 2115 θις
354 2055 837 2127 ἁναὸιωσομένους
893 2063 1112 2119 ἔσεσθαι
1170 2069 1351 2138 κρίσιν
1408 2074 1644 2144 εἰδέναι,
1706 2085 1800 2136 καὶ
1833 2063 1874 2118 Β

225 2144 432 2216 διηνεκῆ
483 2148 585 2201 καὶ
628 2151 844 2204 δικαίαν
887 2146 962 2207 ὧν
1002 2155 1237 2212 ἐνταῦθα
1287 2159 1655 2237 βεϐιώκαμεν,
1696 2172 1800 2243 τὴν

225 2237 480 2291 ἀντίδοσιν
512 2245 858 2310 περιμένειν.
895 2264 913 2297 ι
955 2247 1064 2310 Καὶ
1094 2250 1332 2317 πίστεως
1361 2256 1453 2310 ἐπὶ
1482 2258 1631 2316 Θεόν.
1667 2281 1687 2315 ι
1722 2267 1795 2320 Οὐ

227 2326 321 2396 γὰρ
352 2327 434 2382 δεῖ
461 2328 562 2384 νῦν
592 2331 784 2404 ὥσπερ
819 2335 880 2401 ἐξ
917 2336 1171 2411 ὑπαρχῆς
1206 2345 1483 2401 πιστεύειν
1513 2350 1607 2404 ἐπὶ
1642 2352 1795 2411 Θεόν.

231 2418 354 2489 Ἤδη
394 2422 506 2492 γὰρ
550 2424 913 2482 ἐπιστεύσατε
952 2430 1164 2504 διδαχῇ.
1224 2434 1290 2489 Ἥ
1331 2436 1585 2506 σύνταξις
1624 2443 1799 2510 οὕτως

231 2508 349 2562 ἔστί.
394 2510 487 2564 Διὸ
533 2513 766 2581 ἀφέντες
808 2517 901 2571 τὸν
944 2519 1041 2591 τῆς
1087 2523 1263 2594 ἀρχῆς
1297 2527 1393 2581 τοῦ
1435 2529 1572 2584 Θεοῦ
1617 2508 1796 2604 λόγονξ

228 2600 369 2653 Ποῖον
396 2602 462 2674 δὴ
493 2604 722 2674 τοῦτον;
755 2604 1024 2665 Τὺν”τῶν
1055 2612 1398 2688 βαπτισμῶν,
1433 2623 1526 2677 καὶ
1552 2600 1797 2698 διδαχῆς,

228 2693 309 2744 καὶ
330 2693 632 2761 ἐπιθέσεως
652 2698 761 2751 τῶν
778 2700 984 2773 χειρῶν
1010 2699 1205 2776 (δι’ὧν,
1229 2710 1291 2761 τὸ
1333 2713 1582 2784 Πνεῦμα,
1606 2693 1795 2789 φησιν,

229 2781 482 2854 ἑλάθετε),
527 2788 624 2840 καὶ
656 2788 755 2859 τῆς
787 2792 896 2844 τῶν
930 2793 1139 2864 νεκρῶν
1173 2781 1545 2870 ἀναστάσεως,
1578 2781 1680 2860 καὶ.
1700 2781 1796 2863 τοῦ

230 2876 479 2947 κρίματος
503 2878 600 2933 τοῦ
627 2883 845 2936 αἰωνίου
863 2924 878 2949 ,
904 2886 998 2939 ἐπὶ
1020 2887 1118 2958 τὴν
1140 2888 1453 2963 τελειότητα
1479 2897 1796 2969 φερώμεθα.

230 2969 291 3020 03
325 2971 403 3024 δεῖ
436 2972 572 3041 γὰρ,
614 2975 798 3044 φησὶν,
839 2977 927 3030 ἀεὶ
969 2978 1039 3031 τὰ
1076 2980 1219 3034 αὐτὰ
1258 2982 1513 3053 λέγεσθαι
1545 3005 1558 3020 ⁸
1585 2991 1797 3065 εἴρηται

226 3062 321 3130 τὰρ
362 3063 512 3128 ἅπαξ
552 3067 646 3117 καὶ
684 3068 1018 3138 γεγένηται·
1062 3071 1198 3125 ἀλλὰ
1241 3074 1341 3142 δεῖ,
1399 3080 1554 3147 φησὶ,
1599 3062 1701 3136 και
1729 3086 1796 3139 τὰ

229 3156 341 3222 παρ’
359 3154 512 3223 ὑμῶν
542 3158 1023 3230 συνεισφέρεσθαι,
1052 3163 1331 3231 τουτέστι,
1365 3171 1614 3244 χρηστὴν
1643 3176 1798 3229 πολι-

224 3244 379 3309 τείαν,
404 3247 495 3300 καὶ
522 3248 624 3318 τῆς
653 3250 890 3314 πίστεως
921 3253 1099 3318 ἀξίαν.
1120 3256 1267 3329 Αὕτη
1301 3262 1407 3330 γὰρ
1439 3264 1471 3334 ἡ
1498 3266 1793 3339 τελειότης,

227 3334 278 3386 τὸ
299 3337 610 3406 ἀμφιδέξιον
636 3335 776 3395 εἶναι
797 3342 893 3413 τὴν
906 3343 1128 3417 ἀρετὴν,
1146 3346 1278 3400 ὡσεὶ
1307 3349 1464 3420 ἔλεγε
1488 3370 1501 3384 ο
1530 3334 1758 3427 Νήψατε
1778 3334 1793 3390 έ

224 3427 312 3478 οὐκ
337 3429 412 3481 ἔνι
440 3433 553 3502 γὰρ
595 3431 755 3502 ζῆσαι
786 3434 1068 3505 ῥᾳθύμως,
1096 3441 1188 3491 καὶ
1215 3441 1380 3495 πάλιν
1406 3443 1795 3521 βαπτισθῆναι,

227 3520 307 3571 καὶ
324 3520 386 3572 δι’
406 3522 706 3588 ἐπιθέσεως
729 3527 924 3597 χειρῶν
947 3528 1128 3581 λαὸεῖν
1153 3532 1468 3604 Πνεύματος
1492 3539 1651 3608 ἁγίου
1672 3520 1797 3600 επι-

229 3791 276 3841 ὲν
298 3792 370 3862 τῷ
398 3796 551 3865 νόμῳ
582 3792 722 3851 εἶναι
757 3799 1121 3874 βαπτισμοὺς,
1153 3809 1447 3878 ἠϐούλοντο
1478 3818 1572 3870 καὶ
1601 3819 1662 3873 τὸ
1690 3825 1792 3892 τῆς

224 3885 336 3947 νέας
368 3886 650 3960 βάπτισμα
671 3930 685 3956 ,
724 3893 784 3946 τὸ
816 3894 914 3966 τὴν
949 3899 1372 3968 παλιγγενεσίαν
1402 3885 1782 3981 δωρούμενον,

229 3973 462 4040 πολλάκις
516 3978 914 4050 βαπτίζεσθαι,
963 3987 1052 4043 διὰ
1100 3992 1161 4045 τὸ
1203 3996 1452 4064 ἀφέσεως
1483 3973 1786 4075 ,ἁμαρτιῶν

226 4066 466 4132 πολλάκις
513 4071 688 4126 θέλειν
735 4074 1034 4140 ἀξιοῦσθαι.
1087 4099 1107 4134 ι
1133 4083 1469 4154 Ἐπιθέσεως
1512 4066 1633 4148 τῶν.
1669 4113 1784 4165 χει-

231 4156 344 4225 ρῶν.
390 4178 409 4211 ι
447 4161 571 4215 Τῶν
609 4166 669 4217 ὲν
705 4166 782 4236 τῷ
828 4169 1161 4240 βαπτίσματι
1200 4179 1615 4248 γινομένων.Ἢ
1653 4156 1782 4240 ένθα

229 4247 535 4315 ἐπιτιθέντες
560 4258 749 4325 χεῖρας
778 4259 825 4311 οί
850 4261 1137 4318 ἀπόστολοι
1161 4266 1222 4320 τὸ
1252 4269 1477 4341 Πνεῦμα
1504 4275 1777 4345 ἐδίδοσαν,

226 4333 347 4407 ὅπερ
372 4341 463 4393 καὶ
488 4343 515 4393 ὁ
542 4344 731 4414 Σίμων
755 4345 913 4402 ὤνιον
938 4348 1140 4418 ἐζήτει.
1174 4375 1193 4407 ι
1230 4358 1339 4411 Καὶ
1375 4333 1534 4416 τοῦτο
1558 4333 1779 4437 ποιήσοί

231 4442 334 4492 μιν.
367 4449 387 4481 ι
420 4433 602 4500 Ποῖον;
633 4436 694 4490 τὸ
723 4439 816 4492 ἐπὶ
843 4442 1156 4514 τελειότητα
1182 4448 1463 4520 φέρεσθαι.
1498 4473 1517 4507 ι
1541 4433 1776 4532 Ἐάνπερ

226 4515 471 4593 ἐπιτρέπῃ
495 4525 524 4577 ό
549 4526 703 4588 Θεός.
735 4547 755 4580 ι
801 4530 895 4596 Τὸ,
920 4532 1031 4587 ἐάν
1048 4552 1180 4605 nep,
1284 4543 1419 4612 πρὸς
1439 4543 1597 4600 τοῦτό
1626 4515 1775 4606 ἐστιν

226 4801 345 4855 γῑιν,
369 4791 501 4849 Θεοῦ
531 4797 781 4865 θέλοντος
809 4803 929 4858 τόδε
960 4808 1281 4880 ποιήσομεν.

228 4879 352 4941 Deus
372 4895 701 4958 permitteret
726 4913 741 4950 :
762 4913 979 4970 semper
1002 4905 1148 4959 enim

229 4970 323 5029 Deo
349 4981 552 5039 volente
586 4987 662 5040 ita
696 4987 984 5047 faciemus.

287 5067 600 5132 Ἀδύνατον
622 5079 736 5149 γὰρ
759 5087 901 5150 τοὺς
930 5085 1095 5153 ἅπαξ
1108 5096 1535 5169 φωτισθέντας,
1563 5121 1783 5174 γευσα-

226 5158 422 5231 μένους
445 5184 507 5223 τε
533 5168 649 5237 τῆς
676 5171 899 5243 δωρεᾶς
925 5177 1037 5247 τῆς
1064 5182 1450 5256 ἐπουρανίου,
1603 5158 1784 5266 μετό-

228 5267 360 5319 χους
398 5262 754 5330 γενηθέντας
800 5268 1148 5340 Πνεύματος
1193 5277 1403 5347 ἁγίου,
1439 5287 1539 5341 καὶ
1588 5262 1784 5347 καλὸν

228 5351 610 5443 γευσαμένους
643 5357 795 5411 Θεοῦ
817 5359 1005 5429 ῥῆμα,
1034 5365 1321 5437 δυνάμεις
1349 5390 1414 5427 τε
1442 5377 1781 5453 μέλλοντος

226 5432 433 5534 ﬁfth-oc,
476 5445 572 5498 καὶ
617 5452 1102 5523 παραπεσόντας,
1379 5432 1780 5534 ἀνακαινίζειξο

224 5523 300 5585 sic
321 5530 649 5597 partiretur,
675 5536 1207 5613 ἀνασταυροῦντας
1235 5550 1471 5621 ἑαυτοῖς
1496 5559 1604 5613 τὸν
1636 5563 1776 5619 Υίὸν

228 5612 317 5664 τοῦ
346 5619 500 5684 Θεοῦ,
531 5624 629 5676 καί
659 5612 1312 5705 παραδειγματίζοντας.

290 5720 309 5754 ι
325 5704 592 5768 Ἀδύνατον
610 5719 740 5789 γάρ.
772 5739 791 5770 ι
810 5723 925 5775 Οὐκ
947 5722 1065 5777 εἷπε
1083 5730 1378 5802 Δυσχερὲς.
1404 5736 1520 5792 ἀλλ’
1548 5741 1770 5799 Ἀδύναο

226 5802 322 5849 ων.
360 5813 380 5851 ι
412 5801 779 5877 Γευσαμίνους
812 5828 871 5865 τε
903 5815 1006 5887 τῆς
1047 5817 1276 5889 δωρεᾶς.
1320 5842 1339 5876 ι
1375 5825 1487 5901 Τῆς
1524 5834 1766 5903 ἀφέσεως

1913 801 1966 856 id
2003 803 2148 872 quod
2178 805 2232 860 in
2265 808 2446 864 medio
2476 810 2862 882 interpositum
2897 827 2982 874 est
3018 821 3256 879 refertur
3293 829 3495 887 doctri-

1911 910 2015 959 παν,
2040 904 2094 951 ει
2123 905 2207 951 est
2235 898 2394 969 juxta
2433 901 2609 972 ipsius
2642 906 2981 965 intellectum
3011 914 3126 969 haec
3168 920 3448 976 ordinatio
3469 939 3491 977 :

1911 985 2031 1041 Non
2086 1004 2304 1045 rursum
2333 992 2604 1061 iacientes
2656 996 3073 1059 fundamentum
3124 1009 3411 1078 docti-ium,
3437 1023 3495 1071 ει

1912 1076 1985 1131 ita
2018 1079 2084 1134 de
2119 1083 2331 1137 caeteris
2357 1099 2480 1153 quae
2513 1101 2913 1158 consequenter
2948 1102 3324 1157 enumerando
3372 1121 3490 1160 ma—

1912 1174 2271 1243 nilestautur,
2311 1178 2378 1233 de
2402 1195 2636 1250 quorum
2667 1185 2917 1242 doctrina
2959 1202 3085 1247 sunt
3114 1194 3490 1255 fundamenta.

1914 1266 2042 1320 Vult
2096 1276 2278 1325 autem
2313 1270 2501 1329 dicere
2543 1278 2689 1345 quod
2746 1294 2892 1334 nunc
2934 1283 3167 1353 primum
3216 1289 3283 1344 ad
3331 1291 3488 1346 fidem

1910 1357 2324 1429 accedentibus,
2373 1364 2571 1420 harum
2636 1385 2817 1424 rerum
2865 1373 3172 1452 doctrinam
3226 1388 3485 1452 tanquam

1910 1447 2323 1506 fundamentum
2374 1460 2730 1528 proponimus
2763 1479 2778 1516 :
2815 1466 3010 1520 merito
3039 1451 3195 1537 ip'sos
3250 1473 3487 1540 primum

1909 1541 2290 1611 adhortantes,
2326 1556 2436 1602 uta
2479 1551 2781 1611 mortiferis
2820 1558 3080 1625 operibus
3137 1564 3487 1633 resipiscant,

1908 1633 2297 1703 resipiscentcs
2350 1647 2530 1695 autem
2576 1643 2631 1698 in
2696 1644 2866 1702 Deum
2915 1652 3163 1718 credant,
3204 1658 3491 1715 credentes

1906 1738 2037 1778 vero
2078 1727 2448 1796 baptizentur,
2505 1732 2772 1805 baptizati
2823 1748 3004 1796 autem
3053 1746 3267 1814 seipsos
3311 1748 3490 1820 subji—

1905 1814 2055 1871 ciaut
2106 1820 2440 1889 iuzpositioni
2475 1841 2737 1884 manuum
2775 1835 3121 1892 sacerdotum
3157 1838 3225 1893 ad
3259 1841 3480 1910 partici-

1903 1908 2179 1975 pationem
2217 1910 2496 1982 Spiritus:
2529 1934 2690 1988 porro
2719 1922 2885 1992 bujus
2917 1926 3041 1982 facti
3071 1908 3387 2004 participes,
3421 1936 3490 1993 de

1908 2000 2314 2056 tesurrectione
2374 2019 2440 2059 cx
2492 2010 2726 2066 mortuis
2754 2013 3016 2087 deinceps
3050 2000 3158 2075 non
3207 2026 3486 2095 vacillent,

1904 2090 1994 2143 ubi
2040 2101 2219 2147 autem
2254 2101 2662 2156 rcsurrexerint
2705 2119 3036 2180 rursumque
3081 2115 3146 2169 ad
3182 2117 3348 2172 vitam
3402 2134 3488 2177 re-

1902 2180 2121 2248 dierint,
2151 2185 2329 2242 sciant
2359 2187 2603 2246 futurqu
2629 2210 2754 2251 esse
2773 2199 3063 2271 judicium,
3084 2214 3138 2259 et
3167 2211 3485 2267 continuam

1895 2272 2216 2345 justamque
2260 2293 2584 2348 permanere
2609 2301 2798 2342 eorum
2842 2307 2963 2361 quae
2997 2295 3051 2349 in
3087 2297 3188 2352 hac
3219 2300 3326 2354 vita
3371 2304 3487 2373 egi-

1901 2380 2026 2421 mus
2080 2368 2525 2428 retributionem.
2571 2394 2594 2428 ι
2656 2378 2721 2434 Et
2774 2381 2897 2437 lidei
2951 2384 3006 2439 in
3068 2387 3257 2446 Deum.
3299 2412 3318 2445 ι
3365 2368 3486 2451 Non

1896 2454 2046 2510 enim
2083 2471 2224 2525 opus
2257 2468 2342 2515 est
2369 2461 2622 2520 doctrina
2654 2469 2913 2527 credendi
2942 2474 2996 2529 in
3030 2474 3199 2533 Deum
3222 2488 3485 2550 Quemad-

1903 2547 2132 2603 modum
2164 2551 2233 2606 ab
2256 2555 2503 2621 exordio,
2531 2558 2645 2627 jam
2672 2564 2814 2617 enim
2852 2568 3119 2627 doctrinae
3145 2547 3481 2641 credidistis.

1898 2638 2186 2698 Ordinatio
2232 2648 2358 2704 talis
2422 2652 2921 2727 est:Quapropter
2966 2667 3173 2721 omisso
3233 2683 3486 2729 sermone

1901 2733 2043 2789 initii
2076 2736 2145 2791 ad
2182 2736 2372 2806 Deum,
2406 2744 2531 2813 quis
2566 2755 2745 2803 autem
2777 2761 2861 2807 est
2883 2754 3010 2809 ille?
3035 2755 3137 2824 Qui
3168 2759 3235 2815 de
3275 2763 3485 2833 baptis~

1902 2828 2065 2885 matis
2115 2841 2195 2886 est
2233 2843 2289 2889 et
2340 2835 2409 2891 de
2449 2838 2701 2895 doctrina
2733 2858 2797 2898 ac
2826 2846 3179 2917 impositione
3220 2870 3480 2914 manuum

1901 2920 2021 2990 (per
2064 2939 2204 2992 quas
2244 2927 2539 2998 Spiritum,
2599 2934 2797 3005 inquit,
2834 2941 3143 3015 accepistis)
3183 2956 3236 3001 et
3297 2965 3484 3007 resur-

1901 3014 2144 3071 rectione
2160 3032 2226 3071 ex
2254 3023 2497 3078 mortuis
2528 3039 2593 3080 ac
2615 3037 2824 3085 aeterno
2835 3014 3154 3103 judicio,ad
3186 3040 3481 3108 perfectio-

1901 3121 2024 3160 nem
2058 3108 2324 3164 feramur.
2372 3111 2562 3184 Neque
2606 3120 2752 3173 euim
2809 3137 3027 3194 semper
3078 3122 3265 3185 cadent
3299 3132 3482 3193 dicere

1898 3206 2139 3262 oportet,
2176 3215 2302 3254 nam
2347 3206 2514 3259 semel
2541 3207 2686 3262 dicta
2718 3225 2781 3264 ac
2815 3211 2958 3269 facta
2987 3227 3115 3272 sunt
3149 3235 3165 3274 :
3193 3223 3284 3278 sed
3315 3239 3483 3296 opor-

1903 3293 1976 3341 tet
2002 3288 2169 3344 etiam
2206 3308 2268 3346 ea
2293 3309 2416 3364 qua:
2450 3312 2478 3350 a
2510 3299 2663 3357 vobis
2692 3314 2819 3359 sunt
2844 3307 3005 3363 simul
3033 3311 3254 3380 adferri,
3280 3288 3479 3388 nempe

1824 3402 1866 3459 ο
1900 3374 2099 3434 bonam
2132 3387 2637 3458 conversationem,
2692 3394 2927 3466 fideique
2978 3399 3318 3471 dignitatem.
3349 3374 3478 3467 Haec

1901 3482 2141 3540 namque
2167 3475 2432 3542 perfectio
2459 3488 2566 3548 est,
2597 3485 2740 3554 quod
2765 3488 2938 3544 virtus
2974 3494 3311 3551 ambidextra
3356 3499 3431 3556 sit
3458 3519 3473 3557 :

1897 3572 1963 3613 ac
2013 3560 2062 3616 si
2092 3563 2341 3627 diceret:
2399 3569 2654 3642 Vigilate,
2688 3593 2867 3649 neque
2911 3584 3055 3637 enim
3131 3586 3339 3645 licitum
3390 3601 3476 3648 est

1899 3659 1956 3704 ut
1980 3653 2026 3706 si
2056 3657 2298 3725 segniter
2323 3662 2499 3730 vivas,
2540 3680 2761 3723 rursum
2802 3672 3117 3743 baptizeris,
3146 3688 3201 3735 et
3230 3697 3326 3750 per
3358 3699 3477 3739 ma-

1887 3944 2104 3997 :cquum
2140 3945 2259 3989 erat
2284 3940 2491 3995 curiosi
2526 3954 2731 4011 essent,
2765 3954 3023 4017 quoniam
3045 3957 3193 4010 varia
3224 3973 3381 4018 erant
3414 3965 3470 4022 in

1886 4019 2000 4090 lege
2043 4024 2391 4095 baptismata,
2422 4034 2678 4091 volebant
2728 4056 2884 4096 nova:
2917 4061 3139 4117 quoque
3184 4052 3319 4124 legis
3371 4057 3469 4112 ba-

1886 4113 2147 4178 ptismate
2173 4119 2318 4186 quod
2366 4128 2837 4191 regenerationem
2877 4113 3111 4204 confert,
3151 4113 3469 4212 frequenter

1884 4201 2172 4274 baptizari,
2206 4224 2272 4265 eo
2303 4214 2446 4281 quod
2496 4213 2817 4288 frequenter
2850 4226 3051 4282 Vellent
3082 4201 3462 4294 remissionem

1882 4304 2234 4357 peccatorum
2268 4304 2538 4373 accipere.
2575 4329 2594 4361 ι
2617 4311 2695 4366 Ac
2726 4329 2984 4373 manuum
3014 4320 3403 4392 impositionis.
3438 4349 3460 4384 ι

1879 4379 2045 4454 356
2080 4389 2270 4453 Qualia
2307 4393 2362 4449 in
2392 4396 2720 4469 baptismate
2742 4407 2963 4464 ﬁebant.
2986 4379 3249 4486 Aut-quia

1877 4474 2001 4529 sitis
2032 4483 2290 4539 manibus
2343 4492 2576 4557 apostoli
2616 4493 2888 4566 Spiritum
2939 4474 3189 4561 sanctum
3231 4474 3459 4578 dabarnt,

1876 4568 2021 4634 quod
2054 4572 2220 4627 etiam
2253 4575 2440 4635 Simon
2493 4589 2684 4643 venale
2722 4591 2827 4645 sibi
2874 4609 3002 4650 esse
3044 4600 3279 4657 volebat.
3322 4623 3341 4657 ι
3380 4605 3447 4663 Ει

1952 5115 2065 5179 VII.
2100 5120 2224 5180 ιο.
2269 5123 2415 5181 Nam
2466 5131 2589 5201 ﬁeri
2639 5152 2743 5192 non
2789 5142 2981 5209 potest,
3035 5155 3116 5211 ut,
3144 5153 3261 5222 ἠαξ
3296 5154 3460 5210 semel

1879 5206 2079 5275 fuerint
2109 5214 2421 5285 illuminati,
2452 5206 2884 5300 gustaverinuﬁte
2923 5206 3125 5293 donatus
3169 5206 3456 5302 calests

1877 5302 2162 5370 participes
2210 5307 2344 5376 facti
2383 5311 2583 5380 fuerint
2610 5317 2842 5390 Spiritus
2877 5331 3071 5393 sancti,
3103 5339 3457 5402 gustaverit".

1878 5405 1978 5461 que
2016 5393 2208 5450 bonum
2238 5400 2337 5456 Dei
2368 5408 2601 5475 verbum,
2629 5428 2694 5466 ac
2722 5417 2943 5473 uirtutes
2974 5393 3146 5489 futuri
3172 5430 3377 5495 seculi,
3404 5433 3452 5485 si

1878 5482 2254 5556 prolabuntur,
2305 5495 2476 5552 denuo
2541 5517 2857 5561 renoventur
2898 5482 2992 5577 per
3036 5515 3396 5581 penitentiam
3432 5539 3452 5578 :

1877 5589 2090 5631 rursum
2107 5584 2473 5656 cruciﬁgentes
2498 5592 2835 5668 sibimetipsis
2859 5598 3058 5657 Filium
3080 5605 3178 5661 Dei
3195 5620 3245 5663 et
3276 5620 3450 5667 osten-

1876 5663 1954 5717 tui
1994 5681 2330 5737 exponentes.
2725 5663 2735 5668 -
3145 5700 3149 5703 ’

1950 5774 1969 5807 ι
2006 5757 2349 5832 lmpossibile
2378 5772 2522 5826 enim
2554 5783 2657 5830 est.
2694 5795 2713 5828 ι
2738 5777 2854 5833 Νοιι
2878 5781 3016 5836 dixit
3049 5784 3295 5855 Difﬁcile,
3329 5796 3448 5861 sed,

1874 5844 2233 5919 lmpossibile.
2281 5879 2301 5913 ι
2339 5861 2800 5934 Gustsverintquo
2823 5871 3050 5931 donum.
3092 5897 3111 5930 ι
3145 5844 3449 5944 Remissio:
