3988 6578
494 417 604 481 335

1553 413 1951 475 (ECUMENII
1988 411 2280 472 TRICCAS
2311 413 2649 477 EPISCOPI

3602 412 3608 418 ’
3657 410 3766 473 336

481 531 582 585 vnis
614 536 956 600 peccatorum
1008 543 1129 599 qua:
1189 529 1246 583 fit
1292 529 1347 585 in
1391 528 1738 600 baptismate.
1786 526 2067 596 Siquidem

2180 526 2281 579 τῶν
2309 527 2612 597 ἁμαρτιῶν,
2640 526 2740 596 τῆς
2767 526 2825 581 ὲν
2850 525 2927 598 τῷ
2957 523 3316 596 βαπτίσματιο
3346 520 3491 594 αὕτη
3516 521 3628 592 γὰρ
3661 519 3771 572 δω-

495 623 599 676 hoc
633 621 836 676 donum
870 621 1091 677 caeleste
1122 630 1225 676 est.
1274 641 1292 674 ‹
1329 620 1392 675 Et
1428 620 1720 692 participes
1770 619 1897 672 fat-ti
1953 618 2066 671 lue-

494 713 609 768 rint
640 710 878 782 Spiritus
907 713 1107 768 sancti.
1141 732 1157 763 ι
1194 712 1297 768 Per
1343 727 1601 767 manuum
1640 710 2064 781 impositionem,

495 805 639 861 sicut
664 804 805 860 dixit
849 806 1123 875 superius.
1177 823 1195 856 ι
1236 805 1696 876 Gustaverintque
1725 804 1926 859 bonum
1973 802 2067 856 Dei

482 897 741 953 «verbum.
784 916 803 948 ι
838 895 1151 952 Doctrinam
1204 896 1272 951 de
1301 898 1536 952 Christo.
1585 915 1605 950 ι
1650 898 1727 951 Ac
1770 902 2070 967 potestates

496 989 666 1044 futuri
695 988 901 1043 saeculi.
941 1007 959 1040 ι
1025 987 1177 1053 Quod
1214 1004 1403 1045 omnes
1453 989 1721 1044 rationem
1781 987 2072 1043 reddemus

495 1092 683 1132 eorum
715 1094 832 1146 qua:
862 1078 1074 1147 egimus
1108 1079 1403 1148 :quodqne
1449 1089 1560 1134 tum
1597 1077 1921 1149 supplicium
1957 1084 2071 1130 tum

497 1166 714 1236 requies
742 1167 859 1222 sine
892 1170 997 1223 line
1027 1168 1268 1224 durabit.
1304 1169 1437 1225 Nam
1473 1174 1586 1226 hac
1637 1179 1766 1227 sunt
1804 1180 2071 1241 potestas,

496 1268 550 1313 et
578 1259 628 1310 in
655 1258 740 1312 his
766 1272 849 1315 est
875 1269 1119 1329 potestas
1143 1262 1312 1318 futuri
1334 1264 1542 1320 saeculi.
1575 1262 1682 1318 Aut
1710 1263 2073 1317 arrhabonem

496 1349 665 1404 futuri
698 1350 908 1415 saeculi,
942 1354 1044 1408 hoc
1082 1364 1186 1418 est,
1226 1356 1383 1411 fidem
1426 1359 1477 1410 in
1507 1354 1811 1411 Christum.
1840 1382 1911 1394 —
1937 1372 1957 1405 ι
1997 1351 2078 1411 Ac

497 1449 798 1511 pctestates
849 1441 1019 1498 futuri
1071 1447 1278 1502 saeculi.
1317 1465 1335 1499 ι
1375 1447 1487 1504 Hoc
1513 1457 1617 1514 est,
1645 1446 1739 1518 qui
1780 1445 2077 1500 didicerint

495 1550 619 1603 quae
666 1534 855 1604 possit
893 1536 1137 1592 futurum
1171 1540 1431 1594 saeculum
1466 1557 1482 1594 :
1524 1554 1557 1594 a
1610 1537 1890 1594 communi
1929 1537 2074 1592 enim

498 1624 777 1679 intellectu
812 1611 1174 1697 supplendum
1226 1638 1331 1693 est,
1372 1628 1746 1694 Gustaverint,
1786 1628 1930 1699 quod
1965 1638 2077 1682 tro—

492 1715 618 1783 pice
675 1718 944 1785 accipitur
989 1726 1046 1774 et
1097 1720 1390 1791 signiﬁcat,
1448 1722 1550 1786 Qui
1617 1722 1934 1787 didicerint,
1985 1720 2077 1791 qui

500 1806 756 1868 instructi
795 1806 1018 1863 fuerint.
1062 1808 1203 1875 Quid
1244 1822 1423 1866 autem
1467 1819 1643 1883 potest
1692 1811 1937 1868 futurum
1986 1825 2076 1865 se-

496 1895 721 1951 cutum?
753 1906 807 1953 et
839 1914 961 1968 quae
988 1908 1074 1955 est
1107 1902 1226 1972 ejus
1269 1905 1571 1959 necessitas
1618 1914 1671 1959 et
1703 1905 1889 1975 opus?
1917 1902 2074 1970 Quod

494 1992 555 2043 in
584 2005 652 2046 eo
683 1992 887 2048 invenit
916 1995 1150 2064 quisque
1180 1997 1423 2050 omnium
1456 2013 1577 2068 quae
1611 1997 1739 2052 fecit
1760 1997 2077 2053 retributio-

500 2097 623 2135 ncm
658 2099 673 2139 :
711 2084 858 2153 quod
895 2084 948 2138 in
990 2101 1056 2141 eo
1088 2086 1250 2141 tinem
1288 2104 1393 2143 non
1426 2089 1622 2144 habeat
1663 2104 1838 2161 neque
1868 2089 2076 2160 suppli-

490 2172 644 2227 Icium
680 2189 856 2243 neque
903 2174 1164 2242 felicitas,
1192 2179 1338 2248 quod
1373 2187 1505 2235 tunc
1545 2181 1721 2250 magis
1752 2180 2073 2236 manifesta-

494 2258 646 2312 hitur
683 2260 829 2330 quod
882 2262 1021 2317 nihil
1047 2263 1287 2333 judieem
1316 2266 1509 2335 lateat,
1559 2269 1789 2340 ejusque
1836 2270 2073 2341 justitia,

500 2353 780 2420 multaque
842 2351 970 2408 alia.
1023 2354 1129 2413 Eos
1179 2371 1307 2427 ergo
1362 2360 1456 2429 qni
1512 2360 1627 2415 tunc
1679 2376 1809 2415 cum
1860 2363 2077 2417 caeteris

497 2445 842 2499 enumeratis
881 2445 1046 2502 rebus
1092 2447 1421 2514 didicerunt,
1477 2451 1676 2521 inquit,
1716 2452 1912 2508 deinde
1954 2468 2079 2523 pro-

502 2534 636 2602 lapsi
690 2544 843 2599 sunt,
912 2537 1253 2607 impossibile
1314 2548 1421 2606 est,
1478 2553 1585 2598 etc.
1641 2562 1661 2595 ι
1716 2545 1782 2599 Et
1838 2545 2077 2615 prolapsi

497 2638 648 2679 sunt.
685 2645 703 2678 ι
741 2626 843 2693 Qui
895 2629 1079 2683 omnia
1112 2629 1228 2687 haec
1264 2634 1622 2702 perdiderunt
1653 2647 1709 2691 et
1734 2636 2076 2700 exciderunt,

501 2725 558 2768 ut
586 2717 767 2772 denuo
788 2729 1120 2775 renoventur
1140 2737 1235 2792 per
1255 2726 1670 2792 paenitentiam?
1694 2728 1797 2781 hoc
1821 2729 2080 2798 impossi-

505 2810 614 2862 Itile
694 2818 799 2866 est.
851 2811 995 2878 Quid
1057 2814 1259 2885 igitur!
1315 2818 1585 2888 abjecitne
1654 2823 2077 2891 ptenitcntiam?

499 2901 662 2957 Absit
701 2905 1163 2974 quemadmodum
1220 2907 1382 2966 habet
1435 2912 1595 2967 divus
1634 2913 1795 2984 357
1841 2915 2078 2987 Cyrillus

502 3000 660 3047 sexto
694 2994 976 3051 volumine
1005 2998 1262 3054 secunda:
1291 3002 1462 3072 partis
1495 3002 1694 3059 Latria:
1730 3021 1849 3075 qua:
1901 3015 1975 3060 est
2021 3008 2073 3062 in

495 3085 691 3150 spiritu
751 3096 801 3140 et
865 3090 1081 3145 veritate
1115 3105 1133 3144 :
1168 3093 1263 3148 sed
1312 3093 1690 3163 pmnitentiam
1721 3112 1843 3166 quae
1870 3108 1955 3153 est
1982 3114 2079 3169 per

2175 620 2269 688 ρεᾰ
2312 620 2651 689 ἐπουράνιος.
2694 637 2711 671 ι
2757 620 2865 673 Καὶ
2903 619 3165 689 μετόχους
3206 616 3536 687 γενηθέντας
3579 611 3762 668 Πνεύ-

2173 727 2341 780 ματος
2374 711 2553 779 ἁγίου.
2596 730 2613 762 ι
2648 712 2724 782 Τῇ
2761 711 2999 765 ὲπιθέσει
3031 710 3140 765 τῶν
3171 710 3393 781 χειρῶν,
3428 706 3611 770 καθὼς
3645 704 3765 759 ἄνω

2173 803 2325 872 φησί.
2368 820 2386 852 τι
2427 802 2534 855 Καὶ
2577 802 2739 855 καλὸν
2778 803 3152 873 γευσαμένους
3190 800 3327 856 Θεοῦ
3374 801 3543 871 ῥῆμα.
3586 817 3606 852 ι
3646 797 3766 867 Τὴν

2173 893 2301 963 περὶ
2325 892 2417 945 τοῦ
2447 892 2682 964 Χριστοῦ
2707 892 3077 952 διδασκαλίαν.
3103 909 3121 941 ι
3155 891 3422 959 Δυνᾶμεις
3444 905 3501 941 τε
3535 885 3768 957 μέλλον-

2172 1000 2264 1044 τος
2289 984 2505 1047 αἰῶνος.
2524 983 2646 1036 Ὅτι
2678 982 2878 1045 πάντες
2906 980 3145 1052 δώσομεν
3172 980 3329 1049 λόγον
3356 978 3463 1033 τῶν
3489 975 3768 1048 βεϐιωμέ-

2174 1094 2299 1143 νων,
2320 1077 2412 1130 καὶ
2428 1076 2559 1147 ὅτιῆ
2580 1094 2635 1128 τε
2655 1075 2874 1139 κόλασις
2894 1074 2986 1127 καὶ
3004 1075 3036 1145 ἡ
3055 1073 3360 1136 ἀνάπαυσις
3378 1070 3765 1141 ἀτελεύτητος.

2175 1166 2363 1223 Ταῦτα
2399 1169 2506 1238 γὰρ
2543 1169 2636 1222 καὶ
2670 1169 2728 1221 ὲν
2757 1167 2966 1229 τούτοις
3004 1169 3036 1238 ἡ
3070 1163 3301 1236 δύναμις
3331 1163 3426 1217 τοῦ
3471 1163 3767 1235 μέλλοντος

2176 1259 2390 1323 αἰῶνος.
2420 1260 2491 1313 Ἦ
2525 1261 2605 1314 ὅτι
2639 1260 2728 1313 τὸν
2760 1259 3059 1331 ἀρραϐῶνα
3089 1258 3180 1310 τοῦ
3221 1256 3506 1327 μελλόντος
3539 1252 3762 1317 αίῶνος,

2176 1353 2452 1419 τουτέστι,
2486 1354 2582 1421 τὴν
2614 1355 2694 1415 είς
2726 1352 2961 1424 Χριστὸν
2997 1350 3201 1404 πίστιν.
3234 1379 3304 1389 —
3340 1366 3358 1400 ι
3401 1347 3674 1416 Δυνάμεις
3704 1362 3765 1397 τε

2183 1445 2466 1517 μέλλοντος
2495 1445 2708 1509 αἰῶνος.
2747 1464 2766 1495 ι
2798 1475 2855 1485 -—
2875 1441 3077 1519 [ΦΩΤ.]
3102 1444 3241 1498 Ἀντὶ
3270 1442 3387 1509 τοῦ,
3419 1441 3454 1495 ἃ
3482 1441 3711 1494 δύναται
3739 1439 3769 1491 6

2182 1537 2390 1608 μέλλων
2421 1538 2555 1592 αἰὼν
2585 1537 2943 1607 ἐκμαθόντας.
2978 1537 3051 1590 Τὸ
3064 1537 3172 1607 γὰρ
3189 1532 3625 1605 γευσαμένους,
3658 1532 3769 1584 ἀπο

2180 1630 2390 1695 κοινοῦ,
2422 1631 2557 1701 ὅπερ
2586 1629 2862 1703 τροπικῶς
2897 1628 3182 1698 εἴληπται,
3218 1629 3482 1697 σημαῖνον
3515 1625 3606 1685 τὸ,
3646 1625 3770 1677 Ma-

2185 1724 2395 1789 θόντας,
2424 1723 2851 1794 κατηχηθέντας.
2877 1722 2942 1773 Τί
2971 1722 3025 1775 δὲ
3055 1720 3276 1774 δύναται
3308 1721 3334 1773 6
3365 1718 3575 1789 μέλλων
3602 1715 3764 1781 αίὼν,

2183 1816 2280 1870 καὶ
2316 1816 2369 1868 τί
2410 1817 2554 1869 ἐστιν
2596 1813 2763 1867 αὑτοῦ
2809 1816 2842 1885 ὴ
2883 1814 3044 1884 χρεία
3083 1812 3177 1866 καὶ
3214 1811 3274 1864 τὸ
3314 1810 3508 1882 ἕργον;
3536 1809 3662 1861 ’Ὀτι
3709 1810 3771 1861 ἐν

2185 1906 2333 1978 αὐτῷ
2366 1908 2596 1971 ἕκαστος
2626 1899 2699 1959 ὧν
2735 1906 2940 1977 ἔπραξε
2973 1905 3071 1978 τὴν
3106 1903 3339 1975 ἀμοιϐὴν
3372 1901 3646 1973 εὑρίσκει,
3681 1902 3767 1954 ὅτι

2178 2000 2277 2053 οὐκ
2308 1999 2423 2070 ἔχει
2449 1998 2602 2061 τέλος
2628 1996 2751 2051 οὔτε
2779 1999 2811 2069 ὴ
2840 1998 3080 2067 τιμωρία
3109 1998 3141 2068 ὴ
3172 1997 3229 2048 ὲν
3258 1994 3425 2066 αὐτῷ,
3454 1995 3577 2047 οὔτε
3605 1995 3640 2065 ἡ
3671 1994 3769 2048 εῦ-

2177 2090 2449 2161 δαιμονία,
2476 2091 2557 2144 ὅτι
2580 2089 2700 2144 τότε
2732 2091 2933 2160 μᾶλλον
2957 2089 3017 2143 τό
3042 2106 3102 2143 τε
3130 2088 3399 2160 ἀλάθητον
3423 2086 3517 2141 τοῦ
3572 2087 3768 2158 κριτοῦ

2177 2186 2272 2238 καὶ
2293 2182 2354 2237 τὸ
2376 2182 2582 2236 δίκαιον
2605 2198 2739 2251 φανε
2750 2180 3076 2251 ρωθήσεται,
3101 2180 3197 2233 καὶ
3224 2178 3393 2232 πολλὰ
3416 2177 3600 2249 ἕτερα.
3624 2179 3770 2240 Τοὺς

2177 2271 2270 2329 οῦν
2299 2275 2439 2346 μετὰ
2460 2273 2567 2325 τῶν
2594 2273 2767 2326 ἄλλων
2791 2272 2884 2326 καὶ
2906 2270 3079 2324 ταῦτα
3108 2270 3398 2341 μαθόντας,
3426 2273 3617 2340 φησὶν,
3646 2263 3771 2321 εἶτα

2180 2367 2630 2437 παραπεσόντας,
2666 2363 2955 2428 ἀδύνατον,
2991 2363 3084 2417 καὶ
3118 2362 3264 2433 ἑξῆς.
3302 2380 3321 2415 ι
3360 2361 3467 2415 Καὶ
3504 2377 3764 2431 παραπε-

2181 2461 2391 2522 σόντας.
2428 2477 2447 2511 ι
2470 2458 2721 2511 ’Ἅπαντα
2747 2456 2916 2511 ταῦτα
2946 2456 3316 2518 ἀπολέσαντας
3346 2455 3440 2508 καὶ
3499 2456 3768 2508 ἐκπεσόν-

2177 2570 2275 2615 τας
2301 2552 2463 2606 πάλιν
2486 2551 2853 2616 ἀνακαινίζειν
2871 2551 2949 2614 είς
2974 2544 3280 2621 μετάνοιαν,
3303 2548 3566 2604 ἀδύνατον
3581 2549 3768 2604 τοῦτο.

2179 2646 2244 2700 Τί
2277 2641 2402 2713 οῦνς
2434 2643 2656 2712 ἐξέϐαλε
2688 2644 2786 2713 τὴν
2822 2644 3141 2714 μετάνοιαν;
3174 2642 3268 2717 Μὴ
3301 2644 3529 2714 γένοιτο,
3569 2642 3772 2715 (οὕτως

2178 2741 2207 2793 6
2245 2741 2302 2792 ὲν
2340 2738 2489 2806 ἁγίος
2536 2736 2805 2808 Κύριλλος
2842 2740 2899 2789 ὲν
2937 2735 3125 2808 βιϐλίῳ
3162 2736 3309 2808 ἕκτῳ
3341 2736 3440 2806 τῆς
3481 2736 3533 2806 β,
3574 2736 3679 2805 τῆς
3700 2736 3773 2787 ἐν

2180 2834 2439 2902 πνύματι
2457 2830 2553 2886 καὶ
2577 2830 2827 2898 ἀληθείᾳ
2851 2826 3154 2899 λατρείας)
3171 2828 3316 2910 ,ἀλλὰ
3337 2829 3432 2900 τὴν
3455 2827 3542 2882 διὰ
3569 2827 3772 2899 βαπτί-

2183 2942 2386 2997 σματος
2419 2925 2728 2995 μετάνοιαν.
2752 2925 2844 2975 Δεῖ
2870 2922 2977 2993 γὰρ
3008 2922 3222 2993 πρῶτον
3249 2919 3562 2993 ἡγήσασθαι
3596 2920 3771 2990 μετά·

2179 3036 2325 3072 νοιαν
2349 3017 2442 3072 καὶ
2469 3014 2733 3080 ἀπόταξιν
2756 3014 2863 3068 τῶν
2890 3012 3141 3084 πονηρῶν
3168 3013 3443 3085 πράξεων,
3468 3012 3568 3066 καὶ
3593 3013 3774 3078 οὕτως

2182 3109 2570 3183 βαπτισθῆναι.
2603 3108 2848 3177 Ἐκείνην
2907 3105 2998 3160 οῦν
3042 3108 3207 3176 φησὶ,
3238 3108 3337 3177 τὴν
3366 3108 3424 3160 ἐν
3453 3107 3530 3178 τῷ
3563 3106 3775 3179 βαπτί-

502 3176 862 3276 δξδρίίε-ωυω·
903 3181 1129 3252 01mm?l
1158 3186 1302 3239 enim
1333 3185 1571 3255 Primum
1606 3189 1911 3258 Ρτίὲεθάθνε
1955 3205 2069 3261 ΡαΞ·
2101 3205 2144 3263 C
2180 3176 2347 3276 σματι
2378 3176 2687 3274 μετάνοιαν,
2713 3176 2834 3254 ὅθεν
2861 3199 2953 3253 καὶ
2982 3195 3156 3263 εἶπεν,
3178 3176 3603 3265 Ἀνακαινίζειν,
3628 3203 3775 3273 ὅπερ

502 3267 787 3323 nitentiam
832 3280 899 3325 ac
945 3275 1403 3329 renuutiationetn
1436 3292 1727 3347 pravarum
1771 3282 2076 3347 actionum,

500 3370 555 3410 et
607 3358 679 3411 ita
711 3359 997 3431 baptizari.
1032 3363 1180 3418 Illam
1230 3366 1414 3435 itaque
1448 3370 1824 3438 pmnitentiam
1855 3373 1930 3425 ait
1959 3389 2080 3442 quae

502 3452 558 3504 in
621 3452 952 3522 baptismate
979 3465 1067 3512 est
1112 3474 1126 3511 :
1165 3461 1307 3516 unde
1336 3470 1391 3516 et
1434 3466 1687 3518 renovari
1737 3465 1898 3535 dixit,
1933 3469 2078 3537 quod

505 3547 788 3614 proprium
840 3557 925 3603 est
988 3549 1362 3620 baptismatis,
1400 3564 1476 3620 et,
1558 3556 1795 3613 Rursum
1859 3561 2076 3615 crucifi-

498 3646 715 3707 gentes,
751 3640 895 3710 quod
921 3649 977 3697 et
1010 3642 1114 3701 hoc
1138 3647 1421 3718 proprium
1458 3658 1545 3707 est
1578 3652 1945 3722 baptismatis.
1974 3639 2079 3721 Qui

503 3728 648 3782 enim
675 3731 1040 3803 baptizantur,
1077 3752 1185 3792 una
1217 3754 1339 3794 cum
1378 3741 1609 3799 Domino
1652 3744 2071 3818 crucifiguntur.

2184 3297 2312 3352 ἴδιον
2346 3296 2753 3368 βαπτίσματος,
2787 3292 2908 3357 καὶ,
2942 3292 3468 3360 Ἀνασταυροῦντας,
3492 3295 3639 3364 ὅπερ
3674 3296 3776 3347 καὶ

2182 3390 2340 3443 τοῦτο
2375 3388 2748 3460 βαπτίσματος
2784 3385 2934 3439 ἴδιον.
2964 3386 3026 3439 Οἱ
3061 3384 3171 3457 γὰρ
3205 3384 3597 3455 βαπτιζόμενοι
3619 3425 3634 3447 .
3672 3404 3773 3439 συ-

2185 3482 2544 3553 σταυροῦνται
2574 3479 2649 3550 τῷ
2684 3479 2893 3550 Κυρίῳ.
2929 3477 2987 3533 '0
3021 3472 3113 3532 οῦν
3143 3477 3304 3533 πάλιν
3333 3477 3423 3530 διὰ
3452 3479 3778 3549 βαπτίσμα-

2184 3591 2276 3636 τος
2308 3572 2562 3642 δευτέρου
2600 3573 2880 3641 μετανοεῖν
2910 3569 3109 3637 θέλων,
3143 3569 3476 3642 ὰνασταυροί
3502 3570 3597 3626 τὸν
3630 3572 3775 3644 Χριο

2188 3665 2309 3719 στὸν
2336 3664 2413 3735 τῷ
2445 3661 2880 3733 συσταυροῦσθαι
2908 3660 3076 3734 αὐτῷ.

500 3823 605 3890 Qui
634 3825 799 3897 igitur
827 3844 1045 3886 rursum
1070 3835 1188 3889 vult
1212 3851 1308 3907 per
1331 3838 1561 3894 alterum
1596 3841 1868 3912 baptisma
1894 3850 2179 3915 paenitere,
2210 3844 2490 3900 Christum
2520 3858 2739 3899 rursum
2771 3843 3062 3915 crucitigit,
3117 3860 3185 3902 eo
3244 3845 3391 3917 quod
3453 3859 3565 3901 una
3641 3860 3777 3902 cum

503 3920 623 3987 ipso
654 3923 1034 3997 crucifigatur.

579 4034 598 4067 ι
627 4013 864 4074 Rursum
892 4022 1278 4095 crucifigentes
1312 4026 1674 4100 sibimetipsis
1702 4030 1901 4088 Filium
1927 4034 2033 4090 Dei.
2053 4055 2071 4088 ι

505 4109 645 4174 Quid
681 4119 767 4167 est
804 4128 819 4166 :
889 4111 1129 4172 Rursum
1174 4119 1556 4188 crucifigentes
1592 4122 1948 4197 sibimetipsis
1993 4126 2079 4181 Fi-

503 4201 636 4257 lium
671 4200 765 4259 Dei
790 4212 846 4260 et
899 4208 1139 4264 ostentui
1166 4213 1540 4281 exponentes?
1587 4216 1669 4270 Ab
1702 4217 1915 4288 integro
1946 4219 2080 4273 sibi-

502 4294 755 4365 metipsis
775 4298 1170 4370 crucifigentes
1194 4310 1247 4357 et
1261 4303 1690 4373 pudefacientcs.
1709 4306 1862 4376 Quod
1895 4321 2075 4366 autem

500 4386 641 4442 dicit
671 4387 780 4444 tale
805 4390 1089 4460 quippiam
1119 4401 1205 4447 est
1230 4408 1244 4445 :
1270 4393 1449 4450 Semel
1479 4398 1775 4455 crucifixus
1809 4410 1892 4456 est
1916 4401 2078 4456 Chri-

498 4487 647 4541 stus,
675 4485 728 4531 et
763 4492 868 4533 nos
896 4479 1067 4534 semel
1094 4495 1203 4536 una
1221 4496 1344 4537 cum
1406 4483 1528 4554 ipso
1574 4486 1819 4542 cruciﬁxi
1885 4505 2075 4547 sumus

503 4582 601 4637 per
632 4568 961 4639 baptisma:
1018 4571 1111 4641 qui
1172 4587 1306 4643 ergo
1373 4576 1628 4645 opinatur
1662 4577 1890 4637 alterum
1952 4597 2071 4636 esse
2106 4566 2147 4620 D

504 4658 798 4729 baptisma,
825 4670 1093 4730 quantum
1113 4662 1167 4717 in
1197 4664 1317 4733 ipso
1369 4674 1476 4732 est,
1537 4670 1606 4724 ah
1642 4669 1854 4742 integro
1887 4670 2075 4727 Dom’-

503 4766 637 4806 num
663 4752 956 4823 crucifigit.
987 4751 1129 4820 Quid
1156 4757 1304 4810 enim
1344 4758 1491 4814 aliud
1525 4758 1654 4816 facit
1687 4765 1777 4832 qui
1831 4766 2074 4822 secundo

494 4842 812 4898 arbitratur.
839 4859 936 4913 per
989 4844 1264 4915 baptisma
1308 4863 1433 4903 cum
1493 4866 1560 4904 eo
1594 4855 1836 4925 cruciligi
1895 4872 2074 4924 posse,

493 4949 670 5007 quam
692 4934 837 5005 quod
870 4935 1048 5006 ipsum
1080 4950 1300 5008 quoque
1353 4942 1639 4996 existimat
1672 4946 1915 5000 secundo
1954 4963 2079 5001 cru-

507 5025 652 5096 επὶέί
686 5042 784 5096 per
812 5043 877 5085 ea
906 5045 1028 5099 quae
1047 5028 1178 5085 facit
1205 5031 1227 5085 ἱ)
1259 5029 1514 5087 Secundo
1543 5043 1723 5090 autem
1755 5040 2077 5107 cruciﬁgere

494 5119 789 5176 Christum
824 5132 1091 5192 quantum
1140 5122 1192 5177 in
1214 5138 1283 5179 eo
1302 5132 1408 5189 est,
1442 5127 1576 5180 nihil
1625 5128 1770 5182 aliud
1807 5141 1889 5183 est
1912 5143 2074 5199 quam

498 5214 747 5266 ostentui
773 5226 1046 5284 exponere
1082 5214 1262 5285 ipsum
1294 5217 1690 5286 etpudefacere
1722 5221 1922 5285 ipsum,
1951 5222 2073 5274 \‘am

510 5311 802 5374 postquam
833 5305 1003 5361 semel
1044 5306 1343 5363 crucifixus
1390 5316 1492 5374 est,
1545 5310 1870 5367 immortalis
1917 5313 2074 5366 dein-

509 5411 644 5466 ceps
670 5396 897 5452 effectus
927 5404 1013 5452 est
1040 5416 1054 5451 :
1085 5398 1177 5468 qui
1210 5414 1339 5453 vero
1368 5414 1585 5455 rursmn
1605 5401 1895 5471 crucifigit,
1924 5417 2077 5455 men-

509 5488 727 5544 dacium
782 5488 913 5545 facit
962 5490 1166 5559 ipsum,
1220 5491 1364 5559 quod
1423 5491 1684 5562 pudorem
1738 5492 1839 5561 ipsi
1903 5492 2078 5546 adfert

511 5586 769 5648 tanquam
811 5581 1040 5633 mentito
1071 5580 1214 5648 quod
1269 5583 1437 5636 semel
1496 5590 1708 5637 tantum
1751 5591 2073 5637 moreretur.

2262 4052 2281 4085 ι
2327 4028 2827 4102 Ἀνασταυροῦντας
2869 4029 3083 4094 ἑαυτοῖς
3126 4029 3219 4085 τὸν
3257 4029 3388 4086 Υίὸν
3416 4030 3510 4086 τοῦ
3538 4032 3708 4089 Θεοῦ.
3748 4053 3768 4086 ι

2184 4124 2249 4179 Τί
2303 4125 2475 4190 ἐστιν,
2528 4120 3026 4191 ’Δνασταυροῦντας
3074 4122 3291 4186 ἑαυτοῖς
3334 4122 3427 4177 τὸν
3481 4124 3614 4177 Υίδν
3672 4126 3775 4180 τοῦ

2181 4215 2315 4270 Θεοῦ
2342 4216 2437 4268 καὶ
2461 4212 3093 4285 παραδειγματίζοντας
3124 4213 3386 4280 ’Δνωθεν,
3420 4215 3577 4288 φησὶ,
3610 4234 3775 4272 σταυ-

2182 4307 2409 4381 ροῦντας
2462 4306 2676 4368 ἑαυτοῖς
2721 4304 2817 4357 καὶ
2866 4303 3350 4374 καταισχύνοντας.
3394 4308 3459 4360 Ὅ
3502 4307 3563 4360 δὲ
3614 4308 3774 4379 λέγει

2178 4399 2419 4453 τοιοῦτόν
2474 4399 2624 4450 ἐστιν
2656 4412 2669 4427 ο
2700 4395 2883 4462 "Aucte
2933 4394 3254 4467 ἐσταυρώθη
3301 4397 3329 4447 6
3363 4399 3623 4469 Χριστὸς,
3674 4384 3775 4454 καὶ

2185 4492 2347 4560 ἡμεῖς
2394 4486 2544 4552 ἆπαξ
2590 4486 2741 4555 αὖτῷ
2778 4485 3264 4559 συσταυρωθῶμενι
3296 4488 3384 4541 διὰ
3421 4489 3516 4542 τοῦ
3564 4490 3772 4559 βαπτε-

2177 4598 2402 4651 σματος.
2452 4580 2510 4633 Ὀ
2554 4579 2754 4642 τοίνυν,
2797 4579 2984 4649 φησὶν,
3030 4582 3278 4650 οἰόμενος
3319 4577 3460 4636 εἶναι
3504 4582 3773 4656 δεύτερον

2181 4676 2484 4747 βάπτισμα,
2517 4674 2640 4727 ὅσον
2673 4672 2733 4726 τὸ
2774 4674 2897 4725 κατ’
2926 4673 3108 4739 αὑτὸν,
3158 4674 3367 4728 ἄνωθεν
3410 4680 3641 4745 σταυροῖ
3673 4678 3772 4732 τὸν

2178 4767 2405 4837 Κύριον.
2436 4766 2501 4819 Τί
2531 4767 2640 4838 γὰρ
2688 4765 2877 4836 ἕτερον
2924 4767 3071 4820 ποιεῖ
3119 4767 3147 4818 ὁ
3189 4765 3443 4836 δεύτερον
3487 4770 3645 4841 αὐτῷ
3678 4772 3773 4826 διὰ

2176 4857 2272 4912 τοῦ
2315 4857 2692 4929 βαπτίσματος
2725 4858 3165 4929 συσταυροῦσθαι
3197 4858 3456 4930 νομίζων,
3486 4862 3517 4931 ἢ
3551 4864 3637 4916 ὅτι
3668 4869 3769 4917 καὶ

2179 4950 2340 5004 αὐτὸν
2376 4952 2586 5018 ἡγεῖται
2628 4950 2879 5021 δεύτερον
2923 4951 3330 5021 ἐσταυρῶσθαι,
3363 4954 3431 5006 δι’
3460 4947 3536 5007 ὧν
3572 4959 3764 5015 eratsi;

2179 5042 2240 5094 τὸ
2289 5041 2345 5094 δὲ
2411 5042 2661 5113 δεύτερον
2704 5042 2992 5111 σταυροῦν,
3049 5042 3206 5112 φησὶ,
3255 5044 3346 5096 τὸν
3394 5046 3653 5114 Χριστὸν,
3706 5049 3767 5101 τὸ

2177 5134 2301 5186 ὅσον
2339 5127 2474 5204 ἧκεν
2506 5134 2587 5195 είς
2623 5134 2806 5199 αὑτὸν,
2837 5134 2988 5188 οὐδὲν
3029 5135 3216 5205 ἕτερόν
3254 5137 3461 5207 ἐστινὴ
3499 5139 3767 5207 παραδεισ

2177 5223 2445 5292 γματίσαι
2473 5221 2633 5274 αὐτὸν
2662 5222 2756 5275 καὶ
2796 5223 3174 5293 καταισχῦναι.
3208 5224 3394 5288 Ἀπαξ
3439 5225 3548 5296 γὰρ
3596 5243 3769 5279 σταυ-

2179 5314 2395 5386 ρωθείς,
2443 5314 2708 5377 ἀθάνατός
2755 5317 2871 5367 ἐστι
2920 5316 3125 5369 λοιπόν.
3171 5316 3232 5369 Ὀ
3272 5317 3329 5368 δὲ
3371 5318 3763 5388 ἀναπαυρῶν,

2177 5406 2374 5478 ψεῦδος
2424 5407 2584 5459 τοῦτο
2631 5410 2792 5468 ποιεῖ,
2820 5409 2955 5475 ὅπερ
3002 5408 3267 5479 αἰσχύνην
3300 5408 3450 5479 αὐτῷ
3488 5411 3652 5480 φέρει
3687 5412 3766 5474 ὡς

2176 5498 2504 5569 ψευσαμένῳ
2538 5497 2597 5551 τὸ
2621 5498 2766 5565 ἅπαξ
2783 5500 3074 5554 ἀποθανεῖν
3092 5501 3270 5570 μόνον.
3284 5503 3530 5565 Ἄλλως.
3554 5501 3763 5573 [ΦΩἶη

2178 5590 2244 5643 Τί
2299 5592 2447 5643 ἐστιν
2508 5590 3042 5658 ἀνασταυροῦντας
3058 5608 3079 5656 ;
3119 5592 3215 5645 ἐπὶ
3276 5592 3540 5663 δευτέραν
3591 5593 3767 5647 σταύ-

512 5670 631 5724 Alio
680 5669 855 5722 modo.
882 5670 1021 5736 Quid
1045 5680 1131 5726 est
1160 5685 1175 5725 :
1204 5672 1441 5728 Rursum
1492 5674 1875 5744 crucifigentes
1905 5673 1928 5726 ’ί
1994 5674 2074 5728 Ad

2180 5698 2347 5751 ρωσιν
2378 5681 2472 5733 καὶ
2506 5680 2758 5751 δεύτερον
2785 5684 2953 5746 πάθος
2990 5682 3292 5747 καλοῦντας
3325 5684 3511 5746 αὑτὸν,
3536 5686 3701 5770 εἰπερ
3726 5686 3759 5754 ή

510 5764 805 5821 secundam
843 5765 1249 5821 crucifixiunem
1313 5777 1367 5823 et
1397 5769 1690 5823 secundam
1768 5767 2072 5837 passionem

502 5859 692 5931 ipsum
722 5865 982 5914 vocantes
1014 5875 1028 5912 :
1066 5860 1337 5930 siquidem
1375 5862 1498 5917 talis
1530 5862 1855 5932 poenitentia
1891 5871 1941 5916 et
1976 5876 2072 5930 pe-

2177 5772 2401 5839 τοιαύτη
2456 5771 2734 5839 μετάνοια,
2783 5774 2876 5826 καὶ
2924 5774 2984 5827 τὸ
3023 5774 3322 5842 ἀξιωθῆναι
3375 5775 3476 5844 τῆς
3500 5775 3608 5839 ιδιὰ
3659 5774 3765 5828 τοῦ

2180 5862 2553 5933 βαπτίσματος
2583 5865 2848 5932 ἀφέσεως,
2884 5865 2961 5935 τῷ
3008 5865 3229 5937 σταυρῴ
3257 5867 3349 5919 τοῦ
3381 5864 3621 5935 Χριστοῦ
3657 5865 3760 5939 μό-
