3918 6600
474 446 580 513 339

473 561 760 621 nitentium
798 561 1096 617 maximum
1150 562 1295 619 inter
1327 565 1579 621 homines
1623 560 1927 617 remedium
1961 563 2045 615 vi-

473 660 664 712 deatur
694 657 932 727 abjicere
980 673 1209 727 :neque
1254 658 1401 711 enim
1456 657 1590 712 dixit
1638 668 1665 713 ι
1703 652 1838 709 Illud
1892 654 2037 723 quod

469 749 661 821 spinas
694 748 949 820 producit
994 758 1047 803 et
1099 750 1351 814 tribulos,
1405 750 1676 815 exuritur,
1717 748 1813 802 sed
1868 746 2041 815 Cujus

471 841 655 895 exitus
686 841 855 896 tendit
886 841 952 896 ad
1006 842 1369 896 exustionem.
1417 838 1473 894 Si
1518 854 1690 909 usque
1744 836 1812 891 ad
1880 835 2041 890 ﬁnem

1550 440 1947 515 (ECUMENII
1977 447 2266 509 TRICC/E
2307 444 2648 510 EPISCOPI

3612 437 3723 501 3&0

2158 564 2285 618 Ἐὰν
2317 566 2479 634 μέχρι
2508 565 2692 628 τέλους
2724 564 2813 615 ἐπι
2835 562 3002 632 ιείνῃ,
3033 560 3189 629 φησὶ,
3214 560 3308 613 καὶ
3344 556 3507 628 μέχ·ι
3537 554 3725 611 τελευ-

2148 655 2247 723 τῆς
2286 655 2529 718 ἀκάνθας
2558 656 2825 725 ἐκφέρων,
2861 654 2978 708 τότε
3013 652 3366 721 καυθήσεται,
3403 653 3465 703 ἐκ
3493 651 3594 719 τῆς
3622 652 3723 703 ἀν·-

2150 747 2486 815 τιδιαστολῆς
2514 746 2711 815 δηλῶν,
2740 746 2815 808 ὡς
2843 745 2897 797 εί
2926 761 2989 813 γε
3023 744 3099 814 μὴ
3130 744 3258 812 ἄχρι
3287 740 3475 802 τέλους
3503 738 3728 808 ἐπιμεί-

2153 855 2334 907 νωμεν
2362 837 2462 901 τὰς
2490 838 2731 901 ἀκάνθας
2753 836 3123 902 ἐκϐάλλοντες,
3164 832 3299 888 ἀλλά
3338 829 3722 902 μεταγνῶμεν,

475 935 866 1002 permanserit,
895 934 1094 1001 inquit,
1124 942 1178 989 et
1236 948 1409 1002 usque
1457 934 1520 986 ad
1570 939 1800 985 mortem
1854 937 2029 1007 spina:

2155 930 2217 984 ού
2256 929 2665 1000 καυθησόμεθα.

476 1027 743 1096 proferat,
772 1039 903 1084 tunc
946 1037 1203 1083 esuretur
1246 1046 1261 1084 :
1308 1045 1374 1083 ex
1431 1029 1689 1098 opposito
1768 1031 2083 1102 signiﬁcans
2157 1028 2301 1098 quod
2359 1028 2405 1084 si
2455 1044 2564 1083 non
2644 1026 2712 1082 ad
2781 1027 2941 1083 linem
3002 1041 3175 1099 usque
3226 1023 3724 1099 permanserimus.

468 1118 658 1189 spinas
700 1118 1061 1187 proferentes,
1121 1119 1213 1172 sed
1249 1120 1664 1187 resipiscamus,
1693 1134 1800 1174 non
1835 1136 2149 1176 exuremur.

544 1208 796 1273 “.942.
847 1208 1109 1265 Craterum
1150 1216 1516 1282 persuasimus
1572 1214 1721 1269 nobis
1744 1213 1808 1269 de
1862 1214 2032 1279 vobis,

470 1300 676 1366 dilecti,
722 1318 839 1375 qua:
862 1303 941 1356 Itis
966 1305 1072 1357 sint
1110 1304 1331 1357 meliora
1378 1314 1425 1358 et
1474 1305 1640 1357 saluti
1690 1306 2040 1366 adluereutia,

470 1394 680 1446 tametsi
729 1394 806 1447 sic
840 1396 1141 1465 loquamur.
1169 1396 1290 1451 Non
1318 1398 1457 1451 enim
1493 1397 1725 1466 injustas
1770 1408 1847 1451 est
1874 1397 2039 1461 Deus,

468 1493 527 1538 ut
566 1487 912 1542 obliviscatur
939 1490 1110 1556 operis
1138 1490 1294 1543 vestri
1316 1499 1365 1543 et
1397 1490 1596 1543 laboris
1651 1505 1716 1544 ea:
1775 1490 2039 1543 clmritate

469 1581 701 1647 suscepti
731 1597 889 1649 quant
943 1581 1256 1634 exitibuistis
1314 1598 1439 1649 erga
1481 1598 1667 1636 nomen
1712 1582 1883 1644 illius,
1950 1582 2040 1650 qui

468 1672 826 1726 ministrastis
859 1674 1057 1726 sanctis
1081 1684 1129 1726 et
1162 1672 1772 1743 ministratis.Cupimus
1833 1680 2032 1736 autem,

471 1773 529 1814 ut
557 1764 919 1833 unusquisque
946 1773 1171 1817 vestrum
1208 1764 1344 1817 idem
1404 1773 1617 1833 pra’stet
1677 1762 1908 1817 studium
1965 1762 2034 1815 ad

465 1854 677 1922 plenam
711 1857 821 1923 spei
847 1856 1214 1909 rertitudinem
1248 1873 1407 1926 usque
1439 1858 1506 1909 ad
1533 1858 1712 1924 ﬁnem,
1744 1872 1807 1908 ne
1854 1871 2033 1925 segnes

2214 1213 2586 1279 Πεπείσμεθα
2618 1211 2687 1264 δὲ
2713 1213 2843 1281 περὶ
2864 1209 3051 1281 ὑμῶν,
3079 1212 3399 1283 ἀγαπητοὶ,
3427 1210 3501 1266 τὰ
3529 1212 3730 1278 κρείσο

2143 1320 2301 1358 (rora
2333 1304 2433 1357 καὶ
2461 1304 2715 1373 ἐχόμενα
2737 1306 3053 1372 σωτηρίας,
3085 1308 3138 1359 ει
3164 1306 3260 1359 καὶ
3290 1306 3477 1371 οὕτως
3497 1285 3731 1358 λαλού-

2136 1412 2271 1464 μεν.
2334 1397 2415 1449 Οὐ
2472 1394 2580 1463 γὰρ
2637 1394 2845 1460 ἄδικος
2896 1397 2929 1449 ὀ
2986 1395 3131 1461 Θεὸς
3180 1393 3574 1448 ἐπιλαθέσθαι
3614 1391 3728 1445 τοῦ

2141 1485 2320 1553 ἔργου
2364 1485 2532 1553 ὑμῶν
2561 1484 2658 1539 καὶ
2711 1485 2816 1539 τοῦ
2852 1487 3043 1538 κόπου
3085 1484 3193 1550 τῆς
3233 1484 3469 1554 ἀγάπης
3507 1478 3579 1554 ἧς
3622 1484 3727 1537 ἐν·

2138 1577 2452 1639 εδείεασοε
2503 1580 2588 1643 είς
2634 1576 2699 1630 τὸ
2747 1577 2933 1645 ὄνομα
2986 1577 3193 1638 αὑτοῦ,
3242 1575 3729 1640 διακονήσαντες

2139 1667 2261 1733 τοῖς
2312 1668 2502 1736 ἁγίοις
2547 1666 2643 1719 καὶ
2690 1667 3137 1732 διακονοῦντες.
3189 1665 3622 1735 Ἐπιθυμοῦμεν
3654 1665 3729 1718 δὲ

2135 1758 2397 1813 ἕκαστον
2417 1758 2602 1827 ὑμῶν,
2634 1757 2751 1825 τὴν
2770 1758 2969 1825 αὐτὴν
2995 1758 3417 1812 ἐνδείκνυσθαι
3434 1756 3727 1824 σπουδὴν

2137 1848 2288 1916 πρὸς
2318 1848 2433 1916 τὴν
2465 1850 2881 1917 πληροφορίαν
2904 1847 3013 1917 τῆς
3040 1849 3289 1914 ἐλπίδος
3314 1848 3449 1916 ἄχρι
3478 1848 3726 1912 τέλους.

465 1945 786 2016 e/ﬁciamini,
814 1948 905 2000 sed
950 1948 1248 2000 imitatores
1296 1964 1474 2002 eorum
1520 1949 1608 2017 qui
1641 1964 1731 2015 per
1750 1948 1913 2014 ﬁdem
1972 1962 2029 2000 ac

2138 1941 2242 1994 ἵνα
2282 1941 2371 2010 μὴ
2425 1940 2636 2009 νωθροὶ
2694 1940 2971 2010 γένησθε,
3023 1941 3273 2011 μιμηταὶ
3324 1940 3391 1993 δὲ
3442 1938 3562 1992 τῶν
3619 1939 3728 1993 διὰ

466 2034 923 2109 longanintitatem
999 2041 1266 2108 accipiunt
1361 2042 1722 2095 ltwreditutem
1808 2041 2036 2109 promis-

465 2145 655 2182 ειοιιιε.

537 2216 832 2293 Postquam
876 2224 1013 2277 satis
1052 2222 1172 2277 illos
1205 2222 1351 2277 feriit
1376 2223 1627 2278 vocando
1671 2239 1867 2294 segnes
1904 2223 2033 2277 alia-

462 2325 567 2379 que
601 2306 855 2379 dicendo,
905 2329 1052 2368 nunc
1076 2316 1396 2369 consolatur
1425 2330 1554 2369 eos:
1593 2315 1918 2369 idcircouon
1935 2315 2033 2369 ait:

463 2398 751 2469 Existimo,
785 2404 880 2460 sed
904 2400 1165 2461 Persuasi
1189 2407 1342 2461 mihi.
1374 2405 1599 2472 cSaluti,
1633 2407 1981 2461 adhaerentia.
2005 2425 2025 2460 ι

463 2491 577 2550 Hoc
604 2505 710 2564 est,
736 2498 983 2568 proxima
1015 2497 1096 2552 vel
1129 2498 1389 2553 confinia.
1415 2517 1433 2549 ι
1463 2497 1704 2553 Tametsi
1737 2499 1815 2553 sic
1837 2499 2033 2569 loqua-

461 2602 606 2644 mur.
636 2607 655 2639 ι
694 2587 852 2655 Novi,
886 2589 1081 2658 inquit,
1111 2588 1259 2659 quod
1320 2604 1426 2643 non
1477 2590 1788 2659 produt-etis
1844 2592 2033 2661 spinas

459 2696 524 2737 ac
573 2682 828 2745 tribulos,
884 2682 979 2738 sed
1000 2680 1182 2738 vbrbis
1211 2690 1424 2737 tantum
1477 2682 1636 2745 ferio,
1691 2693 1750 2737 ut
1802 2684 2032 2738 efﬁciam

460 2772 749 2832 ﬁrmiores.
789 2775 933 2831 «Non
952 2777 1096 2831 enim
1120 2776 1356 2846 injustus
1390 2786 1472 2832 est
1494 2776 1661 2831 Deus.
1691 2796 1709 2828 ι
1741 2775 2035 2847 Propterea

457 2874 640 2924 autem
670 2869 1050 2938 persuasimus
1093 2868 1258 2924 nobis
1287 2868 1429 2923 bona
1469 2869 1536 2923 de
1557 2870 1735 2932 vobis,
1801 2871 2035 2926 scientes

460 2962 626 3018 Deum
651 2978 757 3017 non
777 2977 901 3018 esse
956 2961 1221 3031 injustum
1256 2977 1269 3013 :
1299 2961 1443 3032 quod
1478 2961 1523 3016 si
1559 2961 1799 3030 injustus
1818 2977 1922 3015 non
1939 2963 2031 3025 sit,

455 3070 563 3111 non
623 3056 979 3112 obliviscetur
1021 3056 1145 3110 boni
1180 3054 1361 3125 operis
1418 3052 1604 3119 vestri,
1648 3061 1702 3108 et
1754 3053 2035 3111 charitatis

458 3167 621 3220 quam
664 3151 996 3208 exbibuistis
1025 3164 1155 3220 erga
1215 3163 1415 3204 nomen
1487 3148 1658 3210 illius,
1715 3148 1807 3213 qui
1849 3146 2032 3201 omnia

458 3254 683 3315 propter
722 3244 902 3315 ipsum
956 3242 1202 3314 perpessi
1271 3242 1431 3297 estis.
1457 3258 1476 3293 ι
1523 3238 1628 3307 Qui
1661 3240 2029 3296 miuistrastis

456 3336 684 3392 sanctis.
732 3355 753 3389 ι
802 3335 896 3391 llis
924 3336 1017 3406 qui
1051 3338 1166 3403 jam
1199 3334 1569 3389 crediderant.
1602 3333 1738 3387 Nam
1793 3333 1846 3387 lii
1893 3348 2031 3403 pra:-

456 3426 661 3483 bebant
701 3427 782 3484 eis
840 3426 1175 3481 necessaria.
1235 3423 1431 3495 Hujus,
1479 3425 1690 3494 inquit,
1744 3424 2031 3480 eharitatis

454 3534 618 3590 quam
649 3518 716 3574 ad
767 3518 871 3573 hoc
908 3533 1084 3587 usque
1122 3523 1334 3587 tempus
1386 3516 1675 3572 exbibetis.
1720 3534 1739 3568 ι
1764 3515 2031 3585 Cupimus

455 3622 664 3667 autem.
711 3628 731 3663 ι
771 3609 890 3664 Non
920 3609 1079 3673 dixit,
1108 3607 1394 3673 Volumus,
1423 3608 1519 3664 sed
1559 3607 1703 3678 quod
1754 3607 2031 3662 amantius

458 3712 607 3765 erat,
638 3700 902 3769 Cupimus
933 3708 1028 3755 aut
1073 3699 1468 3755 desideramus.
1538 3718 1557 3751 ι
1592 3699 1740 3753 Idem
1810 3705 2033 3769 praestet

458 3795 724 3851 studium.
771 3813 791 3846 ι
864 3792 1065 3848 Deinde
1107 3802 1288 3862 posset
1342 3792 1611 3862 quispiam
1678 3790 1909 3848 dicere:
1972 3789 2031 3845 Si

462 3885 784 3957 persuasisti
834 3883 929 3939 tibi
959 3884 1183 3938 meliora
1248 3883 1315 3938 de
1371 3885 1548 3950 nobis,
1577 3896 1631 3941 et
1669 3888 1812 3942 nosti
1862 3900 2030 3957 opera

456 3985 643 4032 nostra
680 3991 743 4029 ae
776 3975 1140 4031 ministerium
1172 3976 1224 4029 in
1251 3984 1497 4043 sanctos,
1554 3992 1657 4031 cur
1717 3978 1881 4047 igitur
1925 3992 2027 4034 nos

455 4081 628 4125 terres
656 4082 859 4122 vocans
897 4082 1110 4137 segnes,
1142 4081 1207 4122 ac
1229 4068 1517 4137 Spinarum
1549 4069 1755 4124 faciens
1800 4070 2028 4124 mentio-

454 4158 857 4225 nem?Quare?
884 4157 1023 4225 Quia
1063 4158 1338 4228 cupimus,
1389 4169 1446 4214 ut
1503 4161 1881 4231 unusquisque
1927 4177 2022 4218 ve-

453 4261 628 4307 strum
653 4251 802 4305 idem
836 4252 1077 4308 studium
1111 4250 1257 4321 quod
1277 4252 1510 4317 habetis,
1550 4254 1605 4307 in
1656 4255 1818 4307 linem
1854 4269 2028 4324 usque

451 4344 755 4414 praestetad
775 4345 987 4414 plenam
1006 4344 1121 4412 spei
1153 4344 1568 4409 eertitudiuem,
1598 4344 1768 4415 360
1791 4346 1891 4400 hoc
1913 4355 2020 4412 est,

456 4445 514 4492 ut
548 4437 672 4491 sitis
703 4436 1009 4491 immobiles
1026 4435 1171 4513 circa
1205 4436 1362 4490 tidem
1398 4451 1518 4505 qum
1547 4444 1630 4490 est
1658 4437 1711 4489 in
1741 4435 2024 4493 Christum

454 4541 508 4586 et
535 4544 687 4598 spem
708 4543 829 4598 qua:
879 4529 1007 4584 inde
1047 4528 1314 4597 procedit.
1383 4545 1402 4579 ‹
1461 4527 1542 4582 Ne
1592 4542 1787 4595 segnes
1826 4527 2026 4584 cilicia-

2141 2031 2396 2097 πίστεως
2449 2032 2549 2085 καὶ
2599 2031 3009 2102 μακροθυμίας
3045 2033 3583 2101 κληρονομούντων
3612 2031 3726 2098 τὰς

2134 2122 2516 2192 ἐπαγγελίας.

2208 2234 2426 2301 Πλήξας
2466 2234 2665 2295 αὐτοὺς
2711 2234 2912 2297 ίκανῶς
2942 2233 3020 2305 τῷ
3053 2234 3294 2305 νωθροὺς
3323 2233 3575 2300 καλέσαι,
3621 2235 3728 2289 καὶ

2135 2325 2183 2380 τ’
2218 2327 2351 2380 ἄλλα
2378 2328 2573 2389 εἰπεῖν,
2598 2326 2691 2380 νῦν
2718 2326 3123 2399 παραμυθεῖται
3142 2344 3155 2358 ·
3191 2327 3272 2380 διδ
3285 2327 3385 2381 οὐκ
3419 2324 3562 2391 εἷπε,
3591 2327 3715 2382 Νο-

2140 2420 2301 2491 μίζω,
2332 2418 2488 2485 ἀλλὰ,
2522 2421 2853 2491 Πέπεισμαι.
2880 2439 2898 2472 ι
2938 2421 3048 2473 Καὶ
3086 2419 3321 2496 ἐχόμενα
3351 2419 3646 2489 σωτηρίας.
3692 2437 3716 2472 s

2150 2512 2345 2580 Ἐγγύς
2376 2511 2528 2566 ὅντα.
2572 2530 2590 2563 ι
2622 2512 2685 2564 Εἰ
2708 2512 2799 2566 καὶ
2828 2511 3002 2575 οὕτως
3031 2510 3324 2581 λαλοῦμεν.
3366 2530 3385 2565 ι
3422 2507 3573 2576 Οἶδα,
3605 2528 3727 2581 φη..

2139 2604 2244 2665 σἰν,
2266 2606 2348 2659 ὄτι
2375 2605 2435 2658 οὐ
2465 2604 2665 2675 φύσετε
2695 2605 2940 2668 ἀκάνθας
2973 2604 3065 2658 καὶ
3089 2604 3397 2674 τριϐόλους,
3433 2605 3548 2657 ἀλλ’
3583 2604 3727 2673 ἄχρι

2136 2696 2310 2764 λόγων
2364 2695 2605 2765 πλήττω,
2667 2695 2755 2749 ἵνα
2807 2696 3246 2766 ἀστραλεστέρους
3293 2697 3524 2768 ποιήσω.
3571 2712 3593 2747 t
3634 2696 3726 2748 Οὐ

2137 2788 2245 2858 γὰρ
2292 2788 2473 2850 ἄδικος
2504 2787 2533 2840 δ
2563 2787 2715 2850 Θεός.
2752 2807 2769 2839 ι
2809 2787 2906 2840 Διά
2938 2786 3097 2841 τοῦτο
3126 2787 3182 2840 δὲ
3212 2787 3281 2840 τὰ
3324 2787 3537 2858 χρηστά
3580 2788 3726 2858 περὶ

2138 2880 2291 2948 ὑμῶν
2319 2878 2687 2948 πεπείσμεθα,
2719 2877 2918 2941 εἰδότες
2951 2879 3026 2948 μὴ
3068 2878 3197 2931 ὄντα
3234 2879 3419 2933 ἄδικον
3438 2879 3529 2932 τὸν
3550 2879 3722 2934 Θεὸν.

2137 2971 2199 3023 Et
2236 2971 2290 3023 δὲ
2319 2970 2418 3023 οὐκ
2467 2969 2669 3037 ἄδικος,
2721 2971 2820 3023 οὐκ
2861 2970 3177 3041 ἐπιλήσεται
3213 2970 3309 3024 τοῦ
3355 2970 3518 3042 ἔργου
3555 2970 3726 3040 ὑμῶν

2135 3059 2230 3113 τοῦ
2259 3060 2521 3131 χρηστοῦ,
2553 3062 2647 3113 καὶ
2675 3061 2774 3131 τῆς
2803 3062 3023 3131 ἀγάπης
3055 3062 3121 3132 ἢν
3152 3060 3503 3127 ἐπεδείξασθε
3541 3064 3623 3127 είς
3655 3064 3728 3116 τδ

2137 3153 2307 3222 ὄνομα
2337 3152 2525 3219 αὑτοῦ,
2575 3153 2749 3208 πάντα
2778 3153 2845 3207 δι’
2881 3154 3045 3208 αὑτὸν
3084 3154 3502 3224 ὑπομείναντες.
3529 3174 3549 3207 ι
3585 3158 3729 3209 Διαο

2138 3248 2467 3318 κονήσαντες
2516 3249 2631 3308 τοῖς
2669 3247 2866 3316 ἁγίοις.
2904 3266 2922 3300 ι
2978 3248 3099 3310 Τοῖς
3133 3248 3232 3319 ἤδη
3265 3250 3727 3304 πεπιστευκόσιν.

2135 3336 2291 3394 Οὗτοι
2319 3343 2425 3409 γὰρ
2454 3342 2714 3409 παρεῖχον
2743 3340 2811 3393 τὶ
2835 3339 2967 3410 πρὸς
3005 3340 3103 3413 τὴν
3121 3340 3331 3409 χρείαν.
3365 3340 3588 3410 Ταύτην
3608 3342 3728 3411 τὴν

2134 3430 2433 3501 ἀγάπηνῆν
2456 3431 2583 3502 ἄχρι
2605 3430 2699 3484 τοῦ
2728 3431 2819 3483 νῦν
2846 3433 3072 3496 ποιεῖτε,
3102 3429 3292 3498 φησίν.
3330 3447 3351 3481 ι
3376 3430 3732 3501 Ἐπιθυμοῦ-

2139 3542 2237 3595 μεν
2269 3525 2348 3579 δέ.
2385 3544 2403 3577 ι
2435 3526 2548 3578 Οὐκ
2577 3519 2717 3583 εἶπε.
2744 3522 3079 3593 Βουλόμεθα,
3114 3522 3272 3576 ἀλλ’δ
3293 3523 3729 3594 φιλοστοργότε-

2138 3632 2230 3685 ρον
2284 3612 2376 3685 ἦν,
2430 3614 2859 3685 Ἑπιθυμοῦμεν,
2915 3614 3100 3683 φησίν.
3160 3632 3179 3665 ι
3230 3613 3344 3686 Τὴν
3398 3614 3569 3691 αὐτὴν
3622 3616 3728 3667 ὲν-

2134 3706 2444 3762 δείκνυσθαι
2476 3708 2763 3778 σπουδήν.»
2802 3701 3094 3759 Εῐταεῖποι
3117 3724 3222 3769 τις,
3250 3707 3313 3760 ΕΞ
3343 3706 3731 3775 πεπεισμένος

2132 3793 2183 3851 εἷ
2240 3799 2369 3867 περὶ
2425 3798 2581 3869 ἡμῶν
2631 3797 2700 3852 τὰ
2748 3797 3054 3870 κρείττονα,
3092 3798 3187 3851 καὶ
3233 3792 3383 3860 οἶδας
3434 3798 3600 3866 ἡμῶν
3643 3799 3727 3851 τὰ

2133 3890 2270 3961 ἔργα
2312 3893 2410 3944 καὶ
2452 3890 2550 3962 τὴν
2580 3892 2663 3955 είς
2696 3892 2822 3954 τοὺς
2860 3892 3052 3959 ἀγίους
3080 3889 3380 3953 διακονίαν,
3420 3890 3473 3944 τί
3504 3890 3728 3959 δήποτε

2133 3980 2410 4048 ἐφόὸησας
2469 3980 2617 4049 ἡμᾶς
2680 3978 2921 4050 νωθροὺς
2972 3979 3229 4043 καλέσας,
3285 3979 3380 4033 καὶ
3446 3980 3727 4035 ἀκανθῶν

2135 4071 2516 4142 μεμνημένος;
2566 4070 2665 4125 Διὰ
2716 4071 2807 4136 τίς
2859 4071 2981 4125 Ὅτι
3049 4071 3427 4141 ἐπιθυμοῦμεν
3474 4072 3729 4126 ἕκαστον

2130 4164 2305 4231 ὑμῶν,
2331 4164 2487 4233 φησὶ,
2520 4162 2620 4234 τὴν
2649 4163 2819 4233 αὐτὴν
2851 4163 2919 4233 ἢν
2944 4162 3095 4232 ἔχετε
3123 4164 3253 4234 ἄχρι
3281 4162 3468 4226 τέλους
3502 4148 3731 4217 ἐπιδεί-

2129 4253 2324 4319 ξασθαι
2365 4252 2603 4322 σπουδὴν
2637 4253 2773 4321 πρὸς
2797 4254 2898 4325 τὴν
2926 4255 3305 4324 πληροφορίαν
3338 4258 3437 4325 τῆς
3464 4255 3723 4321 ἐλπῖδος,

2127 4343 2397 4405 τουτέστι.
2428 4344 2564 4414 πρὸς
2594 4344 2656 4398 τὸ
2681 4339 2821 4399 εἶναι
2863 4346 3008 4415 ὑμᾶς
3044 4346 3404 4409 ἀδιστάκτους
3447 4347 3580 4417 περὶ
3616 4348 3728 4418 τὴν

2128 4439 2207 4502 εἰς
2241 4439 2477 4508 Χριστὸν
2507 4440 2710 4503 πίστιν,
2742 4443 2835 4495 καὶ
2863 4440 2960 4510 τὴν
2993 4440 3144 4493 ἔνθεν
3170 4441 3382 4494 ἐλπίδα.
3418 4458 3438 4492 ί
3484 4442 3612 4494 Ἵνα
3643 4442 3726 4513 μὴ

2132 4528 2330 4601 νωθροὶ
2356 4531 2613 4600 γένησθε.
2653 4550 2674 4584 ι
2710 4532 2903 4585 Καίτοι
2927 4527 3083 4584 εἶπεν
3107 4531 3220 4585 ἄνω
3248 4532 3343 4586 καὶ
3377 4531 3455 4594 τὸ,
3485 4531 3727 4603 Νωθροὶ

454 4621 605 4677 mini.
637 4640 656 4673 ›
689 4620 852 4688 Atqui
911 4620 1166 4690 superius
1200 4619 1337 4673 dixit
1376 4637 1390 4673 :
1426 4616 1634 4689 Segnes
1680 4620 1806 4673 facti
1832 4623 1969 4676 estis
1998 4636 2014 4688 ;

2138 4619 2430 4690 γεγένησθε
2449 4637 2465 4654 ο
2498 4620 2615 4674 ἀλλ’
2644 4622 2762 4674 ἐκεῖ
2781 4616 2902 4675 εἷπε
2933 4620 3062 4687 ταῖς
3084 4622 3327 4687 ἀκοαῖς,
3359 4620 3452 4676 νῦν
3479 4622 3562 4687 δὲ,
3597 4623 3731 4677 ὅλοι

454 4715 550 4773 sed
570 4714 645 4770 ibi
684 4713 912 4776 addidit,
966 4714 1207 4767 Auribus
1252 4728 1265 4764 :
1308 4726 1454 4764 nunc
1482 4719 1699 4766 autem.
1738 4712 1830 4767 Ne.
1850 4714 1948 4768 toti
1965 4723 2020 4770 et

2138 4713 2190 4765 it’
2220 4711 2357 4766 ὅλων
2384 4711 2581 4781 νωθροὶ
2601 4712 2921 4782 γεγένησθε.
2955 4728 2975 4764 t
3004 4712 3257 4783 Μιμηταὶ
3280 4712 3335 4765 δὲ
3365 4712 3474 4765 τῶν
3499 4712 3592 4767 διὰ
3622 4715 3727 4766 πὶο

456 4821 553 4876 per
577 4805 763 4860 omnia
797 4819 991 4873 segnes
1024 4802 1356 4858 eﬂiciamini.
1393 4820 1412 4853 ι
1444 4801 1549 4855 Sed
1601 4801 2014 4860 imitatoreseo-

453 4909 575 4948 rum
613 4892 706 4963 qui
734 4908 827 4962 per
841 4892 1019 4946 ﬁdem.
1061 4909 1080 4943 ι
1118 4889 1321 4944 Deinde
1339 4900 1735 4959 consequenter
1762 4899 2010 4948 recenset

453 4998 549 5040 eos
596 4984 686 5055 qui
721 4999 817 5055 per
857 4983 1018 5038 ﬁdem
1034 4988 1364 5050 acceperunt
1391 4981 1758 5037 liaareditatem
1783 4986 2020 5052 promis-

454 5076 650 5141 sionis,
686 5091 886 5147 nempe
918 5074 1214 5130 Abraham.
1246 5072 1386 5140 Quid
1406 5081 1490 5129 est
1517 5082 1700 5129 autem
1728 5091 1745 5130 :
1774 5073 1878 5130 Per
1902 5076 2024 5131 lon-

394 5164 399 5167 ’
452 5168 864 5243 ganimitatem‘l
907 5167 1012 5224 hoc
1054 5173 1161 5232 est,
1219 5165 1321 5221 Per
1362 5166 1725 5221 tolerantiam.
1796 5164 2025 5221 Pertulit

451 5262 596 5318 enim
632 5259 1056 5333 promissionem
1103 5258 1303 5313 adtam
1347 5257 1550 5314 multos
1603 5272 1777 5315 annos
1804 5260 2026 5330 prolon-

451 5365 655 5428 gatam,
701 5363 956 5411 ettamen
1000 5352 1303 5421 permansit
1355 5367 1572 5422 semper
1619 5352 1673 5406 in
1728 5352 2021 5407 credendo.

449 5448 586 5503 Nam
619 5448 664 5503 si
683 5446 846 5503 simul
876 5454 937 5499 ut
969 5443 1221 5515 promisit
1254 5445 1415 5510 Deus,
1446 5444 1871 5513 subsequeretur
1920 5443 2021 5498 do-

451 5538 626 5605 natio,
682 5537 793 5607 iam
837 5535 981 5607 apud
1015 5551 1139 5590 eum
1183 5535 1275 5606 qui
1310 5534 1724 5604 promissionem
1757 5534 2018 5604 suscepit,

452 5631 638 5687 nullus
664 5638 805 5686 esset
835 5644 969 5685 usus
989 5628 1110 5684 ﬁdei
1137 5636 1227 5682 aut
1253 5629 1580 5691 tolerantiae,
1622 5625 1767 5695 quod
1798 5625 2021 5681 (ιιιιηὶηο

452 5737 619 5781 verax
646 5729 793 5781 esset
833 5717 997 5778 Deus.
1051 5720 1110 5777 Si
1143 5735 1273 5777 vero
1320 5718 1412 5774 ubi
1470 5716 1722 5789 promisit
1780 5714 2020 5781 diﬂ‘erat,

2127 4818 2317 4865 στεως.
2364 4821 2384 4855 ι
2412 4798 2545 4856 Εῐτα
2596 4802 2784 4856 λοιπὸν
2838 4802 3131 4871 καταλέγει
3171 4804 3300 4867 τοὺς
3327 4802 3416 4856 διὰ
3464 4803 3729 4870 πίστεως

2126 4892 2641 4965 κληρονομήσαντας
2659 4896 2757 4958 τὰς
2785 4893 3142 4962 ἐπαγγελίας,
3171 4889 3283 4948 οἷον
3306 4894 3398 4947 τὸν
3424 4894 3726 4966 Ἀϐραάμ.

2126 4985 2192 5038 Τί
2216 4985 2273 5038 δέ
2292 4987 2405 5038 ἐστι
2431 4984 2511 5049 τὸ,
2535 4983 2634 5038 Διά
2664 4983 3084 5055 μακροθυμίαςς
3111 4983 3376 5048 τουτὲστι,
3401 4983 3471 5037 δι’
3496 4986 3727 5055 ὑπομο-

2126 5076 2245 5145 νῆς.
2294 5076 2587 5146 ’Υπέμεινε
2625 5078 2737 5146 γὰρ
2766 5076 2864 5144 τὴν
2893 5074 3232 5145 ἐπαγγελίαν
3266 5074 3725 5146 ὑπερτιθεμένην

2127 5167 2363 5222 τοσαῦτα
2397 5168 2514 5239 ἔτη,
2559 5168 2656 5220 καὶ
2685 5168 2765 5221 ἔτι
2804 5168 2989 5238 ἔμεινε
3023 5166 3315 5220 πιστεύων.
3350 5167 3413 5221 Et
3442 5167 3557 5236 γὰρ
3591 5166 3724 5237 ἅμα

2126 5260 2204 5329 τῷ
2258 5259 2695 5329 ἐπαγγείλασθαι
2747 5259 2943 5330 Saevi;
2978 5259 3125 5322 δόσις
3172 5257 3555 5327 ἀκολουθήσει,
3606 5261 3723 5315 οὐκ

2128 5350 2208 5403 ἔτι
2238 5350 2472 5413 πίστεώς
2510 5351 2658 5404 ἐστιν
2689 5349 2720 5420 ἢ
2754 5349 3034 5420 ὑπομονῆς
3071 5347 3166 5401 τοῦ
3219 5346 3318 5417 τὴν
3362 5348 3723 5414 ἐπαγγελίαν

2125 5441 2419 5511 δεξαμένου
2452 5441 2632 5513 χρεία,
2661 5442 2740 5513 τῷ
2767 5442 2902 5504 ὅλως
2932 5440 3221 5511 ἀληθεύειν
3243 5438 3336 5493 τὸν
3364 5439 3519 5493 Θεόν.
3554 5440 3625 5493 Et
3657 5441 3725 5494 ὁὶ

2129 5534 2593 5604 ἐπαγγειλάμενος
2637 5534 2964 5604 ὑπέρθηται,
3012 5533 3107 5586 καὶ
3153 5534 3184 5585 δ
3211 5531 3310 5603 τὴν
3362 5532 3722 5602 ἐπαγγελίαν

2128 5624 2419 5694 δεξάμενος
2479 5624 2895 5693 μακροθυμήσει
2953 5624 3045 5674 ἐπὶ
3093 5624 3159 5690 τῇ
3217 5619 3536 5690 ὑπερθέσει,
3583 5622 3721 5674 τότε

2128 5713 2374 5766 πιστεύει
2408 5712 2683 5782 καθαρῶς,
2712 5713 2834 5765 τότε
2869 5710 3130 5780 ὑπομένει
3164 5708 3468 5779 ἐγκρατῶς.

450 5824 506 5869 et
541 5823 723 5873 tamen
762 5817 808 5874 is
833 5816 922 5888 qui
971 5815 1383 5886 promissionem
1420 5812 1655 5885 accepit,
1678 5811 1918 5869 tolerans
1953 5811 2020 5866 ad
2060 5808 2399 5875 dilationem,
2456 5817 2586 5862 tune
2670 5822 2802 5879 pure
2865 5805 3059 5872 credit,
3140 5812 3270 5861 tunc
3325 5803 3559 5859 viriliter
3624 5815 3721 5860 to-

454 5912 610 5967 lerat.
