3918 6564
489 394 595 461 94'}

1545 394 1942 455 (ECUMENII
1973 392 2264 452 TRICCzE
2306 392 2423 451 El’l
2437 393 2647 451 SCtJPI

3618 392 3726 453 εει

485 509 673 574 'ionis,
707 516 765 563 ut
790 508 864 563 ita
894 505 968 561 sit
1007 521 1206 562 sensus
1241 524 1256 560 :
1309 503 1472 572 Deus,
1525 506 1632 562 hoc
1670 515 1753 560 est
1793 504 2044 567 Verbum,

2158 504 2218 557 τὸ
2250 503 2586 573 ἀμετάθετον
2622 504 2731 557 τῶν
2757 503 2832 572 τῷ
2876 505 3050 574 [latth
3077 502 3370 570 δοξάντων,
3407 506 3733 575 ἐμεσίτευσε

487 600 983 656 immntahilitatem
1009 596 1299 654 ostendere
1339 599 1528 654 volens
1561 612 1750 653 eorum
1784 612 1903 664 qua:
1935 594 2042 649 Pa-

492 692 558 744 tri
592 704 708 744 Visa
738 699 887 749 Sunt,
914 686 1181 741 mediator
1207 685 1308 740 fuit
1332 686 1470 740 inter
1487 685 1654 739 Deum
1681 692 1735 739 et
1780 684 2053 737 Abraham

484 778 839 847 jurejurando
866 793 882 834 :
909 777 1013 830 hoc
1051 782 1134 831 est
1175 775 1440 831 mediator
1470 776 1523 829 in
1562 773 1922 844 jurejurando
1976 772 2054 825 fa-

487 875 610 922 ctus
632 874 737 921 est.
780 864 1085 934 Peripsnm
1123 863 1265 918 enim
1306 872 1562 932 tanquam
1598 878 1695 931 per
1721 862 2056 931 Verbumju-

489 959 631 1014 ravit
658 958 802 1012 Deus
840 964 895 1012 et
928 955 1111 1011 Pater.
1157 973 1175 1006 ι
1205 956 1273 1013 Ut
1299 972 1393 1025 per
1427 956 1563 1012 duas
1590 970 1697 1011 res.
1725 975 1744 1007 ι
1774 956 1891 1010 Duo
1909 955 2053 1009 enim

488 1052 724 1107 maxima
778 1049 1024 1120 quaedam
1081 1040 1255 1116 erant,
1300 1058 1431 1105 tunc
1481 1050 1798 1120 promisisse
1862 1047 2051 1112 Deum,

488 1142 648 1212 362
671 1151 725 1196 et
750 1141 1140 1211 jusjurandum
1182 1142 1532 1212 promissioni
1567 1142 1738 1197 fuisse
1781 1142 2049 1196 additum.

497 1251 515 1283 ι
544 1233 602 1287 In
637 1232 840 1302 quibus
873 1229 988 1287 fieri
1034 1247 1144 1285 non
1193 1240 1399 1302 posset.
1434 1251 1452 1283 ι
1491 1231 1548 1286 ln
1595 1234 1797 1301 quibus
1859 1242 1912 1286 et
1959 1249 2053 1301 per

490 1338 627 1392 quas
654 1338 760 1379 res.
791 1342 809 1374 ι
840 1320 1082 1376 Validam
1099 1322 1527 1377 consolationem
1548 1322 1867 1377 habeamus.
1894 1342 1913 1373 ι
1942 1323 2053 1377 llne

490 1423 573 1469 est
604 1429 698 1484 per
723 1413 1182 1467 exhortationem.
1213 1431 1231 1464 ι
1254 1412 1355 1479 Qui
1388 1414 1762 1483 confugimus,
1799 1432 1817 1466 ι
1858 1428 2052 1483 uen.pe

487 1502 554 1557 ad
579 1504 778 1573 ipsum.
821 1523 839 1555 ι
865 1502 933 1558 Ut
956 1512 1259 1558 teneamus.
1296 1521 1315 1554 ι
1340 1502 1589 1558 Validam
1610 1504 2050 1559 exhortationem

489 1596 785 1650 habeamus
810 1596 875 1649 ad
918 1595 1214 1650 tenendum
1250 1596 1584 1665 propositam
1611 1610 1786 1664 spem.
1824 1594 2047 1658 Abillis,

487 1688 686 1758 inquit,
718 1700 840 1755 qua:
864 1687 930 1742 ad
976 1687 1250 1742 Abraham
1303 1688 1450 1742 dicta
1487 1694 1617 1742 sunt
1660 1685 2052 1740 confirmemnr

483 1778 649 1833 etiam
676 1779 742 1834 ad
763 1794 828 1835 ea
849 1794 969 1849 quae
987 1778 1173 1834 futura
1197 1786 1326 1834 sunt
1349 1786 1403 1833 et
1420 1776 1487 1832 ad
1517 1792 1739 1847 regnum
1759 1775 2044 1829 caelorum.

2160 594 2236 664 τῷ
2255 594 2430 666 [Iath
2458 595 2640 648 καὶτὸ
2684 595 2936 665 Ἀϐραὰμ
2985 595 3153 665 ὅρκῳ,
3189 597 3457 658 τουτέστι,
3502 594 3731 663 μεσίτης

2159 685 2217 736 ἐν
2245 682 2323 753 τῷ
2352 685 2497 754 ὅρκῳ
2518 683 2727 751 γέγονε.
2752 686 2830 737 Δι’
2864 683 3028 740 αὑτοῦ
3059 685 3166 755 γὰρ
3189 685 3265 749 ὡς
3285 686 3479 751 Λόγου,
3513 683 3731 755 ὤμνυεν

2157 777 2185 828 ὁ
2217 775 2352 839 Θεὸς
2381 775 2474 829 καὶ
2495 777 2709 847 Πατήρ.
2749 796 2767 829 ι
2799 776 2916 832 ’Ὶνα
2940 777 3027 831 διὰ
3051 777 3142 832 δύο
3180 778 3538 848 πραγμάτων.
3578 796 3596 828 s
3626 774 3733 828 Δύο

2158 867 2267 938 γὰρ
2307 862 2375 937 ἦν
2413 866 2668 937 μέγιστα,
2696 867 2817 921 τότε
2858 867 3293 937 ἐπαγγείλασθαι
3324 867 3414 921 τὸν
3445 867 3601 930 Θεὸν,
3633 867 3733 919 καὶ

2155 958 2217 1011 τὸ
2268 959 2358 1013 τὴν
2408 960 2570 1031 ὅρκον
2626 960 2949 1031 προσθεῖναι
2976 964 3042 1032 τῇ
3077 959 3396 1031 ἐπαγγελίᾳ.
3435 978 3455 1012 ι
3503 960 3594 1012 Ἐν
3647 953 3734 1020 οἷς

2157 1050 2435 1105 ἀδύνατον.
2473 1068 2491 1102 ι
2544 1050 2633 1105 Ἐν
2661 1045 2764 1115 οἷς,
2790 1053 2884 1106 καὶ
2905 1052 2973 1106 δι’
2992 1047 3067 1106 ὧν
3096 1051 3459 1123 πραγμάτων.
3490 1069 3509 1102 s
3550 1052 3735 1121 ’ἰσχυ-

2158 1141 2257 1213 ρὰν
2292 1141 2637 1213 παράκλησιν
2670 1141 2907 1212 ἔχωμεν,
2943 1161 2961 1194 ι
3004 1144 3340 1213 προτροπὴν.
3386 1162 3404 1195 ι
3448 1144 3512 1197 Οί
3552 1159 3733 1196 κατα-

2157 1228 2439 1298 φυγόντες.
2475 1248 2494 1282 s
2538 1230 2632 1293 Είς
2673 1231 2856 1295 αὐτὸν,
2888 1231 3048 1301 φησί.
3094 1249 3113 1283 ι
3167 1230 3477 1302 Κρατῆσαι,
3518 1250 3537 1284 ι
3579 1234 3737 1300 ἰσχυ-

2155 1318 2257 1391 ρὰν
2295 1320 2642 1391 παράκλησιν
2672 1322 2885 1393 ἔχωμεν
2932 1324 3012 1386 είς
3045 1322 3105 1376 τὸ
3136 1324 3406 1395 κρατῆσαι
3443 1323 3542 1394 τῆς
3587 1338 3735 1391 προσ

2153 1412 2413 1484 κειμένης
2461 1412 2697 1476 ἐλπίδος.
2761 1412 2883 1465 Ἀπ’
2918 1412 3162 1476 ἐκείνων,
3194 1414 3370 1484 ίφησὶ,
3428 1413 3539 1466 τῶν
3589 1412 3735 1482 πρὸς

2165 1503 2415 1574 ’Λϐραὰμ
2442 1505 2766 1575 εἰρημένων,
2813 1504 3177 1573 πιστωθῶμεν
3208 1507 3304 1559 καὶ
3332 1505 3467 1577 προς
3494 1504 3562 1558 τὰ
3594 1505 3731 1570 μέλ-

2151 1596 2332 1660 λοντα,
2374 1598 2467 1650 καὶ
2496 1598 2592 1666 τὴν
2623 1597 2903 1667 βασιλείαν
2928 1599 3036 1652 τῶν
3068 1599 3333 1669 οὐρανῶν.
3378 1597 3526 1669 Αὕτη
3550 1600 3665 1667 γὰρ
3698 1599 3732 1667 ἡ

2151 1688 2306 1752 ἐλπὶς
2337 1689 2515 1760 ἡμῶν,
2551 1690 2585 1759 ἡ
2616 1689 2711 1743 νῦν
2746 1690 2842 1760 μὲν
2883 1692 2937 1743 ὲν
2978 1690 3152 1743 ἑλπίδι
3195 1691 3553 1759 προκειμένη,
3603 1691 3734 1743 τότε

2152 1780 2209 1835 δὲ
2270 1781 2634 1851 ἑκϐησομένη,
2677 1781 2811 1834 ὡσεὶ
2865 1780 3070 1849 ἔλεγεν·
3137 1782 3227 1846 Ἐξ
3276 1783 3500 1836 ἐκείνων
3554 1782 3734 1835 ταῦτα

485 1868 618 1924 Nam
657 1870 772 1926 haec
798 1878 885 1927 est
922 1886 1053 1940 spes
1104 1882 1312 1936 nostra,
1367 1884 1487 1940 quae
1522 1882 1665 1923 nunc
1715 1866 1936 1935 quidem
1989 1866 2043 1919 in

2154 1872 2460 1928 ὲπιστοῦτο.
2502 1872 2651 1926 Ἐκεῖ
2679 1873 3004 1943 ἡλήθευσεν,
3038 1873 3124 1926 ἵνα
3160 1875 3219 1926 ὲν
3257 1873 3464 1936 τούτοις
3497 1891 3735 1925 πιστευ-

486 1976 583 2033 spe
613 1962 894 2031 preposita
934 1969 1058 2029 est,
1116 1969 1251 2017 tunc
1283 1969 1464 2015 autem
1497 1975 1556 2013 re
1578 1958 1694 2028 ipsa
1742 1957 2042 2025 continget,

487 2067 745 2125 tanquam
769 2056 973 2111 diceret
1003 2071 1020 2114 :
1048 2054 1133 2110 Ab
1160 2054 1268 2110 illis
1293 2053 1409 2108 haec
1442 2051 1937 2114 confirmabantur,
1970 2050 2042 2103 ibi

482 2162 603 2217 quae
644 2146 859 2202 dixerat
882 2145 1169 2218 praestitit,
1197 2154 1257 2201 ut
1287 2145 1345 2200 in
1374 2144 1496 2201 istis
1555 2143 1691 2199 ﬁdes
1751 2142 1852 2212 ipsi
1888 2140 2046 2196 adhi-

487 2239 726 2293 beretur.
758 2238 1030 2307 Autquod
1059 2252 1157 2308 per
1185 2237 1288 2292 hoc
1302 2244 1434 2291 tunc
1457 2233 1666 2306 juravit
1710 2241 1769 2289 ut
1798 2247 1944 2287 nunc
1977 2231 2046 2285 de

481 2323 685 2379 futuris
714 2323 1100 2380 crederemus:
1132 2325 1271 2380 nihil
1303 2324 1474 2387 enim,
1505 2322 1707 2394 inquit,
1736 2331 1865 2376 tune
1893 2318 2042 2373 aliud

482 2428 641 2474 erant
678 2432 802 2489 quae
838 2432 962 2474 cum
989 2418 1322 2488 juramentis
1386 2417 1845 2488 promittebantur
1877 2428 2043 2486 quam

481 2508 665 2564 futura
683 2524 811 2581 epes
850 2508 1114 2565 fidelium.
1151 2529 1170 2563 ι
1198 2508 1372 2577 Quam
1405 2510 1554 2564 velut
1584 2522 1846 2564 ancoram
1889 2514 2034 2562 tene-

481 2616 626 2668 mus,
653 2620 674 2655 s
709 2617 831 2674 qua:
860 2610 1116 2658 nutantes
1147 2601 1294 2658 sistit
1328 2616 1531 2656 naves:
1568 2607 1623 2656 et
1654 2600 1728 2656 ita
1750 2615 1896 2669 spes,
1948 2613 2044 2653 eos

480 2693 573 2763 qui
594 2694 919 2750 vacillantin
940 2694 1331 2751 tentationibus
1359 2702 1414 2749 et
1442 2692 1849 2751 aiﬂictionibus.
1875 2690 2044 2745 fortes

482 2786 536 2833 et
566 2778 756 2836 firmos
780 2795 844 2835 ac
892 2781 1165 2851 patientes
1221 2779 1406 2835 eilicit.
1470 2797 1489 2830 ι
1527 2779 1664 2833 Tum
1714 2787 1883 2832 tutam
1929 2788 2041 2830 tum

362 2868 374 2879 '
484 2867 719 2925 firmam.
758 2888 778 2922 ›
806 2870 920 2926 Non
946 2872 1383 2942 qualemcunque
1410 2885 1687 2930 ancoram.
1727 2869 1820 2923 sed
1869 2877 1923 2921 et
1952 2876 2041 2921 tu-

482 2970 591 3017 tam
616 2970 670 3017 et
690 2962 922 3017 firmam.
942 2962 1219 3033 Contingit
1238 2963 1382 3017 enim
1419 2973 1477 3016 ut
1507 2976 1707 3016 ancora
1740 2976 1844 3015 non
1866 2968 2044 3013 servet

483 3067 674 3109 navem
715 3069 744 3108 a
775 3062 1101 3125 tempeSIate
1136 3053 1324 3117 maris.
1359 3054 1403 3107 si
1448 3053 1627 3106 minor
1677 3052 1840 3107 fuerit
1878 3066 2042 3122 quam

476 3154 745 3217 oporteat.
785 3165 804 3199 ι
832 3148 896 3202 Et
933 3149 1325 3201 introeuntem.
1358 3163 1377 3197 ι
1413 3144 1481 3199 Ut
1519 3148 1646 3199 dum
1678 3159 1801 3210 nos,
1840 3144 2039 3213 inquit,

478 3234 771 3289 adhuchic
797 3251 1011 3299 sumus,
1044 3235 1429 3305 spesintroeat
1478 3234 1533 3288 in
1585 3248 1810 3303 regnum
1872 3233 2043 3286 caelo-

479 3342 643 3383 rum:
678 3327 781 3384 hoc
809 3336 912 3393 est,
944 3338 1001 3383 ut
1034 3343 1130 3399 spe
1181 3326 1293 3397 jam
1356 3327 1431 3381 ibi
1486 3327 1682 3381 simus.
1733 3323 1868 3379 Vide
1913 3324 2042 3394 quid

480 3418 649 3472 iaciat
702 3433 847 3487 spes.
900 3419 1250 3489 Praaoeenpat
1312 3418 1365 3473 id
1433 3417 1575 3488 quod
1649 3418 1892 3471 futurum
1938 3426 2042 3469 est.

487 3527 507 3562 s
545 3508 732 3580 Usque
755 3511 821 3567 ad
850 3512 902 3566 id
936 3512 1081 3581 quod
1115 3519 1202 3566 est
1240 3512 1390 3566 intra
1418 3511 1615 3565 velum.
1651 3528 1669 3558 ι
1704 3509 1755 3562 Id
1778 3507 1921 3578 quod
1963 3513 2047 3562 est

479 3599 621 3655 intra
650 3601 829 3656 velum
872 3602 1205 3673 dicitipsum
1237 3602 1457 3656 cmlum.
1481 3619 1500 3651 ι
1565 3599 1666 3654 Ubi
1740 3616 2047 3669 prmeursnr

480 3706 579 3759 pro
612 3693 790 3748 nobis.
825 3712 843 3745 ι
875 3691 993 3748 Non
1014 3694 1188 3748 solum
1226 3693 1371 3746 enim
1433 3692 1715 3762 ingressus
1779 3700 1886 3757 est,
1942 3692 2035 3747 sed

478 3799 578 3854 pro
593 3784 751 3839 nobis
781 3784 1062 3855 ingressus
1091 3781 1305 3839 est.Ubi
1326 3793 1502 3837 autem
1532 3798 1837 3851 prmeursnr
1855 3796 2040 3839 noster

478 3859 561 3928 est
595 3875 895 3943 ingressus,
928 3890 993 3929 eo
1021 3888 1122 3929 nos
1151 3888 1370 3942 quoque
1391 3871 1603 3943 ingredi
1661 3888 1881 3927 necesse
1934 3886 2036 3928 est.

476 3968 585 4021 Aut
611 3968 923 4037 prtepositio
961 3966 1124 4035 ὑπὲρ,
1162 3963 1214 4019 id
1238 3975 1319 4020 est
1358 3982 1486 4035 pro,
1545 3965 1807 4030 abundat,
1858 3974 1916 4019 ut
1971 3966 2042 4020 sit

480 4072 698 4121 sensus,
718 4057 1030 4113 Praecursor
1046 4056 1379 4113 noster.Aut
1403 4056 1547 4127 quod
1582 4072 1689 4113 una
1721 4072 1843 4111 cum
1872 4073 2041 4113 carne

480 4149 759 4219 ingressus
789 4151 880 4215 sit,
924 4163 1024 4220 pro
1051 4148 1210 4206 nobis
1227 4156 1408 4213 est,ut
1435 4158 1490 4205 et
1520 4164 1624 4204 nos
1668 4150 1761 4219 qui
1817 4165 2037 4204 carnem

2155 1966 2243 2036 θῇ.
2277 1968 2347 2019 ’Ἡ
2388 1968 2469 2019 ὅτι
2508 1966 2595 2019 διὰ
2634 1965 2789 2018 τοῦτο
2820 1963 3002 2034 ὤμοσε
3034 1964 3176 2028 τότε,
3216 1965 3303 2017 ἵνα
3332 1965 3427 2016 νῦν
3452 1964 3583 2033 περὶ
3619 1963 3737 2016 τῶν

2160 2058 2456 2127 μελλόντων
2482 2057 2885 2124 πιστεύσωμεν.
2916 2056 3080 2109 Οὐδὲν
3108 2056 3215 2125 γὰρ
3239 2052 3305 2126 ἦν
3329 2055 3537 2126 ἕτερον,
3570 2057 3733 2125 φησὶ,

2156 2150 2249 2201 καὶ
2281 2149 2346 2201 τὰ
2398 2151 2519 2200 τότε
2567 2147 2684 2218 μεθ’
2718 2147 2895 2216 ὅρκων
2927 2145 3396 2213 ἐπαγγελλόμενα,
3439 2145 3471 2214 ἢ
3517 2146 3550 2212 ἡ
3599 2143 3733 2212 μὲλ-

2155 2241 2321 2294 λουσα
2368 2240 2522 2302 ἐλπὶς
2576 2239 2684 2292 τῶν
2735 2238 2965 2292 πιστῶν.
3017 2255 3037 2288 ι
3078 2239 3180 2289 Ἢν
3208 2235 3282 2299 ὥς
3319 2236 3567 2307 ἄγκυραν
3608 2234 3737 2303 ἐχο-

2158 2349 2277 2403 μεν,
2306 2351 2324 2384 ι
2346 2331 2481 2401 ἥτις
2509 2331 2575 2384 τὰ
2610 2330 2947 2400 σαλευόμενα
2975 2329 3155 2399 ἵστησι
3186 2329 3364 2391 πλοῖα,
3386 2327 3480 2380 καὶ
3506 2329 3540 2397 ή
3569 2325 3737 2389 ἐλπὶς

2152 2422 2277 2485 τοὺς
2319 2421 2711 2491 σαλευομένους
2761 2423 2872 2483 τοῖς
2914 2420 3266 2489 πειρασμοῖς,
3304 2415 3584 2487 ἀνδρείους
3629 2416 3736 2469 καὶ

2153 2512 2399 2583 ἑδραίους
2424 2511 2521 2565 καὶ
2545 2509 2979 2581 ὑπομονητικοὺς
3023 2510 3181 2563 ποιεῖ.
3215 2526 3234 2560 ι
3273 2506 3510 2576 Ἀσφαλῆ
3543 2524 3601 2559 τε
3633 2510 3737 2559 καὶ

2154 2605 2399 2676 βεϐαίαν.
2440 2622 2457 2653 ι
2494 2604 2605 2672 Οὐχ
2637 2602 2823 2664 ἁπλῶς
2871 2602 3138 2671 ἄγκυραν,
3186 2598 3323 2652 ἀλλὰ
3360 2599 3455 2652 καὶ
3500 2597 3736 2667 ἀσφαλῆ

2151 2698 2244 2750 καὶ
2272 2695 2516 2767 βεϐαίαν.
2550 2694 2671 2758 "Evr.
2697 2693 2806 2762 γὰρ
2842 2693 3059 2761 ἄγκυρα
3095 2689 3169 2760 μὴ
3204 2688 3645 2758 διαφυλάττουσα
3672 2687 3735 2740 τὸ

2152 2788 2359 2853 σκάφος
2405 2782 2817 2846 ἀκλυδώνιστον,
2865 2782 2992 2833 ὅταν
3105 2778 3408 2847 μικροτέρα
3447 2776 3541 2829 τοῦ
3577 2776 3737 2830 δέον-

2150 2893 2259 2939 τος.
2296 2893 2314 2927 ι
2357 2876 2465 2928 Καὶ
2497 2872 2913 2944 εἰσερχομένην.
2954 2892 2972 2923 ι
3021 2872 3140 2924 Ἵνα
3177 2870 3355 2940 ἡμῶν,
3408 2871 3595 2939 φησὶν,
3648 2869 3733 2921 ἔτι

2151 2967 2383 3021 ἐνταῦθα
2420 2965 2799 3037 ὑπαρχόντων,
2832 2966 2864 3034 ἡ
2899 2964 3053 3025 ἐλπὶς
3077 2962 3291 3035 εἰσέλθῃ
3320 2964 3398 3025 είς
3427 2961 3526 3030 τὴν
3564 2960 3733 3030 βασι-

2149 3058 2299 3111 λείαν
2327 3056 2434 3109 τῶν
2463 3056 2727 3125 οὐρανῶν,
2752 3055 3049 3113 τουτέστιν,
3085 3053 3173 3107 ἵνα
3212 3054 3333 3116 ταῖς
3370 3053 3587 3105 ἐλπίσιν
3620 3051 3730 3123 ἤδη

2150 3151 2269 3202 ἐκεῖ
2293 3142 2461 3218 ὦμεν.
2492 3149 2632 3216 Ὀρα
2658 3147 2711 3199 τί
2758 3149 2900 3199 ποιεῖ
2936 3148 2966 3216 ἡ
3000 3145 3173 3209 ἐλπίς.
3229 3144 3614 3215 Προλαμϐάνει
3670 3144 3734 3196 τὸ

2148 3242 2425 3310 ἐσόμενον.
2467 3258 2484 3292 ι
2522 3240 2615 3303 Ei;
2637 3239 2697 3292 τὸ
2725 3237 2991 3309 ἐσώτερον
3019 3237 3112 3290 τοῦ
3143 3237 3669 3305 καταπετάσματος.
3704 3254 3726 3286 s

2159 3332 2460 3401 Ἐσώτερον
2492 3330 2586 3384 τοῦ
2619 3330 3131 3398 καταπετάσματος,
3166 3328 3256 3381 τὸν
3276 3328 3506 3398 οὐρανὸν
3539 3327 3729 3382 καλεῖ.

2154 3440 2173 3474 ι
2197 3423 2370 3475 Ὅπου
2405 3422 2711 3492 πρόδρομος
2738 3421 2875 3490 ὑπὲρ
2902 3421 3079 3490 ἡμῶν.
3117 3438 3136 3472 ι
3169 3420 3243 3472 Οὐ
3279 3419 3387 3488 γὰρ
3423 3421 3583 3488 μόνον
3613 3419 3732 3471 είς-

2146 3513 2327 3584 ῆ).θεν,
2356 3513 2471 3567 ἀλλ’
2501 3513 2641 3582 ὑπὲρ
2672 3513 2825 3583 ἡμῶν
2855 3511 3122 3582 εἰσῆλθεν.
3151 3511 3325 3564 Ὅπου
3355 3510 3413 3563 δὲ
3437 3511 3464 3562 ὁ
3487 3511 3733 3581 πρόδρο-

2152 3622 2249 3676 μος
2283 3606 2437 3675 ἡμῶν
2478 3604 2745 3674 εἰσῆλθεν,
2781 3606 2896 3656 ἐκεῖ
2928 3604 3021 3656 καὶ
3058 3604 3226 3673 ἡμᾶς,
3262 3604 3456 3673 φησὶν,
3502 3603 3727 3675 ἀνάγκη

2140 3698 2422 3754 εἰσελθεῖν.
2458 3700 2528 3752 Ἢ
2552 3699 2632 3765 τὸ,
2667 3698 2839 3764 ὑπὲρ,
2872 3697 3218 3766 παρέλκεται,
3255 3697 3340 3750 ἵνα
3379 3692 3437 3772 ᾗ,
3472 3697 3728 3766 Πρόδρο-

2147 3809 2243 3857 μος
2274 3791 2450 3862 ἡμῶν.
2484 3792 2553 3844 Ἢ
2578 3792 2637 3845 τὸ
2675 3792 2813 3861 μετὰ
2844 3791 3044 3862 σαρκὸς
3073 3790 3234 3845 αὑτὸν
3260 3789 3545 3851 εἰσελθεῖν,
3580 3789 3733 3858 ὑπὲρ

2144 3883 2300 3950 ἡμῶν
2325 3884 2493 3949 ἔστιν,
2521 3884 2669 3947 ὅπως
2713 3884 2807 3936 καὶ
2836 3885 2997 3954 ἡμεῖς
3028 3883 3078 3936 οἱ
3114 3882 3293 3952 σάρκα
3329 3881 3570 3952 ἔχοντες,
3608 3881 3730 3933 efo-

2144 3974 2263 4027 οὸον
2289 3975 2569 4046 σχοίημεν.
2603 3996 2622 4029 ι
2669 3975 2985 4049 ’Λρχιερεὺς
3008 3976 3324 4044 γενόμενος.
3355 3993 3373 4026 ι
3405 3973 3610 4034 Καλῶς
3640 3971 3728 4036 τὸ,

2160 4063 2479 4133 Γενόμενος,
2506 4066 2591 4119 διὰ
2626 4066 2728 4138 τὴν
2761 4068 2965 4138 sipara:
2999 4066 3167 4119 Ἔνθα
3214 4063 3306 4118 οὖν
3334 4064 3362 4116 ὁ
3402 4063 3731 4136 ἀρχιερεὺς,

2148 4155 2265 4207 ἐκεῖ
2294 4157 2385 4209 καὶ
2408 4158 2436 4210 ὁ
2458 4157 2608 4222 λαός.

475 4240 766 4306 habemus,
798 4240 1103 4329 ingressum
1132 4240 1447 4298 habeamus.
1488 4240 1770 4298 cPontifex
1800 4242 2029 4299 factus.»
2076 4245 2240 4302 Recte
2272 4250 2474 4305 dictum
2501 4263 2583 4306 est
2617 4270 2630 4308 :
2682 4253 2905 4317 Fartus,
2941 4262 3161 4323 propter
3225 4265 3470 4305 carnem.
3543 4248 3734 4303 Porro

476 4333 569 4390 ubi
604 4343 690 4391 est
718 4330 985 4405 pontifex,
1024 4334 1099 4389 ibi
1132 4342 1285 4392 estet
1311 4337 1565 4406 populus.

987 4445 1149 4518 363
1174 4445 1400 4502 CAPUT
1452 4445 1543 4502 ix.

473 4561 551 4617 De
603 4560 952 4616 Helchisedec
976 4562 1066 4631 qui
1090 4559 1291 4617 Christi
1315 4562 1490 4631 ﬁgura
1515 4560 1644 4626 fuit,
1675 4570 1724 4615 et
1760 4578 1792 4615 a
1816 4563 2043 4629 nomine,

684 4641 733 4687 et
771 4648 803 4686 a
832 4632 1064 4696 civitate,
1088 4639 1136 4687 et
1168 4647 1201 4685 a
1232 4632 1356 4693 vita.
1386 4639 1434 4685 et
1466 4632 1832 4687 asacerdotio.

547 4786 693 4842 Nam
752 4785 837 4839 hic
877 4795 992 4840 erat
1038 4782 1401 4852 Melchisedec,
1430 4801 1521 4841 rex
1572 4784 1774 4850 Solem,
1810 4788 2048 4857 pontifex

478 4876 575 4933 Dei
625 4876 900 4941 altissimi,
956 4877 1049 4946 qui
1091 4878 1323 4931 occurrit
1375 4876 1641 4931 Abraham
1693 4881 1969 4934 revertenti
2010 4897 2045 4934 a

477 4967 618 5022 caede
646 4982 846 5039 regunt,
871 4976 922 5022 et
958 4967 1221 5022 benedixit
1252 4968 1367 5023 illi:
1388 4971 1475 5023 cui
1500 4979 1551 5024 et
1572 4970 1801 5026 decimas
1832 4988 1897 5025 ex
1930 4989 2045 5025 om-

478 5057 629 5111 nibus
658 5056 965 5126 impartitus
1000 5065 1078 5111 est
1109 5055 1380 5111 Abraham
1410 5074 1429 5112 :
1457 5059 1547 5128 qui
1580 5060 1806 5127 primum
1834 5059 2044 5129 quidem

478 5162 543 5200 ex
571 5147 1003 5217 interpretatione
1029 5147 1227 5202 dicitur
1258 5164 1349 5203 rex
1390 5149 1616 5219 iustitia:
1646 5165 1664 5205 :
1697 5150 1885 5205 deinde
1925 5168 2043 5205 vero

477 5237 639 5291 etiam
678 5251 773 5291 rex
816 5222 1016 5303 S'alem,
1064 5238 1200 5307 quod
1238 5236 1314 5292 est
1351 5254 1443 5292 rex
1479 5240 1624 5307 pacis
1660 5255 1673 5293 :
1717 5241 1828 5294 sine
1870 5251 2042 5308 patre,

477 5328 592 5382 sine
628 5336 817 5391 matre,
851 5330 963 5382 sine
996 5328 1322 5399 genealogia,
1372 5346 1534 5400 neque
1593 5331 1798 5385 initium
1840 5333 2045 5386 dierum

480 5432 645 5489 neque
682 5418 801 5473 vita
839 5417 997 5488 ﬁnem
1039 5418 1253 5485 habens,
1299 5419 1390 5473 sed
1433 5420 1763 5475 assimilatas
1795 5422 1931 5476 Filio
1952 5424 2047 5478 Dei

479 5517 657 5565 manet
710 5510 959 5564 sacerdos
1022 5511 1077 5564 in
1137 5521 1461 5581 perpetuum.
1521 5512 1866 5568 Considerate
1924 5532 2045 5571 vero

478 5608 709 5669 quantus
744 5596 829 5655 hic
856 5601 1043 5671 fuerit,
1078 5603 1164 5657 cui
1196 5602 1356 5657 etiam
1402 5603 1635 5660 decimas
1679 5606 1824 5660 dedit
1876 5606 2046 5661 Abra-

477 5690 597 5747 ham
614 5693 921 5761 patriarcha
950 5693 1016 5750 de
1046 5694 1251 5765 spoliis.

2731 4447 2976 4501 ΚΕΦΑΛ.
3039 4447 3117 4502 Θθ.

2148 4560 2289 4625 Περὶ
2346 4560 2452 4615 τοῦ
2500 4558 2874 4628 Μελχισεδὲκ
2922 4561 3028 4614 τοῦ
3082 4562 3169 4625 εις
3206 4558 3465 4628 Χριστὸν
3521 4560 3736 4628 τύπου

2218 4630 2368 4684 κατὰ
2405 4630 2469 4683 τὸ
2501 4625 2705 4697 ὄνομα.
2762 4625 3005 4698 καῖτὴν
3027 4631 3228 4694 πόλιν,
3250 4625 3357 4684 ’καὶ
3392 4628 3506 4691 τὴν
3536 4625 3730 4697 (dum

2217 4700 2315 4753 καί
2342 4699 2456 4767 τὴν
2480 4700 2834 4768 ἱερωσύνην.
3460 4698 3469 4705 “

2219 4785 2410 4856 Οὗτος
2461 4788 2572 4858 γὰρ
2616 4792 2648 4843 d
2687 4788 3060 4858 Μελχισεδὲκ
3126 4789 3427 4853 ,ϐασιλεὺς
3478 4789 3732 4858 iustius.

2145 4882 2338 4949 ίερεὺς
2392 4880 2500 4935 τοῦ
2542 4882 2690 4935 Θεοῦ
2743 4882 2848 4935 τοῦ
2899 4884 3185 4950 ὑψίστου,
3225 4885 3259 4935 ό
3312 4882 3735 4948 συναντήσας

2157 4968 2413 5038 Ἀϐραὰμ
2448 4969 2881 5037 ὑποστρέφοντι
2922 4970 3041 5026 ἀπὸ
3074 4968 3183 5039 τῆς
3225 4969 3420 5036 κοπῆς
3451 4968 3578 5022 τῶν
3601 4972 3735 5035 βα·-

2145 5056 2387 5119 σιλέων,
2443 5058 2538 5109 καὶ
2580 5058 2919 5125 εὐλογήσας
2950 5059 3155 5123 αὑτὸν,
3186 5052 3235 5126 ᾧ
3304 5059 3406 5111 καὶ
3449 5057 3738 5125 δεκάτην

2145 5148 2266 5202 ἀπὸ
2307 5146 2553 5204 πάντων
2606 5147 2882 5216 ἐμέρισεν
2954 5149 3210 5219 ’Δϐραὰμ
3231 5191 3246 5214 ,
3294 5149 3537 5219 πρῶτον
3603 5151 3738 5219 μὲν

2144 5240 2620 5307 ἑρμηνευόμενος
2670 5239 2973 5306 βασιλεὺς
3029 5242 3444 5310 δικαιοσύνης,
3504 5243 3738 5298 ἔπειτα

2146 5330 2216 5384 δὲ
2274 5330 2371 5383 ναί
2396 5329 2695 5397 βασιλεὺς
2736 5330 2963 5400 Salius,
2996 5332 3030 5385 ὅ
3052 5333 3182 5387 ἐστι
3224 5334 3524 5401 βασιλεὺς
3552 5336 3738 5406 sipri-

2144 5438 2276 5487 νης,
2315 5420 2578 5489 ἀπάτωρ,
2625 5422 2881 5490 ἀμήτωρ,
2906 5424 3399 5493 ἀγενεαλόγητος,
3430 5426 3740 5495 μήτε-ἀρ-

2145 5509 2266 5578 χὴν
2290 5510 2545 5578 ἣμερῶνο
2585 5510 2739 5577 μήτε
2759 5510 2909 5578 ζωῆς
2958 5514 3132 5580 τέλος
3171 5514 3348 5581 ἔχων,
3405 5515 3737 5583 ἀφωμοιω-

2139 5600 2325 5669 μένος
2348 5600 2417 5654 δὲ
2438 5599 2517 5666 τῷ
2566 5601 2675 5666 Υίῷ
2728 5602 2835 5656 τοῦ
2888 5604 3056 5667 Θεοῦ,
3105 5605 3271 5672 μένει
3305 5605 3502 5674 ἱερεὺς
3532 5608 3633 5672 εἰς
3657 5607 3740 5662 τὸ

2143 5693 2433 5765 διηνεκές.
2499 5696 2774 5761 Θεωρεῖτε
2817 5693 2888 5747 δὲ
2920 5696 3178 5762 πηλίκος
3235 5692 3415 5764 οὗτος
3445 5735 3462 5762 ,
3511 5690 3562 5765 ᾧ
3618 5701 3738 5754 καὶ

2144 5784 2406 5851 δεκάτην
2462 5788 2715 5855 Ἀϐραὰμ
2765 5786 2990 5841 ἔδωκεν
3030 5786 3096 5840 ἐκ
3129 5785 3250 5840 τῶν
3298 5789 3732 5857 ἀκροθινίων-ό

2147 5875 2532 5947 πατριάρχης.
