3988 6582
243 416 345 477 315

1271 422 1655 485 COMMENT.
1690 402 1783 486 ιιι
1805 426 2044 489 EPIST.
2080 429 2182 489 AD
2212 431 2443 492 HEBR.

3381 431 3489 495 346

303 533 457 586 Θέλει
510 533 683 599 δεῖξαι
722 538 816 589 καὶ
870 537 963 589 νῦν
1008 540 1140 591 πολὺ
1176 539 1237 591 τὸ
1261 541 1515 612 διάφορον
1543 546 1644 614 τῆς
1675 543 1803 605 νέας

1979 544 2105 602 Vult
2141 564 2287 604 nunc
2316 564 2536 619 quoth
2575 560 2835 619 magnam
2881 548 3178 604 ostendere
3211 548 3485 602 excellen-

239 626 494 694 διαθήκης
561 626 696 698 πρὸς
759 630 857 698 τὴν
926 630 1180 691 παλαιὰν.
1217 633 1497 687 καὶτοῦτο
1526 635 1796 691 δείκνυσιν

237 717 297 768 ὲκ
314 715 419 767 τῶν
447 716 664 787 ἱερέων.
699 720 883 773 Εἰπὼν
912 722 991 784 δὲ,
1028 723 1186 776 Κατά
1217 725 1318 794 τὴν
1354 727 1506 791 τάξιν
1533 727 1799 796 Μελχισε-

236 807 343 867 δὲκ,
368 806 646 862 δείκνυσιν
704 812 785 863 ὅτι
825 813 917 865 καὶ
956 814 1120 877 αὐτὸς
1148 815 1174 865 6
1204 816 1373 879 τύπος
1394 817 1486 871 τοῦ
1549 818 1789 887 Χριστοῦ

237 899 635 969 δΜελχισεδὲκ,
675 903 864 972 (τύπον
881 903 989 972 γὰρ
1023 906 1184 959 αὐτὸν
1217 908 1363 974 λέγει
1388 911 1482 962 τοῦ
1512 910 1797 981 Χριστοῦ.)

240 990 361 1043 πολύ
394 990 617 1061 διέφερε
678 992 786 1047 τῶν
840 998 979 1049 κατά
1042 999 1203 1066 νόμον
1265 1001 1457 1068 ἱερέων
1512 1003 1620 1055 τῶν
1650 1006 1800 1071 παρὰ

245 1081 534 1145 Ἰουδαίοις,
565 1083 724 1137 τοῦτο
781 1089 1226 1155 κατασκευάζων,
1260 1091 1322 1144 Εἰ
1361 1093 1389 1144 6
1427 1091 1615 1159 τύπος,
1643 1096 1797 1162 φησὶ,

235 1171 316 1224 τοῦ
361 1171 607 1242 Χριστοῦ
656 1173 765 1228 τῶν
811 1177 963 1248 παρά
1013 1177 1288 1245 Ἰουδαίοις
1348 1180 1600 1252 διέφερε,
1650 1183 1801 1252 πόσῳ

238 1262 426 1333 μᾶλλον
487 1267 523 1335 ή
576 1265 839 1337 ἀλήθεια;
894 1270 1193 1336 τουτέστιν,
1246 1271 1408 1335 αὐτὸς
1460 1274 1489 1324 6
1538 1274 1798 1343 Χριστός.

241 1356 542 1421 «Βασιλεὺς
604 1358 854 1430 Σαλήμ.»
902 1362 1113 1432 Ὀνομα
1190 1363 1421 1429 πόλεως.
1481 1367 1660 1420 ιἈπὸ
1702 1367 1802 1436 τῆς

235 1447 393 1518 κοπῆς
445 1448 561 1502 τῶν
630 1450 912 1521 βασιλέων.
942 1472 963 1506 ι
1020 1454 1189 1509 Ὅταν
1216 1456 1342 1518 τοὺς
1375 1455 1613 1528 βασιλεῖς
1672 1458 1800 1520 τοὺς

233 1542 312 1595 τὸν
349 1541 475 1595 Λὼτ
507 1543 1025 1614 αἰχμαλωτίσαντας
1057 1547 1395 1617 κατακόψας,
1430 1549 1796 1618 ὑπέστρεφεν.

235 1629 381 1698 οἶδας
414 1634 517 1706 τὴν
551 1637 819 1709 ἱστορίαν.
860 1658 878 1690 ι
902 1640 1010 1693 Καὶ
1042 1641 1343 1711 εὐλογήσας
1379 1641 1564 1695 αὐτόν.
1591 1660 1609 1693 ›
1652 1641 1800 1694 Ἀντὶ

234 1725 313 1780 τοῦ
362 1728 714 1797 εὐλόγησεν
761 1729 944 1784 αὐτόν.
1005 1726 1122 1802 ιτῼ
1182 1733 1279 1785 καὶ
1322 1732 1576 1802 δεκάτην.
1623 1750 1644 1783 ι
1705 1725 1796 1803 ᾯ,

235 1815 467 1870 τουτέστι
492 1817 576 1888 τῷ
606 1819 965 1891 Μελχισεδὲκ,
981 1820 1217 1892 δεκάτην
1242 1821 1439 1876 ἔδωκεν
1467 1824 1494 1875 6
1526 1821 1798 1893 Ἀϐραὰμ,

1909 639 2036 695 tiam
2066 642 2190 695 novi
2233 642 2543 697 testamenti
2583 656 2751 711 supra
2790 649 2945 695 vetus
2978 654 2993 694 :
3026 647 3082 695 et
3112 639 3215 692 hoc
3243 639 3489 694 ostendit

1906 747 1970 787 ex
2010 734 2409 789 sacerdotibus.
2444 734 2640 788 Dicens
2686 740 2869 786 autem
2929 750 2943 786 :
2980 731 3300 787 Secundum
3338 730 3491 783 ordi-

1907 835 2029 875 nem
2056 820 2436 881 Melcbisedec,
2459 822 2701 876 ostendit
2725 818 2871 891 quod
2903 820 3020 889 ipsa
3039 833 3262 888 quoque
3281 816 3490 879 Chriszi

1910 912 2101 981 figura,
2135 928 2324 980 nempe
2374 910 2741 966 Melchisedec
2768 912 2866 982 (ait
2922 911 3068 965 enim
3118 907 3289 964 fuisse
3334 909 3488 963 illum

1905 1004 2107 1059 Christi
2137 1003 2368 1073 typum),
2394 1003 2618 1056 multum
2647 1003 2990 1072 praecellebat
3018 1001 3286 1070 legalibus
3309 1005 3492 1053 sacer"

1907 1095 2122 1148 dotibus
2148 1095 2236 1162 qui
2262 1094 2400 1162 apud
2432 1092 2647 1147 Judtnos
2672 1102 2867 1148 erant:
2895 1095 2996 1147 hoc
3020 1101 3302 1154 astruens,
3334 1086 3491 1156 Quod

1907 1187 1952 1240 si
2010 1185 2207 1240 Christi
2234 1195 2413 1254 typus,
2446 1184 2642 1252 inquit,
2677 1185 3026 1252 praestantior
3082 1188 3198 1257 erat
3252 1180 3336 1234 his
3369 1193 3492 1248 qua:

1908 1277 2049 1346 apud
2082 1276 2299 1331 Judaeos
2332 1285 2511 1343 erant,
2548 1286 2754 1345 quanto
2785 1275 2961 1345 magis
3011 1273 3240 1338 veritas,
3280 1273 3386 1327 hoc
3409 1279 3494 1327 est

1910 1368 2025 1437 ipse
2050 1367 2326 1424 Christus.
2367 1386 2385 1418 ‹
2437 1368 2548 1422 llex
2577 1366 2781 1422 Salem.
2824 1385 2843 1418 ι
2871 1365 3079 1420 Nomen
3107 1372 3191 1421 est
3226 1363 3489 1419 civitatis.

1914 1479 1933 1512 ι
1967 1462 2010 1514 Α
2040 1460 2187 1516 caede
2229 1476 2434 1530 regum.
2484 1480 2503 1513 ι
2548 1458 2775 1526 Quando
2817 1458 3040 1530 regibus
3063 1458 3157 1528 qui
3206 1457 3308 1527 Lat
3356 1470 3489 1525 cap-

1910 1553 2078 1620 tivum
2111 1551 2404 1615 duxerant,
2462 1551 2642 1613 exesis,
2675 1565 2928 1604 reversus
2948 1548 3107 1603 est".
3134 1547 3288 1603 Nosti
3316 1547 3492 1600 histo-

1911 1642 2069 1696 riam.
2109 1661 2127 1691 ι
2165 1639 2228 1694 Et
2259 1640 2531 1694 benedixit
2565 1640 2663 1693 illi.
2698 1657 2715 1690 ι
2750 1637 2883 1691 Nam
2930 1637 3232 1707 εὐλογήσας
3275 1636 3491 1705 capitur
3546 1640 3551 1645 ’

1913 1750 2010 1804 pro
2042 1732 2355 1804 εὐλόγησεν,
2390 1730 2442 1785 id
2470 1743 2558 1786 est‘
2580 1731 2932 1801 participium
2975 1744 3073 1798 pro
3105 1731 3289 1783 verbo.
3333 1746 3352 1780 ι
3389 1726 3491 1782 Cui

1911 1833 1965 1877 et
1998 1824 2260 1878 decimas.
2302 1840 2321 1873 ι
2359 1821 2455 1876 Cui
2490 1837 2682 1891 nempe
2715 1820 3085 1874 Melchisetlec
3123 1818 3369 1872 decimas
3391 1815 3492 1871 de-

240 1909 411 1979 φησίν.
448 1930 467 1962 ι
492 1910 726 1981 Πρῶτον
760 1912 857 1983 μὲν
888 1913 1346 1983 ἑρμηνευόμενος.
1373 1931 1392 1965 ι
1429 1912 1627 1966 Λοιπὸν
1663 1912 1807 1966 θέλει

1917 1919 1988 1973 tlit
2038 1915 2331 1972 Abraham.
2390 1934 2410 1966 ι
2454 1915 2693 1969 Primum
2744 1914 2963 1983 quidem
3027 1928 3094 1966 ex
3159 1913 3487 1979 interprets.

236 2000 393 2065 δεῖξαι
433 2002 558 2065 πῶς
603 2002 773 2067 τύπος
832 2004 950 2056 ἐστὶ
981 2006 1074 2057 τοῦ
1114 2003 1351 2074 Χριστοῦ
1383 2005 1411 2057 6
1445 2002 1805 2074 Μελχισεδὲκ,

237 2092 321 2145 καὶ
357 2091 497 2155 τέως
527 2092 600 2146 ὲκ
634 2092 727 2147 τοῦ
782 2092 1043 2163 ὀνόματος
1088 2093 1247 2146 τοῦτο
1299 2093 1462 2147 ποιεῖ.
1496 2092 1646 2155 Τέως
1674 2090 1805 2161 γὰρ,

239 2183 458 2254 φησὶ,τδ
493 2183 675 2255 ὄνομα
704 2184 867 2237 αὐτοῦ
896 2184 1277 2255 ἑρμηνεύεται,
1306 2182 1568 2248 Βασιλεὺς
1601 2184 1808 2237 δικαιο-

241 2275 390 2346 σύνης
414 2291 430 2306 ·
461 2276 675 2347 Μελχὶ,
708 2275 964 2347 βασιλεύς
1002 2292 1017 2307 ·
1046 2277 1228 2341 Σεδὲκ,
1249 2275 1614 2347 δικαιοσύνης.
1652 2275 1807 2340 Τίνος

1910 2009 2078 2062 tione.
2106 2023 2126 2057 ›
2169 2004 2293 2060 Vult
2338 2004 2593 2073 deinceps
2629 2003 2918 2059 Ostenderc
2950 2001 3231 2073 quomodo
3284 1999 3490 2055 Christi

1911 2099 2082 2169 figura
2116 2103 2235 2152 erat
2270 2094 2654 2160 Melchisedec,
2686 2104 2742 2150 et
2772 2095 2987 2148 interim
3029 2109 3095 2149 ex
3130 2093 3352 2147 nomine
3376 2091 3494 2161 pri-

1910 2206 2056 2242 mum
2094 2190 2193 2242 hoc
2219 2186 2368 2242 facit.
2420 2185 2557 2240 Nam
2615 2187 2812 2256 ipsius,
2851 2185 3051 2255 inquit.
3083 2198 3282 2239 nomen
3326 2182 3495 2236 inter-

1909 2291 2153 2350 pretatur
2184 2277 2300 2333 Rex
2324 2279 2549 2348 iustitiae
2580 2295 2594 2332 :
2628 2276 2793 2349 364
2827 2276 3046 2341 Melchi,
3090 2291 3183 2330 rex
3241 2292 3256 2329 :
3298 2272 3494 2340 Sedec,

239 2366 290 2419 δὲ
316 2369 502 2435 ἑτέρου
559 2366 797 2436 ὠφειλεν
850 2364 993 2422 εἶναι
1030 2367 1219 2434 τύπος,
1250 2367 1283 2439 ἦ
1312 2366 1407 2421 τοῦ
1435 2366 1676 2439 Χριστοῦ
1711 2364 1805 2421 τοῦ

1917 2373 2154 2441 iustitiae,
2195 2371 2362 2441 Cujus
2404 2381 2585 2424 autem
2639 2370 2865 2425 alterius
2913 2368 3101 2423 debuit
3154 2381 3275 2422 esse
3330 2373 3495 2436 typus

240 2457 439 2524 ἀληθῶς
491 2458 770 2528 βασιλέως
828 2458 1209 2529 δικαιοσύνης;
1277 2460 1512 2512 Ἔπειτα
1571 2458 1667 2512 καὶ
1708 2458 1808 2529 τὴν

243 2551 393 2622 ἀλλην
418 2552 578 2620 λέγει
609 2552 930 2624 ἑρμηνείαν,
962 2553 1059 2623 τὴν
1082 2552 1190 2607 ἀπὸ
1214 2553 1311 2623 τῆς
1342 2552 1570 2614 πόλεως.
1591 2551 1734 2620 Σαλὴ
1744 2567 1804 2620 μ,

243 2646 417 2717 εἰρήνη
479 2644 657 2700 ἐστίν.
695 2644 925 2711 Οὐκοῦν,
951 2648 1012 2699 οὐ
1053 2645 1215 2716 μόνον
1253 2643 1506 2714 βασιλεὺς
1533 2641 1809 2697 δικαιοσύ-

242 2752 345 2803 νης,
370 2734 507 2790 ἀλλὰ
547 2734 647 2788 καὶ
675 2735 921 2806 εἰρήνης,
956 2735 1028 2799 ὡς
1063 2736 1171 2791 ἀπὸ
1201 2735 1312 2805 τῆς
1333 2736 1540 2799 πόλεως
1573 2729 1639 2807 ἧς
1671 2734 1801 2786 ἐϐα-

246 2823 459 2878 σίλευενο
491 2825 787 2896 ἀμφότερα
818 2826 875 2878 δὲ
898 2827 1200 2898 ὁΧριστδς,
1231 2824 1486 2897 βασιλεύς
1517 2843 1576 2878 τε
1609 2826 1810 2879 δικαιο-

246 2912 395 2984 σύνης
422 2914 521 2968 καὶ
576 2912 831 2985 βασιλεὺς
859 2914 1101 2986 εἰρήνης.
1147 2934 1165 2966 ι
1185 2915 1464 2986 Ἀπάτωρ,
1497 2916 1747 2985 ἀμήτωρ.
1780 2933 1799 2966 ι

245 3007 341 3059 Καὶ
389 3005 656 3078 ἐνεχώρει
714 3005 902 3060 τοῦτον
960 3006 1052 3059 τὸν
1122 3008 1463 3079 Μελχισεδὲκ
1518 3008 1808 3080 ἄνθρωπον

245 3093 377 3162 ὄντα,
404 3095 664 3167 ἀπάτορα
691 3089 835 3148 εἶναι
863 3096 958 3149 καὶ
994 3096 1268 3167 ἀμήτορα,
1320 3098 1413 3149 καὶ
1466 3098 1601 3167 μήτε
1638 3100 1813 3169 ἀρχὴν

1910 2482 2072 2537 quam
2127 2464 2303 2534 ipsius
2350 2462 2552 2517 Christi
2600 2463 2695 2533 qui
2746 2476 2872 2516 vere
2930 2475 3026 2514 rex
3076 2456 3496 2528 eratjustitiaa?

1912 2558 2119 2613 Deinde
2150 2557 2316 2610 aliam
2349 2571 2565 2626 quoque
2595 2555 2745 2624 ponit
2778 2550 3285 2620 interpretationem
3315 2565 3438 2620 qua:
3464 2563 3497 2604 a

1910 2651 2132 2705 civitate
2167 2648 2422 2703 sumitur.
2457 2645 2636 2699 Salem
2671 2660 2771 2714 pax
2799 2652 2904 2699 est.
2964 2640 3153 2711 Itaque
3185 2657 3291 2695 non
3317 2642 3495 2696 solum

1909 2758 2006 2797 rex
2035 2741 2265 2811 justitiae
2293 2740 2389 2795 sed
2424 2746 2470 2793 et
2513 2738 2683 2808 pacis,
2711 2749 2968 2805 tanquam
2995 2751 3026 2790 a
3050 2736 3273 2789 civitate
3301 2738 3353 2789 in
3386 2747 3496 2804 qua

1911 2833 2182 2900 regnavit.
2244 2831 2339 2884 Est
2385 2839 2566 2882 autem
2626 2837 2919 2898 utrumque
2975 2826 3229 2883 Christus
3288 2835 3341 2880 et
3405 2840 3500 2879 rex

1914 2922 2069 2992 pacis
2099 2930 2152 2974 et
2196 2936 2287 2973 rex
2334 2918 2583 2986 justitiae.
2630 2936 2647 2969 ι
2689 2916 2823 2971 Sine
2879 2924 3049 2987 patre,
3086 2917 3203 2971 sine
3236 2922 3428 2971 matre.
3474 2934 3495 2968 ι

1913 3014 1994 3064 An
2028 3012 2193 3080 igitur
2226 3010 2340 3063 fieri
2378 3018 2554 3078 potest
2585 3017 2643 3060 ut
2671 3007 2758 3061 hic
2790 3005 3154 3061 Melchisedec
3176 3020 3300 3059 cum
3331 3006 3496 3059 homo

1912 3112 2076 3165 esset,
2130 3101 2247 3155 sine
2281 3107 2434 3168 patre
2475 3112 2538 3150 ac
2582 3097 2702 3151 sine
2753 3106 2925 3149 matre
2976 3094 3161 3156 fuerit.
3213 3105 3288 3154 et,
3322 3109 3499 3164 neque

250 3189 370 3256 μήτε
426 3186 589 3250 τέλος
651 3186 803 3257 ἔχειν
854 3188 1117 3260 ἡμερῶνς
1159 3188 1255 3242 Οὐ.
1299 3190 1425 3252 Πῶς
1481 3185 1574 3243 οὖν
1624 3187 1807 3256 air-rev;

1917 3192 2134 3245 initium
2164 3204 2337 3259 neque
2372 3186 2532 3241 ﬁnem
2562 3185 2772 3240 dierum
2796 3186 3040 3239 habuerit
3068 3185 3090 3236 ?
3116 3184 3494 3252 Nequaquam.

253 3281 401 3353 Ὅρα.
435 3279 667 3351 Ἐπειδὴ
698 3281 1031 3335 ἀντέπιπτεν
1060 3282 1231 3352 αὐτῷ,
1274 3283 1397 3346 Πῶς
1427 3284 1566 3337 κατὰ
1590 3284 1687 3355 τὴν
1711 3284 1807 3339 τά·

248 3373 322 3439 ειν
352 3374 445 3428 τοῦ
503 3373 893 3445 Μελχισεδὲκὸ
939 3375 1173 3445 Χριστός
1217 3376 1356 3439 ἐστι,
1394 3375 1488 3428 τοῦ
1547 3374 1807 3445 τελευτή-

250 3482 423 3531 σαντος
464 3467 569 3520 καὶ
593 3466 667 3537 μὴ
706 3466 1004 3535 γενομένου
1034 3468 1334 3538 ἀρχιερέως
1364 3468 1448 3530 είς
1481 3468 1573 3520 τὸν
1599 3468 1807 3533 αἰῶνας

249 3558 464 3612 Βλέπετε
501 3562 561 3611 τί
586 3557 736 3626 λέγει
759 3575 774 3590 ⁸
825 3560 938 3613 Οὐκ
987 3559 1167 3631 ἴσμεν,
1218 3560 1372 3628 φησὶ,
1404 3558 1525 3613 τίνα
1558 3559 1669 3628 ἔχει
1703 3577 1809 3612 πα-

250 3646 427 3719 τέραῆ
463 3647 761 3720 μητέρα,ἢ
807 3652 959 3702 ποῖον
1018 3650 1172 3717 γένος
1206 3652 1234 3704 6
1275 3649 1629 3719 Μελχισεδὲκ,
1686 3649 1810 3704 οὐτε

251 3741 366 3793 mite
415 3740 778 3812 γεγέννηται,
832 3741 1275 3811 ἢτετελεύτηκε.
1342 3742 1456 3797 Καὶ
1501 3741 1554 3794 τί
1610 3744 1807 3807 cauto;

251 3829 458 3900 δήσειεν
483 3830 557 3886 ἄν
590 3845 674 3894 τις
699 3846 717 3862 θ
763 3832 813 3884 εί
836 3831 947 3903 γὰρ
1003 3833 1077 3905 μὴ
1123 3832 1283 3903 ἴσμεν
1331 3831 1506 3888 ταῦτα
1533 3832 1622 3886 διὰ
1642 3833 1703 3886 τδ
1735 3833 1811 3905 μὴ

254 3921 581 3993 ἒμφὲρεσθαι
632 3924 701 3993 τῇ
733 3922 948 3994 Γραφῇ,
1008 3924 1123 3977 ἀλλ’
1147 3926 1297 3994 ὅμως
1336 3926 1429 3979 καὶ
1476 3925 1687 3996 πατέρα
1717 3926 1813 3979 καὶ

255 4012 394 4080 γένος
439 4011 591 4083 ἔσχε,
637 4012 734 4065 καὶ
762 4012 1041 4082 γέννησιν,
1075 4014 1171 4067 καὶ
1195 4013 1475 4084 τελευτήν.
1510 4014 1632 4078 Πῶς
1662 4013 1753 4067 οὐν
1787 4016 1814 4068 6

256 4104 471 4170 τοιοῦτος
493 4104 753 4173 ἀπάτωρ,
774 4104 871 4159 καὶ
904 4105 1003 4159 οὐκ
1024 4105 1161 4176 ἔχων
1188 4106 1362 4177 ἀρχὴν
1389 4105 1422 4176 ἢ
1446 4104 1600 4168 τέλος
1632 4105 1809 4174 (cum;

259 4197 353 4250 Καί
380 4210 546 4271 φησιν
570 4212 587 4228 ⁸
615 4198 833 4269 Ὠσπερ
856 4197 884 4250 6
910 4197 1251 4268 Μελχισεδὲκ
1303 4198 1382 4267 τῷ
1427 4195 1502 4267 μὴ
1557 4198 1814 4263 γενεαλο-

260 4288 454 4355 γτίσθαι
514 4287 623 4341 ὑπὸ
677 4285 778 4357 τῆς
833 4287 1078 4358 Γραφῆς,
1127 4288 1258 4358 ἡμῖν
1287 4290 1400 4351 τοῖς
1435 4292 1723 4359 ἀγνοοῦσιν
1754 4289 1814 4342 οὐ

264 4376 394 4432 δοκεῖ
445 4378 594 4450 ἔχειν
635 4377 854 4447 γονέας,
881 4379 913 4450 ἢ
950 4378 1127 4450 ἀρχὴν
1152 4378 1297 4447 ζωῆς
1327 4383 1419 4435 καὶ
1443 4382 1615 4447 τέλος,
1647 4381 1819 4444 οὕτως

258 4468 615 4542 ιΧριστὸςτῇ
653 4469 901 4542 ἀληθείᾳ.
967 4471 1178 4541 Ὠσπερ
1230 4472 1361 4544 γὰρ,
1428 4476 1584 4543 φησὶ,
1618 4474 1814 4526 τούτου

259 4557 348 4609 οὐκ
368 4556 527 4627 ῐσμεν
557 4558 659 4628 τὴν
715 4558 890 4628 ἀρχὴν
945 4559 1114 4611 καὶτὸ
1142 4560 1316 4624 τέλος,
1374 4560 1547 4625 οὕτως
1572 4563 1692 4616 οὐδὲ
1722 4562 1808 4616 τοῦ

1927 4579 2031 4617 non
2096 4559 2311 4614 videtur
2391 4562 2649 4625 parentes
2706 4552 2953 4618 habere,

266 4646 571 4718 Χριστοῦτῇ
609 4647 860 4719 ἀληθείᾳ.
927 4648 1089 4702 Ἀλλά
1148 4649 1244 4703 τοῦ
1300 4651 1419 4720 μὲν,
1472 4652 1558 4705 διὰ
1611 4653 1671 4706 τὸ
1742 4653 1816 4724 μὴ

263 4727 649 4809 ἐγγεγράφθαι,
708 4739 806 4792 τοῦ
830 4739 888 4792 δὲ
912 4739 1174 4811 Χριστοῦ,
1242 4740 1329 4795 διὰ
1387 4742 1486 4814 τὴν
1558 4744 1815 4813 ἀλήθειαν

274 4828 328 4882 '0
353 4830 454 4901 γάρ
482 4830 655 4894 τύπος
687 4832 748 4883 οὐ
780 4829 919 4884 κατά
951 4831 1130 4885 πάντα
1151 4834 1293 4901 ,ἴσος
1325 4835 1441 4888 ἐστὶ⁸
1468 4838 1534 4905 τῇ
1570 4835 1815 4907 ἀληθείᾳ,

267 4918 415 4988 (ἐπεὶ
472 4922 568 4974 καὶ
610 4920 773 4984 αὐτὸς
796 4920 1025 4991 ἀλήθεια
1048 4922 1384 4995 εὑρίσκεται,
1420 4928 1516 4979 καὶ
1556 4928 1821 4998 ταυτότης

272 5010 474 5078 μᾶλλον,
529 5012 564 5082 ἢ
634 5010 862 5081 τύπος),
910 5013 1025 5067 ἀλλ’
1085 5016 1301 5079 εἰκόνας
1354 5015 1469 5087 ἔχει
1528 5020 1680 5083 τινὰς
1726 5021 1821 5074 καὶ

272 5101 571 5173 ἰνδάλματα.
628 5100 775 5166 Οἷον,
834 5104 1092 5176 ’Δπάτωρ
1116 5108 1144 5160 6
1166 5106 1504 5177 Μελχισεδὲκ
1527 5112 1593 5181 τῇ
1626 5111 1820 5181 ἀγνοίᾳ

269 5191 429 5261 ἡμῶν,
459 5194 692 5264 ἀπάτωρ
719 5197 746 5248 6
770 5195 1004 5265 Χριστὸς
1031 5196 1129 5266 τὴν
1154 5198 1303 5251 κάτω
1331 5199 1606 5270 γέννησιν.
1641 5200 1821 5270 Ἀμή-

271 5298 373 5354 τωρ
400 5288 426 5339 6
459 5286 828 5357 Μελχισεδὲκ,
897 5287 1132 5359 ἀμήτωρ
1182 5291 1212 5342 6
1269 5291 1508 5361 Χριστὸς
1564 5291 1663 5363 τὴν
1711 5292 1825 5346 ἀνω

271 5374 526 5447 γέννησιν,
554 5380 614 5431 ὲν
643 5372 678 5451 ᾖ
707 5378 832 5431 οὐτε
865 5378 1041 5451 ἀρχὴν
1092 5379 1250 5451 ἔσχεν
1286 5382 1530 5452 ἡμερῶν.
1564 5383 1688 5445 Πῶς
1715 5383 1824 5451 γάρ

270 5467 297 5518 6
320 5469 536 5541 ποιητὴς
582 5470 692 5525 τῶν
734 5471 975 5541 χρόνωνς
1003 5473 1115 5527 Καὶ
1137 5473 1311 5538 οὕτως
1337 5472 1555 5527 ἅπαντα
1610 5474 1825 5541 νοήσεις

274 5554 363 5610 ὅσα
408 5554 548 5631 εἶχεν
578 5561 609 5614 6
631 5561 968 5633 Μελχισεδὲκ
1016 5564 1177 5636 ἡμῶν
1227 5564 1569 5635 ἀγνοούντων
1597 5563 1665 5617 τὰ
1701 5562 1823 5618 κατ’

276 5649 423 5706 αὐτὸν
448 5693 464 5719 ,
496 5653 672 5710 ταῦτα
703 5655 732 5709 6
763 5655 1001 5727 Χριστὸς
1042 5655 1157 5728 εχει
1185 5659 1249 5730 τῇ
1306 5655 1554 5729 ἀληθείᾳ.
1586 5655 1696 5709 Καὶ
1717 5654 1827 5726 γάρ

371 5824 414 5856 ³⁸
441 5826 574 5885 Gen.
603 5846 707 5894 xiv,
743 5833 767 5887 ί
794 5848 950 5904 seqq.

1916 3283 2201 3350 Quomodo
2232 3296 2364 3351 ergo
2390 3280 2502 3333 haec
2538 3276 2723 3331 dixit?
2766 3275 3174 3330 Animadverte.
3210 3274 3483 3340 Quoniam

1917 3374 2019 3445 ipsi
2071 3371 2235 3439 objici
2291 3377 2551 3441 poterat:
2590 3365 2839 3432 Quonam
2899 3365 3062 3419 modo
3114 3363 3370 3419 Christus
3411 3372 3497 3415 est

1917 3464 2219 3523 secundmn
2253 3461 2499 3516 ordinem
2536 3457 2895 3512 Melchisedec
2930 3457 3020 3526 qui
3050 3464 3296 3509 tn0rtuus
3327 3466 3409 3506 est
3442 3463 3496 3508 et

1920 3575 2026 3613 non
2064 3555 2239 3610 factus
2298 3554 2541 3624 pontifex
2590 3552 2642 3606 in
2684 3548 2992 3604 :eternum?
3022 3545 3210 3602 Videte
3247 3546 3374 3616 qu‘d
3420 3547 3505 3598 ιῖἱ-

1918 3661 2006 3706 cat
2042 3670 2056 3705 :
2088 3651 2431 3717 lgnoramus.
2462 3645 2661 3713 inqttit,
2691 3658 2849 3711 quem
2886 3640 3135 3693 habuerit
3167 3650 3373 3707 patrem
3411 3647 3504 3692 aut

1921 3748 2171 3803 matrem,
2208 3735 2467 3806 autquod
2510 3734 2673 3788 fuerit
2705 3748 2878 3802 genus
2907 3730 3292 3794 Melchisedec,
3324 3745 3502 3798 neque

1919 3832 2141 3903 quando
2169 3839 2331 3884 natus
2368 3830 2440 3883 sit
2474 3838 2566 3881 aut
2596 3836 2865 3880 mortuus.
2899 3822 2964 3876 Et
3001 3823 3132 3893 quid
3168 3824 3268 3876 huc
3301 3822 3510 3875 refert?

1920 3924 2065 3980 dicet
2100 3921 2296 3990 aliquis
2321 3937 2335 3976 :
2361 3933 2675 3988 quanquam
2732 3916 2875 3968 enim
2911 3915 3226 3983 ignoremus
3256 3912 3393 3973 haec.
3438 3924 3503 3965 eo

1922 4014 2067 4085 quod
2098 4027 2209 4065 nun
2240 4010 2550 4064 referantur
2583 4009 2637 4060 in
2697 4005 3005 4075 Scrip'ura,
3045 4012 3286 4057 attamen
3320 4013 3367 4056 et
3409 4019 3507 4073 pa-

1925 4119 2061 4163 trem
2100 4104 2288 4159 habuit
2327 4112 2379 4155 et
2434 4115 2628 4171 genus,
2662 4109 2714 4153 et
2750 4098 3092 4152 nativitatem
3139 4104 3194 4150 et
3231 4105 3460 4149 mortem
3492 4112 3506 4127 -

1924 4212 2034 4269 quo
2061 4194 2223 4251 modo
2270 4176 2436 4263 igitur
2469 4189 2590 4243 talis
2623 4197 2703 4242 est
2750 4191 2869 4242 sine
2916 4196 3070 4257 patre
3104 4225 3118 4249 ,
3156 4202 3254 4241 nec
3306 4185 3512 4253 princi-

1927 4292 2074 4363 pium
2107 4291 2228 4342 vita:
2255 4284 2466 4339 habens
2499 4296 2598 4335 nec
2633 4280 2834 4333 linem?
2863 4278 2923 4332 Et
2943 4279 3231 4346 respondet
3260 4294 3275 4332 :
3306 4276 3514 4343 Quem-

1927 4377 2220 4433 admodum
2274 4372 2637 4429 Melchisedee
2675 4385 2738 4425 eo
2791 4370 2934 4439 quod
2973 4369 3149 4437 ipsius
3184 4366 3509 4437 genealogia

1928 4486 2038 4527 non
2074 4475 2392 4524 recensvtur
2424 4480 2452 4515 a
2498 4462 2803 4531 Scriptura,
2846 4459 3009 4515 nobis
3044 4460 3135 4528 qui
3192 4460 3511 4527 ignoramus

3031 4560 3120 4602 aut
3184 4549 3505 4618 pl‘ilicipitlL‘.

1924 4665 2015 4710 aut
2078 4655 2237 4708 linem
2293 4650 2413 4703 vita:
2481 4664 2494 4701 :
2550 4646 2625 4699 ita
2677 4643 2927 4699 Christus
2990 4642 3042 4695 in
3108 4638 3183 4693 rei
3261 4637 3508 4695 veritate,

1923 4741 2393 4814 Quemadmodum
2460 4739 2606 4793 enim
2672 4736 2839 4804 hujus
2903 4735 3227 4803 ignoramus
3314 4731 3518 4801 princi-

1926 4837 2077 4906 pium
2142 4847 2206 4886 ac
2256 4830 2438 4890 linem,
2491 4827 2566 4881 ita
2626 4823 2832 4880 Christi
2886 4839 2943 4878 re
3002 4823 3143 4891 ipsa.
3195 4820 3299 4873 Sed
3348 4820 3515 4888 hujus

1926 4926 2173 4995 quidem,
2213 4935 2277 4974 eo
2307 4917 2449 4988 quod
2476 4916 2744 4985 scriptum
2783 4928 2891 4967 non
2921 4912 3014 4977 sit,
3047 4913 3249 4966 Christi
3284 4926 3412 4963 vero
3447 4927 3516 4962 eo

1927 5014 2072 5084 quod
2128 5027 2254 5067 vere
2282 5027 2388 5063 non
2443 5008 2717 5062 habuerit.
2751 5006 2937 5076 Typus
2983 5018 3219 5071 namque
3263 5017 3368 5054 non
3417 5014 3515 5068 pi-r

1931 5107 2119 5162 omnia
2143 5102 2445 5158 conformis
2467 5107 2551 5152 est
2587 5098 2799 5150 veritati
2843 5094 3132 5166 (siquidem
3158 5094 3273 5161 ipse
3298 5103 3529 5160 quoque-

1932 5198 2136 5253 vcritas
2196 5208 2319 5248 esse
2359 5191 2661 5252 invenitur,
2712 5196 2765 5240 et
2810 5186 2983 5255 major
3033 5183 3292 5237 identitas
3350 5194 3516 5249 quam

1930 5292 2095 5346 fuerit
2138 5290 2194 5342 in
2243 5284 2461 5354 ﬁgura),
2495 5284 2589 5339 sed
2642 5280 2907 5349 iumgines
2940 5275 3205 5347 quasdam
3268 5275 3432 5328 habet
3461 5280 3519 5325 et

1928 5384 2247 5439 simulacra.
2290 5378 2427 5431 Puta
2484 5394 2498 5430 :
2556 5372 2921 5428 Melchisedec
2986 5376 3209 5439 prapter
3264 5372 3513 5417 nostram

1928 5471 2288 5544 ignorantiam
2319 5468 2517 5521 dicitur
2546 5478 2670 5519 esse
2715 5462 2834 5516 sine
2866 5468 3043 5529 patre,
3074 5456 3328 5511 Christus
3365 5447 3511 5544 infe-

1932 5538 2080 5620 riore
2104 5561 2385 5617 nativitate
2415 5571 2545 5612 vero
2573 5555 2693 5609 sine
2718 5560 2894 5623 patre.
2928 5548 3061 5603 Sine
3086 5553 3256 5600 matre
3289 5538 3514 5595 Melchi-

1939 5657 2124 5721 sedec,
2162 5657 2282 5711 sine
2316 5659 2515 5708 matre
2544 5648 2807 5706 Christus
2862 5652 3098 5712 superna
3130 5635 3432 5702 nativitate,
3459 5632 3523 5690 ia
