3988 6572
455 438 560 504 347

1497 438 1895 501 (ΕΕΠΜΕἪΙ
1929 436 2220 496 ΊἪῐΕϐιΕ
2256 432 2600 500 EPISCOPI

3605 439 3715 504 348

460 571 567 626 qua
606 569 785 624 neque
817 554 1026 609 initium
1064 555 1251 608 habuit
1301 553 1538 612 dierum.
1567 555 1856 622 Quomodo
1885 554 2029 608 enim

2139 553 2390 620 βασιλεὺς
2449 555 2675 624 εἰρήνης
2740 553 2834 606 καὶ
2885 551 3236 622 δικαιοσύνης
3288 551 3317 605 6
3374 549 3716 622 Μελχισεδὲκ

457 645 687 701 haberet
715 647 806 715 qtti
844 645 1018 700 l‘actor
1049 655 1132 700 est
1168 646 1516 714 temporum?
1546 646 1612 701 Et
1657 651 1732 701 ita
1778 649 2032 702 universa

458 753 582 811 quae
609 739 868 794 habuisse
900 739 1104 793 dicitur
1147 739 1510 796 Melchisedec
1539 757 1605 796 eo
1630 744 1772 808 quod
1816 742 2035 813 ignore-

458 847 584 887 mus
621 847 745 900 qute
793 833 938 886 circa
997 833 1176 901 ipsum
1230 831 1473 898 fuerunt,
1525 834 1638 887 inec
1677 834 1941 908 Christus
1978 837 2031 889 in

457 924 691 978 veritate
744 924 952 978 habuit.
1017 924 1298 990 Siquidem
1359 924 1724 980 Melcltiscdec
1784 943 1876 980 rex
1934 924 2034 980 fuit

457 1015 610 1082 pacis
628 1023 682 1066 et
700 1015 927 1081 jttstitite
947 1016 1106 1068 nudis
1129 1019 1394 1070 duntaxat
1422 1019 1758 1083 nominibus,
1777 1019 2033 1075 Chrisnts

458 1121 589 1160 vero
641 1107 758 1174 ipsa
794 1113 1042 1162 veritate.
1081 1127 1099 1159 ι
1150 1108 1281 1163 Sine
1332 1113 1668 1178 gt-ttealogia.
1711 1130 1729 1162 ›
1777 1111 1906 1166 Siue
1935 1128 2033 1181 gr-

459 1198 703 1266 nealngia
737 1199 907 1253 fuisse
934 1202 1136 1252 dicitur
1173 1201 1551 1257 Melchisedec.
1587 1201 1750 1271 365
1781 1219 1846 1254 eo
1886 1204 2030 1270 quod

458 1304 566 1341 tton
605 1291 764 1344 fuerit
787 1309 850 1345 ex
877 1294 1083 1344 semine
1111 1295 1406 1358 Abraham,
1432 1310 1605 1364 neque
1635 1312 1661 1345 a
1688 1295 1834 1348 Mose
1861 1313 2032 1365 genus

456 1381 752 1449 acceperit,
795 1385 891 1436 scd
949 1400 977 1436 a
1015 1385 1360 1449 (Ihanauteis,
1401 1395 1454 1439 ct
1487 1387 1553 1438 ab
1597 1389 1904 1440 execrando
1941 1389 2032 1439 illo

454 1473 663 1526 Sentine
695 1475 958 1542 prodit-rit
989 1493 998 1525 :
1029 1476 1211 1543 jnsuts
1235 1488 1411 1528 tauu-tt
1444 1479 1556 1529 suis
1586 1478 1844 1545 operibus
1864 1494 2032 1547 appa-

456 1562 651 1628 ruerit,
675 1579 798 1616 cum
824 1581 852 1618 a
872 1565 1039 1633 jttstis
1071 1569 1516 1636 progenitoribus
1547 1582 1700 1622 ortus
1729 1584 1833 1621 tton
1863 1581 2031 1635 esset,

403 1638 405 1640 Ι
455 1669 632 1723 neque
689 1655 758 1709 ab
806 1659 991 1726 aliquo
1031 1658 1182 1726 ju-to
1235 1662 1462 1715 setttitte.
1517 1659 1633 1714 Non
1688 1671 1804 1714 erat
1847 1662 2033 1730 itaque

455 1745 538 1801 fas
570 1747 691 1815 ejus
721 1751 1093 1818 genealogiam
1135 1761 1397 1812 retexere,
1433 1755 1524 1822 qui
1555 1754 1656 1808 hoc
1685 1755 2032 1823 tnodojusti-

454 1837 544 1891 tite
596 1843 852 1894 verticem
904 1844 1194 1912 attigisset.
1235 1844 1388 1911 Quod
1440 1855 1620 1900 autem
1668 1847 2029 1902 Melchisch

455 1945 652 1998 genere
718 1933 1059 1989 Chanattaetts
1121 1937 1306 1998 fuerit,
1336 1941 1665 1993 ostenditur.
1704 1940 1858 1995 Licet
1891 1959 2028 1996 sane

453 2023 777 2092 conjectari.
806 2035 861 2078 et
892 2027 960 2081 ab
1000 2027 1106 2081 illis
1144 2027 1280 2098 ipsis
1323 2029 1374 2082 itt
1412 2031 2032 2100 quibus‘dominabatur

453 2124 517 2163 ac
543 2114 804 2180 regnabat
850 2115 1184 2183 regionibus,
1234 2124 1288 2170 et
1341 2117 1408 2170 ab
1460 2118 1542 2172 eis
1588 2136 1707 2188 qua:
1773 2123 2033 2190 proxima:

451 2209 629 2255 erant.
661 2202 941 2270 Siquidem
980 2206 1194 2259 vtcitttts‘
1221 2220 1335 2260 erat
1374 2205 1761 2276 Sodomorum,
1797 2213 2032 2268 vicinior

454 2305 636 2348 autem
668 2296 900 2351 Abrahae
935 2299 1026 2366 qui
1065 2299 1345 2354 habitabat
1375 2302 1438 2354 ad
1473 2318 1734 2370 quercum
1770 2303 2028 2360 Matnhre.

451 2385 783 2442 Existintare
810 2398 990 2442 autem
1016 2400 1229 2459 opertet
1251 2392 1392 2461 quod
1430 2393 1576 2448 illius
1607 2411 1824 2466 quoque
1852 2395 2029 2451 Salem

451 2492 544 2532 rex
575 2493 694 2534 erat
724 2497 848 2552 quin
873 2493 953 2537 est
977 2481 1302 2540 Jerusalem.
1330 2504 1348 2538 t
1393 2487 1496 2540 Sed
1531 2490 1864 2542 assitttilatus
1894 2488 2031 2545 Filio

453 2569 570 2625 Dei.
613 2591 632 2624 ι
670 2572 726 2626 ltt
753 2590 862 2641 quo
896 2585 1076 2630 antem
1110 2587 1194 2630 est
1223 2579 1563 2633 similitudo?
1599 2580 1743 2649 quod
1777 2593 1827 2634 et
1865 2582 2030 2649 hujus

451 2669 506 2715 et
543 2661 745 2716 Christi
805 2664 926 2718 linis
981 2667 1262 2734 ignoretur
1300 2678 1353 2723 et
1406 2670 1619 2723 initium
1661 2689 1674 2726 :
1723 2674 1814 2726 sed
1870 2673 2031 2742 hujus

452 2754 673 2822 quidem
707 2771 771 2810 eo
798 2757 943 2826 quod
999 2759 1201 2829 scripta
1249 2775 1356 2814 non
1403 2763 1528 2822 sint.
1566 2763 1770 2818 Christi
1807 2783 1933 2820 vero
1966 2782 2031 2822 eo

451 2848 595 2915 qttnd
629 2865 737 2901 nntt
763 2850 985 2904 fuerint.
1017 2870 1036 2903 ι
1068 2852 1520 2911 Manetsacerdos
1548 2858 1600 2911 in
1629 2871 1970 2927 perpetuum.
2005 2880 2023 2914 ι

451 2933 530 2989 Eo
562 2939 726 2992 modo
773 2944 1191 3010 perpetuitatem
1250 2947 1483 3016 accipito
1519 2966 1628 3017 quo
1680 2960 1734 3005 et
1779 2962 1974 3006 caetera
2011 2971 2026 3009 :

448 3031 708 3096 quoniam
770 3032 913 3101 quod
971 3037 1037 3086 ad
1109 3051 1212 3091 nos
1297 3039 1491 3093 attinet
1542 3041 1633 3109 qui
1713 3042 2031 3111 ignoramus

447 3124 670 3192 quando
705 3130 948 3182 moriens
1000 3129 1282 3198 reliquerit
1324 3133 1714 3200 sacerdotium,
1743 3137 1794 3189 in
1833 3153 2028 3206 perpe-

2059 1889 2106 1948 B

2135 646 2262 714 ἄχρι
2323 646 2496 714 ψιλῶν
2541 645 2846 716 ὀνομάτων,
2883 645 2990 699 ὁδὲ
3039 644 3274 717 Χριστὸς
3332 648 3398 715 τῇ
3459 645 3713 718 ἀληθείᾳ.

2141 755 2158 787 ι
2185 737 2665 807 Ἀγενεαλόγητος.
2691 757 2710 790 ι
2751 736 3209 806 Ἀγενεαλόγητον
3222 735 3312 788 τδν
3347 735 3711 806 Μελχισεδὲκ,

2133 829 2213 897 τῷ
2247 830 2322 900 μὴ
2368 827 2510 884 εἶναι
2546 831 2644 900 μὲν
2675 831 2740 884 ὲκ
2784 829 2880 884 τοῦ
2921 829 3235 900 σπέρματος
3267 829 3542 899 Ἀϐραὰμ,
3573 829 3715 900 μηδὲ

2133 920 2239 973 ὑπὸ
2308 924 2549 986 Μωσέως
2612 923 3074 992 γενεαλογείσθαι,
3136 919 3276 977 εἶναι
3309 923 3364 976 δὲ
3406 921 3714 978 Καναναῖον

2133 1013 2374 1080 τὸγένος
2404 1055 2418 1078 ,
2480 1017 2574 1068 καὶ
2625 1017 2688 1068 ὲκ
2741 1016 2842 1083 τῆς
2893 1018 3167 1088 ἐπαράτου
3233 1017 3451 1088 ἐκείνης
3499 1019 3714 1088 σπορᾶς

2133 1107 2430 1175 ὁρμᾶσθαι.
2465 1109 2684 1161 Δίκαιον
2712 1109 2769 1161 δὲ
2803 1109 2908 1161 τῶν
2955 1111 3077 1162 καθ’
3106 1109 3266 1162 αὑτὸν
3295 1109 3710 1178 ἀποφανθέντα,

2136 1200 2228 1250 καὶ
2260 1201 2358 1252 οὐκ
2396 1203 2458 1252 ἐκ
2511 1199 2792 1270 προγόνων
2816 1200 3138 1271 ὁρμώμενον
3161 1201 3409 1264 δικαίων,
3445 1202 3569 1254 οὐδὲ
3599 1202 3712 1255 ἀπό

2133 1305 2278 1350 τινος
2324 1289 2539 1351 δικαίας
2585 1291 2817 1360 σπορᾶς.
2873 1290 2949 1343 Οὐ
3014 1289 3174 1360 θέμις
3224 1285 3291 1361 ἦν
3337 1291 3708 1358 γενεαλογεῖν,

2135 1379 2225 1430 τὸν
2287 1381 2365 1440 είς
2427 1378 2594 1450 ἄκρον
2629 1380 2976 1451 δικαιοσύνης
3016 1380 3262 1434 νεύοντα.
3294 1382 3412 1435 ’Ότι
3445 1382 3500 1434 δὲ
3526 1384 3713 1436 Χανα-

2135 1473 2278 1534 ναῖος
2329 1467 2396 1542 ἦν
2440 1472 2499 1524 τὸ
2548 1473 2701 1540 γένος
2754 1475 2782 1526 6
2817 1473 3180 1544 Μελχισεδὲκ,
3243 1475 3541 1531 δείκνυται.
3599 1478 3712 1531 Καὶ

2135 1563 2250 1615 ἐστι
2280 1564 2340 1635 δή
2373 1582 2476 1618 που
2545 1566 2930 1637 τεκμήρασθαι
2987 1567 3081 1620 καὶ
3141 1568 3238 1621 ἀπ’
3279 1568 3458 1621 αὐτῶν
3482 1569 3712 1622 ἐκείνων

2133 1650 2208 1708 ὧν
2241 1658 2458 1726 ἐκράτει
2499 1658 2593 1710 καὶ
2633 1659 2915 1712 ἐϐασίλευε
2970 1660 3270 1729 κλιμάτων,
3301 1662 3396 1714 καὶ
3421 1656 3505 1725 οἷς
3541 1661 3714 1732 ὲπληο

2137 1747 2310 1808 σὶαζε.
2365 1750 2566 1803 Γείτων
2617 1751 2718 1820 μὲν
2754 1752 2860 1821 γὰρ
2899 1747 2968 1822 ἦν
3007 1752 3275 1822 Σοδόμων,
3316 1753 3710 1824 πλησιαίτερος

2133 1841 2188 1892 δὲ
2231 1840 2305 1912 τῷ
2335 1841 2586 1913 Ἀὕραάμ
2641 1843 2878 1905 οἰκοῦντι
2912 1843 3050 1914 πρδς
3091 1847 3157 1916 τῇ
3188 1843 3312 1914 δρυῒ
3339 1848 3404 1912 τῇ
3431 1847 3705 1917 Μαμϐρῇ.

2134 1933 2355 1986 Οἴεσθαι
2391 1935 2446 1988 δὲ
2477 1934 2605 2006 χρὴ,
2641 1937 2721 1989 ὅτι
2774 1937 2864 1989 καὶ
2927 1936 3116 2006 Σαλὴμ
3171 1937 3388 2004 ἐκείνης
3438 1938 3710 2008 ἐτύγχανε

2135 2025 2410 2095 βασιλεὺς,
2442 2028 2476 2098 ἠ
2505 2045 2586 2091 τις
2615 2028 2760 2080 ἐστὶν
2813 2029 3192 2100 Ἰερουσαλήμ.
3253 2048 3271 2082 ι
3305 2030 3710 2099 Ἀερωμοιωμέο

2131 2135 2222 2181 νος
2252 2119 2308 2170 δὲ
2339 2120 2414 2188 τῷ
2450 2117 2560 2188 Υἱῴ
2588 2118 2682 2172 τοῦ
2735 2119 2892 2173 Θεοῦ.
2930 2141 2948 2173 ι
2997 2123 3102 2174 Καὶ
3154 2121 3257 2173 πού
3322 2123 3354 2192 ἡ
3412 2122 3707 2192 ὁμοιότηςς

2131 2211 2212 2262 ὅτι
2257 2214 2350 2262 καὶ
2379 2211 2570 2264 τούτου
2608 2210 2700 2264 καὶ
2739 2211 2833 2264 τού
2865 2212 3125 2283 Χριστοῦ,
3147 2212 3208 2265 τὸ
3237 2213 3387 2276 τέλος
3424 2214 3706 2282 ἀγνοεῖται

2131 2301 2226 2353 καὶ
2255 2302 2286 2371 ὴ
2318 2301 2483 2371 ἀρχή.
2531 2301 2692 2355 Ἀλλά
2751 2303 2942 2355 τούτου
3010 2303 3130 2374 μὲν,
3177 2306 3328 2374 παρά
3359 2305 3420 2357 τὸ
3484 2305 3560 2375 μὴ
3615 2322 3714 2373 γε-

2131 2393 2398 2462 γράφθαι,
2419 2393 2510 2448 τοῦ
2543 2393 2598 2446 δὲ
2621 2393 2883 2465 Χριστοῦ,
2918 2397 3069 2464 παρά
3097 2396 3156 2449 τὸ
3189 2397 3264 2465 μὴ
3301 2393 3459 2451 εἶναι.
3498 2416 3516 2449 ι
3541 2398 3710 2452 Μένει

2133 2484 2310 2552 ίερεὺς
2357 2486 2437 2544 εἰς
2469 2485 2528 2537 τὸ
2555 2485 2819 2554 διηνεκές.
2849 2505 2868 2538 ι
2909 2486 3095 2557 Τούτῳ
3123 2487 3200 2557 τῷ
3230 2487 3420 2559 τρόπῳ
3463 2487 3611 2553 δέξαι
3650 2487 3712 2541 τὸ

2129 2577 2398 2648 διηνεκὲς,
2431 2572 2476 2647 ᾧ
2502 2581 2594 2632 καὶ
2629 2579 2698 2632 τὰ
2736 2579 2892 2633 ἄλλα.
2939 2579 3089 2641 Ὅτι,
3149 2579 3335 2648 φησιν,
3401 2579 3525 2633 ὅσον
3574 2574 3714 2649 ἧκεν

2131 2675 2212 2729 εἰς
2238 2673 2384 2740 ἡμᾶς
2441 2673 2568 2733 τοὺς
2598 2671 2929 2739 ἀγνοοῦντας
2965 2671 3095 2724 πότε
3118 2669 3447 2740 τελευτήσας
3475 2670 3717 2723 ἀπέθετο

2129 2765 2230 2835 τὴν
2293 2764 2614 2836 ἱερωσύνην,
2657 2766 2736 2828 είς
2773 2765 2834 2818 τὸ
2891 2765 3138 2835 διηνεκές
3203 2769 3347 2818 ἐστιν
3405 2765 3606 2835 ἱερεύς.
3652 2765 3716 2820 '0

2133 2858 2241 2927 γὰρ
2277 2857 2444 2919 τύπος
2469 2859 2685 2922 εἰκόνας
2710 2859 2959 2928 ἀμυδρᾶις
2992 2858 3153 2924 σώζει
3184 2858 3277 2911 τοῦ
3314 2859 3704 2930 πρωτοτύπου⁶

2131 2951 2164 3020 ἢ
2202 2952 2283 3004 ὅτι
2326 2951 2419 3004 κοιλ⁸
2463 2952 2661 3024 τρόπος
2714 2953 2813 3021 τῆς
2852 2953 2944 3005 τοῦ
2991 2951 3330 3022 Μελχισεδὲκ
3384 2952 3713 3024 ἱερωσύνης,

2133 3038 2300 3113 (οἶδας
2326 3041 2382 3095 δὲ
2409 3041 2677 3114 τίλέγω,)
2743 3043 2992 3114 διηνεκὲς
3040 3044 3215 3114 μένει.
3289 3044 3605 3115 «Θεωρεῖτε
3653 3045 3717 3098 δὲ

2133 3135 2360 3204 πηλίκος
2417 3127 2592 3198 οὗτος.
2625 3155 2644 3188 s
2694 3134 2912 3206 Ἐπειδὴ
2953 3137 3237 3206 ἐφήρμοσε
3261 3138 3326 3207 τῇ
3356 3137 3588 3207 ἀληθείᾳ
3617 3137 3718 3191 τὸν

451 3223 604 3269 tutttn
658 3219 918 3273 sacerdos
963 3229 1068 3275 est.
1110 3222 1304 3290 Figura
1341 3227 1484 3278 rnitn
1539 3227 1806 3282 obscuras
1850 3239 2029 3283 servat

2137 3231 2340 3290 τύπον,
2397 3227 2583 3280 λοιπὸν
2629 3227 2879 3298 βούλεται
2951 3229 3122 3294 δεῖξαι
3185 3230 3267 3282 ὅτι
3323 3229 3418 3282 καὶ
3483 3229 3649 3293 αὐτὸς
3685 3233 3718 3285 6

451 3311 731 3378 prototypi
769 3311 1062 3381 imagines.
1098 3313 1204 3366 Aut
1231 3315 1377 3384 quod
1409 3317 1574 3370 etiam
1606 3320 1801 3374 modus
1842 3335 2029 3376 sacer-

445 3401 582 3456 dotii
615 3403 971 3460 Mel-chiscdec
1009 3409 1177 3478 (nosti
1207 3420 1387 3463 autem
1417 3413 1546 3480 quid
1577 3413 1778 3485 dicam)
1822 3417 1873 3468 in
1906 3432 2029 3484 per-

447 3505 674 3566 petuum
715 3507 952 3553 maneat.
1015 3519 1036 3553 ι
1091 3501 1450 3559 Considerate
1501 3521 1629 3561 vero
1666 3519 1901 3574 quantus
1939 3510 2030 3565 hic

452 3588 636 3640 I'nerit.
685 3607 704 3640 ι
756 3588 1023 3654 Quoniam
1052 3593 1329 3662 adaptavit
1364 3597 1577 3651 veritati
1628 3600 1876 3668 ligttram,
1916 3604 2030 3656 vult

451 3679 712 3745 deinceps
736 3681 1026 3736 ostendere
1051 3687 1195 3752 quod
1219 3686 1332 3754 ipsa
1358 3705 1576 3757 quoque
1604 3695 1774 3759 lignra
1799 3691 2029 3760 Christi,

451 3771 556 3824 hoc
613 3782 696 3825 est
745 3773 1131 3838 Melchisedec,
1167 3779 1340 3848 major
1386 3790 1505 3836 erat
1545 3784 1677 3850 ipsis
1715 3783 2030 3841 Jttdmorum

447 3863 846 3918 sacerdotibus.
892 3863 954 3918 Et
985 3867 1115 3934 quid
1145 3869 1268 3923 dico
1308 3871 1726 3930 sacerdotibus?
1760 3877 1876 3944 ipso
1901 3893 2032 3932 sane

446 3955 760 4022 patriarcha
803 3955 1076 4013 Abraham
1129 3963 1304 4028 major
1345 3974 1482 4018 erat.
1541 3965 1697 4032 Quod
1732 3969 1777 4022 si
1823 3969 2028 4028 Christi

447 4051 612 4115 typus
643 4049 818 4118 tnajor
847 4062 956 4102 erat
997 4052 1112 4120 ipso
1146 4055 1365 4123 quoque
1402 4061 1731 4125 patriarcha,
1769 4062 2030 4130 quidnam

450 4137 596 4192 dicet
649 4141 920 4210 quispiam
990 4145 1057 4197 de
1107 4145 1372 4202 Christo?
1419 4150 1561 4204 Ali0'
1597 4153 1817 4220 quidem
1871 4159 2032 4212 modo

450 4227 629 4295 major
656 4242 774 4284 erat
806 4235 1080 4288 Abraham
1113 4254 1275 4304 quam
1311 4239 1672 4298 Melchisedcc
1701 4263 1716 4300 :
1750 4247 1844 4301 sed
1869 4256 2032 4319 typus

451 4319 629 4374 inisto
664 4325 935 4379 vinct'bat.
971 4327 1043 4380 Ita
1085 4329 1247 4383 habet
1280 4331 1437 4384 divus
1472 4333 1733 4402 Cyrillus,
1787 4340 2032 4394 secundo

449 4411 726 4466 volumine
759 4415 983 4469 decima:
1017 4421 1190 4485 partis
1231 4420 1282 4472 in
1325 4417 1565 4475 Residua
1598 4424 1768 4478 latrite
1801 4442 1921 4494 qute
1949 4437 2033 4484 est

452 4500 510 4556 in
557 4505 753 4572 spiritu
786 4513 841 4559 et
891 4509 1138 4561 veritate.
1175 4528 1192 4561 ι
1235 4509 1334 4564 Cni
1381 4513 1542 4567 etiattt
1595 4515 1836 4571 decimas
1879 4519 2032 4574 dedit

453 4593 744 4648 Abraham.
783 4616 800 4648 ι
843 4596 959 4652 Non
989 4609 1189 4669 potest,
1235 4604 1434 4673 ittqnit,
1465 4605 1571 4660 dici
1611 4608 1758 4676 quod
1797 4609 1899 4678 ipsi
1931 4611 2020 4666 de-

447 4685 623 4740 cimas
669 4687 880 4742 dederit
915 4696 1174 4758 tanquam
1207 4693 1255 4746 ei
1291 4695 1382 4762 qui
1436 4694 1562 4749 belli
1614 4698 1886 4770 particeps
1917 4701 2029 4756 fue-

449 4790 552 4834 rat.
595 4779 889 4851 Propterea
928 4783 1070 4838 enim
1115 4795 1274 4840 antea
1307 4785 1522 4842 dixerat
1551 4790 1696 4859 quod
1730 4793 2026 4849 revertenti

447 4885 479 4926 a
513 4873 662 4927 caede
689 4876 939 4930 occurrit
973 4895 986 4930 :
1021 4878 1116 4932 sed
1162 4894 1228 4932 ex
1275 4882 1582 4950 reverentia
1613 4893 1666 4938 et
1697 4884 1906 4941 honore
1933 4902 2028 4943 ve-

450 4964 547 5018 luti
594 4965 862 5033 primitias
898 4968 1067 5023 dedit.
1106 4987 1125 5021 ι
1163 4968 1239 5025 De
1283 4973 1498 5041 spoliis.
1551 4995 1571 5026 s
1615 4974 1690 5030 De
1727 4978 1942 5034 exuviis
1971 4986 2027 5034 et

446 5057 649 5126 prada.
682 5058 837 5127 Quod
874 5062 919 5117 si
957 5063 1075 5132 ipso
1122 5064 1432 5132 patriarcha
1475 5068 1650 5138 major
1678 5081 1798 5125 erat
1826 5089 1839 5126 :
1863 5072 2029 5144 366

445 5159 500 5205 et
535 5149 639 5207 hoc
670 5153 939 5222 signiﬁcat
985 5155 1324 5212 decitnarntn
1367 5160 1587 5214 traditio
1617 5164 1822 5218 :mnlto
1854 5166 2028 5237 magis

444 5241 547 5296 cha
583 5244 915 5301 adducitur:
952 5247 1048 5302 sed
1082 5254 1140 5302 ut
1163 5249 1420 5305 ostendat
1442 5251 1590 5322 quod
1617 5253 1662 5308 si
1695 5257 2026 5325 patriarcha,

519 5420 635 5488 νιι,
676 5422 795 5478 5-7.
848 5427 1020 5494 Atque
1069 5425 1108 5478 ii
1165 5426 1256 5494 qui
1311 5443 1337 5482 e
1381 5428 1513 5496 ﬁliis
1561 5427 1686 5486 Levi
1741 5434 2027 5490 sacerdotii

448 5515 772 5586 {unctionem
817 5525 1054 5580 sumunt,
1095 5529 1412 5588 pra'ceptunt
1453 5522 1644 5576 habent
1693 5534 1748 5578 ut
1795 5527 2026 5581 decimas

449 5608 716 5676 accipiant
746 5626 778 5662 a
805 5609 1000 5676 populo
1022 5609 1186 5680 juxta
1217 5611 1401 5681 legem,
1429 5613 1528 5668 hoc
1555 5625 1656 5679 est,
1697 5633 1729 5669 a
1769 5617 2026 5686 fratribus

451 5700 581 5762 suis,
617 5699 738 5754 licet
787 5701 1008 5771 egressis
1037 5717 1103 5756 ea:
1145 5701 1336 5758 lumbis
1373 5704 1666 5760 Abraham.
1699 5709 1767 5762 At
1801 5710 1846 5763 is
1877 5711 2028 5776 cuius

451 5805 615 5859 genus
656 5807 761 5846 non
812 5803 1109 5848 recensetur
1150 5810 1216 5849 ea:
1263 5795 1398 5862 illis,
1433 5795 1666 5854 decimas
1715 5803 1910 5869 accepit
1965 5802 2028 5856 ab

455 5882 751 5952 Abrclta't,
785 5895 830 5940 ct
863 5888 1075 5942 habenti
1113 5888 1515 5956 promissionem
1545 5892 1823 5948 benedixit.
1864 5893 2029 5950 Porro

2130 3321 2300 3384 τύπος
2361 3319 2456 3373 τοῦ
2498 3319 2758 3390 Χριστοῦ,
2815 3322 3116 3385 τουτέστιν,
3147 3323 3173 3374 ὁ
3198 3320 3553 3390 Μελχισεδὲκ,
3592 3323 3722 3391 μεί-

2133 3413 2242 3477 ζων
2285 3408 2353 3482 ἦν
2387 3412 2567 3466 αὐτῶν
2619 3412 2728 3464 τῶν
2783 3412 2936 3483 παρὰ
2991 3412 3272 3476 Ἰουδαίοις
3319 3414 3531 3484 ίερὲων.
3602 3416 3720 3469 Καὶ

2131 3505 2184 3556 τί
2219 3505 2360 3571 λέγω
2413 3503 2634 3573 ίερέωνς
2697 3502 2862 3556 αὑτοῦ
2934 3502 3030 3570 μὲν
3083 3501 3176 3554 οὖν
3231 3501 3324 3555 τού
3370 3504 3719 3574 πατριάρχου

2147 3597 2398 3666 Ἀϐραὰμ
2472 3595 2676 3665 μείζων
2723 3591 2812 3664 ἦν.
2849 3594 2908 3647 Εἰ
2943 3594 2999 3648 δὲ
3037 3595 3065 3647 6
3089 3595 3259 3656 τύπος
3311 3593 3405 3647 τοῦ
3445 3595 3718 3665 Χριστοῦ,

2139 3690 2294 3757 φησι,
2334 3689 2535 3758 μείζων
2567 3687 2660 3740 καὶ
2710 3685 2876 3740 αὐτοῦ
2925 3685 3019 3738 τοῦ
3057 3686 3421 3755 πατριάρχου,
3457 3687 3509 3739 τί
3541 3687 3607 3739 ἄν
3630 3705 3722 3753 τις

2139 3782 2286 3836 εἴποι
2321 3759 2450 3850 περὶ
2481 3780 2574 3833 τοῦ
2632 3779 2870 3848 Χριστοῦ
2891 3796 2906 3844 ;
2926 3777 3101 3842 ἄλλως
3130 3779 3251 3847 μὲν,
3283 3779 3552 3850 κρείττων
3583 3776 3653 3852 ἦν
3689 3784 3722 3835 6

2147 3875 2400 3946 Ἀϐραὰμ
2445 3873 2538 3926 τοῦ
2570 3872 2925 3941 Μελχισεδὲκ,
2963 3870 3076 3923 ἀλλ’
3109 3873 3137 3923 ὁ
3165 3871 3335 3934 τύπος
3368 3866 3436 3941 ἦν
3464 3873 3493 3924 6
3520 3872 3716 3927 νικῶν.

2135 3965 2322 4028 Οὕτως
2343 3967 2444 4018 ὁὲν
2476 3963 2650 4032 ἁγίοις
2707 3962 2970 4032 Κύριλλος
3003 3963 3059 4013 ὲν
3085 3959 3276 4032 βιύλίῳ
3325 3961 3565 4032 δευτέρῳ
3611 3963 3720 4032 τῆς

2133 4061 2367 4129 δεκάτης
2427 4058 2506 4120 εἰς
2559 4057 2627 4109 τὰ
2685 4055 3138 4123 παραλειπόμενα
3183 4055 3281 4124 τῆς
3335 4055 3393 4106 ὲν
3436 4054 3717 4124 πνεύματι

2136 4155 2229 4205 καὶ
2277 4151 2506 4221 ἀληθείᾳ
2554 4149 2833 4218 λατρείας.
2882 4140 2996 4216 ι⁷ῼ
3019 4147 3114 4200 καὶ
3161 4147 3396 4216 δεκάτην
3455 4146 3718 4218 Ἀϐραὰμ

2135 4245 2354 4297 ἔδωκεν.
2386 4261 2404 4292 ι
2444 4242 2556 4293 Ούκ
2585 4239 2729 4293 ἔστιν
2757 4241 2953 4299 εἰπεῖν,
2982 4239 3166 4306 φησιν,
3194 4238 3276 4290 ὅτι
3299 4238 3530 4290 δέδωκεν
3562 4237 3720 4308 αὐτῷ

2134 4337 2387 4397 δεκάτας,
2425 4333 2499 4396 ὡς
2534 4333 2952 4400 κεκοινωνηκότι
2977 4332 3068 4385 τοῦ
3099 4331 3334 4400 πολέμου
3363 4347 3376 4360 ·
3413 4331 3525 4401 (διὰ
3553 4330 3721 4385 τοῦτο

2135 4429 2244 4495 γὰρ
2273 4423 2426 4478 εἶπεν
2447 4426 2577 4488 ἀνω,
2593 4423 3018 4494 ’Υποστρέφοντι
3033 4422 3129 4492 τῆς
3157 4423 3330 4492 κοπῆς
3349 4422 3716 4493 ὑπήντησεν),

2136 4519 2274 4574 ἀλλά
2334 4518 2475 4572 κατά
2540 4516 2705 4578 σέϐας
2763 4517 2856 4568 καὶ
2886 4515 3074 4586 τιμὴν,
3123 4514 3313 4584 ὥσπερ
3344 4515 3604 4584 ἀπαρχὰς
3635 4514 3721 4568 διο

2132 4610 2278 4674 δούς.
2341 4629 2358 4662 ι
2384 4609 2480 4662 Ἐκ
2503 4608 2609 4660 τῶν
2667 4607 3010 4678 ἀκροθινίων.
3041 4625 3058 4658 ι
3122 4608 3218 4660 Ἐκ
3253 4608 3362 4660 τῶν
3383 4607 3597 4660 σκύλων
3620 4607 3722 4660 καὶ

2127 4701 2406 4773 λαφύρων.
2444 4702 2506 4754 El
2535 4701 2592 4755 δὲ
2616 4698 2708 4754 τοῦ
2736 4702 3076 4771 πατριάρχου
3129 4701 3330 4770 μείζων
3366 4700 3506 4771 (κα“ι⁶
3550 4700 3716 4754 τοῦτο

2127 4795 2278 4866 δηλοῖ
2299 4797 2331 4864 η
2364 4793 2470 4846 τῶν
2495 4792 2739 4847 δεκατῶν
2761 4792 2956 4860 δόσις),
2989 4791 3170 4862 πολλῷ
3199 4791 3401 4862 μᾶλλον
3427 4792 3536 4844 τῶν
3561 4792 3719 4864 παρά

2142 4887 2420 4950 ,Ιουδαίοις
2477 4885 2688 4956 ἱερέων.
2743 4885 2817 4938 Οὐ
2863 4885 2974 4955 γὰρ
3039 4884 3226 4946 ἁπλῶς
3279 4883 3308 4936 6
3365 4882 3722 4953 πατριάρχης

2128 4981 2473 5052 πρόσκειται,
2505 4976 2622 5031 ἀλλ’
2650 4977 2739 5031 ἵνα
2757 4976 2927 5047 δείξῃ,
2961 4979 3010 5029 εἰ
3047 4979 3074 5030 6
3108 4976 3477 5048 πατριάρχης,
3521 4977 3714 5046 φησὶν,

2137 5074 2330 5134 ἔδωκε,
2362 5071 2413 5124 τί
2439 5072 2520 5125 δεῖ
2544 5070 2675 5142 περὶ
2700 5070 2891 5140 ἱερέων
2913 5070 3034 5136 λέγε
3045 5086 3124 5133 tv;

2067 5165 2449 5222 sacerdotibus
2471 5163 2808 5218 Judaeorutn.
2837 5161 2952 5216 Non
3021 5162 3164 5215 enim
3203 5168 3408 5215 temere
3479 5161 3719 5227 patriar-

2066 5257 2270 5326 inquit,
2305 5255 2479 5321 dedit,
2509 5255 2641 5322 quid
2672 5255 2740 5308 de
2783 5253 3162 5309 sacerdotibus
3226 5250 3518 5306 dicendum
3587 5249 3720 5304 est?

2201 5434 2307 5489 Kal
2346 5432 2543 5497 οἱμὲν
2587 5432 2657 5486 ἐκ
2680 5429 2803 5485 τῶν
2857 5429 3005 5485 υἱῶν
3057 5431 3204 5484 Λευῒ
3249 5429 3365 5496 τὴν
3417 5433 3719 5499 ἱερατείαν

2129 5524 2541 5596 λαμϐάνοντες
2569 5565 2584 5589 ,
2645 5523 2908 5591 ἐντολὴν
2961 5523 3218 5592 ἔχουσιν
3297 5523 3718 5579 ἀετοδεκατοῦν

2130 5619 2240 5672 τὸν
2280 5618 2437 5671 λαὸν
2487 5616 2638 5670 κατὰ
2661 5617 2768 5669 τὸν
2792 5616 3002 5684 νόμον,
3033 5615 3332 5682 τουτέστι,
3357 5615 3500 5682 τοὺς
3536 5616 3718 5671 ἀδελ-

2134 5708 2287 5780 φοὺς
2352 5705 2572 5773 αὐτῶν,
2641 5705 2854 5771 καίπερ
2897 5705 3348 5772 ἐξεληλυθότας
3371 5707 3440 5759 ἐκ
3470 5705 3577 5772 τῆς
3613 5707 3719 5760 ὀσ-

2142 5802 2295 5869 φύος
2350 5797 2625 5866 ἰὶόραὰμ
2677 5795 2741 5850 Ὀ
2769 5795 2938 5864 δὲμὴ
2958 5797 3499 5866 γενεαλογούμενος
3517 5797 3588 5860 ἐξ
3615 5797 3718 5850 ait-

2144 5890 2281 5954 τῶν,
2351 5887 2713 5942 astiteritme
2757 5889 2857 5942 τεν
2912 5887 3178 5959 Ἄόίιαὰμ,
3219 5889 3316 5944 καὶ
3358 5887 3464 5943 τὸν
3499 5889 3719 5958 ἔχοντα
