3988 6588
262 437 361 500 849

1246 445 1633 510 COMMENT.
1669 451 1750 510 ΙΝ
1791 451 2039 514 ΕΡΙὸΤ.
2067 456 2167 515 AD
2194 455 2424 517 HEBR.

3384 459 3493 521 350

262 546 359 612 τὰς
406 545 793 616 ἐπαγγελίας,
854 551 1172 620 εὐλόγηκε.
1238 556 1427 621 Χωρὶς
1497 557 1567 610 δὲ
1612 558 1811 627 πάσης

1921 578 2070 615 uento
2097 574 2248 633 negat
2278 565 2404 633 quin
2437 562 2492 617 id
2527 564 2665 633 quod
2692 566 2864 619 minus
2900 574 2980 621 est
3013 565 3080 620 ab
3113 580 3174 620 eo
3195 564 3339 634 quod
3366 581 3484 618 ma-

258 637 619 707 drruiorlac,
650 637 715 693 τὸ
732 640 986 696 ἔλαττον
1013 642 1134 705 ὑπὸ
1157 643 1265 699 τοῦ
1285 646 1626 715 κρείττονος
1645 652 1822 705 εὐλο-

257 727 450 798 τεῖτιιι.

324 819 495 887 Ἐτιή
528 821 848 893 κατασκευὴ
864 823 988 877 ὅτιὸ
1013 824 1182 889 τύπος
1212 827 1306 882 τοῦ
1327 829 1564 899 Χριστοῦ
1618 830 1824 902 μείζων

254 907 355 962 τῶν
382 909 536 979 παρὰ
585 911 863 977 Ἰουδαίοις
930 916 1138 988 ἱερέων.
1172 919 1235 972 Oi
1257 920 1500 988 Λευῖται,
1529 922 1714 992 φησιν,
1747 924 1824 987 ὡς

255 1000 564 1072 τιμιώτεροι
610 1003 767 1070 ὄντες
816 1007 910 1060 τοῦ
965 1007 1154 1062 λοιποῦ
1212 1011 1386 1077 λαοῦ,
1444 1014 1545 1077 τὰς
1589 1015 1824 1078 δεκάτας

255 1090 752 1160 ἀπολαμϐάνουσιν.
810 1097 960 1150 Ἐπεὶ
1008 1098 1060 1149 τί
1087 1098 1289 1169 δήποτε
1348 1104 1499 1174 παρὰ
1550 1104 1818 1172 ἀδελφῶν,

255 1183 337 1235 τδν
373 1183 536 1237 αὑτὸν
584 1187 824 1255 ἑχόντων
860 1189 1073 1259 πατέρα
1111 1191 1516 1262 λαμϐάνουσιν;
1547 1196 1705 1264 δῆλον
1729 1196 1821 1250 οὖν

253 1270 320 1335 ὡς
344 1276 509 1343 τιμῆς
560 1278 659 1331 καὶ
692 1277 787 1330 τοῦ
843 1278 1165 1351 ἱερωτέρους
1189 1280 1350 1348 εἶναι,
1382 1286 1653 1354 συμϐολόν
1682 1290 1819 1341 εἰσιν

254 1358 302 1409 al
367 1359 620 1418 δεκάται.
688 1364 991 1434 Τοιγαροῦν
1040 1369 1135 1423 καὶ
1186 1372 1214 1424 6
1275 1372 1615 1442 Μελχισεδὲκ
1647 1416 1663 1440 ,
1723 1378 1819 1430 καὶ

251 1448 409 1503 ταῦτα
434 1452 743 1522 ἀλλόφυλος
762 1454 838 1510 ὢν
863 1460 955 1512 καὶ
996 1460 1441 1534 ἀγενεαλόγητος,
1466 1468 1568 1521 οὐκ
1596 1467 1661 1522 ἂν
1688 1469 1817 1538 παρ’

252 1541 402 1595 αὑτοῦ
438 1543 536 1597 τοῦ
561 1548 907 1620 πατριάρχου
933 1552 1123 1622 εἴληφε
1147 1553 1398 1621 δεκάτας,
1430 1559 1479 1611 εἰ
1509 1558 1583 1629 μὴ
1615 1560 1818 1627 μείζων

251 1630 309 1705 ἦν
332 1636 515 1691 αὑτοῦ.
554 1638 651 1708 Τῷ
681 1640 790 1710 γὰρ
824 1641 900 1714 μὴ
920 1642 1033 1697 δντι
1087 1644 1296 1714 μείζονι
1317 1648 1419 1701 οὐκ
1439 1647 1506 1702 ἂν
1555 1649 1755 1703 ἔδωκεν
1787 1651 1816 1703 6

263 1728 523 1801 Ἀϐραάμ.
584 1732 653 1786 El
680 1732 737 1787 δὲ
770 1735 865 1788 τοῦ
913 1736 1253 1809 πατριάρχου
1297 1739 1521 1810 μείζων,
1547 1740 1705 1806 δῆλον
1741 1743 1818 1807 ὼς

251 1820 415 1889 πολλῷ
464 1824 680 1890 μείζων
719 1825 829 1879 τῶν
871 1828 1022 1898 παρὰ
1047 1828 1326 1894 Ἰουδαίοις
1365 1833 1577 1902 ἱερέων.
1609 1833 1815 1887 ι’Δποο

250 1911 492 1966 δεκατῶν
545 1916 644 1968 τὸν
690 1915 838 1971 λαόν.
862 1935 882 1969 ι
920 1919 1162 1984 Δεκὰτας
1193 1915 1315 1974 ὀἷον
1347 1921 1652 1991 λαμϐάνειν
1677 1924 1810 1993 παρ’

249 2004 431 2061 αὐτῶν.
477 2005 824 2077 Ἐλάμσανον
853 2009 961 2081 γὰρ
992 2013 1041 2065 οἱ
1073 2013 1294 2067 Λευῖται
1314 2014 1550 2078 δεκάτας
1580 2016 1689 2069 ἀπὸ
1717 2017 1812 2070 τοῦ

250 2093 385 2150 λαοῦ.
442 2116 462 2149 ι
490 2099 720 2170 Καίπερ
778 2100 1190 2173 ἐξεληλυθότας.
1215 2123 1235 2156 ι
1267 2104 1438 2159 Τοῦτό
1479 2123 1634 2176 φησι·
1676 2107 1815 2162 Και-

251 2201 344 2256 περ
386 2188 675 2258 ὁμοτίμων
694 2189 862 2244 ὄντων
890 2191 1033 2246 κατὰ
1064 2194 1134 2246 τὰ
1159 2193 1296 2249 ἄλλα
1326 2195 1526 2259 πάντα,
1569 2196 1719 2265 ὅμως
1749 2197 1812 2250 ὲκ

248 2275 353 2341 τοῦ,
407 2278 539 2343 τοὺς
594 2280 698 2349 μὲν
741 2281 943 2336 διδόναι
973 2282 1224 2347 δεκάτας,
1250 2285 1376 2347 τοὺς
1406 2285 1463 2339 δὲ
1484 2285 1808 2356 λαμϐάνειν,

252 2367 453 2439 πολλὴή
487 2370 741 2442 ὑπεροχὴ
764 2373 1151 2427 ἐπιδείκνυται.
1185 2376 1247 2429 El
1273 2376 1331 2430 δὲ
1361 2376 1599 2431 ἐνταῦθα
1627 2377 1807 2442 τοῦτο,

249 2458 387 2525 δῆλον
437 2461 520 2514 ὅτι
580 2463 679 2516 καὶ
725 2466 817 2516 ἐπὶ
872 2465 965 2518 τοῦ
1015 2465 1270 2538 Ἀϐραὰμ
1313 2468 1406 2520 καὶ
1450 2468 1805 2539 Μελχισεδὲκ,

249 2550 331 2603 τοῦ
378 2552 450 2622 μὴ
473 2552 713 2619 δέοντος,
767 2556 860 2611 τοῦ
885 2557 941 2610 δὲ
970 2556 1242 2620 λαϐόντος.
1287 2558 1448 2612 ’Ὥστε
1489 2562 1516 2612 6
1548 2561 1641 2616 τοῦ
1673 2563 1809 2632 Χριο

252 2640 363 2694 στοῦ
414 2642 613 2707 τύπος,
657 2645 857 2713 μείζων
900 2646 993 2700 τοῦ
1050 2649 1389 2718 πατριάρχου
1430 2650 1701 2721 Ἀϐραάμ.
1742 2653 1806 2705 Ei

249 2728 299 2782 δὲ
320 2731 405 2785 τοῦ
428 2732 714 2805 ’Δϐραᾶμ,
745 2735 924 2805 πολλῷ
981 2736 1181 2804 μᾶλλον
1204 2737 1310 2790 τῶν
1339 2739 1547 2808 ἱερέων.
1605 2740 1674 2792 Εἰ
1708 2740 1752 2793 δ’
1778 2742 1807 2793 6

250 2821 420 2888 τύπος,
446 2824 502 2877 τί
523 2824 590 2877 ἄν
623 2842 708 2888 τις
739 2825 884 2880 εῐποι
909 2828 1034 2896 περὶ
1060 2826 1227 2881 αὑτοῦ
1253 2827 1347 2882 τοῦ
1381 2829 1656 2900 Χριστοῦς
1695 2848 1713 2882 ι
1748 2831 1805 2884 Ὀ

251 2911 299 2966 δὲ
345 2914 415 2985 μὴ
468 2916 964 2987 γενεαλογούμενος
1011 2918 1069 2986 ἐξ
1121 2919 1324 2974 αὐτῶν.
1363 2939 1385 2972 ι
1444 2921 1538 2988 Ἐξ
1600 2921 1801 2987 αὐτῶν,

250 3006 529 3073 τουτέστιν,
579 3010 667 3072 εἰς
705 3007 923 3073 αὐτούς.
964 3009 1026 3064 Ὀ
1051 3010 1229 3064 τοίνυν
1263 3012 1337 3082 μὴ
1380 3013 1805 3083 γενεαλογούμε-

252 3112 329 3159 νος
350 3099 424 3160 el;
448 3100 653 3162 αὐτοὺς
676 3101 770 3153 καὶ
804 3100 1300 3172 ἐγκαταλεγὸμενος
1329 3104 1410 3169 τῷ
1436 3104 1581 3172 γένει
1598 3104 1800 3168 αὐτῶν,

1909 651 2002 721 jus
2034 663 2111 706 est
2145 653 2555 708 benedictionem
2584 656 2835 724 accipiat.

1991 831 2292 886 Canlirmat
2330 833 2474 899 quod
2509 833 2555 887 is
2580 833 2674 902 qui
2717 834 2924 889 Christi
2960 834 3132 905 ﬁgura
3165 843 3284 889 erat
3314 833 3495 906 major

1922 922 2024 977 fuit
2066 924 2447 981 sacerdotibus
2494 923 2830 981 Iudaeorum.
2873 926 3092 991 Levilm,
3129 930 3327 995 inquit,
3368 938 3493 983 tan-

1922 1029 2086 1081 quam
2134 1015 2509 1070 honoratiores
2541 1019 2593 1069 in
2641 1018 2840 1086 poplth
2885 1018 3127 1073 det-imas
3164 1021 3434 1087 accipiunt
3473 1035 3487 1071 :

1920 1106 2190 1173 siquidem
2215 1122 2378 1177 quam
2411 1108 2481 1159 ob
2508 1123 2728 1163 cauSam
2757 1110 2956 1178 alioqui
2992 1125 3019 1162 a
3054 1110 3314 1163 fratribus
3338 1127 3490 1161 t'llllt-

1920 1196 2041 1250 dem
2098 1205 2304 1265 patrem
2369 1198 2696 1255 habentibus
2742 1217 2834 1253 cas
2889 1202 3254 1268 accipereut?
3317 1206 3491 1254 mau—

1919 1287 2115 1343 festum
2146 1291 2325 1358 itaque
2358 1286 2441 1343 est
2483 1292 2627 1358 quod
2683 1292 2908 1346 honoris
2943 1295 3153 1359 signum
3188 1304 3365 1344 essont
3398 1297 3490 1340 ενοι-

1918 1378 2091 1441 cimm,
2117 1382 2370 1448 quodque
2397 1380 2470 1432 illi
2498 1383 2824 1435 sacratiores
2852 1393 3004 1435 erant
3042 1384 3274 1435 castoris.
3308 1386 3487 1448 'lttqtte

1917 1466 2273 1522 Melchisedec
2303 1483 2518 1538 quoque
2544 1485 2664 1522 cum
2704 1480 2758 1523 et
2781 1473 3083 1538 alienigena
3116 1482 3252 1521 vssvl
3283 1474 3333 1537 ig
3376 1483 3484 1519 ιιι·-

1918 1574 2024 1628 que
2044 1560 2285 1626 generis,
2311 1575 2655 1629 nequaquam
2687 1562 2756 1615 ab
2777 1564 2894 1628 ipso
2917 1564 3223 1630 patriarcha
3244 1561 3484 1614 det-unas

1917 1653 2240 1720 accepisset,
2302 1654 2408 1710 nisi
2457 1670 2525 1709 eo
2576 1654 2752 1721 major
2814 1654 3061 1708 fuisset:
3114 1670 3288 1721 ttt'que
3340 1656 3485 1707 cnim

1918 1744 2158 1799 dedisset
2188 1745 2461 1800 Abraham
2503 1746 2607 1800 nisi
2638 1746 2685 1800 ei
2726 1745 2819 1816 qui
2853 1746 3025 1813 major
3050 1757 3215 1799 esset.
3248 1743 3402 1810 Quod
3442 1744 3486 1796 si

1917 1833 2038 1903 ipso
2077 1835 2389 1905 patriarcha
2436 1836 2609 1904 major
2644 1846 2783 1897 erat,
2828 1838 3176 1890 manifestum
3220 1845 3303 1889 est
3342 1837 3488 1899 quod

1917 1928 2091 1982 multo
2119 1928 2292 1999 magis
2320 1927 2696 1985 sacerdotibus
2716 1928 3051 1983 Judmorum.
3080 1947 3100 1980 ι
3139 1928 3209 1984 Ut
3246 1928 3488 1984 derimas

1916 2018 2186 2087 accipiant
2225 2032 2255 2070 a
2304 2019 2524 2088 populo.
2561 2039 2578 2070 ι
2619 2015 2754 2072 Nam
2810 2017 3189 2071 ἀποδεκατοῦν
3218 2018 3487 2081 signillt-at

1914 2108 2162 2177 accipere
2185 2109 2448 2163 decimas.
2472 2110 2567 2161 Am
2588 2109 2990 2176 ipiebanteuitn
3023 2108 3221 2162 Levita:
3248 2109 3489 2163 decimas

1912 2213 1944 2253 a
1972 2199 2195 2269 p0pulo.
2240 2217 2260 2252 ι
2294 2199 2443 2257 Licet
2495 2202 2757 2268 egressis.
2805 2220 2824 2253 ι
2879 2198 2991 2253 Hoc
3042 2208 3127 2253 est
3178 2200 3323 2267 quod
3366 2200 3488 2253 ait:

1911 2290 2062 2347 Licet
2106 2293 2159 2347 in
2189 2293 2406 2348 caeteris
2455 2291 2711 2346 omnibus
2741 2291 2888 2359 paris
2917 2297 3105 2345 essent
3154 2291 3489 2345 conditionis

1911 2397 1975 2436 ac
2005 2383 2230 2438 honoris
2253 2402 2266 2438 :
2293 2398 2358 2437 ex
2396 2397 2463 2437 eo
2496 2391 2676 2435 tamen
2709 2380 2859 2450 quod
2891 2381 2942 2434 hi
2992 2379 3211 2450 quidem
3245 2381 3490 2434 decimas
3611 2417 3619 2426 -

1911 2470 2125 2538 darent,
2183 2473 2259 2525 illi
2316 2487 2443 2526 vero
2495 2472 2830 2539 acciperent,
2893 2485 3088 2539 magna
3159 2469 3484 2523 excellentia

1908 2562 2237 2618 ostenditur.
2295 2560 2451 2628 Quod
2498 2566 2543 2615 si
2594 2563 2683 2617 hic
2731 2562 2805 2615 ita
2846 2569 2947 2621 est.
3001 2560 3354 2613 manifestum
3402 2566 3490 2613 est

1907 2652 2052 2722 quod
2089 2656 2255 2708 etiam
2301 2653 2353 2707 iu
2399 2653 2669 2707 Abraham
2718 2663 2770 2707 et
2825 2651 3209 2713 Melchiseder,
3238 2667 3361 2704 rum
3396 2651 3488 2706 ille

1906 2742 2149 2798 decimas
2177 2742 2409 2806 dederit,
2451 2742 2554 2796 iste
2588 2757 2716 2798 vero
2768 2741 3062 2809 acceperit.
3100 2739 3284 2805 Itaque
3320 2740 3365 2793 is
3392 2724 3488 2805 qui

1905 2834 2108 2889 Christi
2138 2840 2299 2904 typus
2329 2841 2384 2886 et
2438 2831 2610 2902 ﬁgura
2639 2842 2781 2895 erat,
2815 2832 2989 2899 major
3023 2829 3127 2885 fuit
3176 2831 3487 2899 patriarcha

1905 2926 2226 2981 Abraham:
2261 2925 2405 2995 quod
2452 2925 2499 2979 si
2558 2925 2678 2993 ipso
2733 2923 3033 2983 Abraham.
3094 2926 3268 2977 multo
3315 2928 3490 2990 magis

1907 3017 2311 3073 sacerdotibus.
2362 3014 2419 3069 Si
2470 3030 2603 3068 vero
2642 3026 2799 3083 typus
2857 3013 3029 3081 major
3069 3012 3191 3072 fuit.
3222 3013 3484 3079 quidnam

1905 3109 2107 3180 poterit
2138 3107 2407 3177 quispiam
2441 3106 2623 3160 dicere
2655 3105 2724 3159 de
2757 3104 3019 3158 Christo?
3055 3121 3074 3154 ι
3119 3102 3191 3156 At
3244 3104 3289 3157 is
3322 3103 3484 3169 cujus

250 3185 570 3255 Μελχισεδὲκ
618 3189 806 3259 εἴληφε
855 3191 953 3256 τὰς
999 3191 1251 3256 δεκάτας.
1295 3194 1441 3246 «Καὶ
1465 3194 1557 3247 τὸν
1611 3194 1802 3264 ἔχοντα

1915 3215 2075 3272 genus
2098 3216 2204 3253 non
2248 3206 2562 3254 recensetur
2586 3211 2651 3251 ex
2678 3195 2805 3250 illis.
2852 3214 2871 3246 ι
2906 3195 2980 3247 Ex
3018 3195 3147 3257 illis,
3174 3194 3276 3247 hoc
3305 3203 3387 3246 est
3419 3195 3484 3246 ad

251 3277 335 3342 τὰς
378 3281 733 3349 ἐπαγγελίας.
757 3302 777 3335 ι
826 3283 1023 3355 Ἐξῆρε
1063 3284 1152 3338 τὸν
1203 3284 1474 3356 Ἀδραὰμ,
1501 3286 1588 3340 ἵνα
1621 3287 1802 3340 πλεῖον

1915 3293 2052 3347 illos.
2088 3290 2140 3346 Is
2178 3291 2346 3359 igitur
2383 3289 2542 3353 cujus
2580 3303 2755 3359 genus
2804 3301 2910 3340 non
2965 3285 3199 3341 refertur
3238 3285 3303 3339 ad
3341 3285 3486 3347 illos,

252 3369 401 3442 ξξὶρῃ
424 3372 519 3425 τὸν
575 3374 926 3445 Μελχισεδέκ.
965 3394 985 3427 ι
1014 3375 1086 3428 Τὸ
1106 3375 1324 3430 ἔλαττον
1360 3377 1463 3430 ὑπὸ
1494 3376 1586 3429 τοῦ
1620 3377 1803 3448 κρείτ-

1915 3398 2093 3451 neque
2126 3383 2408 3437 reducitur
2438 3382 2492 3436 in
2536 3395 2825 3436 ultum-um
2856 3395 2975 3433 cum
3009 3393 3207 3447 genere
3242 3378 3486 3437 i|!orum,

254 3475 383 3521 τονος
433 3462 761 3532 εὐλογεῖται.
788 3485 805 3516 ι
834 3464 1058 3536 ,Οὐκοῦν
1102 3467 1363 3537 κρείττων
1411 3471 1439 3521 ὁ
1483 3466 1654 3531 τύπος
1708 3467 1804 3521 τοῦ

1915 3484 2108 3539 nempe
2149 3467 2528 3528 Melchisedec.
2558 3469 2770 3535 accepit
2801 3466 3065 3519 decimas.
3103 3482 3121 3515 ι
3160 3462 3222 3517 Ει
3266 3462 3484 3517 habenti

254 3549 495 3620 Χριστοῦ,
530 3556 626 3608 καὶ
655 3556 822 3610 αὑτοῦ
854 3558 948 3611 τοῦ
975 3560 1341 3629 πατριάρχου.
1508 3550 1509 3553 Ἴ

1915 3559 2322 3632 promissioues
2381 3560 2684 3615 benedixit.
2727 3577 2745 3609 ι
2818 3558 3025 3612 Extulit
3094 3559 3366 3611 Abraham
3425 3565 3490 3610 ut

256 3650 409 3718 magis
436 3652 729 3708 extolleret
756 3653 917 3724 367
940 3653 1320 3710 Melchisedec.
1359 3673 1378 3706 ι
1415 3654 1472 3709 Id
1512 3656 1656 3724 qnod
1692 3657 1874 3711 minus
1905 3665 1992 3712 est
2028 3657 2097 3712 ab
2126 3672 2192 3710 eo
2230 3655 2377 3727 quod
2426 3654 2606 3725 majus
2626 3664 2708 3710 est
2740 3653 3174 3708 benedictionem
3200 3651 3422 3720 accipit.
3461 3667 3483 3702 ι

258 3738 422 3809 Itaque
460 3744 646 3810 potior
679 3744 776 3799 fuit
811 3754 864 3799 et
885 3746 1077 3800 melior
1103 3744 1309 3801 Christi
1340 3755 1501 3817 typus
1526 3749 1642 3819 ipso
1662 3764 1880 3819 quoque
1909 3749 2241 3819 patriarcha.

313 3836 409 3890 Kal
437 3831 559 3891 ὦδε
586 3837 704 3906 μὲν
743 3838 997 3906 δεκάτας
1039 3841 1537 3910 ἀποθνήσκοντες
1583 3845 1806 3912 άνθρω·

1987 3846 2098 3908 VII,
2133 3846 2252 3900 7-9.
2278 3846 2448 3913 Atque
2478 3844 2564 3896 hic
2584 3842 2791 3913 quidem
2824 3842 3053 3895 homines
3082 3839 3172 3909 qui
3193 3837 3490 3892 moriuntur

256 3941 342 3979 ποι
378 3929 814 3998 λαμϐάνουσιν.
876 3933 1032 3987 Ἑκεῖ
1080 3932 1149 3987 δὲ
1194 3938 1678 4005 μαρτυρούμενος
1717 3936 1807 3991 ὅτι

1915 3934 2141 3988 decimas
2181 3934 2470 4002 accipiunt.
2520 3931 2643 3987 Illic
2685 3941 2859 3985 autem
2897 3934 2942 3985 is
2995 3932 3072 4019 de.
3091 3946 3193 3998 quo
3243 3937 3487 3981 testatum

259 4014 336 4084 (ᾖ,
374 4022 497 4088 καὶ,
538 4023 620 4088 ὠς
645 4023 796 4089 ἔπος
830 4024 1037 4091 εἰπεῖν,
1073 4024 1172 4078 διὰ
1213 4026 1467 4095 Ἀϐραὰμ
1512 4027 1612 4081 καὶ
1661 4028 1808 4082 Λευτ

1915 4035 1986 4080 est
2013 4025 2152 4095 quod
2185 4027 2318 4078 vivat
2352 4042 2371 4079 :
2413 4034 2463 4079 et
2500 4034 2556 4077 ut
2588 4025 2667 4076 ita
2696 4022 2905 4089 loquar,
2948 4022 3003 4074 in
3043 4014 3307 4072 Abraham
3348 4017 3491 4069 deci-

1909 4128 2089 4170 motus
2117 4124 2195 4170 est
2222 4117 2384 4170 etiam
2409 4116 2517 4185 ipse
2543 4112 2665 4167 Levi
2696 4114 2785 4181 qui
2808 4113 3042 4166 decimas
3068 4112 3203 4165 solet
3228 4110 3485 4175 accipere.

1908 4207 2096 4261 Adhuc
2134 4208 2273 4261 enim
2313 4208 2368 4259 in
2414 4205 2608 4259 lumbis
2636 4205 2806 4274 putris
2841 4212 2953 4258 erat
2986 4218 3144 4271 quum
3192 4207 3485 4255 occurreret

259 4110 287 4160 ό
311 4108 559 4176 δεκάτας
604 4112 945 4182 λαμϐάνων,
982 4114 1393 4174 δεδεκάτωται.
1432 4118 1561 4172 Ἔτι
1602 4120 1713 4186 γὰρ
1732 4118 1804 4170 ἐν

258 4200 323 4270 τῇ
352 4204 540 4273 ὀσφύϊ
556 4206 661 4260 τοῦ
710 4209 931 4278 πατρὸς
976 4205 1078 4280 ἦν,
1101 4209 1200 4262 ὅτε
1225 4209 1618 4279 συνήντησεν
1639 4209 1801 4277 αὐτῷ

258 4289 289 4344 ὀ
311 4293 696 4362 Μελχισεδέκ.

1915 4298 2142 4355 Abraha:
2170 4297 2541 4354 Melcltisedec.

317 4384 488 4450 Δεῖξαι
534 4386 703 4452 θέλει,
728 4387 820 4441 ὅτι
870 4389 1003 4444 πολὺ
1030 4386 1099 4460 ἦν
1128 4391 1190 4443 τὸ
1232 4391 1499 4462 ὑπερέχον
1531 4390 1625 4445 τοῦ
1656 4393 1806 4446 Μελ-

1981 4391 2286 4449 Osteudere
2329 4392 2445 4447 vult
2499 4389 2645 4460 quod
2711 4404 2907 4459 magna
2955 4394 3104 4442 esset
3163 4383 3485 4441 excellentia

259 4475 477 4542 χισεδέκ,
509 4477 605 4531 καὶ
634 4478 721 4532 διὰ
742 4478 900 4534 τοῦτο
929 4480 1089 4536 ἔλαϐε
1111 4483 1209 4547 τὰς
1235 4483 1491 4548 δεκάτας,
1525 4484 1619 4537 καί
1644 4501 1801 4554 φησιν

1915 4483 2294 4547 Melchisedec,
2341 4492 2396 4538 et
2452 4491 2744 4553 propterea
2801 4480 3075 4548 acciperet
3117 4477 3382 4537 decimas.
3433 4481 3488 4529 et

262 4566 355 4620 Καὶ
402 4570 453 4622 οἱ
498 4573 721 4624 Λευῖται
777 4572 874 4642 μὲν
928 4571 1020 4627 οὖν
1063 4572 1456 4642 λαμὸάνουσιν,
1491 4576 1609 4629 ἀλλ’
1648 4578 1798 4630 οὐδὲν

1915 4575 1981 4629 ait
2013 4591 2027 4628 :
2066 4575 2238 4629 Etiam
2276 4574 2474 4630 Levita~
2500 4575 2817 4643 accipiunt;
2843 4580 2897 4623 at
2937 4570 3069 4624 nihil
3094 4571 3197 4623 hoc
3226 4577 3484 4636 magunum

263 4661 390 4728 μέγα
408 4679 422 4694 υ
451 4663 859 4733 ᾁποθνήσκουσι
886 4665 1018 4737 γάρ.
1050 4665 1145 4731 Τίς
1169 4667 1225 4720 δὲ
1256 4667 1510 4738 φθονήσει
1540 4672 1705 4740 τιμῆς
1730 4669 1807 4737 τῷ

1915 4672 2014 4727 est,
2042 4680 2167 4718 nam
2201 4667 2512 4719 moriuntur
2541 4680 2557 4729 ;
2583 4664 2706 4733 quis
2734 4670 2917 4715 autem
2946 4659 3188 4713 invidt-at
3219 4659 3485 4722 honorem

260 4752 606 4828 ἀποθνήσκειν
677 4758 966 4827 μέλλοντιε
1021 4761 1080 4815 '0
1143 4760 1200 4814 δὲ
1256 4760 1636 4829 Μελχισεδὲκ,
1708 4762 1806 4814 καὶ

1915 4756 1955 4807 ei
1990 4757 2081 4825 qui
2114 4757 2415 4813 moriturus
2444 4756 2573 4812 est?
2601 4755 2961 4809 Melchisedec
3004 4761 3186 4805 autem
3233 4751 3400 4805 etiam
3432 4748 3482 4804 si

260 4844 410 4901 ταῦτα
469 4849 915 4921 μαρτυρούμενος
972 4851 1094 4923 ζῇν,
1135 4851 1294 4906 ἔλασε
1317 4852 1417 4915 τὰς
1443 4852 1697 4915 δεκάτας.
1731 4854 1806 4907 Τὸ

1915 4850 2285 4903 testimonium
2341 4831 2616 4917 acceperit
2648 4846 2793 4917 quod
2829 4846 2998 4905 vivat.
3024 4842 3271 4897 decimas
3324 4856 3485 4895 acce-

263 4933 329 4995 δὶ,
358 4939 823 5010 Μαρτυρούμενος
887 4941 1008 5012 ζῇν,
1036 4939 1183 5008 δέξαι
1234 4941 1375 4997 κατὰ
1425 4943 1526 5011 τὴν
1578 4943 1692 4998 ἄνω
1722 4944 1807 4999 ἐν·

1915 4940 2007 5009 pit.
2036 4938 2190 5005 ρυυά
2231 4947 2413 4993 autem
2450 4938 2525 4993 ait
2574 4935 2947 4991 testimonium
2998 4934 3280 5003 accepisse
3330 4931 3484 4984 illum

264 5044 413 5095 νοιαν,
460 5031 616 5096 διότι,
650 5033 806 5104 φησὶ.
838 5032 937 5087 οὐκ
968 5029 1172 5104 εἷπενή
1208 5033 1398 5106 Γραφὴ
1423 5034 1522 5106 τὴν
1549 5034 1804 5105 τελευτὴν

1915 5027 2051 5097 quod
2092 5028 2262 5089 vivat.
2298 5029 2488 5096 accipe
2526 5027 2683 5095 juxta
2715 5025 2900 5080 datum
2946 5023 3097 5093 prius
3128 5022 3485 5084 intellectum,

262 5119 431 5187 αὑτοῦ,
489 5123 626 5177 ἀλλὰ
682 5125 782 5194 τὴν
836 5124 981 5194 ζωὴν
1047 5124 1226 5193 μόνον,
1254 5125 1315 5177 τὸ
1345 5124 1445 5194 ζῇν
1462 5125 1611 5194 αὐτῷ
1645 5126 1805 5195 μόνον

1915 5121 2029 5173 ideo
2056 5120 2310 5175 videlicet
2334 5118 2479 5189 quod
2505 5134 2629 5174 cum
2658 5132 2767 5173 non
2796 5118 2992 5171 dixerit
3013 5113 3294 5181 Scriptura
3321 5111 3483 5165 liuent

262 5210 390 5277 εδοξε
448 5218 762 5286 μαρτυρεῖν.
822 5214 898 5278 ὡς
925 5217 973 5268 εἰ
1014 5212 1189 5270 εἶπεν·
1221 5215 1454 5287 Προῄδει
1492 5217 1522 5268 6
1551 5216 1806 5286 Ἀϐραὰμ

1915 5211 2077 5274 illius,
2120 5209 2214 5263 sed
2259 5211 2432 5264 solam
2468 5209 2663 5271 vitam,
2710 5209 2886 5262 solum
2933 5203 3000 5258 de
3028 5219 3092 5257 eo
3139 5203 3325 5256 testari
3367 5200 3482 5252 visa

260 5300 331 5356 δτι
355 5305 451 5359 οὐκ
494 5306 647 5360 ἔσται
704 5306 838 5376 δήλη
862 5308 895 5376 ἡ
927 5306 1151 5375 τελευτὴ
1182 5306 1273 5361 τοῦ
1301 5307 1654 5377 Μελχισεδέκ.
1684 5306 1803 5361 Καὶ

1915 5312 1989 5357 est
2020 5301 2163 5373 quod
2201 5302 2444 5368 viveret;
2484 5316 2546 5354 ac
2566 5300 2610 5354 si
2647 5301 2855 5353 diceret
2893 5314 2909 5351 :
2942 5297 3269 5350 Pi-aaviderat
3305 5291 3482 5345 Abra-

262 5391 368 5447 οὐδὲ
419 5399 577 5449 τοῦτο
633 5394 887 5464 ἐποίησεν
939 5396 1100 5449 αὐτὸν
1164 5397 1432 5465 φθονῆσαι
1495 5397 1645 5467 αὐτῷ
1703 5398 1803 5467 τῆς

1915 5394 2030 5447 ham
2079 5392 2223 5462 quod
2269 5390 2678 5447 manifestanda
2731 5406 2840 5444 non
2893 5396 3039 5442 esset
3091 5400 3238 5439 mors
3304 5381 3482 5450 ipsius

264 5486 412 5554 τιμῆς
438 5488 542 5541 τῶν
571 5487 832 5544 δεκατῶν.
861 5488 1019 5562 ’ᾙδει
1064 5489 1173 5558 γὰρ
1206 5487 1371 5543 αὐτοῦ
1412 5488 1472 5540 τὸ
1512 5489 1801 5558 ὑπερέχον.

1915 5484 2286 5547 llelchisedec,
2321 5500 2495 5554 neque
2525 5491 2704 5537 tamen
2743 5491 2926 5536 motus
2950 5495 3014 5533 ex
3043 5494 3107 5532 eo
3137 5489 3219 5531 est
3245 5482 3305 5530 ut
3341 5472 3485 5561 iuvi-

854 5565 935 5635 Eat
962 5581 1022 5634 τὸ
1059 5581 1368 5635 εἰρημένον.
1431 5581 1516 5634 ὅτι
1544 5582 1573 5634 6
1604 5582 1804 5635 τοόπος
1904 5575 2056 5629 deret
2082 5574 2155 5628 illi
2188 5575 2446 5629 honorem
2479 5574 2837 5635 decimarum,
2868 5577 3093 5625 noverat
3128 5567 3271 5621 enim
3302 5563 3479 5634 ipsius

1903 5664 2248 5732 dignitatem.
2301 5667 2408 5719 Aut
2459 5662 2783 5732 simpliciori
2862 5659 3022 5713 modo
3089 5657 3272 5723 accipe
3330 5653 3474 5722 quod

1902 5756 2109 5810 dictum
2144 5763 2250 5820 est,
2285 5754 2429 5825 quod
2462 5753 2656 5808 modus
2686 5750 2905 5822 quidem
2938 5746 3227 5803 sacerdotii
3264 5744 3475 5798 Levita-

1905 5866 2023 5903 rum
2079 5848 2331 5909 moritur.
2379 5845 2651 5917 siquidem
2705 5840 2942 5899 cessavit
3002 5843 3298 5911 spparente
3327 5834 3473 5891 veri-

268 5575 331 5628 ἰι
358 5579 723 5652 ἁπλούστερον
786 5580 935 5648 δέξαι
962 5581 1022 5634 τὸ
1059 5581 1368 5650 εἰρημένον,
1431 5581 1516 5634 ὅτι
1544 5582 1573 5634 6
1604 5582 1804 5651 τρόπος

264 5667 352 5736 τῆς
377 5671 692 5743 ἱερωσύνης,
719 5674 828 5727 τῶν
871 5672 968 5744 μὲν
1000 5673 1262 5738 Λευῖτῶν,
1303 5671 1665 5743 ἀποθνήσκει.
1695 5673 1807 5726 Καὶ

272 5760 358 5823 γὰρ
405 5761 696 5827 ἐπαύσατο,
754 5763 852 5831 τῆς
901 5760 1156 5830 ἀληθεέας
1184 5759 1478 5828 φανείσεςο
1511 5761 1540 5813 6
1600 5760 1655 5813 δὲ
1705 5758 1801 5813 τοῦ

270 5845 579 5918 Μιλχιεεδὲκ
634 5850 719 5922 ζῇ.
760 5871 777 5902 ι
802 5853 876 5920 Ζῇ
907 5851 1034 5922 γάρ.
1063 5870 1080 5903 ι
1139 5850 1266 5915 [lth
1309 5850 1366 5903 δὲ
1401 5850 1798 5921 ἔμαρτυρήθη;
