3988 6582
224 393 313 454 35-3
1234 389 1618 453 COMMENT.
1648 392 1734 453 IN
1767 389 2006 450 EPIST.
2049 391 2150 451 AD
2189 390 2421 451 HEBR.

3375 392 3485 458 354

220 504 469 579 ἱερωσύνη
494 505 688 566 ἐντοῖς
716 502 972 574 δόγμασι,
1031 503 1115 567 τίς
1175 499 1242 576 ῆν
1302 505 1463 576 χρεία
1524 505 1598 576 μὴ
1649 504 1794 558 κατὰ

1902 504 2034 571 quit,
2074 502 2379 568 hahuisset,
2402 500 2706 557 Leviticum
2728 501 3095 558 sacerdotium
3117 502 3169 558 in
3187 502 3483 575 dogmatis,

218 599 302 664 τὴν
322 595 475 661 τάξιν
510 594 830 667 ’Δαρὼν,ὒ;
873 595 967 648 καὶ
1008 594 1174 658 αὐτὸς
1210 599 1312 665 τῆς
1365 596 1659 662 Λευῖτικῆς
1712 597 1787 646 ἱε-

218 686 449 762 ρωσύνης
493 682 592 758 ἦν,
631 686 722 742 τὸν
756 687 994 759 Χριστὸν
1019 687 1321 757 ἀναστῆναι
1356 706 1371 755 ;
1403 688 1548 740 Ἀλλ’
1597 687 1788 756 ἐδεήθη

217 780 339 834 κατὰ
367 780 466 851 τὴν
498 780 661 847 τάξιν
694 783 998 851 ἀναστῆναι
1030 778 1126 833 τοῦ
1161 780 1527 852 Με).χισεδέκ;
1562 781 1674 833 Οὐκ
1701 779 1791 833 εὖ·

214 872 357 942 διεῖλον
385 874 465 925 ὅτι
493 873 588 925 διὰ
616 874 679 925 τὸ
706 872 917 938 ἀτελὲς,
960 872 1116 943 φησὶ,
1170 872 1268 943 τῆς
1316 873 1603 943 Λευῖτικῆς
1644 874 1794 944 ἱερω-

215 966 364 1037 σύνης
382 966 546 1020 τοῦτο
574 966 799 1035 γέγονεν
821 982 836 1032 ;

279 1163 296 1195 ι
341 1143 397 1196 ⁸0
452 1143 589 1208 λαὸς
654 1145 766 1216 γάρ
814 1147 901 1199 ἐπ’
958 1146 1131 1217 αὐτὴν
1187 1144 1600 1216 νενομοθέτητο.
1642 1164 1660 1196 δ
1729 1144 1793 1197 Ei.

217 1240 309 1307 γὰρ
340 1234 405 1307 ῆν
437 1238 633 1292 τελεία
667 1240 949 1311 Λευῖτικὴ,
982 1241 1089 1293 ἔδει
1123 1241 1265 1294 κατά
1310 1241 1409 1311 τὴν
1454 1239 1612 1307 τάξιν
1664 1240 1794 1292 Ἀα-

220 1326 310 1397 ρὼν
341 1328 656 1399 ἀναστῆναι
712 1328 807 1383 τὸν
858 1330 1132 1401 Χριστὸν,
1171 1330 1429 1399 μάλιστα,
1484 1330 1667 1401 φησιν,
1709 1330 1793 1382 ὅτι

216 1425 236 1471 ὁ
285 1421 404 1485 λαὸς
468 1423 568 1474 ἐπὶ
617 1424 791 1495 ταύτῃ
832 1426 897 1495 τῇ
948 1425 1209 1495 Λευῖτικῇ
1246 1423 1515 1496 ἱερωσύνῃ
1567 1440 1794 1493 νενομο-

219 1518 444 1586 θέτηται,
472 1517 753 1584 τουτέστιέ
774 1516 948 1589 ταύτῃ
978 1516 1302 1588 κεχρῆσθαι,
1333 1516 1506 1589 ταύτῃ
1536 1519 1789 1584 στοιχεῖν,

216 1610 302 1662 ὑπὸ
327 1609 538 1680 ταύτης
566 1610 821 1679 ἄγεσθαι.
849 1628 868 1662 ι
892 1610 1332 1682 Μετατιθεμένης
1365 1610 1474 1682 γὰρ
1507 1610 1605 1681 τῆς
1640 1612 1795 1681 ἱερω-

218 1701 383 1774 σύνης.
414 1724 432 1755 ι
477 1706 628 1775 "(ipa
657 1705 775 1768 πῶς
805 1704 1023 1773 εὐφυῶς
1055 1705 1266 1773 εἰσάγει
1305 1705 1403 1774 τὴν
1437 1705 1564 1759 νέαν
1601 1703 1792 1772 διαθήο

217 1812 322 1866 χην.
362 1795 563 1850 Ὁπότε
620 1798 749 1866 γάρ,
791 1797 946 1868 φησὶ,
1003 1797 1291 1866 μετάθεσις
1342 1797 1443 1867 τῆς
1485 1796 1792 1868 ἱερωσύνης

1896 612 2018 665 quae
2067 603 2214 652 esset
2269 596 2575 651 necessitas
2625 603 2687 649 ut
2726 609 2836 650 non
2889 596 3187 652 secundum
3230 597 3486 654 ordinem

1898 692 2078 743 Aaron
2111 691 2200 758 qui
2236 698 2290 743 et
2318 691 2437 759 ipse
2467 686 2698 742 Levitici
2726 687 3020 742 sacerdotii
3049 696 3189 754 erat,
3225 687 3484 747 Christus

1895 789 2239 853 exsurgeret,
2267 783 2360 837 sed
2404 790 2683 852 oporteret
2713 780 3020 837 secundum
3061 781 3308 838 ordinem
3353 783 3485 841 Mel-

1898 875 2155 930 chisedec
2182 875 2439 931 suscitari
2472 875 2495 929 ?
2523 875 2598 929 An
2636 890 2741 929 non
2772 874 2930 928 facile
2952 875 3127 929 cuivis
3149 885 3335 946 patere
3362 885 3487 947 pot-

1896 975 1975 1022 est
2002 968 2147 1038 quod
2176 969 2275 1021 hoc
2294 975 2516 1035 propter
2551 965 3020 1037 imperfectionem
3046 965 3270 1022 Levitici
3302 983 3488 1024 sacer-

1899 1058 2030 1113 dotii
2059 1058 2260 1113 factum
2282 1057 2400 1112 sit?

1977 1169 1995 1202 ‹
2034 1151 2316 1221 Siquidem
2341 1166 2440 1221 per
2464 1150 2566 1206 hoc
2593 1151 2829 1221 populus
2851 1153 3261 1223 legemaccepit.
3296 1173 3315 1206 ι
3342 1152 3481 1210 Nam

1898 1239 1942 1293 si
1968 1239 2294 1309 perfectum,
2333 1242 2533 1310 inquit,
2579 1248 2698 1297 erat
2728 1242 3028 1300 Leviticum
3085 1244 3481 1311 sacerdotium,

1897 1334 2142 1402 oportuit
2215 1334 2519 1388 secundum
2599 1336 2846 1391 ordinem
2929 1340 3114 1394 Aaron
3182 1356 3484 1410 exsurgere

1896 1422 2197 1488 Christum,
2263 1424 2527 1491 maxime,
2552 1425 2750 1496 inquit,
2799 1427 2927 1496 quia
2977 1430 3214 1499 populus
3246 1433 3347 1485 sub
3376 1432 3482 1488 hoc

1898 1516 2141 1571 Levilico
2176 1517 2490 1573 sacerdotio
2522 1519 2695 1589 legem
2721 1522 2952 1591 accepit,
2984 1523 3035 1577 id
3069 1532 3172 1590 est,
3214 1525 3317 1580 hoc
3349 1541 3484 1582 usus

1895 1616 2066 1663 estut
2102 1624 2197 1677 per
2240 1610 2417 1679 ipsum
2452 1613 2805 1678 erudiretur,
2844 1621 2898 1668 et
2934 1613 3038 1668 hoc
3073 1620 3212 1671 duce
3256 1618 3481 1674 viveret.

1903 1718 1921 1750 ι
1949 1698 2404 1770 Quandoquidem
2439 1702 2707 1757 translato
2743 1705 3076 1762 sacerdotio.
3106 1725 3123 1758 υ
3168 1705 3296 1762 Vide
3318 1723 3486 1778 quam

1896 1800 2022 1863 apte
2064 1808 2265 1848 novum
2319 1802 2712 1849 testamentum
2755 1796 2999 1852 inducat.
3050 1796 3281 1864 Quando
3333 1803 3481 1856 enim

216 1889 410 1955 γέγονε,
437 1887 520 1959 τῷ
559 1890 762 1961 μηκέτι
791 1888 935 1943 κατὰ
959 1889 1057 1961 τὴν
1081 1889 1235 1956 τάξιν
1267 1889 1497 1961 Ἀαρὼν,
1530 1889 1669 1943 ἀλλὰ
1693 1887 1790 1940 τοῦ

1902 1886 2186 1940 translatio
2220 1886 2360 1942 facta
2395 1896 2500 1953 est,
2542 1890 2742 1959 inquit,
2769 1889 3085 1956 sacerdotii,
3122 1909 3184 1947 ex
3226 1908 3291 1949 co
3336 1893 3483 1965 quod

218 1981 544 2051 Μελχισεδὲκ
581 1980 903 2035 ἀνίστασθαι
940 1982 1113 2054 ἱερέα,
1147 1982 1243 2035 καὶ
1264 1982 1342 2053 τῷ
1373 1983 1567 2053 μηκέτι
1594 1983 1659 2035 ὲκ
1695 1980 1788 2050 γὲο

217 2090 321 2137 *σονς
355 2072 512 2139 Λευῒ,
548 2073 691 2128 ἀλλὰ
726 2076 790 2128 ὲκ
820 2075 1015 2144 γένους
1058 2073 1233 2128 Ἰούδα
1259 2073 1432 2146 (ἔνθεν
1460 2074 1567 2145 γὰρ
1592 2075 1621 2126 ὁ
1650 2075 1787 2147 Χρι-

219 2168 326 2229 στὸς
358 2167 417 2220 τὸ
444 2167 597 2222 κατὰ
630 2170 811 2239 σάρκα
841 2167 1098 2237 γενέσθαι
1140 2168 1336 2238 ἱερέα),
1375 2168 1592 2237 ἀνάγκη
1616 2170 1784 2230 πᾶσα,

219 2260 354 2330 φησὶ,
394 2260 490 2312 καὶ
530 2260 621 2313 τὸν
656 2261 821 2331 νόμον
850 2260 945 2313 καὶ
973 2259 1071 2331 τὴν
1100 2260 1368 2332 διαθήκην
1405 2259 1785 2331 μετατεθῆναι,

220 2352 500 2417 τουτέστιν,
526 2353 856 2422 ἀλλαγῆναι,
889 2354 984 2406 καὶ
1008 2352 1176 2423 ἄλλην
1209 2354 1410 2423 νεαρὰν
1435 2352 1790 2422 ἀντεισαχθῆ-

220 2462 311 2498 xm.
342 2464 359 2495 ι
396 2446 515 2515 Ἐφ’
546 2444 608 2499 ὃν
659 2447 769 2518 γὰρ
798 2445 1018 2514 λέγεται
1065 2445 1261 2501 ταῦτα.
1286 2466 1304 2498 ι
1358 2447 1483 2499 Ἐπὶ
1528 2446 1620 2498 τὸν
1658 2447 1790 2514 Χρι-

225 2536 328 2588 στὸν
354 2537 605 2607 δηλονότι
637 2538 875 2609 εἴρηται,
908 2539 992 2603 τὸ,
1026 2558 1046 2591 ι
1070 2540 1145 2592 Σὺ
1179 2539 1359 2610 ἱερεὺς
1388 2540 1466 2601 εἰς
1494 2538 1584 2591 τὸν
1616 2538 1790 2592 αἰῶνα

225 2627 345 2679 κατᾶ
380 2628 479 2699 τὴν
510 2628 673 2695 τάξιν
717 2629 1215 2700 Μελχισεδέκ.›--ι
1234 2630 1407 2700 Φυλῆς
1439 2631 1634 2703 ἐτέρας
1664 2647 1793 2700 μετ·

225 2719 458 2790 ἔσχηκεν.
496 2740 516 2773 ι
561 2722 670 2776 Καὶ
705 2721 981 2792 τοσοῦτον,
1024 2723 1180 2794 φησι,
1238 2723 1448 2792 γίνεται
1505 2723 1791 2794 μετάθεσις

227 2814 307 2866 καὶ
336 2815 612 2889 ἐναλλαγὴ
642 2817 736 2869 τοῦ
762 2834 819 2870 τε
844 2818 1014 2887 νόμου
1060 2816 1157 2871 καὶ
1188 2818 1287 2887 τῆς
1318 2817 1552 2880 παλαιᾶς
1606 2816 1793 2889 διαθή-

229 2924 335 2979 κης,
370 2909 454 2964 ὅτι
506 2912 604 2965 καὶ
643 2910 742 2981 τῆς
781 2911 957 2982 φυλῆς
1010 2912 1205 2982 αὐτῆς,
1247 2912 1368 2984 ἥτις
1406 2911 1507 2980 τὴν
1557 2911 1792 2966 παλαιᾶν

230 3001 516 3074 ἱερωσύνην
554 3005 983 3075 μετεχειρίζετο,
1020 3005 1243 3073 γέγονεν
1274 3004 1565 3073 ἐναλλαγὴ.
1603 3006 1662 3057 'O
1684 3003 1793 3076 γὰρ

228 3095 439 3169 Χριστὸς
478 3077 679 3169 ἑτέρας
723 3099 843 3153 ἐστὶ
889 3099 1083 3170 φυλῆς,
1123 3100 1218 3154 καὶ
1267 3101 1327 3154 οὐ
1358 3101 1457 3169 τῆς
1507 3100 1599 3153 τοῦ
1640 3099 1791 3165 Λευῒ,

227 3190 346 3244 ἀλλὰ
376 3191 469 3245 τοῦ
513 3176 879 3264 Ἶούδαίῆτυς
928 3194 1098 3248 Ἰούδα
1148 3194 1325 3266 φυλὴ,
1373 3194 1493 3248 ούδέ
1536 3212 1664 3246 ποτε
1717 3193 1793 3258 ὡς

231 3283 497 3353 ἱερεύουσα
553 3286 807 3358 παρέστη
845 3289 906 3342 ὲν
960 3284 1038 3358 τῷ
1071 3288 1469 3358 θυσιαστηρίῳ.
1527 3287 1601 3340 Τὸ
1658 3285 1787 3359 γὰρ.

228 3376 684 3448 προσέσχηκεν,
772 3380 806 3452 ἢ
885 3381 1124 3452 προέστη
1209 3381 1425 3453 νοήσεις
1519 3380 1551 3451 ἢ
1622 3397 1792 3449 προσ-

229 3466 385 3539 έσχεν.
440 3473 605 3528 Ὅσον
635 3472 768 3545 γὰρ,
802 3473 989 3544 φησιν,
1031 3475 1111 3537 εἰς
1166 3472 1225 3526 τὸ
1276 3472 1613 3542 ἱερατεῦσαι,
1669 3472 1791 3525 οὐδὲ

230 3562 482 3634 προσέσχε
515 3564 592 3635 τῷ
620 3565 995 3636 θυσιαστηρίῳ
1026 3567 1059 3635 ἡ
1093 3565 1186 3618 τοῦ
1216 3566 1389 3618 Ἰούδα
1424 3567 1587 3637 φυλή.
1624 3586 1642 3618 ι
1667 3567 1792 3621 Ὅτι

231 3653 277 3720 ἐξ
300 3655 467 3711 Ἰούδα
498 3657 866 3712 ἀνατέταλκεν
896 3658 927 3711 ὁ
959 3657 1162 3730 Κύριος
1195 3657 1372 3729 ἡμῶν.
1398 3677 1416 3709 ›
1442 3659 1791 3732 Πεποιημένη

232 3739 353 3807 λέξις
387 3748 453 3816 τῇ
484 3746 628 3800 κατὰ
663 3748 842 3818 σάρκα
872 3749 1127 3818 γεννήσει
1163 3746 1258 3801 τοῦ
1321 3749 1572 3819 Σωτῆρος
1634 3750 1793 3821 ἡμῶν

233 3832 347 3889 Θεοῦ
374 3839 458 3903 τὸ,
493 3839 925 3895 ἀνατέταλκεν.
970 3860 988 3892 ι
1014 3841 1108 3904 Εἰς
1145 3840 1212 3912 ἢν
1246 3840 1421 3911 φυλὴν
1465 3844 1617 3896 οὐδὲν
1665 3844 1793 3915 περὶ

237 3926 514 4001 ἱερωσύνης
560 3932 769 4002 Μωσῆς
814 3933 1068 4005 ἑλάλησε.
1105 3953 1124 3986 ι
1161 3930 1271 3987 Ἦν
1303 3933 1412 4005 γὰρ
1457 3936 1535 3998 εἰς
1568 3936 1667 4007 τὴν
1697 3936 1791 3990 τοῦ

235 4020 347 4075 Aeni
380 4025 680 4097 διαλεχθεὶς
712 4029 739 4081 ὁ
770 4027 998 4099 Μωσῆς.

298 4208 395 4263 Καὶ
419 4212 856 4279 περισσότερον
884 4208 971 4264 ἔτι
992 4209 1336 4279 κατάδηλόν
1367 4211 1558 4277 ἐστιν,
1576 4215 1625 4267 el
1647 4215 1796 4268 κατὰ

238 4291 333 4358 τὴν
353 4298 670 4362 ὁμοιότητα
707 4297 1084 4368 Μελχισεδὲκ
1114 4298 1432 4353 ἀνίσταται
1460 4301 1652 4369 ἱερεὺς
1671 4302 1796 4357 ἕτε-

232 4398 338 4450 ρος.
377 4387 443 4453 ὃς
475 4390 548 4442 οὐ
588 4389 740 4442 κατὰ
773 4390 962 4459 νόμον
996 4389 1256 4458 ἐντολῆς
1288 4391 1587 4462 σαρκικῆς
1626 4393 1795 4466 γέγο-

238 4490 340 4541 νεν,
365 4478 523 4534 ἀλλὰ
556 4480 708 4534 κατὰ
734 4479 993 4551 δύναμιν
1022 4480 1171 4550 ζωῆς
1199 4482 1601 4540 ἀκαταλύτου.
1634 4488 1795 4555 Μαρ-
1848 4498 1851 4499 ⁷

1889 1979 2000 2049 jam
2028 1995 2132 2033 non
2168 1981 2472 2035 secundum
2497 1981 2745 2036 ordinem
2773 1983 2980 2049 Aaron,
3014 1984 3107 2040 sed
3124 1984 3485 2044 Melcliisedec

1891 2083 2153 2141 exsurgat
2186 2074 2468 2139 sacerdos,
2503 2083 2557 2128 et
2586 2089 2648 2129 ex
2686 2090 2750 2129 eo
2785 2077 2930 2145 quod
2977 2076 3089 2147 jam
3126 2093 3236 2134 non
3286 2095 3349 2134 ex
3396 2097 3484 2152 ge-

1892 2183 2022 2223 nere
2054 2167 2204 2233 Levi,
2228 2168 2321 2222 sed
2356 2183 2419 2222 ex
2452 2184 2651 2238 genere
2679 2168 2818 2223 Juda
2847 2172 3013 2240 (hinc
3039 2172 3184 2226 enim
3225 2172 3485 2229 Christus

1892 2254 2195 2314 secundum
2241 2260 2697 2314 carnem'l‘actus
2757 2267 2842 2315 est
2894 2260 3178 2335 sacerdos)
3234 2264 3484 2334 omnino,

1892 2351 2091 2421 inquit,
2143 2352 2520 2405 necessarium
2559 2359 2642 2405 est
2678 2358 2730 2403 ct
2776 2351 2946 2421 legem
2991 2361 3044 2406 et
3092 2362 3482 2407 testamentum

1893 2443 2206 2510 transferri,
2242 2444 2345 2498 hoc
2375 2452 2458 2499 est
2484 2443 2789 2507 immutari,
2818 2428 3094 2516 aliamque
3118 2449 3482 2501 recentiorem

1892 2537 2012 2605 ejus
2037 2538 2159 2590 loco
2191 2536 2471 2592 substitui.
2509 2553 2528 2586 ι
2558 2535 2693 2589 Nam
2719 2537 2763 2590 is
2787 2536 2851 2589 de
2876 2553 2985 2605 quo
3008 2538 3122 2593 haec
3143 2539 3423 2593 dicuntur.
3458 2557 3478 2593 ι

1891 2630 1966 2683 De
1996 2629 2222 2683 Christo
2256 2629 2512 2684 videlicet
2536 2628 2743 2683 dictum
2775 2637 2858 2684 est
2896 2630 3030 2684 illutl
3071 2647 3084 2685 :
3141 2650 3160 2684 ι
3200 2631 3280 2686 Tu
3308 2648 3369 2687 es
3390 2647 3483 2687 sa-

1894 2722 2091 2777 cerdos
2140 2721 2195 2775 in
2243 2732 2506 2775 asternum
2553 2722 2851 2776 sementium
2899 2721 3146 2776 ordinem
3198 2722 3488 2779 Melchise-

1894 2814 2014 2867 dec.
2046 2833 2065 2865 ι
2102 2845 2171 2853 -
2206 2831 2225 2864 ι
2266 2812 2346 2867 Ad
2380 2813 2540 2865 aliam
2587 2788 2792 2867 tribum
2838 2813 3099 2882 pertinet.
3139 2831 3157 2864 ι
3207 2813 3274 2868 Et
3321 2814 3482 2882 adeo,

1896 2906 2096 2973 inquit,
2131 2907 2190 2959 ﬁt
2214 2905 2504 2958 translatio
2535 2911 2590 2957 et
2626 2903 2936 2957 immutatio
2993 2903 3128 2974 legis
3169 2920 3235 2958 ac
3277 2905 3483 2961 veteris

1898 2998 2234 3059 testamenti,
2272 2997 2416 3066 quod
2465 2996 2640 3064 ipsius
2679 3012 2899 3066 quoque
2939 2996 3119 3050 tribus
3165 3012 3286 3066 qua:
3326 3008 3484 3053 vetus

1899 3091 2094 3144 sortita
2135 3097 2253 3143 erat
2285 3086 2654 3144 sacerdotium
2690 3088 2829 3141 facta
2862 3088 2934 3142 sit
2962 3088 3292 3142 immutatio.
3328 3088 3457 3143 Cliri

1901 3193 2018 3237 stus
2062 3197 2300 3251 namque
2342 3180 2571 3235 alterius
2611 3190 2695 3235 cst
2736 3180 2933 3245 tribus,
2981 3189 3034 3236 et
3077 3197 3184 3236 non
3226 3179 3355 3236 Levi
3390 3180 3484 3237 sed

1897 3273 2058 3341 Iuda,
2096 3290 2217 3345 quae
2251 3274 2430 3328 tribus
2462 3271 2601 3326 Juda
2633 3289 2935 3343 nunquam,
2978 3274 3144 3327 veluti
3179 3273 3490 3329 sacerdotio

1897 3366 2327 3435 l'ungens,altari
2365 3365 2561 3420 astitit.
2598 3364 2879 3435 Siquidem
2910 3366 3289 3437 προσέσχηκεν
3313 3366 3487 3436 signi-

1900 3461 2052 3525 ﬁcat,
2082 3460 2291 3525 Astitit,
2319 3467 2413 3512 aut
2444 3457 2690 3513 Accessit
2722 3476 2737 3525 ;
2763 3475 2887 3512 nam
2914 3466 3178 3528 quantum
3215 3459 3280 3511 ad
3316 3459 3488 3512 sacri-

1898 3551 2196 3613 ﬁcandum,
2220 3550 2423 3619 inquit,
2452 3564 2732 3618 nunquam
2760 3548 2825 3603 ad
2851 3550 3023 3603 altare
3042 3550 3278 3604 accessit
3313 3550 3489 3604 tribus

1897 3643 2058 3700 Juda.
2100 3662 2117 3695 ι
2156 3641 2313 3708 Quod
2356 3656 2421 3695 ex
2463 3638 2605 3695 Juda
2643 3647 2869 3694 exortus
2902 3640 2974 3694 sit
3010 3638 3297 3695 Dominus.
3339 3658 3358 3692 ι
3401 3640 3491 3695 Di-

1898 3737 2131 3793 etionem
2163 3733 2560 3800 ἀνατέταλκεν,
2581 3731 2635 3785 id
2671 3743 2775 3797 est,
2807 3731 3049 3787 Exortus
3081 3741 3186 3799 est,
3221 3741 3343 3803 apte
3371 3732 3487 3787 for-

1899 3833 2099 3876 matam
2140 3822 2405 3876 habemus
2454 3820 2520 3874 ad
2576 3821 2913 3875 nativitatem
2960 3822 3267 3876 Salvatoris
3307 3822 3487 3876 nostri

1898 3915 2016 3971 Dei.
2083 3934 2100 3965 ι
2144 3913 2223 3968 Ad
2270 3927 2432 3982 quam
2470 3912 2675 3966 tribum
2732 3911 2868 3965 nihil
2912 3912 3059 3966 circa
3115 3912 3488 3967 sacerdotium

1898 4008 2087 4061 retulit
2126 4005 2324 4061 Moses.
2371 4024 2389 4054 ι
2449 4001 2731 4074 Siquidem
2779 4003 2847 4057 ad
2886 4004 3089 4059 tribum
3131 4003 3258 4060 Levi
3300 4006 3493 4061 retulit

1900 4105 2180 4153 universa.

1973 4195 2099 4279 VII,
2136 4211 2321 4265 iii-l7.
2360 4207 2526 4273 quue
2570 4210 2741 4278 magis
2781 4208 2943 4262 etiam
2999 4209 3182 4280 liquet,
3227 4211 3491 4280 siquidem

1899 4304 2065 4373 370
2105 4303 2174 4356 ad
2222 4301 2637 4357 similitudinem
2673 4300 3025 4357 Melchisedec
3065 4304 3308 4358 exoritur
3347 4305 3487 4360 alius

1900 4398 2175 4464 sacerdos,
2201 4400 2291 4470 qui
2322 4414 2426 4451 non
2445 4396 2608 4467 juxta
2647 4398 2810 4468 legem
2844 4400 3093 4467 prtccepti
3132 4398 3372 4453 carnalis
3400 4399 3490 4468 fa-

1903 4504 2017 4546 ctus
2042 4494 2133 4557 sit,
2165 4490 2256 4545 sed
2276 4490 2439 4562 juxta
2462 4489 2753 4559 potentiam
2786 4490 2905 4544 vita:
2944 4490 3356 4546 indissolubilis.
3384 4491 3488 4546 Te-

239 4572 381 4637 tt'psi
403 4576 535 4641 γὰρ,
555 4574 681 4626 Ὅτι
716 4574 796 4627 σὺ
825 4575 1018 4644 ἱερεὺς
1047 4577 1135 4639 εἰς
1156 4573 1261 4628 τὸν
1288 4574 1474 4630 αἰῶνα
1507 4579 1656 4632 κατὰ
1681 4580 1794 4649 τὴν

1903 4586 2169 4655 sti/icatur
2211 4585 2350 4638 enim
2388 4583 2457 4636 aa'
2496 4584 2632 4635 Imm:
2662 4581 2876 4638 modum
2914 4599 2931 4637 :
2967 4583 3046 4637 Tu
3070 4600 3122 4637 es
3152 4587 3402 4640 sacerdos
3431 4586 3490 4639 iu

238 4659 387 4726 τάξιν
417 4665 817 4736 Μελχισεδέκ.

297 4756 394 4810 Καὶ
424 4760 485 4812 ού
519 4763 702 4830 μόνον,
738 4764 927 4831 φησὶν,
960 4764 1111 4821 ἔνθεν
1137 4767 1309 4840 δῆλον,
1329 4772 1478 4824 ἐστιν
1510 4770 1595 4822 ὅτι
1632 4768 1794 4838 ἐνηλ-

239 4842 356 4918 λάγη
384 4851 417 4922 ἦ
466 4870 526 4905 τε
561 4854 786 4923 λατρεία
836 4858 988 4929 καὶὴ
1020 4859 1253 4934 διαθήκη
1286 4863 1350 4916 ἐκ
1388 4862 1482 4915 τοῦ
1506 4862 1563 4927 ἐξ
1602 4862 1797 4931 ἐτέρας

242 4939 390 5010 φυλῆς
444 4944 540 4996 καὶ
578 4944 640 4997 οὐ
691 4946 791 5014 τῆς
843 4946 938 4999 τοῦ
977 4947 1110 5001 Acut
1164 4944 1305 5003 εἶναι
1339 4950 1429 5002 τὸν
1485 4950 1797 5003 ἀναστάντα

242 5029 387 5100 ἱερέα,
422 5037 562 5091 ὀλλά
610 5037 707 5090 καὶ
756 5038 817 5103 ἐξ
870 5041 1084 5094 ἐκείνου
1131 5042 1412 5113 περισσῶς
1456 5041 1615 5113 δῆλόν
1657 5042 1793 5098 ἐστι.

245 5120 379 5178 Ποίου
409 5128 641 5193 τούτου;
676 5130 771 5183 Ἐκ
811 5129 904 5183 τοῦ
941 5132 1082 5185 κατὰ
1116 5132 1213 5203 τὴν
1255 5132 1409 5197 τάξιν
1439 5134 1844 5203 ΜελχισεδὲκΓ

244 5218 318 5268 καὶ
340 5219 397 5271 ού
431 5221 571 5274 κατᾶ
608 5220 705 5292 τὴν
739 5222 833 5276 τοῦ
864 5224 1033 5277 πάλαι
1069 5225 1261 5295 ἱερέως
1304 5224 1520 5297 Ἀαρὼν
1547 5224 1798 5294 γενέσθαι

242 5304 369 5378 ἱερέα
402 5313 495 5364 τὸν
524 5313 784 5383 Χριστόν.
809 5318 856 5377 ιι
893 5315 955 5369 Ei
996 5317 1138 5370 κατὰ
1176 5316 1275 5389 τὴν
1307 5318 1623 5388 ὁμοιότητα.
1663 5337 1681 5369 ›
1726 5317 1799 5369 Τὸ

239 5399 298 5463 εἰ.
328 5402 446 5457 ἀντὶ
474 5404 592 5469 τοῦ,
620 5405 732 5472 ὅτι,
759 5408 997 5476 νοήσεις,
1021 5409 1191 5480 ἤγουν
1219 5408 1453 5472 ἐπειδή·
1486 5409 1619 5462 ὡσεὶ
1653 5405 1794 5462 εἶπε·

241 5490 333 5547 Καὶ
369 5498 435 5550 ὲκ
463 5498 657 5553 τούτου
699 5499 1004 5572 κατάδηλός
1037 5505 1186 5555 ἐστιν
1215 5504 1249 5575 ἦ
1282 5519 1341 5555 τε
1369 5502 1658 5575 ἐναλλαγὴ,
1705 5503 1800 5556 καὶ

239 5582 265 5652 ἡ
295 5588 580 5654 μετάθεσις
612 5590 712 5662 τῆς
749 5593 986 5657 παλαιᾶς
1014 5593 1298 5666 διαθήκης.
1331 5591 1467 5648 Εἶτα
1514 5596 1658 5649 κατὰ
1700 5595 1799 5668 τὴν

240 5674 533 5750 ὁμοιότητα.
575 5680 817 5754 Ἐπειδὴ,
857 5685 1013 5753 φησὶ,
1050 5685 1193 5738 κατὰ
1238 5686 1338 5753 τὴν
1375 5686 1672 5756 ὁμοιότητα
1704 5685 1797 5737 τοῦ

241 5762 554 5840 Μελχισεδὲκ
575 5773 861 5827 ἀνίσταται
890 5777 1090 5847 ἱερεὺς,
1113 5777 1206 5829 καὶ
1234 5777 1297 5828 οὐ
1323 5778 1464 5829 κατὰ
1493 5777 1591 5848 τὴν
1616 5778 1799 5846 ὁμοιό-

242 5872 359 5930 τητα
390 5862 621 5935 Ἀαρών.
660 5885 679 5918 ι
712 5868 807 5932 Ὃς
838 5868 897 5921 οὐ
924 5869 1064 5923 κατὰ
1093 5868 1257 5939 νόμον
1282 5868 1503 5939 ἐντολῆς
1528 5887 1589 5922 σα
1603 5873 1763 5943 ρκικῆ
1772 5890 1797 5936 ς

1901 4690 2157 4735 wternum
2187 4677 2474 4731 secundum
2495 4677 2733 4730 ordinent
2758 4675 2813 4729 Μ
2820 4675 3134 4730 elcltisedec.

1970 4773 2160 4839 Neque
2188 4770 2317 4824 hinc
2350 4770 2528 4824 solum
2550 4769 2719 4836 liquet
2750 4769 3098 4823 immutatum
3128 4783 3251 4825 esse
3274 4770 3488 4825 cultum

1900 4872 1955 4918 et
2008 4869 2398 4917 testamentum
2425 4900 2441 4924 ,
2486 4859 2633 4930 quod
2686 4875 2751 4914 ex
2795 4860 2902 4913 alia
2950 4860 3095 4915 tribu
3152 4876 3316 4931 quam
3358 4860 3489 4916 Levi

1901 4965 2129 5019 exedas
2160 4955 2325 5013 fuerit
2354 4954 2641 5016 sacerdos,
2674 4953 2768 5008 sed
2796 4969 2860 5007 ex
2893 4955 2986 5009 illo
3021 4970 3239 5025 quoque
3273 4955 3492 5011 abunde

1903 5046 2252 5101 manifestum
2297 5054 2401 5099 est.
2444 5044 2519 5097 Ex
2546 5060 2656 5115 quo
2687 5045 2829 5099 illo?
2869 5043 3025 5111 Quod
3057 5048 3362 5103 secundum
3409 5063 3493 5102 or-

1902 5137 2085 5191 dinem
2147 5135 2535 5198 Melchiscdec,
2599 5142 2653 5188 et
2712 5151 2822 5188 non
2879 5137 3183 5191 secundum
3241 5138 3491 5193 ordinem

1903 5223 2101 5278 veteris
2139 5222 2446 5277 sacerdotis
2478 5222 2663 5276 Aaron
2696 5223 2874 5277 lactus
2905 5225 2979 5279 sit
3010 5226 3266 5283 Christus
3306 5242 3489 5283 sacer-

1903 5318 2022 5371 dos.
2075 5334 2094 5368 ι
2143 5315 2426 5385 Siquidem
2504 5314 2570 5368 ad
2649 5315 3092 5374 similitudinem.
3135 5338 3153 5372 ι
3231 5318 3366 5374 Nam
3416 5322 3490 5384 ει,

1904 5411 1958 5465 id
1987 5418 2090 5474 cst,
2113 5409 2183 5471 si,
2212 5424 2313 5479 pro
2340 5409 2413 5463 ὄπ
2447 5408 2503 5464 id
2533 5418 2617 5465 est
2647 5414 2897 5480 quoniam
2929 5413 3012 5468 vel
3065 5413 3489 5484 quandoquidem

1905 5501 2284 5571 accipiendum
2322 5510 2444 5569 est;
2487 5509 2747 5572 tanquam
2788 5506 2997 5561 diceret
3033 5523 3045 5575 ς
3091 5505 3263 5559 Etiam
3290 5520 3359 5559 ex
3385 5506 3492 5561 hoc

1905 5594 2192 5651 manifesta
2226 5602 2309 5649 est
2349 5596 2657 5651 immutatio
2696 5607 2745 5651 et
2778 5598 3066 5653 translatio
3096 5599 3298 5653 veteris
3324 5606 3493 5654 testa-

1904 5686 2098 5751 menti,
2141 5687 2402 5756 quoniam
2443 5688 2599 5758 juxta
2665 5687 3080 5743 similitudinem
3130 5689 3492 5748 Melchisedec

1904 5778 2153 5849 exsurgit
2181 5781 2458 5843 sacerdos,
2476 5787 2529 5834 et
2549 5780 2821 5849 nonjuxta
2849 5780 3256 5836 similitudinem
3283 5782 3489 5843 Aaron.

1908 5889 1928 5924 ι
1959 5870 2062 5936 Qui
2089 5886 2198 5927 non
2221 5870 2377 5941 juxta
2398 5872 2567 5942 legem
2591 5875 2846 5943 praecepti
2871 5873 3108 5931 carnalis
3135 5873 3313 5931 factus
3337 5876 3427 5932 sit.
3466 5894 3486 5929 ι
