3918 6572
486 331 594 395 359

1582 324 1979 388 (ECUMENlI
2010 320 2303 384 TRICC/E
2336 319 2678 382 EPISCOPI
3608 330 3712 391 ϐω

488 441 915 510 tur?Quomo‘do
931 441 1075 498 enim
1101 440 1171 495 de
1198 437 1484 494 divinitate
1506 434 1738 500 diceret.
1760 433 2032 490 innocens
2059 452 2074 500 ;

2195 434 2346 501 ςτοῦ;
2382 432 2503 495 Πῶς
2534 431 2643 501 γὰρ
2686 428 2753 483 ἀν
2788 427 2943 495 ἔλεγε
2974 423 3104 497 περὶ
3133 422 3232 494 τῆς
3274 423 3536 497 θεότητος,
3566 435 3713 496 "Am-

486 537 593 592 hoc
626 541 734 601 est,
766 534 972 605 absque
1007 533 1134 588 dolo
1159 532 1182 586 ?
1211 531 1301 585 Ait
1322 529 1466 583 enim
1495 536 1548 583 et
1573 528 1699 582 alibi
1723 527 1789 583 de
1807 526 2029 582 Christo
2054 544 2072 582 :

492 649 511 682 ι
545 627 732 700 Neque
779 626 938 682 dolus
992 627 1250 680 inventus
1301 631 1388 678 est
1433 621 1490 675 in
1546 634 1642 675 ore
1694 621 1816 690 ejus
1849 619 1915 674 ⁸⁸.
1946 637 1965 671 ι
2007 648 2077 659 -

490 738 513 773 ί
555 717 856 774 Sublimior
904 714 1058 771 cmlis
1108 715 1356 770 eﬁ‘ectus.
1406 732 1425 765 ι
1471 711 1752 782 Siquidem
1791 711 1858 766 ad
1897 712 2073 781 ipsum

489 809 733 866 ascendit
764 807 1057 863 Paternum
1094 806 1373 860 thronum.
1408 804 1567 872 Quod
1594 813 1776 859 autem
1811 808 1909 866 ait,
1930 802 2078 873 ‘Eﬂe-

489 911 636 969 ctus,
685 916 751 954 an
789 916 899 954 non
932 899 1136 953 clamat
1165 896 1313 966 quod
1345 896 1413 953 de
1450 912 1619 955 carne
1654 897 1829 966 ipsius
1854 897 1968 951 lucc
1996 896 2078 949 lo-

490 991 740 1063 quatur?
778 992 923 1045 Deus
969 1004 1208 1059 namque
1234 988 1472 1059 Verbum
1529 1003 1746 1058 semper
1782 988 1886 1042 luit
1923 986 2078 1042 (telis

493 1086 803 1141 sublimior.
843 1103 861 1136 ‹
909 1083 1007 1139 Cui
1062 1098 1168 1136 non
1201 1081 1273 1136 sit
1313 1080 1559 1152 quotidie
1601 1096 1846 1136 necesse.
1891 1099 1908 1132 ι
1960 1080 2077 1133 Non

490 1175 610 1230 ideo
662 1176 839 1229 solum
898 1174 1160 1244 praecellit
1194 1172 1505 1227 Judaaorum
1563 1174 1874 1227 sacerdotes
1932 1169 2079 1240 quod

490 1267 609 1321 sine
644 1273 865 1336 peccato
903 1267 999 1332 sit,
1048 1281 1240 1321 verum
1277 1266 1441 1321 etiam
1488 1280 1518 1318 a
1561 1266 1723 1319 modo
1773 1262 2025 1319 sacriﬁcii
2061 1275 2074 1316 :

420 1406 423 1409 .
489 1358 615 1427 quia
659 1372 769 1411 non
822 1341 923 1427 pro
971 1357 1154 1426 seipso
1197 1355 1434 1427 primum
1486 1354 1665 1422 oll'crt,
1710 1354 1910 1410 deinde
1981 1370 2079 1424 pro

488 1448 731 1516 peccatis
784 1447 991 1519 p0puli.
1039 1456 1093 1501 et
1141 1446 1288 1516 quod
1338 1446 1558 1500 unicam
1596 1446 1874 1500 Victimam
1910 1444 2079 1499 semel

490 1540 751 1592 obtulerit
784 1554 885 1609 pro
921 1539 1098 1594 solius
1130 1538 1313 1608 populi
1348 1539 1613 1609 peccatis.
1662 1557 1679 1589 ι
1707 1535 2080 1604 Quemadmo-

491 1627 620 1681 dum
654 1628 1004 1697 pontiﬁcibus
1035 1645 1050 1694 ;
1091 1646 1109 1679 ι
1149 1625 1462 1682 Judaeornm
1497 1628 1773 1683 videlicet.
1806 1644 1825 1677 ι
1863 1625 1996 1680 Nam
2025 1626 2078 1680 id

492 1717 621 1773 fecit
655 1719 845 1773 semcl.
887 1737 905 1769 ι
939 1719 1019 1784 ld,
1057 1718 1316 1788 quidnam
1344 1719 1366 1773 ?
1398 1719 1470 1776 Ut
1502 1734 1600 1790 pro
1627 1719 1810 1789 populi
1840 1718 2079 1787 peccatis

2184 542 2299 590 κος,
2340 524 2618 576 τουτέστιν
2657 520 2880 586 ἄδολος;
2918 538 2936 571 ι
2964 518 3076 571 Ka't
3107 515 3255 580 δόλος
3280 517 3407 590 γὰρ,
3439 525 3610 593 φησιν,
3634 533 3715 604 οὐχ

2183 616 2384 688 εὑρέθη
2412 618 2469 669 ὲν
2498 614 2576 684 τῷ
2603 614 2833 683 στόματι
2865 608 3053 664 αὐτοῦ.
3082 628 3101 661 δ
3133 637 3200 650 -—
3227 627 3243 660 ι
3267 610 3605 686 Ὑψηλότερος
3626 625 3715 676 τάν

2183 708 2426 779 οὐρανῶν
2456 706 2771 775 γενόμενος.
2808 722 2827 756 ι
2885 704 2979 766 Εἰς
3012 702 3175 755 αὑτὸν
3206 703 3312 772 γὰρ
3342 705 3430 758 τὸν
3477 708 3715 779 Πατρικδν

2184 804 2410 858 ἐκάθισε
2453 801 2664 873 θρόνον.
2700 799 2774 852 Τὸ
2818 797 2898 862 δὲ,
2929 795 3250 867 Γενόμενος,
3281 797 3339 849 οὐ
3390 799 3482 870 βοᾷ
3508 803 3582 855 ὅτι
3612 812 3718 877 περὶ

2184 896 2281 964 τῆς
2317 893 2520 963 σαρκὸς
2570 888 2735 944 αὐτοῦ
2770 887 2943 943 ταῦτα
2977 888 3158 956 λέγει;
3186 888 3213 938 ὀ
3263 894 3369 958 γὰρ
3411 891 3533 955 Θείς
3555 895 3719 963 Λόγος,

2183 982 2252 1057 ἦν
2282 986 2367 1039 ἀεὶ
2404 984 2734 1054 ὑψηλότερος
2757 981 2865 1034 τῶν
2895 979 3163 1051 οὐρανῶν.
3202 998 3220 1031 ι
3251 981 3343 1041 Ὃς
3372 982 3466 1033 οὐκ
3492 984 3592 1053 ἔχει
3618 990 3718 1041 καθ’

2188 1081 2403 1152 ἡμέραν
2442 1078 2711 1148 ἀνάγκην.
2751 1097 2771 1130 ι
2805 1078 2880 1130 Οὐ
2927 1076 3110 1147 μόνον,
3145 1076 3332 1144 φησιν,
3360 1077 3463 1128 ἀπὶ)
3490 1078 3577 1131 τοῦ
3608 1084 3719 1135 ἀνα-

2190 1174 2466 1244 μάρτητον
2527 1172 2690 1224 αὑτὸν
2723 1166 2863 1223 εἶναί
2925 1170 3077 1221 ἐστιν
3118 1170 3158 1238 ,ἡ
3189 1167 3418 1237 διαφορά
3460 1170 3582 1239 πρὸς
3619 1176 3720 1239 τοὺς

2201 1267 2470 1320 Ἰουδαίων
2506 1266 2709 1336 ἱερέας,
2747 1264 2880 1317 ἀλλὰ
2911 1264 3004 1320 καὶ
3037 1263 3146 1317 ἀπὸ
3177 1261 3271 1314 τοῦ
3298 1262 3493 1332 τρόπου
3520 1266 3610 1333 τῆς
3647 1270 3721 1322 θυ-

2190 1358 2334 1424 σίας,
2349 1359 2431 1411 ὅτι
2451 1358 2550 1427 οὐχ
2573 1356 2711 1428 ὑπὲρ
2737 1356 2933 1410 ἑαυτοῦ
2959 1356 3292 1427 προσφέρειν
3312 1354 3539 1425 πρῶτον,
3562 1357 3722 1414 ἔπειτα

2189 1452 2328 1522 ὑπὲρ
2371 1450 2464 1504 τοῦ
2500 1450 2650 1515 λαοῦ,
2705 1451 2799 1503 καὶ
2828 1451 2908 1503 ὅτι
2953 1448 3103 1513 ἆπαξ
3155 1450 3379 1519 ἐποίησε
3423 1448 3517 1518 τὴν
3562 1449 3723 1506 θυσίαν

2190 1544 2330 1614 ὑπὲρ
2364 1544 2456 1596 τοῦ
2487 1542 2619 1597 λαοῦ
2663 1545 2844 1611 μόνον.
2874 1561 2892 1592 ι
2920 1543 3134 1610 Ὥσπερ
3163 1543 3209 1594 οἱ
3253 1543 3543 1612 ἀρχιερεῖς.
3579 1562 3595 1594 ι
3625 1546 3724 1599 Τῶν

2201 1637 2475 1692 Ἰουδαίων
2500 1636 2724 1708 δηλαδή.
2765 1656 2783 1688 ι
2812 1636 2982 1690 Τοῦτο
3013 1636 3120 1707 γὰρ
3163 1634 3421 1705 ἐποίησεν
3468 1637 3678 1704 ἐφάπαξ.
3702 1659 3719 1691 ι

2188 1731 2379 1786 Τοῦτο.
2415 1732 2572 1784 Ποῖον
2598 1747 2619 1796 ;-
2649 1730 2711 1783 τὸ
2770 1728 2913 1801 ὑπὲρ
2957 1728 3051 1784 τοῦ
3101 1727 3232 1782 λαοῦ
3267 1728 3546 1797 ἀνενέγκαι
3594 1731 3728 1786 αὑτὸν

494 1813 853 1880 semetipsum
891 1810 1111 1865 otl‘errct
1138 1810 1421 1864 victimam
1455 1829 1470 1867 :
1501 1826 1627 1864 nam
1655 1825 1753 1880 pro
1790 1810 1977 1880 seipso
2017 1824 2085 1865 ne

2195 1821 2405 1877 θυσίαν.
2460 1820 2633 1892 ’Υπὲρ
2666 1821 2776 1892 γὰρ
2825 1818 3044 1886 ἑαυτοῦ,
3086 1818 3213 1873 οὗτε
3246 1819 3396 1886 ἅπαξ
3443 1823 3727 1890 πεποίηκεν.

495 1904 663 1960 semel
695 1902 917 1972 quidem
951 1902 1103 1956 fecit.
1136 1899 1325 1971 Neque
1348 1901 1492 1955 enim
1516 1915 1656 1971 Opus
1690 1901 1766 1955 illi
1800 1900 1924 1967 fuit,
1955 1916 2078 1955 cum

493 2012 729 2069 peccare
760 2012 867 2049 non
900 2001 1107 2063 posset,
1130 2003 1186 2048 ut
1213 2008 1312 2063 pro
1335 1994 1518 2063 seipso
1542 1992 1783 2047 oll'erret.
1812 1991 1889 2047 Nc
1917 1993 2085 2063 igitur

493 2102 619 2142 cum
652 2083 962 2154 pontiﬁcem
994 2099 1117 2138 eum
1143 2083 1325 2147 audis,
1351 2084 1633 2138 existimes
1655 2084 1833 2153 ipsum
1866 2099 2084 2153 semper

496 2178 833 2233 sacriﬁcare.
889 2164 1171 2244 Siquidem
1221 2175 1314 2229 ubi
1362 2175 1529 2230 semel
1576 2176 1678 2229 hoc
1727 2176 1969 2241 fecisset,
2020 2181 2084 2228 :ul

440 2296 443 2299 ·
500 2271 800 2326 Paternum
838 2268 1088 2323 ascendit
1133 2269 1430 2335 thronum;
1470 2267 1708 2321 ministri
1760 2283 1996 2338 namque
2033 2274 2086 2322 et

494 2360 800 2427 sacerdotis
833 2368 918 2415 est
958 2371 1106 2415 stare
1142 2377 1157 2414 :
1200 2359 1393 2414 sedere
1438 2374 1570 2414 vero
1616 2358 1894 2430 signiﬁcat
1940 2362 2086 2431 quod

497 2453 664 2509 semel
693 2453 926 2507 hostiam
955 2452 1267 2519 adduxerit,
1311 2469 1508 2524 nempe
1543 2454 1824 2523 proprium
1858 2468 2084 2524 corpus,

498 2556 562 2597 ac
595 2540 944 2613 postmodum
970 2544 1196 2610 sederit,
1223 2554 1281 2598 ut
1306 2544 1412 2599 sibi
1432 2545 1778 2600 ministretur
1813 2545 1883 2602 ab
1908 2546 2091 2601 incor—

504 2634 689 2703 poreis
729 2634 1119 2705 potestatibus.
1170 2654 1190 2688 ι
1222 2635 1503 2705 Siquidem
1535 2636 1621 2691 lex
1665 2636 1918 2692 homines
1951 2654 2089 2693 con-

501 2728 701 2781 stituit.
738 2744 757 2779 ›
804 2724 872 2780 Et
901 2741 1072 2797 quare
1107 2741 1215 2781 non
1248 2726 1351 2782 fuit
1393 2727 1473 2781 illi
1516 2742 1743 2784 necesse
1782 2744 1882 2799 pro
1906 2731 2090 2801 seipso

503 2820 715 2874 hostias
753 2820 971 2884 oll'erre,
1003 2835 1181 2890 neque
1219 2822 1421 2889 smpius
1450 2836 1548 2891 pro
1582 2823 1784 2893 papulo
1827 2827 2092 2892 quemad-

500 2912 721 2968 modum
765 2913 1075 2982 pontifices,
1125 2913 1221 2968 sed
1263 2914 1399 2969 satis
1436 2914 1541 2969 luit
1570 2916 1740 2971 semel
1780 2916 2094 2973 obtulisse?

501 3001 732 3071 Quare?
777 3001 918 3072 Quia
962 3003 1285 3060 sacerdotes
1331 3004 1553 3074 quidem
1588 3021 1619 3059 a
1654 3006 1774 3076 lege
1821 3007 2093 3077 designati

503 3103 729 3164 peccato
756 3095 977 3148 obnoxii
1005 3106 1159 3162 sunt,
1191 3096 1313 3151 ideo
1346 3111 1566 3167 semper
1606 3097 1717 3153 illis
1743 3114 1881 3169 opus
1912 3109 1998 3155 est
2040 3109 2095 3156 ct

503 3199 607 3257 pro
636 3185 750 3239 suis
778 3191 833 3238 et
862 3201 961 3254 pro
990 3186 1178 3256 populi
1205 3187 1447 3257 peccatis
1475 3185 1675 3242 oll'erre
1699 3189 1931 3244 hostias.
1952 3190 2096 3262 Deus

506 3287 688 3332 autem
725 3293 822 3346 per
849 3278 1241 3349 jusjurandum
1291 3287 1419 3350 post
1452 3280 1625 3350 legem
1662 3280 1893 3349 factum,
1933 3283 2095 3339 Chri-

508 3378 653 3423 stum
702 3369 874 3424 ﬁlium
923 3387 1084 3427 suum
1125 3382 1370 3429 crealmn
1418 3376 1754 3445 pontiﬁcem,
1811 3377 2098 3432 constituit

507 3459 850 3514 sacerdotem
904 3473 1372 3533 consummatum,
1403 3480 1582 3534 neque
1618 3466 1854 3543 similem
1900 3467 1969 3523 iis
2001 3467 2096 3537 qui

504 3550 664 3621 juxta
719 3553 891 3622 legem
935 3564 1199 3611 creantur
1245 3556 1650 3621 sacerdotibus,
1703 3557 1869 3631 374Ι
1905 3574 2099 3629 nempe

509 3644 868 3700 imbecillitati
918 3660 983 3700 ac
1036 3657 1263 3718 peccato
1284 3648 1606 3718 obnoxium,
1630 3651 1724 3707 sed
1771 3652 1939 3706 semel
1980 3661 2100 3706 tan-

505 3751 672 3808 quam
705 3734 901 3790 Filium
934 3737 1028 3792 Dei
1076 3754 1140 3793 ac
1173 3740 1342 3796 Deum
1372 3782 1387 3798 .
1442 3760 1461 3794 ι
1493 3742 1686 3797 Filium
1722 3744 2010 3799 constituit
2045 3745 2096 3799 in

506 3836 770 3883 aeternum
809 3839 1278 3888 consummatum.
1333 3851 1352 3884 ι
1384 3832 1520 3887 Nam
1551 3850 1580 3888 a
1611 3837 1889 3891 communi
1934 3838 2097 3892 intel-

509 3920 651 3976 lectu
682 3920 989 3977 Constituit
1018 3922 1389 3994 supplendum
1419 3936 1524 3982 est.
1548 3926 1868 3995 Constituit,
1897 3929 2096 4001 inquit,

509 4012 851 4067 sacerdotem
894 4014 947 4068 in
998 4025 1264 4070 aeternum
1307 4027 1795 4077 consummatum:
1839 4021 1943 4076 hoc
1989 4033 2096 4087 est,

509 4120 618 4158 non
658 4106 749 4172 qui
788 4121 934 4161 nunc
959 4114 1174 4162 tantum
1207 4109 1278 4163 sit
1317 4110 1439 4167 sine
1478 4120 1727 4181 peccato,
1771 4114 1866 4169 sed
1894 4122 1949 4169 et
1975 4115 2100 4170 talis

508 4193 562 4247 in
601 4205 925 4266 perpetuum
957 4195 1179 4254 futurus
1211 4208 1317 4255 est.
1354 4199 1411 4256 Si
1453 4217 1585 4272 ergo
1630 4211 1684 4258 et
1732 4203 1907 4259 Filius
1938 4214 2022 4260 est
2047 4214 2101 4259 ct

509 4286 566 4340 in
592 4296 856 4343 arternum
896 4301 1336 4359 consummatus,
1383 4309 1546 4364 quam
1581 4295 1652 4349 ob
1695 4310 1915 4349 causam
1950 4294 2099 4349 lutu-

513 4393 639 4432 rnm
672 4390 819 4435 esset
852 4391 912 4436 ut
948 4381 1024 4435 illi
1060 4397 1199 4453 apus
1219 4396 1368 4439 esset
1399 4385 1588 4439 multis
1613 4385 1945 4439 sacriﬁciis?

2186 1916 2261 1969 οὐ
2292 1916 2401 1988 γὰρ
2428 1917 2623 1979 ἐδεῖτο,
2655 1914 3044 1984 ἀναμάρτητος
3070 1912 3168 1979 ὢν,
3189 1911 3536 1982 ὑπὲρὲαυτοῦ
3557 1914 3731 1981 ἀναγα-

2187 2012 2334 2078 γεῖν.
2380 2010 2473 2077 Μὴ
2513 2009 2696 2063 τοίνυν
2751 2005 3020 2078 ἀρχιερέα
3066 2004 3230 2059 αὐτὸν
3278 2004 3524 2069 ἀκούων,
3571 2005 3731 2077 νόμιζε

2187 2099 2353 2154 αὐτὸν
2381 2099 2471 2153 ἀεὶ
2504 2098 2775 2169 ἱερᾶσθαι.
2808 2097 2920 2153 Καὶ
2950 2096 3060 2165 γὰρ
3100 2094 3263 2149 τοῦτο
3314 2096 3542 2165 ποιήσας
3589 2096 3731 2164 τιπαξ,

2189 2193 2378 2249 λοιπὸν
2407 2195 2487 2257 είς
2518 2192 2611 2246 τὸν
2642 2189 2921 2261 Πατρικὸν
2947 2188 3172 2244 ἐκάθισε
3207 2187 3418 2258 θρόνον.
3445 2189 3733 2259 Λειτουργυῦ

2191 2287 2292 2357 μὲν
2339 2286 2449 2356 γὰρ
2500 2286 2596 2342 καὶ
2634 2284 2844 2355 ἱερέως,
2880 2283 2942 2337 τὸ
2988 2283 3237 2336 ἑστάναι.
3273 2281 3348 2334 Τὸ
3391 2280 3447 2334 δι
3494 2280 3733 2348 καθῆσθαι

2188 2379 2339 2450 δηλοῖ
2365 2380 2448 2433 ὅτι
2483 2377 2635 2443 ἅπαξ
2681 2376 2779 2448 τὴν
2809 2374 3005 2429 θυσίαν
3036 2374 3417 2446 προσαγαγὼν
3437 2412 3450 2438 ,
3503 2374 3734 2437 τουτέστι,

2189 2472 2252 2526 τὸ
2287 2471 2419 2526 ἴδιον
2477 2470 2637 2542 σῶμα
2664 2508 2681 2535 ,
2736 2469 2923 2523 λοιπὸν
2943 2467 3246 2523 κεκάθικεσ
3298 2465 3737 2538 Λειτουργοῦμενος

2192 2565 2299 2619 ὑπὸ
2330 2564 2438 2618 τῶν
2487 2563 2800 2633 ἀσωμάτων
2832 2560 3138 2633 δυνάμεων.
3175 2578 3194 2611 ι
3244 2559 3306 2613 '0
3336 2558 3496 2628 νόμος
3524 2559 3622 2628 γὰρ
3659 2561 3737 2613 ἀν-

2192 2656 2446 2728 θρώπους
2476 2655 2818 2727 καθίστησιν.
2851 2671 2871 2705 ι
2906 2653 3018 2706 Καὶ
3045 2651 3194 2715 τίνος
3220 2651 3411 2704 ἕνεκεν
3434 2651 3528 2704 οὐκ
3549 2648 3737 2720 ἐδεήθη,

2193 2749 2379 2819 φησιν,
2405 2748 2546 2819 ὑπὲρ
2570 2745 2766 2800 ἑαυτοῦ
2793 2744 2986 2799 θυσίαν
3008 2745 3341 2813 ἀναγαγεῖν,
3369 2743 3488 2796 οὐδὲ
3510 2742 3638 2814 ὑπὲρ
3661 2742 3737 2795 τοῦ

2192 2842 2324 2895 λαεῦ
2363 2840 2625 2903 πολλάκις
2653 2837 2845 2908 ῶσπερ
2893 2838 2945 2890 οἱ
2983 2836 3287 2907 ἀρχιερεῖς,
3322 2834 3455 2888 ἀλλὰ
3487 2834 3624 2900 ἅπαξ
3662 2834 3741 2887 ἀνα

2194 2935 2426 3001 ενέγκας
2454 2930 2736 3002 ἠρκέσθης
2765 2931 2863 2985 Διὰ
2892 2929 2946 2982 τί
2970 2947 2985 2996 ;
3010 2929 3132 2982 Ὅτι
3157 2929 3211 2981 oi
3235 2928 3334 2999 μὲν
3357 2927 3465 2981 ἀπὸ
3490 2926 3577 2978 τοῦ
3602 2927 3739 2997 νόμου

2196 3026 2628 3098 προϐαλλόμενοι
2662 3026 2850 3095 ἱερεῖς,
2888 3022 2995 3076 ὑπὸ
3041 3021 3329 3093 ἁμαρτίας
3359 3021 3484 3075 εἰσί.
3516 3020 3599 3072 Διὸ
3623 3019 3743 3073 δέον·

2196 3139 2289 3174 ται
2326 3120 2417 3174 ἀεὶ
2460 3117 2604 3187 ὑπέρ
2656 3134 2715 3171 τε
2762 3116 2973 3172 ἑαυτῶν
3010 3115 3109 3170 καὶ
3161 3114 3261 3168 τοῦ
3301 3112 3434 3166 λαοῦ
3486 3114 3742 3182 ἀναφέρειν

2200 3215 2417 3270 θυσίαν.
2460 3212 2518 3265 '0
2554 3211 2613 3264 δὲ
2661 3209 2795 3273 Θεὸς
2838 3209 2927 3264 διὰ
2961 3207 3064 3277 τῆς
3108 3207 3463 3279 ὁρκωμοσίας
3499 3207 3592 3276 τῆς
3630 3205 3743 3276 μετὰ

2196 3308 2288 3361 τὸν
2338 3306 2504 3374 νόμον
2548 3303 2851 3374 γενομένης
2900 3301 3349 3373 προϐαλλόμενος
3390 3299 3636 3370 ἀρχιερέα
3672 3296 3743 3349 τὸν

2198 3399 2437 3470 Χριστὸν
2478 3399 2607 3451 Υἰὸν
2656 3398 2807 3462 ὄντα,
2847 3397 3012 3450 αὐτὸν
3041 3394 3390 3465 κατέστησεν
3446 3392 3586 3465 ἱερέα
3622 3406 3747 3443 τετε-

2198 3490 2520 3559 λειωμένον,
2557 3489 2650 3542 καὶ
2695 3487 2770 3559 μὴ
2818 3487 2918 3558 τὴν
2960 3488 3082 3558 ἴσην
3136 3488 3260 3550 τοῖς
3288 3486 3433 3539 κατὰ
3486 3484 3570 3537 τὸν
3608 3482 3745 3550 νόμον

2201 3583 2409 3654 ἱερεῦσι
2440 3582 2825 3653 περικείμενον
2856 3580 3142 3635 ἀσθένειαν
3183 3579 3282 3632 καὶ
3312 3579 3599 3650 ἁμαρτίαν,
3625 3573 3749 3638 ἀπαξ

2197 3677 2273 3742 ὡς
2314 3677 2441 3732 Υἱὺν
2483 3675 2620 3729 Θεοῦ
2674 3677 2768 3729 καὶ
2794 3675 2949 3728 Θεόν.
2983 3691 3001 3725 ι
3025 3674 3121 3737 Εἰς
3157 3674 3253 3726 τὸν
3298 3671 3471 3727 αἰῶνα
3500 3669 3745 3723 τετελειω-

2205 3771 2387 3841 μένον.
2416 3789 2434 3821 ι
2468 3768 2606 3823 Ἀπὸ
2629 3767 2833 3832 κοινοῦ,
2866 3766 3249 3833 Καθίστησιν
3273 3765 3455 3832 ἱερέα,
3493 3762 3665 3831 φησιν,
3685 3761 3749 3822 εἰς

2201 3866 2294 3918 τὸν
2316 3863 2491 3917 αἰῶνα
2517 3861 2960 3931 τετελειωμένον,
2980 3857 3293 3924 τουτέστιν,
3319 3857 3382 3909 οὐ
3408 3853 3501 3907 νῦν
3526 3854 3645 3907 ὄντα
3674 3849 3750 3920 μό-

2200 3973 2292 4010 νον
2326 3956 2737 4026 ἀναμάρτητον,
2771 3951 2909 4005 ἀλλά
2945 3951 3040 4005 καὶ
3069 3950 3149 4012 εἰς
3187 3949 3283 4001 τὸν
3336 3947 3507 4002 αἰῶνα
3543 3943 3750 3997 τοιοῦτον

2201 4050 2483 4119 ἐσόμενον.
2517 4048 2582 4101 Ei
2609 4046 2790 4099 τοίνυν
2824 4043 2952 4107 Υἱός
2978 4042 3040 4096 τέ
3086 4045 3204 4095 ὲστι
3234 4040 3336 4095 καὶ
3381 4042 3461 4104 εἰς
3498 4038 3584 4091 τὸν
3610 4034 3751 4088 αἰῶνα

2198 4139 2563 4203 παντέλειος,
2615 4138 2759 4201 τίνος
2808 4137 2996 4190 ἕνεκεν
3057 4132 3264 4205 ἤμελλε
3318 4130 3525 4185 δεῖσθαι
3574 4123 3752 4181 πολλῶν

2203 4234 2429 4287 θυσιῶν.

590 4471 722 4538 ἫΙΙ,
754 4472 873 4527 1-6.
913 4471 1178 4529 Caeterum
1212 4492 1393 4529 eorum
1438 4493 1556 4546 qua:
1589 4477 1815 4530 dicimus
1845 4476 1981 4531 illud
2024 4494 2089 4532 est

2281 4497 2618 4565 Κεφάλαιον
2666 4493 2735 4547 δὲ
2783 4492 2881 4546 ἐπὶ
2918 4490 3043 4557 τοῖς
3088 4488 3449 4559 λεγομένοις
3497 4483 3753 4547 τοιοῦτον,

511 4597 693 4659 caput,
724 4589 864 4659 quod
910 4590 1070 4644 talem
1104 4589 1356 4645 habemus
1387 4578 1707 4661 pontiﬁcem,
1741 4593 1832 4663 qui
1861 4592 2098 4647 consedit

512 4682 580 4734 ad
619 4685 891 4735 (temerant
944 4682 1119 4735 throni
1152 4684 1451 4752 majestatt's
1491 4686 1545 4737 in
1583 4685 1752 4749 caelis,
1789 4695 2097 4739 sanctorum

516 4774 927 4828 administrator
956 4791 1020 4828 ac
1054 4778 1163 4830 veri
1197 4777 1554 4841 tabernaculi,
1598 4779 1736 4846 quod
1764 4778 1882 4847 ﬁxit
1913 4779 2068 4832 Domi

514 4883 614 4920 nus
640 4875 689 4918 et
726 4881 829 4918 non
854 4866 1033 4920 homo.
1067 4866 1252 4922 Omnis
1279 4870 1417 4922 enim
1404 4869 1678 4962 fonti/ea:
1695 4873 1762 4922 ad
1777 4870 2098 4938 o/fereudum

514 4959 742 5012 donaria
777 4968 827 5013 et
857 4960 1102 5015 uictimas
1144 4959 1543 5018 constituitur:
1594 4963 1731 5016 unde
1775 4979 1979 5017 necesse
2023 4975 2101 5020 est

516 5059 574 5102 ut
602 5049 687 5103 hic
706 5051 868 5104 etiam
896 5050 1086 5105 habeat
1114 5053 1319 5122 aliquid
1343 5052 1480 5123 quod
1502 5052 1712 5121 offerat.
1738 5050 1883 5106 Nam
1899 5054 1947 5108 si
1965 5070 2103 5117 esset

520 5138 578 5192 in
606 5148 774 5205 terra,
807 5157 868 5194 ne
897 5141 1147 5195 sacerdos
1174 5143 1381 5212 quidem
1413 5153 1572 5208 esset,
1594 5142 1685 5195 ubi
1706 5152 1831 5197 sunt
1852 5146 2102 5200 sacerdo-

519 5239 596 5284 tes
640 5232 732 5302 qui
788 5232 1016 5301 o/ferant
1061 5234 1223 5302 juxta
1282 5234 1443 5302 legem
1489 5234 1738 5302 donaria,
1766 5237 1857 5305 qui
1893 5236 2101 5306 quidem

517 5325 808 5394 exemplari
847 5337 894 5380 et
930 5327 1134 5381 umbrw
1162 5328 1459 5381 deserviunt
1490 5330 1775 5384 cmlestium
1805 5347 1823 5385 :
1852 5334 2104 5401 quemad-

520 5418 734 5473 modum
764 5420 982 5471 oraculo
1007 5420 1204 5487 accepit
1223 5419 1418 5485 Moses,
1448 5437 1567 5474 cum
1599 5434 1730 5477 esset
1756 5424 2096 5478 absoluturus

522 5511 944 5565 tabernaculum.
996 5509 1143 5575 Vide,
1173 5514 1366 5584 inquit,
1401 5524 1460 5568 ut
1501 5516 1673 5584 facias
1701 5517 1878 5569 omnia
1914 5532 2100 5570 secun-

519 5600 644 5654 dum
674 5601 942 5668 exemplar
960 5603 1095 5671 quod
1118 5613 1383 5658 ostensum
1410 5615 1488 5660 est
1521 5604 1618 5659 tibi
1645 5605 1697 5658 in
1720 5614 1915 5661 monte.
1943 5604 2099 5660 Nunc

598 5777 770 5834 “lsa.
793 5792 912 5841 Lill,
939 5777 994 5833 9.

2203 4594 2424 4660 ἔχομεν
2452 4585 2748 4659 ἀρχιερέα,
2791 4584 2858 4650 ὃς
2887 4582 3172 4636 ἐκάθισεν
3202 4583 3278 4636 ἐν
3318 4579 3492 4646 δεξιᾷ
3518 4578 3618 4632 τοῦ
3649 4577 3756 4644 θρό-

2203 4701 2314 4737 νου
2370 4680 2480 4749 τῆς
2526 4678 2991 4748 μεγαλωσύνης,
3031 4677 3101 4729 ἐν
3156 4675 3287 4740 τοῖς
3341 4671 3616 4742 οὐρανοῖς
3658 4667 3755 4722 τῶι·

2202 4775 2387 4843 ἁγίων
2413 4771 2762 4838 λειτουργὸς
2794 4769 2895 4822 καί
2926 4766 3032 4832 τῆς
3064 4765 3315 4834 σκηνῆς
3343 4765 3455 4833 τῆς
3478 4758 3756 4828 ἀληθινῆς·

2203 4866 2285 4933 ἣν
2317 4865 2546 4930 ἔπηξεν
2576 4867 2607 4917 ό
2642 4863 2859 4929 Κύριος
2909 4858 3008 4913 καὶ
3040 4860 3151 4912 οὐκ
3172 4857 3515 4926 ἅνθρωπος.
3538 4853 3653 4919 Πᾶς
3670 4849 3759 4919 γὰρ

2206 4956 2519 5028 ἀρχιερεὺς
2549 4956 2635 5020 είς
2659 4955 2725 5008 τὸ
2757 4952 3124 5023 προσφέρειν
3153 4950 3322 5019 δῶρά
3358 4966 3424 5003 τε
3450 4949 3549 5001 καί
3575 4944 3761 5005 θυσίας

2209 5053 2583 5107 καθίσταται.
2618 5049 2791 5101 Ὅθεν
2821 5043 3150 5114 ἀναγκαῖον
3175 5044 3343 5114 ἔχειν
3368 5060 3423 5095 τι
3455 5040 3551 5095 καὶ
3578 5036 3761 5092 τοῦτον

2208 5141 2240 5196 ὃ
2278 5140 2674 5208 προσενέγκῃ.
2712 5138 2776 5190 El
2792 5133 2909 5205 μὲν
2934 5137 3044 5204 γὰρ
3065 5128 3146 5204 ἦν
3165 5134 3271 5187 ἐπὶ
3295 5133 3434 5202 γῆς,
3459 5130 3582 5185 οὐδ’
3606 5128 3675 5182 ἂν
3698 5124 3764 5192 ἦν

2209 5236 2423 5304 Ιερεὺς,
2451 5233 2641 5286 ὄντων
2660 5229 2777 5283 τῶν
2803 5228 3004 5297 ἱερέων
3023 5227 3141 5280 τῶν
3156 5226 3628 5295 προσφερόντων
3640 5216 3763 5275 κατὰ

2210 5328 2319 5381 τόν
2341 5328 2531 5396 νόμον
2558 5324 2628 5378 τὰ
2648 5321 2826 5390 δῶρα,
2846 5322 3081 5384 οἵτινες
3106 5318 3508 5389 ὑποδείγματι
3526 5316 3620 5371 καὶ
3645 5307 3766 5377 σκιᾷ

2203 5419 2565 5485 λατρεύουσι
2605 5414 2726 5470 τῶν
2761 5413 3156 5482 ἐπουρανίων,
3198 5411 3407 5477 καθὼς
3453 5404 3767 5480 κεχρημάτι-

2207 5510 2618 5577 σταιΜωΰσῆς
2641 5510 2889 5579 μέλλων
2913 5506 3213 5560 ἐπιτελεῖν
3241 5506 3364 5573 τὴν
3386 5501 3767 5569 σχηνήνῧθιπι

2209 5604 2341 5674 γὰρ,
2378 5601 2551 5670 φησι,
2592 5600 2871 5668 ποιήσεις
2905 5598 3101 5653 πάντα
3142 5594 3302 5648 κατὰ
3331 5594 3441 5647 τὸν
3475 5594 3656 5646 τύπον
3681 5584 3768 5642 τὸν
