3970 6570
441 386 552 453 3σῖ

1514 379 1916 441 (ECUMENII
1943 379 2237 442 TRICC/E
2278 381 2619 444 EPISCOPI

3600 382 3713 450 σοι

444 519 611 576 quam
687 498 930 557 auditus.
1000 496 1200 553 «Nunc
1260 510 1392 553 vero
1432 495 1537 552 hoc
1591 497 2022 553 excellentius.»

2136 497 2211 560 δὲ,
2266 501 2451 568 φησὶν,
2486 500 2672 570 ἐπειδὴ
2709 501 2783 571 μὴ
2840 500 2986 556 ἔστιν
3031 503 3088 556 ἐν
3138 507 3204 576 τῇ
3260 506 3354 575 γῇ,
3389 503 3506 558 ἀλλ’
3540 506 3602 558 ἐν
3642 505 3723 572 τῷ

443 595 605 652 Nunc
645 601 828 649 autem
875 590 1137 662 quoniam
1158 603 1263 644 non
1297 597 1381 643 est
1410 587 1465 642 in
1507 597 1676 653 terra,
1705 588 1906 658 inquit,
1934 590 2028 645 sed

448 691 504 746 in
546 690 710 752 caelo,
733 683 1087 757 praeStantius
1122 684 1351 739 sortitus
1380 689 1465 737 est
1496 682 1863 737 ministerium
1896 681 2034 738 :hoc

447 793 531 839 est
562 780 629 835 ad
667 779 1030 836 excellentius
1066 776 1438 831 ministerium
1468 783 1554 830 est
1588 773 1858 845 pontifex.
1896 775 2034 831 Vide

448 882 633 929 autem
669 869 947 943 quomodo
970 878 1239 931 versatur,
1266 870 1319 922 in
1347 868 1647 923 lmmilibus
1684 875 1906 938 propter
1933 868 2035 921 im-

445 965 803 1021 becillitatem
824 961 1141 1017 auditorum
1173 977 1186 1012 :
1215 958 1381 1031 376
1405 958 1551 1028 quod
1575 959 1619 1015 si
1656 960 1859 1015 alicubi
1886 959 2035 1014 dicat

450 1053 659 1125 aliquid
701 1052 957 1116 sublime,
1008 1051 1263 1119 protinus
1301 1050 1369 1103 ab
1403 1049 1495 1102 illo
1519 1048 1776 1113 discedit,
1822 1049 2035 1104 veritus

448 1163 520 1202 ne
556 1161 662 1201 non
710 1145 1029 1214 recipiatur.
1082 1160 1100 1193 ι
1129 1140 1250 1208 Quo
1290 1141 1714 1212 praestantioris.
1760 1159 1778 1194 ι
1831 1139 2031 1205 Tanto,

452 1238 655 1307 inquit,
690 1236 1044 1306 praestantius
1079 1242 1163 1289 est
1203 1233 1573 1288 ministerium
1606 1234 1800 1299 veteri,
1826 1245 2034 1305 quanto

447 1332 612 1386 etiam
663 1329 1017 1398 praestantius
1067 1336 1392 1381 estnovum
1447 1333 1834 1381 testamentum
1876 1326 2036 1396 cujus

448 1423 719 1476 mediator
755 1428 840 1475 est
869 1420 1156 1485 Christus;
1189 1433 1389 1472 novum
1422 1418 1612 1472 dicens
1641 1424 2033 1472 testamentum

446 1514 608 1568 ﬁdem
656 1513 708 1567 in
755 1513 958 1583 ipsum,
990 1526 1088 1582 per
1111 1525 1275 1581 quam
1323 1509 1483 1564 (idem
1520 1510 1789 1564 mediator
1826 1509 1926 1563 fuit
1950 1508 2033 1562 in-

446 1616 529 1663 ter
559 1607 798 1676 seipsum
829 1614 884 1659 et
914 1603 1155 1659 Patrem.
1214 1620 1232 1655 ι
1265 1602 1422 1669 Quod
1448 1603 1501 1657 in
1548 1601 2033 1673 przestantioribus

448 1700 738 1771 promissis
789 1698 1063 1752 sancitum
1113 1703 1218 1750 est.
1250 1714 1269 1748 ι
1311 1694 1594 1766 Siquidem
1660 1704 1818 1749 vetus
1870 1700 2034 1748 testa-

447 1800 688 1850 mentum
720 1792 861 1846 bona
893 1798 1053 1845 terra:
1087 1788 1471 1860 promittebat}
1505 1800 1706 1841 novum
1738 1800 1902 1849 vero,
1947 1774 2034 1839 re-

2140 589 2379 662 οὐρανῷ,
2410 591 2679 661 βελτίονος
2733 592 2965 666 ἐπέτυχε
3011 596 3376 667 λειτουργίας,
3415 596 3724 654 τουτέστιν.

2141 680 2235 735 ἐπὶ
2266 680 2511 752 βελτίονα
2545 682 2891 757 λειτουργίαν
2938 686 3088 740 ἐστὶν
3123 685 3439 757 ἀρχιερεύς.
3479 685 3629 756 Ὅρα
3667 684 3726 737 δὲ

2141 773 2261 837 πῶς
2286 773 2614 846 ἐνδιατρίϐει
2639 778 2751 838 τοῖς
2779 779 3060 840 ταπεινοῖς
3120 777 3211 831 διὰ
3249 778 3309 830 τὸ
3347 778 3455 831 τῶν
3491 777 3729 831 ἀκουόν-

2138 883 2247 918 των
2271 865 2516 931 ἅσθενές.
2537 866 2774 939 ’Υψηλδν
2807 867 2866 922 δὲ
2895 868 3053 922 εἵπου
3075 870 3229 941 εἴπῃ,
3252 869 3417 933 εὐθὺς
3445 868 3735 923 ἀπαλλάτο

2139 974 2312 1017 τεται,
2342 957 2599 1021 δεδοικὼς
2628 959 2703 1028 μὴ
2725 960 2786 1011 οὐ
2827 960 3171 1031 παραδεχθῇ.
3211 960 3395 1031 ι”υσῳ
3420 962 3514 1015 καὶ
3537 961 3732 1031 κρείτ-

2137 1052 2288 1113 τονός
2320 1052 2457 1105 ἐστι.
2495 1069 2514 1103 ι
2550 1049 2828 1121 Τοσούτῳ,
2869 1052 3058 1123 φησὶν,
3116 1054 3266 1107 ἐστὶν
3323 1053 3356 1123 ἡ
3407 1032 3733 1122 λειτουργία

2140 1142 2365 1213 βελτίων
2399 1143 2497 1212 τῆς
2530 1142 2790 1209 παλαιᾶς,
2819 1143 2929 1214 ὅσῳ
2953 1144 3047 1197 καὶ
3087 1144 3120 1212 ἡ
3161 1143 3397 1213 διαθήκη
3432 1144 3465 1213 ἡ
3498 1143 3619 1202 νέα.
3661 1138 3733 1214 ἦς

2142 1236 2370 1306 μεσίτης
2400 1237 2548 1289 ἐστὶν
2578 1238 2605 1289 ὁ
2636 1235 2895 1307 Χριστὸς,
2928 1236 3060 1290 νέαν
3094 1236 3270 1305 λέγων
3307 1235 3604 1306 διαθήκην,
3626 1235 3731 1304 τὴν

2138 1329 2217 1391 εἰς
2264 1328 2427 1381 αὐτὸν
2476 1328 2681 1391 πίστιν,
2736 1329 2794 1381 ἐν
2938 1328 3121 1382 πίστει
3167 1326 3345 1396 ἑαυτῷ
3403 1326 3733 1397 ἐμεσίτευσε

2138 1420 2230 1472 καὶ
2270 1420 2346 1490 τῷ
2378 1420 2576 1491 Πατρί.
2617 1439 2635 1473 ι
2674 1421 2836 1483 ’Ήτις
2873 1420 2967 1473 ἐπὶ
3017 1420 3325 1490 κρείττοσιν
3366 1415 3734 1486 ἐπαγγελίαις

2138 1508 2578 1581 νενομοθέτηται.
2613 1527 2632 1562 ι
2672 1510 2835 1573 ’Ἠτις
2888 1509 3143 1580 διαθήκη,
3169 1511 3322 1578 φησὶ,
3357 1507 3449 1560 ἐπὶ
3480 1506 3733 1579 κρείττο-

2138 1620 2223 1657 σιν
2257 1601 2614 1671 ἐπαγγελίαις
2658 1602 3103 1673 νενομοθέτηται.
3155 1601 3220 1654 Ἦ
3281 1600 3379 1671 μὲν
3444 1599 3553 1667 γὰρ
3619 1614 3734 1650 παο

2137 1694 2287 1759 λαιὰ,
2318 1693 2385 1748 τὰ
2420 1693 2601 1762 ἀγαθὰ
2623 1696 2722 1764 τῆς
2748 1694 2851 1762 γῆς
2890 1690 3219 1763 ἐπήγγελτοο
3262 1691 3295 1761 ἡ
3329 1689 3384 1743 δὲ
3409 1690 3526 1755 νέα,
3568 1687 3731 1758 βασι·

2136 1785 2286 1839 λείαν
2319 1784 2588 1855 οὐρανῶν.
2614 1785 2724 1836 Καὶ
2757 1782 2934 1847 οὕτως
2965 1783 3279 1852 κρείττονες
3310 1781 3366 1833 αἱ
3407 1780 3473 1831 ἐκ
3515 1777 3730 1846 ταύτης

445 1903 612 1959 gnum
642 1887 929 1941 cmlorum.
964 1884 1027 1938 Et
1059 1884 1133 1938 ita
1181 1883 1595 1954 prazstantiores
1634 1890 1766 1935 sunt
1816 1894 1881 1933 ex
1924 1878 2029 1932 isto

2136 1877 2485 1947 ἐπαγγελίαι,
2536 1877 2617 1930 ὅτι
2650 1879 2681 1947 ή
2720 1876 2819 1947 μὲν
2853 1873 3164 1946 εἰσηνέχθη,
3209 1871 3543 1941 ἐκϐέϐληται
3584 1869 3645 1923 δὲ
3693 1871 3730 1940 ἡ

446 1978 842 2049 promissioues
882 1975 1052 2045 :fquia
1086 1988 1290 2028 novum
1338 1972 1559 2042 quidem
1613 1971 1899 2024 inductum
1923 1976 2031 2033 est,

445 2079 600 2126 vetus
641 2079 819 2125 autem
847 2067 1106 2139 ejectum.
1144 2068 1444 2135 Propterea
1478 2064 1624 2119 enim
1656 2077 1858 2117 novum
1899 2061 2023 2115 vin~

445 2165 552 2229 cit,
600 2163 730 2233 quia
775 2159 1130 2231 praestantius
1191 2166 1246 2213 et
1280 2156 1347 2211 de
1390 2153 1870 2226 praestantioribus
1908 2165 2035 2221 pro-

444 2258 631 2313 missis
679 2255 867 2309 datum
916 2263 1001 2308 est
1034 2269 1048 2306 :
1086 2248 1439 2304 manifestum
1476 2253 1560 2302 est
1594 2255 1776 2300 autem
1830 2243 2035 2312 ubique

443 2342 1093 2423 prcestantiusjesseﬂuod
1117 2340 1498 2413 praestantiora
1526 2338 1721 2394 habeat
1738 2336 2030 2407 promissa.

1054 2453 1286 2512 CAPUT
1325 2453 1423 2509 X’.

445 2576 782 2632 Excellentia
812 2576 931 2628 novi
960 2572 1260 2626 testamenti
1300 2586 1463 2638 supra
1493 2578 1636 2623 vetus
1673 2579 1889 2638 propter
1911 2583 2033 2637 pro-

802 2644 1139 2713 pitiationcm
1163 2652 1211 2695 et
1243 2641 1677 2694 sanctimoniam.

514 2738 659 2803 VIII,
696 2735 816 2793 7—9.
858 2734 926 2789 Et
962 2735 1101 2789 enim
1141 2734 1188 2787 si
1230 2734 1377 2802 prius
1418 2732 1553 2785 illud
1588 2731 1695 2785 tale
1743 2730 1931 2801 [uisset
1976 2738 2035 2784 ut

443 2830 579 2888 nihil
607 2831 659 2884 in
691 2845 751 2883 eo
788 2828 953 2898 possit
991 2824 1332 2897 reprehendi,
1361 2824 1504 2877 haud
1547 2839 1815 2896 quaquam
1843 2822 2033 2892 fuisset

442 2923 674 2985 secundo
702 2923 958 2993 qua‘situs
996 2919 1169 2973 locus.
1206 2916 1349 2971 Nam
1390 2918 1645 2971 incusans
1673 2932 1761 2970 eos
1799 2914 2034 2987 loquitur

445 3004 556 3071 illis
586 3032 603 3070 :
641 3014 773 3069 Ecce
807 3013 919 3068 dies
950 3014 1191 3076 veniunt,
1221 3012 1351 3065 dicit
1395 3009 1678 3075 Dominus,
1704 3019 1754 3065 et
1784 3025 2032 3064 consum-

443 3111 599 3166 mabo
639 3124 796 3179 super
827 3108 1045 3161 domum
1101 3104 1276 3161 Israel
1321 3112 1371 3160 et
1425 3120 1583 3175 super
1620 3103 1835 3157 domum
1886 3101 2033 3155 Juda

2136 1970 2365 2025 παλαιά.
2400 1968 2501 2022 Διὰ
2532 1966 2693 2021 τοῦτο
2733 1966 2846 2039 γὰρ
2880 1968 2911 2036 ἡ
2949 1967 3046 2018 νέα
3099 1964 3312 2034 κρατεῖ,
3342 1963 3425 2016 ὅτι
3471 1960 3729 2032 βελτίων,

2135 2062 2230 2116 καὶ
2257 2062 2350 2114 ἐπὶ
2381 2059 2650 2131 βελτίοσιν
2702 2057 3065 2127 ἐπαγγελίαις
3112 2055 3345 2109 δέδοται.
3388 2053 3452 2108 Ἦ
3506 2054 3563 2108 δὲ
3598 2051 3731 2125 βελ-

2136 2154 2286 2218 τίους
2307 2152 2502 2224 ἔχουσα
2526 2152 2626 2216 τὰς
2647 2149 3005 2221 ἐπαγγελίας,
3024 2151 3107 2204 ὅτι
3137 2147 3367 2221 βελτίων
3392 2147 3531 2213 ἐστὶ,
3559 2146 3731 2201 παντί

2136 2264 2239 2300 που
2277 2245 2458 2317 δῆλον.

2722 2444 2977 2500 ΚΕΦΛΛ.
3027 2442 3132 2498 IA'.

2149 2562 2432 2634 Ὑπεροχὴ
2464 2561 2575 2634 τῆς
2607 2559 2894 2634 δευτέρας
2930 2557 3220 2634 augmine
3255 2553 3411 2633 ὑπὲρ
3437 2550 3554 2621 τὴν
3574 2563 3731 2620 προ-

2415 2624 2614 2701 τέραα,
2642 2632 2714 2685 ἐν
2751 2624 3114 2699 ἱλασμῷῖκαὶ
3143 2624 3436 2695 ἁγιασμῷ.

2207 2729 2275 2781 El
2305 2725 2414 2797 γὰρ
2438 2726 2475 2793 η
2510 2722 2713 2792 πρώτη
2750 2722 2953 2789 ἐκείνη
2995 2716 3073 2791 ἦν
3113 2718 3455 2788 ἄμεμπτος,
3494 2717 3608 2769 οὐκ
3649 2714 3732 2769 ἂν

2136 2818 2422 2887 δευτέρας
2451 2815 2705 2884 ἐζητεῖτο
2737 2816 2941 2880 τόπος.
2963 2812 3358 2882 Μεμφόμενος
3382 2810 3489 2878 γὰρ
3511 2807 3729 2874 αὐτοῖς

2135 2911 2321 2980 λέγει·
2374 2907 2535 2963 Ἰδοὺ
2567 2906 2780 2976 ἡμέραι
2813 2908 3111 2975 ἔρχονται,
3147 2902 3309 2972 λέγει
3348 2902 3586 2969 Κύριος,
3621 2898 3731 2953 και

2134 3000 2487 3056 συντελέσω
2518 2998 2614 3051 ἐπὶ
2641 2996 2746 3050 τὸν
2771 2991 2941 3049 οἷκον
2976 2990 3214 3061 Ἰσραὴλ
3242 2992 3339 3046 καί
3373 2990 3472 3044 ἐπὶ
3502 2990 3613 3043 τὸν
3643 2985 3731 3043 οἷο

2136 3110 2247 3148 κον
2282 3091 2469 3148 Ἰούδα
2498 3087 2796 3157 διαθήκην
2826 3086 3066 3155 καινὴν,
3085 3086 3157 3139 οὐ
3190 3083 3344 3137 κατὰ
3370 3081 3487 3150 τὴν
3511 3079 3730 3148 διαθή-

443 3210 817 3261 testamentum
860 3217 1072 3265 novum,
1130 3216 1233 3253 non
1271 3198 1436 3268 juxta
1483 3206 1855 3251 testamentum
1894 3193 2029 3265 quod

2138 3205 2256 3254 κην
2291 3185 2371 3253 ἣν
2397 3184 2658 3250 ἐποίησα
2691 3181 2816 3247 τοῖς
2858 3177 3159 3248 πατράσιν
3202 3175 3402 3231 αὐτῶν
3428 3176 3498 3230 ἐν
3530 3172 3732 3243 ἡμέρᾳ

441 3296 688 3368 disposui
715 3294 960 3362 patribus
1005 3292 1225 3345 illorum
1269 3265 1322 3345 in
1374 3289 1459 3345 die
1505 3306 1624 3343 cum
1678 3288 2029 3360 apprehende-

2136 3275 2576 3346 ἐπιλαϐομένου
2604 3291 2725 3344 μου
2766 3271 2877 3341 τῆς
2904 3272 3103 3340 χειρὸς
3133 3268 3354 3335 αὐτῶν,
3402 3265 3734 3336 ἐξαγαγεῖν

444 3408 555 3451 rem
602 3404 817 3443 manum
868 3385 1125 3450 illorum,
1185 3391 1243 3437 ut
1288 3383 1562 3438 educerem
1622 3399 1708 3437 eos
1761 3382 1827 3437 de
1891 3391 2035 3437 terra

442 3482 667 3554 Js'gypti
708 3495 726 3535 :
777 3478 1028 3550 quoniam
1061 3478 1165 3546 ipsi
1201 3493 1306 3531 non
1360 3478 1706 3545 perstiterunt
1760 3475 1816 3529 in
1872 3484 2035 3530 testa-

445 3585 619 3633 mento
644 3590 784 3638 meo,
824 3583 872 3628 et
897 3572 1156 3643 neglectui
1190 3588 1278 3626 eos
1313 3571 1497 3639 habui,
1533 3570 1665 3624 dicit
1697 3569 1979 3624 Dominus.

517 3666 576 3722 Si
608 3667 766 3730 nihil,
817 3665 1024 3734 inquit,
1054 3663 1133 3716 illi
1168 3661 1364 3728 defuit,
1411 3662 1457 3718 si
1502 3662 1814 3731 inculpatos
1844 3661 2036 3716 habuit

445 3759 721 3824 homines,
753 3755 1031 3828 quomodo
1062 3756 1136 3808 ita
1178 3756 1498 3825 abrogatum
1538 3753 1664 3809 est?
1718 3772 1736 3805 ι
1761 3753 1895 3807 Nam
1940 3753 2030 3806 in.

449 3865 655 3906 cusaus
706 3861 823 3904 eos.
870 3865 888 3899 ι
955 3845 1082 3901 Εοε.
1116 3845 1304 3913 Quos?
1337 3844 1556 3901 Judmos
1600 3846 1695 3916 qui
1755 3846 1810 3900 in
1861 3845 2033 3900 veteri

447 3951 785 4001 testamento
824 3942 975 4013 leges
1034 3940 1410 4010 suscipiebant
1457 3950 1512 3995 et
1560 3939 2030 4011 gubernabantur.

453 4058 472 4091 ι
505 4036 642 4092 Ecce
678 4037 797 4090 dies
850 4034 1097 4088 veniunt.
1126 4051 1143 4084 ι
1188 4032 1485 4103 Postquam
1540 4047 1640 4101 per
1687 4032 1858 4086 multa
1910 4045 2034 4102 qua:

448 4132 720 4203 promissa
758 4138 888 4197 sunt
932 4128 1168 4183 astruxit
1211 4143 1411 4181 novum
1443 4126 1606 4197 377
1641 4135 2030 4182 testamentum

446 4225 802 4298 praesumitis
820 4237 943 4277 esse
961 4220 1154 4286 veteri,
1171 4235 1317 4274 nunc
1334 4221 1580 4289 apertius
1597 4234 1814 4288 quoque
1829 4218 2030 4273 veteris

444 4320 774 4392 ejectionetn
810 4315 1069 4387 suggillat
1107 4332 1121 4368 :
1173 4328 1362 4367 verum
1395 4312 1502 4366 hoc
1541 4326 1653 4366 non
1698 4311 1812 4366 suis
1848 4311 2031 4367 verbis

444 4414 582 4485 agit.
606 4426 675 4466 ne
708 4409 974 4463 molestus
1015 4409 1121 4471 sit,
1156 4404 1249 4459 sed
1270 4402 1566 4457 Jcremiam
1596 4402 1801 4472 profert
1830 4401 1885 4454 iu
1913 4416 2028 4454 tne-

443 4506 595 4561 dium
627 4522 640 4559 :
673 4520 693 4554 ι
725 4500 784 4555 lu
822 4500 911 4554 die
936 4512 1064 4552 cum
1098 4495 1593 4567 apprehenderem.
1643 4510 1663 4545 ι
1690 4492 1750 4546 In
1791 4492 1906 4556 illo,
1946 4491 2031 4545 in-

2137 3371 2361 3436 αὺτοὺς
2392 3370 2461 3423 ἐκ
2490 3366 2606 3440 γῆς
2636 3366 2961 3436 Αἰγύπτου.
2993 3364 3123 3418 ’Ὅτι
3155 3362 3327 3418 αὐτοὶ
3361 3363 3473 3415 οὐκ
3492 3358 3729 3429 ἐνέμει-

2135 3482 2254 3521 ναν
2283 3464 2353 3518 ἐν
2387 3461 2462 3531 τῇ
2498 3460 2754 3528 διαθήκῃ
2784 3476 2926 3528 μου,
2975 3456 3139 3528 κάγὼ
3187 3453 3471 3525 ἠμέλησα
3492 3452 3727 3519 αὐτῶν,

2132 3558 2301 3627 λέγει
2326 3557 2563 3623 Κύριος.

2210 3652 2273 3704 Ei
2327 3646 2480 3703 οὐδὲν
2531 3641 2666 3717 εἷχε,
2723 3645 2908 3715 φησίν,
2967 3640 3236 3706 ἐλλειπές,
3294 3641 3345 3693 εί
3391 3638 3727 3711 ἀμέμπτους

2136 3741 2313 3795 ἐποίει
2344 3739 2471 3802 τοὺς
2496 3733 2842 3808 ἀνθρώπους,
2873 3733 2993 3797 πῶς
3020 3731 3197 3796 οὕτως
3228 3730 3494 3803 διερῤὑης
3531 3730 3732 3800 «Μεμ-

2138 3836 2375 3907 φάμενος
2397 3831 2506 3902 γὰρ
2536 3830 2741 3893 αὐτοῖς.
2779 3846 2797 3879 ι
2820 3828 3033 3890 Αὐτοῖς.
3067 3825 3227 3892 Τίσι;
3262 3825 3387 3887 Τοῖς
3427 3823 3484 3876 ἐν
3513 3825 3580 3893 τῇ
3609 3839 3723 3885 πα-

2134 3929 2266 3999 λαιᾷ
2292 3922 2777 3996 νομοθετουμένοις
2816 3920 2910 3974 καὶ
2942 3916 3376 3988 διευθυνομὲνοις
3419 3913 3724 3978 Ἰουδαίοις.

2141 4039 2162 4074 ε
2207 4019 2338 4073 Ἰδοὺ
2369 4016 2577 4088 ἡμέραι
2616 4014 2889 4086 ἔρχονται.
2935 4030 2953 4062 ι
2993 4010 3149 4064 Μετὰ
3172 4011 3234 4063 τὸ
3276 4009 3366 4063 διὰ
3404 4007 3620 4061 πολλῶν
3660 4009 3723 4061 ἐν

2134 4114 2249 4177 τοῖς
2275 4112 2387 4166 ἄνω
2416 4105 2830 4163 κατασκευάσαι
2860 4103 2957 4172 τὴν
3000 4103 3126 4155 νέαν
3157 4102 3256 4172 τῆς
3288 4101 3525 4163 παλαιᾶς
3557 4100 3727 4170 ἀμεί-

2137 4224 2235 4273 νω,
2289 4204 2385 4257 νῦν
2429 4200 2682 4273 φανερῶς
2743 4199 2839 4251 καὶ
2899 4196 2997 4268 τὴν
3052 4195 3284 4267 ἐκϐολὴν
3328 4195 3427 4266 τῆς
3482 4193 3727 4257 παλαιᾶς

2135 4296 2411 4369 κωμῳδεῖ,
2437 4292 2552 4349 ἀλλ’
2581 4293 2680 4346 οὐκ
2704 4290 2797 4359 ἀφ’
2822 4289 3015 4343 ἐαυτοῦ
3038 4287 3195 4342 τοῦτο
3220 4289 3384 4354 ποιεῖ,
3402 4285 3489 4339 ἵνα
3515 4286 3593 4357 μὴ
3625 4287 3726 4354 γέ-

2136 4410 2296 4465 νηται
2318 4387 2594 4461 φορτικὸς,
2626 4388 2717 4440 τὸν
2749 4383 3091 4455 δὲἹερεμίαν
3122 4380 3432 4452 παραφέρει
3454 4377 3720 4446 λέγονταο

2141 4504 2160 4536 ι
2208 4483 2299 4538 Ἐν
2358 4479 2545 4551 ἡμέρᾳ
2582 4474 2980 4545 ἐπιλαϐομένου
3040 4489 3165 4543 μου.
3203 4491 3220 4523 ι
3272 4472 3360 4525 Ἑν
3409 4472 3476 4541 τῇ
3536 4468 3727 4540 ἡμέρᾳ

443 4559 587 4669 quit,
639 4594 729 4650 die
766 4606 877 4663 quo
904 4559 1242 4661 apprehendi
1283 4600 1506 4642 manum
1538 4584 1781 4663 ipsorum
1805 4591 1866 4638 ut
1894 4582 2027 4638 edu-

2136 4577 2340 4648 ἐκείνη,
2377 4574 2564 4645 φησὶν,
2606 4572 2664 4624 ἐν
2801 4565 3151 4634 ἐπελαϐόμην
3187 4564 3289 4633 τῆς
3322 4561 3502 4633 χειρὸς
3535 4559 3726 4613 αὐτῶν

443 4705 626 4748 cercm
663 4701 758 4742 eos
786 4686 852 4739 de
889 4691 1035 4737 terra
1081 4678 1331 4752 Egypti.
1377 4677 1457 4735 Ne
1488 4678 1907 4748 suspicarentur
1947 4684 2026 4730 te-

443 4779 703 4841 stamenti
728 4775 1052 4848 eiectionem
1086 4790 1211 4831 esse
1234 4770 1380 4843 quod
1406 4778 1602 4842 pactus
1630 4777 1715 4825 est
1731 4766 1875 4824 Deus
1898 4781 2021 4825 cum

443 4873 747 4931 Abraham:
783 4868 921 4923 Nam
946 4867 1051 4923 hoc
1082 4865 1150 4921 ad
1172 4864 1456 4921 Christum
1486 4861 1689 4918 factum
1719 4869 1878 4919 erat;
1916 4859 2023 4915 «Et

444 4964 641 5023 semini
667 4970 783 5026 tuo,
826 4961 1027 5032 inquit,
1072 4956 1168 5028 qui
1214 4963 1300 5011 est
1337 4954 1601 5011 Christus
1620 4954 1700 5021 ἐς
1737 4972 1757 5006 ι
1796 4953 2028 5023 subjun-

445 5060 525 5130 git
567 5057 729 5127 cujus
776 5051 1087 5110 testamenti
1130 5049 1359 5120 rejectio
1394 5047 1580 5103 fuerit.
1618 5046 1753 5118 Ejus
1781 5044 2029 5117 aitjquod

441 5154 501 5207 in
529 5149 723 5205 Exodo
758 5161 854 5218 per
880 5143 1067 5200 Mosen
1109 5141 1384 5197 sancitum
1422 5149 1528 5195 est.
1561 5138 1807 5194 Dicendo
1834 5138 1980 5193 enim
2011 5155 2027 5192 :

440 5242 564 5298 Non
593 5242 752 5312 juxta
799 5243 1188 5293 testamentum
1232 5232 1404 5300 illud,
1464 5230 1708 5287 ostendit
1758 5229 2024 5300 rejectum

442 5352 588 5402 esse,
618 5345 879 5403 tanquam
917 5329 1158 5401 diceret:
1205 5324 1369 5381 Aliud
1412 5323 1555 5380 dabo
1594 5330 1982 5380 testamentum
2006 5360 2024 5386 ,

442 5446 556 5487 non
588 5427 749 5500 quale
780 5422 893 5495 jam
917 5421 1039 5476 dedi
1064 5435 1080 5487 ;
1105 5419 1243 5473 illud
1274 5419 1418 5474 enim
1455 5427 1680 5490 propter
1720 5431 1878 5472 suam
1920 5414 2023 5469 im-

440 5518 799 5579 becillitatem
846 5530 878 5569 τι
925 5529 1011 5569 me
1051 5512 1315 5584 reiectum
1357 5519 1463 5567 est.
1523 5526 1542 5561 ι
1594 5506 1865 5575 Quoniam
1916 5507 2023 5576 ipsi

441 5636 555 5678 non
602 5615 984 5689 perstiterunt.
1024 5630 1044 5663 ›
1099 5607 1259 5677 Quod
1319 5607 1410 5662 hic
1457 5606 1672 5661 dictum
1710 5608 1797 5657 est
1853 5599 2024 5654 veluti

442 5724 610 5767 causa
641 5717 693 5762 et
729 5704 1021 5777 responsio
1054 5710 1161 5768 est,
1202 5716 1303 5758 cur
1331 5699 1363 5756 Ξι
1401 5700 1508 5754 Deo
1539 5692 1814 5768 neglectui
1848 5691 2023 5747 habiti

516 5900 580 5933 ³³⁸
614 5893 783 5949 Galat.
810 5907 893 5959 tu,
935 5891 967 5942 6

2135 4671 2230 4725 ἐπὶ
2255 4669 2333 4740 τῷ
2360 4665 2653 4736 ἐξαγαγεῖν
2688 4661 2887 4723 αὐτοὺς
2915 4661 2981 4714 ἐκ
3011 4657 3455 4728 γῆςκΑἱγύπτου.
3494 4654 3619 4740 Ἵνα
3643 4651 3723 4722 μὴ

2135 4738 2478 4831 ὐπονοῆσωσι
2508 4756 2609 4827 τῆς
2657 4754 2794 4824 πρὸς
2828 4752 2920 4805 τὸν
2964 4748 3216 4820 Ἀϐραὰμ
3265 4745 3535 4817 διαθήκης
3573 4738 3723 4796 εἶναι

2131 4857 2234 4928 τὴν
2293 4853 2566 4924 ἐκϐολήν·
2616 4851 2696 4913 είς
2742 4844 2979 4917 Χριστὸν
3032 4844 3142 4911 γὰρ
3193 4837 3378 4909 ἐκείνη
3429 4834 3717 4904 ἐγεγόνεν

2136 4968 2157 5002 ι
2189 4927 2300 5005 Καὶ
2316 4946 2395 5018 τῷ
2418 4939 2694 5015 σπέρματί
2720 4955 2815 4992 σου
2842 4936 2970 5005 γὰρ,
2998 4934 3184 5004 φησὶν,
3203 4931 3261 4994 ὃς
3278 4931 3395 4983 ἐστι
3418 4927 3717 4999 Χριστόςί

2130 5040 2333 5108 ἐπάγει
2370 5036 2532 5099 ποίας
2588 5032 2854 5102 διαθήκης
2894 5028 3120 5096 γέγονεν
3156 5021 3379 5093 ἐκϐολή·
3410 5019 3524 5088 Τῆς
3561 5020 3620 5071 ὲν
3650 5020 3721 5088 τῇ

2131 5131 2317 5201 ἐξόδῳ,
2348 5127 2505 5197 φησὶ,
2542 5124 2631 5178 διὰ
2682 5121 2927 5183 Μωσέως
2981 5115 3306 5187 γενομένης.
3352 5110 3443 5181 Τῷ
3486 5110 3722 5201 γὰρτί-

2130 5200 2278 5286 πεῖν,
2317 5218 2392 5271 Οὐ
2430 5214 2573 5268 κατὰ
2598 5212 2695 5283 τὴν
2741 5210 3009 5279 διαθήκην
3034 5206 3274 5275 ἐκείνην,
3298 5201 3574 5255 δείκνυσιν
3610 5200 3711 5251 ἐκ-

2078 5298 2079 5305 γ
2128 5310 2499 5383 ϐεϐλημένην,
2542 5304 2677 5359 ὡσεὶ
2725 5304 2934 5371 ἔλεγεν*
2967 5298 3171 5368 ’Ἄλλην
3220 5294 3378 5348 δώσω
3426 5290 3718 5383 διαθήκην,

2078 5384 2083 5397 ι
2129 5380 2377 5475 οὐχὀῖαν
2411 5397 2589 5451 ἔδωκα
2619 5393 2744 5465 ἤδη.
2765 5389 2983 5460 Ἔκείνη
3015 5389 3126 5456 γὰρ
3150 5385 3239 5439 διὰ
3270 5384 3333 5437 τὸ
3364 5380 3594 5445 ἀσθενὲς
3622 5381 3723 5434 αὑ-

2130 5472 2252 5566 τῆς,
2289 5488 2621 5559 ἐκϐέϐληται
2649 5485 2777 5556 παρ’
2801 5480 2957 5554 ἐμοῦ.
2990 5480 3150 5533 «Ὅτι
3179 5475 3335 5531 αὐτοὶ
3365 5474 3467 5528 οὐκ
3493 5472 3720 5542 ἐνέμει-

2131 5562 2263 5643 ναν.
2284 5605 2302 5637 ι
2346 5585 2560 5653 Ὠσπερ
2595 5576 2865 5646 ἀπολογία
2895 5574 3014 5629 ἐστὶ
3043 5573 3141 5643 τῆς
3170 5568 3430 5641 ἀμελείας
3458 5565 3552 5619 τοῦ
3577 5562 3716 5618 Θεοῦ

2132 5682 2192 5736 to
2219 5679 2527 5751 εἰρημένον.
2562 5677 2719 5743 Ὅτι,
2759 5672 2947 5742 φησὶν,
2989 5667 3145 5722 αὐτοὶ
3179 5667 3281 5720 οὐκ
3328 5662 3618 5734 ἐνέμειναν
3657 5657 3718 5714 ἐν

3860 784 3881 816 ὃ
