3918 6588
438 375 551 443 35'!

1499 384 1899 447 (ECUMENII
1926 386 2219 449 mrces:
2256 389 2599 466 EPISCOPI

3584 401 3699 466 368

441 514 605 569 quam
660 499 868 557 diceret
926 519 940 558 :
989 500 1111 561 Non
1162 503 1549 577 intempestive
1595 521 1799 561 novum
1848 514 2016 563 testa-

2134 524 2234 581 γαρ
2267 511 2551 577 ἀδύνατον,
2604 514 2771 584 φησιν
2804 515 3081 589 ἀλλαχοῦ,
3124 517 3220 572 τοῦ
3271 521 3467 592 νόμον,
3511 540 3528 573 ι
3556 524 3613 578 ὲν
3659 520 3705 593 ᾧ

440 599 687 646 mentum
745 607 968 649 cessare
1017 593 1147 650 fecit
1193 604 1385 662 vetus,
1439 596 1534 652 sed
1592 608 1814 668 propter
1864 598 2012 653 illius

2123 602 2342 670 ἠσθένει
2379 606 2467 659 διὰ
2495 609 2595 677 τῆς
2631 607 2852 677 σαρκός.

437 687 774 775 senectutem
810 696 876 738 ac
906 691 1250 752 vetustatem,
1280 686 1383 741 hoc
1406 693 1487 742 est
1529 699 1749 758 prepter
1791 686 2223 749 imbecillitatem
2261 712 2326 753 ac
2378 698 2749 755 inutilitatem.
2791 719 2808 753 ι
2829 699 2986 768 Quod
3013 701 3353 774 impossibile
3386 714 3505 760 erat
3524 705 3645 775 legi,
3679 730 3699 763 ι

439 774 517 831 ait
538 774 690 838 alibi,
707 790 768 829 ea
789 783 943 845 parte
968 791 1075 847 qua
1098 776 1389 834 imbecillis
1408 788 1526 835 erat
1551 796 1648 850 per
1667 794 1887 835 carnem
1907 781 1974 835 ³⁷.
1996 798 2017 832 ›

512 866 604 930 ΙΧ,
637 866 758 922 1-5.
795 865 1036 922 Habebat
1078 868 1258 939 itaque
1287 872 1448 925 etiam
1478 871 1627 942 prius
1660 871 1795 926 illud
1843 872 2020 928 taber-

440 961 693 1016 naculum
730 962 1149 1031 justiﬁeationes
1202 963 1378 1018 cultus
1409 981 1472 1019 ac
1503 975 1752 1020 sanctum
1792 966 2020 1020 munda-

442 1070 591 1110 num.
629 1052 902 1123 Siquidem
954 1055 1354 1109 tabernaculum
1400 1066 1731 1112 exstructum
1762 1058 1864 1127 fuit
1902 1059 2019 1128 pri-

441 1160 609 1209 mum,
639 1147 694 1199 in
739 1161 840 1216 quo
883 1154 1000 1199 erat
1026 1153 1075 1199 et
1103 1146 1320 1201 lucerna
1353 1156 1405 1201 et
1449 1163 1627 1203 mensa
1657 1157 1705 1203 et
1730 1150 2019 1220 propositio

440 1254 657 1307 partum,
690 1253 808 1308 qua:
853 1246 1043 1292 vocant
1086 1247 1295 1292 sancta.
1334 1238 1461 1295 Post
1510 1239 1798 1294 secundum
1847 1249 2024 1295 autem

442 1329 609 1383 rctnm
661 1337 776 1383 erat
828 1330 1249 1394 tabernaculum,
1300 1331 1442 1402 quod
1493 1340 1713 1386 vocatur
1768 1331 2024 1387 Sanctum

440 1430 768 1485 sanctorum,
829 1437 1045 1476 aureum
1102 1421 1294 1477 habens
1350 1421 1695 1491 thuribulum,
1738 1433 1789 1479 et
1842 1440 2024 1477 arcam

442 1516 742 1570 testamenti
790 1515 1022 1585 undique
1052 1515 1452 1569 circumtectam
1490 1531 1643 1580 auro,
1677 1515 1730 1568 in
1759 1531 1862 1585 qua
1905 1522 2023 1569 erat

441 1624 576 1661 urna
615 1624 777 1663 aurea
813 1607 1007 1662 habens
1040 1625 1257 1673 manna,
1287 1619 1338 1662 et
1373 1608 1518 1680 virga
1550 1608 1731 1662 Aaron
1765 1623 1879 1674 quw
1899 1625 2017 1679 ger-

443 1699 762 1761 minaverat,
805 1696 970 1767 379
1001 1706 1047 1751 et
1078 1697 1274 1751 tabula:
1318 1697 1640 1768 testamenti.
1672 1696 1848 1766 Supra
1886 1697 2020 1752 hanc

444 1798 617 1843 autem
646 1788 922 1845 Cherubin!
957 1789 1142 1860 gloria!
1160 1791 1526 1844 obumbrantia
1554 1790 1977 1859 propitiatorium
2002 1807 2021 1849 ε

443 1881 506 1932 de
529 1881 717 1952 quibus
741 1896 844 1937 non
865 1889 941 1935 est
965 1896 1103 1936 nunc
1132 1881 1412 1936 dicendum
1449 1882 1779 1954 singulatim.

527 2076 781 2132 Ostendit
810 2077 864 2131 in
882 2078 1259 2148 superioribus
1282 2095 1343 2134 ex
1369 2079 1667 2151 mutatione
1691 2082 2013 2149 sacerdotis,

454 2169 710 2224 sacriﬁcii
741 2177 794 2225 et
824 2171 1161 2234 testamenti,
1188 2172 1332 2242 quod
1362 2172 1519 2227 linem
1550 2174 1825 2242 acceperit
1846 2184 2020 2245 vetus,

447 2263 705 2333 quodque
737 2275 937 2317 novum
973 2261 1155 2319 multis
1198 2265 1515 2321 nominibus
1553 2265 1626 2322 sit
1658 2265 1752 2322 illo
1786 2266 1977 2324 melius
2006 2285 2022 2336 ;

450 2371 595 2409 nrrnc
628 2353 918 2412 ostendere
949 2356 1066 2431 vult
1096 2372 1159 2412 ex
1209 2357 1326 2428 ipsa
1358 2358 1720 2428 dispositione
1770 2360 2027 2415 taberna-

445 2450 550 2503 culi
588 2447 731 2518 quod
770 2448 858 2503 illa
889 2447 1091 2503 fuerint
1121 2448 1291 2519 ﬁgura
1323 2464 1581 2504 verorum
1613 2468 1626 2505 :
1662 2466 1825 2522 porro
1852 2451 2025 2517 ﬁgura

451 2544 612 2596 tinem
642 2541 809 2595 sumit
860 2541 950 2595 ubi
983 2542 1189 2596 veritas
1224 2541 1454 2597 accedit.
1490 2540 1646 2608 Quod
1698 2544 1818 2600 ait:
1856 2563 1874 2596 ι
1918 2542 2022 2600 lia-

448 2632 634 2696 bebat,
673 2647 693 2682 ι
724 2630 1000 2701 signiﬁcat
1048 2632 1190 2700 quod
1246 2645 1390 2685 nunc
1428 2647 1533 2685 non
1568 2632 1784 2688 habeat.
1839 2634 2027 2705 itaque

450 2737 763 2793 quanquam
812 2738 920 2778 non
970 2723 1194 2778 omnino
1237 2725 1557 2788 cessaverit,
1591 2738 1658 2780 eo
1698 2727 1844 2795 quod
1890 2743 2028 2782 non-

448 2816 583 2871 nulli
630 2814 810 2870 adbuc
853 2815 956 2885 ipsi
1014 2815 1277 2878 haereant,
1321 2823 1561 2871 attamen
1601 2816 2027 2886 justilirationes

450 2923 560 2962 non
612 2907 790 2963 habet.
836 2935 909 2947 -—-
952 2905 1073 2959 Alio
1142 2904 1314 2961 modo.
1378 2904 1532 2974 Quod
1592 2908 1668 2963 ait
1718 2924 1733 2963 :
1784 2909 2029 2967 Habebat

454 2998 676 3070 quidem
720 2997 1316 3068 priusjustiticationes
1360 2999 1562 3065 cultus,
1596 3015 1706 3055 non
1738 3002 1803 3057 de
1848 3002 2027 3057 taber-

451 3091 646 3147 naculo
702 3090 908 3145 dictum
956 3104 1079 3145 esse
1126 3089 1385 3158 arbitror,
1441 3091 1534 3146 sed
1578 3092 1646 3149 de
1697 3097 1817 3164 ipso
1858 3094 2026 3150 veteri

2049 1855 2097 1915 B

2182 873 2322 943 εἶχε
2348 875 2465 943 μὲν
2503 874 2618 932 οὖν
2646 877 2744 932 καὶ
2786 876 2824 945 ἠ
2871 878 3072 948 πρώτη
3106 882 3309 949 σκηνὴ
3340 880 3707 952 δικαιώματα

2117 964 2423 1030 λατρείας,
2449 969 2520 1021 τό
2546 983 2611 1021 τε
2632 966 2804 1038 ἅγιον
2832 973 3148 1040 κοσμικόν.
3187 971 3394 1042 Σκηνὴ
3430 974 3541 1043 γὰρ
3562 993 3705 1029 κατ-

2117 1056 2466 1126 εσκευάσθη
2499 1059 2538 1126 ἠ
2567 1058 2792 1128 πρώτη,
2843 1062 2917 1116 ἐν
2960 1056 3000 1133 ᾖ
3058 1062 3098 1131 ἦ
3128 1081 3193 1118 τε
3234 1066 3483 1132 λυχνία,
3514 1068 3611 1121 καὶ
3664 1070 3705 1137 ἡ

2119 1145 2391 1216 τράπεζα,
2423 1150 2526 1204 καὶ
2562 1152 2601 1220 ἡ
2658 1154 2948 1221 πρόθεσις
2975 1153 3093 1208 τῶν
3114 1154 3334 1223 ἀρτων,
3376 1157 3510 1225 ἣτις
3533 1163 3707 1230 λέγε-

2122 1257 2217 1295 ται
2270 1242 2435 1312 ἁγία.
2491 1245 2655 1299 Μετὰ
2711 1245 2782 1300 δὲ
2819 1246 2887 1300 τὸ
2937 1246 3220 1315 δεύτερον
3251 1250 3704 1322 καταπέτασμα,

2120 1333 2325 1403 σκηνὴ
2359 1337 2397 1405 ἡ
2421 1337 2925 1409 λεπυμένη,⁹Αγια
2948 1339 3135 1410 ἁγίων
3178 1343 3456 1411 χρυσοῦν
3473 1346 3710 1413 ἔχουσα

2123 1425 2535 1495 θυμιατήριον,
2600 1430 2701 1485 καὶ
2761 1429 2877 1499 τὴν
2942 1432 3194 1487 κιϐωτὸν
3242 1433 3355 1502 τῆς
3411 1434 3709 1504 διαθήκης

2124 1519 2727 1589 περικεκαλυμμένην
2759 1521 3061 1578 πάντοθεν
3107 1527 3359 1594 χρυσίῳ,
3387 1526 3459 1580 ἐν
3561 1529 3709 1583 στά-

2119 1626 2274 1678 μνος
2322 1612 2525 1681 χρυσῆ
2584 1613 2817 1682 ἔχουσα
2865 1615 2933 1670 τὸ
2976 1615 3201 1686 μάννα,
3254 1618 3354 1671 καὶ
3405 1619 3445 1687 ἠ
3476 1619 3710 1688 ῥάϐδος

2130 1700 2357 1768 Ἀαρὼν
2392 1704 2429 1771 ἡ
2456 1704 2900 1773 βλαστήσασα,
2942 1707 3041 1761 καὶ
3073 1711 3135 1764 at
3165 1709 3396 1776 πλάκες
3433 1710 3546 1779 τῆς
3577 1712 3710 1767 δια·

2128 1791 2339 1861 θήκης.
2392 1794 2696 1864 ’Υπεράνω
2753 1796 2823 1851 δὲ
2867 1796 3095 1867 αὐτῆς,
3164 1801 3459 1870 Χερουϐὶμ
3512 1802 3709 1870 δόξης

2114 1884 2607 1946 ’κατασκιάζοντα
2640 1888 2706 1943 τὸ
2737 1892 3123 1961 ἱλαστήριον·
3152 1895 3287 1963 περὶ
3307 1890 3395 1949 ὧν
3424 1898 3536 1951 οὐκ
3568 1897 3711 1952 ἐστι

2120 1977 2241 2032 νῦν
2267 1980 2469 2051 λέγειν
2500 1983 2652 2038 κατὰ
2676 1984 2880 2054 μέρος.

2200 2070 2441 2136 Ἐδειξεν
2475 2072 2587 2128 ἄνω
2616 2075 2725 2129 ἀπὸ
2752 2080 2852 2148 τῆς
2895 2079 3198 2153 ἐναλλαγῆς
3219 2083 3317 2136 τοῦ
3351 2086 3563 2158 ἱερέως,
3606 2086 3711 2156 τῆς

2126 2158 2455 2232 ἱερωσύνης,
2482 2167 2581 2233 τῆς
2611 2164 2900 2238 διαθήκης,
2941 2169 3021 2223 ὅτι
3068 2171 3222 2236 τέλος
3266 2174 3490 2245 εἴληφεν
3534 2179 3569 2248 ή
3601 2195 3711 2231 πα·

2125 2251 2271 2319 λαιὰ,
2307 2254 2401 2307 καὶ
2431 2255 2513 2308 ὅτι
2545 2258 2787 2327 ἀμείνων
2831 2260 3051 2332 ἐκείνης
3092 2264 3124 2335 ή
3172 2265 3272 2320 νέα
3322 2267 3539 2331 πολλοῖς
3575 2268 3714 2339 σιιρό⁴

2127 2363 2283 2409 ποιςο
2320 2345 2416 2401 νῦν
2446 2348 2614 2415 δεῖξαι
2667 2351 2810 2405 θέλει
2860 2353 2921 2418 ἐξ
2959 2355 3126 2410 αὐτοῦ
3156 2356 3249 2410 τοῦ
3283 2360 3565 2429 σχήματος
3604 2361 3712 2431 τῆς

2130 2437 2360 2508 σκηνῆς,
2394 2440 2478 2493 ὅτι
2524 2440 2695 2508 τύπος
2742 2440 2811 2518 ἦν
2854 2447 3038 2501 ἐκεῖνα
3074 2448 3186 2504 τῶν
3212 2451 3503 2521 ἀληθινῶν.
3548 2452 3614 2506 '0
3651 2454 3712 2507 δὲ

2125 2530 2315 2599 τύπος,
2375 2536 2475 2606 τῆς
2519 2536 2779 2607 ἀληθείας
2825 2540 3161 2612 ἐπιστάσης,
3225 2543 3375 2607 τέλος
3407 2543 3710 2614 λαμϐάνει.

2130 2624 2226 2691 Τὸ,
2259 2643 2278 2679 ι
2313 2622 2474 2699 Εἶχε,
2507 2645 2531 2682 ι
2562 2629 2735 2701 δηλοῖ,
2771 2632 2853 2686 ὅτι
2894 2633 2988 2687 νῦν
3022 2634 3122 2688 οὐκ
3159 2634 3291 2706 ἔχει.
3320 2637 3485 2692 ’Ὥστε
3514 2638 3562 2690 εἰ
3611 2636 3713 2692 καὶ

2132 2721 2206 2789 μὴ
2238 2719 2522 2785 παντελῶς
2553 2721 2832 2779 ἐπαύσατο
2858 2724 2947 2781 διὰ
2967 2724 3053 2791 τὸ,
3080 2726 3233 2790 τινὰς
3264 2727 3401 2798 αὐτῇ
3432 2727 3517 2781 ἔτι
3552 2744 3714 2782 στοι-

2128 2811 2264 2879 χείν,
2300 2810 2368 2864 τὰ
2433 2811 2622 2880 μέντοι
2672 2811 3018 2885 δικαιώματα
3052 2814 3151 2867 οὐκ
3182 2813 3316 2885 ἔχει.
3342 2845 3414 2855 -
3438 2817 3709 2881 Ἄλλως.

2134 2899 2337 2975 [eum
2358 2902 2451 2966 Τὸ,
2473 2899 2600 2977 Εϊχε
2638 2903 2738 2974 μὲν
2770 2908 2803 2976 ἡ
2836 2905 3027 2979 πρώτη
3054 2906 3398 2979 δικαιώματα
3424 2906 3711 2980 λατρείας,

2131 2994 2193 3047 ού
2225 2995 2354 3065 περὶ
2384 2996 2484 3066 τῆς
2509 2998 2718 3068 σκηνῆς
2748 2998 3005 3070 εἰρῆσθαι
3030 3000 3255 3071 νομίζω,
3281 2999 3417 3055 ἀλλὰ
3445 3001 3580 3071 περὶ
3615 3005 3714 3056 αὑ-

2129 3087 2232 3158 τῆς
2246 3091 2343 3161 τῆς
2360 3089 2595 3154 παλαιᾶς
2614 3090 2904 3162 διαθήκης.
2926 3092 3001 3145 Ού
3029 3092 3139 3163 γὰρ
3168 3093 3267 3164 τὴν
3300 3094 3505 3165 σκηνὴν
3520 3099 3591 3164 τῇ
3613 3096 3714 3167 νέᾳ

450 3188 798 3238 testamento.
834 3179 1022 3251 Neque
1052 3180 1195 3237 enim
1245 3181 1661 3238 tabernaculum
1709 3184 2023 3242 conterebat

2134 3178 2416 3250 συνέκρινε
2444 3180 2704 3254 διαθήκῃ,
2741 3181 2855 3236 ἀλλ’
2890 3181 3016 3253 ὃλην
3038 3183 3137 3254 τὴν
3166 3182 3405 3237 παλαιὰν
3434 3183 3713 3256 διαθήκην

451 3290 574 3331 cum
611 3288 751 3330 [10νο
802 3280 1152 3337 testamento,
1189 3273 1284 3330 εειΙ
1319 3283 1491 3330 totum
1524 3284 1679 3334 νειιιε
1730 3286 2025 3335 testamen-

451 3373 568 3421 tum
618 3380 740 3421 cum
784 3378 946 3431 novo,
1004 3373 1058 3420 et
1112 3380 1277 3436 supra
1326 3373 1499 3423 totum
1533 3368 1665 3423 illud
1705 3371 2025 3427 ostendebat

453 3458 619 3528 huius
640 3457 1042 3513 excellentiam.
1085 3457 1245 3524 Nam,
1281 3476 1301 3511 ι
1341 3459 1484 3516 Ecce
1524 3461 1744 3533 (inquit)
1786 3462 1904 3519 dies
1931 3479 2029 3519 ve-

454 3554 635 3617 niunt,
666 3549 1132 3605 etconsummabo
1155 3566 1320 3623 super
1344 3551 1565 3607 domum
1591 3555 1756 3609 Israel
1779 3564 1832 3611 et
1862 3571 2026 3626 super

455 3645 677 3699 domum
709 3641 849 3697 Juda
881 3649 1267 3698 testamentum
1300 3659 1522 3711 novum,
1547 3660 1655 3700 non
1678 3646 1832 3716 juxta
1865 3655 2026 3702 testa-

456 3746 705 3791 mentum
740 3734 883 3805 quod
917 3734 1161 3805 disposui
1198 3735 1443 3806 patribus
1475 3736 1712 3793 illorum.
1748 3758 1768 3790 ι
1808 3736 1873 3792 Et
1903 3755 2026 3793 rur-

456 3843 601 3882 sum:
628 3827 760 3881 «Per
781 3826 881 3880 hoc
914 3824 1058 3898 quod
1085 3825 1236 3893 dicit,
1262 3827 1797 3900 novum,antiquavit
1817 3830 2024 3902 prius.»

455 3920 523 3977 Et
539 3919 628 3977 bis
643 3919 802 3975 dictis
817 3918 1124 3990 subiungit;
1146 3917 1619 3992 illabebatitaque
1634 3922 1795 3977 etiam
1818 3924 2022 3994 prius.»

459 4011 803 4068 Manifestum
848 4026 978 4083 ergo
1021 4010 1166 4083 quod
1208 4011 1277 4067 de
1326 4019 1654 4069 testamento
1708 4014 1884 4071 adhuc
1928 4016 2031 4086 ipsi

460 4118 641 4160 sermo
669 4111 772 4160 est.
808 4102 1084 4171 Quoniam
1117 4103 1262 4159 enim
1293 4101 1639 4175 depresserat
1672 4105 1848 4176 ipsum
1876 4121 2032 4161 com-

458 4198 741 4267 paratione
790 4196 860 4250 ad
905 4210 1130 4261 novum,
1187 4211 1257 4251 ne
1305 4197 1429 4264 quis
1475 4198 1699 4265 diceret,
1730 4199 1872 4268 quod
1927 4214 2032 4254 non

461 4307 678 4363 semper
706 4290 981 4361 abjectum
1028 4289 1214 4353 fuerit,
1245 4292 1507 4361 praevenit
1545 4294 1734 4349 dicens
1767 4292 1913 4363 quod
1942 4293 2037 4347 ba-

460 4385 624 4441 bebat
669 4380 833 4439 etiam
884 4382 1018 4438 illud
1065 4383 1492 4451 iustiﬁcationes
1536 4384 1738 4448 cultus,
1787 4385 1930 4454 leges
1982 4393 2036 4438 et

461 4475 729 4537 ordinem,
766 4487 831 4528 ac
867 4487 930 4527 ea
973 4487 1094 4543 quae
1146 4472 1427 4528 decentem
1464 4471 1560 4528 Dei
1608 4473 1814 4528 cultum
1844 4488 2038 4529 conse-

2127 3276 2194 3346 τῇ
2223 3274 2339 3347 νέᾳ,
2374 3275 2636 3346 καὶπρὸς
2667 3276 2794 3346 ὃλην
2839 3275 3057 3346 ἐκείνην
3103 3275 3307 3346 ταύτης
3353 3275 3567 3329 ἐδείκνυ
3610 3277 3715 3347 τὴν

2125 3365 2420 3437 ὑπεροχήν.
2455 3384 2473 3418 ι
2513 3366 2642 3420 Ἰδοὺ
2683 3366 2815 3437 γὰρ,
2842 3366 3026 3436 φησὶν,
3055 3365 3260 3436 ἡμέραι
3294 3364 3570 3435 ἔρχονται,
3619 3367 3716 3420 καὶ

2127 3457 2432 3512 συντελέσω
2466 3458 2561 3512 ἐπὶ
2590 3458 2681 3512 τὸν
2729 3454 2879 3513 οἶκον
2913 3459 3132 3529 Ἰσραὴλ
3165 3458 3261 3512 καὶ
3296 3460 3389 3512 ἐπὶ
3424 3459 3517 3513 τὸν
3552 3455 3715 3514 οἶκον

2140 3545 2311 3602 Ἰούδα
2350 3548 2620 3619 διαθήκην
2651 3549 2865 3619 καινὴν,
2912 3548 2973 3601 ού
3021 3548 3165 3603 κατὰ
3208 3548 3305 3620 τὴν
3333 3548 3610 3620 διαθήκην
3649 3550 3718 3620 ἢν

2124 3637 2380 3710 διεθέμην
2409 3640 2519 3704 τοῖς
2542 3639 2807 3709 πατράσιν
2829 3639 3029 3694 αὐτῶν,
3060 3659 3078 3691 ι
3112 3640 3222 3692 Καὶ
3242 3638 3433 3693 πάλιν·
3463 3658 3483 3692 ι
3518 3640 3616 3694 Ἐν
3638 3640 3719 3711 τῷ

2126 3726 2307 3796 λέγειν
2330 3728 2545 3799 καινὴν,
2572 3728 2926 3783 πεπαλαίωκε
2950 3729 3047 3798 τὴν
3069 3729 3348 3800 πρώτην.»
3388 3731 3499 3783 Καὶ
3532 3730 3719 3784 ταῦτα

2128 3820 2318 3887 εἰπὼν,
2337 3822 2552 3891 ἐπάγει·
2580 3841 2597 3873 ι
2614 3819 2735 3891 Εἶχε
2762 3823 2859 3890 μὲν
2879 3821 2971 3875 οὖν
2996 3824 3139 3892 καὶὴ
3166 3821 3413 3893 πρώτη.)
3437 3823 3609 3876 Ὥστε
3623 3822 3721 3893 δῆ-

2130 3913 2242 3979 λον,
2275 3913 2356 3967 ὅτι
2384 3914 2513 3984 περὶ
2543 3913 2643 3983 τῆς
2671 3913 2938 3983 διαθήκης
2964 3912 3113 3984 αύτῷ
3153 3912 3234 3966 ἔτι
3269 3913 3298 3965 ὁ
3325 3912 3507 3982 λόγος.
3543 3915 3714 3968 Ἐπεὶ

2132 4006 2241 4077 γὰρ
2270 4003 2570 4059 κατέϐαλεν
2612 4004 2780 4075 αὐτὴν
2808 4006 2875 4076 τῇ
2917 4005 3053 4075 πρὸς
3085 4005 3184 4073 τὴν
3215 4004 3343 4058 νέαν
3375 4004 3717 4077 παραθέσει,

2132 4098 2219 4152 ῐνα
2247 4097 2320 4168 μή
2355 4114 2437 4161 τις
2469 4096 2619 4168 εἴπῃ,
2645 4097 2729 4149 ὅτι
2756 4094 2966 4150 Οὐκοῦν
2994 4095 3081 4149 ἀεὶ
3112 4096 3421 4167 ἀπόϐλητος
3445 4092 3536 4168 ἦν,
3575 4113 3719 4166 προ·

2132 4172 2504 4263 λαϐὼν,φησὶ,
2528 4192 2611 4245 ὅτι
2641 4186 2755 4262 εἶχε
2786 4190 3017 4259 κάκείνη
3052 4189 3405 4260 δικαιώματα
3428 4189 3720 4259 λατρείας,

2134 4285 2352 4353 νόμους,
2390 4283 2544 4354 φησὶ,
2576 4284 2672 4336 καὶ
2718 4280 2871 4347 τάξιν
2906 4282 3000 4335 καὶ
3037 4281 3362 4335 ἀκολουθίαν
3386 4280 3724 4350 ἐμπρέπου-

2140 4392 2240 4429 σαν
2271 4374 2498 4447 λατρείᾳ
2526 4373 2685 4430 Θεοῦ.
2720 4371 2906 4428 Εἰπὼν
2936 4372 2993 4426 δὲ
3018 4371 3162 4426 κατὰ
3193 4371 3350 4440 γένος
3377 4373 3459 4426 ὅτι
3490 4371 3616 4442 εἶχε
3648 4372 3728 4425 δι-

2139 4466 2434 4540 καιώματα
2478 4466 2760 4538 λατρείας,
2808 4464 3310 4538 ἐπεξέρχεται-καὶ
3354 4464 3501 4519 κατὰ
3548 4464 3727 4535 μέρος

463 4569 725 4634 quuntur.
753 4561 853 4618 Ubi
886 4560 1069 4617 autem
1105 4561 1157 4616 in
1198 4575 1399 4633 genere
1444 4562 1583 4616 dixit
1613 4548 1758 4632 quod
1797 4560 2028 4617 habebat

2134 4558 2439 4632 ἀρξάμενος
2467 4559 2576 4612 ἀπὸ
2619 4558 2716 4628 τῆς
2763 4557 2984 4628 σκηνῆς.
3024 4576 3043 4609 ι
3074 4552 3224 4627 Εἶχε,
3256 4556 3411 4627 φησι,
3458 4556 3521 4609 τὸ
3564 4557 3729 4623 ἅγιον

459 4654 886 4727 justilieationes
909 4654 1122 4721 cultus,
1152 4661 1403 4711 recenset
1439 4654 1603 4710 etiam
1638 4653 2032 4724 particulatim,

465 4729 736 4816 incipiens
758 4762 793 4800 ιι
814 4744 1193 4801 tabernaculo.
1231 4742 1527 4811 «Habebat,
1560 4744 1756 4815 inquit,
1786 4753 2035 4799 sanctum

466 4836 842 4904 mundanum;
877 4853 896 4889 ι
927 4833 1126 4891 deinde
1154 4841 1274 4905 post
1295 4842 1547 4890 sanctum
1598 4837 1930 4890 mundanum
1986 4844 2042 4891 et

466 4929 615 5000 quod
644 4930 864 5001 patebat
903 4928 1180 4997 omnibus,
1227 4928 1466 4985 habebat
1509 4942 1729 4984 rursum
1773 4927 1917 4985 aliud
1955 4936 2039 4983 ta-

468 5022 850 5087 bernaculum,
903 5020 1328 5092 praeordinatum
1359 5019 1428 5075 ad
1479 5021 1746 5076 secretius
1779 5019 1958 5075 adhuc
1987 5028 2042 5076 et

470 5116 718 5169 sanctius
768 5113 1210 5169 tabernaculum.
1260 5109 1327 5167 Et
1372 5113 1429 5169 in
1472 5114 1644 5185 priori
1673 5114 1892 5183 quidem
1924 5122 2043 5169 erat

468 5205 693 5277 lucerna
719 5218 784 5259 ac
831 5203 1136 5274 propositio
1158 5198 1365 5273 panum
1396 5200 1580 5275 :quod
1622 5196 2040 5261 tabernaculum

468 5311 577 5352 non
620 5294 823 5355 dicitur
851 5304 1106 5351 sanctum
1135 5282 1494 5363 mundanum,
1541 5295 1687 5352 sicut
1722 5294 1858 5373 illud
1897 5295 2044 5365 quod

468 5389 710 5460 primum
739 5396 862 5443 erat
893 5386 1141 5443 omnium
1169 5378 1671 5454 tabernaculorum,
1704 5388 1802 5448 sed
1832 5386 2045 5460 simpli-

468 5481 609 5537 citer
623 5487 837 5536 sancta.
855 5479 986 5535 Post
1004 5480 1138 5535 illud
1162 5466 1343 5537 autem
1360 5478 2042 5539 tabernaculum.Prirnum

470 5571 854 5639 dixit,..roluti
900 5570 1235 5631 conferendo
1286 5572 1654 5654 ad‘san‘mum
1702 5568 2041 5642 sanctorum,

472 5665 731 5736 quoidam
770 5678 880 5721 non
918 5662 1037 5721 erat
1068 5667 1313 5738 primum
1358 5666 1452 5725 sed
1488 5667 1750 5726 medium.
1799 5664 2042 5723 Primum

548 5847 591 5880 ’ν
621 5844 784 5901 Rom.
810 5859 932 5905 νιιι.
961 5844 1016 5899 5.

2137 4652 2420 4724 κοσμικόν.
2438 4672 2456 4705 ι
2486 4647 2620 4706 Εἶτα
2649 4652 2787 4723 μετὰ
2807 4650 2869 4703 τὸ
2897 4650 3052 4719 ἅγιον
3075 4649 3137 4702 τὸ
3163 4647 3426 4719 κοσμικὴν
3458 4648 3556 4701 καὶ
3587 4649 3728 4701 πᾶσι

2140 4746 2323 4821 βατὸν,
2386 4743 2498 4818 εἶχε
2532 4745 2693 4802 πάλιν
2722 4746 2916 4819 ἑτέραν
2975 4743 3206 4815 σκηνὴν,
3263 4742 3730 4813 προτεταγμένην

2137 4842 2239 4911 τῆς
2272 4838 2687 4912 μυστικωτέρας
2733 4838 2812 4890 ἑτι
2871 4836 2970 4890 καὶ
2998 4836 3307 4908 ἁγιωτέρας
3335 4833 3570 4905 σκηνῆς.
3618 4835 3732 4886 Καὶ

2143 4933 2202 4986 ἐν
2235 4931 2332 5003 μὲν
2361 4933 2428 5002 τῇ
2462 4927 2905 5001 προτεταγμένῃ,
2925 4927 2960 4999 ἧ
2990 4944 3049 4982 τε
3074 4927 3266 4998 λυχνία
3294 4927 3434 4995 xuii;
3461 4925 3733 4995 πρόθεσις

2141 5024 2252 5078 τῶν
2281 5022 2483 5093 ἄρτων,
2515 5021 2639 5093 ητις
2676 5020 2876 5092 σκηνὴ,
2923 5020 2982 5075 οὺ
3007 5020 3229 5089 λέγεται
3256 5016 3519 5088 κοσμικὴν
3547 5017 3733 5084 ἅγιον,

2148 5113 2340 5185 ὥσπερ
2372 5113 2405 5182 ή
2437 5111 2627 5183 πασῶν
2675 5111 2875 5182 σκηνὴ,
2899 5108 3117 5182 πρώτη,
3160 5107 3293 5173 ἀλλ’,
3327 5108 3515 5170 ἁπλῶς
3570 5106 3733 5173 ἅγια.

2148 5202 2281 5267 Μετ’
2313 5202 2616 5275 ἐκείνηνηδὲ
2647 5197 3267 5273 σκηνή.-[ΟΙΚοΥΜ.]
3301 5199 3367 5254 Ἦ
3399 5196 3623 5270 πρώτη,
3650 5192 3733 5249 εἰς

2151 5277 2273 5362 πεν,
2291 5296 2366 5362 ὡς
2390 5294 2525 5371 πρὸς
2546 5288 2612 5349 τά
2645 5296 2779 5365 ἅγια
2807 5294 2919 5351 τῶν
2941 5294 3272 5365 ἁγίων,ὲπεὶ
3288 5295 3389 5348 οὐκ
3412 5289 3479 5364 ἦν
3508 5291 3737 5363 πρώτη,

2150 5388 2290 5449 ἀλλὰ
2314 5387 2724 5465 μέσηηιῖρὼτη
2761 5387 2872 5459 γὰρ
2894 5383 2996 5460 ῖῆν,
3020 5387 3149 5441 ἔνθα
3177 5387 3240 5440 τὸ
3264 5385 3502 5458 χαλκοῦν
3538 5386 3732 5445 Bucca.-

2153 5470 2517 5563 στήριοντῶν
2546 5469 2746 5547 θύσιῶν
2786 5480 2878 5532 καὶ
2910 5478 3020 5533 τῶν
3062 5477 3554 5549 ὁλοκαυτωμάτων.
3594 5477 3733 5529 Azo-

2150 5573 2287 5645 τέρα
2337 5571 2499 5640 αὓτη,
2555 5562 2693 5646 περὶί
2725 5564 2794 5644 ἦς
2826 5587 3014 5644 φησιν,
3054 5570 3144 5624 Ἐν
3256 5571 3290 5640 ή
3316 5568 3528 5640 λυχνία,
3560 5569 3665 5631 καὶ
3702 5566 3740 5635 ἠ

2156 5664 2411 5741 ποόθεσις
2441 5664 2549 5721 τῶν
2573 5664 2751 5738 ἄρτων
2778 5667 2836 5720 ὲν
2864 5666 2932 5737 τῇ
2961 5663 3247 5737 τραπέζῃ..
3267 5662 3465 5734 Τρίτη,
3494 5663 3554 5716 ὲν
3596 5655 3635 5738 ᾖ
3681 5655 3745 5712 τὸ
