3970 6566
254 393 355 457 389

1262 399 1646 462 COMMENT.
1675 399 1763 462 IN
1790 399 2028 462 EPIST.
2070 401 2170 464 AD
2190 401 2437 465 ‘HEBRZ

3407 404 3518 469 370

252 502 877 598 lpumﬁvﬁuptﬂﬁptov
907 508 1005 565 καὶ
1037 509 1071 582 ἢ
1118 509 1353 575 κιϐωτὸς
1395 511 1496 582 τῆς
1534 511 1826 585 διαθήκης.

1943 529 2171 587 namque
2220 526 2338 571 erat
2394 513 2531 570 illud
2562 513 2656 570 ubi
2704 513 2871 569 situm
2920 522 3058 571 erat
3090 529 3300 573 aeneum
3346 517 3520 571 altare

257 616 274 646 ι
309 596 672 669 Δικαιώματα
713 599 991 671 λατρείας.
1043 619 1062 654 ι
1112 601 1387 673 Σύμϐολα,
1436 603 1676 675 θεσμοὺς
1731 605 1830 658 λα-

249 686 439 758 τρειῶν
461 690 565 743 καὶ
589 691 788 762 εὐχῶν.
813 711 834 744 ι
865 692 938 746 Τό
958 710 1019 746 τε
1046 692 1203 762 ἅγιον
1230 694 1516 765 κοσμικόν.
1560 714 1579 746 ι
1596 734 1599 737 μ
1615 690 1830 766 Κοσμιὲ

249 781 338 835 κὸν
362 781 500 836 αὐτὸ
532 783 708 852 λέγει,
732 785 820 839 διὰ
849 786 913 838 τὸ
948 787 1115 839 πᾶσιν
1140 785 1343 851 ἐξεῖναι
1371 787 1829 857 είσιέναι.”Δγιον

248 876 299 929 δὲ
327 877 567 932 ἐνταῦθα
599 879 759 932 καλεῖ
800 879 892 933 τὸν
927 879 1057 933 ναὸν
1112 880 1363 943 είκότως,
1418 881 1476 935 ἐν
1510 874 1555 951 ᾧ
1584 881 1684 953 τὴν
1722 882 1835 934 λει-

247 973 506 1044 τουργίαν
528 974 884 1029 ἀποδίδοσθαι
938 974 1019 1046 τῷ
1051 975 1172 1046 Θεῷ
1205 976 1549 1042 συνέϐαινεν,
1591 977 1704 1029 εἴτε
1740 977 1837 1030 καὶ

246 1066 337 1135 τὴν
363 1067 599 1136 σκηνὴν,
654 1067 845 1140 ἐπειδὴ
869 1068 1075 1138 ταύτην
1125 1071 1187 1123 ἐν
1211 1069 1364 1136 τάξει
1402 1070 1497 1123 τοῦ
1543 1070 1670 1124 ναοῦ
1700 1071 1837 1141 πρὸ-

246 1173 396 1224 τερον
428 1153 607 1227 εἶχον,
630 1158 806 1221 οὕτως
845 1160 1015 1232 αὐτὴν
1043 1159 1359 1224 καλοῦντες.
1392 1161 1504 1215 Καὶ
1533 1160 1692 1216 τοῦτο
1725 1179 1833 1233 μα-

246 1246 359 1298 θεῖν
382 1246 542 1300 ἐστιν
590 1249 703 1302 ἀπὸ
753 1251 855 1318 τῆς
902 1251 1129 1322 πρώτης
1158 1252 1269 1306 τῶν
1306 1251 1834 1323 Βασιλειῶνσαφῶς

246 1337 511 1408 λεγούσης
529 1355 545 1370 ⁸
588 1356 606 1391 ι
646 1342 758 1393 Καὶ
787 1342 1039 1412 Σαμουὴλ
1069 1342 1367 1397 ἐκάθευδεν
1392 1344 1453 1396 ἐν
1481 1344 1557 1413 τῷ
1582 1343 1696 1415 ναῷ
1716 1345 1834 1397 Κυ-

250 1429 379 1500 ρίου,
414 1427 480 1486 οῦ
506 1428 582 1502 ἦν
612 1434 647 1503 ή
674 1434 911 1498 κιϐωτὸς
932 1434 1027 1488 τοῦ
1055 1435 1214 1491 Θεοῦ.
1259 1454 1278 1489 ι
1310 1434 1382 1490 Τὸ
1413 1431 1506 1491 οὖν
1536 1435 1837 1506 5.1mqu-

248 1524 345 1587 o‘w,
376 1526 475 1577 ἐπὶ
506 1525 614 1594 τῆς
638 1526 874 1591 παλαιᾶς
901 1527 1167 1600 διαθήκης
1188 1523 1259 1599 ῆν
1276 1529 1566 1600 κοσμικὸν,
1593 1529 1680 1583 ἵνα
1704 1530 1833 1602 εἴπῃ

244 1616 319 1668 ὃτι
354 1619 778 1673 κατεσκεύαστο
815 1622 842 1674 6
867 1621 995 1684 ναὸς
1031 1622 1111 1685 είς
1136 1621 1307 1676 τύπον
1331 1621 1426 1677 τοῦ
1461 1624 1691 1691 κόσμου.
1728 1624 1835 1676 Πε-

246 1707 438 1777 ποίηκε
471 1710 576 1778 μὲν
602 1708 697 1763 οῦν
723 1712 750 1765 6
779 1711 912 1775 Θεὸς
941 1711 1034 1765 τὸν
1079 1712 1309 1784 οὐρανὸν
1335 1714 1432 1767 καὶ
1460 1713 1559 1786 τὴν
1589 1714 1711 1785 γῆν,
1754 1714 1830 1778 ὼς

246 1798 543 1867 ὁΜωῦσῆς
601 1817 795 1869 φησιν,
852 1803 909 1854 ἐν
958 1803 1126 1873 ἀρχῇ,
1173 1802 1404 1873 οὐρανὸν
1435 1804 1526 1858 τὸν
1561 1805 1834 1875 ἀνώτερον

1930 607 2281 663 victimarum
2344 617 2399 685 et
2449 608 3348 681 liolocautomatum;‘secundum
3395 609 3519 671 hoc.

1929 701 1998 756 de
2029 716 2141 773 quo
2173 703 2249 757 ait
2275 702 2489 774 :380
2511 703 2570 758 in
2601 719 2710 774 quo
2737 712 2857 758 erat
2885 703 3110 757 lucerna
3139 708 3196 758 et
3219 703 3522 774 propositio

1934 809 2139 865 panum
2169 795 2223 849 in
2259 810 2470 851 mensa.
2498 795 2745 850 Tertium
2780 793 2835 849 in
2866 809 2977 864 quo
3002 807 3233 849 aureum
3271 794 3523 848 thuribu-

1935 887 2049 940 ium
2080 893 2135 941 et
2164 900 2292 943 arca
2340 886 2679 942 testamenti.
2724 904 2743 938 ι
2776 884 3211 941 Justiﬁrationes
3240 887 3458 950 cultus;
3498 902 3517 936 ι

1933 972 2045 1033 hoc
2062 987 2146 1035 est
2175 979 2420 1050 symbola
2464 992 2766 1049 sacrosque
2797 980 2988 1033 cultus
3020 978 3225 1033 rituum
3266 986 3321 1033 et
3364 984 3525 1032 voto-

1932 1081 2076 1121 rum.
2121 1068 2256 1122 rAc
2277 1075 2527 1123 sanctum
2563 1068 2925 1123 mundanum.
2955 1088 2975 1120 ›
3011 1067 3346 1123 Mundanum
3388 1066 3523 1121 dicit

1934 1158 2114 1229 ipsum
2159 1174 2226 1215 co
2260 1161 2403 1230 quod
2440 1160 2702 1231 omnibus
2734 1161 2923 1216 liceret
2968 1160 3099 1215 illud
3135 1158 3367 1229 ingredi.
3422 1157 3522 1213 llic

1932 1258 2114 1305 autem
2162 1252 2420 1322 templum
2473 1253 2670 1308 merito
2702 1262 2860 1308 vocat
2889 1260 3143 1308 sanctum
3175 1252 3233 1307 in
3262 1266 3374 1322 quo
3409 1249 3521 1308 Deo

1934 1341 2206 1397 sacriﬁcia
2259 1341 2656 1409 offerebantur,
2688 1343 2807 1401 sive
2855 1344 3021 1400 etiam
3079 1344 3518 1408 tabernaculum,

1933 1436 2194 1506 quoniam
2228 1435 2341 1492 hoc
2390 1437 2664 1493 habebant
2712 1439 2944 1506 primum
2983 1438 3038 1493 in
3071 1437 3266 1493 ordine
3306 1437 3517 1507 templi,

1932 1525 2008 1580 ita
2039 1526 2176 1582 illud
2210 1527 2575 1597 appellantes.
2609 1529 2774 1598 hique
2819 1528 3032 1584 discere
3070 1528 3200 1584 licet
3241 1544 3305 1582 ex
3343 1529 3522 1598 primo

1937 1615 2145 1689 Regum
2192 1619 2285 1689 qui
2334 1630 2521 1689 aperte
2553 1622 2685 1675 dicit
2718 1640 2730 1675 :
2763 1639 2782 1673 ι
2836 1621 2902 1674 Et
2936 1621 3156 1676 Samuel
3215 1620 3522 1676 dormiebat

1932 1709 1990 1764 in
2023 1709 2225 1779 templo
2252 1710 2462 1767 Domini
2494 1713 2545 1767 in
2567 1728 2677 1783 quo
2698 1723 2818 1769 erat
2841 1728 2967 1767 arca
3002 1710 3095 1768 Dei
3118 1712 3184 1768 ³⁸.
3209 1731 3229 1765 ι
3259 1712 3519 1769 Sanctum

1936 1801 2105 1871 igitur
2135 1802 2187 1856 in
2222 1802 2395 1858 veteri
2429 1812 2757 1860 testamento
2785 1815 2903 1861 erat
2937 1804 3279 1859 mundanum
3307 1821 3323 1871 ;
3350 1804 3520 1859 veluti

248 1888 444 1957 λέγων,
475 1894 546 1962 τῇ
576 1892 811 1966 δευτέρᾳ
842 1892 1050 1966 ἡμέρᾳ,
1090 1893 1182 1948 τὸν
1212 1894 1494 1967 ὁρώμενον
1522 1896 1711 1951 τοῦτον
1741 1899 1833 1951 οὐ·

1943 1892 2343 1963 iiicendoquod
2379 1904 2723 1950 exstructum
2756 1907 2875 1952 erat
2904 1898 3169 1968 templum
3203 1898 3254 1952 in
3292 1897 3520 1969 ﬁguram

250 1982 405 2052 ρανὸν
444 1985 520 2067 ,ἐν
555 1984 708 2056 μέσῳ
741 1986 850 2040 τῶν
883 1988 1093 2042 ὑδάτων
1139 1988 1440 2060 ὑποστῆναι
1473 1989 1829 2060 παρασκευά-

252 2092 343 2140 σας
367 2093 383 2108 ο
416 2077 565 2132 ὥστε
594 2081 692 2133 καὶ
722 2079 1008 2149 causam
1041 2080 1188 2152 ἔχειν
1217 2083 1310 2136 ἐπὶ
1351 2083 1506 2136 νότου
1532 2082 1601 2136 τὰ
1635 2081 1826 2137 ὕδατα.

256 2167 462 2240 Ὠσπερ
524 2165 620 2224 οὖν
672 2170 945 2243 σύμϐολον
1002 2172 1099 2227 τοῦ
1152 2174 1359 2245 κόσμου
1417 2174 1832 2230 κατασκευάσαι

252 2260 388 2313 κατά
420 2278 550 2314 τινα
580 2261 751 2316 τύπον
778 2265 973 2318 Μωσεῖ
996 2263 1234 2318 κελεύων
1261 2267 1290 2320 6
1317 2265 1472 2329 Θεὸς,
1491 2265 1591 2335 τὴν
1625 2265 1831 2336 σκηνὴν

254 2353 588 2419 προσέταξεν
627 2353 806 2425 αὐτῷ·
858 2373 879 2407 ι
914 2355 1213 2428 Περίϐολον
1258 2357 1510 2426 ποιήσεις
1559 2356 1671 2411 ἀπὸ
1720 2357 1831 2410 τῶν

256 2446 797 2515 καταπετασμάτων,
823 2448 976 2518 μέσῳ
998 2448 1385 2519 διειλημμένον
1411 2449 1605 2520 ἑτέρῳ.
1632 2467 1651 2501 ι
1673 2448 1832 2503 Οῦτω

256 2533 315 2606 δὴ
341 2536 434 2589 xui.
455 2537 486 2590 6
518 2537 648 2600 ναὸς
674 2538 818 2593 κατὰ
845 2539 935 2592 τὸν
957 2539 1118 2592 αὐτὸν
1141 2538 1267 2593 ὖστε
1278 2556 1369 2612 ρον
1401 2540 1618 2610 ἐγένετο
1636 2539 1829 2596 τύπον.

259 2626 364 2680 Kal.
389 2624 460 2700 ἦν
485 2632 516 2683 6
548 2632 657 2696 πᾶς
697 2627 847 2696 οἶκος
877 2632 1030 2705 μέσῳ
1047 2632 1430 2705 διειλημμένος
1465 2636 1651 2708 τοίχῳ,
1688 2634 1832 2690 ὥστε

258 2719 341 2770 τὸν
367 2722 470 2791 μὲν
517 2724 680 2788 ἐκτὸς
726 2720 901 2790 οἷκον,
940 2726 999 2778 ἐν
1032 2719 1076 2795 ᾧ
1111 2726 1192 2780 δεῖ
1240 2726 1369 2790 τοὺς
1405 2728 1571 2800 ἱερεῖς
1608 2729 1708 2800 τὴν
1744 2727 1834 2783 διὰ

256 2812 359 2864 τῶν
392 2813 603 2869 θυσιῶν
651 2817 954 2889 θεραπείαν
1004 2820 1099 2874 καὶ
1129 2819 1240 2875 τῶν
1274 2821 1479 2875 λοιπῶν
1507 2821 1572 2893 δὴ
1614 2822 1836 2878 πάντων

258 2904 564 2962 άποδιδίναι
612 2909 690 2976 τῷ
719 2910 860 2982 Θεῷ,
905 2912 1188 2966 συνέϐαινε
1223 2911 1493 2983 σύμϐολον
1534 2910 1675 2969 εἶναι
1711 2914 1836 2969 τού-

259 3013 347 3051 του
370 2997 439 3071 δὴ
474 3000 568 3054 τοῦ
602 3002 732 3071 περὶ
755 3003 858 3073 γῆν
887 3003 1079 3070 τόπου,
1136 3005 1222 3074 ἐφ’
1251 2999 1314 3059 οῦ
1341 3005 1549 3074 διάγειν
1570 3004 1667 3061 νῦν
1687 3007 1837 3079 ἡμᾶς

265 3090 615 3162 συμϐέϐηκε·
648 3093 743 3147 τὸν
777 3094 840 3148 δέ
863 3094 1165 3168 ἐνδότερον,
1225 3097 1284 3151 ἐν
1336 3089 1381 3165 ᾦ
1425 3097 1519 3151 τὸν
1569 3098 1855 3171 ἀρχιερέα.

264 3182 409 3247 ἅπαξ
442 3184 604 3253 μόνον
632 3187 729 3239 τοῦ
762 3187 1011 3242 ἐνιαυτοῦ
1056 3188 1287 3244 εἰσιέναι
1329 3189 1520 3261 ἐχρῆν,
1567 3190 1837 3262 σύμϐολον

265 3272 364 3325 τῶν
397 3277 828 3348 ύπερουρανίων,
861 3280 919 3333 ἐν
947 3272 1028 3343 οἷς
1071 3279 1165 3333 τὸν
1209 3278 1343 3333 Θεὸν
1362 3252 1841 3347 ’ἐδόξαζον-οἰκεῖν
1864 3252 1910 3317 C

266 3368 695 3425 οἱἹουδαῖοι.-α
716 3372 897 3442 Σκηνὴ
927 3372 1039 3442 γὰρ
1070 3371 1489 3443 κατεσκευάσθη
1525 3374 1559 3443 ή
1590 3372 1857 3447 πρώτη.)-

270 3457 608 3535 [OlKOl‘bL]
643 3463 807 3534 Τρεῖς
841 3465 1274 3535 ἐσημειωσάμην
1307 3465 1388 3528 εἰς
1421 3465 1521 3536 τήν
1548 3466 1843 3522 Ὀκτάτευ-

270 3570 356 3621 χον
386 3555 592 3625 σκηνάς
627 3555 794 3620 οῦσας
820 3573 831 3585 ·
872 3557 1001 3628 μίαν
1034 3557 1155 3628 μὲν,
1187 3559 1316 3627 περὶ
1344 3552 1412 3629 ἧς
1443 3576 1575 3630 φησι
1595 3561 1657 3613 τὸ
1685 3558 1843 3628 ἅγιον

273 3646 553 3713 κοσμικὸν,
604 3647 735 3701 ἔνθα
796 3645 863 3721 ῆν
905 3649 969 3703 τὸ
1021 3650 1257 3720 χαλκοῦν
1310 3650 1697 3723 θυσιαστήριον
1734 3652 1845 3708 τῶν

271 3736 756 3807 ὁλοκαυτωμάτων,
810 3742 903 3793 καὶ
948 3740 1114 3794 παντὶ
1165 3740 1292 3811 ἐξῆν
1332 3740 1409 3811 τῷ
1446 3741 1562 3814 λαῷ
1594 3744 1842 3810 εἰσιέναι,

274 3832 361 3883 καὶ
387 3830 483 3893 τὰς
510 3831 704 3896 θυσίας
734 3833 1001 3888 ἐπιτελεῖν
1021 3850 1035 3865 ’
1061 3832 1321 3905 δευτέραν
1344 3833 1423 3898 δὲ,
1457 3836 1587 3889 ἔνθα
1616 3838 1729 3902 τοῖς
1755 3839 1839 3891 ἱε-

276 3922 452 3992 ρεῦσιν
484 3922 616 3993 ἐξῆν
647 3923 736 3979 ἀεὶ
783 3924 884 3988 τὰς
927 3925 1186 3996 λατρείας
1220 3926 1517 3992 ἐπιτελεῖν,
1548 3927 1680 3981 ἔνθα
1703 3922 1773 4001 ῆν
1810 3930 1845 4000 ή

274 4013 455 4084 λυχνία
478 4016 575 4070 καὶ
606 4019 639 4087 ή
676 4015 950 4087 τράπεζα,
982 4018 1077 4072 καὶ
1122 4021 1154 4089 ή
1200 4019 1461 4093 πρόθεσις
1487 4018 1597 4073 τῶν
1635 4020 1842 4091 ἄρτωνε
1872 4074 1879 4079 ,

277 4108 481 4179 τρίτην,
525 4109 658 4164 ἔνθα
694 4105 847 4189 ῆντὸ
877 4112 1237 4181 θυμιατήριον
1285 4110 1383 4165 καὶ
1423 4113 1456 4182 ἡ
1491 4111 1746 4176 κιϐωτὸς,
1787 4114 1846 4167 ἐν

278 4189 308 4270 ᾖ
334 4199 477 4263 ἅπαξ
490 4198 586 4252 τοῦ
605 4198 852 4253 ἐνιαυτοῦ
870 4200 1044 4272 εἰσῄει
1072 4201 1233 4272 μόνος
1265 4203 1292 4256 6
1319 4199 1632 4273 ἀρχιερεύς.
1660 4203 1847 4257 «Μετὰ

277 4288 329 4342 δὲ
358 4290 418 4343 τὸ
444 4289 700 4360 δεύτερον
735 4292 1162 4363 καταπέτασμα.
1204 4311 1224 4345 ι
1260 4294 1404 4366 Ἀρα
1432 4294 1533 4347 οὐκ
1556 4290 1626 4366 ἦν
1656 4293 1715 4347 ἒν
1748 4295 1849 4365 μό-

278 4395 359 4434 νον
384 4383 809 4455 καταπέτασμα.
832 4382 1080 4454 Σκηνὴν
1107 4383 1168 4438 δὲ
1197 4383 1478 4456 πανταχοῦ
1497 4384 1677 4451 καλεῖ,
1698 4386 1848 4459 παρὰ

277 4473 332 4526 τὸ
386 4473 622 4540 σκηνοῦν
665 4476 804 4530 ἐκεῖ.
836 4493 856 4529 ι
920 4475 1033 4547 Τὴν
1078 4476 1313 4530 κιϐωτὸν
1346 4475 1449 4547 τῆς
1491 4475 1781 4548 διαθήκης.
1819 4496 1843 4530 ι

1936 1985 2151 2039 mundi.
2218 1986 2377 2043 Fecit
2431 1988 2618 2056 itaque
2690 1990 2855 2047 Deus
2898 1991 3103 2046 cmlum
3161 1997 3217 2045 ct
3290 2000 3521 2057 terram,

1935 2077 2396 2146 quemadmodum
2429 2079 2609 2136 Moses
2635 2080 2772 2136 dicit
2794 2082 2862 2150 ",
2891 2081 2948 2136 in
2980 2081 3137 2136 initio
3164 2101 3177 2137 :
3207 2082 3408 2138 cmlum
3434 2081 3518 2136 di-

1935 2183 2067 2224 cens
2122 2171 2402 2240 superius,
2453 2171 2704 2228 secundo
2747 2160 2844 2229 'die
2910 2172 3129 2228 visibile
3178 2172 3281 2228 hoc
3321 2174 3522 2230 etclam

1936 2260 2220 2315 conditum
2272 2262 2630 2319 constituisse
2688 2263 2743 2319 in
2776 2263 2960 2337 medio
3010 2278 3301 2334 aquarum,
3357 2271 3523 2334 atque

1936 2352 2011 2406 ita
2064 2353 2264 2409 habere
2305 2354 2541 2409 elevatas
2594 2370 2766 2426 aquas
2813 2354 3196 2410 ad'austrum.
3238 2354 3521 2425 Tanquam

1936 2446 2245 2516 symbolum
2305 2447 2472 2519 igitur
2544 2449 2734 2504 mundi
2796 2447 2999 2519 iubens
3074 2450 3216 2505 Deus
3269 2447 3407 2503 Mosi
3464 2454 3525 2503 ut

1937 2548 2242 2595 exstrueret
2294 2539 2450 2608 juxta
2500 2545 2689 2612 typum
2736 2541 3027 2609 quemdam
3083 2540 3519 2606 tabernaculum,

1939 2629 2197 2699 praecepit
2231 2628 2280 2684 ei
2324 2628 2559 2686 dicens:
2602 2649 2621 2682 ι
2660 2628 2854 2687 Facies
2913 2630 3187 2700 porticum
3223 2644 3345 2700 quae
3387 2628 3527 2683 divi-

1939 2718 2102 2776 datur
2132 2722 2203 2777 ab
2248 2722 2417 2778 altera
2465 2721 2643 2779 media
2669 2737 2768 2794 per
2800 2722 2918 2778 vela
2942 2768 2946 2772 Α
2972 2723 3087 2779 sive
3117 2723 3363 2779 cortinas
3392 2722 3459 2777 ⁸⁸.
3498 2739 3519 2773 ι

1943 2811 2020 2868 Ita
2044 2829 2179 2871 sane
2212 2814 2474 2887 templum
2503 2814 2663 2887 juxta
2696 2814 2946 2871 eumdem
2979 2827 3299 2886 sequentem
3335 2824 3522 2888 typum

1942 2904 2147 2961 factum
2197 2914 2301 2962 est.
2342 2907 2583 2979 Eratque
2627 2906 2949 2963 universum
2993 2905 3284 2962 aediﬁcium
3342 2906 3526 2962 medio

1942 2997 2153 3070 pariete
2179 2998 2443 3065 divisum,
2485 3006 2546 3053 ut
2570 2998 2812 3055 exterior
2848 2996 3072 3068 quidem
3102 2998 3436 3063 exstructio,
3469 2997 3522 3051 iu

1942 3105 2053 3162 qua
2081 3091 2369 3161 oportebat
2397 3091 2707 3149 sacerdotes
2750 3090 2957 3147 cultum
2995 3088 3393 3146 sacriﬁciorum
3419 3103 3526 3146 cac-

1941 3185 2297 3252 terorumque
2326 3179 2570 3235 omnium
2601 3179 2862 3236 exhibere
2889 3179 3022 3247 Deo,
3053 3180 3362 3253 symbolum
3388 3195 3525 3235 sane

1943 3279 2090 3328 esset
2138 3271 2303 3343 hujus
2333 3272 2440 3328 loci
2490 3274 2584 3343 qui
2631 3273 2780 3328 circa
2820 3283 3021 3329 terrain
3073 3279 3180 3338 est,
3223 3273 3314 3349 qui
3364 3271 3526 3327 nobis

1945 3373 2092 3414 nunc
2132 3360 2365 3433 contigit
2400 3368 2460 3416 ut
2504 3362 2559 3416 in
2611 3376 2678 3417 eo
2723 3361 3033 3418 viveremus
3066 3377 3081 3419 :
3113 3360 3345 3416 interior
3394 3376 3525 3418 vero

1945 3450 2002 3505 in
2036 3466 2142 3521 qua
2172 3451 2483 3522 pontiﬁcem
2514 3453 2681 3509 semel
2714 3454 2769 3508 in
2800 3468 2947 3509 anno
2972 3453 3181 3524 ingredi
3212 3454 3525 3524 oportebat.

1946 3543 2257 3614 symbolum
2309 3544 2645 3611 ccclestium,
2697 3545 2752 3601 in
2806 3544 3011 3616 quibus
3062 3543 3230 3601 Deum
3280 3545 3529 3600 habitare

1946 3634 2334 3691 existimabant
2374 3635 2571 3694 Iudici.
2615 3667 2678 3678 ---
2718 3654 2739 3691 ι
2777 3635 3060 3710 Siquidem
3112 3635 3526 3693 tabernaculum

1947 3736 2290 3784 exstructum
2322 3726 2424 3783 fuit
2458 3728 2717 3799 primum.
2754 3746 2774 3782 ι
2806 3728 2934 3784 Tria
2986 3729 3243 3784 annotavi
3274 3728 3328 3782 in
3368 3726 3527 3783 Octa-

1948 3821 2205 3875 teuclium
2267 3820 2441 3878 fuisse
2500 3821 2848 3877 tabernacula
2885 3839 2899 3877 :
2935 3837 3103 3876 unum
3162 3819 3384 3892 quidem
3459 3819 3528 3873 de

1948 3928 2057 3983 quo
2087 3913 2162 3967 ait
2187 3912 2449 3967 Sanctum
2482 3912 2839 3979 mundanum,
2862 3911 2954 3967 ubi
2982 3893 3328 3968 eratdzneum
3356 3913 3531 3969 altare

1949 4003 2454 4058 liolocautomatum
2481 4018 2496 4068 ;
2526 4012 2579 4057 et
2612 4004 2872 4058 universo
2914 4004 3118 4076 populo
3164 4004 3371 4059 licitum
3413 4014 3534 4059 erat

1947 4092 2080 4147 illud
2113 4092 2320 4163 ingredi
2351 4107 2415 4147 ac
2446 4092 2641 4147 oiIerre
2668 4092 2958 4160 victimas;
2987 4092 3287 4148 secundum
3320 4100 3528 4157 autem,

1948 4183 2004 4239 in
2040 4199 2150 4254 quo
2192 4182 2573 4239 sacerdotibus
2624 4182 2824 4238 licebat
2880 4198 3094 4253 semper
3147 4182 3330 4238 cultus
3369 4182 3535 4254 perﬁ-

1950 4291 2098 4341 cere,
2127 4276 2217 4332 ubi
2250 4283 2365 4330 erat
2411 4274 2635 4331 lucerna
2678 4283 2732 4331 et
2783 4289 2972 4331 mensa
3001 4290 3066 4330 ac
3103 4275 3410 4348 propositio
3439 4290 3535 4348 pa-

1949 4384 2105 4424 num.
2149 4366 2423 4434 Tertium,
2473 4368 2567 4425 ubi
2620 4375 2740 4424 erat
2787 4367 3129 4423 thuribulum
3184 4374 3239 4423 et
3289 4383 3438 4435 arca;
3476 4369 3531 4424 in

1950 4458 2094 4532 quod
2127 4452 2534 4531 ingrediebatur
2562 4460 2726 4517 semel
2764 4459 2817 4515 in
2866 4474 3013 4516 anno
3066 4461 3218 4517 solus
3260 4461 3533 4532 pontilex.

278 4564 380 4636 Τὴν
422 4569 698 4640 φέρουσαν
742 4567 815 4621 τὰ
860 4567 962 4638 τῆς
988 4567 1256 4640 διαθήκης
1302 4566 1570 4638 σύμϐολα,
1598 4564 1712 4622 οἷον
1748 4568 1841 4632 τὰς

1956 4574 1976 4609 ι
2016 4552 2146 4611 Post
2180 4553 2479 4611 secundum
2510 4564 2691 4611 autem
2723 4554 2923 4610 velum.
2955 4573 2974 4607 ι
3011 4553 3157 4610 Sane
3179 4569 3284 4609 non
3308 4554 3533 4609 unicum

279 4659 482 4726 πλάκας
527 4661 624 4715 τοῦ
654 4662 847 4733 νόμου,
881 4662 980 4716 καὶ
1014 4662 1083 4716 τὰ
1118 4662 1276 4717 ἄλλα.
1313 4680 1333 4715 ‹
1382 4663 1471 4715 Ἐν
1523 4656 1557 4738 ᾖ
1612 4663 1841 4733 στάμνος

1951 4656 2070 4702 erat
2115 4647 2318 4703 velum.
2370 4645 2543 4703 Vocat
2593 4654 2775 4703 autem
2806 4646 3010 4717 ubique
3063 4646 3291 4716 σκηνήν,
3324 4645 3375 4701 id
3427 4654 3533 4707 est,

278 4754 470 4824 χρυσῆ.
509 4773 529 4807 ι
569 4756 756 4810 Πάντα
786 4753 962 4809 ταῦτα
990 4749 1058 4827 ῆν
1078 4757 1145 4808 ’ἐν
1169 4758 1237 4825 τῇ
1265 4753 1507 4826 κιϐωτῷ,
1536 4752 1637 4825 τὴν
1667 4754 1847 4823 ἀγνω.

281 4846 512 4916 μοσύνην
553 4846 662 4900 τῶν
707 4847 983 4902 Ἰουδαίων
1028 4846 1344 4917 ἐλέγχοντα.
1383 4844 1451 4899 Ἦ
1498 4845 1596 4916 μὲν
1630 4845 1847 4917 ῥάϐδος,

278 4935 358 4990 διά
390 4938 486 5007 τὴν
511 4938 607 4992 τοῦ
644 4938 859 5011 ’Δαρὼν
887 4938 1260 4993 ἐπανάστασιν
1282 4953 1298 4969 ο
1331 4939 1387 4991 αἱ
1421 4938 1478 4991 δὲ
1504 4937 1731 5001 πλάκες,
1762 4935 1852 4990 διὰ

277 5027 331 5079 τὸ
365 5029 641 5098 πρόφασιν
696 5029 951 5097 γενέσθαι
1002 5029 1131 5092 τοὺς
1162 5028 1452 5093 Ἰουδαίους
1508 5028 1849 5097 κατεαγῆναι

277 5116 370 5183 τὰς
399 5119 629 5191 πρώτας
655 5137 670 5152 ⁸
716 5121 781 5175 τὸ
818 5120 875 5174 δέ
925 5121 1123 5192 μάννα,
1156 5120 1244 5174 διὰ
1274 5120 1335 5173 τὸ
1358 5117 1672 5190 τρώγοντας
1712 5120 1849 5173 dato-

277 5212 585 5280 γογγύζειν.
637 5213 789 5267 Ἔδει
838 5209 932 5268 οὖν
977 5214 1071 5267 καὶ
1119 5214 1199 5277 είς
1244 5213 1503 5280 ἐκγόνους
1550 5210 1723 5264 ταῦτα
1777 5211 1848 5264 τὰ

280 5299 517 5370 σύμϐολα
542 5302 1012 5374 παραπεμφθῆναι
1031 5303 1168 5373 πρὸς
1191 5301 1355 5373 φόϐον
1374 5300 1579 5355 αὐτῶν.
1606 5320 1624 5353 σ
1648 5300 1849 5373 ’Υπερ-

279 5390 383 5445 άνω
410 5393 467 5445 δὲ
506 5395 699 5465 αὐτῆς.
740 5414 759 5448 ι
794 5395 905 5465 Τῆς
931 5394 1189 5449 κιϐωτοῦ.
1233 5413 1251 5446 ι
1281 5392 1569 5466 Χερουϐὶμ
1610 5392 1789 5463 δόξης,
1823 5411 1841 5445 ι

277 5478 408 5548 ἢτὰ
433 5481 639 5550 ἔνδοξα,
680 5483 714 5556 ἢ
769 5484 839 5537 τὰ
868 5484 997 5539 ὄντα
1034 5485 1134 5556 τῆς
1177 5483 1358 5555 δόξης,
1407 5483 1713 5547 τουτέστιν,
1754 5481 1847 5536 τοῦ

277 5572 431 5630 Θεοῦ.
487 5595 507 5627 ι
538 5577 994 5641 Κατασκιάζοντα
1037 5577 1097 5632 τὸ
1160 5577 1497 5647 ίλαστήριον.
1538 5594 1563 5628 ι
1588 5570 1699 5629 Ἦν
1737 5575 1847 5647 γὰρ

278 5665 459 5722 ἐπάνω
486 5667 587 5740 τῆς
629 5667 889 5737 κιϐωτοῦ,
929 5666 1136 5723 ὡσανεὶ
1182 5666 1435 5740 τράπεζά
1455 5683 1541 5731 τις
1568 5666 1850 5739 τετράγω-

348 5843 389 5876 “
423 5843 441 5897 i
479 5845 608 5917 Reg.
650 5863 710 5913 η,
742 5849 794 5902 3.
873 5847 917 5881 "
945 5846 1081 5904 Gen.
1114 5863 1154 5916 ι,
1189 5848 1213 5904 1
1254 5862 1410 5920 seqq.

1954 4740 2251 4794 tentorium
2301 4738 2417 4796 sive
2477 4738 2914 4806 tabernaculum,
2946 4739 3055 4793 ἀπὸ
3108 4738 3203 4793 τοῦ
3263 4738 3523 4810 σκηνοῦν,

1956 4830 2008 4886 id
2035 4841 2141 4896 est,
2178 4832 2247 4885 ab
2273 4831 2635 4887 inhabitando
2662 4832 2715 4886 in
2740 4830 2869 4888 illis.
2893 4829 3053 4902 381
3092 4849 3114 4883 ι
3142 4829 3340 4885 Arcam
3368 4838 3538 4885 testa-

1955 4923 2147 4979 menti.
2189 4943 2209 4977 »
2244 4923 2376 4993 Qua:
2405 4922 2650 4996 symbola
2682 4923 2937 4979 servabat
2967 4924 3306 4985 testamenti.
3339 4937 3536 4994 nempe

1955 5016 2171 5072 tabulas
2227 5016 2363 5088 legis
2391 5025 2448 5071 et
2478 5016 2606 5071 alia.
2645 5033 2665 5068 ι
2717 5014 2778 5071 in
2815 5030 2922 5088 qua
2962 5024 3082 5073 erat
3111 5030 3246 5071 urna
3282 5029 3468 5070 aurea.
3509 5033 3530 5068 ι

1955 5108 2155 5163 Omnia
2214 5107 2332 5163 bare
2382 5115 2541 5164 erant
2591 5107 2646 5161 in
2709 5121 2863 5174 arca,
2913 5123 3036 5178 quae
3084 5105 3531 5177 ingratituilinem

1956 5202 2355 5257 convincerent
2402 5197 2717 5255 Iudaeorum
2768 5215 2784 5255 :
2837 5201 2991 5272 virga
3026 5200 3273 5271 quidem,
3311 5207 3537 5268 propter
3584 5210 3593 5221 '

1957 5294 2281 5352 seditionem
2313 5295 2369 5349 in
2402 5293 2751 5349 ordinatione
2782 5294 3008 5360 Aaron;
3048 5291 3246 5347 tabula;
3284 5304 3432 5356 vero,
3467 5303 3535 5343 eo

1956 5387 2103 5459 quod
2136 5386 2308 5441 Judaei
2335 5388 2555 5443 occasio
2582 5386 2816 5443 fuissent
2841 5400 2941 5442 cur
2977 5386 3188 5456 priores
3219 5381 3536 5451 confringe-

1957 5492 2186 5549 rentur;
2216 5496 2413 5534 manna
2448 5490 2630 5535 autem
2655 5480 2776 5537 ideo
2802 5479 2946 5551 quod
2967 5477 3193 5534 edentes
3218 5474 3351 5530 illud
3380 5489 3531 5527 mur-

1959 5580 2294 5631 murassent.
2352 5573 2607 5644 Oportuit
2668 5573 2834 5646 igitur
2892 5579 2953 5627 ut
3022 5571 3135 5625 haec
3188 5567 3256 5623 ad
3308 5577 3536 5636 nepotes

1958 5682 2180 5740 quoque
2210 5682 2311 5739 pro
2336 5675 2547 5725 terrore
2575 5666 3101 5722 transmitterentur.
3142 5679 3161 5715 ι
3187 5658 3363 5730 Supra
3396 5660 3535 5714 hanc

1488 5847 1534 5881 “
1564 5845 1740 5906 Exod.
1772 5862 1931 5916 τινι,
1960 5849 2015 5905 i.
