3970 6574
305 375 415 440 373

1320 387 1706 449 COMMENT.
1737 387 1817 448 IN
1865 386 2104 448 EPIST.
2144 386 2244 447 AD
2274 385 2507 448 llEBR.

3451 391 3559 456 374

292 493 686 564 βαπτισμοῖς,
718 496 819 550 καὶ
851 495 1205 568 δικαιώμασι
1259 500 1509 567 σαρκὸς,
1537 499 1715 570 μέχρι
1747 516 1874 554 και-

1996 516 2045 552 π
2077 497 2554 569 justiﬁcationibus
2586 496 2764 551 carnis
2806 512 2973 567 usque
3007 496 3076 554 ad
3108 507 3310 567 ιρηιριισ
3358 516 3569 557 correc-

291 579 408 648 ροῦ
436 580 805 649 διορθώσεως
832 584 1196 652 ἐπικείμενα.

369 676 467 726 Διά
488 674 741 743 τοῦτοδὲ,
770 679 958 748 φησιν,
987 679 1162 743 οὕτως
1187 681 1600 736 κατεσκεύαστο
1624 684 1656 754 ἡ
1683 683 1877 752 σκηνὴ,

301 767 388 819 ἶνα
416 767 515 835 τῆς
546 768 773 838 πρώτης
800 769 1045 843 ἑστώσης
1077 771 1206 826 ἔνθα
1235 774 1269 845 ἡ
1308 773 1502 844 λυχνία
1538 776 1632 828 καὶ
1678 777 1711 845 ἠ
1748 776 1882 845 πρό-

301 859 448 921 θεσις
471 858 580 911 τῶν
605 860 810 930 ἄρτων,
840 865 937 915 καὶ
964 863 1260 937 εἰργούσης
1288 866 1593 921 ἐπιϐαίνειν
1613 867 1745 932 τοὺς
1775 868 1883 921 λοι-

300 952 437 1013 ποὺς
476 953 660 1022 ίερέας
692 956 772 1015 εἰς
801 956 869 1007 τὰ
903 955 1070 1024 ’Ἅγια
1098 957 1206 1010 τῶν
1241 957 1438 1027 ἁγίων,
1466 960 1628 1031 δῆλον
1654 960 1882 1032 γένηται

299 1042 501 1096 ἄϐατον
526 1046 605 1099 ἔτι
638 1043 779 1101 εἶναι
814 1047 903 1102 τὸν
938 1050 1190 1120 οὐρανόν.
1224 1050 1407 1116 Tum;
1435 1053 1546 1124 γὰρ
1593 1052 1684 1106 τοῦ
1715 1054 1883 1124 ούρα-

301 1135 414 1200 νοῦ,
441 1136 513 1190 τὰ
547 1136 717 1206 Ἅγια
742 1139 851 1191 τῶν
887 1141 1078 1207 ἁγίων.
1105 1142 1178 1194 Τὸ
1203 1142 1259 1196 δὲ
1290 1144 1450 1214 μόνον
1500 1143 1592 1197 τὸν
1620 1146 1885 1218 ἀρχιερέα

300 1229 524 1281 εἰσιέναι
556 1232 617 1282 ἐν
655 1231 860 1296 αὐτοῖς,
894 1232 1062 1296 τύπος
1091 1229 1159 1306 ἦν
1189 1235 1283 1289 καὶ
1305 1235 1466 1290 τοῦτο
1491 1235 1586 1290 τοῦ
1615 1238 1706 1291 τὸν
1752 1240 1889 1310 Χρι-

303 1321 429 1373 στὸν
449 1322 614 1390 μόνον
631 1324 724 1376 τὸν
741 1324 993 1395 ἀληθινὸν
1021 1326 1283 1398 ἀρχιερέα
1314 1328 1700 1399 ἀνεληλυθέναι
1729 1333 1787 1386 ἐν
1808 1331 1886 1403 τῷ

300 1413 539 1482 οὐρανῷ.
575 1414 741 1468 Ἀλλὰ
764 1415 952 1470 λοιπὸν
975 1417 1237 1482 ἀνελθὼν,
1266 1422 1631 1493 συνεισήγαγε
1648 1422 1710 1475 τὸ
1730 1424 1884 1493 γένος

300 1506 409 1559 τῶν
438 1507 536 1560 ἀνθ
549 1508 768 1578 ρ’ὒπων.
796 1507 904 1564 Ἦν
928 1511 1154 1584 μὲνγὰρ
1180 1513 1282 1584 πρδ
1305 1514 1494 1567 τθύτου
1522 1515 1741 1579 ﬂeam;
1770 1517 1886 1571 Νῦν

301 1600 355 1653 δὲ
382 1601 470 1655 διὰ
510 1603 604 1656 τοῦ
636 1604 877 1674 Χριστοῦ
932 1605 1091 1674 βατὸς
1131 1607 1374 1675 γέγονεν.
1417 1627 1435 1660 ι
1483 1608 1664 1679 Μήπω
1713 1627 1888 1681 πεφα-

302 1691 600 1761 νερῶσθαι.
645 1713 664 1746 3
701 1696 884 1766 Μὴπω
919 1693 1058 1752 εἶναι
1093 1699 1261 1769 βατὴν
1306 1701 1403 1753 καὶ
1429 1699 1641 1774 ληπτὴν
1672 1703 1771 1774 τὴν
1806 1704 1886 1767 είς

302 1787 572 1856 οὐρανοὺς
619 1787 756 1853 ὁδὸν,
813 1790 878 1853 ἣν
925 1791 1141 1861 πρῶτος
1168 1792 1503 1847 ἐνεκαίνισεν
1547 1795 1575 1846 ὁ
1619 1795 1880 1865 Χριστός.

311 1894 330 1928 ι
370 1877 639 1949 Ἐχούσης
680 1880 888 1934 στάσιν.
927 1898 945 1932 3
1002 1880 1301 1954 Ἐστώσης,
1349 1885 1505 1956 φησι,
1548 1886 1640 1939 καὶ
1671 1885 1887 1956 είργού-

307 1987 404 2039 σης
424 1972 628 2041 τρόπον
644 1971 768 2026 τινὰ
792 1972 889 2043 τὴν
910 1975 990 2038 εἰς
1014 1976 1083 2029 τὰ
1108 1974 1277 2044 ’Δγια
1302 1976 1408 2032 τῶν
1431 1976 1604 2046 ἁγίων
1626 1979 1884 2051 πάροδον.

318 2080 337 2114 ι
366 2062 530 2125 Ἦτις
561 2064 862 2135 παραϐολή.
902 2084 921 2117 3
962 2066 1175 2129 Ὅστις,
1209 2069 1365 2139 φησὶ,
1394 2067 1562 2131 τύπος
1591 2070 1700 2123 τῶν
1736 2073 1793 2124 ἐν
1819 2075 1886 2145 τῇ

314 2159 511 2226 σκηνῇ,
537 2157 618 2220 είς
638 2157 730 2210 τὸν
759 2158 950 2229 καιρὸν
994 2158 1088 2214 τὸν
1119 2161 1469 2230 ἐνεστηκότα,
1501 2162 1561 2228 ἐξ
1594 2156 1669 2218 ὧν
1682 2164 1892 2236 πεπλή-

311 2262 502 2316 ρωται,
527 2247 687 2318 φησὶ,
712 2249 806 2302 καὶ
836 2249 987 2314 τέλος
1012 2250 1222 2321 εἴληφε.
1255 2252 1363 2305 Καὶ
1395 2251 1642 2318 δικαίως.
1689 2255 1752 2308 ΕΞ
1778 2255 1888 2326 γὰρ

309 2336 401 2390 τοῦ
431 2337 676 2405 Χριστοῦ
705 2334 773 2410 ἦν
804 2341 987 2394 ἐκεῖνα
1016 2340 1207 2407 τύπος,
1250 2343 1478 2408 εἰκότως
1506 2344 1601 2398 τοῦ
1645 2347 1886 2418 Χριστοῦ

310 2429 592 2496 φανέντος,
626 2430 722 2491 καὶ
760 2433 809 2484 oi
850 2431 1011 2486 τύποι
1068 2432 1480 2506 πεπλήρωνται,
1518 2435 1614 2490 καί¹
1647 2436 1801 2501 τέλος
1830 2436 1889 2490 ἔ-

310 2538 481 2589 χουσι.
522 2540 541 2573 ι
573 2522 711 2577 Καθ’
730 2525 795 2594 ἢν
828 2523 977 2594 δῶρά
997 2542 1055 2578 τε
1078 2526 1169 2579 καὶ
1204 2526 1386 2581 θυσίαι
1410 2528 1834 2600 προσφέρονται.
1863 2549 1881 2583 3

312 2612 448 2665 Καθ’
476 2615 542 2683 ἦν
573 2616 889 2687 παραδολὴν
922 2619 1016 2669 καὶ
1038 2618 1160 2671 καθ’
1195 2618 1253 2671 ὃν
1286 2619 1458 2676 τύπον
1490 2621 1547 2675 αἰ
1574 2623 1889 2693 προσφοραὶ

311 2707 419 2762 τῶν
447 2707 635 2780 δώρων
651 2726 709 2761 τε
739 2710 831 2763 καὶ
862 2709 1063 2765 θυσιῶν
1094 2712 1360 2782 ἐγίνοντο.
1397 2733 1415 2767 ι
1463 2715 1583 2769 Τῶν
1617 2716 1692 2790 μὴ
1726 2717 1887 2772 δυνα-

316 2803 491 2871 μένων
531 2803 817 2859 τελειῶσαι
869 2806 1016 2859 κατᾶ
1063 2807 1390 2879 συνείδησιν.
1438 2827 1456 2861 3
1496 2808 1584 2873 Ὠς
1627 2812 1676 2864 εί
1716 2809 1887 2881 εἶπεν,

326 2896 411 2949 Ἐν
432 2890 477 2965 ᾧ
504 2895 685 2968 τύπῳ,
713 2898 1014 2965 τουτέστιν,
1042 2901 1106 2953 ἐν
1134 2904 1199 2974 τῇ
1226 2901 1367 2956 κατὰ
1395 2902 1559 2975 νόμον
1583 2906 1888 2979 ἱερουργία,

314 2991 713 3060 προσεφέροντο
731 2993 831 3063 μὲν
858 2995 910 3046 αί
946 2993 1149 3061 θυσίαι,
1182 2996 1241 3049 οὗ
1277 2997 1383 3067 μὴν
1411 2996 1690 3069 ἰσχύουσαι
1713 2999 1890 3073 ψυχὴν

319 3086 407 3137 καὶ
466 3079 776 3155 συνείδησιν
837 3087 1157 3159 καθαρίσαι.
1194 3090 1515 3159 Σωματικαὶ
1552 3092 1661 3163 γὰρ
1707 3092 1886 3161 οὖσαι,

1986 591 2148 645 tionis
2176 590 2443 659 imposita.

2054 681 2369 752 Propterea,
2409 681 2610 751 inquit,
2644 679 2719 733 ita
2751 679 3080 736 fabricatum
3106 679 3214 737 fuit
3240 680 3571 739 tabernacu-

1987 776 2120 841 lum,
2152 784 2211 829 ut
2245 776 2425 844 primo
2459 773 2795 829 consistente
2849 772 2904 827 in
2939 789 3053 844 quo
3098 783 3217 829 erat
3262 775 3485 830 lucerna
3518 785 3574 829 et

1987 868 2296 939 propositio
2330 882 2554 937 panum,
2599 874 2654 921 et
2706 867 2854 936 quod
2895 866 3120 922 arcebat
3153 884 3222 924 ne
3261 869 3443 924 caeteri
3476 883 3565 924 sa.

1987 960 2235 1014 certlotes
2271 958 2344 1012 ad
2370 957 2574 1013 Sancta
2604 968 2925 1013 sanctorum
2961 959 3343 1023 ascenderant,
3396 962 3574 1013 mani-

1988 1049 2282 1107 festaretur
2306 1051 2650 1106 inaccessum
2684 1052 2861 1106 adhuc
2884 1066 3006 1107 esse
3028 1053 3249 1108 ctelum.
3288 1051 3568 1123 Siquidem

1988 1142 2111 1199 coeli
2152 1152 2310 1215 typus
2336 1152 2495 1199 erant
2543 1144 2744 1200 Sancta
2794 1154 3135 1201 sanctorum.
3187 1143 3343 1212 Quod
3386 1154 3566 1201 autem

1989 1237 2141 1293 Solus
2167 1236 2409 1304 pontifex
2441 1235 2531 1291 illa
2562 1236 2973 1308 ingrederetur,
3000 1236 3173 1307 ﬁgura
3209 1244 3330 1291 erat
3360 1244 3414 1292 et
3440 1237 3569 1304 hoc,

1988 1330 2135 1402 quod
2170 1329 2423 1386 Christus
2453 1330 2605 1386 solus
2657 1345 2822 1385 verus
2850 1329 3099 1400 pontifex
3129 1331 3472 1386 ascendisset
3510 1330 3566 1385 in

1989 1423 2218 1489 coelum;
2250 1422 2342 1477 scd
2366 1437 2431 1476 ex
2455 1422 2814 1493 consequenti
2840 1423 2929 1477 ubi
2958 1422 3322 1486 ascendisset,
3350 1420 3571 1475 induxit

1990 1533 2096 1571 una
2135 1531 2307 1588 genus
2334 1516 2617 1572 hominum
2652 1532 2668 1570 :
2706 1525 2823 1570 erat
2851 1531 3088 1586 namque
3122 1523 3281 1571 antea
3321 1518 3567 1571 inacces-

1990 1626 2135 1675 sum,
2174 1625 2323 1664 nunc
2369 1624 2495 1664 vero
2534 1625 2631 1676 per
2668 1608 2945 1663 Christum
2991 1608 3315 1664 accessibile
3359 1607 3565 1664 factum

1988 1712 2093 1759 est.
2142 1720 2159 1754 ι
2200 1701 2454 1756 Nondum
2500 1699 2905 1756 manifestat-am
2952 1717 3094 1756 esse.
3136 1720 3155 1753 3
3211 1701 3559 1756 lnaccessam

1991 1795 2169 1849 adhuc
2199 1810 2321 1850 esse
2351 1801 2404 1849 et
2436 1809 2542 1848 non
2572 1794 2899 1862 permissam
2919 1792 3062 1846 viam
3097 1790 3162 1845 ad
3183 1792 3373 1855 cmios,
3405 1806 3568 1862 quam

1990 1883 2200 1952 primus
2224 1883 2505 1937 innovavit
2535 1883 2811 1937 Christus.
2841 1900 2858 1933 ι
2892 1881 3259 1937 Coosistente.
3300 1901 3320 1934 3
3357 1882 3570 1943 Stante.

1989 1970 2190 2040 inquit,
2235 1978 2291 2026 et
2333 1971 2738 2042 quodammodo
2788 1971 3118 2043 prohibente
3167 1971 3461 2026 transitum
3502 1971 3569 2023 ad

1992 2060 2195 2117 Sancta
2215 2071 2560 2118 sanctorum.
2584 2082 2601 2115 ι
2625 2062 3221 2129 Qumeratsimilitudo.
3248 2083 3268 2117 3
3290 2062 3452 2134 383
3466 2060 3569 2129 Qui

1990 2164 2176 2225 typus,
2215 2155 2412 2223 inquit,
2449 2169 2640 2209 eorum
2678 2170 2800 2225 qua:
2834 2162 2991 2208 erant
3015 2154 3069 2208 in
3092 2154 3443 2209 tabernaculo
3470 2152 3571 2207 fuit

1991 2256 2151 2315 typus
2196 2243 2263 2297 ad
2319 2252 2533 2314 tempus
2582 2242 2730 2314 quod
2780 2243 3024 2299 instabat
3077 2262 3091 2299 :
3151 2252 3374 2314 propter
3424 2241 3567 2314 quod

1990 2336 2320 2408 completum
2352 2344 2435 2391 est
2461 2344 2517 2391 et
2538 2335 2698 2391 ﬁnem
2731 2338 2941 2405 accepit
2962 2355 2975 2403 ;
2998 2335 3164 2406 idque
3187 2336 3408 2391 merito.
3430 2334 3567 2390 Nam

1990 2428 2037 2483 si
2060 2429 2150 2483 illa
2178 2427 2384 2483 Christi
2411 2437 2573 2501 typus
2596 2440 2774 2494 erant,
2799 2430 2996 2484 merito
3029 2430 3248 2485 Christo
3274 2437 3571 2500 apparente

1991 2521 2153 2576 etiam
2185 2520 2371 2592 ﬁgurae
2406 2522 2690 2592 completa:
2710 2531 2841 2579 sunt
2873 2539 2936 2578 ac
2963 2523 3123 2578 ﬁnem
3160 2523 3381 2580 habent.
3421 2541 3441 2575 ι
3480 2521 3574 2578 Se-

1992 2611 2230 2666 cundum
2277 2626 2440 2682 quam
2483 2612 2628 2667 dona
2677 2621 2732 2669 et
2779 2613 3049 2669 sacriﬁcia
3102 2613 3498 2669 oﬁercbantur.
3546 2633 3567 2666 3

1993 2702 2305 2758 Secundum
2336 2718 2500 2775 quam
2545 2702 2986 2770 similitudinem,
3025 2714 3079 2760 et
3110 2705 3267 2775 juxta
3301 2719 3461 2776 quem
3495 2715 3574 2776 ty-

1994 2811 2145 2867 pum,
2194 2797 2500 2852 oblationes
2546 2797 2815 2855 donorum
2864 2805 2918 2851 et
2966 2796 3362 2851 sacrificiorum
3417 2795 3577 2851 facta:

1994 2898 2141 2944 sunt.
2174 2908 2192 2941 ι
2227 2887 2358 2955 Qua:
2397 2906 2507 2944 non
2540 2897 2791 2960 poterant
2822 2888 2979 2960 juxta
3016 2890 3413 2943 conscientiam
3450 2904 3577 2960 per-

1993 2981 2196 3037 fectum
2230 2984 2472 3038 reddere.
2518 3002 2535 3033 3
2568 2986 2644 3037 Ac
2681 2983 2726 3037 si
2768 2983 3017 3037 diceret:
3048 2979 3103 3033 In
3139 2996 3250 3051 quo
3282 2991 3431 3053 typo,
3470 2984 3574 3038 hoc

1992 3088 2102 3142 est,
2134 3078 2188 3131 in
2218 3092 2325 3146 quo
2356 3076 2517 3147 legali
2559 3077 2904 3140 sacerdotio,
2948 3074 3318 3130 offerebantur
3352 3074 3572 3145 quidem

320 3174 473 3246 σῶμα
503 3176 817 3265 ἐκάθαιρον.
860 3197 877 3229 ι
913 3178 1070 3234 Κατὰ
1123 3182 1451 3252 συνείδησιν.
1497 3202 1516 3236 3
1566 3180 1691 3239 Οἴον
1728 3185 1889 3258 ψυχι-

1996 3169 2265 3225 sacriﬁcia
2288 3177 2341 3224 et
2372 3170 2628 3236 victimae,
2663 3168 2811 3239 atqui
2842 3184 2949 3222 non
2975 3174 3229 3239 poterant
3259 3167 3495 3221 animam
3523 3177 3576 3221 et
3638 3228 3649 3247 κ

320 3265 446 3329 κῶς.
486 3261 524 3318 ι’
546 3267 841 3321 Τελειῶσαι
862 3269 953 3322 τὸν
981 3268 1331 3341 λατρεύοντα.
1374 3292 1393 3325 3
1441 3273 1576 3328 Οὐδὲ
1604 3276 1767 3329 αὐτὸν
1800 3278 1891 3331 τὸν

320 3359 412 3421 τὰς
438 3358 633 3422 θυσίας
653 3360 1056 3431 προσφέροντα,
1076 3365 1264 3433 φησὶν,
1284 3365 1538 3420 ἐδύναντο
1573 3367 1886 3438 καθαρίσαι.

329 3468 346 3499 ι
373 3451 598 3504 Μόνον.»
636 3452 708 3505 Τὸ
738 3454 1042 3525 ύπερΕατόν
1076 3473 1088 3486 ·
1132 3455 1513 3529 Ἐπικείμενα.
1552 3478 1570 3512 ι
1605 3461 1729 3515 Ἐπὶ⁸
1755 3462 1895 3533 βρώ-

327 3559 449 3609 μασι
495 3545 594 3598 καὶ
650 3544 879 3615 πόμασι.
914 3565 933 3600 3
977 3550 1042 3601 At
1082 3548 1263 3603 θυσίαι
1301 3552 1357 3604 att
1422 3555 1892 3626 προσφερόμεναι,

326 3638 471 3705 φησὶ,
542 3639 637 3691 καὶ
665 3640 725 3692 at
773 3640 1017 3710 λατρεῖαι
1072 3643 1172 3695 οὐκ
1221 3642 1406 3715 ἴσχυον
1470 3646 1720 3717 ψυχικῶς
1771 3665 1895 3703 τινα

324 3727 628 3790 τελειῶσαι,
664 3728 800 3783 ἀλλὰ
821 3730 952 3802 περὶ
978 3729 1076 3802 τὴν
1109 3733 1289 3802 σάρκα
1313 3729 1456 3804 εἶχον
1489 3735 1589 3807 τὴν
1612 3735 1895 3808 ἐνέργειαν

325 3818 410 3869 καὶ
445 3817 514 3871 τὰ
556 3819 818 3890 σαρκικὰ,
844 3821 935 3873 καὶ
965 3823 1044 3884 εἰς
1075 3821 1235 3875 τοῦτο
1266 3823 1539 3879 διελύοντο
1563 3828 1676 3890 τοῖς
1727 3845 1895 3899 προσ-

327 3911 566 3980 φέρουσι,
602 3910 757 3981 φησὶ,
788 3914 869 3975 είς
915 3913 996 3976 τὸ,
1022 3913 1141 3967 τόδε
1168 3919 1362 3985 φαγεῖν
1391 3917 1424 3989 ἢ
1457 3917 1532 3990 μὴ
1560 3922 1777 3990 φαγεῖν,
1802 3924 1897 3977 καὶ

328 4001 469 4056 ὕδατι
508 4003 762 4057 λούεσθαι
821 4007 947 4069 τοὺς
996 4009 1450 4078 κεκοινωμένους.
1482 4010 1683 4082 Ἀπερ,
1723 4015 1896 4083 ⁹φησὶ,

328 4094 662 4166 δικαιώματα
680 4097 879 4167 σαρκός
899 4099 1036 4164 ἐστι,
1055 4099 1322 4164 τουτέστι,
1346 4102 1523 4171 σάρκα
1541 4100 1896 4173 καθαίροντα,

331 4192 412 4241 καὶ
440 4187 679 4259 οὐδαμοῦ
709 4189 906 4260 ψυχὴν,
935 4191 1172 4261 ούδαμοῦ
1205 4191 1350 4257 νοῦν,
1393 4192 1512 4244 ούδέ
1541 4192 1631 4246 τὸν
1658 4194 1766 4247 ἔσω
1807 4197 1901 4250 ἇν-

333 4278 560 4349 ορωπον,
592 4280 730 4334 ἀλλά
755 4283 883 4353 περὶ
936 4282 1030 4335 τὸν
1079 4284 1183 4350 ἔξω
1230 4283 1579 4355 ἠσχολοῦντο.
1633 4305 1651 4337 ι
1682 4287 1794 4341 Κα)⁸
1823 4287 1899 4342 δι-

332 4372 603 4443 καιώμασι
637 4373 861 4442 σαρκός.
914 4392 933 4426 3
974 4375 1063 4438 Εἰς
1088 4374 1435 4445 δικαιώματα
1491 4377 1714 4447 σαρκὸς,
1752 4380 1901 4433 κάτω

331 4465 403 4528 τὸ,
431 4465 811 4537 Ἑπικείμενα.
845 4485 864 4518 ι
894 4468 1071 4537 Μέχρι
1104 4467 1296 4535 καιροῦ
1340 4468 1698 4541 διορθώσεως.
1725 4490 1743 4523 3
1795 4472 1901 4529 Δύο

1997 3262 2390 3318 conscientiam
2411 3262 2719 3331 puriﬁcare;
2740 3278 2863 3315 cum
2881 3261 3024 3317 enim
3044 3261 3347 3332 corporalia
3368 3272 3571 3322 essent.

1997 3370 2199 3427 corpus
2236 3356 2623 3427 puriﬁcabant.
2689 3375 2707 3407 ‹
2745 3354 2907 3411 Juxta
2941 3355 3373 3421 conscientiam;
3409 3373 3428 3405 3
3461 3353 3577 3408 sive

1997 3451 2298 3507 secundum
2321 3452 2580 3507 animam.
2612 3471 2630 3503 ι
2656 3449 2962 3505 Perfectum
2989 3448 3216 3503 reddere
3230 3450 3519 3502 cultorem.
3550 3465 3570 3497 3

1995 3541 2075 3599 Ne
2107 3559 2232 3598 eum
2258 3542 2477 3613 quidem
2510 3542 2604 3613 qui
2637 3542 2754 3612 ipsa
2789 3542 3064 3597 sacriﬁcia
3095 3539 3364 3595 oﬁ‘erebat
3386 3538 3572 3609 puriﬁ-

1998 3650 2124 3691 care
2185 3645 2457 3706 poterant.
2498 3653 2516 3685 ι
2556 3634 2850 3690 Dnntaxat.
2883 3653 2903 3687 3
2934 3634 3034 3689 Per
3090 3631 3432 3705 hyperbaton
3482 3632 3578 3686 ad-

1993 3726 2281 3798 jungenda
2331 3733 2415 3781 est
2471 3725 2638 3780 dictio
2695 3725 2951 3794 imposita
2996 3740 3009 3777 :
3048 3741 3067 3775 ι
3105 3722 3163 3777 In
3202 3723 3339 3777 cibis
3373 3730 3429 3776 et
3481 3738 3580 3791 po-

2000 3819 2265 3874 tionibus.
2313 3836 2333 3869 3
2377 3815 2594 3881 Oblata,
2625 3817 2823 3888 inquit,
2860 3816 3135 3872 sacriﬁcia
3172 3826 3226 3869 et
3257 3814 3437 3869 cultus
3470 3830 3577 3869 non

2003 3918 2255 3982 poterant
2288 3910 2465 3980 quoad
2507 3911 2746 3964 animam
2783 3908 3087 3979 perfectum
3136 3907 3365 3964 reddere
3389 3921 3580 3977 quem-

2002 4018 2186 4072 quam,
2224 4002 2319 4057 sed
2351 4003 2496 4056 circa
2528 4017 2749 4055 carnem
2784 4009 2839 4055 et
2875 4000 3119 4054 carnalia
3157 4000 3425 4055 duntaxat
3467 4000 3578 4053 vim

2001 4095 2318 4150 habebant:
2353 4104 2408 4150 et
2446 4096 2498 4148 in
2526 4093 2633 4149 hoc
2676 4094 3092 4150 satisfaciebant
3131 4094 3488 4148 oﬁerentibus
3522 4104 3581 4149 ut

2002 4187 2108 4243 hoc
2136 4188 2378 4252 ederent,
2406 4187 2539 4242 illud
2558 4203 2688 4243 vero
2715 4204 2831 4258 non
2864 4186 3111 4253 ederent,
3138 4196 3192 4243 et
3220 4203 3361 4259 aqua
3393 4186 3581 4242 ablue-

2002 4289 2194 4335 rentur
2226 4280 2279 4334 hi
2321 4280 2413 4351 qui
2455 4281 2846 4335 communicati
2876 4288 3081 4347 essent,
3117 4296 3214 4336 seu
3250 4295 3573 4335 communes

2001 4383 2053 4430 et
2077 4377 2343 4430 immundi
2374 4376 2568 4431 redditi
2592 4394 2605 4443 ;
2632 4394 2753 4446 qua:
2774 4387 2903 4432 sunt
2922 4375 3349 4447 justiﬁcationes
3370 4367 3581 4440 carnis,

2002 4465 2107 4520 hoc
2138 4473 2242 4530 est,
2289 4481 2509 4521 carnem
2556 4466 2931 4539 puriﬁcantes,
2966 4477 3021 4522 et
3070 4481 3410 4537 nequaquam
3458 4466 3583 4519 ani»

334 4559 505 4627 φησὶν,
542 4562 625 4613 ὅτι
646 4577 706 4612 τε
738 4560 1051 4630 σωματικὸν
1085 4560 1245 4631 μόνον
1276 4562 1618 4635 καθαρισμὸν
1654 4565 1890 4632 ἐποίουν,

2005 4572 2187 4623 mam;
2219 4573 2563 4629 nequaquam
2610 4557 2927 4614 interiorem
2968 4558 3270 4625 hominem,
3306 4555 3402 4612 sed
3434 4558 3581 4612 circa

333 4652 416 4703 καὶ
444 4653 611 4705 αὑτὸν
639 4651 827 4705 τοῦτον
856 4652 957 4705 οὐκ
989 4653 1097 4720 ἀεὶ,
1131 4654 1246 4706 ἀλλ’
1278 4654 1409 4726 ἄχρι
1450 4655 1647 4727 καιροῦ
1674 4657 1900 4728 διορθώ-

336 4759 481 4807 σεως.
512 4744 668 4806 Ποῖος
691 4743 747 4795 δέ
769 4741 797 4792 ὁ
818 4742 919 4812 τῆς
948 4742 1288 4814 διορθώσεως
1318 4749 1510 4817 καιρός
1536 4764 1550 4814 ;
1589 4748 1647 4801 '0
1674 4748 1773 4816 τῆς
1803 4748 1898 4803 τοῦ

334 4833 577 4904 Σωτῆρος
611 4833 907 4904 ἐπιδημίας
931 4834 1175 4904 δηλονότι
1210 4850 1223 4863 ⁸
1245 4834 1376 4887 ὡσεὶ
1408 4830 1585 4890 εἶπενο
1620 4837 1902 4892 Ἐπέκειτο

335 4924 387 4989 ἐξ
402 4926 582 4979 αὐτῶν
607 4925 771 4996 βάρος
804 4928 917 4988 τοῖς
947 4926 1276 4999 ἀνθρώποις,
1314 4926 1471 4997 ἄχρις
1504 4919 1567 4980 οὗ
1594 4931 1735 5000 φανῇ
1765 4929 1900 4999 Χρι-

337 5016 468 5080 στός.
496 5017 676 5073 Αὑτοῦ
701 5017 757 5070 δέ
790 5019 1074 5086 φανέντος,
1101 5018 1397 5073 ἐπαύσατο.
1429 5038 1446 5069 ι
1469 5020 1847 5090 Ἐπικείμενα.
1876 5038 1894 5072 3

337 5108 521 5174 Καλῶς
555 5110 638 5177 τὸ,
672 5109 956 5163 Ἐπέκειτο
981 5125 995 5139 ·
1039 5111 1203 5183 βάρος
1259 5112 1372 5181 γὰρ
1418 5106 1488 5182 ἦν
1543 5112 1705 5182 μόνον
1747 5114 1816 5167 τὰ
1844 5114 1901 5167 ἐν

334 5198 405 5269 τῷ
464 5203 634 5272 νόμῳ,
668 5199 852 5264 καθώς
906 5218 1070 5271 φασιν
1099 5203 1149 5256 οἱ
1192 5203 1519 5256 ἀπόστολον
1566 5221 1584 5254 ι
1632 5204 1728 5258 Ὃν
1774 5203 1900 5258 οὔτε

337 5291 505 5361 ἡμεῖς,
556 5294 742 5362 φησὶν,
766 5292 889 5346 οὗτε
921 5294 971 5345 οἱ
1004 5294 1242 5363 πατέρες
1271 5294 1428 5365 ἡμῶν
1460 5294 1763 5368 ἰσχύσαμεν
1798 5296 1898 5365 βα-

337 5382 543 5437 στάσαι.
571 5400 591 5435 3

2000 4650 2330 4704 exteriorem
2393 4652 2817 4705 exercebantur.
2886 4668 2904 4703 ι
2968 4646 3032 4703 Et
3092 4648 3584 4720 justiﬁcationibus

2002 4746 2206 4799 carnis.
2248 4763 2266 4796 3
2303 4743 2384 4798 Ad
2413 4744 2840 4814 iustiﬁcationes
2876 4743 3062 4799 carnis
3101 4741 3397 4814 respondet
3442 4740 3583 4795 infe-

2002 4836 2118 4890 rius
2150 4833 2340 4899 dictio,
2373 4834 2649 4905 Imposita.
2684 4855 2703 4888 ι
2738 4834 2925 4906 Usque
2955 4835 3022 4889 ad
3053 4844 3266 4906 tempus
3287 4835 3587 4890 correctio-

2005 4931 2114 4994 nis,
2161 4947 2181 4979 3
2231 4926 2350 4981 Duo
2399 4926 2531 4981 dicit
2574 4947 2586 4982 :
2629 4935 2682 4983 et
2729 4927 2876 4999 quod
2923 4930 3266 5000 corporalem
3323 4927 3588 4982 duntaxat

2007 5021 2389 5092 purgationem
2438 5021 2734 5085 faciebant,
2766 5028 2821 5075 et
2864 5020 3014 5091 quod
3064 5021 3205 5076 hanc
3254 5021 3431 5090 ipsam
3475 5034 3586 5074 non

2012 5125 2251 5181 semper,
2283 5111 2377 5166 sed
2419 5111 2596 5165 solum
2635 5126 2813 5181 usque
2840 5110 2906 5165 ad
2938 5122 3155 5182 tempus
3201 5110 3585 5175 correctionis,

2001 5203 2164 5269 Quod
2198 5213 2283 5258 est
2316 5210 2496 5258 autem
2522 5211 2737 5274 tempus
2765 5203 3162 5260 correctionis?
3201 5201 3407 5273 Nempe
3448 5211 3589 5258 tcan-
3652 5267 3667 5280 ο

2008 5312 2112 5367 pus
2135 5297 2400 5352 adventus
2428 5294 2754 5353 Salvator-is.
2785 5298 2864 5352 Ac
2887 5299 2933 5353 si
2963 5297 3169 5352 diceret
3202 5315 3217 5353 :
3254 5298 3360 5351 Pcr
3391 5294 3588 5368 hujus-

2011 5389 2155 5443 modi
2206 5390 2591 5460 imponebatur
2648 5389 2864 5458 pondus
2936 5390 3249 5445 hominibus
3296 5384 3590 5459 quousque

337 5479 770 5536 maniicstaretur
799 5482 1100 5550 Christus;
1130 5499 1255 5538 cum
1303 5468 1905 5541 autem'manit‘cstatns
1945 5497 2116 5548 esset.
2145 5498 2457 5544 cessarunt.
2505 5507 2522 5540 ι
2564 5489 2847 5558 Itttposita.
2889 5506 2907 5540 3
2952 5486 3119 5542 Recte
3184 5485 3440 5556 imposita
3490 5489 3591 5541 1”-

336 5587 711 5646 cuntur;nam
750 5581 965 5647 pondus
995 5588 1150 5659 erant
1192 5597 1313 5651 qua:
1346 5580 1399 5634 in
1450 5582 1566 5651 lege
1634 5584 2015 5653 tradebantur,
2085 5586 2548 5655 quemadmodum
2599 5585 2792 5640 dicunt
2842 5582 3096 5653 apostoli,
3146 5599 3161 5632 ι
3214 5578 3371 5648 Quod
3414 5596 3590 5653 neque

339 5686 428 5724 nes
459 5686 630 5742 neque
654 5680 837 5740 patres
872 5673 1047 5726 nostri
1079 5660 1302 5743 pertare
1329 5675 1607 5745 potuimus
1645 5674 1709 5728 ιδ.
1746 5694 1763 5726 3

402 5846 445 5879 “
479 5851 597 5906 Act.
631 5867 723 5917 xv,
759 5850 845 5906 10.
