3918 6576
398 319 511 386 375

438 464 442 468 ·
899 449 1068 524 334
1099 451 1332 510 CAPUT
1373 451 1495 513 xu.

1455 337 1856 402 (ECUMENII
1893 337 2184 400 TRICCEE
2215 341 2563 409 EPISCOPI

2007 455 2063 516 Α

3563 359 3666 426 3⁵16

2692 466 2944 522 ΚΕΦΑΛ.
3002 469 3104 525 ΙΒ’.

402 579 480 635 De
517 582 775 664 sanguine
806 581 1008 664 Christi
1042 587 1094 639 in
1120 602 1221 664 quo
1253 590 1582 664 cunctabatur
1603 609 1789 648 norum
1818 603 1968 650 testo

2085 577 2228 664 Περί
2255 577 2362 632 τοῦ
2379 579 2634 664 ἀἵματος
2653 579 3141 664 τοᾷΑΧριστοῦΛξν
3156 573 3205 647 ᾧ
3228 576 3309 652 ἦν
3330 583 3511 664 ᾐ-νέα
3535 584 3662 664 διατ-

471 662 730 736 ηιεηιμιιι.
761 655 1070 736 animorum
1117 657 1320 736 inducit
1353 662 1819 736 puriﬁcationem,
1877 683 1983 722 non

468 727 768 846 frenueitia
815 727 1080 796 sacriﬁcia
1123 745 1241 798 qua:
1275 727 1500 800 ﬁebant'
1527 747 1620 802 per
1669 727 1983 808 sanguinem

469 811 650 848 annua
681 812 810 848 tum.

468 909 560 972 IX,
579 911 603 966 t
621 913 638 965 I
653 953 667 974 ,
683 911 772 966 12.
792 913 848 965 Δί
864 911 1110 968 Christus
1127 931 1241 967 cum
1263 919 1568 973 accessisset
1587 920 1826 988 pontifex
1845 922 1982 990 [utu-

395 1015 577 1054 rorum
601 1001 854 1055 bonorum
887 1017 979 1068 per
1005 1003 1180 1070 ntnjus
1205 1013 1254 1056 ct
1271 1003 1554 1073 perfectius
1579 1006 1978 1062 tabernaculum

394 1107 501 1144 non
528 1093 918 1160 manufactum,
937 1093 1032 1146 hoc
1051 1103 1128 1144 est
1154 1109 1256 1147 non
1279 1093 1438 1163 hujus
1473 1097 1758 1150 creationis
1781 1112 1800 1150 :
1821 1111 1980 1168 neque

391 1197 488 1251 per
513 1183 824 1254 sanguinem
873 1183 1143 1238 hircorum
1183 1201 1246 1238 ac
1277 1185 1585 1248 vitulorum.
1614 1187 1705 1242 sed
1729 1203 1822 1257 per
1853 1204 1980 1258 pro-

392 1277 570 1344 prium
624 1277 935 1346 sanguinem
975 1278 1246 1348 ingressus
1303 1289 1382 1334 cst
1441 1281 1602 1336 sentel
1645 1282 1699 1336 in
1754 1281 1976 1347 Sancta,

391 1377 593 1423 a'terna
631 1369 988 1435 redemptione
1025 1371 1256 1432 inventa.

469 1463 604 1515 Cum
651 1463 723 1518 ob
763 1465 886 1528 hoc,
925 1465 1124 1532 inquit,
1159 1467 1509 1534 accessisset,
1547 1468 1618 1522 ob
1647 1467 1750 1522 huc
1802 1467 1976 1521 factus

390 1562 475 1608 est
530 1555 775 1626 pontifex
823 1566 880 1611 ut
924 1559 1090 1612 etiam
1136 1560 1416 1614 victimam
1465 1559 1708 1615 offerret.
1751 1560 1820 1614 At
1865 1575 1973 1614 non

390 1643 552 1707 dixit,
597 1643 914 1712 Victimam,
952 1647 1046 1702 sed
1104 1651 1156 1702 in
1213 1650 1452 1704 medium
1498 1649 1745 1720 proferre
1787 1649 1976 1704 volens

391 1733 626 1790 salutem
657 1752 780 1809 gum
815 1753 881 1792 ex
915 1737 1141 1792 victima
1167 1739 1431 1808 consequi
1469 1741 1626 1806 solet,
1650 1741 1765 1794 ait:
1803 1757 1823 1792 ι
1863 1738 1975 1794 Fu-

2156 648 2334 724 θήκῃ,
2369 648 2456 724 ὅτι
2487 649 2674 724 τοῦτο
2707 648 2930 714 ἀληθὲς
2943 648 3286 724 καθάρσιον
3313 648 3560 724 celeraret,
3593 659 3664 712 οὐ

2155 721 2226 773 τὰ
2255 719 2324 772 ἐν
2363 719 2571 789 αἵμασι
2602 719 2758 782 {ibam
2793 719 3096 788 πολλάκις
3130 719 3615 795 προσφερόμενα.

2151 900 2406 968 Χριστί¹ς
2429 899 2497 954 δὲ
2525 901 3014 970 παραγενόμενος
3035 902 3353 972 ἀρχιερεὺς
3383 904 3502 957 τῶν
3514 910 3664 974 μελ-

2078 995 2314 1049 λόντων
2341 994 2598 1063 ἀγαθῶν,
2629 995 2728 1048 διὰ
2750 994 2858 1061 τῆς
2869 995 3142 1064 μείζονος
3163 996 3262 1050 καί
3291 999 3665 1066 τελειοτέρας

2081 1088 2322 1159 σκηνῆς
2349 1091 2420 1144 οὐ
2454 1088 2898 1158 χειροποιήτου,
2945 1088 3291 1154 τουτέστιν,
3321 1093 3394 1144 οὐ
3440 1083 3665 1158 ταύτης

2081 1181 2192 1248 τῆς
2219 1181 2489 1246 κτίσεως,
2507 1179 2650 1234 οὐδὲ
2663 1179 2737 1233 δι’
2755 1181 3007 1248 αἵματος
3030 1179 3264 1248 τράγων
3283 1179 3378 1232 καὶ
3389 1181 3662 1248 μόσχων.

2079 1275 2182 1329 Διά
2238 1274 2306 1328 δὲ
2336 1275 2444 1328 τοῦ
2483 1273 2638 1328 ἰδίου
2677 1273 2926 1340 αἵματος
2953 1273 3248 1340 εἰσῆλθεν
3291 1272 3537 1341 ἐφάπαξ
3575 1273 3666 1338 είς

2078 1367 2152 1423 τὰ
2184 1369 2370 1438 Ἅγια,
2401 1367 2650 1421 αἰωνίαν
2683 1366 2989 1434 λύτρωσιν
3015 1366 3362 1434 εἰρόμενος.

2163 1461 2287 1514 Ἐπῖ
2313 1461 2512 1530 τούτῳ,
2553 1459 2710 1530 φησὶ,
2769 1459 3216 1529 παραγενόμενος
3237 1498 3251 1520 ,
3286 1457 3379 1510 ἐπὶ
3405 1457 3485 1527 τῷ
3511 1459 3666 1526 γενέ-

2081 1553 2204 1608 σθαι
2229 1552 2524 1622 ἀρχιερεὺς
2548 1551 2644 1605 καὶ
2669 1550 3039 1622 προσενέγκαι
3071 1549 3132 1602 τὸ
3160 1548 3330 1618 θῦμα.
3372 1551 3520 1604 Ἀλλ’
3559 1549 3664 1602 οὐκ

2078 1639 2224 1710 εἶπε,
2261 1645 2334 1698 T6
2366 1643 2536 1714 θῦμα.
2560 1641 2672 1714 Τὴν
2703 1643 2767 1695 ἐκ
2813 1641 2910 1696 τοῦ
2940 1641 3183 1712 θύματος
3211 1641 3266 1694 δὲ
3301 1643 3663 1712 παραστῆσαι

2079 1733 2355 1804 σωτηρίαν
2389 1733 2736 1804 βουλόμενος,
2766 1730 2936 1802 φησί·
2972 1749 2991 1782 ι
3035 1729 3156 1784 Τῶν
3183 1732 3496 1801 γενομένων
3526 1734 3665 1800 ἀγαο

390 1837 641 1884 turorum
685 1828 990 1897 bonorum;
1030 1849 1053 1884 »ι
1088 1831 1141 1884 in
1169 1847 1270 1885 nos
1295 1832 1569 1892 videlicet.
1599 1851 1618 1885 ι
1655 1831 1760 1890 Per
1791 1832 1968 1903 majus

2081 1826 2222 1882 θῶνο
2263 1845 2282 1878 s
2320 1829 2399 1890 είς
2425 1827 2575 1897 ἡμᾶς
2609 1825 2874 1896 δηλονότι.
2941 1843 2960 1876 ι
3013 1823 3114 1877 Διὰ
3152 1823 3252 1894 τῆς
3282 1823 3530 1894 μείζονος
3565 1823 3664 1876 καὶ

387 1931 438 1972 et
473 1921 773 1991 perfectius
805 1921 1244 1978 tabernaculum.
1287 1943 1309 1976 ι
1331 1924 1535 1980 Christi
1571 1941 1772 1996 corpus
1815 1935 1974 1980 vocat

388 2013 849 2078 tabernaculum,
898 2021 964 2068 eo
1013 2015 1159 2086 quod
1203 2016 1254 2070 in
1300 2017 1421 2086 ipso
1469 2017 1737 2073 inhabitet
1790 2019 1974 2074 omnis

388 2104 685 2174 plenitudo
709 2105 1019 2162 divinitatis
1053 2107 1412 2178 corporaliter
1453 2109 1520 2163 ".
1548 2108 1725 2180 Majns
1767 2120 1972 2174 autem,

385 2211 454 2250 co
495 2197 639 2267 quod
674 2195 816 2252 Deus
859 2198 972 2253 sit:
1005 2199 1304 2269 perfectius
1349 2216 1480 2256 vero
1524 2217 1591 2256 eo
1633 2199 1780 2272 quod
1816 2203 1882 2255 ad
1913 2217 1974 2258 se

384 2287 712 2344 accedentes
760 2289 1024 2360 perﬁciat.
1086 2311 1107 2344 ι
1158 2291 1274 2346 Non
1337 2291 1736 2349 manufactmn.
1776 2311 1796 2346 ι
1851 2291 1970 2349 Non

385 2378 454 2434 ad
499 2379 887 2450 imitationem,
938 2383 1138 2454 inquit,
1193 2381 1409 2440 Judaici
1434 2386 1794 2442 tabernaculi.
1831 2385 1968 2441 Nam

383 2470 490 2526 hoc
522 2472 644 2528 loco
673 2474 1091 2530 tabernaculum
1119 2490 1229 2530 non
1262 2476 1633 2533 manufactum
1675 2478 1971 2550 appellavit

383 2571 642 2617 naturam
674 2563 989 2630 humanam,
1018 2581 1183 2635 quam
1217 2566 1461 2637 suscepit
1487 2564 1743 2624 Christus
1778 2567 1967 2624 Domi-

385 2654 514 2710 nus‘.
545 2653 734 2726 Neque
772 2656 918 2711 enim
959 2659 1276 2730 nuptiarum
1301 2659 1466 2716 modo
1489 2669 1713 2730 paratus
1739 2669 1821 2716 est
1845 2661 1967 2716 tha-

382 2749 565 2804 lamus
615 2750 899 2820 nuptialis,
933 2753 1028 2806 sed
1069 2751 1458 2810 sanctissimus
1506 2753 1747 2825 Spiritus
1783 2755 1969 2808 taber-

383 2841 648 2897 naculum
683 2844 976 2898 exstruxit.
1007 2841 1166 2911 Quod
1207 2851 1388 2900 autem
1427 2847 1502 2900 ait
1538 2863 1554 2902 :
1591 2862 1613 2899 ι
1645 2843 1765 2900 Non
1804 2843 1970 2916 hujus

382 2933 704 2999 creationis,
749 2953 769 2988 ι
808 2935 912 2990 hoc
940 2946 1024 2992 est
1063 2953 1173 2992 non
1202 2938 1360 3007 juxta
1390 2938 1559 3008 legem
1592 2945 1804 2994 naturae
1845 2953 1969 3010 quae

382 3027 440 3081 in
487 3037 738 3082 creatura
781 3041 1060 3084 versatur.
1141 3047 1160 3081 ι
1199 3028 1318 3086 Non
1371 3031 1537 3102 hujus
1581 3031 1896 3087 creationis.
1940 3049 1964 3084 s

380 3117 598 3190 Corpus
651 3102 861 3176 Christi.
897 3133 948 3177 ct
981 3121 1148 3193 hujus
1199 3134 1317 3179 erat
1371 3124 1692 3193 creationis,
1748 3133 1804 3180 et
1853 3140 1962 3180 non
1994 3159 2038 3219 ο

379 3211 570 3284 hujus.
642 3213 823 3284 llujns
881 3213 1148 3286 quidem,
1209 3232 1280 3272 eo
1337 3215 1487 3287 quod
1541 3215 1754 3288 aequale
1815 3223 1967 3272 esset

379 3315 438 3360 rt
471 3323 570 3376 per
623 3309 808 3362 omnia
862 3305 1044 3364 simile
1093 3318 1286 3364 nostro
1333 3308 1549 3380 corpori
1588 3328 1602 3366 :
1654 3323 1762 3363 non
1801 3307 1967 3378 hujus

379 3415 536 3460 vero.
563 3413 630 3454 eo
665 3397 812 3470 quod
861 3414 972 3454 non
1021 3399 1252 3456 confuse
1285 3415 1388 3456 nec
1434 3400 1818 3470 scparabiliter
1865 3399 1964 3455 ad-

377 3493 628 3562 junctam
677 3491 931 3548 habuerit
978 3493 1348 3550 divinitatem.
1395 3493 1560 3566 385
1603 3493 1758 3560 Quod
1797 3493 1966 3564 igitur

382 3586 455 3640 ab
483 3583 751 3655 Apostolo
783 3585 991 3642 dictum
1030 3595 1137 3654 est,
1179 3585 1302 3641 Non
1333 3587 1498 3656 hujus
1543 3586 1861 3653 crcationis,
1895 3583 1964 3640 ad

381 3681 492 3738 hoc
520 3679 732 3738 referas
769 3681 915 3754 quod
952 3681 1297 3738 divinitatem
1339 3683 1616 3748 habuerit,
1649 3695 1963 3753 quanquam

379 3772 564 3844 ipsum
601 3788 734 3830 sane
767 3789 972 3846 corpus
996 3775 1053 3830 in.
1087 3791 1146 3831 se
1171 3775 1417 3846 ejusdem
1447 3783 1595 3832 esset
1641 3767 1966 3830 substantia:

381 3883 510 3922 cum
543 3877 737 3924 nosuo
757 3883 1011 3940 corpore.
1041 3869 1142 3922 Aut
1180 3869 1323 3940 quod
1349 3884 1459 3924 non
1489 3877 1637 3925 esset
1663 3868 1782 3940 ejus
1805 3883 1963 3924 crea-

378 3964 522 4012 tura:
561 3957 677 4014 sive
721 3959 987 4025 materiae,
1036 3959 1199 4030 cujus
1235 3967 1378 4026 erat,
1407 3960 1820 4016 tabernaculum
1867 3957 1968 4014 Ju-

379 4047 646 4107 daeorum.
680 4049 952 4118 Quoniam
1004 4051 1150 4108 enim
1211 4052 1623 4107 tabernaculum
1675 4059 1966 4108 vocaverat

379 4137 584 4196 Christi
650 4157 886 4213 corpus,
939 4157 1081 4213 Opus
1133 4141 1236 4198 fuit
1298 4144 1618 4216 hujusmodi
1669 4145 1962 4199 verborum

376 4231 812 4302 praescriptione.
857 4251 878 4286 ι
927 4231 1116 4306 Neque
1162 4251 1258 4306 per
1308 4236 1632 4307 sanguinem
1679 4235 1962 4291 hircorum

377 4336 444 4377 ac
478 4324 802 4381 vitulorum.
851 4344 872 4378 ι
911 4325 1043 4395 Quae
1071 4325 1302 4382 Judaica
1325 4338 1482 4384 erant
1509 4337 1564 4384 et
1597 4343 1696 4399 per
1725 4343 1846 4398 qua:
1874 4327 1962 4382 iu-

377 4413 728 4484 grcdiebatur
748 4419 997 4488 pontifex
1019 4419 1073 4474 in
1098 4417 1301 4474 Sancta
1323 4432 1662 4475 sanctorum.
1687 4439 1706 4474 ι
1731 4419 1962 4475 jEterna

2076 1918 2422 1988 τελειοτέρας
2477 1917 2708 1987 σκηνῆς.
2745 1935 2764 1968 ι
2811 1913 3025 1987 Σκηνὴν
3070 1913 3134 1968 τὸ
3201 1913 3360 1986 σῶμα
3417 1915 3660 1985 Χριστοῦ

2075 2011 2248 2082 λέγει,
2273 2011 2361 2066 διὰ
2393 2010 2454 2065 τὺ
2487 2012 2545 2064 ὲν
2569 2010 2718 2082 αὐτῷ
2741 2009 3127 2081 κατῳκηκέναι
3151 2007 3262 2061 πᾶν
3288 2005 3350 2060 τὸ
3379 2006 3662 2077 πλήρωμα

2075 2105 2176 2174 τῆς
2209 2105 2465 2174 θεότητος
2526 2100 2878 2173 σωματικῶς.
2923 2100 3168 2166 Μείζονα
3202 2097 3279 2162 δὲ,
3314 2097 3406 2152 διὰ
3427 2098 3490 2152 τὸ
3519 2097 3664 2151 Θεὸν

2075 2191 2214 2248 εἶναι
2235 2212 2249 2226 ο
2268 2195 2614 2264 τελειοτέραν
2645 2193 2724 2257 δὲ,
2751 2191 2844 2246 ’διὰ
2875 2193 2938 2246 τὸ
2985 2193 3230 2246 τελειοῦν
3252 2192 3382 2254 τοὺς
3415 2207 3664 2261 προσερ-

2075 2289 2337 2362 χομένους
2371 2287 2540 2358 αὐτῷ.
2579 2283 3152 2357 ιοὖ’χειροποιὴτου.ι
3197 2284 3276 2338 Ού
3303 2283 3446 2338 κατὰ
3478 2281 3664 2352 μίμη-

2076 2399 2182 2445 σιν,
2221 2381 2376 2454 φησὶ,
2427 2381 2524 2451 τῆς
2585 2381 2737 2452 παρὰ
2780 2379 3061 2444 Ἰουδαίοις
3117 2379 3346 2450 σκηνῆς.
3391 2375 3664 2432 Ἐνταῦθα

2072 2476 2181 2546 γὰρ
2212 2475 2418 2546 σκηνὴν
2473 2473 2910 2545 ἀχειροποίητον,
2961 2473 3063 2542 τὴν
3101 2470 3449 2543 ἀνθρωπείαν
3487 2469 3662 2539 φύσιν

2071 2571 2354 2636 ἐκάλεσεν,
2375 2571 2440 2640 ἢν
2463 2568 2726 2624 ἀνέλαϐεν
2754 2570 2781 2620 6
2815 2567 3093 2635 Δεσπότης
3127 2563 3388 2636 Χριστός.
3417 2564 3494 2617 Οὐ
3547 2562 3664 2634 γὰρ

2071 2663 2220 2718 κατὰ
2247 2662 2484 2734 γαμικὸν
2507 2663 2802 2733 γεγένηται
2837 2660 3034 2732 γάμον,
3086 2658 3222 2713 ἀλλὰ
3277 2659 3338 2712 τὸ
3383 2657 3661 2725 πανάγιον

2070 2757 2296 2828 Πνεῦμα
2319 2756 2416 2827 τὴν
2462 2754 2668 2826 σκηνὴν
2699 2752 3097 2808 κατεσκεύασε.
3126 2749 3200 2803 Τὸ
3231 2751 3313 2814 δὲ,
3351 2769 3370 2803 ι
3413 2749 3489 2804 Οὐ
3522 2749 3664 2803 ταύ-

2069 2867 2168 2919 της
2187 2850 2286 2920 τῆς
2317 2849 2600 2912 κτίσεως,ι
2635 2848 2756 2900 ἀντὶ
2786 2844 2901 2910 τοῦ,
2935 2845 3010 2898 Οὐ
3048 2843 3192 2898 κατᾶ
3226 2843 3394 2913 νόμον
3433 2841 3662 2912 φύσεως

2069 2942 2169 3012 τῆς
2213 2942 2272 2995 ὲν
2320 2943 2386 3012 τῇ
2417 2938 2594 2994 κτίσει
2641 2936 3092 3008 πολιτευομένης.
3134 2954 3153 2988 ι
3203 2935 3277 2989 Οὐ
3317 2935 3530 3001 ταύτης
3558 2935 3664 3002 τῆς

2070 3033 2324 3098 κτίσεως.
2371 3054 2390 3088 ι
2424 3033 2499 3088 Td
2551 3033 2710 3103 σῶμα
2747 3030 3011 3101 Χριστοῦ,
3065 3029 3162 3084 καὶ
3199 3027 3408 3098 ταύτης
3453 3022 3525 3097 ἦν
3558 3026 3662 3090 τῆς

2070 3129 2326 3190 κτίσεως,
2359 3125 2454 3180 καὶ
2478 3126 2539 3180 οὐ
2572 3124 2798 3195 ταύτης.
2836 3121 3056 3190 Ταύτης
3078 3120 3197 3192 μὲν,
3226 3121 3368 3174 κατὰ
3414 3117 3476 3172 τδ
3539 3117 3662 3171 ἴσον

2070 3220 2211 3282 εἶναι
2245 3221 2336 3276 καὶ
2368 3219 2459 3274 διὰ
2488 3221 2707 3274 πάντων
2739 3219 2924 3288 ὅμοιον
2963 3215 3043 3288 τῷ
3097 3215 3354 3287 ἡμετέρῳ
3405 3213 3654 3283 σώματι.

2067 3315 2130 3370 οὐ
2166 3315 2370 3386 ταύτης
2403 3313 2480 3378 δὲ,
2508 3311 2651 3366 κατά
2686 3310 2747 3364 τὸ
2805 3309 2954 3380 ἔχειν
2981 3306 3307 3378 ἀσυγχύτως
3347 3304 3444 3359 καὶ
3473 3303 3661 3358 ἀδιαι-

2069 3407 2242 3479 ρέτως
2260 3407 2360 3478 τὴν
2385 3406 2636 3476 θεότητα.
2663 3403 2738 3456 Τὸ
2771 3401 2864 3456 οῦν
2887 3401 3178 3472 εἰρημένον
3203 3399 3280 3470 τῷ
3308 3396 3662 3466 Ἀποστόλῳ,

2069 3501 2142 3554 Οὐ
2201 3497 2405 3568 ταύτης
2437 3499 2538 3569 τῆς
2573 3495 2827 3558 κτίσεως,
2876 3491 3027 3558 δέξαι
3077 3491 3153 3554 ὡς
3208 3488 3345 3560 πρὸς
3381 3487 3444 3540 τὸ
3510 3487 3663 3557 ἔχειν

2067 3592 2168 3663 τὴν
2196 3591 2446 3662 θεότητα.
2491 3590 2582 3652 Ὠς
2611 3589 2674 3642 τό
2691 3605 2754 3657 γε
2784 3586 2945 3657 σῶμα
2971 3583 3104 3638 αὐτό
3129 3583 3254 3637 καθ’
3279 3581 3432 3639 αὐτὸ.
3453 3579 3656 3652 ὁμοού-

2070 3699 2186 3736 σιον
2235 3677 2303 3753 ἦν
2346 3681 2426 3752 τῷ
2483 3679 2760 3751 ἡμετέρῳ.
2796 3677 2868 3732 Ἦ
2919 3677 3002 3731 ὅτι
3063 3675 3166 3729 οὒκ
3203 3669 3272 3746 ἦν
3304 3672 3512 3742 ταύτης
3552 3671 3660 3741 τῆς

2068 3775 2321 3840 κτίσεως,
2375 3773 2561 3843 φησιν,
2592 3771 2653 3838 ἐξ
2690 3766 2759 3844 ἧς
2798 3772 2832 3841 ἠ
2873 3768 3146 3824 Ἰουδαίων
3187 3765 3386 3836 σκηνή.
3430 3763 3660 3833 Ἐπειδὴ

2072 3865 2184 3937 γὰρ
2218 3865 2426 3935 σκηνὴν
2471 3861 2532 3915 τὸ
2564 3861 2726 3931 σῶμα
2755 3859 2982 3914 ἐκάλεσε
3023 3857 3120 3911 τοῦ
3157 3853 3421 3926 Χριστοῦ,
3450 3851 3658 3922 ἐδεήθη

2065 3957 2258 4012 τούτου
2289 3955 2385 4009 τοῦ
2414 3953 2824 4026 προδιορισμοῦ.
2857 3971 2878 4004 ι
2912 3951 3046 4005 Οὐδὲ
3072 3949 3141 4004 δι’
3170 3950 3402 4020 αἵματος
3428 3946 3661 4018 τράγων

2067 4047 2161 4102 καὶ
2194 4047 2431 4118 μόσχων.
2466 4063 2486 4098 s
2525 4044 2710 4115 Ἀπερ
2731 4038 2798 4115 ἢν
2825 4039 3117 4106 Ἰουδαϊκὰ,
3158 4039 3252 4094 καὶ
3276 4037 3345 4092 δι’
3377 4030 3452 4092 ὧν
3475 4035 3662 4109 εἰσῄει

2065 4141 2094 4194 6
2115 4139 2404 4210 ἀρχιερεὺς
2449 4136 2532 4199 είς
2557 4136 2625 4190 τὰ
2660 4135 2827 4203 Ἅγια
2855 4133 2964 4189 τῶν
3007 4131 3200 4201 ἁγίων.
3231 4150 3250 4182 ι
3293 4128 3530 4184 Ᾱίωνίαν
3561 4125 3662 4180 λύ⁶

2065 4247 2270 4304 τρωσιν
2304 4231 2618 4302 εὑρόμενος.
2645 4247 2664 4281 s
2693 4227 2977 4293 Τουτέστι,
3016 4223 3394 4298 κατορθώσας,
3423 4218 3659 4276 αἰωνίαν

2065 4323 2336 4397 λύτρωσιν
2372 4321 2591 4394 ε’ύρατο.
2617 4320 2730 4390 οὐχ
2787 4317 2989 4390 ἑαυτῷ,
3020 4315 3162 4390 (πῶς
3197 4314 3306 4386 γὰρ
3335 4315 3364 4368 6
3394 4312 3662 4384 ἀναμάρ-

2063 4414 2272 4491 τητος;)
2308 4415 2445 4471 ἀλλὰ
2473 4415 2552 4485 τῷ
2579 4413 2694 4485 λαῷ
2745 4408 2934 4469 αὑτοῦ.
2971 4409 3045 4464 Ἦ
3075 4406 3264 4480 ἐπειδὴ
3297 4404 3514 4477 κεφαλὴ
3555 4405 3660 4476 τῆς

374 4507 756 4579 redemptione
803 4511 1047 4588 inventa.
1091 4531 1112 4564 s
1149 4511 1263 4568 Hoc
1315 4520 1402 4568 est
1450 4511 1632 4567 :Cum
1686 4510 1960 4568 effecisset

2078 4509 2485 4581 ὶνθρωπότητος
2513 4505 2748 4578 ἠξίωσεν
2775 4500 2940 4569 εἶναι,
2969 4501 3039 4556 τὰ
3066 4501 3202 4573 ἡμῖν
3231 4497 3662 4571 κατορθωθέντα

377 4610 641 4656 :ctcrnam
700 4604 1180 4674 redemptionem,
1237 4605 1446 4660 invenit
1497 4620 1641 4669 eam,
1693 4619 1804 4660 non
1859 4604 1969 4660 sibi

2069 4601 2218 4674 αύτῷ
2246 4599 2631 4672 κατορθῶσθαι
2654 4598 2804 4668 λέγει
2837 4598 2865 4651 6
2905 4595 3256 4659 ’Δπόστολος.

377 4695 522 4760 ipsi:
561 4710 685 4748 nam
709 4710 950 4766 quonam
981 4695 1146 4750 modo
1204 4695 1258 4750 id
1291 4696 1406 4751 ﬁeri
1441 4695 1710 4766 potuisset
1740 4712 1864 4751 cum
1905 4695 2025 4768 ipse
2061 4709 2294 4768 peccare
2324 4693 2679 4765 nequiverit?
2717 4691 2812 4746 sed
2848 4705 2949 4746 suo
2974 4689 3198 4762 populo.
3241 4687 3350 4744 Aut
3387 4685 3658 4758 quoniam

377 4787 740 4842 humanitatis
770 4799 934 4855 caput
981 4803 1101 4843 esse
1129 4788 1384 4859 dignatus
1425 4797 1534 4856 est,
1563 4804 1687 4860 qua:
1727 4791 1888 4846 uoltis
1923 4790 2202 4860 acquisita
2234 4799 2388 4858 sunt,
2421 4789 2524 4859 ipsi
2557 4786 2766 4858 acquiri
2802 4785 2938 4842 dicit
2969 4783 3290 4856 Apostolus.

451 4879 546 4944 1X,
580 4881 669 4950 15,
693 4881 779 4936 Η.
813 4879 960 4938 Nam
976 4885 1026 4938 si
1046 4885 1264 4955 sanguis
1288 4893 1566 4938 taurorum
1588 4897 1638 4941 et
1664 4886 1956 4954 hircorum,

2130 4889 2204 4944 Ei
2238 4886 2352 4958 γὰρ
2395 4887 2463 4940 τὸ
2484 4883 2630 4956 αἷμα
2662 4885 2898 4952 ταύρων
2947 4881 3046 4936 καί
3076 4879 3330 4950 τράγων,
3362 4879 3463 4934 καί
3490 4892 3658 4933 σπο-

377 4977 620 5048 cinisque
639 4977 882 5045 juvenca:
905 4994 1186 5049 aspcrgcns
1219 4979 1527 5050 inquinatos
1551 4982 1856 5052 sanctiﬁcat
1887 4983 1959 5037 ad

2078 4983 2169 5050 3ος
2211 4981 2525 5052 δαμάλεως
2567 4975 2939 5048 ῥαντίζουσα
2979 4973 3126 5040 τοὺς
3163 4970 3657 5040 κεκοινωμένους

377 5072 561 5126 carnis
587 5071 1040 5142 purificationem,
1067 5083 1268 5144 quanto
1301 5078 1469 5147 magis
1487 5079 1707 5149 sanguis
1729 5079 1956 5147 Christi,

375 5159 468 5225 qui
500 5173 594 5224 per
635 5157 894 5226 Spiritum
926 5169 1182 5216 aeternum
1211 5166 1441 5236 seipsum
1481 5167 1672 5222 obtulit
1696 5170 1960 5225 immacu-

291 5267 296 5272 ·
373 5249 546 5304 latum
566 5249 696 5315 Deo,
718 5255 966 5324 purgabit
983 5257 1356 5312 conscientiam
1379 5270 1602 5314 restrain
1623 5262 1687 5316 ab
1712 5263 1958 5333 operibus

375 5341 604 5395 nortuis
635 5340 707 5397 ad
747 5343 1080 5400 serviendum
1116 5346 1222 5402 Deo
1259 5350 1469 5404 uiuenti.

447 5521 654 5580 Deinde
689 5525 949 5596 quoniam
992 5528 1316 5587 incredibile
1349 5531 1643 5588 videbatur
1684 5535 1830 5602 quod
1863 5553 1959 5606 per

375 5629 540 5672 uuam
573 5617 850 5672 vietimam
889 5634 1168 5691 unumque
1213 5623 1535 5693 sanguinem
1573 5635 1833 5680 :eternam
1861 5641 1958 5695 pa-

369 5717 553 5764 rasset
578 5709 1016 5782 retributionem,
1045 5715 1336 5774 conﬁrmat
1358 5717 1460 5774 hoc
1493 5724 1547 5774 et
1571 5719 1812 5774 ostendit
1833 5735 1956 5776 cre-

446 5822 492 5914 ξ⁸
519 5825 731 5886 Coloss.
765 5844 827 5902 ιι,
852 5830 920 5896 9.,

339 5942 386 5960 κ·
1387 5956 1408 5962 --
1431 5957 1440 5963 ε
1468 5951 1496 5964 -ι
1573 5954 1586 5968 ι.

2060 5071 2280 5144 ἁγιάζει
2303 5070 2454 5140 πρὸς
2493 5069 2609 5139 τὴν
2649 5066 2760 5136 τῆς
2793 5065 3021 5136 σαρκὸς
3049 5062 3448 5131 καθαρότητα,
3473 5063 3660 5126 πόσῳ

2054 5167 2304 5240 μᾶλλον
2326 5165 2392 5222 τὸ
2414 5161 2560 5234 αᾶια
2600 5164 2706 5219 τοῦ
2733 5161 3017 5232 Χριστοῦ,
3050 5159 3118 5226 ὃς
3148 5158 3248 5214 διὰ
3280 5157 3654 5225 Πνεύματος

2063 5260 2332 5324 αἰωνίου,
2370 5256 2591 5312 ἑαυτὸν
2625 5255 3046 5324 προσήνεγκεν
3085 5253 3328 5323 ἄμωμον
3372 5248 3452 5314 τῷ
3503 5247 3656 5312 Θεῷ,

2065 5351 2337 5420 καθαριεῖ
2381 5350 2497 5419 τὴν
2525 5350 2890 5418 συνείδησιν
2923 5347 3093 5417 ὑμῶν
3123 5347 3244 5402 ἀπὸ
3270 5342 3504 5414 νεκρῶν
3548 5343 3658 5412 ἑρ-

2065 5461 2203 5514 Υων,
2237 5446 2326 5510 είς
2355 5444 2423 5497 τὸ
2453 5445 2768 5512 λατρεύειν
2795 5442 2916 5508 Θεῷ
2944 5441 3113 5501 ζῶντι
3136 5457 3159 5505 ;
3272 5442 3284 5451 '

2137 5531 2292 5596 Εἶτα,
2326 5535 2520 5606 ἐπειδὴ
2577 5535 2841 5590 ἀπίθανον
2873 5529 3014 5587 εἶναι
3073 5533 3248 5586 ἐδόκει
3281 5531 3343 5584 τδ
3385 5529 3474 5584 διὰ
3517 5531 3660 5598 μιᾶς

2062 5625 2255 5690 θυσίας
2282 5628 2380 5681 καὶ
2425 5628 2660 5700 αἵματος
2716 5628 2836 5692 ὲνδς
2889 5626 3162 5698 λύτρωσιν
3191 5622 3418 5680 αἰωνίαν
3455 5637 3656 5693 παρα·

2066 5722 2237 5792 σχεῖν,
2266 5720 2670 5787 κατασκευάζει
2706 5720 2861 5788 αὐτὸ,
2886 5719 2982 5776 καὶ
3016 5717 3258 5775 δείκνυσι
3293 5715 3518 5772 πιθανὸν
3549 5713 3658 5768 καὶ
