3970 6560
189 372 282 436 37¹ἴ

1188 367 1576 431 COMMENT.
1615 367 1697 429 IN
1738 368 1976 431 EPIST.
2009 370 2111 431 AD
2140 371 2371 433 HEBR.

3339 371 3448 434 373

184 484 250 554 μὴ
296 477 510 551 ἀπᾷδον
546 479 817 555 ὑπάρχον.
852 496 871 530 ι
909 478 1019 533 Καὶ
1048 478 1247 541 σποδὸς
1287 476 1593 547 δαμάλεως.
1624 495 1642 527 ι
1680 476 1754 530 Τδ

1862 480 2027 537 dihile
2070 496 2192 538 esse
2232 495 2297 535 ac
2352 479 2487 535 nihil
2541 478 2764 535 absurdi
2813 479 3032 537 habere.
3099 498 3122 534 ι
3176 481 3438 552 Cinisque

180 575 299 647 αἷμα
349 575 743 647 ἰρῤαντὶζετο,
792 575 826 643 ἡ
885 571 1080 635 σποδὸς
1131 573 1233 641 τῆς
1267 570 1554 640 δαμάλεως
1597 567 1753 623 ὕδατι

182 665 531 739 μιγνύμενον,
568 666 791 718 ἐπίνετο
815 665 954 736 πρὸς
979 665 1321 734 καθαρισμὸν
1351 664 1409 715 ἐν
1430 665 1496 734 τῇ
1523 662 1749 733 παλαιᾷ.

186 779 201 812 ι
242 757 490 825 Ἀγιάζει
560 758 703 829 πρὸς
755 756 856 827 τὴν
907 757 1009 826 τῆς
1059 755 1263 826 σαρκὸς
1321 754 1689 825 καθαρότητα.
1727 771 1755 805 ι

187 851 418 918 ’Δγιάζει
479 848 568 913 δὲ,
609 850 669 901 οὐ
704 848 975 920 ψυχικῶς,
1020 847 1156 901 ἀλλὰ
1212 846 1349 917 πρὸς
1408 845 1753 916 καθαρισμὸν

177 942 262 1009 τῆς
282 939 514 1010 σαρκός.
536 938 685 1012 ’Ὅρα
711 938 872 991 αὑτὸν
900 938 1145 1009 ἀκριϐῶς
1172 936 1456 989 λαλοῦντα.
1489 955 1506 986 ι
1545 937 1640 998 ⁸·ος
1665 936 1754 988 διὰ

180 1031 510 1100 Πνεύματος.
530 1049 551 1081 ι
586 1028 663 1084 Oti
687 1030 777 1083 διὰ
795 1030 966 1101 πυρὸς
1000 1031 1232 1091 καύσας,
1262 1029 1336 1091 ὡς
1362 1029 1463 1092 τὰς
1494 1029 1756 1099 δαμάλεις

180 1131 228 1182 ἐν
255 1129 315 1196 τῇ
336 1123 580 1195 παλαιᾷ,
612 1124 751 1178 ἀλλὰ
789 1124 879 1176 διὰ
917 1123 1233 1192 ῐΙνεύματος
1260 1123 1417 1191 ἁγίου
1453 1125 1753 1194 προσενέγ-

178 1237 282 1281 κας.
313 1237 332 1268 ι
373 1219 658 1287 Ἀμωμον
705 1215 785 1286 τῷ
838 1215 979 1287 Θεῷ.
1019 1234 1037 1266 ι
1075 1217 1187 1269 Καὶ
1225 1215 1287 1268 τὸ
1335 1217 1392 1270 ὲν
1422 1219 1487 1286 τῇ
1545 1216 1756 1287 παλαιᾷ

135 1309 589 1381 ”προσαγὸμενον
643 1308 878 1378 ἱερεῖον,
923 1308 1153 1378 ἄμωμον
1221 1303 1361 1361 εἶναι
1414 1308 1752 1376 ἐπεζητεῖτο.

179 1400 337 1461 Tam;
371 1398 430 1450 δὲ
452 1394 526 1470 ἦν
558 1399 654 1451 τοῦ
686 1398 942 1468 σώματος
980 1399 1075 1452 τοῦ
1105 1399 1343 1470 Χριστοῦ
1370 1398 1466 1453 τοῦ
1517 1401 1763 1471 ἀμώμου.

181 1492 258 1546 καὶ
286 1490 571 1545 πάντοθεν
619 1491 884 1564 καθαροῦ.
914 1509 919 1517 ‘
947 1511 967 1543 ι
1008 1493 1315 1562 Ἀμαρτῐαν
1353 1494 1484 1564 γὰρ,
1529 1497 1693 1563 φησιν
1730 1498 1758 1548 ὁ

188 1584 423 1648 Ἡσαΐας,
459 1585 573 1636 οὐκ
610 1583 858 1654 ἐποίησε,
892 1584 987 1635 καὶ
1022 1583 1172 1647 δόλος
1202 1584 1302 1654 οὐχ
1349 1584 1553 1655 εὑρέθη
1597 1588 1653 1637 ὲν
1675 1584 1754 1654 τῷ

182 1677 389 1742 στόματι
444 1674 647 1730 αὑτοῦ,
699 1694 720 1726 ι
775 1704 848 1717 --
898 1692 923 1724 ι»
974 1674 1243 1744 Καθαριεῖ
1294 1675 1394 1744 τὴν
1453 1676 1758 1747 συνείδησιν

181 1767 335 1835 ὑμῶν.
371 1785 390 1818 ι
433 1767 567 1820 Ἐπὶ
600 1767 699 1836 μὲν
719 1766 813 1819 τοῦ
844 1767 1074 1836 αἵματος
1113 1767 1220 1820 τῶν
1243 1767 1484 1839 ταύρων,
1518 1770 1614 1821 καὶ
1656 1769 1758 1838 τῆς

182 1857 360 1911 σποδοῦ
403 1858 515 1929 τῆς
553 1858 843 1928 δαμάλεως
895 1852 1045 1923 εἷπε,
1097 1859 1243 1931 Πρὸς
1274 1860 1374 1930 τὴν
1404 1862 1503 1929 τῆς
1551 1860 1758 1930 σαρκὸς

182 1950 526 2022 καθαρότητα
553 1968 570 1982 ·
605 1952 699 2004 ἐπὶ
721 1950 778 2003 δὲ
807 1949 900 2003 τοῦ
936 1950 1165 2020 αἵματος
1204 1951 1296 2003 τοῦ
1321 1952 1555 2024 Χριστοῦ
1594 1969 1750 2022 φησι,

182 2042 277 2112 Τὴν
321 2042 644 2113 συνείδησιν
693 2041 869 2111 ὑμῶν.
903 2041 1047 2111 Ὀρα
1065 2041 1329 2112 διαφορὰν
1365 2040 1749 2111 καθαρισμοῦ.

181 2135 237 2187 Τί
259 2138 392 2199 ἐστι,
423 2136 546 2205 Τὴν
587 2134 916 2204 συνείδησιν;
959 2133 1239 2197 Τουτέστι,
1288 2134 1385 2187 καὶ
1431 2133 1531 2204 τὴν
1572 2133 1751 2203 ψυχὴν

181 2228 316 2297 ὐμῶν
352 2217 641 2298 καθαίρει,
674 2226 750 2289 ὡς
791 2225 923 2297 μηδὲ
972 2226 1275 2279 συνειδέναι
1324 2244 1375 2279 τι
1409 2226 1627 2288 ἑαυτοῖς
1656 2224 1750 2277 τοῦ

182 2312 350 2365 λῖιποῦ
412 2314 801 2385 παράπτωμα.
834 2332 852 2364 ι
896 2313 1031 2368 Ἀπὸ
1069 2314 1283 2385 νεκρῶν
1335 2314 1536 2385 ἔργων.
1579 2334 1597 2366 ι
1630 2314 1752 2367 Τῶν

183 2404 405 2473 φαύλων,
440 2406 561 2459 τῶν
590 2407 914 2475 μιαινόντων
950 2407 1049 2476 τὴν
1076 2408 1277 2479 φυγήν.
1335 2408 1376 2461 0
1412 2405 1609 2478 νεκροῦ
1643 2407 1752 2478 γὰρ

188 2499 470 2568 ἁψάμενος,
498 2498 659 2569 παρὰ
704 2499 1004 2568 Ἰουδαίοις,
1026 2501 1338 2570 ὲμολύνετο,
1376 2501 1506 2571 παρ’
1530 2501 1664 2570 ἡμῖν
1694 2500 1753 2554 δὲ

185 2590 241 2644 τὰ
268 2590 438 2644 ἄτοπα
494 2591 639 2663 ἔργα
692 2593 934 2662 μολύνει.
994 2612 1011 2643 ι
1048 2593 1141 2657 Εἰς
1187 2592 1247 2645 τὸ
1297 2591 1584 2662 λατρεύειν
1632 2591 1752 2662 Θεῷ

188 2680 352 2743 ζῶντι.
389 2700 407 2732 ι
443 2682 613 2752 Δηλοί
658 2682 831 2745 ἄλλως
887 2682 962 2753 μὴ
1007 2680 1270 2735 δύνασθαι
1292 2682 1579 2752 λατρεύειν
1607 2679 1747 2751 Θεῷ,

188 2772 229 2823 εἱ
247 2773 313 2842 μὴ
340 2774 593 2841 καθαρὸν
609 2774 740 2827 ὄντα
766 2775 874 2829 ἀπὸ
895 2773 1103 2846 νεκρῶν
1125 2774 1324 2844 ἔργων.
1363 2775 1449 2837 Ὠς
1478 2775 1529 2828 οἰ
1544 2790 1608 2843 γε
1633 2772 1750 2843 μετ’

191 2865 394 2917 ὲκεὶνων
452 2867 838 2938 λατρεύοντες,
878 2866 940 2920 οὐ
982 2866 1365 2937 λατρεύουσιν,
1403 2865 1541 2921 ἀλλὰ
1579 2881 1751 2919 κατα-

191 2954 467 3023 κρίνονται.

252 3048 349 3100 Καὶ
374 3049 470 3102 διὰ
489 3049 691 3114 τοῦτο,
716 3048 1009 3119 διαθήκης
1046 3051 1261 3121 καινῆς
1278 3052 1535 3121 μεσίτης
1550 3052 1748 3116 ἐστίν,

193 3137 331 3205 ὅπως
361 3141 632 3194 θανάτου
666 3140 993 3210 γενομένου
1052 3145 1140 3210 εἰς
1168 3144 1597 3212 ἀπολύτρωσιν
1632 3130 1756 3196 τῶν

1857 573 2127 643 juveneae.
2182 591 2205 627 ι
2256 571 2496 643 Sanguis
2546 572 2962 643 aspergebatur,
3009 572 3150 627 cinis
3194 572 3446 642 iuvencae

1854 665 2050 721 mistus
2085 680 2242 735 aqua:
2277 665 2573 734 putabatur
2595 664 2660 719 ad
2692 664 3132 734 puriﬁcationem
3179 664 3236 717 in
3266 665 3433 719 veleri

1857 763 2219 813 testamento.
2293 775 2317 808 ι
2356 756 2681 811 Sanctiﬁcat
2743 755 2817 810 ad
2861 757 3048 810 carnis
3097 754 3437 823 puriﬁcatio-

1858 863 2003 903 nem.
2047 866 2066 900 ι
2136 848 2458 902 Sanetiﬁcat
2516 858 2698 902 autem
2748 863 2858 902 non
2922 847 3105 917 quoad
3164 847 3443 901 ani-mam:

1856 943 1950 998 sed
2026 943 2091 997 ad
2159 945 2344 999 carnis
2410 945 2879 1014 puriﬁcationem.
2931 943 3228 998 Considera
3309 955 3443 995 vero

1856 1050 2021 1105 quam
2062 1046 2253 1090 exacte
2288 1037 2577 1105 loquatur.
2612 1054 2628 1086 ι
2672 1035 2777 1101 Qui
2808 1050 2902 1105 per
2934 1033 3222 1103 Spiritum.
3259 1052 3283 1084 ι
3320 1031 3437 1086 Non

1856 1142 1954 1196 per
2006 1126 2184 1195 ignem
2217 1137 2446 1182 exustus
2484 1135 2543 1180 ut
2573 1127 2821 1196 juvenem
2851 1140 3046 1179 carnes
3076 1125 3129 1178 in
3160 1126 3328 1179 veteri
3356 1132 3440 1178 te-

1858 1227 2153 1283 stamento,
2192 1220 2289 1273 scd
2322 1220 2411 1288 qui
2468 1234 2564 1289 per
2598 1218 2861 1288 Spiritum
2913 1225 3165 1272 sanetum
3217 1217 3435 1271 obtulit.

1865 1331 1884 1365 ι
1917 1313 2328 1367 Immaculatum
2378 1311 2505 1367 Deo.
2541 1330 2556 1366 ;
2594 1313 2771 1366 Etiam
2816 1312 2871 1367 in
2907 1312 3077 1366 veteri
3108 1318 3436 1365 testamento

1850 1404 2243 1474 requirebatur
2271 1413 2330 1459 ut
2364 1404 2599 1458 adducta
2636 1405 2811 1460 hostia
2843 1411 2990 1459 esset
3036 1402 3387 1456 immaculata
3416 1417 3432 1454 :

1858 1498 1951 1552 sed
1983 1496 2152 1566 ﬁgura
2179 1504 2299 1549 erat
2335 1497 2586 1567 corporis
2617 1495 2823 1550 Christi
2868 1495 3203 1550 immaculnti
3235 1502 3289 1547 et
3330 1508 3437 1546 un-

1860 1588 2026 1657 dique
2084 1587 2225 1657 puri.
2274 1586 2559 1657 Siquidem
2617 1605 2637 1638 ι
2679 1596 2964 1657 peccatum
3022 1602 3127 1639 non
3176 1582 3325 1644 fecit,
3361 1582 3439 1636 ait

1859 1678 2051 1741 lsaias,
2105 1694 2205 1733 nec
2252 1678 2414 1734 dolus
2460 1680 2714 1733 inventus
2762 1687 2848 1732 est
2900 1678 2952 1730 in
2992 1690 3087 1731 ore
3129 1674 3249 1744 ejus
3291 1672 3363 1725 “.
3412 1691 3432 1724 ι

1859 1806 1930 1817 --
1970 1794 1988 1827 ι
2029 1774 2289 1841 Purgabit
2328 1773 2724 1828 conscientiam
2772 1780 3030 1826 vestram.
3074 1787 3095 1821 ι
3133 1767 3207 1822 De
3246 1775 3437 1820 tauro-

1861 1884 1982 1925 rum
2017 1867 2233 1937 quidem
2277 1866 2545 1936 sanguine
2577 1873 2630 1920 et
2660 1865 2849 1920 cinere
2875 1862 3125 1933 juvencae
3155 1859 3291 1913 dixit
3319 1855 3436 1912 :Ad

1861 1961 2044 2016 carnis
2090 1957 2562 2028 purificationem;
2608 1957 2676 2012 tle
2729 1956 2932 2009 Christi
2992 1969 3120 2009 vero
3172 1949 3439 2028 sanguine

1861 2054 1937 2107 ait
1978 2071 1991 2107 :
2026 2050 2433 2107 Conscientiam
2467 2059 2729 2105 vestram.
2759 2047 3148 2103 Animadverte
3180 2026 3437 2113 puriﬁca-

1862 2144 2025 2201 tionis
2052 2143 2498 2214 praecellentiam.
2539 2140 2705 2210 336
2720 2138 2860 2205 Quid
2884 2146 2966 2192 est
2991 2129 3436 2192 Conscientiam?

1861 2236 1978 2291 lloc
2002 2248 2088 2292 est
2117 2236 2355 2290 animam
2386 2244 2620 2289 vestram
2650 2231 2926 2301 puriﬁcat,
2966 2229 3038 2284 ita
3073 2235 3128 2280 ut
3179 2226 3437 2291 deinceps

1860 2329 2064 2383 nullius
2113 2326 2296 2381 delicti
2350 2324 2457 2380 sibi
2502 2322 2712 2379 conscii
2769 2319 2902 2375 sint.
2961 2337 2981 2371 ι
3039 2317 3123 2372 Ab
3172 2314 3438 2385 operibus

1860 2417 2115 2474 mortuis.
2170 2436 2189 2469 ι
2222 2415 2280 2471 id
2317 2425 2424 2479 est,
2456 2413 2664 2483 pravis,
2712 2409 2967 2466 animam
2996 2403 3434 2475 inquinantibus.

1859 2510 1961 2577 Qui
1989 2510 2135 2565 enim
2153 2505 2295 2579 apud
2320 2505 2538 2562 Judteos
2571 2510 2846 2558 mortuum
2872 2500 3149 2572 tetigerat,
3176 2497 3435 2566 inquina-

1861 2600 2046 2661 batur.
2077 2600 2219 2669 apud
2244 2613 2346 2653 nos
2366 2612 2496 2653 vero
2520 2593 2756 2651 absurda
2801 2591 3114 2661 inquinant.
3145 2606 3165 2640 ι
3208 2586 3290 2640 Ad
3319 2600 3438 2641 sero

1858 2693 2117 2750 viendum
2160 2691 2274 2748 Deo
2312 2689 2536 2746 viventi.
2588 2707 2608 2740 ι
2647 2683 2959 2743 Manifestat
2989 2683 3097 2737 alio
3127 2679 3291 2736 modo
3321 2692 3436 2734 non

1860 2801 2022 2857 posse
2051 2798 2378 2855 quemquam
2432 2781 2612 2834 colere
2644 2778 2835 2842 Deum,
2878 2774 2985 2830 nisi
3041 2787 3216 2838 purus
3254 2757 3327 2824 sit
3367 2769 3436 2822 ab

1861 2876 2121 2947 operibus
2161 2874 2393 2928 mortuis
2439 2872 2558 2925 :ita
2603 2878 2660 2923 ut
2707 2868 2799 2938 qui
2845 2867 2900 2921 in
2937 2866 3025 2920 his
3065 2878 3190 2921 eum
3223 2861 3434 2925 colunt,

1859 2982 1968 3020 non
2000 2966 2209 3029 colunt,
2241 2963 2334 3018 sed
2366 2976 2487 3015 sese
2524 2958 2919 3013 condemnant.

1929 3057 2023 3123 IX,
2060 3055 2243 3111 15-18.
2279 3057 2347 3106 Et
2402 3051 2463 3105 ob
2521 3049 2575 3103 id
2615 3051 2735 3104 novi
2786 3047 3087 3102 testamenti
3121 3042 3445 3098 ebrzeiliaton

1855 3158 1934 3205 est
1961 3165 1978 3203 :
2008 3160 2065 3202 ut
2098 3156 2263 3201 morte
2302 3143 2646 3199 intercedente
2694 3141 2763 3195 ad
2808 3138 3210 3207 redemptionem
3249 3152 3433 3191 earum

195 3230 376 3329 enim?
413 3232 619 3329 πρώτῃ
660 3232 914 3302 διαθήκῃ
942 3234 1360 3302 παραϐάσεων,
1412 3234 1529 3303 τὴν
1572 3235 1752 3306 ἑπαγ-

1862 3239 2349 3307 prwvaricationum
2376 3251 2491 3305 qua:
2536 3233 2747 3302 fuerant
2776 3230 2870 3286 sub
2903 3229 3073 3299 priori
3103 3236 3434 3287 testamento,

196 3322 382 3388 τελέαν
418 3322 695 3377 λάϐωσιν
721 3325 773 3376 οἱ
806 3324 1171 3392 κεκλημένοι
1204 3322 1312 3392 τῆς
1334 3326 1580 3379 αἰωνίου
1605 3329 1754 3393 κλη-

198 3414 479 3482 ρονομίας.
523 3415 719 3466 Ὅπου
760 3414 869 3483 γὰρ
899 3413 1177 3483 διαθήκη,
1214 3415 1475 3469 θάνατον
1520 3417 1752 3485 ἀνάγκη

197 3502 456 3572 φέρεσθαι
488 3504 596 3558 τοῦ
639 3506 1013 3573 διαθεμένου.
1072 3508 1334 3576 Διαθήκη
1367 3509 1475 3578 γὰρ
1505 3508 1604 3561 ἐπί
1651 3525 1754 3562 νε-

199 3594 339 3662 κροῖς
380 3597 624 3660 βεϐαία.
673 3598 860 3664 Ἐπεὶ,
893 3598 976 3667 μή
1031 3614 1176 3653 ποτε
1240 3600 1437 3669 ἰσχύει
1498 3599 1596 3654 ὅτε
1630 3598 1697 3668 ζῇ
1723 3603 1756 3655 ὁ

200 3685 525 3758 διαθέμενος
546 3707 569 3755 ,ν
596 3688 737 3742 ὅθεν
788 3689 930 3743 οὐδὲ
963 3690 1002 3757 ἠ
1055 3690 1253 3760 πρώτη
1299 3691 1477 3760 χωρίς
1507 3676 1756 3762 αἵματος

201 3777 644 3847 ἑγιιεκαίνισται.

269 3873 552 3928 Ἦὸούλετο
586 3875 615 3927 ὁ
646 3874 854 3945 Πατὴρ,
906 3875 1279 3945 κληρονόμους
1326 3877 1473 3948 ἡμᾶς
1502 3876 1755 3945 γενέσθαι

201 3965 293 4019 τῶν
316 3958 708 4038 ὶπαγγελιῶν,
749 3969 863 4021 ἀλλ’
896 3969 998 4021 οὐκ
1028 3968 1347 4040 ἠδυνάμεθα
1396 3970 1579 4042 ἐχθροὶ
1605 3971 1756 4033 ὅντες

205 4060 283 4112 καὶ
311 4061 831 4131 ἐκπεπολεμωμένοι
866 4061 1005 4132 πρὸς
1028 4063 1214 4115 αὐτόν.
1263 4062 1328 4116 Τί
1358 4059 1486 4129 οὗν;
1531 4063 1588 4116 '0
1627 4063 1755 4127 Υίὶς

204 4149 520 4217 ἐμεσίτευσε,
550 4153 648 4207 καὶ
684 4152 1026 4224 κατήλλαξεν
1066 4154 1216 4224 ἡμᾶς
1240 4153 1317 4224 τῷ
1345 4154 1530 4223 οἰκείῳ
1556 4153 1753 4224 ιΙατρί.

215 4239 334 4298 Ἀλλ’
355 4246 548 4317 ἐπειδὴ
577 4246 687 4301 ἔδει
733 4236 827 4301 διαὶ
858 4245 1129 4318 τιμωρίαν
1161 4246 1347 4301 δοῦναι
1375 4248 1504 4309 τοὺς
1533 4230 1635 4299 ἐπι
1657 4247 1757 4316 τῆς

206 4337 293 4406 γῆς
316 4339 379 4392 δ.’
401 4340 438 4395 ἃ
455 4340 965 4414 ὲπλημμελήσαμεν
1008 4340 1127 4410 (σὺν
1166 4338 1242 4410 τῷ
1266 4338 1633 4410 φιλανθρώπῳ
1648 4339 1757 4409 γὰρ

208 4430 286 4481 ἐπὶ
310 4432 514 4497 δίκαιος
564 4435 594 4487 ὁ
632 4432 791 4505 Θεὸς)
830 4432 929 4488 καὶ
971 4431 1177 4505 ταύτην
1224 4432 1397 4501 αὐτὴν
1429 4431 1569 4503 ὑπὲρ
1597 4431 1757 4503 ἡμῶν

207 4522 476 4595 ὑπέμεινεν
501 4529 530 4581 ὁ
568 4526 699 4591 Υἱὸς
724 4524 1082 4596 σταυρωθείς.
1119 4543 1141 4577 ι
1181 4525 1371 4588 ’Ὅπως
1397 4523 1631 4578 θανάτου
1662 4540 1756 4593 γε-

1856 3334 1897 3387 ii
1942 3332 2031 3402 qui
2075 3330 2246 3384 vocati
2284 3337 2408 3382 sunt
2465 3325 2865 3395 promissionem
2917 3321 3180 3387 accipiant
3225 3330 3445 3372 aeterna:

1855 3420 2201 3476 Ita-redita'is.
2258 3416 2530 3488 Siquidem
2574 3416 2662 3468 ubi
2721 3420 3092 3468 testamentum
3138 3419 3236 3471 est,
3292 3423 3443 3462 mors

1857 3529 2063 3567 necesse
2106 3519 2184 3565 est
2229 3507 2519 3562 intercedat
2558 3506 2851 3560 testatoris.
2893 3502 3036 3556 Nam
3067 3508 3433 3554 testamentum

1856 3607 1910 3661 in
1940 3604 2162 3659 mortuis
2190 3612 2366 3656 ratum
2400 3610 2478 3654 est
2503 3616 2520 3654 :
2551 3599 2795 3670 quoniam
2821 3612 2947 3649 num
2970 3592 3280 3665 quandoque
3299 3592 3435 3646 valet

1855 3714 1974 3751 eum
2000 3696 2120 3751 vivit
2157 3694 2411 3748 testator?
2447 3690 2595 3745 Unde
2624 3706 2686 3742 ne
2704 3689 2849 3756 prius
2890 3687 3100 3758 quidem
3134 3684 3268 3738 illud
3310 3682 3436 3737 abs-

1853 3805 1954 3861 que
1983 3787 2239 3857 sanguine
2271 3785 2574 3838 dedicatum
2615 3782 2739 3849 fuit.

1932 3879 2155 3935 Volebat
2183 3877 2342 3931 Pater
2372 3874 2614 3930 hmredes
2645 3888 2751 3927 nos
2792 3869 2907 3924 ﬁeri
2950 3866 3386 3939 promissionum
3416 3882 3431 3919 :

1857 3986 1912 4029 at
1946 3987 2056 4028 non
2108 3980 2426 4040 poteramus
2475 3981 2597 4020 cum
2644 3963 2853 4018 inimici
2888 3975 3161 4024 essemus,
3191 3957 3436 4027 factique

1858 4063 1961 4134 ipsi
1995 4060 2221 4115 inimici.
2246 4056 2387 4124 Quid
2419 4054 2587 4126 ergo?
2620 4051 2792 4107 Filius
2822 4049 3095 4104 mediator
3124 4048 3302 4101 tactus
3327 4055 3433 4109 est,

1858 4170 2071 4227 suoque
2094 4151 2241 4208 Patri
2277 4165 2377 4205 nos
2411 4144 2808 4207 reconciliavit.
2842 4142 2946 4197 Sed
2979 4140 3233 4208 quoniam
3269 4152 3436 4208 opor-

1859 4246 1963 4301 tuit
1981 4260 2081 4300 nos
2096 4244 2187 4314 qui
2207 4243 2260 4296 in
2282 4249 2427 4295 terra
2441 4237 2765 4308 degebamus
2784 4248 2974 4304 pinnas
2989 4230 3121 4286 dare
3133 4229 3201 4283 ob
3219 4237 3435 4298 peccata

1858 4339 2059 4412 quibus
2080 4333 2412 4404 deliquimus
2430 4329 2496 4400 (si
2518 4328 2737 4399 quidem
2764 4325 2905 4380 Deus
2927 4338 3033 4376 non
3054 4329 3263 4374 tantum
3286 4320 3438 4375 beni-

1859 4447 2000 4503 gnus
2026 4436 2110 4486 est
2157 4437 2212 4483 et
2238 4426 2534 4489 humanus,
2561 4435 2750 4477 verum
2785 4418 2947 4473 etiam
2989 4413 3219 4487 justus).
3270 4414 3436 4468 etiam

1858 4527 1959 4582 has
1989 4525 2137 4599 ipsas
2162 4535 2260 4592 pro
2276 4518 2437 4574 nobis
2461 4512 2725 4572 sustinuit
2742 4510 2937 4575 Filius,
2965 4508 3083 4580 ipse
3116 4504 3435 4560 cruciﬁxus.

209 4617 431 4686 νομένου.
466 4639 488 4670 ι
524 4617 756 4687 Θανάτῳ
791 4616 901 4687 γὰρ
941 4613 1253 4687 βεϐαιοῦται
1280 4617 1314 4686 ἡ
1351 4614 1614 4686 διαθήκη.
1657 4613 1755 4667 Διὰ

1868 4638 1888 4671 ι
1926 4616 1999 4674 Ut
2028 4623 2205 4672 morte
2253 4609 2681 4669 intercedente.)
2713 4603 2885 4659 Morte
2906 4605 3050 4657 enim
3082 4600 3440 4654 conﬁrmatur

207 4707 339 4764 τοῦτο
383 4710 658 4766 ἀπέθανεν
685 4709 715 4762 ὁ
756 4708 1015 4779 Χριστὸς,
1059 4707 1147 4762 ἵνα
1206 4710 1239 4780 ἡ
1297 4710 1379 4771 είς
1411 4709 1560 4778 ἡμᾶς
1591 4705 1759 4761 αὐτοῦ

210 4796 415 4873 διαθήκη
445 4801 740 4872 βεϐαιωθῇ.
769 4799 940 4854 Τοῦτο
955 4800 1013 4853 δὲ
1039 4799 1274 4869 τίθησιν,
1304 4800 1494 4872 ἐπειδὴ
1527 4799 1764 4870 μάλιστα.

210 4890 312 4954 τοὺς
346 4892 599 4954 ἀσθενεῖς
641 4892 671 4944 ὁ
726 4889 954 4954 θάνατος
1008 4889 1104 4943 τοῦ
1153 4890 1392 4960 Χριστοῦ
1441 4891 1759 4961 ἐτάραττεν.

217 4998 232 5030 ι
266 4982 348 5047 Εἰς
393 4983 801 5053 ἀπολύτρωσιν.
838 5002 858 5036 ι
908 4982 1106 5051 Γέγονε
1164 4984 1275 5055 γὰρ
1333 4984 1362 5036 ὁ
1403 4982 1629 5047 θάνατος
1669 4982 1761 5036 τοῦ

211 5072 421 5144 Χριστοῦ
455 5076 592 5147 πρὸς
630 5074 690 5129 τὸ
726 5074 1214 5146 ἁπολυτρὼσασθαι
1272 5075 1367 5129 καὶ
1424 5074 1631 5130 παῦσαι
1659 5075 1758 5139 τὰς

212 5164 258 5216 ὲν
286 5170 348 5240 τῇ
398 5166 594 5241 πρώτῃ
621 5166 853 5237 διαθήκῃ
895 5166 1260 5236 παραϐάσεις,
1325 5166 1414 5220 ἵνα
1463 5165 1638 5235 τούτῳ
1678 5165 1758 5236 τῷ

211 5256 371 5329 τρόπῳ
391 5258 491 5327 τὴν
513 5256 847 5326 ἐπαγγελίαν
869 5255 1131 5327 λάϐωμεν
1178 5256 1276 5325 τῆς
1314 5255 1536 5310 αἰωνίου
1560 5255 1660 5326 κλη
1671 5273 1762 5324 ρο-

213 5351 379 5419 νομίας
419 5351 469 5403 οἱ
501 5349 853 5419 κεκλημένοι.
885 5347 1029 5402 Ἀλλ’
1056 5349 1216 5420 ἡμεῖς
1252 5348 1480 5412 ἑαυτοὺς
1527 5349 1764 5403 ἀπεστε-

216 5444 438 5514 ρήσαμεν
463 5442 905 5513 ἁμαρτήσαντες.
945 5439 1119 5494 Τοῦτο
1164 5434 1259 5494 οὖν
1300 5438 1614 5512 διορθοῦται
1640 5441 1761 5493 ἑπι-

214 5535 375 5598 φανεὶς
404 5536 433 5588 ὁ
462 5533 721 5606 Χριστός.
751 5550 772 5586 ι
810 5532 1052 5587 Θάνατον
1087 5532 1301 5603 ἀνάγκη
1341 5532 1605 5603 φέρεσθαι
1654 5532 1749 5586 τοῦ

212 5618 532 5695 summu.
567 5640 587 5675 ι
638 5620 813 5678 Τοῦτο
836 5623 898 5678 τὸ
942 5623 1217 5695 ταράσσον
1264 5623 1481 5689 αὐτοὺς,
1542 5623 1623 5690 τὸ,
1662 5622 1760 5677 τοῦ

214 5710 422 5770 θανάτου
464 5712 561 5768 τοῦ
612 5714 872 5788 Χριστοῦ.
908 5715 1035 5770 Ὅτι
1066 5715 1204 5784 πιῖις,
1254 5714 1441 5791 φησὶν,
1478 5714 1592 5787 ἔχει
1627 5717 1760 5789 ἡμῖν

269 5833 311 5867 ⁸⁸
358 5837 460 5893 lsa.
500 5852 620 5904 un,
670 5836 730 5903 9.

1858 4716 2276 4783 testamentum.
2329 4703 2558 4773 Propter
2606 4698 2712 4753 hoc
2759 4704 3004 4750 mortuus
3033 4701 3118 4748 cst
3161 4691 3436 4757 tlhristus,

1860 4780 1925 4858 ιιι
1965 4801 2141 4872 ipsius
2177 4803 2562 4853 testamentum
2610 4789 2667 4843 in
2711 4802 2808 4841 nos
2843 4784 3278 4840 conﬁrmaretur.
3322 4780 3439 4835 Hoc

1859 4871 2037 4950 autem
2076 4890 2226 4962 ponit
2256 4886 2520 4958 quoniam
2561 4878 2868 4936 imbecilles
2903 4876 3136 4931 maxime
3176 4871 3439 4928 turbabat

1859 5000 2009 5041 mors
2032 4981 2256 5039 Christi.
2287 4997 2307 5031 ι
2338 4975 2419 5031 Ad
2444 4972 2894 5042 redemptionem.
2929 4987 2947 5020 ι
2979 4964 3145 5020 Facta
3170 4972 3253 5019 est
3284 4978 3431 5018 mors

1861 5074 2067 5133 Christi
2103 5083 2163 5127 ut
2196 5069 2599 5127 redimerentur
2647 5076 2711 5116 ac
2744 5060 3088 5114 solverentur
3128 5063 3437 5122 transgres-

1863 5169 2048 5226 siones
2097 5177 2221 5234 qua‘.
2268 5160 2485 5215 fuerant
2528 5158 2585 5213 in
2619 5154 2788 5226 priori
2839 5158 3189 5213 testamento,
3228 5158 3287 5201 ut
3334 5146 3441 5200 hoc

1864 5236 2026 5318 modo
2061 5253 2482 5329 promissionem
2529 5250 2908 5320 acciperemus
2953 5252 3173 5299 aeternae
3212 5238 3441 5295 haeredi-

1865 5353 1994 5410 tatis
2031 5351 2127 5422 qui
2161 5346 2340 5403 vocati
2373 5358 2634 5407 eramus:
2656 5348 2711 5395 at
2742 5339 2847 5411 ipsi
2877 5338 3132 5406 nosipsos
3163 5329 3438 5404 peccando

1867 5416 2279 5516 privaveramus
2303 5435 2416 5490 illa.
2439 5431 2559 5489 Hoc
2576 5433 2737 5502 igitur
2757 5435 2979 5500 praestat
3009 5424 3261 5480 Christus
3283 5416 3439 5474 nobis

1869 5513 2277 5592 manifestatus.
2317 5546 2337 5580 ι
2374 5526 2519 5582 Mors
2558 5537 2786 5578 necesse
2814 5527 2899 5576 est
2928 5513 3229 5572 intercedat
3266 5516 3437 5563 testa-

1869 5627 2027 5683 toris.
2071 5643 2090 5677 ι
2126 5625 2243 5678 Hoc
2271 5628 2391 5677 erat
2419 5615 2565 5690 quod
2590 5615 2739 5685 ipsos
2769 5607 3047 5687 turbabat,
3077 5617 3274 5673 nempe
3290 5598 3436 5670 quod

1866 5715 1942 5773 ait
1979 5714 2045 5771 de
2084 5711 2291 5771 Christi
2336 5715 2530 5764 morte.
2580 5699 2864 5773 Siquidem
2917 5693 3193 5769 quomodo
3232 5699 3434 5767 potest,
