3850 6552
436 346 545 411 379

1501 354 1903 417 CECUMENII
1944 355 2239 416 TRICCAS
2267 357 2608 421 EPISCOI'I

3578 367 3677 430 380

440 458 719 527 inquiunt,
766 461 927 518 nobis
955 460 1089 519 dare
1124 463 1525 535 promissiones
1567 467 1614 523 is
1650 469 1744 537 qui
1778 479 2028 523 mortuus

2136 469 2321 525 δοῦναι
2353 474 2449 536 τὰς
2482 474 2819 543 ἐπαγγελίας
2878 476 2905 529 ό
2959 475 3278 543 ἀποθανὼνς
3347 476 3686 552 Περιστρίφει

440 553 551 609 est?
565 551 1054 625 387Betorquet
1070 556 1236 627 igitur
1248 567 1300 613 et
1320 558 1561 614 ostendit
1576 560 1721 630 quod
1737 562 1845 615 alio
1859 562 2027 618 modo

442 661 553 699 non
581 646 953 714 potuissemus
981 647 1355 704 haereditatem
1384 660 1439 704 et
1472 653 1893 720 promissionem
1936 670 2030 709 ac-

439 742 652 807 cipere,
688 740 794 794 nisi
840 749 1091 795 mortuus
1131 740 1328 797 fuisset
1361 742 1635 799 Christus.
1682 763 1702 795 ι
1750 745 2025 811 Quoniam

439 848 570 886 num
619 832 950 902 quandoque
992 833 1137 887 valet
1177 832 1402 903 quando
1447 834 1583 889 vivit
1622 839 1892 892 testator?
1923 838 2029 895 Per

441 925 928 995 interrogationem
974 925 1159 995 legito.
1213 945 1231 977 ι
1279 926 1453 993 {Unde
1492 944 1561 981 ne
1606 930 1761 999 prius
1805 933 2025 1002 quidem

440 1018 596 1071 illud.
636 1035 657 1068 ι
704 1016 770 1069 Ει
808 1017 944 1071 adeo
994 1026 1191 1079 morte,
1222 1017 1421 1087 inquit,
1465 1020 1829 1076 conﬁrmatur
1860 1031 2029 1078 testa-

439 1117 709 1173 mentum,
754 1109 898 1176 quod
925 1109 1079 1177 prius
1123 1123 1344 1178 quoque
1382 1109 1514 1165 illud
1557 1126 1658 1181 pro
1700 1122 1876 1167 morte
1903 1129 2031 1168 san-

436 1203 655 1273 guinem
688 1201 941 1256 habuerit
980 1201 1175 1256 mortis
1211 1203 1547 1273 symbolum,
1576 1205 1628 1258 in
1670 1222 1814 1261 novo
1846 1217 2026 1262 autem

438 1309 568 1348 vere
605 1304 837 1348 mortem
874 1293 1039 1348 habet
1084 1311 1098 1350 :
1142 1309 1208 1349 eo
1245 1294 1394 1363 quod
1438 1297 1525 1349 illa
1567 1298 1789 1366 quidem
1845 1299 2031 1368 ﬁgura:

435 1396 614 1451 erant,
635 1402 755 1456 quae.
783 1403 908 1441 vero
938 1387 992 1441 in
1025 1402 1188 1454 novo,
1208 1389 1432 1443 veritas.
1468 1407 1485 1439 ι
1512 1388 1736 1459 Absque
1762 1390 2029 1460 sanguine

436 1479 756 1535 dedicatum
793 1480 918 1535 fuit.
962 1500 982 1532 ›
1017 1482 1095 1535 Ac
1142 1482 1188 1537 si
1231 1481 1479 1537 diceret:
1508 1479 1626 1537 Non
1659 1483 1903 1539 cessavit
1935 1494 2032 1539 aut

434 1567 788 1630 intermissus
825 1581 911 1629 est.
950 1573 1178 1643 sanguis
1224 1574 1309 1629 vel
1355 1572 1424 1628 ad
1466 1585 1684 1644 tempus
1724 1575 2027 1639 modicum,

436 1666 529 1720 sed
561 1666 815 1735 protinus
845 1676 903 1720 ut
938 1673 1329 1720 testamentum
1361 1666 1676 1722 dedicatum
1728 1680 1835 1733 est,
1862 1670 2031 1724 etiam

438 1758 766 1827 sanguinem
807 1758 1000 1812 habuit
1044 1759 1496 1828 subsequentem.

2131 558 2227 616 οὖν
2264 565 2359 617 καὶ
2381 565 2682 629 δείκνυσιν,
2715 568 2817 621 οὐκ
2846 568 3023 630 ἄλλως
3056 570 3207 640 ἡμᾶς
3244 568 3577 639 δυναμένους
3609 574 3689 629 λα-

2131 656 2248 710 δεῖν
2298 658 2398 728 τὴν
2448 659 2815 730 κληρονομίαν
2864 662 2957 715 καὶ
3008 662 3105 731 τὴν
3170 653 3689 740 ὲπαγγελίαν,εξ

2130 747 2539 819 ἐτετελευτήκει
2580 753 2607 804 ὁ
2650 752 2901 822 Χριστός.
2947 772 2965 803 ι
3012 753 3165 805 Ἐπεὶ
3210 752 3284 825 μή
3335 769 3467 805 ποτε
3505 755 3690 825 ἰσχύσει

2131 840 2213 893 ὅτι
2249 841 2315 913 ζῇ
2350 842 2378 894 ὁ
2417 842 2813 914 διατιθέμενος.
2866 864 2885 897 ι
2922 846 3059 899 Κατ’
3101 845 3375 916 ἐρώτησιν
3418 845 3688 912 ἀνάγνωθι.

2137 952 2156 986 ι
2188 935 2352 989 Ὅθεν
2392 936 2572 1006 οὐδὲὴ
2606 937 2819 1008 πρώτη.
2854 958 2871 990 ι
2915 939 3025 991 Kal
3069 939 3233 997 οὕτω.
3281 939 3437 1008 φησι,
3500 938 3694 1013 θανάτῳ

2131 1026 2445 1099 βεϐαιοῦται
2475 1030 2507 1100 ἡ
2534 1029 2787 1101 διαθήκη,
2816 1032 2897 1084 ὅτι
2925 1031 3072 1102 καὶὴ
3102 1030 3295 1101 πρώτη
3314 1032 3434 1084 ἀντὶ
3461 1030 3691 1100 θανάτου,

2131 1115 2272 1189 αἷμα
2326 1115 2441 1191 εἶχε
2472 1120 2533 1174 τὸ
2557 1120 2651 1174 τοῦ
2711 1122 2946 1177 θανάτου
3011 1122 3285 1192 σύμόολον
3314 1139 3328 1153 ·
3369 1122 3464 1175 ἐπὶ
3524 1122 3576 1176 δὲ
3612 1127 3698 1196 τῆς

2131 1214 2278 1277 νέας,
2310 1214 2399 1269 τὸν
2425 1214 2592 1277 ὅντως
2615 1214 2843 1269 Θάνατον
2874 1215 3006 1285 ἕχει.
3028 1213 3186 1269 Καθὰ
3211 1216 3393 1267 ἐκεῖνα
3433 1215 3537 1283 μὲν
3556 1216 3696 1271 τύποι

2132 1303 2295 1378 ἦσαν,
2353 1307 2582 1378 ἀλήθεια
2633 1308 2713 1374 δὲ,
2762 1308 2831 1361 τὰ
2871 1309 2929 1361 ἐν
2961 1310 3026 1379 τῇ
3062 1305 3177 1378 νέᾳ.
3219 1325 3237 1356 ι
3270 1306 3455 1375 Χωρὶς
3479 1306 3694 1376 αἵματος

2133 1402 2563 1469 ὲγκεκαίνισται.
2621 1420 2639 1453 ι
2683 1401 2774 1464 Ὠς
2834 1402 2880 1453 εἰ
2917 1395 3105 1453 εἶπεν
3148 1400 3222 1452 Οὐ
3266 1399 3504 1452 διέλειπε
3543 1397 3694 1471 βραχὺ

2133 1491 2264 1560 γοῦν
2317 1493 2508 1562 χρόνον
2561 1494 2621 1545 τὸ
2660 1488 2822 1563 αἷμα,
2874 1492 2989 1545 ἀλλ’
3022 1492 3139 1562 ἅμα
3193 1491 3255 1543 τὸ
3301 1490 3695 1561 ὲγκαινισθῆναι

2131 1586 2231 1657 τὴν
2258 1585 2545 1658 διαθήκην,
2572 1591 2668 1639 καὶ
2695 1587 2754 1639 τὸ
2788 1580 2930 1656 αἷμα
2952 1586 3078 1657 ἔσχε
3112 1584 3538 1639 συνακόλουθον.

509 1819 601 1909 lli.
641 1850 824 1904 59-22.
872 1849 1006 1904 Cum
1075 1819 1246 1905 enim.
1278 1849 1454 1906 Moses
1497 1868 1647 1906 omne
1700 1862 2023 1923 prwceptum

2199 1854 2590 1922 Λαληθείσης
2627 1853 2737 1922 γὰρ
2775 1851 2975 1919 πάσης
3022 1850 3282 1917 ἐντολῆς
3329 1849 3483 1904 κατὰ
3518 1851 3691 1920 νόμον

433 1945 599 2013 juxta
628 1944 787 2013 legem
842 1946 1168 2013 exposuisset
1218 1947 1361 1999 omni
1398 1946 1611 2014 populo,
1652 1957 1863 2016 sumpto
1895 1964 2027 2002 san-

438 2037 603 2106 guine
631 2038 917 2091 vitulorum
957 2047 1006 2091 et
1031 2039 1301 2092 hircorum
1337 2056 1454 2091 cum
1483 2056 1624 2108 aqua
1656 2049 1705 2094 et
1746 2042 1874 2094 lana
1906 2057 2027 2094 eos.

344 2190 351 2195 κ
437 2132 560 2183 cina
591 2147 653 2183 ac
675 2133 923 2201 hyssopo,
970 2132 1135 2185 simul
1174 2141 1222 2185 et
1284 2133 1459 2198 ipsum
1512 2132 1706 2186 librum
1747 2143 1797 2187 et
1854 2144 2026 2188 totum

437 2220 688 2288 populum
710 2221 959 2285 aspersit,
984 2220 1163 2274 dicens
1198 2238 1217 2275 :
1247 2221 1345 2275 llic
1369 2232 1446 2276 est
1478 2225 1699 2293 sanguis
1723 2227 2027 2281 testamenti

435 2311 576 2381 quod
609 2313 877 2367 mandavit
908 2314 1050 2368 vobis
1090 2313 1254 2368 Deus.
1298 2313 1526 2384 Insuper
1561 2326 1812 2371 autemet
1842 2318 2023 2371 taber-

435 2402 688 2455 naculum
730 2413 779 2457 et
813 2404 991 2456 omnia
1012 2420 1137 2459 vasa
1170 2406 1456 2460 ministerii
1493 2408 1753 2477 sanguine
1774 2411 2026 2464 similiter

438 2494 772 2572 aspergebnt.
797 2493 865 2548 Et
892 2496 1070 2549 omnia
1107 2497 1216 2565 fere
1244 2498 1537 2551 secundum
1582 2499 1745 2570 legent
1768 2503 2025 2572 sanguine

436 2586 809 2657 puriﬁcantur,
844 2598 894 2643 et
942 2591 1140 2661 absque
1188 2592 1471 2660 sanguinis
1525 2593 1783 2662 effusione
1816 2611 1921 2649 non
1960 2596 2026 2664 fit

438 2680 705 2734 remissio.
746 2680 938 2751 Itaque
982 2698 1190 2737 necesse
1219 2692 1295 2736 est
1342 2692 1399 2736 ut
1431 2685 1761 2753 exemplaria
1812 2686 2025 2757 quidem

438 2785 625 2824 eorum
652 2787 769 2841 quw
801 2782 925 2825 sunt
956 2773 1011 2825 in
1044 2774 1209 2835 caelis,
1248 2773 1390 2827 hisce
1439 2775 1591 2829 rebus
1633 2776 2025 2845 puri/icentur;

439 2875 692 2918 cauerunt
724 2865 840 2930 ipsa
862 2864 1095 2918 caelestia
1127 2863 1433 2919 melioribus
1473 2883 1631 2936 quam
1658 2867 1739 2922 lue
1774 2870 1879 2922 sint
1912 2870 2023 2923 vic-

439 2956 609 3019 timis,
644 2956 987 3010 mundentur.

513 3044 798 3118 Siquidem
842 3048 931 3103 ubi
995 3048 1176 3103 Moses
1212 3047 1429 3105 locutus
1462 3058 1609 3105 esset
1652 3060 2022 3122 praereptura,

438 3147 573 3194 tunc
604 3122 874 3210 sanguine
913 3142 1173 3210 aspersit.
1211 3158 1228 3191 ι
1256 3138 1419 3194 Juxta
1455 3142 1653 3211 legem.
1693 3161 1712 3193 ι
1751 3142 2026 3209 Quemad-

440 3232 700 3295 modum,
755 3231 969 3301 inquit,
1004 3232 1199 3287 statuit
1243 3232 1429 3299 Deus,
1490 3233 1641 3303 iuxta
1680 3232 1776 3287 Dei
1827 3235 2022 3305 legem.

445 3344 465 3377 ι
506 3323 739 3395 Smnpto
768 3326 1037 3397 sanguine
1066 3323 1419 3380 vitulorum.»
1451 3325 1553 3381 llic
1583 3326 1809 3397 sanguis
1849 3326 2026 3398 ﬁgura

439 3428 560 3473 urat
613 3419 905 3489 sanguinis
940 3419 1030 3473 Dei
1085 3433 1150 3472 ac
1200 3416 1505 3472 Salvatoris
1562 3421 1739 3475 nostri
1778 3421 1871 3490 qui
1925 3436 2027 3477 nos

439 3513 696 3584 purgavit
731 3512 800 3567 ab
830 3513 981 3567 omni
1011 3511 1245 3567 macula.
1273 3530 1291 3563 ι
1316 3512 1451 3566 Cum
1471 3526 1634 3582 aqua.
1666 3532 1684 3566 ι
1706 3512 1862 3584 Aqua
1889 3513 2027 3584 ﬁgu-

442 3624 502 3661 ra
532 3616 654 3663 erat
701 3608 982 3679 baptismi.
1017 3626 1034 3659 ι
1065 3604 1130 3661 Ει
1177 3607 1299 3661 lana
1348 3606 1573 3662 coccina
1608 3622 1673 3662 ac
1704 3609 1965 3680 hyssopo.
2004 3631 2023 3664 ι

444 3699 591 3755 Lana
617 3708 672 3755 et
703 3699 978 3771 hyssopus
998 3698 1361 3755 sumebantur
1389 3708 1613 3770 propter
1631 3715 1818 3755 earum
1845 3712 2029 3757 reten-

440 3795 670 3848 tionem.
713 3791 995 3863 Siquidem
1052 3791 1329 3864 hyssopus
1381 3807 1507 3848 cum
1543 3793 1711 3848 densa
1748 3794 1820 3849 sit
1850 3808 1914 3848 ae
1945 3804 2028 3852 te-

440 3901 572 3942 nera
618 3887 942 3958 sanguinem
984 3885 1253 3942 retinebat
1300 3901 1364 3940 ac
1401 3887 1761 3958 aspergebat,
1794 3888 2031 3956 lanaque

439 3981 721 4036 similiter.
759 3980 995 4035 Coccina
1043 3995 1175 4035 vero
1222 3990 1341 4034 erat
1396 3980 1523 4034 lana
1579 3987 1637 4033 ut
1683 3981 1804 4050 ipso
1843 3981 2031 4037 colore

439 4086 630 4145 typum
677 4072 847 4127 ferret
897 4073 1190 4143 sanguinis
1235 4071 1464 4129 Christi.
1496 4090 1516 4125 ι
1559 4072 1735 4127 Simul
1763 4081 1817 4127 et
1847 4074 2027 4142 ipsum

439 4163 877 4220 librum.»Liber
908 4172 1071 4235 typus
1096 4174 1213 4219 erat
1247 4164 1726 4235 credentium,qui
1754 4165 1808 4219 in
1827 4164 2030 4235 seipsis

440 4258 642 4312 habent
676 4255 769 4311 Dei
811 4258 1007 4328 legem.
1072 4276 1091 4309 ι
1124 4257 1357 4326 Insuper
1388 4266 1572 4311 autem
1604 4265 1657 4311 et
1693 4257 2029 4312 tabernacu-

439 4348 787 4419 iunium
811 4346 985 4403 Etiam
1006 4347 1422 4402 tabernaculum
1454 4346 1625 4417 ﬁgura
1646 4356 1765 4402 erat
1795 4348 2034 4403 creden-

448 4441 607 4506 tium,
636 4449 860 4511 propter
893 4439 947 4494 id
976 4439 1123 4510 quod
1154 4441 1420 4510 scriptum
1460 4448 1546 4493 est
1589 4455 1603 4491 :
1656 4456 1675 4489 ι
1705 4437 2030 4495 lnhabitaho

2128 1947 2248 2001 ὑπὸ
2282 1947 2539 2012 Μωσέως
2560 1948 2733 2001 παντὶ
2787 1945 2866 2012 τῷ
2888 1945 3037 2011 λαῷ.
3067 1945 3271 1999 λαϐὼν
3296 1945 3364 1999 τὸ
3394 1940 3542 2014 αἷμα
3594 1945 3703 2002 τῶν

2123 2040 2379 2112 μόσχων
2404 2040 2501 2094 καὶ
2537 2040 2770 2110 τράγων
2792 2037 2943 2110 μετὰ
2973 2038 3191 2104 ὕδατος
3228 2037 3328 2091 καὶ
3359 2038 3528 2107 ἐρίου
3579 2055 3703 2092 κοκ-

2127 2134 2303 2188 κίνου
2372 2132 2472 2186 καὶ
2524 2132 2841 2195 ὑσσώπου,
2911 2132 3061 2185 αὐτό
3117 2147 3182 2184 τε
3229 2130 3296 2184 τὸ
3340 2130 3703 2195 ﬁcalin

2128 2222 2325 2278 πάντα
2368 2222 2478 2276 τὸν
2528 2222 2682 2277 λαὸν
2733 2222 3073 2291 efﬂare/0’s,
3128 2220 3324 2291 λέγων
3356 2235 3369 2248 ·
3433 2218 3612 2274 Τοῦτο
3648 2222 3705 2274 τό

2126 2315 2270 2388 αἷμα
2321 2315 2433 2385 τῆς
2464 2314 2780 2383 διαθήκης,
2824 2310 2900 2385 ἧς
2924 2314 3263 2368 ἐνετείλατο
3318 2313 3465 2381 πρὸς
3502 2311 3651 2381 ὑμᾶς
3678 2315 3707 2366 ό

2130 2408 2295 2474 Θεός.
2331 2406 2440 2462 Καὶ
2490 2404 2608 2473 τὴν
2641 2405 2884 2473 σκηνὴν
2932 2405 3000 2458 δὲ
3049 2404 3147 2458 καὶ
3195 2402 3394 2458 πάντα
3424 2402 3502 2457 τὰ
3526 2405 3705 2473 σκεύη

2126 2500 2239 2569 τῆς
2292 2500 2671 2568 λειτουργίας
2721 2499 2802 2563 τῷ
2853 2498 3055 2568 αἵματι
3110 2498 3326 2567 ὁμοίως
3376 2495 3703 2565 ὲρῤἀντισε.

2127 2594 2236 2649 Καὶ
2262 2592 2493 2663 σχεδὸν
2556 2593 2625 2645 ὲν
2652 2592 2852 2661 αἵματι
2920 2589 3120 2643 πάντα
3158 2588 3532 2657 καθαρίζεται
3569 2588 3708 2643 κατὰ

2127 2687 2233 2742 τὸν
2255 2688 2463 2755 νόμον.
2504 2686 2611 2740 Kal
2644 2685 2824 2755 χωρὶς
2860 2683 3334 2753 αἱματεκχυσίας
3390 2683 3464 2735 οὑ
3500 2683 3709 2750 γίνεται

2127 2781 2365 2850 ἄφεσις.
2417 2779 2675 2847 Ἀνάγκη
2708 2774 2825 2833 οὖν
2856 2776 2925 2831 τὰ
2969 2778 3087 2845 μὲι·
3137 2777 3550 2844 ὑποδείγματα
3601 2774 3708 2828 τῶν

2127 2873 2196 2926 ἐν
2244 2871 2367 2937 τοῖς
2390 2870 2692 2938 οὐρανοῖς,
2721 2870 2955 2932 τούτοις
2992 2865 3434 2937 καθαρίζεσθαι,
3464 2865 3621 2919 αὐτὰ
3649 2866 3710 2918 δὲ

2128 2966 2199 3020 τὰ
2214 2964 2565 3033 ἐπουράνια,
2586 2964 2888 3031 κρείττοσι
2930 2961 3172 3026 θυσίαις
3200 2961 3360 3028 παρὰ
3398 2960 3642 3025 ταύτας.

2198 3058 2354 3113 Μετὰ
2390 3057 2498 3127 γὰρ
2531 3056 2591 3109 τὸ
2616 3056 2845 3125 λαλῆσαι
2889 3053 2987 3125 τὴν
3020 3054 3267 3121 ἐντολὴν,
3303 3055 3426 3105 sic:
3486 3051 3568 3122 τῷ
3627 3053 3708 3106 αἴ·

2051 3172 2095 3230 C
2131 3169 2261 3224 ματι
2305 3151 2624 3223 ὲῤῥάντισεν
2672 3151 2699 3203 ὁ
2754 3148 2980 3218 Μωσῆς.
3023 3166 3041 3199 ι
3107 3147 3265 3200 Κατὰ
3321 3146 3412 3200 τὸν
3471 3148 3654 3218 νόμον.
3689 3168 3707 3202 ι

2125 3242 2352 3309 Καθὼς,
2402 3242 2591 3314 φησὶν,
2623 3244 2650 3296 ὁ
2699 3242 2832 3305 Θεὸς
2886 3239 3273 3310 ἐνομοθέτησε,
3334 3238 3481 3292 κατὰ
3508 3240 3597 3292 τὸν
3626 3240 3712 3294 τοῦ

2128 3336 2264 3390 Θεοῦ
2301 3336 2485 3406 νόμον.
2528 3353 2546 3386 ι
2587 3332 2785 3387 Λαῦὼν
2844 3334 2954 3403 γὰρ
3016 3332 3077 3385 τὸ
3109 3326 3250 3402 αἷμα
3285 3331 3395 3384 τῶν
3420 3332 3659 3402 μόσχων.
3691 3351 3709 3384 ι

2129 3430 2312 3493 Τύπος
2337 3423 2405 3500 ἦν
2445 3426 2604 3480 τοῦτο
2636 3427 2695 3479 τὸ
2728 3421 2870 3496 αἷμα
2891 3425 2983 3479 τοῦ
3014 3425 3247 3495 αἵματος
3280 3423 3377 3477 τοῦ
3436 3424 3579 3479 Θεοῦ
3629 3424 3715 3479 καὶ

2130 3522 2385 3591 Σωτῆρος
2415 3519 2594 3591 ἡμῶν,
2633 3517 2728 3572 τοῦ
2779 3516 3119 3587 καθάραντος
3179 3518 3327 3586 ἡμᾶς
3381 3518 3498 3571 ἀπὸ
3544 3518 3716 3587 πάσης

2130 3611 2365 3682 κηλῖδος.
2407 3630 2424 3661 ι
2468 3609 2623 3664 Μετὰ
2658 3608 2870 3673 ὓδατος.
2918 3627 2939 3661 ι
2998 3608 3072 3661 Τὸ
3106 3606 3273 3678 ὕδωρ,
3299 3607 3473 3671 τύπος
3529 3603 3599 3679 ἧν
3630 3607 3717 3661 τοῦ

2133 3704 2531 3775 βαπτίσματος.
2572 3723 2590 3756 ι
2633 3702 2743 3757 Kal
2777 3702 2927 3773 ἐρίου
2956 3702 3214 3756 κοκκίνου
3242 3702 3338 3755 καὶ
3373 3702 3655 3756 ὑσσώπου.
3693 3722 3711 3755 ι

2135 3799 2320 3869 Ἕριον
2356 3798 2450 3851 καὶ
2480 3795 2734 3848 ὓσσωπον
2766 3794 3127 3865 ἐλαμϐάνετο,
3187 3794 3276 3847 διὰ
3301 3793 3359 3847 τὸ
3384 3794 3719 3864 κρατητικδν

2132 3889 2333 3945 αὐτῶν.
2365 3889 2438 3941 Τὸ
2468 3888 2576 3959 γὰρ
2613 3885 2869 3941 ὕσσωπον
2920 3885 3127 3939 πυκνὸν
3160 3884 3407 3956 ὑπάρχον
3441 3886 3540 3939 καὶ
3582 3886 3720 3939 ἀπα-

2132 3984 2247 4048 λὸν,
2281 3982 2504 4053 ἐκράτει
2529 3981 2590 4033 τὸ
2625 3974 2767 4051 αἷμα
2804 3980 2900 4033 καὶ
2925 3976 3265 4051 ὲῤῥάντιζεν,
3294 3979 3389 4031 καὶ
3446 3978 3514 4031 τὸ
3577 3978 3719 4051 ἔριον

2131 4076 2353 4147 ὁμοίως.
2392 4074 2658 4127 Κόκκινον
2688 4072 2744 4124 δὲ
2771 4067 2839 4142 ἦν
2873 4071 2933 4124 τὸ
2957 4070 3123 4141 ἔριον,
3160 4070 3249 4124 ἵνα
3287 4071 3349 4123 ἐκ
3380 4070 3483 4140 τῆς
3532 4073 3719 4143 χροιᾶς

2133 4168 2304 4221 τύπον
2346 4167 2489 4237 φέρῃ
2524 4163 2621 4218 τοῦ
2649 4164 2882 4233 αἵματος
2912 4164 3007 4216 τοῦ
3042 4161 3304 4233 Χριστοῦ.
3339 4182 3357 4214 ι
3395 4163 3546 4216 Aine
3578 4181 3639 4217 τε
3666 4163 3723 4217 τὸ

2137 4259 2363 4331 βιϐλίον.
2408 4278 2427 4311 ι
2465 4256 2648 4321 Τύπος
2685 4252 2754 4327 ἦν
2788 4255 2898 4308 τῶν
2919 4253 3128 4307 πιστῶν
3160 4254 3221 4308 τὸ
3250 4253 3483 4324 βιϐλίον,
3529 4257 3641 4309 τῶν
3669 4258 3724 4307 ἐν

2136 4353 2353 4414 ἑαυτοῖς
2414 4349 2651 4421 ἐχόντων
2704 4348 2798 4402 τὸν
2828 4347 2991 4418 νόμον
3049 4346 3143 4400 τοῦ
3204 4346 3363 4401 Θεοῦ.
3398 4366 3418 4399 ι
3458 4350 3579 4403 Kal
3630 4347 3726 4420 τὴν

2136 4445 2344 4517 σκηνὴν
2382 4442 2459 4496 δέ.
2499 4460 2518 4493 ι
2554 4442 2664 4494 Καὶ
2696 4441 2730 4511 ἡ
2756 4439 2929 4510 σκηνὴ
2979 4438 3151 4501 τύπος
3201 4433 3268 4509 ἦν
3325 4438 3434 4492 τῶν
3491 4438 3723 4501 πιστῶν,

439 4531 493 4585 in
519 4529 628 4586 illis
646 4530 1072 4586 etinambulabo
1108 4531 1176 4586 ⁸⁷.
1206 4550 1225 4584 υ
1265 4549 1362 4582 -οι
1408 4530 1475 4585 Et
1497 4531 1684 4585 omnia
1710 4528 1843 4588 fere.
1886 4549 1905 4584 ι
1944 4531 2027 4587 01)

2138 4540 2224 4594 διὰ
2262 4538 2343 4604 τὸ,
2380 4556 2400 4590 ι
2438 4536 2741 4606 Ἐνοικήσω
2771 4536 2829 4588 ὲν
2851 4534 3034 4597 αὐτοῖς
3065 4533 3163 4587 καὶ
3185 4533 3658 4604 ὲμπεριπατήσω.
3704 4550 3721 4581 ι

441 4624 496 4679 id
530 4624 692 4690 dixit,
742 4625 902 4689 Fere,
936 4624 1199 4696 quoniam
1238 4639 1349 4678 non
1399 4638 1535 4694 pure
1579 4639 1760 4695 neque
1810 4626 2029 4681 sincere

445 4728 575 4774 tunc
644 4717 1120 4789 puritteabantur,
1180 4717 1453 4786 siquidem
1519 4716 1838 4788 corporales
1899 4728 2029 4774 tunc

442 4820 604 4866 erant
642 4810 1085 4878 puriﬁcationes,
1126 4823 1253 4864 cum
1316 4808 1427 4881 typi
1469 4817 1655 4864 essent
1685 4824 1873 4865 eorum
1906 4825 2028 4881 quae

443 4918 590 4956 nunc
617 4911 672 4958 et
702 4904 916 4957 animas
942 4911 998 4958 et
1027 4917 1261 4972 corpora
1298 4900 1591 4973 puriﬁcant
1620 4918 1633 4956 :
1668 4922 1688 4954 ι
1720 4903 1788 4958 Ει
1820 4904 2030 4973 absque

444 4994 735 5064 sanguinis
758 4993 1031 5050 effusione
1061 5009 1171 5049 non
1214 4993 1286 5047 sit
1315 4993 1595 5049 remissio.
1642 5013 1661 5046 ι
1690 4993 2031 5051 Videbantur

454 5087 600 5139 enim
633 5086 797 5140 etiam
833 5094 967 5139 tunc
989 5084 1326 5155 'hujusmodi
1357 5084 1769 5155 puriﬁcationes
1794 5088 2037 5156 przebere

445 5175 857 5231 remissionem.
927 5195 945 5228 ι
982 5177 1174 5247 Itaque
1210 5193 1438 5234 necesse
1485 5187 1572 5235 est
1614 5187 1671 5233 ut
1702 5180 2035 5250 exemplaria

440 5267 662 5338 quidem
696 5283 885 5324 eorum
904 5285 1025 5339 qua:
1047 5270 1241 5333 suntin
1265 5273 1473 5326 caelis.»
1498 5272 1757 5329 Ctelcstia
1782 5281 1941 5328 vocat
1967 5288 2032 5327 ea

440 5377 563 5430 qva:
584 5369 710 5417 sunt
728 5362 780 5416 in
795 5362 946 5418 Novo
962 5362 1335 5419 Testamento:
1355 5364 1614 5435 quoniam
1632 5380 1915 5421 sacrorum
1937 5363 2035 5418 ini-

443 5456 724 5527 tiatioquae
745 5456 797 5510 in
818 5457 937 5527 ipso
952 5457 1008 5511 lit
1023 5457 1380 5519 caelestisest.
1401 5474 1463 5512 ac
1478 5459 1732 5514 caelestes
1744 5458 1892 5513 cives
1905 5467 2033 5513 sunt

446 5549 656 5613 ﬁdeles,
684 5564 998 5618 quanquam
1042 5549 1261 5604 interim
1298 5559 1589 5605 versentur
1613 5550 1666 5603 in
1703 5558 1847 5604 terra
1875 5563 2030 5619 :quae

441 5641 585 5694 enim
617 5639 671 5694 in
693 5636 875 5697 Veteri
913 5650 1091 5707 erant,
1118 5641 1452 5710 exemplaria
1505 5640 1750 5709 fuerunt,
1804 5647 1861 5696 ut
1908 5655 2029 5711 quae

516 5820 561 5857 δ’
598 5820 776 5883 Levit.
809 5842 957 5893 xxvr,
989 5823 1053 5879 12
1080 5840 1093 5890 ;
1124 5822 1167 5879 ll
1193 5824 1319 5881 Cor.
1354 5840 1432 5889 γι,
1466 5823 1551 5878 t6.

2138 4663 2209 4673 -—
2244 4651 2261 4681 ι
2302 4630 2413 4684 Kal
2452 4628 2632 4681 πάντα
2671 4625 2878 4697 σχεδόν.
2924 4644 2943 4677 ι
2975 4625 3191 4695 Σχεδὸν,
3216 4624 3307 4677 διὰ
3334 4622 3500 4676 τοῦτο
3550 4619 3724 4685 εἶπεν,

2139 4722 2326 4794 ἐπειδὴ
2354 4722 2428 4795 μὴ
2484 4719 2741 4791 καθαρῶς
2775 4718 2871 4773 καὶ
2910 4717 3216 4787 εἰλικρινῶς
3246 4717 3365 4783 τότε
3399 4715 3734 4787 ἐκαθαρὶζε-

2137 4836 2219 4872 το.
2255 4817 2388 4870 Τότε
2415 4814 2523 4884 γὰρ
2556 4813 2860 4884 σωματικοὶ
2891 4807 3035 4883 ἦσαν
3061 4812 3109 4863 οξ
3168 4808 3536 4880 καθαρισμοὶ,
3567 4810 3730 4862 τύποι

2133 4908 2288 4969 ὄντες
2311 4905 2420 4958 τῶν
2445 4904 2539 4957 νῦν
2560 4903 2737 4974 ψυχὰς
2760 4901 2855 4956 καὶ
2877 4900 3104 4970 σώματα
3132 4897 3540 4969 καθαιρόντων.
3557 4916 3577 4948 ι
3618 4896 3731 4951 Kal

2134 4999 2304 5071 χωρὶς
2322 4994 2760 5067 αἱματεκχυσίας
2799 4993 2859 5046 οὐ
2892 4993 3110 5062 γίνεται
3137 4992 3352 5059 ἄφεσις.
3396 5008 3416 5041 ι
3462 4989 3730 5043 Ἐδόκουν

2133 5090 2243 5161 γὰρ
2264 5089 2357 5143 καὶ
2379 5089 2503 5141 τότε
2534 5089 2584 5140 οἱ
2610 5085 2844 5139 τοιοῦτοι
2890 5083 3168 5153 καθαρμοὶ
3195 5081 3393 5149 ἄφεσιν
3433 5081 3731 5151 παρέχειν.

2140 5199 2159 5233 ι
2203 5181 2445 5250 Ἀνάγκη
2476 5178 2569 5233 οὖν
2591 5179 2660 5232 τὰ
2691 5178 2791 5248 μὲν
2825 5175 3204 5244 ὑποδείγματα
3228 5173 3338 5225 τῶν
3388 5172 3446 5224 ἐν
3471 5175 3597 5234 τοῖς
3642 5171 3733 5223 οὗ·

2143 5276 2344 5345 ρανοῖς.
2386 5292 2403 5324 ι
2439 5272 2682 5341 υῦράνια
2707 5270 2774 5323 τὰ
2800 5271 2858 5322 ὲν
2880 5272 2946 5338 τῇ
2986 5269 3145 5337 καινῇ
3189 5266 3361 5334 λέγει,
3396 5263 3651 5333 ἐπειδὴή
3678 5263 3733 5315 ὲν

2138 5364 2275 5436 αὐτῇ
2314 5361 2674 5434 μυσταγωγία
2705 5360 2935 5430 οὐρανία
2960 5360 3100 5421 ἐστὶ,
3147 5358 3243 5411 καὶ
3301 5351 3735 5426 ούρανοπο).ῑται

2137 5458 2275 5509 εἰσιν
2309 5456 2357 5507 οἱ
2384 5455 2587 5519 πιστοὶ,
2629 5456 2677 5506 εἰ
2710 5452 2806 5506 καὶ
2843 5450 2938 5504 ἐπὶ
3000 5450 3103 5521 γῆς
3140 5449 3279 5511 τέως
3322 5444 3733 5499 πολιτεύονται.

2147 5545 2556 5617 Ὑποδείγματα
2583 5544 2693 5617 γὰρ
2721 5546 2789 5598 τὰ
2814 5545 2914 5614 τῆς
2938 5543 3197 5605 παλαιᾶς,
3253 5541 3329 5603 ὼς
3374 5540 3544 5594 τύποι
3607 5539 3739 5591 ὄντα

2134 5639 2232 5710 τῆς
2261 5640 2407 5703 νέας.
2437 5657 2455 5691 ‹
2487 5637 2714 5702 Τούτοις
2738 5635 3160 5707 καθαρίζεσθαι.
3196 5653 3213 5687 ι
3244 5633 3369 5697 Τοῖς
3387 5632 3735 5702 εἰρημένοις.
