3970 6562
258 364 361 433 εει

1277 383 1674 450 COMMENT.
1713 388 1798 448 1N
1836 388 2077 451 EPIST.
2116 390 2217 452 AD
2256 376 2493 455 HEBR.

3427 396 3553 460 382‘

271 509 290 541 ι
328 492 485 546 Λίοτὰ
511 495 571 549 δὲ
596 495 668 550 τὰ
699 496 1017 568 ἐπουράνια.
1054 518 1071 549 ι
1093 498 1175 552 Τὰ
1208 500 1306 569 τῆς
1323 495 1476 564 νέας.
1506 519 1524 552 t
1556 501 1839 572 Κρείττοσι

1958 513 2068 576 typt
2094 514 2252 562 erant
2299 508 2451 563 novi.
2477 526 2497 558 ‹
2535 504 2698 564 Hisce
2737 507 2901 564 rebus
2941 506 3322 578 puriﬁcentur.
3358 526 3377 559 ι
3406 507 3541 573 Quae

263 580 501 647 θυσίαις.
542 604 561 638 ι
601 587 757 640 Ἐπεὶ
789 587 885 641 οὖν
904 587 1105 660 ἔχρῃζε
1142 591 1285 643 κατὰ
1318 590 1420 654 τὰς
1449 591 1607 655 ἀξίας
1664 592 1849 646 αὐτῶν

263 675 581 745 κρείττονος
631 677 846 745 θυσίας,
889 681 1053 741 αὐτὸς
1105 684 1133 736 ὁ
1164 682 1261 735 τοῦ
1303 681 1435 734 Θεοῦ
1467 681 1597 745 Υἱὸς
1652 682 1846 754 ὲτύθη,

259 767 408 820 (Ima
432 770 462 822 ὁ
500 768 736 834 θάνατος
754 770 852 824 τοῦ
882 772 1117 843 Κυρίου,
1168 774 1231 827 οὐ
1266 774 1428 844 μόνον
1477 775 1613 846 πρὸς
1664 776 1726 829 τὸ
1760 774 1851 845 βε·-

262 860 500 915 6αιῶσαι
572 862 675 934 τὴν
724 864 1003 936 διαθήκην
1052 867 1303 936 ὠφέλησε
1359 868 1454 921 καὶ
1509 869 1845 938 ὲνήργησενξ,

256 952 400 1005 ἀλλὰ
433 954 529 1006 καὶ
562 956 700 1025 πρὸς
729 956 792 1009 τὸ
850 955 1198 1028 καθαρισμὸν
1250 957 1431 1029 άληθῆ
1463 960 1557 1011 καὶ
1607 959 1849 1030 ψυχικὸν

258 1046 709 1115 ἀπεργάσασθαι.
748 1050 896 1103 Ἀνω
915 1050 973 1104 δὲ
1009 1052 1103 1105 καὶ
1133 1053 1286 1107 κάτω
1315 1052 1406 1105 τὸν
1446 1051 1677 1106 θάνατον
1707 1054 1846 1106 ἀπο-

258 1137 503 1192 δείκνυσι
536 1139 634 1194 τοῦ
672 1141 903 1212 Κυρίου,
934 1142 1032 1213 τὴν
1099 1144 1377 1212 σωτηρίαν
1431 1142 1510 1214 τῷ
1549 1144 1700 1211 γένει
1736 1144 1847 1199 τῶν

259 1229 567 1301 ἀνθρώπιον
593 1233 996 1304 ἐργασάμενον,
1022 1235 1110 1288 διὰ
1140 1237 1200 1289 τό
1220 1253 1373 1298 τινας
1396 1234 1506 1288 τῶν
1524 1233 1849 1289 ἀσθενεστέ-

259 1341 372 1393 ρων
407 1324 868 1388 σκανδαλίζεσθαι
892 1328 985 1380 ἐπὶ
1014 1327 1091 1396 τῷ
1123 1327 1365 1398 σταυρῷ.

329 1591 413 1645 οὐ
444 1589 560 1659 γὰρ
589 1594 679 1658 είς
706 1593 1094 1662 χειροποίητα
1124 1594 1264 1663 ἅγια
1311 1594 1602 1665 εἰσῆλθεν
1628 1602 1663 1651 ό
1707 1600 1849 1666 Χριο

255 1685 403 1748 στὸς
433 1684 739 1738 ἀντίτυπα
767 1685 887 1738 τῶν
936 1686 1270 1755 ἀληθινῶν,
1314 1689 1455 1744 ἀλλ’
1522 1692 1612 1755 είς
1658 1691 1849 1744 αὐτὸν

1952 597 2111 653 dictae
2141 607 2289 654 sunt.
2319 600 2618 656 «Craterum
2659 600 2775 671 ipsa
2808 600 3107 656 coelestia.»
3144 598 3275 666 Quae
3309 599 3363 653 in
3384 599 3542 654 Novo

1951 699 2082 745 sunt
2109 691 2486 748 Testamento.
2515 712 2534 745 ι
2562 692 2881 749 Melioribus
2913 693 3173 748 victimis.
3214 711 3231 742 ι
3266 692 3536 758 Quoniam

1954 782 2121 851 igitur
2159 797 2299 852 opus
2352 784 2453 838 fuit
2485 784 2643 854 juxta
2686 784 2934 854 ipsorum
2988 783 3285 854 dignitates
3326 781 3537 836 meliori

1951 877 2173 930 victima
2217 886 2271 932 et
2311 876 2608 942 sacriﬁcio,
2674 878 2790 946 ipse
2846 876 2938 933 Dei
2991 876 3162 930 Filius
3195 875 3539 933 sacrilicatus

1951 975 2057 1021 est.
2110 965 2258 1020 Mors
2317 967 2506 1037 itaque
2555 966 2776 1023 Domini
2815 982 2924 1022 non
2977 967 3043 1021 ad
3096 965 3536 1021 conﬁrmandum

1951 1044 2219 1111 duntaxat
2260 1068 2648 1115 testamentum
2702 1059 2909 1131 profuit
2951 1075 3017 1114 ac
3053 1061 3159 1113 vim
3203 1058 3411 1122 habuit,
3442 1072 3537 1111 ve-

1951 1160 2071 1199 rum
2094 1147 2258 1200 etiam
2296 1148 2365 1202 ad
2397 1148 2500 1203 hoc
2539 1157 2598 1203 ut
2630 1164 2818 1205 veram
2852 1150 3048 1205 animae
3095 1149 3535 1219 puriﬁcationem

1950 1236 2207 1319 ediceret.
2242 1238 2310 1293 Et
2339 1240 2394 1293 in
2425 1242 2867 1311 praecedentibus
2897 1251 3082 1298 autem
3111 1249 3167 1296 et
3206 1242 3263 1296 in
3306 1255 3547 1311 sequen-

1951 1330 2100 1384 tibus
2133 1329 2478 1387 demonstrat
2511 1332 2737 1390 Domini
2780 1343 3011 1390 mortem
3069 1333 3316 1389 humano
3345 1333 3534 1403 generi

1947 1432 2226 1493 operatam
2243 1440 2367 1480 esse
2389 1427 2643 1494 salutem,
2663 1430 2728 1484 e’o
2759 1428 2906 1499 quod
2934 1427 3182 1483 nonttulli
3212 1425 3541 1482 imbecillio-

1950 1531 2038 1571 res
2068 1516 2481 1573 oﬂ‘enderentur
2517 1532 2738 1590 propter
2764 1536 3007 1576 crucem.

2020 1610 2114 1675 IX,
2143 1611 2324 1667 25-28.
2353 1612 2479 1668 Non
2510 1617 2649 1669 enim
2677 1616 2733 1668 in
2763 1616 3079 1683 manufactu
3107 1623 3299 1669 sancta
3324 1614 3539 1682 ingres-

1949 1717 2038 1755 sus
2073 1712 2151 1755 est
2182 1701 2428 1757 Christus
2463 1706 2793 1774 exemplaria
2822 1722 3103 1768 verorum,
3142 1705 3233 1759 sed
3264 1705 3320 1757 in
3358 1706 3533 1772 ipsum

252 1773 365 1826 τὸν
389 1775 675 1841 οὐρανὸν,
696 1774 813 1829 νῦν
832 1776 1281 1845 ἐμφανισθῆναι
1310 1777 1391 1843 τῷ
1411 1780 1711 1847 προσώπῳ
1737 1780 1839 1834 τοῦ

1948 1791 2159 1858 caelum,
2187 1802 2245 1845 ut
2268 1810 2409 1848 nunc
2437 1805 2692 1865 appareat
2724 1798 3034 1865 conspectui
3061 1796 3161 1850 Dei
3197 1811 3293 1863 pro
3326 1793 3476 1848 nobis
3513 1810 3532 1844 :

256 1865 410 1920 Θεοῦ
451 1864 610 1934 ὑπὲρ
660 1865 855 1935 ἡμῶν,
882 1868 1013 1922 οὐδ’
1061 1869 1163 1923 ἵνα
1200 1868 1500 1936 πολλάκις
1524 1870 1839 1941 προσφέρῃ

1946 1900 2050 1937 non
2082 1892 2141 1937 ut
2177 1887 2372 1955 saepius
2426 1888 2618 1956 o/ferat
2664 1890 3026 1955 semetipsum,
3083 1885 3532 1959 quemadmodum

252 1960 496 2024 ἑαυτὸν,
545 1960 751 2029 ὥσπερ
810 1963 844 2015 ὀ
905 1962 1220 2031 ἀρχιερεὺς
1269 1963 1604 2031 είσέρχεται
1633 1966 1721 2029 εἰς
1770 1964 1844 2018 τὰ

251 2053 392 2123 ἄνια
430 2055 559 2106 κατ’
609 2054 891 2107 ἐνιαυτὸν
932 2054 1003 2108 ἐν
1050 2055 1252 2123 αἵματι
1308 2056 1625 2123 ἀλλοτρίῳ.
1675 2056 1840 2108 Ἐπεὶ

251 2145 379 2201 ἔδει
435 2147 630 2200 αὐτὸν
683 2145 985 2211 πολλάκις
1046 2147 1262 2202 παθεῖν
1318 2147 1440 2203 ἀπὸ
1500 2147 1843 2215 καταϐολῆς

248 2242 511 2309 κόσμου.
535 2241 672 2295 Νῦν
702 2240 773 2295 δέ
807 2241 972 2306 ἅπαξ
1004 2224 1111 2295 ἐπὶ
1153 2243 1482 2310 συντελείᾳ
1536 2240 1655 2295 τῶν
1703 2241 1841 2295 αἰώ-

246 2351 375 2387 νων
403 2336 492 2400 εἰς
518 2336 810 2401 ἀθέτησιν
851 2337 1165 2404 ἁμαρτίας,
1204 2335 1302 2390 διὰ
1334 2335 1445 2405 τῆς
1489 2337 1708 2405 θυσίας
1735 2339 1850 2392 ai)-

244 2424 360 2479 τοῦ
387 2426 823 2495 πεφανέρωται.
878 2426 990 2482 Καὶ
1040 2430 1313 2483 καθόσον
1353 2428 1662 2483 ἀπόκειται
1714 2428 1841 2494 τοῖς

243 2515 587 2585 ἀνθρώποις
616 2516 778 2581 ἅπαξ
805 2518 1154 2582 ἀποθανεῖν,
1182 2519 1334 2589 μετὰ
1370 2518 1439 2572 δὲ
1485 2521 1664 2576 τοῦτο
1707 2524 1839 2591 κρί-

245 2624 353 2675 σις
374 2624 389 2638 ·
414 2608 608 2675 οὕτως
629 2609 729 2664 καί
749 2613 781 2663 ὀ
807 2611 1087 2678 Χριστὸς,
1118 2611 1282 2676 ἅπαξ
1307 2614 1737 2683 προσενεχθείς
1751 2618 1840 2682 είς

247 2699 318 2751 τὸ
367 2699 623 2754 πολλῶν
668 2700 1023 2769 ἀνενεγκεῖν
1072 2702 1384 2771 ἁμαρτίας,
1430 2704 1499 2758 ἐκ
1556 2704 1857 2774 δευτέρου

248 2791 435 2859 χωρίς
462 2792 757 2861 ἁμαρτίας
803 2791 1132 2861 ὀφθήσεται
1190 2793 1314 2862 τοῖς
1350 2797 1539 2851 αὐτεν
1586 2798 1841 2852 ἀπεκδε-

250 2884 535 2953 χομένοις
569 2887 658 2950 είς
678 2886 1001 2954 σωτηρίαν.
1614 2940 1619 2943 .
1706 2917 1711 2922 ·

338 2981 558 3056 Ἐπειδὴ
594 2983 739 3051 μέγα
778 2983 1040 3053 ἐφρόνουν
1090 2985 1185 3039 ἐπὶ
1234 2985 1312 3055 τῷ
1340 2986 1452 3056 ναῷ
1482 2988 1532 3040 οἱ
1574 2987 1836 3052 Ἰουδαῖοι,

247 3079 357 3147 ὅρα
387 3075 508 3138 πῶς
533 3075 790 3147 καθαιρεῖ
823 3077 955 3130 αὐτὸ
983 3080 1049 3149 τῇ
1104 3079 1406 3149 παραθέσει
1436 3080 1529 3133 τοῦ
1583 3080 1835 3151 οὐρανοῦ.

250 3188 270 3220 ι
321 3167 627 3221 ’Δντξτυπα
680 3167 790 3222 τῶν
829 3168 1121 3240 ἀληθινῶν.
1159 3189 1178 3222 ι
1229 3172 1288 3225 Ὀ
1336 3171 1448 3243 γὰρ
1484 3172 1614 3236 ναὸς
1655 3190 1836 3243 χειρο-

244 3259 472 3329 ποίητος
497 3277 556 3313 τε
573 3255 665 3329 ἦν,
689 3260 784 3313 καὶ
812 3260 1106 3324 ἀντίτυπος
1125 3260 1219 3315 τοῦ
1242 3260 1475 3333 οὐρανοῦ
1494 3263 1836 3317 κατεσκεύα-

246 3367 361 3403 στο.
385 3370 402 3402 ι
455 3350 598 3403 Ἀλλ’
632 3352 713 3415 είς
742 3352 906 3406 αὑτὸν
922 3352 1015 3406 τὸν
1046 3353 1298 3422 οὐρανόν.
1337 3372 1356 3405 ι
1393 3354 1487 3417 Τὸ,
1524 3355 1617 3417 Εἰς
1670 3355 1838 3410 αὑτὸν

246 3443 503 3512 εἰσῆλθεν
531 3443 623 3497 τὸν
647 3443 899 3515 οὐρανὸν,
932 3444 1040 3497 ἀπὸ
1061 3444 1245 3498 κοινοῦ
1273 3445 1531 3514 ληπτέον,
1553 3441 1688 3513 οἷον,
1708 3447 1837 3500 Οὐδ’

246 3535 335 3587 ἵνα
355 3535 625 3599 πολλάκις
642 3537 927 3607 προσφέρῃ
951 3537 1166 3603 ἑαυτὸν,
1232 3538 1482 3609 εἰσῆλθεν
1512 3540 1591 3603 είς
1628 3540 1720 3593 τὸν
1742 3542 1836 3593 οὐ·

248 3629 431 3699 pavdv.
484 3629 562 3682 Τὸ
612 3629 723 3698 γὰρ
773 3628 1034 3693 πολλάκις
1063 3630 1257 3695 θυσίας
1282 3632 1340 3683 ὲν
1372 3632 1566 3701 αἵματι
1597 3633 1839 3703 «possit-

250 3736 384 3790 ρειν,
424 3720 539 3773 τῶν
579 3722 980 3792 εἰσερχομένων
1029 3723 1109 3787 είς
1136 3722 1206 3776 τὰ
1241 3723 1509 3778 ἀντίτυπα
1539 3726 1650 3778 τῶν
1702 3725 1837 3794 ἁλη-

248 3812 409 3865 θινῶν
439 3814 613 3877 ἐστιν,
645 3813 760 3865 ἀλλ’
784 3814 906 3885 οὐχὶ
933 3814 1028 3868 τοῦ
1068 3815 1404 3879 εἰσελθόντος
1434 3820 1514 3881 εἰς
1553 3817 1645 3870 τὸν
1666 3818 1836 3889 οὐρα-

253 3906 411 3976 ρσνὸν
442 3905 632 3960 αὐτόν.
666 3925 685 3958 ι
724 3904 838 3960 Νῦν
876 3907 1301 3977 ἐμφανισθῆναι.
1336 3926 1355 3958 ι
1388 3908 1545 3963 Μετὰ
1573 3908 1673 3977 τῆς
1707 3925 1840 3978 σαρ-

252 3996 345 4058 κός
412 4012 582 4066 φησιν
651 3996 1084 4066 ἐμφανισθῆναι.
1158 4017 1176 4050 ι
1241 3998 1333 4068 Τῷ
1391 3998 1672 4071 προσώπῳ
1738 3998 1834 4052 τοῦ

251 4087 406 4144 Θεοῦ.
448 4108 466 4140 ι
490 4088 558 4143 Τί
585 4089 798 4158 λέγειςς
834 4091 959 4145 Ἐὰν
989 4090 1065 4160 μὴ
1102 4091 1322 4164 εἰσέλθῃ
1354 4093 1434 4156 είς
1457 4092 1548 4145 τὸν
1583 4093 1833 4164 οὐρανὸν,

250 4180 348 4234 οὐκ
372 4178 736 4250 ἐμφανίζεται
766 4180 847 4251 τῷ
883 4181 1161 4254 προσώπῳ
1190 4180 1287 4235 τοῦ
1339 4183 1573 4254 Πατρδς,
1623 4184 1653 4236 ὁ
1701 4200 1837 4238 παν-

252 4273 416 4343 ταχοῦ
442 4272 659 4346 παρὼν,
696 4274 795 4328 καὶ
817 4273 886 4329 τὰ
920 4276 1096 4329 πάντα
1132 4274 1393 4345 πληρῶνς
1434 4275 1598 4347 Ὀρᾷς
1637 4277 1717 4329 ὅτι
1735 4277 1835 4346 τῆς

253 4367 566 4437 οίκονομίας
582 4366 699 4420 ἐστὶ
719 4366 787 4420 τὰ
805 4367 1041 4422 ταπεινά
1062 4383 1105 4432 ;t
1129 4367 1303 4437 ’Υπὲρ
1323 4369 1500 4439 ἡμῶν.
1515 4387 1533 4419 ι
1561 4369 1718 4423 Μετὰ
1742 4368 1836 4422 θυ-

256 4459 371 4524 σίας
411 4460 613 4531 ἀνῆλθε
663 4460 765 4530 τῆς
805 4459 900 4514 τοῦ
954 4461 1088 4514 ίδίου
1143 4460 1415 4532 σώματος,
1455 4463 1543 4515 ἵνα
1575 4461 1714 4535 ὀφθῇ
1752 4462 1833 4533 τῷ

1943 1977 2186 2046 pontifex
2238 1977 2538 2049 ingreditur
2598 1981 2653 2033 in
2709 1990 2899 2034 sancta
2962 1981 3190 2051 singulis
3240 1980 3398 2033 annis
3442 1992 3537 2047 per

1944 2073 2254 2140 sanguinem
2280 2071 2534 2126 alienant.
2562 2074 2779 2144 Alioqui
2798 2075 3119 2143 oportuisset
3148 2074 3304 2127 illum
3336 2074 3532 2143 swpius

1941 2178 2159 2231 passum
2189 2163 2357 2230 fuisse
2396 2182 2428 2217 ιι
2456 2165 2668 2218 condito
2721 2165 2940 2219 mundo.
2978 2163 3029 2218 Ν
3037 2183 3137 2217 unc
3162 2173 3338 2218 autem
3368 2163 3543 2218 semel

1942 2254 2037 2308 sub
2075 2258 2582 2312 consommationem
2632 2257 2952 2311 saeculorum
2998 2261 3065 2310 ad
3097 2254 3533 2326 proﬂigationem

1940 2348 2140 2415 peccati
2180 2364 2274 2418 per
2311 2350 2586 2402 victimam
2628 2365 2781 2403 suam
2820 2349 3095 2418 apparuit.
3144 2346 3218 2400 Et
3269 2355 3534 2416 quatenus

1941 2441 2077 2496 illud
2108 2451 2285 2495 manet
2330 2443 2567 2497 homines
2598 2452 2657 2496 ut
2701 2440 2860 2497 semel
2915 2441 3248 2506 moriantur,
3282 2448 3402 2508 post
3431 2438 3531 2493 hoc

1942 2542 2115 2586 autem
2134 2532 2402 2602 judicium
2434 2550 2453 2587 :
2487 2534 2565 2586 ita
2604 2530 2849 2588 Christus
2877 2532 3035 2586 semel
3066 2529 3279 2586 oblatus
3304 2537 3361 2585 tu
3389 2527 3534 2581 mul-

1943 2636 2117 2680 torum
2147 2625 2402 2694 perferret
2428 2636 2664 2696 peccata,
2695 2642 2881 2679 rursus
2914 2624 3112 2694 absque
3146 2630 3366 2691 peccato
3397 2636 3528 2676 con-

1941 2718 2214 2784 spicietur,
2235 2718 2300 2772 iis
2327 2720 2416 2789 qui
2452 2718 2605 2773 illum
2638 2725 2944 2787 exspectant
2976 2718 3031 2770 in
3056 2714 3314 2770 salutem.

2014 2985 2483 3053 QuoniamJudaei
2531 2988 2736 3043 cristas
2787 2987 3075 3058 erigebant
3114 2996 3343 3060 propter
3385 2995 3530 3045 tent-

1942 3078 2116 3148 plum,
2152 3077 2275 3132 vide
2307 3077 2585 3147 quomodo
2616 3077 2751 3132 illttd
2797 3077 3070 3147 deprimat
3102 3079 3271 3149 389
3298 3093 3526 3144 compa-

1945 3166 2158 3220 ratione
2187 3165 2255 3220 ad
2297 3166 2522 3220 emtum.
2595 3184 2614 3215 ‹
2652 3163 2997 3235 Exemplaria
3017 3180 3301 3221 verorum.
3339 3183 3358 3217 ι
3389 3163 3528 3219 Nam

1942 3259 2206 3329 templum
2247 3274 2414 3313 manu
2463 3257 2670 3312 factum
2699 3267 2844 3320 erat,
2881 3258 3016 3314 etin
3067 3257 3349 3329 exemplar
3398 3258 3529 3314 caeli

1941 3348 2325 3404 fabricatunm
2366 3346 2471 3402 Sed
2503 3348 2555 3401 in
2586 3347 2765 3416 ipsum
2797 3348 3020 3402 cmlum.
3048 3366 3067 3398 ι
3107 3346 3231 3402 Haec
3257 3347 3529 3417 particula

1940 3438 1995 3493 in
2031 3439 2211 3509 ipsum
2248 3439 2531 3508 ingressus
2574 3445 2659 3513 est
2684 3437 2910 3502 coelum,
2949 3437 3301 3508 intelligenda
3331 3446 3413 3493 est
3434 3452 3529 3509 per

1940 3533 2166 3601 ligurum
2191 3544 2311 3599 qua:
2345 3530 2546 3585 dicitur
2584 3529 2693 3582 ἀπὸ
2730 3528 2938 3594 κοινοῦ,
2968 3528 3021 3583 id
3051 3537 3155 3594 est,
3183 3545 3214 3584 a
3241 3530 3529 3585 communi

1940 3623 2213 3677 sententia
2241 3622 2490 3692 acceptio
2528 3621 2645 3676 sive
2673 3636 2935 3692 zeugma;
2958 3636 3153 3690 nempe
3176 3620 3282 3675 hoc
3318 3620 3483 3675 modo
3510 3637 3523 3672 :

1937 3715 2126 3786 Neque
2162 3724 2220 3771 ut
2268 3715 2587 3785 frequenter
2611 3715 2973 3786 semetipsum
3015 3713 3213 3770 oﬂ'erat
3240 3715 3529 3782 ingressus

1938 3812 2103 3867 estin
2168 3810 2395 3865 cwlum.
2431 3808 2719 3879 Siquidem
2768 3808 3090 3878 frequenter
3134 3808 3390 3863 victimas
3431 3822 3532 3879 per

1939 3903 2262 3972 sanguinein
2308 3901 2544 3965 oﬂ'erre,
2590 3915 2784 3956 eorum
2837 3909 2921 3954 est
2951 3902 3043 3970 qui
3102 3899 3157 3954 in
3193 3901 3529 3970 exemplaria

1938 4010 2200 4051 verorum
2232 3994 2641 4065 ingrediuntur,
2687 4003 2742 4047 at
2780 4007 2891 4047 non
2930 3993 3081 4049 illius
3109 3994 3203 4063 qui
3245 3996 3299 4048 in
3351 3995 3530 4064 ipsum

1937 4089 2228 4157 ingressus
2274 4098 2361 4142 est
2408 4085 2633 4141 coelum.
2673 4083 2776 4139 «Ut
2816 4099 2966 4139 nunc
3021 4096 3338 4155 appareat.»
3392 4087 3529 4141 Cum

1940 4188 2126 4245 carne,
2159 4180 2359 4250 inquit,
2406 4184 2694 4249 appareat.
2749 4196 2767 4229 ι
2795 4176 3138 4247 Conspectui
3171 4177 3289 4232 Dei.
3325 4197 3344 4230 ι
3384 4177 3529 4249 Quid

1938 4274 2062 4330 ais?
2092 4271 2210 4329 Nisi
2257 4272 2544 4344 ingressus
2571 4277 2721 4326 esset
2750 4270 2806 4324 in
2841 4270 3068 4337 coelum,
3099 4285 3207 4325 non
3241 4281 3531 4342 appareret

1939 4365 2257 4437 conspectui
2276 4364 2479 4431 Patris,
2503 4361 2822 4434 quilubique
2846 4376 3092 4433 praesens
3119 4369 3205 4418 est
3231 4363 3528 4432 omniaque

1939 4456 2152 4529 replet?
2171 4455 2339 4512 Vides
2367 4454 2515 4526 quod
2538 4453 2973 4525 dispensationis
2999 4453 3110 4508 sint
3140 4453 3244 4510 ista
3264 4452 3534 4507 humilia?

253 4553 424 4624 Πατρὶ
482 4552 627 4624 ὑπὲρ
680 4553 858 4623 ἡμῶν,
911 4554 1180 4620 τουτέστι,
1246 4554 1641 4609 καταλλάσσων
1683 4558 1834 4625 ἡμᾶς

1945 4554 2079 4610 «Pro
2092 4553 2271 4609 nobis.
2286 4552 2450 4607 tCum
2469 4549 2689 4605 victima
2705 4548 2915 4620 proprii
2933 4548 3186 4617 corporis
3205 4544 3458 4602 ascendit
3477 4553 3537 4599 ut

254 4645 415 4716 αὐτῷ.
463 4644 581 4716 Τῆς
641 4645 752 4716 γὰρ
808 4646 1009 4716 σαρκὸς
1054 4645 1450 4717 ἐπιλαϐόμενος
1484 4648 1513 4701 ὁ
1566 4648 1836 4719 μακάριος

255 4736 488 4804 Παῦλος,
521 4737 701 4791 πάντα
729 4738 799 4791 τὰ
829 4739 1064 4793 ταπεινὰ
1102 4740 1277 4803 ἀδεῶς
1318 4740 1488 4795 λαλεῖ.
1528 4758 1546 4791 ι
1583 4741 1705 4794 Οὐδ’
1747 4742 1836 4795 ἴνα

255 4830 513 4895 πολλάκις
542 4833 831 4903 προσφέρῃ
859 4833 1074 4897 ἑαυτὸν,
1113 4853 1132 4886 ι
1165 4835 1325 4888 τοῦτο
1374 4835 1622 4904 ἐποίησε,
1678 4836 1833 4907 φησι,

254 4923 314 4976 τὸ
340 4923 592 4977 ἀνελθεῖν
629 4925 711 4987 είς
732 4925 823 4977 τὸν
849 4925 1099 4995 οὐρανόν.
1133 4945 1152 4978 ι
1191 4927 1403 4995 Ὥσπερ
1426 4930 1455 4981 ὁ
1486 4927 1829 4997 ἀρχιερεύς.»

269 5015 424 5087 Ὁρᾷς
448 5016 746 5087 διαφορὰν;
772 5013 941 5080 Οὗτος
973 5019 1098 5072 κατ’
1145 5020 1416 5085 ἐνιαυτὸν,
1447 5022 1476 5073 ὁ
1502 5020 1559 5072 δὲ
1599 5021 1837 5092 Χριστὸς

257 5108 416 5176 ἅπαξ.
459 5127 478 5159 ι
524 5108 612 5161 Ἐν
667 5109 859 5180 αἵματι
919 5109 1204 5182 ἀλλοτρίῳ.
1247 5131 1267 5164 ι
1322 5106 1492 5175 Οὗτος
1555 5112 1614 5164 ἐν
1640 5112 1836 5183 αἵματι

257 5202 544 5273 ἀλλοτρίῳ.
582 5202 805 5273 ταύρων
838 5204 932 5256 καὶ
962 5203 1205 5274 τράγων,
1235 5205 1262 5257 ὁ
1286 5205 1344 5258 δὲ
1372 5203 1610 5275 Χριστὸς
1645 5205 1704 5256 ὲν
1756 5203 1836 5275 τῷ

262 5295 395 5367 ibiut.
428 5315 450 5348 ι
501 5295 661 5350 Ἐπεὶ
689 5295 800 5349 ἔδει
831 5295 994 5349 αὐτὸν
1016 5297 1277 5360 πολλάκις
1307 5297 1523 5351 παθεῖν.
1564 5313 1583 5346 ι
1623 5294 1686 5348 Ei
1724 5294 1835 5365 γὰρ

260 5387 418 5459 ἐχρῆν
436 5389 605 5442 αὐτὸν
640 5388 900 5453 πολλάκις
926 5390 1261 5461 προσφέρειν
1286 5390 1499 5457 θυσίαν,
1534 5391 1642 5444 ἔδει
1669 5389 1835 5444 αὑτὸν

260 5478 315 5542 ἐξ
360 5472 421 5532 οὗ
468 5479 782 5552 κατεϐλήθη
841 5482 924 5554 είς
977 5482 1156 5536 κτίσιν
1202 5484 1231 5536 ὀ
1275 5485 1517 5553 κόσμος,
1576 5482 1835 5547 πολλάκις

260 5573 571 5640 ἀποθανεῖν,
600 5574 679 5638 ὡς
704 5576 905 5628 οἰκεῖον
940 5570 1080 5644 αἷμα
1110 5576 1518 5646 προσφέροντα.
1564 5594 1583 5626 t
1632 5575 1746 5628 Νῦν
1777 5576 1835 5630 δὲ

263 5665 403 5732 ἅπαξ
444 5667 539 5719 ἐπὶ
565 5666 851 5739 συντελείᾳ
871 5669 981 5721 τῶν
1032 5668 1271 5722 αἰώνων.
1308 5687 1326 5719 ›
1373 5668 1497 5721 Ἐπὶ
1552 5668 1835 5742 συντελείᾳ

264 5758 366 5811 τῶν
394 5760 631 5825 αίώνων,
670 5764 973 5827 τουτέστιν,
1015 5763 1102 5815 ἐπ’
1129 5762 1265 5833 αὐτῇ
1298 5762 1362 5833 τῇ
1420 5761 1700 5834 πληρώσει
1727 5763 1836 5815 τῶν

280 5848 502 5919 αίώνων,
518 5852 614 5906 καὶ
630 5851 877 5925 ὲπάὐτῷ
891 5852 966 5924 τῷ
980 5852 1142 5909 τέλει.
1160 5852 1232 5906 Τὸ
1262 5852 1570 5925 ὑπερϐατὸν
1601 5854 1835 5923 πεφανέο

1938 4652 2227 4716 appareret
2258 4643 2406 4713 apud
2426 4643 2644 4698 Patrem
2664 4655 2768 4711 pro
2782 4639 2966 4705 nobis,
2985 4638 3090 4693 hoc
3104 4645 3189 4694 est
3219 4647 3279 4692 ut
3309 4652 3412 4693 nos
3428 4635 3535 4706 ipsi

1938 4736 2345 4793 reconciliaret.
2364 4733 2649 4804 Siquidem
2679 4730 2824 4787 facta
2841 4730 2910 4787 de
2922 4744 3090 4785 carne
3108 4729 3387 4784 mentione
3405 4728 3536 4782 bea-

1939 4839 2027 4886 tus
2048 4830 2249 4885 Paulus
2271 4828 2453 4883 omnia
2469 4826 2695 4881 humilia
2726 4823 2995 4895 intrepide
3014 4824 3277 4893 loquitur.
3308 4819 3457 4877 tNon
3478 4828 3536 4874 ut

1937 4923 2138 4991 saepius
2166 4918 2357 4974 oﬂerat
2380 4918 2736 4987 semetipsum
2772 4935 2792 4969 ι
2824 4916 2931 4970 hoc
2946 4913 3099 4981 fecit,
3120 4914 3318 4983 inquit,
3338 4924 3540 4991 nempe

1937 4989 2086 5083 quod
2110 5011 2358 5067 ascendit
2390 5010 2446 5064 in
2485 5010 2710 5067 cretum.
2804 5024 2823 5058 ι
2864 4989 3365 5072 Quemadmodum.
3393 5018 3536 5076 pon-

1937 5105 2093 5160 til‘ex.
2137 5123 2157 5155 ι
2224 5100 2388 5157 Vides
2416 5099 2887 5172 prtecellentiam?
2922 5098 3025 5154 Hic
3061 5098 3296 5170 singulis
3349 5098 3536 5165 anuis,

1937 5196 2196 5251 Christus
2222 5208 2356 5251 vero
2411 5192 2604 5248 semel.
2641 5209 2661 5242 ι
2700 5190 2804 5245 Per
2839 5190 3168 5260 sanguinem
3209 5189 3475 5244 alienum.
3510 5207 3530 5239 ι

1939 5288 2037 5344 llic
2071 5304 2164 5357 per
2190 5287 2515 5356 sanguinem
2560 5284 2822 5348 alienum,
2876 5289 3163 5337 taurorum
3221 5295 3418 5350 nempe
3481 5288 3536 5332 et

1939 5387 2244 5451 hircorum,
2276 5382 2530 5439 Christus
2576 5394 2707 5435 vero
2741 5393 2839 5450 per
2886 5379 3192 5448 proprium.
3257 5394 3276 5428 ι
3313 5374 3535 5442 Alioqui

1936 5475 2446 5550 uportuissetillum
2473 5474 2672 5544 saepius
2706 5486 2928 5543 passum
2983 5471 3174 5525 fuisse.
3221 5488 3239 5518 ι
3278 5465 3331 5520 Si
3387 5465 3534 5518 enim

1940 5574 2285 5643 oportuisset
2331 5571 2483 5625 illum
2532 5570 2737 5638 saepius
2779 5566 2979 5621 oll‘erre
3022 5562 3325 5622 victimam,
3367 5569 3534 5625 Opor-

1939 5668 2135 5721 tuisset
2165 5680 2288 5720 eum
2318 5680 2386 5719 ex
2428 5678 2495 5717 eo
2529 5671 2795 5731 tempore,
2835 5672 2945 5728 quo
2975 5656 3125 5726 jacta
3162 5660 3293 5705 sunt
3343 5648 3532 5703 mundi

1944 5760 2299 5814 fundamenta
2367 5756 2685 5825 frequenter
2747 5761 3023 5805 mortuum
3087 5744 3281 5808 fuisse,
3352 5742 3531 5812 utqui

1944 5854 2227 5925 proprium
2260 5849 2480 5907 olicrret
2528 5844 2874 5918 sanguinem.
2919 5863 2937 5893 ο
2966 5837 3125 5897 Nunc
3155 5844 3335 5894 autent
3360 5834 3532 5892 semel
