  <div class='ocr_page' id='page_1' title='image "/cluster/home/n/w/nwhite01/storage/ocr_20150623/119/hvd.32044019208156/199.png"; bbox 0 0 3970 6632; ppageno 0'>
   <div class='ocr_carea' id='block_1_1' title="bbox 389 395 499 462">
    <p class='ocr_par' dir='ltr' id='par_1_1' title="bbox 389 395 499 462">
     <span class='ocr_line' id='line_1_1' title="bbox 389 395 499 462; baseline -0.018 0"><span class='ocrx_word' id='word_1_1' title='bbox 389 395 499 462; x_wconf 77' lang='lat'><strong>383</strong></span> 
     </span>
    </p>
   </div>
   <div class='ocr_carea' id='block_1_2' title="bbox 1454 392 2570 456">
    <p class='ocr_par' dir='ltr' id='par_1_2' title="bbox 1454 392 2570 456">
     <span class='ocr_line' id='line_1_2' title="bbox 1454 392 2570 456; baseline 0.001 -1"><span class='ocrx_word' id='word_1_2' title='bbox 1454 392 1856 456; x_wconf 81' lang='lat' dir='ltr'><strong>(ECUMENII</strong></span> <span class='ocrx_word' id='word_1_3' title='bbox 1894 394 2186 456; x_wconf 67' lang='lat' dir='ltr'><strong>TR&#39;ICCE</strong></span> <span class='ocrx_word' id='word_1_4' title='bbox 2219 394 2570 456; x_wconf 75' lang='lat' dir='ltr'><strong>EPISCOPI‘</strong></span> 
     </span>
    </p>
   </div>
   <div class='ocr_carea' id='block_1_3' title="bbox 3556 394 3682 458">
    <p class='ocr_par' dir='ltr' id='par_1_3' title="bbox 3556 394 3682 458">
     <span class='ocr_line' id='line_1_3' title="bbox 3556 394 3682 458; baseline -0.008 -1"><span class='ocrx_word' id='word_1_5' title='bbox 3556 394 3682 458; x_wconf 60' lang='grc' dir='ltr'><strong>38ης</strong></span> 
     </span>
    </p>
   </div>
   <div class='ocr_carea' id='block_1_4' title="bbox 386 503 1977 578">
    <p class='ocr_par' dir='ltr' id='par_1_4' title="bbox 386 503 1968 570">
     <span class='ocr_line' id='line_1_4' title="bbox 386 503 1968 570; baseline -0.001 -9"><span class='ocrx_word' id='word_1_6' title='bbox 386 509 492 563; x_wconf 85' lang='lat' dir='ltr'><strong>sub</strong></span> <span class='ocrx_word' id='word_1_7' title='bbox 539 506 1016 564; x_wconf 85' lang='lat' dir='ltr'><strong>consummatione</strong></span> <span class='ocrx_word' id='word_1_8' title='bbox 1061 504 1410 562; x_wconf 59' lang='lat' dir='ltr'><strong>saeculorum.</strong></span> <span class='ocrx_word' id='word_1_9' title='bbox 1461 522 1481 556; x_wconf 74' lang='grc' dir='ltr'><strong>ι</strong></span> <span class='ocrx_word' id='word_1_10' title='bbox 1541 503 1655 561; x_wconf 86' lang='lat' dir='ltr'><strong>Hoc</strong></span> <span class='ocrx_word' id='word_1_11' title='bbox 1703 514 1807 570; x_wconf 87' lang='lat' dir='ltr'><strong>est,</strong></span> <span class='ocrx_word' id='word_1_12' title='bbox 1864 505 1968 562; x_wconf 89' lang='lat' dir='ltr'><strong>sub</strong></span> 
     </span>
    </p>
   </div>
   <div class='ocr_carea' id='block_1_5' title="bbox 2086 503 3692 578">
    <p class='ocr_par' dir='ltr' id='par_1_5' title="bbox 2086 503 3692 578">
     <span class='ocr_line' id='line_1_5' title="bbox 2086 503 3692 578; baseline 0 -18"><span class='ocrx_word' id='word_1_13' title='bbox 2086 522 2266 562; x_wconf 64' lang='grc' dir='ltr'>σωται·</span> <span class='ocrx_word' id='word_1_14' title='bbox 2290 507 2678 578; x_wconf 77' lang='grc' dir='ltr'><strong>πεφανέρωται</strong></span> <span class='ocrx_word' id='word_1_15' title='bbox 2698 503 2754 559; x_wconf 83' lang='grc' dir='ltr'>δὲ</span> <span class='ocrx_word' id='word_1_16' title='bbox 2783 503 2864 568; x_wconf 86' lang='grc' dir='ltr'><strong>είς</strong></span> <span class='ocrx_word' id='word_1_17' title='bbox 2878 505 2941 558; x_wconf 80' lang='grc' dir='ltr'>τὸ</span> <span class='ocrx_word' id='word_1_18' title='bbox 2958 503 3220 574; x_wconf 78' lang='grc' dir='ltr'>ἀθετῆσαι</span> <span class='ocrx_word' id='word_1_19' title='bbox 3244 504 3338 558; x_wconf 79' lang='grc' dir='ltr'>καὶ</span> <span class='ocrx_word' id='word_1_20' title='bbox 3355 505 3548 560; x_wconf 76' lang='grc' dir='ltr'>σϐέσαι</span> <span class='ocrx_word' id='word_1_21' title='bbox 3566 508 3666 576; x_wconf 77' lang='grc' dir='ltr'><strong>τὴν</strong></span> <span class='ocrx_word' id='word_1_22' title='bbox 3685 541 3692 548; x_wconf 70' lang='grc' dir='ltr'><strong><em>ε</em></strong></span> 
     </span>
    </p>
   </div>
   <div class='ocr_carea' id='block_1_6' title="bbox 384 598 1968 672">
    <p class='ocr_par' dir='ltr' id='par_1_6' title="bbox 384 598 1968 672">
     <span class='ocr_line' id='line_1_6' title="bbox 384 598 1968 672; baseline -0.004 -14"><span class='ocrx_word' id='word_1_23' title='bbox 384 602 559 672; x_wconf 78' lang='lat' dir='ltr'><strong>ipsam</strong></span> <span class='ocrx_word' id='word_1_24' title='bbox 620 599 1044 670; x_wconf 89' lang='lat' dir='ltr'><strong>completionem</strong></span> <span class='ocrx_word' id='word_1_25' title='bbox 1073 598 1401 655; x_wconf 70' lang='lat' dir='ltr'><strong>saeculorum</strong></span> <span class='ocrx_word' id='word_1_26' title='bbox 1434 605 1486 652; x_wconf 88' lang='lat' dir='ltr'><strong>et</strong></span> <span class='ocrx_word' id='word_1_27' title='bbox 1527 598 1630 655; x_wconf 83' lang='lat' dir='ltr'><strong>sub</strong></span> <span class='ocrx_word' id='word_1_28' title='bbox 1665 600 1844 669; x_wconf 90' lang='lat' dir='ltr'><strong>ipsum</strong></span> <span class='ocrx_word' id='word_1_29' title='bbox 1903 599 1968 653; x_wconf 78' lang='lat' dir='ltr'><strong>[i-</strong></span> 
     </span>
    </p>
   </div>
   <div class='ocr_carea' id='block_1_7' title="bbox 386 691 1969 765">
    <p class='ocr_par' dir='ltr' id='par_1_7' title="bbox 386 691 1969 765">
     <span class='ocr_line' id='line_1_7' title="bbox 386 691 1969 765; baseline -0.001 -17"><span class='ocrx_word' id='word_1_30' title='bbox 386 709 532 749; x_wconf 83' lang='lat' dir='ltr'><strong>nem.</strong></span> <span class='ocrx_word' id='word_1_31' title='bbox 567 692 634 748; x_wconf 86' lang='lat' dir='ltr'><strong>Et</strong></span> <span class='ocrx_word' id='word_1_32' title='bbox 671 709 766 763; x_wconf 92' lang='lat' dir='ltr'><strong>per</strong></span> <span class='ocrx_word' id='word_1_33' title='bbox 813 694 1151 765; x_wconf 75' lang='lat' dir='ltr'><strong>hyperbaton</strong></span> <span class='ocrx_word' id='word_1_34' title='bbox 1179 691 1520 762; x_wconf 75' lang='lat' dir='ltr'><strong>jungendum</strong></span> <span class='ocrx_word' id='word_1_35' title='bbox 1546 699 1650 753; x_wconf 82' lang='lat' dir='ltr'><strong>est,</strong></span> <span class='ocrx_word' id='word_1_36' title='bbox 1679 691 1969 762; x_wconf 75' lang='lat' dir='ltr'><strong>Apparuit.</strong></span> 
     </span>
    </p>
   </div>
   <div class='ocr_carea' id='block_1_8' title="bbox 386 784 1973 856">
    <p class='ocr_par' dir='ltr' id='par_1_8' title="bbox 386 784 1973 856">
     <span class='ocr_line' id='line_1_8' title="bbox 386 784 1973 856; baseline 0.001 -18"><span class='ocrx_word' id='word_1_37' title='bbox 386 786 651 856; x_wconf 78' lang='lat' dir='ltr'><strong>Apparuit</strong></span> <span class='ocrx_word' id='word_1_38' title='bbox 686 797 866 840; x_wconf 88' lang='lat' dir='ltr'><strong>autem</strong></span> <span class='ocrx_word' id='word_1_39' title='bbox 911 793 968 838; x_wconf 93' lang='lat' dir='ltr'><strong>ut</strong></span> <span class='ocrx_word' id='word_1_40' title='bbox 997 784 1313 855; x_wconf 76' lang='lat' dir='ltr'><strong>prodigeret</strong></span> <span class='ocrx_word' id='word_1_41' title='bbox 1340 793 1396 839; x_wconf 91' lang='lat' dir='ltr'><strong>et</strong></span> <span class='ocrx_word' id='word_1_42' title='bbox 1442 785 1815 854; x_wconf 75' lang='lat' dir='ltr'><strong>exstingueret</strong></span> <span class='ocrx_word' id='word_1_43' title='bbox 1848 800 1973 854; x_wconf 86' lang='lat' dir='ltr'><strong>pec-</strong></span> 
     </span>
    </p>
   </div>
   <div class='ocr_carea' id='block_1_9' title="bbox 387 880 1979 949">
    <p class='ocr_par' dir='ltr' id='par_1_9' title="bbox 387 880 1979 949">
     <span class='ocr_line' id='line_1_9' title="bbox 387 880 1979 949; baseline 0.003 -18"><span class='ocrx_word' id='word_1_44' title='bbox 387 889 570 932; x_wconf 78' lang='lat' dir='ltr'><strong>catum</strong></span> <span class='ocrx_word' id='word_1_45' title='bbox 605 880 793 934; x_wconf 87' lang='lat' dir='ltr'><strong>mundi</strong></span> <span class='ocrx_word' id='word_1_46' title='bbox 831 895 928 949; x_wconf 89' lang='lat' dir='ltr'><strong>per</strong></span> <span class='ocrx_word' id='word_1_47' title='bbox 952 880 1230 932; x_wconf 80' lang='lat' dir='ltr'><strong>victimam</strong></span> <span class='ocrx_word' id='word_1_48' title='bbox 1259 893 1442 942; x_wconf 87' lang='lat' dir='ltr'><strong>suam,</strong></span> <span class='ocrx_word' id='word_1_49' title='bbox 1469 895 1632 948; x_wconf 91' lang='lat' dir='ltr'><strong>quam</strong></span> <span class='ocrx_word' id='word_1_50' title='bbox 1683 895 1782 949; x_wconf 89' lang='lat' dir='ltr'><strong>pro</strong></span> <span class='ocrx_word' id='word_1_51' title='bbox 1816 881 1979 936; x_wconf 76' lang='lat' dir='ltr'><strong>nobis</strong></span> 
     </span>
    </p>
   </div>
   <div class='ocr_carea' id='block_1_10' title="bbox 387 970 1969 1040">
    <p class='ocr_par' dir='ltr' id='par_1_10' title="bbox 387 970 1969 1040">
     <span class='ocr_line' id='line_1_10' title="bbox 387 970 1969 1040; baseline 0.004 -21"><span class='ocrx_word' id='word_1_52' title='bbox 387 970 607 1025; x_wconf 78' lang='lat' dir='ltr'><strong>obtulit.</strong></span> <span class='ocrx_word' id='word_1_53' title='bbox 655 992 673 1023; x_wconf 73' lang='grc' dir='ltr'><strong>ι</strong></span> <span class='ocrx_word' id='word_1_54' title='bbox 711 971 814 1025; x_wconf 80' lang='lat' dir='ltr'><strong>Per</strong></span> <span class='ocrx_word' id='word_1_55' title='bbox 861 971 1134 1026; x_wconf 79' lang='lat' dir='ltr'><strong>victimam</strong></span> <span class='ocrx_word' id='word_1_56' title='bbox 1169 985 1324 1025; x_wconf 85' lang='lat' dir='ltr'><strong>suam</strong></span> <span class='ocrx_word' id='word_1_57' title='bbox 1359 973 1634 1040; x_wconf 85' lang='lat' dir='ltr'><strong>apparuit,</strong></span> <span class='ocrx_word' id='word_1_58' title='bbox 1676 990 1694 1022; x_wconf 75' lang='grc' dir='ltr'><strong>ι</strong></span> <span class='ocrx_word' id='word_1_59' title='bbox 1736 972 1838 1027; x_wconf 91' lang='lat' dir='ltr'><strong>hoc</strong></span> <span class='ocrx_word' id='word_1_60' title='bbox 1865 981 1969 1036; x_wconf 87' lang='lat' dir='ltr'><strong>cst,</strong></span> 
     </span>
    </p>
   </div>
   <div class='ocr_carea' id='block_1_11' title="bbox 389 1062 1967 1132">
    <p class='ocr_par' dir='ltr' id='par_1_11' title="bbox 389 1062 1967 1132">
     <span class='ocr_line' id='line_1_11' title="bbox 389 1062 1967 1132; baseline 0.001 -18"><span class='ocrx_word' id='word_1_61' title='bbox 389 1079 512 1115; x_wconf 85' lang='lat' dir='ltr'><strong>cum</strong></span> <span class='ocrx_word' id='word_1_62' title='bbox 544 1079 707 1115; x_wconf 84' lang='lat' dir='ltr'><strong>carne</strong></span> <span class='ocrx_word' id='word_1_63' title='bbox 729 1063 780 1115; x_wconf 91' lang='lat' dir='ltr'><strong>in</strong></span> <span class='ocrx_word' id='word_1_64' title='bbox 806 1062 1031 1115; x_wconf 89' lang='lat' dir='ltr'><strong>mundo.</strong></span> <span class='ocrx_word' id='word_1_65' title='bbox 1062 1081 1080 1113; x_wconf 81' lang='grc' dir='ltr'><strong>ι</strong></span> <span class='ocrx_word' id='word_1_66' title='bbox 1123 1062 1186 1114; x_wconf 83' lang='lat' dir='ltr'><strong>Et</strong></span> <span class='ocrx_word' id='word_1_67' title='bbox 1207 1073 1476 1132; x_wconf 86' lang='lat' dir='ltr'><strong>quatenus</strong></span> <span class='ocrx_word' id='word_1_68' title='bbox 1509 1064 1638 1116; x_wconf 84' lang='lat' dir='ltr'><strong>illud</strong></span> <span class='ocrx_word' id='word_1_69' title='bbox 1669 1063 1916 1118; x_wconf 85' lang='lat' dir='ltr'><strong>homines</strong></span> <span class='ocrx_word' id='word_1_70' title='bbox 1947 1084 1967 1116; x_wconf 72' lang='grc' dir='ltr'><strong>ι</strong></span> 
     </span>
    </p>
   </div>
   <div class='ocr_carea' id='block_1_12' title="bbox 391 1153 1973 1226">
    <p class='ocr_par' dir='ltr' id='par_1_12' title="bbox 391 1153 1973 1226">
     <span class='ocr_line' id='line_1_12' title="bbox 391 1153 1973 1226; baseline 0.003 -20"><span class='ocrx_word' id='word_1_71' title='bbox 391 1153 592 1217; x_wconf 80' lang='lat' dir='ltr'><strong>Semel,</strong></span> <span class='ocrx_word' id='word_1_72' title='bbox 656 1153 854 1222; x_wconf 82' lang='lat' dir='ltr'><strong>inquit,</strong></span> <span class='ocrx_word' id='word_1_73' title='bbox 891 1169 1052 1208; x_wconf 90' lang='lat' dir='ltr'><strong>omne</strong></span> <span class='ocrx_word' id='word_1_74' title='bbox 1115 1171 1288 1222; x_wconf 82' lang='lat' dir='ltr'><strong>genus</strong></span> <span class='ocrx_word' id='word_1_75' title='bbox 1347 1156 1646 1209; x_wconf 89' lang='lat' dir='ltr'><strong>htnnanum</strong></span> <span class='ocrx_word' id='word_1_76' title='bbox 1684 1158 1973 1226; x_wconf 82' lang='lat' dir='ltr'><strong>oportebat</strong></span> 
     </span>
    </p>
   </div>
   <div class='ocr_carea' id='block_1_13' title="bbox 392 1245 1974 1316">
    <p class='ocr_par' dir='ltr' id='par_1_13' title="bbox 392 1245 1974 1316">
     <span class='ocr_line' id='line_1_13' title="bbox 392 1245 1974 1316; baseline 0.004 -22"><span class='ocrx_word' id='word_1_77' title='bbox 392 1246 527 1296; x_wconf 86' lang='lat' dir='ltr'><strong>mori</strong></span> <span class='ocrx_word' id='word_1_78' title='bbox 570 1261 583 1300; x_wconf 86' lang='lat'><strong>:</strong></span> <span class='ocrx_word' id='word_1_79' title='bbox 618 1245 715 1298; x_wconf 86' lang='lat' dir='ltr'><strong>hoc</strong></span> <span class='ocrx_word' id='word_1_80' title='bbox 751 1253 808 1297; x_wconf 91' lang='lat' dir='ltr'><strong>ut</strong></span> <span class='ocrx_word' id='word_1_81' title='bbox 835 1247 1002 1299; x_wconf 86' lang='lat' dir='ltr'><strong>semel</strong></span> <span class='ocrx_word' id='word_1_82' title='bbox 1038 1245 1210 1312; x_wconf 81' lang='lat' dir='ltr'><strong>ﬁeret,</strong></span> <span class='ocrx_word' id='word_1_83' title='bbox 1251 1262 1351 1316; x_wconf 87' lang='lat' dir='ltr'><strong>pro</strong></span> <span class='ocrx_word' id='word_1_84' title='bbox 1402 1248 1564 1302; x_wconf 86' lang='lat' dir='ltr'><strong>nobis</strong></span> <span class='ocrx_word' id='word_1_85' title='bbox 1621 1257 1870 1302; x_wconf 90' lang='lat' dir='ltr'><strong>mortuus</strong></span> <span class='ocrx_word' id='word_1_86' title='bbox 1891 1257 1974 1301; x_wconf 89' lang='lat' dir='ltr'><strong>est</strong></span> 
     </span>
    </p>
   </div>
   <div class='ocr_carea' id='block_1_14' title="bbox 389 1328 1972 1402">
    <p class='ocr_par' dir='ltr' id='par_1_14' title="bbox 389 1328 1972 1402">
     <span class='ocr_line' id='line_1_14' title="bbox 389 1328 1972 1402; baseline 0.004 -17"><span class='ocrx_word' id='word_1_87' title='bbox 389 1336 662 1390; x_wconf 73' lang='lat' dir='ltr'><strong>Christus.</strong></span> <span class='ocrx_word' id='word_1_88' title='bbox 709 1334 866 1391; x_wconf 79' lang='lat' dir='ltr'><strong>Nunc</strong></span> <span class='ocrx_word' id='word_1_89' title='bbox 917 1338 1101 1402; x_wconf 86' lang='lat' dir='ltr'><strong>itaque</strong></span> <span class='ocrx_word' id='word_1_90' title='bbox 1154 1337 1317 1393; x_wconf 90' lang='lat' dir='ltr'><strong>etiam</strong></span> <span class='ocrx_word' id='word_1_91' title='bbox 1375 1339 1420 1392; x_wconf 89' lang='lat' dir='ltr'><strong>si</strong></span> <span class='ocrx_word' id='word_1_92' title='bbox 1478 1338 1800 1401; x_wconf 86' lang='lat' dir='ltr'><strong>moriamur,</strong></span> <span class='ocrx_word' id='word_1_93' title='bbox 1844 1328 1972 1392; x_wconf 59' lang='lat' dir='ltr'><strong>&#39;non</strong></span> 
     </span>
    </p>
   </div>
   <div class='ocr_carea' id='block_1_15' title="bbox 390 1428 1974 1486">
    <p class='ocr_par' dir='ltr' id='par_1_15' title="bbox 390 1428 1974 1486">
     <span class='ocr_line' id='line_1_15' title="bbox 390 1428 1974 1486; baseline 0.004 -9"><span class='ocrx_word' id='word_1_94' title='bbox 390 1428 700 1482; x_wconf 79' lang='lat' dir='ltr'><strong>detinentur</strong></span> <span class='ocrx_word' id='word_1_95' title='bbox 744 1445 772 1482; x_wconf 89' lang='lat' dir='ltr'><strong>a</strong></span> <span class='ocrx_word' id='word_1_96' title='bbox 803 1437 1021 1486; x_wconf 88' lang='lat' dir='ltr'><strong>morte:</strong></span> <span class='ocrx_word' id='word_1_97' title='bbox 1056 1430 1163 1484; x_wconf 90' lang='lat' dir='ltr'><strong>imo</strong></span> <span class='ocrx_word' id='word_1_98' title='bbox 1214 1430 1266 1484; x_wconf 90' lang='lat' dir='ltr'><strong>in</strong></span> <span class='ocrx_word' id='word_1_99' title='bbox 1325 1431 1527 1485; x_wconf 86' lang='lat' dir='ltr'><strong>virtute</strong></span> <span class='ocrx_word' id='word_1_100' title='bbox 1565 1432 1667 1485; x_wconf 89' lang='lat' dir='ltr'><strong>hoc</strong></span> <span class='ocrx_word' id='word_1_101' title='bbox 1720 1446 1827 1484; x_wconf 91' lang='lat' dir='ltr'><strong>non</strong></span> <span class='ocrx_word' id='word_1_102' title='bbox 1890 1437 1974 1485; x_wconf 86' lang='lat' dir='ltr'><strong>est</strong></span> 
     </span>
    </p>
   </div>
   <div class='ocr_carea' id='block_1_16' title="bbox 389 1518 1970 1590">
    <p class='ocr_par' dir='ltr' id='par_1_16' title="bbox 389 1518 1970 1590">
     <span class='ocr_line' id='line_1_16' title="bbox 389 1518 1970 1590; baseline 0.003 -18"><span class='ocrx_word' id='word_1_103' title='bbox 389 1519 548 1572; x_wconf 76' lang='lat' dir='ltr'><strong>nimi.</strong></span> <span class='ocrx_word' id='word_1_104' title='bbox 591 1538 607 1570; x_wconf 83' lang='grc' dir='ltr'><strong>ι</strong></span> <span class='ocrx_word' id='word_1_105' title='bbox 662 1518 736 1573; x_wconf 85' lang='lat' dir='ltr'><strong>Ita</strong></span> <span class='ocrx_word' id='word_1_106' title='bbox 797 1530 850 1574; x_wconf 87' lang='lat' dir='ltr'><strong>et</strong></span> <span class='ocrx_word' id='word_1_107' title='bbox 901 1522 1172 1578; x_wconf 81' lang='lat' dir='ltr'><strong>Christus.</strong></span> <span class='ocrx_word' id='word_1_108' title='bbox 1213 1541 1232 1574; x_wconf 78' lang='grc' dir='ltr'><strong>ι</strong></span> <span class='ocrx_word' id='word_1_109' title='bbox 1288 1522 1555 1590; x_wconf 80' lang='lat' dir='ltr'><strong>Quoniam</strong></span> <span class='ocrx_word' id='word_1_110' title='bbox 1616 1525 1777 1577; x_wconf 88' lang='lat' dir='ltr'><strong>homo</strong></span> <span class='ocrx_word' id='word_1_111' title='bbox 1831 1533 1970 1589; x_wconf 86' lang='lat' dir='ltr'><strong>erat,</strong></span> 
     </span>
    </p>
   </div>
   <div class='ocr_carea' id='block_1_17' title="bbox 388 1615 1972 1685">
    <p class='ocr_par' dir='ltr' id='par_1_17' title="bbox 388 1615 1972 1685">
     <span class='ocr_line' id='line_1_17' title="bbox 388 1615 1972 1685; baseline 0.005 -22"><span class='ocrx_word' id='word_1_112' title='bbox 388 1628 700 1680; x_wconf 73' lang='lat' dir='ltr'><strong>quanquam</strong></span> <span class='ocrx_word' id='word_1_113' title='bbox 744 1615 907 1668; x_wconf 83' lang='lat' dir='ltr'><strong>simul</strong></span> <span class='ocrx_word' id='word_1_114' title='bbox 967 1624 1109 1669; x_wconf 87' lang='lat' dir='ltr'><strong>esset</strong></span> <span class='ocrx_word' id='word_1_115' title='bbox 1147 1615 1310 1678; x_wconf 83' lang='lat' dir='ltr'><strong>Deus,</strong></span> <span class='ocrx_word' id='word_1_116' title='bbox 1347 1617 1508 1670; x_wconf 90' lang='lat' dir='ltr'><strong>etiam</strong></span> <span class='ocrx_word' id='word_1_117' title='bbox 1544 1617 1661 1685; x_wconf 90' lang='lat' dir='ltr'><strong>ipse</strong></span> <span class='ocrx_word' id='word_1_118' title='bbox 1693 1619 1837 1685; x_wconf 86' lang='lat' dir='ltr'><strong>quod</strong></span> <span class='ocrx_word' id='word_1_119' title='bbox 1874 1618 1972 1670; x_wconf 85' lang='lat' dir='ltr'><strong>ho-</strong></span> 
     </span>
    </p>
   </div>
   <div class='ocr_carea' id='block_1_18' title="bbox 389 1703 1970 1773">
    <p class='ocr_par' dir='ltr' id='par_1_18' title="bbox 389 1703 1970 1773">
     <span class='ocr_line' id='line_1_18' title="bbox 389 1703 1970 1773; baseline 0.006 -19"><span class='ocrx_word' id='word_1_120' title='bbox 389 1703 629 1758; x_wconf 80' lang='lat' dir='ltr'><strong>minibus</strong></span> <span class='ocrx_word' id='word_1_121' title='bbox 675 1720 966 1760; x_wconf 82' lang='lat' dir='ltr'><strong>corrunuuc</strong></span> <span class='ocrx_word' id='word_1_122' title='bbox 1008 1716 1127 1761; x_wconf 87' lang='lat' dir='ltr'><strong>crat</strong></span> <span class='ocrx_word' id='word_1_123' title='bbox 1162 1709 1446 1762; x_wconf 84' lang='lat' dir='ltr'><strong>sustinuit.</strong></span> <span class='ocrx_word' id='word_1_124' title='bbox 1500 1707 1970 1773; x_wconf 80' lang='lat' dir='ltr'><strong>Quemadmodum</strong></span> 
     </span>
    </p>
   </div>
   <div class='ocr_carea' id='block_1_19' title="bbox 389 1795 1970 1863">
    <p class='ocr_par' dir='ltr' id='par_1_19' title="bbox 389 1795 1970 1863">
     <span class='ocr_line' id='line_1_19' title="bbox 389 1795 1970 1863; baseline 0.007 -21"><span class='ocrx_word' id='word_1_125' title='bbox 389 1795 532 1846; x_wconf 80' lang='lat' dir='ltr'><strong>enim</strong></span> <span class='ocrx_word' id='word_1_126' title='bbox 563 1795 814 1850; x_wconf 85' lang='lat' dir='ltr'><strong>homines</strong></span> <span class='ocrx_word' id='word_1_127' title='bbox 882 1798 1054 1851; x_wconf 84' lang='lat' dir='ltr'><strong>semel</strong></span> <span class='ocrx_word' id='word_1_128' title='bbox 1101 1799 1435 1863; x_wconf 84' lang='lat' dir='ltr'><strong>moriuntur,</strong></span> <span class='ocrx_word' id='word_1_129' title='bbox 1489 1800 1559 1853; x_wconf 85' lang='lat' dir='ltr'><strong>ita</strong></span> <span class='ocrx_word' id='word_1_130' title='bbox 1613 1811 1666 1853; x_wconf 88' lang='lat' dir='ltr'><strong>et</strong></span> <span class='ocrx_word' id='word_1_131' title='bbox 1715 1801 1970 1854; x_wconf 74' lang='lat' dir='ltr'><strong>Christus</strong></span> 
     </span>
    </p>
   </div>
   <div class='ocr_carea' id='block_1_20' title="bbox 2077 597 3672 672">
    <p class='ocr_par' dir='ltr' id='par_1_20' title="bbox 2077 597 3672 672">
     <span class='ocr_line' id='line_1_20' title="bbox 2077 597 3672 672; baseline -0.001 -17"><span class='ocrx_word' id='word_1_132' title='bbox 2077 601 2353 672; x_wconf 77' lang='grc' dir='ltr'><strong>ἁμαρτίαν</strong></span> <span class='ocrx_word' id='word_1_133' title='bbox 2384 599 2476 654; x_wconf 83' lang='grc' dir='ltr'>τοῦ</span> <span class='ocrx_word' id='word_1_134' title='bbox 2515 599 2722 670; x_wconf 85' lang='grc' dir='ltr'><strong>κόσμου</strong></span> <span class='ocrx_word' id='word_1_135' title='bbox 2757 599 2846 654; x_wconf 85' lang='grc' dir='ltr'>διὰ</span> <span class='ocrx_word' id='word_1_136' title='bbox 2873 599 2972 668; x_wconf 78' lang='grc' dir='ltr'>τῆς</span> <span class='ocrx_word' id='word_1_137' title='bbox 3001 597 3194 662; x_wconf 83' lang='grc' dir='ltr'>Θυσίας</span> <span class='ocrx_word' id='word_1_138' title='bbox 3215 598 3402 662; x_wconf 80' lang='grc' dir='ltr'>αὑτοῦ,</span> <span class='ocrx_word' id='word_1_139' title='bbox 3434 600 3503 670; x_wconf 84' lang='grc' dir='ltr'><strong>ἢν</strong></span> <span class='ocrx_word' id='word_1_140' title='bbox 3524 601 3672 670; x_wconf 82' lang='grc' dir='ltr'>ὑπὲρ</span> 
     </span>
    </p>
   </div>
   <div class='ocr_carea' id='block_1_21' title="bbox 2075 691 3660 764">
    <p class='ocr_par' dir='ltr' id='par_1_21' title="bbox 2075 691 3660 764">
     <span class='ocr_line' id='line_1_21' title="bbox 2075 691 3660 764; baseline -0.001 -18"><span class='ocrx_word' id='word_1_141' title='bbox 2075 695 2230 764; x_wconf 84' lang='grc' dir='ltr'>ἡμῶν</span> <span class='ocrx_word' id='word_1_142' title='bbox 2259 694 2623 764; x_wconf 88' lang='grc' dir='ltr'>προσήνεγκε.</span> <span class='ocrx_word' id='word_1_143' title='bbox 2651 711 2669 744; x_wconf 81' lang='grc' dir='ltr'><strong>ι</strong></span> <span class='ocrx_word' id='word_1_144' title='bbox 2707 691 2805 745; x_wconf 83' lang='grc' dir='ltr'>Διὰ</span> <span class='ocrx_word' id='word_1_145' title='bbox 2833 691 2932 761; x_wconf 85' lang='grc' dir='ltr'>τῆς</span> <span class='ocrx_word' id='word_1_146' title='bbox 2967 691 3159 754; x_wconf 86' lang='grc' dir='ltr'>θυσίας</span> <span class='ocrx_word' id='word_1_147' title='bbox 3193 693 3601 760; x_wconf 77' lang='grc' dir='ltr'><strong>πεφανέρωται·</strong></span> <span class='ocrx_word' id='word_1_148' title='bbox 3643 713 3660 744; x_wconf 74' lang='grc' dir='ltr'><strong>ι</strong></span> 
     </span>
    </p>
   </div>
   <div class='ocr_carea' id='block_1_22' title="bbox 2075 784 3667 858">
    <p class='ocr_par' dir='ltr' id='par_1_22' title="bbox 2075 784 3667 858">
     <span class='ocr_line' id='line_1_22' title="bbox 2075 784 3667 858; baseline -0.002 -18"><span class='ocrx_word' id='word_1_149' title='bbox 2075 789 2323 842; x_wconf 80' lang='grc' dir='ltr'><strong>τουτέστι</strong></span> <span class='ocrx_word' id='word_1_150' title='bbox 2345 786 2484 858; x_wconf 86' lang='grc' dir='ltr'><strong>μετά</strong></span> <span class='ocrx_word' id='word_1_151' title='bbox 2500 788 2601 856; x_wconf 79' lang='grc' dir='ltr'><strong>τῆς</strong></span> <span class='ocrx_word' id='word_1_152' title='bbox 2637 786 2839 855; x_wconf 74' lang='grc' dir='ltr'>σαρκὸς</span> <span class='ocrx_word' id='word_1_153' title='bbox 2859 788 2915 839; x_wconf 80' lang='grc' dir='ltr'><strong>ὲν</strong></span> <span class='ocrx_word' id='word_1_154' title='bbox 2928 784 3004 855; x_wconf 85' lang='grc' dir='ltr'>τῷ</span> <span class='ocrx_word' id='word_1_155' title='bbox 3021 786 3233 856; x_wconf 86' lang='grc' dir='ltr'>κόσμῳ.</span> <span class='ocrx_word' id='word_1_156' title='bbox 3257 805 3275 836; x_wconf 88' lang='grc'>‹</span> <span class='ocrx_word' id='word_1_157' title='bbox 3305 788 3410 839; x_wconf 78' lang='grc' dir='ltr'><strong>Καὶ</strong></span> <span class='ocrx_word' id='word_1_158' title='bbox 3431 786 3667 839; x_wconf 73' lang='grc' dir='ltr'>καθόσον</span> 
     </span>
    </p>
   </div>
   <div class='ocr_carea' id='block_1_23' title="bbox 2075 879 3664 950">
    <p class='ocr_par' dir='ltr' id='par_1_23' title="bbox 2075 879 3664 950">
     <span class='ocr_line' id='line_1_23' title="bbox 2075 879 3664 950; baseline -0.004 -15"><span class='ocrx_word' id='word_1_159' title='bbox 2075 881 2363 934; x_wconf 84' lang='grc' dir='ltr'>ἀπόκειται</span> <span class='ocrx_word' id='word_1_160' title='bbox 2396 883 2509 940; x_wconf 85' lang='grc' dir='ltr'>τοῖς</span> <span class='ocrx_word' id='word_1_161' title='bbox 2535 879 2865 950; x_wconf 78' lang='grc' dir='ltr'>ἀνθρώποις.</span> <span class='ocrx_word' id='word_1_162' title='bbox 2915 898 2934 930; x_wconf 76' lang='grc' dir='ltr'><strong>ι</strong></span> <span class='ocrx_word' id='word_1_163' title='bbox 2975 879 3186 945; x_wconf 62' lang='lat' dir='ltr'><strong>&quot;At-mi,</strong></span> <span class='ocrx_word' id='word_1_164' title='bbox 3223 880 3378 948; x_wconf 65' lang='grc' dir='ltr'>φησὶ,</span> <span class='ocrx_word' id='word_1_165' title='bbox 3412 879 3512 946; x_wconf 79' lang='grc' dir='ltr'>τὴν</span> <span class='ocrx_word' id='word_1_166' title='bbox 3565 881 3664 932; x_wconf 86' lang='grc' dir='ltr'>ἀν-</span> 
     </span>
    </p>
   </div>
   <div class='ocr_carea' id='block_1_24' title="bbox 2076 969 3666 1042">
    <p class='ocr_par' dir='ltr' id='par_1_24' title="bbox 2076 969 3666 1042">
     <span class='ocr_line' id='line_1_24' title="bbox 2076 969 3666 1042; baseline -0.003 -16"><span class='ocrx_word' id='word_1_167' title='bbox 2076 974 2400 1042; x_wconf 80' lang='grc' dir='ltr'>ορωπότητα</span> <span class='ocrx_word' id='word_1_168' title='bbox 2431 975 2612 1025; x_wconf 78' lang='grc' dir='ltr'>πᾶσαν</span> <span class='ocrx_word' id='word_1_169' title='bbox 2651 972 2820 1042; x_wconf 70' lang='grc' dir='ltr'><strong>ἐχρῆν</strong></span> <span class='ocrx_word' id='word_1_170' title='bbox 2844 970 3158 1024; x_wconf 83' lang='grc' dir='ltr'>ἀποθανεῖν.</span> <span class='ocrx_word' id='word_1_171' title='bbox 3191 971 3363 1023; x_wconf 80' lang='grc' dir='ltr'>Τοῦτο</span> <span class='ocrx_word' id='word_1_172' title='bbox 3397 971 3456 1022; x_wconf 61' lang='grc' dir='ltr'><strong>τὸ</strong></span> <span class='ocrx_word' id='word_1_173' title='bbox 3512 969 3666 1034; x_wconf 79' lang='grc' dir='ltr'>ἅπαξ</span> 
     </span>
    </p>
   </div>
   <div class='ocr_carea' id='block_1_25' title="bbox 2078 1062 3668 1134">
    <p class='ocr_par' dir='ltr' id='par_1_25' title="bbox 2078 1062 3668 1134">
     <span class='ocr_line' id='line_1_25' title="bbox 2078 1062 3668 1134; baseline -0.004 -17"><span class='ocrx_word' id='word_1_174' title='bbox 2078 1064 2218 1134; x_wconf 78' lang='grc' dir='ltr'>ὑπὲρ</span> <span class='ocrx_word' id='word_1_175' title='bbox 2250 1063 2406 1133; x_wconf 84' lang='grc' dir='ltr'>ήμῶν</span> <span class='ocrx_word' id='word_1_176' title='bbox 2435 1063 2706 1116; x_wconf 82' lang='grc' dir='ltr'><strong>ἀπέθανεν</strong></span> <span class='ocrx_word' id='word_1_177' title='bbox 2733 1065 2760 1116; x_wconf 99' lang='lat'><strong>6</strong></span> <span class='ocrx_word' id='word_1_178' title='bbox 2785 1062 3040 1133; x_wconf 84' lang='grc' dir='ltr'>Χριστός.</span> <span class='ocrx_word' id='word_1_179' title='bbox 3079 1063 3244 1114; x_wconf 81' lang='grc' dir='ltr'>Ὥστε</span> <span class='ocrx_word' id='word_1_180' title='bbox 3277 1067 3371 1115; x_wconf 71' lang='grc' dir='ltr'>καὶ</span> <span class='ocrx_word' id='word_1_181' title='bbox 3424 1062 3668 1128; x_wconf 68' lang='grc' dir='ltr'>ἀποθνῆ-</span> 
     </span>
    </p>
   </div>
   <div class='ocr_carea' id='block_1_26' title="bbox 2079 1154 3666 1226">
    <p class='ocr_par' dir='ltr' id='par_1_26' title="bbox 2079 1154 3666 1226">
     <span class='ocr_line' id='line_1_26' title="bbox 2079 1154 3666 1226; baseline -0.001 -18"><span class='ocrx_word' id='word_1_182' title='bbox 2079 1173 2300 1220; x_wconf 85' lang='grc' dir='ltr'>σκοντες</span> <span class='ocrx_word' id='word_1_183' title='bbox 2329 1156 2444 1216; x_wconf 76' lang='grc' dir='ltr'>νῦν,</span> <span class='ocrx_word' id='word_1_184' title='bbox 2489 1156 2548 1208; x_wconf 76' lang='grc' dir='ltr'>οὐ</span> <span class='ocrx_word' id='word_1_185' title='bbox 2581 1154 2934 1226; x_wconf 73' lang='grc' dir='ltr'><strong>κρατούμεθα</strong></span> <span class='ocrx_word' id='word_1_186' title='bbox 2969 1155 3073 1208; x_wconf 71' lang='grc' dir='ltr'>ὑπὸ</span> <span class='ocrx_word' id='word_1_187' title='bbox 3109 1155 3204 1207; x_wconf 84' lang='grc' dir='ltr'><strong>τοῦ</strong></span> <span class='ocrx_word' id='word_1_188' title='bbox 3242 1154 3502 1215; x_wconf 78' lang='grc' dir='ltr'>Θανάτου,</span> <span class='ocrx_word' id='word_1_189' title='bbox 3534 1155 3564 1206; x_wconf 85' lang='grc' dir='ltr'>ὃ</span> <span class='ocrx_word' id='word_1_190' title='bbox 3599 1157 3666 1225; x_wconf 82' lang='grc' dir='ltr'>τῇ</span> 
     </span>
    </p>
   </div>
   <div class='ocr_carea' id='block_1_27' title="bbox 2075 1245 3670 1317">
    <p class='ocr_par' dir='ltr' id='par_1_27' title="bbox 2075 1245 3670 1317">
     <span class='ocr_line' id='line_1_27' title="bbox 2075 1245 3670 1317; baseline 0 -17"><span class='ocrx_word' id='word_1_191' title='bbox 2075 1248 2326 1317; x_wconf 76' lang='grc' dir='ltr'>δυνάμει,</span> <span class='ocrx_word' id='word_1_192' title='bbox 2355 1248 2474 1300; x_wconf 75' lang='grc' dir='ltr'>οὐδὲ</span> <span class='ocrx_word' id='word_1_193' title='bbox 2519 1248 2810 1300; x_wconf 70' lang='grc' dir='ltr'>ἀποθανεῖν</span> <span class='ocrx_word' id='word_1_194' title='bbox 2868 1246 3004 1299; x_wconf 82' lang='grc' dir='ltr'>ἔστι.</span> <span class='ocrx_word' id='word_1_195' title='bbox 3044 1265 3060 1297; x_wconf 88' lang='grc' dir='ltr'><strong>ι</strong></span> <span class='ocrx_word' id='word_1_196' title='bbox 3099 1245 3284 1308; x_wconf 77' lang='grc' dir='ltr'>Οὕτως</span> <span class='ocrx_word' id='word_1_197' title='bbox 3321 1247 3413 1300; x_wconf 72' lang='grc' dir='ltr'>καὶ</span> <span class='ocrx_word' id='word_1_198' title='bbox 3445 1248 3472 1298; x_wconf 90' lang='lat'><strong>6</strong></span> <span class='ocrx_word' id='word_1_199' title='bbox 3525 1249 3670 1316; x_wconf 81' lang='grc' dir='ltr'>Χρι-</span> 
     </span>
    </p>
   </div>
   <div class='ocr_carea' id='block_1_28' title="bbox 2077 1334 3667 1409">
    <p class='ocr_par' dir='ltr' id='par_1_28' title="bbox 2077 1334 3667 1409">
     <span class='ocr_line' id='line_1_28' title="bbox 2077 1334 3667 1409; baseline -0.001 -18"><span class='ocrx_word' id='word_1_200' title='bbox 2077 1341 2222 1404; x_wconf 81' lang='grc' dir='ltr'>στός.</span> <span class='ocrx_word' id='word_1_201' title='bbox 2264 1359 2280 1390; x_wconf 81' lang='grc' dir='ltr'><strong>ι</strong></span> <span class='ocrx_word' id='word_1_202' title='bbox 2327 1339 2544 1408; x_wconf 75' lang='grc' dir='ltr'>Ἐπειδὴ</span> <span class='ocrx_word' id='word_1_203' title='bbox 2569 1339 2855 1409; x_wconf 82' lang='grc' dir='ltr'>ἅνθρωπος</span> <span class='ocrx_word' id='word_1_204' title='bbox 2879 1334 2946 1409; x_wconf 80' lang='grc' dir='ltr'>ἦν</span> <span class='ocrx_word' id='word_1_205' title='bbox 2975 1338 3112 1408; x_wconf 83' lang='grc' dir='ltr'><strong>μετά</strong></span> <span class='ocrx_word' id='word_1_206' title='bbox 3152 1339 3246 1391; x_wconf 77' lang='grc' dir='ltr'>τοῦ</span> <span class='ocrx_word' id='word_1_207' title='bbox 3309 1334 3448 1392; x_wconf 70' lang='grc' dir='ltr'>εἶναι</span> <span class='ocrx_word' id='word_1_208' title='bbox 3505 1339 3667 1399; x_wconf 75' lang='grc' dir='ltr'>Θεὸς,</span> 
     </span>
    </p>
   </div>
   <div class='ocr_carea' id='block_1_29' title="bbox 2075 1431 3668 1500">
    <p class='ocr_par' dir='ltr' id='par_1_29' title="bbox 2075 1431 3668 1500">
     <span class='ocr_line' id='line_1_29' title="bbox 2075 1431 3668 1500; baseline -0.002 -14"><span class='ocrx_word' id='word_1_209' title='bbox 2075 1433 2171 1486; x_wconf 74' lang='grc' dir='ltr'>καὶ</span> <span class='ocrx_word' id='word_1_210' title='bbox 2201 1432 2385 1494; x_wconf 73' lang='grc' dir='ltr'>αὐτὸς,</span> <span class='ocrx_word' id='word_1_211' title='bbox 2418 1435 2574 1500; x_wconf 73' lang='grc' dir='ltr'>φησὶ,</span> <span class='ocrx_word' id='word_1_212' title='bbox 2601 1433 2662 1484; x_wconf 75' lang='grc' dir='ltr'>τὸ</span> <span class='ocrx_word' id='word_1_213' title='bbox 2686 1432 2868 1485; x_wconf 77' lang='grc' dir='ltr'>κοινὸν</span> <span class='ocrx_word' id='word_1_214' title='bbox 2926 1431 3036 1484; x_wconf 80' lang='grc' dir='ltr'>τῶν</span> <span class='ocrx_word' id='word_1_215' title='bbox 3074 1431 3380 1500; x_wconf 79' lang='grc' dir='ltr'>ἀνθρώπων</span> <span class='ocrx_word' id='word_1_216' title='bbox 3429 1431 3668 1500; x_wconf 84' lang='grc' dir='ltr'>ὑπέμει-</span> 
     </span>
    </p>
   </div>
   <div class='ocr_carea' id='block_1_30' title="bbox 2076 1521 3666 1594">
    <p class='ocr_par' dir='ltr' id='par_1_30' title="bbox 2076 1521 3666 1594">
     <span class='ocr_line' id='line_1_30' title="bbox 2076 1521 3666 1594; baseline -0.002 -18"><span class='ocrx_word' id='word_1_217' title='bbox 2076 1541 2188 1578; x_wconf 90' lang='grc' dir='ltr'>νεν.</span> <span class='ocrx_word' id='word_1_218' title='bbox 2218 1524 2430 1592; x_wconf 81' lang='grc' dir='ltr'><strong>Ὥσπερ</strong></span> <span class='ocrx_word' id='word_1_219' title='bbox 2464 1523 2574 1592; x_wconf 72' lang='grc' dir='ltr'><strong>γὰρ</strong></span> <span class='ocrx_word' id='word_1_220' title='bbox 2609 1524 2658 1575; x_wconf 87' lang='grc' dir='ltr'>οἱ</span> <span class='ocrx_word' id='word_1_221' title='bbox 2690 1521 2969 1594; x_wconf 84' lang='grc' dir='ltr'>ἄνθρωποι</span> <span class='ocrx_word' id='word_1_222' title='bbox 3002 1522 3148 1586; x_wconf 78' lang='grc' dir='ltr'>ἆπαξ</span> <span class='ocrx_word' id='word_1_223' title='bbox 3199 1521 3666 1588; x_wconf 78' lang='grc' dir='ltr'>ἀποθνήσκουσιν.</span> 
     </span>
    </p>
   </div>
   <div class='ocr_carea' id='block_1_31' title="bbox 2075 1614 3669 1687">
    <p class='ocr_par' dir='ltr' id='par_1_31' title="bbox 2075 1614 3669 1687">
     <span class='ocr_line' id='line_1_31' title="bbox 2075 1614 3669 1687; baseline -0.003 -17"><span class='ocrx_word' id='word_1_224' title='bbox 2075 1617 2245 1681; x_wconf 78' lang='grc' dir='ltr'>οὓτως</span> <span class='ocrx_word' id='word_1_225' title='bbox 2299 1617 2395 1670; x_wconf 73' lang='grc' dir='ltr'>καὶ</span> <span class='ocrx_word' id='word_1_226' title='bbox 2453 1619 2480 1670; x_wconf 90' lang='lat'><strong>6</strong></span> <span class='ocrx_word' id='word_1_227' title='bbox 2544 1616 2800 1687; x_wconf 72' lang='grc' dir='ltr'>Χριστὸς,</span> <span class='ocrx_word' id='word_1_228' title='bbox 2851 1614 3001 1680; x_wconf 73' lang='grc' dir='ltr'>ἅπαξ</span> <span class='ocrx_word' id='word_1_229' title='bbox 3047 1614 3455 1685; x_wconf 76' lang='grc' dir='ltr'>προσενεχθεὶς,</span> <span class='ocrx_word' id='word_1_230' title='bbox 3503 1615 3669 1678; x_wconf 59' lang='grc' dir='ltr'>αὐτος</span> 
     </span>
    </p>
   </div>
   <div class='ocr_carea' id='block_1_32' title="bbox 2075 1708 3668 1780">
    <p class='ocr_par' dir='ltr' id='par_1_32' title="bbox 2075 1708 3668 1780">
     <span class='ocr_line' id='line_1_32' title="bbox 2075 1708 3668 1780; baseline -0.003 -16"><span class='ocrx_word' id='word_1_231' title='bbox 2075 1711 2266 1764; x_wconf 76' lang='grc' dir='ltr'>ἑαυτὸν</span> <span class='ocrx_word' id='word_1_232' title='bbox 2290 1709 2683 1780; x_wconf 78' lang='grc' dir='ltr'>προσενέγκας.</span> <span class='ocrx_word' id='word_1_233' title='bbox 2727 1710 2800 1762; x_wconf 78' lang='grc' dir='ltr'><strong>Οὐ</strong></span> <span class='ocrx_word' id='word_1_234' title='bbox 2820 1711 2928 1779; x_wconf 85' lang='grc' dir='ltr'>γάρ</span> <span class='ocrx_word' id='word_1_235' title='bbox 2958 1710 3074 1762; x_wconf 77' lang='grc' dir='ltr'>ἐστι</span> <span class='ocrx_word' id='word_1_236' title='bbox 3134 1710 3294 1778; x_wconf 87' lang='grc' dir='ltr'>μόνον</span> <span class='ocrx_word' id='word_1_237' title='bbox 3347 1708 3668 1777; x_wconf 72' lang='grc' dir='ltr'>ἀρχιερεὺς,</span> 
     </span>
    </p>
   </div>
   <div class='ocr_carea' id='block_1_33' title="bbox 2075 1799 3668 1872">
    <p class='ocr_par' dir='ltr' id='par_1_33' title="bbox 2075 1799 3668 1872">
     <span class='ocr_line' id='line_1_33' title="bbox 2075 1799 3668 1872; baseline -0.002 -17"><span class='ocrx_word' id='word_1_238' title='bbox 2075 1802 2210 1856; x_wconf 85' lang='grc' dir='ltr'>ἀλλὰ</span> <span class='ocrx_word' id='word_1_239' title='bbox 2232 1804 2323 1856; x_wconf 67' lang='grc' dir='ltr'>καὶ</span> <span class='ocrx_word' id='word_1_240' title='bbox 2345 1801 2512 1872; x_wconf 74' lang='grc' dir='ltr'>θῦμα.</span> <span class='ocrx_word' id='word_1_241' title='bbox 2545 1821 2564 1854; x_wconf 82' lang='grc' dir='ltr'><strong>ι</strong></span> <span class='ocrx_word' id='word_1_242' title='bbox 2605 1803 2942 1870; x_wconf 81' lang='grc' dir='ltr'>Ἀνενεγκεῖν</span> <span class='ocrx_word' id='word_1_243' title='bbox 2974 1799 3278 1870; x_wconf 79' lang='grc' dir='ltr'>ἁμαρτίας.</span> <span class='ocrx_word' id='word_1_244' title='bbox 3321 1817 3339 1850; x_wconf 77' lang='grc' dir='ltr'><strong>ι</strong></span> <span class='ocrx_word' id='word_1_245' title='bbox 3371 1800 3668 1870; x_wconf 80' lang='grc' dir='ltr'>’Λνήνεγκε</span> 
     </span>
    </p>
   </div>
   <div class='ocr_carea' id='block_1_34' title="bbox 390 1871 1977 1966">
    <p class='ocr_par' dir='ltr' id='par_1_34' title="bbox 390 1887 1969 1962">
     <span class='ocr_line' id='line_1_34' title="bbox 390 1887 1969 1962; baseline 0.006 -27"><span class='ocrx_word' id='word_1_246' title='bbox 390 1887 559 1937; x_wconf 77' lang='lat' dir='ltr'><strong>semel</strong></span> <span class='ocrx_word' id='word_1_247' title='bbox 587 1887 824 1950; x_wconf 84' lang='lat' dir='ltr'><strong>oblatus,</strong></span> <span class='ocrx_word' id='word_1_248' title='bbox 848 1887 966 1956; x_wconf 87' lang='lat' dir='ltr'><strong>ipse</strong></span> <span class='ocrx_word' id='word_1_249' title='bbox 989 1889 1231 1958; x_wconf 84' lang='lat' dir='ltr'><strong>scipsum</strong></span> <span class='ocrx_word' id='word_1_250' title='bbox 1257 1892 1475 1944; x_wconf 75' lang='lat' dir='ltr'><strong>obtulit.</strong></span> <span class='ocrx_word' id='word_1_251' title='bbox 1498 1892 1663 1962; x_wconf 80' lang='lat'><strong>390</strong></span> <span class='ocrx_word' id='word_1_252' title='bbox 1688 1893 1969 1958; x_wconf 74' lang='lat' dir='ltr'><strong>Siquidem</strong></span> 
     </span>
    </p>
   </div>
   <div class='ocr_carea' id='block_1_35' title="bbox 2086 1871 3670 1966">
    <p class='ocr_par' dir='ltr' id='par_1_35' title="bbox 2086 1891 3670 1966">
     <span class='ocr_line' id='line_1_35' title="bbox 2086 1891 3670 1966; baseline -0.003 -17"><span class='ocrx_word' id='word_1_253' title='bbox 2086 1897 2179 1955; x_wconf 87' lang='grc' dir='ltr'><strong>τάς</strong></span> <span class='ocrx_word' id='word_1_254' title='bbox 2215 1895 2489 1966; x_wconf 85' lang='grc' dir='ltr'>ἁμαρτίας</span> <span class='ocrx_word' id='word_1_255' title='bbox 2512 1893 2620 1947; x_wconf 83' lang='grc' dir='ltr'>τῶν</span> <span class='ocrx_word' id='word_1_256' title='bbox 2645 1893 2949 1964; x_wconf 76' lang='grc' dir='ltr'>ἀνθρώπων</span> <span class='ocrx_word' id='word_1_257' title='bbox 2988 1893 3065 1964; x_wconf 84' lang='grc' dir='ltr'>τῷ</span> <span class='ocrx_word' id='word_1_258' title='bbox 3115 1892 3311 1961; x_wconf 75' lang='grc' dir='ltr'>Πατρὶ,</span> <span class='ocrx_word' id='word_1_259' title='bbox 3344 1891 3431 1945; x_wconf 77' lang='grc' dir='ltr'>ἵνα</span> <span class='ocrx_word' id='word_1_260' title='bbox 3501 1892 3670 1954; x_wconf 67' lang='grc' dir='ltr'>αὐτὸς</span> 
     </span>
    </p>
   </div>
   <div class='ocr_carea' id='block_1_36' title="bbox 394 1981 1978 2050">
    <p class='ocr_par' dir='ltr' id='par_1_36' title="bbox 394 1981 1978 2050">
     <span class='ocr_line' id='line_1_36' title="bbox 394 1981 1978 2050; baseline 0.005 -20"><span class='ocrx_word' id='word_1_261' title='bbox 394 1993 500 2032; x_wconf 89' lang='lat' dir='ltr'><strong>non</strong></span> <span class='ocrx_word' id='word_1_262' title='bbox 537 1986 750 2032; x_wconf 88' lang='lat' dir='ltr'><strong>tantum</strong></span> <span class='ocrx_word' id='word_1_263' title='bbox 779 1989 862 2035; x_wconf 91' lang='lat' dir='ltr'><strong>est</strong></span> <span class='ocrx_word' id='word_1_264' title='bbox 884 1981 1150 2050; x_wconf 80' lang='lat' dir='ltr'><strong>pontifex,</strong></span> <span class='ocrx_word' id='word_1_265' title='bbox 1185 1983 1278 2037; x_wconf 83' lang='lat' dir='ltr'><strong>sed</strong></span> <span class='ocrx_word' id='word_1_266' title='bbox 1333 1992 1387 2037; x_wconf 87' lang='lat' dir='ltr'><strong>et</strong></span> <span class='ocrx_word' id='word_1_267' title='bbox 1420 1985 1662 2037; x_wconf 85' lang='lat' dir='ltr'><strong>victima.</strong></span> <span class='ocrx_word' id='word_1_268' title='bbox 1697 2002 1714 2035; x_wconf 80' lang='grc' dir='ltr'><strong>ι</strong></span> <span class='ocrx_word' id='word_1_269' title='bbox 1753 1984 1978 2039; x_wconf 78' lang='lat' dir='ltr'><strong>Perfer-—</strong></span> 
     </span>
    </p>
   </div>
   <div class='ocr_carea' id='block_1_37' title="bbox 391 2074 1973 2146">
    <p class='ocr_par' dir='ltr' id='par_1_37' title="bbox 391 2074 1973 2146">
     <span class='ocr_line' id='line_1_37' title="bbox 391 2074 1973 2146; baseline 0.008 -24"><span class='ocrx_word' id='word_1_270' title='bbox 391 2079 474 2124; x_wconf 86' lang='lat' dir='ltr'><strong>ret</strong></span> <span class='ocrx_word' id='word_1_271' title='bbox 509 2082 748 2140; x_wconf 75' lang='lat' dir='ltr'><strong>peccata.</strong></span> <span class='ocrx_word' id='word_1_272' title='bbox 800 2093 818 2126; x_wconf 87' lang='grc'>›</span> <span class='ocrx_word' id='word_1_273' title='bbox 853 2074 1167 2130; x_wconf 81' lang='lat' dir='ltr'><strong>Pcrtulitac</strong></span> <span class='ocrx_word' id='word_1_274' title='bbox 1195 2077 1382 2130; x_wconf 83' lang='lat' dir='ltr'><strong>retulit</strong></span> <span class='ocrx_word' id='word_1_275' title='bbox 1438 2076 1718 2131; x_wconf 89' lang='lat' dir='ltr'><strong>hominum</strong></span> <span class='ocrx_word' id='word_1_276' title='bbox 1752 2091 1973 2146; x_wconf 88' lang='lat' dir='ltr'><strong>peccata</strong></span> 
     </span>
    </p>
   </div>
   <div class='ocr_carea' id='block_1_38' title="bbox 392 2163 1975 2239">
    <p class='ocr_par' dir='ltr' id='par_1_38' title="bbox 392 2163 1975 2239">
     <span class='ocr_line' id='line_1_38' title="bbox 392 2163 1975 2239; baseline 0.008 -23"><span class='ocrx_word' id='word_1_277' title='bbox 392 2163 564 2230; x_wconf 87' lang='lat' dir='ltr'><strong>Patri,</strong></span> <span class='ocrx_word' id='word_1_278' title='bbox 603 2175 660 2218; x_wconf 89' lang='lat' dir='ltr'><strong>ut</strong></span> <span class='ocrx_word' id='word_1_279' title='bbox 685 2167 772 2220; x_wconf 88' lang='lat' dir='ltr'><strong>ille</strong></span> <span class='ocrx_word' id='word_1_280' title='bbox 795 2166 1152 2233; x_wconf 81' lang='lat' dir='ltr'><strong>t-ondonaret,</strong></span> <span class='ocrx_word' id='word_1_281' title='bbox 1181 2170 1408 2239; x_wconf 87' lang='lat' dir='ltr'><strong>ipsaque</strong></span> <span class='ocrx_word' id='word_1_282' title='bbox 1434 2171 1658 2226; x_wconf 78' lang='lat' dir='ltr'><strong>deleret.</strong></span> <span class='ocrx_word' id='word_1_283' title='bbox 1699 2171 1975 2237; x_wconf 85' lang='lat' dir='ltr'><strong>Quamob-</strong></span> 
     </span>
    </p>
   </div>
   <div class='ocr_carea' id='block_1_39' title="bbox 393 2258 1988 2326">
    <p class='ocr_par' dir='ltr' id='par_1_39' title="bbox 393 2258 1988 2326">
     <span class='ocr_line' id='line_1_39' title="bbox 393 2258 1988 2326; baseline 0.007 -17"><span class='ocrx_word' id='word_1_284' title='bbox 393 2272 506 2310; x_wconf 88' lang='lat' dir='ltr'><strong>rem</strong></span> <span class='ocrx_word' id='word_1_285' title='bbox 568 2273 695 2311; x_wconf 77' lang='lat' dir='ltr'><strong>rcro</strong></span> <span class='ocrx_word' id='word_1_286' title='bbox 742 2258 903 2317; x_wconf 77' lang='lat' dir='ltr'><strong>dixit.</strong></span> <span class='ocrx_word' id='word_1_287' title='bbox 966 2259 1300 2325; x_wconf 83' lang='lat' dir='ltr'><strong>Multorum,</strong></span> <span class='ocrx_word' id='word_1_288' title='bbox 1358 2270 1412 2318; x_wconf 88' lang='lat' dir='ltr'><strong>et</strong></span> <span class='ocrx_word' id='word_1_289' title='bbox 1466 2279 1608 2326; x_wconf 89' lang='lat' dir='ltr'><strong>non,</strong></span> <span class='ocrx_word' id='word_1_290' title='bbox 1664 2262 1919 2320; x_wconf 90' lang='lat' dir='ltr'><strong>Omnium</strong></span> <span class='ocrx_word' id='word_1_291' title='bbox 1952 2265 1988 2320; x_wconf 63' lang='grc' dir='ltr'><strong>ἲ·</strong></span> 
     </span>
    </p>
   </div>
   <div class='ocr_carea' id='block_1_40' title="bbox 394 2345 1972 2425">
    <p class='ocr_par' dir='ltr' id='par_1_40' title="bbox 394 2345 1972 2425">
     <span class='ocr_line' id='line_1_40' title="bbox 394 2345 1972 2425; baseline 0.007 -28"><span class='ocrx_word' id='word_1_292' title='bbox 394 2345 530 2411; x_wconf 86' lang='lat' dir='ltr'><strong>Quia</strong></span> <span class='ocrx_word' id='word_1_293' title='bbox 566 2364 671 2402; x_wconf 92' lang='lat' dir='ltr'><strong>non</strong></span> <span class='ocrx_word' id='word_1_294' title='bbox 702 2363 894 2404; x_wconf 81' lang='lat' dir='ltr'><strong>omnes</strong></span> <span class='ocrx_word' id='word_1_295' title='bbox 921 2351 1310 2418; x_wconf 73' lang='lat' dir='ltr'><strong>crediderunt;</strong></span> <span class='ocrx_word' id='word_1_296' title='bbox 1352 2369 1542 2409; x_wconf 91' lang='lat' dir='ltr'><strong>corum</strong></span> <span class='ocrx_word' id='word_1_297' title='bbox 1595 2369 1832 2425; x_wconf 86' lang='lat' dir='ltr'><strong>namque</strong></span> <span class='ocrx_word' id='word_1_298' title='bbox 1878 2355 1972 2424; x_wconf 90' lang='lat' dir='ltr'><strong>qui</strong></span> 
     </span>
    </p>
   </div>
   <div class='ocr_carea' id='block_1_41' title="bbox 395 2438 1973 2510">
    <p class='ocr_par' dir='ltr' id='par_1_41' title="bbox 395 2438 1973 2510">
     <span class='ocr_line' id='line_1_41' title="bbox 395 2438 1973 2510; baseline 0.01 -24"><span class='ocrx_word' id='word_1_299' title='bbox 395 2438 621 2494; x_wconf 64' lang='lat' dir='ltr'><strong>credunt</strong></span> <span class='ocrx_word' id='word_1_300' title='bbox 657 2440 836 2494; x_wconf 79' lang='lat' dir='ltr'><strong>aufert</strong></span> <span class='ocrx_word' id='word_1_301' title='bbox 861 2451 1108 2510; x_wconf 84' lang='lat' dir='ltr'><strong>peccata.</strong></span> <span class='ocrx_word' id='word_1_302' title='bbox 1144 2443 1392 2500; x_wconf 82' lang='lat' dir='ltr'><strong>Mortuus</strong></span> <span class='ocrx_word' id='word_1_303' title='bbox 1423 2447 1566 2500; x_wconf 90' lang='lat' dir='ltr'><strong>enim</strong></span> <span class='ocrx_word' id='word_1_304' title='bbox 1591 2457 1674 2501; x_wconf 92' lang='lat' dir='ltr'><strong>est</strong></span> <span class='ocrx_word' id='word_1_305' title='bbox 1701 2457 1758 2500; x_wconf 90' lang='lat' dir='ltr'><strong>ut</strong></span> <span class='ocrx_word' id='word_1_306' title='bbox 1780 2462 1973 2501; x_wconf 88' lang='lat' dir='ltr'><strong>omnes</strong></span> 
     </span>
    </p>
   </div>
   <div class='ocr_carea' id='block_1_42' title="bbox 395 2532 1976 2610">
    <p class='ocr_par' dir='ltr' id='par_1_42' title="bbox 395 2532 1976 2610">
     <span class='ocr_line' id='line_1_42' title="bbox 395 2532 1976 2610; baseline 0.007 -25"><span class='ocrx_word' id='word_1_307' title='bbox 395 2533 578 2585; x_wconf 72' lang='lat' dir='ltr'><strong>salvos</strong></span> <span class='ocrx_word' id='word_1_308' title='bbox 603 2532 833 2600; x_wconf 77' lang='lat' dir='ltr'><strong>iaceret,</strong></span> <span class='ocrx_word' id='word_1_309' title='bbox 863 2535 1010 2603; x_wconf 91' lang='lat' dir='ltr'><strong>quod</strong></span> <span class='ocrx_word' id='word_1_310' title='bbox 1043 2536 1112 2589; x_wconf 86' lang='lat' dir='ltr'><strong>ad</strong></span> <span class='ocrx_word' id='word_1_311' title='bbox 1139 2539 1313 2605; x_wconf 89' lang='lat' dir='ltr'><strong>ipsum</strong></span> <span class='ocrx_word' id='word_1_312' title='bbox 1343 2539 1596 2607; x_wconf 84' lang='lat' dir='ltr'><strong>pertinet,</strong></span> <span class='ocrx_word' id='word_1_313' title='bbox 1621 2556 1810 2595; x_wconf 90' lang='lat' dir='ltr'><strong>verum</strong></span> <span class='ocrx_word' id='word_1_314' title='bbox 1851 2557 1976 2610; x_wconf 86' lang='lat' dir='ltr'><strong>pec-</strong></span> 
     </span>
    </p>
   </div>
   <div class='ocr_carea' id='block_1_43' title="bbox 394 2625 1974 2697">
    <p class='ocr_par' dir='ltr' id='par_1_43' title="bbox 394 2625 1974 2697">
     <span class='ocr_line' id='line_1_43' title="bbox 394 2625 1974 2697; baseline 0.008 -21"><span class='ocrx_word' id='word_1_315' title='bbox 394 2634 514 2677; x_wconf 78' lang='lat' dir='ltr'><strong>cata</strong></span> <span class='ocrx_word' id='word_1_316' title='bbox 554 2625 686 2679; x_wconf 90' lang='lat' dir='ltr'><strong>solis</strong></span> <span class='ocrx_word' id='word_1_317' title='bbox 719 2627 944 2679; x_wconf 84' lang='lat' dir='ltr'><strong>remittit</strong></span> <span class='ocrx_word' id='word_1_318' title='bbox 995 2626 1364 2683; x_wconf 88' lang='lat' dir='ltr'><strong>credentibus.</strong></span> <span class='ocrx_word' id='word_1_319' title='bbox 1415 2630 1547 2697; x_wconf 82' lang='lat' dir='ltr'><strong>Aut,</strong></span> <span class='ocrx_word' id='word_1_320' title='bbox 1578 2631 1646 2687; x_wconf 92' lang='lat' dir='ltr'><strong>Ut</strong></span> <span class='ocrx_word' id='word_1_321' title='bbox 1676 2633 1974 2688; x_wconf 89' lang='lat' dir='ltr'><strong>multorum</strong></span> 
     </span>
    </p>
   </div>
   <div class='ocr_carea' id='block_1_44' title="bbox 395 2717 1978 2794">
    <p class='ocr_par' dir='ltr' id='par_1_44' title="bbox 395 2717 1978 2794">
     <span class='ocr_line' id='line_1_44' title="bbox 395 2717 1978 2794; baseline 0.008 -23"><span class='ocrx_word' id='word_1_322' title='bbox 395 2717 662 2785; x_wconf 79' lang='lat' dir='ltr'><strong>perferret</strong></span> <span class='ocrx_word' id='word_1_323' title='bbox 684 2727 900 2786; x_wconf 88' lang='lat' dir='ltr'><strong>peccata</strong></span> <span class='ocrx_word' id='word_1_324' title='bbox 934 2719 985 2774; x_wconf 93' lang='lat' dir='ltr'><strong>in</strong></span> <span class='ocrx_word' id='word_1_325' title='bbox 1008 2735 1174 2774; x_wconf 89' lang='lat' dir='ltr'><strong>cruce</strong></span> <span class='ocrx_word' id='word_1_326' title='bbox 1213 2722 1383 2788; x_wconf 88' lang='lat' dir='ltr'><strong>dicit;</strong></span> <span class='ocrx_word' id='word_1_327' title='bbox 1411 2733 1468 2778; x_wconf 91' lang='lat' dir='ltr'><strong>ut</strong></span> <span class='ocrx_word' id='word_1_328' title='bbox 1501 2725 1616 2794; x_wconf 84' lang='lat' dir='ltr'><strong>ipsa</strong></span> <span class='ocrx_word' id='word_1_329' title='bbox 1663 2727 1826 2781; x_wconf 91' lang='lat' dir='ltr'><strong>etiam</strong></span> <span class='ocrx_word' id='word_1_330' title='bbox 1853 2743 1978 2784; x_wconf 85' lang='lat' dir='ltr'><strong>exs-</strong></span> 
     </span>
    </p>
   </div>
   <div class='ocr_carea' id='block_1_45' title="bbox 395 2811 1976 2889">
    <p class='ocr_par' dir='ltr' id='par_1_45' title="bbox 395 2811 1976 2889">
     <span class='ocr_line' id='line_1_45' title="bbox 395 2811 1976 2889; baseline 0.008 -27"><span class='ocrx_word' id='word_1_331' title='bbox 395 2811 694 2880; x_wconf 82' lang='lat' dir='ltr'><strong>tingueret,</strong></span> <span class='ocrx_word' id='word_1_332' title='bbox 726 2811 865 2865; x_wconf 84' lang='lat' dir='ltr'><strong>dans</strong></span> <span class='ocrx_word' id='word_1_333' title='bbox 925 2827 1114 2881; x_wconf 70' lang='lat' dir='ltr'><strong>poenas</strong></span> <span class='ocrx_word' id='word_1_334' title='bbox 1145 2829 1246 2882; x_wconf 91' lang='lat' dir='ltr'><strong>pro</strong></span> <span class='ocrx_word' id='word_1_335' title='bbox 1274 2814 1431 2884; x_wconf 88' lang='lat' dir='ltr'><strong>ipsis.</strong></span> <span class='ocrx_word' id='word_1_336' title='bbox 1467 2834 1486 2867; x_wconf 78' lang='grc' dir='ltr'><strong>ι</strong></span> <span class='ocrx_word' id='word_1_337' title='bbox 1528 2815 1744 2873; x_wconf 77' lang='lat' dir='ltr'><strong>Rursus</strong></span> <span class='ocrx_word' id='word_1_338' title='bbox 1765 2819 1976 2889; x_wconf 78' lang='lat' dir='ltr'><strong>absque</strong></span> 
     </span>
    </p>
   </div>
   <div class='ocr_carea' id='block_1_46' title="bbox 394 2903 1982 2976">
    <p class='ocr_par' dir='ltr' id='par_1_46' title="bbox 394 2903 1982 2976">
     <span class='ocr_line' id='line_1_46' title="bbox 394 2903 1982 2976; baseline 0.005 -22"><span class='ocrx_word' id='word_1_339' title='bbox 394 2911 643 2970; x_wconf 87' lang='lat' dir='ltr'><strong>peccato.</strong></span> <span class='ocrx_word' id='word_1_340' title='bbox 684 2921 704 2954; x_wconf 76' lang='grc' dir='ltr'><strong>ι</strong></span> <span class='ocrx_word' id='word_1_341' title='bbox 741 2903 969 2957; x_wconf 84' lang='lat' dir='ltr'><strong>Authoc</strong></span> <span class='ocrx_word' id='word_1_342' title='bbox 997 2903 1132 2957; x_wconf 80' lang='lat' dir='ltr'><strong>dicit</strong></span> <span class='ocrx_word' id='word_1_343' title='bbox 1163 2904 1307 2974; x_wconf 89' lang='lat' dir='ltr'><strong>quod</strong></span> <span class='ocrx_word' id='word_1_344' title='bbox 1352 2906 1453 2960; x_wconf 90' lang='lat' dir='ltr'><strong>Ubi</strong></span> <span class='ocrx_word' id='word_1_345' title='bbox 1515 2923 1708 2962; x_wconf 87' lang='lat' dir='ltr'><strong>rursus</strong></span> <span class='ocrx_word' id='word_1_346' title='bbox 1741 2911 1982 2976; x_wconf 70' lang='lat' dir='ltr'><strong>venerit,</strong></span> 
     </span>
    </p>
   </div>
   <div class='ocr_carea' id='block_1_47' title="bbox 396 2997 1976 3072">
    <p class='ocr_par' dir='ltr' id='par_1_47' title="bbox 396 2997 1976 3072">
     <span class='ocr_line' id='line_1_47' title="bbox 396 2997 1976 3072; baseline 0.008 -23"><span class='ocrx_word' id='word_1_347' title='bbox 396 3011 506 3050; x_wconf 89' lang='lat' dir='ltr'><strong>non</strong></span> <span class='ocrx_word' id='word_1_348' title='bbox 533 2998 712 3054; x_wconf 74' lang='lat' dir='ltr'><strong>veniet</strong></span> <span class='ocrx_word' id='word_1_349' title='bbox 739 3006 796 3052; x_wconf 89' lang='lat' dir='ltr'><strong>ut</strong></span> <span class='ocrx_word' id='word_1_350' title='bbox 837 2997 1033 3054; x_wconf 88' lang='lat' dir='ltr'><strong>iterum</strong></span> <span class='ocrx_word' id='word_1_351' title='bbox 1083 2999 1282 3055; x_wconf 89' lang='lat' dir='ltr'><strong>debeat</strong></span> <span class='ocrx_word' id='word_1_352' title='bbox 1331 3017 1430 3070; x_wconf 91' lang='lat' dir='ltr'><strong>pro</strong></span> <span class='ocrx_word' id='word_1_353' title='bbox 1475 3005 1714 3072; x_wconf 79' lang='lat' dir='ltr'><strong>peccatis</strong></span> <span class='ocrx_word' id='word_1_354' title='bbox 1776 3009 1976 3062; x_wconf 84' lang='lat' dir='ltr'><strong>vestris</strong></span> 
     </span>
    </p>
   </div>
   <div class='ocr_carea' id='block_1_48' title="bbox 395 3089 1978 3160">
    <p class='ocr_par' dir='ltr' id='par_1_48' title="bbox 395 3089 1978 3160">
     <span class='ocr_line' id='line_1_48' title="bbox 395 3089 1978 3160; baseline 0.008 -20"><span class='ocrx_word' id='word_1_355' title='bbox 395 3089 560 3154; x_wconf 87' lang='lat' dir='ltr'><strong>mori,</strong></span> <span class='ocrx_word' id='word_1_356' title='bbox 596 3098 690 3144; x_wconf 90' lang='lat' dir='ltr'><strong>aut</strong></span> <span class='ocrx_word' id='word_1_357' title='bbox 718 3090 886 3158; x_wconf 88' lang='lat' dir='ltr'><strong>quod,</strong></span> <span class='ocrx_word' id='word_1_358' title='bbox 919 3089 1035 3146; x_wconf 76' lang='lat' dir='ltr'><strong>Non</strong></span> <span class='ocrx_word' id='word_1_359' title='bbox 1060 3091 1298 3160; x_wconf 83' lang='lat' dir='ltr'><strong>amplius</strong></span> <span class='ocrx_word' id='word_1_360' title='bbox 1352 3094 1606 3149; x_wconf 87' lang='lat' dir='ltr'><strong>liberabit</strong></span> <span class='ocrx_word' id='word_1_361' title='bbox 1635 3110 1730 3150; x_wconf 66' lang='lat' dir='ltr'><strong>vos</strong></span> <span class='ocrx_word' id='word_1_362' title='bbox 1784 3105 1917 3153; x_wconf 87' lang='lat' dir='ltr'><strong>tunc</strong></span> <span class='ocrx_word' id='word_1_363' title='bbox 1945 3113 1978 3152; x_wconf 81' lang='lat' dir='ltr'><strong>a</strong></span> 
     </span>
    </p>
   </div>
   <div class='ocr_carea' id='block_1_49' title="bbox 397 3180 1974 3256">
    <p class='ocr_par' dir='ltr' id='par_1_49' title="bbox 397 3180 1974 3256">
     <span class='ocr_line' id='line_1_49' title="bbox 397 3180 1974 3256; baseline 0.008 -26"><span class='ocrx_word' id='word_1_364' title='bbox 397 3180 659 3246; x_wconf 82' lang='lat' dir='ltr'><strong>peccatis,</strong></span> <span class='ocrx_word' id='word_1_365' title='bbox 689 3181 829 3236; x_wconf 89' lang='lat' dir='ltr'><strong>sicut</strong></span> <span class='ocrx_word' id='word_1_366' title='bbox 867 3184 984 3249; x_wconf 87' lang='lat' dir='ltr'><strong>ipsa</strong></span> <span class='ocrx_word' id='word_1_367' title='bbox 1013 3197 1160 3236; x_wconf 88' lang='lat' dir='ltr'><strong>nunc</strong></span> <span class='ocrx_word' id='word_1_368' title='bbox 1220 3184 1437 3246; x_wconf 65' lang='lat' dir='ltr'><strong>aufert;</strong></span> <span class='ocrx_word' id='word_1_369' title='bbox 1499 3193 1592 3238; x_wconf 88' lang='lat' dir='ltr'><strong>aut</strong></span> <span class='ocrx_word' id='word_1_370' title='bbox 1643 3188 1786 3256; x_wconf 79' lang='lat' dir='ltr'><strong>quod</strong></span> <span class='ocrx_word' id='word_1_371' title='bbox 1855 3187 1974 3243; x_wconf 77' lang='lat' dir='ltr'><strong>Non</strong></span> 
     </span>
    </p>
   </div>
   <div class='ocr_carea' id='block_1_50' title="bbox 398 3271 1980 3346">
    <p class='ocr_par' dir='ltr' id='par_1_50' title="bbox 398 3271 1980 3346">
     <span class='ocr_line' id='line_1_50' title="bbox 398 3271 1980 3346; baseline 0.005 -22"><span class='ocrx_word' id='word_1_372' title='bbox 398 3271 665 3338; x_wconf 81' lang='lat' dir='ltr'><strong>peccabit,</strong></span> <span class='ocrx_word' id='word_1_373' title='bbox 695 3287 818 3326; x_wconf 88' lang='lat' dir='ltr'><strong>reos</strong></span> <span class='ocrx_word' id='word_1_374' title='bbox 838 3280 890 3325; x_wconf 90' lang='lat' dir='ltr'><strong>et</strong></span> <span class='ocrx_word' id='word_1_375' title='bbox 907 3276 1142 3340; x_wconf 83' lang='lat' dir='ltr'><strong>peccatis</strong></span> <span class='ocrx_word' id='word_1_376' title='bbox 1164 3273 1430 3329; x_wconf 83' lang='lat' dir='ltr'><strong>obnoxios</strong></span> <span class='ocrx_word' id='word_1_377' title='bbox 1461 3274 1712 3343; x_wconf 86' lang='lat' dir='ltr'><strong>puniens,</strong></span> <span class='ocrx_word' id='word_1_378' title='bbox 1745 3292 1810 3331; x_wconf 91' lang='lat' dir='ltr'><strong>eo</strong></span> <span class='ocrx_word' id='word_1_379' title='bbox 1833 3278 1980 3346; x_wconf 89' lang='lat' dir='ltr'><strong>quod</strong></span> 
     </span>
    </p>
   </div>
   <div class='ocr_carea' id='block_1_51' title="bbox 397 3363 1980 3430">
    <p class='ocr_par' dir='ltr' id='par_1_51' title="bbox 397 3363 1980 3430">
     <span class='ocr_line' id='line_1_51' title="bbox 397 3363 1980 3430; baseline 0.006 -17"><span class='ocrx_word' id='word_1_380' title='bbox 397 3377 498 3430; x_wconf 85' lang='lat' dir='ltr'><strong>pro</strong></span> <span class='ocrx_word' id='word_1_381' title='bbox 535 3363 694 3418; x_wconf 87' lang='lat' dir='ltr'><strong>nobis</strong></span> <span class='ocrx_word' id='word_1_382' title='bbox 731 3363 1033 3418; x_wconf 79' lang='lat' dir='ltr'><strong>cruciﬁxus</strong></span> <span class='ocrx_word' id='word_1_383' title='bbox 1061 3365 1154 3419; x_wconf 91' lang='lat' dir='ltr'><strong>sil.</strong></span> <span class='ocrx_word' id='word_1_384' title='bbox 1180 3394 1249 3405; x_wconf 88' lang='lat'><strong>-—</strong></span> <span class='ocrx_word' id='word_1_385' title='bbox 1280 3363 1436 3420; x_wconf 88' lang='lat' dir='ltr'><strong>Nunc</strong></span> <span class='ocrx_word' id='word_1_386' title='bbox 1464 3368 1610 3419; x_wconf 85' lang='lat' dir='ltr'><strong>enim</strong></span> <span class='ocrx_word' id='word_1_387' title='bbox 1647 3368 1808 3421; x_wconf 87' lang='lat' dir='ltr'><strong>Pater</strong></span> <span class='ocrx_word' id='word_1_388' title='bbox 1833 3370 1980 3424; x_wconf 88' lang='lat' dir='ltr'><strong>misit</strong></span> 
     </span>
    </p>
   </div>
   <div class='ocr_carea' id='block_1_52' title="bbox 397 3453 1980 3523">
    <p class='ocr_par' dir='ltr' id='par_1_52' title="bbox 397 3453 1980 3523">
     <span class='ocr_line' id='line_1_52' title="bbox 397 3453 1980 3523; baseline 0.006 -18"><span class='ocrx_word' id='word_1_389' title='bbox 397 3453 579 3522; x_wconf 86' lang='lat' dir='ltr'><strong>ipsum</strong></span> <span class='ocrx_word' id='word_1_390' title='bbox 601 3455 800 3507; x_wconf 76' lang='lat' dir='ltr'><strong>factum</strong></span> <span class='ocrx_word' id='word_1_391' title='bbox 817 3455 1338 3523; x_wconf 80' lang='lat' dir='ltr'><strong>pccratum.Etenim</strong></span> <span class='ocrx_word' id='word_1_392' title='bbox 1359 3455 1612 3511; x_wconf 90' lang='lat' dir='ltr'><strong>Christus</strong></span> <span class='ocrx_word' id='word_1_393' title='bbox 1631 3459 1980 3515; x_wconf 84' lang='lat' dir='ltr'><strong>vehementer</strong></span> 
     </span>
    </p>
   </div>
   <div class='ocr_carea' id='block_1_53' title="bbox 399 3545 1984 3620">
    <p class='ocr_par' dir='ltr' id='par_1_53' title="bbox 399 3545 1984 3620">
     <span class='ocr_line' id='line_1_53' title="bbox 399 3545 1984 3620; baseline 0.01 -29"><span class='ocrx_word' id='word_1_394' title='bbox 399 3555 653 3611; x_wconf 75' lang='lat' dir='ltr'><strong>peccator</strong></span> <span class='ocrx_word' id='word_1_395' title='bbox 671 3552 782 3598; x_wconf 88' lang='lat' dir='ltr'><strong>erat</strong></span> <span class='ocrx_word' id='word_1_396' title='bbox 797 3584 810 3606; x_wconf 86' lang='lat'><strong>,</strong></span> <span class='ocrx_word' id='word_1_397' title='bbox 837 3545 1003 3612; x_wconf 87' lang='lat' dir='ltr'><strong>utqui</strong></span> <span class='ocrx_word' id='word_1_398' title='bbox 1030 3547 1196 3599; x_wconf 89' lang='lat' dir='ltr'><strong>totius</strong></span> <span class='ocrx_word' id='word_1_399' title='bbox 1216 3548 1399 3600; x_wconf 90' lang='lat' dir='ltr'><strong>mundi</strong></span> <span class='ocrx_word' id='word_1_400' title='bbox 1421 3557 1640 3616; x_wconf 84' lang='lat' dir='ltr'><strong>peccata</strong></span> <span class='ocrx_word' id='word_1_401' title='bbox 1661 3564 1984 3620; x_wconf 86' lang='lat' dir='ltr'><strong>assumpse-</strong></span> 
     </span>
    </p>
   </div>
   <div class='ocr_carea' id='block_1_54' title="bbox 400 3636 1976 3707">
    <p class='ocr_par' dir='ltr' id='par_1_54' title="bbox 400 3636 1976 3707">
     <span class='ocr_line' id='line_1_54' title="bbox 400 3636 1976 3707; baseline 0.006 -20"><span class='ocrx_word' id='word_1_402' title='bbox 400 3643 506 3698; x_wconf 78' lang='lat' dir='ltr'><strong>rat,</strong></span> <span class='ocrx_word' id='word_1_403' title='bbox 541 3637 756 3704; x_wconf 84' lang='lat' dir='ltr'><strong>sibique</strong></span> <span class='ocrx_word' id='word_1_404' title='bbox 785 3636 1007 3704; x_wconf 67' lang='lat' dir='ltr'><strong>pI&#39;Olll&#39;itl</strong></span> <span class='ocrx_word' id='word_1_405' title='bbox 1037 3636 1244 3691; x_wconf 77' lang='lat' dir='ltr'><strong>fecerat</strong></span> <span class='ocrx_word' id='word_1_406' title='bbox 1281 3654 1294 3690; x_wconf 88' lang='lat'><strong>:</strong></span> <span class='ocrx_word' id='word_1_407' title='bbox 1328 3637 1422 3692; x_wconf 89' lang='lat' dir='ltr'><strong>sed</strong></span> <span class='ocrx_word' id='word_1_408' title='bbox 1453 3637 1596 3693; x_wconf 85' lang='lat' dir='ltr'><strong>datis</strong></span> <span class='ocrx_word' id='word_1_409' title='bbox 1634 3655 1728 3707; x_wconf 88' lang='lat' dir='ltr'><strong>per</strong></span> <span class='ocrx_word' id='word_1_410' title='bbox 1759 3657 1976 3696; x_wconf 86' lang='lat' dir='ltr'><strong>crucem</strong></span> 
     </span>
    </p>
   </div>
   <div class='ocr_carea' id='block_1_55' title="bbox 397 3728 1982 3797">
    <p class='ocr_par' dir='ltr' id='par_1_55' title="bbox 397 3728 1982 3797">
     <span class='ocr_line' id='line_1_55' title="bbox 397 3728 1982 3797; baseline 0.003 -13"><span class='ocrx_word' id='word_1_411' title='bbox 397 3730 578 3796; x_wconf 69' lang='grc' dir='ltr'>ρωυίε</span> <span class='ocrx_word' id='word_1_412' title='bbox 597 3744 715 3797; x_wconf 60' lang='lat' dir='ltr'><strong>qum</strong></span> <span class='ocrx_word' id='word_1_413' title='bbox 734 3728 894 3782; x_wconf 87' lang='lat' dir='ltr'><strong>nobis</strong></span> <span class='ocrx_word' id='word_1_414' title='bbox 909 3730 1293 3797; x_wconf 82' lang='lat' dir='ltr'><strong>peccatoribus</strong></span> <span class='ocrx_word' id='word_1_415' title='bbox 1311 3731 1714 3786; x_wconf 80' lang='lat' dir='ltr'><strong>conveniebant</strong></span> <span class='ocrx_word' id='word_1_416' title='bbox 1733 3747 1795 3787; x_wconf 88' lang='lat' dir='ltr'><strong>ac</strong></span> <span class='ocrx_word' id='word_1_417' title='bbox 1814 3734 1982 3789; x_wconf 83' lang='lat' dir='ltr'><strong>debe-</strong></span> 
     </span>
    </p>
   </div>
   <div class='ocr_carea' id='block_1_56' title="bbox 399 3821 1976 3897">
    <p class='ocr_par' dir='ltr' id='par_1_56' title="bbox 399 3821 1976 3897">
     <span class='ocr_line' id='line_1_56' title="bbox 399 3821 1976 3897; baseline 0.004 -24"><span class='ocrx_word' id='word_1_418' title='bbox 399 3821 620 3884; x_wconf 85' lang='lat' dir='ltr'><strong>bantur,</strong></span> <span class='ocrx_word' id='word_1_419' title='bbox 643 3821 990 3890; x_wconf 87' lang='lat' dir='ltr'><strong>postmodum</strong></span> <span class='ocrx_word' id='word_1_420' title='bbox 1006 3821 1372 3877; x_wconf 84' lang='lat' dir='ltr'><strong>cumPaterna</strong></span> <span class='ocrx_word' id='word_1_421' title='bbox 1391 3832 1654 3880; x_wconf 81' lang='lat' dir='ltr'><strong>venturus</strong></span> <span class='ocrx_word' id='word_1_422' title='bbox 1671 3833 1755 3881; x_wconf 90' lang='lat' dir='ltr'><strong>est</strong></span> <span class='ocrx_word' id='word_1_423' title='bbox 1780 3827 1976 3897; x_wconf 76' lang='lat' dir='ltr'><strong>gloria,</strong></span> 
     </span>
    </p>
   </div>
   <div class='ocr_carea' id='block_1_57' title="bbox 394 3913 1977 3989">
    <p class='ocr_par' dir='ltr' id='par_1_57' title="bbox 394 3913 1977 3989">
     <span class='ocr_line' id='line_1_57' title="bbox 394 3913 1977 3989; baseline 0.004 -22"><span class='ocrx_word' id='word_1_424' title='bbox 394 3913 627 3983; x_wconf 82' lang='lat' dir='ltr'><strong>nonjam</strong></span> <span class='ocrx_word' id='word_1_425' title='bbox 650 3924 910 3984; x_wconf 85' lang='lat' dir='ltr'><strong>tanquam</strong></span> <span class='ocrx_word' id='word_1_426' title='bbox 931 3924 1185 3984; x_wconf 78' lang='lat' dir='ltr'><strong>peccator</strong></span> <span class='ocrx_word' id='word_1_427' title='bbox 1206 3923 1262 3970; x_wconf 89' lang='lat' dir='ltr'><strong>et</strong></span> <span class='ocrx_word' id='word_1_428' title='bbox 1286 3931 1413 3970; x_wconf 92' lang='lat' dir='ltr'><strong>cum</strong></span> <span class='ocrx_word' id='word_1_429' title='bbox 1440 3917 1646 3989; x_wconf 86' lang='lat' dir='ltr'><strong>iniquis</strong></span> <span class='ocrx_word' id='word_1_430' title='bbox 1666 3928 1977 3987; x_wconf 85' lang='lat' dir='ltr'><strong>reputatus.</strong></span> 
     </span>
    </p>
   </div>
   <div class='ocr_carea' id='block_1_58' title="bbox 396 4004 1980 4080">
    <p class='ocr_par' dir='ltr' id='par_1_58' title="bbox 396 4004 1980 4080">
     <span class='ocr_line' id='line_1_58' title="bbox 396 4004 1980 4080; baseline 0.005 -23"><span class='ocrx_word' id='word_1_431' title='bbox 396 4004 551 4070; x_wconf 78' lang='lat' dir='ltr'><strong>Quod</strong></span> <span class='ocrx_word' id='word_1_432' title='bbox 583 4005 726 4060; x_wconf 91' lang='lat' dir='ltr'><strong>enim</strong></span> <span class='ocrx_word' id='word_1_433' title='bbox 763 4004 1018 4061; x_wconf 81' lang='lat' dir='ltr'><strong>Christus</strong></span> <span class='ocrx_word' id='word_1_434' title='bbox 1049 4014 1306 4076; x_wconf 86' lang='lat' dir='ltr'><strong>peccator</strong></span> <span class='ocrx_word' id='word_1_435' title='bbox 1330 4007 1513 4075; x_wconf 78' lang='lat' dir='ltr'><strong>fuerit,</strong></span> <span class='ocrx_word' id='word_1_436' title='bbox 1537 4009 1696 4064; x_wconf 88' lang='lat' dir='ltr'><strong>audi:</strong></span> <span class='ocrx_word' id='word_1_437' title='bbox 1726 4010 1856 4065; x_wconf 86' lang='lat' dir='ltr'><strong>Eum</strong></span> <span class='ocrx_word' id='word_1_438' title='bbox 1881 4012 1980 4080; x_wconf 88' lang='lat' dir='ltr'><strong>qui</strong></span> 
     </span>
    </p>
   </div>
   <div class='ocr_carea' id='block_1_59' title="bbox 396 4101 1976 4175">
    <p class='ocr_par' dir='ltr' id='par_1_59' title="bbox 396 4101 1976 4175">
     <span class='ocr_line' id='line_1_59' title="bbox 396 4101 1976 4175; baseline 0.008 -28"><span class='ocrx_word' id='word_1_439' title='bbox 396 4107 680 4168; x_wconf 78' lang='lat' dir='ltr'><strong>peccatum</strong></span> <span class='ocrx_word' id='word_1_440' title='bbox 715 4114 821 4154; x_wconf 91' lang='lat' dir='ltr'><strong>non</strong></span> <span class='ocrx_word' id='word_1_441' title='bbox 859 4109 1106 4163; x_wconf 79' lang='lat' dir='ltr'><strong>noverat.</strong></span> <span class='ocrx_word' id='word_1_442' title='bbox 1137 4101 1336 4170; x_wconf 87' lang='lat' dir='ltr'><strong>inquit,</strong></span> <span class='ocrx_word' id='word_1_443' title='bbox 1369 4117 1468 4173; x_wconf 88' lang='lat' dir='ltr'><strong>pro</strong></span> <span class='ocrx_word' id='word_1_444' title='bbox 1497 4105 1654 4160; x_wconf 92' lang='lat' dir='ltr'><strong>nobis</strong></span> <span class='ocrx_word' id='word_1_445' title='bbox 1692 4114 1976 4175; x_wconf 86' lang='lat' dir='ltr'><strong>peccatum</strong></span> 
     </span>
    </p>
   </div>
   <div class='ocr_carea' id='block_1_60' title="bbox 396 4190 1781 4266">
    <p class='ocr_par' dir='ltr' id='par_1_60' title="bbox 396 4190 1781 4266">
     <span class='ocr_line' id='line_1_60' title="bbox 396 4190 1781 4266; baseline 0.006 -22"><span class='ocrx_word' id='word_1_446' title='bbox 396 4190 544 4255; x_wconf 79' lang='lat' dir='ltr'><strong>fecit,</strong></span> <span class='ocrx_word' id='word_1_447' title='bbox 573 4200 832 4262; x_wconf 89' lang='lat' dir='ltr'><strong>tanquam</strong></span> <span class='ocrx_word' id='word_1_448' title='bbox 865 4208 979 4247; x_wconf 91' lang='lat' dir='ltr'><strong>rem</strong></span> <span class='ocrx_word' id='word_1_449' title='bbox 1012 4194 1184 4264; x_wconf 80' lang='lat' dir='ltr'><strong>ipsam</strong></span> <span class='ocrx_word' id='word_1_450' title='bbox 1212 4211 1335 4266; x_wconf 72' lang='lat' dir='ltr'><strong>quae</strong></span> <span class='ocrx_word' id='word_1_451' title='bbox 1363 4207 1644 4266; x_wconf 89' lang='lat' dir='ltr'><strong>peccatum</strong></span> <span class='ocrx_word' id='word_1_452' title='bbox 1674 4207 1781 4252; x_wconf 91' lang='lat' dir='ltr'><strong>est.</strong></span> 
     </span>
    </p>
   </div>
   <div class='ocr_carea' id='block_1_61' title="bbox 467 4281 1982 4357">
    <p class='ocr_par' dir='ltr' id='par_1_61' title="bbox 467 4281 1982 4357">
     <span class='ocr_line' id='line_1_61' title="bbox 467 4281 1982 4357; baseline 0.005 -20"><span class='ocrx_word' id='word_1_453' title='bbox 467 4281 538 4348; x_wconf 80' lang='grc' dir='ltr'><strong>Χ,</strong></span> <span class='ocrx_word' id='word_1_454' title='bbox 569 4283 684 4338; x_wconf 71' lang='lat'><strong>1-4.</strong></span> <span class='ocrx_word' id='word_1_455' title='bbox 707 4283 848 4338; x_wconf 85' lang='lat' dir='ltr'><strong>Nam</strong></span> <span class='ocrx_word' id='word_1_456' title='bbox 879 4285 962 4340; x_wconf 77' lang='lat' dir='ltr'><strong>lex</strong></span> <span class='ocrx_word' id='word_1_457' title='bbox 984 4287 1223 4342; x_wconf 80' lang='lat' dir='ltr'><strong>umbram</strong></span> <span class='ocrx_word' id='word_1_458' title='bbox 1251 4287 1448 4342; x_wconf 80' lang='lat' dir='ltr'><strong>habens</strong></span> <span class='ocrx_word' id='word_1_459' title='bbox 1487 4289 1788 4357; x_wconf 77' lang='lat' dir='ltr'><strong>futurorum</strong></span> <span class='ocrx_word' id='word_1_460' title='bbox 1817 4289 1982 4344; x_wconf 77' lang='lat' dir='ltr'><strong>bono-</strong></span> 
     </span>
    </p>
   </div>
   <div class='ocr_carea' id='block_1_62' title="bbox 397 4377 1979 4451">
    <p class='ocr_par' dir='ltr' id='par_1_62' title="bbox 397 4377 1979 4451">
     <span class='ocr_line' id='line_1_62' title="bbox 397 4377 1979 4451; baseline 0.005 -23"><span class='ocrx_word' id='word_1_461' title='bbox 397 4391 536 4438; x_wconf 92' lang='lat' dir='ltr'><strong>rum,</strong></span> <span class='ocrx_word' id='word_1_462' title='bbox 571 4393 673 4430; x_wconf 85' lang='lat' dir='ltr'><strong>non</strong></span> <span class='ocrx_word' id='word_1_463' title='bbox 708 4377 881 4445; x_wconf 85' lang='lat' dir='ltr'><strong>ipsam</strong></span> <span class='ocrx_word' id='word_1_464' title='bbox 918 4378 1206 4446; x_wconf 78' lang='lat' dir='ltr'><strong>imaginem</strong></span> <span class='ocrx_word' id='word_1_465' title='bbox 1235 4395 1434 4443; x_wconf 84' lang='lat' dir='ltr'><strong>rerum,</strong></span> <span class='ocrx_word' id='word_1_466' title='bbox 1469 4381 1548 4433; x_wconf 85' lang='lat' dir='ltr'><strong>Itis</strong></span> <span class='ocrx_word' id='word_1_467' title='bbox 1601 4380 1790 4435; x_wconf 81' lang='lat' dir='ltr'><strong>hostiis</strong></span> <span class='ocrx_word' id='word_1_468' title='bbox 1846 4398 1979 4451; x_wconf 82' lang='lat' dir='ltr'><strong>quas</strong></span> 
     </span>
    </p>
   </div>
   <div class='ocr_carea' id='block_1_63' title="bbox 397 4467 1975 4542">
    <p class='ocr_par' dir='ltr' id='par_1_63' title="bbox 397 4467 1975 4542">
     <span class='ocr_line' id='line_1_63' title="bbox 397 4467 1975 4542; baseline 0.004 -22"><span class='ocrx_word' id='word_1_469' title='bbox 397 4467 622 4535; x_wconf 83' lang='lat' dir='ltr'><strong>singulis</strong></span> <span class='ocrx_word' id='word_1_470' title='bbox 648 4469 804 4522; x_wconf 86' lang='lat' dir='ltr'><strong>annis</strong></span> <span class='ocrx_word' id='word_1_471' title='bbox 827 4471 1040 4522; x_wconf 83' lang='lat' dir='ltr'><strong>easdem</strong></span> <span class='ocrx_word' id='word_1_472' title='bbox 1063 4472 1396 4524; x_wconf 79' lang='lat' dir='ltr'><strong>continenter</strong></span> <span class='ocrx_word' id='word_1_473' title='bbox 1422 4472 1675 4540; x_wconf 76' lang='lat' dir='ltr'><strong>offerunt,</strong></span> <span class='ocrx_word' id='word_1_474' title='bbox 1710 4489 1975 4542; x_wconf 82' lang='lat' dir='ltr'><strong>nunquam</strong></span> 
     </span>
    </p>
   </div>
   <div class='ocr_carea' id='block_1_64' title="bbox 2087 1979 3671 2059">
    <p class='ocr_par' dir='ltr' id='par_1_64' title="bbox 2087 1979 3671 2059">
     <span class='ocr_line' id='line_1_64' title="bbox 2087 1979 3671 2059; baseline -0.003 -19"><span class='ocrx_word' id='word_1_475' title='bbox 2087 1989 2415 2059; x_wconf 83' lang='grc' dir='ltr'>συγχωρήσῃ</span> <span class='ocrx_word' id='word_1_476' title='bbox 2442 1988 2537 2041; x_wconf 68' lang='grc' dir='ltr'>καὶ</span> <span class='ocrx_word' id='word_1_477' title='bbox 2571 1985 2826 2055; x_wconf 67' lang='grc' dir='ltr'>ἐξαλείψῃ</span> <span class='ocrx_word' id='word_1_478' title='bbox 2857 1985 3046 2047; x_wconf 72' lang='grc' dir='ltr'>αὑτάς.</span> <span class='ocrx_word' id='word_1_479' title='bbox 3082 1984 3181 2037; x_wconf 81' lang='grc' dir='ltr'>Διά</span> <span class='ocrx_word' id='word_1_480' title='bbox 3203 1984 3256 2038; x_wconf 89' lang='grc' dir='ltr'><strong>τί</strong></span> <span class='ocrx_word' id='word_1_481' title='bbox 3279 1984 3334 2037; x_wconf 78' lang='grc' dir='ltr'>δὲ</span> <span class='ocrx_word' id='word_1_482' title='bbox 3363 1979 3671 2050; x_wconf 82' lang='grc' dir='ltr'>εἴπε,Πολ-</span> 
     </span>
    </p>
   </div>
   <div class='ocr_carea' id='block_1_65' title="bbox 2083 2077 3670 2151">
    <p class='ocr_par' dir='ltr' id='par_1_65' title="bbox 2083 2077 3670 2151">
     <span class='ocr_line' id='line_1_65' title="bbox 2083 2077 3670 2151; baseline -0.003 -17"><span class='ocrx_word' id='word_1_483' title='bbox 2083 2081 2212 2148; x_wconf 85' lang='grc' dir='ltr'>λῶν,</span> <span class='ocrx_word' id='word_1_484' title='bbox 2237 2082 2332 2134; x_wconf 78' lang='grc' dir='ltr'>καὶ</span> <span class='ocrx_word' id='word_1_485' title='bbox 2366 2083 2460 2151; x_wconf 79' lang='grc' dir='ltr'>μὴ,</span> <span class='ocrx_word' id='word_1_486' title='bbox 2483 2080 2745 2145; x_wconf 77' lang='grc' dir='ltr'>Πάντων;</span> <span class='ocrx_word' id='word_1_487' title='bbox 2782 2080 2910 2133; x_wconf 84' lang='grc' dir='ltr'>’Ὅτι</span> <span class='ocrx_word' id='word_1_488' title='bbox 2953 2079 3028 2148; x_wconf 85' lang='grc' dir='ltr'>μὴ</span> <span class='ocrx_word' id='word_1_489' title='bbox 3056 2078 3257 2140; x_wconf 82' lang='grc' dir='ltr'>πάντες</span> <span class='ocrx_word' id='word_1_490' title='bbox 3311 2077 3670 2131; x_wconf 78' lang='grc' dir='ltr'>ἐπίστευσαν.</span> 
     </span>
    </p>
   </div>
   <div class='ocr_carea' id='block_1_66' title="bbox 2083 2169 3673 2244">
    <p class='ocr_par' dir='ltr' id='par_1_66' title="bbox 2083 2169 3673 2244">
     <span class='ocr_line' id='line_1_66' title="bbox 2083 2169 3673 2244; baseline -0.001 -19"><span class='ocrx_word' id='word_1_491' title='bbox 2083 2172 2204 2226; x_wconf 79' lang='grc' dir='ltr'>Τῶν</span> <span class='ocrx_word' id='word_1_492' title='bbox 2252 2173 2362 2244; x_wconf 85' lang='grc' dir='ltr'>γὰρ</span> <span class='ocrx_word' id='word_1_493' title='bbox 2409 2173 2776 2225; x_wconf 81' lang='grc' dir='ltr'>πιστευόντων</span> <span class='ocrx_word' id='word_1_494' title='bbox 2826 2172 3145 2240; x_wconf 82' lang='grc' dir='ltr'>ἀφαιρεῖται</span> <span class='ocrx_word' id='word_1_495' title='bbox 3209 2169 3310 2233; x_wconf 83' lang='grc' dir='ltr'><strong>τὰς</strong></span> <span class='ocrx_word' id='word_1_496' title='bbox 3366 2171 3673 2241; x_wconf 82' lang='grc' dir='ltr'>ἁμαρτίας.</span> 
     </span>
    </p>
   </div>
   <div class='ocr_carea' id='block_1_67' title="bbox 2093 2259 3680 2336">
    <p class='ocr_par' dir='ltr' id='par_1_67' title="bbox 2093 2259 3680 2336">
     <span class='ocr_line' id='line_1_67' title="bbox 2093 2259 3680 2336; baseline -0.003 -16"><span class='ocrx_word' id='word_1_497' title='bbox 2093 2266 2357 2320; x_wconf 77' lang='grc' dir='ltr'>Ἀπέθανε</span> <span class='ocrx_word' id='word_1_498' title='bbox 2392 2267 2520 2336; x_wconf 63' lang='grc' dir='ltr'>γὰρ,</span> <span class='ocrx_word' id='word_1_499' title='bbox 2547 2268 2626 2329; x_wconf 83' lang='grc' dir='ltr'><strong>εἰς</strong></span> <span class='ocrx_word' id='word_1_500' title='bbox 2652 2266 2712 2318; x_wconf 71' lang='grc' dir='ltr'><strong>τὺ</strong></span> <span class='ocrx_word' id='word_1_501' title='bbox 2751 2265 2960 2328; x_wconf 78' lang='grc' dir='ltr'>πάντας</span> <span class='ocrx_word' id='word_1_502' title='bbox 2996 2263 3188 2328; x_wconf 85' lang='grc' dir='ltr'>σῶσαι,</span> <span class='ocrx_word' id='word_1_503' title='bbox 3217 2265 3276 2317; x_wconf 87' lang='grc' dir='ltr'><strong>τό</strong></span> <span class='ocrx_word' id='word_1_504' title='bbox 3309 2281 3371 2332; x_wconf 88' lang='grc' dir='ltr'><strong>γε</strong></span> <span class='ocrx_word' id='word_1_505' title='bbox 3395 2259 3530 2335; x_wconf 82' lang='grc' dir='ltr'>ἧκον</span> <span class='ocrx_word' id='word_1_506' title='bbox 3589 2265 3680 2326; x_wconf 81' lang='grc' dir='ltr'><strong>εἰς</strong></span> 
     </span>
    </p>
   </div>
   <div class='ocr_carea' id='block_1_68' title="bbox 2082 2356 3673 2428">
    <p class='ocr_par' dir='ltr' id='par_1_68' title="bbox 2082 2356 3673 2428">
     <span class='ocr_line' id='line_1_68' title="bbox 2082 2356 3673 2428; baseline -0.003 -15"><span class='ocrx_word' id='word_1_507' title='bbox 2082 2359 2265 2425; x_wconf 83' lang='grc' dir='ltr'>αὐτὸν,</span> <span class='ocrx_word' id='word_1_508' title='bbox 2299 2359 2399 2423; x_wconf 79' lang='grc' dir='ltr'><strong>τὰς</strong></span> <span class='ocrx_word' id='word_1_509' title='bbox 2427 2359 2483 2411; x_wconf 78' lang='grc' dir='ltr'>δὲ</span> <span class='ocrx_word' id='word_1_510' title='bbox 2513 2357 2782 2428; x_wconf 84' lang='grc' dir='ltr'>ἁμαρτίας</span> <span class='ocrx_word' id='word_1_511' title='bbox 2808 2358 3001 2427; x_wconf 83' lang='grc' dir='ltr'>ἀφίησι</span> <span class='ocrx_word' id='word_1_512' title='bbox 3050 2359 3163 2420; x_wconf 87' lang='grc' dir='ltr'>τοῖς</span> <span class='ocrx_word' id='word_1_513' title='bbox 3201 2359 3416 2418; x_wconf 78' lang='grc' dir='ltr'>πιστοῖς</span> <span class='ocrx_word' id='word_1_514' title='bbox 3453 2356 3673 2425; x_wconf 82' lang='grc' dir='ltr'>μόνοις.</span> 
     </span>
    </p>
   </div>
   <div class='ocr_carea' id='block_1_69' title="bbox 2083 2448 3676 2520">
    <p class='ocr_par' dir='ltr' id='par_1_69' title="bbox 2083 2448 3676 2520">
     <span class='ocr_line' id='line_1_69' title="bbox 2083 2448 3676 2520; baseline -0.003 -16"><span class='ocrx_word' id='word_1_515' title='bbox 2083 2451 2154 2504; x_wconf 79' lang='grc' dir='ltr'><em>’Ἡ</em></span> <span class='ocrx_word' id='word_1_516' title='bbox 2175 2451 2256 2514; x_wconf 84' lang='grc' dir='ltr'>τὸ,</span> <span class='ocrx_word' id='word_1_517' title='bbox 2299 2451 2393 2514; x_wconf 83' lang='grc' dir='ltr'><strong>Εἰς</strong></span> <span class='ocrx_word' id='word_1_518' title='bbox 2425 2450 2485 2503; x_wconf 76' lang='grc' dir='ltr'>τὸ</span> <span class='ocrx_word' id='word_1_519' title='bbox 2549 2449 2760 2503; x_wconf 84' lang='grc' dir='ltr'>πολλῶν</span> <span class='ocrx_word' id='word_1_520' title='bbox 2814 2451 3131 2518; x_wconf 83' lang='grc' dir='ltr'>ἀνενεγκεῖν</span> <span class='ocrx_word' id='word_1_521' title='bbox 3173 2449 3470 2520; x_wconf 85' lang='grc' dir='ltr'>ἁμαρτίας,</span> <span class='ocrx_word' id='word_1_522' title='bbox 3502 2449 3560 2500; x_wconf 86' lang='grc' dir='ltr'><strong>ὲν</strong></span> <span class='ocrx_word' id='word_1_523' title='bbox 3591 2448 3676 2517; x_wconf 83' lang='grc' dir='ltr'>τῷ</span> 
     </span>
    </p>
   </div>
   <div class='ocr_carea' id='block_1_70' title="bbox 2085 2537 3676 2614">
    <p class='ocr_par' dir='ltr' id='par_1_70' title="bbox 2085 2537 3676 2614">
     <span class='ocr_line' id='line_1_70' title="bbox 2085 2537 3676 2614; baseline -0.002 -21"><span class='ocrx_word' id='word_1_524' title='bbox 2085 2540 2326 2614; x_wconf 79' lang='grc' dir='ltr'>σταυρῷ,</span> <span class='ocrx_word' id='word_1_525' title='bbox 2355 2541 2545 2609; x_wconf 70' lang='grc' dir='ltr'>φησὶν,</span> <span class='ocrx_word' id='word_1_526' title='bbox 2595 2541 2682 2593; x_wconf 81' lang='grc' dir='ltr'><strong>ἵνα</strong></span> <span class='ocrx_word' id='word_1_527' title='bbox 2740 2539 2911 2603; x_wconf 81' lang='grc' dir='ltr'>αὑτὰς</span> <span class='ocrx_word' id='word_1_528' title='bbox 2971 2540 3063 2593; x_wconf 61' lang='grc' dir='ltr'><strong>καλ⁸</strong></span> <span class='ocrx_word' id='word_1_529' title='bbox 3099 2538 3292 2608; x_wconf 80' lang='grc' dir='ltr'>σϐέσῃ,</span> <span class='ocrx_word' id='word_1_530' title='bbox 3347 2539 3523 2601; x_wconf 77' lang='grc' dir='ltr'>διδοὺς</span> <span class='ocrx_word' id='word_1_531' title='bbox 3567 2537 3676 2608; x_wconf 74' lang='grc' dir='ltr'><strong>τὴν</strong></span> 
     </span>
    </p>
   </div>
   <div class='ocr_carea' id='block_1_71' title="bbox 2084 2632 3666 2704">
    <p class='ocr_par' dir='ltr' id='par_1_71' title="bbox 2084 2632 3666 2704">
     <span class='ocr_line' id='line_1_71' title="bbox 2084 2632 3666 2704; baseline -0.002 -19"><span class='ocrx_word' id='word_1_532' title='bbox 2084 2633 2223 2704; x_wconf 79' lang='grc' dir='ltr'>ὑπὲρ</span> <span class='ocrx_word' id='word_1_533' title='bbox 2248 2634 2426 2686; x_wconf 77' lang='grc' dir='ltr'>αὐτῶν</span> <span class='ocrx_word' id='word_1_534' title='bbox 2455 2633 2634 2704; x_wconf 85' lang='grc' dir='ltr'>δίκην.</span> <span class='ocrx_word' id='word_1_535' title='bbox 2675 2651 2695 2686; x_wconf 77' lang='grc' dir='ltr'><strong>ι</strong></span> <span class='ocrx_word' id='word_1_536' title='bbox 2739 2635 2832 2686; x_wconf 82' lang='grc' dir='ltr'>Ἐκ</span> <span class='ocrx_word' id='word_1_537' title='bbox 2855 2633 3110 2702; x_wconf 78' lang='grc' dir='ltr'>δευτέρου</span> <span class='ocrx_word' id='word_1_538' title='bbox 3132 2633 3302 2703; x_wconf 66' lang='grc' dir='ltr'>χωρὶς</span> <span class='ocrx_word' id='word_1_539' title='bbox 3329 2632 3666 2702; x_wconf 77' lang='grc' dir='ltr'>ἁμαρτίας.»</span> 
     </span>
    </p>
   </div>
   <div class='ocr_carea' id='block_1_72' title="bbox 2085 2723 3676 2796">
    <p class='ocr_par' dir='ltr' id='par_1_72' title="bbox 2085 2723 3676 2796">
     <span class='ocr_line' id='line_1_72' title="bbox 2085 2723 3676 2796; baseline -0.001 -19"><span class='ocrx_word' id='word_1_540' title='bbox 2085 2726 2154 2777; x_wconf 87' lang='grc' dir='ltr'><em>Ἢ</em></span> <span class='ocrx_word' id='word_1_541' title='bbox 2196 2725 2355 2778; x_wconf 82' lang='grc' dir='ltr'>τοῦτο</span> <span class='ocrx_word' id='word_1_542' title='bbox 2394 2726 2563 2793; x_wconf 83' lang='grc' dir='ltr'>λέγει,</span> <span class='ocrx_word' id='word_1_543' title='bbox 2634 2728 2716 2780; x_wconf 81' lang='grc' dir='ltr'><strong>ότι</strong></span> <span class='ocrx_word' id='word_1_544' title='bbox 2759 2726 2855 2778; x_wconf 89' lang='grc' dir='ltr'>Ἐκ</span> <span class='ocrx_word' id='word_1_545' title='bbox 2889 2724 3142 2795; x_wconf 81' lang='grc' dir='ltr'>δευτέρου</span> <span class='ocrx_word' id='word_1_546' title='bbox 3198 2724 3513 2796; x_wconf 76' lang='grc' dir='ltr'>ἐρχόμενος,</span> <span class='ocrx_word' id='word_1_547' title='bbox 3568 2723 3676 2793; x_wconf 82' lang='grc' dir='ltr'><strong>οὐχ</strong></span> 
     </span>
    </p>
   </div>
   <div class='ocr_carea' id='block_1_73' title="bbox 2081 2815 3676 2888">
    <p class='ocr_par' dir='ltr' id='par_1_73' title="bbox 2081 2815 3676 2888">
     <span class='ocr_line' id='line_1_73' title="bbox 2081 2815 3676 2888; baseline -0.001 -18"><span class='ocrx_word' id='word_1_548' title='bbox 2081 2817 2201 2888; x_wconf 79' lang='grc' dir='ltr'>ἥξει</span> <span class='ocrx_word' id='word_1_549' title='bbox 2229 2817 2391 2871; x_wconf 83' lang='grc' dir='ltr'>πάλιν</span> <span class='ocrx_word' id='word_1_550' title='bbox 2421 2819 2508 2871; x_wconf 76' lang='grc' dir='ltr'>διὰ</span> <span class='ocrx_word' id='word_1_551' title='bbox 2544 2819 2642 2882; x_wconf 77' lang='grc' dir='ltr'><strong>τὰς</strong></span> <span class='ocrx_word' id='word_1_552' title='bbox 2673 2818 2826 2888; x_wconf 81' lang='grc' dir='ltr'>ὑμῶν</span> <span class='ocrx_word' id='word_1_553' title='bbox 2855 2817 3136 2888; x_wconf 84' lang='grc' dir='ltr'>ἁμαρτίας</span> <span class='ocrx_word' id='word_1_554' title='bbox 3167 2816 3400 2886; x_wconf 77' lang='grc' dir='ltr'>ὀφείλων</span> <span class='ocrx_word' id='word_1_555' title='bbox 3452 2815 3676 2869; x_wconf 77' lang='grc' dir='ltr'>ἀποθα-</span> 
     </span>
    </p>
   </div>
   <div class='ocr_carea' id='block_1_74' title="bbox 2089 2908 3680 2979">
    <p class='ocr_par' dir='ltr' id='par_1_74' title="bbox 2089 2908 3680 2979">
     <span class='ocr_line' id='line_1_74' title="bbox 2089 2908 3680 2979; baseline -0.003 -17"><span class='ocrx_word' id='word_1_556' title='bbox 2089 2911 2201 2962; x_wconf 88' lang='grc' dir='ltr'>νεῖν</span> <span class='ocrx_word' id='word_1_557' title='bbox 2232 2925 2247 2938; x_wconf 84' lang='lat'>&#39;</span> <span class='ocrx_word' id='word_1_558' title='bbox 2286 2909 2340 2979; x_wconf 82' lang='grc' dir='ltr'>ἢ,</span> <span class='ocrx_word' id='word_1_559' title='bbox 2377 2909 2458 2962; x_wconf 80' lang='grc' dir='ltr'>ὅτι</span> <span class='ocrx_word' id='word_1_560' title='bbox 2495 2910 2692 2964; x_wconf 67' lang='grc' dir='ltr'>Οὐκέτι</span> <span class='ocrx_word' id='word_1_561' title='bbox 2723 2909 2948 2979; x_wconf 73' lang='grc' dir='ltr'>ῥύσεται</span> <span class='ocrx_word' id='word_1_562' title='bbox 3009 2909 3152 2976; x_wconf 84' lang='grc' dir='ltr'>ὑμᾶς</span> <span class='ocrx_word' id='word_1_563' title='bbox 3209 2909 3326 2961; x_wconf 85' lang='grc' dir='ltr'>τότε</span> <span class='ocrx_word' id='word_1_564' title='bbox 3381 2908 3680 2977; x_wconf 82' lang='grc' dir='ltr'>ἁμαρτιῶν</span> 
     </span>
    </p>
   </div>
   <div class='ocr_carea' id='block_1_75' title="bbox 2085 3000 3676 3073">
    <p class='ocr_par' dir='ltr' id='par_1_75' title="bbox 2085 3000 3676 3073">
     <span class='ocr_line' id='line_1_75' title="bbox 2085 3000 3676 3073; baseline -0.001 -18"><span class='ocrx_word' id='word_1_565' title='bbox 2085 3001 2273 3072; x_wconf 84' lang='grc' dir='ltr'>ὥσπερ</span> <span class='ocrx_word' id='word_1_566' title='bbox 2295 3004 2388 3056; x_wconf 72' lang='grc' dir='ltr'>καὶ</span> <span class='ocrx_word' id='word_1_567' title='bbox 2411 3001 2506 3054; x_wconf 75' lang='grc' dir='ltr'>νῦν</span> <span class='ocrx_word' id='word_1_568' title='bbox 2529 3003 2778 3073; x_wconf 76' lang='grc' dir='ltr'>ἀφαιρῶν</span> <span class='ocrx_word' id='word_1_569' title='bbox 2805 3002 2993 3064; x_wconf 80' lang='grc' dir='ltr'>αὑτάς·</span> <span class='ocrx_word' id='word_1_570' title='bbox 3022 3001 3082 3071; x_wconf 82' lang='grc' dir='ltr'>ἢ,</span> <span class='ocrx_word' id='word_1_571' title='bbox 3108 3001 3188 3054; x_wconf 85' lang='grc' dir='ltr'>ὅτι</span> <span class='ocrx_word' id='word_1_572' title='bbox 3215 3001 3326 3070; x_wconf 78' lang='grc' dir='ltr'><strong>Οὐχ</strong></span> <span class='ocrx_word' id='word_1_573' title='bbox 3354 3000 3676 3072; x_wconf 82' lang='grc' dir='ltr'>ἁμαρτήσει</span> 
     </span>
    </p>
   </div>
   <div class='ocr_carea' id='block_1_76' title="bbox 2085 3090 3671 3161">
    <p class='ocr_par' dir='ltr' id='par_1_76' title="bbox 2085 3090 3671 3161">
     <span class='ocr_line' id='line_1_76' title="bbox 2085 3090 3671 3161; baseline -0.003 -14"><span class='ocrx_word' id='word_1_574' title='bbox 2085 3093 2332 3157; x_wconf 81' lang='grc' dir='ltr'>κολάζων</span> <span class='ocrx_word' id='word_1_575' title='bbox 2356 3094 2482 3156; x_wconf 77' lang='grc' dir='ltr'>τοὺς</span> <span class='ocrx_word' id='word_1_576' title='bbox 2509 3093 2714 3155; x_wconf 80' lang='grc' dir='ltr'>αἰτίους</span> <span class='ocrx_word' id='word_1_577' title='bbox 2752 3093 2845 3145; x_wconf 74' lang='grc' dir='ltr'><strong>καὶ</strong></span> <span class='ocrx_word' id='word_1_578' title='bbox 2870 3093 3108 3161; x_wconf 77' lang='grc' dir='ltr'>ἐνόχους,</span> <span class='ocrx_word' id='word_1_579' title='bbox 3164 3091 3255 3144; x_wconf 85' lang='grc' dir='ltr'><strong>διά</strong></span> <span class='ocrx_word' id='word_1_580' title='bbox 3289 3090 3351 3144; x_wconf 83' lang='grc' dir='ltr'>τὸ</span> <span class='ocrx_word' id='word_1_581' title='bbox 3409 3107 3671 3157; x_wconf 77' lang='grc' dir='ltr'>σταυρω-</span> 
     </span>
    </p>
   </div>
   <div class='ocr_carea' id='block_1_77' title="bbox 2086 3180 3676 3256">
    <p class='ocr_par' dir='ltr' id='par_1_77' title="bbox 2086 3180 3676 3256">
     <span class='ocr_line' id='line_1_77' title="bbox 2086 3180 3676 3256; baseline 0 -20"><span class='ocrx_word' id='word_1_582' title='bbox 2086 3184 2244 3254; x_wconf 75' lang='grc' dir='ltr'>θῆναι</span> <span class='ocrx_word' id='word_1_583' title='bbox 2295 3184 2435 3256; x_wconf 80' lang='grc' dir='ltr'>ὑπὲρ</span> <span class='ocrx_word' id='word_1_584' title='bbox 2460 3185 2636 3254; x_wconf 82' lang='grc' dir='ltr'>ἡμῶν.</span> <span class='ocrx_word' id='word_1_585' title='bbox 2667 3181 3016 3255; x_wconf 73' lang='grc' dir='ltr'><strong>[ΟΙΚοΥΜ.]</strong></span> <span class='ocrx_word' id='word_1_586' title='bbox 3065 3182 3180 3235; x_wconf 82' lang='grc' dir='ltr'><strong>Νῦν</strong></span> <span class='ocrx_word' id='word_1_587' title='bbox 3235 3181 3344 3252; x_wconf 79' lang='grc' dir='ltr'><strong>γὰρ</strong></span> <span class='ocrx_word' id='word_1_588' title='bbox 3395 3180 3676 3252; x_wconf 80' lang='grc' dir='ltr'>ἁμαρτίαν</span> 
     </span>
    </p>
   </div>
   <div class='ocr_carea' id='block_1_78' title="bbox 2089 3271 3676 3348">
    <p class='ocr_par' dir='ltr' id='par_1_78' title="bbox 2089 3271 3676 3348">
     <span class='ocr_line' id='line_1_78' title="bbox 2089 3271 3676 3348; baseline 0 -20"><span class='ocrx_word' id='word_1_589' title='bbox 2089 3278 2322 3346; x_wconf 86' lang='grc' dir='ltr'>ποιήσας</span> <span class='ocrx_word' id='word_1_590' title='bbox 2354 3277 2515 3330; x_wconf 79' lang='grc' dir='ltr'>αὑτὸν</span> <span class='ocrx_word' id='word_1_591' title='bbox 2546 3280 2574 3331; x_wconf 90' lang='lat'><strong>6</strong></span> <span class='ocrx_word' id='word_1_592' title='bbox 2604 3277 2795 3348; x_wconf 84' lang='grc' dir='ltr'>Πατὴρ</span> <span class='ocrx_word' id='word_1_593' title='bbox 2818 3276 3053 3347; x_wconf 74' lang='grc' dir='ltr'>ἔπεμψε.</span> <span class='ocrx_word' id='word_1_594' title='bbox 3106 3276 3218 3328; x_wconf 76' lang='grc' dir='ltr'><strong>Καὶ</strong></span> <span class='ocrx_word' id='word_1_595' title='bbox 3243 3276 3353 3346; x_wconf 79' lang='grc' dir='ltr'>γὰρ</span> <span class='ocrx_word' id='word_1_596' title='bbox 3373 3271 3440 3346; x_wconf 78' lang='grc' dir='ltr'>ἦν</span> <span class='ocrx_word' id='word_1_597' title='bbox 3463 3274 3676 3344; x_wconf 83' lang='grc' dir='ltr'>σφόδρα</span> 
     </span>
    </p>
   </div>
   <div class='ocr_carea' id='block_1_79' title="bbox 2088 3367 3677 3440">
    <p class='ocr_par' dir='ltr' id='par_1_79' title="bbox 2088 3367 3677 3440">
     <span class='ocr_line' id='line_1_79' title="bbox 2088 3367 3677 3440; baseline -0.003 -18"><span class='ocrx_word' id='word_1_598' title='bbox 2088 3369 2404 3440; x_wconf 73' lang='grc' dir='ltr'>ἁμαρτωλὸς</span> <span class='ocrx_word' id='word_1_599' title='bbox 2461 3372 2488 3422; x_wconf 92' lang='grc' dir='ltr'>ὁ</span> <span class='ocrx_word' id='word_1_600' title='bbox 2541 3369 2798 3438; x_wconf 82' lang='grc' dir='ltr'>Χριστὸς,</span> <span class='ocrx_word' id='word_1_601' title='bbox 2848 3368 2924 3432; x_wconf 85' lang='grc' dir='ltr'>ὡς</span> <span class='ocrx_word' id='word_1_602' title='bbox 2955 3368 3053 3431; x_wconf 81' lang='grc' dir='ltr'>τὰς</span> <span class='ocrx_word' id='word_1_603' title='bbox 3090 3367 3184 3420; x_wconf 84' lang='grc' dir='ltr'>τοῦ</span> <span class='ocrx_word' id='word_1_604' title='bbox 3236 3367 3436 3428; x_wconf 82' lang='grc' dir='ltr'>παντὸς</span> <span class='ocrx_word' id='word_1_605' title='bbox 3461 3367 3677 3434; x_wconf 85' lang='grc' dir='ltr'>κόσμου</span> 
     </span>
    </p>
   </div>
   <div class='ocr_carea' id='block_1_80' title="bbox 2087 3456 3676 3528">
    <p class='ocr_par' dir='ltr' id='par_1_80' title="bbox 2087 3456 3676 3528">
     <span class='ocr_line' id='line_1_80' title="bbox 2087 3456 3676 3528; baseline -0.004 -15"><span class='ocrx_word' id='word_1_606' title='bbox 2087 3458 2376 3513; x_wconf 79' lang='grc' dir='ltr'>ἀναλαϐὼν</span> <span class='ocrx_word' id='word_1_607' title='bbox 2430 3461 2520 3511; x_wconf 69' lang='grc' dir='ltr'>καὶ</span> <span class='ocrx_word' id='word_1_608' title='bbox 2557 3460 2981 3528; x_wconf 78' lang='grc' dir='ltr'>οίκειωσάμενος</span> <span class='ocrx_word' id='word_1_609' title='bbox 3022 3459 3319 3528; x_wconf 85' lang='grc' dir='ltr'>ἁμαρτίας.</span> <span class='ocrx_word' id='word_1_610' title='bbox 3361 3457 3522 3510; x_wconf 83' lang='grc' dir='ltr'>Ἀλλά</span> <span class='ocrx_word' id='word_1_611' title='bbox 3569 3456 3676 3526; x_wconf 78' lang='grc' dir='ltr'><strong>τὴν</strong></span> 
     </span>
    </p>
   </div>
   <div class='ocr_carea' id='block_1_81' title="bbox 2085 3547 3678 3620">
    <p class='ocr_par' dir='ltr' id='par_1_81' title="bbox 2085 3547 3678 3620">
     <span class='ocr_line' id='line_1_81' title="bbox 2085 3547 3678 3620; baseline -0.002 -17"><span class='ocrx_word' id='word_1_612' title='bbox 2085 3554 2218 3620; x_wconf 82' lang='grc' dir='ltr'>ἡμῖν</span> <span class='ocrx_word' id='word_1_613' title='bbox 2245 3552 2358 3614; x_wconf 85' lang='grc' dir='ltr'>τοῖς</span> <span class='ocrx_word' id='word_1_614' title='bbox 2384 3551 2726 3620; x_wconf 74' lang='grc' dir='ltr'>ἁμαρτωλοῖς</span> <span class='ocrx_word' id='word_1_615' title='bbox 2780 3551 3166 3620; x_wconf 78' lang='grc' dir='ltr'>προσήκουσαν</span> <span class='ocrx_word' id='word_1_616' title='bbox 3194 3550 3288 3603; x_wconf 61' lang='grc' dir='ltr'><strong>καὶ⁸</strong></span> <span class='ocrx_word' id='word_1_617' title='bbox 3313 3547 3678 3618; x_wconf 72' lang='grc' dir='ltr'>ὀφειλομένην</span> 
     </span>
    </p>
   </div>
   <div class='ocr_carea' id='block_1_82' title="bbox 2086 3641 3674 3713">
    <p class='ocr_par' dir='ltr' id='par_1_82' title="bbox 2086 3641 3674 3713">
     <span class='ocr_line' id='line_1_82' title="bbox 2086 3641 3674 3713; baseline -0.002 -17"><span class='ocrx_word' id='word_1_618' title='bbox 2086 3643 2242 3712; x_wconf 81' lang='grc' dir='ltr'>δίκην</span> <span class='ocrx_word' id='word_1_619' title='bbox 2263 3643 2437 3706; x_wconf 78' lang='grc' dir='ltr'>διδοὺς</span> <span class='ocrx_word' id='word_1_620' title='bbox 2463 3643 2550 3696; x_wconf 76' lang='grc' dir='ltr'><strong>διὰ</strong></span> <span class='ocrx_word' id='word_1_621' title='bbox 2583 3645 2679 3696; x_wconf 75' lang='grc' dir='ltr'>τοῦ</span> <span class='ocrx_word' id='word_1_622' title='bbox 2723 3643 2980 3713; x_wconf 78' lang='grc' dir='ltr'>σταυροῦ,</span> <span class='ocrx_word' id='word_1_623' title='bbox 3015 3642 3201 3696; x_wconf 70' lang='grc' dir='ltr'>λοιπὸν</span> <span class='ocrx_word' id='word_1_624' title='bbox 3238 3642 3374 3712; x_wconf 77' lang='grc' dir='ltr'>μετὰ</span> <span class='ocrx_word' id='word_1_625' title='bbox 3409 3641 3512 3710; x_wconf 66' lang='grc' dir='ltr'>τῆς</span> <span class='ocrx_word' id='word_1_626' title='bbox 3546 3642 3674 3693; x_wconf 88' lang='grc' dir='ltr'><strong>Πα-</strong></span> 
     </span>
    </p>
   </div>
   <div class='ocr_carea' id='block_1_83' title="bbox 2086 3733 3676 3805">
    <p class='ocr_par' dir='ltr' id='par_1_83' title="bbox 2086 3733 3676 3805">
     <span class='ocr_line' id='line_1_83' title="bbox 2086 3733 3676 3805; baseline 0 -20"><span class='ocrx_word' id='word_1_627' title='bbox 2086 3735 2268 3805; x_wconf 82' lang='grc' dir='ltr'>τρῴας</span> <span class='ocrx_word' id='word_1_628' title='bbox 2321 3734 2440 3803; x_wconf 69' lang='grc' dir='ltr'>ἥξει</span> <span class='ocrx_word' id='word_1_629' title='bbox 2491 3735 2674 3802; x_wconf 76' lang='grc' dir='ltr'>δόξης,</span> <span class='ocrx_word' id='word_1_630' title='bbox 2726 3737 2912 3788; x_wconf 75' lang='grc' dir='ltr'>οὐκέτι</span> <span class='ocrx_word' id='word_1_631' title='bbox 2955 3734 3031 3797; x_wconf 83' lang='grc' dir='ltr'>ὡς</span> <span class='ocrx_word' id='word_1_632' title='bbox 3057 3733 3387 3805; x_wconf 83' lang='grc' dir='ltr'>ἁμαρτωλὸς</span> <span class='ocrx_word' id='word_1_633' title='bbox 3411 3735 3507 3786; x_wconf 69' lang='grc' dir='ltr'>καὶ</span> <span class='ocrx_word' id='word_1_634' title='bbox 3534 3734 3676 3803; x_wconf 75' lang='grc' dir='ltr'>μετὰ</span> 
     </span>
    </p>
   </div>
   <div class='ocr_carea' id='block_1_84' title="bbox 2083 3825 3675 3898">
    <p class='ocr_par' dir='ltr' id='par_1_84' title="bbox 2083 3825 3675 3898">
     <span class='ocr_line' id='line_1_84' title="bbox 2083 3825 3675 3898; baseline 0 -20"><span class='ocrx_word' id='word_1_635' title='bbox 2083 3825 2303 3896; x_wconf 77' lang='grc' dir='ltr'>ἀνόμων</span> <span class='ocrx_word' id='word_1_636' title='bbox 2353 3826 2871 3895; x_wconf 80' lang='grc' dir='ltr'>καταλογιζόμενος.</span> <span class='ocrx_word' id='word_1_637' title='bbox 2929 3827 3054 3879; x_wconf 82' lang='grc' dir='ltr'>Ὅτι</span> <span class='ocrx_word' id='word_1_638' title='bbox 3103 3827 3213 3898; x_wconf 76' lang='grc' dir='ltr'><strong>γὰρ</strong></span> <span class='ocrx_word' id='word_1_639' title='bbox 3260 3825 3588 3895; x_wconf 76' lang='grc' dir='ltr'>ἁμαρτωλὸς</span> <span class='ocrx_word' id='word_1_640' title='bbox 3645 3827 3675 3878; x_wconf 88' lang='grc' dir='ltr'>ὁ</span> 
     </span>
    </p>
   </div>
   <div class='ocr_carea' id='block_1_85' title="bbox 2082 3917 3677 3989">
    <p class='ocr_par' dir='ltr' id='par_1_85' title="bbox 2082 3917 3677 3989">
     <span class='ocr_line' id='line_1_85' title="bbox 2082 3917 3677 3989; baseline -0.001 -19"><span class='ocrx_word' id='word_1_641' title='bbox 2082 3918 2337 3987; x_wconf 74' lang='grc' dir='ltr'>Χριστὸς,</span> <span class='ocrx_word' id='word_1_642' title='bbox 2357 3917 2541 3971; x_wconf 69' lang='grc' dir='ltr'>ἄκουε.</span> <span class='ocrx_word' id='word_1_643' title='bbox 2581 3918 2684 3970; x_wconf 79' lang='grc' dir='ltr'><strong>Τὸν</strong></span> <span class='ocrx_word' id='word_1_644' title='bbox 2720 3919 2827 3989; x_wconf 73' lang='grc' dir='ltr'>γὰρ</span> <span class='ocrx_word' id='word_1_645' title='bbox 2876 3918 2950 3988; x_wconf 82' lang='grc' dir='ltr'>μὴ</span> <span class='ocrx_word' id='word_1_646' title='bbox 2978 3918 3196 3985; x_wconf 80' lang='grc' dir='ltr'>γνόντα,</span> <span class='ocrx_word' id='word_1_647' title='bbox 3243 3917 3428 3988; x_wconf 74' lang='grc' dir='ltr'>φησὶν,</span> <span class='ocrx_word' id='word_1_648' title='bbox 3492 3917 3677 3986; x_wconf 83' lang='grc' dir='ltr'>ἀμαρ-</span> 
     </span>
    </p>
   </div>
   <div class='ocr_carea' id='block_1_86' title="bbox 2082 4002 3679 4081">
    <p class='ocr_par' dir='ltr' id='par_1_86' title="bbox 2082 4002 3679 4081">
     <span class='ocr_line' id='line_1_86' title="bbox 2082 4002 3679 4081; baseline -0.001 -19"><span class='ocrx_word' id='word_1_649' title='bbox 2082 4009 2224 4072; x_wconf 84' lang='grc' dir='ltr'>τίαν,</span> <span class='ocrx_word' id='word_1_650' title='bbox 2254 4009 2394 4079; x_wconf 82' lang='grc' dir='ltr'>ὑπὲρ</span> <span class='ocrx_word' id='word_1_651' title='bbox 2421 4011 2576 4079; x_wconf 83' lang='grc' dir='ltr'>ἡμῶν</span> <span class='ocrx_word' id='word_1_652' title='bbox 2606 4009 2883 4081; x_wconf 79' lang='grc' dir='ltr'>ἁμαρτίαν</span> <span class='ocrx_word' id='word_1_653' title='bbox 2915 4009 3190 4079; x_wconf 73' lang='grc' dir='ltr'>ἐποίησεν,</span> <span class='ocrx_word' id='word_1_654' title='bbox 3210 4002 3323 4061; x_wconf 80' lang='grc' dir='ltr'>οἷον</span> <span class='ocrx_word' id='word_1_655' title='bbox 3343 4008 3679 4077; x_wconf 78' lang='grc' dir='ltr'>αὐτόχρημα</span> 
     </span>
    </p>
   </div>
   <div class='ocr_carea' id='block_1_87' title="bbox 2086 4103 2391 4172">
    <p class='ocr_par' dir='ltr' id='par_1_87' title="bbox 2086 4103 2391 4172">
     <span class='ocr_line' id='line_1_87' title="bbox 2086 4103 2391 4172; baseline 0 -16"><span class='ocrx_word' id='word_1_656' title='bbox 2086 4103 2203 4172; x_wconf 87' lang='grc' dir='ltr'><strong>ἀμα</strong></span> <span class='ocrx_word' id='word_1_657' title='bbox 2214 4103 2391 4172; x_wconf 88' lang='grc' dir='ltr'>ρτίαν.</span> 
     </span>
    </p>
   </div>
   <div class='ocr_carea' id='block_1_88' title="bbox 2154 4281 3677 4354">
    <p class='ocr_par' dir='ltr' id='par_1_88' title="bbox 2154 4281 3677 4354">
     <span class='ocr_line' id='line_1_88' title="bbox 2154 4281 3677 4354; baseline -0.004 -14"><span class='ocrx_word' id='word_1_658' title='bbox 2154 4285 2337 4340; x_wconf 78' lang='grc' dir='ltr'>Σκιὰν</span> <span class='ocrx_word' id='word_1_659' title='bbox 2384 4288 2494 4354; x_wconf 78' lang='grc' dir='ltr'>γὰρ</span> <span class='ocrx_word' id='word_1_660' title='bbox 2537 4285 2694 4352; x_wconf 71' lang='grc' dir='ltr'>ἔχων</span> <span class='ocrx_word' id='word_1_661' title='bbox 2733 4286 2765 4338; x_wconf 85' lang='grc' dir='ltr'><strong>ό</strong></span> <span class='ocrx_word' id='word_1_662' title='bbox 2795 4285 2982 4351; x_wconf 80' lang='grc' dir='ltr'>νόμος</span> <span class='ocrx_word' id='word_1_663' title='bbox 3011 4281 3131 4334; x_wconf 82' lang='grc' dir='ltr'>τῶν</span> <span class='ocrx_word' id='word_1_664' title='bbox 3147 4283 3504 4350; x_wconf 67' lang='grc' dir='ltr'>μελλόντων</span> <span class='ocrx_word' id='word_1_665' title='bbox 3524 4281 3677 4351; x_wconf 75' lang='grc' dir='ltr'>ἀγα·</span> 
     </span>
    </p>
   </div>
   <div class='ocr_carea' id='block_1_89' title="bbox 2085 4374 3680 4446">
    <p class='ocr_par' dir='ltr' id='par_1_89' title="bbox 2085 4374 3680 4446">
     <span class='ocr_line' id='line_1_89' title="bbox 2085 4374 3680 4446; baseline -0.004 -11"><span class='ocrx_word' id='word_1_666' title='bbox 2085 4380 2223 4444; x_wconf 83' lang='grc' dir='ltr'>θῶν,</span> <span class='ocrx_word' id='word_1_667' title='bbox 2256 4382 2366 4434; x_wconf 75' lang='grc' dir='ltr'>οὐκ</span> <span class='ocrx_word' id='word_1_668' title='bbox 2395 4377 2592 4445; x_wconf 74' lang='grc' dir='ltr'>αὐτὴν</span> <span class='ocrx_word' id='word_1_669' title='bbox 2627 4377 2741 4446; x_wconf 75' lang='grc' dir='ltr'>τὴν</span> <span class='ocrx_word' id='word_1_670' title='bbox 2768 4379 2977 4431; x_wconf 73' lang='grc' dir='ltr'>εἰκόνα</span> <span class='ocrx_word' id='word_1_671' title='bbox 3009 4375 3128 4430; x_wconf 81' lang='grc' dir='ltr'>τῶν</span> <span class='ocrx_word' id='word_1_672' title='bbox 3142 4374 3522 4445; x_wconf 80' lang='grc' dir='ltr'>πραγμάτων,</span> <span class='ocrx_word' id='word_1_673' title='bbox 3545 4375 3680 4429; x_wconf 80' lang='grc' dir='ltr'>κατ’</span> 
     </span>
    </p>
   </div>
   <div class='ocr_carea' id='block_1_90' title="bbox 2081 4467 3684 4545">
    <p class='ocr_par' dir='ltr' id='par_1_90' title="bbox 2081 4467 3684 4545">
     <span class='ocr_line' id='line_1_90' title="bbox 2081 4467 3684 4545; baseline -0.004 -17"><span class='ocrx_word' id='word_1_674' title='bbox 2081 4475 2362 4528; x_wconf 71' lang='grc' dir='ltr'>ἐνιαυτὸν</span> <span class='ocrx_word' id='word_1_675' title='bbox 2386 4471 2514 4538; x_wconf 81' lang='grc' dir='ltr'>ταῖς</span> <span class='ocrx_word' id='word_1_676' title='bbox 2544 4471 2750 4536; x_wconf 82' lang='grc' dir='ltr'>αὑταῖς</span> <span class='ocrx_word' id='word_1_677' title='bbox 2787 4471 3027 4534; x_wconf 62' lang='grc' dir='ltr'>θυσίαις</span> <span class='ocrx_word' id='word_1_678' title='bbox 3087 4467 3162 4534; x_wconf 75' lang='grc' dir='ltr'>ἃς</span> <span class='ocrx_word' id='word_1_679' title='bbox 3212 4469 3684 4545; x_wconf 62' lang='grc' dir='ltr'>προσφέρουσιν</span> 
     </span>
    </p>
   </div>
   <div class='ocr_carea' id='block_1_91' title="bbox 396 4560 1977 4652">
    <p class='ocr_par' dir='ltr' id='par_1_91' title="bbox 396 4561 1977 4634">
     <span class='ocr_line' id='line_1_91' title="bbox 396 4561 1977 4634; baseline 0.006 -22"><span class='ocrx_word' id='word_1_680' title='bbox 396 4569 564 4629; x_wconf 81' lang='lat' dir='ltr'><strong>potest</strong></span> <span class='ocrx_word' id='word_1_681' title='bbox 581 4561 882 4616; x_wconf 75' lang='lat' dir='ltr'><strong>accedentes</strong></span> <span class='ocrx_word' id='word_1_682' title='bbox 904 4563 1161 4629; x_wconf 76' lang='lat' dir='ltr'><strong>perfectos</strong></span> <span class='ocrx_word' id='word_1_683' title='bbox 1191 4563 1426 4617; x_wconf 83' lang='lat' dir='ltr'><strong>reddere.</strong></span> <span class='ocrx_word' id='word_1_684' title='bbox 1447 4565 1661 4634; x_wconf 78' lang='lat' dir='ltr'><strong>Alioqui</strong></span> <span class='ocrx_word' id='word_1_685' title='bbox 1686 4581 1856 4620; x_wconf 85' lang='lat' dir='ltr'><strong>nonne</strong></span> <span class='ocrx_word' id='word_1_686' title='bbox 1881 4567 1977 4622; x_wconf 88' lang='lat' dir='ltr'><strong>de-</strong></span> 
     </span>
    </p>
   </div>
   <div class='ocr_carea' id='block_1_92' title="bbox 2086 4560 3678 4652">
    <p class='ocr_par' dir='ltr' id='par_1_92' title="bbox 2086 4560 3678 4632">
     <span class='ocr_line' id='line_1_92' title="bbox 2086 4560 3678 4632; baseline -0.006 -13"><span class='ocrx_word' id='word_1_687' title='bbox 2086 4567 2171 4632; x_wconf 77' lang='grc' dir='ltr'><strong>είς</strong></span> <span class='ocrx_word' id='word_1_688' title='bbox 2199 4565 2264 4618; x_wconf 83' lang='grc' dir='ltr'>τὸ</span> <span class='ocrx_word' id='word_1_689' title='bbox 2287 4563 2580 4631; x_wconf 81' lang='grc' dir='ltr'>διηνεκὲς,</span> <span class='ocrx_word' id='word_1_690' title='bbox 2612 4561 2902 4616; x_wconf 79' lang='grc' dir='ltr'>οὐδέποτε</span> <span class='ocrx_word' id='word_1_691' title='bbox 2923 4561 3214 4614; x_wconf 82' lang='grc' dir='ltr'>δύνανται</span> <span class='ocrx_word' id='word_1_692' title='bbox 3244 4560 3387 4623; x_wconf 81' lang='grc' dir='ltr'>τοὺς</span> <span class='ocrx_word' id='word_1_693' title='bbox 3414 4574 3678 4624; x_wconf 71' lang='grc' dir='ltr'>προσερο</span> 
     </span>
    </p>
   </div>
   <div class='ocr_carea' id='block_1_93' title="bbox 320 4657 1983 4738">
    <p class='ocr_par' dir='ltr' id='par_1_93' title="bbox 320 4657 1983 4738">
     <span class='ocr_line' id='line_1_93' title="bbox 320 4657 1983 4738; baseline 0.004 -30"><span class='ocrx_word' id='word_1_694' title='bbox 320 4733 325 4738; x_wconf 69' lang='lat'><strong>_</strong></span> <span class='ocrx_word' id='word_1_695' title='bbox 396 4657 609 4711; x_wconf 78' lang='lat' dir='ltr'><strong>siissent</strong></span> <span class='ocrx_word' id='word_1_696' title='bbox 642 4658 826 4726; x_wconf 74' lang='lat' dir='ltr'><strong>offerri</strong></span> <span class='ocrx_word' id='word_1_697' title='bbox 855 4669 1130 4728; x_wconf 72' lang='lat' dir='ltr'><strong>propterea</strong></span> <span class='ocrx_word' id='word_1_698' title='bbox 1145 4660 1285 4728; x_wconf 85' lang='lat' dir='ltr'><strong>quod</strong></span> <span class='ocrx_word' id='word_1_699' title='bbox 1299 4659 1416 4728; x_wconf 87' lang='lat' dir='ltr'><strong>jam</strong></span> <span class='ocrx_word' id='word_1_700' title='bbox 1445 4659 1645 4713; x_wconf 84' lang='lat' dir='ltr'><strong>nullam</strong></span> <span class='ocrx_word' id='word_1_701' title='bbox 1679 4660 1983 4715; x_wconf 75' lang='lat' dir='ltr'><strong>habuissent</strong></span> 
     </span>
    </p>
   </div>
   <div class='ocr_carea' id='block_1_94' title="bbox 399 4750 1991 4821">
    <p class='ocr_par' dir='ltr' id='par_1_94' title="bbox 399 4750 1991 4821">
     <span class='ocr_line' id='line_1_94' title="bbox 399 4750 1991 4821; baseline 0.003 -19"><span class='ocrx_word' id='word_1_702' title='bbox 399 4750 778 4804; x_wconf 84' lang='lat' dir='ltr'><strong>conscientiam</strong></span> <span class='ocrx_word' id='word_1_703' title='bbox 805 4763 1143 4817; x_wconf 85' lang='lat' dir='ltr'><strong>peccatorum</strong></span> <span class='ocrx_word' id='word_1_704' title='bbox 1192 4754 1282 4821; x_wconf 86' lang='lat' dir='ltr'><strong>qui</strong></span> <span class='ocrx_word' id='word_1_705' title='bbox 1309 4751 1708 4817; x_wconf 82' lang='lat' dir='ltr'><strong>sacriﬁcasscnt</strong></span> <span class='ocrx_word' id='word_1_706' title='bbox 1736 4768 1799 4805; x_wconf 84' lang='lat' dir='ltr'><strong>ac</strong></span> <span class='ocrx_word' id='word_1_707' title='bbox 1829 4755 1991 4807; x_wconf 79' lang='lat' dir='ltr'><strong>semel</strong></span> 
     </span>
    </p>
   </div>
   <div class='ocr_carea' id='block_1_95' title="bbox 396 4843 1990 4915">
    <p class='ocr_par' dir='ltr' id='par_1_95' title="bbox 396 4843 1990 4915">
     <span class='ocr_line' id='line_1_95' title="bbox 396 4843 1990 4915; baseline 0.003 -20"><span class='ocrx_word' id='word_1_708' title='bbox 396 4843 612 4912; x_wconf 79' lang='lat' dir='ltr'><strong>purgati</strong></span> <span class='ocrx_word' id='word_1_709' title='bbox 661 4845 890 4899; x_wconf 78' lang='lat' dir='ltr'><strong>essent?</strong></span> <span class='ocrx_word' id='word_1_710' title='bbox 945 4845 1104 4915; x_wconf 80' lang='lat' dir='ltr'><strong>Atqui</strong></span> <span class='ocrx_word' id='word_1_711' title='bbox 1154 4845 1208 4897; x_wconf 89' lang='lat' dir='ltr'><strong>in</strong></span> <span class='ocrx_word' id='word_1_712' title='bbox 1264 4845 1382 4897; x_wconf 82' lang='lat' dir='ltr'><strong>istis</strong></span> <span class='ocrx_word' id='word_1_713' title='bbox 1439 4847 1865 4899; x_wconf 86' lang='lat' dir='ltr'><strong>commemoratio</strong></span> <span class='ocrx_word' id='word_1_714' title='bbox 1929 4849 1990 4914; x_wconf 82' lang='lat' dir='ltr'><strong>ﬁt</strong></span> 
     </span>
    </p>
   </div>
   <div class='ocr_carea' id='block_1_96' title="bbox 396 4935 1986 5009">
    <p class='ocr_par' dir='ltr' id='par_1_96' title="bbox 396 4935 1986 5009">
     <span class='ocr_line' id='line_1_96' title="bbox 396 4935 1986 5009; baseline 0.003 -19"><span class='ocrx_word' id='word_1_715' title='bbox 396 4943 730 5002; x_wconf 74' lang='lat' dir='ltr'><strong>peccatorum</strong></span> <span class='ocrx_word' id='word_1_716' title='bbox 763 4939 1065 5004; x_wconf 87' lang='lat' dir='ltr'><strong>quotannis.</strong></span> <span class='ocrx_word' id='word_1_717' title='bbox 1104 4935 1228 4990; x_wconf 83' lang='lat' dir='ltr'><strong>Non</strong></span> <span class='ocrx_word' id='word_1_718' title='bbox 1261 4937 1399 4990; x_wconf 83' lang='lat' dir='ltr'><strong>enim</strong></span> <span class='ocrx_word' id='word_1_719' title='bbox 1433 4947 1601 5006; x_wconf 79' lang='lat' dir='ltr'><strong>potest</strong></span> <span class='ocrx_word' id='word_1_720' title='bbox 1625 4941 1846 5009; x_wconf 87' lang='lat' dir='ltr'><strong>sanguis</strong></span> <span class='ocrx_word' id='word_1_721' title='bbox 1869 4950 1986 4994; x_wconf 88' lang='lat' dir='ltr'><strong>tau-</strong></span> 
     </span>
    </p>
   </div>
   <div class='ocr_carea' id='block_1_97' title="bbox 398 5020 1462 5099">
    <p class='ocr_par' dir='ltr' id='par_1_97' title="bbox 398 5020 1462 5099">
     <span class='ocr_line' id='line_1_97' title="bbox 398 5020 1462 5099; baseline 0.003 -19"><span class='ocrx_word' id='word_1_722' title='bbox 398 5044 579 5083; x_wconf 85' lang='lat' dir='ltr'><strong>rorum</strong></span> <span class='ocrx_word' id='word_1_723' title='bbox 603 5020 656 5082; x_wconf 83' lang='lat' dir='ltr'><strong>et</strong></span> <span class='ocrx_word' id='word_1_724' title='bbox 681 5029 946 5082; x_wconf 81' lang='lat' dir='ltr'><strong>hircorum</strong></span> <span class='ocrx_word' id='word_1_725' title='bbox 986 5030 1196 5099; x_wconf 70' lang='lat' dir='ltr'><strong>auferre</strong></span> <span class='ocrx_word' id='word_1_726' title='bbox 1220 5041 1462 5098; x_wconf 84' lang='lat' dir='ltr'><strong>peccata.</strong></span> 
     </span>
    </p>
   </div>
   <div class='ocr_carea' id='block_1_98' title="bbox 473 5209 1982 5285">
    <p class='ocr_par' dir='ltr' id='par_1_98' title="bbox 473 5209 1982 5285">
     <span class='ocr_line' id='line_1_98' title="bbox 473 5209 1982 5285; baseline 0.006 -24"><span class='ocrx_word' id='word_1_727' title='bbox 473 5228 492 5261; x_wconf 77' lang='grc' dir='ltr'><strong>ι</strong></span> <span class='ocrx_word' id='word_1_728' title='bbox 537 5209 796 5265; x_wconf 86' lang='lat' dir='ltr'><strong>Umbram</strong></span> <span class='ocrx_word' id='word_1_729' title='bbox 827 5211 1032 5266; x_wconf 86' lang='lat' dir='ltr'><strong>habens</strong></span> <span class='ocrx_word' id='word_1_730' title='bbox 1062 5211 1171 5268; x_wconf 80' lang='lat' dir='ltr'><strong>lex.</strong></span> <span class='ocrx_word' id='word_1_731' title='bbox 1215 5231 1234 5264; x_wconf 76' lang='grc' dir='ltr'><strong>ι</strong></span> <span class='ocrx_word' id='word_1_732' title='bbox 1263 5212 1474 5285; x_wconf 73' lang='lat' dir='ltr'><strong>Typum</strong></span> <span class='ocrx_word' id='word_1_733' title='bbox 1501 5213 1772 5271; x_wconf 80' lang='lat' dir='ltr'><strong>duntaxat</strong></span> <span class='ocrx_word' id='word_1_734' title='bbox 1831 5215 1982 5270; x_wconf 79' lang='lat' dir='ltr'><strong>futu-</strong></span> 
     </span>
    </p>
   </div>
   <div class='ocr_carea' id='block_1_99' title="bbox 399 5303 1987 5371">
    <p class='ocr_par' dir='ltr' id='par_1_99' title="bbox 399 5303 1987 5371">
     <span class='ocr_line' id='line_1_99' title="bbox 399 5303 1987 5371; baseline 0.006 -15"><span class='ocrx_word' id='word_1_735' title='bbox 399 5317 587 5357; x_wconf 85' lang='lat' dir='ltr'><strong>rerum</strong></span> <span class='ocrx_word' id='word_1_736' title='bbox 629 5303 924 5371; x_wconf 87' lang='lat' dir='ltr'><strong>bonorum,</strong></span> <span class='ocrx_word' id='word_1_737' title='bbox 958 5307 1084 5360; x_wconf 84' lang='lat' dir='ltr'><strong>novi</strong></span> <span class='ocrx_word' id='word_1_738' title='bbox 1114 5307 1371 5363; x_wconf 85' lang='lat' dir='ltr'><strong>videlicet</strong></span> <span class='ocrx_word' id='word_1_739' title='bbox 1429 5310 1768 5365; x_wconf 85' lang='lat' dir='ltr'><strong>testamenti.</strong></span> <span class='ocrx_word' id='word_1_740' title='bbox 1822 5310 1987 5366; x_wconf 85' lang='lat' dir='ltr'><strong>Potes</strong></span> 
     </span>
    </p>
   </div>
   <div class='ocr_carea' id='block_1_100' title="bbox 401 5396 1988 5473">
    <p class='ocr_par' dir='ltr' id='par_1_100' title="bbox 401 5396 1988 5473">
     <span class='ocr_line' id='line_1_100' title="bbox 401 5396 1988 5473; baseline 0.006 -24"><span class='ocrx_word' id='word_1_741' title='bbox 401 5404 457 5449; x_wconf 89' lang='lat' dir='ltr'><strong>ct</strong></span> <span class='ocrx_word' id='word_1_742' title='bbox 513 5396 618 5453; x_wconf 90' lang='lat' dir='ltr'><strong>hoc</strong></span> <span class='ocrx_word' id='word_1_743' title='bbox 653 5399 814 5452; x_wconf 90' lang='lat' dir='ltr'><strong>modo</strong></span> <span class='ocrx_word' id='word_1_744' title='bbox 843 5400 1164 5469; x_wconf 79' lang='lat' dir='ltr'><strong>intelligere.</strong></span> <span class='ocrx_word' id='word_1_745' title='bbox 1211 5401 1253 5453; x_wconf 87' lang='lat' dir='ltr'><strong>A</strong></span> <span class='ocrx_word' id='word_1_746' title='bbox 1291 5402 1415 5464; x_wconf 77' lang='lat' dir='ltr'><strong>divo</strong></span> <span class='ocrx_word' id='word_1_747' title='bbox 1447 5401 1710 5471; x_wconf 78' lang='lat' dir='ltr'><strong>Gregorio</strong></span> <span class='ocrx_word' id='word_1_748' title='bbox 1743 5405 1796 5458; x_wconf 93' lang='lat' dir='ltr'><strong>in</strong></span> <span class='ocrx_word' id='word_1_749' title='bbox 1850 5406 1988 5473; x_wconf 81' lang='lat' dir='ltr'><strong>Apo-</strong></span> 
     </span>
    </p>
   </div>
   <div class='ocr_carea' id='block_1_101' title="bbox 404 5484 1988 5563">
    <p class='ocr_par' dir='ltr' id='par_1_101' title="bbox 404 5484 1988 5563">
     <span class='ocr_line' id='line_1_101' title="bbox 404 5484 1988 5563; baseline 0.008 -26"><span class='ocrx_word' id='word_1_750' title='bbox 404 5484 625 5556; x_wconf 73' lang='lat' dir='ltr'><strong>logetico</strong></span> <span class='ocrx_word' id='word_1_751' title='bbox 645 5495 700 5541; x_wconf 89' lang='lat' dir='ltr'><strong>et</strong></span> <span class='ocrx_word' id='word_1_752' title='bbox 725 5488 776 5540; x_wconf 90' lang='lat' dir='ltr'><strong>in</strong></span> <span class='ocrx_word' id='word_1_753' title='bbox 801 5485 1056 5544; x_wconf 86' lang='lat' dir='ltr'><strong>Oratione</strong></span> <span class='ocrx_word' id='word_1_754' title='bbox 1076 5492 1143 5543; x_wconf 90' lang='lat' dir='ltr'><strong>ad</strong></span> <span class='ocrx_word' id='word_1_755' title='bbox 1168 5491 1427 5558; x_wconf 85' lang='lat' dir='ltr'><strong>subditos,</strong></span> <span class='ocrx_word' id='word_1_756' title='bbox 1455 5494 1597 5547; x_wconf 86' lang='lat' dir='ltr'><strong>dicta</strong></span> <span class='ocrx_word' id='word_1_757' title='bbox 1621 5502 1751 5550; x_wconf 83' lang='lat' dir='ltr'><strong>sunt</strong></span> <span class='ocrx_word' id='word_1_758' title='bbox 1773 5509 1834 5549; x_wconf 86' lang='lat' dir='ltr'><strong>ea</strong></span> <span class='ocrx_word' id='word_1_759' title='bbox 1867 5510 1988 5563; x_wconf 66' lang='lat' dir='ltr'><strong>quae</strong></span> 
     </span>
    </p>
   </div>
   <div class='ocr_carea' id='block_1_102' title="bbox 409 5586 1985 5656">
    <p class='ocr_par' dir='ltr' id='par_1_102' title="bbox 409 5586 1985 5656">
     <span class='ocr_line' id='line_1_102' title="bbox 409 5586 1985 5656; baseline 0.008 -28"><span class='ocrx_word' id='word_1_760' title='bbox 409 5594 554 5633; x_wconf 89' lang='lat' dir='ltr'><strong>nunc</strong></span> <span class='ocrx_word' id='word_1_761' title='bbox 591 5589 831 5648; x_wconf 78' lang='lat' dir='ltr'><strong>aguntur</strong></span> <span class='ocrx_word' id='word_1_762' title='bbox 859 5595 923 5636; x_wconf 83' lang='lat' dir='ltr'><strong>ac</strong></span> <span class='ocrx_word' id='word_1_763' title='bbox 972 5591 1278 5637; x_wconf 85' lang='lat' dir='ltr'><strong>tractantur</strong></span> <span class='ocrx_word' id='word_1_764' title='bbox 1334 5586 1618 5656; x_wconf 74' lang='lat' dir='ltr'><strong>tnySteria,</strong></span> <span class='ocrx_word' id='word_1_765' title='bbox 1650 5588 1985 5655; x_wconf 77' lang='lat' dir='ltr'><strong>exemplaria</strong></span> 
     </span>
    </p>
   </div>
   <div class='ocr_carea' id='block_1_103' title="bbox 402 5673 1984 5749">
    <p class='ocr_par' dir='ltr' id='par_1_103' title="bbox 402 5673 1984 5749">
     <span class='ocr_line' id='line_1_103' title="bbox 402 5673 1984 5749; baseline 0.003 -22"><span class='ocrx_word' id='word_1_766' title='bbox 402 5687 528 5728; x_wconf 86' lang='lat' dir='ltr'><strong>esse</strong></span> <span class='ocrx_word' id='word_1_767' title='bbox 552 5673 819 5743; x_wconf 85' lang='lat' dir='ltr'><strong>majorum</strong></span> <span class='ocrx_word' id='word_1_768' title='bbox 843 5673 1002 5747; x_wconf 76' lang='lat'><strong>391</strong></span> <span class='ocrx_word' id='word_1_769' title='bbox 1057 5677 1466 5749; x_wconf 85' lang='lat' dir='ltr'><strong>mysteriorum.</strong></span> <span class='ocrx_word' id='word_1_770' title='bbox 1523 5677 1873 5747; x_wconf 81' lang='lat' dir='ltr'><strong>Rursumque</strong></span> <span class='ocrx_word' id='word_1_771' title='bbox 1931 5678 1984 5732; x_wconf 91' lang='lat' dir='ltr'><strong>in</strong></span> 
     </span>
    </p>
   </div>
   <div class='ocr_carea' id='block_1_104' title="bbox 409 5763 1985 5840">
    <p class='ocr_par' dir='ltr' id='par_1_104' title="bbox 409 5763 1985 5840">
     <span class='ocr_line' id='line_1_104' title="bbox 409 5763 1985 5840; baseline 0.004 -24"><span class='ocrx_word' id='word_1_772' title='bbox 409 5763 550 5820; x_wconf 86' lang='lat' dir='ltr'><strong>libro</strong></span> <span class='ocrx_word' id='word_1_773' title='bbox 588 5763 666 5820; x_wconf 83' lang='lat' dir='ltr'><strong>De</strong></span> <span class='ocrx_word' id='word_1_774' title='bbox 697 5770 1072 5823; x_wconf 81' lang='lat' dir='ltr'><strong>resurrectione</strong></span> <span class='ocrx_word' id='word_1_775' title='bbox 1104 5785 1122 5824; x_wconf 92' lang='lat'><strong><em>:</em></strong></span> <span class='ocrx_word' id='word_1_776' title='bbox 1159 5768 1486 5840; x_wconf 82' lang='lat' dir='ltr'><strong>Participcs,</strong></span> <span class='ocrx_word' id='word_1_777' title='bbox 1539 5769 1741 5840; x_wconf 85' lang='lat' dir='ltr'><strong>inquit.</strong></span> <span class='ocrx_word' id='word_1_778' title='bbox 1791 5783 1985 5823; x_wconf 87' lang='lat' dir='ltr'><strong>sumus</strong></span> 
     </span>
    </p>
   </div>
   <div class='ocr_carea' id='block_1_105' title="bbox 402 5854 1978 5934">
    <p class='ocr_par' dir='ltr' id='par_1_105' title="bbox 402 5854 1978 5934">
     <span class='ocr_line' id='line_1_105' title="bbox 402 5854 1978 5934; baseline 0.003 -24"><span class='ocrx_word' id='word_1_779' title='bbox 402 5854 666 5917; x_wconf 63' lang='lat' dir='ltr'><strong>Pascha:</strong></span> <span class='ocrx_word' id='word_1_780' title='bbox 699 5874 844 5916; x_wconf 90' lang='lat' dir='ltr'><strong>nunc</strong></span> <span class='ocrx_word' id='word_1_781' title='bbox 902 5860 1124 5933; x_wconf 89' lang='lat' dir='ltr'><strong>quidem</strong></span> <span class='ocrx_word' id='word_1_782' title='bbox 1182 5861 1362 5917; x_wconf 82' lang='lat' dir='ltr'><strong>adhuc</strong></span> <span class='ocrx_word' id='word_1_783' title='bbox 1394 5862 1592 5934; x_wconf 78' lang='lat' dir='ltr'><strong>typice,</strong></span> <span class='ocrx_word' id='word_1_784' title='bbox 1628 5858 1978 5930; x_wconf 87' lang='lat' dir='ltr'><strong>postmodum</strong></span> 
     </span>
    </p>
   </div>
   <div class='ocr_carea' id='block_1_106' title="bbox 2089 4654 3677 4728">
    <p class='ocr_par' dir='ltr' id='par_1_106' title="bbox 2089 4654 3677 4728">
     <span class='ocr_line' id='line_1_106' title="bbox 2089 4654 3677 4728; baseline -0.004 -16"><span class='ocrx_word' id='word_1_785' title='bbox 2089 4659 2382 4728; x_wconf 78' lang='grc' dir='ltr'>χομένους</span> <span class='ocrx_word' id='word_1_786' title='bbox 2413 4654 2745 4711; x_wconf 73' lang='grc' dir='ltr'>τελειῶσαι.</span> <span class='ocrx_word' id='word_1_787' title='bbox 2818 4654 2976 4707; x_wconf 74' lang='grc' dir='ltr'>Ἐπεὶ</span> <span class='ocrx_word' id='word_1_788' title='bbox 3030 4656 3141 4707; x_wconf 76' lang='grc' dir='ltr'>οὐκ</span> <span class='ocrx_word' id='word_1_789' title='bbox 3203 4655 3279 4706; x_wconf 81' lang='grc' dir='ltr'>ἂν</span> <span class='ocrx_word' id='word_1_790' title='bbox 3319 4655 3677 4706; x_wconf 75' lang='grc' dir='ltr'>ἐπαύσαντο</span> 
     </span>
    </p>
   </div>
   <div class='ocr_carea' id='block_1_107' title="bbox 2089 4745 3679 4819">
    <p class='ocr_par' dir='ltr' id='par_1_107' title="bbox 2089 4745 3679 4819">
     <span class='ocr_line' id='line_1_107' title="bbox 2089 4745 3679 4819; baseline -0.004 -17"><span class='ocrx_word' id='word_1_791' title='bbox 2089 4753 2569 4819; x_wconf 63' lang='grc' dir='ltr'>προσφερόμεναι</span> <span class='ocrx_word' id='word_1_792' title='bbox 2596 4747 2694 4802; x_wconf 85' lang='grc' dir='ltr'>διὰ</span> <span class='ocrx_word' id='word_1_793' title='bbox 2724 4748 2791 4802; x_wconf 83' lang='grc' dir='ltr'>τὸ</span> <span class='ocrx_word' id='word_1_794' title='bbox 2817 4745 3122 4816; x_wconf 80' lang='grc' dir='ltr'>μηδεμίαν</span> <span class='ocrx_word' id='word_1_795' title='bbox 3149 4745 3316 4814; x_wconf 80' lang='grc' dir='ltr'>ἔχειν</span> <span class='ocrx_word' id='word_1_796' title='bbox 3348 4745 3437 4797; x_wconf 76' lang='grc' dir='ltr'>ἔτι</span> <span class='ocrx_word' id='word_1_797' title='bbox 3465 4746 3646 4798; x_wconf 82' lang='grc' dir='ltr'>συνεί</span> <span class='ocrx_word' id='word_1_798' title='bbox 3656 4773 3679 4785; x_wconf 90' lang='lat'><strong>-</strong></span> 
     </span>
    </p>
   </div>
   <div class='ocr_carea' id='block_1_108' title="bbox 2089 4837 3681 4912">
    <p class='ocr_par' dir='ltr' id='par_1_108' title="bbox 2089 4837 3681 4912">
     <span class='ocr_line' id='line_1_108' title="bbox 2089 4837 3681 4912; baseline -0.003 -17"><span class='ocrx_word' id='word_1_799' title='bbox 2089 4841 2274 4908; x_wconf 81' lang='grc' dir='ltr'>δησιν</span> <span class='ocrx_word' id='word_1_800' title='bbox 2297 4841 2596 4912; x_wconf 83' lang='grc' dir='ltr'>ἁμαρτιῶν</span> <span class='ocrx_word' id='word_1_801' title='bbox 2628 4840 2772 4906; x_wconf 85' lang='grc' dir='ltr'>τοὺς</span> <span class='ocrx_word' id='word_1_802' title='bbox 2827 4840 3234 4907; x_wconf 67' lang='grc' dir='ltr'>λατρεύοντας</span> <span class='ocrx_word' id='word_1_803' title='bbox 3283 4837 3446 4900; x_wconf 79' lang='grc' dir='ltr'>ἅπαξ</span> <span class='ocrx_word' id='word_1_804' title='bbox 3503 4855 3681 4890; x_wconf 82' lang='grc' dir='ltr'>κεκα-</span> 
     </span>
    </p>
   </div>
   <div class='ocr_carea' id='block_1_109' title="bbox 2099 4929 3680 5003">
    <p class='ocr_par' dir='ltr' id='par_1_109' title="bbox 2099 4929 3680 5003">
     <span class='ocr_line' id='line_1_109' title="bbox 2099 4929 3680 5003; baseline -0.005 -15"><span class='ocrx_word' id='word_1_805' title='bbox 2099 4931 2650 5003; x_wconf 75' lang='grc' dir='ltr'>θαρμένους;Ἀλλ“</span> <span class='ocrx_word' id='word_1_806' title='bbox 2695 4933 2767 4986; x_wconf 84' lang='grc' dir='ltr'>ἐν</span> <span class='ocrx_word' id='word_1_807' title='bbox 2833 4931 3047 4997; x_wconf 81' lang='grc' dir='ltr'>αὑταῖς</span> <span class='ocrx_word' id='word_1_808' title='bbox 3095 4929 3438 4998; x_wconf 78' lang='grc' dir='ltr'>ἀνάμνησις</span> <span class='ocrx_word' id='word_1_809' title='bbox 3487 4929 3680 4998; x_wconf 79' lang='grc' dir='ltr'>ἀμαρ-</span> 
     </span>
    </p>
   </div>
   <div class='ocr_carea' id='block_1_110' title="bbox 2089 5015 3675 5090">
    <p class='ocr_par' dir='ltr' id='par_1_110' title="bbox 2089 5015 3675 5090">
     <span class='ocr_line' id='line_1_110' title="bbox 2089 5015 3675 5090; baseline -0.003 -10"><span class='ocrx_word' id='word_1_810' title='bbox 2089 5027 2248 5090; x_wconf 85' lang='grc' dir='ltr'>τιὼν,</span> <span class='ocrx_word' id='word_1_811' title='bbox 2277 5027 2403 5080; x_wconf 82' lang='grc' dir='ltr'>κατ’</span> <span class='ocrx_word' id='word_1_812' title='bbox 2456 5025 2759 5079; x_wconf 84' lang='grc' dir='ltr'>ἐνιαυτόν.</span> <span class='ocrx_word' id='word_1_813' title='bbox 2811 5023 3142 5078; x_wconf 82' lang='grc' dir='ltr'>Ἀδύνατον</span> <span class='ocrx_word' id='word_1_814' title='bbox 3170 5022 3280 5089; x_wconf 79' lang='grc' dir='ltr'>γὰρ</span> <span class='ocrx_word' id='word_1_815' title='bbox 3322 5015 3466 5090; x_wconf 79' lang='grc' dir='ltr'>αἷμα</span> <span class='ocrx_word' id='word_1_816' title='bbox 3531 5021 3675 5076; x_wconf 82' lang='grc' dir='ltr'>ταύ-</span> 
     </span>
    </p>
   </div>
   <div class='ocr_carea' id='block_1_111' title="bbox 2083 5117 3235 5191">
    <p class='ocr_par' dir='ltr' id='par_1_111' title="bbox 2083 5117 3235 5191">
     <span class='ocr_line' id='line_1_111' title="bbox 2083 5117 3235 5191; baseline -0.003 -16"><span class='ocrx_word' id='word_1_817' title='bbox 2083 5138 2208 5191; x_wconf 85' lang='grc' dir='ltr'><strong>ρων</strong></span> <span class='ocrx_word' id='word_1_818' title='bbox 2234 5121 2328 5173; x_wconf 78' lang='grc' dir='ltr'>καὶ</span> <span class='ocrx_word' id='word_1_819' title='bbox 2362 5119 2596 5188; x_wconf 76' lang='grc' dir='ltr'>τράγων</span> <span class='ocrx_word' id='word_1_820' title='bbox 2631 5119 2907 5186; x_wconf 63' lang='grc' dir='ltr'>ἀφαιρεῖν</span> <span class='ocrx_word' id='word_1_821' title='bbox 2927 5117 3235 5188; x_wconf 82' lang='grc' dir='ltr'>ἁμαρτίας.</span> 
     </span>
    </p>
   </div>
   <div class='ocr_carea' id='block_1_112' title="bbox 2165 5207 3678 5280">
    <p class='ocr_par' dir='ltr' id='par_1_112' title="bbox 2165 5207 3678 5280">
     <span class='ocr_line' id='line_1_112' title="bbox 2165 5207 3678 5280; baseline -0.003 -15"><span class='ocrx_word' id='word_1_822' title='bbox 2165 5233 2184 5265; x_wconf 76' lang='grc' dir='ltr'><strong>ι</strong></span> <span class='ocrx_word' id='word_1_823' title='bbox 2228 5213 2394 5266; x_wconf 86' lang='grc' dir='ltr'>Σκιάν</span> <span class='ocrx_word' id='word_1_824' title='bbox 2418 5212 2524 5280; x_wconf 82' lang='grc' dir='ltr'>γὰρ</span> <span class='ocrx_word' id='word_1_825' title='bbox 2576 5210 2714 5279; x_wconf 81' lang='grc' dir='ltr'>ἔχων</span> <span class='ocrx_word' id='word_1_826' title='bbox 2745 5213 2773 5263; x_wconf 89' lang='lat'><strong>6</strong></span> <span class='ocrx_word' id='word_1_827' title='bbox 2829 5210 3008 5278; x_wconf 86' lang='grc' dir='ltr'>νόμος.</span> <span class='ocrx_word' id='word_1_828' title='bbox 3054 5228 3072 5260; x_wconf 78' lang='lat' dir='ltr'><strong>s</strong></span> <span class='ocrx_word' id='word_1_829' title='bbox 3125 5208 3308 5262; x_wconf 84' lang='grc' dir='ltr'>Τύπον</span> <span class='ocrx_word' id='word_1_830' title='bbox 3345 5207 3505 5277; x_wconf 84' lang='grc' dir='ltr'>μόνον</span> <span class='ocrx_word' id='word_1_831' title='bbox 3565 5209 3678 5261; x_wconf 81' lang='grc' dir='ltr'>τῶν</span> 
     </span>
    </p>
   </div>
   <div class='ocr_carea' id='block_1_113' title="bbox 2095 5299 3676 5376">
    <p class='ocr_par' dir='ltr' id='par_1_113' title="bbox 2095 5299 3676 5376">
     <span class='ocr_line' id='line_1_113' title="bbox 2095 5299 3676 5376; baseline -0.001 -19"><span class='ocrx_word' id='word_1_832' title='bbox 2095 5305 2397 5376; x_wconf 85' lang='grc' dir='ltr'>μελλόντων</span> <span class='ocrx_word' id='word_1_833' title='bbox 2459 5302 2704 5371; x_wconf 80' lang='grc' dir='ltr'>ἀγαθῶν,</span> <span class='ocrx_word' id='word_1_834' title='bbox 2759 5303 2859 5372; x_wconf 79' lang='grc' dir='ltr'>τῆς</span> <span class='ocrx_word' id='word_1_835' title='bbox 2889 5299 3016 5363; x_wconf 85' lang='grc' dir='ltr'>νέας</span> <span class='ocrx_word' id='word_1_836' title='bbox 3079 5301 3347 5371; x_wconf 82' lang='grc' dir='ltr'>διαθήκης</span> <span class='ocrx_word' id='word_1_837' title='bbox 3405 5299 3676 5370; x_wconf 86' lang='grc' dir='ltr'>δηλονότι.</span> 
     </span>
    </p>
   </div>
   <div class='ocr_carea' id='block_1_114' title="bbox 2089 5388 3678 5467">
    <p class='ocr_par' dir='ltr' id='par_1_114' title="bbox 2089 5388 3678 5467">
     <span class='ocr_line' id='line_1_114' title="bbox 2089 5388 3678 5467; baseline -0.003 -16"><span class='ocrx_word' id='word_1_838' title='bbox 2089 5388 2230 5467; x_wconf 70' lang='grc' dir='ltr'>λύνῃ</span> <span class='ocrx_word' id='word_1_839' title='bbox 2279 5399 2370 5450; x_wconf 73' lang='grc' dir='ltr'>καὶ</span> <span class='ocrx_word' id='word_1_840' title='bbox 2422 5395 2594 5457; x_wconf 77' lang='grc' dir='ltr'>οὕτως</span> <span class='ocrx_word' id='word_1_841' title='bbox 2635 5394 2850 5464; x_wconf 82' lang='grc' dir='ltr'>νοῆσαι.</span> <span class='ocrx_word' id='word_1_842' title='bbox 2897 5424 2968 5433; x_wconf 89' lang='grc'><strong><em>-</em></strong></span> <span class='ocrx_word' id='word_1_843' title='bbox 3030 5392 3378 5465; x_wconf 77' lang='grc' dir='ltr'><strong>[ΟΙΚΟΥΜ.]</strong></span> <span class='ocrx_word' id='word_1_844' title='bbox 3438 5392 3678 5464; x_wconf 72' lang='grc' dir='ltr'>Εἴρηται</span> 
     </span>
    </p>
   </div>
   <div class='ocr_carea' id='block_1_115' title="bbox 2088 5483 3673 5557">
    <p class='ocr_par' dir='ltr' id='par_1_115' title="bbox 2088 5483 3673 5557">
     <span class='ocr_line' id='line_1_115' title="bbox 2088 5483 3673 5557; baseline -0.003 -16"><span class='ocrx_word' id='word_1_845' title='bbox 2088 5488 2166 5557; x_wconf 79' lang='grc' dir='ltr'>τῷ</span> <span class='ocrx_word' id='word_1_846' title='bbox 2229 5489 2287 5540; x_wconf 85' lang='grc' dir='ltr'>ἐν</span> <span class='ocrx_word' id='word_1_847' title='bbox 2352 5487 2526 5554; x_wconf 81' lang='grc' dir='ltr'>ἁγίοις</span> <span class='ocrx_word' id='word_1_848' title='bbox 2577 5487 2614 5538; x_wconf 87' lang='grc' dir='ltr'><strong><em>Γ</em></strong></span> <span class='ocrx_word' id='word_1_849' title='bbox 2622 5485 2866 5556; x_wconf 81' lang='grc' dir='ltr'>ρηγορίῳ</span> <span class='ocrx_word' id='word_1_850' title='bbox 2927 5487 2986 5538; x_wconf 83' lang='grc' dir='ltr'><strong>ἐν</strong></span> <span class='ocrx_word' id='word_1_851' title='bbox 3049 5485 3128 5555; x_wconf 84' lang='grc' dir='ltr'>τῷ</span> <span class='ocrx_word' id='word_1_852' title='bbox 3205 5483 3673 5556; x_wconf 70' lang='grc' dir='ltr'>Ἀπολογητικῷ,</span> 
     </span>
    </p>
   </div>
   <div class='ocr_carea' id='block_1_116' title="bbox 2092 5577 3679 5650">
    <p class='ocr_par' dir='ltr' id='par_1_116' title="bbox 2092 5577 3679 5650">
     <span class='ocr_line' id='line_1_116' title="bbox 2092 5577 3679 5650; baseline -0.003 -16"><span class='ocrx_word' id='word_1_853' title='bbox 2092 5581 2188 5634; x_wconf 75' lang='grc' dir='ltr'>καὶ</span> <span class='ocrx_word' id='word_1_854' title='bbox 2242 5582 2301 5632; x_wconf 79' lang='grc' dir='ltr'><strong>ὲν</strong></span> <span class='ocrx_word' id='word_1_855' title='bbox 2351 5580 2430 5650; x_wconf 81' lang='grc' dir='ltr'>τῷ</span> <span class='ocrx_word' id='word_1_856' title='bbox 2488 5579 2646 5649; x_wconf 78' lang='grc' dir='ltr'>Πρὸς</span> <span class='ocrx_word' id='word_1_857' title='bbox 2695 5579 2841 5645; x_wconf 84' lang='grc' dir='ltr'>τοὺς</span> <span class='ocrx_word' id='word_1_858' title='bbox 2896 5577 3432 5646; x_wconf 75' lang='grc' dir='ltr'>πολιτευομένους,</span> <span class='ocrx_word' id='word_1_859' title='bbox 3462 5577 3534 5630; x_wconf 76' lang='grc' dir='ltr'>τὰ</span> <span class='ocrx_word' id='word_1_860' title='bbox 3579 5577 3679 5631; x_wconf 77' lang='grc' dir='ltr'><strong>νῦν</strong></span> 
     </span>
    </p>
   </div>
   <div class='ocr_carea' id='block_1_117' title="bbox 2093 5669 3676 5744">
    <p class='ocr_par' dir='ltr' id='par_1_117' title="bbox 2093 5669 3676 5744">
     <span class='ocr_line' id='line_1_117' title="bbox 2093 5669 3676 5744; baseline 0 -19"><span class='ocrx_word' id='word_1_861' title='bbox 2093 5673 2212 5726; x_wconf 83' lang='grc' dir='ltr'>οεῖα</span> <span class='ocrx_word' id='word_1_862' title='bbox 2237 5675 2538 5744; x_wconf 87' lang='grc' dir='ltr'>μυστήρια,</span> <span class='ocrx_word' id='word_1_863' title='bbox 2568 5675 2838 5727; x_wconf 85' lang='grc' dir='ltr'>ἀντίτυπα</span> <span class='ocrx_word' id='word_1_864' title='bbox 2859 5669 3000 5728; x_wconf 83' lang='grc' dir='ltr'>εἶναι</span> <span class='ocrx_word' id='word_1_865' title='bbox 3042 5671 3307 5744; x_wconf 74' lang='grc' dir='ltr'>μειζόνων</span> <span class='ocrx_word' id='word_1_866' title='bbox 3331 5671 3676 5742; x_wconf 79' lang='grc' dir='ltr'>μυστηρίων.</span> 
     </span>
    </p>
   </div>
   <div class='ocr_carea' id='block_1_118' title="bbox 2092 5763 3681 5837">
    <p class='ocr_par' dir='ltr' id='par_1_118' title="bbox 2092 5763 3681 5837">
     <span class='ocr_line' id='line_1_118' title="bbox 2092 5763 3681 5837; baseline -0.004 -15"><span class='ocrx_word' id='word_1_867' title='bbox 2092 5767 2204 5822; x_wconf 79' lang='grc' dir='ltr'><strong>Καὶ</strong></span> <span class='ocrx_word' id='word_1_868' title='bbox 2255 5766 2417 5822; x_wconf 81' lang='grc' dir='ltr'>πάλιν</span> <span class='ocrx_word' id='word_1_869' title='bbox 2449 5767 2506 5819; x_wconf 82' lang='grc' dir='ltr'><strong>ὲν</strong></span> <span class='ocrx_word' id='word_1_870' title='bbox 2551 5766 2629 5837; x_wconf 81' lang='grc' dir='ltr'>τῷ</span> <span class='ocrx_word' id='word_1_871' title='bbox 2672 5767 2810 5836; x_wconf 78' lang='grc' dir='ltr'>Περὶ</span> <span class='ocrx_word' id='word_1_872' title='bbox 2859 5766 3290 5832; x_wconf 74' lang='grc' dir='ltr'>ἀναστάσεωςο</span> <span class='ocrx_word' id='word_1_873' title='bbox 3346 5763 3681 5833; x_wconf 75' lang='grc' dir='ltr'>Μεταληψό-</span> 
     </span>
    </p>
   </div>
   <div class='ocr_carea' id='block_1_119' title="bbox 2093 5857 3674 5931">
    <p class='ocr_par' dir='ltr' id='par_1_119' title="bbox 2093 5857 3674 5931">
     <span class='ocr_line' id='line_1_119' title="bbox 2093 5857 3674 5931; baseline -0.003 -17"><span class='ocrx_word' id='word_1_874' title='bbox 2093 5859 2236 5930; x_wconf 80' lang='grc' dir='ltr'>μεΘα</span> <span class='ocrx_word' id='word_1_875' title='bbox 2273 5859 2364 5914; x_wconf 77' lang='grc' dir='ltr'>τοῦ</span> <span class='ocrx_word' id='word_1_876' title='bbox 2397 5859 2612 5930; x_wconf 74' lang='grc' dir='ltr'>Πάσχα,</span> <span class='ocrx_word' id='word_1_877' title='bbox 2645 5861 2800 5931; x_wconf 62' lang='grc' dir='ltr'>φησὶ,</span> <span class='ocrx_word' id='word_1_878' title='bbox 2839 5859 2934 5913; x_wconf 76' lang='grc' dir='ltr'>νῦν</span> <span class='ocrx_word' id='word_1_879' title='bbox 2959 5859 3059 5930; x_wconf 79' lang='grc' dir='ltr'>μὲν</span> <span class='ocrx_word' id='word_1_880' title='bbox 3109 5857 3360 5923; x_wconf 84' lang='grc' dir='ltr'>τυπικῶς</span> <span class='ocrx_word' id='word_1_881' title='bbox 3417 5857 3526 5921; x_wconf 73' lang='grc' dir='ltr'>ἔτι,</span> <span class='ocrx_word' id='word_1_882' title='bbox 3587 5857 3674 5921; x_wconf 75' lang='grc' dir='ltr'><strong>είς</strong></span> 
     </span>
    </p>
   </div>
  </div>
