3970 6570
280 385 395 450 355

1289 379 1675 441 COMMENT.
1710 378 1791 439 ΙΝ
1825 377 2062 439 EPIST.
2088 378 2191 439 AD
2222 376 2450 439 HEBB.

3438 380 3545 446 336

287 505 513 575 ὕστερον
538 501 596 556 δὲ
616 500 849 555 τελειῦτε
859 515 972 571 ρον.
991 497 1064 552 Th
1093 496 1204 570 γὰρ
1224 497 1449 569 νομικὸν
1466 498 1659 570 Πάσχα
1675 498 1862 570 τολμῶ

1978 512 2091 553 vero
2120 498 2434 567 perfectius.
2457 493 2591 550 Nam
2620 494 2828 551 Pascha
2865 496 3057 567 legale,
3084 496 3259 553 audeo
3290 506 3344 555 et
3396 498 3546 568 dico,

285 596 374 650 καὶ
399 594 566 664 λέγω,
594 592 766 646 τύπου
791 591 961 654 τύπος
989 586 1078 663 ἦν.

352 686 573 738 Τούτων
632 683 805 747 οὕτως
873 683 1203 755 εἰρημένων,
1255 679 1396 737 οἶδεν
1452 684 1511 738 ὲν
1566 682 1780 745 τούτοις
1834 685 1863 737 ὁ

310 778 619 841 Δπόστολος
661 777 820 831 σκιὰν
849 777 943 829 καὶ
976 777 1181 839 εἰκόνα,
1214 776 1311 830 καὶ
1334 775 1599 847 μέλλοντα
1656 774 1859 844 ἀγαθὰ,

280 874 436 928 hicat
503 872 810 942 πράγματα
841 869 1019 935 καλεῖ,
1064 869 1347 923 τουτέστιν
1371 868 1571 939 ἀληθῆ.
1621 868 1708 931 Ὣς
1753 869 1864 937 γὰρ

285 965 418 1035 πρὸς
465 963 773 1033 παράθεσιν
824 962 983 1024 σκιᾶς
1041 962 1136 1014 καὶ
1171 961 1401 1024 εἰκόνος,
1440 960 1509 1013 τὰ
1560 961 1862 1031 πράγματα

284 1057 543 1129 ἀλήθειαν
571 1055 747 1125 δηλοῖ,
779 1055 874 1109 καὶ
894 1054 1006 1125 γάρ
1028 1055 1176 1106 ἐστιν
1230 1052 1482 1123 ἀλήθεια.
1544 1052 1712 1106 Σκιὰν
1764 1051 1863 1121 μὲν

284 1148 372 1205 οὖν
422 1146 534 1204 οἰδε
587 1150 772 1202 τά”ὲν
823 1148 995 1219 νόμῳ,
1058 1146 1243 1201 εἰκόνα
1289 1145 1346 1199 δὲ
1373 1146 1443 1201 τά
1467 1146 1713 1217 ἡμέτερα
1750 1145 1861 1199 τῶν

284 1241 653 1313 Χριστιανῶν,
683 1240 946 1312 μέλλοντα
979 1238 1039 1292 δὲ
1069 1239 1164 1291 καὶ
1190 1237 1372 1305 ἀγαθὰ
1417 1238 1511 1291 καὶ
1559 1238 1864 1307 πράγματα

285 1332 480 1403 ἀληθῆ,
502 1332 575 1385 τὰ
602 1333 659 1384 ὲν
693 1329 772 1401 τῷ
802 1329 1054 1399 μέλλοντι
1086 1329 1264 1381 αἰῶνι.
1313 1328 1424 1381 Καὶ
1460 1327 1573 1398 γάρ
1603 1328 1727 1381 ὅσον
1759 1327 1866 1380 άπ-

280 1427 395 1498 ᾀδει
420 1423 591 1477 εὲκὼν
617 1423 901 1491 ἀληθείας,
925 1419 1178 1474 τοσοῦτον
1233 1420 1439 1482 εἰκόνος
1468 1418 1617 1471 σκιά.
1649 1418 1715 1470 ῚΙ
1765 1416 1864 1487 μὲν

284 1520 390 1587 γὰρ
425 1515 620 1579 είκὼν,
644 1517 693 1568 εἰ
724 1514 817 1568 καὶ
851 1513 927 1584 μὴ
954 1512 1128 1582 αὐτὴν
1160 1510 1389 1582 ἕχειτὴν
1415 1511 1697 1579 ἀλήθειαν,
1723 1509 1861 1580 πλὴν

288 1610 517 1679 μίμημα
554 1605 790 1676 ἐναργές
812 1607 959 1658 ἐστιν
999 1601 1282 1673 ἀληθείας,
1313 1603 1374 1655 τὸ
1395 1603 1580 1672 σχῆμα
1612 1599 1863 1663 σώζουσα

282 1701 368 1755 διὰ
395 1700 508 1752 τῶν
537 1698 869 1769 χρωμάτων,
905 1696 1002 1749 καὶ
1042 1695 1143 1766 τὴν
1192 1693 1483 1763 ἀναλογίαν
1515 1693 1622 1745 τῶν
1661 1692 1860 1763 μελῶν,

284 1791 460 1845 καὶτὸ
488 1789 692 1861 χρῶμα
718 1788 813 1842 τοῦ
847 1787 1231 1858 ὑποκειμένου.
1267 1786 1331 1838 Ἥ
1360 1786 1417 1839 δὲ
1445 1786 1594 1851 σκιὰ,
1632 1785 1865 1856 ῖνδαλμά

283 1843 699 1953 ἐστινάῖίυδρον
738 1881 834 1952 τῆς
863 1843 1091 1942 εἰκόνος,
1142 1877 1293 1931 οὐδὲν
1332 1876 1537 1931 τούτων
1575 1843 1649 1930 diu
1703 1881 1735 1948 ἡ
1786 1843 1864 1930 εί-
1889 1843 1939 1905 Β

285 1974 397 2029 κὼν
453 1973 854 2042 ὑποφαίνουσα.
903 1971 1012 2025 Καὶ
1068 1969 1310 2041 ἡγοῦμαι
1365 1968 1456 2022 τὸν
1503 1967 1753 2035 θεολόγον
1802 1970 1864 2023 ὲκ

283 2066 490 2120 τούτων
523 2064 633 2119 τῶν
667 2063 1043 2118 ἀποστολικῶν
1078 2061 1261 2134 ῥητῶν
1308 2060 1648 2132 προαχθῆναι
1689 2061 1864 2113 εἰπεῖν

281 2159 356 2212 τὲ
389 2156 754 2228 προκείμενα.
793 2156 998 2224 Ὅμοια
1013 2154 1068 2207 δὲ
1093 2153 1321 2218 τοῦτων,
1352 2154 1444 2206 καὶ
1478 2152 1627 2207 ἄλλοι
1644 2152 1864 2217 πλείους

276 2248 440 2306 εἷπον
477 2251 740 2321 Πατέρες.
775 2268 794 2301 t
832 2251 945 2303 Οὐκ
969 2247 1137 2319 αὐτὴν
1161 2248 1260 2318 τὴν
1291 2247 1494 2300 εἰκόνα.
1530 2266 1549 2299 ι
1587 2247 1698 2318 Τὴν
1726 2247 1863 2318 ἀλή-

287 2346 461 2398 θειαν.
503 2361 521 2393 ι
555 2342 676 2395 Τῶν
706 2341 1073 2412 πραγμάτων.
1118 2359 1137 2392 ι
1193 2340 1501 2410 Πράγματα
1547 2338 1722 2402 καλεῖ,
1774 2339 1865 2392 τὸν

290 2436 554 2504 μέλλοντα
591 2434 706 2503 βίον
730 2450 745 2465 θ
770 2432 955 2486 εἰκόνα
980 2432 1037 2485 δὲ
1071 2432 1433 2501 πραγμάτων,
1482 2440 1580 2503 την
1636 2432 1866 2499 εὐαγγε-

286 2529 447 2600 λικὴν
472 2527 753 2581 πολιτείαν
772 2543 789 2558 °
824 2526 984 2580 σκιάν
1013 2526 1067 2578 δὲ
1084 2526 1183 2594 τῆς
1207 2526 1313 2578 τῶν
1342 2527 1686 2596 πραγμάτων
1712 2526 1860 2579 εἰκό-

286 2622 523 2691 νο;,τὴν
551 2619 790 2673 παλαιὰν
813 2618 1100 2689 διαθήκην.
1144 2618 1206 2671 ἸΙ
1260 2620 1370 2686 γάρ
1411 2618 1575 2671 εἰκὼν
1636 2619 1863 2689 ἐναργέ-

290 2730 458 2782 στερα
492 2711 730 2765 δείκνυσι
756 2711 824 2765 τά
858 2712 1166 2782 ἀρχέτυπα.
1209 2712 1271 2763 Ἠ
1308 2711 1363 2764 δὲ
1394 2713 1737 2782 σκιαγραφία
1765 2712 1866 2783 τῆς

283 2806 496 2869 εἰκόνος
520 2804 894 2876 ἀμυδρότερον
924 2803 1097 2859 ταῦτα
1152 2803 1475 2875 παραδηλοῖ.
1516 2804 1697 2880 Ταύτῃ
1757 2806 1868 2876 γὰρ

292 2896 392 2964 τῆς
448 2896 689 2958 παλαιᾶς
745 2894 1012 2966 διαθήκης
1070 2895 1342 2949 ἀπείκασε
1395 2895 1495 2966 τὴν
1558 2896 1865 2953 ἀσθένειαν.

292 2986 505 3051 Πολλὰς
538 2989 667 3058 γὰρ,
700 2987 857 3056 φησι,
886 2986 1075 3050 θυσίας
1100 2987 1193 3040 καὶ
1214 2986 1315 3051 τάς
1343 2987 1515 3050 αὐτάς
1549 2988 1671 3041 κατ’
1690 2990 1869 3042 ἐνιαυ-

289 3083 384 3136 τὸν
409 3082 836 3153 προσφέροντες,
875 3081 1163 3135 τελειῶσαι
1219 3083 1346 3144 τοὺς
1379 3082 1521 3135 κατὰ
1550 3061 1743 3152 νόμον.
1767 3099 1871 3136 που

1965 589 2153 661 ﬁgura!
2200 590 2369 659 figura
2396 596 2536 644 erat.

2042 681 2137 738 llis
2166 683 2240 735 ita
2271 682 2455 745 dictis,
2494 680 2644 736 novit
2678 682 2971 750 Apostolus
3002 681 3055 735 in
3095 682 3182 737 his
3205 693 3256 738 et
3297 683 3546 738 umbram

1966 781 2021 828 et
2051 775 2348 844 imaginem
2387 786 2438 827 et
2465 772 2646 826 futura
2668 773 2809 826 bona
2832 777 3137 844 qute‘etiam
3173 789 3259 829 res
3290 777 3548 844 appellat,

1965 883 2160 938 nempe
2194 882 2377 923 veras.
2415 868 2595 924 Veluti
2630 870 2777 924 enim
2836 869 2903 924 ad
2936 869 3150 924 umbra:
3195 886 3259 925 ac
3293 871 3549 940 imaginis

1964 961 2452 1029 cetnparationem,
2482 975 2569 1015 res
2588 959 2900 1031 significant
2918 962 3203 1015 veritatem
3228 978 3243 1016 :
3277 962 3549 1028 siquidem

1965 1061 2095 1108 sunt
2127 1053 2354 1108 veritas.
2388 1051 2650 1108 Umbram
2682 1055 2865 1123 itaque
2898 1055 3001 1109 scil
3032 1070 3095 1109 ea
3136 1068 3258 1109 esse
3279 1070 3399 1124 qua-
3425 1055 3548 1110 fue-

1966 1153 2097 1199 runt
2126 1146 2178 1200 in
2202 1147 2336 1216 lege,
2371 1145 2660 1217 imaginem
2693 1155 2897 1213 autem,
2919 1159 3104 1202 nosu'a
3137 1148 3228 1216 qui
3251 1147 3549 1203 Christiani

1966 1250 2178 1302 Sumus,
2255 1237 2440 1291 futura
2494 1255 2620 1293 vero
2657 1247 2709 1293 et
2745 1240 2888 1293 bona
2919 1248 2970 1294 et
3000 1254 3089 1295 res
3126 1256 3308 1305 veras,
3344 1258 3461 1309 qua}
3493 1242 3547 1294 in

1966 1326 2151 1382 futuro
2174 1339 2336 1383 erunt
2366 1332 2588 1385 saeculo.
2622 1330 2831 1385 Etenim
2869 1343 3133 1401 quantum
3159 1332 3338 1386 dilfert
3370 1333 3549 1403 imago

1967 1437 1996 1475 a
2053 1422 2304 1486 veritate,
2373 1430 2586 1476 tantum
2623 1424 2818 1477 umbra
2860 1424 2930 1478 ab
2960 1424 3217 1494 imagine.
3261 1424 3545 1495 Siquidem

1965 1528 2281 1583 quanquam
2316 1514 2496 1585 imago
2530 1530 2642 1568 non
2702 1515 2877 1584 ipsam
2932 1516 3215 1572 contineat
3243 1520 3548 1588 veritatem,

1964 1614 2046 1659 est
2071 1613 2253 1659 tamen
2295 1605 2586 1660 manifesta
2612 1607 2842 1659 imitatio
2864 1607 3132 1670 veritatis,
3161 1609 3408 1663 habitqu
3434 1625 3552 1665 Ser-

1965 1711 2100 1751 vans
2125 1712 2221 1767 per
2253 1698 2468 1753 colores
2500 1713 2564 1751 ac
2601 1699 2971 1753 membrorum
2999 1701 3405 1769 proportiones,
3438 1702 3548 1757 rei-

1964 1804 2073 1859 que
2099 1789 2395 1859 proposita:
2445 1790 2709 1845 colorem.
2743 1788 2950 1845 Umbra
3001 1806 3128 1846 vero
3156 1800 3319 1848 tenue
3346 1804 3399 1848 et
3424 1794 3552 1849 obs-

1965 1895 2160 1935 curutu
2184 1892 2265 1937 est
2296 1882 2552 1952 imaginis
2571 1883 2951 1949 simulacrum,
2972 1883 3108 1937 nihil
3140 1899 3330 1940 eorum
3366 1895 3551 1940 osten-

1966 1973 2126 2029 dens'
2157 1989 2279 2042 qua:
2322 1974 2503 2044 imago
2557 1974 2920 2031 demonstrat.
2986 1975 3173 2046 Atque
3225 1977 3549 2048 Gregorium

1965 2064 2226 2118 existimo
2258 2079 2323 2118 ex
2369 2065 2458 2121 his
2490 2065 2809 2131 apostolicis
2843 2066 3022 2120 verbis
3050 2066 3347 2121 adductum
3384 2067 3551 2123 fuisse

1967 2160 2027 2208 ut
2050 2154 2259 2209 diceret
2291 2168 2411 2224 qua:
2472 2155 2751 2224 proposita
2793 2164 2939 2210 sunt.
2990 2154 3086 2211 llis
3137 2166 3317 2211 autem
3355 2158 3552 2213 similia

1966 2245 2226 2300 dixerunt
2258 2254 2311 2300 et
2350 2245 2441 2300 alii
2509 2248 2695 2316 plures
2747 2262 2811 2302 ex
2850 2249 3119 2317 patribus.
3157 2268 3174 2301 ι
3213 2248 3330 2303 Non
3375 2252 3548 2319 ipsam

1966 2338 2283 2409 imaginem.
2317 2356 2336 2391 ι
2365 2336 2477 2393 Hoc
2507 2349 2591 2394 cst
2621 2339 2928 2393 veritatem.
2966 2357 2984 2392 t
3019 2338 3241 2395 lterum.
3271 2360 3289 2392 ι
3326 2341 3430 2397 lies
3452 2358 3553 2413 ap-

1968 2432 2134 2502 pellat
2185 2429 2427 2484 futuram
2495 2432 2710 2485 vitam:
2750 2431 3040 2502 imaginem
3108 2443 3290 2488 autem
3341 2448 3552 2503 rerum,

1966 2522 2341 2593 evangelicum
2399 2522 2642 2592 politiam
2672 2537 2687 2587 ;
2723 2523 2975 2577 umbram
3003 2539 3131 2578 vero
3183 2526 3435 2596 imaginis
3464 2545 3552 2581 re-

1967 2630 2113 2678 rum,
2148 2624 2301 2668 vetus
2341 2624 2749 2670 testamentum.
2781 2616 2962 2687 Imago
2988 2616 3132 2671 enim
3178 2620 3554 2674 manifestiora

1968 2703 2207 2759 oStendit
2245 2706 2622 2775 exemplaria:
2666 2706 3016 2762 adumbratio
3068 2718 3250 2763 autem
3303 2712 3555 2782 imaginis

1969 2797 2260 2851 obscurius
2295 2798 2410 2853 haec
2441 2800 2774 2854 manifestat.
2805 2798 2937 2854 Nam
2976 2801 3092 2855 hate
3144 2804 3346 2859 veteris
3381 2814 3553 2860 testa-

1971 2890 2144 2944 menti
2172 2891 2428 2959 exprimit
2478 2892 2927 2947 imbecillitatem.
2993 2895 3095 2959 Qui
3144 2896 3288 2950 enim
3334 2898 3553 2966 multas,

1970 2985 2171 3054 inquit,
2215 2995 2267 3039 et
2316 2985 2535 3039 easdem
2578 2985 2811 3054 singulis
2843 2986 3003 3039 annis
3053 2984 3290 3041 offerunt
3325 2988 3555 3054 hostias,

1973 3078 2235 3148 perlicere
2259 3086 2538 3147 nequeunt
2569 3077 2711 3143 illos,
2741 3077 2834 3147 qui
2881 3079 3185 3134 secundum
3214 3081 3385 3151 legem
3426 3099 3559 3137 cou-

291 3176 672 3245 λιτευομένους
720 3174 782 3227 οὐ
848 3173 1130 3228 δύνανται.
1189 3192 1208 3226 ι
1254 3173 1391 3227 Κατ’
1442 3174 1707 3228 ἐνιαυτόν.
1753 3193 1772 3227 ι
1806 3175 1871 3228 Τί

1978 3178 2286 3225 versantur.
2321 3187 2339 3221 t
2399 3168 2642 3239 Singulis
2717 3171 2901 3225 annis.
2942 3187 2962 3221 ι
3033 3169 3172 3237 Quid
3217 3174 3387 3244 ergo?
3418 3191 3560 3231 anne

291 3264 420 3333 023v;
457 3268 563 3320 Kal.
586 3269 746 3337 ἡμεῖς
778 3267 878 3320 οὐκ
913 3267 1000 3319 ἀεὶ
1033 3266 1225 3329 θυσίας
1273 3266 1649 3336 ἀναιμάκτους
1705 3278 1872 3339 προσ-

296 3365 573 3433 φέρομενς
615 3360 777 3414 Ἀ).λὰ
809 3362 902 3413 καὶ
932 3360 1049 3421 ἑνὸς
1079 3359 1311 3413 θανάτου
1344 3358 1580 3430 Χριστοῦ
1630 3361 1875 3433 ἀναμνή-

296 3471 410 3517 σεις
465 3453 727 3522 ποιοῦμεν
773 3454 868 3505 καὶ
915 3451 974 3504 ἓν
1022 3451 1078 3504 δὲ
1141 3451 1298 3520 σῶμα
1346 3452 1585 3523 Χριστοῦ
1640 3452 1872 3506 πάντοτε

296 3547 571 3618 ἐσθίομεν.
594 3546 669 3599 Οὐ
699 3545 808 3617 γὰρ
837 3544 932 3597 νῦν
966 3543 1067 3614 μὲν
1096 3543 1259 3598 άλλου
1305 3543 1564 3613 Χριστοῦ,
1596 3544 1783 3599 ἄλλοτε
1817 3543 1874 3599 δὲ

297 3640 481 3703 ἄλλου,
502 3639 617 3691 ἀλλ’
641 3639 731 3698 ἀεὶ
754 3636 847 3691 τοῦ
880 3637 1065 3692 αὐτοῦ.
1085 3636 1150 3690 Αἰ
1177 3636 1233 3691 δὲ
1264 3635 1371 3690 τῶν
1386 3635 1652 3690 Ἰουδαίων
1670 3636 1874 3702 θυσίαι,

298 3737 533 3805 διάφορα
571 3731 714 3805 εἶχον
739 3735 976 3804 θύματα,
1036 3728 1148 3787 οἷον
1194 3734 1465 3804 πρόϐατα,
1497 3734 1645 3803 βόας,
1689 3729 1871 3803 αἶγας.

299 3831 393 3883 Διὸ
424 3829 619 3882 πολλαὶ
640 3829 843 3882 θυσίαι.
874 3828 938 3880 Αἰ
966 3826 1077 3898 γὰρ
1099 3826 1280 3898 ἡμῶν,
1305 3827 1355 3879 εἰ
1380 3827 1476 3880 καὶ
1505 3829 1573 3898 τῇ
1622 3827 1873 3898 ἐνεργείᾳ

303 3921 516 3986 πολλαὶ,
550 3923 620 3989 τῇ
668 3919 855 3989 μέντοι
882 3919 1107 3989 δυνάμει
1144 3917 1262 3986 μία.
1302 3936 1321 3970 ι
1380 3918 1513 3981 Ταῖς
1542 3918 1733 3981 αὐταῖς
1782 3917 1878 3971 θυ-

306 4015 469 4078 σίαις.
510 4031 529 4064 ι
571 4012 712 4074 Ταῖς
735 4011 928 4073 αὐταῖς
959 4009 1038 4080 τῷ
1065 4009 1275 4080 τρόπῳ.
1328 4007 1453 4072 Τοῖς
1504 4009 1615 4079 γὰρ
1673 4008 1878 4079 θύμασι

303 4106 602 4177 διαφόροις.
633 4122 652 4157 t
714 4102 807 4167 Εἰς
855 4102 917 4155 τὸ
941 4101 1210 4173 διηνεκές.
1242 4119 1261 4153 ι
1330 4102 1465 4154 Κατ’
1496 4101 1739 4155 ἐνιαυτὸν
1772 4098 1880 4171 γάρ

308 4197 712 4269 προσεφέροντο
737 4198 820 4258 εἰς
853 4194 1182 4265 ἀπέραντον.
1215 4213 1233 4246 ι
1272 4193 1541 4248 Οὐδέποτε
1573 4192 1816 4247 δύναται.
1855 4210 1875 4244 ι

323 4291 380 4344 '0
405 4292 590 4361 νόμος,
623 4289 919 4342 τουτέστιν.
946 4306 964 4339 ι
995 4287 1132 4350 Τοὺς
1155 4286 1631 4358 προσερχομένους
1660 4286 1883 4339 τελειῶ-

310 4400 416 4437 σαι.
448 4404 467 4434 ι
504 4382 606 4435 Διὰ
625 4382 677 4434 τί
700 4397 714 4446 ;
739 4378 963 4448 Ἐπειδὴ
986 4378 1155 4439 τύπος
1181 4379 1348 4433 ἐστίν.
1393 4378 1456 4431 Ἠ
1490 4376 1601 4448 γὰρ
1633 4377 1880 4448 ἀλήθεια,

308 4480 584 4532 τουτέστιν
615 4478 643 4527 ό
680 4474 935 4547 Χριστὸς,
961 4472 1119 4526 τοῦτο
1148 4472 1391 4543 ἐποίησε,
1429 4470 1517 4523 διὰ
1543 4472 1669 4539 μιᾶς
1694 4469 1886 4534 θυσίας

310 4568 652 4640 καθαρισμὸν
682 4565 1075 4636 ἐργασάμενος.
1113 4580 1132 4613 t
1155 4561 1309 4615 Ἐπεὶ
1337 4560 1436 4613 οὐκ
1462 4560 1527 4613 ἂν
1548 4559 1877 4613 ἐπαύσατο.»

314 4663 465 4715 Κατά
490 4660 762 4731 ἐρώτησιν
786 4657 1078 4725 ἀνάγνωθι.
1125 4655 1187 4709 Εἰ
1242 4654 1352 4724 γὰρ
1406 4652 1632 4718 ἔπαυον,
1695 4652 1882 4723 φησὶν,

312 4752 580 4825 ἁμαρτίας
605 4752 811 4802 ἐκεῖναι
861 4749 918 4801 αἰ
967 4746 1149 4800 θυσίαι
1186 4746 1405 4805 πάντως
1437 4745 1537 4797 οὒκ
1588 4746 1655 4798 ἂν
1717 4742 1888 4796 ἐπαύ-

312 4862 470 4899 σαντο
525 4839 1115 4913 προσφερόμεναι,διὰ
1157 4838 1219 4890 τὸ
1271 4837 1466 4907 μηκέτι
1523 4834 1885 4905 περειλῆφθαι

316 4939 626 5005 συνείδησιν
647 4932 957 5005 ἁμαρτιῶν,
997 4931 1085 4984 διὰ
1118 4930 1179 4983 τὸ
1238 4928 1389 4992 ἅπαξ
1437 4926 1832 4997 κεκαθαρίσθαι
1871 4941 1885 4990 ;

320 5053 339 5087 ι
370 5032 512 5087 Ἀλλ’
542 5032 601 5084 ὲν
649 5030 841 5090 αὑταῖς
864 5024 1193 5094 ιάνάμνησις
1245 5021 1551 5092 ἁμαρτιῶν.
1592 5039 1611 5073 ι
1642 5020 1736 5072 Ἐν
1780 5019 1883 5071 αὺο

311 5129 450 5190 ταῖς,
513 5124 671 5194 φησὶ,
726 5121 863 5182 ταὶς.
902 5117 1136 5179 θυσίαις,
1203 5115 1509 5184 ἀνάμνησις
1572 5112 1735 5181 μόνον
1788 5111 1886 5165 καλ⁵

315 5218 537 5288 ἱλεγχος
566 5212 876 5285 ἁμαρτιῶν,
914 5209 1111 5277 ἄφεσις
1138 5208 1193 5261 δὲ
1227 5208 1328 5260 οὐκ
1367 5206 1467 5260 ἔτι.
1521 5206 1629 5257 Καὶ
1687 5204 1888 5273 δεῖγμα

315 5312 409 5363 τοῦ
445 5312 523 5381 μὴ
569 5302 714 5361 εἷναι
762 5306 979 5374 ἄφεσιν,
1008 5302 1071 5355 τὸ
1105 5302 1192 5355 ἀεὶ
1250 5295 1388 5352 εἶναι
1429 5297 1743 5359 θυσίας.οὐ
1782 5298 1889 5366 γὰρ

323 5404 501 5475 μόνον,
532 5402 723 5472 φησὶν,
756 5399 853 5453 επὶ
882 5400 1019 5460 ταῖς
1059 5392 1470 5463 ὲπιγινομέναις
1497 5388 1791 5459 ἁμαρτίαις
1824 5389 1890 5441 -αί

320 5496 502 5551 θυσίαι
538 5493 966 5566 προσφέρονται,
1004 5488 1143 5543 ἀλλὰ
1178 5485 1381 5556 μᾶλλον
1410 5483 1506 5536 ἐπὶ
1530 5482 1755 5545 πάσαις,
1815 5479 1892 5543 ὡς

326 5586 398 5661 μὴ
421 5586 765 5658 ἀφιθείσαις,
803 5586 923 5648 ταῖς
960 5581 1064 5653 ἠδη
1091 5573 1681 5649 γενομέναιςκθυσίαις.
1708 5590 1726 5623 ι
1750 5570 1911 5624 meo-

324 5696 479 5734 vnev
504 5680 615 5748 γάρ
641 5673 783 5748 αἷμα
803 5676 1042 5747 ταύρων.
1086 5690 1106 5724 ι
1141 5669 1343 5725 Λοιπὸν
1399 5665 1672 5720 δείκνυσιν
1719 5661 1894 5732 ἀληθῆ

325 5774 391 5829 τά
410 5770 698 5843 εἰρημένα,
731 5770 796 5823 ὲκ
824 5767 923 5839 τῆς
944 5764 1217 5826 εὐτελείας
1251 5759 1343 5815 τοῦ
1383 5759 1637 5829 αἵματος.

1973 3276 2077 3317 nos
2112 3275 2327 3331 semper
2375 3260 2659 3317 offerimus
2718 3260 2930 3316 hostias
2969 3265 3236 3333 sanguine
3270 3268 3561 3322 carentes?

1977 3353 2082 3409 Sed
2137 3354 2300 3408 unius
2356 3354 2715 3423 ejusdemque
2751 3356 2945 3410 mortis
2990 3355 3194 3410 Christi
3242 3358 3559 3413 memoriam

1977 3448 2231 3511 facimus,
2288 3454 2341 3501 ct
2385 3461 2553 3500 unum
2608 3446 2816 3500 Christi
2852 3462 3056 3518 corpus
3086 3465 3299 3520 semper
3323 3450 3559 3506 edimus.

1974 3539 2095 3593 Non
2155 3538 2302 3593 enim
2346 3551 2496 3592 nunc
2552 3538 2774 3607 quidem
2819 3539 2983 3594 unius
3009 3539 3233 3606 Christi,
3267 3543 3403 3597 alias
3431 3559 3560 3598 vero

1979 3629 2229 3695 alterius,
2283 3629 2375 3684 sed
2436 3644 2654 3699 semper
2723 3629 2995 3699 ejusdem.
3052 3630 3365 3688 Judarorum
3434 3651 3564 3690 vero

1979 3723 2173 3778 hostia:
2195 3722 2378 3777 varias
2408 3723 2681 3778 habebant
2730 3723 3004 3791 victimas,
3035 3740 3232 3796 nempe
3273 3742 3423 3789 oves,
3466 3728 3565 3783 lto-

1977 3838 2092 3889 ves,
2134 3834 2330 3891 capras
2363 3835 2377 3871 :
2414 3820 2535 3872 ideo
2563 3821 2747 3873 multa:
2772 3830 2900 3873 sunt
2932 3821 3126 3876 hostia:
3156 3840 3168 3875 :
3201 3832 3402 3878 nostrae.
3436 3839 3567 3878 vero

1980 3925 2293 3980 quanquam
2349 3910 2563 3963 actione
2603 3908 2785 3963 multas
2839 3909 2972 3973 sint,
3032 3912 3193 3965 unica
3252 3921 3432 3967 tamen
3481 3919 3568 3967 est

1979 4010 2319 4073 potestaten
2356 3999 2584 4055 Easdem
2647 4001 2878 4057 hostias.
2931 4020 2949 4053 ι
3003 4003 3231 4058 Easdem
3278 4006 3331 4059 in
3402 4005 3565 4060 modo

1983 4092 2269 4157 oll'ercndi,
2297 4094 2464 4148 variis
2511 4101 2694 4146 tamen
2734 4094 3013 4148 victimis:
3064 4114 3083 4146 ι
3122 4097 3503 4151 Continenter.
3540 4116 3560 4149 ›

1986 4186 2231 4255 Singulis
2252 4185 2397 4240 enim
2429 4184 2588 4238 annis
2625 4184 2743 4239 sine
2776 4184 2885 4238 ullo
2916 4185 3153 4239 termino
3170 4186 3565 4242 offerebantur.

1990 4278 2329 4349 «Nunquam
2389 4285 2593 4349 potest,
2634 4293 2652 4329 ι
2685 4278 2768 4332 lex
2820 4277 3093 4333 videlicet.
3149 4298 3167 4330 ι
3231 4278 3569 4336 Accedentes

1984 4369 2259 4441 perfectos
2310 4369 2561 4424 reddere.
2596 4385 2614 4420 ι
2642 4367 2805 4438 392
2840 4367 3256 4434 Quamobrem?
3291 4368 3568 4437 Quoniam

1990 4464 2162 4533 figura
2199 4469 2317 4517 erat
2351 4475 2366 4513 :
2402 4476 2525 4514 nam
2560 4461 2785 4524 veritas,
2813 4469 2944 4531 puta
2979 4460 3238 4519 Christus
3275 4462 3378 4519 hoc
3420 4463 3569 4529 fet-it,

1995 4571 2090 4625 per
2130 4568 2295 4609 unam
2344 4552 2580 4608 hostiam
2632 4551 2775 4607 facta
2834 4553 3240 4623 purificatione.
3285 4573 3304 4606 ι
3354 4555 3573 4624 Alioqui

1989 4662 2175 4702 nonne
2224 4646 2555 4702 desiissent?
2613 4664 2631 4697 ι
2681 4644 2787 4700 Per
2853 4646 3351 4717 interrogationem
3389 4647 3574 4719 legito.

1988 4737 2123 4792 Nam
2148 4739 2193 4794 si
2220 4753 2437 4794 cessare
2460 4750 2684 4806 peccata
2713 4737 2973 4793 fecissent
3023 4741 3129 4793 illm
3154 4739 3367 4806 hostiae,
3394 4756 3576 4797 annon

1992 4832 2218 4885 omnino
2254 4839 2566 4886 cessassent
2594 4829 2801 4896 σηιξη-ἰ,
2827 4840 3121 4901 propterea
3155 4833 3301 4902 quod
3338 4836 3577 4904 amplius

1998 4922 2144 4976 nulla
2178 4923 2405 4976 involuti
2442 4922 2677 4976 fuissent
2711 4931 3061 4991 peccatorum
3110 4925 3452 4979 conscientia
3486 4941 3577 4980 se-

1994 5015 2100 5068 mel
2145 5014 2466 5084 purilicati‘l
2500 5031 2519 5065 ι
2562 5014 2725 5083 Atqui
2755 5014 2811 5069 in
2862 5014 3000 5085 ipsis
3031 5014 3088 5069 lit
3122 5021 3580 5072 commemoratio

1994 5115 2373 5177 peccatorum.
2414 5125 2433 5158 ι
2470 5104 2525 5159 In
2555 5106 2713 5176 ipsis,
2755 5106 2954 5176 inquit,
2986 5106 3183 5162 hostiis
3217 5107 3270 5161 lit
3312 5108 3581 5165 duntaxat

1995 5198 2446 5252 commemoratio
2476 5205 2529 5250 et
2575 5198 2888 5268 retiargutio
2928 5206 3297 5267 peccatorum,
3333 5214 3438 5256 non
3490 5218 3584 5255 aue

1997 5298 2106 5344 tem
2153 5288 2320 5343 etiam
2371 5289 2664 5342 remissio:
2696 5305 2859 5359 porro
2885 5290 3035 5360 quod
3070 5302 3187 5344 non
3215 5294 3287 5346 sit
3327 5294 3583 5348 remissio

1997 5382 2219 5453 signum
2249 5380 2499 5450 estquod
2524 5392 2741 5450 semper
2754 5381 2959 5436 durent
2993 5382 3211 5437 hostiae.
3227 5383 3414 5453 Neque
3436 5386 3582 5439 enim
3624 5439 3634 5463 ,

1996 5474 2068 5528 ob
2094 5473 2379 5542 sequentia
2405 5478 2618 5527 tantum
2635 5482 2857 5542 peccata
2884 5470 3207 5537 offeruntur,
3241 5472 3433 5544 inquit,
3457 5475 3587 5532 hos~
3619 5472 3630 5544 ξ

1997 5562 2111 5628 tite,
2158 5562 2255 5617 sed
2304 5562 2501 5632 potius
2520 5571 2740 5633 propter
2798 5562 3011 5626 omnia,
3042 5570 3301 5631 tanquam
3337 5565 3583 5620 nondum

2000 5655 2232 5711 remissa
2280 5656 2390 5711 sint
2436 5655 2633 5713 hostiis
2676 5669 2797 5725 qua:
2823 5652 2989 5709 iactae
3032 5663 3180 5709 sunt.
3212 5672 3233 5708 ιν
3274 5653 3393 5711 Νοιι
3438 5658 3585 5714 enim

2003 5757 2186 5821 potest
2226 5750 2453 5823 sanguis
2512 5756 2822 5806 taurorum.
2855 5744 3150 5807 »οειριιιίἱι
3189 5757 3588 5822 consequenter

330 5877 451 5919 vera
466 5878 591 5921 esse
629 5880 751 5937 qua:
776 5864 919 5920 dicta
972 5871 1099 5919 sunt
1127 5875 1193 5915 cx
1228 5856 1535 5928 abjectionc
1575 5863 1629 5910 et
1660 5849 1896 5943 utilitate
1933 5843 2240 5918 sanguinis.
