3970 6636
373 417 480 482 337

984 527 1136 586 CAP.
1179 525 1317 583 XIII.

465 645 851 705 Testimonium
880 644 944 698 tle
963 642 1475 767 soluzuriﬁeaticne
1496 651 1544 697 et
1564 657 1802 697 acccessu
1828 641 1898 694 ad

1141 729 1280 767 eum.

1141 729 1280 767 eum.

458 812 531 878 Χ,
562 810 717 867 S-IO.
763 808 1099 876 Quapropter
1147 805 1444 875 ingrediens
1490 804 1747 858 mundum
1792 803 1965 857 dicit:

1438 413 1836 476 (ECUMENII
1864 410 2166 475 TRICC/E
2205 413 2548 477 EPISCOPI

1993 532 2044 590 Δ

3144 385 3169 424 ⁸
3545 421 3661 485 388

2671 520 2920 581 ΚΕΦΑᾹ.
2948 520 3050 575 II".

2073 636 2382 705 Μαρτυρία
2417 636 2549 705 περὶ
2580 634 2692 704 τῆς
2708 636 2910 715 μόνης
2965 634 3313 715 καθᾴρσεως
3338 636 3434 689 καὶ
3463 598 3659 708 προσ-

2534 708 2770 775 αγωγῆς
2793 708 2945 774 πρὸς
2985 708 3154 761 Θεόν.

2142 798 2241 853 Διύ
2263 799 2687 871 εἰσερχόμενος
2709 800 2797 863 εις
2812 798 2922 852 τὸν
2942 799 3177 867 κόσμον
3195 799 3381 869 λέγει’
3421 804 3664 858 Θυσίαν

379 905 723 975 Suri/icium
785 911 836 956 et
896 899 1212 954 oblationem
1275 898 1515 962 noluisti,
1570 914 1759 966 corpus
1793 906 1953 951 auten

2070 891 2169 943 καὶ
2200 888 2554 959 προσφορὰν
2584 892 2696 945 οὐκ
2721 890 3057 959 ἠθέλησας,
3095 889 3270 959 σῶμα
3327 891 3397 945 δὲ
3438 911 3662 964 κατηρ-

378 998 579 1066 optasti
640 995 789 1051 mihi.
864 991 1313 1047 Holocautomata
1357 1000 1407 1045 et
1455 1006 1552 1059 pro
1614 1001 1827 1060 peccato
1865 1006 1953 1043 nor

2068 982 2217 1034 τίσω
2240 999 2363 1051 μοι.
2408 980 2902 1049 ’0.ιοκαυτώματα
2934 982 3032 1034 καὶ
3065 984 3198 1050 περὶ
3233 985 3520 1053 ἁμαρτίας
3536 990 3659 1041 οὐκ

377 1094 692 1161 placuerunt
722 1087 819 1141 tibi
849 1102 865 1139 :
900 1094 1021 1138 tunc
1056 1084 1171 1137 dixi
1198 1100 1216 1142 :
1250 1081 1385 1136 Ecce
1433 1085 1645 1137 adsum.
1691 1083 1758 1137 In
1798 1084 1953 1151 capiti

2066 1071 2436 1139 εὐδόκησας,
2466 1073 2601 1126 τότε
2622 1069 2818 1137 εἷπον,
2856 1073 3011 1128 Ἰδοὺ
3052 1073 3200 1141 ἥκω.
3248 1073 3354 1128 Ἐν
3374 1078 3657 1143 κεφαλίδι

382 1183 508 1236 libri
544 1180 799 1248 scriptum
838 1185 913 1230 est
939 1176 1004 1229 de
1027 1191 1107 1230 me
1127 1185 1179 1228 ut
1201 1174 1420 1244 faciam,
1448 1174 1617 1241 Deus,
1642 1174 1966 1229 voluntatem

381 1282 549 1324 tuam.
583 1268 837 1337 Superius
863 1282 982 1321 cum
1029 1265 1160 1319 dicit
1201 1279 1219 1318 :
1274 1263 1610 1334 Sacriﬁcium
1659 1273 1710 1319 et
1740 1265 1967 1320 oblatio-

379 1379 495 1417 nem
527 1370 577 1415 et
615 1360 1051 1416 holocautomata
1075 1367 1125 1412 et
1156 1374 1251 1427 pro
1276 1367 1493 1427 peccato
1526 1357 1767 1421 noluisti,
1804 1372 1965 1425 neque

375 1455 687 1522 placuerunt
717 1452 813 1505 tibi
858 1467 974 1521 qua:
996 1449 1162 1520 juxta
1201 1448 1382 1520 ‘legem
1433 1449 1730 1518 oﬂ'eruntur
1769 1463 1787 1510 ,'
1839 1457 1964 1502 tunc

375 1549 570 1603 dixit:
625 1545 759 1600 Ecce
806 1549 996 1598 adsum
1054 1553 1112 1596 ut
1159 1543 1379 1613 faciam,
1439 1541 1602 1607 Deus,
1637 1542 1963 1597 voluntatem

379 1649 548 1693 tttam.
586 1634 747 1689 Tollit
782 1635 928 1702 prius
971 1643 1026 1686 ut
1063 1637 1328 1700 posterius
1359 1641 1567 1689 statuat
1601 1651 1619 1698 ;
1676 1649 1770 1702 per
1800 1648 1961 1702 quam

2061 1162 2311 1226 βιϐλίου
2360 1163 2686 1233 γέγραπται
2736 1164 2869 1233 περὶ
2902 1164 3052 1234 ἐμοῦ
3083 1203 3098 1229 ,
3156 1165 3264 1219 τοῦ
3318 1166 3571 1235 ποιῆσαι
3620 1173 3660 1223 ὁ

2069 1254 2236 1323 Θεὸς,
2257 1255 2324 1310 τὸ
2344 1255 2577 1326 θέλημὰ
2601 1274 2740 1324 σου,
2771 1256 3075 1326 ἀνώτερον
3091 1258 3289 1327 λέγων
3314 1257 3405 1311 ὅτι
3425 1260 3658 1312 θυσίαι·

2065 1347 2164 1401 καὶ
2187 1350 2542 1417 προσφορὰν
2568 1348 2667 1403 καὶ
2700 1348 3165 1419 ὁλοκαυτώματα
3189 1348 3291 1403 καὶ
3313 1355 3446 1417 περὶ
3464 1351 3671 1421 ἆμαρ-ο

2063 1439 2196 1505 τίας
2213 1441 2325 1493 οὐκ
2354 1441 2667 1508 ἠθέλησας
2690 1440 2835 1496 οὐδὲ
2854 1442 3220 1509 εὐδόκησας,
3239 1442 3465 1507 αἵτινες
3496 1435 3671 1495 κατὰ

2064 1530 2173 1585 τόν
2202 1532 2393 1603 νόμον
2449 1534 2935 1603 προσφέρω-ταν
2977 1536 3110 1588 τότε
3167 1534 3436 1601 εἴρηκεν·
3498 1534 3650 1587 Ἰδοὺ

2065 1620 2191 1689 ἥκω
2213 1622 2320 1676 τοῦ
2348 1621 2620 1691 ποιῆσαι.
2646 1625 2679 1676 ό
2702 1622 2867 1688 Θεὸς,
2891 1622 2959 1675 τὸ
2987 1622 3217 1692 θέλημά
3232 1638 3371 1677 σου.
3392 1621 3656 1690 ’Λναιρεὶ

380 1730 702 1786 voluntatem
719 1726 1257 1795 sauctiﬁcatisumus,
1274 1725 1364 1795 qui
1380 1726 1530 1778 illam
1543 1724 1953 1792 peroblationem

2062 1713 2129 1767 τὸ
2154 1712 2412 1783 πρῶτον,
2436 1716 2539 1770 ἵνα
2567 1715 2635 1768 τὸ
2658 1715 2942 1784 δεύτερον
2992 1716 3221 1784 στήσῃ.
3274 1717 3377 1770 Ἐν
3395 1709 3442 1782 ᾧ
3470 1716 3655 1784 θελή-

375 1823 611 1890 corporis
646 1818 775 1874 Jesu
806 1819 966 1873 semel
1004 1828 1277 1887 peractam
1298 1817 1565 1872 consecuti
1590 1833 1793 1871 sumus.

2055 1823 2199 1876 ματι
2222 1809 2576 1878 ἡγιασμένοι
2598 1809 2806 1878 ἐσμὲν,
2840 1812 2893 1864 οί
2915 1808 3013 1864 διὰ
3034 1809 3143 1878 τῆς
3168 1808 3518 1880 προσφορᾶς
3538 1809 3651 1864 τοῦ

445 1915 722 1978 Christus,
784 1913 981 1982 inquit,
1038 1925 1275 1981 corpore
1334 1910 1600 1965 mundum
1645 1908 1953 1985 ingrediens

2061 1898 2335 1969 σώματος
2375 1901 2572 1969 Ἰησοῦ
2598 1903 2876 1969 Χριστοῦ,
2901 1900 3164 1970 ἐφάπαξ.

376 2004 509 2058 dicit
544 2019 642 2072 per
675 2002 917 2056 medium
959 2000 1155 2055 David.
1205 1998 1263 2054 Si
1308 1999 1552 2065 inutiles,
1597 1999 1795 2067 inquit,
1828 2006 1954 2051 sunt

378 2096 588 2161 IIOSlitB,
630 2109 798 2167 quare
844 2093 1071 2149 omnino
1128 2091 1352 2147 fuerunt
1389 2090 1701 2145 institutae?
1738 2088 1956 2156 Quare?

372 2187 604 2258 Propter
649 2186 1010 2257 pervicaciam
1044 2183 1380 2249 Iudaeorum,
1402 2191 1457 2238 et
1493 2182 1655 2254 393
1684 2182 1809 2254 quia
1844 2182 1955 2236 Deo

372 2296 591 2353 semper
622 2280 896 2337 adversati
929 2288 1078 2334 sunt.
1105 2278 1315 2334 Deinde
1345 2277 1589 2334 ostendit
1616 2278 1761 2347 quod
1790 2277 1953 2332 etiam

268 2356 281 2366 ’
371 2383 499 2428 ante
560 2370 772 2425 Domini
820 2370 1261 2425 incarnationem
1291 2367 1420 2422 odio
1447 2368 1647 2421 habitae
1677 2365 1883 2421 fuerint
1925 2382 1954 2421 a

372 2466 504 2521 Deo.
526 2463 713 2533 Neque
734 2463 881 2517 enim
924 2462 1083 2524 dixit,
1118 2459 1402 2530 Ingressus
1441 2459 1494 2512 in
1522 2460 1809 2522 mundum,
1835 2458 1952 2524 sed,

371 2555 690 2627 Ingrediens
720 2572 734 2608 :
765 2553 1110 2610 ostendendo
1142 2553 1288 2623 quod
1312 2553 1635 2623 priusquam
1668 2553 1954 2622 ingressus

369 2656 542 2714 esset,
567 2647 693 2702 odio
725 2648 925 2702 habita:
947 2653 1127 2700 erant.

445 2741 567 2793 Atio
605 2737 785 2793 modo.
816 2737 1136 2809 Ingrediens
1188 2736 1241 2791 in
1284 2736 1551 2791 mundum
1601 2736 1742 2792 dixit
1795 2735 1954 2803 Chri-

371 2841 515 2891 sms,
576 2828 671 2883 sed
724 2844 834 2882 non
888 2829 1203 2899 ingressus:
1237 2828 1492 2884 videlicet
1542 2829 1955 2900 ingrediebatur

372 2919 597 2990 quando
631 2919 984 2987 promittebat
1015 2920 1117 2989 ipsi
1151 2919 1316 2973 David
1345 2929 1398 2976 et
1427 2921 1777 2977 asseverabat
1805 2922 1952 2992 quod

377 3012 447 3067 de
477 3010 661 3066 fructu
688 3011 898 3065 ventris
923 3010 1010 3067 sui
1045 3011 1236 3066 sedere
1274 3012 1477 3067 faceret
1497 3026 1661 3082 super
1690 3012 1950 3067 thronum

372 3119 533 3159 suum
573 3119 748 3174 usque
773 3104 827 3157 in
853 3103 1114 3159 saeculum
1146 3103 1214 3155 ⁸⁸.
1251 3102 1566 3174 Ingrediens
1597 3102 1764 3173 igitur
1793 3118 1952 3157 mun-

376 3197 509 3252 dum
552 3211 649 3268 per
676 3206 835 3267 pacta
870 3194 937 3250 ad
979 3195 1146 3251 David
1184 3195 1346 3262 facta,
1372 3198 1537 3252 etiam
1572 3196 1677 3251 hoc
1701 3196 1951 3266 dicitper

2145 1992 2204 2046 Ὀ
2227 1994 2486 2063 Χριστὸς,
2511 1994 2697 2063 φησιν,
2730 1996 2789 2048 ὲν
2820 1994 3033 2065 σώματι
3054 1995 3135 2057 εις
3174 1993 3267 2047 τὸν
3297 1995 3499 2064 κόσμον
3528 1996 3649 2049 εἰσ-

2063 2085 2378 2156 ερχόμενος,
2415 2086 2564 2154 λέγει
2609 2085 2701 2139 διὰ
2743 2086 2908 2157 μέσου
2946 2085 3044 2139 τοῦ
3076 2086 3261 2142 Δαυῖδ.
3324 2087 3387 2140 Εἰ
3432 2086 3651 2155 ἀνωερε-

2063 2173 2192 2239 λείς,
2255 2174 2444 2245 φησὶν,
2504 2174 2561 2227 αἱ
2596 2173 2799 2239 θυσίαι,
2853 2174 2943 2228 διὰ
2971 2174 3024 2227 τι
3062 2175 3200 2237 ὅλως
3232 2176 3511 2243 ὲγίνοντο;
3542 2176 3650 2228 Διὰ

2062 2267 2145 2334 τί;
2175 2267 2276 2321 Διά
2312 2266 2413 2337 τὴν
2478 2268 2815 2336 φιλονεικίαν
2843 2267 2952 2322 τῶν
2989 2268 3282 2333 Ἰουδαίων,
3319 2269 3415 2321 καὶ
3445 2267 3534 2321 διὰ
3585 2267 3652 2321 τὸ

2062 2360 2148 2411 ἀεὶ
2180 2358 2557 2412 ἐναντιοῦσθαι
2585 2359 2663 2428 τῷ
2684 2359 2825 2430 Θεῷ.
2854 2359 2967 2413 Καὶ
3001 2358 3189 2412 λοιπὸν
3236 2358 3510 2413 δείκνυσιν
3541 2358 3650 2411 αὐ-

2061 2452 2179 2515 τὰς,
2207 2453 2299 2504 καὶ
2323 2451 2429 2522 πρὸ
2459 2452 2557 2521 τῆς
2586 2450 3059 2523 ἐνανθρωπήσεως
3080 2449 3175 2503 τοῦ
3208 2449 3437 2523 Κυρίου,
3478 2467 3649 2520 μεμι-

2064 2544 2305 2614 σημένας
2344 2543 2484 2612 Θεῷ·
2519 2544 2581 2596 οὐ
2617 2542 2727 2613 γὰρ
2780 2538 2939 2596 εἶπεν
2967 2585 2983 2610 ,
3021 2541 3298 2597 Εἰσελθὼν
3324 2544 3352 2595 ὁ
3379 2543 3643 2611 Χριστὸς,

2061 2634 2201 2696 ἀλλ’,
2230 2636 2651 2705 Εἰσερχόμενος,
2683 2634 2900 2699 δεικνὺς
2927 2635 3012 2689 ὅτι
3041 2633 3172 2705 πρὶν
3202 2634 3421 2706 εἰσέλθῃ
3440 2634 3649 2705 ipsul-

2064 2745 2247 2800 σηντο.

2137 2822 2396 2887 Ἄλλως.
2448 2820 2844 2893 Εἰσερχόμενος
2894 2823 2974 2887 εἰς
3006 2820 3099 2876 τὸν
3149 2822 3373 2894 κόσμον,
3400 2819 3576 2885 εἶπεν,
3615 2823 3649 2875 ὁ

2059 2913 2316 2984 Χριστὸς,
2346 2912 2463 2967 ἀλλ’
2479 2914 2601 2985 οὐχὶ
2624 2915 2937 2969 εἰσελθών.
2962 2915 3263 2986 Εεσήρχετο
3288 2914 3344 2968 δὲ
3370 2914 3642 2985 δηλονότι,

2058 3009 2148 3060 ὅτε
2189 3006 2266 3079 τῷ
2290 3007 2454 3062 Δαυῒδ
2482 3009 2814 3080 ὑπισχνεῖτο,
2853 3009 2948 3063 καὶ
2976 3009 3283 3076 διετείνετο,
3317 3011 3382 3063 ἐκ
3418 3009 3641 3079 καρποῦ

2057 3104 2158 3173 τῆς
2186 3101 2393 3164 κοιλίας
2431 3100 2620 3167 αὐτοῦ,
2658 3102 2883 3156 καθίσαι
2930 3104 3093 3156 αὐτὸν
3139 3104 3235 3157 ἐπὶ
3291 3102 3386 3156 τοῦ
3443 3102 3644 3174 θρόνου

2059 3191 2225 3247 αὐτοῦ
2251 3192 2355 3257 ἕως
2377 3192 2470 3247 τοῦ
2499 3194 2713 3257 αἰῶνος.
2737 3195 3133 3266 Εἰσερχόμενος
3172 3188 3264 3249 οὖν
3292 3195 3374 3254 εἰς
3399 3195 3490 3247 τὸν
3546 3193 3649 3247 κό-

370 3288 623 3344 eumdem
654 3287 824 3343 David
860 3304 874 3343 :
913 3305 933 3339 ι
970 3285 1107 3354 Quia
1134 3288 1468 3342 sacriﬁcium
1512 3295 1567 3342 et
1614 3287 1950 3344 oblationem

2061 3303 2192 3356 σμον
2239 3285 2328 3339 διὰ
2369 3285 2478 3339 τῶν
2508 3286 2643 3357 πρὸς
2670 3287 2763 3341 τὸν
2789 3287 2956 3341 Δαυῒδ
2992 3286 3302 3359 συνθηκῶν,
3361 3286 3646 3342 καὶτοῦτο

371 3381 600 3437 noluisti
630 3379 697 3447 ",
726 3399 745 3433 ι
777 3396 951 3451 neque
974 3380 1298 3449 placuerunt
1323 3380 1415 3433 tibi
1447 3395 1571 3449 quae
1592 3379 1646 3433 in
1672 3380 1790 3449 lege
1821 3394 1951 3450 per-

370 3474 720 3545 agebantur:
755 3483 807 3527 et
839 3489 948 3527 non
995 3472 1158 3535 dixit,
1204 3472 1319 3527 Non
1369 3473 1588 3541 placent
1638 3488 1816 3542 neque
1843 3474 1948 3538 vis,

370 3566 488 3630 sed,
523 3564 790 3631 Noluisti,
820 3580 996 3635 neque
1036 3566 1363 3633 placuerunt
1412 3565 1548 3629 tibi;
1587 3574 1796 3620 tantum
1840 3580 1951 3621 non

370 3659 565 3713 dicens
599 3675 613 3711 :
642 3655 725 3711 Ab
758 3657 878 3726 ipsa
914 3655 1131 3709 illarum
1163 3656 1561 3711 constitutione
1598 3665 1653 3710 et
1684 3656 1952 3726 principio

370 3763 483 3802 non
513 3756 672 3801 erant
697 3747 793 3801 tibi
818 3754 985 3817 gratae
1018 3762 1195 3816 neque
1223 3748 1501 3815 placentes
1545 3747 1759 3803 hostiae.
1793 3746 1951 3814 Quod

370 3838 417 3893 si
458 3836 590 3909 quid
625 3838 792 3892 etiam
829 3839 1022 3892 horum
1048 3844 1158 3892 ate
1193 3849 1517 3908 susceptum
1563 3845 1674 3904 est,
1720 3848 1949 3910 propter

371 3931 752 3986 accedentium
779 3929 1208 3984 imbecillitatem
1236 3939 1552 4000 susceptum
1602 3942 1734 3987 est:
1776 3948 1951 4004 quan-

370 4024 666 4095 doquidem
721 4037 855 4092 ergo
915 4021 1033 4076 haec
1094 4022 1348 4091 repulisti
1392 4034 1447 4078 ct
1504 4039 1708 4094 corpus
1754 4025 1948 4094 optasti

370 4118 529 4184 mihi,
569 4126 704 4171 tunc
727 4116 890 4171 venio
921 4124 983 4170 ut
1006 4115 1203 4172 iaciam
1236 4116 1384 4171 Deus
1408 4117 1745 4173 voluntatem
1774 4127 1946 4173 tuam.

368 4211 502 4266 Nam
527 4222 579 4266 et
610 4211 716 4266 hoc
735 4210 805 4265 de
835 4225 923 4266 me
943 4210 1152 4264 dictum
1179 4219 1281 4273 est,
1309 4225 1417 4264 non
1441 4219 1742 4282 utcunque,
1774 4224 1951 4282 neque

320 4300 333 4305 “
369 4306 423 4359 in
460 4312 812 4369 transcursu,
841 4303 937 4359 sed
975 4302 1029 4357 in
1065 4318 1235 4370 scopo
1274 4310 1328 4357 et
1351 4312 1676 4373 argumento
1704 4304 1828 4358 libri
1853 4303 1949 4373 qui
1994 4324 1997 4327 η

367 4395 821 4449 vaticinationem
857 4393 927 4447 de
967 4408 1053 4448 me
1109 4392 1259 4447 facit.
1303 4394 1525 4448 Librum
1589 4404 1770 4448 autem
1811 4394 1952 4449 dixit

372 4493 545 4539 totum
583 4494 743 4539 vetus
794 4483 1253 4538 instrumentum.
1307 4483 1650 4553 Pratcipuum
1699 4484 1845 4538 enim
1895 4491 1951 4539 et

2052 3378 2200 3447 λέγει
2224 3377 2292 3431 δι’
2324 3378 2513 3442 αὐτοῦ,
2544 3379 2625 3432 ὅτι
2663 3398 2682 3431 ι
2725 3379 2879 3433 Ἐπεὶ
2923 3378 3117 3435 θυσίαν
3163 3380 3257 3434 καὶ
3317 3378 3646 3452 προσφορὲν

2051 3472 2152 3524 οὐκ
2182 3470 2478 3540 ἠθέλησας,
2519 3489 2538 3523 s
2592 3470 2716 3524 οὐδὲ
2758 3472 3068 3544 ηὐδόκησας
3117 3472 3187 3526 τὰ
3239 3474 3296 3526 ὲν
3345 3472 3426 3544 τῷ
3484 3474 3644 3544 νόμῳ

2052 3562 2374 3632 τελούμενα.
2408 3564 2518 3616 Καὶ
2548 3563 2649 3616 οὐκ
2708 3558 2887 3628 εἶπεν,
2918 3565 2999 3617 ὅτι
3062 3566 3179 3618 Οὐκ
3222 3564 3465 3628 εὐδοκεῐς
3512 3566 3644 3620 οὐδὲ

2054 3655 2249 3719 θέλεις,
2282 3656 2418 3719 ἀλλ’,
2452 3656 2565 3710 Οὐκ
2596 3656 2893 3726 ἠθέλησας,
2921 3657 3042 3709 οὐδὲ
3075 3658 3402 3731 ηὐδόκησας,
3440 3676 3641 3731 μονον-

2051 3750 2172 3818 ουχὶ
2208 3748 2404 3815 λέγων,
2438 3748 2513 3811 ὡς
2568 3748 2690 3801 Ἀπ’
2725 3749 2895 3818 αὐτῆς
2935 3749 3035 3819 τῆς
3083 3752 3394 3823 καταϐολῆς
3452 3753 3643 3807 αὐτῶν

2054 3841 2149 3894 καὶ
2205 3842 2306 3911 τῆς
2351 3843 2664 3909 εἰσαγωγῆς
2715 3842 2815 3894 οὐκ
2847 3838 2987 3913 ἦσαν
3018 3858 3100 3895 σοι
3130 3841 3194 3896 τὸ
3220 3843 3342 3898 ὅλον
3391 3844 3640 3898 καταθύ-

2055 3950 2168 4004 μιοι
2220 3932 2315 3987 καὶ
2353 3932 2640 4003 εὐάρεστοι
2669 3935 2726 3987 αἱ
2763 3934 2969 3989 θυσίαι.
3010 3935 3171 3989 ’Δλλὰ
3200 3936 3294 3990 καὶ
3325 3937 3380 3990 el’
3430 3954 3483 3990 τι
3536 3938 3641 3991 αῦ-

2051 4021 2159 4075 τῶν
2191 4021 2549 4077 ἀποδέδεκται
2577 4039 2685 4087 σοι,
2722 4022 2811 4092 διὰ
2837 4023 2936 4095 τὴν
2953 4024 3238 4079 ἀσθένειαν
3279 4026 3639 4080 ἀποδέδεκται

2051 4117 2160 4171 τῶν
2218 4117 2625 4188 προσαγόντων.
2697 4116 2850 4170 Ἐπεὶ
2884 4112 2981 4171 οὖν
3017 4120 3112 4170 καὶ
3176 4117 3353 4172 ταῦτα
3401 4118 3633 4183 ἀπώσω,

2051 4209 2147 4263 καὶ
2183 4209 2343 4279 σῶμα
2380 4209 2697 4280 κατηρτίσω
2724 4225 2838 4279 μοι,
2888 4210 3012 4263 τότε
3051 4211 3173 4282 ἥκω
3210 4211 3305 4264 ἐπὶ
3338 4210 3416 4282 τῷ
3474 4210 3637 4282 ποιῆ-

2055 4316 2147 4353 σαι
2177 4299 2235 4353 τὸ
2265 4300 2479 4370 θέλημά
2531 4317 2647 4354 σου.
2705 4299 2875 4353 Τοῦτο
2921 4300 3030 4371 γὰρ
3075 4300 3172 4355 καὶ
3232 4301 3447 4372 εἴρηται
3504 4301 3638 4372 περὶ

2052 4392 2190 4462 ἐμοῦ
2230 4394 2352 4463 οὐχὶ⁵
2386 4392 2573 4457 ἁπλῶς
2608 4394 2702 4447 καὶ
2725 4393 2867 4446 κατὰ
2892 4394 3145 4465 πάροδον,
3171 4394 3309 4447 ἀλλὰ
3336 4395 3635 4463 κεφάλαιον

2050 4487 2148 4538 καὶ
2180 4484 2437 4538 ὑπόθεσιν
2487 4485 2581 4538 τοῦ
2618 4485 2825 4556 βιὸλίου
2859 4485 2959 4556 τὴν
2987 4487 3120 4555 περὶ
3157 4487 3294 4555 ἐμοῦ
3323 4488 3636 4560 πρόρρησιν
3675 4511 3685 4526 ο

369 4575 759 4647 dignissimum
795 4575 998 4630 veteris
1046 4576 1397 4630 instrumenti
1437 4585 1818 4646 argumentum
1850 4593 1944 4631 va-

2061 4579 2396 4648 ποιουμένου.
2431 4578 2645 4631 Βιϐλιον
2695 4578 2774 4643 δὲ,
2815 4579 2943 4647 ὃλην
2972 4578 3119 4647 λέγει
3140 4579 3238 4649 τὴν
3271 4581 3524 4633 παλαιάν.
3559 4580 3636 4633 Τὸ

369 4671 563 4724 ticinia
606 4678 738 4725 sunt
767 4668 835 4723 de
867 4667 1110 4723 Christo.
1146 4685 1165 4719 ι
1211 4666 1557 4722 Sacriﬁcium
1610 4679 1664 4723 ct
1707 4669 1946 4724 oblatio-

370 4776 494 4815 nem
533 4759 782 4815 noluisti.
841 4778 860 4810 ι
911 4758 1012 4814 Hic
1067 4757 1291 4813 aﬂ‘erlur
1334 4757 1540 4813 Chriin
1592 4775 1825 4828 persona
1868 4760 1949 4814 lo-

367 4869 545 4925 quens
577 4853 641 4907 ad
675 4853 920 4907 Patrem.
963 4851 1444 4922 Quandoquidem,
1482 4851 1683 4921 inquit,
1705 4868 1739 4906 ο
1761 4852 1943 4917 Pater,

366 4949 701 5005 sacriﬁcium
733 4957 788 5004 et
820 4950 1156 5003 oblationem
1213 4930 1459 5016 nolui-sti,
1512 4964 1636 5019 qua:
1694 4949 1950 5005 videlicet

364 5044 518 5113 juxta
554 5042 726 5111 legem
750 5042 1082 5104 offeruntur,
1099 5056 1278 5111 neque
1302 5039 1518 5095 l‘uittibi
1548 5042 1949 5111 bcneplacitum

365 5137 421 5190 in
440 5134 903 5190 holocautomatis
922 5135 1212 5205 legalibus,
1241 5134 1345 5189 hoc
1361 5144 1463 5196 est,
1493 5149 1671 5204 neque
1690 5136 1952 5190 holocau-

368 5234 569 5282 tomata
591 5227 916 5295 placuerunt
945 5226 1043 5279 tibi
1069 5231 1163 5279 aut
1196 5240 1261 5279 ea
1287 5224 1526 5279 voluisti.
1566 5243 1585 5276 ι
1617 5224 1681 5278 Ει
1704 5240 1802 5295 pro
1823 5239 1950 5294 pec-

366 5326 509 5375 cato.
544 5338 562 5370 ι
588 5317 705 5372 Ηοο
725 5327 831 5384 est,
859 5319 1065 5373 oblatio
1087 5331 1187 5387 pro
1216 5324 1478 5387 peccato:
1511 5333 1540 5370 a
1558 5317 1838 5372 communi
1868 5317 1953 5371 in-

366 5412 586 5466 tellectu
630 5411 870 5466 sttmitur
904 5408 1121 5464 Placuit
1151 5407 1267 5464 tibi.
1311 5406 1478 5462 Recte
1514 5416 1695 5462 autem
1720 5407 1819 5473 ait,
1845 5405 1953 5461 Pro

397 5511 643 5577 peccato.
679 5500 815 5556 Nam
839 5502 984 5557 inter
1010 5501 1322 5573 sacriﬁcia,
1355 5498 1606 5571 quaedam
1624 5515 1726 5570 pro
1750 5499 1951 5565 salute,

367 5597 615 5666 quaedam
638 5610 769 5651 vero
798 5611 896 5667 pro
926 5604 1158 5665 peccato
1183 5596 1577 5652 ollerebantur.
1613 5596 1691 5649 Ac
1720 5595 1765 5650 si
1789 5593 1940 5647 dice-

2049 4672 2158 4742 γὰρ
2188 4671 2485 4741 κεφάλαιον
2532 4672 2627 4726 καὶ
2684 4674 2717 4741 ή
2777 4672 3181 4743 ἀξιολογωτάτη
3229 4671 3486 4737 ὑπόθεσις
3534 4673 3675 4743 τῆς

2050 4768 2310 4833 παλαιᾶς,
2354 4767 2410 4821 αἱ
2446 4768 2575 4839 περὶ
2617 4768 2856 4838 Χριστοῦ
2890 4768 3229 4839 προρρήσεις
3275 4768 3435 4821 εἰσίν.
3479 4785 3499 4817 ι
3530 4766 3638 4821 Θυ-

2051 4859 2169 4913 σίαν
2222 4861 2315 4913 καὶ
2354 4860 2675 4930 προσφορὰν
2740 4860 2841 4914 οὐκ
2909 4859 3205 4930 ἠθέλησας.
3267 4880 3287 4914 ι
3348 4860 3635 4915 Ἐντεῦθεν

2048 4952 2365 5021 εἰσφέρεται
2395 4952 2456 5004 τὸ
2488 4952 2582 5005 τοῦ
2630 4950 2869 5022 Χριστοῦ
2919 4950 3236 5022 πρόσωπον,
3280 4951 3439 5020 λέγον
3494 4950 3637 5020 πρὸς

2047 5043 2141 5096 τὸν
2213 5042 2455 5113 Πατέρα.
2529 5042 2768 5112 Ἐπειδὴ,
2820 5043 3010 5113 φησὶν,
3062 5036 3109 5096 ῶ
3172 5042 3378 5112 Πάτερ,
3438 5041 3636 5095 θυσίαν

2052 5134 2148 5187 καὶ
2174 5133 2492 5204 προσφορὰν
2529 5133 2631 5187 οὐκ
2689 5133 2984 5205 ἠθέλησας,
3023 5133 3124 5206 τὴν
3146 5132 3291 5188 κατὰ
3322 5132 3488 5203 νόμον
3538 5133 3636 5205 δη-

2047 5227 2220 5279 λονότι
2251 5225 2725 5297 προσφερομένην,
2752 5224 2878 5280 οὔτε
2931 5229 3043 5298 μὴν
3069 5226 3379 5298 ηὑδόκηοας
3430 5226 3489 5278 ὲν
3512 5225 3639 5279 ὀλο·

2051 5316 2375 5388 καυτώμασι
2411 5321 2528 5381 τοῖς
2581 5319 2725 5372 κατὰ
2771 5319 2864 5372 τὸν
2915 5318 3104 5389 νόμον,
3159 5316 3461 5383 τουτέστιν,
3510 5316 3638 5371 οὐδὲ

2050 5409 2480 5482 ὁλοκαυτώματα
2503 5410 2834 5483 ηὑδόκησας,
2866 5412 3035 5484 ἧγουν
3094 5410 3389 5483 ἠθέλησας.
3446 5428 3466 5461 ι
3520 5409 3636 5463 Καὶ

2052 5505 2181 5575 περὶ
2212 5502 2509 5575 ἁμαρτίας.
2550 5523 2569 5557 ι
2601 5505 2886 5570 Τουτέστι,
2920 5503 3242 5577 προσφορὰν
3294 5502 3425 5572 περὶ
3447 5502 3636 5572 ἁμαρ-

2050 5596 2195 5659 τιας.
2269 5596 2403 5650 Ἀπὸ
2488 5597 2670 5652 κοινοῦ
2742 5597 2826 5664 τὸ,
2918 5597 3256 5669 Εὐδόκησας.
3313 5595 3514 5660 Καλῶς
3575 5594 3637 5648 δέ

368 5696 477 5741 ret:
499 5684 769 5753 Quoniam
782 5701 1129 5758 nequaquam
1148 5686 1461 5743 oblationes
1474 5700 1651 5755 neque
1668 5683 1939 5741 sacriﬁcia

2061 5705 2187 5760 φησι
2242 5688 2379 5761 Περὶ
2416 5689 2721 5773 apag-elate.
2782 5687 2906 5745 Τῶν
2968 5689 3078 5761 γὰρ
3137 5687 3364 5755 θυσιῶν,
3418 5687 3474 5742 αἱ
3531 5687 3635 5756 μὲν

406 5864 488 5905 ’⁸³
523 5868 674 5927 Psal.
712 5883 898 5940 cum,
932 5872 1021 5927 ll.
1100 5871 1145 5904 "
1171 5869 1317 5925 Ρεάιι
1350 5884 1537 5935 XXXI!»
1592 5870 1635 5926 7-
