3970 6590
265 380 384 447 ἓὸθ

1327 388 1714 451 εοΜΜΕΝΤ.
1749 390 1834 451 IN
1872 389 2116 453 EPIST.
2164 392 2266 453 AD
2294 392 2526 456 BEBB.

3446 404 3555 468 890

269 495 415 566 ὑπὲρ
444 491 743 566 σωτηρίας,
775 495 830 548 σί
866 494 923 548 δὲ
954 495 1097 567 ὑπὲρ
1129 496 1404 569 ἁμαρτίας
1430 501 1843 572 προσεφέροντο

1962 501 2215 566 voluisti,
2256 518 2438 572 neque
2466 502 2908 558 holocautomata
2948 521 3051 563 nec
3090 520 3192 578 pro
3234 509 3415 567 salute
3449 529 3552 568 nec

267 586 345 649 ὡς
372 587 421 639 εί
448 583 606 640 εἶπεν
640 603 653 618 ·
676 587 834 641 Ἐπεὶ
861 587 1053 643 οὐδένα
1118 590 1319 660 τρόπον
1373 593 1691 664 προσφορᾶς
1742 592 1843 646 οὐδὲ

1966 609 2065 664 pro
2090 603 2339 665 peccato,
2370 596 2531 652 venio
2559 603 2745 666 aptato
2772 611 3004 667 corpore
3023 602 3170 669 quod
3202 602 3396 659 debeat
3416 605 3554 662 allici

266 678 463 742 θυσίας
490 679 827 751 ἠϐουλήθης,
859 681 980 735 οὐδὲ
1015 681 1470 753 ὁλοκαυτώματα,
1505 685 1565 738 οὐ
1600 685 1728 755 περὶ
1752 703 1860 739 σω-

264 772 490 843 τηρίας,
529 774 593 826 οὔ
628 774 760 844 περὶ
816 774 1117 846 ἁμαρτίας,
1155 775 1277 846 ἤκω
1325 775 1486 846 σῶμα
1534 775 1740 843 λαὸὼν,
1802 778 1860 832 τὸ

263 860 478 928 ὀφεῖλον
520 861 778 929 γενέσθαι
809 863 973 917 θυσία
1014 864 1312 936 εὐάρεστός
1354 883 1457 930 σοι,
1495 865 1635 939 ὅπερ
1694 867 1859 931 αὐτός

264 971 358 1022 μοι
390 957 728 1024 κατηρτίσω.
773 957 847 1008 Τὸ
877 954 1104 1028 Πνεῦμα
1139 959 1248 1030 γὰρ
1281 958 1436 1027 ἅγιον
1467 959 1564 1013 καὶ
1602 960 1857 1029 Ὑψίστου

263 1045 522 1117 δύναμις,
585 1049 884 1103 ὲπεσκίασε
933 1052 999 1121 τῇ
1036 1051 1320 1123 Παρθένῳ.
1358 1052 1519 1107 ’Ἥκω
1555 1053 1635 1117 δὲ,
1683 1055 1771 1108 ἵνα
1797 1054 1859 1108 τὸ

265 1139 363 1192 σὸν
404 1142 623 1210 ποιήσω
671 1141 885 1212 θέλημα
933 1143 1027 1196 τοῦ
1076 1144 1311 1214 Πατρός*
1356 1145 1442 1199 ἵνα
1482 1145 1578 1210 οὒς
1615 1138 1895 1212 δέδωκάς,

243 1210 382 1318 ξμοι,
417 1232 494 1304 μὴ
550 1210 819 1288 ἀπολέσῴ
852 1236 912 1303 ιε
958 1237 1159 1291 αὐτῶν.
1200 1210 1491 1306 ’Κεφαλίδα
1539 1240 1594 1294 δὲ
1648 1210 1855 1311 βιϐλίου

239 1322 251 1407 ί
269 1325 519 1399 Ἑϐραῖοι
551 1328 643 1382 τὸν
666 1328 852 1400 Νόμον
879 1330 1061 1399 φασιν,
1130 1329 1357 1394 Ἡσαΐας
1402 1332 1459 1385 δὲ
1489 1332 1550 1386 τὸ
1582 1334 1709 1403 περὶ
1758 1336 1858 1405 τῆς

261 1419 743 1494 ἐνανθρωπήσεως
803 1423 1106 1494 μυστήριον
1155 1424 1251 1477 τοῦ
1313 1424 1654 1494 Μονογενοῦς
1706 1426 1856 1479 διδα-

260 1492 554 1581 σκόμενος,
590 1492 760 1583 ἤκουε
792 1492 814 1543 ’ί
848 1533 866 1566 ι
903 1492 1119 1585 Γρόίψόν
1147 1532 1237 1584 μοι
1272 1518 1353 1579 είς
1414 1492 1577 1572 αὖτὺν
1632 1518 1854 1590 γραφίδι

260 1602 579 1674 ἀνθρώπου.
618 1623 638 1656 ι
692 1605 816 1659 Ὅτι
844 1605 1033 1660 θυσίαν
1067 1608 1158 1660 καὶ
1188 1610 1526 1681 προσφοράν.
1562 1610 1726 1682 Ὁρᾷς
1772 1612 1854 1665 ὅτι

260 1696 318 1747 αἱ
351 1694 536 1749 θυσίαι
578 1697 933 1769 ἐξεϐέϐληντο
964 1701 1058 1753 καὶ
1085 1701 1191 1770 πρὸ
1220 1702 1319 1768 τῆς
1350 1701 1851 1775 ὲνανθρωπήσεως;

258 1788 420 1841 Μετὰ
456 1790 568 1860 γὰρ
597 1789 660 1842 τὸ
701 1789 777 1862 μὴ
814 1790 1041 1864 θελῆσαί
1078 1810 1161 1858 σε,
1192 1794 1346 1863 φησὶ,
1377 1794 1475 1859 τὰς
1529 1794 1722 1859 θυσίας
1754 1797 1851 1851 καὶ

1967 688 2147 742 hostia
2178 690 2276 743 tibi
2315 689 2704 759 beneplaceus,
2749 692 2904 761 quod.
2956 692 3077 761 ipse
3127 694 3262 749 mihi
3322 698 3550 765 aptasti.

1966 778 2102 834 Nam
2149 778 2388 849 Spiritus
2420 790 2713 837 sanctuset
2739 783 3010 840 Altissimi
3047 785 3225 842 virtus
3249 786 3554 842 obumbra-

1966 872 2039 925 vit
2071 870 2285 942 Virgini
2319 875 2388 926 ⁸ο.
2422 872 2596 930 Venio
2641 886 2823 930 autem
2856 886 2913 930 ut
2945 885 3093 933 tuam
3129 878 3331 933 faciam
3354 882 3553 936 volun-

1963 970 2155 1028 tatem,
2211 962 2373 1021 Pater
2402 966 2470 1031 ⁸¹,
2535 975 2670 1035 puta
2734 978 2793 1021 ut
2836 970 3046 1023 nullum
3081 986 3147 1025 ex
3194 971 3279 1027 his
3325 974 3550 1043 perdam

1960 1069 2101 1125 quos
2126 1056 2324 1111 dedisti
2361 1058 2497 1113 mihi
2520 1059 2590 1113 ⁵³.
2613 1057 2780 1131 394
2811 1059 2989 1131 Caput
3017 1078 3149 1118 vero
3199 1063 3325 1119 libri
3350 1066 3546 1121 dicunt

1962 1145 2175 1203 Hebraei
2202 1165 2326 1205 esse
2355 1150 2548 1222 legem.
2599 1152 2772 1208 lsaias
2808 1169 2939 1210 vero
2973 1157 3293 1227 mysterium
3324 1158 3393 1213 de.
3424 1161 3553 1213 uui-

1959 1237 2131 1308 geniti
2155 1239 2541 1297 incarnatione
2577 1242 2830 1310 edoctus,
2862 1246 3072 1300 audivit
3096 1264 3111 1301 :
3135 1265 3154 1299 ι
3197 1247 3386 1304 Scribe
3415 1250 3550 1305 mibi

1960 1329 2015 1383 in
2054 1329 2164 1385 isto
2205 1331 2332 1386 stilo
2363 1332 2602 1390 hominis
2632 1335 2700 1389 ⁵³.
2744 1353 2764 1388 ι
2805 1354 2824 1388 ι
2864 1336 3205 1394 Sacriﬁcium
3232 1347 3287 1394 et
3311 1340 3551 1395 oblatic-

1967 1437 2115 1478 nem.
2156 1442 2174 1476 ι
2210 1422 2379 1482 Vides
2410 1427 2559 1496 quod
2603 1429 2880 1484 sacriﬁcia
2904 1433 3072 1486 etiam
3112 1440 3239 1488 ante
3291 1433 3550 1488 incarna-

1962 1513 2170 1569 tionem
2202 1515 2416 1584 abjecta
2447 1518 2680 1574 essent?
2712 1520 2849 1574 Cum
2884 1523 3030 1575 enim
3060 1522 3236 1579 nolles
3264 1524 3544 1580 sacriﬁcia

1959 1614 2016 1661 et
2059 1606 2530 1678 holocautomata,
2586 1617 2721 1666 tunc
2768 1611 2883 1666 dixi
2937 1631 2951 1667 :
2994 1612 3138 1669 Ecce
3174 1617 3358 1671 venio.
3401 1615 3539 1683 Quis

1956 1697 2099 1753 dixit
2129 1716 2141 1753 :
2182 1698 2321 1754 Ecce
2348 1701 2546 1755 venio?
2572 1701 2830 1758 Christus
2856 1703 3127 1759 videlicet.
3162 1705 3335 1762 Venio
3359 1716 3544 1762 autem

1960 1801 2022 1847 ut
2048 1792 2246 1848 faciam
2271 1795 2611 1850 voluntatem
2645 1807 2816 1850 tuam.
2852 1796 2919 1850 Et
2946 1813 3070 1868 qua
3096 1797 3201 1854 fuit
3235 1798 3419 1856 Patris
3444 1816 3543 1855 ro-

466 1842 479 1856 .
536 1842 548 1860 .
701 1842 715 1861 .
765 1842 777 1862 .
822 1842 868 1844 -ν
1197 1842 1346 1863 την-ν
1388 1842 1473 1859 ms
1535 1842 1719 1859 "'""
1757 1842 1843 1851 -νυ

260 1880 332 1934 τὰ
362 1881 815 1952 ὁλοκαυτώματα,
844 1885 965 1938 τότε
1015 1880 1192 1950 εἷπον,
1225 1887 1359 1941 Ἰδοὺ
1382 1887 1522 1958 ἥκω.
1554 1887 1651 1953 Τίς
1673 1884 1843 1955 εἶπεν,

1966 1842 2020 1847 η-
2048 1842 2246 1848 __-_____
2283 1842 2611 1850 .-._-.-_---.--
2647 1842 2816 1850 ---ηπ
2852 1842 2918 1850 ..-
2947 1842 3068 1868 Tw.
3096 1842 3201 1854 ...η
3235 1842 3257 1852 -
3280 1842 3419 1856 κη...
3453 1842 3541 1855 ,ν-

1957 1882 2163 1951 luntas,
2196 1884 2301 1940 nisi
2338 1891 2398 1939 ut
2433 1882 2609 1940 Filius
2657 1886 3121 1956 crucifigeretur?
3163 1887 3319 1954 Quod
3360 1897 3545 1943 autem

261 1971 395 2024 Ἰδοὺ
425 1972 579 2042 ﬁxa);
621 1972 683 2026 Ὀ
713 1975 946 2044 Χριστὸς
970 1975 1231 2046 δηλονότι.
1268 1976 1426 2032 Ἥκω
1465 1978 1542 2040 δὲ,
1574 1980 1665 2034 ἐπὶ
1690 1979 1768 2051 τῷ
1794 1978 1854 2033 τὸ

259 2062 476 2135 θέλημά
523 2083 619 2119 σου
657 2066 902 2137 ποιῆσαι.
938 2069 1005 2121 Τί
1032 2068 1089 2122 δὲ
1116 2069 1177 2121 τὸ
1223 2068 1435 2142 θέλημα
1467 2070 1562 2125 τοῦ
1597 2072 1809 2142 Πατρὸς
1833 2114 1849 2141 ,

258 2155 294 2227 ἢ
332 2156 425 2209 τὸν
471 2157 601 2211 Υίὸν
651 2159 1068 2230 σταυρωθῆναι;
1120 2162 1244 2216 Ὅτι
1277 2163 1335 2217 δὲ
1365 2164 1459 2218 καὶ
1487 2164 1624 2235 ἥξω,
1691 2165 1848 2237 φησι,

259 2249 358 2301 καὶ
415 2249 478 2302 τὸ
517 2249 734 2323 θέλημά
792 2268 886 2305 σου
943 2253 1174 2321 ποιήσω,
1230 2256 1290 2308 ἐν
1338 2257 1587 2326 κεφαλίδι
1642 2257 1849 2329 βιϐλίου

257 2340 598 2413 γέγραπται)
660 2343 819 2414 φησὶ,
883 2346 1016 2416 περὶ
1068 2345 1203 2417 ἐμοῦ
1250 2346 1447 2403 ταῦτα.
1504 2347 1695 2414 Οὕτως
1742 2350 1847 2423 χρὴ

259 2433 552 2499 συντάξαι.
628 2435 954 2506 Προφητικὰ
1014 2437 1123 2508 γὰρ
1202 2438 1353 2506 ὅντα,
1390 2440 1606 2495 κσκολιά
1674 2444 1844 2498 ἐστιν.

262 2550 282 2584 ι
334 2531 450 2585 Οὐκ
478 2532 774 2604 ἠθέλησας,
799 2534 921 2589 οὐδὲ
942 2535 1261 2607 εὐδόκησας.
1308 2556 1326 2589 ι
1367 2538 1541 2605 Αὐτὸς
1572 2541 1703 2593 αὐτὸ
1756 2542 1848 2611 ἐρ-

259 2624 489 2694 μηνεύει
521 2628 879 2698 σαφέστερον.
941 2646 961 2680 ι
1006 2629 1218 2694 Οἴτινες
1260 2632 1402 2687 κατὰ
1452 2633 1545 2685 τὸν
1599 2633 1784 2704 νόμον.
1820 2654 1839 2687 ι

253 2717 350 2770 τὸν
418 2718 715 2772 Ἰουδαϊκὸν
768 2720 1038 2788 δηλονότι,
1079 2722 1175 2775 καὶ
1231 2724 1337 2777 ὑπὸ
1393 2724 1502 2778 τῶν
1575 2728 1844 2782 Ἰουδαίων

252 2809 313 2862 δὲ
352 2810 778 2881 προσφέρονται.
825 2812 988 2886 Ὁρᾷς
1039 2815 1122 2870 ὅτι
1168 2817 1276 2888 πρὸ
1312 2819 1412 2889 τῆς
1463 2818 1841 2885 καταϐάσεως,

254 2901 598 2973 ἔμεμίσηντο
632 2904 689 2956 αἱ
722 2903 942 2972 θυσίαι;
978 2923 996 2956 ι
1036 2907 1139 2960 Τοῦ
1170 2908 1391 2977 ποιῆσαι
1415 2909 1443 2962 ὀ
1475 2910 1608 2974 Θεὸς
1638 2910 1699 2964 τὸ
1758 2910 1844 2964 θέ-

250 2990 406 3062 λημά
464 3011 585 3050 σου.
652 3014 672 3048 ι
729 2995 794 3048 Τί
844 2991 939 3051 οὖν
977 3014 992 3063 ;
1028 2999 1093 3051 Αἱ
1149 2999 1292 3053 κατὰ
1336 3001 1501 3071 νόμον
1534 3000 1721 3055 θυσίαι
1742 3002 1842 3055 οὐκ

255 3081 402 3156 ἦσαν
433 3086 708 3158 θελήματι
751 3086 932 3155 Θεοῦ;
995 3086 1177 3143 Ἦσαν
1254 3091 1376 3160 μὲν,
1432 3090 1550 3144 ἀλλ’
1593 3093 1838 3160 ἀναγκα-

1954 1986 2010 2033 et
2042 1987 2315 2031 venturus
2334 1978 2436 2032 sim
2461 1984 2517 2032 et
2540 1978 2880 2035 voluntatem
2932 1988 3081 2035 tuam
3119 1980 3387 2046 facturus,
3419 1981 3538 2035 lucc

1956 2064 2011 2121 in
2047 2067 2229 2137 capite
2256 2066 2381 2121 libri
2411 2067 2479 2122 de
2510 2083 2597 2123 me
2627 2069 2836 2139 scripta
2860 2078 3009 2125 sunt.
3044 2070 3125 2125 Ita
3156 2078 3284 2126 sunt
3311 2072 3414 2126 ista
3448 2086 3542 2125 or-

1958 2157 2201 2213 dinanda
2244 2176 2258 2213 :

1953 2262 2211 2307 contorta
2256 2263 2408 2309 sunt.
2440 2271 2457 2305 ι
2492 2252 2754 2320 Noluisti,
2784 2271 2964 2326 neque
2990 2257 3322 2327 placuerunt
3354 2259 3472 2312 tibi.
3516 2277 3537 2310 ι

1952 2343 2072 2414 Ipse
2106 2343 2248 2398 idem
2276 2347 2528 2415 apertius
2580 2346 2994 2417 interpretatur.
3034 2366 3053 2400 ι
3101 2347 3234 2414 Quae
3265 2350 3422 2419 juxta
3463 2353 3544 2407 le-

1950 2451 2093 2506 gem.
2134 2455 2153 2488 ι
2193 2435 2482 2492 Iudaicam
2534 2436 2811 2504 videlicet,
2869 2447 2922 2493 et
2956 2455 3079 2509 quae
3103 2455 3135 2495 a
3165 2438 3369 2496 Judzeis
3407 2443 3544 2498 οιτο-

1950 2535 2171 2582 ruutur.
2221 2526 2388 2583 Vides
2423 2527 2571 2596 quod
2608 2535 2739 2582 ante
2771 2530 2981 2585 Christi
3028 2530 3360 2586 descensum
3410 2533 3541 2588 odio

1950 2619 2292 2675 haberentur
2332 2620 2648 2677 sacriﬁcia?
2683 2640 2702 2674 ‹
2740 2620 2813 2676 Ut
2859 2620 3263 2689 faciam,Deus,
3290 2624 3541 2679 volunta-

1950 2720 2058 2769 tem
2110 2722 2281 2769 tuam.
2322 2732 2341 2765 ›
2408 2712 2550 2780 Quid
2593 2717 2766 2786 ergo?
2806 2713 3096 2770 Sacriﬁcia
3132 2715 3291 2786 juxta
3358 2716 3535 2788 legem

1954 2821 2067 2861 non
2111 2815 2274 2860 erant
2313 2821 2377 2861 ex
2424 2805 2518 2860 Dei
2559 2806 2886 2862 voluntate?
2932 2797 3106 2861 Erant
3146 2808 3392 2876 quidem,
3442 2809 3541 2865 sed

1945 2900 2113 2955 veluti
2145 2907 2355 2954 coacte.
2411 2897 2816 2969 Propemodum
2851 2899 2997 2952 enim
3025 2900 3164 2954 dixit
3197 2900 3312 2957 illis
3344 2919 3358 2956 :
3401 2900 3535 2956 Mihi

1946 2989 2002 3043 in
2056 2992 2375 3044 universum
2418 2990 2858 3060 sanguinolenta:
2898 2992 3137 3045 victimae
3189 3005 3293 3047 suo
3336 3007 3539 3049 cruore

1945 3080 2329 3134 abominandae.
2369 3089 2497 3135 sunt
2526 3097 2541 3146 ;
2582 3081 2676 3135 sed
2697 3083 2960 3151 quoniam
2986 3082 3274 3138 immolare
3300 3084 3534 3154 cupitis,

252 3179 417 3245 στῶς.
457 3181 637 3234 Μόνον
668 3180 776 3251 γὰρ
797 3182 857 3235 οὐ
880 3182 1039 3236 τοῦτο
1059 3179 1213 3236 εἶπεν
1239 3185 1448 3247 αὐτοῖς,
1476 3186 1557 3239 ὅτι
1591 3186 1838 3241 Καθόλου

1951 3171 2079 3225 mihi
2117 3186 2252 3226 sane
2290 3179 2344 3226 et
2380 3185 2487 3225 non
2525 3171 2694 3226 idolis
2729 3172 3056 3228 immolate:
3088 3172 3234 3242 quod
3269 3188 3380 3228 non
3417 3182 3538 3230 erat

253 3277 353 3347 μὲν
381 3277 439 3331 αἱ
468 3275 647 3330 ἒνυλοι
686 3276 868 3330 θυσίαι
908 3277 1032 3347 ἐμοὶ
1049 3277 1126 3348 τῷ
1161 3278 1332 3349 ἀΰλῳ,
1365 3279 1653 3349 βδελυκταί
1679 3282 1840 3336 εἰσιν.

263 3369 404 3422 Ἀλλ’
456 3368 646 3441 ἐπειδὴ
683 3369 1002 3440 ἐπιθυμεῖτε
1034 3369 1204 3434 θύειν,
1257 3372 1383 3441 ἐμοὶ
1431 3371 1562 3440 γοῦν
1617 3375 1713 3427 καὶ
1768 3374 1846 3445 μὴ

249 3463 365 3524 τοῖς
394 3460 643 3524 εἰδώλοις
672 3460 855 3528 θύετε,
881 3462 1019 3533 ὅπερ
1055 3463 1155 3515 οὐκ
1190 3458 1260 3533 ἦν
1291 3463 1535 3535 καθαροῦ
1564 3466 1657 3519 καὶ
1685 3482 1843 3535 πρω-

250 3553 486 3607 τοτύπου
514 3553 839 3624 θελήματος.
890 3571 911 3608 ι
968 3554 1209 3625 Ἀναιρεί
1244 3554 1306 3608 τὸ
1327 3556 1563 3626 πρῶτον.
1600 3576 1620 3609 ι
1683 3559 1843 3611 Ποῖόν

252 3647 365 3698 ἐστι
402 3645 465 3699 τὸ
496 3645 754 3716 πρῶτον;
807 3648 877 3699 Al
908 3645 1111 3701 θυσίαι.
1145 3648 1302 3700 Ποῖον
1332 3647 1390 3701 δὲ
1430 3648 1492 3701 τὸ
1538 3648 1834 3721 δεύτερον;

263 3737 321 3791 ὀ
351 3739 612 3810 σταυρός.
642 3739 707 3791 Al
737 3739 917 3793 θυσίαι
938 3735 1033 3794 οὖν
1070 3739 1443 3807 ἔκδάλλονται,
1476 3743 1572 3796 καὶ
1616 3744 1646 3797 ὁ
1676 3760 1843 3796 σταυ-

255 3825 362 3895 ρὸς,
392 3826 696 3894 τουτέστιν,
728 3829 762 3897 ἡ
796 3827 889 3881 τοῦ
922 3829 1160 3900 Χριστοῦ
1188 3829 1373 3897 θυσία,
1420 3832 1838 3899 ἀντεισάγεται.

257 3931 278 3966 ι
310 3916 402 3967 Ἐν
441 3908 488 3984 ᾧ
538 3916 807 3988 θελήματι
862 3920 1188 3990 ἡγιασμένοι
1222 3922 1411 3991 ἐσμέν.
1442 3941 1461 3974 ι
1499 3923 1578 3975 Δι’
1633 3920 1693 3978 οὗ
1751 3923 1840 3977 θε-

251 4005 512 4076 λήματος,
544 4010 734 4078 φησὶν,
788 4012 1114 4082 ἡγιασμένοι
1167 4013 1314 4068 ἐστε.
1381 4014 1547 4067 ΙΙοίου
1601 4018 1835 4084 ratirati;

255 4096 354 4150 Τοῦ
390 4100 655 4171 σταυροῦ,
703 4102 803 4171 τῆς
879 4106 1197 4177 προσφορᾶς
1271 4105 1366 4160 τοῦ
1432 4108 1685 4177 σώματος
1743 4108 1838 4163 τοῦ

252 4191 511 4261 Χριστοῦ.
543 4194 618 4246 Οὐ
659 4195 767 4265 γὰρ
799 4196 957 4265 μόνον
990 4198 1237 4267 ἀφέσεως
1268 4201 1668 4271 τετυχήκαμεν,
1702 4202 1838 4256 ἀλλὰ

254 4284 340 4335 καὶ
369 4286 739 4357 ἡγιάσθημεν.
772 4307 792 4340 ι
829 4289 893 4341 Οἱ
926 4289 1014 4342 διὰ
1040 4293 1140 4361 τῆς
1170 4295 1491 4364 προσφορᾶς
1518 4294 1613 4347 τοῦ
1648 4294 1838 4365 σώμα-

254 4391 333 4437 τος
362 4375 541 4448 Ἰησοῦ
591 4380 852 4450 Χριστοῦ.
892 4400 912 4432 ι
953 4383 1084 4437 Ἰδοὺ
1116 4386 1451 4455 ἡρμήνευσε,
1496 4387 1548 4439 τί
1581 4388 1727 4440 ἐστιν
1777 4387 1838 4442 τὸ

257 4464 459 4538 θέλημα
516 4470 613 4522 τοῦ
672 4471 884 4541 Πατρός
919 4474 990 4544 ’ἡ
1050 4478 1337 4545 προσφορὰ
1394 4475 1488 4528 τοῦ
1573 4476 1832 4546 σώματος

1949 3277 2099 3329 purre
2138 3276 2203 3315 ac
2253 3261 2532 3331 primariae
2586 3261 2916 3318 voluntatis.
2979 3279 2999 3313 ι
3063 3260 3235 3317 Tollit
3283 3264 3457 3332 prius.
3508 3283 3529 3315 ι

1947 3354 2233 3421 Quodnam
2262 3363 2349 3409 est
2388 3355 2590 3424 prius?
2636 3353 2946 3408 Sacriﬁcia.
3002 3352 3294 3422 Quodnam
3347 3364 3533 3410 autem

1946 3454 2031 3500 est
2074 3446 2407 3516 posterius?
2454 3444 2602 3501 Crux
2652 3454 2709 3501 et
2750 3460 2903 3500 mors
2944 3444 3178 3501 Christi.
3222 3444 3536 3516 Ejiciuntur

1956 3539 2144 3609 itaque
2176 3539 2455 3593 sacriﬁcia
2496 3547 2587 3593 :et
2615 3552 2774 3603 crux,
2808 3538 2912 3593 hoc
2947 3547 3035 3593 est
3066 3537 3275 3592 Christi
3317 3539 3536 3594 sacriﬁ-

1945 3638 2111 3702 cium,
2150 3650 2338 3689 eorum
2363 3635 2484 3687 loco
2514 3633 2909 3688 introducitur.
2953 3651 2972 3684 ι
3006 3632 3109 3688 Per
3133 3647 3300 3702 quam
3337 3633 3537 3688 volun-

1947 3737 2114 3784 tatem
2146 3726 2477 3784 sanctiﬁcati
2509 3741 2722 3781 sumus.
2766 3743 2784 3778 ι
2822 3724 2924 3779 Per
2956 3740 3148 3796 quam,
3196 3724 3397 3794 inquit,
3426 3740 3529 3779 vo-

1948 3822 2212 3874 luntatem
2238 3802 2571 3873 sanctiﬁcati
2601 3818 2758 3872 catis.
2783 3814 3046 3883 Quaenam
3072 3822 3158 3871 est
3189 3815 3532 3878 lmc?Crux,

1942 3908 2169 3971 oblatio,
2200 3922 2403 3979 corpus
2435 3907 2667 3961 Christi.
2694 3905 2885 3976 Neque
2941 3905 3088 3960 enim
3133 3905 3519 3961 remissionem

1944 4009 2155 4056 tantum
2181 3999 2465 4056 consecuti
2491 4013 2706 4063 sumus,
2740 3998 2835 4053 sed
2862 4003 2917 4051 et
2945 3997 3278 4052 sanctiﬁcati
3313 4014 3525 4051 sumus.

1949 4113 1968 4147 ι
2004 4091 2111 4160 Qui
2141 4090 2290 4145 illam
2329 4104 2425 4159 per
2445 4088 2778 4142 oblationem
2804 4086 3057 4156 corporis
3085 4084 3219 4141 Jesu
3243 4085 3472 4140 Christi.
3505 4108 3525 4140 ι

1946 4186 2081 4240 licee
2116 4185 2515 4252 interpretatus
2542 4187 2626 4235 est.
2652 4194 2903 4249 (ptzetiam
2930 4181 3002 4233 sit
3028 4179 3286 4233 voluntas
3316 4177 3522 4245 Patris,

1941 4288 2138 4343 nempe
2175 4271 2383 4327 oblatio
2423 4269 2673 4338 corporis
2696 4267 2924 4323 Christi.
2950 4268 3086 4322 Cum
3115 4267 3260 4320 enim
3290 4266 3347 4321 in
3380 4283 3524 4335 pra:-

1941 4363 2265 4421 cedentibus
2303 4369 2357 4417 ct
2416 4361 2782 4431 sequentibus
2834 4358 2905 4414 de
2957 4359 3240 4413 voluntate
3293 4358 3524 4424 dixerit,

1943 4466 2351 4529 consequenter
2376 4455 2652 4526 expressit
2702 4468 2825 4524 quin
2859 4453 2934 4509 sit
2982 4453 3261 4508 voluntas.
3292 4469 3312 4503 ι
3343 4451 3525 4507 Semel

255 4559 338 4612 τοῦ
367 4534 630 4631 Χριστοῦ.
687 4534 908 4635 Ἐπειδὴ
939 4534 1048 4637 γδιρ
1095 4534 1219 4619 ἀνω-
1248 4534 1341 4621 viai
1390 4567 1545 4621 κάτω
1573 4534 1703 4639 περὶ
1752 4534 1840 4623 θεῖ-

1951 4560 2253 4622 peractam.
2294 4568 2313 4601 ι
2350 4547 2467 4603 Hoc
2495 4555 2599 4610 est,
2650 4546 2846 4601 nonin
2890 4545 3113 4601 modum
3166 4543 3522 4600 Judaicorum

256 4648 486 4722 λήματος
516 4654 727 4724 ἔλεγεν,
789 4653 911 4710 εἷπε
956 4658 1164 4725 λοιπὸν,
1212 4660 1266 4712 τί
1302 4663 1416 4712 ἑστι
1476 4662 1537 4713 τὸ
1600 4660 1832 4732 θέλημα.

261 4760 278 4792 ε
321 4745 595 4813 Ἐφάπαξ,
622 4766 642 4799 ι
684 4749 838 4818 φησὶ,
869 4750 1166 4816 τουτέστιν,
1211 4751 1271 4803 οὐ
1310 4753 1452 4805 κατὰ
1496 4752 1586 4805 τὸν
1634 4752 1835 4823 τρόπον

255 4837 350 4891 τῶν
375 4840 695 4895 Ἰουδαϊκῶν
726 4841 950 4906 θυσιῶν,
1002 4844 1364 4914 ἀλλ’ὲφόιπαξ.
1402 4864 1420 4896 ι
1470 4845 1768 4915 Ἐφ’ἆπαξ.
1806 4865 1824 4898 ι

256 4928 310 4981 Οἱ
359 4932 446 4987 διὰ
507 4934 611 5004 τῆς
648 4934 867 5004 ἐφάπαξ
920 4940 1235 5009 προσφορᾶς
1273 4938 1366 4991 τοῦ
1424 4936 1675 5008 σώματος
1717 4938 1824 5010 Ἰη-

258 5022 339 5075 σοῦ
365 5025 632 5097 Χριστοῦ.

316 5118 420 5170 Καὶ
456 5117 579 5185 πᾶς
612 5120 733 5188 μὲν
766 5120 957 5189 ἱερεὺς
985 5121 1207 5188 ἕστηκε
1229 5114 1360 5177 22a0‘
1410 5123 1642 5192 ἡμέραν
1697 5128 1823 5178 λει-

256 5209 525 5279 τουργῶν,
580 5212 680 5265 καὶ
733 5214 840 5279 τὰς
868 5213 1058 5280 αὐτὰς
1104 5214 1399 5281 πολλάκις
1471 5215 1828 5285 προσφέρων

258 5299 460 5365 θυσίας
487 5338 501 5363 ,
548 5302 777 5367 αἵτινες
837 5302 1124 5357 οὐδέποτε
1183 5303 1476 5358 δύνανται
1531 5306 1828 5371 περιελεῖν

258 5389 552 5460 ἁμαρτίας.
579 5395 776 5460 Αὐτὸς
817 5394 887 5447 δὲ
910 5396 1058 5463 μίαν
1094 5395 1249 5465 ὑπὲρ
1296 5397 1600 5465 ἁμαρτιῶν
1638 5413 1828 5464 προσο

255 5481 492 5551 ἐνέγκας
547 5489 794 5551 θυσίαν,
849 5491 937 5554 εις
989 5488 1057 5542 τὸ
1108 5488 1386 5557 διενηκὲς
1437 5489 1722 5543 ἐκάθισεν
1760 5490 1830 5543 ἐν

255 5569 413 5641 δεξιᾷ
475 5577 585 5631 τοῦ
629 5579 801 5644 Θεοῦ,
841 5580 910 5635 τὸ
973 5582 1194 5635 λοιπὸν
1243 5580 1664 5651 ἐκδεχόμενος,
1712 5581 1824 5647 ἕως

256 5665 494 5722 τεθῶσιν
531 5673 588 5724 οἱ
636 5672 841 5743 ἐχθροὶ
866 5675 1055 5729 αὐτοῦ
1106 5674 1447 5730 ὑποπόδιον
1477 5673 1595 5728 τῶν
1618 5675 1823 5730 ποδῶν

346 5848 387 5882 ⁵⁰
420 5851 554 5908 Luc.
595 5868 611 5907 ι
649 5854 740 5911 55.
816 5855 862 5892 ⁸³
886 5854 1053 5912 .loan.
1088 5871 1160 5926 il,
1197 5855 1287 5913 '58.
1366 5859 1412 5891 ⁸²
1439 5857 1598 5915 Joan.
1632 5873 1786 5927 svnt,
1817 5861 1870 5917 9.

1944 4642 2373 4704 sacriﬁciorum,
2421 4638 2517 4694 sed
2569 4636 2739 4693 semel
2791 4636 2846 4690 id
2893 4636 3096 4690 factum
3148 4643 3253 4689 est.
3285 4653 3305 4687 ι
3343 4633 3523 4690 Semel

1942 4745 2245 4804 peractam.
2278 4750 2296 4783 ι
2355 4729 2459 4798 Qui
2529 4730 2677 4783 illam
2727 4744 2824 4799 per
2878 4729 3213 4785 oblationem
3271 4729 3523 4799 corporis

1938 4824 2071 4879 Jcsu
2146 4822 2354 4877 Christi
2430 4819 2602 4877 semel
2685 4825 2964 4889 peractam
3047 4819 3334 4874 consecuti
3413 4834 3516 4876 su-

1938 4936 2084 4975 IIIUS.

2004 5116 2073 5183 Χ,
2112 5118 2167 5170 Η
2187 5115 2297 5170 -l8.
2329 5114 2393 5167 Et
2417 5112 2589 5168 omnis
2620 5113 2830 5181 quidem
2866 5112 3116 5166 sacerdos
3149 5114 3357 5167 assistit
3386 5131 3521 5185 qua-

1937 5213 2070 5266 tidie
2102 5227 2258 5265 sacra
2288 5224 2562 5279 peragens,
2595 5218 2643 5263 et
2676 5206 2888 5261 easdem
2913 5208 3108 5277 swpius
3152 5208 3377 5277 o/ferens
3425 5210 3522 5262 lto-

1951 5305 2110 5370 stias,
2147 5317 2265 5372 qua:
2301 5316 2571 5371 nunquam
2601 5301 2808 5369 possint
2861 5300 3073 5368 auferre
3116 5310 3355 5366 peccata.
3420 5297 3523 5353 llic

1939 5413 2059 5453 τοῖο
2095 5412 2204 5449 una
2225 5393 2388 5465 395
2412 5410 2509 5464 pro
2528 5394 2759 5463 peccatis
2788 5392 2967 5446 oblata
2995 5394 3230 5456 ristima,
3267 5401 3519 5460 perpetuo

1937 5486 2079 5540 sedet
2121 5482 2190 5537 ad
2219 5484 2495 5536 dexteram
2529 5481 2647 5548 Dei,
2681 5480 2737 5535 id
2768 5479 2909 5552 quod
2938 5491 3174 5547 superest
3205 5488 3517 5548 exspectans
3575 5466 3582 5480 ’

1938 5580 2106 5635 donec
2137 5579 2299 5648 positi
2348 5579 2455 5633 sint
2487 5580 2692 5633 inimici
2739 5580 2908 5645 ipsius
2976 5577 3267 5632 scabellum
3322 5581 3518 5643 pedum

1940 5691 2183 5729 suorum.
2239 5671 2407 5727 Unica
2458 5675 2597 5729 enim
2634 5675 2903 5730 oblatione
2950 5671 3208 5742 perfectos
3257 5670 3427 5740 eiecit
3459 5669 3515 5725 iu

1950 5858 2001 5891 ⁸⁸
2024 5855 2135 5914 lsa.
2162 5868 2287 5922 rm,
2323 5854 2372 5912 1.

2308 2174 2433 2214 nam
2490 2176 2616 2215 cum
2670 2162 2994 2233 pr0phetica
3046 2165 3181 2231 sint,
3216 2165 3438 2235 obliqua
3489 2174 3545 2220 et
3622 2170 3624 2172 ’

3567 5568 3575 5599 l
