3970 6608
507 428 617 490 3‘35

1603 428 2011 488 ‘(ECUMENII
2045 429 2336 491 TRlCCrE
2373 432 2712 493 EPISCOPI

3647 437 3753 504 1'96

504 557 658 614 spem
713 503 925 599 ﬁrmam
985 553 1039 600 et
1089 545 1490 599 Inconcussam.
1537 543 1711 610 Quam
1760 547 1953 615 spem?
2004 545 2068 602 Ut

2179 547 2280 619 τῆς
2327 548 2540 612 ἐλπίδος
2590 548 2792 618 ταύτης
2831 548 3125 618 ὁμολογίαν
3177 549 3404 618 βεϐαίαν
3451 553 3544 606 καὶ
3619 557 3757 609 ἀσα-

503 651 786 706 speremus
804 652 900 708 per
913 638 1231 710 sanguinem
1249 636 1453 692 Christi
1481 638 1764 694 introitum
1780 641 1832 694 in
1851 640 2074 705 coalum,

502 729 647 796 quod
700 745 794 800 per
826 731 1003 802 ipsum
1048 731 1401 801 ignoscantnr
1458 731 1617 786 nobis
1647 742 1890 802 peccata,
1932 735 2076 804 quod

503 837 602 892 per
637 823 814 892 ipsum
849 825 997 894 digni
1030 823 1328 878 habeamur
1353 825 1444 894 qui
1477 825 1529 878 in
1557 825 1697 880 ﬁlios
1728 825 2072 896 adoptemur.

510 914 743 970 «Fidelis
781 917 926 970 enim
962 925 1048 971 est
1094 916 1185 986 qui
1233 917 1505 986 promisit.
1541 936 1562 970 ι
1597 917 1709 972 lloc
1748 928 1852 981 est,
1886 934 2072 974 veras.

502 1004 642 1072 Quid
683 1017 865 1062 autem
897 1007 1192 1076 promisit?
1229 1008 1390 1074 Quod
1433 1010 1850 1080 ingrederemnr
1893 1013 1946 1066 in
1985 1027 2074 1066 re-

503 1115 672 1168 gnum
723 1101 917 1170 ipsius.
956 1119 975 1152 ι
1004 1098 1176 1164 Volo,
1213 1102 1426 1172 inquit,
1483 1111 1542 1157 ut
1582 1104 1672 1158 ubi
1713 1119 1832 1158 sum
1863 1120 1964 1174 ego
2021 1113 2075 1160 et

503 1189 605 1259 ipsi
642 1191 754 1245 sint
801 1204 1016 1246 mecum
1042 1190 1108 1248 ".
1139 1209 1157 1244 ι
1197 1193 1346 1248 Dixit
1388 1195 1558 1263 extim,
1586 1193 1718 1265 Ipsi,
1750 1207 1973 1268 propter
2013 1199 2076 1252 tt-

499 1279 673 1337 deles.

988 1471 1162 1544 393
1195 1471 1420 1529 CAPUT
1484 1471 1626 1530 xw.

503 1583 821 1642 Exhortatio
864 1587 932 1641 ad
979 1589 1224 1644 virtutem
1276 1605 1342 1644 ea:
1393 1590 1581 1644 timore
1631 1588 1803 1659 futuri
1854 1590 2070 1660 jndicii.

568 1741 636 1805 Χ,
673 1741 764 1807 24,
790 1743 881 1798 ΞΒ.
918 1742 985 1798 Et
1027 1745 1421 1800 consideremus
1453 1762 1546 1802 nos
1578 1739 1797 1800 invicem
1825 1748 1878 1802 in
1897 1747 1992 1802 hoc
2014 1758 2071 1802 ut

495 1849 833 1902 provocemus
859 1837 928 1890 ad
951 1836 1266 1893 charitalem
1299 1849 1347 1894 et
1383 1844 1518 1893 bona
1563 1855 1743 1908 Opera,
1787 1856 1890 1893 non
1920 1840 2070 1896 dese-

2181 637 2387 692 λευτον.
2426 640 2592 702 Ποίας
2635 640 2888 706 ἐλπίδος;
2948 641 3021 694 Τὸ
3085 641 3327 705 ἐλπίζειν
3377 642 3467 696 διὰ
3524 644 3625 697 τοῦ
3666 647 3755 698 αἷ-

2183 747 2352 799 ματος
2373 731 2466 783 τοῦ
2502 733 2740 802 Χριστοῦ
2796 733 2894 802 τὴν
2933 734 3013 796 είς
3063 733 3328 803 οὐρανοὺς
3374 735 3601 790 ετσοδον.
3657 737 3752 801 Τὸ,

2179 823 2441 890 ἀφεῖσθαι
2478 825 2610 894 ἡμῖν
2639 825 2706 876 δι’
2731 826 2903 878 αὐτοῦ
2968 827 3065 891 τὰς
3116 828 3413 896 ἁμαρτίας.
3464 830 3558 891 Τὸ,
3593 829 3759 892 ἀξιω-

2179 914 2440 984 θήσεσθαι
2483 915 2753 979 υἱοθεσίας
2785 917 2850 970 δι’
2879 918 3067 971 αὐτοῦ.
3134 935 3155 970 ι
3183 919 3378 982 Πιστὸς
3427 920 3556 989 γὰρ,
3603 939 3763 974 »του-

2177 1009 2375 1072 τέστιν,
2414 1025 2434 1059 ι
2464 1007 2667 1078 ἀληθὴς
2711 1011 2740 1062 ὁ
2789 1010 3272 1078 ἐπαγγειλάμενος.
3309 1030 3327 1060 ι
3378 1012 3442 1063 Τί
3490 1013 3547 1064 δὲ
3579 1014 3760 1080 ἐπηγ-

2177 1101 2430 1167 γείλατο;
2464 1102 2524 1153 τὸ
2555 1100 2816 1156 είοελθεῖν
2845 1104 2994 1172 ἡμᾶς
3017 1103 3099 1165 είς
3122 1105 3218 1171 τὴν
3257 1103 3532 1174 βασιλείαν
3560 1105 3757 1157 αὑτοῦ·

2183 1209 2202 1242 ι
2235 1193 2384 1245 Θέλω
2410 1193 2537 1262 γὰρ,
2575 1194 2761 1264 φησὶν,
2811 1193 2898 1247 ἵνα
2950 1195 3086 1247 ὅπου
3110 1196 3223 1264 είμὶ
3284 1195 3415 1262 ἐγὼ,
3454 1197 3548 1248 καὶ
3605 1191 3760 1250 οὗτοι

2173 1276 2277 1336 ὦσι
2325 1284 2442 1354 μετ’
2469 1286 2624 1356 ἐμοῦ.
2657 1305 2676 1338 ι
2715 1288 2788 1340 Τὸ
2813 1287 2945 1357 γὰρ,
2989 1281 3172 1354 Οὗτοι,
3203 1287 3291 1342 διὰ
3339 1291 3465 1352 τοὺς
3525 1291 3761 1352 πιστοὺς

2176 1372 2350 1431 εἷπεν.

2777 1471 3032 1528 ΚΕΦᾹΛ.
3067 1473 3163 1526 ΙΔ’.

2174 1582 2492 1652 Προτροπὴ
2544 1584 2823 1652 σπουδῆς
2870 1587 3018 1671 κατὰ
3074 1589 3262 1657 φόϐον
3310 1586 3422 1657 τῆς
3486 1589 3761 1656 μελλού-

2737 1673 2856 1722 σης
2884 1674 3137 1725 κρισεως

2243 1743 2349 1798 Καί
2393 1745 2779 1814 κατανοῶμεν
2837 1746 3150 1813 ἀλλήλους
3209 1749 3297 1813 είς
3353 1746 3765 1816 παροξυσμὸν

2173 1834 2410 1904 ἀγάπης
2449 1837 2548 1890 καὶ
2587 1837 2793 1891 καλῶν
2837 1839 3049 1909 ἔργων,
3099 1839 3185 1908 μὴ
3243 1839 3763 1909 ἐγκαταλιπόντες

497 1936 669 1982 rentes
694 1931 1115 2000 aggregationem
1148 1933 1340 1997 nostri,
1366 1934 1527 1987 sicuti
1582 1951 1694 1987 mos
1732 1943 1809 1988 est
1840 1934 2068 1988 nonnul-

2178 1931 2290 1996 τὴν
2315 1930 2781 2000 ἐπισυναγωγὴν
2811 1905 3062 1998 ἑαυτῶν,
3353 1934 3492 1998 ἔθος
3563 1933 3758 1998 τισὶν,

497 2019 563 2074 lis
597 2037 614 2075 :
655 2022 747 2077 sed
778 2023 1141 2089 exhortantes,
1169 2023 1326 2094 idque
1354 2024 1450 2078 hoc
1488 2025 1656 2095 magis
1701 2025 1844 2096 quod
1872 2027 2062 2081 videtis

497 2113 1007 2184 appropinquantem
1036 2117 1196 2170 diem.

573 2224 592 2256 ι
623 2205 690 2260 Ει
720 2207 1132 2264 consideremus
1186 2224 1285 2264 nos
1327 2208 1578 2271 invicem,
1619 2228 1638 2262 ο
1683 2209 1828 2280 quod
1875 2209 2074 2265 fratres

497 2303 712 2356 simus:
746 2301 888 2371 quod
932 2317 1060 2371 grex
1097 2317 1238 2357 unus
1278 2304 1446 2359 unius
1478 2303 1714 2372 pastoris
1743 2320 1756 2356 :
1791 2302 1893 2356 hoc
1925 2304 2071 2357 enim

495 2395 717 2464 augebit
757 2403 1003 2449 mutuam
1027 2392 1405 2450 dilectionem.
1452 2398 1560 2449 Aut
1593 2397 2004 2451 consideremus
2028 2395 2073 2450 si

495 2490 622 2557 quis
650 2486 857 2554 probus
911 2488 1004 2551 sit,
1051 2495 1111 2540 ut
1146 2487 1289 2542 hunc
1344 2488 1644 2542 imitemur.
1677 2489 1784 2542 Ant
1827 2490 1970 2543 circa
2007 2503 2071 2542 ea

494 2595 598 2635 nos
650 2581 883 2635 invicem
928 2579 1363 2643 consideremus,
1400 2595 1634 2648 quorum
1679 2579 1972 2634 curiositas
2018 2585 2072 2634 ct

493 2681 812 2728 scrutamon
849 2686 914 2726 ac
955 2671 1346 2736 consideratio,
1373 2675 1440 2726 ad
1473 2673 1822 2728 dilectionem
1853 2674 2072 2727 exacuit

495 2774 551 2820 et
575 2763 768 2820 incitat
795 2783 809 2819 :
842 2763 946 2819 hoc
977 2775 1159 2819 autem
1203 2764 1410 2818 faciunt
1443 2765 1537 2834 qni
1570 2765 1706 2819 nihil
1736 2781 1960 2834 pravnt-n
2003 2765 2071 2821 tle

495 2873 557 2914 se
587 2856 820 2914 invicem
863 2857 1068 2923 ferunt,
1094 2858 1278 2913 omnia
1323 2865 1503 2912 autem
1551 2860 1606 2912 in
1643 2859 1839 2913 bonam
1891 2873 1952 2911 ac
1979 2872 2071 2911 sa-

489 2951 704 3010 niorem
741 2960 950 3020 partem
993 2950 1268 3020 rejiciunt,
1297 2951 1462 3006 etiam
1503 2967 1624 3022 quin
1659 2953 1912 3005 videntur
1949 2965 2072 3006 esse

492 3043 718 3099 delicta.
757 3063 774 3096 ι
806 3043 874 3098 Ut
908 3059 1273 3114 provocemus
1307 3043 1374 3098 ad
1405 3045 1755 3099 charitatem.
1789 3062 1806 3095 ι
1835 3040 1905 3098 Ut
1942 3057 2072 3098 csa-

491 3148 726 3189 cuamus
770 3143 824 3190 et
873 3149 1175 3203 augeamus
1226 3143 1472 3188 mutuam
1523 3135 1892 3189 dilectionem.
1945 3153 1962 3185 ι
2004 3133 2070 3187 Et

491 3226 638 3282 bona
672 3241 858 3296 opera.
885 3246 905 3279 ι
946 3225 1011 3282 Ει
1043 3234 1103 3282 ut
1127 3242 1458 3282 exacuamur
1498 3228 1564 3281 ad
1590 3228 1916 3282 imitandum
1950 3227 2068 3281 illos

492 3322 584 3389 qui
616 3327 907 3373 versantur
952 3319 1008 3373 in
1048 3319 1212 3374 bonis
1251 3319 1532 3388 cperibus.
1563 3335 1581 3370 ι
1610 3319 2063 3389 Aggregationcm

491 3415 688 3470 nostri.
729 3432 746 3464 ο
793 3410 862 3468 Ut
885 3427 1104 3482 semper
1133 3411 1186 3465 in
1227 3410 1478 3466 eumdem
1508 3410 1686 3464 locum
1712 3411 2062 3473 conveniant,

494 3502 808 3558 dilectionis
833 3509 916 3558 est
975 3500 1356 3572 productivum
1391 3516 1406 3554 :
1446 3500 1651 3554 idcirco
1689 3499 1943 3569 prohibet
1976 3515 2067 3554 se-

496 3596 836 3666 parationcm
864 3611 877 3647 :
908 3609 1048 3664 opus
1085 3592 1230 3648 enim
1258 3591 1546 3646 charitatis
1568 3606 1674 3646 non
1707 3601 1792 3647 est
1842 3592 2064 3656 divisio,

493 3687 587 3742 sed
617 3685 774 3740 fortis
804 3693 859 3740 et
888 3692 1082 3740 exacta
1107 3684 1258 3738 unio.
1289 3683 1739 3754 Aggregationem
1773 3683 2067 3754 appellavit

493 3791 741 3834 mutuum
782 3791 1140 3833 consensum.
1194 3793 1213 3828 ι
1260 3774 1366 3829 Sed
1413 3775 1788 3831 exhortantes.
1834 3795 1853 3829 ι
1907 3775 2060 3843 Quae-

492 3866 659 3923 nam?
698 3868 1143 3939 aggregationem
1199 3865 1414 3931 nostri,
1461 3865 1563 3920 hoc
1624 3875 1740 3934 est,
1794 3880 2062 3926 mutuam.

493 3963 628 4018 Nam
669 3977 698 4016 a
738 3963 1015 4018 communi
1046 3976 1212 4016 sensu
1251 3961 1640 4016 resnmendnm
1687 3971 1770 4018 cst
1803 3979 2067 4035 aggrega-

495 4056 699 4110 tionem
742 4055 939 4111 nostri.
984 4053 1307 4110 Exhortatio
1348 4067 1480 4108 vero
1515 4055 1918 4126 aggregationis
1957 4065 2064 4123 est,

493 4156 554 4200 ut
583 4158 834 4216 prompte
863 4154 918 4201 et
948 4145 1113 4215 longo
1140 4153 1387 4215 tempore
1413 4145 1572 4201 nobis
1603 4156 1798 4200 mutuo
1829 4147 2070 4218 conjun-

493 4254 795 4309 gamur.-—-
833 4238 952 4291 Alio
981 4238 1156 4291 modo.
1224 4254 1245 4288 s
1278 4235 1384 4292 Sed
1452 4238 1829 4293 exhortantes.
1879 4254 1900 4288 ι
1965 4237 2068 4290 lm-

493 4329 808 4386 bceilliorcs
841 4327 1120 4383 videlicet.
1147 4327 1212 4381 Et
1251 4335 1421 4388 tanto,
1459 4326 1661 4398 inquit,
1699 4327 1860 4384 nobis
1894 4327 2069 4398 magis

495 4436 638 4491 opus
683 4427 768 4476 est
806 4420 1132 4476 charitatem
1172 4433 1238 4474 ac
1281 4418 1421 4474 bona
1465 4433 1632 4490 opera
1672 4419 1988 4476 desiderare
2014 4428 2070 4476 et

491 4511 751 4581 adipisci,
778 4520 986 4580 quanto
1024 4509 1202 4580 magis
1257 4509 1665 4579 appropinquat
1695 4509 1814 4565 dies
1851 4508 2065 4579 judicii.

2174 2021 2335 2075 ἀλλὰ
2419 2025 2934 2092 παρακαλοῦντες,
2991 2023 3089 2078 καὶ
3156 2024 3453 2079 τοσοῦτον
3483 2023 3761 2094 μᾶλλον,

2175 2116 2300 2182 ὅσῳ
2327 2118 2591 2182 ,βλέπετε
2632 2115 2985 2186 ἐγγίζουσαν
3015 2115 3130 2182 τὴν
3165 2115 3414 2184 ἡμέραν.

2251 2227 2270 2258 ι
2315 2209 2424 2260 Καὶ
2487 2210 2915 2277 κατανοήσωμεν
2969 2207 3252 2276 ἀλλήλους,
3307 2225 3326 2258 ι
3392 2209 3498 2270 ὅτι,
3555 2209 3760 2276 φησὶν,

2173 2298 2394 2366 ἀδελφοί
2464 2299 2652 2369 ἐσμεν,
2707 2300 2787 2350 ὅτι
2841 2299 3045 2368 ποίμνη
3099 2298 3195 2366 μία
3269 2297 3528 2369 ποιμένος
3607 2299 3758 2358 ἑνός.

2173 2392 2344 2444 Τοῦτο
2381 2391 2490 2463 γὰρ
2519 2392 2747 2462 αὐξήσει
2787 2392 2884 2462 τὴν
2915 2393 2994 2454 εἰς
3039 2390 3305 2463 ἀλλήλους
3362 2393 3608 2459 ἀγάπην.
3682 2392 3764 2444 Ἦ

2173 2485 2526 2555 κατανοῶμεν
2567 2487 2618 2540 ετ
2656 2503 2739 2549 τις
2785 2486 3065 2556 ἐνάρετος,
3116 2485 3202 2537 ἵνα
3251 2485 3440 2538 τοῦτον
3467 2485 3761 2554 ζηλῶμευ.

2175 2577 2258 2628 Ἢ·
2276 2593 2338 2630 πε
2348 2578 2402 2646 ρ).
2424 2579 2608 2630 ἐκεῖνα
2639 2576 2902 2646 ἀλλήλους
2956 2571 3314 2646 κατανοῶμεν
3349 2617 3364 2642 ,
3395 2571 3469 2630 ὧν
3499 2578 3532 2646 ἡ
3579 2576 3763 2627 nolo-

2173 2669 2538 2738 πραγμοσύνη
2589 2670 2680 2721 καὶ
2716 2669 2911 2737 ἔρευνα
2964 2669 3058 2721 καὶ
3103 2669 3435 2736 κατανόησις
3486 2674 3564 2729 είς
3608 2667 3765 2735 ἀγά-

2174 2777 2281 2830 πην
2314 2763 2482 2832 ἀκονᾷ
2547 2761 2642 2813 καὶ
2674 2761 3004 2832 παραθήγει.
3059 2759 3230 2814 Τοῦτο
3273 2759 3328 2812 δὲ
3392 2758 3643 2812 ποιοῦσιν
3705 2761 3760 2813 ci

2174 2853 2377 2924 φαῦλον
2450 2855 2550 2924 μὲν
2623 2855 2751 2924 περὶ
2821 2854 3096 2925 ἀλλήλων,
3157 2853 3326 2923 μηδὲν
3401 2853 3758 2924 ἀνεχόμενοι,

2174 2944 2350 2996 πάντα
2379 2942 2435 2996 δὲ
2467 2943 2546 3004 είς
2566 2941 2624 2994 τὸ
2645 2941 2847 3010 ἀγαθὸν
2885 2943 2978 2994 καὶ
3007 2941 3229 3011 ἄμεινον
3268 2940 3650 3009 ἐκλαμϐάνοντ
3662 2957 3755 3004 ες,

2173 3032 2324 3088 καὶᾶ
2369 3033 2518 3086 δοκεῖ
2565 3028 2705 3086 εἷναι
2737 3033 3116 3101 ἐλαττώματα.
3179 3050 3197 3082 ι
3257 3032 3349 3094 El;
3400 3032 3765 3100 παροξυσμὸν

2172 3125 2415 3195 ἀγάπης.
2457 3143 2474 3176 ι
2531 3125 2624 3186 Et;
2681 3125 2740 3176 τὸ
2797 3121 3102 3193 παροξῦναι
3189 3125 3288 3175 καὶ
3353 3121 3587 3192 αὐξῆσαι
3648 3123 3764 3192 τὴν

2172 3216 2249 3278 εἰς
2284 3215 2547 3285 ἀλλήλους
2573 3214 2816 3282 ἀγάπην.
2860 3231 2878 3264 ι
2926 3214 3036 3268 Καὶ
3085 3211 3270 3266 καλῶν
3307 3211 3508 3284 ἔργων.
3553 3230 3572 3264 ι
3635 3212 3766 3266 Καὶ

2172 3305 2257 3358 ἵνα
2289 3305 2719 3376 παροξυνθῶμεν
2753 3303 2948 3375 ζηλοῦν
2977 3303 3106 3366 τοὺς
3151 3306 3209 3356 ἐν
3257 3304 3485 3372 ἀγαθοῖς
3541 3303 3762 3374 ἔργοις.

2175 3417 2193 3449 ι
2229 3397 2340 3468 Τὴν
2366 3399 2458 3450 ἐπὶ
2483 3397 2805 3467 συναγωγὴν
2871 3396 3106 3450 ἑαυτῶν.
3140 3413 3159 3446 ι
3202 3395 3276 3447 Τὸ
3332 3395 3440 3464 γὰρ
3489 3397 3575 3448 ἀεὶ
3625 3413 3766 3449 συν-

2168 3489 2333 3560 ῆχθαι
2356 3489 2447 3541 ἐπὶ
2478 3489 2540 3541 τὸ
2585 3488 2735 3552 αὐτὸ,
2768 3490 2989 3558 ἀγάπης
3014 3488 3132 3540 ἐστὶ
3155 3489 3500 3558 γεννητικόν.
3529 3489 3623 3540 Διὸ
3660 3491 3766 3541 τὸν

2168 3579 2446 3650 χωρισμὸν
2475 3577 2831 3650 ἀπαγορεύει.
2891 3579 3091 3647 Ἔργον
3147 3578 3258 3648 γὰρ
3325 3580 3425 3648 τῆς
3501 3581 3763 3649 ἀγάπης,

2169 3673 2267 3744 οὐχ
2301 3677 2330 3742 ἡ
2367 3673 2666 3742 διαίρεσις,
2713 3673 2829 3726 ἀλλ’
2869 3674 2902 3742 ἡ
2953 3671 3186 3742 ἀκριϐὴς
3235 3671 3447 3735 ἐνωσις.
3499 3673 3767 3728 Ἑπισυν-

2169 3779 2418 3839 αγωγην,
2452 3769 2550 3839 τὴν
2588 3768 2904 3838 συμφωνίαν
2936 3767 3214 3819 ἐκάλεσεν.
3252 3785 3269 3817 ι
3292 3765 3457 3820 Ἀλλά
3487 3783 3764 3837 παρακαο

2170 3861 2407 3926 λοῦντες.
2443 3881 2463 3914 ι
2496 3862 2668 3930 Τίνας
2709 3863 2808 3931 τὴν
2835 3863 3257 3934 ἐπισυναγωγὴν
3313 3864 3542 3928 ἐαυτῶν,
3595 3881 3767 3918 τουτο

2170 3953 2339 4018 ἐστιν,
2387 3952 2672 4024 ἀλλήλους.
2723 3952 2860 4006 ’Δπδ
2897 3953 3082 4006 κοινοῦ
3113 3954 3223 4024 γὰρ
3243 3955 3342 4023 τὴν
3398 3956 3753 4023 ἐπισυναγω·

2170 4045 2274 4116 γὴν
2304 4044 2516 4100 ἑαυτῶν
2564 4044 2818 4113 ληπτέον.
2886 4044 3244 4116 Παράκλησις
3293 4045 3350 4099 δέ
3396 4048 3763 4116 ἐπισυναγω-

2169 4122 2296 4208 γῆςξ
2348 4137 2411 4190 τὸ
2450 4135 2750 4207 προθύμως
2823 4137 2920 4190 καὶ
2966 4137 3056 4190 διὰ
3133 4137 3346 4209 μακροῦ
3401 4139 3495 4192 τοῦ
3549 4141 3760 4210 χρόνου

2171 4227 2636 4284 ἐπιωνάπτεσοαι
2660 4229 2897 4292 ἐαυτοίς.
2919 4227 3198 4302 -ῘΦΩΤ.]
3235 4231 3494 4298 Ἄλλως.
3531 4251 3550 4284 ι
3577 4233 3758 4289 Ἀλλὰ

2172 4321 2640 4391 παρακαλοῦντες.
2682 4340 2702 4374 s
2744 4323 2870 4386 Τοῖς
2897 4323 3309 4394 ἀσθενεστέροις
3335 4323 3603 4396 δηλονότι.
3641 4329 3765 4382 Καὶ

2175 4411 2437 4484 τοσούτῳ,
2474 4415 2629 4484 φησὶ,
2664 4413 2865 4484 μᾶλλον
2885 4414 2968 4468 δεῖ
2999 4417 3132 4487 ἡμῖν
3159 4416 3379 4486 ἀγάπης
3412 4415 3509 4470 καὶ
3567 4419 3764 4473 καλῶν

2173 4502 2350 4574 ἔργων
2415 4505 2830 4570 ἀντιποιεῖσθαι,
2911 4506 3022 4576 ὅσῳ
3096 4506 3296 4577 μᾶλλον
3380 4508 3680 4579 πλησιάζει
3730 4513 3764 4582 η

491 4607 607 4665 Hoc
625 4616 806 4663 autem
825 4604 989 4659 etiam
1010 4600 1078 4658 ad
1103 4600 1537 4658 consolationem
1561 4600 1695 4671 ipsis
1710 4606 1850 4668 erat,
1876 4615 2068 4673 nempe

2178 4594 2354 4666 ἡμέρα
2372 4594 2472 4664 τῆς
2517 4595 2774 4666 κρίσεως.
2824 4596 2998 4650 Τοῦτο
3049 4595 3107 4650 δέ
3155 4600 3249 4651 καὶ
3301 4600 3629 4670 παραμυθία
3694 4597 3763 4673 ἦν

491 4703 808 4773 defatigatis
835 4707 1060 4772 propter
1095 4696 1446 4753 aﬂlictiones.

560 4796 728 4869 399
757 4795 824 4860 Χ,
863 4794 1056 4850 26-51.
1102 4791 1245 4848 Nam
1297 4789 1386 4844 ubi
1443 4789 1741 4844 voluntarie
1789 4805 2064 4860 peccamus

490 4899 607 4960 post
640 4898 911 4956 acceptam
968 4885 1319 4955 cognitionem
1353 4882 1612 4946 ueritatis,
1659 4898 1764 4936 non
1797 4880 1944 4935 ultra
1969 4897 2065 4949 pro

489 4984 722 5050 peccatis
754 4982 956 5051 reliqua
973 4987 1052 5034 est
1079 4977 1277 5041 hostia,
1307 4975 1398 5030 sed
1427 4973 1788 5046 formidabilis
1816 4973 2060 5044 quadam

461 5115 468 5126 ι
492 5075 819 5146 exspectatio
851 5073 1072 5144 judicii,
1104 5080 1153 5126 et
1178 5071 1313 5141 ignis
1341 5069 1481 5124 zelus
1504 5069 1593 5139 qui
1615 5067 1963 5122 devoraturus
1986 5073 2066 5119 est

493 5168 850 5225 adversarios.
908 5166 1017 5233 Qui
1077 5173 1389 5231 aspernatus
1447 5161 1608 5232 fuerit
1673 5158 1816 5216 ΙΙοεί
1879 5158 2062 5229 legem,

493 5263 688 5332 absque
722 5256 1086 5315 misericordia
1119 5256 1214 5312 sub
1244 5254 1449 5310 duobus
1492 5263 1585 5308 aut
1620 5253 1788 5307 tribus
1848 5251 2069 5307 testibus

495 5355 744 5410 moritur.
785 5354 1000 5419 Quanto
1028 5350 1228 5420 putatis
1256 5347 1426 5418 peiori
1473 5345 1727 5416 afﬁcietur
1788 5341 2068 5410 supplicio,

493 5449 580 5518 qui
611 5445 818 5500 Filium
852 5445 952 5500 Dei
992 5443 1401 5507 conculcavcrit,
1435 5449 1484 5494 et
1533 5438 1845 5509 sanguinem
1901 5442 2068 5488 testa-

495 5540 658 5596 menti
695 5553 1022 5594 communem
1051 5537 1294 5592 habuerit
1322 5549 1416 5605 per
1443 5547 1596 5603 quem
1646 5529 1823 5599 fuerat
1865 5524 2070 5580 sancti-

494 5635 710 5703 ﬁcatus,
737 5640 788 5686 et
831 5632 1086 5700 spiritum
1112 5630 1305 5700 gratia
1337 5625 1542 5695 injuria
1573 5618 1858 5692 effecerit!
1902 5614 2070 5671 Novi—

497 5740 611 5777 mns
634 5724 774 5778 enim
831 5740 946 5778 eum
1000 5723 1088 5794 qui
1121 5721 1298 5776 dixit'
1343 5717 1522 5773 Meum
1579 5722 1657 5767 cst
1714 5711 1918 5769 ulcisci,
1973 5723 2065 5776 ego

568 5907 610 5938 ”
653 5904 807 5961 Joan.
833 5919 947 5972 xw,
982 5903 1072 5959 24.

2177 4687 2384 4750 αὐτοῖς.
2435 4686 2778 4761 ἀπειρηκόσι·
2827 4689 2964 4758 πρὸς
3005 4689 3133 4753 τοὺς
3171 4692 3533 4762 πειρασμούς.

2263 4779 2591 4846 Ἑκουσίως
2628 4779 2737 4850 γὰρ
2779 4781 3244 4849 ἁμαρτανόντων
3295 4782 3466 4849 ἡμῶν
3504 4783 3665 4851 μετὰ
3697 4785 3764 4838 τὸ

2173 4869 2385 4927 λαϐεῖν
2436 4868 2552 4938 τὴν
2604 4871 2936 4936 ἐπίγνωσιν
2985 4869 3097 4940 τῆς
3149 4871 3458 4939 ἀληθείας,
3520 4873 3636 4924 οὐκ
3673 4873 3763 4924 ἔτι

2176 4959 2309 5029 περὶ
2343 4959 2644 5031 ἁμαρτιῶν
2692 4961 3086 5018 ἀπολείπεται
3143 4962 3324 5016 θυσία
3350 4976 3363 4990 ·
3416 4952 3642 5028 φοϐερὰ
3697 4959 3762 5012 δέ

2173 5071 2264 5121 τις
2321 5052 2546 5123 ἐκδοχὴ
2604 5054 2882 5122 κρίσεως·
2910 5052 3011 5108 καί
3060 5053 3252 5122 πυρὸς
3304 5050 3485 5117 ζῆλος
3527 5051 3763 5104 ἐσθίειν

2169 5146 2505 5217 μέλλοντος
2540 5144 2684 5211 τοὺς
2706 5143 3132 5209 ὑπεναντίους.
3167 5143 3493 5210 Ἀθετήσας
3525 5161 3616 5208 τις
3658 5146 3763 5198 νό-

2171 5253 2290 5308 μον
2317 5235 2613 5301 Μωυσέως
2639 5235 2818 5305 χωρίς
2845 5233 3163 5304 οίιιτιρμὼν
3185 5233 3287 5288 ἐπι
3311 5233 3495 5287 δυσίν
3522 5233 3561 5302 ἣ
3594 5237 3757 5302 τρισὶ

2168 5329 2475 5399 μάρτυσιν
2516 5327 2912 5395 ἀποθνήσκει.
2969 5327 3149 5391 Πόσῳ
3197 5324 3428 5380 δοκεῖτε
3477 5325 3759 5394 χείρονος

2173 5420 2569 5488 ἀξιωθήσεται
2615 5420 2914 5489 τιμωρίας,
2977 5421 3012 5473 ό
3067 5419 3177 5472 τὸν
3236 5417 3374 5471 nar
3438 5416 3546 5470 τοῦ
3607 5416 3758 5472 Θεοῦ

2173 5515 2627 5583 καταπατήσας,
2675 5514 2773 5567 καί
2804 5512 2870 5565 τὸ
2900 5508 3045 5580 αἷμα
3075 5508 3183 5578 τῆς
3220 5509 3518 5576 διαθήκης
3546 5508 3758 5563 κοινὸν

2174 5609 2598 5678 ἡγησάμενος,
2632 5608 2702 5661 ὲν
2726 5601 2776 5660 ὦ
2801 5603 3084 5675 ἡγιάσθη,
3124 5605 3222 5658 καὶ
3246 5604 3315 5658 τὸ
3357 5601 3601 5672 πνεῦμα
3649 5600 3754 5666 τῆς

2173 5700 2414 5772 χάριτος
2462 5700 2803 5766 ἐνυϐρίσας.
2856 5695 3116 5765 Οἴδαμεν
3165 5696 3276 5764 γὰρ
3331 5694 3441 5748 τὸν
3483 5691 3755 5756 chorea,
