3970 6558
331 279 435 343 3.7

1320 272 1703 336 COMMENT.
1747 270 1833 334 IN
1860 267 2101 333 EPIST.
2169 273 2269 332 AD
2299 268 2534 333 HEBR.

3477 271 3588 334 398

346 390 509 461 Ἐμόὶ
529 388 868 458 ἐκδίκησις,
902 388 1017 459 ἐγὼ
1036 385 1469 453 ἀνταποδώσω,
1489 385 1651 456 λέγει
1673 385 1906 455 Κύριος.

2015 383 2318 454 rependam,
2374 372 2506 438 dicit
2572 382 2851 438 Dominus.
2895 381 2965 437 Et
3020 399 3267 439 rursum:
3329 381 3586 438 Dominus

330 484 437 539 Kal
464 480 670 536 milia"
701 483 920 551 Κύριος
946 481 1136 552 κρινεῖ
1158 480 1267 534 τὸν
1291 483 1448 535 λαὸν
1476 479 1686 536 αὐτοῦ.
1733 480 1909 534 Φοϐε-

324 574 434 643 per
465 574 530 626 τὸ
553 573 838 641 ἐμπεσεῖν
863 575 950 640 είς
978 572 1184 643 χεῖρας
1212 571 1361 626 Θεοῦ
1388 570 1622 637 ζῶντος.

403 683 422 719 ι
461 663 753 728 Ἑκουσίως
785 666 946 736 γάρ.»
988 695 1057 705 --
1077 658 1417 737 [ΟῙΚΟΥΜ1.
1449 663 1535 729 Ὠς
1565 658 1633 719 τά
1656 680 1718 734 γε
1744 659 1911 719 ἀκού-

330 773 424 810 σια
476 757 849 827 ἐλαφροτέραν
883 744 995 826 ἔχει
1030 756 1129 828 τὴν
1161 756 1452 828 τιμωρίαν.
1499 755 1911 828 «Ἀμαρτανόν-

326 865 432 901 των
475 848 654 918 ἡμῶν.
684 867 703 899 ι
740 849 1057 918 Σημείωσαι
1095 848 1179 902 ὅτι
1219 848 1320 902 οὐκ
1352 844 1505 902 εἶπεν
1530 847 1912 918 ἁμαρτησάν-

328 957 465 1007 των,
504 941 639 995 ἀλλὰ
671 940 749 1011 τῷ
792 940 1154 1012 παρατατικῷ
1180 942 1471 1012 ἐχρήσατο,
1520 939 1690 1007 δεῖξαι
1740 938 1909 995 θέλων

324 1034 385 1086 τὸ
410 1035 542 1102 ἄχρι
569 1032 832 1104 τελευτῆς
872 1034 1153 1105 ἐπιμένειν
1183 1036 1249 1105 τῇ
1275 1032 1547 1106 ἁμαρτίᾳ.
1587 1033 1779 1087 Ἔνθεν
1799 1033 1910 1104 γὰρ

325 1125 567 1195 μάλιστα
617 1122 800 1197 δῆλον,
834 1127 936 1180 κότι
999 1126 1098 1181 οὐκ
1155 1126 1371 1198 ἀναιρεῖ
1433 1124 1533 1197 τὴν
1596 1121 1906 1197 μετάνοιαν.

331 1236 348 1267 ι
378 1216 537 1269 Μετὰ
579 1218 641 1270 τὸ
670 1217 858 1271 λαϐεῖν
907 1219 1007 1289 τὴν
1064 1216 1381 1288 ἐπίγνωσιν.
1414 1239 1433 1271 ι
1500 1214 1779 1280 Τουτέστι,
1808 1212 1908 1289 τὴν

325 1308 452 1378 περὶ
503 1306 746 1377 Χριστοῦ
784 1309 989 1364 πίστιν.
1033 1329 1051 1361 ι
1079 1310 1192 1364 Οὐκ
1244 1310 1325 1364 ἔτι
1381 1310 1512 1382 περὶ
1554 1310 1855 1382 ἁμαρτιῶν.
1883 1328 1902 1361 ι

323 1397 416 1461 Et;
448 1398 510 1451 τὸ
547 1394 832 1468 ἐξαλεῖψαι
880 1400 978 1463 τὰς
1028 1396 1324 1471 ἁμαρτίας.
1373 1390 1556 1455 ’Ἦσαν
1596 1403 1706 1473 γὰρ
1758 1401 1908 1474 παρὰ

335 1490 617 1554 Ἰουδαίοις
655 1492 1101 1562 προσφερόμεναι
1150 1493 1331 1546 θυσίαι
1366 1492 1509 1565 ὑπὲρ
1537 1493 1784 1565 ἀφέσεως
1814 1494 1911 1546 αὑ-

320 1579 451 1645 τῶν,
490 1583 567 1651 μὴ
604 1584 690 1636 ὅτι
718 1585 813 1637 καὶ
839 1587 1044 1639 ἐκεῖναι
1076 1586 1217 1658 ὑπὲρ
1246 1586 1541 1642 ἀκουσίων.
1608 1605 1629 1639 ι
1668 1584 1911 1641 ’Ᾱπολείο

323 1691 484 1728 πεται
534 1677 720 1735 θυσία.
744 1698 764 1733 ι
809 1679 925 1732 Οὐκ
962 1681 1178 1752 ἀναιρεῖ
1205 1680 1307 1752 τὴν
1338 1681 1661 1752 μετάνοιαν,
1701 1681 1776 1753 μὴ
1816 1681 1909 1751 γέ-

324 1784 491 1822 νοιτο·
534 1771 674 1824 ἀλλὰ
700 1771 761 1825 τὸ
787 1766 927 1826 εἶναι
956 1772 1212 1845 δεύτερον
1241 1768 1526 1845 βάπτισμα
1547 1771 1903 1847 ἀπαγορεύει.

323 1860 530 1915 Θυσίαν
565 1864 677 1937 γὰρ
705 1865 961 1929 ἐνταῦθα,
990 1865 1082 1921 τὸν
1130 1864 1367 1939 σταυρὸν
1412 1866 1508 1922 καὶ
1535 1868 1596 1921 τὸ
1625 1866 1907 1939 βάπτισμα

324 1957 502 2022 καλεῖ,
555 1958 740 2026 καθὼς
795 1963 887 2014 καὶ
918 1959 1153 2033 ἀλλαχοῦ
1200 1976 1358 2033 φησι.
1424 1959 1578 2035 «Μιᾷ
1606 1962 1714 2035 γὰρ
1747 1963 1908 2036 θυσία

321 2051 683 2107 τετελείωκεν
711 2055 790 2118 είς
813 2055 873 2108 τὸ
902 2053 1149 2127 διηνεκὲς
1181 2057 1309 2120 τοὺς
1341 2054 1759 2128 ἁγιαζομένους.
1788 2077 1807 2110 ι
1841 2088 1910 2100 —-

332 2145 481 2198 ιΚαὶ
526 2145 704 2215 πυρὸς
757 2147 936 2218 ζῆλος.
964 2166 983 2200 ι
1030 2149 1244 2221 Ὠσπερ
1280 2147 1390 2220 γὰρ
1424 2149 1529 2203 ὑπὸ
1558 2148 1722 2223 ζήλου
1761 2150 1908 2214 τινὸς

326 2236 692 2305 κεντούμενον
745 2240 922 2293 ἐκεῖνο
970 2239 1033 2294 τὸ
1058 2240 1200 2314 πῦρ,
1226 2240 1462 2313 δαπανᾷ,
1507 2242 1602 2296 καὶ
1632 2242 1907 2296 κατεσθίει

322 2331 449 2393 τοὺς
478 2330 878 2401 ἐμϐληθέντας.
932 2332 1320 2398 ’Υπεναντίους
1351 2330 1407 2387 δὲ
1441 2333 1613 2403 λέγει,
1658 2334 1718 2389 οὐ
1747 2336 1908 2404 μόνον

324 2421 447 2484 τοὺς
474 2421 768 2487 ἀπίστους,
797 2417 932 2478 ἀλλὰ
967 2428 1060 2479 καὶ
1104 2428 1228 2491 τοὺς
1275 2427 1533 2499 ἄντικρυς
1558 2427 1668 2480 τῶν
1694 2444 1908 2498 παραγ·-

326 2512 623 2583 γελμάτων
686 2517 782 2572 τοῦ
847 2518 1084 2590 Χριστοῦ
1143 2518 1506 2590 πράττοντας.
1567 2520 1908 2591 «Ἀθετήσας

328 2620 407 2666 τις
439 2606 611 2675 νόμον
643 2607 978 2673 Μωῦσέως.»
1026 2611 1158 2666 Ἀπὸ
1188 2610 1282 2665 τοῦ
1314 2610 1651 2682 ὲλάττονοςή
1683 2610 1911 2683 σύγκρι-

330 2712 429 2760 σις.
475 2697 874 2772 Βούλεταιγὰρ
902 2701 1071 2768 δεῖξαι
1110 2704 1208 2775 τὴν
1252 2704 1347 2757 τοῦ
1388 2704 1559 2775 πυρὸς
1596 2704 1792 2759 καῦσιν
1832 2703 1910 2758 δι-

329 2788 495 2854 καίως
530 2786 700 2844 οὖσαν
731 2793 869 2847 κατὰ
901 2794 1007 2848 τῶν
1037 2795 1396 2851 ὑπεναντίων.
1449 2797 1634 2861 Νόμον
1655 2797 1711 2851 δὲ
1740 2798 1910 2851 Matii-

331 2880 462 2943 σέως
510 2881 687 2952 λέγει,
724 2882 815 2938 διὰ
849 2885 910 2939 τὸ
935 2887 1003 2941 τὰ
1033 2887 1205 2956 πολλὰ
1233 2889 1340 2944 τῶν
1375 2891 1433 2942 ἐν
1467 2889 1543 2961 τῷ
1571 2890 1722 2962 νόμῳ
1745 2888 1910 2944 αὐτὸν

326 2973 729 3045 διατεταχέναι.
765 2994 784 3029 ι
806 2978 929 3031 Ἐπὶ
954 2978 1107 3033 δυσὶν
1138 2979 1171 3052 ἢ
1200 2981 1347 3053 τρισὶ
1383 2980 1673 3052 μάρτυσιν.
1698 3000 1717 3032 ι
1783 2980 1908 3036 Ἐὰν

2002 476 2273 547 judicabit
2310 476 2561 546 populum
2605 492 2782 531 suum.
2828 470 3169 532 Horrendum
3218 485 3299 532 est
3354 477 3588 533 incidere

2010 565 2066 624 in
2107 585 2294 623 manus
2331 567 2430 624 Dei
2464 569 2698 624 viventis.

2091 680 2110 713 ι
2157 660 2291 716 Nam
2329 662 2418 717 ubi
2448 658 2778 716 voluntarie.
2813 677 2835 714 ι
2879 658 3162 731 Tanquam
3215 657 3587 717 involuntaria

2010 753 2186 811 levius
2243 756 2557 825 puniantur.
2630 773 2649 806 ι
2728 753 3046 810 Peccamns.
3126 773 3147 807 ι
3199 750 3588 810 Animadverte

2011 850 2157 920 quod
2191 866 2299 905 non
2357 848 2564 905 d‘xerit
2589 849 2943 918 peccavimus,
2974 846 3069 903 sed
3094 845 3418 919 imperfecto
3450 863 3586 902 usus

2010 950 2096 998 est
2153 942 2471 1013 participio.
2508 942 2969 1013 ἁμαρτανόντων,
3042 939 3339 996 ostendere
3396 940 3587 996 vo‘lcns

2012 1035 2476 1104 perseverantiam
2501 1034 2556 1089 in
2594 1043 2820 1103 peccato
2843 1049 3018 1104 usque
3052 1033 3119 1089 ad
3159 1041 3411 1088 mortem.
3446 1033 3588 1086 Hinc

2013 1127 2156 1182 enim
2181 1123 2466 1196 potissime
2501 1125 2860 1182 manifestum
2918 1129 3004 1182 est
3058 1122 3204 1195 quod
3267 1139 3376 1179 non
3426 1123 3587 1178 tollat

2013 1218 2478 1290 resip'scen‘tiam.
2533 1237 2553 1271 ι
2586 1213 2718 1274 Post
2776 1227 3051 1289 acceptam
3103 1217 3505 1287 cognitionem:
3556 1234 3581 1267 ι

2011 1306 2128 1366 lloc
2158 1320 2266 1374 est,
2302 1310 2460 1368 iidem
2491 1311 2561 1367 de
2589 1311 2830 1368 Christo.
2863 1329 2882 1363 ι
2926 1306 3047 1365 Non
3076 1310 3216 1365 ultra
3262 1324 3361 1381 pro
3391 1324 3590 1374 pecca-

2013 1407 2126 1461 tis:
2164 1426 2183 1459 ›
2214 1404 2284 1461 ad
2323 1400 2556 1460 delenda
2617 1403 2708 1459 illa
2738 1408 2987 1476 peccata.
3037 1401 3207 1458 Erant
3254 1402 3397 1458 enim
3440 1403 3586 1473 apud

2010 1493 2232 1556 Iudaeos
2267 1500 2459 1555 hostire
2503 1515 2622 1569 quae
2657 1514 2752 1569 pro
2782 1496 3030 1568 ipsorum
3076 1495 3403 1553 remissione
3452 1492 3586 1550 olfe-

2011 1595 2298 1658 rebantur,
2331 1593 2409 1649 sic
2431 1601 2487 1646 ut
2529 1590 2635 1645 illa:
2663 1606 2769 1645 non
2795 1597 2978 1645 essent
3018 1603 3120 1660 pro
3170 1588 3585 1643 lnvoluntariis.

2018 1704 2037 1739 ι
2074 1682 2303 1757 Reliqua
2327 1692 2413 1741 est
2454 1678 2659 1738 hostia.
2709 1698 2728 1733 ι
2762 1676 2883 1737 Non
2934 1680 3077 1735 tollit
3127 1677 3584 1750 resipiscentiam.

2010 1779 2237 1833 minime
2276 1776 2557 1849 gentium:
2593 1774 2689 1829 sed
2707 1773 2950 1831 secundo
2981 1772 3248 1843 baptizari
3285 1772 3585 1827 interdicit.

2007 1870 2146 1928 Nam
2175 1870 2411 1926 hostiam
2440 1867 2574 1924 dicit
2599 1868 2703 1924 hoc
2722 1867 2848 1924 loco
2881 1865 3191 1939 passionem
3211 1874 3265 1918 et
3289 1865 3586 1935 baptisma.

2009 1961 2474 2033 quemadmodum
2570 1961 2735 2016 etiam
2812 1960 2868 2015 in
2955 1955 3341 2031 superioribus
3424 1954 3584 2013 dicit.

2015 2072 2035 2107 ι
2082 2051 2252 2109 Unica
2288 2055 2434 2109 enim
2458 2052 2636 2109 hostia
2663 2049 2938 2125 perfectos
2954 2051 3135 2108 eﬂ‘ecit
3160 2050 3216 2107 in
3260 2058 3587 2122 perpetuum

2010 2162 2106 2202 eos
2162 2146 2258 2216 qui
2315 2141 2748 2201 sanctiﬁcantur.
2791 2163 2811 2197 ι
2875 2163 2995 2198 -ι
3034 2138 3101 2198 Et
3158 2143 3303 2213 ignis
3338 2144 3512 2199 zelus.
3563 2162 3583 2194 ι

2013 2239 2296 2312 Siquidem
2315 2247 2576 2309 tanquam
2602 2235 2988 2296 exstimulatus
3011 2237 3104 2293 ille
3143 2237 3284 2309 ignis
3308 2231 3587 2294 consumit

2011 2346 2076 2386 ac
2105 2332 2332 2387 devorat
2355 2345 2451 2387 eos
2487 2331 2579 2401 qui
2614 2329 2797 2402 injecli
2828 2339 2980 2386 sunt.
3016 2328 3378 2386 Adversarios
3399 2337 3585 2383 autem

2011 2434 2171 2481 vocat
2197 2440 2307 2480 non
2347 2432 2560 2479 tantum
2606 2423 2942 2490 incredulos,
3003 2436 3194 2479 Verum
3227 2423 3392 2479 etiam
3452 2438 3589 2478 conv-

2009 2518 2185 2572 trario
2224 2517 2385 2573 modo
2425 2525 2719 2587 operantes
2744 2531 2907 2587 quam
2933 2514 3170 2571 habeant
3200 2512 3406 2573 Christi
3439 2531 3585 2586 prae-

2010 2618 2189 2679 cepta.
2236 2627 2255 2660 ι
2302 2607 2404 2674 Qui
2431 2619 2758 2679 aspernatus
2811 2607 2977 2664 fuerit
3033 2607 3206 2679 legem
3265 2603 3425 2664 Mosi.
3464 2625 3484 2660 ι
3539 2609 3586 2662 Α

2011 2700 2213 2755 minori
2248 2699 2307 2753 lit
2346 2700 2707 2770 comparatio.
2735 2693 2865 2755 Vult
2902 2700 3047 2756 enim
3099 2696 3393 2755 ostendere
3440 2696 3588 2770 ignis

2011 2794 2356 2849 exustionem
2435 2784 2588 2861 juste
2646 2789 2867 2844 immitti
2951 2796 3143 2846 contra
3216 2790 3585 2845 adversarios.

2011 2882 2211 2957 Legem
2232 2891 2414 2939 autem
2451 2882 2585 2938 dicit
2626 2881 2762 2937 Mosi
2793 2881 2862 2949 “,
2887 2897 2954 2937 eo
2973 2881 3118 2952 quod
3143 2880 3233 2937 ille
3249 2882 3418 2936 multa
3445 2897 3587 2952 pra:-

2012 2978 2216 3048 ccperit
2245 2992 2435 3034 eorum
2454 2992 2577 3047 quas
2603 2976 2657 3030 in
2687 2976 2806 3047 lege
2837 2979 3213 3031 continentur.
3246 2992 3266 3027 ι
3304 2971 3420 3029 Sub
3447 2974 3587 3031 dno-

328 3061 433 3154 γὰρ
465 3065 570 3118 δύο
598 3061 630 3139 ἢ
666 3063 815 3139 τρεῖς
844 3069 1254 3142 ἐμαρτύρησαν,
1284 3073 1383 3126 οὐκ
1414 3072 1496 3126 ἔτι
1517 3068 1586 3144 ἦν
1619 3073 1905 3144 οίκτιρμδς

2010 3064 2118 3124 bus
2149 3075 2243 3122 aut
2300 3068 2480 3123 tribus
2533 3063 2798 3123 testibus.
2836 3086 2855 3120 ι
2886 3066 3022 3122 Nam
3071 3070 3117 3122 si
3165 3067 3276 3125 duo
3319 3077 3413 3124 aut
3473 3075 3589 3125 tres

327 3148 360 3224 ἢ
409 3157 740 3228 συγγνώμη,
800 3160 917 3213 ἀλλ’
965 3161 1331 3230 ἀπέθνησκεν.
1395 3164 1459 3218 Et
1493 3159 1588 3217 οὖν
1617 3163 1906 3237 ἀνθρώπου

2014 3159 2520 3224 testiﬁcatiessent,
2562 3171 2678 3214 non
2723 3166 2842 3215 erat
2902 3158 3139 3231 amplius
3191 3161 3588 3225 misericordia:

327 3257 404 3304 τις
436 3245 628 3314 νόμον,
662 3248 816 3318 φησὶ,
843 3250 1118 3318 τουτέστι,
1148 3251 1428 3317 Μωῦσέως
1464 3252 1628 3324 νόμον
1657 3254 1911 3324 παραόάς

329 3331 732 3401 ἀωγγνὼστως
774 3337 913 3406 μετὰ
958 3339 1057 3412 τὴν
1117 3342 1424 3414 μαρτυρίαν
1461 3342 1820 3416 ἀποθνήσκει,
1855 3345 1912 3399 τί

326 3421 535 3478 δοκεῖτε
568 3425 677 3481 δεῖν
708 3427 1004 3499 ὑπομένειν
1048 3431 1175 3496 τοὺς
1226 3432 1323 3487 τοῦ
1372 3434 1612 3506 Χριστοῦ
1645 3436 1773 3500 τοὺς
1818 3430 1911 3491 νδ·-

328 3534 462 3585 μους
527 3522 1058 3592 καταπατήσανταςς
1098 3542 1117 3577 ι
1154 3524 1214 3578 '0
1272 3525 1366 3580 τὸν
1424 3522 1555 3581 Υἰδν
1582 3526 1713 3611 λτοῦ
1767 3528 1903 3584 Θεοῦ

324 3613 745 3683 καταπατήσας.
771 3633 790 3666 ι
856 3616 981 3680 Πῶς
1004 3617 1062 3671 δέ
1094 3635 1176 3683 τις
1199 3622 1504 3674 καταπατεϊ
1532 3620 1622 3675 τὸν
1653 3619 1781 3677 Υίδν
1812 3621 1907 3677 τοῦ

324 3702 492 3772 ’Θεοῦς
530 3703 700 3759 Ὅταν
726 3704 890 3763 αὐτοῦ
919 3706 1232 3784 παρακοῦῃ,
1264 3712 1395 3767 ὅταν
1430 3712 1596 3768 αὐτοῦ
1633 3714 1909 3787 μεταλαμ-

330 3793 529 3860 δάνιον,
559 3796 837 3868 ἁμαρτίας
869 3800 1183 3872 ἐργάζεται.
1224 3797 1397 3859 Τοῦτο
1444 3805 1554 3878 γὰρ
1584 3809 1906 3878 καταπατῆ-

330 3901 436 3954 σαι,
458 3888 527 3942 τὺ
557 3891 989 3963 καταφρονῆσαι.
1028 3896 1168 3951 «Καὶ
1195 3895 1256 3951 τὸ
1280 3890 1423 3969 αἷμα
1454 3898 1555 3968 τῆς
1581 3897 1899 3970 διαθήκης.»

328 3975 473 4052 Αἷμα
506 3982 805 4056 διαθήκης,
847 3986 909 4040 τὸ
946 3981 1086 4058 αἷμα
1111 3988 1350 4061 Χριστοῦ
1399 4005 1555 4061 φησι.
1606 3990 1684 4046 Δι’
1740 3990 1905 4046 αὐτοῦ

329 4075 431 4147 γάρ
456 4075 562 4148 τὴν
591 4077 720 4131 νέαν
749 4077 1054 4153 εἰλήφαμεν
1103 4081 1390 4154 διαθήκην.
1421 4102 1440 4135 ι
1459 4083 1654 4139 Κοινδν
1694 4086 1906 4156 ἡγησά-

325 4188 510 4239 μενος.
544 4190 564 4223 ι
605 4171 823 4237 Κοινὸν,
877 4171 940 4226 τδ
970 4172 1107 4245 μηδὲ
1128 4175 1239 4229 τῶν
1269 4173 1446 4229 ἄλλων
1476 4176 1758 4248 διαφέρον·
1793 4171 1907 4233 οἷον

324 4261 582 4331 λέγουσιν
611 4263 662 4317 οἱ
690 4263 994 4333 φάσκοντες
1020 4264 1181 4319 αὑτὸν
1207 4264 1364 4336 ψιλὸν
1385 4266 1691 4339 ἄνθρωπον.
1746 4263 1905 4326 Οὗτοι

326 4355 430 4425 γάρ
483 4355 646 4410 οὐδὲν
691 4354 788 4409 τοῦ
843 4356 1113 4428 ἡμετέρου
1134 4357 1451 4414 διαλλάττον
1500 4361 1581 4425 εἰς
1621 4363 1786 4435 τιμὴν
1813 4363 1907 4417 λέ-

326 4464 510 4514 γουσιν
536 4447 692 4507 αὐτό.
722 4443 858 4502 Εἶτα
883 4447 947 4503 τὸ
991 4448 1286 4520 ἀχάριστον
1310 4451 1492 4507 αὐτῶν
1515 4434 1751 4519 δεικνὺς,
1798 4470 1904 4526 φη-
1930 4434 1981 4494 Ῑ)

327 4538 428 4606 civ,
482 4541 546 4593 ὲν
590 4531 637 4609 ᾧ
674 4536 935 4612 ἡγιάσθη.
984 4558 1004 4593 ι
1029 4539 1140 4594 Καὶ
1176 4540 1238 4594 τδ
1275 4540 1495 4613 πνεῦμα
1541 4543 1641 4613 τῆς
1679 4545 1903 4616 χάριτος

324 4630 636 4704 ἐνυϐρίσας.
663 4651 685 4685 ι
752 4633 814 4686 ’0
865 4633 975 4707 γὰρ
1024 4632 1124 4705 τὴν
1162 4633 1445 4706 διδομένην
1476 4637 1792 4709 εὐεργεσίαν
1824 4641 1899 4712 μὴ

324 4725 635 4796 δεχόμενος,
671 4725 862 4796 ὕϐρισε
894 4726 986 4781 τὸν
1019 4726 1349 4800 παρέχοντα.
1393 4728 1648 4800 Ἐποίησέ
1680 4748 1741 4784 σε
1783 4733 1900 4788 υίὸν

324 4816 481 4881 Θεοῦ,
540 4819 605 4872 σὺ
640 4819 699 4872 δὲ
754 4818 936 4889 βούλει
995 4817 1136 4874 εἶναι
1196 4819 1383 4884 δοῦλος
1430 4822 1639 4878 παθῶν.
1698 4818 1904 4878 Ἦλθεν

325 4911 607 4980 ἐνοικῆσαι
656 4911 713 4963 ἐν
755 4912 860 4975 σοὶ,
892 4911 957 4964 σὺ
996 4911 1056 4965 δὲ
1090 4911 1410 4980 ἑπεισάγεις
1441 4913 1626 4984 σαυτῷ
1664 4914 1755 4969 τὸν
1790 4915 1905 4970 διὰ-

325 4995 502 5051 6ολον.
537 4992 685 5068 Ἀρα
709 4997 883 5053 ταῦτα
908 4999 1008 5071 οὐχ
1042 4998 1200 5070 ὕϐρις
1248 5004 1391 5057 κατὰ
1418 5001 1511 5057 τοῦ
1557 5003 1904 5076 πνεύματος;

328 5104 348 5138 ι
376 5087 617 5157 Οἴδαμεν
660 5087 770 5158 γάρ
805 5089 895 5143 τὸν
924 5089 1168 5145 εἰπόντα.
1195 5109 1216 5143 ι
1250 5091 1362 5147 Καὶ
1384 5092 1468 5147 ὅτι
1496 5092 1670 5148 ταῦτα
1700 5094 1903 5167 ἀληθῆ,

326 5182 490 5249 φησιν
512 5222 528 5246 ,
550 5180 712 5243 αὐτὸς
745 5183 773 5234 ὁ
796 5182 927 5246 Θεὸς
954 5186 1244 5255 μαρτυρεῖ,
1283 5184 1489 5253 λέγων’
1525 5204 1544 5238 ι
1569 5188 1723 5258 Ἐμοὶ⁸
1751 5189 1898 5244 ὲκδὶ-

326 5286 509 5340 κησις.
540 5290 563 5326 ι
621 5273 903 5339 Τουτέστι,
955 5276 1084 5346 παρ’
1129 5276 1260 5346 ἐμοὶ·
1309 5276 1368 5330 τὸ
1410 5278 1668 5334 ἐκδικεῖν.
1716 5280 1899 5351 «Ἐγὼ

324 5363 712 5431 ἀνταποδώσω,
743 5364 893 5434 λέγει
923 5366 1147 5437 Κύριος.
1179 5386 1197 5419 ι
1270 5367 1482 5439 Ἠρέμα
1520 5369 1577 5423 δὲ
1608 5370 1768 5425 τοῦτο
1820 5375 1897 5427 εξ-

326 5449 462 5518 πὼν,
476 5453 572 5506 καὶ
597 5453 1001 5525 παραμυθεῖται
1021 5456 1220 5521 αὐτοὺς
1244 5457 1330 5526 ἐφ’
1349 5451 1430 5522 οἷς
1447 5462 1636 5523 κακοῖς
1654 5459 1896 5536 ἔπασχον

326 5542 429 5598 ὑπὸ
458 5544 566 5600 τῶν
600 5545 749 5600 ίδίων
796 5547 1173 5619 συμφυλετῶν,
1207 5549 1338 5604 ὡσεὶ
1365 5550 1516 5621 ελεγι
1546 5568 1559 5581 ο
1597 5552 1663 5606 Τί
1689 5554 1895 5627 ἀδημο-

392 5724 637 5783 "Levit.
669 5744 743 5794 tv,
776 5727 848 5783 22
868 5744 1024 5801 seqq.

2012 3258 2107 3309 aut
2122 3250 2297 3308 venia:
2331 3250 2508 3319 locus,
2534 3250 2630 3307 sed
2664 3250 3022 3309 moriebatur.
3066 3251 3231 3326 500
3265 3251 3322 3309 Si
3376 3254 3424 3309 is
3452 3271 3586 3326 ergo

2010 3343 2104 3416 qui
2172 3344 2410 3400 hominis
2451 3345 2644 3414 legem,
2685 3341 2789 3399 hoc
2840 3350 2927 3399 est
2986 3342 3151 3411 Mosi,
3202 3353 3586 3417 transgressus

2010 3447 2116 3503 est,
2156 3438 2365 3509 absque
2396 3439 2552 3494 venia
2587 3446 2710 3509 post
2738 3437 2909 3492 latum
2971 3438 3353 3494 testimonium
3414 3435 3586 3494 mori-

2008 3536 2124 3595 tur,
2160 3528 2364 3599 inquit,
2398 3527 2534 3599 quid
2590 3542 2688 3585 eos
2723 3527 2833 3598 pati
2874 3536 3133 3598 oportere
3186 3526 3456 3598 judicatis
3488 3529 3584 3597 qui

2009 3619 2213 3675 Christi
2275 3619 2448 3692 legem
2497 3618 2991 3675 conculcaverint?
3028 3637 3048 3671 ι
3091 3616 3192 3685 Qui
3251 3612 3453 3673 Filium
3487 3617 3585 3675 Dei

2008 3709 2367 3766 conculcarit.
2409 3727 2429 3761 ι
2455 3704 2744 3777 Quomodo
2775 3717 2958 3765 autem
2986 3709 3276 3765 canculcat
3309 3707 3584 3781 quispiam

2007 3799 2207 3857 Filium
2240 3798 2628 3868 DeitQuando
2679 3798 2861 3870 ipsum
2903 3812 3013 3855 non
3054 3798 3232 3865 audit,
3276 3799 3498 3870 quando
3538 3801 3585 3852 is

2007 3896 2257 3967 quicum
2291 3910 2358 3951 eo
2388 3892 2706 3964 participat,
2742 3899 2966 3963 peccata
3019 3898 3326 3963 operatur:
3376 3907 3502 3947 nam
3531 3892 3585 3947 id

2005 3996 2090 4045 est
2110 3983 2460 4053 conculcare,
2479 4000 2677 4056 nempe
2705 3990 3079 4041 contemnere.
3119 4002 3140 4036 ι
3170 3980 3236 4038 Et
3258 3985 3582 4055 sanguinem

2005 4077 2350 4134 testamenti.
2390 4096 2410 4130 ι
2446 4074 2786 4149 Sanguinem
2815 4074 3136 4131 tcstamenti
3165 4074 3304 4130 dicit
3357 4075 3586 4145 sangui-

2005 4186 2130 4227 nem
2174 4169 2415 4226 Christi:
2451 4185 2549 4243 per
2583 4170 2764 4240 ipsum
2824 4166 2970 4222 enim
3032 4166 3352 4238 accepimus
3376 4180 3583 4222 novum

2006 4274 2414 4324 testamentum.
2464 4282 2485 4316 ι
2541 4262 2899 4320 Communem
2951 4260 3219 4317 habuerit.
3265 4278 3286 4314 ι
3322 4259 3588 4317 Commu-

2005 4376 2156 4425 nem,
2192 4368 2452 4431 tanquam
2477 4356 2695 4413 caneris
2717 4355 2855 4412 nihil
2877 4353 3241 4412 excellentius
3266 4352 3582 4419 habentem,

2008 4452 2175 4512 sicuti
2203 4451 2507 4524 dicuntqui
2545 4450 2721 4522 ipsum
2767 4450 2920 4505 aiunt
2968 4447 3178 4504 nudum
3229 4460 3357 4503 esse
3406 4445 3586 4501 homi-

2008 4562 2157 4603 nem.
2188 4542 2257 4601 Hi
2278 4559 2519 4619 namque
2553 4544 2693 4600 nihil
2726 4559 2852 4601 esse
2900 4541 3093 4598 dicunt
3148 4539 3305 4597 illum
3359 4540 3588 4612 sangui—

2008 4654 2156 4705 nem,
2185 4637 2240 4692 in
2292 4654 2403 4709 quo
2454 4637 2695 4694 varietur
2751 4650 2784 4693 a
2817 4646 3011 4693 nostro
3066 4648 3179 4707 quo
3209 4634 3279 4691 ad
3317 4633 3584 4691 honorem

2007 4731 2265 4802 pertinet.
2294 4725 2498 4787 Deinde
2524 4729 2746 4784 illorum
2790 4727 3090 4784 ostendens
3122 4723 3580 4797 ingratitudinem

2008 4823 2118 4877 ait:
2146 4822 2251 4877 Per
2290 4835 2453 4891 quem
2504 4817 2688 4875 fuerat
2723 4815 3126 4874 sanctilicatus.
3176 4835 3195 4868 ι
3230 4814 3297 4869 Et
3327 4813 3582 4885 spiritum

2009 4918 2200 4987 gratia:
2250 4913 2456 4984 injuria
2514 4909 2785 4968 aﬁ‘ecerit.
2822 4927 2843 4963 ι
2893 4903 3030 4967 Nam
3077 4908 3173 4979 qui
3227 4908 3416 4964 datum
3471 4922 3581 4962 non

2008 5008 2241 5077 suscipit
2264 5005 2619 5070 beneficium,
2647 5020 2773 5060 eum
2802 5007 2900 5074 qui
2946 5000 3131 5068 dabat,
3165 5002 3332 5059 allicit
3356 5000 3581 5071 injuria.

2006 5093 2164 5154 Fecit
2192 5106 2244 5153 te
2275 5095 2370 5153 Dei
2394 5097 2587 5161 tilium,
2627 5102 2685 5152 tu
2741 5104 2924 5153 autem
2975 5096 3153 5152 mavis
3181 5093 3322 5153 efﬁci
3363 5109 3585 5152 servus.

2008 5184 2171 5244 Venit
2203 5195 2263 5242 ut
2287 5187 2343 5243 in
2368 5196 2424 5243 te
2443 5189 2740 5254 habitaret,
2772 5197 2831 5243 tu
2869 5202 3003 5243 vero
3022 5187 3304 5243 diabolum
3329 5187 3383 5241 in
3405 5185 3583 5256 leipsu

2006 5280 2334 5337 intr-educis.
2367 5280 2566 5337 Annon
2593 5276 2796 5353 injuria
2818 5288 2876 5337 et
2910 5278 3244 5337 contumelia
3280 5286 3425 5347 sunt,
3465 5276 3584 5331 haec

2005 5368 2272 5429 adversus
2338 5369 2625 5441 spiritum?
2689 5389 2710 5425 ι
2765 5369 3029 5428 Novimus
3086 5371 3234 5427 enim
3302 5382 3428 5423 eum
3483 5364 3582 5436 qui

2003 5462 2163 5519 dixit.
2201 5481 2220 5514 ι
2260 5459 2327 5518 Et
2359 5464 2504 5536 quod
2549 5463 2661 5521 haec
2696 5479 2828 5521 vera
2877 5464 3013 5530 sint,
3044 5462 3243 5534 inquit,
3287 5466 3583 5515 attestatur

2002 5555 2120 5626 ipse
2156 5554 2298 5613 Deus
2330 5558 2422 5628 qui
2472 5556 2582 5614 ait:
2632 5575 2650 5612 ι
2685 5555 2865 5615 leum
2906 5564 2998 5614 est
3041 5553 3257 5610 ulcisci.
3293 5572 3315 5605 ι
3342 5549 3458 5612 Hoc
3494 5560 3580 5608 est
