  <div class='ocr_page' id='page_1' title='image "/cluster/home/n/w/nwhite01/storage/ocr_20150623/119/hvd.32044019208156/207.png"; bbox 0 0 3970 6566; ppageno 0'>
   <div class='ocr_carea' id='block_1_1' title="bbox 350 276 510 379">
    <p class='ocr_par' dir='ltr' id='par_1_1' title="bbox 350 276 510 379">
     <span class='ocr_line' id='line_1_1' title="bbox 350 276 510 379; baseline -0.006 0"><span class='ocrx_word' id='word_1_1' title='bbox 350 276 361 285; x_wconf 74' lang='grc'><em>’</em></span> <span class='ocrx_word' id='word_1_2' title='bbox 406 317 510 379; x_wconf 78' lang='lat'><strong>399</strong></span> 
     </span>
    </p>
   </div>
   <div class='ocr_carea' id='block_1_2' title="bbox 1430 274 2536 382">
    <p class='ocr_par' dir='ltr' id='par_1_2' title="bbox 1430 274 2536 382">
     <span class='ocr_line' id='line_1_2' title="bbox 1430 274 2536 382; baseline 0.006 -7"><span class='ocrx_word' id='word_1_3' title='bbox 1430 274 1832 377; x_wconf 29' lang='lat' dir='ltr'><strong>.(ECUMENII</strong></span> <span class='ocrx_word' id='word_1_4' title='bbox 1867 316 2160 379; x_wconf 67' lang='lat' dir='ltr'><strong>TRICCE</strong></span> <span class='ocrx_word' id='word_1_5' title='bbox 2198 318 2536 382; x_wconf 84' lang='lat' dir='ltr'><strong>EPlSCOPI</strong></span> 
     </span>
    </p>
   </div>
   <div class='ocr_carea' id='block_1_3' title="bbox 3552 328 3659 397">
    <p class='ocr_par' dir='ltr' id='par_1_3' title="bbox 3552 328 3659 397">
     <span class='ocr_line' id='line_1_3' title="bbox 3552 328 3659 397; baseline 0 -1"><span class='ocrx_word' id='word_1_6' title='bbox 3552 328 3659 397; x_wconf 67' lang='grc'><strong>400</strong></span> 
     </span>
    </p>
   </div>
   <div class='ocr_carea' id='block_1_4' title="bbox 394 422 1948 511">
    <p class='ocr_par' dir='ltr' id='par_1_4' title="bbox 394 422 1944 499">
     <span class='ocr_line' id='line_1_4' title="bbox 394 422 1944 499; baseline 0.001 -18"><span class='ocrx_word' id='word_1_7' title='bbox 394 425 541 498; x_wconf 83' lang='lat' dir='ltr'><strong>apud</strong></span> <span class='ocrx_word' id='word_1_8' title='bbox 584 442 668 483; x_wconf 89' lang='lat' dir='ltr'><strong>me</strong></span> <span class='ocrx_word' id='word_1_9' title='bbox 701 434 804 493; x_wconf 84' lang='lat' dir='ltr'><strong>est,</strong></span> <span class='ocrx_word' id='word_1_10' title='bbox 841 432 901 480; x_wconf 92' lang='lat' dir='ltr'><strong>ut</strong></span> <span class='ocrx_word' id='word_1_11' title='bbox 949 422 1187 480; x_wconf 82' lang='lat' dir='ltr'><strong>ulciscar</strong></span> <span class='ocrx_word' id='word_1_12' title='bbox 1222 441 1236 480; x_wconf 93' lang='lat'>:</span> <span class='ocrx_word' id='word_1_13' title='bbox 1270 444 1286 477; x_wconf 81' lang='grc' dir='ltr'><strong>ι</strong></span> <span class='ocrx_word' id='word_1_14' title='bbox 1326 423 1440 498; x_wconf 79' lang='lat' dir='ltr'><strong>Ego</strong></span> <span class='ocrx_word' id='word_1_15' title='bbox 1490 427 1811 499; x_wconf 77' lang='lat' dir='ltr'><strong>rependam,</strong></span> <span class='ocrx_word' id='word_1_16' title='bbox 1838 427 1944 483; x_wconf 76' lang='lat' dir='ltr'><strong>diri</strong></span> 
     </span>
    </p>
   </div>
   <div class='ocr_carea' id='block_1_5' title="bbox 2055 422 3689 511">
    <p class='ocr_par' dir='ltr' id='par_1_5' title="bbox 2076 422 3689 511">
     <span class='ocr_line' id='line_1_5' title="bbox 2076 422 3689 511; baseline 0.012 -29"><span class='ocrx_word' id='word_1_17' title='bbox 2076 431 2247 495; x_wconf 86' lang='grc' dir='ltr'><em>νεῖτε;</em></span> <span class='ocrx_word' id='word_1_18' title='bbox 2282 430 2433 500; x_wconf 79' lang='grc' dir='ltr'><em>ἔχετε</em></span> <span class='ocrx_word' id='word_1_19' title='bbox 2474 430 2565 486; x_wconf 68' lang='grc' dir='ltr'><em>τὸν</em></span> <span class='ocrx_word' id='word_1_20' title='bbox 2610 422 2938 490; x_wconf 61' lang='grc' dir='ltr'><em>’ἐκδικοῦντα</em></span> <span class='ocrx_word' id='word_1_21' title='bbox 2970 436 3062 492; x_wconf 68' lang='grc' dir='ltr'><strong>καὶ</strong></span> <span class='ocrx_word' id='word_1_22' title='bbox 3086 438 3507 499; x_wconf 70' lang='grc' dir='ltr'><em>ἀνταποδιδῦντα</em></span> <span class='ocrx_word' id='word_1_23' title='bbox 3535 450 3647 511; x_wconf 76' lang='grc' dir='ltr'><em>τοῖς</em></span> <span class='ocrx_word' id='word_1_24' title='bbox 3668 462 3689 485; x_wconf 74' lang='lat'><em>&#39;</em></span> 
     </span>
    </p>
   </div>
   <div class='ocr_carea' id='block_1_6' title="bbox 392 514 1978 575">
    <p class='ocr_par' dir='ltr' id='par_1_6' title="bbox 392 514 1978 575">
     <span class='ocr_line' id='line_1_6' title="bbox 392 514 1978 575; baseline 0.001 -4"><span class='ocrx_word' id='word_1_25' title='bbox 392 518 659 575; x_wconf 79' lang='lat' dir='ltr'><strong>Dominus</strong></span> <span class='ocrx_word' id='word_1_26' title='bbox 689 516 757 570; x_wconf 80' lang='grc'><strong>⁸⁷.</strong></span> <span class='ocrx_word' id='word_1_27' title='bbox 795 536 814 568; x_wconf 76' lang='grc' dir='ltr'><strong>ι</strong></span> <span class='ocrx_word' id='word_1_28' title='bbox 857 514 1070 572; x_wconf 86' lang='lat' dir='ltr'><strong>Sensim</strong></span> <span class='ocrx_word' id='word_1_29' title='bbox 1106 525 1286 572; x_wconf 90' lang='lat' dir='ltr'><strong>autem</strong></span> <span class='ocrx_word' id='word_1_30' title='bbox 1316 517 1417 571; x_wconf 87' lang='lat' dir='ltr'><strong>hoc</strong></span> <span class='ocrx_word' id='word_1_31' title='bbox 1456 516 1692 573; x_wconf 87' lang='lat' dir='ltr'><strong>dicendo</strong></span> <span class='ocrx_word' id='word_1_32' title='bbox 1726 518 1978 573; x_wconf 87' lang='lat' dir='ltr'><strong>consola-</strong></span> 
     </span>
    </p>
   </div>
   <div class='ocr_carea' id='block_1_7' title="bbox 2086 521 2874 600">
    <p class='ocr_par' dir='ltr' id='par_1_7' title="bbox 2086 521 2874 600">
     <span class='ocr_line' id='line_1_7' title="bbox 2086 521 2874 600; baseline 0.01 -27"><span class='ocrx_word' id='word_1_33' title='bbox 2086 521 2488 593; x_wconf 75' lang='grc' dir='ltr'><strong>ἐπηρεάζουσιν</strong></span> <span class='ocrx_word' id='word_1_34' title='bbox 2522 525 2665 594; x_wconf 77' lang='grc' dir='ltr'><em>ὑμᾶς</em></span> <span class='ocrx_word' id='word_1_35' title='bbox 2699 525 2874 600; x_wconf 82' lang='grc' dir='ltr'><em>δίκην.</em></span> 
     </span>
    </p>
   </div>
   <div class='ocr_carea' id='block_1_8' title="bbox 393 608 3661 691">
    <p class='ocr_par' dir='ltr' id='par_1_8' title="bbox 393 608 3661 691">
     <span class='ocr_line' id='line_1_8' title="bbox 393 608 3661 691; baseline 0.005 -25"><span class='ocrx_word' id='word_1_36' title='bbox 393 624 482 666; x_wconf 85' lang='grc' dir='ltr'><em>ιιιι·</em></span> <span class='ocrx_word' id='word_1_37' title='bbox 513 626 608 667; x_wconf 90' lang='lat' dir='ltr'><strong>eos</strong></span> <span class='ocrx_word' id='word_1_38' title='bbox 656 609 728 665; x_wconf 91' lang='lat' dir='ltr'><strong>ob</strong></span> <span class='ocrx_word' id='word_1_39' title='bbox 759 608 900 663; x_wconf 84' lang='lat' dir='ltr'><strong>mala</strong></span> <span class='ocrx_word' id='word_1_40' title='bbox 922 623 1043 680; x_wconf 63' lang='lat' dir='ltr'><strong>quae</strong></span> <span class='ocrx_word' id='word_1_41' title='bbox 1110 610 1261 681; x_wconf 86' lang='lat' dir='ltr'><strong>passi</strong></span> <span class='ocrx_word' id='word_1_42' title='bbox 1309 620 1466 666; x_wconf 91' lang='lat' dir='ltr'><strong>erant</strong></span> <span class='ocrx_word' id='word_1_43' title='bbox 1523 626 1553 666; x_wconf 92' lang='lat' dir='ltr'><strong>a</strong></span> <span class='ocrx_word' id='word_1_44' title='bbox 1617 611 1856 683; x_wconf 84' lang='lat' dir='ltr'><strong>propriis</strong></span> <span class='ocrx_word' id='word_1_45' title='bbox 1921 615 2352 672; x_wconf 86' lang='lat' dir='ltr'><strong>contribulibus.</strong></span> <span class='ocrx_word' id='word_1_46' title='bbox 2415 618 2493 674; x_wconf 83' lang='lat' dir='ltr'><strong>Ac</strong></span> <span class='ocrx_word' id='word_1_47' title='bbox 2547 619 2596 675; x_wconf 87' lang='lat' dir='ltr'><strong>si</strong></span> <span class='ocrx_word' id='word_1_48' title='bbox 2650 620 2893 677; x_wconf 75' lang='lat' dir='ltr'><strong>diceret:</strong></span> <span class='ocrx_word' id='word_1_49' title='bbox 2945 621 3090 691; x_wconf 83' lang='lat' dir='ltr'><strong>Quid</strong></span> <span class='ocrx_word' id='word_1_50' title='bbox 3162 628 3447 684; x_wconf 79' lang='lat' dir='ltr'><strong>mmrctis?</strong></span> <span class='ocrx_word' id='word_1_51' title='bbox 3535 646 3661 685; x_wconf 89' lang='lat' dir='ltr'><strong>cum</strong></span> 
     </span>
    </p>
   </div>
   <div class='ocr_carea' id='block_1_9' title="bbox 393 701 2539 778">
    <p class='ocr_par' dir='ltr' id='par_1_9' title="bbox 393 701 2539 778">
     <span class='ocr_line' id='line_1_9' title="bbox 393 701 2539 778; baseline 0.003 -21"><span class='ocrx_word' id='word_1_52' title='bbox 393 703 643 759; x_wconf 72' lang='lat' dir='ltr'><strong>habeatis</strong></span> <span class='ocrx_word' id='word_1_53' title='bbox 679 701 914 756; x_wconf 90' lang='lat' dir='ltr'><strong>ultorem</strong></span> <span class='ocrx_word' id='word_1_54' title='bbox 953 707 1008 755; x_wconf 90' lang='lat' dir='ltr'><strong>et</strong></span> <span class='ocrx_word' id='word_1_55' title='bbox 1038 716 1162 756; x_wconf 90' lang='lat' dir='ltr'><strong>eum</strong></span> <span class='ocrx_word' id='word_1_56' title='bbox 1205 701 1299 773; x_wconf 88' lang='lat' dir='ltr'><strong>qui</strong></span> <span class='ocrx_word' id='word_1_57' title='bbox 1349 716 1541 773; x_wconf 70' lang='lat' dir='ltr'><strong>pinnas</strong></span> <span class='ocrx_word' id='word_1_58' title='bbox 1582 704 1836 774; x_wconf 76' lang='lat' dir='ltr'><strong>rependit</strong></span> <span class='ocrx_word' id='word_1_59' title='bbox 1879 702 1948 759; x_wconf 90' lang='lat' dir='ltr'><strong>iis</strong></span> <span class='ocrx_word' id='word_1_60' title='bbox 1986 704 2081 775; x_wconf 92' lang='lat' dir='ltr'><strong>qui</strong></span> <span class='ocrx_word' id='word_1_61' title='bbox 2116 720 2215 763; x_wconf 85' lang='lat' dir='ltr'><strong>vos</strong></span> <span class='ocrx_word' id='word_1_62' title='bbox 2247 706 2539 778; x_wconf 77' lang='lat' dir='ltr'><strong>affligunt?</strong></span> 
     </span>
    </p>
   </div>
   <div class='ocr_carea' id='block_1_10' title="bbox 977 814 1365 873">
    <p class='ocr_par' dir='ltr' id='par_1_10' title="bbox 977 814 1365 873">
     <span class='ocr_line' id='line_1_10' title="bbox 977 814 1365 873; baseline -0.003 0"><span class='ocrx_word' id='word_1_63' title='bbox 977 814 1208 873; x_wconf 70' lang='lat' dir='ltr'><strong>CAPUT</strong></span> <span class='ocrx_word' id='word_1_64' title='bbox 1248 816 1365 872; x_wconf 76' lang='lat' dir='ltr'><strong>XV.</strong></span> 
     </span>
    </p>
   </div>
   <div class='ocr_carea' id='block_1_11' title="bbox 461 910 1893 985">
    <p class='ocr_par' dir='ltr' id='par_1_11' title="bbox 461 910 1893 985">
     <span class='ocr_line' id='line_1_11' title="bbox 461 910 1893 985; baseline -0.002 -13"><span class='ocrx_word' id='word_1_65' title='bbox 461 918 617 985; x_wconf 81' lang='lat' dir='ltr'><strong>Quod</strong></span> <span class='ocrx_word' id='word_1_66' title='bbox 657 918 850 975; x_wconf 80' lang='lat' dir='ltr'><strong>bonum</strong></span> <span class='ocrx_word' id='word_1_67' title='bbox 881 915 1096 975; x_wconf 83' lang='lat' dir='ltr'><strong>initium</strong></span> <span class='ocrx_word' id='word_1_68' title='bbox 1128 910 1198 965; x_wconf 82' lang='lat' dir='ltr'><strong>ad</strong></span> <span class='ocrx_word' id='word_1_69' title='bbox 1236 913 1430 968; x_wconf 87' lang='lat' dir='ltr'><strong>bonum</strong></span> <span class='ocrx_word' id='word_1_70' title='bbox 1459 912 1618 984; x_wconf 82' lang='lat' dir='ltr'><strong>finem</strong></span> <span class='ocrx_word' id='word_1_71' title='bbox 1656 912 1893 969; x_wconf 75' lang='lat' dir='ltr'><strong>deducit.</strong></span> 
     </span>
    </p>
   </div>
   <div class='ocr_carea' id='block_1_12' title="bbox 380 1072 1963 1140">
    <p class='ocr_par' dir='ltr' id='par_1_12' title="bbox 380 1072 1963 1140">
     <span class='ocr_line' id='line_1_12' title="bbox 380 1072 1963 1140; baseline 0 -11"><span class='ocrx_word' id='word_1_72' title='bbox 380 1086 385 1093; x_wconf 83' lang='lat'><strong><em>‘</em></strong></span> <span class='ocrx_word' id='word_1_73' title='bbox 456 1073 526 1140; x_wconf 80' lang='grc' dir='ltr'><em>Χ,</em></span> <span class='ocrx_word' id='word_1_74' title='bbox 566 1074 761 1131; x_wconf 75' lang='lat'><strong>&#39;52-&#39;56.</strong></span> <span class='ocrx_word' id='word_1_75' title='bbox 818 1072 1051 1131; x_wconf 75' lang='lat' dir='ltr'><strong>Redeunt</strong></span> <span class='ocrx_word' id='word_1_76' title='bbox 1100 1084 1278 1129; x_wconf 82' lang='lat' dir='ltr'><strong>autem</strong></span> <span class='ocrx_word' id='word_1_77' title='bbox 1339 1072 1484 1127; x_wconf 90' lang='lat' dir='ltr'><strong>vobis</strong></span> <span class='ocrx_word' id='word_1_78' title='bbox 1533 1073 1588 1128; x_wconf 90' lang='lat' dir='ltr'><strong>in</strong></span> <span class='ocrx_word' id='word_1_79' title='bbox 1648 1074 1963 1129; x_wconf 80' lang='lat' dir='ltr'><strong>memoriam</strong></span> 
     </span>
    </p>
   </div>
   <div class='ocr_carea' id='block_1_13' title="bbox 388 1165 1966 1241">
    <p class='ocr_par' dir='ltr' id='par_1_13' title="bbox 388 1165 1966 1241">
     <span class='ocr_line' id='line_1_13' title="bbox 388 1165 1966 1241; baseline -0.003 -16"><span class='ocrx_word' id='word_1_80' title='bbox 388 1172 685 1241; x_wconf 84' lang='lat' dir='ltr'><strong>superiores</strong></span> <span class='ocrx_word' id='word_1_81' title='bbox 715 1169 848 1235; x_wconf 84' lang='lat' dir='ltr'><strong>dies,</strong></span> <span class='ocrx_word' id='word_1_82' title='bbox 891 1173 944 1225; x_wconf 87' lang='lat' dir='ltr'><strong>in</strong></span> <span class='ocrx_word' id='word_1_83' title='bbox 986 1167 1191 1241; x_wconf 74' lang='lat' dir='ltr'><strong>quibus,</strong></span> <span class='ocrx_word' id='word_1_84' title='bbox 1226 1166 1538 1231; x_wconf 86' lang='lat' dir='ltr'><strong>illuminati,</strong></span> <span class='ocrx_word' id='word_1_85' title='bbox 1601 1165 1784 1237; x_wconf 81' lang='lat' dir='ltr'><strong>ingens</strong></span> <span class='ocrx_word' id='word_1_86' title='bbox 1852 1183 1966 1220; x_wconf 87' lang='lat' dir='ltr'><strong>cer-</strong></span> 
     </span>
    </p>
   </div>
   <div class='ocr_carea' id='block_1_14' title="bbox 391 1256 1963 1332">
    <p class='ocr_par' dir='ltr' id='par_1_14' title="bbox 391 1256 1963 1332">
     <span class='ocr_line' id='line_1_14' title="bbox 391 1256 1963 1332; baseline -0.003 -18"><span class='ocrx_word' id='word_1_87' title='bbox 391 1273 566 1315; x_wconf 82' lang='lat' dir='ltr'><strong>tamcn</strong></span> <span class='ocrx_word' id='word_1_88' title='bbox 601 1262 935 1317; x_wconf 74' lang='lat' dir='ltr'><strong>sustinuistis</strong></span> <span class='ocrx_word' id='word_1_89' title='bbox 971 1259 1353 1332; x_wconf 79' lang='lat' dir='ltr'><strong>aﬂlictionum:</strong></span> <span class='ocrx_word' id='word_1_90' title='bbox 1384 1256 1579 1328; x_wconf 78' lang='lat' dir='ltr'><strong>partim</strong></span> <span class='ocrx_word' id='word_1_91' title='bbox 1600 1256 1809 1329; x_wconf 86' lang='lat' dir='ltr'><strong>quidem</strong></span> <span class='ocrx_word' id='word_1_92' title='bbox 1836 1256 1963 1311; x_wconf 87' lang='lat' dir='ltr'><strong>dum</strong></span> 
     </span>
    </p>
   </div>
   <div class='ocr_carea' id='block_1_15' title="bbox 388 1348 1960 1423">
    <p class='ocr_par' dir='ltr' id='par_1_15' title="bbox 388 1348 1960 1423">
     <span class='ocr_line' id='line_1_15' title="bbox 388 1348 1960 1423; baseline -0.002 -18"><span class='ocrx_word' id='word_1_93' title='bbox 388 1362 436 1405; x_wconf 77' lang='lat' dir='ltr'><strong>et</strong></span> <span class='ocrx_word' id='word_1_94' title='bbox 457 1353 665 1423; x_wconf 81' lang='lat' dir='ltr'><strong>probris</strong></span> <span class='ocrx_word' id='word_1_95' title='bbox 692 1363 740 1408; x_wconf 89' lang='lat' dir='ltr'><strong>et</strong></span> <span class='ocrx_word' id='word_1_96' title='bbox 780 1353 1114 1408; x_wconf 79' lang='lat' dir='ltr'><strong>contumeliis</strong></span> <span class='ocrx_word' id='word_1_97' title='bbox 1159 1348 1342 1421; x_wconf 78' lang='lat' dir='ltr'><strong>aﬂ&#39;ecti</strong></span> <span class='ocrx_word' id='word_1_98' title='bbox 1393 1350 1691 1419; x_wconf 84' lang='lat' dir='ltr'><strong>spectaculo</strong></span> <span class='ocrx_word' id='word_1_99' title='bbox 1751 1348 1960 1419; x_wconf 77' lang='lat' dir='ltr'><strong>fuistis,</strong></span> 
     </span>
    </p>
   </div>
   <div class='ocr_carea' id='block_1_16' title="bbox 384 1441 1965 1513">
    <p class='ocr_par' dir='ltr' id='par_1_16' title="bbox 384 1441 1965 1513">
     <span class='ocr_line' id='line_1_16' title="bbox 384 1441 1965 1513; baseline -0.003 -14"><span class='ocrx_word' id='word_1_100' title='bbox 384 1448 581 1513; x_wconf 77' lang='lat' dir='ltr'><strong>partim</strong></span> <span class='ocrx_word' id='word_1_101' title='bbox 617 1462 735 1501; x_wconf 83' lang='lat' dir='ltr'><strong>vero</strong></span> <span class='ocrx_word' id='word_1_102' title='bbox 768 1446 894 1498; x_wconf 84' lang='lat' dir='ltr'><strong>dum</strong></span> <span class='ocrx_word' id='word_1_103' title='bbox 921 1454 1188 1500; x_wconf 83' lang='lat' dir='ltr'><strong>consortes</strong></span> <span class='ocrx_word' id='word_1_104' title='bbox 1235 1444 1311 1497; x_wconf 90' lang='lat' dir='ltr'><strong>ita</strong></span> <span class='ocrx_word' id='word_1_105' title='bbox 1364 1442 1788 1497; x_wconf 75' lang='lat' dir='ltr'><strong>conversantium</strong></span> <span class='ocrx_word' id='word_1_106' title='bbox 1834 1441 1965 1499; x_wconf 87' lang='lat' dir='ltr'><strong>facti</strong></span> 
     </span>
    </p>
   </div>
   <div class='ocr_carea' id='block_1_17' title="bbox 383 1532 1963 1608">
    <p class='ocr_par' dir='ltr' id='par_1_17' title="bbox 383 1532 1963 1608">
     <span class='ocr_line' id='line_1_17' title="bbox 383 1532 1963 1608; baseline -0.004 -17"><span class='ocrx_word' id='word_1_107' title='bbox 383 1538 532 1592; x_wconf 82' lang='lat' dir='ltr'><strong>estis.</strong></span> <span class='ocrx_word' id='word_1_108' title='bbox 596 1535 870 1607; x_wconf 87' lang='lat' dir='ltr'><strong>Siquidem</strong></span> <span class='ocrx_word' id='word_1_109' title='bbox 937 1546 985 1591; x_wconf 89' lang='lat' dir='ltr'><strong>et</strong></span> <span class='ocrx_word' id='word_1_110' title='bbox 1039 1536 1382 1608; x_wconf 71' lang='lat' dir='ltr'><strong>aﬂlictionum</strong></span> <span class='ocrx_word' id='word_1_111' title='bbox 1438 1550 1555 1605; x_wconf 73' lang='lat' dir='ltr'><strong>qum</strong></span> <span class='ocrx_word' id='word_1_112' title='bbox 1607 1548 1672 1587; x_wconf 72' lang='lat' dir='ltr'><strong>ex</strong></span> <span class='ocrx_word' id='word_1_113' title='bbox 1741 1532 1963 1585; x_wconf 81' lang='lat' dir='ltr'><strong>vinculis</strong></span> 
     </span>
    </p>
   </div>
   <div class='ocr_carea' id='block_1_18' title="bbox 385 1627 1961 1703">
    <p class='ocr_par' dir='ltr' id='par_1_18' title="bbox 385 1627 1961 1703">
     <span class='ocr_line' id='line_1_18' title="bbox 385 1627 1961 1703; baseline -0.003 -17"><span class='ocrx_word' id='word_1_114' title='bbox 385 1632 513 1688; x_wconf 75' lang='lat' dir='ltr'><strong>meis</strong></span> <span class='ocrx_word' id='word_1_115' title='bbox 545 1634 871 1703; x_wconf 87' lang='lat' dir='ltr'><strong>contigerunt</strong></span> <span class='ocrx_word' id='word_1_116' title='bbox 894 1632 1175 1703; x_wconf 80' lang='lat' dir='ltr'><strong>participes</strong></span> <span class='ocrx_word' id='word_1_117' title='bbox 1206 1630 1408 1702; x_wconf 82' lang='lat' dir='ltr'><strong>fuistis,</strong></span> <span class='ocrx_word' id='word_1_118' title='bbox 1438 1628 1597 1702; x_wconf 67' lang='grc'><strong>401</strong></span> <span class='ocrx_word' id='word_1_119' title='bbox 1629 1634 1678 1682; x_wconf 87' lang='lat' dir='ltr'><strong>et</strong></span> <span class='ocrx_word' id='word_1_120' title='bbox 1704 1627 1961 1695; x_wconf 78' lang='lat' dir='ltr'><strong>direptio-</strong></span> 
     </span>
    </p>
   </div>
   <div class='ocr_carea' id='block_1_19' title="bbox 384 1718 1956 1795">
    <p class='ocr_par' dir='ltr' id='par_1_19' title="bbox 384 1718 1956 1795">
     <span class='ocr_line' id='line_1_19' title="bbox 384 1718 1956 1795; baseline -0.002 -19"><span class='ocrx_word' id='word_1_121' title='bbox 384 1740 499 1777; x_wconf 85' lang='lat' dir='ltr'><strong>nem</strong></span> <span class='ocrx_word' id='word_1_122' title='bbox 533 1722 851 1795; x_wconf 77' lang='lat' dir='ltr'><strong>facultatum</strong></span> <span class='ocrx_word' id='word_1_123' title='bbox 874 1732 1172 1779; x_wconf 85' lang='lat' dir='ltr'><strong>vestrarum</strong></span> <span class='ocrx_word' id='word_1_124' title='bbox 1222 1738 1337 1776; x_wconf 86' lang='lat' dir='ltr'><strong>cum</strong></span> <span class='ocrx_word' id='word_1_125' title='bbox 1399 1720 1598 1791; x_wconf 87' lang='lat' dir='ltr'><strong>gaudio</strong></span> <span class='ocrx_word' id='word_1_126' title='bbox 1654 1718 1956 1787; x_wconf 83' lang='lat' dir='ltr'><strong>accepistis,</strong></span> 
     </span>
    </p>
   </div>
   <div class='ocr_carea' id='block_1_20' title="bbox 2668 826 3076 884">
    <p class='ocr_par' dir='ltr' id='par_1_20' title="bbox 2668 826 3076 884">
     <span class='ocr_line' id='line_1_20' title="bbox 2668 826 3076 884; baseline 0.015 -6"><span class='ocrx_word' id='word_1_127' title='bbox 2668 826 2923 882; x_wconf 80' lang='grc' dir='ltr'><strong>ΚΕΦᾹΛ.</strong></span> <span class='ocrx_word' id='word_1_128' title='bbox 2975 828 3076 884; x_wconf 71' lang='grc' dir='ltr'><em>ιε’.</em></span> 
     </span>
    </p>
   </div>
   <div class='ocr_carea' id='block_1_21' title="bbox 2144 913 3594 999">
    <p class='ocr_par' dir='ltr' id='par_1_21' title="bbox 2144 913 3594 999">
     <span class='ocr_line' id='line_1_21' title="bbox 2144 913 3594 999; baseline 0.012 -32"><span class='ocrx_word' id='word_1_129' title='bbox 2144 915 2285 983; x_wconf 70' lang='grc' dir='ltr'><em>Περὶ</em></span> <span class='ocrx_word' id='word_1_130' title='bbox 2318 913 2426 971; x_wconf 84' lang='grc' dir='ltr'><em>τοῦ</em></span> <span class='ocrx_word' id='word_1_131' title='bbox 2448 914 2647 987; x_wconf 74' lang='grc' dir='ltr'><em>καλὴν</em></span> <span class='ocrx_word' id='word_1_132' title='bbox 2679 917 2880 988; x_wconf 78' lang='grc' dir='ltr'><em>ἀρχὴν</em></span> <span class='ocrx_word' id='word_1_133' title='bbox 2902 921 2992 999; x_wconf 59' lang='grc' dir='ltr'><strong>είς</strong></span> <span class='ocrx_word' id='word_1_134' title='bbox 3023 924 3217 977; x_wconf 74' lang='grc' dir='ltr'><em>καλὸν</em></span> <span class='ocrx_word' id='word_1_135' title='bbox 3248 923 3423 992; x_wconf 73' lang='grc' dir='ltr'><em>τέλος</em></span> <span class='ocrx_word' id='word_1_136' title='bbox 3450 942 3594 997; x_wconf 83' lang='grc' dir='ltr'><em>προ-</em></span> 
     </span>
    </p>
   </div>
   <div class='ocr_carea' id='block_1_22' title="bbox 2758 1006 3022 1059">
    <p class='ocr_par' dir='ltr' id='par_1_22' title="bbox 2758 1006 3022 1059">
     <span class='ocr_line' id='line_1_22' title="bbox 2758 1006 3022 1059; baseline 0.011 -18"><span class='ocrx_word' id='word_1_137' title='bbox 2758 1006 3022 1059; x_wconf 72' lang='grc' dir='ltr'><em>αγαγειν.</em></span> 
     </span>
    </p>
   </div>
   <div class='ocr_carea' id='block_1_23' title="bbox 2155 1073 3661 1172">
    <p class='ocr_par' dir='ltr' id='par_1_23' title="bbox 2155 1073 3661 1172">
     <span class='ocr_line' id='line_1_23' title="bbox 2155 1073 3661 1172; baseline 0.006 -42"><span class='ocrx_word' id='word_1_138' title='bbox 2155 1073 2668 1146; x_wconf 80' lang='grc' dir='ltr'><em>Ἀναμιμνήσκετε</em></span> <span class='ocrx_word' id='word_1_139' title='bbox 2704 1076 2775 1131; x_wconf 77' lang='grc' dir='ltr'><em>δὲ</em></span> <span class='ocrx_word' id='word_1_140' title='bbox 2816 1079 2922 1146; x_wconf 84' lang='grc' dir='ltr'><strong>τὰς</strong></span> <span class='ocrx_word' id='word_1_141' title='bbox 2955 1082 3250 1172; x_wconf 51' lang='grc' dir='ltr'><em>πρότερον</em></span> <span class='ocrx_word' id='word_1_142' title='bbox 3282 1085 3526 1154; x_wconf 69' lang='grc' dir='ltr'><em>ἡμέρας,</em></span> <span class='ocrx_word' id='word_1_143' title='bbox 3585 1087 3661 1141; x_wconf 78' lang='grc' dir='ltr'><strong>ἐν</strong></span> 
     </span>
    </p>
   </div>
   <div class='ocr_carea' id='block_1_24' title="bbox 2070 1159 3664 1246">
    <p class='ocr_par' dir='ltr' id='par_1_24' title="bbox 2070 1159 3664 1246">
     <span class='ocr_line' id='line_1_24' title="bbox 2070 1159 3664 1246; baseline 0.009 -26"><span class='ocrx_word' id='word_1_144' title='bbox 2070 1159 2168 1232; x_wconf 74' lang='grc' dir='ltr'><strong>αῖς</strong></span> <span class='ocrx_word' id='word_1_145' title='bbox 2233 1169 2634 1237; x_wconf 77' lang='grc' dir='ltr'><strong>φωτισθέντες</strong></span> <span class='ocrx_word' id='word_1_146' title='bbox 2699 1171 2943 1240; x_wconf 73' lang='grc' dir='ltr'><em>πολλὴν</em></span> <span class='ocrx_word' id='word_1_147' title='bbox 2988 1159 3254 1242; x_wconf 62' lang='grc' dir='ltr'><em>ἇθῇησιν</em></span> <span class='ocrx_word' id='word_1_148' title='bbox 3298 1179 3664 1246; x_wconf 76' lang='grc' dir='ltr'><strong>ὑπεμείνατε</strong></span> 
     </span>
    </p>
   </div>
   <div class='ocr_carea' id='block_1_25' title="bbox 2071 1257 3664 1340">
    <p class='ocr_par' dir='ltr' id='par_1_25' title="bbox 2071 1257 3664 1340">
     <span class='ocr_line' id='line_1_25' title="bbox 2071 1257 3664 1340; baseline 0.01 -30"><span class='ocrx_word' id='word_1_149' title='bbox 2071 1257 2457 1327; x_wconf 80' lang='grc' dir='ltr'><strong>παθημάτων,</strong></span> <span class='ocrx_word' id='word_1_150' title='bbox 2481 1259 2659 1314; x_wconf 84' lang='grc' dir='ltr'><em>τοῦτο</em></span> <span class='ocrx_word' id='word_1_151' title='bbox 2675 1259 2794 1330; x_wconf 85' lang='grc' dir='ltr'><em>μὲν</em></span> <span class='ocrx_word' id='word_1_152' title='bbox 2816 1262 3179 1334; x_wconf 76' lang='grc' dir='ltr'><strong>ὀνειδισμοῖς</strong></span> <span class='ocrx_word' id='word_1_153' title='bbox 3202 1282 3267 1320; x_wconf 86' lang='grc' dir='ltr'><strong>τε</strong></span> <span class='ocrx_word' id='word_1_154' title='bbox 3288 1267 3383 1321; x_wconf 81' lang='grc' dir='ltr'><em>καί</em></span> <span class='ocrx_word' id='word_1_155' title='bbox 3410 1271 3664 1340; x_wconf 69' lang='grc' dir='ltr'><em>θλίψεσι</em></span> 
     </span>
    </p>
   </div>
   <div class='ocr_carea' id='block_1_26' title="bbox 2071 1348 3661 1429">
    <p class='ocr_par' dir='ltr' id='par_1_26' title="bbox 2071 1348 3661 1429">
     <span class='ocr_line' id='line_1_26' title="bbox 2071 1348 3661 1429; baseline 0.011 -28"><span class='ocrx_word' id='word_1_156' title='bbox 2071 1348 2518 1420; x_wconf 76' lang='grc' dir='ltr'><strong>θεατριζόμενοι,</strong></span> <span class='ocrx_word' id='word_1_157' title='bbox 2545 1353 2722 1407; x_wconf 76' lang='grc' dir='ltr'><em>τοῦτο</em></span> <span class='ocrx_word' id='word_1_158' title='bbox 2756 1353 2825 1407; x_wconf 86' lang='grc' dir='ltr'><em>δὲ</em></span> <span class='ocrx_word' id='word_1_159' title='bbox 2852 1357 3125 1411; x_wconf 80' lang='grc' dir='ltr'><em>κοινωνοὶ</em></span> <span class='ocrx_word' id='word_1_160' title='bbox 3149 1357 3268 1412; x_wconf 85' lang='grc' dir='ltr'><em>τῶν</em></span> <span class='ocrx_word' id='word_1_161' title='bbox 3296 1360 3482 1429; x_wconf 86' lang='grc' dir='ltr'><em>οὕτως</em></span> <span class='ocrx_word' id='word_1_162' title='bbox 3509 1363 3661 1418; x_wconf 82' lang='grc' dir='ltr'><em>ἀνα-</em></span> 
     </span>
    </p>
   </div>
   <div class='ocr_carea' id='block_1_27' title="bbox 2068 1442 3661 1526">
    <p class='ocr_par' dir='ltr' id='par_1_27' title="bbox 2068 1442 3661 1526">
     <span class='ocr_line' id='line_1_27' title="bbox 2068 1442 3661 1526; baseline 0.009 -33"><span class='ocrx_word' id='word_1_163' title='bbox 2068 1442 2493 1512; x_wconf 60' lang='grc' dir='ltr'><em>στρεφομένων</em></span> <span class='ocrx_word' id='word_1_164' title='bbox 2546 1446 2919 1515; x_wconf 72' lang='grc' dir='ltr'><em>γενηθέντες.</em></span> <span class='ocrx_word' id='word_1_165' title='bbox 2972 1448 3083 1504; x_wconf 76' lang='grc' dir='ltr'><strong>Καὶ</strong></span> <span class='ocrx_word' id='word_1_166' title='bbox 3125 1449 3234 1520; x_wconf 76' lang='grc' dir='ltr'><strong>γὰρ</strong></span> <span class='ocrx_word' id='word_1_167' title='bbox 3263 1453 3388 1520; x_wconf 87' lang='grc' dir='ltr'><em>τοῖς</em></span> <span class='ocrx_word' id='word_1_168' title='bbox 3406 1453 3661 1526; x_wconf 79' lang='grc' dir='ltr'><em>δεσμοῖς</em></span> 
     </span>
    </p>
   </div>
   <div class='ocr_carea' id='block_1_28' title="bbox 2061 1532 3700 1619">
    <p class='ocr_par' dir='ltr' id='par_1_28' title="bbox 2061 1532 3700 1619">
     <span class='ocr_line' id='line_1_28' title="bbox 2061 1532 3700 1619; baseline 0.01 -32"><span class='ocrx_word' id='word_1_169' title='bbox 2061 1551 2183 1604; x_wconf 85' lang='grc' dir='ltr'><em>μου</em></span> <span class='ocrx_word' id='word_1_170' title='bbox 2222 1537 2713 1606; x_wconf 72' lang='grc' dir='ltr'><em>συνεπαθήσατε,</em></span> <span class='ocrx_word' id='word_1_171' title='bbox 2741 1541 2837 1594; x_wconf 80' lang='grc' dir='ltr'><strong>καὶ</strong></span> <span class='ocrx_word' id='word_1_172' title='bbox 2871 1541 2986 1609; x_wconf 76' lang='grc' dir='ltr'><em>τὴν</em></span> <span class='ocrx_word' id='word_1_173' title='bbox 3004 1544 3286 1614; x_wconf 77' lang='grc' dir='ltr'><em>ἁρπαγὴν</em></span> <span class='ocrx_word' id='word_1_174' title='bbox 3314 1545 3433 1601; x_wconf 86' lang='grc' dir='ltr'><em>τῶν</em></span> <span class='ocrx_word' id='word_1_175' title='bbox 3466 1551 3665 1619; x_wconf 65' lang='grc' dir='ltr'><em>ὐπαρο</em></span> <span class='ocrx_word' id='word_1_176' title='bbox 3684 1532 3700 1543; x_wconf 38' lang='grc' dir='ltr'><em>Ι</em></span> 
     </span>
    </p>
   </div>
   <div class='ocr_carea' id='block_1_29' title="bbox 2068 1628 3659 1710">
    <p class='ocr_par' dir='ltr' id='par_1_29' title="bbox 2068 1628 3659 1710">
     <span class='ocr_line' id='line_1_29' title="bbox 2068 1628 3659 1710; baseline 0.01 -31"><span class='ocrx_word' id='word_1_177' title='bbox 2068 1628 2304 1695; x_wconf 80' lang='grc' dir='ltr'><em>χόντων</em></span> <span class='ocrx_word' id='word_1_178' title='bbox 2358 1628 2525 1699; x_wconf 84' lang='grc' dir='ltr'><em>ὑμῶν</em></span> <span class='ocrx_word' id='word_1_179' title='bbox 2549 1631 2700 1699; x_wconf 83' lang='grc' dir='ltr'><em>μετὰ</em></span> <span class='ocrx_word' id='word_1_180' title='bbox 2741 1631 2931 1701; x_wconf 84' lang='grc' dir='ltr'><em>χαρᾶς</em></span> <span class='ocrx_word' id='word_1_181' title='bbox 2969 1636 3439 1706; x_wconf 77' lang='grc' dir='ltr'><em>προσεδέξασθε,</em></span> <span class='ocrx_word' id='word_1_182' title='bbox 3483 1639 3659 1710; x_wconf 78' lang='grc' dir='ltr'><em>γινώ-</em></span> 
     </span>
    </p>
   </div>
   <div class='ocr_carea' id='block_1_30' title="bbox 2066 1722 3660 1800">
    <p class='ocr_par' dir='ltr' id='par_1_30' title="bbox 2066 1722 3660 1800">
     <span class='ocr_line' id='line_1_30' title="bbox 2066 1722 3660 1800; baseline 0.008 -29"><span class='ocrx_word' id='word_1_183' title='bbox 2066 1735 2323 1787; x_wconf 83' lang='grc' dir='ltr'><em>σκοντες</em></span> <span class='ocrx_word' id='word_1_184' title='bbox 2358 1722 2524 1792; x_wconf 74' lang='grc' dir='ltr'><em>ἔχειν</em></span> <span class='ocrx_word' id='word_1_185' title='bbox 2581 1724 2652 1777; x_wconf 81' lang='grc' dir='ltr'><em>ἐν</em></span> <span class='ocrx_word' id='word_1_186' title='bbox 2697 1723 2933 1792; x_wconf 77' lang='grc' dir='ltr'><em>ἑαυτοῖς</em></span> <span class='ocrx_word' id='word_1_187' title='bbox 2965 1728 3276 1796; x_wconf 72' lang='grc' dir='ltr'><em>κρείττονα</em></span> <span class='ocrx_word' id='word_1_188' title='bbox 3297 1730 3560 1800; x_wconf 79' lang='grc' dir='ltr'><em>ὕπαρξιν</em></span> <span class='ocrx_word' id='word_1_189' title='bbox 3582 1733 3660 1787; x_wconf 82' lang='grc' dir='ltr'><strong>ἐν</strong></span> 
     </span>
    </p>
   </div>
   <div class='ocr_carea' id='block_1_31' title="bbox 326 1808 1948 1898">
    <p class='ocr_par' dir='ltr' id='par_1_31' title="bbox 326 1808 1948 1884">
     <span class='ocr_line' id='line_1_31' title="bbox 326 1808 1948 1884; baseline -0.002 -15"><span class='ocrx_word' id='word_1_190' title='bbox 326 1808 329 1813; x_wconf 72' lang='grc'><em>’</em></span> <span class='ocrx_word' id='word_1_191' title='bbox 381 1817 603 1870; x_wconf 81' lang='lat' dir='ltr'><strong>scientes</strong></span> <span class='ocrx_word' id='word_1_192' title='bbox 653 1833 741 1870; x_wconf 89' lang='lat' dir='ltr'><strong>vos</strong></span> <span class='ocrx_word' id='word_1_193' title='bbox 775 1815 963 1870; x_wconf 81' lang='lat' dir='ltr'><strong>habere</strong></span> <span class='ocrx_word' id='word_1_194' title='bbox 1005 1816 1056 1870; x_wconf 88' lang='lat' dir='ltr'><strong>in</strong></span> <span class='ocrx_word' id='word_1_195' title='bbox 1104 1815 1248 1870; x_wconf 83' lang='lat' dir='ltr'><strong>vobis</strong></span> <span class='ocrx_word' id='word_1_196' title='bbox 1295 1815 1552 1884; x_wconf 85' lang='lat' dir='ltr'><strong>potiorem</strong></span> <span class='ocrx_word' id='word_1_197' title='bbox 1602 1810 1948 1867; x_wconf 85' lang='lat' dir='ltr'><strong>substantiam</strong></span> 
     </span>
    </p>
   </div>
   <div class='ocr_carea' id='block_1_32' title="bbox 2055 1808 3661 1898">
    <p class='ocr_par' dir='ltr' id='par_1_32' title="bbox 2067 1813 3661 1895">
     <span class='ocr_line' id='line_1_32' title="bbox 2067 1813 3661 1895; baseline 0.011 -30"><span class='ocrx_word' id='word_1_198' title='bbox 2067 1813 2347 1881; x_wconf 81' lang='grc' dir='ltr'><em>οὐρανοῖς</em></span> <span class='ocrx_word' id='word_1_199' title='bbox 2377 1814 2477 1868; x_wconf 80' lang='grc' dir='ltr'><em>καί</em></span> <span class='ocrx_word' id='word_1_200' title='bbox 2501 1814 2836 1886; x_wconf 82' lang='grc' dir='ltr'><em>μένουσαν.</em></span> <span class='ocrx_word' id='word_1_201' title='bbox 2889 1819 2984 1887; x_wconf 78' lang='grc' dir='ltr'><strong>Μὴ</strong></span> <span class='ocrx_word' id='word_1_202' title='bbox 3020 1820 3364 1890; x_wconf 75' lang='grc' dir='ltr'><em>ἀποϐάλητε</em></span> <span class='ocrx_word' id='word_1_203' title='bbox 3393 1819 3508 1881; x_wconf 85' lang='grc' dir='ltr'><em>οὖν</em></span> <span class='ocrx_word' id='word_1_204' title='bbox 3538 1825 3661 1895; x_wconf 77' lang='grc' dir='ltr'><em>τὴν</em></span> 
     </span>
    </p>
   </div>
   <div class='ocr_carea' id='block_1_33' title="bbox 381 1904 1960 1977">
    <p class='ocr_par' dir='ltr' id='par_1_33' title="bbox 381 1904 1960 1977">
     <span class='ocr_line' id='line_1_33' title="bbox 381 1904 1960 1977; baseline -0.002 -17"><span class='ocrx_word' id='word_1_205' title='bbox 381 1906 436 1962; x_wconf 89' lang='lat' dir='ltr'><strong>in</strong></span> <span class='ocrx_word' id='word_1_206' title='bbox 464 1907 592 1962; x_wconf 74' lang='lat' dir='ltr'><strong>caelo</strong></span> <span class='ocrx_word' id='word_1_207' title='bbox 632 1924 695 1963; x_wconf 90' lang='lat' dir='ltr'><strong>ac</strong></span> <span class='ocrx_word' id='word_1_208' title='bbox 725 1917 1041 1963; x_wconf 88' lang='lat' dir='ltr'><strong>manentem.</strong></span> <span class='ocrx_word' id='word_1_209' title='bbox 1077 1906 1162 1963; x_wconf 83' lang='lat' dir='ltr'><strong>Ne</strong></span> <span class='ocrx_word' id='word_1_210' title='bbox 1189 1906 1485 1977; x_wconf 83' lang='lat' dir='ltr'><strong>abjeceritis</strong></span> <span class='ocrx_word' id='word_1_211' title='bbox 1519 1905 1685 1975; x_wconf 88' lang='lat' dir='ltr'><strong>igitur</strong></span> <span class='ocrx_word' id='word_1_212' title='bbox 1699 1904 1960 1975; x_wconf 77' lang='lat' dir='ltr'><strong>ﬁduciam</strong></span> 
     </span>
    </p>
   </div>
   <div class='ocr_carea' id='block_1_34' title="bbox 381 1998 1955 2073">
    <p class='ocr_par' dir='ltr' id='par_1_34' title="bbox 381 1998 1955 2073">
     <span class='ocr_line' id='line_1_34' title="bbox 381 1998 1955 2073; baseline 0 -19"><span class='ocrx_word' id='word_1_213' title='bbox 381 2010 632 2067; x_wconf 80' lang='lat' dir='ltr'><strong>vestram,</strong></span> <span class='ocrx_word' id='word_1_214' title='bbox 662 2017 779 2071; x_wconf 69' lang='lat' dir='ltr'><strong>quae</strong></span> <span class='ocrx_word' id='word_1_215' title='bbox 805 2018 1053 2073; x_wconf 87' lang='lat' dir='ltr'><strong>magnam</strong></span> <span class='ocrx_word' id='word_1_216' title='bbox 1073 2000 1230 2055; x_wconf 82' lang='lat' dir='ltr'><strong>habet</strong></span> <span class='ocrx_word' id='word_1_217' title='bbox 1281 2000 1489 2069; x_wconf 77' lang='lat' dir='ltr'><strong>prwmii</strong></span> <span class='ocrx_word' id='word_1_218' title='bbox 1537 1998 1955 2054; x_wconf 81' lang='lat' dir='ltr'><strong>retributionem.</strong></span> 
     </span>
    </p>
   </div>
   <div class='ocr_carea' id='block_1_35' title="bbox 383 2090 1958 2164">
    <p class='ocr_par' dir='ltr' id='par_1_35' title="bbox 383 2090 1958 2164">
     <span class='ocr_line' id='line_1_35' title="bbox 383 2090 1958 2164; baseline 0 -18"><span class='ocrx_word' id='word_1_219' title='bbox 383 2090 527 2147; x_wconf 85' lang='lat' dir='ltr'><strong>Nam</strong></span> <span class='ocrx_word' id='word_1_220' title='bbox 565 2095 828 2163; x_wconf 84' lang='lat' dir='ltr'><strong>patientia</strong></span> <span class='ocrx_word' id='word_1_221' title='bbox 867 2093 1008 2149; x_wconf 87' lang='lat' dir='ltr'><strong>vobis</strong></span> <span class='ocrx_word' id='word_1_222' title='bbox 1050 2102 1128 2149; x_wconf 88' lang='lat' dir='ltr'><strong>est</strong></span> <span class='ocrx_word' id='word_1_223' title='bbox 1157 2110 1309 2164; x_wconf 88' lang='lat' dir='ltr'><strong>opus,</strong></span> <span class='ocrx_word' id='word_1_224' title='bbox 1373 2101 1431 2147; x_wconf 89' lang='lat' dir='ltr'><strong>ut</strong></span> <span class='ocrx_word' id='word_1_225' title='bbox 1485 2091 1576 2146; x_wconf 81' lang='lat' dir='ltr'><strong>ubi</strong></span> <span class='ocrx_word' id='word_1_226' title='bbox 1632 2092 1958 2147; x_wconf 84' lang='lat' dir='ltr'><strong>voluntatem</strong></span> 
     </span>
    </p>
   </div>
   <div class='ocr_carea' id='block_1_36' title="bbox 379 2185 1601 2258">
    <p class='ocr_par' dir='ltr' id='par_1_36' title="bbox 379 2185 1601 2258">
     <span class='ocr_line' id='line_1_36' title="bbox 379 2185 1601 2258; baseline -0.001 -17"><span class='ocrx_word' id='word_1_227' title='bbox 379 2185 480 2241; x_wconf 82' lang='lat' dir='ltr'><strong>Dei</strong></span> <span class='ocrx_word' id='word_1_228' title='bbox 511 2188 835 2258; x_wconf 86' lang='lat' dir='ltr'><strong>peregeritis,</strong></span> <span class='ocrx_word' id='word_1_229' title='bbox 861 2188 1138 2257; x_wconf 85' lang='lat' dir='ltr'><strong>reportetis</strong></span> <span class='ocrx_word' id='word_1_230' title='bbox 1174 2186 1601 2256; x_wconf 84' lang='lat' dir='ltr'><strong>promissionem.</strong></span> 
     </span>
    </p>
   </div>
   <div class='ocr_carea' id='block_1_37' title="bbox 447 2278 1955 2352">
    <p class='ocr_par' dir='ltr' id='par_1_37' title="bbox 447 2278 1955 2352">
     <span class='ocr_line' id='line_1_37' title="bbox 447 2278 1955 2352; baseline 0 -17"><span class='ocrx_word' id='word_1_231' title='bbox 447 2281 530 2335; x_wconf 85' lang='lat' dir='ltr'><strong>Ah</strong></span> <span class='ocrx_word' id='word_1_232' title='bbox 569 2280 818 2349; x_wconf 83' lang='lat' dir='ltr'><strong>exordio,</strong></span> <span class='ocrx_word' id='word_1_233' title='bbox 850 2281 1048 2352; x_wconf 88' lang='lat' dir='ltr'><strong>inquit,</strong></span> <span class='ocrx_word' id='word_1_234' title='bbox 1096 2279 1219 2336; x_wconf 89' lang='lat' dir='ltr'><strong>fidei</strong></span> <span class='ocrx_word' id='word_1_235' title='bbox 1280 2291 1475 2335; x_wconf 64' lang='lat' dir='ltr'><strong>vestrae</strong></span> <span class='ocrx_word' id='word_1_236' title='bbox 1528 2280 1715 2336; x_wconf 82' lang='lat' dir='ltr'><strong>statim</strong></span> <span class='ocrx_word' id='word_1_237' title='bbox 1764 2278 1955 2335; x_wconf 88' lang='lat' dir='ltr'><strong>decer-</strong></span> 
     </span>
    </p>
   </div>
   <div class='ocr_carea' id='block_1_38' title="bbox 379 2372 1955 2443">
    <p class='ocr_par' dir='ltr' id='par_1_38' title="bbox 379 2372 1955 2443">
     <span class='ocr_line' id='line_1_38' title="bbox 379 2372 1955 2443; baseline 0.003 -17"><span class='ocrx_word' id='word_1_238' title='bbox 379 2373 585 2438; x_wconf 86' lang='lat' dir='ltr'><strong>tastis;</strong></span> <span class='ocrx_word' id='word_1_239' title='bbox 646 2372 752 2428; x_wconf 90' lang='lat' dir='ltr'><strong>hoc</strong></span> <span class='ocrx_word' id='word_1_240' title='bbox 787 2382 1064 2431; x_wconf 89' lang='lat' dir='ltr'><strong>certamen</strong></span> <span class='ocrx_word' id='word_1_241' title='bbox 1093 2374 1147 2429; x_wconf 92' lang='lat' dir='ltr'><strong>in</strong></span> <span class='ocrx_word' id='word_1_242' title='bbox 1172 2377 1363 2431; x_wconf 90' lang='lat' dir='ltr'><strong>&#39;menle</strong></span> <span class='ocrx_word' id='word_1_243' title='bbox 1419 2373 1695 2439; x_wconf 80' lang='lat' dir='ltr'><strong>habetote,</strong></span> <span class='ocrx_word' id='word_1_244' title='bbox 1752 2389 1818 2429; x_wconf 90' lang='lat' dir='ltr'><strong>ne</strong></span> <span class='ocrx_word' id='word_1_245' title='bbox 1847 2390 1955 2443; x_wconf 87' lang='lat' dir='ltr'><strong>quo</strong></span> 
     </span>
    </p>
   </div>
   <div class='ocr_carea' id='block_1_39' title="bbox 380 2462 1953 2535">
    <p class='ocr_par' dir='ltr' id='par_1_39' title="bbox 380 2462 1953 2535">
     <span class='ocr_line' id='line_1_39' title="bbox 380 2462 1953 2535; baseline 0.003 -20"><span class='ocrx_word' id='word_1_246' title='bbox 380 2462 540 2519; x_wconf 88' lang='lat' dir='ltr'><strong>modo</strong></span> <span class='ocrx_word' id='word_1_247' title='bbox 579 2478 674 2532; x_wconf 87' lang='lat' dir='ltr'><strong>per</strong></span> <span class='ocrx_word' id='word_1_248' title='bbox 703 2463 991 2535; x_wconf 79' lang='lat' dir='ltr'><strong>segnitiem</strong></span> <span class='ocrx_word' id='word_1_249' title='bbox 1025 2463 1266 2534; x_wconf 85' lang='lat' dir='ltr'><strong>perdatis</strong></span> <span class='ocrx_word' id='word_1_250' title='bbox 1306 2464 1548 2534; x_wconf 83' lang='lat' dir='ltr'><strong>priorum</strong></span> <span class='ocrx_word' id='word_1_251' title='bbox 1592 2465 1953 2520; x_wconf 83' lang='lat' dir='ltr'><strong>certaminum</strong></span> 
     </span>
    </p>
   </div>
   <div class='ocr_carea' id='block_1_40' title="bbox 379 2552 1953 2625">
    <p class='ocr_par' dir='ltr' id='par_1_40' title="bbox 379 2552 1953 2625">
     <span class='ocr_line' id='line_1_40' title="bbox 379 2552 1953 2625; baseline 0.001 -17"><span class='ocrx_word' id='word_1_252' title='bbox 379 2555 617 2625; x_wconf 62' lang='lat' dir='ltr'><strong>prmmia.</strong></span> <span class='ocrx_word' id='word_1_253' title='bbox 653 2553 953 2610; x_wconf 85' lang='lat' dir='ltr'><strong>Considera</strong></span> <span class='ocrx_word' id='word_1_254' title='bbox 994 2555 1194 2625; x_wconf 82' lang='lat' dir='ltr'><strong>ingenii</strong></span> <span class='ocrx_word' id='word_1_255' title='bbox 1227 2554 1631 2612; x_wconf 79' lang='lat' dir='ltr'><strong>dexteritatem.</strong></span> <span class='ocrx_word' id='word_1_256' title='bbox 1668 2552 1770 2609; x_wconf 87' lang='lat' dir='ltr'><strong>Ubi</strong></span> <span class='ocrx_word' id='word_1_257' title='bbox 1804 2556 1953 2624; x_wconf 86' lang='lat' dir='ltr'><strong>ipso-</strong></span> 
     </span>
    </p>
   </div>
   <div class='ocr_carea' id='block_1_41' title="bbox 380 2647 1951 2720">
    <p class='ocr_par' dir='ltr' id='par_1_41' title="bbox 380 2647 1951 2720">
     <span class='ocr_line' id='line_1_41' title="bbox 380 2647 1951 2720; baseline -0.001 -19"><span class='ocrx_word' id='word_1_258' title='bbox 380 2663 500 2704; x_wconf 88' lang='lat' dir='ltr'><strong>rum</strong></span> <span class='ocrx_word' id='word_1_259' title='bbox 530 2648 744 2703; x_wconf 88' lang='lat' dir='ltr'><strong>animas</strong></span> <span class='ocrx_word' id='word_1_260' title='bbox 775 2647 918 2702; x_wconf 88' lang='lat' dir='ltr'><strong>facta</strong></span> <span class='ocrx_word' id='word_1_261' title='bbox 952 2647 1101 2703; x_wconf 90' lang='lat' dir='ltr'><strong>illius</strong></span> <span class='ocrx_word' id='word_1_262' title='bbox 1134 2647 1274 2720; x_wconf 75' lang='lat' dir='ltr'><strong>ignis</strong></span> <span class='ocrx_word' id='word_1_263' title='bbox 1306 2649 1581 2703; x_wconf 88' lang='lat' dir='ltr'><strong>mentione</strong></span> <span class='ocrx_word' id='word_1_264' title='bbox 1636 2647 1951 2712; x_wconf 84' lang='lat' dir='ltr'><strong>commovit,</strong></span> 
     </span>
    </p>
   </div>
   <div class='ocr_carea' id='block_1_42' title="bbox 380 2742 1955 2816">
    <p class='ocr_par' dir='ltr' id='par_1_42' title="bbox 380 2742 1955 2816">
     <span class='ocr_line' id='line_1_42' title="bbox 380 2742 1955 2816; baseline 0 -18"><span class='ocrx_word' id='word_1_265' title='bbox 380 2760 526 2801; x_wconf 91' lang='lat' dir='ltr'><strong>nunc</strong></span> <span class='ocrx_word' id='word_1_266' title='bbox 565 2761 662 2816; x_wconf 92' lang='lat' dir='ltr'><strong>per</strong></span> <span class='ocrx_word' id='word_1_267' title='bbox 690 2744 938 2802; x_wconf 89' lang='lat' dir='ltr'><strong>eneomia</strong></span> <span class='ocrx_word' id='word_1_268' title='bbox 992 2745 1144 2814; x_wconf 90' lang='lat' dir='ltr'><strong>ipsos</strong></span> <span class='ocrx_word' id='word_1_269' title='bbox 1188 2742 1532 2799; x_wconf 83' lang='lat' dir='ltr'><strong>adhortatur.</strong></span> <span class='ocrx_word' id='word_1_270' title='bbox 1584 2762 1603 2796; x_wconf 78' lang='grc' dir='ltr'><strong>ι</strong></span> <span class='ocrx_word' id='word_1_271' title='bbox 1640 2743 1701 2798; x_wconf 80' lang='lat' dir='ltr'><strong>in</strong></span> <span class='ocrx_word' id='word_1_272' title='bbox 1753 2742 1955 2814; x_wconf 84' lang='lat' dir='ltr'><strong>quibus</strong></span> 
     </span>
    </p>
   </div>
   <div class='ocr_carea' id='block_1_43' title="bbox 352 2830 1954 2909">
    <p class='ocr_par' dir='ltr' id='par_1_43' title="bbox 352 2830 1954 2909">
     <span class='ocr_line' id='line_1_43' title="bbox 352 2830 1954 2909; baseline 0 -20"><span class='ocrx_word' id='word_1_273' title='bbox 352 2830 694 2894; x_wconf 73' lang='lat' dir='ltr'><strong>illuminati.</strong></span> <span class='ocrx_word' id='word_1_274' title='bbox 738 2856 757 2890; x_wconf 73' lang='grc' dir='ltr'><strong>ι</strong></span> <span class='ocrx_word' id='word_1_275' title='bbox 801 2838 910 2892; x_wconf 85' lang='lat' dir='ltr'><strong>Aut</strong></span> <span class='ocrx_word' id='word_1_276' title='bbox 971 2838 1115 2894; x_wconf 84' lang='lat' dir='ltr'><strong>circa</strong></span> <span class='ocrx_word' id='word_1_277' title='bbox 1164 2837 1455 2909; x_wconf 87' lang='lat' dir='ltr'><strong>baptisma,</strong></span> <span class='ocrx_word' id='word_1_278' title='bbox 1488 2836 1686 2907; x_wconf 88' lang='lat' dir='ltr'><strong>inquit,</strong></span> <span class='ocrx_word' id='word_1_279' title='bbox 1751 2834 1954 2891; x_wconf 85' lang='lat' dir='ltr'><strong>illumi-</strong></span> 
     </span>
    </p>
   </div>
   <div class='ocr_carea' id='block_1_44' title="bbox 380 2926 1951 3001">
    <p class='ocr_par' dir='ltr' id='par_1_44' title="bbox 380 2926 1951 3001">
     <span class='ocr_line' id='line_1_44' title="bbox 380 2926 1951 3001; baseline 0 -20"><span class='ocrx_word' id='word_1_280' title='bbox 380 2929 514 2993; x_wconf 89' lang='lat' dir='ltr'><strong>nati,</strong></span> <span class='ocrx_word' id='word_1_281' title='bbox 547 2937 642 2984; x_wconf 86' lang='lat' dir='ltr'><strong>aut</strong></span> <span class='ocrx_word' id='word_1_282' title='bbox 670 2928 817 2984; x_wconf 86' lang='lat' dir='ltr'><strong>circa</strong></span> <span class='ocrx_word' id='word_1_283' title='bbox 845 2928 1049 2985; x_wconf 85' lang='lat' dir='ltr'><strong>Christi</strong></span> <span class='ocrx_word' id='word_1_284' title='bbox 1096 2928 1482 3001; x_wconf 79' lang='lat' dir='ltr'><strong>cognitionem.</strong></span> <span class='ocrx_word' id='word_1_285' title='bbox 1533 2947 1551 2981; x_wconf 80' lang='grc' dir='ltr'><strong>ι</strong></span> <span class='ocrx_word' id='word_1_286' title='bbox 1594 2926 1797 2982; x_wconf 85' lang='lat' dir='ltr'><strong>Partim</strong></span> <span class='ocrx_word' id='word_1_287' title='bbox 1826 2926 1951 2998; x_wconf 78' lang='lat' dir='ltr'><strong>qui-</strong></span> 
     </span>
    </p>
   </div>
   <div class='ocr_carea' id='block_1_45' title="bbox 376 3017 1965 3097">
    <p class='ocr_par' dir='ltr' id='par_1_45' title="bbox 376 3017 1965 3097">
     <span class='ocr_line' id='line_1_45' title="bbox 376 3017 1965 3097; baseline 0.001 -26"><span class='ocrx_word' id='word_1_288' title='bbox 376 3018 497 3079; x_wconf 88' lang='lat' dir='ltr'><strong>dem</strong></span> <span class='ocrx_word' id='word_1_289' title='bbox 533 3018 661 3076; x_wconf 92' lang='lat' dir='ltr'><strong>dum</strong></span> <span class='ocrx_word' id='word_1_290' title='bbox 703 3031 755 3077; x_wconf 88' lang='lat' dir='ltr'><strong>et</strong></span> <span class='ocrx_word' id='word_1_291' title='bbox 778 3021 1017 3093; x_wconf 88' lang='lat' dir='ltr'><strong>probris.</strong></span> <span class='ocrx_word' id='word_1_292' title='bbox 1058 3039 1077 3073; x_wconf 81' lang='grc' dir='ltr'><strong>ι</strong></span> <span class='ocrx_word' id='word_1_293' title='bbox 1123 3020 1367 3076; x_wconf 79' lang='lat' dir='ltr'><strong>Robusta</strong></span> <span class='ocrx_word' id='word_1_294' title='bbox 1394 3036 1533 3091; x_wconf 88' lang='lat' dir='ltr'><strong>opus</strong></span> <span class='ocrx_word' id='word_1_295' title='bbox 1564 3028 1647 3074; x_wconf 91' lang='lat' dir='ltr'><strong>est</strong></span> <span class='ocrx_word' id='word_1_296' title='bbox 1672 3020 1852 3074; x_wconf 89' lang='lat' dir='ltr'><strong>anima</strong></span> <span class='ocrx_word' id='word_1_297' title='bbox 1881 3017 1965 3097; x_wconf 87' lang='lat' dir='ltr'><strong>ad</strong></span> 
     </span>
    </p>
   </div>
   <div class='ocr_carea' id='block_1_46' title="bbox 377 3111 1950 3187">
    <p class='ocr_par' dir='ltr' id='par_1_46' title="bbox 377 3111 1950 3187">
     <span class='ocr_line' id='line_1_46' title="bbox 377 3111 1950 3187; baseline -0.001 -20"><span class='ocrx_word' id='word_1_298' title='bbox 377 3113 597 3171; x_wconf 87' lang='lat' dir='ltr'><strong>ferenda</strong></span> <span class='ocrx_word' id='word_1_299' title='bbox 626 3115 825 3187; x_wconf 87' lang='lat' dir='ltr'><strong>probra</strong></span> <span class='ocrx_word' id='word_1_300' title='bbox 871 3124 924 3172; x_wconf 90' lang='lat' dir='ltr'><strong>et</strong></span> <span class='ocrx_word' id='word_1_301' title='bbox 958 3115 1228 3185; x_wconf 86' lang='lat' dir='ltr'><strong>injurias,</strong></span> <span class='ocrx_word' id='word_1_302' title='bbox 1287 3113 1452 3171; x_wconf 88' lang='lat' dir='ltr'><strong>etiam</strong></span> <span class='ocrx_word' id='word_1_303' title='bbox 1509 3111 1554 3168; x_wconf 89' lang='lat' dir='ltr'><strong>si</strong></span> <span class='ocrx_word' id='word_1_304' title='bbox 1590 3112 1839 3184; x_wconf 77' lang='lat' dir='ltr'><strong>privatim</strong></span> <span class='ocrx_word' id='word_1_305' title='bbox 1894 3119 1950 3166; x_wconf 88' lang='lat' dir='ltr'><strong>et</strong></span> 
     </span>
    </p>
   </div>
   <div class='ocr_carea' id='block_1_47' title="bbox 2065 1904 3656 1984">
    <p class='ocr_par' dir='ltr' id='par_1_47' title="bbox 2065 1904 3656 1984">
     <span class='ocr_line' id='line_1_47' title="bbox 2065 1904 3656 1984; baseline 0.008 -28"><span class='ocrx_word' id='word_1_306' title='bbox 2065 1905 2408 1973; x_wconf 72' lang='grc' dir='ltr'><em>παρρησίαν</em></span> <span class='ocrx_word' id='word_1_307' title='bbox 2442 1904 2632 1974; x_wconf 82' lang='grc' dir='ltr'><em>ὑμῶν,</em></span> <span class='ocrx_word' id='word_1_308' title='bbox 2704 1906 2835 1976; x_wconf 82' lang='grc' dir='ltr'><em>ἢτις</em></span> <span class='ocrx_word' id='word_1_309' title='bbox 2867 1909 2995 1978; x_wconf 74' lang='grc' dir='ltr'><em>ἔχει</em></span> <span class='ocrx_word' id='word_1_310' title='bbox 3026 1913 3520 1979; x_wconf 79' lang='grc' dir='ltr'><em>μισθαποδοσίαν</em></span> <span class='ocrx_word' id='word_1_311' title='bbox 3543 1932 3656 1984; x_wconf 83' lang='grc' dir='ltr'><em>με-</em></span> 
     </span>
    </p>
   </div>
   <div class='ocr_carea' id='block_1_48' title="bbox 2060 1995 3656 2072">
    <p class='ocr_par' dir='ltr' id='par_1_48' title="bbox 2060 1995 3656 2072">
     <span class='ocr_line' id='line_1_48' title="bbox 2060 1995 3656 2072; baseline 0.008 -24"><span class='ocrx_word' id='word_1_312' title='bbox 2060 1995 2277 2067; x_wconf 73' lang='grc' dir='ltr'><em>γάλην.</em></span> <span class='ocrx_word' id='word_1_313' title='bbox 2324 1996 2672 2069; x_wconf 83' lang='grc' dir='ltr'><em>’Υπομονῆς</em></span> <span class='ocrx_word' id='word_1_314' title='bbox 2734 1997 2845 2070; x_wconf 72' lang='grc' dir='ltr'><strong>γὰρ</strong></span> <span class='ocrx_word' id='word_1_315' title='bbox 2902 2001 3070 2071; x_wconf 79' lang='grc' dir='ltr'><em>ἔχετε</em></span> <span class='ocrx_word' id='word_1_316' title='bbox 3118 2004 3364 2072; x_wconf 75' lang='grc' dir='ltr'><em>χρείαν,</em></span> <span class='ocrx_word' id='word_1_317' title='bbox 3429 2005 3531 2059; x_wconf 80' lang='grc' dir='ltr'><strong>ἵνα</strong></span> <span class='ocrx_word' id='word_1_318' title='bbox 3580 2006 3656 2061; x_wconf 86' lang='grc' dir='ltr'><em>τὸ</em></span> 
     </span>
    </p>
   </div>
   <div class='ocr_carea' id='block_1_49' title="bbox 2061 2087 3651 2168">
    <p class='ocr_par' dir='ltr' id='par_1_49' title="bbox 2061 2087 3651 2168">
     <span class='ocr_line' id='line_1_49' title="bbox 2061 2087 3651 2168; baseline 0.009 -27"><span class='ocrx_word' id='word_1_319' title='bbox 2061 2087 2292 2158; x_wconf 74' lang='grc' dir='ltr'><em>θέλημα</em></span> <span class='ocrx_word' id='word_1_320' title='bbox 2332 2090 2441 2145; x_wconf 88' lang='grc' dir='ltr'><em>τοῦ</em></span> <span class='ocrx_word' id='word_1_321' title='bbox 2478 2091 2627 2146; x_wconf 85' lang='grc' dir='ltr'><em>Θεοῦ</em></span> <span class='ocrx_word' id='word_1_322' title='bbox 2672 2090 3042 2161; x_wconf 81' lang='grc' dir='ltr'><em>ποιήσαντες</em></span> <span class='ocrx_word' id='word_1_323' title='bbox 3072 2134 3087 2161; x_wconf 92' lang='grc'><strong>,</strong></span> <span class='ocrx_word' id='word_1_324' title='bbox 3141 2096 3479 2165; x_wconf 83' lang='grc' dir='ltr'><em>κομίσησθε</em></span> <span class='ocrx_word' id='word_1_325' title='bbox 3524 2097 3651 2168; x_wconf 74' lang='grc' dir='ltr'><em>τὴν</em></span> 
     </span>
    </p>
   </div>
   <div class='ocr_carea' id='block_1_50' title="bbox 2058 2181 2445 2251">
    <p class='ocr_par' dir='ltr' id='par_1_50' title="bbox 2058 2181 2445 2251">
     <span class='ocr_line' id='line_1_50' title="bbox 2058 2181 2445 2251; baseline 0.005 -16"><span class='ocrx_word' id='word_1_326' title='bbox 2058 2181 2445 2251; x_wconf 72' lang='grc' dir='ltr'><em>ἐπαγγελίαν.</em></span> 
     </span>
    </p>
   </div>
   <div class='ocr_carea' id='block_1_51' title="bbox 2131 2274 3657 2353">
    <p class='ocr_par' dir='ltr' id='par_1_51' title="bbox 2131 2274 3657 2353">
     <span class='ocr_line' id='line_1_51' title="bbox 2131 2274 3657 2353; baseline 0.007 -26"><span class='ocrx_word' id='word_1_327' title='bbox 2131 2274 2291 2345; x_wconf 75' lang='grc' dir='ltr'><em>Παρὰ</em></span> <span class='ocrx_word' id='word_1_328' title='bbox 2321 2274 2420 2345; x_wconf 81' lang='grc' dir='ltr'><em>τὴν</em></span> <span class='ocrx_word' id='word_1_329' title='bbox 2449 2274 2646 2348; x_wconf 82' lang='grc' dir='ltr'><em>ἀρχὴν,</em></span> <span class='ocrx_word' id='word_1_330' title='bbox 2680 2278 2836 2348; x_wconf 70' lang='grc' dir='ltr'><em>φησὶ,</em></span> <span class='ocrx_word' id='word_1_331' title='bbox 2872 2276 2971 2349; x_wconf 80' lang='grc' dir='ltr'><em>τῆς</em></span> <span class='ocrx_word' id='word_1_332' title='bbox 3000 2278 3236 2344; x_wconf 87' lang='grc' dir='ltr'><em>πίστεως</em></span> <span class='ocrx_word' id='word_1_333' title='bbox 3264 2279 3417 2352; x_wconf 83' lang='grc' dir='ltr'><em>ὑμῶν</em></span> <span class='ocrx_word' id='word_1_334' title='bbox 3444 2282 3657 2353; x_wconf 78' lang='grc' dir='ltr'><em>ἠγωνί-</em></span> 
     </span>
    </p>
   </div>
   <div class='ocr_carea' id='block_1_52' title="bbox 2060 2364 3652 2444">
    <p class='ocr_par' dir='ltr' id='par_1_52' title="bbox 2060 2364 3652 2444">
     <span class='ocr_line' id='line_1_52' title="bbox 2060 2364 3652 2444; baseline 0.004 -25"><span class='ocrx_word' id='word_1_335' title='bbox 2060 2364 2247 2419; x_wconf 83' lang='grc' dir='ltr'><em>σασθε.</em></span> <span class='ocrx_word' id='word_1_336' title='bbox 2284 2364 2485 2421; x_wconf 79' lang='grc' dir='ltr'><em>Τοῦτον</em></span> <span class='ocrx_word' id='word_1_337' title='bbox 2533 2368 2591 2420; x_wconf 82' lang='grc' dir='ltr'><strong>ἐν</strong></span> <span class='ocrx_word' id='word_1_338' title='bbox 2620 2367 2696 2439; x_wconf 97' lang='grc' dir='ltr'><strong>νῷ</strong></span> <span class='ocrx_word' id='word_1_339' title='bbox 2732 2369 2887 2439; x_wconf 79' lang='grc' dir='ltr'><em>ἔχετε</em></span> <span class='ocrx_word' id='word_1_340' title='bbox 2923 2367 3015 2423; x_wconf 70' lang='grc' dir='ltr'><em>τὶν</em></span> <span class='ocrx_word' id='word_1_341' title='bbox 3045 2370 3252 2440; x_wconf 82' lang='grc' dir='ltr'><em>ἀγῶνα,</em></span> <span class='ocrx_word' id='word_1_342' title='bbox 3298 2373 3372 2444; x_wconf 77' lang='grc' dir='ltr'><em>μή</em></span> <span class='ocrx_word' id='word_1_343' title='bbox 3414 2391 3530 2437; x_wconf 86' lang='grc' dir='ltr'><strong>πως</strong></span> <span class='ocrx_word' id='word_1_344' title='bbox 3556 2373 3652 2426; x_wconf 67' lang='grc' dir='ltr'><em>διὰ</em></span> 
     </span>
    </p>
   </div>
   <div class='ocr_carea' id='block_1_53' title="bbox 2061 2457 3654 2536">
    <p class='ocr_par' dir='ltr' id='par_1_53' title="bbox 2061 2457 3654 2536">
     <span class='ocr_line' id='line_1_53' title="bbox 2061 2457 3654 2536; baseline 0.006 -26"><span class='ocrx_word' id='word_1_345' title='bbox 2061 2457 2338 2529; x_wconf 75' lang='grc' dir='ltr'><em>ῥᾳθυμίας</em></span> <span class='ocrx_word' id='word_1_346' title='bbox 2389 2458 2693 2531; x_wconf 81' lang='grc' dir='ltr'><em>ἀπολέσητε</em></span> <span class='ocrx_word' id='word_1_347' title='bbox 2749 2461 2817 2515; x_wconf 82' lang='grc' dir='ltr'><em>τὰ</em></span> <span class='ocrx_word' id='word_1_348' title='bbox 2867 2463 3348 2535; x_wconf 87' lang='grc' dir='ltr'><em>προηγωνισμένα.</em></span> <span class='ocrx_word' id='word_1_349' title='bbox 3383 2464 3526 2536; x_wconf 85' lang='grc' dir='ltr'><em>Ὅρα</em></span> <span class='ocrx_word' id='word_1_350' title='bbox 3555 2467 3654 2519; x_wconf 87' lang='grc' dir='ltr'><em>εὑ-</em></span> 
     </span>
    </p>
   </div>
   <div class='ocr_carea' id='block_1_54' title="bbox 2058 2547 3650 2625">
    <p class='ocr_par' dir='ltr' id='par_1_54' title="bbox 2058 2547 3650 2625">
     <span class='ocr_line' id='line_1_54' title="bbox 2058 2547 3650 2625; baseline 0.006 -26"><span class='ocrx_word' id='word_1_351' title='bbox 2058 2548 2240 2615; x_wconf 81' lang='grc' dir='ltr'><em>φυῖαν.</em></span> <span class='ocrx_word' id='word_1_352' title='bbox 2278 2547 2627 2613; x_wconf 84' lang='grc' dir='ltr'><em>Κατασείσας</em></span> <span class='ocrx_word' id='word_1_353' title='bbox 2658 2549 2842 2603; x_wconf 85' lang='grc' dir='ltr'><em>αὑτῶν</em></span> <span class='ocrx_word' id='word_1_354' title='bbox 2868 2551 2967 2614; x_wconf 82' lang='grc' dir='ltr'><em>τὰς</em></span> <span class='ocrx_word' id='word_1_355' title='bbox 3011 2550 3194 2624; x_wconf 75' lang='grc' dir='ltr'>ψυχὰς</span> <span class='ocrx_word' id='word_1_356' title='bbox 3218 2556 3286 2624; x_wconf 78' lang='grc' dir='ltr'><em>τῇ</em></span> <span class='ocrx_word' id='word_1_357' title='bbox 3323 2555 3512 2625; x_wconf 80' lang='grc' dir='ltr'><em>μνήμῃ</em></span> <span class='ocrx_word' id='word_1_358' title='bbox 3545 2554 3650 2608; x_wconf 78' lang='grc' dir='ltr'><em>τοῦ</em></span> 
     </span>
    </p>
   </div>
   <div class='ocr_carea' id='block_1_55' title="bbox 2056 2640 3651 2719">
    <p class='ocr_par' dir='ltr' id='par_1_55' title="bbox 2056 2640 3651 2719">
     <span class='ocr_line' id='line_1_55' title="bbox 2056 2640 3651 2719; baseline 0.006 -27"><span class='ocrx_word' id='word_1_359' title='bbox 2056 2641 2230 2710; x_wconf 72' lang='grc' dir='ltr'><em>πυρὸς</em></span> <span class='ocrx_word' id='word_1_360' title='bbox 2259 2640 2494 2706; x_wconf 82' lang='grc' dir='ltr'><em>ἐκείνου,</em></span> <span class='ocrx_word' id='word_1_361' title='bbox 2556 2641 2653 2695; x_wconf 79' lang='grc' dir='ltr'><em>νῦν</em></span> <span class='ocrx_word' id='word_1_362' title='bbox 2680 2641 2748 2695; x_wconf 82' lang='grc' dir='ltr'><em>δι’</em></span> <span class='ocrx_word' id='word_1_363' title='bbox 2774 2643 3069 2714; x_wconf 79' lang='grc' dir='ltr'><strong>ἐγκωμίων</strong></span> <span class='ocrx_word' id='word_1_364' title='bbox 3094 2645 3293 2709; x_wconf 72' lang='grc' dir='ltr'><em>αὐτοὺς</em></span> <span class='ocrx_word' id='word_1_365' title='bbox 3334 2648 3651 2719; x_wconf 84' lang='grc' dir='ltr'><em>προτρέπε-</em></span> 
     </span>
    </p>
   </div>
   <div class='ocr_carea' id='block_1_56' title="bbox 2055 2725 3648 2815">
    <p class='ocr_par' dir='ltr' id='par_1_56' title="bbox 2055 2725 3648 2815">
     <span class='ocr_line' id='line_1_56' title="bbox 2055 2725 3648 2815; baseline 0.007 -29"><span class='ocrx_word' id='word_1_366' title='bbox 2055 2751 2165 2789; x_wconf 81' lang='grc' dir='ltr'><em>ται.</em></span> <span class='ocrx_word' id='word_1_367' title='bbox 2202 2752 2221 2787; x_wconf 75' lang='grc' dir='ltr'><strong>ι</strong></span> <span class='ocrx_word' id='word_1_368' title='bbox 2245 2735 2332 2789; x_wconf 87' lang='grc' dir='ltr'><em>Ἐν</em></span> <span class='ocrx_word' id='word_1_369' title='bbox 2363 2729 2453 2800; x_wconf 77' lang='grc' dir='ltr'><em>αἷς</em></span> <span class='ocrx_word' id='word_1_370' title='bbox 2483 2738 2899 2805; x_wconf 78' lang='grc' dir='ltr'><em>φωτισθέντες.»</em></span> <span class='ocrx_word' id='word_1_371' title='bbox 2928 2725 3001 2793; x_wconf 51' lang='lat' dir='ltr'><strong>&quot;li</strong></span> <span class='ocrx_word' id='word_1_372' title='bbox 3040 2741 3167 2813; x_wconf 70' lang='grc' dir='ltr'><em>περὶ</em></span> <span class='ocrx_word' id='word_1_373' title='bbox 3196 2740 3291 2794; x_wconf 84' lang='grc' dir='ltr'><em>τοῦ</em></span> <span class='ocrx_word' id='word_1_374' title='bbox 3327 2741 3648 2815; x_wconf 70' lang='grc' dir='ltr'><em>βαπτίσμαο</em></span> 
     </span>
    </p>
   </div>
   <div class='ocr_carea' id='block_1_57' title="bbox 2054 2827 3645 2904">
    <p class='ocr_par' dir='ltr' id='par_1_57' title="bbox 2054 2827 3645 2904">
     <span class='ocr_line' id='line_1_57' title="bbox 2054 2827 3645 2904; baseline 0.006 -23"><span class='ocrx_word' id='word_1_375' title='bbox 2054 2827 2144 2892; x_wconf 81' lang='grc' dir='ltr'><strong>τός</strong></span> <span class='ocrx_word' id='word_1_376' title='bbox 2163 2845 2295 2900; x_wconf 84' lang='grc' dir='ltr'><em>φησι</em></span> <span class='ocrx_word' id='word_1_377' title='bbox 2318 2829 2400 2895; x_wconf 74' lang='grc' dir='ltr'><em>τὸ,</em></span> <span class='ocrx_word' id='word_1_378' title='bbox 2416 2830 2805 2898; x_wconf 80' lang='grc' dir='ltr'><em>φωτισθέντες,</em></span> <span class='ocrx_word' id='word_1_379' title='bbox 2830 2831 2863 2903; x_wconf 81' lang='grc' dir='ltr'>ἢ</span> <span class='ocrx_word' id='word_1_380' title='bbox 2890 2849 2957 2885; x_wconf 96' lang='grc' dir='ltr'><strong>πε</strong></span> <span class='ocrx_word' id='word_1_381' title='bbox 2968 2831 3021 2904; x_wconf 63' lang='lat' dir='ltr'><strong>pi.</strong></span> <span class='ocrx_word' id='word_1_382' title='bbox 3043 2833 3141 2903; x_wconf 75' lang='grc' dir='ltr'><em>τῆς</em></span> <span class='ocrx_word' id='word_1_383' title='bbox 3175 2833 3522 2904; x_wconf 73' lang='grc' dir='ltr'><em>ἐπιγνώσεως</em></span> <span class='ocrx_word' id='word_1_384' title='bbox 3545 2837 3645 2891; x_wconf 80' lang='grc' dir='ltr'><em>τοῦ</em></span> 
     </span>
    </p>
   </div>
   <div class='ocr_carea' id='block_1_58' title="bbox 2054 2916 3649 2993">
    <p class='ocr_par' dir='ltr' id='par_1_58' title="bbox 2054 2916 3649 2993">
     <span class='ocr_line' id='line_1_58' title="bbox 2054 2916 3649 2993; baseline 0.008 -25"><span class='ocrx_word' id='word_1_385' title='bbox 2054 2916 2313 2987; x_wconf 75' lang='grc' dir='ltr'><em>Χριστοῦ.</em></span> <span class='ocrx_word' id='word_1_386' title='bbox 2346 2937 2366 2970; x_wconf 82' lang='grc' dir='ltr'><strong>ι</strong></span> <span class='ocrx_word' id='word_1_387' title='bbox 2394 2919 2566 2973; x_wconf 83' lang='grc' dir='ltr'><em>Τοῦτο</em></span> <span class='ocrx_word' id='word_1_388' title='bbox 2627 2921 2749 2992; x_wconf 82' lang='grc' dir='ltr'><em>μὲν,</em></span> <span class='ocrx_word' id='word_1_389' title='bbox 2804 2921 3150 2993; x_wconf 75' lang='grc' dir='ltr'><em>ὀνειδισμοῖς.</em></span> <span class='ocrx_word' id='word_1_390' title='bbox 3185 2941 3204 2975; x_wconf 77' lang='grc' dir='ltr'><strong>ι</strong></span> <span class='ocrx_word' id='word_1_391' title='bbox 3248 2924 3508 2991; x_wconf 70' lang='grc' dir='ltr'><em>ιἐνναίας</em></span> <span class='ocrx_word' id='word_1_392' title='bbox 3529 2927 3649 2980; x_wconf 84' lang='grc' dir='ltr'><em>δεῖ-</em></span> 
     </span>
    </p>
   </div>
   <div class='ocr_carea' id='block_1_59' title="bbox 2052 3011 3646 3089">
    <p class='ocr_par' dir='ltr' id='par_1_59' title="bbox 2052 3011 3646 3089">
     <span class='ocr_line' id='line_1_59' title="bbox 2052 3011 3646 3089; baseline 0.006 -25"><span class='ocrx_word' id='word_1_393' title='bbox 2052 3027 2142 3064; x_wconf 86' lang='grc' dir='ltr'><strong>ται</strong></span> <span class='ocrx_word' id='word_1_394' title='bbox 2170 3011 2347 3083; x_wconf 78' lang='grc' dir='ltr'><strong>ψυχῆς</strong></span> <span class='ocrx_word' id='word_1_395' title='bbox 2375 3012 2435 3065; x_wconf 83' lang='grc' dir='ltr'><em>τὸ</em></span> <span class='ocrx_word' id='word_1_396' title='bbox 2463 3015 2708 3082; x_wconf 80' lang='grc' dir='ltr'><em>ἐνεγκεῖν</em></span> <span class='ocrx_word' id='word_1_397' title='bbox 2730 3014 3070 3083; x_wconf 74' lang='grc' dir='ltr'><em>ὀνειδισμοὺς</em></span> <span class='ocrx_word' id='word_1_398' title='bbox 3097 3017 3188 3070; x_wconf 69' lang='grc' dir='ltr'><strong>καὶ</strong></span> <span class='ocrx_word' id='word_1_399' title='bbox 3219 3016 3427 3089; x_wconf 75' lang='grc' dir='ltr'><em>ὕϐρεις,</em></span> <span class='ocrx_word' id='word_1_400' title='bbox 3463 3020 3512 3072; x_wconf 82' lang='grc' dir='ltr'><strong>εί</strong></span> <span class='ocrx_word' id='word_1_401' title='bbox 3546 3023 3646 3074; x_wconf 66' lang='grc' dir='ltr'><strong>καὶ</strong></span> 
     </span>
    </p>
   </div>
   <div class='ocr_carea' id='block_1_60' title="bbox 2053 3103 3645 3181">
    <p class='ocr_par' dir='ltr' id='par_1_60' title="bbox 2053 3103 3645 3181">
     <span class='ocr_line' id='line_1_60' title="bbox 2053 3103 3645 3181; baseline 0.006 -25"><span class='ocrx_word' id='word_1_402' title='bbox 2053 3103 2174 3157; x_wconf 81' lang='grc' dir='ltr'><em>κατ’</em></span> <span class='ocrx_word' id='word_1_403' title='bbox 2234 3103 2369 3158; x_wconf 84' lang='grc' dir='ltr'><em>ἰδίαν</em></span> <span class='ocrx_word' id='word_1_404' title='bbox 2410 3106 2691 3174; x_wconf 79' lang='grc' dir='ltr'><em>γίνωνται.</em></span> <span class='ocrx_word' id='word_1_405' title='bbox 2757 3104 2976 3177; x_wconf 83' lang='grc' dir='ltr'><em>Ἐπειδὴ</em></span> <span class='ocrx_word' id='word_1_406' title='bbox 3022 3106 3079 3160; x_wconf 88' lang='grc' dir='ltr'><strong>δέ</strong></span> <span class='ocrx_word' id='word_1_407' title='bbox 3138 3108 3388 3181; x_wconf 83' lang='grc' dir='ltr'><em>φανερῶς</em></span> <span class='ocrx_word' id='word_1_408' title='bbox 3427 3110 3520 3164; x_wconf 80' lang='grc' dir='ltr'><strong>καὶ</strong></span> <span class='ocrx_word' id='word_1_409' title='bbox 3548 3112 3645 3165; x_wconf 79' lang='grc' dir='ltr'><em>ἐπὶ</em></span> 
     </span>
    </p>
   </div>
   <div class='ocr_carea' id='block_1_61' title="bbox 375 3193 1948 3280">
    <p class='ocr_par' dir='ltr' id='par_1_61' title="bbox 375 3205 1945 3280">
     <span class='ocr_line' id='line_1_61' title="bbox 375 3205 1945 3280; baseline -0.004 -15"><span class='ocrx_word' id='word_1_410' title='bbox 375 3208 589 3265; x_wconf 86' lang='lat' dir='ltr'><strong>occulte</strong></span> <span class='ocrx_word' id='word_1_411' title='bbox 628 3207 797 3267; x_wconf 79' lang='lat' dir='ltr'><strong>fiant:</strong></span> <span class='ocrx_word' id='word_1_412' title='bbox 826 3209 1083 3280; x_wconf 88' lang='lat' dir='ltr'><strong>quoniam</strong></span> <span class='ocrx_word' id='word_1_413' title='bbox 1113 3215 1296 3263; x_wconf 88' lang='lat' dir='ltr'><strong>autem</strong></span> <span class='ocrx_word' id='word_1_414' title='bbox 1345 3205 1634 3262; x_wconf 80' lang='lat' dir='ltr'><strong>manifeste</strong></span> <span class='ocrx_word' id='word_1_415' title='bbox 1662 3212 1715 3260; x_wconf 92' lang='lat' dir='ltr'><strong>et</strong></span> <span class='ocrx_word' id='word_1_416' title='bbox 1764 3220 1945 3260; x_wconf 85' lang='lat' dir='ltr'><strong>coram</strong></span> 
     </span>
    </p>
   </div>
   <div class='ocr_carea' id='block_1_62' title="bbox 2055 3193 3645 3280">
    <p class='ocr_par' dir='ltr' id='par_1_62' title="bbox 2055 3193 3645 3274">
     <span class='ocr_line' id='line_1_62' title="bbox 2055 3193 3645 3274; baseline 0.006 -25"><span class='ocrx_word' id='word_1_417' title='bbox 2055 3193 2290 3263; x_wconf 83' lang='grc' dir='ltr'><em>πάντων,</em></span> <span class='ocrx_word' id='word_1_418' title='bbox 2318 3194 2503 3267; x_wconf 83' lang='grc' dir='ltr'><em>(τοῦτο</em></span> <span class='ocrx_word' id='word_1_419' title='bbox 2526 3197 2635 3269; x_wconf 79' lang='grc' dir='ltr'><em>γὰρ</em></span> <span class='ocrx_word' id='word_1_420' title='bbox 2661 3195 2744 3263; x_wconf 77' lang='grc' dir='ltr'><em>τὸ,</em></span> <span class='ocrx_word' id='word_1_421' title='bbox 2765 3197 3222 3269; x_wconf 77' lang='grc' dir='ltr'><em>θεατριζόμενοι),</em></span> <span class='ocrx_word' id='word_1_422' title='bbox 3250 3204 3645 3274; x_wconf 76' lang='grc' dir='ltr'><em>γενναιοτέρας</em></span> 
     </span>
    </p>
   </div>
   <div class='ocr_carea' id='block_1_63' title="bbox 374 3295 1953 3372">
    <p class='ocr_par' dir='ltr' id='par_1_63' title="bbox 374 3295 1953 3372">
     <span class='ocr_line' id='line_1_63' title="bbox 374 3295 1953 3372; baseline -0.006 -14"><span class='ocrx_word' id='word_1_423' title='bbox 374 3301 632 3358; x_wconf 88' lang='lat' dir='ltr'><strong>omnibus</strong></span> <span class='ocrx_word' id='word_1_424' title='bbox 693 3299 892 3355; x_wconf 86' lang='lat' dir='ltr'><strong>fiebant</strong></span> <span class='ocrx_word' id='word_1_425' title='bbox 946 3299 1097 3372; x_wconf 86' lang='lat' dir='ltr'><strong>(nam</strong></span> <span class='ocrx_word' id='word_1_426' title='bbox 1143 3299 1246 3355; x_wconf 89' lang='lat' dir='ltr'><strong>hoc</strong></span> <span class='ocrx_word' id='word_1_427' title='bbox 1279 3297 1549 3370; x_wconf 78' lang='lat' dir='ltr'><strong>significat</strong></span> <span class='ocrx_word' id='word_1_428' title='bbox 1587 3295 1953 3369; x_wconf 87' lang='lat' dir='ltr'><strong>:Spectaculo</strong></span> 
     </span>
    </p>
   </div>
   <div class='ocr_carea' id='block_1_64' title="bbox 372 3388 1952 3462">
    <p class='ocr_par' dir='ltr' id='par_1_64' title="bbox 372 3388 1952 3462">
     <span class='ocr_line' id='line_1_64' title="bbox 372 3388 1952 3462; baseline -0.002 -15"><span class='ocrx_word' id='word_1_429' title='bbox 372 3392 656 3462; x_wconf 70' lang='lat' dir='ltr'><strong>aﬂuistis),</strong></span> <span class='ocrx_word' id='word_1_430' title='bbox 686 3392 966 3451; x_wconf 83' lang='lat' dir='ltr'><strong>robustior</strong></span> <span class='ocrx_word' id='word_1_431' title='bbox 986 3401 1071 3447; x_wconf 90' lang='lat' dir='ltr'><strong>est</strong></span> <span class='ocrx_word' id='word_1_432' title='bbox 1103 3391 1437 3447; x_wconf 87' lang='lat' dir='ltr'><strong>necessaria.</strong></span> <span class='ocrx_word' id='word_1_433' title='bbox 1504 3407 1523 3442; x_wconf 85' lang='grc' dir='ltr'><strong>ι</strong></span> <span class='ocrx_word' id='word_1_434' title='bbox 1566 3388 1773 3444; x_wconf 84' lang='lat' dir='ltr'><strong>Partim</strong></span> <span class='ocrx_word' id='word_1_435' title='bbox 1822 3403 1952 3444; x_wconf 86' lang='lat' dir='ltr'><strong>vero</strong></span> 
     </span>
    </p>
   </div>
   <div class='ocr_carea' id='block_1_65' title="bbox 376 3481 1952 3554">
    <p class='ocr_par' dir='ltr' id='par_1_65' title="bbox 376 3481 1952 3554">
     <span class='ocr_line' id='line_1_65' title="bbox 376 3481 1952 3554; baseline -0.002 -15"><span class='ocrx_word' id='word_1_436' title='bbox 376 3486 504 3543; x_wconf 86' lang='lat' dir='ltr'><strong>dum</strong></span> <span class='ocrx_word' id='word_1_437' title='bbox 562 3493 870 3543; x_wconf 85' lang='lat' dir='ltr'><strong>consortes.</strong></span> <span class='ocrx_word' id='word_1_438' title='bbox 922 3504 943 3540; x_wconf 73' lang='grc' dir='ltr'><strong>ι</strong></span> <span class='ocrx_word' id='word_1_439' title='bbox 1000 3482 1121 3541; x_wconf 84' lang='grc' dir='ltr'><strong>Νοη</strong></span> <span class='ocrx_word' id='word_1_440' title='bbox 1184 3485 1384 3551; x_wconf 86' lang='lat' dir='ltr'><strong>solum,</strong></span> <span class='ocrx_word' id='word_1_441' title='bbox 1442 3481 1638 3554; x_wconf 84' lang='lat' dir='ltr'><strong>inquit,</strong></span> <span class='ocrx_word' id='word_1_442' title='bbox 1700 3481 1952 3553; x_wconf 85' lang='lat' dir='ltr'><strong>proprias</strong></span> 
     </span>
    </p>
   </div>
   <div class='ocr_carea' id='block_1_66' title="bbox 370 3573 1955 3648">
    <p class='ocr_par' dir='ltr' id='par_1_66' title="bbox 370 3573 1955 3648">
     <span class='ocr_line' id='line_1_66' title="bbox 370 3573 1955 3648; baseline -0.003 -15"><span class='ocrx_word' id='word_1_443' title='bbox 370 3573 605 3648; x_wconf 85' lang='lat' dir='ltr'><strong>injurias</strong></span> <span class='ocrx_word' id='word_1_444' title='bbox 660 3577 807 3635; x_wconf 80' lang='lat' dir='ltr'><strong>virili</strong></span> <span class='ocrx_word' id='word_1_445' title='bbox 859 3577 1040 3632; x_wconf 87' lang='lat' dir='ltr'><strong>animo</strong></span> <span class='ocrx_word' id='word_1_446' title='bbox 1100 3574 1328 3639; x_wconf 86' lang='lat' dir='ltr'><strong>tulistis,</strong></span> <span class='ocrx_word' id='word_1_447' title='bbox 1393 3575 1486 3630; x_wconf 85' lang='lat' dir='ltr'><strong>sed</strong></span> <span class='ocrx_word' id='word_1_448' title='bbox 1554 3584 1609 3628; x_wconf 90' lang='lat' dir='ltr'><strong>et</strong></span> <span class='ocrx_word' id='word_1_449' title='bbox 1665 3583 1955 3629; x_wconf 83' lang='lat' dir='ltr'><strong>consortes</strong></span> 
     </span>
    </p>
   </div>
   <div class='ocr_carea' id='block_1_67' title="bbox 371 3666 1949 3745">
    <p class='ocr_par' dir='ltr' id='par_1_67' title="bbox 371 3666 1949 3745">
     <span class='ocr_line' id='line_1_67' title="bbox 371 3666 1949 3745; baseline -0.003 -22"><span class='ocrx_word' id='word_1_450' title='bbox 371 3670 555 3726; x_wconf 80' lang='lat' dir='ltr'><strong>fuistis</strong></span> <span class='ocrx_word' id='word_1_451' title='bbox 578 3684 769 3745; x_wconf 86' lang='lat' dir='ltr'><strong>eorum</strong></span> <span class='ocrx_word' id='word_1_452' title='bbox 816 3669 907 3739; x_wconf 89' lang='lat' dir='ltr'><strong>qui</strong></span> <span class='ocrx_word' id='word_1_453' title='bbox 955 3667 1161 3739; x_wconf 80' lang='lat' dir='ltr'><strong>injuria</strong></span> <span class='ocrx_word' id='word_1_454' title='bbox 1222 3666 1620 3732; x_wconf 67' lang='lat' dir='ltr'><strong>adiciebantur,</strong></span> <span class='ocrx_word' id='word_1_455' title='bbox 1672 3667 1949 3735; x_wconf 77' lang='lat' dir='ltr'><strong>apostolos</strong></span> 
     </span>
    </p>
   </div>
   <div class='ocr_carea' id='block_1_68' title="bbox 371 3757 1951 3833">
    <p class='ocr_par' dir='ltr' id='par_1_68' title="bbox 371 3757 1951 3833">
     <span class='ocr_line' id='line_1_68' title="bbox 371 3757 1951 3833; baseline -0.006 -14"><span class='ocrx_word' id='word_1_456' title='bbox 371 3762 709 3833; x_wconf 81' lang='lat' dir='ltr'><strong>sign’ilicans,</strong></span> <span class='ocrx_word' id='word_1_457' title='bbox 777 3770 1027 3817; x_wconf 79' lang='lat' dir='ltr'><strong>versatos</strong></span> <span class='ocrx_word' id='word_1_458' title='bbox 1082 3759 1334 3817; x_wconf 84' lang='lat' dir='ltr'><strong>videlicet</strong></span> <span class='ocrx_word' id='word_1_459' title='bbox 1389 3759 1443 3813; x_wconf 94' lang='lat' dir='ltr'><strong>in</strong></span> <span class='ocrx_word' id='word_1_460' title='bbox 1494 3757 1845 3814; x_wconf 86' lang='lat' dir='ltr'><strong>contumeliis</strong></span> <span class='ocrx_word' id='word_1_461' title='bbox 1894 3765 1951 3814; x_wconf 91' lang='lat' dir='ltr'><strong>ct</strong></span> 
     </span>
    </p>
   </div>
   <div class='ocr_carea' id='block_1_69' title="bbox 371 3848 1965 3920">
    <p class='ocr_par' dir='ltr' id='par_1_69' title="bbox 371 3848 1965 3920">
     <span class='ocr_line' id='line_1_69' title="bbox 371 3848 1965 3920; baseline -0.003 -14"><span class='ocrx_word' id='word_1_462' title='bbox 371 3852 785 3915; x_wconf 75' lang='lat' dir='ltr'><strong>afﬂictionibus.</strong></span> <span class='ocrx_word' id='word_1_463' title='bbox 847 3870 865 3903; x_wconf 80' lang='grc' dir='ltr'><strong>ι</strong></span> <span class='ocrx_word' id='word_1_464' title='bbox 901 3849 1178 3920; x_wconf 81' lang='lat' dir='ltr'><strong>Siquidem</strong></span> <span class='ocrx_word' id='word_1_465' title='bbox 1224 3856 1278 3905; x_wconf 89' lang='lat' dir='ltr'><strong>et</strong></span> <span class='ocrx_word' id='word_1_466' title='bbox 1321 3848 1679 3903; x_wconf 83' lang='lat' dir='ltr'><strong>afﬂictionum</strong></span> <span class='ocrx_word' id='word_1_467' title='bbox 1721 3862 1842 3918; x_wconf 66' lang='lat' dir='ltr'><strong>quae</strong></span> <span class='ocrx_word' id='word_1_468' title='bbox 1881 3862 1965 3902; x_wconf 24' lang='lat' dir='ltr'><strong>ex.</strong></span> 
     </span>
    </p>
   </div>
   <div class='ocr_carea' id='block_1_70' title="bbox 371 3937 1946 4017">
    <p class='ocr_par' dir='ltr' id='par_1_70' title="bbox 371 3937 1946 4017">
     <span class='ocr_line' id='line_1_70' title="bbox 371 3937 1946 4017; baseline -0.003 -17"><span class='ocrx_word' id='word_1_469' title='bbox 371 3946 606 4002; x_wconf 73' lang='lat' dir='ltr'><strong>vinculis</strong></span> <span class='ocrx_word' id='word_1_470' title='bbox 633 3946 769 4001; x_wconf 84' lang='lat' dir='ltr'><strong>meis</strong></span> <span class='ocrx_word' id='word_1_471' title='bbox 809 3945 1175 4017; x_wconf 80' lang='lat' dir='ltr'><strong>contigerunt.</strong></span> <span class='ocrx_word' id='word_1_472' title='bbox 1202 3941 1496 4013; x_wconf 85' lang='lat' dir='ltr'><strong>participes</strong></span> <span class='ocrx_word' id='word_1_473' title='bbox 1529 3942 1736 3998; x_wconf 90' lang='lat' dir='ltr'><strong>fuistis.</strong></span> <span class='ocrx_word' id='word_1_474' title='bbox 1773 3960 1791 3993; x_wconf 78' lang='grc' dir='ltr'><strong>ι</strong></span> <span class='ocrx_word' id='word_1_475' title='bbox 1826 3937 1946 3995; x_wconf 78' lang='lat' dir='ltr'><strong>Non</strong></span> 
     </span>
    </p>
   </div>
   <div class='ocr_carea' id='block_1_71' title="bbox 371 4024 1941 4108">
    <p class='ocr_par' dir='ltr' id='par_1_71' title="bbox 371 4024 1941 4108">
     <span class='ocr_line' id='line_1_71' title="bbox 371 4024 1941 4108; baseline -0.006 -14"><span class='ocrx_word' id='word_1_476' title='bbox 371 4039 572 4105; x_wconf 87' lang='lat' dir='ltr'><strong>solum,</strong></span> <span class='ocrx_word' id='word_1_477' title='bbox 609 4037 806 4108; x_wconf 78' lang='lat' dir='ltr'><strong>inquit,</strong></span> <span class='ocrx_word' id='word_1_478' title='bbox 849 4024 960 4093; x_wconf 86' lang='lat' dir='ltr'><strong>non</strong></span> <span class='ocrx_word' id='word_1_479' title='bbox 1005 4052 1142 4108; x_wconf 81' lang='lat' dir='ltr'><strong>Opus</strong></span> <span class='ocrx_word' id='word_1_480' title='bbox 1197 4035 1298 4090; x_wconf 81' lang='lat' dir='ltr'><strong>fuit</strong></span> <span class='ocrx_word' id='word_1_481' title='bbox 1332 4034 1487 4092; x_wconf 86' lang='lat' dir='ltr'><strong>vobis</strong></span> <span class='ocrx_word' id='word_1_482' title='bbox 1545 4032 1941 4096; x_wconf 83' lang='lat' dir='ltr'><strong>consolatione,</strong></span> 
     </span>
    </p>
   </div>
   <div class='ocr_carea' id='block_1_72' title="bbox 369 4125 1944 4203">
    <p class='ocr_par' dir='ltr' id='par_1_72' title="bbox 369 4125 1944 4203">
     <span class='ocr_line' id='line_1_72' title="bbox 369 4125 1944 4203; baseline -0.006 -19"><span class='ocrx_word' id='word_1_483' title='bbox 369 4130 464 4187; x_wconf 81' lang='lat' dir='ltr'><strong>sed</strong></span> <span class='ocrx_word' id='word_1_484' title='bbox 499 4128 619 4185; x_wconf 89' lang='lat' dir='ltr'><strong>aliis</strong></span> <span class='ocrx_word' id='word_1_485' title='bbox 652 4144 866 4203; x_wconf 87' lang='lat' dir='ltr'><strong>quoque</strong></span> <span class='ocrx_word' id='word_1_486' title='bbox 914 4128 1112 4183; x_wconf 88' lang='lat' dir='ltr'><strong>vinctis</strong></span> <span class='ocrx_word' id='word_1_487' title='bbox 1147 4141 1343 4181; x_wconf 86' lang='lat' dir='ltr'><strong>manus</strong></span> <span class='ocrx_word' id='word_1_488' title='bbox 1398 4125 1771 4181; x_wconf 81' lang='lat' dir='ltr'><strong>auxiliatrices</strong></span> <span class='ocrx_word' id='word_1_489' title='bbox 1812 4138 1944 4194; x_wconf 83' lang='lat' dir='ltr'><strong>por-</strong></span> 
     </span>
    </p>
   </div>
   <div class='ocr_carea' id='block_1_73' title="bbox 348 4214 1942 4294">
    <p class='ocr_par' dir='ltr' id='par_1_73' title="bbox 348 4214 1942 4294">
     <span class='ocr_line' id='line_1_73' title="bbox 348 4214 1942 4294; baseline -0.005 -18"><span class='ocrx_word' id='word_1_490' title='bbox 348 4223 614 4294; x_wconf 28' lang='lat' dir='ltr'><strong>.rexistis,</strong></span> <span class='ocrx_word' id='word_1_491' title='bbox 655 4222 770 4279; x_wconf 68' lang='lat' dir='ltr'><strong>«Et</strong></span> <span class='ocrx_word' id='word_1_492' title='bbox 828 4221 1213 4291; x_wconf 85' lang='lat' dir='ltr'><strong>direptionem.</strong></span> <span class='ocrx_word' id='word_1_493' title='bbox 1266 4236 1285 4270; x_wconf 78' lang='grc' dir='ltr'><strong>ι</strong></span> <span class='ocrx_word' id='word_1_494' title='bbox 1339 4216 1594 4287; x_wconf 78' lang='lat' dir='ltr'><strong>Magnum</strong></span> <span class='ocrx_word' id='word_1_495' title='bbox 1649 4225 1735 4272; x_wconf 90' lang='lat' dir='ltr'><strong>cst</strong></span> <span class='ocrx_word' id='word_1_496' title='bbox 1799 4214 1942 4269; x_wconf 86' lang='lat' dir='ltr'><strong>ferre</strong></span> 
     </span>
    </p>
   </div>
   <div class='ocr_carea' id='block_1_74' title="bbox 366 4302 1938 4388">
    <p class='ocr_par' dir='ltr' id='par_1_74' title="bbox 366 4302 1938 4388">
     <span class='ocr_line' id='line_1_74' title="bbox 366 4302 1938 4388; baseline -0.006 -21"><span class='ocrx_word' id='word_1_497' title='bbox 366 4302 730 4388; x_wconf 77' lang='lat' dir='ltr'><strong>direptionem</strong></span> <span class='ocrx_word' id='word_1_498' title='bbox 766 4312 1109 4373; x_wconf 85' lang='lat' dir='ltr'><strong>facultatum.</strong></span> <span class='ocrx_word' id='word_1_499' title='bbox 1169 4308 1325 4377; x_wconf 87' lang='lat' dir='ltr'><strong>Quod</strong></span> <span class='ocrx_word' id='word_1_500' title='bbox 1354 4320 1536 4363; x_wconf 85' lang='lat' dir='ltr'><strong>autem</strong></span> <span class='ocrx_word' id='word_1_501' title='bbox 1591 4309 1754 4362; x_wconf 90' lang='lat' dir='ltr'><strong>etiam</strong></span> <span class='ocrx_word' id='word_1_502' title='bbox 1815 4321 1938 4359; x_wconf 91' lang='lat' dir='ltr'><strong>cum</strong></span> 
     </span>
    </p>
   </div>
   <div class='ocr_carea' id='block_1_75' title="bbox 2057 3287 3643 3363">
    <p class='ocr_par' dir='ltr' id='par_1_75' title="bbox 2057 3287 3643 3363">
     <span class='ocr_line' id='line_1_75' title="bbox 2057 3287 3643 3363; baseline -0.016 -18"><span class='ocrx_word' id='word_1_503' title='bbox 2057 3288 2273 3361; x_wconf 74' lang='grc' dir='ltr'><em>χρῄζει.</em></span> <span class='ocrx_word' id='word_1_504' title='bbox 2320 3305 2338 3339; x_wconf 81' lang='grc' dir='ltr'><strong>ι</strong></span> <span class='ocrx_word' id='word_1_505' title='bbox 2364 3287 2538 3342; x_wconf 81' lang='grc' dir='ltr'><em>Τοῦτο</em></span> <span class='ocrx_word' id='word_1_506' title='bbox 2569 3288 2624 3343; x_wconf 78' lang='grc' dir='ltr'><em>δὲ</em></span> <span class='ocrx_word' id='word_1_507' title='bbox 2674 3288 2938 3342; x_wconf 83' lang='grc' dir='ltr'><em>κοινωνοί.</em></span> <span class='ocrx_word' id='word_1_508' title='bbox 2968 3307 2987 3341; x_wconf 75' lang='grc' dir='ltr'><strong>ι</strong></span> <span class='ocrx_word' id='word_1_509' title='bbox 3031 3289 3105 3343; x_wconf 77' lang='grc' dir='ltr'><strong>Οὐ</strong></span> <span class='ocrx_word' id='word_1_510' title='bbox 3137 3290 3316 3361; x_wconf 61' lang='grc' dir='ltr'><em>μόνον,</em></span> <span class='ocrx_word' id='word_1_511' title='bbox 3354 3293 3509 3363; x_wconf 50' lang='grc' dir='ltr'><em>φησι,</em></span> <span class='ocrx_word' id='word_1_512' title='bbox 3537 3297 3643 3359; x_wconf 55' lang='grc' dir='ltr'><strong>τὰς</strong></span> 
     </span>
    </p>
   </div>
   <div class='ocr_carea' id='block_1_76' title="bbox 2055 3375 3645 3450">
    <p class='ocr_par' dir='ltr' id='par_1_76' title="bbox 2055 3375 3645 3450">
     <span class='ocr_line' id='line_1_76' title="bbox 2055 3375 3645 3450; baseline 0.005 -20"><span class='ocrx_word' id='word_1_513' title='bbox 2055 3381 2133 3441; x_wconf 78' lang='grc' dir='ltr'><strong>είς</strong></span> <span class='ocrx_word' id='word_1_514' title='bbox 2157 3378 2301 3448; x_wconf 82' lang='grc' dir='ltr'><em>ὑμᾶς</em></span> <span class='ocrx_word' id='word_1_515' title='bbox 2324 3375 2506 3446; x_wconf 76' lang='grc' dir='ltr'><em>ὕϐρεις</em></span> <span class='ocrx_word' id='word_1_516' title='bbox 2538 3378 2806 3448; x_wconf 76' lang='grc' dir='ltr'><em>γενναίως</em></span> <span class='ocrx_word' id='word_1_517' title='bbox 2837 3378 3129 3450; x_wconf 76' lang='grc' dir='ltr'><em>ἠνέγκατε,</em></span> <span class='ocrx_word' id='word_1_518' title='bbox 3155 3381 3292 3435; x_wconf 80' lang='grc' dir='ltr'><em>ἀλλὰ</em></span> <span class='ocrx_word' id='word_1_519' title='bbox 3320 3383 3413 3435; x_wconf 72' lang='grc' dir='ltr'><strong>καὶ</strong></span> <span class='ocrx_word' id='word_1_520' title='bbox 3444 3401 3645 3438; x_wconf 70' lang='grc' dir='ltr'><em>κοινα-</em></span> 
     </span>
    </p>
   </div>
   <div class='ocr_carea' id='block_1_77' title="bbox 2052 3469 3641 3544">
    <p class='ocr_par' dir='ltr' id='par_1_77' title="bbox 2052 3469 3641 3544">
     <span class='ocr_line' id='line_1_77' title="bbox 2052 3469 3641 3544; baseline 0.005 -22"><span class='ocrx_word' id='word_1_521' title='bbox 2052 3472 2133 3523; x_wconf 76' lang='grc' dir='ltr'><em>νοὶ</em></span> <span class='ocrx_word' id='word_1_522' title='bbox 2191 3469 2301 3524; x_wconf 82' lang='grc' dir='ltr'><em>τῶν</em></span> <span class='ocrx_word' id='word_1_523' title='bbox 2357 3470 2728 3544; x_wconf 78' lang='grc' dir='ltr'><em>ὑϐριζομένων</em></span> <span class='ocrx_word' id='word_1_524' title='bbox 2780 3470 3055 3541; x_wconf 86' lang='grc' dir='ltr'><em>ἐγένεσθε,</em></span> <span class='ocrx_word' id='word_1_525' title='bbox 3118 3474 3246 3538; x_wconf 72' lang='grc' dir='ltr'><em>τοὺς</em></span> <span class='ocrx_word' id='word_1_526' title='bbox 3301 3475 3641 3538; x_wconf 77' lang='grc' dir='ltr'><strong>ἀποστόλους</strong></span> 
     </span>
    </p>
   </div>
   <div class='ocr_carea' id='block_1_78' title="bbox 2052 3561 3637 3637">
    <p class='ocr_par' dir='ltr' id='par_1_78' title="bbox 2052 3561 3637 3637">
     <span class='ocr_line' id='line_1_78' title="bbox 2052 3561 3637 3637; baseline 0.005 -23"><span class='ocrx_word' id='word_1_527' title='bbox 2052 3561 2246 3637; x_wconf 87' lang='grc' dir='ltr'><em>δηλῶν,</em></span> <span class='ocrx_word' id='word_1_528' title='bbox 2291 3564 2789 3637; x_wconf 81' lang='grc' dir='ltr'><em>ἀναστρεφομένων</em></span> <span class='ocrx_word' id='word_1_529' title='bbox 2827 3564 2906 3629; x_wconf 85' lang='grc' dir='ltr'><em>δὲ,</em></span> <span class='ocrx_word' id='word_1_530' title='bbox 2942 3564 3000 3616; x_wconf 84' lang='grc' dir='ltr'><strong>ἐν</strong></span> <span class='ocrx_word' id='word_1_531' title='bbox 3044 3564 3367 3637; x_wconf 81' lang='grc' dir='ltr'><em>ὀνειδισμοῖς</em></span> <span class='ocrx_word' id='word_1_532' title='bbox 3395 3568 3490 3622; x_wconf 74' lang='grc' dir='ltr'><strong>καὶ</strong></span> <span class='ocrx_word' id='word_1_533' title='bbox 3517 3569 3637 3622; x_wconf 73' lang='grc' dir='ltr'><em>ολί-</em></span> 
     </span>
    </p>
   </div>
   <div class='ocr_carea' id='block_1_79' title="bbox 2051 3654 3629 3727">
    <p class='ocr_par' dir='ltr' id='par_1_79' title="bbox 2051 3654 3629 3727">
     <span class='ocr_line' id='line_1_79' title="bbox 2051 3654 3629 3727; baseline 0.003 -22"><span class='ocrx_word' id='word_1_534' title='bbox 2051 3654 2198 3722; x_wconf 63' lang='grc' dir='ltr'><em>ᾁεσι.</em></span> <span class='ocrx_word' id='word_1_535' title='bbox 2241 3673 2260 3705; x_wconf 79' lang='grc' dir='ltr'><strong>ι</strong></span> <span class='ocrx_word' id='word_1_536' title='bbox 2291 3654 2398 3708; x_wconf 73' lang='grc' dir='ltr'><strong>Καὶ</strong></span> <span class='ocrx_word' id='word_1_537' title='bbox 2446 3657 2557 3726; x_wconf 87' lang='grc' dir='ltr'><em>γὰρ</em></span> <span class='ocrx_word' id='word_1_538' title='bbox 2585 3657 2697 3719; x_wconf 86' lang='grc' dir='ltr'><em>τοῖς</em></span> <span class='ocrx_word' id='word_1_539' title='bbox 2739 3655 2958 3725; x_wconf 84' lang='grc' dir='ltr'><em>δεσμοῖς</em></span> <span class='ocrx_word' id='word_1_540' title='bbox 3000 3671 3100 3725; x_wconf 85' lang='grc' dir='ltr'><em>μου</em></span> <span class='ocrx_word' id='word_1_541' title='bbox 3143 3656 3576 3727; x_wconf 83' lang='grc' dir='ltr'><em>συνεπαθήσατε.</em></span> <span class='ocrx_word' id='word_1_542' title='bbox 3609 3677 3629 3709; x_wconf 78' lang='grc' dir='ltr'><strong>ι</strong></span> 
     </span>
    </p>
   </div>
   <div class='ocr_carea' id='block_1_80' title="bbox 2052 3746 3633 3822">
    <p class='ocr_par' dir='ltr' id='par_1_80' title="bbox 2052 3746 3633 3822">
     <span class='ocr_line' id='line_1_80' title="bbox 2052 3746 3633 3822; baseline 0.003 -23"><span class='ocrx_word' id='word_1_543' title='bbox 2052 3746 2127 3800; x_wconf 77' lang='grc' dir='ltr'><em>οὑ</em></span> <span class='ocrx_word' id='word_1_544' title='bbox 2170 3746 2350 3817; x_wconf 85' lang='grc' dir='ltr'><em>μόνον,</em></span> <span class='ocrx_word' id='word_1_545' title='bbox 2390 3748 2578 3820; x_wconf 64' lang='grc' dir='ltr'><em>φησιν,</em></span> <span class='ocrx_word' id='word_1_546' title='bbox 2612 3749 2767 3818; x_wconf 80' lang='grc' dir='ltr'><em>ὑμεῖς</em></span> <span class='ocrx_word' id='word_1_547' title='bbox 2790 3749 2890 3801; x_wconf 82' lang='grc' dir='ltr'><strong>οὐκ</strong></span> <span class='ocrx_word' id='word_1_548' title='bbox 2918 3749 3179 3822; x_wconf 82' lang='grc' dir='ltr'><em>ἐδεήθητε</em></span> <span class='ocrx_word' id='word_1_549' title='bbox 3204 3750 3633 3821; x_wconf 80' lang='grc' dir='ltr'><em>παρακλήσεως,</em></span> 
     </span>
    </p>
   </div>
   <div class='ocr_carea' id='block_1_81' title="bbox 2049 3838 3635 3915">
    <p class='ocr_par' dir='ltr' id='par_1_81' title="bbox 2049 3838 3635 3915">
     <span class='ocr_line' id='line_1_81' title="bbox 2049 3838 3635 3915; baseline 0.002 -23"><span class='ocrx_word' id='word_1_550' title='bbox 2049 3838 2185 3892; x_wconf 80' lang='grc' dir='ltr'><em>ἀλλὰ</em></span> <span class='ocrx_word' id='word_1_551' title='bbox 2219 3840 2312 3892; x_wconf 80' lang='grc' dir='ltr'><strong>καὶ</strong></span> <span class='ocrx_word' id='word_1_552' title='bbox 2346 3839 2529 3904; x_wconf 79' lang='grc' dir='ltr'><em>ἄλλοις</em></span> <span class='ocrx_word' id='word_1_553' title='bbox 2546 3841 2865 3911; x_wconf 74' lang='grc' dir='ltr'><em>δεδεμένοις</em></span> <span class='ocrx_word' id='word_1_554' title='bbox 2911 3845 3101 3915; x_wconf 82' lang='grc' dir='ltr'><em>χεῖρας</em></span> <span class='ocrx_word' id='word_1_555' title='bbox 3158 3841 3418 3914; x_wconf 80' lang='grc' dir='ltr'><em>ὼρέγετε.</em></span> <span class='ocrx_word' id='word_1_556' title='bbox 3471 3859 3490 3893; x_wconf 75' lang='grc' dir='ltr'><strong>ι</strong></span> <span class='ocrx_word' id='word_1_557' title='bbox 3516 3840 3635 3895; x_wconf 76' lang='grc' dir='ltr'><strong>Καὶ</strong></span> 
     </span>
    </p>
   </div>
   <div class='ocr_carea' id='block_1_82' title="bbox 2048 3931 3630 4007">
    <p class='ocr_par' dir='ltr' id='par_1_82' title="bbox 2048 3931 3630 4007">
     <span class='ocr_line' id='line_1_82' title="bbox 2048 3931 3630 4007; baseline 0.003 -24"><span class='ocrx_word' id='word_1_558' title='bbox 2048 3931 2159 4004; x_wconf 67' lang='grc' dir='ltr'><em>γὰρ</em></span> <span class='ocrx_word' id='word_1_559' title='bbox 2195 3931 2292 4002; x_wconf 81' lang='grc' dir='ltr'><em>τὴν</em></span> <span class='ocrx_word' id='word_1_560' title='bbox 2334 3931 2613 4003; x_wconf 72' lang='grc' dir='ltr'><em>ἁρπαγήν.</em></span> <span class='ocrx_word' id='word_1_561' title='bbox 2640 3951 2658 3984; x_wconf 78' lang='grc' dir='ltr'><strong>ι</strong></span> <span class='ocrx_word' id='word_1_562' title='bbox 2686 3933 2847 4002; x_wconf 83' lang='grc' dir='ltr'><em>Μέγα</em></span> <span class='ocrx_word' id='word_1_563' title='bbox 2869 3935 2931 3987; x_wconf 75' lang='grc' dir='ltr'><em>τὸ</em></span> <span class='ocrx_word' id='word_1_564' title='bbox 2964 3936 3208 4004; x_wconf 84' lang='grc' dir='ltr'><em>ἐνεγκεῖν</em></span> <span class='ocrx_word' id='word_1_565' title='bbox 3241 3935 3340 4007; x_wconf 80' lang='grc' dir='ltr'><em>τὴν</em></span> <span class='ocrx_word' id='word_1_566' title='bbox 3370 3935 3630 4006; x_wconf 67' lang='grc' dir='ltr'><em>ἁρπαγὴν</em></span> 
     </span>
    </p>
   </div>
   <div class='ocr_carea' id='block_1_83' title="bbox 2047 4023 3628 4100">
    <p class='ocr_par' dir='ltr' id='par_1_83' title="bbox 2047 4023 3628 4100">
     <span class='ocr_line' id='line_1_83' title="bbox 2047 4023 3628 4100; baseline 0 -23"><span class='ocrx_word' id='word_1_567' title='bbox 2047 4025 2155 4077; x_wconf 83' lang='grc' dir='ltr'><em>τῶν</em></span> <span class='ocrx_word' id='word_1_568' title='bbox 2201 4023 2576 4095; x_wconf 81' lang='grc' dir='ltr'><em>ὑπαρχόντων,</em></span> <span class='ocrx_word' id='word_1_569' title='bbox 2621 4025 2682 4078; x_wconf 80' lang='grc' dir='ltr'><em>τὸ</em></span> <span class='ocrx_word' id='word_1_570' title='bbox 2722 4026 2779 4080; x_wconf 84' lang='grc' dir='ltr'><strong>δέ</strong></span> <span class='ocrx_word' id='word_1_571' title='bbox 2817 4028 2912 4082; x_wconf 77' lang='grc' dir='ltr'><strong>καὶ</strong></span> <span class='ocrx_word' id='word_1_572' title='bbox 2943 4027 3077 4098; x_wconf 76' lang='grc' dir='ltr'><em>μετὰ</em></span> <span class='ocrx_word' id='word_1_573' title='bbox 3101 4028 3296 4100; x_wconf 81' lang='grc' dir='ltr'><em>χαρᾶς,</em></span> <span class='ocrx_word' id='word_1_574' title='bbox 3337 4028 3628 4081; x_wconf 82' lang='grc' dir='ltr'><em>ἀποστολι-</em></span> 
     </span>
    </p>
   </div>
   <div class='ocr_carea' id='block_1_84' title="bbox 2048 4115 3627 4190">
    <p class='ocr_par' dir='ltr' id='par_1_84' title="bbox 2048 4115 3627 4190">
     <span class='ocr_line' id='line_1_84' title="bbox 2048 4115 3627 4190; baseline 0.002 -20"><span class='ocrx_word' id='word_1_575' title='bbox 2048 4115 2163 4171; x_wconf 81' lang='grc' dir='ltr'><em>κόν.</em></span> <span class='ocrx_word' id='word_1_576' title='bbox 2222 4135 2241 4168; x_wconf 78' lang='grc' dir='ltr'><strong>ι</strong></span> <span class='ocrx_word' id='word_1_577' title='bbox 2265 4116 2419 4170; x_wconf 73' lang='grc' dir='ltr'><em>Μετὰ</em></span> <span class='ocrx_word' id='word_1_578' title='bbox 2457 4118 2633 4188; x_wconf 79' lang='grc' dir='ltr'><em>χαρᾶς</em></span> <span class='ocrx_word' id='word_1_579' title='bbox 2689 4118 3108 4189; x_wconf 80' lang='grc' dir='ltr'><em>προσεδέξασθε.</em></span> <span class='ocrx_word' id='word_1_580' title='bbox 3138 4139 3157 4171; x_wconf 79' lang='grc' dir='ltr'><strong>ι</strong></span> <span class='ocrx_word' id='word_1_581' title='bbox 3211 4118 3323 4190; x_wconf 77' lang='grc' dir='ltr'><strong>Τὴν</strong></span> <span class='ocrx_word' id='word_1_582' title='bbox 3362 4120 3627 4186; x_wconf 33' lang='grc' dir='ltr'><em>,ἑκούσιον</em></span> 
     </span>
    </p>
   </div>
   <div class='ocr_carea' id='block_1_85' title="bbox 2046 4208 3618 4281">
    <p class='ocr_par' dir='ltr' id='par_1_85' title="bbox 2046 4208 3618 4281">
     <span class='ocr_line' id='line_1_85' title="bbox 2046 4208 3618 4281; baseline 0 -18"><span class='ocrx_word' id='word_1_583' title='bbox 2046 4209 2227 4263; x_wconf 83' lang='grc' dir='ltr'><em>αὐτῶν</em></span> <span class='ocrx_word' id='word_1_584' title='bbox 2285 4208 2567 4280; x_wconf 76' lang='grc' dir='ltr'><em>ὑπομονὴν</em></span> <span class='ocrx_word' id='word_1_585' title='bbox 2619 4211 2856 4264; x_wconf 87' lang='grc' dir='ltr'><em>ἐπαινεῖ.</em></span> <span class='ocrx_word' id='word_1_586' title='bbox 2943 4209 3354 4274; x_wconf 75' lang='grc' dir='ltr'><em>«Γινώσκοντες</em></span> <span class='ocrx_word' id='word_1_587' title='bbox 3410 4210 3618 4281; x_wconf 76' lang='grc' dir='ltr'><em>ἔχειν.»</em></span> 
     </span>
    </p>
   </div>
   <div class='ocr_carea' id='block_1_86' title="bbox 2057 4298 3617 4372">
    <p class='ocr_par' dir='ltr' id='par_1_86' title="bbox 2057 4298 3617 4372">
     <span class='ocr_line' id='line_1_86' title="bbox 2057 4298 3617 4372; baseline 0.001 -20"><span class='ocrx_word' id='word_1_588' title='bbox 2057 4298 2187 4352; x_wconf 80' lang='grc' dir='ltr'><strong>’1δοὺ</strong></span> <span class='ocrx_word' id='word_1_589' title='bbox 2214 4298 2310 4353; x_wconf 80' lang='grc' dir='ltr'><strong>καὶ</strong></span> <span class='ocrx_word' id='word_1_590' title='bbox 2334 4298 2517 4353; x_wconf 74' lang='grc' dir='ltr'><em>πίστιν</em></span> <span class='ocrx_word' id='word_1_591' title='bbox 2546 4298 2729 4365; x_wconf 82' lang='grc' dir='ltr'><em>αὐτοῖς</em></span> <span class='ocrx_word' id='word_1_592' title='bbox 2763 4302 3051 4371; x_wconf 81' lang='grc' dir='ltr'><em>μαρτυρεῖ.</em></span> <span class='ocrx_word' id='word_1_593' title='bbox 3100 4322 3118 4353; x_wconf 79' lang='grc' dir='ltr'><strong>ι</strong></span> <span class='ocrx_word' id='word_1_594' title='bbox 3145 4302 3253 4355; x_wconf 57' lang='grc' dir='ltr'><strong>Καὶ⁵</strong></span> <span class='ocrx_word' id='word_1_595' title='bbox 3287 4303 3574 4372; x_wconf 78' lang='grc' dir='ltr'><em>μένουσαν.</em></span> <span class='ocrx_word' id='word_1_596' title='bbox 3599 4320 3617 4353; x_wconf 79' lang='grc' dir='ltr'><strong>ι</strong></span> 
     </span>
    </p>
   </div>
   <div class='ocr_carea' id='block_1_87' title="bbox 356 4384 1948 4487">
    <p class='ocr_par' dir='ltr' id='par_1_87' title="bbox 356 4384 1939 4487">
     <span class='ocr_line' id='line_1_87' title="bbox 356 4384 1939 4487; baseline -0.004 -26"><span class='ocrx_word' id='word_1_597' title='bbox 356 4384 565 4479; x_wconf 65' lang='grc' dir='ltr'><em>ἐοιιιίὶο</em></span> <span class='ocrx_word' id='word_1_598' title='bbox 625 4404 855 4487; x_wconf 63' lang='lat' dir='ltr'><strong>feratur,</strong></span> <span class='ocrx_word' id='word_1_599' title='bbox 915 4402 1275 4475; x_wconf 88' lang='lat' dir='ltr'><strong>apostolicum</strong></span> <span class='ocrx_word' id='word_1_600' title='bbox 1324 4408 1432 4456; x_wconf 88' lang='lat' dir='ltr'><strong>est.</strong></span> <span class='ocrx_word' id='word_1_601' title='bbox 1489 4418 1508 4450; x_wconf 76' lang='grc' dir='ltr'><strong>ι</strong></span> <span class='ocrx_word' id='word_1_602' title='bbox 1554 4398 1690 4453; x_wconf 88' lang='lat' dir='ltr'><strong>Cum</strong></span> <span class='ocrx_word' id='word_1_603' title='bbox 1741 4398 1939 4468; x_wconf 83' lang='lat' dir='ltr'><strong>gaudio</strong></span> 
     </span>
    </p>
   </div>
   <div class='ocr_carea' id='block_1_88' title="bbox 2055 4384 3622 4487">
    <p class='ocr_par' dir='ltr' id='par_1_88' title="bbox 2055 4384 3622 4460">
     <span class='ocr_line' id='line_1_88' title="bbox 2055 4384 3622 4460; baseline 0 -19"><span class='ocrx_word' id='word_1_604' title='bbox 2055 4384 2305 4442; x_wconf 74' lang='grc' dir='ltr'><em>Γουτέστι</em></span> <span class='ocrx_word' id='word_1_605' title='bbox 2336 4386 2581 4459; x_wconf 84' lang='grc' dir='ltr'><em>βεϐαίαν,</em></span> <span class='ocrx_word' id='word_1_606' title='bbox 2615 4388 2713 4458; x_wconf 85' lang='grc' dir='ltr'><em>οὑχ</em></span> <span class='ocrx_word' id='word_1_607' title='bbox 2743 4388 2819 4452; x_wconf 80' lang='grc' dir='ltr'><em>ὡς</em></span> <span class='ocrx_word' id='word_1_608' title='bbox 2851 4389 2949 4460; x_wconf 84' lang='grc' dir='ltr'><em>τὴν</em></span> <span class='ocrx_word' id='word_1_609' title='bbox 2973 4389 3227 4454; x_wconf 81' lang='grc' dir='ltr'><em>ἐνταῦθα,</em></span> <span class='ocrx_word' id='word_1_610' title='bbox 3263 4389 3362 4459; x_wconf 75' lang='grc' dir='ltr'><em>τὴν</em></span> <span class='ocrx_word' id='word_1_611' title='bbox 3391 4389 3622 4444; x_wconf 82' lang='grc' dir='ltr'><em>ἀπολλυ-</em></span> 
     </span>
    </p>
   </div>
   <div class='ocr_carea' id='block_1_89' title="bbox 364 4489 1937 4569">
    <p class='ocr_par' dir='ltr' id='par_1_89' title="bbox 364 4489 1937 4569">
     <span class='ocr_line' id='line_1_89' title="bbox 364 4489 1937 4569; baseline -0.006 -15"><span class='ocrx_word' id='word_1_612' title='bbox 364 4501 683 4569; x_wconf 79' lang='lat' dir='ltr'><strong>accepistis.</strong></span> <span class='ocrx_word' id='word_1_613' title='bbox 719 4516 737 4549; x_wconf 79' lang='grc' dir='ltr'><strong>ι</strong></span> <span class='ocrx_word' id='word_1_614' title='bbox 774 4492 1155 4551; x_wconf 72' lang='lat' dir='ltr'><strong>Voluntariam</strong></span> <span class='ocrx_word' id='word_1_615' title='bbox 1187 4493 1431 4560; x_wconf 86' lang='lat' dir='ltr'><strong>ipsorum</strong></span> <span class='ocrx_word' id='word_1_616' title='bbox 1457 4489 1775 4560; x_wconf 84' lang='lat' dir='ltr'><strong>patientiam</strong></span> <span class='ocrx_word' id='word_1_617' title='bbox 1821 4491 1937 4545; x_wconf 86' lang='lat' dir='ltr'><strong>col-</strong></span> 
     </span>
    </p>
   </div>
   <div class='ocr_carea' id='block_1_90' title="bbox 2047 4484 3616 4556">
    <p class='ocr_par' dir='ltr' id='par_1_90' title="bbox 2047 4484 3616 4556">
     <span class='ocr_line' id='line_1_90' title="bbox 2047 4484 3616 4556; baseline -0.001 -16"><span class='ocrx_word' id='word_1_618' title='bbox 2047 4484 2234 4556; x_wconf 79' lang='grc' dir='ltr'><em>μένην,</em></span> <span class='ocrx_word' id='word_1_619' title='bbox 2288 4485 2382 4539; x_wconf 74' lang='grc' dir='ltr'><strong>καὶ</strong></span> <span class='ocrx_word' id='word_1_620' title='bbox 2425 4484 2856 4555; x_wconf 84' lang='grc' dir='ltr'><em>μεταϐαίνουσαν</em></span> <span class='ocrx_word' id='word_1_621' title='bbox 2911 4484 3008 4538; x_wconf 80' lang='grc' dir='ltr'><strong>ἀπ’</strong></span> <span class='ocrx_word' id='word_1_622' title='bbox 3061 4485 3237 4541; x_wconf 78' lang='grc' dir='ltr'><em>ἄλλων</em></span> <span class='ocrx_word' id='word_1_623' title='bbox 3277 4487 3356 4548; x_wconf 76' lang='grc' dir='ltr'><em>εἰς</em></span> <span class='ocrx_word' id='word_1_624' title='bbox 3404 4485 3616 4549; x_wconf 82' lang='grc' dir='ltr'><em>ἄλλους.</em></span> 
     </span>
    </p>
   </div>
   <div class='ocr_carea' id='block_1_91' title="bbox 363 4558 1948 4651">
    <p class='ocr_par' dir='ltr' id='par_1_91' title="bbox 363 4558 1936 4651">
     <span class='ocr_line' id='line_1_91' title="bbox 363 4558 1936 4651; baseline -0.004 -10"><span class='ocrx_word' id='word_1_625' title='bbox 363 4558 571 4642; x_wconf 66' lang='lat' dir='ltr'><strong>laudat.</strong></span> <span class='ocrx_word' id='word_1_626' title='bbox 618 4560 641 4638; x_wconf 63' lang='grc' dir='ltr'><strong>ί</strong></span> <span class='ocrx_word' id='word_1_627' title='bbox 675 4580 923 4639; x_wconf 89' lang='lat' dir='ltr'><strong>Scientes</strong></span> <span class='ocrx_word' id='word_1_628' title='bbox 949 4597 1045 4636; x_wconf 87' lang='lat' dir='ltr'><strong>vos</strong></span> <span class='ocrx_word' id='word_1_629' title='bbox 1102 4558 1325 4635; x_wconf 79' lang='lat' dir='ltr'><strong>habere.</strong></span> <span class='ocrx_word' id='word_1_630' title='bbox 1377 4599 1396 4631; x_wconf 79' lang='grc' dir='ltr'><strong>ι</strong></span> <span class='ocrx_word' id='word_1_631' title='bbox 1428 4558 1569 4635; x_wconf 72' lang='lat' dir='ltr'><strong>Ecce</strong></span> <span class='ocrx_word' id='word_1_632' title='bbox 1611 4579 1770 4638; x_wconf 89' lang='lat' dir='ltr'><strong>fidem</strong></span> <span class='ocrx_word' id='word_1_633' title='bbox 1803 4595 1936 4651; x_wconf 88' lang='lat' dir='ltr'><strong>quo-</strong></span> 
     </span>
    </p>
   </div>
   <div class='ocr_carea' id='block_1_92' title="bbox 2055 4558 3663 4651">
    <p class='ocr_par' dir='ltr' id='par_1_92' title="bbox 2055 4573 3663 4648">
     <span class='ocr_line' id='line_1_92' title="bbox 2055 4573 3663 4648; baseline -0.001 -21"><span class='ocrx_word' id='word_1_634' title='bbox 2055 4588 2113 4616; x_wconf 80' lang='lat'><em>--‘-</em></span> <span class='ocrx_word' id='word_1_635' title='bbox 2154 4576 2290 4648; x_wconf 76' lang='grc' dir='ltr'><strong>«Μὴ</strong></span> <span class='ocrx_word' id='word_1_636' title='bbox 2333 4575 2648 4645; x_wconf 82' lang='grc' dir='ltr'><em>ἀποϐάλητε</em></span> <span class='ocrx_word' id='word_1_637' title='bbox 2692 4573 2804 4629; x_wconf 74' lang='grc' dir='ltr'><em>οὖν.</em></span> <span class='ocrx_word' id='word_1_638' title='bbox 2839 4593 2858 4626; x_wconf 73' lang='grc' dir='ltr'><strong>ι</strong></span> <span class='ocrx_word' id='word_1_639' title='bbox 2917 4573 3144 4647; x_wconf 81' lang='grc' dir='ltr'><strong>[ΨΩΤ.]</strong></span> <span class='ocrx_word' id='word_1_640' title='bbox 3180 4576 3490 4628; x_wconf 83' lang='grc' dir='ltr'><em>Δείκνουσιν</em></span> <span class='ocrx_word' id='word_1_641' title='bbox 3540 4576 3617 4628; x_wconf 79' lang='grc' dir='ltr'><em>ἔτι</em></span> <span class='ocrx_word' id='word_1_642' title='bbox 3662 4602 3663 4605; x_wconf 58' lang='grc' dir='ltr'><strong>η</strong></span> 
     </span>
    </p>
   </div>
   <div class='ocr_carea' id='block_1_93' title="bbox 363 4668 1935 4745">
    <p class='ocr_par' dir='ltr' id='par_1_93' title="bbox 363 4668 1935 4745">
     <span class='ocr_line' id='line_1_93' title="bbox 363 4668 1935 4745; baseline -0.003 -14"><span class='ocrx_word' id='word_1_643' title='bbox 363 4692 470 4745; x_wconf 86' lang='lat' dir='ltr'><strong>que</strong></span> <span class='ocrx_word' id='word_1_644' title='bbox 494 4676 618 4731; x_wconf 85' lang='lat' dir='ltr'><strong>illos</strong></span> <span class='ocrx_word' id='word_1_645' title='bbox 652 4670 853 4728; x_wconf 82' lang='lat' dir='ltr'><strong>habere.</strong></span> <span class='ocrx_word' id='word_1_646' title='bbox 912 4676 1164 4727; x_wconf 87' lang='lat' dir='ltr'><strong>testatur.</strong></span> <span class='ocrx_word' id='word_1_647' title='bbox 1209 4687 1228 4721; x_wconf 83' lang='grc' dir='ltr'><strong>ι</strong></span> <span class='ocrx_word' id='word_1_648' title='bbox 1265 4668 1344 4723; x_wconf 83' lang='lat' dir='ltr'><strong>Ac</strong></span> <span class='ocrx_word' id='word_1_649' title='bbox 1381 4677 1709 4727; x_wconf 87' lang='lat' dir='ltr'><strong>manentem.</strong></span> <span class='ocrx_word' id='word_1_650' title='bbox 1742 4691 1761 4723; x_wconf 79' lang='grc' dir='ltr'><strong>ι</strong></span> <span class='ocrx_word' id='word_1_651' title='bbox 1819 4674 1935 4726; x_wconf 85' lang='lat' dir='ltr'><strong>Hoc</strong></span> 
     </span>
    </p>
   </div>
   <div class='ocr_carea' id='block_1_94' title="bbox 360 4762 1935 4836">
    <p class='ocr_par' dir='ltr' id='par_1_94' title="bbox 360 4762 1935 4836">
     <span class='ocr_line' id='line_1_94' title="bbox 360 4762 1935 4836; baseline -0.002 -14"><span class='ocrx_word' id='word_1_652' title='bbox 360 4775 445 4822; x_wconf 88' lang='lat' dir='ltr'><strong>est</strong></span> <span class='ocrx_word' id='word_1_653' title='bbox 476 4764 711 4831; x_wconf 77' lang='lat' dir='ltr'><strong>ﬁrmam,</strong></span> <span class='ocrx_word' id='word_1_654' title='bbox 739 4780 849 4821; x_wconf 90' lang='lat' dir='ltr'><strong>non</strong></span> <span class='ocrx_word' id='word_1_655' title='bbox 888 4762 1045 4836; x_wconf 89' lang='lat' dir='ltr'><strong>quasi</strong></span> <span class='ocrx_word' id='word_1_656' title='bbox 1094 4768 1434 4834; x_wconf 90' lang='lat' dir='ltr'><strong>pereuntem,</strong></span> <span class='ocrx_word' id='word_1_657' title='bbox 1483 4772 1537 4816; x_wconf 92' lang='lat' dir='ltr'><strong>et</strong></span> <span class='ocrx_word' id='word_1_658' title='bbox 1588 4763 1656 4818; x_wconf 88' lang='lat' dir='ltr'><strong>ab</strong></span> <span class='ocrx_word' id='word_1_659' title='bbox 1707 4765 1828 4820; x_wconf 84' lang='lat' dir='ltr'><strong>aliis</strong></span> <span class='ocrx_word' id='word_1_660' title='bbox 1868 4765 1935 4819; x_wconf 91' lang='lat' dir='ltr'><strong>ad</strong></span> 
     </span>
    </p>
   </div>
   <div class='ocr_carea' id='block_1_95' title="bbox 360 4850 1928 4927">
    <p class='ocr_par' dir='ltr' id='par_1_95' title="bbox 360 4850 1928 4927">
     <span class='ocr_line' id='line_1_95' title="bbox 360 4850 1928 4927; baseline -0.003 -13"><span class='ocrx_word' id='word_1_661' title='bbox 360 4860 499 4915; x_wconf 85' lang='lat' dir='ltr'><strong>alios</strong></span> <span class='ocrx_word' id='word_1_662' title='bbox 545 4852 944 4913; x_wconf 82' lang='lat' dir='ltr'><strong>transeuntem.</strong></span> <span class='ocrx_word' id='word_1_663' title='bbox 998 4886 1069 4897; x_wconf 82' lang='lat'><strong>——</strong></span> <span class='ocrx_word' id='word_1_664' title='bbox 1129 4871 1147 4904; x_wconf 77' lang='grc' dir='ltr'><strong>ι</strong></span> <span class='ocrx_word' id='word_1_665' title='bbox 1198 4850 1278 4907; x_wconf 81' lang='lat' dir='ltr'><strong>Ne</strong></span> <span class='ocrx_word' id='word_1_666' title='bbox 1308 4852 1619 4924; x_wconf 69' lang='lat' dir='ltr'><strong>abieceritis</strong></span> <span class='ocrx_word' id='word_1_667' title='bbox 1680 4857 1864 4927; x_wconf 84' lang='lat' dir='ltr'><strong>igitur.</strong></span> <span class='ocrx_word' id='word_1_668' title='bbox 1909 4876 1928 4909; x_wconf 79' lang='grc' dir='ltr'><strong>ι</strong></span> 
     </span>
    </p>
   </div>
   <div class='ocr_carea' id='block_1_96' title="bbox 359 4940 1934 5019">
    <p class='ocr_par' dir='ltr' id='par_1_96' title="bbox 359 4940 1934 5019">
     <span class='ocr_line' id='line_1_96' title="bbox 359 4940 1934 5019; baseline -0.003 -13"><span class='ocrx_word' id='word_1_669' title='bbox 359 4947 616 5006; x_wconf 89' lang='lat' dir='ltr'><strong>Ostendit</strong></span> <span class='ocrx_word' id='word_1_670' title='bbox 674 4950 824 5019; x_wconf 89' lang='lat' dir='ltr'><strong>ipsos</strong></span> <span class='ocrx_word' id='word_1_671' title='bbox 863 4946 1045 5002; x_wconf 85' lang='lat' dir='ltr'><strong>adhuc</strong></span> <span class='ocrx_word' id='word_1_672' title='bbox 1094 4942 1192 5000; x_wconf 85' lang='lat' dir='ltr'><strong>his</strong></span> <span class='ocrx_word' id='word_1_673' title='bbox 1248 4943 1408 5000; x_wconf 85' lang='lat' dir='ltr'><strong>affici.</strong></span> <span class='ocrx_word' id='word_1_674' title='bbox 1451 4940 1784 5002; x_wconf 59' lang='lat' dir='ltr'><strong>(Fiduciam</strong></span> <span class='ocrx_word' id='word_1_675' title='bbox 1839 4964 1934 5003; x_wconf 86' lang='lat' dir='ltr'><strong>vc-</strong></span> 
     </span>
    </p>
   </div>
   <div class='ocr_carea' id='block_1_97' title="bbox 356 5030 1929 5110">
    <p class='ocr_par' dir='ltr' id='par_1_97' title="bbox 356 5030 1929 5110">
     <span class='ocr_line' id='line_1_97' title="bbox 356 5030 1929 5110; baseline -0.001 -12"><span class='ocrx_word' id='word_1_676' title='bbox 356 5030 549 5098; x_wconf 77' lang='lat' dir='ltr'><strong>stram.</strong></span> <span class='ocrx_word' id='word_1_677' title='bbox 594 5060 613 5094; x_wconf 86' lang='grc'><strong>›</strong></span> <span class='ocrx_word' id='word_1_678' title='bbox 673 5036 887 5094; x_wconf 79' lang='lat' dir='ltr'><strong>Habent</strong></span> <span class='ocrx_word' id='word_1_679' title='bbox 944 5037 1090 5094; x_wconf 89' lang='lat' dir='ltr'><strong>enim</strong></span> <span class='ocrx_word' id='word_1_680' title='bbox 1134 5051 1165 5090; x_wconf 89' lang='lat' dir='ltr'><strong>a</strong></span> <span class='ocrx_word' id='word_1_681' title='bbox 1204 5035 1327 5093; x_wconf 85' lang='lat' dir='ltr'><strong>Deo‘</strong></span> <span class='ocrx_word' id='word_1_682' title='bbox 1367 5036 1616 5093; x_wconf 83' lang='lat' dir='ltr'><strong>fiduciam</strong></span> <span class='ocrx_word' id='word_1_683' title='bbox 1659 5041 1751 5110; x_wconf 86' lang='lat' dir='ltr'><strong>qui</strong></span> <span class='ocrx_word' id='word_1_684' title='bbox 1799 5041 1929 5096; x_wconf 88' lang='lat' dir='ltr'><strong>talia</strong></span> 
     </span>
    </p>
   </div>
   <div class='ocr_carea' id='block_1_98' title="bbox 356 5126 1927 5204">
    <p class='ocr_par' dir='ltr' id='par_1_98' title="bbox 356 5126 1927 5204">
     <span class='ocr_line' id='line_1_98' title="bbox 356 5126 1927 5204; baseline 0.003 -19"><span class='ocrx_word' id='word_1_685' title='bbox 356 5140 579 5204; x_wconf 86' lang='lat' dir='ltr'><strong>propter</strong></span> <span class='ocrx_word' id='word_1_686' title='bbox 606 5130 783 5202; x_wconf 90' lang='lat' dir='ltr'><strong>ipsum</strong></span> <span class='ocrx_word' id='word_1_687' title='bbox 826 5128 1127 5200; x_wconf 89' lang='lat' dir='ltr'><strong>patiuntur.</strong></span> <span class='ocrx_word' id='word_1_688' title='bbox 1190 5147 1209 5181; x_wconf 75' lang='grc' dir='ltr'><strong>ι</strong></span> <span class='ocrx_word' id='word_1_689' title='bbox 1267 5126 1342 5183; x_wconf 71' lang='lat' dir='ltr'><strong>Ne</strong></span> <span class='ocrx_word' id='word_1_690' title='bbox 1390 5130 1703 5199; x_wconf 87' lang='lat' dir='ltr'><strong>ahjeceritis</strong></span> <span class='ocrx_word' id='word_1_691' title='bbox 1760 5134 1927 5204; x_wconf 83' lang='lat' dir='ltr'><strong>igitur</strong></span> 
     </span>
    </p>
   </div>
   <div class='ocr_carea' id='block_1_99' title="bbox 356 5216 1926 5294">
    <p class='ocr_par' dir='ltr' id='par_1_99' title="bbox 356 5216 1926 5294">
     <span class='ocr_line' id='line_1_99' title="bbox 356 5216 1926 5294; baseline 0.001 -18"><span class='ocrx_word' id='word_1_692' title='bbox 356 5222 608 5278; x_wconf 78' lang='lat' dir='ltr'><strong>fiduciam</strong></span> <span class='ocrx_word' id='word_1_693' title='bbox 649 5225 906 5277; x_wconf 86' lang='lat' dir='ltr'><strong>vestram.</strong></span> <span class='ocrx_word' id='word_1_694' title='bbox 960 5238 978 5272; x_wconf 86' lang='grc'>›</span> <span class='ocrx_word' id='word_1_695' title='bbox 1018 5216 1149 5285; x_wconf 78' lang='lat' dir='ltr'><strong>Quae</strong></span> <span class='ocrx_word' id='word_1_696' title='bbox 1181 5234 1346 5294; x_wconf 84' lang='lat' dir='ltr'><strong>Opera</strong></span> <span class='ocrx_word' id='word_1_697' title='bbox 1401 5233 1583 5278; x_wconf 86' lang='lat' dir='ltr'><strong>vestra</strong></span> <span class='ocrx_word' id='word_1_698' title='bbox 1636 5225 1926 5292; x_wconf 85' lang='lat' dir='ltr'><strong>consequi-</strong></span> 
     </span>
    </p>
   </div>
   <div class='ocr_carea' id='block_1_100' title="bbox 355 5309 1919 5385">
    <p class='ocr_par' dir='ltr' id='par_1_100' title="bbox 355 5309 1919 5385">
     <span class='ocr_line' id='line_1_100' title="bbox 355 5309 1919 5385; baseline 0.001 -16"><span class='ocrx_word' id='word_1_699' title='bbox 355 5325 465 5379; x_wconf 86' lang='lat' dir='ltr'><strong>tur,</strong></span> <span class='ocrx_word' id='word_1_700' title='bbox 500 5327 622 5385; x_wconf 66' lang='lat' dir='ltr'><strong>qua:</strong></span> <span class='ocrx_word' id='word_1_701' title='bbox 646 5310 829 5377; x_wconf 87' lang='lat' dir='ltr'><strong>fidem,</strong></span> <span class='ocrx_word' id='word_1_702' title='bbox 856 5322 976 5381; x_wconf 67' lang='lat' dir='ltr'><strong>qum</strong></span> <span class='ocrx_word' id='word_1_703' title='bbox 996 5309 1345 5375; x_wconf 75' lang='lat' dir='ltr'><strong>afﬂictiones.</strong></span> <span class='ocrx_word' id='word_1_704' title='bbox 1378 5329 1497 5384; x_wconf 67' lang='lat' dir='ltr'><strong>qum</strong></span> <span class='ocrx_word' id='word_1_705' title='bbox 1522 5314 1919 5384; x_wconf 81' lang='lat' dir='ltr'><strong>paenitentiam:</strong></span> 
     </span>
    </p>
   </div>
   <div class='ocr_carea' id='block_1_101' title="bbox 355 5392 1923 5472">
    <p class='ocr_par' dir='ltr' id='par_1_101' title="bbox 355 5392 1923 5472">
     <span class='ocr_line' id='line_1_101' title="bbox 355 5392 1923 5472; baseline -0.001 -13"><span class='ocrx_word' id='word_1_706' title='bbox 355 5421 477 5460; x_wconf 83' lang='lat' dir='ltr'><strong>nam</strong></span> <span class='ocrx_word' id='word_1_707' title='bbox 506 5403 623 5459; x_wconf 66' lang='lat' dir='ltr'><strong>haec</strong></span> <span class='ocrx_word' id='word_1_708' title='bbox 662 5414 855 5472; x_wconf 77' lang='lat' dir='ltr'><strong>magna</strong></span> <span class='ocrx_word' id='word_1_709' title='bbox 884 5410 1011 5456; x_wconf 84' lang='lat' dir='ltr'><strong>sunt</strong></span> <span class='ocrx_word' id='word_1_710' title='bbox 1047 5400 1113 5456; x_wconf 86' lang='lat' dir='ltr'><strong>ad</strong></span> <span class='ocrx_word' id='word_1_711' title='bbox 1164 5392 1525 5472; x_wconf 69' lang='lat' dir='ltr'><strong>prinstandam</strong></span> <span class='ocrx_word' id='word_1_712' title='bbox 1570 5405 1726 5460; x_wconf 85' lang='lat' dir='ltr'><strong>nobis</strong></span> <span class='ocrx_word' id='word_1_713' title='bbox 1786 5405 1923 5458; x_wconf 78' lang='lat' dir='ltr'><strong>ﬁdu-</strong></span> 
     </span>
    </p>
   </div>
   <div class='ocr_carea' id='block_1_102' title="bbox 351 5480 1924 5567">
    <p class='ocr_par' dir='ltr' id='par_1_102' title="bbox 351 5480 1924 5567">
     <span class='ocr_line' id='line_1_102' title="bbox 351 5480 1924 5567; baseline -0.001 -16"><span class='ocrx_word' id='word_1_714' title='bbox 351 5502 492 5552; x_wconf 84' lang='lat' dir='ltr'><strong>ciam</strong></span> <span class='ocrx_word' id='word_1_715' title='bbox 552 5496 699 5567; x_wconf 87' lang='lat' dir='ltr'><strong>quod</strong></span> <span class='ocrx_word' id='word_1_716' title='bbox 730 5480 1000 5565; x_wconf 81' lang='lat' dir='ltr'><strong>promissa</strong></span> <span class='ocrx_word' id='word_1_717' title='bbox 1058 5496 1413 5551; x_wconf 85' lang='lat' dir='ltr'><strong>consecuturi</strong></span> <span class='ocrx_word' id='word_1_718' title='bbox 1475 5496 1669 5552; x_wconf 89' lang='lat' dir='ltr'><strong>simus.</strong></span> <span class='ocrx_word' id='word_1_719' title='bbox 1733 5514 1751 5548; x_wconf 81' lang='grc' dir='ltr'><strong>ι</strong></span> <span class='ocrx_word' id='word_1_720' title='bbox 1793 5495 1924 5562; x_wconf 74' lang='lat' dir='ltr'><strong>Qua:</strong></span> 
     </span>
    </p>
   </div>
   <div class='ocr_carea' id='block_1_103' title="bbox 352 5586 1925 5659">
    <p class='ocr_par' dir='ltr' id='par_1_103' title="bbox 352 5586 1925 5659">
     <span class='ocr_line' id='line_1_103' title="bbox 352 5586 1925 5659; baseline 0 -15"><span class='ocrx_word' id='word_1_721' title='bbox 352 5586 812 5659; x_wconf 76' lang='lat' dir='ltr'><strong>magnam‘ltabet</strong></span> <span class='ocrx_word' id='word_1_722' title='bbox 846 5586 1053 5657; x_wconf 65' lang='lat' dir='ltr'><strong>praemii</strong></span> <span class='ocrx_word' id='word_1_723' title='bbox 1101 5589 1541 5644; x_wconf 87' lang='lat' dir='ltr'><strong>retributionem.</strong></span> <span class='ocrx_word' id='word_1_724' title='bbox 1583 5608 1603 5641; x_wconf 74' lang='grc' dir='ltr'><strong>ι</strong></span> <span class='ocrx_word' id='word_1_725' title='bbox 1655 5587 1720 5642; x_wconf 84' lang='grc' dir='ltr'><em>Ει</em></span> <span class='ocrx_word' id='word_1_726' title='bbox 1782 5587 1925 5644; x_wconf 87' lang='lat' dir='ltr'><strong>unde</strong></span> 
     </span>
    </p>
   </div>
   <div class='ocr_carea' id='block_1_104' title="bbox 418 5770 936 5842">
    <p class='ocr_par' dir='ltr' id='par_1_104' title="bbox 418 5770 936 5842">
     <span class='ocr_line' id='line_1_104' title="bbox 418 5770 936 5842; baseline 0.004 -15"><span class='ocrx_word' id='word_1_727' title='bbox 418 5774 464 5807; x_wconf 79' lang='grc'><strong>⁸⁷</strong></span> <span class='ocrx_word' id='word_1_728' title='bbox 496 5770 719 5830; x_wconf 71' lang='lat' dir='ltr'><strong>l&#39;l&#39;brss.</strong></span> <span class='ocrx_word' id='word_1_729' title='bbox 751 5789 815 5842; x_wconf 85' lang='lat' dir='ltr'><strong>lt,</strong></span> <span class='ocrx_word' id='word_1_730' title='bbox 855 5775 936 5829; x_wconf 66' lang='lat' dir='ltr'><strong>li.</strong></span> 
     </span>
    </p>
   </div>
   <div class='ocr_carea' id='block_1_105' title="bbox 2040 4666 3618 4738">
    <p class='ocr_par' dir='ltr' id='par_1_105' title="bbox 2040 4666 3618 4738">
     <span class='ocr_line' id='line_1_105' title="bbox 2040 4666 3618 4738; baseline -0.002 -15"><span class='ocrx_word' id='word_1_731' title='bbox 2040 4670 2238 4733; x_wconf 76' lang='grc' dir='ltr'><em>αὐτοὺς</em></span> <span class='ocrx_word' id='word_1_732' title='bbox 2302 4667 2594 4738; x_wconf 85' lang='grc' dir='ltr'><em>ἐχομένους</em></span> <span class='ocrx_word' id='word_1_733' title='bbox 2641 4666 2751 4720; x_wconf 83' lang='grc' dir='ltr'><em>τῶν</em></span> <span class='ocrx_word' id='word_1_734' title='bbox 2815 4667 3017 4723; x_wconf 82' lang='grc' dir='ltr'><em>αὐτῶν.</em></span> <span class='ocrx_word' id='word_1_735' title='bbox 3082 4686 3102 4719; x_wconf 74' lang='grc' dir='ltr'><strong>ι</strong></span> <span class='ocrx_word' id='word_1_736' title='bbox 3132 4667 3247 4737; x_wconf 82' lang='grc' dir='ltr'><strong>Τὴν</strong></span> <span class='ocrx_word' id='word_1_737' title='bbox 3305 4668 3618 4738; x_wconf 67' lang='grc' dir='ltr'><em>παρρησίαν</em></span> 
     </span>
    </p>
   </div>
   <div class='ocr_carea' id='block_1_106' title="bbox 2039 4757 3613 4831">
    <p class='ocr_par' dir='ltr' id='par_1_106' title="bbox 2039 4757 3613 4831">
     <span class='ocr_line' id='line_1_106' title="bbox 2039 4757 3613 4831; baseline -0.003 -17"><span class='ocrx_word' id='word_1_738' title='bbox 2039 4759 2213 4831; x_wconf 84' lang='grc' dir='ltr'><em>ὑμῶν.</em></span> <span class='ocrx_word' id='word_1_739' title='bbox 2240 4776 2259 4810; x_wconf 74' lang='grc' dir='ltr'><strong>ι</strong></span> <span class='ocrx_word' id='word_1_740' title='bbox 2297 4759 2525 4827; x_wconf 80' lang='grc' dir='ltr'><em>Ἔχουσι</em></span> <span class='ocrx_word' id='word_1_741' title='bbox 2558 4758 2668 4828; x_wconf 81' lang='grc' dir='ltr'><em>γὰρ</em></span> <span class='ocrx_word' id='word_1_742' title='bbox 2705 4757 3021 4829; x_wconf 75' lang='grc' dir='ltr'><em>παρρησίαν</em></span> <span class='ocrx_word' id='word_1_743' title='bbox 3063 4758 3216 4827; x_wconf 74' lang='grc' dir='ltr'><em>παρὰ</em></span> <span class='ocrx_word' id='word_1_744' title='bbox 3253 4757 3374 4826; x_wconf 86' lang='grc' dir='ltr'><em>Θεῷ</em></span> <span class='ocrx_word' id='word_1_745' title='bbox 3431 4759 3480 4810; x_wconf 89' lang='grc' dir='ltr'><em>οἱ</em></span> <span class='ocrx_word' id='word_1_746' title='bbox 3510 4775 3613 4810; x_wconf 79' lang='grc' dir='ltr'><em>τοι·</em></span> 
     </span>
    </p>
   </div>
   <div class='ocr_carea' id='block_1_107' title="bbox 2037 4847 3617 4920">
    <p class='ocr_par' dir='ltr' id='par_1_107' title="bbox 2037 4847 3617 4920">
     <span class='ocr_line' id='line_1_107' title="bbox 2037 4847 3617 4920; baseline -0.001 -16"><span class='ocrx_word' id='word_1_747' title='bbox 2037 4851 2176 4905; x_wconf 78' lang='grc' dir='ltr'><em>αὕτα</em></span> <span class='ocrx_word' id='word_1_748' title='bbox 2217 4849 2284 4902; x_wconf 84' lang='grc' dir='ltr'><em>δι’</em></span> <span class='ocrx_word' id='word_1_749' title='bbox 2322 4849 2484 4902; x_wconf 80' lang='grc' dir='ltr'><em>αὑτὸν</em></span> <span class='ocrx_word' id='word_1_750' title='bbox 2534 4848 2916 4917; x_wconf 84' lang='grc' dir='ltr'><em>ὑπομένοντες.</em></span> <span class='ocrx_word' id='word_1_751' title='bbox 2974 4868 2993 4901; x_wconf 81' lang='grc' dir='ltr'><strong>ι</strong></span> <span class='ocrx_word' id='word_1_752' title='bbox 3021 4848 3112 4919; x_wconf 84' lang='grc' dir='ltr'><strong>Μὴ</strong></span> <span class='ocrx_word' id='word_1_753' title='bbox 3159 4848 3473 4920; x_wconf 80' lang='grc' dir='ltr'><em>ἀποϐάλητε</em></span> <span class='ocrx_word' id='word_1_754' title='bbox 3523 4847 3617 4903; x_wconf 73' lang='grc' dir='ltr'><em>οὖν</em></span> 
     </span>
    </p>
   </div>
   <div class='ocr_carea' id='block_1_108' title="bbox 2034 4940 3611 5015">
    <p class='ocr_par' dir='ltr' id='par_1_108' title="bbox 2034 4940 3611 5015">
     <span class='ocr_line' id='line_1_108' title="bbox 2034 4940 3611 5015; baseline -0.002 -17"><span class='ocrx_word' id='word_1_755' title='bbox 2034 4943 2134 5015; x_wconf 78' lang='grc' dir='ltr'><em>τὴν</em></span> <span class='ocrx_word' id='word_1_756' title='bbox 2169 4942 2485 5015; x_wconf 77' lang='grc' dir='ltr'><em>παρρησίαν</em></span> <span class='ocrx_word' id='word_1_757' title='bbox 2531 4940 2707 5012; x_wconf 84' lang='grc' dir='ltr'><em>ὑμῶν,</em></span> <span class='ocrx_word' id='word_1_758' title='bbox 2729 4960 2748 4993; x_wconf 79' lang='grc' dir='ltr'><strong>ι</strong></span> <span class='ocrx_word' id='word_1_759' title='bbox 2803 4942 2905 5011; x_wconf 80' lang='grc' dir='ltr'><em>τὴν</em></span> <span class='ocrx_word' id='word_1_760' title='bbox 2939 4942 3047 4994; x_wconf 80' lang='grc' dir='ltr'><strong>ἀπὸ</strong></span> <span class='ocrx_word' id='word_1_761' title='bbox 3079 4940 3188 4995; x_wconf 85' lang='grc' dir='ltr'><em>τῶν</em></span> <span class='ocrx_word' id='word_1_762' title='bbox 3211 4940 3388 5012; x_wconf 82' lang='grc' dir='ltr'><em>ἔργων</em></span> <span class='ocrx_word' id='word_1_763' title='bbox 3433 4943 3611 5011; x_wconf 80' lang='grc' dir='ltr'><em>ὑμῶν,</em></span> 
     </span>
    </p>
   </div>
   <div class='ocr_carea' id='block_1_109' title="bbox 2032 5026 3612 5105">
    <p class='ocr_par' dir='ltr' id='par_1_109' title="bbox 2032 5026 3612 5105">
     <span class='ocr_line' id='line_1_109' title="bbox 2032 5026 3612 5105; baseline -0.002 -17"><span class='ocrx_word' id='word_1_764' title='bbox 2032 5026 2136 5105; x_wconf 65' lang='grc' dir='ltr'><em>τὴν</em></span> <span class='ocrx_word' id='word_1_765' title='bbox 2156 5032 2264 5087; x_wconf 72' lang='grc' dir='ltr'><strong>ἀπὸ</strong></span> <span class='ocrx_word' id='word_1_766' title='bbox 2286 5033 2387 5102; x_wconf 81' lang='grc' dir='ltr'><em>τῆς</em></span> <span class='ocrx_word' id='word_1_767' title='bbox 2419 5033 2676 5097; x_wconf 83' lang='grc' dir='ltr'><em>πίστεως,</em></span> <span class='ocrx_word' id='word_1_768' title='bbox 2710 5031 2810 5102; x_wconf 73' lang='grc' dir='ltr'><em>τὴν</em></span> <span class='ocrx_word' id='word_1_769' title='bbox 2837 5031 2949 5086; x_wconf 80' lang='grc' dir='ltr'><em>ἀπδ</em></span> <span class='ocrx_word' id='word_1_770' title='bbox 2991 5032 3102 5086; x_wconf 81' lang='grc' dir='ltr'><em>τῶν</em></span> <span class='ocrx_word' id='word_1_771' title='bbox 3135 5031 3480 5102; x_wconf 83' lang='grc' dir='ltr'><em>πειρασμῶν,</em></span> <span class='ocrx_word' id='word_1_772' title='bbox 3514 5033 3612 5103; x_wconf 72' lang='grc' dir='ltr'><em>τὴν</em></span> 
     </span>
    </p>
   </div>
   <div class='ocr_carea' id='block_1_110' title="bbox 2032 5120 3610 5197">
    <p class='ocr_par' dir='ltr' id='par_1_110' title="bbox 2032 5120 3610 5197">
     <span class='ocr_line' id='line_1_110' title="bbox 2032 5120 3610 5197; baseline -0.004 -15"><span class='ocrx_word' id='word_1_773' title='bbox 2032 5128 2143 5182; x_wconf 66' lang='grc' dir='ltr'><strong>ἀπὺ</strong></span> <span class='ocrx_word' id='word_1_774' title='bbox 2172 5126 2273 5197; x_wconf 81' lang='grc' dir='ltr'><em>τῆς</em></span> <span class='ocrx_word' id='word_1_775' title='bbox 2300 5125 2598 5196; x_wconf 80' lang='grc' dir='ltr'><em>ὑπομονῆς.</em></span> <span class='ocrx_word' id='word_1_776' title='bbox 2639 5120 2827 5178; x_wconf 76' lang='grc' dir='ltr'><em>Ταῦτα</em></span> <span class='ocrx_word' id='word_1_777' title='bbox 2858 5123 2967 5195; x_wconf 80' lang='grc' dir='ltr'><em>γάρ</em></span> <span class='ocrx_word' id='word_1_778' title='bbox 2992 5124 3112 5178; x_wconf 84' lang='grc' dir='ltr'><em>ἐστι</em></span> <span class='ocrx_word' id='word_1_779' title='bbox 3142 5124 3208 5180; x_wconf 79' lang='grc' dir='ltr'><em>τὰ</em></span> <span class='ocrx_word' id='word_1_780' title='bbox 3242 5124 3456 5195; x_wconf 82' lang='grc' dir='ltr'><em>μεγάλα</em></span> <span class='ocrx_word' id='word_1_781' title='bbox 3480 5127 3610 5195; x_wconf 78' lang='grc' dir='ltr'><em>ἡμῖν</em></span> 
     </span>
    </p>
   </div>
   <div class='ocr_carea' id='block_1_111' title="bbox 2032 5213 3608 5290">
    <p class='ocr_par' dir='ltr' id='par_1_111' title="bbox 2032 5213 3608 5290">
     <span class='ocr_line' id='line_1_111' title="bbox 2032 5213 3608 5290; baseline -0.003 -18"><span class='ocrx_word' id='word_1_782' title='bbox 2032 5219 2132 5290; x_wconf 77' lang='grc' dir='ltr'><em>τὴν</em></span> <span class='ocrx_word' id='word_1_783' title='bbox 2156 5214 2488 5290; x_wconf 75' lang='grc' dir='ltr'><em>παρρησίαν,</em></span> <span class='ocrx_word' id='word_1_784' title='bbox 2514 5217 2595 5270; x_wconf 82' lang='grc' dir='ltr'><em>ὅτι</em></span> <span class='ocrx_word' id='word_1_785' title='bbox 2618 5213 2919 5285; x_wconf 74' lang='grc' dir='ltr'><em>τευξόμεθα</em></span> <span class='ocrx_word' id='word_1_786' title='bbox 2943 5218 3041 5285; x_wconf 80' lang='grc' dir='ltr'><em>τῆς</em></span> <span class='ocrx_word' id='word_1_787' title='bbox 3063 5215 3417 5283; x_wconf 83' lang='grc' dir='ltr'><em>ἐπαγγελίας,</em></span> <span class='ocrx_word' id='word_1_788' title='bbox 3448 5234 3608 5285; x_wconf 74' lang='grc' dir='ltr'><em>χαρι-</em></span> 
     </span>
    </p>
   </div>
   <div class='ocr_carea' id='block_1_112' title="bbox 2034 5307 3608 5382">
    <p class='ocr_par' dir='ltr' id='par_1_112' title="bbox 2034 5307 3608 5382">
     <span class='ocr_line' id='line_1_112' title="bbox 2034 5307 3608 5382; baseline -0.003 -16"><span class='ocrx_word' id='word_1_789' title='bbox 2034 5314 2259 5382; x_wconf 77' lang='grc' dir='ltr'><em>ζόμενα.</em></span> <span class='ocrx_word' id='word_1_790' title='bbox 2310 5310 2502 5372; x_wconf 80' lang='grc' dir='ltr'><em>«Ἥτις</em></span> <span class='ocrx_word' id='word_1_791' title='bbox 2553 5308 2664 5378; x_wconf 74' lang='grc' dir='ltr'><em>ἔχει</em></span> <span class='ocrx_word' id='word_1_792' title='bbox 2717 5307 3165 5380; x_wconf 81' lang='grc' dir='ltr'><em>μισθαποδοσίαν.</em></span> <span class='ocrx_word' id='word_1_793' title='bbox 3203 5327 3221 5360; x_wconf 78' lang='grc' dir='ltr'><strong>ι</strong></span> <span class='ocrx_word' id='word_1_794' title='bbox 3286 5307 3396 5362; x_wconf 79' lang='grc' dir='ltr'><strong>Καὶ</strong></span> <span class='ocrx_word' id='word_1_795' title='bbox 3443 5308 3608 5361; x_wconf 78' lang='grc' dir='ltr'><em>πόθεν</em></span> 
     </span>
    </p>
   </div>
   <div class='ocr_carea' id='block_1_113' title="bbox 2030 5399 3604 5475">
    <p class='ocr_par' dir='ltr' id='par_1_113' title="bbox 2030 5399 3604 5475">
     <span class='ocr_line' id='line_1_113' title="bbox 2030 5399 3604 5475; baseline -0.003 -16"><span class='ocrx_word' id='word_1_796' title='bbox 2030 5400 2188 5459; x_wconf 81' lang='grc' dir='ltr'><em>τοῦτο</em></span> <span class='ocrx_word' id='word_1_797' title='bbox 2213 5402 2407 5473; x_wconf 82' lang='grc' dir='ltr'><em>δῆλον;</em></span> <span class='ocrx_word' id='word_1_798' title='bbox 2456 5402 2668 5473; x_wconf 80' lang='grc' dir='ltr'><em>Ὑμεῖς,</em></span> <span class='ocrx_word' id='word_1_799' title='bbox 2703 5402 2858 5475; x_wconf 76' lang='grc' dir='ltr'><em>φησὶ,</em></span> <span class='ocrx_word' id='word_1_800' title='bbox 2895 5401 3194 5472; x_wconf 85' lang='grc' dir='ltr'><em>μάρτυρες,</em></span> <span class='ocrx_word' id='word_1_801' title='bbox 3226 5401 3275 5454; x_wconf 76' lang='grc' dir='ltr'><em>οι</em></span> <span class='ocrx_word' id='word_1_802' title='bbox 3307 5399 3604 5469; x_wconf 85' lang='grc' dir='ltr'><em>γινώσκον-</em></span> 
     </span>
    </p>
   </div>
   <div class='ocr_carea' id='block_1_114' title="bbox 2030 5491 3607 5567">
    <p class='ocr_par' dir='ltr' id='par_1_114' title="bbox 2030 5491 3607 5567">
     <span class='ocr_line' id='line_1_114' title="bbox 2030 5491 3607 5567; baseline -0.004 -17"><span class='ocrx_word' id='word_1_803' title='bbox 2030 5514 2122 5561; x_wconf 85' lang='grc' dir='ltr'><strong>τες</strong></span> <span class='ocrx_word' id='word_1_804' title='bbox 2161 5495 2305 5567; x_wconf 78' lang='grc' dir='ltr'><em>ἔχειν</em></span> <span class='ocrx_word' id='word_1_805' title='bbox 2337 5495 2619 5564; x_wconf 82' lang='grc' dir='ltr'><em>κρείττονα</em></span> <span class='ocrx_word' id='word_1_806' title='bbox 2649 5493 2885 5566; x_wconf 81' lang='grc' dir='ltr'><em>ὕπαρξιν</em></span> <span class='ocrx_word' id='word_1_807' title='bbox 2924 5495 2982 5549; x_wconf 88' lang='grc' dir='ltr'><strong>ἐν</strong></span> <span class='ocrx_word' id='word_1_808' title='bbox 3027 5492 3242 5564; x_wconf 83' lang='grc' dir='ltr'><em>οὐρανῷ</em></span> <span class='ocrx_word' id='word_1_809' title='bbox 3287 5493 3379 5546; x_wconf 75' lang='grc' dir='ltr'><strong>καὶ</strong></span> <span class='ocrx_word' id='word_1_810' title='bbox 3410 5491 3607 5559; x_wconf 78' lang='grc' dir='ltr'><em>μένουο</em></span> 
     </span>
    </p>
   </div>
   <div class='ocr_carea' id='block_1_115' title="bbox 2035 5579 3608 5655">
    <p class='ocr_par' dir='ltr' id='par_1_115' title="bbox 2035 5579 3608 5655">
     <span class='ocr_line' id='line_1_115' title="bbox 2035 5579 3608 5655; baseline -0.002 -16"><span class='ocrx_word' id='word_1_811' title='bbox 2035 5603 2154 5639; x_wconf 88' lang='grc' dir='ltr'><em>σαν.</em></span> <span class='ocrx_word' id='word_1_812' title='bbox 2190 5603 2209 5636; x_wconf 81' lang='grc' dir='ltr'><strong>ι</strong></span> <span class='ocrx_word' id='word_1_813' title='bbox 2231 5584 2540 5654; x_wconf 79' lang='grc' dir='ltr'><em>’Υπομονῆς</em></span> <span class='ocrx_word' id='word_1_814' title='bbox 2572 5585 2681 5655; x_wconf 74' lang='grc' dir='ltr'><em>γὰρ</em></span> <span class='ocrx_word' id='word_1_815' title='bbox 2725 5586 2875 5654; x_wconf 78' lang='grc' dir='ltr'><em>ἔχετε</em></span> <span class='ocrx_word' id='word_1_816' title='bbox 2908 5585 3147 5654; x_wconf 73' lang='grc' dir='ltr'><em>χρείαν.»</em></span> <span class='ocrx_word' id='word_1_817' title='bbox 3198 5583 3333 5654; x_wconf 78' lang='grc' dir='ltr'><strong>Οὐχὶ</strong></span> <span class='ocrx_word' id='word_1_818' title='bbox 3362 5579 3608 5655; x_wconf 70' lang='grc' dir='ltr'><em>προσθή-</em></span> 
     </span>
    </p>
   </div>
  </div>
