3970 6592
324 525 422 597 tot

1373 535 1761 598 COMMENT.
1795 538 1878 598 IN
1908 539 2147 609 EPIST.
2180 543 2280 603 AD
2318 542 2554 606 IIEBR.

3469 537 3578 601 402

326 663 440 717 κην,
475 645 592 702 ἀλλ’
630 646 912 719 ὑπομονὴν
950 646 1118 718 ζητῶ,
1176 648 1261 702 ἵνα
1293 651 1404 713 τοῖς
1434 650 1622 715 αὐτοῖς
1675 651 1893 724 ὲπιμεί·

2008 654 2106 711 boc
2139 654 2494 711 manifestum
2533 653 2676 710 est?
2734 654 2866 715 Vos.
2930 652 3128 725 inquit,
3184 651 3348 725 502
3412 661 3580 707 testes

323 753 460 807 que.
483 737 632 792 «Ἵνα
653 738 715 793 τὸ
744 738 960 811 θέλημα
979 739 1074 793 τοῦ
1106 737 1264 795 Θεοῦ.
1309 760 1327 792 ι
1360 741 1585 814 Θέλημα
1610 742 1704 796 τοῦ
1728 742 1890 813 Θεοῦ,

320 831 377 883 τὸ
405 829 529 902 ἄχρι
564 829 759 896 τέλους
816 832 1100 903 ἐπιμεῖναι
1128 835 1242 898 τοῖς
1278 833 1486 898 αὐτοῖς.
1532 833 1627 890 καὶ
1657 835 1718 888 τὸ
1759 835 1894 889 ὑπο-

326 924 497 992 μεῖναι
544 922 645 993 τὴν
703 922 978 993 ἀναϐολὴν
1033 924 1133 995 τῆς
1180 926 1593 992 ἀνταποδόσεως
1643 931 1739 981 καὶ
1798 928 1897 997 τῆς

1997 745 2153 811 estis,
2185 746 2279 818 qui
2303 746 2641 817 cognoscitis
2664 762 2758 802 vos
2782 745 2985 802 habere
3026 743 3293 818 potiorem
3320 742 3580 799 substan-

1997 838 2129 892 tiam
2156 838 2210 893 in
2237 840 2379 895 coelo
2399 853 2463 894 ac
2496 846 2831 896 manentem.
2878 855 2901 894 ι
2945 836 3081 893 Nam
3114 835 3379 908 patientia
3423 822 3580 891 vobis

1998 938 2083 987 est
2111 946 2270 1002 opus.
2311 951 2329 986 ι
2366 929 2483 987 Non
2502 941 2876 1003 augmentum,
2902 929 2998 988 sed
3023 930 3343 999 patientiam
3361 936 3580 1000 expeto,

316 1012 664 1083 ἐπαγγελίας.
693 1043 764 1055 --
789 1014 992 1088 [eam
1020 1017 1245 1088 Θέλημα
1274 1019 1368 1072 τοῦ
1393 1019 1554 1087 Θεοῦ,
1586 1021 1647 1074 τὸ
1669 1020 1893 1074 πιστεύ-

2008 1032 2055 1078 ut
2090 1022 2143 1077 in
2171 1023 2362 1079 iisdem
2382 1024 2771 1096 perseveretis.
2814 1043 2831 1076 ι
2872 1022 2961 1089 Ut,
3002 1021 3092 1078 ubi
3127 1021 3464 1077 voluntatem
3486 1017 3581 1073 Dei

318 1121 394 1157 ειν
444 1106 757 1176 εἰλικρινῶς
786 1108 865 1172 εἰς
906 1108 1095 1175 αὐτὸν,
1140 1111 1235 1164 καὶ
1262 1110 1526 1181 πράττειν
1546 1111 1645 1177 τὰς
1666 1112 1892 1185 ἀρετὰς,

318 1199 408 1251 καί¹
469 1197 548 1252 ἔτι
597 1199 661 1252 τὸ
717 1200 858 1270 ὑπὲρ
891 1200 1068 1255 αὐτῶν
1111 1203 1306 1274 καιροῦ
1349 1202 1643 1268 καλοῦντος
1700 1203 1894 1276 μέχρις

316 1290 533 1359 αἵματος
576 1291 963 1362 ἀγωνίζεσθαι.
1011 1296 1074 1348 0i
1113 1296 1223 1368 γὰρ
1281 1296 1517 1351 τοιοῦτοι
1574 1296 1895 1368 κομίζονται

314 1384 405 1454 τὴν
430 1387 792 1455 ἐπαγγελίαν.

311 1490 402 1543 pro
467 1478 606 1548 ipsis
683 1481 914 1555 insuper
980 1484 1075 1540 ubi
1150 1492 1365 1558 tempus
1415 1486 1707 1557 expetierit
1776 1485 1845 1542 ad
1906 1484 2229 1553 sanguinem
2298 1499 2474 1555 usque
2536 1485 2887 1542 dCCCi'icliSI

311 1571 749 1640 promissionem.

289 1684 296 1725 ξ
377 1664 498 1719 Ἔτι
540 1666 650 1736 γὰρ
679 1670 899 1738 μικρὸν
926 1670 1078 1726 ὅσον
1114 1672 1288 1736 ὅσον,
1325 1675 1358 1727 ὀ
1406 1672 1730 1743 ἐρχόμενος
1756 1672 1889 1742 ἣξει

313 1757 403 1811 καὶ
426 1760 497 1812 οὐ
523 1762 776 1829 χρονιεῖ.
818 1763 880 1817 '0
911 1763 980 1817 δὲ
1002 1762 1237 1831 δίκαιος
1256 1750 1327 1820 ἐκ
1348 1766 1607 1834 πίστεως
1625 1764 1887 1834 ζήσεται,

312 1850 398 1902 καὶ
430 1851 541 1905 ἐὰν
573 1855 1030 1923 ὑποστείληται,
1078 1859 1191 1914 οὐκ
1231 1859 1475 1914 εὐδοκεῖ
1505 1861 1543 1928 ἠ
1578 1861 1748 1930 ψυχή
1772 1878 1892 1933 μου

312 1943 375 1994 ἐν
407 1943 588 2010 αὐτῷ.
645 1948 844 2017 Ἡμεῖς
890 1948 959 2002 δὲ
1001 1953 1115 2006 οὐκ
1175 1952 1368 2022 ἐσμὲν
1409 1951 1768 2021 ὑποστολῆς
1805 1955 1893 2021 εἷς

313 2036 612 2093 ἀπώλειαν
637 2080 651 2105 ,
692 2044 855 2098 ἀλλὰ
900 2048 1164 2114 πίστεως
1210 2050 1299 2115 εὶς
1348 2050 1737 2117 περιποίησιν
1774 2051 1892 2118 ψυ-

312 2151 437 2202 κης·

374 2229 482 2284 Καὶ
517 2232 670 2295 πότε,
705 2234 892 2305 φησὶν,
928 2231 1127 2306 ἔχομεν
1156 2235 1491 2308 κομίσασθαι
1525 2235 1623 2308 τὴν
1653 2237 1895 2305 ἐπαγγε-

312 2317 463 2390 λίαν;
502 2324 600 2393 Μὴ
629 2326 1006 2397 ἁποκνήσητε,
1032 2327 1218 2397 φησίν.
1280 2328 1478 2398 Ἐγγύς
1508 2330 1658 2383 ἐστιν
1678 2330 1706 2384 ὁ
1746 2345 1892 2400 παρ-

313 2410 462 2482 έχων.
501 2435 522 2467 ι
552 2417 673 2470 Ἔτι
709 2418 817 2489 γὰρ
851 2420 1048 2491 μικρὸν
1070 2420 1195 2474 ὅσον
1227 2421 1419 2487 ὄσον,ὁ
1459 2423 1751 2495 ἐρχόμενος
1773 2421 1894 2492 ἥξει

314 2507 400 2560 καὶ
412 2508 473 2561 οὐ
493 2513 709 2581 χρονιεῖ
754 2532 772 2565 ι
795 2513 868 2565 Τὸ
885 2513 1099 2577 δὲ,ὄσον
1116 2515 1337 2578 ὄσον,τδ
1351 2513 1493 2569 πάνυ
1516 2516 1711 2586 μικρὶν
1723 2514 1890 2585 δηλοῖ.

320 2621 335 2649 ι
359 2598 411 2652 '0
430 2599 486 2654 δι
505 2601 718 2667 δίκαιος
731 2604 794 2657 ἐκ
818 2604 1056 2670 πίστεως
1078 2605 1323 2678 ζήσεται.
1350 2627 1368 2659 ι
1392 2610 1486 2661 Δεῖ
1500 2607 1596 2662 οὖν
1614 2609 1895 2663 πιστεύειν

313 2690 385 2744 ὅτι
421 2693 550 2762 ἥξει
574 2710 591 2726 θ
620 2697 648 2749 ὁ
701 2696 809 2767 γὰρ
851 2696 1060 2762 δίκαιος
1098 2699 1163 2753 ὲκ
1193 2698 1433 2764 πίστεως
1474 2699 1725 2774 ζήσεται.
1767 2700 1894 2755 Ἐὰν

315 2778 383 2843 δὲ,
430 2784 596 2853 φησὶ,
633 2784 959 2858 ῥᾳθυμήσας
998 2788 1297 2862 ὁποσταλῇ,
1330 2791 1362 2862 ἦ
1408 2792 1473 2845 ὲκ
1501 2792 1597 2863 τῆς
1636 2791 1895 2858 πίστεως.

324 2875 435 2944 ῆὲκ
468 2876 585 2930 τῶν
631 2880 977 2950 πειρασμῶν,
1022 2885 1123 2935 οὐκ
1158 2881 1368 2936 εὐδοκεῖ
1407 2884 1441 2953 ἡ
1493 2882 1641 2954 ψυχή
1688 2901 1788 2955 μου
1839 2885 1897 2937 ὲν

318 2968 478 3039 αὐτῷ.
545 2968 631 3031 Ὠς
660 2970 766 3024 ἀπὸ
790 2971 887 3024 τοῦ
917 2972 1156 3043 Χριστοῦ
1181 2974 1331 3041 δέξαι
1354 2973 1513 3028 τοῦτο
1538 2976 1680 3030 ὅλον.
1708 2976 1781 3029 Τὸ
1813 2975 1893 3040 δὲ,

317 3058 422 3115 Οὐκ
479 3061 729 3128 εὐδοκεῖ,
779 3065 1100 3133 τουτέστιν,
1153 3066 1306 3121 οὐδὲν
1346 3066 1551 3136 ἀγαθὸν
1589 3067 1826 3140 βουληθῇ
1862 3066 1896 3140 ἢ

316 3150 530 3223 θελήσει
561 3155 595 3225 ἡ
624 3153 769 3227 ψυχή
796 3172 918 3226 μου.
974 3175 992 3209 ι
1016 3157 1209 3227 Ἡμεῖς
1238 3158 1294 3212 δὲ
1325 3158 1426 3213 οὐκ
1452 3160 1622 3231 ἐσμὲν
1666 3161 1900 3215 ὑποστο-

315 3243 405 3315 λῆς
455 3247 538 3311 εἰς
585 3247 886 3305 ἀπώλειαν.
917 3269 935 3302 ι
1010 3251 1231 3323 Ἐπειδὴ
1291 3251 1636 3323 κατέπληξεν
1698 3254 1900 3319 αὐτοὺς

316 3339 575 3409 simnilis,
609 3340 736 3396 Ἐὰν
760 3342 1185 3416 ὑποστείληται,
1229 3347 1429 3416 φησὶν,
1461 3348 1578 3401 Οὐκ
1620 3347 1832 3402 εὐδοκεῖ
1862 3350 1896 3420 ἡ

2004 1114 2351 1184 percgeritis.
2400 1133 2418 1166 ι
2452 1113 2722 1171 Voluntas
2741 1116 2831 1172 Dei
2865 1123 2950 1172 est
2982 1122 3041 1170 ut
3080 1113 3134 1168 iu
3163 1112 3374 1169 eisdem
3410 1125 3584 1181 usque

2003 1204 2069 1259 ad
2104 1206 2264 1261 ﬁnem
2304 1209 2684 1277 perseveretis,
2717 1215 2771 1262 et
2822 1207 3161 1284 dilationem
3200 1201 3586 1259 retributionis

2003 1312 2068 1353 ac
2093 1298 2482 1367 promissionis
2503 1299 2850 1356 sustinentis.
2888 1331 2955 1341 —
2988 1297 3255 1355 Voluntas
3290 1296 3383 1353 Dei
3413 1304 3499 1354 est
3526 1285 3587 1352 ut

2004 1388 2060 1444 in
2100 1404 2225 1445 eum
2256 1390 2474 1447 sincere
2502 1390 2742 1448 credatis
2794 1406 2859 1448 ac
2896 1392 3127 1447 virtutes
3168 1392 3495 1462 operemini,
3530 1398 3586 1447 et

2948 1486 3084 1543 tales
3144 1484 3289 1541 enim
3343 1483 3588 1540 referunt

2066 1662 2137 1729 X,
2198 1662 2386 1718 57-39.
2440 1662 2626 1715 Adhuc
2693 1662 2834 1714 enim
2898 1658 3246 1731 perpusillum
3296 1661 3579 1728 temporis,

2000 1770 2049 1816 et
2081 1758 2172 1830 qui
2206 1766 2453 1812 venturus
2482 1766 2559 1811 est
2611 1756 2779 1809 ueniet
2830 1764 2879 1809 et
2929 1770 3032 1807 non
3094 1732 3351 1806 tardabit:
3397 1749 3583 1805 Justus

2001 1858 2179 1903 autent
2206 1863 2270 1903 ea:
2288 1845 2393 1917 ﬁde
2416 1848 2568 1915 vivet,
2595 1855 2642 1901 et
2661 1847 2706 1900 si
2732 1863 2786 1901 se
2808 1845 3121 1900 subduxerit
3150 1862 3252 1898 non
3274 1843 3586 1913 probabitur

2002 1941 2180 1995 animo
2219 1956 2349 1995 meo.
2383 1941 2451 1993 At
2488 1956 2581 1994 nos
2616 1955 2721 1994 non
2750 1956 2931 1994 sumus
2963 1939 3055 2010 qui
3097 1937 3459 1993 subducamus
3491 1954 3584 1991 nos

2002 2036 2054 2090 in
2083 2034 2455 2105 perditionem,
2488 2032 2580 2090 sed
2603 2033 2674 2088 ad
2699 2034 2858 2105 ﬁdem
2883 2034 3205 2104 pertinemus
3242 2033 3298 2087 in
3351 2032 3557 2104 acquisi
3576 2063 3587 2069 -

1996 2132 2186 2186 tionem
2215 2131 2428 2187 animle.

2067 2222 2133 2277 Et
2165 2222 2384 2294 quando
2406 2236 2726 2294 possumus,
2750 2220 2951 2293 inquit,
2990 2220 3237 2290 accipere
3259 2206 3584 2290 promissio-

1997 2319 2162 2374 nem?
2192 2315 2271 2373 Ne
2298 2331 2492 2388 segnes
2513 2314 2848 2381 elﬁeiamini,
2885 2315 2961 2369 ait
2990 2330 3006 2369 :
3039 2312 3092 2367 in
3121 2314 3375 2384 proximo
3405 2318 3489 2367 est
3538 2310 3585 2366 is

1996 2413 2089 2485 qui
2122 2411 2393 2483 rependit.
2432 2429 2455 2463 ι
2498 2410 2695 2466 Adhuc
2717 2408 2862 2464 enim
2891 2407 3251 2479 perpusillum
3293 2405 3580 2479 temporis,

1997 2512 2051 2560 et
2081 2505 2174 2575 qui
2206 2511 2474 2560 venturus
2509 2508 2593 2559 est
2623 2501 2805 2557 veniet
2835 2507 2889 2556 et
2920 2516 3031 2555 non
3089 2497 3346 2555 tardabit.
3389 2517 3407 2550 ι
3449 2493 3583 2551 Nam

1999 2597 2145 2668 quod
2175 2598 2245 2652 ait
2274 2598 2399 2653 ὅσον
2428 2596 2552 2651 ὅσον
2603 2593 2884 2665 signiﬁcat
2932 2592 3091 2648 valde
3134 2593 3298 2649 breve
3347 2599 3581 2663 tempus.

2005 2710 2037 2745 ιΔ
2058 2689 2250 2747 Justus
2281 2698 2464 2745 autem
2492 2705 2562 2746 ex
2591 2687 2698 2743 ﬁde
2723 2687 2885 2743 vivet.
2926 2704 2945 2739 ι
2992 2684 3231 2757 Oportet.
3274 2685 3438 2757 igitur
3465 2699 3586 2738 cre-

1999 2783 2129 2840 dere
2166 2784 2316 2856 quod
2373 2782 2575 2849 veniet,
2637 2796 2763 2837 nam
2813 2779 3002 2852 justus
3053 2796 3119 2835 ex
3177 2778 3281 2833 ﬁde
3326 2778 3489 2833 vivet.
3527 2774 3586 2832 Si

2001 2888 2187 2933 autem
2215 2874 2460 2949 segnior,
2486 2875 2687 2944 inquit,
2709 2872 2937 2931 effectus
2970 2887 3029 2929 se
3085 2870 3432 2936 subduxerit,
3490 2877 3587 2924 aut

2000 2988 2065 3027 ex
2098 2970 2227 3035 ﬁde,
2261 2978 2440 3025 ante:
2464 2967 2872 3031 afﬂictionibus,
2904 2982 3014 3021 non
3034 2964 3359 3035 probabitur
3400 2963 3586 3019 animo

2002 3078 2160 3119 meo:
2191 3072 2249 3119 ut
2284 3078 2315 3117 a
2365 3062 2582 3117 Christo
2640 3061 2943 3131 aecipiatur
3002 3059 3061 3114 in
3109 3058 3345 3115 solidum
3382 3053 3584 3123 :Quod

2000 3166 2186 3211 autem
2218 3156 2295 3210 ait
2326 3154 2441 3209 Οὐκ
2473 3155 2685 3209 εὐδοκεῖ
2712 3156 2746 3227 ἠ
2780 3152 2927 3225 ψυχή
2961 3170 3087 3224 μου,
3126 3152 3230 3208 hoc
3256 3159 3341 3206 est
3372 3150 3582 3206 nullum

2002 3250 2174 3319 ipsius
2204 3249 2415 3305 bonum
2448 3256 2664 3320 gratum
2691 3246 2913 3303 habebit
2940 3253 3034 3300 aut
3059 3244 3203 3302 volet
3232 3244 3413 3298 anima
3441 3256 3584 3298 mea.

2010 3361 2029 3395 ι
2065 3343 2133 3399 At
2172 3358 2275 3399 nos
2308 3357 2417 3398 non
2446 3358 2640 3398 sumus
2666 3342 2760 3413 qui
2786 3340 3162 3397 subducamus
3187 3353 3288 3394 nos
3319 3337 3372 3392 in
3405 3335 3587 3407 perdi-

314 3430 459 3502 itqu
520 3449 625 3502 μου
678 3435 738 3487 ἐν
782 3434 953 3505 αὐτῷ.
1003 3435 1324 3508 Διορθοῦται
1360 3439 1514 3505 αὐτὸ,
1552 3440 1648 3494 καί
1696 3458 1893 3515 φησιν·

2008 3434 2233 3491 tionem.
2283 3453 2301 3486 ι
2333 3432 2603 3502 Quoniam
2654 3440 2925 3490 terruerat
2970 3447 3068 3488 eos
3120 3430 3373 3487 dicendo.
3425 3427 3481 3484 Si
3527 3444 3587 3486 se

327 3520 520 3593 Ἡμεῖς
552 3522 653 3577 οὐκ
678 3524 842 3593 ἐσμὲν
864 3527 962 3597 τῆς
992 3525 1295 3599 ὑποστολῆς
1330 3531 1423 3583 καὶ
1450 3531 1549 3602 τῆς
1590 3531 1889 3603 Mum"

317 3610 461 3684 ἅπερ
497 3615 576 3677 ei;
610 3614 889 3671 ἀπώλειαν
922 3618 1067 3687 ἄγει,
1110 3620 1249 3675 ἀλλὰ
1277 3621 1376 3692 τῆς
1408 3622 1666 3691 πίστεως,
1705 3625 1890 3698 φησιν,

318 3708 389 3770 εἰς
449 3708 513 3761 τὸ
572 3711 932 3784 περιποιῆσαι
983 3713 1192 3769 ἑαυτῶν
1253 3716 1351 3781 τὰς
1408 3715 1586 3790 ψυχὰς
1644 3718 1737 3773 καὶ
1788 3736 1895 3773 σω-

320 3797 491 3850 θῆναι.

350 3815 491 3869 qm.

880 3990 1130 4047 ΚΕΦΑΛ.
1188 3993 1305 4060 ις’.

384 4100 523 4169 Περὶ
562 4103 825 4170 πίστεως
861 4105 986 4174 ζτῆς
1040 4106 1139 4192 καὶ
1183 4109 1326 4176 τοὺς
1370 4111 1669 4180 παλαιοὺς
1711 4112 1892 4181 δοξα-

988 4193 1213 4234 σιισηρ.

988 4196 1213 4247 atto-nc.

388 4262 560 4318 Ἔστι
586 4265 651 4319 δὲ
676 4266 880 4334 πίστις
908 4268 1311 4341 ἐλπιζομένων
1349 4275 1714 4343 ὑπόστασις,
1749 4288 1896 4347 πρα-

321 4354 551 4421 γμάτων
588 4356 842 4429 ἔλεγχος
871 4363 942 4415 οὐ
982 4363 1401 4433 βλεπομένων.
1445 4365 1541 4421 Ἐν
1574 4369 1760 4439 ταύτῃ
1784 4372 1895 4441 γὰρ

320 4446 445 4516 ἐμαί
463 4450 818 4519 τυρήθησαν
851 4457 906 4508 οι
934 4459 1346 4526 πρεσϐύτεροι.
1392 4461 1603 4517 Πίστει
1635 4463 1896 4535 νοοῦμεν

321 4541 705 4607 κατηρτίσθαι
746 4544 886 4612 τοὺς
911 4545 1133 4614 αὶῶνας
1156 4551 1373 4620 ῥήματι
1401 4552 1573 4621 Θεοῦ,
1608 4555 1697 4622 εὶς
1716 4555 1781 4609 τό
1805 4556 1894 4627 μὴ

317 4630 380 4697 ἐκ
409 4637 788 4705 φαινομένων
817 4638 888 4693 τὰ
903 4641 1258 4710 ,βλεπόμενα
1295 4646 1628 4715 γεγονέναι.
1684 4650 1896 4706 Πίστει

317 4723 566 4778 πλείονα
617 4728 839 4781 θυσίαν
891 4730 1071 4786 ’Ἅϐελ
1110 4734 1271 4802 παρὰ
1321 4735 1489 4805 Κάϊν
1514 4739 1896 4810 προσήνεγκε

2001 3524 2350 3594 subduxerit,
2384 3542 2493 3584 non
2554 3525 2878 3597 probabitur
2922 3526 3105 3581 animo
3156 3539 3318 3591 meo;
3359 3523 3587 3593 corrigit

2003 3617 2138 3674 illud
2173 3628 2228 3675 et
2253 3619 2331 3674 ait
2363 3635 2377 3673 :
2418 3617 2537 3676 Non
2586 3634 2781 3676 sumus
2811 3618 2905 3689 qui
2939 3618 3316 3675 subducamus
3346 3632 3449 3673 nos
3504 3616 3588 3672 vel

2002 3725 2201 3783 segnes
2234 3711 2431 3777 simus,
2456 3711 2603 3783 quod
2643 3712 2698 3767 in
2731 3710 3095 3782 perditionem
3135 3708 3330 3766 ducit:
3372 3708 3470 3766 sed
3518 3710 3584 3762 ait

2001 3802 2165 3860 ﬁdem
2195 3806 2558 3876 pertinemus,
2615 3805 2682 3861 ad
2720 3804 3119 3877 possidendum
3153 3812 3208 3860 et
3259 3802 3583 3860 salvaudum

2003 3904 2226 3955 nostras
2248 3900 2481 3955 animas.

2482 3991 2646 4066 403
2696 3988 2924 4046 CAPUT
2963 3987 3103 4046 xw.

2181 4103 2262 4159 De
2300 4103 2407 4175 ﬁde
2435 4119 2553 4174 ante
2585 4113 2779 4158 veteres
2819 4116 3025 4173 quoque
3062 4099 3406 4172 glori/icavit.

2076 4260 2169 4326 XI,
2214 4261 2333 4316 1-4.
2377 4265 2472 4316 Est
2514 4271 2693 4316 autem
2717 4259 2848 4332 ﬁdes
2880 4276 3065 4315 earum
3097 4275 3275 4313 rerum
3317 4274 3436 4330 qua:
3468 4276 3586 4330 spe-

2006 4365 2198 4409 rantur
2248 4353 2578 4420 substantia,
2636 4364 3008 4424 argumentum
3067 4368 3251 4407 eorum
3302 4367 3421 4419 qua:
3480 4368 3589 4407 non

2005 4448 2282 4504 videntur:
2320 4465 2414 4519 per
2477 4447 2616 4501 hanc
2669 4446 2808 4502 enim
2857 4446 3221 4501 testimonium
3270 4440 3588 4515 acceperunt

2006 4543 2258 4598 seniores.
2307 4542 2413 4598 Per
2478 4543 2638 4613 [idem
2700 4540 3048 4611 iuteiligimus
3126 4540 3361 4612 perfecta
3420 4540 3586 4609 fuisse

2005 4636 2207 4693 swcula
2233 4636 2385 4692 verbo
2417 4635 2538 4702 Dei,
2570 4644 2625 4690 ut
2664 4652 2728 4690 ea:
2763 4634 2845 4689 Itis
2865 4652 2983 4706 quae
3018 4651 3120 4689 non
3144 4634 3494 4704 apparebant,
3522 4650 3587 4690 ea

2005 4747 2122 4801 qua:
2151 4729 2393 4785 videntur
2430 4730 2628 4799 ﬁerittt.
2661 4731 2766 4783 Per
2788 4727 2970 4798 ﬁderit,
3004 4727 3236 4782 hostiam
3292 4727 3586 4807 uberiorem

319 4811 392 4877 τῷ
412 4814 554 4882 Θεῷ,
583 4817 657 4871 δι’
687 4815 765 4889 ἧς
794 4821 1172 4895 ἐμαρτυρήθη
1208 4824 1362 4881 εἶναι
1394 4829 1647 4900 δίκαιος,
1667 4850 1891 4903 μαρτυ-

2008 4823 2131 4878 Abel
2169 4823 2359 4877 obtulit
2399 4821 2509 4878 Deo
2549 4838 2706 4891 quam
2735 4820 2892 4899 Cain,
2922 4836 3016 4889 per
3043 4836 3199 4891 quam
3227 4820 3588 4875 testimonium

311 4906 564 4977 ροῦντος
598 4910 700 4966 ἐπι
738 4915 860 4982 τοῖς
897 4915 1105 4985 δώροις
1128 4921 1316 4976 αὐτοῦ
1348 4923 1454 4979 τοῦ
1493 4924 1665 4993 Θεοῦ,
1694 4925 1791 4980 καὶ
1819 4925 1896 4981 δι’

319 5001 503 5072 αὐτῆς
527 5005 852 5062 ἀποθανὼν
880 5009 969 5064 ἔτι
993 5012 1287 5087 λογιεῖται.

379 5174 579 5230 Λοιπὸν
608 5178 872 5251 ὲκφράζει
897 5182 949 5237 τί
983 5184 1098 5238 ἐστὶ
1129 5186 1334 5255 πίστις,
1381 5190 1475 5246 καί
1510 5210 1666 5263 φησι,
1701 5193 1893 5261 Πίστις

319 5262 458 5321 ἐστὶν
520 5268 660 5342 αὐτὴ
700 5272 733 5341 ή
783 5273 1082 5340 ὑπόστασις
1128 5278 1225 5333 καὶ
1258 5280 1417 5335 οὐσία
1447 5262 1892 5357 τῶνέλπιζομέ-

319 5372 416 5410 tow
451 5363 817 5433 πραγμάτων.
874 5367 1095 5441 Ἐπειδὴ
1116 5371 1226 5443 γὰρ
1255 5375 1325 5429 τὰ
1362 5377 1420 5429 ἐν
1450 5375 1661 5432 ἐλπίσιν
1691 5380 1897 5436 ἁνυπόιι

320 5453 482 5506 στατά
507 5456 680 5522 ἐστιν,
723 5458 799 5522 ὡς
836 5460 976 5526 τέως
1017 5463 1094 5532 μὴ
1139 5467 1407 5538 παρόντα,
1525 5469 1706 5535 πίστις
1734 5474 1894 5528 οὐσία

318 5557 394 5604 τις
427 5544 608 5601 αὐτῶν
643 5550 798 5624 καὶὴ
839 5553 1140 5621 ὑπόστασις
1168 5559 1400 5629 γίνεται,
1451 5557 1592 5615 εἶναι
1627 5564 1769 5619 αὐτὰ
1799 5568 1892 5622 καὶ

320 5640 565 5705 παρεῖναι
591 5642 793 5714 τρόπον
822 5648 947 5702 τινὰ
986 5652 1504 5721 παρασκευάζουσα,
1553 5656 1641 5712 διὰ
1669 5659 1763 5713 τοῦ
1798 5677 1891 5725 πι-

322 5731 521 5821 στεύειν
552 5732 715 5792 εἷναι.
750 5740 907 5796 Ἔστι
935 5743 995 5798 δὲ
1020 5745 1051 5815 ἠ
1083 5745 1265 5811 πίστις
1288 5748 1510 5821 ἔλεγχος
1542 5752 1637 5807 καὶ
1665 5753 1887 5809 ἀπόδει-

323 5818 395 5917 ξις
429 5826 533 5879 τῶν
563 5830 623 5883 οὐ
657 5830 1027 5903 βλεπομένων.
1101 5818 1475 5898 Ἀποδείκνυνσι
1522 5844 1579 5899 δὲ
1619 5846 1792 5917 ὁρατὰ
1820 5847 1892 5902 τὰ

322 5914 541 5986 ἀόρατα.
614 5924 682 5978 Ἦ
716 5924 900 5993 πίστις
940 5925 1099 5999 «die;
1151 5933 1231 6003 τῷ
1270 5934 1345 6006 νῷ
1385 5937 1480 5991 καὶ
1521 5914 1894 6002 ταῖς-ἐλπίσιν

322 6007 492 6080 ὁρῶσα
537 6016 605 6074 τὰ
655 6018 731 6091 μὴ
761 6021 1085 6095 φαινόμενα.
1139 6043 1159 6080 ι
1182 6025 1269 6083 Ἑν
1299 6028 1473 6103 ταύτῃ
1513 6028 1621 6102 γὰρ
1655 6032 1894 6104 ἐμαρτυ-

2008 4915 2199 4970 meruit
2222 4912 2361 4986 quati
2391 4923 2523 4968 esset
2541 4913 2743 4984 justus,
2775 4912 3142 4969 testimonium
3174 4912 3476 4982 perbibente
3524 4912 3590 4967 de

2006 5008 2249 5063 donariis
2302 5005 2451 5061 illius
2491 5004 2621 5073 Deo,
2659 5015 2708 5061 et
2758 5022 2849 5078 per
2901 5005 3075 5073 ipsam
3111 5017 3353 5061 mortuus
3416 5006 3590 5061 adhuc

2002 5100 2256 5173 loquitur.

2074 5190 2345 5261 EXprimit
2405 5201 2807 5261 consequenter
2845 5191 2976 5262 quid
3030 5192 3101 5249 sit
3149 5191 3307 5257 ﬁdes,
3368 5200 3423 5247 ct
3472 5190 3582 5246 ait:

2004 5282 2168 5338 Fides
2196 5292 2279 5338 est
2305 5284 2614 5339 substantia
2646 5300 2711 5340 ac
2735 5286 2978 5342 essentia
3017 5301 3208 5341 earum
3242 5301 3428 5341 rerum
3465 5301 3587 5354 qua-

2004 5387 2320 5446 sperantur.
2363 5375 2507 5433 Nam.
2554 5378 2816 5447 quoniam
2856 5394 2919 5433 ea
2957 5394 3079 5449 quae
3126 5379 3241 5449 spei
3277 5377 3587 5434 subsistunt

2005 5468 2198 5524 sentiri
2229 5479 2528 5539 nequeunt,
2566 5477 2627 5524 ut
2673 5486 2797 5541 qua:
2858 5472 3078 5527 interim
3128 5474 3414 5543 praesentia
3468 5489 3579 5528 non

2003 5568 2154 5625 sunt,
2186 5561 2322 5616 ﬁdes
2353 5562 2592 5617 essentia
2623 5563 2873 5633 quaedam
2900 5564 3144 5632 ipsorum
3192 5571 3278 5618 est
3336 5572 3392 5619 et
3447 5566 3581 5620 sub-

1999 5654 2228 5718 Stantia,
2259 5654 2499 5710 efﬁciens
2539 5663 2595 5710 ut
2621 5657 2731 5711 sint
2759 5665 2814 5714 et
2863 5655 3268 5728 quodammodo
3294 5659 3585 5726 praesentia

2003 5748 2158 5811 ﬁant,
2199 5762 2264 5803 eo
2284 5747 2428 5819 quod
2481 5748 2670 5803 credat
2722 5764 2787 5805 ea
2832 5764 2975 5805 esse.
3042 5748 3139 5805 Est
3194 5758 3377 5807 autem
3448 5751 3582 5808 ﬁdes

2002 5848 2389 5913 argumentum
2450 5854 2515 5897 ac
2578 5841 2979 5899 demonstratio
3038 5859 3229 5900 eorum
3303 5861 3426 5919 qua:
3474 5862 3580 5917 nou

2004 5935 2283 5992 videntur.
2315 5934 2554 6007 Exhibet
2606 5948 2843 6008 namque
2896 5935 3029 5992 ﬁdes
3063 5922 3321 5995 visibilii
3352 5954 3414 5995 ea
3462 5956 3584 6011 qum

2006 6038 2142 6089 sunt
2178 6027 2499 6087 invisibilia.
2539 6025 2859 6094 Quomodo?
2902 6040 3083 6089 mente
3132 6042 3186 6088 et
3229 6033 3346 6104 ipse
3394 6032 3584 6087 videns
