3970 6616
368 549 476 615 403

1422 527 1820 620 (acnuam
1876 561 2169 625 ramea
2206 564 2557 630 EPISCOPI

3502 569 3608 636 £01.

358 681 421 720 ea
443 679 567 739 quas
583 680 692 723 non
718 676 1007 740 apparent.
1036 688 1054 720 ι
1086 666 1190 723 Per
1215 667 1360 723 hanc
1388 668 1534 723 enim
1562 672 1933 728 testimonium

2046 676 2358 749 ρήθῃσαν.»
2455 679 2544 733 Ἐν
2604 680 2669 751 τῇ
2739 678 2924 735 πίστει
2986 681 3451 758 ἐμαρτυρήθησαν
3511 684 3617 742 ὑπὸ

358 765 712 827 acceperunt.
757 776 778 810 ο
808 758 911 814 Per
943 757 1102 813 fidem
1131 758 1505 814 testimonium
1545 775 1575 814 a
1607 759 1719 817 Deo
1773 777 1934 817 acce-

361 856 560 917 perunt
585 849 731 920 quod
762 850 1102 921 placuissent
1153 850 1282 921 ipsi.
1329 868 1348 903 ι
1399 849 1683 908 Seniores.
1721 872 1739 904 ι
1796 852 1935 921 Qui-

354 940 531 995 nam?
560 941 615 996 bi
635 957 775 1011 quos
805 942 1146 998 recensebit:
1182 960 1201 993 ι
1238 941 1341 997 Per
1368 943 1527 998 fidem
1576 945 1935 1014 intelligimus

356 1031 603 1104 perfecta
637 1032 808 1090 fuisse
831 1034 1054 1090 saecula.
1099 1053 1117 1085 ι
1174 1033 1308 1089 Nam
1333 1051 1454 1106 qum
1491 1037 1630 1091 ratio
1666 1046 1854 1108 posset
1882 1037 1935 1092 id

355 1125 778 1180 demonstrare?
807 1134 1023 1196 oportet
1053 1126 1237 1197 itaque
1264 1127 1366 1182 sibi
1403 1126 1508 1181 tide
1565 1128 1932 1197 persuadere:

357 1236 377 1266 σ
420 1214 490 1271 Ut
508 1232 573 1272 ex
593 1217 682 1273 his
701 1231 823 1288 quae
840 1232 953 1272 non
984 1218 1340 1288 apparebant.
1379 1238 1396 1270 ι
1416 1218 1553 1286 Quis
1577 1221 1722 1275 enim
1749 1235 1934 1275 sermo

352 1306 761 1364 demonstrabit
818 1308 910 1363 illa
958 1308 1130 1365 fuisse
1184 1310 1420 1366 deducta
1475 1311 1545 1365 ad
1600 1327 1725 1366 esse
1777 1326 1936 1366 esto

352 1398 501 1466 quod
530 1414 639 1454 non
675 1399 829 1453 erat?
854 1417 873 1451 ι
902 1396 1221 1455 Uberiorem
1249 1401 1485 1455 hostiam
1509 1402 1668 1456 Abel.
1706 1419 1724 1453 ι
1761 1399 1935 1470 Cujus

352 1492 500 1546 enim
532 1492 761 1549 alterius
783 1494 1037 1564 exemplo
1069 1492 1237 1549 Deum
1271 1495 1600 1561 honorabat,
1651 1495 1757 1551 nisi
1790 1495 1933 1565 quod

355 1583 458 1638 tide
482 1583 740 1640 credebat
764 1586 958 1640 borum
982 1586 1098 1641 ﬂeri
1121 1587 1538 1643 retributionem
1560 1589 1583 1642 ?
1605 1607 1623 1640 ι
1649 1590 1756 1644 Per
1769 1605 1931 1660 quam

354 1677 729 1732 testimonium
762 1679 956 1734 meruit
981 1679 1131 1750 quod
1156 1689 1305 1737 esset
1330 1682 1537 1752 justus.
1568 1700 1587 1734 ι
1619 1679 1754 1738 Cum
1786 1683 1933 1737 enim

352 1770 555 1825 .tixerit
587 1768 732 1826 Deus
773 1772 839 1827 ad
865 1772 1029 1840 Cain,
1063 1772 1205 1828 Num
1242 1774 1290 1830 si
1316 1783 1469 1829 recte
1500 1774 1790 1838 obtuleris,
1825 1790 1935 1829 non

352 1875 502 1920 recte
529 1874 714 1919 autem
745 1864 1033 1922 diviseris:
1063 1867 1391 1924 testiﬁcatus
1419 1873 1506 1923 est
1534 1867 1601 1923 de
1628 1868 1764 1923 Abel
1788 1867 1935 1937 quod

355 1966 406 2008 et
443 1956 873 2038 reeteqobtulerit
903 1966 958 2014 et
987 1968 1138 2017 recte
1164 1960 1434 2016 diviserit.
1474 1959 1686 2016 Dicitur
1716 1976 1937 2033 quoque

353 2049 498 2119 ignis
524 2064 555 2105 e
586 2035 725 2106 cmlo
757 2050 1019 2122 delapsus
1050 2051 1224 2108 fuisse
1258 2067 1424 2123 super
1456 2051 1635 2122 ipsius
1668 2022 1931 2108 holocau-
1966 2022 2009 2077 Β

353 2150 521 2196 stum.
556 2140 723 2216 404
755 2161 775 2195 ι
804 2143 871 2199 Ει
902 2160 997 2214 ρει·
1053 2144 1229 2212 ipsam
1274 2155 1547 2199 mortuus.
1587 2164 1606 2196 ι
1663 2142 1934 2200 Videlicet

354 2233 623 2288 hostiam.
651 2232 786 2289 Nam
818 2236 998 2290 hostia
1029 2236 1132 2291 fuit
1163 2236 1267 2306 ipsi
1288 2235 1456 2291 credis
1486 2237 1729 2291 occasio.
1775 2234 1934 2302 Quod

354 2325 467 2381 ait:
501 2323 607 2381 Per
641 2327 815 2397 ipsam
845 2337 1094 2383 mortuus
1120 2330 1300 2383 adhuc
1332 2329 1596 2399 loquitur,
1628 2335 1724 2382 aut
1768 2329 1933 2384 intel-

353 2416 551 2487 ligitur
575 2419 725 2490 quod
758 2420 876 2491 ipsa
910 2419 1088 2474 hostia
1114 2421 1265 2475 fratri
1301 2419 1405 2474 fuit
1432 2421 1651 2477 invidiae
1680 2435 1744 2475 ac
1764 2435 1932 2476 annu-

353 2511 863 2570 lationisoecasio:
921 2530 1086 2586 porro
1118 2515 1236 2570 hazc
1283 2515 1497 2586 peperit
1545 2514 1931 2570 homicidium.

352 2603 464 2658 Aut
493 2604 644 2675 quod
678 2620 772 2676 per
820 2604 995 2676 ipsam
1045 2607 1308 2676 tequitur,
1356 2606 1569 2662 tametsi
1617 2615 1871 2661 mortuus
1912 2624 1928 2663 :

357 2713 481 2753 nam
524 2698 636 2753 haec
654 2713 822 2754 causa
848 2709 932 2755 est
962 2715 1062 2755 cur
1085 2700 1222 2754 Abel
1256 2700 1308 2752 in
1339 2707 1603 2769 perpetua
1621 2699 1694 2755 sit
1726 2714 1937 2755 memo-

357 2790 460 2851 ria.
496 2806 598 2846 nee
633 2806 872 2862 unquam
928 2792 1191 2848 oblivioni
1248 2791 1522 2846 tradatur.
1560 2793 1668 2846 Aut
1710 2792 1758 2847 si
1809 2794 1936 2863 quis

351 2880 600 2937 exactius
625 2891 920 2953 utrumque
950 2882 1285 2948 consideret.
1328 2897 1356 2936 a
1385 2884 1663 2938 communi
1713 2894 1934 2939 senten-

355 2973 429 3025 tia
458 2973 781 3045 aecipiatur.
814 2974 914 3031 Per
961 2975 1156 3046 ipsam,
1195 2985 1251 3029 ut
1284 2974 1556 3030 referatur
1588 2983 1642 3030 et
1667 2973 1732 3029 ad
1784 2975 1929 3030 Mor-

352 3073 482 3120 tuus
509 3076 564 3120 et
588 3065 653 3121 ad
686 3065 985 3143 Loquitur:
1030 3077 1088 3123 ut
1120 3070 1192 3124 sit
1220 3082 1418 3124 sensus
1447 3081 1465 3127 :
1500 3067 1601 3123 Per
1645 3068 1820 3139 ipsam
1843 3069 1929 3124 vel

349 3169 578 3229 promer
621 3162 797 3232 ipsam
846 3162 1079 3217 hostiam
1123 3173 1399 3225 mortuus.
1461 3160 1640 3216 adhuc
1686 3161 1929 3231 loquitur

2038 768 2207 835 Θεοῦ,
2262 771 2694 842 εύηρεστηκέναι
2747 773 2916 845 αὐτῷ.
3001 793 3020 828 ι
3050 776 3114 829 Οἱ
3166 776 3552 851 πρεσδύτεροι.
3590 799 3611 832 s

2040 860 2222 928 “aiat;
2251 863 2379 934 περὶ
2414 855 2488 916 ὧν
2515 863 2698 934 μέλλει
2732 864 2937 933 λέγειν·
2970 868 3190 922 «Πίστει
3213 869 3443 940 νοοῦμεν
3478 888 3618 925 κατι-

2037 953 2313 1024 ηρτίσθαι.
2348 973 2367 1007 ι
2407 955 2502 1019 Τίς
2537 955 2838 1029 γὰρίσχύει
2864 958 3123 1029 λογισμὸς
3152 960 3311 1014 τοῦτο
3340 964 3619 1032 παραστῇ·

2040 1061 2162 1111 σαι;
2199 1046 2281 1099 δεῖ
2311 1046 2407 1101 οὖν
2443 1047 2592 1118 αὐτῷ
2635 1048 2815 1102 πίστει
2860 1050 3078 1104 είδέναι.
3138 1053 3232 1115 Εἰς
3270 1052 3352 1119 τὸ,
3393 1073 3410 1105 ι
3434 1054 3525 1123 Μὴ
3554 1056 3618 1108 ὲκ

2040 1138 2436 1207 φαινομένων.»
2492 1139 2573 1193 Τὰ
2606 1138 2716 1213 γὰρ
2747 1141 2810 1193 ὲκ
2840 1141 2932 1195 τοῦ
2988 1142 3062 1212 μὴ
3087 1141 3240 1205 ὄντος
3278 1146 3358 1207 είς
3390 1144 3452 1197 τὸ
3481 1143 3619 1200 εἶναι

2041 1230 2411 1302 παραχθέντα,
2442 1232 2525 1296 τίς
2550 1238 2887 1304 παραστήσει
2912 1234 3069 1305 λόγος
3092 1253 3107 1304 ;
3134 1236 3394 1291 «Πλείονα
3425 1237 3618 1293 θυσίαν

2041 1322 2261 1376 Ἅϐελ.»
2299 1322 2434 1378 Τίνα
2462 1324 2571 1395 γὰρ
2607 1323 2868 1396 ἑωρακὼς
2900 1326 3109 1395 ἕτερον,
3138 1328 3301 1397 ἐτίμα
3327 1328 3417 1382 τὸν
3462 1329 3617 1394 Θεὸν,

2041 1412 2079 1483 ἢ
2121 1414 2203 1467 ὅτι
2240 1414 2538 1479 πιστεύσας
2592 1411 2730 1469 εἶναι
2781 1414 2991 1486 τούτῳν
3036 1419 3343 1486 ἀντίδοσινς
3381 1439 3400 1472 ι
3430 1422 3506 1475 Δι’
3547 1439 3617 1494 ης

2038 1506 2395 1578 ἐμαρτυρήθη
2429 1504 2568 1561 εἶναι
2619 1508 2849 1573 δίκαιος.
2883 1528 2901 1561 ι
2950 1510 3010 1564 '0
3036 1512 3145 1584 γὰρ
3177 1513 3314 1585 πρὸς
3343 1514 3437 1567 τὸν
3478 1517 3620 1569 Κὰῖν

2038 1600 2274 1670 είρηκὼς
2305 1600 2458 1666 Θεὸς,
2476 1602 2589 1655 Οὐκ
2620 1602 2685 1656 ἂν
2715 1603 2891 1674 ὀρθῶς
2925 1603 3027 1675 μὲν
3088 1605 3487 1677 προσενέγκῃς,
3518 1608 3616 1675 ὀρ-

2039 1688 2147 1753 θῶς
2179 1691 2235 1744 δὲ
2270 1691 2344 1763 μὴ
2374 1691 2574 1765 διέλῃς,
2603 1692 2951 1765 ἐμαρτύρησε
2998 1694 3078 1766 τῷ
3112 1694 3279 1749 ’Δὸελ
3309 1698 3402 1749 καὶ
3441 1697 3618 1767 ὀρθῶς

2037 1786 2483 1855 προσενεγκόντι,
2516 1788 2610 1840 καὶ
2636 1786 2812 1858 ὀρθῶς
2827 1787 3052 1840 διελόντι
3078 1806 3091 1821 ·
3113 1787 3332 1856 λέγεται
3364 1789 3460 1842 καὶ
3504 1788 3619 1859 πῦρ

2038 1878 2435 1949 κατενηνέχθαι
2486 1878 2579 1933 ἐπὶ
2613 1882 2680 1951 τῇ
2733 1878 3098 1933 ὀλοκαυτὼσει
3138 1876 3328 1942 αὑτοῦ,
3379 1879 3489 1933 ἀπὸ
3520 1879 3618 1933 τοῦ

2039 1969 2295 2040 ούρανοῦ.
2352 1990 2371 2024 ι
2400 1971 2510 2025 Καὶ
2555 1970 2625 2026 δι’
2664 1973 2834 2044 αὐτῆς
2869 1970 3177 2026 ἀποθανών.
3199 1990 3219 2024 ι
3282 1971 3395 2042 Τῆς
3428 1972 3620 2035 θυσίας

2036 2062 2308 2117 τουτέστι.
2338 2063 2618 2134 Πρόφασις
2647 2065 2757 2135 γὰρ
2790 2063 2940 2135 αὐτῷ
2964 2065 3188 2132 γέγονεν
3222 2065 3256 2135 ἡ
3283 2063 3447 2118 θυσία
3479 2081 3619 2135 σφα-

2035 2155 2159 2226 γῆς.
2218 2142 2316 2222 Τὸ,
2356 2155 2425 2209 δι’
2474 2157 2646 2228 αὐτῆς
2698 2157 2986 2212 ἀποθανὼν
3029 2158 3110 2211 ἔτι
3161 2157 3421 2221 λαλεῖται,
3458 2153 3491 2225 ἢ
3534 2157 3618 2209 ὅτι

2032 2248 2174 2319 αὕτη
2222 2247 2257 2319 η
2313 2246 2476 2302 θυσία
2530 2250 2768 2321 κατέστη
2815 2249 2895 2322 τῷ
2936 2249 3150 2321 ἀδελφῷ
3188 2250 3270 2314 είς
3314 2248 3619 2319 βασκανίας

2033 2340 2309 2411 πρόφασιν
2356 2343 2449 2394 καὶ
2481 2341 2699 2413 φθόνου,
2738 2343 2766 2395 ὀ
2806 2341 2861 2395 δὲ
2890 2342 3045 2396 ἔτεκε
3067 2341 3159 2396 τὸν
3192 2343 3370 2413 φόνον.
3412 2341 3487 2393 Ἢ
3534 2339 3618 2394 ὅτι

2032 2429 2101 2483 δι’
2151 2429 2323 2501 αὐτῆς
2381 2430 2642 2497 λαλεῖται,
2685 2432 2865 2487 καίτοι
2909 2432 3217 2488 ἀποθανών.
3286 2431 3438 2503 Αὕτη
3490 2431 3602 2502 γὰρ

2032 2521 2256 2590 γέγονεν
2306 2523 2456 2578 αίτία
2501 2524 2597 2579 τοῦ
2633 2526 2963 2600 ἀείμνηστον
3026 2528 3119 2581 καὶ
3153 2524 3426 2596 ἀλάθητον
3476 2520 3618 2578 εἶναι

2032 2612 2126 2665 τὸν
2158 2613 2350 2668 Ἀσελ.
2397 2617 2492 2681 Ἦ,
2527 2615 2584 2670 εῐ
2645 2634 2731 2682 τις
2777 2618 3171 2691 ἁκριόέστερον
3254 2618 3619 2687 ὲπισκοπήσει

2033 2705 2344 2778 ἀμφότερα,
2372 2708 2481 2762 ἀπὸ
2503 2708 2685 2763 κοινοῦ
2715 2709 3137 2781 λαμϐανομένου
3168 2709 3285 2774 τοῦ,
3311 2708 3389 2762 Δι’
3419 2707 3615 2779 αὐτῆς,

2030 2793 2146 2852 οἷον
2175 2800 2317 2855 κατά
2344 2817 2405 2854 τε
2450 2801 2543 2855 τοῦ
2588 2802 2922 2870 Ἀποθανὼν,
2955 2803 3052 2858 καὶ
3095 2801 3190 2857 τοῦ
3233 2802 3515 2858 Λαλεϊται.
3546 2830 3620 2842 -

2039 2886 2383 2964 [ΟΙΚΟΥΜ.]
2414 2893 2485 2946 Ἣ
2518 2893 2585 2948 δι’
2616 2894 2788 2965 αὐτῆς
2817 2895 2916 2966 τῆς
2948 2895 3205 2958 πίστεως.
3247 2894 3416 2949 Δαλεῖ
3440 2893 3520 2961 δὲ,
3548 2895 3615 2965 τῇ

2038 2979 2217 3052 φήμῃ.
2254 2984 2320 3053 τῇ
2360 2981 2509 3055 δόξῃ,
2544 2986 2608 3056 τῇ
2653 2987 2862 3057 μνήμῃ.
2894 3013 2966 3026 -
2987 2981 3191 3059 [ΦΩΤ.]
3224 3004 3243 3037 ι
3272 2983 3396 3039 Ἔτι
3440 2982 3618 3036 λαλεί-

2036 3088 2181 3127 ται.»
2231 3073 2587 3146 Ἀείμνηστός
2640 3079 2806 3131 ἐστιν.
2865 3077 2981 3133 Οὐκ
3030 3078 3095 3151 ἐᾷ
3140 3077 3303 3134 αὑτὸν
3347 3079 3381 3148 ἡ
3416 3075 3617 3149 πρᾶξις

2036 3163 2225 3232 αὐτοῦ,
2253 3165 2288 3236 ἡ
2314 3167 2379 3220 ἐκ
2406 3167 2665 3235 πίστεως,
2699 3170 2777 3233 είς
2805 3168 2999 3241 λήθην,
3030 3169 3218 3239 φησὶν,
3241 3167 3439 3222 ἐλθεῖν.

355 3254 668 3324 peripsam.
703 3256 812 3312 Aut
849 3275 945 3330 per
986 3258 1158 3329 ipsam
1207 3258 1403 3325 tidem;
1461 3258 1706 3329 loquitur
1748 3266 1928 3313 autem
1972 3256 2138 3325 fama,
2175 3260 2374 3331 gloria,
2402 3264 2691 3320 memoria.
2732 3283 2752 3319 ι
2779 3264 2969 3323 Adhuc
2996 3265 3254 3337 loquitur.
3287 3282 3308 3317 ι
3375 3261 3432 3319 In
3491 3276 3616 3335 per-

350 3361 513 3422 petua
548 3356 810 3409 memoria
840 3365 943 3409 est.
975 3353 1094 3409 Non
1142 3354 1275 3409 sinit
1326 3354 1527 3426 ipsum,
1585 3369 1724 3425 opus
1755 3369 1915 3409 suum
1956 3354 2105 3426 quod
2125 3371 2193 3411 ex
2227 3355 2330 3414 llde
2360 3361 2651 3430 processit,
2680 3361 2736 3415 in
2766 3360 3093 3416 oblivionem
3121 3358 3330 3415 venire.

427 3441 520 3507 XI,
569 3444 691 3499 5-7.
748 3442 851 3501 Per
889 3447 1047 3518 [idem
1108 3446 1286 3502 Enoch
1342 3447 1445 3515 fuit
1511 3447 1805 3502 translatus
1869 3462 1933 3502 ne

2110 3450 2317 3506 Πίστει
2349 3451 2542 3522 Ἑνὼχ
2578 3452 2861 3523 μετετέθη
2889 3451 2995 3507 τοῦ
3029 3450 3115 3522 μὴ
3150 3450 3303 3506 ιὸεἳν
3331 3449 3614 3515 θάνατον,

352 3536 553 3590 videret
576 3546 817 3601 mortem,
871 3554 964 3594 nec
1003 3540 1106 3608 fuit
1166 3539 1427 3602 inventus.
1462 3550 1739 3607 propterea
1794 3538 1933 3611 quod

356 3630 896 3700 transtuleratipsum
929 3631 1109 3686 Deus:
1142 3631 1453 3703 priusquam
1488 3633 1629 3686 enim
1674 3632 1938 3700 transfer-

354 3736 503 3779 retur
557 3727 914 3781 testimonium
960 3737 1225 3781 meruerat
1274 3726 1417 3798 quod
1457 3726 1745 3795 placuisset
1801 3725 1930 3781 Deo.

353 3826 524 3890 Atque
543 3819 657 3874 sine
679 3819 784 3890 ﬁde
811 3819 935 3890 ﬁeri
956 3837 1062 3876 non
1103 3830 1273 3888 potest
1315 3831 1374 3874 stt
1416 3820 1535 3891 quis
1583 3820 1667 3873 illi
1702 3817 1933 3884 placeat.

359 3908 507 3965 Nam
546 3912 639 3983 qui
654 3912 859 3966 accedit
885 3912 955 3966 ad
988 3911 1156 3967 Deum
1184 3912 1321 3966 hunc
1342 3914 1552 3966 credere
1587 3919 1802 3983 oportet
1823 3925 1936 3965 esse

356 4006 549 4067 Deum.
578 4014 628 4059 et
668 4020 782 4060 esse
820 4015 1270 4061 remuneratorem
1318 4004 1676 4076 quarentibus
1715 4020 1792 4060 se.
1830 4001 1937 4057 Per

358 4101 517 4170 [idem
549 4097 857 4154 admonitus
878 4098 1097 4154 oraculo
1117 4097 1233 4155 Noe
1261 4115 1324 4154 ea
1350 4115 1469 4172 qua:
1514 4100 1748 4153 nondum
1793 4099 1938 4152 uide-

359 4195 557 4247 bantur
582 4192 800 4259 oeritus,
830 4194 1109 4259 apparavit
1144 4207 1329 4246 arcam
1363 4192 1432 4244 ad
1476 4190 1704 4246 salutem
1744 4189 1934 4244 domus

358 4300 490 4349 suat,
520 4300 612 4354 per
637 4301 798 4357 quam
835 4285 1200 4339 condemnavit
1238 4283 1492 4338 mundum
1522 4298 1540 4336 :
1574 4292 1624 4339 et
1676 4282 1790 4352 ejus
1821 4299 1937 4353 qua

357 4379 642 4433 sesundum
664 4379 822 4449 [idem
847 4387 923 4432 est
948 4378 1177 4449 justitice
1203 4376 1377 4451 {actus
1421 4385 1499 4433 es:
1534 4375 1721 4431 Ita'res.

437 4579 457 4611 ι
498 4559 598 4615 Per
647 4557 807 4613 ﬁdem
860 4557 1069 4614 Euocb.
1127 4576 1146 4611 ι
1200 4557 1280 4612 Ex
1331 4557 1423 4612 illo
1480 4556 1936 4627 praetigurabatur

358 4651 558 4708 mortis
611 4650 861 4708 abolitio.
906 4649 1189 4720 Siquidem
1241 4665 1339 4720 per
1379 4648 1517 4704 Abel
1562 4658 1786 4704 ostensa
1834 4647 1937 4702 fuit

361 4744 650 4802 sententia:
674 4746 1043 4808 continuatio,
1071 4759 1169 4814 per
1188 4742 1373 4798 Enocb
1404 4756 1531 4797 vero
1570 4742 1718 4797 illius
1759 4741 1934 4796 aboli-

361 4840 464 4896 tio.
486 4837 729 4894 Credidit
763 4846 946 4893 autem
991 4836 1178 4891 Enocb
1219 4834 1389 4890 Deum
1423 4848 1546 4890 esse
1594 4834 1801 4904 prmmii
1848 4849 1936 4887 re-

361 4940 806 4989 muneratorem:
840 4930 961 4986 ideo
978 4930 1141 4985 etiam
1171 4928 1411 4999 placuit:
1437 4936 1600 4998 atque
1636 4927 1688 4981 in
1722 4936 1933 4981 tantum

360 5028 485 5082 tidei
517 5035 676 5083 erant
699 5040 821 5097 qum
869 5023 1217 5089 videbantur,
1252 5030 1310 5076 ιιι
1374 5022 1538 5075 etiam
1592 5022 1931 5075 contrarium

361 5126 673 5189 appareret.
699 5118 833 5173 Abel
854 5118 1001 5172 enim
1029 5131 1153 5169 cum
1181 5115 1287 5173 Deo
1312 5116 1631 5185 placuisset,
1649 5114 1935 5183 iugulatus

362 5226 542 5268 tamen
574 5220 678 5276 cst,
706 5227 807 5267 nec
834 5210 1008 5265 voluit
1038 5209 1182 5265 Deus
1226 5223 1350 5262 cum
1397 5224 1463 5264 eo
1517 5207 1815 5263 connivere
1869 5220 1938 5261 ne

358 5314 706 5371 moreretur;
742 5303 866 5359 ideo
902 5319 1000 5375 per
1030 5301 1393 5371 solamqﬁdem
1456 5300 1642 5357 Enoch
1686 5298 1934 5371 placebat

358 5398 495 5462 llco,
525 5396 762 5452 credens
784 5410 910 5452 esse
938 5396 1208 5451 bonorum
1238 5393 1680 5451 retributionem.
1704 5390 1934 5460 Propter

358 5489 519 5544 tidem
559 5490 726 5561 igitur
756 5487 1029 5558 placebat,
1059 5497 1115 5543 et
1163 5487 1291 5557 quia
1337 5485 1589 5556 placebat
1630 5482 1933 5538 translatus

357 5590 463 5635 est.
498 5600 519 5633 ι
555 5580 634 5635 Ne
660 5579 868 5635 videret
894 5588 1146 5635 mortem.
1196 5596 1215 5631 ι
1266 5576 1471 5631 Vivens
1511 5575 1657 5630 enim
1704 5575 1937 5628 transla-

358 5685 450 5729 tus
475 5680 581 5739 est,
625 5681 680 5728 et
730 5674 911 5730 adhuc
961 5675 1131 5729 vivit:
1190 5688 1357 5743 porro
1414 5669 1506 5724 ubi
1536 5679 1589 5724 et
1633 5668 1932 5739 quomodo,

357 5764 632 5829 incertum
654 5770 759 5819 est.
802 5782 820 5815 ι
851 5763 1018 5834 Atqui
1050 5763 1170 5818 sine
1211 5762 1316 5816 nde
1351 5761 1466 5816 lieri
1499 5774 1607 5815 non
1656 5766 1837 5830 potest
1873 5766 1935 5812 ut

358 5854 484 5923 quis
512 5853 590 5909 illi
651 5853 889 5925 placeat.
938 5870 957 5904 ι
1008 5851 1293 5922 Siquidem
1351 5848 1455 5903 uisi
1509 5849 1636 5918 quis
1685 5847 1935 5903 crederet

358 5953 628 6005 bonorum
654 5953 708 6002 et
734 5946 1003 6003 malorum
1035 5942 1149 6000 lieri
1181 5941 1707 6004 remunerationem,
1730 5956 1911 6012 nequa

359 6054 519 6112 quam
554 6038 770 6111 placere
819 6044 1027 6110 posset.
1065 6034 1201 6101 Quis
1255 6034 1399 6090 enim
1451 6046 1548 6103 per
1592 6031 1925 6087 laboriosam

2036 3540 2136 3596 καί
2166 3545 2278 3613 οὐχ
2302 3544 2636 3615 εὑρίσκετο,
2659 3543 2808 3599 διότι
2822 3542 3155 3615 μετέθηκεν
3175 3543 3364 3598 αὐτὸν
3394 3545 3429 3598 θ
3446 3542 3614 3610 Θεός.

2034 3633 2155 3701 Πρὸ
2194 3637 2306 3703 ⁴γὰρ
2344 3634 2453 3704 τῆς
2495 3633 2869 3705 μεταθέσεως
2915 3632 3103 3689 αὐτοῦ
3121 3674 3137 3700 ,
3169 3634 3618 3703 μεμαρτύρηται

2037 3728 2506 3796 εὺηρεστηκέναι
2547 3726 2689 3794 Θεῷ.
2738 3727 2929 3796 Χωρίς
2972 3724 3042 3781 δὲ
3070 3726 3352 3790 πίστεως,
3388 3722 3617 3780 ἀδύνα-

2036 3838 2145 3876 τον
2177 3818 2602 3891 εὐαρεστῆσαι.
2654 3819 2985 3875 Πιστεῦσαι
3028 3817 3139 3889 γὰρ
3174 3817 3386 3873 δεῖτόν
3422 3829 3614 3886 προσ·

2035 3914 2364 3983 ερχόμενον
2426 3913 2508 3981 τῷ
2532 3912 2676 3979 Θεῷ,
2704 3912 2796 3967 ὅτι
2824 3912 2979 3968 ἔστι.
3018 3912 3128 3967 Καὶ
3162 3910 3287 3978 τοῖς
3331 3908 3606 3977 ἐκζητοῦο

2037 4021 2143 4059 σιν
2174 4004 2382 4069 αὑτὸν,
2406 4004 2858 4075 μισθαποδότης
2878 4004 3124 4074 γίνεται.
3154 4003 3359 4058 Πίστει
3386 4018 3616 4071 χρημα-

2037 4099 2269 4166 τισθεὶς
2324 4098 2453 4155 Νῶε
2509 4099 2643 4168 περὶ
2703 4096 2824 4153 τῶν
2885 4097 3138 4169 μηδέπω
3191 4094 3614 4167 βλεπομένων,

2036 4191 2391 4260 εὐλαϐηθεὶς
2437 4190 2851 4245 κατεσκεύασε
2887 4189 3159 4256 κιϐωτὸν,
3201 4190 3289 4256 είς
3313 4187 3621 4257 σωτηρίαν

2036 4283 2147 4340 τοῦ
2180 4285 2351 4339 οἴκου
2388 4282 2597 4338 αὐτοῦ.
2644 4282 2724 4336 Δι’
2759 4278 2838 4353 ἧς
2873 4281 3183 4350 κατέκρινε
3219 4279 3327 4335 τὸν
3361 4280 3617 4349 κόσμον,

2037 4376 2137 4431 καὶ
2161 4374 2272 4444 τῆς
2298 4372 2449 4429 κατὰ
2475 4374 2687 4429 πίστιν
2721 4371 3114 4443 δικαιοσύνης
3137 4371 3375 4444 ἐγένετο
3402 4373 3618 4440 κληρο-

2036 4469 2241 4538 νόμος.

2116 4561 2333 4614 «Πίστει
2368 4558 2590 4631 Ἑνώχ.»
2639 4557 2731 4625 Ἐξ
2761 4557 2969 4612 ἐκείνου
2994 4556 3368 4628 προετυποῦτο
3393 4554 3429 4627 ἡ
3458 4554 3619 4609 ἀναί-

2042 4673 2192 4728 ρεσις
2235 4654 2330 4709 τοῦ
2378 4653 2632 4708 θανάτου.
2685 4651 2783 4706 Διὰ
2811 4650 2911 4723 μὶν
2941 4651 3052 4723 γὰρ
3073 4649 3168 4706 τοῦ
3198 4649 3367 4704 Ἀὁελ
3399 4648 3620 4720 ἐδείχθη

2039 4747 2140 4813 τῆς
2180 4746 2540 4816 ἀποφάνσεως
2588 4745 2650 4797 τὸ
2682 4744 2916 4816 βέϐαιον.
2968 4743 3067 4796 Διὰ
3103 4743 3159 4797 δὲ
3199 4740 3293 4796 τοῦ
3345 4738 3539 4810 Ἑνὼχ,
3579 4742 3614 4810 ἠ

2040 4839 2314 4911 ἀναίρεσις
2342 4838 2533 4908 αὐτῆς.
2578 4836 2898 4892 Ἐπίστευσε
2927 4833 2983 4888 δὲ
3010 4833 3207 4905 Ἑνὼχ,
3235 4836 3317 4889 ὅτι
3356 4831 3625 4903 μισθαπο-

2038 4931 2197 5001 δότης
2224 4933 2253 4985 ὀ
2278 4929 2431 4993 Θεὸς.
2472 4928 2565 4982 Διὸ
2599 4928 2695 4982 καὶ
2719 4926 3080 4998 εὐηρέστησε.
3112 4926 3226 4980 Καὶ
3247 4924 3506 4978 τοσοῦτον
3532 4922 3624 4976 πί-

2040 5041 2210 5087 στεως
2237 5020 2304 5095 ἦν
2332 5023 2400 5076 τὰ
2430 5020 2702 5092 ὁρώμενα,
2727 5021 2807 5074 ὅτι
2837 5020 2933 5077 καὶ
2955 5019 3015 5072 τὸ
3052 5017 3293 5072 ἐναντίον
3327 5015 3621 5087 παρέθετο.

2055 5117 2114 5170 '0
2160 5117 2268 5187 γὰρ
2317 5113 2484 5169 ’Δϐελ
2527 5113 2903 5185 εὐαρεστήσας
2951 5110 3091 5181 Θεῷ,
3133 5110 3228 5163 καὶ
3261 5109 3500 5179 ἐσφάγη,
3527 5107 3624 5160 καὶ

2042 5207 2143 5261 οὐκ
2185 5208 2465 5277 ἐπήμυνεν
2510 5203 2658 5276 αὐτῷ
2693 5206 2722 5258 ὀ
2754 5203 2887 5267 Θεὸς
2917 5203 3056 5274 πρὸς
3092 5200 3153 5254 τδ
3202 5199 3278 5271 μὴ
3302 5200 3620 5252 ἀποθανεῖν.

2045 5299 2136 5353 Διὸ
2164 5297 2346 5351 πίστει
2392 5296 2529 5368 μόνῃ
2578 5298 2607 5350 ὀ
2666 5292 2837 5366 Ἑνὼχ
2866 5292 3149 5364 εὐηρέστει
3180 5290 3322 5362 Θεῷ,
3349 5290 3622 5342 πιστεύων

2043 5385 2185 5445 εῖναι
2227 5389 2337 5443 τῶν
2376 5388 2597 5458 ἀγαθῶν
2655 5388 2947 5441 ἀντίδοσιν.
2991 5384 3089 5439 Διὰ
3145 5380 3238 5439 οὖν
3291 5383 3389 5455 τὴν
3436 5382 3621 5435 πίστιν

2045 5479 2351 5553 εὑηρέστει,
2386 5479 2478 5533 καὶ
2510 5478 2595 5530 διὰ
2619 5475 2716 5549 τὴν
2744 5474 3105 5548 εὐαρέστησιν
3162 5474 3448 5545 μετετέθη.
3479 5474 3620 5526 «Τοῦ

2047 5572 2122 5644 μὴ
2156 5572 2282 5626 ίδεῖν
2322 5571 2607 5625 θάνατον.»
2652 5568 2771 5622 Ζῶν
2792 5567 2902 5638 γὰρ
2953 5567 3240 5637 μετετέθη,
3281 5568 3377 5619 καὶ
3416 5565 3497 5618 ἔτι
3529 5563 3617 5634 ζῇ.

2044 5662 2157 5717 Ποῦ
2189 5663 2266 5727 δὲ,
2292 5664 2323 5733 ἢ
2358 5662 2494 5728 πῶς,
2530 5661 2776 5731 ἂδηλον.ι
2809 5659 2995 5729 Χωρὶς
3022 5659 3078 5725 δὲ
3107 5657 3341 5721 πίστεως
3363 5657 3622 5712 ἀδύνατον

2042 5756 2460 5827 εὐαρεστῆσαι.»
2521 5755 2581 5807 Εἰ
2610 5754 2717 5823 γάρ
2739 5771 2824 5816 τις
2858 5752 2935 5823 μὴ
2966 5748 3311 5805 πιστεύσειεν
3352 5748 3620 5803 ἀντίδοσιν

2043 5846 2185 5904 εἷναι
2228 5849 2408 5904 καλῶν
2445 5848 2623 5922 ἔργων
2650 5844 2745 5900 καὶ
2778 5845 2984 5907 κακῶν,
3025 5843 3124 5897 οὐκ
3155 5843 3223 5897 ἂν
3252 5840 3615 5910 εύαρεστήσῃ,

2043 5941 2140 5999 Τίς
2172 5938 2282 6010 γὰρ
2317 5939 2382 5992 ἂν
2415 5942 2514 6007 τὴν
2552 5938 2810 5993 ἐπίπονον
2837 5935 2938 6005 τῆς
2965 5935 3165 6007 ἀρετῆς
3186 5933 3385 6007 ὀδεύσῃ
3408 5931 3612 5996 τρίϐον,

2041 6032 2119 6105 μὴ
2164 6030 2525 6103 πεπεισμένος
2565 6025 2705 6083 εἶναι
2755 6043 2907 6094 τινας
2952 6028 3222 6099 apem“;
3270 6046 3286 6079 ι
3316 6027 3615 6080 Πιστεῦααι
