3970 6572
332 407 438 474 405

1372 403 1757 468 (ΞΟΜΜΕΝΤ.
1798 404 2147 470 ΙΝἘΡΙΞΤ.
2186 408 2287 469 AD
2326 402 2558 468 IIEBR.

3473 403 3580 468 406

332 524 437 595 γὰρ
469 521 554 577 δεῖ
592 522 685 578 τὸν
722 521 1164 597 προσερχόμενον
1203 523 1281 596 τῷ
1314 525 1487 595 Θεῷ.»
1515 527 1592 579 Οὐ
1638 527 1690 579 τί
1735 527 1908 591 ἐστὶν,

2027 526 2175 599 ωδ
2206 526 2432 581 virtutis
2461 525 2713 580 semitam
2746 523 3102 595 graderetur,
3148 523 3256 580 nisi
3295 524 3403 581 sibi
3465 543 3592 596 per-

332 617 448 669 om
468 615 566 688 τὴν
590 617 782 671 οὐσίαν
812 616 1314 689 περιεργάσασθαι,
1345 618 1481 672 ἀλλά
1502 618 1585 671 δεῖ
1613 618 1906 673 πιστεῦσαι

337 712 491 782 μόνον
522 713 605 765 ὅτι
636 709 774 775 ἔστι,
804 712 901 765 καὶ
933 712 1015 764 ὅτι
1041 709 1335 766 ἀποδίδωσι
1376 709 1569 780 μισθὸν
1594 713 1707 775 τοῖς
1746 711 1909 782 ἐκζη-

334 799 511 853 τοῦσιν
554 801 740 856 αὐτόν.
791 802 1015 855 ιΠίστει
1051 802 1446 873 χρηματισθεὶς
1476 802 1655 856 Νῶε.»
1688 801 1782 865 Τὸ,
1816 801 1908 854 πίὲ

336 909 466 958 στει,
498 893 598 963 τῷ,
631 893 974 963 εὐλαϐηθεὶς.
1006 893 1283 959 σύνταξον.
1319 894 1408 948 ἴνα
1513 893 1685 956 οὕτως
1709 908 1725 925 ’
1757 894 1909 959 Χρη-

339 986 615 1056 ματισθεὶς
686 986 809 1038 Νῶε
883 986 1012 1057 περὶ
1066 987 1180 1039 τῶν
1248 986 1475 1058 μηδέπω
1536 986 1908 1057 βλεπομένων,

335 1078 512 1129 πίστει
560 1076 886 1146 εὐλαϐηθεὶς
938 1076 1311 1130 κατεσκεύασε
1360 1078 1614 1132 κιϐωτόν.
1664 1079 1910 1142 Πίστεως

335 1169 441 1238 γὰρ
483 1164 553 1239 ἦν
579 1170 639 1221 τὸ
665 1169 977 1222 ἀκούσαντα
1007 1170 1089 1222 ὅτι
1144 1169 1298 1222 ἔσται
1345 1168 1757 1240 κατακλυσμὸς,
1815 1171 1909 1223 εύ-

335 1260 633 1331 λαϐηθῆναι
652 1263 747 1314 καὶ
772 1261 1097 1331 πτοηθῆναι.
1125 1261 1583 1331 «Χρηματισθείς.
1600 1281 1619 1314 ι
1642 1261 1911 1328 Ἀκούσας

312 1354 436 1427 ’ὑπὸ
478 1354 574 1407 τοῦ
617 1353 774 1408 Θεοῦ.
802 1354 1067 1424 Ἀλλαχοῦ
1090 1370 1278 1424 φησιν,
1315 1349 1425 1407 Ἦν
1451 1353 1601 1426 αὐτῷ
1625 1371 1911 1426 κεχρημακ-

308 1443 585 1513 ξτισμένον
634 1443 741 1496 ὑπὸ
800 1442 894 1496 τοῦ
981 1441 1320 1514 Πνεύματος.
1376 1441 1543 1512 Ὁρᾷς
1607 1442 1909 1512 ίσοτιμίαν;

312 1568 315 1575 ι
342 1534 551 1603 Ὠσπερ
576 1535 604 1585 ό
627 1532 822 1604 Πατὴρ
849 1535 976 1605 χρᾷ,
999 1533 1141 1587 οὓτω
1180 1536 1275 1588 καὶ
1299 1533 1359 1587 τὸ
1394 1534 1617 1605 Πνεῦμα
1643 1535 1704 1588 τὸ
1733 1534 1909 1603 ἅγιον.

343 1624 441 1675 «Ile
453 1625 507 1693 pi.
530 1624 640 1676 τῶν
682 1624 911 1694 μηδέπω
938 1624 1308 1694 βλεπομένων.
1338 1643 1357 1676 ι
1383 1624 1489 1677 Τοῦ
1523 1625 1912 1695 κατακλυσμοῦ

339 1733 522 1787 φησιν.
565 1718 677 1768 «Δι’
721 1712 790 1790 ἧς
817 1718 1105 1788 κατέκρινε
1143 1717 1234 1771 τὸν
1259 1717 1515 1788 κόσμον.»
1552 1718 1794 1786 Ἔδειξεν
1817 1720 1915 1772 αύ-

338 1809 461 1871 τοὺς
501 1807 687 1873 ἀξίους
716 1809 877 1874 ϐντας
901 1810 1197 1874 κολάσεως,
1224 1811 1305 1864 ὅτι
1328 1812 1480 1882 μηδὲ,
1507 1813 1917 1877 κατασκευαζο-

2014 631 2241 673 suasum
2263 622 2411 673 esset
2451 614 2662 685 aliquid
2701 614 2821 670 fore
2848 613 3347 671 remunerationis?
3398 634 3416 666 s
3456 613 3592 671 Nam

2015 709 2110 779 qui
2130 705 2350 763 accedit
2374 706 2442 761 ad
2479 704 2676 771 Deum,
2706 705 2855 760 hunc
2877 703 3110 760 credere
3136 711 3375 775 oportet.
3420 722 3439 757 s
3471 702 3592 760 Non

2015 800 2273 872 quidsit,
2310 815 2487 869 neque
2544 799 2840 855 essentiam
2899 799 3120 854 curiose
3173 798 3437 864 scrutari,
3498 796 3595 854 sed

2015 899 2229 946 tantum
2263 891 2493 946 credere
2521 900 2744 960 oportet
2772 891 2918 960 quod
2958 891 3052 956 sit,
3086 898 3140 945 et
3174 889 3320 961 quod
3346 890 3598 958 rependit

2017 984 2324 1040 mercedem
2366 985 2743 1055 qumrentibus
2772 1001 2855 1043 se.
2886 1002 2903 1036 ι
2943 986 3051 1039 Per
3086 982 3244 1038 [idem
3278 983 3597 1039 admonitus

2015 1073 2148 1131 Noe.
2177 1095 2196 1127 ι
2232 1073 2338 1130 P'er
2374 1074 2554 1140 tidem,
2591 1075 2828 1145 adiunge
2854 1075 2903 1129 ei
2931 1074 3079 1143 quod
3114 1074 3367 1144 sequitur
3398 1090 3413 1127 :
3445 1071 3601 1129 Veri-

2019 1174 2130 1233 tus,
2163 1175 2222 1221 ut
2259 1167 2335 1222 sit
2357 1167 2446 1221 hic
2478 1182 2713 1225 sensus:
2748 1167 3079 1222 Admonitus
3107 1167 3333 1222 oraculo
3361 1164 3497 1229 Noe,
3532 1180 3599 1220 ea

2017 1273 2140 1327 qua:
2175 1257 2418 1312 nondum
2447 1258 2777 1313 videbantur
2811 1273 2910 1329 per
2949 1257 3107 1312 ﬁdem
3161 1258 3394 1326 veritus,
3431 1274 3601 1328 appao

2017 1350 2160 1405 ravit
2181 1364 2388 1404 arcam.
2414 1347 2565 1404 Fidei
2603 1364 2839 1419 namque
2859 1357 2977 1404 erat
3009 1348 3156 1420 quod
3188 1350 3419 1405 audiens
3448 1348 3602 1403 futu-

2022 1454 2141 1493 rum
2165 1440 2432 1494 diluvium
2459 1447 2776 1502 vereretur,
2814 1447 2868 1496 ct
2911 1453 3113 1511 pavore
3143 1446 3602 1496 consternaretur

2027 1548 2052 1581 τ
2087 1530 2416 1584 Admonitus
2447 1529 2696 1585 oraculo.
2733 1549 2752 1581 ι
2779 1531 2895 1585 Hoc
2920 1539 3024 1593 cst.
3050 1545 3176 1585 cum
3212 1544 3241 1582 a
3274 1528 3385 1584 Deo
3412 1530 3603 1586 audis-

2021 1632 2123 1678 set.
2150 1621 2292 1676 Alibi
2317 1621 2548 1677 dicitur:
2568 1620 2913 1692 Responsum
2936 1630 3245 1692 acceperat,
3268 1622 3386 1677 sive
3408 1623 3602 1701 admo-

2021 1713 2172 1767 nitus
2198 1722 2318 1769 erat
2348 1727 2378 1767 a
2412 1712 2619 1784 Spiritu
2646 1724 2838 1770 sancto
2863 1715 2952 1770 ⁸⁷⁸.
2979 1712 3144 1770 Vides
3174 1716 3400 1769 honoris
3418 1731 3605 1786 aequa-

2022 1804 2273 1861 litatem?
2310 1804 2779 1873 Quemadmodum
2812 1805 2974 1863 Pater
3026 1809 3252 1864 oraculo
3287 1808 3602 1880 respondet,

342 1899 508 1969 μένην
547 1900 785 1971 ὁρῶντες
818 1903 918 1972 τὴν
968 1902 1205 1956 κιϐωτὸν
1231 1945 1247 1969 ,
1309 1903 1640 1957 ἐπίστευσαν
1692 1903 1913 1958 ἔσεσθαι

2027 1897 2135 1963 ita,
2188 1904 2243 1952 et
2321 1898 2564 1968 Spiritus
2619 1906 2872 1954 sanctus.
2938 1917 2957 1950 ι
3033 1900 3111 1954 Ea
3170 1915 3293 1971 quae
3357 1900 3601 1955 nondum

336 1989 742 2063 κατακλυσμόν.
780 2012 799 2044 ι
832 1994 941 2047 Καὶ
963 1993 1063 2063 τῆς
1092 1992 1232 2048 κατὰ
1274 1991 1459 2047 πίστιν
1489 1992 1861 2062 δικαιοσύνης.
1897 2010 1916 2044 ι

2027 1990 2378 2046 videbantur.
2408 2010 2427 2045 ι
2460 1991 2729 2046 Diluviqu
2771 1989 2925 2047 dicit.
2965 2009 2993 2043 ι⁴
3015 1992 3118 2048 Per
3149 2007 3315 2064 quam
3345 1992 3605 2049 condem-

337 2082 447 2152 Τῆς
512 2085 601 2138 διὰ
646 2085 889 2150 πίστεως
926 2086 1222 2154 συστάσης.
1270 2085 1489 2156 Ἐκείνη
1526 2086 1635 2157 γὰρ
1691 2086 1917 2157 αὑτὸνή

2028 2085 2181 2138 navit
2234 2084 2522 2138 mundum.
2583 2102 2603 2137 ι
2662 2082 2921 2140 Ostendit
2970 2086 3120 2153 ipsos
3173 2084 3349 2141 fuisse
3405 2086 3604 2157 dignos

339 2173 518 2237 πίστις
544 2176 883 2239 ἐδικαίωσεν,
907 2179 973 2249 ἣν
1008 2176 1294 2231 ἐπίστευσε
1328 2176 1406 2246 τῷ
1427 2175 1567 2247 Θεῷ.

2027 2176 2320 2248 supplicio,
2382 2175 2530 2247 quod
2577 2191 2756 2248 neque
2822 2176 3102 2233 intuentes
3146 2179 3326 2248 parari
3382 2193 3601 2248 arcam,

340 2267 690 2324 crediderunt
721 2269 838 2325 fore
861 2271 1150 2326 diluvium.
1190 2290 1208 2323 ι
1240 2271 1442 2341 Etejus
1465 2269 1913 2341 quaesecuudum
1956 2270 2115 2327 [idem
2148 2270 2508 2341 estjustitite.
2560 2288 2581 2324 ›
2644 2270 2777 2338 Quae
2842 2284 2938 2343 per
2994 2270 3155 2326 iidem
3220 2272 3602 2327 constituitur.

340 2356 471 2414 Nam
496 2362 589 2415 illa
618 2362 753 2417 ﬁdes
772 2363 1232 2433 eumjustiiicavit
1269 2380 1375 2436 qua
1408 2364 1642 2420 credidit
1675 2362 1807 2420 Deo.

407 2455 613 2508 Πίστει
634 2456 1006 2524 καλούμενος
1043 2455 1320 2525 Ἀϐραὰμ,
1358 2456 1720 2526 ὑπήκουσεν
1749 2456 1921 2520 ἐξελ-

2097 2451 2187 2517 XI,
2220 2450 2377 2507 8‘12.
2403 2448 2509 2505 Per
2539 2449 2696 2521 ﬁdem
2753 2459 2966 2504 vocatus
3020 2450 3287 2504 Abraham
3347 2450 3607 2507 obediuits

344 2546 468 2602 θεῖν
516 2549 605 2613 εις
644 2546 750 2599 τὸν
786 2547 1001 2609 τύπον,
1065 2547 1161 2612 ὃν)
1194 2546 1425 2616 ἤμελλε
1470 2545 1803 2616 λαμϐάνειν
1833 2547 1921 2611 είς

346 2637 770 2707 κληρονομίαν.
812 2636 921 2692 Καὶ
977 2636 1200 2705 ἐξῆλθε
1224 2638 1325 2708 ,μὴ
1357 2637 1756 2706 ἐπιστάμενος
1802 2635 1920 2691 ποῦ

345 2728 595 2797 ἔρχεται.
651 2730 856 2783 Πίστει
884 2729 1247 2797 παρῴκησεν
1275 2734 1361 2797 εὶς
1394 2730 1513 2801 γῆν
1538 2730 1647 2798 τῆς
1672 2731 1921 2801 ἐπαγγε-

345 2825 481 2886 λίας
554 2823 638 2886 ὡς
700 2823 1047 2890 ἀλλοτρίαν,
1115 2823 1184 2875 ἐν
1225 2824 1486 2890 σκηναῖς
1548 2822 1922 2893 κατοικήσας

342 2912 487 2980 μετὰ
523 2910 731 2966 Ἰσαὰκ
749 2912 847 2966 καὶ
893 2914 1095 2967 Ἰακὼϐ
1114 2912 1235 2967 τῶν
1254 2915 1778 2984 συγκληρονόμων
1810 2914 1922 2983 τῆς

348 3004 706 3073 ἐπαγγελίας
736 3002 846 3071 τῆς
872 3004 1080 3071 αὐτῆς.
1125 3005 1467 3074 Ἐξεδέχετο
1495 3007 1605 3076 γὰρ
1640 2990 1756 3074 ξῆν
1782 3005 1924 3072 τοὺς

350 3096 663 3163 θεμελίους
688 3096 960 3163 ἔχουσαν
1005 3097 1207 3160 πόλιν,
1242 3093 1319 3166 ἧς
1368 3098 1648 3164 τεχνίτης
1686 3097 1784 3150 καί
1818 3096 1927 3165 δην

346 3187 625 3257 provde
651 3190 684 3241 ό
720 3189 883 3254 Θεός.
914 3188 1115 3242 Πίστει
1136 3189 1408 3256 καίάὑτὴ
1442 3188 1639 3258 Σιίρῤα
1666 3189 1925 3259 δύναμιν

350 3279 435 3343 εις
456 3280 803 3346 καταϐολὴν
832 3279 1184 3348 σπέρματος-
1206 3282 1419 3345 ἔλαϐε,
1452 3280 1549 3334 καὶ
1584 3279 1745 3351 παρὰ
1796 3298 1923 3336 και-

344 3368 456 3438 ρόν
498 3370 738 3437 ἡλικίας
780 3370 1004 3437 ἔτεκεν,
1043 3371 1172 3425 ἐπεὶ
1232 3375 1452 3426 πιστὸν
1502 3372 1773 3442 ἡγήσατο
1816 3373 1924 3428 τὸν
1953 3409 1999 3469 c

349 3461 880 3530 ἐπαγγειλάμενον.
925 3464 1022 3518 Διὸ
1055 3463 1268 3534 καίάρ³
1313 3465 1451 3532 ἐνὸς
1487 3466 1926 3535 ἐγεννήθησαν,

356 3554 451 3607 καί
486 3555 674 3609 ταῦτα
740 3558 1115 3626 νεκρωμένου
1149 3598 1165 3623 ,
1214 3560 1409 3625 καθὼς
1449 3560 1521 3613 τὰ
1563 3559 1757 3629 ἄστρα
1824 3561 1932 3615 τοῦ

356 3647 615 3715 οὐρανοῦ
645 3647 725 3712 τῷ
774 3649 1013 3715 πλήθει,
1044 3650 1125 3717 ὡς
1154 3651 1253 3706 καὶ
1282 3650 1321 3718 ἡ
1351 3651 1544 3720 ἅμμος
1588 3653 1627 3721 ἠ
1660 3654 1821 3722 παρὰ
1864 3652 1932 3706 τὸ

356 3740 562 3807 χεῖλος
588 3739 698 3807 τῆς
722 3742 1041 3811 θαλάσσης
1081 3742 1120 3809 η
1155 3744 1576 3813 ἀναρίθμητος.

429 3849 448 3881 ι
484 3832 673 3886 Πίστει
706 3833 1040 3898 καλούμενος
1077 3835 1351 3907 Ἀϐραάμ.
1378 3856 1396 3890 ι
1423 3838 1497 3890 Οὐ
1517 3839 1626 3908 γὰρ
1656 3836 1724 3892 ἂν
1757 3837 1930 3911 ὕπερο

359 3924 612 3995 ήκουσεν,
663 3928 711 3978 εί
761 3926 835 3997 μὴ
869 3926 1188 3981 ἐπίστευσεν
1221 3929 1508 3999 ἀληθεύειν
1537 3929 1628 3984 τὸν
1663 3930 1816 3996 Θεὸν,
1854 3934 1937 3995 είς

355 4014 412 4067 τὸ
437 4020 728 4085 παροικεῖν
764 4017 865 4088 τὴν
896 4019 1007 4089 γῆν
1044 4020 1281 4091 ἐκείνην.
1311 4022 1419 4075 Καὶ
1454 4022 1587 4076 αὐτὸ
1610 4022 1666 4075 δὲ
1695 4022 1755 4075 τὸ
1783 4021 1933 4089 ἐξελε

357 4107 469 4163 θεῖν
506 4111 747 4175 πίστεως
804 4109 891 4182 ἦν.
947 4113 1085 4168 Θεοῦ
1141 4116 1251 4185 γὰρ
1284 4115 1577 4179 καλοῦντος
1628 4117 1934 4188 ὑπήκουσε,

356 4203 656 4267 πιστεύσας
705 4206 789 4258 ὅτι
814 4206 900 4258 ἐπ’
931 4207 1126 4276 ἀγαθῷ
1164 4208 1343 4264 καλεῖ.
1390 4226 1410 4260 ι
1454 4209 1545 4279 Μὴ
1571 4209 1938 4281 ἐπιστάμενος

359 4292 460 4345 ποῦ
492 4294 735 4364 ἔρχεται.
777 4314 796 4348 ι
830 4299 939 4352 Καὶ
968 4298 1029 4351 τὸ
1064 4298 1253 4370 μεῖζον
1279 4303 1378 4372 τῆς
1416 4300 1676 4366 πίστεως,
1712 4303 1794 4356 ὅτι
1816 4302 1938 4356 οὐδὲ

357 4386 624 4454 ἠπίστατο
655 4388 759 4442 ποῦ
804 4390 1114 4455 uisitare
1147 4393 1334 4448 Πίστει
1359 4393 1692 4465 παρῴκησεν
1724 4398 1807 4460 είς
1833 4397 1938 4467 γῆν

360 4477 455 4548 τῆς
501 4480 855 4547 ἐπαγγελίας.
888 4501 907 4535 ι
945 4484 1090 4552 Ὅρα
1106 4485 1158 4538 τί
1182 4502 1348 4556 φησιν
1374 4502 1389 4516 ⁶
1424 4487 1522 4550 Εἰς
1566 4488 1671 4556 τὴν
1728 4488 1832 4558 γῆν
1870 4489 1937 4559 ἣν

356 4569 727 4638 ἐπηγγείλατο
758 4575 788 4627 ό
820 4575 972 4640 Θεὸς,
1002 4575 1197 4644 λέγων·
1233 4578 1325 4631 Σοὶ
1357 4577 1514 4632 δώσω
1546 4579 1716 4651 αὐτὴν
1744 4581 1839 4633 καὶ
1860 4578 1941 4649 τῷ

359 4665 639 4734 σπέρματί
678 4683 797 4733 σου,
840 4667 1081 4739 κατῴκει
1116 4670 1192 4733 ὡς
1247 4671 1307 4722 ὲν
1336 4670 1617 4742 ἀλλοτρίᾳ,
1668 4673 1761 4725 καὶ
1792 4671 1939 4745 ὀρῶν

2022 2556 2080 2599 ιιι
2107 2546 2274 2600 exiret
2305 2546 2357 2599 in
2392 2545 2564 2598 locum
2599 2557 2748 2612 quem
2796 2551 3111 2610 accepturus
3141 2551 3262 2597 erat
3299 2543 3355 2595 in
3384 2542 3609 2598 haeredi-

2032 2647 2319 2692 tatem:et
2372 2637 2532 2691 exivit
2588 2634 2823 2689 nesciens
2859 2650 2960 2704 quo
2992 2642 3126 2689 esset
3180 2644 3447 2690 renturus.
3503 2634 3609 2690 Per

2027 2728 2188 2801 ﬁdem
2246 2728 2617 2799 commigrauit
2676 2727 2729 2780 in
2777 2733 2973 2779 terram
3022 2727 3387 2794 promissionis
3449 2728 3609 2782 ueluti

2025 2824 2383 2894 peregrinam,
2428 2837 2547 2874 cum
2600 2821 2656 2874 in
2739 2818 3092 2873 tabernaculis
3143 2818 3433 2873 habitasset
3489 2834 3611 2873 eum

2032 2913 2194 2968 I'saac
2229 2923 2279 2967 et
2308 2911 2501 2975 Iacob,
2546 2911 2909 2965 eolueredib‘us
2937 2910 3171 2979 ejusdem
3213 2912 3602 2980 promissionis.

2034 3004 2391 3073 Exspectabat
2419 3003 2556 3058 enim
2594 3002 2867 3056 habentem
2924 3002 3271 3071 fundamenta
3319 3003 3608 3068 civitatem,

2031 3098 2186 3167 Cujus
2242 3096 2421 3165 opifex
2471 3104 2521 3150 et
2586 3095 2829 3150 conditor
2892 3104 2969 3149 est
3010 3093 3175 3149 Deus.
3206 3092 3312 3148 Per
3356 3094 3515 3165 ﬁdem
3564 3104 3614 3147 et

2031 3192 2147 3260 ipsa
2176 3188 2316 3245 Sara
2345 3190 2446 3243 vim
2487 3188 2556 3242 ad
2586 3186 2982 3258 concipiendum
3023 3202 3087 3241 ac
3155 3186 3483 3241 retinendum
3529 3203 3613 3241 se-

2032 3298 2147 3337 men
2182 3283 2404 3348 accepit,
2440 3291 2488 3337 et
2514 3290 2709 3351 prater
2746 3283 2918 3336 (etatis
2944 3281 3197 3336 rationem
3219 3280 3439 3350 peperit,
3465 3277 3607 3342 quod

2030 3377 2242 3447 ﬁdelem
2263 3377 2532 3446 judicaret
2554 3392 2672 3430 eum
2702 3376 2791 3447 qui
2822 3377 3158 3445 promiserat.
3193 3373 3528 3443 Quapropter
3561 3382 3614 3427 et

2033 3484 2100 3523 ea:
2121 3484 2226 3523 uno
2265 3469 2380 3522 nati
2409 3476 2735 3538 suut,eoque
2775 3467 2892 3535 jam
2944 3466 3138 3536 eﬂ’mto,
3180 3452 3337 3519 tanta
3395 3480 3613 3519 nurnero

2032 3572 2231 3633 quanto
2282 3569 2407 3616 sunt
2457 3560 2627 3617 stella:
2658 3561 2794 3624 caeli,
2839 3567 2889 3613 et
2942 3559 3081 3614 velut
3129 3574 3293 3614 arena
3356 3573 3476 3629 qua
3537 3565 3619 3612 est

2026 3654 2187 3726 juxta
2214 3655 2506 3727 marginem
2534 3652 2702 3707 maris
2729 3649 3157 3706 innumerabilis.

2007 3783 2023 3815 \

2022 3818 2025 3823 ’
2111 3858 2132 3893 ι
2170 3838 2276 3895 Per
2308 3837 2468 3895 ﬁdem
2504 3843 2732 3892 vocatus
2757 3834 3056 3892 Abraham.
3094 3850 3117 3885 ι
3158 3831 3279 3887 Non
3310 3830 3454 3888 enim
3484 3829 3617 3886 obes

2035 3934 2227 4000 disset,
2260 3932 2367 3989 nisi
2406 3930 2729 3987 credidisset
2783 3942 2911 3984 vera
2978 3928 3163 3983 dicere
3231 3926 3427 3993 Deum,
3464 3922 3618 3997 quod

2036 4027 2186 4083 illam
2222 4026 2457 4081 daturus
2514 4029 2662 4079 esset
2717 4029 2943 4076 terram.
2980 4019 3043 4073 Et
3079 4018 3183 4073 hoc
3234 4018 3414 4085 ipsum
3473 4018 3619 4087 quod

2036 4119 2256 4183 exierit,
2288 4117 2578 4173 lideierat.
2607 4115 2716 4169 Deo
2765 4127 3005 4181 namque
3062 4120 3294 4166 vocante
3355 4108 3618 4175 obedivit,

2037 4212 2272 4267 credens
2314 4209 2458 4281 quod
2522 4217 2743 4278 propter
2772 4204 2977 4259 bonum
3032 4209 3274 4258 vocaret.
3310 4220 3328 4252 ι
3361 4200 3620 4258 Nesciens

2037 4318 2148 4374 quo
2174 4309 2320 4358 esset
2377 4309 2670 4355 venturus.
2709 4314 2728 4349 ι
2770 4293 2836 4349 Ει
2887 4293 2993 4349 hoc
3017 4292 3246 4363 majoris
3274 4289 3441 4364 5.06
3500 4300 3619 4346 erat

2039 4396 2189 4460 tidei,
2255 4393 2404 4465 quod
2465 4392 2868 4460 obtemperaret
2917 4400 3250 4458 quocunque
3304 4390 3615 4439 vocaretur.

2045 4508 2065 4544 ι
2102 4487 2207 4545 Per
2238 4488 2398 4543 tidem
2425 4482 2814 4555 commigravit
2837 4480 2891 4536 in
2922 4489 3123 4535 terram
3151 4475 3555 4547 promissionis.
3594 4493 3614 4525 ι

2041 4581 2346 4639 Considera
2374 4578 2508 4651 quid
2544 4576 2692 4631 dicat
2719 4593 2733 4630 :
2761 4574 2819 4630 in
2851 4583 3056 4631 terram
3085 4585 3249 4644 quam
3292 4568 3621 4641 promiserat

2043 4673 2209 4741 Deus,
2275 4674 2501 4728 dicens:
2560 4667 2683 4725 Tibi
2736 4668 2884 4723 dabo
2940 4666 3114 4737 ipsam
3163 4673 3217 4719 et
3253 4660 3449 4718 semini
3499 4669 3616 4724 tuo,

362 4754 435 4825 μὴ
474 4756 832 4812 ἐκϐαίνουσαν
866 4760 960 4813 τοῦ
1015 4760 1152 4814 Θεοῦ
1194 4761 1294 4833 τὴν
1323 4764 1682 4831 ἐπαγγελίαν.
1727 4765 1786 4818 '0
1835 4765 1922 4835 μὲι

2043 4775 2420 4825 commoratus
2452 4772 2538 4820 est
2567 4769 2833 4832 tanquam
2861 4761 2915 4815 in
2977 4759 3180 4820 aliena,
3214 4756 3379 4811 etiam
3427 4754 3620 4809 videns

357 4849 464 4918 γὰρ
516 4849 650 4914 Θεὸς
699 4852 910 4922 εἰρήκει
951 4853 1343 4926 δοῦναιαύτήν.
1375 4855 1546 4921 Αὐτὸς
1581 4856 1754 4922 δὲ,ὡς
1795 4859 1922 4930 πάρε

2040 4877 2153 4916 non
2187 4859 2511 4929 contingere
2534 4854 2629 4910 Dei
2662 4851 3099 4925 promissionem.
3133 4848 3414 4919 Siquidem
3465 4846 3622 4902 dixe-

355 4956 522 5004 οικος,
560 4943 617 4995 ὲν
645 4946 715 5014 γῇ
768 4943 895 5018 ξένῃ
928 4945 1085 5017 ᾤκει,
1134 4948 1229 5001 καὶ
1266 4948 1391 5001 οὐδὲ
1455 4948 1630 5013 οὕτως
1670 4949 1922 5022 ἠσθένησε

2037 4960 2126 5009 rat
2157 4952 2303 5007 Deus
2366 4949 2685 5006 sedaturum
2727 4945 2927 5016 ipsam.
2965 4943 3082 5014 ipse
3119 4950 3299 4997 tamen
3326 4938 3491 4996 veluti
3524 4938 3618 4994 ad-

359 5033 422 5102 τῇ
456 5031 656 5098 πίστει,
686 5035 822 5089 ἀλλὰ
852 5038 949 5091 καὶ
980 5037 1153 5092 ταῦτα
1185 5039 1325 5109 μετὰ
1348 5038 1460 5093 τῶν
1499 5042 1742 5109 ἐκγόνων
1771 5042 1922 5097 οίκῶι

2040 5060 2178 5101 vena
2244 5044 2298 5099 in
2335 5051 2482 5098 terra
2514 5038 2800 5112 peregrina
2848 5035 3167 5091 habitabat:
3200 5041 3256 5088 et
3296 5047 3366 5089 ne
3393 5033 3466 5087 ita
3496 5031 3620 5101 qui-

360 5122 438 5185 είς
468 5121 641 5195 αὐτὴν
675 5124 753 5189 ὡς
779 5127 1088 5199 ἀλλοτρίαν,
1128 5130 1279 5197 ὅμως
1325 5130 1408 5184 ἔτι
1444 5132 1757 5197 ἐπίστευεν,
1788 5135 1922 5205 abst}

2042 5139 2162 5192 dem
2210 5133 2480 5189 inﬁrmior
2525 5135 2580 5188 in
2612 5130 2718 5187 (ide
2752 5130 2930 5185 iactus
2956 5135 3042 5183 est
3089 5144 3103 5181 :
3140 5125 3239 5181 sed
3276 5126 3404 5180 licet
3454 5124 3618 5178 etiam

360 5214 453 5266 καὶ
493 5215 572 5281 τῷ
621 5219 894 5290 σπέρματι
942 5220 1109 5274 αύτοῦ
1157 5220 1479 5293 δοθήσεσθαι
1545 5224 1735 5295 αὐτήν.
1773 5244 1793 5279 ι
1848 5227 1922 5281 Ὲι

2047 5242 2172 5281 cum
2209 5223 2502 5295 nepotibus
2550 5222 2607 5277 in
2665 5235 2728 5275 ea
2781 5219 3052 5274 habitaret
3114 5224 3375 5286 tanquam
3417 5214 3620 5279 aliena,

364 5308 589 5377 σκηναῖς
634 5313 1021 5381 κατοικήσας.»
1046 5313 1120 5367 Τὸ
1142 5314 1250 5385 γὰρ
1281 5314 1487 5385 σκηνὰς
1523 5315 1819 5386 πήξασθαι.
1850 5315 1922 5382 ξέ·

2047 5318 2228 5371 adhuc
2274 5326 2456 5371 tamen
2512 5314 2770 5370 credebat
2801 5310 2908 5368 sibi
2964 5317 3017 5365 et
3053 5309 3250 5366 semini
3294 5322 3397 5363 suo
3446 5305 3620 5377 ipsam

357 5399 598 5451 νωνὲστὶ
622 5403 717 5453 καὶ
738 5402 1040 5474 ἀλλοτρίων
1071 5407 1171 5472 τῆς
1204 5404 1330 5473 γῆς.
1362 5424 1380 5456 ι
1416 5406 1570 5460 Μετά
1612 5406 1798 5460 Ἰσαὰκ
1839 5407 1922 5461 καλ

2045 5409 2281 5465 dandam
2304 5422 2450 5464 esse.
2488 5425 2508 5460 ι
2541 5406 2674 5461 Cum
2701 5404 2757 5458 in
2816 5399 3191 5457 tabernaculis
3231 5398 3553 5454 habitasset.
3595 5413 3614 5447 ι

375 5487 586 5544 Ἰακώϐ.
617 5493 729 5547 Καὶ
763 5494 971 5548 τούτων
1012 5497 1196 5550 πίστιν
1219 5498 1513 5561 δείκνυσιν,
1543 5498 1626 5551 ὅτι
1660 5499 1753 5552 καὶ
1780 5499 1922 5552 αύτοῖ

2046 5499 2331 5570 Siquidem
2359 5495 2712 5553 tabernacula
2750 5494 2937 5563 ﬁgere,
3003 5490 3417 5562 peregrinorum
3448 5494 3535 5540 est
3565 5493 3620 5539 et

366 5582 796 5654 σογκληρονόμοι
846 5586 1019 5655 ὄντες,
1061 5588 1138 5653 ὠς
1192 5589 1332 5653 ξένοι
1357 5587 1537 5660 ᾠκουν
1567 5590 1647 5653 είς
1678 5590 1780 5661 τὴν
1830 5592 1922 5664 γῆι

2047 5592 2481 5662 alienigenarum
2512 5589 2567 5644 in
2597 5597 2767 5643 terra.
2800 5603 2818 5637 ι
2860 5584 2998 5641 Cum
3049 5582 3205 5638 Isaac
3260 5587 3316 5636 et
3358 5575 3554 5634 Jacob.
3596 5595 3617 5629 ι

362 5672 592 5747 εκείνην.
647 5677 757 5731 Καὶ
811 5681 840 5734 6
891 5681 990 5751 μὲν
1033 5680 1238 5750 Ἰσαὰκ,
1279 5681 1637 5753 ἐλαυνόμενος
1685 5683 1791 5738 ὑπὸ
1838 5683 1922 5739 τοῦ

2042 5684 2220 5740 Etiam
2282 5686 2478 5741 horum
2538 5680 2698 5738 ﬁdem
2759 5676 3017 5743 ostendit,
3092 5673 3244 5751 quod
3310 5687 3438 5729 cum
3518 5670 3621 5743 ipsi

428 5854 497 5887 "'
525 5854 660 5913 Luc.
691 5872 751 5927 tt,
780 5857 871 5914 26.
