3970 6628
310 378 418 444 407

1362 382 1763 446 (ECUMENII
1794 381 2088 444 TRICCIE
2127 383 2467 448 EPISCOPI

3461 382 3570 447 ως

258 528 269 565 ί
315 490 561 547 Ιιπξτειίθς
584 492 773 549 esse'nt
805 499 966 548 terra:
1001 493 1409 565 promissionis,
1443 506 1703 567 tanquam
1729 512 1884 566 pere—

2013 495 2254 565 ’1σμαὴλ,
2285 498 2313 550 δ
2340 497 2396 549 δὲ
2431 495 2623 551 Ἰακὼϐ
2650 498 3088 569 φυγαδευόμενος
3113 496 3222 554 ὑπὸ
3244 496 3341 553 τοῦ
3375 496 3571 552 Ἠσαῦ.

260 575 267 605 ⁵
316 585 460 654 grini
493 584 815 641 habitabant
845 584 900 640 in
939 586 1053 641 illa.
1085 585 1150 640 Et
1200 587 1353 642 lsaac
1387 588 1604 658 quidem
1643 587 1890 658 abjectus

318 679 388 730 ab
422 662 639 742 ismael,
700 674 872 733 Jacob
906 690 1088 733 autem
1125 676 1342 748 fugatus
1377 682 1445 734 ab
1492 679 1635 734 Esau
1666 697 1678 733 :
1716 695 1892 750 neque

316 776 504 824 tamen
557 770 630 824 ita
687 769 1075 841 desperarunt,
1126 771 1257 841 quin
1318 772 1542 826 daretur
1594 771 1703 826 illis
1746 781 1890 826 terra

319 860 468 917 illau
503 858 1085 933 Exspcctabatcnitna
1118 862 1177 915 Et
1207 879 1315 933 quo
1343 864 1527 928 modo,
1551 865 1748 935 inquit,
1783 883 1891 921 non

320 952 690 1007 reddebantur
726 954 778 1007 hi
813 953 916 1009 [ille
945 954 1357 1016 imbecilliores.
1390 970 1514 1009 cum
1562 961 1891 1024 promissam

320 1055 523 1099 terram
599 1055 857 1117 tanquam
928 1049 1161 1101 alienam
1253 1048 1687 1103 inhabitarent?
1756 1048 1895 1116 Quia

320 1137 523 1190 nullam
567 1150 723 1192 ιρι-πίε
769 1154 953 1193 curam
990 1139 1284 1206 habebant,
1318 1141 1412 1195 sed
1441 1157 1751 1211 quanquam
1784 1150 1897 1197 ter-

320 1245 440 1282 ram
484 1230 868 1297 promissionis
900 1233 1300 1302 suscepissent,
1327 1233 1533 1303 majora
1555 1234 1893 1303 quaarebant,

318 1332 371 1375 et
402 1324 682 1378 cmlestem
748 1325 1030 1379 cititatem
1082 1327 1497 1396 exspectabant.
1545 1326 1678 1381 Nam
1723 1329 1769 1383 si
1802 1343 1897 1384 cor

318 1424 478 1470 terrae
504 1414 718 1471 aliixnm
749 1416 1092 1482 habuissent,
1126 1419 1312 1487 utique
1357 1420 1617 1475 commoti
1664 1420 1897 1475 fuissent

319 1505 465 1575 quod
490 1523 608 1561 eam
640 1524 747 1561 non
798 1510 1132 1577 acciperent.
1187 1510 1278 1564 Sic
1306 1519 1359 1566 et
1394 1526 1517 1572 nos,
1554 1511 1751 1581 inquit,
1805 1528 1900 1567 sn-

1994 589 2128 643 Οὐδὲ
2153 588 2323 649 οὓτως
2345 590 2656 659 ἠπίστησαν
2685 591 2761 662 μὴ
2781 592 2965 656 αὐτοῖς
2980 591 3308 660 δοθήσεσθαι
3342 592 3445 661 τὴν
3463 590 3569 660 γῆν

1992 679 2227 749 ἐκείνην.
2266 697 2284 730 α
2334 680 2640 749 Ἐξεδὲχετο
2668 681 2797 752 γάρ.
2833 699 2853 733 ι
2897 683 3008 737 Kal.
3034 683 3172 753 ποίῳ
3192 682 3358 753 λόγῳ,
3383 681 3579 752 φησὶν,

1993 773 2092 825 οὐκ
2146 771 2455 845 ὴσθένησαν
2484 766 2631 827 οὗτοι
2685 777 2751 845 τῇ
2814 774 3015 839 πίστει,
3053 774 3129 838 ὡς
3168 775 3458 846 ἀλλοτρίαν
3494 775 3571 826 οί-

1994 865 2217 927 κοῦντες
2241 865 2340 936 τὴν
2371 867 2789 938 ἐπηγγελμένην
2819 869 2924 938 γῆν
2953 884 2969 932 ;
3012 869 3158 933 "Ott,
3202 869 3388 938 φησὶν,
3419 867 3571 920 οὐδὲν

1996 957 2311 1030 ἐφρόντιζον
2339 958 2464 1027 γῆς,
2491 960 2626 1013 ἀλλὰ
2667 962 2758 1013 καί
2791 978 2873 1014 τοι
2908 961 3013 1030 γῆν
3040 961 3378 1030 ἐπαγγελίας
3417 960 3578 1025 δεξά-

2000 1068 2172 1121 μενοι,
2198 1051 2266 1104 τὰ
2304 1051 2527 1121 μείζονα
2553 1051 2783 1122 ἐζήτουν
2821 1053 2919 1105 καὶ
2950 1053 3257 1122 ἐξεδέχοντο
3284 1052 3383 1124 τὴν
3405 1053 3573 1121 οὖρά-

1998 1161 2109 1198 νιον
2138 1145 2315 1198 πόλιν.
2358 1144 2419 1197 Εἰ
2467 1145 2576 1216 γὰρ
2600 1141 2741 1216 ἦσαν
2776 1148 3191 1217 προσηλωμένοι
3220 1150 3287 1217 τῇ
3320 1150 3415 1217 γῇ,
3441 1148 3573 1199 ἐσα-

1997 1235 2275 1307 λεύθησαν
2335 1235 2401 1290 ἂν
2457 1235 2534 1307 τῷ
2564 1239 2639 1306 μὴ
2673 1237 2861 1291 λαϐεῖν
2898 1240 3091 1308 αὐτήν.
3129 1238 3288 1291 Οὖτω
3340 1238 3423 1292 δεῖ
3482 1240 3575 1292 καὶ

1999 1329 2168 1399 ἡμᾶς,
2201 1328 2357 1399 φησὶ,
2386 1330 2452 1381 τὰ
2489 1329 2601 1383 ἄνω
2632 1328 2836 1399 ζητεῖν,
2874 1332 2966 1384 καὶ
3004 1331 3113 1382 τῶν
3152 1330 3387 1383 ἐνταῦθα
3417 1328 3574 1397 λόγον

2002 1420 2078 1490 μὴ
2110 1420 2273 1490 ἔχειν.
2313 1440 2331 1472 ι
2367 1420 2479 1492 Τὴν
2506 1421 2633 1484 τοὺς
2653 1421 2937 1490 θεμελίους
2992 1422 3222 1492 ἔχουσαν
3259 1422 3442 1475 πόλιν.
3475 1421 3578 1473 VH

1999 1510 2090 1564 διὰ
2140 1512 2200 1564 τὸ
2246 1510 2476 1581 μόνιμον
2526 1511 2622 1564 καὶ
2681 1512 2898 1582 βέϐαιον
2944 1511 3161 1582 ἐκείνης
3210 1511 3359 1589 λέγει
3405 1511 3579 1581 αὐτὴν

320 1612 488 1664 perna
523 1614 771 1668 qurerere
836 1608 1074 1669 oportet,
1108 1607 1162 1654 et
1226 1603 1575 1671 praesentium
1634 1604 1896 1658 rationem

2013 1601 2234 1672 ἔχουσαν
2275 1599 2582 1671 θεμελίους,
2641 1603 2674 1672 ἢ
2726 1604 2807 1655 ὅτι
2857 1603 3041 1673 ἐκείνη
3102 1604 3237 1674 μόνη
3293 1602 3582 1671 θεμελίους

322 1705 433 1743 non
464 1690 1036 1747 habereullabentem
1066 1692 1420 1749 fundamenta
1454 1694 1900 1750 civitateumAut

2013 1693 2135 1763 Eget.
2159 1693 2224 1745 Αί
2254 1693 2363 1763 γὰρ
2390 1692 2483 1747 ἐπὶ
2512 1693 2648 1762 γῆς,
2675 1692 2751 1757 ὡς
2784 1695 2863 1756 είς
2893 1694 3187 1763 σύγκρισιν
3214 1693 3451 1762 ἐκείνης,
3480 1691 3581 1745 οὐκ

320 1790 544 1851 propter
577 1782 753 1852 ipsius
780 1785 1137 1841 stabilitatem
1160 1802 1222 1841 ac
1257 1787 1569 1841 firmitatem
1610 1787 1742 1842 dicit
1776 1802 1897 1841 eam

2013 1777 2382 1854 Ξχουσιν.‹¹Ἠς
2412 1786 2664 1855 τεχνίτης
2683 1788 2778 1838 καὶ
2809 1785 3143 1856 δημιουργὸς
3177 1787 3205 1838 ὁ
3236 1785 3427 1848 Θεός.»
3467 1784 3583 1838 Μέ-

318 1846 523 1928 habere
559 1846 916 1931 ftindamenta
942 1895 957 1933 :
980 1889 1073 1932 aut
1097 1879 1247 1949 quod
1284 1880 1375 1933 illa
1413 1880 1530 1934 sola
1552 1878 1750 1934 habeat
1781 1877 1899 1934 fun-

2013 1894 2186 1948 γιστον
2216 1878 2313 1947 τῆς
2353 1879 2410 1930 ἐν
2438 1877 2654 1948 οὐρανῷ
2682 1877 2890 1941 πόλεως
2911 1877 2970 1931 τὸ
3008 1876 3310 1947 ἐγκώμιον.
3346 1894 3366 1929 ι
3393 1877 3587 1931 Πίστει

319 1964 611 2023 (lamenta:
646 1985 769 2023 nam
796 1982 1022 2026 terrena!
1050 1973 1302 2027 civitates
1333 1972 1397 2026 ad
1435 1972 1581 2027 illius
1610 1986 1899 2041 compara,-

2013 1971 2097 2026 καὶ
2122 1972 2260 2041 αὐτὴ
2281 1971 2485 2044 saepe.
2522 1990 2541 2023 ι
2577 1970 2962 2042 Ἐντρεπτικόν
3023 1975 3140 2025 ἔστι
3185 1970 3268 2036 τὸ,
3300 1970 3411 2023 Καὶ
3443 1969 3582 2040 αὐτὴ

322 2058 523 2113 tionem
549 2076 612 2116 ca
662 2076 771 2116 non
802 2058 1024 2118 habent.
1066 2083 1084 2116 ι
1124 2065 1294 2135 Cujus
1350 2062 1530 2135 opifex
1560 2071 1617 2121 et
1650 2066 1902 2120 conditor

2013 2064 2211 2136 Σάρῤα,
2234 2064 2364 2117 ὡσεὶ
2394 2062 2597 2130 ἔλεγεν·
2637 2065 2700 2117 Εἰ
2729 2064 2866 2133 γυνὴ
2897 2064 3239 2128 ἐπίστευσεν,
3266 2062 3500 2139 αἰσχύνη
3532 2064 3583 2114 εί

320 2163 405 2207 est
458 2152 621 2210 Deus.
665 2175 685 2210 ι
728 2155 1024 2212 Maximum
1078 2167 1162 2214 est
1218 2158 1320 2212 hoe
1373 2159 1614 2215 caelestis
1661 2158 1901 2214 civitatis

2013 2158 2097 2211 καὶ
2144 2139 2406 2225 γυναικὸς
2442 2155 2885 2227 ὀλιγοψυχότεροι
2941 2155 3276 2227 εὑρεθῶμεν.
3342 2154 3468 2217 Πῶς
3524 2153 3585 2207 δὲ

321 2246 657 2301 cncomium.
694 2266 713 2300 ι
743 2247 846 2303 Per
870 2250 1030 2303 iidem
1061 2258 1115 2304 et
1146 2249 1262 2320 ipsa
1322 2250 1478 2306 Sara.
1512 2270 1531 2303 ι
1588 2250 1904 2307 Exhortati-

323 2351 448 2389 wum
483 2344 568 2390 est
591 2338 735 2408 quod
762 2340 858 2405 ait,
898 2343 964 2398 Et
997 2341 1113 2411 ipSa
1167 2340 1324 2404 Sara,
1365 2351 1623 2410 tanquam
1654 2342 1898 2399 diceret:

322 2428 380 2481 Si
415 2429 613 2483 mulier
643 2432 895 2499 credidit,
920 2434 1235 2503 pudendum
1266 2435 1405 2490 foret
1434 2436 1481 2492 si
1516 2435 1905 2491 etiam‘tnulie-

320 2538 382 2574 re
429 2522 799 2581 invenirentur
839 2528 1010 2597 magis
1061 2528 1462 2596 pusillanimes.
1525 2526 1727 2584 Verum
1773 2542 1906 2599 quo-

321 2615 484 2669 modo
536 2619 807 2673 credidit?
858 2620 1024 2690 Atqui
1083 2622 1240 2677 risit:
1311 2638 1528 2676 verum
1553 2620 1897 2692 postmodum

319 2706 628 2775 obiurgata,
694 2711 888 2765 timore
924 2721 1171 2781 correpta
1212 2720 1320 2778 est,
1361 2712 1508 2782 quod
1567 2712 1693 2768 ﬁdei
1751 2718 1896 2768 erat.

324 2816 345 2848 ι
390 2798 470 2853 Ad
500 2801 917 2870 concipiendum
973 2817 1037 2857 ac
1094 2804 1442 2859 retinendum
1487 2819 1699 2859 semen.
1751 2822 1771 2856 ι
1808 2803 1902 2867 Εἰς

2002 2249 2289 2304 ἐπίστευσε
2315 2265 2332 2316 ;
2362 2247 2553 2302 Καίτοι
2574 2249 2855 2315 ἐγέλασεν.
2900 2248 3043 2301 Ἀλλ’
3069 2246 3298 2316 ὕστερον
3334 2245 3584 2316 ἐφοϐήθη

2002 2340 2344 2411 ἐλεγχθεῖσα,
2364 2342 2501 2412 ὅπερ
2527 2339 2765 2403 πίστεώς
2788 2342 2923 2394 ἐστι.
2952 2340 3075 2404 «Εἰς
3094 2339 3393 2408 καταϐολὴν
3412 2339 3587 2410 σπέρ-

2005 2452 2172 2507 ματος
2199 2434 2379 2488 ἔλαϐε.
2415 2451 2436 2485 ›
2477 2434 2572 2497 Εἰς
2603 2433 2868 2503 ὑποδοχὴν
2897 2433 3209 2504 σπέρματος
3229 2473 3244 2498 ,
3280 2433 3584 2498 τουτέστιν,

2000 2525 2387 2597 ἐνεδυναμώθη
2426 2526 2508 2589 εἰς
2558 2524 2621 2578 τὸ
2670 2524 3032 2590 ὑποδέξασθαι
3060 2525 3377 2579 παιδοποιὸν
3413 2524 3587 2597 σπέρ-

2003 2634 2102 2691 μα.
2144 2618 2286 2671 (Καὶ
2319 2617 2472 2686 παρά
2498 2618 2712 2687 ,καιρὸν
2732 2616 2947 2688 ἡλικίας
2975 2616 3183 2671 ἔτεκε.»
3219 2618 3314 2683 Τὸ,
3347 2618 3461 2678 καὶ.
3495 2617 3589 2670 ὲν·-

2001 2711 2179 2768 ταῦθα
2226 2710 2385 2766 τοῦτο
2420 2710 2669 2780 βούλεται
2717 2710 2777 2762 οὐ
2818 2711 2999 2779 μόνον,
3048 2713 3235 2779 φησιν,
3280 2712 3363 2763 ὅτι
3397 2711 3588 2780 στεῖρα

2000 2797 2092 2875 ἦν,
2125 2802 2264 2856 ἀλλὰ
2311 2802 2404 2855 καὶ
2457 2804 2608 2872 παρὰ
2642 2801 2836 2872 καιρὸν
2870 2800 3110 2871 ἡλικίας,
3171 2801 3477 2866 τουτέστιν,
3527 2801 3590 2855 ὲν

320 2891 591 2962 ὑποδοχὴν
644 2894 979 2964 σπέρματος,
1007 2895 1112 2951 hoc
1155 2906 1260 2961 est,
1319 2896 1643 2950 confirmata
1675 2894 1780 2949 fuit
1842 2902 1903 2948 ut

2013 2893 2156 2962 αὐτῷ
2206 2892 2286 2964 τῷ
2332 2894 2547 2965 ἐσχάτῳ
2580 2895 2729 2965 γήρᾳ
2762 2894 3150 2965 ἐνεδυναμώθη
3195 2895 3278 2958 είς
3317 2892 3590 2963 ὑποδοχὴν

321 2981 633 3053 susciperet
653 2986 1029 3054 generativum
1056 3002 1265 3043 semen.
1313 3005 1333 3040 ‹
1377 2986 1445 3041 Ει
1492 2996 1689 3058 praeter
1721 2985 1900 3041 aetatis

2013 2986 2369 3058 σπέρματος.‹
2392 2986 2544 3040 Ἐπεὶ
2566 2989 2755 3040 πιστὸν
2787 2988 3086 3057 ἡγήσατο.»
3129 2985 3351 3051 ιιιστὸν,
3384 2984 3586 3056 ἀληθῆ.

323 3075 596 3128 rationem
643 3076 877 3145 peperit.
922 3095 941 3129 ι
975 3077 1130 3143 Quod
1164 3078 1264 3143 ait,
1302 3076 1392 3143 Et,
1422 3086 1631 3132 tantum
1656 3076 1761 3134 sibi
1788 3076 1904 3132 vult

2013 3079 2113 3133 Ποῦ
2146 3080 2204 3133 δὲ
2251 3079 2644 3148 ὲπηγγείλατος
2684 3080 2838 3132 Κατὰ
2872 3079 2964 3132 τὸν
2994 3077 3185 3150 καιρὸν
3215 3078 3405 3133 τοῦτον
3436 3077 3591 3132 ὲλεύο

322 3163 427 3218 hoc
463 3166 583 3220 loco
615 3184 628 3220 :
657 3165 777 3222 Non
811 3168 1009 3231 solum,
1050 3168 1246 3239 inquit,
1288 3170 1494 3225 sterilis
1529 3177 1670 3234 erat,
1705 3180 1898 3223 verum

2023 3186 2214 3240 σομαι,
2252 3169 2405 3239 φησὶ,
2445 3171 2538 3223 καὶ
2571 3168 2726 3223 ἔσται
2776 3172 2842 3241 τῇ
2901 3171 3089 3241 Σάρρᾳ
3127 3169 3265 3233 υἱός.
3306 3187 3325 3221 ι
3375 3169 3466 3223 Διὸ
3496 3169 3591 3222 καὶ

321 3255 486 3311 etiam
512 3268 711 3329 praeter
741 3260 917 3315 aetatis
951 3262 1217 3316 rationem
1246 3261 1346 3317 iuit
1377 3279 1391 3316 :
1419 3261 1524 3316 hoc
1544 3269 1651 3326 est,
1682 3261 1738 3317 in
1778 3262 1898 3331 ipsa

2013 3262 2099 3332 ἀφ’
2123 3262 2298 3325 ἑνός.»
2332 3261 2534 3316 Τούτου
2564 3262 2750 3333 χάριν,
2769 3263 2954 3333 φησὶν,
2986 3263 3078 3332 ἀφ’
3100 3263 3216 3325 ἐνὸς
3241 3262 3583 3334 σπέρματος,

321 3357 569 3405 extrema
605 3360 906 3416 senectute,
940 3356 1082 3423 quod
1118 3353 1439 3408 conﬁrmata
1473 3355 1546 3410 sit
1580 3355 1646 3409 ad
1673 3356 1899 3411 seminis

2013 3356 2103 3408 καὶ
2124 3352 2297 3406 ταῦτα
2314 3352 2510 3422 νεκροῦ
2543 3351 2695 3417 ὄντος
2723 3353 2815 3406 διὰ
2860 3353 2951 3406 τὸν
2976 3352 3192 3422 χρόνον,
3219 3352 3591 3423 ἐγεννήθησαν

321 3446 755 3512 susceptionem.
807 3442 969 3517 407
1002 3465 1020 3497 ι
1063 3445 1218 3513 Quod
1258 3445 1473 3501 ﬁdelem
1520 3446 1820 3516 judicaret.
1874 3465 1895 3500 ι

2013 3445 2213 3509 πάντες
2264 3447 2314 3498 oi
2358 3444 2459 3498 τοῦ
2511 3444 2827 3515 σπέρματος
2894 3443 3187 3515 Ἀϐραὰμ,
3238 3444 3290 3497 oi
3338 3441 3481 3498 κατὰ
3520 3441 3594 3499 τὰ

320 3531 589 3598 Fidelem,
617 3535 668 3589 id
692 3543 798 3597 est.
830 3552 1098 3592 reracem.
1128 3537 1231 3593 l'bi
1264 3544 1448 3592 autem
1474 3538 1770 3608 promisit?
1802 3537 1904 3592 Se-

2013 3538 2191 3610 ἄστρα
2222 3537 2321 3591 καὶ
2344 3536 2442 3608 τὴν
2477 3536 2705 3608 ψάμμον
2732 3536 2810 3608 τῷ
2838 3537 3056 3608 πλήθει.

322 3628 564 3680 cundum
595 3628 698 3682 hoc
728 3636 965 3699 tempus,
1012 3630 1208 3700 inquit,
1253 3630 1487 3695 veniam,
1527 3641 1583 3685 et
1618 3631 1725 3686 erit
1750 3628 1901 3686 Sarae
1938 3628 2109 3687 ﬁlius.
2140 3648 2158 3682 ι
2192 3629 2535 3702 Quapropter
2565 3640 2619 3684 et
2645 3643 2714 3684 ex
2752 3644 2884 3684 uno.
2932 3646 2952 3680 ι
2989 3627 3290 3699 Propterea
3356 3627 3428 3682 ab
3480 3642 3593 3682 uno

323 3723 570 3787 sumine,
632 3739 807 3793 eoque
870 3734 1093 3795 propter
1140 3733 1353 3780 :etatem
1411 3725 1730 3796 elanguido,
1779 3726 1898 3783 nati
1935 3732 2064 3783 sunt
2092 3740 2285 3783 omnes
2303 3725 2400 3795 qui
2435 3731 2565 3780 sunt
2631 3723 2701 3780 de
2766 3726 2979 3780 semine
3018 3723 3318 3789 Abraham,
3358 3736 3594 3778 numero

323 3820 612 3885 aequantes
632 3824 780 3870 astra
809 3816 933 3870 coeli
972 3825 1021 3869 et
1043 3830 1264 3871 arenam
1292 3816 1484 3872 maris.

400 3906 500 3962 XI.
533 3907 602 3962 15
635 3907 722 3961 16.
749 3905 921 3961 Juxta
944 3910 1101 3978 [idem
1125 3913 1319 3965 mortui
1344 3920 1466 3964 sunt
1490 3911 1544 3964 hi
1570 3926 1770 3976 omnes,
1796 3925 1904 3967 non

324 4002 559 4071 acceptis
614 4003 1130 4071 repromissionibus,
1179 4005 1270 4058 sed
1302 4006 1430 4074 ipsis
1465 4003 1653 4074 procul
1686 4004 1810 4059 visis
1853 4011 1905 4058 et

326 4094 569 4159 creditis,
629 4113 746 4151 cum
783 4098 1014 4165 amplexi
1058 4098 1282 4169 fuissent
1313 4107 1363 4153 et
1386 4100 1610 4170 confessi
1629 4115 1684 4153 se
1724 4098 1907 4167 hospi-

329 4199 406 4245 tes
438 4200 595 4262 atque
620 4189 850 4245 advenas
874 4209 987 4247 esse
1015 4193 1254 4249 interra.
1283 4191 1428 4247 Nam
1459 4193 1569 4248 [nec
1584 4193 1673 4261 qui
1699 4190 1908 4259 dicunt,

327 4284 606 4338 declarant
640 4302 694 4338 se
719 4286 957 4348 patriam
998 4285 1283 4354 inquirere.
1335 4284 1400 4338 Et
1435 4286 1481 4339 si
1522 4285 1668 4340 illius
1703 4286 1911 4355 quidem

330 4393 588 4431 memores
637 4377 865 4444 fuissent
911 4376 1050 4430 unde
1090 4376 1302 4446 fuerant
1348 4376 1594 4445 profecti,
1647 4376 1911 4430 habebant

328 4471 511 4541 utique
542 4470 991 4541 opportunitatem
1021 4468 1334 4523 revertendi.
1386 4467 1545 4523 Nunc
1572 4478 1751 4523 autem
1800 4485 1909 4525 nte-

2074 3904 2239 3961 Κατὰ
2275 3903 2486 3957 πίστιν
2511 3901 2817 3958 ἀπέθανον
2865 3896 3033 3957 οὗτοι
3087 3901 3332 3968 πάντες,
3364 3900 3450 3972 μὴ
3484 3904 3589 3957 λα-

2010 4001 2217 4065 ϐόντες
2242 3997 2353 4064 ,τὰς
2387 3997 2769 4067 ἐπαγγελίας,
2830 3995 2993 4049 ἀλλὰ
3042 3996 3349 4063 πόρῤωθεν
3401 3996 3592 4061 αὐτὰς

2014 4092 2245 4156 ἰδόντες
2276 4090 2375 4145 καὶ
2428 4087 2871 4159 ἀσπασάμενοι,
2925 4086 3024 4141 καὶ
3077 4087 3588 4157 ὁμολογήσαντες,

2014 4184 2104 4240 ὅτι
2158 4184 2323 4249 ξένοι
2364 4183 2465 4240 καὶ
2518 4182 2923 4252 παρεπίδημοί
2956 4183 3115 4235 εἰσιν
3156 4182 3255 4235 ἐπὶ
3301 4180 3413 4250 τῆς
3452 4180 3591 4251 γῆς.

2017 4282 2082 4334 Oi
2111 4278 2223 4346 γὰρ
2261 4276 2507 4331 τοιαῦτα
2535 4275 2819 4346 λέγοντες
2876 4274 3305 4346 ἐμφανίζουσιν
3361 4276 3449 4329 ὅτι
3480 4290 3596 4329 πα-

2018 4369 2191 4440 τρίδα
2227 4367 2595 4437 ἐπιζητοῦσι.
2641 4368 2751 4423 Καὶ
2813 4369 2866 4421 εί
2897 4366 3017 4438 μὲν
3063 4368 3301 4435 ἐκείνης
3337 4366 3597 4435 ἐμνημό-

2018 4479 2203 4517 νευον
2220 4461 2319 4531 ἀφ’
2341 4456 2416 4531 ἧς
2453 4458 2740 4526 ἐξῆλθον,
2785 4455 2955 4535 εἶχον
2985 4458 3062 4513 ἂν
3087 4457 3297 4525 καιρὸν
3323 4454 3596 4524 ἀνακάμ-

329 4560 517 4619 liorem
546 4571 817 4633 expetunt,
858 4561 953 4616 hoc
994 4570 1093 4624 est,
1124 4560 1404 4616 caelestem.
1449 4560 1785 4631 Quapropter
1808 4578 1904 4617 non

2015 4558 2149 4625 ψαι.
2188 4555 2319 4610 Νῦν
2364 4552 2433 4609 δὲ
2492 4555 2829 4621 κρείττονος
2878 4551 3214 4621 ὀρέγονται,
3253 4550 3592 4613 τουτέστιν,

329 4656 586 4713 erubescit
635 4655 745 4723 ipse
785 4655 924 4709 Deus
972 4656 1152 4709 vocari
1197 4653 1338 4710 Deus
1388 4654 1628 4710 illorum.
1684 4652 1906 4708 Paravit

329 4748 470 4800 enim
493 4745 601 4799 illis
625 4745 912 4809 civitatein.

408 4929 526 4984 Duo
551 4929 652 4983 hoc
690 4931 809 4983 loco
839 4938 1159 4998 quaeruntur
1189 4946 1205 4982 :
1242 4926 1539 4997 quomodo,
1588 4942 1709 4981 cum
1740 4942 1909 4997 supe-

335 5024 452 5078 rius
477 5021 681 5078 dixerit
708 5021 854 5092 quod
890 5020 1172 5077 transtulit
1210 5019 1396 5075 Enoch
1435 5018 1576 5075 Deus
1604 5036 1674 5074 ne
1703 5018 1912 5079 videret

334 5124 594 5180 mortem,
655 5115 805 5169 dicat
848 5130 1016 5178 nunc,
1049 5111 1214 5168 Juxta
1247 5111 1408 5167 ﬁdem
1454 5112 1655 5166 inortui
1694 5122 1823 5165 sunt
1855 5111 1909 5166 hi

335 5224 528 5265 omnes
551 5209 575 5262 ?
595 5207 952 5276 Rursumque
976 5208 1130 5273 dicit,
1171 5205 1289 5261 Non
1324 5207 1565 5275 acceptis
1591 5206 1915 5276 promissio-

336 5303 503 5357 nibus
537 5302 729 5372 :atqui
753 5300 889 5355 dixit
911 5301 964 5355 in
990 5300 1390 5370 superioribus,
1423 5300 1568 5369 quod
1595 5301 1914 5369 acceperint

335 5394 623 5464 praemium
665 5393 811 5447 iidei.
877 5392 1159 5460 Siquidem
1210 5390 1323 5447 Noe
1370 5400 1625 5447 servatus
1669 5400 1756 5447 est
1786 5405 1912 5444 cum

334 5486 501 5540 domo
548 5498 671 5550 sua,
703 5492 759 5539 et
810 5482 997 5537 Enoeb
1032 5484 1337 5538 translatus
1392 5491 1477 5537 est
1515 5492 1568 5537 et
1606 5497 1714 5537 non
1774 5480 1911 5535 vidit

339 5587 592 5641 mortem,
627 5584 683 5631 et
709 5576 843 5630 Abel
878 5576 1058 5629 adhuc
1080 5576 1325 5644 loquitur
1347 5590 1442 5644 per
1472 5575 1701 5645 gloriam
1733 5590 1798 5629 ac
1827 5589 1918 5652 cc-

338 5666 546 5724 lebrem
610 5667 835 5733 famam,
877 5675 931 5723 et
959 5668 1238 5723 Abraham
1293 5668 1534 5738 suscepit
1582 5666 1913 5737 promissam

341 5771 569 5825 terram,
597 5768 656 5814 et
708 5759 877 5814 tilium
938 5759 1226 5830 progenuit
1259 5773 1324 5812 ex
1383 5756 1541 5811 Sara.
1576 5786 1648 5796 -—
1681 5754 1914 5810 Salutio.

341 5852 499 5922 Quod
546 5853 646 5919 ait,
679 5852 878 5910 Μοτιυί
916 5861 1046 5909 sunt
1105 5852 1163 5909 hi
1197 5868 1413 5919 omnes,
1466 5850 1652 5922 accipe
1688 5857 1919 5920 excepto

2016 4649 2408 4717 ἐπουρανίου.
2470 4646 2591 4709 Διὸ,
2634 4649 2745 4701 οὐκ
2804 4645 3233 4713 ἐπαισχύνεται
3287 4642 3511 4709 αὐτοὺς
3563 4646 3597 4698 ό

2020 4741 2187 4806 Θεὸς,
2234 4741 2378 4806 Θεὸς
2406 4737 2822 4793 ἐπικαλεῖσθαι
2866 4735 3085 4791 αὐτῶν.
3126 4735 3445 4805 ἪτοΙμασε
3486 4735 3598 4805 γὰρ

2017 4832 2224 4898 αὐτοῖς
2255 4832 2459 4888 πόλιν.

2089 4924 2194 4978 Δύο
2220 4922 2454 4978 ἐνταῦθα
2487 4922 2752 4992 ζητεῖται.
2779 4921 2926 4986 Πῶς,
2968 4918 3139 4973 εἰπὼν
3162 4918 3275 4974 ἅνω
3318 4918 3400 4973 ὅτι
3437 4917 3597 4988 μετε-

2021 5016 2156 5088 θηκε
2203 5015 2295 5071 τὸν
2342 5014 2514 5085 Ἑνὼχ
2544 5015 2572 5067 ὁ
2600 5014 2734 5077 Θεὺς
2762 5011 2858 5067 τοῦ
2905 5012 2980 5083 μὴ
3033 5012 3161 5065 ἰδεῖν
3206 5009 3459 5073 θάνατον,
3495 5009 3595 5064 νῦν

2020 5105 2164 5175 εἶπε,
2185 5110 2342 5162 Κατὰ
2361 5110 2542 5161 πίστιν
2569 5106 2842 5161 ἀπέθανον
2862 5100 3007 5159 οὗτοι
3037 5105 3238 5166 πάντες
3262 5119 3278 5168 ;
3304 5103 3412 5156 Καὶ
3433 5100 3600 5155 πάλιν

2023 5195 2166 5268 εἶπε,
2199 5200 2291 5270 Μὴ
2320 5198 2579 5262 λαϐόντες
2603 5197 2703 5260 τὰς
2746 5195 3079 5267 ἐπαγγελίας
3111 5235 3128 5261 ,
3181 5194 3359 5248 καίτοι
3425 5191 3597 5246 εἰπὼν

2020 5292 2278 5363 ἀνωτέρω
2328 5291 2619 5361 εἰληφότας
2680 5290 2877 5353 αὐτοὺς
2924 5290 3053 5351 τοὺς
3094 5289 3193 5359 τῆς
3236 5287 3475 5349 πίστεως
3504 5303 3596 5357 μι-

2021 5382 2202 5446 σθούς.
2244 5383 2304 5438 Ὀ
2339 5382 2438 5454 μὲν
2474 5382 2585 5453 γὰρ
2640 5380 2766 5437 Νῶε
2828 5378 3060 5451 διεσώθη
3115 5378 3255 5450 μετὰ
3294 5377 3388 5431 τοῦ
3441 5375 3595 5429 οἴκου

2018 5476 2207 5531 αὑτοῦ.
2244 5477 2353 5530 Καὶ
2381 5478 2411 5529 ὁ
2445 5475 2618 5548 Ἑνὼχ
2651 5474 2939 5546 μετετέθη,
2963 5474 3057 5527 καὶ
3080 5473 3181 5525 οὐκ
3209 5466 3317 5526 εῐδε
3344 5469 3597 5525 θάνατον.

2020 5571 2133 5625 Καὶ
2184 5570 2214 5623 ὁ
2267 5567 2436 5621 ’Λϐελ
2491 5566 2573 5621 ἔτι
2628 5567 2784 5623 λαλεῖ
2838 5566 2928 5620 διὰ
2978 5566 3080 5635 τῆς
3137 5563 3318 5633 δόξης.
3400 5562 3510 5615 Καὶ
3569 5562 3599 5617 ὁ

2034 5659 2290 5732 Ἀϐραὰμ
2316 5658 2612 5713 ἐπελάϐετό
2662 5674 2725 5711 τε
2773 5656 2875 5726 τῆς
2906 5655 3327 5727 ἐπηγγελμένης
3352 5652 3476 5723 γῆς,
3505 5651 3604 5706 καὶ

2022 5753 2439 5823 ἐπαιδοποίησεν
2496 5752 2561 5804 ὲκ
2607 5749 2709 5822 τῆς
2741 5750 2975 5822 Σάρρας.
3001 5779 3071 5793 ——
3103 5748 3315 5813 Λύσις.
3366 5739 3439 5798 Τὸ
3477 5744 3599 5814 μὲν,

2040 5847 2337 5904 Ἀπέθανον
2363 5835 2507 5900 οὗτοι
2545 5844 2767 5911 πάντες,
2808 5843 2979 5911 δέξαι,
3035 5838 3458 5912 ὑπεξῃρημένου
3500 5834 3597 5890 τοῦ
