3970 6570
148 404 229 467 lii‘l
1174 401 1563 464 COMMENT.
1598 400 1691 463 IN‘
1720 402 1961 466 EPIST.
2000 403 2102 465 AD
2139 404 2377 466 HEBR.

156 509 319 581 Ἑνώχ.
345 509 418 563 Τὸ
437 510 518 577 δὲ,
560 507 649 583 Μὴ
676 509 934 576 λαϐόντες
969 509 1070 577 τὰς
1125 509 1459 579 ἐπαγγελίας

144 606 334 660 πάντων
382 604 556 671 λέγει,
614 604 831 669 δεικνὺς
872 605 957 659 ὅτι
997 606 1111 669 τοῖς
1152 606 1281 676 περὶ
1309 607 1402 658 τὸν
1444 604 1697 677 Ἀϐραὰμ

143 697 221 748 καὶ
249 694 428 748 Ἰσαὰκ
457 694 552 748 καὶ
592 695 790 749 Ἰακὼὸ
818 696 878 749 οὐ
901 698 970 766 γῆ
990 692 1058 767 ἦν
1088 695 1478 766 ἐπηγγελμένη
1514 696 1693 767 μόνον,

143 789 271 850 ἀλλά,
291 788 373 841 διὰ
391 790 485 856 τῆς
511 788 714 858 ἀρετῆς
736 788 943 854 αὐτῶν,
966 792 1059 843 καὶ
1087 789 1157 843 τὰ
1181 791 1431 861 οὐράνια.
1448 791 1619 846 Τοῦτο
1642 792 1699 846 δὲ

143 884 217 932 καὶ
248 881 368 950 περὶ
403 880 510 932 τῶν
538 880 714 934 ἄλλων
750 884 882 937 νόει.
915 883 1051 936 Οὐδὲ
1085 883 1211 955 γὰρ,
1245 886 1432 953 φησὶν.
1464 886 1491 936 ὁ
1528 902 1700 954 μεγα-

143 974 345 1041 λίδωρος
374 975 507 1037 Θεὸς
533 973 823 1028 διελύσατο
843 976 907 1029 ἂν
932 975 1010 1046 τῷ
1037 977 1135 1046 μὲν
1160 976 1330 1030 Ἀὅελ
1355 980 1435 1042 είς
1457 978 1519 1031 τὸ
1541 977 1701 1042 δοξα·

148 1068 332 1133 σῦῆναι,
381 1067 460 1135 τῷ
520 1067 581 1120 δὲ
618 1068 796 1140 Ἑνὼχ
849 1072 929 1134 είς
982 1070 1044 1123 τὸ
1101 1071 1490 1141 μετατεθῆναι,
1522 1072 1602 1143 τῷ
1645 1072 1701 1125 δὲ

146 1159 245 1212 Νῶε
274 1162 350 1222 si;
386 1160 447 1212 τὸ
475 1162 737 1229 ἐκφυγεῖν
768 1165 858 1217 τὸν
900 1165 1218 1234 παραυτίκα
1251 1164 1502 1229 Θάνατον,
1531 1165 1608 1236 τῷ
1645 1163 1702 1219 δὲ

156 1250 380 1319 Ἀδραᾶμ
431 1252 512 1315 εἰς
559 1253 620 1304 τὸ
673 1255 1099 1324 παιὼποιῆσαι,
1140 1254 1174 1324 ἢ
1212 1255 1313 1324 τῆς
1355 1255 1457 1324 γῆς
1512 1255 1588 1318 ὡς
1644 1256 1703 1308 ὲν

149 1346 380 1416 παροικίᾳ
430 1346 813 1402 ἐπιλαϐέσθαι.
848 1348 1009 1402 Ἀλλὰ
1035 1349 1209 1404 ταῦτα
1244 1351 1339 1418 μὲν
1377 1352 1435 1403 ὲν
1461 1348 1705 1418 προσθή-

150 1454 230 1505 κης
258 1438 411 1506 μέρει
471 1439 658 1502 αὐτοῖς
711 1441 986 1512 ἐδωρήθη.
1023 1441 1217 1507 Γεῦσις
1263 1442 1320 1495 δέ
1369 1459 1454 1505 τις
1499 1438 1568 1514 ἦν
1593 1442 1705 1496 τῶν

151 1532 287 1592 ὅντως
320 1532 689 1599 ἐπαγγελιῶν.
747 1536 912 1604 Δηλοῖ
954 1535 1066 1605 γὰρ
1120 1537 1202 1590 ὅτι
1247 1538 1375 1606 περ)⁸
1423 1535 1705 1606 βασιλείας

152 1621 368 1692 οὐρανῶν
399 1626 956 1696 προμεμαθήκεισαν,
983 1627 1174 1691 εἰπὼν,
1207 1630 1504 1701 Πόρρωθεν
1533 1628 1705 1692 αὐτὰς

157 1712 324 1776 ἰδόντες
353 1716 454 1769 καὶ
497 1716 989 1788 ἁσπασάμενοι.-
1020 1738 1040 1771 ι
1082 1720 1245 1774 Ἀλλὰ
1282 1720 1569 1793 πόρρωθεν
1601 1720 1704 1773 αὐ-

154 1806 231 1868 τὰς
266 1805 489 1870 ἰδόντες.
543 1826 563 1859 ι
600 1807 780 1872 Οὕτω,
815 1811 1003 1881 φησὶν,
1034 1811 1224 1874 αὐταῖς
1250 1812 1539 1865 ἐπίστευον
1574 1812 1705 1882 1:69-

3264 403 3390 469 ιιοε

1486 550 1501 574 ,
1557 510 1687 581 περὶ
1712 511 1765 575 Α
1792 510 2002 569 Enoch.
2034 512 2205 570 Porro
2220 513 2370 585 quod
2395 512 2552 581 dicit,
2575 510 2964 586 Non'acceptis
2994 516 3403 587 promissioni-

1798 604 1923 665 bns.
1950 606 2016 661 de
2043 606 2302 663 omnibus
2334 606 2597 677 loquitur,
2618 607 2917 665 ostendens
2942 609 3090 679 quod
3124 608 3387 675 Abrahae.

1800 696 1956 753 Isaac
1981 698 2223 755 etJacob
2250 716 2359 756 non
2397 700 2514 756 sola
2541 709 2687 756 terra
2717 704 2992 772 promissa
3019 709 3159 769 erat,
3197 701 3292 757 sed
3314 703 3403 757 ob.

1802 789 2052 859 ipsorum
2078 793 2336 854 virtutem
2365 790 2833 851 etiam’cmlestia.
2863 793 2976 849 Hoc
3017 804 3201 849 autem
3237 801 3294 850 et
3318 796 3386 849 de

1802 883 2020 937 cmtcris
2058 883 2324 955 intellige.
2359 883 2546 955 Neque
2573 887 2716 943 enim
2754 886 2900 942 Dens
2932 888 3257 958 magnilicus
3297 904 3394 957 per

1803 972 1907 1027 boc
1946 974 2217 1029 satisfecit
2256 977 2410 1042 Abel,
2454 978 2656 1048 inquit,
2693 981 2838 1049 quod
2875 981 3179 1048 gloriosum
3216 981 3397 1035 reddi-

1804 1064 1991 1119 derit:
2026 1075 2120 1118 aut
2167 1065 2400 1132 Enocbi,
2455 1070 2602 1139 quod
2666 1072 3065 1127 transtulerit:
3115 1081 3209 1125 aut
3253 1072 3391 1138 Noe,

1805 1156 1951 1226 quod
2026 1159 2264 1213 subitam
2328 1169 2555 1215 mortem
2613 1161 2915 1231 eﬂ‘ngerit:
2972 1175 3062 1219 aut
3122 1165 3390 1229 Abrahae,

1806 1248 1949 1317 quod
1985 1250 2191 1319 prolem
2247 1252 2297 1305 ei
2370 1251 2606 1315 dederit,
2668 1261 2762 1306 aut
2828 1254 2972 1323 quod
3041 1254 3131 1309 ille
3192 1265 3411 1310 terram.

1809 1341 1864 1396 in
1905 1343 2399 1413 peregrinationem
2458 1346 2754 1414 acceperit.
2814 1346 2918 1400 Sed
2974 1345 3091 1400 bmc
3154 1362 3287 1401 sane
3340 1345 3395 1399 in

1808 1434 2033 1489 modum
2084 1436 2314 1490 auctarii
2368 1437 2503 1505 ipsis
2557 1437 2685 1492 data
2748 1446 2880 1493 sunt
2912 1456 2925 1492 :
2960 1446 3014 1491 et
3041 1448 3199 1492 erant
3224 1438 3413 1493 veluti.

1808 1537 2004 1598 gustus
2021 1527 2247 1611 quidam
2278 1544 2404 1585 vere
2434 1531 2854 1600 promissorum.
2898 1531 3225 1599 Signiﬁcant
3248 1532 3396 1586 enim

1808 1620 1957 1689 quod
1989 1621 2055 1676 de
2081 1636 2250 1690 regno
2275 1623 2541 1677 cmlorum
2580 1624 2734 1694 prius
2764 1624 2944 1678 edocti
2973 1625 3104 1683 sint.
3126 1640 3251 1679 cum
3275 1627 3354 1677 ait
3380 1643 3393 1679 :

1808 1711 1976 1785 ωε
2003 1714 2143 1783 Ipsis
2176 1714 2366 1782 procul
2391 1715 2527 1770 visis
2549 1731 2613 1771 ac
2637 1716 2915 1770 salutatis.
2969 1743 3040 1756 -—
3074 1733 3093 1768 ι
3129 1698 3402 1785 δὲόίρείιι

1812 1806 2004 1875 procul
2030 1805 2184 1861 visis.
2231 1825 2251 1858 ι
2295 1807 2468 1873 Adeo,
2521 1807 2723 1876 inquit,
2761 1807 2902 1877 ipsis
2943 1822 3038 1877 per
3073 1822 3225 1877 spem
3257 1806 3397 1861 emi-

156 1894 299 1966 ρωδίν
326 1897 395 1949 δι’
428 1898 668 1962 ἐλπίδος,
701 1901 786 1953 ὅτι
827 1876 931 1954 *καὶ
974 1902 1196 1973 ἔχαιρον
1225 1902 1315 1955 ἐπ’
1366 1902 1583 1965 αὐταῖς,
1613 1876 1710 1956 καὶ

1820 1912 1923 1953 nus
1954 1897 2092 1952 visis
2124 1898 2449 1964 credebant,
2481 1907 2539 1952 ut
2574 1899 2741 1951 etiam
2790 1876 3023 1968 propter
3061 1876 3155 1953 eas
3193 1897 3404 1968 gaude-

158 1990 408 2058 μονονουχὶ
447 1992 907 2063 περιπλεκόμενοι
939 1995 1377 2066 κατησπὰζοντο.
1419 1996 1517 2057 Τὸ.
1565 1996 1710 2067 Πόρ-

159 2077 303 2148 ρωθεν
334 2079 555 2145 ἰδόντες,
583 2083 717 2149 φασί
742 2099 912 2149 τινες,
942 2084 1026 2137 ὅτι
1062 2086 1316 2155 προείδον
1349 2087 1397 2139 οἱ
1433 2086 1575 2156 rip/pl
1618 2087 1712 2141 τὸν

168 2171 391 2242 ’Δδραὰμ
417 2172 515 2245 τήν
547 2173 607 2237 ἐξ
638 2175 917 2242 Αἰγύπτου
964 2176 1318 2249 ὑποστροφὴν
1343 2177 1436 2233 τοῦ
1464 2178 1715 2248 σπέρμα-

160 2279 230 2324 τος
255 2264 446 2317 αὐτῶν.
504 2266 646 2318 Ἀλλ’
679 2266 900 2322 ἄτοπον.
943 2270 1129 2339 Φαμὲν
1157 2269 1250 2335 δὲ,
1282 2269 1365 2324 ὅτι
1397 2271 1525 2342 περὶ
1560 2271 1715 2341 βασι-

162 2357 284 2419 λείας
331 2358 579 2428 οὐρανῶν
626 2355 769 2430 ἦσαν
818 2362 1339 2431 εὐαγγελισθέντες,
1393 2364 1490 2419 καὶ
1545 2364 1648 2419 ὃσα
1686 2366 1715 2418 ὁ

163 2450 365 2519 Χριστὸς
393 2453 677 2523 ἐκήρυξεν.
706 2456 765 2508 Εἰ
808 2456 919 2527 γὰρ
952 2456 1027 2528 μὴ
1050 2458 1223 2513 ταῦτα
1256 2459 1625 2530 ἠκηκόεισαν,
1659 2458 1713 2513 τί

165 2542 336 2610 δήποτε
383 2544 572 2609 ξένους
604 2548 836 2612 ἑαυτοὺς
874 2551 970 2603 καὶ
1000 2551 1416 2621 παρεπιδήμους
1446 2551 1715 2618 ὲκάλουν;

168 2638 225 2687 03
258 2639 360 2707 γὰρ
388 2639 646 2710 πατρίδος
678 2642 922 2710 ἐπιγείου
949 2643 1271 2715 ὀρεγόμενοι
1297 2644 1470 2698 ταῦτα
1506 2644 1715 2712 ἔλεγον,

168 2730 267 2782 ἐπεὶ
314 2731 399 2784 καὶ
439 2732 783 2804 ὑποστρέψαι
832 2735 1013 2799 αὐτοῖς
1066 2738 1147 2799 εὶς
1189 2736 1289 2808 τὴν
1321 2735 1530 2795 ἑαυτῶν
1562 2736 1717 2805 ὲξῆνς

170 2823 278 2876 ἀλλὰ
306 2825 394 2876 τὸν
419 2825 651 2894 οὐρανὸν
680 2827 934 2895 ἐζήτουν.
965 2829 1177 2892 ’Δλλως
1219 2846 1302 2893 τε,
1353 2831 1402 2883 εί
1443 2830 1519 2901 μὴ
1555 2830 1718 2883 τοῦτο

169 2912 240 2984 ἦν,
266 2917 599 2987 εὑρίσκονται
623 2922 650 2973 δ
669 2937 729 2974 τε
749 2919 917 2974 Ἅϐελ
945 2923 1039 2974 καὶ
1070 2920 1240 2991 Ἑνὼχ
1274 2922 1365 2974 καὶ
1393 2921 1541 2985 Νῶε,
1579 2921 1716 2992 μηδὲ

172 3009 429 3078 ἐσχηκότες
450 3010 603 3082 παρὰ
630 3010 769 3064 Θεοῦ
806 3012 1164 3081 ἐπαγγελίας.
1193 3011 1364 3066 Οὐδὲν
1393 3011 1503 3083 γὰρ
1533 3014 1719 3076 αὐτοῖς

174 3100 331 3167 γήϊνον
373 3102 765 3171 ἐπηγγείλατο.
824 3102 961 3156 Οὐδὲ
1022 3103 1131 3174 γὰρ
1178 3103 1302 3157 οὐτε
1358 3104 1421 3157 τὸ
1477 3103 1717 3175 σωθῆναι

1814 1999 1959 2053 rent,
2003 1999 2058 2045 et
2100 1990 2495 2061 propemodum
2548 1991 2941 2060 amplexantes,
2986 1990 3391 2045 avellebantur.

1816 2084 1975 2151 Quod
2016 2084 2114 2150 ait,
2146 2084 2348 2138 Procul
2382 2084 2539 2149 visis,
2594 2091 2855 2138 asserunt
2908 2083 3132 2153 quidam
3193 2082 3400 2137 dictum

1815 2195 1965 2248 esse,
1998 2183 2146 2249 quod
2180 2180 2545 2251 praevidercut
2587 2179 2864 2233 Abraham
2913 2186 2969 2233 et
3001 2178 3183 2233 caeteri
3220 2192 3409 2231 rever-

1817 2275 2030 2329 sionem
2067 2272 2301 2328 seminis
2354 2273 2599 2341 ipsorum
2650 2285 2717 2325 cx
2773 2268 3069 2340 .Egypto:
3130 2283 3318 2323 verum
3347 2267 3402 2322 id

1817 2366 2119 2421 absurdum
2151 2371 2259 2419 est.
2296 2363 2543 2418 Dicimus
2570 2373 2754 2417 autem
2805 2363 2952 2432 quod
2990 2362 3057 2416 de
3085 2375 3255 2428 regno
3284 2374 3403 2415 co:-

1818 2459 1994 2513 lorum
2066 2456 2199 2527 ipsis
2270 2455 2657 2510 annnntiatum
2715 2463 2875 2517 erat,
2935 2463 2990 2509 et
3056 2460 3407 2523 'qua'cunque

1818 2550 2167 2621 postmodum
2212 2548 2462 2604 Christus
2489 2548 2824 2618 praedicavit.
2869 2545 3003 2601 Nam
3032 2548 3076 2602 si
3118 2547 3230 2600 haec
3293 2562 3406 2600 non

1820 2644 2162 2698 audivissent
2186 2681 2199 2706 ,
2247 2656 2414 2711 quam
2451 2641 2522 2696 ob
2570 2655 2796 2695 causam
2829 2640 3042 2711 seipsos
3075 2640 3314 2693 advenas
3351 2644 3409 2693 et

1820 2736 2143 2808 peregrinos
2172 2734 2506 2789 vocassent?
2542 2749 2719 2804 neque
2750 2734 2897 2787 enim
2936 2732 3175 2803 patriam
3222 2739 3409 2787 terre-

1820 2846 1945 2885 nam
1971 2836 2290 2900 appetentes
2317 2829 2434 2883 haec
2465 2828 2742 2894 dicebant,
2778 2842 2904 2883 cum
2944 2827 3113 2881 etiam
3151 2826 3206 2879 in
3247 2838 3404 2880 suam

1819 2923 2022 2978 reverti
2056 2923 2190 2992 ipsis
2233 2921 2449 2987 liceret,
2483 2920 2578 2975 sed
2615 2922 2817 2976 ccelum
2858 2918 3202 2989 quaerebant.
3259 2915 3411 2970 Prae-

1822 3023 1970 3070 terea
2011 3028 2234 3084 quoque
2275 3012 2322 3067 si
2367 3013 2484 3067 haec
2523 3025 2634 3066 non
2680 3012 2923 3081 placent,
2968 3010 3329 3064 inveniuntur
3355 3016 3411 3063 et

1821 3108 1958 3163 Abel
2005 3120 2060 3163 et
2093 3106 2282 3161 Enocb
2336 3122 2399 3160 ac
2427 3105 2541 3160 Noe
2607 3120 2636 3159 a
2675 3105 2784 3160 Deo
2814 3120 2924 3159 non
2964 3104 3252 3174 accepisse
3278 3118 3409 3174 pro-

174 3191 218 3241 ἐν
239 3193 524 3265 ἐπαγγελίᾳ
560 3195 777 3265 εἰρήκει
797 3195 875 3265 τῷ
906 3195 1085 3250 Nam
1113 3197 1223 3249 Kal.
1251 3196 1698 3265 ἀσπασάμενοι.»

1825 3202 2140 3257 missiones.
2170 3197 2315 3253 Nihil
2342 3200 2485 3254 enim
2537 3210 2818 3254 terrenum
2855 3197 2991 3268 ipsis
3044 3196 3402 3266 promiserat.

176 3284 479 3348 Πεισθέντες.
516 3302 538 3338 ι
572 3285 957 3357 Παρεπίδημοί
981 3289 1119 3340 εἰσιν
1150 3289 1242 3340 ἐπὶ
1269 3286 1371 3357 τῆς
1417 3287 1540 3357 γῆς.
1595 3304 1614 3339 ι
1639 3286 1713 3339 Οὐ

1825 3294 2105 3366 Siquidem
2155 3309 2437 3364 nunquam
2499 3292 2716 3347 dixerat
2771 3293 2825 3345 in
2892 3290 3263 3362 promissione
3293 3286 3411 3343 Noe

175 3380 252 3448 τῆς
272 3380 677 3451 ἐπηγγελμένης
702 3382 786 3451 (οὐ
816 3381 925 3451 γὰρ
950 3382 1093 3450 μέγα
1116 3381 1319 3448 τοῦτο),
1352 3380 1489 3434 ἀλλὰ
1514 3381 1719 3445 παντὸς

177 3470 251 3523 τοῦ
273 3471 486 3542 κόσμου.
525 3491 547 3525 ι
591 3473 1011 3544 Ἐμφανίζουσι.
1059 3491 1078 3525 ι
1121 3473 1490 3528 Δεικνύουσιν.
1527 3491 1548 3526 ι
1594 3473 1719 3527 Ὅτι

178 3565 377 3635 πατρίδα
412 3566 760 3635 ἐπιζητοῦσι.
812 3586 832 3620 ι
880 3568 991 3637 Τὴν
1054 3569 1112 3619 ἐν
1174 3565 1393 3638 οὐρανῷ
1450 3567 1716 3637 δηλονότι.

184 3672 200 3707 ι
234 3656 326 3710 Καὶ
359 3659 405 3712 εί
444 3660 546 3729 μὲν
589 3658 828 3731 ἐκείνης.
863 3678 884 3712 ι
920 3659 1048 3714 Ὀτι
1079 3660 1189 3730 γὰρ
1237 3659 1336 3730 τὴν
1391 3660 1451 3713 ἐν
1503 3658 1721 3730 οὐρανῷ

182 3749 388 3820 ἐζήτουν,
415 3753 569 3806 ἔνθεν
596 3753 778 3823 δῆλον.
807 3754 869 3806 Εἰ
905 3754 1003 3824 μὲν
1033 3753 1144 3825 γὰρ
1174 3753 1275 3822 τὴν
1316 3752 1454 3806 ἰδίαν
1487 3754 1720 3823 ἐζήτουν

184 3841 228 3907 ἐξ
265 3840 322 3917 ἧς
343 3843 594 3911 ἐξέϐαλεν
622 3845 821 3909 αὐτοὺς
867 3847 896 3898 ὁ
936 3845 1091 3910 Θεὸς,
1132 3844 1322 3916 ίσχυον
1352 3844 1717 3915 ὑποστρέψαι.

183 3929 310 4003 Εἶχον
332 3940 434 4008 γὰρ
489 3938 629 4010 πρὸς
677 3939 837 3992 τοῦτο
893 3939 1086 4010 καιρὸν
1137 3938 1227 3992 ἵνα
1258 3940 1337 4002 εἰς
1379 3939 1479 4007 τὴν
1512 3937 1719 3991 ἑαυτῶν

183 4027 493 4085 ὲπανέλϋωσι.
547 4031 666 4086 Νῦν
719 4032 779 4085 δὲ
837 4031 916 4103 τῷ
965 4032 1204 4104 πατρίδα
1259 4032 1358 4103 μὲν
1404 4030 1610 4101 ζητεῖν,
1645 4032 1719 4100 μὴ

183 4119 502 4194 ὑποστρέφειν
534 4124 594 4177 δὲ
623 4124 683 4190 ἐξ
709 4120 781 4196 ἧς
819 4124 1066 4194 ἐξῆλθον,
1093 4124 1253 4195 δῆλον
1287 4125 1369 4178 ὅτι
1403 4123 1720 4193 κρείττονος

184 4215 254 4263 καὶ
275 4216 514 4285 οὐρανίου
542 4215 895 4287 ἐπιθυμοῦσι.
930 4235 950 4268 ι
988 4216 1081 4269 Διὸ
1124 4216 1227 4269 οὐκ
1272 4212 1715 4283 ἐπαισχύνεται.»

186 4302 355 4379 Ὥσπερ
387 4309 496 4381 γὰρ
533 4310 782 4364 καλεῖται
833 4310 967 4374 Θεὸς
1012 4308 1106 4364 τοῦ
1151 4310 1383 4380 κόσμου,
1413 4306 1722 4373 οὓτως-καὶ

191 4396 407 4470 Ἀϐραὰμ
427 4401 523 4454 καὶ
550 4402 740 4454 Ἰσαὰκ
761 4401 856 4455 καὶ
885 4400 1103 4465 Ἰακὼϐ,
1125 4399 1496 4472 ἀντιρρόπους
1523 4398 1723 4461 αὐτοὺς

180 4491 252 4559 τῆς
276 4494 497 4559 κτίσεως
529 4492 870 4564 πεποιηκώς.
907 4494 1181 4563 Μέγιστον
1202 4493 1261 4547 δὲ
1287 4491 1444 4547 τοῦτο
1479 4490 1717 4560 ἀξίωμα,

1821 3387 1968 3459 quod
2016 3393 2353 3443 servaretur.
2395 3404 2414 3437 ι
2446 3385 2585 3439 Cum
2626 3383 2866 3453 amplexi
2918 3381 3174 3436 fuissent.
3216 3401 3234 3433 ι
3291 3378 3408 3434 Hoc

1822 3487 1931 3546 est,
1991 3479 2357 3535 credidissent
2432 3493 2496 3533 ac
2556 3477 2808 3548 persuasi
2880 3482 3085 3531 essent.
3163 3492 3181 3525 ι
3233 3472 3416 3528 Adve—

1822 3588 1922 3630 nas
1983 3587 2108 3628 esse
2172 3572 2228 3627 in
2301 3580 2469 3626 terra.
2507 3569 2671 3624 tNon
2708 3584 2830 3639 qua:
2890 3568 3161 3639 promissa
3242 3575 3412 3620 erat:

1823 3674 1949 3719 nam
2006 3662 2112 3717 hoc
2175 3662 2313 3716 nihil
2373 3676 2631 3732 magnum
2703 3659 2930 3724 luisset;
2998 3654 3128 3714 sed'
3172 3657 3226 3711 in
3301 3665 3416 3711 toto

1824 3757 2049 3812 mundo.
2118 3775 2137 3810 ι
2172 3742 2482 3810 Declarant.
2517 3773 2536 3807 ι
2576 3752 2947 3809 Manifestant.
2997 3770 3018 3804 ι
3070 3748 3141 3807 Se
3183 3750 3416 3823 patriam

1824 3850 2126 3920 inquirere.
2169 3867 2188 3901 ι
2225 3847 2358 3915 Quae
2412 3848 2468 3902 in
2535 3847 2693 3901 caelis
2726 3854 2811 3902 est
2871 3846 3142 3909 videlicet.
3189 3864 3208 3896 ι
3246 3844 3309 3897 Et
3368 3843 3416 3899 si

1823 3941 1973 3997 illius
2031 3941 2273 4012 quidem.
2314 3959 2332 3993 ι
2392 3938 2526 3993 Nam
2579 3937 2725 4008 quod
2773 3936 3052 3992 caelestem
3109 3941 3418 4004 quaererent

1825 4031 1953 4086 hinc
1990 4030 2339 4085 manifestum
2393 4038 2496 4085 est.
2527 4029 2582 4084 Si
2608 4029 2752 4083 enim
2811 4027 3085 4097 propriam
3127 4025 3417 4096 quaesivis-

1824 4132 1949 4181 sent
2005 4138 2072 4178 ex
2122 4137 2229 4192 qua
2280 4122 2517 4193 eiecerat
2538 4136 2634 4175 eos
2665 4120 2831 4185 Deus,
2861 4125 3121 4195 poterant.
3165 4114 3413 4181 reverti;

1824 4215 2098 4272 habebant
2129 4230 2366 4287 namque
2412 4214 2479 4270 ad
2528 4215 2635 4270 hoc
2687 4214 3152 4285 opportunitatem
3218 4217 3277 4265 ut
3344 4210 3411 4265 ad

1824 4322 1982 4364 suam
2022 4316 2448 4363 reverterentur.
2479 4306 2636 4362 Nunc
2669 4315 3019 4372 autem,cum
3054 4303 3286 4375 patriam
3324 4300 3415 4357 in-

1825 4400 2076 4471 quirant,
2108 4414 2210 4454 nec
2240 4399 2308 4453 ad
2348 4412 2471 4454 eam
2503 4397 2713 4453 reversi
2748 4397 2858 4453 sint
2891 4412 2957 4452 ex
2990 4412 3097 4471 qua
3138 4395 3413 4458 exierant,

1826 4491 2177 4547 manifestum
2202 4500 2283 4546 est
2313 4490 2459 4561 quod
2483 4490 2763 4545 meliorem
2787 4506 2851 4545 ac
2886 4470 3167 4544 cmlestem
3201 4500 3410 4541 concu-

186 4583 231 4637 τὸ
269 4588 601 4652 καταξιῶσαι
641 4588 734 4641 τὸν
773 4588 906 4641 Θεὸν
939 4587 1318 4642 ἐπικαλεῖσθαι
1357 4586 1536 4641 αὐτῶν
1563 4584 1713 4639 Θεόν.

1830 4587 2069 4657 piscant.
2106 4604 2127 4638 ι
2168 4584 2515 4656 Quapmpter
2559 4600 2671 4638 non
2726 4581 3031 4638 erubescit.
3069 4600 3088 4633 ι
3139 4577 3418 4647 Quemad-

182 4677 357 4752 Ὠσπερ
376 4682 487 4752 γὰρ
513 4679 1067 4751 ὲγκαλλωπιζόμενον
1091 4682 1121 4735 ὁ
1150 4680 1287 4744 Θεὸς
1311 4682 1425 4743 τοῖς
1449 4678 1723 4749 πατριάρ-

180 4784 291 4835 χαις,
314 4771 482 4835 οὕτως
513 4772 765 4825 καλεῖται
804 4770 938 4835 Θεὸς
977 4770 1231 4842 Ἀϐραὰμ
1274 4770 1371 4825 καὶ
1410 4770 1596 4823 Ἰσαὰκ
1625 4766 1722 4822 καὶ

188 4858 371 4916 Ἰακώσ.
406 4883 426 4916 ι
461 4864 760 4934 Ἢτοίμασε
797 4863 908 4935 γὰρ
930 4864 1115 4927 αὐτοῖς
1140 4863 1317 4919 πόλιν.
1363 4882 1382 4914 ι
1417 4863 1532 4916 Οὐκ
1563 4862 1720 4915 ἐπαι-

181 4950 395 5020 σχύνεται
419 4955 621 5020 αὐτοὺς
658 4956 693 5008 ὁ
734 4956 869 5020 Θεὸς
924 4958 1003 5020 είς
1057 4956 1119 5008 τὸ
1154 4955 1288 5019 Θεὸς
1329 4954 1720 5009 ἐπικαλεῖσθαι

180 5042 341 5098 αὐτῶν.
375 5047 484 5100 Καὶ
535 5046 734 5110 οὕτως,
793 5049 959 5117 φησὶν
987 5087 1001 5111 ,
1042 5048 1143 5100 οὐκ
1196 5047 1607 5117 ἐπαισχύνεται,
1638 5047 1721 5100 ὅτι

181 5134 253 5186 καὶ
276 5137 329 5189 τὸ
366 5139 580 5209 θέλημα
610 5140 791 5193 αὐτῶν
844 5140 1151 5210 ἐπλήρωσε.
1202 5139 1364 5193 Πόλιν
1412 5136 1721 5206 ἐπεθύμουν

182 5224 225 5275 ὲν
245 5229 460 5301 οὐρανῷ,
494 5232 589 5285 καὶ
619 5233 919 5302 ἡτοίμασεν
950 5234 1134 5296 αὐτοῖς
1162 5234 1221 5288 ὲν
1252 5233 1404 5306 αὐτῷ
1431 5231 1610 5286 πόλιν.

1833 4678 2057 4732 modum
2114 4677 2259 4732 enim
2313 4685 2546 4730 vocatur
2597 4672 2742 4729 Deus
2795 4671 3009 4736 mundi,
3069 4669 3144 4723 ita
3184 4677 3238 4723 et
3268 4666 3416 4722 Deus

1828 4768 2106 4825 Abraham
2138 4776 2193 4824 et
2222 4769 2376 4823 Isaae
2406 4774 2461 4822 et
2514 4764 2705 4832 Jacob,
2772 4763 3005 4833 aequalis
3052 4759 3313 4830 ponderis
3347 4772 3412 4813 ac

1831 4862 2050 4917 roboris
2081 4877 2179 4918 eos
2213 4876 2338 4916 cum
2375 4868 2489 4917 tota
2518 4860 2729 4929 reliqua
2762 4865 3017 4912 creatura
3061 4854 3324 4910 emciens.
3354 4850 3415 4907 ld

1831 4961 2014 5009 autem
2048 4955 2172 5009 loco
2199 4954 2454 5008 maxima:
2484 4952 2773 5024 dignitatis
2802 4958 2908 5013 est,
2940 4949 3087 5020 quod
3119 4948 3247 5003 velit
3270 4946 3415 5001 Deus

1829 5046 2092 5118 appellari
2132 5046 2276 5101 Deus
2317 5026 2587 5116 ipsorum.
2637 5044 2921 5114 Siquidem
2968 5057 3033 5097 ac
3067 5041 3113 5097 si
3146 5038 3416 5109 glorietur

1830 5139 2048 5196 Deusin
2085 5138 2439 5209 patriarchis,
2465 5138 2540 5191 ita
2582 5144 2814 5193 vocatur
2868 5135 3014 5191 Deus
3051 5132 3328 5188 Abraham
3359 5138 3415 5185 et

1827 5231 1980 5289 Isaac
2005 5238 2059 5288 et
2084 5229 2272 5293 Jacob.
2310 5249 2330 5283 ι
2366 5231 2749 5287 Paravitenim
2770 5230 2877 5285 illis
2904 5229 3199 5283 civitatem.
3247 5245 3265 5277 ι
3296 5224 3414 5277 Non

181 5319 346 5383 p'tdellt
369 5322 506 5379 Deus
566 5336 791 5397 propter
822 5328 993 5398 ipsos,
1045 5329 1187 5400 quod
1218 5336 1445 5385 vocetur
1471 5342 1664 5383 eorum
1704 5324 1849 5382 Deus
1884 5343 1898 5381 :
1933 5334 1987 5381 et
2016 5325 2153 5381 adeo
2178 5341 2285 5380 non
2320 5323 2546 5396 pudellt,
2566 5323 2762 5394 inquit,
2806 5330 2863 5377 ut
2893 5322 3056 5379 etiam
3081 5319 3414 5373 voluntatem

184 5421 334 5464 eorum
384 5415 703 5486 impleverit.
747 5419 1034 5474 Civitatem
1076 5422 1370 5489 cupiebant
1433 5420 1486 5474 in
1523 5418 1681 5481 cutio,
1717 5424 1778 5472 et
1841 5419 2054 5489 paravit
2074 5418 2154 5473 eis
2187 5418 2379 5487 inipso
2406 5416 2708 5472 civitatem.

234 5506 415 5562 Πίστει
468 5511 929 5583 προσενήνοχεν
982 5513 1250 5584 -Ἃϐραὰμ
1297 5513 1409 5567 τόν
1466 5510 1672 5567 Ἰσαὰκ
1700 5550 1716 5576 ι

185 5599 555 5670 πειραζόμενος
580 5644 594 5666 .
643 5606 743 5658 καὶ
776 5606 883 5659 τὸν
917 5606 1218 5675 μονογενῆ
1266 5604 1644 5674 προσέφερεν·
1684 5606 1718 5658 ὁ

189 5688 270 5751 τὰς
290 5691 636 5763 ἐπαγγελίας
662 5697 1130 5769 ἀναδεξάμενος.
1164 5699 1315 5768 πρὸς
1347 5699 1420 5753 ὃν
1448 5696 1719 5765 ἐλαλὴοη

191 5773 362 5835 ὅτιέν
390 5788 593 5845 Ἰσαὰκ
631 5791 1004 5859 κληθήσεται
1052 5807 1151 5847 σοι
1181 5792 1451 5861 σπέρμα,
1482 5790 1723 5860 λογισά-

195 5882 371 5942 μενος,
408 5879 494 5935 ὅτι
536 5884 630 5938 καὶ
665 5883 734 5937 ἐκ
789 5882 1019 5953 νεκρῶν
1078 5884 1329 5955 ἐγείρειν
1373 5882 1633 5949 δυνατὸς
1690 5886 1721 5937 o‘

1910 5510 2005 5576 XI,
2035 5511 2223 5566 l7-2‘2.
2265 5511 2369 5566 Per
2398 5512 2555 5582 [idem
2591 5509 2779 5563 obtulit
2810 5504 3075 5562 Abraham
3107 5501 3265 5556 Isaac
3294 5515 3414 5552 cum

1829 5613 2142 5667 tentaretur.
2181 5616 2228 5659 et
2283 5604 2613 5676 unigenitum
2648 5600 2837 5654 obtulit
2868 5600 2921 5651 in
2961 5612 3061 5668 quo
3097 5592 3412 5665 promissio-

1831 5712 1919 5749 nrs
1959 5703 2250 5763 acceperat,
2303 5693 2471 5766 509
2506 5694 2575 5746 ad
2629 5706 2781 5761 quem
2830 5690 3028 5742 dictum
3078 5687 3301 5756 fuerat:
3350 5681 3412 5738 lu

1832 5788 1991 5842 Isaac
2026 5780 2303 5843 vocabitur
2326 5789 2422 5842 tibi
2455 5802 2653 5850 senten,
2687 5800 2807 5838 cum
2833 5782 2968 5837 illud
2992 5796 3168 5835 secum
3193 5794 3415 5849 perpen-

1834 5882 2021 5949 disset,
2064 5880 2232 5936 Deum
2255 5880 2331 5935 rel
2359 5898 2389 5935 α
2422 5877 2645 5933 mortuis
2682 5876 2918 5931 excitare
2948 5891 3118 5945 posse,
3160 5873 3294 5929 unde
3326 5875 3410 5945 ip-
