3970 6560
501 390 598 456 ιιι

1552 392 1947 454 (ECUMENII
1986 393 2030 452 Τ
2039 393 2277 453 ΒΙΟΕΕ
2316 395 2656 455 EPISCOPI

3644 394 3751 461 ΗΞ

504 509 795 564 tumeliam
825 524 916 577 per
947 509 1260 580 parabola’m
1298 509 1509 578 recepit.
1570 508 1670 563 Per
1699 511 1857 579 ﬁdem
1891 508 1955 563 de
1994 509 2081 579 fu-

2203 512 2348 576 Βεός.
2391 512 2572 565 Ὅθεν
2605 512 2792 566 αὐτὸν
2829 510 2927 564 καί
2969 512 3038 565 ἐν
3071 509 3384 581 παραϐολῇ
3420 510 3759 579 ἐκομίσατο.

505 604 638 656 turis
671 600 831 657 Isaac
861 601 1120 656 benedixit
1155 601 1322 657 Jacob
1345 612 1392 657 et
1418 601 1582 656 Esau.
1610 600 1710 655 Per
1739 603 1896 670 ﬁdem
1912 600 2080 654 Iacob

506 699 738 752 moriens
773 699 998 767 singulis
1030 698 1158 768 ﬁliis
1183 697 1382 766 Ioseph
1415 697 1704 761 benedixit,
1754 708 1803 752 et
1841 698 2084 751 adoravit

506 791 778 860 fastigium
814 793 972 860 virga:
1002 791 1169 844 illius.
1203 790 1310 844 Per
1348 789 1505 859 [idem
1535 787 1731 860 Ioseph
1760 791 1986 845 moriens
2022 791 2085 844 de

505 883 801 949 egressione
837 882 1070 952 ﬁliorum
1101 880 1268 936 Israel
1291 883 1550 947 meminit,
1571 890 1620 936 et
1649 884 1712 936 de
1745 881 1950 936 ossibus
1973 883 2084 936 suis

508 974 804 1027 mandavit.

587 1171 605 1202 ‹
628 1151 730 1204 Per
763 1151 922 1206 Iidem
966 1151 1162 1205 obtulit
1217 1149 1491 1204 Abraham
1531 1149 1702 1204 Isaac.
1730 1168 1748 1200 ι
1809 1148 1983 1216 Quam
2011 1149 2077 1204 il-

511 1243 672 1296 dem?
704 1242 858 1308 Quod
908 1245 1070 1297 etiam
1103 1259 1133 1296 a
1157 1244 1386 1298 mortuis
1421 1241 1560 1297 Deus
1591 1243 1828 1298 excitare
1875 1249 2081 1312 posset.

437 1399 444 1410 ,
517 1334 693 1390 «Cum
751 1334 1119 1390 tentareturli
1180 1335 1450 1390 Tentabat
1511 1345 1690 1389 autem
1726 1357 1737 1392 :
1773 1352 1880 1391 non
1938 1334 2088 1405 quod

431 1413 434 1416 ’
513 1443 652 1496 opus
707 1437 854 1482 esset
907 1429 1010 1498 ipsi
1055 1429 1268 1483 discere
1317 1444 1439 1499 quas
1477 1429 1530 1483 in
1557 1429 1830 1482 Abraham
1859 1437 2086 1483 essent:

514 1519 791 1586 quomodo
845 1520 989 1573 enim
1052 1521 1155 1575 hoc
1204 1529 1371 1586 esset,
1428 1537 1556 1574 cum
1617 1521 1935 1590 singillatim
1976 1520 2091 1590 ipse

515 1618 794 1663 scrutetur
853 1610 1016 1664 corda
1073 1619 1261 1666 nostra
1282 1612 1371 1665 Ml‘?
1401 1611 1508 1666 Sed
1548 1619 1607 1664 ut
1635 1611 1766 1666 illud
1811 1612 1971 1666 nobis
2009 1612 2091 1664 fa-

515 1711 663 1756 ceret
702 1704 1076 1758 manit'estum.
1115 1723 1133 1755 ι
1162 1704 1226 1758 Et
1250 1705 1614 1774 unigenitum.
1644 1723 1661 1755 ι
1695 1702 1773 1758 Ne
1797 1705 1922 1772 quis
1943 1705 2091 1757 enim

520 1793 667 1847 dicat
703 1795 844 1862 quod
891 1795 1054 1848 alium
1083 1796 1262 1850 adhuc
1302 1796 1538 1850 habebat
1567 1795 1759 1861 tilium,
1787 1803 1840 1849 et
1863 1810 2094 1864 sperans

2189 605 2398 657 Πίστει
2447 603 2579 672 περὶ
2617 604 2975 670 μελλόντων
3030 605 3370 672 εὐλόγησεν
3411 600 3616 656 Ἰσαὰκ
3659 604 3763 656 τὸν

2203 693 2414 750 Ἰακὼϐ
2441 696 2538 748 καί
2574 695 2681 748 τὸν
2733 695 2947 749 Ἠσαῦ.
3001 696 3206 749 Πίστει
3253 692 3464 748 Ἰακὼϐ
3500 694 3732 760 ἀποθνή

2190 801 2376 849 σκων,
2399 787 2662 840 ἕκαστον
2703 785 2823 839 τῶν
2854 785 3002 840 υἱῶν
3055 785 3268 854 Ἰωσὴφ
3306 787 3626 853 study-nae,
3669 787 3763 838 καί

2192 878 2658 945 προσεκύνησεν
2690 876 2792 929 ἐπὶ
2830 875 2898 930 τὸ
2947 877 3136 944 ἄκρον
3159 875 3270 944 τῆς
3297 875 3525 942 ῥάϐδου
3557 875 3761 928 αὐτοῦ.

2192 970 2400 1023 Πίστει
2445 967 2666 1038 Ἰωσὴφ
2700 967 3017 1029 τελευτῶν,
3043 966 3176 1036 περὶ
3216 965 3331 1033 τῆς
3390 965 3607 1030 ἐξόδου
3651 965 3766 1018 τῶν

2195 1060 2424 1116 ὀστέων
2454 1061 2641 1115 αὑτοῦ
2686 1061 3049 1114 ἐνετείλατο.

2274 1172 2292 1205 ι
2334 1153 2521 1206 Πίστει
2554 1153 2947 1225 προσενήνοχεν
3004 1151 3257 1222 Ἀϐραὰμ
3313 1149 3409 1203 τὸν
3472 1148 3684 1204 Ἰσαάκ.
3747 1167 3765 1202 ι

2196 1245 2335 1316 Ποία
2365 1246 2581 1313 πίστει;
2631 1247 2712 1298 ὅτι
2765 1246 2861 1299 καὶ
2897 1246 2959 1297 ἐκ
3002 1243 3214 1310 νεκρῶν
3237 1243 3473 1313 ἐγείρειν
3495 1242 3716 1296 δύναται
3745 1245 3770 1296 ὁ

2197 1337 2351 1401 Θεὸς.
2398 1356 2417 1389 ι
2471 1337 2895 1408 Πειραξόμενον.
2940 1353 2958 1388 ι
3006 1335 3295 1405 Ἐπείραζε
3337 1335 3414 1400 δὲ,
3463 1336 3561 1388 οὐκ
3614 1336 3771 1399 αὐτὸς

2197 1428 2450 1497 δεόμενον
2485 1429 2678 1499 μαθεῖν
2726 1429 2797 1481 τὰ
2834 1427 2977 1482 κατὰ
3001 1427 3092 1480 τὸν
3134 1425 3386 1498 ’Δσραὰμ
3409 1425 3550 1492 (πῶς
3600 1427 3706 1494 γὰρ
3733 1428 3760 1478 ὁ

2199 1521 2436 1592 ἐρευνῶν
2484 1520 2800 1592 καταμόνας
2830 1520 2934 1583 τὰς
2973 1519 3202 1589 καρδίας
3243 1518 3404 1589 ἡμῶν
3428 1517 3490 1586 ;),
3547 1517 3664 1569 ἀλλ’
3693 1519 3772 1569 ἱνα

2200 1614 2332 1684 ἡμῖν
2383 1614 2544 1666 αὑτὸν
2601 1613 2807 1683 ποιήσῃ
2841 1611 3168 1682 κατάδηλον.
3222 1629 3240 1662 ι
3276 1610 3387 1663 Καὶ
3425 1609 3518 1662 τὸν
3556 1625 3772 1678 μονογε-

2203 1707 2292 1775 νῆ.
2338 1723 2357 1756 ι
2393 1707 2513 1759 Ἵνα
2538 1705 2646 1776 γὰρ
2677 1707 2750 1775 μή
2795 1721 2879 1768 τις
2921 1706 3051 1774 εἴπῃ
3083 1705 3164 1756 ὅτι
3202 1698 3344 1772 εἶχεν
3369 1702 3447 1754 ἔτι
3478 1701 3664 1764 παῖδα,
3687 1701 3772 1754 καὶ

2200 1798 2267 1851 δι’
2326 1797 2490 1851 αὑτοῦ
2542 1797 2643 1869 τὴν
2684 1797 3016 1865 ἐπαγγελίαν
3067 1795 3398 1866 ἐκϐήσεσθαι
3445 1793 3773 1864 προσδοκῶν,

519 1885 667 1954 quod
721 1901 818 1953 per
867 1887 1018 1939 illum
1098 1889 1393 1956 promissio
1473 1889 1764 1944 sortiretur
1819 1887 2090 1951 eﬂ'ectum,

2203 1891 2496 1962 προθύμως
2534 1891 2625 1944 τὸν
2661 1889 2846 1944 Ἰσαὰκ
2899 1889 3261 1960 προσέφερεν,
3292 1888 3378 1950 οὐ,
3419 1887 3575 1956 φησι,
3615 1902 3765 1954 μονο-

518 1987 741 2046 prepter
766 1977 914 2032 Isaac
943 1979 1159 2034 obtulit.
1187 1979 1328 2041 Non,
1357 1982 1557 2050 inquit,
1599 1980 1911 2051 unigenitus
1955 1986 2094 2035 erat.

529 2066 856 2138 Unigenitus
900 2080 1080 2126 autem
1133 2073 1312 2141 quoad
1345 2073 1728 2141 promissionis
1766 2087 2096 2138 sermonem,

521 2161 969 2229 quandoquidem
1029 2164 1266 2217 habebat
1318 2165 1486 2217 etiam
1521 2165 1736 2219 lsmael.
1779 2183 1796 2214 ι
1827 2165 1904 2218 Ad
1936 2180 2096 2234 quem

519 2253 726 2306 dictum
762 2254 960 2307 fuerat.
993 2272 1010 2305 ι
1053 2254 1239 2323 Itaque
1273 2264 1536 2324 quantum
1576 2257 1640 2309 ad
1674 2255 1724 2309 id
1748 2257 1891 2324 quod
1926 2272 2096 2326 appa-

519 2352 624 2407 ret,
651 2346 848 2414 inquit,
885 2345 1050 2398 etiam
1090 2349 1367 2400 contraria
1395 2347 1591 2416 jubere
1627 2349 1918 2402 videbatur
1956 2350 2098 2405 Deus

521 2436 608 2491 his
639 2452 758 2504 quae
780 2439 1145 2506 promiserat:
1174 2454 1273 2492 nec
1293 2449 1472 2493 tamen
1508 2447 1796 2508 propterea
1820 2438 2096 2493 Abraham

521 2528 760 2595 perdidit
815 2528 996 2581 tidem.
1029 2529 1316 2594 Quomodo
1345 2531 1656 2596 namquein
1697 2529 1851 2584 ls:iac
1899 2545 2100 2584 vocan-

520 2617 650 2671 dum
697 2628 812 2671 erat
863 2620 963 2687 ipsi
1030 2636 1238 2683 semen,
1299 2636 1420 2672 cum
1466 2621 1754 2688 iuberetur
1814 2621 2100 2678 immolare

520 2708 718 2763 Isaac?
757 2709 862 2764 Sed
892 2720 1073 2764 tamen
1121 2727 1187 2764 ne
1219 2712 1290 2764 ita
1324 2713 1542 2780 quidem
1580 2713 1872 2767 haesitavit.
1910 2732 1927 2763 ι
1961 2713 2097 2768 Cum

519 2800 655 2854 illud
703 2816 890 2855 secum
945 2803 1578 2872 perpendisset,Deum
1635 2806 1720 2859 vel
1781 2821 1809 2858 a
1865 2806 2100 2861 mortuis

519 2893 760 2948 excitare
790 2909 1000 2958 posse.)
1028 2893 1187 2949 Vides
1209 2896 1355 2964 quod
1374 2911 1469 2966 per
1494 2897 1653 2951 {idem
1685 2898 1868 2952 omnia
1897 2899 2102 2954 laceret

519 2984 837 3039 Abraham?
878 2984 1148 3040 Credebat
1191 2989 1335 3061 enim
1372 2989 1516 3058 quod
1557 2991 1732 3057 ipsum
1767 2992 2095 3060 quoqueju-

521 3079 765 3146 gulatum
799 3088 983 3148 posset
1014 3079 1156 3133 Deus
1187 3081 1511 3134 SllSCllﬂl‘CJ
1540 3078 1693 3135 Unde
1720 3082 1896 3149 ipsum
1931 3083 2097 3136 etiam

520 3184 622 3237 per
686 3171 1001 3238 parabolam
1057 3173 1284 3240 recepit.
1320 3191 1340 3223 ι
1373 3171 1436 3225 Ει
1481 3174 1657 3240 ipsum
1725 3172 2004 3228 Abraham
2039 3182 2092 3227 et

526 3262 704 3328 ipsum
764 3258 939 3315 lsaac.
996 3261 1128 3314 Nam
1191 3262 1293 3315 hoc
1330 3262 1382 3314 in
1421 3270 1656 3331 utroilue
1692 3263 1874 3318 locum
1909 3266 2094 3318 habet.

523 3351 591 3402 Et
631 3351 754 3404 vide
817 3354 962 3419 quod
991 3351 1088 3416 ait,
1123 3351 1224 3404 Per
1261 3353 1596 3420 parabolam.
1635 3355 1912 3408 Abraham
1940 3365 2098 3426 typus

521 3451 641 3496 erat
700 3441 794 3496 Dei
843 3444 1114 3508 etPatris,
1142 3442 1295 3498 Isaac
1337 3461 1467 3500 vero
1497 3446 1614 3500 Filii
1652 3446 1764 3500 Dei.
1811 3447 2096 3516 Siquidem

522 3537 649 3603 quia
677 3551 932 3604 maguum
965 3536 1223 3604 quiddam
1257 3545 1377 3590 erat
1415 3536 1575 3592 nobis
1629 3538 1771 3593 Deus
1816 3541 2098 3608 praestitu-

521 3646 641 3693 rus.
703 3646 898 3702 nempe
966 3633 1392 3687 immolationem
1421 3631 1544 3687 Filii
1592 3635 1700 3699 sui,
1754 3651 1878 3690 cum
1952 3644 2100 3690 esset

521 3725 874 3778 vehementer
923 3725 1216 3789 humanus,
1254 3741 1320 3779 ne
1349 3727 1464 3780 sola
1515 3727 1690 3795 gratia
1746 3743 1848 3781 nos
1883 3729 2099 3784 salvare

521 3816 815 3880 videretur,
848 3815 1112 3871 fecitcsse
1130 3817 1373 3871 debitum
1401 3827 1459 3870 ut
1482 3818 1796 3873 traderetur
1820 3821 2095 3875 Christus:

521 3906 763 3960 debitum
788 3918 966 3961 autem
992 3910 1094 3962 hoc
1127 3909 1288 3963 modo
1315 3927 1326 3962 :
1369 3909 1864 3977 Quemadmodum,
1899 3911 2096 3981 inquit,

519 3996 796 4051 Abraham
831 3999 1095 4052 sustinuit
1131 4007 1189 4052 ut
1219 4002 1554 4068 unigenitum
1583 4017 1742 4055 suum
1782 4003 1834 4055 iu
1869 4012 2098 4056 mortem

519 4091 759 4145 traderet
795 4105 1015 4161 prepter
1054 4107 1161 4159 me,
1196 4095 1271 4147 ita
1295 4101 1350 4147 et
1383 4109 1487 4162 ego
1541 4095 1714 4148 debeo
1744 4092 2095 4162 Unigenitum

522 4181 740 4236 tradere
767 4183 820 4236 in
844 4180 1082 4238 'mortem
1147 4199 1245 4253 pro
1292 4184 1628 4239 hominibus.
1665 4183 1967 4240 Possumus
2015 4194 2099 4239 ta-

523 4289 648 4328 men
706 4276 850 4344 quod
879 4275 977 4340 ait,
1014 4276 1118 4328 l’er
1171 4275 1510 4343 parabolam,
1565 4277 1670 4329 hoc
1726 4277 1889 4330 etiam
1935 4275 2099 4331 modo

521 4365 866 4434 intelligere,
947 4375 1198 4434 aptantes
1247 4364 1378 4417 illud
1440 4366 1507 4419 ad
1561 4382 1858 4434 personam
1898 4367 2094 4423 Isaac:

521 4456 746 4525 Recepit
792 4455 958 4526 410
1015 4456 1164 4510 Isaac
1195 4463 1249 4510 et
1273 4455 1402 4509 fecit
1445 4472 1570 4510 eum
1604 4474 1726 4512 esse
1755 4459 2093 4528 parabolam,

2201 1984 2362 2054 γενὴς
2407 1979 2498 2053 ἦν’
2537 1983 2833 2054 μονογενὴς
2878 1983 2958 2048 δὲ,
2991 1983 3114 2034 ὅσον
3171 1982 3251 2043 εἰς
3277 1980 3371 2032 τὸν
3400 1979 3500 2047 τῆς
3541 1979 3776 2044 ἐπαγγε-

2199 2077 2319 2140 λίας
2349 2077 2529 2146 λόγον,
2565 2076 2691 2128 ἐπεὶ⁹
2736 2071 2850 2146 εἶχε
2899 2075 2995 2127 καὶ
3049 2074 3141 2126 τὸν
3182 2071 3430 2143 Ἰσμαήλ.
3480 2089 3498 2122 ι
3544 2069 3687 2139 Πρὸς
3721 2068 3776 2121 ὃν

2201 2168 2457 2240 ἐλαλήθη.
2517 2187 2536 2220 ι
2578 2169 2763 2233 Ὥστε,
2801 2169 2988 2237 φησὶν,
3029 2167 3106 2230 ὡς
3149 2165 3288 2236 πρὸς
3325 2164 3388 2216 τὸ
3455 2163 3778 2232 φαινόμενον

2201 2263 2294 2315 καὶ
2336 2262 2556 2315 ἐναντία
2619 2262 2766 2314 δοκεῖ
2816 2259 3136 2313 ἐπιτάσσειν
3169 2258 3196 2309 ὁ
3239 2255 3371 2318 Θεὸς
3409 2248 3483 2308 ὧν
3524 2253 3778 2323 ἐπηγγεί-

2201 2353 2350 2408 λατο,
2386 2355 2495 2406 Καὶ
2535 2353 2686 2422 ὅμως
2711 2353 2810 2405 οὐκ
2845 2351 3148 2421 ἠπίστησεν
3213 2349 3485 2419 Ἀϐραάμ.
3513 2347 3642 2404 Πῶς
3677 2345 3776 2415 γὰρ

2203 2449 2258 2500 ἐν
2283 2444 2471 2499 Ἰσαὰκ
2507 2444 2842 2516 κληθήσεται
2891 2442 3042 2511 αὑτῷ
3072 2442 3320 2513 σπέρμα,
3347 2442 3437 2493 τὸν
3465 2430 3659 2492 Ἰσαὰκ
3694 2455 3776 2490 κε-

2201 2537 2492 2600 λεύσαντος
2525 2536 2765 2604 σφάξαις
2799 2535 2914 2588 ἀλλ’
2943 2537 3092 2606 ὅμως
3127 2534 3247 2587 οὐδὲ
3279 2532 3452 2594 οὕτως
3480 2531 3772 2584 ἐδίστασεν.

2207 2648 2227 2681 ι
2268 2630 2642 2698 Λογισάμενος
2673 2630 2755 2681 ὅτι
2817 2630 2911 2682 καὶ
2944 2629 3004 2680 ἐκ
3036 2626 3244 2696 νεκρῶν
3295 2625 3516 2694 ἐγείρει.
3561 2639 3581 2674 ι
3627 2620 3777 2691 Ὁρᾷς

2202 2722 2281 2774 ὅτι
2333 2720 2513 2773 πίστει
2553 2721 2730 2774 πάντα
2758 2719 3025 2790 ἔπραττεν
3064 2719 3093 2770 ὁ
3142 2715 3435 2786 Ἀϐραάμ;
3480 2714 3762 2766 ἐπίστευσε

2202 2813 2310 2881 γὰρ
2349 2813 2430 2865 ὃτι
2468 2815 2563 2866 καὶ
2594 2814 2874 2880 σφαγέντα
2927 2810 3150 2862 δύναται
3189 2809 3354 2861 αὐτὸν
3406 2807 3713 2875 ἀναστῆσαι
3751 2803 3778 2855 6

2202 2906 2353 2969 Θεὸς,
2388 2925 2406 2958 ι
2450 2907 2615 2958 Ὅθεν
2653 2907 2815 2958 αὐτὸν
2847 2907 2940 2957 καὶ
2974 2905 3033 2957 ἐν
3071 2902 3351 2973 παραϐολῇ
3407 2900 3720 2968 ἐκομίσατο.
3755 2914 3772 2949 ι

2204 2996 2312 3047 Καὶ
2353 2995 2445 3047 τὸν
2473 2995 2723 3067 Ἀϐραὰμ
2755 2994 2965 3050 καὶτὸν
2993 2995 3200 3048 Ἰσαάκ.
3236 2990 3497 3061 Ἀρμόζει
3551 2989 3655 3058 γὰρ
3695 2986 3778 3040 ἐπὶ

2201 3087 2308 3138 τῶν
2337 3086 2448 3140 δύο.
2491 3089 2631 3158 Ὅρα
2661 3088 2717 3140 δὲ
2747 3088 2936 3151 τδ,Ἐν
2969 3084 3270 3158 παραϐολῇ.
3311 3084 3367 3134 ’0
3409 3081 3664 3151 Ἀϐραὰμ
3695 3077 3781 3130 τὺ-

2204 3199 2301 3244 στος
2343 3177 2410 3250 ἧν
2446 3179 2537 3232 τοῦ
2579 3178 2712 3232 Θεοῦ
2759 3181 2852 3231 καὶ
2877 3177 3110 3248 Πατρδς,
3141 3179 3170 3229 ὁ
3194 3176 3251 3227 δὲ
3292 3174 3499 3239 Ἰσαὰκ,
3531 3171 3626 3226 τοῦ
3654 3169 3774 3224 Υίοῦ

2199 3274 2293 3326 τοῦ
2324 3271 2482 3324 Θεοῦ.
2524 3257 2742 3341 Ἐπειδὴ
2768 3270 2878 3340 γὰρ
2913 3270 3054 3340 μέγα
3084 3285 3137 3320 τι
3171 3267 3395 3338 ἔμελλεν
3419 3268 3446 3318 ὁ
3490 3266 3621 3326 Θεὸς
3653 3265 3774 3332 ἡμῖν

2202 3367 2484 3438 παρέχειν,
2529 3367 2627 3434 τὴν
2677 3367 2893 3431 σφαγὴν
2926 3361 3019 3415 τοῦ
3052 3359 3183 3413 Υἱοῦ
3215 3359 3399 3422 αὐτοῦ,
3435 3357 3640 3425 σφόδρα
3665 3353 3774 3422 φιλ-

2201 3458 2496 3528 άνθρωπος
2533 3454 2632 3518 ὣν,
2687 3455 2774 3507 ἵνα
2838 3454 2912 3525 μὴ
2975 3453 3100 3523 δόξῃ
3159 3452 3308 3522 ἡμᾶς
3347 3451 3535 3519 χάριτι
3594 3444 3773 3508 σώζειν

2206 3552 2364 3622 μόνῃ,
2394 3549 2651 3617 ἐποίησεν
2673 3546 2892 3616 ὀφειλὴν
2907 3545 3000 3598 τοῦ
3034 3543 3366 3616 παραδοῦναι
3398 3542 3491 3593 τὸν
3531 3537 3772 3608 Χριστόν.

2214 3642 2463 3712 Ὀφειλὴν
2485 3641 2540 3694 δὲ
2579 3639 2751 3703 οὕτως
2772 3656 2785 3669 ·
2823 3641 3053 3708 Ὠσπερ,
3081 3638 3266 3706 φησὶν,
3307 3637 3334 3687 ὁ
3381 3632 3634 3702 Ἀϐρααμ
3659 3629 3775 3699 ἠνέ-

2205 3752 2368 3806 σχετο
2401 3733 2734 3805 παραδοῦναι
2783 3731 2850 3784 δι’
2899 3730 2999 3797 ἐμὲ
3053 3729 3144 3782 τὸν
3193 3727 3457 3797 μονογενῆ
3497 3723 3662 3777 αὑτοῦ
3702 3722 3774 3783 εἰς

2203 3824 2456 3888 θάνατον,
2483 3820 2657 3883 οὕτως
2688 3823 2785 3874 καὶ
2830 3818 2964 3886 ἐγὼ,
3011 3819 3196 3888 φησὶν,
3228 3817 3429 3885 ὀφείλω
3463 3834 3569 3884 μου
3605 3831 3774 3884 παρα-

2202 3915 2385 3969 δοῦναι
2415 3914 2507 3967 τὸν
2542 3913 2822 3982 Μονογενῆ
2886 3915 2966 3974 είς
3015 3911 3241 3965 θάνατον
3275 3909 3414 3978 ὑπὲρ
3441 3907 3549 3959 τῶν
3577 3904 3775 3975 ἀνθρώ-

2203 4025 2340 4062 πων.
2379 4008 2452 4060 Τὸ
2474 4007 2530 4059 δὲ
2570 4008 2659 4060 Ἐν
2689 4006 2994 4076 παραϐολῇ,
3038 4004 3316 4074 δυνάμεθα
3339 4004 3436 4056 καὶ
3461 4002 3636 4062 οὕτως
3658 3998 3774 4067 νοῆ-

2205 4118 2316 4165 σαι,
2353 4101 2683 4170 ἁρμόζοντες
2716 4099 2868 4163 αὐτὸ,
2907 4101 2986 4161 είς
3018 4099 3077 4151 τὸ
3120 4097 3212 4151 τοῦ
3251 4095 3434 4149 Ἰσαὰκ
3467 4095 3770 4165 πρόσωπονο

2215 4191 2540 4261 Ἐκομίσατο
2568 4191 2657 4243 τὸν
2697 4191 2904 4255 Ἰσαὰκ,
2959 4191 3055 4243 καὶ
3084 4191 3339 4256 ἐποίησεν
3370 4187 3539 4240 αὐτὸν
3579 4188 3635 4238 ἐν
3679 4201 3772 4235 πα-

2209 4284 2410 4355 ραϐολῇ
2454 4286 2548 4338 καὶ
2601 4287 2660 4337 ἐν
2712 4283 2870 4354 τύπῳ
2906 4285 3001 4337 καὶ
3051 4284 3109 4334 ἐν
3145 4280 3507 4348 ὑποδείγματι
3538 4277 3629 4330 τοῦ
3654 4278 3776 4346 Χρι-

2205 4377 2352 4438 στοῦ,
2406 4376 2490 4429 ἵνα
2526 4375 2712 4444 ὥσπερ
2778 4378 2806 4429 ὁ
2852 4374 3036 4428 Ἰσαὰκ
3083 4373 3294 4441 ἐσφάγη
3339 4374 3462 4424 ὅσον
3507 4373 3643 4439 πρὸς
3685 4367 3774 4438 τὴν

2204 4467 2521 4539 προαίρεσιν
2553 4465 2646 4520 τοῦ
2683 4466 2956 4538 Ἀϐραὰμ,
2979 4463 3123 4517 οὕτω
3149 4465 3243 4516 καὶ
3273 4465 3299 4515 ὁ
3317 4461 3552 4530 Χριστος
3579 4460 3771 4527 σφαγῇ,

521 4554 708 4615 typum
762 4554 816 4599 et
864 4545 1176 4613 exemplum
1243 4543 1470 4609 Christi,
1529 4555 1589 4600 ut
1635 4548 2092 4614 quemadmodum

2203 4561 2344 4613 κατᾶ
2377 4560 2634 4630 ἀλήθειαν
2673 4559 2750 4612 δέ.
2782 4559 2854 4611 Ἦ
2893 4563 2989 4615 καὶ
3033 4555 3206 4616 οὕτως
3237 4553 3299 4608 τὸ
3344 4555 3434 4606 Ἐν
3473 4551 3770 4622 παραϐολῇ,

520 4637 675 4692 Isaae
722 4638 1007 4709 jugulatus
1057 4645 1181 4703 est,
1242 4647 1508 4707 quantum
1561 4649 1642 4692 est
1674 4654 1774 4693 -ει
1847 4651 2096 4712 prompta

519 4731 752 4784 Abralne
815 4731 1117 4794 voluntate,
1146 4730 1216 4785 ita
1249 4730 1592 4785 etChrislus
1635 4732 1968 4797 trucidetur,
1999 4735 2097 4790 sed

518 4823 626 4876 hoc
666 4823 969 4877 secundum
1011 4823 1296 4876 veritatem
1339 4824 1538 4894 ipsam.
1597 4823 1707 4878 Aut
1740 4825 1842 4879 hoc
1871 4842 2094 4896 quoque

520 4919 681 4971 modo
743 4917 1002 4985 intelligo,
1055 4913 1157 4970 Per
1215 4917 1571 4983 parabolam:
1609 4917 1854 4987 Recepit,
1899 4920 2096 4989 inquit,

520 5009 670 5063 Isaac
696 5025 792 5079 per
826 5011 1162 5078 parabolam,
1202 5012 1306 5064 hoc
1335 5018 1440 5075 est,
1474 5011 1593 5066 loco
1613 5011 1731 5079 ejus
1762 5011 1903 5080 quod
1930 5012 2099 5066 colla—

522 5113 635 5157 tum
669 5113 751 5156 est
780 5113 832 5156 et
863 5118 960 5171 pro
982 5117 1046 5157 eo
1067 5113 1372 5157 ostensum.
1399 5102 1647 5158 Ostendit
1668 5107 1816 5157 enim
1842 5105 2095 5171 arietem,

520 5202 665 5250 eteo
711 5211 807 5264 pro
847 5194 960 5249 lilio
1013 5195 1142 5250 dato
1187 5195 1397 5265 recepit
1451 5193 1626 5251 Isaac.
1685 5196 1856 5251 Porro
1920 5196 2096 5266 prima

523 5288 900 5357 interpretatio
948 5303 1068 5342 meo
1105 5287 1316 5356 judicio
1365 5289 1534 5343 multo
1594 5289 1790 5343 melior
1843 5296 1946 5343 est.
1973 5288 2094 5342 Alio

519 5379 692 5433 modo.
740 5379 892 5446 Quod
942 5382 1037 5446 ait,
1077 5399 1094 5432 ι
1126 5379 1275 5435 Unde
1312 5382 1489 5450 ipsum
1530 5381 1694 5436 etiam
1723 5397 1820 5450 per
1857 5383 2095 5449 parabo;

520 5473 628 5526 lam
667 5475 892 5542 recepit,
916 5492 934 5525 ι
1007 5483 1185 5544 potest
1218 5474 1529 5539 hocetiam
1593 5475 1755 5528 modo
1816 5474 2046 5543 intelligi
2079 5492 2092 5526 :

523 5563 678 5621 Unde
707 5568 871 5618 etiam
926 5565 1196 5621 Abraham
1229 5568 1438 5638 recepit
1477 5568 1624 5622 Isaac
1651 5583 1747 5637 per
1780 5567 2092 5635 parabolam

520 5656 636 5712 sive
683 5671 806 5711 cum
859 5659 1140 5727 parabola.
1202 5659 1480 5727 Quoniam
1517 5658 1662 5713 enim
1699 5659 2090 5712 exuberantem

599 5828 644 5863 "‘
670 5830 809 5886 l’sal.
842 5850 937 5901 vn,
973 5837 1057 5892 10.

2207 4653 2415 4723 νόησον·
2453 4653 2597 4713 Ὅτι,
2645 4652 2800 4722 φησὶ,
2837 4650 3130 4718 ἐκομίσατο
3174 4647 3268 4700 τὸν
3305 4645 3491 4699 Ἰσαὰκ
3518 4647 3576 4696 ἐν
3610 4659 3774 4712 παρα-

2207 4743 2385 4813 ϐολῇμε
2411 4742 2709 4804 τουτέστιν,
2739 4742 2858 4794 ἀντὶ
2907 4741 3007 4810 τῆς
3042 4738 3360 4809 παραϐολῆς
3387 4737 3484 4789 καὶ
3515 4736 3611 4790 τοῦ
3649 4737 3773 4788 ὑπο-

2205 4831 2516 4902 δείγματος.
2574 4831 2850 4898 ’Υπέδειξε
2906 4831 3017 4902 γὰρ
3053 4831 3144 4883 τὸν
3175 4830 3351 4897 κριὸν,
3399 4828 3493 4880 καὶ
3536 4823 3772 4886 δεδωκὼς

2205 4925 2370 4978 αὑτὸν
2403 4925 2520 4978 ἀντ’
2563 4924 2752 4990 αὑτοῦ,
2783 4923 2942 4976 ἔλαϐε
2981 4923 3073 4976 τὸν
3119 4922 3323 4975 Ἰσαάκ.
3367 4920 3429 4972 Ἠ
3482 4919 3540 4972 δέ
3591 4917 3770 4988 πρώτη

2207 5015 2492 5086 ἑρμηνεία,
2521 5015 2596 5080 ὡς
2619 5015 2846 5084 νομίζω,
2871 5013 3006 5066 πολὺ
3034 5013 3282 5082 βελτίων.
3312 5013 3560 5076 Ἄλλως.
3585 5005 3768 5081 [ΦΩΤ.]

2206 5107 2300 5172 Τὸ,
2337 5125 2355 5158 ι
2387 5107 2550 5160 Ὅθεν
2573 5106 2740 5159 αὐτὸν
2772 5109 2830 5161 ἐν
2863 5105 3147 5176 παραϐολῇ
3174 5106 3492 5173 ἐκομίσατο,
3519 5120 3538 5154 ι
3562 5099 3771 5154 δυνατὸν

2203 5200 2300 5251 καὶ
2324 5198 2496 5260 οὕτως
2537 5199 2749 5270 νοῆσαν
2789 5199 2952 5251 Ὅθεν
3001 5199 3094 5251 καὶ
3135 5196 3226 5250 τὸν
3264 5195 3449 5248 Ἰσαὰκ
3476 5195 3504 5245 ὁ
3532 5189 3771 5262 Ἀϐραὰμ

2203 5292 2260 5343 ἐν
2296 5290 2576 5362 παραϐολῇ
2635 5293 2952 5361 ἐκομίσατο.
3000 5289 3159 5343 ’Erte‘t
3192 5288 3320 5359 γὰρ,
3357 5287 3542 5357 φησὶν,
3575 5281 3771 5353 ἄφατόν

2204 5399 2324 5434 τινα
2361 5384 2460 5453 τὴν
2505 5383 2751 5454 ὑπακοὴν
2809 5381 3143 5446 ἐπεδείξατο,
3196 5380 3292 5433 καὶ
3327 5379 3508 5431 πίστιν
3539 5375 3768 5428 νικῶσαν

2207 5465 2299 5528 καὶ
2330 5476 2502 5544 αὐτῆς
2557 5475 2683 5539 τοὺς
2742 5475 2938 5545 νόμους
2985 5474 3084 5544 τῆς
3127 5472 3364 5542 φύσεως,
3407 5465 3770 5537 ἀπολαμϐάνει

2206 5569 2368 5623 πάλιν
2400 5569 2492 5621 τὸν
2546 5568 2686 5634 νίὸν,
2745 5569 2842 5638 οὐχ
2892 5562 3003 5620 οἷον
3045 5567 3441 5637 προσήνεγκεν,
3475 5560 3612 5615 ἀλλὰ
3642 5553 3770 5628 μετὰ

2210 5658 2452 5730 μεγάλης
2489 5659 2812 5731 προσθήκης
2850 5658 2944 5712 καὶ
2978 5657 3135 5723 ἀξίας
3179 5656 3281 5727 τῆς
3310 5653 3472 5711 αὑτοῦ
3522 5651 3766 5708 πίστεως-
