3970 6630
197 480 311 570 ιιε

1212 507 1604 583 ΟΟΜΜΕΝῙἾ
1630 522 1717 585 IN
1747 523 1984 586 EPIST.
2022 526 2123 587 AD
2158 527 2391 590 HEBR.

3341 531 3452 597 4H

193 618 522 713 ἐκομίσατο
570 621 681 693 γὰρ
737 620 902 677 αὐτὸν
972 625 1210 697 φέροντα
1288 631 1607 711 παραϐολὴν
1680 636 1770 688 καὶ

1879 637 2171 705 quamdam
2210 635 2469 708 praestitit
2500 636 2870 695 obedientiam
2891 639 3117 697 etﬁdem
3133 638 3255 713 quae
3279 641 3459 712 ipsius

194 712 450 782 ὁμοίωσιν
501 714 601 785 τὴν
653 716 792 786 πρὸς
818 718 912 771 τδν
966 717 1093 773 Τίδν
1148 719 1244 774 τοῦ
1300 722 1437 776 Θεοῦ
1492 726 1587 779 καὶ
1617 726 1772 782 Θεόν.

192 805 429 860 Τοιαῦτα
458 806 569 878 γὰρ
592 809 627 878 ἡ
683 810 867 874 πίστις
889 810 1113 866 δύναται
1156 815 1473 886 κατορθοῦν.
1512 817 1572 870 Ei
1597 818 1653 872 δὲ
1688 821 1771 885 τὸ,

193 897 280 951 Ἐν
316 899 620 971 παραϐολῇ,
647 903 827 956 κοινὸν
882 905 1136 970 ἐκλάϐοις
1174 907 1273 960 τοῦ
1306 925 1365 961 τε
1402 909 1654 982 ’Δϐραὰμ
1679 912 1777 967 καὶ

196 992 289 1044 τοῦ
314 993 523 1059 Ἰσαὰκ,
567 995 650 1047 ὅτι
686 997 717 1049 ό
741 996 841 1065 μὲν
861 997 941 1061 είς
972 998 1146 1054 τύπον
1192 1000 1287 1055 τοῦ
1337 1003 1553 1074 Πατρὸς
1580 1005 1676 1060 καὶ
1695 1007 1776 1070 είς

194 1085 622 1156 παραϐολὴνκαὶ
658 1089 927 1158 ὁμοίωσιν
972 1090 1061 1144 διὰ
1105 1092 1204 1163 τῆς
1253 1098 1622 1166 προσαγωγῆς
1674 1098 1771 1153 τοῦ

196 1178 384 1240 παιδὸς
428 1179 838 1249 ἐχρημάτισεν,
873 1184 902 1236 ό
965 1183 1023 1236 δὲ
1082 1183 1268 1241 Ἰσαὰκ
1331 1190 1410 1251 εἰς
1460 1190 1630 1245 τύπον
1679 1192 1773 1246 τοῦ

201 1269 353 1333 Υἱοῦ,
382 1272 472 1322 καὶ
495 1270 672 1335 οὕτως
718 1274 751 1342 ἡ
785 1276 1159 1349 προειρημένη
1209 1279 1493 1335 εύοδοῦται
1539 1282 1769 1339 διάνοια.

202 1361 460 1415 Τοσοῦτον
499 1365 713 1436 κέρδος,
761 1368 919 1436 φησὶ,
956 1370 1289 1441 προεξένησε
1321 1376 1401 1444 τῷ
1431 1375 1686 1448 Ἀϐραὰμ
1737 1378 1772 1448 ἡ

204 1454 379 1516 πίστις
407 1454 602 1520 αὐτοῦ,
640 1458 723 1510 δτι
761 1459 853 1512 τὸν
878 1460 1023 1525 ,υἱὸν
1066 1467 1471 1535 προσενέγκας,
1509 1468 1649 1539 μετὰ
1676 1486 1779 1539 με-

204 1545 387 1615 γίστης
430 1548 749 1620 προσθήκης
788 1551 1103 1623 ἐκομίσατο.
1150 1556 1318 1622 Ποίας
1347 1558 1583 1630 ταύτης;
1613 1559 1675 1613 τδ
1714 1561 1773 1614 ἐν

205 1637 472 1709 παραϐολῇ
504 1638 670 1695 αὑτὸν
700 1642 798 1695 καὶ
833 1642 1093 1714 ὁμοιώσει
1139 1652 1209 1720 τῇ
1257 1666 1319 1702 τε
1350 1651 1490 1723 πρὸς
1522 1652 1614 1705 τὸν
1658 1655 1776 1708 Πα-

207 1729 331 1798 τέρα
350 1732 443 1783 καὶ
466 1733 535 1802 τῇ
558 1732 698 1804 πρὸς
717 1735 810 1788 τὸν
835 1738 956 1791 υἱὸν
973 1740 1431 1812 ἀνακομίσασθαι.
1457 1746 1770 1810 Τουτέστιν,

207 1823 490 1913 ἐκομίσατο
542 1827 634 1881 τὸν
696 1827 826 1883 Υίὸν
884 1830 978 1884 ἐπὶ
1031 1833 1339 1907 τηλικούτῳ
1372 1836 1574 1908 κέρδει,
1606 1837 1692 1907 ἐφ’
1727 1831 1773 1908 ᾧ

206 1913 366 1968 τύπον
400 1916 744 1988 ἀμφοτέρους
774 1922 1026 1990 γενέσθαι
1053 1926 1155 1995 τῆς
1180 1929 1548 1999 προσαγωγῆς
1586 1931 1652 2002 ἦν
1682 1932 1775 1985 εὐ-

208 2006 421 2077 δόκησεν
464 2010 494 2062 ὁ
525 2011 720 2083 Πατὴρ
766 2014 1086 2086 τελεσθῆναι
1145 1998 1238 2072 ἐπὶ
1283 2020 1362 2090 τῷ
1412 1998 1547 2091 Υἱῷ.
1586 1998 1680 2090 Ἦ,
1707 2025 1766 2077 ἐν
1802 1998 1841 2052 Β

212 2100 477 2171 παραϐολῇ
507 2103 803 2174 ἐκομίσατο
832 2106 862 2160 ὁ
905 2107 1038 2173 Θεὸς
1078 2108 1170 2164 τὸν
1222 2111 1409 2167 Ἰσαάκ
1436 2129 1450 2144 ’
1492 2114 1764 2182 τουτέστι,

210 2190 297 2243 διὰ
318 2192 409 2263 τὴν
429 2194 614 2249 πίστιν
639 2198 735 2251 καὶ⁵
762 2199 823 2252 τὸ
851 2200 1136 2272 πρόθυμον
1165 2202 1260 2257 τοῦ
1289 2203 1561 2275 Ἀϐραὰμ,
1587 2207 1766 2261 καίτοι

213 2283 354 2350 κριοῦ
374 2285 811 2359 προσαχθέντος,
839 2292 935 2345 καὶ
969 2293 1091 2345 τότε
1119 2294 1181 2346 ού
1220 2294 1481 2366 παρὰτοῦ
1513 2296 1769 2370 Ἀϐραὰμ

213 2377 564 2445 κομισθέντος,
598 2380 735 2434 ἀλλὰ
796 2383 927 2455 παρ’
975 2384 1140 2439 αὐτοῦ
1186 2386 1281 2440 τοῦ
1332 2388 1494 2453 Θεοῦ,
1549 2390 1642 2443 τοῦ
1670 2392 1768 2445 καὶ

217 2468 585 2536 κομισαμένου.
619 2470 810 2542 Ὅμως
849 2473 955 2529 οὖν.
979 2473 1154 2541 οὕτως
1178 2476 1205 2529 ὁ
1240 2477 1374 2541 Θεὸς
1412 2477 1629 2543 ἐδέξατο
1668 2479 1767 2551 τὴν

220 2553 405 2620 θυσίαν,
458 2559 534 2623 ὡς
582 2562 674 2617 τὸν
713 2564 901 2619 Ἰσαὰκ
939 2567 1101 2621 αὐτὸν
1149 2571 1519 2640 κομισάμενος
1552 2570 1642 2626 διὰ
1667 2572 1767 2643 τῆς

220 2650 508 2721 παραϐολῆς
544 2653 643 2707 καὶ
702 2657 1054 2730 παρενθήκης
1077 2658 1172 2713 τοῦ
1224 2662 1404 2733 κριοῦ.
1446 2663 1539 2716 Διό
1574 2682 1764 2733 φησιν,

224 2743 369 2798 Ὅθεν
397 2748 577 2814 αὐτὸν,
596 2744 707 2804 οἷον
733 2750 824 2806 τδν
853 2753 1063 2821 Ἰσαὰκ,
1097 2755 1392 2826 ἐκομίσατο
1421 2756 1479 2810 ἐν
1500 2759 1566 2829 τῇ
1591 2776 1770 2831 παρα-

223 2836 334 2909 ϐολῇ
358 2839 444 2893 καὶ
475 2842 801 2916 παρενθήκη
838 2845 933 2899 τοῦ
988 2844 1168 2917 κριοῦ,
1222 2846 1500 2901 τουτέστιν
1556 2848 1631 2912 ὡς
1678 2865 1766 2901 τε-

221 2929 507 2986 λειωθεῖσαν
533 2936 637 3005 τὴν
659 2937 942 3007 πρόθεσιν,
968 2941 1065 2995 καὶ
1093 2940 1191 3007 τῆς
1230 2939 1467 3005 πίστεως
1494 2940 1660 2995 αὐτοῦ
1705 2942 1765 2995 τὸ

225 3026 494 3098 πρόθυμον,
527 3029 699 3094 οὕτως
729 3031 947 3097 ἐδέξατο
985 3034 1086 3104 τὴν
1111 3034 1307 3088 θυσίαν
1335 3034 1429 3089 τοῦ
1456 3035 1714 3107 ’Δϐραὰμ
1737 3037 1765 3090 ό

222 3118 350 3183 θεός.
381 3139 399 3172 t
432 3122 617 3176 Πίστει
663 3125 796 3195 περὶ
828 3122 1153 3195 μελλόντων.
1186 3145 1205 3177 ι
1249 3127 1422 3180 Πόθεν
1451 3126 1766 3197 ἐπήγγελτο

222 3216 317 3275 τίς
343 3214 467 3278 eiei;
494 3214 660 3269 αὑτοῦ
707 3217 945 3270 τοσαῦτα
994 3218 1197 3288 ἀγαθὰ,
1228 3221 1278 3272 εί
1327 3221 1402 3290 μὴ
1443 3220 1764 3274 ἐπίστευσεν

1877 744 2096 799 quoque
2130 738 2341 784 naturae
2373 730 2466 802 jus
2486 731 2753 800 vinceret,
2776 733 2973 805 recipit
3008 749 3202 789 rursus
3230 734 3401 789 ﬁlium
3433 750 3448 787 :

1876 839 1985 878 non
2019 824 2161 880 sicut
2192 824 2411 891 obtulit,
2430 826 2526 882 sed
2555 843 2680 881 cum
2715 843 2915 899 magno
2935 836 3228 899 augmento
3256 842 3321 881 a-c
3348 843 3461 882 sua:

1878 913 2004 969 ﬁdei
2038 915 2324 986 dignitate.
2351 915 2577 988 Recepit
2601 918 2748 973 enim
2780 919 2958 989 ipsum
2987 919 3258 974 ferentem
3292 935 3457 989 para-.-

1874 1006 2054 1061 bolam
2083 1017 2135 1062 et
2194 1008 2608 1067 similitudinem
2650 1012 2717 1066 ad
2774 1011 2877 1067 Dei
2902 1011 3101 1066 Filium
3155 1027 3219 1067 ac
3263 1012 3455 1067 Deum.

1874 1098 2012 1154 Nam
2052 1101 2180 1155 talia
2230 1101 2366 1158 ﬁdes
2432 1113 2695 1174 praestare
2734 1114 2939 1176 pctest.
2968 1106 3124 1172 Quod
3145 1106 3190 1161 si
3214 1106 3458 1175 accipias

1875 1206 1974 1262 per
2010 1193 2346 1261 parabolam,
2386 1204 2442 1249 ut
2467 1196 2539 1251 sit
2576 1212 2868 1253 commune
2892 1196 2958 1252 ad
2991 1198 3263 1253 Abraham
3299 1205 3353 1253 et
3387 1197 3456 1253 ad

1875 1285 2034 1340 Isaac
2076 1303 2089 1339 :
2123 1286 2268 1357 quod
2300 1285 2391 1342 ille
2413 1289 2631 1358 quidem
2654 1289 2708 1344 in
2744 1302 2928 1363 typum
2963 1290 3141 1346 Patris
3171 1301 3226 1344 et
3254 1292 3310 1345 in
3348 1307 3449 1361 pa-

1874 1374 2121 1431 rabolam
2179 1391 2243 1430 ac
2289 1378 2703 1434 similitudinem
2760 1397 2858 1451 per
2918 1382 3291 1437 accessionem
3352 1380 3450 1436 lilii

1874 1469 2184 1543 appellatus
2219 1479 2303 1524 est
2337 1489 2350 1525 :
2383 1472 2535 1526 Isaac
2596 1488 2725 1527 vero
2755 1472 2811 1527 in
2859 1481 3045 1545 typum
3083 1472 3210 1528 Filii
3247 1474 3454 1528 :etiam

1877 1560 1982 1617 hoc
2015 1560 2179 1615 modo
2240 1561 2499 1631 praedicta
2549 1561 2935 1633 interpretatio
2982 1562 3272 1618 commode
3293 1578 3455 1619 suum

1873 1651 2039 1707 habet
2088 1652 2449 1708 intellectum.
2501 1654 2764 1722 Tantum,
2798 1654 2999 1724 inquit,
3060 1653 3276 1709 lucrum
3323 1669 3460 1709 con-

1873 1742 2081 1798 ciliavit
2108 1742 2340 1799 Abrahae
2367 1744 2502 1801 ﬁdes
2536 1761 2657 1811 sua,
2692 1745 2836 1816 quod
2868 1746 3108 1801 oblatum
3134 1746 3301 1800 ﬁlium
3332 1760 3457 1799 cum

1874 1848 2072 1903 magno
2096 1833 2311 1890 ftenore
2353 1838 2581 1907 recepit.
2616 1836 2900 1904 Quodnam
2930 1838 3035 1892 fuit
3066 1836 3201 1893 illud
3239 1836 3462 1893 ftenus?

1875 1925 1946 1982 Ut
1971 1927 2150 1996 ipsum
2171 1943 2292 1982 cum
2325 1929 2583 1998 parabola
2613 1945 2678 1983 ac
2703 1930 3063 1986 similitudine
3122 1930 3190 1984 ad
3239 1927 3459 1995 Patrem

1870 2028 1924 2074 et
1948 2020 2141 2075 Filium
2172 2021 2420 2089 referret,
2442 2023 2547 2077 hoc
2569 2033 2673 2090 est,
2708 2024 2910 2093 recepit
2929 2022 3123 2078 Filium
3151 2038 3275 2077 cutn
3306 2028 3460 2077 tanto

1869 2114 2045 2175 lucro,
2070 2122 2130 2168 ut
2160 2122 2389 2187 uterque
2416 2116 2573 2173 ﬁeret
2605 2125 2767 2189 typus
2809 2116 2933 2186 ejus
2961 2124 3263 2187 proventus
3295 2131 3455 2186 quem

1871 2208 2225 2279 beneplacuit
2252 2209 2416 2265 Patri
2453 2209 2645 2281 perﬁci
2674 2210 2725 2264 in
2748 2207 2908 2265 Filio.
2940 2240 3012 2249 —
3041 2210 3149 2263 Aut
3172 2225 3267 2278 per
3299 2224 3460 2277 para—

1867 2300 2051 2356 bolam
2113 2301 2317 2370 recepit
2342 2299 2486 2355 Deus
2513 2299 2687 2363 isaae,
2743 2299 2848 2354 hoc
2889 2307 2993 2366 est,
3027 2307 3250 2368 propter
3296 2298 3454 2353 ﬁdem

1867 2399 1922 2447 et
1939 2400 2250 2462 promptum
2284 2391 2796 2453 Abrahaeanimum,
2831 2390 3048 2446 tametsi
3073 2389 3218 2445 aries
3234 2389 3455 2444 ablatus

1867 2481 2065 2540 fuisset
2099 2503 2114 2538 :
2148 2485 2239 2553 qui
2299 2484 2464 2538 etiam
2498 2492 2631 2538 tunc
2666 2498 2772 2537 non
2807 2482 2876 2537 ab
2937 2482 3237 2546 Abraham,
3261 2481 3357 2537 sed
3385 2484 3453 2535 ah

1869 2574 1988 2645 ipso
2013 2574 2123 2630 Deo
2141 2585 2395 2646 receptus
2420 2575 2664 2644 erat,qui
2689 2575 2842 2629 illum
2873 2588 3091 2643 quoque
3116 2588 3181 2628 eo
3203 2573 3451 2628 deduxe-

1869 2676 1995 2724 rat:
2023 2667 2103 2723 'ita
2136 2677 2314 2723 tamen
2346 2667 2596 2739 suscepit
2633 2667 2775 2724 Deus
2808 2665 3166 2730 sacrificium,
3194 2674 3454 2734 tanquam

1867 2759 2184 2831 recipiendo
2213 2759 2393 2831 ipsum
2422 2760 2680 2830 lsaacper
2714 2757 3033 2831 parabolam
3060 2765 3115 2812 et
3148 2755 3454 2811 auctarium

1868 2847 2079 2903 arietis.
2140 2847 2269 2903 ideo
2316 2847 2491 2904 dicit:
2545 2847 2701 2903 Unde
2763 2847 2981 2917 ipsum,
3028 2844 3224 2914 nempe
3277 2845 3452 2912 Isaac,

1868 2940 2077 3010 recepit
2099 2955 2197 3010 per
2218 2940 2532 3009 parabolam
2569 2947 2625 2995 et
2663 2954 2947 2994 accessum
2972 2936 3183 3002 arietis,
3210 2936 3316 2992 hoc
3335 2944 3448 2999 est,

1868 3040 2128 3103 tanquam
2166 3033 2471 3103 perfectum
2499 3042 2645 3087 esset
2688 3031 3034 3101 prepositum
3067 3045 3133 3085 ac
3161 3037 3451 3099 promptus

1868 3124 1991 3180 ﬁdei
2018 3124 2258 3190 animus,
2281 3124 2356 3178 ita
2379 3124 2625 3195 suscepit
2655 3122 2989 3178 sacrificium
3015 3121 3248 3177 Abrahae
3281 3119 3446 3176 Deus.

1867 3216 2028 3289 41],
2069 3234 2089 3268 ι
2120 3215 2221 3274 Per
2256 3216 2415 3272 ﬁdem
2441 3217 2510 3272 de
2543 3216 2766 3272 futuris.
2796 3234 2816 3268 ι
2862 3214 3151 3282 Quomodo
3181 3213 3311 3267 ﬁliis
3336 3212 3455 3267 suis

222 3305 294 3398 ὅτι
314 3308 353 3398 ό
381 3306 508 3371 Θεδς
547 3307 707 3362 δώσει
735 3310 834 3374 τὰς
871 3312 1241 3381 ἐπαγγελίας;
1274 3313 1341 3368 Τί
1370 3314 1427 3368 δέ
1461 3315 1602 3381 ἐστι,
1635 3313 1765 3386 περὶ

1872 3314 2038 3375 tantaf
2067 3309 2210 3365 bona
2239 3310 2606 3380 promisisset,
2647 3309 2754 3365 nisi
2781 3307 3107 3364 credidisset
3132 3307 3279 3378 quod
3305 3305 3454 3362 Deus

228 3397 531 3466 μελλόντων;
561 3401 594 3472 ἢ
635 3403 765 3472 περὶ
808 3402 918 3457 τῶν
955 3404 1256 3474 μελλόντων
1286 3406 1473 3469 αὐτοῖς
1521 3405 1764 3471 ἔσεσθαι,

222 3488 381 3559 ῆπρὶ
404 3490 510 3544 τῶν
538 3492 846 3562 μελλόντων
891 3495 970 3565 τῷ
1013 3496 1292 3567 σπέρματι
1318 3498 1498 3551 αὐτῶν
1545 3498 1768 3569 δοθήσε-

228 3578 347 3631 σθαιι
368 3581 499 3635 Οὐδὲ
536 3583 646 3655 γὰρ
685 3584 807 3639 οὐδὲ
854 3585 1009 3640 αύτοῖ¹
1039 3588 1366 3659 ἀπήλαυσαν
1396 3589 1767 3660 τῆςέπαγγε-

222 3671 338 3735 lix.
373 3676 475 3730 Τὸν
522 3676 806 3733 Ἰακὼϐδέ
850 3678 939 3734 διὰ
990 3681 1089 3752 τὴν
1133 3683 1337 3754 ἀρετὴν
1394 3683 1612 3756 πρῶτον
1651 3683 1770 3739 ὀνο-

224 3760 379 3827 μάζει.

279 3850 462 3929 [ωτι]
500 3875 517 3909 ε
544 3858 735 3913 Πίστει
769 3861 968 3915 Ἰακὼϐ
984 3864 1369 3936 ἀποθνήσκων.
1400 3885 1499 3918 ι-
1540 3865 1769 3921 Ἐνταῦ-

223 3941 294 4007 θα,
316 3947 490 4014 φησὶν,
522 3948 584 4001 οὐ
617 3949 778 4019 μόνον
804 3947 981 4018 εἶπεν,
1013 3952 1149 4008 ἀλλὰ
1198 3956 1295 4009 καὶ
1344 3955 1518 4021 οὕτως
1542 3957 1766 4032 ἐθάρρει

219 4039 313 4098 τοῖς
347 4038 644 4109 ἐσομένοις,
680 4040 757 4105 ὡς
777 4044 872 4097 καὶ
903 4045 962 4098 ἐν
992 4046 1070 4117 τῷ
1114 4045 1263 4118 ἔργῳ
1316 4049 1450 4103 αὐτὸ
1476 4050 1764 4118 ἐπιδεῖξαι.

230 4129 421 4203 Ἐπειδὴ
451 4135 562 4205 γὰρ
604 4136 831 4206 ἔμελλεν
873 4138 983 4192 ἀπὸ
1024 4139 1119 4194 τοῦ
1162 4141 1403 4213 Ἐφραῒμ
1445 4144 1767 4199 ἀνίστασθαι

220 4214 443 4283 βασιλεὺς
470 4222 678 4290 ἔτερος,
712 4224 802 4279 διὰ
826 4226 985 4280 τοῦτό
1027 4246 1182 4299 φησι,
1211 4232 1319 4293 Καὶ
1359 4232 1768 4305 προσεκύνησεν

218 4309 294 4360 ἐπὶ
306 4310 361 4363 τὸ
385 4314 551 4384 ἄκρον
577 4316 679 4385 τῆς
712 4318 912 4388 ῥάϐδου
943 4320 1135 4389 αὐτοῦ,
1168 4325 1436 4391 τουτέστι,
1464 4327 1561 4380 καὶ
1589 4326 1768 4398 γέρων

216 4399 280 4453 ὢν
312 4404 427 4475 ἤδη,
463 4412 768 4478 προσκυνεῖ
796 4410 875 4482 τῷ
912 4412 1132 4484 Ἰωσὴφ,
1170 4414 1269 4485 τὴν
1299 4418 1500 4482 παντὸς
1528 4417 1762 4489 προσκύ·

217 4509 349 4560 νησιν
381 4498 579 4566 δηλῶν,
608 4502 708 4570 τὴν
744 4504 1009 4574 ἐσομένην
1076 4507 1247 4577 αὐτῷ.
1279 4509 1390 4562 Καὶ
1441 4508 1603 4564 τοῦτο
1640 4508 1767 4584 [ὅτι]

216 4581 352 4654 teget,
378 4589 527 4659 αὐτῷ
554 4590 693 4660 ᾔδει.
720 4592 810 4644 ετε
839 4594 986 4663 αὐτῷ
1007 4596 1057 4647 0i
1079 4596 1297 4666 ἁδελφοί
1327 4581 1766 4670 προσεκύνηὲςανζ

1869 3400 2143 3470 promissa
2200 3400 2521 3472 praestaret?
2550 3398 2694 3467 Quid
2745 3406 2831 3454 est
2893 3408 3080 3453 autem
3133 3411 3166 3451 e
3206 3395 3456 3450 futuris?

1866 3496 1977 3550 Aut
2008 3494 2078 3549 de
2108 3495 2192 3549 bis
2223 3510 2344 3566 qua:
2373 3502 2531 3551 erant
2578 3494 2717 3564 ipsis
2774 3501 3065 3555 eventura,
3127 3498 3223 3544 aut
3261 3488 3331 3543 de
3364 3488 3451 3543 his

1868 3603 1991 3659 quae
2024 3588 2220 3643 semini
2268 3602 2460 3644 eorum
2493 3587 2671 3642 danda
2699 3596 2854 3641 erant
2893 3603 2908 3652 ;
2957 3582 3230 3654 siquidem
3269 3597 3451 3649 neque

1868 3680 1974 3750 ipsi
2004 3681 2279 3751 promisso
2329 3679 2677 3736 fruebantur.
2714 3678 2958 3733 Primum
2986 3685 3168 3732 autem
3198 3674 3454 3731 nominat

1866 3766 2062 3834 Jacob,
2096 3777 2321 3840 propter
2359 3770 2617 3824 virtutem
2658 3783 2722 3824 ac
2747 3767 3096 3840 probitatem.

1946 3880 1966 3913 ι
1996 3859 2102 3915 Per
2130 3860 2291 3916 ﬁdem
2314 3858 2484 3916 Jacob
2518 3858 2778 3917 moriens.
2809 3878 2827 3912 ι
2871 3858 2987 3913 Νοη
3019 3858 3219 3924 solum,
3250 3855 3454 3926 inquit,

1868 3952 1974 4009 hoc
2003 3954 2125 4008 loco
2171 3952 2332 4019 dixit,
2366 3969 2558 4009 verum
2588 3955 2752 4009 etiam
2794 3952 2862 4006 de
2910 3949 3110 4006 futuris
3151 3949 3290 4003 adeo
3322 3962 3458 4003 con-

1868 4045 2091 4112 ﬁdebat,
2122 4044 2374 4100 utetiam
2439 4058 2605 4114 opere
2660 4040 2797 4096 illud
2839 4040 3266 4096 demonstraret.
3311 4038 3455 4104 Quo-

1868 4139 2016 4193 niam
2058 4136 2205 4193 enim
2241 4136 2487 4191 futurum
2527 4144 2667 4199 erat,
2713 4142 2770 4188 ut
2806 4133 2874 4188 ab
2898 4132 3155 4203 Ephraim
3187 4145 3455 4201 exsurge-

1868 4239 1952 4286 ret
1984 4226 2124 4285 ali'us
2142 4246 2259 4295 rex,
2285 4237 2575 4301 propterea
2600 4227 2741 4283 dixit
2773 4244 2788 4283 :
2817 4226 2884 4282 Et
2904 4226 3151 4280 adoravit
3176 4222 3452 4294 Iastigium

1869 4324 2038 4394 virga:
2068 4322 2188 4394 ejus
2219 4338 2234 4379 :
2270 4322 2375 4377 hoc
2403 4332 2509 4386 est,
2539 4335 2664 4376 cum
2710 4319 2822 4390 jam
2858 4333 3026 4374 senex
3058 4323 3222 4383 esset,
3250 4315 3450 4370 adora-

1869 4416 1967 4473 bat
2002 4415 2231 4485 Josepb,
2262 4413 2559 4485 designans
2618 4413 2789 4467 totius
2823 4410 3008 4481 populi
3039 4409 3450 4471 adorationem,

1873 4511 1989 4567 sive
2013 4508 2337 4578 obsequium
2364 4505 2512 4578 quod
2572 4503 2675 4575 ipsi
2724 4501 3072 4559 tribuendum
3113 4509 3255 4555 erat.
3284 4500 3451 4569 Atqui

1872 4605 2104 4656 noverat
2158 4599 2277 4654 hoe'
2324 4597 2507 4668 ipsum
2544 4596 2800 4652 sortitum
2829 4609 2952 4649 esse
3008 4591 3285 4657 effectum,
3320 4589 3451 4645 dum

225 4672 564 4747 Ἐκϐἠσεσθαι
591 4681 650 4734 δὲ
685 4682 912 4749 ἔμελλεν
944 4684 1193 4757 ὕστερον,
1216 4689 1307 4742 διὰ
1344 4689 1451 4743 τῶν
1481 4691 1616 4745 δέκα
1654 4710 1758 4761 φυ-

1872 4693 2063 4750 fratres
2095 4708 2219 4748 eum
2252 4691 2574 4756 adorarent;
2604 4698 2785 4744 tamen
2827 4686 3173 4758 postmodum
3206 4684 3453 4738 futurum

216 4763 323 4822 λῶν.
355 4788 373 4821 ι
403 4773 512 4825 Καὶ
541 4775 952 4847 προσεκύνησεν
981 4780 1074 4832 ἐπὶ
1104 4780 1164 4833 τὸ
1186 4782 1471 4855 ἄκροντῆς
1504 4784 1756 4856 ρἀὢυ.»

1872 4795 2007 4848 erat,
2052 4794 2110 4839 ut
2169 4784 2334 4838 etiam
2394 4782 2668 4837 accideret
2712 4793 2811 4851 per
2868 4779 3058 4833 decem
3104 4777 3302 4832 tribus.
3334 4791 3355 4827 ι
3390 4773 3455 4827 Et

214 4856 309 4929 Τὴν
346 4864 453 4936 γὰρ
495 4866 596 4919 τοῦ
656 4868 900 4940 Ἐςρραῖμ
938 4876 1286 4943 προεσήμανε
1343 4875 1640 4945 βασιλείαν,
1670 4880 1765 4933 xui.

1872 4878 2119 4933 adoravit
2180 4875 2461 4947 fastigium
2545 4875 2735 4944 virgae.
2815 4890 2835 4924 ι
2886 4871 3137 4941 Regnum
3218 4884 3457 4939 namque

213 4951 306 5006 τῶν
327 4955 457 5011 δέκα
493 4959 682 5027 φυλῶν
718 4962 821 5031 τὴν
867 4962 1169 5036 ύποταγήν.
1212 4962 1291 5022 Οὔ
1319 4969 1382 5038 δὴ
1412 4971 1575 5040 χάριν
1603 4972 1767 5035 αύτὶς

1872 4967 2129 5036 Ephraim
2196 4965 2526 5036 signiﬁcavit
2581 4972 2635 5017 et
2688 4961 2876 5017 decem
2929 4960 3172 5014 tribuum
3235 4959 3457 5029 subjec-

215 5052 458 5113 προτυποῖ
486 5052 588 5122 τὴν
634 5054 863 5107 ἐκείνων
913 5060 1312 5129 προσκύνησιν.
1336 5061 1604 5115 Τοσοῦτον
1630 5064 1762 5135 γὰρ,

1872 5060 2070 5115 tionem
2105 5074 2117 5109 :
2159 5062 2450 5126 propterea
2495 5052 2641 5108 enim
2694 5052 2813 5123 ipse
2856 5048 3172 5122 praeﬁgurat
3233 5049 3454 5103 illorum

216 5138 376 5206 φησὶν,
407 5142 699 5197 ἐπίστευσε
720 5147 834 5209 τοῖς
870 5149 1171 5218 ἐσομένοις,
1206 5152 1290 5205 ὅτι
1359 5156 1451 5207 καὶ
1489 5156 1758 5223 προσεκύ-

1873 5149 2277 5206 adorationem.
2329 5144 2465 5200 Nam
2520 5146 2676 5210 adeo,
2716 5143 2914 5214 inquit,
2960 5141 3194 5198 credidit
3233 5142 3454 5200 futuris.

216 5240 325 5292 νησε
347 5234 410 5302 τῇ
444 5233 649 5305 ῥάϐδῳ,
679 5235 852 5290 δοκῶν
907 5240 1040 5309 όρᾷν
1080 5241 1150 5294 τὰ
1203 5241 1457 5312 ἐσόμενα.
1490 5245 1612 5298 Τῶν
1655 5244 1764 5313 γὰρ

1873 5253 1933 5298 ιιι
1966 5243 2129 5297 etiam
2162 5241 2422 5295 adoraret
2450 5239 2686 5309 virgam,
2725 5238 2842 5293 sive
2870 5244 3171 5306 sceptrum,
3198 5233 3456 5288 indicans

219 5314 295 5372 δύο
314 5324 439 5377 υἱῶν
466 5326 560 5378 τοῦ
598 5326 819 5398 Ἰωσὴφ,
842 5329 936 5382 τοῦ
964 5331 1203 5403 Ἐφραῒμ
1229 5336 1324 5388 καὶ
1346 5335 1439 5388 τοῦ
1470 5335 1763 5406 Μανασσῆ,

1876 5352 1935 5392 se
1967 5336 2148 5391 futura
2177 5333 2518 5404 prospicere.
2557 5330 2696 5387 Cum
2741 5329 2853 5386 duo
2882 5337 3071 5385 essent
3110 5327 3206 5382 ﬁlii
3228 5326 3454 5397 Josepli,

220 5412 273 5465 ὲκ
294 5414 382 5468 τοῦ
413 5416 653 5489 Ἐφραῒμ
674 5419 983 5491 σπέρματος
1003 5423 1241 5493 βασιλεῖς
1271 5423 1413 5497 εἶχον
1442 5429 1762 5497 ἀναστῆναι.

1876 5444 2071 5499 nempe
2098 5426 2356 5498 Ephraim
2392 5434 2447 5480 et
2509 5423 2784 5488 Manasse,
2831 5438 2896 5478 ex
2934 5422 3145 5478 semine
3196 5418 3453 5488 Ephraiin

222 5506 486 5580 Προδηλῶν
512 5511 607 5565 οὖν
659 5512 760 5583 τὴν
813 5513 1093 5584 βασιλείαν
1121 5516 1198 5588 τῷ
1250 5522 1528 5590 σπέρματι
1575 5520 1764 5588 αὑτοῦ,

1874 5537 2034 5593 reges
2091 5528 2249 5576 erant
2309 5518 2526 5573 orituri.
2580 5517 2929 5587 Praesignans
2994 5513 3164 5585 igitur
3220 5525 3450 5578 regnum

222 5603 598 5674 προσεκύνησεν
615 5605 712 5658 ἐπὶ
738 5606 800 5659 τὸ
822 5607 989 5678 ἄκρον
1015 5609 1115 5681 τῆς
1142 5611 1341 5680 ῥάϐδου
1358 5614 1456 5683 τῆς
1479 5614 1766 5684 Μανασσῆ.

1878 5614 2073 5670 semini
2107 5629 2230 5678 suo,
2285 5612 2535 5667 adoravit
2575 5610 2857 5679 fastigium
2904 5607 3093 5676 virgae,
3148 5602 3264 5657 sive
3298 5599 3451 5671 regni

223 5691 512 5765 Γέγραπται
545 5699 604 5750 ἐν
632 5697 802 5769 βίϐλῳ
838 5700 1109 5765 Γενέσεως
1137 5701 1310 5767 οὕτως
1329 5719 1343 5733 ο
1376 5723 1394 5755 ι
1419 5705 1683 5775 Ἑπέζησε
1712 5706 1770 5759 δὲ

1879 5707 2153 5763 Manasse.
2181 5704 2464 5775 Siquidem
2498 5703 2603 5758 hoc
2630 5700 2793 5755 modo
2827 5699 3092 5768 scriptum
3116 5702 3198 5750 est
3224 5694 3281 5748 in
3311 5691 3451 5747 libro

232 5783 404 5842 Ἰακὼϐ
430 5791 585 5862 ἐνγῇ
610 5792 874 5863 Αἰγύπτῳ
919 5795 1056 5849 δέκα
1091 5797 1185 5850 καὶ
1216 5797 1357 5851 ἑπτα
1396 5798 1513 5867 ἐτη.
1550 5817 1570 5850 ι
1610 5798 1766 5867 Ἐγέ-

1878 5802 2126 5857 Gcnesos
2160 5816 2206 5853 ει
2240 5795 2556 5867 Supervixit
2580 5801 2763 5848 autem
2790 5788 2960 5845 Jacob
2991 5788 3044 5841 in
3072 5795 3215 5841 terra
3229 5782 3448 5854 λεκτριί

223 5880 422 5935 ’θοντοδέ
449 5884 505 5937 ai
539 5883 749 5955 ἡμέραι
789 5886 983 5942 Ἰακὼϐ
1008 5889 1269 5961 ἐνιαυτῶν
1301 5891 1400 5963 τῆς
1427 5890 1572 5960 ζωῆς
1598 5890 1765 5946 αὑτοῦ

1875 5894 2061 5950 decem
2115 5901 2169 5950 et
2207 5900 2414 5962 septem
2471 5886 2631 5942 annis
2668 5886 2737 5938 ".
2787 5902 2807 5935 ι
2855 5881 3094 5940 Fuerunt
3128 5887 3309 5933 autem
3331 5875 3451 5932 dies

281 6055 323 6087 "
350 6057 478 6114 Gen.
512 6076 679 6124 non,
707 6063 762 6119 8.
