3970 6642
432 465 571 541 415¹

1510 461 1909 524 (ECUMENII
1938 458 2236 545 TRICCA‘.’
2260 460 2611 526 EPISCOPI

3606 460 3735 525 416

429 576 708 647 annorum
729 588 851 644 vitae
877 585 1045 643 Iacob
1079 592 1300 643 centum
1318 584 1680 656 quadraginta
1713 588 1951 652 septem,
1974 586 2028 635 et

2148 576 2258 651 ιμζ¹
2286 577 2404 651 ἔτη,
2452 580 2689 651 ἤγγισαν
2738 577 2795 633 δὲ
2844 578 2898 632 αἱ
2932 576 3138 649 ἡμέραι
3190 577 3410 650 Ἰσραὴλ
3440 576 3536 632 τοῦ
3573 577 3735 632 ἁπο-⁹

439 683 1024 755 appropinquaverunt
1075 681 1192 736 dies
1243 677 1411 733 Israel
1442 684 1500 732 ut
1545 682 1892 731 moreretur:
1924 688 2025 728 vo-

437 780 694 846 cavitque
756 775 926 829 {ilium
993 789 1154 830 suum
1222 769 1451 841 Joscph,
1494 783 1558 823 ac
1615 768 1753 823 dixit
1788 767 1880 821 ei:
1915 784 1934 818 ι
1970 764 2028 821 Si

443 867 625 922 inveni
656 868 884 937 gratiam
919 878 1107 919 coram
1142 871 1213 926 te.
1246 877 1387 932 pone
1410 875 1631 914 manum
1656 868 1806 912 tuam
1849 857 1914 911 ad
1954 856 2030 913 fe-

444 975 567 1013 tnur
591 974 794 1020 meum,
815 969 867 1012 et
892 956 1063 1011 facies
1088 970 1300 1010 mecum
1331 951 1766 1009 misericordiam
1799 966 1862 1005 ac
1893 949 2033 1005 veri-

447 1063 642 1117 tatem,
681 1060 740 1104 ut
767 1067 875 1105 non
900 1049 1135 1120 sepelias
1166 1064 1250 1103 me
1275 1048 1329 1102 in
1392 1046 1652 1117 Egypto,
1680 1046 1777 1101 sed
1813 1044 2031 1100 deferas

447 1163 571 1199 cum
633 1146 882 1214 patribus
926 1145 1083 1205 meis,
1140 1143 1408 1212 tollasque
1468 1156 1553 1195 me
1574 1156 1641 1195 ex
1686 1138 2035 1210 Aigypto,ae

448 1238 683 1307 Sepelias
717 1253 801 1291 me
841 1238 895 1290 in
954 1236 1204 1306 sepulcro
1270 1235 1541 1304 ipsorum.
1571 1234 1640 1286 At
1698 1232 1789 1286 ille
1852 1230 2033 1290 dixit:

447 1331 559 1399 Ego
587 1329 783 1384 faciam
812 1329 969 1399 juxta
1025 1328 1252 1383 verbum
1289 1334 1463 1380 tuum.
1493 1326 1583 1379 Ait
1618 1332 1800 1378 autem
1843 1338 1864 1375 ι
1898 1322 2034 1377 Jura

448 1424 602 1477 mihi.
650 1422 713 1475 Et
761 1422 967 1491 juravit
1027 1421 1075 1475 ei
1125 1419 1483 1488 adoravitque
1513 1414 1685 1473 Israel
1750 1415 2031 1487 fastigium

449 1517 614 1583 virgae
651 1515 797 1568 illius
825 1514 892 1568 ⁸⁸⁵.
930 1532 1052 1565 ι-‹
1086 1514 1188 1567 Per
1217 1511 1375 1566 ﬁdem
1398 1509 1597 1581 Joseph
1633 1510 1894 1565 moriens.
1923 1529 1940 1561 ι
1977 1508 2036 1564 1η

448 1614 682 1669 tantum,
745 1603 945 1671 inquit,
1005 1601 1244 1657 credidit
1295 1604 1441 1673 quod
1475 1601 1643 1657 lsrael
1706 1616 2033 1672 egressurus

424 1706 595 1755 esset
621 1713 687 1752 ex
724 1696 982 1768 Egypto,
1023 1706 1081 1750 ut
1143 1696 1308 1751 etiam
1370 1696 1436 1751 de
1475 1694 1883 1752 transferendis
1939 1711 2031 1751 os-

448 1791 604 1845 sibus
653 1791 772 1845 suis
828 1790 1027 1846 fratres
1084 1789 1389 1859 adjurarct.
1427 1787 1591 1861 412
1629 1788 2036 1854 Quamobrem?

452 1875 523 1932 Ut
553 1893 769 1947 semper
816 1893 1086 1933 memores
1143 1878 1509 1949 adjnrationis
1548 1876 1795 1948 Iosephi,
1829 1879 2037 1934 scirent

446 1971 613 2024 etiam
649 1986 770 2039 quae
817 1971 884 2025 de
910 1986 1136 2042 egressu
1170 1978 1349 2025 erant.
1388 1971 1524 2036 Quis
1551 1972 1695 2025 enim
1724 1971 2034 2041 adjurasset

446 2063 516 2118 de
574 2062 976 2118 transferendis
1056 2064 1172 2119 suis
1239 2063 1500 2128 ossibus,
1572 2063 1678 2118 nisi
1734 2066 2034 2120 vehemen-

451 2161 534 2207 ter
583 2154 880 2207 conﬁderet
946 2154 1091 2223 quod
1150 2160 1337 2208 essent
1393 2152 1719 2223 egressuri?

517 2243 614 2309 XI,
652 2243 836 2299 23—26.
900 2243 1004 2297 Per
1046 2243 1225 2313 ﬁdem,
1263 2260 1381 2297 cum
1426 2254 1582 2297 natus
1640 2251 1774 2296 esset
1834 2240 2033 2307 Moses,

450 2342 745 2393 occultatus
768 2346 846 2392 est
878 2355 1077 2391 menses
1102 2347 1205 2391 tres
1230 2355 1261 2391 a
1290 2337 1601 2407 parentibus
1632 2337 1768 2401 suis,
1798 2348 2039 2407 propter-

448 2450 511 2487 ea
569 2433 708 2503 quod
734 2433 961 2486 viderent
987 2431 1275 2501 elegantem
1303 2432 1556 2500 puellum,
1611 2447 1702 2485 nec
1734 2433 1885 2484 veriti
1915 2442 2037 2486 sunt

449 2524 680 2580 edictum
720 2525 876 2593 regis.
907 2522 1010 2576 Per
1036 2523 1193 2593 ﬁdem
1229 2520 1404 2577 Moses
1432 2523 1553 2592 jam
1583 2523 1826 2594 grandis,
1860 2524 2037 2578 renuit

451 2620 629 2672 vocari
664 2616 808 2686 [ilius
870 2615 1001 2685 ﬁlia:
1074 2614 1403 2675 Pharaonis,
1429 2614 1603 2682 potius
1648 2614 1841 2684 eligens
1878 2612 2040 2666 simul

451 2727 718 2763 «erumnas
735 2709 848 2775 pati
880 2725 1000 2762 cum
1029 2711 1223 2777 populo
1251 2707 1344 2761 Dei
1367 2724 1523 2778 quam
1549 2707 1885 2778 temporariis
1911 2724 2036 2777 pec-

452 2803 562 2857 cati
580 2800 871 2855 commodis
904 2800 1034 2869 frui,
1064 2800 1295 2869 majores
1326 2802 1625 2855 arbitratus
1658 2798 1885 2855 divitias
1912 2817 2041 2871 pro-

453 2896 603 2952 brum
633 2894 852 2957 Christi,
891 2912 1051 2965 quam
1096 2892 1471 2965 ngyptiorum
1505 2894 1801 2951 thesauros.
1847 2894 2041 2965 Respe-

452 2997 595 3043 ctum
626 3004 767 3043 enim
795 2987 1020 3042 habebat
1043 2987 1506 3060 remunerationis.

511 3169 629 3227 ’Ubi
649 3172 800 3227 viros
820 3171 1021 3241 probos
1044 3185 1108 3225 ac
1128 3171 1315 3226 virtuti
1340 3169 1518 3225 editos
1541 3170 2045 3240 recensuisset,qui

2068 1923 2115 1983 Β

2133 670 2333 735 θανεῖν,
2362 671 2457 724 καὶ
2487 669 2715 723 ἐκάλεσε
2742 656 2832 722 τόν
2859 668 2974 722 υίόν
2997 667 3162 722 αὑτοῦ
3201 667 3425 740 Ἰωσὴφ,
3448 670 3543 723 καὶ
3564 662 3735 722 εἶπεν

2132 762 2309 833 αὐτῷ’
2362 781 2380 815 ι
2406 765 2469 817 Ei
2500 762 2713 833 εὕρηκα
2742 764 2903 835 χάριν
2933 763 3176 817 ἐναντίον
3213 780 3330 828 σου,
3362 762 3565 826 ὑπόθες
3620 762 3731 833 τὴν

2133 858 2292 929 χεῖρά
2323 875 2417 911 σου
2458 857 2549 911 ἐπὶ
2577 857 2668 910 τὸν
2700 856 2874 927 μηρόν
2908 874 3033 929 μου.
3074 857 3185 910 Καὶ
3215 856 3465 927 ποιήσεις
3508 854 3728 925 ὲπ“ὲμὲ

2134 950 2509 1024 ἐλεημοσύνην
2553 952 2648 1005 καὶ
2681 951 2961 1021 ἀλήθειαν,
2992 949 3088 1004 τοῦ
3141 950 3213 1022 μή
3243 967 3308 1020 με
3334 948 3505 1017 θάψαι
3533 952 3591 1003 ὲν
3626 950 3731 1003 Ai-

2134 1044 2348 1116 γύπτῳ,
2384 1044 2519 1098 ἀλλὰ
2541 1044 2952 1114 κοιμηθήσομαι
2989 1044 3129 1113 μετὰ
3167 1043 3275 1096 τῶν
3308 1042 3565 1113 πατέρων
3594 1058 3725 1112 μου,

2137 1139 2232 1191 καὶ
2258 1136 2397 1210 ἄρῃς
2432 1155 2500 1208 με
2535 1137 2592 1204 ἐξ
2625 1136 2905 1204 Αἰγύπτου
2930 1136 3025 1189 καὶ
3055 1136 3231 1207 θάψῃς
3274 1153 3341 1206 με
3372 1137 3430 1187 ὲν
3453 1135 3530 1204 τῷ
3566 1134 3730 1203 τάφῳ

2138 1229 2340 1286 αὐτῶν.
2384 1230 2440 1284 '0
2473 1230 2529 1282 δὲ
2562 1223 2741 1295 εἶπεν,
2760 1228 2903 1298 Ἐγὼ
2933 1230 3144 1299 ποιήσω
3174 1227 3311 1283 κατὰ
3331 1227 3391 1281 τὸ
3421 1227 3574 1301 ῥῆμά
3604 1243 3726 1279 σου.

2138 1321 2273 1379 Eine
2296 1323 2373 1388 δὲ,
2417 1326 2654 1394 Ὠμοσόν
2689 1342 2800 1395 μοι.
2827 1324 2933 1378 Καὶ
2956 1320 3171 1392 ὤμοσεν
3196 1323 3367 1394 αύτῷ.
3402 1324 3513 1375 Καὶ
3546 1338 3729 1391 προσο

2139 1418 2408 1489 εκύνησεν
2449 1418 2673 1489 Ἰσραὴλ
2698 1419 2786 1470 ἐπὶ
2810 1416 2872 1471 τὸ
2899 1417 3066 1486 ἄκρον
3106 1417 3205 1485 τῆς
3233 1415 3431 1487 ῥάϐδου
3470 1412 3667 1468 αὐτοῦ.
3699 1431 3721 1465 ι

2138 1543 2208 1553 -—
2250 1512 2481 1566 (Πίστει
2551 1511 2749 1582 Ἰωσὴφ
2795 1493 3085 1565 τελευτῶν.
3115 1528 3132 1560 ι
3185 1507 3475 1570 Τοσοῦτον,
3530 1507 3728 1576 φησιν,

2139 1606 2464 1659 ἐπίστευσεν
2499 1606 2579 1659 ὅτι
2618 1604 2960 1672 ἐξελεύσεται
2992 1605 3020 1657 ὀ
3065 1602 3279 1673 Ἰσραὴλ
3325 1601 3385 1667 ἐξ
3418 1601 3726 1670 Αἰγύπτου,

2139 1700 2222 1753 ὅτι
2259 1698 2450 1752 καὶτὰ
2479 1699 2616 1752 ὀστᾶ
2658 1696 2822 1751 αὐτοῦ
2877 1693 3270 1766 μετενεχθῆναι
3314 1691 3629 1764 ὲνὼρκωσε.
3665 1691 3733 1742 Τί

2141 1788 2344 1859 δήποτε
2368 1785 2507 1854 ;’Ὶνα
2528 1788 2615 1843 ἀεὶ
2647 1786 2989 1858 μεμνημένοι
3020 1784 3129 1839 τῶν
3159 1786 3336 1855 ὅρκων
3368 1783 3464 1836 τοῦ
3508 1782 3729 1852 Ἰωσὴφ,

2148 1879 2347 1932 εἰδεῖεν
2373 1878 2468 1933 καὶ
2495 1878 2563 1932 τὰ
2595 1880 2722 1949 περὶ
2750 1877 2851 1947 τῆς
2900 1875 3106 1944 ἐξόδου.
3142 1875 3239 1938 Τίς
3266 1874 3376 1945 γὰρ
3406 1874 3472 1928 ἂν
3486 1872 3737 1951 ,ὥρκωσε

2139 1972 2208 2026 τὰ
2236 1973 2372 2026 ὀστᾶ
2404 1971 2570 2025 αὐτοῦ
2615 1971 3031 2044 μετενεχθῆναι,
3069 1969 3119 2025 εί
3160 1967 3237 2039 μὴ
3269 1967 3477 2037 σφόδρα
3505 1967 3734 2041 eaepse:

2139 2066 2213 2131 ὡς
2244 2064 2619 2132 ἐξελεύσονται
2644 2083 2661 2132 ;

2210 2246 2422 2301 Πίστει
2483 2244 2747 2313 Μωῢσῆς
2800 2244 3113 2314 γεννηθείς
3159 2241 3384 2311 ἐκρύϐη
3442 2239 3738 2311 τρίμηνον

2140 2336 2260 2395 ὑπὸ
2286 2338 2404 2394 τῶν
2433 2336 2707 2406 πατέρων
2737 2337 2946 2401 αὑτοῦ,
2978 2335 3128 2390 διότι
3182 2331 3347 2390 εἶδον
3380 2333 3629 2389 ἀστεῖον
3668 2334 3737 2385 τὸ

2142 2430 2406 2495 παιδίον,
2460 2430 2558 2484 καὶ
2613 2431 2724 2483 οὐκ
2767 2427 3159 2511 ἐφοϐήθησαν
3186 2428 3250 2483 τὸ
3281 2426 3576 2497 διάταγμα
3627 2425 3737 2480 τοῦ

2135 2521 2466 2590 βασιλέως.
2508 2524 2715 2576 Πίστει
2750 2520 3012 2589 Μωῢσῆς
3037 2522 3227 2591 μέγας
3262 2521 3589 2591 γενόμενος
3620 2520 3734 2586 ἠρ-

2142 2616 2378 2683 νήσατο
2442 2615 2729 2685 ⁸ιέγιεσθιιι
2789 2613 2925 2680 υίὸς
2996 2613 3293 2684 θυγατρὸς
3315 2610 3546 2680 Φαραὼ,
3572 2609 3736 2680 μᾶνι-

2143 2715 2258 2766 .lcr
2287 2710 2575 2777 ἐλόμενος
2597 2694 3148 2776 συγκακουχεῖσθαι
3168 2702 3248 2769 τῷ
3271 2702 3399 2769 λαῷ
3428 2702 3534 2757 τοῦ
3560 2702 3739 2770 Θεοῦ,

2144 2804 2182 2872 ἢ
2217 2805 2592 2871 πρόσκαιρον
2639 2801 2803 2868 ἔχειν
2845 2798 3133 2868 ἁμαρτίας
3181 2796 3552 2861 ἀπόλαυσιν,
3607 2792 3741 2865 μεί-

2144 2895 2283 2957 ζονα
2319 2893 2591 2949 πλοῦτον
2626 2890 3012 2963 ἡγησάμενος
3047 2890 3165 2945 τῶν
3188 2890 3258 2943 ἐν
3305 2890 3584 2958 Αἰγύπτῳ
3630 2891 3740 2957 θη·-

2145 2986 2392 3057 σαυρῶν
2442 2986 2549 3041 τὸν
2575 2982 2925 3053 ὀνειδισμὸν
2953 2981 3056 3037 τοῦ
3075 2982 3358 3052 Χριστοῦ.
3406 2982 3738 3037 Ἀπέῐῆιεπε

2144 3081 2256 3153 γὰρ
2289 3082 2376 3146 εὶς
2406 3078 2522 3146 τὴν
2544 3076 3060 3147 μισθαποδοσίαν.

2220 3171 2539 3235 Καταλέξας
2580 3170 2781 3240 ἄνδρας
2823 3171 3117 3241 ἐναρέτους
3166 3169 3345 3223 πάντα
3396 3169 3579 3223 πίστει
3631 3184 3736 3222 πε-

456 3267 640 3322 omnia
658 3282 757 3335 per
787 3266 946 3320 tidem
982 3263 1298 3328 effecerant,
1331 3265 1646 3319 dieitetiam
1674 3265 1740 3318 de
1778 3260 1910 3319 Mosi
1945 3280 2040 3334 pa-

2152 3266 2473 3337 ποιηκότας,
2501 3265 2650 3333 λέγει
2682 3264 2774 3317 καὶ
2803 3281 2867 3316 πε
2878 3263 2931 3333 ρί
2955 3262 3062 3316 τῶν
3090 3262 3295 3330 γονέων
3320 3260 3415 3315 τοῦ
3446 3260 3733 3326 Μωῡσέως

453 3359 972 3414 rentibusobseuris
998 3357 1333 3427 quihusdam
1367 3356 1719 3422 hominibus,
1745 3357 2047 3413 exhortans

455 3465 657 3510 eos,ac
698 3448 1303 3518 propemodumdicens
1329 3448 1442 3503 :llli
1462 3448 1597 3503 adeo
1631 3448 1850 3501 obscuri
1889 3447 2049 3501 ﬁdem

459 3543 791 3606 habuerunt,
808 3558 903 3596 vos
923 3554 1102 3595 autem
1124 3540 1439 3597 fluctuatis?
1464 3542 1647 3608 Quare
1663 3548 1843 3596 autem
1864 3539 2050 3595 occul-

457 3642 643 3687 tarunt
663 3647 784 3686 eum
806 3648 1023 3686 menses
1047 3638 1178 3698 tres,
1198 3631 1360 3702 idque
1384 3648 1507 3686 cum
1534 3633 1741 3701 regium
1765 3638 1912 3687 esset
1933 3631 2051 3686 edi-

457 3732 632 3784 ctum,
664 3730 724 3776 ut
776 3723 1004 3776 masculi
1025 3723 1784 3793 protinusinterimerentur?
1818 3726 2049 3785 Manife-

457 3823 603 3870 stum
630 3822 715 3868 εει
753 3812 900 3882 quod
925 3812 1476 3884 credideruntipsum
1527 3817 1863 3873 servandum
1894 3836 2043 3879 esse.

456 3907 613 3964 Unde
650 3916 830 3961 autem
857 3907 969 3960 haec
993 3908 1239 3976 ipsorum
1265 3907 1443 3963 ﬁdes?
1464 3907 1541 3963 Ex
1568 3925 1634 3964 eo
1657 3911 1806 3982 quod
1827 3913 2050 3986 elegans

456 4000 675 4071 puellus
704 4008 870 4054 esset.
891 3998 1247 4072 Nequaquam
1275 4000 1419 4055 enim
1446 4002 1886 4074 absquejdivina
1917 4023 2046 4077 gra-

457 4092 557 4158 tia,
596 4092 792 4162 inquit,
810 4095 994 4147 statim
1019 4093 1223 4149 acunis
1254 4093 1329 4148 ita
1348 4092 1552 4149 factum
1576 4096 1821 4152 fuissem
1843 4100 1958 4154 Per
1980 4101 2047 4154 li-

456 4186 579 4240 dem
597 4185 894 4256 Mosesjam
914 4185 1327 4257 grandisaﬂtec
1346 4189 1492 4243 enim
1510 4187 2045 4249 faciebatconlidens

456 4281 669 4350 potiora
688 4295 744 4333 se
758 4289 1138 4351 percepturum
1164 4281 1303 4335 bona
1329 4296 1493 4351 quam
1517 4291 1701 4337 essent
1724 4287 2042 4352 prmsentia.

459 4369 616 4436 Quod
638 4380 822 4424 autem
853 4370 950 4436 ait,
976 4367 1197 4436 Renuit,
1223 4370 1537 4426 manifestat
1562 4373 1708 4441 quod
1732 4374 1915 4430 studio
1937 4378 2046 4431 sei-

459 4478 618 4531 psnm
651 4462 993 4517 alietmverit.
1024 4480 1042 4513 ι
1070 4462 1245 4527 Quam
1278 4462 1629 4531 temporariis
1654 4466 1864 4533 peccati
1895 4482 2048 4522 com-

458 4552 636 4607 modis
655 4552 783 4607 frui.
811 4572 829 4605 ι
855 4552 1145 4607 Peccatum
1174 4555 1407 4621 vocavit,
1433 4571 1543 4610 non
1571 4557 1917 4615 collaborare
1948 4569 2043 4615 aut

458 4646 624 4700 simul
664 4662 937 4699 aerumnas
971 4656 1079 4715 pati
1107 4662 1231 4701 eum
1268 4650 1468 4718 populo
1506 4648 1638 4707 Dei:
1675 4667 1782 4705 non
1805 4662 1887 4708 est
1913 4669 2042 4725 ergo
2073 4629 2119 4688 D

457 4737 662 4792 fruitus
720 4737 883 4808 hujus
944 4741 1153 4807 peccati
1203 4742 1536 4800 commodis.
1574 4743 1789 4814 Cujus?
1844 4756 2042 4805 utnon

461 4845 571 4885 una
602 4844 725 4883 cum
764 4831 962 4911 populo
989 4830 1079 4886 Dei
1099 4847 1363 4887 :erunnus
1392 4833 1716 4893 afﬁceretur.
1757 4865 1776 4890 ι
1810 4838 2042 4912 Majores

458 4922 760 4979 arbitratus
837 4923 1130 4979 divitias.»
1228 4924 1346 4980 Non
1404 4928 1587 4983 dixit:
1645 4929 1877 5001 Majores
1942 4934 2043 4990 du-

459 5014 539 5070 xit
568 5014 786 5070 divitias
817 5030 982 5086 quam
1014 5017 1305 5072 thesauros
1327 5016 1717 5090 Egyptiorum
1750 5023 1891 5079 bona
1923 5041 2044 5095 quae

460 5123 513 5160 ιιι
562 5106 720 5162 caelis
764 5109 1004 5175 reposita
1065 5118 1217 5174 sunt,
1279 5110 1378 5164 sed
1433 5113 1605 5179 magis
1655 5114 2047 5174 demonstrans

460 5200 633 5269 Ipsius
667 5198 947 5266 virtutem,
984 5199 1060 5254 ait
1090 5218 1105 5256 :
1155 5218 1175 5253 ι
1210 5201 1479 5259 Probrum
1510 5202 1769 5273 Christi,»
1806 5208 1911 5264 hoc
1941 5220 2048 5278 est,

461 5292 662 5360 probro
725 5289 862 5346 allici
916 5291 1061 5345 sicut
1130 5292 1411 5348 Christus.
1494 5294 1677 5361 (Quis
1745 5308 1927 5353 aulcm
1996 5308 2049 5356 te

460 5382 749 5437 constituit
811 5384 1132 5453 principem,
1194 5386 1472 5458 inquiunt,
1545 5404 1717 5461 super
1763 5407 1866 5447 nos
1903 5392 2039 5447 “1’:

463 5474 596 5529 Nan.
625 5484 676 5531 et
708 5476 812 5531 hoc
843 5475 1103 5534 Christus
1132 5480 1377 5534 audivit:
1421 5501 1439 5533 ι
1474 5482 1577 5537 Per
1606 5497 1771 5552 quam
1802 5493 2047 5554 potesta-

463 5576 569 5622 tem
600 5568 714 5623 hare
755 5567 893 5623 facis
919 5568 1043 5623 ⁶¹ἳι
1079 5570 1186 5623 Aut
1222 5573 1426 5642 prohro
1460 5573 1597 5629 allici
1631 5585 1849 5646 propter
1886 5577 2046 5631 Chri-

462 5668 627 5715 stum.
675 5678 696 5713 ι
726 5660 859 5715 Nam
905 5672 1057 5733 petra
1092 5676 1212 5720 erat
1267 5667 1526 5724 Christus
1560 5669 1637 5734 ‘3;
1672 5688 1691 5723 ι
1732 5670 1821 5723 hic
1857 5681 2041 5727 autem

462 5766 564 5825 Ρτο
596 5760 750 5826 Deira
810 5755 902 5811 illa
927 5796 948 5825 ,
980 5766 1036 5814 et
1081 5759 1228 5830 quod
1281 5761 1493 5816 dederit
1518 5778 1585 5818 ex
1620 5777 1684 5818 ea
1737 5778 1936 5835 aquam
1970 5763 2034 5832 “,

532 5934 580 5969 “
610 5935 744 5995 Gen.
783 5955 952 6009 xmr,
979 5942 1071 6006 29,
1110 5942 1202 5998 3t.

1282 5944 1319 5974 "
1360 5942 1531 5998 Exod.
1566 5959 1624 6008 ιι,
1664 5944 1747 6000 Η.
1826 5946 1869 5980 ε’
1900 5943 2091 6002 Matth.
2119 5962 2229 6012 XXI,
2262 5947 2352 6002 ‘25.

2151 3362 2381 3432 ἀσήμων
2415 3358 2600 3423 τινῶν,
2639 3358 2917 3429 ἐντρέπων
2970 3357 3193 3424 αὐτοὺς,
3219 3357 3302 3411 ὅτι
3337 3356 3448 3410 Καὶ
3480 3355 3531 3408 oi
3561 3352 3761 3421 06m;

2152 3455 2356 3524 ἄσημοι
2406 3452 2589 3506 πίστιν
2644 3451 2823 3523 ἔσχον,
2882 3451 3041 3522 ὑμεῖς
3092 3452 3147 3505 δὲ
3204 3449 3539 3516 σαλεύεσθε;
3576 3449 3741 3512 Τίνος

2152 3547 2259 3619 γὰρ
2314 3547 2502 3600 ἕνεκεν
2561 3544 2808 3617 ἔκρυψαν
2872 3544 3034 3601 αὑτὸν
3087 3545 3372 3618 τρίμηνον,
3407 3546 3501 3598 καὶ
3561 3540 3740 3597 ταῦτα

2152 3639 2577 3712 προστάγματος
2642 3638 2796 3701 ὄντος
2834 3637 3115 3709 βασιλικοῦ
3172 3636 3242 3690 τὰ
3296 3637 3502 3709 ἄρρενα
3532 3636 3741 3700 εὐθέως

2152 3729 2532 3801 ἀναιρεῖσθαι;
2566 3728 2735 3799 Δῆλον
2761 3730 2843 3782 ὅτι
2868 3728 3198 3781 ἐπίστευσαν
3227 3726 3497 3792 σώζεσθαι
3549 3728 3737 3782 αὐτόν.

2162 3824 2227 3878 Ἦ
2285 3823 2342 3877 δὲ
2403 3823 2587 3884 πίστις
2623 3821 2802 3874 αὐτῶν
2838 3820 3035 3887 πόθεν;
3084 3820 3179 3873 Ἐκ
3226 3820 3321 3873 τοῦ
3354 3816 3493 3874 εἶναι
3521 3820 3738 3873 ἀστεῖον

2150 3915 2209 3969 τὸ
2270 3913 2503 3967 παιδίον.
2561 3913 2677 3967 Οὐκ
2729 3911 2795 3965 ἂν
2845 3914 2973 3980 γὰρ,
3020 3913 3207 3981 φησὶν,
3240 3911 3370 3966 ἄνευ
3403 3911 3551 3975 Θείας
3576 3912 3737 3982 χάρι-

2149 4024 2241 4072 τος
2294 4006 2457 4070 εὐθὺς
2511 4006 2576 4059 ἐκ
2642 4004 2979 4075 σπαργάνων
3049 4004 3223 4067 οὕτως
3276 4003 3515 4075 ἤμελλεν
3571 4000 3736 4059 εἶναι.

2155 4100 2387 4153 «Πίστει
2426 4097 2664 4168 Μωῦσῆς
2728 4096 2901 4167 μέγας
2966 4097 3279 4167 γενόμενος.
3311 4114 3331 4149 ι
3377 4095 3569 4151 Ταῦτα
3626 4098 3736 4166 γὰρ

2149 4190 2346 4255 ἐποίει,
2405 4188 2631 4260 μείζονα
2683 4188 2791 4241 τῶν
2853 4188 3138 4259 παρόντων
3196 4188 3421 4257 ἀγαθῶν
3466 4189 3736 4260 λήψεσθαι

2151 4278 2390 4354 θαρρῶν.
2428 4278 2502 4331 Τὸ
2540 4278 2620 4345 δὲ,
2656 4278 2987 4347 Ἦρνήσατο,
3025 4278 3085 4330 τὸ
3123 4276 3265 4348 μετὰ
3313 4276 3551 4347 σπουδῆς
3583 4277 3738 4330 ἀλλο-

2147 4372 2378 4444 τριῶσαι
2414 4370 2606 4425 ἑαυτὸν
2634 4370 2805 4441 δηλοῖ.
2847 4388 2865 4420 ι
2894 4369 2965 4422 Ἢ
2995 4368 3332 4441 πρόσκαιρον
3374 4369 3518 4441 ἔχειν
3549 4370 3738 4440 ἅμαρ-

2148 4467 2274 4530 τίας
2300 4466 2627 4521 ἀπόλαυσιν.
2657 4483 2676 4516 ι
2728 4462 3028 4535 Ἀμαρτίαν
3065 4461 3314 4529 ἐκάλεσε,
3342 4463 3402 4515 τὸ
3427 4464 3502 4534 μὴ
3527 4480 3738 4532 συγκα-

2149 4557 2463 4630 κουχεῖσθαι
2498 4556 2575 4628 τῷ
2598 4555 2733 4627 λαῷ·
2753 4555 2853 4609 οὐκ
2882 4554 3201 4627 ἀπήλαυσεν
3226 4554 3317 4609 οὖν
3346 4556 3444 4625 τῆς
3460 4556 3739 4627 ἁμαρτίας

2148 4652 2375 4723 ταύτης.
2431 4650 2632 4715 Ποίας;
2666 4649 2760 4703 τοῦ
2821 4648 2896 4722 μὴ
2953 4648 3456 4719 συγκακουχεῖσθαι
3511 4649 3589 4719 τῷ
3629 4648 3741 4720 λαῷ

2149 4745 2245 4798 τοῦ
2302 4744 2463 4798 Θεοῦ.
2523 4742 2813 4808 «Μείζονα
2867 4741 3100 4798 πλοῦτον
3158 4744 3578 4814 ἡγησάμενος.»
3629 4744 3744 4798 Οὐκ

2150 4835 2274 4893 εἷπε
2294 4857 2305 4869 ν
2327 4836 2568 4903 Μείζονα
2593 4837 2822 4890 πλοῦτον
2845 4836 3092 4909 ἡγήσατο
3116 4827 3228 4890 τῶν
3255 4838 3313 4891 ὲν
3340 4837 3610 4909 Αἰγύπτῳ
3630 4840 3726 4908 θη-

2155 4929 2376 4999 σαυρῶν
2432 4930 2500 4985 τὰ
2539 4931 2597 4982 ὲν
2657 4929 2906 4999 οὐρανοίς
2954 4929 3298 5001 ἀποκείμενα
3346 4929 3548 4999 ἀγαθὰ,
3606 4931 3746 4985 ἀλλὰ

2149 5021 2313 5074 πλέον
2347 5018 2606 5073 δεικνύων
2632 5017 2796 5072 αύτοῦ
2847 5017 2947 5091 τὴν
2969 5018 3194 5091 ἀρετὴν,
3245 5015 3390 5083 εἷπε,
3422 5019 3559 5073 «Τὸν
3602 5020 3745 5074 ὀνειο

2149 5114 2342 5184 δισμδν
2365 5113 2458 5167 τοῦ
2498 5113 2795 5183 Χριστοῦ,ι
2835 5114 3109 5179 τουτέστι,
3131 5114 3194 5168 τὸ
3221 5114 3581 5180 ὀνειδίζεσθαι
3610 5115 3687 5176 ὡς
3717 5116 3746 5169 ὁ

2150 5206 2409 5278 Χριστός.
2468 5205 2608 5269 «Τίς
2670 5223 2728 5259 σε
2790 5206 3119 5279 κατέστησε,
3172 5208 3360 5278 φησὶν,
3394 5208 3635 5277 ἄρχοντα
3658 5209 3745 5277 ἐφ’

2153 5300 2336 5372 ἠμᾶς;
2370 5316 2388 5351 ι
2432 5298 2605 5353 Τοῦτο
2637 5301 2746 5371 γὰρ
2788 5300 2882 5353 καὶ
2938 5299 2967 5351 ὀ
3010 5301 3247 5369 Χριστὸς
3296 5301 3553 5372 ἤκουσεν,
3595 5320 3617 5352 ‹
3657 5302 3746 5357 Ἐν

2154 5393 2286 5466 ποίᾳ
2315 5391 2538 5463 ἐξουσίᾳ
2598 5391 2772 5445 ταῦτα
2832 5392 3081 5459 ποιεῖςςι
3145 5388 3218 5444 Ἶί
3269 5392 3332 5445 τὸ
3386 5392 3745 5457 ὀνειδίζεσθαι

2150 5484 2239 5537 διὰ
2268 5485 2360 5538 τὸν
2399 5482 2655 5555 Χριστόν.
2683 5500 2702 5534 ι
2728 5482 2791 5534 'II
2852 5481 2962 5552 γὰρ
3020 5482 3197 5553 πέτρα
3239 5478 3308 5555 ἦν
3358 5485 3387 5538 ὀ
3444 5484 3738 5555 Χριστός.»

2151 5569 2318 5642 Οὗτος
2352 5578 2408 5630 δὲ
2457 5576 2595 5647 ὑπὲρ
2631 5575 2733 5643 τῆς
2766 5575 2971 5644 πέτρας
3000 5575 3222 5646 ἐκείνης
3275 5576 3374 5631 καὶ
3415 5577 3511 5631 τοῦ
3560 5577 3771 5633 δοῦναι

2149 5671 2209 5737 ἐξ
2237 5669 2408 5741 αὐτῆς
2450 5669 2511 5723 τὸ
2555 5668 2722 5739 ὕδωρ,
2761 5667 2936 5722 πολλὰ
2966 5668 3282 5739 ἐλοιδορήθη
3308 5669 3414 5724 ὑπὸ
3465 5671 3576 5724 τῶν
3615 5672 3744 5725 ’1ου-

2148 5763 2336 5818 δαίων.
2372 5782 2390 5815 ι
2410 5763 2527 5841 Τὸν
2555 5761 2861 5832 ὀνειδισμὸν
2898 5761 2993 5816 τοῦ
3023 5764 3287 5832 Χριστοῦ.
3317 5783 3338 5817 ι
3367 5764 3434 5818 Τί
3461 5765 3602 5830 ἐστι,
3636 5766 3740 5822 Τὸν

2431 5942 2516 5998 ⁸³1
2548 5943 2673 6000 Cor.
2709 5961 2759 6012 x,
2788 5944 2838 5999 ί.
2919 5943 2965 5977 ⁸³
3000 5944 3172 6000 Exod.
3208 5962 3338 6013 xv",
3382 5946 3406 6002 1
3439 5961 3595 6020 seqq.
