3970 6576
204 340 300 410 il?

1232 342 1620 418 COMMEN'E.
1664 344 1748 407 ΙΝ
1778 345 2021 411 EPIST.
2059 347 2158 408 AD
2184 347 2416 409 HEBR.

3350 351 3461 419 418

198 454 500 525 ὀνειδισμὸν
545 452 637 508 τοῦ
667 451 948 526 Χριστοῦ;
981 451 1263 520 Τουτέστι,
1311 454 1372 508 τὸ
1416 452 1774 518 ὀνειδίζεσθαι

1881 454 2048 509 multa
2081 470 2278 526 passus
2302 465 2425 511 esta
2448 451 2651 510 Judeis
2676 454 2935 511 convitia.
2964 426 3126 530 413
3160 457 3461 515 iProbrum

194 543 435 611 τοιαῦτα,
465 544 682 608 δεικνὺς
729 543 825 599 τὸν
870 543 1202 615 ὀνειδισμὸν,
1235 542 1295 597 ὃν
1326 546 1353 598 ὁ
1378 545 1616 617 Χριστὸς
1649 546 1780 599 ὑπέα-

198 651 395 703 μεινεν.
430 635 506 688 Ἦ
537 635 619 688 ὄτι
644 634 735 688 διὰ
783 634 875 688 τὸν
924 634 1163 706 Χριστὸν
1215 633 1528 705 ὑπέμεινεν.
1575 633 1639 688 Ἡ
1671 635 1778 707 γὰρ

195 726 366 797 πέτρα
397 719 470 795 ἦν
501 725 534 777 ὁ
558 724 815 796 Χριστός.
862 724 1023 788 Εἰκὸς
1060 724 1172 796 γὰρ
1200 719 1269 796 ἦν
1295 725 1553 779 κάκεῖνον
1579 726 1774 779 ὀνειδί-

192 820 378 884 ζεσθαι
406 820 502 872 ὅτε
532 819 754 891 ἤκουσε,
788 818 879 890 Μὴ
914 818 1125 873 ἀνελεῖν
1149 836 1216 891 με
1264 820 1329 874 σὺ
1364 820 1540 884 θέλεις
1568 820 1628 875 ὃν
1656 821 1780 891 τρό-

194 930 285 968 πον
321 913 541 977 ἀνεῖλες
591 912 719 982 χθὲς
769 913 862 967 τὸν
917 913 1263 981 Αίγύπτιον;
1318 913 1597 968 τουτέστιν
1648 914 1782 967 ὀνει-

189 1006 373 1077 δισμὸς
438 1004 540 1059 τοῦ
605 1004 869 1078 Χριστοῦ,
925 1006 1091 1077 μέχρι
1147 1005 1490 1069 τέλους¹καὶ
1540 1005 1779 1075 ἐσχάτης

192 1098 468 1168 ἀναπνοῆς
501 1099 739 1169 πάσχειν
773 1099 981 1165 κακῶς,
1006 1099 1200 1171 ὥσπερ
1257 1099 1420 1163 αὐτὸς
1472 1097 1779 1164 ὠνειδίζετο

190 1194 276 1246 καὶ
310 1193 538 1262 ἡκουεν,
588 1192 680 1246 «Εἰ
713 1191 841 1255 Υἱὸς
869 1189 919 1244 si
941 1192 1035 1245 τοῦ
1062 1190 1220 1259 Θεοῦ,
1245 1192 1514 1261 κατάϐηθι
1542 1193 1649 1245 ἀπὸ
1682 1191 1775 1246 τοῦ

173 1266 475 1357 σταυροῦ.»
535 1286 861 1356 Ἀμφότεροι
890 1285 997 1358 γὰρ
1030 1286 1134 1340 ὑπὸ
1164 1286 1272 1338 τῶν
1305 1285 1452 1339 ἰδίων
1504 1284 1779 1356 συμφυλε-

189 1377 307 1441 τῶν,
341 1378 490 1448 ὑπὲρ
536 1371 613 1431 ὧν
671 1377 1028 1448 εὐηργέτουν,
1078 1377 1434 1443 ὠνειδίζοντο.
1477 1377 1778 1431 ’Λπέϐλεπε

190 1470 308 1541 γάρ.
341 1470 519 1542 Ὁρᾷς
542 1470 642 1543 τὴν
675 1470 896 1539 πίστιν;

253 1736 464 1790 Πίστει
524 1737 853 1792 κατέλιπεν
881 1738 1209 1807 Αἴγυπτον,
1236 1738 1324 1808 μὴ
1363 1739 1643 1809 φοϐηθείς
1671 1739 1779 1794 τὸν

192 1827 373 1895 θυμὸν
400 1828 517 1881 τοῦ
561 1829 873 1896 ,βασιλέως
901 1828 1030 1901 (τὸν
1062 1829 1171 1901 γὰρ
1194 1831 1452 1900 ἀόρατον
1479 1832 1557 1899 ὡς
1594 1832 1771 1900 ιερῶν,
1808 1809 1850 1866 Β

192 1920 597 1990 ἐκαρτέρησε).
636 1922 843 1976 Πίστει
873 1924 1162 1989 πεποίηκε
1187 1924 1253 1977 τὸ
1282 1922 1511 1993 πάσχα,
1545 1926 1642 1978 καί
1669 1924 1782 1993 τὴν

194 2015 544 2081 πρόσχυσιν
581 2015 690 2068 τοῦ
721 2016 995 2084 αἵματος,
1023 2016 1123 2069 ἵνα
1154 2015 1240 2084 μὴ
1273 2018 1305 2070 ὁ
1336 2019 1678 2085 ὀλοθρεύων
1709 2018 1780 2071 τὰ

196 2105 533 2171 πρωτότοκα
550 2106 684 2176 θίγῃ
710 2106 927 2160 αὐτῶν.
951 2107 1156 2161 Πίστει
1177 2108 1464 2176 διέϐησαν
1477 2108 1594 2176 τὴν
1609 2109 1778 2177 Ἐρυ-

197 2197 332 2263 θρὰν
356 2197 696 2253 θάλασσαν
724 2200 804 2264 ὡς
820 2199 920 2253 διὰ
947 2199 1156 2269 ξηρᾶς,
1173 2196 1248 2270 ἧς
1263 2201 1475 2270 πεῖραν
1489 2204 1781 2269 λαϐόντες

195 2291 565 2358 οίΑιτύπτιοι
592 2293 1039 2360 κατεπόθησαν.
1061 2292 1266 2346 Πίστει
1283 2293 1355 2347 τὰ
1375 2293 1538 2363 τείχη
1554 2294 1780 2364 Ἶεριχὼ

198 2379 509 2447 κατέπεσε,
538 2381 930 2436 κυκλωθέντα
959 2382 1057 2435 ἐπὶ
1112 2382 1262 2437 ἑπτὰ
1290 2382 1538 2453 ἡμέρας.
1574 2385 1781 2439 Πίστει

206 2468 374 2525 Ῥαὰϐ
404 2472 442 2541 ἠ
486 2474 683 2541 πόρνη
713 2474 785 2527 οὐ
818 2474 1215 2528 συναπώλετο
1238 2473 1365 2540 τοῖς
1388 2475 1777 2544 ἀπειθήσασι,

195 2560 481 2634 δεξαμένη
514 2563 657 2633 τοὺς
690 2569 1114 2633 κατασκόπους
1141 2566 1270 2635 μετ’
1301 2568 1563 2635 εἰρήνης.

264 2765 282 2798 ι
312 2749 510 2803 Πίστει
568 2750 863 2807 κατέλιπεν
908 2750 1207 2819 Αἴγυπτον.
1237 2769 1256 2802 ι
1318 2749 1507 2805 Πίστει
1561 2751 1774 2824 ἐξῆλθε,

197 2835 277 2892 διὰ
318 2839 379 2892 τὸ
428 2842 510 2912 μὴ
572 2842 833 2911 πειράσαι
871 2841 962 2895 τὸν
991 2842 1125 2896 Θεὸν
1149 2844 1196 2896 εί
1229 2841 1415 2906 σώζει.
1469 2844 1578 2897 Καὶ
1607 2843 1667 2896 τὸ
1699 2844 1773 2916 μὴ

199 2930 466 3000 πειράσαι,
499 2930 594 2984 διὰ
636 2933 877 2996 πίστεως
901 2928 990 3004 ἦν.
1030 2934 1099 2987 Ἦ
1131 2935 1432 2998 πιστεύσας
1482 2932 1634 3004 ἥξειν
1681 2935 1775 2988 καὶ

199 3020 409 3085 ἐξοίσειν
434 3024 536 3076 τὴν
564 3022 712 3077 λαόν.
749 3026 870 3094 «Μὴ
899 3024 1159 3095 φοϐηθεὶς
1180 3027 1270 3080 τὸν
1288 3028 1461 3098 θυμὸν
1497 3026 1590 3080 τοῦ
1621 3026 1775 3097 βασι-

199 3111 380 3176 λέως.»
408 3114 612 3167 Καίτοι
648 3114 736 3167 Ἑν
796 3117 863 3185 τῇ
902 3114 1098 3188 Ἐξόδῳ
1150 3120 1329 3171 κεῖται
1386 3119 1448 3169 τὸ
1502 3118 1773 3189 ἐφοϐήθη.

210 3204 334 3258 Ἀλλ’
371 3206 536 3259 οὐδὲν
563 3207 827 3261 ἐναντίον.
847 3208 1116 3263 Τοσοῦτον
1147 3212 1257 3279 γὰρ
1281 3209 1381 3263 οὐκ
1404 3210 1669 3279 ἐφοϐεῖτο,
1694 3211 1776 3265 ὅτι

202 3298 344 3353 πάλιν
372 3296 539 3371 ἦλθε.
566 3301 909 3371 Φοϐουμένου
945 3298 1137 3374 γὰρῆν
1187 3303 1246 3356 τὸ
1277 3304 1475 3375 μηκέτι
1508 3303 1779 3374 ὑποστρέ-

199 3389 283 3460 ψαι
305 3394 383 3457 είς
399 3395 705 3463 Αἴγυπτον.
739 3395 813 3448 Τὸ
847 3389 938 3449 οὖν
965 3395 1041 3449 Οὐ
1075 3395 1334 3468 φοϐηθεὶς
1368 3396 1459 3449 τὸν
1491 3395 1661 3467 θυμὸν
1679 3396 1774 3450 τοῦ

202 3488 472 3556 βασιλέως,
493 3490 567 3554 ὡς
584 3490 723 3563 πρὸς
745 3492 806 3544 τὸ
835 3491 996 3546 πάλιν
1035 3491 1209 3545 ἐλθεῖν
1234 3494 1368 3547 νόει.
1389 3492 1462 3545 Τὸ
1482 3492 1536 3545 δὲ
1560 3493 1775 3564 πρῶτον

200 3580 444 3654 ἐφοϐήθη,
507 3584 568 3636 οὐ
615 3583 992 3656 τὸνβασιλέα,
1026 3585 1161 3639 ἀλλὰ
1212 3585 1286 3656 μὴ
1328 3585 1653 3656 βουλόμενος
1695 3590 1775 3651 εἰς

202 3673 469 3743 προῦπτον
524 3676 771 3731 κίνδυνον
818 3677 1011 3731 ἑαυτὸν
1059 3678 1372 3748 ἐπιρῤῖψαι.
1428 3679 1601 3732 Τοῦτο
1664 3677 1773 3750 γὰρ

202 3766 541 3836 πειράζοντος
577 3763 645 3841 ἦν
703 3769 796 3822 τὸν
824 3768 977 3824 Θεόν.
1019 3769 1090 3822 Ἦ
1139 3769 1222 3822 ὅτι
1272 3771 1371 3823 οὐκ
1397 3770 1641 3840 ἐφοϐήθη
1696 3769 1773 3840 μὴ

202 3861 435 3926 τοσοῦτος
454 3861 685 3931 γένηται
716 3862 744 3914 ό
793 3862 963 3933 θυμξς
1008 3860 1083 3926 ὡς
1115 3863 1208 3916 καὶ
1243 3862 1585 3933 ἀναζητῆσαι
1611 3862 1773 3916 αὑτὸν

204 3954 443 4019 φυγόντα.
484 3953 649 4007 Ὅθεν
692 3955 752 4006 οὐ
808 3954 1054 4025 μακρὰν,
1082 3954 1200 4008 ἀλλ’
1230 3956 1293 4008 ἐκ
1342 3955 1601 4023 γειτόνων
1639 3956 1773 4008 ἀπέ-

202 4042 304 4113 δρα,
334 4045 512 4098 Τοῦτο
555 4045 613 4100 δέ
662 4046 903 4111 πίστεως
937 4044 1026 4120 ἦν.
1083 4048 1227 4100 «Τὸν
1264 4049 1374 4118 γὰρ
1412 4047 1645 4118 ἀόρατον
1696 4047 1772 4111 ὡς

201 4138 323 4208 ὀρῶν
346 4140 715 4211 ἐκαρτέρησε.
742 4159 762 4193 ι
799 4140 905 4193 Τὸν
936 4140 1173 4209 ἀόρατον
1195 4140 1332 4194 Θεὸν
1352 4141 1540 4210 ὥσπερ
1565 4140 1773 4208 delicti-

1880 546 2129 603 Christi?
2160 567 2180 601 ι
2215 547 2513 615 Quidnam,
2544 546 2627 601 Ad
2662 549 2924 619 probrum
2957 549 3209 605 Christi?
3238 553 3341 605 hoc
3361 562 3467 615 est,

1882 641 2016 694 talia
2078 641 2355 696 sustinere
2412 643 2732 713 Opprobria,
2768 641 3071 697 ostendens
3101 645 3459 712 opprobrium

1881 732 2026 803 quod
2068 749 2265 804 passus
2302 743 2385 790 est
2413 733 2665 790 Christus
2694 775 2709 799 ,
2739 746 2830 787 aut
2861 736 3006 805 quod
3048 745 3271 806 propter
3299 738 3462 790 Chri-

1882 831 2025 878 stum
2057 823 2342 878 sustinuit.
2370 821 2505 878 Nam
2535 833 2689 895 petra
2714 834 2831 880 erat
2855 826 3131 880 Christus.
3161 826 3468 881 Consenta-

1881 929 2045 968 neum
2083 922 2167 969 est
2189 915 2354 968 etiam
2378 914 2529 969 illum
2560 917 2760 985 probro
2799 914 2970 971 fuisse
3001 916 3280 970 allectum.
3323 918 3458 972 Cum

1881 1006 2120 1061 audivit:
2143 1004 2280 1061 Num
2308 1008 2559 1063 occidere
2578 1024 2662 1063 me
2682 1017 2739 1062 tu
2758 1008 2840 1064 vis
2867 1009 3325 1079 quemadmodum
3349 1010 3464 1064 heri

1880 1098 2132 1154 occidisti
2160 1099 2469 1170 Egyptium
2493 1103 2518 1155 ’ί
2569 1102 2675 1158 hoc
2732 1111 2817 1158 cst
2846 1102 3051 1158 Christi
3085 1106 3466 1177 opprobrium,

1880 1191 2041 1245 malis
2086 1204 2150 1246 ac
2210 1192 2454 1260 injuriis-
2492 1192 2629 1247 allici
2702 1211 2876 1264 usque
2937 1196 3005 1248 ad
3066 1196 3228 1249 liuent
3275 1210 3459 1249 extre-

1886 1299 2167 1353 mumqne~
2208 1284 2505 1355 spiritum:
2566 1287 3027 1354 quemadmodum
3069 1287 3158 1342 ille
3219 1290 3461 1343 convitia

1880 1375 2142 1429 sustinuit
2173 1384 2226 1429 et
2254 1376 2485 1441 audivit,
2529 1396 2547 1430 ι
2571 1376 2625 1432 Si
2662 1377 2834 1433 Filius
2862 1377 2956 1432 Dei
2991 1395 3071 1443 es,
3106 1380 3375 1434 descende
3402 1381 3471 1434 de

1886 1480 2073 1521 cruce:
2092 1485 2109 1518 ι
2152 1478 2381 1536 uterque
2408 1468 2551 1522 enim
2584 1470 2800 1539 probris
2818 1480 2869 1523 et
2891 1474 3153 1526 conviciis
3182 1473 3468 1540 petebatur

1880 1574 1911 1613 a
1945 1562 2063 1616 suis
2097 1561 2530 1629 eontribulibus,
2557 1564 2675 1618 loco
2707 1564 3094 1619 beneﬁciorum
3131 1567 3331 1633 quibus
3361 1581 3459 1621 eos

1880 1648 2158 1705 aﬂ‘eeerat.
2194 1649 2523 1721 Respectum
2551 1655 2697 1708 enim
2735 1656 2989 1710 habebat.
3025 1654 3192 1710 Vides
3261 1654 3467 1710 tidem?

1949 1743 2043 1808 XI,
2078 1745 2272 1799 27-51.
2352 1746 2456 1801 Per
2507 1748 2666 1817 ﬁdem
2721 1749 2932 1817 reliquit
2972 1749 3264 1821 Egyptian
3320 1748 3464 1802 haud

1882 1836 2076 1891 veritus
2110 1838 2439 1908 ferocitatem
2474 1840 2633 1909 regis.
2669 1839 2893 1894 Perinde
2926 1858 3029 1894 non
3059 1841 3216 1911 quasi
3249 1841 3469 1895 vidisset

1880 1947 2000 1986 eum
2029 1933 2119 2001 qui
2157 1939 2237 1986 est
2285 1933 2565 1986 invisibilis
2596 1935 2674 1987 ita
2708 1933 2973 1987 toleravit.
3007 1935 3112 1986 Per
3135 1933 3295 2002 ﬁdem
3340 1934 3465 2001 [erit

1880 2024 2078 2092 pascha
2108 2034 2158 2078 et
2187 2024 2495 2093 effusionem
2526 2027 2822 2096 sanguinis,
2879 2042 2940 2079 ne
2971 2027 3016 2079 is
3056 2028 3147 2095 qui
3177 2027 3466 2096 perimebat

1881 2117 2256 2186 primogenita,
2317 2126 2551 2188 tangeret
2591 2119 2754 2187 ipsos.
2814 2117 2921 2171 Per
2952 2117 3109 2184 ﬁdem
3140 2122 3467 2174 transierunt

1884 2223 2029 2260 mare
2061 2206 2302 2261 Rubrum
2352 2208 2510 2262 veluti
2553 2225 2645 2277 per
2697 2209 2889 2262 siccam
2927 2219 3143 2273 terram,
3179 2214 3318 2282 quod
3347 2229 3466 2266 cum

1882 2300 2455 2370 tentassenthgyptii,
2494 2300 2730 2370 absorpti
2762 2311 2901 2354 sunt.
2930 2301 3033 2355 Per
3065 2302 3221 2372 ﬁdem
3268 2307 3460 2358 moenia

1878 2391 2092 2447 Iericho
2131 2392 2473 2446 conciderunt
2505 2393 2839 2447 circumdata
2867 2395 2935 2447 ad
2970 2395 3082 2449 dies
3112 2407 3326 2464 septem.
3363 2397 3469 2451 Per

1879 2483 2037 2553 fidem
2059 2481 2241 2536 Raliab
2274 2484 2523 2537 meretrix
2550 2500 2651 2536 non
2673 2485 2827 2553 periit
2861 2500 2965 2538 una
2994 2501 3110 2539 cum
3131 2486 3213 2540 Itis
3238 2488 3329 2557 qui
3358 2505 3461 2541 non

1879 2574 2203 2639 obedierant,
2242 2592 2359 2628 cum
2384 2578 2671 2647 excepisset
2704 2577 2936 2648 hospitio
2969 2577 3332 2649 exploratores
3369 2597 3469 2649 ραι

1877 2670 2047 2740 ciﬁce.

1957 2780 1975 2813 ι
2006 2760 2107 2817 Per
2141 2761 2299 2817 tidem
2337 2761 2926 2834 reliquitzEgyptum.»
2968 2763 3070 2819 Per
3093 2764 3251 2819 lidem
3273 2781 3462 2835 egres-

1864 2869 1977 2927 sus
2018 2862 2124 2916 est,
2148 2870 2214 2909 ne
2247 2854 2415 2908 Deum
2442 2863 2706 2917 tentaret,
2759 2872 2889 2909 num
2925 2855 3104 2926 ipsum
3146 2867 3467 2912 servaturus

1876 2953 2056 3001 esset:
2090 2945 2327 3017 idipsum
2373 2956 2554 3002 autem
2583 2962 2692 3000 non
2723 2956 2954 3015 tentare,
2991 2947 3113 3002 lidci
3157 2956 3297 3004 erat.
3353 2951 3462 3004 Aut

1876 3050 1999 3090 cum
2053 3037 2377 3091 credidisset
2417 3052 2475 3091 se
2525 3052 2648 3092 esse
2689 3048 2986 3092 venturum
3028 3045 3082 3092 et
3131 3038 3459 3092 educturum

1879 3127 2160 3196 populum.
2203 3146 2221 3178 ι
2247 3124 2402 3181 lland
2435 3128 2641 3182 veritus
2676 3127 2933 3184 ferociam
2970 3130 3169 3200 regis.»
3207 3130 3369 3199 Atqui
3405 3131 3460 3184 in

1880 3217 2066 3272 Exodo
2091 3219 2326 3274 habetur
2347 3220 2492 3290 quod
2528 3219 2772 3275 timuerit
2800 3239 2814 3274 :
2852 3222 2947 3276 sed
2978 3222 3114 3276 nihil
3143 3238 3209 3276 ex
3234 3223 3337 3276 hoc
3368 3224 3463 3276 lia-

1880 3311 2044 3366 l‘elur
2084 3313 2441 3366 contrarium.
2462 3312 2651 3382 Neque
2676 3327 2782 3366 non
2816 3313 2949 3367 adeo
2970 3313 3146 3367 timuit
3178 3313 3310 3384 quin
3336 3329 3461 3367 rur-

1880 3416 2001 3457 sum
2039 3402 2279 3456 rcdiret:
2335 3401 2584 3457 timentis
2642 3415 2754 3455 non
2812 3400 3011 3455 fuisset
3065 3416 3175 3454 non
3227 3401 3463 3469 amplius

1879 3494 2080 3549 reverti
2137 3495 2189 3548 in
2236 3490 2552 3565 IEgypmm.
2598 3491 2754 3559 Quod
2788 3508 2920 3562 ergo
2946 3493 3041 3557 ait,
3097 3491 3215 3547 Non
3248 3493 3463 3547 veritus

1877 3586 2138 3641 ferociam
2184 3587 2352 3656 regis,
2414 3585 2658 3655 iutellige
2706 3585 2772 3639 ad
2820 3585 3065 3639 secundo
3097 3585 3459 3639 redeundum.

1880 3678 2064 3733 Primo
2112 3687 2294 3731 autem
2344 3679 2526 3731 timuit
2559 3694 2664 3732 non
2694 3692 2899 3746 regem,
2946 3677 3042 3731 sed
3086 3676 3280 3730 nolens
3318 3676 3456 3730 sein

1878 3769 2232 3825 manifestum
2259 3772 2535 3840 conjicere
2562 3771 2894 3841 periculurn.
2967 3769 3100 3823 Nam
3133 3769 3238 3822 hoc
3269 3769 3462 3823 luisset

1878 3864 2140 3921 tentantis
2165 3863 2358 3918 Deum.
2395 3864 2504 3916 Aut
2536 3862 2682 3932 quod
2709 3877 2815 3915 non
2844 3860 3086 3915 timuerit
3115 3876 3180 3915 ne
3212 3861 3349 3915 adeo
3376 3860 3460 3913 in-

1876 3968 2149 4012 cresceret
2170 3954 2290 4025 eius
2311 3954 2537 4020 ferocia,
2564 3966 2620 4007 ut
2642 3969 2766 4006 eum
2801 3954 3104 4021 inquireret
3139 3952 3460 4023 fugientem.

1876 4046 2033 4103 Unde
2058 4064 2163 4102 non
2197 4048 2376 4117 longe,
2413 4046 2507 4099 sed
2554 4045 2619 4099 ad
2668 4045 2848 4099 vicina
2894 4046 3012 4097 loca
3051 4044 3305 4113 aufugit:
3357 4044 3467 4099 hoc

1876 4149 2057 4195 autem
2092 4139 2214 4194 lidei
2247 4147 2384 4193 erat.
2408 4156 2427 4189 ι
2449 4136 2683 4191 Perinde
2706 4137 2850 4189 enim
2882 4135 3038 4206 quasi
3078 4136 3304 4189 vidisset
3330 4150 3455 4189 eum

205 4232 308 4299 μοῖς
330 4234 618 4304 σαρκικοῖς
641 4232 803 4305 ὀρῶν.
843 4231 1022 4303 Ἐὠρα
1044 4232 1101 4285 δὲ
1122 4232 1286 4286 αὑτὸν
1310 4233 1553 4296 διανοίας
1570 4232 1772 4303 ὀφθαλ-

1881 4235 1970 4305 qui
2021 4242 2110 4289 est
2143 4231 2463 4294 invisibilis,
2503 4230 2579 4284 ita
2610 4229 2882 4283 toleravit.
2923 4248 2942 4279 ι
3013 4225 3244 4281 Perinde
3301 4226 3463 4296 quasi

206 4326 330 4391 μοῖς,
362 4327 462 4379 καὶ
497 4327 676 4379 πάντα
708 4326 973 4396 ὑπέμεινε
1006 4326 1314 4397 καρτερῶς,
1356 4327 1453 4397 τὴν
1489 4326 1628 4397 μετὰ
1675 4326 1769 4380 τοῦ

1881 4325 2055 4379 oculis
2100 4324 2318 4378 carneis
2369 4309 2534 4376 Deum
2606 4321 2837 4374 vidisset
2886 4319 2981 4390 qui
3019 4333 3103 4374 εει
3135 4316 3455 4372 invisibilis.

201 4413 313 4470 λαοῦ
342 4419 671 4489 κακουχίαν,
704 4418 804 4490 τὴν
835 4419 1038 4490 φυγὴν,
1073 4419 1146 4473 τὰ
1171 4419 1308 4475 ἄλλα
1334 4420 1531 4474 πάντα.
1584 4420 1771 4487 Μεγά-

1881 4416 2028 4471 Vidit
2067 4424 2258 4471 autem.
2284 4431 2407 4469 eum
2446 4413 2622 4468 oculis
2652 4414 2873 4475 mentis,
2911 4419 2964 4466 et
3015 4410 3200 4466 omnia
3230 4409 3463 4463 viriliter

201 4506 283 4578 λης
307 4513 415 4582 γὰρ
444 4511 726 4580 ὑπομονῆς
779 4511 1076 4582 ποιητικὸν
1135 4512 1197 4563 τὸ
1244 4511 1388 4582 ἔχειν
1436 4513 1494 4565 ἐν
1559 4512 1635 4583 νῷ
1676 4513 1767 4565 τὸν

1881 4512 2153 4577 toleravit,
2192 4524 2388 4579 nempe
2423 4522 2699 4561 :erumnas
2735 4521 2843 4561 una
2894 4521 3019 4560 eum
3077 4505 3279 4574 populo
3341 4502 3455 4567 Dei,

201 4598 332 4657 Θεὸν.
397 4603 636 4657 ιῐΙίστει
699 4602 970 4672 πεποίηκε
1017 4601 1079 4654 τὸ
1127 4602 1385 4674 πάσχα.»
1456 4599 1593 4657 Eine
1656 4604 1766 4674 γὰρ

1881 4603 2077 4674 rugam,
2104 4610 2409 4671 caateraque
2450 4600 2652 4654 omnia.
2697 4598 2900 4669 Illaguai
2949 4598 3147 4652 etenim
3185 4594 3465 4664 patientiae

200 4692 405 4767 Μωσῆς,
428 4695 697 4766 Χρίσατε,
729 4696 817 4750 ἵνα
851 4697 1085 4767 σωθῆτε,
1118 4697 1212 4750 καὶ
1241 4695 1570 4750 ἐπίστευσαν
1602 4695 1768 4758 σώζε-

1881 4709 2039 4748 cansa
2062 4700 2144 4747 est
2170 4691 2372 4745 habere
2397 4691 2453 4745 in
2483 4699 2666 4744 mente
2701 4690 2893 4742 Deutn.
2922 4685 3088 4759 414
3121 4705 3137 4735 ι
3167 4687 3273 4738 Per
3299 4684 3454 4738 ﬁdem

202 4785 327 4842 σθαι.
379 4787 613 4842 Ἐκεῖνοι
671 4790 793 4859 μὲν,
825 4793 1013 4860 φησὶν,
1047 4789 1243 4860 αἵματι
1295 4789 1460 4859 ἀρνοῦ
1514 4788 1767 4841 ἐπίστευ-

1881 4784 2007 4840 fecit
2032 4783 2259 4853 pascha.
2288 4802 2307 4834 ι
2355 4783 2500 4835 Dixit
2531 4783 2675 4837 enim
2708 4779 2890 4834 Moses
2920 4797 2932 4831 :
2975 4780 3155 4832 Linite
3186 4786 3372 4846 postes
3401 4783 3457 4829 ut

202 4890 287 4929 σαν
313 4877 685 4951 σωθήσεσθαι,
717 4867 813 4934 καὶ
838 4882 1126 4951 ἐπέτυχον.
1170 4882 1358 4952 Ὑμεῖς
1398 4880 1475 4945 δὲ,
1501 4881 1655 4950 φησι,
1689 4880 1768 4951 τῷ

1881 4876 2203 4941 servemini,
2237 4884 2292 4929 et
2342 4875 2697 4928 crediderunt
2754 4870 2899 4943 quod
2940 4872 3196 4924 Servaudi
3245 4877 3452 4924 essent.

200 4968 371 5038 αἵματι
402 4971 500 5024 τοῦ
533 4970 778 5042 Χριστοῦ
829 4972 949 5035 πῶς
988 4973 1047 5024 οὐ
1078 4972 1282 5042 μᾶλλον
1321 4971 1641 5026 πιστεύσετε
1671 4975 1769 5027 καὶ

1881 4967 1953 5022 llli
1982 4968 2201 5039 quidem
2229 4964 2581 5020 crediderunt
2609 4982 2668 5020 se
2697 4981 2794 5035 per
2824 4963 3144 5034 sanguinem
3181 4962 3304 5030 agni
3338 4976 3453 5013 ser-

201 5060 496 5133 σωθήσεσθε
536 5061 647 5115 ἀπὸ
697 5060 808 5115 τῶν
860 5061 1327 5118 ἐπιϐουλευόντων
1377 5063 1538 5133 ὑμῖν;
1612 5064 1767 5117 «Καὶ

1881 5060 2109 5126 vandos,
2152 5060 2356 5130 inquit,
2422 5058 2585 5128 idque
2623 5057 2902 5112 consecuti
2951 5062 3077 5109 sunt
3121 5095 3135 5107 .
3192 5052 3299 5107 Vos
3323 5068 3453 5121 etgn

198 5150 282 5220 τὴν
319 5154 627 5225 πρόσχυσιν
695 5153 778 5207 τοῦ
842 5155 1093 5225 αἵματος.
1125 5175 1143 5208 ι
1182 5155 1489 5227 Πρόσχυσιν
1534 5154 1766 5226 αἵματος

1881 5155 2148 5226 quomodo
2176 5169 2285 5209 non
2317 5152 2492 5222 magis
2516 5150 2756 5206 credetis
2784 5167 2879 5220 per
2910 5148 3237 5219 sanguinem
3292 5146 3389 5201 Clu
3408 5148 3455 5199 i-

199 5241 405 5301 ἒκάλεσε
458 5246 559 5320 τὴν
617 5247 762 5303 κατὰ
816 5247 924 5301 τῶν
983 5248 1154 5317 φλιῶν
1182 5247 1293 5302 τῶν
1327 5247 1510 5320 θυρῶν
1567 5247 1768 5318 χρίσιν,

1881 5250 1938 5302 sti
1967 5262 2066 5302 vos
2087 5262 2210 5302 esse
2243 5245 2567 5311 servandos,
2605 5250 2660 5298 et
2690 5242 3049 5298 servabimini
3090 5241 3159 5294 ab
3191 5239 3454 5294 omnibus

1868 5338 1960 5407 qui
1994 5336 2153 5392 vobis
2184 5334 2519 5391 insidiantur
2545 5333 2570 5388 ?
2605 5352 2623 5385 ι
2647 5330 2716 5387 Et
2744 5333 3065 5387 ell’usiouem
3103 5329 3452 5400 sanguinis»

1870 5428 2202 5483 [illusionem
2233 5426 2518 5498 sanguinis
2557 5425 2773 5479 vocavit
2834 5422 3147 5478 unctionem
3200 5420 3454 5475 liminum
3496 5417 3507 5495 "

1866 5523 2190 5582 ostriorum,
2218 5535 2286 5574 ne
2311 5527 2559 5591 tangeret
2591 5517 2741 5587 ipsos
2772 5516 3172 5572 exterminator
3201 5514 3446 5582 angelus.
3493 5518 3501 5577 ξ

1865 5614 1923 5668 id
1959 5624 2142 5668 autem
2198 5623 2359 5683 typus
2405 5621 2527 5667 erat
2559 5609 2850 5680 sanguinis
2871 5609 3009 5679 Agni
3047 5603 3315 5661 Dei.Nam
3354 5617 3454 5671 per

1870 5705 2045 5775 ipsius
2086 5706 2408 5776 sanguinem
2456 5704 2733 5776 abigimus
2766 5702 3249 5759 exterminatorem
3291 5694 3457 5750 Sata-

1867 5816 2016 5855 nam.
2037 5800 2139 5855 Per
2157 5800 2318 5856 ﬁdem
2345 5800 2683 5856 transierunt
2711 5812 2859 5854 mare
2874 5796 3143 5850 Rubrum.
3166 5790 3451 5862 Siquidem

199 5332 273 5389 ἴνα
298 5340 369 5410 μὴ
397 5338 529 5413 θίγῃ
564 5339 749 5394 αὐτῶν
777 5342 805 5393 ὁ
835 5338 1161 5417 ὀλοθρεύων.
1194 5339 1366 5394 Τοῦτο
1397 5339 1454 5393 δέ
1500 5340 1673 5403 τύπος
1704 5334 1772 5409 ἦν

197 5428 279 5482 τοῦ
306 5433 538 5504 αἵματος
560 5434 658 5488 τοῦ
678 5432 882 5503 Ἀμνοῦ
904 5433 1000 5486 τοῦ
1023 5433 1181 5488 Θεοῦ.
1214 5432 1313 5486 Διὰ
1341 5434 1450 5504 γὰρ
1476 5431 1569 5486 τοῦ
1598 5433 1770 5503 αἵμα-

197 5537 277 5588 τῦς
322 5528 489 5582 αὐτοῦ
567 5528 659 5582 τδν
723 5527 1052 5598 ὀλοθρευτὴν
1082 5527 1331 5581 Σατανᾶν
1362 5526 1766 5596 ἁποσοϐοῦμεν.

202 5611 647 5690 Πίστειδιὲϐησαν
669 5624 769 5689 τὴν
804 5619 1098 5691 Ἐρυθράν.
1135 5618 1495 5673 Ἐπίστευσαν
1520 5617 1628 5687 γὰρ
1653 5617 1769 5669 δια-

202 5706 469 5778 εήστσθαι,
504 5714 597 5765 καὶ
622 5712 900 5782 διέϐησαν.
932 5712 1198 5766 Τοσοῦτον
1226 5706 1366 5764 οἶδεν
1391 5712 1423 5779 ἡ
1457 5708 1640 5771 πίστις
1664 5708 1761 5761 καὶ

201 5802 259 5853 τὰ
290 5803 521 5860 ἀδύνατα
550 5804 753 5863 δυνατὰ
787 5808 981 5859 ποιεῖν.
1022 5825 1038 5858 ι
1069 5798 1176 5869 Ἧς
1206 5806 1403 5876 πεῖραν
1424 5800 1680 5864 λαϐόντες
1705 5800 1755 5852 ot
