3970 6578
536 295 646 362 419

1605 292 2005 358 (ECUMENII
2029 293 2691 405 TRICC/E.EPISCOPI

3709 301 3836 365 42)

535 408 894 464 crediderunt
925 422 984 466 se
1018 407 1373 472 transituros,
1402 420 1466 461 ac
1493 407 1850 462 transierunt.
1882 406 2117 460 Tantum

2237 405 2540 475 Αἰγύπτιοι.
2569 429 2587 460 ι
2629 409 2792 472 ’Ῑσως
2825 408 2931 478 γὰρ
2981 408 3242 464 ὑπενόουν
3290 407 3461 481 αὐτὴν
3509 414 3615 483 γῆν
3659 409 3820 470 εἶναι

535 503 681 558 valet
722 501 877 564 ﬁdes,
914 511 974 556 ut
1021 516 1144 571 quae
1177 500 1342 555 etiam
1385 497 1748 569 impossibilia
1782 506 1910 553 sunt
1956 498 2124 553 faciat

543 594 853 665 possibilia.
906 612 924 646 ι
956 592 1113 661 Quod
1143 608 1267 649 cum
1301 599 1610 647 tentassent
1632 590 1894 662 Egyptii.
1921 610 1940 642 ι
1984 588 2124 645 For-

540 688 703 743 tassis
756 686 902 740 enim
953 685 1383 756 suspicabantur
1431 697 1581 737 mare
1639 696 1762 737 esse
1816 690 2041 744 terram,
2071 689 2126 735 et

541 790 898 837 tentaverunt
942 782 1043 850 ipsi
1076 795 1293 851 quoque
1323 778 1682 849 pertransire,
1734 778 1831 833 sed
1866 777 2129 831 interitus

542 875 787 941 ἰνευηιιη
836 873 1079 928 ostendit
1122 872 1269 941 quod
1335 887 1461 925 vere
1509 880 1658 927 esset
1702 885 1872 934 mare,
1910 877 1965 925 et
2022 885 2131 925 non

544 968 831 1037 phantasia
858 968 1129 1037 quaedam.
1163 963 1440 1019 Dilﬁssum
1468 979 1705 1034 namque
1740 971 1940 1034 praeter
1974 977 2130 1017 suam

542 1068 792 1113 naturam
819 1073 917 1130 pro
950 1057 1139 1123 Israel,
1178 1057 1230 1111 id
1271 1056 1570 1127 przestabat
1601 1065 1661 1110 ut
1696 1054 1929 1125 pedibus
1979 1053 2129 1109 ince-

543 1150 741 1203 derent
799 1145 1141 1220 :Aigyptios
1204 1163 1335 1202 vero
1388 1146 1663 1203 conclusit
1703 1142 1896 1216 juxta
1969 1160 2125 1199 suam

544 1248 821 1295 naturam.
847 1242 1058 1312 Sc0pus
1094 1250 1273 1296 autem
1304 1242 1406 1310 ipsi
1429 1248 1547 1295 erat
1583 1248 1639 1294 ut
1664 1240 1812 1310 ipsos
1845 1240 2131 1293 induceret

543 1332 608 1386 ad
640 1334 997 1395 rredendum,
1036 1335 1480 1405 speraudumque
1515 1333 1723 1397 futura,
1762 1341 1926 1402 atque
1967 1333 2037 1387 ob
2076 1331 2130 1386 id

542 1442 762 1479 onmem
809 1427 952 1481 hunc
983 1423 1147 1480 movit
1187 1441 1557 1481 sermoucmn
1600 1426 1704 1483 Per
1736 1426 1895 1479 lidem
1926 1425 2129 1479 nimnia

541 1514 783 1571 Jericho.
822 1536 840 1569 ι
881 1518 1252 1572 Crediderunt
1285 1518 1431 1572 enim
1473 1516 1721 1571 futurum
1761 1524 1819 1570 ut
1868 1516 2129 1571 concide-

544 1616 687 1672 rent,
724 1616 779 1661 et
827 1619 974 1662 certe
1033 1607 1165 1663 lides
1193 1609 1357 1664 etiam
1386 1623 1448 1662 ea
1489 1623 1612 1678 qum
1647 1623 1810 1675 supra
1871 1616 2124 1662 naturam

2233 499 2328 552 καὶ
2382 499 2688 569 ἐπείρασαν
2721 501 2817 554 καὶ
2865 502 3019 556 αὐτοὶ
3070 505 3386 578 παρελθεῖν,
3426 505 3544 559 ἀλλ’
3575 508 3608 578 ἠ
3637 507 3842 561 αὐτῶν

2233 590 2501 658 ἀπώλεια,
2549 590 2749 658 ἔδειξεν
2796 588 2964 653 οὖσαν
3011 594 3287 653 θάλασσαν
3342 598 3581 669 ἀληθῶς,
3611 599 3711 655 καὶ
3761 604 3839 654 οὐ

2235 683 2538 751 φαντασίαν
2604 684 2746 740 τινὰ.
2799 687 2889 756 Τῷ
2945 688 3045 758 μὲν
3100 691 3211 762 γὰρ
3255 690 3473 763 Ἰσραὴλ
3524 693 3680 763 παρὰ
3722 695 3841 765 τὴν

2234 775 2443 827 οἰκείαν
2484 777 2646 844 φύσιν
2680 777 2986 848 σχισθεῖσα,
3035 783 3099 835 τὸ
3149 782 3401 847 πεζεύειν
3435 768 3632 848 ἰδίδου,
3690 786 3840 849 τοὺς

2232 866 2292 920 δὲ
2324 869 2660 937 Αἰγυπτίους
2717 871 2863 925 κατὰ
2895 872 2994 943 τὴν
3049 874 3258 931 οἰκείαν
3312 876 3580 943 ἐπέκλυζε
3635 879 3837 947 φύσιν.

2234 960 2445 1022 Σκοπὸς
2496 961 2554 1014 δὲ
2610 961 2758 1032 αύτῷ
2813 959 2883 1035 ἦν
2932 966 3221 1035 ὲναγαγεῖν
3272 968 3470 1031 αὐτοὺς
3503 973 3584 1034 εἰς
3620 970 3685 1024 τὸ
3732 989 3841 1024 πιο

2234 1053 2445 1108 στεύειν
2473 1058 2594 1118 ταῖς
2619 1056 2944 1124 μελλούσαις
2981 1058 3184 1124 ἐλπίσι,
3218 1061 3316 1114 καί
3339 1061 3430 1114 διὰ
3458 1062 3618 1115 τοῦτο
3643 1063 3845 1117 πάντα

2232 1144 2324 1199 τὸν
2353 1146 2510 1214 λόγον
2536 1147 2725 1201 τοῦτον
2754 1148 2994 1219 ἐκίνησε.
3026 1168 3045 1201 ι
3078 1151 3344 1205 Πίστειτὰ
3359 1154 3513 1225 τείχη
3548 1154 3831 1225 ’1εριχώ.ι

2244 1238 2608 1290 Ἐπίστευσαν
2657 1241 2767 1309 γὰρ
2822 1239 2966 1292 αὐτὰ
3021 1242 3477 1309 καταϐάλλεσθαι,
3534 1247 3631 1299 καὶ
3686 1247 3751 1318 δὴ
3795 1249 3836 1317 ἡ

2237 1328 2419 1390 πίστις
2481 1330 2575 1383 καὶ
2614 1331 2682 1382 τὰ
2737 1330 2889 1401 παρὰ
2932 1328 3094 1403 φύσιν
3146 1332 3544 1404 κατώρθωσεν.
3591 1336 3839 1389 «Πίστει

2242 1415 2411 1475 Ῥαὰϐ
2450 1424 2483 1492 ἡ
2535 1422 2734 1493 πόρνη.
2761 1443 2779 1475 s
2829 1423 3043 1495 Ἐκείνη
3104 1426 3214 1497 γὰρ
3270 1427 3555 1482 ἀκούσασα
3584 1430 3697 1482 τῶν
3738 1431 3842 1483 ἄν.

2228 1512 2368 1584 δρῶν
2387 1513 2842 1581 ἀπαγγελλόντων
2865 1516 3153 1569 ἐπίστευσε
3175 1519 3265 1572 καὶ
3289 1519 3586 1584 ὑπεδέξατο
3600 1522 3835 1584 αὐτοὺς.

2232 1606 2411 1659 καίτοι
2446 1606 2554 1660 τῶν
2582 1606 2788 1660 λοιπῶν
2823 1608 3263 1678 ἀπιστησάντων.

542 1708 701 1752 erant
742 1698 965 1756 direxit.
1003 1699 1149 1755 «Per
1214 1700 1375 1754 fidem
1406 1699 1597 1754 Rabab
1660 1701 1996 1754 meretrix.»
2067 1698 2345 1769 Siquidem
2408 1716 2535 1755 cum
2599 1700 2843 1756 audisset
2935 1700 3235 1761 referentes
3315 1702 3507 1771 viros,
3584 1704 3835 1767 credidit

543 1806 609 1845 ac
648 1793 893 1861 suscepit.
950 1807 1044 1847 eos
1069 1830 1083 1855 ,

1158 1791 1375 1847 tametsi
1427 1790 1622 1860 reliqui
1687 1800 1975 1845 manerent
2034 1790 2325 1846 increduli.

612 1879 706 1942 XI.
745 1883 814 1936 52
846 1883 935 1937 40.
973 1880 1038 1935 Ει
1058 1884 1184 1955 quid
1209 1892 1465 1951 praeterea
1493 1884 1677 1953 loquor
1702 1886 1726 1939 Il
1754 1884 1967 1954 Deﬁciet
1994 1884 2130 1938 enim

2304 1882 2416 1938 Καὶ
2450 1885 2509 1937 τί
2536 1882 2625 1939 ἔτι
2654 1883 2845 1955 λέγω;
2893 1887 3224 1956 Ἐπιλείψει
3260 1887 3370 1957 γάρ
3401 1905 3479 1958 με
3503 1888 3836 1959 διηγούμε-

544 1990 624 2026 me
649 1984 849 2040 tempus
878 1984 1374 2029 commemorantem
1403 1975 1467 2029 de
1495 1972 1751 2039 Gedeone,
1781 1978 1843 2029 de
1878 1974 2055 2029 Barac
2082 1985 2132 2030 et

544 2063 802 2118 Suns‘one
831 2075 878 2119 et
930 2061 1168 2133 Jephtlte,
1214 2082 1308 2119 nec
1356 2082 1459 2121 non
1492 2066 1666 2121 David
1713 2078 1760 2121 et
1791 2063 2037 2121 Samuele
2071 2083 2133 2120 ac

549 2161 842 2225 prophetis,
876 2162 967 2230 qui
991 2177 1084 2228 per
1112 2160 1269 2230 ﬁdem
1300 2171 1732 2232 expugnaverunt
1787 2178 1969 2231 regna,
2009 2178 2133 2231 ope-

550 2249 656 2305 rati
709 2261 831 2304 sunt
878 2251 1194 2320 justitiam,
1253 2255 1483 2308 assecuti
1534 2263 1658 2308 sunt
1711 2255 2132 2324 promissiones,

544 2345 876 2396 occluserunt
904 2362 999 2399 ora
1027 2346 1255 2412 leonum,
1305 2346 1790 2400 exstinxeruntvim
1821 2347 1977 2417 ignis,
2009 2347 2136 2418 effu-

543 2448 728 2506 gerunt
754 2438 890 2491 acies
926 2434 1116 2508 gladii,
1150 2439 1313 2493 validi
1336 2439 1470 2508 [acti
1503 2450 1621 2493 sunt
1651 2455 1716 2493 ea:
1747 2440 2132 2502 imbecillitate,

543 2529 714 2597 effecti
746 2541 867 2582 sunt
916 2531 1115 2583 robusti
1168 2532 1222 2583 in
1260 2531 1415 2595 bello,
1472 2532 1799 2586 incursiones
1836 2542 2133 2586 averterunt

543 2630 867 2678 exterarum.
897 2621 1151 2677 Mulieres
1173 2635 1485 2689 acceperunt
1508 2639 1572 2677 ea:
1595 2626 1971 2678 resurrectione
1995 2641 2136 2678 mor-

552 2721 671 2767 tuas
707 2731 852 2769 suos.
902 2715 1009 2766 Alii
1041 2732 1156 2769 vero
1191 2717 1315 2769 ιιιεεί
1353 2725 1497 2781 sunt,
1525 2719 1795 2785 aspernati
1822 2717 2136 2784 redemptio-

552 2818 689 2869 nem,
748 2813 804 2858 ut
858 2807 1115 2873 potiorem
1163 2809 1482 2861 sortirentur
1518 2809 1975 2863 resurrectionem.
2026 2810 2137 2864 Alii

551 2914 740 2950 rursus
779 2899 1025 2953 ludibriis
1058 2909 1107 2953 et
1149 2900 1337 2970 ﬂagris
1363 2902 1630 2971 explorati
1668 2913 1815 2967 sunt,
1845 2905 2061 2972 insuper
2086 2912 2135 2958 et

548 2990 771 3043 vinculis
798 3002 847 3042 et
872 3008 1082 3045 carcere
1107 3009 1125 3046 :
1151 2991 1315 3064 415
1345 2994 1573 3061 lapidati
1594 2996 2133 3060 sunt,dissectisunt,

555 3086 743 3133 tentati
781 3093 927 3145 sunt,
986 3086 1248 3139 occisione
1287 3086 1455 3156 gladii
1492 3091 1846 3140 occubuerunt
1873 3102 1891 3144 :
1923 3088 2137 3141 oberra-

552 3185 732 3227 terunt
785 3177 838 3228 in
907 3178 1079 3231 orillis
1160 3190 1208 3230 et
1263 3181 1497 3246 capr:nis
1553 3180 1811 3247 pellibus,
1872 3179 2134 3243 destituti,

2239 1977 2399 2027 νονό
2432 1976 2652 2043 χρόνος
2681 1974 2812 2043 περὶ
2844 1975 3099 2042 Γεδεὼν,
3130 1976 3333 2045 Βαράκ
3356 1977 3533 2031 τεκαὶ
3554 1979 3837 2047 Σαμψὼν

2236 2065 2337 2127 καί
2387 2066 2629 2135 Ἰεφθάε,
2661 2067 2844 2121 Δαυΐδ
2876 2084 2941 2121 τε
2970 2069 3066 2121 καὶ
3097 2068 3382 2136 Σαμουὴλ
3405 2068 3503 2123 καί
3531 2069 3654 2123 τῶν
3680 2086 3838 2139 ,προ-

2234 2158 2461 2228 φητῶν,
2484 2158 2541 2211 οἲ
2556 2158 2653 2213 διὰ
2676 2160 2935 2225 πίστεως
2965 2162 3453 2230 κατηγωνίσαντο
3468 2163 3832 2227 βασιλείας,

2234 2247 2593 2316 εἰργάσαντο
2641 2247 3061 2318 δικαιοσύνην,
3093 2248 3395 2318 ἐπέτυχον
3425 2251 3831 2321 ἐπαηοελιῶν,

2237 2338 2506 2408 ἔφραξαν
2560 2342 2831 2410 στόματα
2884 2344 3172 2405 λεόντων,
3240 2343 3506 2399 ἔσϐεσαν
3557 2345 3836 2413 δύναμιν

2236 2432 2450 2501 πυρὸς,
2478 2431 2707 2502 ἔφυγον
2732 2437 3001 2503 στόματα
3024 2435 3342 2505 μαχαίρας,
3371 2436 3830 2507 ἐνεδυναμώθη-

2236 2539 2359 2577 σαν
2408 2525 2528 2578 ἀπὸ
2557 2526 2900 2591 ἀσθενείας,
2931 2526 3311 2596 ἐγενήθησαν
3340 2530 3577 2597 ἰσχυροὶ
3613 2530 3688 2582 ὲν·
3720 2546 3833 2583 πο-

2236 2614 2415 2682 λέμῳ.
2456 2616 2833 2682 παρεμϐολὰς
2868 2617 3119 2670 ἔκλιναν
3167 2619 3521 2687 ἀλλοτρίων.
3563 2621 3833 2674 Ἔλαϐεν

2238 2706 2521 2776 ⁴γυναῖκες
2554 2708 2623 2772 ἐξ
2682 2709 3073 2775 ἀναστάσεως
3114 2712 3254 2779 τοὺς
3302 2714 3554 2782 νεκροὺς
3595 2716 3827 2770 αὐτῶν.

2241 2799 2444 2851 Ἄλλοι
2487 2799 2555 2851 δὲ
2610 2800 3172 2870 ἐτυμπανίσθησαν,
3214 2807 3287 2858 οὐ
3343 2805 3831 2875 προσδεξάμενοι

2238 2887 2352 2956 τὴν
2399 2888 2842 2957 ἀπολύτρωσιν,
2893 2892 2994 2945 ἵνα
3044 2895 3384 2961 κρείττονος
3426 2895 3824 2963 ἀναστάσεως

2237 2980 2524 3046 τύχωσιν.
2583 2980 2811 3049 Ἕτεροι
2858 2982 2927 3036 δὲ
2972 2984 3319 3053 ἐμπαιγμῶν
3366 2984 3466 3039 καί
3509 2986 3834 3055 μαστίγων

2239 3072 2450 3140 πεζοαν
2501 3073 2744 3137 ἔλαϐον,
2812 3074 2900 3128 ἔτι
2956 3075 3026 3130 δὲ
3080 3076 3314 3147 δεσμῶν
3357 3077 3455 3131 καί
3506 3080 3829 3148 φυλακῆς-⁸

2237 3165 2672 3233 ἐλιθάσθησαν,
2733 3168 3139 3236 ἐπρίσθησαν,
3207 3172 3685 3241 ἐπειράσθησαν,
3760 3173 3836 3226 ἐν

548 3269 738 3332 pressi,
771 3269 972 3339 amicti,
1006 3270 1194 3336 quibus
1227 3271 1476 3340 indignus
1499 3279 1615 3324 erat
1647 3270 1911 3335 mundus;
1950 3271 2005 3322 in
2039 3269 2131 3323 de-

2237 3259 2401 3325 ςρόνῳ
2429 3259 2732 3327 μαχαίρας
2764 3259 3071 3316 ἀπέθανον
3103 3275 3117 3289 ‘
3149 3262 3478 3332 περιῆλθον
3515 3264 3587 3316 ἐν
3613 3242 3832 3332 μηλω-

550 3361 706 3412 sertis
730 3376 964 3415 errantes
999 3372 1049 3417 et
1098 3365 1365 3416 montibus
1402 3380 1465 3416 ac
1515 3363 1776 3432 speluncis
1817 3373 1865 3416 et
1893 3363 2133 3418 cavernis

553 3463 732 3507 terrm.
787 3456 958 3522 Atque
1012 3473 1189 3511 omnes
1247 3457 1301 3510 lii
1341 3455 1702 3511 testimonium
1729 3454 2006 3524 promeriti
2043 3469 2137 3525 per

556 3543 737 3613 ﬁdem,
771 3562 872 3599 non
910 3559 1214 3617 acceperunt
1251 3549 1678 3619 promissionem,
1718 3546 1858 3617 quod
1897 3548 2038 3602 Deus
2071 3546 2136 3601 de

556 3637 704 3690 nobis
759 3638 944 3692 melius
976 3640 1229 3709 quiddam
1278 3641 1528 3710 providit,
1576 3655 1638 3694 ne
1680 3640 1793 3694 sine
1832 3638 1982 3694 nobis
2012 3654 2137 3693 con-

553 3738 967 3799 stimularentur.

622 3995 757 4051 Cum
793 4010 1100 4051 sermonem
1131 3995 1186 4049 in
1241 3993 1528 4051 meretrice
1562 3995 1934 4064 terminasset,
1964 3996 2139 4067 ipsos-

553 4103 659 4160 que
726 4090 1051 4144 exhortatus
1078 4098 1226 4144 essct
1256 4103 1285 4142 a
1313 4104 1559 4160 personae
1590 4089 1877 4158 qualitate,
1907 4091 2137 4156 posthac

554 4182 863 4253 compendii
919 4183 1121 4252 gratia,
1174 4197 1284 4236 non
1342 4182 1586 4236 omnium
1648 4183 1868 4251 quidem
1911 4184 2137 4239 nomina

554 4283 839 4331 enumerat
874 4292 886 4327 :
916 4289 1019 4329 nec
1042 4286 1225 4328 tamen
1253 4274 1481 4328 remittit
1540 4289 1871 4328 sermonem.
1916 4291 1935 4325 ι
1990 4273 2136 4330 Deli-

553 4370 659 4421 ciet
683 4369 826 4422 enim
863 4383 949 4423 me
975 4376 1207 4436 tempus.
1252 4385 1270 4418 ι
1306 4364 1544 4435 Tempus
1577 4365 1712 4419 dicit
1741 4364 1986 4434 epistolae
2006 4381 2138 4420 con-

556 4458 777 4512 veniens
835 4464 889 4511 et
934 4457 1103 4511 veluti
1130 4455 1625 4525 proportionatum.
1664 4472 1683 4505 ι
1721 4455 1794 4507 De
1826 4453 2131 4512 Gedeone.»

2238 3348 2389 3416 ταῖς,
2408 3350 2477 3403 ἐν
2500 3352 2748 3421 αἰγείοις
2778 3353 3075 3423 δέρμασιν
3093 3372 3107 3386 ·
3142 3358 3593 3424 ὑστερούμενοι,
3625 3358 3835 3410 θλιϐό-

2233 3459 2426 3512 μενοι,
2461 3445 2957 3513 κακουχούμενοι,
2987 3440 3075 3499 ὦν
3101 3449 3210 3501 οὐκ
3229 3444 3309 3518 ἦν
3324 3447 3494 3512 ἄξιος
3514 3450 3548 3500 ὁ
3589 3450 3834 3516 κόσμος

2237 3535 2308 3589 ἐν
2363 3535 2631 3604 ἐρημίαις
2674 3538 3051 3608 πλανώμενοι
3078 3538 3177 3592 καί
3206 3541 3533 3606 σπηλαίοις
3559 3540 3663 3593 καί
3695 3540 3835 3605 ταῖς

2238 3626 2414 3693 ὀπαῖς
2445 3627 2552 3696 τῆς
2589 3628 2723 3698 γῆς.
2759 3630 2868 3686 Kal
2902 3626 3068 3686 οὗτοι
3094 3631 3317 3697 πάντες
3342 3631 3832 3701 μαρτυρηθέντες

2236 3716 2334 3771 διὰ
2380 3717 2492 3787 τῆς
2533 3721 2814 3788 πίστεως,
2868 3724 2979 3776 οὐκ
3035 3722 3399 3791 ἐκομίσαντο
3420 3723 3536 3789 τὴν
3570 3723 3833 3791 intarra-

2236 3809 2399 3873 λίαν,
2426 3808 2533 3862 τοῦ
2564 3811 2712 3865 Θεοῦ
2742 3811 2875 3881 περί
2914 3810 3083 3880 ἡμῶν
3107 3811 3379 3881 κρεῖττόν
3398 3829 3454 3865 τι
3476 3815 3830 3882 προϐλεψα-

2231 3898 2448 3966 μένου,
2480 3899 2583 3954 ἶνα
2603 3900 2690 3970 μὴ
2727 3903 2907 3970 χωρίς
2940 3902 3110 3972 ἡμῶν
3135 3903 3553 3960 τελειωθῶσιν.

2310 3993 2635 4059 Καταλύσας
2669 3996 2760 4049 τὸν
2789 3995 2947 4067 λόγον
2982 3998 3063 4061 εἰς
3100 3998 3199 4069 τὴν
3234 3998 3463 4070 πόρνην,
3487 3999 3583 4053 καὶ
3633 3999 3831 4070 ἐντρέ-

2237 4083 2347 4154 ψας
2372 4087 2569 4152 αὐτοὺς
2597 4088 2708 4143 ἀπὸ
2729 4089 2829 4159 τῆς
2861 4090 2956 4144 τοῦ
2981 4090 3272 4160 προσώπου
3306 4092 3611 4163 ποιότητος,
3632 4092 3830 4146 λοιπὸν

2241 4180 2538 4248 συντομίας
2569 4181 2749 4251 χάριν,
2780 4182 2850 4235 τὰ
2884 4184 2981 4252 μὲν
3005 4182 3244 4253 ὀνόματα
3276 4168 3375 4237 oin:
3402 4185 3664 4254 ὀνομάζει
3691 4186 3834 4238 πάν-

2238 4283 2367 4332 των,
2404 4269 2465 4321 ού
2500 4271 2604 4339 μὴν
2641 4272 2707 4342 ἐᾷ
2736 4271 2827 4324 τὸν
2855 4272 3032 4339 λόγον.
3061 4290 3079 4323 ι
3106 4273 3472 4344 Διηγούμενον
3499 4276 3529 4326 ό
3550 4274 3772 4344 χρόνος.
3806 4294 3825 4327 s

2251 4356 2311 4410 '0
2333 4361 2398 4429 τῇ
2434 4361 2715 4431 ἐπιστολῇ,
2750 4362 2941 4433 φησὶν,
2972 4364 3249 4436 ἁρμόδιος,
3284 4368 3380 4421 καὶ
3403 4361 3515 4420 οἷον
3536 4368 3571 4437 ὴ
3604 4384 3829 4437 συμμε-

2240 4451 2389 4521 τρία.
2430 4470 2449 4503 ι
2475 4452 2612 4517 Περὶ
2647 4454 2870 4510 Γεδεών.
2896 4474 2914 4507 ι
2951 4452 3076 4520 Οἷος
3112 4460 3139 4511 ὁ
3176 4458 3405 4512 Γεδεών.
3444 4477 3463 4511 ι
3490 4459 3655 4512 Ars-.16
3684 4476 3771 4514 τε.
3805 4479 3823 4511 ι

554 4550 741 4618 Qualis
776 4547 941 4603 fuerit
966 4547 1206 4603 Gedeon.
1251 4567 1269 4599 ι
1305 4544 1529 4600 Necnon
1556 4544 1742 4601 David.
1770 4564 1790 4597 ι
1812 4544 2002 4611 Qualis
2022 4546 2131 4603 fue-

2241 4534 2365 4602 Οῗος
2425 4542 2454 4593 ό
2505 4542 2687 4607 Δαυίδ,
2738 4545 2825 4599 διὰ
2878 4546 2939 4599 τὸ
2994 4548 3215 4601 καθίσαι
3260 4550 3355 4603 ἐπὶ
3391 4549 3584 4619 θρόνου
3627 4551 3826 4612 αὑτοῦ,

555 4643 624 4697 rit
662 4640 856 4706 David,
886 4656 952 4695 eo
978 4641 1123 4709 quod
1146 4637 1567 4693 constitueritin
1604 4637 1801 4691 throno
1836 4638 2129 4708 Suo,juxta

552 4734 840 4789 litteralem
870 4732 1091 4802 quidem
1155 4730 1504 4786 Solomonem
1528 4769 1544 4793 ,
1585 4729 1742 4798 juxta
1777 4730 2127 4800 spiritualem

555 4842 685 4881 vero
750 4826 1115 4889 intellectum,
1165 4824 1538 4888 Solomonem,
1577 4823 1911 4893 spiritualem
1942 4823 2131 4879 Domi-

558 4919 909 4976 numJesum.
946 4918 1086 4986 «Qui
1116 4933 1213 4988 per
1234 4916 1418 4974 ﬁdem.
1456 4936 1474 4969 ι
1516 4914 1721 4973 Omnes
1758 4918 1811 4971 hi
1838 4933 1936 4988 per
1966 4920 2124 4974 fidem

557 5013 809 5066 fecerunt
831 5028 894 5067 ea
913 5026 1035 5081 qua:
1064 5009 1348 5065 fecerunt:
1387 5009 1690 5072 Abraham,
1723 5007 1922 5075 Moses,
1944 5009 2126 5066 Jcsus.

557 5121 579 5156 ι
651 5104 1134 5174 Expuguaverunt.
1197 5120 1215 5153 ι
1294 5099 1665 5164 Devicerunt,
1750 5100 2127 5171 perdiderunt.

553 5195 875 5263 Quasnam?
903 5194 1178 5248 Abraham
1205 5192 1406 5248 devicit
1435 5207 1589 5263 reges
1615 5192 1706 5262 qui
1738 5191 1843 5246 Lot
1871 5202 2127 5263 nepotem

555 5302 713 5342 suum
775 5288 1052 5356 captivum
1101 5284 1465 5348 abduxerunt,
1524 5290 1581 5339 et
1642 5299 1825 5354 regem
1883 5283 2123 5343 Geram.

560 5376 734 5433 bioses
757 5393 937 5448 regem
970 5375 1211 5448 Egypti,
1249 5375 1497 5447 aliosque
1529 5374 1755 5430 multos.
1785 5372 1969 5443 Jesus,
1997 5379 2124 5446 plu-

556 5486 644 5524 res
668 5471 734 5522 °'.
767 5489 786 5519 ι
824 5468 1043 5539 Operati
1085 5477 1215 5526 sunt
1248 5468 1548 5539 justitiam.
1602 5485 1620 5518 ι
1666 5467 1965 5533 Abraham,
1996 5469 2128 5525 Phi-

554 5574 704 5614 nees.
741 5559 854 5614 Hoc
884 5561 1008 5616 loco
1056 5559 1125 5615 de
1157 5559 1346 5626 David,
1379 5558 1596 5628 opinor,
1650 5557 1803 5613 dicit.
1849 5556 2127 5617 Justitiam

622 5740 668 5773 "
705 5736 841 5794 Gen.
872 5756 985 5807 xw,
1013 5737 1121 5808 20-,
1160 5740 1302 5796 Gen.
1340 5753 1438 5807 xv;
1469 5737 1637 5795 Num.
1674 5753 1803 5799 xxv.

2238 4633 2512 4705 αἰσθητῶς
2547 4638 2666 4707 μὲν,
2703 4641 2794 4692 τὸν
2832 4641 3089 4711 αἰσθητὸν
3119 4643 3464 4714 Σολομῶντα,
3494 4646 3703 4715 νοητῶς
3743 4647 3825 4705 δὲ.

2236 4726 2328 4778 τὸν
2361 4729 2551 4798 νοητὸν
2584 4730 2907 4801 Σολομῶντα
2946 4732 3153 4801 Ἰησοῦν
3195 4736 3287 4790 τὸν
3330 4735 3561 4807 Κύριον.
3600 4738 3704 4792 «Oi
3734 4738 3827 4792 6d

2237 4817 2495 4882 πίστεως.
2523 4838 2541 4872 t
2582 4821 2788 4888 Πάντες
2818 4816 2965 4877 οὗτοι
2996 4825 3085 4879 διὰ
3118 4826 3352 4891 πίστεως
3382 4829 3648 4896 ἐποίησαν
3676 4829 3829 4897 ἅπερ

2236 4910 2499 4980 ἐποίησαν
2528 4928 2542 4943 ·
2586 4914 2870 4986 Ἀϐραὰμ,
2906 4919 3131 4988 Μωσῆς,
3180 4917 3408 4988 Ἰησοῦς.
3448 4940 3467 4972 ι
3494 4922 3826 4991 Κατηγωνί-

2235 5015 2419 5055 σαντο.
2451 5019 2471 5052 ι
2546 5003 2861 5076 Ἑνίκησαν,
2914 5009 3238 5067 κατέϐαλον.
3295 5012 3494 5076 Τίναςῖ
3567 5011 3826 5080 “5943‘!-

2231 5089 2451 5163 ἐνίκησε
2481 5095 2608 5159 τοὺς
2649 5100 3203 5168 αἰχμαλωτεύσαντας
3257 5104 3351 5159 τὸν
3396 5103 3619 5174 ἀνεψιὸν
3649 5102 3821 5157 αὐτο]

2233 5182 2359 5236 Λὼτ
2416 5184 2678 5256 βασιλεῖς,
2719 5195 2816 5247 καὶ
2856 5195 2948 5247 τὸν
2996 5196 3273 5268 Γεράρων.
3328 5197 3556 5267 Μωσῆς,
3584 5196 3678 5250 τὸν
3725 5198 3822 5251 Αἰ-

2232 5274 2465 5345 γύπτου,
2530 5282 2626 5334 καὶ
2690 5283 2885 5349 ἄλλους
2954 5287 3205 5351 πολλούς.
3272 5287 3504 5358 Ἰησοῦς,
3571 5289 3820 5350 πλείους.

2237 5370 2609 5437 «Εἰργάσαντο
2658 5372 3023 5448 δικαιοσύνην.
3052 5396 3069 5430 ι
3121 5378 3397 5449 Ἀϐραὰμ,
3447 5380 3660 5445 Φινεές.
3702 5382 3823 5435 Ἐν-

2234 5468 2411 5523 ταῦθα
2445 5468 2576 5541 περὶ
2606 5466 2702 5523 τοῦ
2731 5466 2917 5533 sane,
2945 5465 3124 5540 οἶμαι,
3151 5471 3321 5540 λέγει.
3351 5471 3716 5543 Δικαιοσύνην
3739 5474 3818 5539 δὲ,

2237 5561 2337 5631 τὴν
2375 5558 2794 5632 φιλανθρωπίαν
2843 5562 3124 5619 ἰκὰλεσιν.
3187 5582 3207 5616 ι
3239 5562 3534 5633 Ἐπέτυχον
3581 5567 3822 5635 litans-
