3970 6600
300 371 401 440 621

1348 369 1736 433 COMMENT.
1769 369 1853 430 ΙΝ
1893 367 2132 429 El’IST.
2167 366 2268 427 AD
2297 366 2537 428 HEBR.

3466 367 3575 433 422

303 489 454 541 λιῶν.
478 502 500 539 ο
543 483 611 539 Ol
644 471 1008 556 πατριάρχαι.
1047 480 1109 537 Ὀ
1145 480 1356 546 Ἠλίας,
1378 484 1407 536 6
1438 480 1625 549 Δαυῒδ,
1661 479 1888 553 Ἰησοῦς,

1997 486 2179 533 autem
2225 476 2521 548 appellavit
2566 473 2986 533 humanitatem.
3049 494 3069 529 ι
3133 475 3388 535 Assecuti
3444 492 3575 537 sunt

301 575 483 632 Χάλεϐ
513 617 529 642 ,
598 577 696 631 καὶ
721 575 900 646 ἕτεροι
932 574 1177 638 πλείους.
1227 592 1246 626 ι
1294 573 1582 646 Ἔφραξαν
1644 572 1890 643 στόματα

300 665 553 724 λεόντων.
599 686 617 718 ι
639 668 696 722 '0
733 665 951 739 Δανιὴλ,
978 668 1006 720 6
1037 665 1296 739 Σαμψών.
1335 666 1641 719 ι”Εσϐεσαν
1661 664 1891 736 δύναμιν

305 761 534 833 πυρός.»
585 761 651 813 Ol
703 762 855 831 τρεῖς
878 760 1086 824 παῖδες,
1141 759 1413 825 Ἀνανίας,
1453 757 1732 829 Ἀζαρίας,
1786 759 1893 812 Mt—

307 852 464 916 σαήλ.
505 868 524 900 ι
555 849 797 918 Ἐφυγον
827 849 1075 920 στόματα
1101 847 1397 918 μαχαίρας.
1421 866 1439 899 ι
1477 840 1601 902 Οἶον
1628 848 1656 899 6
1683 845 1887 909 Ἠλίας.

309 963 329 995 ι
365 938 887 1012 Ἐνεδυναμώθησαν
921 941 1029 993 ἀπὸ
1061 940 1365 1004 ἀσθενείας.
1398 958 1417 991 ι
1449 938 1561 993 Καὶ
1598 938 1728 1008 περὶ
1781 939 1891 991 τῶν

305 1033 713 1088 ἐπανελθόντων
752 1037 817 1086 ἐκ
868 1032 1189 1098 Βαϐυλῶνος
1232 1034 1402 1101 λέγει,
1432 1033 1529 1087 καὶ
1568 1033 1695 1103 περὶ
1736 1029 1889 1095 Ἐζε-

305 1126 442 1180 κίου.
484 1143 502 1176 ι
545 1125 919 1197 Ἐγενήθησαν
971 1126 1250 1197 ίσχυροί.»
1324 1125 1596 1197 Ἀϐραὰμ,
1658 1124 1888 1195 Μωσῆςν

315 1214 541 1285 Ἰησοῦς,
575 1216 816 1286 Σαμψὼν
867 1218 960 1271 καὶ
1012 1217 1200 1270 Δαυῒδ.
1237 1217 1310 1270 ’Ἡ
1342 1218 1423 1270 ὅτι
1461 1218 1521 1269 οὐ
1557 1218 1739 1287 μόνον,
1777 1234 1885 1287 φη-

307 1307 408 1370 σὶν,
436 1308 789 1380 ὑπέστρεψαν
838 1310 946 1364 ἀπὸ
977 1311 1081 1381 τῆς
1132 1311 1505 1381 αἰχμαλωσίας
1544 1311 1631 1365 διὰ
1662 1312 1760 1379 τῆς
1795 1309 1888 1363 πί-

308 1415 495 1462 στεως,
524 1399 664 1453 ἀλλὰ
689 1401 783 1453 καὶ¹
807 1400 875 1455 τὰ
905 1402 1174 1473 πρόσοικα
1203 1401 1331 1474 ἔθνη
1362 1402 1642 1472 ἐνίκησαν.
1676 1421 1697 1455 ι
1718 1401 1888 1455 "Ela-

314 1490 405 1544 ϐον
444 1495 773 1560 γυναῖκας.»
817 1493 881 1546 Ἦ
931 1495 1235 1563 Σωμανῖτις
1291 1494 1360 1549 δι’
1412 1495 1740 1560 Ἐλισσαίου,
1795 1494 1892 1549 καὶ

304 1586 553 1659 πρῴην-1)
588 1590 874 1660 Σαραφθία
928 1589 1018 1644 διὰ
1059 1589 1154 1644 τοῦ
1218 1589 1425 1644 Ἡλίου.
1482 1609 1502 1644 ι
1546 1588 1883 1660 Ἐτυμπανί-

306 1679 531 1749 σθησαν.
561 1698 580 1731 ι
606 1682 676 1734 Ἢ
700 1682 1118 1754 ἀπετμήθησαν,
1141 1682 1217 1746 ὡς
1238 1684 1265 1736 6
1304 1681 1558 1746 Ἰάκωϐος
1587 1683 1684 1736 καὶ
1716 1683 1889 1738 Ἰωάν-

303 1797 420 1851 νης,
478 1782 577 1834 καὶ
637 1782 752 1835 ὅσοι
796 1780 1346 1851 ἀπεκεφαλίσθησαν,
1406 1780 1441 1852 ἢ
1493 1780 1582 1835 διὰ
1636 1781 1888 1852 ῥοπάλων

1992 569 2411 642 promissiones.
2449 587 2468 620 ι
2496 566 2832 623 Ρτιῑτίοῐοιιαι
2858 567 3141 633 videlicet,
3175 568 3346 633 Elias,
3378 571 3568 636 David,

1989 664 2173 729 Jesus,
2209 660 2443 728 Chaleb,
2499 662 2702 733 aliique
2737 662 2941 731 plures.
2980 678 2998 713 ι
3038 661 3407 717 Occluserunt
3472 680 3571 719 ora

1992 759 2237 814 leonum.
2280 775 2301 810 ›
2358 755 2567 821 Daniel,
2630 757 2890 810 Samson.
2944 774 2963 807 ι
3006 754 3404 809 Exsdnxerunt
3464 758 3571 809 vim

1990 850 2155 922 ignis.
2192 869 2211 903 ι
2259 849 2396 905 Tres
2456 849 2632 920 pueri,
2702 848 2984 914 Ananias,
3057 848 3305 915 Azarias,
3359 849 3570 904 Μὶιηοι.

1998 959 2017 992 ι
2046 939 2371 1010 Eli‘ngerunt
2401 940 2550 996 acies
2581 939 2769 1009 gladii.
2815 959 2833 992 ι
2871 940 3353 1006 Quemadmodum
3402 942 3570 995 Elias.

1996 1047 2015 1081 ‹
2051 1029 2230 1083 Validi
2259 1029 2387 1084 facti
2417 1038 2548 1086 sunt
2579 1045 2644 1083 ex
2681 1029 3082 1084 imbecillitate.
3117 1047 3136 1079 ι
3192 1029 3258 1081 Ει
3296 1029 3446 1083 deiis
3489 1031 3573 1082 lo—

1989 1100 2178 1189 quitur
2211 1121 2302 1190 qui
2333 1120 2612 1175 redierant
2647 1136 2713 1176 ex
2757 1119 3074 1190 captivitate
3118 1120 3471 1191 Babylonica,
3517 1129 3573 1175 et

1989 1214 2058 1270 de
2084 1213 2343 1269 Ezechia.
2376 1234 2395 1267 ι
2428 1215 2619 1271 Eﬂ'ecti
2651 1226 2785 1270 sunt
2811 1216 3041 1270 robusti.
3077 1234 3096 1267 ι
3124 1217 3422 1281 Abraham,
3457 1215 3574 1270 Mo-

1990 1323 2102 1372 ses,
2137 1306 2321 1372 Jesus,
2354 1307 2586 1365 Samson
2622 1319 2678 1365 et
2713 1308 2906 1365 David.
2941 1307 3052 1362 Aut
3072 1309 3216 1374 quod
3248 1324 3358 1361 non
3390 1311 3568 1362 solum

1989 1417 2056 1459 ex
2085 1402 2402 1472 captivitate
2428 1417 2526 1473 per
2552 1402 2712 1458 tidem
2748 1403 2949 1457 reversi
2982 1410 3135 1466 sunt,
3169 1403 3264 1457 sed
3284 1410 3337 1455 et
3360 1403 3570 1455 vicinas

1989 1496 2243 1552 nationes
2272 1494 2622 1552 devicerunt.
2670 1514 2688 1548 ι
2750 1496 3008 1551 Mulieres
3040 1505 3390 1563 acceperunt.
3422 1515 3441 1548 ι
3470 1496 3572 1550 Su-

1988 1589 2214 1644 namitis
2280 1603 2374 1661 per
2436 1587 2716 1655 Elizteum,
2763 1597 2817 1645 et
2849 1598 3007 1643 antea
3047 1588 3422 1656 Sarephthaua
3474 1603 3571 1657 per

1990 1678 2187 1734 Eliam.
2215 1698 2234 1732 ι
2277 1680 2382 1734 Alii
2438 1696 2569 1734 vero
2625 1681 2751 1736 caesi
2812 1689 2961 1736 sunt.
2995 1699 3015 1732 ι
3062 1682 3170 1734 Aut
3219 1679 3398 1749 capite
3441 1685 3568 1735 (ιιεεί

1990 1780 2143 1837 sunt,
2179 1780 2238 1825 ut
2262 1770 2499 1827 Jacobus
2535 1782 2589 1827 et
2613 1770 2855 1827 Joannes
2901 1780 2956 1827 et
3009 1782 3278 1842 quotquot
3312 1772 3568 1826 decollati

305 1832 600 1927 sas...
632 1832 827 1926 uti...
849 1873 906 1926 δὲ
920 1832 1516 1943 ⁷’τὲζτᾲέιτέῖχκῴίςὲσοᾏιιξ
1535 1832 1616 1939 .3,
1636 1832 1887 1943 ἰέςὲέρέᾲ

1992 1871 2170 1917 sunt:
2224 1871 2321 1916 aut
2367 1863 2607 1918 fustibus
2661 1832 3042 1919 interierunt:
3077 1864 3244 1935 416
3298 1864 3404 1918 Alii
3440 1880 3575 1919 vero

310 1964 429 2018 σθαι
466 1964 659 2033 φασίν.
696 1964 928 2035 Εἴρηται
966 1965 1021 2019 δὲ
1052 1966 1146 2019 καὶ
1184 1966 1451 2036 περὶτῶν
1486 1965 1883 2021 Μακκαϐαίων.

314 2076 333 2109 ι
362 2058 433 2110 Οὐ
491 2058 923 2127 προσδεξάμενοι
974 2057 1073 2128 τὴν
1128 2056 1530 2128 ἀπολύτρωσιν.
1559 2076 1577 2109 ι
1632 2052 1758 2112 υἴον
1812 2056 1888 2129 μὴ

308 2150 591 2219 δεξάμενοι
618 2148 967 2220 λυτρωθῆναι
997 2150 1098 2219 τῆς
1129 2149 1478 2219 ἑπαγομένης
1512 2148 1695 2209 αὐτοῖς
1721 2163 1888 2217 τιμω-

308 2244 447 2314 ρίας.
503 2244 656 2308 Ἐξὺν
682 2239 750 2313 ἦν
789 2244 994 2306 αὐτοῖς,
1030 2242 1188 2311 φησὶ,
1220 2240 1344 2313 ζῇν,
1372 2243 1420 2295 οί
1444 2242 1499 2295 δὲ
1525 2241 1624 2294 οὐκ
1649 2239 1886 2310 ἠϐουλήο

313 2336 498 2407 θησαν.
537 2338 652 2391 Kal.
687 2336 846 2389 τοῦτο
878 2337 936 2389 δὲ
977 2336 1213 2400 πίστεως
1240 2332 1330 2405 ἦν,
1354 2335 1479 2389 ὅθεν
1509 2334 1698 2404 φησὶν,
1728 2352 1747 2384 ι
1769 2333 1889 2387 ’Ίνα

314 2429 616 2499 κρείττονος
649 2428 999 2491 ἀναστάσεως
1031 2427 1294 2497 τύχωσινο
1314 2446 1332 2479 ι
1363 2426 1397 2498 ἢ
1433 2428 1481 2479 οί
1533 2425 1714 2479 λοιποὶ⁵
1774 2424 1876 2478 ἄν⁶

316 2521 538 2588 θρωποι.
582 2520 650 2572 Ἠ
705 2519 802 2590 μὲν
849 2519 959 2589 γὰρ
1011 2518 1310 2582 ἀνάστασις
1360 2518 1496 2571 πᾶσι
1549 2515 1724 2588 κοινὴ,
1763 2515 1883 2570 ἀλλ’

316 2606 455 2665 οὗτοι
492 2613 917 2684 ἀναστήσονται,
953 2611 1142 2682 φησὶν,
1200 2613 1280 2674 εἰς
1329 2610 1474 2681 ζωὴν
1526 2606 1765 2673 αἰώνιον,
1793 2609 1889 2663 καὶ

316 2697 454 2757 οὗτοι
494 2708 575 2767 είς
615 2705 837 2758 κόλασιν
895 2702 1137 2758 αἰώνιον.
1207 2703 1480 2773 «Ἕτεροι
1535 2702 1592 2755 δὲ
1652 2704 1893 2771 ἐμπαιγ-

322 2797 448 2868 μῶν.
475 2817 493 2850 ι
525 2793 651 2851 Οἷον
677 2800 706 2851 6
744 2799 1065 2862 Ἐλισσαῖος,
1092 2799 1141 2852 οί
1183 2798 1327 2868 ἀμφὶ
1364 2798 1454 2849 τον
1495 2796 1702 2866 Πέτρον
1732 2794 1893 2849 ὔστε-

322 2905 406 2959 ρον
461 2891 556 2942 καὶ
602 2889 695 2943 τὸν
736 2889 1013 2961 Ἰωάννην.
1055 2909 1071 2940 ι
1104 2889 1225 2941 Ἔτι
1260 2888 1316 2941 δὲ
1346 2888 1564 2957 δεσμῶν
1589 2886 1685 2939 καὶ
1719 2884 1890 2955 φυλα-

318 2982 433 3049 κῆς.
476 2999 496 3032 ι
544 2982 836 3051 Ἱερεμίας,
870 2984 964 3035 καὶ
1035 2981 1297 3051 Μιχαίας.
1355 2997 1373 3030 ι
1413 2979 1829 3048 Ἐλιθάσθησαν.
1864 2997 1883 3031 ι

320 3070 447 3141 Περὶ
476 3070 573 3124 τοῦ
601 3070 877 3140 Στεφάνου
905 3070 1056 3138 λέγει
1092 3070 1188 3122 καὶ⁸
1217 3072 1311 3122 τοῦ
1343 3068 1611 3122 Ναϐουδέ.
1652 3086 1672 3121 ι
1714 3066 1894 3143 Ἐπρί-

1989 1953 2428 2025 τυμπανίζεσθαι
2454 1956 2646 2011 dicunt
2678 1957 2987 2032 excoriare.
3032 1957 3245 2010 Dictum
3281 1967 3363 2011 est
3386 1965 3567 2011 autem

1991 2050 2056 2104 de
2078 2047 2403 2103 Machabaeis
2431 2050 2497 2104 “.
2531 2068 2549 2100 ι
2590 2050 2888 2119 Aspernari
2919 2049 3370 2115 redemptionem.
3412 2067 3432 2100 ι
3455 2048 3569 2103 lloc

1989 2152 2094 2206 εει,
2113 2151 2528 2199 contemnentes
2548 2142 2743 2197 redimi
2766 2143 2833 2197 ab
2859 2144 3084 2197 inducto
3113 2144 3247 2213 ipsis
3273 2143 3568 2212 supplicio.

1989 2234 2271 2302 Liberum,
2321 2237 2520 2307 inquit,
2567 2237 2761 2292 fuisset
2796 2237 2878 2291 eis
2948 2239 3151 2303 vivere,
3213 2249 3409 2291 verum
3463 2237 3569 2306 ipsi

1994 2331 2327 2385 noluerunt:
2371 2331 2474 2386 hoc
2506 2338 2688 2384 autem
2735 2331 2854 2384 ﬁdei
2891 2341 3027 2384 erat.
3089 2329 3241 2385 Unde
3274 2335 3346 2384 ait
3381 2349 3394 2384 :
3432 2348 3450 2381 ι
3497 2331 3569 2385 Ut

1991 2426 2260 2496 potiorem
2299 2426 2632 2478 sortirentur
2673 2427 3135 2480 resurrectionem
3165 2439 3178 2475 :
3210 2443 3228 2476 ι
3265 2439 3428 2493 quam
3464 2438 3571 2478 cae-

1992 2520 2093 2573 teri
2133 2519 2404 2574 homines.
2436 2517 2718 2586 Siquidem
2750 2520 3086 2573 resurrectio
3125 2518 3384 2574 omnihus
3415 2532 3567 2570 com-

1992 2610 2176 2664 munis
2197 2617 2281 2665 est
2311 2629 2324 2664 :
2356 2610 2453 2664 sed
2486 2610 2541 2663 hi
2577 2621 2866 2679 resurgent
2890 2610 2955 2663 ad
2991 2610 3157 2664 vitam
3182 2622 3462 2674 aeternam,
3489 2610 3568 2664 illi

1992 2716 2123 2754 vero
2154 2701 2218 2755 ad
2249 2701 2575 2769 supplicium
2609 2710 2898 2755 aeternum.
2939 2720 2957 2753 ι
3016 2701 3122 2754 Alii
3175 2718 3369 2758 rursus
3426 2702 3570 2756 ludi-

1994 2792 2155 2847 briis.
2196 2811 2215 2844 ι
2252 2791 2720 2859 Quemadmodum
2750 2792 2984 2848 Elizazus
3017 2794 3084 2861 ⁸⁷,
3112 2804 3166 2848 et
3216 2797 3568 2864 postmodum

1992 2883 2189 2939 Petrus
2209 2895 2263 2938 et
2290 2882 2531 2938 Joannes
2572 2899 2695 2938 cum
2734 2888 2967 2941 caeteris.
3012 2905 3030 2938 ι
3071 2885 3297 2953 Insuper
3334 2896 3387 2942 et
3446 2887 3570 2941 vin-

1994 2976 2134 3031 culis
2160 2985 2217 3030 et
2244 2992 2489 3030 carcere.
2537 2994 2555 3028 ι
2580 2975 2851 3032 Jeremias
2875 2986 2929 3031 et
2952 2977 3210 3033 Michaaas
3241 2979 3307 3036 ⁸⁸.
3347 2997 3365 3030 ι
3401 2979 3566 3049 1.ιιρίο

1996 3068 2107 3122 dati
2140 3079 2291 3123 sunt.
2331 3086 2350 3118 ι
2391 3068 2464 3122 De
2498 3068 2779 3137 Stephano
2812 3071 2944 3124 dicit
2976 3068 3350 3125 etNahoth“.
3390 3090 3408 3121 ι
3447 3070 3570 3123 Dis-

319 3163 543 3232 εθησαν,
572 3182 591 3214 ι
630 3164 765 3233 Περὶ
794 3164 888 3217 τοῦ
936 3162 1159 3216 Ἡσαΐου
1188 3162 1356 3230 λέγει,
1395 3160 1474 3223 δν,
1501 3160 1576 3224 ὣς
1611 3177 1764 3228 φασι,
1797 3161 1888 3213 καὶ¹

1997 3161 2131 3215 secti
2158 3168 2305 3214 sunt.
2348 3178 2367 3211 ι
2409 3159 2482 3214 De
2526 3161 2668 3215 Isaia
2692 3162 2845 3223 dicit,
2878 3177 3069 3230 quem,
3108 3174 3163 3214 ut
3193 3163 3568 3229 aiunt,liguea

319 3257 508 3325 ξυλίνῳ
570 3258 754 3327 πρίονι
797 3256 1050 3327 ἔπρισαν,
1087 3256 1177 3309 ἵνα
1230 3257 1325 3310 ἐπὶ
1372 3254 1507 3306 πολὺ
1564 3253 1889 3327 διαρκέσῃή

316 3348 573 3419 τιμωρία.
641 3348 1151 3418 (Ἐπειράσθησαν.
1184 3366 1203 3399 ι
1261 3343 1385 3401 Οίον
1442 3349 1469 3398 6
1544 3344 1684 3400 Ἰὼϐ.
1750 3363 1768 3396 ι
1802 3343 1890 3398 Ἐν

318 3439 457 3509 φόνῳ
523 3440 802 3509 μαχαίρας
870 3437 1206 3491 ἀπέθανον.»
1266 3437 1527 3506 Μιχαίας,
1605 3435 1882 3504 Ἰωάννης,

326 3528 582 3594 Ἰάκωϐος
611 3530 708 3583 καὶ
737 3529 1034 3599 Ζαχαρίας.
1080 3547 1098 3579 ι
1127 3527 1397 3598 Περιῆθον
1436 3529 1493 3580 ἐν
1532 3525 1832 3596 μηλωταῖς.
1864 3543 1884 3576 ι

317 3614 435 3674 Οἷον
466 3624 495 3674 6
542 3619 751 3685 Ἠλίας,
779 3623 806 3675 ὁ
841 3623 1166 3684 Ἐλισσαῖος.
1197 3619 1368 3672 Τοῦτο
1400 3619 1455 3672 δὲ
1491 3619 1598 3673 ἀπὸ
1648 3623 1892 3691 ἀκτημο-

317 3712 476 3783 σύνης
506 3713 767 3783 ἔπασχον.
815 3732 833 3765 t
875 3713 1323 3783 ’Υστερούμενοι.
1354 3731 1373 3763 ι
1408 3713 1611 3776 Κακῶς
1662 3714 1894 3783 πάσχον-

318 3820 422 3867 τες.
458 3797 594 3856 «Ὧν
625 3805 725 3857 οὐκ
757 3800 824 3876 ἦν
857 3804 1006 3871 ἄξιος
1037 3806 1065 3857 6
1096 3805 1352 3868 κόσμος.»
1383 3803 1552 3857 Τοῦτο
1579 3807 1674 3860 καὶ
1692 3806 1889 3869 αὐτοὺς

318 3897 750 3968 παραθαρῤύνει.
778 3898 838 3950 Εἰ
863 3898 972 3965 γὰρ
1000 3897 1108 3948 τῶν
1134 3895 1317 3958 κακῶς
1347 3898 1662 3967 πασχόντων
1687 3898 1775 3951 διά
1798 3898 1890 3953 τὸν

317 3992 443 4046 Θεὸν
485 3993 588 4045 οὐκ
635 3988 704 4064 ἦν
760 3992 909 4058 ἄξιος
967 3994 996 4045 6
1024 3991 1229 4062 κόσμος
1287 3985 1459 4056 οὗτος,
1507 3992 1807 4055 τουτέστιν,
1841 3994 1889 4045 οί

320 4084 516 4147 πάντες
550 4083 827 4153 ἄνθρωποι
858 4084 1012 4153 καὶὴ
1042 4083 1219 4145 κτίσις
1263 4082 1424 4152 αὐτὴ,
1478 4082 1568 4136 διὰ
1612 4082 1667 4135 τί
1709 4083 1888 4151 ὑμεῖς,

320 4179 468 4247 φησὶ,
524 4175 779 4247 βούλεσθε
843 4175 1074 4229 ἐνταῦθα
1124 4178 1224 4239 τὰς
1271 4174 1506 4246 ἀμοιϐάς
1560 4175 1891 4242 κομίσασθαι

322 4269 421 4321 τῶν
439 4269 528 4322 διὰ
559 4270 653 4321 τὸν
677 4269 911 4339 Χριστὸν
945 4266 1212 4337 θλίψεων;
1246 4265 1570 4335 Κρείττονες
1603 4265 1710 4337 γὰρ
1742 4265 1892 4328 ὅντες

320 4355 412 4408 τοῦ
438 4357 670 4428 κόσμου,
703 4357 779 4427 μὴ
797 4356 1011 4426 ζητεῖτέ
1036 4357 1158 4410 τιὲν
1187 4354 1265 4425 τῷ
1301 4357 1492 4426 κόσμῳ
1520 4355 1712 4426 τούτῳ.
1744 4375 1763 4409 ι
1802 4357 1891 4410 Ἐν

324 4448 574 4518 ἐρημίαις
605 4448 966 4517 πλανώμενοι.
994 4464 1014 4499 ι
1060 4447 1119 4500 'U
1158 4446 1365 4511 Ἠλίας,
1393 4449 1441 4500 οί
1474 4447 1771 4517 προφῆται,
1798 4447 1892 4512 οὓς

1993 3269 2147 3309 serra
2183 3262 2503 3319 secuerunt,
2542 3263 2601 3307 ut
2662 3255 2828 3324 longo
2890 3264 3137 3323 tempore
3175 3256 3402 3308 duraret
3438 3271 3571 3324 sup-

1991 3347 2243 3416 plicium.
2280 3363 2298 3396 t
2338 3344 2556 3400 Tentati
2623 3355 2774 3400 sunt.
2815 3366 2833 3398 ι
2873 3345 2939 3401 Ut
2977 3345 3079 3401 Job
3113 3347 3178 3402 ⁷ο.
3215 3365 3234 3397 ι
3281 3345 3571 3401 Ονιοὶεἱοηρ

1993 3438 2158 3508 gladii
2205 3437 2608 3513 occubuerunt.
2648 3457 2667 3490 ι
2696 3438 2969 3504 Μίριιειιιιιι,
3028 3438 3289 3500 Joannes,
3326 3440 3566 3495 Jaeolms

1992 3539 2046 3585 et
2068 3529 2385 3583 Zacharias.
2426 3548 2445 3581 ι
2481 3530 2832 3584 Circuieruut
2861 3531 2915 3584 ιιι
2942 3533 3147 3587 ovillis.
3184 3550 3202 3581 ι
3247 3530 3564 3584 SicutElms

1992 3632 2047 3677 et
2073 3622 2303 3677 Elizaaus
2328 3623 2393 3676 ⁷³.
2422 3621 2536 3676 Hoc
2570 3633 2751 3677 autent
2778 3626 2848 3677 ob
2895 3625 3132 3691 ineptam
3177 3624 3286 3676 illis
3315 3626 3566 3688 contigit.

1999 3736 2019 3769 ι
2046 3715 2321 3771 Destituti.
2361 3735 2381 3768 ι
2417 3715 2595 3770 Veluti
2632 3718 2905 3785 prophetae
2941 3731 3081 3786 quos
3120 3715 3255 3770 aluit
3278 3715 3566 3770 Ahdias".

2000 3829 2019 3865 ι
2047 3808 2266 3864 Aﬂlicti.
2307 3827 2325 3860 ι
2362 3808 2519 3863 Malis
2569 3809 2768 3865 affecti.
2799 3827 2817 3860 ι
2885 3807 3099 3874 Quibus
3140 3808 3401 3877 indignus
3449 3817 3568 3860 erat

1993 3902 2252 3955 mundus.
2294 3919 2313 3951 ι
2374 3897 2488 3953 [loc
2513 3907 2692 3954 autem
2726 3901 2889 3953 etiam
2923 3901 3130 3952 animat
3157 3899 3299 3953 illos.
3325 3896 3459 3951 Nam
3520 3901 3569 3951 si

1995 3992 2105 4056 hic,
2154 3992 2351 4061 inquit,
2412 3991 2671 4054 mundus,
2723 3991 2834 4045 imo
2892 3999 3006 4044 tota
3060 4000 3312 4045 creatura
3343 3991 3565 4058 indigna

1994 4092 2115 4139 erat
2167 4082 2254 4135 his
2305 4081 2398 4150 qui
2450 4091 2674 4149 propter
2729 4079 2899 4133 Deum
2959 4080 3123 4134 malis
3169 4079 3568 4145 adiciebantur,

1994 4188 2165 4244 quare
2199 4187 2297 4228 vos
2334 4173 2390 4226 in
2420 4172 2524 4226 hoc
2558 4171 2763 4226 mundo
2802 4172 3112 4226 mercedem
3161 4172 3325 4224 vultis
3361 4173 3570 4227 referre

1950 4322 1961 4327 _
1997 4280 2187 4320 eorum
2218 4279 2341 4335 qua:
2367 4272 2584 4333 propter
2607 4262 2888 4318 Christum
2917 4264 3197 4318 toleratis?
3225 4264 3363 4317 Cum
3415 4265 3561 4318 enim

1997 4358 2253 4412 meliores
2276 4358 2481 4417 mundo
2513 4356 2659 4421 sitis,
2688 4371 2757 4411 ne
2785 4356 3044 4425 quaeratis
3066 4354 3363 4425 quidquam
3390 4356 3447 4410 in
3465 4355 3569 4411 hoc

1999 4449 2224 4504 mundo.
2265 4467 2285 4500 ι
2316 4448 2374 4503 In
2408 4450 2646 4505 desertis
2687 4457 2960 4503 errantes.
2996 4466 3016 4500 ›
3057 4448 3127 4503 Ut
3156 4447 3325 4509 Elias,
3360 4457 3416 4503 et
3436 4462 3569 4517 pro-

323 4538 537 4610 ἔτρεφεν
582 4538 814 4593 Ἀϐδιού.
870 4537 1014 4609 Ὅρα
1062 4537 1141 4603 δὲ,
1195 4538 1278 4590 ὃτι
1343 4537 1485 4601 οὐδὲ,
1517 4538 1626 4610 Τὴν
1662 4539 1888 4611 ἔρημον,

1999 4542 2173 4613 pheta:
2221 4556 2362 4613 quos
2414 4540 2597 4595 alebat
2652 4540 2858 4595 Ahdias
2891 4539 2954 4592 ⁷³.
3001 4537 3137 4593 Vide
3185 4548 3367 4593 autem
3420 4538 3567 4607 quod

324 4633 470 4700 φησὶ,
499 4630 927 4693 καταλαϐόντες,
961 4629 1192 4700 ἡσυχίας
1222 4630 1510 4701 ἐπέτυχον,
1564 4630 1699 4683 ἀλλὰ
1730 4633 1894 4685 κάκεῖ

324 4722 649 4789 ἐπλανῶντο,
666 4723 775 4776 δέει
799 4721 906 4777 τῶν
928 4721 1251 4775 διωκόντων.
1285 4739 1304 4772 ι
1324 4721 1431 4774 Kal.
1458 4715 1603 4776 οὗτοι
1634 4722 1885 4787 πάντες.»

323 4811 402 4874 Τί,
464 4815 653 4883 φησὶν,
704 4812 1024 4883 άδημονεῖτε
1070 4812 1163 4863 καί
1203 4812 1586 4878 ἀγανακτεῖτε,
1615 4810 1695 4865 ἔτι
1730 4814 1787 4864 ὲν
1813 4812 1892 4883 τῷ

324 4906 485 4974 ἀγῶνι
517 4907 691 4971 ὄντες,
723 4907 772 4960 εἰ
809 4907 884 4977 μὴ
929 4906 1028 4971 τὰς
1058 4906 1290 4976 ἀμοιϐὰς
1322 4905 1585 4975 δέξησθε;
1623 4907 1815 4961 Καίτοι
1842 4908 1892 4961 οἱ

323 4997 595 5066 εἰρημένοι
620 4994 819 5059 πάντες
850 4996 996 5064 ἅγιοι
1048 4994 1490 5066 μαρτυρηθέντες
1521 4997 1886 5066 εὐηρεστηκέ-

325 5103 404 5140 ναι
429 5087 517 5141 διὰ
549 5089 650 5157 τῆς
681 5091 983 5160 προσούσης
1032 5087 1215 5150 αὐτοῖς
1263 5086 1518 5149 πίστεως,
1543 5085 1695 5139 οὔπω
1726 5105 1884 5140 τετυο

323 5178 519 5247 χήκασι
560 5178 669 5232 τῶν
722 5177 1147 5249 ἐπηγγελμένων
1182 5179 1294 5239 τοῖς
1351 5176 1579 5238 δικαίοις
1637 5177 1880 5246 ἀγαθῶν.

329 5285 345 5319 ι
371 5269 477 5322 Τοῦ
501 5268 637 5322 Θεοῦ
664 5269 792 5337 περὶ
824 5268 979 5339 ἡμῶν
1011 5269 1261 5337 κρεῖττόν
1289 5284 1344 5320 τι
1365 5266 1838 5339 προϐλεψαμένου.
1860 5288 1879 5321 ι

326 5360 442 5424 Πῶς
475 5360 725 5432 κρεῖττόν
751 5376 837 5425 τι;
871 5361 986 5413 Ἵνα
1015 5360 1145 5429 γὰρ,
1179 5359 1333 5431 φησι,
1389 5360 1465 5430 μὴ
1520 5359 1683 5413 πλέον
1730 5360 1889 5431 ἡμῶν

326 5452 518 5523 σχῶσιν
552 5454 748 5506 ἐκεῖνοι
806 5452 865 5505 ὲν
900 5452 981 5523 τῷ
1033 5451 1243 5522 πρῶτοι
1302 5450 1735 5523 στεφανωθῆναι,
1792 5451 1888 5505 ἕνα

326 5545 508 5616 καιρὸν
530 5545 732 5617 ὥρισεν
757 5544 1187 5608 ἀνταποδόσεως,
1222 5544 1309 5597 ἵνα
1353 5546 1449 5597 καὶ
1478 5546 1640 5615 ἡμεῖς
1665 5545 1763 5598 σὺν
1794 5546 1886 5600 αὐ-

392 5680 649 5752 “)latth.
686 5698 782 5746 vn.
812 5647 837 5736 ἶ
865 5698 1021 5752 seqq.
1094 5678 1235 5752 νιν
1277 5679 1410 5752 Reg.
1440 5697 1499 5737 ιι.
1526 5680 1740 5752 i_se_qq.

329 5747 399 5801 ιιι
428 5748 560 5813 Reg.
607 5768 724 5817 ιιι,
756 5754 780 5806 1

328 5835 476 5885 mit,
511 5824 598 5878 19.

1996 4649 2105 4689 non
2140 4634 2238 4697 ait,
2267 4633 2548 4703 Occupato
2592 4632 2813 4687 deserto
2852 4632 3088 4701 quietem
3138 4632 3376 4685 assecuti
3413 4640 3565 4695 sunt,

1996 4723 2090 4778 sed
2161 4723 2237 4776 ibi
2276 4737 2497 4792 quoque
2565 4722 2820 4775 errabant
2867 4723 3064 4775 timore
3128 4729 3566 4790 persecutorum.

2003 4835 2022 4867 ι
2060 4816 2241 4885 Atque
2289 4814 2345 4868 hi
2392 4814 2666 4868 homines.
2709 4832 2729 4865 ι
2764 4812 2929 4878 Quid,
2986 4813 3184 4883 inquit,
3216 4814 3462 4868 manetis
3515 4821 3571 4868 et

1996 4904 2382 4973 indignamini,
2417 4904 2709 4972 quiadlmc
2738 4904 2792 4957 in
2820 4903 3122 4958 certamine
3162 4905 3322 4967 estis,
3359 4908 3403 4959 si
3428 4919 3570 4974 prae-

1994 4996 2105 5050 mia
2136 5012 2247 5051 non
2275 4996 2594 5065 recipiatis?
2623 4996 2792 5065 Atqui
2826 5012 3019 5051 omnes
3070 4997 3319 5065 praedicti
3387 4998 3567 5050 sancti

1996 5088 2366 5143 testimonium
2396 5088 2678 5157 prmueriti
2702 5089 2846 5157 quod
2877 5104 2972 5158 per
3025 5091 3182 5142 [idem
3216 5089 3563 5143 accedentem

1996 5181 2106 5237 Deo
2146 5182 2476 5250 placuerint,
2507 5180 2749 5234 nondum
2767 5182 3051 5237 consecuti
3083 5192 3213 5236 sunt
3237 5180 3565 5250 bonajustis

1998 5271 2288 5340 promissa.
2335 5288 2354 5321 ‹
2401 5269 2556 5335 Quod
2580 5269 2723 5325 Deus
2742 5270 2810 5324 de
2849 5269 3012 5326 nobis
3063 5270 3326 5339 quiddam
3369 5272 3567 5325 melius

1996 5360 2257 5433 providit.
2279 5378 2299 5412 ι
2329 5359 2616 5426 Quomodo
2647 5362 2847 5416 melius
2873 5362 3139 5431 quidam?
3183 5361 3461 5431 Siquidem
3498 5377 3568 5416 ne

1995 5453 2076 5508 illi
2103 5452 2310 5523 aliquid
2341 5454 2578 5523 amplius
2614 5469 2780 5524 quam
2807 5469 2911 5509 nos
2946 5454 3207 5508 haberent
3237 5455 3382 5507 ineo
3417 5453 3563 5523 quod

1994 5545 2208 5616 priores
2239 5546 2493 5602 coronati
2526 5555 2733 5613 essent,
2759 5562 2929 5602 unum
2960 5545 3208 5602 deﬁnivit
3228 5553 3469 5615 tempus,
3507 5553 3567 5601 ut

1816 5680 1863 5713 ⁸⁸
1890 5679 2094 5740 Jerem.
2130 5699 2305 5747 χχιιι,
2332 5686 2400 5739 38
2432 5703 2447 5753 ;
2483 5684 2550 5740 lll
2578 5684 2708 5754 Reg.
2744 5700 2878 5738 χχιι.
2956 5682 3002 5714 ⁶⁹
3018 5683 3141 5735 Act.
3168 5698 3270 5754 νιι,
3301 5681 3561 5754 Ἰηερ-ψιά

816 5769 876 5809 se
899 5749 993 5823 ιιὶιζ
1068 5753 1115 5784 το
1142 5751 1244 5806 Job
1292 5767 1328 5817 ι,
1353 5751 1407 5804 ‘2.
1484 5752 1526 5782 τι
1565 5749 1606 5801 ll
1635 5749 1779 5805 Psal.
1810 5767 1880 5805 xx

1997 5758 2016 5807 1
2062 5772 2218 5825 seqq.
2294 5758 2338 5789 τ’
2367 5749 2441 5809 ιιι
2470 5754 2606 5825 Reg.
2659 5749 2820 5820 Ξνιιι,
2876 5753 2902 5806 1
2955 5768 3109 5823 seqq.

3226 5752 3276 5784 τι
3300 5751 3365 5806 ιιι
3428 5752 3565 5823 ιιρε.
