3850 6610
377 401 485 465 4‘23

1436 384 1849 454 ‘(ECUMENII
1890 384 2184 450 TRICCIE
2223 382 2573 450 EPISCOPI

3537 375 3638 443 {2i

375 524 433 572 et
464 529 566 570 nos
603 527 726 570 cum
746 510 891 583 ipsis
919 522 1267 569 coronemur.
1300 509 1416 563 lIoc
1448 513 1638 559 autem
1668 517 1767 573 pro
1795 499 1959 555 nobis
1985 553 1988 561 λ

2100 502 2172 565 οἷς
2218 499 2677 568 στεφανωθῶμεν.
2726 495 2897 550 Τοῦτο
2950 493 3029 559 δὲ,
3069 495 3211 566 ὑπὲρ
3259 492 3420 564 ἡμῶν
3473 491 3641 545 ἐστιν

377 616 503 663 est:
551 606 628 662 illi
688 621 928 677 namque
973 605 1169 662 sedent
1213 598 1625 664 irremunerati,
1667 595 1831 667 417
1860 609 1958 648 ηο-

378 710 548 755 stram
590 708 979 769 exspectantes
1012 693 1567 751 administrationem.
1622 708 1643 742 ι
1704 689 1783 744 Ne
1840 687 1961 743 sine

381 795 542 848 nobis
560 798 1100 847 consummarentur.
1136 808 1155 842 ι
1194 788 1312 844 Non
1332 788 1490 853 dixit,
1523 785 1959 849 Coronarentur,

383 886 478 939 sed
531 885 675 953 quod
723 884 983 952 majorem
1021 882 1185 937 habet
1246 879 1573 951 emphasim,
1603 876 1966 931 Consumma-

381 989 598 1041 rentur,
633 977 750 1030 sive
782 974 1206 1040 Perﬁcerentur,
1247 972 1353 1026 hoc
1382 978 1486 1035 est,
1511 969 1824 1037 acciperent
1850 974 1963 1020 ter-

385 1068 594 1121 minum
626 1068 1036 1137 bonorum,pro
1069 1080 1179 1136 quo
1202 1065 1413 1119 laborat
1438 1061 1617 1117 omnis
1648 1066 1881 1116 conatus
1903 1068 1965 1113 et

384 1161 630 1234 fatigatio
651 1164 771 1231 ejus
801 1162 892 1230 qui
916 1162 1117 1214 virtute
1135 1158 1396 1229 praeditus
1435 1163 1538 1212 est.

949 1250 1183 1308 CAPUT
1218 1250 1384 1305 XVII.

657 1345 731 1399 De
758 1347 1018 1415 patientia
1053 1361 1117 1399 ea:
1150 1344 1450 1399 imitatione
1477 1342 1697 1397 Christi.

458 1437 572 1505 XII,
617 1440 669 1503 i,
706 1439 760 1493 2.
807 1439 1041 1494 Proinde
1078 1457 1174 1494 nos
1214 1453 1418 1508 quoque
1454 1454 1572 1492 cum
1629 1443 1780 1491 tanta
1840 1435 1970 1504 septi

387 1530 553 1584 simus
593 1531 728 1583 nube
770 1533 1015 1597 testium,
1053 1531 1289 1600 deposito
1330 1531 1474 1583 omni
1513 1544 1696 1593 onere,
1731 1536 1781 1581 et
1823 1536 1971 1581 tena-

390 1622 525 1674 citer
563 1622 867 1676 adhazrcute
902 1634 1137 1690 peccato,
1179 1637 1273 1689 per
1314 1622 1655 1676 tolerantiam
1692 1634 1971 1673 curramus

391 1712 445 1763 in
495 1713 767 1778 proposito
816 1712 969 1765 nobis
1011 1712 1331 1774 certamine,
1374 1711 1705 1778 respicientes
1744 1708 1812 1761 ad
1849 1706 1977 1775 ﬁdei

392 1802 577 1854 duch
626 1813 674 1855 et
726 1812 1205 1857 consummatorem
1252 1802 1458 1867 Jesum,
1499 1801 1589 1871 qui
1633 1816 1728 1868 pro
1778 1799 1976 1867 gaudio

2075 596 2308 649 Ἐκεῖνοι
2344 595 2476 665 γὰρ,
2506 594 2664 665 φησι,
2699 591 2966 664 κάθηνται
3000 589 3317 661 ἀγέραστοι,
3348 588 3449 657 τὴν
3489 585 3644 657 ἡμῶν

2067 689 2458 759 περιμένοντες
2536 684 2881 740 ἐπιστασίαν.
2944 684 3110 737 «Ἵνα
3148 681 3222 754 μὴ
3278 682 3448 753 χωρὶς
3490 679 3649 749 ἡμῶν

2065 779 2447 833 τελειωθῶσιν.
2479 797 2499 828 ι
2531 778 2645 832 Οὐκ
2690 772 2832 843 εἵπε,
2862 775 3308 847 Στεφανωθῶσιν,
3340 772 3459 827 ἀλλ’
3480 771 3510 826 ὅ
3542 770 3653 841 μείο

2069 865 2201 935 ζονα
2231 869 2469 939 ἔμφασιν
2517 869 2651 939 ἔχει,
2682 867 3045 932 Τελειωθῶσι,
3086 865 3242 937 φησι,
3280 862 3548 920 τουτέστι.
3594 861 3655 914 τὸ

2072 961 2245 1032 πέρας
2270 961 2378 1013 τῶν
2410 960 2631 1028 ἀγαθῶν
2664 959 2761 1013 καὶ
2796 958 2939 1031 ὑπὲρ
2977 950 3040 1011 οὗ
3070 955 3274 1027 κάμνει
3309 954 3462 1008 πᾶσα
3489 967 3659 1004 σπου-

2068 1053 2221 1108 δαῐου
2251 1053 2485 1125 κίνησις,
2518 1052 2857 1107 ἁπολάόωσι.

2672 1226 2923 1282 ΚΕΦΑΛ.
2952 1225 3048 1280 IZ'.

2183 1320 2321 1390 Περὶ
2352 1318 2663 1390 ὑπομονῆς
2715 1320 2785 1373 ἐν
2818 1317 3226 1387 ἀκολουθήσει
3262 1310 3553 1385 Χριστοῦ.

2152 1415 2473 1485 Τοιγαροῦν
2501 1413 2602 1468 καὶ
2654 1412 2825 1482 ἡμεῖς
2872 1413 3173 1466 τοσοῦτον
3204 1411 3455 1479 ἔχοντες
3494 1422 3665 1472 περι-

2074 1508 2355 1579 κείμενον
2383 1508 2525 1578 ἠμῐν
2548 1506 2729 1577 νέφος
2754 1507 3088 1576 μαρτύρων,
3132 1504 3315 1573 ὄγκον
3362 1499 3665 1568 ἀποθέμε-

2076 1618 2173 1659 νοι
2229 1604 2427 1659 πάντα
2481 1602 2580 1655 καὶ
2634 1601 2749 1669 τὴν
2777 1601 3210 1667 εὐπερίστατον
3229 1596 3552 1666 ἁμαρτίαν,
3587 1591 3668 1645 δι’

2076 1692 2392 1763 ὑπομονῆς
2412 1693 2714 1762 τρέχωμεν
2730 1692 2838 1744 τὸν
2853 1688 3252 1757 προκείμενον
3267 1684 3413 1753 ἡμῖν
3432 1682 3471 1736 ά
3482 1681 3665 1750 τῶνα,

2080 1786 2419 1857 ἀφορῶντες
2447 1787 2532 1852 εὶς
2560 1785 2667 1839 τὸν
2704 1782 2814 1851 τῆς
2841 1783 3099 1848 πίστεως
3119 1778 3406 1851 ἀρχηγὸν,
3441 1775 3541 1829 καὶ
3576 1790 3673 1827 τεπ-

392 1896 494 1948 sibi
531 1897 804 1965 proposito
832 1896 1049 1965 pertulit
1079 1912 1308 1961 crucem,
1341 1894 1627 1965 ignominia
1654 1902 1972 1962 contempta,

2100 1878 2336 1947 ἱειωτὴν
2378 1877 2643 1944 Ἰησοῦν,
2678 1876 2745 1943 ὃς
2768 1876 2901 1931 ἀντὶ
2932 1875 3043 1942 τῆς
3077 1871 3481 1943 προκειμένης
3503 1864 3669 1931 αὐτῷ

395 1995 443 2041 et
480 1988 547 2039 ad
585 1988 857 2043 dexteram
894 1989 1070 2043 throni
1101 1987 1201 2043 Dei
1234 1986 1495 2042 consedit.

470 2262 587 2317 Non
634 2263 770 2317 dixit
805 2262 1093 2316 imminere
1118 2260 1277 2315 nobis
1308 2267 1401 2313 aut
1444 2274 1608 2329 supra
1648 2273 1750 2315 nos
1785 2257 1979 2325 attolli,

396 2355 513 2421 sed,
539 2356 683 2424 quod
714 2354 888 2424 majus
923 2361 1027 2416 est,
1058 2352 1240 2423 sepire
1268 2368 1393 2409 nos.
1438 2372 1456 2404 ι
1488 2350 1641 2406 Nube
1672 2352 1914 2405 testium.
1960 2368 1977 2401 ι

2080 1971 2289 2042 χαρᾶς,
2341 1971 2626 2041 ὑπέμεινε
2670 1968 2957 2038 σταυρὸν,
3016 1967 3316 2035 αἰσχύνης
3365 1975 3671 2027 καταφρο-

2078 2064 2300 2130 νήσας,
2330 2064 2399 2117 ἐν
2457 2060 2628 2130 δεξιᾷ
2667 2077 2732 2115 τε
2771 2059 2878 2114 τοῦ
2912 2059 3132 2128 θρόνου
3171 2055 3279 2111 τοῦ
3311 2053 3461 2108 Θεοῦ
3482 2047 3672 2105 κεκά-

2078 2158 2270 2212 θικεν.

2161 2252 2275 2306 Οὐκ
2304 2247 2477 2315 εἶπεν,
2499 2248 2964 2322 ἐπαιωρούμενον,
3001 2245 3116 2300 ἀλλ’
3148 2243 3176 2300 ὃ
3200 2244 3362 2300 πλέον
3375 2239 3466 2315 ἦν,
3503 2259 3673 2313 περι-

2084 2346 2359 2417 κείμενον.
2391 2364 2410 2395 ι
2443 2343 2623 2413 Νέφος
2672 2338 2988 2411 μαρτύρων.
3021 2357 3040 2390 ι
3083 2338 3149 2391 Ἥ
3188 2336 3289 2406 μὲν
3326 2336 3435 2406 γὰρ
3472 2333 3669 2403 μνήμη

406 2448 688 2514 Siquidem
741 2446 1002 2500 memoria
1036 2447 1259 2500 testium
1297 2445 1413 2500 sive
1445 2452 1744 2515 martyrum
1781 2443 1986 2497 excitat

2100 2439 2194 2493 τῶν
2251 2436 2550 2508 μαρτύρων
2590 2436 2768 2487 κεῖται
2803 2434 2884 2496 εὶς
2937 2431 2998 2485 τὸ
3051 2430 3292 2502 ἐρεθίσαι
3329 2427 3531 2487 αὐτοὺς
3572 2423 3674 2477 ἐπὶ

402 2538 555 2606 ipsos
586 2536 650 2590 ad
694 2536 927 2590 similem
961 2535 1134 2589 zelum
1185 2534 1249 2588 ad
1281 2533 1610 2588 certamina.
1638 2531 1847 2586 Nuhem
1893 2546 1988 2583 au-

2100 2532 2177 2587 ιδν
2216 2531 2404 2602 ὅμοιον
2438 2529 2545 2582 τῶν
2593 2525 2820 2596 ἀγώνων
2868 2523 3051 2595 ζῆλον.
3096 2524 3278 2591 Νέφος
3305 2521 3362 2574 δὲ
3404 2518 3674 2573 ἐκάλεσεν

399 2637 508 2681 tem
560 2628 710 2695 ipsos
758 2626 1070 2695 appellavit,
1108 2633 1200 2679 aut
1234 2639 1263 2677 τι
1308 2623 1624 2692 metaphora
1661 2637 1849 2677 eorum
1893 2620 1986 2691 qui

2100 2625 2306 2691 κὺτοὺς,
2335 2626 2369 2695 ἢ
2406 2622 2514 2676 ἀπὸ
2545 2621 2861 2693 μεταφορᾶς
2902 2618 3010 2671 τῶν
3046 2616 3152 2670 ὑπὸ
3193 2615 3476 2686 καύματος
3502 2627 3678 2665 κατα-

400 2728 710 2774 exuruntur
755 2722 822 2773 ab
848 2727 1007 2782 aestu,
1037 2724 1091 2771 et
1134 2718 1186 2771 in
1222 2717 1464 2771 roridam
1504 2715 1705 2770 nubem
1753 2716 1988 2785 ingressi

2100 2717 2436 2787 φλεγομένων
2471 2714 2565 2767 καὶ
2622 2710 3053 2765 ὑπεισελθὸντων
3099 2711 3180 2773 εἰς
3218 2706 3450 2776 νεφέλην
3486 2704 3678 2774 δροσι-

409 2810 846 2864 consolationem
885 2808 1182 2877 accipiunt.
1218 2806 1475 2861 Memoria
1513 2822 1749 2876 namque
1783 2815 1988 2877 marty-

2100 2812 2293 2878 ζουσαν
2314 2810 2410 2863 καὶ
2446 2806 2976 2880 παραμυθηθέντων.
3026 2805 3134 2856 Καὶ
3161 2801 3270 2872 γὰρ
3293 2803 3326 2870 ἡ
3356 2798 3465 2852 τῶν
3498 2797 3677 2865 ἁγὶων

406 2916 526 2953 rum
558 2899 873 2954 consolatur
901 2912 998 2952 eos
1029 2898 1119 2967 qui
1146 2898 1214 2952 ah
1242 2907 1378 2952 aestu
1412 2899 1774 2951 tentatiouum
1807 2897 1987 2952 disso-

2100 2903 2284 2974 μνήμη
2309 2902 2431 2964 τοὺς
2467 2899 2572 2952 ὑπὸ
2604 2898 2697 2951 τοῦ
2733 2895 3012 2958 καύσωνος
3033 2892 3141 2947 τῶν
3163 2889 3488 2962 πειρασμῶν
3521 2887 3682 2940 ἐκλε-

405 2992 502 3043 luti
536 2998 664 3045 sunt
699 3008 712 3044 :
743 2999 840 3043 aut
883 2990 1011 3059 quia
1045 2990 1382 3060 spiritualem
1410 2989 1567 3044 nobis
1601 3004 1780 3043 rorem
1807 2989 1988 3044 distri-

2100 2996 2359 3066 λυμένους
2388 2992 2820 3066 παραμυθεῖται.
2862 2991 2933 3044 Ἣ
2971 2990 3053 3042 ὅτι
3096 2988 3294 3057 νοητὴν
3328 2985 3483 3056 ἡμῖν,
3518 2980 3680 3050 φησι,

411 3085 604 3144 haunt,
638 3082 806 3137 Deum
834 3098 932 3152 pro
957 3083 1115 3136 nobis
1141 3082 1551 3137 obsecrantes“:
1587 3081 1842 3151 Deposito
1869 3096 1988 3135 om-

2100 3090 2287 3161 δρὸσον
2317 3088 2595 3158 νέμουσιν,
2636 3085 2775 3156 ὑπὲρ
2797 3082 2954 3155 ἡμῶν
3002 3081 3094 3135 τὸν
3146 3079 3279 3133 Θεὸν
3319 3075 3682 3135 ἱκετεύοντες.

409 3175 463 3227 ui
510 3188 699 3229 onere.
748 3193 766 3225 ι
794 3174 1049 3244 Deposita
1100 3174 1369 3244 gravitate
1417 3189 1597 3228 rerum
1630 3174 1995 3235 saecularium,

405 3267 665 3336 omnique
692 3267 854 3321 simul
912 3267 1239 3337 negligentia
1261 3276 1312 3320 et
1337 3267 1620 3337 segnitie:
1644 3266 1709 3320 Et
1735 3267 1997 3322 tenaciter

404 3357 773 3414 adhazrentem
799 3369 1075 3427 peccato.»
1096 3359 1198 3412 Aut
1218 3361 1344 3431 quia
1374 3359 1531 3414 facile
1554 3359 1790 3414 adhaeret
1814 3358 1996 3426 nobis,

406 3455 500 3502 aut
515 3447 646 3517 quia
668 3445 828 3501 facile
854 3455 1031 3516 potest
1048 3463 1235 3504 casum
1257 3449 1678 3519 etdejectionem
1695 3451 1994 3518 suscipere.

382 3538 535 3595 ideo
564 3540 767 3594 dicitur
788 3541 1179 3611 εὐπερίστατος
1201 3541 1464 3613 ἁμαρτία.
1485 3559 1504 3592 ι
1532 3540 1636 3595 Per
1651 3541 1994 3595 tolerantiam

405 3648 721 3688 curramus.
770 3651 790 3686 ι
840 3632 1028 3702 Neque
1072 3637 1219 3691 enim
1259 3637 1369 3691 alio
1428 3636 1589 3690 modo
1614 3636 1803 3706 ahjicit
1845 3637 1995 3707 quis-

406 3727 552 3794 piam
607 3725 817 3794 pondus
863 3741 1043 3781 rerum
1114 3728 1485 3791 saecularium.
1523 3743 1686 3798 quam
1731 3743 1826 3798 per
1857 3730 1994 3783 tole-

410 3816 673 3870 rantiam.
721 3816 893 3873 Porro
934 3820 1240 3874 tolerantia:
1284 3820 1529 3875 meminit
1593 3828 1850 3889 tanquam
1911 3820 2019 3876 rei'

410 3908 548 3976 ipsis
579 3908 1235 3977 aptissimae..Cousidera
1270 3925 1398 3965 vero
1432 3911 1575 3981 quod
1620 3927 1726 3965 nou
1768 3903 1989 3979 dixerit,

408 3997 614 4069 Pugnis
642 4001 1002 4069 decet-tentus,
1029 4010 1145 4067 aut,
1182 4001 1474 4063 Bellemus.
1501 4004 1622 4072 sed,
1644 4005 1786 4074 quod
1818 4004 1991 4061 levius

416 4100 558 4153 crat,
593 4091 893 4148 Curramus
916 4094 971 4147 in
1005 4097 1323 4151 certamine.
1342 4095 1589 4151 Praesens
1621 4113 1857 4165 namque
1882 4099 1991 4153 vita

411 4177 579 4249 [.18
629 4189 909 4237 certamen
955 4191 1040 4237 est
1071 4201 1083 4237 :
1113 4192 1410 4251 certamen,
1450 4187 1695 4256 inquam,
1727 4188 1992 4244 adversus

412 4280 634 4341 peccata
674 4284 727 4329 et
765 4277 1267 4346 concupiscentias,
1309 4287 1405 4332 aut
1434 4293 1531 4335 eos
1559 4280 1651 4350 qui
1694 4280 1998 4351 spirituali-

412 4373 499 4418 ter
523 4365 684 4421 nobis
720 4366 1108 4423 adversantur.
1135 4367 1191 4422 lu
1228 4369 1331 4424 hoc
1362 4371 1525 4440 igitur
1547 4373 1845 4427 certamine
1868 4387 1994 4428 cur-

416 4474 603 4514 ramus
651 4474 716 4515 ac
760 4460 995 4515 viriliter
1020 4477 1266 4532 agamus.
1305 4482 1324 4516 ι
1364 4465 1740 4534 Respicientes
1772 4464 1837 4519 ad
1872 4466 1993 4521 fidei

2109 3203 2125 3234 ι
2151 3182 2508 3252 Ἀποθέμενοι
2537 3178 2732 3232 πάντα.
2772 3198 2790 3230 ι
2827 3174 3202 3245 Ἀποθέμενοι,
3243 3169 3398 3240 φησι,
3423 3168 3484 3220 τὸ
3515 3167 3686 3236 βάρος

2102 3277 2210 3331 τῶν
2246 3274 2515 3347 βιωτικῶν
2545 3271 2912 3345 πραγμάτων,
2960 3269 3054 3323 καὶ
3090 3266 3206 3338 μετ’
3231 3264 3412 3319 αὐτῶν
3441 3262 3541 3331 τὴν
3567 3260 3686 3311 ὀλι-

2101 3373 2329 3444 γωρίαν,
2357 3370 2453 3425 καὶ
2484 3369 2582 3440 τὴν
2616 3365 2910 3439 ρᾳθυμίαν.
2956 3382 2973 3415 ι
3007 3362 3115 3416 Καὶ
3141 3359 3239 3429 τὴν
3284 3354 3687 3425 εὐπερίστατον

2101 3466 2395 3539 ἁμαρτίαν.
2428 3483 2446 3516 ›
2474 3464 2632 3516 Ἤτοι
2662 3459 2759 3530 τὴν
2779 3457 3013 3520 εὐκόλως
3046 3451 3476 3525 περιϊσταμένην
3511 3447 3685 3539 ἡμᾶς,

2292 3556 2529 3619 εὐκόλως
2584 3552 2901 3625 περίστασιν
2942 3548 3135 3602 παθεῖν
3170 3543 3494 3613 δυναμένην.
3531 3559 3549 3589 ι
3587 3536 3671 3589 Δι’

2099 3648 2379 3717 ὑπομονῆς
2431 3645 2736 3715 τρέχωμεν.
2775 3660 2793 3692 ι
2832 3639 2906 3693 Οὐ
2933 3640 3041 3710 γὰρ
3082 3638 3258 3699 ἄλλως
3283 3651 3367 3697 τις
3402 3632 3462 3685 τὸ
3499 3631 3673 3701 βάρος

2096 3737 2397 3790 ἀπωθεῖται
2435 3734 2545 3788 τῶν
2603 3731 2896 3803 βιωτικῶν,
2952 3730 2984 3800 ἢ
3038 3727 3107 3782 δι’
3137 3725 3432 3796 ὑπομονῆς.
3471 3724 3584 3792 Τῆς
3623 3722 3681 3774 δὲ

2096 3826 2375 3896 ὑπομονῆς
2407 3823 2679 3895 ἐμνήσθη,
2734 3821 2809 3885 ὡς
2845 3820 3078 3892 μάλιστα
3120 3817 3381 3888 ἀρμοδίου
3426 3815 3681 3877 ἐκείνοις.

2098 3922 2241 3991 Ὅρα
2279 3919 2337 3973 δὲ
2371 3918 2471 3972 οὐκ
2499 3913 2643 3979 εἷπε,
2671 3913 3043 3984 λΠυτεύωμεν,
3074 3911 3107 3982 ἥ
3143 3908 3483 3980 Πολεμῶμεν
3507 3951 3523 3973 ,
3564 3905 3692 3960 ἀλλ’

2097 4014 2125 4067 ὃ
2170 4014 2373 4082 κοῦφον
2429 4008 2522 4084 ἦν,
2561 4008 2881 4081 Τρέχωμεν,
2918 4004 3073 4076 φησι,
3109 4004 3199 4058 τὸν
3222 4003 3433 4072 ἀγῶνα.
3484 4000 3544 4053 ⁸0
3575 3999 3688 4068 γὰρ

2098 4101 2289 4170 παρὼν
2324 4098 2459 4169 βίος,
2494 4096 2643 4166 ἁγών
2671 4100 2840 4150 ἐστιν.
2876 4093 3053 4162 Ἀγὼν
3082 4094 3138 4148 δὲ
3184 4092 3327 4148 κατὰ
3358 4092 3467 4146 τῶν
3500 4094 3691 4162 ἀμαρ-

2100 4194 2231 4247 τιῶν
2264 4194 2359 4245 καὶ
2384 4189 2692 4260 ἐπιθυμιῶν
2727 4189 2949 4242 καὶτῶν
2975 4187 3181 4259 νοητῶς
3216 4185 3690 4241 ἁντιπαλαιόντων

2101 4287 2255 4357 ἡμῖν.
2314 4283 2517 4337 Τοῦτον
2582 4283 2676 4337 οὖν
2737 4280 3022 4354 τρέχωμεν
3064 4280 3157 4333 καὶ
3203 4279 3566 4351 κατορθῶμεν
3601 4277 3688 4330 τὸν

2102 4378 2308 4447 ἀγῶνα.
2337 4395 2354 4429 ι
2394 4375 2733 4447 Ἀφορῶντες
2764 4373 2950 4437 εἰςτὸν
2979 4373 3078 4444 τῆς
3107 4371 3343 4434 πίστεως
3368 4371 3635 4442 ἀρχηγόν.
3666 4387 3683 4419 ι

2102 4468 2235 4524 Εἶτα
2267 4472 2344 4533 εἰς
2372 4470 2434 4523 τὸ
2491 4468 2787 4538 κεφάλαιον
2818 4469 2916 4537 τῆς
2950 4467 3354 4538 παρακλήσεως
3398 4461 3560 4537 ἦλθε,
3601 4465 3690 4518 τὸν

417 4554 638 4607 ducem.
669 4572 689 4605 δ
724 4552 930 4609 Deinde
971 4555 1037 4610 ad
1081 4566 1244 4627 caput
1269 4558 1448 4628 ipsum
1483 4559 1634 4613 venit
1660 4558 1988 4614 adhortatio-

2110 4563 2367 4635 Χριστὸν,
2395 4562 2488 4616 καί
2520 4561 2801 4632 φησιν’,Εἰ
2828 4559 3129 4631 βουλόμεθα
3148 4558 3426 4628 ὑπομονήν
3454 4574 3516 4610 τε
3548 4556 3688 4629 ἔχειν

419 4647 506 4699 nis
555 4654 609 4700 et
660 4646 1081 4709 consolationis.
1132 4664 1328 4717 nempe
1365 4648 1666 4709 Christum,
1701 4658 1754 4702 et
1787 4650 1862 4703 ait
1895 4667 1908 4703 :
1947 4650 2003 4705 Si

386 4786 391 4791 ,
423 4732 679 4788 volumus
704 4742 758 4787 et
788 4734 1138 4789 tolerantiam
1164 4736 1368 4791 habere
1403 4747 1455 4790 et
1481 4745 1630 4791 recte
1659 4753 1904 4804 currere,
1938 4739 2003 4794 ad

425 4821 704 4877 Christum
742 4824 1136 4893 respiciamus,
1167 4826 1552 4895 discamusque
1590 4835 1644 4882 et
1691 4837 1839 4885 recte
1884 4846 2011 4885 cur-

424 4929 546 4968 rere
580 4924 637 4968 et
668 4918 943 4973 sustinere
970 4936 985 4975 :
1015 4930 1282 4989 vocatque
1315 4921 1492 4989 ipsum
1537 4920 1730 4976 ducem
1770 4937 1833 4978 ac
1871 4939 2007 4979 eon-

425 5016 843 5074 summatorem,
878 5010 980 5065 hoc
1022 5012 1318 5065 ostendens
1350 5012 1495 5083 quod
1526 5021 1578 5066 et
1618 5014 1873 5071 credendi
1906 5032 2007 5072 no-

431 5093 516 5147 his
546 5109 714 5147 causa
746 5095 933 5161 fuerit,
961 5110 1013 5153 et
1054 5100 1344 5153 terminum
1380 5101 1737 5169 impositurus
1761 5105 1832 5159 sit
1858 5106 2006 5171 fidei,

429 5193 490 5239 ut
522 5186 694 5256 ipsam
738 5187 948 5244 firmam
978 5190 1277 5245 habeamus
1310 5199 1362 5246 et
1396 5192 1801 5252 inconcussam.
1844 5216 1863 5249 ι
1902 5198 2005 5265 Qui

430 5292 530 5345 pro
579 5278 781 5349 gaudio
828 5281 934 5336 sibi
977 5283 1278 5351 proposito.
1317 5301 1336 5334 ι
1383 5282 1508 5354 Ipsi,
1538 5285 1732 5357 inquit,
1764 5289 2011 5345 licuisset

428 5386 553 5425 cum
602 5372 801 5442 gaudio
855 5383 911 5429 et
959 5374 1128 5443 gloria
1179 5375 1372 5448 degere
1418 5378 1472 5432 in
1521 5378 1623 5434 hoc
1665 5381 1903 5437 mundo:
1935 5383 2013 5437 ait

427 5462 575 5518 enim
605 5480 620 5519 :
658 5483 677 5516 ι
714 5464 1047 5520 Polestatem
1076 5466 1253 5522 habeo
1278 5470 1513 5537 ponendi
1540 5472 1775 5525 animam
1810 5489 2007 5539 meam,

427 5565 481 5610 et
508 5559 805 5627 recipiendi
835 5560 1105 5628 ipsam":
1143 5581 1161 5614 ι
1197 5564 1292 5618 sed
1323 5580 1431 5619 non
1466 5565 1654 5630 vomit,
1676 5567 1786 5623 imo
1809 5569 2006 5625 volun-

429 5649 568 5702 tarie
607 5665 828 5705 crucem
872 5655 1156 5710 sustinuit.
1196 5674 1215 5710 ι
1263 5656 1566 5728 Ignominia
1602 5670 1936 5734 contempta.
1977 5680 1996 5715 ι

508 5825 729 5884 "Joan.
758 5846 812 5897 ι,
845 5833 933 5889 i8.

2111 4655 2206 4709 καὶ
2239 4654 2454 4725 τρέχειν
2490 4652 2691 4719 καλῶς,
2726 4652 2863 4722 πρὸς
2891 4652 2981 4705 τὸν
3009 4650 3245 4722 Χριστὸν
3272 4649 3580 4719 ἀπίδωμεν,
3603 4650 3690 4702 καὶ

2114 4744 2477 4817 μανθάνωμεν
2538 4742 2632 4797 καὶ
2685 4742 2898 4813 τρέχειν
2966 4740 3148 4803 καλῶς
3214 4743 3309 4794 καὶ
3374 4739 3687 4807 ὑπομένειν.

2125 4837 2394 4907 Ἀρχηγὸν
2450 4834 2505 4887 δὲ
2537 4832 2702 4888 αὐτὸν
2739 4836 2832 4887 καὶ
2854 4833 3147 4905 τελειωτὴν
3178 4833 3356 4895 καλεῖ,
3389 4831 3554 4885 τοῦτο
3584 4831 3689 4884 δει-

2114 4916 2268 4992 κνὺς,
2303 4929 2385 4981 ὅτι
2409 4926 2570 4991 αὐτὸς
2606 4928 2701 4980 καὶ
2736 4926 2828 4981 τοῦ
2867 4927 3004 4989 ὅλως
3033 4925 3323 4980 πιστεῦσαι
3345 4926 3479 4996 ἡμῖν
3520 4925 3689 4986 αἴτιος

2116 5020 2348 5087 γίνεται,
2409 5020 2504 5073 καὶ
2546 5019 2705 5083 αὐτὸς
2746 5019 2922 5090 πέρας
2953 5018 3292 5088 ὲπιθήσειτῇ
3321 5018 3528 5081 πίστει,
3554 5015 3691 5070 ὥστε

2117 5113 2261 5180 ἔχειν
2286 5110 2454 5183 αὐτὴν
2491 5109 2714 5180 βεϐαέαν
2746 5111 2891 5178 ἡμᾶς
2920 5112 3015 5165 καὶ
3044 5111 3362 5165 ἀσάλευτον.
3396 5129 3418 5161 ι
3452 5112 3551 5172 Ὃς
3574 5108 3691 5164 ἀντὶ

2117 5203 2215 5271 τῆς
2240 5202 2628 5274 προκειμένης.
2672 5221 2691 5253 ι
2742 5201 2903 5270 Ἐξῆν
2943 5202 3114 5273 αὐτῷ,
3170 5202 3326 5275 φησὶ,
3359 5201 3504 5270 μετὰ
3538 5201 3691 5266 δόξης

2120 5294 2214 5345 καὶ
2237 5294 2410 5364 χαρᾶς
2431 5292 2635 5360 διάγειν
2665 5294 2722 5344 ὲν
2752 5292 2901 5361 αὑτῴ
2921 5293 3112 5363 κόσμῳ
3132 5310 3146 5324 ·
3174 5311 3193 5343 ι
3215 5293 3496 5359 Ἑξουσίαν
3529 5293 3686 5362 γᾶρρ

2122 5386 2308 5456 φησιν,
2323 5403 2341 5436 ι
2371 5385 2477 5454 ἔχω
2497 5384 2668 5437 θεῖναι
2689 5383 2788 5452 τὴν
2803 5383 2981 5453 ψυχήν
3002 5401 3105 5454 μου
3134 5386 3228 5438 καὶ
3247 5383 3432 5437 λαϐεῖν
3449 5383 3621 5453 αὐτήν
3639 5395 3652 5407 ’
3667 5399 3683 5431 ι

2119 5479 2236 5533 ἀλλ’
2267 5479 2365 5532 οὐκ
2388 5475 2684 5547 ἠϐουλήθη,
2724 5476 2839 5531 ἀλλ’
2866 5477 3128 5542 ἑκουσίως
3153 5477 3415 5547 ὑπέμεινε
3440 5479 3686 5548 σταυρόν.

2125 5586 2144 5618 ι
2174 5565 2444 5638 Αἰσχύνης
2492 5567 2934 5636 καταφρονήσας.
2970 5586 2987 5619 ι
3020 5570 3126 5622 Καὶ
3184 5572 3291 5641 γὰρ
3334 5565 3401 5641 ἦν
3436 5567 3690 5623 ἐπονείδι-

2122 5676 2245 5724 στος
2280 5660 2374 5713 nat
2426 5660 2828 5732 ἔπικπτάρατος
2856 5661 2884 5714 ὁ
2928 5660 3016 5715 διὰ
3043 5661 3274 5732 σταυροῦ
3307 5661 3557 5727 θάνατος.
3595 5661 3686 5714 “Av
