3970 6560
444 390 543 458 ιὶ¹2Ἷ

1499 373 1898 436 ΟΞΩῙῙΜΕἫΙ
1939 373 2229 436 TRICCIE
2268 373 2612 435 EPISCOPI

3599 377 3705 442 423

437 495 723 548 viscuntnr
753 492 918 544 etiam
951 502 1137 541 eorum
1172 501 1292 556 qum.
1322 493 1447 539 sunt
1477 487 1528 538 'm
1557 486 1830 540 manibus.
1856 503 1872 536 ι
1906 484 2035 552 Quae

2147 485 2290 538 θετο.
2334 485 2432 539 Διὰ
2452 484 2608 539 τοῦτο
2633 486 2710 549 τὶ,
2733 484 2846 549 Ὣς.
2879 503 2895 536 ι
2948 484 3248 540 Ἀπάύτοῦ
3285 486 3652 560 ἐλεγχόμενος.
3694 509 3712 544 ι

439 585 596 639 vobis
615 594 872 653 tanquam
899 581 1024 636 liliis
1045 581 1302 650 loquitur.
1321 577 1461 633 nNon
1480 580 1629 632 enim
1647 578 1880 649 propriis
1900 578 2025 636 ﬁliis

443 683 766 750 loquebatur
795 679 1041 742 Solonio,
1077 678 1168 732 sed
1219 692 1566 729 communem
1601 675 1906 730 doctrinam
1970 676 2023 730 in

443 775 684 830 medium
715 772 998 844 promebat
1029 789 1044 828 :
1077 779 1360 841 propterea
1391 771 1466 824 ait
1498 767 1803 840 Tanquam.
1835 787 1854 822 ι
1888 768 2023 824 Cum

438 871 510 922 ab
547 882 613 924 eo
643 866 914 938 at'gtteri~‘.
957 884 974 916 ι
1008 863 1242 918 Maxima
1278 873 1362 918 est
1395 861 1703 917 exhortatio
1732 871 1785 918 et
1822 877 2024 918 conso-

439 963 594 1027 latio,
631 961 774 1016 scire
811 957 961 1030 quod
1002 974 1063 1014 ex
1119 955 1211 1011 Dei
1257 956 1619 1025 promissione
1661 955 1728 1011 ad
1777 964 2022 1010 nostram

440 1055 733 1110 utilitatem
789 1050 1180 1122 superveniunt
1225 1049 1568 1114 amictiones,
1639 1048 1908 1120 siquidem
1958 1047 2025 1102 ad

439 1143 945 1215 philosOphandum
999 1142 1271 1198 inducant
1317 1157 1417 1197 nos
1456 1142 1782 1197 aluit-tiones
1829 1142 2024 1212 :quod

438 1237 483 1291 si
515 1249 578 1289 ex
617 1233 707 1288 Dei
737 1233 1102 1306 permissione
1132 1236 1549 1303 superveniant,
1581 1234 1649 1289 ab
1683 1234 1802 1303 ipso
1833 1231 2025 1287 riden-

441 1339 532 1382 tur
572 1325 934 1398 supervenire
980 1337 1034 1383 et
1081 1327 1326 1383 immitti.
1375 1346 1394 1380 ι
1441 1327 1613 1395 Quem
1662 1328 1804 1382 enim
1849 1325 2026 1396 diligit

443 1421 588 1478 Deus
623 1422 874 1492 corripit.
912 1441 930 1474 ι
962 1419 1248 1493 Siquidem
1270 1421 1454 1476 nullus
1477 1428 1654 1492 potest
1693 1434 2025 1490 quemquam

436 1511 730 1568 ostendere
747 1505 960 1582 justum
985 1513 1196 1584 absque
1223 1511 1520 1568 a'mzctione
1544 1531 1557 1567 :
1579 1511 1745 1584 420
1766 1510 2023 1581 quoniam

443 1625 462 1656 ι
509 1615 740 1684 angusta
777 1614 830 1660 et
859 1615 1007 1660 arcta
1037 1614 1122 1661 est
1155 1607 1238 1660 via
1272 1621 1392 1675 quae
1421 1605 1573 1661 ducit
1606 1605 1673 1660 ad
1711 1605 1875 1658 vitam
1893 1603 1960 1659 ".
2003 1621 2021 1656 ι

439 1700 629 1771 Itaque.
665 1710 718 1755 et
750 1716 846 1754 vos
877 1699 1058 1771 quoad
1093 1699 1498 1754 correctionem
1527 1706 1688 1754 vocat
1722 1697 1886 1761 Deus,
1916 1711 2024 1751 non

439 1794 504 1849 ad
562 1793 919 1866 supplicium.
950 1793 1040 1850 Eo
1085 1793 1204 1865 ipso
1257 1793 1424 1866 igitur
1471 1809 1580 1864 quo
1627 1809 1688 1848 se
1741 1790 2026 1848 existima-

2136 578 2388 647 Μεγίστη
2415 577 2788 648 παράκλησις,
2827 578 2888 631 τὸ
2922 577 3120 633 ειδέναι
3151 580 3231 634 ὅτι
3266 581 3407 634 κατὰ
3439 581 3720 652 συγχώρη-

2130 687 2215 724 σιν
2244 669 2379 724 Θεοῦ
2407 670 2543 740 πρὸς
2570 671 2841 742 ἡμέτερον
2880 670 3073 741 ὄφελος
3139 672 3189 725 οἱ
3229 675 3528 744 πειρασμοὶ
3561 675 3718 746 ἐπέρ-

2129 783 2335 838 χονται.
2361 765 2429 818 Δί
2467 765 2578 836 γὰρ
2619 763 2829 835 θλίψεις
2877 764 3192 836 φιλοσοφεῖν
3226 766 3528 821 πείθουσιν.
3559 769 3620 822 El
3659 769 3716 821 δὲ

2128 862 2272 916 κατὰ
2320 861 2674 933 συγχώρησιν
2720 859 3047 932 ἐπέρχονται
3069 861 3230 928 Θεοῦ,
3265 863 3398 933 παρ’
3433 861 3600 917 αὑτοῦ
3629 863 3714 916 δο-

2128 953 2315 1008 κοῦσιν
2347 954 2584 1009 ἐπιέναι.
2622 972 2640 1005 ι
2665 955 2762 1008 Ὃν
2778 954 2887 1026 γὰρ
2919 954 3110 1026 ἀγαπᾷ
3142 954 3370 1026 Κύριος,
3403 955 3666 1010 παιδεύει.
3691 986 3713 1007 ι

2128 1046 2319 1111 Οὐδεὶς
2367 1046 2478 1118 γὰρ
2537 1046 2760 1101 δύναται
2795 1045 2966 1114 δεῖξαι
3010 1047 3220 1102 δίκαιον
3264 1047 3434 1118 χωρὶς
3466 1046 3718 1117 θλίψεως,

2128 1140 2316 1212 επειδὴ
2364 1159 2382 1192 ι
2435 1141 2598 1210 στενή
2639 1141 2876 1196 ἐστικαὶ
2910 1139 3248 1211 τεθλιμμένη
3274 1142 3308 1211 ἠ
3343 1143 3420 1203 είς
3443 1140 3544 1212 τὴν
3575 1141 3719 1210 ζωὴν

2127 1229 2265 1296 ὁδός.
2299 1250 2317 1284 ι
2347 1229 2660 1303 Τοιγαροῦν
2709 1233 2809 1286 καὶ
2869 1231 3016 1301 ὑμᾶς
3072 1235 3152 1296 είς
3202 1232 3452 1286 παιδείαν
3494 1231 3655 1286 καλεῖ
3692 1235 3720 1286 ὁ

2127 1322 2281 1386 Θεὸς,
2305 1321 2406 1376 οὐκ
2427 1324 2507 1386 είς
2532 1321 2777 1378 κόλασιν.
2801 1321 2960 1394 Αὐτῷ
2993 1318 3086 1378 οὖν
3115 1316 3160 1391 ᾧ
3191 1324 3442 1394 ἐνόμιζον
3479 1325 3718 1392 ἐγκατα-

2131 1411 2414 1482 λελεῖφθαι
2438 1411 2527 1467 διὰ
2550 1415 2677 1478 τοὺς
2720 1415 3084 1486 πειρασμοὺς,
3117 1415 3185 1468 δι’
3209 1415 3379 1468 αὑτοῦ
3412 1417 3592 1468 πείθει
3615 1416 3717 1470 αύ-

2129 1504 2258 1568 τοὺς
2284 1503 2361 1567 ὡς
2383 1505 2442 1558 ὲν
2471 1505 2716 1576 φροντίδι
2747 1506 2856 1560 eici.
2879 1505 3032 1578 παρὰ
3061 1506 3140 1577 τῷ
3169 1507 3309 1578 Θεῷ.
3340 1507 3536 1584 rem
3567 1508 3721 1562 ἐνανο

2127 1596 2264 1662 τίον,
2304 1596 2490 1668 φησὶν,
2525 1592 2594 1669 ἦν
2639 1597 2708 1652 ἂν
2765 1598 3176 1670 ὲγκατάλειψις,
3221 1602 3270 1654 εί
3318 1601 3448 1654 ἄνευ
3490 1599 3722 1671 θλίψεως

2129 1689 2374 1761 διήγετε.
2401 1708 2420 1742 ι
2453 1692 2551 1744 Ὃν
2583 1691 2974 1762 παραδέχεται.
3011 1711 3031 1745 ι
3067 1694 3164 1746 Ὃν
3185 1692 3556 1765 παραδέχεται
3575 1695 3719 1764 παρ’

2131 1782 2338 1856 ἐαυτῷ,
2379 1784 2439 1838 δν
2491 1785 2908 1858 προσλαμϐάνει
2950 1789 3032 1852 εἰς
3070 1787 3132 1841 τὸ
3179 1783 3321 1842 εἶναι
3371 1787 3541 1842 αὐτοῦ
3584 1788 3718 1842 υίὸν.

441 1890 572 1942 bant
624 1903 655 1943 a
689 1887 808 1943 Deo
858 1887 1157 1943 derelictus
1196 1903 1343 1955 esse,
1386 1902 1578 1957 nempe
1624 1896 1844 1958 propter
1893 1883 2030 1940 ruli-

2141 1893 2159 1928 t
2210 1874 2298 1938 Ὠς
2326 1877 2461 1940 υίοῖς
2524 1877 2654 1949 ύμῖν
2702 1878 3081 1950 προσφέρεται
3124 1879 3153 1933 6
3192 1879 3346 1944 Θεός.
3385 1898 3403 1932 ι
3450 1880 3607 1934 Ἐπεὶ
3632 1877 3722 1932 οὖν

438 1983 677 2046 ctioncs,
701 1980 883 2053 pcr‘i‘d
913 1980 1110 2035 suadet
1137 1981 1218 2034 eis
1252 1978 1398 2050 quod
1437 1977 1545 2032 Deo
1569 1993 1716 2032 cura:
1747 1978 1894 2043 sint;
1920 1974 2029 2032 imo

440 2074 698 2141 Uﬂp‘DSlIO
733 2070 896 2126 modo
923 2089 936 2126 :
969 2068 1223 2126 Derelicti
1253 2069 1467 2134 essetis,
1505 2068 1704 2140 inquit,
1743 2067 1788 2123 si
1821 2067 2028 2138 absque

363 2227 368 2232 ,
450 2163 847 2219 zmictionibus
894 2163 1151 2234 ageretis.
1177 2179 1205 2214 4
1246 2159 1420 2228 Quem
1453 2162 1667 2231 recipit.
1698 2179 1719 2213 ι
1757 2159 1930 2227 Quem
1960 2156 2031 2214 ad

440 2273 503 2312 se
530 2255 787 2328 suscipit,
816 2269 979 2326 quem
1017 2255 1220 2325 accipit
1260 2260 1319 2309 ut
1355 2269 1490 2309 suus
1538 2253 1690 2312 ﬁlius
1730 2255 1821 2309 sit.
1855 2270 1875 2307 ι
1921 2251 2032 2309 Ye-

444 2349 542 2404 luti
571 2348 697 2404 ﬁliis
729 2344 887 2404 olrert
922 2361 984 2404 se
1009 2346 1168 2403 vobis
1198 2345 1358 2402 Deus.
1404 2364 1422 2398 ι
1451 2347 1721 2414 Quoniam
1754 2347 1924 2418 igitur
1949 2345 2034 2402 itt-

440 2441 647 2495 d‘cittm
697 2437 933 2494 ﬁliorutn
980 2445 1066 2496 est
1106 2438 1332 2509 corripi,
1375 2439 1621 2502 tolerate.
1647 2438 1858 2510 inquit,
1892 2438 2031 2494 allii-

440 2533 704 2588 ct‘ionetn.
751 2529 877 2602 Filii
935 2540 1119 2586 autem
1173 2527 1270 2586 Dei
1321 2539 1452 2584 sunt
1503 2530 1663 2601 justi.
1703 2548 1724 2582 ι
1779 2527 1933 2598 Quod
1984 2529 2031 2586 si

440 2624 603 2680 alieni
633 2625 769 2680 estis
805 2638 838 2678 a
868 2621 1249 2694 castigatione.
1289 2640 1309 2676 ι
1339 2621 1444 2679 Ubi
1479 2638 1508 2676 a
1544 2623 1708 2680 rebus
1739 2623 1876 2694 ipsis
1901 2639 2033 2680 sua-

441 2719 629 2780 sisset.
662 2733 861 2788 nempe
901 2722 982 2771 tot
1021 2716 1233 2771 sanctis
1269 2715 1323 2769 in
1367 2713 1604 2770 medium
1645 2715 1900 2771 adductis
1935 2715 2030 2788 qui

441 2827 539 2880 per
587 2809 912 2866 a’lllictiones
959 2808 1400 2878 decertaverant,
1452 2823 1600 2864 nunc
1650 2807 1721 2864 ab
1771 2807 2032 2865 humanis

443 2903 754 2960 rationibus
799 2903 995 2958 nititur
1027 2901 1164 2974 ipsis
1195 2902 1545 2974 persuadere.
1589 2920 1608 2954 ι
1650 2901 1820 2974 Igitur
1855 2903 2029 2973 spurii

443 2999 600 3064 estis,
631 3005 814 3053 etnon
845 2995 970 3052 ﬁlii.
1009 3013 1034 3048 ι
1079 2993 1136 3050 Si
1173 3010 1305 3066 ergo
1343 2996 1560 3067 signum
1596 2996 1911 3067 spuriorum
1943 3001 2031 3052 est

441 3109 550 3148 non
609 3091 889 3163 castigari,
940 3089 1304 3162 legitimorum
1353 3099 1533 3144 autem
1591 3089 1825 3145 liliorum
1886 3090 2046 3146 casti-

2132 1972 2333 2044 δεῖγμα
2363 1971 2496 2027 υίῶν
2540 1973 2604 2027 τὸ
2649 1972 3028 2040 παιδεύεσθαι,
3074 1973 3400 2046 ὑπομένετε,
3439 1975 3599 2047 φησι,
3627 1975 3721 2044 τὴν

2137 2067 2414 2123 παιδείαν.
2446 2068 2567 2123 Υἱοὶ
2596 2067 2656 2122 δὲ
2682 2069 2778 2124 τοῦ
2817 2069 2953 2125 Θεοῦ
2983 2070 3035 2124 οί
3068 2070 3292 2127 δίκαιοι.
3334 2089 3353 2124 ι
3383 2071 3446 2126 El
3470 2072 3530 2125 δι
3555 2071 3725 2145 χωρὶς

2138 2161 2265 2215 ἐστὶ
2299 2158 2572 2225 παιδείας.
2605 2179 2626 2213 ι
2662 2160 2862 2226 Πείσας
2884 2160 3103 2233 πρῶτον
3131 2163 3240 2217 ἀπὸ
3273 2162 3621 2234 πραγμάτων
3652 2161 3726 2231 τῷ

2135 2258 2486 2328 παραγαγεῖν
2515 2257 2643 2321 τοὺς
2668 2258 2960 2323 τοσούτους
2983 2257 3176 2328 ἁγίους
3204 2256 3295 2312 διὰ
3317 2256 3554 2328 θλίψεως
3577 2258 3728 2325 ἀγω-

2133 2349 2485 2422 νισαμένους,
2522 2337 2620 2404 νῦν
2647 2349 2742 2404 καὶ
2769 2348 2878 2406 ἀπὸ
2905 2348 3186 2418 λογισμῶν
3210 2346 3572 2419 ἀνθρωπίνων
3609 2348 3728 2402 πεῖ-

2136 2457 2227 2495 σαι
2273 2441 2473 2505 αὐτοὺς
2536 2440 2831 2513 ιπιχειρεῖ.
2867 2457 2888 2492 ι
2921 2441 3066 2512 Ἀρα
3125 2438 3269 2494 νόθοι
3317 2439 3466 2502 ἐστὶ,
3507 2439 3608 2493 καὶ
3634 2439 3728 2510 οὐχ

2136 2532 2264 2589 υἱοί.
2289 2532 2390 2588 »Εί
2423 2532 2518 2588 οὖν
2550 2533 2723 2589 νόθων
2756 2532 2857 2604 μὲν
2889 2534 3115 2606 σημεῖον
3143 2532 3206 2587 τὸ
3237 2531 3314 2604 μὴ
3345 2530 3726 2596 παιδεύεσθαι,

2138 2627 2377 2698 γνησίων
2401 2627 2457 2681 δὲ
2486 2627 2546 2680 τὸ
2578 2624 2954 2693 παιδεύεσθαι,
2996 2626 3098 2691 δεῖ,
3116 2627 3274 2697 φησὶ,
3302 2625 3517 2698 χαίρειν
3544 2625 3642 2680 ἐπὶ
3663 2627 3726 2696 τῇ

2138 2719 2378 2793 παιδείᾳ.
2418 2738 2436 2772 ι
2476 2720 2587 2774 Kal.
2634 2717 3058 2794 ἐνετρεπόμεθα.
3098 2737 3117 2774 ι
3174 2718 3478 2788 Ἦκούομεν
3519 2717 3727 2783 αὐτῶν,

2137 2813 2293 2884 φησὶ,
2350 2813 2445 2868 καὶ
2503 2812 2858 2886 ἠρυθριῶμεν
2919 2811 3136 2876 αύτούς.
3175 2831 3194 2866 ι
3247 2810 3337 2883 Τῷ
3397 2813 3582 2884 Harp).
3624 2812 3727 2866 τῶν

2136 2906 2484 2972 πνευμάτων.
2513 2905 2704 2959 »Ἤτοι
2729 2904 2838 2959 τῶν
2853 2904 3234 2977 χαρισμάτων,
3259 2904 3292 2974 ἢ
3319 2903 3428 2956 τῶν
3443 2901 3657 2974 ψυχῶν,
3695 2901 3727 2972 ἢ

2131 2999 2240 3054 τῶν
2285 2999 2592 3072 ἀσωμάτων
2631 2998 2937 3070 δυνάμεων.
2989 3019 3007 3050 ι
3047 2999 3158 3054 Καὶ
3203 2998 3464 3071 ζήσομεν.
3503 3015 3526 3051 s
3563 2994 3732 3052 Τοῦτο

2149 3092 2260 3164 γὰρ
2293 3091 2430 3164 ζωὴ,
2455 3091 2517 3145 τὸ
2548 3090 2914 3161 ὑποτετάχθαι
2941 3090 3081 3162 Θεῷ.

443 3184 584 3256 gari,
622 3189 864 3255 Oportet,
909 3181 1111 3254 inquit,
1163 3180 1233 3238 de
1259 3182 1624 3254 castigatione
1670 3183 1940 3257 gaudere.
2017 3203 2035 3236 ι
2071 3183 2136 3239 Et
2173 3185 2393 3241 reteriti
2423 3199 2616 3241 smnus
2677 3183 2829 3241 illos.
2874 3203 2894 3238 ι
2938 3182 3336 3249 Audiebamns,
3397 3181 3601 3253 inquit,
3672 3194 3732 3236 ac

451 3278 846 3334 reverebantur
922 3277 1067 3334 illos.
1100 3294 1119 3328 ι
1176 3275 1328 3330 Patri
1378 3277 1693 3348 spirituum.
1767 3297 1786 3331 ι
1855 3279 1984 3334 Sive
2031 3279 2405 3351 spiritualium
2471 3279 2744 3335 donorum
2817 3278 2934 3336 sive
2975 3278 3284 3334 animarum
3337 3289 3433 3334 aut
3481 3277 3733 3346 incorpo-

449 3388 670 3429 rearum
706 3373 997 3427 virtutum.
1036 3389 1055 3424 ι
1099 3373 1166 3426 Ει
1211 3371 1478 3428 vivemus.
1521 3391 1540 3426 ι
1603 3370 1860 3431 Νιιιιιιιιιισ
1929 3385 2016 3432 est

2141 3391 2202 3442 .a,
2237 3377 2433 3447 subjici
2476 3376 2610 3432 Deo.

515 3465 630 3528 XII,
662 3464 748 3534 l0,
778 3465 866 3522 ll.
900 3468 1070 3537 Atque
1099 3466 1183 3522 illi
1214 3467 1424 3539 quidem
1460 3473 1528 3522 ad
1553 3485 1759 3540 paucos
1788 3471 1902 3526 dies
1934 3487 2033 3540 pro

2215 3476 2279 3527 01
2296 3473 2414 3543 μὲν
2444 3473 2553 3542 γὰρ
2582 3471 2732 3540 πρὸς
2758 3472 2968 3539 ὀλίγας
2997 3469 3224 3540 ἡμέρας
3243 3470 3394 3525 κατὰ
3413 3470 3478 3524 τὸ
3507 3469 3736 3525 δοκοῦν

444 3560 714 3616 arbitratu
745 3576 842 3615 suo
876 3577 972 3616 nos
1007 3560 1316 3617 erudiebant
1348 3561 1474 3616 :Itic
1505 3572 1680 3616 autent
1700 3562 1770 3617 ad
1807 3581 2041 3620 camino.

443 3653 571 3707 dum
609 3660 874 3718 nostrum,
909 3653 962 3706 in
1008 3651 1107 3707 hoc
1152 3661 1210 3708 ut
1247 3653 1520 3723 impartiat
1561 3655 1709 3710 nobis
1753 3659 2042 3713 sam-timo-

447 3746 591 3800 niant
623 3760 802 3802 suam.
831 3743 1019 3800 Omnis
1055 3754 1230 3800 autent
1263 3747 1547 3818 castigatio
1576 3748 1628 3800 in
1658 3764 1892 3818 presens
1920 3750 2041 3820 qui-
2071 3783 2074 3786 ~

445 3839 565 3893 dem
597 3854 702 3894 non
737 3838 945 3894 videtur
970 3854 1083 3894 esse
1113 3839 1319 3909 gaudii,
1349 3839 1441 3894 sed
1469 3842 1731 3897 maeroris.
1757 3843 1827 3896 At
1856 3854 2040 3913 postea

448 3928 683 3998 fructum
717 3928 1068 3998 tranquillum
1085 3930 1318 4002 justitia:
1343 3931 1518 3987 reddit
1542 3931 1624 3987 his
1651 3933 1741 4004 qui
1767 3949 1861 4004 per
1887 3933 2041 3991 illam

449 4015 650 4084 fuerint
679 4017 984 4074 exercitati.

528 4129 547 4160 ι
601 4109 778 4180 Atque
823 4111 901 4167 illi
941 4111 1164 4184 quidem
1223 4111 1289 4169 ad
1343 4129 1549 4184 paucos
1592 4116 1732 4176 dies.
1783 4135 1804 4171 ι
1854 4116 2042 4190 Neque

448 4202 597 4258 enim
646 4213 882 4276 possunt
935 4221 1038 4261 nos
1081 4221 1300 4277 semper
1345 4206 1620 4264 instruere
1666 4219 1724 4265 ut
1767 4209 2042 4280 perfectos

452 4295 687 4351 reddant
717 4312 732 4350 :
772 4299 916 4353 Deus
950 4307 1132 4353 autem
1179 4298 1273 4370 qui
1306 4314 1526 4370 semper
1555 4302 1740 4357 erudit
1784 4315 1840 4358 et
1874 4303 2043 4359 casti-

450 4399 562 4460 gat,
603 4389 878 4461 perfectos
910 4390 1108 4462 reddit.
1147 4390 1328 4449 Patris
1358 4407 1596 4464 namque
1636 4410 1787 4452 mors
1818 4404 1915 4451 aut
1945 4399 2042 4454 lilii

454 4477 496 4532 ir
515 4488 885 4542 elementum,
917 4479 1063 4534 sistit
1093 4481 1532 4551 castigationem.
1571 4500 1591 4536 ι
1629 4483 1737 4538 Pro
1776 4484 2043 4542 arbitratu

455 4584 582 4624 suo.
623 4587 641 4621 ι
678 4568 834 4638 Quod
867 4578 1050 4626 autem
1085 4572 1226 4641 patri
1265 4573 1501 4642 videtur,
1537 4590 1645 4631 non
1685 4592 1900 4649 semper
1931 4581 2043 4636 ﬁlio

453 4659 681 4729 prodest
714 4677 728 4714 :
757 4660 1028 4729 siquidem
1068 4651 1390 4733 frequenter
1416 4664 1619 4721 docent
1658 4674 1848 4738 turpes
1876 4669 2042 4725 etiam

457 4759 628 4809 artes.
660 4770 680 4805 ι
708 4752 808 4809 llic
835 4763 1017 4810 autem
1041 4757 1110 4810 ad
1139 4757 1488 4813 commodum
1521 4767 1794 4816 nostrum.
1830 4778 1850 4813 ι
1873 4759 2041 4817 Porro

2145 3567 2351 3633 αὐτοῖς
2402 3565 2751 3628 ἐπαίδευον,
2805 3567 2838 3620 ό
2876 3563 2945 3618 δὲ
2992 3564 3088 3617 ἐπὶ
3120 3563 3184 3616 τὸ
3210 3561 3526 3632 συμφέρον
3559 3565 3648 3630 εις
3670 3563 3736 3616 τὸ

2138 3658 2500 3729 μεταλαϐεῖν
2539 3657 2650 3726 τῆς
2698 3657 3009 3727 ἁγιότητος
3035 3655 3245 3711 αὑτοῦ.
3280 3655 3456 3712 Πᾶσα
3494 3655 3567 3708 δὲ
3602 3673 3736 3710 παι-

2143 3755 2274 3809 δεία
2298 3752 2448 3822 ,πρὸς
2493 3751 2612 3821 μὲν
2664 3752 2730 3804 τὸ
2762 3750 2979 3818 παρὸν,
3015 3751 3089 3802 οὐ
3137 3746 3308 3803 δοκεῖ
3331 3746 3523 3817 χαρᾶς
3555 3745 3732 3814 εῖναι,

2142 3847 2306 3904 ἀλλὰ
2331 3848 2536 3914 λύπης
2553 3861 2566 3876 ·
2604 3844 2867 3914 ὕστερον
2893 3841 2986 3909 δὲ,
3015 3840 3251 3911 καρπὸν
3278 3843 3588 3912 signer
3616 3842 3738 3907 τοῖς

2142 3939 2220 3995 δι’
2264 3938 2458 4007 αὐτῆς
2522 3937 3044 4009 γεγυμνασμένοις
3128 3932 3460 3990 ἀποδίδωσι
3510 3933 3737 3990 δικαιο-

2143 4036 2363 4102 σύν-ης.

2221 4145 2241 4181 ι
2276 4129 2341 4181 Οἱ
2374 4125 2476 4199 μὲν
2506 4127 2616 4200 γὰρ
2670 4126 2810 4198 πρὸς
2859 4125 3050 4195 ὀλίγας
3099 4126 3334 4198 ἡμέρας.
3375 4143 3401 4187 Δι
3440 4122 3582 4179 eos:
3627 4122 3735 4193 γὰρ

2146 4220 2396 4292 ίσχύουσι
2421 4220 2598 4274 διόλου
2631 4219 2910 4273 παιδεύειν
2953 4221 3122 4291 ἡμᾶς,
3159 4219 3245 4273 ἵνα
3266 4217 3513 4281 τελείους
3576 4215 3742 4288 ἐργά-

2146 4329 2380 4368 σωνται·
2416 4315 2447 4368 6
2492 4312 2551 4366 δὲ
2599 4311 2733 4376 Θεὸς
2783 4313 2870 4366 ἀεὶ
2936 4312 3234 4378 παιδεύων,
3299 4311 3540 4375 τελείους
3573 4309 3738 4364 ποιεῖ.

2145 4410 2220 4462 ..Η
2256 4410 2364 4481 γὰρ
2401 4407 2632 4470 θάνατος
2663 4405 2756 4460 τοῦ
2789 4407 3018 4477 πατρὸς,
3053 4407 3086 4478 ἢ
3121 4405 3350 4476 αῦξησις
3377 4404 3475 4458 τοῦ
3525 4403 3738 4465 παιδδξο

2147 4501 2329 4572 ἵστησι
2359 4501 2460 4570 τὴν
2487 4488 2761 4554 παιδείαν.
2801 4517 2820 4552 ι
2867 4501 3026 4555 Κατὰ
3057 4502 3120 4554 τὸ
3140 4501 3338 4571 δοκοῦν
3363 4501 3574 4564 αὐτοῖς.
3619 4519 3638 4552 ι
3671 4498 3742 4551 T6

2144 4591 2202 4646 δὲ
2239 4590 2432 4647 δοκοῦν
2479 4590 2558 4662 τῷ
2608 4593 2800 4663 πατρὶ,
2855 4592 2917 4646 ού
2950 4593 3168 4657 πάντως
3208 4593 3482 4647 λυσιτελεῖ
3509 4588 3592 4663 τῷ
3618 4592 3738 4661 υίῷ.

2146 4685 2259 4740 Καὶ
2297 4684 2408 4755 γὰρ
2446 4683 2710 4747 πολλάκις
2741 4683 2837 4738 καὶ
2879 4683 3117 4756 αἰσχρὰς
3155 4685 3469 4739 διδάσκουσι
3513 4685 3732 4756 τέχνας.

2154 4795 2174 4828 ι
2217 4777 2277 4830 '0
2306 4775 2364 4829 δὲ
2398 4775 2491 4828 ἐπὶ
2513 4775 2574 4828 τὸ
2616 4775 2917 4846 συμφέρον.
2954 4795 2972 4828 ι
3009 4775 3067 4830 '0
3100 4775 3156 4829 δὲ
3185 4775 3340 4840 Θεὸς,
3366 4775 3427 4829 τὸ
3463 4775 3747 4844 συμφέρον

465 4843 610 4900 Deus
631 4859 847 4918 semper
872 4855 1117 4903 nostram
1146 4855 1380 4904 venatur
1408 4849 1720 4906 utilitatem.
1743 4850 1864 4908 Non
1895 4854 2035 4910 enim

2163 4870 2296 4940 ἡμῖν
2347 4868 2435 4922 ἀεὶ
2491 4835 2754 4938 θηρᾶταιί
2779 4835 2854 4922 ὀύ
2906 4868 3016 4940 γὰρ
3045 4867 3136 4922 ἵνα
3175 4835 3395 4938 mihi“
3425 4835 3561 4938 παρ’
3795 4903 3798 4908 -

469 4937 764 5009 υῌιιὶῳιίιι
809 4955 838 4993 a
884 4940 1044 4996 nobis
1079 4940 1332 5011 accipiat,
1367 4944 1825 5013 quemadmodum
1859 4956 2044 5018 patres

465 5033 764 5088 secundum
813 5047 1060 5100 carnem,
1094 5043 1282 5090 nostra
1329 5035 1612 5106 dispensat
1647 5057 1660 5095 :
1703 5040 1799 5097 sed
1849 5029 1920 5096 ut.
1955 5039 2048 5097 det

463 5125 670 5196 potius,
706 5134 761 5182 et
785 5125 878 5182 det
917 5143 1026 5182 non
1061 5128 1338 5184 mediocre
1369 5131 1675 5202 quidpiam,
1704 5133 1798 5189 sed
1831 5136 2043 5190 sancti-

461 5218 727 5286 moniam,
755 5219 862 5274 hoc
887 5226 994 5283 est,
1027 5220 1322 5290 puritatem
1349 5236 1364 5275 :
1397 5233 1455 5280 ut
1486 5233 1751 5294 quantum
1784 5226 2048 5298 possibile

459 5319 567 5373 est,
595 5309 748 5381 digni
783 5325 850 5366 eo
881 5307 1203 5368 clliclantur.
1249 5331 1269 5367 ι
1307 5312 1497 5386 Omnis
1523 5324 1706 5374 autem
1739 5319 2000 5375 eruditio.
2024 5338 2044 5374 ι

459 5402 622 5476 521
660 5401 902 5460 Rursum
923 5417 952 5458 a
985 5407 1265 5464 communi
1295 5405 1656 5481 lntelligentia
1693 5412 1864 5467 sumit
1889 5428 2054 5468 occa-

2164 4961 2354 5030 ὥσπερ
2381 4961 2431 5013 ol
2469 4960 2614 5015 κατὰ
2660 4961 2842 5029 σάρκα
2887 4960 3150 5031 πατέρες,
3178 4961 3248 5013 τὰ
3283 4959 3407 5014 καθ’
3432 4961 3584 5030 ἡμᾶς
3606 4961 3750 5013 οίκο-
3797 4951 3803 5010 l

2159 5055 2334 5124 νομεῖ,
2394 5052 2511 5108 ἀλλ’
2556 5053 2645 5106 ἵνα
2677 5052 2782 5123 δῷ,
2810 5055 2908 5109 καὶ
2941 5052 3015 5123 δῷ
3052 5053 3112 5106 ού
3149 5053 3343 5124 μικρόν
3368 5069 3442 5115 τι,
3479 5051 3620 5106 ἀλλὰ
3653 5049 3748 5121 τῆς

2158 5145 2467 5216 ἁγιότητος,
2504 5146 2775 5210 τουτέστι,
2809 5148 2910 5216 τῆς
2955 5144 3352 5217 καθαρότητος,
3392 5143 3534 5197 ὥστε
3569 5142 3750 5206 ἀξίους

2158 5236 2350 5304 αὐτοῦ,
2380 5239 2503 5291 ὅσον
2531 5237 2774 5307 ἐφικτὸν,
2806 5235 3089 5305 γενέσθαι.
3125 5253 3145 5289 ι
3187 5236 3346 5289 Πᾶσα
3375 5234 3432 5288 δὲ
3456 5233 3698 5287 παιδεία.
3726 5251 3745 5285 ›

2161 5329 2337 5386 Πάλιν
2361 5329 2474 5384 ἀπὸ
2498 5330 2600 5400 τῆς
2635 5327 2824 5398 κοινῆς
2845 5327 3053 5392 ἐννοίας
3075 5327 3175 5390 τὰς
3200 5328 3458 5399 ἀφορμὰς
3483 5325 3750 5396 λαμϐάνει

2155 5422 2259 5490 τῆς
2311 5421 2716 5492 παραινέσεως,
2775 5419 2872 5474 καί
2906 5433 3080 5488 φησιο
3119 5437 3137 5470 ι
3178 5419 3338 5472 Πίσα
3363 5416 3586 5472 παιδεία
3636 5435 3656 5467 ι
3688 5417 3748 5468 ού

465 5495 1090 5566 sionesexbortationis,
1108 5507 1164 5555 et
1185 5501 1303 5558 ait:
1337 5501 1558 5560 «Omnis
1585 5503 1847 5570 eruditio,
1880 5524 1899 5558 ι
1939 5522 2035 5563 nor

2167 5514 2329 5588 μόνον
2360 5515 2395 5584 ή
2421 5511 2794 5584 πνευματικὴ,
2828 5511 2968 5566 ἀλλὰ
2991 5512 3144 5583 καὶὴ
3177 5509 3438 5582 σαρκικὴ,
3468 5528 3486 5562 ι
3511 5511 3572 5564 ού
3603 5508 3753 5563 δοκεῖ

461 5586 766 5656 spiritualis
786 5588 984 5657 solum,
1008 5590 1103 5648 sed
1120 5601 1174 5648 et
1201 5595 1461 5663 carnalis,
1501 5613 1520 5648 ι
1549 5611 1660 5652 non
1690 5597 1907 5654 videtur
1933 5613 2035 5655 (εδει

2162 5586 2341 5676 χαρᾶς
2357 5599 2523 5659 εἶναι.
2550 5622 2569 5656 ι
2603 5602 2799 5668 Καλῶς
2820 5601 2903 5666 τὸ,
2937 5603 3114 5657 Δοκεῖ.
3149 5601 3224 5655 υύ
3251 5601 3362 5672 γὰρ
3389 5600 3607 5672 άληθῶς
3633 5599 3750 5651 ἐστι

463 5679 648 5748 gaudii
698 5698 719 5732 ι
744 5680 911 5740 Recte
947 5694 1132 5742 autem
1167 5686 1322 5757 dicit,
1362 5685 1593 5747 Videtur
1633 5708 1649 5746 :
1685 5705 1867 5764 neque
1907 5691 2035 5750 enin

2165 5697 2336 5770 λύπη.
2388 5696 2512 5763 Πῶς
2549 5695 2661 5768 γὰρ
2711 5697 2777 5753 ἂν
2811 5696 2897 5768 εἰη
2953 5695 3164 5769 κυρίως
3193 5693 3363 5769 λύπη,
3411 5691 3749 5766 εὐφροσύνης

537 5867 582 5900 ’⁸
613 5865 808 5925 Matth.
847 5886 946 5939 vn,
984 5872 1071 5928 Η.
1133 5869 1137 5873 ’

1760 5963 1838 5997 ff;
