3970 6562
250 396 350 460 L37

1316 389 1702 451 COMMENT.
1733 389 1810 449 IN
1852 388 2092 450 El’lST.
2133 388 2231 448 AD
2284 389 2513 448 IlEBH.

3396 342 3601 452 438’

237 513 453 560 terram,
488 507 543 550 ut
572 513 708 551 nunc
732 497 1082 564 denuntiavit,
1111 499 1322 554 dicens:
1347 500 1527 552 Adhuc
1553 498 1712 552 semei
1731 514 1822 568 ego

1935 496 2044 564 γῆν
2094 495 2396 549 ἐσάλευσε
2448 496 2603 558 τότε,
2656 493 2773 550 νῦν
2809 495 2875 548 δὲ
2907 495 3263 566 ἐπήγγελται
3289 499 3498 567 λέγων·

234 590 492 653 concutio,
530 604 635 641 non
683 589 837 642 modo
884 598 1105 654 terram,
1166 605 1342 643 verum
1395 589 1554 643 etiam
1605 589 1810 643 caelum.

236 681 402 736 Porro
454 682 593 737 illud
651 683 792 754 quod
839 683 966 736 dicit
1006 698 1025 737 :
1085 682 1267 737 Adhuc
1313 685 1496 749 semel,
1546 683 1814 752 signiﬁcat

1923 590 2042 640 Ἔτι
2066 586 2228 651 ἅπαξ
2256 585 2371 656 ἐγὼ
2398 586 2542 640 σείω
2571 587 2643 640 οὐ
2677 587 2873 656 μόνον
2894 585 3008 654 τὴν
3041 585 3178 656 γῆν,
3217 588 3378 643 ἀλλὰ
3405 590 3504 644 καί

1916 682 2024 736 τὸν
2044 682 2326 749 οὐρανόν.
2347 680 2416 735 Τὸ
2440 681 2528 744 δὲ,
2554 682 2618 733 Ἕ
2624 698 2674 734 τι
2702 679 2886 745 ἅπαξ,
2915 680 3095 747 δηλοῖ
3112 678 3230 734 τῶν
3243 685 3505 738 σαλευο-

236 789 413 828 eorum
456 789 578 844 qua:
614 773 987 828 concutiuntur
1028 774 1452 854 translationem,
1484 785 1661 846 utpote
1701 791 1817 846 quae

1935 773 2115 827 λέγων
2142 771 2256 840 τὴν
2280 772 2604 843 μετάθεσιν
2632 772 2712 839 ὡς
2739 771 3181 842 πεποιημένων,
3205 773 3306 827 ἵνα
3323 773 3502 844 μείνῃ

235 867 376 935 facta
406 875 553 933 sunt,
590 876 646 920 ut
677 875 928 921 maneant
965 883 1026 921 ea
1053 884 1167 938 qua:
1189 884 1293 921 non
1323 870 1710 923 concutiuntur.

311 974 330 1008 ι
367 958 451 1012 Ne
475 958 850 1028 aspernemini
880 974 1003 1015 eum
1044 959 1134 1029 qui
1166 957 1422 1028 loquitur.
1461 978 1480 1012 ι
1507 961 1616 1014 Aut
1655 959 1816 1032 427

240 1065 333 1120 per
382 1049 852 1116 incredulitatem,
899 1059 996 1105 aut
1043 1067 1142 1122 per
1187 1051 1642 1121 desperationem.
1688 1051 1820 1118 Quis

242 1150 321 1194 est
358 1149 547 1194 autem
599 1140 647 1196 is
687 1142 782 1203 qui
817 1141 1074 1211 loquitur,
1128 1153 1183 1197 et
1210 1145 1277 1198 ad
1325 1158 1484 1198 suum
1523 1154 1678 1199 vocat
1731 1159 1819 1198 re-

240 1230 438 1301 gnum?
462 1229 712 1286 Christus
733 1231 1150 1287 videlicet.Nam
1179 1235 1221 1287 si
1256 1234 1475 1306 sanguis
1503 1234 1620 1304 ejus
1647 1235 1820 1304 loqui-

246 1336 348 1390 tur,
381 1325 558 1378 multo
583 1324 752 1396 magis
781 1323 899 1395 ipse
934 1325 1086 1380 vivit.
1128 1341 1148 1376 ι
1183 1323 1318 1380 Nam
1350 1326 1394 1380 si
1438 1325 1516 1380 illi
1547 1343 1655 1381 non
1683 1326 1822 1381 ellu-

245 1421 454 1484 gerunt.
485 1431 504 1464 »
527 1412 794 1469 Videlicet
819 1414 1144 1484 periculum,
1177 1415 1282 1469 hoc
1302 1423 1404 1479 est,
1433 1415 1818 1485 perditionem.

250 1527 266 1558 ι
303 1505 438 1560 Eum
471 1507 565 1577 qui
607 1522 774 1577 supra
823 1515 1020 1562 terram
1067 1508 1158 1576 jus
1198 1507 1413 1562 dicebat
1462 1509 1758 1578 aspernati.
1799 1527 1818 1560 ι

247 1599 347 1653 Ant
400 1613 534 1653 eum
573 1598 666 1669 qui
715 1614 880 1669 supra
913 1607 1111 1654 terram
1157 1599 1250 1669 jus
1285 1599 1520 1666 (licebat,
1569 1600 1670 1654 hoc
1717 1608 1822 1664 est,

248 1702 462 1747 terrena
514 1707 579 1747 ac
608 1691 921 1748 transitoria
972 1690 1345 1763 promittebat,
1377 1707 1575 1763 nempe
1622 1702 1823 1748 terram

247 1783 505 1839 ﬂuentem
536 1783 618 1840 lac
664 1792 720 1840 et
749 1785 877 1850 mel,
915 1784 1199 1840 victoriam
1238 1785 1501 1841 adversus
1549 1783 1821 1851 inimicos,

248 1875 581 1933 fertilitatem
604 1877 658 1932 in
686 1878 1042 1949 procreandis
1078 1878 1284 1942 liberis,
1317 1879 1592 1950 vitamque
1622 1879 1824 1951 longa:-

249 1985 387 2023 vam.
428 1969 504 2024 De
535 1969 690 2026 caelis
721 1979 903 2026 autem
935 1970 1177 2041 loquitur
1201 1972 1296 2043 qui
1337 1971 1515 2042 ipsum
1547 1973 1744 2028 malum
1769 1972 1824 2026 in

249 2059 620 2116 hereditatem
658 2060 943 2132 promittit,
977 2061 1068 2131 qui
1115 2061 1406 2118 ineﬂabilis
1437 2073 1829 2136 perpetuaeque

250 2153 390 2209 illius
423 2153 610 2226 gloria:
644 2153 959 2210 fruitionem
1005 2154 1250 2226 largitur.
1281 2155 1389 2210 Aut
1416 2165 1597 2228 potest
1622 2158 1826 2216 dictum

251 2263 387 2311 esse,
435 2262 602 2318 supra
629 2256 829 2302 terram
861 2247 953 2316 jus
982 2246 1185 2313 dicere,
1211 2249 1469 2318 quoniam
1494 2249 1674 2304 omnia
1702 2266 1828 2321 pro-

252 2337 539 2410 pemodum
563 2354 684 2410 quae
713 2339 779 2394 ad
814 2336 978 2395 Mosis
1029 2339 1423 2410 legislationem
1459 2341 1826 2412 pertinebant,

253 2431 562 2500 corporales
616 2441 777 2487 erant
829 2431 1236 2504 puriﬁcationes
1280 2450 1294 2487 ε
1338 2442 1394 2488 at
1447 2449 1586 2488 nova
1633 2444 1689 2490 et
1713 2437 1830 2506 'per

251 2524 526 2579 Christum
576 2525 736 2580 nobis
780 2523 904 2580 data
951 2525 1239 2594 legislatio,
1275 2525 1472 2582 anima:
1522 2527 1828 2598 puriﬁcatio

252 2625 331 2671 est
381 2627 438 2672 ct
481 2617 827 2674 illuminatio.
887 2617 1064 2689 Supra
1125 2627 1323 2674 terram
1369 2620 1532 2692 igitur
1575 2631 1707 2676 sunt
1738 2621 1828 2677 illa

254 2711 482 2778 sancita,
514 2711 774 2782 quoniam
811 2713 1037 2768 humilia
1065 2720 1121 2767 et
1163 2711 1312 2768 circa
1340 2713 1622 2770 materiale
1649 2714 1832 2770 taber-

253 2806 506 2861 naculum
538 2805 810 2862 versantia
840 2823 854 2861 :
884 2807 1002 2863 haec
1033 2814 1220 2862 autem
1259 2821 1293 2861 a
1328 2805 1469 2862 coelo
1498 2815 1649 2871 sunt,
1701 2806 1830 2878 quia

255 2899 433 2954 divina
463 2908 523 2954 et
549 2898 824 2964 sublimia,
849 2898 1142 2971 divinaque
1171 2898 1341 2955 modo.
1369 2899 1610 2955 animam
1636 2914 1831 2954 emun-

253 2991 435 3046 dantia
483 2999 542 3046 et
581 2990 637 3045 in
691 2989 860 3046 caelos
904 2991 1242 3048 reducentia.
1272 2989 1447 3062 Supra
1497 3000 1697 3046 terram
1737 2990 1845 3061 jus.

255 3083 525 3138 dicentem
569 3081 648 3136 ait
693 3081 898 3140 Mosen.
949 3081 1111 3150 Quod
1151 3083 1318 3154 igitur
1363 3083 1460 3148 ait,
1510 3082 1828 3154 huiusmodi

1919 865 1991 919 τὰ
2024 864 2107 935 μὴ
2135 866 2544 934 σαλευόμενα.

1999 974 2017 1006 ι
2055 957 2146 1026 Μὴ
2167 956 2579 1027 παραιτήσησθε
2598 957 2690 1010 τὸν
2714 956 3001 1010 λαλοῦντα.
3042 974 3062 1008 ι
3110 956 3183 1012 ’Ἡ
3245 955 3334 1009 διὰ
3370 955 3502 1008 ἁπι-

1922 1047 2150 1118 στίας,ἢ
2188 1047 2275 1101 διὰ
2310 1047 2696 1116 ἀπογνώσεως.
2731 1049 2825 1111 Τίς
2874 1047 2932 1100 δὲ
2981 1047 3010 1099 6
3052 1046 3230 1101 λαλῶν
3274 1047 3370 1099 καὶ
3417 1048 3501 1109 εἰς

1921 1143 2020 1214 τὴν
2051 1143 2256 1196 οἰκείαν
2276 1143 2454 1197 καλῶν
2483 1143 2797 1213 βασιλείαν;
2871 1146 2930 1198 '0
2959 1144 3193 1216 Χριστὸς
3237 1143 3500 1214 δηλονότι.

1924 1238 1985 1290 Εἰ
2012 1236 2118 1306 γὰρ
2145 1237 2203 1289 τὸ
2224 1229 2361 1306 αἷμα
2382 1237 2545 1297 αὐτοῦ
2567 1237 2738 1301 λαλεῖ,
2775 1237 2955 1309 πολλῷ
2991 1237 3190 1307 μᾶλλον
3218 1237 3382 1300 αὐτὸς
3407 1237 3498 1306 ζῇ.

1930 1347 1948 1380 ι
1992 1329 2053 1382 Εἰ
2077 1328 2184 1399 γὰρ
2219 1329 2416 1382 ἐκεῖνοι
2441 1329 2540 1383 οὐκ
2574 1329 2796 1399 ἔφυγον.
2837 1349 2856 1382 ι
2902 1330 3008 1383 Τὸν
3038 1329 3302 1392 κίνδυνον,
3348 1345 3506 1382 τουτ-

1925 1421 2062 1487 έστι,
2082 1421 2179 1494 τὴν
2207 1419 2502 1476 ἀπώλειαν.
2535 1441 2552 1472 ι
2583 1421 2684 1475 Τὸν
2719 1423 2809 1476 ἐπὶ
2833 1422 2935 1493 γῆς
2965 1420 3453 1492 παραιτησάμενοι.
3480 1441 3498 1470 ι

1929 1516 1999 1569 Ἢ
2053 1515 2145 1569 τὸν
2195 1515 2287 1568 ἐπὶ
2315 1516 2416 1586 γῆς
2472 1515 2905 1586 χρηματίζοντα,
2950 1516 3049 1568 τὸν
3081 1514 3148 1568 τὰ
3215 1514 3379 1584 γήϊνα
3410 1512 3506 1565 καὶ

1927 1607 2318 1679 παρερχόμενα
2345 1609 2802 1678 ὑπισχνούμενον,
2833 1607 2938 1676 γῆν
2971 1607 3202 1678 ῥέουσαν
3219 1605 3360 1673 γάλα
3408 1603 3506 1658 καὶ

1930 1699 2075 1770 μέλι,
2114 1698 2326 1772 ἐχθρῶν
2348 1699 2730 1770 ἐπικράτειαν,
2769 1698 3081 1764 εὐπαιδίαν,
3121 1698 3216 1752 καὶ
3260 1696 3376 1768 βίον
3397 1713 3506 1766 μα·-

1927 1790 2266 1862 κροχρόνιον.
2305 1791 2364 1845 Ἀ
2376 1790 2424 1844 π’
2444 1791 2690 1862 οὐρανῶν
2713 1790 2770 1844 δὲ
2799 1791 2972 1854 λαλεῖ,
3015 1791 3044 1843 6
3071 1789 3235 1844 αὐτὸν
3287 1788 3377 1843 τὸν
3398 1788 3509 1853 ⁴οὐς-

1930 1882 2088 1955 ρανδν
2113 1883 2195 1947 είς
2225 1882 2588 1953 κληρονομίαν
2613 1881 3098 1954 ἐπαγγελλόμενος,
3131 1883 3161 1936 6
3197 1881 3297 1952 τῆς
3324 1881 3506 1951 διφρῷ⁴

1927 1993 2055 2030 στου
2077 1975 2234 2047 δόξης
2277 1975 2494 2046 ἐκείνης
2537 1978 2634 2030 καὶ
2684 1975 3004 2047 ἀπεράντου
3054 1975 3156 2048 τὴν
3203 1973 3508 2032 ἀπόλαυσιν

1925 2065 2307 2140 χαριζόμενος.
2359 2069 2431 2122 Ἦ
2482 2065 2708 2125 δύναται
2729 2068 2836 2124 τά·
2881 2068 3011 2124 Ἐπὶ
3055 2068 3184 2138 γῆς,
3229 2066 3518 2137 εἰρῆσθαι,

1926 2160 2311 2234 χρηματίζειν,
2347 2163 2430 2216 ὅτι
2453 2161 2645 2234 σχεδον
2664 2162 2838 2216 πάντα
2864 2163 2962 2234 τῆς
2997 2161 3094 2215 διὰ
3117 2159 3362 2224 Μωσέως
3419 2177 3508 2212 νο-

1931 2253 2214 2323 μοθεσίας,
2243 2255 2554 2324 contortam!
2571 2254 2844 2323 καθαρμοὶ
2876 2251 3196 2324 ἐτύγχανον.
3231 2248 3300 2306 Ἥ
3327 2251 3383 2307 δὲ
3410 2250 3509 2305 νέα

1929 2342 2024 2396 καὶ⁸
2053 2342 2144 2398 διὰ
2163 2342 2402 2414 Χριστοῦ
2425 2342 2641 2398 δοθεῖσα
2668 2345 2801 2414 ἡμῖν
2829 2344 3146 2413 νομοθεσία,
3174 2341 3352 2414 ψυχῆς
3389 2343 3508 2396 ἐστι

1929 2431 2225 2511 καθάρσιον
2249 2434 2340 2488 καὶ
2365 2434 2662 2504 φωτισμός.
2699 2435 2820 2488 Ἐπί
2842 2435 2944 2503 γῆς
2975 2433 3070 2488 οὐν
3123 2435 3285 2487 ἐστιν.
3322 2433 3508 2486 ἐκεῖνα

1929 2527 2435 2600 κεχρηματισμένα.
2473 2527 2554 2580 ὅτι
2602 2527 2832 2581 ταπεινὰ
2873 2526 2968 2580 καὶ
3010 2526 3142 2596 περὶ
3188 2525 3249 2579 τὸ
3309 2524 3508 2586 ὑλῶδες

1930 2619 2198 2690 σκήνωμα
2234 2620 2596 2691 στρεφόμενα.
2643 2620 2760 2672 Ἀπ’
2788 2618 3020 2690 οὐρανοῦ
3069 2618 3129 2672 δὲ
3165 2617 3358 2684 ταῦτα,
3423 2620 3510 2673 ὅτι

1931 2711 2050 2766 θεῖα
2081 2715 2175 2765 καὶ
2205 2711 2409 2782 ὑψηλὰ.
2443 2714 2538 2766 καὶ
2560 2713 2621 2766 τὸ
2648 2712 2876 2776 θεοειδὲς
2908 2713 3006 2784 τὴν
3038 2711 3218 2784 ψυχὴν
3251 2709 3512 2765 ἐκκαθαί-

1934 2803 2234 2874 ρονταξκαλ.
2267 2806 2346 2868 εἰς
2363 2803 2628 2875 οὐρανοὺς
2664 2805 3024 2875 ἀναφέροντα.
3071 2803 3194 2858 Ἐπὶ
3243 2802 3347 2874 γῆς
3398 2801 3510 2872 γὰρ

1931 2895 2361 2970 χρηματίζοντα,
2381 2898 2473 2949 τὸν
2492 2896 2690 2966 Μωσῆν
2721 2913 2906 2966 φησιν.
2958 2894 3106 2949 Ὃδὲ
3128 2894 3309 2964 λέγει,
3332 2893 3513 2948 τοιοῡ-

1929 2990 2022 3042 τόν
2052 2990 2224 3043 ἐστιν·
2259 2989 2322 3042 El
2348 2989 2397 3042 οί
2430 2987 2670 3043 Ἰουδαῖοι
2699 2988 3176 3061 παραιτησάμενοι
3209 2985 3502 3057 πεισθῆναι

1933 3083 2142 3147 Μωσεῐ,
2167 3081 2554 3151 οὐκλὲξέφυγον
2582 3081 2673 3134 τὶν
2706 3079 2946 3151 ὄλεθρον,
2975 3079 3092 3143 πῶς
3125 3081 3286 3150 ἡμεῖς
3312 3080 3513 3147 ἐκφευ-

256 3183 356 3238 est,
413 3173 463 3228 si
523 3171 699 3229 Judaei
747 3183 1064 3230 recusantes
1106 3173 1484 3245 obtemperare
1534 3171 1670 3229 Mosi
1718 3189 1831 3229 non

1937 3173 2141 3245 ξὸμεθα
2167 3174 2643 3245 παραιτησάμενοι
2681 3172 2966 3242 πεισθῆναι
2993 3171 3071 3244 τῷ
3091 3172 3152 3240 ἐξ
3168 3171 3386 3244 οὐρανῷ
3411 3170 3511 3226 λα-

257 3266 562 3338 etingerunt
587 3265 1125 3337 exitium,quomodo
1162 3281 1263 3324 nos
1289 3266 1635 3339 ell'ugiemus,
1671 3282 1836 3324 recn-

259 3368 440 3415 santes
470 3359 848 3430 obtemperare
893 3359 943 3416 ci
1000 3361 1091 3432 qui
1126 3363 1194 3418 de
1245 3361 1384 3418 caelo
1421 3361 1680 3432 loquitur,
1733 3361 1835 3418 hoc

261 3459 362 3517 est,
393 3451 662 3506 Christo?
689 3448 809 3507 Non
857 3451 1002 3522 quod
1033 3452 1162 3507 olim
1209 3453 1351 3509 alius
1381 3453 1594 3509 dederit
1637 3453 1832 3526 legem,

261 3559 404 3599 nunc
438 3557 597 3614 ,vero
640 3543 781 3600 alius
827 3545 1103 3614 loquatur.
1146 3554 1202 3601 et
1245 3545 1312 3601 ad
1357 3561 1518 3601 suum
1563 3553 1720 3602 vocet
1747 3561 1836 3601 re-

261 3653 425 3709 gnum
459 3652 526 3693 ac
549 3637 709 3694 ﬁdem
733 3654 747 3692 :
775 3637 871 3694 sed
893 3638 1036 3708 quod
1061 3639 1230 3710 magis
1255 3640 1572 3696 tremendus
1597 3640 1670 3696 sit
1688 3655 1838 3696 nunc

261 3732 348 3801 qui
391 3729 463 3787 de
497 3729 638 3787 caelo
682 3740 740 3789 et
777 3745 876 3802 per
928 3731 1171 3802 seipsum
1223 3731 1484 3804 loquitur,
1515 3749 1682 3804 quam
1741 3732 1835 3804 qui

260 3824 384 3880 olim
409 3823 482 3880 de
510 3830 655 3880 terra
692 3831 751 3880 et
793 3839 893 3896 per
928 3823 1168 3880 medium
1196 3823 1381 3884 Mosen
1413 3841 1430 3880 :
1460 3826 1606 3882 unde
1624 3825 1837 3897 justum

261 3921 342 3972 est
367 3915 543 3989 magis
568 3925 629 3972 ut
655 3915 932 3974 audiatur.
961 3915 1116 3984 Quod
1151 3926 1342 3976 autem
1365 3933 1476 3975 non
1504 3919 1647 3978 alius
1672 3918 1844 3981 fuerit

261 4006 348 4079 qui
377 4006 512 4064 olim
534 4007 707 4080 legem
737 4007 944 4073 tulerit,
984 4022 1149 4078 quam
1181 4007 1229 4064 is
1255 4009 1355 4080 qui
1387 4025 1538 4066 nunc
1573 4009 1836 4080 loquitur.

263 4097 377 4166 ipse
406 4097 700 4170 signiﬁcat.
732 4096 958 4154 dicens:
997 4113 1016 4148 ι
1075 4095 1249 4168 Cujus
1293 4113 1398 4153 vox
1426 4108 1539 4154 tum
1562 4099 1842 4156 concussit

264 4202 484 4247 terram.
529 4208 548 4244 ι
585 4189 857 4259 Quando?
877 4187 1110 4256 Quando
1135 4187 1308 4261 legem
1327 4189 1543 4245 ferebat
1564 4188 1622 4245 in
1648 4199 1841 4247 monte

265 4281 412 4337 Sina.
441 4299 460 4333 ι
491 4280 562 4337 Δι
586 4296 731 4339 nunc
753 4279 1093 4338 denuntiavit
1117 4279 1325 4338 dicens.
1357 4300 1376 4334 ι
1406 4280 1567 4338 Vides
1585 4281 1840 4338 eumdem

261 4387 381 4428 esse
411 4371 507 4444 qui
549 4381 683 4429 tunc
725 4371 1050 4442 loquebatur
1090 4380 1147 4430 et
1173 4373 1264 4443 qui
1315 4371 1641 4430 nunc?Sed
1678 4372 1839 4429 diﬂe-

1937 3265 2143 3333 λοῦντι,
2188 3267 2470 3332 τουτέστι,
2496 3265 2756 3336 Χριστῷς
2799 3265 2912 3320 Οὐκ
2948 3263 3136 3336 ἐπειδὴ
3191 3262 3364 3319 πάλαι
3411 3263 3512 3334 μὲν

1937 3359 2094 3424 ἄλλος
2116 3360 2286 3414 ἔΐωκε
2318 3360 2410 3414 τὸν
2444 3361 2630 3430 νόμον,
2666 3360 2765 3415 νῦν
2790 3359 2848 3414 δὲ
2873 3360 3033 3425 ἄλλος
3079 3359 3251 3426 λαλεῖ,
3290 3359 3387 3414 καὶ
3431 3360 3511 3425 εἰς

1936 3454 2036 3524 τὴν
2061 3452 2226 3508 αὐτοῦ
2260 3452 2415 3508 καλεῖ
2449 3452 2726 3524 βασιλείαν
2751 3454 2846 3508 καὶ
2879 3454 3084 3521 πίστιν,
3115 3453 3232 3508 ἀλλ’
3290 3454 3376 3508 ὃτι
3422 3471 3513 3522 φο-

1938 3544 2242 3617 ϐερώτερός
2265 3547 2382 3599 ἐστι
2409 3544 2505 3600 νῦν
2533 3546 2599 3599 ὲκ
2627 3543 2719 3598 τοῦ
2759 3543 2992 3617 οὐρανοῦ
3042 3545 3139 3598 καὶ
3195 3544 3263 3598 δι’
3315 3543 3513 3598 ἑαυτοῦ

1937 3639 2305 3711 λαλῶν,’ἧπερ
2353 3638 2524 3692 πάλαι
2562 3638 2670 3694 ἀπὸ
2700 3637 2806 3714 γῆς
2855 3638 2950 3693 καὶ
2982 3637 3072 3692 διὰ
3115 3636 3285 3707 μέσου
3338 3637 3512 3692 Moab-

1939 3730 2100 3794 σέως,
2147 3729 2270 3785 ὅθεν
2311 3728 2410 3784 καὶ
2445 3728 2653 3794 δίκαιός
2715 3730 2832 3784 ἐστι
2903 3727 3110 3800 μᾶλλον
3147 3728 3508 3799 ἀκουσθῆναι.

1940 3823 2064 3878 Ὀτι
2082 3821 2139 3877 δὲ
2159 3821 2260 3877 οὐκ
2278 3822 2439 3886 ἄλλος
2470 3823 2500 3876 6
2539 3821 2706 3878 πάλαι
2739 3820 3047 3892 νομοθετῶν
3076 3819 3234 3893 παρὰ
3274 3818 3369 3873 τὸν
3415 3818 3516 3876 νῦν

1938 3913 2226 3979 λαλοῦντα,
2251 3913 2415 3978 αὐτὸς
2437 3913 2588 3983 δηλοῖ
2613 3913 2785 3968 είπὼν
2811 3930 2826 3946 ·
2862 3932 2881 3967 ι
2908 3907 2984 3967 Οὐ
3006 3914 3042 3986 ἡ
3064 3912 3217 3984 φωνὴ
3269 3911 3370 3983 τὴν
3411 3909 3517 3981 γῆν

1939 4004 2200 4062 ὲσάλευσε
2221 4005 2366 4060 τότε.
2396 4024 2416 4058 ι
2439 4006 2576 4059 Πότε
2597 4023 2614 4071 ;
2640 4006 2791 4070 Ὅτε,
2817 4006 3003 4076 φησὶν.
3023 4003 3333 4076 ὲνομοθέτιι
3351 4005 3411 4057 ιν
3437 4002 3518 4074 τῷ

1940 4099 2058 4170 δρει
2082 4097 2158 4169 τῷ
2175 4097 2324 4170 Σινᾷ.
2353 4114 2374 4150 ι
2403 4096 2516 4152 Νῦν
2533 4096 3247 4170 δὶ.,φησ“ιν,ιπαγγέλλεται
3267 4095 3465 4166 λέγων.
3492 4114 3512 4148 ι

1952 4189 2115 4262 Ὁρᾷς
2137 4190 2220 4244 ὅτι
2241 4191 2270 4245 6
2301 4190 2464 4254 αὐτός
2503 4191 2651 4244 ἔστιν
2683 4192 2711 4244 6
2733 4190 2855 4244 τότε
2877 4191 2971 4244 καὶ
3002 4187 3097 4243 νῦν
3117 4206 3136 4256 ;
3181 4189 3320 4244 Ἀλλ’
3341 4191 3374 4259 ἡ
3397 4189 3516 4246 δια·-

1942 4282 2086 4351 φορὰ
2109 4282 2168 4335 ὲν
2197 4281 2276 4353 τῷ
2305 4281 2492 4354 τρόπῳ
2531 4281 2626 4336 τοῦ
2654 4280 3033 4354 κηρύγματος.
3084 4281 3218 4335 Τότε
3270 4281 3365 4350 μὲν
3405 4281 3516 4350 γὰρ

1940 4374 2050 4427 ἀπὸ
2088 4374 2187 4444 γῆς
2221 4375 2315 4430 καὶ
2329 4374 2419 4428 διὰ
2441 4375 2716 4440 Μωῦσὲως
2738 4376 3031 4446 ἐκήρυσσε,
3065 4373 3160 4427 νῦν
3196 4372 3253 4426 δὲ
3284 4373 3379 4426 ἀπ’
3411 4373 3506 4426 οὺς

263 4465 438 4522 rentia
490 4475 577 4522 est
613 4466 667 4522 in
699 4466 863 4523 modo
899 4466 1350 4539 promulgationis
1388 4483 1405 4521 :
1459 4476 1590 4524 tunc
1622 4468 1768 4524 enim
1806 4485 1831 4524 a

1944 4467 2110 4540 ρανοῦ
2144 4469 2240 4524 καὶ
2260 4467 2328 4520 δι’
2362 4467 2580 4521 ἑαυτοῦ.
2653 4486 2671 4520 ι
2718 4468 2783 4520 Ol
2828 4466 2920 4520 τὸν
2950 4466 3045 4520 ἀπ’
3097 4463 3341 4538 οὐρανῶν
3384 4465 3517 4518 ἁπο-

265 4567 407 4614 tcrra
437 4568 495 4615 et
526 4574 624 4630 per
651 4557 840 4616 Mosen
868 4537 1262 4632 promulgabat,
1293 4576 1444 4615 nunc
1473 4577 1604 4617 vero
1631 4578 1661 4616 a
1699 4562 1831 4618 cwlo

1942 4537 2323 4630 στρεφόμενοι.
2356 4576 2375 4610 ι
2426 4558 2560 4612 ’Δπδ
2610 4557 2792 4612 κοινοῦ
2811 4557 2894 4624 τὸ,
2930 4537 3374 4628 Χρηματίζοντα,
3405 4551 3517 4610 οἷον

265 4657 316 4704 et
345 4665 442 4722 per
470 4651 733 4722 seipsum.
770 4669 790 4704 ι
833 4651 889 4706 Si
925 4666 1050 4708 eum
1081 4652 1172 4724 qui
1204 4652 1274 4708 de
1317 4654 1472 4709 cmlis
1503 4662 1587 4710 est
1621 4671 1842 4712 averse-

267 4759 402 4798 iuur.
443 4763 463 4796 ι
502 4744 546 4798 Δ
576 4744 848 4799 communi
889 4743 1246 4816 intelligentia
1273 4745 1612 4811 subauditur,
1635 4746 1734 4802 Jus
1755 4747 1840 4802 di-

267 4846 476 4891 centem
505 4876 521 4902 ,
597 4836 714 4892 sive
768 4834 1128 4907 Loquentem,
1205 4846 1300 4893 aut
1379 4837 1835 4910 Promulgantem.

273 4946 290 4977 ι
325 4929 517 4983 Adhuc
545 4928 713 4984 semel
736 4936 790 4984 et
819 4943 919 5002 ego
951 4929 1231 4985 concutio.
1259 4949 1279 4983 ι
1307 4929 1461 4998 Quod
1486 4931 1562 4986 ait
1591 4948 1610 4983 ι
1647 4931 1841 4986 Adhuc

269 5020 454 5085 semel,
500 5039 518 5072 ι
597 5019 867 5092 signiﬁcat
925 5021 1072 5091 quod
1124 5030 1321 5092 praeter
1393 5021 1716 5085 secundum,
1771 5021 1844 5077 sit

270 5111 504 5166 additum
531 5111 679 5167 aliud
710 5111 908 5168 Semel.
953 5111 1111 5168 Prius
1152 5128 1389 5183 namque
1434 5128 1732 5170 concussus
1760 5123 1845 5169 est

272 5202 499 5258 mundus
527 5203 584 5258 in
612 5203 951 5276 legislatione
983 5203 1188 5260 factain
1217 5215 1403 5260 monte
1433 5205 1589 5260 Sina.
1621 5224 1640 5257 ι
1674 5205 1840 5262 Terra

271 5295 409 5352 enim
439 5306 712 5354 commota
744 5307 850 5363 est,
890 5316 909 5350 ι
938 5298 1012 5353 ait
1038 5298 1204 5355 David
1229 5301 1294 5355 ³⁷.
1320 5299 1490 5374 428
1523 5300 1759 5355 Rursum
1784 5300 1842 5356 in

1939 4650 2243 4717 Λαλοῦντα,
2264 4651 2642 4723 Κηρύσσοντα.
2673 4670 2691 4703 ι
2731 4652 2852 4704 Ἔτι
2874 4650 3024 4713 ἅπαξ
3063 4649 3172 4720 ἐγὼ
3194 4650 3344 4704 σείω.
3373 4667 3390 4700 ι
3421 4649 3516 4711 Τὸ,

1947 4762 1964 4794 ι
2013 4743 2136 4796 Ἔτι
2166 4741 2331 4807 ἅπαξ,
2370 4761 2388 4793 ι
2429 4742 2596 4812 δηλοῖ,
2615 4741 2675 4794 τὸ
2713 4740 2851 4811 μετὰ
2873 4741 2935 4795 τὸ
2955 4740 3231 4813 δεύτερον,
3264 4739 3518 4812 προσθείο

1940 4853 2031 4890 ναι
2062 4835 2190 4890 ἄλλο
2235 4835 2440 4901 "Attae.
2497 4836 2770 4906 Πρότερον
2807 4835 2906 4905 μὲν
2943 4835 3052 4906 γὰρ
3087 4834 3306 4906 ἐσείσθη
3354 4834 3384 4886 ὁ
3429 4834 3519 4885 κδ..

1941 4945 2079 4997 σμος
2116 4928 2208 4981 ἐπὶ
2233 4929 2329 4997 τῆς
2357 4931 2415 4982 ὲν
2455 4929 2584 4999 Σινᾷ
2619 4928 2964 4998 νομοθεσίας.
3039 4948 3058 4981 ι
3098 4928 3176 4998 Γῆ
3223 4927 3336 4996 γὰρ
3375 4927 3519 4981 ἐσεί-

1943 5021 2069 5090 σθη,
2110 5039 2128 5072 ι
2160 5020 2325 5091 φησὶν
2361 5022 2390 5074 6
2424 5019 2610 5076 Δαυίδ.
2639 5019 2808 5072 Πάλιν
2831 5020 2924 5071 ἐπὶ
2953 5019 3052 5088 τῆς
3076 5020 3134 5072 ὲν
3171 5018 3340 5088 σαρκὶ
3393 5019 3516 5070 ἐπι-

1940 5112 2142 5182 δημίας
2168 5111 2388 5182 ἐσείσθη
2411 5114 2443 5164 6
2465 5112 2668 5180 κόσμος
2693 5128 2708 5144 ο
2743 5113 2836 5166 καὶ
2867 5112 2977 5183 γὰρ
3013 5130 3032 5164 ι
3091 5109 3343 5179 Ἐσείσθη
3365 5113 3519 5166 πᾶσα

1952 5203 2331 5277 Ἰερουσαλήμ.
2362 5222 2381 5255 ι
2408 5233 2476 5243 -
2505 5223 2525 5256 ι
2565 5203 2676 5259 Καὶ
2698 5204 3042 5271 αεισθήσεται
3068 5203 3138 5256 τὰ
3161 5202 3518 5272 χειροποίητα

1941 5295 2241 5364 Αἰγύπτου.
2276 5315 2295 5348 ι
2329 5297 2562 5368 Σεισμὸν
2602 5297 2662 5351 δὲ
2696 5297 2848 5366 λέγει
2874 5297 2937 5350 τὸ
2981 5295 3124 5351 εἶναι
3187 5295 3518 5362 ἐξάκουστον

273 5387 500 5444 adventu
555 5387 609 5442 in
664 5403 830 5444 carne
868 5398 1174 5445 commotus
1219 5399 1304 5444 est
1359 5390 1640 5458 mundus;
1705 5405 1830 5443 nam

1936 5389 2035 5443 τοῦ
2065 5389 2443 5460 κηρύγματος,
2487 5389 2554 5446 δι’
2588 5385 2649 5446 οὗ
2680 5389 3007 5460 ἐσείσθησαν
3034 5389 3144 5445 ἀπὸ
3189 5391 3288 5459 τῆς
3347 5388 3517 5442 πάλαι

282 5480 589 5536 cCommota
623 5490 708 5537 est
737 5481 916 5537 omnis
941 5481 1240 5539 Jerusalem
1263 5483 1329 5536 ‘3.
1355 5500 1374 5532 ι
1404 5511 1472 5523 -
1495 5501 1514 5533 ι
1539 5481 1606 5537 Et
1630 5498 1835 5538 concu-

274 5568 471 5626 tientur
519 5572 705 5628 omnia
754 5573 1061 5630 manufacta
1104 5575 1389 5630 simulacra
1439 5573 1745 5646 Egypti”.
1812 5592 1829 5625 ι

275 5658 696 5720 Concussionem
725 5674 906 5721 autem
934 5666 1048 5722 sive
1072 5667 1491 5722 commotionem
1516 5666 1648 5722 dicit
1675 5663 1838 5722 veluti

348 5841 389 5872 ⁸’
422 5839 559 5901 l‘sal.
595 5860 716 5911 xcv,
752 5846 804 5900 9.
881 5845 925 5876 "
983 5843 1170 5900 Matth.
1222 5864 1278 5914 ll,
1317 5849 1366 5903 5.

1478 5849 1522 5880 κθ
1547 5849 1647 5904 lsai
1679 5865 1788 5919 XIX,
1829 5850 1872 5904 I.

1941 5481 2000 5536 ὲν
2021 5485 2088 5552 τῇ
2119 5481 2298 5554 πλάνῃ
2350 5483 2591 5546 στάσεως
2631 5483 2725 5538 καὶ
2767 5482 3178 5554 μετηνέχθησαν
3219 5483 3269 5534 oi
3317 5481 3520 5550 ἄνθρω-

1944 5591 2056 5648 ποι.
2099 5573 2286 5640 Οὕτως
2315 5577 2344 5630 ὁ
2373 5575 2528 5644 ἆγιος
2563 5575 2830 5647 Κύριλλος
2851 5590 2865 5605 °
2923 5575 2996 5627 Τὸ
3031 5573 3110 5638 δὲ,
3167 5572 3288 5626 Ἔτι
3344 5571 3515 5638 απαξ,

1945 5663 2114 5735 λέγει,
2143 5667 2200 5722 ὲν
2224 5669 2290 5739 τῇ
2319 5667 2551 5739 δευτέρᾳ
2584 5666 2749 5722 αὐτοῦ
2786 5663 3058 5736 παρουσία
3098 5668 3164 5732 τῇ
3200 5662 3338 5735 μετὰ
3359 5660 3516 5734 δόξης
