3970 6572
445 396 552 459 4⁸39

1497 405 1894 468 (ECUMENII
1925 407 2216 470 TRICCE
2255 407 2594 472 EPISCOPI

3577 417 3688 482 440

433 511 787 568 Sunoritatcm
821 513 1246 585 praedicationis,
1296 531 1394 587 per
1442 533 1606 588 quam
1665 520 1922 575 commoti
1953 536 1982 576 e

2111 524 2472 596 γενησομένη,
2506 524 2639 578 ὅταν
2671 526 2944 598 μεταποιῇ
2969 524 3062 580 καὶ
3092 525 3396 602 ἑναλλάσσῃ
3421 531 3518 604 τὴν
3563 535 3692 588 κτί-

432 601 682 656 translati
726 612 876 667 sunt,
912 614 1040 674 puta
1097 621 1127 661 a
1174 606 1345 662 veteri
1394 614 1541 662 statu
1593 609 1774 679 quiin
1823 625 2008 666 errore

431 696 706 768 agebatur.
746 695 822 752 Its
846 697 1011 754 habet
1037 698 1194 755 divus
1215 699 1477 772 Cyrinus:
1503 701 1656 768 Quod
1681 702 1776 768 ait,
1817 703 2010 759 Adhuc

432 789 624 850 semel.
657 789 789 846 dicit
821 790 876 845 iu
909 792 1151 847 secundo
1188 807 1288 848 suo
1339 793 1575 849 adventu
1615 795 1706 864 qui
1746 795 1837 850 flet
1883 812 2007 850 cum

432 882 622 952 gloria,
653 882 872 952 quando
894 885 1282 940 transmutahit
1311 892 1366 941 et
1398 887 1630 942 variabit
1657 897 1958 942 creaturam
1991 907 2005 943 ε

431 982 564 1028 tunc
614 974 762 1029 enim
810 975 1046 1031 maxime
1099 977 1533 1033 commovebitur
1571 987 1822 1033 creatura
1869 990 2008 1035 :aut

428 1079 618 1120 verum
657 1075 814 1122 terrae
858 1078 1066 1122 motum
1116 1078 1172 1124 et
1207 1069 1623 1125 concussionem
1657 1087 1670 1124 :
1702 1078 1796 1125 aut
1828 1081 2006 1126 trans-

427 1159 782 1214 mutationem
833 1175 862 1214 a
910 1161 1054 1217 malo
1114 1162 1182 1218 ad
1233 1163 1436 1218 bonum
1482 1164 1785 1232 hominum,
1816 1165 1907 1234 qui
1939 1164 2004 1218 ad

429 1261 642 1318 tempus
680 1249 809 1304 illud
844 1253 1167 1324 pertingeut.
1194 1255 1576 1310 Animadverte
1597 1271 1811 1326 quoque
1835 1257 2006 1310 adno-

424 1339 681 1410 tationem
714 1341 859 1397 beati
889 1342 1070 1416 Cyrilli
1105 1345 1159 1400 in
1191 1347 1447 1417 Aggazum
1468 1347 1516 1380 ⁹⁰
1555 1365 1567 1401 :
1610 1366 1628 1399 ι
1657 1348 1857 1402 Eorum
1885 1362 2006 1416 quae

421 1433 816 1490 concutiuntur
859 1437 1270 1493 translationem
1340 1456 1354 1494 ε
1415 1458 1433 1492 ι
1498 1453 1696 1510 nempe
1772 1438 1896 1494 coeli
1950 1446 2006 1494 et

2111 633 2215 671 σιν.
2247 617 2380 670 Τότε
2400 618 2508 689 γὰρ
2541 618 2775 688 μάλιστα
2803 619 3150 690 σεισθήσεται
3189 623 3223 694 ή
3267 623 3475 690 κτίσις,
3527 627 3557 697 ἢ
3593 630 3692 682 τὸν

2107 707 2276 772 ὅντως
2304 710 2525 780 σεισμὸν
2553 710 2647 764 καὶ
2681 711 2924 779 πάταγον
2950 711 2981 783 ἦ
3007 713 3104 784 τὴν
3147 715 3436 784 μετάθεσιν
3458 719 3554 789 τὴν
3577 722 3694 776 ἀπὸ

2106 798 2202 852 τοῦ
2232 800 2406 853 κακοῦ
2430 803 2510 864 είς
2532 799 2594 854 τὸ
2625 801 2848 870 ἀγαθὸν,
2885 804 2995 857 τῶν
3022 806 3144 859 τότε
3194 807 3546 880 φθανομένων
3587 815 3692 868 ἁν-

2110 888 2366 960 θρώπων.
2405 891 2646 961 Πρόσχες
2671 894 2766 946 καὶ
2801 896 2869 966 τῇ
2907 900 3246 970 παραγραφῇ
3279 901 3371 953 τοῦ
3409 907 3690 974 μακαρίου

2110 979 2376 1049 Κυρίλλου
2404 983 2482 1044 είς
2509 982 2598 1033 τὸν
2629 981 2883 1050 ’Λγγαίον
2905 999 2918 1011 ·
2965 1001 2982 1034 ι
3012 983 3133 1037 Τῶν
3185 985 3556 1055 σαλευομενων
3585 991 3690 1061 τὴν

2111 1070 2418 1138 μετάθεσιν,
2459 1088 2477 1122 ι
2524 1072 2790 1136 τουτέστι,
2814 1077 2913 1144 τῆς
2950 1075 3075 1144 γῆς,
3127 1077 3222 1129 τοῦ
3270 1079 3522 1149 οὐρανοῦ,
3572 1082 3689 1136 τῶν

2104 1161 2227 1216 τότε
2264 1161 2565 1232 μελλόντων
2606 1162 2930 1218 σαλεύεσθαι
2955 1167 3020 1220 ἐκ
3049 1166 3148 1236 τῆς
3167 1167 3262 1220 νῦν
3291 1173 3689 1238 καταστάσεως

2107 1255 2165 1305 ἐν
2181 1254 2245 1322 τῇ
2271 1253 2480 1324 ἀλλαγῇ
2509 1251 2604 1306 καὶ
2623 1257 3007 1325 μεταποιήσει.
3057 1275 3075 1306 ι
3112 1257 3200 1322 Ὣς
3223 1261 3628 1330 πεποιημένων,
3661 1281 3681 1314 ι

2101 1346 2367 1410 τουτέστι,
2401 1346 2459 1400 τ’)
2497 1345 2637 1400 κατᾶ
2669 1347 2829 1417 φύσιν
2853 1349 3193 1417 πασχόντων.
3229 1350 3447 1423 Ἐπειδὴ
3486 1352 3597 1425 γὰρ
3624 1355 3688 1408 τὸ

2104 1436 2408 1506 ἀρξάμενον
2442 1436 2536 1490 καὶ
2568 1437 2739 1508 πέρας
2769 1438 3054 1509 λαμϐάνει,
3089 1442 3273 1512 φησὶν,
3315 1443 3402 1507 Ὠς
3442 1461 3686 1516 πεποιη-

422 1529 600 1588 terrae,
635 1539 757 1594 quae
781 1533 910 1582 tunc
941 1527 1324 1584 concutientur
1354 1544 1421 1584 ex
1455 1529 1714 1600 prasenti
1758 1538 1904 1584 statu
1944 1529 1987 1583 ir

2107 1529 2302 1599 μένων.
2334 1529 2549 1603 Ἐπειδὴ
2590 1530 2699 1600 γὰρ
2730 1532 3047 1603 πεποίηται,
3099 1535 3194 1588 καὶ
3239 1534 3350 1588 ἀπὸ
3403 1536 3683 1602 κινήσεως

419 1627 529 1682 quo
585 1613 726 1670 facta
775 1625 928 1682 sunt,
986 1633 1084 1688 per
1133 1619 1492 1674 variationem
1529 1629 1584 1674 et
1624 1619 1987 1675 commutatio

2103 1616 2324 1689 ἧρξατο,
2353 1619 2452 1689 τῆς
2492 1619 2554 1672 ἔκ
2599 1619 2690 1672 τοῦ
2727 1622 2800 1690 μὴ
2827 1620 2980 1685 ὄντος
3022 1623 3102 1684 είς
3132 1621 3195 1676 τὸ
3248 1619 3409 1690 εἶναι,
3449 1627 3684 1691 εἰκότως

417 1718 564 1759 nem.
615 1724 634 1758 ι
677 1706 877 1777 Utpote
929 1724 1050 1778 quae
1096 1709 1234 1766 facta
1286 1719 1435 1766 sunt.
1484 1729 1503 1762 ι
1539 1710 1824 1781 Tanquam
1853 1711 1987 1767 dice-

2105 1710 2266 1763 πάλιν
2300 1709 2692 1781 σαλευθήσεται
2723 1713 2816 1766 καὶ
2853 1713 3345 1788 μεηκινηθὴσεται
3376 1718 3433 1771 ἐν
3479 1721 3547 1789 τῇ
3586 1719 3686 1772 ἀλ-

419 1809 502 1855 ret
527 1819 540 1854 :
575 1800 729 1868 Quod
768 1805 1016 1860 naturale
1036 1815 1120 1861 est
1148 1791 1518 1862 sustinebunt.
1549 1805 1987 1876 Quandoquidem

2101 1801 2262 1873 λαγῇ.
2313 1819 2331 1852 ι
2369 1801 2485 1856 Ἵνα
2509 1802 2665 1876 μείνῃ
2685 1805 2754 1857 τὰ
2789 1807 2862 1877 μὴ
2914 1806 3268 1878 σαλευόμενα.
3313 1827 3332 1861 s
3369 1809 3595 1865 Σαλεύει
3621 1810 3683 1865 δὲ

418 1893 563 1946 enim
622 1893 675 1948 id
704 1895 849 1962 quod
885 1895 1101 1951 initium
1143 1897 1355 1961 habuit,
1392 1897 1556 1952 etiam
1585 1896 1879 1951 terminum
1905 1909 1987 1949 εει

2102 1893 2204 1964 τὴν
2236 1892 2414 1945 κτίσιν
2453 1894 2574 1946 τότε
2625 1895 2717 1948 καὶ
2747 1897 3085 1962 ὲναλλάσσει,
3119 1897 3208 1951 ἵνα
3266 1897 3425 1970 μείνῃ
3480 1900 3550 1954 τὰ
3604 1903 3682 1972 μὴ

417 1984 602 2054 cipiet,
633 1985 711 2041 ait
743 2005 758 2041 :
795 1987 998 2058 Utpote
1023 2004 1145 2060 quae
1170 1989 1312 2044 facta
1343 1998 1493 2044 sunt.
1527 1986 1658 2044 Nam
1694 1987 1820 2059 quia
1851 1987 1987 2042 facta

2101 1984 2450 2055 σαλευόμενα,
2496 1985 2767 2053 τουτέστι,
2815 1988 2883 2042 τὰ
2925 1989 3126 2058 μηκέτι
3171 1989 3429 2060 μέλλοντα
3481 1990 3684 2046 σαλεύ-

415 2085 562 2137 suut,
597 2087 652 2132 et
683 2088 967 2149 cmperunt
989 2095 1055 2135 ex
1088 2081 1388 2137 mutatione
1427 2097 1456 2136 a
1483 2097 1591 2136 non
1621 2095 1743 2136 esse
1777 2079 1844 2135 ad
1869 2094 1993 2136 esse

419 2171 499 2235 (ut
535 2172 607 2222 ita
645 2169 788 2240 loqui
818 2171 1022 2241 liceat),
1057 2174 1254 2228 merito
1286 2189 1503 2229 rursum
1527 2173 1913 2229 concutientur
1935 2181 1994 2228 et

413 2263 902 2318 commovebuntur
930 2281 1027 2336 per
1062 2267 1441 2324 mutationem.
1504 2287 1522 2320 ι
1549 2267 1625 2324 Ut
1649 2274 1905 2322 maneant
1926 2279 1992 2321 ea

411 2371 536 2423 qua
561 2371 668 2410 non
715 2359 1129 2415 concutiuntur.
1168 2379 1186 2413 ι
1223 2359 1380 2418 Tunc
1415 2375 1597 2416 autem
1629 2359 1906 2416 concutiet
1937 2366 1994 2413 et

411 2446 718 2503 immutabit
780 2459 1105 2518 creaturam,
1157 2462 1217 2508 ut
1273 2462 1532 2508 maneant
1589 2468 1650 2508 ea
1710 2467 1830 2522 qua:
1881 2465 1992 2505 non

409 2540 836 2606 concutiuntur,
867 2541 972 2598 hoc
1011 2553 1119 2610 est,
1149 2559 1271 2614 quae
1313 2545 1421 2614 iam
1456 2561 1564 2601 non
1598 2543 1831 2615 amplius
1858 2556 1996 2597 con-

2097 2077 2253 2132 εσθαι
2284 2077 2376 2130 καὶ
2410 2079 2732 2149 ἀμείϐεσθαι
2755 2097 2770 2113 ο
2800 2081 2876 2146 ὡς
2904 2085 2951 2136 εί
2991 2083 3146 2151 ἔλεγε
3179 2101 3193 2116 ο
3231 2084 3328 2137 Διὰ
3352 2084 3509 2138 τοῦτο
3543 2085 3684 2140 σείει

2097 2171 2188 2224 καὶ
2217 2171 2539 2224 ὲναλλάσσει
2584 2170 2682 2241 τὴν
2733 2174 2930 2238 κτίσιν,
2969 2175 3057 2227 ἵνα
3091 2173 3276 2228 λοιπὸν
3317 2176 3475 2247 μείνῃ
3533 2176 3684 2231 κατὰ

2099 2261 2284 2334 χώραν
2317 2265 2512 2335 μηκέτι
2543 2263 2804 2336 μέλλοντα
2833 2265 3680 2339 σαλεύεσθαιἦὲναλλάσσεσθαι.

2099 2356 2192 2426 Μὴ
2221 2356 2660 2427 ἓναλλασσόμενα
2683 2358 2762 2424 δὲ,
2798 2361 3027 2422 είκότως
3048 2359 3148 2414 οὐκ
3200 2360 3281 2414 ἔτι
3333 2359 3518 2431 μέλλει
3581 2378 3686 2415 σα·

2099 2447 2375 2502 λεύεσθαι.
2403 2449 2588 2514 ’Ᾱπαξ
2611 2449 2719 2521 γὰρ
2760 2450 2858 2522 τὴν
2882 2450 3104 2523 πρώτην
3151 2451 3455 2526 ἐναλλαγὴν
3511 2452 3679 2520 δεξά-

2110 2554 2268 2608 μενα,
2303 2535 2555 2606 ἄφθαρτα
2586 2536 2759 2593 ἔσται.

408 2633 660 2689 cutienda
712 2644 839 2690 sunt
867 2644 961 2692 aut
989 2637 1346 2694 immutanda.
1381 2637 1661 2709 Tanquam
1717 2638 1971 2693 diceret:
2001 2633 2296 2701 Propterea
2324 2629 2568 2684 concutit
2592 2639 2646 2684 et
2673 2628 2925 2686 immutat
2961 2640 3286 2696 creaturam,
3335 2638 3392 2685 ut
3417 2630 3682 2700 deinceps

409 2744 512 2783 suo
540 2727 837 2797 persistant
856 2728 976 2784 loco
997 2745 1118 2799 quae
1151 2712 1528 2801 non‘amplius
1555 2729 1919 2787 concutienda
1951 2734 2047 2781 aut
2077 2721 2414 2779 immutanda
2437 2730 2584 2777 sunt.
2611 2720 2744 2788 Qua:
2763 2738 2892 2777 vero
2922 2738 3030 2776 non
3057 2721 3435 2787 immutantur,
3473 2723 3680 2778 merizo

407 2838 515 2876 non
547 2820 780 2890 amplius
834 2829 963 2876 sunt
1008 2821 1301 2894 agitanda:
1331 2838 1454 2878 nam
1494 2824 1586 2879 ubi
1626 2822 1795 2878 semel
1835 2821 2069 2892 primam
2105 2813 2542 2870 immutationem
2579 2813 2944 2883 susceperint.
2986 2812 3041 2867 in
3076 2813 3444 2883 compatibilia
3471 2824 3676 2873 erant.

483 2915 596 2980 XII,
626 2916 818 2972 28-29.
860 2914 1193 2987 Quapropter
1233 2937 1448 2993 regnum
1481 2929 1804 2977 assumentes
1851 2917 1987 2990 quod

2166 2911 2265 2964 Διὸ
2297 2910 2628 2974 ,βασιλείαν
2674 2909 3026 2964 ἀσάλευτον.
3069 2908 3675 2979 παραλαμϐάνοντες,

406 3011 615 3068 concuti
652 3025 755 3064 non
782 3017 970 3081 potest,
996 3011 1287 3068 habeamus
1315 3015 1546 3086 gratiam
1589 3031 1683 3083 per
1718 3029 1878 3085 quam
1908 3013 1984 3066 ita

2094 3004 2318 3074 ἔχωμεν
2351 3002 2547 3072 χάριν,
2580 3001 2662 3056 δι’
2688 2998 2763 3072 ἧς
2793 3003 3161 3071 λατρεύομεν
3201 3001 3542 3069 εὐαρέστως
3595 3001 3679 3068 τῷ

407 3104 517 3160 Deo
545 3107 798 3161 servimus
828 3117 885 3164 ut
916 3107 1001 3163 illi
1044 3105 1347 3175 placeamus
1389 3123 1508 3160 cum
1536 3107 1735 3176 pudore
1761 3114 1810 3159 et
1840 3120 1983 3159 reve-

2094 3094 2210 3161 Θεῷ
2233 3094 2384 3165 μετὰ
2414 3093 2620 3160 αἰδοῦς
2641 3092 2740 3146 καί
2777 3094 3095 3160 εὐλαϐείας
3117 3109 3132 3124 ο
3175 3093 3273 3149 καὶ
3317 3099 3426 3165 γάρ
3467 3096 3500 3148 ὁ
3524 3094 3676 3161 Θεὸς

407 3199 599 3255 rentia.
621 3199 833 3255 Etenim
862 3201 1002 3257 Deus
1035 3208 1209 3255 noster
1243 3200 1378 3269 ignis
1404 3214 1709 3254 comantem
1743 3206 1840 3252 est.

481 3291 537 3346 Si
585 3303 836 3350 creatura
888 3295 1213 3350 inconcussa
1265 3293 1528 3359 manebit,
1588 3291 1760 3347 multo
1813 3290 1983 3364 magis

405 3397 634 3454 regnum
663 3385 922 3440 cmlorum
955 3385 1101 3456 quod
1132 3384 1401 3453 recepturi
1431 3384 1564 3438 estis
1614 3383 1668 3438 in
1699 3383 1981 3452 praemium

406 3473 760 3530 atllictionum
814 3491 951 3546 quas
984 3476 1074 3531 hic
1124 3491 1225 3546 pro
1272 3474 1489 3529 Christo
1524 3474 1786 3530 toleratis.
1833 3473 1984 3540 Quo-

404 3563 552 3618 niam
595 3565 758 3635 igitur
788 3564 1112 3621 alllictiones
1144 3581 1371 3636 regnum
1409 3565 1718 3631 conciliant,
1753 3565 1980 3637 gratiam

408 3656 704 3711 habeamus
756 3672 856 3726 pro
915 3656 1023 3712 illis
1071 3655 1204 3712 Deo.
1280 3674 1300 3709 ι
1342 3655 1446 3712 Per
1490 3670 1651 3727 quam
1710 3656 1982 3713 servimus

405 3748 540 3803 Deo.
579 3768 597 3800 ι
625 3746 790 3820 5.29
817 3746 951 3802 Nam
987 3765 1088 3819 per
1121 3750 1226 3804 hoc
1255 3748 1398 3820 quod
1431 3764 1529 3819 pro
1559 3749 1982 3804 adversitatibus

327 3821 333 3828 ’
404 3850 461 3895 et
487 3839 874 3897 amictionibus
907 3841 1018 3896 Deo
1060 3841 1245 3914 gratiae
1291 3851 1544 3914 aguntur,
1573 3842 1838 3912 contingit
1878 3842 1980 3914 ipsi

404 3933 614 3988 servire
645 3934 718 3988 ita
751 3941 812 3988 ut
839 3933 962 4004 quis
985 3932 1058 3988 illi
1085 3935 1311 4005 placeat.
1345 3933 1457 3989 Nec
1489 3933 1620 3989 satis
1646 3943 1750 4000 est,
1783 3935 1978 4005 inquit,

402 4023 576 4079 solum
609 4023 680 4079 illi
731 4027 932 4098 gratias
961 4039 1143 4098 agere,
1179 4025 1281 4082 nisi
1314 4035 1369 4082 et
1404 4027 1579 4097 pudor
1609 4041 1736 4097 erga
1767 4039 1978 4093 omnes,

403 4123 456 4170 ct
485 4115 784 4172 reverentia
825 4132 948 4191 erga
1001 4118 1174 4173 Deum
1230 4118 1394 4174 simul
1442 4119 1642 4174 adsint.
1706 4136 1725 4172 ι
1762 4117 1979 4174 Etenim

403 4206 546 4262 Deus
580 4218 769 4264 noster
798 4209 939 4282 ignis
979 4225 1308 4266 consumens
1336 4219 1439 4266 est.
1469 4229 1488 4264 ι
1539 4210 1646 4266 Aut
1689 4209 1836 4281 ipsos
1865 4219 1978 4266 ter-

399 4315 523 4355 rere
555 4300 688 4368 vult,
737 4315 810 4356 ne
844 4301 1039 4374 ingrati
1079 4301 1191 4356 sint
1223 4308 1316 4356 aut
1351 4301 1422 4357 ob
1457 4301 1774 4358 amictioncs
1824 4317 1980 4358 mur-

401 4401 620 4446 murcnt
655 4410 668 4445 :
716 4407 786 4447 ne
811 4407 920 4462 quo
943 4390 1126 4457 modo,
1157 4391 1353 4462 inquit,
1387 4391 1556 4448 Deum
1609 4391 1977 4462 assequamini

401 4483 597 4538 iratum
619 4492 714 4538 aut
736 4484 1002 4554 supplicia
1029 4483 1376 4540 inferentem.
1413 4482 1520 4538 Aut
1540 4484 1657 4540 vult
1683 4483 1976 4549 consolari,

2009 3224 2053 3282 Ο
2085 3185 2255 3257 ἡμῶν
2283 3185 2404 3252 πῦρ
2444 3187 2924 3242 καταναλίσκον.

2158 3278 2218 3334 El
2249 3281 2281 3349 ἠ
2313 3281 2493 3343 κτίσις
2525 3279 2846 3344 ἀσάλευτος,
2872 3277 3052 3348 πολλῷ
3101 3279 3357 3351 μᾶλλονὴ
3412 3277 3672 3350 βασιλεία

2084 3372 2194 3426 τῶν
2225 3371 2473 3443 οὐρανῶν
2527 3373 2594 3443 ἢν
2628 3368 2970 3442 παραλαϐεῖν
3007 3371 3229 3442 μέλλετε
3277 3369 3512 3424 ἔπαθλον
3552 3372 3669 3424 τῶν

2084 3463 2321 3518 ἐνταῦθα
2349 3464 2489 3534 ὑπὲρ
2521 3462 2762 3534 Χριστοῦ
2818 3462 3070 3533 θλίψεων.
3115 3462 3267 3518 Ἐπεὶ
3304 3462 3397 3517 οὐν
3439 3465 3493 3518 αι
3549 3463 3674 3517 θλί-

2082 3556 2205 3628 ψεις
2235 3557 2485 3629 πρόξενοι
2513 3560 2614 3628 τῆς
2641 3556 2940 3627 βασιλείας,
2966 3558 3127 3629 χάριν
3164 3556 3378 3629 ἔχωμεν
3404 3559 3544 3630 ὑπὲρ
3570 3560 3674 3613 αὐ·-

2082 3651 2192 3704 τῶν
2221 3650 2300 3722 τῷ
2348 3649 2487 3720 Θεῷ.
2528 3669 2547 3702 ι
2576 3651 2655 3703 Δι’
2697 3644 2764 3719 ἦς
2816 3650 3171 3722 λατρεύομεν.
3201 3669 3219 3703 ι
3255 3651 3357 3706 Διὰ
3421 3655 3528 3725 γὶερ
3570 3657 3670 3706 τοῦ

2083 3743 2180 3799 καὶ
2208 3743 2348 3814 ὑπὲρ
2374 3744 2482 3798 τῶν
2515 3743 2752 3804 θλίψεων
2795 3743 2888 3796 καὶ
2944 3743 3270 3814 πειρασμῶν
3318 3745 3671 3816 εὐχαριστεῖν

2082 3833 2324 3907 τῷΘεῷ,
2365 3834 2515 3889 εστιν
2551 3834 2698 3906 αὐτῷ
2733 3834 3043 3906 εὐαρέστως
3064 3833 3368 3908 λατρεύειν.
3407 3838 3519 3890 Καὶ
3562 3839 3670 3892 οὐκ

2083 3928 2263 3998 ἀρκεῖ,
2301 3927 2457 3998 φησὶ,
2490 3927 2651 3998 μόνον
2685 3927 3042 3998 εὐχαρίστους
3070 3917 3231 3991 εἶναι,
3264 3929 3312 3981 εἰ
3345 3929 3418 4000 μὴ
3451 3929 3543 3981 καὶ
3575 3931 3665 3984 αίο

2081 4018 2187 4082 δὼς
2211 4020 2247 4090 ἡ
2282 4020 2419 4090 πρὸς
2443 4018 2670 4082 πάντας,
2700 4019 2792 4071 καὶ
2817 4022 2850 4088 ἡ
2884 4018 3020 4088 προς
3054 4017 3190 4072 Θεὸν
3237 4018 3492 4073 εὐλάϐεια
3524 4036 3670 4092 cup.-
3747 4046 3749 4048 -

2084 4092 2259 4182 παρῇ.
2301 4129 2320 4162 ‹
2353 4111 2462 4164 Καὶ
2484 4113 2591 4181 γὰρ
2614 4111 2643 4164 ε
2678 4109 2811 4174 Θεὸς
2843 4111 3003 4182 ἡμῶν
3029 4108 3139 4182 πῦρ
3190 4113 3660 4168 καταναλίσκον.»

2087 4197 2156 4250 Ἥ
2179 4199 2378 4260 αὐτοὺς
2405 4199 2638 4267 πτοῆσαι
2669 4197 2812 4252 θέλει
2843 4199 2918 4270 μὴ
2945 4200 3263 4271 ἀχαριστεῖν
3290 4201 3427 4272 μηδι
3452 4205 3666 4272 γογγύ-

2081 4296 2196 4360 ζειν
2241 4296 2333 4350 ἐπὶ
2363 4298 2480 4360 ταῖς
2519 4295 2758 4365 θλίψεσι,
2790 4299 3010 4368 μήπως,
3066 4297 3256 4369 φησὶν,
3298 4298 3664 4370 ὀργιζομένου

2080 4388 2176 4442 καὶ
2203 4389 2614 4460 τιμωρουμένου
2645 4389 2844 4460 τύχητε
2871 4391 2964 4444 τοῦ
2992 4391 3128 4446 Θεοῦ
3161 4408 3174 4421 ·
3229 4392 3261 4463 ἢ
3319 4394 3664 4467 παραμυθή-

2081 4477 2304 4543 σασθαι,
2331 4479 2406 4542 ὡς
2437 4479 2486 4534 εί
2528 4481 2712 4549 ἔλεγεν
2739 4497 2752 4511 ·
2793 4481 2987 4552 Ἡμεῖς
3014 4481 3111 4537 ἐπὶ
3151 4485 3270 4550 ταῖς
3293 4483 3537 4553 θλίψεσιν
3565 4488 3662 4538 εὐ-

400 4585 657 4646 tauquam
688 4575 896 4632 diceret
926 4591 942 4634 :
968 4576 1078 4631 Nos
1114 4576 1171 4631 in
1204 4575 1592 4632 alllictionihus
1621 4576 1822 4648 gratias
1851 4591 1982 4649 aga-

2094 4571 2400 4644 χαριστήσω
2408 4587 2530 4641 μεν·
2545 4571 2740 4644 ἔχομεν
2756 4573 2865 4646 γὰρ
2880 4574 3156 4644 Δεσπότην
3175 4575 3662 4642 ὲξαναλῶσαιτούς

399 4681 522 4720 mus
550 4683 564 4720 :
599 4665 866 4737 siquidem
897 4666 1185 4723 Dominum
1218 4669 1480 4725 habemus
1531 4667 1621 4740 qui
1649 4669 1821 4741 possit
1845 4686 1979 4727 con-

397 4769 616 4811 sumere
645 4755 1008 4812 adversarios.

982 4848 1213 4907 CAPUT
1263 4850 1383 4907 XX.

645 4939 723 4997 De
763 4941 1002 5012 fraterno
1031 4957 1214 4996 amore
1253 4958 1318 4996 ac
1344 4943 1724 5013 hospitalitate.

464 5033 608 5100 Xlll,
641 5034 754 5090 1-6.
784 5033 1046 5089 Fraterno
1077 5033 1310 5088 charitas
1342 5044 1599 5091 maneat:
1634 5037 1967 5107 hospitalita-

399 5129 466 5182 tis
519 5145 583 5182 ne
639 5127 755 5182 sitis
808 5128 1160 5182 immemores.
1224 5123 1331 5180 Per
1381 5127 1520 5182 hanc
1562 5129 1702 5184 enim
1752 5133 1970 5202 quidam

395 5220 674 5274 inscientes
693 5229 1001 5288 exceperunt
1026 5218 1239 5289 angelos
1266 5221 1512 5289 hospitio.
1543 5221 1794 5278 Memores
1811 5235 1972 5281 estote

392 5313 685 5366 vinctorum
719 5322 972 5382 tanquam
1002 5327 1107 5364 una
1133 5311 1294 5365 vincti
1321 5327 1342 5366 :
1390 5329 1569 5368 eorum
1617 5316 1706 5386 qui
1733 5317 1974 5388 afﬂigun-

394 5412 504 5467 tur,
541 5404 703 5458 veluti
725 5404 823 5471 ipsi
857 5418 1060 5474 quoque
1085 5413 1354 5459 versantes
1385 5405 1440 5458 in
1491 5423 1724 5478 corpore.
1776 5406 1974 5463 Hono-

393 5495 562 5550 rabile
589 5507 662 5550 est
693 5495 996 5566 conjugium
1049 5497 1105 5548 in
1129 5496 1370 5552 omnibus
1401 5506 1453 5552 et
1497 5498 1666 5552 cubile
1718 5499 1971 5569 impollu-

394 5599 526 5641 tum.
557 5585 886 5642 Scortatores
915 5597 1092 5642 autem
1126 5599 1174 5642 et
1197 5589 1468 5644 adulteros
1507 5589 1774 5658 judicavit
1807 5589 1969 5646 Deus.

393 5679 522 5736 Situ
569 5696 740 5735 mores
791 5681 954 5736 alieni
1007 5682 1073 5736 ab
1127 5683 1384 5750 avaritia,
1435 5683 1660 5738 contenti
1711 5682 1792 5739 Itis
1848 5699 1968 5755 qua:

463 5861 516 5954 "°
549 5863 686 5936 Agg.
719 5878 780 5936 ιι,
814 5861 1016 5935 lseqq.

2082 4661 2438 4724 ὑπεναντίους
2461 4662 2778 4734 δυνάμενον.

2687 4864 2938 4918 ΚΕΦΑΛ.
2973 4863 3058 4920 κ’.

2313 4953 2450 5023 Περὶ
2487 4956 2886 5027 φιλαδελφίας
2932 4959 3030 5012 καί
3063 4959 3432 5029 φιλοξενίας.

2162 5044 2234 5098 Ἠ
2248 5043 2615 5114 φιλαδελφία
2636 5047 2883 5116 μενέτω.
2914 5048 3028 5120 Τῆς
3053 5051 3404 5120 φιλοξενίας
3415 5052 3504 5121 μὴ
3531 5053 3660 5108 ἐπι·

2072 5136 2471 5194 λανθάνεσθε.
2502 5137 2606 5192 Διὰ
2642 5141 2863 5208 ταύτης
2899 5143 3010 5212 γὰρ
3042 5141 3262 5197 ἔλαθόν
3293 5161 3453 5211 τινες
3491 5145 3658 5210 ξενί-

2073 5246 2296 5296 σαντες
2323 5229 2635 5300 ἀγγέλους.
2663 5232 3089 5302 Μιμνήσκεσθε
3113 5235 3228 5288 τῶν
3257 5234 3540 5306 δεσμίων,
3567 5237 3654 5304 ὡς

2073 5321 2542 5393 συνδεδεμένον
2596 5323 2716 5378 τῶν
2768 5327 3178 5395 κακουμένων,
3220 5325 3298 5395 ὡς
3325 5328 3420 5382 καὶ
3481 5327 3656 5382 αὐτοὶ

2076 5413 2248 5480 ὄντες
2283 5414 2355 5468 ἐν
2389 5414 2635 5484 σώματι.
2683 5418 2879 5487 Τίμιος
2935 5421 2969 5472 ό
3002 5418 3189 5489 γάμος
3231 5419 3302 5474 ἐν
3332 5419 3504 5487 πᾶσι,
3553 5419 3655 5474 καὶ

2075 5505 2115 5572 ἠ
2149 5507 2319 5572 κοίτη
2348 5507 2654 5575 ἀμίαντος.
2687 5511 2958 5578 Πόρνους
2983 5509 3051 5564 δὲ
3092 5511 3188 5564 καὶ
3218 5509 3469 5582 μοιχοὺς
3525 5527 3656 5579 xpl-

2077 5597 2175 5651 νεῖ
2197 5599 2230 5650 ό
2266 5598 2431 5664 Θεός.
2475 5597 2901 5672 Ἀφιλάργυρος
2925 5606 2958 5656 δ
2989 5605 3228 5671 τρόπος.
3273 5603 3653 5672 Ἀρκούμενοι

2072 5685 2194 5753 τοῖς
2221 5686 2540 5756 παροῦσιν.
2564 5693 2758 5760 Αὐτὸς
2773 5694 2884 5764 γὰρ
2909 5695 3167 5765 εἵρηκεν’
3196 5695 3279 5752 Οὐ
3293 5691 3379 5767 μή
3407 5709 3482 5750 σε
3503 5690 3651 5763 ἀνῶ»
