3970 6582
246 416 346 480 Ml

1278 417 1671 479 COMMENT.
1697 416 1784 479 IN
1819 415 2061 482 EPIST.
2103 419 2204 480 AD
2240 419 2475 484 HEBR.

3399 419 3507 484 4ιὲ

242 531 379 588 οὐδ’
409 531 483 586 οὐ
523 530 609 601 μή
648 544 724 586 σε
768 529 1175 601 ἐγκαταλίπω.
1235 532 1418 588 Ὥστε
1463 532 1835 602 θαρῤοῦντας

1949 535 2150 589 adsunt.
2178 535 2452 606 Siquidem
2486 535 2594 604 ipse
2627 533 2762 588 dixit
2796 533 2952 590 :Non
3005 542 3056 588 te
3111 535 3291 588 desero
3352 549 3518 601 neque

243 621 408 692 ἡμᾶς
433 624 660 695 λέγειν’
692 623 911 694 Κύριος
953 623 1084 694 ἐμοὶ
1112 624 1364 693 βοηθὸς,
1398 624 1499 680 καὶ
1529 627 1602 680 οὐ
1641 627 1832 696 φοϐη-

243 714 513 783 θήσομαι
545 716 604 769 τί
634 715 880 785 ποιήσει
908 733 1012 786 μοι
1035 715 1369 786 ἄνθρωπος.

322 826 344 860 ι
377 807 440 861 Ἦ
476 808 799 878 φιλαδελφία
845 808 1076 879 μενέτω.
1110 826 1129 861 ι
1161 810 1446 865 Δείκνυσιν
1489 810 1574 865 ὅτι
1622 810 1832 866 τούτων

239 899 458 968 εἴχοντο
490 897 684 964 πάλαι,
708 899 846 954 ἀλλὰ
879 899 972 954 νῦν
1013 901 1078 954 ἐκ
1129 901 1239 955 τῶν
1295 901 1528 972 θλίψεων
1579 904 1834 975 pseups-

241 1006 443 1054 σαντες
472 985 635 1061 ἦσαν.
670 991 842 1046 Πάλιν
866 987 961 1046 οὖν
995 992 1197 1056 αὐτοὺς
1251 994 1333 1057 εἰς
1362 993 1537 1048 ταῦτα
1600 994 1834 1066 προτρέο

243 1099 432 1137 πεται.
464 1100 484 1134 ι
512 1082 615 1138 Διά
645 1083 851 1155 ταύτης
879 1085 986 1154 γὰρ
1011 1083 1206 1140 ἔλαθόν
1234 1103 1403 1150 τινες.
1444 1105 1464 1138 ι
1491 1086 1673 1150 Οὕτω,
1731 1105 1836 1158 φη-

243 1171 320 1233 σὶ.
354 1173 572 1244 μεγάλη
611 1175 650 1245 ἠ
675 1174 974 1244 φιλοξενία,
1000 1177 1082 1230 ὅτι
1118 1176 1394 1248 πρόφασις
1424 1179 1538 1240 τοῖς
1575 1179 1718 1249 ἀμφὶ
1742 1179 1836 1232 τὸν

243 1264 513 1336 Ἀϐραὰμ
556 1267 655 1320 καὶ
696 1266 788 1321 τὸν
821 1267 948 1323 Λὼτ
987 1269 1211 1337 γέγονεν
1253 1269 1522 1338 ἀγγέλους
1572 1270 1834 1335 ὑποδέξα-

242 1355 666 1427 σθαι.Ἔλαθον,
697 1361 886 1431 φησιν,
923 1358 1248 1429 ἀγνοοῦντες
1273 1361 1356 1416 ὅτι
1393 1361 1618 1431 ἄγγελοι
1667 1358 1834 1434 ἦσαν,

240 1449 490 1515 ἐξένιζον
514 1449 659 1505 οὕτω
706 1452 1066 1524 φιλοφρόνως.
1095 1453 1188 1506 Διὸ
1222 1454 1316 1508 καὶ
1370 1453 1545 1525 μέγας
1593 1447 1754 1518 οὗτος
1808 1456 1838 1509 6

245 1542 445 1614 μισθὸς
473 1543 682 1610 αὐτοις,
709 1543 784 1608 ὡς
811 1545 866 1598 ετ
891 1561 956 1614 γε
990 1545 1236 1616 ᾔδεισαν,
1271 1546 1430 1600 οὐδὲν
1489 1546 1634 1617 μέγα
1689 1544 1840 1600 ὲποίρ

241 1651 358 1690 ουν.
385 1652 407 1686 ι
445 1634 540 1699 Ὠς
567 1635 963 1705 συνδεδεμένοι.
993 1655 1012 1689 ι
1053 1637 1113 1690 '0
1169 1637 1228 1690 δὲ
1281 1637 1664 1707 συνδεδεμένος
1718 1637 1838 1700 πῶς

242 1725 310 1781 ἂν
335 1725 694 1794 ἑπιλάθοιτος
725 1746 744 1780 ι
772 1727 894 1781 Τῶν
911 1729 1398 1800 κακουχουμένων.
1428 1749 1447 1781 ι
1487 1732 1556 1783 Ἥ
1582 1732 1640 1783 ὲν
1669 1730 1840 1801 φυλα-

243 1819 393 1887 καις,
428 1818 466 1890 ἢ
497 1820 558 1873 ιν
580 1818 747 1891 λιμῷ,
771 1819 806 1891 ἢ
838 1821 897 1874 ἐν
927 1821 1090 1893 ἑτέρᾳ
1119 1822 1315 1895 θλίψει.
1348 1823 1410 1876 Εί
1440 1824 1546 1896 γάρ
1576 1841 1660 1888 τις
1697 1824 1833 1878 ἀνα-

243 1910 529 1979 λογίσαιτο
556 1912 639 1966 δτι
674 1913 770 1967 καὶ
800 1913 964 1978 αὐτὸς
997 1915 1308 1986 περίκειται
1336 1915 1669 1987 ὁμοιοπαθὲς
1693 1917 1836 1970 ἐκεί·

246 2020 358 2070 νοις
388 2005 578 2078 σῶμα,
601 2007 816 2078 manu
845 2007 1043 2076 μᾶλλον
1072 2009 1269 2073 αὐτοὺς
1298 2009 1387 2064 διά
1407 2025 1468 2064 τε
1492 2010 1594 2081 τὴν
1613 2007 1839 2080 συμπάο

247 2095 424 2164 θειαν,
462 2099 557 2152 καὶ
585 2097 675 2152 διὰ
705 2099 797 2154 τὸν
825 2099 1011 2169 φόϐον,
1049 2100 1124 2172 μὴ
1156 2101 1225 2156 τὰ
1247 2103 1409 2174 ὃμοια
1435 2103 1499 2156 ἐκ
1524 2104 1626 2173 τῆς
1663 2105 1837 2159 ἀπαν-

249 2184 507 2255 θρωπίας
527 2186 700 2260 πάθῃ.
737 2207 756 2240 ι
775 2189 966 2261 Τίμιος
991 2191 1020 2245 6
1043 2191 1220 2262 γάμος
1250 2193 1310 2246 ὲν
1343 2193 1534 2248 πᾶσιν.
1563 2210 1585 2248 t
1617 2195 1735 2249 Οὐκ
1779 2194 1838 2247 ὲν

244 2278 427 2349 τούτῳ
451 2281 552 2350 μὲν
579 2280 659 2352 τῷ
681 2281 837 2354 μέρει
865 2283 1069 2355 τίμιος,
1097 2285 1155 2338 ὲν
1174 2283 1350 2357 ἑτέρῳ
1371 2284 1432 2339 δὲ
1446 2286 1547 2340 οὐκ
1573 2285 1654 2340 ἔτι
1677 2304 1691 2318 ·
1718 2286 1839 2341 ἀλλ’

250 2370 376 2426 ὅλον
388 2371 465 2424 δι’
480 2372 606 2427 ὅλου
630 2375 766 2428 πᾶσι
791 2374 1015 2446 τρόποις
1030 2375 1210 2448 τίμιος
1227 2378 1322 2431 καὶ
1336 2377 1622 2449 ἀμίαντος.
1650 2396 1670 2430 ι
1690 2379 1840 2450 Πόρ-

248 2480 371 2529 νους
398 2464 498 2519 καὶ
531 2465 758 2537 μοιχοὺς
789 2468 968 2537 κρινεῖ
1017 2468 1047 2521 6
1094 2466 1252 2531 Θεός.
1278 2487 1296 2520 ι
1336 2468 1446 2523 Καὶ
1485 2468 1734 2532 εικότως.
1773 2469 1838 2523 Ei

251 2558 360 2628 γὰρ
387 2560 418 2612 6
437 2559 619 2630 γάμος
647 2558 1070 2631 ἐπιτέτραπται,
1094 2560 1187 2614 καὶ
1205 2559 1414 2625 ἔξεστιν
1431 2561 1841 2633 ἀναμαρτήτως

250 2650 349 2722 τὴν
370 2651 678 2722 ἐπιθυμίαν
705 2651 971 2723 πληροῦν,
990 2652 1074 2716 τίς
1089 2650 1244 2707 ἔσται
1259 2653 1373 2716 τοῖς
1383 2654 1592 2724 μοιχοῖς
1606 2653 1703 2708 καὶ
1726 2655 1842 2718 τοῖς

253 2742 474 2816 πόρνοις
507 2743 811 2813 ἀπολογίας
851 2760 871 2798 ι
920 2742 1325 2817 Ἀφιλάργυρος
1357 2747 1386 2800 6
1410 2746 1635 2817 τρόπος.
1667 2763 1686 2798 ι
1724 2747 1842 2800 Οὔκ

254 2829 397 2899 εἷπε,
425 2835 598 2905 μηδὲν
619 2835 917 2907 κεκτῆσθαι
936 2835 1056 2908 (καὶ
1074 2835 1236 2907 δῆλον
1262 2835 1322 2902 ἐξ
1349 2830 1424 2891 ὧν
1454 2836 1671 2907 ἐπάγει,
1713 2838 1842 2908 Ἀρ-

255 2927 646 3000 κούμενοιτοϊς
697 2928 990 2999 παροῦσιν,
1041 2929 1144 2984 ὅσα
1179 2928 1246 2984 ἂν
1283 2925 1376 3005 ᾗ),
1424 2930 1563 2984 ἀλλὰ
1612 2929 1842 3000 γνώμην

255 3016 400 3089 ἔχειν
427 3017 722 3088 φιλόσοφον
753 3019 852 3074 καὶ
884 3019 1295 3092 ἀφυλάργυρον.
1329 3039 1350 3073 ι
1374 3013 1451 3076 Οὐ
1477 3022 1550 3092 μή
1581 3038 1640 3074 σε
1669 3021 1835 3075 ἀνῶ.»

267 3107 492 3179 Ἐπειδὴ
539 3108 884 3180 ἁρπαγέντες
933 3107 1076 3183 ἦσαν
1165 3112 1337 3184 (λέγει
1378 3113 1528 3185 γὰρ,
1585 3113 1695 3168 Καὶ
1739 3115 1843 3184 τὴν

1934 624 2236 697 derelinquo
2271 642 2290 681 :
2327 635 2383 680 ut
2415 625 2732 694 conﬁdentes
2747 625 3020 679 dicamus:
3077 625 3335 679 Dominus
3388 625 3517 678 mihi

1933 716 2232 771 auxiliator
2252 733 2346 771 nec
2374 716 2564 770 timebo
2589 716 2716 786 quid
2744 715 2909 787 faciat
2939 715 3068 768 mihi
3091 720 3267 768 homo.

2009 828 2029 860 ί
2065 809 2592 864 Fraternacbaritas
2613 818 2850 862 maneat.
2896 824 2916 859 ι
2953 805 3206 860 Ostendit
3235 804 3382 875 quod
3429 805 3518 860 his

1933 913 2096 960 antea
2120 903 2494 968 adhterehant,
2511 900 2610 956 sed
2631 913 2778 955 nunc
2795 901 2866 956 ob
2892 899 3216 955 aﬂlictiones
3237 898 3522 968 segniores

1935 997 2062 1053 faeti
2094 1004 2270 1051 erant.
2296 997 2533 1051 ltursum
2564 994 2728 1066 igitur
2771 994 2916 1064 ipsos
2945 993 3014 1048 ad
3051 992 3243 1048 eadem
3305 989 3522 1045 exher-

1937 1101 2102 1146 tatur.
2141 1109 2160 1141 ι
2192 1090 2297 1144 Per
2327 1088 2469 1145 hanc
2496 1089 2646 1143 enim
2675 1088 2897 1158 quidam
2924 1086 3244 1142 inscientes.
3285 1102 3304 1135 ο
3341 1082 3516 1149 Adeo,

1935 1183 2346 1253 inq~uit,magna
2377 1190 2462 1236 est
2509 1181 2877 1250 hospitalitas,
2935 1187 2998 1233 ut
3046 1174 3278 1233 Abraha:
3309 1182 3370 1229 et
3418 1172 3522 1227 Lot

1937 1276 2104 1332 fuerit
2137 1277 2356 1331 occasio
2383 1275 2526 1345 quod
2562 1273 2784 1346 angelos
2814 1271 3133 1342 exciperent
3163 1271 3232 1322 ⁸⁸.
3285 1267 3520 1322 Latebat

1937 1369 2082 1425 enim
2108 1383 2223 1433 eos,
2253 1377 2496 1423 attamen
2530 1367 2846 1437 ignorantes
2885 1363 3033 1434 quod
3081 1361 3257 1433 angeli
3307 1367 3516 1422 essent,

1940 1463 2015 1518 ita
2047 1460 2280 1530 benigne
2312 1468 2649 1530 exceperunt
2681 1457 2942 1528 hospitio.
2967 1455 3097 1512 Ideo
3137 1467 3353 1524 quoque
3383 1450 3520 1520 ipsis

1939 1567 2132 1623 magna
2163 1551 2266 1608 fuit
2310 1553 2425 1608 inec
2456 1565 2666 1607 merces
2715 1550 2901 1620 :quod
2951 1547 2992 1603 si
3051 1545 3356 1605 novissent.
3405 1541 3518 1610 iam

1937 1645 2077 1700 nihil
2136 1643 2316 1716 magni
2368 1643 2648 1699 iecissent.
2706 1660 2726 1694 ι
2773 1640 3055 1711 Tanquam
3099 1651 3206 1690 una
3265 1633 3460 1689 vincti.
3493 1649 3512 1680 ι

1938 1737 2104 1810 430
2133 1736 2267 1791 Nam
2320 1737 2414 1806 qui
2465 1751 2574 1790 una
2642 1735 2859 1788 vinctus
2905 1740 3011 1794 est,
3059 1741 3296 1798 quonam
3354 1722 3518 1779 modo

1942 1829 2146 1901 poterit
2173 1828 2463 1886 oblivisci?
2519 1845 2538 1879 ι
2577 1826 2779 1884 Eorum
2810 1824 2906 1895 qui
2935 1822 3274 1893 allliguntur.
3311 1836 3330 1870 ι
3391 1815 3518 1871 Sive

1943 1923 1996 1978 in
2023 1921 2358 1984 carceribus,
2384 1921 2499 1976 sive
2531 1935 2629 1991 per
2665 1919 2862 1974 famem
2914 1923 3010 1970 aut
3057 1914 3217 1969 aliam
3265 1909 3519 1966 aillictio-

1939 2029 2087 2070 nem.
2117 2013 2174 2069 Si
2203 2014 2327 2083 quis
2355 2012 2500 2068 enim
2542 2025 2728 2066 secum
2756 2016 2971 2078 reputet
2999 2005 3145 2077 quod
3176 2011 3232 2058 et
3263 2003 3380 2073 ipse
3408 2000 3523 2054 cir-

1938 2105 2229 2162 cumdatus
2255 2103 2329 2158 sit
2357 2116 2588 2172 corpore
2629 2099 2827 2156 aﬂ'ecto
2857 2097 3014 2153 malis
3036 2094 3325 2157 similibus,
3348 2091 3522 2162 magis

1940 2198 2325 2255 miserebitur:
2354 2195 2556 2266 partim
2587 2208 2655 2248 ex
2701 2190 2939 2246 naturali
2991 2185 3357 2251 condoientia,
3392 2199 3522 2254 par-

1942 2290 2038 2346 tim
2069 2289 2140 2344 ob
2160 2291 2436 2350 timorem,
2460 2298 2531 2338 ne
2554 2282 2752 2338 similia
2777 2281 2848 2336 ob
2879 2293 3036 2335 suam
3061 2274 3520 2332 inhumanitatem

1940 2380 2200 2452 patiatur.
2243 2396 2263 2431 ι
2301 2376 2635 2433 iionorabile
2663 2384 2747 2430 est
2763 2372 3079 2443 coniugium
3105 2370 3162 2425 in
3190 2367 3468 2424 omnibus.
3498 2383 3517 2417 ι

1943 2473 2059 2528 Non
2095 2472 2152 2527 in
2181 2472 2284 2528 hoc
2318 2470 2540 2541 quidem
2598 2467 2940 2530 honorabile,
2990 2465 3044 2520 in
3077 2463 3185 2519 alio
3213 2477 3346 2518 vero
3372 2475 3522 2515 non:

1942 2565 2040 2620 sed
2075 2564 2306 2633 integre.
2334 2561 2600 2632 perfecte,
2624 2570 2678 2615 et
2697 2559 2962 2615 omnibus
2997 2556 3175 2612 modis
3203 2552 3526 2610 honorabile

1943 2663 1998 2712 et
2030 2656 2400 2727 impollutam.
2475 2673 2494 2708 ι
2529 2653 2872 2710 Scortatores
2903 2660 3087 2706 autem
3140 2659 3198 2705 et
3251 2647 3526 2703 adulteros

1940 2748 2206 2821 iudicabit
2236 2747 2402 2803 Deus.
2441 2766 2461 2800 ›
2516 2747 2582 2802 Ει
2627 2746 2843 2803 merito.
2909 2744 3048 2798 Nam
3107 2741 3155 2797 si
3205 2739 3525 2810 coniugium

1945 2842 2272 2915 permissum
2301 2851 2469 2900 estet
2497 2841 2616 2896 sine
2639 2848 2869 2910 peccato
2893 2838 3022 2893 licet
3072 2835 3142 2892 ad
3199 2834 3524 2905 explendam

1944 2934 2468 3006 concupiscentiam,
2494 2933 2618 3004 quis
2653 2933 2757 2988 erit
2808 2928 3178 2987 excusationis
3233 2934 3526 2997 praetextas

1947 3026 2342 3085 seortatoribus
2368 3034 2426 3080 et
2451 3023 2715 3080 adulteris
2741 3023 2765 3077 ι
2794 3042 2814 3076 ι
2847 3022 2971 3077 Sint
3017 3035 3197 3077 mores
3233 3017 3396 3074 alieni
3453 3017 3536 3070 ab-

1949 3117 2198 3174 avaritia.
2234 3135 2253 3170 ι
2291 3115 2412 3170 Non
2440 3115 2577 3170 dixit
2601 3113 2740 3168 nihil
2764 3113 3159 3182 acquirendo
3181 3125 3330 3172 esse,
3362 3109 3536 3177 idque

255 3203 518 3275 ἁρπαγὴν
571 3203 683 3258 τῶν
709 3205 1062 3276 ὑπαρχόντων
1101 3207 1258 3278 ὑμῶν
1289 3208 1427 3277 μετὰ
1457 3209 1633 3279 χαρᾶς
1665 3224 1842 3280 προσ-

1949 3206 2300 3264 manifestum
2331 3213 2418 3260 est
2453 3220 2524 3260 ex
2549 3219 2614 3260 eo
2643 3202 2789 3273 quod
2817 3201 3132 3272 subjungit:
3165 3197 3420 3258 Contenti
3443 3197 3538 3254 his.

259 3295 567 3367 εδέξασθε),
590 3299 850 3368 παραινεῖ
869 3299 1053 3363 αὐτοῖς
1083 3299 1371 3370 ἀρκεῖσθαι
1397 3301 1509 3364 τοῖς
1542 3297 1836 3369 παροῦσινο

261 3389 347 3444 ινα
377 3389 457 3462 μὴ
479 3390 709 3457 εἴποιεν,
739 3391 921 3456 Ποίοις
947 3390 1248 3462 παροῦσιν;
1277 3391 1647 3462 Ἠρπάγημεν
1691 3391 1802 3464 γάρ
1822 3409 1838 3426 ·

262 3486 449 3554 φησίν·
469 3484 636 3538 Ἀλλὰ
651 3484 757 3539 κᾶν
778 3485 1089 3556 ἡρπάγητε,
1104 3485 1358 3552 δύνασθε,
1373 3487 1484 3548 τοῖς
1500 3485 1829 3555 ὑπομείνασι

264 3576 632 3649 βραχυτάτοις
651 3574 802 3631 οὖσιν
812 3577 1106 3648 ἀρκεῖσθαι
1128 3577 1219 3631 διὰ
1242 3576 1334 3630 τὸν
1351 3577 1577 3631 εἰπόντα
1591 3575 1746 3640 Θεὸν,
1764 3576 1841 3630 Οὐ

266 3665 336 3736 μή
355 3682 415 3718 σε
452 3663 591 3727 ἀνῶ,
622 3664 922 3731 τουτέστιν,
953 3666 1028 3719 Οὐ
1056 3666 1132 3737 μή
1161 3683 1222 3719 σε
1253 3665 1419 3730 ἐάσω,
1449 3665 1558 3720 οὐδ’
1587 3665 1648 3720 οὐ
1682 3666 1758 3736 μή
1785 3682 1845 3719 σε

264 3756 640 3827 ἐγκαταλίπω.
660 3774 684 3809 ι
716 3757 882 3811 Ὥστε
903 3756 1242 3830 θαρροῦντας
1265 3759 1416 3827 ἡμᾶς
1462 3757 1644 3825 λέγειν
1663 3773 1678 3788 ο
1712 3776 1734 3810 ι
1775 3759 1840 3812 Ei

265 3849 361 3904 οὐκ
389 3850 475 3921 ἑᾷ,
529 3848 654 3904 οὐδὲ
689 3847 1161 3919 ἑγκαταλιμπάνει
1195 3850 1226 3902 6
1274 3847 1428 3912 Θεὸς,
1474 3845 1840 3918 θαρροῦντας,

267 3941 418 4010 φησι,
436 3938 620 4009 λέγειν
647 3939 755 4012 χρὴ
781 3938 842 3994 τὸ
861 3938 954 3993 τοῦ
985 3938 1170 3993 Δαυίδ.
1219 3938 1282 3992 Ei
1302 3938 1411 4010 γὰρ
1435 3940 1464 3993 6
1483 3938 1615 4002 Θεὸς
1635 3937 1844 4010 βοηθεῖ,

268 4032 326 4084 οὗ
352 4031 433 4086 δεῖ
457 4031 604 4106 ὑπὲρ
650 4031 757 4086 τῶν
807 4030 1168 4105 ἁρπαζόντων
1194 4031 1230 4103 ἢ
1271 4031 1690 4103 ἐπηρεαζόντων
1753 4031 1844 4086 δε·

269 4122 524 4180 ὼικὲναι.

1945 3313 2067 3371 quia
2085 3297 2666 3366 adsunt,quzecunque
2686 3293 2777 3348 illa
2806 3291 3048 3352 iuerint:
3078 3290 3176 3346 sed
3207 3297 3266 3344 ut
3285 3288 3538 3347 animum

1947 3391 2248 3448 habeamus
2280 3387 2738 3459 philosolihicum,
2767 3393 2822 3444 et
2873 3399 2904 3440 a
2942 3383 3302 3456 pecuniarum
3343 3393 3536 3436 arnore

1947 3485 2206 3542 alienum.
2244 3501 2263 3534 ι
2311 3482 2434 3537 Non
2465 3481 2661 3536 desero
2713 3493 2894 3549 neque
2941 3477 3287 3545 derclinquo.
3327 3493 3348 3525 ι
3383 3473 3533 3538 Quo-

1947 3579 2096 3634 niam
2127 3576 2490 3647 direptionem
2521 3573 2665 3645 passi
2703 3581 2866 3628 erant
2921 3572 3071 3643 (nam
3125 3569 3225 3634 ait,
3254 3566 3532 3636 Direptio-

1948 3684 2076 3726 nem
2101 3668 2420 3723 facultatum
2451 3675 2756 3724 vestrarum
2795 3680 2921 3721 cum
2968 3662 3170 3734 gaudio
3218 3653 3553 3728 accepistis),

1950 3761 2275 3818 adhortatur
2304 3775 2401 3816 eos
2429 3769 2490 3816 ut
2520 3759 2606 3814 his
2640 3773 2762 3829 quae
2800 3757 3002 3813 adsunt
3021 3753 3267 3812 contenti
3297 3752 3429 3807 sint.
3451 3748 3536 3804 Ne

1948 3860 2133 3908 autem
2162 3850 2347 3906 dicere
2369 3849 2605 3920 possint,
2641 3847 2904 3915 Quaenam
2932 3846 3135 3906 adsunt
3163 3843 3348 3908 nobis,
3401 3853 3536 3916 cum

1947 3944 2312 4015 direptionem
2341 3945 2488 4013 passi
2519 3941 2724 4006 simus?
2756 3939 2863 3996 ait;
2882 3937 2991 3994 Sed
3014 3937 3118 3994 etsi
3155 3935 3318 4006 passi
3348 3933 3534 4002 estis).

1951 4036 2298 4108 paucissimis
2321 4035 2409 4090 his
2423 4049 2544 4104 quae
2567 4037 2950 4088 remanserunt
3001 4028 3234 4098 potestis
3249 4039 3378 4082 esse
3406 4038 3540 4080 cou-

1950 4125 2114 4192 tenti,
2149 4133 2376 4196 prapter
2403 4125 2581 4179 Deum.
2604 4119 2702 4190 qui
2727 4117 2906 4186 dixit:
2933 4115 3058 4173 Non
3093 4114 3398 4178 tedesero,
3432 4111 3540 4166 hoc

272 4227 371 4284 est,
394 4235 506 4275 non
536 4226 589 4274 te
619 4218 883 4274 deseram
925 4233 1104 4290 neque
1143 4225 1197 4275 te
1235 4217 1635 4288 derelinquam.
1671 4217 2127 4283 «Utconildentes
2152 4218 2424 4274 dicamus.
2449 4237 2468 4271 ι
2501 4215 2558 4272 Si
2582 4229 2694 4271 non
2754 4211 2960 4269 deserit
3011 4223 3114 4266 nos
3149 4207 3317 4276 Deus,
3358 4217 3539 4274 neque

272 4312 616 4383 derelinquit.
655 4311 996 4368 conﬁdenses
1049 4312 1235 4368 dicere
1271 4320 1490 4382 oportet
1534 4310 1669 4368 illud
1706 4311 1856 4383 quod
1909 4312 1987 4369 ait
2017 4311 2208 4370 David.
2262 4311 2406 4369 Nam
2455 4310 2502 4370 si
2548 4309 2696 4364 Deus
2721 4304 2925 4364 auxilio
2979 4311 3086 4369 est,
3140 4315 3254 4364 non
3319 4296 3541 4368 oportet

275 4415 522 4478 raptores
555 4413 655 4461 aut
703 4404 1126 4463 calumniatores
1159 4411 1426 4461 metuere.

337 4457 763 4568 ἱινημεῖοεῖιέετῖ
772 4457 783 4459 ἡ
799 4457 1340 4564 ὶῶν”ήγοὶ›μὶᾷρὶ.›ξο’
1366 4457 1577 4564 ὑμῶν,
1623 4493 1842 4561 οττινες

2022 4457 2167 4562 XIII,
2215 4491 2336 4548 7-8.
2394 4490 2654 4546 Memora
2697 4494 2862 4543 estote
2908 4498 3094 4546 eorum
3149 4481 3240 4553 qui
3301 4482 3543 4550 prterunt

272 4590 585 4660 ἐλάλησαν
597 4587 741 4659 ὑμῖν
762 4587 872 4642 τὸν
903 4588 1093 4656 λόγον
1124 4585 1230 4641 τοῦ
1266 4581 1568 4642 «980ῦέον
1592 4586 1855 4642 ἀναθεω-

271 4684 518 4753 ροῦντες
560 4681 678 4752 τὴν
699 4681 957 4736 ἔκϐασιν
979 4677 1095 4748 τῆς
1123 4679 1538 4750 ἀναστροφῆς,
1578 4679 1856 4750 μιμεῖσθε

277 4775 386 4845 τὴν
410 4776 639 4830 πίστιν.
689 4771 936 4842 Ἰησοῦς
967 4771 1221 4840 Χριστὸς
1249 4772 1393 4842 χθὲς
1418 4771 1518 4826 και
1555 4770 1848 4842 σήμερον,

278 4867 310 4919 ό
331 4865 514 4932 αὐτὸς
554 4865 654 4920 και
687 4865 776 4931 εις
807 4863 953 4930 τοὺς
1002 4862 1254 4928 αἰῶνας.

347 4953 773 5027 «Μνημονεύετε
819 4953 929 5008 τῶν
971 4953 1313 5025 ἡγουμένων.
1347 4970 1367 5003 ι
1429 4951 1553 5006 Τῶν
1600 4951 1859 5007 διδασκάο

279 5047 400 5104 λων.
433 5067 453 5102 ι
476 5043 580 5102 *Ων
612 5044 1076 5117 ἀναθεωροῦντες.
1097 5063 1116 5098 ι
1147 5043 1642 5113 Ἀναλογιζόμενοι,
1671 5042 1858 5108 ἐξετά-

281 5139 484 5205 ζοντες.
509 5138 748 5193 Δύναται
779 5136 938 5191 τοῦτο
966 5135 1061 5190 καὶ
1094 5135 1227 5204 περὶ
1276 5133 1744 5204 τετελευτηκότων
1787 5133 1860 5187 ει-

283 5233 495 5304 ρῆσθαι,
518 5230 758 5302 καὶπερὶ
780 5227 1024 5294 ζώντων.
1048 5223 1531 5296 Τετελευτηκότων
1552 5223 1654 5295 μέν
1676 5239 1689 5253 ·
1713 5221 1858 5276 Θεω-

283 5327 519 5400 ροῦντες,
556 5325 713 5397 φησι,
753 5321 871 5386 πῶς
900 5319 1170 5390 ἐξέϐησαν
1223 5318 1314 5372 τὸν
1372 5317 1510 5388 βίον,
1543 5315 1676 5387 ποίᾳ
1721 5316 1858 5370 ἀνα-

285 5421 488 5492 στροφῇ
508 5418 812 5490 ἐχρήσαντο
828 5415 886 5468 ὲν
908 5412 986 5484 τῷ
1003 5413 1214 5483 κόσμῳ,
1243 5409 1506 5480 μέμεισθε
1527 5410 1627 5480 τὴν
1649 5406 1856 5462 πίστιν.

285 5513 342 5566 Εἰ
364 5513 474 5583 γὰρ
498 5512 572 5582 μὴ
602 5508 931 5561 ιπιστευσαν
953 5506 1153 5560 ἐκεῖνοι
1179 5503 1294 5566 τοῖς
1320 5501 1631 5574 μέλλουσιν,
1660 5499 1764 5553 οὐκ
1790 5499 1858 5556 ἂν

285 5605 508 5675 ἀρίστην
541 5601 890 5668 ἐπεδείξαντο
941 5596 1244 5652 πολιτείαν.
1297 5595 1434 5666 Περὶ
1499 5592 1720 5660 ζώντων
1747 5592 1806 5646 δέ
1835 5608 1852 5623 ο

286 5697 656 5771 Θεωροῦντες,
690 5695 850 5767 φησι,
887 5694 1004 5760 πῶς
1036 5692 1412 5764 διεξέρχονται
1447 5689 1636 5755 καλῶς
1663 5686 1764 5760 τὴν
1797 5689 1857 5742 ἐν

356 5874 548 5933 "Gen.
569 5890 730 5944 xvm,
758 5874 960 5948 lscqq.

1952 4586 2118 4653 vobis,
2148 4586 2240 4658 qui
2277 4583 2438 4640 locuti
2482 4591 2604 4639 sunt
2631 4580 2773 4636 vobis
2810 4592 3104 4634 sermonem
3135 4572 3258 4637 Dei,
3316 4587 3543 4644 quarunt

1953 4678 2234 4735 imitemini
2281 4677 2460 4748 ﬁdem,
2512 4673 2904 4730 considerantes
2974 4668 3092 4738 quis
3154 4665 3313 4736 fuerit
3371 4664 3544 4717 exitus

1954 4768 2361 4826 conuersationis
2392 4766 2631 4821 illorum.
2671 4760 2828 4816 Jesua
2865 4757 3103 4816 Christus
3132 4756 3243 4810 heri
3286 4763 3335 4808 et
3363 4754 3540 4818 hodie.

1953 4867 2095 4920 idem
2124 4863 2289 4917 etiam
2320 4861 2378 4914 in
2409 4856 2628 4914 sarcula.

2037 4975 2056 5010 ι
2102 4955 2371 5011 Memores
2420 4957 2598 5008 estote
2641 4961 2833 5004 eorum
2881 4945 2974 5016 qui
3010 4950 3250 5016 praesunt
3306 4936 3482 4992 vobis.
3520 4955 3540 4990 ι

1958 5044 2390 5116 Ρταιοεριοῐιιιη.
2451 5058 2470 5092 ι
2530 5037 2782 5104 Quorum
2833 5033 3042 5089 exitum
3104 5025 3544 5087 conversationis

1957 5135 2392 5194 considerantes.
2431 5148 2451 5184 ι
2490 5129 2548 5186 id
2577 5136 2683 5194 est,
2714 5125 3110 5197 expendentes,
3144 5119 3542 5178 examinantcs.

1957 5233 2147 5288 Potest
2169 5229 2274 5285 hoc
2301 5236 2356 5283 et
2379 5226 2446 5283 de
2484 5222 2717 5280 mortuis
2757 5221 2968 5278 dictum
2996 5233 3120 5275 esse
3165 5225 3222 5273 et
3277 5215 3346 5272 de
3385 5213 3542 5269 vivis.

1963 5324 2042 5380 De
2067 5319 2298 5378 mortuis
2325 5317 2577 5390 quidem:
2601 5313 3032 5371 Considerantes
3058 5307 3331 5381 quomodo
3367 5316 3540 5362 trans-

1965 5415 2180 5487 egerint
2263 5412 2470 5476 vitam,
2537 5422 2645 5480 qua
2695 5404 3112 5462 conversatione
3177 5399 3260 5456 usi
3320 5397 3431 5453 sint
3484 5395 3542 5452 in

1964 5486 2192 5571 mundo,
2245 5501 2532 5559 imitemini
2582 5500 2768 5555 ﬁdem.
2830 5496 2950 5554 Nisi
2998 5494 3144 5549 enim
3200 5491 3277 5546 illi
3341 5486 3543 5543 futuris

1963 5598 2344 5660 credidissent,
2371 5594 2531 5668 431
2583 5591 2845 5662 optimam
2903 5582 3374 5644 conversationem
3430 5593 3539 5633 non

1965 5685 2365 5745 exhibuissent.
2414 5683 2489 5738 De
2517 5680 2653 5738 vivis
2692 5686 2916 5735 autem:
2973 5670 3400 5729 Cunsidcrantcs
3425 5681 3539 5742 quo
