3850 6600
387 403 493 467 Η3

1427 406 1830 469 (ECUMENII
1858 405 2156 469 TRICCIE
2192 407 2534 471 EPISCOPI

3566 411 3670 472 HI

392 519 555 576 Ittodo
618 521 1096 579 conversationem
1157 522 1213 578 in
1259 522 1371 578 vita
1437 530 1590 578 recte
1645 522 1976 594 transigant,

2103 522 2315 595 τῷο,βίῳ
2361 524 2736 596 ἀναστροφὴν,
2773 527 3012 596 μιμηταὶ
3049 527 3266 594 γίνεσθε
3306 527 3404 597 τῆς
3439 529 3675 588 πίστεως

391 612 698 669 imitatores
733 624 908 671 estote
938 616 1062 672 tidei
1098 615 1338 672 illorum.
1382 633 1402 668 ι
1433 615 1569 683 Quis
1596 615 1762 672 fuerit
1792 616 1980 672 exitus

392 706 844 770 conversationis.
899 726 920 761 ι
957 707 1093 775 Quae
1142 709 1357 764 vivendi
1435 725 1630 765 norma
1687 723 1861 779 usque
1910 709 1980 765 ad

393 797 578 853 ﬁnem.
615 817 636 852 ι
669 798 829 857 Iesus
851 801 1104 857 Christus
1126 802 1242 858 beri
1275 812 1330 858 et
1359 802 1540 860 hodie.
1584 822 1605 856 ι
1639 801 1808 858 Erant
1837 818 1980 859 non-

396 891 528 948 nulli
553 893 700 963 apud
735 909 833 950 eos
849 893 943 965 qui
977 894 1259 950 dicerent:
1307 895 1359 952 Is
1408 896 1504 967 qui
1551 896 1846 953 cruciﬁxus
1871 906 1978 964 est,

395 999 504 1040 non
535 994 621 1040 est
655 985 702 1042 is
726 986 820 1056 qui
842 986 1202 1043 annuntiatus
1259 997 1346 1044 est
1376 998 1432 1044 et
1481 989 1575 1059 qui
1628 997 1983 1058 exspectatur

392 1077 646 1136 Christus
691 1097 706 1133 :
759 1077 902 1134 alius
921 1079 1126 1136 veniet.
1182 1081 1312 1137 Ideo
1329 1081 1436 1137 ait:
1469 1099 1488 1134 ι
1527 1079 1692 1138 Iesus
1729 1082 1984 1140 Christus

394 1169 512 1226 heri
550 1179 608 1225 et
628 1169 813 1237 hodie,
849 1171 992 1228 idem
1027 1174 1193 1229 etiam
1226 1175 1284 1229 in
1305 1175 1542 1230 smnia:
1579 1194 1599 1228 ι
1632 1191 1730 1246 per
1750 1175 1806 1231 id
1833 1177 1984 1246 quod

393 1261 491 1328 ait,
522 1262 677 1329 Heri,
708 1262 1024 1335 signiﬁcans
1076 1268 1356 1338 praeterita
1385 1270 1619 1336 sarcula;
1652 1284 1751 1339 per
1787 1268 1983 1337 Hodie,

393 1354 716 1424 praesentia;
737 1371 838 1428 per
864 1356 916 1413 id
942 1359 1090 1428 quod
1113 1361 1396 1432 sequitur:
1421 1381 1442 1415 ι
1466 1363 1610 1418 Idem
1627 1361 1792 1418 etiam
1813 1361 1865 1416 in
1883 1377 1985 1418 ste-

399 1446 548 1534 cula,
579 1464 598 1497 ι
636 1446 847 1504 futura.
879 1448 1163 1522 Tanquam
1204 1454 1445 1511 diceret:
1475 1455 1596 1512 Non
1627 1455 1810 1512 veniet
1841 1456 1986 1514 alius

393 1536 666 1595 Christus.
693 1537 830 1596 Nam
861 1542 953 1614 qui
1007 1544 1176 1612 venit,
1228 1546 1376 1604 idem
1433 1548 1525 1604 hic
1561 1556 1646 1606 est
1689 1549 1782 1620 qui
1829 1549 1986 1622 prius

396 1638 536 1699 erat,
561 1638 620 1688 et
656 1641 761 1702 est,
783 1644 839 1690 et
861 1635 968 1693 erit
993 1637 1048 1692 in
1074 1639 1296 1697 saecula.

987 1831 1219 1890 CAPUT
1258 1833 1400 1892 XXI.

402 1987 477 2043 De
507 2004 612 2044 non
637 1990 854 2074 υῑρεηάο
879 1995 1178 2074 carnaliter
1193 1998 1357 2074 juxta
1392 1999 1579 2074 legem
1610 2004 1704 2058 sed
1725 2003 1990 2074 spiritua-

676 2061 797 2116 liter
820 2067 1105 2121 secundum
1139 2061 1408 2125 Christum
1441 2061 1497 2126 in
1527 2061 1737 2130 virtute.

472 2172 615 2242 XIII,
639 2174 794 2230 9-H.
827 2175 1093 2233 Doctrinis
1121 2181 1284 2235 uariis
1335 2197 1399 2237 ac
1447 2185 1757 2256 peregrinis.
1797 2203 1861 2242 ne
1887 2189 1992 2244 cir-

398 2265 795 2335 cumferamini.
845 2265 1055 2324 Bonum
1100 2280 1176 2326 est
1228 2274 1371 2328 enim
1426 2277 1603 2345 gratia
1661 2280 1993 2336 constabiliri

397 2368 511 2420 cor,
541 2372 647 2410 non
665 2358 818 2422 escis,
842 2375 960 2430 qua
1014 2377 1118 2414 non
1143 2363 1456 2433 profuerunt
1517 2367 1584 2420 iis
1644 2369 1734 2437 qui
1791 2373 1990 2428 versati

398 2458 518 2501 sunt
541 2449 599 2502 in
627 2449 755 2504 illis.
801 2451 1068 2509 Habemus
1121 2454 1320 2520 altare,
1370 2458 1434 2512 de
1471 2475 1576 2528 qua
1625 2477 1732 2514 non
1773 2473 1851 2518 est
1905 2466 1990 2536 fas

398 2539 554 2594 edere
574 2541 640 2594 iis
675 2543 765 2612 qui
801 2542 1147 2600 tabernaculo
1173 2548 1429 2603 serviunt.
1467 2551 1797 2608 Animalium
1849 2558 1989 2611 enim

399 2646 625 2702 quorum
650 2635 870 2706 sanguis
897 2637 1133 2706 infertur
1171 2656 1268 2709 pro
1326 2652 1539 2709 peccato
1573 2644 1629 2696 in
1682 2657 1869 2702 sancta
1897 2665 1991 2718 per

398 2721 726 2790 pontiﬁcem,
781 2724 970 2780 Iterum
1025 2741 1247 2796 corpora
1321 2739 1632 2785 cremantur
1696 2743 1847 2788 extra
1900 2752 1990 2789 ca-

395 2823 533 2871 “Ia.

474 2944 496 2982 ι
527 2927 805 2988 Ioctrinis
838 2933 1029 2990 variis.
1069 2953 1088 2987 ι
1136 2936 1431 3006 Doctrinis,
1466 2940 1662 3011 inquit,
1687 2957 1812 3013 quae
1859 2954 1991 3000 sunt

399 3019 471 3077 de
506 3021 779 3093 dogmatis
829 3027 1064 3082 diversis
1092 3036 1190 3082 aut
1241 3031 1566 3102 peregrinis,
1625 3049 1695 3088 ne
1742 3037 1989 3090 attrahao

398 3114 555 3170 mini.
580 3116 764 3173 Unum
791 3119 939 3173 enim
961 3128 1047 3174 est
1069 3120 1322 3191 idemque
1352 3125 1669 3192 praeclarum
1694 3137 1750 3182 et
1776 3127 1990 3199 insigne

2017 1905 2070 1966 Β

2089 616 2291 671 αὐτῶν.
2333 635 2352 670 ι
2382 616 2496 688 Τὴν
2525 617 2754 672 ἔκϐασιν
2775 618 2874 688 τῆς
2909 620 3283 691 ἀναστροφῆς.
3321 641 3340 672 ι
3383 619 3500 692 Τὴν
3551 622 3678 690 ἄχρι

2091 707 2280 774 τέλους
2321 709 2623 765 πολιτείαν.
2657 729 2676 762 ι
2715 709 2924 782 Ἰησοῦς
2955 713 3192 784 Χριστὸς
3224 713 3349 783 χθὲς
3373 715 3470 766 καὶ
3513 714 3676 781 σήμε-

2095 820 2208 874 ρον.
2240 821 2258 855 ι
2293 797 2476 857 Ἦσάν
2502 820 2650 867 τινες
2686 803 2819 873 παρ’
2853 804 3038 868 αὐτοῖς
3077 804 3346 872 λέγοντες,
3372 806 3491 858 Οὐκ
3535 806 3681 858 Este;

2091 894 2493 967 ὀσταυρωθεὶς,
2533 896 2561 948 ὁ
2599 897 3046 967 κατηγγελμένας
3076 901 3170 951 καὶ
3190 897 3683 970 προσδοσκὼμεντς

2094 985 2354 1058 Χριστός.
2383 987 2598 1054 Ἀλλος,
2627 989 2814 1058 φασιν,
2863 990 3006 1060 ἥξει.
3051 992 3144 1045 Διό
3184 1009 3373 1062 φησιν,
3415 1011 3434 1043 ι
3475 990 3685 1060 Ἰησοῦς

2092 1078 2330 1150 Χριστὸς
2356 1078 2484 1150 χθὲς
2531 1081 2624 1134 καὶ
2677 1085 2919 1154 σήμερον
2952 1084 2980 1136 ό
3040 1085 3225 1150 αὐτὸς,
3275 1085 3370 1137 καὶ
3419 1086 3502 1146 είς
3558 1085 3685 1148 τοὺς

2093 1169 2318 1231 αἰῶνας.
2362 1188 2381 1222 s
2423 1170 2522 1224 Διά
2553 1171 2646 1224 τοῦ
2670 1172 2833 1237 Χθὲς,
2865 1175 2989 1238 τοὺς
3013 1175 3460 1246 παρεληλυθότας
3478 1173 3684 1237 αἰῶνας

2091 1259 2302 1330 δηλῶν*
2341 1259 2434 1316 διὰ
2461 1261 2578 1327 τοῦ,
2616 1265 2884 1336 Σήμερον,
2906 1268 3034 1331 τοὺς
3067 1268 3369 1331 ἐνεστῶτας
3394 1285 3410 1299 ι
3440 1267 3532 1320 Sta
3563 1265 3682 1330 τοῦ,

2100 1369 2120 1403 ι
2152 1353 2212 1406 '0
2238 1353 2401 1418 αὐτὸς
2431 1354 2528 1408 καὶ
2577 1358 2658 1420 εἰς
2689 1358 2816 1422 τοὺς
2859 1360 3086 1424 αἰῶνας,
3128 1379 3147 1413 ι
3169 1360 3297 1424 τοὺς
3362 1360 3683 1431 μέλλοντας.

2105 1445 2195 1509 Ὠς
2213 1448 2262 1501 εί
2282 1441 2435 1502 εἷπεν
2453 1463 2468 1480 ο
2493 1451 2606 1522 οὐχ
2630 1452 2751 1523 ἣξει
2781 1453 2968 1524 ἕτερος
2997 1453 3253 1524 Χριστός.
3271 1453 3332 1507 '0
3349 1453 3459 1524 γάρ
3488 1452 3684 1511 ἐλθὼν.

2091 1532 2248 1605 οὗτός
2300 1544 2449 1599 ἔστιν
2474 1543 2533 1609 ὃς
2574 1545 2772 1618 προῆν,
2819 1547 2913 1601 καὶ
2961 1548 3075 1601 ἔστι
3114 1548 3210 1602 καὶ
3242 1547 3398 1602 ἔσται
3444 1549 3525 1610 είς
3557 1547 3685 1608 τοὺς

2094 1633 2316 1698 αἰῶνας.

2672 1837 2925 1895 ΚΕΦΑΔ.
2981 1839 3109 1895 KA'.

2095 1986 2237 2060 Περὶ
2268 1988 2374 2045 τοῦ
2401 1989 2489 2060 μὴ
2518 1991 2869 2062 σωματικῶς
2897 1990 3006 2061 ζῆν
3057 1993 3214 2048 κατὰ
3261 1993 3473 2062 νόμον,
3524 1991 3687 2049 dua

2277 2060 2694 2131 πνευματικῶς
2721 2062 2876 2119 κατὰ
2903 2060 3166 2132 Χριστὸν
3195 2063 3267 2118 ἐν
3292 2060 3501 2135 ἀρετῇ.

2163 2171 2447 2242 Διδαχαῒς
2489 2175 2797 2244 ποικίλαις
2840 2177 2941 2232 καὶ
2964 2177 3169 2245 ξέναις
3210 2178 3299 2250 μὴ
3347 2179 3688 2250 παραφέρε-

2094 2263 2226 2316 σθε.
2260 2261 2464 2317 Καλὸν
2493 2262 2604 2336 τὰρ
2625 2264 2819 2334 χάριτι
2842 2267 3242 2332 βεϐαιοῦσθαι
3266 2267 3384 2337 τὴν
3408 2269 3686 2338 καρδίαν,

2093 2354 2166 2408 οὐ
2188 2354 2528 2425 βρώμασιν,
2564 2357 2636 2412 ἐν
2662 2355 2754 2426 οἷς
2779 2361 2891 2414 οὐκ
2918 2359 3331 2430 ὠφελήθησαν
3357 2364 3413 2415 οι
3435 2374 3692 2429 περιπα-

2093 2445 2414 2515 τήσαντες.
2465 2450 2730 2521 Ἔχομεν
2775 2453 3218 2522 θυσιαστήριον
3243 2454 3313 2518 ἐξ
3343 2450 3416 2510 οὗ
3467 2454 3691 2523 φαγεῖν

2091 2541 2204 2593 οὐκ
2237 2539 2494 2610 ἔχουσιν
2510 2543 2804 2608 ἐξουσίαν
2831 2547 2887 2600 οι
2911 2545 2986 2615 τῇ
3025 2546 3230 2615 σκηνῇ
3257 2548 3686 2616 λατρεύοντες.

2092 2623 2206 2684 Ὧν
2244 2631 2353 2701 γὰρ
2380 2635 2717 2702 εἰσφέρεται
2745 2635 2902 2696 ζώων
2930 2636 2996 2690 τὸ
3024 2632 3170 2706 αἷμα
3207 2637 3344 2704 περὶ
3393 2638 3690 2706 ἁμαρτίας

2091 2723 2179 2788 εὶς
2203 2721 2276 2777 τὰ
2302 2723 2441 2792 ἅγια
2474 2724 2574 2780 διὰ
2602 2725 2708 2782 τοῦ
2735 2725 3080 2797 ἀρχιερέως,
3121 2729 3355 2782 τούτων
3383 2729 3455 2783 τὰ
3482 2727 3690 2797 σῶμα·

2093 2830 2164 2867 τα
2196 2817 2582 2874 κατακαίεται
2609 2819 2728 2886 ἔξω
2749 2819 2862 2888 τῆς
2898 2821 3308 2892 παρεμϐολῆς.

2168 2945 2188 2980 ι
2222 2929 2476 3000 Διδαχαῖς
2503 2931 2796 2994 ποικίλαις.
2837 2951 2857 2983 ι
2909 2932 3318 2996 Διδασκαλίαις,
3364 2933 3526 3002 φησι,
3569 2935 3693 2996 ταῖς

2093 3016 2234 3089 ὑπὲρ
2247 3017 2558 3089 δογμάτων.
2581 3021 2720 3092 μήτε
2741 3021 3021 3092 διαφόροις
3041 3024 3180 3093 μήτε
3205 3023 3384 3087 ξέναις
3402 3023 3697 3093 παρασύρ-

2091 3110 2348 3169 εσθε.Ἒν
2377 3113 2486 3184 γάρ
2515 3114 2634 3168 ἐστι
2668 3116 2760 3168 καὶ
2787 3117 2917 3168 αὐτὸ
2938 3116 3216 3186 γνώριμον
3235 3116 3296 3169 τὸ
3317 3115 3522 3185 δόγμαο
3549 3114 3615 3167 es
3638 3115 3694 3168 δὲ

399 3209 617 3282 dogma.
641 3211 998 3269 Circumferrl
1029 3227 1214 3269 autem
1245 3216 1451 3271 dictum
1483 3229 1588 3284 est,
1615 3235 1643 3273 a
1666 3223 1987 3292 metaphora

2103 3207 2542 3280 παραφέρεσθαι,
2568 3209 2676 3262 ἀπὺ
2698 3211 3014 3281 μεταφορᾶς
3029 3209 3140 3263 τῶν
3167 3207 3537 3280 μαινομένων,
3581 3209 3694 3264 τῶν

396 3316 596 3358 eorum
623 3304 720 3375 qui
749 3305 1059 3365 insaniunt.
1083 3308 1175 3378 qui
1211 3308 1318 3363 huc
1345 3319 1399 3365 et
1435 3310 1564 3366 illuc
1595 3312 1991 3370 circumferun-

402 3402 511 3450 tur.
553 3413 576 3448 ι
615 3395 826 3452 Bonum
876 3406 963 3454 est
1025 3399 1174 3454 enim
1233 3401 1426 3471 gratia.
1475 3421 1494 3454 ι
1549 3403 1833 3474 Siquidem
1892 3423 1990 3462 cor

401 3486 523 3553 Dei,
579 3487 750 3559 gratia
803 3489 1195 3545 conﬁrmatum
1250 3492 1318 3546 ad
1370 3492 1556 3559 ﬁdem,
1607 3511 1789 3566 neque
1843 3497 1995 3553 varia

403 3593 587 3649 neque
615 3581 904 3652 peregrina
956 3581 1300 3638 circumferri
1353 3593 1531 3654 potest
1579 3587 1851 3653 doctrina,
1903 3591 1996 3647 sed

332 3682 340 3688 ·
402 3670 551 3738 quod
610 3679 822 3727 rectum
857 3681 942 3728 est
996 3688 1218 3744 semper
1271 3675 1498 3732 tenebit.
1539 3697 1559 3729 ι
1599 3675 1719 3734 Non
1769 3681 1933 3735 escis.
1973 3701 1992 3734 ι

405 3760 540 3816 Fide
603 3761 771 3834 igitur
840 3780 963 3835 qua:
1035 3781 1135 3836 per
1211 3766 1307 3823 Dei
1383 3769 1614 3840 gratiam
1689 3781 1998 3841 operatur,

403 3853 568 3926 533
595 3871 736 3926 opus
760 3858 1203 3914 estconstabiliri
1233 3875 1353 3926 cor,
1395 3876 1509 3916 non
1553 3864 1890 3918 constabiliri
1929 3866 1998 3922 ad

404 3947 848 4006 observationem
902 3951 1173 4008 ciborum.
1206 3950 1342 4008 Nam
1371 3953 1462 4024 qui
1495 3954 1552 4010 in
1589 3955 1707 4012 istis
1733 3957 1997 4013 observa-

407 4039 652 4096 tionibus
684 4051 996 4110 versantur,
1055 4045 1162 4101 hoc
1209 4055 1316 4109 est.
1361 4045 1456 4116 qui
1499 4061 1595 4102 eas
1653 4049 1995 4114 custodiunt,

407 4133 545 4190 nihil
565 4135 635 4190 ab
657 4135 792 4207 ipsis
811 4136 1102 4208 iuvantur.
1128 4137 1318 4195 Innuit
1345 4149 1530 4195 autem
1555 4141 1822 4212 quosdam
1854 4141 1999 4212 apud

408 4225 558 4296 ipsos
596 4243 741 4293 esse,
794 4230 890 4300 qui
947 4245 1101 4286 more
1152 4228 1384 4288 Iudaico
1427 4232 1676 4288 ciborum
1723 4233 1996 4289 delectum

407 4319 789 4380 observarent.
822 4341 841 4376 ι
871 4320 1151 4378 Habemus
1177 4323 1370 4380 altare.
1412 4342 1430 4376 ι
1469 4323 1740 4391 Quoniam
1785 4325 2002 4382 dixerat

406 4414 551 4484 quod
575 4429 684 4470 non
707 4425 960 4486 oporteat
980 4415 1283 4471 observare
1313 4415 1490 4482 cibos,
1517 4431 1587 4471 ne
1613 4417 1998 4476 existimarent

406 4507 841 4579 contemptibilia
879 4523 1003 4564 esse
1039 4517 1248 4572 nostra,
1283 4522 1351 4564 eo
1380 4509 1525 4579 quod
1557 4509 1693 4564 nihil
1742 4511 2000 4566 observa-

2097 3303 2228 3373 τῇδε
2251 3301 2477 3356 κάκεῖσε
2525 3303 3025 3374 παραφερομένων,
3045 3303 3284 3374 εἴρηται.
3322 3322 3340 3356 ι
3369 3303 3550 3356 Καλὸν
3583 3305 3693 3374 γάρ

2098 3394 2302 3466 χάριτι.
2335 3412 2354 3447 ι
2399 3397 2466 3448 Ἦ
2491 3395 2601 3466 γὰρ
2617 3397 2802 3465 χάριτι
2855 3396 2994 3450 Θεοῦ
3025 3396 3392 3468 βεϐαιουμένη
3423 3396 3567 3468 πρὸς
3596 3397 3695 3466 τὴν

2101 3487 2285 3542 πίστιν
2311 3488 2529 3560 καρδία,
2557 3487 2680 3542 οὔτε
2719 3488 2846 3559 ξένη
2871 3487 2996 3542 οὔτε
3044 3489 3266 3562 ποικίλῃ
3315 3488 3694 3559 παρενεχθείη

2099 3577 2440 3650 διδασκαλία,
2475 3577 2610 3632 ἀλλὰ
2663 3580 2763 3650 τὴν
2806 3579 2976 3649 ὀρθὴν
3007 3580 3260 3650 τηρήσει.
3299 3599 3318 3631 ι
3350 3581 3426 3633 Οὐ
3458 3579 3696 3651 βρώμαο

2102 3690 2207 3726 σιν.
2241 3692 2259 3724 ι
2311 3674 2400 3725 Ἐν
2433 3675 2500 3744 τῇ
2527 3672 2710 3726 πίστει
2735 3673 2829 3726 οὖν
2853 3677 2919 3744 τῇ
2948 3673 3037 3727 δια
3074 3675 3299 3743 χάριτος
3339 3672 3478 3726 Θεοῦ
3533 3673 3699 3744 ὲνερς

2099 3766 2346 3837 γουμένῃ
2377 3765 2459 3820 δεῖ
2496 3763 2848 3836 βεϐαιοῦσθαι
2894 3765 2993 3837 τὴν
3034 3766 3287 3836 καρδίαν,
3322 3763 3384 3818 οὗ
3426 3765 3541 3836 μὴν
3603 3763 3693 3835 ﬁs-

2101 3857 2387 3912 δαιοῦσθαι
2419 3857 2560 3930 προς
2599 3860 2988 3930 παρατήρητιν
3015 3857 3344 3929 βρωμάτων.
3378 3858 3441 3912 0i.
3472 3856 3590 3927 γὰρ
3618 3859 3698 3921 εἰς

2099 3950 2200 4012 τάς
2228 3952 2649 4021 παρατηρήσεις
2673 3950 2880 4014 ταύτας
2905 3949 3357 4021 περιπατοῦντες,
3380 3950 3698 4013 τουτέστιν,

2099 4041 2153 4094 oi
2177 4041 2386 4107 ταύτας
2415 4043 2800 4112 φυλάττοντες,
2827 4041 2980 4096 οὐδὲν
2998 4041 3057 4106 ἐξ
3080 4042 3262 4096 αὐτῶν
3292 4041 3694 4111 ὠφελήθησαν.

2099 4135 2408 4189 Δίνίττεται
2437 4136 2493 4190 δέ
2526 4153 2676 4200 τινας
2710 4138 2839 4207 παρ’
2869 4137 3056 4199 αὐτοῖς
3077 4135 3485 4208 ἔθειίουδαῖκῷ
3517 4154 3703 4208 παρα-

2099 4227 2473 4301 τηρουμένους
2492 4230 2560 4282 τὰ
2588 4227 2876 4300 βρώματα.
2909 4247 2930 4281 ι
2956 4227 3196 4299 Ἕχομεν
3229 4230 3647 4300 θυσιαστήριον.
3675 4249 3693 4281 s

2099 4320 2322 4394 Ἐπειδὴ
2355 4317 2508 4376 εἶπεν
2545 4321 2628 4375 δτι
2654 4321 2721 4376 οὐ
2750 4321 2855 4393 χρὴ
2903 4320 3346 4394 παρατηρεῖσθαι
3400 4323 3700 4393 βρώματι,

2103 4416 2193 4470 ἵνα
2227 4415 2304 4486 μὴ
2333 4415 2633 4487 νομίσωσιν
2661 4414 3121 4484 εὐκαταφρόνητα
3155 4411 3296 4468 εἶναι
3325 4415 3396 4469 τὰ
3439 4417 3702 4486 ἡμέτερα

2100 4507 2179 4578 τῷ
2211 4503 2356 4560 εἶναι
2401 4506 2830 4579 ἀπαρατῆρητα,
2857 4507 3012 4576 φησὶ,
3035 4506 3126 4577 Μὴ
3157 4505 3267 4577 γὰρ
3291 4509 3385 4560 καὶ
3410 4511 3581 4578 ἡμεῖς
3602 4510 3701 4560 οὐκ

407 4601 575 4659 tionis
602 4603 890 4668 haberent,
921 4602 998 4657 ait
1046 4618 1062 4658 :
1103 4602 1300 4657 Annon
1337 4611 1395 4658 et
1436 4615 1538 4658 nos
1586 4603 1992 4664 observationes

2103 4601 2302 4671 ἔχομεν
2331 4601 2751 4672 παρατηρήσεις
2776 4617 2790 4667 ;
2825 4600 2968 4654 ’Δλλ’
2993 4601 3053 4652 οὐ
3077 4598 3407 4671 βρωμάτων,
3437 4600 3580 4653 ἀλλά
3605 4599 3702 4653 τοῦ

409 4695 716 4753 habemus?
748 4696 983 4766 Utique:
1017 4705 1206 4752 atnon
1237 4694 1511 4758 ciborum,
1535 4694 1629 4749 sed
1663 4695 1858 4751 altaris
1898 4712 1997 4751 no-

409 4790 528 4846 stri.
553 4789 692 4845 Nam
728 4803 918 4844 eorum
953 4804 1076 4860 qua:
1105 4801 1274 4858 super
1307 4785 1441 4841 illud
1479 4795 1780 4856 ponuntur,
1816 4804 1996 4858 neque

411 4883 542 4954 ipsis
564 4883 877 4938 Iudaeorum
924 4881 1276 4954 pontiﬁcibus
1305 4881 1497 4935 liceret
1516 4895 1640 4936 esse
1673 4881 1992 4952 participes.

409 4975 473 5032 Ili
503 4975 652 5030 enim
692 4974 1064 5037 tabernaculo,
1123 4974 1227 5030 hoc
1275 4981 1378 5037 cst,
1430 4972 1616 5044 figurae
1663 4989 1728 5030 ac
1755 4976 1991 5042 umbrm,

406 5077 464 5122 et
489 5083 600 5121 non
663 5068 882 5124 veritati
937 5067 1203 5124 serviunt.
1261 5087 1281 5121 ‹
1317 5069 1394 5125 De
1445 5085 1562 5140 quo
1611 5085 1723 5126 non
1784 5080 1868 5126 est
1917 5070 1998 5126 fas

409 5160 596 5215 edere.
629 5179 646 5212 ι
705 5160 823 5215 Non
871 5160 1088 5232 qualia,
1140 5160 1339 5232 inquit,
1392 5171 1524 5219 sunt
1577 5161 1826 5226 Iudaica,
1871 5163 1998 5217 talia

409 5261 539 5309 sunt
560 5263 616 5308 et
653 5263 874 5311 nostra:
920 5253 1056 5309 adeo
1110 5263 1170 5310 nt
1214 5269 1285 5310 ne
1338 5255 1441 5326 ipsi
1502 5255 1722 5327 quidem
1783 5270 2002 5310 summo

410 5348 680 5404 sacerdoti
709 5347 790 5404 fas
820 5349 889 5405 sit
916 5350 1114 5405 horum
1161 5364 1286 5405 esse
1338 5349 1685 5420 participem.
1724 5366 1743 5399 ι
1779 5347 2004 5401 Anima-

413 5438 546 5494 lium
611 5440 759 5495 enim
815 5456 1046 5510 quorum
1109 5443 1332 5512 sanguis
1391 5440 1650 5496 infertur.
1711 5458 1729 5492 ι
1793 5436 2001 5494 Deinde

409 5533 652 5591 ostendit
685 5533 992 5588 veneranda
1010 5549 1131 5606 qua:
1159 5535 1302 5605 apud
1333 5533 1554 5590 Iudaeos
1583 5543 1760 5599 erant,
1785 5539 2002 5588 nostro-

413 5645 533 5684 rum
568 5628 737 5685 fuisse
767 5628 987 5701 ﬁguras,
1014 5639 1070 5686 et
1098 5629 1213 5685 ait:
1241 5627 1715 5696 Quemadmodum
1763 5626 1816 5680 in
1842 5625 1998 5682 victi-

417 5721 520 5776 mis
543 5738 665 5793 qua:
695 5739 793 5792 pro
819 5735 1046 5791 peccato
1077 5722 1475 5787 oﬂ'erebantur,
1505 5719 1728 5789 sanguis
1782 5719 2003 5788 quidem

417 5817 474 5872 in
511 5826 696 5873 sancta
723 5817 1066 5873 inferebatur
1096 5831 1194 5886 per
1250 5816 1583 5886 pontificem.
1621 5829 1822 5882 corpus
1877 5829 2005 5866 vero

419 5919 572 5966 extra
595 5919 775 5967 castra
806 5909 1188 5967 cremabatur:
1217 5907 1290 5963 ita
1311 5916 1366 5962 ct
1391 5906 1596 5964 Christi
1648 5905 1873 5979 sanguis
1909 5920 2007 5976 pro

2104 4693 2493 4764 θυσιαστηρίου
2522 4692 2698 4764 ἡμῶν.
2727 4693 2850 4747 Τῶν
2881 4694 2990 4763 γὰρ
3020 4693 3426 4764 ὲκείκειμένων
3447 4692 3573 4746 οὐδὲ
3606 4695 3702 4746 αὖα

2103 4789 2217 4849 τοῖς
2239 4788 2352 4848 τοῖς
2367 4787 2478 4838 τῶν
2509 4783 2779 4838 Ἰουδαίων
2802 4783 3153 4856 ἀρχιερεῦσιν
3176 4783 3353 4851 ἔξεστι
3378 4784 3701 4851 μετασχεῖν.

2105 4875 2268 4936 Οὗτοι
2317 4881 2428 4952 γὰρ
2459 4881 2509 4933 οι
2538 4883 2604 4949 τῇ
2639 4881 2835 4950 σκηνῇ,
2877 4873 2990 4932 οἷον
3028 4878 3106 4950 τῷ
3160 4879 3317 4947 τύπῳ
3344 4879 3440 4931 καὶ
3462 4879 3531 4949 τῇ
3573 4877 3703 4941 σκιᾷ

2107 4974 2202 5027 καὶ
2231 4973 2329 5026 οὐκ
2357 4971 2586 5045 ἀληθεία
2635 4972 3002 5036 δουλεύοντες.
3045 4991 3063 5024 ι
3106 4971 3196 5036 Ἐξ
3228 4964 3291 5024 οῦ
3340 4972 3544 5040 φαγεῖν
3602 4971 3706 5022 οὐκ

2105 5066 2322 5136 ἔχουσιν
2349 5064 2619 5132 ἐξουσίαν.
2656 5083 2675 5116 ι
2697 5063 2809 5134 Οὐχ
2837 5059 2946 5127 οἷα,
2985 5065 3140 5133 φησι,
3171 5064 3238 5116 τὰ
3281 5060 3556 5124 ἰουδαῖκᾶ,
3592 5078 3706 5114 τοιο

2105 5161 2248 5215 αῦτα
2275 5161 2372 5213 καὶ
2402 5160 2469 5213 τὰ
2509 5159 2774 5229 ἡμέτερα,
2811 5158 2886 5220 ὡς
2928 5158 3064 5228 μηδὲ
3105 5156 3185 5228 τῷ
3225 5158 3478 5225 ἀρχιερεῖ
3537 5156 3702 5225 θέμις

2105 5248 2244 5304 εἶναι
2277 5252 2573 5321 μετασχεῖν
2607 5247 2805 5303 αὐτῶν.
2831 5242 2963 5300 «Ὧν
2984 5249 3094 5316 γὰρ
3133 5246 3450 5315 εἰσφέρεται
3478 5243 3697 5308 ζὼων.ι

2107 5340 2240 5397 Εἶτα
2289 5343 2537 5397 δείκνυσι
2589 5342 2659 5396 τὰ
2703 5342 2859 5412 παρά
2906 5339 3189 5403 Ἰουδαίοις
3240 5337 3440 5408 σεμνὰ,
3490 5337 3708 5398 τύπους

2106 5435 2235 5490 ὄντα
2269 5435 2376 5488 τῶν
2400 5433 2707 5507 ἡμετέρων,
2741 5435 2834 5488 καί
2865 5449 3051 5506 φησιν,
3079 5433 3298 5505 Ὠσπερ
3320 5431 3415 5486 ἐπὶ
3452 5431 3569 5484 τῶν
3613 5430 3708 5483 θυ-

2115 5529 2249 5581 σιῶν
2278 5528 2389 5581 τῶν
2424 5528 2567 5597 ὑπὲρ
2599 5528 2873 5599 ἁμαρτίας
2901 5527 3332 5598 είσφερομένων,
3362 5524 3424 5578 τὸ
3469 5524 3577 5594 μὲν
3620 5515 3708 5576 αἷ-

2114 5639 2188 5692 μα
2215 5623 2295 5684 είς
2325 5622 2392 5676 τὰ
2431 5621 2562 5690 ἅγια
2605 5621 2923 5692 εἰσεφέρετο
2947 5620 3035 5674 διὰ
3061 5618 3157 5673 τοῦ
3189 5615 3515 5690 ἀρχιερέως,
3555 5617 3620 5668 τὸ
3649 5615 3706 5667 δὲ

2116 5714 2276 5784 σῶμα
2299 5713 2405 5782 ἔξω
2430 5715 2528 5784 τῆς
2559 5713 2914 5785 παρεμϐολῆς
2940 5711 3159 5766 ἐκαίετο
3179 5727 3193 5742 ο
3228 5709 3375 5763 οὕτω
3395 5709 3489 5761 καὶ
3515 5707 3582 5760 τὸ
3609 5705 3706 5760 τοῦ

2116 5806 2358 5879 Χριστοῦ
2394 5801 2537 5878 αἷμα
2565 5807 2793 5878 ἐκχυθὲν
2816 5806 2955 5878 ὑπὲρ
2987 5804 3096 5858 τῶν
3136 5801 3231 5855 τοῦ
3268 5801 3476 5870 κόσμου
3513 5798 3705 5868 ἀμαρ-

2117 5902 2269 5972 τιῶν,
2300 5902 2480 5957 πάντα
2514 5899 2604 5956 τὸν
2657 5899 2865 5971 κόσμον
2913 5898 3173 5968 ἐκάθαρε,
3207 5897 3300 5950 καὶ
3331 5893 3390 5947 τὸ
3424 5892 3593 5962 σῶμα
3647 5890 3706 5943 δὲ
