3970 6570
228 414 326 481 ιετ

1075 410 1457 477 COMMENT.
1498 417 1581 478 IN
1620 418 1853 481 EPIS'l‘.
1899 416 2216 489 CATHOL.
2245 419 2526 488 JACOBI.

3360 439 3464 509 458

224 523 529 598 ¹προθυμίας
560 523 1023 593 ἀποσϐεσθείσης,
1046 526 1141 579 καὶ
1158 525 1258 580 ούκ
1293 528 1373 590 είς
1411 526 1613 596 ἀγαθὸν
1671 529 1775 591 τοῖς

1886 546 1987 587 nos
2016 532 2275 589 Dominus
2306 554 2322 591 :
2366 537 2511 606 quod
2538 548 2818 612 promptus
2846 542 3063 613 quidem
3095 544 3167 602 sit
3194 550 3459 620 Spiritus:

221 617 587 689 χρησαμένοις
638 617 1047 690 τελευτησάσης
1075 633 1090 649 ο
1149 618 1199 670 οἱ
1255 616 1312 670 δὲ
1372 617 1440 672 δι’
1509 619 1784 690 ἁμαρτίαν

217 711 545 781 ἐπαγόμενοι
574 709 653 774 ὡς
680 712 794 774 τοῖς
853 709 1186 781 Σοδομίταις,
1206 711 1236 763 ό
1276 710 1517 784 ὄλεθρος.
1549 711 1785 776 Τούτους

216 803 333 866 τοὺς
397 802 782 873 πειρασμοὺς,
843 803 944 873 ὅση
1005 801 1267 874 δύναμις,
1325 803 1591 874 φευκτέον
1616 844 1634 871 ,
1689 805 1785 858 ἀν·

213 892 543 963 αμαρτήτως
574 891 848 963 βιοῦντας.
903 894 1057 947 Ἐπεὶ
1085 893 1215 956 τούς
1250 906 1315 961 γε
1352 892 1461 948 ἀπὸ
1503 893 1660 957 Θεοῦ,
1707 896 1785 958 ὥς

212 986 284 1056 τῷ
326 984 473 1049 Ἰὼϐ,
524 984 603 1049 ὡς
653 985 733 1055 τῷ
778 984 1053 1057 Ἀϐραὰμ,
1087 986 1162 1057 μὴ
1208 988 1370 1058 μόνον
1394 987 1460 1041 ού
1499 987 1781 1057 φευκτέον,

212 1077 319 1131 ἀλλ’
370 1078 425 1131 ετ
461 1078 516 1131 τι
548 1079 645 1132 καὶ
693 1078 939 1147 δυνατὸν,
975 1079 1064 1133 διὰ
1102 1079 1203 1150 τῆς
1251 1081 1529 1152 ὑπομονῆς
1559 1081 1653 1134 καί
1683 1081 1785 1150 τῆς

212 1169 559 1241 εὐχαριστίας
603 1172 994 1226 ὲπισπαστέον.
1064 1172 1122 1226 '0
1155 1173 1264 1246 7&9
1302 1172 1433 1236 Θεὸς
1482 1172 1782 1243 πειράζων,

210 1263 290 1316 ἐπ’
338 1263 589 1336 ὠφελείᾳ
647 1267 742 1318 καὶ
798 1264 1100 1337 ἁναρῤήσει
1163 1265 1322 1319 τοῦτο
1388 1268 1563 1320 ποιεῖν
1620 1261 1780 1319 οἶδεν.

211 1356 542 1425 Πειρασμοίς
596 1355 658 1410 δὲ
717 1355 983 1421 ποικίλοις
1021 1353 1166 1423 εἷπε,
1223 1358 1312 1412 διὰ
1360 1358 1421 1412 τὸ
1473 1359 1602 1422 τοὺς
1659 1358 1780 1429 μὲν,

205 1446 278 1509 ὡς
299 1445 542 1518 ἔφημεν,
574 1447 686 1506 ἀπὸ
708 1447 875 1517 Θεοῦ,
905 1449 1032 1513 τοὺς
1056 1448 1113 1504 δὲ
1136 1448 1233 1519 ἀφ’
1263 1449 1422 1521 ἡμῶν
1448 1447 1612 1505 εἶναι.

269 1718 400 1774 ὀτι
426 1719 498 1775 τὸ
531 1720 808 1792 δοκίμιον
848 1721 1017 1793 ὑμῶν
1044 1721 1160 1793 τῆς
1204 1723 1464 1790 πίστεως
1500 1720 1784 1793 κατερτάε

204 1808 343 1869 (παι
387 1813 738 1884 ὑπομονήν.
796 1812 861 1870 Ἠ
894 1814 960 1868 δὲ
1005 1813 1283 1885 ὑπομονὴ
1333 1814 1514 1885 ἔργον
1549 1814 1784 1869 τέλειον

1887 622 1984 676 sed
2017 624 2381 697 exstinguitur
2408 628 2782 699 promptitudo
2819 631 2908 688 illa
2950 633 3096 689 inter
3133 642 3461 708 certamina,

1886 724 1988 764 nec
2008 712 2076 766 ad
2095 715 2299 768 bonum
2317 714 2462 770 cedit
2481 719 2761 777 utentibus
2784 737 2799 777 :
2820 722 3065 793 quasdam
3086 740 3216 784 vero
3243 742 3468 803 propter

1887 810 2170 871 peccatum
2217 803 2573 873 inducuntur,
2606 818 2668 866 ut
2710 811 3007 871 Sodamitis
3040 816 3314 879 interitus.
3353 821 3464 880 Has

1888 895 2215 951 tentationes
2230 908 2492 967 quantum
2506 916 2818 972 possumus,
2832 906 3020 978 iugere
3034 909 3318 981 debemus,
3340 912 3467 971 abs;

1885 1000 1994 1054 que
2023 996 2248 1056 peccato
2271 989 2523 1049 vivendo.
2556 995 2725 1051 Porro
2744 1013 2865 1069 qua:
2881 1015 2912 1055 a
2931 1001 3044 1057 Deo
3065 1013 3219 1071 sunt,
3256 1014 3318 1061 ut
3341 1006 3466 1078 qui

1885 1076 1989 1133 Job
2019 1087 2115 1134 aut
2158 1081 2431 1140 Abraham
2465 1088 2828 1159 contigerunt,
2857 1108 2967 1149 non
3011 1095 3279 1167 fugiendae
3312 1076 3463 1166 sunt,

1887 1171 2019 1240 quin
2042 1174 2242 1243 potius,
2271 1177 2317 1233 si
2343 1192 2452 1248 quo
2476 1181 2640 1236 modo
2661 1181 2776 1238 ﬁeri
2798 1193 2996 1255 potest.
3025 1204 3126 1257 per
3143 1190 3463 1260 patientiam

1886 1272 1943 1318 et
1981 1265 2276 1335 gratiarum
2308 1270 2578 1328 actionem
2610 1276 2957 1335 asciscendtn.
3001 1279 3146 1338 Deus
3187 1286 3331 1340 enim
3365 1287 3463 1356 qui

1888 1363 2083 1425 tentat,
2109 1358 2178 1414 ad
2209 1360 2495 1418 utilitatem
2539 1380 2604 1421 ac
2634 1366 2874 1426 victoriae
2905 1372 3327 1431 declarationem
3360 1379 3464 1433 hoc

1886 1444 2069 1504 facere
2107 1452 2277 1508 novit.
2310 1454 2456 1510 Dixit
2492 1465 2674 1513 autem
2703 1477 2719 1514 :
2760 1461 3115 1521 Tentationes
3139 1469 3317 1524 varias
3338 1511 3354 1534 ,
3392 1486 3464 1525 eo

1885 1540 2033 1608 quod
2058 1542 2222 1599 nulla:
2249 1559 2282 1600 a
2314 1544 2426 1602 Deo
2447 1557 2509 1603 ut
2535 1549 2797 1619 diximus,
2821 1556 3069 1625 quaedam
3092 1573 3271 1616 veroa
3303 1561 3463 1617 nobis

1885 1632 2214 1700 procedunt.

1958 1722 2000 1787 Ι,
2033 1723 2150 1785 3-4.
2175 1725 2406 1786 δάσκια
2437 1737 2579 1804 quod
2602 1738 3202 1813 prabatiauettrarﬁdei
3212 1754 3466 1815 operetur

1885 1818 2201 1884 patientiam
2231 1839 2250 1876 :
2283 1826 2544 1893 patientia
2581 1845 2702 1882 vero
2742 1847 2872 1900 opus
2903 1835 3192 1904 perfectum
3232 1838 3462 1901 habeat.-

205 1899 394 1969 ἐχέτω,
418 1903 530 1957 ἵνα
556 1899 664 1976 ἦτε
695 1905 910 1961 τέλειοι
955 1907 1054 1962 καί
1077 1907 1423 1977 ὁλόκληροι,
1459 1907 1531 1962 ἐν
1555 1905 1774 1977 μηδενὶ

1882 1915 1936 1962 ιιι
1980 1910 2098 1965 sitis
2124 1914 2343 1984 perfecti
2375 1926 2426 1972 et
2459 1918 2677 1990 integri,
2708 1897 2963 1995 statuaque
2996 1897 3066 1979 vin
3109 1936 3267 1994 parte
3297 1897 3461 1982 dimi;

206 1995 563 2062 λειπόμενοι.
1732 2048 1735 2055 η

267 2083 568 2153 Δοκίμιον,
614 2085 676 2140 τὸ
706 2086 1035 2159 κεκριμένον
1075 2087 1246 2157 λέγει,
1294 2085 1357 2141 ea
1386 2087 1784 2161 δεδοκιμασμέ-

209 2191 307 2241 νον,
333 2176 396 2230 τὸ
439 2178 714 2250 καθαρόν.
763 2178 852 2245 Ὦς
883 2179 979 2234 καὶ
1006 2181 1091 2245 τὸ,
1132 2199 1153 2235 ι
1196 2181 1486 2253 Ἀργύριον
1522 2198 1782 2252 πεπυρω-

210 2265 375 2335 μένον,
407 2268 669 2341 δοκίμιον
703 2274 770 2344 τῇ
803 2275 896 2344 γῇ.
928 2291 949 2325 ι
986 2273 1113 2336 Πῶς
1157 2273 1217 2328 δὲ
1257 2275 1319 2328 τὸ
1355 2273 1603 2346 δοκίμιον
1642 2274 1778 2327 ὐπο-

207 2363 362 2433 μονὴν
382 2350 794 2438 κατεργάζεται
830 2381 846 2431 ς
899 2367 1114 2437 Ἐκεινη
1151 2366 1261 2438 7&9
1288 2369 1323 2439 ἠ
1351 2368 1531 2432 πίστις
1564 2366 1781 2439 καθαρᾶ

210 2451 500 2525 ἐλέγχεται,
545 2459 579 2528 ἡ
635 2458 696 2512 ὲν
739 2458 985 2530 ὑπομονῇ
1042 2459 1139 2514 καὶ
1177 2461 1449 2534 καρτερίᾳ
1497 2462 1630 2521 τῶν,
1657 2462 1781 2517 ἐπι-

210 2547 519 2617 φερομένων
592 2551 917 2623 πειρασμῶν
977 2550 1319 2608 διατελοῦσα.
1398 2555 1602 2609 Πιστοῦ
1668 2555 1778 2627 γὰρ

207 2632 275 2699 ὡς
312 2636 539 2707 ἀληθῶς
574 2638 759 2711 ἔργον,
820 2641 883 2694 τὺ
932 2643 1075 2712 μετά
1131 2642 1513 2717 μακροθυμίας
1562 2662 1624 2699 τε
1682 2646 1778 2700 καὶ

210 2723 589 2797 εὐχαριστίας,
652 2729 754 2794 τὰς
832 2732 1089 2798 τοιαύτας
1151 2734 1423 2806 ἑπιφορὰς
1490 2735 1773 2807 δέχεσθαι.

220 2812 416 2869 ’ῦποῖόν
449 2835 511 2871 τι
545 2819 642 2873 καὶ
678 2820 709 2873 ὁ
755 2820 875 2875 Ἰὼϐ
914 2821 1189 2895 ἔπραττεν
1242 2825 1301 2879 ὲν
1333 2826 1504 2880 πᾶσιν
1552 2825 1774 2898 εὐχαρι-

212 2906 357 2962 στῶν.
391 2922 419 2961 ι
443 2910 656 2982 Ἔργον
707 2912 915 2968 τέλειον
971 2915 1161 2986 ἐχέτω.
1199 2934 1220 2969 ι
1257 2915 1481 2971 Σκόπει·
1534 2917 1638 2972 οὐκ
1697 2914 1775 2972 εἷ-

212 3014 270 3051 πε
318 3000 414 3072 τὴν
464 3002 751 3076 ὑπομονὴν
798 3007 1113 3078 όριστικῶς,
1161 3009 1267 3075 ὅτι,
1316 3010 1520 3082 Ἔργον
1566 3010 1776 3065 τέλειον

213 3089 331 3161 ἔχει,
371 3094 517 3149 ἀλλὰ
548 3098 989 3167 προστακτικῶς,
1039 3098 1264 3172 Ἐχέτω.
1296 3100 1372 3155 Ού
1398 3101 1509 3173 γὰρ
1530 3106 1775 3175 προῦποο

212 3184 451 3257 κειμένην
474 3187 680 3260 ἀρετὴν
704 3189 1046 3260 ἐξαγγέλλει,
1083 3194 1223 3251 ἀλλά
1251 3194 1349 3253 νῦν
1381 3196 1767 3269 ὲγγινομένην,

212 3273 276 3338 ὡς
295 3280 395 3349 χρὴ
425 3278 679 3349 γίνεσθαι
711 3283 1016 3354 νομοθετεῖ.

270 3461 333 3518 Et
359 3464 424 3520 δέ
452 3483 548 3535 τις
580 3467 747 3538 ὑμῶν
770 3470 1040 3526 λείπεται
1072 3473 1317 3543 σοφίας,
1347 3474 1580 3530 αἰτείτω
1607 3477 1768 3546 παρὰ

213 3550 304 3605 τοῦ
336 3554 617 3625 διδόντος
669 3559 820 3615 Θεοῦ
868 3560 1062 3618 πᾶσιν
1090 3564 1323 3632 ἁπλῶς,
1371 3566 1473 3621 καί
1501 3567 1586 3636 μὴ
1615 3570 1769 3624 ὀνει-

212 3640 480 3717 δίζοντος,
516 3650 615 3715 καὶ
647 3652 967 3723 δοθήσεται
990 3654 1174 3722 αὐτῷ.
1206 3659 1448 3713 Αίτείτω
1469 3659 1538 3713 δὲ
1571 3661 1641 3715 ἐν
1668 3661 1768 3715 πί-

216 3751 347 3804 στει,
362 3743 566 3812 μηδὲν
591 3744 1063 3817 διακρινόμενος.
1100 3749 1153 3802 Ὀ
1181 3750 1291 3820 γὰρ
1315 3750 1769 3823 διακρινόμενος

218 3826 354 3886 ἔοικε
387 3835 655 3891 κλύδωνι
702 3837 1024 3908 θαλάσσης
1051 3840 1449 3912 ἀνεμιζομένῳ
1480 3844 1580 3898 καὶ
1610 3846 1771 3913 pim-

218 3916 431 3991 ξομένῳ.
476 3926 575 3994 Μὴ
633 3927 741 3997 γὰρ
774 3929 988 3985 οίέσθω
1046 3930 1359 4001 ἅνθρωπος
1394 3934 1647 4002 ἐκεῖνος,
1681 3935 1770 3988 ὅτι

218 4011 454 4081 λήψεταί
509 4035 566 4071 τι
615 4022 776 4089 παρὰ
815 4021 923 4077 τοῦ
969 4025 1216 4093 Κυρίου.
1265 4024 1438 4094 Ἀνὴρ
1486 4026 1768 4095 δίψυχος,

218 4100 612 4177 ἀκατάστατος
630 4111 702 4166 ἐν
730 4111 957 4181 πάσαις
992 4115 1123 4182 ταῖς
1153 4117 1319 4182 ὁδοῖς
1337 4117 1547 4173 αὑτοῦ.

280 4195 344 4250 Τὸ
393 4198 571 4255 αἴτιον
620 4202 715 4257 τοῦ
770 4204 977 4260 τελείου
1019 4206 1180 4279 ἔργου
1227 4208 1328 4279 τὴν
1370 4209 1562 4278 σοφίαν
1592 4209 1767 4278 λέγει.

224 4297 243 4332 t
262 4286 475 4343 Δξτείτω
513 4293 666 4364 παρά
694 4293 854 4351 Θεοῦ.
894 4315 914 4349 ι
959 4296 1173 4369 Ἐπειδὴ
1203 4293 1308 4352 οἶδε
1324 4299 1386 4352 τὸ
1411 4299 1513 4368 τῆς
1537 4299 1771 4364 πίστεως

220 4372 460 4448 δοκίμιον,
494 4386 590 4437 καὶ
616 4383 715 4456 τὴν
736 4385 1013 4459 ὑπομονὴν
1041 4388 1140 4460 τὴν
1169 4391 1227 4444 ὲν
1257 4392 1372 4454 τοῖς
1420 4395 1768 4465 πειρασμοῖς,

220 4466 392 4526 οὔτῶν
419 4475 697 4544 τυχόντων
739 4478 1046 4550 ἀνθρώπιον
1097 4482 1451 4554 κατόρθωμα,
1496 4484 1632 4539 ἀλλὰ
1661 4487 1771 4542 τῶν
1819 4533 1822 4536 .

1891 1999 2009 2052 ιτα-ιί
2029 2040 2044 2054 .

1957 2092 2214 2164 Δοκιμιον
2242 2096 2376 2153 dicit
2402 2100 2548 2170 quod
2564 2102 2907 2173 exploratum
2932 2116 3024 2163 est
3049 2116 3107 2163 et
3132 2110 3463 2181 comproba-

1882 2189 1999 2236 tum
2024 2202 2037 2238 :
2070 2200 2235 2255 porro
2257 2192 2671 2261 comprobatum
2699 2195 2900 2251 dicitur
2921 2212 3122 2267 purum
3151 2217 3167 2255 :
3199 2202 3465 2271 quemad-

1882 2274 2105 2330 modum
2127 2279 2392 2349 scriptum
2410 2290 2530 2339 est:
2568 2304 2587 2337 ι
2613 2287 3068 2362 Argentum'igne
3095 2291 3458 2361 exploratum,

1880 2378 2167 2440 purgatum
2203 2381 2368 2429 terra.
2406 2395 2427 2428 ι
2477 2375 2763 2442 Quomodo
2799 2389 2982 2437 autem
3025 2384 3276 2454 probatio
3316 2387 3462 2455 parit

1880 2460 2200 2531 patientiam
2230 2465 2253 2519 ?
2284 2465 2423 2533 Quia
2448 2468 2585 2527 ﬁdes
2602 2470 2695 2526 illa
2722 2487 2860 2542 pura
2880 2489 3002 2530 esse
3031 2475 3313 2547 probatur,
3341 2493 3463 2548 qua:

1880 2565 1981 2620 per
2034 2554 2353 2623 patientiam
2407 2574 2471 2614 ac
2514 2560 2862 2618 tolerantiam
2907 2563 3069 2638 “3
3112 2566 3460 2623 inductarum

1879 2642 2232 2704 alﬂictionum
2279 2652 2583 2720 perﬁcitur.
2630 2653 2764 2711 Nam
2809 2672 2938 2713 vere
2976 2659 3152 2715 ﬁdelis
3184 2676 3323 2731 opus
3349 2672 3456 2726 est,

1879 2748 1979 2803 per
2010 2736 2478 2809 longanimitatem
2520 2752 2576 2798 et
2611 2744 2906 2816 gratiarum
2950 2748 3226 2804 actionem
3265 2748 3462 2820 hujus-

1878 2830 2027 2885 modi
2067 2830 2305 2903 impetus
2349 2836 2601 2908 excipere
2632 2856 2649 2897 :
2690 2842 3153 2910 quemadmodum
3184 2858 3245 2900 se
3268 2844 3463 2900 habuit

1876 2920 1980 2978 Job
2012 2924 2055 2988 ⁵,
2084 2927 2176 2995 qui
2200 2927 2254 2981 in
2281 2930 2537 2986 omnibus
2582 2933 2785 3003 gratias
2815 2935 3030 3006 agebat.
3097 2955 3117 2988 ι
3153 2936 3303 3007 Opus
3334 2953 3461 3007 per.

1877 3016 2082 3072 fectum
2111 3018 2330 3076 habeat.
2369 3041 2387 3074 ι
2412 3024 2804 3082 Animadverte
2827 3027 2974 3096 quod
3002 3041 3112 3083 non
3136 3028 3342 3091 dixerit
3361 3044 3459 3099 per

1880 3107 2257 3176 indicativum,
2293 3110 2444 3183 Opus
2480 3115 2781 3185 perfectum
2812 3118 2976 3174 habet
3001 3160 3017 3187 ,
3049 3120 3145 3176 sed
3168 3135 3270 3190 per
3295 3121 3464 3192 impe~

1880 3198 2134 3269 rativum,
2170 3201 2393 3260 Habeat.
2419 3204 2542 3262 Non
2582 3207 2728 3263 enim
2754 3210 3014 3279 praedicat
3039 3225 3458 3282 eamqueprze-

1874 3287 1978 3351 fuit
2020 3292 2297 3361 virtutem,
2352 3297 2448 3353 sed
2499 3314 2621 3369 qua:
2662 3301 2893 3368 accedit,
2925 3311 2980 3359 et
3021 3302 3294 3374 quomodo
3327 3302 3449 3366 ﬁeri

1872 3389 2122 3449 oporteat
2146 3387 2361 3441 statuit.

1856 3520 1863 3525 _
1944 3470 1984 3541 Ι,
2017 3473 2132 3530 5-8.
2164 3474 2315 3541 Quod
2346 3480 2393 3533 si
2421 3482 2507 3535 cui
2537 3492 2765 3538 oestrum
2796 3483 2943 3540 deest
2965 3489 3249 3557 sapientia,
3277 3501 3475 3559 pastu-1

1872 3566 1940 3619 let
1974 3585 2008 3620 a
2037 3568 2147 3623 Dea
2175 3573 2262 3640 qui
2292 3576 2384 3627 dat
2412 3577 2647 3632 omnibus
2676 3580 2915 3647 candide,
2958 3598 3050 3638 nec
3074 3585 3378 3655 exprobrat.
3408 3599 3459 3644 et

1872 3660 2086 3715 dabitur
2108 3664 2179 3716 ei.
2218 3663 2454 3721 Ροδιιιιει
2483 3680 2661 3724 autem
2692 3689 2810 3728 cum
2840 3672 3038 3744 ﬁducia
3070 3679 3161 3749 qui
3194 3680 3329 3733 nihil
3347 3680 3459 3735 lue-

1871 3752 2021 3808 sitat.
2063 3754 2206 3809 Nam
2250 3760 2341 3827 qui
2387 3760 2596 3817 [reeitat
2628 3764 2821 3820 similis
2846 3777 2924 3821 est
2949 3769 3141 3836 ﬂuctui
3173 3773 3339 3828 maris
3367 3774 3459 3843 qui

1871 3848 2035 3902 uentis
2067 3851 2246 3919 agitur
2280 3861 2328 3904 et
2364 3853 2562 3922 impetu
2604 3859 2835 3926 rapitur.
2873 3858 3059 3930 Neque
3095 3864 3234 3916 enim
3273 3864 3459 3918 existi-

1875 3949 1978 3993 met
2007 3942 2160 3996 homo
2191 3943 2282 3997 ille
2321 3961 2376 3998 se
2404 3946 2608 4015 aliquid
2642 3959 2972 4019 accepturum
3013 3968 3045 4004 a
3079 3952 3329 4007 Domino.
3363 3954 3457 4010 Vir
3530 4019 3539 4026 θ

1873 4033 2071 4103 duplici
2095 4036 2275 4089 animo
2302 4038 2601 4093 inconstans
2624 4050 2697 4095 est
2728 4043 2783 4096 in
2821 4042 3061 4098 omnibus
3098 4045 3197 4099 uiis
3219 4046 3351 4101 suis.

1934 4218 2174 4273 Causam
2206 4220 2430 4291 perfecti
2458 4221 2641 4291 operis
2668 4221 2799 4277 dicit
2823 4223 3167 4294 sapientiam.
3204 4242 3224 4277 ι
3252 4224 3449 4281 Ροειιι-

1874 4308 2000 4364 leta
2030 4309 2194 4364 Deo.»
2219 4308 2489 4377 Quoniam
2520 4311 2673 4367 novit
2705 4311 2831 4367 ﬁdei
2860 4314 3359 4385 comprobationem
3383 4333 3448 4373 ac

1875 4403 2220 4460 tolerantiam
2262 4407 2321 4460 in
2361 4404 2764 4474 amictionibus,
2811 4422 2920 4464 non
2961 4423 3084 4466 esse
3129 4423 3268 4481 opus
3313 4426 3451 4482 quo-

1874 4495 2082 4551 rumvis
2111 4496 2416 4565 hominum,
2451 4498 2546 4554 sed
2585 4514 2776 4555 eorum
2805 4501 2896 4572 qui
2939 4502 3244 4559 secundum
3274 4504 3446 4559 Deum

222 4559 339 4612 κατὰ
353 4562 487 4617 Θεὸν
519 4567 718 4635 σοφῶν,
748 4568 837 4622 διὰ
863 4569 1025 4624 τοῦτο
1046 4571 1142 4624 ἐπὶ
1168 4573 1362 4642 σοφίας
1382 4575 1600 4647 αἴτησιν
1627 4595 1769 4647 παρ-

1882 4590 2152 4659 sapientes
2180 4600 2325 4657 sunt,
2366 4601 2656 4662 propterea
2699 4593 2767 4649 ad
2810 4559 3093 4665 sapientia:
3130 4597 3453 4667 postulatio-

221 4651 345 4741 ξρμᾷ
381 4658 508 4721 τοὺς
550 4658 725 4713 ταῦτα
755 4661 1055 4734 κατορθοῦν
1110 4666 1529 4732 ὲπιποθοῦντας.
1563 4689 1582 4723 ι
1645 4672 1771 4741 Μη-

222 4734 295 4828 δὲν
320 4739 743 4820 διακρινόμενος.
785 4771 805 4805 ι
834 4753 900 4807 Ei
945 4755 1055 4826 7&9
1085 4756 1333 4810 πιστεύει
1368 4759 1607 4828 αἰτείτω,
1639 4763 1687 4815 εί
1720 4734 1772 4815 δὲ

223 4826 563 4924 δια-κρίνεται,
591 4843 725 4913 μηδὲ
778 4844 1020 4900 αίτείτω.
1052 4848 1188 4902 Οὐδὲ
1241 4851 1351 4920 7&9
1387 4826 1620 4924 λήψεται
1642 4854 1771 4906 ἀπι-

225 4921 345 4976 στῶν
370 4926 449 4979 ὅτι
474 4927 729 4998 λήψεται.
765 4953 782 4987 ι
817 4936 1002 4991 Ἔοικε
1038 4938 1265 4994 κλύδωνι
1297 4921 1593 5017 θαλάσσης.
1643 4965 1662 4997 ι
1708 4944 1769 4998 ὐ

224 5013 317 5086 γὰρ
340 5017 746 5092 διακρινόμενος
798 5025 1098 5095 ἀμφίϐολος
1132 5030 1208 5085 ῶν
1257 5035 1386 5104 περὶ
1447 5013 1545 5098 τὰς
1575 5036 1768 5089 ἑαυτοῦ

223 5107 465 5180 αἰτήσεις,
489 5112 685 5184 μικρὸν
720 5120 1237 5191 προσκαρτερήσας,
1271 5124 1435 5189 εὐθὺς
1466 5126 1765 5198 ἀναχωρεῖ.

222 5197 405 5272 Πάσχει
420 5204 476 5258 δὲ
493 5205 649 5258 τοῦτο
673 5202 730 5273 ἐξ
750 5208 1144 5281 ὑπερηφανίας,
1168 5213 1525 5286 ἀπαγορεύων
1544 5218 1768 5289 ταχέως,

222 5287 290 5341 ὅτι
318 5296 388 5364 μὴ
421 5299 571 5367 παρὰ
609 5297 777 5362 πόδας
803 5300 1209 5374 ἐπηκολούθησε
1237 5305 1306 5359 τὰ
1343 5287 1661 5375 αἰτούμενα,
1696 5308 1772 5372 ὡς

223 5377 278 5449 δὴ
309 5387 510 5455 μεγάλα
539 5390 783 5460 οἰόμενος
810 5397 939 5464 περὶ
961 5395 1181 5464 ἑαυτοῦ,
1214 5399 1306 5451 καὶ
1336 5398 1410 5463 ὡς
1423 5400 1528 5454 οὐκ
1558 5400 1772 5466 ἀνάξιος

223 5472 448 5548 ἀστοχεῖν
500 5476 576 5535 ὧν
630 5487 863 5541 ποιεῖται
909 5487 1011 5560 τὴν
1043 5488 1284 5562 αἴτησιν.
1315 5492 1503 5564 Τούτῳ
1556 5493 1610 5548 δὲ
1670 5496 1774 5550 ἀπ·

225 5571 450 5658 εναντίας
478 5574 925 5649 ἁταπεινόφρων.
953 5599 971 5631 ι
994 5580 1085 5653 Μὴ
1118 5583 1227 5653 7&9
1257 5583 1452 5639 οἰέσθω
1484 5585 1770 5658 ἄνθρωπος

224 5656 422 5729 ἐκεῖνος.
471 5685 491 5720 ι
543 5666 601 5721 '0
631 5668 1074 5744 μεθ’·ύπεροψίας
1106 5675 1276 5732 αίτῶν
1298 5676 1499 5751 δηλαδή
1530 5656 1626 5735 καὶ
1657 5679 1765 5735 ὀλι-

284 5842 306 5876 ⁸
326 5842 420 5903 Job
450 5861 490 5915 ι,
510 5847 537 5903 1
560 5864 714 5922 seqq.

445 5940 719 6008 ΡΑτιιοι..
752 5946 868 6011 Gn.
903 5946 1131 6014 CXIX.

1875 4695 2003 4735 nem
2030 4681 2260 4752 impellit
2290 4697 2397 4737 eos
2415 4683 2508 4752 qui
2539 4682 2656 4739 haec
2684 4694 2946 4754 praestare
2976 4695 3264 4742 conantur.
3304 4705 3323 4738 ι
3347 4685 3453 4753 Qui

1874 4774 2013 4828 nihil
2048 4774 2279 4829 haesitat.
2313 4795 2332 4828 ι
2361 4776 2418 4830 Si
2442 4776 2586 4831 enim
2616 4776 2857 4842 conﬁdit,
2888 4785 3038 4847 petat
3065 4794 3080 4842 ;
3111 4779 3155 4833 si
3183 4792 3312 4834 vero
3339 4779 3455 4834 hae-

1875 4866 2025 4931 sitat,
2059 4881 2129 4922 ne
2154 4877 2300 4938 petat
2326 4869 2569 4939 quidem,
2601 4869 2727 4939 quia
2753 4885 2863 4924 non
2888 4870 3122 4940 accipiet
3146 4870 3239 4941 qui
3263 4870 3459 4926 diﬂidit

1877 4972 1935 5013 se
1965 4968 2335 5028 accepturum.
2366 4978 2385 5011 ι
2415 4960 2619 5015 Similis
2640 4970 2725 5016 est
2749 4961 2935 5017 ﬂuctui
2963 4962 3149 5018 maris.
3190 4986 3209 5016 ι
3238 4962 3287 5019 ls
3307 4963 3456 5019 enim

1844 5109 1857 5125 ‘
1876 5050 1969 5121 qui
1998 5050 2227 5118 haesitat,
2261 5052 2457 5107 dubius
2480 5052 2621 5107 circa
2652 5067 2778 5108 suas
2806 5053 3118 5125 petitiones,
3160 5055 3252 5112 ubi
3283 5057 3458 5127 pauli-

1879 5156 2005 5211 sper
2032 5142 2311 5207 sustinuit,
2337 5143 2517 5198 statim
2548 5145 2771 5199 recedit.
2803 5146 3017 5202 Accidit
3043 5159 3225 5204 autem
3257 5147 3361 5203 hoc
3379 5146 3455 5202 illi

1879 5244 1944 5284 ex
1988 5229 2265 5299 superbia,
2295 5231 2439 5301 quod
2471 5231 2580 5286 cito
2609 5232 2862 5301 desperet
2899 5248 2964 5289 eo
2998 5234 3142 5304 quod
3173 5249 3285 5289 non
3315 5249 3346 5289 e
3368 5248 3455 5291 ve-

1877 5321 2036 5392 stigio
2059 5332 2358 5391 sequantur
2385 5338 2505 5393 quae
2534 5332 2793 5394 petuntur
2825 5343 2838 5379 :
2871 5336 3059 5397 utpote
3085 5341 3277 5397 magna
3308 5325 3375 5380 de
3393 5340 3455 5380 se

1877 5411 2194 5482 concipiens
2231 5422 2286 5468 et
2322 5414 2467 5483 quod
2498 5415 2684 5484 repelli
2737 5427 3015 5471 mereatur
3065 5416 3120 5470 in
3184 5415 3453 5486 petitione

1877 5515 2039 5569 quam
2068 5500 2214 5555 facit.
2237 5501 2407 5556 Porro
2436 5503 2710 5558 contrario
2740 5505 2902 5560 modo
2926 5505 2991 5559 ad
3022 5504 3169 5558 hunc
3200 5517 3260 5556 se
3288 5502 3453 5558 habet

1875 5588 1966 5655 qui
1995 5587 2225 5643 modesti
2254 5597 2338 5644 est
2362 5589 2544 5645 animi.
2571 5609 2589 5643 ι
2612 5590 2796 5661 Neque
2815 5592 2961 5646 enim
2991 5591 3267 5645 existimet
3284 5588 3453 5647 homo

1879 5680 1986 5736 ille.
2022 5701 2039 5734 ι
2063 5681 2268 5755 Nempe
2296 5683 2388 5755 qui
2417 5699 2481 5739 ex
2517 5684 2658 5740 fastu
2686 5693 2740 5739 et
2764 5684 3088 5757 negligentia
3112 5682 3267 5754 petit.
3282 5680 3453 5738 Aufer

2984 5954 3058 6016 15
