3970 6592
412 409 523 474 459

1487 399 1891 463 (ECUMENH
1914 400 2212 459 TRlL'CzE
2253 398 2595 460 EPISCOI’I

3595 392 3699 458 460

414 548 445 586 a
501 528 676 601 teipso
714 524 884 583 animi
934 522 1333 595 duplicitatcm,
1385 535 1565 592 neque
1598 519 1845 586 omnino,
1887 534 2001 574 cum

2120 518 2353 589 γωρίοις.
2395 512 2461 569 ’Λ
2478 534 2566 588 ρον
2632 513 2861 570 σεαυτοῦ
2917 513 3012 585 τὴν
3049 513 3326 585 διψυχίαν,
3367 512 3499 567 καὶ-
3530 513 3701 584 μηδὲν

413 611 619 695 aliquid
661 636 693 678 a
734 620 848 678 Deo
882 618 1255 691 petis~animo
1292 614 1535 679 vacilles,
1578 612 1814 669 dicendo
1863 612 2007 682 apud

414 720 676 791 teipsum,
700 713 990 783 Quomodo
1015 724 1240 785 possum
1277 706 1554 779 quidpiam
1588 723 1619 763 a
1645 705 1877 761 Domino
1908 719 2005 775 pc-

412 822 530 871 tere
552 819 612 869 et
642 808 914 879 accipere,
955 803 1049 876 qui
1099 801 1259 859 toties
1293 800 1348 856 in
1388 800 1569 871 ipsum
1613 796 1953 869 peccaverim
1984 796 2008 849 ?

409 906 492 963 Ne
532 906 650 963 haec
696 901 923 973 cogites,
970 898 1067 955 sed
1119 911 1186 953 ex
1229 901 1343 951 toto
1379 892 1545 948 corde
1578 899 1902 947 convertere
1936 889 2005 943 ad

410 999 729 1063 Dominum,
757 1002 815 1051 et
850 1000 977 1064 pete
1002 992 1072 1048 ab
1102 990 1224 1063 ipso
1250 989 1373 1045 sine
1410 986 1780 1050 haesitatione,
1825 990 1883 1041 et
1914 998 2006 1039 co-

409 1108 643 1167 gnosces
700 1087 1113 1153 multitudinem
1168 1081 1560 1141 misericordiae
1628 1079 1749 1151 ejus
1777 1120 1791 1143 ,
1858 1076 2005 1148 quod

407 1198 763 1257 nequaquam
798 1190 851 1238 te
886 1181 1124 1241 deserat,
1163 1177 1260 1232 sed
1304 1174 1625 1246 petitionem
1670 1170 1869 1229 animae
1901 1178 2006 1225 ture

409 1278 729 1350 complebit.
773 1275 893 1331 Non
924 1284 1009 1330 est
1035 1270 1185 1329 enim
1222 1269 1367 1326 Deus
1395 1269 1540 1325 sicut
1575 1266 1828 1323 homines
1853 1309 1867 1330 ,
1913 1264 2006 1335 qui

408 1380 728 1429 mutuarum
758 1367 1084 1440 iniuriarum
1124 1364 1500 1420 meminerunt
1537 1379 1551 1417 :
1590 1360 1683 1416 sed
1722 1360 1837 1430 ipse
1869 1357 2006 1412 obli-

407 1467 637 1523 viscitur
681 1462 918 1534 injuriae,
958 1469 1014 1517 et
1048 1459 1344 1515 miseretur
1364 1464 1630 1513 creatura:
1662 1467 1798 1509 suae.
1841 1449 2007 1524 ω

414 1579 436 1613 ι
467 1558 566 1615 Vir
594 1556 802 1629 duplici
851 1554 1058 1613 animo.
1095 1573 1115 1606 ι
1154 1550 1365 1623 Duplici
1399 1550 1585 1605 animo
1616 1548 1794 1603 virum
1818 1545 2005 1616 appel-

407 1654 486 1710 lat
522 1650 835 1709 instabilem
872 1658 928 1706 et
954 1663 1066 1704 non
1103 1646 1345 1712 ﬁrmum,
1372 1645 1468 1715 qui
1506 1657 1687 1713 neque
1717 1641 1783 1695 ad
1821 1638 2003 1695 futura

408 1742 604 1810 solide,
630 1744 816 1812 amne
837 1739 906 1795 ad
935 1736 1229 1809 prasentia
1251 1748 1445 1795 secure
1474 1732 1733 1788 ﬁrmatus
1750 1729 1834 1785 est
1860 1745 1876 1786 :
1907 1726 2003 1783 sed

408 1835 521 1890 huc
552 1843 718 1904 atque
739 1831 871 1886 illuc
897 1828 1123 1889 ducitur
1149 1841 1213 1882 ac
1239 1822 1628 1885 circumfertur
1654 1839 1669 1878 :
1699 1830 1754 1878 et
1779 1818 2000 1875 interim

2116 609 2253 672 ὅλως
2284 607 2589 680 διψυχήσῃς
2639 606 2968 677 αἰτήσασθαι
3034 605 3187 677 παρὰ
3243 603 3381 659 Θεοῦ
3437 603 3613 672 λέγων
3644 607 3701 657 ἐν

2116 699 2349 769 σεαυτῷ,
2406 698 2508 762 ὄτι,
2556 698 2681 763 Πῶς
2739 697 2977 768 δύναμαι
3030 697 3254 768 αίτῆσαί
3300 712 3355 750 τι
3400 695 3553 768 παρὰ
3606 694 3704 748 τοῦ

2113 792 2323 863 Κυρίου
2347 792 2443 846 καὶ
2475 788 2683 856 λαϐεῖν,
2725 789 3066 862 ἡμαρτηκὼς
3096 789 3335 844 τοσαῦτα
3382 790 3463 852 είς
3500 788 3701 854 αὑτόν;

2117 886 2210 954 Μὴ
2248 883 2557 954 διαλογίζου
2586 882 2901 948 ταῦτα,άλλ’
2933 881 2993 947 εξ
3020 882 3148 951 ὅλης
3178 879 3409 951 καρδίας
3441 880 3704 950 ἐπίστρε-

2112 979 2213 1048 ψον
2247 979 2342 1030 ἐπὶ
2380 976 2608 1049 Κύριον,
2645 977 2737 1045 καὶ
2767 976 2920 1030 αἰτοῦ
2972 975 3104 1047 παρ’
3133 973 3301 1029 αὑτοῦ
3334 972 3701 1034 ἀδιστάκτωςο

2113 1067 2210 1123 καὶ
2272 1068 2458 1142 γνώσῃ
2518 1067 2619 1138 τὴν
2685 1066 3169 1138 πολυσπλαγχνίαν
3222 1064 3388 1121 αὐτοῦ
3410 1105 3427 1131 ,
3500 1065 3586 1117 ὅτι
3630 1050 3704 1115 οὐ

2116 1162 2191 1234 μή
2245 1179 2306 1216 σε
2363 1161 2727 1237 ἐγκαταλίπῃ,
2773 1159 2915 1216 ἀλλὰ
2974 1161 3037 1214 τὸ
3086 1159 3300 1230 αίτημα
3352 1158 3454 1227 τῆς
3521 1154 3706 1227 ψυχῆς

2113 1269 2209 1306 σου
2240 1251 2677 1324 πληροφορήσει.
2724 1253 2840 1306 υὺκ
2871 1251 2987 1305 εστι
3018 1250 3127 1321 γὰρ
3155 1252 3184 1304 ὁ
3219 1249 3353 1313 Θεὸς
3393 1248 3467 1312 ὡς
3516 1248 3567 1301 οἱ
3600 1246 3702 1300 ἄν·

2113 1344 2345 1416 θρωποι,
2399 1346 2451 1397 οἱ
2503 1344 2972 1415 μνησικακοῦντες
3038 1342 3314 1413 ἀλλήλοις,
3363 1339 3478 1394 ἀλλ’
3534 1337 3705 1400 αὑτὸς

2110 1435 2490 1508 ἅμνησίκακός
2514 1438 2653 1504 ἐστι,
2679 1437 2776 1493 καὶ
2810 1435 3242 1508 σπλαγχνίζεται
3263 1435 3359 1487 ἐπὶ
3408 1432 3509 1504 τὴν
3536 1430 3703 1503 ποίη-

2095 1546 2198 1589 .σιν
2232 1530 2423 1584 αὐτοῦ.
2487 1550 2504 1583 ι
2550 1531 2718 1602 ’Δνὴρ
2759 1530 3002 1601 δίψυχος.
3049 1547 3068 1581 ›
3104 1527 3337 1598 Δίψυχον
3387 1525 3559 1596 ἄνδρα
3604 1524 3702 1576 τὸν

2110 1616 2518 1689 άνεπέρειστον,
2551 1619 2645 1672 τὸν
2684 1620 3020 1690 ἀστήρικτον
3060 1618 3231 1687 λέγει,
3269 1616 3360 1670 τὸν
3390 1618 3531 1686 μήτε
3560 1615 3703 1685 πρὸς

2108 1709 2177 1763 τὰ
2214 1709 2478 1781 μάλλοντα
2510 1712 2748 1781 παγίως,
2778 1714 2918 1783 μήτε
2963 1710 3101 1783 πρὸς
3133 1711 3204 1765 τὰ
3235 1709 3483 1781 παρόντα
3512 1709 3700 1777 ἀσφα-

2108 1803 2219 1868 λῶς
2275 1802 2643 1877 ήδρασμένον,
2680 1806 2821 1861 ἀλλὰ
2845 1806 2973 1877 τῇδε
3011 1805 3235 1859 κάκεῖσε
3294 1804 3565 1875 ἀγάμενον
3604 1801 3703 1856 καὶ

408 1895 644 1996 quidem.
661 1922 868 1989 futura,
894 1919 1222 1993 quandoque
1241 1932 1373 1978 vero
1397 1914 1691 1988 praesentia
1722 1910 2001 1983 amplecti-

2113 1899 2570 1996 περιφερόμενον,
2600 1899 2694 1952 καὶ
2717 1899 2850 1953 ποτὲ
2874 1898 2975 1969 μὲν
3004 1897 3467 1996 τῶνχμελλόντων,
3492 1897 3625 1950 norit
3644 1895 3703 1948 δὲ

409 2028 518 2075 tur.
545 2016 732 2074 Talem
757 2026 941 2072 autem
975 2013 1167 2070 fluctui
1189 2026 1411 2082 quoque
1441 2008 1611 2065 maris
1641 2004 2000 2078 comparavit,

409 2112 514 2168 nec
566 2109 880 2183 ﬁrmitatem
927 2121 1038 2163 nec
1074 2103 1431 2162 stabilitatem
1476 2099 1701 2158 habenti
1733 2114 1748 2153 :
1777 2106 1832 2153 et
1881 2093 2003 2151 ﬂori

410 2204 596 2261 herbae
611 2202 890 2273 quietiam
904 2214 1019 2255 non
1044 2205 1381 2270 perseverat.
1416 2194 1513 2254 sed
1546 2191 1708 2249 simul
1738 2198 1800 2246 ut
1829 2188 2004 2243 oritur

410 2296 513 2361 sol,
551 2293 761 2352 deﬂuit.
792 2290 1092 2353 Considera
1131 2303 1265 2345 vere
1292 2286 1438 2358 quod
1462 2291 1582 2341 non
1621 2282 1822 2338 dixerit
1843 2280 2002 2336 talem

409 2388 702 2446 assimilari
754 2386 960 2449 herbae,
997 2384 1094 2439 sed
1155 2381 1273 2438 flori
1308 2380 1512 2441 herbae.
1569 2378 1736 2433 breve
1779 2373 2004 2431 omnino

408 2491 630 2551 tempus
661 2477 977 2551 signiﬁcans
1006 2491 1106 2547 per
1130 2474 1342 2530 florem.
1363 2470 1636 2539 Quoniam
1672 2476 1854 2523 autem
1886 2481 2003 2522 om-

409 2575 567 2629 nium
592 2569 947 2627 obstetricem
972 2582 1036 2624 ac
1058 2567 1305 2622 altricem
1343 2563 1501 2619 novit
1529 2576 1653 2618 esse
1684 2560 1853 2616 animi
1886 2574 2004 2612 mo-

410 2666 669 2728 destiam,
710 2671 766 2719 et
807 2662 928 2719 sine
957 2661 1061 2716 hac
1090 2659 1230 2714 nihil
1259 2673 1380 2713 esse
1420 2656 1698 2729 egregium
1727 2653 1782 2707 in
1818 2650 2003 2723 probis

410 2773 475 2814 ac
516 2753 779 2813 studiosis
814 2752 964 2819 viris,
999 2751 1122 2806 ideo
1162 2748 1439 2820 subiungit
1475 2746 1798 2802 :‘Glorietur
1837 2742 2004 2797 frater

410 2849 504 2919 qui
528 2847 873 2910 humilisest,
893 2853 1000 2900 etc.
1029 2841 1316 2911 Quomodo
1333 2849 1516 2895 autem
1549 2847 1602 2893 ct
1631 2851 1801 2908 quare
1826 2835 2004 2890 dictus

408 2949 497 2999 est
524 2939 666 2997 alius
701 2936 905 3009 duplici
923 2935 1147 2990 animo?
1176 2932 1331 3000 Quod
1366 2943 1547 3001 neque
1576 2928 1643 2983 ad
1680 2932 2001 2999 praesentem

406 3035 578 3093 vitam
607 3031 876 3103 nequead
901 3029 1141 3085 futuram
1164 3028 1237 3083 sit
1270 3026 1515 3080 firmatus
1556 3042 1567 3072 ι
1612 3036 1737 3076 nam
1770 3020 1881 3076 vita
1915 3019 2003 3074 di-

407 3126 554 3187 citur
593 3123 759 3182 etiam
792 3123 996 3187 anima,
1044 3129 1106 3175 ut
1155 3134 1279 3174 cum
1309 3117 1509 3173 dicitur
1541 3135 1554 3172 :
1582 3134 1600 3165 ι
1634 3111 1828 3170 Omnia
1883 3122 2005 3182 qua:

2107 1967 2216 2045 τῶν
2248 1967 2535 2064 παρόντων
2565 1967 2949 2063 ἀντεχόμενον.
2969 1967 3154 2046 “raise
3177 1988 3417 2044 τοιοῦτον
3444 1989 3540 2044 καὶ
3569 1988 3705 2043 κλύ-

2105 2084 2236 2140 δωνι
2267 2085 2540 2140 ἀπείκασε
2569 2085 2848 2159 θαλάσσης
2911 2087 3014 2141 οὐκ
3046 2086 3227 2157 ἔχοντι
3263 2085 3323 2138 τὸ
3354 2085 3569 2155 ἑδραῖον
3603 2081 3707 2135 καὶ

2108 2178 2396 2248 στάσιμον,
2429 2179 2527 2233 καὶ
2552 2176 2706 2233 ἄνθει
2738 2180 2935 2250 χόρτου
2967 2179 3090 2233 οὑδὲ
3114 2177 3265 2249 αὑτῷ
3295 2174 3702 2248 παραμένοντι,

2107 2273 2224 2327 ἀλλ’
2265 2272 2384 2345 ἅμα
2409 2272 2487 2343 τῷ
2531 2273 2813 2328 ἀνατεῖλαι
2859 2275 2951 2328 τὸν
2983 2274 3159 2345 ἥλιον,
3214 2269 3700 2344 ἀπορυῖσκομένῳ.

2107 2365 2310 2419 Σκόπει
2338 2365 2393 2419 δὲ
2421 2368 2502 2419 ὅτι
2529 2366 2627 2419 οὑκ
2659 2361 2803 2430 εἷπε,
2827 2366 3006 2439 χόρτῳ
3038 2367 3279 2421 ἐοικέναι
3309 2367 3399 2419 τὸν
3428 2363 3698 2429 τοιοῦτον,

2107 2456 2221 2511 ἀλλ’
2249 2457 2397 2512 ἄνθει
2448 2459 2671 2530 χόρτου,
2725 2460 2785 2513 τὸ
2814 2459 3014 2525 τελέως
3065 2456 3433 2531 ὀλιγοχρόνιον
3464 2458 3555 2512 διὰ
3600 2456 3702 2510 τοῦ

2106 2550 2302 2615 ἄνθους
2331 2551 2529 2622 δηλῶν.
2578 2551 2800 2624 Ἐπειδὴ
2833 2552 2889 2607 δὲ
2921 2552 3028 2606 τῶν
3072 2552 3256 2606 καλῶν
3285 2551 3544 2606 ἁπάντων
3569 2566 3703 2621 μαι·

2108 2643 2329 2714 εύτριαν
2361 2640 2471 2698 οἶδε
2500 2641 2603 2716 τὴν
2630 2644 3160 2717 ταπεινοφροσύνην,
3197 2644 3293 2700 καὶ
3330 2644 3462 2699 ἄνευ
3490 2641 3703 2711 ταύτης

2108 2736 2262 2789 οὐδὲν
2289 2736 2728 2808 κατορθούμενον
2766 2737 2877 2791 τῶν
2905 2737 3236 2803 σπουδαίων,
3266 2738 3355 2792 διὰ
3384 2736 3543 2792 τοῦτο
3571 2737 3703 2790 ἑπι-

2108 2830 2265 2899 φὲρει
2306 2829 2389 2894 τὸ,
2424 2830 2737 2900 Καυχάσθω
2770 2833 2797 2884 ὁ
2844 2829 3074 2901 ἁδελφὸς
3112 2834 3139 2885 ὁ
3186 2831 3467 2897 ταπεινὸς,
3502 2832 3597 2886 καὶ
3627 2828 3705 2885 τὰ

2107 2919 2253 2993 ἑξῆς.
2281 2922 2403 2986 Πῶς
2425 2922 2482 2976 δὲ
2514 2921 2735 2994 δίψυχος
2778 2922 2994 2995 εἴρηται
3025 2925 3122 2979 καὶ
3152 2925 3242 2981 διὰ
3285 2926 3375 2992 τίς
3414 2924 3502 2988 Ὠς
3557 2925 3704 2995 μήτε

2108 3016 2249 3085 πρὸς
2282 3016 2382 3086 τὴν
2406 3015 2693 3086 παροῦσαν
2716 3016 2882 3088 ζωὴν,
2917 3020 3055 3090 μήτε
3095 3018 3232 3091 πρὸς
3259 3019 3357 3092 τὴν
3394 3018 3705 3090 μέλλουσαν

2108 3109 2466 3181 ἡδρασμένος.
2497 3109 2657 3180 Ψυχὴ
2675 3108 2784 3179 γάρ
2815 3113 2908 3163 καὶ
2938 3112 2970 3180 ὴ
3007 3112 3121 3180 ζωὴ
3147 3110 3391 3180 λέγεται,
3412 3111 3488 3175 ὡς
3518 3113 3576 3166 ὲν
3592 3110 3703 3182 τῷ,

408 3218 575 3274 habet
598 3215 763 3271 homo
785 3213 937 3270 dabit
971 3228 1070 3284 pro
1086 3211 1267 3269 anima
1303 3225 1399 3265 sua
1416 3208 1457 3264 '.
1500 3227 1519 3260 ι
1556 3237 1623 3250 --
1667 3226 1687 3256 «
1721 3206 1781 3260 In
1820 3202 1999 3259 omni-

2113 3221 2132 3254 ι
2169 3202 2356 3306 Πάντα
2385 3201 2485 3255 ὅσα
2524 3201 2639 3273 ἔχει
2684 3201 2976 3272 ἄνθρωπος
3007 3201 3169 3256 δώσει
3202 3203 3349 3274 ὑπὲρ
3386 3203 3486 3274 τῆς
3514 3202 3707 3273 ψυχῆς

406 3310 515 3366 bus
544 3308 650 3364 viis
689 3307 825 3362 suis.
866 3324 885 3357 ι
923 3304 1047 3359 Vias
1081 3302 1213 3358 dicit
1236 3299 1405 3355 animi
1432 3308 1615 3355 motus
1641 3297 1842 3367 quibus
1874 3310 2002 3365 spes

409 3402 676 3464 elevatur,
709 3398 824 3453 sive
851 3411 973 3467 quae
998 3394 1146 3449 utilis
1179 3402 1266 3448 est
1294 3391 1409 3445 sive
1438 3403 1559 3459 qum
1586 3387 1818 3450 inutilis,
1850 3387 2001 3456 juxta

408 3491 465 3547 id
485 3489 633 3562 quod
653 3487 729 3543 ait
759 3486 929 3543 David
954 3504 967 3539 :
1011 3503 1033 3536 ι
1064 3484 1131 3539 Et
1160 3496 1351 3537 omnes
1372 3480 1487 3535 vias
1511 3493 1661 3533 meas
1682 3491 1968 3548 przccogno
1985 3504 1998 3515 ~

410 3584 538 3641 visti
560 3584 605 3637 ".
639 3600 658 3634 ι

480 3674 525 3737 1,
556 3671 714 3727 9-H.
746 3668 1016 3725 Gloriatur
1053 3675 1235 3720 autem
1270 3665 1438 3734 frater
1476 3664 1566 3733 qui
1606 3662 1817 3715 Immitis
1847 3660 2003 3714 estin

410 3764 735 3821 sublimitate
772 3778 871 3816 sua
916 3777 934 3815 :
969 3767 1154 3813 contra
1189 3756 1276 3824 qui
1305 3756 1445 3809 dives
1482 3764 1579 3819 cst,
1615 3754 1669 3805 in
1696 3752 2001 3806 humilitate

408 3876 511 3914 sua
542 3874 560 3915 :
603 3856 857 3929 quoniam
889 3853 1049 3908 veluti
1081 3852 1183 3919 ﬂos
1221 3848 1394 3903 herba
1422 3848 1732 3919 prwteribit.
1766 3846 2000 3900 Exortus

408 3962 486 4007 est
510 3951 647 4005 enim
667 3947 748 4002 sol
773 3963 889 4000 cum
907 3953 1061 4008 testu,
1101 3951 1150 3996 et
1188 3942 1397 3996 exaruit
1431 3940 1615 4002 herba,
1644 3948 1692 3992 et
1729 3940 1826 4009 ﬂos
1854 3939 2000 3992 illius

410 4044 625 4106 decidit,
650 4051 700 4095 et
723 4043 880 4094 decor
903 4047 1145 4107 aspectus
1170 4035 1314 4090 illius
1341 4035 1518 4105 periit.
1552 4033 1642 4089 Sic
1673 4044 1723 4088 et
1765 4034 1908 4091 dives
1944 4033 2001 4085 in

408 4137 505 4191 viis
521 4136 628 4190 suis
655 4140 959 4188 marcescat.

481 4402 753 4470 Quoniam
786 4398 1135 4455 vacillantem
1166 4395 1436 4451 assimilat
1466 4395 1652 4451 fluctui
1696 4395 1788 4466 qui
1833 4406 1998 4452 vento

2106 3294 2289 3349 αὑτοῦ.
2320 3315 2338 3347 ι
2362 3326 2427 3336 -
2447 3313 2465 3346 ι
2518 3296 2604 3348 Ἐν
2645 3296 2846 3360 πάσαις
2882 3298 3001 3360 ταῖς
3029 3297 3168 3361 ὁδοῖς
3196 3297 3384 3351 αὑτοῦ.
3427 3316 3448 3350 ι
3488 3295 3706 3360 Ὁδοὺς,

2105 3387 2205 3451 τὰς
2225 3387 2463 3459 ψυχικὰς
2503 3389 2652 3457 λέγει
2684 3389 2953 3459 κινήσεις,
2985 3384 3081 3454 αἶς
3127 3391 3344 3455 ἐλπίδες
3381 3389 3703 3461 ὲπαιωροῦ-

2106 3498 2226 3535 νται
2272 3483 2382 3536 εἴτε
2417 3482 2654 3553 χρησταὶ
2710 3484 2821 3536 εἴτε
2877 3484 2976 3537 κοιλ⁵
3034 3486 3133 3555 μὴ,
3174 3483 3312 3540 καθό
3334 3501 3499 3555 ,φησι
3542 3488 3639 3536 καὶ
3670 3484 3709 3536 ὁ

2104 3573 2291 3639 Δαυῖδ,
2331 3593 2350 3625 ι
2406 3575 2517 3628 Καὶ
2549 3576 2731 3640 πάσας
2765 3577 2866 3639 τὰς
2915 3576 3069 3640 ὁδούς
3105 3593 3207 3647 μου
3229 3577 3498 3647 προεῖδες.
3537 3595 3557 3629 ι

2178 3666 2514 3737 Καυχάσθω
2549 3667 2618 3720 δὲ
2661 3672 2694 3722 ό
2738 3669 3025 3738 ἁδελφὸς,
3073 3671 3105 3723 ὁ
3150 3668 3450 3736 ταπεινὸς,
3485 3668 3556 3722 ὲν
3614 3668 3709 3734 τῷ
3746 3730 3753 3733 η

2105 3759 2247 3827 ὕψει
2285 3760 2512 3814 αὐτοῦ-
2547 3765 2579 3814 ό
2621 3760 2691 3815 δὲ
2749 3762 3052 3828 πλούσιος
3093 3762 3162 3817 ἐκ
3216 3760 3290 3831 τῇ
3338 3760 3708 3816 ταπεινώσει

2104 3851 2323 3907 αὐτοῦ’
2375 3852 2465 3907 ὅτι
2541 3854 2622 3919 ὡς
2674 3852 2856 3918 ἄνθος
2930 3855 3150 3920 χόρτου
3227 3855 3701 3924 παρελεύσεται.

2122 3944 2425 4000 ’Λνέτει.ίε
2456 3947 2565 4015 γὰρ
2595 3948 2627 3999 ό
2652 3945 2829 4013 ἣλιος
2863 3944 2987 3999 σὺν
3010 3946 3086 4013 τῷ
3110 3947 3398 4013 καύσωνι,
3427 3948 3522 4003 καί
3548 3948 3663 4018 ἐξῆ
3680 3979 3706 3989 -

2096 4052 2248 4106 pars
2274 4039 2380 4093 τὸν
2402 4038 2643 4107 χόρτον,
2688 4038 2789 4092 καί
2840 4040 2907 4091 τὸ
2948 4039 3133 4106 ἄνθος
3179 4039 3366 4094 αὐτοῦ
3414 4041 3702 4106 ἐξέπεσε,

2106 4129 2206 4181 καὶ
2244 4130 2281 4197 ἡ
2318 4130 2646 4196 εὐπρέπεια
2680 4128 2784 4183 τοῦ
2817 4128 3145 4198 προσώπου
3176 4130 3363 4185 αὑτοῦ
3394 4129 3701 4186 ἀπώλετο.

2109 4220 2308 4287 Οὕτως
2339 4221 2439 4274 καί
2470 4224 2503 4275 ό
2533 4222 2835 4287 πλούσιος
2867 4223 2937 4275 ἐν
3005 4221 3129 4289 ταῖς
3184 4223 3454 4292 πορείαις
3501 4223 3707 4277 αὑτοῦ

2096 4313 2570 4382 μαρανθήσεται.

2116 4408 2147 4477 ε’
2188 4405 2410 4478 Ἐπειδὴ
2440 4406 2672 4462 κλύδωνι
2710 4408 2916 4480 ἀνέμου
2949 4411 3042 4467 τὸν
3088 4412 3504 4484 διακρινόμενον
3530 4411 3701 4465 ἄπει-

407 4495 608 4565 agitur,
639 4491 733 4563 qui
780 4488 1001 4549 inflatus
1039 4487 1367 4544 sublimatur
1409 4503 1515 4543 una
1548 4504 1675 4544 cum
1716 4490 1999 4560 spiritibus

2108 4497 2282 4565 κάζει,
2313 4499 2373 4563 ὃς
2424 4500 2824 4571 μετεωρίζεται
2858 4505 2959 4574 μὲν
3016 4507 3131 4570 τοῖς
3180 4504 3487 4576 πνεύμασιν
3534 4502 3701 4571 ἐξογ-

408 4583 597 4650 maris,
627 4582 720 4641 sed
756 4579 1073 4650 priusquam
1109 4577 1376 4642 elevetur.
1410 4580 1780 4647 prosternitur
1806 4596 1874 4637 ac
1913 4597 1999 4637 se-

2108 4591 2395 4662 κούμενος,
2446 4593 2643 4651 θᾶττον
2686 4598 2743 4651 δὲ
2778 4598 2809 4670 ἦ
2847 4599 3129 4672 ὑψωθῆναι
3172 4602 3587 4671 καταστορεῖται
3624 4612 3702 4650 τι

406 4673 608 4728 datur:
657 4671 764 4725 hoc
815 4671 993 4738 ipsum
1036 4675 1222 4725 autem
1262 4671 1532 4738 contingit
1562 4671 1863 4740 vacillanti,
1906 4675 1999 4743 qui

2108 4686 2200 4739 καὶ
2228 4686 2563 4759 κοιμίζεται,
2598 4690 2769 4745 ταὺτὸ
2792 4690 2849 4745 δὲ
2879 4692 3041 4748 τοῦτο
3074 4694 3167 4747 καὶ
3203 4695 3231 4747 ὁ
3277 4691 3699 4763 διακρινόμενος

405 4778 521 4833 pra:
558 4760 699 4819 fastu
740 4775 804 4814 ac
839 4759 1095 4830 superbia
1132 4759 1188 4814 in
1218 4759 1370 4815 nullo
1406 4774 1597 4816 eorum
1634 4778 1756 4832 quae
1785 4778 2001 4834 oportet

2108 4777 2322 4850 πάσχει,
2349 4779 2410 4844 ἐξ
2444 4780 2822 4853 ὑπερηφανίας
2857 4785 2951 4837 καὶ
3002 4782 3307 4854 ὑπεροψίας
3355 4759 3491 4851 πρδς
3533 4759 3697 4832 δῦδέν

406 4856 589 4910 ﬁrmat
614 4869 742 4909 suas
762 4852 1095 4924 petitiones;
1120 4862 1408 4924 pr0pterea
1430 4854 1711 4928 subjungit
1744 4876 1758 4913 :
1788 4858 2001 4915 Glorie-

404 4950 496 4997 tur
534 4940 702 4997 frater
727 4941 819 5011 qui
861 4950 946 4997 est
978 4942 1221 4998 humilis.
1246 4946 1323 4999 Ae
1356 4943 1401 5000 si
1440 4944 1692 5002 diceret:
1738 4947 1845 5019 Qui
1883 4952 1999 5007 vult

410 5033 691 5105 quippiam
730 5041 938 5105 petere,
961 5035 1205 5106 primum
1223 5036 1445 5105 quidem
1487 5048 1638 5110 petat
1676 5057 1800 5112 quae
1829 5061 1999 5117 οροιι-

409 5132 509 5194 tet,
537 5126 593 5181 in
624 5126 824 5197 quibus
852 5142 1198 5199 nequaquam
1232 5128 1578 5187 fraudabitur
1611 5134 1799 5203 petitis
1832 5154 1845 5191 :
1879 5137 1996 5195 haec

406 5224 591 5274 autem
616 5225 746 5277 sunt
778 5232 1007 5293 regnum
1037 5218 1133 5274 Dei
1163 5226 1218 5274 et
1238 5219 1452 5289 iustitia
1479 5240 1493 5276 :
1528 5222 1727 5278 deinde
1756 5225 1995 5284 tolerans

405 5309 478 5364 sit
504 5309 562 5364 in
593 5310 781 5366 talium
814 5309 1100 5382 petitione,
1147 5327 1325 5382 neque
1355 5313 1446 5370 ubi
1480 5316 1763 5384 paululum
1797 5335 1993 5390 preca-

404 5406 494 5455 tus
515 5408 623 5464 est,
658 5400 843 5457 statim
873 5401 1138 5466 discedat.
1168 5402 1221 5458 id
1246 5401 1393 5459 enim
1415 5407 1722 5477 arrogantis
1747 5419 1830 5465 est
1857 5427 1871 5465 :
1894 5413 1991 5468 sed

404 5498 683 5561 exspectet
705 5493 881 5549 donec
908 5495 1159 5565 accipiat,
1180 5512 1279 5568 per
1293 5500 1657 5560 humilitatem
1683 5506 1988 5565 tolerando.

409 5597 430 5632 ι
465 5580 569 5648 Qui
597 5581 820 5649 humilis
846 5595 953 5650 est,
973 5586 1030 5643 in
1053 5589 1389 5647 sublimitate
1418 5609 1538 5651 sua.
1576 5615 1594 5649 ι
1628 5598 1705 5655 Ex
1738 5600 1995 5658 humilia-

404 5671 556 5731 tione
577 5675 878 5733 secundum
903 5678 1095 5749 Deum,
1112 5681 1377 5754 contingit
1400 5688 1559 5744 nobis
1582 5706 1746 5748 omne
1764 5695 1989 5751 bonum.

476 5856 626 5917 “Job
692 5862 838 5929 ",4.
916 5866 935 5897 ⁷
967 5863 1112 5922 Psal.
1165 5881 1435 5940 cxxxvut,
1482 5872 1543 5926 4.

2099 4870 2210 4923 τῶν
2238 4870 2470 4926 δεόντων
2513 4873 3022 4946 ἐπιστηρίζωνλτάς
3052 4874 3249 4929 ἑαυτοῦ
3286 4870 3554 4941 αἰτήσεις,
3599 4868 3695 4925 διὰ

2100 4960 2261 5015 τοῦτο
2288 4962 2541 5035 ἐπιφέρει
2576 4962 2657 5031 rb,
2681 4965 2995 5037 Καυχάσθω
3021 4967 3050 5015 ὁ
3075 4962 3303 5032 ἀδελφὸς
3334 4963 3362 5015 ὁ
3398 4961 3684 5025 ταπεινός·

2102 5052 2346 5107 τοιοῦτόν
2375 5071 2427 5108 τι
2450 5054 2627 5125 λέγων
2655 5072 2668 5086 ⁸
2718 5055 2778 5111 ὐ
2800 5055 3126 5126 βουλόμενος
3152 5055 3328 5109 αἰτεῖν
3357 5070 3432 5120 τι,
3468 5052 3692 5127 πρῶτον

2104 5145 2205 5217 μὲν
2228 5145 2451 5199 αἰτείτω
2474 5146 2543 5200 τὰ
2581 5148 2794 5212 δέοντα,
2834 5150 2893 5202 ὲν
2924 5142 3005 5211 οἷς
3057 5148 3179 5204 οὑδὲ
3223 5147 3521 5219 ἀστοχήσει
3578 5147 3692 5201 τῶν

2102 5235 2461 5307 αἰτουμένων.
2511 5235 2699 5292 Ταῦτα
2759 5237 2818 5292 δέ
2859 5239 3008 5292 ἐστιν
3047 5238 3083 5310 ἡ
3111 5236 3360 5309 βασιλεία
3422 5234 3517 5289 τοῦ
3547 5233 3689 5288 Θεοῦ

2101 5330 2197 5385 καὶ
2227 5331 2261 5402 ἡ
2292 5329 2636 5405 δικαιοσύνη.
2666 5332 2902 5386 Ἔπειτα
2932 5330 3269 5403 καρτερείτω
3296 5329 3425 5402 περὶ.
3451 5329 3552 5400 τὴν
3580 5327 3695 5383 τῶν

2097 5422 2360 5475 τοιούτων
2396 5421 2636 5495 αἴτησιν,
2685 5421 2821 5477 ἀλλά
2859 5423 2937 5493 μὴ
2983 5421 3071 5475 ἐπ’
3128 5419 3309 5490 ὀλίγον
3364 5418 3691 5490 εὐξάμενος,

2095 5513 2263 5579 εὐθὺς
2288 5515 2663 5589 ἀναχωρείτω,
2696 5515 2977 5586 (ἀλαζόνος
2998 5514 3105 5586 γὰρ
3127 5511 3329 5586 τοῦτο,)
3355 5512 3488 5567 ἀλλὰ
3526 5529 3687 5583 περι·

2101 5609 2310 5678 μενέτω
2365 5609 2464 5681 τὴν
2512 5608 2677 5680 λῆψιν
2725 5612 2784 5663 ὲν
2830 5596 3197 5664 ταπεινώσει’“
3228 5605 3684 5681 προσκαρτερῶν.

2102 5718 2121 5752 ι
2170 5698 2227 5753 '0
2262 5701 2540 5790 7anew_b;,
2566 5704 2641 5759 ἐν
2677 5702 2756 5775 τῷ
2802 5702 2927 5774 ὕψει
2966 5702 3153 5760 αὑτοῦ.
3189 5723 3208 5758 ι
3255 5704 3349 5759 Ἐκ
3396 5701 3494 5756 ’τοῦ
3541 5701 3692 5756 κατὰ
