3850 6572
456 422 560 486 463

1521 416 1922 477 (ECUMENII
1959 415 2249 479 TRICC/E
2283 420 2621 481 EPISCOPI
3565 446 3647 516 ια

455 531 810 598 tentationes,
855 547 954 589 cur
983 548 1131 589 nunc
1164 531 1345 588 omnis
1397 531 1714 587 tentationis
1753 546 1974 586 causam
2004 547 2034 585 a

2154 533 2292 601 :la;;
2338 535 2498 589 Ἀλλὰ
2534 536 2749 589 σκόπει·
2772 536 2871 590 οὐκ
2904 531 3025 590 εἷπε
3060 538 3391 610 Πειρασθεὶς,
3413 549 3533 609 ἀλλὰ
3556 560 3649 615 Πει.

457 633 565 686 Deo
590 618 812 701 rej'icit?
838 626 944 683 Sed
969 627 1254 683 considera
1275 625 1421 696 quod
1449 640 1559 680 non
1589 623 1722 680 dicit
1746 642 1763 680 2
1790 624 1894 690 Qui
1915 631 2035 679 ten-

456 718 601 778 ta'tus
629 730 736 787 est,
771 718 867 777 sed
893 718 998 786 Qui
1028 727 1272 774 tentatur
1291 735 1307 776 :
1326 730 1451 772 eum
1480 716 1629 772 enim
1659 717 1753 786 qui
1787 730 1884 786 per
1906 730 2035 786 pec-

453 825 636 873 catum
654 822 710 872 et
739 811 1213 885 intemperantiam
1236 810 1340 866 sibi
1358 810 1467 882 ipsi
1500 810 1830 867 tentationes
1852 824 2037 865 accer-

454 910 547 977 sit,
580 909 739 965 itaut
776 908 833 963 in
890 905 1154 962 continuo
1199 904 1272 960 sit
1304 903 1444 969 salo,
1488 903 1623 959 dicit
1665 918 1696 958 a
1752 903 1865 958 Deo
1924 916 2034 957 non

455 1002 679 1069 tentari,
698 999 845 1057 seda
891 997 1109 1070 propria
1139 996 1614 1067 concupiscentia.
1670 995 1952 1064 Siquidem
1991 994 2037 1050 is

453 1097 548 1168 qui
586 1096 787 1150 illatam
834 1092 967 1148 vicit
1018 1092 1400 1157 tentationem,
1463 1089 1679 1147 caulius
1710 1104 1777 1145 ac
1828 1088 2038 1144 ﬁrmius

455 1189 695 1258 seipsum
718 1183 1024 1249 constituit,
1067 1183 1147 1239 sic
1177 1191 1236 1238 ut
1266 1198 1379 1239 non
1430 1182 1591 1239 facile
1616 1181 1865 1252 capiatur
1914 1188 2037 1235 ten-

457 1280 770 1344 tationibus,
809 1276 899 1333 liis
925 1275 1163 1331 maxime
1193 1292 1314 1347 quae
1349 1292 1381 1332 a
1430 1275 1617 1347 seipso
1662 1283 2034 1331 moverentur.

455 1373 594 1427 Cum
620 1371 768 1426 enim
798 1368 865 1425 ad
890 1369 1284 1439 sapientiorem
1319 1366 1676 1424 declinaverit
1697 1366 1887 1430 vitam,
1914 1364 2039 1419 fon-

456 1476 566 1520 tem
596 1464 827 1520 occlusit
854 1462 946 1532 qui
988 1460 1388 1517 tentationibus
1438 1468 1644 1526 manat,
1678 1470 1734 1515 et
1781 1459 2039 1528 deinceps

458 1555 513 1610 in
548 1554 735 1624 requie
753 1552 955 1624 .degita
999 1550 1419 1606 tcutationibus.
1474 1549 1619 1606 Deus
1670 1558 1854 1605 autem
1884 1547 2040 1603 malis

457 1646 655 1701 tentari
698 1644 927 1715 nequit:
989 1642 1143 1713 juxta
1201 1658 1328 1698 eum
1380 1642 1474 1712 qui
1523 1642 1663 1698 dixit
1710 1643 2038 1712 (quanquam

458 1738 816 1807 externuslsit
840 1752 871 1792 a
900 1717 1061 1791 nobis
1083 1745 1139 1791 et
1158 1752 1189 1790 a
1213 1736 1317 1791 fide
1332 1734 1566 1805 alienus)
1588 1753 1605 1795 :
1633 1734 1826 1791 Divina
1855 1734 2042 1789 beata-

458 1844 565 1900 que
597 1836 791 1882 natura
846 1840 1026 1896 neque
1076 1825 1357 1881 molestias
1399 1824 1638 1881 sustinet
1687 1838 1866 1894 neque
1913 1823 2040 1879 aliis

461 1921 684 1991 praebet.
716 1918 870 1974 Circa
901 1917 1189 1973 mortalem
1211 1917 1357 1973 enim
1389 1932 1454 1972 ac
1481 1925 1754 1972 terrenam
1788 1925 2040 1971 naturam

467 2014 522 2066 in
547 2025 652 2081 qua
683 2009 920 2066 varietas
956 2022 1018 2063 ac
1041 2006 1272 2061 mutatio
1309 2004 1667 2076 conspicitur,
1719 2005 2044 2076 contingunt

464 2106 580 2158 lucc
622 2101 808 2156 omnia
863 2114 985 2170 quae
1034 2108 1280 2153 nostram
1337 2105 1722 2168 przeoccupant
1770 2104 2039 2151 naturam.

461 2192 916 2264 Concupiscentia
952 2205 1084 2246 vero
1104 2204 1169 2243 ac
1199 2197 1508 2259 peccatum,
1549 2196 1608 2243 et
1657 2203 1780 2258 qua:
1810 2202 1876 2243 ex
1937 2188 2044 2242 hoc

464 2288 720 2342 imminet
759 2284 956 2339 animae
1011 2296 1191 2346 mors,
1235 2281 1437 2353 gradus
1490 2280 1709 2351 quidam
1764 2280 2044 2336 constituti

464 2390 594 2436 sunt
653 2380 720 2435 ad
774 2380 1070 2433 humanam
1138 2374 1527 2445 perditionem.
1580 2372 2044 2444 Concupiscentia

464 2473 612 2526 enim
651 2469 832 2524 locum
875 2465 1163 2521 diversorii
1222 2472 1435 2532 tenens,
1482 2464 1706 2521 iuventa
1760 2463 2046 2525 mansione

400 2552 405 2563 ’
463 2569 688 2632 operata
744 2566 830 2615 est
882 2564 1188 2628 peccatum,
1227 2556 1375 2626 quod
1434 2555 1578 2627 parit
1620 2564 1885 2619 mortem,
1937 2553 2046 2609 nisi

463 2662 648 2708 incute
689 2651 819 2706 illud
854 2649 1218 2714 eradicantes,
1251 2646 1478 2704 alterius
1516 2648 1643 2705 vitae
1687 2646 1848 2703 nobis
1889 2646 2045 2701 inve-

464 2746 712 2801 norimus
773 2743 1011 2798 initium.
1059 2741 1329 2808 Quoniam
1378 2741 1545 2813 igitur
1613 2741 1744 2796 satis
1807 2737 2048 2795 ostendit

465 2838 704 2893 divinam
735 2844 988 2891 naturam
1016 2848 1196 2904 neque
1229 2832 1429 2889 tentari
1484 2847 1668 2904 posse,
1696 2847 1874 2903 neque
1924 2829 2048 2886 aliis

468 2930 519 2984 id
544 2929 805 3000 praebere,
842 2927 1172 2983 tentationes
1200 2933 1387 2981 autem
1419 2925 1559 2982 dicit
1609 2924 1702 2981 hic
1760 2926 2049 2994 cogitatio-

465 3038 590 3088 nes,
624 3020 821 3075 animac
847 3018 1202 3074 stabilitatem
1250 3018 1537 3074 turbantes
1588 3032 1654 3073 ac
1703 3015 2048 3073 confunden-

466 3125 583 3169 tes:
619 3113 780 3186 M7
812 3127 937 3168 nam
974 3126 1145 3182 qusea
1174 3111 1288 3168 Deo
1326 3120 1476 3177 sunt,
1524 3110 1759 3166 animam
1810 3110 2049 3165 maxime

467 3206 771 3269 stabiliunt,
820 3220 941 3259 eam
991 3203 1361 3260 illuminantes
1411 3212 1468 3259 et
1524 3203 1856 3259 inetlabilem
1928 3203 2050 3274 ejus
2077 3243 2120 3303 ο

466 3296 933 3366 pulchritudinem
986 3296 1173 3351 multis
1233 3295 1637 3354 ostendentes:
1708 3297 1833 3353 ideo
1903 3311 2052 3351 nunc

469 3388 783 3460 subiungit:

537 3480 579 3544 Ι,
616 3480 810 3543 17,18.
844 3479 1030 3536 Omnis
1054 3479 1272 3534 donatio
1293 3480 1425 3536 bona
1450 3490 1498 3536 et
1528 3496 1677 3536 omne
1707 3484 1899 3535 donum
1928 3496 2052 3550 per-

469 3575 663 3641 fectum
698 3589 725 3626 e
754 3573 995 3643 supernis
1012 3568 1113 3639 est,
1148 3572 1461 3629 descendens
1496 3592 1528 3628 a
1558 3574 1725 3628 Patre
1771 3573 2050 3639 luminum,

470 3666 614 3734 apud
643 3680 795 3735 quem
840 3680 944 3719 non
994 3673 1068 3720 est
1118 3667 1495 3720 transmutatio
1550 3682 1642 3720 nec
1701 3667 2053 3721 conversionis

471 3754 821 3807 obumbratio.
876 3753 941 3808 In
1000 3755 1264 3809 destinata
1305 3756 1571 3812 voluntate
1628 3758 1904 3829 progenuit
1963 3774 2054 3811 nos

471 3846 621 3899 verbo
645 3846 900 3910 veritatis,
932 3855 987 3902 ut
1018 3863 1243 3904 essemus
1266 3849 1517 3917 primitia:
1544 3850 1789 3921 quaedam
1834 3866 2055 3904 suarum

473 3947 865 3991 creaturarum.

551 4046 567 4077 ι
606 4026 646 4080 Ε
686 4029 943 4099 supernis
1000 4039 1085 4085 est
1123 4045 1154 4085 a
1204 4030 1364 4087 Patre
1415 4031 1707 4088 luminum.
1751 4051 1770 4086 ι
1802 4031 1939 4088 Cum
1991 4048 2054 4089 ea

471 4134 592 4193 qua:
664 4134 695 4172 a
771 4120 962 4185 nobis,
1012 4120 1347 4178 inducuntur
1409 4138 1586 4193 neque
1661 4112 2053 4193 perfectionem

474 4187 733 4278 lizhacant,
765 4213 861 4269 sed
887 4214 1111 4270 multam
1147 4216 1329 4286 potius
1350 4215 1845 4293 imperfectionem,
1878 4230 2055 4285 neque

348 4334 367 4353 κ
473 4302 709 4356 animam
770 4303 1065 4371 illustrent,
1120 4305 1394 4375 quomodo
1460 4307 1609 4360 enim
1659 4304 2055 4376 perfectionem

472 4393 876 4464 haberentquae
935 4402 1123 4464 postea
1162 4410 1232 4450 ex
1286 4394 1429 4449 felici
1478 4411 1768 4467 progressu
1834 4408 2057 4452 sumunt

471 4484 887 4552 perfectionem,
916 4484 1119 4554 vixque
1177 4485 1351 4540 multo
1379 4486 1566 4542 labere
1597 4487 1993 4558 turpitudinem
2024 4505 2055 4543 a

2150 625 2471 699 ραζόμενος.
2521 629 2625 682 Τὸν
2670 628 2780 700 γάρ
2830 630 3008 700 ἐαυτῷ
3054 630 3143 683 διὰ
3194 632 3541 707 πλημμέλειαν
3580 657 3651 712 καὶ

2138 721 2437 775 ἀκολασίαν
2485 721 2849 792 ἐκπορίζοντα
2886 722 3013 787 τοὺς
3079 731 3426 798 πειρασμοῦς,
3461 735 3579 793 ὥστε
3603 746 3649 799 ἐν

2138 813 2376 884 διηνεκεῖ
2404 812 2553 885 σάλῳ
2586 809 2749 879 εῖναι,
2783 814 2973 869 τοῦτον
2998 814 3144 883 λέγει
3185 817 3259 888 μὴ
3280 820 3382 875 ἀπὸ
3404 823 3526 881 Θεοῦ
3554 849 3648 887 πει.

2142 904 2428 998 ράζεσθαι,
2485 906 2604 961 ἀλλ’
2640 907 2755 998 ἀπὸ.
2786 908 2888 977 τῆς
2929 907 3068 972 ίδίας
3133 909 3437 983 ἐπιθυμίας.
3475 918 3525 973 '0
3568 927 3655 998 γάρ

2139 1014 2223 1051 τοι
2262 997 2353 1052 τὸν
2370 998 2730 1070 ἐπενεχθέντα
2750 996 2988 1070 ’νικήσας
3014 1004 3334 1074 πειρασμὸν,
3368 996 3653 1078 ἀσφαλέστεζ

2146 1105 2238 1161 ρον
2273 1089 2474 1144 ἑαυτὸν
2509 1092 2879 1163 καταστήσας,
2926 1091 3233 1158 δυσάλωτος
3274 1096 3350 1151 ἐτι
3380 1101 3656 1163 καθίσταται

2141 1184 2487 1254 πειρασμοῖς,
2531 1183 2767 1253 μάλιστα
2818 1185 2929 1247 τοῖς
2967 1184 3060 1254 ἀφ’
3099 1185 3293 1241 ἑαυτοῦ
3342 1197 3654 1265 κινουμένοις.

2142 1274 2288 1346 Πρὸς
2311 1274 2423 1343 γὰρ
2449 1274 2897 1347 φιλοσοφωτέραν
2918 1274 3217 1341 ἀποκλίνας
3251 1278 3410 1353 ζωὴν,
3438 1286 3659 1358 ἐνέφραξε

2147 1367 2246 1437 τὴν
2281 1367 2410 1431 τοὺς
2440 1368 2784 1439 πειρασμοὺς
2811 1368 3050 1422 νάουσαν
3089 1368 3295 1441 πηγὴν,
3325 1372 3415 1428 καλ⁸
3439 1376 3493 1429 ὲν
3507 1379 3660 1435 ἀνέσει

2140 1458 2327 1515 λοιπὸν
2359 1460 2468 1514 τῶν
2514 1459 2839 1531 πειρασμῶν
2869 1459 3124 1517 διατελεῖ.
3168 1460 3508 1534 ’Ᾱπείραστος
3549 1470 3598 1523 δὲ
3640 1477 3662 1527 ὁ

2141 1550 2275 1614 Θεὸς
2305 1552 2516 1616 κακῶν,
2553 1551 2699 1606 κατά
2742 1552 2833 1605 τὸν
2867 1551 3131 1623 εἰρηκότα
3166 1552 3290 1626 (κᾶν
3327 1555 3428 1610 τῶν
3470 1558 3663 1630 θύραθέν

2143 1644 2293 1697 ἐστιν
2322 1643 2502 1715 ἡμῖν)·
2533 1643 2607 1697 Τὸ
2639 1644 2794 1698 Θεῖόν
2825 1662 2888 1699 τε
2948 1646 3046 1700 καὶ
3092 1647 3382 1718 μακάριον,
3418 1649 3530 1704 οὔτε
3560 1654 3666 1709 αὐτὸ

2142 1738 2448 1807 πράγματα
2497 1736 2632 1807 ἔχει,
2684 1736 2810 1790 οὔτε
2867 1735 3077 1807 ἑτέροις
3133 1738 3383 1809 παρέχει.
3431 1742 3552 1813 Περὶ
3582 1744 3663 1814 τὴν

2154 1826 2357 1897 θνητὴν
2389 1825 2499 1898 γὰρ
2530 1825 2690 1895 φύσιν
2717 1828 2811 1881 καὶ
2841 1826 3121 1898 περίγειον
3143 1826 3313 1883 ταῦτα
3345 1829 3525 1898 πάντα,
3569 1839 3670 1905 περὶ

2145 1920 2212 1990 ἢν
2242 1918 2529 1983 ἀλλοίωσις
2576 1921 2769 1990 δρᾶται
2807 1920 2900 1973 καὶ
2928 1919 3225 1992 μεταϐολὴ,
3270 1920 3340 1976 τά
3369 1922 3463 1993 τῆς
3497 1925 3671 1993 φύσεως

2146 2012 2304 2084 ἡμῶν
2358 2012 2839 2083 προκατάρχοντα.
2886 2013 3187 2083 Ἐπιθυμία
3224 2013 3282 2067 δὲ
3313 2017 3405 2070 καὶ
3448 2017 3669 2090 ἁμαρτία,

2145 2106 2241 2160 καὶ
2267 2106 2295 2159 ὁ
2315 2104 2380 2159 ἐκ
2406 2103 2613 2175 ταύτης
2636 2104 3003 2176 ἐπιφυόμενος
3030 2108 3099 2177 τῇ
3136 2106 3283 2179 ψυχῇ
3319 2107 3551 2176 θάνατος,
3599 2111 3675 2182 βα-

2147 2196 2275 2267 θμοί
2297 2213 2444 2260 τινες
2473 2196 2573 2266 τῆς
2600 2196 2951 2268 ἀνθρωπίνης
2979 2197 3391 2270 καθεστήκασιν
3418 2202 3673 2265 ἀπωλείας.

2159 2288 2222 2342 Ἦ
2250 2288 2359 2358 γὰρ
2409 2286 2679 2357 ἐπιθυμία
2723 2286 2910 2360 χώραν
2955 2287 3203 2343 λαϐοῦσα
3251 2291 3565 2362 παραδοχῆς,
3599 2295 3675 2346 καὶ

2152 2380 2320 2453 μονὴν
2354 2377 2663 2451 ἀνευροῦσα
2700 2380 3062 2451 ἐνειργάσατο
3099 2380 3204 2453 τὴν
3240 2382 3520 2454 ἁμαρτίαν.
3551 2386 3679 2449 “litt;

2147 2472 2383 2528 άπέτςκε
2424 2471 2675 2535 θάνατον,
2704 2471 2771 2525 ἂν
2807 2472 2886 2541 μὴ
2917 2471 3163 2537 διανοίας
3193 2474 3364 2547 αὐτὴν
3392 2472 3680 2545 ὲκριζώσαν-

2148 2580 2261 2633 τες,
2299 2562 2562 2635 δευτέρας
2596 2565 2732 2635 ἡμῖν
2767 2562 2913 2634 ζωῆς
2937 2565 3322 2636 ἀνευρήσομεν
3355 2567 3533 2637 ἀρχήν.
3561 2568 3683 2621 Ἐπεὶ

2149 2654 2244 2713 οῦν
2274 2655 2643 2728 ἀποχρώντως
2668 2654 2837 2720 ἔδειξε
2864 2656 2966 2727 τὴν
2994 2655 3151 2711 θείαν
3177 2659 3366 2726 φῦσιν,
3401 2658 3517 2729 μήτ’
3543 2660 3683 2729 αὐτὴν

2151 2752 2328 2806 οἴαντε
2356 2732 2529 2804 οὖσαν
2568 2747 2951 2818 πειράζεσθαι,
3004 2750 3135 2821 μήτ’
3167 2749 3351 2814 ἄλλοις
3375 2750 3521 2805 τοῦτο
3567 2768 3683 2819 παρ·

2152 2846 2406 2916 έχουσαν,
2463 2843 2613 2914 λέγει
2656 2843 2713 2897 δὲ
2765 2844 3113 2914 πειρασμοὺς
3174 2843 3431 2910 ἐνταῦθα,
3483 2847 3594 2910 τοὺς
3640 2847 3688 2898 τὺ

2152 2936 2414 3000 εὐσταθὲς
2462 2936 2565 3008 τῆς
2625 2936 2808 3008 ψυχῆς
2855 2937 3162 3008 λογισμοὺς
3204 2937 3565 3010 ταράσσοντας
3611 2940 3687 2991 καὶ

2155 3029 2507 3099 συγχέοντας.
2549 3029 2613 3082 Ol
2643 3029 2754 3100 γάρ
2771 3028 2878 3083 ἀπὺ
2903 3028 3064 3093 Θεοῦ,
3102 3028 3343 3098 μάλιστα
3376 3044 3690 3097 καταστημα-

2152 3117 2297 3171 τικοὶ
2349 3115 2452 3185 τῆς
2479 3115 2682 3186 ψυχῆς,
2726 3116 3153 3188 λαμπρύνοντες
3194 3116 3564 3187 ταύτην.¹καὶ
3600 3120 3689 3177 τοῖς

2154 3207 2370 3271 πολλοῖς
2390 3207 2448 3261 τὸ
2477 3207 2793 3280 ἀπόρρητον
2836 3209 3010 3280 αὐτῆς
3038 3210 3490 3280 ὲκπομπεύοντες
3511 3209 3690 3274 κάλλος.

2156 3299 2254 3356 Διά
2270 3299 2426 3354 τοῦτο
2464 3299 2663 3369 ἐπάγει
2690 3300 2751 3354 τό
2774 3317 2788 3332 ·

2226 3476 2403 3533 Πᾶσα
2429 3477 2603 3543 δόσις
2651 3478 2868 3548 ἀγαθὴ,
2926 3478 3025 3533 καί
3054 3479 3187 3537 πᾶν
3212 3478 3455 3549 δώρημα
3481 3481 3695 3541 τέλειον.

2155 3568 2386 3622 ἄνωθεν
2412 3568 2482 3622 ἐκ
2541 3568 2650 3623 τοῦ
2704 3568 2940 3638 Πατρός
2970 3568 3095 3624 τῶν
3137 3571 3353 3641 φώτων
3383 3570 3562 3637 ἐστὶν,
3589 3570 3698 3636 παρ’

2155 3651 2336 3725 ᾦοὺκ
2390 3659 2483 3713 ἔνι
2535 3658 2914 3730 παραλλαγὴ,
2959 3662 2999 3730 ἢ
3037 3661 3277 3729 τροπῆς
3331 3662 3698 3728 ἀποσκίασμα.

2155 3750 2486 3818 Βουληθεις
2540 3752 2900 3819 ἀπεκύησεν
2958 3752 3122 3821 ἡμᾶς
3187 3755 3354 3824 λόγῳ
3421 3753 3701 3820 ἀληθείας.

2156 3845 2243 3908 εις
2280 3843 2348 3896 τὸ
2382 3839 2538 3899 εἶναι
2566 3842 2725 3915 ἡμᾶς
2764 3845 3049 3915 ἀπαρχήν
3070 3864 3216 3901 τινα
3245 3846 3367 3902 τῶν
3391 3845 3568 3902 αὑτοῦ
3604 3861 3703 3897 κτι-

2157 3934 2426 4005 σμάιων.

2235 4043 2254 4077 ι
2293 4025 2533 4080 ’Λνωθεν
2568 4026 2781 4082 ὲκκτοῦ
2808 4028 3022 4100 Πατρδς
3054 4030 3169 4084 τῶν
3197 4029 3416 4100 φώτων.
3455 4047 3473 4081 ι
3516 4029 3594 4091 Ὧς
3622 4026 3707 4080 τῶν

2159 4116 2288 4188 παρ’
2322 4116 2477 4185 ἡμῶν
2494 4118 2850 4188 ἐπαγομένων
2880 4119 3006 4173 οὗτε
3041 4122 3104 4174 τὸ
3137 4122 3380 4187 τέλειον,
3434 4124 3481 4175 εί
3515 4121 3583 4191 μὴ
3630 4118 3710 4172 καὶ

2160 4208 2296 4293 πολῦ
2340 4210 2401 4263 τὸ
2428 4210 2616 4275 ἀτελὲς
2666 4212 2923 4282 ἐχόντων,
2958 4211 3086 4266 οὔτε
3133 4215 3242 4285 τὴν
3281 4215 3462 4285 ψυχὴν
3489 4214 3710 4282 λαμπρυ-

2158 4301 2379 4357 νὸντων.
2426 4302 2549 4366 Πῶς
2572 4304 2683 4374 γὰρ
2707 4304 2934 4369 τέλειον,
2983 4306 3046 4358 τὸ
3072 4307 3188 4360 ἀπὸ
3220 4308 3336 4361 τῶν
3360 4310 3427 4361 ὲκ
3466 4300 3710 4376 προκοπῆς

2157 4395 2218 4448 τὸ
2241 4394 2446 4448 τέλειον
2472 4394 2880 4466 λαμὸανόντων,
2918 4400 3013 4452 καὶ
3064 4400 3234 4468 μόγις
3270 4400 3505 4469 καμάτῳ
3557 4395 3710 4461 πολλῷ

2158 4485 2219 4537 τὸ
2254 4487 2316 4537 ἐκ
2354 4484 2624 4553 γενέσεως
2652 4484 2840 4557 αἶσχος
2865 4489 3431 4561 ἀποκαθαιρομένων,
3469 4485 3581 4543 εἶτα
3607 4486 3715 4556 πρὸς

474 4577 759 4632 nativitate
826 4584 1170 4632 contractam
1220 4579 1564 4645 emundant,
1626 4591 1682 4634 et
1745 4580 1941 4636 deinde
1988 4581 2047 4635 ad

2166 4577 2264 4648 τὴν
2283 4577 2649 4648 λαμπρότητα
2677 4579 2775 4649 τὴν
2804 4580 2954 4632 θείαν
2980 4582 3416 4650 ἀφικνουμένων
3440 4600 3454 4646 ;
3492 4602 3508 4633 ι
3548 4580 3666 4645 [1αέ
3682 4577 3715 4639 ίΞ)
3802 4614 3807 4617 λ

473 4664 717 4719 divinum
784 4665 1134 4735 splendorem
1189 4668 1545 4738 pertingunt?
1602 4689 1619 4721 ι
1682 4670 1841 4740 Apud
1893 4686 2056 4741 quem

474 4773 584 4810 non
641 4766 726 4810 est
775 4758 1179 4812 transmutatio.
1246 4778 1264 4810 ι
1325 4759 1448 4830 Ipse
1494 4761 1639 4815 enim
1706 4762 1907 4817 clamat
1961 4779 2058 4833 per

475 4850 831 4917 prophetam:
898 4868 915 4900 ι
956 4849 1065 4920 Ego
1100 4865 1219 4905 sum
1266 4860 1456 4908 etnon
1511 4863 1695 4908 mutor
1728 4856 1791 4910 ¹⁰.
1842 4875 1861 4909 ι
1901 4855 2057 4923 Quod

474 4950 657 4995 autem
677 4941 786 4996 ait:
815 4959 833 4992 ι
862 4939 1249 4999 Conversionis
1269 4943 1634 5011 obumbratio,
1672 4966 1690 4999 ι
1715 4947 1817 5003 hoc
1847 4960 1952 5016 est,
1985 4963 2057 5004 ne

474 5030 716 5102 suspicio
737 5032 958 5102 quidem
979 5043 1075 5088 aut
1102 5035 1383 5106 quippiam
1414 5038 1744 5108 suspicionis
1800 5040 2051 5095 umbram

475 5126 765 5196 attingens.
840 5145 861 5178 ι
908 5126 959 5181 ls
1012 5128 1283 5184 destinata
1337 5131 1637 5187 voluntate.
1700 5151 1719 5185 ι
1779 5132 2055 5189 Destinata

474 5216 756 5271 voluntate
793 5218 949 5286 dixit,
1008 5234 1070 5275 os
1125 5220 1232 5275 illis
1278 5223 1597 5293 opprimens
1641 5225 1734 5294 qui
1790 5226 2053 5280 mundum

475 5322 604 5361 casu
650 5309 975 5378 productum
1031 5311 1204 5368 fuisse
1262 5327 1557 5387 nuganlur.
1591 5315 1859 5383 Quoniam
1908 5318 2053 5393 enim

476 5398 918 5469 dixitsuperius:
950 5403 1107 5473 Apud
1135 5419 1296 5474 quem
1332 5422 1443 5461 non
1502 5414 1589 5462 est
1642 5409 2054 5473 transmutatio,

476 5499 531 5547 et
558 5508 624 5547 ex
653 5492 754 5548 hoc
784 5497 1025 5551 ostendit
1068 5499 1464 5555 immutabilem
1511 5516 1633 5556 esse
1681 5502 1875 5567 Deum,
1928 5502 2059 5557 sub-

472 5584 692 5655 iungit:
725 5583 778 5639 ls
829 5586 1096 5643 destinata
1148 5591 1430 5647 voluntate
1480 5593 1773 5663 progenuit
1818 5608 1937 5648 nos.
1995 5592 2053 5648 Si

476 5674 621 5730 cnim
650 5690 748 5731 nos
785 5678 893 5731 nati
946 5695 1155 5747 sumus,
1195 5681 1547 5738 manifestum
1590 5691 1672 5737 est
1712 5684 1857 5753 quod
1888 5684 2050 5740 etiam

554 5852 594 5884 '°
617 5852 845 5912 Malach.
876 5870 957 5923 ιιι,
1014 5856 1070 5910 6.

2161 4668 2260 4722 οὐκ
2284 4668 2363 4722 ἔνι
2387 4670 2734 4740 παραλλαγή.
2766 4690 2784 4722 ι
2833 4672 3007 4736 Αὐτὸς
3044 4674 3161 4743 γὰρ
3225 4676 3327 4744 [50;
3361 4672 3451 4727 διὰ
3482 4672 3570 4725 τοῦ
3606 4682 3716 4736 προ·-

2162 4761 2360 4831 φήτου,
2394 4780 2412 4812 ι
2466 4754 2606 4829 Ἐγὼ
2637 4764 2775 4832 εἰμι,
2816 4765 2909 4816 καὶ
2959 4766 3060 4817 οὐκ
3119 4767 3456 4835 ἁλλοίωμαι.
3489 4783 3507 4814 ι
3549 4760 3612 4810 Τὸ
3655 4756 3718 4819 δὲ,

2163 4852 2386 4923 Τροπῆς
2432 4854 2812 4924 ἀποσκίασμα,
2863 4857 2985 4909 ἀντὶ
3036 4857 3161 4919 τοῦ,
3210 4858 3339 4911 οὐδὲ
3376 4854 3584 4924 μέχρις.
3615 4849 3722 4901 ὑπο-

2114 5018 2117 5021 ,
2162 4944 2310 5008 νοίας
2336 4946 2485 5008 τινὸς
2508 4945 2769 5017 ὑποϐολή.
2823 4964 2841 4999 ι
2879 4948 3182 5018 Βουληθεὶς
3218 4945 3557 5014 ἀπεκύησεν.
3599 4961 3616 4994 ι
3648 4940 3725 5004 Τὸ,

2161 5034 2486 5105 Βουληθεὶς,
2541 5032 2725 5101 εἶπεν,
2790 5035 3172 5104 ἐπιστομίζων
3233 5036 3371 5099 τοὺς
3427 5032 3723 5102 αὐτομάτως

2164 5130 2470 5200 ὑποστῆναι
2510 5129 2627 5184 τόδε
2680 5132 2740 5184 τὸ
2780 5132 2895 5183 Πᾶν
2959 5130 3302 5203 ληροῦντας.
3373 5130 3584 5198 Ἐπειδὴ
3639 5127 3725 5193 γὰρ

2163 5222 2423 5294 ἀνωτέρω
2465 5217 2611 5288 εἶπε,
2637 5223 2774 5293 Παρ’
2807 5215 2852 5291 ᾧ
2874 5222 2978 5275 οὐκ
3005 5222 3082 5276 ἕνι
3117 5223 3484 5292 παραλλαγὴ,
3511 5221 3600 5274 καὶ⁸
3617 5217 3728 5269 ἔδει·

2164 5311 2255 5378 ξεν
2286 5313 2351 5365 ἐκ
2376 5311 2567 5366 τούτου
2589 5311 2953 5366 ἀναλλοίωτον
2990 5311 3050 5365 τὸ
3067 5311 3258 5379 Θεῖον,
3288 5313 3491 5379 ἐπάγει
3516 5310 3593 5373 τὸ,
3620 5306 3730 5360 Βου-

2160 5403 2346 5475 ληθεὶς
2384 5404 2702 5475 ἀπεκύησεν
2752 5408 2924 5474 ἡμᾶς.
2961 5405 3022 5458 Εἰ
3082 5404 3205 5476 γὰρ
3262 5405 3522 5473 γεννητοὶ
3571 5392 3770 5471 ἡμεῖςοὶ

2159 5496 2319 5566 δῆλον
2339 5498 2422 5550 ὅτι
2451 5499 2545 5551 καὶ
2571 5496 2873 5552 ἀλλοιωτοί.
2908 5497 3030 5559 Πῶς
3061 5497 3182 5567 γὰρ
3209 5497 3578 5551 ἀναλλοίωτον
3602 5492 3656 5545 τὸ
3681 5493 3731 5542 ἐκ

2157 5589 2252 5643 τοῦ
2303 5590 2379 5660 μὴ
2424 5590 2576 5655 ὄντος
2614 5592 2674 5655 ἐξ
2725 5590 3064 5654 ἀλλοιώσεως
3098 5594 3189 5655 εἰς
3228 5593 3295 5645 τὸ
3358 5588 3499 5646 εἶναι
3540 5583 3729 5658 πρῡῖὁνῖ

2160 5678 2294 5738 Εἶτα
2342 5682 2532 5754 ’ἐπειδὴ
2574 5680 2762 5751 εἶπεν,
2813 5683 3165 5754 Ἀπεκύησεν
3210 5687 3391 5757 ἡμᾶς,
3435 5685 3522 5740 ἵνα
3574 5680 3735 5753 μήτις
