3970 6566
179 1291 193 1306 -
262 1267 415 1337 φησί.

264 388 376 475 tua
1120 416 1504 482 COMMENT.
1539 418 1624 482 IN
1663 420 1903 482 EPIST.
1933 420 2251 483 CATHOL.
2289 420 2573 483 JACOBI.
3429 424 3555 491 456'

268 527 517 601 ὑπολάϐῃ
546 529 750 601 ὁμοίως
785 533 917 605 ήμῖν
938 533 1031 589 καὶ
1063 534 1156 590 τὸν
1186 536 1315 590 Υἱὸν
1338 537 1635 591 ἀποτεκεῖν
1658 538 1834 605 αὐτὸντ

1953 538 2169 594 mutati.
2207 536 2495 605 Quomodo
2533 552 2771 609 namque
2810 537 3151 596 immutabile
3196 551 3345 598 esset
3387 545 3531 613 quod

265 621 360 674 καὶ
384 621 507 691 μεθ’
542 622 700 693 ήμῶν
717 626 814 679 καί⁸
841 624 933 680 τὸν
960 625 1088 681 Υίδν
1114 630 1502 699 γεγεννῆσθαι,
1534 631 1735 701 ἐπάγει
1761 632 1834 699 τὸἶ

1953 645 2023 686 ex
2074 648 2186 687 non
2245 646 2368 706 esse
2417 646 2517 703 per
2571 631 2929 687 mutationem
2981 634 3223 703 procedit
3272 635 3339 690 ad
3377 636 3543 691 esse?

264 710 423 783 Λόγῳ
445 712 729 785 ἀληθείας.
747 715 935 770 Πάντα
958 718 1087 790 γὰρ,
1114 721 1254 774 κατά
1278 721 1370 776 τὸν
1397 721 1541 777 θεῖον
1566 723 1834 795 ’Ῑωάννηνζ

1954 723 2163 779 Deinde
2190 723 2318 793 quia
2349 723 2512 779 dixit:
2540 723 2840 796 Progenuit
2864 739 2989 790 nos,
3032 741 3103 780 ne
3125 725 3247 796 quis
3288 727 3537 796 suspica—

263 804 350 860 διὰ
378 805 475 861 τοῦ
516 807 649 862 Υίοῦ
683 809 924 879 ἐγένετο.
953 811 1119 866 Ὥστε
1150 814 1199 867 εἰ
1219 813 1306 869 διὰ
1334 814 1429 869 τοῦ
1456 817 1557 887 τῆς
1586 817 1834 888 ἀληθείας

1952 822 2106 869 retur
2161 813 2305 884 quod
2358 813 2613 871 similiter
2670 823 2729 869 ut
2792 822 2849 869 et
2885 829 3024 879 'nos,
3091 816 3271 887 ipsum
3320 831 3538 886 quoque

264 895 440 966 Λόγου
474 899 509 971 ἡ
536 900 763 971 πρόοδος
807 904 961 974 ἡμῖν,
990 905 1039 958 οἱ
1072 905 1133 958 τὸ
1161 901 1302 960 εἶναι
1351 906 1569 978 ἔχοντες
1598 907 1706 964 ἀπὸ
1749 907 1834 963 τοῐ

1951 906 2147 962 Filium
2169 907 2548 979 progenuerit,
2582 916 2636 963 et
2659 924 2767 962 una
2797 906 3088 963 nobiscum
3129 909 3294 964 etiam
3340 908 3536 966 Filium

264 989 462 1059 Λόγου,
487 992 589 1064 οὐχ
615 994 901 1065 ὁμογενεῖς
941 996 1021 1069 τῷ
1053 998 1143 1067 ὑφ’
1168 998 1229 1053 ού
1258 999 1582 1072 γεγόναμεν.
1615 1020 1633 1052 ι
1670 1001 1763 1065 Εἰς
1786 1002 1834 1054 τί

1957 999 2125 1055 fuisse
2169 1008 2379 1067 natum,
2417 1002 2733 1074 subjungit:
2790 1002 2973 1059 Verbo
3018 1002 3284 1058 veritatis.
3342 1002 3536 1057 Omnia

262 1075 402 1135 εἶναι
427 1083 580 1155 ἡμᾶς
619 1086 902 1159 ἀπαρχήν.
933 1107 953 1141 ι
998 1090 1146 1145 ’Δντὶ
1185 1090 1280 1144 τοῦ
1314 1092 1566 1163 πρώτους
1612 1093 1708 1146 καὶ
1765 1112 1834 1147 τι-

1955 1093 2123 1159 enim,
2149 1093 2304 1163 juxta
2337 1094 2561 1150 beatum
2601 1094 2865 1153 Joannem
2949 1098 3014 1163 “,
3050 1111 3151 1166 per
3177 1095 3369 1150 Filium
3395 1096 3537 1150 facta

266 1174 591 1242 μιωτάτους.
618 1179 927 1250 Κτίσματα
946 1181 1001 1236 δὲ
1027 1182 1198 1254 αὐτὴν
1231 1184 1331 1255 τὴν
1353 1185 1638 1257 ὁρωμένην
1662 1185 1834 1240 κτίσιν

1952 1195 2100 1242 sunt.
2154 1186 2344 1258 Itaque
2388 1187 2433 1243 si
2490 1204 2588 1259 per
2640 1187 2882 1244 Verbum
2916 1189 3166 1244 veritatis
3214 1203 3538 1259 progressus

1954 1278 2115 1334 nobis
2166 1278 2416 1350 contigit,
2451 1279 2543 1350 qui
2597 1295 2628 1334 a
2662 1279 2841 1335 Verbo
2896 1281 3166 1336 habemus
3228 1295 3369 1343 esse,
3425 1294 3537 1333 non

261 1373 451 1415 sumus
477 1376 588 1418 una
620 1379 745 1420 cum
766 1380 833 1422 eo
863 1367 1031 1438 geniti
1065 1383 1094 1423 a
1140 1379 1249 1439 quo
1277 1368 1407 1426 facti
1459 1387 1672 1428 sumus.
1723 1392 1742 1425 ι
1777 1371 1848 1427 Ut
1921 1387 2169 1427 essemus
2236 1372 2514 1444 primitiaz.
2556 1392 2575 1425 ι
2622 1372 2736 1429 Hoc
2762 1381 2869 1440 est,
2904 1374 3064 1445 primi
3117 1383 3171 1430 et
3224 1373 3536 1429 honoratis-

260 1454 406 1509 simi.
427 1454 724 1528 Κτίσματα
753 1470 936 1516 autem
988 1461 1121 1518 dicit
1164 1462 1336 1535 ipsam
1368 1464 1637 1522 visibilem
1686 1474 2013 1522 creaturam.

332 1551 538 1620 Ὥστε,
574 1554 832 1626 ἀδελφοί
853 1574 974 1627 μου
1002 1558 1322 1630 ἀγαπητοὶ,
1372 1562 1531 1617 ἔστω
1566 1560 1686 1630 πᾶς
1738 1560 1834 1617 ᾶν‹

2016 1561 2284 1628 1,19-21.
2343 1561 2557 1633 Itaque,
2605 1563 2800 1634 fratres
2859 1564 2960 1618 mei
3004 1564 3206 1627 dilecti,
3257 1563 3326 1616 sit
3366 1563 3537 1617 omnis

260 1644 485 1710 ϐρωτος
530 1646 720 1715 ταχὺς
767 1650 855 1715 εἰς
912 1651 978 1703 τὸ
1030 1650 1311 1717 ἀκοῦσαι,
1356 1652 1596 1722 ,βραδὺς
1647 1656 1736 1721 εἰς
1778 1655 1834 1708 τέ

1943 1657 2095 1710 homo
2150 1655 2299 1710 velox
2324 1656 2395 1709 ad
2445 1655 2793 1720 audiendum,
2838 1657 3023 1710 tardus
3062 1656 3133 1709 ad
3188 1656 3531 1727 loquendum,

257 1735 551 1804 λαλῆσαι,
603 1738 844 1807 ,βραδὺς
874 1743 961 1808 είς
1009 1742 1216 1811 ὀργήν.
1256 1745 1425 1816 Ὀργὴ
1480 1748 1589 1817 γὰρ
1624 1745 1834 1815 ἀνδρὸς

1944 1750 2129 1803 tardus
2177 1754 2247 1803 ad
2278 1749 2441 1803 iram.
2498 1746 2593 1802 Ira
2643 1751 2781 1803 enim
2842 1749 2941 1802 viri
2990 1749 3266 1817 justitiam
3305 1747 3402 1802 Dei
3434 1764 3537 1801 non

258 1825 660 1899 δικαιοσύνην
688 1832 837 1887 Θεοῦ
855 1835 928 1887 οὐ
954 1835 1393 1905 κατεργάζεται.

1942 1840 2094 1910 efﬁcit
2105 1880 2117 1896 .

327 1917 434 2026 Ib,-
460 1921 667 2026 Ta‘xbg,
695 1923 817 1993 οὐχὶ
843 1926 923 1991 εἰς
954 1925 1118 1997 ψιλὴν
1158 1931 1424 2001 ἀκρόασιν
1465 1933 1834 2006 περιίστησιν,

2014 1930 2181 2007 M8
2207 1932 2363 2001 Quod
2394 1934 2472 1990 ait
2500 1933 2695 2001 Velox,
2715 1949 2824 1990 non
2845 1932 2915 1989 ad
2953 1934 3159 1990 nudam
3197 1931 3535 1988 auditionem
3636 1988 3639 1995 ,

257 2010 369 2066 ἀλλ’
385 2013 469 2076 εἰς
494 2013 597 2084 μὲν
614 2016 862 2087 ἐνεργὸν,
878 2020 1046 2074 καὶτὸ
1066 2021 1296 2076 ἀκοῦσαι
1317 2024 1455 2096 πρὸς
1472 2025 1570 2097 τὴν
1589 2028 1844 2099 μεταχεί-

259 2122 400 2177 ρισιν
428 2107 538 2161 τῶν
575 2108 935 2180 ήκουσμένων
972 2114 1332 2188 ἀφορμῶσαν.
1375 2118 1698 2175 Ἐπίσταται
1730 2121 1840 2192 γάρ

252 2202 342 2252 τὸν
398 2200 541 2271 μετὰ
594 2203 837 2276 σπουδῆς
888 2206 1162 2280 ὑπέχοντα
1220 2213 1332 2275 τοῖς
1369 2200 1688 2284 λεγομένοις
1739 2212 1840 2287 τὴν

253 2290 443 2362 ἀκοὴν,
491 2296 588 2349 καὶ
620 2296 757 2369 πρὸς
796 2297 895 2370 τὴν
925 2300 1194 2372 ἐργασίαν
1217 2304 1444 2384 τούτων,
1480 2305 1703 2377 ἕτοιμον
1735 2326 1843 2362 πα-

256 2385 482 2455 ρέξοντα
530 2389 756 2444 ἑαυτόνο
822 2392 1014 2467 ὥσπερ
1068 2396 1166 2451 ἀπ’
1216 2399 1493 2468 ἐναντίας,
1542 2403 1635 2460 τὸν
1696 2405 1840 2476 μετά

254 2477 591 2553 βραδυτῆτος
648 2484 788 2557 πρός
828 2504 881 2540 τι
932 2487 1307 2563 διατιθέμενον
1336 2497 1402 2568 τῇ
1448 2495 1711 2570 ἀναϐολῇ,
1744 2501 1841 2555 καὶ

252 2573 487 2644 πάμπαν
544 2576 869 2649 εἰργόμενον
891 2581 1011 2636 ἐσθ’
1039 2583 1129 2637 ὅτε
1154 2585 1255 2656 τῆς
1309 2588 1703 2662 ἐγχειρήσεως.
1746 2592 1839 2646 Διὸ

251 2662 344 2716 ἐπὶ
375 2664 480 2735 μὲν
500 2666 603 2737 τῆς
634 2669 745 2723 τῶν
773 2670 934 2726 θείων
959 2672 1314 2742 διδασκαλίας
1338 2680 1622 2752 ταχυτῆτα
1648 2682 1836 2736 ἐντέλ-

249 2752 422 2823 λεται,
452 2758 549 2814 ἐπὶ
579 2759 639 2813 δὲ
694 2761 806 2817 τῶν
835 2764 1113 2839 ἐπισφαλῆ
1138 2767 1236 2841 τὴν
1275 2772 1653 2844 μεταχείρισιν
1681 2775 1837 2845 ἐχόν-

251 2865 393 2912 των,
437 2849 541 2923 τὴν
582 2852 916 2927 βραδυτῆτα.
952 2860 1137 2916 Ταῦτα
1178 2862 1237 2916 δέ
1278 2865 1439 2931 ἐστι,
1468 2866 1531 2919 τὸ
1576 2865 1835 2938 λαλῆσαι,

249 2943 308 2994 τὸ
326 2944 678 3020 ὀργισθῆναι.
697 2950 774 3005 ’Ἠ
803 2970 862 3006 τε
886 2953 997 3027 γὰρ
1021 2955 1353 3030 ἀπρομηθής
1388 2959 1567 3027 λαλιὰ,
1587 2961 1685 3032 ἦτε
1706 2963 1840 3017 ἀπε-

252 3034 547 3103 ρίσκεπτος
578 3041 856 3114 όργὴ,οὐκ
888 3047 971 3110 εἰς
1006 3049 1210 3118 ἀγαθὸν
1251 3049 1363 3106 ἔσθ’
1405 3052 1493 3106 ὅτε
1523 3049 1842 3124 οἰδενάπο-

249 3130 530 3206 τελευτᾷν.
553 3137 632 3190 Δι’
662 3137 691 3190 ὃ
721 3139 816 3194 καί
842 3157 927 3205 τις
952 3142 1096 3214 ἀνὴρ
1120 3142 1263 3210 θεῖός
1288 3162 1474 3217 φησιν·
1514 3146 1571 3201 '0
1592 3147 1839 3222 λαλήσας

254 3231 503 3301 μετέγνω
535 3231 823 3299 πολλάκις,
853 3234 882 3287 ὁ
911 3234 968 3288 δὲ
1000 3237 1287 3309 σιωπήσας
1329 3238 1454 3294 οὐδέ
1485 3257 1641 3295 ποτε.
1665 3242 1781 3297 Καὶ
1808 3245 1838 3299 ὁ

1947 2023 2205 2091 refertur,
2253 2024 2349 2080 sed
2387 2024 2456 2079 ad
2505 2034 2793 2081 strenuum
2855 2023 2911 2078 in
2942 2040 3112 2095 opere
3173 2033 3382 2079 etcum
3440 2021 3537 2093 qui

1944 2123 2231 2187 postquam
2264 2116 2497 2181 audivit,
2538 2117 2786 2187 procedit
2826 2117 2894 2173 ad
2924 2132 2991 2173 ea
3048 2114 3356 2187 praestanda
3408 2131 3531 2186 qute

1945 2210 2172 2267 audivit.
2197 2208 2360 2267 Novit
2391 2209 2539 2265 enim
2571 2226 2696 2265 eum
2738 2209 2831 2281 qui
2885 2210 3072 2265 subdit
3126 2209 3376 2286 auditum
3410 2223 3533 2262 cum

1942 2302 2126 2360 studio
2189 2303 2257 2359 ad
2318 2318 2382 2359 ea
2438 2318 2559 2374 quae
2612 2302 2892 2368 dicuntur,
2954 2302 3118 2358 etiam
3172 2297 3534 2372 prmbituruin

1942 2396 2185 2468 scipsum
2227 2407 2478 2468 paratum
2506 2396 2573 2452 ad
2603 2411 2796 2452 eorum
2822 2397 3203 2468 operationem
3228 2411 3241 2450 :
3265 2394 3533 2466 quemad-

1941 2485 2166 2541 modum
2194 2500 2225 2542 e
2254 2485 2474 2543 diverso
2502 2502 2628 2543 eum
2657 2486 2749 2558 qui
2776 2502 2901 2541 cum
2945 2486 3200 2542 tarditate
3229 2487 3296 2540 ad
3328 2486 3534 2556 aliquid

1940 2579 2403 2649 procrastinando
2446 2579 2702 2647 adicitur,
2757 2579 3051 2650 aliquando
3103 2580 3321 2651 penitus
3373 2596 3536 2650 sepa-

1942 2671 2172 2751 randum
2208 2673 2277 2728 ab
2309 2671 2459 2728 omni
2496 2682 2700 2730 conatu
2752 2672 2954 2744 operis.
2998 2672 3127 2728 Ideo
3173 2672 3226 2728 in
3284 2674 3533 2728 doctrina

1940 2764 2163 2836 quidem
2198 2780 2383 2821 rerum
2416 2766 2731 2822 divinarum
2760 2766 3108 2827 velocitatem
3154 2764 3459 2838 praecipit;
3480 2767 3535 2822 in

1941 2856 2030 2914 his
2052 2867 2237 2914 autem
2285 2875 2406 2930 quae
2449 2860 2816 2931 periculosam
2861 2859 3067 2915 habent
3107 2857 3539 2915 administratio-

1940 2966 2093 3018 nem,
2133 2950 2468 3007 tarditatem.
2503 2952 2631 3006 Πωο
2647 2959 2831 3007 autem
2859 2959 2990 3007 sunt
3026 2949 3177 3019 loqui
3239 2958 3293 3004 et
3348 2949 3526 3005 irasci.

1940 3041 2077 3098 Nam
2112 3052 2169 3099 et
2212 3042 2525 3098 inconsulta
2577 3044 2783 3100 locutio
2822 3053 2881 3099 et
2934 3042 3397 3112 incircumspecta
3452 3041 3531 3095 ira

1940 3150 2055 3190 non
2107 3134 2261 3191 novit
2304 3149 2543 3206 unquam
2601 3134 2659 3189 in
2727 3135 2934 3191 bonum
2970 3133 3246 3189 desinere.
3297 3131 3532 3203 Propter

1942 3227 2090 3299 quod
2118 3227 2199 3283 vir
2225 3225 2449 3297 quidam
2480 3226 2700 3283 divinus
2729 3226 2806 3284 ait
2842 3239 2858 3282 :
2898 3225 3243 3298 Frequenter
3273 3224 3533 3296 poenituit

254 3321 525 3391 μακάριος
560 3322 620 3377 δὲ
667 3324 833 3383 πάλιν
886 3328 1051 3381 Δαυῒδ
1081 3341 1096 3356 ⁹
1133 3347 1153 3383 ι
1220 3330 1541 3403 Ὀργίζεσθε
1604 3335 1704 3391 καὶ
1755 3336 1833 3409 μὴ

1943 3333 2061 3376 esse
2125 3320 2392 3388 locutum,
2452 3321 2688 3377 tacuisse
2735 3336 2867 3377 vero
2926 3335 3229 3390 nunquam.
3290 3319 3528 3373 Rursum

249 3411 626 3483 ἁμαρτάνετε.
659 3433 680 3468 ι
746 3417 1027 3487 Τουτὲστι,
1059 3420 1166 3495 Ἴμὴ
1218 3422 1587 3496 ὀργιζόμενοι,
1630 3426 1835 3493 εὐθέως

250 3506 345 3560 καὶ
356 3505 456 3577 τὴν
484 3507 935 3583 ύποόαλλομὲνην
956 3513 1021 3566 ἐκ
1038 3513 1137 3585 τῆς
1152 3512 1324 3588 όργῆς
1344 3516 1583 3586 ἐπάγετε
1608 3520 1831 3590 μανίαν.

250 3597 527 3669 Σύμφωνα
556 3601 765 3668 τούτοις
807 3604 903 3658 καὶ
955 3605 1024 3661 τά
1063 3608 1330 3679 παρόντα.
1366 3609 1440 3664 Τό
1475 3628 1536 3665 τε
1566 3612 1675 3686 γάρ
1706 3617 1837 3686 περὶ

250 3688 312 3741 τὸ
326 3690 564 3763 λαλῆσαι
589 3695 781 3766 ἀργὸν,
810 3696 873 3751 τό
888 3715 950 3752 τε
976 3716 1043 3752 πε
1054 3700 1108 3771 pl.
1144 3700 1206 3754 τὸ
1228 3701 1552 3774 ὀργισθῆναι
1602 3706 1832 3776 νωθρδν,

250 3789 315 3857 τῇ
346 3789 483 3860 περὶ
512 3789 687 3846 ταῦτα
710 3793 970 3864 μελλήσει
994 3796 1314 3866 ἐπανήγαγε
1332 3795 1427 3850 τὸν
1455 3799 1840 3871 μεταχειριού-

257 3897 414 3948 μενον
445 3883 586 3954 πρὸς
616 3884 679 3938 τὸ
714 3884 833 3940 δέον
862 3886 959 3941 καὶ
988 3887 1049 3941 τὺ
1100 3886 1281 3953 εὐθές.
1310 3888 1425 3944 Καὶ
1454 3888 1488 3960 ἢ
1552 3890 1837 3957 παντελῶς

252 3975 346 4046 τὴν
369 3976 505 4049 περὶ
526 3979 703 4033 ταῦτα
741 3978 993 4045 ἐξέλυσεν
1017 3980 1197 4053 ὁρμὴν
1234 3980 1325 4036 διά
1356 3982 1458 4054 τῆς
1492 3984 1835 4055 κεκριμένης

252 4062 615 4134 ἐπισκέψεως,
669 4066 703 4139 ἢ
741 4068 884 4122 κατά
933 4071 996 4124 τὸ
1027 4069 1306 4142 προσῆκον
1341 4071 1451 4126 τῶν
1484 4074 1835 4145 πραγμάτων

253 4157 587 4228 ποιήσασθαι
635 4159 737 4230 τὴν
784 4160 1016 4227 διέξοδον
1070 4163 1277 4219 τούτων
1324 4165 1684 4239 εἰσηγήσατο,
1722 4168 1833 4239 μά-

250 4247 405 4304 λιστα
491 4252 595 4323 τῆς
679 4254 873 4326 ὀργῆς.
947 4256 1114 4321 Ἥτις
1193 4256 1501 4328 ἀλογίστως
1604 4278 1834 4333 προενεο

251 4341 437 4411 χθεῖσα
463 4344 568 4416 τῆς
598 4344 695 4399 τοῦ
722 4345 859 4401 Θεοῦ
882 4348 1231 4421 δικαιοσύνης
1264 4351 1581 4422 ἀποστερεῖ.
1613 4354 1707 4407 Διὸ
1728 4355 1837 4425 ξκαὶ

250 4433 347 4504 τὴν
378 4435 565 4491 αἰτίαν
595 4438 795 4509 ἐπάγει
819 4439 1049 4514 ταύτην,
1073 4442 1155 4508 τὸ,
1183 4442 1354 4514 Ὀργὴ
1384 4444 1493 4515 γάρ
1540 4444 1732 4517 ἀνδρὸς
1759 4446 1839 4499 δι-

251 4528 546 4602 καιοσύνην
583 4532 720 4586 Θεοῦ
744 4534 805 4586 οὐ
839 4537 1265 4606 κατεργάζεται.
1291 4537 1356 4591 Εἰ
1374 4538 1484 4611 γὰρ
1511 4539 1831 4613 δικαιοσύνη

144 4640 147 4643 λ
250 4617 394 4674 ἐστὶν
426 4621 546 4690 ἕξις
576 4626 635 4679 ἐν
683 4624 831 4700 ψυχῇ
860 4627 955 4681 τοῦ
1000 4628 1123 4684 κατ’
1172 4628 1331 4695 ἀξίαν
1365 4631 1582 4704 ἑκάστῳ
1630 4634 1832 4688 ἀπονε-

1937 3421 2124 3469 autem
2154 3413 2349 3470 beatus
2376 3413 2467 3470 ille
2505 3403 2713 3471 David:
2753 3433 2772 3465 ι
2802 3412 3109 3469 lrascimini
3147 3422 3204 3467 et
3230 3428 3301 3467 ne
3336 3427 3530 3482 pecce-

1941 3504 2010 3562 tis
2044 3508 2125 3563 "z
2184 3527 2203 3560 ι
2252 3508 2358 3563 hoc
2426 3518 2534 3577 est,
2570 3524 2641 3564 ne
2691 3507 2851 3565 facile
2906 3506 3218 3572 irascendo,
3285 3506 3525 3560 furorem

1939 3613 2159 3670 quoque
2185 3599 2429 3655 incitetis
2456 3615 2620 3672 quem
2650 3600 2896 3673 suggerit
2930 3599 3031 3654 ira.
3064 3598 3161 3654 llis
3200 3598 3363 3654 etiam
3390 3614 3525 3653 con-

1938 3692 2135 3750 formia
2173 3706 2305 3752 sunt
2343 3712 2465 3767 quae
2493 3696 2586 3750 hic
2632 3695 2914 3750 dicuntur.
2970 3693 3253 3763 Siquidem
3298 3693 3526 3749 tarditas

1939 3786 1996 3841 in
2015 3770 2289 3858 loquendo
2320 3772 2655 3858 ettepiditas
2698 3787 2754 3841 in
2800 3785 3110 3850 irascendo,
3177 3785 3526 3840 cunctatione

1940 3881 1997 3937 in
2019 3883 2106 3939 his
2129 3893 2365 3950 servata,
2400 3883 2673 3939 reducunt
2704 3882 2773 3937 ad
2825 3882 2879 3937 id
2906 3880 3051 3952 quod
3106 3882 3311 3936 decens
3344 3891 3429 3934 est
3471 3890 3527 3934 et

1938 3986 2189 4054 rectum:
2218 3986 2274 4032 et
2295 3976 2381 4032 vel
2410 3976 2637 4031 omnino
2681 3974 2947 4045 impetum
2978 3972 3121 4027 circa
3158 3974 3272 4027 lucc
3328 3973 3528 4027 dissol—

1938 4075 2077 4122 vunt
2101 4080 2201 4137 per
2220 4066 2577 4121 deliberatam
2637 4066 3157 4133 considerationem,
3191 4068 3277 4120 vel
3326 4082 3529 4121 conve-

1940 4160 2116 4215 nienti
2147 4160 2312 4215 modo
2335 4160 2403 4216 ad
2428 4176 2517 4216 res
2538 4176 2659 4231 quae
2683 4169 2985 4216 occurrunt
3011 4160 3207 4215 horqu
3232 4159 3525 4214 decursum

1939 4250 2060 4307 ﬁeri
2094 4251 2317 4318 docent,
2347 4251 2695 4323 potissimum
2725 4262 2907 4309 autem
2927 4252 3054 4318 iraa;
3084 4266 3205 4322 qua:
3238 4252 3284 4307 si
3310 4252 3527 4306 irratio-

1938 4345 2196 4402 nabiliter
2220 4345 2442 4401 inducta
2460 4345 2553 4412 sit,
2594 4346 2774 4417 privat
2818 4345 3004 4402 divina
3027 4344 3260 4415 justitia.
3291 4343 3526 4413 Ideoque

1942 4440 2084 4495 hanc
2113 4438 2399 4510 subjungit
2451 4454 2709 4497 causam:
2753 4438 2838 4493 lra
2899 4438 3046 4493 enim
3098 4436 3203 4491 viri
3252 4434 3524 4506 justitiam

1941 4532 2035 4587 Dei
2066 4547 2175 4588 non
2226 4531 2409 4588 eﬂicit.
2464 4530 2676 4587 Etenim
2704 4530 2750 4586 si
2800 4529 3015 4601 justitia
3059 4528 3280 4583 habitus
3330 4536 3413 4582 est
3469 4527 3523 4582 in

1938 4622 2120 4679 anima
2144 4622 2238 4695 qui
2278 4622 2472 4679 dividit
2502 4621 2796 4691 unicuique
2814 4620 2972 4692 juxta
2997 4634 3151 4676 suam
3182 4617 3523 4690 dignitatem,

254 4713 481 4783 μήτική,
540 4694 981 4790 όργήηκατά
1007 4720 1099 4774 τὸν
1157 4694 1405 4789 εἰπόντα,
1436 4694 1704 4779 ἀπόλλυσι
1729 4726 1827 4780 καὶ

1943 4716 2018 4770 ira
2038 4731 2189 4781 vero,
2226 4724 2289 4770 ut
2328 4714 2405 4770 ait
2448 4714 2561 4780 ille,
2592 4714 2770 4785 perdit
2830 4711 2995 4768 etiam
3052 4711 3352 4783 sapientes,
3412 4726 3521 4781 quo

251 4800 576 4872 φρονίμους,
619 4807 740 4873 πῶς
765 4808 803 4864 ἃ
832 4808 972 4883 αὕτη
1028 4813 1064 4883 ή
1097 4811 1187 4867 διὰ
1224 4813 1325 4887 τὴν
1350 4814 1495 4883 ἄγαν
1521 4815 1835 4887 ὲμπάθειαν

248 4895 520 4949 σκοτοῦσα
567 4896 662 4952 τὸν
708 4901 861 4970 νοῦν,
905 4904 981 4967 ὡς
1012 4907 1110 4960 καὶ
1152 4906 1453 4978 φρονίμους
1507 4908 1828 4974 ἀπολλύναι,

246 4986 343 5059 τήν
370 4990 720 5061 κεκριμένως
740 4993 1123 5066 ἀπονέμουσαν
1157 4998 1377 5072 ἑκάστῳ
1403 5002 1464 5055 τὸ
1514 5001 1638 5056 κατ’
1669 5002 1829 5069 ἀξίαν

247 5080 609 5151 συστήκειεν;
647 5102 666 5136 ι
710 5085 922 5156 Βραδὺς
943 5088 1024 5152 εἰς
1047 5089 1241 5162 ὀργήν.
1280 5112 1299 5145 ι
1348 5092 1462 5165 Τήν
1511 5094 1825 5166 βραδυτῆτα

245 5171 407 5243 διχῶς
443 5172 694 5244 βούλεται
738 5178 1081 5252 ἐνεργεῖσθαι
1134 5184 1266 5258 παρ’
1315 5185 1476 5257 ήμῶν
1528 5185 1611 5251 εἰς
1656 5204 1718 5241 τε
1763 5187 1827 5240 τὸ

246 5265 498 5335 λαλῆσαι,
519 5269 691 5324 καὶτὸ
711 5270 1058 5345 ὀργισθῆναι.
1086 5269 1212 5330 Οἵδε
1232 5276 1343 5349 γάρ
1372 5278 1405 5349 ἢ
1436 5278 1701 5351 μέλλησις
1731 5282 1825 5336 καὶ

246 5358 457 5433 ἀποχήν
490 5362 825 5436 ἐργάζεσθαι
860 5366 962 5437 τῆς
998 5368 1200 5439 ὁρμῆς.

845 5458 1097 5512 ΚΕΦΔΑ.
1135 5459 1211 5515 B’.

247 5548 381 5620 nep!
409 5562 755 5621 amaturae
772 5549 870 5621 καὶ
896 5549 1142 5618 ἁγνείας
1160 5550 1258 5621 καὶ
1289 5551 1562 5619 πράξεως
1590 5552 1821 5621 ἀγαθῆς

310 5618 708 5693 λιεταὸοτικῆς
732 5619 830 5673 ἐπὶ
858 5620 1240 5693 μακαρισμῷ·
1280 5622 1380 5676 καί
1411 5618 1543 5693 περὶ
1572 5618 1823 5691 extant;

308 5707 429 5761 μης
455 5690 554 5744 καὶ
583 5691 954 5760 συμμετρίας
977 5692 1186 5759 λόγου.

316 5784 394 5837 Δι’
426 5781 457 5838 ὃ
487 5783 853 5855 ἀποθέμενοι
892 5785 1100 5841 πᾶσαν
1139 5789 1446 5858 ῥυπαρίαν
1489 5788 1587 5844 καὶ
1622 5801 1831 5860 περισ-

325 5900 360 5934 ¹¹
398 5900 554 5959 Joan.
588 5920 627 5974 ι,
663 5905 715 5961 3.
832 5907 875 5937 "
905 5894 1212 5971 Psal.tv,5.

1934 4806 2095 4862 modo
2122 4806 2240 4862 haec
2269 4805 2387 4876 ipsa
2416 4822 2537 4876 qua:
2567 4803 2880 4860 vehementi
2934 4802 3226 4858 aﬂ'ectionc
3276 4811 3517 4855 mentem

1932 4896 2069 4953 adeo
2099 4897 2510 4985 obtenebrat/ut
2531 4896 2720 4967 perdat
2743 4896 2909 4950 etiam
2944 4894 3245 4966 sapientes,
3304 4884 3519 4949 eonsti-

1931 4998 2113 5045 tueret
2166 5005 2286 5045 eam
2317 5006 2438 5061 qua:
2471 4989 2665 5045 dividit
2700 4988 2999 5059 unicuique
3044 4988 3202 5058 juxta
3241 5002 3396 5042 suam
3430 4985 3510 5040 di-

1932 5083 2240 5154 gnitatem?
2296 5101 2315 5134 ι
2376 5082 2589 5138 Tardus
2640 5081 2709 5137 ad
2741 5081 2898 5137 iram.
2937 5099 2955 5133 ι
3010 5079 3346 5135 Tarditatem
3403 5084 3518 5132 vult

1933 5177 2188 5233 bifariam
2211 5177 2270 5232 in
2313 5175 2473 5232 nobis
2511 5174 2777 5239 exerceri,
2820 5184 2951 5244 puta
2992 5173 3061 5230 ad
3091 5172 3430 5244 loquendum
3462 5180 3518 5226 et

1934 5273 2003 5327 ad
2027 5271 2395 5328 irascendum.
2426 5269 2589 5325 Novit
2634 5269 2781 5325 enim
2814 5266 3089 5324 cunctatio
3128 5264 3514 5321 abstinentiam

1934 5382 1965 5419 a
2002 5364 2399 5420 committendo
2427 5362 2664 5417 elliccre.

2447 5454 2612 5529 449
2646 5452 2874 5509 CAPUT
2931 5450 2995 5507 η.

1939 5556 2013 5610 De
2048 5554 2451 5609 mansuetudine
2491 5568 2555 5604 ac
2584 5549 2881 5604 innocentia
2909 5558 2957 5601 et
2984 5546 3190 5600 actione
3222 5543 3354 5596 bona
3396 5560 3516 5608 qua:

2007 5625 2247 5679 conducit
2272 5625 2340 5677 ad
2371 5621 2768 5687 beatitudinem,
2806 5618 2938 5673 etde
2969 5616 3186 5670 scientia
3224 5630 3287 5666 ac
3315 5615 3515 5667 medio-

2007 5699 2197 5750 critate
2223 5695 2501 5750 sermonis.

2012 5789 2052 5854 ι,
2089 5786 2274 5841 ἓΙ-ἓὲ..
2308 5786 2637 5853 Quapropter
2665 5781 2901 5849 deposita
2929 5776 3069 5832 omni
3099 5773 3437 5830 inmunditia
3465 5781 3517 5827 et
