3970 6568
234 397 336 460 469

1072 392 1458 458 COMMENT.
1503 394 1583 463 IN
1615 395 1856 458 EPIST.
1889 380 2205 460 CATHOL.
2233 357 2517 458 JACOBI.

3362 400 3485 467 470

221 509 398 577 ετέθη.
428 505 613 571 Οὕτως
643 502 733 561 οὖν
751 499 795 576 ᾧ
819 506 963 578 λόγῳ
989 509 1295 581 χρήσασθαι
1327 508 1465 574 δέον,
1493 509 1555 563 οὐ
1592 508 1793 580 κέχρη-

1901 523 2032 564 usus
2081 517 2165 563 est
2215 506 2489 579 quomodo
2521 503 2600 565 uti
2651 512 2949 577 oporteret.
2998 505 3060 561 id
3122 515 3304 563 autem
3358 525 3468 565 non

220 617 329 654 ται.
360 596 534 651 Τοῦτο
555 597 610 651 δὲ
637 599 701 651 οὐ
738 599 915 670 μάτην
944 601 1086 652 ποιεῖ
1113 602 1140 654 ὁ
1171 599 1265 653 τοῦ
1308 600 1518 670 Κυρίου
1546 598 1794 671 μαθητὴς

227 691 511 758 Ἰάκωϐος,
563 689 700 745 ἀλλὰ
741 692 1018 763 συντόμως
1067 693 1284 748 ἅπαντα
1336 691 1631 762 φθέγγεται
1653 731 1668 758 ,
1718 692 1794 756 ὡς

216 783 307 838 τοῦ
359 782 809 854 συντετμημένου
848 784 1096 857 μαθητὴς
1135 786 1318 856 λόγου,
1349 787 1444 842 καὶ
1474 788 1593 856 ἅμα
1627 785 1792 840 συνά-

216 895 328 947 γων
379 878 476 931 τὸν
522 878 823 950 ἀκροατὴν,
857 878 952 931 καὶ
980 878 1268 933 συντείνων
1290 881 1369 944 είς
1391 879 1453 932 τὸ
1481 879 1555 950 μὴ
1580 879 1790 949 παρέρα

178 988 326 1040 ςγως
352 970 563 1025 τούτων
587 972 825 1027 ἀκούειν.
868 989 887 1024 ι
929 968 991 1026 Ὀ
1034 971 1095 1025 δὲ
1139 972 1491 1044 παρακύψας.
1527 991 1547 1025 ι
1592 971 1792 1027 Σκόπει

217 1066 298 1118 ὅτι
345 1063 687 1135 Hispanique
726 1060 899 1130 εἶπεν,
939 1063 1054 1117 ἀλλ’
1101 1065 1202 1118 οὐκ
1254 1060 1544 1120 Εἰσελθὼν.
1591 1064 1650 1118 '0
1683 1065 1794 1135 γὰρ

219 1155 593 1225 πνευματικὸς
636 1154 798 1225 νόμος
852 1154 915 1207 τὺ
959 1155 1150 1225 ἐφετὸν
1178 1156 1452 1227 πανταχοῦ
1482 1157 1575 1210 καὶ
1618 1172 1792 1227 μεγα-

217 1247 357 1300 λεῖον
386 1246 564 1317 ἔχων,
600 1248 698 1302 καὶ
726 1249 822 1303 ἀπ’
864 1247 1036 1318 αὐτῆς
1083 1248 1181 1318 τῆς
1228 1247 1489 1321 βραχείας
1541 1250 1792 1321 ἐντυχίας

218 1336 357 1394 οἶδεν
382 1340 710 1409 ἑφέλκεσθαί
753 1357 813 1394 τε
849 1341 947 1395 καὶ
972 1341 1323 1407 τελειοποεῖν,
1351 1343 1445 1396 καὶ
1472 1343 1566 1398 ἅτε
1608 1343 1668 1395 τὸ
1697 1344 1792 1397 τις

219 1435 360 1488 λειον
390 1434 532 1506 ἔχων
554 1436 649 1489 καὶ
677 1434 811 1506 περὶ
843 1435 1022 1490 πάντα
1055 1435 1362 1501 ἀνελλιπὲς,
1381 1436 1476 1491 τοῦ
1498 1438 1792 1504 ἐνδοιάζειν

220 1523 344 1593 περί
378 1543 431 1577 τι
461 1526 570 1578 τῶν
599 1527 657 1580 ὲν
705 1525 853 1597 αὐτῷ
907 1526 1224 1593 ἀπαλλάξας
1251 1529 1342 1582 τὸν
1373 1530 1789 1601 ἐντυγχάνοντα,

221 1619 310 1669 καὶ
360 1617 705 1687 παραμένειν
763 1617 994 1673 πέπεικε
1039 1623 1151 1683 τοῖς
1193 1621 1566 1691 τεθεαμένοις.
1621 1642 1641 1675 ι
1696 1626 1790 1687 Et;

219 1708 380 1777 νόμον
408 1707 635 1762 τέλειον.
680 1727 699 1759 ι
747 1708 964 1779 Ἐπειδὴ
1022 1711 1165 1780 μέγα
1220 1712 1487 1782 ἐφρόνουν
1547 1714 1790 1768 Ἰουδαῖοι

220 1802 273 1853 ἐν
304 1803 439 1863 ταῖς
494 1800 590 1854 τοῦ
642 1802 812 1872 νόμου
844 1805 1286 1873 παρατηρήσεσι,
1325 1804 1415 1858 καὶ
1454 1805 1681 1869 ταύταις
1730 1806 1790 1860 τὸ

182 1882 195 1887 ’
222 1893 325 1944 πᾶν
356 1894 457 1960 τῆς
498 1890 630 1961 περὶ
667 1868 800 1945 Θεὸν
827 1868 1443 1965 εὐσεϐείας-κατορθοῦν
1475 1894 1663 1965 ῷοντο,
1692 1896 1787 1950 καὶ
1823 1868 1860 1927 Β

219 1982 344 2052 περὶ
399 1981 604 2045 ταύτας
675 1982 1066 2053 ἀσχολούμενοι
1117 1984 1303 2053 μόνας,
1359 1986 1514 2040 αὐτοὶ
1578 1987 1677 2056 μὲν
1730 1986 1790 2040 τὸ

218 2074 422 2126 τέλειον
452 2076 662 2137 ἑαυτοῖς
689 2075 1185 2144 περιπεποιηκέναι
1211 2078 1536 2146 ἐλογίζοντο,
1567 2078 1702 2148 πρὸς
1731 2078 1790 2132 δὲ

218 2166 337 2227 τοὺς
368 2164 561 2228 ἄλλους
594 2164 921 2236 ἀνθρώπους
959 2167 1335 2239 ὑπερηφάνως
1367 2169 1461 2223 καὶ
1504 2168 1785 2222 ὀνειδιστι-

220 2255 327 2316 κῶς
351 2256 622 2309 διέκειντο
641 2294 657 2319 ,
697 2254 774 2318 ὡς
814 2256 973 2327 δῆλον
998 2258 1105 2311 ἀπὸ
1134 2258 1235 2333 τοῦ,
1257 2261 1312 2311 ὲν
1339 2259 1652 2329 Εὐαγγελίῳ
1687 2275 1793 2327 φα-

214 2348 432 2420 ρισαίου
483 2352 579 2402 καὶ
613 2342 687 2403 ὧν
720 2350 865 2403 κατὰ
921 2350 1018 2404 τοῦ
1074 2351 1309 2405 τελώνου
1359 2351 1788 2423 ἀπηυθαδίσατο·

216 2442 422 2512 ταύτην
449 2442 553 2512 τὴν
594 2442 775 2514 οἴησιν
814 2443 1196 2497 καταστέλλων
1216 2444 1244 2495 ό
1269 2443 1538 2515 μακάριος
1600 2445 1789 2500 Ἰάκω-

219 2533 308 2597 ϐος
354 2534 427 2588 τὰ
472 2536 814 2607 προκείμενά
861 2528 1013 2607 φησι.
1071 2538 1346 2609 Μνησθεὶς
1408 2539 1518 2609 γὰρ
1566 2540 1790 2611 ποιητοῦ

223 2626 402 2698 ιργων
443 2628 540 2681 καὶ
595 2629 907 2699 μακαρίσας
955 2630 1149 2697 αὐτὸν,
1198 2631 1588 2702 ἐπανορθοῦται
1634 2634 1792 2697 εὐθὺς

220 2719 308 2773 καὶ
337 2719 399 2772 τὸ
423 2721 485 2774 ὲν
512 2721 579 2791 τῇ
606 2720 823 2792 ποιήσει
858 2720 1010 2792 παρὰ
1034 2722 1145 2785 τοῖς
1182 2721 1398 2783 πολλοῖς
1429 2724 1793 2793 ἐπιφυόμενον

142 2870 147 2875 ,
219 2811 408 2875 κακὸν,
440 2810 537 2864 καί
567 2826 735 2881 φησι’
763 2811 854 2881 Μὴ
886 2811 1259 2881 ὑπολάμϐανε,
1299 2815 1326 2867 ό
1351 2814 1457 2868 ἀπὸ
1487 2813 1586 2884 τῆς
1641 2817 1795 2887 ποιή-

219 2919 353 2966 σεως
394 2900 494 2955 τοῦ
538 2903 708 2973 νόμου
753 2903 935 2973 λαχὼν
986 2903 1048 2956 τὸ
1101 2905 1403 2974 μακάριον,
1450 2904 1526 2969 ὡς
1574 2907 1710 2975 μόνη
1765 2906 1793 2976 ἡ

220 2995 438 3063 ποίησις
473 2992 590 3063 ἔχει
637 2994 733 3047 καὶ
778 2995 841 3046 τὺ
886 2994 1186 3048 ἀπόδεκτον
1210 2994 1363 3064 παρὰ
1387 2994 1526 3065 Θεῷ.
1553 2997 1627 3051 Οὐ
1661 2998 1794 3069 γάρ·

218 3086 327 3138 ἀλλ’
362 3088 575 3150 ἐκεῖνος
631 3087 659 3141 ὁ
706 3085 846 3156 μετὰ
892 3085 989 3142 τοῦ
1021 3089 1216 3152 ποιεῖν,
1246 3087 1319 3158 μὴ
1367 3087 1794 3154 ἐξονειδιστικῶς

218 3182 323 3236 τῶν
383 3183 566 3238 ἄλλων
636 3182 769 3253 μηδὲ
819 3183 1253 3257 ἀφιλανθρὼπως
1295 3183 1432 3256 πρὸς
1480 3186 1605 3251 τοὺς
1659 3186 1789 3257 όμοο
1817 3209 1861 3272 ο

221 3276 401 3341 γενεῖς
430 3274 801 3346 διακείμενος.
829 3293 847 3327 ι
881 3276 986 3329 Τὸν
1030 3276 1129 3347 τῆς
1171 3274 1504 3347 ἐλευθερίας.
1544 3298 1564 3332 ›
1606 3279 1791 3334 Εἰπὼν

221 3365 397 3436 Νόμον
424 3366 653 3431 τέλειον,
683 3368 977 3440 ἐπήνεγκε,
1022 3369 1123 3422 Τόν
1169 3372 1268 3439 τῆς
1311 3370 1644 3443 ἐλευθερίας,
1690 3373 1791 3444 τὴν

222 3458 538 3530 ἐλευθερίαν
578 3459 850 3531 ἐπίσημον
878 3461 1043 3515 αὑτοῦ
1065 3461 1407 3533 ποιούμενος.
1427 3464 1485 3518 ’0
1515 3465 1626 3537 γὰρ
1652 3466 1791 3520 κατὰ

220 3551 453 3620 Χρισῖδν
488 3551 673 3623 νόμος,
692 3553 793 3623 τῆς
820 3555 950 3626 περὶ
978 3556 1083 3609 πᾶν
1104 3556 1165 3609 τὸ
1190 3556 1450 3629 σαρκικὸν
1478 3558 1791 3630 ἀπήλλάξας

220 3642 499 3707 δουλείας,
548 3644 961 3716 σαϐόατισμῶν,
1019 3647 1110 3700 καὶ
1166 3649 1489 3720 περιτομῆς,
1539 3651 1634 3705 καὶ
1692 3652 1791 3723 τῆς

222 3734 345 3802 περὶ
374 3730 509 3798 τοὺς
545 3733 737 3799 ἄλλους
765 3736 1067 3805 ἁγνισμοὺς
1105 3736 1378 3809 λατρείας,
1413 3740 1471 3790 ὲν
1508 3739 1791 3814 ἐλευθερία

222 3822 422 3876 τούτων
448 3826 546 3877 καὶ
579 3825 763 3878 ἀνέσει
782 3826 876 3881 τὸν
899 3824 1192 3897 προσιόντα
1218 3820 1527 3899 καθίστησι.
1564 3832 1675 3886 Καὶ
1702 3832 1792 3886 διὰ

223 3912 279 3965 τὸ
311 3913 649 3985 ἐλευθέριον,
682 3917 778 3969 καὶ
805 3914 868 3969 τὸ
897 3915 1006 3970 ἀπὸ
1059 3916 1161 3987 τῆς
1203 3917 1517 3989 ἐλευθερίας
1546 3921 1667 3992 ἡδὺ,
1696 3923 1793 3977 καὶ

224 4008 588 4078 «peccastbe
619 4010 915 4080 εἰργάσατο
946 4010 1155 4078 τοῦτον,
1183 4013 1277 4067 καὶ
1320 4015 1419 4085 τῆς
1456 3996 1792 4086 λυμαινομέ-

225 4114 316 4168 νης
342 4100 524 4156 ἅπασι
551 4102 668 4164 τοῖς
702 4102 891 4166 καλοῖς
920 4103 1231 4174 ἀπήλλαξεν
1264 4104 1658 4177 ἐπιλησμονῆς.
1692 4108 1795 4161 Οὑ-

223 4188 307 4242 όὲν
326 4190 441 4261 γὰρ
469 4189 615 4245 οὕτω
658 4193 1012 4264 περιέχεσθαί
1047 4212 1191 4260 τινος
1233 4196 1435 4263 πείθει,
1465 4197 1541 4262 ὡς
1576 4196 1639 4250 τὸ
1665 4198 1794 4271 περὶ

224 4279 282 4334 τὺ
310 4283 552 4353 πρᾶγμα
577 4283 1015 4355 ὲνθεωρούμενον
1043 4286 1236 4342 ἄνετόν
1263 4304 1323 4342 τε
1350 4288 1446 4341 καὶ
1463 4288 1789 4360 ἐλευθέριον.

224 4370 455 4442 Προσέτι
471 4371 572 4427 καὶ
594 4374 862 4445 μακάριον
878 4374 1127 4446 ἀπέφηνε
1148 4374 1241 4431 τὸν
1259 4376 1551 4432 τοιοῦτον.ι
1570 4377 1795 4449 Ἀκροα-

221 4462 316 4533 ﬁl;
344 4464 743 4535 ἐπιλησμονῆς.
791 4483 812 4518 ι
846 4467 926 4538 Τῇ
980 4468 1249 4539 ἀκροάσει
1299 4469 1505 4539 συνῆψε
1532 4470 1633 4541 τὴν
1669 4473 1794 4526 ἐπι-

1897 601 2099 657 frustm
2127 615 2189 655 ac
2222 610 2425 655 temere
2447 598 2576 654 facit
2611 598 2847 655 Jacobus
2880 597 3101 655 Domini
3147 599 3467 671 discipulus,

1895 693 1992 749 sed
2042 692 2222 748 omnia
2277 690 2514 748 breviter
2561 690 2820 761 loquitur,
2865 696 3121 762 tanquam
3169 691 3477 748 abbreviati

1901 786 2053 843 verbi
2081 770 2722 855 discipulus,’simulque
2771 783 3074 840 auditorem
3116 783 3378 856 colligens
3403 800 3470 840 ae

1895 879 2183 934 continens
2221 891 2289 931 ne
2317 876 2433 931 hac
2462 875 2633 932 otiose
2676 874 2910 932 audiret.
2948 893 2967 928 ι
3012 875 3203 946 Atqui
3236 891 3466 946 prospe-

1895 969 2052 1026 xerit.
2092 987 2111 1021 ι
2132 968 2430 1023 Considera
2461 966 2606 1037 quod
2626 965 2856 1023 dixerit:
2887 966 2990 1034 Qui
3020 967 3381 1038 prospexerit,
3413 976 3470 1023 et

1893 1076 2025 1128 non,
2055 1058 2160 1127 Qui
2203 1059 2482 1129 ingressus
2513 1057 2699 1114 fuerit.
2753 1055 3069 1129 Spirituaiis
3097 1073 3335 1129 namque
3381 1059 3467 1113 ιη

1892 1151 2239 1223 magniﬁcum
2278 1149 2533 1243 quiddam
2565 1159 2621 1243 et
2658 1149 2857 1221 ubique
2888 1150 3249 1208 desiderabile
3280 1152 3466 1218 habet,

1894 1246 2037 1301 unde
2059 1244 2221 1301 etiam
2243 1241 2305 1299 ex
2337 1258 2502 1314 prava
2524 1241 2608 1299 sui
2629 1242 2972 1300 assecutione
3002 1244 3155 1300 novit
3188 1244 3465 1301 attrahere

1892 1347 1946 1391 et
1974 1334 2276 1406 perfectum
2300 1333 2528 1389 reddere
2559 1348 2833 1403 :eutnque
2850 1333 3239 1404 perfectionem
3268 1334 3469 1393 habeat

1893 1438 1947 1485 et
1995 1430 2050 1483 in
2080 1428 2336 1484 omnibus
2380 1426 2594 1483 defectu
2634 1435 2839 1493 careat,
2868 1441 2999 1482 eum
3045 1427 3136 1498 qui
3184 1438 3468 1485 aSScrcuttts

1892 1530 1996 1585 est,
2026 1519 2081 1574 in
2115 1517 2268 1573 nullo
2300 1517 2557 1587 relinquit
2584 1517 2750 1573 dubio
2792 1517 2936 1574 circa
2981 1519 3187 1590 aliquid
3233 1520 3376 1589 quod
3412 1519 3464 1572 in

1893 1627 1955 1668 ea
1984 1612 2296 1666 continetur
2326 1627 2341 1666 :
2370 1619 2424 1665 et
2452 1611 2532 1665 eis
2559 1610 2649 1679 qui
2684 1610 2770 1666 vel
2793 1610 3153 1680 inspexerunt
3178 1613 3469 1679 persuadet

1894 1715 1952 1758 ut
1990 1704 2044 1759 in
2075 1719 2138 1759 ea
2180 1712 2554 1773 permaneant.
2594 1721 2613 1754 ι
2659 1702 2858 1774 Legem
2905 1704 3225 1773 perfectam.
3268 1725 3288 1758 ι
3322 1705 3471 1772 ρυεῖ-

1890 1800 2036 1854 niam
2086 1798 2456 1854 elIerehantur
2501 1796 2673 1852 Judaei
2726 1804 2951 1867 propter
3006 1782 3151 1869 legis
3204 1799 3468 1855 observa-
3572 1860 3579 1867 ,

1892 1893 2086 1957 tiones,
2119 1899 2175 1945 et
2199 1890 2284 1945 his
2316 1903 2586 1955 summam
2608 1887 2829 1959 pietatis
2850 1887 3104 1947 in,Deum
3128 1905 3187 1945 se
3212 1901 3469 1961 praestare

1890 1985 2157 2058 putabant
2190 2001 2204 2037 :
2234 1985 2429 2055 bisque
2468 1983 2598 2040 solis
2642 1991 2917 2052 vacantes,
2944 1984 3045 2042 sibi
3087 1985 3307 2056 quidem
3341 2002 3466 2056 per-

1890 2078 2182 2134 lectionem
2220 2076 2595 2140 vindicabant,
2636 2090 2765 2145 erga
2797 2084 3026 2132 caeteros
3071 2092 3199 2131 vero
3227 2077 3475 2132 hominis

1892 2168 2130 2238 superbo
2190 2175 2246 2221 et
2312 2165 2713 2237 improperioso
2766 2165 2947 2221 animo
3011 2165 3191 2220 allecti
3265 2174 3463 2221 erant:

1890 2257 2049 2329 451
2077 2256 2531 2327 quemadmodum
2571 2254 2917 2311 manifestum
2956 2264 3040 2310 est
3074 2271 3144 2310 ex
3174 2254 3469 2327 phariszno,

1892 2343 1969 2403 de
1986 2364 2094 2418 quo
2122 2349 2178 2403 in
2195 2346 2484 2419 Evangelio
2504 2345 2546 2378 ¹⁸
2567 2388 2582 2412 ,
2601 2356 2654 2403 et
2679 2348 2747 2402 ab
2782 2347 2866 2403 his
2879 2348 2970 2419 qui
2991 2347 3253 2403 adversus
3282 2347 3465 2403 Publi-

1893 2455 2086 2495 canum
2109 2439 2486 2496 contumeliosi
2502 2450 2687 2497 erant:
2721 2441 2869 2497 hunc
2897 2441 3146 2495 timorem
3169 2438 3468 2509 reprimens

1894 2531 2084 2585 beatus
2126 2530 2363 2587 Jacohus
2401 2530 2533 2587 dicit
2582 2546 2647 2587 ea
2687 2545 2809 2601 qua:
2859 2535 3259 2601 proponuntur.
3306 2528 3470 2584 Facta

1892 2636 2129 2689 namque
2156 2620 2433 2679 mentione
2459 2637 2686 2692 operum
2713 2622 2832 2692 eius
2861 2621 2953 2693 qui
2984 2635 3291 2677 sermonem
3314 2620 3470 2677 fact's

1892 2714 2170 2784 exprimit,
2206 2714 2297 2771 ubi
2328 2730 2455 2771 eum
2483 2717 2699 2771 beatum
2732 2715 3067 2787 praedicavit,
3095 2714 3277 2772 statim
3304 2714 3470 2770 etiam

1894 2806 2116 2879 corrigit
2137 2807 2341 2863 malum
2352 2809 2506 2878 'quod
2524 2807 2708 2864 multis
2723 2823 2790 2863 ex
2805 2810 3117 2878 operatione
3137 2805 3473 2873 adnascitur,

1894 2906 1949 2953 et
1979 2899 2053 2957 ait
2081 2918 2095 2954 :
2128 2897 2206 2955 Ne
2231 2900 2511 2971 existimes
2538 2900 2685 2969 quod
2715 2914 2780 2955 ex
2819 2898 3077 2970 operibus
3105 2898 3239 2970 legis
3275 2897 3470 2954 sortia-

1894 2990 1970 3045 ris
2007 2992 2422 3060 beatitudinem,
2437 2994 2590 3063 quasi
2609 2994 2724 3049 sola
2746 2994 2991 3063 operatio
3013 2993 3211 3049 haheat
3231 2991 3467 3047 utetiam

1895 3083 2039 3154 apud
2082 3082 2253 3139 Deum
2297 3083 2490 3139 reddat
2530 3084 2920 3157 acceptabilem
2957 3101 2971 3137 :
3011 3097 3353 3161 nequaquam
3396 3086 3468 3137 ita

1895 3182 2002 3245 est,
2043 3176 2138 3234 sed
2181 3177 2270 3234 ille
2308 3177 2503 3234 beatus
2542 3185 2626 3232 est
2657 3177 2750 3248 qui
2789 3177 2948 3234 simul
2990 3186 3045 3232 et
3079 3175 3227 3243 facit,
3260 3185 3315 3232 et
3346 3191 3471 3246 erga

1894 3280 2118 3327 caeteros
2156 3270 2239 3325 sui
2267 3270 2481 3342 generis
2515 3268 2767 3326 homines
2803 3286 2913 3327 non
2944 3269 3337 3327 contumelioso
3366 3283 3470 3325 nec

1894 3361 2191 3416 iuhumano
2214 3363 2395 3419 animo
2410 3363 2638 3420 allectus
2663 3372 2771 3420 est.
2811 3382 2830 3415 ι
2865 3364 2996 3430 Qum
3018 3373 3104 3418 est
3129 3362 3413 3418 libertatis.
3444 3380 3463 3415 ι

1894 3453 1998 3509 Ubi
2033 3454 2256 3510 dixisset
2276 3454 2470 3527 Legem
2503 3456 2823 3527 perfectam,
2875 3456 3189 3525 subiunxit:
3226 3454 3357 3523 Quae
3388 3464 3466 3510 est

1892 3547 2179 3615 libertatis,
2199 3550 2487 3621 assignans
2509 3550 2627 3622 ejus
2654 3550 2983 3606 libertatem.
3009 3550 3120 3606 Lex
3142 3550 3287 3606 enim
3312 3549 3471 3606 Chri—

1894 3642 1964 3697 sti
1998 3656 2031 3696 a
2066 3641 2332 3697 servitute
2378 3641 2618 3715 liberans
2662 3640 2910 3698 omnium
2960 3642 3281 3706 carnalium,
3334 3651 3470 3713 puta

1895 3730 2257 3787 Sabhatorum
2286 3739 2342 3786 et
2371 3731 2802 3789 circumeisionis
2832 3746 2897 3788 ac
2925 3733 3104 3787 cultus
3136 3732 3277 3787 circa
3311 3741 3474 3787 cazte~

1892 3839 1980 3881 ras
2005 3823 2430 3895 puriﬁcationes,
2456 3823 2513 3878 in
2574 3823 2825 3879 libertate
2854 3833 2908 3879 et
2935 3823 3118 3893 requie
3142 3824 3210 3880 ab
3241 3823 3475 3880 hiscou.

1894 3910 2070 3973 stituit
2098 3908 2450 3965 accedentem
2483 3925 2495 3961 :
2525 3916 2580 3963 et
2609 3918 2835 3979 propter
2867 3909 3174 3967 libertatem
3205 3926 3270 3967 ac
3298 3913 3470 3967 suavi-
3508 3984 3519 3989 η

1895 4011 2059 4057 tatem
2074 4019 2192 4073 qua:
2214 4001 2507 4057 aiibertate
2534 4002 2802 4071 procedit,
2837 4003 3000 4059 etiam
3027 4003 3174 4059 hunc
3202 4012 3470 4061 attentum

1894 4093 2092 4159 reddit,
2138 4092 2440 4163 liberatque
2487 4091 2760 4147 oblivione
2789 4108 2910 4164 quas
2948 4094 3090 4151 bona
3129 4096 3311 4150 omnia
3352 4111 3472 4150 cor-

1894 4174 2120 4253 rumpit.
2164 4182 2309 4238 Nihil
2336 4168 2481 4241 enim
2507 4184 2647 4239 adeo
2681 4184 2973 4255 persuadet
3000 4185 3282 4242 adhazrere
3311 4186 3472 4242 alicui

1897 4274 2036 4330 sicut
2070 4275 2221 4339 illud,
2245 4292 2442 4347 nempe
2468 4277 2613 4348 quod
2635 4278 2878 4349 requiem
2903 4295 2935 4335 a
2960 4280 3192 4353 negotiis
3223 4288 3275 4336 et
3305 4281 3471 4339 liber-

1898 4373 2064 4421 tatem
2099 4367 2226 4423 dare
2256 4368 2610 4439 conspicitur.
2644 4369 2873 4442 insuper
2906 4372 3053 4428 hunc
3090 4387 3307 4443 quoque
3342 4372 3472 4429 hea-

1899 4468 2012 4515 tum
2047 4459 2454 4515 demonstravit.
2486 4479 2505 4513 ι
2533 4462 2760 4518 Auditor
2785 4462 3101 4520 obliviosus.
3138 4482 3157 4515 ι
3191 4465 3472 4520 Auditioni

223 4546 519 4623 λησμονὴν,
559 4552 637 4618 ὡς
679 4555 731 4609 εί
779 4555 922 4610 ἐνδεῖ
964 4556 1068 4629 τῆς
1122 4559 1394 4632 ποιήσεως
1435 4562 1468 4632 ὴ
1511 4562 1793 4632 ἀκρόασις,

1904 4551 2186 4622 conjunxit
2228 4552 2576 4621 oblivionem,
2602 4555 2745 4624 quod
2786 4555 3049 4611 auditioni
3085 4571 3223 4627 opus
3251 4557 3321 4612 sit
3345 4572 3476 4628 ope-

223 4641 371 4696 οὑόὲν
402 4645 640 4715 πρᾶγμα
685 4647 763 4718 μὴ
805 4647 899 4702 καὶ
922 4647 1025 4721 τὴν
1073 4649 1449 4723 ἐπιλησμονὴν
1495 4653 1797 4707 ἐπακολου-

224 4730 409 4804 θῆσαι,
443 4735 522 4800 ὡς
560 4738 705 4794 κατὰ
742 4739 1021 4814 πάρεργον
1062 4744 1164 4798 οὐκ
1204 4744 1444 4817 ἐνεργῶς
1464 4744 1562 4815 τῆς
1595 4746 1796 4820 ἀκροά-

225 4842 358 4890 σεως
387 4829 714 4900 γενομένης.

283 4916 358 4969 ει
405 4933 497 4983 τις
521 4916 696 4973 δοκεῖ
720 4921 990 4991 θρῆσκος
1022 4923 1179 4980 εῖναι
1200 4925 1270 4981 ἐν
1300 4926 1466 4997 ὑμῖν,
1504 4925 1589 4997 μὴ
1623 4932 1795 4997 χαλι-

221 5006 505 5077 ναγωγῶν
537 5008 829 5077 γλῶσσαν
855 5014 1062 5082 αὑτοῦ,
1083 5016 1247 5072 ἀλλὰ
1272 5017 1518 5073 ἀπατῶν
1542 5020 1795 5089 καρδίαν

222 5096 431 5162 αὐτοῦ,
482 5100 700 5155 τούτου
744 5101 1001 5171 μάταιος
1056 5104 1096 5175 ἠ
1126 5109 1435 5176 θρησκεία.
1496 5112 1794 5179 Θρησκεία

224 5189 449 5257 καθαρὰ
472 5190 573 5244 καὶ
618 5191 905 5262 ἀμίαντος
948 5196 1107 5265 παρὰ
1156 5198 1236 5264 τῷ
1269 5200 1391 5266 Θεῷ
1435 5203 1534 5255 καὶ
1588 5203 1791 5272 Πατρὶ,

222 5278 370 5349 αὕτη
399 5280 591 5349 ἐστὶν,
625 5284 1094 5341 ἐπισκέπτεσθαι
1130 5290 1435 5358 ὀρφανοὺς
1469 5292 1567 5346 καὶ
1602 5293 1794 5362 χήρας

221 5370 289 5422 ὲν
337 5370 410 5439 τῇ
469 5373 672 5442 θλίψει
741 5375 968 5432 αὐτῶν·
1019 5378 1287 5436 ἄσπιλον
1335 5380 1555 5437 ἑαυτεν
1596 5384 1796 5451 τηρεῖν

156 5514 167 5523 ,
222 5462 340 5518 ἀπὸ
368 5464 476 5518 τοῦ
505 5466 761 5536 κόσμου,

305 5554 370 5608 Ἦ
420 5557 732 5625 θρησκεία,
767 5558 925 5613 πλέον
952 5579 1004 5616 τι
1032 5564 1181 5618 δοκεῖ
1222 5563 1320 5635 τῆς
1364 5564 1597 5626 πίστεως
1628 5564 1793 5637 ἔχειν.

225 5647 483 5720 Κρυςςίων
511 5651 621 5722 γάρ
646 5668 809 5709 τινων
853 5656 1054 5725 γνῶσιν
1080 5657 1139 5712 τὸ
1168 5658 1338 5729 ὄνομα
1368 5659 1797 5728 ἐπαγγέλλεται,

325 5824 366 5855 ¹³
400 5822 528 5882 Luc.
558 5842 713 5895 xvm,
742 5831 823 5887 10.

1902 4648 2134 4713 ratione,
2172 4648 2379 4703 nullum
2410 4659 2591 4704 autem
2622 4664 2761 4720 opus
2798 4651 3128 4707 oblivionem
3172 4663 3472 4722 sequatur:

1903 4738 2055 4806 quasi
2085 4737 2352 4808 superﬂua
2372 4738 2442 4793 sit
2468 4738 2678 4795 auditio
2698 4755 2817 4809 qua:
2837 4742 3019 4812 operis
3049 4741 3340 4798 eilicaciam
3366 4760 3475 4798 non

1904 4828 2091 4884 habet.

1973 4920 2015 4987 Ι,
2045 4919 2233 4974 26-27.
2269 4919 2328 4975 Si
2358 4923 2473 4992 quis
2504 4923 2707 4976 videtur
2740 4923 3009 4994 religiosus
3056 4941 3169 4978 esse
3211 4908 3347 4980 inter
3385 4940 3475 4978 vos

1902 5014 1993 5084 qui
2030 5029 2132 5067 non
2188 5014 2359 5083 frenat
2406 5013 2643 5084 linguam
2689 5015 2975 5077 suam,sed
3013 5016 3152 5085 fallit
3183 5033 3271 5070 cor
3299 5033 3474 5080 suum,

1901 5104 2067 5174 hujus
2091 5120 2228 5157 vana
2277 5115 2350 5160 est
2388 5105 2587 5176 religio.
2627 5105 2828 5177 Religio
2876 5124 3012 5177 para
3050 5118 3097 5162 et
3132 5110 3475 5164 immaculata

1902 5199 2042 5266 apud
2072 5198 2234 5251 Deum
2267 5208 2315 5251 et
2348 5196 2558 5253 Patrem
2607 5199 2716 5253 Ιιαιε
2750 5211 2848 5267 est,
2887 5201 3104 5256 visitare
3118 5201 3385 5272 opupillos
3414 5217 3478 5253 ac

1898 5291 2084 5344 viduas
2110 5291 2164 5343 in
2204 5291 2482 5361 aﬂlictione
2509 5293 2745 5359 ipsorum
2787 5308 2805 5345 :
2835 5292 3242 5347 immaculatum
3266 5306 3476 5347 scrvare

1895 5388 2118 5453 scipmm
2152 5402 2183 5438 α
2217 5386 2427 5440 mundo.

1970 5567 2247 5638 Θρησκεία
2296 5567 2486 5640 religio
2532 5567 2652 5639 plus
2698 5567 2957 5638 quiddam
3009 5565 3209 5622 habere
3263 5562 3475 5619 videtur

1899 5675 2059 5729 quam
2096 5659 2245 5716 ﬁdes.
2273 5658 2641 5726 Quorumdam
2673 5658 2820 5714 enim
2843 5657 3179 5729 occultorum
3206 5653 3473 5726 ceguitiu-
