3970 6590
445 382 545 447 ΠΙ

1511 386 1919 449 (ECUMENII
1957 386 2253 447 TRICCIE
2288 383 2638 448 EPISCO'PI

3609 365 3723 437 ιη

445 517 575 558 nem
615 499 885 572 promittit
936 501 1114 573 ipsum
1160 517 1383 563 nomen.
1432 511 1487 557 et
1528 520 1716 559 eorum
1763 521 1887 575 qua:
1927 505 2017 561 ίίιιι

2140 507 2235 561 καὶ
2291 504 2617 578 βεϐαιότητα
2668 497 2779 554 τῶν
2821 497 2963 553 κατά
2993 497 3090 569 τὴν
3128 494 3313 549 πίστιν
3343 489 3722 563 ὲνθεωρουμέ-

446 592 862 665 conspiciuntur
900 593 1237 651 ﬁrmitatem.
1286 596 1412 651 ldeo
1455 596 1559 652 hac
1598 596 1763 652 etiam
1794 597 2033 653 dictione

446 701 580 742 usus
613 695 698 742 est
726 687 918 742 beatus
936 686 1192 752 Jacobus,
1226 688 1417 744 dicens
1448 706 1464 747 :
1516 688 1743 761 Religio,
1776 705 1842 746 ac
1875 689 1919 745 si
1948 690 2034 745 di-

443 782 617 837 xisset
642 797 658 837 :
683 780 1022 853 Cognoscere
1050 791 1103 839 te
1128 782 1411 838 existimas
1442 791 1499 839 et
1529 791 1716 840 exacte
1740 784 2033 840 observare

443 889 639 929 arcana
671 889 793 944 quae
822 884 948 930 sunt
991 874 1048 929 in
1086 873 1222 946 lege.
1253 873 1543 941 Quomodo
1564 876 1669 931 hoc
1705 875 1819 931 ﬁeri
1851 886 2032 947 potest

443 982 568 1021 cum
596 966 837 1038 linguam
868 966 1085 1022 frenare
1113 967 1347 1034 nescias,
1380 969 1722 1027 detrahendo
1740 966 1983 1041 proximo
2010 990 2026 1028 :

441 1069 496 1115 et
534 1059 781 1116 fastuose
801 1059 966 1119 vitam
997 1059 1221 1131 degens,
1256 1062 1460 1119 nullius
1488 1063 1646 1134 egeni
1676 1062 1983 1120 miserearis
2009 1082 2026 1120 :

390 1162 393 1165 ‘
438 1151 603 1224 452
640 1167 767 1207 cum
818 1152 903 1209 lex
948 1167 1128 1224 neque
1176 1154 1552 1212 detrahentem
1603 1157 1830 1227 recipiat
1861 1157 1923 1220 “,
1973 1165 2033 1212 et

396 1282 404 1304 ,
438 1245 787 1300 inimicorum
815 1259 1031 1315 quoque
1057 1245 1307 1302 misereri
1349 1246 1555 1318 iubeat,
1576 1264 1641 1304 ac
1670 1248 1895 1306 inimico
1933 1265 2026 1305 oc-

437 1344 635 1408 cupato
677 1336 730 1391 in
766 1337 1105 1393 sublevando
1133 1352 1235 1393 suo
1266 1339 1518 1409 jumento
1547 1342 1690 1411 quod
1723 1344 1826 1400 sub
1857 1360 2026 1402 onere

435 1429 656 1497 cecidit,
700 1428 889 1500 iubeat
920 1441 986 1485 ιιι·
1019 1430 1094 1487 sis
1133 1431 1335 1488 auxilio
1374 1431 1444 1484 "1'
1474 1433 1530 1488 Si
1572 1450 1703 1506 ergo
1742 1436 2025 1509 religiosus

435 1541 557 1583 esse
576 1525 679 1590 vis,
707 1542 776 1582 ne
811 1538 864 1585 te
893 1544 958 1583 ex
989 1528 1123 1601 legis
1149 1529 1462 1600 cognitione
1490 1531 1799 1603 religiosum
1833 1545 2024 1590 osten-

434 1621 553 1687 das,
581 1620 688 1676 sed
704 1636 772 1675 ex
801 1623 1141 1693 operatione,
1189 1622 1259 1678 id
1274 1632 1455 1680 autem
1486 1624 1796 1681 miserendo
1837 1630 2021 1697 proxi-

433 1714 557 1771 mi:
597 1729 726 1769 nam
770 1715 1147 1771 misericordia
1192 1731 1318 1789 erga
1365 1719 1673 1788 proximum
1722 1722 2021 1779 similitudo

432 1806 682 1878 quadam
720 1815 809 1863 est
842 1808 915 1864 ad
934 1809 1128 1865 Deum.
1163 1810 1255 1865 Ait
1285 1812 1431 1866 enim
1465 1828 1479 1867 :
1536 1831 1555 1864 ι
1595 1814 1782 1869 Estote
1808 1816 2023 1870 miseri-

431 1900 627 1955 cordes
649 1899 792 1956 sicut
815 1907 869 1955 et
887 1900 1048 1956 Pater
1068 1911 1248 1957 vester
1264 1901 1502 1959 cmlestis
1521 1903 1835 1959 misericors
1854 1906 2002 1960 est“.
2053 1878 2099 1935 Β

432 1991 547 2048 Sed
573 2003 627 2049 et
662 1991 1036 2049 misericordia
1064 2010 1176 2050 non
1206 1995 1424 2051 sitcum
1467 2005 1719 2067 respectu
1754 2013 2021 2068 persona-

428 2105 554 2145 rum
585 2107 598 2142 :
629 2089 755 2160 quia
785 2103 966 2160 neque
1004 2087 1148 2144 Deus
1183 2104 1278 2143 sua
1310 2088 1577 2144 beneﬁcia
1612 2088 1742 2145 facit
1778 2090 1906 2147 huic
1933 2093 2028 2148 vel

427 2182 507 2238 illi
562 2179 966 2257 distribuendo,
1013 2181 1109 2236 sed
1160 2180 1372 2236 nullum
1412 2180 1778 2238 discernenda
1827 2199 2020 2240 omnes

426 2273 695 2331 beneﬁcio
739 2271 995 2337 allicit",
1045 2272 1241 2329 divites
1290 2288 1356 2328 ac
1395 2289 1688 2344 pauperes,
1745 2275 1920 2331 malos
1955 2290 2022 2332 ac

426 2370 623 2423 honos.
651 2356 893 2421 Frenans
918 2374 1121 2431 autem,
1152 2366 1258 2421 hoc
1284 2375 1388 2431 est,
1418 2366 1703 2432 cohibens,
1730 2378 1784 2423 et
1809 2383 1920 2424 non
1950 2384 2019 2424 ex

424 2459 734 2527 arrogantia
784 2459 938 2530 quasi
978 2459 1150 2530 legem
1202 2458 1359 2514 factis
1413 2459 1763 2529 exprimeret,
1824 2460 2019 2517 fallens

427 2557 581 2599 suam
600 2543 1030 2599 conscientiam:
1057 2559 1182 2599 nam
1196 2544 1303 2601 hoc
1317 2545 1590 2617 signiﬁcat
1606 2560 1721 2613 cor,
1739 2545 1882 2601 sicut
1897 2545 1974 2601 ibi
1994 2561 2011 2601 :

435 2654 454 2687 ι
485 2631 595 2690 Cor
622 2635 923 2690 contritum
953 2643 1008 2693 et
1036 2634 1385 2692 humiliatum
1438 2652 1547 2692 non
1583 2636 1858 2708 despicies
1881 2636 1948 2692 ".
1987 2654 2007 2688 ι

428 2753 500 2770 -η
555 2745 574 2779 ι
616 2724 827 2798 Religio
884 2743 1043 2801 pura.
1075 2746 1096 2782 ι
1149 2728 1425 2786 Fortassis
1471 2728 1617 2784 dicet
1669 2728 1919 2800 aliquis:
1957 2726 2045 2783 Si‘

421 2818 734 2872 teslamenti
764 2819 908 2887 quod
932 2817 1124 2873 statuit
1148 2818 1405 2876 Christus
1430 2806 1624 2878 doctor
1650 2830 1737 2878 est
1753 2822 2012 2893 Iacobus,

421 2910 701 2981 quomodo
730 2927 840 2967 non
866 2911 1101 2985 abrogat
1121 2928 1270 2968 nunc
1296 2929 1419 2984 qua:
1447 2913 1581 2986 legis
1603 2926 1754 2983 sunt,
1785 2918 1879 2974 sed
1917 2934 2017 2989 po-

419 3002 531 3058 tius
561 3002 794 3067 extollit.
818 3003 1125 3075 suscipiens
1158 3020 1255 3061 eos
1300 3006 1392 3077 qui
1424 3006 1477 3061 in
1511 3006 1632 3078 ejus
1664 3009 2013 3066 observantia

418 3108 747 3168 versantur,
790 3116 897 3158 nec
939 3101 1042 3160 hos
1071 3103 1485 3173 reprehendens
1512 3114 1608 3160 aut
1646 3107 1916 3177 repellens
1942 3108 2012 3163 ab

420 3191 811 3293 observatione
846 3193 1024 3293 legis?
1058 3195 1344 3293 Adnquod‘
1381 3196 1517 3253 illud
1560 3197 1816 3293 dicimus,
1864 3200 2009 3270 quod
2037 3233 2081 3293 ε

416 3300 519 3356 per
543 3286 766 3342 modum
797 3286 1178 3343 introducendi
1206 3288 1388 3358 potius
1407 3305 1557 3346 nunc
1576 3306 1701 3345 cum
1727 3291 1864 3362 ipsis
1896 3293 2011 3349 dis-

418 3378 574 3441 serit,
620 3387 677 3434 et
715 3377 956 3434 demittit
999 3395 1059 3435 se
1089 3380 1159 3436 ad
1190 3394 1382 3436 eorum
1427 3382 1894 3449 imbecillitatem,
1940 3400 2011 3441 ne

417 3468 603 3524 statim
633 3470 702 3526 ab
732 3471 959 3527 exordio
986 3471 1162 3543 legem
1187 3482 1442 3529 evertens
1465 3516 1480 3541 ,
1513 3473 1679 3530 faciat
1707 3491 1803 3532 eos
1832 3486 2009 3534 retro-

416 3561 636 3629 cedere,
670 3562 1017 3620 fastidientes
1049 3566 1120 3622 ob
1141 3565 1458 3637 dogmatum
1491 3568 1818 3635 novitatem,
1855 3581 1913 3628 et
1941 3574 2007 3628 ad

415 3654 860 3712 incredulitatem
874 3657 1236 3716 declinantes.
1252 3660 1688 3717 Convenientius
1699 3671 1877 3720 autem
1892 3677 2009 3719 rem

415 3757 680 3814 tractans,
713 3757 768 3806 et
798 3764 859 3805 se
896 3750 1194 3808 demittens
1221 3752 1290 3809 ad
1328 3753 1534 3825 legem,
1566 3734 1677 3824 quo
1706 3756 1775 3810 ad
1815 3756 1903 3810 illa
1951 3758 2007 3811 in

413 3838 616 3912 quibus
634 3857 788 3899 novo
825 3851 1154 3901 testamento
1181 3860 1291 3902 non
1321 3846 1585 3903 afferebat
1612 3857 2006 3904 nocumentum

412 3932 531 3989 suis
573 3935 1057 4012 superstitionibus
1100 3938 1252 4012 (quid
1280 3939 1427 3995 enim
1459 3949 1621 3996 nocet
1648 3940 1771 3997 ﬁdei
1800 3958 1921 4014 quae
1950 3942 2003 3997 in

410 4026 689 4085 Christum
724 4039 807 4087 est
835 4070 849 4094 ,
885 4030 1194 4088 observatio
1226 4034 1576 4091 sabbatorum
1605 4045 1701 4092 aut
1735 4037 2005 4108 jejunium

407 4129 505 4175 aut
529 4120 864 4178 abstinentia
886 4137 916 4203 a
938 4124 1263 4196 quibusdam
1285 4126 1466 4196 cibis).
1499 4137 1553 4185 et
1581 4128 1666 4184 his
1681 4130 2005 4189 attentiores

2137 618 2275 655 νων.
2301 598 2400 653 Διά
2422 613 2507 651 τοι
2538 590 2698 648 τοῦτο
2747 591 2846 648 καὶ
2874 590 2970 644 νῦν
2995 591 3025 643 ὁ
3066 586 3339 659 μακάριος
3368 581 3625 646 Ἰάκωϐος
3650 584 3723 653 τῇ

2135 693 2280 759 λέξει
2336 691 2511 762 ταύτῃ
2565 687 2876 760 ἐχρήσατο,
2927 682 3182 754 Θρῆσκος
3234 676 3431 743 εἰπὼν,
3474 673 3724 744 ὡσπερεὶ

2136 786 2315 856 ἔλεγε,
2344 783 2601 853 Γνώστην
2629 778 2824 834 ἑαυτὸν
2856 776 2960 830 οἴει
2994 772 3105 828 τῶν
3140 774 3200 826 ὲν
3230 769 3313 843 τῷ
3354 771 3510 841 νόμῳ
3545 768 3723 838 ἀπορ-

2135 882 2318 952 ρήτων
2367 876 2463 930 καὶ
2487 872 2692 945 ἀκριϐῆ
2730 870 2971 941 φύλακα.
3015 866 3173 932 Πῶςς
3199 864 3372 932 Ὀσγε
3538 857 3724 961 γλῶσζ

2134 985 2236 1029 σαν
2273 973 2349 1044 μὴ
2393 968 2759 1038 ἐπιστάμενος
2805 960 3234 1035 χαλιναγωγεῖν,
3262 954 3593 1016 καταλαλεῖς
3620 954 3722 1004 τοῦ

2132 1066 2381 1137 πλησίον,
2413 1063 2508 1119 καὶ
2540 1057 2928 1131 ὑπεροπτικῶς
2952 1053 3198 1117 διαϐιοὺς
3225 1050 3422 1106 οὐδένα
3446 1047 3556 1102 τῶν
3577 1046 3723 1137 ἀπο-

2133 1135 2371 1230 ρούντων
2427 1154 2755 1225 οἰκτείρεις,
2811 1150 2907 1206 τοῦ
2957 1148 3127 1216 νόμου
3163 1145 3303 1217 μήτε
3346 1141 3437 1196 τὸν
3468 1135 3721 1230 καταλα-

2128 1226 2331 1308 λοῦντα
2363 1246 2754 1321 προσιεμένου,
2787 1239 3054 1297 ἀλλὰκαὶ
3081 1236 3211 1328 τοὺς
3250 1234 3487 1328 εχθροὺς
3514 1226 3723 1328 οἰκτεξ-

2130 1359 2250 1416 ρειν
2278 1337 2617 1403 κελεύοντος,
2649 1334 2742 1389 καὶ
2772 1332 2852 1405 τῷ
2890 1329 3033 1397 ὑπὲρ
3066 1326 3161 1380 τὸν
3200 1324 3371 1395 νόμον
3411 1321 3473 1425 τὸ
3512 1321 3720 1425 suum?

2128 1414 2327 1508 κτῆνος
2366 1428 2934 1505 ἑμπεπτωκὸςίὲχοντι
2964 1417 3512 1508 καταλαμϐανομένιρ
3532 1414 3721 1508 ἐχθρῷ

2130 1506 2651 1601 συναντιλαμϐάνειν
2686 1524 2861 1594 τούτῳ
2885 1519 3227 1582 κελεύοντος.
3258 1514 3432 1584 Εἴπερ
3454 1506 3547 1566 οὖν
3583 1507 3721 1580 θρῆ-

2128 1644 2259 1690 σκος
2291 1620 2433 1680 εἶναι
2458 1620 2660 1694 βούλει,
2695 1618 2770 1689 μὴ
2799 1616 2859 1669 ὲν
2891 1616 2958 1685 τῇ
2990 1612 3198 1681 γνώσει
3235 1606 3331 1662 τοῦ
3376 1605 3545 1675 νόμου
3586 1602 3721 1655 ἑπι-

2126 1719 2411 1775 δείκνυσον
2456 1715 2550 1769 τὸν
2596 1711 2861 1785 θρῆσκον,
2888 1707 3005 1762 ἀλλ’
3041 1706 3104 1759 ιν
3135 1704 3202 1774 τῇ
3268 1699 3509 1770 ποιήσει.
3540 1694 3721 1750 Τοῦτο

2125 1810 2184 1865 δέ
2231 1810 2349 1863 ἐστι
2386 1806 2445 1861 τὸ
2471 1805 2601 1868 τοὺς
2647 1800 2878 1872 πλησίον
2907 1795 3225 1866 οἰκτείρειν.
3269 1792 3331 1845 '0
3362 1789 3471 1860 γὰρ
3507 1787 3591 1852 είς
3621 1786 3721 1840 τὸν

2126 1903 2357 1976 πλησίον
2393 1898 2679 1970 οἱκτιρμὸς
2706 1892 3044 1965 ἀφομοίωσίς
3102 1891 3221 1942 ἐστι
3261 1885 3400 1958 πρὸς
3432 1883 3526 1936 τὸν
3553 1880 3716 1935 Θεόν.

2135 2018 2158 2052 ι
2192 1994 2417 2050 Γίνεσθε
2446 1992 2580 2063 γὰρ,
2637 1990 2828 2061 φησὶν,
2858 1985 3242 2059 οἰκτίρμονες,
3300 1976 3487 2039 καθὼς
3545 1975 3641 2028 καὶ
3688 1975 3721 2026 ὁ

2125 2089 2317 2161 Πατὴρ
2358 2087 2514 2159 ὑμῶν
2559 2088 2588 2139 ὁ
2634 2083 2888 2154 οὐράνιος
2930 2076 3235 2147 οίκτίρμων
3277 2072 3417 2128 ἐστί,
3468 2089 3488 2123 ι
3546 2066 3722 2161 Ἃ).λά

2124 2183 2222 2239 καὶ
2244 2160 2587 2252 όοίκτιρμὸς
2622 2176 2696 2249 μὴ
2744 2177 2802 2229 ὲν
2852 2166 3294 2245 προσωποληψίᾳ
3350 2164 3515 2218 ἔστω.
3548 2160 3720 2214 Ἐπεὶ

2126 2276 2266 2347 μηδὲ
2298 2274 2327 2327 ὁ
2358 2273 2492 2337 Θεὸς
2522 2265 3051 2341 ἀπομεμερισμένας
3088 2263 3184 2325 τὰς
3233 2257 3429 2315 ἑαυτᾱῦ
3474 2256 3721 2347 ποιεῖται

2123 2369 2476 2442 εὐεργεσίας,
2509 2364 2649 2421 ἀλλὰ·
2687 2361 3065 2421 ἁδιαστάκτως
3120 2356 3355 2417 πάντας,
3413 2346 3720 2442 πλουσίους

2123 2437 2232 2518 καὶ-
2263 2437 2512 2533 πένητας
2531 2499 2546 2526 ,
2598 2454 2876 2528 πονηροὺς
2905 2452 3001 2508 καὶ
3031 2447 3272 2519 ἀγαθοὺς
3298 2442 3603 2517 εὐεργετεῖ.
3634 2437 3717 2492 Τδ

2120 2556 2181 2611 δὲ
2203 2596 2219 2620 ,
2251 2550 2676 2628 χαλιναγωγῶν,
2719 2545 2885 2603 οἱονεὶ
2931 2544 3247 2614 κατάγχων,
3276 2539 3373 2628 καὶ
3398 2534 3474 2608 μὴ
3504 2533 3576 2628 ἐς
3597 2532 3721 2603 οἰήσ-

2122 2622 2287 2710 σεωξ
2319 2644 2397 2709 ὡς
2445 2639 2679 2713 ποιητὴς
2730 2637 2899 2708 νόμον
2953 2632 3183 2689 ἀπατῶν
3238 2626 3339 2700 τὴν
3400 2622 3716 2713 συνείδησιν

2121 2735 2310 2793 αὑτοῦ.
2346 2734 2519 2790 Τοῦτο
2689 2731 2724 2802 ἡ
2749 2726 2947 2800 καρδία
2989 2723 3243 2796 βούλεται
3266 2716 3580 2790 σημαίνειν.
3620 2710 3715 2776 Ὠς

2119 2837 2179 2889 ἐν
2210 2831 2319 2903 τῷ,
2360 2849 2379 2883 ι
2414 2826 2661 2900 Καρδίαν
2709 2819 3183 2893 συντετριμμένην
3231 2816 3326 2870 καὶ
3372 2824 3716 2903 τεταπεινωέ

2122 2901 2317 2999 μένην.
2343 2942 2362 2977 ι
2382 2954 2452 2966 -
2472 2941 2491 2973 ι
2512 2917 2793 2991 Θρησκεία
2811 2912 3051 2987 καθαρά.
3091 2930 3110 2964 ι
3154 2911 3317 2972 Ἴσως
3361 2906 3481 2976 ἐρεῖ
3503 2917 3618 2999 τιεί
3644 2901 3715 2955 Εἰ

2118 2994 2219 3091 τῆς
2252 2994 2400 3073 κατά
2430 3014 2668 3088 Χριστὸν
2695 3010 2963 3081 διαθήκης
2985 3003 3308 3066 διδάσκαλος
3343 2994 3709 3097 fiducia;

2118 3087 2237 3177 πως
2266 3111 2362 3166 νῦν
2409 3108 2535 3180 οὐχὶ
2586 3105 2859 3176 καταργεῖ
2885 3101 2955 3155 τὰ
2984 3098 3080 3154 τοῦ
3111 3097 3304 3167 νόμου,
3339 3091 3476 3146 ἀλλά
3503 3087 3714 3159 μᾶλλον

2116 3206 2347 3278 ἐξαίρει,
2391 3201 2521 3265 τοὺς
2547 3199 2608 3254 ὲν
2636 3201 2704 3270 τῇ
2743 3196 2936 3255 τούτου
2971 3188 3246 3263 θρησκείᾳ
3280 3181 3711 3253 ἀποδεχόμενος,

2116 3299 2212 3355 καὶ
2245 3298 2323 3370 μὴ
2370 3293 2643 3366 ἐπιτιμῶν
2671 3289 2884 3352 τούτοις
2909 3286 3007 3342 καὶ
3042 3285 3143 3353 τῆς
3172 3282 3269 3337 τοῦ
3306 3278 3712 3381 νόμου-ἀπανι-

2116 3390 2258 3445 στῶν
2310 3369 2787 3460 παρατηρήσεωςς
2829 3380 2976 3452 Πρὸς
3008 3378 3069 3447 δν
3099 3374 3338 3448 ἐροῦμεν
3383 3369 3587 3432 ἐκεῖνο,
3628 3369 3711 3428 ὼς

2112 3480 2624 3553 είσαγωγικώτερον
2665 3477 2850 3539 αὐτοῖς
2887 3471 2985 3527 νῦν
3017 3469 3349 3537 διαλέγεται,
3368 3462 3464 3518 καὶ
3492 3475 3709 3553 συγκα-

2110 3549 2367 3628 ταϐανίνεί
2392 3573 2460 3645 τῇ
2485 3549 2692 3624 τούτων
2715 3563 3000 3635 ἀσθενείᾳ..
3033 3561 3155 3614 ἰνα
3197 3557 3274 3629 μὴ
3309 3557 3376 3610 ὲκ
3408 3549 3710 3624 προθύρων

2111 3665 2435 3738 ἀνατρέπων
2464 3664 2557 3719 τὸν
2588 3662 2753 3731 νόμον
2772 3701 2789 3723 ,
2817 3658 2996 3713 ὀπίσω
3028 3655 3229 3725 χωρεῖν
3257 3649 3459 3720 ποιήσῃ
3475 3647 3550 3738 τῇ
3581 3660 3707 3738 και-

2112 3734 2300 3824 νότητι
2365 3753 2477 3808 τῶν
2563 3749 2918 3822 διδαγμάτων
2977 3742 3351 3808 ναυτιῶντας,
3403 3737 3499 3792 καὶ
3558 3734 3706 3806 πρὸς

2111 3847 2396 3902 ἀπείθειαν
2438 3844 2863 3905 ἀποκλίναντας.
2897 3835 3404 3905 Οἰκονομικώτερον
3442 3828 3502 3884 δὲ
3530 3842 3706 3895 μετα-

2109 3939 2495 4013 χειρισάμενος
2527 3936 2592 3989 τὸ
2630 3935 2897 4007 πρᾶγμα,
2934 3931 3031 3985 καὶ
3070 3927 3334 3989 ὑπενδοὺς
3369 3924 3497 3978 ὅσον
3532 3917 3708 3974 αὐτὸν

2108 4036 2209 4088 οὐκ
2234 4032 2501 4086 ἔϐλαπτεν
2527 4030 2609 4093 εἰς
2641 4028 2743 4095 τὴν
2773 4023 2969 4097 καινὴν
2995 4023 3263 4092 διαθήκην
3293 4020 3415 4082 ταῖς
3442 4014 3704 4085 νομικῶς

2108 4126 2427 4190 δεισιθείαις
2447 4143 2463 4157 ·
2492 4124 2565 4196 (τί
2581 4123 2691 4196 γὰρ
2720 4118 3118 4190 σαϐϐατισμὸς,
3140 4117 3176 4187 ἢ
3193 4113 3439 4186 νηστεία,
3459 4110 3494 4180 ἢ
3515 4105 3701 4178 ἀποχὴ

2110 4219 2419 4292 βρωμάτων
2442 4219 2524 4282 είς
2541 4217 2640 4288 τὴν
2663 4215 2807 4270 κατά
2821 4212 3062 4287 Χριστὸν
3083 4205 3434 4279 παραϐλάψει
3452 4202 3706 4292 πίστιν

404 4213 580 4269 eosad
593 4227 749 4269 suum
774 4230 1084 4272 sermonem
1117 4219 1374 4287 reddens,
1407 4220 1479 4274 ita
1508 4220 1710 4277 sensim
1734 4238 1797 4277 ac
1818 4223 2007 4294 paula-
2110 4219 2419 4292 βρωμάτων
2442 4219 2524 4282 είς
2541 4217 2640 4288 τὴν
2663 4215 2807 4270 κατά
2821 4213 3062 4287 Χριστὸν
3083 4213 3641 4304 παραϐλάψειπξστιν
3657 4213 3699 4304 :3

2106 4312 2203 4366 καὶ
2249 4311 2461 4374 τούτοις
2507 4307 3054 4379 προσεκτικωτέρους
3106 4303 3305 4365 αὐτοὺς
3351 4296 3448 4353 τοῦ
3494 4296 3701 4350 ἑαυτοῦ

409 4307 507 4362 tim
547 4307 833 4365 discedere
873 4309 1093 4379 quidem
1129 4312 1379 4367 hortatur
1421 4329 1449 4367 a
1480 4314 1617 4385 legis
1657 4317 2004 4373 observatio-
2106 4312 2203 4366 καὶ
2249 4311 2461 4374 τούτοις
2507 4307 3054 4379 προσεκτικωτέρους
3106 4307 3305 4400 αὖτοὺς
3351 4307 3448 4353 τοι)
3480 4307 3657 4400 ’ίαυτξ

406 4398 607 4465 nibus,
636 4408 896 4471 tanquam
932 4400 1240 4468 laboriosis,
1280 4413 1337 4459 ct
1377 4414 1559 4460 tamen
1609 4408 1918 4475 inutilibus,
1947 4421 2004 4467 et

2123 4406 2267 4474 λόγου
2324 4401 2530 4465 λαϐὼν,
2561 4400 2739 4466 οὓτως
2783 4400 2968 4472 ἠρέμα
3010 4398 3110 4452 καὶ
3158 4395 3305 4451 κατά
3343 4390 3540 4465 μικρδν
3583 4390 3700 4441 τῶν

405 4502 665 4569 tanquam
711 4493 788 4547 ad
802 4493 1144 4561 servitutem,
1174 4512 1286 4551 non
1330 4497 1400 4552 ad
1446 4497 1752 4556 libertatem
1794 4519 1914 4573 quae
1943 4505 1998 4559 in

2123 4498 2208 4552 ιὲν
2238 4495 2570 4567 ἀφίστασθαι
2619 4494 2883 4566 παραινεῖ
2920 4492 3031 4547 τῶν
3065 4489 3162 4544 τοῦ
3188 4490 3379 4557 νόμου,
3418 4485 3495 4548 ὡς
3533 4481 3698 4551 ἐγκό-

405 4583 628 4640 Christo
660 4595 765 4650 est,
798 4587 1140 4650 vocantibus.
1176 4589 1440 4646 Brevibus
1472 4592 1657 4664 itaque
1694 4608 1999 4654 commuta-

2123 4610 2223 4646 των
2257 4591 2355 4662 μὲν
2389 4589 2687 4662 ἀνωφελῶν
2708 4590 2785 4652 δὲ,
2816 4587 2912 4642 καὶ
2938 4586 3017 4650 ὡς
3041 4586 3177 4657 πρὸς
3205 4583 3451 4637 δουλείαν
3470 4579 3532 4632 οὐ
3555 4577 3697 4647 πρὸς

406 4674 653 4730 tionibus
690 4690 755 4732 ac
783 4675 1245 4735 alternationibus
1269 4682 1546 4752 sapienter
1568 4698 1723 4747 usus,
1758 4686 1848 4741 ubi
1880 4687 1993 4757 jam

2123 4683 2422 4755 ελευθερίαν
2456 4681 2911 4755 μετακαλούντων
2948 4679 3048 4749 τὴν
3097 4680 3155 4731 ἐν
3201 4673 3447 4749 Χριστῷ.
3498 4668 3697 4740 Σαφῶς

402 4764 596 4820 habuit
625 4765 772 4836 ipsos
803 4782 916 4823 non
948 4770 1186 4841 graviter
1216 4771 1458 4828 ferentes
1505 4790 1626 4844 quae
1654 4775 1992 4847 dicerentur,

2123 4776 2399 4848 τοιγαροῦν
2430 4777 2549 4841 ταῖς
2607 4775 2891 4848 βραχείαις
2929 4771 3274 4837 ὑπαλλαγαῖς
3316 4764 3691 4838 χρησάμενος.

407 4865 540 4911 tunc
590 4871 654 4911 ea
701 4871 824 4926 qua:
868 4857 1201 4919 Christianis
1255 4863 1657 4930 conveniebant
1715 4869 1990 4938 proponit.

2123 4875 2197 4928 ire
2236 4874 2310 4945 μὴ
2344 4872 2883 4942 δυσανασχετοῦντας
2912 4864 3029 4939 εἶχε
3059 4869 3170 4930 τοῖς
3192 4860 3537 4933 λεγομένοις,
3565 4856 3689 4910 τότε

409 4962 428 4996 ι
460 4943 692 5001 Servare
723 4947 965 5017 scipsum
1000 4963 1030 5003 a
1071 4950 1295 5006 mundo.
1336 4971 1355 5003 ι
1399 4952 1658 5011 Mundum
1701 4956 1792 5014 hic
1830 4958 1995 5015 intel-

2123 4965 2172 5019 τὰ
2208 4943 2555 5035 προσήκοντα
2581 4962 2932 5033 Χριστιανοῑς
2963 4955 3348 5029 παρατίθεται.
3397 4970 3417 5003 ι
3461 4947 3691 5004 Ἑαυτὸν

403 5034 573 5105 ligcre
601 5037 865 5094 debemus
893 5042 1208 5111 popularem
1234 5058 1298 5099 ac
1320 5046 1594 5118 vulgarem
1618 5049 1854 5118 turbam,
1872 5067 1993 5124 qua:

2123 5034 2287 5124 τηρεῖν
2340 5050 2447 5104 ἀπὸ
2484 5049 2580 5103 τοῦ
2621 5050 2850 5119 κόσμου.
2884 5067 2903 5099 ι
2928 5047 3146 5117 Κόσμον
3181 5039 3421 5095 ἐνταῦθα
3461 5037 3554 5092 τὸν
3594 5037 3688 5107 δη-

402 5125 980 5201 concupiscentiissui
1012 5132 1216 5189 erroris
1247 5136 1642 5216 corrumpitur.
1914 5126 1919 5129 ⁷

2123 5144 2254 5217 ιώδη
2308 5144 2403 5197 καὶ
2448 5143 2718 5214 συρφετὸν
2744 5139 2901 5212 ϐχὶον
2942 5136 3265 5201 ἀκουστέον,
3290 5133 3383 5189 τὸν
3411 5130 3557 5186 κατά
3587 5129 3697 5190 τὰς

771 5214 805 5246 ⁸
1502 5214 1509 5216 ﬁ
1845 5306 1847 5308 ι
2096 5214 2394 5308 ἐπιθυμίας
2419 5236 2517 5308 τῆς
2540 5233 2755 5308 ἀττάτης
2787 5234 2955 5289 αὐτοῦ
2984 5232 3366 5304 φθειρόμενον.

1013 5418 1244 5476 CAPUT
1283 5421 1371 5477 lll'.

588 5505 662 5565 De
689 5507 952 5567 charitate
977 5527 1102 5581 erga
1138 5529 1562 5589 unumquemque
1594 5517 1707 5572 sine
1750 5529 1999 5589 respectu

839 5597 1079 5651 persona:
1106 5586 1391 5639 semiudum
1427 5587 1614 5657 legem.

468 5667 535 5732 ll,
570 5668 689 5726 μεθ’.
733 5670 949 5730 Fratres
984 5677 1106 5742 mei,
1139 5693 1207 5731 ne
1231 5688 1467 5747 respectu
1504 5696 1853 5749 personarum
1886 5684 1983 5738 Im-

2715 5432 2965 5485 hE¢AA.
2997 5428 3072 5485 Γ.

2132 5523 2269 5597 Περὶ
2310 5512 2423 5594 τῆς
2465 5524 2615 5595 πρὸς
2644 5522 3176 5597 ἓκωτωνίάγύπης
3194 5519 3649 5593 ἀπροσωπολή-
3712 5508 3721 5516 ’

2604 5611 2760 5650 πτου
2788 5596 2943 5650 κατὰ
2969 5598 3182 5666 νόμον.

2177 5687 2234 5741 Ἀ
2244 5685 2458 5757 δελφοί
2501 5705 2644 5757 μου,
2671 5685 2758 5758 μὴ
2807 5687 2879 5742 ἐν
2916 5684 3463 5757 προσωποληψίαις
3509 5685 3690 5756 ἔχετο

470 5849 516 5886 ⁸⁵
542 5845 684 5911 Psal.
720 5866 770 5921 c,
804 5853 857 5910 5.
938 5854 980 5889 "
1007 5853 1179 5915 Exod.
1217 5871 1371 5921 mm,
1407 5857 1468 5915 5.
1583 5857 1627 5891 “
1657 5857 1897 5930 Luc.-vt,
1931 5860 2017 5919 56.

2125 5865 2144 5898 ⁷
2187 5864 2379 5923 Matth.
2412 5882 2465 5933 ν,
2520 5865 2606 5921 45.
2691 5867 2734 5899 ¹⁸
2764 5865 2908 5927 Psal.
2976 5884 3029 5939 L,
3084 5868 3189 5925 19..
