  <div class='ocr_page' id='page_1' title='image "/cluster/home/n/w/nwhite01/storage/ocr_20150623/119/hvd.32044019208156/244.png"; bbox 0 0 3970 6578; ppageno 0'>
   <div class='ocr_carea' id='block_1_1' title="bbox 249 392 350 456">
    <p class='ocr_par' dir='ltr' id='par_1_1' title="bbox 249 392 350 456">
     <span class='ocr_line' id='line_1_1' title="bbox 249 392 350 456; baseline -0.03 0"><span class='ocrx_word' id='word_1_1' title='bbox 249 392 350 456; x_wconf 71' lang='grc'><strong><em>473</em></strong></span> 
     </span>
    </p>
   </div>
   <div class='ocr_carea' id='block_1_2' title="bbox 1121 361 2557 461">
    <p class='ocr_par' dir='ltr' id='par_1_2' title="bbox 1121 361 2557 461">
     <span class='ocr_line' id='line_1_2' title="bbox 1121 361 2557 461; baseline 0.008 -11"><span class='ocrx_word' id='word_1_2' title='bbox 1121 391 1507 452; x_wconf 80' lang='lat' dir='ltr'><strong><em>COMMENT.</em></strong></span> <span class='ocrx_word' id='word_1_3' title='bbox 1537 391 1618 452; x_wconf 81' lang='lat' dir='ltr'><strong><em>IN</em></strong></span> <span class='ocrx_word' id='word_1_4' title='bbox 1657 391 1897 452; x_wconf 86' lang='lat' dir='ltr'><strong><em>EPIST.</em></strong></span> <span class='ocrx_word' id='word_1_5' title='bbox 1929 395 2226 457; x_wconf 85' lang='lat' dir='ltr'><strong><em>CATIIOL</em></strong></span> <span class='ocrx_word' id='word_1_6' title='bbox 2273 361 2557 461; x_wconf 67' lang='lat' dir='ltr'><strong><em>IACOBI.</em></strong></span> 
     </span>
    </p>
   </div>
   <div class='ocr_carea' id='block_1_3' title="bbox 3413 351 3544 469">
    <p class='ocr_par' dir='ltr' id='par_1_3' title="bbox 3413 351 3544 469">
     <span class='ocr_line' id='line_1_3' title="bbox 3413 351 3544 469; baseline -0.008 -3"><span class='ocrx_word' id='word_1_7' title='bbox 3413 351 3544 469; x_wconf 75' lang='lat' dir='ltr'><strong><em>ut</em></strong></span> 
     </span>
    </p>
   </div>
   <div class='ocr_carea' id='block_1_4' title="bbox 245 481 1832 586">
    <p class='ocr_par' dir='ltr' id='par_1_4' title="bbox 245 495 1832 573">
     <span class='ocr_line' id='line_1_4' title="bbox 245 495 1832 573; baseline -0.001 -14"><span class='ocrx_word' id='word_1_8' title='bbox 245 506 353 573; x_wconf 79' lang='grc' dir='ltr'><em>τὴν</em></span> <span class='ocrx_word' id='word_1_9' title='bbox 372 501 583 556; x_wconf 79' lang='grc' dir='ltr'><em>πίστιν</em></span> <span class='ocrx_word' id='word_1_10' title='bbox 609 499 714 554; x_wconf 90' lang='grc' dir='ltr'><strong><em>τοῦ</em></strong></span> <span class='ocrx_word' id='word_1_11' title='bbox 749 499 974 568; x_wconf 85' lang='grc' dir='ltr'><em>Κυρίου</em></span> <span class='ocrx_word' id='word_1_12' title='bbox 1012 499 1180 569; x_wconf 74' lang='grc' dir='ltr'>ἡμῶν</span> <span class='ocrx_word' id='word_1_13' title='bbox 1199 495 1411 570; x_wconf 81' lang='grc' dir='ltr'><em>Ἰησοῦ</em></span> <span class='ocrx_word' id='word_1_14' title='bbox 1443 503 1705 571; x_wconf 82' lang='grc' dir='ltr'><strong><em>Χριστοῦ</em></strong></span> <span class='ocrx_word' id='word_1_15' title='bbox 1725 504 1832 570; x_wconf 79' lang='grc' dir='ltr'><em>τῆς</em></span> 
     </span>
    </p>
   </div>
   <div class='ocr_carea' id='block_1_5' title="bbox 1940 481 3524 586">
    <p class='ocr_par' dir='ltr' id='par_1_5' title="bbox 1940 481 3524 586">
     <span class='ocr_line' id='line_1_5' title="bbox 1940 481 3524 586; baseline 0.009 -27"><span class='ocrx_word' id='word_1_16' title='bbox 1940 508 2104 560; x_wconf 84' lang='lat' dir='ltr'><strong><em>beatis</em></strong></span> <span class='ocrx_word' id='word_1_17' title='bbox 2144 508 2300 576; x_wconf 76' lang='lat' dir='ltr'><strong><em>fidem</em></strong></span> <span class='ocrx_word' id='word_1_18' title='bbox 2327 509 2540 565; x_wconf 83' lang='lat' dir='ltr'><strong><em>Domini</em></strong></span> <span class='ocrx_word' id='word_1_19' title='bbox 2569 511 2738 566; x_wconf 81' lang='lat' dir='ltr'><strong><em>nostri</em></strong></span> <span class='ocrx_word' id='word_1_20' title='bbox 2764 509 2893 566; x_wconf 83' lang='lat' dir='ltr'><strong><em>Jesu</em></strong></span> <span class='ocrx_word' id='word_1_21' title='bbox 2922 511 3117 569; x_wconf 76' lang='lat' dir='ltr'><strong><em>Christi</em></strong></span> <span class='ocrx_word' id='word_1_22' title='bbox 3157 529 3222 569; x_wconf 81' lang='lat' dir='ltr'><strong><em>ea:</em></strong></span> <span class='ocrx_word' id='word_1_23' title='bbox 3255 481 3524 586; x_wconf 77' lang='lat' dir='ltr'><strong><em>opinione.</em></strong></span> 
     </span>
    </p>
   </div>
   <div class='ocr_carea' id='block_1_6' title="bbox 241 592 1831 666">
    <p class='ocr_par' dir='ltr' id='par_1_6' title="bbox 241 592 1831 666">
     <span class='ocr_line' id='line_1_6' title="bbox 241 592 1831 666; baseline -0.002 -15"><span class='ocrx_word' id='word_1_24' title='bbox 241 597 445 664; x_wconf 77' lang='grc' dir='ltr'><em>δόξης.</em></span> <span class='ocrx_word' id='word_1_25' title='bbox 528 592 673 648; x_wconf 81' lang='grc' dir='ltr'><em>Ἐὰν</em></span> <span class='ocrx_word' id='word_1_26' title='bbox 728 592 842 663; x_wconf 82' lang='grc' dir='ltr'><em>τὰρ</em></span> <span class='ocrx_word' id='word_1_27' title='bbox 887 595 1135 663; x_wconf 71' lang='grc' dir='ltr'><em>εἰσέλθῃ</em></span> <span class='ocrx_word' id='word_1_28' title='bbox 1187 596 1276 659; x_wconf 86' lang='grc' dir='ltr'><strong><em>εὶς</em></strong></span> <span class='ocrx_word' id='word_1_29' title='bbox 1302 593 1417 662; x_wconf 79' lang='grc' dir='ltr'><em>τὴν</em></span> <span class='ocrx_word' id='word_1_30' title='bbox 1463 596 1831 666; x_wconf 73' lang='grc' dir='ltr'><em>συναγωγὴν</em></span> 
     </span>
    </p>
   </div>
   <div class='ocr_carea' id='block_1_7' title="bbox 240 684 1827 759">
    <p class='ocr_par' dir='ltr' id='par_1_7' title="bbox 240 684 1827 759">
     <span class='ocr_line' id='line_1_7' title="bbox 240 684 1827 759; baseline -0.004 -14"><span class='ocrx_word' id='word_1_31' title='bbox 240 688 401 759; x_wconf 75' lang='grc' dir='ltr'>ὑμῶν</span> <span class='ocrx_word' id='word_1_32' title='bbox 431 686 592 754; x_wconf 80' lang='grc' dir='ltr'><strong><em>ἀνὴρ</em></strong></span> <span class='ocrx_word' id='word_1_33' title='bbox 623 684 1152 754; x_wconf 76' lang='grc' dir='ltr'><strong><em>χρυσοδακτύλιος</em></strong></span> <span class='ocrx_word' id='word_1_34' title='bbox 1179 685 1250 738; x_wconf 87' lang='grc' dir='ltr'><strong><em>ἐν</em></strong></span> <span class='ocrx_word' id='word_1_35' title='bbox 1295 685 1509 753; x_wconf 80' lang='grc' dir='ltr'><em>ἐσθῆτι</em></span> <span class='ocrx_word' id='word_1_36' title='bbox 1559 684 1827 756; x_wconf 75' lang='grc' dir='ltr'><em>λαμπρᾷ,</em></span> 
     </span>
    </p>
   </div>
   <div class='ocr_carea' id='block_1_8' title="bbox 238 778 1832 848">
    <p class='ocr_par' dir='ltr' id='par_1_8' title="bbox 238 778 1832 848">
     <span class='ocr_line' id='line_1_8' title="bbox 238 778 1832 848; baseline -0.003 -11"><span class='ocrx_word' id='word_1_37' title='bbox 238 781 480 847; x_wconf 71' lang='grc' dir='ltr'><em>εἰσέλθῃ</em></span> <span class='ocrx_word' id='word_1_38' title='bbox 527 779 598 842; x_wconf 68' lang='grc' dir='ltr'><strong><em>δὲ</em></strong></span> <span class='ocrx_word' id='word_1_39' title='bbox 657 779 756 833; x_wconf 80' lang='grc' dir='ltr'><strong><em>καὶ</em></strong></span> <span class='ocrx_word' id='word_1_40' title='bbox 795 778 1032 848; x_wconf 83' lang='grc' dir='ltr'><em>πτωχὸς</em></span> <span class='ocrx_word' id='word_1_41' title='bbox 1078 778 1148 831; x_wconf 86' lang='grc' dir='ltr'><strong><em>ἐν</em></strong></span> <span class='ocrx_word' id='word_1_42' title='bbox 1171 778 1416 847; x_wconf 77' lang='grc' dir='ltr'><strong><em>ῥυπαρᾷ</em></strong></span> <span class='ocrx_word' id='word_1_43' title='bbox 1439 779 1671 848; x_wconf 82' lang='grc' dir='ltr'><em>ἐσθῆτι,</em></span> <span class='ocrx_word' id='word_1_44' title='bbox 1733 780 1832 835; x_wconf 76' lang='grc' dir='ltr'><em>καὶ</em></span> 
     </span>
    </p>
   </div>
   <div class='ocr_carea' id='block_1_9' title="bbox 155 872 1832 942">
    <p class='ocr_par' dir='ltr' id='par_1_9' title="bbox 155 872 1832 942">
     <span class='ocr_line' id='line_1_9' title="bbox 155 872 1832 942; baseline -0.005 -10"><span class='ocrx_word' id='word_1_45' title='bbox 155 881 157 883; x_wconf 78' lang='grc'><strong>’</strong></span> <span class='ocrx_word' id='word_1_46' title='bbox 237 875 606 942; x_wconf 65' lang='grc' dir='ltr'><em>ἐπιϐλέψητε</em></span> <span class='ocrx_word' id='word_1_47' title='bbox 665 872 765 927; x_wconf 78' lang='grc' dir='ltr'><strong><em>ἐπὶ</em></strong></span> <span class='ocrx_word' id='word_1_48' title='bbox 817 872 926 926; x_wconf 84' lang='grc' dir='ltr'><em>τὸν</em></span> <span class='ocrx_word' id='word_1_49' title='bbox 963 872 1265 941; x_wconf 70' lang='grc' dir='ltr'><em>φοροῦντα</em></span> <span class='ocrx_word' id='word_1_50' title='bbox 1299 872 1414 940; x_wconf 79' lang='grc' dir='ltr'><em>τὴν</em></span> <span class='ocrx_word' id='word_1_51' title='bbox 1437 872 1668 941; x_wconf 76' lang='grc' dir='ltr'><em>ἐσθῆτα</em></span> <span class='ocrx_word' id='word_1_52' title='bbox 1716 872 1832 940; x_wconf 81' lang='grc' dir='ltr'><em>τὴν</em></span> 
     </span>
    </p>
   </div>
   <div class='ocr_carea' id='block_1_10' title="bbox 237 959 1828 1038">
    <p class='ocr_par' dir='ltr' id='par_1_10' title="bbox 237 959 1828 1038">
     <span class='ocr_line' id='line_1_10' title="bbox 237 959 1828 1038; baseline -0.001 -16"><span class='ocrx_word' id='word_1_53' title='bbox 237 967 544 1038; x_wconf 72' lang='grc' dir='ltr'>λαμπρὰν,</span> <span class='ocrx_word' id='word_1_54' title='bbox 582 967 682 1020; x_wconf 73' lang='grc' dir='ltr'><em>καὶ</em></span> <span class='ocrx_word' id='word_1_55' title='bbox 709 966 917 1032; x_wconf 79' lang='grc' dir='ltr'><em>εἴπητε</em></span> <span class='ocrx_word' id='word_1_56' title='bbox 939 965 1122 1030; x_wconf 84' lang='grc' dir='ltr'><em>αὐτῷ,</em></span> <span class='ocrx_word' id='word_1_57' title='bbox 1150 965 1232 1018; x_wconf 84' lang='grc' dir='ltr'><strong><em>Σὺ</em></strong></span> <span class='ocrx_word' id='word_1_58' title='bbox 1258 963 1444 1020; x_wconf 81' lang='grc' dir='ltr'><em>κάθου</em></span> <span class='ocrx_word' id='word_1_59' title='bbox 1471 959 1590 1019; x_wconf 82' lang='grc' dir='ltr'><strong><em>ὦδε</em></strong></span> <span class='ocrx_word' id='word_1_60' title='bbox 1607 965 1828 1031; x_wconf 77' lang='grc' dir='ltr'><em>καλῶς,</em></span> 
     </span>
    </p>
   </div>
   <div class='ocr_carea' id='block_1_11' title="bbox 238 1054 1830 1127">
    <p class='ocr_par' dir='ltr' id='par_1_11' title="bbox 238 1054 1830 1127">
     <span class='ocr_line' id='line_1_11' title="bbox 238 1054 1830 1127; baseline -0.001 -14"><span class='ocrx_word' id='word_1_61' title='bbox 238 1061 330 1114; x_wconf 74' lang='grc' dir='ltr'><em>καὶ</em></span> <span class='ocrx_word' id='word_1_62' title='bbox 387 1060 471 1124; x_wconf 86' lang='grc' dir='ltr'><em>τῷ</em></span> <span class='ocrx_word' id='word_1_63' title='bbox 512 1057 728 1127; x_wconf 78' lang='grc' dir='ltr'><em>πτωχῷ</em></span> <span class='ocrx_word' id='word_1_64' title='bbox 769 1056 999 1124; x_wconf 79' lang='grc' dir='ltr'><em>εῑπητε,</em></span> <span class='ocrx_word' id='word_1_65' title='bbox 1042 1056 1125 1109; x_wconf 88' lang='grc' dir='ltr'><strong><em>Σὺ</em></strong></span> <span class='ocrx_word' id='word_1_66' title='bbox 1163 1054 1343 1124; x_wconf 78' lang='grc' dir='ltr'><em>στῆθι</em></span> <span class='ocrx_word' id='word_1_67' title='bbox 1395 1055 1540 1123; x_wconf 87' lang='grc' dir='ltr'><em>ἐκεῖ,</em></span> <span class='ocrx_word' id='word_1_68' title='bbox 1569 1059 1608 1125; x_wconf 77' lang='grc' dir='ltr'>ἢ</span> <span class='ocrx_word' id='word_1_69' title='bbox 1641 1057 1830 1111; x_wconf 83' lang='grc' dir='ltr'><em>κάθου</em></span> 
     </span>
    </p>
   </div>
   <div class='ocr_carea' id='block_1_12' title="bbox 237 1149 1832 1219">
    <p class='ocr_par' dir='ltr' id='par_1_12' title="bbox 237 1149 1832 1219">
     <span class='ocr_line' id='line_1_12' title="bbox 237 1149 1832 1219; baseline -0.002 -12"><span class='ocrx_word' id='word_1_70' title='bbox 237 1149 348 1208; x_wconf 76' lang='grc' dir='ltr'><strong><em>ὧδε</em></strong></span> <span class='ocrx_word' id='word_1_71' title='bbox 370 1153 495 1209; x_wconf 76' lang='grc' dir='ltr'><strong><em>ὑπὸ</em></strong></span> <span class='ocrx_word' id='word_1_72' title='bbox 519 1153 587 1208; x_wconf 84' lang='grc' dir='ltr'><em>τὸ</em></span> <span class='ocrx_word' id='word_1_73' title='bbox 616 1151 956 1207; x_wconf 77' lang='grc' dir='ltr'><em>ὑποπόδιόν</em></span> <span class='ocrx_word' id='word_1_74' title='bbox 987 1167 1128 1219; x_wconf 83' lang='grc' dir='ltr'><em>μου.</em></span> <span class='ocrx_word' id='word_1_75' title='bbox 1154 1151 1261 1204; x_wconf 84' lang='grc' dir='ltr'><em>Καὶ</em></span> <span class='ocrx_word' id='word_1_76' title='bbox 1291 1153 1364 1204; x_wconf 86' lang='grc' dir='ltr'><em>οὺ</em></span> <span class='ocrx_word' id='word_1_77' title='bbox 1395 1149 1730 1218; x_wconf 78' lang='grc' dir='ltr'><em>διεκρίθητε</em></span> <span class='ocrx_word' id='word_1_78' title='bbox 1760 1150 1832 1205; x_wconf 81' lang='grc' dir='ltr'><em>ἐν</em></span> 
     </span>
    </p>
   </div>
   <div class='ocr_carea' id='block_1_13' title="bbox 236 1244 1830 1320">
    <p class='ocr_par' dir='ltr' id='par_1_13' title="bbox 236 1244 1830 1320">
     <span class='ocr_line' id='line_1_13' title="bbox 236 1244 1830 1320; baseline -0.002 -17"><span class='ocrx_word' id='word_1_79' title='bbox 236 1250 494 1316; x_wconf 73' lang='grc' dir='ltr'><em>ἑαυτοῖς.</em></span> <span class='ocrx_word' id='word_1_80' title='bbox 527 1250 637 1304; x_wconf 82' lang='lat' dir='ltr'><strong><em>Kal</em></strong></span> <span class='ocrx_word' id='word_1_81' title='bbox 665 1249 948 1320; x_wconf 78' lang='grc' dir='ltr'><em>ἐγένεσθε</em></span> <span class='ocrx_word' id='word_1_82' title='bbox 977 1245 1170 1316; x_wconf 79' lang='grc' dir='ltr'><em>κριταὶ</em></span> <span class='ocrx_word' id='word_1_83' title='bbox 1209 1244 1618 1318; x_wconf 77' lang='grc' dir='ltr'><em>διαλογισμῶν</em></span> <span class='ocrx_word' id='word_1_84' title='bbox 1643 1263 1830 1314; x_wconf 81' lang='grc' dir='ltr'><em>πονη-</em></span> 
     </span>
    </p>
   </div>
   <div class='ocr_carea' id='block_1_14' title="bbox 231 1343 373 1413">
    <p class='ocr_par' dir='ltr' id='par_1_14' title="bbox 231 1343 373 1413">
     <span class='ocr_line' id='line_1_14' title="bbox 231 1343 373 1413; baseline 0.014 -17"><span class='ocrx_word' id='word_1_85' title='bbox 231 1343 373 1413; x_wconf 76' lang='grc' dir='ltr'><em>ρῶν.</em></span> 
     </span>
    </p>
   </div>
   <div class='ocr_carea' id='block_1_15' title="bbox 311 1432 1830 1506">
    <p class='ocr_par' dir='ltr' id='par_1_15' title="bbox 311 1432 1830 1506">
     <span class='ocr_line' id='line_1_15' title="bbox 311 1432 1830 1506; baseline -0.002 -20"><span class='ocrx_word' id='word_1_86' title='bbox 311 1453 329 1486; x_wconf 85' lang='grc' dir='ltr'><strong>ι</strong></span> <span class='ocrx_word' id='word_1_87' title='bbox 360 1437 452 1506; x_wconf 81' lang='grc' dir='ltr'><strong><em>Μὴ</em></strong></span> <span class='ocrx_word' id='word_1_88' title='bbox 475 1437 534 1489; x_wconf 81' lang='grc' dir='ltr'>ὲν</span> <span class='ocrx_word' id='word_1_89' title='bbox 560 1433 1078 1506; x_wconf 68' lang='grc' dir='ltr'><em>προσωποληψίαις.</em></span> <span class='ocrx_word' id='word_1_90' title='bbox 1112 1454 1131 1487; x_wconf 72' lang='grc' dir='ltr'><strong><em>ι</em></strong></span> <span class='ocrx_word' id='word_1_91' title='bbox 1181 1432 1238 1487; x_wconf 87' lang='grc'><strong><em>⁸0</em></strong></span> <span class='ocrx_word' id='word_1_92' title='bbox 1266 1433 1374 1504; x_wconf 77' lang='grc' dir='ltr'>γὰρ</span> <span class='ocrx_word' id='word_1_93' title='bbox 1430 1433 1488 1485; x_wconf 79' lang='grc' dir='ltr'><strong><em>ὲν</em></strong></span> <span class='ocrx_word' id='word_1_94' title='bbox 1539 1447 1830 1502; x_wconf 82' lang='grc' dir='ltr'><em>προσωπο-</em></span> 
     </span>
    </p>
   </div>
   <div class='ocr_carea' id='block_1_16' title="bbox 237 1523 1829 1598">
    <p class='ocr_par' dir='ltr' id='par_1_16' title="bbox 237 1523 1829 1598">
     <span class='ocr_line' id='line_1_16' title="bbox 237 1523 1829 1598; baseline -0.002 -19"><span class='ocrx_word' id='word_1_95' title='bbox 237 1527 405 1598; x_wconf 51' lang='lat' dir='ltr'><strong><em>Impia.</em></strong></span> <span class='ocrx_word' id='word_1_96' title='bbox 454 1545 512 1581; x_wconf 90' lang='grc' dir='ltr'><em>τι</em></span> <span class='ocrx_word' id='word_1_97' title='bbox 564 1528 756 1592; x_wconf 84' lang='grc' dir='ltr'>ποιῶν,</span> <span class='ocrx_word' id='word_1_98' title='bbox 801 1527 1000 1581; x_wconf 82' lang='grc' dir='ltr'>πολλοῦ</span> <span class='ocrx_word' id='word_1_99' title='bbox 1059 1527 1252 1581; x_wconf 79' lang='grc' dir='ltr'><em>’σπίλου</em></span> <span class='ocrx_word' id='word_1_100' title='bbox 1282 1569 1298 1591; x_wconf 94' lang='grc'><strong><em>,</em></strong></span> <span class='ocrx_word' id='word_1_101' title='bbox 1358 1524 1563 1594; x_wconf 81' lang='grc' dir='ltr'>πολλῆς</span> <span class='ocrx_word' id='word_1_102' title='bbox 1614 1523 1829 1594; x_wconf 83' lang='grc' dir='ltr'><strong><em>κηλῖδος</em></strong></span> 
     </span>
    </p>
   </div>
   <div class='ocr_carea' id='block_1_17' title="bbox 240 1615 1830 1692">
    <p class='ocr_par' dir='ltr' id='par_1_17' title="bbox 240 1615 1830 1692">
     <span class='ocr_line' id='line_1_17' title="bbox 240 1615 1830 1692; baseline -0.004 -18"><span class='ocrx_word' id='word_1_103' title='bbox 240 1620 430 1675; x_wconf 76' lang='grc' dir='ltr'><em>ἑαυτὸν</em></span> <span class='ocrx_word' id='word_1_104' title='bbox 487 1621 902 1692; x_wconf 78' lang='grc' dir='ltr'><strong><em>ἀναπίμπλησι,</em></strong></span> <span class='ocrx_word' id='word_1_105' title='bbox 945 1621 1007 1674; x_wconf 84' lang='grc' dir='ltr'><em>τδ</em></span> <span class='ocrx_word' id='word_1_106' title='bbox 1061 1620 1326 1690; x_wconf 79' lang='grc' dir='ltr'><strong><em>ὁμογενὲς</em></strong></span> <span class='ocrx_word' id='word_1_107' title='bbox 1368 1617 1674 1688; x_wconf 77' lang='grc' dir='ltr'><strong><em>ἀτιμάζων,</em></strong></span> <span class='ocrx_word' id='word_1_108' title='bbox 1731 1615 1830 1670; x_wconf 75' lang='grc' dir='ltr'><strong><em>καὶ</em></strong></span> 
     </span>
    </p>
   </div>
   <div class='ocr_carea' id='block_1_18' title="bbox 241 1706 1824 1786">
    <p class='ocr_par' dir='ltr' id='par_1_18' title="bbox 241 1706 1824 1786">
     <span class='ocr_line' id='line_1_18' title="bbox 241 1706 1824 1786; baseline -0.006 -18"><span class='ocrx_word' id='word_1_109' title='bbox 241 1717 343 1786; x_wconf 74' lang='grc' dir='ltr'><strong><em>πρὸ</em></strong></span> <span class='ocrx_word' id='word_1_110' title='bbox 375 1715 592 1768; x_wconf 72' lang='grc' dir='ltr'><em>ἐκείνου</em></span> <span class='ocrx_word' id='word_1_111' title='bbox 623 1715 841 1781; x_wconf 79' lang='grc' dir='ltr'><em>ἑαυτὸν,</em></span> <span class='ocrx_word' id='word_1_112' title='bbox 864 1713 917 1766; x_wconf 71' lang='lat' dir='ltr'><strong><em>ei</em></strong></span> <span class='ocrx_word' id='word_1_113' title='bbox 937 1730 1001 1780; x_wconf 91' lang='grc' dir='ltr'><em>γε</em></span> <span class='ocrx_word' id='word_1_114' title='bbox 1027 1714 1060 1783; x_wconf 82' lang='grc' dir='ltr'>ἡ</span> <span class='ocrx_word' id='word_1_115' title='bbox 1088 1712 1224 1783; x_wconf 81' lang='grc' dir='ltr'><em>πρὸς</em></span> <span class='ocrx_word' id='word_1_116' title='bbox 1252 1711 1312 1764; x_wconf 85' lang='grc' dir='ltr'><em>τὸ</em></span> <span class='ocrx_word' id='word_1_117' title='bbox 1340 1711 1526 1781; x_wconf 81' lang='grc' dir='ltr'><em>ὅμοιον</em></span> <span class='ocrx_word' id='word_1_118' title='bbox 1544 1706 1824 1772; x_wconf 80' lang='grc' dir='ltr'><em>ἐπίδειξις,</em></span> 
     </span>
    </p>
   </div>
   <div class='ocr_carea' id='block_1_19' title="bbox 239 1801 1824 1876">
    <p class='ocr_par' dir='ltr' id='par_1_19' title="bbox 239 1801 1824 1876">
     <span class='ocr_line' id='line_1_19' title="bbox 239 1801 1824 1876; baseline -0.005 -15"><span class='ocrx_word' id='word_1_119' title='bbox 239 1808 329 1861; x_wconf 75' lang='grc' dir='ltr'><strong><em>καὶ</em></strong></span> <span class='ocrx_word' id='word_1_120' title='bbox 389 1807 529 1876; x_wconf 70' lang='grc' dir='ltr'><em>πρὸς</em></span> <span class='ocrx_word' id='word_1_121' title='bbox 589 1807 782 1860; x_wconf 67' lang='grc' dir='ltr'><em>ἑαυτὸν</em></span> <span class='ocrx_word' id='word_1_122' title='bbox 843 1805 1278 1875; x_wconf 76' lang='grc' dir='ltr'><strong><em>παραπέμπεται</em></strong></span> <span class='ocrx_word' id='word_1_123' title='bbox 1315 1803 1376 1855; x_wconf 80' lang='grc' dir='ltr'><em>τὸ</em></span> <span class='ocrx_word' id='word_1_124' title='bbox 1429 1801 1824 1872; x_wconf 86' lang='grc' dir='ltr'><em>πραττόμενον.</em></span> 
     </span>
    </p>
   </div>
   <div class='ocr_carea' id='block_1_20' title="bbox 247 1894 1824 1973">
    <p class='ocr_par' dir='ltr' id='par_1_20' title="bbox 247 1894 1824 1973">
     <span class='ocr_line' id='line_1_20' title="bbox 247 1894 1824 1973; baseline -0.002 -23"><span class='ocrx_word' id='word_1_125' title='bbox 247 1920 262 1950; x_wconf 83' lang='grc' dir='ltr'>ι</span> <span class='ocrx_word' id='word_1_126' title='bbox 290 1901 402 1953; x_wconf 68' lang='grc' dir='ltr'><strong><em>Καὶ</em></strong></span> <span class='ocrx_word' id='word_1_127' title='bbox 427 1903 492 1952; x_wconf 83' lang='grc' dir='ltr'>οὐ</span> <span class='ocrx_word' id='word_1_128' title='bbox 522 1901 854 1971; x_wconf 82' lang='grc' dir='ltr'><em>διεκρίθητε.</em></span> <span class='ocrx_word' id='word_1_129' title='bbox 887 1919 905 1950; x_wconf 73' lang='grc' dir='ltr'>ι</span> <span class='ocrx_word' id='word_1_130' title='bbox 953 1900 1035 1963; x_wconf 88' lang='grc' dir='ltr'><em>Ὀ,</em></span> <span class='ocrx_word' id='word_1_131' title='bbox 1062 1898 1195 1962; x_wconf 66' lang='grc' dir='ltr'><strong><em>Καὶ,</em></strong></span> <span class='ocrx_word' id='word_1_132' title='bbox 1224 1896 1520 1973; x_wconf 77' lang='grc' dir='ltr'><em>σύνδεσμος</em></span> <span class='ocrx_word' id='word_1_133' title='bbox 1538 1894 1824 1966; x_wconf 79' lang='grc' dir='ltr'><strong><em>παρέλκει.</em></strong></span> 
     </span>
    </p>
   </div>
   <div class='ocr_carea' id='block_1_21' title="bbox 251 1986 1829 2064">
    <p class='ocr_par' dir='ltr' id='par_1_21' title="bbox 251 1986 1829 2064">
     <span class='ocr_line' id='line_1_21' title="bbox 251 1986 1829 2064; baseline -0.006 -17"><span class='ocrx_word' id='word_1_134' title='bbox 251 1993 396 2047; x_wconf 73' lang='grc' dir='ltr'><em>Ἀντὶ</em></span> <span class='ocrx_word' id='word_1_135' title='bbox 429 1994 550 2058; x_wconf 76' lang='grc' dir='ltr'><em>τοῦ,</em></span> <span class='ocrx_word' id='word_1_136' title='bbox 587 1995 660 2046; x_wconf 86' lang='grc' dir='ltr'>Τὸ</span> <span class='ocrx_word' id='word_1_137' title='bbox 691 1992 1027 2064; x_wconf 76' lang='grc' dir='ltr'><strong><em>διακριτικὸν</em></strong></span> <span class='ocrx_word' id='word_1_138' title='bbox 1049 1991 1204 2060; x_wconf 80' lang='grc' dir='ltr'>ὑμῶν</span> <span class='ocrx_word' id='word_1_139' title='bbox 1258 1989 1628 2058; x_wconf 79' lang='grc' dir='ltr'><em>διεφθείρατε.</em></span> <span class='ocrx_word' id='word_1_140' title='bbox 1661 1986 1829 2060; x_wconf 84' lang='grc' dir='ltr'><em>μηδε-</em></span> 
     </span>
    </p>
   </div>
   <div class='ocr_carea' id='block_1_22' title="bbox 245 2079 1830 2156">
    <p class='ocr_par' dir='ltr' id='par_1_22' title="bbox 245 2079 1830 2156">
     <span class='ocr_line' id='line_1_22' title="bbox 245 2079 1830 2156; baseline -0.004 -18"><span class='ocrx_word' id='word_1_141' title='bbox 245 2087 370 2156; x_wconf 80' lang='grc' dir='ltr'><em>μίαν</em></span> <span class='ocrx_word' id='word_1_142' title='bbox 411 2089 714 2156; x_wconf 78' lang='grc' dir='ltr'><em>συζήτησιν</em></span> <span class='ocrx_word' id='word_1_143' title='bbox 771 2087 1100 2155; x_wconf 82' lang='grc' dir='ltr'><strong><em>ποιήσαντες</em></strong></span> <span class='ocrx_word' id='word_1_144' title='bbox 1129 2083 1359 2153; x_wconf 84' lang='grc' dir='ltr'><em>πότερον</em></span> <span class='ocrx_word' id='word_1_145' title='bbox 1405 2081 1685 2152; x_wconf 75' lang='grc' dir='ltr'><strong><em>τιμητέον,</em></strong></span> <span class='ocrx_word' id='word_1_146' title='bbox 1739 2079 1830 2132; x_wconf 77' lang='grc' dir='ltr'><strong><em>τὸν</em></strong></span> 
     </span>
    </p>
   </div>
   <div class='ocr_carea' id='block_1_23' title="bbox 245 2172 1831 2250">
    <p class='ocr_par' dir='ltr' id='par_1_23' title="bbox 245 2172 1831 2250">
     <span class='ocr_line' id='line_1_23' title="bbox 245 2172 1831 2250; baseline -0.004 -20"><span class='ocrx_word' id='word_1_147' title='bbox 245 2180 453 2250; x_wconf 83' lang='grc' dir='ltr'><em>πένητα</em></span> <span class='ocrx_word' id='word_1_148' title='bbox 491 2179 612 2248; x_wconf 81' lang='grc' dir='ltr'><em>μὲν,</em></span> <span class='ocrx_word' id='word_1_149' title='bbox 658 2178 949 2232; x_wconf 87' lang='grc' dir='ltr'><em>σπουδαῖον</em></span> <span class='ocrx_word' id='word_1_150' title='bbox 983 2177 1118 2248; x_wconf 78' lang='grc' dir='ltr'><strong><em>δὲ,ἢ</em></strong></span> <span class='ocrx_word' id='word_1_151' title='bbox 1162 2175 1255 2229; x_wconf 81' lang='grc' dir='ltr'><strong><em>τὸν</em></strong></span> <span class='ocrx_word' id='word_1_152' title='bbox 1273 2173 1528 2228; x_wconf 84' lang='grc' dir='ltr'><em>πλούσιον</em></span> <span class='ocrx_word' id='word_1_153' title='bbox 1560 2172 1682 2242; x_wconf 83' lang='grc' dir='ltr'><em>μὲν,</em></span> <span class='ocrx_word' id='word_1_154' title='bbox 1735 2174 1831 2244; x_wconf 79' lang='grc' dir='ltr'><strong><em>ῥᾳ-</em></strong></span> 
     </span>
    </p>
   </div>
   <div class='ocr_carea' id='block_1_24' title="bbox 242 2267 1830 2340">
    <p class='ocr_par' dir='ltr' id='par_1_24' title="bbox 242 2267 1830 2340">
     <span class='ocr_line' id='line_1_24' title="bbox 242 2267 1830 2340; baseline -0.003 -18"><span class='ocrx_word' id='word_1_155' title='bbox 242 2271 411 2340; x_wconf 88' lang='grc' dir='ltr'><em>θυμον</em></span> <span class='ocrx_word' id='word_1_156' title='bbox 439 2271 519 2335; x_wconf 83' lang='grc' dir='ltr'><strong><em>δὲ,</em></strong></span> <span class='ocrx_word' id='word_1_157' title='bbox 555 2270 670 2324; x_wconf 85' lang='grc' dir='ltr'>ἀλλ’</span> <span class='ocrx_word' id='word_1_158' title='bbox 701 2269 876 2332; x_wconf 80' lang='grc' dir='ltr'><em>οὕτως</em></span> <span class='ocrx_word' id='word_1_159' title='bbox 901 2269 1234 2337; x_wconf 82' lang='grc' dir='ltr'><em>ἀδιακρίτως</em></span> <span class='ocrx_word' id='word_1_160' title='bbox 1291 2267 1385 2322; x_wconf 74' lang='grc' dir='ltr'><strong><em>καὶ</em></strong></span> <span class='ocrx_word' id='word_1_161' title='bbox 1437 2270 1494 2322; x_wconf 84' lang='grc' dir='ltr'><strong><em>ὲν</em></strong></span> <span class='ocrx_word' id='word_1_162' title='bbox 1539 2281 1830 2337; x_wconf 82' lang='grc' dir='ltr'><em>προσωπο-</em></span> 
     </span>
    </p>
   </div>
   <div class='ocr_carea' id='block_1_25' title="bbox 238 2356 1832 2434">
    <p class='ocr_par' dir='ltr' id='par_1_25' title="bbox 238 2356 1832 2434">
     <span class='ocr_line' id='line_1_25' title="bbox 238 2356 1832 2434; baseline -0.004 -18"><span class='ocrx_word' id='word_1_163' title='bbox 238 2361 406 2434; x_wconf 72' lang='grc' dir='ltr'><em>ληψίᾳ</em></span> <span class='ocrx_word' id='word_1_164' title='bbox 435 2362 533 2416; x_wconf 80' lang='grc' dir='ltr'><em>τὸν</em></span> <span class='ocrx_word' id='word_1_165' title='bbox 572 2363 670 2432; x_wconf 77' lang='grc' dir='ltr'><strong><em>μὲν</em></strong></span> <span class='ocrx_word' id='word_1_166' title='bbox 701 2363 1003 2433; x_wconf 81' lang='grc' dir='ltr'><em>ἐτιμήσατε</em></span> <span class='ocrx_word' id='word_1_167' title='bbox 1049 2360 1138 2414; x_wconf 79' lang='grc' dir='ltr'><strong><em>διὰ</em></strong></span> <span class='ocrx_word' id='word_1_168' title='bbox 1181 2360 1274 2414; x_wconf 73' lang='grc' dir='ltr'><em>τὸν</em></span> <span class='ocrx_word' id='word_1_169' title='bbox 1323 2358 1574 2421; x_wconf 83' lang='grc' dir='ltr'><em>πλοῦτον,</em></span> <span class='ocrx_word' id='word_1_170' title='bbox 1634 2357 1724 2411; x_wconf 79' lang='grc' dir='ltr'><em>τὸν</em></span> <span class='ocrx_word' id='word_1_171' title='bbox 1775 2356 1832 2410; x_wconf 84' lang='grc' dir='ltr'><strong><em>δὲ</em></strong></span> 
     </span>
    </p>
   </div>
   <div class='ocr_carea' id='block_1_26' title="bbox 240 2447 1832 2526">
    <p class='ocr_par' dir='ltr' id='par_1_26' title="bbox 240 2447 1832 2526">
     <span class='ocr_line' id='line_1_26' title="bbox 240 2447 1832 2526; baseline -0.006 -18"><span class='ocrx_word' id='word_1_172' title='bbox 240 2457 549 2526; x_wconf 76' lang='grc' dir='ltr'><em>ἠτιμήσατε</em></span> <span class='ocrx_word' id='word_1_173' title='bbox 586 2455 676 2508; x_wconf 73' lang='grc' dir='ltr'><strong><em>διὰ</em></strong></span> <span class='ocrx_word' id='word_1_174' title='bbox 707 2454 804 2525; x_wconf 83' lang='grc' dir='ltr'><em>τὴν</em></span> <span class='ocrx_word' id='word_1_175' title='bbox 832 2455 1050 2508; x_wconf 79' lang='grc' dir='ltr'>πενίαν.</span> <span class='ocrx_word' id='word_1_176' title='bbox 1091 2472 1109 2504; x_wconf 85' lang='grc' dir='ltr'><strong>ι</strong></span> <span class='ocrx_word' id='word_1_177' title='bbox 1170 2449 1283 2507; x_wconf 72' lang='grc' dir='ltr'><strong><em>Καὶ</em></strong></span> <span class='ocrx_word' id='word_1_178' title='bbox 1329 2450 1583 2520; x_wconf 79' lang='grc' dir='ltr'><strong><em>ἐγένεσθε</em></strong></span> <span class='ocrx_word' id='word_1_179' title='bbox 1644 2447 1832 2518; x_wconf 74' lang='grc' dir='ltr'><em>κριταὶ</em></span> 
     </span>
    </p>
   </div>
   <div class='ocr_carea' id='block_1_27' title="bbox 240 2541 1830 2619">
    <p class='ocr_par' dir='ltr' id='par_1_27' title="bbox 240 2541 1830 2619">
     <span class='ocr_line' id='line_1_27' title="bbox 240 2541 1830 2619; baseline -0.003 -21"><span class='ocrx_word' id='word_1_180' title='bbox 240 2547 608 2617; x_wconf 75' lang='grc' dir='ltr'><strong><em>διαλογισμῶν</em></strong></span> <span class='ocrx_word' id='word_1_181' title='bbox 633 2547 912 2619; x_wconf 72' lang='grc' dir='ltr'><em>πονηρῶν.</em></span> <span class='ocrx_word' id='word_1_182' title='bbox 959 2566 977 2598; x_wconf 71' lang='grc' dir='ltr'>ι</span> <span class='ocrx_word' id='word_1_183' title='bbox 1013 2544 1331 2608; x_wconf 80' lang='grc' dir='ltr'><em>Τουτέστιν,</em></span> <span class='ocrx_word' id='word_1_184' title='bbox 1380 2544 1558 2598; x_wconf 79' lang='grc' dir='ltr'><em>ἄδικοι</em></span> <span class='ocrx_word' id='word_1_185' title='bbox 1623 2541 1830 2613; x_wconf 71' lang='grc' dir='ltr'><em>κριταὶ,</em></span> 
     </span>
    </p>
   </div>
   <div class='ocr_carea' id='block_1_28' title="bbox 239 2632 1831 2711">
    <p class='ocr_par' dir='ltr' id='par_1_28' title="bbox 239 2632 1831 2711">
     <span class='ocr_line' id='line_1_28' title="bbox 239 2632 1831 2711; baseline 0.021 -20"><span class='ocrx_word' id='word_1_186' title='bbox 239 2643 303 2709; x_wconf 78' lang='grc' dir='ltr'><em>τῇ</em></span> <span class='ocrx_word' id='word_1_187' title='bbox 353 2640 596 2711; x_wconf 75' lang='grc' dir='ltr'><em>πονηρίᾳ</em></span> <span class='ocrx_word' id='word_1_188' title='bbox 649 2641 713 2693; x_wconf 84' lang='grc' dir='ltr'><em>ἐκ</em></span> <span class='ocrx_word' id='word_1_189' title='bbox 771 2637 1238 2710; x_wconf 65' lang='grc' dir='ltr'><em>προσωποληψίας</em></span> <span class='ocrx_word' id='word_1_190' title='bbox 1301 2635 1682 2706; x_wconf 63' lang='grc' dir='ltr'><strong><em>προσθέμεν⁰ι⁶</em></strong></span> <span class='ocrx_word' id='word_1_191' title='bbox 1749 2632 1831 2696; x_wconf 50' lang='lat'><strong><em>&#39;0’</em></strong></span> 
     </span>
    </p>
   </div>
   <div class='ocr_carea' id='block_1_29' title="bbox 241 2723 1834 2801">
    <p class='ocr_par' dir='ltr' id='par_1_29' title="bbox 241 2723 1834 2801">
     <span class='ocr_line' id='line_1_29' title="bbox 241 2723 1834 2801; baseline -0.007 -15"><span class='ocrx_word' id='word_1_192' title='bbox 241 2733 371 2794; x_wconf 74' lang='grc' dir='ltr'><em>Καὶ,</em></span> <span class='ocrx_word' id='word_1_193' title='bbox 398 2732 723 2800; x_wconf 74' lang='grc' dir='ltr'><strong><em>σύνδεσμος,</em></strong></span> <span class='ocrx_word' id='word_1_194' title='bbox 749 2729 1014 2801; x_wconf 82' lang='grc' dir='ltr'><strong><em>παρέλκει</em></strong></span> <span class='ocrx_word' id='word_1_195' title='bbox 1036 2727 1273 2782; x_wconf 82' lang='grc' dir='ltr'><em>ἐνταῦθα</em></span> <span class='ocrx_word' id='word_1_196' title='bbox 1301 2727 1378 2790; x_wconf 84' lang='grc' dir='ltr'><em>ὼς</em></span> <span class='ocrx_word' id='word_1_197' title='bbox 1403 2726 1639 2796; x_wconf 78' lang='grc' dir='ltr'><em>εἴρηται,</em></span> <span class='ocrx_word' id='word_1_198' title='bbox 1669 2723 1834 2792; x_wconf 82' lang='grc' dir='ltr'><em>συνή-</em></span> 
     </span>
    </p>
   </div>
   <div class='ocr_carea' id='block_1_30' title="bbox 242 2817 1834 2896">
    <p class='ocr_par' dir='ltr' id='par_1_30' title="bbox 242 2817 1834 2896">
     <span class='ocr_line' id='line_1_30' title="bbox 242 2817 1834 2896; baseline -0.005 -20"><span class='ocrx_word' id='word_1_199' title='bbox 242 2824 346 2888; x_wconf 87' lang='grc' dir='ltr'><strong><em>θως</em></strong></span> <span class='ocrx_word' id='word_1_200' title='bbox 368 2824 711 2896; x_wconf 76' lang='grc' dir='ltr'><strong><em>ἀρχαῖζούσῃ</em></strong></span> <span class='ocrx_word' id='word_1_201' title='bbox 741 2823 958 2895; x_wconf 79' lang='grc' dir='ltr'><em>φράσει.</em></span> <span class='ocrx_word' id='word_1_202' title='bbox 997 2823 1156 2875; x_wconf 79' lang='grc' dir='ltr'><em>Ἐπεὶ</em></span> <span class='ocrx_word' id='word_1_203' title='bbox 1207 2819 1517 2882; x_wconf 82' lang='grc' dir='ltr'><strong><em>ἀποδόσεως</em></strong></span> <span class='ocrx_word' id='word_1_204' title='bbox 1538 2817 1705 2886; x_wconf 78' lang='grc' dir='ltr'><em>οῦσης</em></span> <span class='ocrx_word' id='word_1_205' title='bbox 1747 2817 1834 2869; x_wconf 82' lang='grc' dir='ltr'><strong><em>ὲν-</em></strong></span> 
     </span>
    </p>
   </div>
   <div class='ocr_carea' id='block_1_31' title="bbox 241 2908 1833 2987">
    <p class='ocr_par' dir='ltr' id='par_1_31' title="bbox 241 2908 1833 2987">
     <span class='ocr_line' id='line_1_31' title="bbox 241 2908 1833 2987; baseline -0.005 -17"><span class='ocrx_word' id='word_1_206' title='bbox 241 2916 416 2971; x_wconf 79' lang='grc' dir='ltr'><strong><em>ταῦθα</em></strong></span> <span class='ocrx_word' id='word_1_207' title='bbox 445 2917 541 2970; x_wconf 84' lang='grc' dir='ltr'><strong><em>τοῦ</em></strong></span> <span class='ocrx_word' id='word_1_208' title='bbox 599 2917 858 2986; x_wconf 83' lang='grc' dir='ltr'><strong><em>ἀνωτέρω</em></strong></span> <span class='ocrx_word' id='word_1_209' title='bbox 903 2915 1218 2987; x_wconf 75' lang='grc' dir='ltr'><em>εἰρημένου,</em></span> <span class='ocrx_word' id='word_1_210' title='bbox 1260 2911 1514 2982; x_wconf 52' lang='grc' dir='ltr'><strong><em>περιττὸς</em></strong></span> <span class='ocrx_word' id='word_1_211' title='bbox 1566 2912 1594 2964; x_wconf 87' lang='grc' dir='ltr'>ὁ</span> <span class='ocrx_word' id='word_1_212' title='bbox 1645 2908 1833 2962; x_wconf 83' lang='grc' dir='ltr'><em>σύνδε-</em></span> 
     </span>
    </p>
   </div>
   <div class='ocr_carea' id='block_1_32' title="bbox 243 2999 1834 3078">
    <p class='ocr_par' dir='ltr' id='par_1_32' title="bbox 243 2999 1834 3078">
     <span class='ocr_line' id='line_1_32' title="bbox 243 2999 1834 3078; baseline -0.004 -17"><span class='ocrx_word' id='word_1_213' title='bbox 243 3025 396 3078; x_wconf 87' lang='grc' dir='ltr'><em>σμος.</em></span> <span class='ocrx_word' id='word_1_214' title='bbox 430 3008 590 3061; x_wconf 84' lang='grc' dir='ltr'><em>Ἐστι</em></span> <span class='ocrx_word' id='word_1_215' title='bbox 624 3007 732 3078; x_wconf 81' lang='grc' dir='ltr'><strong><em>γὰρ</em></strong></span> <span class='ocrx_word' id='word_1_216' title='bbox 755 3005 949 3066; x_wconf 74' lang='grc' dir='ltr'><em>οὕτως.</em></span> <span class='ocrx_word' id='word_1_217' title='bbox 994 3005 1122 3058; x_wconf 82' lang='grc' dir='ltr'><strong><em>Ἐὰν</em></strong></span> <span class='ocrx_word' id='word_1_218' title='bbox 1172 3003 1283 3074; x_wconf 72' lang='grc' dir='ltr'><strong><em>γὰρ</em></strong></span> <span class='ocrx_word' id='word_1_219' title='bbox 1337 3001 1556 3071; x_wconf 79' lang='grc' dir='ltr'><em>εἰσέλθῃ</em></span> <span class='ocrx_word' id='word_1_220' title='bbox 1595 3001 1676 3064; x_wconf 85' lang='grc' dir='ltr'><strong><em>είς</em></strong></span> <span class='ocrx_word' id='word_1_221' title='bbox 1733 2999 1834 3070; x_wconf 78' lang='grc' dir='ltr'><em>τὴν</em></span> 
     </span>
    </p>
   </div>
   <div class='ocr_carea' id='block_1_33' title="bbox 245 3090 1832 3171">
    <p class='ocr_par' dir='ltr' id='par_1_33' title="bbox 245 3090 1832 3171">
     <span class='ocr_line' id='line_1_33' title="bbox 245 3090 1832 3171; baseline -0.004 -20"><span class='ocrx_word' id='word_1_222' title='bbox 245 3099 568 3171; x_wconf 79' lang='grc' dir='ltr'><em>συναγωγὴν</em></span> <span class='ocrx_word' id='word_1_223' title='bbox 591 3098 765 3168; x_wconf 84' lang='grc' dir='ltr'><em>ὑμῶν,</em></span> <span class='ocrx_word' id='word_1_224' title='bbox 817 3097 959 3168; x_wconf 72' lang='grc' dir='ltr'>ἀνὴρ</span> <span class='ocrx_word' id='word_1_225' title='bbox 1023 3094 1482 3167; x_wconf 76' lang='grc' dir='ltr'><strong><em>χρυσοδακτύλιος</em></strong></span> <span class='ocrx_word' id='word_1_226' title='bbox 1534 3095 1591 3145; x_wconf 82' lang='grc' dir='ltr'>ἐν</span> <span class='ocrx_word' id='word_1_227' title='bbox 1645 3090 1832 3162; x_wconf 79' lang='grc' dir='ltr'><em>ἐσθῆτι</em></span> 
     </span>
    </p>
   </div>
   <div class='ocr_carea' id='block_1_34' title="bbox 1937 597 3524 669">
    <p class='ocr_par' dir='ltr' id='par_1_34' title="bbox 1937 597 3524 669">
     <span class='ocr_line' id='line_1_34' title="bbox 1937 597 3524 669; baseline 0.008 -19"><span class='ocrx_word' id='word_1_228' title='bbox 1937 597 2083 652; x_wconf 78' lang='lat' dir='ltr'><strong><em>Nam</em></strong></span> <span class='ocrx_word' id='word_1_229' title='bbox 2127 601 2172 652; x_wconf 88' lang='lat' dir='ltr'><strong><em>si</em></strong></span> <span class='ocrx_word' id='word_1_230' title='bbox 2216 599 2549 669; x_wconf 72' lang='lat' dir='ltr'><strong><em>ingrediatur</em></strong></span> <span class='ocrx_word' id='word_1_231' title='bbox 2588 603 2644 656; x_wconf 85' lang='lat' dir='ltr'><strong><em>in</em></strong></span> <span class='ocrx_word' id='word_1_232' title='bbox 2683 611 2872 657; x_wconf 73' lang='lat' dir='ltr'><strong><em>canum</em></strong></span> <span class='ocrx_word' id='word_1_233' title='bbox 2916 615 3150 659; x_wconf 87' lang='lat' dir='ltr'><strong><em>vestrum</em></strong></span> <span class='ocrx_word' id='word_1_234' title='bbox 3183 607 3263 660; x_wconf 86' lang='lat' dir='ltr'><strong><em>vir</em></strong></span> <span class='ocrx_word' id='word_1_235' title='bbox 3301 623 3524 664; x_wconf 86' lang='lat' dir='ltr'><strong><em>aureum</em></strong></span> 
     </span>
    </p>
   </div>
   <div class='ocr_carea' id='block_1_35' title="bbox 1934 693 3527 766">
    <p class='ocr_par' dir='ltr' id='par_1_35' title="bbox 1934 693 3527 766">
     <span class='ocr_line' id='line_1_35' title="bbox 1934 693 3527 766; baseline 0.005 -22"><span class='ocrx_word' id='word_1_236' title='bbox 1934 698 2146 759; x_wconf 78' lang='lat' dir='ltr'><strong><em>gestans</em></strong></span> <span class='ocrx_word' id='word_1_237' title='bbox 2176 693 2456 758; x_wconf 82' lang='lat' dir='ltr'><strong><em>annulum,</em></strong></span> <span class='ocrx_word' id='word_1_238' title='bbox 2497 701 2637 747; x_wconf 79' lang='lat' dir='ltr'><strong><em>veste</em></strong></span> <span class='ocrx_word' id='word_1_239' title='bbox 2670 695 2889 749; x_wconf 88' lang='lat' dir='ltr'><strong><em>indutus</em></strong></span> <span class='ocrx_word' id='word_1_240' title='bbox 2920 694 3224 762; x_wconf 87' lang='lat' dir='ltr'><strong><em>splendida,</em></strong></span> <span class='ocrx_word' id='word_1_241' title='bbox 3257 699 3527 766; x_wconf 82' lang='lat' dir='ltr'><strong><em>ingredia-</em></strong></span> 
     </span>
    </p>
   </div>
   <div class='ocr_carea' id='block_1_36' title="bbox 1935 786 3525 858">
    <p class='ocr_par' dir='ltr' id='par_1_36' title="bbox 1935 786 3525 858">
     <span class='ocr_line' id='line_1_36' title="bbox 1935 786 3525 858; baseline 0.005 -22"><span class='ocrx_word' id='word_1_242' title='bbox 1935 792 2026 836; x_wconf 91' lang='lat' dir='ltr'><strong><em>tur</em></strong></span> <span class='ocrx_word' id='word_1_243' title='bbox 2054 792 2233 837; x_wconf 86' lang='lat' dir='ltr'><strong><em>autem</em></strong></span> <span class='ocrx_word' id='word_1_244' title='bbox 2265 793 2311 838; x_wconf 89' lang='lat' dir='ltr'><strong><em>et</em></strong></span> <span class='ocrx_word' id='word_1_245' title='bbox 2344 802 2550 854; x_wconf 84' lang='lat' dir='ltr'><strong><em>pauper</em></strong></span> <span class='ocrx_word' id='word_1_246' title='bbox 2585 786 2638 840; x_wconf 93' lang='lat' dir='ltr'><strong><em>in</em></strong></span> <span class='ocrx_word' id='word_1_247' title='bbox 2680 789 2896 841; x_wconf 89' lang='lat' dir='ltr'><strong><em>sordida</em></strong></span> <span class='ocrx_word' id='word_1_248' title='bbox 2927 795 3084 854; x_wconf 88' lang='lat' dir='ltr'><strong><em>veste,</em></strong></span> <span class='ocrx_word' id='word_1_249' title='bbox 3114 798 3163 842; x_wconf 90' lang='lat' dir='ltr'><strong><em>et</em></strong></span> <span class='ocrx_word' id='word_1_250' title='bbox 3192 790 3525 858; x_wconf 76' lang='lat' dir='ltr'><strong><em>respexeritis</em></strong></span> 
     </span>
    </p>
   </div>
   <div class='ocr_carea' id='block_1_37' title="bbox 1934 877 3523 955">
    <p class='ocr_par' dir='ltr' id='par_1_37' title="bbox 1934 877 3523 955">
     <span class='ocr_line' id='line_1_37' title="bbox 1934 877 3523 955; baseline 0.005 -26"><span class='ocrx_word' id='word_1_251' title='bbox 1934 877 2006 929; x_wconf 90' lang='lat' dir='ltr'><strong><em>ad</em></strong></span> <span class='ocrx_word' id='word_1_252' title='bbox 2044 877 2196 955; x_wconf 78' lang='lat' dir='ltr'><strong><em>illum</em></strong></span> <span class='ocrx_word' id='word_1_253' title='bbox 2229 879 2319 948; x_wconf 87' lang='lat' dir='ltr'><strong><em>qui</em></strong></span> <span class='ocrx_word' id='word_1_254' title='bbox 2354 888 2546 934; x_wconf 83' lang='lat' dir='ltr'><strong><em>vestem</em></strong></span> <span class='ocrx_word' id='word_1_255' title='bbox 2590 890 2761 952; x_wconf 86' lang='lat' dir='ltr'><strong><em>gestat</em></strong></span> <span class='ocrx_word' id='word_1_256' title='bbox 2799 883 3136 951; x_wconf 84' lang='lat' dir='ltr'><strong><em>spendidam,</em></strong></span> <span class='ocrx_word' id='word_1_257' title='bbox 3176 900 3240 936; x_wconf 91' lang='lat' dir='ltr'><strong><em>ac</em></strong></span> <span class='ocrx_word' id='word_1_258' title='bbox 3279 884 3523 938; x_wconf 80' lang='lat' dir='ltr'><strong><em>dixeritis</em></strong></span> 
     </span>
    </p>
   </div>
   <div class='ocr_carea' id='block_1_38' title="bbox 1933 970 3526 1045">
    <p class='ocr_par' dir='ltr' id='par_1_38' title="bbox 1933 970 3526 1045">
     <span class='ocr_line' id='line_1_38' title="bbox 1933 970 3526 1045; baseline 0.004 -22"><span class='ocrx_word' id='word_1_259' title='bbox 1933 970 2018 1024; x_wconf 89' lang='lat' dir='ltr'><strong><em>illi</em></strong></span> <span class='ocrx_word' id='word_1_260' title='bbox 2045 987 2062 1024; x_wconf 91' lang='lat'><strong><em>:</em></strong></span> <span class='ocrx_word' id='word_1_261' title='bbox 2094 970 2164 1025; x_wconf 86' lang='lat' dir='ltr'><strong><em>Tu</em></strong></span> <span class='ocrx_word' id='word_1_262' title='bbox 2194 972 2316 1026; x_wconf 89' lang='lat' dir='ltr'><strong><em>sede</em></strong></span> <span class='ocrx_word' id='word_1_263' title='bbox 2345 974 2428 1028; x_wconf 78' lang='lat' dir='ltr'><strong><em>hic</em></strong></span> <span class='ocrx_word' id='word_1_264' title='bbox 2457 974 2598 1039; x_wconf 87' lang='lat' dir='ltr'><strong><em>bene,</em></strong></span> <span class='ocrx_word' id='word_1_265' title='bbox 2627 977 2852 1045; x_wconf 86' lang='lat' dir='ltr'><strong><em>pauperi</em></strong></span> <span class='ocrx_word' id='word_1_266' title='bbox 2881 991 3000 1029; x_wconf 86' lang='lat' dir='ltr'><strong><em>vero</em></strong></span> <span class='ocrx_word' id='word_1_267' title='bbox 3023 975 3300 1029; x_wconf 72' lang='lat' dir='ltr'><strong><em>dixeritis:</em></strong></span> <span class='ocrx_word' id='word_1_268' title='bbox 3338 979 3412 1030; x_wconf 89' lang='lat' dir='ltr'><strong><em>Tu</em></strong></span> <span class='ocrx_word' id='word_1_269' title='bbox 3440 985 3526 1030; x_wconf 85' lang='lat' dir='ltr'><strong><em>sta</em></strong></span> 
     </span>
    </p>
   </div>
   <div class='ocr_carea' id='block_1_39' title="bbox 1931 1063 3524 1130">
    <p class='ocr_par' dir='ltr' id='par_1_39' title="bbox 1931 1063 3524 1130">
     <span class='ocr_line' id='line_1_39' title="bbox 1931 1063 3524 1130; baseline 0.004 -13"><span class='ocrx_word' id='word_1_270' title='bbox 1931 1063 2069 1130; x_wconf 88' lang='lat' dir='ltr'><strong><em>illic,</em></strong></span> <span class='ocrx_word' id='word_1_271' title='bbox 2101 1073 2196 1118; x_wconf 87' lang='lat' dir='ltr'><strong><em>aut</em></strong></span> <span class='ocrx_word' id='word_1_272' title='bbox 2231 1066 2352 1120; x_wconf 85' lang='lat' dir='ltr'><strong><em>sede</em></strong></span> <span class='ocrx_word' id='word_1_273' title='bbox 2385 1068 2468 1120; x_wconf 83' lang='lat' dir='ltr'><strong><em>hic</em></strong></span> <span class='ocrx_word' id='word_1_274' title='bbox 2507 1068 2687 1122; x_wconf 87' lang='lat' dir='ltr'><strong><em>subter</em></strong></span> <span class='ocrx_word' id='word_1_275' title='bbox 2728 1067 3018 1122; x_wconf 89' lang='lat' dir='ltr'><strong><em>scabellum</em></strong></span> <span class='ocrx_word' id='word_1_276' title='bbox 3059 1085 3236 1123; x_wconf 90' lang='lat' dir='ltr'><strong><em>meum</em></strong></span> <span class='ocrx_word' id='word_1_277' title='bbox 3269 1085 3288 1122; x_wconf 91' lang='lat'><strong><em>:</em></strong></span> <span class='ocrx_word' id='word_1_278' title='bbox 3327 1079 3375 1124; x_wconf 90' lang='lat' dir='ltr'><strong><em>et</em></strong></span> <span class='ocrx_word' id='word_1_279' title='bbox 3417 1086 3524 1123; x_wconf 85' lang='lat' dir='ltr'><strong><em>non</em></strong></span> 
     </span>
    </p>
   </div>
   <div class='ocr_carea' id='block_1_40' title="bbox 1933 1159 3524 1231">
    <p class='ocr_par' dir='ltr' id='par_1_40' title="bbox 1933 1159 3524 1231">
     <span class='ocr_line' id='line_1_40' title="bbox 1933 1159 3524 1231; baseline 0.002 -19"><span class='ocrx_word' id='word_1_280' title='bbox 1933 1159 2271 1228; x_wconf 85' lang='lat' dir='ltr'><strong><em>dijudicastis</em></strong></span> <span class='ocrx_word' id='word_1_281' title='bbox 2301 1160 2446 1227; x_wconf 88' lang='lat' dir='ltr'><strong><em>apud</em></strong></span> <span class='ocrx_word' id='word_1_282' title='bbox 2472 1177 2561 1214; x_wconf 86' lang='lat' dir='ltr'><strong><em>vos</em></strong></span> <span class='ocrx_word' id='word_1_283' title='bbox 2583 1163 2762 1229; x_wconf 87' lang='lat' dir='ltr'><strong><em>ipsos:</em></strong></span> <span class='ocrx_word' id='word_1_284' title='bbox 2796 1170 2846 1214; x_wconf 92' lang='lat' dir='ltr'><strong><em>et</em></strong></span> <span class='ocrx_word' id='word_1_285' title='bbox 2879 1160 3012 1229; x_wconf 79' lang='lat' dir='ltr'><strong><em>facti</em></strong></span> <span class='ocrx_word' id='word_1_286' title='bbox 3043 1161 3166 1216; x_wconf 81' lang='lat' dir='ltr'><strong><em>estis</em></strong></span> <span class='ocrx_word' id='word_1_287' title='bbox 3191 1161 3402 1231; x_wconf 88' lang='lat' dir='ltr'><strong><em>judices</em></strong></span> <span class='ocrx_word' id='word_1_288' title='bbox 3432 1178 3524 1215; x_wconf 90' lang='lat' dir='ltr'><strong><em>co-</em></strong></span> 
     </span>
    </p>
   </div>
   <div class='ocr_carea' id='block_1_41' title="bbox 1933 1249 2572 1320">
    <p class='ocr_par' dir='ltr' id='par_1_41' title="bbox 1933 1249 2572 1320">
     <span class='ocr_line' id='line_1_41' title="bbox 1933 1249 2572 1320; baseline 0.005 -20"><span class='ocrx_word' id='word_1_289' title='bbox 1933 1250 2252 1320; x_wconf 83' lang='lat' dir='ltr'><strong><em>gitationum</em></strong></span> <span class='ocrx_word' id='word_1_290' title='bbox 2282 1249 2572 1304; x_wconf 85' lang='lat' dir='ltr'><strong><em>malarum.</em></strong></span> 
     </span>
    </p>
   </div>
   <div class='ocr_carea' id='block_1_42' title="bbox 2009 1431 3520 1505">
    <p class='ocr_par' dir='ltr' id='par_1_42' title="bbox 2009 1431 3520 1505">
     <span class='ocr_line' id='line_1_42' title="bbox 2009 1431 3520 1505; baseline 0.003 -21"><span class='ocrx_word' id='word_1_291' title='bbox 2009 1453 2028 1484; x_wconf 77' lang='grc' dir='ltr'><strong>ι</strong></span> <span class='ocrx_word' id='word_1_292' title='bbox 2063 1431 2140 1487; x_wconf 86' lang='lat' dir='ltr'><strong><em>Ne</em></strong></span> <span class='ocrx_word' id='word_1_293' title='bbox 2171 1447 2294 1488; x_wconf 91' lang='lat' dir='ltr'><strong><em>cum</em></strong></span> <span class='ocrx_word' id='word_1_294' title='bbox 2332 1441 2587 1504; x_wconf 81' lang='lat' dir='ltr'><strong><em>respectu</em></strong></span> <span class='ocrx_word' id='word_1_295' title='bbox 2629 1449 3010 1505; x_wconf 88' lang='lat' dir='ltr'><strong><em>personarum.</em></strong></span> <span class='ocrx_word' id='word_1_296' title='bbox 3049 1451 3068 1486; x_wconf 72' lang='grc' dir='ltr'><em>ι</em></span> <span class='ocrx_word' id='word_1_297' title='bbox 3103 1433 3239 1488; x_wconf 81' lang='lat' dir='ltr'><strong><em>Nam</em></strong></span> <span class='ocrx_word' id='word_1_298' title='bbox 3274 1433 3366 1504; x_wconf 87' lang='lat' dir='ltr'><strong><em>qui</em></strong></span> <span class='ocrx_word' id='word_1_299' title='bbox 3395 1449 3520 1490; x_wconf 89' lang='lat' dir='ltr'><strong><em>cum</em></strong></span> 
     </span>
    </p>
   </div>
   <div class='ocr_carea' id='block_1_43' title="bbox 1932 1526 3520 1596">
    <p class='ocr_par' dir='ltr' id='par_1_43' title="bbox 1932 1526 3520 1596">
     <span class='ocr_line' id='line_1_43' title="bbox 1932 1526 3520 1596; baseline 0.001 -18"><span class='ocrx_word' id='word_1_300' title='bbox 1932 1533 2186 1596; x_wconf 84' lang='lat' dir='ltr'><strong><em>respectu</em></strong></span> <span class='ocrx_word' id='word_1_301' title='bbox 2222 1541 2583 1596; x_wconf 88' lang='lat' dir='ltr'><strong><em>personarum</em></strong></span> <span class='ocrx_word' id='word_1_302' title='bbox 2619 1527 2825 1592; x_wconf 88' lang='lat' dir='ltr'><strong><em>aliquid</em></strong></span> <span class='ocrx_word' id='word_1_303' title='bbox 2864 1526 3017 1592; x_wconf 79' lang='lat' dir='ltr'><strong><em>facit,</em></strong></span> <span class='ocrx_word' id='word_1_304' title='bbox 3071 1526 3239 1581; x_wconf 87' lang='lat' dir='ltr'><strong><em>multa</em></strong></span> <span class='ocrx_word' id='word_1_305' title='bbox 3286 1526 3520 1592; x_wconf 82' lang='lat' dir='ltr'><strong><em>macula,</em></strong></span> 
     </span>
    </p>
   </div>
   <div class='ocr_carea' id='block_1_44' title="bbox 1931 1617 3524 1688">
    <p class='ocr_par' dir='ltr' id='par_1_44' title="bbox 1931 1617 3524 1688">
     <span class='ocr_line' id='line_1_44' title="bbox 1931 1617 3524 1688; baseline 0 -16"><span class='ocrx_word' id='word_1_306' title='bbox 1931 1617 2103 1672; x_wconf 90' lang='lat' dir='ltr'><strong><em>multo</em></strong></span> <span class='ocrx_word' id='word_1_307' title='bbox 2143 1617 2344 1687; x_wconf 89' lang='lat' dir='ltr'><strong><em>probro</em></strong></span> <span class='ocrx_word' id='word_1_308' title='bbox 2385 1617 2628 1688; x_wconf 90' lang='lat' dir='ltr'><strong><em>seipsum</em></strong></span> <span class='ocrx_word' id='word_1_309' title='bbox 2663 1618 2858 1688; x_wconf 83' lang='lat' dir='ltr'><strong><em>replet,</em></strong></span> <span class='ocrx_word' id='word_1_310' title='bbox 2900 1618 3212 1688; x_wconf 80' lang='lat' dir='ltr'><strong><em>proximum</em></strong></span> <span class='ocrx_word' id='word_1_311' title='bbox 3254 1617 3524 1673; x_wconf 83' lang='lat' dir='ltr'><strong><em>dedecore</em></strong></span> 
     </span>
    </p>
   </div>
   <div class='ocr_carea' id='block_1_45' title="bbox 1930 1706 3526 1776">
    <p class='ocr_par' dir='ltr' id='par_1_45' title="bbox 1930 1706 3526 1776">
     <span class='ocr_line' id='line_1_45' title="bbox 1930 1706 3526 1776; baseline -0.001 -15"><span class='ocrx_word' id='word_1_312' title='bbox 1930 1706 2193 1772; x_wconf 77' lang='lat' dir='ltr'><strong><em>alliciens,</em></strong></span> <span class='ocrx_word' id='word_1_313' title='bbox 2223 1722 2288 1762; x_wconf 89' lang='lat' dir='ltr'><strong><em>ac</em></strong></span> <span class='ocrx_word' id='word_1_314' title='bbox 2317 1707 2556 1776; x_wconf 90' lang='lat' dir='ltr'><strong><em>seipsum</em></strong></span> <span class='ocrx_word' id='word_1_315' title='bbox 2588 1708 2751 1762; x_wconf 90' lang='lat' dir='ltr'><strong><em>etiam</em></strong></span> <span class='ocrx_word' id='word_1_316' title='bbox 2782 1719 2909 1762; x_wconf 89' lang='lat' dir='ltr'><strong><em>ante</em></strong></span> <span class='ocrx_word' id='word_1_317' title='bbox 2944 1708 3095 1762; x_wconf 87' lang='lat' dir='ltr'><strong><em>illum</em></strong></span> <span class='ocrx_word' id='word_1_318' title='bbox 3121 1723 3282 1762; x_wconf 86' lang='lat' dir='ltr'><strong><em>:nam</em></strong></span> <span class='ocrx_word' id='word_1_319' title='bbox 3311 1706 3526 1761; x_wconf 79' lang='lat' dir='ltr'><strong><em>exhibi-</em></strong></span> 
     </span>
    </p>
   </div>
   <div class='ocr_carea' id='block_1_46' title="bbox 1932 1800 3521 1872">
    <p class='ocr_par' dir='ltr' id='par_1_46' title="bbox 1932 1800 3521 1872">
     <span class='ocr_line' id='line_1_46' title="bbox 1932 1800 3521 1872; baseline -0.002 -15"><span class='ocrx_word' id='word_1_320' title='bbox 1932 1803 2009 1857; x_wconf 90' lang='lat' dir='ltr'><strong><em>tio</em></strong></span> <span class='ocrx_word' id='word_1_321' title='bbox 2042 1817 2166 1872; x_wconf 83' lang='lat' dir='ltr'><strong><em>erga</em></strong></span> <span class='ocrx_word' id='word_1_322' title='bbox 2201 1809 2508 1856; x_wconf 81' lang='lat' dir='ltr'><strong><em>consortem</em></strong></span> <span class='ocrx_word' id='word_1_323' title='bbox 2540 1802 2862 1857; x_wconf 75' lang='lat' dir='ltr'><strong><em>transmittit</em></strong></span> <span class='ocrx_word' id='word_1_324' title='bbox 2892 1802 2942 1857; x_wconf 94' lang='lat' dir='ltr'><strong><em>id</em></strong></span> <span class='ocrx_word' id='word_1_325' title='bbox 2973 1801 3120 1872; x_wconf 90' lang='lat' dir='ltr'><strong><em>quod</em></strong></span> <span class='ocrx_word' id='word_1_326' title='bbox 3167 1801 3226 1854; x_wconf 84' lang='lat' dir='ltr'><strong><em>ﬁt</em></strong></span> <span class='ocrx_word' id='word_1_327' title='bbox 3251 1801 3419 1856; x_wconf 88' lang='lat' dir='ltr'><strong><em>etiam</em></strong></span> <span class='ocrx_word' id='word_1_328' title='bbox 3451 1800 3521 1855; x_wconf 93' lang='lat' dir='ltr'><strong><em>ad</em></strong></span> 
     </span>
    </p>
   </div>
   <div class='ocr_carea' id='block_1_47' title="bbox 1933 1891 3518 1964">
    <p class='ocr_par' dir='ltr' id='par_1_47' title="bbox 1933 1891 3518 1964">
     <span class='ocr_line' id='line_1_47' title="bbox 1933 1891 3518 1964; baseline -0.003 -16"><span class='ocrx_word' id='word_1_329' title='bbox 1933 1894 2196 1962; x_wconf 91' lang='lat' dir='ltr'><strong><em>seipsum.</em></strong></span> <span class='ocrx_word' id='word_1_330' title='bbox 2243 1911 2261 1946; x_wconf 86' lang='grc' dir='ltr'><em>ι</em></span> <span class='ocrx_word' id='word_1_331' title='bbox 2309 1892 2375 1947; x_wconf 84' lang='lat' dir='ltr'><strong><em>Et</em></strong></span> <span class='ocrx_word' id='word_1_332' title='bbox 2415 1908 2525 1948; x_wconf 91' lang='lat' dir='ltr'><strong><em>non</em></strong></span> <span class='ocrx_word' id='word_1_333' title='bbox 2570 1893 2932 1964; x_wconf 83' lang='lat' dir='ltr'><strong><em>dijudicastis.</em></strong></span> <span class='ocrx_word' id='word_1_334' title='bbox 2977 1912 2995 1944; x_wconf 74' lang='grc' dir='ltr'>ι</span> <span class='ocrx_word' id='word_1_335' title='bbox 3039 1891 3396 1962; x_wconf 87' lang='lat' dir='ltr'><strong><em>Conjunctio,</em></strong></span> <span class='ocrx_word' id='word_1_336' title='bbox 3434 1891 3518 1955; x_wconf 86' lang='lat' dir='ltr'><strong><em>Et,</em></strong></span> 
     </span>
    </p>
   </div>
   <div class='ocr_carea' id='block_1_48' title="bbox 1932 1986 3524 2058">
    <p class='ocr_par' dir='ltr' id='par_1_48' title="bbox 1932 1986 3524 2058">
     <span class='ocr_line' id='line_1_48' title="bbox 1932 1986 3524 2058; baseline -0.001 -14"><span class='ocrx_word' id='word_1_337' title='bbox 1932 1989 2207 2044; x_wconf 84' lang='lat' dir='ltr'><strong><em>abundat:</em></strong></span> <span class='ocrx_word' id='word_1_338' title='bbox 2236 1992 2335 2043; x_wconf 82' lang='lat' dir='ltr'><strong><em>hoc</em></strong></span> <span class='ocrx_word' id='word_1_339' title='bbox 2351 1999 2454 2053; x_wconf 89' lang='lat' dir='ltr'><strong><em>est,</em></strong></span> <span class='ocrx_word' id='word_1_340' title='bbox 2486 1988 2831 2058; x_wconf 87' lang='lat' dir='ltr'><strong><em>Dijudieandi</em></strong></span> <span class='ocrx_word' id='word_1_341' title='bbox 2863 1989 2972 2042; x_wconf 87' lang='lat' dir='ltr'><strong><em>vim</em></strong></span> <span class='ocrx_word' id='word_1_342' title='bbox 3000 1988 3194 2057; x_wconf 65' lang='lat' dir='ltr'><strong><em>quaain</em></strong></span> <span class='ocrx_word' id='word_1_343' title='bbox 3224 1986 3380 2042; x_wconf 85' lang='lat' dir='ltr'><strong><em>vobis</em></strong></span> <span class='ocrx_word' id='word_1_344' title='bbox 3407 1994 3524 2042; x_wconf 82' lang='lat' dir='ltr'><strong><em>erat</em></strong></span> 
     </span>
    </p>
   </div>
   <div class='ocr_carea' id='block_1_49' title="bbox 1932 2079 3526 2151">
    <p class='ocr_par' dir='ltr' id='par_1_49' title="bbox 1932 2079 3526 2151">
     <span class='ocr_line' id='line_1_49' title="bbox 1932 2079 3526 2151; baseline -0.003 -15"><span class='ocrx_word' id='word_1_345' title='bbox 1932 2081 2282 2151; x_wconf 87' lang='lat' dir='ltr'><strong><em>corrupistis,</em></strong></span> <span class='ocrx_word' id='word_1_346' title='bbox 2323 2081 2528 2134; x_wconf 89' lang='lat' dir='ltr'><strong><em>nullam</em></strong></span> <span class='ocrx_word' id='word_1_347' title='bbox 2562 2080 2972 2150; x_wconf 73' lang='lat' dir='ltr'><strong><em>inquisitionem</em></strong></span> <span class='ocrx_word' id='word_1_348' title='bbox 3007 2080 3271 2135; x_wconf 81' lang='lat' dir='ltr'><strong><em>facientes</em></strong></span> <span class='ocrx_word' id='word_1_349' title='bbox 3302 2089 3423 2134; x_wconf 90' lang='lat' dir='ltr'><strong><em>uter</em></strong></span> <span class='ocrx_word' id='word_1_350' title='bbox 3452 2079 3526 2133; x_wconf 85' lang='lat' dir='ltr'><strong><em>sit</em></strong></span> 
     </span>
    </p>
   </div>
   <div class='ocr_carea' id='block_1_50' title="bbox 1933 2173 3521 2244">
    <p class='ocr_par' dir='ltr' id='par_1_50' title="bbox 1933 2173 3521 2244">
     <span class='ocr_line' id='line_1_50' title="bbox 1933 2173 3521 2244; baseline -0.003 -13"><span class='ocrx_word' id='word_1_351' title='bbox 1933 2174 2308 2240; x_wconf 88' lang='lat' dir='ltr'><strong><em>honorandus,</em></strong></span> <span class='ocrx_word' id='word_1_352' title='bbox 2355 2189 2633 2244; x_wconf 88' lang='lat' dir='ltr'><strong><em>pauperne</em></strong></span> <span class='ocrx_word' id='word_1_353' title='bbox 2681 2174 2884 2242; x_wconf 90' lang='lat' dir='ltr'><strong><em>probus</em></strong></span> <span class='ocrx_word' id='word_1_354' title='bbox 2925 2174 3040 2228; x_wconf 88' lang='lat' dir='ltr'><strong><em>sive</em></strong></span> <span class='ocrx_word' id='word_1_355' title='bbox 3079 2173 3412 2239; x_wconf 87' lang='lat' dir='ltr'><strong><em>industrius,</em></strong></span> <span class='ocrx_word' id='word_1_356' title='bbox 3451 2187 3521 2226; x_wconf 87' lang='lat' dir='ltr'><strong><em>an</em></strong></span> 
     </span>
    </p>
   </div>
   <div class='ocr_carea' id='block_1_51' title="bbox 1936 2265 3522 2339">
    <p class='ocr_par' dir='ltr' id='par_1_51' title="bbox 1936 2265 3522 2339">
     <span class='ocr_line' id='line_1_51' title="bbox 1936 2265 3522 2339; baseline -0.004 -15"><span class='ocrx_word' id='word_1_357' title='bbox 1936 2269 2092 2324; x_wconf 90' lang='lat' dir='ltr'><strong><em>dives</em></strong></span> <span class='ocrx_word' id='word_1_358' title='bbox 2125 2268 2311 2339; x_wconf 82' lang='lat' dir='ltr'><strong><em>segnis</em></strong></span> <span class='ocrx_word' id='word_1_359' title='bbox 2345 2278 2360 2320; x_wconf 87' lang='lat'><strong>:</strong></span> <span class='ocrx_word' id='word_1_360' title='bbox 2397 2267 2492 2322; x_wconf 92' lang='lat' dir='ltr'><strong><em>scd</em></strong></span> <span class='ocrx_word' id='word_1_361' title='bbox 2525 2267 2600 2320; x_wconf 88' lang='lat' dir='ltr'><strong><em>ita</em></strong></span> <span class='ocrx_word' id='word_1_362' title='bbox 2638 2267 2758 2322; x_wconf 91' lang='lat' dir='ltr'><strong><em>sine</em></strong></span> <span class='ocrx_word' id='word_1_363' title='bbox 2781 2265 2990 2336; x_wconf 87' lang='lat' dir='ltr'><strong><em>judicio</em></strong></span> <span class='ocrx_word' id='word_1_364' title='bbox 3021 2275 3076 2320; x_wconf 90' lang='lat' dir='ltr'><strong><em>et</em></strong></span> <span class='ocrx_word' id='word_1_365' title='bbox 3103 2280 3228 2319; x_wconf 90' lang='lat' dir='ltr'><strong><em>cum</em></strong></span> <span class='ocrx_word' id='word_1_366' title='bbox 3255 2279 3522 2335; x_wconf 87' lang='lat' dir='ltr'><strong><em>persona-</em></strong></span> 
     </span>
    </p>
   </div>
   <div class='ocr_carea' id='block_1_52' title="bbox 1935 2357 3527 2432">
    <p class='ocr_par' dir='ltr' id='par_1_52' title="bbox 1935 2357 3527 2432">
     <span class='ocr_line' id='line_1_52' title="bbox 1935 2357 3527 2432; baseline -0.003 -17"><span class='ocrx_word' id='word_1_367' title='bbox 1935 2377 2055 2416; x_wconf 89' lang='lat' dir='ltr'><strong><em>rum</em></strong></span> <span class='ocrx_word' id='word_1_368' title='bbox 2088 2370 2359 2432; x_wconf 86' lang='lat' dir='ltr'><strong><em>respectu,</em></strong></span> <span class='ocrx_word' id='word_1_369' title='bbox 2399 2361 2545 2416; x_wconf 88' lang='lat' dir='ltr'><strong><em>hunc</em></strong></span> <span class='ocrx_word' id='word_1_370' title='bbox 2583 2360 2803 2431; x_wconf 84' lang='lat' dir='ltr'><strong><em>quidem</em></strong></span> <span class='ocrx_word' id='word_1_371' title='bbox 2845 2368 3066 2429; x_wconf 74' lang='lat' dir='ltr'><strong><em>propter</em></strong></span> <span class='ocrx_word' id='word_1_372' title='bbox 3095 2358 3316 2414; x_wconf 85' lang='lat' dir='ltr'><strong><em>divitias</em></strong></span> <span class='ocrx_word' id='word_1_373' title='bbox 3349 2357 3527 2411; x_wconf 84' lang='lat' dir='ltr'><strong><em>bono-</em></strong></span> 
     </span>
    </p>
   </div>
   <div class='ocr_carea' id='block_1_53' title="bbox 1935 2449 3522 2524">
    <p class='ocr_par' dir='ltr' id='par_1_53' title="bbox 1935 2449 3522 2524">
     <span class='ocr_line' id='line_1_53' title="bbox 1935 2449 3522 2524; baseline -0.001 -19"><span class='ocrx_word' id='word_1_374' title='bbox 1935 2454 2123 2518; x_wconf 88' lang='lat' dir='ltr'><strong><em>rastis,</em></strong></span> <span class='ocrx_word' id='word_1_375' title='bbox 2154 2453 2310 2508; x_wconf 89' lang='lat' dir='ltr'><strong><em>illum</em></strong></span> <span class='ocrx_word' id='word_1_376' title='bbox 2346 2468 2475 2508; x_wconf 88' lang='lat' dir='ltr'><strong><em>vero</em></strong></span> <span class='ocrx_word' id='word_1_377' title='bbox 2510 2463 2735 2524; x_wconf 78' lang='lat' dir='ltr'><strong><em>promer</em></strong></span> <span class='ocrx_word' id='word_1_378' title='bbox 2766 2461 3146 2522; x_wconf 78' lang='lat' dir='ltr'><strong><em>paupertatem</em></strong></span> <span class='ocrx_word' id='word_1_379' title='bbox 3181 2449 3522 2518; x_wconf 87' lang='lat' dir='ltr'><strong><em>contemptui</em></strong></span> 
     </span>
    </p>
   </div>
   <div class='ocr_carea' id='block_1_54' title="bbox 1936 2541 3521 2614">
    <p class='ocr_par' dir='ltr' id='par_1_54' title="bbox 1936 2541 3521 2614">
     <span class='ocr_line' id='line_1_54' title="bbox 1936 2541 3521 2614; baseline -0.004 -13"><span class='ocrx_word' id='word_1_380' title='bbox 1936 2547 2227 2604; x_wconf 85' lang='lat' dir='ltr'><strong><em>habuistis.</em></strong></span> <span class='ocrx_word' id='word_1_381' title='bbox 2289 2566 2308 2599; x_wconf 83' lang='grc' dir='ltr'><strong>ι</strong></span> <span class='ocrx_word' id='word_1_382' title='bbox 2356 2548 2424 2601; x_wconf 87' lang='grc' dir='ltr'><strong><em>Ει</em></strong></span> <span class='ocrx_word' id='word_1_383' title='bbox 2486 2545 2614 2601; x_wconf 82' lang='lat' dir='ltr'><strong><em>facti</em></strong></span> <span class='ocrx_word' id='word_1_384' title='bbox 2678 2544 2813 2600; x_wconf 90' lang='lat' dir='ltr'><strong><em>estis</em></strong></span> <span class='ocrx_word' id='word_1_385' title='bbox 2867 2543 3080 2614; x_wconf 85' lang='lat' dir='ltr'><strong><em>judices</em></strong></span> <span class='ocrx_word' id='word_1_386' title='bbox 3128 2541 3521 2613; x_wconf 82' lang='lat' dir='ltr'><strong><em>cogitationum</em></strong></span> 
     </span>
    </p>
   </div>
   <div class='ocr_carea' id='block_1_55' title="bbox 1935 2633 3523 2708">
    <p class='ocr_par' dir='ltr' id='par_1_55' title="bbox 1935 2633 3523 2708">
     <span class='ocr_line' id='line_1_55' title="bbox 1935 2633 3523 2708; baseline -0.006 -11"><span class='ocrx_word' id='word_1_387' title='bbox 1935 2642 2222 2697; x_wconf 87' lang='lat' dir='ltr'><strong><em>malarum.</em></strong></span> <span class='ocrx_word' id='word_1_388' title='bbox 2260 2659 2281 2692; x_wconf 70' lang='grc' dir='ltr'><em>ι</em></span> <span class='ocrx_word' id='word_1_389' title='bbox 2325 2639 2442 2695; x_wconf 87' lang='lat' dir='ltr'><strong><em>Hoc</em></strong></span> <span class='ocrx_word' id='word_1_390' title='bbox 2471 2647 2574 2704; x_wconf 88' lang='lat' dir='ltr'><strong><em>est,</em></strong></span> <span class='ocrx_word' id='word_1_391' title='bbox 2611 2637 2796 2708; x_wconf 86' lang='lat' dir='ltr'><strong><em>injusti</em></strong></span> <span class='ocrx_word' id='word_1_392' title='bbox 2833 2636 3068 2708; x_wconf 88' lang='lat' dir='ltr'><strong><em>judices,</em></strong></span> <span class='ocrx_word' id='word_1_393' title='bbox 3101 2634 3307 2688; x_wconf 80' lang='lat' dir='ltr'><strong><em>malitia</em></strong></span> <span class='ocrx_word' id='word_1_394' title='bbox 3340 2633 3523 2688; x_wconf 74' lang='lat' dir='ltr'><strong><em>allecti</em></strong></span> 
     </span>
    </p>
   </div>
   <div class='ocr_carea' id='block_1_56' title="bbox 1935 2727 3525 2804">
    <p class='ocr_par' dir='ltr' id='par_1_56' title="bbox 1935 2727 3525 2804">
     <span class='ocr_line' id='line_1_56' title="bbox 1935 2727 3525 2804; baseline -0.007 -14"><span class='ocrx_word' id='word_1_395' title='bbox 1935 2750 2002 2790; x_wconf 83' lang='lat' dir='ltr'><strong><em>ex</em></strong></span> <span class='ocrx_word' id='word_1_396' title='bbox 2042 2748 2400 2804; x_wconf 86' lang='lat' dir='ltr'><strong><em>personarum</em></strong></span> <span class='ocrx_word' id='word_1_397' title='bbox 2450 2740 2730 2801; x_wconf 84' lang='lat' dir='ltr'><strong><em>respectu.</em></strong></span> <span class='ocrx_word' id='word_1_398' title='bbox 2785 2729 2899 2785; x_wconf 87' lang='lat' dir='ltr'><strong><em>Hoc</em></strong></span> <span class='ocrx_word' id='word_1_399' title='bbox 2940 2729 3059 2783; x_wconf 88' lang='lat' dir='ltr'><strong><em>loco</em></strong></span> <span class='ocrx_word' id='word_1_400' title='bbox 3102 2727 3347 2782; x_wconf 87' lang='lat' dir='ltr'><strong><em>abundat</em></strong></span> <span class='ocrx_word' id='word_1_401' title='bbox 3389 2741 3525 2780; x_wconf 90' lang='lat' dir='ltr'><strong><em>con-</em></strong></span> 
     </span>
    </p>
   </div>
   <div class='ocr_carea' id='block_1_57' title="bbox 1932 2820 3527 2897">
    <p class='ocr_par' dir='ltr' id='par_1_57' title="bbox 1932 2820 3527 2897">
     <span class='ocr_line' id='line_1_57' title="bbox 1932 2820 3527 2897; baseline -0.004 -18"><span class='ocrx_word' id='word_1_402' title='bbox 1932 2825 2145 2897; x_wconf 84' lang='lat' dir='ltr'><strong><em>junctio</em></strong></span> <span class='ocrx_word' id='word_1_403' title='bbox 2168 2825 2284 2889; x_wconf 70' lang='grc' dir='ltr'><em>καὶ,</em></span> <span class='ocrx_word' id='word_1_404' title='bbox 2317 2823 2371 2879; x_wconf 88' lang='lat' dir='ltr'><strong><em>id</em></strong></span> <span class='ocrx_word' id='word_1_405' title='bbox 2397 2831 2499 2890; x_wconf 85' lang='lat' dir='ltr'><strong><em>est,</em></strong></span> <span class='ocrx_word' id='word_1_406' title='bbox 2531 2832 2606 2888; x_wconf 89' lang='lat' dir='ltr'><strong><em>et,</em></strong></span> <span class='ocrx_word' id='word_1_407' title='bbox 2637 2822 2779 2878; x_wconf 88' lang='lat' dir='ltr'><strong><em>sicut</em></strong></span> <span class='ocrx_word' id='word_1_408' title='bbox 2812 2820 3019 2876; x_wconf 90' lang='lat' dir='ltr'><strong><em>dictum</em></strong></span> <span class='ocrx_word' id='word_1_409' title='bbox 3055 2829 3160 2884; x_wconf 89' lang='lat' dir='ltr'><strong><em>est,</em></strong></span> <span class='ocrx_word' id='word_1_410' title='bbox 3194 2834 3260 2873; x_wconf 83' lang='lat' dir='ltr'><strong><em>ex</em></strong></span> <span class='ocrx_word' id='word_1_411' title='bbox 3297 2834 3396 2874; x_wconf 92' lang='lat' dir='ltr'><strong><em>usu</em></strong></span> <span class='ocrx_word' id='word_1_412' title='bbox 3431 2833 3527 2873; x_wconf 89' lang='lat' dir='ltr'><strong><em>ve-</em></strong></span> 
     </span>
    </p>
   </div>
   <div class='ocr_carea' id='block_1_58' title="bbox 1936 2915 3526 2994">
    <p class='ocr_par' dir='ltr' id='par_1_58' title="bbox 1936 2915 3526 2994">
     <span class='ocr_line' id='line_1_58' title="bbox 1936 2915 3526 2994; baseline -0.005 -17"><span class='ocrx_word' id='word_1_413' title='bbox 1936 2923 2070 2977; x_wconf 88' lang='lat' dir='ltr'><strong><em>teris</em></strong></span> <span class='ocrx_word' id='word_1_414' title='bbox 2104 2921 2342 2994; x_wconf 82' lang='lat' dir='ltr'><strong><em>phrasis.</em></strong></span> <span class='ocrx_word' id='word_1_415' title='bbox 2373 2919 2510 2976; x_wconf 88' lang='lat' dir='ltr'><strong><em>Cum</em></strong></span> <span class='ocrx_word' id='word_1_416' title='bbox 2537 2921 2684 2974; x_wconf 91' lang='lat' dir='ltr'><strong><em>enim</em></strong></span> <span class='ocrx_word' id='word_1_417' title='bbox 2717 2919 2788 2972; x_wconf 91' lang='lat' dir='ltr'><strong><em>sit</em></strong></span> <span class='ocrx_word' id='word_1_418' title='bbox 2817 2919 2906 2972; x_wconf 91' lang='lat' dir='ltr'><strong><em>hic</em></strong></span> <span class='ocrx_word' id='word_1_419' title='bbox 2935 2917 3206 2973; x_wconf 87' lang='lat' dir='ltr'><strong><em>sermonis</em></strong></span> <span class='ocrx_word' id='word_1_420' title='bbox 3237 2915 3526 2986; x_wconf 85' lang='lat' dir='ltr'><strong><em>responsio</em></strong></span> 
     </span>
    </p>
   </div>
   <div class='ocr_carea' id='block_1_59' title="bbox 1935 3004 3529 3082">
    <p class='ocr_par' dir='ltr' id='par_1_59' title="bbox 1935 3004 3529 3082">
     <span class='ocr_line' id='line_1_59' title="bbox 1935 3004 3529 3082; baseline -0.005 -14"><span class='ocrx_word' id='word_1_421' title='bbox 1935 3013 2002 3068; x_wconf 90' lang='lat' dir='ltr'><strong><em>ad</em></strong></span> <span class='ocrx_word' id='word_1_422' title='bbox 2036 3013 2091 3066; x_wconf 90' lang='lat' dir='ltr'><strong><em>id</em></strong></span> <span class='ocrx_word' id='word_1_423' title='bbox 2119 3012 2266 3082; x_wconf 88' lang='lat' dir='ltr'><strong><em>quod</em></strong></span> <span class='ocrx_word' id='word_1_424' title='bbox 2303 3009 2604 3079; x_wconf 68' lang='lat' dir='ltr'><strong><em>praacessit,</em></strong></span> <span class='ocrx_word' id='word_1_425' title='bbox 2633 3006 2907 3078; x_wconf 83' lang='lat' dir='ltr'><strong><em>superﬂua</em></strong></span> <span class='ocrx_word' id='word_1_426' title='bbox 2945 3017 3030 3061; x_wconf 88' lang='lat' dir='ltr'><strong><em>est</em></strong></span> <span class='ocrx_word' id='word_1_427' title='bbox 3062 3005 3394 3076; x_wconf 85' lang='lat' dir='ltr'><strong><em>conjunctio.</em></strong></span> <span class='ocrx_word' id='word_1_428' title='bbox 3429 3004 3529 3060; x_wconf 73' lang='lat' dir='ltr'><strong><em>Est</em></strong></span> 
     </span>
    </p>
   </div>
   <div class='ocr_carea' id='block_1_60' title="bbox 1936 3094 3526 3166">
    <p class='ocr_par' dir='ltr' id='par_1_60' title="bbox 1936 3094 3526 3166">
     <span class='ocr_line' id='line_1_60' title="bbox 1936 3094 3526 3166; baseline -0.006 -9"><span class='ocrx_word' id='word_1_429' title='bbox 1936 3102 2082 3157; x_wconf 87' lang='lat' dir='ltr'><strong><em>enim</em></strong></span> <span class='ocrx_word' id='word_1_430' title='bbox 2116 3103 2190 3155; x_wconf 85' lang='lat' dir='ltr'><strong><em>ita</em></strong></span> <span class='ocrx_word' id='word_1_431' title='bbox 2220 3099 2530 3156; x_wconf 88' lang='lat' dir='ltr'><strong><em>ordinanda</em></strong></span> <span class='ocrx_word' id='word_1_432' title='bbox 2564 3097 2838 3154; x_wconf 88' lang='lat' dir='ltr'><strong><em>sententia</em></strong></span> <span class='ocrx_word' id='word_1_433' title='bbox 2877 3115 2888 3148; x_wconf 91' lang='lat'><strong>:</strong></span> <span class='ocrx_word' id='word_1_434' title='bbox 2931 3096 3066 3150; x_wconf 89' lang='lat' dir='ltr'><strong><em>Nam</em></strong></span> <span class='ocrx_word' id='word_1_435' title='bbox 3108 3095 3152 3150; x_wconf 91' lang='lat' dir='ltr'><strong><em>si</em></strong></span> <span class='ocrx_word' id='word_1_436' title='bbox 3185 3094 3526 3166; x_wconf 78' lang='lat' dir='ltr'><strong><em>ingrediatur</em></strong></span> 
     </span>
    </p>
   </div>
   <div class='ocr_carea' id='block_1_61' title="bbox 241 3182 1832 3268">
    <p class='ocr_par' dir='ltr' id='par_1_61' title="bbox 241 3182 1828 3262">
     <span class='ocr_line' id='line_1_61' title="bbox 241 3182 1828 3262; baseline -0.006 -19"><span class='ocrx_word' id='word_1_437' title='bbox 241 3190 489 3261; x_wconf 77' lang='grc' dir='ltr'><strong><em>λαμπρᾷ,</em></strong></span> <span class='ocrx_word' id='word_1_438' title='bbox 513 3189 732 3262; x_wconf 77' lang='grc' dir='ltr'><em>εἰσέλθῃ</em></span> <span class='ocrx_word' id='word_1_439' title='bbox 754 3189 810 3242; x_wconf 83' lang='grc' dir='ltr'>δὲ</span> <span class='ocrx_word' id='word_1_440' title='bbox 835 3190 927 3241; x_wconf 77' lang='grc' dir='ltr'><em>καὶ</em></span> <span class='ocrx_word' id='word_1_441' title='bbox 960 3187 1177 3258; x_wconf 72' lang='grc' dir='ltr'><em>πτωχὸς</em></span> <span class='ocrx_word' id='word_1_442' title='bbox 1219 3187 1277 3239; x_wconf 80' lang='grc' dir='ltr'><strong><em>ἐν</em></strong></span> <span class='ocrx_word' id='word_1_443' title='bbox 1329 3185 1554 3257; x_wconf 79' lang='grc' dir='ltr'>ῥυπαρᾷ</span> <span class='ocrx_word' id='word_1_444' title='bbox 1619 3182 1828 3252; x_wconf 77' lang='grc' dir='ltr'><em>ἐσθῆτι,</em></span> 
     </span>
    </p>
   </div>
   <div class='ocr_carea' id='block_1_62' title="bbox 1940 3182 3523 3268">
    <p class='ocr_par' dir='ltr' id='par_1_62' title="bbox 1940 3185 3523 3258">
     <span class='ocr_line' id='line_1_62' title="bbox 1940 3185 3523 3258; baseline -0.008 -8"><span class='ocrx_word' id='word_1_445' title='bbox 1940 3197 1994 3250; x_wconf 89' lang='lat' dir='ltr'><strong><em>in</em></strong></span> <span class='ocrx_word' id='word_1_446' title='bbox 2036 3204 2236 3250; x_wconf 78' lang='lat' dir='ltr'><strong><em>ccetum</em></strong></span> <span class='ocrx_word' id='word_1_447' title='bbox 2282 3197 2524 3248; x_wconf 85' lang='lat' dir='ltr'><strong><em>vestrum</em></strong></span> <span class='ocrx_word' id='word_1_448' title='bbox 2571 3189 2656 3246; x_wconf 82' lang='lat' dir='ltr'><strong><em>vir</em></strong></span> <span class='ocrx_word' id='word_1_449' title='bbox 2690 3203 2918 3243; x_wconf 85' lang='lat' dir='ltr'><strong><em>aureum</em></strong></span> <span class='ocrx_word' id='word_1_450' title='bbox 2965 3195 3186 3258; x_wconf 75' lang='lat' dir='ltr'><strong><em>gestans</em></strong></span> <span class='ocrx_word' id='word_1_451' title='bbox 3235 3185 3523 3250; x_wconf 89' lang='lat' dir='ltr'><strong><em>annulum,</em></strong></span> 
     </span>
    </p>
   </div>
   <div class='ocr_carea' id='block_1_63' title="bbox 241 3275 1828 3352">
    <p class='ocr_par' dir='ltr' id='par_1_63' title="bbox 241 3275 1828 3352">
     <span class='ocr_line' id='line_1_63' title="bbox 241 3275 1828 3352; baseline -0.006 -16"><span class='ocrx_word' id='word_1_452' title='bbox 241 3283 334 3336; x_wconf 75' lang='grc' dir='ltr'><em>καὶ</em></span> <span class='ocrx_word' id='word_1_453' title='bbox 379 3282 533 3350; x_wconf 77' lang='grc' dir='ltr'><em>ἑξῆς,</em></span> <span class='ocrx_word' id='word_1_454' title='bbox 565 3282 627 3335; x_wconf 80' lang='grc' dir='ltr'>οὐ</span> <span class='ocrx_word' id='word_1_455' title='bbox 661 3279 970 3352; x_wconf 83' lang='grc' dir='ltr'><em>διεκρίθητε</em></span> <span class='ocrx_word' id='word_1_456' title='bbox 1004 3283 1063 3334; x_wconf 80' lang='grc' dir='ltr'><strong><em>ὲν</em></strong></span> <span class='ocrx_word' id='word_1_457' title='bbox 1126 3280 1338 3343; x_wconf 83' lang='grc' dir='ltr'><strong><em>ἑαυτοῖς</em></strong></span> <span class='ocrx_word' id='word_1_458' title='bbox 1361 3317 1376 3344; x_wconf 89' lang='grc'><strong><em>,</em></strong></span> <span class='ocrx_word' id='word_1_459' title='bbox 1427 3277 1524 3332; x_wconf 74' lang='grc' dir='ltr'><em>καὶ</em></span> <span class='ocrx_word' id='word_1_460' title='bbox 1575 3275 1828 3346; x_wconf 77' lang='grc' dir='ltr'><em>ἐγένεσθε</em></span> 
     </span>
    </p>
   </div>
   <div class='ocr_carea' id='block_1_64' title="bbox 245 3370 1833 3445">
    <p class='ocr_par' dir='ltr' id='par_1_64' title="bbox 245 3370 1833 3445">
     <span class='ocr_line' id='line_1_64' title="bbox 245 3370 1833 3445; baseline -0.004 -17"><span class='ocrx_word' id='word_1_461' title='bbox 245 3377 426 3445; x_wconf 75' lang='grc' dir='ltr'><em>κριταὶ</em></span> <span class='ocrx_word' id='word_1_462' title='bbox 457 3373 830 3445; x_wconf 77' lang='grc' dir='ltr'><strong><em>διαλογισμῶν</em></strong></span> <span class='ocrx_word' id='word_1_463' title='bbox 859 3372 1136 3444; x_wconf 85' lang='grc' dir='ltr'><strong><em>πονηρῶν·</em></strong></span> <span class='ocrx_word' id='word_1_464' title='bbox 1167 3373 1435 3436; x_wconf 79' lang='grc' dir='ltr'><em>τουτέστι,</em></span> <span class='ocrx_word' id='word_1_465' title='bbox 1461 3371 1535 3424; x_wconf 89' lang='grc' dir='ltr'>Τὸ</span> <span class='ocrx_word' id='word_1_466' title='bbox 1563 3370 1833 3440; x_wconf 85' lang='grc' dir='ltr'><em>διακριτι-</em></span> 
     </span>
    </p>
   </div>
   <div class='ocr_carea' id='block_1_65' title="bbox 244 3462 1831 3540">
    <p class='ocr_par' dir='ltr' id='par_1_65' title="bbox 244 3462 1831 3540">
     <span class='ocr_line' id='line_1_65' title="bbox 244 3462 1831 3540; baseline -0.004 -18"><span class='ocrx_word' id='word_1_467' title='bbox 244 3470 336 3523; x_wconf 67' lang='grc' dir='ltr'><em>κὸν</em></span> <span class='ocrx_word' id='word_1_468' title='bbox 382 3468 540 3539; x_wconf 84' lang='grc' dir='ltr'>ὑμῶν</span> <span class='ocrx_word' id='word_1_469' title='bbox 595 3467 1031 3540; x_wconf 74' lang='grc' dir='ltr'><em>διαφθείραντες,</em></span> <span class='ocrx_word' id='word_1_470' title='bbox 1073 3467 1336 3536; x_wconf 79' lang='grc' dir='ltr'><em>γεγόνατε</em></span> <span class='ocrx_word' id='word_1_471' title='bbox 1367 3468 1424 3520; x_wconf 79' lang='grc' dir='ltr'><strong><em>ἐν</em></strong></span> <span class='ocrx_word' id='word_1_472' title='bbox 1469 3465 1669 3536; x_wconf 76' lang='grc' dir='ltr'>ἐκλογῇ</span> <span class='ocrx_word' id='word_1_473' title='bbox 1721 3462 1831 3516; x_wconf 87' lang='grc' dir='ltr'>τῶν</span> 
     </span>
    </p>
   </div>
   <div class='ocr_carea' id='block_1_66' title="bbox 243 3543 1833 3633">
    <p class='ocr_par' dir='ltr' id='par_1_66' title="bbox 243 3543 1833 3633">
     <span class='ocr_line' id='line_1_66' title="bbox 243 3543 1833 3633; baseline -0.002 -17"><span class='ocrx_word' id='word_1_474' title='bbox 243 3562 500 3633; x_wconf 85' lang='grc' dir='ltr'>πονηρῶν</span> <span class='ocrx_word' id='word_1_475' title='bbox 543 3543 933 3633; x_wconf 81' lang='grc' dir='ltr'>διαλογισμῶν,</span> <span class='ocrx_word' id='word_1_476' title='bbox 984 3562 1078 3615; x_wconf 84' lang='grc' dir='ltr'><strong><em>τὸν</em></strong></span> <span class='ocrx_word' id='word_1_477' title='bbox 1114 3561 1215 3633; x_wconf 80' lang='grc' dir='ltr'><strong><em>μὲν</em></strong></span> <span class='ocrx_word' id='word_1_478' title='bbox 1264 3562 1629 3632; x_wconf 83' lang='grc' dir='ltr'><em>τιμήσαντες,</em></span> <span class='ocrx_word' id='word_1_479' title='bbox 1663 3560 1754 3614; x_wconf 77' lang='grc' dir='ltr'><strong><em>τὸν</em></strong></span> <span class='ocrx_word' id='word_1_480' title='bbox 1775 3559 1833 3614; x_wconf 81' lang='grc' dir='ltr'><strong><em>δὲ</em></strong></span> 
     </span>
    </p>
   </div>
   <div class='ocr_carea' id='block_1_67' title="bbox 245 3653 1832 3726">
    <p class='ocr_par' dir='ltr' id='par_1_67' title="bbox 245 3653 1832 3726">
     <span class='ocr_line' id='line_1_67' title="bbox 245 3653 1832 3726; baseline -0.001 -18"><span class='ocrx_word' id='word_1_481' title='bbox 245 3655 632 3726; x_wconf 73' lang='grc' dir='ltr'><em>ἀτιμήσαντες,</em></span> <span class='ocrx_word' id='word_1_482' title='bbox 658 3654 836 3709; x_wconf 84' lang='grc' dir='ltr'><em>καίτοι</em></span> <span class='ocrx_word' id='word_1_483' title='bbox 863 3655 963 3724; x_wconf 80' lang='grc' dir='ltr'><em>τῆς</em></span> <span class='ocrx_word' id='word_1_484' title='bbox 1003 3653 1220 3724; x_wconf 79' lang='grc' dir='ltr'><em>φύσεως</em></span> <span class='ocrx_word' id='word_1_485' title='bbox 1255 3653 1356 3725; x_wconf 81' lang='grc' dir='ltr'><em>τῆς</em></span> <span class='ocrx_word' id='word_1_486' title='bbox 1395 3655 1566 3725; x_wconf 77' lang='grc' dir='ltr'><em>αὐτῆς</em></span> <span class='ocrx_word' id='word_1_487' title='bbox 1589 3654 1832 3724; x_wconf 76' lang='grc' dir='ltr'><em>ἐνυπαρ-</em></span> 
     </span>
    </p>
   </div>
   <div class='ocr_carea' id='block_1_68' title="bbox 249 3748 833 3821">
    <p class='ocr_par' dir='ltr' id='par_1_68' title="bbox 249 3748 833 3821">
     <span class='ocr_line' id='line_1_68' title="bbox 249 3748 833 3821; baseline 0.005 -21"><span class='ocrx_word' id='word_1_488' title='bbox 249 3748 337 3818; x_wconf 86' lang='grc' dir='ltr'><strong><em>χού</em></strong></span> <span class='ocrx_word' id='word_1_489' title='bbox 346 3765 446 3820; x_wconf 76' lang='grc' dir='ltr'><strong><em>σης</em></strong></span> <span class='ocrx_word' id='word_1_490' title='bbox 475 3749 833 3821; x_wconf 80' lang='grc' dir='ltr'><strong><em>ἀμφοτέροις.</em></strong></span> 
     </span>
    </p>
   </div>
   <div class='ocr_carea' id='block_1_69' title="bbox 326 3923 1836 3996">
    <p class='ocr_par' dir='ltr' id='par_1_69' title="bbox 326 3923 1836 3996">
     <span class='ocr_line' id='line_1_69' title="bbox 326 3923 1836 3996; baseline -0.005 -12"><span class='ocrx_word' id='word_1_491' title='bbox 326 3928 680 3991; x_wconf 82' lang='grc' dir='ltr'><em>Ἀκούσατε,</em></span> <span class='ocrx_word' id='word_1_492' title='bbox 703 3926 959 3995; x_wconf 68' lang='grc' dir='ltr'><em>ἀδελφοί</em></span> <span class='ocrx_word' id='word_1_493' title='bbox 981 3943 1100 3996; x_wconf 86' lang='grc' dir='ltr'><strong><em>μου</em></strong></span> <span class='ocrx_word' id='word_1_494' title='bbox 1133 3925 1449 3996; x_wconf 70' lang='grc' dir='ltr'><em>ἀγαπητοί.</em></span> <span class='ocrx_word' id='word_1_495' title='bbox 1489 3926 1611 3993; x_wconf 83' lang='grc' dir='ltr'><strong><em>Οὐχ</em></strong></span> <span class='ocrx_word' id='word_1_496' title='bbox 1639 3927 1672 3980; x_wconf 86' lang='grc' dir='ltr'><strong><em>ό</em></strong></span> <span class='ocrx_word' id='word_1_497' title='bbox 1691 3923 1836 3990; x_wconf 82' lang='grc' dir='ltr'><em>Θεὸς</em></span> 
     </span>
    </p>
   </div>
   <div class='ocr_carea' id='block_1_70' title="bbox 250 4019 1836 4091">
    <p class='ocr_par' dir='ltr' id='par_1_70' title="bbox 250 4019 1836 4091">
     <span class='ocr_line' id='line_1_70' title="bbox 250 4019 1836 4091; baseline -0.003 -15"><span class='ocrx_word' id='word_1_498' title='bbox 250 4022 569 4087; x_wconf 65' lang='grc' dir='ltr'><em>ἐξελέξατο</em></span> <span class='ocrx_word' id='word_1_499' title='bbox 617 4021 760 4088; x_wconf 83' lang='grc' dir='ltr'><em>τοὺς</em></span> <span class='ocrx_word' id='word_1_500' title='bbox 819 4020 1093 4091; x_wconf 80' lang='grc' dir='ltr'><em>πτωχοὺς</em></span> <span class='ocrx_word' id='word_1_501' title='bbox 1142 4020 1251 4074; x_wconf 91' lang='grc' dir='ltr'><strong><em>τοῦ</em></strong></span> <span class='ocrx_word' id='word_1_502' title='bbox 1313 4021 1547 4089; x_wconf 83' lang='grc' dir='ltr'><em>κόσμου</em></span> <span class='ocrx_word' id='word_1_503' title='bbox 1599 4019 1836 4084; x_wconf 81' lang='grc' dir='ltr'><em>τούτου,</em></span> 
     </span>
    </p>
   </div>
   <div class='ocr_carea' id='block_1_71' title="bbox 251 4111 1836 4182">
    <p class='ocr_par' dir='ltr' id='par_1_71' title="bbox 251 4111 1836 4182">
     <span class='ocr_line' id='line_1_71' title="bbox 251 4111 1836 4182; baseline -0.004 -14"><span class='ocrx_word' id='word_1_504' title='bbox 251 4115 585 4179; x_wconf 68' lang='grc' dir='ltr'><em>πλουσίους</em></span> <span class='ocrx_word' id='word_1_505' title='bbox 616 4113 688 4168; x_wconf 83' lang='grc' dir='ltr'><strong><em>ἐν</em></strong></span> <span class='ocrx_word' id='word_1_506' title='bbox 719 4113 940 4174; x_wconf 79' lang='grc' dir='ltr'><em>πίστει,</em></span> <span class='ocrx_word' id='word_1_507' title='bbox 967 4111 1067 4166; x_wconf 77' lang='grc' dir='ltr'><em>καὶ</em></span> <span class='ocrx_word' id='word_1_508' title='bbox 1120 4113 1538 4182; x_wconf 76' lang='grc' dir='ltr'><em>κληρονόμους</em></span> <span class='ocrx_word' id='word_1_509' title='bbox 1569 4111 1680 4180; x_wconf 80' lang='grc' dir='ltr'><em>τῆς</em></span> <span class='ocrx_word' id='word_1_510' title='bbox 1717 4111 1836 4174; x_wconf 75' lang='grc' dir='ltr'><strong><em>,βα-</em></strong></span> 
     </span>
    </p>
   </div>
   <div class='ocr_carea' id='block_1_72' title="bbox 253 4202 1840 4277">
    <p class='ocr_par' dir='ltr' id='par_1_72' title="bbox 253 4202 1840 4277">
     <span class='ocr_line' id='line_1_72' title="bbox 253 4202 1840 4277; baseline -0.004 -16"><span class='ocrx_word' id='word_1_511' title='bbox 253 4207 502 4273; x_wconf 69' lang='grc' dir='ltr'><em>σιλείας,</em></span> <span class='ocrx_word' id='word_1_512' title='bbox 535 4202 612 4277; x_wconf 84' lang='grc' dir='ltr'><em>ἧς</em></span> <span class='ocrx_word' id='word_1_513' title='bbox 639 4205 1038 4276; x_wconf 73' lang='grc' dir='ltr'><strong><em>ἐπηγγείλατο</em></strong></span> <span class='ocrx_word' id='word_1_514' title='bbox 1071 4204 1194 4270; x_wconf 83' lang='grc' dir='ltr'><em>τοῖς</em></span> <span class='ocrx_word' id='word_1_515' title='bbox 1245 4202 1562 4274; x_wconf 78' lang='grc' dir='ltr'><em>ἀγαπῶσιν</em></span> <span class='ocrx_word' id='word_1_516' title='bbox 1612 4203 1840 4263; x_wconf 69' lang='lat' dir='ltr'><strong><em>avi-6r;</em></strong></span> 
     </span>
    </p>
   </div>
   <div class='ocr_carea' id='block_1_73' title="bbox 264 4292 1840 4366">
    <p class='ocr_par' dir='ltr' id='par_1_73' title="bbox 264 4292 1840 4366">
     <span class='ocr_line' id='line_1_73' title="bbox 264 4292 1840 4366; baseline -0.004 -15"><span class='ocrx_word' id='word_1_517' title='bbox 264 4296 456 4366; x_wconf 77' lang='grc' dir='ltr'><em>Ὑμεῖς</em></span> <span class='ocrx_word' id='word_1_518' title='bbox 482 4296 553 4350; x_wconf 82' lang='grc' dir='ltr'><strong><em>δὲ</em></strong></span> <span class='ocrx_word' id='word_1_519' title='bbox 585 4295 918 4364; x_wconf 76' lang='grc' dir='ltr'><em>ἠτιμήσατε</em></span> <span class='ocrx_word' id='word_1_520' title='bbox 941 4293 1052 4348; x_wconf 84' lang='grc' dir='ltr'><em>τὸν</em></span> <span class='ocrx_word' id='word_1_521' title='bbox 1104 4293 1366 4361; x_wconf 84' lang='grc' dir='ltr'><em>πτωχόν.</em></span> <span class='ocrx_word' id='word_1_522' title='bbox 1404 4293 1532 4361; x_wconf 83' lang='grc' dir='ltr'><strong><em>οὐχ</em></strong></span> <span class='ocrx_word' id='word_1_523' title='bbox 1565 4294 1618 4344; x_wconf 81' lang='grc' dir='ltr'><em>οὶ</em></span> <span class='ocrx_word' id='word_1_524' title='bbox 1648 4292 1840 4345; x_wconf 82' lang='grc' dir='ltr'><em>πλού-</em></span> 
     </span>
    </p>
   </div>
   <div class='ocr_carea' id='block_1_74' title="bbox 1932 3279 3524 3354">
    <p class='ocr_par' dir='ltr' id='par_1_74' title="bbox 1932 3279 3524 3354">
     <span class='ocr_line' id='line_1_74' title="bbox 1932 3279 3524 3354; baseline -0.006 -14"><span class='ocrx_word' id='word_1_525' title='bbox 1932 3295 2086 3342; x_wconf 86' lang='lat' dir='ltr'><strong><em>veste</em></strong></span> <span class='ocrx_word' id='word_1_526' title='bbox 2118 3285 2344 3340; x_wconf 88' lang='lat' dir='ltr'><strong><em>indutus</em></strong></span> <span class='ocrx_word' id='word_1_527' title='bbox 2369 3281 2676 3354; x_wconf 88' lang='lat' dir='ltr'><strong><em>splendida,</em></strong></span> <span class='ocrx_word' id='word_1_528' title='bbox 2712 3279 3054 3351; x_wconf 81' lang='lat' dir='ltr'><strong><em>ingrediatur</em></strong></span> <span class='ocrx_word' id='word_1_529' title='bbox 3085 3285 3269 3332; x_wconf 89' lang='lat' dir='ltr'><strong><em>autem</em></strong></span> <span class='ocrx_word' id='word_1_530' title='bbox 3300 3288 3352 3332; x_wconf 89' lang='lat' dir='ltr'><strong><em>et</em></strong></span> <span class='ocrx_word' id='word_1_531' title='bbox 3384 3293 3524 3347; x_wconf 84' lang='lat' dir='ltr'><strong><em>pau-</em></strong></span> 
     </span>
    </p>
   </div>
   <div class='ocr_carea' id='block_1_75' title="bbox 1933 3371 3525 3451">
    <p class='ocr_par' dir='ltr' id='par_1_75' title="bbox 1933 3371 3525 3451">
     <span class='ocr_line' id='line_1_75' title="bbox 1933 3371 3525 3451; baseline -0.006 -16"><span class='ocrx_word' id='word_1_532' title='bbox 1933 3396 2032 3451; x_wconf 88' lang='lat' dir='ltr'><strong><em>per</em></strong></span> <span class='ocrx_word' id='word_1_533' title='bbox 2062 3380 2117 3434; x_wconf 91' lang='lat' dir='ltr'><strong><em>in</em></strong></span> <span class='ocrx_word' id='word_1_534' title='bbox 2157 3377 2378 3435; x_wconf 85' lang='lat' dir='ltr'><strong><em>sordida</em></strong></span> <span class='ocrx_word' id='word_1_535' title='bbox 2422 3385 2599 3442; x_wconf 84' lang='lat' dir='ltr'><strong><em>veste,</em></strong></span> <span class='ocrx_word' id='word_1_536' title='bbox 2631 3382 2764 3438; x_wconf 86' lang='lat' dir='ltr'><strong><em>etc.,</em></strong></span> <span class='ocrx_word' id='word_1_537' title='bbox 2808 3388 2920 3427; x_wconf 85' lang='lat' dir='ltr'><strong><em>non</em></strong></span> <span class='ocrx_word' id='word_1_538' title='bbox 2955 3371 3301 3442; x_wconf 80' lang='lat' dir='ltr'><strong><em>dijudicastis</em></strong></span> <span class='ocrx_word' id='word_1_539' title='bbox 3335 3371 3392 3426; x_wconf 90' lang='lat' dir='ltr'><strong><em>in</em></strong></span> <span class='ocrx_word' id='word_1_540' title='bbox 3426 3387 3525 3426; x_wconf 81' lang='lat' dir='ltr'><strong><em>vo-</em></strong></span> 
     </span>
    </p>
   </div>
   <div class='ocr_carea' id='block_1_76' title="bbox 1933 3463 3527 3543">
    <p class='ocr_par' dir='ltr' id='par_1_76' title="bbox 1933 3463 3527 3543">
     <span class='ocr_line' id='line_1_76' title="bbox 1933 3463 3527 3543; baseline -0.008 -15"><span class='ocrx_word' id='word_1_541' title='bbox 1933 3471 2158 3543; x_wconf 78' lang='lat' dir='ltr'><strong><em>bisipsis</em></strong></span> <span class='ocrx_word' id='word_1_542' title='bbox 2193 3480 2249 3526; x_wconf 91' lang='lat' dir='ltr'><strong><em>et</em></strong></span> <span class='ocrx_word' id='word_1_543' title='bbox 2308 3469 2435 3524; x_wconf 80' lang='lat' dir='ltr'><strong><em>facti</em></strong></span> <span class='ocrx_word' id='word_1_544' title='bbox 2480 3468 2614 3524; x_wconf 89' lang='lat' dir='ltr'><strong><em>estis</em></strong></span> <span class='ocrx_word' id='word_1_545' title='bbox 2647 3466 2863 3537; x_wconf 75' lang='lat' dir='ltr'><strong><em>iudices</em></strong></span> <span class='ocrx_word' id='word_1_546' title='bbox 2909 3465 3304 3536; x_wconf 80' lang='lat' dir='ltr'><strong><em>cogitationum</em></strong></span> <span class='ocrx_word' id='word_1_547' title='bbox 3360 3463 3527 3517; x_wconf 85' lang='lat' dir='ltr'><strong><em>mala-</em></strong></span> 
     </span>
    </p>
   </div>
   <div class='ocr_carea' id='block_1_77' title="bbox 1934 3557 3523 3636">
    <p class='ocr_par' dir='ltr' id='par_1_77' title="bbox 1934 3557 3523 3636">
     <span class='ocr_line' id='line_1_77' title="bbox 1934 3557 3523 3636; baseline -0.004 -16"><span class='ocrx_word' id='word_1_548' title='bbox 1934 3580 2056 3620; x_wconf 89' lang='lat' dir='ltr'><strong><em>rum</em></strong></span> <span class='ocrx_word' id='word_1_549' title='bbox 2083 3581 2096 3617; x_wconf 93' lang='lat'>:</span> <span class='ocrx_word' id='word_1_550' title='bbox 2124 3561 2292 3636; x_wconf 65' lang='grc'><strong>454</strong></span> <span class='ocrx_word' id='word_1_551' title='bbox 2310 3564 2413 3618; x_wconf 86' lang='lat' dir='ltr'><strong><em>hoc</em></strong></span> <span class='ocrx_word' id='word_1_552' title='bbox 2445 3569 2552 3629; x_wconf 89' lang='lat' dir='ltr'><strong><em>est,</em></strong></span> <span class='ocrx_word' id='word_1_553' title='bbox 2584 3557 2930 3630; x_wconf 78' lang='lat' dir='ltr'><strong><em>Dijudicandi</em></strong></span> <span class='ocrx_word' id='word_1_554' title='bbox 2958 3557 3066 3612; x_wconf 80' lang='lat' dir='ltr'><strong><em>vim</em></strong></span> <span class='ocrx_word' id='word_1_555' title='bbox 3089 3565 3523 3627; x_wconf 89' lang='lat' dir='ltr'><strong><em>corrumpentes.</em></strong></span> 
     </span>
    </p>
   </div>
   <div class='ocr_carea' id='block_1_78' title="bbox 1935 3650 3529 3730">
    <p class='ocr_par' dir='ltr' id='par_1_78' title="bbox 1935 3650 3529 3730">
     <span class='ocr_line' id='line_1_78' title="bbox 1935 3650 3529 3730; baseline -0.008 -17"><span class='ocrx_word' id='word_1_556' title='bbox 1935 3657 2177 3730; x_wconf 85' lang='lat' dir='ltr'><strong><em>elegistis</em></strong></span> <span class='ocrx_word' id='word_1_557' title='bbox 2221 3657 2394 3712; x_wconf 86' lang='lat' dir='ltr'><strong><em>malas</em></strong></span> <span class='ocrx_word' id='word_1_558' title='bbox 2450 3654 2832 3727; x_wconf 79' lang='lat' dir='ltr'><strong><em>cogitationes,</em></strong></span> <span class='ocrx_word' id='word_1_559' title='bbox 2881 3652 3036 3706; x_wconf 92' lang='lat' dir='ltr'><strong><em>illum</em></strong></span> <span class='ocrx_word' id='word_1_560' title='bbox 3077 3650 3300 3720; x_wconf 88' lang='lat' dir='ltr'><strong><em>quidem</em></strong></span> <span class='ocrx_word' id='word_1_561' title='bbox 3351 3650 3529 3704; x_wconf 86' lang='lat' dir='ltr'><strong><em>hono-</em></strong></span> 
     </span>
    </p>
   </div>
   <div class='ocr_carea' id='block_1_79' title="bbox 1935 3744 3528 3816">
    <p class='ocr_par' dir='ltr' id='par_1_79' title="bbox 1935 3744 3528 3816">
     <span class='ocr_line' id='line_1_79' title="bbox 1935 3744 3528 3816; baseline -0.006 -11"><span class='ocrx_word' id='word_1_562' title='bbox 1935 3760 2145 3814; x_wconf 87' lang='lat' dir='ltr'><strong><em>rantes,</em></strong></span> <span class='ocrx_word' id='word_1_563' title='bbox 2193 3751 2342 3804; x_wconf 82' lang='lat' dir='ltr'><strong><em>ltunc</em></strong></span> <span class='ocrx_word' id='word_1_564' title='bbox 2389 3758 2572 3803; x_wconf 88' lang='lat' dir='ltr'><strong><em>autem</em></strong></span> <span class='ocrx_word' id='word_1_565' title='bbox 2626 3745 2966 3816; x_wconf 88' lang='lat' dir='ltr'><strong><em>contemptui</em></strong></span> <span class='ocrx_word' id='word_1_566' title='bbox 3022 3744 3288 3799; x_wconf 82' lang='lat' dir='ltr'><strong><em>habentes</em></strong></span> <span class='ocrx_word' id='word_1_567' title='bbox 3337 3761 3350 3798; x_wconf 88' lang='lat'><strong>:</strong></span> <span class='ocrx_word' id='word_1_568' title='bbox 3400 3759 3528 3796; x_wconf 85' lang='lat' dir='ltr'><strong><em>cum</em></strong></span> 
     </span>
    </p>
   </div>
   <div class='ocr_carea' id='block_1_80' title="bbox 1938 3841 3127 3909">
    <p class='ocr_par' dir='ltr' id='par_1_80' title="bbox 1938 3841 3127 3909">
     <span class='ocr_line' id='line_1_80' title="bbox 1938 3841 3127 3909; baseline -0.008 -9"><span class='ocrx_word' id='word_1_569' title='bbox 1938 3855 2122 3900; x_wconf 71' lang='lat' dir='ltr'><strong><em>tamen</em></strong></span> <span class='ocrx_word' id='word_1_570' title='bbox 2149 3844 2341 3898; x_wconf 86' lang='lat' dir='ltr'><strong><em>eadem</em></strong></span> <span class='ocrx_word' id='word_1_571' title='bbox 2372 3849 2517 3897; x_wconf 89' lang='lat' dir='ltr'><strong><em>esset</em></strong></span> <span class='ocrx_word' id='word_1_572' title='bbox 2549 3841 2604 3894; x_wconf 89' lang='lat' dir='ltr'><strong><em>in</em></strong></span> <span class='ocrx_word' id='word_1_573' title='bbox 2637 3849 2874 3909; x_wconf 85' lang='lat' dir='ltr'><strong><em>utroque</em></strong></span> <span class='ocrx_word' id='word_1_574' title='bbox 2909 3847 3127 3892; x_wconf 87' lang='lat' dir='ltr'><strong><em>natura.</em></strong></span> 
     </span>
    </p>
   </div>
   <div class='ocr_carea' id='block_1_81' title="bbox 2011 3925 3528 4002">
    <p class='ocr_par' dir='ltr' id='par_1_81' title="bbox 2011 3925 3528 4002">
     <span class='ocr_line' id='line_1_81' title="bbox 2011 3925 3528 4002; baseline -0.008 -12"><span class='ocrx_word' id='word_1_575' title='bbox 2011 3937 2078 3999; x_wconf 86' lang='lat' dir='ltr'><strong><em>ll,</em></strong></span> <span class='ocrx_word' id='word_1_576' title='bbox 2103 3936 2223 3990; x_wconf 86' lang='lat'><strong><em>5-9.</em></strong></span> <span class='ocrx_word' id='word_1_577' title='bbox 2264 3933 2474 3995; x_wconf 78' lang='lat' dir='ltr'><strong><em>Audite,</em></strong></span> <span class='ocrx_word' id='word_1_578' title='bbox 2516 3933 2712 4002; x_wconf 77' lang='lat' dir='ltr'><strong><em>fratres</em></strong></span> <span class='ocrx_word' id='word_1_579' title='bbox 2754 3930 2856 3983; x_wconf 91' lang='lat' dir='ltr'><strong><em>mei</em></strong></span> <span class='ocrx_word' id='word_1_580' title='bbox 2903 3929 3080 3982; x_wconf 86' lang='lat' dir='ltr'><strong><em>dilecti</em></strong></span> <span class='ocrx_word' id='word_1_581' title='bbox 3119 3945 3138 3981; x_wconf 88' lang='lat'><strong><em>:</em></strong></span> <span class='ocrx_word' id='word_1_582' title='bbox 3178 3944 3348 3981; x_wconf 86' lang='lat' dir='ltr'><strong><em>nonne</em></strong></span> <span class='ocrx_word' id='word_1_583' title='bbox 3389 3925 3528 3980; x_wconf 82' lang='lat' dir='ltr'><strong><em>Deus</em></strong></span> 
     </span>
    </p>
   </div>
   <div class='ocr_carea' id='block_1_82' title="bbox 1940 4017 3528 4097">
    <p class='ocr_par' dir='ltr' id='par_1_82' title="bbox 1940 4017 3528 4097">
     <span class='ocr_line' id='line_1_82' title="bbox 1940 4017 3528 4097; baseline -0.009 -14"><span class='ocrx_word' id='word_1_584' title='bbox 1940 4028 2092 4097; x_wconf 82' lang='lat' dir='ltr'><strong><em>elegit</em></strong></span> <span class='ocrx_word' id='word_1_585' title='bbox 2123 4041 2384 4094; x_wconf 83' lang='lat' dir='ltr'><strong><em>pauperes</em></strong></span> <span class='ocrx_word' id='word_1_586' title='bbox 2416 4022 2598 4077; x_wconf 45' lang='lat' dir='ltr'><strong><em>saeculi</em></strong></span> <span class='ocrx_word' id='word_1_587' title='bbox 2629 4021 2811 4089; x_wconf 80' lang='lat' dir='ltr'><strong><em>hujus,</em></strong></span> <span class='ocrx_word' id='word_1_588' title='bbox 2841 4019 3031 4072; x_wconf 88' lang='lat' dir='ltr'><strong><em>divites</em></strong></span> <span class='ocrx_word' id='word_1_589' title='bbox 3059 4021 3112 4070; x_wconf 90' lang='lat' dir='ltr'><strong><em>in</em></strong></span> <span class='ocrx_word' id='word_1_590' title='bbox 3140 4017 3242 4084; x_wconf 81' lang='lat' dir='ltr'><strong><em>ﬁde</em></strong></span> <span class='ocrx_word' id='word_1_591' title='bbox 3275 4026 3322 4070; x_wconf 92' lang='lat' dir='ltr'><strong><em>et</em></strong></span> <span class='ocrx_word' id='word_1_592' title='bbox 3359 4017 3528 4070; x_wconf 60' lang='lat' dir='ltr'><strong><em>hatre-</em></strong></span> 
     </span>
    </p>
   </div>
   <div class='ocr_carea' id='block_1_83' title="bbox 1940 4106 3530 4188">
    <p class='ocr_par' dir='ltr' id='par_1_83' title="bbox 1940 4106 3530 4188">
     <span class='ocr_line' id='line_1_83' title="bbox 1940 4106 3530 4188; baseline -0.01 -14"><span class='ocrx_word' id='word_1_593' title='bbox 1940 4121 2029 4174; x_wconf 88' lang='lat' dir='ltr'><strong><em>des</em></strong></span> <span class='ocrx_word' id='word_1_594' title='bbox 2061 4117 2210 4188; x_wconf 87' lang='lat' dir='ltr'><strong><em>regni</em></strong></span> <span class='ocrx_word' id='word_1_595' title='bbox 2243 4115 2381 4186; x_wconf 86' lang='lat' dir='ltr'><strong><em>quod</em></strong></span> <span class='ocrx_word' id='word_1_596' title='bbox 2420 4113 2662 4183; x_wconf 74' lang='lat' dir='ltr'><strong><em>promisit</em></strong></span> <span class='ocrx_word' id='word_1_597' title='bbox 2696 4111 3038 4182; x_wconf 79' lang='lat' dir='ltr'><strong><em>diligentibus</em></strong></span> <span class='ocrx_word' id='word_1_598' title='bbox 3076 4110 3171 4162; x_wconf 86' lang='lat' dir='ltr'><strong><em>se?</em></strong></span> <span class='ocrx_word' id='word_1_599' title='bbox 3215 4106 3317 4162; x_wconf 83' lang='lat' dir='ltr'><strong><em>Vos</em></strong></span> <span class='ocrx_word' id='word_1_600' title='bbox 3349 4117 3530 4160; x_wconf 85' lang='lat' dir='ltr'><strong><em>autem</em></strong></span> 
     </span>
    </p>
   </div>
   <div class='ocr_carea' id='block_1_84' title="bbox 1942 4202 3530 4280">
    <p class='ocr_par' dir='ltr' id='par_1_84' title="bbox 1942 4202 3530 4280">
     <span class='ocr_line' id='line_1_84' title="bbox 1942 4202 3530 4280; baseline -0.008 -14"><span class='ocrx_word' id='word_1_601' title='bbox 1942 4209 2263 4280; x_wconf 84' lang='lat' dir='ltr'><strong><em>contemptui</em></strong></span> <span class='ocrx_word' id='word_1_602' title='bbox 2289 4208 2549 4261; x_wconf 84' lang='lat' dir='ltr'><strong><em>habuistis</em></strong></span> <span class='ocrx_word' id='word_1_603' title='bbox 2573 4221 2884 4276; x_wconf 81' lang='lat' dir='ltr'><strong><em>pauperem.</em></strong></span> <span class='ocrx_word' id='word_1_604' title='bbox 2917 4205 3106 4258; x_wconf 85' lang='lat' dir='ltr'><strong><em>Nonne</em></strong></span> <span class='ocrx_word' id='word_1_605' title='bbox 3130 4202 3315 4256; x_wconf 82' lang='lat' dir='ltr'><strong><em>divites</em></strong></span> <span class='ocrx_word' id='word_1_606' title='bbox 3345 4211 3530 4271; x_wconf 84' lang='lat' dir='ltr'><strong><em>tyran-</em></strong></span> 
     </span>
    </p>
   </div>
   <div class='ocr_carea' id='block_1_85' title="bbox 1942 4291 3529 4364">
    <p class='ocr_par' dir='ltr' id='par_1_85' title="bbox 1942 4291 3529 4364">
     <span class='ocr_line' id='line_1_85' title="bbox 1942 4291 3529 4364; baseline -0.01 -5"><span class='ocrx_word' id='word_1_607' title='bbox 1942 4305 2118 4360; x_wconf 89' lang='lat' dir='ltr'><strong><em>nidem</em></strong></span> <span class='ocrx_word' id='word_1_608' title='bbox 2153 4310 2392 4357; x_wconf 77' lang='lat' dir='ltr'><strong><em>exercent</em></strong></span> <span class='ocrx_word' id='word_1_609' title='bbox 2424 4301 2479 4354; x_wconf 90' lang='lat' dir='ltr'><strong><em>in</em></strong></span> <span class='ocrx_word' id='word_1_610' title='bbox 2509 4316 2618 4364; x_wconf 89' lang='lat' dir='ltr'><strong><em>vos,</em></strong></span> <span class='ocrx_word' id='word_1_611' title='bbox 2656 4308 2705 4353; x_wconf 86' lang='lat' dir='ltr'><strong><em>et</em></strong></span> <span class='ocrx_word' id='word_1_612' title='bbox 2740 4299 2904 4352; x_wconf 88' lang='lat' dir='ltr'><strong><em>iidem</em></strong></span> <span class='ocrx_word' id='word_1_613' title='bbox 2944 4299 3162 4350; x_wconf 81' lang='lat' dir='ltr'><strong><em>trahunt</em></strong></span> <span class='ocrx_word' id='word_1_614' title='bbox 3198 4309 3284 4348; x_wconf 87' lang='lat' dir='ltr'><strong><em>vos</em></strong></span> <span class='ocrx_word' id='word_1_615' title='bbox 3319 4293 3388 4346; x_wconf 87' lang='lat' dir='ltr'><strong><em>ad</em></strong></span> <span class='ocrx_word' id='word_1_616' title='bbox 3429 4291 3529 4344; x_wconf 85' lang='lat' dir='ltr'><strong><em>tri-</em></strong></span> 
     </span>
    </p>
   </div>
   <div class='ocr_carea' id='block_1_86' title="bbox 255 4383 1832 4460">
    <p class='ocr_par' dir='ltr' id='par_1_86' title="bbox 255 4383 1832 4455">
     <span class='ocr_line' id='line_1_86' title="bbox 255 4383 1832 4455; baseline -0.004 -13"><span class='ocrx_word' id='word_1_617' title='bbox 255 4404 368 4443; x_wconf 90' lang='grc' dir='ltr'><em>σιοι</em></span> <span class='ocrx_word' id='word_1_618' title='bbox 397 4388 1041 4443; x_wconf 76' lang='grc' dir='ltr'><em>καταδυναστεύουσιν</em></span> <span class='ocrx_word' id='word_1_619' title='bbox 1077 4383 1264 4455; x_wconf 84' lang='grc' dir='ltr'><em>ὑμῶν,</em></span> <span class='ocrx_word' id='word_1_620' title='bbox 1300 4385 1400 4438; x_wconf 75' lang='grc' dir='ltr'><em>καὶ</em></span> <span class='ocrx_word' id='word_1_621' title='bbox 1430 4383 1600 4438; x_wconf 81' lang='grc' dir='ltr'><em>αὐτοὶ</em></span> <span class='ocrx_word' id='word_1_622' title='bbox 1631 4383 1832 4437; x_wconf 76' lang='grc' dir='ltr'><em>ἕλκου-</em></span> 
     </span>
    </p>
   </div>
   <div class='ocr_carea' id='block_1_87' title="bbox 1940 4383 3530 4460">
    <p class='ocr_par' dir='ltr' id='par_1_87' title="bbox 1944 4384 3530 4460">
     <span class='ocr_line' id='line_1_87' title="bbox 1944 4384 3530 4460; baseline -0.007 -13"><span class='ocrx_word' id='word_1_623' title='bbox 1944 4393 2198 4448; x_wconf 85' lang='lat' dir='ltr'><strong><em>bunalia?</em></strong></span> <span class='ocrx_word' id='word_1_624' title='bbox 2223 4392 2410 4447; x_wconf 88' lang='lat' dir='ltr'><strong><em>Nonne</em></strong></span> <span class='ocrx_word' id='word_1_625' title='bbox 2437 4392 2536 4460; x_wconf 87' lang='lat' dir='ltr'><strong><em>ipsi</em></strong></span> <span class='ocrx_word' id='word_1_626' title='bbox 2565 4391 2926 4459; x_wconf 85' lang='lat' dir='ltr'><strong><em>blasphemant</em></strong></span> <span class='ocrx_word' id='word_1_627' title='bbox 2959 4389 3147 4442; x_wconf 87' lang='lat' dir='ltr'><strong><em>bonum</em></strong></span> <span class='ocrx_word' id='word_1_628' title='bbox 3179 4401 3364 4439; x_wconf 88' lang='lat' dir='ltr'><strong><em>nomen</em></strong></span> <span class='ocrx_word' id='word_1_629' title='bbox 3391 4384 3530 4454; x_wconf 84' lang='lat' dir='ltr'><strong><em>quod</em></strong></span> 
     </span>
    </p>
   </div>
   <div class='ocr_carea' id='block_1_88' title="bbox 256 4473 1832 4552">
    <p class='ocr_par' dir='ltr' id='par_1_88' title="bbox 256 4475 1832 4552">
     <span class='ocr_line' id='line_1_88' title="bbox 256 4475 1832 4552; baseline -0.005 -16"><span class='ocrx_word' id='word_1_630' title='bbox 256 4500 352 4537; x_wconf 81' lang='grc' dir='ltr'><em>σιν</em></span> <span class='ocrx_word' id='word_1_631' title='bbox 377 4480 534 4552; x_wconf 83' lang='grc' dir='ltr'><strong><em>ὑμᾶς</em></strong></span> <span class='ocrx_word' id='word_1_632' title='bbox 562 4483 650 4547; x_wconf 80' lang='grc' dir='ltr'><strong><em>εις</em></strong></span> <span class='ocrx_word' id='word_1_633' title='bbox 676 4480 988 4550; x_wconf 83' lang='grc' dir='ltr'><em>κριτήρια;</em></span> <span class='ocrx_word' id='word_1_634' title='bbox 1032 4482 1157 4534; x_wconf 83' lang='grc' dir='ltr'><strong><em>Οὐκ</em></strong></span> <span class='ocrx_word' id='word_1_635' title='bbox 1187 4477 1358 4532; x_wconf 72' lang='grc' dir='ltr'><em>αὐτοὶ</em></span> <span class='ocrx_word' id='word_1_636' title='bbox 1393 4475 1832 4545; x_wconf 67' lang='grc' dir='ltr'><em>βλασφημοῦσι</em></span> 
     </span>
    </p>
   </div>
   <div class='ocr_carea' id='block_1_89' title="bbox 1940 4473 3535 4552">
    <p class='ocr_par' dir='ltr' id='par_1_89' title="bbox 1946 4473 3535 4542">
     <span class='ocr_line' id='line_1_89' title="bbox 1946 4473 3535 4542; baseline -0.004 -14"><span class='ocrx_word' id='word_1_637' title='bbox 1946 4477 2240 4530; x_wconf 83' lang='lat' dir='ltr'><strong><em>invocatum</em></strong></span> <span class='ocrx_word' id='word_1_638' title='bbox 2266 4485 2344 4530; x_wconf 82' lang='lat' dir='ltr'><strong><em>est</em></strong></span> <span class='ocrx_word' id='word_1_639' title='bbox 2367 4491 2522 4542; x_wconf 87' lang='lat' dir='ltr'><strong><em>super</em></strong></span> <span class='ocrx_word' id='word_1_640' title='bbox 2553 4491 2638 4529; x_wconf 90' lang='lat' dir='ltr'><strong><em>vos</em></strong></span> <span class='ocrx_word' id='word_1_641' title='bbox 2661 4477 2686 4530; x_wconf 82' lang='lat'><strong><em>?</em></strong></span> <span class='ocrx_word' id='word_1_642' title='bbox 2707 4473 2769 4530; x_wconf 88' lang='lat' dir='ltr'><strong><em>Si</em></strong></span> <span class='ocrx_word' id='word_1_643' title='bbox 2809 4484 2982 4528; x_wconf 88' lang='lat' dir='ltr'><strong><em>tamen</em></strong></span> <span class='ocrx_word' id='word_1_644' title='bbox 3017 4481 3176 4541; x_wconf 84' lang='lat' dir='ltr'><strong><em>legem</em></strong></span> <span class='ocrx_word' id='word_1_645' title='bbox 3214 4473 3424 4542; x_wconf 86' lang='lat' dir='ltr'><strong><em>quidem</em></strong></span> <span class='ocrx_word' id='word_1_646' title='bbox 3443 4485 3535 4523; x_wconf 71' lang='lat' dir='ltr'><strong><em>ex-</em></strong></span> 
     </span>
    </p>
   </div>
   <div class='ocr_carea' id='block_1_90' title="bbox 257 4560 1832 4640">
    <p class='ocr_par' dir='ltr' id='par_1_90' title="bbox 257 4562 1832 4640">
     <span class='ocr_line' id='line_1_90' title="bbox 257 4562 1832 4640; baseline -0.007 -15"><span class='ocrx_word' id='word_1_647' title='bbox 257 4573 318 4626; x_wconf 83' lang='grc' dir='ltr'><em>τὸ</em></span> <span class='ocrx_word' id='word_1_648' title='bbox 347 4573 540 4627; x_wconf 75' lang='grc' dir='ltr'><em>καλὸν</em></span> <span class='ocrx_word' id='word_1_649' title='bbox 563 4572 752 4640; x_wconf 80' lang='grc' dir='ltr'><em>ὄνομα</em></span> <span class='ocrx_word' id='word_1_650' title='bbox 794 4571 860 4624; x_wconf 87' lang='grc' dir='ltr'><em>τὸ</em></span> <span class='ocrx_word' id='word_1_651' title='bbox 892 4567 1220 4634; x_wconf 68' lang='grc' dir='ltr'><em>ἐπικληθὲν</em></span> <span class='ocrx_word' id='word_1_652' title='bbox 1251 4565 1344 4634; x_wconf 68' lang='grc' dir='ltr'><strong><em>ἐφ’</em></strong></span> <span class='ocrx_word' id='word_1_653' title='bbox 1368 4563 1557 4634; x_wconf 78' lang='grc' dir='ltr'><em>ὑμᾶς;</em></span> <span class='ocrx_word' id='word_1_654' title='bbox 1589 4566 1660 4619; x_wconf 84' lang='grc' dir='ltr'><strong><em>Εἰ</em></strong></span> <span class='ocrx_word' id='word_1_655' title='bbox 1691 4562 1832 4630; x_wconf 82' lang='grc' dir='ltr'><strong><em>μέν-</em></strong></span> 
     </span>
    </p>
   </div>
   <div class='ocr_carea' id='block_1_91' title="bbox 1940 4560 3531 4640">
    <p class='ocr_par' dir='ltr' id='par_1_91' title="bbox 1948 4563 3531 4638">
     <span class='ocr_line' id='line_1_91' title="bbox 1948 4563 3531 4638; baseline -0.004 -19"><span class='ocrx_word' id='word_1_656' title='bbox 1948 4565 2100 4635; x_wconf 84' lang='lat' dir='ltr'><strong><em>pletis</em></strong></span> <span class='ocrx_word' id='word_1_657' title='bbox 2139 4569 2335 4638; x_wconf 83' lang='lat' dir='ltr'><strong><em>regiam</em></strong></span> <span class='ocrx_word' id='word_1_658' title='bbox 2372 4567 2537 4637; x_wconf 75' lang='lat' dir='ltr'><strong><em>juxta</em></strong></span> <span class='ocrx_word' id='word_1_659' title='bbox 2571 4566 2905 4636; x_wconf 84' lang='lat' dir='ltr'><strong><em>Scripturam</em></strong></span> <span class='ocrx_word' id='word_1_660' title='bbox 2929 4582 2948 4618; x_wconf 88' lang='lat'><em>:</em></span> <span class='ocrx_word' id='word_1_661' title='bbox 2985 4564 3180 4632; x_wconf 87' lang='lat' dir='ltr'><strong><em>Diliges</em></strong></span> <span class='ocrx_word' id='word_1_662' title='bbox 3230 4563 3531 4632; x_wconf 69' lang='lat' dir='ltr'><strong><em>proximum</em></strong></span> 
     </span>
    </p>
   </div>
   <div class='ocr_carea' id='block_1_92' title="bbox 256 4655 1831 4736">
    <p class='ocr_par' dir='ltr' id='par_1_92' title="bbox 256 4655 1831 4736">
     <span class='ocr_line' id='line_1_92' title="bbox 256 4655 1831 4736; baseline -0.007 -18"><span class='ocrx_word' id='word_1_663' title='bbox 256 4684 339 4720; x_wconf 87' lang='grc' dir='ltr'><em>τοι</em></span> <span class='ocrx_word' id='word_1_664' title='bbox 373 4668 564 4736; x_wconf 84' lang='grc' dir='ltr'><em>νόμον</em></span> <span class='ocrx_word' id='word_1_665' title='bbox 588 4663 816 4718; x_wconf 83' lang='grc' dir='ltr'><em>τελεῖτε</em></span> <span class='ocrx_word' id='word_1_666' title='bbox 836 4660 1171 4727; x_wconf 74' lang='grc' dir='ltr'><em>βασιλικὸν</em></span> <span class='ocrx_word' id='word_1_667' title='bbox 1214 4658 1364 4712; x_wconf 84' lang='grc' dir='ltr'><em>κατὰ</em></span> <span class='ocrx_word' id='word_1_668' title='bbox 1415 4657 1526 4724; x_wconf 81' lang='grc' dir='ltr'><em>τὴν</em></span> <span class='ocrx_word' id='word_1_669' title='bbox 1555 4655 1831 4724; x_wconf 58' lang='grc' dir='ltr'><em>Γραφήν,</em></span> 
     </span>
    </p>
   </div>
   <div class='ocr_carea' id='block_1_93' title="bbox 270 4746 1836 4827">
    <p class='ocr_par' dir='ltr' id='par_1_93' title="bbox 270 4746 1836 4827">
     <span class='ocr_line' id='line_1_93' title="bbox 270 4746 1836 4827; baseline -0.01 -15"><span class='ocrx_word' id='word_1_670' title='bbox 270 4757 619 4827; x_wconf 76' lang='grc' dir='ltr'><em>Ἀγαπήσεις</em></span> <span class='ocrx_word' id='word_1_671' title='bbox 647 4755 754 4808; x_wconf 81' lang='grc' dir='ltr'><em>τὸν</em></span> <span class='ocrx_word' id='word_1_672' title='bbox 773 4753 1045 4821; x_wconf 79' lang='grc' dir='ltr'><em>πλησίον</em></span> <span class='ocrx_word' id='word_1_673' title='bbox 1071 4769 1189 4805; x_wconf 91' lang='grc' dir='ltr'><strong><em>σου</em></strong></span> <span class='ocrx_word' id='word_1_674' title='bbox 1208 4751 1289 4816; x_wconf 89' lang='grc' dir='ltr'><em>ὠς</em></span> <span class='ocrx_word' id='word_1_675' title='bbox 1317 4749 1602 4811; x_wconf 77' lang='grc' dir='ltr'><em>σεαυτόν,</em></span> <span class='ocrx_word' id='word_1_676' title='bbox 1635 4746 1836 4811; x_wconf 76' lang='grc' dir='ltr'><em>καλῶς</em></span> 
     </span>
    </p>
   </div>
   <div class='ocr_carea' id='block_1_94' title="bbox 256 4837 1838 4914">
    <p class='ocr_par' dir='ltr' id='par_1_94' title="bbox 256 4837 1838 4914">
     <span class='ocr_line' id='line_1_94' title="bbox 256 4837 1838 4914; baseline -0.008 -10"><span class='ocrx_word' id='word_1_677' title='bbox 256 4851 489 4904; x_wconf 79' lang='grc' dir='ltr'><em>ποιεῖτε.</em></span> <span class='ocrx_word' id='word_1_678' title='bbox 519 4851 591 4904; x_wconf 86' lang='lat' dir='ltr'><strong><em>Ei</em></strong></span> <span class='ocrx_word' id='word_1_679' title='bbox 613 4847 684 4901; x_wconf 77' lang='lat' dir='ltr'><strong><em>ss</em></strong></span> <span class='ocrx_word' id='word_1_680' title='bbox 707 4843 1297 4914; x_wconf 78' lang='grc' dir='ltr'><em>προσωποληπτεῖτε,</em></span> <span class='ocrx_word' id='word_1_681' title='bbox 1331 4843 1630 4910; x_wconf 77' lang='grc' dir='ltr'><em>ἁμαρτίαν</em></span> <span class='ocrx_word' id='word_1_682' title='bbox 1667 4837 1838 4910; x_wconf 75' lang='grc' dir='ltr'><strong><em>ἑργὰο</em></strong></span> 
     </span>
    </p>
   </div>
   <div class='ocr_carea' id='block_1_95' title="bbox 256 4931 1838 5012">
    <p class='ocr_par' dir='ltr' id='par_1_95' title="bbox 256 4931 1838 5012">
     <span class='ocr_line' id='line_1_95' title="bbox 256 4931 1838 5012; baseline -0.009 -13"><span class='ocrx_word' id='word_1_683' title='bbox 256 4943 418 5005; x_wconf 72' lang='grc' dir='ltr'><em>ζὲσθε</em></span> <span class='ocrx_word' id='word_1_684' title='bbox 442 4941 832 5012; x_wconf 72' lang='grc' dir='ltr'><em>ἐλεγχόμενοι</em></span> <span class='ocrx_word' id='word_1_685' title='bbox 862 4939 978 4994; x_wconf 79' lang='grc' dir='ltr'><strong><em>ὑπὸ</em></strong></span> <span class='ocrx_word' id='word_1_686' title='bbox 1030 4937 1137 4993; x_wconf 85' lang='grc' dir='ltr'><strong><em>τοῦ</em></strong></span> <span class='ocrx_word' id='word_1_687' title='bbox 1168 4939 1380 5006; x_wconf 82' lang='grc' dir='ltr'><em>νόμου,</em></span> <span class='ocrx_word' id='word_1_688' title='bbox 1433 4936 1514 5001; x_wconf 86' lang='grc' dir='ltr'><em>ὠς</em></span> <span class='ocrx_word' id='word_1_689' title='bbox 1569 4931 1838 5003; x_wconf 76' lang='grc' dir='ltr'><strong><em>παραϐά-</em></strong></span> 
     </span>
    </p>
   </div>
   <div class='ocr_carea' id='block_1_96' title="bbox 253 5057 362 5094">
    <p class='ocr_par' dir='ltr' id='par_1_96' title="bbox 253 5057 362 5094">
     <span class='ocr_line' id='line_1_96' title="bbox 253 5057 362 5094; baseline 0.009 -1"><span class='ocrx_word' id='word_1_690' title='bbox 253 5057 362 5094; x_wconf 88' lang='grc' dir='ltr'><em>ται.</em></span> 
     </span>
    </p>
   </div>
   <div class='ocr_carea' id='block_1_97' title="bbox 330 5119 1835 5202">
    <p class='ocr_par' dir='ltr' id='par_1_97' title="bbox 330 5119 1835 5202">
     <span class='ocr_line' id='line_1_97' title="bbox 330 5119 1835 5202; baseline -0.01 -16"><span class='ocrx_word' id='word_1_691' title='bbox 330 5129 555 5202; x_wconf 80' lang='grc' dir='ltr'><strong><em>Ἐπειδὴ</em></strong></span> <span class='ocrx_word' id='word_1_692' title='bbox 608 5131 642 5200; x_wconf 83' lang='grc' dir='ltr'>ὴ</span> <span class='ocrx_word' id='word_1_693' title='bbox 703 5128 864 5182; x_wconf 81' lang='grc' dir='ltr'><em>πενία</em></span> <span class='ocrx_word' id='word_1_694' title='bbox 892 5124 1158 5196; x_wconf 83' lang='grc' dir='ltr'><em>δυσχερές</em></span> <span class='ocrx_word' id='word_1_695' title='bbox 1197 5127 1313 5178; x_wconf 79' lang='grc' dir='ltr'><em>ἐστι</em></span> <span class='ocrx_word' id='word_1_696' title='bbox 1348 5123 1460 5185; x_wconf 84' lang='grc' dir='ltr'><em>τοῖς</em></span> <span class='ocrx_word' id='word_1_697' title='bbox 1487 5121 1700 5182; x_wconf 85' lang='grc' dir='ltr'>πολλοῖς</span> <span class='ocrx_word' id='word_1_698' title='bbox 1739 5119 1835 5172; x_wconf 78' lang='grc' dir='ltr'><strong><em>καὶ</em></strong></span> 
     </span>
    </p>
   </div>
   <div class='ocr_carea' id='block_1_98' title="bbox 260 5215 1837 5294">
    <p class='ocr_par' dir='ltr' id='par_1_98' title="bbox 260 5215 1837 5294">
     <span class='ocr_line' id='line_1_98' title="bbox 260 5215 1837 5294; baseline -0.008 -17"><span class='ocrx_word' id='word_1_699' title='bbox 260 5226 410 5294; x_wconf 73' lang='grc' dir='ltr'><em>ςιὸνον</em></span> <span class='ocrx_word' id='word_1_700' title='bbox 444 5222 784 5294; x_wconf 79' lang='grc' dir='ltr'><em>ἀκουσθῆναι</em></span> <span class='ocrx_word' id='word_1_701' title='bbox 807 5238 823 5254; x_wconf 79' lang='grc' dir='ltr'><strong>ο</strong></span> <span class='ocrx_word' id='word_1_702' title='bbox 853 5221 942 5275; x_wconf 75' lang='grc' dir='ltr'><strong><em>διὰ</em></strong></span> <span class='ocrx_word' id='word_1_703' title='bbox 975 5219 1134 5273; x_wconf 79' lang='grc' dir='ltr'><em>τοῦτο</em></span> <span class='ocrx_word' id='word_1_704' title='bbox 1183 5219 1372 5279; x_wconf 83' lang='grc' dir='ltr'><em>εἰπὼν,</em></span> <span class='ocrx_word' id='word_1_705' title='bbox 1423 5217 1550 5278; x_wconf 72' lang='grc' dir='ltr'><em>τοὺς</em></span> <span class='ocrx_word' id='word_1_706' title='bbox 1581 5215 1837 5283; x_wconf 76' lang='grc' dir='ltr'><em>Πτωχοὺς</em></span> 
     </span>
    </p>
   </div>
   <div class='ocr_carea' id='block_1_99' title="bbox 255 5305 1837 5384">
    <p class='ocr_par' dir='ltr' id='par_1_99' title="bbox 255 5305 1837 5384">
     <span class='ocr_line' id='line_1_99' title="bbox 255 5305 1837 5384; baseline -0.009 -12"><span class='ocrx_word' id='word_1_707' title='bbox 255 5320 342 5372; x_wconf 81' lang='grc' dir='ltr'><strong><em>τοῦ</em></strong></span> <span class='ocrx_word' id='word_1_708' title='bbox 376 5319 603 5382; x_wconf 76' lang='grc' dir='ltr'><em>κόσκου,</em></span> <span class='ocrx_word' id='word_1_709' title='bbox 630 5315 836 5379; x_wconf 78' lang='grc' dir='ltr'><em>εὐθέως</em></span> <span class='ocrx_word' id='word_1_710' title='bbox 861 5317 1130 5384; x_wconf 73' lang='grc' dir='ltr'><strong><em>ἐπήγαγε,</em></strong></span> <span class='ocrx_word' id='word_1_711' title='bbox 1183 5311 1502 5372; x_wconf 80' lang='grc' dir='ltr'><em>Πλουσίους.</em></span> <span class='ocrx_word' id='word_1_712' title='bbox 1540 5307 1676 5379; x_wconf 75' lang='grc' dir='ltr'><strong><em>Περὶ</em></strong></span> <span class='ocrx_word' id='word_1_713' title='bbox 1705 5305 1756 5359; x_wconf 82' lang='grc' dir='ltr'><strong><em>τί</em></strong></span> <span class='ocrx_word' id='word_1_714' title='bbox 1781 5305 1837 5359; x_wconf 76' lang='grc' dir='ltr'><strong><em>δὲ</em></strong></span> 
     </span>
    </p>
   </div>
   <div class='ocr_carea' id='block_1_100' title="bbox 255 5398 1836 5479">
    <p class='ocr_par' dir='ltr' id='par_1_100' title="bbox 255 5398 1836 5479">
     <span class='ocr_line' id='line_1_100' title="bbox 255 5398 1836 5479; baseline -0.008 -16"><span class='ocrx_word' id='word_1_715' title='bbox 255 5411 580 5474; x_wconf 74' lang='grc' dir='ltr'><em>πλουσίουςς</em></span> <span class='ocrx_word' id='word_1_716' title='bbox 641 5408 780 5478; x_wconf 74' lang='grc' dir='ltr'><em>Περὶ</em></span> <span class='ocrx_word' id='word_1_717' title='bbox 812 5407 912 5479; x_wconf 79' lang='grc' dir='ltr'><em>τὴν</em></span> <span class='ocrx_word' id='word_1_718' title='bbox 947 5406 1132 5459; x_wconf 87' lang='grc' dir='ltr'><em>πίστιν</em></span> <span class='ocrx_word' id='word_1_719' title='bbox 1179 5404 1274 5456; x_wconf 72' lang='grc' dir='ltr'><strong><em>καὶ</em></strong></span> <span class='ocrx_word' id='word_1_720' title='bbox 1298 5406 1354 5458; x_wconf 83' lang='grc' dir='ltr'><strong><em>ὲν</em></strong></span> <span class='ocrx_word' id='word_1_721' title='bbox 1377 5405 1440 5472; x_wconf 85' lang='grc' dir='ltr'><em>τῇ</em></span> <span class='ocrx_word' id='word_1_722' title='bbox 1461 5400 1662 5454; x_wconf 84' lang='grc' dir='ltr'><em>πίστει.</em></span> <span class='ocrx_word' id='word_1_723' title='bbox 1725 5398 1836 5452; x_wconf 75' lang='grc' dir='ltr'><strong><em>Καὶ</em></strong></span> 
     </span>
    </p>
   </div>
   <div class='ocr_carea' id='block_1_101' title="bbox 258 5492 1829 5576">
    <p class='ocr_par' dir='ltr' id='par_1_101' title="bbox 258 5492 1829 5576">
     <span class='ocr_line' id='line_1_101' title="bbox 258 5492 1829 5576; baseline -0.009 -18"><span class='ocrx_word' id='word_1_724' title='bbox 258 5503 359 5576; x_wconf 72' lang='grc' dir='ltr'><strong><em>γὰρ</em></strong></span> <span class='ocrx_word' id='word_1_725' title='bbox 377 5502 554 5566; x_wconf 77' lang='grc' dir='ltr'><em>οὕτως</em></span> <span class='ocrx_word' id='word_1_726' title='bbox 575 5501 706 5572; x_wconf 75' lang='grc' dir='ltr'><strong>ἔχει.</strong></span> <span class='ocrx_word' id='word_1_727' title='bbox 739 5500 812 5554; x_wconf 81' lang='grc' dir='ltr'>Τὸ</span> <span class='ocrx_word' id='word_1_728' title='bbox 847 5500 954 5571; x_wconf 79' lang='grc' dir='ltr'><strong><em>γὰρ</em></strong></span> <span class='ocrx_word' id='word_1_729' title='bbox 989 5500 1116 5570; x_wconf 74' lang='grc' dir='ltr'>περὶ</span> <span class='ocrx_word' id='word_1_730' title='bbox 1144 5499 1237 5552; x_wconf 74' lang='grc' dir='ltr'><em>τὸν</em></span> <span class='ocrx_word' id='word_1_731' title='bbox 1283 5498 1489 5565; x_wconf 72' lang='grc' dir='ltr'><em>κόσμον</em></span> <span class='ocrx_word' id='word_1_732' title='bbox 1517 5492 1829 5564; x_wconf 78' lang='grc' dir='ltr'><em>ἀπερίσπα-</em></span> 
     </span>
    </p>
   </div>
   <div class='ocr_carea' id='block_1_102' title="bbox 259 5586 1830 5662">
    <p class='ocr_par' dir='ltr' id='par_1_102' title="bbox 259 5586 1830 5662">
     <span class='ocr_line' id='line_1_102' title="bbox 259 5586 1830 5662; baseline -0.006 -16"><span class='ocrx_word' id='word_1_733' title='bbox 259 5609 379 5646; x_wconf 91' lang='grc' dir='ltr'><em>στον</em></span> <span class='ocrx_word' id='word_1_734' title='bbox 415 5591 526 5646; x_wconf 89' lang='grc' dir='ltr'><em>τῶν</em></span> <span class='ocrx_word' id='word_1_735' title='bbox 559 5592 832 5662; x_wconf 83' lang='grc' dir='ltr'><em>πενήτων,</em></span> <span class='ocrx_word' id='word_1_736' title='bbox 859 5589 1242 5662; x_wconf 82' lang='grc' dir='ltr'><em>ὲνεργοτέρους</em></span> <span class='ocrx_word' id='word_1_737' title='bbox 1281 5588 1479 5651; x_wconf 70' lang='grc' dir='ltr'><em>αὐτοὺς</em></span> <span class='ocrx_word' id='word_1_738' title='bbox 1512 5586 1608 5638; x_wconf 79' lang='grc' dir='ltr'><strong><em>καὶ</em></strong></span> <span class='ocrx_word' id='word_1_739' title='bbox 1647 5601 1830 5655; x_wconf 80' lang='grc' dir='ltr'><em>πρακο</em></span> 
     </span>
    </p>
   </div>
   <div class='ocr_carea' id='block_1_103' title="bbox 253 5675 1834 5755">
    <p class='ocr_par' dir='ltr' id='par_1_103' title="bbox 253 5675 1834 5755">
     <span class='ocr_line' id='line_1_103' title="bbox 253 5675 1834 5755; baseline -0.008 -17"><span class='ocrx_word' id='word_1_740' title='bbox 253 5684 586 5755; x_wconf 79' lang='grc' dir='ltr'><em>τικωτιρους</em></span> <span class='ocrx_word' id='word_1_741' title='bbox 614 5680 724 5735; x_wconf 87' lang='grc' dir='ltr'><em>τῶν</em></span> <span class='ocrx_word' id='word_1_742' title='bbox 769 5681 1167 5746; x_wconf 84' lang='grc' dir='ltr'><em>πλουτούντων,</em></span> <span class='ocrx_word' id='word_1_743' title='bbox 1222 5678 1442 5734; x_wconf 75' lang='grc' dir='ltr'><strong><em>ἐπειδὰν</em></strong></span> <span class='ocrx_word' id='word_1_744' title='bbox 1494 5675 1834 5746; x_wconf 83' lang='grc' dir='ltr'><em>προσέλθωσι</em></span> 
     </span>
    </p>
   </div>
   <div class='ocr_carea' id='block_1_104' title="bbox 255 5769 1829 5851">
    <p class='ocr_par' dir='ltr' id='par_1_104' title="bbox 255 5769 1829 5851">
     <span class='ocr_line' id='line_1_104' title="bbox 255 5769 1829 5851; baseline -0.009 -18"><span class='ocrx_word' id='word_1_745' title='bbox 255 5781 318 5851; x_wconf 78' lang='grc' dir='ltr'><em>τῇ</em></span> <span class='ocrx_word' id='word_1_746' title='bbox 352 5778 554 5842; x_wconf 85' lang='grc' dir='ltr'><em>πίστει,</em></span> <span class='ocrx_word' id='word_1_747' title='bbox 584 5775 751 5830; x_wconf 81' lang='grc' dir='ltr'><em>ποιεῖ.</em></span> <span class='ocrx_word' id='word_1_748' title='bbox 783 5773 873 5827; x_wconf 83' lang='grc' dir='ltr'><strong><em>Διὸ</em></strong></span> <span class='ocrx_word' id='word_1_749' title='bbox 917 5775 1012 5828; x_wconf 76' lang='grc' dir='ltr'><strong><em>καὶ</em></strong></span> <span class='ocrx_word' id='word_1_750' title='bbox 1038 5775 1066 5827; x_wconf 84' lang='grc' dir='ltr'>ὁ</span> <span class='ocrx_word' id='word_1_751' title='bbox 1126 5772 1332 5844; x_wconf 81' lang='grc' dir='ltr'><em>Κύριος</em></span> <span class='ocrx_word' id='word_1_752' title='bbox 1382 5769 1656 5832; x_wconf 80' lang='grc' dir='ltr'><em>τοιούτους</em></span> <span class='ocrx_word' id='word_1_753' title='bbox 1703 5769 1829 5830; x_wconf 67' lang='grc' dir='ltr'><em>τοὺς</em></span> 
     </span>
    </p>
   </div>
   <div class='ocr_carea' id='block_1_105' title="bbox 263 5859 1833 5942">
    <p class='ocr_par' dir='ltr' id='par_1_105' title="bbox 263 5859 1833 5942">
     <span class='ocr_line' id='line_1_105' title="bbox 263 5859 1833 5942; baseline -0.008 -18"><span class='ocrx_word' id='word_1_754' title='bbox 263 5868 504 5942; x_wconf 74' lang='grc' dir='ltr'><em>μαθητὰς</em></span> <span class='ocrx_word' id='word_1_755' title='bbox 533 5863 846 5933; x_wconf 77' lang='grc' dir='ltr'><em>ἐπελέξατο,</em></span> <span class='ocrx_word' id='word_1_756' title='bbox 879 5863 971 5930; x_wconf 76' lang='grc' dir='ltr'><strong><em>οὓς</em></strong></span> <span class='ocrx_word' id='word_1_757' title='bbox 1020 5865 1112 5918; x_wconf 67' lang='grc' dir='ltr'><strong><em>καὶ</em></strong></span> <span class='ocrx_word' id='word_1_758' title='bbox 1151 5862 1518 5934; x_wconf 79' lang='grc' dir='ltr'><em>κληρονόμους</em></span> <span class='ocrx_word' id='word_1_759' title='bbox 1549 5861 1646 5932; x_wconf 79' lang='grc' dir='ltr'><em>τῆς</em></span> <span class='ocrx_word' id='word_1_760' title='bbox 1679 5859 1833 5929; x_wconf 67' lang='grc' dir='ltr'><strong><em>βασις·</em></strong></span> 
     </span>
    </p>
   </div>
   <div class='ocr_carea' id='block_1_106' title="bbox 1953 4654 3532 4728">
    <p class='ocr_par' dir='ltr' id='par_1_106' title="bbox 1953 4654 3532 4728">
     <span class='ocr_line' id='line_1_106' title="bbox 1953 4654 3532 4728; baseline -0.003 -18"><span class='ocrx_word' id='word_1_761' title='bbox 1953 4667 2099 4710; x_wconf 85' lang='lat' dir='ltr'><strong><em>tuum</em></strong></span> <span class='ocrx_word' id='word_1_762' title='bbox 2129 4659 2264 4710; x_wconf 91' lang='lat' dir='ltr'><strong><em>sicut</em></strong></span> <span class='ocrx_word' id='word_1_763' title='bbox 2307 4659 2556 4728; x_wconf 87' lang='lat' dir='ltr'><strong><em>teipsum,</em></strong></span> <span class='ocrx_word' id='word_1_764' title='bbox 2591 4659 2716 4712; x_wconf 85' lang='lat' dir='ltr'><strong><em>bene</em></strong></span> <span class='ocrx_word' id='word_1_765' title='bbox 2757 4658 2955 4727; x_wconf 77' lang='lat' dir='ltr'><strong><em>facitis.</em></strong></span> <span class='ocrx_word' id='word_1_766' title='bbox 2999 4654 3058 4710; x_wconf 84' lang='lat' dir='ltr'><strong><em>Si</em></strong></span> <span class='ocrx_word' id='word_1_767' title='bbox 3091 4671 3208 4708; x_wconf 81' lang='lat' dir='ltr'><strong><em>vero</em></strong></span> <span class='ocrx_word' id='word_1_768' title='bbox 3253 4669 3532 4720; x_wconf 83' lang='lat' dir='ltr'><strong><em>personam</em></strong></span> 
     </span>
    </p>
   </div>
   <div class='ocr_carea' id='block_1_107' title="bbox 1948 4747 3529 4818">
    <p class='ocr_par' dir='ltr' id='par_1_107' title="bbox 1948 4747 3529 4818">
     <span class='ocr_line' id='line_1_107' title="bbox 1948 4747 3529 4818; baseline -0.003 -16"><span class='ocrx_word' id='word_1_769' title='bbox 1948 4750 2230 4816; x_wconf 82' lang='lat' dir='ltr'><strong><em>respicitis,</em></strong></span> <span class='ocrx_word' id='word_1_770' title='bbox 2281 4759 2551 4818; x_wconf 85' lang='lat' dir='ltr'><strong><em>peccatum</em></strong></span> <span class='ocrx_word' id='word_1_771' title='bbox 2597 4752 2947 4813; x_wconf 84' lang='lat' dir='ltr'><strong><em>committitis,</em></strong></span> <span class='ocrx_word' id='word_1_772' title='bbox 2984 4749 3208 4802; x_wconf 80' lang='lat' dir='ltr'><strong><em>cont-icti</em></strong></span> <span class='ocrx_word' id='word_1_773' title='bbox 3242 4763 3334 4816; x_wconf 85' lang='lat' dir='ltr'><strong><em>per</em></strong></span> <span class='ocrx_word' id='word_1_774' title='bbox 3367 4747 3529 4815; x_wconf 81' lang='lat' dir='ltr'><strong><em>legem</em></strong></span> 
     </span>
    </p>
   </div>
   <div class='ocr_carea' id='block_1_108' title="bbox 1947 4831 2691 4912">
    <p class='ocr_par' dir='ltr' id='par_1_108' title="bbox 1947 4831 2691 4912">
     <span class='ocr_line' id='line_1_108' title="bbox 1947 4831 2691 4912; baseline 0.005 -19"><span class='ocrx_word' id='word_1_775' title='bbox 1947 4831 2085 4910; x_wconf 66' lang='grc' dir='ltr'><em>οὖσά</em></span> <span class='ocrx_word' id='word_1_776' title='bbox 2107 4843 2225 4895; x_wconf 87' lang='lat' dir='ltr'><strong><em>sitis</em></strong></span> <span class='ocrx_word' id='word_1_777' title='bbox 2257 4851 2691 4912; x_wconf 82' lang='lat' dir='ltr'><strong><em>transgressores.</em></strong></span> 
     </span>
    </p>
   </div>
   <div class='ocr_carea' id='block_1_109' title="bbox 2013 5097 3527 5183">
    <p class='ocr_par' dir='ltr' id='par_1_109' title="bbox 2013 5097 3527 5183">
     <span class='ocr_line' id='line_1_109' title="bbox 2013 5097 3527 5183; baseline -0.015 -12"><span class='ocrx_word' id='word_1_778' title='bbox 2013 5098 2282 5181; x_wconf 82' lang='lat' dir='ltr'><strong><em>Quoniam</em></strong></span> <span class='ocrx_word' id='word_1_779' title='bbox 2320 5119 2616 5183; x_wconf 83' lang='lat' dir='ltr'><strong><em>paupertas</em></strong></span> <span class='ocrx_word' id='word_1_780' title='bbox 2641 5109 2728 5164; x_wconf 86' lang='lat' dir='ltr'><strong><em>vel</em></strong></span> <span class='ocrx_word' id='word_1_781' title='bbox 2757 5106 2947 5163; x_wconf 90' lang='lat' dir='ltr'><strong><em>auditu</em></strong></span> <span class='ocrx_word' id='word_1_782' title='bbox 2985 5103 3168 5176; x_wconf 78' lang='lat' dir='ltr'><strong><em>gravis</em></strong></span> <span class='ocrx_word' id='word_1_783' title='bbox 3199 5112 3286 5156; x_wconf 86' lang='lat' dir='ltr'><strong><em>est</em></strong></span> <span class='ocrx_word' id='word_1_784' title='bbox 3320 5097 3527 5159; x_wconf 84' lang='lat' dir='ltr'><strong><em>multis,</em></strong></span> 
     </span>
    </p>
   </div>
   <div class='ocr_carea' id='block_1_110' title="bbox 1937 5190 3530 5273">
    <p class='ocr_par' dir='ltr' id='par_1_110' title="bbox 1937 5190 3530 5273">
     <span class='ocr_line' id='line_1_110' title="bbox 1937 5190 3530 5273; baseline -0.014 -7"><span class='ocrx_word' id='word_1_785' title='bbox 1937 5213 2060 5267; x_wconf 81' lang='lat' dir='ltr'><strong><em>ideo</em></strong></span> <span class='ocrx_word' id='word_1_786' title='bbox 2103 5225 2228 5266; x_wconf 90' lang='lat' dir='ltr'><strong><em>cum</em></strong></span> <span class='ocrx_word' id='word_1_787' title='bbox 2270 5207 2534 5270; x_wconf 63' lang='lat' dir='ltr'><strong><em>dixisset,</em></strong></span> <span class='ocrx_word' id='word_1_788' title='bbox 2577 5203 2858 5273; x_wconf 80' lang='lat' dir='ltr'><strong><em>Paupercs</em></strong></span> <span class='ocrx_word' id='word_1_789' title='bbox 2901 5197 3113 5261; x_wconf 87' lang='lat' dir='ltr'><strong><em>mundi,</em></strong></span> <span class='ocrx_word' id='word_1_790' title='bbox 3159 5193 3347 5251; x_wconf 88' lang='lat' dir='ltr'><strong><em>statim</em></strong></span> <span class='ocrx_word' id='word_1_791' title='bbox 3391 5190 3530 5245; x_wconf 83' lang='lat' dir='ltr'><strong><em>sub-</em></strong></span> 
     </span>
    </p>
   </div>
   <div class='ocr_carea' id='block_1_111' title="bbox 1931 5285 3532 5378">
    <p class='ocr_par' dir='ltr' id='par_1_111' title="bbox 1931 5285 3532 5378">
     <span class='ocr_line' id='line_1_111' title="bbox 1931 5285 3532 5378; baseline -0.014 -18"><span class='ocrx_word' id='word_1_792' title='bbox 1931 5305 2132 5378; x_wconf 84' lang='lat' dir='ltr'><strong><em>junxit,</em></strong></span> <span class='ocrx_word' id='word_1_793' title='bbox 2179 5303 2401 5358; x_wconf 90' lang='lat' dir='ltr'><strong><em>Divites.</em></strong></span> <span class='ocrx_word' id='word_1_794' title='bbox 2443 5299 2497 5353; x_wconf 87' lang='lat' dir='ltr'><strong><em>In</em></strong></span> <span class='ocrx_word' id='word_1_795' title='bbox 2549 5313 2658 5368; x_wconf 91' lang='lat' dir='ltr'><strong><em>quo</em></strong></span> <span class='ocrx_word' id='word_1_796' title='bbox 2705 5305 2890 5350; x_wconf 88' lang='lat' dir='ltr'><strong><em>autem</em></strong></span> <span class='ocrx_word' id='word_1_797' title='bbox 2936 5289 3178 5347; x_wconf 87' lang='lat' dir='ltr'><strong><em>divites?</em></strong></span> <span class='ocrx_word' id='word_1_798' title='bbox 3232 5287 3288 5342; x_wconf 89' lang='lat' dir='ltr'><strong><em>in</em></strong></span> <span class='ocrx_word' id='word_1_799' title='bbox 3332 5285 3436 5339; x_wconf 77' lang='lat' dir='ltr'><strong><em>fide</em></strong></span> <span class='ocrx_word' id='word_1_800' title='bbox 3475 5292 3532 5339; x_wconf 86' lang='lat' dir='ltr'><strong><em>et-</em></strong></span> 
     </span>
    </p>
   </div>
   <div class='ocr_carea' id='block_1_112' title="bbox 1935 5376 3528 5453">
    <p class='ocr_par' dir='ltr' id='par_1_112' title="bbox 1935 5376 3528 5453">
     <span class='ocr_line' id='line_1_112' title="bbox 1935 5376 3528 5453; baseline -0.016 -1"><span class='ocrx_word' id='word_1_801' title='bbox 1935 5376 2080 5453; x_wconf 83' lang='lat' dir='ltr'><strong><em>eirca</em></strong></span> <span class='ocrx_word' id='word_1_802' title='bbox 2123 5395 2307 5449; x_wconf 85' lang='lat' dir='ltr'><strong><em>tidem.</em></strong></span> <span class='ocrx_word' id='word_1_803' title='bbox 2360 5389 2576 5446; x_wconf 87' lang='lat' dir='ltr'><strong><em>Etenim</em></strong></span> <span class='ocrx_word' id='word_1_804' title='bbox 2617 5388 2695 5444; x_wconf 85' lang='lat' dir='ltr'><strong><em>ita</em></strong></span> <span class='ocrx_word' id='word_1_805' title='bbox 2734 5401 2796 5442; x_wconf 87' lang='lat' dir='ltr'><strong><em>se</em></strong></span> <span class='ocrx_word' id='word_1_806' title='bbox 2840 5400 2930 5439; x_wconf 89' lang='lat' dir='ltr'><strong><em>res</em></strong></span> <span class='ocrx_word' id='word_1_807' title='bbox 2979 5382 3165 5437; x_wconf 84' lang='lat' dir='ltr'><strong><em>habet.</em></strong></span> <span class='ocrx_word' id='word_1_808' title='bbox 3219 5376 3356 5431; x_wconf 86' lang='lat' dir='ltr'><strong><em>Nam</em></strong></span> <span class='ocrx_word' id='word_1_809' title='bbox 3403 5389 3528 5429; x_wconf 85' lang='lat' dir='ltr'><strong><em>cum</em></strong></span> 
     </span>
    </p>
   </div>
   <div class='ocr_carea' id='block_1_113' title="bbox 1937 5464 3538 5561">
    <p class='ocr_par' dir='ltr' id='par_1_113' title="bbox 1937 5464 3538 5561">
     <span class='ocr_line' id='line_1_113' title="bbox 1937 5464 3538 5561; baseline -0.017 -16"><span class='ocrx_word' id='word_1_810' title='bbox 1937 5503 2208 5561; x_wconf 89' lang='lat' dir='ltr'><strong><em>pauperes</em></strong></span> <span class='ocrx_word' id='word_1_811' title='bbox 2254 5501 2362 5540; x_wconf 90' lang='lat' dir='ltr'><strong><em>non</em></strong></span> <span class='ocrx_word' id='word_1_812' title='bbox 2413 5481 2787 5538; x_wconf 87' lang='lat' dir='ltr'><strong><em>distrahantur</em></strong></span> <span class='ocrx_word' id='word_1_813' title='bbox 2838 5477 2984 5532; x_wconf 89' lang='lat' dir='ltr'><strong><em>circa</em></strong></span> <span class='ocrx_word' id='word_1_814' title='bbox 3029 5487 3119 5527; x_wconf 89' lang='lat' dir='ltr'><strong><em>res</em></strong></span> <span class='ocrx_word' id='word_1_815' title='bbox 3173 5466 3400 5529; x_wconf 90' lang='lat' dir='ltr'><strong><em>tnundi,</em></strong></span> <span class='ocrx_word' id='word_1_816' title='bbox 3437 5464 3538 5518; x_wconf 67' lang='lat' dir='ltr'><strong><em>ubi»</em></strong></span> 
     </span>
    </p>
   </div>
   <div class='ocr_carea' id='block_1_114' title="bbox 1941 5558 3535 5641">
    <p class='ocr_par' dir='ltr' id='par_1_114' title="bbox 1941 5558 3535 5641">
     <span class='ocr_line' id='line_1_114' title="bbox 1941 5558 3535 5641; baseline -0.016 -5"><span class='ocrx_word' id='word_1_817' title='bbox 1941 5558 2278 5636; x_wconf 76' lang='lat' dir='ltr'><strong><em>accesserint</em></strong></span> <span class='ocrx_word' id='word_1_818' title='bbox 2318 5574 2386 5632; x_wconf 91' lang='lat' dir='ltr'><strong><em>ad</em></strong></span> <span class='ocrx_word' id='word_1_819' title='bbox 2431 5575 2615 5639; x_wconf 79' lang='lat' dir='ltr'><strong><em>(idem,</em></strong></span> <span class='ocrx_word' id='word_1_820' title='bbox 2658 5569 2832 5641; x_wconf 80' lang='lat' dir='ltr'><strong><em>magis</em></strong></span> <span class='ocrx_word' id='word_1_821' title='bbox 2875 5562 3089 5622; x_wconf 89' lang='lat' dir='ltr'><strong><em>strenui</em></strong></span> <span class='ocrx_word' id='word_1_822' title='bbox 3121 5558 3428 5616; x_wconf 88' lang='lat' dir='ltr'><strong><em>redduntur</em></strong></span> <span class='ocrx_word' id='word_1_823' title='bbox 3469 5569 3535 5610; x_wconf 84' lang='lat' dir='ltr'><strong><em>ac</em></strong></span> 
     </span>
    </p>
   </div>
   <div class='ocr_carea' id='block_1_115' title="bbox 1943 5647 3531 5744">
    <p class='ocr_par' dir='ltr' id='par_1_115' title="bbox 1943 5647 3531 5744">
     <span class='ocr_line' id='line_1_115' title="bbox 1943 5647 3531 5744; baseline -0.018 -15"><span class='ocrx_word' id='word_1_824' title='bbox 1943 5673 2097 5744; x_wconf 88' lang='lat' dir='ltr'><strong><em>operi</em></strong></span> <span class='ocrx_word' id='word_1_825' title='bbox 2146 5669 2318 5742; x_wconf 86' lang='lat' dir='ltr'><strong><em>magis</em></strong></span> <span class='ocrx_word' id='word_1_826' title='bbox 2357 5667 2669 5723; x_wconf 86' lang='lat' dir='ltr'><strong><em>insistentes</em></strong></span> <span class='ocrx_word' id='word_1_827' title='bbox 2714 5676 2880 5734; x_wconf 89' lang='lat' dir='ltr'><strong><em>quam</em></strong></span> <span class='ocrx_word' id='word_1_828' title='bbox 2931 5656 3148 5712; x_wconf 86' lang='lat' dir='ltr'><strong><em>divites.</em></strong></span> <span class='ocrx_word' id='word_1_829' title='bbox 3202 5650 3336 5706; x_wconf 85' lang='lat' dir='ltr'><strong><em>Ideo</em></strong></span> <span class='ocrx_word' id='word_1_830' title='bbox 3367 5647 3531 5704; x_wconf 79' lang='lat' dir='ltr'><strong><em>etiam</em></strong></span> 
     </span>
    </p>
   </div>
   <div class='ocr_carea' id='block_1_116' title="bbox 1944 5740 3528 5829">
    <p class='ocr_par' dir='ltr' id='par_1_116' title="bbox 1944 5740 3528 5829">
     <span class='ocr_line' id='line_1_116' title="bbox 1944 5740 3528 5829; baseline -0.017 -8"><span class='ocrx_word' id='word_1_831' title='bbox 1944 5766 2211 5821; x_wconf 85' lang='lat' dir='ltr'><strong><em>Dominus</em></strong></span> <span class='ocrx_word' id='word_1_832' title='bbox 2247 5740 2390 5818; x_wconf 78' lang='lat' dir='ltr'><strong><em>tales</em></strong></span> <span class='ocrx_word' id='word_1_833' title='bbox 2434 5759 2597 5829; x_wconf 81' lang='lat' dir='ltr'><strong><em>elegit</em></strong></span> <span class='ocrx_word' id='word_1_834' title='bbox 2639 5754 2958 5825; x_wconf 87' lang='lat' dir='ltr'><strong><em>discipulos,</em></strong></span> <span class='ocrx_word' id='word_1_835' title='bbox 2993 5763 3132 5820; x_wconf 87' lang='lat' dir='ltr'><strong><em>quos</em></strong></span> <span class='ocrx_word' id='word_1_836' title='bbox 3168 5744 3333 5800; x_wconf 86' lang='lat' dir='ltr'><strong><em>etiam</em></strong></span> <span class='ocrx_word' id='word_1_837' title='bbox 3373 5740 3528 5812; x_wconf 86' lang='lat' dir='ltr'><strong><em>regni</em></strong></span> 
     </span>
    </p>
   </div>
   <div class='ocr_carea' id='block_1_117' title="bbox 1943 5840 3539 5916">
    <p class='ocr_par' dir='ltr' id='par_1_117' title="bbox 1943 5840 3539 5916">
     <span class='ocr_line' id='line_1_117' title="bbox 1943 5840 3539 5916; baseline -0.018 -5"><span class='ocrx_word' id='word_1_838' title='bbox 1943 5857 2188 5912; x_wconf 70' lang='lat' dir='ltr'><strong><em>ltmrctlcs</em></strong></span> <span class='ocrx_word' id='word_1_839' title='bbox 2217 5851 2531 5909; x_wconf 71' lang='lat' dir='ltr'><strong><em>declaravit.</em></strong></span> <span class='ocrx_word' id='word_1_840' title='bbox 2568 5869 2585 5901; x_wconf 83' lang='lat' dir='ltr'><strong><em>t</em></strong></span> <span class='ocrx_word' id='word_1_841' title='bbox 2618 5845 3007 5916; x_wconf 79' lang='lat' dir='ltr'><strong><em>Blasphcmant</em></strong></span> <span class='ocrx_word' id='word_1_842' title='bbox 3039 5840 3241 5894; x_wconf 78' lang='lat' dir='ltr'><strong><em>bonum</em></strong></span> <span class='ocrx_word' id='word_1_843' title='bbox 3271 5847 3539 5890; x_wconf 55' lang='lat' dir='ltr'><strong><em>nomen.)</em></strong></span> 
     </span>
    </p>
   </div>
  </div>
