3970 6634
403 415 513 479 ιτδ
1475 411 1881 509 (ΕουιιΕΝλιΙ
1920 411 2021 473 TR

2125 411 2214 471 ne
2251 366 2599 471 EPtSCOPI
3591 396 3717 463 476

402 526 615 583 Bonum
654 541 857 584 nomen
887 536 974 584 est
1003 542 1204 584 nomen
1238 544 1439 584 novum
1474 528 1629 599 juxta
1663 528 1983 600 prophetam
2014 572 2021 585 λ

2125 526 2239 590 sia;
2268 524 2558 590 ἀνέδειξεν.
2601 541 2620 575 ι
2659 518 3050 592 Βλασφημοῦσι
3097 515 3157 571 τὸ
3215 514 3380 571 καλὸν
3405 514 3642 584 ὄνομα.
3691 531 3714 563 ι

402 618 679 672 dicentem
714 633 726 670 :
769 636 788 671 ι
819 617 918 673 llis
954 618 1047 691 qui
1099 619 1230 675 mihi
1277 619 1524 677 serviunt
1562 620 1847 675 vocabitur
1884 634 1987 675 uo-

2125 620 2167 673 ’ὸ
2189 617 2353 672 καλὸν
2381 618 2571 687 ὄνομα.
2602 615 2811 684 Ὄνομα
2843 611 3050 677 καινὸν,
3080 609 3140 664 τὸ
3158 609 3300 663 κατά
3337 608 3435 662 τὸν
3466 606 3725 678 προφήο

404 725 530 774 men
562 724 765 765 novum
790 711 936 782 quod
965 711 1321 768 benedicetur
1348 727 1515 783 super
1541 727 1761 767 omnem
1792 712 1989 768 faciem

2125 728 2192 784 ην
2208 711 2300 765 τὸν
2322 711 2624 779 φάσκοντα,
2663 725 2682 760 ι
2719 708 2845 771 Τοῖς
2869 706 2926 759 δὲ
2950 702 3266 758 δουλεύουσι
3318 719 3408 773 μοι
3476 697 3721 770 κληθή-

2095 823 2249 860 σεται
2299 805 2471 876 ὄνομα
2521 802 2729 870 καινὸν,
2772 800 2801 855 δ
2836 797 3269 870 εὐλογηθήσεται
3318 796 3411 848 ἐπὶ
3466 793 3601 846 πᾶν
3651 788 3725 842 τὸ

2094 898 2387 969 πρόσωπον
2413 896 2508 967 τῆς
2546 895 2672 966 γῆς.
2707 913 2727 946 ι
2769 921 2837 933 --
2878 909 2898 944 ι
2949 889 3109 946 Κατὰ
3142 888 3239 960 τὴν
3269 886 3535 960 Γραφήν.
3575 901 3597 935 ι
3639 880 3725 937 Τὸ

2095 988 2515 1060 Δευτερονὸμιον
2549 986 2718 1055 λέγει.

495 1073 758 1142 1,10-15.
789 1071 1039 1141 Quisquis
1089 1071 1228 1125 enim
1286 1080 1452 1126 totam
1500 1069 1663 1142 legem
1706 1067 2007 1135 servaverit,

2167 1082 2379 1149 Ὅστις
2404 1082 2515 1151 γὰρ
2542 1080 2690 1134 ὅλον
2721 1062 2832 1133 τὸν
2878 1077 3070 1147 νόμον
3121 1070 3385 1143 τηρήσῃ,
3457 1068 3725 1137 πταίσῃ

423 1162 700 1235 offenderit
716 1174 890 1218 autem
915 1165 968 1217 in
995 1179 1120 1228 uno,
1142 1163 1317 1233 factus
1334 1172 1411 1218 est
1433 1163 1668 1218 omnium
1687 1160 1842 1217 reus.’
1863 1157 2007 1214 Nam

2125 1174 2165 1229 e
2201 1177 2270 1231 ἐν
2299 1173 2412 1240 ἐνὶ,
2443 1173 2652 1244 τέτονε
2675 1169 2918 1225 πάντων
2936 1168 3173 1238 ἔνοχος.
3224 1165 3288 1219 '0
3314 1156 3429 1234 γὰρ
3483 1160 3721 1224 εὶπὼν,

418 1258 510 1327 qui
533 1256 668 1311 dixit
694 1272 714 1311 :
734 1253 816 1310 Ne
830 1256 1124 1320 mae/ieris,
1147 1254 1282 1308 dixit
1305 1256 1486 1319 etiam,
1503 1254 1586 1309 Ne
1597 1254 1827 1308 occidas.
1853 1252 2007 1318 Quod

2125 1270 2198 1339 πῂ
2216 1267 2573 1339 μοιχεύσῃς,
2600 1260 2732 1320 εἷπε
2771 1261 2895 1324 καὶ,
2923 1258 3024 1327 Μὴ
3048 1256 3378 1330 φονεύσῃς.
3409 1256 3493 1309 El
3531 1251 3610 1306 δὲ
3642 1251 3724 1306 οὐ

416 1350 465 1403 si
478 1364 583 1402 non
596 1348 760 1417 [ueris
779 1350 1085 1411 mwchatus,
1102 1346 1352 1403 occideris
1367 1358 1560 1409 tamen.
1578 1347 1754 1417 factus
1768 1364 1821 1401 es
1841 1357 2008 1402 trans-

2125 1362 2452 1430 ιοιχεύσῃς.
2502 1357 2815 1429 φονεύσῃς
2873 1355 2962 1418 δὲ,
3024 1352 3277 1423 γέγονας
3333 1343 3725 1416 παραϐάτης

415 1457 624 1514 gressor
654 1441 804 1514 legis.
842 1442 927 1497 Ita
953 1441 1241 1513 loquamini
1278 1452 1326 1496 et
1358 1443 1436 1497 ita
1473 1442 1709 1512 [αι’ἰασίε,
1732 1441 1889 1496 ueluti
1914 1458 2008 1512 per

2125 1453 2309 1524 τῖμον.
2334 1452 2535 1517 Οὕτως
2565 1448 2828 1516 λαλεῖτε,
2856 1447 2956 1501 καὶ
2994 1445 3184 1509 οὕτως
3206 1440 3457 1505 ποιεῖτε,
3509 1438 3602 1502 ὡς
3619 1435 3725 1489 διὰ

417 1535 579 1606 legem
615 1535 878 1590 libertatis
897 1535 1200 1606 judicaudi.
1235 1534 1506 1608 Siquidem
1519 1535 1785 1605 judicium
1810 1536 2002 1606 absque

2125 1548 2287 1615 ’ὁμου
2325 1542 2671 1611 ἐλευθερίας
2692 1539 3027 1610 μέλλοντες
3065 1535 3396 1604 κρίνεσθαι.
3479 1530 3552 1583 Ἠ
3601 1527 3726 1595 γὰρ

417 1627 782 1684 misericordia
809 1629 911 1683 erit
945 1630 995 1684 ei
1021 1630 1109 1700 qui
1130 1645 1232 1683 nou
1269 1629 1517 1698 praestitit
1560 1629 2000 1684 misericordiam.

2125 1639 2300 1709 ιρίσις
2325 1634 2576 1699 ἀνέλεος
2620 1633 2701 1699 τῷ
2735 1631 2822 1702 μὴ
2884 1627 3210 1698 ποιήσαντι
3258 1625 3460 1689 ἕλεος.
3516 1624 3725 1676 Κατα-

418 1718 698 1775 Gloriatur
714 1730 888 1775 autem
904 1721 1267 1777 misericordia
1293 1721 1543 1775 adversus
1564 1720 1854 1790 judicium.

2125 1726 2399 1798 ιαυχᾶται
2428 1726 2496 1779 δὲ
2524 1724 2703 1778 ἔλεον
2725 1721 3001 1790 κρίσεως.
3060 1764 3067 1773 η

494 1824 513 1857 ι
546 1806 852 1863 Oll‘enderit
888 1820 1072 1866 autem
1113 1812 1167 1867 in
1207 1829 1338 1869 uno.
1370 1832 1389 1865 ι
1430 1812 1544 1870 Hoc
1573 1814 1719 1871 circa
1752 1814 2000 1873 dilectio-

2181 1839 2199 1871 ι
2222 1818 2432 1889 [Itale
2456 1816 2512 1870 δὲ
2526 1817 2584 1871 ὲν
2608 1814 2710 1869 ἑνί.
2732 1832 2753 1866 ι
2776 1811 2949 1866 Τοῦτο
2962 1810 3094 1880 περὶ
3127 1806 3346 1877 ἀγάπης
3375 1805 3613 1874 εἴρηκε,
3644 1802 3721 1855 δι’

417 1908 544 1950 nem
569 1896 729 1966 dixit,
748 1909 973 1970 propter
989 1918 1150 1972 quam
1168 1904 1334 1959 etiam
1356 1920 1570 1961 omnem
1600 1908 2001 1977 prazeedentem

2125 1916 2178 1987 ἦν
2234 1911 2328 1966 καὶ
2355 1910 2533 1963 πάντα
2560 1908 2655 1961 τὸν
2686 1905 2791 1977 πρὸ
2844 1902 3038 1958 τούτου
3095 1903 3376 1955 κατέτεινε
3404 1895 3586 1966 λόγον
3636 1895 3719 1958 εἱς

417 2000 729 2044 sermonem
780 1991 945 2048 latius
966 1994 1228 2050 disseruit
1279 1996 1759 2055 demonstrationis
1808 2000 2004 2071 gratia.

2125 2002 2481 2072 ιατασκευήν.
2544 1998 2619 2052 Τὸ
2645 1997 2725 2062 δὲ,
2772 1996 2849 2049 Οὐ
2898 1992 3234 2067 μοιχεύσεις,
3285 1990 3349 2044 οὐ
3383 1989 3719 2057 φονεύσεις,

2107 2096 2508 2166 ὕποδείγματος
2568 2091 2760 2162 εἴρηκε
2811 2088 2991 2161 χάριν.
3041 2084 3243 2140 Σκόπει
3291 2083 3349 2135 δὲ
3377 2083 3469 2136 ὅτι
3512 2079 3619 2134 καὶ
3647 2080 3721 2131 τά

408 809 568 855 ιρι-τω
590 800 654 855 ι’.
682 819 701 853 ι
724 831 791 843 --
809 819 828 854 ι
857 799 1020 858 Juxta
1048 803 1412 875 Scripturam.
1447 821 1467 857 ι
1504 802 1991 862 Deuteronomium

407 891 565 946 dicit.

417 2079 581 2153 5.55
608 2082 751 2139 Dixit
770 2095 975 2154 autem,
1002 2085 1087 2144 Ne
1118 2089 1432 2157 moeeheris,
1459 2106 1528 2147 ne
1556 2093 1798 2159 occidas,
1825 2109 2007 2150 exem-

419 2171 497 2242 pli
525 2187 710 2229 causa.
747 2174 1047 2233 Considera
1085 2188 1267 2235 tamen
1312 2183 1460 2252 quod
1499 2183 1746 2255 exempla
1786 2185 1897 2240 siut
1940 2200 2006 2240 ex

419 2267 562 2335 lege,
605 2275 878 2337 quatenus
906 2271 1229 2329 conferebat
1255 2274 1322 2330 ad
1347 2274 1719 2332 dilectionem.
1745 2272 1882 2334 Nam
1912 2280 2007 2350 qui

419 2355 666 2427 perfecte
702 2358 877 2429 diligit
917 2362 1248 2431 proximum,
1297 2365 1386 2421 hic
1426 2382 1605 2439 neque
1642 2371 2010 2427 mcecbabitur

419 2463 601 2519 neque
629 2451 861 2507 occidet.
897 2453 1025 2509 Haec
1053 2454 1201 2510 enim
1237 2457 1356 2527 ejus
1390 2470 1519 2516 sunt
1547 2459 1642 2531 qui
1678 2465 1866 2519 animo
1897 2464 2008 2519 iui-

420 2539 566 2596 mico
597 2541 830 2599 allectus
872 2553 959 2601 est
1000 2562 1127 2617 erga
1166 2551 1499 2620 proximum.
1552 2554 2010 2627 Quandoquidem

420 2632 529 2687 nisi
570 2633 645 2688 ita
683 2634 984 2713 diceretur,
1026 2640 1214 2698 nullus
1263 2643 1549 2700 hominum
1596 2647 1780 2704 salvus
1828 2651 2007 2716 ﬂeret,

423 2744 550 2785 cum
580 2730 751 2787 nemo
782 2748 884 2803 per
913 2734 1095 2790 omnia
1129 2744 1311 2790 servet
1343 2747 1746 2809 praeceptorum
1784 2740 2012 2813 integri-

422 2830 614 2878 tatem.
648 2824 752 2890 Qui
793 2825 941 2911 enim
993 2828 1303 2884 castitatem
1339 2830 1493 2886 verbi
1535 2846 1702 2889 causa
1746 2834 2008 2903 servavit,

423 2916 507 2973 ira
545 2918 818 2975 interdum
855 2930 1152 2991 superatus
1183 2930 1267 2979 est
1301 2940 1314 2977 :
1341 2931 1397 2979 et
1419 2924 1513 2995 qui
1546 2925 1891 2998 cleeinosyna
1920 2943 2013 2984 or-

424 3021 591 3069 natus
633 3020 736 3079 cst,
785 3012 990 3068 invidia
1036 3013 1291 3070 fortassis
1334 3014 1635 3073 olIuseatus
1677 3026 1782 3074 est.
1826 3018 2012 3090 itaque

424 3118 537 3157 non
565 3102 634 3159 de
663 3105 861 3174 quovis
890 3105 1096 3162 dictum
1133 3115 1215 3162 est
1245 3108 1337 3177 qui
1376 3109 1434 3164 in
1464 3110 1759 3167 virtutibus
1798 3113 2013 3171 nullum

2110 2189 2486 2258 ὑποδείγματα
2541 2186 2607 2239 ὲκ
2651 2182 2852 2246 τοῦηείς
2878 2181 3100 2250 ἀγάπην
3149 2173 3550 2236 συντελοῦντός
3602 2173 3719 2225 εισι

2108 2281 2296 2352 νόμου.
2325 2280 2384 2334 '0
2415 2278 2516 2348 γὰρ
2538 2276 2721 2329 τέλεον
2744 2272 2975 2342 ἀγαπῶν
3002 2271 3097 2325 τὸν
3122 2269 3372 2340 πλησίον,
3400 2260 3572 2331 οὗτος
3590 2262 3718 2319 οὐδὲ

2112 2369 2411 2443 μοιχεύσει,
2441 2368 2561 2423 οὐδὲ
2584 2368 2861 2437 φονεύσει.
2892 2361 3122 2434 Ἐχθροῢ
3170 2362 3285 2433 γὰρ
3334 2357 3522 2413 ταῦτα
3565 2354 3722 2410 οὕτω

2109 2461 2440 2525 διατιθέντος
2456 2460 2549 2512 τὸν
2574 2457 2827 2528 πλησίον.
2871 2456 3024 2509 Ἐπεὶ
3054 2455 3105 2507 εἰ
3151 2452 3228 2523 μὴ
3290 2450 3476 2514 τοῦτο,
3530 2446 3717 2508 οὐδεὶς

2108 2545 2177 2611 ἂν
2204 2554 2506 2624 ἀνθρώπων
2540 2550 2761 2620 σωθείη,
2807 2547 3025 2610 οὐδενὸς
3054 2545 3268 2617 ἔχοντος
3298 2543 3361 2597 τὸ
3389 2542 3485 2597 διὰ
3516 2542 3718 2596 πασῶν

2109 2646 2220 2701 τῶν
2252 2644 2480 2700 ἐντολῶν
2505 2642 2814 2706 ἀνελλιπὲς.
2862 2640 2921 2693 Ὀ
2950 2639 3062 2709 γὰρ
3105 2635 3352 2706 ἁγνείαν,
3378 2633 3551 2706 φέρε,
3610 2650 3714 2687 κα-

2109 2737 2442 2813 τωρθωκὼς,
2470 2736 2646 2808 θυμοῦ
2683 2734 2800 2790 ἐσθ’
2831 2735 2920 2789 ὅτε
2966 2732 3220 2803 ἡττᾶται.
3278 2730 3388 2783 Καὶ
3409 2732 3441 2783 ὁ
3471 2728 3717 2797 ἐλεημο-

2113 2830 2249 2905 σύνῃ
2277 2828 2781 2901 περιανθιζόμενος,
2820 2824 3111 2898 βασκανίᾳ,
3142 2821 3391 2891 εἰτύχοι,
3426 2817 3711 2891 ἠμαύρωο

2111 2942 2223 2979 ται.
2259 2923 2424 2976 Ὥστε
2475 2922 2536 2976 οὐ
2571 2921 2701 2991 περὶ
2759 2918 2961 2982 παντὸς
3012 2917 3254 2987 εἴρηται,
3290 2914 3387 2969 τοῦ
3431 2912 3589 2967 κατά
3616 2911 3719 2973 τὰς

2111 3016 2316 3090 ἀρετὰς
2380 3014 2720 3077 ἀνελλιποῦς,
2777 3011 2913 3085 ἀλλά
2946 3011 3077 3082 περὶ
3129 3008 3374 3091 ἀγάπης,
3398 3007 3479 3071 ὡς
3512 3006 3578 3059 οὒ
3607 3003 3713 3076 χρὴ

2115 3105 2723 3184 προσωποληπτοῶτας
2740 3103 3049 3168 ἀνελλιπῶς
3070 3101 3278 3172 ταύτην
3305 3099 3546 3184 ἀνύειν,
3596 3097 3714 3153 ἀλλ’

426 3194 627 3250 habeat
656 3195 952 3264 delectum,
979 3200 1075 3255 sed
1105 3200 1174 3255 de
1200 3196 1514 3270 dilectione,
1535 3204 1683 3275 quod
1714 3221 1825 3262 non
1851 3222 2016 3279 opor-

2125 3181 2401 3266 ὑλοτελῶς.
2429 3199 2603 3254 Τοῦτο
2625 3198 2684 3252 δὲ
2714 3196 2812 3252 καὶ
2837 3196 2969 3266 περὶ
3007 3193 3119 3248 τῶν
3148 3181 3323 3249 ἀλλων
3351 3190 3581 3263 ἀρετῶν
3612 3205 3717 3258 (pas

400 3294 540 3342 'tcat
567 3286 711 3342 hanc
732 3303 857 3343 cum
886 3289 1101 3346 defectu
1126 3305 1194 3346 ex
1223 3307 1579 3363 personarum
1602 3305 1856 3366 respectu
1883 3312 2013 3368 per—

431 3378 619 3446 ﬁcere,
652 3381 749 3437 sed
784 3380 1015 3455 integre.
1057 3381 1174 3440 Hoc
1205 3392 1390 3440 autem
1416 3386 1484 3442 de
1509 3386 1634 3443 aliis
1658 3403 1880 3459 quoque
1900 3389 2013 3445 vir-

430 3468 643 3524 tutibus
662 3470 911 3527 dicimus.
944 3469 1080 3528 Nam
1105 3473 1199 3543 qui
1224 3489 1336 3529 non
1364 3476 1602 3545 perfecte
1630 3479 1896 3535 modestis
1922 3487 2020 3537 aut

431 3561 597 3633 iustis
632 3563 799 3618 rebus
831 3562 984 3619 verbi
1017 3566 1192 3636 gratia
1222 3567 1479 3636 adhesit,
1507 3570 1606 3626 sed
1640 3585 1767 3627 cum
1800 3571 2020 3641 deiectu

436 3669 570 3710 usus
596 3653 782 3721 fuerit,
810 3656 897 3711 hic
918 3657 1276 3716 claudicando
1301 3661 1353 3714 in
1383 3662 1682 3720 tractandis
1703 3665 2016 3734 virtutibus,

437 3746 696 3802 universo
734 3747 950 3804 virtutis
997 3764 1230 3821 corpore
1267 3748 1492 3808 vitiatus
1521 3763 1629 3808 est.
1666 3744 2019 3827 lntelligenda

436 3844 523 3891 est
553 3836 718 3908 igitur
746 3838 831 3894 lex
860 3856 983 3910 qua:
1013 3839 1082 3895 de
1110 3841 1403 3899 dilectione
1432 3845 1562 3916 agit,
1588 3844 1657 3901 de
1686 3862 1794 3918 qua
1828 3848 2021 3918 praech-

438 3945 583 4001 pnus
618 3938 704 3986 est
750 3930 853 4001 ipsi
904 3946 1125 4004 scopus.
1170 3933 1371 4006 Legem
1416 3952 1549 3993 vero
1591 3937 1859 3996 libertatis
1891 3940 2025 3997 dicit

440 4034 565 4090 quae
619 4031 770 4078 caret
825 4033 1080 4095 respectu
1142 4040 1504 4097 personarum
1546 4044 1561 4083 :
1614 4045 1739 4100 qua:
1794 4040 1881 4087 est
1935 4033 2022 4088 lex

444 4112 670 4169 Christi.
718 4115 823 4182 Qui
873 4116 1023 4173 enim
1070 4132 1361 4188 personam
1415 4119 1663 4192 respicit,
1717 4138 1831 4179 non
1883 4124 2025 4182 liber

447 4214 552 4271 est,
599 4206 694 4262 sed
724 4223 915 4265 servus
949 4227 964 4271 ;
1010 4208 1184 4265 Nam:
1222 4228 1243 4264 ι
1281 4209 1456 4279 Aquo
1473 4210 1599 4279 quis
1613 4223 1906 4284 superatus
1943 4223 2027 4271 est

449 4302 569 4374 ejus
602 4310 657 4358 et
689 4317 881 4361 servus
910 4313 993 4359 est
1012 4303 1087 4369 "._
1110 4324 1130 4357 ι
1159 4335 1232 4344 --
1268 4324 1286 4357 ι
1314 4304 1592 4361 Judieium
1621 4306 1831 4377 absque
1859 4308 2029 4364 mise-

442 4395 685 4452 ricordia
712 4396 817 4453 erit
846 4398 920 4453 ei.
952 4417 971 4449 ι
1008 4396 1062 4452 Si
1099 4398 1365 4469 proximis
1397 4400 1775 4456 remiserimus
1807 4409 2029 4471 peccata

447 4488 649 4558 quibus
687 4488 742 4542 in
777 4504 880 4544 nos
909 4489 1280 4559 deliquerunt,
1306 4499 1355 4544 et
1393 4504 1594 4560 egenos
1624 4489 1716 4560 qui
1749 4490 1895 4545 inter
1928 4502 2031 4547 nos

2124 3312 2246 3367 μεν.
2275 3294 2371 3358 Ὃς
2395 3293 2506 3363 γὰρ
2539 3290 2615 3362 μὴ
2639 3289 2727 3345 διὰ
2759 3288 2950 3352 τέλους
2974 3287 3083 3341 τῶν
3133 3282 3518 3356 σωφρονικῶν,
3554 3282 3711 3352 φέρε.

2122 3386 2288 3460 ῆτῶν
2319 3386 2546 3441 δικαίων
2575 3382 2916 3453 ἀντισχηται,
2952 3379 3068 3435 ἀλλ’
3129 3377 3521 3447 ἐλλιπέστερον
3575 3373 3714 3445 χρή-

2125 3495 2310 3552 σηται,
2339 3470 2493 3541 οὗτος
2535 3473 2790 3548 χωλεύων
2846 3473 2977 3545 περὶ
3022 3471 3125 3545 τὴν
3176 3468 3589 3541 μεταχείρισιν,
3636 3464 3715 3534 τῷ

2126 3569 2291 3626 παντὶ
2315 3571 2414 3642 τῆς
2440 3568 2642 3641 ἀρετῆς
2661 3566 2970 3638 ελυμῄνατο
3010 3565 3246 3636 σώματι.
3274 3563 3435 3616 Ὀλον
3468 3561 3571 3615 οὖν
3625 3558 3715 3614 τὸν

2127 3662 2293 3734 νόμον
2306 3663 2399 3715 τὸν
2426 3660 2556 3731 περὶ
2577 3659 2677 3730 τῆς
2703 3659 2922 3730 ἀγάπης
2942 3656 3260 3722 ἀκουστέον,
3294 3655 3423 3725 περὶ
3450 3649 3521 3709 οὖ
3540 3666 3710 3724 11-9011-

2126 3755 2414 3827 γουμὲνως
2437 3752 2586 3822 αύτῷ
2611 3754 2639 3806 ὁ
2667 3744 2891 3815 σκοπός.
2928 3750 3113 3821 Νόμον
3163 3749 3223 3803 δὲ
3248 3747 3593 3820 ἐλευθερίας,
3624 3739 3713 3797 τὸν

2126 3844 2629 3919 ἀπροσωπό>.ηπτόν
2664 3859 2856 3915 φησιν,
2891 3843 2949 3906 ὅς
2980 3842 3129 3895 ἐστιν
3159 3842 3187 3895 ὁ
3215 3841 3310 3894 τοῦ
3345 3830 3614 3911 Χριστοῦ.
3653 3834 3711 3886 '0

2127 3942 2237 4012 γάρ
2266 3938 2767 4012 προσωπολήπτης,
2813 3937 2915 3990 οὐκ
2957 3934 3274 4006 ἐλεύθερος,
3303 3932 3442 3988 ἀλλὰ
3504 3929 3709 3988 δοῦλος.

2135 4053 2155 4088 ι
2186 4028 2259 4104 ᾯ
2279 4033 2389 4102 γάρ
2409 4048 2491 4095 τι
2509 4031 2762 4101 ἣττηται,
2790 4026 2966 4099 τούτῳ
2983 4027 3078 4080 καὶ
3104 4024 3451 4105 δεδούλωται.
3477 4043 3498 4077 ι
3517 4051 3585 4064 —-
3607 4039 3625 4073 ι
3647 4017 3709 4072 Ἡ

2128 4125 2238 4196 γὰρ
2264 4124 2444 4196 κρίσις
2478 4120 2799 4192 ἀνέλεος,τῷ
2835 4121 2910 4191 μὴ
2969 4119 3261 4190 ποιήσαντι
3320 4116 3498 4180 ἕλεος.
3535 4134 3557 4167 ι
3595 4109 3711 4166 Τῶν

2130 4217 2211 4281 εἰς
2237 4214 2466 4278 ἑαυτοὺς
2489 4213 2911 4284 ἁμαρτημάτων
2955 4210 3219 4280 ἀφιέντας
3249 4210 3401 4281 ἡμᾶς
3433 4210 3551 4270 τοῖς
3575 4204 3712 4273 πλη-

2133 4308 2269 4374 σίον,
2327 4308 2422 4361 καὶ
2473 4307 2587 4369 τοῖς
2636 4307 2746 4359 τῶν
2779 4305 3137 4374 ὐπαρχὸντων
3187 4305 3321 4373 ἡμῖν
3374 4300 3711 4373 μεταδόσεως

2133 4394 2528 4456 κοινωνοῦντας
2549 4392 2947 4467 τοῖςίὲνδεὲσιν,
2986 4394 3014 4445 ὁ
3037 4391 3147 4444 ἀπὸ
3180 4391 3277 4443 τοῦ
3294 4389 3432 4444 Θεοῦ
3463 4392 3548 4453 εἰς
3567 4385 3710 4456 ἡμᾶς

2134 4486 2281 4550 ἔλεος
2309 4486 2366 4538 ἐν
2402 4488 2469 4557 τῇ
2491 4484 2600 4539 τῶν
2623 4483 3007 4556 βεϐαιωμένων
3038 4483 3377 4555 ἀναλήψεται
3396 4478 3706 4550 διαγνώσει.

447 4587 596 4646 sunt,
638 4580 1111 4651 eleemosynarum
1153 4588 1467 4637 nostrarum
1503 4581 1797 4651 participes
1821 4580 2021 4651 deceri-

2139 4578 2298 4647 Μέγα
2332 4578 2443 4649 γὰρ
2474 4577 2534 4631 τὸ
2552 4577 2907 4647 κατόρθωμα,
2953 4575 3144 4645 ὥσπερ
3195 4576 3531 4635 ἀπεναντὶας
3575 4568 3707 4641 βαρὺ

447 4685 573 4726 mus
626 4689 642 4725 :
690 4670 745 4726 in
770 4670 1132 4738 {discussione
1173 4686 1364 4728 eorum
1409 4688 1531 4746 quae
1564 4674 1624 4730 in
1654 4674 1765 4728 vita
1805 4683 2025 4745 peracta

454 4771 607 4825 sunt,
638 4762 735 4817 Dei
773 4778 994 4833 quoque
1020 4764 1399 4821 misericordia
1425 4781 1524 4821 nos
1557 4764 1813 4836 excipiet.
1839 4764 2029 4836 Siqui-

460 4856 582 4911 dem
618 4856 673 4912 id
705 4858 1026 4928 praaelarum
1052 4867 1139 4915 est
1156 4858 1391 4923 facinus,
1413 4861 1874 4930 quemadmodum
1896 4876 1928 4916 e
1946 4860 2031 4916 dio

452 4961 614 5001 verso
639 4948 819 5020 gravis
847 4949 1237 5005 condemnatio
1269 4950 1376 5005 illis
1404 4951 1510 5006 erit
1537 4950 1627 5022 qui
1662 4966 1773 5007 non
1808 4950 2035 5007 fuerunt

453 5036 597 5092 bene
630 5053 696 5094 ac
726 5039 813 5109 pie
846 5040 1028 5096 allecti
1075 5028 1219 5112 erga'
1240 5055 1353 5096 suae
1388 5042 1553 5098 sortis
1589 5044 1860 5099 homines.
1898 5042 2033 5098 Nam

456 5141 552 5182 eos
582 5128 674 5198 qui
714 5143 1035 5199 permanent
1073 5130 1227 5187 nullo
1268 5131 1633 5189 condolentiae
1665 5132 1865 5189 affectu
1902 5132 2037 5188 moti

454 5236 586 5295 erga
625 5223 904 5292 proximos
947 5223 1043 5295 qui
1090 5224 1145 5279 in
1199 5239 1260 5281 se
1298 5225 1673 5297 deliquerunt,
1717 5227 1848 5282 mali
1892 5225 2036 5282 servi

436 5314 844 5372 condemnatio
899 5316 1322 5387 complectetur,
1363 5333 1472 5373 una
1504 5334 1630 5374 cum
1663 5318 2033 5375 retributione

456 5421 582 5476 qua:
634 5406 692 5461 in
732 5407 985 5464 oratione
1038 5409 1322 5466 Dominica
1369 5411 1709 5483 designatur.
1765 5411 1842 5466 lbi
1893 5404 2039 5466 enim

460 5498 701 5569 petimus
739 5514 770 5555 a
808 5498 919 5558 Deo
954 5510 1012 5556 ut
1048 5501 1208 5558 nobis
1250 5503 1495 5558 remittat
1533 5504 1677 5560 sicut
1706 5509 1763 5557 et
1800 5516 1902 5557 nos
1945 5516 2037 5557 re-

464 5591 732 5647 mittimus
800 5592 882 5649 eis
937 5594 1029 5665 qui
1088 5595 1144 5650 in
1222 5610 1326 5652 nos
1393 5594 1764 5665 deliquerunt.
1819 5594 1889 5650 Et
1941 5608 2039 5650 eos

458 5685 558 5757 (ιςιί
623 5685 747 5742 duri
786 5696 987 5757 sunt,
1048 5688 1308 5760 nulloque
1370 5687 1763 5745 misericordia:
1833 5686 2036 5745 all‘ectu

581 5866 622 5900 ⁸⁹
655 5866 755 5925 Isa.
785 5870 997 5939 1.x",2.
1075 5872 1119 5904 ²⁰
1147 5868 1360 5926 lll‘etr.
1415 5884 1476 5933 ιι,
1525 5869 1609 5925 l9.

2133 4670 2195 4723 τὸ
2223 4670 2544 4739 κατάκριμα
2574 4672 2686 4734 τοῖς
2713 4674 2789 4740 μὴ
2813 4668 2951 4738 πρὸς
2983 4653 3065 4722 το
3089 4666 3363 4737 ὁμόφυλον
3412 4661 3710 4719 εύσυνειδό·

2135 4776 2243 4823 τως
2295 4757 2641 4814 διατεθείσιν.
2697 4758 2820 4812 Ἐπί
2855 4774 2916 4812 τε
2947 4758 3059 4829 γὰρ
3101 4758 3213 4812 τῶν
3240 4760 3320 4821 εἰς
3344 4756 3571 4818 ἑαυτοὺς
3611 4750 3708 4805 ὑπὸ

2138 4857 2249 4909 τῶν
2270 4855 2497 4926 πλησίον
2532 4853 3037 4926 πλημμεληθέντων
3082 4850 3429 4924 ἀσυμπαὸὦς
3472 4850 3707 4915 διαγενο-

2144 4948 2346 5020 μένων,
2371 4947 2434 5001 τδ
2456 4946 2549 5001 τοῦ
2582 4946 2821 5018 πονηροῦ
2848 4946 3038 5001 δούλου
3080 4946 3404 5017 κατάκριμα
3439 4952 3706 5015 περιστοι-

2136 5038 2304 5111 χισει,
2340 5038 2478 5111 μετά
2503 5040 2600 5092 καὶ
2630 5038 2724 5092 τοῦ
2752 5040 2812 5092 ὲν
2846 5040 2912 5109 τῇ
2941 5039 3073 5110 εὐχῇ
3098 5037 3567 5107 ἀνταποδὸματος.
3601 5028 3704 5085 Καὶ

2138 5132 2249 5203 γὰρ
2266 5130 2486 5202 ἀφιέναι
2507 5134 2641 5203 ἡμῖν
2662 5132 2778 5186 ἐκεῖ
2811 5133 2845 5202 ὴ
2867 5132 3083 5203 αἴτησις
3131 5130 3270 5202 πρὸς
3310 5128 3467 5196 Θεὸν,
3530 5119 3703 5180 καθὼς

2143 5214 2237 5276 καῖ
2267 5224 2432 5293 ἡμεῖς
2487 5224 2601 5285 τοῖς
2629 5222 2711 5285 εἰς
2756 5223 2904 5293 ἡμᾶς
2953 5219 3416 5291 πλημμελήσασιν
3457 5216 3697 5286 ἀφίεμεν.

2143 5316 2256 5370 Καὶ
2310 5317 2423 5379 τοῖς
2477 5314 2722 5384 ἀνηλεῶς
2755 5315 2874 5385 ἦτοι
2924 5313 3302 5382 ἀκοινωνήτως
3334 5311 3428 5366 καὶ
3464 5300 3702 5377 σκληρῶς

2150 5407 2290 5479 πρὸς
2322 5407 2448 5471 τοὺς
2469 5407 2769 5478 χρῄζοντας
2825 5405 3149 5477 σωματικῆς
3196 5402 3547 5475 παραμυθίας
3590 5395 3701 5449 δια-
3736 5402 3743 5409 “

2146 5500 2443 5570 κειμένοις,
2473 5499 2698 5561 ἀνίλεως
2724 5498 2817 5551 καὶ
2843 5498 2877 5567 ή
2908 5496 3088 5568 κρίσις
3127 5494 3433 5565 ἀπαντήσει
3463 5487 3597 5547 κατά
3617 5482 3700 5536 τὸν

2147 5591 2392 5664 παρόντα
2414 5590 2593 5659 λόγον.
2629 5609 2648 5643 ι
2684 5589 3116 5659 Κατακαύχᾶται
3142 5586 3202 5641 δὲ
3236 5585 3387 5641 ἔλεον
3422 5582 3692 5654 κρίσιν)ςά

2145 5684 2209 5739 Οἱ
2238 5681 2345 5756 γὰρ
2366 5683 2657 5754 ἐλεήμονες
2688 5679 3100 5753 ἐλεηθήσονται,
3157 5677 3295 5735 κατὰ
3326 5674 3423 5748 τὴν
3451 5670 3544 5731 τοῦ
3595 5667 3699 5722 Κυ-
