3970 6570
207 399 311 463 ΛΠ

1076 396 1460 463 COMMENT.
1502 400 1586 463 IN
1624 401 1860 464 EPIST.
1906 402 2224 466 ρωποι..
2266 386 2585 468 ιΑοοΒ[.ζ

3358 408 3467 475 478

206 508 325 577 ρίου
365 503 689 573 ἀπόφανσιν.
710 505 802 558 Ἃ)
814 504 921 567 λως
954 522 1011 558 τε
1031 506 1125 559 καὶ
1146 506 1195 559 εἰ
1218 506 1635 579 εἰδωλολάτραις
1664 514 1695 564 ὁ
1717 510 1773 560 ἐν

1881 521 2169 575 moventur
2190 527 2314 585 erga
2336 512 2454 569 illos
2474 514 2565 586 qui
2590 514 2860 586 corporali
2881 490 3464 588 egent'consolatione;

205 598 438 667 πένησιν
468 597 752 667 οίκτιρμδς
789 597 1093 667 ἐξαλείφειν
1119 598 1347 655 δύναται
1382 602 1656 675 ἁμαρτίας
1682 606 1779 677 (ὡς

1905 602 2172 672 judicium
2212 620 2430 676 quoque
2471 604 2711 677 excipiet
2749 607 2868 663 sine
2909 608 3281 665 misericordia
3309 610 3463 681 juxta

200 690 357 762 ἐντῷ
392 690 592 763 Δανιὴλ
618 690 982 761 ἠκούσαμεν),
1012 691 1065 745 τί
1094 691 1195 746 οὐκ
1243 692 1310 747 ἂν
1359 694 1655 765 ἐργάσαιτο
1688 699 1785 753 ἐπὶ

1890 703 2218 762 praesentem
2264 709 2597 751 sermonem.
2634 715 2653 750 ι
2683 694 2965 753 Gloriatur
3012 706 3194 753 autem
3241 699 3465 753 miseri-

198 780 414 834 πιστῶν
432 780 767 851 ἀνθρώπων;
789 780 1013 836 Τοιοῦτο
1044 782 1101 837 δὲ
1144 784 1197 837 τί
1251 801 1344 855 μοι
1373 785 1523 841 δοκεῖ
1553 783 1707 854 οὗτος
1754 791 1783 843 ὀ

197 872 350 934 ἔλεος
381 874 841 943 διαπράττεσθαι,
876 877 1015 945 ὅπερ
1050 878 1144 932 ἐπὶ
1181 878 1289 933 τῶν
1322 879 1573 952 ἀθλητῶν
1622 883 1782 939 τοῦτο

197 964 264 1037 δὴ
296 966 362 1019 τὸ
386 966 501 1021 ἀπὸ
532 966 642 1020 τῶν
692 967 926 1038 δένδρων
971 968 1402 1041 ὲπαλειφόμενον
1434 971 1632 1028 ἔλαιον.
1666 977 1783 1029 Διο-

195 1058 500 1115 λισθαίνειν
527 1059 639 1132 γὰρ
663 1061 861 1124 αὐτοὺς
903 1060 1090 1115 δίδωσι
1135 1063 1236 1127 τὰς
1297 1063 1407 1118 τῶν
1467 1064 1782 1121 ἀντιπάλων

197 1152 394 1219 λαϐάς.
421 1155 586 1209 Οὕτω
620 1157 715 1209 καὶ
745 1154 802 1208 ἒν
824 1156 890 1226 τῇ
916 1154 1247 1229 παγκοσμίῳ
1275 1157 1475 1227 κρίσει,
1502 1156 1601 1224 τάξ
1632 1158 1781 1230 παρὰ

194 1242 303 1295 τῶν
330 1246 665 1315 κατηγόρων
686 1244 846 1314 ἡμῶν
891 1246 1162 1315 δαιμόνων
1205 1248 1472 1319 ἐπιφορὰς
1512 1244 1781 1321 διαδιδρά-

197 1332 349 1384 σκειν
377 1331 683 1403 παρέξεται
724 1334 752 1386 ὀ
790 1332 869 1397 είς
917 1334 1047 1397 τοὺς
1083 1333 1310 1405 πλησίον
1338 1335 1494 1404 ἡμῶν
1524 1335 1779 1400 ἔλεος.-

196 1422 455 1490 Ἀλλως.
492 1441 513 1476 ι
573 1422 639 1476 Ἦ
664 1423 773 1494 γὰρ
803 1425 985 1495 κρίσις
1034 1426 1272 1490 ἀνέλεος.
1305 1445 1324 1478 ι
1366 1427 1432 1479 Ἦ
1477 1426 1780 1496 αίτιολογία

193 1511 562 1593 πρδςντοὺςὲξ
582 1514 851 1584 ἀπηνείας
881 1515 1021 1583 ἄγαν
1048 1514 1110 1571 τὸ
1144 1514 1514 1589 {importatbe
1551 1519 1631 1580 είς
1652 1518 1782 1582 τοὺς

193 1603 616 1675 εὐτελεστέρους
679 1606 739 1658 ὲν
794 1596 1232 1678 προσωᾶτοληψίᾳ
1277 1594 1775 1679 ἐπιδεικνυμένους.

193 1691 486 1747 Μαλάσσει
516 1689 611 1748 οὖν
636 1694 817 1748 αὐτῶν
848 1695 910 1749 τὸ
936 1695 1142 1766 ἀπηνὲς
1177 1697 1271 1750 καὶ
1303 1695 1536 1768 σκληρὸν
1561 1700 1627 1768 τῇ
1646 1698 1778 1750 ἁπο-

194 1784 387 1853 φάνσει
421 1784 599 1859 ταύτῃ
632 1785 833 1854 φοϐῶν,
888 1787 1130 1841 τοιοῦτόν
1166 1805 1217 1842 τι
1244 1788 1440 1858 λέγων’
1505 1789 1564 1841 '0
1614 1789 1777 1859 νόμος

192 1877 415 1948 ἀγαπᾷν
445 1877 541 1932 τὺν
567 1878 793 1949 πλησίον
844 1882 1138 1953 παρεγγυᾷ
1183 1881 1259 1947 ὡς
1297 1882 1508 1939 ἑαυτόν.
1564 1881 1776 1955 Ὠσπερ
1811 1865 1849 1920 Β

168 1967 242 2021 -δὲ
265 1968 408 2039 πρὸς
440 1970 637 2024 ἑαυτὸν
657 1971 719 2024 οὐ
773 1973 1240 2043 προσωποληπτεῖ
1282 1984 1373 2038 ’τις
1422 1973 1617 2046 (μανία
1667 1975 1776 2045 γὰρ

191 2058 394 2131 τοῦτο),
423 2061 572 2116 οὕτω
599 2062 735 2134 μηδὲ
766 2065 829 2119 σὺ
866 2066 1345 2138 προσωπολήπτει.
1372 2066 1436 2120 Et
1470 2067 1526 2120 δὲ
1549 2067 1609 2133 ἐξ
1639 2068 1776 2120 ἁπο-

191 2151 335 2215 νοίας
360 2155 468 2208 καὶ
491 2154 862 2228 σκληρότητος
910 2159 1004 2213 ἐπὶ
1037 2152 1499 2231 προσωποληψίαν
1553 2162 1774 2231 χωρεῖς,

195 2244 360 2313 φοϐοῦ
389 2246 596 2318 μήπως
617 2250 713 2303 καὶ
739 2251 900 2315 αὐτὸς
928 2251 1036 2305 τῶν
1068 2251 1269 2322 ὁμοίων
1305 2252 1471 2326 τεύξῃ
1509 2253 1658 2325 παρὰ
1683 2251 1772 2309 τοῦ

191 2337 400 2391 δικαίου
459 2336 671 2410 κριτοῦ,
728 2345 823 2397 καὶ
886 2343 1217 2416 ἀποκλείσῃς
1267 2344 1479 2415 σεαυτῷ
1533 2346 1626 2399 τὸν
1680 2345 1774 2399 ἀπ’

193 2430 403 2483 ἐκείνου
435 2430 610 2488 ἔλεον.
657 2431 726 2486 Ἠ
770 2432 881 2505 γὰρ
928 2435 1110 2506 κρίσις
1147 2435 1384 2499 ἀνέλεος.
1420 2455 1436 2488 ι
1480 2438 1774 2501 Κατακμυ·

193 2521 457 2590 χᾶταιδὲ,
491 2540 510 2574 ι
540 2523 662 2577 ἀντὶ
709 2524 827 2589 τοῦ,
861 2527 1011 2598 νικᾷ,
1066 2528 1518 2599 καταγωνίζεται,
1578 2529 1772 2600 array.-

194 2612 393 2669 ὄλύνει.

1888 784 2077 838 cordia
2105 785 2369 844 adversus
2390 786 2682 858 judicium.
2716 807 2735 841 ι
2767 787 3046 861 Siquidem
3077 787 3467 845 misericordes

1887 874 2322 932 misericordiam
2350 888 2754 949 consequentur
2775 880 2934 951 juxta
2962 878 3178 935 Domini
3238 885 3465 935 senten-

1888 958 2020 1016 tiam
2045 960 2106 1013 ’ἢ
2129 958 2294 1032 456
2314 960 2580 1017 Praeterea
2600 977 2817 1033 quoque
2839 963 2882 1016 si
2907 964 2956 1016 in
2982 960 3285 1017 idololatris
3304 961 3472 1022 mise-

1887 1049 2128 1109 ricordia
2183 1066 2310 1123 erga
2378 1066 2643 1124 pauperes
2705 1060 2885 1123 putest
2957 1053 3140 1110 delere
3212 1058 3459 1124 peccata,

1889 1139 2350 1213 quemadmodum
2385 1139 2440 1196 in
2472 1141 2695 1199 Daniele
2739 1142 3034 1199 didicimus
3064 1142 3135 1209 ",
3182 1140 3315 1212 quid
3352 1154 3465 1197 non

1886 1235 2127 1294 eﬁiceret
2164 1237 2220 1293 in
2253 1237 2505 1295 ﬁdelibus
2540 1238 2891 1296 hominibus?
2923 1238 3056 1293 Tale
3093 1246 3275 1294 autem
3307 1237 3466 1306 quid—

1883 1329 2007 1385 dam
2045 1331 2261 1387 videtur
2301 1330 2435 1387 mihi
2476 1332 2593 1387 hrec
2624 1330 3002 1386 misericordia
3036 1328 3269 1396 efﬁcere,
3300 1328 3459 1399 quale

1848 1484 1854 1490 ,
1883 1423 1989 1478 hoc
2012 1421 2190 1480 oleum
2222 1423 2290 1479 ab
2312 1423 2597 1480 arboribus
2626 1436 2876 1490 manans,
2899 1424 2954 1478 in
2988 1422 3210 1478 athletis
3239 1420 3454 1475 illitum.

1884 1515 1984 1572 Dat
2007 1516 2153 1572 enim
2183 1517 2328 1572 istud
2364 1506 2528 1584 elabi,
2562 1530 2637 1572 ne
2661 1514 2730 1571 ab
2760 1514 3088 1571 adversariis
3119 1520 3411 1593 teneantur
3437 1524 3453 1565 :

1882 1616 1936 1663 et
1964 1608 2046 1662 ita
2083 1607 2247 1663 etiam
2287 1608 2342 1662 in
2378 1607 2677 1664 universali
2708 1607 2919 1679 judicio
2959 1604 3335 1661 misericordia
3367 1619 3464 1659 no-

1881 1711 1994 1758 stra
2022 1718 2148 1773 erga
2181 1717 2382 1773 egenos
2406 1701 2559 1757 dabit
2583 1700 2824 1772 eﬁ‘ugere
2855 1700 3094 1770 i'mpetus
3118 1712 3184 1752 ac
3217 1697 3460 1768 pericula

1882 1811 2003 1866 quae
2042 1812 2071 1850 a
2113 1794 2453 1850 daemonibus
2493 1793 2908 1849 accusatoribus
2952 1792 3157 1846 nostris
3206 1789 3462 1844 immine-

1880 1888 2037 1942 bunt.
2062 1917 2133 1928 —
2160 1887 2281 1941 Alio
2328 1888 2500 1942 modo.
2542 1907 2559 1938 ι
2586 1886 2858 1942 Judicium
2902 1884 3107 1953 absque
3147 1881 3461 1936 miscricor-

1881 1979 1992 2034 dia.
2031 1998 2048 2029 ι
2084 1978 2276 2034 Causa:
2314 1978 2548 2033 redditio
2581 1989 2662 2033 est
2701 1978 2962 2033 adversus
3001 1990 3096 2030 eos
3130 1973 3222 2044 qui
3262 1972 3457 2027 fastum

1882 2076 1936 2123 et
1966 2067 2335 2139 arrogantiam
2372 2083 2565 2140 magna
2609 2066 2814 2122 saevitia
2855 2066 3305 2121 demonstrarunt
3334 2079 3457 2132 erga

1881 2157 2205 2229 abjcctiores
2231 2166 2355 2216 cum
2384 2164 2636 2230 reSpectu
2668 2170 3054 2229 personarum.
3088 2154 3246 2210 Lenit
3276 2153 3458 2223 itaque

1881 2256 2072 2307 eorum
2106 2250 2486 2309 crudelitatem
2515 2267 2579 2307 ac
2608 2251 2893 2315 duritiam,
2917 2250 3019 2304 hac
3046 2247 3319 2305 sententia
3352 2257 3458 2301 ter-

1879 2359 2029 2411 rens,
2070 2360 2133 2399 ac
2168 2344 2214 2400 si
2251 2343 2460 2400 diceret
2494 2362 2506 2398 :
2543 2342 2652 2398 Lex
2679 2341 2835 2414 jubet
2877 2339 3187 2412 proximum
3230 2337 3459 2407 diligere

1878 2443 2021 2498 sicut
2058 2439 2302 2510 seipsum
2346 2453 2361 2492 :
2401 2434 2866 2509 quemadmodum
2914 2433 3083 2502 igitur
3124 2445 3288 2486 nemo
3328 2442 3456 2501 erga

1877 2531 2120 2603 seipsum
2148 2545 2442 2603 personam
2472 2528 2697 2599 respicit
2718 2526 2869 2598 (nam
2893 2524 2954 2582 id
2981 2524 3232 2579 insanum
3264 2524 3453 2590 esset),

1877 2624 1952 2679 ita
1980 2637 2159 2694 neque
2191 2633 2248 2678 tu
2279 2634 2573 2694 personam
2610 2617 2892 2691 respicias.
2939 2616 3096 2683 Quod
3131 2614 3177 2671 si
3207 2629 3273 2670 ex
3306 2628 3458 2668 arro-

193 2712 370 2781 gantia
412 2719 472 2768 et
516 2711 715 2770 duritia
749 2714 816 2770 ad
860 2730 1108 2785 persona
1153 2726 1462 2789 respectum
1496 2717 1759 2784 deﬂectis,
1779 2719 1910 2776 time
1945 2736 2013 2776 ne
2044 2735 2153 2792 quo
2187 2719 2352 2776 modo
2391 2717 2509 2789 ipse
2544 2730 2762 2789 quoque
2803 2713 2999 2770 similia
3027 2728 3059 2767 a
3089 2711 3238 2783 justo
3271 2708 3458 2781 judice

195 2804 568 2873 consequaris,
622 2822 688 2863 ac
733 2806 991 2864 excludas
1051 2823 1082 2862 a
1148 2808 1322 2881 teipso
1383 2810 1530 2869 illius
1593 2811 2029 2870 misericordiam
2080 2829 2096 2867 :

2155 2811 2436 2885 Siquidem
2483 2808 2753 2883 judicium
2803 2807 3009 2878 absque
3058 2799 3456 2866 misericordia,

198 2906 303 2956 etc.
338 2897 652 2956 «Gloriatur
698 2911 879 2957 autem
906 2902 1277 2960 misericordia
1309 2903 1575 2963 adversus
1597 2903 1888 2976 judicium.
1919 2923 1937 2956 ι
1964 2902 2088 2961 Hoc
2118 2912 2223 2971 est,
2255 2903 2443 2973 vincit,
2480 2911 2775 2974 expugnat,
2808 2898 3062 2956 obtundit
3089 2898 3172 2955 vel
3214 2897 3464 2957 hebetata

809 3015 1060 3069 ΚΕΦΑΛ.
1087 3017 1162 3071 Δ’.

204 3119 321 3182 ὀτι
343 3128 466 3202 οὐκ
491 3129 566 3202 ἐκέ
591 3130 853 3197 πίστεως
883 3130 1106 3202 μόνον,
1126 3130 1288 3186 ἀλλὰ
1317 3131 1414 3185 καί
1444 3131 1515 3196 ἐξ
1560 3133 1752 3202 ἔργων

258 3201 358 3274 καὶ
394 3198 519 3274 0332i
543 3198 897 3274 éxﬂazégoo
959 3201 1181 3269 ίδικῶς,
1221 3202 1361 3258 ἀλλ’
1420 3203 1490 3268 ἐξ
1551 3198 1775 3274 ἀμφοῖν

262 3269 383 3339 ἅμα
412 3270 750 3326 δικαιοῦται
786 3270 1120 3340 ἄνθρωπος.

1755 3173 1771 3197 ,
1873 3131 2023 3198 Quod
2052 3147 2156 3186 non
2183 3145 2248 3186 ea:
2275 3133 2391 3184 sola
2424 3128 2502 3199 βό

2492 3016 2721 3073 CAPUT
2759 3015 2853 3071 iV.

2504 3146 2552 3192 ε,
2584 3126 2673 3182 sed
2694 3127 2861 3181 etiam
2887 3141 2952 3179 ea:
2981 3123 3241 3191 operibus,
3275 3131 3323 3174 et
3352 3137 3455 3175 non

1940 3218 2005 3325 ea:
2028 3202 2195 3256 altero
2220 3193 2457 3267 seorsiui,
2481 3200 2572 3254 sed
2599 3197 2759 3252 simul
2783 3211 2847 3251 ea:
2874 3195 3107 3265 utrisque
3126 3193 3455 3263 iustiﬁcetur

1960 3289 2119 3325 ιοηιο.

1960 3289 2119 3327 ιοηιο.

265 3363 329 3418 71
361 3363 430 3417 τὸ
461 3362 703 3433 ὄφελος,
748 3363 1003 3434 ἀδελφοί
1041 3382 1183 3434 μου,
1210 3364 1318 3420 ἐὰν
1356 3367 1567 3422 πίστιν
1619 3370 1767 3441 λέγῃ

1942 3363 2006 3432 ll,
2034 3363 2210 3418 14-19.
2250 3362 2379 3430 Qua:
2411 3360 2637 3425 utilitas,
2663 3358 2853 3429 fratres
2891 3357 3012 3424 mei,
3046 3356 3092 3411 si
3125 3353 3279 3425 [idem
3309 3351 3450 3405 dicat

197 3475 281 3523 τις
307 3457 506 3529 ἔχειν,
539 3456 684 3526 ἔργα
706 3454 774 3511 δὲ
795 3455 883 3526 μὴ
912 3456 1061 3526 Exn;
1096 3456 1193 3528 Μὴ
1223 3457 1472 3519 δύναται
1501 3458 1539 3525 ἢ
1567 3460 1772 3529 πίστις

199 3548 388 3604 σῶσαι
417 3549 610 3603 αὐτόν
625 3565 647 3613 ;
678 3548 820 3603 Ἐὰν
846 3548 915 3602 δὲ
943 3549 1210 3619 ἁδελφὸς
1236 3549 1271 3619 ἢ
1295 3549 1531 3621 ἀδελφὴ
1557 3553 1770 3624 γυμνοὶ

199 3640 535 3711 ὑπάρχωσι,
559 3639 659 3694 καὶ
682 3642 1026 3710 λειπόμενοι
1047 3635 1156 3697 ὦσι
1192 3641 1296 3709 τῆς
1320 3641 1619 3712 ἐφημέρου
1636 3662 1740 3716 τρο
1758 3675 1773 3688 -

198 3734 333 3804 φῆς.
356 3735 502 3804 διέτη
558 3734 626 3789 δέ
677 3752 770 3804 τις
799 3735 1005 3801 αὐτοῖς
1035 3735 1104 3800 ἐξ
1136 3735 1324 3804 ὑμῶν,
1365 3735 1654 3808 ’Υπὰγετε
1703 3741 1774 3793 ἐν

202 3828 430 3898 εἰρήνῃ,
466 3824 860 3897 θερμαίνεσθε
890 3826 983 3880 και
1018 3827 1396 3899 χορτάζεσθεο
1417 3827 1503 3898 μὴ
1530 3827 1682 3883 δῶτε
1704 3831 1772 3883 δὲ

202 3919 395 3985 αὐτοῖς
420 3919 492 3974 τὰ
515 3918 820 3988 ἐπιτήδεια
855 3918 961 3974 τοῦ
995 3918 1293 3988 σώματος,
1320 3920 1378 3973 τι
1412 3920 1479 3973 τὸ
1505 3918 1726 3988 ὄφελος
1753 3937 1772 3984 ;

206 4010 469 4066 οὕτωκαὶ
494 4011 533 4081 ἡ
564 4012 791 4078 πίστις.
819 4010 928 4065 ἐὰν
969 4011 1054 4081 μὴ
1088 4008 1232 4081 ἔργα
1274 4011 1404 4080 ἔχῃ,
1429 4006 1609 4080 νεκρά
1640 4015 1772 4067 ἐστι

201 4103 321 4160 καθ’
340 4103 590 4170 ἑαυτήν.
647 4104 803 4159 Ἀλλ’
853 4104 981 4173 ἐρεῖ
1025 4119 1145 4171 τις⁸
1190 4105 1275 4159 Σὺ
1319 4105 1529 4159 πίστιν
1587 4100 1769 4173 ἔχεις,

202 4195 354 4263 κάγὼ
377 4196 524 4268 ἔργα
554 4196 693 4266 ἔχω.
724 4197 929 4263 Δεῖξόγ
956 4215 1057 4267 μοι
1078 4196 1194 4266 τὴν
1218 4199 1429 4253 πίστιν
1453 4213 1592 4262 σου,
1612 4196 1772 4265 κάγὼ

201 4286 368 4353 δείξω
416 4303 518 4342 σοι
577 4286 646 4349 ἐκ
683 4284 804 4340 τῶν
848 4287 1038 4357 ἔργων
1063 4304 1182 4356 μου
1228 4287 1345 4357 τὴν
1379 4287 1591 4343 πίστιν
1626 4303 1766 4356 μου.

203 4377 274 4431 Σὺ
294 4378 597 4444 πιστεύεις
627 4377 718 4431 ὅτι
747 4380 779 4432 ὀ
804 4377 955 4444 Θεὸς
1000 4372 1088 4444 εἷς
1118 4378 1251 4432 ἐστι
1274 4396 1293 4444 ;
1327 4378 1536 4446 Καλῶς
1559 4381 1767 4447 ποιεῖς.

202 4471 302 4525 Καὶ
324 4470 397 4525 τὰ
425 4470 705 4541 δαιμόνια
730 4473 1091 4526 πιστεύουσι
1117 4473 1212 4525 καὶ
1247 4474 1604 4542 φρίσσουσι.

266 4563 465 4616 Σκόπει
500 4564 880 4634 πνευματικὴν
914 4562 1150 4616 σύνεσιν.
1176 4563 1249 4617 Οὐ
1278 4563 1384 4635 γὰρ
1423 4559 1545 4619 εἷπε
1584 4564 1765 4635 μόνον,

214 4652 332 4707 Ἐὰν
347 4653 530 4706 πίστιν
548 4652 701 4726 ἔχῃς,
729 4653 887 4720 ἀλλὰ,
910 4654 976 4709 Τί
993 4654 1053 4708 τὸ
1073 4654 1263 4724 ὄφελος
1284 4670 1298 4720 ;
1316 4654 1571 4728 Ὠσπερεὶ
1591 4656 1765 4724 ἔλεγε·

1875 3456 2070 3526 aliquis
2096 3455 2284 3511 habere
2311 3469 2389 3520 se,
2422 3468 2580 3523 opera
2617 3466 2734 3505 vero
2776 3465 2879 3503 non
2917 3446 3151 3502 habeat?
3177 3444 3317 3499 Num
3355 3460 3450 3513 po-

1877 3556 1971 3602 test
2009 3546 2138 3616 ﬁdes
2176 3547 2383 3602 salvum
2419 3545 2596 3616 facere
2632 3538 2837 3597 illum?
2878 3537 3028 3605 Quod
3065 3538 3110 3593 si
3157 3537 3324 3609 frater
3356 3544 3451 3588 aut

1874 3655 2020 3696 soror
2054 3639 2181 3692 nudi
2213 3638 2429 3709 fuerint,
2467 3646 2516 3692 et
2555 3645 2763 3707 egentes
2817 3631 2919 3686 sint
2953 3630 3257 3703 quotidiana
3292 3627 3450 3691 victu,

1874 3733 2015 3787 dicat
2050 3740 2225 3786 autem
2260 3730 2450 3801 aliquis
2488 3740 2713 3784 vestrum
2750 3720 2862 3780 illis
2896 3742 2916 3780 :
2951 3722 3105 3777 Abite
3144 3736 3259 3773 cum
3300 3734 3450 3788 pace,

1874 3823 2116 3877 calescite
2153 3832 2202 3876 et
2238 3822 2570 3885 saturemini,
2610 3836 2703 3874 nec
2732 3827 2911 3872 tamen
2948 3813 3203 3869 dederitis
3242 3813 3315 3865 eis
3337 3826 3453 3881 qua:

1875 3913 2175 3968 necessaria
2202 3921 2325 3965 sunt
2352 3911 2579 3981 corpori,
2607 3925 2725 3979 qua:
2754 3908 2852 3961 erit
2887 3904 3143 3960 utilitas?
3170 3900 3332 3974 457
3366 3899 3453 3956 Sic

1874 4016 1922 4060 et
1962 4004 2092 4074 fides
2123 4004 2168 4057 si
2207 4019 2363 4072 opera
2405 4017 2508 4055 non
2557 4000 2819 4063 habuerit,
2875 4002 3087 4051 mortua
3134 4004 3207 4047 est
3245 4009 3339 4061 per
3374 4009 3449 4046 se.

1872 4097 1976 4152 Sed
1996 4082 2141 4151 dicet
2169 4096 2365 4166 aliquis
2397 4111 2415 4149 :
2448 4094 2520 4148 Tu
2555 4092 2711 4162 [idem
2748 4088 2927 4157 habes,
2959 4098 3005 4143 et
3038 4103 3128 4158 ego
3163 4101 3319 4156 opera
3356 4083 3484 4156 Ιιιισ⁸

1874 4192 1964 4245 beo
1994 4205 2013 4244 :
2043 4189 2253 4243 ostende
2284 4188 2411 4241 mihi
2442 4187 2595 4257 ﬁdem
2630 4194 2804 4249 tuam,
2835 4192 2883 4236 et
2917 4197 3009 4254 ego
3047 4177 3319 4233 ostendam
3357 4175 3450 4229 tibi

1872 4298 1935 4337 ex
1960 4282 2118 4352 [actis
2142 4279 2268 4335 meis
2289 4278 2446 4348 ﬁdem
2470 4294 2663 4333 meam.
2688 4279 2761 4330 Tu
2787 4275 2957 4329 credis
2981 4275 3117 4342 quod
3149 4268 3287 4322 Deus
3314 4282 3448 4322 unus

1874 4378 1993 4433 est?
2018 4375 2172 4431 Recte
2220 4372 2386 4446 facis:
2413 4381 2460 4427 et
2491 4367 2755 4426 da’monia
2793 4365 3013 4420 credunt
3058 4377 3122 4416 ac
3167 4355 3450 4413 coirtrcmi-

1872 4481 2045 4527 scunt.

1943 4561 2329 4619 Animadverte
2348 4555 2685 4631 spiritualem
2708 4552 3065 4608 intellectum.
3088 4542 3277 4614 Neque
3301 4538 3465 4596 enim.

1874 4658 2049 4713 solum
2085 4651 2334 4711 dixit:Si
2377 4650 2537 4705 ﬁdem
2570 4648 2791 4710 habeas,
2826 4644 2918 4698 sed
2956 4640 3150 4695 etiam:
3183 4636 3314 4702 Quae
3341 4633 3475 4688 uti-.

202 4743 371 4809 Δεῖξόν
401 4760 496 4815 μοι
513 4722 850 4816 τὺσιρᾶγμα,
893 4746 988 4814 ἀφ’
1015 4738 1076 4799 οὗ
1119 4722 1206 4798 σοι
1255 4745 1356 4817 τὴν
1396 4722 1766 4818 προσηγορίαν

1881 4747 2036 4804 litas?
2066 4747 2142 4802 Ac
2170 4745 2214 4800 si
2242 4743 2485 4799 diceret:
2512 4737 2750 4796 Ostende
2779 4733 2912 4790 mihi
2942 4746 3081 4801 Opus
3107 4745 3137 4783 a
3168 4741 3276 4796 quo
3302 4722 3448 4818 exis-

201 4834 394 4907 ταύτην
418 4834 736 4905 λογίσομαι.
765 4835 936 4889 Τοῦτο
960 4835 1069 4906 γὰρ
1099 4834 1160 4888 τὸ
1191 4836 1292 4904 τῆς
1348 4837 1585 4902 πίστεως
1637 4838 1766 4905 ὅςε-

202 4924 304 4990 λος.
344 4947 363 4979 ι
397 4926 556 4982 Οὖτω
579 4929 677 4981 καὶ
709 4929 742 4998 ὴ
772 4929 976 4993 ἀτίστις,
1008 4928 1105 4981 ὲάν
1142 4927 1217 4997 μὴ
1269 4926 1407 5001 ἔργα
1438 4929 1558 5002 ἔχῃ,
1595 4932 1768 5003 νεκρὰ

204 5018 315 5071 ἐστι
346 5018 470 5072 καθ’
495 5020 718 5087 ἑαυτήν.
754 5037 771 5070 ι
805 5020 921 5075 Οὐκ
946 5016 1267 5091 ἀντιφὰσκει
1288 5019 1458 5074 ταῦτα
1480 5021 1557 5092 τῷ
1593 5039 1769 5091 μακα-

208 5109 300 5180 ρίῳ
326 5110 543 5181 Παύλῳ,
567 5110 709 5164 κατὰ
729 5110 824 5164 δύο
854 5111 1268 5183 σημαινομένων
1297 5111 1392 5165 τοῦ
1411 5111 1513 5182 τῆς
1532 5113 1767 5178 πίστεως

206 5201 456 5273 ὀνόματος
507 5201 831 5273 φερομένου,
899 5202 1024 5256 Ἐπί
1070 5218 1137 5281 τε
1167 5201 1275 5273 γὰρ
1320 5201 1418 5273 τῆς
1443 5201 1623 5274 ἁπλῆς
1674 5203 1767 5257 τοῦ

208 5296 524 5365 φαινομένου
559 5294 1034 5363 συγκαταθέσεως,
1054 5293 1238 5349 πίστιν
1266 5294 1539 5362 εἰώθαμεν
1567 5295 1767 5364 λέγειν.

208 5385 348 5441 Καθδ
371 5390 469 5442 καὶ
486 5386 615 5451 τοὺς
635 5386 893 5456 δαίμονας
922 5386 1169 5457 ἔγνωμεν
1210 5385 1494 5440 ’πιστεύειν
1521 5386 1604 5438 ὅτι
1637 5386 1770 5439 Θεοῦ

207 5479 354 5544 Υἱός.
395 5481 508 5536 Καὶ
539 5479 705 5533 πάλιν
730 5480 832 5549 τὴν
885 5481 951 5533 ὲκ
993 5478 1289 5543 διαθέσεως
1341 5478 1772 5550 ἐπακολούθησιν

211 5571 341 5641 μετὰ
359 5570 581 5645 βεϐαίας
613 5570 1065 5640 συγκαταθέσεως
1093 5570 1173 5641 τῷ
1216 5571 1315 5642 τῆς
1343 5570 1575 5634 πίστεως
1600 5586 1773 5642 προσ-

211 5660 407 5733 ρήματι
430 5661 744 5718 καλούντων
789 5662 964 5732 ἡμῶν,
1009 5661 1266 5727 Ἰάκωϐος
1315 5661 1414 5733 μὲν
1456 5662 1555 5731 τὴν
1593 5661 1768 5732 ἁπλῆν

1877 4836 2071 4889 timare
2111 4830 2313 4902 possim
2346 4829 2490 4883 hanc
2521 4824 2941 4896 appellationem
2977 4818 3075 4873 tibi
3109 4813 3401 4872 convenire
3430 4821 3471 4867 ε.

1874 4926 1927 4980 id
1953 4925 2098 4979 enim
2127 4921 2249 4976 ﬁdei
2282 4919 2486 4975 utilitas
2513 4926 2614 4971 est.
2641 4934 2659 4966 ι
2694 4914 2782 4969 Sic
2809 4922 2863 4967 et
2892 4910 3047 4971 ﬁdes,
3075 4908 3119 4963 si
3142 4922 3308 4978 opera
3337 4917 3461 4957 non.

1876 5013 2148 5081 habuerit,
2171 5020 2385 5067 mortua
2414 5016 2498 5065 est
2519 5024 2617 5080 per
2643 5022 2720 5061 se.
2742 5024 2761 5057 ι
2798 5002 2914 5058 Non
2947 5002 3305 5057 adversantur
3335 4996 3451 5050 bare

1873 5089 2039 5165 beato
2074 5105 2260 5170 Paulo,
2299 5118 2425 5159 cum
2472 5115 2676 5156 nomen
2726 5096 2849 5152 ﬁdei
2893 5096 2959 5151 ad
3005 5094 3115 5150 duo
3149 5089 3469 5165 signiﬁcata
3579 5110 3601 5127 κ

1873 5204 2168 5261 feratur“.
2255 5197 2391 5253 Nam
2430 5206 2487 5252 et
2520 5196 2588 5251 de
2623 5192 2854 5264 simplici
2895 5205 3123 5246 assensu
3164 5186 3325 5242 ﬁdem
3364 5183 3470 5238 di»

1876 5277 2001 5355 cere
2028 5294 2287 5359 solemus,
2318 5293 2472 5363 juxta
2500 5290 2631 5348 illud
2651 5285 2794 5359 quod
2821 5286 2985 5341 etiam
3015 5283 3292 5340 daemones
3334 5294 3461 5332 cre-A

1874 5390 2077 5445 didisse
2113 5378 2377 5442 novimus
2399 5383 2544 5456 quod
2586 5381 2680 5438 Dei
2712 5368 2892 5435 'Filius
2925 5385 3072 5433 esset
3107 5373 3358 5429 Christus
3379 5369 3450 5421 ".

1875 5480 2225 5549 Rursumque
2263 5491 2387 5532 cum
2422 5473 2869 5531 consecutionem
2906 5484 2975 5524 ex
3010 5466 3206 5521 aﬂ'cctu
3249 5474 3451 5536 prore-

1873 5574 2094 5629 dentem
2127 5585 2251 5625 cum
2293 5568 2453 5624 ﬁrmo
2483 5583 2712 5623 assensu
2748 5565 2980 5621 nomine’
3006 5560 3129 5616 lidei
3159 5571 3461 5621 vocemus;

1876 5663 2111 5719 Jacobus
2155 5660 2376 5732 quidem
2421 5659 2724 5731 simplicem
2773 5668 3056 5711 assensum
3107 5649 3239 5706 dicit
3288 5645 3467 5703 ﬁdem.

280 5845 321 5879 “
347 5843 537 5903 Matth.
589 5863 641 5915 ν,
668 5844 733 5899 7.
780 5845 825 5877 "
857 5842 993 5900 Dan.
1027 5862 1092 5917 tv
1122 5842 1213 5899 Ἦ.
1285 5844 1329 5877 ’³
1356 5845 1515 5903 Rom.
1546 5861 1621 5912 tv,
1657 5846 1676 5900 l
1717 5860 1868 5915 seqq.
1945 5844 1990 5879 ³⁵
2025 5844 2207 5899 Matth
2251 5860 2325 5910 Iv,
2365 5843 2397 5896 ’5
2422 5858 2589 5912 seqq;
2623 5843 2753 5898 an.
2789 5857 2859 5904 tv,
2903 5839 2920 5892 ι
2956 5852 3105 5945 seuit-
