3970 6580
487 300 501 325 ’
520 344 628 410 479

1553 348 1958 412 (ECUMENII
1986 348 2280 411 ΤειροΕ
2319 308 2697 415 ΕΡΙεαοΡι

3654 361 3775 432 480

509 465 784 512 mortuam
817 464 871 513 et
900 456 1294 519 viviﬁcantium
1333 442 1558 532 operum
1598 471 1917 531 expertem;
1954 461 2063 516 Pan

2197 479 2330 533 φησι
2360 466 2787 537 συγκατάθησιν,
2810 467 3010 540 νεκρὰν
3040 465 3178 524 εἷναι
3229 467 3431 535 πίστιν,
3463 469 3573 528 ’καὶ
3603 474 3773 543 ἀμοι-

510 548 599 604 lus
635 564 770 605 vero
809 549 946 604 dicit
982 565 1102 606 eam
1152 568 1276 623 quae
1327 562 1412 608 est
1453 569 1521 608 ex
1559 554 1763 610 aﬁ‘ectu
1803 570 1924 625 quae
1957 554 2085 609 facti

510 642 664 697 nullo
711 644 876 700 modo
921 645 1233 701 destituitur
1267 662 1286 702 :
1327 662 1507 718 neque
1550 647 1695 702 enim
1735 647 1852 703 haec
1884 648 2088 717 absque

509 733 759 791 honestis
793 735 949 792 factis
981 739 1188 793 innasci
1223 738 1719 811 posset.Siquidem
1748 741 2087 809 banchbra-

510 826 638 883 ham
675 845 1020 901 nequaquam
1061 841 1393 888 consecutus
1432 842 1535 898 est,
1578 832 1682 888 nisi
1727 836 1878 904 prius
1908 843 2087 889 certa-

510 922 658 978 mine
689 924 991 996 praemisso,
1035 941 1143 996 quo
1182 936 1409 997 paterna
1436 926 1759 998 cognatione
1789 927 2087 997 expellere-

509 1021 620 1077 tur,
643 1014 731 1070 cui
762 1017 1047 1071 certamini
1090 1017 1222 1073 ﬁdes
1261 1018 1317 1072 in
1353 1019 1635 1089 praemium
1665 1018 2041 1075 declarabatur
2069 1034 2084 1073 :

509 1104 605 1160 sed
648 1106 788 1161 hanc
831 1109 1094 1177 operibus
1139 1111 1441 1180 praeposuit
1477 1111 1698 1177 Paulus,
1731 1126 1931 1180 nempe
1961 1112 2085 1166 sab-

506 1194 756 1252 batorum
777 1199 1248 1257 observationibus
1260 1203 1413 1271 juxta
1429 1203 1624 1274 legem,
1645 1201 2082 1266 circumcisione,

506 1287 828 1359 ceterisque
865 1291 1359 1361 puriﬁcationibus.
1413 1293 1690 1365 Siquidem
1724 1295 1832 1349 duo
1864 1310 2084 1364 quoque

505 1380 808 1451 signiﬁcata
837 1384 1256 1454 conspiciuntur
1286 1386 1341 1440 in
1367 1387 1648 1457 operibus.
1677 1386 1809 1442 Nam
1836 1397 1892 1442 et
1916 1402 2081 1458 opera

503 1473 750 1542 quaedam
782 1473 943 1530 ﬁdem
972 1476 1300 1533 conﬁrmare
1326 1479 1604 1547 dicuntur,
1628 1496 1859 1550 quorum
1887 1496 2083 1550 expers

420 1558 425 1561 “
503 1562 551 1617 si
582 1563 657 1619 sit
691 1564 845 1632 ﬁdes,
878 1576 1092 1623 mortua
1131 1577 1234 1624 est.
1265 1568 1611 1640 Rursumque
1635 1586 1797 1642 Opera
1823 1572 2082 1629 dicuntur

502 1667 625 1721 quae
678 1653 813 1725 legis
858 1664 1005 1721 sunt,
1035 1657 1154 1711 sine
1185 1659 1385 1727 quibus
1417 1669 1473 1714 et
1500 1660 1770 1714 Abraham
1803 1669 1859 1714 et
1888 1675 2081 1716 omnes

502 1743 597 1812 qui
647 1754 953 1815 sequuntur
995 1745 1275 1803 Christum
1319 1750 1893 1833 justiﬁcantur.\Quis
1930 1752 2076 1807 enim

2190 553 2389 624 ροῦσαν
2416 555 2523 609 τῶν
2553 556 3058 630 ἀναζωπυρούντων
3100 560 3301 631 ἔργων.
3327 561 3536 626 Παῦλος
3565 564 3621 617 δὲ
3666 564 3773 636 τὴν

2189 646 2545 713 ἐκδιαθὲσεως
2578 648 2743 718 λέγει,
2785 651 2908 720 ἥτις
2953 653 3053 704 οὐκ
3103 653 3392 724 ἐστέρηται
3443 654 3621 727 ἔργων
3657 659 3774 726 μά-

2185 735 2362 791 λιστα.
2424 739 2538 791 Οὐκ
2572 739 2638 793 ἂν
2701 740 2814 813 γὰρ
2873 740 3010 810 αῦτη
3061 742 3294 815 διακένῳ
3341 746 3557 814 σεμνῶν
3586 746 3772 819 ἔργων

2185 825 2481 895 ἐγγένοιτο.
2514 829 2650 884 Οὐδὲ
2682 832 2791 902 γὰρ
2823 831 2945 884 οὐδὲ
2980 831 3234 903 Ἀϐραὰμ
3263 833 3422 906 ἔτυχε
3445 836 3772 911 ταύτηςλμὴ

2188 917 2453 988 πρότερον
2476 920 2902 993 διηγωνισμένος
2949 924 3047 995 τὴν
3106 926 3381 996 πατρικὴν
3433 928 3774 983 ἀπώσασθαι

2184 1011 2392 1064 ἁθεϊαν.
2450 1006 2630 1083 ᾯτινι
2668 1015 3011 1086 ἀγωνίσματι
3043 1017 3282 1089 ἠπίστις
3308 1019 3541 1074 ἔπαθλον
3591 1020 3771 1092 ἐϐρα-

2185 1102 2395 1158 ϐεῦετο.
2444 1105 2584 1159 Ἀλλ’
2614 1106 2790 1178 ἔργων
2815 1109 3022 1177 ταύτην
3068 1112 3392 1184 προέκρινεν
3436 1115 3464 1166 6
3517 1113 3768 1178 Παῦλος,

2184 1194 2292 1247 τῶν
2317 1195 2460 1250 κατὰ
2485 1196 2649 1267 νόμον
2675 1199 3081 1270 σαϐϐατισμῶν,
3130 1202 3224 1256 καὶ
3284 1205 3611 1276 περιτομῆς,
3667 1208 3773 1262 καὶ

2183 1286 2292 1339 τῶν
2319 1287 2860 1362 λοιπῶνζὰγιασμῶν.
2892 1294 2997 1347 Δύο
3048 1294 3156 1366 γὰρ
3186 1297 3282 1351 καὶ
3306 1298 3400 1352 ἐπὶ
3442 1298 3552 1352 τῶν
3582 1299 3770 1368 ἔργων

2184 1378 2379 1451 ὁρᾶται
2409 1382 2478 1435 τὰ
2514 1383 2911 1455 σημαινόμενα.
2948 1387 3125 1457 Ἔργα
3149 1376 3259 1460 γὰρ
3307 1391 3403 1443 καὶ
3448 1389 3517 1443 τὰ
3575 1390 3770 1444 πίστιν

2186 1470 2511 1542 βεϐαιοῦντα
2544 1475 2786 1544 λέγεται,
2814 1469 2893 1531 ὧν
2914 1479 3224 1550 ἀμοιροῦσα
3254 1482 3288 1550 ἡ
3339 1482 3522 1545 πίστις
3565 1484 3764 1553 νεκρά.

2186 1566 2367 1636 Ἔργα
2417 1566 2581 1623 πάλιν
2625 1571 2721 1624 καὶ
2777 1570 2848 1623 τὰ
2894 1569 2988 1623 τοῦ
3045 1572 3234 1642 νόμου.
3269 1569 3368 1626 Ὧν
3434 1575 3531 1628 καὶ
3592 1576 3770 1645 χωρὶς

2196 1658 2446 1730 Ἀϐραὰμ
2477 1663 2573 1716 καὶ
2593 1662 2794 1726 πάντες
2829 1664 2879 1715 οἱ
2922 1663 3068 1718 κατὰ
3117 1665 3352 1735 Χριστὸν
3402 1666 3767 1721 δικαιοῦνται.

2196 1750 2351 1805 Ἐπελ⁵
2411 1752 2493 1806 ὅτι
2546 1753 2731 1818 πίστις
2772 1755 2875 1809 οὐκ
2932 1755 3000 1809 ἂν
3062 1757 3358 1829 ἀκαθάρτῳ
3402 1759 3766 1828 προσγένοιτο

502 1812 942 1907 negabit—verum
987 1855 1110 1895 esse
1151 1843 1297 1911 quod
1333 1842 1464 1898 ﬁdes
1499 1820 1838 1913 nequaqdam
1880 1848 1944 1899 ad
1983 1846 2071 1899 im-

2185 1841 2351 1911 (λέγω
2387 1843 2443 1896 δὲ
2489 1843 2588 1915 τὴν
2641 1812 2756 1899 ὄντι
2804 1844 3034 1915 πίστιν),
3067 1846 3152 1910 τίς
3184 1812 3458 1919 ἀντερεῖς
3486 1812 3625 1903 οῦιτε
3644 1848 3767 1919 γὰρ

501 1940 701 1994 purum
734 1928 1062 1984 accederet?
1090 1931 1212 1985 dico
1244 1942 1424 1987 autem
1454 1926 1636 1988 veram
1678 1933 1861 1989 ﬁdem.
1890 1933 2078 2005 Neque

502 2016 649 2071 enim
682 2029 1019 2089 unguentum
1049 2021 1104 2075 in
1139 2023 1358 2093 capsula
1393 2024 1783 2080 reconderetur
1810 2042 1931 2096 quae
1962 2027 2087 2108 luto,

502 2106 665 2186 plena
697 2118 844 2165 esset
875 2123 890 2170 :
920 2126 1097 2182 neque
1129 2113 1183 2167 iu
1218 2113 1437 2170 homine
1467 2115 1682 2186 impuro
1712 2117 1847 2173 ﬁdes
1875 2106 2079 2175 immit-Q

503 2184 711 2253 terelur
748 2215 780 2254 a
818 2200 954 2257 Deo.
993 2202 1109 2258 Non
1144 2219 1274 2274 ergo
1312 2206 1520 2263 dissoni
1557 2216 1686 2263 sunt
1731 2211 1907 2266 sancti
1946 2226 2078 2283 apo-

502 2294 647 2361 stoli,
681 2296 779 2353 sed
817 2297 872 2352 in
908 2299 1124 2357 diverso
1154 2302 1457 2374 signiﬁcato
1497 2316 1813 2374 versantes,
1843 2310 2075 2381 quisque

497 2384 566 2440 ad
607 2386 691 2441 sui
737 2386 1024 2460 signiﬁcati
1066 2407 1225 2448 usum
1270 2395 1417 2464 quod
1462 2395 1565 2452 sibi
1609 2399 1947 2468 propositum
1990 2408 2075 2456 est

500 2477 684 2548 dirigit
716 2495 780 2534 ac
812 2484 1085 2551 perducit.

568 2564 633 2629 ll,
664 2567 854 2624 2046.
898 2570 984 2625 Vis
1021 2582 1195 2628 autem
1242 2592 1582 2646 cognoscere,
1624 2595 1654 2633 ο
1686 2579 1838 2634 homo
1874 2580 2070 2648 inanis,

497 2654 665 2728 458
691 2662 833 2729 quod
862 2663 995 2731 ﬁdes
1028 2664 1225 2733 absque
1254 2670 1492 2737 operibus
1520 2681 1726 2725 mortua
1761 2673 1829 2727 sit
1848 2674 1874 2727 .’
1899 2674 2074 2728 Abra-
2135 2734 2144 2740 _

496 2748 619 2803 ham
658 2759 812 2819 pater
845 2762 1019 2808 noster
1042 2772 1210 2813 nonne
1238 2775 1302 2814 ex
1339 2761 1579 2830 operibus
1613 2763 1939 2833 justi/icatus
1969 2774 2068 2832 est,

401 2873 405 2876 ~
495 2854 615 2895 eum
640 2839 906 2901 obtulisset
935 2847 1095 2903 Isaac
1119 2851 1291 2920 ﬁlium
1318 2869 1473 2908 suum
1500 2871 1659 2925 super
1687 2857 1899 2913 altare?
1926 2860 2073 2916 Vides

494 2934 637 3001 quod
675 2934 805 3003 ﬁdes
849 2937 1160 3009 adjumento
1198 2944 1359 3015 fuerit
1404 2947 1646 3013 operibus
1690 2949 1870 3017 illius,
1916 2962 1964 3006 et
2010 2971 2074 3008 ea:

493 3023 737 3092 operibus
761 3026 890 3096 ﬁdes
928 3032 1159 3101 perfecta
1192 3034 1396 3103 fuerit?
1426 3035 1492 3090 Et
1533 3039 1791 3108 completa
1820 3050 1894 3095 est
1925 3042 2071 3098 Scri-

2182 1931 2443 2003 βορϐόρου
2502 1934 2699 2006 πλήρει
2736 1937 2945 2009 ἀγγείῳ
3007 1937 3180 2009 μύρον
3233 1939 3581 2009 ταμιευθείη,
3632 1939 3766 1993 οὔτε

2179 2022 2479 2095 ἀκαθάρτῳ
2506 2026 2782 2098 ἀνθρώπῳ
2814 2029 2997 2093 πίστις
3021 2030 3297 2098 ἐγγένοιτο
3318 2029 3478 2084 Θεοῦ.
3514 2032 3631 2085 υύκ
3648 2033 3768 2102 ἄρα

2177 2114 2434 2184 διάφωνοι
2466 2118 2516 2171 oi
2552 2118 2685 2173 θεῖοι
2725 2120 3037 2185 ἀπόστολοι,
3062 2122 3199 2177 ἀλλὰ
3239 2124 3371 2186 περὶ
3418 2124 3478 2178 τὸ
3501 2123 3767 2193 διάφορον

2177 2206 2272 2262 τοῦ
2322 2210 2725 2283 σημαινομένου
2776 2207 3154 2286 στρεφόμενοι.
3209 2215 3347 2286 πρὸς
3403 2215 3501 2287 τὴν
3566 2218 3766 2288 χρείαν

2181 2300 2411 2365 ἒκιιειυιῖοεὶ
2444 2300 2538 2355 τοῦ
2583 2306 3009 2377 σημαινομένου,
3042 2306 3103 2362 τὸ
3134 2306 3397 2378 προτεθὲν
3435 2308 3584 2377 αὖτῷ
3611 2308 3766 2377 διεξο

2181 2394 2304 2464 ἀγει
2331 2395 2427 2449 καὶ
2455 2395 2863 2466 ἐκπεραίνεται.
2925 2448 2933 2455 .

2249 2575 2455 2642 Θέλεις
2500 2575 2568 2630 δὲ
2614 2576 2859 2646 γνῶναι,
2905 2572 2953 2633 ὥ
3002 2578 3279 2647 ἄνθρωπε
3350 2579 3511 2646 arere,
3573 2581 3663 2635 ὅτι
3718 2582 3762 2653 ἠ

2174 2666 2382 2733 πίστις
2411 2667 2590 2736 χωρὶς
2613 2666 2734 2721 τῶν
2748 2670 2939 2739 ἔργων
2966 2670 3152 2738 νεκρά
3197 2670 3405 2737 ἐστιν;
3445 2672 3694 2741 Ἀϐραὰμ
3728 2674 3765 2728 ὁ

2176 2760 2374 2830 πατὴρ
2411 2761 2585 2832 ἡμῶν
2614 2764 2724 2816 οὐκ
2747 2762 2817 2828 ἐξ
2845 2763 3037 2833 ἔργων
3079 2754 3389 2831 ἐδικαιώθη
3424 2764 3765 2835 ἀνενέγκας

2187 2853 2395 2909 ἰσιιὰκ
2447 2854 2555 2908 τὸν
2587 2855 2720 2909 υἱόν
2790 2856 2977 2911 αὐτοῦ
3018 2854 3117 2909 ἐπὶ
3167 2856 3231 2910 τὸ
3274 2856 3763 2924 θυσιαστήριον-ς

2174 2946 2429 3012 Βλέπεις
2457 2946 2547 3001 ὅτι
2571 2947 2609 3015 ἡ
2639 2934 2846 3015 πίστις
2861 2949 3150 3020 συνήργει
3182 2948 3307 3017 τοῖς
3330 2950 3528 3020 ἔργοις
3544 2949 3760 3017 αὑτοῦ,

2175 3037 2276 3093 καὶ
2327 3039 2396 3091 ἐκ
2458 3037 2579 3092 τῶν
2634 3039 2822 3109 ἔργων
2885 3041 2923 3111 ἠ
2980 3042 3187 3107 πίστις
3261 3042 3607 3111 ἐτελειώθηῖ
3648 3043 3762 3097 Kal

491 3124 648 3183 ptura
668 3134 785 3189 qua:
807 3120 970 3177 dicit:
988 3122 1228 3180 Credidit
1249 3126 1520 3184 Abraham
1543 3131 1672 3197 Deo,
1690 3142 1739 3186 et
1756 3134 2071 3203 imputatum

2177 3129 2490 3198 ἐπληρώθη
2525 3131 2563 3199 ἡ
2598 3132 2809 3202 Γραφὴ
2844 3133 2881 3202 ἠ
2911 3132 3179 3202 λέγουσα
3206 3149 3221 3163 ·
3253 3135 3641 3189 ,Ἐπίστευσε
3690 3136 3762 3189 δὲ

493 3218 567 3261 est
589 3207 673 3261 illi
696 3211 768 3263 ad
785 3210 1080 3280 justitiam,
1104 3226 1152 3270 et
1180 3219 1381 3273 amicus
1406 3218 1504 3274 Dei
1525 3232 1739 3278 vocatus
1760 3234 1855 3280 est.
1883 3226 2074 3283 Videtis

490 3298 659 3365 igitur
684 3302 823 3370 quod
851 3319 915 3357 ea:
946 3305 1189 3373 operibus
1214 3307 1537 3379 iustificetur
1565 3314 1750 3379 homo,
1789 3326 1835 3371 et
1871 3334 1975 3371 non
2007 3333 2073 3372 ex

490 3388 597 3455 ﬁde
619 3398 846 3445 tantum.
884 3392 1145 3451 Similiter
1186 3410 1358 3454 autem
1391 3412 1438 3455 et
1482 3402 1660 3459 Rahab
1696 3409 1945 3463 meretrix
1979 3426 2075 3464 an-

490 3493 596 3533 non
628 3496 696 3534 ea:
730 3484 970 3552 operibus
996 3487 1297 3559 justificata
1328 3502 1425 3559 est,
1458 3511 1576 3550 cum
1610 3500 1891 3569 excepisset
1932 3519 2070 3557 nun-

491 3570 593 3623 tios
631 3580 679 3625 et
715 3573 823 3627 alia
854 3577 937 3630 via
967 3580 1269 3637 emisisset?
1299 3584 1441 3640 Nam
1480 3590 1922 3658 quemadmodum
1949 3611 2067 3649 cor-

488 3677 587 3730 pus
615 3664 810 3736 absque
838 3669 1029 3737 spiritu
1058 3683 1321 3737 mortwtm
1356 3689 1453 3742 est,
1486 3680 1563 3734 ita
1593 3692 1647 3738 et
1706 3683 1839 3752 ﬁdes
1874 3684 2070 3757 absque

489 3756 732 3824 operibus
758 3769 965 3815 mortua
994 3773 1091 3818 est.

557 3935 780 3991 Inanem
830 3942 1123 4011 appellavit
1180 3947 1457 4005 hominem
1509 3953 1603 4022 qui
1652 3954 1720 4011 de
1763 3957 1909 4013 nuda
1958 3960 2064 4017 ﬁde

487 4026 772 4096 gloriatur,
803 4046 926 4087 cum
961 4036 1099 4094 nihil
1133 4040 1502 4098 subsistentia:
1535 4045 1603 4099 ad
1635 4048 2064 4118 completionem

485 4134 583 4189 per
625 4138 793 4195 opera
835 4138 1033 4184 nactus
1078 4131 1167 4187 sit.
1218 4152 1239 4185 ι
1287 4135 1563 4192 Abraham
1608 4150 1762 4208 pater
1794 4151 1998 4198 noster.
2038 4163 2056 4195 ι

482 4207 748 4269 Eumdem
766 4215 1043 4275 Abraham
1075 4228 1183 4277 tam
1216 4222 1416 4282 Paulus
1437 4228 1482 4259 "
1512 4207 1675 4299 quam
1709 4232 1800 4286 hic
1827 4231 2063 4291 Jacobus

480 4303 549 4358 ad
585 4308 893 4378 exemplum
928 4314 1198 4369 sermonis
1237 4316 1307 4370 de
1349 4317 1456 4372 ﬁde
1495 4321 1728 4376 assumit
1761 4338 1775 4375 :
1813 4323 1904 4378 ille
1939 4327 2062 4395 qui-

479 4396 602 4452 dem
630 4408 689 4455 ut
710 4403 964 4459 ostendat
994 4404 1154 4460 ﬁdem
1178 4409 1437 4478 operibus
1456 4412 1878 4469 eminentiorem
1902 4432 2022 4474 esse
2043 4436 2056 4473 :

2187 3220 2435 3291 Ἀϐραὰμ
2467 3221 2547 3287 τῷ
2572 3221 2712 3288 Θεῷ,
2745 3223 2845 3277 καὶ
2886 3224 3173 3296 ἐλογίσθη
3224 3227 3385 3294 αὐτῷ
3413 3231 3502 3295 εις
3526 3229 3760 3284 δικαιο-

2174 3312 2396 3379 σύνην,
2421 3313 2523 3366 καὶ
2560 3315 2740 3384 ερΙλος
2774 3317 2922 3371 Θεοῦ
2967 3318 3220 3385 ἐκλήθη.
3286 3319 3491 3390 Ὀρᾶτε
3544 3323 3761 3377 τοίνυν

2172 3400 2352 3465 sues
2381 3401 2570 3471 ἔργων
2600 3404 2932 3461 δικαιοῦται
2960 3410 2993 3462 ὀ
3024 3409 3353 3478 ἅνθρωπος,
3391 3408 3488 3464 καὶ
3528 3412 3643 3465 οὐκ
3688 3413 3760 3466 ἐκ

2171 3495 2433 3564 πίστεως
2448 3499 2684 3567 μόνον;
2725 3500 2968 3569 Ὁμοίως
2990 3501 3057 3554 δὲ
3082 3502 3181 3556 καὶ
3242 3503 3426 3557 Ῥαὰό
3467 3506 3505 3572 ἡ
3556 3507 3756 3574 πόρνη

2150 3589 2287 3668 κούκ
2316 3588 2387 3655 ἐξ
2401 3592 2595 3660 ἔργων
2615 3592 2928 3662 ἐδικαιώθη
2968 3595 3391 3666 ὑποδεξαμένη
3416 3598 3551 3663 τοὺς
3582 3599 3759 3668 (irre-

2170 3684 2343 3750 λους,
2385 3682 2483 3738 καὶ
2511 3684 2685 3754 ἑτέρᾳ
2709 3685 2827 3752 ὀδῷ
2871 3688 3257 3754 ἐκθαλοῦσα;
3285 3690 3515 3760 Ὥσπερ
3540 3690 3651 3761 γὰρ
3688 3694 3754 3746 τι)

2171 3774 2343 3844 σῶμα
2364 3776 2544 3845 χωρὶς
2561 3778 2904 3847 πνεύματος
2925 3782 3141 3848 νεκρόν
3172 3780 3363 3846 ἐστιν,
3398 3781 3553 3836 οὕτω
3570 3784 3670 3838 καὶ
3712 3785 3753 3854 ἠ

2169 3866 2376 3933 πίστις
2394 3868 2572 3936 χωρὶς
2601 3867 2722 3923 τῶν
2742 3870 2933 3940 ἔργων
2954 3873 3138 3941 νεκρά
3176 3873 3327 3928 ἐστι.

2237 3958 2412 4013 Κενδν
2443 3960 2706 4016 ἐκάλεσεν
2730 3962 3018 4035 ἄνθρωπον
3044 3965 3136 4019 τὸν
3164 3967 3293 4041 ψιλῇ
3348 3974 3412 4043 τῇ
3441 3970 3624 4025 πίστει
3647 3972 3752 4026 αὒ-

2166 4049 2383 4120 χοῦντα,
2405 4051 2573 4122 μηδὲν
2607 4053 2706 4125 τῆς
2738 4053 2826 4108 διὰ
2869 4055 2979 4110 τῶν
3025 4057 3200 4128 1ἔργων
3246 4062 3603 4129 ὑποστάσεως
3649 4084 3747 4119 κε-

2166 4143 2438 4214 κτημένον
2462 4145 2540 4210 εἰς
2575 4145 2877 4217 πλήρωσιν.
2908 4167 2927 4200 ι
2980 4150 3233 4222 Ἀϐραὰμ
3263 4156 3290 4207 6
3316 4156 3502 4226 πατὴρ
3524 4157 3741 4227 ἡμῶν.»

2165 4232 2270 4286 Τὸν
2296 4233 2461 4288 αὐτὸν
2508 4235 2762 4307 ’Λϐραὰμ
2798 4238 3122 4311 ἀμφότεροι,
3160 4244 3247 4297 ὅτε
3302 4244 3518 4310 Παῦλος
3577 4248 3676 4303 καὶ
3717 4248 3747 4299 ὁ

2175 4323 2432 4389 Ἰάκωϐος
2463 4319 2614 4389 οὗτος
2640 4328 2719 4392 εἰς
2745 4329 3046 4402 ὑπόδειγμα
3084 4332 3178 4387 τοῦ
3199 4335 3297 4406 τῆς
3328 4336 3563 4401 πίστεως
3582 4338 3745 4406 λόγου

2162 4413 2533 4485 λαμϐάνουσιν
2561 4434 2577 4449 ο
2601 4417 2629 4469 6
2662 4417 2762 4489 μὲν
2786 4419 2883 4491 τὴν
2904 4421 3087 4477 πίστιν
3112 4425 3221 4479 τῶν
3275 4425 3452 4497 ἔργων
3508 4428 3747 4499 κρείττω

480 4490 572 4545 hic
600 4507 731 4547 vero
771 4510 991 4550 rursum
1024 4513 1192 4568 opera
1230 4515 1353 4556 esse
1394 4502 1501 4558 ﬁde
1538 4507 1916 4574 praestantiora
1960 4526 2059 4581 per

2177 4510 2375 4576 Ξεικνὺς
2398 4509 2465 4564 δι’
2488 4513 2887 4586 ὑποδείγματος
2919 4517 3010 4572 τοῦ
3034 4520 3177 4574 κατὰ
3202 4522 3292 4578 τὸν
3308 4490 3606 4596 ’Ἅϐραὰμο
3625 4527 3655 4579 6
3683 4526 3741 4580 δὲ

479 4583 733 4640 eumdem
763 4586 1061 4643 Abraham.
1096 4589 1161 4646 Et
1205 4594 1458 4663 superius
1493 4596 1711 4664 quidem
1741 4598 1944 4654 dictum
1976 4611 2060 4658 est

456 4674 619 4745 ’quod
677 4678 823 4734 circa
876 4680 1079 4753 duplex
1144 4685 1266 4739 ﬁdei
1325 4686 1688 4757 signiﬁcatum
1747 4703 2052 4762 versantes,

477 4768 710 4838 quisque
742 4771 794 4826 id
824 4772 980 4827 all‘ert
1023 4779 1167 4845 quod
1198 4777 1267 4831 ad
1297 4778 1380 4832 sui
1412 4781 1674 4850 propositi
1706 4783 2052 4843 demonstra-

480 4859 683 4916 tionem
717 4864 992 4921 conducit.
1029 4866 1258 4933 Quidam
1291 4878 1469 4925 tamen
1506 4872 1725 4928 Patrum
1757 4876 1863 4932 hoc
1891 4880 2054 4935 etiam

479 4952 645 5007 modo
671 4954 739 5009 de
772 4956 874 5011 hac
906 4972 967 5012 re
1001 4958 1407 5020 intellexerunt.
1427 4963 1596 5019 Aiunt
1623 4966 1769 5022 enim
1801 4971 2052 5026 eumdem

477 5042 753 5100 Abraham
801 5048 966 5105 variis
1014 5051 1333 5109 distinctum
1387 5058 1720 5127 temporibus
1771 5062 2054 5133 utriusque

477 5137 602 5193 ﬁdei
633 5139 867 5211 gessisse
899 5142 1215 5216 imaginem,
1248 5155 1298 5201 et
1329 5147 1448 5218 ejus
1476 5166 1597 5220 quae
1626 5159 1751 5207 ante
1785 5153 2054 5225 baptisma

477 5239 564 5285 est
601 5247 703 5287 nec
741 5234 975 5315 requirit
1006 5251 1191 5307 opera,
1234 5239 1327 5294 sed
1362 5240 1533 5295 solam
1574 5241 1733 5298 ﬁdem
1769 5253 1823 5299 et
1864 5246 2054 5302 salutis

475 5321 878 5381 confessionem
907 5342 972 5382 ac
999 5330 1223 5384 verbum
1249 5347 1356 5401 quo
1380 5332 1742 5401 justiﬁcamur
1766 5339 2052 5395 credentes

475 5412 530 5471 in
557 5411 857 5481 Christum,
880 5422 936 5470 et
962 5418 1078 5488 ejus
1107 5435 1227 5490 qua:
1253 5422 1501 5492 sequitur
1534 5424 1804 5495 baptisma
1835 5439 1890 5482 et
1915 5443 2051 5483 con-

467 5505 661 5574 juncta
691 5516 775 5562 est
807 5509 1067 5580 Operibus
1111 5529 1125 5566 :
1171 5522 1227 5570 et
1270 5515 1341 5569 ita
1389 5532 1501 5571 non
1543 5527 1769 5588 apparet
1803 5519 2049 5577 diversus

472 5598 563 5668 qui
597 5597 650 5653 in
678 5602 941 5672 apostolis
972 5603 1188 5664 locutus
1216 5618 1299 5665 est
1330 5608 1554 5682 Spiritus
1584 5630 1596 5667 :
1625 5609 1718 5669 scd
1756 5613 1902 5685 quod
1935 5615 2049 5673 haec

536 5773 584 5808 ⁸⁸
623 5772 782 5833 Rom.
819 5792 891 5845 tv,
932 5778 997 5834 12
1028 5796 1187 5853 seqq.

2169 4603 2330 4657 πάλιν
2352 4604 2423 4658 τὰ
2449 4605 2586 4678 ἔργα
2618 4608 2713 4678 τῆς
2736 4607 2973 4674 πίστεως
3012 4611 3100 4666 διὰ
3132 4612 3228 4666 τοῦ
3258 4615 3422 4669 αὑτοῦ
3461 4617 3739 4690 ’Λϐραάμη

2165 4695 2278 4750 Καὶ
2304 4699 2516 4770 εἴρηται
2552 4700 2651 4769 μὲν
2670 4700 2801 4761 ἄνω.
2834 4702 2910 4765 ὡς
2938 4707 3068 4775 περὶ
3096 4707 3155 4759 τὸ
3185 4707 3360 4762 διττὸν
3405 4709 3500 4763 τοῦ
3534 4728 3742 4782 σημαι-

2165 4788 2391 4859 νομένου
2435 4792 2697 4863 ἑκάτερος
2750 4794 3065 4866 στρέφεται,
3121 4800 3185 4852 τὸ
3258 4800 3545 4855 συντελοῦν
3589 4803 3740 4875 αὐτῷ

2165 4883 2301 4952 πρὸς
2324 4884 2421 4955 τὴν
2459 4883 2729 4956 ἀπόδειξιν
2756 4887 3115 4959 ἐπαγόμενος.
3168 4892 3327 4957 Τινὲς
3367 4893 3555 4965 μέντοι
3630 4897 3739 4950 τῶν

2160 4972 2420 5044 Πατέρων
2447 4976 2542 5029 καὶ
2561 4975 2705 5029 οὕτω
2735 4981 2864 5049 περὶ
2890 4979 3081 5035 τούτου
3113 4981 3382 5050 ἔγνωσαν.
3431 4986 3572 5040 Φασὶ⁵
3625 4987 3736 5060 γὰρ

2164 5062 2255 5117 τὸν
2305 5063 2466 5118 αὐτὸν
2524 5064 2776 5139 Ἀϐραὰμ
2831 5072 2943 5131 τοῖς
2999 5072 3212 5141 χρόνοις
3268 5074 3735 5149 διαστελλόμενον,

2159 5151 2426 5221 ἑκατέρας
2486 5153 2721 5221 πίστεως
2777 5152 2919 5212 εἶναι
2971 5160 3176 5229 εἰκόνα,
3228 5166 3462 5237 καὶτῆς
3515 5169 3623 5240 πρὸ
3641 5169 3733 5224 τοῦ

2164 5243 2545 5317 βαπτίσματος
2566 5247 2664 5320 τῆς
2698 5250 2776 5323 μὴ
2801 5252 3171 5327 ἐπιζητούσης
3210 5256 3368 5328 ἔργα,
3400 5261 3448 5313 εἰ
3504 5262 3582 5332 μὴ
3638 5261 3735 5332 τὴν

2162 5336 2345 5391 πίστιν
2387 5337 2556 5409 μόνην
2593 5342 2686 5395 καὶ
2704 5342 2800 5413 τὴν
2824 5344 3118 5414 ὁμολογίαν
3137 5347 3235 5419 τῆς
3263 5351 3538 5423 σωτηρίας
3572 5354 3735 5407 καὶ-ιδ

2162 5429 2315 5501 ῥῆμα
2345 5422 2389 5498 ᾧ
2410 5430 2769 5500 δικαιούμεοα
2801 5435 3149 5502 πιστεύοντες
3182 5440 3261 5502 εἰς
3307 5422 3571 5511 χρίστδν,
3643 5443 3736 5497 καὶ

2156 5523 2257 5593 τῆς
2325 5522 2464 5595 μετὰ
2502 5523 2563 5578 τὸ
2615 5524 2921 5597 βάπτισμα,
2964 5529 3063 5598 τῆς
3122 5529 3562 5605 συνεζευγμένης
3624 5535 3733 5597 τοῖς

2160 5614 2361 5688 ἔργοις.
2425 5616 2611 5683 Οὕτως
2650 5618 2750 5673 οὐκ
2804 5620 3045 5675 ἐναντίον
3086 5622 3334 5693 φαίνεται
3396 5623 3458 5679 τὸ
3516 5627 3575 5681 ὲν
3619 5629 3733 5690 τοῖς
