3970 6592
275 430 369 494 ιει
1163 433 1545 497 COMMENT.
1588 436 1670 497 IN
1711 437 1835 497 EPI

1986 440 2301 504 CATHOL.
2336 442 2619 503 JACOBI.

3398 442 3531 507 ’με

275 543 594 608 ἀποστόλοις
618 544 866 615 λαλῆσαν
894 545 1131 617 πνεῦμα.
1177 546 1338 601 Ἀλλά
1372 548 1469 618 τῆς
1510 549 1609 620 μὲν
1629 548 1695 602 δι’
1716 550 1840 621 ὁμο·

1952 551 2170 620 quidem
2222 552 2356 608 ﬁdes
2407 552 2520 607 sola
2559 550 2911 607 confessione
2955 549 3220 621 justiﬁeet
3264 555 3531 610 acceden'

274 635 457 701 λογίας
492 637 665 708 μόνης
701 638 1023 708 δικαιούσης
1048 639 1139 691 τδν
1201 641 1517 710 προσιόντα,
1564 641 1613 693 εί
1664 657 1845 711 παρα-

274 728 464 799 χρῆμα
518 729 746 784 ἀπέλθοι
774 728 873 784 τοῦ
932 730 1077 800 βίου’
1118 731 1315 804 (τούτῳ
1342 732 1449 802 γὰρ
1479 733 1538 783 οὐ
1594 732 1849 802 πάρεισιν

272 820 428 890 ἔργα,
456 819 573 873 ἀλλ’
595 820 808 889 ἑφόδιον
837 823 986 894 αὐτῷ
1021 823 1205 877 ἱκανὸν
1233 825 1266 893 ἡ
1294 821 1385 876 διὰ
1420 820 1514 875 τοῦ
1541 822 1851 892 βαπτίσμα-

269 930 359 976 τος
385 912 702 984 κάθαρσις)·
749 917 847 984 τῆς
876 916 933 969 δὲ
967 916 1057 968 τὸν
1086 916 1188 984 ἢδη
1221 914 1658 986 βεϐαπτισμένον
1684 915 1849 969 ἁπαι-

271 1005 469 1076 τούσης
502 1007 597 1059 καὶ
629 1006 851 1075 ἀγαθῶν
880 1006 1058 1077 ἔργων
1114 1006 1396 1073 ἐπίδειξιν.
1444 1004 1633 1077 Τούτῳ
1677 1007 1774 1060 καὶ
1820 1008 1849 1060 6

272 1095 484 1160 Παῦλος
514 1102 799 1169 συμφωνεῖ
826 1098 1055 1170 ἑτέρωθι
1100 1099 1275 1167 λέγων
1331 1098 1504 1162 οὓτως
1558 1101 1653 1153 καὶ
1700 1099 1846 1152 διδά-

274 1206 416 1242 σκων
446 1190 546 1259 τὴν
599 1193 736 1261 μετὰ
759 1192 821 1245 τὸ
876 1191 1161 1261 βάπτισμα
1213 1192 1418 1255 πίστιν,
1458 1191 1557 1260 τὴν
1607 1191 1695 1245 διὰ
1739 1192 1847 1246 τῶν

271 1279 446 1350 ἔργων
480 1282 762 1337 τελείωσιν
786 1283 1059 1347 ἀπαιτεῖν,
1108 1284 1165 1336 ὲν
1195 1277 1276 1346 οἷς
1304 1298 1489 1353 φησιν,
1524 1301 1542 1334 ι
1579 1283 1714 1337 Ούτε
1753 1302 1846 1338 πε-

273 1373 469 1442 ριτομή
510 1391 562 1426 τι
584 1374 779 1443 ίσχύει,
807 1375 932 1428 οὔτε
972 1374 1328 1446 ἀκροϐυστία,
1367 1373 1503 1428 ἁλλὰ
1553 1373 1735 1439 πίστις
1776 1376 1845 1429 δι’

271 1461 496 1532 ἀγάπης
533 1464 932 1536 ἐνεργουμένη.
972 1486 991 1518 ι
1040 1468 1107 1520 'H
1135 1466 1192 1520 δὲ
1232 1465 1445 1535 ἀγάπη,
1477 1465 1678 1538 πολλῆς
1697 1465 1846 1537 φιλο-

272 1554 461 1621 σοφίας
489 1555 661 1645 δείἳται
689 1558 769 1621 είς
791 1558 850 1610 τὸ
875 1558 1256 1631 πληρωθῆναι.
1400 1572 1413 1579 “

344 1669 609 1735 Ἄλλως.
659 1670 772 1738 Τῆς
804 1670 904 1741 μὲν
935 1673 998 1726 ἐκ
1027 1671 1194 1742 μόνης
1247 1673 1483 1737 πίστεως
1508 1676 1845 1740 δικαιώσεως

274 1760 432 1814 εἰκὼν
462 1759 836 1837 ἦνἈϐραὰμ,
886 1766 974 1819 ὅτε
1032 1766 1326 1831 πιστεύσας
1383 1768 1637 1840 ἐλογίσθη
1694 1770 1844 1838 αὐτῷ

272 1856 346 1917 είς
381 1855 759 1926 δικαιοσύνην,
815 1857 913 1928 τῆς
959 1858 1016 1911 δὲ
1070 1858 1130 1924 ἐξ
1176 1858 1375 1942 ἔργων,
1436 1862 1523 1914 ὅτε
1581 1862 1673 1915 τὸν
1728 1862 1842 1915 υἱὸν

269 1946 569 2015 ἀνενέγκας
626 1948 717 2000 ἐπὶ
739 1949 798 2001 τὸ
828 1949 1236 2021 θυσιαστήριον.
1300 1950 1410 2003 Καὶ
1442 1951 1549 2022 γὰρ
1578 1951 1639 2004 ού
1674 1951 1839 2021 μόνον

269 2040 324 2089 τὸ
352 2038 514 2107 ἔργον
574 2040 770 2105 ὲποίει,
797 2041 932 2094 ἀλλὰ
955 2043 1050 2096 καὶ
1079 2043 1180 2110 τῆς
1209 2042 1447 2106 πίστεως
1475 2045 1575 2097 οὐκ
1603 2045 1837 2112 ἀπέστη,

267 2130 346 2181 ὅτι
377 2132 436 2182 ὲν
470 2130 659 2183 Ἰσαὰκ
688 2131 871 2199 μέλλει
907 2132 969 2187 τὸ
1001 2132 1223 2205 σπέρμα
1254 2133 1422 2188 αὑτοῦ
1451 2134 1742 2203 πληθύνειν
1766 2137 1842 2202 ὡς

264 2221 331 2273 τά
374 2220 578 2292 ἄστρα,
643 2222 999 2291 λογισάμενος
1038 2225 1120 2278 ὅτι
1164 2225 1258 2277 καὶ
1286 2225 1351 2278 ὲκ
1387 2225 1596 2296 νεκρῶν
1629 2227 1840 2296 ἐγεῖραι

264 2313 487 2376 δυνατὸς
515 2316 545 2367 6
612 2314 766 2378 Θεός.
824 2317 1014 2387 Ὅμως
1088 2317 1182 2370 καὶ
1225 2317 1316 2372 τὶν
1378 2317 1543 2371 Δαυῒδ
1568 2321 1594 2372 6
1629 2319 1841 2383 Παῦλος

263 2406 590 2476 προκομίζει
617 2408 891 2479 μάρτυρα,
920 2409 1099 2479 σοφῶς
1129 2410 1499 2476 διασκευάζων
1526 2413 1594 2465 τὰ
1620 2411 1838 2469 ἑαυτοῦ.

265 2496 421 2569 ᾜδει
444 2498 556 2569 γὰρ
572 2498 650 2569 τῷ
666 2498 794 2570 θείῳ
813 2499 1091 2570 Πνεύματι
1112 2501 1210 2572 τὴν
1228 2501 1529 2571 μέλλουσαν
1545 2506 1602 2557 ὲν
1613 2503 1841 2575 Χριστῷ

263 2588 602 2660 παρέσεσθαι
635 2590 775 2642 κατὰ
799 2591 1025 2662 καιροὺς
1058 2590 1264 2645 πίστιν.
1298 2591 1388 2644 Διό
1406 2607 1556 2662 φησι·
1604 2610 1624 2642 ι
1647 2591 1842 2646 Μακά-

263 2696 376 2749 ριος
402 2674 601 2751 ἀνὴρῷ
627 2681 688 2737 οὐ
724 2682 798 2752 μὴ
815 2680 1098 2753 λογίσηται
1143 2682 1346 2755 Κύριος
1398 2683 1699 2756 ἁμαρτίαν.
1724 2703 1741 2736 ι
1773 2716 1839 2726 -

266 2788 285 2821 ι
320 2771 384 2823 Ἡ
441 2772 627 2834 πίστις
690 2774 859 2843 χωρὶς
916 2772 1025 2826 τῶν
1060 2772 1238 2845 ἔργων
1282 2774 1454 2844 νεκρά
1500 2776 1680 2828 ἐστι.)
1728 2774 1840 2845 Τὴν

266 2863 402 2929 μετᾶ
436 2863 499 2915 τὸ
528 2861 812 2933 βάπτισμα
869 2862 1052 2917 πίστιν
1094 2863 1267 2933 λέγει,
1319 2863 1484 2918 Οὐδὲν
1504 2864 1614 2934 γὰρ
1657 2864 1840 2929 πίστις

262 2955 462 3023 ὠφελεί
518 2956 829 3027 χηρεύουσα
855 2954 1056 3026 ἔργων,
1089 2956 1140 3008 εί
1173 2954 1248 3026 μὴ
1277 2957 1374 3009 καὶ
1403 2954 1654 3027 μείζονος
1692 2956 1840 3027 ἡμᾶς

262 3048 667 3119 ἁμαρτήματος
721 3047 1011 3110 ὑποδίκους
1076 3046 1399 3117 καθίστησι,
1459 3047 1520 3102 τὸ
1575 3047 1840 3102 τάλαντον

266 3140 364 3208 μὲν
430 3140 721 3205 λαϐόντας,
766 3138 839 3211 μὴ
873 3138 1303 3210 ἐπιφερομένους
1337 3139 1394 3192 δὲ
1419 3140 1516 3210 τὴν
1552 3139 1836 3211 ἐργασίαν.

1959 652 2087 706 tem,
2122 645 2167 702 si
2199 646 2385 701 statim
2412 661 2443 700 a
2468 645 2607 699 mala
2638 644 2747 699 vita
2780 644 3029 700 discedat
3061 644 3213 715 (huic
3244 646 3387 700 enim
3419 663 3531 703 non

1953 735 2154 791 adsunt
2184 751 2370 807 opera,
2399 738 2493 791 sed
2529 735 2802 791 sulliciens
2836 734 2938 806 ipsi
2979 737 3279 791 remedium
3314 745 3398 792 est
3430 753 3533 808 pu-

1954 828 2183 883 riﬁcatio
2231 845 2328 899 per
2373 827 2744 900 baptismum),
2771 827 2860 883 illa
2902 844 3036 884 vero
3073 829 3142 884 ab
3179 845 3247 885 eo
3285 831 3375 901 qui
3419 832 3527 901 jam

1952 916 2260 986 baptizatus
2283 927 2366 972 est
2396 917 2619 988 requirit
2640 918 2804 973 etiam
2834 918 3098 974 bonorum
3125 935 3349 989 operum
3376 922 3532 977 exhi-

1952 1008 2234 1063 bitionem.
2267 1008 2403 1064 Cum
2436 1010 2541 1065 hoc
2574 1025 2739 1065 sensu
2777 1010 2977 1066 Paulus
3009 1027 3226 1082 quoque
3256 1015 3532 1071 consentit

1951 1100 2059 1155 alio
2088 1101 2141 1154 in
2169 1101 2309 1165 loco,
2343 1101 2416 1154 ita
2444 1101 2652 1168 dicens,
2683 1118 2746 1156 ac
2776 1103 2978 1158 docens
3010 1103 3167 1158 [idem
3201 1115 3325 1176 post
3352 1106 3531 1177 bapti-

1953 1207 2070 1247 sma
2112 1191 2498 1262 perfectionem
2540 1193 2822 1263 requirere
2864 1210 2965 1265 per
3003 1211 3190 1266 opera,
3234 1212 3357 1251 cum
3399 1198 3476 1253 ait
3510 1214 3528 1254 :

1957 1303 1975 1336 ι
2012 1283 2197 1354 Neque
2223 1285 2568 1340 circumcisio
2600 1286 2896 1357 quidquam
2928 1288 3072 1343 valet
3105 1303 3282 1358 neque
3317 1306 3532 1361 praepu-

1951 1373 2107 1436 tium,
2143 1373 2310 1445 459
2342 1374 2436 1429 sed
2479 1375 2612 1432 lides
2650 1393 2772 1448 qua:
2810 1393 2907 1447 per
2943 1377 3292 1434 dilectionem
3332 1396 3532 1450 opera-

1950 1474 2041 1520 tur
2062 1466 2129 1520 ’°.
2156 1485 2179 1517 ι
2206 1465 2377 1520 Porro
2402 1466 2624 1523 dilectio
2653 1468 2816 1541 longo
2852 1477 2975 1541 eget
2998 1469 3262 1545 exercitio
3288 1481 3350 1526 ut
3377 1487 3531 1528 com-

1946 1557 2180 1627 plealur.

2017 1669 2137 1723 Alio
2164 1669 2338 1725 modo.
2389 1669 2664 1725 Abraham
2728 1672 2904 1742 imago
2960 1674 3179 1742 quidem
3224 1674 3326 1731 fuit
3364 1675 3525 1747 justi-

1948 1763 2217 1818 ﬁcationis
2245 1779 2364 1834 qua:
2413 1780 2474 1818 ex
2503 1764 2613 1818 sola
2648 1764 2755 1818 ﬁde
2786 1763 2866 1830 lit,
2921 1767 3139 1835 quando
3199 1766 3526 1837 imputatum

1948 1855 2051 1910 fuit
2087 1855 2189 1925 ipsi
2212 1857 2276 1911 ad
2299 1856 2579 1926 justitiam
2614 1857 2758 1926 quod
2785 1857 3084 1913 crediderit
3137 1860 3182 1892 ⁸⁷
3210 1877 3226 1915 :
3253 1861 3373 1931 ejus
3396 1877 3527 1918 vero

1948 1963 2069 2018 qua:
2090 1956 2256 2001 estex
2281 1948 2556 2017 operibus,
2622 1950 2841 2019 quando
2889 1949 3056 2004 lilium
3124 1950 3322 2007 obtulit
3363 1967 3532 2023 super

1948 2035 2119 2091 altare
2152 2038 2220 2092 ³⁸.
2250 2038 2529 2107 Siquidem
2561 2054 2668 2092 non
2701 2040 2879 2093 solum
2930 2040 3222 2111 peragebat
3250 2056 3408 2112 opus,
3432 2041 3531 2097 sed

1947 2126 2111 2180 etiam
2135 2127 2188 2180 in
2225 2127 2326 2181 lide
2364 2128 2663 2197 permansit
2693 2130 2839 2198 quod
2860 2144 2959 2200 per
2979 2130 3123 2184 Isaac
3145 2131 3521 2201 multiplican-

1947 2218 2073 2273 dum
2110 2229 2254 2273 esset
2269 2235 2455 2274 semen
2487 2236 2644 2275 suum
2675 2221 2817 2276 sicut
2859 2229 3026 2289 astra,
3054 2221 3528 2293 existimansquod

1946 2310 2110 2365 etiam
2171 2328 2240 2365 ex
2260 2312 2490 2367 mortuis
2521 2323 2708 2382 posset
2738 2312 2882 2367 Deus
2909 2313 3177 2369 suscitare
3199 2315 3265 2368 ”.
3311 2314 3524 2371 Tamen

1946 2400 2149 2455 Paulus
2183 2400 2435 2471 producit
2458 2401 2619 2456 etiam
2646 2400 2814 2456 David
2843 2401 2895 2456 in
2928 2410 3120 2456 testem
3153 2403 3220 2466 ⁸⁸,
3244 2403 3524 2473 sapienter

1947 2508 2041 2548 sua
2065 2494 2413 2548 conﬁrmans.
2446 2491 2686 2548 Noverat
2709 2492 2855 2549 enim
2878 2493 2967 2549 ille
2986 2508 3084 2564 per
3111 2492 3376 2565 Spiritum
3404 2509 3524 2549 eam

1948 2585 2109 2640 ﬁdem
2140 2601 2260 2655 quae
2290 2584 2489 2640 futuris
2559 2585 2902 2656 temporibus
2988 2598 3221 2641 ventura
3274 2595 3392 2642 erat
3430 2602 3530 2658 per

1946 2676 2223 2733 Christum
2259 2697 2273 2732 :
2307 2677 2433 2732 ideo
2456 2677 2533 2732 ait
2568 2696 2581 2733 :
2615 2697 2633 2730 ι
2657 2676 2856 2733 Beatus
2871 2677 2953 2731 vir
2982 2678 3072 2734 cui
3098 2694 3210 2735 non
3236 2679 3529 2749 imputabit

1947 2770 2210 2826 Dominus
2233 2780 2515 2841 peccatum
2551 2771 2616 2827 ³¹.
2658 2790 2676 2823 ι
2712 2802 2784 2812 -
2810 2791 2839 2853 (⁸
2864 2770 3029 2827 Fides
3074 2772 3282 2842 absque
3326 2772 3516 2855 operi-

1946 2861 2051 2919 bus
2075 2873 2285 2921 mortua
2315 2874 2418 2921 est.
2464 2883 2483 2916 ›
2519 2864 2705 2920 Fidem
2737 2848 2868 2919 dicit
2906 2878 3028 2934 quae
3061 2873 3145 2920 est
3174 2871 3303 2935 post
3339 2848 3528 2935 bapti-

1948 2971 2086 3011 sma.
2125 2955 2273 3011 Nihil
2298 2958 2443 3012 enim
2469 2956 2692 3029 prodest
2740 2955 2875 3012 ﬁdes
2933 2956 3191 3011 destituta
3244 2955 3525 3026 operibus,

1946 3046 2055 3102 nisi
2082 3047 2228 3117 quod
2251 3062 2356 3102 nos
2395 3046 2588 3117 majori
2621 3047 2803 3102 adhuc
2855 3057 3083 3117 peccato
3126 3047 3302 3102 reddit
3348 3047 3528 3101 obno-

1948 3139 2093 3221 xios,
2126 3139 2221 3209 qui
2252 3139 2514 3194 talentum
2546 3137 2768 3208 quidem
2814 3138 3148 3207 accepimus,
3186 3136 3398 3192 lucrum
3445 3146 3529 3192 ta-

265 3231 428 3283 Ὅθεν
475 3231 572 3284 καὶ
591 3231 621 3283 6
652 3229 857 3301 Κύριος
892 3231 1259 3303 ὑπογραμμὸν
1287 3231 1484 3297 διδοὺς,
1507 3231 1585 3294 ὡς
1625 3230 1762 3300 μετὰ
1781 3230 1840 3284 τδ

1950 3244 2079 3285 men
2109 3243 2221 3283 non
2252 3228 2563 3283 retulimus.
2594 3225 2750 3283 Unde
2771 3235 2827 3282 et
2851 3225 3112 3282 Dominus
3138 3226 3289 3282 velut
3328 3226 3525 3281 adum-

265 3320 555 3392 βάπτισμα
604 3323 699 3375 καὶ
761 3321 939 3393 ἔργων
990 3323 1125 3392 ἡμῖν
1170 3322 1291 3387 δεῖ,
1349 3321 1671 3394 βαπτισθεὶς
1741 3322 1840 3376 ὑπὸ

1950 3322 2159 3379 brando
2191 3322 2353 3378 nobis
2383 3320 2549 3377 tradit
2571 3321 2719 3392 quod
2752 3331 2877 3392 post
2904 3321 3175 3391 baptisma
3210 3320 3524 3376 necessaria

276 3412 551 3479 Ἰωάννου,
608 3411 704 3481 τὴν
752 3411 958 3484 ἔρημον
1016 3411 1243 3481 ἔφθασε,
1287 3412 1382 3465 καὶ
1418 3413 1545 3475 τοὺς
1584 3410 1724 3465 κατὰ
1746 3409 1841 3464 τοῦ

262 3505 517 3558 διαϐόλου
554 3505 837 3574 ἀνεδέχετο
860 3504 1100 3573 ἀγῶνας.
1122 3504 1234 3559 Καὶ
1265 3502 1479 3567 Παῦλος
1511 3503 1568 3556 δὲ
1593 3505 1708 3567 τοῖς
1738 3502 1841 3574 ἤδη

262 3595 368 3648 τῶν
402 3593 726 3666 μυστηρίων
754 3593 1035 3661 ἁξιωθεῖσι
1078 3597 1351 3667 παραινεῖ,
1383 3593 1582 3662 λέγων,
1623 3613 1642 3646 ι
1662 3594 1842 3646 Σπου-

263 3685 517 3755 δάσωμεν
564 3684 830 3738 εἰσελθεῖν
889 3686 972 3749 εἰς
1017 3685 1235 3756 ἐκείνην
1280 3683 1380 3757 τὴν
1417 3684 1783 3750 κατάπαυσιν,
1817 3701 1837 3736 ι

263 3776 334 3839 ὡς
383 3776 489 3829 ούκ
533 3776 811 3847 ἀρκούσης
868 3778 968 3847 τῆς
1015 3777 1289 3843 πίστεως,
1349 3776 1467 3831 ἀλλ’
1517 3775 1844 3846 ὀφειλούσης

266 3867 635 3939 προστεθῆναι
688 3869 783 3923 καὶ
836 3871 937 3941 τῆς
1000 3869 1401 3941 καθαριότητος
1443 3866 1538 3923 τοῦ
1580 3867 1721 3938 βίου,
1749 3867 1844 3922 καὶ

262 3959 461 4030 πολλὴν
490 3960 619 4031 περὶ
648 3958 840 4013 τούτου
874 3960 1127 4030 γενέσθαι
1164 3960 1429 4033 σπουδήν.
1526 3979 1535 3985 “

330 4093 427 4161 Μὴ
461 4088 685 4149 πολλοὶ
715 4093 1079 4150 διδάσκαλοι
1113 4096 1379 4166 γίνεσθε,
1411 4096 1670 4166 ἀδελφοί
1696 4115 1841 4167 μου,

261 4183 485 4250 ειδότες
524 4185 615 4239 ὅτι
650 4184 853 4254 μεῖζον
907 4185 1087 4256 κρῖμα
1127 4188 1465 4257 ληψόμεθα.
1496 4189 1707 4245 Πολλὰ
1731 4189 1842 4260 γὰρ

262 4276 550 4344 πταίομεν
585 4276 870 4343 ἅπαντες.

333 4386 526 4442 Εἰπὼν
550 4388 808 4461 ἀνωτέρω
838 4390 936 4444 καὶ
974 4389 1192 4456 διδάξας
1216 4393 1323 4463 τὴν
1340 4392 1524 4447 πίστιν
1550 4393 1624 4465 μὴ
1649 4395 1839 4449 διάκε-

261 4495 348 4533 νον
396 4480 579 4550 ἐργων
652 4480 959 4536 σπουδαίων
1021 4483 1323 4553 κεκτῆσθαι
1382 4486 1510 4549 τοὺς
1561 4488 1790 4550 πιστοὺς
1820 4528 1837 4553 ,

267 4570 470 4640 μετέϐη
493 4573 588 4625 καὶ
618 4572 706 4642 ἐφ’
741 4574 928 4643 ἕτερον
967 4574 1196 4644 ἀδελφὺν
1223 4575 1419 4644 τούτου
1447 4577 1835 4649 παράγγελμα.

265 4662 393 4765 {Kal
422 4661 707 4765 faenus:
744 4662 1015 4765 διδάσκειν
1046 4665 1420 4736 ἐπιχειροῦσιν
1455 4666 1492 4721 ἁ
1528 4667 1602 4739 μὴ
1627 4668 1841 4740 κατώρ-
1872 4712 1917 4765 D

263 4749 440 4803 θωσαν
481 4750 685 4821 αὐτοί).
741 4752 851 4805 Καί
898 4770 1066 4822 φησιν
1100 4755 1184 4808 ὅτι
1217 4756 1403 4826 μεῖζον
1435 4757 1496 4810 τὸ
1529 4761 1702 4828 κρῖμα
1729 4759 1839 4811 τῶν

260 4842 519 4898 τοιούτων
572 4843 713 4911 μετὰ
768 4842 865 4898 τοῦ
918 4845 1086 4917 μηδὲν
1143 4847 1470 4925 κερδαίνειν.
1513 4849 1573 4903 '0
1622 4848 1732 4920 γὰρ
1768 4849 1838 4903 τὰ

265 4933 336 5003 μὴ
371 4934 648 5004 προσόντα
683 4935 952 4989 διδάσκων
985 4936 1062 5001 ὡς
1106 4938 1237 4992 ὄντα
1266 4938 1417 5010 αὐτῷ
1437 4979 1453 5004 ,
1507 4941 1837 5012 κατάκριτός

262 5025 410 5079 ἐστιν
433 5026 509 5089 ὡς
552 5026 640 5080 διὰ
698 5028 799 5098 τῆς
856 5028 1023 5082 αὐτοῦ
1077 5029 1331 5102 γλώσσης
1359 5032 1699 5089 ὁλισθαίνων.
1727 5034 1835 5087 Καὶ

263 5112 497 5181 βεϐαιῶν
533 5114 693 5169 τοῦτο
753 5118 817 5171 ἐκ
858 5118 1177 5188 περιουσίας
1230 5119 1418 5189 φησίν.
1475 5121 1539 5174 El
1584 5121 1694 5191 γὰρ
1741 5123 1837 5175 καὶ

259 5204 433 5270 ἄλλως
470 5208 505 5277 ή
534 5206 753 5273 γλῶσσα
811 5208 1059 5278 πέφυκεν
1119 5210 1451 5265 ὀλισθαίνειν
1480 5210 1564 5276 κέξ
1594 5213 1835 5282 ἀπροσε-

260 5298 376 5364 ξίας
407 5292 485 5353 ὧν
513 5300 606 5353 καὶ
649 5300 715 5353 τὸ
737 5301 912 5373 κρῖμα
970 5301 1071 5355 ούκ
1118 5302 1510 5374 ἀποδιδράσκει
1549 5306 1577 5358 6
1628 5306 1835 5375 ταύτην

260 5393 712 5462 κεκτημένος,ὡς
739 5392 992 5465 Σολομῶν
1018 5411 1175 5465 φησι,
1202 5390 1436 5464 λέγων,ι
1460 5396 1538 5451 Δι’
1556 5398 1835 5470 ἁμαρτίαν

261 5483 485 5554 χειλέων
501 5484 816 5557 ἑμπίμπτει
838 5486 921 5550 είς
947 5486 1156 5555 παγίδα
1176 5487 1519 5558 ἁμαρτωλός
1533 5484 1705 5561 »ἦπου
1727 5490 1795 5545 ἂν
1809 5493 1838 5546 6

266 5577 328 5629 ὲκ
355 5578 614 5648 προνοίας
655 5578 1012 5651 ἁμαρτάνων,
1038 5580 1305 5635 διδάσκων
1353 5584 1421 5653 τῇ
1444 5580 1665 5655 γλώσσῃ
1692 5583 1732 5649 ἁ
1761 5584 1836 5656 μὴ

1942 3412 2102 3469 nobis
2120 3411 2233 3468 sint
2256 3428 2444 3483 opera,
2494 3428 2618 3468 cum
2646 3427 2677 3467 a
2706 3410 2917 3468 Joanne
2967 3412 3277 3482 baptizatus
3308 3410 3375 3465 ad
3418 3411 3518 3465 de-

1946 3512 2153 3559 sertum
2182 3504 2455 3574 pervenit,
2508 3510 2564 3559 et
2606 3503 2906 3558 certamina
2935 3504 3199 3558 adversus
3246 3498 3523 3557 diabolum

1945 3594 2188 3664 suscepit
2218 3595 2284 3648 ³².
2329 3593 2533 3651 Paulus
2563 3609 2782 3665 quoque
2810 3609 2906 3650 eos
2944 3594 3038 3663 qui
3099 3593 3354 3665 mysteria
3412 3592 3527 3663 jam

1944 3694 2278 3754 acceperant
2310 3683 2650 3752 adhortatur,
2669 3686 2899 3741 dicens:
2929 3704 2946 3736 ι
2972 3684 3525 3756 Studeamusingredi

1944 3774 2000 3830 in
2032 3775 2175 3830 illam
2206 3776 2451 3847 requiem
2484 3778 2531 3810 ³³
2565 3796 2614 3829 τι
2657 3778 2813 3847 quasi
2855 3794 2964 3832 non
2989 3776 3222 3832 sullieiat
3250 3776 3407 3843 ﬁdes,
3429 3778 3526 3832 sed

1943 3867 2068 3922 addi
2089 3883 2304 3938 quoque
2323 3868 2518 3923 debeat
2532 3868 2656 3923 vitae
2673 3870 2900 3938 paritas,
2917 3878 2973 3922 et
2989 3868 3251 3924 circahoc
3267 3882 3525 3938 maguum

1945 3960 2196 4014 adhiberi
2231 3959 2498 4014 studium.

2014 4062 2105 4157 Ill,
2131 4094 2184 4159 1,
2221 4093 2276 4147 2.
2312 4092 2494 4147 Nolite
2523 4095 2705 4159 plures
2735 4094 2982 4164 magistri
3003 4094 3142 4162 ﬁeri,
3174 4094 3368 4164 fratres
3396 4095 3517 4159 mei,

1943 4188 2163 4240 scientes
2183 4185 2321 4255 quod
2350 4185 2529 4254 majus
2588 4185 2846 4252 iudicium
2902 4186 3171 4255 sumpturi
3231 4185 3520 4239 simus:in

1948 4274 2133 4328 multis
2163 4274 2301 4328 enim
2337 4272 2565 4327 labimur
2582 4290 2782 4328 omnes.

2011 4386 2150 4443 Cum
2178 4386 2234 4441 in
2271 4386 2651 4457 superioribus
2679 4386 2907 4443 dixisset
2941 4402 3005 4441 ac
3027 4387 3304 4443 docuisset
3332 4386 3520 4442 ﬁdeles

1943 4488 2005 4534 ut
2036 4479 2192 4534 lidem
2214 4480 2562 4549 possiderent
2595 4496 2707 4534 non
2743 4495 2973 4535 vacuam
3036 4480 3192 4535 bonis
3237 4479 3519 4550 operibus,

1944 4571 2009 4626 ad
2037 4571 2184 4627 aliud
2240 4573 2459 4627 transiit
2504 4580 2839 4642 praeceptum
2875 4572 3004 4627 huic
3029 4587 3368 4643 germanum.
3395 4571 3520 4625 Etea

1944 4665 2058 4718 nim
2089 4662 2311 4734 quidam
2346 4665 2543 4719 docere
2571 4672 2842 4718 conantur
2890 4679 3012 4733 quae
3073 4678 3175 4719 nec
3226 4663 3330 4733 ipsi
3383 4678 3522 4733 pra:-

1944 4762 2211 4810 stantzet
2238 4755 2315 4808 ait
2365 4753 2513 4823 quod
2580 4754 2755 4823 majus
2826 4752 2930 4807 erit
2987 4768 3176 4808 eorum
3228 4752 3517 4823 judicium,

1945 4847 2391 4918 quandoquidem
2424 4846 2563 4900 nihil
2591 4844 2728 4899 lucri
2758 4845 3084 4899 attulerunt.
3135 4844 3271 4898 Nam
3323 4843 3416 4915 qui
3456 4860 3519 4899 ea

1945 4939 2109 4994 docet
2141 4952 2262 5006 quae
2290 4952 2399 4991 non
2429 4946 2663 5006 prosunt
2692 4945 2949 5005 tanquam
2995 4935 3082 4988 illa
3123 4934 3352 5001 habens,
3387 4949 3521 4989 con-

1906 5064 1907 5069 η
1943 5027 2234 5082 demnatus
2263 5035 2349 5079 est
2374 5024 2541 5078 veluti
2572 5039 2668 5079 sua
2702 5024 2882 5094 lingua
2915 5022 3119 5092 lapsus.
3171 5021 3286 5076 lloc
3333 5028 3517 5075 autem

1941 5117 2312 5173 abundantius
2333 5118 2666 5171 conﬁrmans
2694 5115 2846 5169 dicit.
2891 5114 3211 5184 Quanquam
3244 5113 3389 5167 enim
3408 5112 3518 5167 alio

1943 5225 2164 5281 quoque
2196 5209 2358 5264 modo
2388 5224 2450 5263 ex
2478 5206 2808 5279 negligentia
2858 5221 3030 5277 prona
3084 5213 3170 5261 est
3216 5205 3402 5276 lingua
3449 5205 3519 5258 ad

1942 5303 2261 5366 labendum,
2293 5300 2348 5356 in
2381 5315 2444 5355 ea
2472 5313 2704 5370 quorum
2719 5298 2985 5370 judicium
3011 5313 3121 5353 non
3163 5296 3387 5367 eli‘ugiet
3417 5296 3516 5365 qui

1943 5402 2089 5456 hanc
2124 5409 2324 5455 nactus
2367 5407 2472 5463 est,
2509 5398 2970 5468 quemadmodum
3025 5396 3193 5451 habet
3235 5394 3516 5456 Solomon,

1943 5494 2134 5549 dicens
2161 5510 2174 5546 :
2205 5492 2371 5565 460
2401 5512 2420 5545 ι
2450 5492 2680 5562 Propter
2706 5498 2991 5561 peccatum
3015 5488 3284 5543 labiorum
3326 5486 3520 5541 incidit

1944 5586 2004 5641 in
2034 5586 2288 5663 laqueum
2321 5593 2576 5656 peccator
2602 5584 2670 5652 ⁸⁸;
2713 5602 2732 5636 ι
2768 5583 2942 5641 multo
2971 5589 3155 5636 tamen
3192 5578 3365 5651 magis
3422 5577 3516 5650 qui

335 5776 383 5812 "
413 5774 689 5855 galat:_v_,_
719 5777 792 5855 6._
853 5777 897 5809 ³⁷
930 5774 1069 5855 Gen.
1095 5793 1187 5841 xv,
1232 5776 1322 5855 6.__
1351 5777 1408 5855 ξ
1433 5778 1570 5855 _Gen.
1604 5794 1735 5855 XX_II,
1770 5779 1836 5855 ll)

1951 5796 2006 5851 q.
2080 5782 2126 5815 ²⁹
2156 5781 2324 5839 Hebr.
2354 5800 2407 5840 ιι
2436 5785 2623 5841 l7-l9.
2663 5783 2709 5819 ⁸⁵
2732 5781 2892 5840 Rom.
2924 5797 3000 5850 ιν,
3023 5784 3056 5839 0
3082 5796 3238 5854 seqq.
3310 5782 3354 5814 "
3374 5778 3528 5855 Psal.

256 5858 411 5940 μω,
435 5847 492 5901 2.
570 5845 616 5879 ³³
642 5846 833 5904 Matth.
868 5863 947 5918 IV,
989 5848 1014 5906 1
1049 5862 1202 5919 seqq.
1278 5849 1323 5883 ³³
1350 5849 1517 5907 Hebr,
1548 5868 1624 5918 ιγ,
1646 5845 1729 5907 δ”
1778 5851 1826 5885 ιι

1950 5845 2015 5908 ιν.
2052 5867 2151 5921 xu,
2174 5855 2262 5911 15.
