3850 6560
444 404 550 470 48Ί

1485 400 1889 462 (ECUMENII
1928 396 2219 458 TRICCi‘E
2268 395 2610 457 EPISCOPI
3599 395 3686 462 488

445 518 719 576 coercibilc
742 519 965 584 malum,
992 520 1149 590 plena
1190 535 1382 573 veneno
1408 517 1704 587 mortifero.
1728 515 1832 570 Per
1854 516 2024 583 ipsam

2137 513 2497 581 ἀνθρωπίνῃ·
2543 511 2657 579 τὴν
2705 510 2773 564 δὲ
2829 508 3125 579 γλῶσσαν
3192 506 3396 572 οὐδεὶς
3469 505 3692 566 δύναται

444 612 797 668 benedicimus
819 612 924 666 Deo
972 622 1023 666 et
1070 611 1246 676 Patri,
1305 620 1352 664 et
1391 625 1484 679 per
1548 609 1715 676 ipsam
1763 606 2032 661 maledici-

442 722 561 759 mus
609 704 904 759 hominibus
955 703 1046 774 qui
1098 703 1169 757 ad
1217 699 1624 756 similitudinem
1690 698 1789 754 Dei
1834 697 2032 753 conditi

443 806 593 852 sunt.

401 1086 407 1123 *
524 1106 544 1139 ι
579 1086 658 1141 lla
684 1092 740 1141 et
768 1085 973 1156 lingua.
1009 1103 1029 1137 ι
1071 1083 1359 1155 Tanquam
1385 1084 1662 1140 diceretur
1694 1101 1707 1139 :
1741 1084 1823 1139 Ad
1872 1098 2032 1139 eum-

444 1179 567 1233 dem
597 1177 821 1233 modum
882 1184 939 1232 et
992 1176 1178 1246 lingua
1222 1185 1372 1233 recte
1407 1178 1614 1232 moveri
1662 1177 1847 1243 debet,
1905 1190 2031 1246 quae

443 1269 550 1324 etsi
585 1269 849 1339 pusillum
886 1267 958 1323 sit
981 1268 1311 1333 membrum,
1359 1282 1557 1338 magna
1593 1276 1777 1322 tamen
1842 1282 2033 1337 opera-

444 1370 555 1426 tur,
590 1361 735 1416 bona
766 1360 1030 1416 videlicet
1060 1368 1117 1415 et
1148 1359 1287 1414 mala
1318 1377 1333 1414 :
1373 1374 1492 1414 non
1546 1370 1634 1415 est
1683 1367 1866 1413 autem
1896 1358 2033 1414 adeo

446 1451 743 1522 explicitus
768 1465 972 1517 sermo,
1000 1450 1263 1522 quoniam
1310 1450 1612 1506 abbreviati
1659 1450 1809 1505 verbi
1858 1450 2033 1505 disci-

442 1543 605 1612 polus
634 1550 720 1597 est
744 1542 837 1612 qui
899 1542 1007 1597 hoc
1057 1541 1268 1613 scribit.
1305 1558 1325 1593 ι
1362 1540 1596 1596 Mundus
1638 1538 1962 1609 iniquitatis.
2004 1558 2022 1590 ι
2052 1540 2065 1551 ’

443 1633 707 1689 Mundum
755 1634 861 1690 hoc
884 1633 1007 1689 loco
1035 1633 1229 1688 volunt
1256 1632 1479 1703 quidam
1541 1631 1850 1703 significare
1892 1630 2033 1685 mul-

442 1722 758 1789 titudinem,
835 1721 1298 1793 quemadmodum
1355 1721 1522 1776 etiam
1598 1720 1692 1776 ubi
1766 1720 2026 1776 dicitur:

447 1832 467 1866 ι
503 1814 737 1870 Mundus
760 1829 886 1870 eum
909 1830 1021 1869 non
1054 1814 1310 1885 cognovit
1345 1814 1413 1879 ⁸⁵,
1439 1833 1458 1866 ι
1487 1814 1591 1869 hoc
1618 1821 1721 1872 est.
1750 1811 2031 1882 popularis

2134 601 2465 670 ἀνθρώπων
2537 600 2839 670 δαμάσαι;
2883 598 3328 668 Ἀκατάσχετον
3369 597 3562 651 κακὸν
3604 618 3693 668 με.

2133 694 2253 762 στὴ
2327 694 2419 748 ἰοῦ
2477 693 2918 761 θανατηφόρου.
3003 693 3106 745 Ἐν
3139 687 3296 757 αὐτῇ
3343 687 3693 757 εὐλογοῦμεν

2134 787 2241 840 τὸν
2286 787 2435 840 Θεὸν
2487 784 2585 839 καί
2617 784 2871 853 Πατέρα,
2900 782 3000 837 καὶ
3023 783 3093 836 ἐν
3140 779 3297 849 αὐτῇ
3334 778 3694 848 καταρώμεθα

2135 879 2281 944 τοὺς
2327 877 2683 947 ἀνθρώπους
2730 876 2873 943 τοὺς
2899 876 3030 931 καθ’
3062 872 3349 953 ὀμοζώσιν
3377 872 3529 928 Θεοῦ
3555 890 3696 944 rm-

2132 972 2337 1036 νότας.

2213 1081 2231 1113 ι
2257 1061 2415 1116 Οὕτω
2456 1062 2550 1116 καὶ
2580 1061 2822 1131 γλῶσσα.
2857 1081 2876 1114 ι
2920 1058 3068 1114 Ἀντὶ
3095 1058 3214 1113 τοῦ·
3246 1059 3351 1112 Τὸν
3395 1058 3562 1114 αὑτὸν
3585 1061 3693 1132 τρό·

2136 1169 2236 1206 πον
2292 1155 2387 1207 καὶ.
2413 1155 2446 1223 ἡ
2479 1152 2705 1222 γλῶσσα
2754 1153 2962 1223 ὀφείλει
3010 1151 3281 1207 κινεῖσθαι
3325 1151 3529 1216 καλῶς,
3562 1150 3697 1205 ὑκᾶν

2138 1244 2336 1315 μικρὸν
2391 1243 2554 1314 μέλος
2603 1244 2773 1308 ἐστὶν,
2812 1243 2949 1299 ἀλλὰ
2981 1243 3194 1315 μεγάλα
3230 1241 3552 1314 ἐργάζεται,
3578 1243 3697 1296 καλὰ

2134 1336 2338 1409 δηλαδὴ
2387 1338 2482 1391 καὶ⁸
2510 1338 2678 1393 κακά.
2728 1339 2845 1393 Οὐκ
2871 1337 3186 1409 ὲξήπλωται
3213 1335 3271 1391 δὲ
3297 1334 3496 1401 οὑτως,
3517 1336 3600 1388 ὅτι
3618 1337 3697 1389 τοῦ

2139 1428 2586 1498 συντετμημένου
2641 1429 2804 1498 λόγου
2858 1427 3110 1499 μαθητὴς
3148 1429 3180 1481 ὁ
3230 1427 3407 1481 ταῦτα
3466 1428 3694 1497 γράφων.

2142 1535 2162 1572 ι
2201 1517 2260 1571 Ὀ
2292 1518 2498 1589 κόσμος
2545 1519 2647 1589 τῆς
2703 1518 2939 1581 ἀδικίας.
2972 1537 2991 1570 ι
3038 1517 3261 1589 Κόσμον
3313 1516 3460 1578 τινὲς
3484 1516 3699 1571 ἐνταῦθα

2133 1608 2197 1662 τὸ
2225 1608 2429 1680 πλῆθος
2483 1609 2766 1681 βούλονται
2818 1609 3130 1681 σημαίνειν,
3178 1607 3370 1680 ὥσπερ
3394 1610 3489 1662 καὶ
3521 1608 3582 1660 ὲν
3610 1608 3697 1679 τῷ,

2141 1717 2161 1750 ι
2194 1698 2251 1752 Ὀ
2275 1700 2484 1771 κόσμος
2507 1702 2670 1756 αὑτὸν
2698 1703 2799 1756 οὑκ
2824 1702 2987 1771 ἔγνω,
3015 1720 3035 1754 ι
3063 1701 3186 1755 ἀντὶ
3223 1701 3338 1766 τοῦ,
3378 1699 3441 1753 τδ
3464 1699 3700 1770 δημῶδες

2138 1792 2363 1862 πλῆθος.
2412 1793 2633 1865 Κόσμος
2658 1790 2753 1849 οὖν
2773 1795 2870 1849 καὶ
2906 1797 2940 1867 ἡ
2963 1795 3185 1863 γλῶσσα
3205 1796 3480 1859 τουτέστι,
3508 1793 3700 1864 πλῆθος

443 1905 762 1962 multitudo.
817 1905 1058 1961 Mundus
1124 1880 1304 1979 igitur
1354 1915 1441 1961 est
1491 1914 1546 1960 et
1593 1880 1887 1975 lingua,id
1945 1913 2029 1960 est

2137 1883 2380 1951 ἀδικίας,
2433 1888 2527 1939 καὶ
2583 1888 2713 1940 ὅσου
2766 1886 3025 1960 πλήθους,
3096 1889 3336 1959 εἴρηται,
3375 1886 3445 1941 δι’
3470 1880 3553 1940 ὧν
3587 1887 3697 1957 ἔφη,

442 1998 742 2053 multitudo
774 1997 1105 2068 iniquitatis.
1160 1997 1227 2051 Et
1256 2005 1460 2067 quanta
1501 1997 1571 2051 sit
1617 1995 1912 2050 multitudo
1951 1995 2029 2050 ibi

441 2090 649 2146 dictum
680 2097 765 2146 est
781 2104 907 2145 cum
939 2088 1223 2159 praemisit,
1248 2104 1413 2158 quam
1440 2103 1691 2159 magnam
1713 2090 2024 2145 materiam.

446 2199 466 2233 ι
513 2179 708 2236 Omnis
733 2180 881 2234 enim
931 2188 1150 2235 natura.
1173 2196 1193 2231 ι
1228 2178 1360 2245 Quae
1398 2188 1531 2234 sunt
1573 2179 1740 2257 hujus
1761 2180 2020 2251 objectio-

439 2273 550 2339 nis,
582 2272 899 2344 intelligere»
931 2280 1147 2342 oportet
1173 2271 1330 2342 juxta
1385 2286 1448 2327 ea
1504 2286 1627 2342 quae
1669 2273 1844 2343 prius-
1883 2273 2030 2329 dicta

439 2375 589 2422 sunt.
649 2364 787 2421 Cum
808 2365 959 2420 enim
990 2364 1144 2436 prius
1173 2364 1402 2420 dixisset
1423 2379 1490 2421 ac
1540 2365 1878 2422 ostendisset
1931 2381 2030 2436 per

442 2453 657 2509 frenum
716 2464 771 2509 et
798 2469 897 2525 per
915 2453 1351 2526 gubernaculum
1383 2453 1531 2524 quod
1561 2470 1623 2509 ea
1675 2471 1798 2525 quae
1829 2457 2027 2527 pusilla

441 2544 801 2612 quidemsunt
835 2560 1033 2616 magna
1068 2544 1324 2601 elﬁciunt
1352 2544 1485 2600 dum
1539 2555 1688 2602 recte
1714 2559 2027 2617 moventur,

448 2651 516 2690 ac
553 2635 934 2706 subjunxisset
962 2636 1109 2710 quod
1162 2637 1283 2707 pari
1324 2638 1493 2694 modo
1543 2650 1599 2694 et
1644 2639 1826 2712 lingua
1868 2643 2033 2697 debet

443 2729 744 2801 circumagi
776 2738 927 2786 recto
967 2746 1223 2787 sermone
1254 2750 1268 2787 :
1303 2733 1544 2789 ostendit
1580 2750 1731 2790 nunc
1763 2736 2029 2806 subjectis

441 2821 716 2890 exemplis
746 2822 892 2892 quod
940 2822 1282 2893 impossibile
1314 2839 1427 2879 non
1476 2826 1550 2880 sit
1593 2825 1669 2881 illi
1721 2827 2026 2898 imperare:

449 2923 708 2982 tanquam
739 2913 786 2969 si
810 2914 1056 2970 diceret:
1086 2914 1193 2970 Sed
1219 2916 1366 2972 dicet
1408 2916 1606 2988 aliquis
1652 2919 1799 2989 quod
1847 2918 2029 2990 lingua

446 3018 763 3073 quanquam
797 3005 1057 3075 pusillum
1091 3005 1164 3060 sit
1192 3007 1521 3075 membrum,
1553 3017 1798 3091 attamen
1831 3026 2028 3081 magna

440 3104 705 3166 operatur
735 3096 878 3153 bona
908 3106 965 3153 et
993 3099 1135 3153 mala
1166 3116 1180 3154 :
1223 3114 1407 3167 neque
1471 3100 1799 3173 obsequens,
1845 3117 2028 3172 neque

444 3185 742 3242 tractabilis
773 3196 858 3242 est
898 3201 930 3241 a
964 3187 1124 3247 nobis
1160 3187 1229 3243 ad
1263 3203 1331 3243 ea
1390 3203 1512 3258 quae
1559 3191 1835 3249 volumus.
1884 3193 2028 3247 Nihil

442 3275 549 3332 hoc
570 3277 681 3348 agit
712 3279 781 3333 ad
808 3279 1248 3349 responsionem.
1276 3279 1411 3336 Nam
1441 3281 1487 3336 si
1517 3280 1664 3337 feras
1713 3298 1811 3338 sua
1834 3295 2029 3341 natura

441 3384 556 3423 non
598 3370 931 3427 domesticas
964 3371 1150 3428 domat
1180 3373 1369 3440 homo,
1403 3390 1577 3431 saevas
1605 3376 1828 3444 quidem
1870 3394 2030 3450 aspe-

442 3468 558 3524 ctu,
600 3470 656 3515 at.
704 3461 863 3533 longe
892 3462 1064 3534 magis
1093 3478 1266 3521 saevas
1314 3466 1382 3519 ad
1429 3467 1799 3535 tractandum,
1844 3484 2031 3526 nonne

442 3551 616 3606 multo
638 3553 811 3623 magis
834 3554 1122 3624 proprium
1191 3555 1501 3611 membrum
1552 3564 1789 3613 tractare
1842 3571 2032 3629 posset

448 3650 509 3696 ut
531 3642 636 3698 sibi
659 3642 820 3699 facile
850 3645 1302 3717 obtemperaret?
1332 3647 1459 3704 Ideo
1509 3650 1673 3705 etiam
1699 3654 1845 3721 quod
1904 3657 1981 3710 ait
2013 3675 2026 3711 :

442 3733 715 3806 Linguam
755 3736 938 3793 autem
1060 3740 1247 3795 nullus
1272 3740 1558 3796 hominum
1583 3742 1809 3799 domare
1826 3757 2029 3817 potest,

443 3843 555 3885 non
579 3835 664 3882 est
683 3826 1005 3886 atlirmative
1036 3830 1354 3902 legendum,
1381 3834 1477 3888 sed
1500 3849 1599 3905 per
1634 3835 2032 3895 dubitationem

453 3929 551 3974 aut
623 3919 1138 3995 interrogationem,
1186 3932 1245 3978 ut
1287 3925 1392 3980 hoc
1443 3926 1607 3981 modo
1674 3928 1886 3983 dicatur
1916 3971 1929 3984 .
1975 3930 2032 3985 Si

445 4009 596 4066 feras
640 4012 938 4070 indomitas
995 4016 1362 4071 mansuefacit
1413 4016 1579 4073 homo
1623 4028 1679 4075 et
1726 4022 2032 4077 tractabiles

441 4103 645 4170 reddit,
677 4120 863 4160 annon
900 4121 1058 4162 suam
1106 4107 1348 4179 linguam
1391 4109 1619 4166 domare
1668 4113 1912 4181 poterit?
1955 4111 2032 4169 lta

442 4209 574 4266 ergo
608 4197 901 4268 legendum
930 4206 1015 4254 est
1054 4199 1160 4254 hoc
1200 4210 1257 4254 et
1310 4201 1748 4273 intelligendum.
1799 4201 1937 4259 Nam
1986 4204 2032 4259 si

443 4290 718 4344 assertive
745 4287 1047 4357 diceretur,
1080 4306 1441 4360 nequaquam
1464 4294 1519 4346 in
1548 4308 1841 4363 progressu
1880 4304 2033 4351 recte

441 4381 723 4436 videretur
745 4380 827 4435 uti
849 4381 1227 4438 exhortatione
1269 4421 1284 4449 ,
1329 4398 1455 4438 cum
1491 4384 1565 4438 ait
1595 4403 1607 4437 :
1642 4383 1760 4440 Non
1790 4399 2029 4456 oportet,

441 4471 642 4527 fratres
668 4472 800 4538 mei,
827 4472 946 4528 haec
978 4472 1052 4527 ita
1076 4472 1214 4529 ﬁeri.
1244 4472 1380 4529 Nam
1423 4476 1469 4530 si
1505 4476 1844 4545 impossibile
1883 4491 2033 4537 esset

2135 1977 2336 2048 ἡλίκην
2388 1978 2539 2047 ὃλην.
2580 1997 2599 2031 ι
2654 1980 2811 2034 Πᾶσα
2846 1980 2954 2051 γὰρ
2999 1978 3183 2050 φύσις,
3209 1999 3228 2033 ι
3264 1980 3347 2032 Τὰ
3374 1980 3476 2049 τῆς
3500 1978 3700 2033 ἀντιλο-

2136 2068 2263 2138 γίας
2297 2068 2505 2142 ταύτης
2540 2072 2677 2142 πρὸς
2706 2072 2777 2126 τά
2801 2074 3064 2138 ἀνωτέρω
3093 2072 3365 2145 εἰρημένα
3392 2072 3699 2127 ἀκουστέον.

2135 2162 2325 2218 Εἰπὼν
2380 2164 2491 2234 γὰρ
2518 2168 2613 2220 καὶ
2663 2165 2845 2234 δείξας
2897 2166 2987 2220 διά
3032 2166 3129 2220 τοῦ
3195 2164 3448 2236 χαλινοῦ,
3494 2162 3587 2218 διὰ
3617 2163 3699 2217 τοῦ

2135 2252 2420 2325 πηδαλίου,
2445 2254 2480 2309 ἃ.
2515 2256 2691 2326 μικρὰ
2743 2255 2845 2324 μὲν
2888 2254 3032 2323 ἐστι,
3093 2254 3307 2325 μεγάλα
3331 2253 3387 2307 δὲ
3436 2250 3703 2323 κατορθοῖ,

2136 2346 2317 2410 καλῶς
2378 2348 2698 2417 κινούμενα,
2740 2347 2835 2402 καὶ
2888 2348 3191 2416 ἐπενέγκας
3244 2346 3327 2400 ὅτι
3355 2345 3499 2400 οὑτω
3563 2345 3701 2415 καιὴ

2135 2438 2361 2505 γλῶσσα
2391 2439 2597 2509 ὀφείλει
2630 2438 3066 2511 μετάγεσθαιτῷ
3102 2437 3251 2511 ὀρθῷ
3274 2439 3443 2508 λόγῳ,
3474 2437 3706 2492 δείκνυσι

2138 2527 2234 2581 νῦν
2258 2529 2360 2582 οὑκ
2395 2529 2638 2585 ἀδύνατα
2676 2531 3063 2602 προστάσσειν,
3090 2530 3179 2584 διὰ
3198 2530 3308 2585 τῶν
3336 2528 3705 2600 ὑποκειμένων

2137 2619 2577 2689 ὑποδειγμάτων,
2616 2619 2805 2691 ὥσπερ
2828 2622 2880 2674 εἰ
2907 2620 3117 2689 ἔλεγεν
3163 2620 3303 2673 Ἀλλ’
3337 2621 3456 2691 ἐρεῐ
3493 2637 3583 2683 τις
3632 2619 3705 2673 ὅτι

2135 2710 2240 2763 κᾶν
2271 2709 2464 2780 μικρὸν
2496 2709 2714 2782 μέλο;ή
2743 2711 2987 2780 γλῶσσα,
3013 2711 3133 2766 ἀλλ’
3163 2709 3256 2764 οὖν
3292 2711 3508 2780 μεγάλα
3541 2712 3702 2781 ἐργα-

2137 2802 2340 2874 ζομένη
2375 2802 2514 2857 καλὰ
2537 2803 2633 2858 καὶ
2662 2804 2831 2867 κακὰ,
2863 2806 2964 2859 οὑκ
2994 2804 3256 2877 εὐπειθὴς
3280 2804 3392 2858 οὐδ’
3427 2804 3702 2874 εὐάγωγος

2137 2898 2268 2968 ἡμῖν
2330 2900 2449 2950 ἔστι
2508 2898 2643 2965 πρὸς
2683 2898 2720 2952 ἃ
2771 2896 3094 2968 βουλόμεθα.
3147 2898 3317 2952 Οὐδὲν
3367 2896 3535 2952 τοῦτο
3583 2898 3707 2968 πρὸς

2138 2991 2455 3061 ἀπολογίαν.
2480 2992 2543 3045 El
2567 2991 2679 3063 γὰρ
2708 2992 2952 3045 ἀνοίκεια
2983 2995 3048 3065 τῇ
3077 2991 3272 3046 ἑαυτοῦ
3299 2991 3459 3062 φύσει
3487 2990 3712 3063 δαμάζει

2136 3083 2426 3156 ἄνθρωπος
2472 3083 2637 3157 θηρία
2677 3083 2890 3155 χαλεπά
2950 3084 3049 3155 μὲν
3084 3084 3234 3151 ἰδεῖν,
3268 3082 3632 3157 χαλεπώτερα
3661 3082 3712 3136 δὲ

2140 3177 2652 3247 μεταχειρίσασθαι,
2688 3177 2750 3230 οὑ
2791 3176 2973 3249 πολλῷ
3007 3176 3207 3245 μᾶλλον
3236 3175 3299 3230 τὸ
3333 3172 3533 3229 ἑαυτοῦ
3563 3172 3711 3246 μέλος

2135 3269 2403 3332 εὑείκτως
2435 3270 2914 3341 μεταχειρίσαιτο;
2957 3268 3050 3322 Διδ
3079 3271 3176 3323 καὶ
3208 3268 3290 3335 τὸ,
3323 3266 3435 3340 Τὴν
3460 3266 3520 3321 δὲ
3545 3266 3713 3337 γλῶσ-

2134 3378 2235 3416 σαν
2260 3362 2436 3426 οὐδεὶς
2497 3361 2802 3433 ἀνθρώπων
2851 3363 3093 3435 δαμάσαι
3145 3361 3391 3427 δύναται,
3443 3360 3523 3432 μὴ
3580 3360 3710 3413 κατά

2134 3454 2440 3525 ἀπόφανσιν
2478 3455 2892 3524 ἀναγνωστέον,
2956 3453 3094 3509 ἀλλά
3152 3455 3277 3509 κατ’
3340 3453 3708 3524 ἐπαπόρησιν.

2136 3547 2255 3601 Ἵνα
2405 3546 2598 3610 οὕτως.
2645 3547 2710 3600 Εί
2756 3546 2826 3601 τά
2887 3545 3159 3600 ἀτίθασσα
3211 3544 3380 3616 θηρία
3429 3543 3713 3616 ἄνθρωπος

2133 3638 2448 3693 τιθασσεύει
2501 3639 2597 3693 καὶ
2639 3640 2958 3712 χειρονοήθη
3017 3641 3184 3704 ποιεῖ,
3234 3634 3346 3710 ἄρα
3375 3635 3475 3709 τὴν
3526 3634 3713 3690 ἑαυτοῦ

2135 3732 2389 3801 γλῶσσαν
2443 3732 2504 3785 οὑ
2542 3732 2813 3803 Gaudeat;
2880 3729 2989 3787 Οὗν
3050 3732 3449 3802 ἀναγνωστέον.
3492 3731 3562 3788 Ei
3612 3729 3714 3797 γὰρ

2136 3826 2278 3879 κατά
2334 3825 2661 3896 ἀπόφανσιν,
2692 3826 2792 3880 οὑκ
2830 3824 2896 3880 ἀν
2923 3825 3050 3896 δέξῃ
3083 3824 3289 3897 προῖὼν
3311 3824 3494 3888 καλῶς
3517 3821 3727 3895 κεχρῆ-⁵

2139 3919 2261 3972 σθαι
2288 3919 2367 3990 τῷ
2396 3918 2781 3989 νουθετήματι,
2812 3919 2957 3987 λέγω
2985 3917 3041 3971 δὲ
3078 3918 3180 3988 τῷ,
3214 3916 3313 3983 Οὔ,
3341 3916 3564 3984 ἀδελφοί
3592 3931 3711 3984 μου,

2134 4010 2312 4065 ταῦτα
2339 4009 2483 4066 οὕτω
2504 4010 2777 4080 γίνεσθαι.
2810 4011 2874 4064 Εί
2903 4009 3012 4081 γὰρ
3045 4009 3309 4064 ἀδύνατον
3336 4006 3716 4080 μεταρρυθμίν

2137 4122 2250 4171 σαι,
2280 4105 2309 4159 ὁ
2344 4104 2627 4169 ἀδυνάτοις
2682 4105 2986 4176 ἐπιχειρεῖν
3032 4102 3343 4174 παραινῶν,
3365 4101 3467 4154 οὑκ
3497 4096 3712 4168 ἀσφαλῆ

2133 4194 2232 4267 τὴν
2278 4195 2599 4267 παραίνεσιν
2628 4199 2792 4250 ποιεῖ.
2836 4194 3065 4266 Φήσειὲν
3112 4210 3199 4257 τις
3223 4209 3239 4226 θ
3271 4192 3347 4245 Τὺ
3386 4191 3465 4255 δὲ,
3500 4189 3714 4244 ἀκατά-

2138 4303 2332 4358 σχετον
2369 4287 2561 4352 κακὸν,
2622 4285 2795 4358 μεστὴ
2834 4284 2914 4339 ίοῦ
2963 4284 3368 4356 θανατηφόρου,
3392 4281 3534 4337 κατά
3582 4281 3717 4335 ἀπό-

2135 4397 2331 4449 φανσιν
2379 4377 2796 4451 προσενεκτέον.
2842 4378 3124 4449 Δὺξητικὰ
3171 4378 3278 4449 γάρ
3310 4379 3431 4430 ἐστι
3463 4374 3560 4429 τοῦ
3586 4375 3716 4426 δυσ-

2138 4473 2553 4544 μεταχειρίστου
2589 4473 2689 4543 τῆς
2721 4471 2996 4544 γλώσσης.
3036 4472 3199 4526 Ἀλλᾶ
3235 4472 3331 4526 καὶ
3362 4471 3452 4549 τὸ.
3498 4469 3598 4525 Ἐκ
3619 4468 3713 4521 τοῦ

442 4564 516 4618 ita
570 4564 851 4634 adaptare,
909 4563 956 4620 is
997 4565 1093 4635 qui
1129 4565 1491 4636 impossibilia
1546 4570 1821 4638 admonet,
1867 4572 2029 4647 464

2137 4562 2306 4618 αὑτοῦ
2380 4563 2652 4633 στόματος
2703 4563 2986 4633 ἐξέρχεται
3049 4562 3274 4631 εὐλογία
3337 4562 3434 4616 καὶ
3474 4560 3713 4629 κατάρα,

442 4666 553 4705 non
584 4651 834 4705 stabilem
853 4667 916 4707 ac
938 4653 1358 4709 convenientem
1389 4655 1521 4711 facit
1572 4658 2024 4719 admonitionem.

445 4742 665 4797 Diceret
705 4742 951 4813 aliquis:
1005 4743 1262 4802 Attamen
1317 4750 1462 4819 quod
1525 4750 1623 4817 ait,
1674 4751 2031 4813 lncoercihile

444 4837 671 4901 malum,
718 4836 878 4906 plena
908 4854 1125 4894 veneno
1180 4842 1485 4908 mortifero,
1541 4847 1803 4902 assertive
1841 4849 2026 4919 profe-

442 4927 674 4982 rendum
708 4937 793 4982 est
822 4947 835 4983 :
870 4929 986 4984 haec
1009 4931 1154 4985 enim
1183 4948 1283 5002 per
1343 4943 1695 5005 augmentum
1727 4940 2028 4994 ostendunt

443 5018 680 5089 linguam
703 5033 827 5074 esse
849 5018 1271 5077 intractabilem.
1305 5023 1509 5079 Verum
1538 5041 1568 5081 e
1586 5026 1827 5092 diverso,
1867 5031 2026 5098 illud,

445 5108 520 5161 Ex
550 5110 744 5164 eodem
801 5125 898 5166 ore
946 5113 1196 5182 procedit
1231 5114 1540 5172 benedictio
1599 5128 1656 5173 et
1694 5121 2026 5190 maledictio,

443 5198 748 5256 dubitative
769 5210 853 5256 est
876 5202 1164 5273 legendum
1198 5223 1213 5256 :
1244 5207 1492 5262 estenim
1514 5223 1698 5265 sermo
1720 5211 2025 5267 exhortan-

446 5290 516 5345 tis
550 5291 854 5348 auditores.
885 5293 1021 5348 Nam
1054 5295 1099 5351 si
1146 5297 1407 5367 jubcmur
1452 5286 1645 5357 omnes
1673 5301 2026 5369 benedicere,

2138 4655 2257 4708 κατ’
2315 4655 2661 4726 ἑπαπόρησιν
2699 4655 3096 4724 ἀναγνωστέον.
3136 4655 3518 4725 Ἐντρέποντος
3555 4653 3717 4722 γὰρό

2133 4745 2292 4812 λόγος
2322 4747 2451 4809 τοὺς
2514 4745 2793 4818 ἀκροατάς
2853 4747 3002 4799 ἐστιν
3032 4788 3047 4813 ,
3101 4746 3152 4798 εί
3201 4746 3448 4813 εὐλογεῖν
3503 4742 3718 4803 πάντας

2136 4836 2493 4908 κελευὸμεθαο
2527 4838 2773 4911 Λοίδοροι
2796 4840 2905 4909 γὰρ
2939 4838 3216 4909 βασιλείαν
3246 4838 3385 4902 Θεοῦ
3411 4838 3469 4891 οὑ
3508 4836 3716 4906 κληρο-

2134 4929 2484 5000 νομήσουσιν.
2537 4926 2685 5000 Ἀρα
2738 4931 2840 4984 οὑκ
2886 4929 3116 5001 αἰσχύνη
3165 4929 3244 5000 τῷ
3289 4930 3440 5000 αὑτῷ
3492 4929 3718 4998 ὀργάνῳ

2132 5020 2371 5092 χρῆσθαι
2397 5021 2661 5092 ὑπουργῷ
2690 5021 2889 5086 κακίας
2918 5024 3010 5076 καὶ
3036 5021 3485 5091 καλοκάγαθίας;
3514 5018 3717 5077 Οὐδεὶς

2131 5112 2241 5166 τῶν
2296 5112 2721 5191 σωφρονούντων
2742 5114 2821 5185 τῷ
2846 5114 2996 5187 αὑτῷ
3051 5115 3271 5187 ὀργάνῳ
3299 5112 3556 5186 βόρϐορον
3593 5109 3715 5163 δια-

2130 5202 2390 5275 ταράξειε
2446 5207 2540 5259 καὶ
2580 5204 2773 5277 μύρον.
2825 5205 3144 5277 Προσεύχῃ;
3191 5204 3285 5276 Μὴ
3333 5201 3556 5274 καταρῶ
3624 5199 3720 5253 τὸν

2129 5296 2224 5367 ὲχθ
2234 5296 2344 5368 ρὸν.
2375 5296 2526 5369 Εὑχὴ
2552 5298 2663 5368 γὰρ
2686 5300 2779 5352 καὶ
2812 5300 3028 5368 κατάρα
3050 5298 3183 5352 πολὺ
3202 5297 3263 5351 τὸ
3278 5296 3442 5368 μέσον
3469 5294 3715 5364 ἔχουσιν.

454 5383 727 5453 siquidem
764 5386 1013 5441 maledici
1042 5401 1272 5458 regnum
1306 5390 1400 5447 Dei
1439 5392 1493 5446 in
1518 5393 1894 5449 hareditatem
1910 5409 2023 5450 non

2137 5387 2200 5439 Εἰ
2250 5386 2328 5457 μὴ
2362 5386 2532 5458 ἀφίης
2570 5386 2648 5459 τῷ
2675 5388 3025 5460 λελυπηκότι,
3073 5388 3195 5443 οὑδὲ
3237 5385 3574 5459 ἀφεθήσεταί
3601 5401 3715 5447 σοι,

443 5480 878 5542 consequentur,
901 5489 1083 5530 annon
1117 5478 1289 5546 pudet
1340 5480 1533 5535 eodem
1561 5481 1638 5535 uti
1672 5482 1918 5538 membro
1949 5483 2018 5537 ad

2137 5477 2267 5532 ἄλλά
2323 5476 2716 5552 καταρώμενος
2778 5482 3006 5535 σεαυτὸν
3060 5480 3248 5552 ἀλώσῃ
3272 5520 3287 5547 ,
3347 5480 3509 5552 ἡνίκα
3563 5475 3712 5547 εὔχῃ

442 5562 809 5619 ministerium
842 5565 1152 5637 iniquitatis
1181 5577 1238 5624 et
1263 5568 1423 5626 bona:
1444 5571 1785 5641 operationis
1806 5572 2018 5628 ?Nemo

2137 5570 2397 5642 ἀφεθῆναί
2439 5588 2522 5625 σοι
2552 5573 2620 5625 τά
2644 5571 3007 5644 ὀφειλήματα,
3068 5571 3252 5636 καθὼς
3289 5571 3357 5626 ἂν
3400 5569 3496 5625 καὶ
3535 5567 3718 5628 αὐτὸς

444 5655 686 5726 prudens
704 5657 897 5713 eodem
924 5660 1296 5718 instrumento
1343 5663 1516 5720 lutum
1563 5673 1810 5723 moveret
1840 5673 1895 5722 et
1921 5681 2022 5722 uu-

2137 5664 2299 5735 ἀφίης
2366 5666 2481 5730 τοῖς
2548 5665 2779 5720 σεαυτοῦ
2838 5666 3167 5738 ὀφειλέταις.
3234 5664 3397 5723 Ἀλλά
3419 5662 3581 5721 καλὸν
3609 5657 3713 5714 τοῦ

518 5834 562 5870 ³⁸
591 5832 749 5894 Joan.
785 5853 826 5909 t,
860 5838 949 5896 to.
