3970 6578
254 376 354 449 489

1156 369 1545 433 COMMENT.
1584 368 1661 431 ιΝ
1701 370 1919 431 EPIST
1983 369 2303 432 CATHOL.
2328 370 2609 434 JACOBI.

3414 373 3524 441 490

253 492 801 566 εὐπαρακολούθητον
847 489 1008 562 χάριν
1056 490 1152 544 καὶ
1183 489 1304 542 ὅλον
1332 488 1395 542 τὸ
1426 488 1627 560 χωρίον
1649 505 1834 560 παρα-

1944 500 2228 565 guentum.
2261 488 2444 543 Oras?
2489 487 2569 543 Ne
2599 487 2896 547 maledicas
2929 489 3179 547 inimico.
3222 491 3360 548 Nam
3400 510 3527 551 ora-

251 585 457 648 θέσθαι,
513 570 665 655 πρὸς
709 584 810 651 τὴν
862 582 1068 636 οἰκείαν
1097 581 1249 648 τάξιν
1278 580 1377 649 τῆς
1401 579 1675 650 φράσεως.
1712 581 1836 633 τινὰ

247 679 357 732 τῶν
408 678 741 731 ἐλλιπόντων
805 674 1220 747 προστιθέντας.
1279 673 1471 727 Ἔσται
1526 673 1584 727 δὲ
1638 672 1832 736 οὕτως*

258 772 389 826 Ἰδοὺ
439 770 550 823 τῶν
601 770 785 822 ἵππων
838 771 966 830 τοὺς
1024 766 1277 837 χαλινοὺς
1331 767 1412 829 εἰς
1464 765 1533 819 τὰ
1591 767 1835 836 στόματα

248 863 517 935 βάλλομεν
569 861 704 932 πρὸς
725 861 786 912 τὸ
817 858 1108 913 πείθεσθαι
1160 858 1362 919 αὖτοὺς
1389 857 1543 927 ἡμῖν,
1583 856 1680 909 καὶ
1712 857 1832 911 ὅλον

245 959 305 1008 τὸ
328 955 490 1023 σῶμα
521 952 703 1007 αὐτῶν
744 951 1080 1022 μετάγομεν,
1122 950 1236 1004 ἰδοὺ
1266 950 1362 1004 καὶ
1393 950 1461 1003 τὰ
1495 949 1654 1003 πλοῖα
1679 965 1693 978 ·
1732 966 1834 1017 τη-

245 1046 475 1101 λικαῦτα
504 1045 654 1110 ὅντα,
683 1046 779 1096 καὶ
811 1043 917 1097 ὑπὸ
951 1042 1204 1114 σκληρῶν
1230 1042 1453 1112 ἀνέμων
1477 1041 1832 1110 ἐλαυνόμενα,

250 1137 549 1211 μετάγεται
597 1137 703 1190 ὑπὸ
729 1134 1014 1205 ἐλαχίστου
1051 1133 1341 1204 πηδαλίου,
1368 1134 1502 1186 ὅπου
1535 1132 1656 1203 ἂνὴ
1686 1133 1833 1204 ὁρμὴ

246 1233 338 1286 τοῦ
375 1231 700 1295 εὐθύνοντος
745 1231 1023 1302 βούληται.
1074 1228 1262 1291 Οὕτως
1286 1225 1379 1282 οὖν
1410 1227 1508 1280 καὶ
1553 1228 1580 1297 ἦ
1612 1226 1834 1295 γλῶσσα

251 1324 573 1397 μεταγειςθω
617 1323 694 1393 τῷ
718 1324 870 1396 ὀρθῷ
921 1323 1086 1393 λόγῳ.
1120 1320 1230 1376 Καὶ
1260 1320 1322 1373 οὐ
1359 1318 1598 1390 χαλεπὸν
1652 1318 1831 1372 τοῦτο.

248 1421 405 1473 llam
437 1419 548 1492 γὰρ
594 1418 755 1487 φύσις
806 1414 1016 1487 θηρίων
1045 1431 1106 1467 τε
1129 1415 1224 1468 καὶ
1258 1411 1546 1476 πετεινῶν,
1578 1411 1834 1481 ἑρπετῶν

244 1529 302 1565 τε
338 1513 436 1565 καὶ
476 1510 709 1565 ἐναλίων
772 1509 1083 1578 δαμάζεται
1132 1507 1226 1559 καὶ
1265 1506 1603 1577 δεδάμασται
1633 1508 1700 1576 τῇ
1732 1503 1836 1574 φύ-

248 1621 328 1658 σει
350 1607 419 1674 τῇ
447 1604 790 1675 ἀνθρωπίνῃ.
848 1599 992 1654 Είδὲ
1031 1599 1207 1654 ταῦτα
1248 1598 1444 1662 οὕτως,
1498 1598 1598 1670 τὴν
1656 1597 1833 1668 γλῶσο

247 1714 344 1750 σαν
372 1697 550 1759 οὐδεὶς
568 1695 792 1750 δύναται
820 1695 1066 1765 δαμάσαι
1095 1709 1110 1759 ;
1141 1694 1257 1747 Οὐκ
1281 1690 1346 1746 ἂν
1371 1692 1604 1762 εἴποιμι.

1944 586 2018 640 tio
2049 593 2107 638 et
2128 581 2458 646 maledictio,
2487 593 2685 651 magno
2729 580 2999 638 dissident
3061 582 3375 640 interstitio.
3409 583 3527 641 Nisi

1942 676 2219 732 remiseris
2247 674 2297 728 ei
2325 675 2492 743 quite
2552 674 2922 755 contristavit,
2981 690 3162 747 neque
3219 679 3531 735 remittetur

1944 770 2040 823 tibi
2076 786 2087 822 :
2127 768 2221 822 sed
2246 766 2620 822 maledicendo
2666 768 2902 838 teipsum
2935 771 3138 841 capies,
3207 787 3334 827 cum
3402 788 3529 829 oras
3612 810 3627 823 .

1945 859 2117 915 uttibi
2154 859 2509 914 remittantur
2544 860 2750 924 debita,
2786 863 3250 931 quemadmodum
3276 874 3331 921 et
3352 874 3408 921 tu
3437 880 3530 922 re-

1944 953 2117 1008 mittis
2147 952 2486 1007 debitoribus
2527 954 2637 1009 tuis
2664 955 2728 1010 ".
2759 955 2865 1011 Sed
2897 959 3177 1027 praestabit
3209 968 3269 1015 ut
3319 960 3531 1017 facilio-

1945 1042 2027 1098 ris
2051 1044 2461 1113 consequentiae
2491 1046 2665 1114 gratia
2719 1054 2889 1101 totam
2927 1049 3260 1118 particulam
3299 1051 3357 1106 in
3407 1067 3528 1107 me-

1945 1137 2096 1192 dium
2143 1135 2490 1206 proferamus
2547 1137 2613 1191 ad
2666 1138 2912 1194 debitum
2991 1141 3207 1210 phrasis
3253 1144 3526 1210 ordinem,

1945 1229 2209 1284 nonnulla
2238 1245 2361 1299 quae
2382 1230 2581 1285 desunt
2597 1231 2882 1290 addentes.
2937 1235 3054 1289 Erit
3081 1245 3262 1291 autem
3294 1238 3350 1292 in
3381 1239 3532 1295 hunc

1943 1325 2167 1379 modum
2202 1324 2381 1379 :Ecce
2414 1325 2470 1378 in
2511 1339 2607 1379 ora
2645 1341 2911 1394 equorum
2969 1328 3125 1385 frena
3177 1331 3531 1389 immittimus

1941 1426 2001 1472 nt
2031 1426 2267 1488 parcant
2300 1418 2482 1485 nobis,
2511 1429 2566 1474 et
2627 1428 2800 1474 totum
2828 1436 3028 1493 corpus
3051 1438 3239 1478 eorum
3291 1426 3531 1481 circum-

1940 1509 2195 1580 agimus:
2223 1525 2351 1566 ecce
2374 1527 2595 1583 quoque
2634 1528 2802 1568 naves
2844 1529 2967 1569 cum
3014 1523 3180 1570 tantae
3231 1516 3342 1573 sint
3387 1525 3445 1573 et
3498 1534 3531 1575 α

1940 1601 2120 1655 ventis
2141 1602 2302 1657 saevis
2329 1603 2628 1675 agitentur,
2684 1619 2716 1658 a
2737 1605 2967 1660 minimo
3007 1608 3382 1676 gubernaculo
3419 1610 3531 1665 circ

1939 1702 2306 1763 cumaguntur
2329 1710 2660 1764 quocunque
2692 1695 2930 1765 impetus
2952 1696 3244 1769 dirigentis
3267 1700 3526 1755 voluerit.

246 1788 320 1842 Ita
347 1803 481 1859 ergo
530 1797 587 1843 et
650 1786 836 1857 lingua
882 1794 1034 1840 recto
1076 1799 1333 1839 sermone
1392 1783 1820 1854 circumagatur.
1863 1780 2053 1853 Neque
2081 1783 2135 1837 id
2169 1784 2393 1838 dillicile
2423 1793 2528 1838 est.
2558 1784 2752 1839 Omnis
2785 1786 2933 1839 enim
2980 1796 3176 1842 natura
3250 1796 3306 1843 ct
3384 1787 3531 1843 lera-

248 1898 366 1937 rum
398 1890 455 1937 et
483 1882 765 1937 volucrum
800 1880 1251 1949 serpentiumque
1275 1887 1330 1933 et
1358 1877 1696 1933 marinorum
1728 1877 1985 1931 domatur
2007 1882 2062 1930 et
2094 1878 2300 1932 domita
2323 1884 2409 1932 est
2449 1893 2478 1932 a
2513 1886 2712 1933 natura
2751 1876 3014 1935 humana.
3081 1878 3240 1946 Quod
3303 1879 3348 1936 si
3409 1881 3530 1938 hac

247 1977 317 2031 ita
340 1984 492 2041 sunt,
518 1976 761 2046 linguam
789 1976 973 2031 nullus
1006 1976 1233 2030 domare
1266 1972 1495 2044 potest?
1521 1974 1580 2030 ld
1616 1987 1958 2043 nequaquam
1982 1973 2091 2029 dici
2123 1982 2324 2044 potest.

322 2074 421 2127 Ἐκ
451 2074 560 2128 τοῦ
614 2073 802 2129 αὐτοῦ
868 2077 1168 2143 στόματος
1225 2072 1534 2142 ἐξέρχεται
1586 2073 1835 2139 εὐλογία

2009 2072 2318 2136 111,10-18.
2375 2072 2460 2127 Ea:
2514 2075 2693 2128 eodem
2732 2091 2823 2128 ore
2879 2075 3109 2144 procedit
3160 2076 3446 2133 benedictio
3479 2092 3527 2135 et

244 2169 339 2226 καί
368 2167 635 2236 κατάρα;
692 2171 774 2223 Οὐ
797 2166 942 2238 χρὴ,
976 2167 1233 2236 ἀδελφοί
1263 2183 1407 2236 μου,
1459 2164 1651 2218 ταῦτα
1680 2164 1838 2218 οὕτω

244 2257 540 2327 τίνεσθαι.
612 2259 765 2323 Μήτι
822 2257 861 2324 ἡ
918 2256 1084 2327 arma?
1136 2257 1205 2309 ἐκ
1259 2255 1373 2324 τῆς
1430 2253 1621 2322 αὐτῆς
1682 2251 1841 2320 ὀπῆς

239 2351 414 2419 ,ϐρύει
437 2351 506 2403 τὸ
528 2350 724 2419 γλυκὺ
754 2349 854 2404 καί
882 2350 949 2403 τὸ
972 2350 1220 2415 :tmpdr;
1240 2347 1334 2414 Μή
1359 2347 1633 2411 δύναται,
1658 2345 1837 2400 ἀδελ-

243 2439 347 2507 φοί
360 2455 509 2506 μου,
537 2437 700 2505 συκῆ
724 2438 934 2504 ἐλαίας
960 2435 1244 2504 ποιῆσαι,
1276 2435 1313 2504 ἢ
1349 2435 1621 2505 ἄμπελος
1637 2435 1837 2498 σῦκα;

245 2532 433 2597 οὕτως
472 2530 723 2601 οὐδεμία
754 2530 917 2600 πηγὴ
952 2530 1170 2584 ἀλαὸν
1206 2529 1305 2582 καὶ
1354 2526 1552 2597 γλυκὺ
1585 2525 1838 2595 ποιῆσαι

242 2622 424 2691 ὕδωρ.
465 2624 563 2689 Τίς
618 2623 812 2692 σοφὸς
853 2623 952 2677 καὶ
1002 2620 1354 2690 ἐπιστήμων
1377 2621 1447 2674 ἐν
1499 2619 1684 2689 ὐμῖν;
1716 2621 1839 2673 Δειο

246 2714 404 2781 ξὰτω
426 2715 498 2768 ἐκ
530 2714 643 2785 τῆς
705 2714 906 2782 καλῆς
954 2712 1348 2782 ἀναστροφῆς
1378 2714 1451 2768 τὰ
1471 2713 1615 2782 ἔργα
1650 2710 1839 2766 αὑτοῦ

246 2806 315 2859 ἐν
348 2806 644 2873 πραΰτητι
664 2805 907 2873 σοφίας.
929 2805 998 2857 El
1018 2802 1088 2855 δὲ
1133 2801 1321 2871 ζῆλον
1374 2803 1594 2871 πικρόν
1644 2802 1837 2869 ἔχετε,

249 2898 343 2952 καὶ
369 2898 633 2965 ἑρίθειαν
650 2897 721 2950 ἐν
741 2896 812 2966 τῇ
833 2896 1047 2965 καρδίᾳ
1068 2893 1257 2966 ὑμῶν,
1273 2895 1357 2965 μὴ
1374 2894 1840 2963 κατακαυχᾶσθε

249 2990 347 3043 καί
400 2988 707 3058 ψεύδεσθε
761 2988 913 3043 κατὰ
965 2986 1078 3055 τῆς
1134 2986 1445 3053 ἀληθείας.
1510 2987 1633 3039 Οὐκ
1667 2985 1841 3038 ἔστιν

248 3080 398 3149 αὕτη
447 3081 487 3150 ἡ
529 3081 720 3149 σοφία
772 3078 1006 3134 ἄνωθεν
1047 3077 1479 3148 κατερχομένη,
1526 3077 1665 3132 ἀλλ’
1710 3076 1839 3130 ἐπί-

249 3189 429 3244 γειος,
490 3171 751 3242 ψυχικὴ,
815 3170 1241 3240 δαιμονιώδης.
1268 3171 1466 3225 ’Ὅπου
1513 3170 1626 3238 γὰρ
1658 3168 1840 3234 ζῆλος

249 3265 346 3317 καὶ
368 3263 614 3331 ἑρίθεια,
670 3263 797 3318 ἐκεῖ
834 3262 1276 3330 ἀκαταστασία,
1301 3260 1401 3317 καὶ
1438 3261 1564 3317 πᾶν
1597 3260 1839 3331 φαῦλον

249 3354 512 3426 πρᾶγμα.
546 3356 623 3411 Ἦ
650 3355 718 3410 δὲ
743 3355 976 3411 ἄνωθεν
1009 3357 1221 3426 σοφία,
1255 3353 1627 3424 πρῶτονμὲν
1680 3351 1834 3423 ἁγνή

249 3446 424 3499 ἐστιν
458 3484 475 3510 ,
534 3445 742 3500 ἔπειτα
781 3447 1055 3515 είρηνικὴ
1082 3486 1098 3513 ,
1165 3444 1458 3514 ἐπιεικὴς,
1508 3443 1793 3511 εὐπειθὴς
1820 3484 1836 3510 ,
1866 3434 1910 3493 C

246 3537 441 3609 μεστὴ
492 3538 709 3605 ἐλέους
760 3539 861 3592 καί
919 3539 1168 3610 καρπῶν
1221 3538 1500 3610 ἀγαθῶν,
1575 3536 1839 3605 ἀδιάκρι-

255 3648 354 3697 τος
396 3632 501 3685 καὶ
561 3632 988 3702 ἀνυπόκριτος.
1038 3631 1279 3701 Καρπὸς
1338 3631 1409 3685 δὲ
1457 3628 1569 3699 τῆς
1616 3630 1840 3685 δικαιο-

251 3724 449 3793 σύνης
472 3724 544 3779 ἐν
568 3723 779 3794 εἰρήνῃ
827 3726 1137 3795 σπείρεται
1203 3725 1328 3793 τοῖς
1376 3724 1660 3780 ποιοῦσιν
1680 3722 1837 3803 εἰρή-

251 3834 386 3887 νην.

328 3914 475 3969 «Ἐκ
525 3915 619 3968 τοῦ
671 3913 836 3969 αὑτοῦ
873 3914 1161 3986 στόματος.
1198 3933 1218 3967 ι
1266 3914 1374 3967 Τοῦ
1423 3913 1834 3985 κατηξιωμένον

253 4005 512 4077 τοιαύτης
562 4006 954 4076 μυσταγωγίας
1005 4004 1171 4075 μηδὲν
1223 4004 1424 4074 πικρὸν
1458 4004 1834 4067 ἑκϐαλλέσθω,

258 4099 424 4168 μηδὲν
463 4098 649 4168 ἀηδές.
682 4116 703 4150 ι
729 4098 829 4162 Τίς
866 4098 1031 4167 σοφὸς
1068 4099 1126 4150 ὲν
1163 4097 1314 4168 ὑμῖν.
1340 4114 1360 4147 ι
1393 4096 1651 4167 Φίλαρχοι
1685 4095 1837 4158 ὄντες

256 4190 306 4242 οἱ
334 4190 640 4261 ἄνθρωποι,
675 4192 772 4245 καὶ
814 4193 882 4262 τῇ
919 4191 1085 4262 σοφίᾳ
1117 4188 1214 4243 τοῦ
1268 4189 1475 4259 κόσμου
1509 4188 1698 4241 τούτου
1734 4188 1836 4241 αύ-

258 4282 496 4354 χοῦντες,
526 4285 651 4337 κατ’
682 4281 799 4354 ἔριν
828 4284 923 4335 καὶ
951 4282 1113 4351 ζῆλον
1152 4282 1262 4335 τῶν
1291 4280 1469 4352 ὀρθῶν
1498 4277 1834 4334 διδασκάλων

260 4372 580 4440 ἐκήρυττον,
622 4370 1066 4443 όχλαγωγοῦντες
1105 4372 1292 4438 ἁπλῶς
1340 4372 1435 4427 καὶ
1465 4371 1660 4439 φθόνον
1700 4370 1837 4440 πρὸς

258 4461 463 4526 τούτοις
493 4463 731 4534 ἔχοντες,
765 4464 855 4516 καὶ
897 4463 1350 4535 παραμιγνύντες
1396 4465 1509 4527 τοῖς
1551 4462 1718 4526 θείοις
1767 4461 1837 4515 τὰ

258 4553 595 4624 ἀνθρώπινα,
649 4556 739 4608 ἵνα
766 4559 855 4627 τῇν
882 4556 1163 4627 καινότητι
1202 4556 1311 4608 τῶν
1363 4555 1672 4626 λεγομένων
1720 4558 1839 4610 ἑπι-

259 4645 502 4701 σπῶνται
518 4647 646 4710 τοὺς
667 4648 989 4711 ἀκούοντας.
1012 4633 1177 4702 ’Ὀθεν
1202 4649 1296 4703 καὶ
1323 4648 1565 4717 αἱρέσεις
1589 4645 1831 4719 ἐξῆλθον.

257 4737 558 4808 Πληρώσας
586 4735 682 4792 οὖν
712 4739 805 4793 τὸν
828 4741 956 4811 περὶ
985 4741 1317 4811 προπετείας
1341 4741 1498 4809 λόγον
1533 4742 1627 4794 καὶ
1657 4743 1834 4809 ἀκρα-

256 4829 373 4892 σίας
405 4830 689 4901 γλώσσης,
725 4832 938 4903 μέτεισι
972 4833 1158 4886 λοιπὸν
1192 4835 1288 4887 καὶ
1316 4834 1410 4886 ἐπὶ
1438 4832 1529 4886 τὸν
1551 4834 1609 4900 ἐξ
1639 4833 1834 4903 ὁμοίας

253 4922 564 4992 ἐμπληξίας
593 4926 948 4996 ἐγγινόμενον
980 4925 1291 4997 ἀνθρώποις
1325 4924 1537 4995 φθόνον.
1563 4928 1672 4981 Καί
1702 4944 1835 4996 φησι

251 5015 454 5080 ταύτας
483 5017 586 5081 τὰς
619 5017 972 5081 διδασκαλίας
1002 5018 1065 5072 ού
1098 5016 1711 5094 καθεστηκότωνεῖναι,
1739 5019 1835 5072 are

256 5110 389 5183 μηδὲ
437 5112 503 5164 ἐκ
561 5111 756 5181 σοφίας
805 5110 973 5176 οὔσας
1005 5112 1179 5177 θείας,
1235 5112 1374 5166 ἀλλὰ
1423 5110 1835 5183 δαιμονιώδους.

252 5203 437 5258 Ταῦτα
465 5204 523 5258 δὲ
554 5200 679 5259 εἶπε
707 5209 1110 5278 προεπαινέσας
1141 5208 1234 5262 τὸν
1260 5207 1465 5276 ἀγαθὸν
1489 5207 1832 5270 διδάσκαλον,

250 5294 314 5346 in
358 5296 670 5366 πρᾳότητος
716 5298 892 5366 λέγων
945 5299 1112 5354 αὐτοῦ
1167 5298 1264 5371 τὴν
1313 5300 1507 5370 σοφίαν
1556 5299 1624 5352 δι’
1658 5298 1835 5369 ἔργων

250 5388 525 5457 χρηστῶν.
568 5389 788 5462 Ἐπειδὴ
822 5391 879 5444 δὲ
925 5392 986 5444 τὸ
1023 5391 1119 5445 τοῦ
1152 5389 1314 5462 ζήλου
1370 5391 1540 5461 δνομα
1573 5393 1635 5443 ὲν
1671 5392 1834 5462 μεσό-

263 5496 385 5549 τητι
433 5462 631 5551 ὁρᾶται
679 5484 935 5555 χρηστῶν
978 5501 1038 5538 τε
1095 5486 1193 5539 καὶ
1242 5484 1463 5556 φαύλων
1525 5484 1664 5556 (ἔστι
1724 5484 1834 5557 γὰρ

254 5570 413 5644 ζῆλος
446 5577 663 5649 κίνησις
693 5578 873 5649 ψυχῆς
907 5579 1265 5650 ἑνθουσιὼδης
1297 5581 1389 5634 ὲπί
1426 5598 1479 5633 τι
1513 5581 1653 5651 μετά
1691 5598 1835 5644 τινος

253 5664 640 5736 ἁφομοιώσεως
674 5671 769 5725 τοῦ
804 5675 939 5743 πρὸς
969 5673 997 5727 δ
1030 5675 1062 5745 ἡ
1093 5675 1299 5748 σπουδή
1336 5674 1499 5746 ἐστι.)
1536 5674 1634 5729 Διὰ
1670 5673 1828 5729 τοῦτο

286 5892 289 5895 η
326 5850 369 5885 ³⁷
404 5850 601 5910 Matth.
642 5870 721 5919 v1,
753 5856 785 5912 9
811 5873 967 5928 seqq.
1126 5911 1136 5920 .

570 5953 841 6016 ΡΑτιιοι..
873 5955 993 6016 (in.
1028 5953 1266 6016 CXIX.

1944 2166 2290 2220 maledictio?
2321 2164 2456 2220 Nonv
2480 2174 2701 2235 oportet,
2733 2168 2927 2237 fratres
2958 2168 3079 2230 mei,
3109 2167 3219 2222 lucc
3244 2171 3321 2223 ita
3380 2170 3524 2239 ﬁeri.

1942 2253 2217 2326 Numquid
2242 2258 2359 2327 fons
2387 2272 2452 2310 ex
2475 2258 2654 2310 eodem
2689 2257 2954 2325 foramine
2991 2260 3183 2312 emittit
3214 2259 3421 2316 dulcem
3478 2276 3527 2318 et

1942 2363 2187 2401 amaram
2220 2351 2460 2418 aquam?
2479 2348 2622 2402 Num
2652 2357 2838 2418 potest,
2869 2349 3063 2421 fratres
3088 2352 3208 2418 mei,
3232 2352 3362 2412 ﬁcus
3382 2353 3526 2409 oleas

1942 2441 2175 2511 gignere,
2206 2448 2300 2493 aut
2336 2441 2455 2494 vitis
2485 2442 2617 2511 ﬁcus
2643 2444 2669 2497 ?
2697 2440 2785 2496 Sic
2843 2442 3019 2497 nullus
3065 2446 3182 2515 fons
3211 2445 3412 2500 salsam
3463 2463 3530 2501 ac

1942 2531 2145 2585 dulcem
2172 2540 2339 2602 potest
2360 2533 2512 2587 edere
2541 2550 2758 2604 aquam.
2790 2534 2919 2599 Quis
2976 2536 3186 2604 sapiens
3229 2546 3278 2591 et
3308 2539 3529 2593 scientia

1945 2627 2204 2697 praeditus
2227 2628 2368 2681 inter
2394 2643 2499 2681 vos.
2561 2627 2820 2682 Ostendat
2856 2642 2922 2682 ea:
2957 2628 3092 2681 bona
3134 2632 3529 2686 conversatione

1949 2734 2107 2785 opera
2165 2736 2262 2772 sua
2315 2736 2433 2773 cum
2472 2720 2881 2774 mansuetudine
2931 2721 3230 2791 sapientiae.
3287 2722 3439 2786 Quod
3482 2725 3530 2777 si

1943 2808 2341 2865 mutilationem
2380 2826 2627 2865 amarunt
2669 2810 2873 2864 habetis
2931 2822 2977 2864 et
3027 2813 3412 2867 contentionem
3472 2815 3530 2867 in

1943 2906 2096 2959 corde
2129 2914 2316 2969 vestro,
2350 2904 2512 2958 nolite
2526 2904 2751 2976 gloriari
2791 2913 2839 2959 et
2874 2906 3148 2969 mendaces
3196 2922 3306 2961 esse
3363 2905 3529 2979 465

1943 2996 2197 3050 adversus
2231 2998 2524 3050 veritatem.
2568 2994 2689 3049 Non
2722 3004 2797 3049 est
2858 2997 2999 3050 enim
3028 2998 3131 3050 ista
3194 2999 3457 3067 sapientia
3501 3015 3531 3053 ο

1942 3089 2187 3157 supernis
2209 3088 2546 3152 descendens,
2594 3088 2686 3141 sed
2732 3098 2964 3154 terrena,
3012 3089 3288 3156 animalis,
3336 3090 3528 3145 diabo-

1944 3178 2068 3233 lica.
2108 3176 2365 3233 Ubienim
2398 3178 2671 3233 cemulatio
2690 3189 2739 3233 et
2757 3179 3042 3245 contentio,
3078 3180 3148 3234 ibi
3172 3180 3531 3236 inconstantia

1941 3283 1991 3327 et
2026 3288 2180 3327 omne
2227 3289 2358 3342 opus
2407 3289 2650 3343 pravum.
2686 3270 2816 3338 Quae
2869 3281 3050 3327 autem
3095 3288 3124 3327 ε
3158 3275 3401 3343 supernis
3452 3283 3530 3331 est

1942 3368 2234 3437 sapientia,
2268 3367 2501 3437 primunt
2536 3367 2747 3437 quidem
2771 3376 2919 3420 casta
2952 3376 3047 3430 est,
3072 3367 3262 3423 deinde
3276 3368 3525 3439 paciﬁca,

1946 3462 2204 3525 modesta,
2229 3460 2547 3525 tractabilis,
2575 3462 2733 3530 plena
2768 3460 3136 3515 misericordia
3167 3469 3217 3516 et
3265 3460 3529 3532 fructibus

1941 3553 2113 3615 bonis,
2139 3557 2333 3625 absque
2351 3553 2761 3623 dijudicatione,
2786 3554 2901 3608 sine
2915 3552 3277 3609 simulatione.
3300 3553 3530 3610 Fructus

1940 3653 2122 3698 autem
2173 3644 2406 3715 justitia:
2448 3646 2507 3701 in
2549 3661 2681 3718 pace
2704 3645 3001 3701 seminatur
3047 3645 3370 3721 facientibus
3425 3662 3528 3719 pa-

1939 3752 2069 3793 cem.

2018 3933 2038 3966 ι
2090 3915 2169 3970 Ex
2216 3914 2411 3970 eodem
2455 3929 2572 3969 ore.
2628 3932 2648 3967 ι
2694 3912 2853 3981 Quod
2887 3913 3205 3984 huiusmodi
3243 3930 3525 3973 sacrorum

1939 4005 2282 4075 disciplinam
2317 4005 2551 4074 accepit,
2586 4003 2724 4059 nihil
2767 4020 3016 4060 amarum
3056 4008 3358 4075 emittatur,
3386 4009 3524 4063 nihil

1938 4099 2233 4168 ingratum.
2277 4114 2296 4148 ι
2334 4095 2469 4161 Quis
2520 4095 2739 4166 sapiens
2770 4096 2918 4151 inter
2946 4112 3063 4152 vos.
3106 4117 3124 4150 ι
3168 4098 3307 4154 Cum
3342 4100 3526 4155 homi-

1939 4209 2037 4248 nes
2066 4182 2252 4247 essent
2279 4189 2648 4254 ambitiosi,et
2680 4189 2751 4244 ob
2780 4190 3102 4261 sapientiam
3136 4188 3302 4261 huius
3331 4191 3525 4248 mundi

1939 4285 2337 4359 gloriarentur,
2381 4298 2447 4337 ex
2506 4281 2860 4338 contentione
2918 4289 2975 4337 et
3035 4282 3384 4339 aemulatione
3438 4299 3528 4337 rev

1939 4389 2153 4434 ctorum
2200 4384 2598 4447 praeceptorum
2644 4374 3035 4445 praedicabant,
3076 4383 3265 4445 aperte
3309 4373 3524 4446 plebem

1940 4471 2008 4526 ad
2047 4468 2373 4523 seditionem
2410 4466 2786 4532 sollicitantes,
2817 4475 2873 4520 et
2902 4475 3166 4536 praeterea
3204 4464 3410 4520 invidia
3442 4474 3525 4520 ta-

1940 4561 2226 4617 bescentes
2267 4573 2332 4613 ac
2365 4557 2779 4628 permiscentes
2802 4555 3041 4611 humana
3089 4556 3311 4624 divinis,
3343 4563 3403 4611 ut
3431 4570 3528 4612 eo-

1939 4669 2060 4709 rum
2091 4667 2211 4723 (μιιε
2256 4653 2572 4707 dicerentur
2602 4650 2842 4705 novitate
2873 4651 3285 4705 attraherentur
3309 4650 3526 4706 audito-

1940 4760 2029 4800 res
2058 4762 2072 4798 :
2103 4744 2247 4799 unde
2273 4743 2439 4797 etiam
2468 4742 2792 4812 prodierunt
2819 4741 3074 4797 haereses.
3103 4740 3331 4812 Expleto
3363 4741 3528 4814 igitur

1941 4850 2196 4891 sermone
2240 4835 2308 4891 de
2356 4835 2554 4904 linguae
2602 4832 2902 4904 petulantia
2956 4848 3021 4887 ac
3064 4832 3525 4904 intemperantia,

1945 4929 2138 4983 transit
2181 4928 2442 4997 deinceps
2484 4926 2554 4981 ad
2600 4925 2884 4991 invidiam,
2921 4940 3042 4995 qua:
3093 4926 3408 4982 hominibus
3458 4943 3529 4982 ex

1943 5021 2109 5075 simili
2153 5020 2464 5075 temeritate
2508 5019 2856 5073 innascitur:
2885 5026 2940 5074 et
2982 5018 3059 5075 ait
3103 5017 3203 5078 has
3247 5019 3528 5075 doctrinas

1942 5128 2054 5166 non
2101 5127 2223 5168 esse
2266 5112 2595 5168 constitutas
2638 5126 2702 5167 ac
2735 5112 2942 5177 lirmas,
2974 5126 3099 5167 cum
3127 5127 3309 5183 neque
3341 5127 3407 5170 ex
3443 5112 3527 5169 ui-

1943 5206 2067 5259 vina
2115 5206 2224 5261 sint
2269 5204 2567 5276 sapientia,
2615 5205 2710 5260 sed
2764 5205 3116 5263 daemoniaca.
3168 5203 3294 5262 Haec
3339 5216 3524 5261 autem

1943 5298 2084 5354 dixit
2124 5304 2328 5353 bonum
2376 5299 2673 5355 exhortans
2702 5308 3118 5370 praeceptorem,
3147 5298 3339 5354 dicens
3367 5305 3428 5353 ut
3455 5312 3524 5352 ex

1935 5395 2359 5450 mansuetudine
2389 5410 2545 5450 suam
2592 5396 2845 5451 ostendat
2887 5396 3210 5468 sapientiam
3252 5409 3351 5466 per
3379 5393 3523 5449 bona

1933 5502 2119 5558 Opera.
2154 5486 2423 5556 Quoniam
2466 5498 2650 5544 autem
2697 5504 2899 5544 nomen
2945 5489 3070 5556 zeli,
3103 5488 3158 5543 id
3185 5494 3270 5543 est
3297 5478 3531 5541 amula?

1935 5581 2121 5646 tionis,
2150 5581 2391 5637 medium
2437 5590 2521 5637 est
2561 5590 2615 5637 et
2649 5597 2714 5637 ex
2755 5597 2814 5637 se
2845 5579 3166 5639 indiderens
3193 5579 3262 5635 ad
3292 5578 3435 5634 bona
3467 5585 3529 5632 et

1939 5675 2101 5730 mala.
2124 5676 2244 5748 (Est
2275 5675 2420 5732 enim
2442 5676 2613 5744 zelus,
2657 5674 2771 5732 sive
2798 5674 3096 5739 :emulatio,
3140 5680 3321 5730 motus
3350 5672 3521 5730 animi

3007 5954 3083 6016 16
