  <div class='ocr_page' id='page_1' title='image "/cluster/home/n/w/nwhite01/storage/ocr_20150623/119/hvd.32044019208156/253.png"; bbox 0 0 3850 6568; ppageno 0'>
   <div class='ocr_carea' id='block_1_1' title="bbox 452 366 3629 458">
    <p class='ocr_par' dir='ltr' id='par_1_1' title="bbox 452 366 3629 458">
     <span class='ocr_line' id='line_1_1' title="bbox 452 366 3629 458; baseline 0.008 -44"><span class='ocrx_word' id='word_1_1' title='bbox 452 367 552 432; x_wconf 62' lang='grc' dir='ltr'>μί</span> <span class='ocrx_word' id='word_1_2' title='bbox 1528 366 1929 427; x_wconf 67' lang='lat' dir='ltr'><strong>(ECUMENll</strong></span> <span class='ocrx_word' id='word_1_3' title='bbox 1963 366 2257 427; x_wconf 68' lang='lat' dir='ltr'><strong>&#39;l‘lilCCAi</strong></span> <span class='ocrx_word' id='word_1_4' title='bbox 2299 366 2640 427; x_wconf 65' lang='lat' dir='ltr'><strong>EPISCUPI</strong></span> <span class='ocrx_word' id='word_1_5' title='bbox 3545 389 3629 458; x_wconf 57' lang='lat'><strong>492</strong></span> 
     </span>
    </p>
   </div>
   <div class='ocr_carea' id='block_1_2' title="bbox 440 477 2024 574">
    <p class='ocr_par' dir='ltr' id='par_1_2' title="bbox 440 477 2024 557">
     <span class='ocr_line' id='line_1_2' title="bbox 440 477 2024 557; baseline -0.002 -21"><span class='ocrx_word' id='word_1_6' title='bbox 440 484 730 553; x_wconf 54' lang='lat' dir='ltr'><strong>instigatns</strong></span> <span class='ocrx_word' id='word_1_7' title='bbox 761 478 828 536; x_wconf 84' lang='lat' dir='ltr'><strong>ad</strong></span> <span class='ocrx_word' id='word_1_8' title='bbox 866 477 1070 550; x_wconf 86' lang='lat' dir='ltr'><strong>aliquid</strong></span> <span class='ocrx_word' id='word_1_9' title='bbox 1112 493 1236 535; x_wconf 89' lang='lat' dir='ltr'><strong>cum</strong></span> <span class='ocrx_word' id='word_1_10' title='bbox 1267 478 1448 557; x_wconf 83' lang='lat' dir='ltr'><strong>aliqua</strong></span> <span class='ocrx_word' id='word_1_11' title='bbox 1487 478 1882 535; x_wconf 88' lang='lat' dir='ltr'><strong>assimilatione</strong></span> <span class='ocrx_word' id='word_1_12' title='bbox 1909 480 2024 548; x_wconf 87' lang='lat' dir='ltr'><strong>ejus</strong></span> 
     </span>
    </p>
   </div>
   <div class='ocr_carea' id='block_1_3' title="bbox 2130 477 3640 574">
    <p class='ocr_par' dir='ltr' id='par_1_3' title="bbox 2138 478 3640 574">
     <span class='ocr_line' id='line_1_3' title="bbox 2138 478 3640 574; baseline 0.016 -47"><span class='ocrx_word' id='word_1_13' title='bbox 2138 478 2346 574; x_wconf 59' lang='lat' dir='ltr'><strong>iltxpov</strong></span> <span class='ocrx_word' id='word_1_14' title='bbox 2365 480 2677 574; x_wconf 66' lang='grc' dir='ltr'><strong>Δἐπήνεγκε,</strong></span> <span class='ocrx_word' id='word_1_15' title='bbox 2703 480 2914 574; x_wconf 67' lang='grc' dir='ltr'>δεικνὺς</span> <span class='ocrx_word' id='word_1_16' title='bbox 2946 478 3005 574; x_wconf 60' lang='lat' dir='ltr'><strong>to</strong></span> <span class='ocrx_word' id='word_1_17' title='bbox 3038 483 3170 552; x_wconf 77' lang='grc' dir='ltr'>πρὸς</span> <span class='ocrx_word' id='word_1_18' title='bbox 3194 487 3244 539; x_wconf 80' lang='grc' dir='ltr'><strong>τι</strong></span> <span class='ocrx_word' id='word_1_19' title='bbox 3282 487 3309 542; x_wconf 81' lang='grc' dir='ltr'><strong>ό</strong></span> <span class='ocrx_word' id='word_1_20' title='bbox 3338 492 3497 562; x_wconf 74' lang='grc' dir='ltr'><strong>ζῆλος.</strong></span> <span class='ocrx_word' id='word_1_21' title='bbox 3526 502 3640 574; x_wconf 68' lang='grc' dir='ltr'>Ἐρί.</span> 
     </span>
    </p>
   </div>
   <div class='ocr_carea' id='block_1_4' title="bbox 440 568 2031 641">
    <p class='ocr_par' dir='ltr' id='par_1_4' title="bbox 440 568 2031 641">
     <span class='ocr_line' id='line_1_4' title="bbox 440 568 2031 641; baseline -0.001 -14"><span class='ocrx_word' id='word_1_22' title='bbox 440 572 509 627; x_wconf 84' lang='lat' dir='ltr'><strong>ad</strong></span> <span class='ocrx_word' id='word_1_23' title='bbox 554 570 699 641; x_wconf 88' lang='lat' dir='ltr'><strong>quod</strong></span> <span class='ocrx_word' id='word_1_24' title='bbox 743 579 827 627; x_wconf 89' lang='lat' dir='ltr'><strong>est</strong></span> <span class='ocrx_word' id='word_1_25' title='bbox 856 570 1100 626; x_wconf 89' lang='lat' dir='ltr'><strong>studium</strong></span> <span class='ocrx_word' id='word_1_26' title='bbox 1147 570 1235 625; x_wconf 97' lang='lat' dir='ltr'><strong>vel</strong></span> <span class='ocrx_word' id='word_1_27' title='bbox 1272 568 1525 639; x_wconf 70' lang='lat' dir='ltr'><strong>affectus)</strong></span> <span class='ocrx_word' id='word_1_28' title='bbox 1578 578 1870 641; x_wconf 72' lang='lat' dir='ltr'><strong>propterea</strong></span> <span class='ocrx_word' id='word_1_29' title='bbox 1903 571 2031 625; x_wconf 85' lang='lat' dir='ltr'><strong>sub-</strong></span> 
     </span>
    </p>
   </div>
   <div class='ocr_carea' id='block_1_5' title="bbox 437 662 2028 737">
    <p class='ocr_par' dir='ltr' id='par_1_5' title="bbox 437 662 2028 737">
     <span class='ocr_line' id='line_1_5' title="bbox 437 662 2028 737; baseline -0.001 -17"><span class='ocrx_word' id='word_1_30' title='bbox 437 665 619 737; x_wconf 72' lang='lat' dir='ltr'><strong>iunxit</strong></span> <span class='ocrx_word' id='word_1_31' title='bbox 671 665 953 729; x_wconf 84' lang='lat' dir='ltr'><strong>Amaram,</strong></span> <span class='ocrx_word' id='word_1_32' title='bbox 990 664 1292 719; x_wconf 86' lang='lat' dir='ltr'><strong>ostendens</strong></span> <span class='ocrx_word' id='word_1_33' title='bbox 1335 664 1400 717; x_wconf 88' lang='lat' dir='ltr'><strong>ad</strong></span> <span class='ocrx_word' id='word_1_34' title='bbox 1445 662 1576 733; x_wconf 86' lang='lat' dir='ltr'><strong>quid</strong></span> <span class='ocrx_word' id='word_1_35' title='bbox 1618 663 1690 719; x_wconf 91' lang='lat' dir='ltr'><strong>sit</strong></span> <span class='ocrx_word' id='word_1_36' title='bbox 1732 663 2028 719; x_wconf 67' lang='lat' dir='ltr'><strong>aemulatio.</strong></span> 
     </span>
    </p>
   </div>
   <div class='ocr_carea' id='block_1_6' title="bbox 439 754 2029 826">
    <p class='ocr_par' dir='ltr' id='par_1_6' title="bbox 439 754 2029 826">
     <span class='ocr_line' id='line_1_6' title="bbox 439 754 2029 826; baseline -0.001 -16"><span class='ocrx_word' id='word_1_37' title='bbox 439 756 651 826; x_wconf 67' lang='grc' dir='ltr'>ἰριοεια</span> <span class='ocrx_word' id='word_1_38' title='bbox 682 771 813 810; x_wconf 84' lang='lat' dir='ltr'><strong>vero</strong></span> <span class='ocrx_word' id='word_1_39' title='bbox 844 764 928 810; x_wconf 85' lang='lat' dir='ltr'><strong>est</strong></span> <span class='ocrx_word' id='word_1_40' title='bbox 989 754 1366 825; x_wconf 84' lang='lat' dir='ltr'><strong>vituperabilis</strong></span> <span class='ocrx_word' id='word_1_41' title='bbox 1400 755 1680 809; x_wconf 75' lang='lat' dir='ltr'><strong>contentio</strong></span> <span class='ocrx_word' id='word_1_42' title='bbox 1706 766 1757 810; x_wconf 85' lang='lat' dir='ltr'><strong>et</strong></span> <span class='ocrx_word' id='word_1_43' title='bbox 1783 756 2029 825; x_wconf 81' lang='lat' dir='ltr'><strong>pertina-</strong></span> 
     </span>
    </p>
   </div>
   <div class='ocr_carea' id='block_1_7' title="bbox 439 845 2031 917">
    <p class='ocr_par' dir='ltr' id='par_1_7' title="bbox 439 845 2031 917">
     <span class='ocr_line' id='line_1_7' title="bbox 439 845 2031 917; baseline -0.001 -14"><span class='ocrx_word' id='word_1_44' title='bbox 439 849 545 903; x_wconf 92' lang='lat' dir='ltr'><strong>cia.</strong></span> <span class='ocrx_word' id='word_1_45' title='bbox 584 866 604 899; x_wconf 76' lang='grc' dir='ltr'><strong>ι</strong></span> <span class='ocrx_word' id='word_1_46' title='bbox 639 848 883 902; x_wconf 87' lang='lat' dir='ltr'><strong>Primum</strong></span> <span class='ocrx_word' id='word_1_47' title='bbox 929 846 1147 916; x_wconf 83' lang='lat' dir='ltr'><strong>quidem</strong></span> <span class='ocrx_word' id='word_1_48' title='bbox 1191 854 1340 901; x_wconf 89' lang='lat' dir='ltr'><strong>casta</strong></span> <span class='ocrx_word' id='word_1_49' title='bbox 1379 853 1484 903; x_wconf 90' lang='lat' dir='ltr'><strong>est.</strong></span> <span class='ocrx_word' id='word_1_50' title='bbox 1514 864 1534 896; x_wconf 73' lang='grc' dir='ltr'><strong>ι</strong></span> <span class='ocrx_word' id='word_1_51' title='bbox 1582 845 1637 901; x_wconf 89' lang='lat' dir='ltr'><strong>ld</strong></span> <span class='ocrx_word' id='word_1_52' title='bbox 1667 856 1770 910; x_wconf 88' lang='lat' dir='ltr'><strong>est,</strong></span> <span class='ocrx_word' id='word_1_53' title='bbox 1800 862 1934 917; x_wconf 88' lang='lat' dir='ltr'><strong>pura</strong></span> <span class='ocrx_word' id='word_1_54' title='bbox 1975 856 2031 902; x_wconf 88' lang='lat' dir='ltr'><strong>et</strong></span> 
     </span>
    </p>
   </div>
   <div class='ocr_carea' id='block_1_8' title="bbox 440 936 2029 1006">
    <p class='ocr_par' dir='ltr' id='par_1_8' title="bbox 440 936 2029 1006">
     <span class='ocr_line' id='line_1_8' title="bbox 440 936 2029 1006; baseline -0.002 -12"><span class='ocrx_word' id='word_1_55' title='bbox 440 938 564 994; x_wconf 82' lang='lat' dir='ltr'><strong>sine</strong></span> <span class='ocrx_word' id='word_1_56' title='bbox 610 938 790 1003; x_wconf 85' lang='lat' dir='ltr'><strong>sorde,</strong></span> <span class='ocrx_word' id='word_1_57' title='bbox 838 937 969 992; x_wconf 85' lang='lat' dir='ltr'><strong>nulli</strong></span> <span class='ocrx_word' id='word_1_58' title='bbox 1026 937 1102 991; x_wconf 90' lang='lat' dir='ltr'><strong>rei</strong></span> <span class='ocrx_word' id='word_1_59' title='bbox 1150 936 1357 991; x_wconf 84' lang='lat' dir='ltr'><strong>carnali</strong></span> <span class='ocrx_word' id='word_1_60' title='bbox 1407 937 1715 992; x_wconf 74' lang='lat' dir='ltr'><strong>adhaerens.</strong></span> <span class='ocrx_word' id='word_1_61' title='bbox 1753 956 1771 987; x_wconf 77' lang='grc' dir='ltr'><strong>ι</strong></span> <span class='ocrx_word' id='word_1_62' title='bbox 1811 937 2029 1006; x_wconf 81' lang='lat' dir='ltr'><strong>Absque</strong></span> 
     </span>
    </p>
   </div>
   <div class='ocr_carea' id='block_1_9' title="bbox 441 1029 2029 1104">
    <p class='ocr_par' dir='ltr' id='par_1_9' title="bbox 441 1029 2029 1104">
     <span class='ocr_line' id='line_1_9' title="bbox 441 1029 2029 1104; baseline -0.004 -15"><span class='ocrx_word' id='word_1_63' title='bbox 441 1032 857 1104; x_wconf 84' lang='lat' dir='ltr'><strong>dijudicatione.</strong></span> <span class='ocrx_word' id='word_1_64' title='bbox 894 1049 912 1081; x_wconf 74' lang='grc' dir='ltr'><strong>ι</strong></span> <span class='ocrx_word' id='word_1_65' title='bbox 955 1029 1069 1084; x_wconf 81' lang='lat' dir='ltr'><strong>Non</strong></span> <span class='ocrx_word' id='word_1_66' title='bbox 1112 1029 1437 1085; x_wconf 76' lang='lat' dir='ltr'><strong>discernens</strong></span> <span class='ocrx_word' id='word_1_67' title='bbox 1482 1030 1896 1085; x_wconf 78' lang='lat' dir='ltr'><strong>observationes</strong></span> <span class='ocrx_word' id='word_1_68' title='bbox 1950 1031 2029 1084; x_wconf 82' lang='lat' dir='ltr'><strong>ci-</strong></span> 
     </span>
    </p>
   </div>
   <div class='ocr_carea' id='block_1_10' title="bbox 440 1122 2029 1181">
    <p class='ocr_par' dir='ltr' id='par_1_10' title="bbox 440 1122 2029 1181">
     <span class='ocr_line' id='line_1_10' title="bbox 440 1122 2029 1181; baseline -0.002 -1"><span class='ocrx_word' id='word_1_69' title='bbox 440 1126 636 1181; x_wconf 88' lang='lat' dir='ltr'><strong>borum</strong></span> <span class='ocrx_word' id='word_1_70' title='bbox 676 1131 732 1177; x_wconf 88' lang='lat' dir='ltr'><strong>et</strong></span> <span class='ocrx_word' id='word_1_71' title='bbox 772 1122 1047 1176; x_wconf 82' lang='lat' dir='ltr'><strong>variarum</strong></span> <span class='ocrx_word' id='word_1_72' title='bbox 1080 1122 1372 1176; x_wconf 85' lang='lat' dir='ltr'><strong>lotinnum.</strong></span> <span class='ocrx_word' id='word_1_73' title='bbox 1401 1122 1475 1176; x_wconf 85' lang='lat' dir='ltr'><strong>De</strong></span> <span class='ocrx_word' id='word_1_74' title='bbox 1508 1124 1592 1176; x_wconf 87' lang='lat' dir='ltr'><strong>his</strong></span> <span class='ocrx_word' id='word_1_75' title='bbox 1625 1133 1809 1176; x_wconf 88' lang='lat' dir='ltr'><strong>autem</strong></span> <span class='ocrx_word' id='word_1_76' title='bbox 1837 1132 2029 1177; x_wconf 82' lang='lat' dir='ltr'><strong>exacte</strong></span> 
     </span>
    </p>
   </div>
   <div class='ocr_carea' id='block_1_11' title="bbox 437 1213 1806 1284">
    <p class='ocr_par' dir='ltr' id='par_1_11' title="bbox 437 1213 1806 1284">
     <span class='ocr_line' id='line_1_11' title="bbox 437 1213 1806 1284; baseline -0.001 -12"><span class='ocrx_word' id='word_1_77' title='bbox 437 1216 658 1272; x_wconf 77' lang='lat' dir='ltr'><strong>disserit</strong></span> <span class='ocrx_word' id='word_1_78' title='bbox 689 1216 888 1269; x_wconf 85' lang='lat' dir='ltr'><strong>Paulus</strong></span> <span class='ocrx_word' id='word_1_79' title='bbox 917 1214 972 1267; x_wconf 92' lang='lat' dir='ltr'><strong>in</strong></span> <span class='ocrx_word' id='word_1_80' title='bbox 994 1213 1235 1284; x_wconf 82' lang='lat' dir='ltr'><strong>Epistola</strong></span> <span class='ocrx_word' id='word_1_81' title='bbox 1269 1215 1338 1269; x_wconf 89' lang='lat' dir='ltr'><strong>ad</strong></span> <span class='ocrx_word' id='word_1_82' title='bbox 1369 1214 1806 1270; x_wconf 72' lang='lat' dir='ltr'><strong>Colossenses”.</strong></span> 
     </span>
    </p>
   </div>
   <div class='ocr_carea' id='block_1_12' title="bbox 440 1304 2023 1372">
    <p class='ocr_par' dir='ltr' id='par_1_12' title="bbox 440 1304 2023 1372">
     <span class='ocr_line' id='line_1_12' title="bbox 440 1304 2023 1372; baseline 0.003 -15"><span class='ocrx_word' id='word_1_83' title='bbox 440 1352 445 1357; x_wconf 87' lang='lat'><strong>.</strong></span> <span class='ocrx_word' id='word_1_84' title='bbox 510 1304 598 1372; x_wconf 79' lang='grc' dir='ltr'><strong>ιν,</strong></span> <span class='ocrx_word' id='word_1_85' title='bbox 631 1305 746 1360; x_wconf 72' lang='grc'><strong>1-4.</strong></span> <span class='ocrx_word' id='word_1_86' title='bbox 791 1305 935 1361; x_wconf 82' lang='lat' dir='ltr'><strong>Unde</strong></span> <span class='ocrx_word' id='word_1_87' title='bbox 959 1305 1097 1359; x_wconf 83' lang='lat' dir='ltr'><strong>bella</strong></span> <span class='ocrx_word' id='word_1_88' title='bbox 1129 1322 1194 1361; x_wconf 88' lang='lat' dir='ltr'><strong>ac</strong></span> <span class='ocrx_word' id='word_1_89' title='bbox 1221 1306 1335 1360; x_wconf 81' lang='lat' dir='ltr'><strong>lites</strong></span> <span class='ocrx_word' id='word_1_90' title='bbox 1360 1307 1499 1361; x_wconf 86' lang='lat' dir='ltr'><strong>inter</strong></span> <span class='ocrx_word' id='word_1_91' title='bbox 1521 1308 1641 1362; x_wconf 86' lang='lat' dir='ltr'><strong>vos?</strong></span> <span class='ocrx_word' id='word_1_92' title='bbox 1667 1306 1856 1361; x_wconf 82' lang='lat' dir='ltr'><strong>Nonne</strong></span> <span class='ocrx_word' id='word_1_93' title='bbox 1883 1307 2023 1372; x_wconf 82' lang='lat' dir='ltr'><strong>hinc,</strong></span> 
     </span>
    </p>
   </div>
   <div class='ocr_carea' id='block_1_13' title="bbox 437 1394 2026 1466">
    <p class='ocr_par' dir='ltr' id='par_1_13' title="bbox 437 1394 2026 1466">
     <span class='ocr_line' id='line_1_13' title="bbox 437 1394 2026 1466; baseline 0 -17"><span class='ocrx_word' id='word_1_94' title='bbox 437 1411 622 1465; x_wconf 80' lang='lat' dir='ltr'><strong>nempe</strong></span> <span class='ocrx_word' id='word_1_95' title='bbox 655 1411 721 1451; x_wconf 77' lang='lat' dir='ltr'><strong>ex</strong></span> <span class='ocrx_word' id='word_1_96' title='bbox 747 1394 1107 1466; x_wconf 81' lang='lat' dir='ltr'><strong>voluptatibus</strong></span> <span class='ocrx_word' id='word_1_97' title='bbox 1148 1398 1332 1451; x_wconf 77' lang='lat' dir='ltr'><strong>vestris</strong></span> <span class='ocrx_word' id='word_1_98' title='bbox 1367 1413 1483 1465; x_wconf 77' lang='lat' dir='ltr'><strong>qua:</strong></span> <span class='ocrx_word' id='word_1_99' title='bbox 1516 1397 1750 1451; x_wconf 86' lang='lat' dir='ltr'><strong>militant</strong></span> <span class='ocrx_word' id='word_1_100' title='bbox 1780 1399 1832 1451; x_wconf 87' lang='lat' dir='ltr'><strong>in</strong></span> <span class='ocrx_word' id='word_1_101' title='bbox 1862 1414 2026 1451; x_wconf 82' lang='lat' dir='ltr'><strong>mem.-</strong></span> 
     </span>
    </p>
   </div>
   <div class='ocr_carea' id='block_1_14' title="bbox 436 1487 2028 1558">
    <p class='ocr_par' dir='ltr' id='par_1_14' title="bbox 436 1487 2028 1558">
     <span class='ocr_line' id='line_1_14' title="bbox 436 1487 2028 1558; baseline -0.001 -15"><span class='ocrx_word' id='word_1_102' title='bbox 436 1487 547 1543; x_wconf 79' lang='lat' dir='ltr'><strong>bris</strong></span> <span class='ocrx_word' id='word_1_103' title='bbox 572 1489 810 1545; x_wconf 79' lang='lat' dir='ltr'><strong>vestris?</strong></span> <span class='ocrx_word' id='word_1_104' title='bbox 840 1487 1226 1558; x_wconf 86' lang='lat' dir='ltr'><strong>Concupiscitis</strong></span> <span class='ocrx_word' id='word_1_105' title='bbox 1270 1499 1319 1544; x_wconf 84' lang='lat' dir='ltr'><strong>et</strong></span> <span class='ocrx_word' id='word_1_106' title='bbox 1366 1506 1472 1545; x_wconf 83' lang='lat' dir='ltr'><strong>non</strong></span> <span class='ocrx_word' id='word_1_107' title='bbox 1515 1489 1714 1544; x_wconf 76' lang='lat' dir='ltr'><strong>habetis</strong></span> <span class='ocrx_word' id='word_1_108' title='bbox 1743 1506 1764 1544; x_wconf 88' lang='lat'><strong><em>:</em></strong></span> <span class='ocrx_word' id='word_1_109' title='bbox 1795 1490 2028 1544; x_wconf 78' lang='lat' dir='ltr'><strong>occiditis</strong></span> 
     </span>
    </p>
   </div>
   <div class='ocr_carea' id='block_1_15' title="bbox 437 1579 2027 1651">
    <p class='ocr_par' dir='ltr' id='par_1_15' title="bbox 437 1579 2027 1651">
     <span class='ocr_line' id='line_1_15' title="bbox 437 1579 2027 1651; baseline 0 -17"><span class='ocrx_word' id='word_1_110' title='bbox 437 1589 486 1634; x_wconf 85' lang='lat' dir='ltr'><strong>ct</strong></span> <span class='ocrx_word' id='word_1_111' title='bbox 515 1579 868 1644; x_wconf 73' lang='lat' dir='ltr'><strong>wmulamini,</strong></span> <span class='ocrx_word' id='word_1_112' title='bbox 899 1596 992 1634; x_wconf 82' lang='lat' dir='ltr'><strong>nec</strong></span> <span class='ocrx_word' id='word_1_113' title='bbox 1019 1582 1232 1650; x_wconf 76' lang='lat' dir='ltr'><strong>potestis</strong></span> <span class='ocrx_word' id='word_1_114' title='bbox 1261 1582 1487 1651; x_wconf 79' lang='lat' dir='ltr'><strong>adipisci</strong></span> <span class='ocrx_word' id='word_1_115' title='bbox 1511 1596 1531 1636; x_wconf 89' lang='lat'><strong><em>:</em></strong></span> <span class='ocrx_word' id='word_1_116' title='bbox 1557 1583 1806 1651; x_wconf 77' lang='lat' dir='ltr'><strong>pugnatis</strong></span> <span class='ocrx_word' id='word_1_117' title='bbox 1829 1598 1892 1634; x_wconf 87' lang='lat' dir='ltr'><strong>ac</strong></span> <span class='ocrx_word' id='word_1_118' title='bbox 1917 1581 2027 1634; x_wconf 83' lang='lat' dir='ltr'><strong>bel-</strong></span> 
     </span>
    </p>
   </div>
   <div class='ocr_carea' id='block_1_16' title="bbox 439 1666 2028 1743">
    <p class='ocr_par' dir='ltr' id='par_1_16' title="bbox 439 1666 2028 1743">
     <span class='ocr_line' id='line_1_16' title="bbox 439 1666 2028 1743; baseline -0.001 -17"><span class='ocrx_word' id='word_1_119' title='bbox 439 1672 585 1731; x_wconf 74' lang='lat' dir='ltr'><strong>lazis.</strong></span> <span class='ocrx_word' id='word_1_120' title='bbox 617 1672 784 1743; x_wconf 64' lang='grc'><strong>466</strong></span> <span class='ocrx_word' id='word_1_121' title='bbox 816 1682 864 1726; x_wconf 89' lang='lat' dir='ltr'><strong>et</strong></span> <span class='ocrx_word' id='word_1_122' title='bbox 908 1666 1007 1726; x_wconf 75' lang='lat' dir='ltr'><strong>non</strong></span> <span class='ocrx_word' id='word_1_123' title='bbox 1042 1674 1286 1740; x_wconf 78' lang='lat' dir='ltr'><strong>accipitis</strong></span> <span class='ocrx_word' id='word_1_124' title='bbox 1319 1673 1373 1726; x_wconf 83' lang='lat' dir='ltr'><strong>id</strong></span> <span class='ocrx_word' id='word_1_125' title='bbox 1410 1682 1622 1742; x_wconf 64' lang='lat' dir='ltr'><strong>propter</strong></span> <span class='ocrx_word' id='word_1_126' title='bbox 1668 1673 1806 1742; x_wconf 82' lang='lat' dir='ltr'><strong>quod</strong></span> <span class='ocrx_word' id='word_1_127' title='bbox 1849 1681 2028 1739; x_wconf 75' lang='lat' dir='ltr'><strong>postu-</strong></span> 
     </span>
    </p>
   </div>
   <div class='ocr_carea' id='block_1_17' title="bbox 438 1762 2023 1834">
    <p class='ocr_par' dir='ltr' id='par_1_17' title="bbox 438 1762 2023 1834">
     <span class='ocr_line' id='line_1_17' title="bbox 438 1762 2023 1834; baseline -0.001 -17"><span class='ocrx_word' id='word_1_128' title='bbox 438 1765 587 1819; x_wconf 84' lang='lat' dir='ltr'><strong>tatis.</strong></span> <span class='ocrx_word' id='word_1_129' title='bbox 620 1763 808 1818; x_wconf 76' lang='lat' dir='ltr'><strong>l’etitis</strong></span> <span class='ocrx_word' id='word_1_130' title='bbox 842 1773 889 1817; x_wconf 86' lang='lat' dir='ltr'><strong>et</strong></span> <span class='ocrx_word' id='word_1_131' title='bbox 937 1780 1041 1818; x_wconf 85' lang='lat' dir='ltr'><strong>non</strong></span> <span class='ocrx_word' id='word_1_132' title='bbox 1071 1764 1334 1831; x_wconf 80' lang='lat' dir='ltr'><strong>accipitis,</strong></span> <span class='ocrx_word' id='word_1_133' title='bbox 1376 1780 1435 1818; x_wconf 86' lang='lat' dir='ltr'><strong>eo</strong></span> <span class='ocrx_word' id='word_1_134' title='bbox 1469 1765 1607 1834; x_wconf 82' lang='lat' dir='ltr'><strong>quod</strong></span> <span class='ocrx_word' id='word_1_135' title='bbox 1637 1763 1776 1817; x_wconf 83' lang='lat' dir='ltr'><strong>male</strong></span> <span class='ocrx_word' id='word_1_136' title='bbox 1814 1762 2023 1832; x_wconf 76' lang='lat' dir='ltr'><strong>petatis,</strong></span> 
     </span>
    </p>
   </div>
   <div class='ocr_carea' id='block_1_18' title="bbox 2139 569 3638 663">
    <p class='ocr_par' dir='ltr' id='par_1_18' title="bbox 2139 569 3638 663">
     <span class='ocr_line' id='line_1_18' title="bbox 2139 569 3638 663; baseline 0.012 -40"><span class='ocrx_word' id='word_1_137' title='bbox 2139 569 2266 623; x_wconf 87' lang='grc' dir='ltr'>θειοι</span> <span class='ocrx_word' id='word_1_138' title='bbox 2320 570 2377 623; x_wconf 76' lang='grc' dir='ltr'>δέ</span> <span class='ocrx_word' id='word_1_139' title='bbox 2426 573 2579 625; x_wconf 83' lang='grc' dir='ltr'>ἐστιν</span> <span class='ocrx_word' id='word_1_140' title='bbox 2624 572 2884 640; x_wconf 54' lang='grc' dir='ltr'>ἐπίψογος</span> <span class='ocrx_word' id='word_1_141' title='bbox 2916 572 3231 642; x_wconf 68' lang='grc' dir='ltr'>φιλονεικία.</span> <span class='ocrx_word' id='word_1_142' title='bbox 3284 599 3301 632; x_wconf 83' lang='grc' dir='ltr'><strong>ι</strong></span> <span class='ocrx_word' id='word_1_143' title='bbox 3346 582 3537 654; x_wconf 86' lang='grc' dir='ltr'>Πρῶτον</span> <span class='ocrx_word' id='word_1_144' title='bbox 3563 569 3638 663; x_wconf 48' lang='grc' dir='ltr'>μὲν</span> 
     </span>
    </p>
   </div>
   <div class='ocr_carea' id='block_1_19' title="bbox 2133 661 3640 750">
    <p class='ocr_par' dir='ltr' id='par_1_19' title="bbox 2133 661 3640 750">
     <span class='ocr_line' id='line_1_19' title="bbox 2133 661 3640 750; baseline 0.013 -35"><span class='ocrx_word' id='word_1_145' title='bbox 2133 661 2274 733; x_wconf 81' lang='grc' dir='ltr'>ἁγνή</span> <span class='ocrx_word' id='word_1_146' title='bbox 2307 662 2478 717; x_wconf 70' lang='grc' dir='ltr'>ἐστιν.</span> <span class='ocrx_word' id='word_1_147' title='bbox 2511 682 2531 715; x_wconf 85' lang='grc'><strong>›</strong></span> <span class='ocrx_word' id='word_1_148' title='bbox 2577 663 2767 734; x_wconf 69' lang='grc' dir='ltr'>Ἀγνὴ,</span> <span class='ocrx_word' id='word_1_149' title='bbox 2803 663 3020 735; x_wconf 79' lang='grc' dir='ltr'>καθαρὰ</span> <span class='ocrx_word' id='word_1_150' title='bbox 3040 666 3131 719; x_wconf 69' lang='grc' dir='ltr'><strong>καὶ</strong></span> <span class='ocrx_word' id='word_1_151' title='bbox 3159 669 3439 743; x_wconf 85' lang='grc' dir='ltr'>ἀρύπαρος,</span> <span class='ocrx_word' id='word_1_152' title='bbox 3462 661 3640 750; x_wconf 67' lang='grc' dir='ltr'>μηδενὸς</span> 
     </span>
    </p>
   </div>
   <div class='ocr_carea' id='block_1_20' title="bbox 2132 754 3642 840">
    <p class='ocr_par' dir='ltr' id='par_1_20' title="bbox 2132 754 3642 840">
     <span class='ocr_line' id='line_1_20' title="bbox 2132 754 3642 840; baseline 0.009 -33"><span class='ocrx_word' id='word_1_153' title='bbox 2132 755 2240 808; x_wconf 82' lang='grc' dir='ltr'><strong>τῶν</strong></span> <span class='ocrx_word' id='word_1_154' title='bbox 2263 754 2546 827; x_wconf 80' lang='grc' dir='ltr'><strong>σαρκικῶν</strong></span> <span class='ocrx_word' id='word_1_155' title='bbox 2575 757 2937 828; x_wconf 80' lang='grc' dir='ltr'>ἀντεχομένη.</span> <span class='ocrx_word' id='word_1_156' title='bbox 2978 776 2996 808; x_wconf 80' lang='grc' dir='ltr'><strong>ι</strong></span> <span class='ocrx_word' id='word_1_157' title='bbox 3034 757 3376 832; x_wconf 80' lang='grc' dir='ltr'>Ἀδιάκριτος.</span> <span class='ocrx_word' id='word_1_158' title='bbox 3408 785 3424 817; x_wconf 78' lang='grc' dir='ltr'><strong>ι</strong></span> <span class='ocrx_word' id='word_1_159' title='bbox 3456 769 3532 840; x_wconf 75' lang='grc' dir='ltr'><strong>Μὴ</strong></span> <span class='ocrx_word' id='word_1_160' title='bbox 3557 773 3642 828; x_wconf 72' lang='grc' dir='ltr'>διε.</span> 
     </span>
    </p>
   </div>
   <div class='ocr_carea' id='block_1_21' title="bbox 2132 848 3641 935">
    <p class='ocr_par' dir='ltr' id='par_1_21' title="bbox 2132 848 3641 935">
     <span class='ocr_line' id='line_1_21' title="bbox 2132 848 3641 935; baseline 0.002 -34"><span class='ocrx_word' id='word_1_161' title='bbox 2132 848 2397 918; x_wconf 72' lang='grc' dir='ltr'>κρίνουσα</span> <span class='ocrx_word' id='word_1_162' title='bbox 2453 851 2871 921; x_wconf 75' lang='grc' dir='ltr'><strong>παρατηρήσεις</strong></span> <span class='ocrx_word' id='word_1_163' title='bbox 2917 849 3249 921; x_wconf 71' lang='grc' dir='ltr'>βρωμάτων,</span> <span class='ocrx_word' id='word_1_164' title='bbox 3291 857 3379 909; x_wconf 67' lang='grc' dir='ltr'>καὶ</span> <span class='ocrx_word' id='word_1_165' title='bbox 3421 859 3641 935; x_wconf 68' lang='grc' dir='ltr'><strong>διαφόρων</strong></span> 
     </span>
    </p>
   </div>
   <div class='ocr_carea' id='block_1_22' title="bbox 2131 943 3643 1026">
    <p class='ocr_par' dir='ltr' id='par_1_22' title="bbox 2131 943 3643 1026">
     <span class='ocr_line' id='line_1_22' title="bbox 2131 943 3643 1026; baseline 0.001 -29"><span class='ocrx_word' id='word_1_166' title='bbox 2131 943 2485 1014; x_wconf 81' lang='grc' dir='ltr'>βαπτισμῶν.</span> <span class='ocrx_word' id='word_1_167' title='bbox 2522 943 2796 1014; x_wconf 77' lang='grc' dir='ltr'>Ἀκριϐῶς</span> <span class='ocrx_word' id='word_1_168' title='bbox 2846 944 2904 996; x_wconf 74' lang='grc' dir='ltr'>δὲ</span> <span class='ocrx_word' id='word_1_169' title='bbox 2935 946 3062 1014; x_wconf 77' lang='grc' dir='ltr'>περὶ</span> <span class='ocrx_word' id='word_1_170' title='bbox 3108 946 3305 999; x_wconf 81' lang='grc' dir='ltr'>τούτων</span> <span class='ocrx_word' id='word_1_171' title='bbox 3341 951 3394 1001; x_wconf 82' lang='grc' dir='ltr'><strong>ἐν</strong></span> <span class='ocrx_word' id='word_1_172' title='bbox 3439 956 3496 1023; x_wconf 78' lang='grc' dir='ltr'>τῇ</span> <span class='ocrx_word' id='word_1_173' title='bbox 3540 959 3643 1026; x_wconf 60' lang='grc' dir='ltr'>πρὸς</span> 
     </span>
    </p>
   </div>
   <div class='ocr_carea' id='block_1_23' title="bbox 2132 1034 3148 1103">
    <p class='ocr_par' dir='ltr' id='par_1_23' title="bbox 2132 1034 3148 1103">
     <span class='ocr_line' id='line_1_23' title="bbox 2132 1034 3148 1103; baseline 0.001 -13"><span class='ocrx_word' id='word_1_174' title='bbox 2132 1034 2474 1100; x_wconf 83' lang='grc' dir='ltr'>Κολασσαεῖς</span> <span class='ocrx_word' id='word_1_175' title='bbox 2509 1038 2817 1103; x_wconf 72' lang='grc' dir='ltr'><strong>διαλέγεται</strong></span> <span class='ocrx_word' id='word_1_176' title='bbox 2852 1036 2880 1088; x_wconf 83' lang='grc' dir='ltr'><strong>ὁ</strong></span> <span class='ocrx_word' id='word_1_177' title='bbox 2917 1036 3148 1100; x_wconf 72' lang='grc' dir='ltr'>Παῦλος.</span> 
     </span>
    </p>
   </div>
   <div class='ocr_carea' id='block_1_24' title="bbox 2205 1298 3644 1370">
    <p class='ocr_par' dir='ltr' id='par_1_24' title="bbox 2205 1298 3644 1370">
     <span class='ocr_line' id='line_1_24' title="bbox 2205 1298 3644 1370; baseline 0.007 -17"><span class='ocrx_word' id='word_1_178' title='bbox 2205 1300 2397 1353; x_wconf 84' lang='grc' dir='ltr'><em>Πόθεν</em></span> <span class='ocrx_word' id='word_1_179' title='bbox 2430 1300 2678 1368; x_wconf 74' lang='grc' dir='ltr'>πόλεμοι</span> <span class='ocrx_word' id='word_1_180' title='bbox 2708 1300 2805 1354; x_wconf 79' lang='grc' dir='ltr'><strong>καὶ</strong></span> <span class='ocrx_word' id='word_1_181' title='bbox 2835 1298 3024 1369; x_wconf 80' lang='grc' dir='ltr'><strong>μάχαι</strong></span> <span class='ocrx_word' id='word_1_182' title='bbox 3051 1300 3119 1353; x_wconf 78' lang='grc' dir='ltr'>ἐν</span> <span class='ocrx_word' id='word_1_183' title='bbox 3143 1301 3313 1370; x_wconf 79' lang='grc' dir='ltr'><strong>ὑμῒν;</strong></span> <span class='ocrx_word' id='word_1_184' title='bbox 3347 1306 3456 1359; x_wconf 75' lang='grc' dir='ltr'><strong>Οὐκ</strong></span> <span class='ocrx_word' id='word_1_185' title='bbox 3485 1308 3644 1364; x_wconf 77' lang='grc' dir='ltr'>ἐντεῦ-</span> 
     </span>
    </p>
   </div>
   <div class='ocr_carea' id='block_1_25' title="bbox 2131 1390 3645 1467">
    <p class='ocr_par' dir='ltr' id='par_1_25' title="bbox 2131 1390 3645 1467">
     <span class='ocr_line' id='line_1_25' title="bbox 2131 1390 3645 1467; baseline 0.005 -21"><span class='ocrx_word' id='word_1_186' title='bbox 2131 1394 2254 1455; x_wconf 82' lang='grc' dir='ltr'>θεν,</span> <span class='ocrx_word' id='word_1_187' title='bbox 2286 1392 2356 1444; x_wconf 83' lang='grc' dir='ltr'><strong>ἐκ</strong></span> <span class='ocrx_word' id='word_1_188' title='bbox 2404 1390 2523 1444; x_wconf 80' lang='grc' dir='ltr'>τῶν</span> <span class='ocrx_word' id='word_1_189' title='bbox 2570 1390 2811 1459; x_wconf 71' lang='grc' dir='ltr'>ἡδονῶν</span> <span class='ocrx_word' id='word_1_190' title='bbox 2842 1390 3030 1461; x_wconf 82' lang='grc' dir='ltr'>ὑμῶν,</span> <span class='ocrx_word' id='word_1_191' title='bbox 3068 1390 3184 1446; x_wconf 72' lang='grc' dir='ltr'><strong>τῶν</strong></span> <span class='ocrx_word' id='word_1_192' title='bbox 3218 1398 3645 1467; x_wconf 77' lang='grc' dir='ltr'><strong>στρατευομένων</strong></span> 
     </span>
    </p>
   </div>
   <div class='ocr_carea' id='block_1_26' title="bbox 2129 1481 3645 1560">
    <p class='ocr_par' dir='ltr' id='par_1_26' title="bbox 2129 1481 3645 1560">
     <span class='ocr_line' id='line_1_26' title="bbox 2129 1481 3645 1560; baseline 0.009 -27"><span class='ocrx_word' id='word_1_193' title='bbox 2129 1482 2198 1534; x_wconf 74' lang='grc' dir='ltr'><strong>ἐν</strong></span> <span class='ocrx_word' id='word_1_194' title='bbox 2218 1481 2343 1547; x_wconf 80' lang='grc' dir='ltr'>τοῖς</span> <span class='ocrx_word' id='word_1_195' title='bbox 2359 1482 2619 1551; x_wconf 68' lang='grc' dir='ltr'><strong>μέλεσιν</strong></span> <span class='ocrx_word' id='word_1_196' title='bbox 2634 1481 2824 1551; x_wconf 81' lang='grc' dir='ltr'><strong>ὑμῶν;</strong></span> <span class='ocrx_word' id='word_1_197' title='bbox 2857 1484 3244 1552; x_wconf 76' lang='grc' dir='ltr'>Ἐπιθυμεῖτε,</span> <span class='ocrx_word' id='word_1_198' title='bbox 3271 1486 3368 1539; x_wconf 73' lang='grc' dir='ltr'><strong>καὶ</strong></span> <span class='ocrx_word' id='word_1_199' title='bbox 3385 1491 3482 1543; x_wconf 81' lang='grc' dir='ltr'><strong>οὐκ</strong></span> <span class='ocrx_word' id='word_1_200' title='bbox 3496 1491 3645 1560; x_wconf 75' lang='grc' dir='ltr'>ἔχετε.</span> 
     </span>
    </p>
   </div>
   <div class='ocr_carea' id='block_1_27' title="bbox 2130 1573 3646 1649">
    <p class='ocr_par' dir='ltr' id='par_1_27' title="bbox 2130 1573 3646 1649">
     <span class='ocr_line' id='line_1_27' title="bbox 2130 1573 3646 1649; baseline 0.009 -24"><span class='ocrx_word' id='word_1_201' title='bbox 2130 1573 2372 1649; x_wconf 76' lang='grc' dir='ltr'>Φονεῖτε</span> <span class='ocrx_word' id='word_1_202' title='bbox 2409 1574 2507 1627; x_wconf 75' lang='grc' dir='ltr'><strong>καὶ</strong></span> <span class='ocrx_word' id='word_1_203' title='bbox 2548 1574 2819 1642; x_wconf 77' lang='grc' dir='ltr'><strong>ζηλοῦτε,</strong></span> <span class='ocrx_word' id='word_1_204' title='bbox 2851 1575 2949 1628; x_wconf 81' lang='grc' dir='ltr'><strong>καὶ</strong></span> <span class='ocrx_word' id='word_1_205' title='bbox 2984 1578 3056 1629; x_wconf 87' lang='grc' dir='ltr'><em>οὐ</em></span> <span class='ocrx_word' id='word_1_206' title='bbox 3088 1576 3344 1632; x_wconf 81' lang='grc' dir='ltr'><strong>δύνασθε</strong></span> <span class='ocrx_word' id='word_1_207' title='bbox 3374 1578 3646 1649; x_wconf 75' lang='grc' dir='ltr'>ἐπιτυχεῖν.</span> 
     </span>
    </p>
   </div>
   <div class='ocr_carea' id='block_1_28' title="bbox 2128 1648 3649 1738">
    <p class='ocr_par' dir='ltr' id='par_1_28' title="bbox 2128 1648 3649 1738">
     <span class='ocr_line' id='line_1_28' title="bbox 2128 1648 3649 1738; baseline 0.007 -21"><span class='ocrx_word' id='word_1_208' title='bbox 2128 1648 2413 1733; x_wconf 67' lang='grc' dir='ltr'><strong>Δίάχεσθε</strong></span> <span class='ocrx_word' id='word_1_209' title='bbox 2466 1666 2564 1719; x_wconf 76' lang='grc' dir='ltr'><strong>καὶ</strong></span> <span class='ocrx_word' id='word_1_210' title='bbox 2613 1666 2948 1736; x_wconf 71' lang='grc' dir='ltr'>πολεμεῖτε,</span> <span class='ocrx_word' id='word_1_211' title='bbox 2985 1668 3085 1721; x_wconf 74' lang='grc' dir='ltr'><strong>καὶ</strong></span> <span class='ocrx_word' id='word_1_212' title='bbox 3129 1670 3240 1722; x_wconf 84' lang='grc' dir='ltr'><strong>οὐκ</strong></span> <span class='ocrx_word' id='word_1_213' title='bbox 3286 1669 3443 1738; x_wconf 80' lang='grc' dir='ltr'>ἔχετε</span> <span class='ocrx_word' id='word_1_214' title='bbox 3481 1648 3562 1726; x_wconf 63' lang='grc' dir='ltr'><strong>διὸ</strong></span> <span class='ocrx_word' id='word_1_215' title='bbox 3600 1677 3649 1729; x_wconf 83' lang='grc' dir='ltr'>τὸ</span> 
     </span>
    </p>
   </div>
   <div class='ocr_carea' id='block_1_29' title="bbox 2130 1756 3649 1830">
    <p class='ocr_par' dir='ltr' id='par_1_29' title="bbox 2130 1756 3649 1830">
     <span class='ocr_line' id='line_1_29' title="bbox 2130 1756 3649 1830; baseline 0.005 -19"><span class='ocrx_word' id='word_1_216' title='bbox 2130 1757 2421 1811; x_wconf 80' lang='grc' dir='ltr'>αἰτεῖσθαι</span> <span class='ocrx_word' id='word_1_217' title='bbox 2448 1756 2624 1827; x_wconf 79' lang='grc' dir='ltr'><strong>ὑμᾶς.</strong></span> <span class='ocrx_word' id='word_1_218' title='bbox 2650 1758 2891 1819; x_wconf 72' lang='grc' dir='ltr'>Αἰτεῖτε.</span> <span class='ocrx_word' id='word_1_219' title='bbox 2934 1759 3035 1813; x_wconf 76' lang='grc' dir='ltr'><strong>καὶ</strong></span> <span class='ocrx_word' id='word_1_220' title='bbox 3064 1763 3135 1813; x_wconf 85' lang='grc' dir='ltr'><strong>οὐ</strong></span> <span class='ocrx_word' id='word_1_221' title='bbox 3180 1762 3507 1830; x_wconf 75' lang='grc' dir='ltr'>λαμϐάνετε,</span> <span class='ocrx_word' id='word_1_222' title='bbox 3533 1765 3649 1820; x_wconf 76' lang='grc' dir='ltr'>διότι</span> 
     </span>
    </p>
   </div>
   <div class='ocr_carea' id='block_1_30' title="bbox 436 1849 2024 1927">
    <p class='ocr_par' dir='ltr' id='par_1_30' title="bbox 436 1854 2024 1927">
     <span class='ocr_line' id='line_1_30' title="bbox 436 1854 2024 1927; baseline -0.003 -15"><span class='ocrx_word' id='word_1_223' title='bbox 436 1866 496 1912; x_wconf 77' lang='lat' dir='ltr'><strong>ut</strong></span> <span class='ocrx_word' id='word_1_224' title='bbox 523 1858 575 1911; x_wconf 84' lang='lat' dir='ltr'><strong>in</strong></span> <span class='ocrx_word' id='word_1_225' title='bbox 602 1856 960 1927; x_wconf 78' lang='lat' dir='ltr'><strong>voluptatibus</strong></span> <span class='ocrx_word' id='word_1_226' title='bbox 983 1858 1166 1910; x_wconf 76' lang='lat' dir='ltr'><strong>vestris</strong></span> <span class='ocrx_word' id='word_1_227' title='bbox 1193 1857 1502 1910; x_wconf 84' lang='lat' dir='ltr'><strong>insumatis.</strong></span> <span class='ocrx_word' id='word_1_228' title='bbox 1532 1855 1773 1910; x_wconf 80' lang='lat' dir='ltr'><strong>Adulteri</strong></span> <span class='ocrx_word' id='word_1_229' title='bbox 1796 1864 1844 1908; x_wconf 91' lang='lat' dir='ltr'><strong>et</strong></span> <span class='ocrx_word' id='word_1_230' title='bbox 1866 1854 2024 1908; x_wconf 81' lang='lat' dir='ltr'><strong>adul-</strong></span> 
     </span>
    </p>
   </div>
   <div class='ocr_carea' id='block_1_31' title="bbox 2130 1849 3650 1927">
    <p class='ocr_par' dir='ltr' id='par_1_31' title="bbox 2130 1849 3650 1924">
     <span class='ocr_line' id='line_1_31' title="bbox 2130 1849 3650 1924; baseline 0.005 -21"><span class='ocrx_word' id='word_1_231' title='bbox 2130 1849 2328 1917; x_wconf 82' lang='grc' dir='ltr'>κακῶς</span> <span class='ocrx_word' id='word_1_232' title='bbox 2372 1850 2655 1914; x_wconf 75' lang='grc' dir='ltr'>αἰτεῖσθε,</span> <span class='ocrx_word' id='word_1_233' title='bbox 2686 1852 2786 1905; x_wconf 76' lang='grc' dir='ltr'>ἵνα</span> <span class='ocrx_word' id='word_1_234' title='bbox 2828 1852 2897 1904; x_wconf 80' lang='grc' dir='ltr'><strong>ἐν</strong></span> <span class='ocrx_word' id='word_1_235' title='bbox 2935 1852 3067 1916; x_wconf 81' lang='grc' dir='ltr'>ταῖς</span> <span class='ocrx_word' id='word_1_236' title='bbox 3096 1852 3338 1920; x_wconf 70' lang='grc' dir='ltr'>ἡδοναῖς</span> <span class='ocrx_word' id='word_1_237' title='bbox 3386 1854 3534 1924; x_wconf 72' lang='grc' dir='ltr'>ἡμῶν</span> <span class='ocrx_word' id='word_1_238' title='bbox 3569 1857 3650 1910; x_wconf 86' lang='grc' dir='ltr'>δα-</span> 
     </span>
    </p>
   </div>
   <div class='ocr_carea' id='block_1_32' title="bbox 441 1949 2021 2019">
    <p class='ocr_par' dir='ltr' id='par_1_32' title="bbox 441 1949 2021 2019">
     <span class='ocr_line' id='line_1_32' title="bbox 441 1949 2021 2019; baseline -0.001 -15"><span class='ocrx_word' id='word_1_239' title='bbox 441 1960 569 2005; x_wconf 74' lang='lat' dir='ltr'><strong>tera:</strong></span> <span class='ocrx_word' id='word_1_240' title='bbox 600 1949 806 2004; x_wconf 81' lang='lat' dir='ltr'><strong>nescitis</strong></span> <span class='ocrx_word' id='word_1_241' title='bbox 831 1949 971 2019; x_wconf 79' lang='lat' dir='ltr'><strong>quod</strong></span> <span class='ocrx_word' id='word_1_242' title='bbox 996 1949 1236 2003; x_wconf 85' lang='lat' dir='ltr'><strong>amicitia</strong></span> <span class='ocrx_word' id='word_1_243' title='bbox 1271 1949 1451 2003; x_wconf 84' lang='lat' dir='ltr'><strong>mundi</strong></span> <span class='ocrx_word' id='word_1_244' title='bbox 1480 1949 1760 2003; x_wconf 81' lang='lat' dir='ltr'><strong>inimicitia</strong></span> <span class='ocrx_word' id='word_1_245' title='bbox 1792 1957 1867 2002; x_wconf 87' lang='lat' dir='ltr'><strong>est</strong></span> <span class='ocrx_word' id='word_1_246' title='bbox 1898 1965 2021 2018; x_wconf 84' lang='lat' dir='ltr'><strong>erga</strong></span> 
     </span>
    </p>
   </div>
   <div class='ocr_carea' id='block_1_33' title="bbox 439 2040 2022 2112">
    <p class='ocr_par' dir='ltr' id='par_1_33' title="bbox 439 2040 2022 2112">
     <span class='ocr_line' id='line_1_33' title="bbox 439 2040 2022 2112; baseline -0.001 -16"><span class='ocrx_word' id='word_1_247' title='bbox 439 2043 649 2098; x_wconf 62' lang='lat' dir='ltr'><strong>Deum?</strong></span> <span class='ocrx_word' id='word_1_248' title='bbox 683 2041 995 2112; x_wconf 83' lang='lat' dir='ltr'><strong>Quicunque</strong></span> <span class='ocrx_word' id='word_1_249' title='bbox 1029 2057 1151 2112; x_wconf 87' lang='lat' dir='ltr'><strong>ergo</strong></span> <span class='ocrx_word' id='word_1_250' title='bbox 1183 2040 1406 2095; x_wconf 87' lang='lat' dir='ltr'><strong>voluerit</strong></span> <span class='ocrx_word' id='word_1_251' title='bbox 1438 2058 1550 2096; x_wconf 87' lang='lat' dir='ltr'><strong>esse</strong></span> <span class='ocrx_word' id='word_1_252' title='bbox 1582 2042 1785 2096; x_wconf 86' lang='lat' dir='ltr'><strong>amicus</strong></span> <span class='ocrx_word' id='word_1_253' title='bbox 1817 2043 2022 2108; x_wconf 83' lang='lat' dir='ltr'><strong>mundi,</strong></span> 
     </span>
    </p>
   </div>
   <div class='ocr_carea' id='block_1_34' title="bbox 437 2134 1211 2190">
    <p class='ocr_par' dir='ltr' id='par_1_34' title="bbox 437 2134 1211 2190">
     <span class='ocr_line' id='line_1_34' title="bbox 437 2134 1211 2190; baseline -0.001 -1"><span class='ocrx_word' id='word_1_254' title='bbox 437 2135 683 2190; x_wconf 69' lang='lat' dir='ltr'><strong>inimicus</strong></span> <span class='ocrx_word' id='word_1_255' title='bbox 720 2134 819 2189; x_wconf 88' lang='lat' dir='ltr'><strong>Dei</strong></span> <span class='ocrx_word' id='word_1_256' title='bbox 856 2134 1211 2188; x_wconf 81' lang='lat' dir='ltr'><strong>constituitur.</strong></span> 
     </span>
    </p>
   </div>
   <div class='ocr_carea' id='block_1_35' title="bbox 507 2311 2025 2386">
    <p class='ocr_par' dir='ltr' id='par_1_35' title="bbox 507 2311 2025 2386">
     <span class='ocr_line' id='line_1_35' title="bbox 507 2311 2025 2386; baseline -0.003 -15"><span class='ocrx_word' id='word_1_257' title='bbox 507 2313 762 2371; x_wconf 87' lang='lat' dir='ltr'><strong>Ostendit</strong></span> <span class='ocrx_word' id='word_1_258' title='bbox 793 2313 941 2386; x_wconf 89' lang='lat' dir='ltr'><strong>quod</strong></span> <span class='ocrx_word' id='word_1_259' title='bbox 975 2312 1104 2369; x_wconf 88' lang='lat' dir='ltr'><strong>licet</strong></span> <span class='ocrx_word' id='word_1_260' title='bbox 1136 2312 1491 2384; x_wconf 69' lang='lat' dir='ltr'><strong>praeceptoris</strong></span> <span class='ocrx_word' id='word_1_261' title='bbox 1526 2327 1836 2368; x_wconf 87' lang='lat' dir='ltr'><strong>sermonem</strong></span> <span class='ocrx_word' id='word_1_262' title='bbox 1872 2311 2025 2368; x_wconf 78' lang='lat' dir='ltr'><strong>emn-</strong></span> 
     </span>
    </p>
   </div>
   <div class='ocr_carea' id='block_1_36' title="bbox 435 2404 2027 2480">
    <p class='ocr_par' dir='ltr' id='par_1_36' title="bbox 435 2404 2027 2480">
     <span class='ocr_line' id='line_1_36' title="bbox 435 2404 2027 2480; baseline -0.003 -17"><span class='ocrx_word' id='word_1_263' title='bbox 435 2416 586 2480; x_wconf 78' lang='lat' dir='ltr'><strong>gant,</strong></span> <span class='ocrx_word' id='word_1_264' title='bbox 618 2408 717 2462; x_wconf 84' lang='lat' dir='ltr'><strong>toti</strong></span> <span class='ocrx_word' id='word_1_265' title='bbox 757 2416 939 2462; x_wconf 89' lang='lat' dir='ltr'><strong>tamen</strong></span> <span class='ocrx_word' id='word_1_266' title='bbox 971 2405 1221 2461; x_wconf 82' lang='lat' dir='ltr'><strong>carnales</strong></span> <span class='ocrx_word' id='word_1_267' title='bbox 1251 2412 1404 2472; x_wconf 87' lang='lat' dir='ltr'><strong>sunt,</strong></span> <span class='ocrx_word' id='word_1_268' title='bbox 1438 2413 1493 2460; x_wconf 91' lang='lat' dir='ltr'><strong>et</strong></span> <span class='ocrx_word' id='word_1_269' title='bbox 1520 2404 1898 2476; x_wconf 80' lang='lat' dir='ltr'><strong>indignissima</strong></span> <span class='ocrx_word' id='word_1_270' title='bbox 1930 2420 2027 2475; x_wconf 89' lang='lat' dir='ltr'><strong>pa-</strong></span> 
     </span>
    </p>
   </div>
   <div class='ocr_carea' id='block_1_37' title="bbox 437 2496 2026 2569">
    <p class='ocr_par' dir='ltr' id='par_1_37' title="bbox 437 2496 2026 2569">
     <span class='ocr_line' id='line_1_37' title="bbox 437 2496 2026 2569; baseline -0.001 -14"><span class='ocrx_word' id='word_1_271' title='bbox 437 2508 604 2565; x_wconf 89' lang='lat' dir='ltr'><strong>trant,</strong></span> <span class='ocrx_word' id='word_1_272' title='bbox 638 2500 945 2569; x_wconf 80' lang='lat' dir='ltr'><strong>voluptates</strong></span> <span class='ocrx_word' id='word_1_273' title='bbox 977 2498 1079 2553; x_wconf 87' lang='lat' dir='ltr'><strong>sibi</strong></span> <span class='ocrx_word' id='word_1_274' title='bbox 1109 2496 1244 2568; x_wconf 87' lang='lat' dir='ltr'><strong>ipsis</strong></span> <span class='ocrx_word' id='word_1_275' title='bbox 1282 2505 1631 2552; x_wconf 84' lang='lat' dir='ltr'><strong>accersentes</strong></span> <span class='ocrx_word' id='word_1_276' title='bbox 1660 2513 1673 2551; x_wconf 87' lang='lat'><strong>:</strong></span> <span class='ocrx_word' id='word_1_277' title='bbox 1709 2497 1762 2552; x_wconf 91' lang='lat' dir='ltr'><strong>bi</strong></span> <span class='ocrx_word' id='word_1_278' title='bbox 1806 2497 2026 2567; x_wconf 88' lang='lat' dir='ltr'><strong>quidem</strong></span> 
     </span>
    </p>
   </div>
   <div class='ocr_carea' id='block_1_38' title="bbox 438 2587 2028 2659">
    <p class='ocr_par' dir='ltr' id='par_1_38' title="bbox 438 2587 2028 2659">
     <span class='ocr_line' id='line_1_38' title="bbox 438 2587 2028 2659; baseline -0.001 -14"><span class='ocrx_word' id='word_1_279' title='bbox 438 2605 681 2645; x_wconf 83' lang='lat' dir='ltr'><strong>mensam</strong></span> <span class='ocrx_word' id='word_1_280' title='bbox 700 2589 1099 2655; x_wconf 87' lang='lat' dir='ltr'><strong>delicatiorem,</strong></span> <span class='ocrx_word' id='word_1_281' title='bbox 1112 2587 1276 2659; x_wconf 89' lang='lat' dir='ltr'><strong>(quod</strong></span> <span class='ocrx_word' id='word_1_282' title='bbox 1294 2597 1350 2643; x_wconf 89' lang='lat' dir='ltr'><strong>et</strong></span> <span class='ocrx_word' id='word_1_283' title='bbox 1369 2588 1570 2643; x_wconf 90' lang='lat' dir='ltr'><strong>Paulus</strong></span> <span class='ocrx_word' id='word_1_284' title='bbox 1584 2589 1732 2654; x_wconf 79' lang='lat' dir='ltr'><strong>ipsos</strong></span> <span class='ocrx_word' id='word_1_285' title='bbox 1749 2588 2028 2659; x_wconf 80' lang='lat' dir='ltr'><strong>arguendo</strong></span> 
     </span>
    </p>
   </div>
   <div class='ocr_carea' id='block_1_39' title="bbox 436 2677 2029 2750">
    <p class='ocr_par' dir='ltr' id='par_1_39' title="bbox 436 2677 2029 2750">
     <span class='ocr_line' id='line_1_39' title="bbox 436 2677 2029 2750; baseline -0.001 -14"><span class='ocrx_word' id='word_1_286' title='bbox 436 2681 571 2739; x_wconf 78' lang='lat' dir='ltr'><strong>dicit</strong></span> <span class='ocrx_word' id='word_1_287' title='bbox 623 2700 642 2733; x_wconf 75' lang='grc' dir='ltr'>ι</span> <span class='ocrx_word' id='word_1_288' title='bbox 684 2679 821 2734; x_wconf 88' lang='lat' dir='ltr'><strong>Nam</strong></span> <span class='ocrx_word' id='word_1_289' title='bbox 875 2679 968 2750; x_wconf 92' lang='lat' dir='ltr'><strong>qui</strong></span> <span class='ocrx_word' id='word_1_290' title='bbox 1013 2680 1148 2735; x_wconf 88' lang='lat' dir='ltr'><strong>tales</strong></span> <span class='ocrx_word' id='word_1_291' title='bbox 1178 2688 1329 2743; x_wconf 86' lang='lat' dir='ltr'><strong>sunt,</strong></span> <span class='ocrx_word' id='word_1_292' title='bbox 1358 2677 1552 2747; x_wconf 87' lang='lat' dir='ltr'><strong>inquit,</strong></span> <span class='ocrx_word' id='word_1_293' title='bbox 1579 2678 1810 2734; x_wconf 87' lang='lat' dir='ltr'><strong>Domino</strong></span> <span class='ocrx_word' id='word_1_294' title='bbox 1841 2688 2029 2734; x_wconf 89' lang='lat' dir='ltr'><strong>nostro</strong></span> 
     </span>
    </p>
   </div>
   <div class='ocr_carea' id='block_1_40' title="bbox 435 2771 2030 2842">
    <p class='ocr_par' dir='ltr' id='par_1_40' title="bbox 435 2771 2030 2842">
     <span class='ocr_line' id='line_1_40' title="bbox 435 2771 2030 2842; baseline -0.003 -11"><span class='ocrx_word' id='word_1_295' title='bbox 435 2792 548 2831; x_wconf 88' lang='lat' dir='ltr'><strong>non</strong></span> <span class='ocrx_word' id='word_1_296' title='bbox 578 2775 824 2831; x_wconf 88' lang='lat' dir='ltr'><strong>serviunt</strong></span> <span class='ocrx_word' id='word_1_297' title='bbox 846 2774 941 2829; x_wconf 88' lang='lat' dir='ltr'><strong>sed</strong></span> <span class='ocrx_word' id='word_1_298' title='bbox 967 2788 1067 2828; x_wconf 86' lang='lat' dir='ltr'><strong>suo</strong></span> <span class='ocrx_word' id='word_1_299' title='bbox 1093 2772 1269 2829; x_wconf 83' lang='lat' dir='ltr'><strong>ventri</strong></span> <span class='ocrx_word' id='word_1_300' title='bbox 1287 2773 1364 2839; x_wconf 83' lang='lat'><strong>&quot;;</strong></span> <span class='ocrx_word' id='word_1_301' title='bbox 1390 2772 1437 2842; x_wconf 80' lang='grc' dir='ltr'><strong>ι)</strong></span> <span class='ocrx_word' id='word_1_302' title='bbox 1454 2772 1543 2827; x_wconf 91' lang='lat' dir='ltr'><strong>alii</strong></span> <span class='ocrx_word' id='word_1_303' title='bbox 1574 2787 1704 2827; x_wconf 84' lang='lat' dir='ltr'><strong>vero</strong></span> <span class='ocrx_word' id='word_1_304' title='bbox 1730 2771 2030 2842; x_wconf 73' lang='lat' dir='ltr'><strong>possessio-</strong></span> 
     </span>
    </p>
   </div>
   <div class='ocr_carea' id='block_1_41' title="bbox 435 2863 2027 2937">
    <p class='ocr_par' dir='ltr' id='par_1_41' title="bbox 435 2863 2027 2937">
     <span class='ocr_line' id='line_1_41' title="bbox 435 2863 2027 2937; baseline -0.004 -14"><span class='ocrx_word' id='word_1_305' title='bbox 435 2884 564 2923; x_wconf 85' lang='lat' dir='ltr'><strong>nem</strong></span> <span class='ocrx_word' id='word_1_306' title='bbox 605 2867 974 2937; x_wconf 85' lang='lat' dir='ltr'><strong>pretiosorum</strong></span> <span class='ocrx_word' id='word_1_307' title='bbox 1009 2879 1265 2936; x_wconf 83' lang='lat' dir='ltr'><strong>agrorum</strong></span> <span class='ocrx_word' id='word_1_308' title='bbox 1307 2872 1401 2918; x_wconf 89' lang='lat' dir='ltr'><strong>aut</strong></span> <span class='ocrx_word' id='word_1_309' title='bbox 1441 2863 1728 2918; x_wconf 90' lang='lat' dir='ltr'><strong>domorum</strong></span> <span class='ocrx_word' id='word_1_310' title='bbox 1764 2863 2027 2934; x_wconf 84' lang='lat' dir='ltr'><strong>concupi—</strong></span> 
     </span>
    </p>
   </div>
   <div class='ocr_carea' id='block_1_42' title="bbox 436 2955 2030 3017">
    <p class='ocr_par' dir='ltr' id='par_1_42' title="bbox 436 2955 2030 3017">
     <span class='ocr_line' id='line_1_42' title="bbox 436 2955 2030 3017; baseline -0.003 -1"><span class='ocrx_word' id='word_1_311' title='bbox 436 2968 653 3017; x_wconf 79' lang='lat' dir='ltr'><strong>scentcs</strong></span> <span class='ocrx_word' id='word_1_312' title='bbox 722 2978 735 3013; x_wconf 88' lang='lat'><strong>:</strong></span> <span class='ocrx_word' id='word_1_313' title='bbox 800 2958 894 3013; x_wconf 89' lang='lat' dir='ltr'><strong>alii</strong></span> <span class='ocrx_word' id='word_1_314' title='bbox 957 2972 1174 3012; x_wconf 90' lang='lat' dir='ltr'><strong>rursum</strong></span> <span class='ocrx_word' id='word_1_315' title='bbox 1242 2955 1501 3011; x_wconf 83' lang='lat' dir='ltr'><strong>familiam</strong></span> <span class='ocrx_word' id='word_1_316' title='bbox 1580 2971 1865 3011; x_wconf 89' lang='lat' dir='ltr'><strong>assumere</strong></span> <span class='ocrx_word' id='word_1_317' title='bbox 1937 2965 2030 3012; x_wconf 88' lang='lat' dir='ltr'><strong>aut</strong></span> 
     </span>
    </p>
   </div>
   <div class='ocr_carea' id='block_1_43' title="bbox 436 3046 2026 3119">
    <p class='ocr_par' dir='ltr' id='par_1_43' title="bbox 436 3046 2026 3119">
     <span class='ocr_line' id='line_1_43' title="bbox 436 3046 2026 3119; baseline -0.001 -15"><span class='ocrx_word' id='word_1_318' title='bbox 436 3050 660 3106; x_wconf 91' lang='lat' dir='ltr'><strong>domum</strong></span> <span class='ocrx_word' id='word_1_319' title='bbox 715 3048 906 3104; x_wconf 88' lang='lat' dir='ltr'><strong>domui</strong></span> <span class='ocrx_word' id='word_1_320' title='bbox 965 3047 1299 3119; x_wconf 83' lang='lat' dir='ltr'><strong>conjungere</strong></span> <span class='ocrx_word' id='word_1_321' title='bbox 1368 3064 1380 3101; x_wconf 91' lang='lat'><strong>:</strong></span> <span class='ocrx_word' id='word_1_322' title='bbox 1437 3047 1577 3102; x_wconf 88' lang='lat' dir='ltr'><strong>alius</strong></span> <span class='ocrx_word' id='word_1_323' title='bbox 1627 3057 1808 3102; x_wconf 88' lang='lat' dir='ltr'><strong>autem</strong></span> <span class='ocrx_word' id='word_1_324' title='bbox 1880 3046 2026 3102; x_wconf 89' lang='lat' dir='ltr'><strong>aliud</strong></span> 
     </span>
    </p>
   </div>
   <div class='ocr_carea' id='block_1_44' title="bbox 435 3137 2022 3216">
    <p class='ocr_par' dir='ltr' id='par_1_44' title="bbox 435 3137 2022 3216">
     <span class='ocr_line' id='line_1_44' title="bbox 435 3137 2022 3216; baseline -0.004 -17"><span class='ocrx_word' id='word_1_325' title='bbox 435 3142 739 3216; x_wconf 87' lang='lat' dir='ltr'><strong>quippiam,</strong></span> <span class='ocrx_word' id='word_1_326' title='bbox 780 3141 836 3196; x_wconf 91' lang='lat' dir='ltr'><strong>in</strong></span> <span class='ocrx_word' id='word_1_327' title='bbox 884 3140 1084 3211; x_wconf 90' lang='lat' dir='ltr'><strong>quibus</strong></span> <span class='ocrx_word' id='word_1_328' title='bbox 1125 3140 1397 3211; x_wconf 78' lang='lat' dir='ltr'><strong>malignus</strong></span> <span class='ocrx_word' id='word_1_329' title='bbox 1448 3137 1540 3193; x_wconf 91' lang='lat' dir='ltr'><strong>ille</strong></span> <span class='ocrx_word' id='word_1_330' title='bbox 1590 3138 1819 3209; x_wconf 87' lang='lat' dir='ltr'><strong>imponit</strong></span> <span class='ocrx_word' id='word_1_331' title='bbox 1869 3137 2022 3208; x_wconf 86' lang='lat' dir='ltr'><strong>ipsis,</strong></span> 
     </span>
    </p>
   </div>
   <div class='ocr_carea' id='block_1_45' title="bbox 2128 1942 3650 2014">
    <p class='ocr_par' dir='ltr' id='par_1_45' title="bbox 2128 1942 3650 2014">
     <span class='ocr_line' id='line_1_45' title="bbox 2128 1942 3650 2014; baseline 0.003 -18"><span class='ocrx_word' id='word_1_332' title='bbox 2128 1943 2466 2011; x_wconf 81' lang='grc' dir='ltr'><strong>πανήσητε.</strong></span> <span class='ocrx_word' id='word_1_333' title='bbox 2504 1942 2715 2013; x_wconf 82' lang='grc' dir='ltr'><strong>Μοιχοὶ</strong></span> <span class='ocrx_word' id='word_1_334' title='bbox 2762 1942 2863 1997; x_wconf 76' lang='grc' dir='ltr'><strong>καὶ</strong></span> <span class='ocrx_word' id='word_1_335' title='bbox 2896 1943 3260 2013; x_wconf 72' lang='grc' dir='ltr'><strong>μοιχαλίδες</strong></span> <span class='ocrx_word' id='word_1_336' title='bbox 3283 1984 3297 2008; x_wconf 93' lang='grc'><em>,</em></span> <span class='ocrx_word' id='word_1_337' title='bbox 3329 1947 3432 1999; x_wconf 82' lang='grc' dir='ltr'><strong>οὐκ</strong></span> <span class='ocrx_word' id='word_1_338' title='bbox 3474 1947 3650 2014; x_wconf 76' lang='grc' dir='ltr'>οἴδατε,</span> 
     </span>
    </p>
   </div>
   <div class='ocr_carea' id='block_1_46' title="bbox 2129 2034 3652 2117">
    <p class='ocr_par' dir='ltr' id='par_1_46' title="bbox 2129 2034 3652 2117">
     <span class='ocr_line' id='line_1_46' title="bbox 2129 2034 3652 2117; baseline 0.001 -28"><span class='ocrx_word' id='word_1_339' title='bbox 2129 2035 2217 2089; x_wconf 77' lang='grc' dir='ltr'><strong>ὅτι</strong></span> <span class='ocrx_word' id='word_1_340' title='bbox 2247 2034 2285 2101; x_wconf 80' lang='grc' dir='ltr'><strong><em>ἠ</em></strong></span> <span class='ocrx_word' id='word_1_341' title='bbox 2319 2035 2492 2104; x_wconf 68' lang='grc' dir='ltr'><strong>φιλία</strong></span> <span class='ocrx_word' id='word_1_342' title='bbox 2517 2034 2623 2089; x_wconf 84' lang='grc' dir='ltr'><strong>τοῦ</strong></span> <span class='ocrx_word' id='word_1_343' title='bbox 2667 2034 2924 2104; x_wconf 64' lang='grc' dir='ltr'>κόσμου,</span> <span class='ocrx_word' id='word_1_344' title='bbox 2966 2035 3153 2105; x_wconf 73' lang='grc' dir='ltr'>ἐχθρὰ</span> <span class='ocrx_word' id='word_1_345' title='bbox 3182 2036 3282 2091; x_wconf 85' lang='grc' dir='ltr'><strong>τοῦ</strong></span> <span class='ocrx_word' id='word_1_346' title='bbox 3325 2037 3460 2092; x_wconf 85' lang='grc' dir='ltr'><strong>Θεοῦ</strong></span> <span class='ocrx_word' id='word_1_347' title='bbox 3483 2039 3652 2117; x_wconf 71' lang='grc' dir='ltr'>ἐστιιςς</span> 
     </span>
    </p>
   </div>
   <div class='ocr_carea' id='block_1_47' title="bbox 2132 2124 3655 2200">
    <p class='ocr_par' dir='ltr' id='par_1_47' title="bbox 2132 2124 3655 2200">
     <span class='ocr_line' id='line_1_47' title="bbox 2132 2124 3655 2200; baseline 0.001 -18"><span class='ocrx_word' id='word_1_348' title='bbox 2132 2127 2201 2194; x_wconf 82' lang='grc' dir='ltr'><strong>ὃς</strong></span> <span class='ocrx_word' id='word_1_349' title='bbox 2232 2128 2309 2182; x_wconf 75' lang='grc' dir='ltr'><strong>ἂν</strong></span> <span class='ocrx_word' id='word_1_350' title='bbox 2332 2126 2618 2196; x_wconf 72' lang='grc' dir='ltr'><strong>,βουληθῇ</strong></span> <span class='ocrx_word' id='word_1_351' title='bbox 2644 2128 2822 2196; x_wconf 71' lang='grc' dir='ltr'><em>φίλος</em></span> <span class='ocrx_word' id='word_1_352' title='bbox 2863 2124 3015 2183; x_wconf 76' lang='grc' dir='ltr'>εἶναι</span> <span class='ocrx_word' id='word_1_353' title='bbox 3048 2129 3153 2183; x_wconf 83' lang='grc' dir='ltr'><strong>τοῦ</strong></span> <span class='ocrx_word' id='word_1_354' title='bbox 3201 2132 3440 2199; x_wconf 77' lang='grc' dir='ltr'><strong>κόσμου,</strong></span> <span class='ocrx_word' id='word_1_355' title='bbox 3483 2132 3655 2200; x_wconf 64' lang='grc' dir='ltr'>ἐχθρὸς</span> 
     </span>
    </p>
   </div>
   <div class='ocr_carea' id='block_1_48' title="bbox 2128 2219 2820 2275">
    <p class='ocr_par' dir='ltr' id='par_1_48' title="bbox 2128 2219 2820 2275">
     <span class='ocr_line' id='line_1_48' title="bbox 2128 2219 2820 2275; baseline 0.001 -1"><span class='ocrx_word' id='word_1_356' title='bbox 2128 2220 2235 2275; x_wconf 85' lang='grc' dir='ltr'><strong>τοῦ</strong></span> <span class='ocrx_word' id='word_1_357' title='bbox 2263 2219 2412 2274; x_wconf 83' lang='grc' dir='ltr'><strong>Θεοῦ</strong></span> <span class='ocrx_word' id='word_1_358' title='bbox 2441 2220 2820 2275; x_wconf 81' lang='grc' dir='ltr'><strong>καθίσταται.</strong></span> 
     </span>
    </p>
   </div>
   <div class='ocr_carea' id='block_1_49' title="bbox 2205 2311 3656 2383">
    <p class='ocr_par' dir='ltr' id='par_1_49' title="bbox 2205 2311 3656 2383">
     <span class='ocr_line' id='line_1_49' title="bbox 2205 2311 3656 2383; baseline -0.005 -16"><span class='ocrx_word' id='word_1_359' title='bbox 2205 2313 2493 2367; x_wconf 79' lang='grc' dir='ltr'>Δείκνυσιν</span> <span class='ocrx_word' id='word_1_360' title='bbox 2532 2312 2608 2374; x_wconf 79' lang='grc' dir='ltr'>ὡς</span> <span class='ocrx_word' id='word_1_361' title='bbox 2642 2313 2756 2368; x_wconf 77' lang='grc' dir='ltr'>κᾶν</span> <span class='ocrx_word' id='word_1_362' title='bbox 2795 2311 3250 2367; x_wconf 82' lang='grc' dir='ltr'>ὑποπλὰττωνται</span> <span class='ocrx_word' id='word_1_363' title='bbox 3284 2313 3429 2383; x_wconf 79' lang='grc' dir='ltr'>λόγον</span> <span class='ocrx_word' id='word_1_364' title='bbox 3452 2316 3656 2371; x_wconf 64' lang='lat' dir='ltr'><strong>asiam.</strong></span> 
     </span>
    </p>
   </div>
   <div class='ocr_carea' id='block_1_50' title="bbox 2129 2401 3659 2472">
    <p class='ocr_par' dir='ltr' id='par_1_50' title="bbox 2129 2401 3659 2472">
     <span class='ocr_line' id='line_1_50' title="bbox 2129 2401 3659 2472; baseline 0.003 -15"><span class='ocrx_word' id='word_1_365' title='bbox 2129 2402 2300 2465; x_wconf 70' lang='grc' dir='ltr'>λικδν,</span> <span class='ocrx_word' id='word_1_366' title='bbox 2334 2403 2482 2471; x_wconf 79' lang='grc' dir='ltr'><strong>ὅμως</strong></span> <span class='ocrx_word' id='word_1_367' title='bbox 2515 2401 2627 2456; x_wconf 72' lang='grc' dir='ltr'>ὅλοι</span> <span class='ocrx_word' id='word_1_368' title='bbox 2661 2401 2917 2472; x_wconf 75' lang='grc' dir='ltr'><strong>σαρκικοί</strong></span> <span class='ocrx_word' id='word_1_369' title='bbox 2949 2402 3079 2466; x_wconf 86' lang='grc' dir='ltr'>εἰσι,</span> <span class='ocrx_word' id='word_1_370' title='bbox 3114 2403 3208 2454; x_wconf 70' lang='grc' dir='ltr'><strong>καὶ</strong></span> <span class='ocrx_word' id='word_1_371' title='bbox 3240 2402 3306 2455; x_wconf 85' lang='grc' dir='ltr'>τὰ</span> <span class='ocrx_word' id='word_1_372' title='bbox 3349 2404 3659 2472; x_wconf 70' lang='grc' dir='ltr'><strong>χαλεπώτατα</strong></span> 
     </span>
    </p>
   </div>
   <div class='ocr_carea' id='block_1_51' title="bbox 2132 2494 3658 2567">
    <p class='ocr_par' dir='ltr' id='par_1_51' title="bbox 2132 2494 3658 2567">
     <span class='ocr_line' id='line_1_51' title="bbox 2132 2494 3658 2567; baseline 0.002 -18"><span class='ocrx_word' id='word_1_373' title='bbox 2132 2496 2505 2566; x_wconf 83' lang='grc' dir='ltr'>πράττουσιν,</span> <span class='ocrx_word' id='word_1_374' title='bbox 2561 2494 2756 2566; x_wconf 75' lang='grc' dir='ltr'>ἡδονὰς</span> <span class='ocrx_word' id='word_1_375' title='bbox 2805 2495 3025 2558; x_wconf 77' lang='grc' dir='ltr'><strong>ἑαυτοῖς</strong></span> <span class='ocrx_word' id='word_1_376' title='bbox 3087 2495 3445 2565; x_wconf 74' lang='grc' dir='ltr'>ποριζόμενοι.</span> <span class='ocrx_word' id='word_1_377' title='bbox 3482 2498 3536 2549; x_wconf 85' lang='lat' dir='ltr'><strong>0i</strong></span> <span class='ocrx_word' id='word_1_378' title='bbox 3581 2500 3658 2567; x_wconf 81' lang='grc' dir='ltr'><strong>μὲν</strong></span> 
     </span>
    </p>
   </div>
   <div class='ocr_carea' id='block_1_52' title="bbox 2132 2570 3660 2660">
    <p class='ocr_par' dir='ltr' id='par_1_52' title="bbox 2132 2570 3660 2660">
     <span class='ocr_line' id='line_1_52' title="bbox 2132 2570 3660 2660; baseline -0.001 -17"><span class='ocrx_word' id='word_1_379' title='bbox 2132 2589 2440 2660; x_wconf 74' lang='grc' dir='ltr'><strong>ἁδροτέρας</strong></span> <span class='ocrx_word' id='word_1_380' title='bbox 2469 2587 2771 2659; x_wconf 73' lang='grc' dir='ltr'>τραπέζης,</span> <span class='ocrx_word' id='word_1_381' title='bbox 2808 2586 2857 2660; x_wconf 81' lang='grc' dir='ltr'>(ὃ</span> <span class='ocrx_word' id='word_1_382' title='bbox 2898 2588 2994 2640; x_wconf 72' lang='grc' dir='ltr'><strong>καὶ</strong></span> <span class='ocrx_word' id='word_1_383' title='bbox 3037 2587 3248 2651; x_wconf 80' lang='grc' dir='ltr'><strong>Παῦλος</strong></span> <span class='ocrx_word' id='word_1_384' title='bbox 3282 2570 3457 2641; x_wconf 65' lang='grc' dir='ltr'>αὐτῶν</span> <span class='ocrx_word' id='word_1_385' title='bbox 3476 2606 3660 2659; x_wconf 67' lang='grc' dir='ltr'>κατατι-</span> 
     </span>
    </p>
   </div>
   <div class='ocr_carea' id='block_1_53' title="bbox 2132 2678 3660 2751">
    <p class='ocr_par' dir='ltr' id='par_1_53' title="bbox 2132 2678 3660 2751">
     <span class='ocr_line' id='line_1_53' title="bbox 2132 2678 3660 2751; baseline -0.001 -17"><span class='ocrx_word' id='word_1_386' title='bbox 2132 2680 2361 2735; x_wconf 84' lang='grc' dir='ltr'>νώσκων</span> <span class='ocrx_word' id='word_1_387' title='bbox 2391 2679 2579 2750; x_wconf 73' lang='grc' dir='ltr'>φησιν·</span> <span class='ocrx_word' id='word_1_388' title='bbox 2618 2697 2636 2730; x_wconf 80' lang='grc' dir='ltr'><strong>ι</strong></span> <span class='ocrx_word' id='word_1_389' title='bbox 2669 2679 2739 2732; x_wconf 79' lang='lat' dir='ltr'><strong>Oi</strong></span> <span class='ocrx_word' id='word_1_390' title='bbox 2773 2679 2884 2751; x_wconf 83' lang='grc' dir='ltr'><strong>γὰρ</strong></span> <span class='ocrx_word' id='word_1_391' title='bbox 2908 2678 3145 2733; x_wconf 80' lang='grc' dir='ltr'>τοιοῦτοι</span> <span class='ocrx_word' id='word_1_392' title='bbox 3177 2679 3256 2751; x_wconf 80' lang='grc' dir='ltr'>τῷ</span> <span class='ocrx_word' id='word_1_393' title='bbox 3283 2679 3459 2750; x_wconf 77' lang='grc' dir='ltr'>Κυρίῳ</span> <span class='ocrx_word' id='word_1_394' title='bbox 3492 2683 3543 2733; x_wconf 75' lang='grc' dir='ltr'>ού</span> <span class='ocrx_word' id='word_1_395' title='bbox 3568 2681 3660 2733; x_wconf 72' lang='grc' dir='ltr'>δουο</span> 
     </span>
    </p>
   </div>
   <div class='ocr_carea' id='block_1_54' title="bbox 2133 2768 3659 2840">
    <p class='ocr_par' dir='ltr' id='par_1_54' title="bbox 2133 2768 3659 2840">
     <span class='ocr_line' id='line_1_54' title="bbox 2133 2768 3659 2840; baseline -0.004 -16"><span class='ocrx_word' id='word_1_396' title='bbox 2133 2770 2405 2833; x_wconf 73' lang='grc' dir='ltr'>λεύουσιν,</span> <span class='ocrx_word' id='word_1_397' title='bbox 2442 2769 2578 2823; x_wconf 74' lang='grc' dir='ltr'>ἀλλὰ</span> <span class='ocrx_word' id='word_1_398' title='bbox 2608 2772 2675 2840; x_wconf 77' lang='grc' dir='ltr'>τῇ</span> <span class='ocrx_word' id='word_1_399' title='bbox 2714 2770 2924 2823; x_wconf 81' lang='grc' dir='ltr'><strong>ἑαυτῶν</strong></span> <span class='ocrx_word' id='word_1_400' title='bbox 2958 2768 3166 2839; x_wconf 70' lang='grc' dir='ltr'>κοιλίᾳ,</span> <span class='ocrx_word' id='word_1_401' title='bbox 3204 2770 3252 2836; x_wconf 77' lang='grc' dir='ltr'><strong>ι)</strong></span> <span class='ocrx_word' id='word_1_402' title='bbox 3289 2769 3336 2822; x_wconf 74' lang='grc' dir='ltr'>οἱ</span> <span class='ocrx_word' id='word_1_403' title='bbox 3365 2769 3417 2822; x_wconf 83' lang='grc' dir='ltr'>δὲ</span> <span class='ocrx_word' id='word_1_404' title='bbox 3458 2772 3659 2838; x_wconf 74' lang='grc' dir='ltr'>κτήσεως</span> 
     </span>
    </p>
   </div>
   <div class='ocr_carea' id='block_1_55' title="bbox 2133 2861 3660 2934">
    <p class='ocr_par' dir='ltr' id='par_1_55' title="bbox 2133 2861 3660 2934">
     <span class='ocr_line' id='line_1_55' title="bbox 2133 2861 3660 2934; baseline -0.003 -18"><span class='ocrx_word' id='word_1_405' title='bbox 2133 2862 2403 2934; x_wconf 66' lang='grc' dir='ltr'>λαμπρῶν</span> <span class='ocrx_word' id='word_1_406' title='bbox 2438 2862 2627 2933; x_wconf 79' lang='grc' dir='ltr'>ἀγρῶν</span> <span class='ocrx_word' id='word_1_407' title='bbox 2675 2862 2708 2933; x_wconf 73' lang='grc' dir='ltr'><strong>ἢ</strong></span> <span class='ocrx_word' id='word_1_408' title='bbox 2750 2862 2938 2915; x_wconf 79' lang='grc' dir='ltr'>οἰκιῶν</span> <span class='ocrx_word' id='word_1_409' title='bbox 2970 2861 3354 2932; x_wconf 81' lang='grc' dir='ltr'>ὀριγνώμενοι.</span> <span class='ocrx_word' id='word_1_410' title='bbox 3395 2861 3572 2923; x_wconf 79' lang='grc' dir='ltr'>Ἀλλοι,</span> <span class='ocrx_word' id='word_1_411' title='bbox 3599 2862 3660 2912; x_wconf 79' lang='grc' dir='ltr'><strong>οἱ·</strong></span> 
     </span>
    </p>
   </div>
   <div class='ocr_carea' id='block_1_56' title="bbox 2134 2951 3663 3027">
    <p class='ocr_par' dir='ltr' id='par_1_56' title="bbox 2134 2951 3663 3027">
     <span class='ocr_line' id='line_1_56' title="bbox 2134 2951 3663 3027; baseline -0.005 -16"><span class='ocrx_word' id='word_1_412' title='bbox 2134 2956 2355 3011; x_wconf 77' lang='grc' dir='ltr'>κετεὶαν</span> <span class='ocrx_word' id='word_1_413' title='bbox 2387 2955 2840 3027; x_wconf 74' lang='grc' dir='ltr'>περιϐαλέσθαιῆ</span> <span class='ocrx_word' id='word_1_414' title='bbox 2876 2955 3178 3017; x_wconf 76' lang='grc' dir='ltr'><strong>συνοικίας.</strong></span> <span class='ocrx_word' id='word_1_415' title='bbox 3210 2953 3395 3017; x_wconf 81' lang='grc' dir='ltr'>Ἀλλος</span> <span class='ocrx_word' id='word_1_416' title='bbox 3417 2953 3468 3007; x_wconf 81' lang='grc' dir='ltr'>δὲ</span> <span class='ocrx_word' id='word_1_417' title='bbox 3492 2951 3663 3006; x_wconf 63' lang='lat' dir='ltr'><strong>arma</strong></span> 
     </span>
    </p>
   </div>
   <div class='ocr_carea' id='block_1_57' title="bbox 2131 3046 3664 3137">
    <p class='ocr_par' dir='ltr' id='par_1_57' title="bbox 2131 3046 3664 3137">
     <span class='ocr_line' id='line_1_57' title="bbox 2131 3046 3664 3137; baseline -0.005 -36"><span class='ocrx_word' id='word_1_418' title='bbox 2131 3065 2206 3101; x_wconf 90' lang='grc' dir='ltr'>τι.</span> <span class='ocrx_word' id='word_1_419' title='bbox 2242 3048 2380 3117; x_wconf 78' lang='grc' dir='ltr'>Περὶ</span> <span class='ocrx_word' id='word_1_420' title='bbox 2411 3046 2447 3101; x_wconf 78' lang='grc' dir='ltr'><strong>δι</strong></span> <span class='ocrx_word' id='word_1_421' title='bbox 2491 3049 2519 3102; x_wconf 86' lang='grc' dir='ltr'>ὁ</span> <span class='ocrx_word' id='word_1_422' title='bbox 2550 3047 2787 3117; x_wconf 69' lang='grc' dir='ltr'>πονηρὸς</span> <span class='ocrx_word' id='word_1_423' title='bbox 2825 3047 3013 3137; x_wconf 54' lang='grc' dir='ltr'>αὐτοῖς</span> <span class='ocrx_word' id='word_1_424' title='bbox 3060 3046 3400 3116; x_wconf 79' lang='grc' dir='ltr'><strong>ὑποτίθησιν,</strong></span> <span class='ocrx_word' id='word_1_425' title='bbox 3434 3046 3664 3114; x_wconf 76' lang='grc' dir='ltr'>ἀποτυλᾷν</span> 
     </span>
    </p>
   </div>
   <div class='ocr_carea' id='block_1_58' title="bbox 2133 3136 3667 3209">
    <p class='ocr_par' dir='ltr' id='par_1_58' title="bbox 2133 3136 3667 3209">
     <span class='ocr_line' id='line_1_58' title="bbox 2133 3136 3667 3209; baseline -0.004 -16"><span class='ocrx_word' id='word_1_426' title='bbox 2133 3140 2336 3203; x_wconf 72' lang='grc' dir='ltr'>αὐτοὺς</span> <span class='ocrx_word' id='word_1_427' title='bbox 2381 3139 2481 3208; x_wconf 78' lang='grc' dir='ltr'>τῆς</span> <span class='ocrx_word' id='word_1_428' title='bbox 2513 3139 2727 3193; x_wconf 79' lang='grc' dir='ltr'>ἑαυτῶν</span> <span class='ocrx_word' id='word_1_429' title='bbox 2775 3138 3175 3209; x_wconf 70' lang='grc' dir='ltr'><strong>μηχανώμενος</strong></span> <span class='ocrx_word' id='word_1_430' title='bbox 3203 3138 3485 3209; x_wconf 82' lang='grc' dir='ltr'>σωτηρίας.</span> <span class='ocrx_word' id='word_1_431' title='bbox 3513 3136 3667 3188; x_wconf 74' lang='grc' dir='ltr'>«Ἑπι-</span> 
     </span>
    </p>
   </div>
   <div class='ocr_carea' id='block_1_59' title="bbox 437 3219 2024 3305">
    <p class='ocr_par' dir='ltr' id='par_1_59' title="bbox 437 3219 2024 3305">
     <span class='ocr_line' id='line_1_59' title="bbox 437 3219 2024 3305; baseline -0.004 -11"><span class='ocrx_word' id='word_1_432' title='bbox 437 3236 698 3294; x_wconf 89' lang='lat' dir='ltr'><strong>conando</strong></span> <span class='ocrx_word' id='word_1_433' title='bbox 726 3234 940 3291; x_wconf 91' lang='lat' dir='ltr'><strong>illorum</strong></span> <span class='ocrx_word' id='word_1_434' title='bbox 966 3232 1270 3305; x_wconf 81' lang='lat' dir='ltr'><strong>deprardari</strong></span> <span class='ocrx_word' id='word_1_435' title='bbox 1304 3232 1538 3287; x_wconf 91' lang='lat' dir='ltr'><strong>animas.</strong></span> <span class='ocrx_word' id='word_1_436' title='bbox 1579 3251 1598 3283; x_wconf 78' lang='grc' dir='ltr'><strong>ι</strong></span> <span class='ocrx_word' id='word_1_437' title='bbox 1631 3219 2024 3302; x_wconf 76' lang='lat' dir='ltr'><strong>concupiscitis</strong></span> 
     </span>
    </p>
   </div>
   <div class='ocr_carea' id='block_1_60' title="bbox 2130 3219 3667 3305">
    <p class='ocr_par' dir='ltr' id='par_1_60' title="bbox 2135 3229 3667 3302">
     <span class='ocr_line' id='line_1_60' title="bbox 2135 3229 3667 3302; baseline -0.003 -18"><span class='ocrx_word' id='word_1_438' title='bbox 2135 3230 2359 3302; x_wconf 87' lang='grc' dir='ltr'>θυμεῖτε</span> <span class='ocrx_word' id='word_1_439' title='bbox 2421 3233 2514 3285; x_wconf 78' lang='grc' dir='ltr'>καὶ</span> <span class='ocrx_word' id='word_1_440' title='bbox 2575 3232 2677 3285; x_wconf 77' lang='grc' dir='ltr'><strong>οὐκ</strong></span> <span class='ocrx_word' id='word_1_441' title='bbox 2724 3231 2898 3302; x_wconf 77' lang='grc' dir='ltr'>ἔχετε.</span> <span class='ocrx_word' id='word_1_442' title='bbox 2932 3249 2952 3283; x_wconf 76' lang='grc' dir='ltr'>ι</span> <span class='ocrx_word' id='word_1_443' title='bbox 2993 3230 3153 3286; x_wconf 78' lang='grc' dir='ltr'><strong>Κατὰ</strong></span> <span class='ocrx_word' id='word_1_444' title='bbox 3207 3230 3353 3283; x_wconf 81' lang='grc' dir='ltr'>θέσιν</span> <span class='ocrx_word' id='word_1_445' title='bbox 3411 3230 3497 3283; x_wconf 79' lang='grc' dir='ltr'>καὶ</span> <span class='ocrx_word' id='word_1_446' title='bbox 3541 3229 3667 3299; x_wconf 81' lang='grc' dir='ltr'>ἄρσιν</span> 
     </span>
    </p>
   </div>
   <div class='ocr_carea' id='block_1_61' title="bbox 433 3323 2026 3396">
    <p class='ocr_par' dir='ltr' id='par_1_61' title="bbox 433 3323 2026 3396">
     <span class='ocr_line' id='line_1_61' title="bbox 433 3323 2026 3396; baseline -0.004 -12"><span class='ocrx_word' id='word_1_447' title='bbox 433 3339 489 3384; x_wconf 88' lang='lat' dir='ltr'><strong>et</strong></span> <span class='ocrx_word' id='word_1_448' title='bbox 510 3344 620 3383; x_wconf 92' lang='lat' dir='ltr'><strong>non</strong></span> <span class='ocrx_word' id='word_1_449' title='bbox 653 3325 887 3392; x_wconf 84' lang='lat' dir='ltr'><strong>habetis,</strong></span> <span class='ocrx_word' id='word_1_450' title='bbox 917 3345 936 3378; x_wconf 76' lang='grc' dir='ltr'><strong>ι</strong></span> <span class='ocrx_word' id='word_1_451' title='bbox 969 3333 1075 3381; x_wconf 88' lang='lat' dir='ltr'><strong>etc.</strong></span> <span class='ocrx_word' id='word_1_452' title='bbox 1106 3325 1206 3380; x_wconf 81' lang='lat' dir='ltr'><strong>Per</strong></span> <span class='ocrx_word' id='word_1_453' title='bbox 1235 3324 1385 3378; x_wconf 77' lang='grc' dir='ltr'>θέσιν</span> <span class='ocrx_word' id='word_1_454' title='bbox 1411 3332 1466 3379; x_wconf 91' lang='lat' dir='ltr'><strong>et</strong></span> <span class='ocrx_word' id='word_1_455' title='bbox 1499 3323 1681 3396; x_wconf 82' lang='grc' dir='ltr'>ἄρσιν,</span> <span class='ocrx_word' id='word_1_456' title='bbox 1716 3324 1769 3378; x_wconf 90' lang='lat' dir='ltr'><strong>id</strong></span> <span class='ocrx_word' id='word_1_457' title='bbox 1806 3332 1889 3379; x_wconf 86' lang='lat' dir='ltr'><strong>est</strong></span> <span class='ocrx_word' id='word_1_458' title='bbox 1924 3338 2026 3394; x_wconf 79' lang='lat' dir='ltr'><strong>po-</strong></span> 
     </span>
    </p>
   </div>
   <div class='ocr_carea' id='block_1_62' title="bbox 438 3417 2025 3488">
    <p class='ocr_par' dir='ltr' id='par_1_62' title="bbox 438 3417 2025 3488">
     <span class='ocr_line' id='line_1_62' title="bbox 438 3417 2025 3488; baseline -0.002 -13"><span class='ocrx_word' id='word_1_459' title='bbox 438 3419 696 3475; x_wconf 90' lang='lat' dir='ltr'><strong>sitionem</strong></span> <span class='ocrx_word' id='word_1_460' title='bbox 744 3426 799 3471; x_wconf 89' lang='lat' dir='ltr'><strong>et</strong></span> <span class='ocrx_word' id='word_1_461' title='bbox 842 3417 1174 3472; x_wconf 88' lang='lat' dir='ltr'><strong>ablationem</strong></span> <span class='ocrx_word' id='word_1_462' title='bbox 1229 3417 1525 3488; x_wconf 86' lang='lat' dir='ltr'><strong>procedit:</strong></span> <span class='ocrx_word' id='word_1_463' title='bbox 1563 3433 1685 3472; x_wconf 89' lang='lat' dir='ltr'><strong>cum</strong></span> <span class='ocrx_word' id='word_1_464' title='bbox 1730 3417 1899 3472; x_wconf 86' lang='lat' dir='ltr'><strong>thesis</strong></span> <span class='ocrx_word' id='word_1_465' title='bbox 1936 3431 2025 3472; x_wconf 87' lang='lat' dir='ltr'><strong>as-</strong></span> 
     </span>
    </p>
   </div>
   <div class='ocr_carea' id='block_1_63' title="bbox 436 3510 2025 3581">
    <p class='ocr_par' dir='ltr' id='par_1_63' title="bbox 436 3510 2025 3581">
     <span class='ocr_line' id='line_1_63' title="bbox 436 3510 2025 3581; baseline -0.001 -14"><span class='ocrx_word' id='word_1_466' title='bbox 436 3512 673 3568; x_wconf 84' lang='lat' dir='ltr'><strong>sumitur</strong></span> <span class='ocrx_word' id='word_1_467' title='bbox 734 3518 962 3581; x_wconf 84' lang='lat' dir='ltr'><strong>propter</strong></span> <span class='ocrx_word' id='word_1_468' title='bbox 1008 3510 1440 3576; x_wconf 87' lang='lat' dir='ltr'><strong>absurditatem,</strong></span> <span class='ocrx_word' id='word_1_469' title='bbox 1486 3510 1797 3565; x_wconf 85' lang='lat' dir='ltr'><strong>absurditas</strong></span> <span class='ocrx_word' id='word_1_470' title='bbox 1840 3518 2025 3565; x_wconf 88' lang='lat' dir='ltr'><strong>autem</strong></span> 
     </span>
    </p>
   </div>
   <div class='ocr_carea' id='block_1_64' title="bbox 439 3602 2022 3675">
    <p class='ocr_par' dir='ltr' id='par_1_64' title="bbox 439 3602 2022 3675">
     <span class='ocr_line' id='line_1_64' title="bbox 439 3602 2022 3675; baseline -0.001 -18"><span class='ocrx_word' id='word_1_471' title='bbox 439 3612 736 3675; x_wconf 88' lang='lat' dir='ltr'><strong>propterea</strong></span> <span class='ocrx_word' id='word_1_472' title='bbox 769 3603 915 3672; x_wconf 90' lang='lat' dir='ltr'><strong>quod</strong></span> <span class='ocrx_word' id='word_1_473' title='bbox 959 3602 1315 3658; x_wconf 89' lang='lat' dir='ltr'><strong>incitamenta</strong></span> <span class='ocrx_word' id='word_1_474' title='bbox 1347 3602 1645 3673; x_wconf 72' lang='lat' dir='ltr'><strong>voluptatis</strong></span> <span class='ocrx_word' id='word_1_475' title='bbox 1673 3610 1859 3672; x_wconf 76' lang='lat' dir='ltr'><strong>postea</strong></span> <span class='ocrx_word' id='word_1_476' title='bbox 1889 3616 2022 3657; x_wconf 88' lang='lat' dir='ltr'><strong>con-</strong></span> 
     </span>
    </p>
   </div>
   <div class='ocr_carea' id='block_1_65' title="bbox 434 3690 2023 3764">
    <p class='ocr_par' dir='ltr' id='par_1_65' title="bbox 434 3690 2023 3764">
     <span class='ocr_line' id='line_1_65' title="bbox 434 3690 2023 3764; baseline -0.001 -16"><span class='ocrx_word' id='word_1_477' title='bbox 434 3693 743 3763; x_wconf 89' lang='lat' dir='ltr'><strong>spiciantur</strong></span> <span class='ocrx_word' id='word_1_478' title='bbox 780 3695 955 3749; x_wconf 87' lang='lat' dir='ltr'><strong>latere</strong></span> <span class='ocrx_word' id='word_1_479' title='bbox 979 3694 1032 3748; x_wconf 91' lang='lat' dir='ltr'><strong>in</strong></span> <span class='ocrx_word' id='word_1_480' title='bbox 1068 3692 1228 3748; x_wconf 90' lang='lat' dir='ltr'><strong>thesi.</strong></span> <span class='ocrx_word' id='word_1_481' title='bbox 1257 3690 1394 3748; x_wconf 85' lang='lat' dir='ltr'><strong>Nam</strong></span> <span class='ocrx_word' id='word_1_482' title='bbox 1422 3701 1478 3748; x_wconf 91' lang='lat' dir='ltr'><strong>et</strong></span> <span class='ocrx_word' id='word_1_483' title='bbox 1499 3692 1941 3764; x_wconf 88' lang='lat' dir='ltr'><strong>concupiscentia</strong></span> <span class='ocrx_word' id='word_1_484' title='bbox 1969 3693 2023 3747; x_wconf 91' lang='lat' dir='ltr'><strong>in</strong></span> 
     </span>
    </p>
   </div>
   <div class='ocr_carea' id='block_1_66' title="bbox 441 3784 2022 3858">
    <p class='ocr_par' dir='ltr' id='par_1_66' title="bbox 441 3784 2022 3858">
     <span class='ocr_line' id='line_1_66' title="bbox 441 3784 2022 3858; baseline -0.002 -18"><span class='ocrx_word' id='word_1_485' title='bbox 441 3784 791 3858; x_wconf 81' lang='lat' dir='ltr'><strong>perfectione</strong></span> <span class='ocrx_word' id='word_1_486' title='bbox 838 3785 1179 3855; x_wconf 79' lang='lat' dir='ltr'><strong>voluptatum</strong></span> <span class='ocrx_word' id='word_1_487' title='bbox 1212 3784 1405 3840; x_wconf 85' lang='lat' dir='ltr'><strong>linitur</strong></span> <span class='ocrx_word' id='word_1_488' title='bbox 1433 3794 1490 3841; x_wconf 87' lang='lat' dir='ltr'><strong>et</strong></span> <span class='ocrx_word' id='word_1_489' title='bbox 1514 3785 1690 3840; x_wconf 61' lang='lat' dir='ltr'><strong>cades</strong></span> <span class='ocrx_word' id='word_1_490' title='bbox 1725 3785 2022 3852; x_wconf 79' lang='lat' dir='ltr'><strong>aemulatio,</strong></span> 
     </span>
    </p>
   </div>
   <div class='ocr_carea' id='block_1_67' title="bbox 433 3873 2026 3948">
    <p class='ocr_par' dir='ltr' id='par_1_67' title="bbox 433 3873 2026 3948">
     <span class='ocr_line' id='line_1_67' title="bbox 433 3873 2026 3948; baseline -0.004 -13"><span class='ocrx_word' id='word_1_491' title='bbox 433 3891 728 3948; x_wconf 77' lang='lat' dir='ltr'><strong>pugnaque</strong></span> <span class='ocrx_word' id='word_1_492' title='bbox 767 3875 1022 3932; x_wconf 89' lang='lat' dir='ltr'><strong>similiter</strong></span> <span class='ocrx_word' id='word_1_493' title='bbox 1052 3889 1118 3930; x_wconf 89' lang='lat' dir='ltr'><strong>ac</strong></span> <span class='ocrx_word' id='word_1_494' title='bbox 1147 3873 1350 3931; x_wconf 82' lang='lat' dir='ltr'><strong>bellum</strong></span> <span class='ocrx_word' id='word_1_495' title='bbox 1380 3890 1490 3930; x_wconf 93' lang='lat' dir='ltr'><strong>non</strong></span> <span class='ocrx_word' id='word_1_496' title='bbox 1520 3884 1650 3931; x_wconf 89' lang='lat' dir='ltr'><strong>sunt</strong></span> <span class='ocrx_word' id='word_1_497' title='bbox 1677 3875 1820 3931; x_wconf 83' lang='lat' dir='ltr'><strong>bona</strong></span> <span class='ocrx_word' id='word_1_498' title='bbox 1851 3892 1866 3928; x_wconf 87' lang='lat'><strong>:</strong></span> <span class='ocrx_word' id='word_1_499' title='bbox 1902 3875 2026 3930; x_wconf 89' lang='lat' dir='ltr'><strong>ideo</strong></span> 
     </span>
    </p>
   </div>
   <div class='ocr_carea' id='block_1_68' title="bbox 432 3966 2028 4040">
    <p class='ocr_par' dir='ltr' id='par_1_68' title="bbox 432 3966 2028 4040">
     <span class='ocr_line' id='line_1_68' title="bbox 432 3966 2028 4040; baseline -0.001 -17"><span class='ocrx_word' id='word_1_500' title='bbox 432 3983 615 4040; x_wconf 85' lang='lat' dir='ltr'><strong>neque</strong></span> <span class='ocrx_word' id='word_1_501' title='bbox 650 3967 741 4022; x_wconf 88' lang='lat' dir='ltr'><strong>illa</strong></span> <span class='ocrx_word' id='word_1_502' title='bbox 779 3975 1193 4037; x_wconf 88' lang='lat' dir='ltr'><strong>consequuntur</strong></span> <span class='ocrx_word' id='word_1_503' title='bbox 1234 3981 1471 4037; x_wconf 88' lang='lat' dir='ltr'><strong>quorum</strong></span> <span class='ocrx_word' id='word_1_504' title='bbox 1510 3981 1677 4021; x_wconf 89' lang='lat' dir='ltr'><strong>causa</strong></span> <span class='ocrx_word' id='word_1_505' title='bbox 1714 3966 1834 4023; x_wconf 68' lang='lat' dir='ltr'><strong>haec</strong></span> <span class='ocrx_word' id='word_1_506' title='bbox 1892 3967 2028 4022; x_wconf 79' lang='lat' dir='ltr'><strong>alle-</strong></span> 
     </span>
    </p>
   </div>
   <div class='ocr_carea' id='block_1_69' title="bbox 435 4055 2026 4128">
    <p class='ocr_par' dir='ltr' id='par_1_69' title="bbox 435 4055 2026 4128">
     <span class='ocr_line' id='line_1_69' title="bbox 435 4055 2026 4128; baseline -0.001 -15"><span class='ocrx_word' id='word_1_507' title='bbox 435 4065 608 4113; x_wconf 88' lang='lat' dir='ltr'><strong>ctant.</strong></span> <span class='ocrx_word' id='word_1_508' title='bbox 640 4055 1201 4112; x_wconf 82' lang='lat' dir='ltr'><strong>Animadvertendum</strong></span> <span class='ocrx_word' id='word_1_509' title='bbox 1252 4064 1336 4110; x_wconf 90' lang='lat' dir='ltr'><strong>est</strong></span> <span class='ocrx_word' id='word_1_510' title='bbox 1382 4065 1565 4112; x_wconf 87' lang='lat' dir='ltr'><strong>autem</strong></span> <span class='ocrx_word' id='word_1_511' title='bbox 1601 4055 1704 4111; x_wconf 87' lang='lat' dir='ltr'><strong>hoc</strong></span> <span class='ocrx_word' id='word_1_512' title='bbox 1735 4057 1854 4113; x_wconf 90' lang='lat' dir='ltr'><strong>loco</strong></span> <span class='ocrx_word' id='word_1_513' title='bbox 1880 4057 2026 4128; x_wconf 91' lang='lat' dir='ltr'><strong>quod</strong></span> 
     </span>
    </p>
   </div>
   <div class='ocr_carea' id='block_1_70' title="bbox 433 4142 2024 4215">
    <p class='ocr_par' dir='ltr' id='par_1_70' title="bbox 433 4142 2024 4215">
     <span class='ocr_line' id='line_1_70' title="bbox 433 4142 2024 4215; baseline -0.002 -12"><span class='ocrx_word' id='word_1_514' title='bbox 433 4146 640 4203; x_wconf 65' lang='lat' dir='ltr'><strong>caedem</strong></span> <span class='ocrx_word' id='word_1_515' title='bbox 692 4153 749 4201; x_wconf 90' lang='lat' dir='ltr'><strong>et</strong></span> <span class='ocrx_word' id='word_1_516' title='bbox 797 4143 1001 4202; x_wconf 89' lang='lat' dir='ltr'><strong>bellum</strong></span> <span class='ocrx_word' id='word_1_517' title='bbox 1044 4142 1177 4199; x_wconf 90' lang='lat' dir='ltr'><strong>dicit</strong></span> <span class='ocrx_word' id='word_1_518' title='bbox 1219 4157 1332 4198; x_wconf 90' lang='lat' dir='ltr'><strong>non</strong></span> <span class='ocrx_word' id='word_1_519' title='bbox 1365 4144 1712 4215; x_wconf 87' lang='lat' dir='ltr'><strong>corporalia:</strong></span> <span class='ocrx_word' id='word_1_520' title='bbox 1741 4146 1847 4201; x_wconf 86' lang='lat' dir='ltr'><strong>hoc</strong></span> <span class='ocrx_word' id='word_1_521' title='bbox 1876 4146 2024 4201; x_wconf 88' lang='lat' dir='ltr'><strong>enim</strong></span> 
     </span>
    </p>
   </div>
   <div class='ocr_carea' id='block_1_71' title="bbox 434 4233 2025 4311">
    <p class='ocr_par' dir='ltr' id='par_1_71' title="bbox 434 4233 2025 4311">
     <span class='ocr_line' id='line_1_71' title="bbox 434 4233 2025 4311; baseline -0.002 -18"><span class='ocrx_word' id='word_1_522' title='bbox 434 4252 599 4311; x_wconf 72' lang='lat' dir='ltr'><strong>grave</strong></span> <span class='ocrx_word' id='word_1_523' title='bbox 645 4244 794 4292; x_wconf 89' lang='lat' dir='ltr'><strong>esset</strong></span> <span class='ocrx_word' id='word_1_524' title='bbox 841 4236 1008 4291; x_wconf 87' lang='lat' dir='ltr'><strong>etiam</strong></span> <span class='ocrx_word' id='word_1_525' title='bbox 1055 4234 1124 4289; x_wconf 90' lang='lat' dir='ltr'><strong>de</strong></span> <span class='ocrx_word' id='word_1_526' title='bbox 1171 4233 1482 4289; x_wconf 84' lang='lat' dir='ltr'><strong>latronibus</strong></span> <span class='ocrx_word' id='word_1_527' title='bbox 1521 4235 1810 4306; x_wconf 79' lang='lat' dir='ltr'><strong>cogitare:</strong></span> <span class='ocrx_word' id='word_1_528' title='bbox 1852 4236 2025 4291; x_wconf 87' lang='lat' dir='ltr'><strong>multo</strong></span> 
     </span>
    </p>
   </div>
   <div class='ocr_carea' id='block_1_72' title="bbox 368 4324 2024 4408">
    <p class='ocr_par' dir='ltr' id='par_1_72' title="bbox 368 4324 2024 4408">
     <span class='ocr_line' id='line_1_72' title="bbox 368 4324 2024 4408; baseline -0.004 -21"><span class='ocrx_word' id='word_1_529' title='bbox 368 4396 387 4408; x_wconf 37' lang='grc' dir='ltr'><strong><em>ν</em></strong></span> <span class='ocrx_word' id='word_1_530' title='bbox 434 4341 564 4401; x_wconf 77' lang='lat' dir='ltr'><strong>ergo</strong></span> <span class='ocrx_word' id='word_1_531' title='bbox 589 4329 772 4385; x_wconf 90' lang='lat' dir='ltr'><strong>minus</strong></span> <span class='ocrx_word' id='word_1_532' title='bbox 791 4327 858 4384; x_wconf 86' lang='lat' dir='ltr'><strong>de</strong></span> <span class='ocrx_word' id='word_1_533' title='bbox 883 4326 970 4382; x_wconf 87' lang='lat' dir='ltr'><strong>his</strong></span> <span class='ocrx_word' id='word_1_534' title='bbox 993 4324 1086 4395; x_wconf 91' lang='lat' dir='ltr'><strong>qui</strong></span> <span class='ocrx_word' id='word_1_535' title='bbox 1114 4324 1456 4395; x_wconf 89' lang='lat' dir='ltr'><strong>aliquantum</strong></span> <span class='ocrx_word' id='word_1_536' title='bbox 1481 4324 1671 4381; x_wconf 86' lang='lat' dir='ltr'><strong>ﬁdeles</strong></span> <span class='ocrx_word' id='word_1_537' title='bbox 1694 4335 1870 4392; x_wconf 89' lang='lat' dir='ltr'><strong>erant,</strong></span> <span class='ocrx_word' id='word_1_538' title='bbox 1889 4326 2024 4381; x_wconf 86' lang='lat' dir='ltr'><strong>etad</strong></span> 
     </span>
    </p>
   </div>
   <div class='ocr_carea' id='block_1_73' title="bbox 432 4416 2027 4485">
    <p class='ocr_par' dir='ltr' id='par_1_73' title="bbox 432 4416 2027 4485">
     <span class='ocr_line' id='line_1_73' title="bbox 432 4416 2027 4485; baseline -0.004 -7"><span class='ocrx_word' id='word_1_539' title='bbox 432 4423 726 4477; x_wconf 88' lang='lat' dir='ltr'><strong>Dominum</strong></span> <span class='ocrx_word' id='word_1_540' title='bbox 774 4419 1134 4476; x_wconf 86' lang='lat' dir='ltr'><strong>accedebant.</strong></span> <span class='ocrx_word' id='word_1_541' title='bbox 1189 4416 1298 4473; x_wconf 89' lang='lat' dir='ltr'><strong>Sed</strong></span> <span class='ocrx_word' id='word_1_542' title='bbox 1336 4424 1398 4472; x_wconf 89' lang='lat' dir='ltr'><strong>ut</strong></span> <span class='ocrx_word' id='word_1_543' title='bbox 1446 4417 1579 4472; x_wconf 89' lang='lat' dir='ltr'><strong>mihi</strong></span> <span class='ocrx_word' id='word_1_544' title='bbox 1613 4417 1850 4485; x_wconf 88' lang='lat' dir='ltr'><strong>videtur,</strong></span> <span class='ocrx_word' id='word_1_545' title='bbox 1879 4419 2027 4473; x_wconf 84' lang='lat' dir='ltr'><strong>occi-</strong></span> 
     </span>
    </p>
   </div>
   <div class='ocr_carea' id='block_1_74' title="bbox 434 4507 2023 4583">
    <p class='ocr_par' dir='ltr' id='par_1_74' title="bbox 434 4507 2023 4583">
     <span class='ocr_line' id='line_1_74' title="bbox 434 4507 2023 4583; baseline -0.004 -15"><span class='ocrx_word' id='word_1_546' title='bbox 434 4514 565 4568; x_wconf 74' lang='lat' dir='ltr'><strong>dere</strong></span> <span class='ocrx_word' id='word_1_547' title='bbox 590 4511 849 4569; x_wconf 58' lang='lat' dir='ltr'><strong>(“runtur</strong></span> <span class='ocrx_word' id='word_1_548' title='bbox 877 4508 954 4562; x_wconf 93' lang='lat' dir='ltr'><strong>illi</strong></span> <span class='ocrx_word' id='word_1_549' title='bbox 982 4507 1075 4578; x_wconf 89' lang='lat' dir='ltr'><strong>qui</strong></span> <span class='ocrx_word' id='word_1_550' title='bbox 1106 4507 1416 4583; x_wconf 83' lang='lat' dir='ltr'><strong>temerariis</strong></span> <span class='ocrx_word' id='word_1_551' title='bbox 1445 4507 1531 4561; x_wconf 90' lang='lat' dir='ltr'><strong>his</strong></span> <span class='ocrx_word' id='word_1_552' title='bbox 1554 4507 1841 4562; x_wconf 84' lang='lat' dir='ltr'><strong>conatibus</strong></span> <span class='ocrx_word' id='word_1_553' title='bbox 1869 4522 2023 4561; x_wconf 88' lang='lat' dir='ltr'><strong>suam</strong></span> 
     </span>
    </p>
   </div>
   <div class='ocr_carea' id='block_1_75' title="bbox 2131 3322 3663 3395">
    <p class='ocr_par' dir='ltr' id='par_1_75' title="bbox 2131 3322 3663 3395">
     <span class='ocr_line' id='line_1_75' title="bbox 2131 3322 3663 3395; baseline -0.002 -18"><span class='ocrx_word' id='word_1_554' title='bbox 2131 3324 2346 3394; x_wconf 82' lang='grc' dir='ltr'>πρόεισι</span> <span class='ocrx_word' id='word_1_555' title='bbox 2394 3322 2497 3394; x_wconf 79' lang='grc' dir='ltr'>τῆς</span> <span class='ocrx_word' id='word_1_556' title='bbox 2550 3323 2776 3388; x_wconf 78' lang='grc' dir='ltr'><strong>θέσεως,</strong></span> <span class='ocrx_word' id='word_1_557' title='bbox 2811 3325 3220 3395; x_wconf 77' lang='grc' dir='ltr'><strong>ἀναιρουμένης</strong></span> <span class='ocrx_word' id='word_1_558' title='bbox 3265 3323 3351 3376; x_wconf 67' lang='grc' dir='ltr'><strong>διὰ</strong></span> <span class='ocrx_word' id='word_1_559' title='bbox 3379 3323 3436 3375; x_wconf 64' lang='grc' dir='ltr'><strong>τι</strong></span> <span class='ocrx_word' id='word_1_560' title='bbox 3482 3322 3663 3376; x_wconf 76' lang='grc' dir='ltr'>ἄτοπον.</span> 
     </span>
    </p>
   </div>
   <div class='ocr_carea' id='block_1_76' title="bbox 2129 3414 3667 3486">
    <p class='ocr_par' dir='ltr' id='par_1_76' title="bbox 2129 3414 3667 3486">
     <span class='ocr_line' id='line_1_76' title="bbox 2129 3414 3667 3486; baseline -0.003 -17"><span class='ocrx_word' id='word_1_561' title='bbox 2129 3417 2203 3469; x_wconf 82' lang='grc' dir='ltr'><strong>Τὸ</strong></span> <span class='ocrx_word' id='word_1_562' title='bbox 2231 3415 2289 3469; x_wconf 77' lang='grc' dir='ltr'>δὲ</span> <span class='ocrx_word' id='word_1_563' title='bbox 2345 3414 2547 3470; x_wconf 80' lang='grc' dir='ltr'>ἄτοπον</span> <span class='ocrx_word' id='word_1_564' title='bbox 2601 3415 2689 3469; x_wconf 76' lang='grc' dir='ltr'>διὰ</span> <span class='ocrx_word' id='word_1_565' title='bbox 2719 3416 2779 3469; x_wconf 78' lang='grc' dir='ltr'>τὸ</span> <span class='ocrx_word' id='word_1_566' title='bbox 2832 3416 3027 3486; x_wconf 69' lang='grc' dir='ltr'>ἡδονῆς</span> <span class='ocrx_word' id='word_1_567' title='bbox 3068 3416 3464 3486; x_wconf 82' lang='grc' dir='ltr'>ὑπεκκαύματα</span> <span class='ocrx_word' id='word_1_568' title='bbox 3491 3414 3667 3483; x_wconf 76' lang='grc' dir='ltr'><strong>μέλλειν</strong></span> 
     </span>
    </p>
   </div>
   <div class='ocr_carea' id='block_1_77' title="bbox 2129 3504 3668 3578">
    <p class='ocr_par' dir='ltr' id='par_1_77' title="bbox 2129 3504 3668 3578">
     <span class='ocr_line' id='line_1_77' title="bbox 2129 3504 3668 3578; baseline -0.001 -18"><span class='ocrx_word' id='word_1_569' title='bbox 2129 3507 2351 3561; x_wconf 77' lang='grc' dir='ltr'>ἔσεσθαι</span> <span class='ocrx_word' id='word_1_570' title='bbox 2396 3507 2483 3569; x_wconf 64' lang='grc' dir='ltr'>τὰ,</span> <span class='ocrx_word' id='word_1_571' title='bbox 2510 3508 2605 3561; x_wconf 68' lang='grc' dir='ltr'><strong>ἐπὶ</strong></span> <span class='ocrx_word' id='word_1_572' title='bbox 2635 3510 2702 3578; x_wconf 81' lang='grc' dir='ltr'>τῇ</span> <span class='ocrx_word' id='word_1_573' title='bbox 2769 3508 2918 3561; x_wconf 84' lang='grc' dir='ltr'>θέσει</span> <span class='ocrx_word' id='word_1_574' title='bbox 2954 3507 3388 3578; x_wconf 78' lang='grc' dir='ltr'>ἐνθεωρούμενα.</span> <span class='ocrx_word' id='word_1_575' title='bbox 3422 3507 3540 3560; x_wconf 82' lang='grc' dir='ltr'>Ἠτε</span> <span class='ocrx_word' id='word_1_576' title='bbox 3583 3504 3668 3573; x_wconf 73' lang='grc' dir='ltr'><strong>γὰρ</strong></span> 
     </span>
    </p>
   </div>
   <div class='ocr_carea' id='block_1_78' title="bbox 2128 3598 3670 3670">
    <p class='ocr_par' dir='ltr' id='par_1_78' title="bbox 2128 3598 3670 3670">
     <span class='ocr_line' id='line_1_78' title="bbox 2128 3598 3670 3670; baseline -0.002 -19"><span class='ocrx_word' id='word_1_577' title='bbox 2128 3598 2396 3670; x_wconf 71' lang='grc' dir='ltr'>ἐπιθυμία</span> <span class='ocrx_word' id='word_1_578' title='bbox 2462 3601 2521 3652; x_wconf 81' lang='grc' dir='ltr'>ἐν</span> <span class='ocrx_word' id='word_1_579' title='bbox 2575 3598 2779 3668; x_wconf 71' lang='grc' dir='ltr'>ἡδονῶν</span> <span class='ocrx_word' id='word_1_580' title='bbox 2840 3600 3149 3654; x_wconf 75' lang='grc' dir='ltr'>ἐπιτελέσει</span> <span class='ocrx_word' id='word_1_581' title='bbox 3194 3600 3517 3669; x_wconf 76' lang='grc' dir='ltr'><strong>ἀποτελευτᾷ</strong></span> <span class='ocrx_word' id='word_1_582' title='bbox 3561 3598 3584 3650; x_wconf 83' lang='grc' dir='ltr'><strong><em>ὃ</em></strong></span> <span class='ocrx_word' id='word_1_583' title='bbox 3624 3612 3670 3648; x_wconf 78' lang='grc' dir='ltr'><strong>τε</strong></span> 
     </span>
    </p>
   </div>
   <div class='ocr_carea' id='block_1_79' title="bbox 2132 3685 3670 3763">
    <p class='ocr_par' dir='ltr' id='par_1_79' title="bbox 2132 3685 3670 3763">
     <span class='ocr_line' id='line_1_79' title="bbox 2132 3685 3670 3763; baseline -0.005 -18"><span class='ocrx_word' id='word_1_584' title='bbox 2132 3690 2292 3759; x_wconf 78' lang='grc' dir='ltr'>φόνος</span> <span class='ocrx_word' id='word_1_585' title='bbox 2326 3692 2423 3746; x_wconf 75' lang='grc' dir='ltr'>καὶ</span> <span class='ocrx_word' id='word_1_586' title='bbox 2471 3692 2499 3744; x_wconf 85' lang='grc' dir='ltr'><strong>ό</strong></span> <span class='ocrx_word' id='word_1_587' title='bbox 2521 3691 2704 3761; x_wconf 78' lang='grc' dir='ltr'>ζῆλος,</span> <span class='ocrx_word' id='word_1_588' title='bbox 2745 3692 2840 3745; x_wconf 71' lang='grc' dir='ltr'><strong>καὶ</strong></span> <span class='ocrx_word' id='word_1_589' title='bbox 2865 3691 2930 3762; x_wconf 81' lang='grc' dir='ltr'>δὴ</span> <span class='ocrx_word' id='word_1_590' title='bbox 2964 3694 3065 3745; x_wconf 74' lang='grc' dir='ltr'><strong>καὶ</strong></span> <span class='ocrx_word' id='word_1_591' title='bbox 3091 3693 3124 3763; x_wconf 71' lang='grc' dir='ltr'><strong>ἡ</strong></span> <span class='ocrx_word' id='word_1_592' title='bbox 3162 3692 3310 3761; x_wconf 81' lang='grc' dir='ltr'><strong>μάχη</strong></span> <span class='ocrx_word' id='word_1_593' title='bbox 3341 3707 3399 3742; x_wconf 85' lang='grc' dir='ltr'><strong>τε</strong></span> <span class='ocrx_word' id='word_1_594' title='bbox 3432 3689 3565 3744; x_wconf 74' lang='grc' dir='ltr'><strong>καὶὸ</strong></span> <span class='ocrx_word' id='word_1_595' title='bbox 3593 3685 3670 3739; x_wconf 72' lang='grc' dir='ltr'>πόα</span> 
     </span>
    </p>
   </div>
   <div class='ocr_carea' id='block_1_80' title="bbox 2128 3779 3671 3855">
    <p class='ocr_par' dir='ltr' id='par_1_80' title="bbox 2128 3779 3671 3855">
     <span class='ocr_line' id='line_1_80' title="bbox 2128 3779 3671 3855; baseline -0.005 -18"><span class='ocrx_word' id='word_1_596' title='bbox 2128 3781 2294 3853; x_wconf 85' lang='grc' dir='ltr'>λεμος</span> <span class='ocrx_word' id='word_1_597' title='bbox 2324 3784 2426 3837; x_wconf 81' lang='grc' dir='ltr'><strong>οὐκ</strong></span> <span class='ocrx_word' id='word_1_598' title='bbox 2479 3784 2682 3852; x_wconf 81' lang='grc' dir='ltr'><strong>ἀγαθά.</strong></span> <span class='ocrx_word' id='word_1_599' title='bbox 2725 3784 2924 3855; x_wconf 82' lang='grc' dir='ltr'>Διόπερ</span> <span class='ocrx_word' id='word_1_600' title='bbox 2957 3785 3082 3838; x_wconf 77' lang='grc' dir='ltr'>οὐδὲ</span> <span class='ocrx_word' id='word_1_601' title='bbox 3131 3783 3456 3854; x_wconf 79' lang='grc' dir='ltr'>τυγχάνουσι</span> <span class='ocrx_word' id='word_1_602' title='bbox 3482 3779 3671 3844; x_wconf 81' lang='grc' dir='ltr'>τούτων,</span> 
     </span>
    </p>
   </div>
   <div class='ocr_carea' id='block_1_81' title="bbox 2128 3867 3670 3945">
    <p class='ocr_par' dir='ltr' id='par_1_81' title="bbox 2128 3867 3670 3945">
     <span class='ocr_line' id='line_1_81' title="bbox 2128 3867 3670 3945; baseline -0.005 -16"><span class='ocrx_word' id='word_1_603' title='bbox 2128 3867 2204 3929; x_wconf 78' lang='grc' dir='ltr'>ὧν</span> <span class='ocrx_word' id='word_1_604' title='bbox 2231 3874 2418 3928; x_wconf 76' lang='grc' dir='ltr'>ἕνεκεν</span> <span class='ocrx_word' id='word_1_605' title='bbox 2459 3874 2633 3929; x_wconf 76' lang='grc' dir='ltr'>ταῦτα</span> <span class='ocrx_word' id='word_1_606' title='bbox 2664 3875 3106 3945; x_wconf 77' lang='grc' dir='ltr'>ἐπιτηδεύουσιν.</span> <span class='ocrx_word' id='word_1_607' title='bbox 3158 3874 3503 3931; x_wconf 84' lang='grc' dir='ltr'>Ἐπιστατέον</span> <span class='ocrx_word' id='word_1_608' title='bbox 3541 3871 3591 3924; x_wconf 78' lang='grc' dir='ltr'>δὲ</span> <span class='ocrx_word' id='word_1_609' title='bbox 3612 3869 3670 3933; x_wconf 82' lang='grc' dir='ltr'><strong>ὡς</strong></span> 
     </span>
    </p>
   </div>
   <div class='ocr_carea' id='block_1_82' title="bbox 2128 3966 3671 4039">
    <p class='ocr_par' dir='ltr' id='par_1_82' title="bbox 2128 3966 3671 4039">
     <span class='ocr_line' id='line_1_82' title="bbox 2128 3966 3671 4039; baseline -0.005 -18"><span class='ocrx_word' id='word_1_610' title='bbox 2128 3967 2291 4036; x_wconf 84' lang='grc' dir='ltr'>φόνον</span> <span class='ocrx_word' id='word_1_611' title='bbox 2336 3966 2575 4020; x_wconf 77' lang='grc' dir='ltr'>ἐνταῦθα</span> <span class='ocrx_word' id='word_1_612' title='bbox 2624 3969 2722 4022; x_wconf 74' lang='grc' dir='ltr'><strong>καὶ</strong></span> <span class='ocrx_word' id='word_1_613' title='bbox 2752 3968 2988 4039; x_wconf 83' lang='grc' dir='ltr'>πόλεμον</span> <span class='ocrx_word' id='word_1_614' title='bbox 3019 3970 3083 4022; x_wconf 82' lang='grc' dir='ltr'><strong>οὐ</strong></span> <span class='ocrx_word' id='word_1_615' title='bbox 3121 3969 3216 4022; x_wconf 74' lang='grc' dir='ltr'><strong>τὸν</strong></span> <span class='ocrx_word' id='word_1_616' title='bbox 3254 3966 3507 4039; x_wconf 79' lang='grc' dir='ltr'>σαρκικόν</span> <span class='ocrx_word' id='word_1_617' title='bbox 3546 3976 3671 4031; x_wconf 78' lang='grc' dir='ltr'>φησι.</span> 
     </span>
    </p>
   </div>
   <div class='ocr_carea' id='block_1_83' title="bbox 2127 4055 3674 4133">
    <p class='ocr_par' dir='ltr' id='par_1_83' title="bbox 2127 4055 3674 4133">
     <span class='ocr_line' id='line_1_83' title="bbox 2127 4055 3674 4133; baseline -0.003 -20"><span class='ocrx_word' id='word_1_618' title='bbox 2127 4058 2303 4113; x_wconf 77' lang='grc' dir='ltr'>Τοῦτο</span> <span class='ocrx_word' id='word_1_619' title='bbox 2325 4058 2435 4130; x_wconf 84' lang='grc' dir='ltr'><strong>γὰρ</strong></span> <span class='ocrx_word' id='word_1_620' title='bbox 2471 4058 2612 4131; x_wconf 73' lang='grc' dir='ltr'>βαρὺ</span> <span class='ocrx_word' id='word_1_621' title='bbox 2654 4061 2750 4114; x_wconf 64' lang='grc' dir='ltr'><strong>κοιλ¹</strong></span> <span class='ocrx_word' id='word_1_622' title='bbox 2783 4061 2925 4114; x_wconf 84' lang='grc' dir='ltr'>κατὰ</span> <span class='ocrx_word' id='word_1_623' title='bbox 2979 4061 3204 4133; x_wconf 71' lang='grc' dir='ltr'>λῃστῶν</span> <span class='ocrx_word' id='word_1_624' title='bbox 3249 4062 3464 4119; x_wconf 70' lang='grc' dir='ltr'>ἐννοεῖν,</span> <span class='ocrx_word' id='word_1_625' title='bbox 3501 4056 3567 4127; x_wconf 78' lang='grc' dir='ltr'><strong>μὴ</strong></span> <span class='ocrx_word' id='word_1_626' title='bbox 3608 4055 3674 4109; x_wconf 73' lang='grc' dir='ltr'>ὅτι</span> 
     </span>
    </p>
   </div>
   <div class='ocr_carea' id='block_1_84' title="bbox 2127 4150 3675 4222">
    <p class='ocr_par' dir='ltr' id='par_1_84' title="bbox 2127 4150 3675 4222">
     <span class='ocr_line' id='line_1_84' title="bbox 2127 4150 3675 4222; baseline -0.003 -19"><span class='ocrx_word' id='word_1_627' title='bbox 2127 4167 2191 4218; x_wconf 85' lang='grc' dir='ltr'>γε</span> <span class='ocrx_word' id='word_1_628' title='bbox 2232 4151 2376 4203; x_wconf 84' lang='grc' dir='ltr'>κατὰ</span> <span class='ocrx_word' id='word_1_629' title='bbox 2428 4150 2621 4212; x_wconf 80' lang='grc' dir='ltr'>ποσῶς</span> <span class='ocrx_word' id='word_1_630' title='bbox 2664 4151 2869 4203; x_wconf 78' lang='grc' dir='ltr'>πιστῶν</span> <span class='ocrx_word' id='word_1_631' title='bbox 2909 4153 3003 4205; x_wconf 78' lang='grc' dir='ltr'><strong>καὶ</strong></span> <span class='ocrx_word' id='word_1_632' title='bbox 3052 4150 3135 4222; x_wconf 81' lang='grc' dir='ltr'>τῷ</span> <span class='ocrx_word' id='word_1_633' title='bbox 3176 4152 3368 4222; x_wconf 81' lang='grc' dir='ltr'>Κυρίῳ</span> <span class='ocrx_word' id='word_1_634' title='bbox 3417 4160 3675 4219; x_wconf 84' lang='grc' dir='ltr'>προσερχο·</span> 
     </span>
    </p>
   </div>
   <div class='ocr_carea' id='block_1_85' title="bbox 2130 4234 3674 4313">
    <p class='ocr_par' dir='ltr' id='par_1_85' title="bbox 2130 4234 3674 4313">
     <span class='ocr_line' id='line_1_85' title="bbox 2130 4234 3674 4313; baseline 0.002 -19"><span class='ocrx_word' id='word_1_635' title='bbox 2130 4243 2331 4313; x_wconf 83' lang='grc' dir='ltr'>μένων.</span> <span class='ocrx_word' id='word_1_636' title='bbox 2377 4243 2517 4295; x_wconf 83' lang='grc' dir='ltr'>Ἀλλ’</span> <span class='ocrx_word' id='word_1_637' title='bbox 2564 4240 2639 4306; x_wconf 76' lang='grc' dir='ltr'><strong>ὥς</strong></span> <span class='ocrx_word' id='word_1_638' title='bbox 2668 4242 2732 4312; x_wconf 71' lang='grc' dir='ltr'><strong>γι</strong></span> <span class='ocrx_word' id='word_1_639' title='bbox 2777 4260 2869 4313; x_wconf 88' lang='grc' dir='ltr'><strong>μοι</strong></span> <span class='ocrx_word' id='word_1_640' title='bbox 2905 4242 3089 4309; x_wconf 86' lang='grc' dir='ltr'>δοκεῖ,</span> <span class='ocrx_word' id='word_1_641' title='bbox 3125 4243 3373 4313; x_wconf 79' lang='grc' dir='ltr'><strong>φονεύειν</strong></span> <span class='ocrx_word' id='word_1_642' title='bbox 3412 4239 3537 4310; x_wconf 72' lang='grc' dir='ltr'><strong>φησὶ</strong></span> <span class='ocrx_word' id='word_1_643' title='bbox 3573 4234 3674 4297; x_wconf 63' lang='grc' dir='ltr'><strong>τοὺς</strong></span> 
     </span>
    </p>
   </div>
   <div class='ocr_carea' id='block_1_86' title="bbox 2129 4327 3677 4404">
    <p class='ocr_par' dir='ltr' id='par_1_86' title="bbox 2129 4327 3677 4404">
     <span class='ocr_line' id='line_1_86' title="bbox 2129 4327 3677 4404; baseline -0.001 -18"><span class='ocrx_word' id='word_1_644' title='bbox 2129 4334 2228 4404; x_wconf 76' lang='grc' dir='ltr'><strong>τὴν</strong></span> <span class='ocrx_word' id='word_1_645' title='bbox 2258 4333 2472 4388; x_wconf 80' lang='grc' dir='ltr'>ἑαυτῶν</span> <span class='ocrx_word' id='word_1_646' title='bbox 2525 4332 2704 4404; x_wconf 71' lang='grc' dir='ltr'>ψυχὴν</span> <span class='ocrx_word' id='word_1_647' title='bbox 2754 4334 3200 4397; x_wconf 82' lang='grc' dir='ltr'>ἀποκτιννύντας</span> <span class='ocrx_word' id='word_1_648' title='bbox 3259 4335 3375 4395; x_wconf 71' lang='grc' dir='ltr'>ταῖς</span> <span class='ocrx_word' id='word_1_649' title='bbox 3421 4327 3677 4399; x_wconf 67' lang='grc' dir='ltr'><strong>τολμηραίς</strong></span> 
     </span>
    </p>
   </div>
   <div class='ocr_carea' id='block_1_87' title="bbox 2128 4414 3676 4494">
    <p class='ocr_par' dir='ltr' id='par_1_87' title="bbox 2128 4414 3676 4494">
     <span class='ocr_line' id='line_1_87' title="bbox 2128 4414 3676 4494; baseline -0.008 -18"><span class='ocrx_word' id='word_1_650' title='bbox 2128 4423 2354 4486; x_wconf 81' lang='grc' dir='ltr'>ταύταις</span> <span class='ocrx_word' id='word_1_651' title='bbox 2397 4422 2801 4494; x_wconf 81' lang='grc' dir='ltr'>ἐπιχειρήσεσι,</span> <span class='ocrx_word' id='word_1_652' title='bbox 2838 4423 2907 4477; x_wconf 89' lang='grc' dir='ltr'>δι’</span> <span class='ocrx_word' id='word_1_653' title='bbox 2938 4422 3004 4486; x_wconf 79' lang='grc' dir='ltr'><strong>ἃς</strong></span> <span class='ocrx_word' id='word_1_654' title='bbox 3045 4425 3198 4478; x_wconf 76' lang='grc' dir='ltr'>καὶὸ</span> <span class='ocrx_word' id='word_1_655' title='bbox 3239 4423 3376 4493; x_wconf 74' lang='grc' dir='ltr'>πρὸς</span> <span class='ocrx_word' id='word_1_656' title='bbox 3423 4420 3513 4490; x_wconf 75' lang='grc' dir='ltr'><strong>τὴν</strong></span> <span class='ocrx_word' id='word_1_657' title='bbox 3551 4414 3676 4469; x_wconf 74' lang='grc' dir='ltr'><strong>εὑσέο</strong></span> 
     </span>
    </p>
   </div>
   <div class='ocr_carea' id='block_1_88' title="bbox 2127 4507 3677 4588">
    <p class='ocr_par' dir='ltr' id='par_1_88' title="bbox 2127 4507 3677 4588">
     <span class='ocr_line' id='line_1_88' title="bbox 2127 4507 3677 4588; baseline 0.001 -22"><span class='ocrx_word' id='word_1_658' title='bbox 2127 4513 2283 4566; x_wconf 84' lang='grc' dir='ltr'>6ειαν</span> <span class='ocrx_word' id='word_1_659' title='bbox 2318 4516 2498 4579; x_wconf 72' lang='grc' dir='ltr'>αὐτοῖς</span> <span class='ocrx_word' id='word_1_660' title='bbox 2548 4516 2806 4587; x_wconf 81' lang='grc' dir='ltr'>πόλεμος.</span> <span class='ocrx_word' id='word_1_661' title='bbox 2851 4516 2964 4571; x_wconf 74' lang='grc' dir='ltr'>Καὶ</span> <span class='ocrx_word' id='word_1_662' title='bbox 3007 4515 3208 4588; x_wconf 83' lang='grc' dir='ltr'>ὥσπερ</span> <span class='ocrx_word' id='word_1_663' title='bbox 3256 4512 3458 4586; x_wconf 82' lang='grc' dir='ltr'>προῖὼν</span> <span class='ocrx_word' id='word_1_664' title='bbox 3494 4507 3677 4582; x_wconf 61' lang='grc' dir='ltr'>μοιχοὺς</span> 
     </span>
    </p>
   </div>
   <div class='ocr_carea' id='block_1_89' title="bbox 432 4582 2024 4678">
    <p class='ocr_par' dir='ltr' id='par_1_89' title="bbox 432 4597 2020 4670">
     <span class='ocr_line' id='line_1_89' title="bbox 432 4597 2020 4670; baseline -0.004 -9"><span class='ocrx_word' id='word_1_665' title='bbox 432 4605 693 4669; x_wconf 87' lang='lat' dir='ltr'><strong>occidunt</strong></span> <span class='ocrx_word' id='word_1_666' title='bbox 719 4601 983 4666; x_wconf 86' lang='lat' dir='ltr'><strong>animam,</strong></span> <span class='ocrx_word' id='word_1_667' title='bbox 1015 4608 1240 4670; x_wconf 87' lang='lat' dir='ltr'><strong>propter</strong></span> <span class='ocrx_word' id='word_1_668' title='bbox 1268 4598 1412 4668; x_wconf 89' lang='lat' dir='ltr'><strong>quod</strong></span> <span class='ocrx_word' id='word_1_669' title='bbox 1442 4599 1609 4654; x_wconf 89' lang='lat' dir='ltr'><strong>etiam</strong></span> <span class='ocrx_word' id='word_1_670' title='bbox 1652 4597 1854 4653; x_wconf 84' lang='lat' dir='ltr'><strong>bellum</strong></span> <span class='ocrx_word' id='word_1_671' title='bbox 1888 4599 2020 4670; x_wconf 89' lang='lat' dir='ltr'><strong>ipsis</strong></span> 
     </span>
    </p>
   </div>
   <div class='ocr_carea' id='block_1_90' title="bbox 2130 4582 3678 4678">
    <p class='ocr_par' dir='ltr' id='par_1_90' title="bbox 2130 4601 3678 4678">
     <span class='ocr_line' id='line_1_90' title="bbox 2130 4601 3678 4678; baseline 0.001 -19"><span class='ocrx_word' id='word_1_672' title='bbox 2130 4606 2227 4660; x_wconf 73' lang='grc' dir='ltr'>καὶ</span> <span class='ocrx_word' id='word_1_673' title='bbox 2261 4606 2576 4677; x_wconf 83' lang='grc' dir='ltr'>μοιχαλίδας</span> <span class='ocrx_word' id='word_1_674' title='bbox 2629 4609 2769 4678; x_wconf 79' lang='grc' dir='ltr'>ἐρεῖ,</span> <span class='ocrx_word' id='word_1_675' title='bbox 2814 4607 2877 4659; x_wconf 79' lang='grc' dir='ltr'><strong>οὐ</strong></span> <span class='ocrx_word' id='word_1_676' title='bbox 2927 4607 3154 4671; x_wconf 87' lang='grc' dir='ltr'>πάντως</span> <span class='ocrx_word' id='word_1_677' title='bbox 3188 4605 3465 4670; x_wconf 83' lang='grc' dir='ltr'>τοιούτους</span> <span class='ocrx_word' id='word_1_678' title='bbox 3514 4601 3678 4660; x_wconf 73' lang='grc' dir='ltr'>αὐτοὺς</span> 
     </span>
    </p>
   </div>
   <div class='ocr_carea' id='block_1_91' title="bbox 433 4689 2019 4763">
    <p class='ocr_par' dir='ltr' id='par_1_91' title="bbox 433 4689 2019 4763">
     <span class='ocr_line' id='line_1_91' title="bbox 433 4689 2019 4763; baseline -0.005 -10"><span class='ocrx_word' id='word_1_679' title='bbox 433 4707 518 4753; x_wconf 89' lang='lat' dir='ltr'><strong>cst</strong></span> <span class='ocrx_word' id='word_1_680' title='bbox 547 4697 810 4750; x_wconf 85' lang='lat' dir='ltr'><strong>adversus</strong></span> <span class='ocrx_word' id='word_1_681' title='bbox 849 4692 1131 4763; x_wconf 89' lang='lat' dir='ltr'><strong>pietatem.</strong></span> <span class='ocrx_word' id='word_1_682' title='bbox 1182 4691 1247 4745; x_wconf 84' lang='lat' dir='ltr'><strong>Et</strong></span> <span class='ocrx_word' id='word_1_683' title='bbox 1290 4689 1747 4760; x_wconf 87' lang='lat' dir='ltr'><strong>quemadmodum</strong></span> <span class='ocrx_word' id='word_1_684' title='bbox 1794 4690 1849 4745; x_wconf 86' lang='lat' dir='ltr'><strong>in</strong></span> <span class='ocrx_word' id='word_1_685' title='bbox 1891 4706 2019 4761; x_wconf 86' lang='lat' dir='ltr'><strong>pro-</strong></span> 
     </span>
    </p>
   </div>
   <div class='ocr_carea' id='block_1_92' title="bbox 432 4782 2019 4861">
    <p class='ocr_par' dir='ltr' id='par_1_92' title="bbox 432 4782 2019 4861">
     <span class='ocr_line' id='line_1_92' title="bbox 432 4782 2019 4861; baseline -0.004 -18"><span class='ocrx_word' id='word_1_686' title='bbox 432 4803 623 4861; x_wconf 80' lang='lat' dir='ltr'><strong>gressu</strong></span> <span class='ocrx_word' id='word_1_687' title='bbox 657 4784 932 4840; x_wconf 87' lang='lat' dir='ltr'><strong>adulteros</strong></span> <span class='ocrx_word' id='word_1_688' title='bbox 964 4792 1122 4838; x_wconf 86' lang='lat' dir='ltr'><strong>vocat</strong></span> <span class='ocrx_word' id='word_1_689' title='bbox 1161 4791 1216 4838; x_wconf 85' lang='lat' dir='ltr'><strong>et</strong></span> <span class='ocrx_word' id='word_1_690' title='bbox 1256 4782 1549 4846; x_wconf 85' lang='lat' dir='ltr'><strong>adulteras,</strong></span> <span class='ocrx_word' id='word_1_691' title='bbox 1581 4797 1693 4837; x_wconf 89' lang='lat' dir='ltr'><strong>non</strong></span> <span class='ocrx_word' id='word_1_692' title='bbox 1726 4783 1870 4852; x_wconf 90' lang='lat' dir='ltr'><strong>quod</strong></span> <span class='ocrx_word' id='word_1_693' title='bbox 1902 4799 2019 4837; x_wconf 89' lang='lat' dir='ltr'><strong>om-</strong></span> 
     </span>
    </p>
   </div>
   <div class='ocr_carea' id='block_1_93' title="bbox 432 4875 2019 4947">
    <p class='ocr_par' dir='ltr' id='par_1_93' title="bbox 432 4875 2019 4947">
     <span class='ocr_line' id='line_1_93' title="bbox 432 4875 2019 4947; baseline -0.005 -9"><span class='ocrx_word' id='word_1_694' title='bbox 432 4883 565 4939; x_wconf 88' lang='lat' dir='ltr'><strong>nino</strong></span> <span class='ocrx_word' id='word_1_695' title='bbox 596 4880 730 4934; x_wconf 86' lang='lat' dir='ltr'><strong>tales</strong></span> <span class='ocrx_word' id='word_1_696' title='bbox 759 4878 890 4941; x_wconf 87' lang='lat' dir='ltr'><strong>sint,</strong></span> <span class='ocrx_word' id='word_1_697' title='bbox 926 4877 1020 4932; x_wconf 89' lang='lat' dir='ltr'><strong>sed</strong></span> <span class='ocrx_word' id='word_1_698' title='bbox 1051 4875 1196 4947; x_wconf 91' lang='lat' dir='ltr'><strong>quod</strong></span> <span class='ocrx_word' id='word_1_699' title='bbox 1239 4876 1425 4931; x_wconf 81' lang='lat' dir='ltr'><strong>divina</strong></span> <span class='ocrx_word' id='word_1_700' title='bbox 1476 4883 1738 4944; x_wconf 90' lang='lat' dir='ltr'><strong>recteque</strong></span> <span class='ocrx_word' id='word_1_701' title='bbox 1771 4876 2019 4930; x_wconf 89' lang='lat' dir='ltr'><strong>instituta</strong></span> 
     </span>
    </p>
   </div>
   <div class='ocr_carea' id='block_1_94' title="bbox 432 4966 2017 5045">
    <p class='ocr_par' dir='ltr' id='par_1_94' title="bbox 432 4966 2017 5045">
     <span class='ocr_line' id='line_1_94' title="bbox 432 4966 2017 5045; baseline -0.004 -17"><span class='ocrx_word' id='word_1_702' title='bbox 432 4981 707 5045; x_wconf 65' lang='lat' dir='ltr'><strong>praecepta</strong></span> <span class='ocrx_word' id='word_1_703' title='bbox 737 4978 1119 5040; x_wconf 86' lang='lat' dir='ltr'><strong>constuprent,</strong></span> <span class='ocrx_word' id='word_1_704' title='bbox 1145 4966 1469 5043; x_wconf 73' lang='lat' dir='ltr'><strong>declinando</strong></span> <span class='ocrx_word' id='word_1_705' title='bbox 1494 4966 1559 5021; x_wconf 85' lang='lat' dir='ltr'><strong>ad</strong></span> <span class='ocrx_word' id='word_1_706' title='bbox 1588 4966 1693 5021; x_wconf 88' lang='lat' dir='ltr'><strong>alia</strong></span> <span class='ocrx_word' id='word_1_707' title='bbox 1722 4966 2017 5037; x_wconf 77' lang='lat' dir='ltr'><strong>illegitima;</strong></span> 
     </span>
    </p>
   </div>
   <div class='ocr_carea' id='block_1_95' title="bbox 432 5060 2019 5135">
    <p class='ocr_par' dir='ltr' id='par_1_95' title="bbox 432 5060 2019 5135">
     <span class='ocr_line' id='line_1_95' title="bbox 432 5060 2019 5135; baseline -0.004 -14"><span class='ocrx_word' id='word_1_708' title='bbox 432 5078 613 5135; x_wconf 80' lang='lat' dir='ltr'><strong>neque</strong></span> <span class='ocrx_word' id='word_1_709' title='bbox 662 5063 809 5118; x_wconf 88' lang='lat' dir='ltr'><strong>enim</strong></span> <span class='ocrx_word' id='word_1_710' title='bbox 856 5062 1112 5116; x_wconf 89' lang='lat' dir='ltr'><strong>toleraret</strong></span> <span class='ocrx_word' id='word_1_711' title='bbox 1160 5060 1428 5131; x_wconf 85' lang='lat' dir='ltr'><strong>quispiam</strong></span> <span class='ocrx_word' id='word_1_712' title='bbox 1487 5067 1845 5114; x_wconf 86' lang='lat' dir='ltr'><strong>scortatorem</strong></span> <span class='ocrx_word' id='word_1_713' title='bbox 1882 5074 2019 5129; x_wconf 83' lang='lat' dir='ltr'><strong>prae-</strong></span> 
     </span>
    </p>
   </div>
   <div class='ocr_carea' id='block_1_96' title="bbox 432 5151 2018 5229">
    <p class='ocr_par' dir='ltr' id='par_1_96' title="bbox 432 5151 2018 5229">
     <span class='ocr_line' id='line_1_96' title="bbox 432 5151 2018 5229; baseline -0.005 -15"><span class='ocrx_word' id='word_1_714' title='bbox 432 5166 731 5229; x_wconf 78' lang='lat' dir='ltr'><strong>ceptorem,</strong></span> <span class='ocrx_word' id='word_1_715' title='bbox 758 5154 922 5210; x_wconf 88' lang='lat' dir='ltr'><strong>etiam</strong></span> <span class='ocrx_word' id='word_1_716' title='bbox 956 5154 1001 5208; x_wconf 92' lang='lat' dir='ltr'><strong>si</strong></span> <span class='ocrx_word' id='word_1_717' title='bbox 1033 5154 1204 5224; x_wconf 78' lang='lat' dir='ltr'><strong>magis</strong></span> <span class='ocrx_word' id='word_1_718' title='bbox 1233 5168 1393 5223; x_wconf 89' lang='lat' dir='ltr'><strong>quam</strong></span> <span class='ocrx_word' id='word_1_719' title='bbox 1426 5152 1573 5222; x_wconf 90' lang='lat' dir='ltr'><strong>porci</strong></span> <span class='ocrx_word' id='word_1_720' title='bbox 1606 5167 1765 5207; x_wconf 69' lang='lat' dir='ltr'><strong>emno</strong></span> <span class='ocrx_word' id='word_1_721' title='bbox 1803 5151 2018 5206; x_wconf 84' lang='lat' dir='ltr'><strong>involu-</strong></span> 
     </span>
    </p>
   </div>
   <div class='ocr_carea' id='block_1_97' title="bbox 432 5244 2016 5318">
    <p class='ocr_par' dir='ltr' id='par_1_97' title="bbox 432 5244 2016 5318">
     <span class='ocr_line' id='line_1_97' title="bbox 432 5244 2016 5318; baseline -0.007 -11"><span class='ocrx_word' id='word_1_722' title='bbox 432 5260 524 5307; x_wconf 92' lang='lat' dir='ltr'><strong>tus</strong></span> <span class='ocrx_word' id='word_1_723' title='bbox 556 5259 705 5306; x_wconf 88' lang='lat' dir='ltr'><strong>esset</strong></span> <span class='ocrx_word' id='word_1_724' title='bbox 737 5267 751 5304; x_wconf 88' lang='lat'>:</span> <span class='ocrx_word' id='word_1_725' title='bbox 782 5250 855 5303; x_wconf 88' lang='lat' dir='ltr'><strong>ita</strong></span> <span class='ocrx_word' id='word_1_726' title='bbox 885 5262 1017 5318; x_wconf 78' lang='lat' dir='ltr'><strong>ergo</strong></span> <span class='ocrx_word' id='word_1_727' title='bbox 1043 5247 1221 5300; x_wconf 64' lang='lat' dir='ltr'><strong>caedes</strong></span> <span class='ocrx_word' id='word_1_728' title='bbox 1255 5260 1318 5299; x_wconf 87' lang='lat' dir='ltr'><strong>ac</strong></span> <span class='ocrx_word' id='word_1_729' title='bbox 1354 5244 1491 5299; x_wconf 78' lang='lat' dir='ltr'><strong>bella</strong></span> <span class='ocrx_word' id='word_1_730' title='bbox 1528 5244 1660 5299; x_wconf 88' lang='lat' dir='ltr'><strong>dicit</strong></span> <span class='ocrx_word' id='word_1_731' title='bbox 1681 5260 1792 5299; x_wconf 93' lang='lat' dir='ltr'><strong>non</strong></span> <span class='ocrx_word' id='word_1_732' title='bbox 1823 5260 2016 5315; x_wconf 65' lang='lat' dir='ltr'><strong>corp:-</strong></span> 
     </span>
    </p>
   </div>
   <div class='ocr_carea' id='block_1_98' title="bbox 431 5336 2019 5406">
    <p class='ocr_par' dir='ltr' id='par_1_98' title="bbox 431 5336 2019 5406">
     <span class='ocr_line' id='line_1_98' title="bbox 431 5336 2019 5406; baseline -0.007 -7"><span class='ocrx_word' id='word_1_733' title='bbox 431 5344 586 5406; x_wconf 84' lang='lat' dir='ltr'><strong>ralia.</strong></span> <span class='ocrx_word' id='word_1_734' title='bbox 640 5342 735 5398; x_wconf 85' lang='lat' dir='ltr'><strong>sed</strong></span> <span class='ocrx_word' id='word_1_735' title='bbox 777 5339 1013 5394; x_wconf 81' lang='lat' dir='ltr'><strong>animam</strong></span> <span class='ocrx_word' id='word_1_736' title='bbox 1062 5336 1470 5392; x_wconf 87' lang='lat' dir='ltr'><strong>concernentia.</strong></span> <span class='ocrx_word' id='word_1_737' title='bbox 1521 5355 1538 5386; x_wconf 81' lang='grc' dir='ltr'><strong>ι</strong></span> <span class='ocrx_word' id='word_1_738' title='bbox 1586 5336 1776 5390; x_wconf 87' lang='lat' dir='ltr'><strong>Petitis</strong></span> <span class='ocrx_word' id='word_1_739' title='bbox 1817 5345 1872 5391; x_wconf 91' lang='lat' dir='ltr'><strong>ct</strong></span> <span class='ocrx_word' id='word_1_740' title='bbox 1911 5352 2019 5390; x_wconf 91' lang='lat' dir='ltr'><strong>non</strong></span> 
     </span>
    </p>
   </div>
   <div class='ocr_carea' id='block_1_99' title="bbox 430 5429 2018 5508">
    <p class='ocr_par' dir='ltr' id='par_1_99' title="bbox 430 5429 2018 5508">
     <span class='ocr_line' id='line_1_99' title="bbox 430 5429 2018 5508; baseline -0.006 -16"><span class='ocrx_word' id='word_1_741' title='bbox 430 5435 697 5508; x_wconf 86' lang='lat' dir='ltr'><strong>accipitis.</strong></span> <span class='ocrx_word' id='word_1_742' title='bbox 744 5453 762 5487; x_wconf 75' lang='grc' dir='ltr'><strong>ι</strong></span> <span class='ocrx_word' id='word_1_743' title='bbox 816 5431 1287 5501; x_wconf 85' lang='lat' dir='ltr'><strong>Quemadmodum</strong></span> <span class='ocrx_word' id='word_1_744' title='bbox 1345 5429 1647 5501; x_wconf 62' lang='lat' dir='ltr'><strong>pharisaeus</strong></span> <span class='ocrx_word' id='word_1_745' title='bbox 1691 5429 1757 5484; x_wconf 89' lang='lat' dir='ltr'><strong>de</strong></span> <span class='ocrx_word' id='word_1_746' title='bbox 1820 5446 1928 5500; x_wconf 92' lang='lat' dir='ltr'><strong>quo</strong></span> <span class='ocrx_word' id='word_1_747' title='bbox 1966 5429 2018 5483; x_wconf 89' lang='lat' dir='ltr'><strong>in</strong></span> 
     </span>
    </p>
   </div>
   <div class='ocr_carea' id='block_1_100' title="bbox 428 5519 2021 5597">
    <p class='ocr_par' dir='ltr' id='par_1_100' title="bbox 428 5519 2021 5597">
     <span class='ocr_line' id='line_1_100' title="bbox 428 5519 2021 5597; baseline -0.006 -13"><span class='ocrx_word' id='word_1_748' title='bbox 428 5525 727 5597; x_wconf 70' lang='lat' dir='ltr'><strong>Evangelio</strong></span> <span class='ocrx_word' id='word_1_749' title='bbox 772 5523 1072 5578; x_wconf 88' lang='lat' dir='ltr'><strong>secundum</strong></span> <span class='ocrx_word' id='word_1_750' title='bbox 1122 5519 1385 5574; x_wconf 70' lang='lat' dir='ltr'><strong>Lucani&quot;</strong></span> <span class='ocrx_word' id='word_1_751' title='bbox 1421 5536 1435 5574; x_wconf 89' lang='lat'>:</span> <span class='ocrx_word' id='word_1_752' title='bbox 1467 5536 1588 5574; x_wconf 87' lang='lat' dir='ltr'><strong>nam</strong></span> <span class='ocrx_word' id='word_1_753' title='bbox 1626 5531 1833 5591; x_wconf 85' lang='lat' dir='ltr'><strong>quanto</strong></span> <span class='ocrx_word' id='word_1_754' title='bbox 1868 5520 2021 5589; x_wconf 87' lang='lat' dir='ltr'><strong>plura</strong></span> 
     </span>
    </p>
   </div>
   <div class='ocr_carea' id='block_1_101' title="bbox 429 5614 2021 5686">
    <p class='ocr_par' dir='ltr' id='par_1_101' title="bbox 429 5614 2021 5686">
     <span class='ocr_line' id='line_1_101' title="bbox 429 5614 2021 5686; baseline -0.004 -12"><span class='ocrx_word' id='word_1_755' title='bbox 429 5619 752 5677; x_wconf 79' lang='lat' dir='ltr'><strong>recensebat</strong></span> <span class='ocrx_word' id='word_1_756' title='bbox 800 5632 898 5673; x_wconf 88' lang='lat' dir='ltr'><strong>sua</strong></span> <span class='ocrx_word' id='word_1_757' title='bbox 949 5615 1092 5671; x_wconf 88' lang='lat' dir='ltr'><strong>bona</strong></span> <span class='ocrx_word' id='word_1_758' title='bbox 1146 5629 1335 5686; x_wconf 89' lang='lat' dir='ltr'><strong>opera,</strong></span> <span class='ocrx_word' id='word_1_759' title='bbox 1387 5623 1538 5668; x_wconf 90' lang='lat' dir='ltr'><strong>tanto</strong></span> <span class='ocrx_word' id='word_1_760' title='bbox 1592 5614 1762 5684; x_wconf 82' lang='lat' dir='ltr'><strong>magis</strong></span> <span class='ocrx_word' id='word_1_761' title='bbox 1810 5614 2021 5671; x_wconf 71' lang='lat' dir='ltr'><strong>divinas</strong></span> 
     </span>
    </p>
   </div>
   <div class='ocr_carea' id='block_1_102' title="bbox 508 5802 1132 5873">
    <p class='ocr_par' dir='ltr' id='par_1_102' title="bbox 508 5802 1132 5873">
     <span class='ocr_line' id='line_1_102' title="bbox 508 5802 1132 5873; baseline -0.008 -13"><span class='ocrx_word' id='word_1_762' title='bbox 508 5803 551 5836; x_wconf 87' lang='grc'><strong>³⁸</strong></span> <span class='ocrx_word' id='word_1_763' title='bbox 592 5802 800 5859; x_wconf 86' lang='lat' dir='ltr'><strong>Coloss.</strong></span> <span class='ocrx_word' id='word_1_764' title='bbox 832 5820 887 5870; x_wconf 79' lang='grc' dir='ltr'><strong>ιι,</strong></span> <span class='ocrx_word' id='word_1_765' title='bbox 922 5806 941 5858; x_wconf 81' lang='grc'>1</span> <span class='ocrx_word' id='word_1_766' title='bbox 980 5820 1132 5873; x_wconf 82' lang='lat' dir='ltr'><strong>seqq.</strong></span> 
     </span>
    </p>
   </div>
   <div class='ocr_carea' id='block_1_103' title="bbox 2135 4690 3684 4768">
    <p class='ocr_par' dir='ltr' id='par_1_103' title="bbox 2135 4690 3684 4768">
     <span class='ocr_line' id='line_1_103' title="bbox 2135 4690 3684 4768; baseline -0.004 -19"><span class='ocrx_word' id='word_1_767' title='bbox 2135 4696 2316 4761; x_wconf 77' lang='grc' dir='ltr'>ὄντας,</span> <span class='ocrx_word' id='word_1_768' title='bbox 2355 4696 2467 4750; x_wconf 83' lang='grc' dir='ltr'>ἀλλ’</span> <span class='ocrx_word' id='word_1_769' title='bbox 2492 4697 2567 4761; x_wconf 84' lang='grc' dir='ltr'><strong>ὠς</strong></span> <span class='ocrx_word' id='word_1_770' title='bbox 2603 4698 2671 4751; x_wconf 77' lang='grc' dir='ltr'><strong>τὰ</strong></span> <span class='ocrx_word' id='word_1_771' title='bbox 2722 4697 2842 4751; x_wconf 87' lang='grc' dir='ltr'>θεῖα</span> <span class='ocrx_word' id='word_1_772' title='bbox 2879 4698 2976 4751; x_wconf 76' lang='grc' dir='ltr'><strong>καὶ</strong></span> <span class='ocrx_word' id='word_1_773' title='bbox 2999 4697 3190 4760; x_wconf 80' lang='grc' dir='ltr'>καλῶς</span> <span class='ocrx_word' id='word_1_774' title='bbox 3247 4698 3439 4768; x_wconf 74' lang='grc' dir='ltr'>ἔχοντα</span> <span class='ocrx_word' id='word_1_775' title='bbox 3479 4690 3684 4762; x_wconf 81' lang='grc' dir='ltr'>προστά-</span> 
     </span>
    </p>
   </div>
   <div class='ocr_carea' id='block_1_104' title="bbox 2126 4784 3680 4861">
    <p class='ocr_par' dir='ltr' id='par_1_104' title="bbox 2126 4784 3680 4861">
     <span class='ocr_line' id='line_1_104' title="bbox 2126 4784 3680 4861; baseline -0.004 -21"><span class='ocrx_word' id='word_1_776' title='bbox 2126 4804 2314 4857; x_wconf 84' lang='grc' dir='ltr'>γματα</span> <span class='ocrx_word' id='word_1_777' title='bbox 2346 4791 2411 4858; x_wconf 82' lang='grc' dir='ltr'>τῇ</span> <span class='ocrx_word' id='word_1_778' title='bbox 2462 4788 2600 4861; x_wconf 76' lang='grc' dir='ltr'>πρὸς</span> <span class='ocrx_word' id='word_1_779' title='bbox 2638 4788 2802 4860; x_wconf 77' lang='grc' dir='ltr'>ἕτερα</span> <span class='ocrx_word' id='word_1_780' title='bbox 2840 4789 2971 4841; x_wconf 86' lang='grc' dir='ltr'>νόθα</span> <span class='ocrx_word' id='word_1_781' title='bbox 3009 4790 3315 4843; x_wconf 77' lang='grc' dir='ltr'>ἀποκλίσει</span> <span class='ocrx_word' id='word_1_782' title='bbox 3365 4784 3680 4858; x_wconf 72' lang='grc' dir='ltr'>πορεύονταςο</span> 
     </span>
    </p>
   </div>
   <div class='ocr_carea' id='block_1_105' title="bbox 2126 4872 3684 4953">
    <p class='ocr_par' dir='ltr' id='par_1_105' title="bbox 2126 4872 3684 4953">
     <span class='ocr_line' id='line_1_105' title="bbox 2126 4872 3684 4953; baseline -0.003 -20"><span class='ocrx_word' id='word_1_783' title='bbox 2126 4881 2230 4933; x_wconf 80' lang='grc' dir='ltr'>οὑκ</span> <span class='ocrx_word' id='word_1_784' title='bbox 2263 4880 2329 4933; x_wconf 85' lang='grc' dir='ltr'>ἂν</span> <span class='ocrx_word' id='word_1_785' title='bbox 2382 4880 2490 4951; x_wconf 82' lang='grc' dir='ltr'>γάρ</span> <span class='ocrx_word' id='word_1_786' title='bbox 2524 4897 2608 4943; x_wconf 85' lang='grc' dir='ltr'><strong>τις</strong></span> <span class='ocrx_word' id='word_1_787' title='bbox 2643 4882 2844 4952; x_wconf 87' lang='grc' dir='ltr'>πόρνου</span> <span class='ocrx_word' id='word_1_788' title='bbox 2890 4882 3193 4953; x_wconf 83' lang='grc' dir='ltr'>ἀνάσχοιτο</span> <span class='ocrx_word' id='word_1_789' title='bbox 3237 4879 3572 4942; x_wconf 82' lang='grc' dir='ltr'>διδασκάλου,</span> <span class='ocrx_word' id='word_1_790' title='bbox 3602 4872 3684 4929; x_wconf 73' lang='grc' dir='ltr'>κᾶν</span> 
     </span>
    </p>
   </div>
   <div class='ocr_carea' id='block_1_106' title="bbox 2126 4968 3686 5049">
    <p class='ocr_par' dir='ltr' id='par_1_106' title="bbox 2126 4968 3686 5049">
     <span class='ocr_line' id='line_1_106' title="bbox 2126 4968 3686 5049; baseline -0.017 -5"><span class='ocrx_word' id='word_1_791' title='bbox 2126 4971 2328 5043; x_wconf 78' lang='grc' dir='ltr'>χοίρων</span> <span class='ocrx_word' id='word_1_792' title='bbox 2385 4968 2420 5049; x_wconf 76' lang='grc' dir='ltr'><strong>ᾗ</strong></span> <span class='ocrx_word' id='word_1_793' title='bbox 2480 4973 2983 5046; x_wconf 73' lang='grc' dir='ltr'>βορϐορωδέστερος</span> <span class='ocrx_word' id='word_1_794' title='bbox 3038 4975 3192 5030; x_wconf 75' lang='grc' dir='ltr'>οὕτω</span> <span class='ocrx_word' id='word_1_795' title='bbox 3233 4979 3333 5031; x_wconf 74' lang='grc' dir='ltr'>καὶ</span> <span class='ocrx_word' id='word_1_796' title='bbox 3381 4974 3564 5042; x_wconf 81' lang='grc' dir='ltr'>φόνους</span> <span class='ocrx_word' id='word_1_797' title='bbox 3608 4968 3686 5019; x_wconf 76' lang='grc' dir='ltr'>καὶ</span> 
     </span>
    </p>
   </div>
   <div class='ocr_carea' id='block_1_107' title="bbox 2124 5060 3684 5138">
    <p class='ocr_par' dir='ltr' id='par_1_107' title="bbox 2124 5060 3684 5138">
     <span class='ocr_line' id='line_1_107' title="bbox 2124 5060 3684 5138; baseline 0.001 -20"><span class='ocrx_word' id='word_1_798' title='bbox 2124 5066 2403 5137; x_wconf 81' lang='grc' dir='ltr'>πολέμους</span> <span class='ocrx_word' id='word_1_799' title='bbox 2452 5067 2515 5120; x_wconf 81' lang='grc' dir='ltr'><strong>ού</strong></span> <span class='ocrx_word' id='word_1_800' title='bbox 2543 5067 2671 5131; x_wconf 75' lang='grc' dir='ltr'>τοὺς</span> <span class='ocrx_word' id='word_1_801' title='bbox 2712 5067 3087 5138; x_wconf 71' lang='grc' dir='ltr'>σωματικοίις,</span> <span class='ocrx_word' id='word_1_802' title='bbox 3124 5068 3273 5123; x_wconf 82' lang='grc' dir='ltr'>ἀλλὰ</span> <span class='ocrx_word' id='word_1_803' title='bbox 3301 5068 3428 5130; x_wconf 75' lang='grc' dir='ltr'>τοὺς</span> <span class='ocrx_word' id='word_1_804' title='bbox 3454 5060 3684 5134; x_wconf 70' lang='grc' dir='ltr'>ψυχικυῦς</span> 
     </span>
    </p>
   </div>
   <div class='ocr_carea' id='block_1_108' title="bbox 2123 5152 3685 5229">
    <p class='ocr_par' dir='ltr' id='par_1_108' title="bbox 2123 5152 3685 5229">
     <span class='ocr_line' id='line_1_108' title="bbox 2123 5152 3685 5229; baseline -0.002 -19"><span class='ocrx_word' id='word_1_805' title='bbox 2123 5157 2293 5225; x_wconf 80' lang='grc' dir='ltr'>λέγει.</span> <span class='ocrx_word' id='word_1_806' title='bbox 2326 5175 2344 5209; x_wconf 84' lang='grc' dir='ltr'><strong>ι</strong></span> <span class='ocrx_word' id='word_1_807' title='bbox 2368 5157 2581 5211; x_wconf 85' lang='grc' dir='ltr'>Αἰτεῖτε</span> <span class='ocrx_word' id='word_1_808' title='bbox 2609 5157 2704 5211; x_wconf 80' lang='grc' dir='ltr'><strong>καὶ</strong></span> <span class='ocrx_word' id='word_1_809' title='bbox 2731 5158 2792 5211; x_wconf 82' lang='grc' dir='ltr'>οὐ</span> <span class='ocrx_word' id='word_1_810' title='bbox 2822 5157 3161 5229; x_wconf 76' lang='grc' dir='ltr'>λαμϐάνετε.</span> <span class='ocrx_word' id='word_1_811' title='bbox 3193 5178 3213 5211; x_wconf 74' lang='grc' dir='ltr'><strong>ι</strong></span> <span class='ocrx_word' id='word_1_812' title='bbox 3263 5161 3350 5222; x_wconf 64' lang='grc' dir='ltr'><strong>Ὠς</strong></span> <span class='ocrx_word' id='word_1_813' title='bbox 3374 5158 3403 5210; x_wconf 84' lang='grc' dir='ltr'><strong>ό</strong></span> <span class='ocrx_word' id='word_1_814' title='bbox 3432 5152 3685 5224; x_wconf 83' lang='grc' dir='ltr'>φαρισαῖο;</span> 
     </span>
    </p>
   </div>
   <div class='ocr_carea' id='block_1_109' title="bbox 2123 5244 3687 5322">
    <p class='ocr_par' dir='ltr' id='par_1_109' title="bbox 2123 5244 3687 5322">
     <span class='ocr_line' id='line_1_109' title="bbox 2123 5244 3687 5322; baseline -0.004 -22"><span class='ocrx_word' id='word_1_815' title='bbox 2123 5249 2152 5300; x_wconf 87' lang='grc' dir='ltr'>ὁ</span> <span class='ocrx_word' id='word_1_816' title='bbox 2181 5250 2239 5301; x_wconf 82' lang='grc' dir='ltr'>ὲν</span> <span class='ocrx_word' id='word_1_817' title='bbox 2267 5248 2343 5319; x_wconf 84' lang='grc' dir='ltr'>τῷ</span> <span class='ocrx_word' id='word_1_818' title='bbox 2377 5246 2522 5301; x_wconf 84' lang='grc' dir='ltr'>κατὰ</span> <span class='ocrx_word' id='word_1_819' title='bbox 2550 5248 2766 5302; x_wconf 82' lang='grc' dir='ltr'>Λουκᾶν</span> <span class='ocrx_word' id='word_1_820' title='bbox 2789 5248 3135 5321; x_wconf 80' lang='grc' dir='ltr'>Εὑαγγελίῳ.</span> <span class='ocrx_word' id='word_1_821' title='bbox 3166 5250 3325 5322; x_wconf 80' lang='grc' dir='ltr'><strong>Ὀσῳ</strong></span> <span class='ocrx_word' id='word_1_822' title='bbox 3363 5249 3473 5320; x_wconf 85' lang='grc' dir='ltr'><strong>γὰρ</strong></span> <span class='ocrx_word' id='word_1_823' title='bbox 3500 5244 3687 5302; x_wconf 72' lang='grc' dir='ltr'>πλείονα</span> 
     </span>
    </p>
   </div>
   <div class='ocr_carea' id='block_1_110' title="bbox 2122 5335 3686 5412">
    <p class='ocr_par' dir='ltr' id='par_1_110' title="bbox 2122 5335 3686 5412">
     <span class='ocr_line' id='line_1_110' title="bbox 2122 5335 3686 5412; baseline -0.005 -19"><span class='ocrx_word' id='word_1_824' title='bbox 2122 5341 2384 5408; x_wconf 77' lang='grc' dir='ltr'>κατέλεγε</span> <span class='ocrx_word' id='word_1_825' title='bbox 2426 5339 2534 5394; x_wconf 87' lang='grc' dir='ltr'><strong>τῶν</strong></span> <span class='ocrx_word' id='word_1_826' title='bbox 2565 5339 2734 5395; x_wconf 77' lang='grc' dir='ltr'>αὐτοῦ</span> <span class='ocrx_word' id='word_1_827' title='bbox 2772 5342 3257 5412; x_wconf 83' lang='grc' dir='ltr'>κατορθωμάτων,</span> <span class='ocrx_word' id='word_1_828' title='bbox 3276 5343 3514 5411; x_wconf 83' lang='grc' dir='ltr'>τοσούτῳ</span> <span class='ocrx_word' id='word_1_829' title='bbox 3550 5335 3686 5390; x_wconf 80' lang='grc' dir='ltr'>πλέον</span> 
     </span>
    </p>
   </div>
   <div class='ocr_carea' id='block_1_111' title="bbox 2120 5430 3688 5507">
    <p class='ocr_par' dir='ltr' id='par_1_111' title="bbox 2120 5430 3688 5507">
     <span class='ocr_line' id='line_1_111' title="bbox 2120 5430 3688 5507; baseline 0.003 -25"><span class='ocrx_word' id='word_1_830' title='bbox 2120 5432 2218 5500; x_wconf 73' lang='grc' dir='ltr'>τὴν</span> <span class='ocrx_word' id='word_1_831' title='bbox 2253 5432 2406 5485; x_wconf 82' lang='grc' dir='ltr'>θείαν</span> <span class='ocrx_word' id='word_1_832' title='bbox 2436 5432 2676 5486; x_wconf 79' lang='grc' dir='ltr'>ἁπέὄυεν</span> <span class='ocrx_word' id='word_1_833' title='bbox 2713 5432 2907 5503; x_wconf 80' lang='grc' dir='ltr'>ἀκοὴν,</span> <span class='ocrx_word' id='word_1_834' title='bbox 2938 5436 3034 5488; x_wconf 80' lang='grc' dir='ltr'><strong>καὶ</strong></span> <span class='ocrx_word' id='word_1_835' title='bbox 3064 5436 3095 5488; x_wconf 84' lang='grc' dir='ltr'>ὁ</span> <span class='ocrx_word' id='word_1_836' title='bbox 3128 5436 3243 5489; x_wconf 85' lang='grc' dir='ltr'><strong>τῶν</strong></span> <span class='ocrx_word' id='word_1_837' title='bbox 3277 5430 3688 5507; x_wconf 74' lang='grc' dir='ltr'><strong>ῥημάτωνδγκας</strong></span> 
     </span>
    </p>
   </div>
   <div class='ocr_carea' id='block_1_112' title="bbox 2120 5522 3688 5596">
    <p class='ocr_par' dir='ltr' id='par_1_112' title="bbox 2120 5522 3688 5596">
     <span class='ocr_line' id='line_1_112' title="bbox 2120 5522 3688 5596; baseline 0.001 -23"><span class='ocrx_word' id='word_1_838' title='bbox 2120 5523 2273 5583; x_wconf 75' lang='grc' dir='ltr'>κενὸς</span> <span class='ocrx_word' id='word_1_839' title='bbox 2304 5525 2430 5591; x_wconf 82' lang='grc' dir='ltr'>περὶ</span> <span class='ocrx_word' id='word_1_840' title='bbox 2451 5522 2517 5576; x_wconf 87' lang='grc' dir='ltr'><strong>τὰ</strong></span> <span class='ocrx_word' id='word_1_841' title='bbox 2538 5522 2693 5594; x_wconf 75' lang='grc' dir='ltr'>χείλη</span> <span class='ocrx_word' id='word_1_842' title='bbox 2718 5524 2998 5596; x_wconf 66' lang='grc' dir='ltr'>κατέρρει,</span> <span class='ocrx_word' id='word_1_843' title='bbox 3022 5528 3125 5580; x_wconf 78' lang='grc' dir='ltr'><strong>καὶ</strong></span> <span class='ocrx_word' id='word_1_844' title='bbox 3147 5528 3230 5590; x_wconf 82' lang='grc' dir='ltr'><strong>εἰς</strong></span> <span class='ocrx_word' id='word_1_845' title='bbox 3257 5527 3434 5596; x_wconf 79' lang='grc' dir='ltr'>ἀφρὸν</span> <span class='ocrx_word' id='word_1_846' title='bbox 3458 5522 3688 5576; x_wconf 80' lang='grc' dir='ltr'>διελύετο.</span> 
     </span>
    </p>
   </div>
   <div class='ocr_carea' id='block_1_113' title="bbox 3679 5612 3686 5620">
    <p class='ocr_par' dir='ltr' id='par_1_113' title="bbox 3679 5612 3686 5620">
     <span class='ocr_line' id='line_1_113' title="bbox 3679 5612 3686 5620; baseline 0 0"><span class='ocrx_word' id='word_1_847' title='bbox 3679 5612 3686 5620; x_wconf 62' lang='grc' dir='ltr'>ο</span> 
     </span>
    </p>
   </div>
   <div class='ocr_carea' id='block_1_114' title="bbox 2120 5608 3688 5690">
    <p class='ocr_par' dir='ltr' id='par_1_114' title="bbox 2120 5608 3688 5690">
     <span class='ocr_line' id='line_1_114' title="bbox 2120 5608 3688 5690; baseline 0.004 -23"><span class='ocrx_word' id='word_1_848' title='bbox 2120 5615 2372 5686; x_wconf 80' lang='grc' dir='ltr'>καθάπερ</span> <span class='ocrx_word' id='word_1_849' title='bbox 2404 5614 2781 5684; x_wconf 71' lang='grc' dir='ltr'>παφλάζοντος</span> <span class='ocrx_word' id='word_1_850' title='bbox 2818 5616 3089 5688; x_wconf 80' lang='grc' dir='ltr'>κύματος.</span> <span class='ocrx_word' id='word_1_851' title='bbox 3132 5618 3286 5673; x_wconf 78' lang='grc' dir='ltr'>Ἀλλ’</span> <span class='ocrx_word' id='word_1_852' title='bbox 3342 5620 3458 5690; x_wconf 78' lang='grc' dir='ltr'>ἐρεῖ</span> <span class='ocrx_word' id='word_1_853' title='bbox 3501 5630 3599 5681; x_wconf 80' lang='grc' dir='ltr'>τις,</span> <span class='ocrx_word' id='word_1_854' title='bbox 3637 5608 3688 5663; x_wconf 64' lang='grc' dir='ltr'>Εἰ</span> 
     </span>
    </p>
   </div>
   <div class='ocr_carea' id='block_1_115' title="bbox 1211 5797 2305 5867">
    <p class='ocr_par' dir='ltr' id='par_1_115' title="bbox 1211 5797 2305 5867">
     <span class='ocr_line' id='line_1_115' title="bbox 1211 5797 2305 5867; baseline -0.002 -10"><span class='ocrx_word' id='word_1_855' title='bbox 1211 5805 1251 5835; x_wconf 83' lang='grc'><strong>³⁹</strong></span> <span class='ocrx_word' id='word_1_856' title='bbox 1288 5804 1446 5858; x_wconf 74' lang='lat' dir='ltr'><strong>llom.</strong></span> <span class='ocrx_word' id='word_1_857' title='bbox 1482 5817 1590 5867; x_wconf 71' lang='lat' dir='ltr'><strong>xw,</strong></span> <span class='ocrx_word' id='word_1_858' title='bbox 1617 5798 1704 5854; x_wconf 80' lang='grc'><strong>18.</strong></span> <span class='ocrx_word' id='word_1_859' title='bbox 1785 5797 1982 5852; x_wconf 71' lang='lat' dir='ltr'><strong>&quot;Luc.</strong></span> <span class='ocrx_word' id='word_1_860' title='bbox 2016 5813 2170 5863; x_wconf 77' lang='lat' dir='ltr'><strong>xvul,</strong></span> <span class='ocrx_word' id='word_1_861' title='bbox 2220 5798 2305 5856; x_wconf 81' lang='lat' dir='ltr'><strong>ll.</strong></span> 
     </span>
    </p>
   </div>
  </div>
