3970 6562
312 356 427 418 493

1206 352 1593 412 COMMENT.
1643 351 1725 412 IN
1767 351 2005 413 EPIST.
2038 352 2672 419 CATHOL.’JACOBI.

3472 362 3580 429 49$

313 470 411 526 τοῦ
458 464 667 539 Κυρίου
706 465 885 537 Ἰησοῦ
919 465 1224 534 ἐπαγγελία
1258 464 1465 537 ἀληθὴς
1494 463 1589 520 τοῦ
1625 463 1895 534 ἀψευδοῦς

2013 466 2291 523 obturabat
2346 486 2545 535 aures,
2595 480 2649 527 et
2706 469 2885 526 inanis
2934 472 3236 543 amplitudo
3286 477 3579 535 verborum

312 560 632 616 διδασκάλου
643 602 657 626 ,
672 559 755 622 τὺ,
774 577 792 612 ι
804 561 918 613 Πᾶν
932 558 961 611 6
974 558 1141 612 αἰτῶν
1153 558 1220 612 λα
1228 559 1444 630 μϐάνει,
1458 558 1603 621 »πῶς
1618 557 1713 612 νῦν
1731 557 1900 611 ταῦτά

313 671 482 722 φησιν
514 654 543 705 6
590 653 785 722 παρὼν
833 650 1165 718 ἀπόστολος;
1207 649 1369 704 Ἀλλά
1401 668 1605 721 φαμεν,
1632 650 1709 714 ῶς
1735 650 1764 702 6
1795 646 1900 719 6δῷ

313 750 383 815 τῇ
412 746 693 817 ἀκολούθῳ
716 748 812 800 ἐπὶ
834 746 895 800 τὸ
916 748 1087 799 αἰτεῖν
1116 745 1310 817 χωρῶν
1344 745 1458 817 ἔχει
1481 746 1577 799 καὶ
1604 746 1703 817 τὴν
1734 746 1901 813 ἐπαγ·

313 840 506 901 γελίαν
540 840 813 910 ἀκεραίαν
863 838 1094 910 μηδενὸς
1128 838 1373 909 ἀστοχῶν
1407 838 1514 892 τῶν
1541 837 1898 906 αἰτουμένων.

319 933 380 984 lii
411 933 466 984 δέ
496 950 580 995 τις
601 931 706 998 ἔξω
733 934 991 1004 χωρήσας
1016 933 1110 986 τοῦ
1137 932 1342 986 σκοποῦ
1365 930 1465 1002 τῆς
1496 930 1900 1002 παραδοθείσης

310 1026 589 1093 αἰτήσεως
618 1025 765 1091 δόξει
814 1026 1010 1091 αἰτεῖν,
1062 1026 1185 1096 οὐχὶ
1214 1025 1381 1080 αἰτῶν
1427 1024 1485 1077 ὃν
1543 1024 1623 1077 δεῖ
1674 1023 1899 1094 τρόπον,

311 1119 441 1172 οὐδὲ
479 1120 657 1171 αίτεῖ·
696 1119 778 1172 διὸ
823 1119 946 1171 οὺδέ
984 1118 1236 1189 λήψεται.
1279 1119 1369 1181 Ὠς
1401 1119 1511 1188 γὰρ
1557 1116 1898 1180 διδασκάλου,

316 1211 477 1280 ιξέρε,
496 1211 897 1280 γραμματικοῦ
921 1210 1396 1282 ἐπαγγελλομένου
1418 1211 1596 1264 πάντα
1623 1209 1714 1262 τὸν
1740 1224 1902 1281 προσ·

320 1302 473 1354 ιό.τα
503 1287 652 1372 αὖτῷ
700 1301 935 1368 διδάξειν
963 1304 1061 1373 τὴν
1091 1302 1202 1357 τῶν
1235 1301 1643 1373 γραμματικῶν
1675 1302 1902 1371 ἐπιστή-

320 1411 454 1463 μην,
497 1394 661 1459 αὐτὸς
689 1394 747 1449 δὲ
774 1395 1025 1466 ἐκμελῶς
1070 1394 1350 1467 προσέλθῃ
1380 1396 1475 1449 καὶ
1513 1392 1589 1465 μὴ
1622 1394 1904 1457 συντείνας

317 1485 516 1540 ἑαυτὸν
553 1488 581 1540 6
638 1487 919 1557 μαθητιῶν
978 1488 1116 1560 πρὸς
1175 1488 1276 1558 τὴν
1306 1488 1417 1570 τῶν
1477 1485 1904 1558 ἐπηγγελμένων

317 1578 611 1648 ἀνάληψιν,
645 1576 763 1632 εἶτα
787 1580 975 1650 ὅμοιος
1005 1579 1349 1649 ἀποφανθειη
1384 1583 1449 1651 τῇ
1483 1579 1761 1650 ἐκμελείᾳ,
1797 1574 1906 1647 ἆρά

317 1684 381 1735 γε
411 1667 639 1731 δικαίως
664 1668 730 1722 ἄν
761 1686 843 1732 τις
871 1669 1097 1740 ψεύδους
1131 1669 1400 1740 γράψαιτο
1426 1670 1515 1723 τὸν
1548 1668 1903 1732 διδάσκαλον;

317 1760 397 1814 Οὐ
434 1759 654 1829 σῶφρον
677 1756 829 1825 οὗτος
846 1762 1037 1815 ποιῶν.
1064 1763 1137 1815 Οὐ
1165 1762 1276 1833 γὰρ
1304 1760 1606 1833 προσῆλθεν
1634 1762 1662 1813 6
1696 1762 1905 1831 μέλλων

2000 560 2148 615 circa
2181 561 2321 616 labia
2356 563 2649 630 deﬂuebat,
2677 563 2840 637 467
2871 574 2927 621 et
2952 564 3010 621 in
3038 582 3289 638 spumam
3318 572 3582 629 dissolve-

2001 652 2165 707 batur
2204 653 2259 707 in
2306 655 2530 709 modum
2571 657 2857 712 aestuantis
2900 656 3119 714 fluctus.
3156 661 3264 717 Sed
3294 663 3437 720 dicet
3474 667 3583 721 ali-

2001 744 2169 813 quis:
2201 743 2256 799 Si
2298 743 2513 801 Domini
2550 748 2680 802 Jesu
2719 752 3073 820 praeceptoris
3099 753 3191 823 qui
3222 757 3441 811 mentiri
3477 774 3585 813 neo

2001 837 2119 906 quit
2145 852 2270 892 vera
2304 848 2387 893 est
2416 840 2726 909 promissio,
2758 858 2863 912 qua
2894 844 2969 898 ait
3003 861 3017 901 :
3049 863 3068 895 ι
3099 844 3294 903 Omnis
3321 850 3413 919 qui
3447 851 3583 920 petit

2000 928 2221 998 accipit,
2253 948 2270 981 ι
2294 932 2566 999 quomodo
2599 934 2716 989 hare
2752 951 2900 991 nunc
2930 937 3064 993 dicit
3091 955 3334 1009 praesens
3363 956 3583 1013 aposto~

2003 1023 2123 1079 lus?
2152 1024 2258 1079 Sed
2290 1027 2523 1083 dicimus
2549 1030 2694 1099 quod
2740 1031 2787 1086 is
2824 1033 2916 1102 qui
2965 1034 3144 1089 debita
3182 1037 3265 1091 via
3304 1048 3361 1093 et
3391 1041 3583 1096 ordine

2004 1118 2069 1171 ad
2112 1118 2409 1188 petendum
2446 1121 2706 1190 procedit,
2738 1123 2903 1180 habet
2942 1127 3105 1183 etiam
3155 1130 3421 1202 integram
3457 1149 3584 1204 pro.

2004 1207 2344 1276 missionem,
2389 1209 2443 1264 in
2492 1212 2645 1267 nullo
2692 1213 2988 1273 frustratus
3035 1218 3121 1274 his
3155 1236 3274 1291 quae
3301 1233 3581 1293 petuntur.

2006 1296 2062 1351 Si
2107 1315 2235 1353 vero
2265 1302 2571 1370 procedens
2598 1314 2751 1359 extra
2787 1322 3014 1378 scopum
3060 1312 3270 1368 tradita:
3304 1315 3585 1383 petitionis

2007 1399 2193 1459 petere
2227 1392 2522 1460 videbitur,
2551 1410 2662 1451 non
2691 1407 2886 1468 petens
2912 1401 3056 1457 sicut
3079 1414 3315 1472 oportet,
3342 1422 3411 1461 ne
3448 1412 3586 1478 petit

2002 1479 2247 1549 quidem,
2282 1481 2408 1537 ideo
2449 1497 2561 1538 non
2614 1487 2866 1556 accipiet.
2897 1487 3366 1555 Quemadmodum
3411 1497 3582 1562 enim,

2004 1571 2158 1626 verbi
2210 1574 2411 1642 gratia,
2441 1576 2487 1631 si
2531 1591 2836 1650 praeceptor
2874 1587 3261 1655 grammaticus
3299 1592 3586 1660 promittat

2007 1676 2068 1716 se
2099 1662 2385 1720 ducturum
2433 1683 2652 1747 omnem
2692 1673 2760 1727 ad
2791 1688 2849 1729 se
2879 1677 3230 1733 accedentem
3269 1664 3586 1752 grammati-

2008 1770 2151 1823 cam,
2184 1758 2276 1815 ille
2305 1769 2486 1816 autem
2518 1765 2609 1833 qui
2649 1765 2859 1822 discere
2890 1771 3043 1840 cupit
3071 1770 3312 1828 indebite
3341 1777 3586 1843 accedat,

327 1852 622 1923 μανθάνειν
650 1853 725 1916 ῶς
764 1857 791 1907 6
837 1854 1156 1917 διδάσκαλος
1203 1855 1598 1924 προετρέψατο.
1644 1856 1756 1908 Καὶ
1789 1855 1906 1916 πῶς

2013 1862 2115 1901 nec
2143 1848 2385 1918 seipsum
2411 1852 2613 1924 dirigat
2655 1856 2724 1912 ad
2760 1872 2951 1915 eorum
2994 1877 3117 1931 qua:
3156 1866 3425 1933 promissa
3459 1877 3590 1924 sunt

321 1944 406 2006 δὲ,
442 1945 474 2015 ἢ
508 1944 561 1996 τί
600 1945 708 2016 χρὴ
734 1947 927 2009 αἰτεῖν,
963 1947 1109 1999 εἴποι
1143 1963 1227 2008 τις
1253 1945 1353 2013 ἄν;
1384 1945 1558 1998 Αὑτοῦ
1595 1946 1695 2018 τὴν
1731 1949 1906 2015 ἐπαγ-

323 2037 515 2106 γελίαν
559 2037 930 2106 ποιησαμένου
987 2037 1318 2092 ἐπάκουσον.
1361 2038 1574 2092 Αἰτεῖτε
1605 2039 1703 2109 τὴν
1748 2039 1908 2109 βασι-

324 2129 478 2182 λείαν
507 2128 603 2183 τοῦ
642 2128 806 2193 Θεοῦ,
836 2130 933 2184 καὶ
966 2128 1062 2200 τὴν
1108 2128 1460 2200 δικαιοσύνην
1508 2128 1694 2183 αὐτοῦ.
1737 2129 1908 2194 Δῆλον

321 2216 421 2275 οὖν
454 2221 528 2282 ὡς
567 2222 664 2289 ὅγε
714 2219 888 2284 οὕτως
932 2220 1124 2286 αἰτῶν,
1173 2222 1267 2275 καὶ
1300 2223 1431 2291 περὶ
1467 2220 1728 2274 τοιούτων
1776 2238 1911 2291 προ-

327 2312 674 2383 ηγουμένως,
706 2312 829 2366 ούδέ
856 2312 965 2366 τῶν
986 2313 1165 2368 ἄλλων
1195 2314 1510 2385 ἁστοχήσει,
1545 2305 1622 2368 ὧν
1649 2314 1677 2366 6
1699 2313 1911 2383 λαμϐά-

327 2424 436 2459 νων
462 2406 564 2460 οὑκ
592 2406 702 2473 ἔξω
747 2409 996 2461 πεσεῖται
1025 2406 1128 2477 τῆς
1169 2405 1364 2460 ἑαυτοῦ
1404 2406 1698 2479 σωτηρίας.
1758 2408 1817 2462 Ὀ
1854 2406 1911 2459 δέ

330 2499 602 2571 ἐπιὸλαϐῆ
635 2503 732 2554 καὶ
771 2500 1040 2570 ἐπιζήμια
1074 2500 1267 2564 αίτῶν,
1307 2500 1407 2572 οὐχ
1451 2500 1563 2565 ἕξει
1600 2500 1913 2572 παρέχοντα

331 2594 543 2658 τοῦτον,
579 2593 715 2664 παρ’
755 2589 817 2649 οὗ
855 2596 1006 2648 πᾶσα
1035 2593 1183 2657 δόσις
1214 2593 1417 2664 ἀγαθή.
1457 2594 1617 2648 Ἀλλά
1647 2596 1742 2648 καὶ
1771 2594 1914 2662 γνῶ-

336 2703 421 2739 σιν
453 2687 608 2741 θείαν
640 2688 807 2741 αἰτῶν
833 2690 928 2742 καὶ
960 2686 1034 2759 μὴ
1052 2685 1376 2759 λαμϐάνων,
1404 2686 1507 2757 ﬁt:
1540 2685 1913 2757 πνευματικὸν

333 2779 603 2849 χάρισμα,
639 2779 729 2833 διὰ
760 2762 1069 2851 φιληδονίαν
1099 2782 1265 2835 αἰτῶν
1307 2782 1366 2834 οὐ
1412 2779 1662 2851 λήψεται.
1714 2777 1915 2842 Κακῶς

338 2872 445 2940 γὰρ
476 2872 623 2924 αἰτεῖ
652 2873 747 2925 καὶ
780 2872 949 2925 κακὸν
974 2872 1062 2924 ἐπ’
1086 2872 1331 2941 ἀπωλείᾳ
1367 2869 1586 2923 ἑαυτοῦ.
1608 2869 1694 2933 ,Οὐ
1738 2868 1913 2938 δήπου

337 2963 392 3018 δέ
429 2965 620 3016 κακῶν
664 2965 953 3035 πάροχοςό
986 2964 1139 3028 Θεός.
1191 2964 1384 3035 Μοιχοὶ
1444 2965 1538 3018 καὶ
1586 2960 1911 3032 μοιχαλίδες.

346 3075 366 3109 ι
395 3058 510 3110 Οὐκ
562 3057 740 3111 οἴδατε
764 3096 779 3121 ,
812 3058 895 3110 ὃτι
940 3060 972 3128 ἡ
1012 3058 1163 3128 φιλία
1218 3058 1312 3111 τοῦ
1372 3058 1604 3126 κόσμου.
1642 3074 1660 3107 ι
1694 3054 1915 3126 Ἐπειδὴ

336 3150 596 3220 ἀνωτέρω
649 3149 844 3220 μικρὸν
892 3149 1141 3219 διήλεγξέ
1190 3167 1342 3212 τινας
1400 3146 1914 3246 ψευδοσόφουςΔτὴν
1943 3186 1987 3246 c

337 3239 490 3293 θείαν
528 3240 1041 3311 καταπορνεύοντας
1087 3241 1336 3314 Γραφὴν,
1371 3243 1466 3295 καὶ
1514 3238 1914 3309 ἐνδιαστρόφως

337 3328 471 3401 αὐτῇ
504 3330 823 3400 χρωμένους
851 3330 989 3400 πρὸς
1026 3330 1087 3385 τὸ
1122 3331 1330 3384 ἑαυτῶν
1355 3328 1624 3401 βούλημα,
1656 3327 1744 3380 ἵνα
1780 3326 1916 3396 ἔχωο

340 3439 423 3475 σιν
456 3425 522 3475 ἐκ
569 3422 761 3477 τούτου
817 3423 1029 3491 ἐφόδιον
1058 3423 1158 3494 τῆς
1209 3423 1417 3476 ἑαυτῶν
1450 3421 1702 3492 ἐνηδόνου
1745 3419 1911 3491 ζωῆς,

338 3515 495 3569 τοῦτο
528 3516 584 3569 δὲ
610 3518 711 3570 οὐκ
734 3516 957 3570 ἄλλοθέν
984 3516 1149 3570 ποθεν
1179 3516 1211 3587 ἢ
1235 3515 1295 3582 ἐξ
1315 3516 1633 3581 ἀλαζονείας
1656 3514 1913 3569 συνίστα-

339 3624 426 3661 ται
460 3610 557 3663 καὶ
593 3608 1097 3680 ὑπερηφανίας,διά
1117 3609 1275 3662 τοῦτο
1311 3608 1405 3662 νῦν
1436 3609 1532 3663 καὶ
1564 3605 1917 3678 ἐμϐριθέστε-

342 3716 431 3768 ρον
457 3700 698 3770 πρόεισι,
730 3702 825 3754 καὶ
854 3698 1287 3770 ἀλλοτριώτερον
1314 3698 1412 3767 τῆς
1441 3696 1636 3751 ἑαυτοῦ
1668 3695 1911 3767 πραότη-

341 3808 427 3855 τος
460 3791 729 3863 κέχρηται
761 3795 873 3856 τοῖς
912 3792 1283 3855 ὀνειδιστικοῖς
1317 3791 1516 3859 λόγοις,
1561 3791 1782 3861 μοιχοὺς
1819 3791 1916 3844 καὶ

345 3883 654 3953 μοιχαλίδας
682 3883 975 3937 ἀποκαλῶν
1003 3884 1129 3947 τοὺς
1148 3881 1446 3948 τοιούτους,
1466 3882 1561 3936 καὶ
1585 3881 1915 3949 ἐλεγκτικῶς

343 3975 745 4045 καταισχύνων,
768 3975 1032 4039 τοιούτοις
1068 3975 1252 4046 σχεδὸν
1283 3973 1622 4046 κεχρημένος
1650 3973 1913 4044 ἐλέγχοις.

343 4065 476 4118 Εἰπέ
519 4082 633 4135 μοι,
668 4066 888 4134 μάταιε·
919 4064 1081 4132 σοφὸν
1123 4065 1315 4118 ἐαυτὸν
1344 4063 1668 4133 ἀποφαίνειν
1695 4061 1911 4133 βούλει;

347 4158 444 4211 καὶ
476 4157 642 4211 πόθεν
663 4158 793 4228 ὑμῖν
821 4158 882 4211 τὸ
916 4159 1032 4229 μετ’
1061 4157 1235 4229 ἔριδος
1262 4158 1357 4211 καὶ¹
1379 4155 1641 4227 διηνεκῶς
1672 4155 1913 4225 πολέμου

343 4250 438 4321 ζῇν
469 4292 484 4313 ,
530 4251 626 4304 καὶ
660 4251 721 4304 τὸ
752 4252 841 4305 ἀεὶ⁸
866 4251 1319 4322 προσπεφυκέναι
1348 4253 1462 4313 τοῖς
1503 4247 1776 4321 παροῦσι;
1808 4248 1916 4302 Καὶ

342 4344 399 4395 τὸ
443 4344 542 4414 ἡδὺ
611 4343 708 4397 τοῦ
760 4345 1029 4415 παρόντος
1100 4344 1216 4416 βίου
1282 4341 1644 4414 μεταδιώκειν
1708 4343 1916 4413 ἀμετα-

343 4436 603 4505 στρεπτξ;
655 4437 769 4489 Οὐκ
794 4436 910 4490 ἔστι
938 4436 1097 4490 τοῦτο
1131 4435 1333 4506 σοφῶν,
1370 4435 1506 4488 ἀλλὰ
1548 4433 1784 4504 χυδαίων
1819 4435 1916 4487 ἀν-

2008 1942 2405 2009 receptionem,
2456 1945 2655 2001 deinde
2710 1948 2905 2006 similis
2945 1967 3056 2008 sua:
3095 1955 3417 2013 absurditati
3457 1975 3590 2015 eva-

2008 2032 2122 2098 dat,
2147 2052 2281 2090 num
2307 2040 2577 2110 quispiam
2607 2054 3000 2116 praeceptorem
3022 2051 3219 2106 merito
3246 2047 3590 2111 aceusaverit

2009 2129 2314 2184 mendacii?
2343 2123 2464 2188 talis
2503 2145 2652 2190 certe
2680 2152 2789 2192 non
2812 2141 3111 2209 prudenter
3139 2144 3360 2202 faceret.
3401 2148 3591 2222 Neque

2010 2223 2159 2277 enim
2207 2224 2255 2279 is
2287 2225 2380 2295 qui
2424 2227 2769 2298 disciplinam
2818 2244 3145 2304 accepturus
3174 2249 3325 2305 erat,
3358 2245 3593 2300 accessit

2011 2315 2155 2370 sicut
2183 2327 2490 2389 praeceptor
2515 2322 2857 2381 exhortatur.
2893 2325 3105 2384 Diceret
3135 2340 3319 2387 autem
3349 2335 3544 2405 aliquis
3571 2354 3589 2397 :

2013 2406 2081 2460 Et
2117 2411 2394 2477 quomodo
2435 2422 2529 2467 aut
2571 2414 2702 2484 quid
2742 2425 2929 2487 petere
2964 2428 3215 2491 oportet?
3248 2426 3428 2495 Ipsum
3464 2430 3593 2484 audi

2012 2500 2104 2569 qui
2132 2502 2556 2572 promissionem
2588 2506 2737 2561 fecit.
2771 2529 2790 2561 ι
2826 2509 3004 2568 Petite
3029 2529 3256 2585 regnum
3301 2518 3393 2574 Dei
3426 2530 3481 2575 et
3501 2521 3593 2591 ju-

2014 2593 2215 2647 stitiam
2257 2596 2458 2664 ejus“.
2496 2617 2516 2650 ι
2571 2599 2915 2659 Manifestum
2955 2620 3083 2678 ergo
3115 2609 3261 2679 quod
3304 2612 3351 2668 is
3385 2613 3476 2684 qui
3519 2616 3594 2671 ita

2015 2687 2151 2755 petit
2178 2696 2233 2741 et
2258 2691 2606 2760 potissimum
2633 2694 2700 2748 de
2730 2696 2926 2751 talibus
2956 2715 2970 2754 :
3004 2714 3183 2769 neque
3216 2704 3336 2759 aliis
3362 2704 3593 2762 frustra-

2017 2776 2182 2842 bitur,
2210 2795 2330 2848 qua:
2369 2782 2645 2852 accipiens
2692 2802 2803 2841 non
2842 2789 3000 2845 cadet
3034 2801 3186 2847 extra
3213 2809 3276 2849 ea
3313 2811 3432 2865 quae
3465 2808 3596 2858 sunt

2018 2883 2131 2924 suae
2183 2872 2396 2955 salutis.
2447 2873 2550 2941 Qui
2599 2892 2730 2932 vero
2771 2879 2964 2937 nociva
3014 2896 3078 2938 ac
3120 2884 3382 2943 damnosa
3434 2891 3591 2961 petit,

2019 2963 2163 3018 hunc
2187 2980 2297 3018 non
2321 2965 2540 3022 habebit
2568 2984 2632 3023 ea
2664 2969 2992 3026 tribuentem
3017 2990 3045 3028 a
3074 2991 3184 3046 quo
3214 2979 3395 3034 omnis
3422 2982 3596 3037 dona-

2020 3054 2095 3109 tio
2130 3056 2291 3111 bona.
2339 3058 2447 3113 Sed
2480 3062 2641 3114 etiam
2692 3062 2930 3119 divinam
2963 3077 3157 3137 petens
3195 3073 3470 3140 notitiam,
3500 3088 3596 3134 aut

2022 3145 2304 3216 spirituale
2350 3148 2571 3218 aliquod
2623 3150 2825 3207 donum
2860 3169 2891 3208 a
2933 3158 3208 3226 voluptate
3262 3172 3437 3233 petes,
3481 3182 3594 3227 non

2020 3237 2251 3306 accipiet
2290 3253 2304 3292 :
2340 3238 2478 3291 mare
2525 3238 2670 3293 enim
2716 3241 2873 3310 petit,
2920 3252 2975 3298 et
3024 3245 3225 3302 malum
3268 3259 3351 3305 est
3397 3252 3466 3307 ad
3508 3255 3595 3308 sui

2018 3326 2380 3396 perditionem
2410 3344 2425 3387 :
2453 3342 2617 3399 porro
2650 3329 2795 3386 Deus
2824 3346 3166 3404 nequaquam
3208 3338 3400 3396 tribuit
3429 3343 3591 3400 mala.

1999 3437 2044 3470 ,α
2110 3418 2357 3475 Adulteri
2418 3430 2474 3477 et
2534 3423 2814 3480 adulterae.
2873 3426 3106 3484 Nescitis
3154 3433 3300 3502 quod
3355 3436 3595 3508 amicitia

2018 3514 2230 3569 mundi.
2256 3532 2275 3566 ι
2305 3513 2571 3581 Quoniam
2598 3517 2787 3587 paucis
2818 3521 3243 3591 reprehenderat
3267 3526 3321 3579 in
3349 3530 3596 3599 superiu—

2016 3608 2168 3663 ribus
2195 3609 2458 3678 quosdam
2488 3609 2655 3666 falsos
2679 3612 2973 3683 sapientes,
2991 3615 3081 3685 qui
3104 3616 3346 3673 divinam
3370 3630 3596 3678 constu-

2016 3705 2245 3768 prarent
2265 3696 2603 3769 Scripturam
2632 3710 2688 3757 ct
2714 3718 2977 3772 perverso
3005 3707 3197 3764 ordine
3227 3709 3344 3781 ipsa
3370 3720 3559 3769 uteren
3576 3742 3595 3756 -

2019 3798 2108 3843 tur
2164 3791 2233 3846 ad
2289 3805 2444 3846 suam
2503 3795 2882 3863 voluntatem,
2939 3806 3001 3853 ut
3050 3799 3177 3856 hinc
3230 3807 3595 3874 patrocinium

2019 3881 2286 3939 haberent
2309 3900 2422 3939 sua-
2443 3885 2781 3956 voluptuosae
2807 3890 2965 3947 vitae:
2999 3891 3103 3948 hoc
3125 3904 3306 3951 autem
3343 3912 3410 3953 ex
3444 3901 3597 3956 nullo

2018 3975 2125 4029 alio
2155 3976 2332 4030 oritur
2359 3992 2520 4047 quam
2555 3994 2621 4033 ex
2665 3982 2976 4051 arrogantia
3015 3983 3264 4056 fastuque
3299 3992 3595 4059 superbiae,

2022 4076 2311 4138 propterea
2335 4084 2552 4139 quoque
2577 4084 2724 4125 nunc
2740 4072 2958 4142 gravius
2983 4078 3228 4144 procedit
3249 4088 3302 4133 et
3315 4082 3597 4146 probrosis

2023 4163 2196 4218 utitur
2217 4162 2420 4228 verbis,
2444 4177 2473 4217 a
2504 4177 2601 4217 sua
2628 4163 2850 4219 levitate
2883 4168 3120 4222 maxime
3150 4169 3364 4237 alienis,
3392 4187 3597 4229 vocans

2022 4255 2156 4308 tales
2199 4253 2478 4308 adulteros
2531 4263 2588 4309 et
2629 4255 2923 4323 adulteras,
2957 4269 3013 4315 et
3057 4265 3336 4334 arguendo
3369 4268 3599 4338 pudefa-

2018 4345 2189 4411 ciens,
2215 4359 2278 4399 ac
2304 4344 2499 4400 talibus
2520 4349 2913 4416 propemodum
2937 4359 3097 4408 utens
3117 4356 3557 4416 accusationibus
3579 4378 3592 4415 :

2022 4437 2118 4492 Dic
2151 4436 2306 4502 mihi,
2338 4452 2478 4493 vane
2512 4454 2526 4494 :
2561 4438 2864 4508 sapientem
2911 4442 3144 4513 teipsum
3187 4448 3445 4506 exhibere
3477 4450 3594 4507 vis?

341 4527 499 4597 δρῶν,
534 4530 629 4581 καὶ
689 4528 822 4599 πρὸς
852 4529 950 4599 τὴν
981 4529 1163 4597 φιλίαν
1213 4528 1307 4581 τοῦ
1353 4528 1557 4598 κόσμου
1588 4526 1910 4580 ἀποκλινάν-

2020 4539 2076 4586 et
2104 4530 2249 4584 unde
2284 4530 2438 4585 vobis
2473 4531 2619 4600 quod
2654 4546 2778 4587 cum
2814 4536 3168 4592 contentione
3194 4548 3249 4594 et
3283 4540 3426 4597 bello
3459 4560 3593 4600 con-

339 4639 463 4674 των.
504 4625 570 4675 ὐ
602 4624 696 4676 καὶ
746 4623 967 4693 μοιχοὺς
998 4623 1142 4692 ὑμᾶς
1182 4621 1425 4674 δείκνυσι
1460 4619 1554 4673 τοῦ
1588 4619 1914 4673 ἑναποθέτου

339 4717 430 4769 καὶ
456 4716 603 4768 θείου
631 4718 726 4767 καὶ
760 4714 1033 4788 σώφρονος
1065 4715 1318 4778 κάλλους,
1349 4715 1409 4768 τὸ
1440 4714 1690 4784 θυμῶδες
1722 4730 1913 4782 προτι-

343 4811 558 4878 μῶντας
600 4809 695 4863 καὶ
730 4809 958 4879 βέϐηλον
993 4811 1089 4863 καὶ
1118 4809 1368 4879 αίσχρδν,
1412 4810 1505 4863 καὶ
1544 4812 1610 4880 τῇ
1653 4810 1790 4879 πρὸς
1826 4809 1916 4863 τὸν

339 4903 581 4971 παρόντα
612 4901 967 4971 προσπαθείᾳ
992 4899 1090 4970 τὴν
1116 4901 1251 4970 πρὸς
1286 4899 1420 4953 Θεὸν
1447 4899 1651 4971 ἔχθραν
1687 4901 1914 4952 ἐπαναι-

341 4993 659 5062 ρουμένους.
691 4992 763 5044 Ἦ
814 4993 914 5045 οὐκ
943 4992 1120 5044 οἴδατε
1152 4993 1233 5044 ὅτι
1283 4994 1317 5062 ἡ
1368 4991 1461 5044 τοῦ
1503 4994 1708 5061 κόσμου
1762 4991 1914 5059 φιλία

342 5085 619 5154 ἀλλοτριοῖ
663 5084 759 5154 τῆς
821 5083 974 5147 θείας
1016 5083 1285 5154 φιλίας.ἣ
1341 5083 1570 5154 ἐχθροὺς
1620 5082 1914 5153 ἀποφαίνει

334 5177 468 5231 θεοῦ
490 5196 503 5240 ;
538 5177 760 5246 Κόσμον
787 5176 1025 5230 ἐνταῦθα
1052 5178 1233 5229 πᾶσαν
1262 5176 1362 5247 τὴν
1393 5177 1586 5246 ὑλικὴν
1608 5175 1753 5246 ζωὴν
1780 5177 1915 5229 ἀπο-

336 5268 539 5335 καλῶν,
576 5267 653 5330 ῶς
710 5266 925 5337 μητέρα
982 5267 1081 5336 τῆς
1129 5266 1357 5336 φθορᾶς.
1388 5261 1498 5329 *Ης
1545 5265 1574 5317 6
1624 5268 1915 5336 μετασχεῖν

337 5360 606 5425 σπεύδων,
642 5358 836 5429 ἐχθρὸς
864 5358 1077 5426 γίνεται
1106 5357 1201 5411 τοῦ
1230 5357 1385 5410 Θεοῦ.
1415 5358 1512 5411 Διά
1540 5356 1642 5426 γὰρ
1669 5360 1767 5428 τὴν
1787 5359 1915 5428 περὶ

336 5452 405 5504 τά
436 5450 694 5519 ἀνωφελῆ
725 5449 981 5519 σπουδὴν,
1020 5449 1300 5520 ὀλιγώρως
1335 5448 1448 5518 ἔχει
1479 5450 1587 5503 τῶν
1631 5451 1793 5504 θείων
1823 5455 1916 5506 καὶ

338 5542 748 5615 ὑπεροπτικῶς.
798 5541 856 5594 '0
894 5542 1029 5612 πρὸς
1061 5541 1258 5612 μόνους
1275 5541 1401 5604 τοὺς
1431 5542 1792 5613 μισουμένους
1822 5546 1917 5599 καὶ

340 5634 568 5707 ἐχθροὺς
601 5620 764 5704 ἡμῶν
799 5634 1105 5705 πάσχομεν.
1143 5632 1247 5688 Δύο
1273 5633 1564 5706 τοιγαροῦν
1604 5634 1773 5690 ὄντων
1805 5635 1914 5689 τῶν

417 5814 461 5844 ⁸¹
498 5811 697 5868 Matth.
739 5813 909 5880 v1.53

2020 4618 2174 4673 tinue
2216 4619 2415 4675 vivatis
2437 4661 2452 4685 ,
2485 4619 2652 4693 5.68
2680 4637 3003 4694 semperque
3029 4627 3170 4682 aflixi
3203 4630 3321 4686 sitis
3349 4649 3593 4702 prasen-

2022 4710 2188 4772 tibus,
2219 4725 2283 4765 ac
2318 4712 2604 4780 praesentis
2640 4713 2766 4767 vitae
2799 4714 3197 4784 jucunditatem
3230 4731 3383 4779 certo
3408 4727 3594 4784 animo

2018 4803 2466 4872 prosequamini?
2491 4803 2543 4856 id
2570 4819 2681 4859 non
2704 4812 2789 4860 est
2815 4809 3142 4877 sapientium
3171 4814 3267 4869 sed
3292 4817 3593 4889 vulgarium

2018 4894 2285 4962 virorum,
2319 4904 2376 4950 et
2408 4894 2501 4965 qui
2544 4896 2611 4950 ad
2650 4897 2838 4953 mundi
2887 4900 3181 4957 amicitiam
3226 4906 3592 4978 declinarunt,

2019 4992 2075 5038 et
2106 4999 2202 5037 vos
2246 4984 2488 5040 ostendit
2534 4985 2811 5042 adulteros
2854 4988 2946 5058 qui
2984 4993 3280 5048 recondita:
3310 5005 3364 5051 et
3397 4999 3595 5056 divinae

2016 5091 2081 5131 ac
2120 5077 2366 5146 honestae
2412 5076 2804 5146 pulchritudini
2859 5082 3136 5153 vulgarem
3201 5097 3256 5141 et
3307 5090 3593 5158 profanam

2018 5179 2345 5239 turpemque
2390 5170 2715 5240 praeferatis,
2766 5182 2822 5229 et
2862 5175 3206 5234 inimicitiam
3247 5197 3374 5253 erga
3423 5182 3592 5240 Deum

2017 5264 2217 5333 geratis
2243 5263 2311 5317 ob
2350 5263 2604 5318 allectum
2642 5266 2708 5320 ad
2740 5270 3051 5336 praesentia.
3084 5273 3162 5325 An
3196 5276 3419 5329 nescitis
3449 5278 3594 5346 quod

2019 5353 2206 5409 mundi
2252 5355 2491 5410 amicitia
2525 5355 2729 5411 alienat
2784 5373 2814 5412 a
2860 5359 3041 5414 divina
3080 5363 3341 5426 amicitia,
3372 5375 3462 5419 aut
3497 5365 3593 5422 Dei

2020 5446 2195 5500 reddit
2226 5446 2518 5502 inimicos?
2558 5449 2824 5503 mundum
2865 5449 2969 5506 hoc
3009 5452 3127 5507 loco
3152 5454 3443 5510 nominans
3473 5472 3590 5511 omv

2019 5554 2142 5594 nem
2182 5540 2520 5596 malerialem
2570 5556 2920 5614 crassamque
2968 5545 3153 5608 vitam,
3184 5555 3446 5618 tanquam
3478 5565 3595 5606 ma-

2022 5643 2159 5688 trem
2188 5632 2576 5704 corruptionis,
2606 5634 2763 5705 cujus
2806 5635 2852 5690 is
2895 5638 2988 5707 qui
3034 5636 3307 5711 particeps
3337 5655 3459 5698 esse
3498 5656 3598 5702 co-
