3970 6554
318 416 419 480 497

1204 431 1586 493 COMMENT.
1621 433 1700 494 ΙΝ
1726 433 1959 493 EPIST.
1990 434 2304 498 CATHOL.
2334 438 2615 500 JACOBI.

3466 449 3578 516 498

314 534 414 588 τοῦ
443 533 582 587 Ἰὼϐ·
617 536 730 592 Οἴει
766 557 834 610 με
869 541 1044 609 ἄλλως
1089 561 1169 598 σοι
1201 549 1695 618 κεχρηματικέναι,
1726 550 1759 621 ἢ
1796 550 1878 603 ἵνα

1992 558 2217 605 tantem.
2255 553 2350 609 Est
2380 565 2563 611 autem
2612 558 2789 615 simile
2834 576 2934 631 per
2973 564 3310 622 reticentiam
3342 581 3576 640 respon-

314 625 596 700 ἀναφανῇς
625 628 853 697 δίκαιος;
880 635 988 687 Καὶ
1017 636 1126 707 γὰρ
1147 638 1380 692 ἐνταῦθα
1413 641 1446 710 ἡ
1470 641 1769 713 ἀναίρεσις,
1788 642 1885 708 Οὔ,

313 715 400 771 διέι
466 717 626 773 τοῦτο
673 722 1061 797 ἀπεσιωπήθη.
1097 745 1115 777 ι
1152 730 1438 783 Ἐπιποθεί
1484 732 1546 786 τὸ
1588 732 1827 803 πνεῦμα.
1861 752 1878 786 ι

314 806 537 877 Πνεῦμα
565 808 665 880 τὴν
691 812 904 885 ἀγαθήν
933 831 1066 885 φησι
1091 819 1430 891 προαίρεσιν,
1459 821 1534 884 ὡς
1557 823 1651 877 καὶ
1679 825 1706 877 ὁ
1728 823 1888 878 Δαυῖδ

314 915 468 967 φησι·
507 918 525 951 ι
558 902 839 974 Πνεύματι
881 909 1211 982 ἡγεμονικῷ.
1244 930 1264 964 ι
1301 912 1581 981 Τουτέστι,
1626 916 1889 990 προαιρέ-

312 1007 393 1043 σει
424 994 728 1066 Δεσποτικῇ
762 997 873 1050 τῶν
909 999 1121 1058 παθῶν.
1155 1002 1262 1056 Καὶ
1298 1003 1514 1076 πνεῦμα
1543 1006 1718 1074 εὑθὲς,
1750 1023 1886 1079 προσ

309 1081 525 1152 αἰρεσιν
554 1084 790 1142 εὐθεῖαν.
1492 1098 1495 1101 “

390 1353 755 1424 Ὑποτάγητε
794 1352 911 1413 οὖν
943 1358 1023 1425 τῷ
1068 1360 1212 1427 Θεῷ.
1247 1362 1594 1432 ’Δντίστητε
1632 1364 1714 1431 τῷ
1746 1365 1888 1420 δια-

306 1444 483 1512 σόλῳ,
516 1448 613 1500 καί
640 1450 922 1515 φεύξεται
952 1452 1052 1522 ἀφ’
1075 1453 1263 1524 ὑμῶν.
1301 1455 1591 1526 Ἐγγίζετε
1619 1455 1699 1524 τῷ
1741 1456 1882 1524 Θεῷ,

307 1538 406 1590 καὶ
435 1538 625 1607 ἐττιεῖ
659 1540 822 1610 ὑμῖν.
848 1545 1223 1614 Καθαρίσατε
1265 1547 1488 1616 χεζοας,
1524 1550 1881 1619 ἁμαρτωλοί,

306 1627 407 1681 καί
446 1631 736 1698 ἁγνίσατε
770 1633 1047 1704 καρδίας,
1068 1635 1339 1706 δίψυχοι.
1386 1641 1886 1709 Ίϊιλαιπωρήσατε

307 1720 403 1773 καί
426 1723 778 1789 πενθήσατε
812 1726 912 1780 καὶ
937 1729 1267 1784 κλαύσατε.
1306 1730 1359 1783 '0
1386 1731 1573 1799 γέλως
1604 1732 1774 1802 ὑμῶν
1796 1736 1885 1801 είς

307 1811 527 1879 πένθος
547 1819 1042 1888 μεταστραφήτω,
1064 1823 1161 1876 καί
1188 1824 1226 1892 ἠ
1247 1824 1402 1893 χαρὰ
1427 1828 1513 1893 είς
1529 1827 1879 1896 κατήφειαν.

1995 641 2186 707 sionis,
2233 644 2374 700 sicut
2416 647 2548 703 illud
2584 649 2638 704 in
2671 650 2774 707 Job
2805 672 2817 708 :
2855 652 3021 710 Putas
3059 670 3148 712 me
3189 658 3298 713 alio
3338 658 3444 714 [lue
3477 660 3578 719 tibi

1996 737 2340 804 respondisse
2371 756 2533 809 quam
2575 757 2636 800 ut
2673 746 2854 816 justus
2886 750 3184 820 apparens?
3222 750 3436 808 Etenim
3473 753 3578 811 boe

1993 824 2113 881 loco
2146 831 2429 898 reSjionsio
2458 850 2471 887 :
2498 833 2640 903 Non,
2676 853 2933 909 expressa
2960 858 3070 897 non
3100 852 3203 900 est.
3244 864 3264 896 ι
3299 844 3575 919 Concupi-

1993 920 2096 974 scit
2135 921 2382 990 Spiritus.
2431 944 2449 979 ι
2501 926 2766 999 Spiritum
2800 933 2930 991 dicit
2965 936 3168 992 bonum
3211 942 3572 1009 propositum,

1993 1012 2450 1076 quemadmodum
2502 1019 2663 1075 etiam
2712 1022 2879 1080 David
2910 1024 3082 1081 dicit:
3123 1044 3142 1078 ι
3181 1026 3384 1097 Spiritu
3420 1027 3573 1097 prin-

1993 1096 2255 1166 cipali“:
2299 1120 2317 1155 ι
2356 1103 2459 1160 boc
2490 1116 2574 1162 est
2607 1108 2817 1166 Domini
2863 1113 3141 1169 voluntate
3179 1096 3282 1185 qua
3332 1096 3576 1170 immittit

1991 1187 2334 1249 alllicﬁones.
2373 1193 2441 1249 Et
2485 1198 2736 1269 spiritum
2792 1212 3001 1258 rectum
3046 1204 3179 1261 dicit
3235 1205 3571 1261 voluntatem

1992 1289 2217 1337 rectam.

2063 1372 2153 1438 IV,
2187 1375 2338 1432 7J3.
2373 1379 2579 1436 διείπίὶιὶ
2600 1400 2720 1455 ergo
2750 1395 2910 1441 estote
2948 1387 3072 1443 Deo.
3103 1388 3350 1445 Resistite
3382 1390 3573 1446 diabo-

1993 1458 2063 1525 lo,
2096 1472 2145 1516 et
2187 1466 2353 1534 fugiet
2391 1485 2422 1522 a
2459 1471 2615 1524 rubis.
2654 1475 3081 1547 Appropinquate
3118 1476 3246 1545 Deo,
3283 1487 3333 1533 et
3375 1495 3570 1549 appro-

1991 1549 2267 1618 pinquabit
2295 1554 2459 1609 vobis.
2484 1556 2779 1615 Emundate
2799 1580 3006 1629 manus,
3035 1575 3351 1635 peccatores,
3385 1577 3433 1622 et
3467 1584 3568 1636 pu-

1992 1640 2198 1709 riﬁcate
2245 1643 2411 1716 570
2448 1650 2629 1712 corda,
2672 1654 2903 1724 duplices
2929 1658 3130 1712 animo.
3172 1659 3476 1730 Aﬂligimini
3517 1668 3570 1714 et

1993 1730 2163 1803 lugete
2185 1750 2250 1788 ac
2274 1737 2498 1805 plurale.
2528 1740 2681 1796 Risus
2711 1755 2877 1799 vester
2901 1747 2957 1802 in
2987 1748 3182 1804 luctum
3212 1761 3564 1820 convertatur,

1993 1833 2042 1878 et
2069 1828 2325 1897 gaudium
2352 1832 2405 1884 in
2432 1849 2724 1890 maerorem.
2755 1838 3092 1909 Dejiciamini
3118 1859 3297 1899 coram
3323 1845 3564 1911 Domino,

314 1907 719 1976 Ταπεινώθητε
765 1912 1030 1967 ἐνώπιον
1058 1916 1166 1970 τοῦ
1214 1920 1455 1987 Κυρίου,
1500 1921 1599 1975 καί
1655 1923 1878 1990 ὑψώσει

1991 1924 2040 1969 et
2069 1918 2320 1974 exaltabit
2347 1938 2455 1977 vos.
2487 1923 2568 1980 Ne
2595 1907 2885 1983 detrahatis
2915 1931 3052 1987 vobis
3082 1934 3321 1996 invicem.
3352 1936 3565 2007 fratres.

313 1994 488 2064 ὑμᾶς.
535 2000 634 2068 Μὴ
685 2003 1077 2059 καταλαλεῖτε
1125 2007 1438 2075 ἀλλήλων,
1497 2008 1770 2080 ἀδελφοί.
1822 2011 1886 2065 ⁸0

310 2090 671 2145 καταλαλῶν
717 2093 1008 2165 ἀδελφοῦ,
1058 2097 1158 2151 καί
1207 2100 1428 2167 κρίνων
1467 2101 1575 2155 τὸν
1617 2103 1887 2174 ἀδελφὸν

310 2180 516 2246 αὐτοῦ,
548 2186 882 2240 καταλαλεῖ
903 2188 1110 2257 νόμον,
1143 2190 1242 2244 καὶ
1271 2191 1463 2260 κρίνει
1490 2195 1698 2265 νόμον.
1731 2198 1797 2250 Et
1817 2195 1885 2250 δὲ

311 2273 496 2340 νόμον
536 2274 782 2344 κρίνεις,
810 2280 922 2333 οὐκ
956 2277 1017 2335 εἴ
1042 2282 1300 2353 ποιητὴς
1332 2285 1543 2354 νόμου,
1569 2286 1728 2342 ἀλλὰ
1761 2305 1886 2356 κρι-

307 2363 436 2430 τιὶς.
470 2360 577 2432 Εἷς
607 2368 779 2423 ἐστιν
807 2373 840 2425 ὀ
890 2373 1218 2441 νομοθέτης
1262 2378 1296 2431 ὁ
1323 2375 1661 2448 δυνάμενος
1689 2379 1885 2435 σῶσαι

310 2456 403 2509 καὶ
433 2456 754 2515 ἀπολέσαι.
786 2462 870 2517 Σύ
902 2464 991 2530 τίς
1019 2461 1095 2530 εἴ,
1134 2464 1202 2533 ὃς
1227 2468 1451 2537 κρίνεις
1501 2470 1612 2526 τὸν
1640 2471 1881 2542 ἓτερονς

383 2566 402 2598 ι
436 2548 721 2617 ’Δγνίσατε
755 2554 1003 2625 καρδίας,
1047 2556 1282 2628 δίψυχοι.
1308 2579 1328 2612 ι
1349 2562 1617 2633 Διψύχους
1647 2566 1741 2620 καὶ
1771 2566 1883 2621 ἅνω

313 2639 402 2692 καὶ
431 2642 664 2696 ἐνταῦθα
692 2645 817 2709 τοὺς
855 2646 931 2719 μὴ
966 2647 1087 2702 καθ’
1127 2649 1223 2703 ἕνα
1249 2652 1450 2723 τρόπον
1477 2655 1576 2726 ζῇν
1621 2658 1881 2729 αἱρουμέ-

309 2748 428 2795 νους
463 2735 637 2804 λέγει,
682 2738 820 2792 ἀλλὰ
863 2741 1166 2811 ἀγομένους
1196 2745 1291 2797 καὶ
1323 2751 1787 2822 περιφερομένους
1824 2755 1882 2806 ἐν

308 2828 369 2895 τῇ
392 2826 590 2899 κυϐείᾳ
640 2830 752 2883 τῶν
798 2831 1123 2903 ἀνθρώπων.
1153 2836 1230 2891 Οὐ
1260 2837 1369 2909 γάρ
1409 2840 1514 2893 εἰσι
1562 2842 1882 2913 μονότροποι

310 2917 366 2969 ὲν
387 2920 520 2989 οῐκῳ
542 2920 648 2975 ὑπὸ
682 2923 888 2995 Κυρίου
913 2927 1371 2998 κατοικιζόμενοι.
1394 2931 1517 2984 Ὀτι
1535 2932 1591 2985 δὲ
1617 2934 1763 3005 ψυχὴ
1786 2936 1882 2990 καὶ

307 3013 339 3080 ἡ
376 3011 493 3084 ζωὴ
524 3013 762 3082 λέγεται,
796 3017 997 3081 ἱκανῶς
1025 3020 1086 3073 τὸ
1130 3021 1187 3073 ἐν
1226 3020 1346 3074 Ἰὼϐ
1372 3025 1519 3093 ἡμᾶς
1548 3026 1771 3092 διδάξει,
1798 3030 1878 3096 τὸ,

311 3121 329 3155 ι
354 3104 540 3176 Δέρμα
568 3109 708 3181 ὑπὲρ
722 3110 1008 3182 δέρματος,
1024 3112 1118 3166 καὶ
1138 3115 1316 3169 πάντα
1329 3115 1430 3171 ὅσα
1446 3119 1558 3187 ἔχει
1572 3119 1668 3172 ἄνθ
1678 3138 1878 3191 ρωπος,

305 3195 466 3250 obest
488 3199 631 3270 ὑπὲρ
646 3202 743 3271 τῆς
772 3203 949 3273 ψυχῆς
983 3204 1170 3260 αὑτοῦ.
1211 3224 1230 3258 ι
1253 3236 1322 3247 --
1357 3226 1376 3261 ι
1406 3208 1497 3281 Μὴ
1527 3210 1879 3266 καταλαλεῖτε

304 3289 574 3359 ἀλλήλων.
609 3310 629 3343 ι
672 3289 795 3347 υἷδε
824 3296 924 3366 τὴν
965 3296 1342 3368 ὑπερηφανίαν
1371 3298 1429 3365 ἐξ
1456 3300 1756 3374 ὑπεροψίας
1786 3307 1880 3359 καὶ

304 3383 643 3450 καταλαλιᾶς
673 3387 816 3440 κατὰ
851 3387 960 3441 τῶν
1015 3390 1279 3444 ἐπιεικῶν
1331 3395 1501 3447 κινεῖν
1532 3396 1659 3460 τοὺς
1706 3400 1879 3472 ταύτῃ

304 3474 622 3545 χρωμένους
657 3480 1023 3552 ἐπειγομένην
1047 3484 1128 3546 εἰς
1155 3485 1397 3554 παντελῆ
1428 3486 1633 3543 τούτων
1666 3490 1880 3557 ἐξουδέ-

303 3582 487 3621 νωσιν.
518 3569 724 3625 Τούτου
757 3569 852 3626 οὖν
881 3574 1114 3643 ἀπάγων
1139 3576 1359 3644 αὐτοὺς,
1389 3579 1478 3634 διὰ
1503 3580 1614 3634 τῶν
1654 3599 1878 3654 προκει-

306 3658 485 3726 μένων
533 3664 892 3735 σωφρονίζειν
947 3667 1197 3737 βούλεται
1253 3670 1454 3741 λέγων·
1518 3692 1536 3726 ι
1567 3676 1883 3732 Καταλαλεϊ

300 3749 466 3821 νόμου
487 3754 586 3808 καὶ
601 3756 774 3827 κρίνει
797 3759 976 3829 νόμον.
1003 3761 1178 3815 »Ἀντὶ
1202 3762 1294 3817 τοῦ
1313 3765 1669 3836 Κατακρίνει,
1699 3770 1878 3823 Kan-

304 3846 514 3910 φρονεῖ.
568 3845 629 3900 '0
690 3847 799 3918 γὰρ
853 3853 1201 3922 κατακρίνων
1257 3855 1366 3908 ἀπὸ
1418 3862 1878 3930 καταφρονήσεως

301 3933 460 3989 τοῦτο
503 3940 671 3992 ποιεῖ.
710 3941 868 3996 Ποῖον
899 3943 956 3997 δὲ
1001 3944 1200 4015 νόμον;
1247 3947 1471 4017 Πρῶτον
1528 3952 1627 4020 μὲν
1670 3951 1760 4005 τὸν
1794 3953 1875 4007 δι-

305 4029 659 4099 αγορεύοντα,
689 4050 709 4083 ι
734 4034 827 4105 Μὴ
861 4036 1076 4106 κρίνετε
1098 4037 1184 4091 ἵνα
1210 4039 1286 4111 μὴ
1314 4041 1561 4112 κριθῆτε.
1590 4061 1609 4094 ›
1644 4044 1876 4099 Ἔπειτα

304 4122 398 4173 καὶ
433 4122 533 4178 τὸν
558 4124 616 4178 ὲν
651 4125 925 4195 Ψαλμοῖς·
960 4146 979 4180 ι
1001 4129 1105 4184 Τὸν
1133 4131 1539 4187 καταλαλοῠντα
1570 4135 1746 4208 λάθρα
1779 4137 1874 4192 τοῦ

308 4213 532 4284 πλησίον
571 4218 761 4285 αὐτοῦ,
809 4221 997 4276 τοῦτον
1043 4223 1349 4288 ὲξεδίωκον.
1408 4246 1427 4280 ι
1463 4229 1571 4282 Καὶ
1623 4232 1707 4286 ὅτι
1767 4233 1876 4287 ἀπὸ

306 4310 769 4381 καταφρονήσεως
808 4311 967 4366 τοῦτο
1008 4314 1243 4384 γίνεται,
1279 4319 1496 4388 ἐπάγει.
1531 4320 1592 4374 Ei
1623 4322 1679 4375 δὲ
1709 4322 1874 4394 νόμον

305 4401 673 4469 κατακρίνεις,
710 4402 809 4457 οὐκ
840 4400 893 4459 εί
934 4408 1165 4479 ποιητὴς
1195 4411 1384 4480 νόμου·
1417 4408 1493 4467 Ob
1526 4415 1635 4487 γάρ
1660 4432 1745 4480 τις
1773 4434 1874 4470 κα-

302 4494 581 4563 ταφρονεῖ,
610 4495 731 4559 πῶς
756 4497 1003 4564 ἀνέξεται
1031 4499 1126 4554 ὑπ’
1152 4502 1315 4556 αὐτὸν
1345 4504 1424 4559 ἔτι
1457 4505 1589 4577 (fw;
1626 4508 1717 4580 Μὴ
1751 4504 1868 4576 οὖν,

1990 2008 2093 2074 Qui
2135 2013 2362 2069 detrahit
2414 2018 2612 2088 fratri,
2647 2023 2839 2093 quique
2881 2024 3083 2093 iudicat
3125 2030 3348 2098 fratrem
3388 2048 3565 2097 suum,

1987 2103 2218 2159 detrahit
2249 2105 2350 2177 legi
2382 2118 2431 2163 et
2454 2110 2669 2178 judicat
2692 2114 2873 2187 legem.
2901 2115 3051 2183 Quod
3074 2122 3121 2174 si
3137 2120 3351 2191 judicas
3378 2124 3561 2195 legem,

1986 2208 2089 2246 non
2119 2210 2172 2249 es
2197 2201 2501 2255 observator
2525 2202 2672 2274 legis,
2695 2207 2784 2261 sed
2806 2208 2986 2275 iudex.
3021 2212 3160 2267 Uni..-
3192 2223 3266 2267 est
3293 2213 3568 2285 legislator—

1986 2287 2077 2357 qui
2117 2296 2282 2356 potest
2322 2292 2533 2350 salvare
2570 2306 2617 2351 et
2648 2300 2881 2368 perdere.
2916 2302 2988 2357 Tu
3020 2306 3134 2375 quis
3163 2323 3236 2375 es,
3270 2309 3361 2380 qui
3394 2307 3564 2363 alium

1986 2371 2196 2435 iudicas
2214 2375 2238 2430 ?

2061 2574 2080 2609 ι
2140 2557 2429 2618 Puriﬁcate
2471 2567 2656 2636 corda,
2687 2568 2935 2641 duplices
2977 2574 3181 2630 animo.
3240 2595 3259 2628 ι
3311 2576 3567 2651 Duplices

1984 2645 2168 2702 animo
2200 2661 2359 2706 vocat
2390 2662 2445 2708 et
2483 2653 2587 2711 hoc
2623 2657 2740 2713 loco
2773 2660 2913 2715 etin
2945 2663 3317 2733 superioribus
3344 2645 3439 2721 eris
3467 2669 3562 2737 qui

1984 2752 2093 2792 non
2131 2751 2282 2821 certo
2322 2745 2486 2802 modo
2518 2748 2704 2806 vivere
2741 2752 2949 2818 volunt,
2978 2755 3073 2811 sed
3104 2765 3342 2828 aguntur
3375 2774 3437 2814 ac
3478 2761 3560 2816 l'e-

1985 2841 2182 2888 runtur
2205 2836 2263 2890 in
2284 2840 2524 2909 nequitia
2555 2843 2858 2900 hominum.
2883 2847 3068 2919 Neque
3091 2850 3235 2905 enim
3262 2867 3372 2907 uno
3398 2855 3560 2909 modo

1985 2923 2234 2982 habitant
2264 2928 2325 2984 in
2353 2931 2513 2986 domo
2548 2935 2651 2990 sub
2690 2937 2940 2993 Domino.
2977 2940 3131 3006 Quod
3166 2952 3345 2998 autem
3377 2945 3556 3000 anima

1983 3014 2149 3070 etiam
2193 3020 2302 3073 vita
2348 3021 2582 3091 dicatur,
2613 3025 2943 3084 sufficienter
2975 3045 3078 3085 nos
3113 3032 3167 3086 in
3204 3032 3306 3088 Job
3344 3034 3559 3091 docebit

1983 3106 2137 3176 illud,
2181 3128 2200 3162 ι
2236 3110 2437 3168 Pellem
2471 3131 2568 3184 pro
2596 3119 2756 3187 pelle.
2786 3129 2840 3175 et
2866 3123 3046 3177 omnia
3082 3139 3420 3196 quascunque
3456 3128 3559 3182 ha-

1984 3198 2077 3255 bet
2125 3202 2289 3259 homo
2322 3206 2474 3260 dabit
2508 3225 2608 3278 pro
2635 3210 2819 3289 anima
2845 3212 3020 3267 sua“.
3057 3233 3077 3267 ι
3112 3246 3183 3257 --
3217 3234 3238 3268 ι
3270 3216 3348 3271 Ne
3377 3217 3560 3273 detra-

1985 3294 2126 3350 hatis
2169 3296 2324 3352 vobis
2369 3299 2626 3357 invicem.
2658 3322 2677 3355 ι
2707 3303 2868 3360 Novit
2906 3304 3107 3363 fastum
3145 3324 3208 3364 ac
3244 3311 3556 3380 superbiam

1982 3389 2113 3445 oriri
2160 3407 2224 3447 ex
2275 3404 2591 3466 contemptu
2626 3408 2681 3455 et
2721 3399 3058 3458 detractione
3107 3404 3366 3461 adversus
3398 3422 3556 3460 man-

1981 3495 2187 3549 suetos,
2218 3503 2339 3557 qua:
2383 3490 2612 3561 impellit
2659 3508 2754 3550 eos
2783 3497 2875 3563 qui
2915 3496 3028 3567 ipsa
3062 3507 3291 3554 utuntur
3336 3501 3403 3554 ad
3443 3502 3576 3573 plc-V

1979 3589 2111 3630 num
2156 3578 2347 3635 borum
2385 3591 2782 3655 contemptum.
2812 3587 2895 3643 Ab
2931 3589 3034 3644 hoc
3076 3590 3238 3660 igitur
3279 3592 3427 3663 ipsos
3457 3594 3527 3648 ab
3572 3592 3578 3613 ³

1981 3667 2205 3736 ducens,
2223 3686 2323 3741 per
2341 3688 2403 3729 ea
2424 3691 2545 3744 qua:
2567 3676 2657 3732 hic
2678 3678 3048 3748 subjiciuntur
3071 3683 3189 3737 vult
3213 3698 3306 3739 eos
3327 3684 3555 3741 reddere

1979 3761 2273 3829 modestos,
2328 3765 2519 3822 dicens
2552 3786 2565 3822 :
2604 3786 2623 3820 ι
2680 3769 2929 3828 Detrahit
2973 3773 3075 3843 legi
3121 3783 3176 3830 et
3222 3776 3431 3845 judicat
3473 3778 3555 3833 le-

1980 3868 2097 3922 gem
2130 3872 2144 3907 :
2181 3872 2199 3905 ι
2240 3855 2353 3911 Hoc
2378 3866 2462 3913 est
2487 3861 2832 3927 condemnat,
2861 3863 3112 3935 despicit.
3145 3866 3281 3922 Nam
3304 3869 3395 3939 qui
3424 3885 3552 3925 con-

1978 3943 2218 4012 demnat,
2238 3963 2302 4002 ex
2334 3958 2648 4021 contemptu
2684 3953 2737 4006 id
2769 3954 2917 4008 facit.
2944 3954 3115 4021 Quam
3139 3966 3320 4013 autem
3345 3960 3557 4031 legem?

1977 4035 2216 4092 Primum
2257 4040 2477 4109 quidem
2508 4057 2628 4097 eam
2666 4059 2787 4113 quae
2824 4048 3110 4118 praecipit:
3145 4067 3166 4102 ι
3200 4050 3279 4105 Ne
3299 4052 3557 4121 judicetis

1976 4135 2037 4182 ut
2064 4143 2174 4184 non
2202 4129 2601 4199 judicemini”.
2643 4152 2662 4185 ι
2694 4136 2961 4191 Praeterea
2990 4153 3054 4193 ea
3088 4154 3209 4210 quae
3235 4140 3291 4194 in
3324 4140 3553 4198 Psalmis

1976 4229 2061 4276 est
2087 4238 2102 4276 :
2140 4238 2159 4273 ι
2202 4222 2589 4280 Detrahentem
2623 4226 2761 4281 clam
2792 4228 3043 4298 proximo
3069 4246 3169 4287 suo
3193 4233 3338 4287 hunc
3368 4248 3553 4303 perse-

1974 4315 2256 4387 quebar“.
2294 4336 2312 4369 ι
2348 4318 2580 4393 thuod
2605 4320 2709 4376 hoc
2738 4337 2801 4376 ex
2829 4331 3142 4395 contemptu
3179 4324 3290 4390 ﬁat,
3323 4326 3556 4396 subjun-

1974 4412 2051 4483 git
2082 4428 2097 4466 :
2129 4412 2284 4479 Quod
2308 4412 2351 4467 si
2380 4412 2803 4484 legemjudicas,
2831 4413 2944 4469 sive
2971 4415 3325 4484 condemnas,
3356 4432 3462 4472 non
3496 4431 3559 4472 es

1973 4504 2293 4560 observator
2332 4504 2486 4576 legis.
2515 4504 2688 4570 Quem
2738 4506 2884 4559 enim
2920 4507 3225 4561 contemnit
3282 4506 3553 4577 quispiam

308 4582 504 4650 φησὶν,
549 4582 841 4650 ὲξουδενῶν
890 4590 984 4643 καὶ
1034 4591 1220 4663 ὥσπερ
1266 4597 1695 4669 ἀντινομοθετῶν
1748 4601 1866 4655 διὰ-

1985 4595 2247 4665 ιυοιῐιοίιο
2271 4594 2412 4650 feret
2440 4602 2502 4648 ut
2533 4594 2793 4666 deinceps
2826 4594 2927 4650 sub
2950 4596 3071 4666 ejus
3106 4595 3253 4652 vivat
3287 4596 3555 4668 imperio?

304 4687 473 4728 κεισο.
508 4674 585 4728 Οὐ
616 4676 726 4748 γὰρ
762 4679 977 4748 ἐφεῖταί
1033 4699 1140 4749 σοι,
1188 4685 1307 4748 ἑνὸς
1360 4688 1523 4758 μόνου
1578 4690 1871 4761 νομοθέτου

1985 4686 2102 4742 Non
2150 4702 2299 4758 ergo,
2331 4688 2530 4757 inquit,
2559 4696 2899 4754 contemnas,
2935 4696 2991 4743 et
3036 4696 3292 4760 tanquam
3340 4699 3559 4746 contra-

304 4764 638 4837 ὑπάρχοντος
665 4770 801 4825 Θεοῦ
833 4773 927 4826 τοῦ
949 4775 1246 4847 δυναμένου
1275 4781 1402 4845 τοὺς
1430 4782 1751 4854 παραϐάτας
1778 4784 1871 4838 τοῦ

300 4854 465 4924 νόμου
508 4860 674 4913 αὐτοῦ
707 4862 878 4917 σῶσαι
908 4865 1004 4920 καὶ
1036 4868 1323 4925 ἀπολέσαι.
1365 4871 1536 4926 Τοῦτο
1563 4873 1674 4946 γὰρ
1703 4873 1871 4945 νόμον

297 4947 394 5002 καὶ
422 4952 737 5020 νομοθέτου,
776 4956 836 5009 τὸ
865 4959 989 5022 τοὺς
1028 4961 1355 5032 παραῦἀτας
1389 4963 1555 5018 αὐτοῦ
1586 4966 1873 5032 ὑποδίκους

300 5040 572 5110 τιμωρίας
615 5045 861 5114 ποιῆσαι,
893 5048 1011 5101 ἀλλ’
1038 5051 1158 5121 οὐχὶ
1197 5053 1284 5118 σὺ,
1323 5053 1382 5117 ὃς
1419 5054 1556 5126 πρὸς
1588 5049 1671 5121 οἷς
1717 5057 1870 5112 οὐδὲν

302 5130 463 5185 πλέον
485 5133 581 5187 τοῦ
606 5136 867 5209 φλυαρεῖν
882 5139 1043 5210 ἔχεις,
1065 5143 1146 5197 ἔτι
1176 5145 1270 5197 καὶ
1292 5143 1470 5217 ἑαυτῷ
1495 5148 1866 5215 περιπίπτεις,

296 5223 436 5279 κατὰ
470 5228 672 5281 σαυτοῦ
710 5231 810 5302 τὴν
856 5233 1036 5304 ψῆφον
1065 5236 1236 5304 ἄγων.
1266 5239 1347 5292 Τὰ
1375 5239 1484 5309 γὰρ
1526 5240 1667 5294 αὐτὰ
1699 5242 1870 5296 ποιῶν

294 5313 374 5385 τῷ
389 5319 851 5396 καταλαλουμὲνῳ
885 5326 991 5381 ὑπὸ
1014 5328 1133 5390 σοῦ,
1175 5330 1231 5382 ἐν
1254 5331 1363 5401 ὅσῳ
1385 5331 1575 5385 τοῦτον
1601 5334 1870 5404 κατακρί-

295 5424 425 5475 νεις,
454 5416 683 5468 σεαυτὸν
732 5419 1001 5491 πρότερον
1046 5422 1181 5476 πολὺ
1212 5424 1586 5493 κατακρίνεις.
1638 5444 1656 5478 ι
1683 5427 1755 5480 Σὺ
1782 5428 1869 5491 τίς

295 5494 364 5560 εἶ.
395 5503 456 5567 ὃς
491 5505 700 5576 κρίνεις
744 5510 835 5564 τὸν
866 5512 1095 5583 ἓτερονς
1137 5534 1155 5566 ι
1200 5514 1681 5581 Ἐξουδενωτικῶς.
1723 5519 1870 5572 Ἀντὶ

293 5591 419 5657 τοῦ,
469 5596 712 5664 τοιοῦτος
773 5601 849 5657 ὣν
886 5603 1003 5668 πῶς
1043 5606 1248 5677 τολμᾷς
1300 5607 1508 5679 κρίνειν
1555 5609 1647 5662 τὸν
1685 5610 1870 5681 ὁμοιο-

297 5682 442 5754 παθῆ
462 5700 479 5751 ;

1976 4783 2117 4838 rium
2153 4783 2516 4853 legislatorem
2546 4790 2597 4837 te
2631 4781 2852 4838 habeas.
2881 4780 3069 4853 Neque
3097 4782 3243 4837 enim
3272 4783 3369 4839 tibi
3404 4783 3552 4872 licet,

1974 4886 2098 4927 cum
2142 4872 2289 4927 solus
2327 4886 2470 4926 unus
2500 4870 2572 4926 sit
2599 4871 2871 4942 legislator
2899 4869 3064 4938 Deus,
3109 4870 3201 4941 qui
3232 4880 3411 4942 potest
3437 4869 3552 4927 sua:

1973 4964 2108 5036 legis
2157 4973 2589 5034 transgressores
2625 4963 2834 5018 salvare
2882 4978 2946 5018 ac
2989 4963 3237 5033 perdere.
3272 4963 3406 5019 Nam
3446 4964 3551 5020 hoc

1976 5055 2110 5127 legis
2150 5064 2236 5111 est
2284 5071 2349 5111 ac
2394 5055 2741 5127 legislatoris,
2773 5069 2903 5110 suos
2947 5064 3379 5127 transgressores
3422 5072 3553 5127 sup—

1975 5147 2138 5219 plicio
2179 5147 2444 5202 obnoxios
2473 5147 2719 5210 reddere,
2752 5161 2862 5200 non
2903 5154 3057 5201 tuum
3091 5158 3172 5203 est
3205 5146 3297 5218 qui
3330 5147 3397 5203 ad
3433 5147 3551 5202 haec

1975 5239 2109 5293 nihil
2149 5239 2295 5293 aliud
2327 5253 2487 5309 quam
2530 5240 2719 5309 nugari
2749 5247 2925 5309 potes.
2957 5237 3225 5294 Praeterea
3257 5239 3312 5293 in
3347 5249 3547 5293 temet-

1972 5331 2147 5400 ipsum
2206 5330 2439 5385 incurris
2498 5345 2561 5385 ac
2624 5330 2721 5385 tibi
2788 5332 3095 5385 contrarius
3144 5346 3237 5398 es,
3284 5330 3548 5384 adversus

1972 5423 2205 5492 teipsum
2237 5421 2420 5477 ferens
2448 5423 2792 5477 sententiam.
2821 5423 2955 5478 Cum
2983 5423 3127 5477 enim
3158 5422 3346 5476 eadem
3379 5419 3548 5474 facias

1971 5532 2096 5573 cum
2126 5517 2218 5571 illo
2246 5517 2332 5572 cui
2366 5516 2631 5581 detrahis,
2656 5533 2721 5573 eo
2754 5518 2872 5587 ipso
2900 5532 3007 5586 quo
3033 5532 3158 5571 eum
3187 5515 3542 5575 condemnas,

1972 5610 2203 5679 teipsum
2250 5609 2411 5678 longe
2456 5618 2616 5662 antea
2648 5608 3012 5663 Condemnas.
3045 5606 3203 5678 47],
3245 5625 3265 5658 ι
3303 5604 3385 5659 Tu
3421 5603 3547 5674 quis

1975 5716 2036 5755 es
2077 5700 2168 5771 qui
2219 5699 2385 5754 alium
2433 5699 2682 5770 iudicas?
2737 5717 2755 5750 ι
2793 5698 3208 5754 Contemnendo
3239 5714 3268 5769 ,ε
3308 5697 3411 5752 hoc
3443 5703 3541 5759 est,

292 5773 424 5832 Cum
459 5779 580 5837 talis
612 5783 705 5851 sis,
736 5794 1010 5858 quomodo
1037 5794 1283 5865 judicare
1317 5795 1431 5853 sive
1462 5797 1826 5853 condemnare
1866 5798 2033 5852 audes
2065 5813 2188 5852 eum
2220 5795 2312 5868 qui
2343 5795 2596 5853 similiter
2627 5794 2854 5850 allectus
2882 5794 3002 5851 esti

371 5903 411 5935 "
460 5904 600 5963 l‘sal.
654 5924 706 5976 ι,
759 5912 818 5968 14
903 5913 949 5947 ⁵³
978 5915 1078 5971 Job
1103 5932 1160 5984 ιι,
1202 5916 1254 5971 4.
1336 5918 1377 5951 ³³
1409 5918 1595 5974 Matth.
1653 5935 1752 5985 vn,
1792 5921 1836 5974 Ι.

1991 5919 2128 5975 l‘sal.
2164 5934 2213 5983 η,
2249 5918 2301 5974 Β.
