3850 6568
364 402 480 467 439

971 520 1196 579 CAPUT
1249 523 1338 581 Vl.

371 654 521 722 Quod
551 669 654 708 non
681 671 771 720 per
799 656 1084 721 hominem,
1116 658 1205 712 sed
1255 674 1347 727 per
1378 658 1542 712 Deum
1590 674 1797 727 gressus
1846 661 1945 714 viri

441 727 745 797 diriguntur
784 742 802 779 :
831 727 886 780 in
917 743 1020 797 quo
1057 728 1218 780 etiam
1276 738 1543 782 tractatur
1592 730 1655 783 de
1711 730 1944 783 auaritia

440 796 664 850 divitum
706 806 753 849 et
781 796 1015 866 ipsorum
1040 798 1242 852 defiriis
1287 800 1343 852 in
1386 800 1482 853 hoc
1533 801 1723 853 mundo
1764 817 1827 853 ac
1884 802 1948 855 de

437 868 584 937 justo
612 866 705 921 ι)ρί
729 868 955 937 judicio.

442 980 539 1046 IV,
569 980 755 1037 15-17.
791 982 941 1051 Agite
961 997 1099 1035 nunc
1130 983 1221 1050 qui
1262 983 1436 1037 dicitis
1461 1000 1479 1037 :
1509 984 1679 1038 Hodie
1726 995 1773 1038 et
1827 1002 1948 1039 cras

372 1073 772 1144 proﬁciscamur
805 1074 855 1126 in
880 1073 1016 1126 hanc
1037 1075 1328 1136 civitatem,
1376 1084 1425 1128 et
1465 1091 1689 1143 agamus
1740 1075 1811 1128 ibi
1846 1092 1947 1128 an-

372 1178 497 1215 num
533 1178 715 1221 unum,
756 1172 802 1214 et
832 1163 1157 1232 negotiemur
1178 1180 1241 1218 ac
1270 1163 1474 1217 lucrum
1528 1165 1810 1235 faciamus,
1859 1167 1948 1235 qui

371 1254 628 1324 ignoratis
661 1255 784 1323 quid
810 1255 1045 1324 futurum
1081 1258 1148 1308 sit
1176 1264 1384 1321 postero
1415 1257 1516 1311 die.
1552 1257 1683 1322 Qua:
1707 1265 1781 1311 est
1809 1258 1947 1310 enim

372 1346 482 1400 vita
505 1354 677 1399 ucstra
705 1347 730 1399 .9
770 1346 947 1413 Vapor
970 1348 1110 1400 enim
1138 1356 1212 1401 est
1241 1349 1331 1417 qui
1357 1349 1426 1401 (ut
1469 1349 1712 1420 exiguum
1748 1359 1948 1417 tempus

373 1443 594 1504 apparet
625 1444 675 1489 et
727 1435 909 1489 deinde
945 1438 1241 1501 evanescit;
1268 1453 1364 1506 pro
1411 1455 1471 1492 eo
1499 1440 1637 1510 quod
1671 1440 1949 1494 dicendum

373 1527 515 1581 vobis
540 1535 657 1581 erat
682 1544 701 1581 .'
720 1526 776 1581 Si
821 1527 1078 1584 Dominus
1103 1531 1344 1595 voluerit,
1384 1540 1432 1585 ct
1455 1532 1501 1585 si
1528 1533 1833 1598 vixerimus,
1867 1533 1950 1603 fa-

374 1620 578 1673 ciamus
606 1620 701 1673 Itoc
733 1630 828 1674 aut
857 1618 1010 1675 illud.
1043 1621 1198 1676 Nunc
1227 1635 1404 1677 autem
1440 1624 1748 1694 gloriamini
1775 1625 1829 1677 in
1856 1639 1949 1676 ar-

376 1714 631 1784 rogantiis
680 1715 882 1769 vestris.
948 1713 1122 1770 Omnis
1157 1717 1441 1772 exsultatio
1483 1718 1606 1771 talis
1663 1716 1806 1771 mala
1850 1725 1949 1772 est.

379 1805 550 1877 Igitur
597 1807 686 1879 qui
725 1808 866 1861 novit
915 1816 1050 1862 recte
1102 1809 1274 1878 facere
1318 1827 1410 1864 nec.
1450 1810 1599 1881 facit,
1629 1809 1713 1863 Itic
1738 1821 1950 1880 peccato

379 1909 601 1957 tenetur.

457 2101 475 2134 ι
511 2082 612 2149 Qui
653 2083 834 2138 dicitis
870 2101 883 2136 :
920 2081 1112 2138 Hodie.
1152 2100 1172 2134 ι
1209 2079 1327 2134 Νοη
1352 2079 1491 2135 tollit
1511 2086 1835 2150 potestatem
1859 2085 1956 2132 aut

376 2174 610 2231 liberum
649 2174 958 2240 arbitrium,
1002 2174 1095 2228 sed
1127 2171 1366 2229 ostendit
1388 2186 1497 2225 non
1525 2186 1644 2226 esse
1677 2168 1952 2225 totumiu

377 2284 543 2323 manu
574 2267 692 2339 ejus
725 2286 737 2322 :
771 2282 897 2322 nam
932 2281 1171 2337 superna
1204 2279 1421 2336 quoque
1449 2279 1586 2335 Opus
1630 2270 1719 2316 est
1756 2261 1951 2333 gratia.

378 2360 534 2415 Licet
557 2359 703 2413 enim
730 2368 785 2413 et
814 2358 1026 2413 certare
1058 2366 1112 2412 et
1139 2371 1363 2412 currere
1407 2371 1470 2411 ac
1505 2355 1771 2426 negotiari
1830 2370 1954 2409 om-

379 2450 582 2521 niaque
608 2463 769 2521 agere
799 2464 922 2519 quas
964 2456 1096 2503 sunt
1121 2451 1189 2503 ad
1220 2448 1382 2502 vitam
1421 2467 1435 2501 :
1466 2462 1575 2501 non
1612 2455 1793 2500 tamen
1837 2445 1955 2500 lucc

380 2539 621 2612 propriis
651 2537 930 2593 laboribus
970 2539 1289 2603 attribuere,
1328 2537 1422 2592 sed
1454 2536 1653 2593 divina:
1701 2535 1953 2606 benigni-

382 2628 502 2683 tati.
534 2629 885 2699 Aitnamque
904 2627 1205 2683 Jeremias:
1236 2647 1253 2679 ι
1294 2626 1548 2693 Domine,
1596 2641 1702 2681 non
1758 2627 1812 2680 in
1854 2626 1956 2681 ho~

382 2721 533 2776 tuine
561 2730 648 2775 est
678 2720 791 2775 vita
823 2719 998 2790 ipsius
1026 2718 1096 2773 ⁸⁷.
1142 2737 1160 2770 ι
1198 2719 1267 2772 Ει
1321 2717 1705 2773 l’aroemiastes
1738 2734 1752 2772 :
1806 2733 1823 2767 ι
1877 2713 1958 2770 Ne

382 2810 636 2882 glorieris
660 2811 714 2864 in
747 2810 1072 2874 crastinum,
1104 2825 1226 2865 cum
1262 2793 1480 2880 ignores
1513 2808 1643 2879 quid
1680 2807 1957 2878 periturus

383 2903 453 2957 sit
487 2905 781 2973 insequens
805 2903 923 2957 dies
942 2901 1008 2956 ⁸9.
1053 2920 1071 2955 ι
1108 2934 1178 2944 -
1222 2920 1242 2954 ι
1282 2901 1413 2968 Qum
1438 2911 1521 2956 est
1546 2901 1694 2957 enim
1726 2901 1837 2956 vita
1868 2917 1959 2957 ve-

383 2996 545 3051 stra?
582 3014 601 3048 ι
638 2994 763 3048 Ilzee
787 2994 940 3061 dicit,
962 2995 1260 3049 vanitatem
1323 3008 1388 3047 ac
1434 2993 1797 3063 abjectionem
1832 2992 1960 3049 vita:

382 3097 586 3143 nostra:
620 3087 914 3159 designans
951 3108 963 3139 :
997 3097 1053 3142 et
1077 3085 1434 3157 pudefaciens
1476 3101 1578 3142 nos
1626 3085 1771 3155 quod
1814 3086 1961 3141 circa

385 3179 439 3233 id
466 3192 628 3234 omne
659 3185 875 3249 tempus
911 3178 1034 3232 vitm
1068 3186 1267 3232 nostrae
1319 3191 1785 3243 consummamus,
1815 3191 1879 3231 ac
1904 3176 1960 3231 in

387 3269 732 3341 temporariis
760 3268 938 3335 malis,
966 3277 1021 3323 et
1050 3268 1106 3323 in
1139 3268 1230 3324 his
1257 3283 1378 3340 qua:
1437 3267 1601 3322 simul
1656 3276 1716 3322 ut.
1770 3275 1960 3322 exorta

384 3373 513 3418 sunt
540 3371 896 3430 evanescunt,
926 3361 1090 3435 472
1125 3361 1302 3419 omnis
1322 3362 1477 3417 labor
1516 3369 1705 3420 noster
1737 3360 1959 3431 explea-

388 3466 498 3511 tur.
535 3455 649 3512 Hoc
689 3465 744 3512 et
773 3456 942 3511 David
983 3457 1305 3529 perstringit
1343 3456 1530 3512 dicens
1585 3474 1599 3509 :
1658 3474 1677 3507 ι
1733 3454 1961 3509 Verum-

387 3565 571 3610 tamen
601 3555 659 3608 in
696 3554 931 3626 imagine
962 3554 1264 3625 pertransit
1291 3554 1479 3617 homo,
1533 3564 1716 3608 tamen
1756 3552 1961 3607 frustra

388 3648 748 3704 conturbatur
779 3648 847 3714 ",
883 3667 902 3699 ›
939 3647 1042 3702 hoc
1081 3657 1184 3713 est,
1222 3646 1365 3702 circa
1394 3646 1450 3701 id
1499 3646 1646 3717 quod
1691 3660 1800 3699 non
1853 3651 1956 3709 est,

388 3743 485 3798 sed
518 3742 572 3796 in
600 3741 715 3796 solo
745 3741 1126 3812 phantasmate
1152 3738 1404 3795 subsistit
1429 3757 1442 3793 :
1477 3736 1788 3808 hujusmodi
1807 3751 1963 3790 nam-

388 3850 498 3907 que
521 3850 611 3890 res
636 3843 721 3889 est
754 3834 970 3906 imago;
1004 3842 1098 3888 aut
1124 3834 1268 3889 circa
1304 3832 1358 3888 id
1383 3832 1667 3903 quodnon
1699 3839 1781 3887 cst
1812 3831 1958 3886 idem

388 3926 721 3992 subsistens,
753 3926 849 3982 sed
875 3933 1148 3997 quatenus
1193 3925 1641 3981 assimilationem
1697 3925 1862 3980 habet
1907 3932 1965 3979 et

387 4018 757 4088 conjecturam
789 4033 914 4073 cum
942 4018 1052 4072 vita
1085 4033 1208 4089 quae
1239 4033 1368 4073 vere
1415 4017 1685 4088 procedit.
1722 4037 1740 4069 ι
1780 4015 1962 4087 Vapor

387 4108 534 4164 enim
559 4116 659 4163 est.
698 4127 717 4161 ι
757 4108 938 4179 Vapor
985 4118 1068 4164 est
1125 4109 1430 4179 coagulatio
1490 4123 1654 4163 aerea
1713 4108 1782 4162 ab
1822 4106 1964 4179 ignis

387 4200 567 4256 calore
590 4217 657 4256 ex
681 4201 909 4256 humore
929 4200 1213 4266 exhalans,
1240 4201 1518 4255 minimam
1549 4200 1756 4255 habens
1781 4196 1965 4254 subsi-
2002 4258 2011 4271 ν

387 4293 665 4348 steutiam.
693 4292 829 4347 Nam
853 4300 1075 4364 prepter
1098 4292 1482 4347 vehementem
1510 4291 1854 4354 tenuitatem,
1881 4288 1966 4345 fa-

389 4384 493 4439 cile
515 4385 895 4440 circumstanti
919 4383 1140 4453 corpori
1166 4383 1412 4438 cedendo
1443 4382 1723 4437 evanescit
1765 4397 1829 4437 ac
1859 4382 1966 4439 dis-

388 4475 639 4541 solvitur,
678 4476 845 4530 veluti
897 4475 1150 4531 modicus
1202 4475 1399 4530 humor
1445 4473 1741 4528 accedente
1800 4489 1961 4544 aqua.

387 4566 508 4622 Tali
539 4567 866 4622 assimilavit
911 4566 1078 4621 vitam
1124 4574 1371 4620 nostram
1420 4582 1434 4622 :
1476 4564 1640 4635 idque
1675 4563 1812 4619 scite
1862 4564 1961 4618 ad-

1443 414 1769 477 CECUMEN
1785 415 1841 474 il
1870 414 2163 476 TRICC/E
2196 414 2541 478 EPlSCOPI
3138 454 3144 458 -
3531 424 3632 486 500

2626 528 2878 584 ΚΕΦΛΛ.
2930 528 3022 597 (τι.

2053 660 2182 733 Ὀτι
2210 663 2323 733 οὐκ
2351 662 2423 715 ἐν
2442 662 2753 730 ἀνθρώπῳ,
2780 663 2918 718 ἀλλ’
2950 664 3034 733 ἑν-
3056 664 3177 728 Θεῷ
3207 665 3277 720 τὰ
3307 665 3636 733 διαδήματα

2121 728 2818 804 ἁνδρόςγκατευθύνεται.
2857 737 2960 787 Ἐν
2996 728 3045 799 ᾧ
3096 736 3229 801 πεέὶ
3271 728 3634 804 πλεονεξίας

2121 803 2457 874 πλουσίων,
2497 802 2595 856 καὶ
2629 801 2739 871 τῆς
2770 804 2842 861 ἐν
2872 805 3080 872 κόσμῳ
3132 805 3362 874 τρυφῆς
3411 801 3633 873 αὐτῶν,

2119 872 2218 925 καὶ
2258 873 2392 940 περὶ
2415 872 2847 941 δικαιοκρισίας
2882 874 2986 928 τοῦ
3013 873 3186 929 Θεοῦ.

2123 986 2266 1055 "Are
2310 986 2428 1041 νῦν
2481 989 2535 1040 οἱ
2586 986 2894 1054 λέγοντες,
2953 986 3224 1056 Σήμερον
3284 989 3385 1042 καὶ
3418 990 3637 1057 αὔριον

2050 1077 2475 1146 πορευσώμεθα
2500 1080 2586 1143 εις
2631 1077 2815 1145 τήνδε
2844 1077 2959 1145 τὴν
2997 1079 3200 1141 πόλιν,
3238 1080 3334 1133 καὶ
3374 1082 3638 1150 ποιήσω-

2044 1186 2161 1239 μεν
2198 1169 2325 1222 ἐκεῖ
2347 1170 2631 1223 ἐνιαυτὸν
2668 1169 2798 1223 ἕνα·
2847 1170 2947 1223 καὶ
2976 1170 3502 1240 ἐμπορευσώμεθα,
3540 1173 3637 1226 καὶ

2050 1258 2456 1328 κερδήσωμεν·
2499 1261 2730 1325 Οἵτινες
2788 1262 2900 1313 οὐκ
2930 1260 3264 1315 ἐπίστασθε
3293 1261 3360 1315 τὸ
3397 1263 3510 1331 τῆς
3531 1264 3637 1317 αὕ-

2048 1365 2200 1404 οιον.
2234 1350 2382 1404 Ποία
2420 1350 2530 1420 γὰρ
2558 1351 2596 1418 vi
2627 1350 2739 1417 ζὶυὴ
2770 1350 2969 1419 ὐμῶν;
3017 1352 3216 1420 Ἀτμὶς
3245 1352 3354 1421 γὰρ
3398 1354 3573 1407 ἔσται
3599 1355 3637 1423 ὴ

2051 1441 2262 1509 ὀλίγον
2329 1440 2662 1511 φαινομένη
2688 1482 2702 1506 ,
2786 1442 2993 1496 ἔπειτα
3068 1442 3138 1497 δὲ
3206 1442 3636 1514 ἀφανιζομένη.

2064 1532 2222 1585 ’Λντὶ
2292 1531 2400 1586 τοῦ
2463 1531 2666 1601 λέγειν
2728 1532 2886 1602 ὑμᾶς
2913 1548 2929 1564 ·
2974 1533 3111 1588 Ἐὰν
3170 1536 3204 1589 ὁ
3256 1536 3475 1604 Κύριος
3542 1542 3642 1592 θε-

2050 1623 2242 1693 λήσῃ,
2299 1624 2402 1678 καὶ
2457 1622 2747 1695 ζήσωμεν,
2802 1625 2901 1679 καὶ
2956 1625 3306 1696 ποιήσωμεν
3364 1629 3547 1683 τοῦτο
3600 1627 3641 1697 ἢ

2052 1714 2270 1769 ἐκεῖνο.
2305 1714 2434 1768 Νῦν
2478 1714 2549 1768 δὲ
2588 1713 2901 1783 καυχᾶσθε
2952 1716 3023 1771 ἐν
3086 1716 3217 1785 ταῖς
3264 1717 3642 1783 ἀλαζονείαις

2052 1805 2237 1876 ὑμῶν.
2300 1804 2478 1864 Πᾶσα
2534 1807 2837 1875 καύχησις
2880 1809 3124 1879 τοιαύτη
3166 1810 3401 1879 πονηρὰ
3442 1810 3639 1865 ἐστιν.

1984 1935 2028 1991 Β
2054 1899 2248 1955 Εὶδότι
2278 1896 2394 1955 οὖν
2418 1902 2610 1956 καλὸν
2638 1900 2855 1967 ποιεῖν,
2894 1901 2992 1956 καὶ
3012 1901 3098 1971 μὴ
3131 1903 3425 1970 ποιοῦντι,
3451 1904 3641 1973 ἁμαρ-

2055 1992 2151 2047 tta
2187 1990 2349 2057 αὑτῷ
2377 1992 2568 2047 ἐστιν.

2132 2102 2151 2135 ι
2188 2084 2254 2136 Οἱ
2282 2082 2558 2151 λέγοντες*
2598 2084 2872 2155 Σήμερον.
2909 2103 2928 2136 ι
2964 2085 3040 2138 Οὐ
3076 2085 3175 2155 τὴν
3209 2085 3458 2150 ἐξουσίαν
3484 2085 3645 2138 ὰναι·

2058 2176 2163 2247 ρετ,
2201 2174 2337 2229 ἀλλὰ
2357 2176 2632 2229 δείκνυσιν
2655 2177 2737 2230 ὅτι
2762 2177 2823 2229 οὑ
2857 2176 2918 2230 τὸ
2952 2177 3061 2231 πᾶν
3085 2177 3253 2231 αὑτοῦ
3295 2180 3463 2244 ἐστιν,
3503 2177 3641 2231 ἀλλὰ

2054 2266 2220 2320 δεῖται
2252 2267 2351 2320 καὶ
2380 2266 2477 2337 τῆς
2512 2265 2720 2321 ἄνωθεν
2754 2268 2995 2337 χάριτος.
3031 2266 3251 2333 Ἔξεστι
3279 2266 3380 2336 μὲν
3407 2267 3521 2339 γὰρ
3542 2270 3644 2323 καὶ

2054 2358 2237 2413 ἀθλεῖν
2262 2360 2359 2413 καὶ
2382 2358 2597 2430 τρέχειν
2630 2359 2726 2411 καὶ
2755 2356 3184 2430 ἐμπορεύεσθαι,
3230 2359 3326 2412 καὶ
3359 2358 3541 2412 πάντα
3570 2359 3644 2410 τὰ

2056 2451 2195 2520 πρὸς
2221 2451 2283 2506 τὸ
2316 2452 2415 2522 ζῇν
2448 2450 2716 2521 ἐνεργεῖν,
2749 2448 2886 2504 ἀλλὰ
2935 2449 3011 2520 μὴ
3042 2452 3154 2514 τοῖς
3182 2450 3406 2513 οἰκείοις
3449 2449 3641 2512 πόνοις

2056 2542 2216 2596 τοῦτο
2262 2541 2597 2613 λογίζεσθαι,
2634 2540 2771 2595 ἀλλὰ
2812 2544 2880 2612 τῇ
2931 2541 3024 2595 τοῦ
3058 2542 3194 2595 Θεοῦ
3236 2541 3643 2613 φιλανθρωπίᾳ.

2055 2634 2196 2705 Φησὶ
2218 2635 2326 2706 γὰρ
2368 2634 2677 2705 ἰερεμίαςο
2719 2652 2737 2687 ι
2777 2634 2975 2707 Κύριε,
3021 2634 3119 2688 οὑκ
3152 2635 3211 2687 ὲν
3243 2635 3320 2705 τῷ
3363 2635 3641 2705 ἀνθρώπῳ

2058 2729 2092 2799 ή
2125 2726 2243 2791 ὁδὸς
2276 2727 2465 2783 αὑτοῦ,
2502 2747 2523 2781 ι
2576 2729 2691 2783 Καὶ
2717 2730 2745 2783 ὁ
2783 2721 3231 2800 Παροιμια’στής’
3272 2747 3291 2781 ι
3328 2729 3420 2801 Μὴ
3451 2730 3642 2798 καυχῶ

2057 2819 2128 2875 τὰ
2148 2822 2227 2885 εἰς
2257 2819 2466 2893 αὔριον.
2499 2822 2575 2875 Οὑ
2605 2822 2715 2892 γὰρ
2748 2818 2894 2885 οἶδας
2926 2822 2979 2874 τί
3015 2822 3235 2887 τέξεται
3276 2824 3309 2895 ή
3344 2822 3635 2876 ἐπιοῦσα.»

2057 2942 2128 2956 —~
2156 2932 2174 2965 ι
2202 2913 2338 2967 Ποία
2367 2914 2474 2984 γὰρ
2505 2915 2538 2985 ή
2564 2913 2677 2984 ζωὴ
2706 2913 2897 2985 ὑμῶνς
2930 2933 2948 2966 ι
2997 2914 3070 2967 Τὸ
3103 2914 3331 2985 μάταιον
3361 2916 3459 2968 καὶ
3495 2914 3643 2966 οὑτι⁴

2058 3004 2216 3060 δανδν
2269 3007 2366 3077 τῆς
2422 3007 2696 3079 ἡμετέρας
2749 3007 3063 3077 ὑποφαίνων
3094 3007 3259 3077 ζωῆς,
3301 3007 3398 3061 καὶ
3446 3023 3647 3060 καταιοι

2061 3098 2272 3171 σχύνων
2298 3101 2445 3169 ἡμᾶς
2478 3100 2553 3164 ὡς
2583 3101 2712 3172 περὶ
2738 3102 2898 3155 τοῦτο
2934 3100 2994 3153 τὸ
3025 3102 3135 3156 πᾶν
3169 3099 3328 3172 ήμῶν
3368 3097 3643 3170 κατατρι⁴

2062 3187 2257 3252 δοντας
2299 3188 2400 3259 τῆς
2449 3189 2616 3259 ζωῆς,
2651 3189 2824 3244 ταῦτά
2853 3206 3038 3259 φησιν,
3072 3191 3156 3243 ὅτι
3191 3193 3249 3243 ἐν
3280 3189 3644 3260 προσκαίροις

1989 3291 2035 3353 C
2066 3284 2277 3346 κακοῖς,
2310 3283 2403 3336 καὶ
2425 3280 2541 3352 ἃμα
2570 3281 2649 3352 τῷ
2679 3282 2983 3352 ὑποστῆναι
3016 3282 3460 3353 ἀφανιζομένοις,
3495 3283 3526 3335 ὁ
3555 3281 3647 3334 x6-

2063 3390 2163 3437 πος
2187 3372 2345 3443 ήμῶν
2374 3371 2516 3437 ἄπας
2550 3373 2876 3429 ὲκτελεῖται.
2909 3373 3078 3428 Τοῦτο
3117 3376 3210 3427 καὶ
3244 3370 3407 3426 Δαυῒδ
3441 3373 3646 3426 διακω-

2066 3466 2260 3538 μῳδῶν
2300 3483 2465 3535 φησι.
2509 3483 2529 3517 ι
2582 3466 2786 3519 Μέντοι
2841 3483 2903 3535 γε
2930 3467 2988 3520 ὲν
3027 3466 3196 3519 εἰκόνι
3254 3462 3647 3535 διαπορεύεται

2061 3558 2367 3629 ἄνθρωπος,
2399 3558 2540 3628 πλὴν
2577 3558 2753 3630 μάτην
2774 3558 3130 3631 ταράσσεται,
3165 3576 3184 3610 t
3217 3558 3489 3622 τουτέστι,
3516 3556 3648 3625 περὶ

2061 3652 2122 3706 τὺ
2149 3651 2226 3724 μὴ
2262 3651 2343 3719 ὃν,
2403 3652 2519 3705 ἀλλ’
2543 3652 2667 3706 ὅσον
2697 3654 2753 3705 ὲν
2785 3652 3033 3722 φάσματι
3067 3651 3386 3722 ὑποστῆναι.
3420 3650 3649 3703 Τοιοῦτο

2015 3772 2032 3788 ο
2061 3743 2170 3814 γὰρ
2201 3745 2234 3815 ή
2286 3742 2468 3799 εἰκών.
2507 3745 2578 3797 Ἢ
2621 3746 2748 3816 περὶ
2797 3745 2896 3815 τὴν
2949 3743 3027 3815 μὴ
3058 3743 3496 3806 αὑθυπόστατον,
3528 3738 3647 3794 ἀλλ’

2061 3835 2185 3889 ὅσον
2216 3836 2272 3889 ὲν
2306 3834 2642 3906 ἀφομοιώσει
2673 3835 2767 3889 καὶ
2806 3836 3056 3907 εἰκασμῷ
3076 3836 3176 3906 τῆς
3206 3834 3373 3898 ὅντως
3411 3832 3653 3904 προϐαιο

2064 3925 2261 3997 νούσης
2305 3926 2468 3998 ζωῆς·
2516 3946 2534 3979 ι
2601 3928 2791 3997 Ἀτμὶς
2847 3928 2955 4000 γάρ
2998 3929 3165 3982 ἐστιν.
3209 3945 3231 3979 ι
3299 3927 3491 3997 ’Δτμίς
3532 3929 3650 3980 ἐστι

2064 4017 2324 4081 σύστασις
2354 4016 2599 4088 ἀερὼδης
2623 4020 2733 4074 ἀπὸ
2753 4019 2927 4089 πυρὸς
2958 4017 3227 4087 θάλψεως,
3255 4018 3317 4082 ἐξ
3340 4018 3651 4088 ὑγρότητος

2062 4106 2512 4178 ἀναθυμιωμένη,
2562 4108 2855 4179 ἐλαχίστην
2911 4107 3011 4178 τὴν
3060 4108 3362 4184 ὑπίίσταισιν
3414 4105 3648 4177 ἔχουσα.

2064 4197 2162 4250 Διά
2194 4196 2302 4270 γὰρ
2336 4198 2436 4270 τὴν
2464 4199 2606 4268 ἄγαν
2635 4199 2941 4269 λεπτότητα
2980 4198 3191 4269 ταχέως
3221 4198 3300 4269 τῷ
3328 4198 3654 4268 περιέχοντι

2062 4288 2444 4358 ὲναφανίζεται
2489 4289 2745 4360 χωροῦσα
2776 4292 2912 4360 πρὸς
2943 4288 3102 4344 τοῦτο
3146 4291 3243 4344 καὶ
3288 4289 3651 4360 διαλυομένη,

2062 4379 2313 4451 καθάπερ
2340 4381 2477 4451 πρὸς
2505 4380 2649 4451 ὕδωρ
2679 4381 2850 4453 μικρὰ
2897 4383 3060 4445 νοτίς.
3102 4378 3345 4451 Τοιούτῳ
3371 4381 3654 4433 ἁπεί.;ασε

2061 4473 2161 4545 τὴν
2191 4474 2470 4544 ἡμετέραν
2517 4474 2683 4545 ζωήν.
2718 4475 2829 4527 Καὶ
2876 4474 3026 4543 μάλα
3069 4473 3362 4543 εὐστόχως.
3396 4471 3658 4525 Μεσολα-

2064 4564 2239 4636 δήσας
2274 4566 2329 4619 δὲ
2355 4564 2431 4636 τῷ
2462 4566 2686 4636 τοιούτῳ
2729 4567 3090 4634 ὑποδείγματι
3126 4565 3215 4617 τὸν
3254 4565 3435 4633 λόγον,
3481 4563 3659 4618 πάλεν

388 4641 634 4714 modum.
672 4658 841 4713 Porro
871 4672 1123 4713 sermone
1171 4656 1263 4712 tali
1318 4657 1569 4726 exemplo
1635 4657 1956 4727 intercepto,

2068 4654 2128 4720 ἐξ
2157 4656 2505 4727 ὑποστροφῆς
2546 4656 2839 4709 ἀποδίδωσι
2871 4656 2930 4709 τὸ
2960 4654 3254 4709 ἀκόλουθον
3277 4654 3446 4724 αὐτῷ.
3488 4655 3658 4707 Ἐστι

388 4764 614 4803 rursum
660 4764 728 4803 ex
783 4748 1154 4819 hypostrOphe
1187 4746 1367 4802 reddit
1403 4747 1550 4817 quod
1602 4747 1705 4818 ipsi
1760 4762 1959 4803 conse—

387 4856 566 4913 quens
598 4849 736 4895 erat.
779 4840 877 4894 Est
903 4839 1051 4894 enim
1087 4850 1199 4894 tota
1232 4839 1498 4910 particula
1533 4840 1639 4896 hoc
1672 4840 1835 4895 modo
1867 4853 1960 4893 or-

385 4933 625 4989 dinanda
657 4951 671 4989 :
702 4933 860 5003 Agite
878 4948 1027 4988 nunc
1061 4933 1151 5002 qui
1194 4933 1394 5000 dicitis,
1416 4933 1586 4989 Hodie
1618 4939 1673 4988 et
1699 4948 1819 4989 cras
1841 4947 1968 5004 pro-

384 5026 695 5083 ficiscamur
721 5026 777 5080 in
812 5025 958 5079 illam
991 5025 1290 5092 civitatem,
1324 5035 1382 5083 et
1405 5042 1633 5097 agamus
1653 5027 1729 5082 ibi
1753 5042 1963 5081 annum

386 5134 582 5182 unum,
618 5127 672 5173 et
699 5119 1042 5187 negotiemur
1074 5134 1139 5173 ac
1162 5119 1375 5175 lucrum
1413 5120 1681 5176 faciamus
1711 5137 1725 5177 :
1751 5135 1851 5190 pro
1897 5134 1965 5174 eo

385 5207 533 5278 quod
564 5206 856 5263 dicendum
885 5208 1043 5263 vobis
1069 5217 1208 5263 erat.
1245 5208 1303 5271 Si
1336 5209 1601 5265 Dominus
1631 5210 1884 5274 voluerit,
1910 5219 1967 5264 et

385 5298 431 5353 si
450 5298 764 5365 vixerimus,
803 5298 1064 5355 faciamus
1099 5302 1204 5356 hoc
1226 5312 1319 5357 aut
1340 5302 1494 5357 illud.
1534 5321 1553 5355 ι
1594 5301 1750 5357 Nunc
1781 5310 1962 5357 autem

384 5386 695 5458 gloriamini
715 5389 770 5443 in
796 5390 1120 5460 arrogantiis
1134 5392 1353 5446 vestris.
1380 5411 1399 5443 ›
1421 5390 1555 5446 Cum
1577 5391 1651 5446 ita
1676 5406 1803 5445 vera
1828 5407 1963 5446 con-

381 5479 590 5534 secutio
616 5483 887 5536 sermonis
908 5491 1075 5546 esset,
1108 5497 1218 5537 non
1243 5483 1349 5537 hoc
1381 5481 1527 5547 facit,
1556 5482 1653 5537 sed
1670 5492 1957 5553 postquam

380 5572 635 5643 exemplo
668 5572 989 5629 intersecuit
1009 5573 1282 5629 sermonis
1304 5574 1774 5644 consequentiam,
1803 5573 1959 5629 dein-

382 5676 512 5734 ceps
549 5665 837 5736 subiunxit
863 5666 1009 5735 quod
1031 5666 1241 5733 deerat,
1268 5681 1366 5736 per
1387 5666 1680 5738 imaginem
1711 5667 1789 5722 rei
1825 5682 1957 5738 pro-

450 5840 718 5899 "Jerctn.
741 5842 902 5910 λεδ.
980 5844 1023 5875 ιδ
1045 5840 1203 5899 Prov.
1235 5858 1401 5911 xxvii,
1432 5844 1478 5900 l.
1518 5845 1563 5877 ἰθ
1589 5844 1729 5901 Psal.
1759 5864 1961 5905 xxxvut
1998 5850 2054 5904 7.

2066 4748 2175 4818 γὰρ
2213 4746 2331 4801 ὅλον
2386 4746 2446 4800 τὸ
2490 4748 2688 4817 χωρίον
2720 4746 2913 4811 οὑτως·
2951 4747 3085 4815 ’Δγε
3130 4746 3245 4813 νῦν,
3289 4750 3337 4799 ot
3370 4745 3662 4814 λέγοντες.

2070 4841 2315 4911 Σήμερον
2344 4841 2441 4895 καὶ
2469 4840 2658 4912 αῦριον
2687 4839 3087 4911 πορευσώμεθα
3116 4842 3197 4902 εἰς
3225 4840 3386 4910 τήνδε
3415 4840 3524 4911 τὴν
3566 4839 3663 4892 πὸο

2070 4933 2176 4999 λιν,
2202 4933 2297 4987 καὶ
2322 4934 2638 5004 ποιήσωμεν
2671 4934 2788 4987 ἐκεῖ
2816 4932 3061 4987 ἐνιαυτὸν
3088 4932 3209 4998 ἕνα,
3239 4932 3333 4986 καλ⁵
3370 4933 3662 5001 ἐμπορευ-

2073 5024 2297 5095 σώμεθα
2325 5026 2422 5079 καὶ
2444 5026 2821 5097 κερδήσωμεν·
2847 5027 2969 5080 ἀντὶ
3005 5025 3096 5079 τοῦ
3126 5026 3303 5093 λέγειν
3328 5026 3498 5095 ὑμᾶς,
3527 5024 3667 5078 Ἐὰν

2063 5122 2092 5174 ὀ
2117 5120 2320 5190 Κύριος
2362 5120 2587 5192 θελήσῃ,
2612 5122 2708 5174 καὶ
2734 5121 2993 5191 ζήσωμεν
3017 5121 3113 5174 καὶ
3142 5122 3463 5190 ποιήσωμεν
3493 5119 3667 5171 τοῦτο

2064 5211 2097 5282 ἢ
2153 5214 2351 5266 ἐκεῖνο.
2395 5229 2413 5264 ι
2446 5212 2559 5265 Νῦν
2612 5212 2670 5265 δὲ
2701 5212 2980 5283 καυχᾶσθε
3031 5215 3088 5265 ὲν
3147 5214 3270 5275 ταῖς
3304 5211 3663 5274 ἀλαζονείαις

2063 5302 2237 5372 ὑμῶν.
2275 5327 2293 5356 ι
2329 5302 2515 5367 Οὕτως
2539 5303 2696 5368 ὄντος
2731 5304 2826 5356 τοῦ
2858 5302 3177 5368 ἀκολούθου,
3201 5303 3261 5356 οὑ
3286 5304 3445 5355 τοῦτο
3480 5304 3665 5364 ποιεῖ,

2061 5396 2200 5448 ἀλλὰ
2227 5396 2489 5469 διακόψας
2526 5396 2604 5465 τῷ
2640 5396 3046 5467 παραδείγματι
3090 5395 3189 5465 τὴν
3227 5396 3518 5463 συνέχειαν
3565 5392 3665 5445 τοῦ

2067 5487 2248 5557 λόγου,
2312 5490 2454 5559 μετὰ
2505 5487 2677 5542 ταῦτα
2718 5489 2992 5561 ἐπήνεγκε
3031 5489 3092 5541 τὸ
3138 5488 3383 5540 ἐλλεῖπον
3429 5487 3665 5554 φθάσας

2065 5578 2154 5632 διὰ
2184 5579 2283 5649 τῆς
2317 5578 2411 5633 τοῦ
2441 5579 2766 5650 πράγματος
2793 5580 3002 5642 εἰκόνος
3026 5578 3085 5631 τὸ
3130 5577 3361 5648 μάταιον
3399 5576 3665 5642 ὑποστῆ-

2069 5688 2159 5725 σαι
2191 5668 2283 5725 τοῦ
2329 5671 2389 5736 ἐξ
2419 5671 2742 5736 ἀλαζονείας
2776 5671 2905 5742 περὶ
2932 5669 3083 5725 τόνδε
3117 5669 3210 5724 τὸν
3254 5668 3458 5739 κόσμον
3484 5664 3665 5738 ἡμῶν
