3970 6566
273 404 367 475 501

1199 409 1585 474 COMMENT.
1626 412 1707 472 IN
1737 411 1978 471 EPIST.
2011 411 2328 472 CATHOL.
2359 411 2648 471 JACOBI.

3430 407 3552 471 502Δ

272 527 712 601 περισπωμένου.
745 528 901 581 Ἔστι
935 527 1044 597 γάρ
1074 528 1271 592 οὕτως·
1320 530 1612 599 Καυχᾶσθε
1649 531 1708 582 ὲν
1735 532 1852 591 ταῖς

1974 544 2125 583 trans
2151 544 2215 583 ac
2239 529 2578 583 convincens
2615 526 2843 582 subesse
2872 526 3169 580 vanitatem
3197 524 3251 579 in
3291 541 3358 580 eo
3393 529 3537 596 quod

271 620 612 685 ἀλαζονείαις
652 620 830 691 ὑμῶν.
862 619 1056 688 Τίνες;
1108 622 1318 685 Οἵτινες
1344 624 1445 676 ονἰκ
1472 622 1769 677 ἐπίστασθε
1792 623 1852 675 τὸ

272 714 564 784 εἰσαύριον.
594 713 732 769 Ποία
761 715 869 785 γάρ
900 717 934 786 ἡ
975 714 1089 785 ζωὴ
1115 716 1302 785 ὑμῶν;
1333 716 1448 769 Καὶ
1488 715 1639 785 ἑξῆς.
1667 716 1769 768 Διά
1794 714 1853 768 δὲ

272 806 385 871 τοῦ,
414 806 551 860 Ποία
581 807 615 877 ἡ
653 804 766 874 ζωὴ
797 806 983 873 ὐμῶν;
1023 807 1389 873 ἐξουδενώσας
1421 808 1521 877 τὴν
1550 807 1718 877 ζωὴν,
1760 807 1855 860 καὶ

274 898 704 970 προοδοποιῆσας
727 898 815 951 διὰ
844 899 1037 952 τούτου
1064 899 1143 969 τῷ
1174 902 1255 963 είς
1285 900 1563 954 εὐτέλειαν
1588 899 1855 970 παραδεί-

274 1006 466 1058 γματι,
491 988 668 1050 οὕτως
698 988 897 1055 ἐπάγει
922 987 1018 1041 καὶ
1045 987 1107 1041 τὸ
1138 988 1467 1057 ὑπόδειγμα,
1495 987 1856 1059 καιριώτατον

274 1080 428 1134 τοῦτο
452 1080 645 1135 ποιῶν,
686 1098 705 1131 ι
740 1080 1035 1149 Καυχᾶσθε
1056 1080 1113 1132 ἂν
1134 1081 1256 1143 ταῖς
1275 1080 1617 1144 ἀλαζονείαις
1642 1078 1848 1146 ὑμῶν.»

288 1170 524 1235 Ἀλαζὼν
557 1172 650 1225 καὶ
678 1170 967 1234 ἀλαζονεία
1006 1171 1080 1241 μὴ
1136 1169 1470 1239 ὑφεστώτων
1509 1170 1857 1242 πραγμάτων

278 1265 392 1316 ἐστὶ
414 1262 645 1331 σπουδή.
669 1260 761 1314 Διὸ
797 1262 892 1315 καὶ
920 1260 1153 1322 ἀλαζὼν
1190 1261 1410 1330 λέγεται
1449 1265 1483 1316 ό
1510 1261 1661 1330 μετὰ
1703 1261 1859 1329 ἄλης

277 1351 403 1417 ζῶν,
440 1352 715 1415 τουτέστι,
752 1352 892 1422 μετὰ
942 1352 1177 1405 ἀστάτου
1227 1354 1325 1406 καὶ
1374 1351 1447 1422 μὴ
1488 1351 1704 1422 ἔχοντος
1735 1352 1860 1404 ὑπό-

280 1458 465 1495 στασιν
487 1441 838 1513 πράγματος.
868 1460 887 1494 ι
922 1442 1080 1495 Πᾶσα
1101 1442 1371 1513 καύχησις
1392 1442 1618 1513 τοιαύτη
1647 1442 1861 1513 πονηρά

280 1536 442 1590 ἐστιν.
481 1553 500 1585 ι
547 1534 1028 1604 Ἐπαναλαμϐάνει
1073 1536 1173 1606 τὴν
1221 1535 1466 1588 διάκενον
1499 1534 1790 1604 καύχησιν,
1821 1536 1856 1607 ἦ

280 1645 358 1688 τις
380 1625 440 1691 ἐξ
471 1627 856 1698 ὑπερηφανίας
888 1628 1033 1696 φιλεῖ
1058 1627 1362 1683 τίκτεσθαι.
1400 1629 1509 1682 Καὶ
1529 1629 1692 1682 οἱονεὶ
1718 1644 1860 1698 συμ-

284 1718 556 1787 περαίνων
589 1718 684 1771 τὸν
718 1718 914 1773 ἑαυτοῦ
952 1718 1134 1787 λόγον,
1188 1720 1462 1791 ἐπιφέρει,
1516 1721 1597 1774 ὅτι
1649 1720 1862 1792 πονηρά

287 1811 454 1863 ἐστιν.
484 1810 547 1861 Ei
577 1809 633 1863 δὲ
669 1809 903 1879 πονηρά.
939 1810 1158 1874 πάντως
1178 1811 1261 1864 δτι
1297 1812 1392 1865 καὶ
1430 1812 1539 1865 ἀπὸ
1569 1812 1662 1864 τοῦ
1692 1812 1864 1882 Πονη-

284 1896 376 1968 ροῦ
404 1901 545 1952 ἐστι.
586 1900 660 1951 Οὐ
706 1899 872 1952 δεῖδὲ
913 1902 1041 1962 τοὺς
1071 1901 1149 1970 τῷ
1188 1901 1380 1971 Κυρίῳ
1427 1901 1515 1956 διὰ
1557 1901 1653 1956 τοῦ
1701 1902 1858 1972 ἁγίου

284 1991 658 2061 βαπτίσματος
706 1991 1070 2056 ἁνατεθέντας
1108 1993 1202 2046 τοῦ
1251 1994 1496 2065 Πονηροῦ
1551 1995 1858 2067 παραδέχε-

284 2084 405 2136 σθαι
436 2084 763 2153 ὲπισποράς.
800 2084 1080 2154 Ἐπιφέρει
1100 2085 1158 2138 δὲ
1189 2086 1284 2139 καὶ
1310 2087 1390 2153 τὸ,
1427 2087 1605 2141 Εξδὸτι
1632 2085 1727 2144 οὖν
1756 2105 1858 2140 κα·-

283 2175 368 2226 λὺν
391 2178 565 2228 ποιεῖν
590 2176 685 2229 καὶ
711 2177 786 2248 μὴ
816 2178 1080 2244 ποιοῦντι,
1117 2179 1360 2249 ἁμαρτία
1403 2180 1555 2249 αὐτῷ
1587 2181 1723 2234 ἐστι’
1764 2180 1860 2234 καὶ

282 2268 402 2328 τοὺς
449 2265 969 2335 ψευδοδιδασκάλους
1021 2269 1268 2333 παιδεύει
1308 2271 1496 2327 πάλιν.
1549 2272 1639 2342 Μὴ
1684 2272 1859 2327 ταῦτα

283 2355 555 2407 παιδεύειν
609 2357 833 2428 τολμᾷς,
893 2359 930 2413 ἃ.
1004 2359 1081 2430 μὴ
1136 2361 1404 2432 πρότερον
1453 2362 1857 2435 κατώρθωσαςς

287 2465 307 2498 ι
344 2448 628 2518 Μακάριος
685 2450 815 2519 γάρ,
849 2452 1035 2520 φησιν,
1088 2453 1186 2525 ούχ
1249 2453 1308 2517 ὃς
1358 2454 1581 2520 διδάξει,
1642 2455 1761 2513 ἀλλ’
1798 2456 1859 2521 ὃς

283 2540 496 2607 ποιήσει
533 2542 630 2593 καὶ
663 2540 885 2607 διδάξει.
921 2562 939 2593 ι
976 2544 1348 2614 Προηγεῖσθαι
1381 2544 1490 2615 γὰρ
1518 2545 1598 2598 δεῖ
1621 2547 1690 2601 τὰ
1725 2546 1862 2617 ἔργα

280 2628 370 2680 τοῦ
402 2629 589 2696 λόγου.
618 2631 822 2684 Καθότι
849 2633 943 2691 καὶ
981 2635 1435 2705 ἐπιδεικνυμένην
1467 2636 1648 2691 πίστιν
1677 2640 1859 2707 ἀπαγ-

282 2721 460 2789 γέλλει
496 2722 725 2786 δίκαιος.
786 2742 804 2776 ι
852 2724 911 2779 '0
941 2725 1049 2796 γὰρ
1082 2725 1247 2791 λύων,
1297 2729 1432 2797 φησὶ
1466 2728 1691 2798 Κύριος,
1731 2729 1861 2797 μίαν

283 2815 387 2867 τῷν
442 2817 677 2870 ἐντολῶν
711 2817 916 2871 τούτων
963 2819 1072 2873 τῶν
1099 2820 1419 2891 ἐλαχίστων,
1465 2822 1561 2875 καὶ
1591 2823 1860 2879 διδάσκων

284 2904 454 2968 οὕτως
479 2908 606 2970 τοὺς
636 2907 980 2980 ἀνθρώπους,
1018 2911 1290 2976 τουτέστι,
1330 2912 1618 2978 διακένως,
1656 2914 1741 2982 ἐφ’
1780 2910 1862 2980 οἷς

285 2998 382 3053 οὐκ
429 2999 748 3065 ἐκοπίασεν,
800 3002 1088 3072 ἐλάχιστος
1122 3003 1476 3074 κληθήσεται,
1517 3009 1690 3075 μέγας
1720 3006 1777 3058 δὲ
1805 3005 1863 3069 ὃς

289 3091 425 3160 μετὰ
451 3092 547 3144 τοῦ
582 3094 788 3163 πρᾶξαι
811 3094 1033 3161 διδάξει.
1066 3114 1086 3147 ι
1142 3097 1295 3150 Ἐπεὶ
1332 3098 1423 3151 καὶ
1453 3098 1617 3159 αὐτὸς
1645 3099 1673 3150 ὁ
1704 3097 1862 3152 θεάνο

291 3181 533 3275 θρωπος,
556 3177 633 3238 ὧν
665 3185 870 3256 ἤρξατο
897 3190 1091 3253 ποιεῖν,
1134 3188 1339 3243 τούτων
1379 3190 1472 3243 καὶ
1516 3190 1867 3245 διδασκαλίαν
1898 3218 1939 3275 c

289 3274 541 3328 δποιεῖτο.
591 3276 813 3331 Τοιοῦτό
844 3296 936 3349 μοι
979 3279 1253 3334 δοκεῖκαὶ
1282 3280 1362 3346 τὸ,
1402 3300 1420 3333 ι
1465 3283 1522 3335 '0
1565 3282 1869 3354 καυχώμε-

289 3384 395 3431 νος,
432 3370 490 3420 ὲν
525 3368 717 3439 Κυρίῳ
742 3371 1061 3441 καυχάσθω,
1107 3392 1127 3424 ι
1170 3373 1293 3428 ἀντὶ
1323 3374 1439 3440 τοῦ,
1470 3375 1612 3428 κατὰ
1641 3374 1868 3446 Κύριον,

291 3458 480 3529 ἐκείνῳ
522 3460 805 3530 χρώμενος
847 3464 1208 3534 ὑποδείγματι
1259 3465 1393 3519 πολὺ
1445 3466 1730 3537 πρότερον,
1781 3466 1876 3521 καὶ

289 3551 428 3603 οὕτω
460 3553 648 3615 ποιῶν,
677 3553 819 3607 οὕτω
848 3556 1138 3611 διδάσκων.
1179 3557 1333 3611 Ἐπεὶ
1365 3558 1461 3611 καὶ
1489 3560 1618 3612 ὅταν
1645 3560 1810 3629 φησὶν
1843 3560 1872 3613 ὁ

294 3642 450 3695 Anus“)
470 3660 483 3672 ·
528 3662 547 3695 ι
586 3646 672 3698 Ἐν
702 3646 779 3716 τῷ
814 3648 1001 3718 Κυρίῳ
1025 3648 1444 3719 ἐπαινεθήσεται
1472 3653 1504 3720 ἡ
1531 3652 1678 3722 ψυχή
1711 3670 1865 3721 pou,»

292 3734 389 3786 οὐκ
412 3735 541 3788 ἄλλο
587 3754 773 3805 φησιν,
811 3739 842 3809 ἦ
876 3740 959 3792 ὅτι
994 3742 1134 3796 κατὰ
1178 3742 1277 3806 τὰς
1318 3743 1540 3809 ἐντολάς
1573 3745 1873 3816 πορευόμε-

296 3839 380 3884 νος
407 3823 501 3876 τοῦ
533 3827 735 3897 Κυρίου
761 3829 1099 3900 ὲπαινεθείη.

1955 636 2058 676 nos
2087 620 2341 676 distrahit
2383 619 2531 673 circa
2564 621 2709 673 hunc
2744 619 3037 672 mundum.
3089 617 3188 671 Est
3234 616 3381 670 enim
3433 618 3540 671 hoc

1954 713 2116 766 modo
2144 710 2553 782 intelligendum
2587 726 2601 763 :
2641 707 2961 764 Gloriamini
3000 707 3055 761 in
3089 705 3410 776 arrogantiis
3456 720 3542 761 vc-

1956 806 2106 861 stris.
2143 803 2377 869 Quinam
2436 804 2527 873 qui
2563 801 2824 871 ignoratis
2848 800 2976 870 quid
3007 808 3227 870 postero
3268 798 3358 853 die
3393 797 3542 852 futu-

1956 912 2078 952 rum
2107 897 2194 951 sit.
2219 895 2353 963 Quae
2392 908 2477 951 est
2515 894 2662 948 enim
2705 894 2815 948 vita
2854 890 3076 946 vestra?
3114 899 3223 946 etc.
3278 889 3385 944 Per
3437 890 3544 944 hoc

1957 996 2141 1042 autem
2175 987 2321 1057 quod
2342 986 2421 1040 ait
2451 1003 2465 1039 :
2497 985 2626 1052 Quae
2656 993 2740 1038 est
2764 983 2911 1038 enim
2938 982 3046 1038 vita
3063 981 3271 1036 vestra?
3291 988 3544 1035 contem-

1956 1095 2098 1134 nens
2120 1080 2310 1144 vitam,
2337 1089 2394 1134 et
2418 1092 2516 1148 per
2563 1077 2667 1131 hoc
2728 1075 2871 1129 viam
2914 1080 3250 1143 praestruens
3292 1072 3545 1142 exemplo

1958 1174 2025 1228 ad
2049 1172 2395 1244 fragilitatem
2427 1170 2629 1240 posito,
2673 1169 2748 1223 ita
2802 1168 3084 1237 subjungit
3112 1176 3169 1222 et
3204 1166 3542 1236 exemplum,

1960 1264 2194 1320 reddens
2223 1263 2328 1318 hoc
2351 1262 2745 1317 firmissimum.
2779 1280 2799 1313 (
2846 1260 3177 1316 Gloriamini
3208 1260 3262 1313 in
3285 1272 3546 1329 arrogan-

1961 1357 2053 1412 tiis
2090 1356 2310 1412 vestris.
2362 1373 2382 1406 s
2413 1355 2688 1425 Arrogans
2716 1360 2773 1408 et
2823 1352 3133 1424 arrogantia
3182 1350 3413 1406 affectus
3458 1359 3543 1406 est

1959 1450 2027 1506 de
2047 1449 2211 1504 rebus
2240 1462 2351 1502 non
2383 1446 2832 1502 subsistentibus.
2867 1444 2990 1500 Ideo
3009 1444 3172 1499 etiam
3207 1441 3427 1507 ἀλαζών
3454 1442 3543 1498 di-

1961 1543 2105 1598 citur
2129 1542 2157 1594 ὁ
2186 1539 2324 1611 μετὰ
2351 1538 2485 1610 ἄλης
2511 1537 2640 1604 ζῶν,
2673 1538 2728 1593 id
2754 1547 2837 1594 est
2853 1553 2978 1594 cum
3020 1536 3156 1592 mari
3188 1535 3397 1600 vivens,
3441 1534 3548 1589 hoc

1962 1641 2045 1688 est
2073 1646 2199 1687 cum
2243 1646 2303 1685 re
2352 1628 2595 1685 instabili
2654 1643 2761 1684 nec
2810 1627 3051 1682 habente
3113 1625 3545 1681 subsistentiarn.

1968 1745 1988 1777 ι
2017 1723 2207 1779 Omnis
2225 1721 2519 1778 exsultatio
2552 1720 2678 1775 talis
2708 1720 2850 1775 mala
2881 1728 2984 1773 est.
3018 1737 3037 1770 ι
3081 1716 3301 1787 Repetit
3351 1729 3548 1769 vanam

1965 1816 2343 1888 gloriationem
2379 1828 2505 1885 quae
2538 1828 2607 1869 ex
2640 1811 2901 1883 superbia
2945 1809 3080 1866 oriri
3112 1808 3285 1880 cupit,
3334 1815 3392 1863 et
3424 1816 3548 1862 tan-

1894 1880 1936 1935 B
1968 1894 2134 1978 quam
2162 1922 2324 1963 suum
2345 1905 2682 1961 concludens
2701 1917 3015 1961 sermonem
3050 1900 3220 1957 infert
3237 1899 3381 1971 quod
3408 1897 3549 1953 mala

1969 2000 2041 2055 sit
2066 2018 2082 2059 :
2116 1999 2263 2070 quod
2292 2000 2340 2054 si
2364 1999 2527 2065 mala,
2549 1999 2743 2068 utique
2776 1996 2943 2052 etiam
2975 2011 3007 2050 a
3037 1995 3277 2065 Maligna
3296 2000 3401 2048 est.
3426 1990 3550 2046 Non

1967 2097 2185 2160 oportet
2209 2097 2391 2143 autem
2422 2104 2518 2145 eos
2550 2088 2640 2159 qui
2670 2103 2766 2158 per
2796 2087 3067 2157 baptisma
3098 2083 3332 2138 Domino
3350 2094 3553 2137 conse‘

1966 2181 2103 2238 crati
2131 2188 2281 2246 sunt,
2309 2180 2473 2253 A73
2494 2180 2633 2234 ullas
2675 2178 2955 2248 suscipere
2985 2193 3016 2232 a
3058 2175 3297 2246 Maligna
3327 2175 3546 2243 inspera

1968 2273 2173 2328 siones.
2214 2271 2385 2327 infert
2415 2280 2605 2326 autem
2647 2268 2836 2324 ethoc
2869 2267 3079 2339 :Igitur
3107 2267 3202 2336 qui
3229 2265 3382 2321 novit
3402 2272 3550 2321 recte

1969 2360 2153 2416 facere
2182 2374 2287 2416 nec
2325 2359 2478 2425 facit,
2525 2357 2617 2415 hic
2638 2365 2867 2429 peccato
2912 2364 3176 2412 tenetur:
3220 2368 3553 2424 rursumque

1969 2452 2136 2507 falsos
2168 2453 2423 2508 doctores
2444 2451 2695 2521 corripit.
2731 2449 2875 2504 Num
2904 2449 3025 2504 haec
3056 2447 3227 2502 audes
3273 2446 3553 2515 corripere
3580 2504 3589 2509 ,

1973 2561 2098 2600 cum
2126 2561 2236 2599 non
2269 2544 2421 2615 prius
2448 2544 2504 2598 in
2548 2543 2633 2598 bis
2682 2550 2829 2597 recte
2878 2549 2930 2596 te
2988 2538 3266 2608 gesseris?
3302 2557 3319 2589 ι
3356 2537 3554 2593 Beatus

1976 2640 2144 2703 enim,
2196 2638 2399 2708 inquit,
2428 2652 2540 2692 non
2577 2637 2669 2707 qui
2696 2634 2968 2700 docuerit,
3010 2634 3109 2690 sed
3136 2633 3229 2703 qui
3266 2632 3456 2687 fecerit
3498 2637 3555 2686 et

1972 2732 2244 2788 docuerit.
2308 2750 2327 2784 ι
2396 2729 2626 2800 Oportet
2703 2729 2851 2783 enim
2904 2736 2965 2782 ut
3018 2740 3188 2797 Opera
3247 2739 3557 2779 sermonem

1973 2821 2307 2893 praecedant,
2360 2818 2620 2889 quoniam
2670 2818 2853 2888 justus
2909 2815 3209 2871 exbibitam
3259 2813 3420 2868 fidem
3455 2829 3556 2867 an-

1973 2913 2215 2968 nuntiat.
2271 2930 2289 2963 ι
2347 2910 2483 2966 Nam
2540 2911 2635 2980 qui
2686 2908 2933 2974 solverit,
2993 2906 3179 2978 inquit
3270 2904 3554 2967 Dominus,

1977 3021 2150 3060 unum
2200 3004 2269 3059 de
2317 3003 2596 3060 mandatis
2635 3002 2755 3057 istis
2794 3000 3058 3066 minimis,
3101 3007 3157 3053 et
3198 2996 3450 3053 docuerit
3477 2995 3560 3055 sic

1977 3096 2253 3161 homines,
2285 3095 2340 3151 id
2371 3101 2476 3159 est,
2508 3093 2769 3156 inaniter,
2801 3106 2999 3161 nempe
3027 3104 3092 3145 ea
3119 3089 3175 3144 in
3207 3086 3407 3158 quibus
3444 3100 3559 3141 non

1974 3186 2264 3253 laboravit,
2302 3186 2565 3240 minimus
2600 3182 2886 3240 vocabitur
2925 3199 2937 3234 :
2982 3194 3210 3252 magnus
3249 3186 3435 3232 autem
3481 3175 3551 3240 is,

1975 3280 2066 3349 qui
2091 3279 2253 3333 simul
2286 3285 2342 3332 et
2364 3275 2554 3331 fecerit
2581 3284 2634 3330 et
2661 3272 2913 3329 docuerit
2937 3273 3009 3326 ⁸ο.
3050 3291 3069 3323 ι
3103 3265 3556 3339 Quandoquidem
3598 3270 3601 3275 '

1975 3382 2031 3429 et
2052 3372 2170 3442 ipse
2200 3371 2344 3426 Deus
2369 3379 2424 3426 et
2455 3370 2620 3425 homo
2673 3369 2869 3422 horum
2929 3364 3244 3422 doctrinam
3308 3361 3557 3429 tradebat

1974 3482 2097 3538 quae
2125 3466 2362 3536 primum
2400 3463 2583 3518 facere
2613 3472 2859 3532 cceperat
2882 3461 2951 3514 δι.
2981 3456 3304 3529 Huiusmodi
3341 3468 3558 3524 quoque

1974 3559 2191 3613 videtur
2223 3557 2366 3626 quod
2397 3556 2472 3609 ait
2502 3553 2730 3609 Paulus:
2771 3570 2789 3603 ι
2823 3550 2925 3618 Qui
2954 3551 3231 3622 gloriatur,
3254 3547 3309 3601 in
3332 3544 3560 3600 Domino

1983 3652 2246 3723 glorietur
2272 3651 2317 3681 ⁸³
2344 3666 2359 3715 ;
2390 3668 2407 3700 ι
2447 3649 2551 3702 boc
2577 3656 2681 3708 est,
2709 3645 3014 3700 secundum
3050 3642 3362 3705 Dominum,
3414 3638 3561 3691 illius

1982 3744 2142 3814 longe
2161 3752 2326 3796 antea
2355 3749 2517 3794 utens
2544 3737 2820 3808 exemplo,
2852 3744 2908 3792 et
2933 3736 3007 3790 ita
3034 3735 3241 3788 faciens
3271 3740 3327 3787 et
3354 3730 3426 3784 ita
3459 3729 3561 3783 do-

1981 3850 2130 3890 cens.
2171 3831 2444 3899 Quoniam
2476 3841 2531 3884 et
2564 3829 2736 3883 David
2787 3844 2912 3883 cum
2959 3828 3037 3882 ait
3084 3846 3098 3882 :
3149 3844 3168 3879 ι
3218 3825 3279 3880 In
3331 3820 3562 3878 Domino

297 3915 603 3972 laudabitur
673 3921 856 3977 anima
920 3938 1043 3979 mea
1100 3924 1176 3991 ⁸³,
1236 3943 1255 3975 ι
1323 3940 1436 3979 non
1490 3926 1638 3981 aliud
1702 3927 1855 3993 dicit,
1933 3942 2097 3996 quam
2150 3924 2297 3995 quod
2349 3922 2603 3995 gradiens
2644 3922 2797 3992 juxta
2862 3920 3081 3975 Domini
3129 3928 3399 3990 praecepta
3442 3917 3562 3970 lau-

295 4009 469 4064 detur.
1079 4026 1101 4057 τ

364 4107 504 4173 ’Ἄγε
530 4104 668 4169 νῦν,
693 4109 746 4160 οἱ
793 4108 1096 4171 πλούσιοι,
1135 4111 1445 4164 κλαύσατε
1478 4111 1871 4180 ὀλολύζοντες

294 4196 387 4249 ἐπὶ
425 4197 556 4262 ταῖς
585 4201 1012 4268 ταλαιπωρίαις
1058 4201 1226 4270 ὑμῶν
1265 4204 1394 4269 ταῖς
1420 4204 1871 4275 ἐπερχομέναις.

308 4288 368 4340 ⁸0
396 4291 666 4356 πλοῦτος
696 4290 863 4360 ὑμῶν
891 4293 1151 4361 σέσηπε.
1181 4294 1260 4349 Τὰ
1280 4296 1480 4364 Ιμάτια
1509 4296 1675 4365 ὑμῶν
1696 4298 1877 4364 σητό-

297 4383 482 4451 ϐρωτα
516 4384 786 4454 γέγονεν.
835 4385 888 4438 '0
924 4388 1154 4455 χρυσὸς
1187 4387 1352 4456 ὑμῶν
1390 4389 1489 4442 καὶ
1543 4392 1575 4442 ὁ
1623 4366 1879 4459 ἄργυρος

297 4476 595 4531 κατίωται.
634 4476 744 4530 Καὶ
796 4481 829 4530 d
882 4478 972 4544 ίὸς
1017 4478 1216 4533 αὐτῶν
1249 4481 1335 4546 εἰς
1372 4480 1699 4549 μαρτύριον
1734 4481 1877 4548 ὑμῖν

296 4564 484 4629 ἔσται,
535 4568 636 4621 καὶ
689 4568 937 4637 φάγεται
982 4570 1089 4636 τὰς
1129 4569 1362 4636 σάρκας
1397 4570 1559 4639 ὑμῶν
1608 4570 1688 4635 ὡς
1731 4570 1870 4636 πῦρ.

308 4659 787 4728 Ἔθησαυρίσατε
821 4660 1009 4730 ὀργὴν
1032 4662 1101 4714 ἐν
1127 4662 1416 4731 ἐσχάταις
1440 4660 1874 4730 ήμέραις.ἰδοὺ

294 4753 328 4803 ὀ
351 4754 573 4819 μισθὸς
601 4752 719 4806 τῶν
738 4753 1001 4822 ἐργατῶν
1023 4753 1143 4806 τῶν
1166 4755 1534 4823 ἀμησάντων
1554 4753 1660 4819 τὰς
1682 4753 1876 4821 χώρας

294 4840 479 4908 ὑμῶν,
513 4844 547 4895 ό
574 4842 1065 4911 ἀπεστερημένος
1102 4842 1203 4911 ἀφ’
1231 4842 1401 4911 ὑμῶν
1429 4841 1644 4911 κράζει.
1673 4844 1783 4896 Καὶ
1815 4846 1875 4897 al

287 4931 427 4993 ,βοαὶ
456 4932 579 4984 τῶν
605 4932 974 5001 θερισάντων
1000 4937 1088 5000 είς
1118 4933 1190 4987 τὰ
1230 4929 1351 4989 ὦτα
1385 4933 1606 5001 Κυρίου
1635 4931 1876 4988 Σαϐαὼθ

292 5026 784 5093 εἰσεληλύθασιν.
855 5027 1266 5096 Ἐτρυφήσατε
1305 5026 1404 5080 ἐπὶ
1458 5024 1566 5093 τῆς
1615 5023 1731 5092 γῆς
1776 5023 1877 5079 καὶ

292 5117 782 5186 ἐσπαταλήσατε.
822 5120 1144 5189 Ἐτρέψατε
1169 5119 1277 5186 τὰς
1304 5117 1551 5187 καρδίας
1584 5115 1766 5185 ὑμῶν,
1797 5116 1879 5183 ὡς

293 5208 361 5260 ἐν
388 5209 577 5279 ἡμέρᾳ
604 5212 870 5280 σφαγῆς.
895 5211 1355 5274 Κατεδικάσατε,
1377 5208 1750 5279 ἐφονεύσατε
1772 5208 1878 5260 τὸν

294 5299 547 5355 δίκαιον.
572 5303 695 5355 Οὐκ
721 5302 1150 5356 ἀντιτάσσεται
1184 5302 1346 5371 ὑμῖν.

367 5412 387 5446 ι
423 5396 560 5461 Ἀγε
586 5394 681 5448 νῦν
715 5413 734 5446 ι
770 5394 841 5448 Τὸ
873 5394 1134 5463 φειδωλὸν
1161 5395 1255 5448 καὶ
1285 5394 1544 5465 γλίσχρον
1573 5394 1680 5447 τῶν
1708 5394 1873 5448 πλου-

298 5487 425 5540 σίων
448 5487 647 5558 θρῆνον
669 5488 849 5541 αὐτῶν
881 5492 1136 5552 ποιεῖται,
1174 5487 1449 5551 ὀλολύζειν
1475 5486 1675 5549 αὐτοὺς
1694 5505 1876 5559 παρα-

297 5580 675 5648 κελευόμενος,
715 5580 989 5647 τουτέστι,
1022 5580 1263 5652 θρηνεῖν,
1295 5580 1370 5643 ὠς
1399 5580 1478 5643 είς
1522 5578 1872 5649 ἀνύπαρκτον

298 5672 390 5724 καὶ
422 5671 629 5741 φθορὰν
664 5672 1100 5743 ταμιευομένους
1142 5674 1235 5726 τὸν
1273 5671 1508 5726 πλοῦτον
1544 5670 1749 5738 αὐτῶν,
1776 5670 1871 5725 καὶ

356 5852 619 5911 "Matth.
661 5868 744 5921 tat,
776 5854 861 5912 19.
931 5856 969 5887 ³¹
1007 5854 1127 5909 Act.
1160 5870 1201 5921 ι,
1243 5853 1293 5911 1.

2043 4112 2110 4178 V,
2154 4112 2271 4167 1-6.
2303 4110 2454 4182 Agite
2483 4125 2643 4174 nunc,
2667 4108 2876 4172 divites,
2892 4106 3099 4176 plorata
3119 4104 3381 4174 ejulantes
3403 4121 3562 4179 super

1976 4206 2201 4260 miseriis
2255 4203 2442 4258 vestris
2499 4217 2615 4271 qua:
2669 4199 3059 4270 supervenient.
3108 4196 3320 4251 Divitia:
3374 4207 3563 4252 vestra:

1978 4300 2292 4369 putrefacta
2332 4304 2453 4351 sunt
2494 4311 2511 4348 :
2561 4294 2870 4348 vestimenta
2918 4305 3094 4347 vestra
3136 4291 3288 4344 tineis
3338 4291 3563 4345 obnoxia

1980 4391 2121 4459 facta
2148 4397 2289 4441 sunt.
2335 4386 2537 4440 Aurum
2566 4394 2615 4438 et
2643 4392 2923 4451 argentum
2959 4390 3188 4437 vestrum
3231 4380 3448 4450 erugine
3479 4382 3562 4434 vi-

1985 4483 2177 4533 tiatum
2207 4489 2282 4532 est
2306 4492 2324 4530 :
2360 4483 2411 4529 et
2450 4489 2610 4543 erugo
2631 4489 2813 4527 eorum
2833 4474 2887 4526 in
2915 4471 3264 4526 testimonium
3285 4471 3424 4524 vobis
3439 4472 3561 4536 erit,

1984 4580 2032 4625 et
2068 4570 2248 4623 exedet
2292 4581 2478 4619 carnes
2521 4572 2723 4618 vestras
2770 4564 2906 4616 sicut
2953 4562 3113 4632 ignis.
3168 4559 3276 4613 Pro
3321 4560 3564 4615 thesauro

1985 4665 2353 4721 recoudidistis
2387 4663 2527 4718 vobis
2576 4660 2715 4712 iram
2766 4661 2823 4713 in
2872 4659 3115 4720 extremis
3164 4658 3377 4710 diebus.
3432 4655 3566 4710 Ecce

1987 4758 2183 4811 merces
2205 4755 2563 4823 operariorum
2587 4753 2679 4822 qui
2710 4759 3036 4804 messuerunt
3072 4749 3309 4819 regiones
3339 4757 3562 4814 vestras,

1984 4838 2101 4921 ante
2134 4849 2322 4919 fraude
2350 4862 2453 4900 non
2493 4845 2698 4899 reddita
2725 4854 2801 4899 est
2831 4861 2862 4899 a
2891 4842 3056 4907 vobis,
3085 4842 3283 4896 clamat
3318 4858 3337 4898 .'
3369 4854 3416 4897 et
3449 4842 3566 4896 cla-

1984 4955 2149 4993 mores
2185 4939 2272 5008 qui
2298 4943 2640 5001 messuerant,
2684 4936 2739 4987 in
2766 4950 2920 4987 aures
2952 4932 3163 4986 Domini
3190 4932 3427 4987 Sabaoth
3481 4933 3566 4987 iu-

1980 5031 2254 5085 troierunt.
2278 5027 2342 5081 In
2363 5025 2565 5080 delictis
2597 5025 2803 5078 vixistis
2856 5040 3010 5093 super
3055 5032 3248 5077 terram
3275 5033 3321 5077 et
3351 5023 3566 5077 laseivi-

1976 5122 2090 5184 stis,
2129 5119 2400 5172 enutristis
2427 5115 2587 5169 corda
2609 5123 2778 5168 vestra
2805 5123 3079 5184 tanquam,
3104 5116 3158 5168 iu
3185 5114 3323 5169 diem
3353 5114 3568 5168 occisio-

1980 5214 2084 5266 nis.
2125 5208 2520 5265 Condemnastis
2557 5213 2606 5259 et
2652 5207 2916 5261 occidistis
2959 5208 3189 5276 justum,
3236 5222 3327 5259 nec
3374 5206 3563 5260 restitit

1976 5305 2135 5358 vobis.

2051 5415 2069 5447 ι
2098 5394 2252 5462 Agite
2276 5409 2442 5450 nunc.
2469 5414 2486 5446 ι
2511 5392 2745 5450 Divitum
2771 5390 3118 5446 tenacitatem
3151 5402 3214 5442 ac
3240 5384 3562 5454 parcitatem

1980 5487 2106 5542 facit
2124 5488 2572 5542 lamentationem
2592 5488 2860 5557 ipsorum,
2886 5483 3096 5553 ejulare
3112 5495 3210 5535 eos
3224 5477 3563 5546 jubens,hoc

1980 5592 2082 5648 est,
2101 5581 2404 5646 lamentari,
2423 5590 2483 5636 ut
2499 5581 2591 5651 qui
2615 5579 2682 5634 ad
2698 5576 2976 5633 interitum
2995 5568 3414 5643 etperditionem
3436 5582 3565 5660 suas
3580 5637 3605 5660 .

1978 5672 2275 5728 recondam
2289 5671 2530 5736 divitias,
2554 5682 2657 5725 nec
2672 5664 2819 5739 ipsas
2850 5669 3109 5720 nsumant
3129 5659 3185 5715 in
3199 5672 3402 5729 egenos
3421 5657 3564 5713 :sola

1378 5853 1648 5911 "Jcrcm.
1682 5870 1757 5920 Ix,
1794 5852 1900 5919 ‘23;
1947 5852 1991 5905 11
2024 5850 2148 5913 Cor.
2184 5868 2236 5917 κ,
2289 5849 2370 5905 17.
2451 5847 2496 5879 ⁸³
2545 5844 2689 5901 Psal.
2748 5857 2939 5908 χχχιιι,
2992 5840 3049 5895 5.
