  <div class='ocr_page' id='page_1' title='image "/cluster/home/n/w/nwhite01/storage/ocr_20150623/119/hvd.32044019208156/259.png"; bbox 0 0 3986 6560; ppageno 0'>
   <div class='ocr_carea' id='block_1_1' title="bbox 378 397 487 460">
    <p class='ocr_par' dir='ltr' id='par_1_1' title="bbox 378 397 487 460">
     <span class='ocr_line' id='line_1_1' title="bbox 378 397 487 460; baseline 0.018 -2"><span class='ocrx_word' id='word_1_1' title='bbox 378 397 487 460; x_wconf 79' lang='grc' dir='ltr'><strong>5ὓ3</strong></span> 
     </span>
    </p>
   </div>
   <div class='ocr_carea' id='block_1_2' title="bbox 1430 399 2528 465">
    <p class='ocr_par' dir='ltr' id='par_1_2' title="bbox 1430 399 2528 465">
     <span class='ocr_line' id='line_1_2' title="bbox 1430 399 2528 465; baseline 0.003 -5"><span class='ocrx_word' id='word_1_2' title='bbox 1430 399 1826 462; x_wconf 79' lang='lat' dir='ltr'><strong>(ECUMENII</strong></span> <span class='ocrx_word' id='word_1_3' title='bbox 1866 399 2154 461; x_wconf 66' lang='lat' dir='ltr'><strong>TRICCxE</strong></span> <span class='ocrx_word' id='word_1_4' title='bbox 2192 402 2528 465; x_wconf 84' lang='lat' dir='ltr'><strong>EPISCOPI</strong></span> 
     </span>
    </p>
   </div>
   <div class='ocr_carea' id='block_1_3' title="bbox 3521 397 3628 462">
    <p class='ocr_par' dir='ltr' id='par_1_3' title="bbox 3521 397 3628 462">
     <span class='ocr_line' id='line_1_3' title="bbox 3521 397 3628 462; baseline 0 0"><span class='ocrx_word' id='word_1_5' title='bbox 3521 397 3628 462; x_wconf 71' lang='lat' dir='ltr'><strong>5M</strong></span> 
     </span>
    </p>
   </div>
   <div class='ocr_carea' id='block_1_4' title="bbox 378 504 1936 585">
    <p class='ocr_par' dir='ltr' id='par_1_4' title="bbox 378 504 1936 584">
     <span class='ocr_line' id='line_1_4' title="bbox 378 504 1936 584; baseline 0.005 -27"><span class='ocrx_word' id='word_1_6' title='bbox 378 521 621 575; x_wconf 77' lang='lat' dir='ltr'><strong>namque</strong></span> <span class='ocrx_word' id='word_1_7' title='bbox 675 504 987 563; x_wconf 72' lang='lat' dir='ltr'><strong>divitiarum</strong></span> <span class='ocrx_word' id='word_1_8' title='bbox 1029 508 1084 564; x_wconf 87' lang='lat' dir='ltr'><strong>in</strong></span> <span class='ocrx_word' id='word_1_9' title='bbox 1137 509 1240 566; x_wconf 85' lang='lat' dir='ltr'><strong>hos</strong></span> <span class='ocrx_word' id='word_1_10' title='bbox 1280 510 1579 582; x_wconf 83' lang='lat' dir='ltr'><strong>insumptio</strong></span> <span class='ocrx_word' id='word_1_11' title='bbox 1630 510 1797 584; x_wconf 65' lang='grc'><strong>474</strong></span> <span class='ocrx_word' id='word_1_12' title='bbox 1837 527 1936 568; x_wconf 86' lang='lat' dir='ltr'><strong>nor</strong></span> 
     </span>
    </p>
   </div>
   <div class='ocr_carea' id='block_1_5' title="bbox 2045 504 3628 585">
    <p class='ocr_par' dir='ltr' id='par_1_5' title="bbox 2058 510 3628 584">
     <span class='ocr_line' id='line_1_5' title="bbox 2058 510 3628 584; baseline 0 -20"><span class='ocrx_word' id='word_1_13' title='bbox 2058 512 2132 584; x_wconf 78' lang='grc' dir='ltr'>μὴ</span> <span class='ocrx_word' id='word_1_14' title='bbox 2167 514 2279 577; x_wconf 80' lang='grc' dir='ltr'>τοῖς</span> <span class='ocrx_word' id='word_1_15' title='bbox 2301 513 2577 584; x_wconf 79' lang='grc' dir='ltr'><strong>δεομένοις</strong></span> <span class='ocrx_word' id='word_1_16' title='bbox 2624 512 2980 577; x_wconf 80' lang='grc' dir='ltr'><strong>δαπανῶντας</strong></span> <span class='ocrx_word' id='word_1_17' title='bbox 3021 511 3203 567; x_wconf 71' lang='grc' dir='ltr'>αὐτόν.</span> <span class='ocrx_word' id='word_1_18' title='bbox 3245 510 3397 580; x_wconf 84' lang='grc' dir='ltr'>Μόνη</span> <span class='ocrx_word' id='word_1_19' title='bbox 3444 511 3556 581; x_wconf 77' lang='grc' dir='ltr'>γάρ</span> <span class='ocrx_word' id='word_1_20' title='bbox 3592 513 3628 580; x_wconf 76' lang='grc' dir='ltr'><strong>ἡ</strong></span> 
     </span>
    </p>
   </div>
   <div class='ocr_carea' id='block_1_6' title="bbox 379 598 1949 673">
    <p class='ocr_par' dir='ltr' id='par_1_6' title="bbox 379 598 1949 673">
     <span class='ocr_line' id='line_1_6' title="bbox 379 598 1949 673; baseline 0.006 -24"><span class='ocrx_word' id='word_1_21' title='bbox 379 598 637 666; x_wconf 85' lang='lat' dir='ltr'><strong>peril,scd</strong></span> <span class='ocrx_word' id='word_1_22' title='bbox 661 598 953 655; x_wconf 84' lang='lat' dir='ltr'><strong>insumenti</strong></span> <span class='ocrx_word' id='word_1_23' title='bbox 973 599 1177 673; x_wconf 87' lang='lat' dir='ltr'><strong>integra</strong></span> <span class='ocrx_word' id='word_1_24' title='bbox 1198 612 1465 657; x_wconf 87' lang='lat' dir='ltr'><strong>servatur.</strong></span> <span class='ocrx_word' id='word_1_25' title='bbox 1480 602 1770 673; x_wconf 81' lang='lat' dir='ltr'><strong>Propterea</strong></span> <span class='ocrx_word' id='word_1_26' title='bbox 1788 604 1949 659; x_wconf 89' lang='lat' dir='ltr'><strong>etiam</strong></span> 
     </span>
    </p>
   </div>
   <div class='ocr_carea' id='block_1_7' title="bbox 364 685 1949 761">
    <p class='ocr_par' dir='ltr' id='par_1_7' title="bbox 364 685 1949 761">
     <span class='ocr_line' id='line_1_7' title="bbox 364 685 1949 761; baseline 0.004 -20"><span class='ocrx_word' id='word_1_27' title='bbox 364 685 509 741; x_wconf 84' lang='lat' dir='ltr'><strong>dicit</strong></span> <span class='ocrx_word' id='word_1_28' title='bbox 540 686 916 744; x_wconf 72' lang='lat' dir='ltr'><strong>i‘armmiastes</strong></span> <span class='ocrx_word' id='word_1_29' title='bbox 943 707 956 743; x_wconf 91' lang='lat'><strong>:</strong></span> <span class='ocrx_word' id='word_1_30' title='bbox 985 689 1135 745; x_wconf 79' lang='lat' dir='ltr'><strong>Mitte</strong></span> <span class='ocrx_word' id='word_1_31' title='bbox 1162 705 1357 760; x_wconf 90' lang='lat' dir='ltr'><strong>panem</strong></span> <span class='ocrx_word' id='word_1_32' title='bbox 1388 699 1542 746; x_wconf 89' lang='lat' dir='ltr'><strong>tuum</strong></span> <span class='ocrx_word' id='word_1_33' title='bbox 1567 707 1734 761; x_wconf 88' lang='lat' dir='ltr'><strong>super</strong></span> <span class='ocrx_word' id='word_1_34' title='bbox 1756 692 1949 748; x_wconf 81' lang='lat' dir='ltr'><strong>faciem</strong></span> 
     </span>
    </p>
   </div>
   <div class='ocr_carea' id='block_1_8' title="bbox 379 781 1948 855">
    <p class='ocr_par' dir='ltr' id='par_1_8' title="bbox 379 781 1948 855">
     <span class='ocr_line' id='line_1_8' title="bbox 379 781 1948 855; baseline 0.004 -22"><span class='ocrx_word' id='word_1_35' title='bbox 379 794 554 850; x_wconf 63' lang='lat' dir='ltr'><strong>aqum,</strong></span> <span class='ocrx_word' id='word_1_36' title='bbox 579 781 684 836; x_wconf 88' lang='lat' dir='ltr'><strong>hoc</strong></span> <span class='ocrx_word' id='word_1_37' title='bbox 727 792 833 847; x_wconf 88' lang='lat' dir='ltr'><strong>est,</strong></span> <span class='ocrx_word' id='word_1_38' title='bbox 866 798 1030 853; x_wconf 87' lang='lat' dir='ltr'><strong>super</strong></span> <span class='ocrx_word' id='word_1_39' title='bbox 1076 794 1431 854; x_wconf 82' lang='lat' dir='ltr'><strong>apparentem</strong></span> <span class='ocrx_word' id='word_1_40' title='bbox 1463 786 1680 855; x_wconf 84' lang='lat' dir='ltr'><strong>quidem</strong></span> <span class='ocrx_word' id='word_1_41' title='bbox 1710 785 1948 841; x_wconf 86' lang='lat' dir='ltr'><strong>dissolu-</strong></span> 
     </span>
    </p>
   </div>
   <div class='ocr_carea' id='block_1_9' title="bbox 378 871 1947 945">
    <p class='ocr_par' dir='ltr' id='par_1_9' title="bbox 378 871 1947 945">
     <span class='ocr_line' id='line_1_9' title="bbox 378 871 1947 945; baseline 0.005 -21"><span class='ocrx_word' id='word_1_42' title='bbox 378 871 585 925; x_wconf 83' lang='lat' dir='ltr'><strong>tionem</strong></span> <span class='ocrx_word' id='word_1_43' title='bbox 609 887 673 926; x_wconf 90' lang='lat' dir='ltr'><strong>ac</strong></span> <span class='ocrx_word' id='word_1_44' title='bbox 695 874 1102 943; x_wconf 72' lang='lat' dir='ltr'><strong>corruptionem</strong></span> <span class='ocrx_word' id='word_1_45' title='bbox 1138 874 1266 943; x_wconf 89' lang='lat' dir='ltr'><strong>(hoc</strong></span> <span class='ocrx_word' id='word_1_46' title='bbox 1284 875 1433 928; x_wconf 87' lang='lat' dir='ltr'><strong>enim</strong></span> <span class='ocrx_word' id='word_1_47' title='bbox 1469 876 1730 945; x_wconf 76' lang='lat' dir='ltr'><strong>consequi</strong></span> <span class='ocrx_word' id='word_1_48' title='bbox 1756 886 1947 931; x_wconf 87' lang='lat' dir='ltr'><strong>natum</strong></span> 
     </span>
    </p>
   </div>
   <div class='ocr_carea' id='block_1_10' title="bbox 376 964 1946 1038">
    <p class='ocr_par' dir='ltr' id='par_1_10' title="bbox 376 964 1946 1038">
     <span class='ocr_line' id='line_1_10' title="bbox 376 964 1946 1038; baseline 0.003 -21"><span class='ocrx_word' id='word_1_49' title='bbox 376 971 464 1017; x_wconf 85' lang='lat' dir='ltr'><strong>est</strong></span> <span class='ocrx_word' id='word_1_50' title='bbox 483 979 676 1034; x_wconf 82' lang='lat' dir='ltr'><strong>partem</strong></span> <span class='ocrx_word' id='word_1_51' title='bbox 692 964 744 1018; x_wconf 92' lang='lat' dir='ltr'><strong>in</strong></span> <span class='ocrx_word' id='word_1_52' title='bbox 766 980 934 1034; x_wconf 80' lang='lat' dir='ltr'><strong>aquas</strong></span> <span class='ocrx_word' id='word_1_53' title='bbox 956 964 1283 1035; x_wconf 72' lang='lat' dir='ltr'><strong>projectum)</strong></span> <span class='ocrx_word' id='word_1_54' title='bbox 1307 984 1319 1018; x_wconf 89' lang='lat'><strong>:</strong></span> <span class='ocrx_word' id='word_1_55' title='bbox 1340 974 1578 1021; x_wconf 76' lang='lat' dir='ltr'><strong>attamen</strong></span> <span class='ocrx_word' id='word_1_56' title='bbox 1607 983 1946 1038; x_wconf 82' lang='lat' dir='ltr'><strong>nequaquam</strong></span> 
     </span>
    </p>
   </div>
   <div class='ocr_carea' id='block_1_11' title="bbox 376 1054 1949 1128">
    <p class='ocr_par' dir='ltr' id='par_1_11' title="bbox 376 1054 1949 1128">
     <span class='ocr_line' id='line_1_11' title="bbox 376 1054 1949 1128; baseline 0.002 -20"><span class='ocrx_word' id='word_1_57' title='bbox 376 1054 715 1125; x_wconf 86' lang='lat' dir='ltr'><strong>deperditur,</strong></span> <span class='ocrx_word' id='word_1_58' title='bbox 742 1055 835 1110; x_wconf 86' lang='lat' dir='ltr'><strong>sed</strong></span> <span class='ocrx_word' id='word_1_59' title='bbox 867 1055 951 1109; x_wconf 89' lang='lat' dir='ltr'><strong>sui</strong></span> <span class='ocrx_word' id='word_1_60' title='bbox 982 1057 1332 1125; x_wconf 89' lang='lat' dir='ltr'><strong>corruptione</strong></span> <span class='ocrx_word' id='word_1_61' title='bbox 1387 1056 1731 1128; x_wconf 81' lang='lat' dir='ltr'><strong>refrigerium</strong></span> <span class='ocrx_word' id='word_1_62' title='bbox 1791 1057 1949 1112; x_wconf 88' lang='lat' dir='ltr'><strong>nobis</strong></span> 
     </span>
    </p>
   </div>
   <div class='ocr_carea' id='block_1_12' title="bbox 377 1146 1947 1217">
    <p class='ocr_par' dir='ltr' id='par_1_12' title="bbox 377 1146 1947 1217">
     <span class='ocr_line' id='line_1_12' title="bbox 377 1146 1947 1217; baseline 0.003 -18"><span class='ocrx_word' id='word_1_63' title='bbox 377 1146 655 1213; x_wconf 83' lang='lat' dir='ltr'><strong>conciliat,</strong></span> <span class='ocrx_word' id='word_1_64' title='bbox 681 1146 900 1216; x_wconf 83' lang='lat' dir='ltr'><strong>quando</strong></span> <span class='ocrx_word' id='word_1_65' title='bbox 926 1147 1170 1201; x_wconf 88' lang='lat' dir='ltr'><strong>futurum</strong></span> <span class='ocrx_word' id='word_1_66' title='bbox 1194 1157 1337 1202; x_wconf 90' lang='lat' dir='ltr'><strong>esset</strong></span> <span class='ocrx_word' id='word_1_67' title='bbox 1361 1157 1421 1203; x_wconf 90' lang='lat' dir='ltr'><strong>ut</strong></span> <span class='ocrx_word' id='word_1_68' title='bbox 1446 1148 1625 1217; x_wconf 79' lang='lat' dir='ltr'><strong>lingua</strong></span> <span class='ocrx_word' id='word_1_69' title='bbox 1648 1148 1700 1203; x_wconf 90' lang='lat' dir='ltr'><strong>in</strong></span> <span class='ocrx_word' id='word_1_70' title='bbox 1730 1147 1947 1204; x_wconf 82' lang='lat' dir='ltr'><strong>ﬂamma</strong></span> 
     </span>
    </p>
   </div>
   <div class='ocr_carea' id='block_1_13' title="bbox 375 1238 1946 1311">
    <p class='ocr_par' dir='ltr' id='par_1_13' title="bbox 375 1238 1946 1311">
     <span class='ocr_line' id='line_1_13' title="bbox 375 1238 1946 1311; baseline 0.003 -21"><span class='ocrx_word' id='word_1_71' title='bbox 375 1238 636 1303; x_wconf 68' lang='lat' dir='ltr'><strong>cruciata,</strong></span> <span class='ocrx_word' id='word_1_72' title='bbox 662 1247 901 1309; x_wconf 83' lang='lat' dir='ltr'><strong>egestate</strong></span> <span class='ocrx_word' id='word_1_73' title='bbox 929 1248 1095 1310; x_wconf 59' lang='lat' dir='ltr'><strong>guttae</strong></span> <span class='ocrx_word' id='word_1_74' title='bbox 1130 1255 1284 1311; x_wconf 70' lang='lat' dir='ltr'><strong>aquae</strong></span> <span class='ocrx_word' id='word_1_75' title='bbox 1304 1256 1697 1310; x_wconf 89' lang='lat' dir='ltr'><strong>premeremur.</strong></span> <span class='ocrx_word' id='word_1_76' title='bbox 1737 1260 1756 1294; x_wconf 87' lang='grc' dir='ltr'><strong>ι</strong></span> <span class='ocrx_word' id='word_1_77' title='bbox 1800 1240 1946 1295; x_wconf 52' lang='lat' dir='ltr'><strong>Divi.</strong></span> 
     </span>
    </p>
   </div>
   <div class='ocr_carea' id='block_1_14' title="bbox 375 1328 1944 1401">
    <p class='ocr_par' dir='ltr' id='par_1_14' title="bbox 375 1328 1944 1401">
     <span class='ocr_line' id='line_1_14' title="bbox 375 1328 1944 1401; baseline 0.005 -22"><span class='ocrx_word' id='word_1_78' title='bbox 375 1328 464 1381; x_wconf 78' lang='lat' dir='ltr'><strong>tiae</strong></span> <span class='ocrx_word' id='word_1_79' title='bbox 486 1336 702 1384; x_wconf 66' lang='lat' dir='ltr'><strong>vestrae.</strong></span> <span class='ocrx_word' id='word_1_80' title='bbox 747 1347 766 1380; x_wconf 71' lang='grc' dir='ltr'><strong>ι</strong></span> <span class='ocrx_word' id='word_1_81' title='bbox 800 1329 926 1384; x_wconf 83' lang='lat' dir='ltr'><strong>Sive</strong></span> <span class='ocrx_word' id='word_1_82' title='bbox 955 1330 1235 1401; x_wconf 81' lang='lat' dir='ltr'><strong>apulentia</strong></span> <span class='ocrx_word' id='word_1_83' title='bbox 1272 1342 1472 1388; x_wconf 87' lang='lat' dir='ltr'><strong>vestra.</strong></span> <span class='ocrx_word' id='word_1_84' title='bbox 1500 1331 1944 1387; x_wconf 87' lang='lat' dir='ltr'><strong>Subaudiendum</strong></span> 
     </span>
    </p>
   </div>
   <div class='ocr_carea' id='block_1_15' title="bbox 374 1419 1945 1494">
    <p class='ocr_par' dir='ltr' id='par_1_15' title="bbox 374 1419 1945 1494">
     <span class='ocr_line' id='line_1_15' title="bbox 374 1419 1945 1494; baseline 0.005 -23"><span class='ocrx_word' id='word_1_85' title='bbox 374 1426 486 1484; x_wconf 83' lang='lat' dir='ltr'><strong>est,</strong></span> <span class='ocrx_word' id='word_1_86' title='bbox 518 1419 572 1474; x_wconf 91' lang='lat' dir='ltr'><strong>id</strong></span> <span class='ocrx_word' id='word_1_87' title='bbox 602 1429 706 1487; x_wconf 84' lang='lat' dir='ltr'><strong>est,</strong></span> <span class='ocrx_word' id='word_1_88' title='bbox 734 1437 898 1492; x_wconf 89' lang='lat' dir='ltr'><strong>quam</strong></span> <span class='ocrx_word' id='word_1_89' title='bbox 928 1423 1292 1494; x_wconf 81' lang='lat' dir='ltr'><strong>opulentiam,</strong></span> <span class='ocrx_word' id='word_1_90' title='bbox 1324 1436 1383 1479; x_wconf 92' lang='lat' dir='ltr'><strong>ut</strong></span> <span class='ocrx_word' id='word_1_91' title='bbox 1423 1424 1483 1480; x_wconf 84' lang='lat' dir='ltr'><strong>ﬁt</strong></span> <span class='ocrx_word' id='word_1_92' title='bbox 1526 1441 1722 1480; x_wconf 85' lang='lat' dir='ltr'><strong>sensus</strong></span> <span class='ocrx_word' id='word_1_93' title='bbox 1750 1444 1762 1478; x_wconf 90' lang='lat'><strong>:</strong></span> <span class='ocrx_word' id='word_1_94' title='bbox 1798 1426 1945 1479; x_wconf 82' lang='lat' dir='ltr'><strong>Divi-</strong></span> 
     </span>
    </p>
   </div>
   <div class='ocr_carea' id='block_1_16' title="bbox 375 1512 1945 1587">
    <p class='ocr_par' dir='ltr' id='par_1_16' title="bbox 375 1512 1945 1587">
     <span class='ocr_line' id='line_1_16' title="bbox 375 1512 1945 1587; baseline 0.003 -21"><span class='ocrx_word' id='word_1_95' title='bbox 375 1512 465 1567; x_wconf 72' lang='lat' dir='ltr'><strong>tize</strong></span> <span class='ocrx_word' id='word_1_96' title='bbox 495 1520 693 1568; x_wconf 78' lang='lat' dir='ltr'><strong>vestra:</strong></span> <span class='ocrx_word' id='word_1_97' title='bbox 733 1528 872 1584; x_wconf 87' lang='lat' dir='ltr'><strong>quas</strong></span> <span class='ocrx_word' id='word_1_98' title='bbox 904 1522 1164 1585; x_wconf 86' lang='lat' dir='ltr'><strong>tanquam</strong></span> <span class='ocrx_word' id='word_1_99' title='bbox 1196 1516 1376 1587; x_wconf 83' lang='lat' dir='ltr'><strong>ignem</strong></span> <span class='ocrx_word' id='word_1_100' title='bbox 1426 1531 1526 1586; x_wconf 89' lang='lat' dir='ltr'><strong>pro</strong></span> <span class='ocrx_word' id='word_1_101' title='bbox 1553 1517 1815 1572; x_wconf 81' lang='lat' dir='ltr'><strong>thesauro</strong></span> <span class='ocrx_word' id='word_1_102' title='bbox 1857 1532 1945 1571; x_wconf 57' lang='lat' dir='ltr'><strong>rev</strong></span> 
     </span>
    </p>
   </div>
   <div class='ocr_carea' id='block_1_17' title="bbox 371 1604 1946 1665">
    <p class='ocr_par' dir='ltr' id='par_1_17' title="bbox 371 1604 1946 1665">
     <span class='ocr_line' id='line_1_17' title="bbox 371 1604 1946 1665; baseline 0.003 -8"><span class='ocrx_word' id='word_1_103' title='bbox 371 1604 702 1660; x_wconf 75' lang='lat' dir='ltr'><strong>t-ondidistis</strong></span> <span class='ocrx_word' id='word_1_104' title='bbox 764 1606 1004 1661; x_wconf 80' lang='lat' dir='ltr'><strong>exedent</strong></span> <span class='ocrx_word' id='word_1_105' title='bbox 1055 1621 1249 1661; x_wconf 86' lang='lat' dir='ltr'><strong>carnes</strong></span> <span class='ocrx_word' id='word_1_106' title='bbox 1281 1617 1513 1665; x_wconf 80' lang='lat' dir='ltr'><strong>vestras.</strong></span> <span class='ocrx_word' id='word_1_107' title='bbox 1552 1626 1571 1658; x_wconf 82' lang='grc' dir='ltr'><strong>ι</strong></span> <span class='ocrx_word' id='word_1_108' title='bbox 1619 1606 1946 1663; x_wconf 79' lang='lat' dir='ltr'><strong>Putrefacta:</strong></span> 
     </span>
    </p>
   </div>
   <div class='ocr_carea' id='block_1_18' title="bbox 371 1697 1942 1770">
    <p class='ocr_par' dir='ltr' id='par_1_18' title="bbox 371 1697 1942 1770">
     <span class='ocr_line' id='line_1_18' title="bbox 371 1697 1942 1770; baseline 0.003 -21"><span class='ocrx_word' id='word_1_109' title='bbox 371 1705 502 1750; x_wconf 87' lang='lat' dir='ltr'><strong>sunt</strong></span> <span class='ocrx_word' id='word_1_110' title='bbox 546 1705 615 1751; x_wconf 87' lang='lat' dir='ltr'><strong>et.</strong></span> <span class='ocrx_word' id='word_1_111' title='bbox 648 1697 973 1753; x_wconf 85' lang='lat' dir='ltr'><strong>vestimenta</strong></span> <span class='ocrx_word' id='word_1_112' title='bbox 1028 1709 1231 1754; x_wconf 87' lang='lat' dir='ltr'><strong>vestra.</strong></span> <span class='ocrx_word' id='word_1_113' title='bbox 1281 1717 1301 1750; x_wconf 71' lang='grc' dir='ltr'><strong>ι</strong></span> <span class='ocrx_word' id='word_1_114' title='bbox 1351 1698 1706 1766; x_wconf 81' lang='lat' dir='ltr'><strong>Putrefactio,</strong></span> <span class='ocrx_word' id='word_1_115' title='bbox 1744 1699 1942 1770; x_wconf 71' lang='lat' dir='ltr'><strong>inquit,</strong></span> 
     </span>
    </p>
   </div>
   <div class='ocr_carea' id='block_1_19' title="bbox 369 1787 1939 1846">
    <p class='ocr_par' dir='ltr' id='par_1_19' title="bbox 369 1787 1939 1846">
     <span class='ocr_line' id='line_1_19' title="bbox 369 1787 1939 1846; baseline 0.004 -6"><span class='ocrx_word' id='word_1_116' title='bbox 369 1787 683 1843; x_wconf 78' lang='lat' dir='ltr'><strong>divitiarum</strong></span> <span class='ocrx_word' id='word_1_117' title='bbox 708 1796 767 1845; x_wconf 91' lang='lat' dir='ltr'><strong>et</strong></span> <span class='ocrx_word' id='word_1_118' title='bbox 805 1790 1259 1845; x_wconf 77' lang='lat' dir='ltr'><strong>vestimentorum</strong></span> <span class='ocrx_word' id='word_1_119' title='bbox 1285 1791 1529 1846; x_wconf 88' lang='lat' dir='ltr'><strong>corrosio</strong></span> <span class='ocrx_word' id='word_1_120' title='bbox 1555 1791 1670 1846; x_wconf 85' lang='lat' dir='ltr'><strong>sive</strong></span> <span class='ocrx_word' id='word_1_121' title='bbox 1697 1792 1886 1846; x_wconf 80' lang='lat' dir='ltr'><strong>exesio</strong></span> <span class='ocrx_word' id='word_1_122' title='bbox 1910 1807 1939 1846; x_wconf 83' lang='lat' dir='ltr'><strong>s</strong></span> 
     </span>
    </p>
   </div>
   <div class='ocr_carea' id='block_1_20' title="bbox 2052 602 3629 677">
    <p class='ocr_par' dir='ltr' id='par_1_20' title="bbox 2052 602 3629 677">
     <span class='ocr_line' id='line_1_20' title="bbox 2052 602 3629 677; baseline -0.001 -20"><span class='ocrx_word' id='word_1_123' title='bbox 2052 605 2191 674; x_wconf 81' lang='grc' dir='ltr'>πρὸς</span> <span class='ocrx_word' id='word_1_124' title='bbox 2222 604 2444 669; x_wconf 81' lang='grc' dir='ltr'><strong>τούτους</strong></span> <span class='ocrx_word' id='word_1_125' title='bbox 2480 606 2713 660; x_wconf 80' lang='grc' dir='ltr'>πλούτου</span> <span class='ocrx_word' id='word_1_126' title='bbox 2763 606 2978 677; x_wconf 78' lang='grc' dir='ltr'><strong>δαπάνη</strong></span> <span class='ocrx_word' id='word_1_127' title='bbox 3025 606 3126 659; x_wconf 75' lang='grc' dir='ltr'>οὐκ</span> <span class='ocrx_word' id='word_1_128' title='bbox 3157 602 3476 668; x_wconf 80' lang='grc' dir='ltr'>ἀπόλλυται,</span> <span class='ocrx_word' id='word_1_129' title='bbox 3510 604 3629 656; x_wconf 80' lang='grc' dir='ltr'>ἀλλ’</span> 
     </span>
    </p>
   </div>
   <div class='ocr_carea' id='block_1_21' title="bbox 2052 695 3631 769">
    <p class='ocr_par' dir='ltr' id='par_1_21' title="bbox 2052 695 3631 769">
     <span class='ocr_line' id='line_1_21' title="bbox 2052 695 3631 769; baseline -0.003 -17"><span class='ocrx_word' id='word_1_130' title='bbox 2052 698 2309 767; x_wconf 79' lang='grc' dir='ltr'>ἀκέραιος</span> <span class='ocrx_word' id='word_1_131' title='bbox 2339 698 2416 769; x_wconf 82' lang='grc' dir='ltr'><strong>τῷ</strong></span> <span class='ocrx_word' id='word_1_132' title='bbox 2449 699 2760 754; x_wconf 82' lang='grc' dir='ltr'>δαπανῶντι</span> <span class='ocrx_word' id='word_1_133' title='bbox 2812 700 3164 769; x_wconf 82' lang='grc' dir='ltr'>φυλάττεται.</span> <span class='ocrx_word' id='word_1_134' title='bbox 3195 696 3298 750; x_wconf 83' lang='grc' dir='ltr'>Διὰ</span> <span class='ocrx_word' id='word_1_135' title='bbox 3330 695 3490 749; x_wconf 75' lang='grc' dir='ltr'>τοῦτο</span> <span class='ocrx_word' id='word_1_136' title='bbox 3534 697 3631 749; x_wconf 78' lang='grc' dir='ltr'>καὶ</span> 
     </span>
    </p>
   </div>
   <div class='ocr_carea' id='block_1_22' title="bbox 2054 788 3629 863">
    <p class='ocr_par' dir='ltr' id='par_1_22' title="bbox 2054 788 3629 863">
     <span class='ocr_line' id='line_1_22' title="bbox 2054 788 3629 863; baseline -0.001 -22"><span class='ocrx_word' id='word_1_137' title='bbox 2054 789 2082 841; x_wconf 82' lang='grc' dir='ltr'><strong>ὁ</strong></span> <span class='ocrx_word' id='word_1_138' title='bbox 2111 791 2523 863; x_wconf 81' lang='grc' dir='ltr'>Παροιμιαστής</span> <span class='ocrx_word' id='word_1_139' title='bbox 2555 807 2726 862; x_wconf 75' lang='grc' dir='ltr'>φησιο</span> <span class='ocrx_word' id='word_1_140' title='bbox 2780 791 3127 845; x_wconf 77' lang='grc' dir='ltr'><strong>Ἀπόστειλον</strong></span> <span class='ocrx_word' id='word_1_141' title='bbox 3172 789 3266 843; x_wconf 76' lang='grc' dir='ltr'><strong>τὸν</strong></span> <span class='ocrx_word' id='word_1_142' title='bbox 3317 788 3485 860; x_wconf 74' lang='grc' dir='ltr'>ἄρτον</span> <span class='ocrx_word' id='word_1_143' title='bbox 3535 804 3629 841; x_wconf 75' lang='grc' dir='ltr'><strong>σου</strong></span> 
     </span>
    </p>
   </div>
   <div class='ocr_carea' id='block_1_23' title="bbox 2051 878 3630 954">
    <p class='ocr_par' dir='ltr' id='par_1_23' title="bbox 2051 878 3630 954">
     <span class='ocr_line' id='line_1_23' title="bbox 2051 878 3630 954; baseline -0.003 -19"><span class='ocrx_word' id='word_1_144' title='bbox 2051 884 2146 936; x_wconf 73' lang='grc' dir='ltr'><strong>ἐπὶ</strong></span> <span class='ocrx_word' id='word_1_145' title='bbox 2167 884 2463 954; x_wconf 87' lang='grc' dir='ltr'>πρόσωπον</span> <span class='ocrx_word' id='word_1_146' title='bbox 2512 884 2725 951; x_wconf 79' lang='grc' dir='ltr'>ὕδατος,</span> <span class='ocrx_word' id='word_1_147' title='bbox 2770 883 3072 948; x_wconf 78' lang='grc' dir='ltr'><strong>τουτέστιν,</strong></span> <span class='ocrx_word' id='word_1_148' title='bbox 3117 882 3213 937; x_wconf 71' lang='grc' dir='ltr'><strong>ἐπὶ</strong></span> <span class='ocrx_word' id='word_1_149' title='bbox 3248 879 3505 951; x_wconf 71' lang='grc' dir='ltr'>δοκούσῃ,</span> <span class='ocrx_word' id='word_1_150' title='bbox 3528 878 3630 948; x_wconf 79' lang='grc' dir='ltr'>μὲν</span> 
     </span>
    </p>
   </div>
   <div class='ocr_carea' id='block_1_24' title="bbox 2050 970 3632 1049">
    <p class='ocr_par' dir='ltr' id='par_1_24' title="bbox 2050 970 3632 1049">
     <span class='ocr_line' id='line_1_24' title="bbox 2050 970 3632 1049; baseline -0.003 -21"><span class='ocrx_word' id='word_1_151' title='bbox 2050 975 2290 1029; x_wconf 84' lang='grc' dir='ltr'>διαλύσει</span> <span class='ocrx_word' id='word_1_152' title='bbox 2341 976 2438 1030; x_wconf 73' lang='grc' dir='ltr'>καὶ</span> <span class='ocrx_word' id='word_1_153' title='bbox 2489 975 2665 1049; x_wconf 76' lang='grc' dir='ltr'>φθορᾷ</span> <span class='ocrx_word' id='word_1_154' title='bbox 2714 976 2894 1047; x_wconf 80' lang='grc' dir='ltr'>(τοῦτο</span> <span class='ocrx_word' id='word_1_155' title='bbox 2945 976 3056 1046; x_wconf 82' lang='grc' dir='ltr'><strong>γὰρ</strong></span> <span class='ocrx_word' id='word_1_156' title='bbox 3112 974 3192 1044; x_wconf 85' lang='grc' dir='ltr'><strong>τῷ</strong></span> <span class='ocrx_word' id='word_1_157' title='bbox 3221 972 3372 1037; x_wconf 63' lang='grc' dir='ltr'>ἵκοιθ’</span> <span class='ocrx_word' id='word_1_158' title='bbox 3435 970 3632 1033; x_wconf 77' lang='grc' dir='ltr'>ὕδατος</span> 
     </span>
    </p>
   </div>
   <div class='ocr_carea' id='block_1_25' title="bbox 2053 1063 3629 1140">
    <p class='ocr_par' dir='ltr' id='par_1_25' title="bbox 2053 1063 3629 1140">
     <span class='ocr_line' id='line_1_25' title="bbox 2053 1063 3629 1140; baseline -0.004 -20"><span class='ocrx_word' id='word_1_159' title='bbox 2053 1068 2396 1139; x_wconf 79' lang='grc' dir='ltr'>ριπτουμένῳ</span> <span class='ocrx_word' id='word_1_160' title='bbox 2428 1069 2578 1140; x_wconf 77' lang='grc' dir='ltr'>ἄρτῳ</span> <span class='ocrx_word' id='word_1_161' title='bbox 2627 1067 2872 1138; x_wconf 76' lang='grc' dir='ltr'>πέφυκεν</span> <span class='ocrx_word' id='word_1_162' title='bbox 2908 1065 3355 1134; x_wconf 78' lang='grc' dir='ltr'>ὲπακολουθείν)ο</span> <span class='ocrx_word' id='word_1_163' title='bbox 3402 1065 3462 1117; x_wconf 80' lang='grc' dir='ltr'>οὐ</span> <span class='ocrx_word' id='word_1_164' title='bbox 3502 1063 3629 1134; x_wconf 78' lang='grc' dir='ltr'>μέν-</span> 
     </span>
    </p>
   </div>
   <div class='ocr_carea' id='block_1_26' title="bbox 2048 1155 3630 1232">
    <p class='ocr_par' dir='ltr' id='par_1_26' title="bbox 2048 1155 3630 1232">
     <span class='ocr_line' id='line_1_26' title="bbox 2048 1155 3630 1232; baseline 0.001 -21"><span class='ocrx_word' id='word_1_165' title='bbox 2048 1175 2131 1211; x_wconf 88' lang='grc' dir='ltr'><strong>τοι</strong></span> <span class='ocrx_word' id='word_1_166' title='bbox 2169 1161 2264 1212; x_wconf 85' lang='grc' dir='ltr'>καὶ</span> <span class='ocrx_word' id='word_1_167' title='bbox 2312 1159 2694 1232; x_wconf 79' lang='grc' dir='ltr'><strong>ἀπολλυμένῳ,</strong></span> <span class='ocrx_word' id='word_1_168' title='bbox 2747 1160 2885 1214; x_wconf 83' lang='grc' dir='ltr'>ἀλλὰ</span> <span class='ocrx_word' id='word_1_169' title='bbox 2923 1163 2989 1230; x_wconf 83' lang='grc' dir='ltr'><strong>τῇ</strong></span> <span class='ocrx_word' id='word_1_170' title='bbox 3046 1158 3286 1213; x_wconf 79' lang='grc' dir='ltr'>διαλύσει</span> <span class='ocrx_word' id='word_1_171' title='bbox 3341 1155 3630 1225; x_wconf 76' lang='grc' dir='ltr'>ἀναψυχὴν</span> 
     </span>
    </p>
   </div>
   <div class='ocr_carea' id='block_1_27' title="bbox 2048 1249 3630 1323">
    <p class='ocr_par' dir='ltr' id='par_1_27' title="bbox 2048 1249 3630 1323">
     <span class='ocr_line' id='line_1_27' title="bbox 2048 1249 3630 1323; baseline -0.004 -18"><span class='ocrx_word' id='word_1_172' title='bbox 2048 1250 2181 1319; x_wconf 77' lang='grc' dir='ltr'>ἡμῖν</span> <span class='ocrx_word' id='word_1_173' title='bbox 2206 1249 2576 1322; x_wconf 80' lang='grc' dir='ltr'>προξενοῦντι.</span> <span class='ocrx_word' id='word_1_174' title='bbox 2624 1252 2859 1322; x_wconf 78' lang='grc' dir='ltr'>ὁπηνίκα</span> <span class='ocrx_word' id='word_1_175' title='bbox 2912 1251 3202 1323; x_wconf 78' lang='grc' dir='ltr'><strong>μέλλοιμεν</strong></span> <span class='ocrx_word' id='word_1_176' title='bbox 3239 1250 3342 1322; x_wconf 80' lang='grc' dir='ltr'><strong>τὴν</strong></span> <span class='ocrx_word' id='word_1_177' title='bbox 3373 1249 3630 1317; x_wconf 77' lang='grc' dir='ltr'>γλῶσσαν</span> 
     </span>
    </p>
   </div>
   <div class='ocr_carea' id='block_1_28' title="bbox 2048 1341 3624 1414">
    <p class='ocr_par' dir='ltr' id='par_1_28' title="bbox 2048 1341 3624 1414">
     <span class='ocr_line' id='line_1_28' title="bbox 2048 1341 3624 1414; baseline -0.001 -21"><span class='ocrx_word' id='word_1_178' title='bbox 2048 1342 2106 1394; x_wconf 80' lang='grc' dir='ltr'>ὲν</span> <span class='ocrx_word' id='word_1_179' title='bbox 2134 1344 2199 1413; x_wconf 79' lang='grc' dir='ltr'>τῇ</span> <span class='ocrx_word' id='word_1_180' title='bbox 2235 1342 2394 1411; x_wconf 81' lang='grc' dir='ltr'>φλογὶ</span> <span class='ocrx_word' id='word_1_181' title='bbox 2419 1344 2944 1414; x_wconf 79' lang='grc' dir='ltr'>άποτηγανιζόμενοι</span> <span class='ocrx_word' id='word_1_182' title='bbox 2977 1344 3192 1414; x_wconf 82' lang='grc' dir='ltr'>ῥανίδος</span> <span class='ocrx_word' id='word_1_183' title='bbox 3226 1341 3421 1404; x_wconf 82' lang='grc' dir='ltr'>ὓδατος</span> <span class='ocrx_word' id='word_1_184' title='bbox 3450 1355 3624 1409; x_wconf 78' lang='grc' dir='ltr'>προσ-</span> 
     </span>
    </p>
   </div>
   <div class='ocr_carea' id='block_1_29' title="bbox 2046 1430 3626 1506">
    <p class='ocr_par' dir='ltr' id='par_1_29' title="bbox 2046 1430 3626 1506">
     <span class='ocr_line' id='line_1_29' title="bbox 2046 1430 3626 1506; baseline -0.001 -20"><span class='ocrx_word' id='word_1_185' title='bbox 2046 1434 2276 1488; x_wconf 77' lang='grc' dir='ltr'>δεῖσθαι.</span> <span class='ocrx_word' id='word_1_186' title='bbox 2318 1452 2338 1486; x_wconf 85' lang='grc' dir='ltr'><strong>ι</strong></span> <span class='ocrx_word' id='word_1_187' title='bbox 2390 1435 2448 1488; x_wconf 78' lang='grc' dir='ltr'><strong>ὐ</strong></span> <span class='ocrx_word' id='word_1_188' title='bbox 2479 1434 2709 1499; x_wconf 83' lang='grc' dir='ltr'>πλοῦτος</span> <span class='ocrx_word' id='word_1_189' title='bbox 2735 1437 2910 1506; x_wconf 82' lang='grc' dir='ltr'>ὑμῶν.</span> <span class='ocrx_word' id='word_1_190' title='bbox 2951 1453 2972 1487; x_wconf 71' lang='grc' dir='ltr'><strong>ι</strong></span> <span class='ocrx_word' id='word_1_191' title='bbox 3015 1430 3626 1506; x_wconf 77' lang='grc' dir='ltr'>Προσυπακουστέοντδ</span> 
     </span>
    </p>
   </div>
   <div class='ocr_carea' id='block_1_30' title="bbox 2054 1522 3627 1602">
    <p class='ocr_par' dir='ltr' id='par_1_30' title="bbox 2054 1522 3627 1602">
     <span class='ocr_line' id='line_1_30' title="bbox 2054 1522 3627 1602; baseline -0.002 -23"><span class='ocrx_word' id='word_1_192' title='bbox 2054 1527 2171 1590; x_wconf 88' lang='grc' dir='ltr'><strong>Ὃν,</strong></span> <span class='ocrx_word' id='word_1_193' title='bbox 2211 1524 2333 1602; x_wconf 75' lang='grc' dir='ltr'><strong>ἵν’ᾗ</strong></span> <span class='ocrx_word' id='word_1_194' title='bbox 2366 1526 2557 1591; x_wconf 79' lang='grc' dir='ltr'>οὕτως·</span> <span class='ocrx_word' id='word_1_195' title='bbox 2605 1528 2661 1582; x_wconf 88' lang='grc' dir='ltr'><strong>Ὅ</strong></span> <span class='ocrx_word' id='word_1_196' title='bbox 2691 1529 2918 1594; x_wconf 84' lang='grc' dir='ltr'>πλοῦτος</span> <span class='ocrx_word' id='word_1_197' title='bbox 2963 1528 3140 1598; x_wconf 82' lang='grc' dir='ltr'>ὑμῶν,</span> <span class='ocrx_word' id='word_1_198' title='bbox 3169 1527 3228 1580; x_wconf 81' lang='grc' dir='ltr'>ὃν</span> <span class='ocrx_word' id='word_1_199' title='bbox 3260 1526 3336 1590; x_wconf 83' lang='grc' dir='ltr'>ὡς</span> <span class='ocrx_word' id='word_1_200' title='bbox 3362 1524 3474 1595; x_wconf 79' lang='grc' dir='ltr'>πῦρ</span> <span class='ocrx_word' id='word_1_201' title='bbox 3499 1522 3627 1591; x_wconf 83' lang='grc' dir='ltr'><strong>ὲθη-</strong></span> 
     </span>
    </p>
   </div>
   <div class='ocr_carea' id='block_1_31' title="bbox 2050 1618 3624 1692">
    <p class='ocr_par' dir='ltr' id='par_1_31' title="bbox 2050 1618 3624 1692">
     <span class='ocr_line' id='line_1_31' title="bbox 2050 1618 3624 1692; baseline 0.003 -23"><span class='ocrx_word' id='word_1_202' title='bbox 2050 1618 2364 1689; x_wconf 81' lang='grc' dir='ltr'>σαυρίσατε,</span> <span class='ocrx_word' id='word_1_203' title='bbox 2391 1620 2769 1689; x_wconf 83' lang='grc' dir='ltr'>καταφάγεται</span> <span class='ocrx_word' id='word_1_204' title='bbox 2795 1621 2893 1681; x_wconf 68' lang='grc' dir='ltr'><strong>τὰς</strong></span> <span class='ocrx_word' id='word_1_205' title='bbox 2916 1620 3123 1692; x_wconf 78' lang='grc' dir='ltr'><strong>σάρκας</strong></span> <span class='ocrx_word' id='word_1_206' title='bbox 3142 1619 3317 1689; x_wconf 77' lang='grc' dir='ltr'>ὑμῶν.</span> <span class='ocrx_word' id='word_1_207' title='bbox 3348 1636 3368 1669; x_wconf 75' lang='grc' dir='ltr'><strong>ι</strong></span> <span class='ocrx_word' id='word_1_208' title='bbox 3408 1618 3624 1685; x_wconf 74' lang='grc' dir='ltr'>Σέσηπε</span> 
     </span>
    </p>
   </div>
   <div class='ocr_carea' id='block_1_32' title="bbox 2047 1709 3620 1784">
    <p class='ocr_par' dir='ltr' id='par_1_32' title="bbox 2047 1709 3620 1784">
     <span class='ocr_line' id='line_1_32' title="bbox 2047 1709 3620 1784; baseline -0.002 -21"><span class='ocrx_word' id='word_1_209' title='bbox 2047 1711 2139 1764; x_wconf 76' lang='grc' dir='ltr'>καὶ</span> <span class='ocrx_word' id='word_1_210' title='bbox 2159 1711 2228 1764; x_wconf 72' lang='grc' dir='ltr'>τὰ</span> <span class='ocrx_word' id='word_1_211' title='bbox 2258 1712 2448 1783; x_wconf 77' lang='grc' dir='ltr'>ἱμάτια</span> <span class='ocrx_word' id='word_1_212' title='bbox 2487 1714 2662 1784; x_wconf 82' lang='grc' dir='ltr'>ὑμῶν.</span> <span class='ocrx_word' id='word_1_213' title='bbox 2693 1732 2712 1767; x_wconf 73' lang='grc' dir='ltr'><strong>ι</strong></span> <span class='ocrx_word' id='word_1_214' title='bbox 2731 1713 2797 1766; x_wconf 84' lang='grc' dir='ltr'><em>Ἢ</em></span> <span class='ocrx_word' id='word_1_215' title='bbox 2830 1713 3012 1784; x_wconf 78' lang='grc' dir='ltr'>σῆψις,</span> <span class='ocrx_word' id='word_1_216' title='bbox 3045 1714 3202 1782; x_wconf 62' lang='grc' dir='ltr'>φησι,</span> <span class='ocrx_word' id='word_1_217' title='bbox 3237 1709 3333 1765; x_wconf 83' lang='grc' dir='ltr'><strong>τοῦ</strong></span> <span class='ocrx_word' id='word_1_218' title='bbox 3362 1709 3620 1770; x_wconf 80' lang='grc' dir='ltr'>πλούτου,</span> 
     </span>
    </p>
   </div>
   <div class='ocr_carea' id='block_1_33' title="bbox 2048 1800 3621 1878">
    <p class='ocr_par' dir='ltr' id='par_1_33' title="bbox 2048 1800 3621 1878">
     <span class='ocr_line' id='line_1_33' title="bbox 2048 1800 3621 1878; baseline -0.001 -23"><span class='ocrx_word' id='word_1_219' title='bbox 2048 1801 2231 1855; x_wconf 76' lang='grc' dir='ltr'>καὶτὸ</span> <span class='ocrx_word' id='word_1_220' title='bbox 2262 1802 2621 1875; x_wconf 77' lang='grc' dir='ltr'>θριπήδεστον</span> <span class='ocrx_word' id='word_1_221' title='bbox 2667 1806 2788 1878; x_wconf 76' lang='grc' dir='ltr'>ἦτοι</span> <span class='ocrx_word' id='word_1_222' title='bbox 2824 1804 3154 1877; x_wconf 79' lang='grc' dir='ltr'>σιτόὸρωτον</span> <span class='ocrx_word' id='word_1_223' title='bbox 3197 1803 3309 1857; x_wconf 84' lang='grc' dir='ltr'><strong>τῶν</strong></span> <span class='ocrx_word' id='word_1_224' title='bbox 3364 1800 3621 1871; x_wconf 77' lang='grc' dir='ltr'>ἱματίων,</span> 
     </span>
    </p>
   </div>
   <div class='ocr_carea' id='block_1_34' title="bbox 370 1875 1936 1969">
    <p class='ocr_par' dir='ltr' id='par_1_34' title="bbox 370 1880 1936 1955">
     <span class='ocr_line' id='line_1_34' title="bbox 370 1880 1936 1955; baseline 0.004 -22"><span class='ocrx_word' id='word_1_225' title='bbox 370 1880 556 1947; x_wconf 82' lang='lat' dir='ltr'><strong>tineis,</strong></span> <span class='ocrx_word' id='word_1_226' title='bbox 603 1889 660 1936; x_wconf 90' lang='lat' dir='ltr'><strong>et</strong></span> <span class='ocrx_word' id='word_1_227' title='bbox 697 1897 865 1951; x_wconf 84' lang='lat' dir='ltr'><strong>erugo</strong></span> <span class='ocrx_word' id='word_1_228' title='bbox 893 1883 1011 1938; x_wconf 89' lang='lat' dir='ltr'><strong>auri</strong></span> <span class='ocrx_word' id='word_1_229' title='bbox 1040 1892 1097 1938; x_wconf 91' lang='lat' dir='ltr'><strong>et</strong></span> <span class='ocrx_word' id='word_1_230' title='bbox 1127 1886 1334 1955; x_wconf 85' lang='lat' dir='ltr'><strong>argenti</strong></span> <span class='ocrx_word' id='word_1_231' title='bbox 1366 1883 1499 1941; x_wconf 83' lang='lat' dir='ltr'><strong>feret</strong></span> <span class='ocrx_word' id='word_1_232' title='bbox 1531 1884 1817 1940; x_wconf 85' lang='lat' dir='ltr'><strong>adversum</strong></span> <span class='ocrx_word' id='word_1_233' title='bbox 1846 1900 1936 1940; x_wconf 79' lang='lat' dir='ltr'><strong>vos</strong></span> 
     </span>
    </p>
   </div>
   <div class='ocr_carea' id='block_1_35' title="bbox 2045 1875 3622 1969">
    <p class='ocr_par' dir='ltr' id='par_1_35' title="bbox 2048 1875 3622 1969">
     <span class='ocr_line' id='line_1_35' title="bbox 2048 1875 3622 1969; baseline -0.002 -22"><span class='ocrx_word' id='word_1_234' title='bbox 2048 1894 2140 1948; x_wconf 77' lang='grc' dir='ltr'><strong>καὶ</strong></span> <span class='ocrx_word' id='word_1_235' title='bbox 2166 1896 2193 1948; x_wconf 84' lang='grc' dir='ltr'><strong>ό</strong></span> <span class='ocrx_word' id='word_1_236' title='bbox 2228 1894 2306 1960; x_wconf 67' lang='lat' dir='ltr'><strong>io;</strong></span> <span class='ocrx_word' id='word_1_237' title='bbox 2346 1895 2445 1950; x_wconf 78' lang='grc' dir='ltr'><strong>τοῦ</strong></span> <span class='ocrx_word' id='word_1_238' title='bbox 2477 1875 2699 1969; x_wconf 68' lang='grc' dir='ltr'><strong>χρυσοῦ⁷</strong></span> <span class='ocrx_word' id='word_1_239' title='bbox 2730 1899 2826 1951; x_wconf 73' lang='grc' dir='ltr'>καὶ</span> <span class='ocrx_word' id='word_1_240' title='bbox 2851 1896 2948 1950; x_wconf 77' lang='grc' dir='ltr'><strong>τοῦ</strong></span> <span class='ocrx_word' id='word_1_241' title='bbox 2981 1875 3223 1966; x_wconf 69' lang='grc' dir='ltr'>ἀργύρου</span> <span class='ocrx_word' id='word_1_242' title='bbox 3260 1908 3622 1963; x_wconf 84' lang='grc' dir='ltr'>καταμαρτυ-</span> 
     </span>
    </p>
   </div>
   <div class='ocr_carea' id='block_1_36' title="bbox 371 1971 1940 2047">
    <p class='ocr_par' dir='ltr' id='par_1_36' title="bbox 371 1971 1940 2047">
     <span class='ocr_line' id='line_1_36' title="bbox 371 1971 1940 2047; baseline 0.005 -23"><span class='ocrx_word' id='word_1_243' title='bbox 371 1971 775 2039; x_wconf 86' lang='lat' dir='ltr'><strong>testimonium,</strong></span> <span class='ocrx_word' id='word_1_244' title='bbox 811 1989 1044 2045; x_wconf 87' lang='lat' dir='ltr'><strong>arguens</strong></span> <span class='ocrx_word' id='word_1_245' title='bbox 1074 1976 1421 2031; x_wconf 84' lang='lat' dir='ltr'><strong>tenacitatem</strong></span> <span class='ocrx_word' id='word_1_246' title='bbox 1452 1984 1711 2031; x_wconf 87' lang='lat' dir='ltr'><strong>vestram.</strong></span> <span class='ocrx_word' id='word_1_247' title='bbox 1766 1976 1940 2047; x_wconf 85' lang='lat' dir='ltr'><strong>Prop-</strong></span> 
     </span>
    </p>
   </div>
   <div class='ocr_carea' id='block_1_37' title="bbox 369 2065 1941 2138">
    <p class='ocr_par' dir='ltr' id='par_1_37' title="bbox 369 2065 1941 2138">
     <span class='ocr_line' id='line_1_37' title="bbox 369 2065 1941 2138; baseline 0.004 -21"><span class='ocrx_word' id='word_1_248' title='bbox 369 2070 493 2132; x_wconf 85' lang='lat' dir='ltr'><strong>pter</strong></span> <span class='ocrx_word' id='word_1_249' title='bbox 524 2065 669 2134; x_wconf 91' lang='lat' dir='ltr'><strong>quod</strong></span> <span class='ocrx_word' id='word_1_250' title='bbox 713 2065 769 2119; x_wconf 91' lang='lat' dir='ltr'><strong>in</strong></span> <span class='ocrx_word' id='word_1_251' title='bbox 815 2067 1074 2121; x_wconf 79' lang='lat' dir='ltr'><strong>extremis</strong></span> <span class='ocrx_word' id='word_1_252' title='bbox 1101 2067 1297 2122; x_wconf 90' lang='lat' dir='ltr'><strong>diebus</strong></span> <span class='ocrx_word' id='word_1_253' title='bbox 1329 2066 1484 2138; x_wconf 65' lang='lat' dir='ltr'><strong>(dicit</strong></span> <span class='ocrx_word' id='word_1_254' title='bbox 1515 2076 1698 2123; x_wconf 79' lang='lat' dir='ltr'><strong>autem</strong></span> <span class='ocrx_word' id='word_1_255' title='bbox 1725 2068 1941 2123; x_wconf 86' lang='lat' dir='ltr'><strong>Domini</strong></span> 
     </span>
    </p>
   </div>
   <div class='ocr_carea' id='block_1_38' title="bbox 367 2156 1943 2229">
    <p class='ocr_par' dir='ltr' id='par_1_38' title="bbox 367 2156 1943 2229">
     <span class='ocr_line' id='line_1_38' title="bbox 367 2156 1943 2229; baseline 0.006 -20"><span class='ocrx_word' id='word_1_256' title='bbox 367 2156 700 2229; x_wconf 83' lang='lat' dir='ltr'><strong>adventum)</strong></span> <span class='ocrx_word' id='word_1_257' title='bbox 751 2158 1046 2216; x_wconf 85' lang='lat' dir='ltr'><strong>invenietis</strong></span> <span class='ocrx_word' id='word_1_258' title='bbox 1087 2160 1306 2215; x_wconf 90' lang='lat' dir='ltr'><strong>divitias</strong></span> <span class='ocrx_word' id='word_1_259' title='bbox 1368 2168 1579 2217; x_wconf 83' lang='lat' dir='ltr'><strong>vestras</strong></span> <span class='ocrx_word' id='word_1_260' title='bbox 1628 2161 1943 2218; x_wconf 84' lang='lat' dir='ltr'><strong>reconditas</strong></span> 
     </span>
    </p>
   </div>
   <div class='ocr_carea' id='block_1_39' title="bbox 366 2249 1939 2324">
    <p class='ocr_par' dir='ltr' id='par_1_39' title="bbox 366 2249 1939 2324">
     <span class='ocr_line' id='line_1_39' title="bbox 366 2249 1939 2324; baseline 0.004 -22"><span class='ocrx_word' id='word_1_261' title='bbox 366 2249 528 2304; x_wconf 86' lang='lat' dir='ltr'><strong>vobis</strong></span> <span class='ocrx_word' id='word_1_262' title='bbox 560 2259 818 2320; x_wconf 87' lang='lat' dir='ltr'><strong>tanquam</strong></span> <span class='ocrx_word' id='word_1_263' title='bbox 852 2252 1032 2324; x_wconf 89' lang='lat' dir='ltr'><strong>ignem</strong></span> <span class='ocrx_word' id='word_1_264' title='bbox 1058 2253 1110 2307; x_wconf 91' lang='lat' dir='ltr'><strong>in</strong></span> <span class='ocrx_word' id='word_1_265' title='bbox 1138 2253 1503 2323; x_wconf 88' lang='lat' dir='ltr'><strong>perditionem</strong></span> <span class='ocrx_word' id='word_1_266' title='bbox 1540 2272 1555 2309; x_wconf 87' lang='lat'><strong>:</strong></span> <span class='ocrx_word' id='word_1_267' title='bbox 1591 2254 1737 2324; x_wconf 88' lang='lat' dir='ltr'><strong>quod</strong></span> <span class='ocrx_word' id='word_1_268' title='bbox 1772 2255 1939 2309; x_wconf 88' lang='lat' dir='ltr'><strong>etiam</strong></span> 
     </span>
    </p>
   </div>
   <div class='ocr_carea' id='block_1_40' title="bbox 364 2341 1939 2417">
    <p class='ocr_par' dir='ltr' id='par_1_40' title="bbox 364 2341 1939 2417">
     <span class='ocr_line' id='line_1_40' title="bbox 364 2341 1939 2417; baseline 0.004 -21"><span class='ocrx_word' id='word_1_269' title='bbox 364 2341 519 2397; x_wconf 87' lang='lat' dir='ltr'><strong>diviti</strong></span> <span class='ocrx_word' id='word_1_270' title='bbox 542 2344 789 2417; x_wconf 87' lang='lat' dir='ltr'><strong>contigit,</strong></span> <span class='ocrx_word' id='word_1_271' title='bbox 819 2345 887 2401; x_wconf 89' lang='lat' dir='ltr'><strong>de</strong></span> <span class='ocrx_word' id='word_1_272' title='bbox 917 2361 1026 2416; x_wconf 80' lang='lat' dir='ltr'><strong>quo</strong></span> <span class='ocrx_word' id='word_1_273' title='bbox 1050 2346 1104 2400; x_wconf 92' lang='lat' dir='ltr'><strong>in</strong></span> <span class='ocrx_word' id='word_1_274' title='bbox 1133 2345 1441 2417; x_wconf 79' lang='lat' dir='ltr'><strong>Evangelia.</strong></span> <span class='ocrx_word' id='word_1_275' title='bbox 1478 2365 1498 2398; x_wconf 87' lang='grc' dir='ltr'><strong>ι</strong></span> <span class='ocrx_word' id='word_1_276' title='bbox 1532 2346 1589 2401; x_wconf 85' lang='lat' dir='ltr'><strong>In</strong></span> <span class='ocrx_word' id='word_1_277' title='bbox 1618 2347 1827 2402; x_wconf 86' lang='lat' dir='ltr'><strong>deliciis</strong></span> <span class='ocrx_word' id='word_1_278' title='bbox 1855 2346 1939 2402; x_wconf 90' lang='lat' dir='ltr'><strong>vi-</strong></span> 
     </span>
    </p>
   </div>
   <div class='ocr_carea' id='block_1_41' title="bbox 364 2435 1940 2509">
    <p class='ocr_par' dir='ltr' id='par_1_41' title="bbox 364 2435 1940 2509">
     <span class='ocr_line' id='line_1_41' title="bbox 364 2435 1940 2509; baseline 0.004 -20"><span class='ocrx_word' id='word_1_279' title='bbox 364 2435 547 2491; x_wconf 72' lang='lat' dir='ltr'><strong>xistis.</strong></span> <span class='ocrx_word' id='word_1_280' title='bbox 579 2455 604 2488; x_wconf 76' lang='grc' dir='ltr'><strong>ι</strong></span> <span class='ocrx_word' id='word_1_281' title='bbox 635 2435 1027 2494; x_wconf 89' lang='lat' dir='ltr'><strong>Discurrebant</strong></span> <span class='ocrx_word' id='word_1_282' title='bbox 1075 2437 1285 2493; x_wconf 82' lang='lat' dir='ltr'><strong>Judaici</strong></span> <span class='ocrx_word' id='word_1_283' title='bbox 1312 2437 1584 2509; x_wconf 83' lang='lat' dir='ltr'><strong>principes</strong></span> <span class='ocrx_word' id='word_1_284' title='bbox 1613 2440 1940 2495; x_wconf 79' lang='lat' dir='ltr'><strong>devorantes</strong></span> 
     </span>
    </p>
   </div>
   <div class='ocr_carea' id='block_1_42' title="bbox 366 2529 1939 2601">
    <p class='ocr_par' dir='ltr' id='par_1_42' title="bbox 366 2529 1939 2601">
     <span class='ocr_line' id='line_1_42' title="bbox 366 2529 1939 2601; baseline 0.005 -22"><span class='ocrx_word' id='word_1_285' title='bbox 366 2541 659 2596; x_wconf 83' lang='lat' dir='ltr'><strong>pauperes,</strong></span> <span class='ocrx_word' id='word_1_286' title='bbox 690 2538 746 2584; x_wconf 87' lang='lat' dir='ltr'><strong>et</strong></span> <span class='ocrx_word' id='word_1_287' title='bbox 769 2529 1200 2600; x_wconf 76' lang='lat' dir='ltr'><strong>pinguescehant</strong></span> <span class='ocrx_word' id='word_1_288' title='bbox 1247 2531 1552 2587; x_wconf 87' lang='lat' dir='ltr'><strong>honoribus</strong></span> <span class='ocrx_word' id='word_1_289' title='bbox 1585 2532 1680 2601; x_wconf 88' lang='lat' dir='ltr'><strong>qui</strong></span> <span class='ocrx_word' id='word_1_290' title='bbox 1724 2531 1939 2587; x_wconf 83' lang='lat' dir='ltr'><strong>defere-</strong></span> 
     </span>
    </p>
   </div>
   <div class='ocr_carea' id='block_1_43' title="bbox 365 2619 1937 2693">
    <p class='ocr_par' dir='ltr' id='par_1_43' title="bbox 365 2619 1937 2693">
     <span class='ocr_line' id='line_1_43' title="bbox 365 2619 1937 2693; baseline 0.003 -20"><span class='ocrx_word' id='word_1_291' title='bbox 365 2619 569 2673; x_wconf 82' lang='lat' dir='ltr'><strong>bantur</strong></span> <span class='ocrx_word' id='word_1_292' title='bbox 596 2620 665 2674; x_wconf 86' lang='lat' dir='ltr'><strong>ab</strong></span> <span class='ocrx_word' id='word_1_293' title='bbox 688 2621 963 2682; x_wconf 88' lang='lat' dir='ltr'><strong>omnibus.</strong></span> <span class='ocrx_word' id='word_1_294' title='bbox 994 2623 1088 2677; x_wconf 84' lang='lat' dir='ltr'><strong>sed</strong></span> <span class='ocrx_word' id='word_1_295' title='bbox 1113 2623 1447 2693; x_wconf 85' lang='lat' dir='ltr'><strong>parabantur</strong></span> <span class='ocrx_word' id='word_1_296' title='bbox 1482 2622 1550 2677; x_wconf 86' lang='lat' dir='ltr'><strong>ad</strong></span> <span class='ocrx_word' id='word_1_297' title='bbox 1606 2622 1937 2678; x_wconf 90' lang='lat' dir='ltr'><strong>occisionem</strong></span> 
     </span>
    </p>
   </div>
   <div class='ocr_carea' id='block_1_44' title="bbox 364 2710 1938 2784">
    <p class='ocr_par' dir='ltr' id='par_1_44' title="bbox 364 2710 1938 2784">
     <span class='ocr_line' id='line_1_44' title="bbox 364 2710 1938 2784; baseline 0.004 -22"><span class='ocrx_word' id='word_1_298' title='bbox 364 2710 470 2764; x_wconf 75' lang='lat' dir='ltr'><strong>sub</strong></span> <span class='ocrx_word' id='word_1_299' title='bbox 504 2711 757 2767; x_wconf 88' lang='lat' dir='ltr'><strong>manibus</strong></span> <span class='ocrx_word' id='word_1_300' title='bbox 782 2711 1172 2768; x_wconf 82' lang='lat' dir='ltr'><strong>Romanorum.</strong></span> <span class='ocrx_word' id='word_1_301' title='bbox 1207 2713 1273 2769; x_wconf 70' lang='lat' dir='ltr'><strong>iit</strong></span> <span class='ocrx_word' id='word_1_302' title='bbox 1318 2715 1556 2769; x_wconf 81' lang='lat' dir='ltr'><strong>maxime</strong></span> <span class='ocrx_word' id='word_1_303' title='bbox 1584 2714 1710 2784; x_wconf 89' lang='lat' dir='ltr'><strong>quia</strong></span> <span class='ocrx_word' id='word_1_304' title='bbox 1750 2715 1938 2769; x_wconf 90' lang='lat' dir='ltr'><strong>Domi-</strong></span> 
     </span>
    </p>
   </div>
   <div class='ocr_carea' id='block_1_45' title="bbox 364 2803 1939 2877">
    <p class='ocr_par' dir='ltr' id='par_1_45' title="bbox 364 2803 1939 2877">
     <span class='ocr_line' id='line_1_45' title="bbox 364 2803 1939 2877; baseline 0.004 -21"><span class='ocrx_word' id='word_1_305' title='bbox 364 2818 497 2857; x_wconf 79' lang='lat' dir='ltr'><strong>num</strong></span> <span class='ocrx_word' id='word_1_306' title='bbox 525 2803 620 2873; x_wconf 85' lang='lat' dir='ltr'><strong>qui</strong></span> <span class='ocrx_word' id='word_1_307' title='bbox 643 2804 794 2860; x_wconf 87' lang='lat' dir='ltr'><strong>solus</strong></span> <span class='ocrx_word' id='word_1_308' title='bbox 817 2817 933 2860; x_wconf 88' lang='lat' dir='ltr'><strong>erat</strong></span> <span class='ocrx_word' id='word_1_309' title='bbox 954 2805 1133 2877; x_wconf 82' lang='lat' dir='ltr'><strong>iustus</strong></span> <span class='ocrx_word' id='word_1_310' title='bbox 1156 2806 1610 2873; x_wconf 87' lang='lat' dir='ltr'><strong>condemnarunt,</strong></span> <span class='ocrx_word' id='word_1_311' title='bbox 1636 2816 1693 2862; x_wconf 90' lang='lat' dir='ltr'><strong>et</strong></span> <span class='ocrx_word' id='word_1_312' title='bbox 1724 2807 1939 2863; x_wconf 80' lang='lat' dir='ltr'><strong>occide-</strong></span> 
     </span>
    </p>
   </div>
   <div class='ocr_carea' id='block_1_46' title="bbox 362 2899 1937 2970">
    <p class='ocr_par' dir='ltr' id='par_1_46' title="bbox 362 2899 1937 2970">
     <span class='ocr_line' id='line_1_46' title="bbox 362 2899 1937 2970; baseline 0.005 -22"><span class='ocrx_word' id='word_1_313' title='bbox 362 2905 493 2951; x_wconf 88' lang='lat' dir='ltr'><strong>runt</strong></span> <span class='ocrx_word' id='word_1_314' title='bbox 519 2912 627 2951; x_wconf 88' lang='lat' dir='ltr'><strong>non</strong></span> <span class='ocrx_word' id='word_1_315' title='bbox 660 2899 1081 2954; x_wconf 84' lang='lat' dir='ltr'><strong>contendentem</strong></span> <span class='ocrx_word' id='word_1_316' title='bbox 1133 2916 1309 2970; x_wconf 88' lang='lat' dir='ltr'><strong>neque</strong></span> <span class='ocrx_word' id='word_1_317' title='bbox 1351 2901 1761 2957; x_wconf 82' lang='lat' dir='ltr'><strong>vociferantem.</strong></span> <span class='ocrx_word' id='word_1_318' title='bbox 1811 2900 1937 2956; x_wconf 86' lang='lat' dir='ltr'><strong>Ideo</strong></span> 
     </span>
    </p>
   </div>
   <div class='ocr_carea' id='block_1_47' title="bbox 360 2988 1937 3061">
    <p class='ocr_par' dir='ltr' id='par_1_47' title="bbox 360 2988 1937 3061">
     <span class='ocr_line' id='line_1_47' title="bbox 360 2988 1937 3061; baseline 0.004 -21"><span class='ocrx_word' id='word_1_319' title='bbox 360 3002 509 3044; x_wconf 88' lang='lat' dir='ltr'><strong>nunc</strong></span> <span class='ocrx_word' id='word_1_320' title='bbox 530 2988 661 3045; x_wconf 90' lang='lat' dir='ltr'><strong>dicit</strong></span> <span class='ocrx_word' id='word_1_321' title='bbox 689 3007 703 3045; x_wconf 88' lang='lat'><strong>:</strong></span> <span class='ocrx_word' id='word_1_322' title='bbox 741 3009 760 3042; x_wconf 82' lang='grc' dir='ltr'><strong>ι</strong></span> <span class='ocrx_word' id='word_1_323' title='bbox 789 2988 1083 3048; x_wconf 90' lang='lat' dir='ltr'><strong>Occidistis</strong></span> <span class='ocrx_word' id='word_1_324' title='bbox 1111 2993 1340 3061; x_wconf 86' lang='lat' dir='ltr'><strong>justum.</strong></span> <span class='ocrx_word' id='word_1_325' title='bbox 1377 3012 1397 3044; x_wconf 73' lang='grc' dir='ltr'><strong>ι</strong></span> <span class='ocrx_word' id='word_1_326' title='bbox 1432 2992 1810 3048; x_wconf 83' lang='lat' dir='ltr'><strong>Proculdubio</strong></span> <span class='ocrx_word' id='word_1_327' title='bbox 1832 2992 1937 3047; x_wconf 90' lang='lat' dir='ltr'><strong>hoc</strong></span> 
     </span>
    </p>
   </div>
   <div class='ocr_carea' id='block_1_48' title="bbox 361 3082 1931 3157">
    <p class='ocr_par' dir='ltr' id='par_1_48' title="bbox 361 3082 1931 3157">
     <span class='ocr_line' id='line_1_48' title="bbox 361 3082 1931 3157; baseline 0.003 -20"><span class='ocrx_word' id='word_1_328' title='bbox 361 3082 427 3137; x_wconf 69' lang='lat' dir='ltr'><strong>ad</strong></span> <span class='ocrx_word' id='word_1_329' title='bbox 457 3082 732 3139; x_wconf 84' lang='lat' dir='ltr'><strong>Christum</strong></span> <span class='ocrx_word' id='word_1_330' title='bbox 766 3084 1023 3141; x_wconf 87' lang='lat' dir='ltr'><strong>refertur.</strong></span> <span class='ocrx_word' id='word_1_331' title='bbox 1072 3084 1175 3140; x_wconf 89' lang='lat' dir='ltr'><strong>Per</strong></span> <span class='ocrx_word' id='word_1_332' title='bbox 1205 3086 1337 3141; x_wconf 88' lang='lat' dir='ltr'><strong>illud</strong></span> <span class='ocrx_word' id='word_1_333' title='bbox 1363 3097 1544 3140; x_wconf 88' lang='lat' dir='ltr'><strong>tamen</strong></span> <span class='ocrx_word' id='word_1_334' title='bbox 1571 3086 1717 3157; x_wconf 90' lang='lat' dir='ltr'><strong>quod</strong></span> <span class='ocrx_word' id='word_1_335' title='bbox 1748 3086 1931 3141; x_wconf 87' lang='lat' dir='ltr'><strong>addit:</strong></span> 
     </span>
    </p>
   </div>
   <div class='ocr_carea' id='block_1_49' title="bbox 359 3173 2008 3271">
    <p class='ocr_par' dir='ltr' id='par_1_49' title="bbox 359 3173 2008 3271">
     <span class='ocr_line' id='line_1_49' title="bbox 359 3173 2008 3271; baseline 0.003 -42"><span class='ocrx_word' id='word_1_336' title='bbox 359 3173 478 3230; x_wconf 78' lang='lat' dir='ltr'><strong>Non</strong></span> <span class='ocrx_word' id='word_1_337' title='bbox 525 3176 727 3232; x_wconf 84' lang='lat' dir='ltr'><strong>restitit</strong></span> <span class='ocrx_word' id='word_1_338' title='bbox 774 3179 952 3245; x_wconf 85' lang='lat' dir='ltr'><strong>vobis,</strong></span> <span class='ocrx_word' id='word_1_339' title='bbox 1012 3194 1356 3235; x_wconf 88' lang='lat' dir='ltr'><strong>communem</strong></span> <span class='ocrx_word' id='word_1_340' title='bbox 1412 3178 1575 3234; x_wconf 83' lang='lat' dir='ltr'><strong>emcit</strong></span> <span class='ocrx_word' id='word_1_341' title='bbox 1623 3194 1932 3235; x_wconf 89' lang='lat' dir='ltr'><strong>sermonem</strong></span> <span class='ocrx_word' id='word_1_342' title='bbox 1961 3208 2008 3271; x_wconf 65' lang='grc' dir='ltr'>ο</span> 
     </span>
    </p>
   </div>
   <div class='ocr_carea' id='block_1_50' title="bbox 357 3269 1936 3343">
    <p class='ocr_par' dir='ltr' id='par_1_50' title="bbox 357 3269 1936 3343">
     <span class='ocr_line' id='line_1_50' title="bbox 357 3269 1936 3343; baseline 0.003 -20"><span class='ocrx_word' id='word_1_343' title='bbox 357 3270 524 3323; x_wconf 86' lang='lat' dir='ltr'><strong>etiam</strong></span> <span class='ocrx_word' id='word_1_344' title='bbox 556 3269 622 3324; x_wconf 88' lang='lat' dir='ltr'><strong>ad</strong></span> <span class='ocrx_word' id='word_1_345' title='bbox 655 3270 791 3326; x_wconf 89' lang='lat' dir='ltr'><strong>alios</strong></span> <span class='ocrx_word' id='word_1_346' title='bbox 812 3273 902 3341; x_wconf 91' lang='lat' dir='ltr'><strong>qui</strong></span> <span class='ocrx_word' id='word_1_347' title='bbox 931 3272 1125 3327; x_wconf 91' lang='lat' dir='ltr'><strong>similia</strong></span> <span class='ocrx_word' id='word_1_348' title='bbox 1161 3288 1191 3327; x_wconf 91' lang='lat' dir='ltr'><strong>a</strong></span> <span class='ocrx_word' id='word_1_349' title='bbox 1218 3272 1421 3329; x_wconf 77' lang='lat' dir='ltr'><strong>Judzeis</strong></span> <span class='ocrx_word' id='word_1_350' title='bbox 1454 3273 1598 3343; x_wconf 85' lang='lat' dir='ltr'><strong>passi</strong></span> <span class='ocrx_word' id='word_1_351' title='bbox 1627 3281 1776 3328; x_wconf 88' lang='lat' dir='ltr'><strong>sunt.</strong></span> <span class='ocrx_word' id='word_1_352' title='bbox 1800 3274 1936 3327; x_wconf 85' lang='lat' dir='ltr'><strong>For-</strong></span> 
     </span>
    </p>
   </div>
   <div class='ocr_carea' id='block_1_51' title="bbox 359 3360 1937 3437">
    <p class='ocr_par' dir='ltr' id='par_1_51' title="bbox 359 3360 1937 3437">
     <span class='ocr_line' id='line_1_51' title="bbox 359 3360 1937 3437; baseline 0.004 -24"><span class='ocrx_word' id='word_1_353' title='bbox 359 3360 522 3416; x_wconf 84' lang='lat' dir='ltr'><strong>tassis</strong></span> <span class='ocrx_word' id='word_1_354' title='bbox 565 3370 748 3416; x_wconf 83' lang='lat' dir='ltr'><strong>autem</strong></span> <span class='ocrx_word' id='word_1_355' title='bbox 799 3372 853 3417; x_wconf 91' lang='lat' dir='ltr'><strong>et</strong></span> <span class='ocrx_word' id='word_1_356' title='bbox 885 3363 1204 3434; x_wconf 84' lang='lat' dir='ltr'><strong>prophetice</strong></span> <span class='ocrx_word' id='word_1_357' title='bbox 1231 3379 1383 3419; x_wconf 89' lang='lat' dir='ltr'><strong>suam</strong></span> <span class='ocrx_word' id='word_1_358' title='bbox 1432 3363 1684 3437; x_wconf 83' lang='lat' dir='ltr'><strong>designat</strong></span> <span class='ocrx_word' id='word_1_359' title='bbox 1723 3365 1937 3435; x_wconf 87' lang='lat' dir='ltr'><strong>passio-</strong></span> 
     </span>
    </p>
   </div>
   <div class='ocr_carea' id='block_1_52' title="bbox 359 3467 509 3507">
    <p class='ocr_par' dir='ltr' id='par_1_52' title="bbox 359 3467 509 3507">
     <span class='ocr_line' id='line_1_52' title="bbox 359 3467 509 3507; baseline -0.007 0"><span class='ocrx_word' id='word_1_360' title='bbox 359 3467 509 3507; x_wconf 82' lang='lat' dir='ltr'><strong>nem.</strong></span> 
     </span>
    </p>
   </div>
   <div class='ocr_carea' id='block_1_53' title="bbox 850 3573 1432 3647">
    <p class='ocr_par' dir='ltr' id='par_1_53' title="bbox 850 3573 1432 3647">
     <span class='ocr_line' id='line_1_53' title="bbox 850 3573 1432 3647; baseline 0 -16"><span class='ocrx_word' id='word_1_361' title='bbox 850 3574 1013 3647; x_wconf 64' lang='lat'><strong>475</strong></span> <span class='ocrx_word' id='word_1_362' title='bbox 1041 3573 1270 3632; x_wconf 79' lang='lat' dir='ltr'><strong>CAPUT</strong></span> <span class='ocrx_word' id='word_1_363' title='bbox 1318 3574 1432 3631; x_wconf 86' lang='lat' dir='ltr'><strong>vn.</strong></span> 
     </span>
    </p>
   </div>
   <div class='ocr_carea' id='block_1_54' title="bbox 357 3688 1929 3762">
    <p class='ocr_par' dir='ltr' id='par_1_54' title="bbox 357 3688 1929 3762">
     <span class='ocr_line' id='line_1_54' title="bbox 357 3688 1929 3762; baseline -0.003 -15"><span class='ocrx_word' id='word_1_364' title='bbox 357 3688 437 3747; x_wconf 84' lang='lat' dir='ltr'><strong>De</strong></span> <span class='ocrx_word' id='word_1_365' title='bbox 489 3688 748 3758; x_wconf 83' lang='lat' dir='ltr'><strong>patien&#39;ia</strong></span> <span class='ocrx_word' id='word_1_366' title='bbox 788 3706 850 3743; x_wconf 89' lang='lat' dir='ltr'><strong>ac</strong></span> <span class='ocrx_word' id='word_1_367' title='bbox 881 3690 1165 3744; x_wconf 83' lang='lat' dir='ltr'><strong>tolerantia</strong></span> <span class='ocrx_word' id='word_1_368' title='bbox 1209 3691 1571 3762; x_wconf 80' lang='lat' dir='ltr'><strong>aﬂlictionum,</strong></span> <span class='ocrx_word' id='word_1_369' title='bbox 1608 3698 1657 3743; x_wconf 85' lang='lat' dir='ltr'><strong>et</strong></span> <span class='ocrx_word' id='word_1_370' title='bbox 1695 3690 1759 3744; x_wconf 84' lang='lat' dir='ltr'><strong>de</strong></span> <span class='ocrx_word' id='word_1_371' title='bbox 1789 3691 1929 3746; x_wconf 84' lang='lat' dir='ltr'><strong>veri-</strong></span> 
     </span>
    </p>
   </div>
   <div class='ocr_carea' id='block_1_55' title="bbox 431 3761 1930 3830">
    <p class='ocr_par' dir='ltr' id='par_1_55' title="bbox 431 3761 1930 3830">
     <span class='ocr_line' id='line_1_55' title="bbox 431 3761 1930 3830; baseline 0.001 -17"><span class='ocrx_word' id='word_1_372' title='bbox 431 3770 542 3813; x_wconf 86' lang='lat' dir='ltr'><strong>tate</strong></span> <span class='ocrx_word' id='word_1_373' title='bbox 599 3775 617 3814; x_wconf 90' lang='lat'><strong><em>:</em></strong></span> <span class='ocrx_word' id='word_1_374' title='bbox 663 3762 717 3813; x_wconf 89' lang='lat' dir='ltr'><strong>in</strong></span> <span class='ocrx_word' id='word_1_375' title='bbox 756 3777 858 3830; x_wconf 86' lang='lat' dir='ltr'><strong>quo</strong></span> <span class='ocrx_word' id='word_1_376' title='bbox 905 3770 1171 3828; x_wconf 81' lang='lat' dir='ltr'><strong>ponuntur</strong></span> <span class='ocrx_word' id='word_1_377' title='bbox 1230 3761 1484 3828; x_wconf 71' lang='lat' dir='ltr'><strong>speciales</strong></span> <span class='ocrx_word' id='word_1_378' title='bbox 1532 3761 1930 3816; x_wconf 78' lang='lat' dir='ltr'><strong>adhortationes</strong></span> 
     </span>
    </p>
   </div>
   <div class='ocr_carea' id='block_1_56' title="bbox 426 3831 1931 3902">
    <p class='ocr_par' dir='ltr' id='par_1_56' title="bbox 426 3831 1931 3902">
     <span class='ocr_line' id='line_1_56' title="bbox 426 3831 1931 3902; baseline 0.003 -19"><span class='ocrx_word' id='word_1_379' title='bbox 426 3833 612 3901; x_wconf 81' lang='lat' dir='ltr'><strong>cuique</strong></span> <span class='ocrx_word' id='word_1_380' title='bbox 637 3832 989 3885; x_wconf 74' lang='lat' dir='ltr'><strong>convenientes</strong></span> <span class='ocrx_word' id='word_1_381' title='bbox 1016 3848 1134 3886; x_wconf 88' lang='lat' dir='ltr'><strong>cum</strong></span> <span class='ocrx_word' id='word_1_382' title='bbox 1156 3831 1258 3902; x_wconf 86' lang='lat' dir='ltr'><strong>[ide</strong></span> <span class='ocrx_word' id='word_1_383' title='bbox 1286 3851 1298 3887; x_wconf 94' lang='lat'>:</span> <span class='ocrx_word' id='word_1_384' title='bbox 1326 3839 1526 3901; x_wconf 81' lang='lat' dir='ltr'><strong>etquod</strong></span> <span class='ocrx_word' id='word_1_385' title='bbox 1545 3832 1931 3887; x_wconf 80' lang='lat' dir='ltr'><strong>inserviendum</strong></span> 
     </span>
    </p>
   </div>
   <div class='ocr_carea' id='block_1_57' title="bbox 428 3901 977 3966">
    <p class='ocr_par' dir='ltr' id='par_1_57' title="bbox 428 3901 977 3966">
     <span class='ocr_line' id='line_1_57' title="bbox 428 3901 977 3966; baseline 0.004 -12"><span class='ocrx_word' id='word_1_386' title='bbox 428 3909 506 3955; x_wconf 81' lang='lat' dir='ltr'><strong>est</strong></span> <span class='ocrx_word' id='word_1_387' title='bbox 523 3901 690 3955; x_wconf 84' lang='lat' dir='ltr'><strong>saluti</strong></span> <span class='ocrx_word' id='word_1_388' title='bbox 727 3903 977 3966; x_wconf 75' lang='lat' dir='ltr'><strong>proximi.</strong></span> 
     </span>
    </p>
   </div>
   <div class='ocr_carea' id='block_1_58' title="bbox 420 4010 1929 4089">
    <p class='ocr_par' dir='ltr' id='par_1_58' title="bbox 420 4010 1929 4089">
     <span class='ocr_line' id='line_1_58' title="bbox 420 4010 1929 4089; baseline 0.005 -24"><span class='ocrx_word' id='word_1_389' title='bbox 420 4010 488 4078; x_wconf 71' lang='grc' dir='ltr'><strong>ν,</strong></span> <span class='ocrx_word' id='word_1_390' title='bbox 521 4013 677 4068; x_wconf 83' lang='lat' dir='ltr'><strong>7—H.</strong></span> <span class='ocrx_word' id='word_1_391' title='bbox 712 4013 1064 4084; x_wconf 86' lang='lat' dir='ltr'><strong>Longanimes</strong></span> <span class='ocrx_word' id='word_1_392' title='bbox 1102 4017 1265 4087; x_wconf 79' lang='lat' dir='ltr'><strong>igitur</strong></span> <span class='ocrx_word' id='word_1_393' title='bbox 1291 4024 1480 4083; x_wconf 83' lang='lat' dir='ltr'><strong>estote,</strong></span> <span class='ocrx_word' id='word_1_394' title='bbox 1512 4017 1730 4087; x_wconf 78' lang='lat' dir='ltr'><strong>fratres,</strong></span> <span class='ocrx_word' id='word_1_395' title='bbox 1765 4033 1929 4089; x_wconf 83' lang='lat' dir='ltr'><strong>usque</strong></span> 
     </span>
    </p>
   </div>
   <div class='ocr_carea' id='block_1_59' title="bbox 355 4100 1925 4181">
    <p class='ocr_par' dir='ltr' id='par_1_59' title="bbox 355 4100 1925 4181">
     <span class='ocr_line' id='line_1_59' title="bbox 355 4100 1925 4181; baseline 0.003 -22"><span class='ocrx_word' id='word_1_396' title='bbox 355 4103 428 4159; x_wconf 83' lang='lat' dir='ltr'><strong>ad</strong></span> <span class='ocrx_word' id='word_1_397' title='bbox 462 4104 745 4161; x_wconf 72' lang='lat' dir='ltr'><strong>adventum</strong></span> <span class='ocrx_word' id='word_1_398' title='bbox 786 4106 1025 4163; x_wconf 78' lang='lat' dir='ltr'><strong>Domini.</strong></span> <span class='ocrx_word' id='word_1_399' title='bbox 1058 4100 1193 4163; x_wconf 82' lang='lat' dir='ltr'><strong>Ecce</strong></span> <span class='ocrx_word' id='word_1_400' title='bbox 1219 4110 1461 4180; x_wconf 81' lang='lat' dir='ltr'><strong>agricola</strong></span> <span class='ocrx_word' id='word_1_401' title='bbox 1489 4119 1763 4181; x_wconf 75' lang='lat' dir='ltr'><strong>exspectat</strong></span> <span class='ocrx_word' id='word_1_402' title='bbox 1802 4126 1925 4177; x_wconf 81' lang='lat' dir='ltr'><strong>pre-</strong></span> 
     </span>
    </p>
   </div>
   <div class='ocr_carea' id='block_1_60' title="bbox 356 4196 1925 4270">
    <p class='ocr_par' dir='ltr' id='par_1_60' title="bbox 356 4196 1925 4270">
     <span class='ocr_line' id='line_1_60' title="bbox 356 4196 1925 4270; baseline 0.003 -22"><span class='ocrx_word' id='word_1_403' title='bbox 356 4196 553 4251; x_wconf 76' lang='lat' dir='ltr'><strong>tiosum</strong></span> <span class='ocrx_word' id='word_1_404' title='bbox 581 4198 811 4267; x_wconf 79' lang='lat' dir='ltr'><strong>fructum</strong></span> <span class='ocrx_word' id='word_1_405' title='bbox 833 4209 1011 4261; x_wconf 62' lang='lat' dir='ltr'><strong>terra&#39;.</strong></span> <span class='ocrx_word' id='word_1_406' title='bbox 1034 4199 1408 4270; x_wconf 86' lang='lat' dir='ltr'><strong>longanimiter</strong></span> <span class='ocrx_word' id='word_1_407' title='bbox 1427 4212 1733 4270; x_wconf 72' lang='lat' dir='ltr'><strong>exspectans</strong></span> <span class='ocrx_word' id='word_1_408' title='bbox 1751 4201 1925 4266; x_wconf 87' lang='lat' dir='ltr'><strong>illum,</strong></span> 
     </span>
    </p>
   </div>
   <div class='ocr_carea' id='block_1_61' title="bbox 352 4289 1925 4361">
    <p class='ocr_par' dir='ltr' id='par_1_61' title="bbox 352 4289 1925 4361">
     <span class='ocr_line' id='line_1_61' title="bbox 352 4289 1925 4361; baseline 0.001 -18"><span class='ocrx_word' id='word_1_409' title='bbox 352 4289 516 4343; x_wconf 78' lang='lat' dir='ltr'><strong>donec</strong></span> <span class='ocrx_word' id='word_1_410' title='bbox 571 4292 795 4358; x_wconf 75' lang='lat' dir='ltr'><strong>accipiat</strong></span> <span class='ocrx_word' id='word_1_411' title='bbox 849 4292 1085 4361; x_wconf 80' lang='lat' dir='ltr'><strong>pluviam</strong></span> <span class='ocrx_word' id='word_1_412' title='bbox 1152 4294 1469 4346; x_wconf 80' lang='lat' dir='ltr'><strong>matutinum</strong></span> <span class='ocrx_word' id='word_1_413' title='bbox 1516 4302 1564 4346; x_wconf 91' lang='lat' dir='ltr'><strong>et</strong></span> <span class='ocrx_word' id='word_1_414' title='bbox 1615 4295 1925 4347; x_wconf 79' lang='lat' dir='ltr'><strong>serotinum.</strong></span> 
     </span>
    </p>
   </div>
   <div class='ocr_carea' id='block_1_62' title="bbox 2050 1981 3621 2059">
    <p class='ocr_par' dir='ltr' id='par_1_62' title="bbox 2050 1981 3621 2059">
     <span class='ocr_line' id='line_1_62' title="bbox 2050 1981 3621 2059; baseline -0.004 -18"><span class='ocrx_word' id='word_1_415' title='bbox 2050 1986 2201 2053; x_wconf 75' lang='grc' dir='ltr'>ρήσει</span> <span class='ocrx_word' id='word_1_416' title='bbox 2234 1987 2413 2056; x_wconf 78' lang='grc' dir='ltr'>ὑμῶν,</span> <span class='ocrx_word' id='word_1_417' title='bbox 2469 1988 2712 2059; x_wconf 73' lang='grc' dir='ltr'>ἐλέγχων</span> <span class='ocrx_word' id='word_1_418' title='bbox 2757 1988 2817 2042; x_wconf 76' lang='grc' dir='ltr'><strong>τὸ</strong></span> <span class='ocrx_word' id='word_1_419' title='bbox 2869 1988 3201 2059; x_wconf 77' lang='grc' dir='ltr'>ἀμετάδοτον</span> <span class='ocrx_word' id='word_1_420' title='bbox 3254 1985 3435 2056; x_wconf 84' lang='grc' dir='ltr'>ὑμῶν.</span> <span class='ocrx_word' id='word_1_421' title='bbox 3482 1982 3561 2036; x_wconf 84' lang='grc' dir='ltr'><strong>Δι’</strong></span> <span class='ocrx_word' id='word_1_422' title='bbox 3590 1981 3621 2036; x_wconf 80' lang='grc' dir='ltr'>ὂ</span> 
     </span>
    </p>
   </div>
   <div class='ocr_carea' id='block_1_63' title="bbox 2045 2075 3620 2151">
    <p class='ocr_par' dir='ltr' id='par_1_63' title="bbox 2045 2075 3620 2151">
     <span class='ocr_line' id='line_1_63' title="bbox 2045 2075 3620 2151; baseline -0.002 -21"><span class='ocrx_word' id='word_1_423' title='bbox 2045 2078 2141 2131; x_wconf 73' lang='grc' dir='ltr'>καὶ</span> <span class='ocrx_word' id='word_1_424' title='bbox 2172 2077 2230 2129; x_wconf 72' lang='grc' dir='ltr'>ἐν</span> <span class='ocrx_word' id='word_1_425' title='bbox 2274 2080 2531 2149; x_wconf 68' lang='grc' dir='ltr'>ἐσχάταις</span> <span class='ocrx_word' id='word_1_426' title='bbox 2568 2080 2806 2151; x_wconf 79' lang='grc' dir='ltr'>ἡμέραις</span> <span class='ocrx_word' id='word_1_427' title='bbox 2841 2080 3012 2151; x_wconf 81' lang='grc' dir='ltr'>(λέγει</span> <span class='ocrx_word' id='word_1_428' title='bbox 3055 2080 3110 2134; x_wconf 79' lang='grc' dir='ltr'>δὲ</span> <span class='ocrx_word' id='word_1_429' title='bbox 3154 2078 3256 2149; x_wconf 77' lang='grc' dir='ltr'>τὴν</span> <span class='ocrx_word' id='word_1_430' title='bbox 3282 2076 3376 2131; x_wconf 80' lang='grc' dir='ltr'><strong>τοῦ</strong></span> <span class='ocrx_word' id='word_1_431' title='bbox 3409 2075 3620 2147; x_wconf 80' lang='grc' dir='ltr'>Κυρίου</span> 
     </span>
    </p>
   </div>
   <div class='ocr_carea' id='block_1_64' title="bbox 2045 2169 3622 2243">
    <p class='ocr_par' dir='ltr' id='par_1_64' title="bbox 2045 2169 3622 2243">
     <span class='ocr_line' id='line_1_64' title="bbox 2045 2169 3622 2243; baseline -0.003 -20"><span class='ocrx_word' id='word_1_432' title='bbox 2045 2170 2394 2240; x_wconf 80' lang='grc' dir='ltr'>παρουσίαν),</span> <span class='ocrx_word' id='word_1_433' title='bbox 2425 2173 2687 2243; x_wconf 74' lang='grc' dir='ltr'>εὑρήσετε</span> <span class='ocrx_word' id='word_1_434' title='bbox 2709 2173 2801 2226; x_wconf 74' lang='grc' dir='ltr'><strong>τὸν</strong></span> <span class='ocrx_word' id='word_1_435' title='bbox 2825 2172 3053 2226; x_wconf 78' lang='grc' dir='ltr'>πλοῦτον</span> <span class='ocrx_word' id='word_1_436' title='bbox 3079 2171 3231 2242; x_wconf 81' lang='grc' dir='ltr'>ὑμῶν</span> <span class='ocrx_word' id='word_1_437' title='bbox 3265 2171 3342 2234; x_wconf 85' lang='grc' dir='ltr'>ὡς</span> <span class='ocrx_word' id='word_1_438' title='bbox 3374 2169 3486 2239; x_wconf 80' lang='grc' dir='ltr'>πῦρ</span> <span class='ocrx_word' id='word_1_439' title='bbox 3520 2184 3622 2220; x_wconf 83' lang='grc' dir='ltr'>τα-</span> 
     </span>
    </p>
   </div>
   <div class='ocr_carea' id='block_1_65' title="bbox 2046 2261 3619 2335">
    <p class='ocr_par' dir='ltr' id='par_1_65' title="bbox 2046 2261 3619 2335">
     <span class='ocr_line' id='line_1_65' title="bbox 2046 2261 3619 2335; baseline 0 -22"><span class='ocrx_word' id='word_1_440' title='bbox 2046 2262 2336 2332; x_wconf 81' lang='grc' dir='ltr'>μιευθέντα</span> <span class='ocrx_word' id='word_1_441' title='bbox 2362 2263 2493 2334; x_wconf 82' lang='grc' dir='ltr'>ὑμῖν</span> <span class='ocrx_word' id='word_1_442' title='bbox 2526 2265 2607 2327; x_wconf 87' lang='grc' dir='ltr'><strong>είς</strong></span> <span class='ocrx_word' id='word_1_443' title='bbox 2634 2263 2876 2335; x_wconf 74' lang='grc' dir='ltr'>ὀλεθρον.</span> <span class='ocrx_word' id='word_1_444' title='bbox 2904 2264 3083 2335; x_wconf 86' lang='grc' dir='ltr'>Ὅπερ</span> <span class='ocrx_word' id='word_1_445' title='bbox 3105 2264 3199 2317; x_wconf 69' lang='grc' dir='ltr'>καὶ</span> <span class='ocrx_word' id='word_1_446' title='bbox 3228 2263 3255 2314; x_wconf 83' lang='grc' dir='ltr'><strong>ὁ</strong></span> <span class='ocrx_word' id='word_1_447' title='bbox 3285 2264 3343 2315; x_wconf 80' lang='grc' dir='ltr'>ὲν</span> <span class='ocrx_word' id='word_1_448' title='bbox 3368 2261 3619 2327; x_wconf 62' lang='lat'><strong>86271:-</strong></span> 
     </span>
    </p>
   </div>
   <div class='ocr_carea' id='block_1_66' title="bbox 2042 2351 3620 2425">
    <p class='ocr_par' dir='ltr' id='par_1_66' title="bbox 2042 2351 3620 2425">
     <span class='ocr_line' id='line_1_66' title="bbox 2042 2351 3620 2425; baseline -0.001 -21"><span class='ocrx_word' id='word_1_449' title='bbox 2042 2351 2142 2424; x_wconf 79' lang='grc' dir='ltr'><strong>λίῳ</strong></span> <span class='ocrx_word' id='word_1_450' title='bbox 2166 2353 2419 2419; x_wconf 79' lang='grc' dir='ltr'>πλούσιος</span> <span class='ocrx_word' id='word_1_451' title='bbox 2459 2354 2745 2410; x_wconf 85' lang='grc' dir='ltr'>πέπονθεν.</span> <span class='ocrx_word' id='word_1_452' title='bbox 2784 2373 2802 2407; x_wconf 84' lang='grc' dir='ltr'><strong>ι</strong></span> <span class='ocrx_word' id='word_1_453' title='bbox 2842 2355 3240 2425; x_wconf 81' lang='grc' dir='ltr'>Ἐτρυφήσατε.</span> <span class='ocrx_word' id='word_1_454' title='bbox 3279 2370 3298 2404; x_wconf 75' lang='grc' dir='ltr'><strong>ι</strong></span> <span class='ocrx_word' id='word_1_455' title='bbox 3333 2351 3620 2421; x_wconf 81' lang='grc' dir='ltr'>Καταδρο-</span> 
     </span>
    </p>
   </div>
   <div class='ocr_carea' id='block_1_67' title="bbox 2044 2443 3619 2519">
    <p class='ocr_par' dir='ltr' id='par_1_67' title="bbox 2044 2443 3619 2519">
     <span class='ocr_line' id='line_1_67' title="bbox 2044 2443 3619 2519; baseline -0.002 -21"><span class='ocrx_word' id='word_1_456' title='bbox 2044 2445 2121 2517; x_wconf 79' lang='grc' dir='ltr'>μὴ</span> <span class='ocrx_word' id='word_1_457' title='bbox 2150 2446 2258 2500; x_wconf 87' lang='grc' dir='ltr'><strong>τῶν</strong></span> <span class='ocrx_word' id='word_1_458' title='bbox 2304 2448 2607 2501; x_wconf 77' lang='grc' dir='ltr'>Ἰουδαϊκῶν</span> <span class='ocrx_word' id='word_1_459' title='bbox 2635 2447 2917 2519; x_wconf 80' lang='grc' dir='ltr'>ἀρχόντων</span> <span class='ocrx_word' id='word_1_460' title='bbox 2952 2446 3451 2515; x_wconf 79' lang='grc' dir='ltr'>καταϐοσκομένων</span> <span class='ocrx_word' id='word_1_461' title='bbox 3488 2443 3619 2505; x_wconf 73' lang='grc' dir='ltr'>τοὺς</span> 
     </span>
    </p>
   </div>
   <div class='ocr_carea' id='block_1_68' title="bbox 2042 2534 3616 2609">
    <p class='ocr_par' dir='ltr' id='par_1_68' title="bbox 2042 2534 3616 2609">
     <span class='ocr_line' id='line_1_68' title="bbox 2042 2534 3616 2609; baseline -0.002 -22"><span class='ocrx_word' id='word_1_462' title='bbox 2042 2539 2305 2605; x_wconf 81' lang='grc' dir='ltr'>πένητας,</span> <span class='ocrx_word' id='word_1_463' title='bbox 2338 2538 2432 2591; x_wconf 79' lang='grc' dir='ltr'>καὶ</span> <span class='ocrx_word' id='word_1_464' title='bbox 2454 2541 2823 2609; x_wconf 81' lang='grc' dir='ltr'>πιαινομένων</span> <span class='ocrx_word' id='word_1_465' title='bbox 2846 2539 2964 2601; x_wconf 86' lang='grc' dir='ltr'>ταῖς</span> <span class='ocrx_word' id='word_1_466' title='bbox 2986 2554 3060 2590; x_wconf 81' lang='grc' dir='ltr'><strong>πα</strong></span> <span class='ocrx_word' id='word_1_467' title='bbox 3071 2537 3137 2607; x_wconf 74' lang='grc' dir='ltr'>ρὰ</span> <span class='ocrx_word' id='word_1_468' title='bbox 3159 2537 3378 2588; x_wconf 84' lang='grc' dir='ltr'>πάντων</span> <span class='ocrx_word' id='word_1_469' title='bbox 3403 2534 3616 2601; x_wconf 73' lang='grc' dir='ltr'>τιμαῖς,</span> 
     </span>
    </p>
   </div>
   <div class='ocr_carea' id='block_1_69' title="bbox 2040 2621 3618 2701">
    <p class='ocr_par' dir='ltr' id='par_1_69' title="bbox 2040 2621 3618 2701">
     <span class='ocr_line' id='line_1_69' title="bbox 2040 2621 3618 2701; baseline -0.006 -18"><span class='ocrx_word' id='word_1_470' title='bbox 2040 2627 2158 2683; x_wconf 84' lang='grc' dir='ltr'>ἀλλ’</span> <span class='ocrx_word' id='word_1_471' title='bbox 2194 2631 2275 2692; x_wconf 80' lang='grc' dir='ltr'>εἰς</span> <span class='ocrx_word' id='word_1_472' title='bbox 2300 2630 2515 2701; x_wconf 79' lang='grc' dir='ltr'>σφαγὴν</span> <span class='ocrx_word' id='word_1_473' title='bbox 2543 2632 2665 2694; x_wconf 88' lang='grc' dir='ltr'>ταῖς</span> <span class='ocrx_word' id='word_1_474' title='bbox 2706 2629 3040 2699; x_wconf 79' lang='grc' dir='ltr'>Ῥωμαϊκαῖς</span> <span class='ocrx_word' id='word_1_475' title='bbox 3078 2627 3266 2699; x_wconf 75' lang='grc' dir='ltr'>χερσὶν</span> <span class='ocrx_word' id='word_1_476' title='bbox 3290 2621 3618 2695; x_wconf 72' lang='grc' dir='ltr'>εὐτρεπιζοο</span> 
     </span>
    </p>
   </div>
   <div class='ocr_carea' id='block_1_70' title="bbox 2044 2715 3616 2792">
    <p class='ocr_par' dir='ltr' id='par_1_70' title="bbox 2044 2715 3616 2792">
     <span class='ocr_line' id='line_1_70' title="bbox 2044 2715 3616 2792; baseline -0.005 -18"><span class='ocrx_word' id='word_1_477' title='bbox 2044 2719 2243 2789; x_wconf 81' lang='grc' dir='ltr'>μένων.</span> <span class='ocrx_word' id='word_1_478' title='bbox 2279 2722 2392 2775; x_wconf 75' lang='grc' dir='ltr'><strong>Καὶ</strong></span> <span class='ocrx_word' id='word_1_479' title='bbox 2441 2722 2678 2792; x_wconf 87' lang='grc' dir='ltr'>μάλιστα</span> <span class='ocrx_word' id='word_1_480' title='bbox 2705 2723 2787 2775; x_wconf 84' lang='grc' dir='ltr'>ὅτι</span> <span class='ocrx_word' id='word_1_481' title='bbox 2827 2721 2917 2774; x_wconf 78' lang='grc' dir='ltr'>τὸν</span> <span class='ocrx_word' id='word_1_482' title='bbox 2947 2720 3108 2790; x_wconf 79' lang='grc' dir='ltr'>μόνον</span> <span class='ocrx_word' id='word_1_483' title='bbox 3152 2719 3362 2772; x_wconf 85' lang='grc' dir='ltr'>δίκαιον</span> <span class='ocrx_word' id='word_1_484' title='bbox 3410 2715 3616 2784; x_wconf 80' lang='grc' dir='ltr'>Κύριον</span> 
     </span>
    </p>
   </div>
   <div class='ocr_carea' id='block_1_71' title="bbox 2041 2809 3616 2885">
    <p class='ocr_par' dir='ltr' id='par_1_71' title="bbox 2041 2809 3616 2885">
     <span class='ocr_line' id='line_1_71' title="bbox 2041 2809 3616 2885; baseline -0.004 -18"><span class='ocrx_word' id='word_1_485' title='bbox 2041 2813 2406 2867; x_wconf 76' lang='grc' dir='ltr'>κατεδίκασαν</span> <span class='ocrx_word' id='word_1_486' title='bbox 2438 2815 2532 2868; x_wconf 79' lang='grc' dir='ltr'>καὶ</span> <span class='ocrx_word' id='word_1_487' title='bbox 2571 2816 2872 2885; x_wconf 77' lang='grc' dir='ltr'>ἐφόνευσαν</span> <span class='ocrx_word' id='word_1_488' title='bbox 2893 2814 2993 2867; x_wconf 79' lang='grc' dir='ltr'>οὐκ</span> <span class='ocrx_word' id='word_1_489' title='bbox 3015 2812 3263 2884; x_wconf 74' lang='grc' dir='ltr'>ἐρίζοντα</span> <span class='ocrx_word' id='word_1_490' title='bbox 3290 2809 3411 2863; x_wconf 79' lang='grc' dir='ltr'>οὐδὲ</span> <span class='ocrx_word' id='word_1_491' title='bbox 3443 2824 3616 2879; x_wconf 81' lang='grc' dir='ltr'>κραυ-</span> 
     </span>
    </p>
   </div>
   <div class='ocr_carea' id='block_1_72' title="bbox 2039 2899 3616 2978">
    <p class='ocr_par' dir='ltr' id='par_1_72' title="bbox 2039 2899 3616 2978">
     <span class='ocr_line' id='line_1_72' title="bbox 2039 2899 3616 2978; baseline -0.004 -18"><span class='ocrx_word' id='word_1_492' title='bbox 2039 2904 2295 2974; x_wconf 76' lang='grc' dir='ltr'>γάζοντα.</span> <span class='ocrx_word' id='word_1_493' title='bbox 2338 2908 2776 2978; x_wconf 81' lang='grc' dir='ltr'>Ἀναντιρῥήτως</span> <span class='ocrx_word' id='word_1_494' title='bbox 2805 2907 2888 2971; x_wconf 85' lang='grc' dir='ltr'><strong>τδ,</strong></span> <span class='ocrx_word' id='word_1_495' title='bbox 2925 2924 2946 2959; x_wconf 79' lang='grc' dir='ltr'><strong>ι</strong></span> <span class='ocrx_word' id='word_1_496' title='bbox 2980 2903 3343 2974; x_wconf 82' lang='grc' dir='ltr'>Ἐφονεύσατε</span> <span class='ocrx_word' id='word_1_497' title='bbox 3393 2902 3486 2955; x_wconf 77' lang='grc' dir='ltr'>τὸν</span> <span class='ocrx_word' id='word_1_498' title='bbox 3535 2899 3616 2954; x_wconf 75' lang='grc' dir='ltr'>δίο</span> 
     </span>
    </p>
   </div>
   <div class='ocr_carea' id='block_1_73' title="bbox 2038 2996 3614 3068">
    <p class='ocr_par' dir='ltr' id='par_1_73' title="bbox 2038 2996 3614 3068">
     <span class='ocr_line' id='line_1_73' title="bbox 2038 2996 3614 3068; baseline -0.003 -17"><span class='ocrx_word' id='word_1_499' title='bbox 2038 3015 2213 3064; x_wconf 88' lang='grc' dir='ltr'>καιον,</span> <span class='ocrx_word' id='word_1_500' title='bbox 2257 3017 2277 3051; x_wconf 70' lang='grc' dir='ltr'><strong>ι</strong></span> <span class='ocrx_word' id='word_1_501' title='bbox 2333 3000 2426 3053; x_wconf 68' lang='grc' dir='ltr'><strong>ἐπὶ</strong></span> <span class='ocrx_word' id='word_1_502' title='bbox 2466 2999 2559 3053; x_wconf 86' lang='grc' dir='ltr'><strong>τδν</strong></span> <span class='ocrx_word' id='word_1_503' title='bbox 2605 3000 2843 3068; x_wconf 70' lang='grc' dir='ltr'>Χριστὶν</span> <span class='ocrx_word' id='word_1_504' title='bbox 2892 2999 3249 3068; x_wconf 76' lang='grc' dir='ltr'>ἀναφέρεται.</span> <span class='ocrx_word' id='word_1_505' title='bbox 3300 2997 3380 3067; x_wconf 77' lang='grc' dir='ltr'><strong>Τῇ</strong></span> <span class='ocrx_word' id='word_1_506' title='bbox 3425 2996 3614 3066; x_wconf 83' lang='grc' dir='ltr'>μέντοι</span> 
     </span>
    </p>
   </div>
   <div class='ocr_carea' id='block_1_74' title="bbox 2038 3087 3613 3165">
    <p class='ocr_par' dir='ltr' id='par_1_74' title="bbox 2038 3087 3613 3165">
     <span class='ocr_line' id='line_1_74' title="bbox 2038 3087 3613 3165; baseline -0.003 -21"><span class='ocrx_word' id='word_1_507' title='bbox 2038 3093 2277 3165; x_wconf 78' lang='grc' dir='ltr'>ἐπιφορᾷ</span> <span class='ocrx_word' id='word_1_508' title='bbox 2315 3096 2403 3165; x_wconf 78' lang='grc' dir='ltr'>τῇ,</span> <span class='ocrx_word' id='word_1_509' title='bbox 2453 3094 2568 3148; x_wconf 76' lang='grc' dir='ltr'><strong>Οὐκ</strong></span> <span class='ocrx_word' id='word_1_510' title='bbox 2598 3093 2975 3147; x_wconf 81' lang='grc' dir='ltr'>ἀντιτάσσεται</span> <span class='ocrx_word' id='word_1_511' title='bbox 3013 3092 3167 3160; x_wconf 83' lang='grc' dir='ltr'>ὑμῖν,</span> <span class='ocrx_word' id='word_1_512' title='bbox 3213 3088 3473 3143; x_wconf 74' lang='grc' dir='ltr'>ἐκοίνωσε</span> <span class='ocrx_word' id='word_1_513' title='bbox 3520 3087 3613 3140; x_wconf 73' lang='grc' dir='ltr'><strong>τὸν</strong></span> 
     </span>
    </p>
   </div>
   <div class='ocr_carea' id='block_1_75' title="bbox 2037 3179 3612 3257">
    <p class='ocr_par' dir='ltr' id='par_1_75' title="bbox 2037 3179 3612 3257">
     <span class='ocr_line' id='line_1_75' title="bbox 2037 3179 3612 3257; baseline -0.006 -18"><span class='ocrx_word' id='word_1_514' title='bbox 2037 3182 2195 3253; x_wconf 83' lang='grc' dir='ltr'>λόγον</span> <span class='ocrx_word' id='word_1_515' title='bbox 2219 3186 2315 3238; x_wconf 77' lang='grc' dir='ltr'>καὶ</span> <span class='ocrx_word' id='word_1_516' title='bbox 2348 3184 2486 3257; x_wconf 83' lang='grc' dir='ltr'>πρὸς</span> <span class='ocrx_word' id='word_1_517' title='bbox 2509 3186 2635 3249; x_wconf 81' lang='grc' dir='ltr'>τοὺς</span> <span class='ocrx_word' id='word_1_518' title='bbox 2668 3185 2860 3249; x_wconf 81' lang='grc' dir='ltr'>ἄλλους</span> <span class='ocrx_word' id='word_1_519' title='bbox 2892 3185 3019 3248; x_wconf 76' lang='grc' dir='ltr'>τοὺς</span> <span class='ocrx_word' id='word_1_520' title='bbox 3045 3183 3116 3237; x_wconf 72' lang='grc' dir='ltr'><strong>τά</strong></span> <span class='ocrx_word' id='word_1_521' title='bbox 3142 3182 3303 3253; x_wconf 80' lang='grc' dir='ltr'>ὃμοια</span> <span class='ocrx_word' id='word_1_522' title='bbox 3325 3180 3475 3250; x_wconf 75' lang='grc' dir='ltr'>παρὰ</span> <span class='ocrx_word' id='word_1_523' title='bbox 3500 3179 3612 3232; x_wconf 82' lang='grc' dir='ltr'><strong>τῶν</strong></span> 
     </span>
    </p>
   </div>
   <div class='ocr_carea' id='block_1_76' title="bbox 2039 3270 3615 3347">
    <p class='ocr_par' dir='ltr' id='par_1_76' title="bbox 2039 3270 3615 3347">
     <span class='ocr_line' id='line_1_76' title="bbox 2039 3270 3615 3347; baseline -0.006 -15"><span class='ocrx_word' id='word_1_524' title='bbox 2039 3277 2314 3333; x_wconf 83' lang='grc' dir='ltr'>Ἰουδαίων</span> <span class='ocrx_word' id='word_1_525' title='bbox 2356 3278 2646 3341; x_wconf 80' lang='grc' dir='ltr'>παθόντας.</span> <span class='ocrx_word' id='word_1_526' title='bbox 2700 3278 2863 3340; x_wconf 83' lang='grc' dir='ltr'>Ἴσως</span> <span class='ocrx_word' id='word_1_527' title='bbox 2913 3276 2971 3330; x_wconf 80' lang='grc' dir='ltr'>δὲ</span> <span class='ocrx_word' id='word_1_528' title='bbox 3022 3276 3118 3330; x_wconf 70' lang='grc' dir='ltr'><strong>καὶ</strong></span> <span class='ocrx_word' id='word_1_529' title='bbox 3152 3273 3505 3347; x_wconf 66' lang='grc' dir='ltr'>προφητικῶς</span> <span class='ocrx_word' id='word_1_530' title='bbox 3552 3270 3615 3323; x_wconf 70' lang='grc' dir='ltr'><strong>τὸ</strong></span> 
     </span>
    </p>
   </div>
   <div class='ocr_carea' id='block_1_77' title="bbox 2037 3367 2977 3440">
    <p class='ocr_par' dir='ltr' id='par_1_77' title="bbox 2037 3367 2977 3440">
     <span class='ocr_line' id='line_1_77' title="bbox 2037 3367 2977 3440; baseline -0.001 -18"><span class='ocrx_word' id='word_1_531' title='bbox 2037 3370 2169 3440; x_wconf 78' lang='grc' dir='ltr'>περὶ</span> <span class='ocrx_word' id='word_1_532' title='bbox 2193 3368 2380 3424; x_wconf 78' lang='grc' dir='ltr'>ἑαυτὸν</span> <span class='ocrx_word' id='word_1_533' title='bbox 2410 3368 2741 3440; x_wconf 79' lang='grc' dir='ltr'>ὑπεμφαίνει</span> <span class='ocrx_word' id='word_1_534' title='bbox 2783 3367 2977 3431; x_wconf 82' lang='grc' dir='ltr'>πάθος.</span> 
     </span>
    </p>
   </div>
   <div class='ocr_carea' id='block_1_78' title="bbox 2653 3583 3021 3642">
    <p class='ocr_par' dir='ltr' id='par_1_78' title="bbox 2653 3583 3021 3642">
     <span class='ocr_line' id='line_1_78' title="bbox 2653 3583 3021 3642; baseline -0.011 0"><span class='ocrx_word' id='word_1_535' title='bbox 2653 3585 2905 3642; x_wconf 79' lang='grc' dir='ltr'><strong>ΚΕΦΔΔ.</strong></span> <span class='ocrx_word' id='word_1_536' title='bbox 2946 3583 3021 3638; x_wconf 83' lang='grc' dir='ltr'><strong>Ζ¹.</strong></span> 
     </span>
    </p>
   </div>
   <div class='ocr_carea' id='block_1_79' title="bbox 2036 3692 3609 3773">
    <p class='ocr_par' dir='ltr' id='par_1_79' title="bbox 2036 3692 3609 3773">
     <span class='ocr_line' id='line_1_79' title="bbox 2036 3692 3609 3773; baseline -0.009 -15"><span class='ocrx_word' id='word_1_537' title='bbox 2036 3704 2170 3773; x_wconf 79' lang='grc' dir='ltr'>Περὶ</span> <span class='ocrx_word' id='word_1_538' title='bbox 2196 3702 2606 3773; x_wconf 80' lang='grc' dir='ltr'>μακροθυμίας</span> <span class='ocrx_word' id='word_1_539' title='bbox 2626 3702 2732 3773; x_wconf 9' lang='grc' dir='ltr'>,καί</span> <span class='ocrx_word' id='word_1_540' title='bbox 2761 3697 3075 3773; x_wconf 66' lang='grc' dir='ltr'>ῥπομονῆς</span> <span class='ocrx_word' id='word_1_541' title='bbox 3095 3693 3492 3773; x_wconf 43' lang='grc' dir='ltr'>παθηίέάτωνη</span> <span class='ocrx_word' id='word_1_542' title='bbox 3511 3692 3609 3773; x_wconf 68' lang='grc' dir='ltr'>καὶ</span> 
     </span>
    </p>
   </div>
   <div class='ocr_carea' id='block_1_80' title="bbox 2106 3760 3611 3841">
    <p class='ocr_par' dir='ltr' id='par_1_80' title="bbox 2106 3760 3611 3841">
     <span class='ocr_line' id='line_1_80' title="bbox 2106 3760 3611 3841; baseline -0.009 -14"><span class='ocrx_word' id='word_1_543' title='bbox 2106 3760 2237 3841; x_wconf 52' lang='lat' dir='ltr'><strong>Etsi)!</strong></span> <span class='ocrx_word' id='word_1_544' title='bbox 2272 3760 2598 3840; x_wconf 41' lang='grc' dir='ltr'>ἀληθείας(</span> <span class='ocrx_word' id='word_1_545' title='bbox 2623 3772 2718 3824; x_wconf 79' lang='grc' dir='ltr'><strong>Ἑν</strong></span> <span class='ocrx_word' id='word_1_546' title='bbox 2752 3766 2800 3839; x_wconf 84' lang='grc' dir='ltr'>ᾦ</span> <span class='ocrx_word' id='word_1_547' title='bbox 2830 3760 3210 3838; x_wconf 59' lang='grc' dir='ltr'>παραικέσεις</span> <span class='ocrx_word' id='word_1_548' title='bbox 3238 3760 3425 3841; x_wconf 52' lang='lat' dir='ltr'><strong>idean!</strong></span> <span class='ocrx_word' id='word_1_549' title='bbox 3467 3760 3611 3841; x_wconf 49' lang='lat' dir='ltr'><strong>{nd-</strong></span> 
     </span>
    </p>
   </div>
   <div class='ocr_carea' id='block_1_81' title="bbox 2107 3832 3609 3911">
    <p class='ocr_par' dir='ltr' id='par_1_81' title="bbox 2107 3832 3609 3911">
     <span class='ocr_line' id='line_1_81' title="bbox 2107 3832 3609 3911; baseline -0.01 -12"><span class='ocrx_word' id='word_1_550' title='bbox 2107 3832 2232 3911; x_wconf 70' lang='grc' dir='ltr'><strong>σίῳ</strong></span> <span class='ocrx_word' id='word_1_551' title='bbox 2265 3832 2690 3911; x_wconf 72' lang='grc' dir='ltr'>προσήκουσαι</span> <span class='ocrx_word' id='word_1_552' title='bbox 2718 3832 2868 3910; x_wconf 64' lang='grc' dir='ltr'>μετὰ</span> <span class='ocrx_word' id='word_1_553' title='bbox 2907 3832 3192 3911; x_wconf 56' lang='grc' dir='ltr'>ἓτίστεως.</span> <span class='ocrx_word' id='word_1_554' title='bbox 3225 3834 3335 3890; x_wconf 74' lang='grc' dir='ltr'><strong>Καὶ</strong></span> <span class='ocrx_word' id='word_1_555' title='bbox 3363 3833 3453 3886; x_wconf 81' lang='grc' dir='ltr'>ὅτι</span> <span class='ocrx_word' id='word_1_556' title='bbox 3482 3832 3609 3885; x_wconf 79' lang='grc' dir='ltr'>δια-</span> 
     </span>
    </p>
   </div>
   <div class='ocr_carea' id='block_1_82' title="bbox 2105 3908 3252 3983">
    <p class='ocr_par' dir='ltr' id='par_1_82' title="bbox 2105 3908 3252 3983">
     <span class='ocr_line' id='line_1_82' title="bbox 2105 3908 3252 3983; baseline -0.009 -14"><span class='ocrx_word' id='word_1_557' title='bbox 2105 3908 2396 3983; x_wconf 58' lang='grc' dir='ltr'>κοκητέον</span> <span class='ocrx_word' id='word_1_558' title='bbox 2425 3912 2497 3982; x_wconf 79' lang='grc' dir='ltr'>τῇ</span> <span class='ocrx_word' id='word_1_559' title='bbox 2523 3913 2629 3968; x_wconf 81' lang='grc' dir='ltr'>τοῦ</span> <span class='ocrx_word' id='word_1_560' title='bbox 2668 3908 2937 3979; x_wconf 67' lang='grc' dir='ltr'>πζλησίον</span> <span class='ocrx_word' id='word_1_561' title='bbox 2967 3908 3252 3975; x_wconf 80' lang='grc' dir='ltr'>σωτηρίᾳ.</span> 
     </span>
    </p>
   </div>
   <div class='ocr_carea' id='block_1_83' title="bbox 2102 4017 3611 4098">
    <p class='ocr_par' dir='ltr' id='par_1_83' title="bbox 2102 4017 3611 4098">
     <span class='ocr_line' id='line_1_83' title="bbox 2102 4017 3611 4098; baseline -0.01 -14"><span class='ocrx_word' id='word_1_562' title='bbox 2102 4027 2621 4098; x_wconf 79' lang='grc' dir='ltr'>Μακροθυμήσατε</span> <span class='ocrx_word' id='word_1_563' title='bbox 2654 4022 2790 4086; x_wconf 61' lang='grc' dir='ltr'>οὖὶθ,</span> <span class='ocrx_word' id='word_1_564' title='bbox 2818 4021 3092 4092; x_wconf 57' lang='grc' dir='ltr'>ἀδελφοί,</span> <span class='ocrx_word' id='word_1_565' title='bbox 3116 4020 3223 4086; x_wconf 81' lang='grc' dir='ltr'>ἕως</span> <span class='ocrx_word' id='word_1_566' title='bbox 3252 4017 3364 4086; x_wconf 82' lang='grc' dir='ltr'>τῆς</span> <span class='ocrx_word' id='word_1_567' title='bbox 3388 4032 3611 4085; x_wconf 77' lang='grc' dir='ltr'>παρου-</span> 
     </span>
    </p>
   </div>
   <div class='ocr_carea' id='block_1_84' title="bbox 2032 4107 3611 4186">
    <p class='ocr_par' dir='ltr' id='par_1_84' title="bbox 2032 4107 3611 4186">
     <span class='ocr_line' id='line_1_84' title="bbox 2032 4107 3611 4186; baseline -0.013 -9"><span class='ocrx_word' id='word_1_568' title='bbox 2032 4122 2176 4186; x_wconf 80' lang='grc' dir='ltr'>σίας</span> <span class='ocrx_word' id='word_1_569' title='bbox 2205 4120 2308 4174; x_wconf 85' lang='grc' dir='ltr'>τοῦ</span> <span class='ocrx_word' id='word_1_570' title='bbox 2348 4120 2587 4186; x_wconf 80' lang='grc' dir='ltr'>Κυρίου.</span> <span class='ocrx_word' id='word_1_571' title='bbox 2631 4116 2784 4172; x_wconf 78' lang='grc' dir='ltr'>Ἰδοὺ</span> <span class='ocrx_word' id='word_1_572' title='bbox 2818 4118 2851 4170; x_wconf 85' lang='grc' dir='ltr'><strong>ό</strong></span> <span class='ocrx_word' id='word_1_573' title='bbox 2881 4110 3139 4184; x_wconf 77' lang='grc' dir='ltr'>γεωργὸς</span> <span class='ocrx_word' id='word_1_574' title='bbox 3166 4108 3475 4176; x_wconf 79' lang='grc' dir='ltr'>ἐκδέχεται</span> <span class='ocrx_word' id='word_1_575' title='bbox 3504 4107 3611 4159; x_wconf 70' lang='grc' dir='ltr'><strong>τὸν</strong></span> 
     </span>
    </p>
   </div>
   <div class='ocr_carea' id='block_1_85' title="bbox 2033 4194 3607 4279">
    <p class='ocr_par' dir='ltr' id='par_1_85' title="bbox 2033 4194 3607 4279">
     <span class='ocr_line' id='line_1_85' title="bbox 2033 4194 3607 4279; baseline -0.01 -15"><span class='ocrx_word' id='word_1_576' title='bbox 2033 4212 2230 4279; x_wconf 72' lang='grc' dir='ltr'>τίμιον</span> <span class='ocrx_word' id='word_1_577' title='bbox 2261 4208 2497 4277; x_wconf 78' lang='grc' dir='ltr'>καρπὸν</span> <span class='ocrx_word' id='word_1_578' title='bbox 2535 4205 2645 4273; x_wconf 86' lang='grc' dir='ltr'>τῆς</span> <span class='ocrx_word' id='word_1_579' title='bbox 2688 4203 2821 4273; x_wconf 78' lang='grc' dir='ltr'>γῆς,</span> <span class='ocrx_word' id='word_1_580' title='bbox 2863 4199 3262 4273; x_wconf 75' lang='grc' dir='ltr'>μακροθυμῶν</span> <span class='ocrx_word' id='word_1_581' title='bbox 3303 4198 3398 4251; x_wconf 78' lang='grc' dir='ltr'><strong>ἐπ’</strong></span> <span class='ocrx_word' id='word_1_582' title='bbox 3421 4194 3607 4262; x_wconf 84' lang='grc' dir='ltr'>αὐτῷ,</span> 
     </span>
    </p>
   </div>
   <div class='ocr_carea' id='block_1_86' title="bbox 2031 4291 3612 4367">
    <p class='ocr_par' dir='ltr' id='par_1_86' title="bbox 2031 4291 3612 4367">
     <span class='ocr_line' id='line_1_86' title="bbox 2031 4291 3612 4367; baseline -0.009 -11"><span class='ocrx_word' id='word_1_583' title='bbox 2031 4301 2140 4367; x_wconf 74' lang='grc' dir='ltr'><strong>ἓως</strong></span> <span class='ocrx_word' id='word_1_584' title='bbox 2190 4300 2347 4367; x_wconf 74' lang='grc' dir='ltr'><strong>λάϐῃ</strong></span> <span class='ocrx_word' id='word_1_585' title='bbox 2374 4298 2553 4354; x_wconf 80' lang='grc' dir='ltr'>ὑετὸν</span> <span class='ocrx_word' id='word_1_586' title='bbox 2581 4295 2848 4364; x_wconf 74' lang='grc' dir='ltr'><strong>πρὼῖμον</strong></span> <span class='ocrx_word' id='word_1_587' title='bbox 2893 4294 2993 4347; x_wconf 80' lang='grc' dir='ltr'>καὶ</span> <span class='ocrx_word' id='word_1_588' title='bbox 3028 4291 3271 4361; x_wconf 70' lang='grc' dir='ltr'>ὄψιμον.</span> <span class='ocrx_word' id='word_1_589' title='bbox 3307 4291 3612 4355; x_wconf 76' lang='grc' dir='ltr'>Μακροθυο</span> 
     </span>
    </p>
   </div>
   <div class='ocr_carea' id='block_1_87' title="bbox 350 4379 1936 4463">
    <p class='ocr_par' dir='ltr' id='par_1_87' title="bbox 350 4379 1929 4454">
     <span class='ocr_line' id='line_1_87' title="bbox 350 4379 1929 4454; baseline 0.001 -17"><span class='ocrx_word' id='word_1_590' title='bbox 350 4379 709 4454; x_wconf 83' lang='lat' dir='ltr'><strong>Longanimes</strong></span> <span class='ocrx_word' id='word_1_591' title='bbox 737 4384 894 4453; x_wconf 78' lang='lat' dir='ltr'><strong>igitur</strong></span> <span class='ocrx_word' id='word_1_592' title='bbox 936 4393 1095 4438; x_wconf 84' lang='lat' dir='ltr'><strong>estote</strong></span> <span class='ocrx_word' id='word_1_593' title='bbox 1121 4393 1168 4437; x_wconf 84' lang='lat' dir='ltr'><strong>et</strong></span> <span class='ocrx_word' id='word_1_594' title='bbox 1194 4402 1300 4448; x_wconf 79' lang='lat' dir='ltr'><strong>vos,</strong></span> <span class='ocrx_word' id='word_1_595' title='bbox 1329 4394 1377 4439; x_wconf 87' lang='lat' dir='ltr'><strong>ct</strong></span> <span class='ocrx_word' id='word_1_596' title='bbox 1427 4386 1734 4454; x_wconf 80' lang='lat' dir='ltr'><strong>conﬁrmate</strong></span> <span class='ocrx_word' id='word_1_597' title='bbox 1770 4387 1929 4439; x_wconf 88' lang='lat' dir='ltr'><strong>corda</strong></span> 
     </span>
    </p>
   </div>
   <div class='ocr_carea' id='block_1_88' title="bbox 2045 4379 3607 4463">
    <p class='ocr_par' dir='ltr' id='par_1_88' title="bbox 2045 4381 3607 4459">
     <span class='ocr_line' id='line_1_88' title="bbox 2045 4381 3607 4459; baseline -0.009 -12"><span class='ocrx_word' id='word_1_598' title='bbox 2045 4393 2264 4459; x_wconf 73' lang='grc' dir='ltr'>αήσατε</span> <span class='ocrx_word' id='word_1_599' title='bbox 2296 4390 2392 4445; x_wconf 72' lang='grc' dir='ltr'><strong>καί</strong></span> <span class='ocrx_word' id='word_1_600' title='bbox 2434 4389 2622 4459; x_wconf 78' lang='grc' dir='ltr'>ὑμεῖς.</span> <span class='ocrx_word' id='word_1_601' title='bbox 2653 4386 2979 4455; x_wconf 72' lang='grc' dir='ltr'>Στηρίεατε</span> <span class='ocrx_word' id='word_1_602' title='bbox 3011 4386 3116 4451; x_wconf 80' lang='grc' dir='ltr'>τὰς</span> <span class='ocrx_word' id='word_1_603' title='bbox 3142 4384 3393 4452; x_wconf 70' lang='grc' dir='ltr'>καρδίας</span> <span class='ocrx_word' id='word_1_604' title='bbox 3419 4381 3607 4450; x_wconf 79' lang='grc' dir='ltr'>ὑμῶν,</span> 
     </span>
    </p>
   </div>
   <div class='ocr_carea' id='block_1_89' title="bbox 349 4474 1928 4545">
    <p class='ocr_par' dir='ltr' id='par_1_89' title="bbox 349 4474 1928 4545">
     <span class='ocr_line' id='line_1_89' title="bbox 349 4474 1928 4545; baseline 0.001 -18"><span class='ocrx_word' id='word_1_605' title='bbox 349 4484 541 4539; x_wconf 80' lang='lat' dir='ltr'><strong>vestra,</strong></span> <span class='ocrx_word' id='word_1_606' title='bbox 574 4476 824 4541; x_wconf 87' lang='lat' dir='ltr'><strong>quoniam</strong></span> <span class='ocrx_word' id='word_1_607' title='bbox 853 4476 1103 4528; x_wconf 84' lang='lat' dir='ltr'><strong>adventus</strong></span> <span class='ocrx_word' id='word_1_608' title='bbox 1145 4474 1779 4545; x_wconf 84' lang='lat' dir='ltr'><strong>Dominiappropinquat.</strong></span> <span class='ocrx_word' id='word_1_609' title='bbox 1813 4476 1928 4530; x_wconf 89' lang='grc' dir='ltr'><strong>Νο-</strong></span> 
     </span>
    </p>
   </div>
   <div class='ocr_carea' id='block_1_90' title="bbox 2032 4471 3607 4550">
    <p class='ocr_par' dir='ltr' id='par_1_90' title="bbox 2032 4471 3607 4550">
     <span class='ocr_line' id='line_1_90' title="bbox 2032 4471 3607 4550; baseline -0.007 -14"><span class='ocrx_word' id='word_1_610' title='bbox 2032 4483 2121 4537; x_wconf 83' lang='grc' dir='ltr'>ὅτι</span> <span class='ocrx_word' id='word_1_611' title='bbox 2149 4484 2185 4550; x_wconf 75' lang='grc' dir='ltr'><strong><em>ἡ</em></strong></span> <span class='ocrx_word' id='word_1_612' title='bbox 2217 4483 2520 4550; x_wconf 78' lang='grc' dir='ltr'>παρουσία</span> <span class='ocrx_word' id='word_1_613' title='bbox 2574 4480 2683 4534; x_wconf 78' lang='grc' dir='ltr'>τοῦ</span> <span class='ocrx_word' id='word_1_614' title='bbox 2730 4480 2952 4546; x_wconf 73' lang='grc' dir='ltr'>Κυρίου</span> <span class='ocrx_word' id='word_1_615' title='bbox 2985 4477 3209 4547; x_wconf 60' lang='lat' dir='ltr'><strong>ﬁnus.</strong></span> <span class='ocrx_word' id='word_1_616' title='bbox 3253 4474 3350 4543; x_wconf 75' lang='grc' dir='ltr'><strong>Μὴ</strong></span> <span class='ocrx_word' id='word_1_617' title='bbox 3391 4471 3607 4527; x_wconf 59' lang='grc' dir='ltr'>στειλά-</span> 
     </span>
    </p>
   </div>
   <div class='ocr_carea' id='block_1_91' title="bbox 351 4563 1936 4642">
    <p class='ocr_par' dir='ltr' id='par_1_91' title="bbox 351 4565 1927 4635">
     <span class='ocr_line' id='line_1_91' title="bbox 351 4565 1927 4635; baseline 0.002 -16"><span class='ocrx_word' id='word_1_618' title='bbox 351 4565 444 4619; x_wconf 88' lang='lat' dir='ltr'><strong>lite</strong></span> <span class='ocrx_word' id='word_1_619' title='bbox 468 4566 811 4635; x_wconf 80' lang='lat' dir='ltr'><strong>ingemiscere</strong></span> <span class='ocrx_word' id='word_1_620' title='bbox 846 4567 988 4619; x_wconf 80' lang='lat' dir='ltr'><strong>alius</strong></span> <span class='ocrx_word' id='word_1_621' title='bbox 1019 4568 1269 4619; x_wconf 83' lang='lat' dir='ltr'><strong>adversus</strong></span> <span class='ocrx_word' id='word_1_622' title='bbox 1302 4565 1492 4629; x_wconf 89' lang='lat' dir='ltr'><strong>alium,</strong></span> <span class='ocrx_word' id='word_1_623' title='bbox 1519 4568 1734 4633; x_wconf 74' lang='lat' dir='ltr'><strong>fratres,</strong></span> <span class='ocrx_word' id='word_1_624' title='bbox 1773 4576 1829 4621; x_wconf 86' lang='lat' dir='ltr'><strong>ut</strong></span> <span class='ocrx_word' id='word_1_625' title='bbox 1865 4584 1927 4622; x_wconf 87' lang='lat' dir='ltr'><strong>ne</strong></span> 
     </span>
    </p>
   </div>
   <div class='ocr_carea' id='block_1_92' title="bbox 2045 4563 3608 4642">
    <p class='ocr_par' dir='ltr' id='par_1_92' title="bbox 2045 4563 3608 4642">
     <span class='ocr_line' id='line_1_92' title="bbox 2045 4563 3608 4642; baseline -0.01 -11"><span class='ocrx_word' id='word_1_626' title='bbox 2045 4574 2154 4638; x_wconf 64' lang='grc' dir='ltr'>ἵετε</span> <span class='ocrx_word' id='word_1_627' title='bbox 2172 4578 2300 4630; x_wconf 85' lang='grc' dir='ltr'>κατ’</span> <span class='ocrx_word' id='word_1_628' title='bbox 2328 4574 2642 4642; x_wconf 72' lang='grc' dir='ltr'><strong>ἀλλήλων,</strong></span> <span class='ocrx_word' id='word_1_629' title='bbox 2669 4571 3061 4640; x_wconf 69' lang='grc' dir='ltr'>ἀδελφοὶ,ἴνα</span> <span class='ocrx_word' id='word_1_630' title='bbox 3076 4571 3160 4639; x_wconf 82' lang='grc' dir='ltr'><strong>μὴ</strong></span> <span class='ocrx_word' id='word_1_631' title='bbox 3194 4563 3608 4634; x_wconf 78' lang='grc' dir='ltr'>κατακριθῆτε.</span> 
     </span>
    </p>
   </div>
   <div class='ocr_carea' id='block_1_93' title="bbox 350 4657 1921 4727">
    <p class='ocr_par' dir='ltr' id='par_1_93' title="bbox 350 4657 1921 4727">
     <span class='ocr_line' id='line_1_93' title="bbox 350 4657 1921 4727; baseline 0.003 -14"><span class='ocrx_word' id='word_1_632' title='bbox 350 4658 786 4713; x_wconf 83' lang='lat' dir='ltr'><strong>condemnemini.</strong></span> <span class='ocrx_word' id='word_1_633' title='bbox 840 4657 978 4712; x_wconf 87' lang='lat' dir='ltr'><strong>Ecce</strong></span> <span class='ocrx_word' id='word_1_634' title='bbox 1030 4657 1203 4713; x_wconf 69' lang='lat' dir='ltr'><strong>Iudex</strong></span> <span class='ocrx_word' id='word_1_635' title='bbox 1258 4667 1383 4712; x_wconf 89' lang='lat' dir='ltr'><strong>ante</strong></span> <span class='ocrx_word' id='word_1_636' title='bbox 1422 4658 1651 4727; x_wconf 86' lang='lat' dir='ltr'><strong>januam</strong></span> <span class='ocrx_word' id='word_1_637' title='bbox 1697 4661 1921 4717; x_wconf 81' lang='lat' dir='ltr'><strong>assistit.</strong></span> 
     </span>
    </p>
   </div>
   <div class='ocr_carea' id='block_1_94' title="bbox 348 4748 1927 4820">
    <p class='ocr_par' dir='ltr' id='par_1_94' title="bbox 348 4748 1927 4820">
     <span class='ocr_line' id='line_1_94' title="bbox 348 4748 1927 4820; baseline -0.003 -13"><span class='ocrx_word' id='word_1_638' title='bbox 348 4749 661 4812; x_wconf 77' lang='lat' dir='ltr'><strong>Exemplum</strong></span> <span class='ocrx_word' id='word_1_639' title='bbox 686 4748 927 4816; x_wconf 84' lang='lat' dir='ltr'><strong>accipite,</strong></span> <span class='ocrx_word' id='word_1_640' title='bbox 945 4750 1136 4820; x_wconf 76' lang='lat' dir='ltr'><strong>fratres</strong></span> <span class='ocrx_word' id='word_1_641' title='bbox 1164 4749 1285 4811; x_wconf 85' lang='lat' dir='ltr'><strong>mei,</strong></span> <span class='ocrx_word' id='word_1_642' title='bbox 1318 4748 1612 4818; x_wconf 73' lang='lat' dir='ltr'><strong>aﬂlictionis</strong></span> <span class='ocrx_word' id='word_1_643' title='bbox 1634 4766 1698 4803; x_wconf 90' lang='lat' dir='ltr'><strong>ac</strong></span> <span class='ocrx_word' id='word_1_644' title='bbox 1723 4752 1927 4818; x_wconf 84' lang='lat' dir='ltr'><strong>patien—</strong></span> 
     </span>
    </p>
   </div>
   <div class='ocr_carea' id='block_1_95' title="bbox 352 4839 1921 4910">
    <p class='ocr_par' dir='ltr' id='par_1_95' title="bbox 352 4839 1921 4910">
     <span class='ocr_line' id='line_1_95' title="bbox 352 4839 1921 4910; baseline 0.001 -17"><span class='ocrx_word' id='word_1_645' title='bbox 352 4840 464 4901; x_wconf 61' lang='lat' dir='ltr'><strong>tia’,</strong></span> <span class='ocrx_word' id='word_1_646' title='bbox 497 4840 778 4909; x_wconf 79' lang='lat' dir='ltr'><strong>prop/tetas</strong></span> <span class='ocrx_word' id='word_1_647' title='bbox 832 4840 921 4910; x_wconf 81' lang='lat' dir='ltr'><strong>qui</strong></span> <span class='ocrx_word' id='word_1_648' title='bbox 956 4839 1117 4892; x_wconf 85' lang='lat' dir='ltr'><strong>locuti</strong></span> <span class='ocrx_word' id='word_1_649' title='bbox 1157 4847 1280 4892; x_wconf 86' lang='lat' dir='ltr'><strong>sunt</strong></span> <span class='ocrx_word' id='word_1_650' title='bbox 1320 4839 1376 4892; x_wconf 88' lang='lat' dir='ltr'><strong>in</strong></span> <span class='ocrx_word' id='word_1_651' title='bbox 1431 4841 1641 4894; x_wconf 88' lang='lat' dir='ltr'><strong>nomine</strong></span> <span class='ocrx_word' id='word_1_652' title='bbox 1687 4839 1921 4895; x_wconf 88' lang='lat' dir='ltr'><strong>Domini.</strong></span> 
     </span>
    </p>
   </div>
   <div class='ocr_carea' id='block_1_96' title="bbox 2040 4655 3612 4733">
    <p class='ocr_par' dir='ltr' id='par_1_96' title="bbox 2040 4655 3612 4733">
     <span class='ocr_line' id='line_1_96' title="bbox 2040 4655 3612 4733; baseline -0.01 -11"><span class='ocrx_word' id='word_1_653' title='bbox 2040 4667 2198 4722; x_wconf 83' lang='grc' dir='ltr'>Ἰδοὺ</span> <span class='ocrx_word' id='word_1_654' title='bbox 2243 4669 2276 4720; x_wconf 83' lang='grc' dir='ltr'><em>ὀ</em></span> <span class='ocrx_word' id='word_1_655' title='bbox 2305 4664 2514 4733; x_wconf 72' lang='grc' dir='ltr'>κριτὴς</span> <span class='ocrx_word' id='word_1_656' title='bbox 2544 4663 2659 4732; x_wconf 78' lang='grc' dir='ltr'>πρὸ</span> <span class='ocrx_word' id='word_1_657' title='bbox 2698 4660 2818 4716; x_wconf 82' lang='grc' dir='ltr'>τῶν</span> <span class='ocrx_word' id='word_1_658' title='bbox 2863 4659 3061 4729; x_wconf 80' lang='grc' dir='ltr'>θυρῶν</span> <span class='ocrx_word' id='word_1_659' title='bbox 3105 4660 3385 4726; x_wconf 78' lang='grc' dir='ltr'>ἕστηκεν.</span> <span class='ocrx_word' id='word_1_660' title='bbox 3430 4655 3612 4710; x_wconf 78' lang='grc' dir='ltr'>’Υπό-</span> 
     </span>
    </p>
   </div>
   <div class='ocr_carea' id='block_1_97' title="bbox 2029 4746 3612 4830">
    <p class='ocr_par' dir='ltr' id='par_1_97' title="bbox 2029 4746 3612 4830">
     <span class='ocr_line' id='line_1_97' title="bbox 2029 4746 3612 4830; baseline -0.009 -16"><span class='ocrx_word' id='word_1_661' title='bbox 2029 4762 2239 4830; x_wconf 76' lang='grc' dir='ltr'>δειγμα</span> <span class='ocrx_word' id='word_1_662' title='bbox 2263 4757 2476 4813; x_wconf 73' lang='grc' dir='ltr'>λάϐετε</span> <span class='ocrx_word' id='word_1_663' title='bbox 2492 4754 2600 4825; x_wconf 80' lang='grc' dir='ltr'>τῆς</span> <span class='ocrx_word' id='word_1_664' title='bbox 2619 4754 3041 4820; x_wconf 74' lang='grc' dir='ltr'>κακοπαθείας,</span> <span class='ocrx_word' id='word_1_665' title='bbox 3070 4751 3479 4819; x_wconf 65' lang='grc' dir='ltr'>ἁδελφοίμου,</span> <span class='ocrx_word' id='word_1_666' title='bbox 3513 4746 3612 4801; x_wconf 74' lang='grc' dir='ltr'><strong>καί</strong></span> 
     </span>
    </p>
   </div>
   <div class='ocr_carea' id='block_1_98' title="bbox 2029 4840 3613 4919">
    <p class='ocr_par' dir='ltr' id='par_1_98' title="bbox 2029 4840 3613 4919">
     <span class='ocr_line' id='line_1_98' title="bbox 2029 4840 3613 4919; baseline -0.008 -13"><span class='ocrx_word' id='word_1_667' title='bbox 2029 4852 2141 4918; x_wconf 77' lang='grc' dir='ltr'>τῆς</span> <span class='ocrx_word' id='word_1_668' title='bbox 2178 4848 2610 4919; x_wconf 80' lang='grc' dir='ltr'>μακροθυμίας,</span> <span class='ocrx_word' id='word_1_669' title='bbox 2647 4847 2790 4912; x_wconf 80' lang='grc' dir='ltr'>τοὺς</span> <span class='ocrx_word' id='word_1_670' title='bbox 2819 4845 3153 4914; x_wconf 65' lang='grc' dir='ltr'>προφήτας,</span> <span class='ocrx_word' id='word_1_671' title='bbox 3199 4840 3257 4896; x_wconf 77' lang='grc' dir='ltr'>οἳ</span> <span class='ocrx_word' id='word_1_672' title='bbox 3293 4841 3613 4907; x_wconf 68' lang='grc' dir='ltr'>ἐλάλησαν</span> 
     </span>
    </p>
   </div>
   <div class='ocr_carea' id='block_1_99' title="bbox 350 4929 1936 5006">
    <p class='ocr_par' dir='ltr' id='par_1_99' title="bbox 350 4930 1921 4999">
     <span class='ocr_line' id='line_1_99' title="bbox 350 4930 1921 4999; baseline 0.001 -14"><span class='ocrx_word' id='word_1_673' title='bbox 350 4930 485 4985; x_wconf 73' lang='lat' dir='ltr'><strong>Ecce</strong></span> <span class='ocrx_word' id='word_1_674' title='bbox 518 4931 696 4984; x_wconf 78' lang='lat' dir='ltr'><strong>beatos</strong></span> <span class='ocrx_word' id='word_1_675' title='bbox 725 4932 963 4984; x_wconf 83' lang='lat' dir='ltr'><strong>ducimus</strong></span> <span class='ocrx_word' id='word_1_676' title='bbox 996 4947 1083 4985; x_wconf 89' lang='lat' dir='ltr'><strong>eos</strong></span> <span class='ocrx_word' id='word_1_677' title='bbox 1118 4931 1208 4999; x_wconf 82' lang='lat' dir='ltr'><strong>qui</strong></span> <span class='ocrx_word' id='word_1_678' title='bbox 1234 4932 1509 4986; x_wconf 81' lang='lat' dir='ltr'><strong>sustinent.</strong></span> <span class='ocrx_word' id='word_1_679' title='bbox 1565 4932 1921 4987; x_wconf 85' lang='lat' dir='ltr'><strong>Tolerantiam</strong></span> 
     </span>
    </p>
   </div>
   <div class='ocr_carea' id='block_1_100' title="bbox 2045 4929 3613 5006">
    <p class='ocr_par' dir='ltr' id='par_1_100' title="bbox 2045 4929 3613 5006">
     <span class='ocr_line' id='line_1_100' title="bbox 2045 4929 3613 5006; baseline -0.008 -13"><span class='ocrx_word' id='word_1_680' title='bbox 2045 4941 2104 5006; x_wconf 73' lang='grc' dir='ltr'>τῷ</span> <span class='ocrx_word' id='word_1_681' title='bbox 2130 4940 2372 5006; x_wconf 84' lang='grc' dir='ltr'>ὀνόματι</span> <span class='ocrx_word' id='word_1_682' title='bbox 2402 4937 2647 5005; x_wconf 84' lang='grc' dir='ltr'>Κυρίου.</span> <span class='ocrx_word' id='word_1_683' title='bbox 2687 4934 2844 4990; x_wconf 81' lang='grc' dir='ltr'>Ἰδοὺ</span> <span class='ocrx_word' id='word_1_684' title='bbox 2874 4931 3270 5003; x_wconf 76' lang='grc' dir='ltr'>μακαρίζομεν</span> <span class='ocrx_word' id='word_1_685' title='bbox 3290 4929 3434 4997; x_wconf 83' lang='grc' dir='ltr'>τοὺς</span> <span class='ocrx_word' id='word_1_686' title='bbox 3460 4931 3613 4982; x_wconf 81' lang='grc' dir='ltr'>ὐπο-</span> 
     </span>
    </p>
   </div>
   <div class='ocr_carea' id='block_1_101' title="bbox 344 5022 1928 5095">
    <p class='ocr_par' dir='ltr' id='par_1_101' title="bbox 344 5022 1928 5095">
     <span class='ocr_line' id='line_1_101' title="bbox 344 5022 1928 5095; baseline 0.001 -18"><span class='ocrx_word' id='word_1_687' title='bbox 344 5023 441 5078; x_wconf 83' lang='lat' dir='ltr'><strong>.lob</strong></span> <span class='ocrx_word' id='word_1_688' title='bbox 471 5024 714 5086; x_wconf 85' lang='lat' dir='ltr'><strong>audistis,</strong></span> <span class='ocrx_word' id='word_1_689' title='bbox 745 5033 791 5076; x_wconf 92' lang='lat' dir='ltr'><strong>et</strong></span> <span class='ocrx_word' id='word_1_690' title='bbox 823 5023 982 5091; x_wconf 83' lang='lat' dir='ltr'><strong>ﬁnem</strong></span> <span class='ocrx_word' id='word_1_691' title='bbox 1013 5022 1228 5077; x_wconf 88' lang='lat' dir='ltr'><strong>Domini</strong></span> <span class='ocrx_word' id='word_1_692' title='bbox 1246 5024 1469 5088; x_wconf 86' lang='lat' dir='ltr'><strong>vidistis,</strong></span> <span class='ocrx_word' id='word_1_693' title='bbox 1496 5024 1635 5095; x_wconf 82' lang='lat' dir='ltr'><strong>quod</strong></span> <span class='ocrx_word' id='word_1_694' title='bbox 1655 5026 1808 5079; x_wconf 85' lang='lat' dir='ltr'><strong>valde</strong></span> <span class='ocrx_word' id='word_1_695' title='bbox 1833 5027 1928 5079; x_wconf 89' lang='lat' dir='ltr'><strong>mi-</strong></span> 
     </span>
    </p>
   </div>
   <div class='ocr_carea' id='block_1_102' title="bbox 344 5116 1472 5174">
    <p class='ocr_par' dir='ltr' id='par_1_102' title="bbox 344 5116 1472 5174">
     <span class='ocr_line' id='line_1_102' title="bbox 344 5116 1472 5174; baseline -0.003 0"><span class='ocrx_word' id='word_1_696' title='bbox 344 5120 571 5174; x_wconf 78' lang='lat' dir='ltr'><strong>sericors</strong></span> <span class='ocrx_word' id='word_1_697' title='bbox 607 5118 672 5171; x_wconf 85' lang='lat' dir='ltr'><strong>sit</strong></span> <span class='ocrx_word' id='word_1_698' title='bbox 701 5116 961 5171; x_wconf 88' lang='lat' dir='ltr'><strong>Dominus</strong></span> <span class='ocrx_word' id='word_1_699' title='bbox 989 5133 1053 5170; x_wconf 87' lang='lat' dir='ltr'><strong>ac</strong></span> <span class='ocrx_word' id='word_1_700' title='bbox 1077 5119 1472 5172; x_wconf 78' lang='lat' dir='ltr'><strong>commiserans.</strong></span> 
     </span>
    </p>
   </div>
   <div class='ocr_carea' id='block_1_103' title="bbox 415 5294 1926 5368">
    <p class='ocr_par' dir='ltr' id='par_1_103' title="bbox 415 5294 1926 5368">
     <span class='ocr_line' id='line_1_103' title="bbox 415 5294 1926 5368; baseline 0.003 -19"><span class='ocrx_word' id='word_1_701' title='bbox 415 5295 708 5365; x_wconf 87' lang='lat' dir='ltr'><strong>Postquam</strong></span> <span class='ocrx_word' id='word_1_702' title='bbox 767 5294 1116 5352; x_wconf 82' lang='lat' dir='ltr'><strong>Judaicorum</strong></span> <span class='ocrx_word' id='word_1_703' title='bbox 1149 5297 1457 5368; x_wconf 89' lang='lat' dir='ltr'><strong>principum</strong></span> <span class='ocrx_word' id='word_1_704' title='bbox 1513 5296 1738 5353; x_wconf 85' lang='lat' dir='ltr'><strong>delicias</strong></span> <span class='ocrx_word' id='word_1_705' title='bbox 1768 5314 1926 5354; x_wconf 89' lang='lat' dir='ltr'><strong>accu-</strong></span> 
     </span>
    </p>
   </div>
   <div class='ocr_carea' id='block_1_104' title="bbox 347 5389 1921 5464">
    <p class='ocr_par' dir='ltr' id='par_1_104' title="bbox 347 5389 1921 5464">
     <span class='ocr_line' id='line_1_104' title="bbox 347 5389 1921 5464; baseline 0.001 -19"><span class='ocrx_word' id='word_1_706' title='bbox 347 5389 508 5455; x_wconf 88' lang='lat' dir='ltr'><strong>savit,</strong></span> <span class='ocrx_word' id='word_1_707' title='bbox 535 5396 591 5443; x_wconf 92' lang='lat' dir='ltr'><strong>et</strong></span> <span class='ocrx_word' id='word_1_708' title='bbox 618 5404 806 5444; x_wconf 91' lang='lat' dir='ltr'><strong>eorum</strong></span> <span class='ocrx_word' id='word_1_709' title='bbox 838 5391 1101 5445; x_wconf 60' lang='lat' dir='ltr'><strong>servitium</strong></span> <span class='ocrx_word' id='word_1_710' title='bbox 1152 5405 1217 5446; x_wconf 91' lang='lat' dir='ltr'><strong>ac</strong></span> <span class='ocrx_word' id='word_1_711' title='bbox 1275 5392 1738 5447; x_wconf 87' lang='lat' dir='ltr'><strong>inhumanitatem</strong></span> <span class='ocrx_word' id='word_1_712' title='bbox 1792 5408 1921 5464; x_wconf 78' lang='lat' dir='ltr'><strong>erga</strong></span> 
     </span>
    </p>
   </div>
   <div class='ocr_carea' id='block_1_105' title="bbox 345 5483 1923 5552">
    <p class='ocr_par' dir='ltr' id='par_1_105' title="bbox 345 5483 1923 5552">
     <span class='ocr_line' id='line_1_105' title="bbox 345 5483 1923 5552; baseline 0.003 -15"><span class='ocrx_word' id='word_1_713' title='bbox 345 5496 638 5552; x_wconf 83' lang='lat' dir='ltr'><strong>pauperes,</strong></span> <span class='ocrx_word' id='word_1_714' title='bbox 671 5483 864 5537; x_wconf 88' lang='lat' dir='ltr'><strong>transit</strong></span> <span class='ocrx_word' id='word_1_715' title='bbox 892 5484 1057 5539; x_wconf 89' lang='lat' dir='ltr'><strong>etiam</strong></span> <span class='ocrx_word' id='word_1_716' title='bbox 1089 5486 1155 5539; x_wconf 89' lang='lat' dir='ltr'><strong>ad</strong></span> <span class='ocrx_word' id='word_1_717' title='bbox 1194 5485 1404 5547; x_wconf 82' lang='lat' dir='ltr'><strong>fideles,</strong></span> <span class='ocrx_word' id='word_1_718' title='bbox 1447 5495 1502 5540; x_wconf 86' lang='lat' dir='ltr'><strong>et</strong></span> <span class='ocrx_word' id='word_1_719' title='bbox 1528 5486 1646 5540; x_wconf 90' lang='lat' dir='ltr'><strong>ait:</strong></span> <span class='ocrx_word' id='word_1_720' title='bbox 1681 5484 1759 5541; x_wconf 84' lang='lat' dir='ltr'><strong>Ne</strong></span> <span class='ocrx_word' id='word_1_721' title='bbox 1802 5486 1923 5542; x_wconf 63' lang='lat' dir='ltr'><strong>haec</strong></span> 
     </span>
    </p>
   </div>
   <div class='ocr_carea' id='block_1_106' title="bbox 345 5573 1920 5647">
    <p class='ocr_par' dir='ltr' id='par_1_106' title="bbox 345 5573 1920 5647">
     <span class='ocr_line' id='line_1_106' title="bbox 345 5573 1920 5647; baseline 0.004 -19"><span class='ocrx_word' id='word_1_722' title='bbox 345 5575 592 5629; x_wconf 82' lang='lat' dir='ltr'><strong>videntes</strong></span> <span class='ocrx_word' id='word_1_723' title='bbox 618 5573 992 5641; x_wconf 79' lang='lat' dir='ltr'><strong>oﬂ‘endamini,</strong></span> <span class='ocrx_word' id='word_1_724' title='bbox 1015 5577 1231 5638; x_wconf 80' lang='lat' dir='ltr'><strong>fratres,</strong></span> <span class='ocrx_word' id='word_1_725' title='bbox 1264 5592 1444 5646; x_wconf 90' lang='lat' dir='ltr'><strong>neque</strong></span> <span class='ocrx_word' id='word_1_726' title='bbox 1475 5577 1660 5631; x_wconf 87' lang='lat' dir='ltr'><strong>animo</strong></span> <span class='ocrx_word' id='word_1_727' title='bbox 1695 5578 1920 5647; x_wconf 73' lang='lat' dir='ltr'><strong>deiicia-</strong></span> 
     </span>
    </p>
   </div>
   <div class='ocr_carea' id='block_1_107' title="bbox 346 5663 1917 5736">
    <p class='ocr_par' dir='ltr' id='par_1_107' title="bbox 346 5663 1917 5736">
     <span class='ocr_line' id='line_1_107' title="bbox 346 5663 1917 5736; baseline 0.006 -20"><span class='ocrx_word' id='word_1_728' title='bbox 346 5663 507 5727; x_wconf 78' lang='lat' dir='ltr'><strong>mini,</strong></span> <span class='ocrx_word' id='word_1_729' title='bbox 538 5665 688 5734; x_wconf 87' lang='lat' dir='ltr'><strong>quasi</strong></span> <span class='ocrx_word' id='word_1_730' title='bbox 732 5675 828 5722; x_wconf 89' lang='lat' dir='ltr'><strong>aut</strong></span> <span class='ocrx_word' id='word_1_731' title='bbox 858 5682 969 5721; x_wconf 93' lang='lat' dir='ltr'><strong>non</strong></span> <span class='ocrx_word' id='word_1_732' title='bbox 999 5668 1236 5736; x_wconf 80' lang='lat' dir='ltr'><strong>reposita</strong></span> <span class='ocrx_word' id='word_1_733' title='bbox 1284 5666 1345 5721; x_wconf 82' lang='lat' dir='ltr'><strong>ﬁt</strong></span> <span class='ocrx_word' id='word_1_734' title='bbox 1401 5667 1457 5721; x_wconf 92' lang='lat' dir='ltr'><strong>in</strong></span> <span class='ocrx_word' id='word_1_735' title='bbox 1500 5668 1620 5723; x_wconf 91' lang='lat' dir='ltr'><strong>illos</strong></span> <span class='ocrx_word' id='word_1_736' title='bbox 1653 5668 1917 5736; x_wconf 83' lang='lat' dir='ltr'><strong>vindicta,</strong></span> 
     </span>
    </p>
   </div>
   <div class='ocr_carea' id='block_1_108' title="bbox 346 5756 1913 5830">
    <p class='ocr_par' dir='ltr' id='par_1_108' title="bbox 346 5756 1913 5830">
     <span class='ocr_line' id='line_1_108' title="bbox 346 5756 1913 5830; baseline 0.006 -22"><span class='ocrx_word' id='word_1_737' title='bbox 346 5764 439 5810; x_wconf 81' lang='lat' dir='ltr'><strong>aut</strong></span> <span class='ocrx_word' id='word_1_738' title='bbox 479 5756 536 5811; x_wconf 87' lang='lat' dir='ltr'><strong>lit</strong></span> <span class='ocrx_word' id='word_1_739' title='bbox 570 5759 791 5828; x_wconf 89' lang='lat' dir='ltr'><strong>quidem</strong></span> <span class='ocrx_word' id='word_1_740' title='bbox 839 5759 1103 5830; x_wconf 88' lang='lat' dir='ltr'><strong>reposita,</strong></span> <span class='ocrx_word' id='word_1_741' title='bbox 1145 5760 1241 5813; x_wconf 84' lang='lat' dir='ltr'><strong>sed</strong></span> <span class='ocrx_word' id='word_1_742' title='bbox 1292 5759 1526 5814; x_wconf 89' lang='lat' dir='ltr'><strong>nimium</strong></span> <span class='ocrx_word' id='word_1_743' title='bbox 1582 5760 1777 5816; x_wconf 90' lang='lat' dir='ltr'><strong>tardet.</strong></span> <span class='ocrx_word' id='word_1_744' title='bbox 1812 5762 1913 5818; x_wconf 86' lang='lat' dir='ltr'><strong>Est</strong></span> 
     </span>
    </p>
   </div>
   <div class='ocr_carea' id='block_1_109' title="bbox 345 5849 1920 5923">
    <p class='ocr_par' dir='ltr' id='par_1_109' title="bbox 345 5849 1920 5923">
     <span class='ocr_line' id='line_1_109' title="bbox 345 5849 1920 5923; baseline 0.005 -21"><span class='ocrx_word' id='word_1_745' title='bbox 345 5849 650 5906; x_wconf 87' lang='lat' dir='ltr'><strong>enimcerta</strong></span> <span class='ocrx_word' id='word_1_746' title='bbox 674 5851 829 5920; x_wconf 86' lang='lat' dir='ltr'><strong>ultio,</strong></span> <span class='ocrx_word' id='word_1_747' title='bbox 858 5866 1029 5923; x_wconf 86' lang='lat' dir='ltr'><strong>eaque</strong></span> <span class='ocrx_word' id='word_1_748' title='bbox 1060 5866 1090 5906; x_wconf 88' lang='lat' dir='ltr'><strong>e</strong></span> <span class='ocrx_word' id='word_1_749' title='bbox 1114 5851 1342 5922; x_wconf 81' lang='lat' dir='ltr'><strong>vestigio</strong></span> <span class='ocrx_word' id='word_1_750' title='bbox 1370 5861 1622 5908; x_wconf 85' lang='lat' dir='ltr'><strong>ventura.</strong></span> <span class='ocrx_word' id='word_1_751' title='bbox 1654 5852 1796 5908; x_wconf 88' lang='lat' dir='ltr'><strong>Dicit</strong></span> <span class='ocrx_word' id='word_1_752' title='bbox 1819 5870 1920 5910; x_wconf 84' lang='lat' dir='ltr'><strong>au-</strong></span> 
     </span>
    </p>
   </div>
   <div class='ocr_carea' id='block_1_110' title="bbox 740 6004 753 6032">
    <p class='ocr_par' dir='ltr' id='par_1_110' title="bbox 740 6004 753 6032">
     <span class='ocr_line' id='line_1_110' title="bbox 740 6004 753 6032; baseline 0 0"><span class='ocrx_word' id='word_1_753' title='bbox 740 6004 753 6032; x_wconf 80' lang='grc' dir='ltr'><strong>ι</strong></span> 
     </span>
    </p>
   </div>
   <div class='ocr_carea' id='block_1_111' title="bbox 2019 5017 3612 5101">
    <p class='ocr_par' dir='ltr' id='par_1_111' title="bbox 2019 5017 3612 5101">
     <span class='ocr_line' id='line_1_111' title="bbox 2019 5017 3612 5101; baseline -0.009 -17"><span class='ocrx_word' id='word_1_754' title='bbox 2019 5032 2339 5101; x_wconf 78' lang='grc' dir='ltr'>μένοντας.</span> <span class='ocrx_word' id='word_1_755' title='bbox 2378 5028 2497 5096; x_wconf 80' lang='grc' dir='ltr'><strong>Τὴν</strong></span> <span class='ocrx_word' id='word_1_756' title='bbox 2516 5026 2836 5095; x_wconf 74' lang='grc' dir='ltr'>ὑπομονὴν</span> <span class='ocrx_word' id='word_1_757' title='bbox 2865 5023 2997 5078; x_wconf 79' lang='grc' dir='ltr'>Ἰὼϐ</span> <span class='ocrx_word' id='word_1_758' title='bbox 3031 5023 3359 5090; x_wconf 74' lang='grc' dir='ltr'>ἠκούσατε.</span> <span class='ocrx_word' id='word_1_759' title='bbox 3402 5020 3502 5073; x_wconf 75' lang='grc' dir='ltr'><strong>καί</strong></span> <span class='ocrx_word' id='word_1_760' title='bbox 3545 5017 3612 5071; x_wconf 81' lang='grc' dir='ltr'>τὸ</span> 
     </span>
    </p>
   </div>
   <div class='ocr_carea' id='block_1_112' title="bbox 2026 5114 3615 5191">
    <p class='ocr_par' dir='ltr' id='par_1_112' title="bbox 2026 5114 3615 5191">
     <span class='ocr_line' id='line_1_112' title="bbox 2026 5114 3615 5191; baseline -0.008 -14"><span class='ocrx_word' id='word_1_761' title='bbox 2026 5124 2202 5191; x_wconf 63' lang='grc' dir='ltr'>τέλος</span> <span class='ocrx_word' id='word_1_762' title='bbox 2227 5123 2451 5191; x_wconf 64' lang='grc' dir='ltr'>Κυρίου</span> <span class='ocrx_word' id='word_1_763' title='bbox 2492 5122 2701 5185; x_wconf 78' lang='grc' dir='ltr'>εἴδετε,</span> <span class='ocrx_word' id='word_1_764' title='bbox 2745 5118 2835 5172; x_wconf 80' lang='grc' dir='ltr'>ὅτι</span> <span class='ocrx_word' id='word_1_765' title='bbox 2881 5115 3405 5184; x_wconf 70' lang='grc' dir='ltr'>πολύσπλαγχνός</span> <span class='ocrx_word' id='word_1_766' title='bbox 3438 5114 3615 5166; x_wconf 76' lang='grc' dir='ltr'>ἐστιν</span> 
     </span>
    </p>
   </div>
   <div class='ocr_carea' id='block_1_113' title="bbox 2027 5213 2804 5281">
    <p class='ocr_par' dir='ltr' id='par_1_113' title="bbox 2027 5213 2804 5281">
     <span class='ocr_line' id='line_1_113' title="bbox 2027 5213 2804 5281; baseline -0.006 -11"><span class='ocrx_word' id='word_1_767' title='bbox 2027 5219 2060 5270; x_wconf 84' lang='grc' dir='ltr'><strong>ό</strong></span> <span class='ocrx_word' id='word_1_768' title='bbox 2100 5215 2314 5280; x_wconf 77' lang='grc' dir='ltr'>Κύριος</span> <span class='ocrx_word' id='word_1_769' title='bbox 2337 5213 2435 5267; x_wconf 78' lang='grc' dir='ltr'>καὶ</span> <span class='ocrx_word' id='word_1_770' title='bbox 2468 5213 2804 5281; x_wconf 78' lang='grc' dir='ltr'>οἰκτίρμων.</span> 
     </span>
    </p>
   </div>
   <div class='ocr_carea' id='block_1_114' title="bbox 2105 5296 3611 5373">
    <p class='ocr_par' dir='ltr' id='par_1_114' title="bbox 2105 5296 3611 5373">
     <span class='ocr_line' id='line_1_114' title="bbox 2105 5296 3611 5373; baseline -0.009 -14"><span class='ocrx_word' id='word_1_771' title='bbox 2105 5304 2385 5359; x_wconf 78' lang='grc' dir='ltr'>Διαϐαλὼν</span> <span class='ocrx_word' id='word_1_772' title='bbox 2421 5303 2521 5373; x_wconf 76' lang='grc' dir='ltr'>τὴν</span> <span class='ocrx_word' id='word_1_773' title='bbox 2570 5302 2681 5356; x_wconf 85' lang='grc' dir='ltr'><strong>τῶν</strong></span> <span class='ocrx_word' id='word_1_774' title='bbox 2726 5300 3038 5355; x_wconf 79' lang='grc' dir='ltr'>Ἰουδαϊκῶν</span> <span class='ocrx_word' id='word_1_775' title='bbox 3083 5298 3361 5369; x_wconf 83' lang='grc' dir='ltr'>ἀρχόντων</span> <span class='ocrx_word' id='word_1_776' title='bbox 3396 5296 3611 5348; x_wconf 68' lang='grc' dir='ltr'>σπατά-</span> 
     </span>
    </p>
   </div>
   <div class='ocr_carea' id='block_1_115' title="bbox 2031 5386 3612 5468">
    <p class='ocr_par' dir='ltr' id='par_1_115' title="bbox 2031 5386 3612 5468">
     <span class='ocr_line' id='line_1_115' title="bbox 2031 5386 3612 5468; baseline -0.008 -18"><span class='ocrx_word' id='word_1_777' title='bbox 2031 5397 2151 5468; x_wconf 83' lang='grc' dir='ltr'>λην,</span> <span class='ocrx_word' id='word_1_778' title='bbox 2183 5397 2278 5451; x_wconf 73' lang='grc' dir='ltr'>καὶ</span> <span class='ocrx_word' id='word_1_779' title='bbox 2305 5395 2367 5449; x_wconf 80' lang='grc' dir='ltr'>τὸ</span> <span class='ocrx_word' id='word_1_780' title='bbox 2401 5396 2537 5466; x_wconf 75' lang='grc' dir='ltr'>πρὸς</span> <span class='ocrx_word' id='word_1_781' title='bbox 2569 5396 2696 5457; x_wconf 69' lang='grc' dir='ltr'>τοὺς</span> <span class='ocrx_word' id='word_1_782' title='bbox 2745 5394 2984 5464; x_wconf 80' lang='grc' dir='ltr'>πένητας</span> <span class='ocrx_word' id='word_1_783' title='bbox 3020 5390 3204 5443; x_wconf 84' lang='grc' dir='ltr'>αὐτῶν</span> <span class='ocrx_word' id='word_1_784' title='bbox 3242 5386 3482 5459; x_wconf 73' lang='grc' dir='ltr'>σκληρὸν</span> <span class='ocrx_word' id='word_1_785' title='bbox 3516 5386 3612 5439; x_wconf 69' lang='grc' dir='ltr'>καὶ</span> 
     </span>
    </p>
   </div>
   <div class='ocr_carea' id='block_1_116' title="bbox 2029 5478 3611 5558">
    <p class='ocr_par' dir='ltr' id='par_1_116' title="bbox 2029 5478 3611 5558">
     <span class='ocr_line' id='line_1_116' title="bbox 2029 5478 3611 5558; baseline -0.007 -16"><span class='ocrx_word' id='word_1_786' title='bbox 2029 5488 2419 5558; x_wconf 74' lang='grc' dir='ltr'>ἀπάνθρωπον,</span> <span class='ocrx_word' id='word_1_787' title='bbox 2470 5487 2781 5557; x_wconf 67' lang='grc' dir='ltr'>μεταϐαἱνει</span> <span class='ocrx_word' id='word_1_788' title='bbox 2815 5485 2912 5539; x_wconf 73' lang='grc' dir='ltr'>καὶ</span> <span class='ocrx_word' id='word_1_789' title='bbox 2952 5484 3044 5535; x_wconf 72' lang='grc' dir='ltr'><strong>ἐπὶ</strong></span> <span class='ocrx_word' id='word_1_790' title='bbox 3072 5483 3201 5545; x_wconf 79' lang='grc' dir='ltr'>τοὺς</span> <span class='ocrx_word' id='word_1_791' title='bbox 3237 5480 3491 5542; x_wconf 77' lang='grc' dir='ltr'>πιστοὺς,</span> <span class='ocrx_word' id='word_1_792' title='bbox 3517 5478 3611 5532; x_wconf 84' lang='grc' dir='ltr'><strong>καί</strong></span> 
     </span>
    </p>
   </div>
   <div class='ocr_carea' id='block_1_117' title="bbox 2030 5570 3608 5651">
    <p class='ocr_par' dir='ltr' id='par_1_117' title="bbox 2030 5570 3608 5651">
     <span class='ocr_line' id='line_1_117' title="bbox 2030 5570 3608 5651; baseline -0.008 -17"><span class='ocrx_word' id='word_1_793' title='bbox 2030 5598 2199 5651; x_wconf 82' lang='grc' dir='ltr'>φησι·</span> <span class='ocrx_word' id='word_1_794' title='bbox 2233 5579 2326 5651; x_wconf 77' lang='grc' dir='ltr'><strong>Μὴ</strong></span> <span class='ocrx_word' id='word_1_795' title='bbox 2368 5580 2540 5633; x_wconf 76' lang='grc' dir='ltr'>ταῦτα</span> <span class='ocrx_word' id='word_1_796' title='bbox 2582 5579 2837 5647; x_wconf 83' lang='grc' dir='ltr'>ὁρῶντες,</span> <span class='ocrx_word' id='word_1_797' title='bbox 2882 5574 3124 5643; x_wconf 70' lang='grc' dir='ltr'>ἀδελφοὶ,</span> <span class='ocrx_word' id='word_1_798' title='bbox 3170 5570 3608 5633; x_wconf 74' lang='grc' dir='ltr'>σκανδαλίζεσθε,</span> 
     </span>
    </p>
   </div>
   <div class='ocr_carea' id='block_1_118' title="bbox 2034 5660 3606 5745">
    <p class='ocr_par' dir='ltr' id='par_1_118' title="bbox 2034 5660 3606 5745">
     <span class='ocr_line' id='line_1_118' title="bbox 2034 5660 3606 5745; baseline -0.008 -20"><span class='ocrx_word' id='word_1_799' title='bbox 2034 5672 2167 5745; x_wconf 79' lang='grc' dir='ltr'>μηδὲ</span> <span class='ocrx_word' id='word_1_800' title='bbox 2196 5672 2475 5740; x_wconf 75' lang='grc' dir='ltr'>ἀθυμεῖτε,</span> <span class='ocrx_word' id='word_1_801' title='bbox 2506 5669 2580 5734; x_wconf 82' lang='grc' dir='ltr'>ὼς</span> <span class='ocrx_word' id='word_1_802' title='bbox 2609 5670 2642 5739; x_wconf 75' lang='grc' dir='ltr'>ἦ</span> <span class='ocrx_word' id='word_1_803' title='bbox 2673 5668 2747 5738; x_wconf 85' lang='grc' dir='ltr'>μὴ</span> <span class='ocrx_word' id='word_1_804' title='bbox 2782 5668 3112 5738; x_wconf 75' lang='grc' dir='ltr'>ἐκδικήσεως</span> <span class='ocrx_word' id='word_1_805' title='bbox 3143 5662 3542 5733; x_wconf 82' lang='grc' dir='ltr'>ἀποκειμένης,</span> <span class='ocrx_word' id='word_1_806' title='bbox 3575 5660 3606 5731; x_wconf 76' lang='grc' dir='ltr'>ἢ</span> 
     </span>
    </p>
   </div>
   <div class='ocr_carea' id='block_1_119' title="bbox 2029 5751 3610 5833">
    <p class='ocr_par' dir='ltr' id='par_1_119' title="bbox 2029 5751 3610 5833">
     <span class='ocr_line' id='line_1_119' title="bbox 2029 5751 3610 5833; baseline -0.01 -15"><span class='ocrx_word' id='word_1_807' title='bbox 2029 5762 2403 5833; x_wconf 82' lang='grc' dir='ltr'>ἀποκειμένης</span> <span class='ocrx_word' id='word_1_808' title='bbox 2446 5760 2564 5831; x_wconf 79' lang='grc' dir='ltr'>μὲν,</span> <span class='ocrx_word' id='word_1_809' title='bbox 2604 5756 2978 5830; x_wconf 75' lang='grc' dir='ltr'>βραδυνούσης</span> <span class='ocrx_word' id='word_1_810' title='bbox 3010 5758 3090 5813; x_wconf 82' lang='grc' dir='ltr'>δέ.</span> <span class='ocrx_word' id='word_1_811' title='bbox 3136 5759 3294 5811; x_wconf 83' lang='grc' dir='ltr'>Ἔστι</span> <span class='ocrx_word' id='word_1_812' title='bbox 3321 5755 3428 5825; x_wconf 76' lang='grc' dir='ltr'>γὰρ</span> <span class='ocrx_word' id='word_1_813' title='bbox 3472 5751 3610 5806; x_wconf 74' lang='grc' dir='ltr'>ἐκδίο</span> 
     </span>
    </p>
   </div>
   <div class='ocr_carea' id='block_1_120' title="bbox 2031 5844 3608 5929">
    <p class='ocr_par' dir='ltr' id='par_1_120' title="bbox 2031 5844 3608 5929">
     <span class='ocr_line' id='line_1_120' title="bbox 2031 5844 3608 5929; baseline -0.008 -18"><span class='ocrx_word' id='word_1_814' title='bbox 2031 5874 2191 5929; x_wconf 83' lang='grc' dir='ltr'>κησις</span> <span class='ocrx_word' id='word_1_815' title='bbox 2246 5858 2340 5911; x_wconf 66' lang='grc' dir='ltr'>καὶ</span> <span class='ocrx_word' id='word_1_816' title='bbox 2391 5853 2531 5910; x_wconf 72' lang='grc' dir='ltr'>κατὰ</span> <span class='ocrx_word' id='word_1_817' title='bbox 2581 5853 2768 5920; x_wconf 77' lang='grc' dir='ltr'>πόδας.</span> <span class='ocrx_word' id='word_1_818' title='bbox 2815 5852 2980 5923; x_wconf 74' lang='grc' dir='ltr'>Λέγει</span> <span class='ocrx_word' id='word_1_819' title='bbox 3025 5851 3080 5905; x_wconf 66' lang='grc' dir='ltr'>δὲ</span> <span class='ocrx_word' id='word_1_820' title='bbox 3125 5850 3228 5924; x_wconf 84' lang='grc' dir='ltr'>τὴν</span> <span class='ocrx_word' id='word_1_821' title='bbox 3288 5844 3608 5918; x_wconf 71' lang='grc' dir='ltr'>Ῥωμαϊκὴν</span> 
     </span>
    </p>
   </div>
  </div>
