3986 6564
300 407 413 472 505

1218 403 1604 465 COMMENT.
1646 405 1730 467 lN
1766 405 2004 469 EPIST.
2033 405 2352 468 CATHOL.
2392 405 2675 470 JACOBL

3452 400 3563 469 506

298 519 511 587 bodov,
539 522 636 571 καί
682 516 782 587 τὴν
812 515 918 570 ύπδ
957 515 1162 591 τούτων
1196 516 1573 586 αἰχμαλωσίαν
1609 517 1719 571 τῶν
1746 519 1878 571 Ἰου-

1995 528 2103 574 tem
2135 519 2509 575 Romanorum
2565 516 2828 572 insultum
2879 523 2932 572 et
2959 513 3275 573 Judzeorum
3322 515 3426 572 sub
3473 514 3565 574 bis

296 610 487 665 δαίων.
522 607 629 661 Ἦν
659 608 758 662 καὶ
787 608 1093 679 παρουσίαν
1126 608 1283 663 καλεί
1324 608 1418 661 τοῦ
1465 608 1694 679 Κυρίου,
1726 608 1804 671 ὠς
1855 608 1884 660 ὀ

295 699 553 771 Ἰωάννης
585 702 617 755 ὀ
647 701 742 755 ἐπὶ
770 701 831 754 τὸ
863 700 1059 771 στῆθος
1100 700 1393 755 ἀναπεσὼν
1430 700 1527 754 τοῦ
1562 700 1790 770 Κυρίου,
1815 698 1883 753 δι’

293 787 397 861 ὧν,
419 794 579 863 φησὶ,
615 792 747 863 περ)⁸
775 792 873 863 τῆς
887 792 1052 846 αὑτοῦ
1079 792 1454 857 ἀποϐιώσεως,
1476 795 1568 847 τὸν
1591 792 1754 846 αὐτὸν
1773 794 1885 845 εἰσ-

296 886 451 953 άγων
491 883 700 954 Κύριον
740 883 1008 951 λέγοντα·
1064 902 1084 935 ι
1139 883 1268 936 Ἐάν
1314 884 1477 937 αὐτὸν
1525 883 1664 938 θέλω
1702 884 1885 953 μένειν

294 977 405 1039 ἕως
429 975 706 1046 ἐρχωμαι.
752 994 772 1028 ι
811 975 920 1028 Καὶ
949 974 1057 1047 γὰρ
1086 975 1369 1046 παρετάθη
1405 975 1502 1028 καὶ
1530 975 1705 1045 τούτῳ
1728 977 1756 1027 ὀ
1786 974 1887 1045 τῆς

298 1069 450 1138 ζωῆς
478 1068 688 1137 ταύτης
714 1068 927 1138 χρόνος,
956 1068 1060 1129 ἕως
1086 1067 1185 1136 τῆς
1213 1068 1468 1131 ἁλώσεως
1505 1067 1884 1138 Ἰερουσαλὴμ,

302 1163 414 1216 xci:
439 1162 641 1232 μικρὸν
672 1162 954 1214 ἐπέκεινα.
993 1160 1102 1214 Καὶ
1133 1161 1217 1214 ὅτι
1251 1162 1284 1228 ἠ
1318 1161 1414 1215 τοῦ
1446 1160 1654 1231 Κυρίου
1678 1175 1887 1228 παρου-

300 1254 396 1308 σία
429 1254 531 1307 καὶ
563 1253 799 1308 ἐνταῦθα
840 1253 936 1307 καὶ
969 1253 1061 1306 ἐπὶ
1087 1252 1180 1305 τοῦ
1213 1253 1459 1306 Ἰωάννου
1486 1255 1519 1321 ἡ
1546 1252 1645 1321 τῆς
1689 1252 1888 1322 Ἰερου-

298 1344 490 1416 σαλὴμ
514 1344 866 1415 πανωλεθρία
887 1346 1023 1406 ἐστὶ,
1048 1344 1207 1413 δῆλον
1232 1344 1325 1397 καὶ
1347 1344 1454 1398 ἀπὸ
1479 1344 1574 1397 τοῦ
1604 1345 1886 1414 προφήτου

294 1436 581 1506 λὲγοντοςο
627 1454 647 1488 ι
677 1436 812 1490 Ἰδοὺ
855 1436 1060 1506 Κύριος
1100 1436 1344 1506 ἔρχεται.
1388 1438 1482 1490 καὶ
1508 1437 1591 1497 τίς
1625 1436 1889 1506 ὑπομενεῖ

297 1532 525 1601 ἡμέραν
550 1529 761 1584 είσύδευ
791 1528 956 1583 αὐτοῦ
978 1571 992 1593 ,
1036 1546 1055 1579 ›
1091 1529 1169 1592 ὡς
1207 1527 1308 1598 τῆς
1364 1527 1459 1582 τοῦ
1495 1528 1700 1599 Κυρίου
1747 1545 1889 1597 παρ·-

297 1625 495 1688 ουσίας
532 1625 808 1696 τιμωρίαν
837 1625 1108 1695 φερούσης
1145 1624 1286 1679 κατά
1313 1624 1425 1677 τῶν
1457 1624 1693 1678 ἀσεϐῶν.
1724 1623 1889 1677 Ἀλλά

298 1720 394 1771 καὶ
418 1718 450 1769 ὀ
484 1716 876 1787 Χρυσοστόμος
899 1717 1152 1788 Ἰωάννης
1186 1717 1245 1770 ἐν
1274 1734 1381 1771 τινι
1410 1717 1519 1770 τῶν
1546 1716 1889 1786 ἐξηγητικῶν

299 1809 496 1873 αὐτοῦ,
530 1808 692 1863 τοῦτο
719 1808 857 1862 αὐτὸ
897 1808 980 1870 τὸ,
1013 1809 1157 1871 Ἕως
1205 1808 1459 1880 ἔρχομαι,
1502 1808 1884 1872 ἀναπτύσσων,

1987 611 2384 681 captivitatem,
2411 625 2575 681 quam
2604 609 2769 665 etiam
2789 609 3084 664 adventum
3116 606 3331 663 Domini
3359 618 3521 663 vocat
3545 624 3565 664 :

1988 702 2451 773 quemadmodum
2488 711 2543 757 et
2600 699 2845 757 Joannes
2887 700 2978 770 qui
3017 715 3183 769 super
3224 709 3415 769 pectus
3458 696 3567 754 Do-

1988 794 2121 849 mini
2154 793 2425 856 recubuit,
2454 807 2577 848 eum
2610 792 2679 847 de
2706 806 2808 846 suo
2841 791 3081 861 loquitur
3108 790 3354 851 interitu.
3380 789 3564 859 ipsum

1988 887 2282 942 Dominum
2310 886 2544 947 inducit,
2573 885 2847 941 dicentem
2883 901 2896 937 :
2935 901 2953 935 ι
3000 882 3057 936 Si
3089 897 3215 937 eum
3246 881 3409 936 velim
3441 895 3566 935 ma-

1988 993 2121 1035 nere
2152 980 2326 1033 donec
2368 979 2579 1033 veniam
2613 977 2681 1033 ".
2714 996 2735 1030 ι
2773 975 2989 1031 Etenim
3015 974 3181 1046 476
3215 973 3342 1028 huic
3367 987 3565 1043 proro-

1987 1080 2174 1140 gatum
2202 1080 2285 1125 est
2327 1080 2543 1140 tempus
2577 1070 2743 1138 hujus
2777 1069 2902 1123 vitae
2951 1083 3122 1136 usque
3163 1066 3228 1120 ad
3272 1064 3563 1134 captivita-

1991 1174 2099 1219 tem
2138 1166 2622 1235 Jerosolymorum,
2652 1173 2708 1219 et
2729 1165 2891 1234 paulo
2941 1164 3084 1218 ultra
3136 1161 3268 1216 illud
3319 1169 3561 1228 tempus.

1990 1254 2255 1324 Quodque
2287 1254 2497 1309 Domini
2545 1255 2815 1309 adventus
2859 1262 2917 1308 et
2964 1253 3021 1307 in
3075 1253 3180 1308 hoc
3230 1251 3351 1306 loco
3399 1257 3456 1304 et
3503 1240 3562 1303 in

1987 1349 2200 1404 Joanne
2230 1348 2288 1401 ﬁt
2316 1348 2528 1403 eversio
2558 1345 2881 1408 Jerusalem.
2915 1344 3262 1400 manifestum
3287 1343 3452 1401 etiam
3479 1347 3566 1397 est

1990 1454 2022 1493 e
2047 1437 2330 1508 propheta,
2354 1437 2448 1506 qui
2467 1437 2541 1491 ait
2569 1454 2583 1492 :
2617 1455 2637 1488 ι
2676 1436 2814 1491 Ecce
2840 1435 3104 1490 Dominus
3129 1433 3332 1499 veniet,
3357 1440 3415 1486 et
3441 1428 3565 1501 quis

1989 1529 2280 1587 sustinebit
2323 1530 2468 1584 diem
2502 1528 2779 1599 ingressus
2808 1527 2927 1596 ejus
2944 1526 2990 1558 ⁸⁸
3016 1525 3039 1579 ?
3080 1545 3100 1578 ι
3131 1533 3320 1594 utpote
3351 1521 3565 1577 Domini

1989 1624 2228 1677 adventu
2274 1620 2483 1676 ferente
2528 1621 2796 1676 adversus
2824 1619 3021 1689 impios
3053 1617 3403 1687 supplicium.
3457 1613 3567 1671 Sed

1990 1723 2047 1770 et
2083 1715 2324 1768 Joannes
2365 1712 2790 1783 Chrysostomus
2844 1712 2898 1765 in
2938 1710 3172 1780 quadam
3218 1706 3569 1763 enarratione

1991 1822 2107 1872 sua,
2138 1807 2240 1862 hoc
2262 1806 2429 1871 idem,
2465 1804 2914 1869 Donec‘veniam,
2938 1803 3219 1873 explicans
3259 1819 3273 1854 :
3303 1800 3417 1855 lloc
3466 1799 3566 1855 di~

300 1865 696 1970 Τοῦτοδηλοῦν
722 1865 977 1970 βούλεται
1025 1901 1086 1954 τὸ
1123 1865 1310 1971 ρητόκὲ
1339 1865 1456 1966 ,τὴν
1503 1865 1886 1970 πανωλεθρίαν

1995 1909 2162 1960 clum,
2204 1898 2406 1968 inquit,
2433 1897 2741 1969 signiﬁcare
2771 1896 2887 1950 vult
2926 1892 3296 1951 omnimodam
3325 1891 3570 1948 eversio-

298 1994 400 2063 τῆς
441 1992 827 2063 Ἰερουσαλήμ.
862 1993 975 2046 Καὶ
1001 1991 1288 2045 πιστοῦται
1325 1991 1487 2044 τοῦτο
1525 1992 1633 2045 ἀπὸ
1667 1992 1768 2061 τῆς
1795 1993 1886 2044 εὖ·

299 2085 403 2156 χῆς
430 2085 545 2140 τῶν
574 2084 743 2156 τριῶν
775 2085 1003 2147 παίδων,
1035 2085 1373 2153 φασκόντωνο
1412 2102 1429 2136 ι
1459 2085 1615 2139 Οὕτω
1644 2084 1886 2152 γενέσθω

300 2177 541 2230 ἐνώπιόν
572 2192 666 2229 σου
697 2178 729 2247 ἡ
781 2175 943 2229 θυσία
970 2177 1130 2246 ἡμῶν
1173 2178 1435 2248 σήμερον,
1481 2178 1576 2231 καὶ
1604 2177 1886 2231 ἐκτελέσαι

300 2267 532 2322 ames»
566 2284 684 2324 σου.
740 2285 759 2320 ι
809 2268 946 2337 Φησὶ
982 2268 1129 2339 γάρ’
1184 2268 1251 2321 Τί
1300 2269 1380 2331 τὸ,
1440 2268 1701 2322 Ὀπισθέν
1753 2285 1884 2337 σονς

299 2361 462 2415 Μετὰ
493 2360 557 2413 τὸ
600 2360 894 2432 παρελθεῖν
928 2361 1019 2414 τὸν
1052 2359 1223 2432 θυμόν
1272 2378 1386 2414 σου.
1425 2361 1537 2415 Καὶ
1567 2362 1697 2413 πότε
1740 2377 1885 2430 παρ-

302 2454 561 2521 εγένετος
591 2455 718 2508 Ὅτε
748 2453 1218 2524 Ναϐουχοδονόσορ
1237 2453 1391 2524 ἐδῄου
1414 2453 1480 2507 τὰ
1514 2453 1884 2524 Ἰεροσόλυμα.

303 2546 415 2599 Καὶ
462 2547 594 2615 περὶ
626 2546 725 2615 μὲν
768 2545 868 2614 τῆς
900 2545 1204 2615 παρουσίας
1234 2545 1429 2598 ταῦτα.
1468 2545 1603 2599 Φασὶ
1650 2545 1709 2598 δέ
1740 2561 1887 2608 τινες

301 2638 412 2690 τῶν
451 2639 712 2706 Πατέρων
755 2638 847 2690 καὶ
896 2637 1076 2699 τοῦτο,
1119 2636 1193 2699 ὡς
1221 2638 1633 2705 μακροθυμίαν
1666 2636 1765 2707 μὲν
1800 2639 1890 2690 ἐν⁶

302 2728 484 2783 ταῦθα
510 2728 610 2799 τὴν
641 2728 777 2796 np";
819 2727 1081 2797 ἀλλήλους
1121 2729 1305 2797 φησιν,
1350 2727 1668 2796 ὑπομονὴν
1702 2727 1758 2780 δὲ
1788 2726 1887 2798 τὴν

304 2819 448 2887 πρὸς
476 2819 603 2882 τοὺς
646 2816 772 2882 ἔξω.
808 2817 1170 2888 Μακροθυμεί
1198 2818 1307 2887 γάρ
1347 2834 1431 2879 τις
1465 2818 1596 2887 πρὸς
1619 2817 1887 2880 ἐκείνους,

304 2907 395 2971 οὖς
421 2907 651 2961 δυνατὸν
684 2908 778 2960 καὶ
803 2907 1129 2975 ἀμύνασθαι.
1174 2906 1483 2975 ’Υπομένει
1514 2906 1568 2959 δὲ
1598 2907 1690 2970 οὓς
1711 2908 1774 2960 ού
1798 2907 1891 2959 δύο

304 3017 471 3054 ναται
510 2999 847 3069 ἀμύνασθαι.
881 2999 981 3051 Διὰ
1011 2999 1168 3051 τοῦτο
1207 2999 1299 3051 ἐπὶ
1332 2999 1432 3068 μὲν
1463 2999 1598 3051 Θεοῦ
1629 2998 1886 3051 οὐδέποτε

303 3091 587 3159 ὑπομονὴ
622 3091 863 3159 λέγεται,
887 3090 1023 3143 ἀλλά
1047 3090 1442 3158 μακροθυμία,
1472 3090 1557 3142 ἐπ’
1586 3088 1888 3158 ἀνθρώπων

304 3183 360 3236 δὲ
389 3182 695 3249 ὑπομονὴ.
733 3202 751 3234 ι
787 3182 938 3245 Ἕως
969 3181 1108 3253 λάϐῃ
1148 3182 1302 3235 ὑετὸν
1334 3182 1606 3252 πρώῖμον.
1651 3201 1670 3233 ν
1711 3182 1890 3252 Πρώἶ-

310 3292 414 3346 μσς
449 3274 627 3341 ὑετὸς,
678 3277 711 3347 ὴ
766 3277 824 3329 ἐν
869 3276 1083 3347 νεότητι
1120 3276 1259 3345 μετά
1305 3274 1558 3346 δακρύων
1608 3275 1887 3345 μετάνοια,

306 3369 530 3439 ὀψιμος,
571 3370 605 3440 ἡ
638 3371 696 3422 ἐν
728 3369 805 3437 τῷ
850 3369 1018 3439 γήρα.
1069 3368 1255 3421 Πάντα
1280 3368 1337 3420 δὲ
1364 3368 1464 3436 τῆς
1502 3367 1595 3421 τοῦ
1627 3368 1763 3421 Θεοῦ
1796 3368 1896 3439 ἤρο-

306 3477 477 3531 τηται
505 3460 939 3533 φιλανθρωπίας,
984 3460 1054 3514 δι’
1088 3459 1115 3513 ὃ
1142 3459 1325 3529 λέγει’
1364 3460 1508 3523 Ἕως
1542 3458 1607 3512 ἂν
1639 3459 1799 3531 λάϐῃ.

378 3639 504 3711 Πρὸ
538 3640 781 3695 πάντων
807 3641 894 3705 δὲ,
917 3639 1171 3711 ἀδελφοί
1186 3658 1329 3711 μου,
1355 3640 1440 3708 μὴ
1474 3640 1725 3707 ὀμνύετε
1741 3639 1893 3709 μήτε

309 3735 417 3787 τάν
447 3733 730 3802 οὐρανὸν,
751 3734 905 3803 μήτε
930 3733 1045 3801 τὴν
1064 3734 1201 3804 γῆν,
1228 3735 1381 3802 μήτε
1420 3733 1615 3787 ἄλλον
1638 3734 1771 3786 τινὰ
1794 3733 1896 3800 ὅρ-

310 3843 440 3881 κον.
486 3829 646 3882 Ἠτω
673 3825 741 3880 δὲ
770 3827 938 3896 ὑμῶν
966 3827 1033 3881 τὸ
1073 3827 1208 3892 Ναὶ,
1236 3826 1368 3895 Ναὶ,
1404 3825 1497 3880 καί
1531 3826 1599 3880 τὸ
1636 3825 1740 3893 οε),
1792 3825 1894 3894 Οὓ,

309 3918 412 3972 ἵνα
431 3916 520 3989 μὴ
547 3920 635 3984 είς
660 3920 985 3988 ὑπόκρισιν
1010 3917 1257 3986 πέσητε.

402 4103 531 4157 ἁλλ’
564 4102 683 4174 ἐρεῖ
718 4121 823 4169 τις,
860 4104 921 4156 El
949 4102 1193 4173 βιάζεταί
1224 4120 1308 4167 τις
1351 4102 1610 4174 ὀμνύναι,
1643 4102 1698 4155 τί
1739 4119 1898 4173 ποιη-

312 4194 469 4260 ἰἕον;
496 4192 787 4263 Ἐροῦμεν,
831 4193 912 4247 ὅτι
951 4195 979 4247 ὁ
1026 4191 1188 4262 φόϐος
1235 4194 1329 4247 τοῦ
1373 4193 1509 4247 Θεοῦ
1548 4195 1897 4264 ἰσχυρότερος

314 4285 469 4338 ἐσται
498 4285 600 4352 τῆς
640 4286 733 4338 τοῦ
770 4284 1094 4356 βιαζομένου
1128 4290 1395 4359 ἀνάγκης.
1421 4288 1823 4357 Ἐπαπορήσειε
1848 4287 1897 4341 δ’

314 4376 379 4431 ἄν
410 4394 518 4444 τις,
545 4379 671 4442 Πῶς
699 4378 795 4432 τοῦ
833 4379 1061 4432 παλαιοῦ
1089 4381 1253 4448 νόμου
1281 4380 1375 4433 τὸν
1408 4380 1547 4433 κατά
1576 4379 1669 4433 τοῦ
1700 4380 1898 4448 ὀνόμα·

311 4484 405 4530 τος
432 4466 529 4520 τοῦ
558 4468 763 4537 Κυρίου
792 4467 1059 4538 ὀμνύοντα
1092 4470 1320 4522 ἐπαίνου
1352 4469 1647 4533 ἀξιοῦντος,
1675 4471 1707 4538 ἡ
1740 4468 1899 4540 χάρις

1988 2008 2113 2047 nem
2141 1990 2443 2046 Jerusalem
2472 2008 2485 2043 :
2515 1990 2676 2059 idque
2708 1987 2997 2044 conﬁrmat
3026 1986 3095 2040 ab
3126 1984 3373 2039 oratione
3403 1988 3569 2038 trium

1987 2100 2306 2157 puerorum,
2325 2082 2621 2138 dicentium
2656 2100 2671 2136 :
2711 2100 2731 2133 ι
2758 2080 2836 2135 lta
2861 2080 2954 2133 ﬁat
2976 2095 3159 2135 coram
3181 2088 3233 2133 te
3263 2077 3441 2132 hostia
3467 2090 3571 2130 no-

1987 2187 2096 2232 stra
2123 2176 2310 2241 hodie,
2355 2183 2410 2231 et
2435 2173 2748 2244 perﬁciatur
2791 2181 2912 2243 post
2954 2181 3007 2226 te
3033 2173 3103 2225 ⁸⁶.
3167 2189 3189 2223 ι
3230 2171 3322 2225 Ait
3369 2168 3515 2224 enim
3550 2185 3566 2222 :

1986 2269 2125 2336 Quid
2148 2270 2251 2325 sibi
2284 2269 2420 2332 vult,
2459 2268 2590 2323 Post
2624 2268 2722 2322 te?
2753 2268 3047 2336 Postquam
3079 2263 3363 2319 transierit
3411 2261 3568 2316 furor

1989 2371 2136 2416 tuus.
2170 2360 2470 2431 thuando
2494 2358 2759 2414 advenit?
2797 2357 3029 2423 Quando
3059 2354 3567 2410 Nabuchodonosor

1987 2455 2187 2510 excidit
2205 2452 2552 2525 Jerosolyma.
2576 2446 2644 2506 Et
2667 2451 2780 2505 haec
2803 2449 3022 2518 quidem
3039 2447 3106 2502 de
3119 2447 3379 2501 adventu.
3402 2444 3573 2499 Aiunt

1989 2558 2171 2602 autem
2227 2547 2446 2617 quidam
2482 2546 2703 2599 Patrum
2730 2542 2878 2613 quod
2922 2539 3304 2611 μακροθυμίαν
3350 2536 3568 2607 quidem

1991 2642 2094 2695 hoc
2114 2641 2234 2694 loco
2255 2640 2398 2694 dicat
2421 2637 3054 2709 longanimitatem,quaa
3097 2631 3164 2685 ad
3197 2645 3293 2684 eos
3352 2636 3436 2683 est
3474 2626 3569 2696 qui

1986 2733 2133 2787 inter
2164 2747 2266 2786 nos
2288 2742 2412 2786 sunt
2441 2748 2457 2798 ;
2491 2729 2773 2799 ὑπομονήν
2806 2742 2958 2789 vero,
3009 2721 3330 2794 patientiam
3372 2720 3439 2774 ad
3472 2734 3572 2774 ex-

1990 2833 2241 2880 traneos.
2272 2822 2685 2891 Longanimiter
2717 2820 2864 2875 enim
2896 2819 3093 2873 tolerat
3137 2815 3262 2885 quis
3295 2827 3392 2867 eos
3431 2825 3573 2881 quos

1990 2921 2154 2972 et'am
2190 2917 2379 2972 ulcisci
2411 2925 2594 2985 posset
2626 2931 2641 2979 ;
2669 2913 2932 2981 ὑπομένει
2959 2925 3111 2975 vero,
3139 2922 3278 2977 quos
3301 2920 3410 2959 non
3442 2912 3571 2973 pot-

1992 3019 2076 3065 est
2101 3008 2309 3063 ulcisci.
2342 3008 2634 3077 Propterea
2662 3005 2715 3058 in
2749 3003 2860 3057 Deo
2888 3001 3108 3071 quidem
3128 3011 3408 3066 nunquam
3433 2994 3572 3049 dici-

1996 3105 2083 3153 tur
2125 3098 2374 3169 ὑπομονὴ
2402 3098 2498 3151 sed
2536 3093 2914 3166 μακροθυμία,
2966 3091 3023 3144 in
3068 3087 3386 3143 hominibus
3438 3098 3573 3140 vero

1997 3191 2266 3260 ὑπομονὴ.
2301 3208 2320 3242 ι
2362 3190 2548 3243 Donec
2598 3186 2831 3255 accipiat
2878 3182 3119 3253 pluviam
3165 3177 3509 3234 matutinam.
3545 3193 3566 3228 ι

1995 3282 2183 3337 Pluvia
2213 3281 2477 3335 matutina
2506 3288 2590 3335 est
2620 3277 2943 3349 pmnitentia
2981 3281 3199 3345 peracta
3253 3272 3309 3325 in
3370 3270 3570 3340 juven-

1998 3384 2111 3429 tute
2142 3370 2265 3429 cum
2289 3373 2561 3444 lacrymis,
2590 3371 2830 3426 serotina
2859 3382 2991 3423 vero
3030 3382 3150 3437 qua:
3180 3365 3233 3419 in
3265 3370 3570 3418 senectute.

1996 3464 2192 3520 Omnia
2228 3479 2357 3519 vero
2382 3463 2623 3533 pendent
2641 3476 2710 3517 ex
2741 3460 2838 3515 Dei
2872 3458 3235 3531 benignitate,
3255 3454 3380 3509 ideo
3405 3452 3570 3508 dicit:

1997 3556 2182 3611 Donec
2204 3555 2460 3624 accipiat.

2077 3649 2135 3714 ν,
2172 3651 2258 3704 12.
2289 3649 2423 3703 Ante
2447 3649 2623 3704 omnia
2652 3658 2855 3713 autem,
2879 3648 3073 3720 fratres
3121 3646 3243 3705 mei,
3273 3659 3336 3697 ne
3354 3641 3571 3711 juren's.

1998 3758 2163 3809 neque
2208 3757 2301 3808 per
2344 3741 2550 3803 (mlum,
2605 3755 2770 3802 neque
2804 3754 2895 3806 per
2935 3746 3153 3801 terram,
3198 3749 3361 3802 neque
3410 3724 3566 3783 aliud

1998 3835 2337 3905 quodcunque
2382 3830 2784 3901 jusjurandum.
2832 3828 2911 3882 Sit
2936 3838 3109 3880 autem
3162 3835 3384 3879 vestrum
3418 3820 3575 3875 Certe

1998 3923 2319 3985 Certe,1\'on
2358 3922 2503 3989 Non,
2563 3930 2619 3974 ut
2675 3936 2778 3974 non
2831 3920 2887 3973 in
2930 3916 3418 3971 condemnationem
3474 3927 3566 3964 ca-

1997 4016 2159 4068 dau's.
3188 4068 3193 4073 ,

2073 4105 2179 4161 Sed
2226 4104 2374 4160 dicet
2405 4102 2605 4172 aliquis
2634 4118 2650 4156 :
2682 4099 2740 4156 Si
2786 4100 2910 4171 quis
2947 4099 3136 4169 jurare
3173 4102 3418 4166 cogatur,
3447 4091 3577 4163 quid

1998 4198 2306 4255 faciendum
2332 4198 2453 4253 est?
2489 4194 2732 4251 Dicimus
2759 4193 2903 4263 quod
2939 4192 3101 4245 timor
3132 4189 3224 4244 Dei
3258 4186 3448 4242 fortior
3472 4184 3580 4239 erit

2000 4291 2332 4346 necessitate
2382 4290 2493 4344 vim
2551 4287 2841 4342 inferente.
2881 4282 3142 4338 Dubitare
3174 4289 3356 4334 autem
3396 4285 3582 4347 posset

1999 4385 2215 4454 aliquis,
2248 4399 2376 4438 cum
2418 4393 2577 4438 vetus
2605 4380 2695 4434 lex
2725 4394 2850 4435 eum
2877 4377 2970 4447 qui
3010 4391 3108 4447 per
3141 4388 3339 4429 nomen
3365 4367 3579 4425 Domini

1996 4478 2146 4549 iurat
2172 4476 2333 4531 laude
2362 4475 2586 4545 dignum
2630 4472 2816 4535 ducat,
2851 4469 3125 4540 quomodo
3156 4465 3326 4536 gratia
3361 4464 3466 4518 hoc
3493 4460 3579 4516 fa—

317 4555 392 4626 μὴ
430 4556 592 4609 τοῦτο
643 4560 815 4610 ποιεῖν
861 4559 1253 4615 διαστέλλεται.
1298 4560 1563 4631 Ἐροῦμεν
1601 4560 1713 4625 οὖν,
1758 4561 1890 4624 ὠςό

2000 4585 2127 4625 cere
2157 4568 2347 4623 vetet?
2394 4565 2634 4621 Dicimus
2657 4578 2789 4632 ergo
2814 4562 2962 4633 quod
2994 4568 3149 4616 vetus
3180 4559 3270 4613 lex
3302 4557 3582 4612 abducens

315 4647 546 4710 παλαιὸς
584 4649 769 4719 νόμος,
807 4650 1037 4719 ἀπάγων
1065 4650 1355 4715 Ἰουδαίους
1396 4653 1473 4720 μὴ
1508 4652 1649 4704 κατά
1680 4653 1790 4705 τῶν
1819 4653 1899 4705 εἰ-

316 4737 501 4792 δώλων
553 4739 799 4811 ὀμνύειν,
861 4744 1193 4812 προσέταττε
1245 4744 1389 4796 κατὰ
1443 4743 1579 4796 Θεοῦ
1638 4744 1900 4813 ὀμνύειν,

317 4831 505 4903 ῶσπερ
534 4832 633 4886 καὶ
667 4833 817 4886 θύειν
854 4834 1071 4886 ἐκέλευε
1105 4835 1184 4904 τῷ
1226 4834 1368 4904 Θεῷ,
1405 4834 1672 4888 ἀποσπῶν
1702 4836 1901 4899 αὐτοὺς

317 4921 413 4989 τῆς
445 4922 584 4992 πρὸς
618 4922 748 4985 τοὺς
774 4924 1035 4994 δαίμονας
1058 4925 1266 4987 Θυσίας.
1306 4925 1436 4977 Ὅτε
1479 4927 1534 4979 δὲ
1565 4927 1765 4989 ἱκανῶς
1799 4928 1900 4979 αύ-

318 5013 441 5077 τοὺς
483 5014 759 5068 θεοσεϐεῖν
805 5017 1104 5082 ἐδιδάξατο,
1148 5018 1267 5071 τότε
1322 5020 1418 5071 καὶ
1463 5019 1560 5081 τάς
1603 5018 1794 5081 θυσίας
1820 5018 1896 5082 ὡς

317 5105 615 5176 ἀνωςοελεῖς
646 5107 927 5173 ἀπώσατο,
961 5110 1154 5164 θυσίαν
1191 5112 1252 5164 ού
1300 5110 1397 5182 τὴν
1442 5112 1531 5163 διὰ
1572 5112 1682 5164 τῶν
1720 5112 1891 5176 ζώων,

318 5198 449 5252 ἀλλά
473 5201 578 5268 τὴν
618 5202 1089 5272 συντετριμμένην
1137 5202 1315 5273 ψυχὴν
1350 5203 1624 5273 ἐπιζητῶν
1675 5205 1754 5266 εἰς
1803 5203 1897 5254 θυ-

322 5290 458 5344 σίαν.
507 5291 607 5352 Τίς
660 5291 717 5344 δὲ
774 5292 949 5363 αὖτης
996 5294 1061 5347 'll
1113 5294 1201 5347 διὰ
1240 5295 1637 5363 ταπεινώσεως
1676 5294 1750 5364 τῷ
1797 5296 1896 5364 τῆς

322 5381 540 5451 ἀγάπης
572 5382 1011 5453 ὁλοκαυτουμένη
1039 5386 1191 5457 πυρί.
1226 5386 1328 5439 Οἴα
1380 5387 1471 5438 καὶ
1504 5388 1535 5456 ἡ
1572 5387 1805 5453 Παύλου,
1836 5388 1896 5452 ὃς

320 5470 402 5526 διὰ
439 5475 501 5526 τό
531 5490 683 5538 τινας
717 5476 1167 5539 σκανδαλίζεσθαι
1206 5479 1315 5530 τῶν
1358 5480 1586 5542 πιστῶν,
1616 5481 1896 5550 ὑπερϐαλ-

321 5564 516 5629 λόντως
567 5562 638 5637 ἦν
687 5568 1047 5640 πυρούμενος.
1092 5588 1110 5620 ι
1162 5571 1313 5622 Ἥτω
1358 5572 1412 5622 δὲ
1451 5571 1606 5639 ὑμῶν
1635 5573 1715 5638 τδ,
1763 5575 1894 5639 Ναὶ,

320 5656 443 5715 Ναί.
482 5679 500 5713 ι
527 5660 677 5733 Ἀντὶ
706 5662 823 5727 τοῦ,
856 5660 919 5717 Ἦ
952 5663 1245 5725 κατάθεσις
1272 5664 1427 5734 ὑμῶν
1456 5663 1650 5734 βεϐαία
1675 5666 1768 5719 καὶ
1800 5668 1896 5722 ἐπὶ

405 5832 449 5869 ⁵⁸
477 5836 636 5892 .‘oan.
666 5855 759 5908 xx,
793 5840 887 5899 22.
964 5842 1010 5875 ⁸³
1041 5843 1268 5898 .‘ilalaclt.
1304 5860 1384 5913 ιιι,
1424 5844 1470 5901 ι.

1997 4661 2217 4716 ,ἰυόιεοε
2250 4674 2320 4713 ne
2347 4673 2443 4728 per
2479 4657 2622 4713 idola
2667 4656 2942 4725 jurarent,
2992 4652 3347 4722 pracipiebat
3395 4650 3581 4719 jurare

2000 4766 2095 4820 per
2135 4751 2302 4805 Deum
2335 4767 2348 4803 :
2386 4746 2855 4816 quemadmodum
2915 4744 3082 4797 etiam
3120 4742 3237 4798 Deo
3272 4740 3583 4796 sacriﬁcare

1998 4843 2372 4914 praecipiebat,
2405 4840 2730 4895 abstrahens
2757 4852 2855 4892 eos
2879 4835 3042 4907 477
3067 4850 3137 4889 ne
3171 4834 3332 4889 idolis
3376 4831 3584 4888 sacriﬁ-

1999 4945 2196 4993 carent
2233 4952 2246 4988 :
2276 4935 2367 4988 ubi
2394 4942 2579 4987 autem
2607 4930 2948 4986 sufﬁcienter
2983 4927 3075 4981 Dei
3122 4927 3331 4983 cultum
3375 4924 3581 4989 docuit,

2006 5039 2134 5085 tunc
2176 5037 2231 5082 et
2278 5027 2543 5082 sacrificia
2596 5036 2861 5094 tanquam
2919 5021 3131 5076 inutilia
3190 5020 3394 5091 repulit
3425 5038 3440 5074 :
3470 5034 3581 5073 non

2005 5120 2331 5177 sacrificium
2357 5118 2674 5172 animalium
2705 5116 3020 5186 exquirens,
3047 5114 3142 5169 sed
3179 5113 3417 5168 animam
3449 5126 3583 5166 con-

2008 5211 2189 5264 tritam
2217 5210 2271 5264 in
2298 5209 2648 5263 sacriﬁcium.
2678 5208 2811 5273 Quae
2845 5217 2922 5262 est
2967 5215 3145 5261 autem
3176 5205 3301 5258 illa?
3327 5204 3457 5268 Qua:
3485 5215 3581 5271 per

2005 5303 2172 5356 animi
2223 5300 2545 5355 modestiam
2594 5307 2705 5353 tota
2743 5299 3056 5353 incenditur
3088 5297 3209 5368 igne
3247 5291 3582 5350 charitatis?

2003 5399 2179 5468 qualis
2206 5401 2371 5453 etiam
2395 5397 2499 5452 fuit
2534 5395 2684 5450 Pauli
2717 5394 2921 5459 anima,
2944 5394 3037 5464 qui
3066 5408 3134 5448 eo
3158 5390 3301 5460 quod
3329 5384 3578 5443 nonnulli

2007 5491 2243 5545 ﬁdelium
2276 5488 2706 5553 ollenderentur,
2746 5488 2943 5542 mirum
2974 5488 3027 5540 iu
3070 5485 3288 5539 modum
3319 5480 3580 5537 incende-

2002 5585 2186 5638 batur.
2233 5602 2253 5635 ι
2293 5582 2378 5637 Sit
2401 5594 2584 5637 autem
2620 5591 2885 5644 vestrum,
2914 5579 3074 5634 Certe
3104 5576 3317 5631 Certen
3350 5572 3463 5624 Hoc
3490 5578 3579 5624 est

2006 5668 2283 5744 Depositio
2314 5683 2495 5731 vestra
2524 5672 2680 5730 ﬁrma
2709 5673 2854 5729 sitct
2887 5649 3044 5726 in're
3072 5667 3247 5733 ﬁrma,
3277 5670 3335 5719 et
3358 5659 3578 5732 negatio

1549 5847 1594 5879 ⁵⁸
1633 5846 1769 5902 Dan.
1790 5862 1974 5915 χχχιι,
2019 5847 2111 5905 ιῡ.
