3986 6564
359 387 465 453 50'!

1425 390 1825 451 (ECUMENH
1852 390 2144 453 ΤιιιεαίΕ
2172 392 2514 456 EPISCOPI

3522 384 3633 451 533

357 504 413 558 in
448 503 536 559 his
567 517 689 574 qua!
717 501 862 557 facto
888 517 998 556 non
1034 499 1393 570 respondent.
1432 519 1452 551 ι
1492 501 1563 557 Ut
1585 517 1694 555 non
1717 501 1769 556 in
1808 517 1944 557 con-

2064 503 2294 567 ie6ziou,
2341 505 2436 559 καὶ
2466 505 2499 573 ἡ
2529 502 2906 575 ἀπαγόρευσις
2941 504 3035 556 ἐπὶ
3067 501 3143 574 μὴ
3189 502 3321 566 οἵοις
3352 500 3629 568 γενέτοασ.

358 595 763 652 demnationem
795 594 1027 648 cadatis.
1077 611 1095 644 ι
1147 592 1471 663 ’Υπόκρισιν
1505 593 1639 648 dicit
1672 594 1943 665 κατάκριο

365 706 475 748 σιν.
509 688 561 743 id
590 697 675 742 est
722 685 1259 746 condemnationem,
1291 700 1413 754 quae
1465 684 1821 755 subsequitur
1848 700 1944 741 eos

361 782 455 852 qui
488 782 828 835 incessanter
857 787 913 832 et
940 778 1057 831 sine
1095 778 1311 832 delectu
1358 778 1547 848 jurant
1581 794 1596 830 :
1638 788 1695 832 et
1723 777 1942 847 jurandi

362 872 762 929 consuetudine
811 870 879 924 ad
931 869 1229 938 perjurium
1285 869 1562 925 feruntur.
1615 872 1724 925 Aut
1779 872 1944 926 etiam

365 964 534 1019 dictio
566 963 856 1032 ὑπόκρισιν
886 961 990 1015 Ιιοο
1021 960 1141 1015 loco
1164 961 1448 1031 proprium
1484 962 1650 1017 habet
1669 963 1945 1032 signiﬁca-

368 1065 483 1109 tum
507 1057 527 1125 (
553 1062 678 1123 puta
721 1054 1162 1121 simulationem)
1209 1054 1358 1123 quod
1411 1054 1559 1108 aliud
1595 1062 1683 1108 est
1715 1065 1768 1110 et
1796 1055 1945 1111 aliud

366 1157 609 1219 apparet.
637 1146 922 1213 Quomodo
960 1161 1088 1216 ergo
1118 1145 1171 1199 in
1219 1144 1549 1216 hypocrisim
1580 1147 1728 1201 cadit
1775 1148 1822 1203 is
1851 1148 1945 1217 qui

363 1240 546 1312 iurat?
579 1255 701 1297 cum
723 1240 1037 1309 jnramento
1058 1238 1301 1292 creditur
1342 1238 1562 1308 quidem
1610 1255 1771 1295 veras
1802 1254 1944 1305 esse,

373 1341 430 1387 at
468 1329 828 1400 subsequenti
858 1328 1293 1399 transgressione
1342 1329 1577 1384 mendax
1626 1345 1727 1399 pro
1768 1330 1949 1386 veraci

371 1422 826 1493 deprehenditur.
862 1420 972 1476 Aut
1027 1421 1191 1476 etiam
1251 1422 1377 1491 quia
1433 1423 1546 1489 ναὶ,
1578 1422 1631 1476 id
1659 1431 1740 1477 est
1776 1433 1946 1489 certe,

370 1530 480 1569 non
512 1514 578 1569 ad
604 1513 1075 1568 conﬁrmationem
1106 1512 1401 1581 profertur,
1432 1528 1612 1585 neque
1635 1512 1723 1578 οὗ,
1763 1514 1814 1569 id
1840 1522 1945 1578 est.

370 1621 508 1672 non,
536 1607 603 1660 ad
632 1606 683 1662 id
718 1607 863 1676 quod
907 1622 1020 1661 non
1059 1609 1355 1677 respondet
1403 1608 1571 1664 facto.
1630 1608 1731 1663 l‘er
1781 1608 1948 1662 Deum

371 1705 556 1751 autem
592 1698 780 1767 jurare
810 1698 1062 1768 prohibet
1093 1710 1314 1769 propter
1336 1700 1639 1770 periurium
1673 1717 1686 1753 :
1718 1714 1814 1769 per
1839 1713 1952 1755 cm-

375 1790 485 1843 lum
529 1806 659 1845 vero
694 1797 751 1845 et
794 1791 1027 1861 reliqua,
1058 1807 1127 1847 ne
1162 1801 1218 1847 et
1245 1794 1360 1849 haec
1388 1793 1455 1848 ad
1485 1793 1734 1849 divinum
1772 1792 1951 1848 hono-

372 1895 490 1935 rem
543 1880 871 1937 referantur.
930 1882 1256 1955 Quicunque
1289 1884 1435 1940 enim
1463 1885 1672 1956 iurant,
1706 1899 1805 1955 per
1835 1900 1952 1939 ma-
1983 1888 2026 1943 Β

371 1973 548 2045 jorem
587 1973 793 2043 jurant.

447 2064 514 2121 V.
550 2067 737 2122 15-18.
775 2067 1038 2138 Aﬁligilur
1064 2067 1259 2138 aliquis
1286 2068 1424 2122 inter
1447 2085 1534 2124 eos
1554 2070 1580 2123 7
1614 2079 1746 2124 oret.
1777 2068 1956 2140 ιΕᾳιιο

377 2158 557 2211 animo
584 2159 905 2230 estaliquis?
938 2158 1152 2229 psallat.
1184 2158 1500 2229 Inﬁrmatur
1526 2162 1641 2232 quis
1668 2162 1808 2216 inter
1835 2163 1956 2217 res?

378 2258 614 2304 accersat
650 2251 973 2320 presbyteros
1013 2250 1263 2316 ecclesiae,
1313 2260 1361 2304 et
1409 2260 1558 2304 orent
1611 2267 1770 2319 super
1812 2266 1954 2315 eum,

377 2351 626 2413 tingentes
658 2358 774 2396 eum
804 2342 916 2396 oleo
937 2343 993 2396 in
1025 2343 1234 2396 nomine
1272 2342 1505 2407 Domini,
1561 2353 1611 2396 et
1660 2343 1957 2397 obsecratio

378 2434 500 2505 ﬁdei
527 2434 733 2489 salvum
768 2435 944 2489 reddet
994 2434 1346 2499 laborantem,
1397 2443 1446 2488 et
1479 2435 1640 2503 eriget
1691 2451 1810 2488 eum
1849 2433 1959 2490 Do-

380 2526 556 2580 minus
589 2542 606 2579 :
644 2535 693 2579 et
714 2528 759 2580 si
799 2528 854 2579 in
885 2527 1112 2597 peccatis
1138 2528 1319 2596 fuerit,
1348 2527 1683 2580 remittemur
1711 2527 1779 2582 ei.
1814 2526 1956 2583 Con-

381 2617 614 2685 ﬁtemini
638 2618 855 2671 inricem
886 2619 1102 2680 delicta.
1148 2629 1196 2672 et
1227 2626 1378 2672 orate
1420 2634 1514 2688 pro
1543 2618 1687 2673 vobis
1736 2620 1960 2673 invicem

383 2715 442 2759 ut
470 2708 751 2762 sane-uini.
791 2708 1012 2762 Multum
1044 2709 1178 2763 valet
1226 2708 1525 2777 deprecatio
1570 2709 1707 2778 justi
1755 2710 1955 2779 efﬁcax.

383 2799 532 2855 Elias
563 2801 717 2855 homo
745 2813 859 2856 erat
880 2803 1125 2857 similiter
1150 2803 1410 2857 obnoxius
1432 2802 1797 2872 affectionibus
1819 2804 1960 2858 sicut

383 2908 499 2956 nos,
533 2908 581 2947 et
611 2896 914 2962 precatione
932 2905 1174 2962 precatus
1192 2903 1265 2949 est
1284 2911 1348 2949 ne
1363 2896 1582 2961 plueret,
1618 2904 1666 2949 et
1694 2911 1796 2949 non
1824 2896 1961 2965 pluit

382 2999 543 3052 super
604 2994 796 3039 terram
831 3002 997 3040 annos
1028 2997 1130 3040 tres
1162 2996 1211 3041 et
1242 3002 1441 3041 menses
1483 3001 1594 3041 sex.
1636 2984 1963 3056 Rursumque

384 3078 576 3144 oravit,
605 3088 654 3132 et
678 3079 861 3133 calum
883 3078 1294 3149 deditpluviam,
1317 3088 1367 3135 et
1398 3087 1541 3134 terra
1564 3078 1815 3149 produxit
1844 3078 1961 3148 fru-

386 3177 527 3223 ctum
558 3185 736 3224 suum.

2051 613 2070 645 ι
2110 593 2227 649 Ἵνα
2268 595 2342 665 μὴ
2394 595 2472 658 είς
2502 594 2794 664 ὑπόκρισιν
2839 594 3065 665 πέσητε.
3099 612 3120 645 s
3152 592 3262 662 Τὴν
3310 591 3635 659 ὑπόκρισιν

2047 686 2166 755 ἦτοι
2205 685 2305 757 τὴν
2356 687 2715 755 κατάκρισιν
2747 686 2918 753 λέγει,
2955 686 3079 757 ἥτις
3122 684 3482 739 ἐπακολουθεῖ
3518 688 3633 747 τοῖς

2046 781 2289 850 ἀφειδῶς
2315 781 2602 852 ὀμνύουσι,
2635 783 2731 837 καί⁸
2756 781 2846 836 διὰ
2875 783 2972 852 τῆς
3006 781 3296 851 συνηθείας
3319 780 3428 835 τῶν
3453 782 3634 851 ὅρκων

2048 875 2142 927 ἐπὶ
2175 874 2236 928 τὸ
2269 876 2553 945 ἐπιορκεῖν
2576 874 2986 946 ἐκφερομένοις.
3022 876 3092 927 Ἢ
3122 876 3216 927 καὶ
3240 873 3374 926 αὐτὸ
3408 874 3469 926 τδ
3499 873 3635 926 Om-

2048 965 2333 1037 κρίνεσθαι
2381 965 2639 1036 σημαίνει
2682 965 2926 1020 ἐνταῦθα
2961 965 3024 1019 τὸ
3067 965 3261 1033 ὄνομα,
3310 964 3339 1018 ὃ
3379 964 3508 1019 ἄλλο
3545 962 3631 1029 ὃν,

2044 1056 2236 1129 ἕτερον
2265 1057 2535 1127 φαίνεται.
2566 1057 2689 1119 Πῶς
2713 1056 2807 1111 οὖν
2842 1057 2922 1120 είς
2949 1056 3241 1127 ὑπόκρισιν
3280 1057 3308 1109 ὀ
3337 1054 3510 1124 ὀμνὺς
3537 1054 3634 1107 πε-

2049 1166 2174 1202 πτει
2200 1166 2214 1215 ;
2238 1149 2637 1218 Πιστευόμενος
2663 1150 2761 1220 μὲν
2785 1148 2873 1201 διὰ
2904 1147 3011 1202 τῶν
3031 1149 3211 1218 ὅρκων
3236 1145 3441 1217 ἀληθὴς
3465 1142 3632 1210 εἶναι,

2049 1241 2422 1312 παραϐάσεως
2469 1240 2525 1295 δὲ
2574 1240 3071 1305 ἐπακολουθούσης,
3098 1238 3341 1310 ψεύστης
3374 1240 3502 1293 ἀντὶ
3533 1236 3632 1292 τοῖι

2051 1332 2285 1403 ἀληθοῦς
2332 1332 2792 1405 ἀποφαινόμενος.
2840 1334 2910 1386 ’Ἡ
2964 1334 3058 1387 καὶ
3111 1333 3196 1397 τὸ,
3241 1331 3375 1400 Nai,
3430 1331 3506 1401 μὴ
3541 1331 3638 1385 ἐπὶ

2053 1422 2273 1494 βεϐαίου
2303 1425 2614 1498 προφέρων,
2641 1425 2775 1495 μηδὲ
2803 1425 2885 1490 τὸ,
2907 1423 3013 1490 οὒ,
3031 1423 3125 1477 ὲπὶ
3156 1421 3250 1477 τοῦ
3278 1423 3353 1493 μὴ
3382 1422 3500 1475 οἴου
3530 1439 3636 1477 πε-

2051 1517 2320 1588 πρᾶχθαι.
2381 1517 2597 1572 Κωλύει
2659 1519 2717 1572 δὲ
2768 1517 2912 1571 κατά
2961 1515 3098 1571 Θεοῦ
3133 1517 3355 1586 ὀμνύειν
3402 1515 3493 1570 διὰ
3534 1514 3636 1585 τὴν

2051 1609 2360 1680 ἐπιορκίαν,
2401 1610 2543 1664 κατὰ
2573 1611 2629 1665 δὲ
2660 1610 2755 1665 τοῦ
2787 1609 3024 1681 ούρανοῦ
3055 1609 3152 1664 καὶ
3182 1608 3291 1663 τῶν
3315 1608 3516 1674 ἀλλων,
3546 1608 3637 1663 διὰ

2051 1698 2112 1752 τὸ
2148 1699 2223 1772 μὴ
2261 1699 2357 1753 καὶ
2401 1700 2578 1755 ταῦτα
2617 1702 2696 1764 είς
2732 1700 2869 1755 Θεοῦ
2922 1700 3096 1771 τιμὴν
3141 1700 3389 1770 ἀνάγειν.
3425 1698 3637 1762 Πάντες

2052 1792 2162 1864 γάρ
2193 1794 2243 1847 ei
2272 1793 2569 1863 ὀμνύοντες
2612 1796 2755 1850 κατὰ
2784 1794 2879 1849 τοῦ
2916 1795 3165 1866 μείζονος
3201 1792 3488 1863 ὀμνύουσι.

2126 2044 2472 2102 Κακοπαθεῖ
2498 2062 2588 2111 τις
2634 2043 2706 2099 ἐν
2734 2043 2916 2114 ὐμῖν;
2958 2043 3406 2114 προσευχέσθω.
3439 2043 3639 2097 Εὐθυ-

2050 2140 2159 2211 μεῖ
2183 2157 2311 2205 τις;
2347 2137 2654 2194 Ψαλλέτω.
2701 2137 2975 2193 Ἀσθενεῐ
3011 2154 3103 2203 τις
3130 2137 3201 2191 ἐν
3224 2136 3406 2206 ὐμῖν;
3439 2150 3638 2204 προσ-

2058 2231 2422 2288 καλεσάσθω
2453 2230 2594 2297 τοὺς
2633 2229 3081 2299 πρεσϐυτέρους
3106 2228 3216 2298 τῆς
3244 2229 3639 2295 Ἐκκλησίας,

2058 2324 2158 2380 καὶ
2212 2322 2775 2393 προσευξάσθωσαν
2843 2322 2934 2376 ἐπ’
2991 2322 3220 2386 αὑτὸν,.
3272 2322 3642 2388 ἀλείψαντες

2058 2414 2249 2471 αὑτὸν
2287 2414 2469 2479 ἐλαίῳ
2509 2413 2578 2466 ἐν
2617 2411 2697 2479 τῷ
2747 2413 2992 2482 ὀνόματι
3039 2412 3146 2466 τοῦ
3181 2414 3426 2481 Κυρίου.
3462 2410 3568 2465 Kal
3603 2411 3641 2478 ἠ

2059 2507 2212 2577 εὐχὴ
2267 2506 2379 2574 τῆς
2435 2507 2697 2571 πίστεως
2754 2502 2942 2560 σώσει
2997 2503 3105 2559 τὸν
3154 2504 3485 2573 κάμνοντα,
3542 2503 3639 2557 καὶ

2060 2596 2256 2668 ἐγερεῖ
2286 2595 2474 2650 αὑτὸν
2503 2598 2536 2649 ό
2568 2596 2817 2663 Κύριος,
2868 2592 2984 2647 κᾶν
3012 2593 3303 2663 ἁμαρτίας
3325 2586 3366 2663 ᾗ
3393 2605 3642 2660 naxon;-

2062 2689 2202 2756 κὼς,
2231 2687 2596 2759 ἀφεθήσεται
2626 2686 2808 2753 αὐτῷ.
2826 2684 3324 2756 Ἐξομολογεῖσθε
3344 2683 3644 2749 ἀλλήλοις

2061 2784 2135 2841 τὰ
2194 2780 2657 2853 παραπτώματα,
2691 2778 2791 2833 καί
2836 2778 3094 2847 εὔχεσθε
3140 2777 3292 2848 ὑπὲρ
3324 2777 3641 2841 ἀλλήλων,

2062 2878 2219 2942 ὅπως
2271 2874 2493 2944 tamira.
2560 2872 2726 2928 Πολὺ
2769 2872 2972 2942 ίσχύει
3012 2870 3225 2938 δέησις
3262 2868 3500 2925 δικαίου
3546 2868 3644 2921 br-

2062 2969 2413 3042 εργουμένη.
2483 2965 2683 3032 Ἠλίας
2764 2963 3076 3033 ἄνθρωπος
3128 2957 3206 3033 ἦν
3277 2957 3647 3030 ὁμοιοπαθὴς

2063 3064 2227 3136 ὑμῖν,
2261 3061 2358 3117 καί
2393 3055 2709 3130 προσευχῄ⁹
2741 3054 3135 3126 προσηύξατο
3164 3053 3271 3108 τοῦ
3297 3051 3383 3122 μὴ
3402 3049 3644 3119 βρέξαι,

2065 3160 2164 3217 καὶ
2200 3160 2312 3214 οὐκ
2341 3152 2586 3224 ἔϐρεξεν
2608 3150 2708 3206 ἐπὶ
2732 3148 2845 3218 τῆς
2871 3146 2984 3220 γῆς
3015 3145 3336 3210 ἐνιαυτοὺς
3362 3142 3520 3213 τρεῖς
3548 3140 3650 3196 καὶ

378 3262 583 3335 μῆνας
616 3264 707 3329 ἐξ.
748 3265 857 3320 Kal
891 3265 1078 3321 πάλιν
1108 3264 1525 3337 προσηύξατο,
1572 3264 1672 3319 καί
1701 3267 1736 3320 ὁ
1775 3262 2034 3333 οὐρανὸς
2060 3256 2239 3317 ὑετὸν
2260 3252 2469 3319 ἔδωκε,
2490 3247 2590 3306 καὶ
2639 3247 2679 3316 ἡ
2712 3244 2787 3320 γῆ
2841 3242 3190 3315 ἐϐλάστησε
3242 3240 3353 3296 τὸν
3412 3236 3651 3308 καρπόν

385 3358 597 3425 αὐτῆς.

459 3421 817 3506 Alllictionem
844 3450 1138 3507 comitatur
1167 3450 1368 3517 oratio,
1405 3459 1466 3505 ut
1498 3450 1550 3506 ei
1578 3450 1672 3521 qui
1702 3448 1958 3522 aﬂligitur

2133 3436 2213 3505 Τῇ
2261 3429 2604 3501 κακοπαθείᾳ
2647 3424 2925 3499 προσευχὴ
2958 3422 3344 3495 παρομαρτεῖ,
3399 3421 3486 3477 ἵνα
3518 3437 3652 3478 κου·

393 3546 567 3599 lcvior
631 3545 725 3599 tiat
779 3543 961 3598 exitus
992 3541 1366 3598 °aﬂlictionum
1424 3543 1540 3598 sive
1577 3542 1961 3597 tentationum.

391 3638 596 3693 Deinde
626 3637 714 3691 ubi
732 3635 900 3708 4⁸18
921 3634 1236 3706 precatione
1269 3635 1536 3705 placuerit
1565 3649 1628 3689 ea
1658 3649 1778 3704 qua:
1805 3633 1963 3688 nobis

391 3730 619 3784 molesta
651 3737 799 3792 sunt,
822 3737 876 3783 et
896 3729 963 3783 ad
997 3744 1154 3793 suum
1182 3739 1387 3782 statum
1413 3742 1477 3782 ac
1517 3726 1962 3797 tranquillitatem

391 3821 709 3894 pervenerit
741 3821 945 3886 anima,
978 3829 1109 3875 tunc
1142 3820 1359 3889 psallat,
1403 3828 1460 3874 ut
1483 3834 1605 3890 qua
1654 3818 1759 3875 sibi
1815 3833 1966 3872 com-

390 3915 553 3971 moda
583 3923 713 3969 sunt
753 3913 1209 3983 multiplicemur,
1243 3928 1309 3969 ac
1332 3913 1637 3968 delectetur
1691 3911 1964 3981 spirituali

392 4007 779 4064 exsultatione.
824 4004 1107 4076 S’quidem
1140 4005 1390 4060 hilaritas
1420 4019 1483 4059 ac
1509 4004 1826 4074 jucunditas
1880 4018 1968 4058 re-

390 4109 512 4156 ctus
560 4099 725 4153 animi
757 4105 929 4154 status
974 4106 1076 4161 est,
1119 4098 1271 4167 juxta
1309 4111 1564 4169 magnum
1613 4112 1831 4167 quoque
1868 4111 1968 4149 no-

390 4203 563 4249 strum
596 4191 876 4257 Basilium,
941 4191 1268 4261 hymnorum
1316 4189 1431 4245 sive
1484 4189 1798 4245 divinarum
1852 4188 1970 4243 lau-

390 4288 519 4343 dum
551 4285 955 4341 consolationes
1014 4282 1240 4353 gratiam
1302 4281 1609 4336 conferunt.
1655 4282 1848 4350 Itaque
1875 4280 1968 4349 qui

391 4395 500 4433 non
536 4378 607 4432 ita
634 4375 921 4447 processit,
958 4389 1137 4441 neque
1167 4372 1231 4425 ad
1265 4372 1576 4442 huiusmodi
1611 4381 1813 4427 statum
1842 4386 1965 4441 per-

393 4467 565 4528 venit,
622 4479 784 4535 quem
824 4475 879 4517 et
918 4461 1086 4516 David
1137 4462 1483 4516 sanctitatem
1524 4472 1682 4515 vocat
1715 4478 1729 4515 :
1761 4479 1779 4512 ι
1820 4461 1969 4516 Psal-

394 4559 509 4621 litc,
540 4557 812 4628 inquiens,
851 4554 1081 4608 Domino
1105 4554 1277 4609 sancti
1297 4553 1416 4622 ejus
1444 4552 1515 4618 ",
1560 4570 1581 4606 ι
1617 4568 1841 4623 magnas
1860 4553 1971 4624 agit

394 4664 587 4720 nugas,
644 4662 781 4700 vane
812 4653 867 4699 et
917 4644 1155 4698 inaniter
1192 4643 1450 4713 psallens,
1510 4644 1967 4713 quemadmodum

381 4741 557 4796 etiam
617 4736 905 4807 proverbio
955 4734 1167 4789 dicunt.
1204 4750 1224 4785 ι
1264 4731 1542 4803 Ungentes
1585 4732 1725 4787 oleo.
1786 4752 1805 4785 ›
1853 4732 1969 4788 lloc

2066 3527 2270 3598 (ρο-τέρα
2298 3523 2377 3593 τῷ
2418 3519 2798 3592 πειραζομένῳ
2846 3515 2997 3588 αὐτῷ
3040 3517 3077 3587 ἡ
3116 3515 3352 3580 διέξοδος
3390 3514 3501 3568 τῶν
3530 3532 3651 3567 πει-

2067 3618 2296 3692 ρασμῶν
2330 3616 2576 3686 γένηται.
2615 3607 2751 3667 Εῒτα
2799 3610 3019 3665 ἔπειδάν
3061 3609 3149 3664 διὰ
3179 3611 3282 3681 τῆς
3337 3608 3653 3680 προσευχῆς

2065 3707 2417 3778 κατευνασοῇ
2463 3706 2533 3760 τὰ
2572 3703 2891 3775 διοχλούντα
2923 3703 3076 3771 ἡμῖν.
3119 3700 3231 3755 Καὶ
3270 3698 3408 3771 πρὸς
3436 3697 3534 3770 τὴν
3564 3700 3648 3752 οἱ·

2066 3800 2195 3856 κίαν
2247 3798 2581 3852 κατάστασιν
2635 3796 2730 3848 καὶ
2778 3791 3083 3864 ἀταραξίαν
3114 3792 3382 3863 ἀφίκηται
3420 3792 3649 3861 ἡψυχὴ,

2066 3886 2368 3961 τηνικαῦτα
2397 3885 2649 3957 ψαλλέτω
2688 3883 2777 3937 ἶνα
2829 3883 2897 3936 τὰ
2921 3882 3134 3954 χρηστά
3185 3881 3335 3952 αύτῷ
3370 3881 3652 3934 πολυπλα-

2070 3981 2287 4053 σιασοῇ,
2313 3981 2408 4033 καὶ
2434 3976 2720 4050 ὲντρυφῲῃ
2752 3974 2829 4045 τῷ
2864 3973 3223 4044 πνευματικῷ
3250 3973 3649 4043 ἀγαλλιάματι.

2069 4075 2145 4128 Τὸ
2183 4073 2299 4143 γὰρ
2332 4069 2516 4143 ἱλαρὸν
2562 4070 2660 4124 καὶ
2710 4068 2916 4123 άλυπον
2966 4066 3297 4137 κατάστημα
3322 4066 3421 4136 τῆς
3451 4066 3650 4137 ψυχῆς,

2070 4165 2212 4220 κατὰ
2262 4164 2353 4218 τὸν
2389 4162 2662 4234 ἡμέτερον
2719 4161 2815 4214 καὶ
2866 4158 3041 4230 μέγαν
3087 4158 3405 4222 Βασίλειον,
3444 4160 3502 4211 αἱ
3544 4158 3654 4211 τῶν

2072 4258 2260 4329 ὓμνων
2282 4254 2630 4327 παρηγορίας
2656 4251 2997 4324 χαρίζονται.
3025 4251 3087 4306 Ὀ
3116 4251 3227 4323 γάρ
3256 4268 3336 4305 τοι
3386 4251 3463 4322 μὴ
3506 4250 3655 4305 οὔτω

2073 4349 2284 4423 προὸἀς
2331 4347 2468 4419 μηδὲ
2511 4346 2572 4399 τὸ
2609 4343 2822 4399 τοιοῦτο
2856 4343 3189 4414 κατάστημα
3222 4341 3456 4410 φθάσας,
3492 4342 3520 4394 ὃ
3559 4343 3655 4395 καὶ

2071 4440 2239 4495 Δαυῒδ
2268 4439 2525 4509 ὁσιότητα
2557 4435 2734 4491 καλεῖ.
2766 4453 2785 4487 ι
2821 4434 3047 4488 Ψάλατε
3070 4431 3198 4504 γὰρ,
3230 4434 3384 4502 φησι,
3412 4431 3491 4503 τῷ
3533 4433 3619 4486 Κυ
3639 4460 3655 4475 ο

2076 4532 2195 4604 ρίῳ,
2223 4533 2270 4585 οἱ
2317 4532 2456 4585 ὅσιοι
2498 4527 2685 4583 αὐτοῦ.
2718 4546 2737 4580 s
2786 4528 2967 4598 Λῆρον
3009 4523 3219 4597 μακρὸν
3269 4524 3485 4590 ἐξανύει
3536 4542 3656 4595 την-

2071 4624 2245 4689 άλλως
2295 4624 2390 4677 καὶ
2439 4621 2603 4691 κενὴν
2643 4620 2888 4690 ψάλλων,
2923 4619 3000 4683 ὡς
3054 4619 3103 4671 οἱ
3154 4616 3653 4688 παροιμιαζόμενοι

2070 4737 2257 4789 φασιν.
2290 4735 2307 4769 ι
2333 4715 2681 4783 Ἀλείψαντες
2713 4713 2899 4784 ἐλαίῳ.
2938 4731 2957 4764 ι
2992 4712 3165 4765 Τοῦτο
3196 4712 3293 4764 καὶ
3319 4710 3413 4763 τού
3448 4709 3653 4778 Κυρίου

393 4831 554 4885 etiam
598 4828 829 4883 Domino
856 4826 1001 4879 inter
1048 4823 1300 4878 homines
1365 4822 1545 4878 adhuc
1605 4832 1958 4879 conversante

2073 4811 2152 4862 ἔτι
2183 4810 2293 4870 τοῖς
2328 4804 2644 4877 ἀνθρώποις
2674 4800 3261 4872 συναναστρεφομένου
3286 4799 3336 4853 οξ
3363 4797 3654 4852 ἀπόστολοι

386 4921 666 4978 faciebant
702 4917 958 4988 apostoli.
983 4922 1255 4983 tingentes
1279 4924 1509 4986 :rgrotos
1529 4915 1652 4971 oleo
1679 4926 1733 4971 et
1761 4931 1967 4970 sanan-

395 5024 478 5068 tes
498 5013 563 5065 ⁸⁸.
595 5032 614 5065 ι
662 5010 984 5081 Deprecatio
1020 5008 1228 5065 etﬁcax.
1269 5027 1289 5061 ι
1322 5008 1516 5063 Etlicax
1549 5018 1633 5064 est
1678 5010 1811 5079 justi
1843 5024 1967 5063 ora-

394 5110 493 5172 tio,
518 5105 736 5178 quando
758 5105 802 5158 is
828 5118 926 5173 pro
950 5117 1060 5173 quo
1086 5111 1359 5171 precatur,
1379 5102 1644 5171 spirituali
1675 5101 1968 5156 atllictione

390 5201 594 5272 iuverit
622 5213 748 5254 cum
781 5195 872 5265 qui
898 5202 1169 5266 precatur.
1216 5194 1273 5247 Si
1315 5195 1464 5249 enim
1510 5194 1633 5248 aliis
1666 5208 1764 5261 pro
1808 5193 1968 5246 nobis

384 5294 703 5355 orantibus.
741 5305 844 5345 nos
875 5304 1129 5344 vacemus
1155 5287 1364 5343 deliciis
1390 5302 1455 5343 ac
1496 5285 1966 5349 dissolutionibus,

391 5390 633 5455 vitaeque
682 5383 857 5453 plena:
907 5378 1453 5450 transgressionibns.
1493 5376 1843 5431 dissolvimus
1875 5389 1971 5444 per

388 5484 497 5528 hoc
526 5472 930 5526 vehementiam
960 5468 1227 5524 orationis
1256 5484 1380 5537 qua:
1409 5474 1581 5521 certat
1617 5482 1714 5536 pro
1749 5465 1906 5519 nobis
1951 5482 1963 5519 :

390 5577 453 5620 ct
489 5564 792 5633 eouipletur
830 5563 886 5618 in
917 5561 1075 5617 nobis
1100 5561 1231 5616 illud
1250 5560 1396 5616 beati
1427 5558 1568 5613 Petri
1607 5576 1620 5611 :
1659 5556 1811 5612 Unus
1837 5555 1971 5611 acdi-

389 5657 565 5710 tl-saus
601 5665 659 5711 et
702 5670 844 5709 unus
894 5654 1206 5717 destruens,
1250 5652 1385 5721 quid
1438 5648 1661 5720 prodest
1717 5648 1823 5702 illis
1861 5645 1970 5701 nisi

391 5747 585 5799 lnior?

473 5862 516 5891 ⁵⁷
552 5860 690 5916 ι’δμιι.
729 5876 816 5925 xx,
989 5860 1035 5893 ⁵⁸
1079 5858 1243 5913 Marc.
1302 5872 1376 5919 vt,
1434 5856 1514 5910 l5.

2071 4901 2313 4965 ἐποίουν,
2363 4898 2679 4967 ἀλείφοντες
2724 4895 2853 4959 τοὺς
2909 4893 3275 4956 ἀσθενοῦντας
3324 4889 3493 4962 ἐλαίῳ
3555 4890 3651 4944 καὶ

2076 4995 2318 5065 ἰώμενοι.
2349 5010 2367 5042 ι
2396 4990 2593 5061 Δέησις
2633 4987 3023 5060 ἐνεργουμένη.
3055 5004 3075 5038 s
3124 4985 3466 5054 Ἐνεργείται
3496 4986 3528 5053 ἠ
3559 4981 3687 5041 τοί,

2071 5087 2277 5142 δικαίου
2324 5084 2479 5153 εὐχὴ,
2541 5083 2671 5136 ὅταν
2728 5080 2825 5134 καὶ
2869 5081 2896 5133 ὀ
2935 5077 3078 5148 ὑπὲρ
3128 5073 3189 5130 οὗ
3235 5074 3457 5147 εὔχεται
3512 5090 3654 5145 συμ-

2078 5179 2293 5250 πράττῃ
2329 5176 2416 5229 διὰ
2451 5172 2748 5235 κακώσεως
2791 5172 3171 5239 πνευματικῆς
3217 5167 3298 5238 τῷ
3348 5166 3650 5235 εύχομὲνῳ.

2081 5272 2177 5323 Ἂν
2206 5269 2314 5339 γὰρ
2344 5266 2548 5335 ἑτέρων
2593 5264 2735 5335 ὑπὲρ
2780 5263 2942 5332 ἡμῶν
2972 5261 3306 5330 εὐχομένων,
3345 5257 3655 5319 σπατάλαες

2078 5363 2237 5434 ἡμεῖς
2265 5359 2617 5428 σχολάζωμεν
2664 5357 2758 5409 καὶ
2799 5354 3019 5408 ἀνέσεσι
3074 5351 3167 5404 καὶ
3216 5347 3653 5421 ὲκδεδιῃτημένῳ

2078 5454 2199 5525 βίῳ,
2220 5453 2486 5523 ἑκλύομεν
2518 5451 2609 5506 διὰ
2637 5450 2831 5504 τούτου
2859 5448 2919 5501 τὸ
2950 5445 3203 5500 σύντονον
3231 5446 3330 5515 τῆς
3363 5442 3532 5513 εὐχῆς
3560 5438 3651 5494 τοῦ

2079 5546 2220 5616 ὑπὲρ
2250 5544 2409 5615 ἡμῶν
2432 5541 2858 5612 ἀγωνιζομένου.
2909 5539 3017 5593 Καὶ
3061 5536 3277 5605 γίνεται
3305 5535 3390 5604 ἐφ’
3421 5535 3557 5604 ἡμῖν
3594 5527 3653 5582 τὸ

2079 5636 2173 5690 τοῦ
2201 5635 2474 5706 μακαρίον
2525 5633 2731 5702 Πέτρου
2754 5650 2767 5664 ο
2801 5624 2895 5694 Εἷς
2932 5627 3232 5700 οἰκοδομῶν
3263 5626 3358 5680 καὶ
3386 5619 3467 5687 εἷς
3516 5618 3652 5676 καθ-

2080 5728 2269 5797 αἷρων,
2298 5725 2449 5778 οζδὲν
2483 5724 2765 5792 ὠφέλησεν
2793 5722 2824 5793 ἢ
2852 5720 3073 5783 κόπους»
