3986 6570
272 336 386 401 513

266 549 415 603 κατὰ
450 551 761 621 πρόγνωσιν
788 553 948 617 Θεοῦ,
989 555 1166 625 δηλῶν
1191 559 1272 610 ὅτι
1303 561 1469 630 μηδὲν
1505 563 1724 633 ὑστερεῖ
1754 563 1862 616 τῶν

264 643 611 713 προφητῶν,
661 647 711 699 οἳ
758 651 856 700 καὶ
913 650 1068 702 αὐτοὶ
1118 651 1537 724 ἀπεστάλησαν,
1576 658 1625 708 εί
1663 656 1737 727 μὴ
1783 656 1861 727 τῷ

262 734 476 805 χρόνῳ.
537 737 662 791 Ὅτι
709 738 768 791 δὲ
815 742 1207 813 ἀπεστάλησαν
1272 749 1366 799 καὶ
1427 750 1475 801 oi
1558 752 1861 820 προφῆται,

278 824 520 890 ἰἰσσῖτις
571 830 736 898 φησὶν
785 831 843 882 ἐν
900 831 1001 901 τῷ,
1036 854 1056 885 r
1090 836 1563 904 Εὐαγγελίσασθαι
1622 846 1861 913 πτωχοῖς

262 916 589 971 ἀπέσταλκε
624 936 712 986 με.
755 938 774 970 ι
819 921 960 974 Ἀλλ’
994 926 1043 976 εί
1095 927 1189 978 καὶ
1240 928 1318 997 τῷ
1373 930 1551 1002 χρόνῳ
1618 933 1858 1005 ὑστερεῖ,

260 1009 391 1062 ἀλλ’
422 1011 546 1081 οὐχὶ
577 1013 673 1065 καὶ
707 1017 773 1086 τῇ
834 1017 1147 1086 προγνώσει
1190 1021 1284 1074 τοῦ
1329 1022 1484 1090 Θεοῦ,
1531 1026 1668 1080 ἀλλὰ
1718 1027 1861 1080 κατὰ

209 1118 229 1127 ο
259 1104 432 1156 τοῦτο
463 1105 750 1175 ἐνάμιλλον
792 1109 983 1162 ἑαυτὸν
1018 1113 1261 1185 Ἱερεμίᾳ
1302 1117 1595 1185 άποιραίνει
1628 1120 1733 1190 πρὸ
1762 1119 1859 1173 τοῦ

260 1194 331 1245 ὲν
364 1194 546 1265 κοιλίᾳ⁵
583 1196 890 1267 πλασθῆναι
924 1204 1255 1275 ὲγνωσμένῳ
1294 1224 1353 1260 τε
1387 1211 1480 1262 καὶ
1512 1211 1858 1281 ἡγιασμένη),

263 1288 371 1340 καὶ
406 1290 696 1362 προφήτην
741 1294 822 1355 εἰς
869 1294 997 1364 ἔθνη
1048 1300 1369 1371 τεθειμὲνῳ.
1425 1303 1537 1356 Καὶ
1582 1305 1775 1376 ἐπειδὴ
1808 1307 1860 1358 οἱ

266 1381 557 1451 προφῆται
601 1384 721 1454 μεθ’
751 1387 956 1456 ἐτέρων
990 1391 1082 1443 καὶ
1127 1392 1225 1463 τὴν
1266 1395 1503 1464 Χριστοῦ
1539 1401 1859 1470 προκατήγ-

263 1472 466 1558 γειλαν
511 1475 835 1543 παρουσίαν,
863 1477 880 1548 (
913 1480 1323 1552 Ἀπεστάλησαν
1358 1484 1489 1555 γὰρ,
1539 1486 1625 1539 διὰ
1655 1488 1855 1558 τοῦτο),

267 1553 433 1625 οὗτος
478 1565 807 1637 προστίθησι
841 1568 942 1637 τὴν
993 1572 1186 1641 χρείαν
1232 1576 1331 1642 τῆς
1370 1553 1726 1648 ¹ἀποστολῆς,
1766 1553 1859 1635 καί

268 1670 442 1722 φησιν
495 1656 601 1718 ὅτι,
649 1658 739 1711 Ἐν
776 1660 1035 1734 ἁγιασμῷ
1070 1665 1385 1736 ἀπεστάλην
1431 1669 1751 1740 Πνεῦματος
1781 1675 1859 1738 είς

270 1746 526 1818 ὑπακοὴν
570 1750 667 1804 καὶ
723 1754 1019 1826 ῥαντισμὸν
1064 1758 1299 1828 αἵματος
1361 1762 1536 1834 Ἰησοῦ
1589 1766 1855 1835 Χριστοῦ,

262 1838 430 1893 τοῦτο
454 1842 631 1915 δηλῶν
664 1844 754 1900 διά
789 1847 898 1900 τῶν
922 1855 1324 1923 προκειμένων,
1360 1856 1444 1910 ὅτι
1465 1861 1493 1910 ὁ
1517 1859 1719 1927 τρόπος
1755 1861 1856 1931 τῆς

264 1935 413 2005 ἐμῆς
439 1939 747 2010 ἀποστολῆς
778 1938 953 2009 οὗτος,
982 1948 1267 2018 ἀφορίσαι.
1300 1951 1474 2006 Τοῦτο
1513 1955 1624 2022 γὰρ
1650 1954 1739 2008 διὰ
1761 1957 1856 2010 τοῦ

278 2025 588 2097 Ἀγ;ασμοῦ
614 2035 876 2105 παριστᾷ,
924 2037 1000 2097 ὼς
1032 2038 1113 2098 τὸ,
1156 2057 1174 2090 ι
1215 2040 1322 2092 Καὶ
1365 2039 1557 2096 ἔσεσθέ
1605 2060 1694 2114 μοι
1727 2045 1857 2110 λαὸς

267 2119 587 2187 περιούσιος
618 2124 973 2195 ήγιασμένος.
1007 2145 1027 2180 ι
1082 2129 1228 2183 Ἀντὶ
1269 2135 1377 2202 γάρ
1408 2133 1501 2186 τοῦ
1534 2136 1856 2207 ἀφωρισμέ-

266 2228 357 2274 ιος
379 2215 446 2266 ἐκ
475 2213 588 2268 τῶν
626 2216 804 2271 ἄλλων
852 2218 1046 2275 ἐθνῶν.
1087 2222 1146 2274 Ὀ
1187 2224 1389 2293 τρόπος
1430 2224 1522 2278 οῦν
1551 2230 1650 2297 τῆς
1689 2229 1856 2282 αὐτοῦ

264 2303 578 2377 ἀποστολῆς
624 2309 887 2379 ἀφορίσαι
937 2311 1027 2365 διὰ
1074 2316 1465 2384 πνευματικῶν
1497 2321 1856 2389 χαρισμάτων

265 2398 490 2466 ὑπήκοα
521 2398 652 2470 ἔθνη
681 2401 758 2471 τῷ
787 2403 1010 2475 σταυρῷ
1036 2408 1129 2459 καὶ
1154 2408 1231 2478 τῷ
1264 2409 1424 2462 πάθει
1453 2411 1696 2480 Χριστοῦ
1729 2417 1856 2482 ραν-

262 2490 551 2559 τιζόμενα.
590 2493 652 2545 οὐ
685 2495 871 2565 σποδῷ
921 2497 1234 2566 δαμάλεως,
1287 2503 1527 2572 ὁπηνίκα
1584 2505 1694 2558 δέοι
1754 2508 1855 2576 τῆς

263 2583 373 2637 ἀπὸ
411 2586 514 2655 τῆς
545 2585 766 2654 roma;
799 2591 1114 2661 κοινότητος
1166 2594 1337 2666 λαϐὴν
1370 2597 1851 2669 ἀποκαθήρασθαι,

262 2675 400 2731 ἀλλὰ
429 2678 511 2749 τῷ
543 2680 652 2733 ἀπὸ
689 2681 787 2734 τοῦ
825 2683 1031 2748 πάθους
1070 2687 1311 2755 Χριστοῦ
1359 2692 1575 2761 αἵματι.
1617 2695 1768 2764 “Apta
1797 2695 1854 2749 δὲ

263 2770 359 2823 καὶ
390 2775 872 2845 προανακρούεται
899 2776 986 2831 δίά
1010 2777 1106 2831 τοῦ
1138 2780 1369 2849 αἵματος
1404 2786 1461 2835 τὸ
1494 2784 1585 2839 διὰ
1616 2788 1854 2858 Χριστὸν

262 2864 373 2917 τῶν
414 2867 495 2927 εἰς
530 2866 692 2921 αὐτὸν
747 2874 1112 2926 πιστευόντων
1149 2875 1469 2947 μαρτύριον.
1511 2879 1570 2930 ’Θ
1603 2881 1711 2951 γὰρ
1744 2886 1852 2946 τοῖς

262 2956 358 3010 τοῦ
381 2958 717 3015 διδασκάλου
745 2963 804 3016 ὲν
833 2965 1047 3034 ὑπακοῇ
1100 2968 1366 3038 ἑπόμενος
1408 2972 1601 3040 ἴχνεσι,
1634 2975 1853 3038 πάντως

263 3048 466 3119 δεῆσαν
500 3052 626 3104 οὐδὲ
653 3053 818 3116 αὐτὸς
867 3054 934 3109 ἂν
972 3057 1279 3128 ἀπόσχηται
1322 3061 1383 3113 τὸ
1422 3062 1550 3114 ἴδιον
1580 3059 1723 3132 αἷμα
1757 3068 1852 3118 ὲκ·-

1297 353 1688 418 CUMMENT.
1730 357 1811 416 IN
1853 357 2094 419 EPIST.
2137 360 2251 422 IS.
2293 359 2548 421 PETRI.

265 458 385 529 γὰρ
414 457 539 522 τοὺς
570 458 709 531 πρὸς
759 460 855 525 οὖς
898 465 933 535 ἡ
975 463 1287 538 Ἐπιστολή.
1329 468 1632 541 Ἐχρήσατο
1675 471 1731 525 δὲ
1764 471 1853 542 τῷ,

1971 472 2446 544 interpositionem
2499 477 2836 532 collocentur
2884 495 2900 532 :

2958 492 3085 533 nam
3132 478 3438 551 significant
3487 482 3556 538 ad

1966 582 2103 635 quos
2137 568 2406 623 scribatur
2426 570 2686 638 Epistola.
2714 570 2857 626 Usus
2885 580 2970 626 est
2997 581 3180 628 autem
3206 588 3267 627 ea
3291 575 3556 643 particula

1961 655 2117 726 juxta
2166 659 2562 727 pra-scientiam
2611 660 2726 726 Dei,
2769 662 2835 717 ad
2871 663 3291 733 signiﬁcandum
3321 666 3466 734 quod
3500 665 3554 719 in

1966 750 2118 804 nullo
2160 751 2230 804 sit
2262 751 2545 822 prephetis
2575 755 2847 823 posterior
2893 756 2987 826 qui
3022 765 3073 811 et
3111 756 3215 826 ipsi
3250 757 3397 811 missi
3436 758 3557 813 fue—

1966 849 2107 905 rant,
2161 842 2264 895 nisi
2326 851 2589 912 tempore.
2651 845 2806 912 Quod
2845 857 3028 902 autem
3072 847 3224 901 missi
3269 850 3476 904 fuerint
3499 858 3556 904 et

1964 934 2269 1002 prophetae,
2305 935 2437 990 dicit
2470 937 2634 990 Isaias
2664 954 2787 993 cum
2807 938 2921 993 ait:
2955 957 2974 989 ι
3001 938 3082 993 Ad
3112 939 3552 994 annuntiandum

1966 1029 2298 1098 pauperibus
2318 1029 2499 1083 lastutn
2537 1031 2791 1086 nuntium
2819 1033 2967 1087 misit
2997 1048 3083 1087 me
3108 1032 3147 1085 ί.
3179 1052 3197 1084 ι
3244 1029 3351 1087 Sed
3374 1046 3554 1100 quan-

1964 1135 2127 1189 quam
2161 1130 2409 1190 tempore
2444 1122 2774 1191 posteriores
2808 1124 3013 1189 tulerit,
3054 1140 3163 1179 non
3196 1134 3380 1179 tamen
3411 1138 3555 1194 pra:-

1965 1212 2195 1266 scientia
2225 1213 2342 1279 Dei,
2389 1215 2483 1269 sed
2514 1215 2567 1268 in
2605 1215 2709 1270 hoc
2749 1232 2934 1286 parem
2968 1232 3027 1271 se
3057 1217 3394 1272 deu'ionstrat
3427 1233 3554 1271 cum

1962 1304 2220 1373 Jercmia,
2263 1308 2355 1377 qui
2388 1309 2704 1379 priusquam
2751 1310 2804 1362 in
2852 1318 3009 1363 utero
3042 1309 3306 1363 formatus
3336 1308 3552 1376 fuisset,

1962 1401 2219 1470 cognitus
2247 1401 2426 1456 fuerat
2455 1410 2510 1457 et
2543 1402 2915 1457 sanctificatus
2936 1418 3000 1458 ac
3034 1403 3298 1473 propheta
3328 1402 3394 1456 ad
3419 1416 3554 1472 gen-

1967 1501 2048 1548 tes
2079 1495 2412 1566 dcsignatus.
2459 1495 2526 1551 Et
2554 1498 2809 1567 quoniam
2850 1498 3132 1568 propheta
3155 1498 3297 1552 inter
3331 1505 3549 1562 caetera,

1962 1583 2165 1638 Christi
2196 1587 2492 1641 adventum
2528 1587 2945 1656 designaverant
2968 1588 3060 1659 (ob
3085 1589 3189 1642 hoc
3215 1590 3360 1642 enim
3399 1587 3554 1642 missi

1963 1673 2203 1746 fuerant)
2237 1678 2325 1732 hic
2364 1680 2749 1733 neci-ssitatem
2783 1680 2864 1733 sui
2901 1680 3051 1734 addit
3093 1681 3429 1750 apostolatus
3463 1678 3553 1734 di-

1963 1781 2095 1821 cens
2127 1785 2139 1820 :
2194 1767 2251 1821 ln
2288 1769 2782 1824 sanctiﬁcationem
2821 1770 3062 1840 Spiritus
3099 1772 3300 1827 missus
3340 1786 3462 1824 sum
3495 1771 3553 1825 in

1961 1857 2332 1912 obedientiam
2356 1866 2409 1914 et
2442 1861 2820 1930 aspersionem
2849 1862 3131 1933 sanguinis
3155 1860 3284 1917 Jesu
3307 1861 3509 1918 Christi
3536 1879 3552 1917 :

1961 1950 2068 2005 hoc
2094 1951 2195 2023 sig:
2220 1951 2410 2007 ificans
2450 1970 2551 2023 per
2578 1970 2641 2008 ea
2673 1971 2799 2024 qua:
2835 1965 3218 2028 proponuntur
3263 1975 3275 2011 :
3325 1955 3423 2012 llic
3470 1966 3554 2013 est

1961 2046 2158 2099 modus
2184 2047 2289 2099 mei
2318 2048 2677 2116 apostolatus,
2706 2049 2773 2104 ad
2809 2052 3227 2121 segregandum.
3288 2050 3422 2105 Nam
3449 2050 3555 2107 hec

1958 2138 2211 2207 designat
2249 2157 2349 2209 per
2382 2140 2884 2197 Sanctiﬁt‘ationem
2920 2145 3122 2199 :‘sicut
3162 2160 3285 2199 cum
3329 2145 3551 2212 dicitur,

1966 2250 1985 2281 ι
2026 2228 2092 2282 Et
2121 2230 2273 2286 eritis
2304 2233 2435 2286 mihi
2455 2234 2693 2303 populus
2725 2235 3016 2304 peculiaris
3046 2236 3420 2291 sanctiﬁcatus
3445 2214 3547 2298 ’,ἰ

1962 2323 2068 2377 hoc
2112 2332 2194 2379 est
2233 2336 2550 2397 segregatus
2584 2342 2648 2381 ex
2691 2328 2812 2382 aliis
2838 2328 3111 2398 gentibus.
3159 2328 3351 2383 Modus
3390 2327 3553 2399 igitur

1958 2418 2297 2483 apostolatus
2332 2419 2504 2488 ipsius
2538 2421 2656 2484 fuit,
2688 2430 2747 2475 ut
2769 2429 3053 2490 separaret
3078 2436 3178 2492 per
3210 2423 3352 2476 dona
3385 2421 3552 2491 spiri-

1960 2509 2124 2563 tualia
2159 2518 2346 2580 gentes
2376 2511 2717 2579 obedientes,
2754 2528 3008 2583 aspersas
3043 2514 3299 2584 passione
3328 2523 3384 2569 et
3419 2530 3551 2569 san-

1958 2602 2122 2672 guine
2179 2600 2403 2668 Christi,
2459 2619 2568 2659 non
2615 2605 2801 2660 ciuere
2856 2606 3126 2675 iuvencae,
3159 2622 3283 2662 eum
3331 2607 3552 2678 purgari

1957 2705 2192 2765 Oportet,
2229 2705 2443 2766 sumpta
2469 2697 2759 2753 occasione
2780 2714 2808 2751 a
2827 2698 3275 2769 coinquinatione
3301 2697 3553 2754 ethnico-

1959 2802 2130 2846 rum;
2185 2788 2280 2842 sed
2340 2788 2607 2860 sanguine
2656 2798 2883 2859 accepto
2937 2806 2968 2844 a
3026 2791 3281 2860 passione
3320 2789 3550 2848 Christi.

1959 2876 2131 2931 Simul
2156 2887 2338 2933 autem
2371 2889 2426 2933 et
2457 2881 2725 2949 prmludio
2754 2881 2991 2950 quodam
3025 2884 3197 2951 tangit
3230 2884 3548 2952 martyrium

1957 2972 2238 3039 sanguinis
2282 2982 2508 3043 Proliter
2549 2974 2827 3029 Christum
2872 2983 3187 3043 susceptum
3232 2975 3301 3029 ab
3344 2974 3427 3028 his
3456 2976 3551 3043 qui

1955 3063 2189 3116 credunt
2222 3063 2276 3117 in
2310 3064 2483 3132 ipsum
2528 3084 2542 3119 :
2581 3081 2704 3118 nam
2733 3066 2824 3134 qui
2856 3081 2951 3134 per
2985 3066 3348 3121 obedientiam
3380 3067 3552 3120 vesti-

264 3139 384 3210 χέαι
406 3142 556 3213 ὑπὲρ
590 3142 684 3197 τοῦ
709 3145 1003 3216 ἐκχέαντος
1031 3149 1090 3201 τὸ
1118 3150 1313 3203 ἑαυτοῦ
1347 3152 1488 3223 ὑπὲρ
1518 3153 1613 3206 τοῦ
1641 3156 1849 3223 κόσμου

1960 3153 2046 3223 gia
2079 3153 2328 3221 sequitur
2346 3156 2720 3224 praeceptoris,
2745 3171 2869 3210 cum
2889 3155 3114 3210 omnino
3131 3170 3355 3210 necesse
3383 3155 3550 3213 fuerit

267 3234 493 3297 παντός.
535 3255 552 3286 ι
589 3235 796 3307 Πέτρος
827 3238 1128 3304 ἀπόστολος
1175 3242 1349 3313 Ἰησοῦ
1386 3244 1650 3313 Χριστοῦ.
1678 3265 1697 3299 ι
1727 3246 1853 3311 Tot;

266 3327 327 3379 ὲκ
354 3329 665 3398 περιτομῆς
691 3325 845 3393 οὗτος
886 3332 1224 3399 ἐπιστέλλει,
1267 3335 1342 3399 ὡς
1376 3336 1404 3388 ὁ
1435 3338 1708 3408 μακάριος
1746 3340 1853 3393 Ἱάη

269 3417 467 3483 κὼὁος.
511 3421 651 3474 Ἀλλ’
697 3422 905 3487 ἐκεῖνος
947 3426 1045 3494 μὲν
1098 3427 1367 3498 ἀορίστως
1407 3431 1542 3484 πᾶσι
1601 3434 1713 3494 τοῖς
1748 3432 1854 3487 ὑπὸ

268 3510 364 3582 τὴν
412 3514 751 3584 οἰκουμένην
799 3518 1149 3573 κατοικοῦσιν
1195 3520 1472 3584 Ἰουδαίοις
1513 3524 1853 3595 ὁπουδήποτε

272 3601 440 3660 οὖσιν.
477 3601 649 3671 Οὗτος
677 3609 735 3662 δὲ
763 3609 1169 3682 ἀφωρισμένως
1200 3618 1315 3679 τοῖς
1366 3617 1595 3687 κλίμασι
1643 3620 1850 3675 Πόντου

270 3698 563 3765 Γαλατίας.
622 3701 720 3767 Τὸ,
778 3703 1005 3780 Πόντου,
1061 3706 1118 3759 δὲ
1172 3709 1500 3780 προστίθησι
1561 3711 1849 3777 Γαλατίας.

273 3792 425 3845 Ἐστι
458 3793 570 3862 γάρ
622 3794 717 3848 καὶ
756 3778 913 3867 ἄλλη’
936 3800 1081 3851 κατά
1136 3799 1376 3865 Κελτοὺς
1406 3778 1667 3869 Γαλατία,
1732 3804 1855 3876 ἥτις

273 3884 363 3937 καὶ
394 3884 571 3948 ὅντως
615 3885 873 3953 Γαλατία,
919 3889 1014 3957 ἀφ’
1042 3885 1112 3962 ἦς
1136 3893 1228 3945 καὶ
1258 3889 1402 3948 οὗτοι
1434 3897 1852 3969 μετῳκίσθησαν

271 3975 527 4030 ἐνταῦθα.
577 3977 805 4043 Τούτοις
846 3979 943 4035 οῦν
972 3983 1064 4036 καὶ
1101 3987 1214 4049 τοῖς
1264 3986 1474 4052 λοιποῖς
1523 3990 1704 4045 ἔθνεσι
1736 3996 1852 4057 τοῖς

270 4064 611 4139 ἐγκειμένοις
638 4070 708 4139 τῇ
743 4075 1042 4143 προγραφῇ
1087 4078 1325 4132 ποιεῖται
1365 4080 1455 4133 τὸν
1478 4080 1658 4150 λόγον,
1688 4086 1854 4154 ἐγκυ-

270 4157 403 4222 κλίῳ
447 4160 626 4232 ταύτῃ
677 4161 963 4232 χρώμενος
1003 4166 1321 4241 Ἐπιστολῇ.
1367 4173 1442 4225 Τὸ
1498 4175 1645 4245 ἑξῆς,
1710 4178 1853 4247 μετά

268 4253 592 4324 προσθήκης
635 4253 743 4308 τῶν
788 4253 1025 4319 ἐλλιπῶς
1075 4261 1406 4330 είρημένων.
1448 4265 1619 4318 Τοῦτο
1669 4267 1726 4320 δὲ
1759 4286 1853 4322 σα-

270 4346 497 4412 φηνείας
531 4348 715 4419 χάριν,
764 4350 846 4404 ἔτι
894 4352 951 4404 δὲ
994 4354 1354 4425 μεταλήψεως
1398 4359 1494 4412 καὶ
1545 4364 1850 4434 μεταποιή-

272 4451 408 4501 σεως
431 4438 543 4495 τῶν
566 4442 710 4496 κατὰ
732 4442 831 4514 τὴν
866 4443 1015 4514 λέξιν
1040 4446 1252 4505 τύπων.

336 4706 544 4777 Πέτρος
573 4707 868 4776 ἀπόστολος
896 4713 1073 4783 Ἰησοῦ
1090 4716 1331 4784 Χριστοῦ
1362 4719 1505 4774 κατά
1537 4722 1851 4793 πρόγνωσιν

265 4798 399 4891 βιοῦ
441 4800 657 4871 Πατρδς
712 4803 1122 4877 ἀπεσταλμένος
1156 4810 1237 4873 είς
1274 4811 1337 4864 τὸ
1379 4812 1662 4883 ἀφορίζειν
1701 4818 1851 4891 αὐτῷ

264 4890 321 4944 ἐν
337 4891 633 4964 πνεύματι,
660 4897 757 4948 καὶ
784 4898 1057 4968 ὑπηκόους
1078 4903 1251 4955 ποιεῖν
1277 4904 1404 4968 τοὺς
1429 4906 1524 4959 τὸν
1552 4890 1851 4982 ῥαντισμὸν

262 4981 356 5035 τοῦ
384 4978 618 5055 αἵματος
660 4986 836 5057 Ἰησοῦ
883 4990 1126 5059 Χριστοῦ
1165 4994 1463 5066 καθάρσιον
1494 4978 1844 5070 δεξαμένους,

266 5074 394 5145 ὑμῖν
417 5081 533 5141 τοῖς
562 5078 841 5143 ἐκλεκτοῖς
866 5085 1277 5155 παρεπιδήμοις
1305 5089 1606 5162 διασπορᾶς
1642 5094 1846 5152 Πόντου

265 5167 550 5235 Γαλατίας,
585 5173 1007 5240 Καππαδοκίας,
1041 5177 1227 5241 Ἀσίας
1248 5181 1344 5233 καὶ
1378 5181 1650 5248 Βιθυνίας,
1685 5188 1846 5260 χάρις

264 5263 355 5314 καὶ
378 5264 572 5334 εἰρήνη
601 5264 959 5337 πληθυνθείη.
987 5268 1291 5341 Εὐλογητὸς
1322 5275 1350 5326 ὁ
1380 5272 1512 5338 Θεὸς
1531 5278 1622 5329 καὶ
1653 5281 1844 5352 Πατὴρ

261 5354 350 5408 τοῦ
384 5356 592 5428 Κυρίου
615 5359 777 5428 ἡμῶν
812 5360 988 5431 Ἰησοῦ
1018 5363 1280 5432 Χριστοῦ.
1313 5365 1341 5418 ὀ
1369 5365 1458 5419 διὰ
1486 5368 1576 5421 τὸν
1605 5369 1843 5441 ἀνυπέρ-

261 5445 459 5517 ϐλητον
492 5450 663 5503 αὐτοῦ
701 5451 934 5506 πλοῦτον
980 5455 1075 5508 καὶ
1103 5454 1252 5508 ἔλεον
1277 5455 1365 5510 διὰ
1404 5459 1504 5527 τῆς
1546 5461 1610 5514 ἐκ
1637 5463 1848 5535 νεκρῶν

260 5539 604 5604 ἀναστάσεως
642 5543 817 5613 Ἰησοῦ
850 5545 1087 5616 Χριστοῦ
1134 5548 1505 5621 ἀναγεννήσας
1532 5554 1683 5624 ⁴ημᾶς
1728 5556 1847 5626 ἦτοι

265 5636 662 5705 μεταποιήσας,
714 5636 810 5690 καὶ
842 5638 1214 5710 μεταθέμενος
1255 5643 1338 5707 είς
1394 5644 1589 5701 ἐλπίδα
1641 5645 1844 5717 ζῶσαν,

326 5811 472 5868 ‘lsa.
501 5828 613 5881 LXI,
660 5814 709 5869 l.
787 5818 806 5849 ¹
851 5816 1004 5873 Deut.
1040 5820 1229 5887 xtv,2.

1880 4509 1927 4566 D

1957 3263 2061 3303 nec
2108 3247 2224 3317 ipse
2274 3248 2551 3303 recusabit
2596 3248 2878 3318 proprium
2926 3248 3156 3303 fundere
3202 3249 3548 3320 sanguinem.

1956 3354 2054 3408 pro
2087 3354 2152 3393 eo
2191 3340 2280 3409 qui
2308 3355 2467 3394 suum
2496 3355 2598 3410 pro
2634 3348 2746 3395 toto
2786 3341 2992 3396 mundo
3030 3340 3242 3396 eﬂ‘udit.
3306 3360 3325 3392 ι
3356 3341 3551 3397 Petrus

1958 3432 2237 3502 apostolus
2276 3431 2409 3488 Jesu
2438 3434 2666 3489 Christi.
2707 3452 2726 3485 ι
2780 3431 2878 3489 Hic
2903 3433 3010 3488 illis
3052 3433 3240 3489 scribit
3269 3434 3360 3504 qui
3392 3445 3547 3490 erant

1956 3541 2024 3580 ex
2052 3525 2471 3582 circumcisione
2498 3566 2512 3590 ,
2543 3526 2687 3581 sicut
2717 3535 2772 3581 et
2808 3526 3003 3581 beatus
3032 3525 3292 3592 Iacobus,
3327 3527 3421 3582 sed
3457 3527 3550 3583 ille

1955 3622 2174 3691 quidem
2209 3622 2492 3678 indefinite
2524 3623 2782 3678 omnibus
2811 3622 3016 3678 Judaeis
3047 3623 3138 3693 qui
3171 3625 3358 3678 orhcin
3387 3624 3517 3678 iulia

1954 3711 2214 3777 bitarent,
2271 3713 2584 3784 ubicunque
2632 3725 2819 3769 essent
2866 3731 2880 3778 ;
2933 3714 3021 3769 hic
3074 3724 3257 3769 autem
3324 3714 3549 3771 definite

1955 3805 2267 3863 climatibus
2319 3807 2468 3875 ponti
2514 3806 2760 3862 Galatiae.
2812 3806 3036 3862 Addidit
3067 3818 3248 3861 autem
3291 3807 3447 3862 Ponti
3478 3808 3546 3863 ad

1953 3896 2242 3952 Galatiam.
2278 3896 2374 3953 Est
2403 3898 2549 3953 enim
2581 3908 2635 3953 et
2658 3899 2766 3952 alio
2793 3899 2945 3969 juxta
2976 3900 3155 3954 Celtas
3185 3897 3392 3954 Galatia
3423 3916 3546 3970 quae

1953 3991 2119 4045 etiam
2142 4007 2270 4046 vere
2296 3990 2503 4046 Galatia
2532 4000 2637 4054 est,
2671 4007 2699 4045 a
2725 4007 2830 4062 qua
2862 4002 2917 4046 et
2946 3992 2996 4045 hi
3026 3992 3546 4061 transmigravcrant

1952 4081 2020 4135 de
2062 4083 2263 4152 quibus
2290 4098 2439 4137 nunc
2475 4082 2606 4152 agit.
2658 4083 2750 4137 His
2779 4097 2908 4153 ergo
2938 4081 3257 4150 cmterisque
3291 4081 3545 4152 gentibus

1953 4192 2074 4247 qua:
2124 4177 2178 4230 in
2231 4176 2643 4248 praascriptione
2671 4186 2953 4248 ponuntur
2985 4189 3298 4229 sermonem
3340 4174 3542 4246 dirigit,

1954 4269 2246 4324 universali
2287 4270 2404 4324 sive
2445 4269 2684 4340 generali
2716 4270 2818 4324 hac
2862 4284 2993 4323 usus
3019 4266 3281 4338 Epistula.
3320 4265 3546 4321 Litteras

1952 4377 2081 4432 ergo
2110 4361 2281 4416 series
2313 4362 2429 4417 haec
2454 4371 2560 4427 est,
2593 4378 2719 4417 cum
2762 4361 3042 4417 additione
3070 4375 3263 4416 eorum
3294 4375 3415 4429 qua:
3445 4374 3545 4428 per

1951 4454 2226 4509 defectum
2272 4454 2416 4509 dicta
2462 4462 2591 4508 sunt
2634 4452 3104 4508 manifestationes
3143 4451 3334 4524 gratia,
3375 4448 3541 4522 483

1952 4554 2242 4616 propterea
2285 4546 2449 4600 etiam
2479 4559 2604 4600 eum
2646 4544 3115 4615 transsumptione
3146 4558 3212 4598 ac
3241 4542 3542 4597 mutatione

1951 4637 2247 4707 ﬁgurarum
2271 4637 2338 4691 ad
2364 4637 2612 4691 verbum.

2023 4728 2217 4783 Petrus
2250 4728 2533 4798 apostolus
2560 4727 2691 4783 Jesu
2734 4726 2934 4784 Christi
2952 4727 3104 4798 juxta
3136 4724 3540 4804 praescientiam

1949 4819 2045 4875 Dei
2074 4818 2272 4882 Patris,
2314 4819 2517 4873 missus
2542 4819 2610 4873 ad
2649 4819 3047 4890 segregandum
3092 4819 3195 4890 ipsi
3228 4819 3283 4873 in
3314 4819 3538 4890 spiritu,

1949 4920 2006 4967 et
2033 4911 2354 4966 nbedientes
2393 4910 2702 4966 faciendum
2719 4925 2815 4965 eos
2846 4911 2937 4980 qui
2968 4910 3320 4981 expiatricem
3345 4925 3539 4966 susce-

1956 5012 2156 5075 perunt
2192 5003 2568 5075 aspersionem
2603 5003 2884 5075 sanguinis
2918 5002 3050 5059 Jesu
3099 5003 3328 5068 Christi,
3383 5003 3538 5059 vobis

1953 5096 2144 5151 electis
2170 5094 2399 5151 advenis
2417 5096 2647 5166 sparsim
2672 5096 3038 5151 incolentibus
3059 5095 3215 5151 Ponti
3245 5093 3533 5162 Galatiam,

1951 5187 2375 5258 Cappadociam,
2414 5187 2622 5251 Asiam,
2668 5203 2732 5243 ac
2772 5188 3106 5260 Bithyniam,
3148 5188 3318 5260 gratia
3346 5196 3402 5242 et
3431 5204 3537 5258 pax

1951 5281 2366 5351 multiplicetur.
2415 5281 2746 5338 Benedictus
2807 5283 2953 5337 Deus
3008 5289 3065 5336 et
3108 5281 3269 5338 Pater
3315 5280 3532 5338 Domini

1948 5372 2122 5428 nostri
2146 5371 2275 5428 Jesu
2314 5372 2517 5428 Christi
2544 5373 2637 5443 qui
2668 5389 2765 5444 per
2795 5372 3174 5430 incredibilem
3206 5388 3361 5428 suam
3392 5388 3534 5443 Opu-

1949 5467 2175 5521 lentiam
2211 5474 2267 5521 et
2301 5466 2733 5523 misericordiam
2763 5482 2866 5538 per
2907 5465 3364 5523 resurrectionem
3397 5464 3529 5519 Jesu

1950 5557 2152 5615 Christi
2188 5574 2252 5613 ex
2289 5558 2520 5614 mortuis
2561 5559 2871 5630 regneravit
2900 5574 3020 5625 nos,
3053 5558 3168 5613 sive
3195 5565 3529 5611 transmuta-

1951 5649 2027 5708 vit
2069 5661 2123 5707 et
2170 5651 2508 5722 transiiosuit
2530 5650 2586 5707 in
2617 5667 2769 5723 spem
2803 5650 2981 5706 vivam
3050 5649 3107 5706 in
3154 5645 3530 5706 hzcreditatem
