3986 6562
518 351 626 418 515
1614 352 1944 415 (ECUMEN
1962 354 2014 412 lI
2046 351 2338 413 TRICC/E
2374 353 2420 412 E
2434 354 2721 416 PISCOPI
3674 363 3783 429 516

519 467 885 524 immortalem
931 476 984 524 et
1018 467 1559 524 incontaminabilem
1590 478 1645 523 et
1675 467 2101 524 immareessibi-

2211 472 2284 533 εἰς
2324 469 2701 542 κληρονομίαν
2748 472 3026 542 ἄφθαρτον
3064 472 3158 526 καὶ
3197 472 3458 544 ἀμίαντον
3485 475 3576 529 καὶ
3632 478 3784 548 ἀμά-

521 561 649 624 lem.
695 561 1018 630 respositam
1060 561 1145 615 bis
1174 560 1267 630 qui
1309 563 1552 630 potentia
1595 561 1978 616 custodiuntur
2006 574 2101 629 per

2211 578 2418 632 ραντον,
2458 561 2829 632 ἀποκειμένην
2854 564 2967 625 τοῖς
3010 562 3070 614 ὲν
3094 563 3328 632 δυνάμει
3361 569 3786 634 φρουρουμένοις

520 652 681 706 ﬁdem
710 668 726 709 :
767 668 887 721 quae
917 651 1052 706 ﬁdes
1082 652 1347 721 patefacta
1382 661 1466 705 est
1496 650 1656 705 nobis
1683 652 1749 704 ad
1779 652 2009 705 salutem
2046 650 2101 703 in

2211 653 2286 705 διὰ
2315 653 2572 716 πίστεως.
2610 654 2771 717 "litt;
2804 652 2984 716 πίστις,
3009 655 3085 716 εἰς
3123 654 3400 725 σωτηρίαν
3425 656 3783 728 ἀπεκαλύτθη

520 751 767 812 tempore
807 742 911 797 hoc
957 752 1222 805 extremo,
1262 743 1316 797 in
1373 758 1482 814 quo
1528 753 1773 813 tempore
1824 742 2100 811 paululum

521 834 982 905 (quandoquidem
1018 835 1199 889 brevis
1228 851 1291 889 ac
1332 836 1544 890 modica
1573 843 1657 889 est
1689 850 1932 905 praesens
1969 834 2098 903 vita)

521 922 685 977 modo
715 938 949 977 maerore
977 924 1156 977 allecti
1190 925 1375 996 (etiam
1402 926 1444 978 si
1468 934 1717 995 oporteat
1748 940 1843 978 vos
1870 939 2102 979 tumore

520 1010 658 1065 allici
690 1022 912 1082 propter
943 1013 1121 1068 varias
1142 1015 1464 1069 alllictiones
1480 1032 1544 1068 ac
1569 1014 1921 1085 tentationes)
1953 1016 2105 1070 exul-

521 1104 667 1166 tatis,
702 1103 804 1157 hoc
827 1104 1063 1159 scientes
1093 1107 1236 1175 quod
1266 1107 1645 1177 explorainini,
1684 1115 1743 1162 ut
1777 1108 2103 1177 comproba-

520 1198 598 1249 tio
628 1196 755 1251 ﬁdei
784 1205 978 1252 vestra:
1014 1198 1173 1269 longe
1203 1200 1492 1269 pretiosior
1525 1214 1659 1254 auro
1694 1199 1837 1269 quod
1867 1202 2009 1268 perit
2045 1209 2102 1255 et

412 1351 417 1356 ν
519 1286 786 1357 probatur
815 1302 913 1356 per
944 1288 1146 1358 ignem.
1182 1290 1485 1359 reperiatur
1514 1291 1571 1344 in
1600 1291 1815 1346 laudem
1845 1298 1902 1347 et
1928 1294 2102 1346 hono-

521 1389 638 1435 rem
680 1384 737 1430 et
785 1376 1011 1446 gloriam
1045 1379 1236 1441 vestri,
1273 1388 1403 1433 tunc
1428 1396 1551 1434 eum
1574 1381 1917 1443 revelabitur
1944 1381 2104 1437 Jesus

518 1465 795 1534 Christus,
823 1483 985 1537 quem
1009 1469 1195 1525 .lesum
1225 1470 1525 1535 Christum.
1551 1487 1676 1529 cum
1710 1482 1872 1529 antea
1906 1489 2104 1544 corpo-

521 1558 709 1613 raliter
734 1574 843 1613 non
867 1560 1132 1627 videritis,
1165 1562 1386 1635 diligitis
1412 1582 1425 1620 :
1467 1563 1518 1617 in
1568 1565 1709 1620 bime
1741 1575 1922 1619 autem
1948 1565 2103 1622 vobis

519 1664 633 1703 non
673 1650 849 1704 visum
887 1651 1197 1717 credentes,
1251 1654 1537 1709 exsultatis
1566 1655 1764 1725 gaudio
1817 1655 2101 1723 ineffabili,

521 1750 866 1810 reportantes
910 1742 1074 1797 ﬁnem
1124 1752 1338 1806 vestrae,
1384 1753 1439 1798 et
1482 1744 1603 1813 quis
1651 1745 1740 1799 ille
1793 1744 2104 1800 est?Salns

2201 746 2338 814 ἡμῖν
2359 747 2418 797 ὲν
2447 745 2525 815 τῷ
2552 745 2764 815 ἐσχάτῳ
2785 745 2957 815 τούτῳ
2981 746 3179 816 καιρῷ.
3205 739 3347 811 Ἑνῷ
3366 747 3563 815 καιρῷ,
3590 749 3785 816 μικρὸν

2202 835 2328 907 ἄρτι
2391 836 2536 907 (ἐπεὶ
2565 835 2763 905 μικρὸς
2799 836 2893 889 καὶ
2923 836 3101 904 ὀλίγος
3140 839 3167 889 ὁ
3194 836 3389 907 παρὼν
3429 836 3589 907 βίο;,)
3616 837 3787 907 λυπη-

2205 927 2392 990 θέντες
2451 927 2587 997 (sive
2613 927 2705 979 ml
2737 926 2856 979 δέον
2887 928 3031 997 ὑμᾶς
3054 928 3363 998 λυπηθῆναι
3399 927 3487 980 διὰ
3522 928 3787 982 ποικίλων

2203 1015 2576 1089 πειρασμῶν,)
2620 1019 2972 1085 ἀγαλλιᾶσθε,
3007 1018 3168 1072 τοῦτο
3198 1020 3422 1085 εἰδότες,
3456 1022 3537 1073 ὅτι
3591 1023 3788 1094 πειρά-

2204 1108 2382 1173 ζεσθε,
2411 1108 2496 1162 ἵνα
2538 1108 2600 1163 τὸ
2627 1109 2870 1179 δοκίμιον
2921 1112 3020 1181 τῆς
3067 1111 3303 1174 πίστεως
3354 1112 3508 1181 ὐμῶν
3546 1114 3682 1165 πολὺ
3713 1130 3788 1165 τι·

2208 1198 2473 1270 μιώτερον
2536 1200 2631 1253 τοῦ
2685 1202 3059 1271 ἀπολλυμένου
3097 1204 3343 1272 χρυσίου,
3401 1203 3488 1256 διὰ
3516 1204 3692 1272 πυρὸς
3734 1206 3788 1257 δὲ

2203 1292 2657 1361 δοκιμαζομένου,
2697 1293 2896 1364 εὑρεθῇ
2958 1297 3038 1358 είς
3088 1294 3309 1348 ἔπαινον
3342 1296 3436 1347 καὶ
3488 1296 3659 1365 τιμὴν
3697 1298 3787 1349 καὶ

2202 1382 2363 1448 δόξαν
2389 1384 2725 1453 ὑμῶν’τότε,
2758 1387 2845 1438 ὅτε
2876 1386 3321 1439 ἀποκαλύπτεται
3353 1386 3560 1457 Ἰησοῦς
3598 1389 3628 1439 ὁ
3659 1389 3788 1456 Χρι-

2206 1476 2353 1539 στός.
2394 1478 2490 1529 Ὃν
2520 1477 2728 1546 Ἰησοῦν
2762 1479 2995 1549 Χριστὸν
3026 1479 3149 1549 ἄρτι
3187 1478 3514 1547 σωματικῶς
3571 1479 3648 1548 μὴ
3679 1481 3780 1532 ἑω-

2208 1567 2458 1637 ρακότες,
2497 1567 2769 1636 ἀγαπᾶτε.
2821 1570 2913 1633 Εἰς
2942 1568 3131 1623 τοῦτον
3159 1569 3216 1622 δὲ
3258 1569 3350 1621 τὸν
3404 1574 3478 1640 μὴ
3507 1571 3786 1639 ὁρώμενον

2207 1657 2336 1726 ὑμῖν
2402 1656 2747 1719 πιστεύοντες
2798 1658 3130 1725 ἀγαλλιᾶσθε
3197 1659 3340 1728 χαρᾷ
3396 1658 3783 1729 ἀνεκλαλήτῳ,

2208 1743 2558 1815 κομιζόμενοι
2607 1744 2668 1796 τὸ
2710 1743 2861 1808 τέλος
2919 1745 3021 1814 τῆς
3074 1744 3314 1806 πίστεως
3373 1745 3549 1815 ὑμῶν.
3610 1747 3717 1798 Καὶ
3738 1749 3786 1800 τί

523 1832 720 1885 animae
754 1847 769 1885 :
805 1831 873 1886 de
905 1847 1010 1901 qua
1036 1832 1211 1887 salute
1235 1834 1396 1887 etiam
1414 1835 1693 1903 prophetas
1725 1832 1951 1889 scrutati
1979 1840 2103 1887 sunt

2211 1814 2369 1890 τοῦτο
2400 1853 2416 1903 ;
2477 1837 2730 1907 Σωτηρία
2754 1837 2952 1907 ψυχῆς.
3024 1838 3160 1908 Περὶ
3188 1833 3255 1909 ἧς
3283 1814 3557 1907 σωτηρίας
3596 1838 3692 1890 καὶ
3738 1838 3785 1890 οί
3863 1860 3867 1863 ·

525 1933 582 1977 et
618 1923 1017 1993 exquisierunt.
1064 1943 1084 1976 ι
1117 1925 1318 1980 Electis
1351 1926 1600 1980 advenis.
1650 1943 1670 1978 ι
1713 1926 1978 1989 Advenis,
2012 1934 2108 1980 aut

524 2023 749 2084 propter
789 2015 1188 2087 dispersionem
1221 2016 1391 2082 dixit,
1427 2026 1523 2072 aut
1556 2017 1717 2072 etiam
1752 2018 1877 2088 quia
1913 2032 2108 2074 omnes

521 2106 613 2175 qui
649 2106 951 2161 secundum
983 2106 1153 2162 Deum
1202 2107 1391 2162 vivunt
1429 2109 1652 2163 advena:
1693 2117 1821 2163 sunt
1846 2109 1900 2163 in
1938 2118 2103 2176 terra,

521 2198 979 2269 quemadmodum
1001 2199 1163 2253 etiam
1187 2199 1535 2255 dicitDavid:
1562 2218 1581 2251 σ
1611 2199 1831 2256 Advena
1864 2216 1963 2273 ego
1984 2215 2106 2258 sum

519 2292 664 2362 apud
699 2301 751 2346 te
776 2300 831 2346 et
864 2291 1184 2362 peregrinus
1214 2293 1354 2347 sicut
1392 2308 1584 2347 omnes
1627 2302 1808 2364 patres
1856 2295 1960 2349 mei
1994 2294 2035 2348 ³.
2081 2311 2101 2346 ι

522 2383 806 2453 Signiﬁcat
842 2393 1025 2439 autem
1072 2399 1276 2440 nomen
1317 2384 1698 2457 παρεπίδημος
1742 2384 1887 2441 aliud
1941 2401 2106 2456 quam

521 2476 883 2546 προσήλυτος.
915 2476 973 2531 id
996 2475 1142 2531 enim
1174 2476 1445 2547 signiﬁcat
1475 2493 1600 2533 eum
1626 2477 1717 2544 qui
1739 2477 1961 2533 aliunde
1989 2480 2106 2536 sive

523 2585 753 2641 peregre
783 2569 1026 2634 advenit,
1067 2570 1172 2626 hoc
1214 2578 1409 2625 autem
1439 2573 1819 2642 παρεπίδημος
1859 2572 1981 2641 plus
2008 2572 2107 2627 ali-

522 2662 651 2733 quid
692 2670 746 2718 et
783 2663 1073 2734 abjectius.
1102 2662 1571 2729 Quemadmodum
1608 2664 1757 2719 enim
1805 2663 2102 2735 πάρεργον,

524 2755 578 2809 id
621 2763 707 2811 est
752 2756 900 2825 quod
937 2755 1134 2820 obiter,
1177 2755 1339 2810 vilius
1378 2764 1464 2812 est
1495 2772 1659 2825 quam
1702 2755 1884 2826 ἔργον,
1926 2756 1980 2812 id
2022 2766 2107 2812 est

522 2863 683 2918 opus,
714 2855 769 2902 et
799 2846 1031 2917 πάροδος
1055 2886 1069 2910 ,
1107 2847 1157 2902 id
1184 2856 1269 2902 est
1307 2847 1587 2911 transitus,
1619 2849 1802 2902 minus
1829 2857 1914 2903 est
1939 2863 2104 2919 quam

521 2939 666 3002 ὁδός,
698 2938 748 2993 id
777 2951 862 2992 est
896 2939 977 2993 via
1010 2955 1026 2994 :
1061 2935 1340 3009 Siquidem
1367 2954 1504 3009 opus
1525 2946 1580 2994 et
1598 2939 1681 2994 via
1703 2949 1831 2994 sunt
1861 2940 2100 3010 pr0pria,

521 3034 577 3079 et
610 3040 730 3095 quzr
759 3024 945 3080 studio
958 3034 1217 3096 aguntur,
1246 3026 1513 3081 transitus
1542 3036 1724 3083 autem
1750 3028 1965 3097 etquod
1987 3028 2105 3083 obi-

2210 1929 2488 2000 προφῆται
2542 1928 2855 2000 ὴρεύνησαν
2923 1929 3017 1982 καὶ
3065 1929 3362 1999 ἐζήτησαν.
3422 1947 3441 1981 ε
3480 1927 3788 1993 Ἐκλεκτοῖς

2209 2022 2677 2093 παρεπιδήμοις.»
2742 2023 2835 2088 Τὸ,
2888 2022 3315 2093 Παρεπιδήμοις,
3363 2023 3484 2094 ἦτοι
3536 2021 3629 2075 διὰ
3694 2022 3788 2090 τὴν

2207 2117 2511 2188 διασπορὰν
2541 2113 2781 2189 εἶπεν,ἢ
2832 2117 2928 2171 καὶ
2973 2117 3056 2170 ὅτι
3121 2117 3321 2180 πάντες
3368 2117 3416 2169 οἱ
3460 2116 3605 2169 κατὰ
3660 2115 3789 2169 Θεὸν

2210 2206 2413 2274 ζῶντες
2461 2209 2835 2280 παρεπίδημοί.
2870 2209 3120 2277 λέγονται
3144 2208 3244 2276 τῆς
3280 2211 3408 2279 τῆς,
3441 2208 3517 2268 ὡς
3558 2208 3658 2260 καὶ
3686 2209 3785 2259 Δα-

2211 2304 2299 2358 υίδ
2338 2317 2524 2374 φησιν,
2569 2306 2654 2369 ὅτι
2703 2324 2723 2365 ς
2753 2306 3022 2374 Πάροικος
3052 2304 3165 2372 ἐγὼ
3195 2305 3346 2376 παρὰ
3376 2304 3460 2358 σοὶ
3494 2304 3593 2358 καὶ
3623 2319 3787 2373 παρε·

2209 2396 2469 2466 πίδημος,
2503 2395 2650 2451 καθά
2687 2396 2889 2459 πάντες
2920 2397 2971 2449 οἱ
3016 2397 3249 2467 πατέρες
3294 2413 3417 2466 μου.
3449 2413 3470 2447 ι
3524 2394 3784 2465 Σημαίνει

2207 2488 2265 2543 δε
2306 2488 2368 2542 τὸ
2400 2488 2575 2557 ὄνομα
2625 2487 2688 2541 οὐ
2738 2488 2939 2541 ταύτὸν
2972 2488 3056 2558 ζτῷ
3110 2485 3436 2557 προσηλύτῳ
3473 2485 3659 2556 (τοῦτο
3685 2487 3784 2556 γὰρ

2207 2580 2301 2634 τὸν
2378 2578 2677 2649 ἀλλαχόθεν
2742 2577 2968 2632 ἐλθόντα
3027 2577 3306 2648 σημαίνει,
3348 2577 3471 2647 ἦτοι
3519 2575 3788 2645 ἐπιδημή-

2210 2674 2425 2745 σαντα),
2475 2672 2609 2727 ἁλλά
2656 2672 2819 2727 πλέον
2851 2690 2903 2724 τι
2955 2671 3051 2725 καὶ
3103 2669 3500 2741 εὐτελέστερον.
3582 2669 3785 2738 Ὠσπερ

2208 2767 2314 2839 γὰρ
2342 2766 2438 2820 τοῦ
2471 2766 2635 2837 ἔργον
2669 2766 2731 2820 τὸ
2788 2768 2897 2834 πάι
2911 2779 3087 2834 appar
3131 2763 3508 2834 εὐτελέστερον
3566 2762 3666 2816 καὶ
3694 2764 3785 2824 τῆς

2207 2861 2328 2916 6δοῦ
2363 2863 2396 2933 ἡ
2452 2859 2733 2930 πάροδος,
2769 2859 2969 2930 (ἔργον
3014 2857 3112 2928 μὲν
3160 2855 3269 2927 γὰρ
3298 2854 3394 2908 καὶ⁸
3438 2853 3607 2921 ὁδὸς,
3655 2853 3785 2907 αὐτὰ

2206 2955 2276 3010 τὰ
2309 2953 2476 3025 κύρια
2518 2957 2615 3008 καὶ
2648 2950 2980 3013 αὐθεντικῶς
3012 2949 3383 3019 πραττόμενα,
3420 2948 3703 3015 πάρεργον
3733 2945 3784 2998 δὲ

2207 3049 2304 3103 καὶ
2367 3044 2632 3116 πάροδος,
2688 3043 2756 3097 τά
2804 3042 3017 3105 τούτοις
3053 3041 3216 3094 οἱονεὶ
3283 3034 3784 3108 παρυφιστάμενα,)

523 3125 607 3172 ter
619 3116 696 3180 ﬁt,
717 3117 887 3173 veluti
910 3132 1030 3186 quae
1051 3116 1132 3172 his
1155 3131 1275 3172 sese
1296 3117 1571 3189 ingerunt.
1596 3117 1675 3173 ita
1697 3129 1749 3175 et
1766 3118 1933 3192 585
1955 3136 2100 3191 παρ-

2211 3141 2345 3195 οθτω
2365 3139 2463 3193 καὶ
2484 3137 2562 3207 τῷ
2584 3137 2739 3206 ἑπιδή
2749 3153 2832 3206 μῳ
2846 3133 2905 3189 τὸ
2920 3132 3325 3204 παρεπίδημος
3339 3131 3413 3195 ὡς
3436 3128 3786 3200 παρυπόστα-

521 3209 825 3281 επίδημος,
874 3217 1132 3279 tanquam
1195 3210 1564 3265 subsistentia:
1629 3226 1749 3266 sese
1805 3213 2100 3284 ingerens,

2211 3251 2295 3297 σις
2345 3232 2539 3304 δρᾶται
2589 3230 2969 3301 εὐτελέστερον
2998 3227 3300 3297 σημαίνων.
3378 3243 3398 3275 ε
3432 3223 3614 3292 Χάρις
3664 3222 3784 3290 ὑμῖν

521 3299 791 3369 abjectius
813 3301 1033 3371 quidem
1063 3300 1371 3370 signiﬁcare
1394 3300 1608 3354 videtur
1636 3316 1797 3371 quam
1815 3301 2101 3372 ὲπίδημος.

528 3408 549 3442 ι
582 3390 766 3446 Gratia
812 3392 970 3447 vobis
1016 3398 1073 3447 et
1106 3407 1206 3460 pax
1238 3393 1652 3463 multiplicetur.
1694 3411 1714 3445 ι
1760 3391 1977 3456 Gratia,
2036 3410 2104 3451 eo

521 3480 669 3549 quod
709 3481 878 3553 gratis
902 3479 1212 3546 salvemini,
1232 3494 1355 3535 cum
1393 3481 1531 3536 nihil
1563 3482 1632 3536 ad
1657 3482 1707 3535 id
1737 3481 2102 3538 contuleritis.

529 3592 551 3626 ι
586 3573 653 3629 Et
666 3589 767 3646 pax
792 3591 809 3630 :
844 3593 864 3626 ι
889 3574 991 3628 hac
1005 3572 1151 3627 enim
1170 3589 1308 3644 opus
1324 3581 1408 3630 est
1429 3574 1496 3629 iis
1520 3575 1610 3644 qui
1634 3589 1793 3628 suum
1813 3575 2103 3631 Dominum

522 3668 891 3733 oﬁenderunt,
931 3673 988 3722 et
1004 3666 1212 3722 inimici
1233 3667 1404 3736 ipsius
1433 3667 1715 3723 constituti
1739 3675 1892 3723 sunt.

596 3760 637 3827 ι,
671 3760 725 3814 5.
758 3757 1069 3814 Benedictus
1104 3760 1181 3813 sic
1214 3757 1361 3813 Deus
1391 3768 1440 3815 et
1477 3756 1641 3813 Pater
1678 3758 1895 3814 Domini
1934 3761 2105 3815 nostri

521 3851 646 3909 Jesu
681 3849 909 3915 Christi,
924 3852 1013 3921 qui
1026 3849 1183 3920 juxta
1212 3850 1477 3922 copiosam
1505 3850 1927 3906 misericordiam
1949 3867 2106 3907 suam

523 3943 850 4012 regeneravit
897 3957 989 3996 nos
1032 3943 1090 3996 in
1113 3957 1259 4012 spem
1300 3942 1493 4004 vivam.
1539 3957 1635 4011 per
1671 3943 2107 3999 resurrectionem

520 4034 647 4089 Jesu
669 4033 866 4090 Christi
895 4050 960 4089 ea:
985 4034 1231 4087 mortuis.
2084 4046 2089 4053 '

593 4148 876 4205 Benedicit
918 4145 1115 4213 Deum,
1166 4146 1310 4202 hanc
1356 4147 1458 4217 ipsi
1500 4147 1796 4218 gratiarum
1833 4148 2105 4205 actionem

521 4241 770 4298 referens
789 4240 862 4294 ob
893 4239 1038 4295 bona
1070 4254 1192 4310 quae
1228 4239 1438 4295 tribuit.
1476 4238 1609 4305 Quae
1647 4249 1775 4295 sunt
1804 4250 1986 4295 autem
2014 4240 2106 4295 illa

521 4350 643 4406 qua
664 4334 789 4389 data
820 4342 949 4387 sunt
973 4331 998 4385 ?
1023 4329 1183 4400 Spes.
1201 4346 1312 4385 non
1335 4333 1477 4386 sicut
1497 4332 1761 4402 promissa
1793 4348 1889 4402 per
1918 4331 2106 4387 Mosen

522 4426 789 4484 habitatio
830 4425 886 4479 in
923 4432 1066 4478 terra
1096 4422 1422 4487 Chananaza.
1454 4438 1576 4492 quae
1610 4439 1735 4492 spes
1770 4433 1958 4493 utpote
1987 4440 2108 4480 cor-

523 4517 820 4588 ruptibilis,
862 4513 1312 4584 corruptibiiibus
1362 4516 1630 4584 promittit
1674 4517 2101 4586 corruptibilia:

2211 4500 2568 4592 ovqéaﬁm
2599 4520 2767 4585 ζῶσα.
2805 4521 2916 4574 Καὶ
2942 4519 3104 4572 πόθεν
3132 4515 3193 4569 τὸ
3221 4517 3321 4586 ζῇν
3347 4514 3545 4584 ἔχουσα
3576 4529 3590 4577 ;

523 4610 619 4665 sed
659 4610 800 4662 viva.
834 4607 901 4660 Et
930 4605 1071 4660 unde
1100 4605 1262 4660 vitam
1294 4615 1452 4660 nacta
1491 4614 1574 4661 est
1603 4607 1627 4661 ?
1654 4607 1698 4661 A
1722 4607 1851 4663 Jesu
1888 4607 2106 4663 Christo

523 4700 615 4771 qui
643 4697 940 4754 resurrexit
961 4712 1028 4751 ex
1052 4697 1303 4751 mortuis.
1327 4697 1432 4752 Per
1458 4698 1562 4753 hoc
1583 4699 1731 4754 enim
1748 4700 1894 4768 quod
1926 4715 2107 4755 resur-

523 4793 685 4858 rexit,
715 4792 961 4847 eamdem
980 4790 1174 4845 tribuit
1200 4792 1650 4848 resurrectionem
1672 4801 1728 4848 et
1756 4792 1860 4848 illis
1886 4792 1978 4865 qui
2008 4808 2108 4864 per

523 4884 685 4940 ﬁdem
717 4881 773 4937 in
808 4882 985 4952 ipsum
1029 4881 1300 4936 accedunt
1333 4882 1400 4937 ad
1431 4898 1580 4938 eum.
1612 4882 1752 4953 Spes
1784 4883 1952 4956 igitur
1984 4884 2106 4940 viva

521 4991 642 5047 qua:
670 4975 851 5039 datur,
874 4983 959 5029 est
987 4974 1279 5029 hmreditas
1307 4970 1736 5045 incorruptibilis
1771 4985 1827 5030 et
1852 4975 2103 5030 inconta-

526 5067 819 5130 minabilis,
852 5082 960 5121 non
979 5067 1031 5121 in
1058 5076 1201 5121 terra
1230 5068 1488 5137 reposita,
1515 5069 1972 5138 quemadmodum
2006 5086 2072 5139 pa
2090 5101 2102 5111 -

525 5161 719 5222 tribus,
749 5159 845 5215 scd
872 5160 924 5212 in
947 5160 1281 5223 cmlis,unde
1302 5159 1467 5215 etiam
1498 5162 1916 5230 perpetuitatem
1946 5172 2103 5217 nacta

523 5261 626 5311 est.
663 5250 808 5322 quod
846 5251 1011 5307 etiam
1043 5252 1218 5321 majus
1244 5259 1328 5307 est
1350 5267 1510 5321 quam
1545 5252 1833 5307 hareditas
1858 5270 1980 5324 qua:
2018 5263 2104 5310 est

524 5348 577 5402 in
611 5359 774 5402 terra.
808 5346 875 5400 Et
915 5354 1204 5416 propterea
1238 5348 1583 5403 conservatio
1611 5358 1667 5403 et
1697 5349 1944 5405 custodia
1986 5367 2103 5407 cre-

520 5437 765 5493 dentium
800 5454 816 5492 :
848 5436 1067 5507 quando
1092 5438 1311 5508 quidem
1342 5438 1505 5494 etiam
1538 5438 1642 5495 hoc
1677 5439 1869 5495 orabat
1906 5441 2103 5496 Domi.-

522 5543 626 5583 nus
669 5528 860 5582 dicens
893 5544 906 5581 :
952 5547 972 5580 ι
1009 5526 1176 5584 Serva
1209 5542 1326 5595 eos,
1353 5526 1516 5583 Pater
1556 5539 1744 5585 sancte
1769 5530 1810 5585 ‘.
1849 5550 1868 5582 ι
1901 5530 2006 5586 Sed
2047 5540 2104 5587 et

523 5619 786 5691 potentia.
822 5619 889 5675 Et
918 5634 1039 5690 qure
1068 5629 1153 5676 est
1181 5620 1419 5691 patentia
1444 5619 1620 5687 ?Quze
1651 5621 1812 5678 duret
1844 5626 2098 5696 usquead

601 5792 621 5825 ⁸
644 5791 786 5848 Psal.
809 5810 1042 5866 xxxviii,
1070 5798 1156 5852 15.
1244 5797 1261 5827 ’⁵
1295 5797 1454 5851 Joan.
1487 5815 1619 5868 xm,
1656 5798 1742 5853 ll.

2207 3327 2301 3379 καὶ
2325 3326 2518 3397 εἰρήνη
2557 3321 2908 3394 πληθυνθείη.
2943 3338 2961 3373 ι
3014 3321 3189 3389 Χάρις
3213 3317 3302 3371 διὰ
3356 3332 3419 3371 το
3441 3319 3649 3387 προῖκα
3696 3312 3783 3365 καὶ

2214 3416 2382 3488 μηδὲν
2404 3413 2816 3483 εἰσενεγκόντας
2843 3413 2992 3483 ἡμᾶς
3021 3409 3312 3472 σώζεσθαι.
3352 3426 3370 3459 ι
3400 3408 3510 3461 Καὶ
3535 3405 3775 3474 εἰρήνη.»

2207 3508 2423 3580 Ταύτης
2459 3507 2569 3579 γὰρ
2602 3505 2761 3578 χρεία
2796 3508 2907 3568 τοῖς
2944 3500 3414 3573 προσκεκρουκόσι
3464 3497 3545 3569 τῷ
3578 3494 3783 3551 ἑαυτῶν

2206 3602 2476 3676 Δεσπότῃ,
2537 3601 2633 3657 καὶ
2677 3601 2758 3664 εἰς
2805 3595 3095 3668 πολεμίους
3135 3593 3301 3649 αὐτοῦ
3330 3589 3710 3661 τεταγμένοις.

2279 3783 2625 3853 Εὐλογητὸς
2650 3783 2684 3837 ό
2721 3779 2868 3845 Θεὸς
2894 3778 2990 3832 καί
3021 3763 3221 3844 Πατὴρ
3235 3774 3343 3829 τοῦ
3372 3772 3595 3841 Κυρίου
3621 3766 3780 3840 ἡμῶν

2220 3877 2428 3947 Ἰησοῦ
2465 3874 2745 3945 Χριστοῦ,
2787 3875 2821 3929 ό
2862 3871 3011 3927 κατὰ
3047 3870 3112 3924 τὸ
3167 3867 3328 3923 πολὺ
3378 3864 3563 3920 αὐτοῦ
3618 3864 3778 3925 ἔλεος

2208 3969 2638 4040 ἀναγεννήσας
2679 3965 2838 4037 ἡμᾶς
2896 3968 2985 4032 εἰς
3029 3963 3248 4019 ἐλπίδα
3275 3959 3489 4024 ζῶσαν,
3529 3957 3607 4012 δι’
3641 3957 3777 4012 dra.

2209 4063 2485 4131 στάσεως
2533 4061 2738 4127 Ἰησοῦ
2763 4058 3023 4127 Χριστοῦ
3049 4059 3118 4112 ἐκ
3141 4054 3395 4125 νεκρῶν.

2281 4155 2511 4223 Εὐλογεῖ
2538 4153 2630 4207 τὸν
2672 4151 2807 4205 Θεὸν
2849 4149 3056 4218 ταύτην
3088 4147 3240 4217 αὐτῷ
3290 4146 3401 4199 τῶν
3452 4142 3677 4212 ἀγαθῶν
3710 4134 3778 4194 ὧν

2208 4247 2425 4302 δίδωσιν
2461 4245 2816 4317 εὐχαριστίαν
2847 4239 3169 4302 ἀντιδιδούς.
3212 4239 3347 4292 Τίνα
3392 4237 3448 4289 δὲ
3480 4237 3549 4290 τά
3583 4232 3779 4303 δωρού-

2213 4356 2351 4411 μενα
2391 4355 2407 4403 ;
2460 4338 2663 4404 Ἐλπὶς,
2693 4335 2791 4407 οὐχ
2820 4335 2909 4389 οία
2938 4336 2972 4405 ἡ
3000 4333 3090 4386 διὰ
3124 4331 3370 4393 Μωσέως
3404 4331 3463 4383 ἐν
3508 4330 3573 4397 τῇ
3608 4328 3778 4380 Χανα-

2212 4433 2340 4504 ναίᾳ
2371 4435 2441 4502 γῇ
2474 4430 2751 4494 κατοικία,
2803 4430 2925 4500 ἥτις
2948 4427 3116 4499 θνητὴ
3149 4425 3363 4494 θνητοῖς
3391 4421 3776 4490 ἐπαγγέλλεται

3655 4513 3711 4564 Ἀ
3718 4511 3776 4563 πὸ

2207 4613 2303 4667 τοῦ
2339 4615 2403 4667 ἐκ
2451 4613 2660 4685 νεκρῶν
2710 4611 3043 4673 ἀναστάντος
3068 4609 3245 4678 Ἰησοῦ
3288 4604 3547 4675 Χριστοῦ.
3582 4605 3674 4657 Ἑν
3703 4599 3776 4664 οἷς

2207 4706 2319 4778 γὰρ
2352 4705 2573 4775 ἀνέστη,
2623 4705 2723 4774 τῆς
2766 4704 2937 4773 αὐτῆς
2965 4701 3190 4768 ἀξιώσει
3226 4697 3323 4752 καὶ
3371 4698 3497 4759 τοὺς
3545 4696 3633 4749 διὰ
3663 4695 3775 4744 πίσ-

2207 4816 2346 4862 τεως
2402 4799 2506 4868 τῆς
2552 4799 2633 4862 είς
2662 4797 2826 4852 αὐτὸν
2874 4795 3201 4866 προσιόντας
3240 4790 3410 4861 αὐτῷ.
3461 4789 3652 4851 Ἐλπὶς
3692 4782 3774 4838 οὖν

2209 4891 2363 4954 ζῶσα
2390 4890 2450 4943 τὸ
2488 4891 2789 4961 διδόμενον,
2823 4887 3160 4960 κληρονομία
3209 4884 3489 4954 ἄφθαρτος
3532 4881 3629 4933 καὶ
3655 4878 3775 4948 ἀμί·

2212 5000 2392 5049 αντος,
2440 4984 2541 5037 οὐκ
2592 4985 2652 5036 έν
2678 4985 2772 5053 τῇ,
2823 4981 2898 5045 ὡς
2943 4983 3056 5045 τοῖς
3088 4978 3377 5047 πατράσιν,
3419 4973 3772 5043 ἀποκειμένη,

2212 5074 2327 5129 ἀλλ’
2361 5075 2419 5128 ὲν
2448 5072 2718 5145 οὐρανοῖς.
2766 5074 2885 5142 ’Δφ’
2915 5065 2976 5126 οὗ
3020 5070 3114 5124 καὶ
3141 5071 3202 5124 τὸ
3249 5066 3557 5128 διαιωνίζον
3583 5065 3773 5130 κέκτη-

2210 5184 2324 5222 ται.
2378 5165 2443 5220 Ὃ
2495 5166 2592 5220 καὶ
2627 5166 2812 5237 μεῖζον
2851 5165 2952 5233 τῆς
2996 5166 3055 5218 ἐν
3102 5166 3171 5233 γῇ
3225 5160 3620 5233 κληρονομίας.
3673 5156 3772 5210 Καὶ

2213 5262 2348 5330 πρός
2376 5274 2440 5326 ἰε
2466 5257 2697 5320 τούτοις.
2741 5257 3069 5327 συντήρησις
3124 5255 3218 5308 καὶ
3253 5252 3465 5323 φρουρά
3518 5248 3628 5303 τῶν
3693 5263 3771 5298 πι·

2213 5354 2545 5405 στενόντων.
2585 5350 2740 5404 Ἐπεὶ
2790 5350 2884 5403 καὶ
2920 5349 3080 5403 τοῦτο
3109 5344 3456 5418 προσηύξατο
3507 5345 3537 5396 ό
3581 5341 3771 5409 Κύριος

2211 5442 2402 5496 εἰπών.
2439 5462 2457 5494 ι
2492 5442 2744 5514 Τήρησον
2767 5441 2990 5506 αὐτοὺς,
3022 5438 3207 5509 Πάτερ
3242 5435 3387 5505 ἆτιε.
3425 5453 3445 5486 ι
3496 5431 3657 5485 Ἀλλά
3688 5426 3770 5481 καὶ

2211 5536 2268 5586 ἐν
2307 5533 2554 5603 δυνάμει.
2607 5534 2716 5585 Καὶ
2760 5531 2844 5595 τίς
2873 5533 2906 5601 ἡ
2936 5530 3165 5600 δύναμις
3195 5545 3209 5594 ;
3245 5527 3319 5579 Τὸ
3357 5525 3520 5596 μέχρι
3548 5522 3643 5592 τῆς
3681 5514 3767 5570 τοῦ

2212 5627 2418 5698 Κυρίου
2448 5623 2868 5695 ἀποκαλύψεως.
2927 5624 2991 5679 El
3018 5623 3129 5694 γὰρ
3164 5621 3240 5693 μὴ
3263 5618 3514 5689 δυνατὴὴ
3545 5606 3767 5686 φρουράν
