3986 6556
442 344 551 413 519

1524 345 1923 408 (ECUMENII
1953 345 2246 408 TRICtLE
2274 347 2619 411 EPISCOPI

3587 343 3703 410 520

443 477 539 516 eos
583 458 815 514 reddens
853 473 953 529 per
989 459 1094 515 hoc
1120 458 1262 529 quod
1292 458 1485 514 addit:
1517 457 1656 513 Cum
1694 459 2024 513 revelabitur

2134 462 2303 514 ποιῶν
2332 462 2419 515 διὰ
2432 461 2527 515 τοῦ
2548 456 2862 528 προσθεῖναι
2883 452 2962 521 τὸ,
3008 451 3098 508 Ἐν
3145 452 3483 523 ἀποκαλύψει
3516 454 3705 525 Ἰησοῦ

440 551 602 608 Jesus
638 550 910 615 Christus,
943 550 1089 620 quod
1113 550 1202 604 illo
1232 560 1475 619 tempore
1515 564 1613 619 per
1644 548 1888 603 laborum
1919 548 2017 602 de-

442 644 895 698 monstrationem
928 657 1119 713 magna
1147 642 1218 696 sit
1250 640 1497 695 addenda
1526 639 1782 694 nobzlitas
1811 639 1894 692 his
1925 641 2016 708 qui

443 743 814 791 certaverunt.
850 734 1013 789 Addit
1046 743 1224 788 autem
1255 740 1310 786 et
1337 732 1482 785 aliud
1521 731 1664 800 quod
1693 731 1916 784 attrahit
1950 730 2016 783 ad

443 827 783 882 tolerantiam
816 825 1189 880 aﬂlictionum.
1212 822 1481 889 Quidnam
1507 824 1636 878 illud
1662 824 1782 878 est?
1807 842 1825 874 ι
1845 823 2016 889 Quem

443 936 567 974 cum
616 934 725 973 non
767 917 1030 979 videritis,
1066 915 1229 969 modo
1257 912 1499 983 diligitis.
1541 932 1559 964 ι
1616 913 1675 966 Si
1721 914 2017 967 enitncum

444 1025 553 1064 non
591 1009 836 1063 videritis
875 1023 999 1062 eum
1039 1006 1212 1060 oculis
1249 1006 1546 1075 corporeis,
1579 1020 1642 1059 ex
1683 1005 1798 1058 solo
1829 1005 2018 1058 auditu

443 1100 709 1169 diligitis,
764 1099 960 1168 inquit,
1010 1097 1354 1152 considerate
1402 1105 1664 1165 quantam
1719 1095 2021 1150 ostendetis

443 1192 786 1245 dilectionem
815 1205 937 1245 cum
962 1190 1139 1259 ipsum
1170 1188 1436 1250 videritis,
1456 1187 1615 1256 idque
1629 1186 1757 1239 dum
1780 1187 1834 1238 in
1855 1185 2020 1256 g’oria

440 1283 914 1338 manifestabitur:
941 1298 1067 1336 nam
1091 1282 1137 1336 si
1167 1282 1349 1352 passio
1380 1280 1551 1352 ipsius
1572 1280 1708 1333 adeo
1740 1292 1834 1332 vos
1855 1287 2023 1331 attra-

442 1376 544 1440 xit,
576 1383 838 1444 quiantum
867 1389 999 1445 ergo
1038 1388 1133 1428 vos
1159 1372 1374 1427 allicere
1415 1371 1615 1441 poterit
1654 1368 2021 1423 manifestatio

445 1466 619 1536 ipsius
645 1481 768 1519 cum
793 1464 1092 1519 incredibili
1115 1462 1424 1533 splendore,
1444 1460 1661 1530 quando
1682 1459 1846 1513 etiam
1868 1459 2022 1513 vobis

444 1559 674 1614 salutem
704 1557 1009 1611 animarum
1038 1556 1091 1609 in
1136 1554 1420 1625 praemium
1459 1551 1709 1608 tribuerit
1737 1551 1750 1603 l
1791 1549 1859 1604 Ut
1893 1565 2021 1621 ergo

443 1649 537 1703 tali
567 1645 945 1710 innotescatis,
968 1644 1245 1714 accepturi
1268 1644 1431 1697 etiam
1450 1641 1755 1712 hujusmodi
1775 1640 2018 1711 gloriam,

440 1739 817 1796 brevissimam
849 1737 953 1791 hoc
983 1746 1228 1806 tempore
1253 1734 1525 1790 ostendite
1564 1732 1903 1788 tolerantiam
1928 1773 1942 1798 ,
1968 1742 2023 1788 et

444 1832 595 1899 scopi
629 1827 893 1899 propositi
920 1840 1188 1882 summam
1219 1823 1514 1879 habebitis.

516 1921 559 1982 1.
600 1920 785 1975 10-12.
825 1919 898 1973 De
944 1935 1047 1989 qua
1090 1916 1261 1970 salute
1301 1915 1658 1983 exquisierunt
1697 1928 1761 1966 ac
1800 1913 2023 1967 scrutati

442 2020 561 2067 sunt
588 2012 875 2081 prophetia,
904 2010 992 2080 qui
1020 2008 1085 2061 de
1107 2017 1321 2061 ventura
1350 2008 1404 2059 in
1427 2021 1515 2059 vos
1549 2004 1722 2076 gratia
1750 2002 2023 2058 vaticinati

444 2110 897 2167 sunt,scrutanles
926 2099 996 2153 ad
1026 2098 1162 2167 quod
1200 2095 1281 2150 vel
1310 2097 1561 2166 cujusque
1591 2104 1792 2165 tempus
1819 2093 2023 2164 signi/i-

444 2203 585 2246 caret
618 2192 705 2264 qui
732 2193 787 2245 in
815 2191 922 2244 illis
941 2199 1053 2244 erat
1073 2188 1304 2257 Spiritus
1334 2186 1549 2247 Clu-isti,
1571 2189 1659 2256 qui
1694 2187 1838 2255 prius
1865 2201 2023 2255 quam

444 2285 760 2350 acciderent,
794 2289 1085 2337 testabatur
1113 2289 1358 2335 venturas
1391 2280 1446 2333 in
1479 2277 1742 2335 Christum
1781 2278 2022 2349 afﬂictio-

445 2394 557 2441 nes,
582 2387 651 2439 et,
684 2392 802 2446 qua:
850 2382 1017 2428 essent
1070 2381 1445 2436 consecutura,
1475 2370 1672 2439 glorias
1697 2386 1716 2423 :
1752 2369 1936 2440 quibus
1975 2378 2022 2422 et

444 2467 578 2520 illud
628 2465 913 2521 revelatum
966 2472 1040 2518 est
1085 2463 1221 2534 quod
1251 2462 1395 2515 haud
1436 2462 1537 2535 sibi
1572 2461 1719 2528 ipsis,
1743 2461 1847 2513 imo
1881 2460 2024 2513 nobis

445 2559 810 2612 ministrarent
843 2556 953 2610 haec
969 2569 1085 2625 qua:
1106 2570 1242 2608 nunc
1271 2554 1590 2607 annuntiata
1615 2560 1736 2605 sunt
1751 2550 1906 2620 ‘robis
1933 2566 2025 2620 per

442 2665 531 2704 eos
565 2648 813 2719 qui-vobis
833 2647 1249 2715 praedicauerunt
1277 2643 1621 2714 Evangelium
1646 2658 1737 2711 per
1765 2641 2023 2711 Spiritum

443 2752 687 2795 sanctum
711 2740 958 2793 emissum
980 2738 1045 2792 de
1072 2736 1198 2791 caelo
1224 2750 1244 2791 :
1273 2737 1331 2790 in
1363 2750 1481 2807 quae
1516 2733 1812 2788 desiderant
1847 2732 2024 2804 angeli

446 2834 769 2904 prospicere.

519 2926 971 2997 Quandoquidem
1000 2924 1068 2981 de
1096 2923 1289 2981 animae
1319 2922 1491 2979 salute
1519 2921 1853 2977 mentionem
1880 2920 2026 2977 fece-

445 3030 529 3075 rat
556 3036 572 3075 :
612 3020 728 3074 ha'c
758 3006 940 3074 autem
965 3032 1077 3073 non
1107 3027 1227 3073 erat
1254 3017 1563 3081 manifesta,
1608 3016 1706 3071 sed
1732 3031 1872 3070 nova
1904 3029 2025 3085 quae

2121 553 2379 623 Χριστοῦ,
2409 553 2486 615 ὠς
2504 552 2596 604 τοῦ
2613 550 2735 603 τότε
2750 545 2948 617 καιροῦ
2972 549 3036 616 τῇ
3066 545 3327 610 ἐπιδείξει
3347 546 3460 599 τῶν
3490 547 3699 614 πόνων,

2123 642 2327 707 πολλὴν
2355 640 2456 711 τὴν
2483 639 2733 693 εὔκλειαν
2753 640 2867 699 τοῖς
2899 635 3351 705 διηγωνισμένοις
3383 634 3706 705 παρεξομέ-

2121 751 2233 787 νου.
2262 731 2595 803 Προστίθησι
2620 731 2754 783 δέτι
2796 731 2893 783 καὶ
2935 728 3065 782 ἄλλο
3116 727 3510 795 ἐφελκυστικδν
3557 729 3703 798 πρὸς

2118 825 2219 893 τὴν
2255 823 2535 893 ὑπομονὴν
2558 822 2667 875 τῶν
2691 820 2944 889 θλίψεων.
2977 820 3043 872 Τί
3065 819 3224 872 τοῦτο
3252 835 3268 884 ;
3293 817 3387 882 Τὸ,
3420 836 3440 870 ι
3485 821 3580 873 Ὃν
3597 821 3705 873 ούκ

2120 917 2342 981 εἰδότες,
2377 917 2628 984 ἀγαπᾶτε
2659 916 2805 984 ἄρτι.
2843 932 2864 965 ι
2909 913 2973 967 El
3007 912 3117 982 γὰρ
3171 912 3270 965 οὐκ
3295 912 3500 975 εἰδότες
3534 913 3704 966 αὐτὸν

2120 1007 2419 1076 ὀφθαλμοῖς
2452 1006 2652 1078 σαρκὸς
2674 1009 2739 1059 ἐκ
2786 1004 2956 1075 μόνης
3015 1003 3188 1072 ἀκοῆς
3235 1004 3510 1072 ἀγαπᾶτε,
3538 1004 3700 1074 φησι,

2123 1105 2376 1155 σκοπεῖτε
2398 1101 2530 1170 ὅσην
2551 1099 2774 1167 ἀγάπην
2798 1097 3133 1163 ἐπιδείξεσθε
3166 1096 3367 1160 ἰδόντες
3394 1097 3582 1161 αὐτὸν,
3605 1097 3703 1150 καὶ

2118 1191 2295 1245 ταῦτα
2332 1195 2389 1245 ἐν
2410 1190 2535 1262 δόξῃ
2567 1189 3111 1260 ἀποκαλυπτόμενον.
3139 1188 3204 1242 El
3249 1188 3357 1259 γὰρ
3415 1187 3477 1241 τὸ
3524 1188 3704 1252 πάθος

2121 1284 2290 1339 αὐτοῦ
2339 1283 2514 1349 οὕτως
2575 1285 2721 1353 ὑμᾶς
2779 1282 3151 1347 ἐπεσπάσατο,
3207 1280 3261 1335 τί
3319 1277 3429 1351 ἄρα
3482 1279 3703 1348 διαθείη

2122 1376 2318 1447 ὑμᾶςή
2357 1376 2498 1445 μετά
2528 1375 2939 1448 ἀνυπερϐλήτου
2970 1373 3355 1445 λαμπρότητος
3403 1373 3705 1439 ἐπιφάνεια

2121 1468 2312 1533 αὑτοῦ,
2354 1470 2444 1522 ὅτε
2474 1469 2571 1522 καὶ
2610 1468 2739 1537 ὑμῖν
2786 1466 3043 1537 παράσχῃ
3074 1465 3135 1519 τὸ
3188 1466 3360 1535 γέρας
3419 1463 3702 1533 σωτηρίαν

2120 1561 2311 1632 ψυχῶν
2339 1578 2355 1623 ;
2389 1562 2474 1624 Ὠς
2510 1561 2602 1614 οὖν
2620 1560 2846 1629 τοιούτῳ
2878 1557 3271 1630 ἐμφανίζησθε,
3298 1556 3590 1626 μέλλοντες
3610 1555 3705 1608 καὶ

2122 1654 2281 1722 δόξης
2306 1655 2574 1724 τοιαύτης
2622 1652 2945 1722 ἀξιωθῆναι,
3003 1651 3297 1721 ἰσόρροπον
3354 1648 3549 1701 τούτου
3607 1647 3705 1699 νῦν

2124 1743 2528 1813 ἐπιδειξάμενοι
2553 1742 2872 1813 καρτερίαν,
2901 1742 2962 1794 τὸ
2988 1742 3098 1794 πᾶν
3127 1739 3280 1803 ἕξετε
3338 1737 3436 1794 τοῦ
3498 1753 3704 1808 προτε-

2050 1837 2091 1894 B
2124 1833 2309 1896 θέντος
2336 1833 2568 1886 σκοποῦ.

2196 1923 2334 1992 Περὶ
2364 1918 2440 1993 ἧς
2466 1919 2762 1988 σωτηρίας
2816 1917 3184 1984 ἐξεζήτησαν
3233 1915 3331 1971 καί
3375 1915 3707 1984 ὲξηρεύνη-

2124 2031 2249 2071 σαν
2310 2014 2629 2084 προφῆται,
2667 2017 2722 2067 oi
2771 2010 2905 2081 περὶ
2974 2010 3088 2079 τῆς
3144 2015 3235 2076 εις
3294 2007 3454 2078 ὑμᾶς
3535 2007 3706 2078 χάρις

2125 2125 2230 2173 τος
2288 2109 2839 2177 προφητεύσαντες,
2894 2103 3252 2172 ἐρευνῶντες
3307 2104 3396 2166 εις
3466 2101 3607 2154 τίνα
3662 2097 3702 2169 ἢ

2125 2200 2302 2253 ποῖον
2328 2198 2535 2266 καιρὸν
2552 2197 2778 2263 ἐδήλου
2814 2197 2882 2250 τὸ
2917 2196 2990 2250 ἐν
3034 2193 3241 2260 αὐτοῖς
3275 2192 3514 2261 πνεῦμα
3566 2193 3705 2260 Χρι-

2125 2291 2276 2345 στοῦ
2315 2291 2885 2360 προμαρτυρόμενον
2915 2288 2989 2340 τὰ
3051 2288 3140 2351 εὶς
3195 2285 3458 2354 Χριστὸν
3509 2280 3707 2350 παθή-

2120 2400 2278 2451 ματα
2308 2383 2408 2436 καί
2435 2385 2543 2448 τὰς
2564 2387 2716 2451 μετὰ
2745 2379 2932 2434 ταῦτα
2961 2378 3170 2443 δόξας.
3239 2373 3342 2442 οἷς
3393 2376 3707 2430 detexta/Ida

2125 2477 2266 2541 5:01;,
2297 2474 2385 2527 ὅτι
2415 2475 2530 2542 οὐχ
2574 2472 2840 2538 ἑαυτοῖς,
2862 2472 3002 2542 ἡμῖν
3033 2470 3100 2525 δὲ
3133 2469 3461 2536 διηκόνουν
3522 2468 3700 2529 αὐτὰ,

2125 2564 2300 2619 ᾱνῦν
2324 2568 2623 2635 annm-mn
2681 2567 2845 2636 ὑμῖν.
2891 2565 2994 2621 Διά
3048 2564 3171 2617 τῶν
3233 2559 3705 2631 enarra/Itomae-

2124 2673 2251 2711 νων
2270 2657 2445 2727 ὑμᾶς,
2481 2658 2552 2711 ἐν
2594 2659 2892 2728 Πνεύματι
2935 2656 3081 2725 ἁγίῳ
3147 2651 3561 2709 ἀποσταλέντι
3596 2648 3701 2706 ἀπ’

2124 2750 2407 2818 οὐραγοῦ,
2425 2752 2513 2814 εἰς
2541 2748 2578 2805 ἂ
2604 2749 3006 2820 ἐπιθυμοῦσιν
3035 2747 3281 2818 ἄγγελοι
3315 2743 3696 2813 παρακῦψαι.

2211 2927 2465 2980 Ἐπειδὰν
2494 2928 2624 2997 περὶ
2642 2925 2824 2997 ψυχῆς
2855 2925 3129 2995 σωτηρίας
3161 2920 3431 2994 ἐμνήσθη,
3481 2917 3701 2989 αὖτηδὲ

2124 3016 2323 3089 ἄδηλος
2362 3019 2458 3072 καὶ
2485 3017 2773 3083 ξενίζουσα
2830 3014 2930 3085 τὴν
2977 3014 3171 3085 ἀκοὴν,
3227 3013 3356 3076 τοὺς
3404 3011 3705 3082 προφήτας

444 3113 716 3169 audierat.
746 3112 1042 3183 prophetas
1072 3111 1128 3166 in
1154 3111 1392 3167 medium
1424 3109 1674 3181 producit
1701 3109 1790 3180 qui
1820 3110 1884 3164 de
1908 3110 2022 3180 ipsa

2129 3111 2367 3181 παράγει
2396 3111 2492 3164 καὶ
2516 3110 2849 3180 ἐζητηκότας
2878 3109 2975 3162 καὶ
2994 3106 3366 3178 ὴρευνηκότας
3419 3104 3555 3174 περὶ
3606 3103 3705 3155 αὐ·

444 3205 822 3276 exquisierunt
865 3218 929 3258 ac
976 3203 1203 3259 scrutati
1236 3211 1383 3257 sunt.
1420 3174 1796 3272 siquidem-de
1826 3174 2024 3256 futuris

2129 3174 2246 3269 τῆς.
2282 3174 2394 3256 Καὶ
2432 3202 2540 3271 γὰρ
2581 3174 2872 3271 ἐζητησαν,
2931 3174 3120 3270 ῶσπερ
3166 3174 3364 3268 Δανιὴλ
3400 3195 3532 3265 περὶ
3591 3191 3702 3246 τῶν

446 3296 824 3367 exquisierunt
855 3311 871 3349 :
917 3294 1372 3365 quemadmodum
1406 3293 1612 3359 Daniel,
1642 3294 1733 3363 qui
1760 3293 1830 3347 ob
1863 3293 1914 3347 id
1942 3291 2025 3346 vir

2132 3294 2456 3363 μελλόντων,
2472 3292 2530 3356 ὃς
2548 3294 2643 3347 καὶ
2661 3292 2749 3345 διά
2773 3291 2950 3357 τοῦτο,
2979 3291 3119 3361 ἀνὴρ
3148 3287 3454 3359 ἐπιθυμιῶν
3486 3285 3702 3356 ἐκλήθη

447 3388 845 3445 desideriorum
873 3397 1100 3442 vocatus
1128 3392 1212 3440 est
1232 3385 1300 3439 ab
1328 3386 1522 3456 angelo
1561 3426 1577 3452 ,
1607 3385 1699 3454 qui
1729 3384 1891 3439 dabat
1918 3382 2025 3453 ipsi

447 3482 632 3536 divina
679 3494 962 3550 responsa.
1002 3478 1068 3533 Et
1111 3458 1242 3548 quid
1283 3478 1645 3548 inquisierint,
1695 3475 1972 3546 subiungit
2006 3492 2024 3534 :

454 3591 474 3624 ι
492 3573 571 3626 Ad
600 3572 746 3642 quod
770 3570 850 3624 vel
868 3569 1136 3640 ejusmodi
1154 3577 1368 3638 tempus
1383 3568 1713 3639 signiﬁcaret
1731 3567 1891 3637 quiin
1922 3566 2027 3621 illis

449 3673 564 3719 erat
588 3661 883 3733 spiritus‘a
909 3662 990 3716 Ad
1013 3666 1179 3731 quod,
1198 3675 1396 3731 nempe
1415 3659 1900 3715 consummationis
1918 3673 2023 3714 sae-

449 3751 559 3808 culi
575 3769 590 3811 :
609 3752 914 3822 cuiusmodi
928 3765 1079 3817 vero,
1098 3758 1223 3821 puta
1236 3765 1360 3805 cum
1375 3749 1543 3806 Judaei
1559 3765 1657 3820 per
1673 3749 1846 3804 varias
1855 3750 2026 3818 capti-

451 3846 648 3901 vitales
662 3845 727 3899 ad
747 3843 1045 3914 perfectum
1061 3840 1157 3897 Dei
1176 3843 1382 3915 cultum
1406 3841 1761 3907 declinantes,
1781 3848 2029 3911 accepta-

452 3936 577 3990 bilis
617 3949 812 3990 sensus
844 3949 860 3989 :
900 3932 1065 4005 487
1112 3933 1180 3987 ad
1218 3932 1427 3987 Christi
1470 3930 1788 4003 mysterium
1820 3930 2027 3985 consti-

453 4036 759 4084 tuerentur.
783 4027 1174 4082 Animadverte
1194 4034 1374 4081 autem
1399 4026 1545 4096 quod
1577 4024 1804 4095 spiritus
1824 4022 2028 4083 Christi

453 4130 639 4189 aperte
696 4123 1014 4192 speculatur
1059 4136 1127 4175 ac
1152 4120 1373 4175 disserit
1399 4120 1467 4174 de
1493 4118 1729 4175 Christo.
1748 4117 2031 4187 Signiﬁca-

453 4212 547 4267 bat
562 4220 746 4267 autem
769 4212 860 4265 hic
882 4212 1123 4283 Spiritus
1144 4208 1701 4274 aﬂlictionesChristi,
1726 4223 1823 4278 per
1839 4205 2027 4261 Isaiam

451 4306 675 4375 quidem
719 4304 911 4359 dicens
958 4321 972 4357 :
1034 4323 1053 4357 ι
1100 4302 1380 4373 Tanquam
1427 4302 1547 4357 ovis
1592 4302 1659 4356 ad
1698 4301 2028 4356 occisionem

456 4398 652 4450 ductus
680 4396 822 4451 est”.
871 4414 890 4448 ι
930 4394 1033 4450 Per
1059 4394 1349 4449 Jeremiam
1380 4410 1511 4449 vero
1542 4412 1558 4448 :
1599 4413 1618 4447 ι
1666 4394 1879 4454 Venite,
1908 4394 2032 4448 mit-

2129 3386 2234 3439 ὑπὸ
2251 3384 2344 3438 τοῦ
2374 3384 2810 3456 χρηματίζοντος
2826 3382 2975 3453 αὐτῷ
3003 3381 3260 3452 ἀγγέλου.
3295 3379 3406 3434 Καὶ
3421 3378 3475 3431 τί
3498 3378 3701 3443 ἐζήτη-

2133 3494 2253 3541 σαν,
2289 3478 2504 3545 ἐπάγευ
2537 3497 2556 3528 ι
2581 3478 2676 3541 Εἰς
2705 3476 2826 3530 τίνα
2867 3475 2901 3546 ἢ
2933 3476 3084 3528 ποῖον
3117 3472 3310 3544 καιρὸν
3334 3470 3523 3542 ἐδήλου
3561 3469 3625 3521 τὸ
3646 3471 3703 3521 ἐν

2129 3568 2311 3631 αὐτοῖς
2332 3568 2577 3639 Πνεῦμα.
2606 3587 2626 3621 ι
2675 3570 2770 3632 Εἰς
2812 3567 2933 3622 τινα
2974 3569 3094 3639 μὲν,
3118 3565 3210 3619 τὸν
3251 3565 3346 3618 ἐπὶ
3392 3560 3702 3631 συντελείᾳ,

2131 3666 2283 3715 ποῖον
2309 3663 2385 3725 δὲ,
2417 3663 2508 3715 τὸν
2543 3663 2629 3715 ὅτε
2649 3664 2767 3724 ταῖς
2797 3660 3074 3730 διαφόροις
3133 3656 3533 3729 αἰχμαλωσίαις
3596 3654 3704 3704 τῶν

2142 3757 2412 3811 Ἰουδαίων
2439 3757 2577 3829 πρὸς
2617 3756 2857 3825 παντελῆ
2906 3753 3218 3808 θεοσέϐειαν
3264 3749 3702 3810 ἀποκλινάντων,

2129 3852 2529 3924 εύπαράδεκτοι
2557 3850 2900 3920 κατέκτησαν
2932 3849 3011 3913 είς
3040 3846 3102 3900 τδ
3134 3846 3276 3900 κατά
3325 3843 3563 3915 Χριστὸν
3605 3860 3706 3911 μυ-

2132 3947 2373 4016 στήριον.
2420 3943 2621 3996 Σκόπει
2681 3941 2737 3995 δέ
2802 3941 2885 3994 ὅτι
2952 3939 3165 4007 πνεῦμα
3217 3936 3450 4007 Χριστοῦ
3480 3935 3705 4005 είρηκδς

2133 4037 2376 4105 θεολογεϊ
2402 4033 2769 4106 τδνΧριστὸν.
2819 4032 3037 4103 Ἐδήλου
3067 4031 3123 4085 δέ
3156 4029 3313 4083 τοῦτο
3354 4028 3416 4082 τὸ
3481 4028 3706 4096 πνεῦμα

2130 4131 2201 4183 τὰ
2225 4129 2375 4199 πάθη
2404 4127 2499 4181 τοῦ
2530 4124 2791 4197 Χριστοῦ,
2819 4124 2906 4178 διὰ
2940 4124 3040 4194 μὲν
3089 4121 3312 4175 Ἡσαΐου
3335 4119 3511 4173 εἰπόν.
3549 4137 3570 4171 ι
3618 4119 3705 4180 Ὧς

2132 4218 2407 4290 πρόϐατον
2438 4217 2533 4270 ἐπὶ
2590 4214 2807 4285 σφαγὴν
2866 4214 3030 4284 ἤχθη.
3069 4230 3088 4264 ι
3147 4212 3248 4264 Διά
3305 4211 3363 4263 δὲ
3410 4209 3701 4280 Ἱερεμίου·

2137 4330 2155 4363 ι
2185 4311 2374 4371 Δεῦτε,
2404 4307 2839 4378 καὶέμόἀλωμεν
2860 4305 3013 4370 ξύλον
3043 4308 3122 4367 εἰς
3151 4304 3242 4357 τὸν
3269 4304 3432 4374 ἄρτον
3458 4301 3650 4355 αὐτοῦ.
3680 4317 3699 4351 ι
3752 4344 3755 4345 ν

2131 4403 2243 4473 Τὴν
2266 4402 2323 4454 δὲ
2347 4402 2644 4454 ἀνάστασιν
2671 4399 2758 4453 διὰ
2790 4398 2965 4470 Ὠσηὲ·
3006 4418 3023 4449 ι
3077 4399 3154 4466 Τῇ
3183 4396 3367 4468 ἡμέρᾳ
3422 4398 3486 4465 τῇ
3543 4395 3703 4465 τρίτῃ

455 4497 637 4541 tamus
665 4487 869 4556 lignum
900 4485 953 4540 in
984 4501 1176 4555 panem
1205 4486 1377 4555 ejus”.
1421 4504 1440 4536 ι
1477 4486 1646 4540 Porro
1674 4487 2025 4540 resurrectio-

2132 4493 2556 4564 ἀναστησόμεθα
2604 4491 2847 4545 ἐναντίον
2896 4487 3083 4553 αὑτοῦ,
3146 4489 3243 4542 καὶ
3289 4487 3551 4557 διώξομεν
3606 4484 3702 4540 τοῦ

456 4588 582 4626 nem
620 4588 718 4642 per
759 4571 899 4627 Osee
937 4591 950 4627 :
992 4592 1010 4624 ι
1055 4572 1237 4628 Tertio
1268 4573 1352 4628 die
1380 4574 1832 4629 resuscitabimnr
1854 4592 2034 4633 coram

458 4677 567 4728 eo,
620 4672 677 4717 et
724 4679 1120 4734 prosequemur
1168 4674 1228 4720 nt
1276 4680 1666 4736 cognoscamus
1708 4664 2034 4734 Dominum,

459 4762 722 4823 tanquam
759 4754 1058 4812 diluculum
1095 4768 1343 4828 paratum
1373 4756 1717 4812 inveniemus
1745 4758 1974 4829 ipsum”.
2009 4780 2027 4811 ι

460 4844 559 4901 His
580 4858 762 4900 autem
794 4849 1093 4904 revelatum
1133 4858 1217 4904 est
1242 4863 1354 4903 non
1383 4856 1603 4918 pr0pter
1639 4864 1719 4913 se,
1748 4850 1842 4905 sed
1872 4867 2039 4922 prop-

460 4947 544 4993 ter
582 4952 696 4994 vos.
725 4937 995 4995 Caaterum
1023 4940 1140 4997 haac
1173 4942 1283 4996 duo
1312 4940 1437 4997 facit
1460 4941 1546 4997 his
1575 4944 1942 5009 sermonibus,
1980 4956 2032 5001 et

463 5030 857 5101 prophetarum
903 5034 1144 5088 ostendit
1191 5034 1608 5105 providentiam,
1637 5044 1694 5091 et
1732 5037 1877 5107 quod
1907 5046 2033 5093 ante

463 5122 748 5177 conditum
775 5124 1036 5178 mundum
1070 5127 1178 5180 Deo
1210 5126 1521 5198 praeogniti
1549 5136 1705 5182 erant
1735 5128 1828 5198 qui
1858 5129 2033 5185 vocati

457 5228 608 5271 nunc
643 5226 774 5270 sunt
805 5217 874 5271 ad
909 5216 1113 5272 Christi
1144 5218 1326 5273 tidem.
1356 5218 1635 5290 Siquidem
1667 5236 1765 5290 per
1799 5222 2035 5292 prophe‘

460 5316 641 5361 tarum
672 5306 1072 5376 providentiam
1115 5308 1325 5364 inducit
1367 5324 1482 5370 eos.
1527 5326 1596 5365 ne
1627 5311 1890 5366 increduli
1925 5313 2034 5368 sint

460 5399 548 5453 bis
575 5413 807 5468 quorum
839 5399 1122 5469 prophetis
1161 5415 1353 5470 magna
1392 5399 1494 5455 iuit
1523 5417 1652 5456 cura
1681 5403 1746 5457 ad
1785 5404 2027 5474 ipsorum

459 5489 754 5546 utilitatem
783 5509 797 5545 :
825 5492 953 5559 quia
982 5506 1084 5546 nec
1115 5492 1211 5547 lilii
1240 5492 1539 5563 prudentes
1559 5505 1816 5564 paternos
1849 5497 2032 5567 despi-

458 5583 616 5640 ciunt
662 5585 896 5641 labores.
933 5583 1146 5641 Etenim
1194 5586 1240 5641 si
1288 5587 1402 5643 huic
1447 5586 1549 5657 ipsi
1596 5589 1930 5657 quaesierunt
1979 5599 2034 5645 et

2135 4587 2340 4657 γνῶναι
2370 4586 2461 4639 τὸν
2497 4585 2724 4656 Κύριον,
2769 4584 2845 4648 ὡς
2875 4584 3069 4655 ὄρθρον
3124 4584 3343 4653 ἐτοιμον
3395 4582 3705 4650 εὑρήσομεν

2133 4677 2318 4730 αὐτόν.
2363 4694 2381 4726 ι
2417 4674 2806 4744 Ἀπεκαλύςρθη
2855 4674 2911 4726 δέ.
2955 4689 3089 4742 φησι
3125 4672 3357 4736 τούτοις,
3404 4671 3465 4724 οὐ
3489 4669 3557 4722 δι’
3586 4672 3708 4723 ἑαν-

2132 4768 2280 4833 τοὶις,
2310 4768 2445 4822 ἀλλά
2488 4767 2553 4820 δι’
2587 4768 2751 4837 ὑμᾶς.
2788 4763 2893 4819 Δύο
2929 4765 2986 4819 δὲ
3034 4765 3205 4817 ταῦτα
3243 4763 3329 4818 διὰ
3369 4762 3577 4816 τούτων
3610 4764 3705 4831 ἐρα

2135 4862 2359 4930 γὰζεται
2386 4861 2494 4913 τῶν
2523 4860 2719 4926 λόγων,
2750 4859 2810 4912 τό
2836 4875 2895 4910 τε
2918 4858 3200 4929 προμηθὲς
3251 4858 3360 4910 τῶν
3411 4855 3704 4926 προφητῶν

2135 4955 2566 5024 ἐνδεικνύμενος,
2609 4955 2705 5009 καὶ
2732 4956 2793 5005 to
2825 4954 2908 5006 ὅτι
2936 4951 3377 5023 προεγνωσμένοι
3416 4947 3558 5023 ἦσαν
3586 4948 3704 5018 6εῷ

2139 5044 2448 5115 καταϐολῆς
2487 5045 2697 5115 κόσμου
2727 5045 2779 5098 οἱ
2810 5042 2904 5097 νῦν
2952 5044 3247 5114 κληθέντες
3298 5045 3380 5108 είς
3427 5043 3527 5114 τὴν
3564 5041 3704 5096 κατά

2136 5138 2377 5207 Χριστὸν
2415 5139 2621 5192 πίστιν.
2674 5137 2775 5192 Διά
2827 5138 2925 5207 μέν
2970 5137 3062 5193 οὖν
3107 5137 3204 5190 τοῦ
3258 5137 3367 5190 τῶν
3412 5133 3702 5207 προφητῶν

2139 5227 2459 5299 προμηθοῦς
2520 5230 2704 5297 ἐνάγει
2758 5230 2955 5292 αὐτοὺς
3001 5230 3076 5300 μὴ
3113 5227 3358 5293 ἀπειθῶς
3395 5228 3704 5295 διατεθῆναι

2138 5318 2274 5386 πρὸς
2305 5318 2374 5372 τὰ
2402 5320 2506 5372 ὑπὸ
2535 5319 2644 5372 τῶν
2683 5320 2978 5390 προφητῶν
3020 5322 3207 5382 αύτοίς
3241 5318 3702 5389 πεφροντισμένα,

2137 5412 2220 5464 ὅτι
2249 5412 2384 5483 μηδὲ
2417 5414 2524 5465 υἱοὶ
2556 5410 2773 5483 σῶφρον
2787 5431 2844 5477 ες
2893 5414 3175 5485 πατρικῶν
3210 5414 3389 5467 πόνων
3436 5428 3704 5482 καταφρο-

2138 5503 2379 5558 νοῦνται.
2417 5505 2480 5558 Et
2515 5504 2626 5573 γὰρ
2655 5506 2813 5561 αὐτοὶ
2851 5507 3017 5576 μηδὲν
3069 5508 3366 5580 ὀνήσασθαι
3423 5505 3704 5578 μέλλοντες

2140 5594 2418 5665 ἐζήτησαν
2446 5597 2540 5650 καὶ
2556 5589 2736 5668 εὗρον,
2771 5597 2866 5652 καὶ
2898 5597 3153 5670 εὑρόντες
3212 5597 3442 5669 βισλίοις
3489 5595 3705 5667 ἐγκατὲ-

536 5782 561 5817 ⁶
592 5782 725 5838 Dan.
758 5800 831 5852 ix,
858 5785 951 5843 25.
1028 5789 1047 5819 τ
1072 5788 1178 5846 lsa.
1203 5805 1319 5858 Lm,
1356 5790 1407 5845 7.
1485 5790 1505 5822 ⁸
1537 5791 1737 5848 Jcrrm.
1780 5809 1855 5862 si,
1898 5793 1985 5848 l9.
2062 5793 2245 5852 'Oscc
2287 5815 2365 5869 γι,
2396 5798 2452 5853 '5.
