3986 6578
336 385 440 449 5-21

1328 389 1714 452 COMMENT.
1742 391 1824 452 IN
1864 389 2102 454 EPIST.
2141 389 2166 448 Ι
2199 389 2256 450 S.
2309 391 2559 452 PETRI.

3501 394 3606 457 522

337 506 530 566 θεντο.
573 504 770 576 ῶσπερ
825 505 947 560 τινὰ
997 505 1194 578 κλῆρον
1251 507 1381 578 ἡμῖν
1437 509 1924 580 παραπέμποντες,

2038 508 2403 574 invenerunt,
2452 524 2578 563 cum
2628 507 2728 563 sibi
2768 504 3048 578 profutura
3095 523 3206 564 non
3252 519 3470 575 essent,
3517 513 3603 566 in-

333 597 439 651 ούκ
461 595 528 650 ἂν
544 597 738 667 εἴημεν
761 600 944 668 ἡμεῖς,
974 600 1126 669 φησὶ,
1150 598 1370 663 δίκαιοι,
1402 602 1530 673 περὶ
1559 600 1733 654 ταῦτα
1755 618 1920 655 κατα-

307 687 684 758 ’φρονητικῶς
725 687 964 757 ἔχοντες.
998 688 1097 741 Διά
1127 707 1208 741 τοι
1269 689 1427 742 τοῦτο
1455 689 1589 760 μηδὲ
1615 692 1766 760 ἡμᾶς
1795 692 1922 754 τοὺς

335 779 872 849 εὐαγγελιζομένους
912 781 1056 849 ὑμᾶς
1089 779 1262 833 ταῦτα
1289 780 1439 851 παρὰ
1493 780 1697 849 φαῦλον
1750 779 1924 834 τιθέν-

337 887 430 933 τες
451 870 612 923 κενὸν
643 869 980 939 ἀποφαίνετε
1005 872 1065 924 τὸ
1092 871 1411 940 εὐαγγέλιον
1456 872 1638 942 ήμῶν.
1683 872 1780 924 Διὰ
1824 872 1924 942 μὲν

338 961 547 1015 οὖντοῦ
582 962 907 1034 προμηθοῦς
938 963 1048 1015 τῶν
1086 963 1406 1034 προφητῶν,
1467 964 1666 1018 ταῦτα.
1722 963 1822 1016 Διὰ
1865 963 1925 1015 δὲ

339 1054 436 1108 τοῦ
459 1054 970 1126 προεγνῶσθαιύπὸ
1005 1053 1140 1106 Θεοῦ
1198 1053 1355 1123 φοϐεῖ
1386 1053 1460 1125 μὴ
1498 1053 1751 1118 ἀναξίους
1799 1054 1927 1106 ἐαυ-

338 1150 466 1211 τοῦς
496 1147 598 1216 τῆς
626 1147 720 1200 τοῦ
743 1147 880 1200 Θεοῦ
915 1145 1280 1216 προγνώσεως
1296 1146 1594 1215 ἀποφῆναι,
1623 1145 1758 1216 μηδὲ
1787 1145 1923 1198 ἁνα-

342 1240 488 1306 ξίους
553 1240 652 1309 τῆς
711 1239 817 1292 ὑπὸ
866 1238 1060 1291 τούτου
1129 1237 1400 1307 κλήσεως,
1452 1237 1588 1291 ἀλλὰ
1669 1235 1925 1290 κατεπεί⁸

337 1331 530 1400 γεσθαι
601 1329 847 1402 ἀλλήλων
904 1333 984 1394 εἰς
1053 1331 1116 1383 τδ
1185 1329 1486 1400 ἀξιωθῆναι
1543 1328 1644 1398 τῆς
1717 1328 1926 1400 δωρεᾶς

345 1421 442 1474 τοῦ
467 1419 629 1474 Θεοῦ.
663 1440 684 1472 ι
742 1421 844 1475 Διὰ
871 1421 979 1475 τῶν
1030 1421 1543 1492 εὐαγγελισαμένων
1591 1422 1754 1491 ὑμᾶς.
1786 1440 1805 1473 ι
1863 1421 1925 1474 Εἰ

341 1513 438 1565 καὶ
477 1511 634 1566 αύτοί
655 1513 752 1565 καὶ
797 1513 846 1565 οἰ
869 1512 1148 1582 προφῆται
1175 1515 1236 1565 ὲν
1260 1513 1543 1583 Πνεύματι
1578 1512 1716 1582 ἁγίῳ
1765 1511 1928 1582 ἐνήρ-

340 1619 538 1672 γησαν,
572 1602 625 1654 οἰ
659 1602 758 1672 μὲν
778 1601 878 1674 τὴν
911 1602 1266 1673 προφητείαν,
1289 1605 1337 1655 οἰ
1375 1604 1432 1656 δὲ
1479 1603 1540 1657 τὸ
1569 1602 1923 1672 Εὑαγγέλιον,

341 1692 491 1744 οὐδὲν
514 1691 721 1744 τούτων
741 1692 800 1744 τὸ
829 1692 1087 1762 διάφορον
1118 1693 1253 1765 πρὸς
1297 1697 1424 1759 τοὺς
1459 1697 1768 1767 προφήτας.
1833 1696 1926 1747 Δεῖ

344 1781 524 1833 τοίνυν
556 1781 658 1851 τὴν
685 1781 856 1854 αὐτὴν
908 1784 1143 1855 σπουδὴν
1183 1785 1351 1855 ὑμᾶς,
1409 1787 1595 1854 φησὶν,
1660 1785 1923 1855 εἰσάγειν,

343 1873 410 1939 ἣν
438 1873 531 1924 καὶ
559 1872 610 1924 οἰ
641 1874 905 1943 κατήκοοι
937 1876 1045 1927 τῶν
1081 1877 1399 1948 προφητῶν,
1436 1878 1522 1931 ἵνα
1549 1879 1624 1949 μὴ
1679 1881 1747 1950 τῇ
1815 1879 1922 1933 τῶν

343 1962 775 2032 ἁπειθησὰντων
805 1968 916 2029 τοῖς
941 1969 1252 2036 προφήταις
1276 1968 1626 2041 ὑποϐληθῆτε
1657 1970 1920 2041 τιμωρίᾳ.
1951 2020 1954 2024 .

357 2056 795 2125 Ἐπισημαντέον
821 2058 878 2112 δὲ
915 2059 997 2112 ὃτι
1044 2060 1131 2114 διὰ
1175 2060 1382 2115 τούτων
1437 2062 1498 2114 τὸ
1556 2061 1655 2132 τῆς
1695 2062 1924 2132 Τριάδος

347 2148 651 2218 μυστήριον
681 2150 708 2200 ὁ
738 2148 944 2221 Πέτρος
971 2151 1371 2206 ἀποκαλύπτει.
1406 2153 1535 2206 Yle
1555 2155 1649 2207 καὶ
1672 2153 1919 2222 Πνεῦμα,

342 2239 430 2294 διὰ
455 2241 548 2294 τοῦ
585 2243 783 2305 εἰπεῖν,
809 2242 1052 2313 Πνεῦμα
1077 2245 1354 2313 Χριστοῦ,
1383 2245 1472 2299 τὸν
1493 2245 1549 2299 δὲ
1569 2246 1787 2316 Πατέρα
1833 2245 1922 2298 διὰ

343 2332 436 2386 τοῦ
452 2335 651 2400 εἰπεῖν,
705 2335 819 2388 Ἀπ’
842 2337 1125 2404 οὐρανοῦ.
1158 2337 1230 2390 Τὸ
1261 2339 1338 2404 δὲ,
1368 2338 1494 2392 Ἀπ’
1534 2338 1815 2407 οὐρανοῦ,
1847 2337 1923 2408 μὴ

345 2427 583 2490 τοπικῶς
615 2427 824 2493 λαϐεῖν,
849 2428 986 2481 ἀλλὰ
1008 2431 1148 2484 κατὰ
1175 2431 1450 2502 ὑπεροχὴν
1497 2431 1921 2503 προηγουμένην

344 2517 544 2571 Θεοῦ.ι
587 2519 678 2572 Ἐν
728 2519 1009 2592 Πνεύματι
1052 2523 1194 2590 ἁγίῳ
1240 2522 1598 2576 ἀποσταλέντι
1645 2524 1924 2594 ἀπόύρα-

344 2609 460 2668 νοῦ.
491 2629 512 2662 ι
546 2611 620 2663 Τὸ
653 2613 715 2665 ἐν
757 2615 823 2684 τῇ
893 2615 1077 2686 ἡμέρᾳ
1097 2617 1196 2687 τῆς
1254 2617 1634 2688 Πεντηκοστῆς
1701 2615 1924 2685 γεγονός

349 2716 500 2769 φησι.
553 2703 627 2754 Τὸ
644 2702 721 2767 δὲ,
751 2722 770 2755 ι
829 2704 924 2767 Εἰς
957 2704 992 2758 ἃ
1025 2706 1385 2777 ἐπιθυμοῦσιν
1433 2707 1675 2776 ἄγγελοι,
1716 2724 1735 2758 ι
1801 2706 1924 2760 ἀντὶ⁵

347 2793 461 2852 τοῦ,
493 2794 561 2846 ’Δ
586 2796 683 2847 καὶ
708 2795 926 2864 ἄγγελοι
962 2797 1336 2868 ἐπεθύμησαν,
1363 2800 1661 2865 τουτέστιν,
1706 2790 1782 2852 ὧν
1823 2797 1923 2866 τὴν

349 2883 550 2951 γνῶσιν
585 2889 681 2940 καὶ
715 2888 815 2957 τὴν
846 2888 1067 2943 ἔκϐασιν
1091 2893 1186 2942 καὶ
1208 2891 1364 2944 αὐτοὶ
1393 2893 1444 2944 οἱ
1475 2893 1698 2961 ἄγγελοι
1727 2890 1924 2944 ἐπεθύ-

355 2993 556 3047 μησαν.
580 2979 660 3031 Δι’
685 2980 712 3032 ὃ
735 2983 831 3034 καὶ
850 2981 1148 3052 γινομένων
1170 2982 1278 3037 τῶν
1307 2983 1589 3050 τοιούτων,
1647 2987 1712 3037 ἐκ
1773 2998 1927 3052 περι-

354 3070 578 3140 χαρείας
603 3069 740 3146 ᾖσαν
769 3072 850 3140 τὸ,
887 3092 906 3127 ι
950 3074 1086 3139 Δόξα
1115 3077 1172 3128 ἐν
1204 3077 1470 3146 ὑψίστοις.
1510 3095 1528 3126 ι

931 3256 1183 3311 ΚΕΦᾹΛ.
1226 3258 1302 3314 B'.

358 3371 493 3440 Περί
529 3372 780 3444 ἐλπίδος
803 3372 899 3427 καί
925 3373 1246 3442 ἀγιασμοῦ,
1287 3371 1396 3444 τῆς
1423 3390 1486 3427 τε
1541 3373 1937 3444 ὀφειλομένης

493 3441 593 3494 ἐπὶ
621 3442 694 3510 τῇ
729 3441 1000 3511 υἱοθεσία
1036 3441 1356 3512 ἀσφαλοῦς
1381 3441 1792 3513 ἀναστροφῆς.

424 3534 506 3586 Δι’
535 3533 567 3587 ὃ
593 3533 1036 3604 ἀναζωσάμενοι
1068 3535 1176 3600 τὰς
1213 3535 1451 3604 ὀσφύας
1505 3534 1616 3604 τῆς
1670 3534 1938 3602 διανοίας

357 3624 538 3692 ὑμῶν,
561 3623 860 3698 νήφοντες
887 3628 1124 3692 τελείως
1149 3627 1438 3680 ἐλπίσατε
1460 3626 1561 3680 ἐπὶ
1613 3625 1727 3695 τὴν
1765 3643 1938 3696 scapo.

355 3716 547 3785 μένην
566 3717 710 3786 ὑμῖν
724 3717 900 3786 χάριν
921 3717 989 3770 ἐν
1010 3717 1396 3786 ἀποκαλύψει
1424 3715 1632 3784 Ἰησοῦ
1653 3716 1935 3786 Χριστοῦ,

358 3811 437 3874 ὡς
470 3811 650 3864 τέκνα
678 3810 976 3878 ὑπακοῆς,
1025 3811 1111 3879 μὴ
1163 3807 1746 3881 συσχηματιζόμενοι
1806 3809 1936 3874 ταῖς

360 3905 648 3971 πρότερον
669 3902 739 3955 ἐν
767 3900 841 3969 τῇ
880 3902 1094 3970 ἀγνοίᾳ
1150 3900 1318 3970 ὑμῶν
1365 3901 1724 3970 ἐπιθυμίαις,
1778 3899 1940 3953 ἀλλὰ

362 3991 510 4044 κατὰ
581 3993 691 4045 τὸν
750 3992 1098 4046 καλέσαντα
1144 3991 1300 4061 ὑμᾶς
1354 3990 1545 4061 ἅγιον,
1603 3991 1703 4044 καὶ
1767 3990 1936 4044 αὑτοί

363 4080 513 4150 ἅγιοι
537 4081 609 4135 ἐν
645 4081 815 4149 πάσῃ
863 4081 1215 4150 ἀναστροφῇ
1266 4083 1575 4152 γενήθητε.
1640 4082 1795 4134 Διότι
1846 4078 1940 4150 νέ-

365 4189 642 4242 γραπται,
677 4173 869 4244 "Arta:
898 4175 1138 4244 γίνεσθε
1194 4173 1284 4227 ὅτι
1314 4173 1430 4243 ἐγὼ
1460 4173 1628 4243 ἅγιός
1661 4175 1796 4242 εἰμι.

433 4349 821 4418 Δίτιολογικῶς
846 4351 954 4405 ἀπὸ
997 4351 1108 4405 τῶν
1145 4350 1638 4424 προτετιμημένων
1689 4351 1723 4420 ή
1762 4349 1939 4418 ποιρά⁸

369 4442 577 4514 κλησις.
609 4443 797 4496 Εἰπὼν
853 4445 962 4516 γὰρ
1035 4447 1118 4498 ὅτι
1169 4447 1218 4499 οἰ
1271 4447 1550 4517 προφῆται
1606 4444 1938 4516 διηκόνησαν

369 4535 494 4606 ὑμῖν
519 4536 588 4590 τὰ
619 4537 719 4606 τῆς
753 4538 1026 4607 σωτηρίας
1052 4537 1227 4607 ὑμῶν,
1256 4537 1429 4591 ταῦτα
1483 4536 1656 4599 οὕτως
1705 4532 1774 4605 ἦν
1809 4537 1937 4589 θαυο

1987 677 1994 683 l
2035 611 2304 670 vetitaque
2352 601 2505 655 libris
2539 601 2888 665 mandarunt,
2929 609 3183 671 tanquam
3233 603 3600 658 ha-reditatem

2025 692 2092 746 ad
2132 707 2232 746 nos
2265 693 2722 756 transmittentes,
2753 707 3090 761 nequaquam
3123 691 3270 761 justo
3295 709 3601 764 ageremus,

2025 782 2224 850 inquit,
2257 781 2301 836 si
2345 781 2400 834 in
2441 781 2527 835 his
2577 783 2912 852 negligentes
2955 797 3241 836 essemus:
3274 793 3606 853 quapropter

2025 887 2206 941 neque
2235 873 2478 943 abiectos
2508 888 2570 927 ac
2599 882 2792 927 tenues
2831 888 2932 926 nos
2959 873 3218 927 ducentes
3247 875 3336 942 qui
3371 871 3488 928 haec
3512 887 3603 926 vo-

2026 963 2110 1017 bis
2143 963 2556 1030 annuntiamus,
2590 962 2753 1017 inane
2799 963 3100 1018 ostendatis
3129 962 3472 1032 evangelium
3505 977 3601 1016 no-

2028 1064 2223 1108 strum.
2279 1053 2404 1109 llaec
2456 1055 2638 1125 itaque
2688 1071 2756 1110 ex
2802 1055 3145 1126 providentia
3192 1056 3602 1125 prophetarum.

2027 1143 2130 1198 Per
2179 1145 2284 1199 hoc
2322 1154 2504 1200 autem
2532 1146 2675 1214 quod
2706 1161 2734 1198 a
2774 1147 2880 1200 Deo
2908 1145 3220 1215 praecogniti
3262 1153 3410 1211 sunt,
3439 1154 3606 1199 terret

2030 1251 2125 1290 eos
2151 1251 2222 1291 ne
2249 1251 2307 1290 se
2337 1236 2588 1307 indignos
2618 1236 2914 1291 exhibeant
2934 1236 3114 1290 divina
3138 1237 3481 1306 prmscientia
3510 1247 3604 1292 aut

2030 1327 2200 1397 ipsius
2238 1327 2542 1392 vocatione,
2572 1327 2666 1382 sed
2710 1337 2940 1397 urgeant
2978 1327 3208 1381 invicem
3256 1338 3311 1382 et
3342 1329 3605 1384 exstimu-

2031 1417 2162 1484 lent,
2201 1426 2259 1471 ut
2302 1417 2446 1472 dono
2491 1418 2695 1472 Christi
2741 1417 2886 1488 digni
2934 1417 3256 1472 habeantur.
3307 1437 3326 1469 ι
3373 1417 3476 1472 Per
3508 1434 3604 1473 eos

2029 1509 2122 1578 qui
2160 1509 2316 1563 vobis
2357 1509 2794 1580 praedicaverunt
2827 1509 3199 1579 Evangelium.
3247 1529 3265 1560 ι
3300 1509 3357 1565 Sl
3389 1519 3443 1564 et
3475 1525 3605 1582 pro-

2030 1601 2212 1671 phetae
2239 1609 2296 1655 et
2329 1599 2417 1655 isti
2453 1615 2552 1669 per
2567 1599 2833 1669 Spiritum
2866 1606 3111 1653 sanctum
3152 1598 3440 1656 eﬂicaciter
3472 1617 3606 1672 epe-

2033 1693 2133 1747 rati
2182 1700 2310 1746 sunt
2353 1709 2368 1745 :
2413 1691 2490 1745 illi
2534 1691 2754 1767 quidem
2802 1689 2858 1744 in
2909 1690 3217 1760 prophetia,
3248 1691 3335 1744 isti
3378 1707 3507 1748 vero
3551 1693 3605 1746 in

2032 1784 2512 1856 Evangelioznibil
2548 1785 2630 1839 his
2659 1785 2933 1840 diversum
2962 1793 3043 1839 est
3062 1802 3090 1839 a
3118 1784 3432 1855 prophetis:
3452 1800 3609 1856 opor-

2035 1885 2111 1931 tet
2137 1876 2301 1947 igitur
2328 1876 2472 1930 idem
2508 1876 2748 1930 studium
2776 1891 2873 1931 vos
2899 1875 3096 1930 afferre
3123 1877 3268 1946 quod
3301 1877 3611 1932 habuerunt

2032 1967 2108 2021 illi
2139 1967 2230 2038 qui
2263 1967 2548 2037 prophetis
2575 1967 3018 2037 obtemperantes
3055 1966 3299 2032 fuerunt,
3332 1982 3402 2022 ne
3432 1968 3608 2022 eidem

2034 2060 2303 2129 supplicio
2343 2059 2710 2128 subjiciamini
2757 2075 2880 2113 cum
2918 2059 3001 2113 his
3045 2059 3136 2127 qui
3177 2055 3459 2129 prophetis
3490 2059 3610 2114 fue-

2033 2156 2165 2202 runt
2200 2146 2489 2201 increduli.
2519 2146 3077 2202 Animadvertendum
3121 2159 3204 2203 est
3247 2157 3427 2204 autem
3462 2148 3606 2219 quod

2033 2255 2132 2310 per
2181 2239 2299 2292 haec
2325 2236 2613 2292 Trinitatis
2655 2236 2974 2308 mysterium
3013 2237 3208 2292 Petrus
3250 2239 3560 2295 manifestat
3593 2257 3606 2293 :

2033 2331 2231 2384 Filium
2261 2337 2318 2384 et
2345 2327 2608 2398 Spiritum
2649 2342 2772 2383 cum
2804 2329 2937 2383 dicit
2984 2327 3215 2397 Spiritus
3255 2328 3472 2396 Christi,
3511 2330 3614 2386 Pa-

2027 2431 2164 2477 trem
2216 2435 2347 2475 vcro
2391 2419 2447 2474 in
2491 2434 2558 2474 eo
2604 2419 2750 2490 quod
2805 2421 3053 2490 sequitur
3110 2420 3188 2474 De
3235 2422 3384 2476 cwlo.
3445 2422 3613 2477 Porro

2027 2511 2170 2582 quod
2201 2512 2277 2564 ait
2315 2509 2389 2563 De
2419 2510 2566 2576 caelo,
2609 2525 2716 2563 non
2783 2513 3084 2566 secundum
3133 2511 3312 2566 locum
3357 2515 3614 2584 accipias,

2039 2605 2133 2657 sed
2167 2617 2262 2672 per
2292 2602 2668 2656 excellentiam
2707 2617 2829 2671 qua:
2856 2601 3156 2671 prtesertim
3196 2603 3307 2658 Deo
3337 2607 3613 2664 convenit.

2037 2716 2054 2748 ι
2076 2696 2180 2750 Per
2216 2694 2477 2764 Spiritum
2509 2703 2754 2750 sanctum
2790 2694 3051 2749 emissum
3085 2693 3153 2749 de
3182 2696 3342 2750 ccelo.
3387 2715 3406 2748 ι
3447 2695 3618 2770 488

2030 2787 2295 2857 Loquitur
2311 2785 2379 2840 de
2408 2801 2474 2840 eo
2513 2786 2656 2854 quod
2684 2787 2737 2839 in
2761 2786 2850 2841 die
2865 2785 3219 2841 Pentecostes
3291 2787 3493 2842 factum
3524 2791 3614 2844 t'u-

2031 2889 2167 2934 erat.
2215 2878 2346 2932 Illud
2386 2885 2590 2942 autem,
2627 2896 2644 2929 ι
2691 2877 2749 2931 lu
2786 2893 2907 2948 quae
2935 2878 3246 2933 desiderant
3279 2879 3453 2950 angeli
3490 2896 3618 2952 pro-

2033 2970 2276 3041 spicere:
2309 2968 2440 3022 shoc
2466 2971 2560 3035 est:
2591 2983 2711 3037 quae
2741 2969 2918 3039 angeli
2948 2982 3160 3037 quoque
3187 2983 3401 3040 concup
3421 2979 3616 3028 scunt:

2033 3069 2256 3132 propter
2277 3057 2422 3128 quod
2443 3057 2608 3112 etiam
2633 3058 2762 3111 dum
2783 3058 3095 3126 hujusmodi
3132 3059 3306 3127 ﬁeret,
3329 3075 3398 3114 ex
3434 3061 3580 3115 abun
3595 3089 3611 3100 ο

2034 3151 2180 3209 danti
2195 3151 2391 3224 gaudio
2411 3149 2727 3204 cecinerunt
2749 3167 2761 3203 :
2790 3167 2807 3199 ι
2830 3147 3079 3204 Gloriain
3094 3150 3369 3207 altissimis
3389 3154 3564 3209 Deo".
3594 3174 3614 3206 ι

2666 3243 2890 3300 CAPUT
2932 3247 2999 3302 ll.

2040 3357 2119 3413 De
2152 3375 2241 3429 spe
2271 3366 2318 3412 et
2359 3355 2776 3431 sanctificatione
2823 3357 3081 3431 firmaque
3119 3360 3470 3431 conversione,
3500 3377 3618 3431 quw

2319 3429 2618 3481 necessaria
2647 3437 2720 3480 est
2753 3438 2946 3495 praeter
2979 3430 3333 3498 adoptionem.

2110 3519 2152 3584 Ι,
2189 3516 2379 3574 15-16.
2421 3517 2757 3586 Quapropter
2801 3519 3050 3572 succincti
3088 3518 3281 3573 lumbis
3310 3522 3495 3574 mentis
3535 3538 3621 3576 re.

2037 3621 2182 3675 εἰναι,
2216 3611 2377 3665 sobrii
2419 3611 2650 3680 perfecte
2688 3619 2898 3678 sperate
2931 3613 2985 3662 in
3011 3626 3129 3663 eam
3161 3626 3277 3680 quae
3304 3612 3376 3664 ad
3406 3628 3494 3665 vos
3528 3614 3619 3667 de-

2040 3704 2209 3772 fertur
2230 3703 2623 3773 gratiam,dum
2644 3701 2783 3755 vobis
2807 3688 3178 3772 manifestatur
3190 3701 3340 3755 Iesus
3358 3701 3616 3766 Christus,

2041 3803 2297 3863 tanquam
2323 3792 2422 3861 filii
2453 3793 2743 3846 obedientes
2774 3809 2876 3845 non
2901 3795 3354 3848 accommodantes
3387 3811 3472 3848 vos
3500 3799 3615 3864 pri-

2040 3887 2196 3940 stinis
2225 3887 2675 3953 concupiscentiis,
2705 3885 2891 3954 quibus
2934 3886 3058 3937 dum
3092 3886 3262 3938 adhuc
3302 3887 3616 3956 ignoraretis

2039 3977 2302 4033 Christum
2333 3977 2630 4045 agebamini
2673 3992 2690 4028 :
2727 3977 2815 4028 sed
2850 3981 3292 4044 quemadmodum
3331 3981 3377 4032 is
3413 3981 3500 4049 qui
3530 3997 3618 4035 vos

2040 4070 2238 4121 vocavit
2277 4077 2490 4120 sanctus
2526 4075 2625 4128 est,
2670 4068 2745 4119 ita
2787 4068 2888 4134 ipsi
2921 4083 3124 4136 quoque
3162 4069 3336 4121 sancti
3383 4071 3436 4122 in
3475 4074 3619 4124 omni

2041 4158 2432 4210 conversatione
2470 4157 2770 4210 reddamini
2810 4174 2828 4212 :
2867 4170 3143 4227 propterea
3186 4163 3326 4230 quod
3361 4164 3618 4231 scriptum

2041 4251 2109 4302 sit
2140 4264 2159 4303 :
2191 4246 2379 4303 Sancti
2411 4258 2593 4313 estote,
2625 4267 2745 4304 nam
2775 4267 2864 4320 ego
2898 4261 3112 4305 sanctus
3149 4269 3286 4307 sum.

2113 4339 2218 4395 Per
2253 4355 2472 4394 causam
2500 4341 2730 4396 infertur
2758 4344 3068 4398 exhortatio
3100 4359 3168 4398 ex
3200 4345 3284 4402 his
3310 4362 3430 4417 quae
3468 4349 3619 4419 prius

2045 4431 2102 4486 in
2157 4430 2367 4486 honore
2415 4431 2654 4487 fuerant.
2685 4432 2824 4488 Cum
2863 4433 3008 4488 enim
3058 4435 3304 4504 dixisset,
3339 4436 3620 4509 Pr0phetaa

2046 4524 2602 4579 subministraverunt
2644 4525 2799 4580 vobis
2845 4542 2966 4596 qua:
3005 4537 3238 4583 vestram
3283 4545 3623 4588 concernunt

371 4629 569 4696 μαστὰ,
605 4628 682 4690 ὡς
706 4629 801 4681 καὶ
828 4628 1079 4696 ἀγγέλοις
1105 4630 1346 4699 ἐράσμια
1402 4628 1742 4698 καταστῆναι
1778 4643 1793 4659 ο
1841 4627 1930 4680 καὶ

2041 4616 2292 4683 salutem,
2322 4626 2378 4671 et
2412 4617 2528 4672 haec
2577 4617 2714 4672 adeo
2752 4619 3070 4674 admiranda
3113 4633 3268 4676 erant
3315 4632 3375 4677 ut
3413 4626 3621 4695 angelis

368 4719 715 4789 ὃτιέράσμια
747 4720 843 4773 καὶ
886 4721 1070 4784 αὐτοῖς
1101 4719 1297 4785 ταῦτα,
1352 4719 1560 4786 ἔδειξαν
1604 4720 1696 4788 ἀφ’
1752 4712 1826 4773 ὧν
1879 4720 1945 4772 ἐκ

371 4810 725 4882 περιχαρείας
759 4813 819 4864 ἐν
859 4813 927 4883 τῇ
973 4812 1230 4884 γεννήσει
1269 4810 1534 4883 Χριστοῦ,
1566 4811 1627 4863 τὸ
1664 4828 1683 4861 ι
1713 4811 1851 4876 Δόξα
1884 4812 1942 4863 ἐν

369 4901 634 4972 ὑψίστοις,
665 4918 684 4951 ι
716 4899 1020 4972 ὲμελῲδουν
1043 4901 1182 4973 Θεῷ.
1214 4900 1396 4955 Εἰπὼν
1412 4900 1467 4953 δὲ
1497 4898 1670 4954 ταῦτα
1699 4941 1715 4966 ,
1744 4901 1940 4967 ἐπάγει

367 4995 426 5049 τὸ
445 4995 618 5048 αῐτιον
657 4995 862 5046 τούτων
890 4994 984 5048 καί
1041 5011 1204 5065 φησιν
1239 5010 1254 5025 θ
1295 4993 1448 5046 Ἐπεὶ
1476 4991 1568 5047 οὖν
1597 4991 1819 5045 τοιαῦτα
1868 4993 1935 5045 τὰ

367 5090 790 5162 δεδιηκονημένα
820 5091 947 5162 ύμῖν
976 5091 1110 5144 πᾶσι
1162 5091 1258 5143 καὶ
1308 5089 1552 5159 ἐράσμια
1597 5089 1692 5143 καὶ
1740 5088 1934 5158 τριπό-

369 5181 501 5253 θητα
525 5183 587 5235 ού
617 5182 780 5252 μόνον
817 5181 1144 5252 ἀνθρώποις,
1218 5179 1355 5234 ἀλλὰ
1392 5181 1486 5234 καὶ
1541 5180 1813 5248 ἀγγέλοις,
1855 5179 1943 5233 διὰ

367 5272 523 5327 τοῦτο
583 5273 720 5344 μηδὲ
768 5273 927 5344 ὑμεῖς
982 5272 1202 5342 ἀμελῶς
1258 5272 1394 5342 πρὸς
1441 5270 1579 5325 αὐτὰ
1638 5271 1941 5341 διατεθῆτε,

367 5365 502 5418 ἀλλὰ
529 5365 906 5429 συντείναντες
938 5365 1162 5427 ἑαυτοὺς
1180 5365 1272 5418 καὶ
1290 5364 1559 5436 ἀνδρικῶς
1579 5363 1939 5426 διατεθέντες.

368 5456 536 5510 Τοῦτο
558 5456 669 5526 γὰρ
695 5455 785 5509 διὰ
813 5456 908 5510 τοῦ
935 5455 1318 5520 ἀναζώσασθαι
1373 5455 1473 5520 τὰς
1526 5455 1736 5526 ὀσφύας
1764 5455 1933 5526 δηλοῑο

368 5545 399 5600 ὃ
450 5549 546 5603 καὶ
609 5549 639 5602 ὁ
719 5547 838 5601 Ἰὼϐ
905 5550 1308 5619 προστάσσεται
1386 5549 1523 5620 πρὸς
1599 5547 1695 5602 τοῦ
1774 5548 1933 5603 Θεοῦ.

384 5637 623 5707 Ὀσφύας
644 5638 701 5692 δὲ
727 5638 887 5702 ποίας
901 5639 1198 5707 ἐσήμανεν,
1232 5638 1426 5702 ὅτιτὰς
1458 5637 1560 5708 τῆς
1587 5637 1822 5702 διανοίας
1848 5637 1937 5690 λέ-

483 5815 526 5847 ¹⁹
566 5814 698 5870 Luc.
726 5829 766 5878 ι,
820 5813 906 5867 14.

701 5907 970 5968 Parnm.
1015 5905 1134 5967 Gn.
1177 5904 1387 5969 CXIX.

2043 4723 2260 4778 quoque
2297 4708 2550 4763 amabilia
2575 4709 2919 4764 edicerentur
2945 4728 2960 4766 :
2985 4720 3040 4765 et
3065 4714 3210 4781 quod
3240 4713 3373 4782 ipsis
3401 4731 3620 4786 quoque

2045 4801 2164 4855 haec
2191 4808 2376 4854 essent
2403 4799 2654 4854 amabilia
2697 4799 3141 4858 demonstrarunt
3186 4805 3240 4858 in
3273 4821 3340 4860 eo
3380 4808 3526 4876 quod
3555 4825 3620 4863 ex

2051 4890 2351 4944 abundanti
2385 4889 2582 4960 gaudio
2613 4890 2667 4942 in
2715 4891 2996 4945 nativitate
3033 4892 3233 4947 Christi
3262 4895 3492 4952 dulciter
3531 4913 3624 4953 ce-

2046 4981 2321 5047 cinerunt,
2357 4999 2377 5031 ι
2420 4980 2601 5035 Gloria
2641 4979 2696 5034 in
2726 4981 3006 5036 altissimis
3038 4981 3168 5038 Deo.
3202 5003 3221 5036 ι
3259 4984 3354 5042 His
3387 5003 3513 5058 ergo
3541 4990 3624 5044 di-

2043 5079 2167 5140 ctis,
2200 5092 2263 5131 ex
2297 5076 2539 5145 ipsorum
2571 5091 2735 5130 causa
2765 5076 3063 5148 subiungit,
3088 5079 3276 5135 dicens
3307 5097 3320 5135 :
3353 5081 3620 5148 Quoniam

2045 5169 2212 5239 igitur
2263 5169 2417 5222 vobis
2464 5169 2719 5224 omnibus
2765 5169 2884 5224 haec
2926 5171 3302 5228 administrata
3356 5184 3520 5239 sunt,
3568 5186 3624 5230 et

2046 5261 2301 5316 amabilia
2349 5269 2406 5316 et
2452 5261 2686 5316 maxime
2714 5261 3118 5330 desiderabilia,
3151 5281 3262 5320 non
3308 5267 3624 5322 hominibus

2046 5353 2220 5409 solum
2248 5353 2341 5408 sed
2366 5361 2420 5408 et
2452 5353 2680 5423 angelis,
2713 5366 2998 5424 propterea
3023 5369 3201 5425 neque
3227 5372 3320 5411 vos
3344 5355 3624 5428 negligent-

2050 5455 2132 5500 ter
2169 5446 2234 5500 ad
2285 5447 2402 5501 haec
2451 5445 2783 5510 aﬂiciamini,
2820 5447 2914 5500 sed
2947 5447 3194 5516 vosipsos
3223 5447 3518 5518 dirigentes
3555 5465 3619 5504 ac

2047 5539 2278 5592 viriliter
2327 5539 2700 5608 disponentes.
2732 5537 2865 5592 Nam
2914 5538 3018 5600 hoc
3049 5539 3358 5596 lumborum
3401 5543 3620 5599 succin-

2048 5631 2228 5686 ctione
2263 5630 2528 5703 signiﬁcat
2560 5649 2572 5685 :
2603 5630 2746 5701 quod
2778 5630 2879 5701 ipsi
2919 5631 3084 5685 etiam
3113 5630 3216 5687 Job
3249 5647 3280 5686 a
3315 5631 3428 5691 Deo
3457 5633 3624 5706 jube-

3180 5906 3250 5969 17
