3986 6570
346 327 475 408 523‘

1417 344 1817 409 (ECUMENII
1856 344 2147 406 TRICC/E
2185 345 2526 409 EPISCO'PI

3493 342 3601 408 δτι

349 462 517 518 tur“.
571 459 769 528 Quales
812 465 992 514 autem
1051 455 1267 513 lumbos
1314 454 1735 527 signiﬁcaverit,
1782 454 1915 511 dicit

2033 471 2126 524 ret.
2162 453 2348 520 Οὕτως
2392 451 2487 509 οὖν
2554 454 3085 527 παρεσκευασμένοι,
3141 453 3296 525 φησὶ,
3344 456 3600 526 νήφοντες

344 549 490 622 quod
545 565 639 606 eos
690 548 781 620 qui
844 547 1043 604 mentis
1105 554 1254 604 sunt.
1305 546 1387 602 Ita
1446 562 1576 618 ergo
1608 547 1929 618 praeparati,

346 641 548 713 inquit,
591 638 756 696 sobrii
805 640 1046 711 perfecte
1087 646 1302 709 Sperate
1341 635 1394 691 in
1435 652 1555 692 eam
1583 636 1751 707 £89
1810 650 1931 707 quae

347 731 415 788 ad
463 747 559 786 vos
610 730 857 786 defertur
901 731 1154 801 gratiam.
1188 727 1357 782 Porro
1400 726 1505 782 hoc
1547 736 1632 783 est
1671 728 1816 796 quod
1857 728 1935 783 ait

348 824 511 881 etiam
558 823 720 894 paulo
763 831 912 885 ante,
947 820 1091 875 circa
1132 817 1436 875 secundum
1478 817 1692 873 Domini
1727 818 1934 874 adven-

350 925 488 973 tum.
519 915 817 973 Considera
856 929 986 969 vero
1030 911 1175 983 quod
1209 926 1322 966 non
1354 910 1676 981 simpliciter
1706 910 1930 975 dixerit,

346 1005 551 1072 Sobrii,
577 1006 671 1061 sed
696 1003 926 1068 addidit,
972 1003 1237 1073 perfecte,
1267 1002 1421 1072 quasi
1464 1001 1551 1055 lex
1592 1009 1812 1055 tenuem
1865 1015 1933 1055 ac

346 1096 796 1153 introductoriam
838 1094 1186 1150 sobrietatem
1219 1093 1531 1163 praebuerit.
1566 1092 1917 1164 Συσχηματί-

2025 545 2250 609 τελείως
2279 545 2540 601 ἐλπίσατε
2581 545 2677 601 ἐπὶ
2725 547 2826 613 τὴν
2873 544 3181 617 φερομένην
3205 545 3333 615 ὑμῖν
3397 547 3597 618 χαράν

2026 637 2166 710 αὓτη
2188 638 2244 692 δέ
2269 642 2419 693 ἐστιν
2449 638 2514 710 ἢν
2536 638 2633 692 καὶ
2682 636 2790 708 πρὸ
2825 635 3053 708 βραχέος
3097 635 3255 705 φησὶ,
3304 635 3449 689 κατά
3505 635 3603 707 τὴν

2025 730 2287 801 δευτέραν
2324 730 2418 783 τοῦ
2459 730 2670 802 Κυρίου
2707 728 3039 800 παρουσίαν.
3074 726 3276 780 Σκόπει
3302 725 3361 780 δὲ
3396 727 3605 799 δτιούχ

2023 820 2213 883 ἁπλῶς
2235 816 2379 887 εἷπε,
2407 822 2455 873 Ν
2462 824 2709 890 ἠφοντες,
2730 820 2865 874 ἀλλὰ
2884 858 2901 885 ,
2937 817 3178 884 τελείως,
3203 817 3280 882 ὡς
3318 818 3411 872 τοῦ
3434 819 3603 890 νόμου

2025 909 2273 983 ἀμυδρὰν
2301 911 2486 975 αὺτοῖς
2509 911 2671 982 νῆψιν
2735 910 3153 981 παρασχομένου
3185 909 3280 962 καὶ
3310 909 3607 977 εἰσαγωγι-

2026 1005 2152 1073 κήν.
2203 1004 2664 1076 Συσχηματισμδν
2724 1004 2783 1059 δέ
2841 1003 2938 1074 τὴν
3001 1002 3421 1073 συμπεριφοράν
3472 1019 3608 1073 φησι

2024 1093 2123 1165 τὴν
2150 1095 2286 1164 πρὸς
2319 1095 2388 1148 τά
2412 1096 2677 1165 παρόντα.
2697 1094 2868 1151 Τοῦτο
2918 1094 2979 1148 δέ
3009 1096 3159 1148 ἐστιν
3217 1094 3247 1148 ὃ
3297 1111 3443 1157 τινες
3498 1094 3607 1148 τῶν

347 1191 463 1256 ζειν
504 1195 685 1243 autem
736 1185 869 1241 dicit
912 1184 1257 1241 contormare
1300 1193 1355 1241 et
1400 1184 1815 1240 accommodare
1859 1199 1920 1240 se

2033 1187 2271 1259 ἀνοήτων
2299 1188 2395 1242 καὶ
2427 1187 2524 1243 νῦν
2550 1206 2736 1259 φασιν.
2775 1188 2859 1245 ὅτι
2887 1187 3031 1260 Πρὸς
3060 1188 3129 1242 τὰ
3159 1186 3466 1257 πράγματα
3492 1186 3609 1242 δια-

348 1280 726 1353 ρταεεθηιὶὺυε.
759 1278 871 1334 lloe
912 1285 1096 1333 autem
1125 1286 1210 1333 est
1237 1276 1382 1348 quod
1417 1292 1565 1332 nunc
1594 1292 1810 1348 quoque
1838 1276 1923 1331 di-

2035 1277 2209 1346 γίνου.
2236 1279 2369 1342 Ταῖς
2400 1275 2493 1334 οὖν
2512 1279 2794 1345 τοιαύταις
2819 1280 3176 1350 ματαιότησιν
3192 1279 3608 1349 ἀπειπαμένους

347 1381 479 1430 cunt
508 1372 757 1429 nonnulli
790 1371 1112 1442 insipientes
1144 1387 1160 1426 :
1191 1368 1377 1425 Rebus
1401 1385 1464 1425 ac
1488 1369 1722 1441 negotiis
1751 1378 1802 1424 te
1832 1384 1923 1426 ac-

2033 1368 2264 1433 κελεύει,
2285 1370 2398 1425 εἴτε
2422 1372 2481 1423 ἐν
2500 1371 2845 1439 γνώσει,εῐτε
2869 1371 2965 1426 καὶ
2980 1373 3037 1424 ἐν
3053 1370 3247 1442 ἀγνοίᾳ
3260 1369 3488 1432 ταύταις
3503 1370 3609 1441 πρὸ

345 1466 648 1522 commoda.
686 1463 909 1519 Talibus
942 1463 1107 1535 igitur
1137 1462 1470 1519 vanitatibus
1504 1461 1820 1517 renuntiare
1840 1462 1925 1532 ju-

2033 1461 2219 1516 τούτου
2241 1462 2620 1535 ἐνεσχέθησαν.
2656 1465 2816 1517 Ἀλλά
2834 1463 2930 1519 νῦν
2948 1463 3077 1532 γοῦν
3098 1461 3177 1531 τῷ
3195 1462 3288 1515 κα)
3304 1461 3489 1515 ἐσαντι
3514 1478 3609 1515 συ-

346 1557 438 1611 bet
495 1573 509 1613 :
573 1555 689 1610 sive
758 1564 920 1609 antea
984 1555 1223 1610 scientes
1288 1569 1351 1609 ac
1403 1554 1745 1624 prudentes,
1807 1554 1924 1609 sive

2033 1555 2503 1626 σχηματιζόμενοι
2540 1555 2683 1626 ἁγίῳ
2714 1554 2850 1618 ὄντι,
2879 1554 3027 1623 ἅγιοι
3050 1554 3146 1607 καὶ
3181 1553 3338 1607 αὐτοὶ
3367 1552 3607 1620 γίνεσθε.

347 1649 660 1723 ignorantes
706 1649 790 1705 bis
844 1646 1198 1702 adbaaserint.
1250 1644 1356 1701 Sed
1403 1662 1572 1713 nunc,
1623 1644 1823 1716 inquit,
1872 1644 1925 1700 ei
1958 1645 2051 1716 qui
2094 1661 2192 1703 vos
2238 1646 2451 1702 vocavit
2497 1655 2554 1702 et
2593 1659 2721 1701 vere
2762 1653 2987 1701 sanctus
3057 1653 3142 1699 est
3204 1642 3610 1713 eonﬁgurantes

347 1760 465 1809 vos.
488 1760 554 1800 ac
578 1744 785 1799 similes
812 1749 1159 1814 praestantes,
1181 1741 1283 1813 ipsi
1302 1757 1521 1814 quoque
1546 1742 1723 1797 sancti
1752 1750 1949 1798 estote.

416 1843 458 1906 Ι,
492 1840 680 1896 17-19.
724 1838 793 1895 Et
822 1840 868 1894 si
893 1839 1112 1895 Patrem
1142 1840 1400 1894 invocatis
1423 1838 1759 1910 judicantem
1787 1839 1924 1897 citra

2100 1837 2210 1893 Καὶ
2246 1840 2297 1892 et
2332 1836 2565 1905 Πατέρα
2601 1833 2988 1890 ἐπικαλεῖσθε
3034 1833 3142 1889 τόν
3170 1833 3609 1905 ἀπροσωπολή-

346 1950 690 2005 pcrsonarum
725 1933 985 1987 detectum
1017 1932 1178 2002 juxta
1209 1933 1462 2002 cujusque
1484 1948 1634 2001 opus,
1658 1931 1713 1985 in
1745 1933 1928 1984 timore

349 2032 748 2088 conversantes,
793 2022 1059 2076 incolatus
1104 2023 1259 2076 vestri
1305 2032 1506 2091 tempus
1553 2021 1858 2090 transigatis
1907 2033 1927 2071 :

272 2148 279 2154 -
348 2135 469 2172 cum
490 2117 670 2171 sciatis
698 2116 836 2186 quod
861 2131 963 2168 non
986 2115 1199 2168 caducis
1226 2113 1400 2179 rebus,
1425 2112 1561 2166 velut
1590 2120 1813 2183 argento
1833 2116 1927 2164 aut

348 2223 481 2262 auro
543 2207 799 2275 redempti
849 2204 973 2259 sitis
1019 2220 1052 2257 a
1109 2219 1245 2257 uana
1292 2210 1467 2256 uestra
1515 2200 1925 2266 conversatione,

347 2317 507 2372 quam
536 2316 600 2355 ea:
627 2308 840 2371 patrum
879 2297 1166 2352 traditione
1211 2293 1553 2364 acceperatis,
1580 2293 1671 2347 sed
1702 2292 1928 2361 pretiosa

348 2393 626 2465 sanguine,
658 2406 846 2459 nempe
894 2390 1028 2461 Ayni
1073 2386 1409 2443 immaculati
1438 2396 1488 2441 et
1520 2384 1928 2441 incontaminati

350 2481 567 2538 Christi.

419 2572 659 2631 Coilecta
693 2588 756 2628 es
792 2570 979 2627 multis
1004 2569 1387 2626 exhortatione
1416 2587 1431 2625 z
1463 2570 1701 2639 primum
1732 2582 1796 2624 ex
1829 2582 1929 2621 an-

349 2644 484 2735 gelis
504 2663 599 2734 qui
614 2661 945 2718 desideranti
960 2661 1141 2718 animo
1158 2662 1226 2716 ad
1250 2660 1365 2714 haec
1377 2657 1930 2715 alliciunturzdeinde

350 2772 418 2809 ex
463 2754 835 2824 descriptione
880 2753 1000 2823 ejus
1027 2753 1171 2823 quod
1208 2767 1422 2822 aequum
1459 2762 1544 2807 est
1572 2768 1589 2807 :
1617 2767 1828 2806 rursum
1860 2750 1929 2806 ab

352 2864 419 2903 ro
453 2847 601 2918 quod
631 2845 1001 2901 necessarium
1035 2854 1137 2899 est.
1174 2843 1443 2910 Quoniam
1479 2843 1624 2898 enim
1652 2842 1817 2897 Deum
1842 2843 1930 2897 in-

2028 1941 2187 1994 πτως
2220 1928 2507 1997 κρίνοντα
2528 1925 2681 1980 κατὰ
2700 1924 2769 1977 τὸ
2803 1924 3067 1979 ἑκάστου
3092 1924 3298 1995 ἔργον,
3324 1926 3398 1980 ἐν
3448 1929 3611 1998 φόϐῳ

2029 2019 2136 2073 τὸν
2162 2018 2273 2088 τῆς
2309 2018 2626 2087 παροικίας
2683 2015 2852 2086 ὑμῶν
2883 2018 3113 2087 χρόνον
3159 2018 3605 2088 ἀναστράφητε,

2026 2111 2275 2178 ειδότες,
2327 2110 2418 2164 ὅτι
2481 2112 2554 2165 οὐ
2641 2109 2925 2180 φθαρτοῖς
2981 2110 3241 2178 ἀργυρίῳ
3288 2110 3323 2179 ἢ
3383 2111 3612 2181 χρυσίῳ

2027 2200 2398 2269 ἐλυτρώθητε
2423 2201 2492 2255 ἐκ
2523 2201 2633 2267 τῆς
2683 2200 2940 2269 ματαίας
3007 2198 3177 2269 ὑμῶν
3213 2198 3608 2269 ἀναστροφῆς

2028 2291 2755 2362 πατροπαραδότυυ,ἁλνῖὰ
2780 2292 2947 2360 τιμίῳ
3004 2292 3204 2363 αἵματι
3248 2292 3329 2359 ὡς
3393 2291 3612 2361 Ἀμνοῦ

2027 2385 2270 2457 ἀμώμου
2289 2386 2384 2440 καὶ
2416 2385 2684 2440 ἀσπίλου
2723 2383 3002 2452 Χριστοῦ.

2112 2562 2206 2616 Ἐκ
2229 2561 2439 2615 πολλῶν
2461 2560 2829 2633 ποιησάμενος
2854 2559 2954 2632 τὴν
3006 2560 3377 2632 παράκλησιν,
3456 2560 3608 2633 πρῶ-

2028 2670 2119 2706 τον
2152 2653 2239 2708 διὰ
2260 2653 2373 2706 τῶν
2415 2652 2829 2723 ἐπιθυμητικῶς
2872 2652 3007 2724 πρὸς
3052 2651 3191 2705 αύτά
3246 2652 3606 2721 διακειμένων

2028 2744 2298 2812 ἀγγέλων,
2328 2740 2448 2797 εἶτα
2471 2745 2577 2798 ἀπὸ
2603 2746 2695 2797 τοῦ
2729 2744 3029 2814 γραφικοῦ,
3069 2738 3190 2797 εἶτα
3246 2743 3357 2797 ἀπὸ
3388 2742 3484 2796 τοῦ
3509 2742 3600 2796 ἀν-

2029 2835 2283 2904 αγκαίου.
2322 2835 2471 2888 Ἐπεὶ
2509 2836 2615 2905 γὰρ
2640 2835 2731 2889 τὸν
2770 2835 2902 2889 Θεὸν
2936 2833 3326 2889 ἐπικαλοῦνται
3360 2834 3602 2904 Πατέρα,

357 2948 553 2995 vocant
596 2938 812 2993 Patrem
850 2977 867 3005 ,
916 2952 1141 2993 necesse
1197 2944 1279 2990 est
1331 2943 1390 2990 ut
1439 2934 1534 3006 qui
1578 2934 1926 3004 adoptionem

2033 2927 2244 2998 ἀνάγκη
2266 2928 2393 2991 τοὺς
2450 2926 2805 2998 γλιχομένους
2861 2928 2961 2997 τῆς
3010 2927 3297 2993 υἱοθεσίας,
3334 2927 3464 2992 ἀξια
3511 2926 3606 2981 τοῦ

354 3030 776 3101 concupiscunt,
823 3043 942 3098 quae
985 3035 1141 3097 patre
1186 3026 1348 3096 digna
1396 3034 1543 3089 sunt,
1577 3024 1775 3080 iaciant
1816 3041 1831 3078 :
1872 3032 1926 3080 et

2033 3020 2241 3091 [ἰατρὸς
2294 3023 2488 3075 ποιεῖν.
2542 3022 2655 3074 Καὶ
2701 3020 2977 3091 τέταρτον,
3035 3020 3117 3073 δτι
3186 3020 3356 3091 μυρία
3415 3019 3599 3073 ἔλαϐον

352 3131 569 3197 quarto,
608 3120 867 3191 quoniam
917 3119 1205 3174 innumera
1247 3126 1578 3187 acceperunt
1626 3117 1789 3182 bona,
1829 3130 1926 3186 per

2033 3113 2229 3183 ἀγαθὰ,
2271 3113 2358 3167 διὰ
2379 3113 2474 3167 τοῦ
2504 3114 2939 3184 καταϐληθέντος
2975 3112 3117 3182 ὑπὲρ
3137 3114 3320 3168 αὐτῶν
3348 3114 3600 3186 τιμήμα-

353 3179 712 3273 ιζοιιειὶιιιιίιιη
739 3228 837 3284 pro
856 3211 988 3281 ipsis
1016 3211 1248 3282 pretium
1276 3228 1292 3265 :
1323 3209 1374 3264 id
1401 3218 1583 3262 autem
1613 3221 1694 3263 est
1721 3208 1923 3263 Christi

2033 3222 2140 3269 τος,
2171 3203 2347 3275 (τοῦτο
2383 3205 2439 3258 δέ
2466 3205 2581 3258 ἐστι
2601 3206 2660 3257 τὸ
2685 3204 2778 3258 τοῦ
2801 3204 3037 3274 Χριστοῦ
3073 3201 3234 3274 αἷμα,
3259 3205 3288 3257 ὅ
3314 3221 3367 3258 τι
3395 3221 3499 3275 περ
3522 3206 3612 3257 ἀν-

353 3308 575 3380 sanguis
592 3306 682 3377 qui
714 3305 767 3358 in
798 3304 1028 3374 pretium
1056 3303 1215 3357 datus
1242 3310 1328 3356 est
1355 3316 1453 3372 pro
1487 3301 1570 3356 his
1599 3300 1692 3370 qui
1719 3300 1928 3371 seipsos

2033 3299 2277 3368 τίλυτρον
2310 3298 2467 3367 ἐδόθη
2501 3298 2611 3351 τῶν
2637 3296 2727 3351 διὰ
2763 3298 2862 3367 τῆς
2891 3297 3168 3368 ἁμαρτίας
3221 3297 3457 3360 ἑαυτοὺς
3503 3314 3604 3349 πε-

354 3400 592 3470 maligno
620 3394 977 3452 vendiderant
1005 3408 1104 3463 per
1132 3399 1438 3461 peceatum.
1471 3390 1599 3446 Post
1630 3390 1745 3445 lucc
1771 3390 1927 3460 jubet

2033 3389 2315 3459 πρακότων
2344 3388 2422 3460 τῷ
2451 3387 2716 3459 πονηρῷ.)
2748 3389 2958 3443 κελεύει
2988 3388 3078 3442 διὰ
3105 3389 3313 3453 παντὸς
3342 3388 3442 3443 τοῦ
3496 3389 3597 3459 ζῇν

334 3486 467 3545 'tota
504 3488 617 3542 vita
647 3483 968 3541 continuum
1006 3481 1209 3536 habere
1253 3481 1500 3534 timorem
1546 3496 1562 3535 :
1601 3495 1709 3534 non
1743 3480 1927 3535 initia-

354 3585 461 3637 lem
501 3580 676 3637 illum.
707 3591 835 3630 nam
873 3573 964 3629 hic
1008 3572 1433 3641 subsequentem
1479 3571 1643 3628 habet
1684 3587 1924 3641 poenam,

356 3674 451 3729 sed
491 3669 814 3742 perfectum.
848 3664 1035 3720 Timor
1061 3662 1206 3719 enim
1241 3661 1511 3734 perfectos
1539 3672 1757 3719 sanctos
1780 3679 1925 3718 sem-

357 3781 455 3837 per
485 3762 799 3823 comitatur,
820 3773 890 3814 ne
917 3757 1045 3827 quid
1083 3755 1216 3825 ipsis
1238 3754 1377 3812 desit
1398 3770 1586 3810 eorum
1621 3771 1741 3825 quae
1773 3756 1931 3811 decet

356 3856 559 3914 halere
603 3851 894 3923 perfectos.
938 3847 1237 3905 Considera
1294 3863 1425 3903 vero
1481 3848 1754 3917 quomodo
1800 3862 1926 3902 cum

353 3950 559 4004 dictum
587 3946 660 4001 sit
684 3959 716 3998 a
744 3942 962 3999 Christo
980 3980 995 4004 ,
1033 3958 1052 3992 ι
1085 3937 1245 3994 Pater
1274 3937 1549 3993 neminem
1571 3937 1797 4007 judicat,
1834 3940 1927 3995 sed

353 4038 621 4112 judicium
643 4034 865 4091 tradidit
882 4032 1084 4096 Filio“,
1110 4048 1130 4082 ι
1162 4046 1309 4086 nunc
1325 4028 1665 4085 dicitPetrus
1682 4029 1929 4100 judicare

355 4137 591 4191 Patrem.
623 4128 704 4184 Ad
745 4126 889 4198 quod
930 4124 1182 4188 dicimus,
1211 4123 1355 4192 quod
1404 4136 1512 4177 non
1551 4132 1728 4192 potest
1759 4122 1928 4178 Filius

355 4227 535 4282 facere
565 4222 884 4293 quidquam,
913 4217 1017 4273 nisi
1047 4216 1192 4287 quod
1234 4216 1429 4271 viderit
1459 4215 1637 4270 facere
1662 4214 1874 4270 Patrem
1910 4233 1929 4271 :

356 4313 791 4389 quandoquidem
852 4319 909 4365 et
956 4310 1063 4364 hoc
1116 4308 1252 4362 dixit
1297 4307 1569 4362 Christus.
1614 4305 1780 4360 Porro
1824 4306 1929 4377 hoc

354 4418 559 4465 saneta
640 4400 899 4459 Trinitati
979 4396 1335 4454 connaturale
1412 4410 1533 4451 esse
1612 4395 1853 4451 ostendit
1908 4413 1928 4450 ι

352 4498 519 4573 590
548 4494 803 4566 quodque
843 4506 961 4546 non
987 4489 1098 4544 sint
1124 4487 1316 4543 divisae
1353 4485 1696 4557 operationes
1733 4486 1929 4542 divina:

355 4586 639 4660 potestatis
685 4580 936 4655 personis
983 4594 1120 4650 quas
1154 4578 1213 4633 in
1255 4578 1347 4635 illa
1382 4576 1754 4648 conspicimus
1783 4595 1798 4631 :
1829 4579 1926 4634 sed

359 4683 435 4741 ibi
459 4689 546 4737 est
564 4674 883 4735 omnimoda
916 4671 1192 4737 identitas,
1219 4679 1275 4726 et
1302 4670 1527 4741 paciﬁca
1562 4684 1626 4726 ac
1660 4670 1929 4727 seditione

357 4787 555 4831 carens
602 4766 916 4833 concordia.
947 4764 1095 4820 Dixit
1134 4778 1267 4835 ergo
1314 4761 1434 4818 sine
1467 4762 1783 4820 discrimine
1827 4761 1932 4817 Pa-

359 4872 495 4918 trem
521 4859 798 4930 judicare:
827 4862 1083 4925 tanquam
1112 4853 1164 4909 id
1189 4860 1247 4909 et
1273 4867 1400 4909 vere
1427 4852 1500 4909 sit
1517 4860 1571 4908 et
1592 4850 1932 4907 existimetur

354 4950 611 5007 omnibus
653 4963 774 5005 esse
819 4959 1130 5012 commune,
1157 4944 1423 5016 quidquid
1462 4942 1602 4998 alios
1632 4942 1833 4999 dixerit
1861 4944 1932 4999 ab

355 5056 465 5097 una
492 5038 657 5094 trium
684 5036 873 5093 divino
896 5039 1063 5092 modo
1083 5035 1293 5109 perﬁci.
1323 5036 1591 5091 Praeterea
1610 5048 1735 5089 cum
1765 5032 1934 5089 etiam

357 5132 621 5187 Dominus
670 5128 991 5200 frequenter
1031 5128 1308 5199 apostolos
1352 5135 1510 5181 vocet
1551 5124 1727 5189 ﬁlios,
1762 5132 1821 5179 et
1863 5125 1933 5180 ad

357 5222 712 5299 paralyticum
726 5219 955 5283 dixerit,
983 5238 1003 5274 s
1031 5220 1152 5285 Fili,
1180 5219 1407 5274 remissa
1434 5204 1564 5274 sunt
1587 5216 1678 5274 tibi
1708 5227 1931 5288 peccata

359 5324 451 5371 tua
486 5330 502 5369 :
532 5333 551 5366 ι
577 5322 634 5370 et
661 5312 727 5369 ad
750 5315 1012 5383 eamiqua:
1031 5311 1313 5383 sanguinis
1336 5309 1599 5381 proﬁnvio
1630 5310 1930 5376 laborabat,

366 5422 387 5457 s
415 5402 573 5466 Filia.
594 5404 726 5460 ﬁdes
748 5411 839 5459 tua
855 5411 908 5458 te
926 5403 1129 5458 salvam
1147 5401 1298 5468 fecit,
1326 5420 1347 5454 ι
1375 5400 1513 5456 nihil
1534 5400 1824 5457 obscurum
1849 5412 1935 5459 est

360 5505 455 5550 aut
480 5494 800 5560 absurdum,
824 5494 870 5548 si
897 5494 1041 5550 hunc
1069 5506 1287 5563 quoque
1312 5501 1525 5562 patrem
1552 5502 1802 5549 natorum
1835 5510 1933 5551 vo-

361 5584 585 5650 caverit,
612 5599 751 5656 quos
779 5582 1083 5640 sanctitatis
1105 5582 1598 5640 communicatione
1624 5585 1926 5657 generavit.

410 5764 482 5799 ἰι
512 5759 617 5821 Job
660 5776 885 5829 xxxviii,
927 5778 1013 5820 ιι..
1091 5764 1134 5797 ¹¹
1164 5762 1320 5821 Joan.
1356 5780 1409 5829 ν.
1458 5763 1549 5822 22.

1208 6558 1333 6566 ——

2029 3478 2275 3533 σύνοικον
2306 3479 2603 3551 κεκτῆσθαι
2634 3480 2724 3533 τὸν
2752 3480 2937 3551 φόϐον,
2966 3481 3026 3534 οὺ
3066 3480 3156 3533 τὸν
3201 3495 3607 3551 προκαταρκτιο

2032 3572 2145 3637 κδν,
2187 3571 2380 3643 (οὕτως
2410 3571 2520 3643 γὰρ
2556 3572 2653 3644 τὴν
2676 3571 2948 3643 τιμωρίαν
2978 3572 3233 3642 σύνεδρον
3261 3572 3424 3642 ἔχει,)
3465 3570 3598 3624 ἀλλά

2026 3665 2119 3717 τὸν
2139 3663 2504 3719 τελειωτικόν.
2536 3664 2706 3728 Φόϐος
2765 3664 2873 3735 γὰρ
2932 3665 3019 3719 ἀεὶ
3056 3667 3169 3728 τοῖς
3233 3664 3601 3718 τελειωθεῖσιν

2028 3758 2206 3825 ἁγίοις
2250 3758 2325 3828 μή
2356 3774 2410 3809 τι
2434 3756 2751 3810 ἐλλείπωσιν
2777 3756 2885 3812 τῶν
2909 3753 2997 3813 οἶα
3038 3757 3187 3820 εἰκὸς
3217 3759 3329 3821 τοῖς
3381 3757 3605 3809 τελειω-

2033 3849 2218 3919 μένοις
2246 3847 2656 3905 ἐπακολουθεῖν.
2683 3848 2886 3905 Σκόπει
2932 3848 2990 3903 δὲ
3045 3849 3128 3902 ὅτι
3184 3849 3475 3920 εἰρημένου
3504 3845 3609 3901 ὑπὸ

2029 3939 2288 4012 Χριστοῦ,
2308 3959 2326 3991 ι
2351 3941 2433 3995 ὃτι
2452 3937 2509 3993 ’0
2523 3939 2710 4011 Πατὴρ
2727 3939 2902 4012 κρίνει
2919 3940 3128 4003 οὐδένα,
3144 3938 3277 3993 ἀλλά
3304 3939 3404 4010 τὴν
3428 3938 3605 4010 κρίσιν

2029 4033 2380 4105 παραδέδωκε
2407 4031 2485 4103 τῷ
2502 4030 2636 4103 Υίῷ,
2674 4050 2694 4083 ι
2722 4032 2837 4096 πῶς
2852 4031 2946 4087 νῦν
2977 4034 3005 4085 ὁ
3039 4032 3239 4102 Πέτρος
3268 4031 3361 4084 τὸν
3390 4032 3605 4100 Πατέρα

2033 4125 2242 4197 κρίνειν
2266 4124 2419 4195 φησί.
2456 4124 2599 4195 Πρὸς
2629 4123 2658 4178 ὂ
2686 4123 2943 4195 ἐροῦμεν,
2974 4124 3048 4187 ῶς
3077 4122 3265 4193 ἐπειδὴ
3293 4123 3391 4175 καὶ
3441 4121 3598 4175 τοῦτο

2030 4218 2249 4288 εἴρηκεν
2271 4219 2300 4272 ό
2322 4217 2579 4287 Χριστὸς,
2624 4234 2643 4268 ι
2683 4217 2756 4269 Ub
2777 4215 2998 4269 δύναται
3019 4217 3046 4268 ὁ
3080 4215 3205 4277 Υἱὸς
3228 4215 3403 4268 ποιεῖν
3432 4212 3601 4274 οὐδὲν.

2031 4308 2100 4363 ἂν
2125 4310 2199 4379 μή
2218 4326 2270 4361 τι
2287 4308 2458 4378 βλέπῃ
2486 4307 2577 4360 τὸν
2600 4306 2815 4378 Πατέρα
2842 4305 3121 4370 ποιοῦντα,
3163 4323 3182 4358 s
3203 4304 3360 4358 τοῦτο
3391 4305 3449 4359 δὲ
3471 4320 3601 4375 συμ-

2030 4400 2164 4469 φυὲς
2211 4399 2305 4469 τῆς
2364 4397 2527 4466 ἁγίας
2576 4397 2808 4468 Τριάδος
2853 4396 3178 4466 παρίστησι,
3228 4394 3323 4447 καὶ
3374 4395 3458 4449 δτι
3505 4393 3599 4446 οὐκ

2033 4491 2553 4562 ἀπομεμερισμέναι
2608 4491 2667 4545 at
2704 4490 2806 4559 τῆς
2857 4488 3121 4559 θεαρχίας
3167 4486 3447 4557 ἐνέργειαι
3493 4485 3597 4547 soi;

2032 4581 2152 4634 κατ’
2176 4580 2352 4653 αὐτὴν
2381 4578 2834 4652 ἐνθεωρουμένους
2865 4576 3207 4650 προσώποις,
3233 4575 3372 4630 ἀλλά
3414 4572 3600 4630 ταυτό-

2030 4689 2131 4742 της
2159 4674 2308 4727 πᾶσα
2323 4674 2441 4726 ἐκεῖ
2475 4671 2569 4726 καὶ
2595 4671 2869 4742 σύμπνοια
2896 4669 3151 4741 είρηναία
3206 4670 3302 4722 καὶ
3348 4667 3602 4723 ἀστασία-

2034 4781 2182 4830 στος,
2209 4760 2386 4831 εἶπεν,
2419 4763 2728 4835 ἀδιαφόροις
2763 4763 2853 4816 τὸν
2888 4762 3110 4833 Πατέρα
3155 4760 3387 4830 κρίνειν,
3419 4760 3494 4824 ῶς
3519 4759 3596 4813 δτι

2036 4855 2104 4910 ἂν
2134 4858 2253 4928 ἐρεῖ
2283 4874 2368 4922 τις
2396 4857 2522 4911 καθ’
2545 4856 2663 4919 ένὺς
2706 4856 2815 4910 τῶν
2861 4855 3033 4925 τριῶν
3075 4854 3398 4925 θεοπρεπῶς
3451 4856 3597 4907 ἐκτε-

2038 4946 2272 5015 λεῖσθαι,
2296 4946 2479 5003 κοινοῦ
2518 4949 2633 5009 τοῖς
2655 4948 2789 5000 πᾶσι
2811 4947 2907 5001 καὶ
2929 4945 3083 5010 ὕντος
3107 4945 3207 5001 καὶ⁵
3223 4943 3595 5015 λογιζομένου.

2042 5040 2249 5105 ’Ἄλλως
2274 5057 2334 5095 τε
2366 5040 2462 5095 καὶ⁵
2487 5039 2581 5094 τοῦ
2621 5039 2829 5110 Κυρίου
2860 5036 3124 5102 πολλάκις
3149 5038 3318 5092 τέκνα
3371 5033 3596 5093 καλοῦν·

2036 5148 2129 5196 τος
2153 5132 2280 5198 τοὺς
2319 5130 2677 5195 ἀποστόλους,
2728 5131 2822 5185 καὶ
2862 5130 2939 5202 τῷ
2992 5129 3293 5203 παραλύτῳ
3338 5130 3594 5193 εἰπόντος,

2045 5243 2064 5277 ι
2098 5224 2320 5291 Τέκνον,
2348 5222 2625 5294 ἀφέωνταί
2649 5240 2732 5277 σοι
2754 5224 2812 5278 αἱ
2834 5224 3101 5295 ἁμαρτίαι
3134 5240 3250 5287 σου,
3276 5241 3296 5273 ι
3322 5220 3417 5276 καὶ
3428 5222 3490 5290 τῇ
3510 5218 3582 5272 αι·

2047 5316 2263 5388 μόρρῳ,
2294 5335 2313 5368 ι
2351 5315 2625 5388 Θύγατερ,
2649 5316 2683 5387 ἡ
2711 5316 2895 5378 πίστις
2916 5332 3009 5369 σου
3044 5314 3252 5367 σέσωκέ
3273 5330 3333 5366 σε
3358 5354 3375 5379 ,
3406 5332 3424 5364 ι
3448 5308 3594 5365 οὐδὲν

2040 5407 2388 5478 ἀπεμφαῖνον
2412 5407 2508 5460 καὶ
2527 5406 2692 5460 αὑτὸν
2722 5404 2937 5475 πατέρα
2971 5403 3265 5458 καλεῖσθαι
3326 5404 3435 5456 τῶν
3479 5416 3595 5470 γεν-

2039 5496 2236 5566 νητῶν,
2295 5488 2370 5549 ὧν
2428 5494 2713 5563 μεταδόσει
2772 5494 3061 5564 ἐγέννησεν
3109 5493 3455 5562 ἀγιότητος.ι
3508 5488 3594 5544 Ἐν

2032 5586 2187 5659 νόσῳ
2223 5587 2313 5643 τὸν
2337 5587 2438 5659 τῆς
2462 5588 2776 5660 παροικίας.
2808 5606 2828 5640 ι
2881 5585 3040 5641 Κατὰ
3085 5586 3273 5641 τοῦτον
3307 5587 3396 5640 τὸν
3435 5584 3593 5637 saltv
