3986 6560
384 359 488 427 525

1396 362 1781 424 COMMENT.
1820 362 1899 423 ΙΝ
1932 364 2164 429 EPIST.
2200 366 2228 426 Ι
2264 366 2326 428 S.
2367 366 2611 431 PETRL

3528 381 3638 446 526

386 476 583 531 ιιιτικδν
634 474 800 546 φόϐον
825 476 1039 549 εἴρηται
1073 476 1168 532 καὶ
1218 477 1295 549 τῷ
1350 479 1609 551 μακαρίῳ
1656 481 1840 546 Δαυίδ,
1872 481 1939 535 τὸ.

2065 501 2084 534 ‹
2127 482 2186 538 ln
2221 484 2416 541 timore
2446 492 2855 544 conversantes.
2900 508 2922 542 ι
2953 489 3115 548 Juxta
3152 493 3304 552 hunc
3337 497 3633 567 perfectio-

389 589 407 621 ι
435 567 715 640 Milibus:
740 569 832 623 τὸν
867 569 1075 640 Κύριον
1127 572 1329 636 πάντες
1359 573 1433 635 οἱ,
1464 573 1608 641 ἅγιοι
1636 574 1824 640 αὐτοῦ,
1876 574 1959 628 ὅτι

380 661 477 715 οὐκ
500 660 651 714 ἐστιν
670 660 960 733 ὑστέρημα
995 663 1109 727 τοῖς
1141 663 1500 734 φοϐουμένοις
1526 665 1710 719 αὐτόν.
1746 684 1765 718 ι

453 818 960 888 Προεγνωσμένου
984 821 1104 888 μὲν
1158 822 1274 890 πρὸ
1328 823 1664 893 καταϐολῆς
1699 828 1952 896 κόσμου,

383 910 827 978 φανερωθέντος
858 911 927 965 δὲ
955 912 1050 966 ἐπ’
1086 913 1362 982 ἐσχάτων
1422 916 1541 969 τῶν
1597 919 1832 985 χρόνων
1879 920 1955 974 δι’

383 1000 553 1069 ὑμᾶς,
584 1002 727 1069 τοὺς
764 1002 841 1056 δι’
872 1003 1061 1057 αὐτοῦ
1093 1006 1493 1073 πιστεύοντας
1526 1012 1614 1074 εις
1655 1013 1823 1071 θεὸν,
1848 1015 1957 1067 τὸν

382 1091 690 1156 ἐγείραντα
732 1093 924 1145 αὑτὸν
985 1093 1053 1147 ἐκ
1106 1094 1357 1163 νεκρῶν,
1405 1099 1501 1151 καὶ
1550 1098 1739 1164 δόξαν
1793 1101 1956 1168 αὐτῷ

378 1183 575 1245 δόντα,
609 1184 765 1238 ὥστε
807 1185 922 1252 τὴν
957 1187 1166 1241 πίστιν
1218 1187 1387 1257 ὑμῶν
1435 1191 1531 1244 καὶ
1559 1193 1780 1247 ἐλπίδα
1801 1191 1956 1249 εἶναι

375 1278 459 1340 εις
482 1276 652 1338 Θεὸν,
671 1276 769 1342 τὰς
792 1279 996 1345 ψυχὰς
1016 1283 1181 1349 ὑμῶν
1200 1282 1513 1350 ἡγνικότες
1528 1286 1600 1339 ἐν
1623 1286 1695 1353 τῇ
1715 1289 1954 1356 ὑπακοῇ

378 1364 484 1433 τῆς
529 1368 817 1434 ἀληθείας
847 1369 944 1422 διὰ
982 1371 1339 1439 πνεύματος.
1387 1376 1490 1441 Είς
1550 1379 1956 1448 φιλαδελφίαν

373 1457 795 1525 ἀνυπόκριτον,
826 1460 894 1513 ἐκ
918 1461 1180 1530 καθαρᾶς
1209 1465 1453 1532 καρδίας
1474 1468 1789 1537 ἀλλήλους
1811 1473 1955 1542 ἀγα-

376 1550 610 1616 πήσατε
638 1550 915 1617 ἐκτενῶς,
968 1553 1507 1628 ἀναγεγεννημένοι
1553 1564 1663 1616 οὐκ
1694 1563 1764 1618 ἐκ
1802 1581 1954 1619 σπο-

367 1638 481 1704 ρᾶς
509 1640 799 1709 φθαρτῆς,
830 1642 989 1697 ἀλλὰ
1011 1645 1318 1714 ἀφθάρτου
1370 1648 1469 1703 διὰ
1520 1652 1706 1722 λόγου
1735 1653 1953 1722 ζῶντος

384 1731 533 1784 Θεοῦ
590 1732 686 1785 καὶ
730 1731 1023 1802 μένοντος
1073 1738 1160 1802 είς
1211 1738 1318 1791 τὸν
1346 1741 1552 1795 αἰῶνα.
1599 1745 1750 1798 Διότι
1782 1746 1952 1803 πᾶσα

369 1821 548 1891 σὰρξ,
567 1824 648 1890 ὡς
665 1827 898 1893 χόρτος,
922 1827 1020 1880 καί
1043 1826 1211 1883 πᾶσα
1228 1829 1378 1896 δόξα
1402 1833 1718 1901 ἀνθρώπου
1745 1837 1827 1904 ὡς
1849 1837 1954 1891 ἄν-
1986 1826 2024 1881 Β

371 1921 473 1981 0ος
490 1917 732 1984 χόρτου.
762 1916 1094 1985 Ἐξηράνθη
1110 1919 1148 1987 ἡ
1167 1922 1400 1989 χόρτος,
1420 1924 1517 1977 καὶ
1544 1925 1609 1978 τὸ
1624 1927 1808 1993 ἄνθος
1819 1930 1951 1993 ἐξέ-

371 2024 541 2075 πεσε,
570 2010 636 2063 τὸ
659 2010 727 2064 δὲ
734 2010 905 2081 ῥῆμα
929 2014 1151 2080 Κυρίου
1170 2015 1337 2084 μένει
1358 2020 1444 2083 είς
1460 2021 1567 2073 τὸν
1581 2020 1786 2075 αἰῶνα.
1810 2023 1950 2079 Τοῦ-

368 2116 434 2153 το
460 2100 529 2154 δέ
556 2102 689 2155 ἐστι
719 2105 785 2157 τὸ
807 2103 976 2171 ῥῆμα
1003 2107 1071 2159 τὸ
1094 2108 1527 2178 εὐαγγελισθὲν
1550 2115 1637 2178 εἰς
1665 2113 1839 2183 ὑμᾶς.

436 2192 527 2263 Τῷ
560 2195 654 2246 τοῦ
677 2195 920 2265 Χριστοῦ
971 2197 1187 2270 θανάτῳ
1248 2203 1454 2271 συνῆψε
1507 2207 1604 2259 καὶ
1662 2206 1759 2278 τὴν
1812 2208 1947 2262 ἀνά-

368 2301 581 2339 στασιν.
603 2286 924 2341 Εὐλαϐεῖται
956 2290 1062 2361 γὰρ
1084 2290 1145 2344 τὸ
1180 2292 1318 2363 πρὸς
1368 2294 1633 2350 ἀπιστίαν
1663 2297 1796 2351 ιτῶν
1826 2317 1946 2354 νεο-

369 2375 552 2445 φύτων
602 2379 987 2446 εὐμετάϐολον,
1021 2381 1110 2435 διὰ
1154 2382 1216 2435 τὸ
1260 2385 1369 2437 τῶν
1425 2386 1613 2440 παθῶν
1660 2388 1753 2442 τοῦ
1806 2391 1945 2461 Χρι-

250 2498 257 2509 ~
369 2467 493 2520 στοῦ
525 2469 910 2525 ἐπονείδιστον.
959 2472 1099 2525 Ἀλλ’
1120 2473 1202 2526 ὅτι
1233 2475 1325 2526 καὶ
1350 2475 1409 2527 ού
1437 2476 1630 2548 νεαρὸν
1675 2479 1735 2531 τὸ
1803 2482 1944 2534 κατὰ

366 2556 606 2627 Χριστὸν⁴
628 2562 953 2630 μυστήριον,
983 2563 1106 2616 ἐπεὶ
1135 2566 1231 2617 καὶ
1282 2566 1441 2619 τοῦτο
1501 2569 1628 2632 τοὺς
1680 2570 1944 2642 ἀνοήτως

366 2649 606 2718 θορυϐεῖ,
634 2651 751 2704 ἀλλ’
812 2652 1022 2709 ἄνωθεν
1042 2656 1137 2708 καὶ
1197 2656 1303 2727 πρὸ
1351 2659 1659 2729 καταϐολῆς
1710 2662 1940 2732 κόσμου,

366 2740 461 2794 καὶ
513 2743 888 2812 προνοητικῶς
950 2744 1070 2815 Θεῷ
1126 2748 1264 2801 κατὰ
1336 2749 1430 2802 τὸν
1493 2750 1750 2824 εὔκαιρον
1793 2754 1943 2826 αὑτῷ

366 2829 561 2900 χρόνον
590 2833 1008 2903 ταμιευόμενον,
1041 2838 1361 2910 ἐφανερώθη
1392 2841 1492 2910 μὲν
1521 2844 1615 2896 καὶ
1665 2847 1779 2909 τοῖς
1811 2849 1943 2919 περὶ

371 2920 578 2976 τούτων
604 2924 874 2992 ζητήσασι
908 2927 1236 2997 προφήταις,
1267 2928 1342 2991 ὡς
1363 2930 1539 3000 ὀλίγον
1586 2934 1816 2989 κατόπιν
1865 2937 1943 2990 ετ-

366 3027 522 3082 ρηκε,
556 3014 651 3066 καὶ
701 3013 796 3067 νῦν
822 3014 877 3068 δὲ
907 3016 1328 3088 προδηλότερον,
1359 3023 1543 3092 φησὶν,
1600 3024 1681 3077 ὄτι
1724 3027 1786 3079 τὸ
1834 3027 1942 3099 πρὸ

363 3105 669 3173 καταϐολῆς
726 3106 933 3178 κόσμου
979 3111 1323 3181 ἐγνωσμένον
1371 3115 1613 3186 δηλονότι
1679 3120 1799 3190 Θεῷ
1845 3122 1939 3175 νῦν

361 3196 705 3266 ἐφανερώθη,
737 3198 854 3269 ἦτοι
878 3201 1231 3273 ἐπετελέσθη,
1274 3205 1557 3277 διηνύσθη.
1611 3211 1719 3263 Καὶ
1742 3211 1830 3266 διὰ
1854 3208 1936 3267 τι-

362 3301 456 3350 νας
489 3288 841 3359 ἐπετελέσθη,
880 3292 1257 3363 προστίθησιν,
1289 3297 1371 3349 ὅτι
1399 3296 1465 3350 δι’
1496 3298 1663 3369 ὑμᾶς.
1691 3303 1771 3354 Δι’
1792 3302 1939 3372 ὑμᾶς

362 3378 489 3449 γὰρ,
522 3381 711 3449 φησιν,
744 3380 964 3453 ἡγειρεν
986 3386 1149 3439 αὐτὸν
1183 3389 1247 3441 ὲκ
1276 3390 1508 3461 νεκρῶν.
1543 3393 1643 3447 Διὰ
1672 3396 1724 3449 τί
1765 3396 1822 3449 δὲ
1867 3398 1936 3451 δι’

362 3465 504 3537 ὑμᾶς
531 3484 549 3535 ;
581 3468 690 3533 ἴνα,
711 3473 900 3543 φησὶν,
940 3476 1227 3544 ἡγνικότες
1261 3481 1487 3546 ἑαυτοὺς
1521 3486 1580 3537 ὲν
1599 3489 1666 3557 τῇ
1721 3487 1934 3560 ὑπακοῇ

361 3558 456 3628 τῆς
484 3557 745 3629 ἀληθείας
784 3562 874 3616 διὰ
901 3564 1212 3636 πνεύματος
1249 3572 1348 3641 τὴν
1410 3573 1591 3627 πίστιν
1647 3576 1801 3646 ὑμῶν
1844 3580 1937 3632 καὶ

361 3648 550 3701 ἐλπίδα
582 3650 743 3721 ἔχητε
775 3655 856 3718 εἰς
881 3654 1034 3713 Θεόν.
1068 3659 1177 3711 Καὶ
1209 3660 1299 3715 διὰ
1347 3662 1400 3716 τί
1431 3664 1720 3732 ἡγνικότες
1757 3685 1773 3734 ;
1811 3669 1934 3724 Ὀτι

361 3738 437 3809 τῷ
463 3739 552 3792 διὰ
576 3740 675 3811 τῆς
699 3744 763 3796 ἐκ
810 3746 1023 3816 νεκρῶν
1072 3748 1420 3816 ἀναστάσεως
1458 3754 1738 3826 ἀφθάρτου
1788 3757 1934 3830 ζωῆς

361 3831 486 3903 ὑμῖν
513 3837 868 3909 προκαταρξα
878 3838 1026 3908 μένῳ
1047 3839 1460 3909 πιστεύσαντες,
1507 3845 1782 3914 ὀφειλέται
1812 3851 1934 3903 ἐστὲ

362 3927 456 3978 καὶ
481 3927 639 3980 αὐτοὶ
680 3930 821 3982 κατὰ
856 3931 948 3983 τὸν
995 3932 1302 3989 καλέσαντα
1353 3934 1496 4005 ὑμᾶς
1539 3936 1836 4010 ἄφθαρτον,
1875 3940 1933 3994 ὲν

361 4018 642 4089 καινότητι
668 4019 814 4089 ζωῆς
847 4023 1238 4094 περιπατῆσαι.

428 4193 490 4246 Ei
538 4193 595 4247 δὲ
644 4195 736 4248 τὸν
780 4198 1000 4271 Πατέρα
1048 4199 1143 4252 καὶ
1191 4195 1346 4266 οὗτος
1376 4204 1470 4257 καὶ
1507 4204 1717 4271 Παῦλός
1767 4225 1930 4276 φησιν

359 4282 726 4357 ἐξαναστῆσαι
758 4289 848 4344 τὸν
882 4292 1087 4362 Κύριον
1121 4296 1185 4347 ἐκ
1226 4295 1458 4366 νεκρῶν,
1494 4300 1570 4369 μὴ
1601 4301 1927 4375 θορυϐηθῇς.

358 4372 882 4450 Εἱσαγωγικώτερον
932 4384 1028 4436 καὶ
1062 4384 1334 4454 χρώμενοι
1372 4390 1433 4459 τῇ
1477 4390 1796 4466 διδασκαλίᾳ
1833 4372 1929 4448 νῦν

357 4466 532 4521 ταῦτά
553 4486 736 4538 φασιν.
778 4470 931 4524 Ἐπεὶ
978 4474 1210 4529 ἄκουσον
1256 4477 1492 4547 Χριστοῦ
1540 4480 1641 4551 μὲν
1684 4483 1932 4552 λέγοντος
1965 4495 2009 4549 D
2036 4502 2164 4557 audi
2192 4504 2271 4558 αι

357 4558 572 4627 ἑαυτὸν,
601 4562 835 4631 ἐγεῖραι,
882 4562 950 4617 δι’
998 4557 1072 4619 ὧν
1104 4569 1288 4637 φησὶν,
1347 4588 1367 4621 ι
1402 4571 1614 4625 Λύσατε
1661 4574 1753 4628 τὸν
1801 4579 1927 4632 ναὸν

355 4648 570 4715 τοῦτον,
608 4652 705 4705 καὶ
740 4655 799 4707 ὲν
827 4655 1003 4725 τρισὶν
1032 4659 1267 4729 ἡμέραις
1300 4662 1480 4734 ἐγερῶ
1497 4665 1675 4720 αὐτόν.
1714 4686 1734 4719 ι
1763 4669 1927 4724 Ἀλλὰ

354 4743 448 4795 καὶ
487 4745 725 4811 Λουκᾶς,
770 4740 909 4812 ιΟἷς
959 4750 1053 4803 καὶ
1104 4753 1450 4825 παρέστησεν
1507 4758 1698 4814 ἑαυτὸν
1749 4761 1925 4826 ζῶντα

358 4836 497 4904 μετὰ
526 4836 588 4889 τὸ
615 4839 807 4891 παθεῖν
833 4841 1016 4897 αὐτόν.
1050 4860 1068 4894 ι
1094 4843 1201 4897 Καὶ
1233 4846 1395 4899 πάλιν
1420 4847 1581 4912 αὐτὸς
1609 4850 1638 4902 ὁ
1666 4850 1921 4922 Χριστός

358 4943 378 4976 ι
438 4924 719 4990 Ἐξουσίαν
793 4928 902 4999 ἔχω
964 4931 1139 4987 θεῖναι
1206 4936 1307 5006 τὴν
1371 4937 1549 5010 ψυχήν
1635 4958 1768 5011 μου,
1831 4946 1926 4999 καὶ

353 5014 601 5080 ἐξουσίαν
658 5018 764 5088 ἔχω
797 5021 959 5073 πάλιν
1009 5022 1193 5077 λαϐεῖν
1238 5027 1430 5098 αὐτήν.
1487 5047 1508 5080 ι
1557 5031 1928 5102 Οἰκονομικὼ-

353 5123 506 5176 τερον
534 5103 629 5160 οὖν
656 5108 729 5176 τῷ
751 5110 924 5181 Πατρὶ
950 5112 1062 5165 ἐσθ’
1088 5114 1177 5168 ὅτε
1213 5117 1529 5172 ἀνατιθέασι
1558 5120 1658 5191 τὴν
1679 5122 1773 5175 τοῦ
1797 5124 1924 5179 Υἱοῦ

354 5199 674 5263 ἀνάστασιν,
708 5201 793 5254 ῐνα
834 5205 964 5273 μίαν
991 5209 1274 5277 ὲμφήνωσι
1310 5210 1521 5281 Πατρὸς
1544 5216 1637 5266 καὶ
1667 5215 1794 5269 Υίοῦ
1827 5215 1926 5289 τὴν

352 5291 659 5360 ἐνέργειαν.
700 5294 774 5347 Τὸ
815 5297 942 5366 ἑξῆς
988 5298 1181 5364 οὕτως·
1208 5304 1664 5376 Προεγνωσμένου
1694 5311 1792 5380 μὲν
1819 5314 1925 5383 πρὸ

352 5384 662 5454 καταϐολῆς
698 5389 926 5457 κόσμου,
971 5395 1378 5464 φανερωθέντος
1428 5396 1485 5451 δὲ
1537 5401 1626 5454 ἐπ’
1678 5404 1922 5475 ἐσχάτων

352 5475 458 5527 τῶν
487 5478 696 5546 χρόνων
730 5480 800 5533 δι’
822 5482 963 5552 ὑμᾶς
995 5486 1119 5546 τοὺς
1161 5488 1516 5555 πιστεύοντας
1545 5493 1627 5557 εἰς
1671 5494 1805 5550 Θεὸν
1830 5498 1922 5551 τὸν

355 5565 646 5638 ἐγείραντα
670 5570 833 5624 αὑτὸν
874 5574 940 5626 ὲκ
972 5575 1200 5645 νεκρῶν,
1234 5579 1329 5634 καὶ
1354 5579 1513 5637 δόντα
1544 5583 1693 5656 αὐτῷ
1740 5586 1922 5657 δόξαν,

459 5746 504 5779 "
535 5744 677 5803 Psal.
705 5766 897 5817 xxxiii,
921 5750 1008 5806 ιο.
1087 5754 1306 5812 “Joan.
1332 5758 1501 5827 11,19.
1579 5761 1624 5797 ⁸³
1660 5760 1784 5817 Act.
1816 5778 1857 5831 I,
1879 5764 1935 5820 '5.

2062 574 2149 628 nis
2192 575 2445 631 timorem
2500 577 2704 634 dictum
2752 596 2969 652 quoque
3018 596 3103 640 est
3147 603 3177 640 a
3215 586 3373 644 beato
3422 591 3635 655 David:

2062 683 2085 717 ι
2129 666 2341 723 Timete
2388 668 2683 727 Dominum
2730 688 2922 729 omnes
2965 677 3145 733 sancti
3192 680 3331 750 ejus,
3375 685 3635 753 quoniam

2059 758 2197 813 nihil
2231 760 2387 815 deerit
2416 762 2736 819 timentibus
2764 780 2891 820 eum
2911 767 2974 819 ¹³.
3024 786 3044 821 ι

2130 847 2168 916 ι,
2199 851 2387 907 ’ἐϋ-25.
2410 851 2515 918 Qui
2540 859 2887 927 prtecognitus
2912 861 3123 929 quidem
3141 863 3314 929 fuerat
3346 878 3631 939 antequam
3658 882 3661 887 '

2056 942 2295 996 conditas
2321 954 2451 997 esset
2481 949 2725 1011 mundus,
2752 951 2843 1001 sed
2878 953 3242 1021 manifestatum
3256 956 3353 1025 fuit
3388 961 3634 1014 extremis

2058 1035 2393 1100 temlzoribus.
2416 1047 2629 1105 propter
2650 1056 2736 1093 vos
2757 1041 2847 1110 qui
2866 1058 2959 1110 per
2976 1044 3126 1098 illam
3146 1050 3360 1102 creditis
3390 1053 3440 1102 in
3467 1051 3633 1105 Deum

2056 1125 2149 1194 qui
2169 1126 2338 1193 ipsum
2363 1128 2641 1182 suscitavit
2676 1147 2709 1183 a
2739 1137 2983 1200 mortuis,
3018 1146 3071 1190 et
3123 1138 3343 1206 gloriam
3386 1143 3433 1195 ei
3465 1143 3629 1205 dedit,

2055 1225 2226 1270 utvos
2255 1218 2413 1283 ﬁdem
2453 1236 2517 1273 ac
2557 1236 2698 1290 spem
2749 1225 3013 1281 haberetis
3049 1246 3173 1301 erga
3227 1232 3391 1288 Deam
3439 1250 3458 1288 :
3510 1250 3630 1290 cum

2053 1311 2260 1364 animas
2286 1321 2487 1366 vestras
2513 1315 2914 1383 puriﬁcaveritis
2971 1322 3266 1379 obedientes
3298 1329 3513 1382 veritati
3536 1344 3634 1395 per

2052 1400 2318 1468 spiritum.
2353 1402 2437 1455 Ad
2466 1404 2788 1461 cltaritatem
2837 1410 3127 1479 fraternam
3173 1416 3241 1468 ab
3277 1422 3421 1471 omni
3459 1421 3629 1476 simn-

2052 1490 2254 1546 tatione
2274 1495 2529 1561 alienam,
2560 1512 2626 1552 etc
2650 1503 2847 1555 mundo
2876 1506 3034 1558 corde
3062 1520 3150 1559 vos
3174 1507 3398 1563 invicem
3421 1511 3629 1583 diligite

2052 1580 2303 1649 impense,
2344 1586 2630 1641 renatinon
2648 1604 2712 1643 ea:
2739 1594 2935 1645 semine
2954 1595 3190 1662 mortali,
3218 1600 3313 1653 sed
3323 1610 3389 1655 ea:
3409 1601 3629 1658 immor-

2053 1672 2149 1726 tali
2173 1689 2268 1743 per
2292 1691 2581 1731 sermonem
2613 1679 2713 1734 Dei
2754 1683 2970 1738 virentis
3025 1702 3091 1740 ac
3126 1704 3513 1757 permanentem
3569 1696 3627 1751 in

2053 1774 2306 1819 attentum
2334 1783 2354 1819 :
2380 1779 2658 1837 propterea
2677 1775 2818 1842 quod
2856 1778 3028 1831 omnis
3057 1790 3182 1833 raro
3220 1782 3381 1836 veluti
3406 1802 3627 1855 gramen

2052 1856 2140 1920 sit,
2167 1866 2218 1911 et
2263 1860 2432 1913 omnis
2489 1861 2665 1931 gloria
2721 1865 2947 1922 hominis
2996 1873 3153 1941 quasi
3191 1873 3288 1941 ﬂos
3347 1880 3624 1946 graminis.
3692 1910 3697 1915 -

2049 1944 2280 2002 Exarsit
2305 1966 2548 2020 gramen,
2587 1965 2636 2009 et
2665 1956 2765 2024 ﬂos
2802 1959 2995 2015 decidit
3023 1978 3043 2016 .'
3078 1973 3132 2018 at
3176 1944 3388 2021 verbum
3416 1968 3628 2024 Domini

2048 2047 2227 2090 manet
2251 2039 2307 2093 in
2343 2049 2617 2100 «ternum.
2642 2044 2760 2100 Hoc
2780 2061 2958 2106 autem
2985 2064 3064 2108 est
3084 2058 3296 2110 verbum
3337 2060 3481 2129 quod
3520 2077 3625 2115 an-

2049 2129 2355 2184 mmtiatam
2375 2141 2454 2186 est
2483 2134 2555 2188 ad
2580 2151 2692 2190 vos.

2114 2221 2274 2278 Morti
2303 2225 2505 2281 Christi
2532 2231 2813 2298 conjunxit
2844 2222 2898 2288 et
2932 2241 3416 2299 resurrectionem.
3448 2244 3621 2301 Verc-

2046 2321 2136 2367 tur
2167 2315 2314 2369 enim
2340 2316 2553 2374 facilem
2577 2322 2904 2379 novitiorum
2929 2327 2981 2380 in
3004 2327 3110 2384 ﬁde
3140 2334 3502 2390 mutationem
3538 2340 3611 2393 ad

2045 2402 2505 2468 incredulitatem.
2566 2423 2790 2482 propter
2841 2422 3191 2487 opprobrium
3263 2424 3619 2488 aﬂlictionum

2043 2493 2272 2555 Christi.
2306 2498 2400 2552 sed
2445 2500 2579 2555 dicit
2633 2519 2747 2558 non
2775 2521 2903 2563 esse
2947 2526 3142 2568 recens
3178 2519 3498 2586 mysterium
3547 2522 3620 2580 de

2044 2584 2259 2642 Christo
2294 2591 2779 2662 :quandoquidem
2826 2599 2931 2655 hoc
2961 2602 3124 2658 etiam
3193 2584 3487 2667 conturbat
3529 2612 3620 2668 in-

2043 2676 2308 2746 sipientes
2368 2698 2382 2734 :
2427 2685 2524 2741 sed
2561 2688 2937 2756 superioribus
2986 2699 3327 2766 temporibus
3376 2711 3431 2759 et
3488 2716 3619 2762 ante

2042 2772 2324 2827 conditum
2364 2779 2653 2845 mundum,
2675 2789 2730 2836 et
2753 2783 2934 2840 divina
2970 2792 3315 2857 providentia
3355 2799 3616 2853 recondi-

2045 2868 2156 2919 tum
2178 2862 2351 2919 fuerat
2376 2867 2443 2921 ad
2480 2878 2698 2940 tempus
2723 2886 3113 2946 opportunum,
3172 2881 3331 2953 49],
3386 2888 3618 2944 ιιιιιιὶίοο

2043 2961 2246 3008 statum
2279 2956 2497 3024 quidem
2537 2970 2621 3016 est
2647 2972 2701 3016 et
2720 2967 3001 3033 prophetis
3030 2970 3125 3038 qui
3170 2972 3239 3025 de
3290 2974 3376 3029 his
3425 2978 3617 3047 exqui-

2041 3043 2275 3110 sierunt,
2312 3056 2372 3102 ut
2395 3052 2558 3118 paulo
2583 3062 2747 3107 antea
2778 3055 3012 3121 dixerat,
3044 3076 3194 3115 nunc
3222 3072 3407 3119 autem
3434 3043 3617 3125 manl-

1964 3153 2009 3209 c
2042 3131 2250 3199 iestius,
2285 3136 2486 3206 inquit,
2548 3142 2673 3210 quia
2702 3147 2847 3212 quod
2881 3157 3008 3202 ante
3039 3152 3316 3206 conditum
3346 3159 3611 3214 mundum

2039 3224 2219 3280 iuerat
2247 3232 2661 3301 prmcognitum,
2704 3248 2905 3307 nempe
2937 3238 3066 3303 Deo,
3108 3257 3257 3299 nunc
3292 3247 3613 3305 manifesta-

2039 3325 2152 3372 tum
2183 3328 2289 3380 est.
2319 3320 2781 3394 sivecompletum
2816 3337 2913 3385 aut
2955 3332 3286 3401 perfectum.
3336 3338 3406 3394 Et
3456 3342 3612 3399 addit

2037 3418 2263 3479 propter
2285 3426 2425 3481 quos
2462 3415 2763 3483 perfectum
2808 3419 2900 3485 sit,
2928 3432 3057 3491 puta
3080 3437 3305 3496 propter
3330 3445 3448 3486 vos.
3470 3432 3609 3488 Nam

2036 3510 2260 3571 propter
2289 3519 2407 3569 vos,
2429 3505 2625 3576 inquit,
2644 3511 2902 3569 excitavit
2932 3529 3057 3571 eum
3090 3533 3123 3571 ιι
3142 3525 3394 3578 mortuis.
3426 3525 3609 3591 Quare

2036 3604 2219 3648 autem
2252 3604 2479 3667 propter
2510 3600 2646 3655 vos?
2668 3600 2738 3657 Ut
2768 3618 2894 3659 cum
2926 3623 3024 3662 vos
3058 3609 3208 3680 ipsos
3236 3615 3610 3682 puriﬁcaveri-

2036 3681 2108 3737 tis
2137 3684 2461 3742 obedientes
2491 3690 2709 3745 veritati
2740 3708 2837 3761 per
2858 3696 3132 3765 spiritum,
3166 3681 3329 3759 ﬁdem
3368 3716 3606 3764 vestram

2034 3789 2100 3831 ac
2137 3791 2288 3846 spem
2338 3779 2587 3837 habeatis
2620 3783 2675 3837 in
2701 3783 2893 3841 Deum.
2926 3789 2992 3844 Et
3014 3796 3288 3860 quomodo
3338 3786 3613 3864 βαι-ἰθαιιῖ

2034 3868 2226 3923 eritis?
2254 3868 2393 3934 Quia
2412 3873 2703 3930 credentes
2724 3876 2775 3931 ei
2829 3879 2924 3947 qui
2954 3883 3111 3937 vobis
3170 3888 3483 3957 auspicatus
3522 3902 3609 3949 cst

2033 3960 2490 4016 resurrectionem
2547 3978 2614 4018 ex
2646 3968 2878 4022 mortuis
2904 3970 2974 4024 ad
3002 3971 3473 4045 incorruptibilem
3525 3983 3607 4039 vi-

2031 4052 2164 4106 tam.
2192 4046 2467 4105 debitores
2494 4060 2550 4105 et
2583 4050 2689 4121 ipsi
2728 4056 2864 4115 estis
2891 4057 2941 4110 ei
2971 4059 3062 4127 qui
3095 4078 3219 4118 cum
3249 4066 3322 4120 sit
3352 4067 3608 4127 incorru-

2030 4135 2259 4205 ptibilis,
2293 4140 2512 4196 vocavit
2542 4157 2661 4210 vos,
2690 4146 2817 4200 utin
2855 4149 3095 4207 novitate
3126 4156 3256 4211 vita:
3289 4161 3602 4218 ambuletis.

2101 4226 2255 4293 Quod
2291 4232 2337 4285 si
2368 4241 2425 4286 et
2470 4233 2571 4289 iste
2614 4244 2669 4291 et
2705 4236 2909 4297 Paulus
2949 4243 3141 4301 dicunt
3187 4248 3402 4305 Patrem
3454 4254 3606 4311 exci-

2030 4324 2172 4374 tasse
2202 4320 2488 4378 Dominum
2516 4340 2580 4379 ex
2610 4330 2859 4393 mortuis,
2882 4346 2952 4388 ne
2977 4336 3211 4394 turberis
3237 4355 3252 4390 :
3281 4354 3431 4396 nunc
3454 4345 3604 4400 enim

2031 4408 2429 4469 introductoria
2475 4416 2729 4474 doctrina
2779 4431 2998 4480 utentes
3042 4427 3160 4483 haec
3206 4429 3415 4487 dicunt.
3462 4433 3605 4490 Nam

2276 4505 2469 4560 ristum
2505 4508 2777 4567 dicentem
2805 4516 2953 4581 quod
2988 4517 3229 4588 seipsum
3265 4523 3603 4592 excitaverit,

2033 4608 2158 4649 cum
2189 4595 2265 4651 ait
2295 4613 2310 4649 :
2349 4616 2369 4649 ι
2398 4598 2600 4657 Solvite
2633 4605 2909 4673 templum
2933 4608 3056 4674 hoc.
3091 4620 3147 4667 et
3179 4612 3235 4668 in
3279 4615 3454 4672 tribus
3486 4618 3606 4673 die-

2032 4686 2136 4741 bus
2181 4691 2388 4759 erigam
2436 4690 2614 4760 ipsum
2646 4693 2711 4749 “.
2750 4713 2774 4749 ι
2819 4696 2930 4755 Sed
2959 4709 3017 4755 et
3060 4701 3234 4761 Lucas
3275 4720 3291 4759 :
3339 4724 3362 4761 ι
3392 4706 3608 4776 Quibus

2032 4776 2195 4832 etiam
2233 4780 2488 4837 exhibuit
2532 4784 2776 4853 seipsum
2814 4787 3110 4859 viventem,
3149 4804 3436 4867 postquam
3475 4815 3605 4870 pas-

2031 4881 2127 4923 sus
2154 4869 2331 4927 fuerat
2350 4873 2415 4928 ".
2443 4892 2464 4926 ι
2489 4874 2558 4928 Ει
2585 4890 2803 4932 rursum
2832 4879 2950 4949 ipse
2979 4882 3230 4942 Christus
3259 4904 3276 4942 :
3308 4906 3328 4942 ι
3357 4869 3605 4947 Potesta-

2035 4963 2144 5011 tem
2174 4959 2349 5014 habeo
2381 4963 2616 5030 ponendi
2658 4966 2892 5022 animam
2937 4985 3135 5034 meam,
3182 4984 3238 5029 et
3279 4986 3603 5045 potestatem

2033 5047 2212 5104 habeo
2265 5065 2482 5106 rursum
2537 5056 2784 5111 sumendi
2832 5073 2952 5115 eam
2989 5062 3051 5116 ⁸⁸.
3084 5081 3105 5116 ι
3154 5065 3396 5130 Quadam
3436 5071 3603 5143 igitur

2035 5136 2443 5208 dispensatione
2493 5141 2612 5197 Filii
2651 5149 3104 5208 resurrectionem
3128 5156 3418 5215 interdum
3457 5136 3605 5217 refe-

2036 5238 2165 5283 runt
2195 5231 2263 5285 ad
2296 5228 2538 5297 Patrem,
2570 5242 2631 5289 ut
2669 5252 2833 5292 unam
2860 5244 3153 5300 ostendant
3184 5247 3356 5302 Patris
3379 5265 3446 5305 ac
3479 5249 3601 5309 Filii

2033 5320 2426 5388 operationem.
2451 5322 2669 5381 Littera:
2693 5332 2863 5386 series
2887 5333 3009 5390 talis
3027 5345 3108 5391 est
3132 5352 3147 5391 :
3175 5338 3274 5403 Qui
3302 5341 3603 5412 pracogaiv

2035 5417 2121 5465 tus
2143 5411 2361 5480 quidem
2395 5413 2496 5468 iuit
2526 5426 2653 5473 ante
2678 5422 2956 5478 conditum
2992 5426 3272 5492 mundum,
3303 5430 3397 5484 sed
3422 5411 3600 5499 mani;

2032 5499 2258 5557 iestatus
2297 5512 2380 5559 est
2421 5510 2682 5565 extremis
2725 5515 3081 5583 temporibus,
3116 5526 3342 5589 propter
3378 5535 3474 5577 vos
3508 5522 3599 5593 qui

2031 5593 2255 5648 creditis
2288 5594 2347 5650 in
2387 5596 2559 5654 Deum
2594 5601 2684 5671 qui
2727 5605 2985 5660 excitavit
3019 5620 3145 5661 eum
3191 5621 3225 5661 a
3266 5610 3517 5679 mortuis,
3543 5620 3600 5669 et

2048 5768 2091 5801 ¹⁶
2114 5768 2270 5826 Joan.
2297 5787 2350 5839 ι,
2390 5771 2473 5827 18.
