3986 6566
291 323 392 388 537

1367 319 1764 382 (ECUMENII
1791 319 2082 380 TRICCE
2114 319 2456 382 EPISCOPI

3445 324 3552 390 528

287 463 440 520 dedit
468 460 572 533 ipsi
605 459 832 533 gloriam
872 477 888 515 :
931 470 990 516 ut
1021 475 1146 516 cum
1193 459 1617 532 puriﬁcaveritis
1653 459 1870 514 animas

1987 459 2060 511 ἵνα
2087 460 2373 530 ἡγνικότες
2403 461 2502 524 τὰς
2532 460 2710 532 ψυχὰς
2763 459 2920 532 ὑμῶν
2963 461 3024 516 τὸ
3068 463 3198 535 γὰρ,
3233 460 3408 530 ὥστε,
3440 466 3564 524 ἀντὶ

289 567 500 618 νεεῑτεε
544 554 841 626 (siquidem
881 556 1023 609 ὥστε
1064 555 1282 625 capitur
1323 568 1425 623 pro
1465 551 1556 624 Ut)
1610 564 1709 622 per
1736 552 1873 606 obe-

289 650 552 707 dientiam
585 649 835 704 veritatis
874 647 1036 703 tidem
1073 656 1308 702 vestram
1345 660 1410 700 ac
1439 660 1591 715 spem
1625 644 1874 700 habeatis

289 743 344 797 in
377 742 572 798 Deum.
606 740 887 812 Accipitur
916 754 1154 810 namque
1181 735 1321 793 εἶναι
1352 753 1452 807 pro
1478 738 1702 802 habere,
1744 753 1872 808 pro-

291 846 413 907 pter
440 835 512 891 Ut
538 834 874 906 praecedens.
911 831 969 886 Si
998 832 1146 886 enim
1177 829 1318 883 ὥστε
1351 837 1409 883 ut
1435 829 1676 900 positum
1707 836 1791 883 est
1818 829 1873 881 in

291 944 391 984 suo
430 926 736 1000 signiﬁcato
767 924 1131 992 relinquatur,
1159 922 1392 977 barbara
1419 932 1474 977 et
1503 921 1877 993 inintelligibi-

291 1021 360 1076 lis
397 1021 501 1076 erit
542 1018 833 1076 sententia.
893 1036 914 1070 ι
967 1017 1050 1071 Ad
1107 1016 1429 1072 charitatem
1482 1014 1800 1070 fraternam.
1850 1033 1869 1066 ι

291 1114 508 1186 integre
537 1113 641 1169 hoc
667 1112 828 1167 modo
854 1110 1147 1166 dicendum
1179 1118 1263 1166 est
1294 1127 1309 1164 :
1344 1110 1417 1166 Ut
1445 1109 1605 1165 fidem
1635 1119 1874 1165 vestram

292 1219 359 1259 ac
403 1217 556 1274 spem
604 1201 852 1256 habeatis
899 1199 955 1254 in
1008 1198 1202 1262 Deum,
1248 1216 1372 1256 cum
1413 1201 1625 1254 animas
1663 1208 1876 1254 vestras

293 1297 712 1370 purificaveritis
756 1311 853 1366 per
897 1295 1266 1352 obedientiam
1307 1295 1578 1362 veritatis,
1622 1295 1726 1350 hoc
1768 1304 1872 1360 est,

294 1405 419 1445 cum
446 1404 545 1444 vos
572 1388 720 1459 ipsos
738 1387 1160 1457 composueritis
1181 1387 1247 1440 ad
1273 1386 1638 1442 obediendum
1666 1384 1878 1439 veritati

293 1498 394 1553 per
429 1480 702 1552 spiritum.
735 1479 832 1534 Est
869 1479 1016 1534 enim
1061 1489 1118 1534 et
1158 1478 1470 1534 obedientia
1519 1478 1576 1532 in
1620 1477 1776 1531 malis
1814 1491 1879 1531 ac

295 1573 677 1637 mendacibus,
708 1587 829 1642 quas
857 1587 969 1627 non
1004 1580 1086 1626 est
1113 1579 1212 1640 per
1236 1571 1514 1642 spiritum,
1545 1570 1599 1624 id
1630 1578 1732 1636 est,
1767 1584 1876 1624 non

295 1677 382 1724 est
413 1666 736 1737 spiritualis.
770 1665 1036 1732 Quoniam
1079 1673 1260 1720 autem
1300 1663 1609 1734 purificatio
1643 1661 1712 1716 ad
1751 1661 1880 1715 obe-

297 1759 557 1814 dientiam
595 1759 712 1812 sive
753 1755 1102 1826 praeparatio,
1139 1754 1482 1822 exercitium,
1524 1766 1676 1818 cura,
1713 1751 1878 1823 492

1980 550 2074 604 τοῦ
2109 551 2218 616 ἵνα,
2257 551 2536 622 εἴληπται)
2569 553 2626 604 ἐν
2671 555 2738 623 τῇ
2791 553 3003 624 ὑπακοῇ
3029 553 3127 624 τῆς
3157 551 3415 624 ἀληθείας
3464 554 3562 629 τὴν

1983 642 2168 697 πίστιν
2195 644 2350 713 ὑμῶν
2379 644 2564 714 ἔχητε,
2608 645 2702 698 καὶ
2731 643 2830 714 τὴν
2861 645 3051 698 ἐλπίδα
3086 647 3165 708 είς
3192 645 3346 699 Θεόν.
3378 646 3564 700 Μετα-

1981 733 2250 804 λαμϐάνει
2284 735 2393 805 γὰρ
2443 737 2539 787 καὶ
2589 735 2668 800 τὸ,
2712 731 2886 801 εἶναι,
2932 737 3016 800 είς
3037 736 3097 789 τὸ
3135 737 3300 806 ἔχειν,
3342 737 3430 790 διά
3476 739 3561 802 τὸ,

1982 829 2090 883 ἵνα.
2145 831 2417 900 Κειμένου
2471 833 2581 902 γὰρ
2629 832 2744 897 τοῦ,
2793 833 2955 900 ὥστε,
2987 836 3081 887 καὶ
3133 835 3411 907 βάρϐαρον
3468 837 3566 891 καὶ⁷

1983 919 2302 991 ἀδιανόητον
2337 922 2398 975 τὸ
2447 923 2630 994 ῥητόν.
2671 942 2689 976 ι
2728 926 2820 988 Ei;
2859 926 3236 996 φιλαδελφίαν.
3267 947 3285 980 ι
3343 927 3416 981 Τὸ
3445 929 3567 982 ὅλον

1983 1011 2176 1076 οὕτως·
2214 1015 2332 1068 Ἵνα
2369 1014 2466 1086 τὴν
2499 1016 2681 1070 πίστιν
2733 1018 2889 1088 ὑμῶν
2927 1021 3022 1074 καὶ
3060 1022 3251 1076 ἐλπίδα
3282 1021 3443 1093 ἔχητε
3486 1025 3566 1087 είς

1982 1103 2118 1158 Θεὸν
2142 1107 2428 1176 ἡγνικότες
2477 1108 2574 1171 τὰς
2607 1108 2785 1180 ψυχὰς
2809 1108 2964 1180 ὑμῶν
3004 1113 3062 1164 ἐν
3086 1115 3149 1184 τῇ
3191 1112 3405 1185 ὑπακοῇ
3464 1115 3567 1181 τῆς

1985 1197 2264 1268 ἀληθείας.
2312 1200 2594 1267 Τουτέστι,
2634 1205 3180 1274 προκαταρτίσαντες
3233 1204 3462 1270 ἑαυτοὺς
3487 1207 3569 1267 είς

1986 1289 2235 1362 ὑπακοὴν
2268 1291 2524 1363 ἀληθείας
2569 1295 2654 1348 διά
2703 1296 3036 1366 πνεύματος.
3099 1299 3258 1350 Ἔστι
3305 1298 3414 1370 γάρ
3470 1299 3568 1352 καὶ

1987 1383 2204 1453 ὑπακοὴ
2253 1384 2346 1436 ἐπὶ
2405 1389 2664 1456 πονηροῖς
2710 1389 2804 1441 καὶ
2860 1388 3133 1458 ψευδέσιν,
3190 1389 3314 1460 ἥτις
3361 1389 3420 1442 οὑ
3477 1391 3568 1442 διὰ

1987 1474 2322 1546 πνεύματος,
2354 1478 2656 1544 τουτέστιν,
2686 1480 2747 1532 οὑ
2773 1484 3139 1552 πνευματική.
3185 1483 3404 1554 Ἐπειδὴ
3441 1483 3496 1536 δὲ
3539 1485 3570 1536 ό

1987 1570 2068 1630 εἰς
2101 1568 2348 1639 ὑπακοὴν
2373 1571 2660 1640 άγνισμδς,
2696 1573 2815 1643 ἦτοι
2842 1574 2872 1644 ἡ
2897 1577 3243 1644 παρασκευὴ,
3282 1576 3314 1645 ἠ
3349 1591 3567 1642 γυμνα-

1989 1655 2100 1719 σία,
2137 1659 2170 1726 ἡ
2217 1659 2438 1729 μελέτη,
2476 1659 2707 1725 πολλοὺς
2733 1662 2828 1715 καὶ
2851 1662 3043 1728 ἄλλους
3091 1664 3236 1733 φιλεῖ
3272 1665 3568 1735 συνεργοὺς

1989 1749 2350 1816 ἐπισπᾶσθαι,
2401 1754 2450 1804 εἰ
2487 1754 2672 1821 μέλλοι
2705 1757 3048 1828 πνευματικὴ
3089 1757 3222 1810 οὖσα
3260 1757 3358 1810 καὶ
3395 1757 3564 1827 ἄφθο-

298 1852 502 1907 multos
541 1849 702 1904 etiam
756 1849 893 1903 alios
941 1848 1092 1918 cupit
1148 1847 1427 1916 adjutores
1487 1844 1785 1909 attrahere,
1833 1843 1878 1897 si

1987 1859 2073 1906 νος
2104 1839 2264 1897 εἶναι.
2300 1843 2471 1898 Τοῦτο
2495 1846 2550 1899 δὲ
2581 1845 2744 1918 ἔργον
2771 1848 3147 1917 φιλαδελφῖας,
3169 1851 3229 1903 τὸ
3265 1849 3374 1903 τῶν
3405 1851 3571 1921 εὑρη·

299 1943 463 1998 modo
509 1940 812 2012 spiritualis
863 1939 934 1994 sit
977 1947 1032 1996 et
1072 1937 1277 1993 invidia
1321 1951 1564 1993 carens:
1603 1934 1658 1990 id
1693 1943 1879 1990 autem

298 2033 526 2090 fraterni
556 2030 761 2087 amoris
785 2045 922 2100 opus
945 2037 1049 2095 est,
1074 2028 1386 2099 proximum
1416 2024 1630 2082 efficere
1657 2025 1884 2096 partici-

299 2143 425 2196 pem
456 2126 726 2180 bonorum
757 2138 877 2193 qua:
909 2133 1104 2176 nactus
1131 2129 1216 2177 est
1242 2119 1510 2191 quispiam
1543 2131 1560 2174 :
1592 2127 1881 2190 propterea

300 2215 582 2288 subiungit
631 2232 650 2272 :
699 2214 781 2268 Ad
827 2212 1150 2268 charitatem
1199 2209 1494 2266 fraternam
1534 2209 1882 2265 simulatione

299 2319 600 2368 carentem.
654 2306 947 2377 Subjungit
999 2313 1184 2360 autem
1236 2305 1342 2360 hoc
1391 2319 1491 2375 per
1547 2303 1820 2359 defectum
1865 2319 1880 2361 :

299 2417 429 2456 nam
467 2400 522 2455 id
553 2399 729 2455 beatis
773 2397 1031 2468 apostolis
1071 2395 1341 2452 familiare
1381 2404 1489 2462 est,
1527 2395 1883 2465 quemadmo-

302 2497 431 2552 dum
462 2494 626 2549 etiam
661 2493 804 2563 apud
845 2492 1062 2546 beatum
1094 2489 1356 2546 Jacobum
1397 2489 1647 2554 habetur,
1693 2506 1712 2540 ι
1751 2486 1884 2553 Quis

302 2587 523 2656 sapiens
556 2585 703 2640 inter
734 2597 832 2637 vos
857 2590 912 2636 et
965 2581 1196 2636 scientia
1227 2580 1490 2651 praeditus
1510 2580 1588 2633 ιιι
1613 2599 1632 2631 ›
1670 2579 1735 2633 Et
1764 2594 1887 2634 rur-

305 2695 468 2738 sum:
529 2695 550 2731 ι
589 2676 746 2747 Agite
775 2668 923 2729 nunc
956 2673 1046 2743 qui
1082 2673 1281 2738 dicitis,
1311 2670 1485 2728 Hodie
1522 2679 1580 2726 et
1617 2687 1739 2727 cras
1766 2672 1829 2736 ",
1858 2689 1878 2724 ι

304 2772 584 2842 multaque
615 2769 716 2823 alia
760 2765 1096 2836 huiusmodi.
1142 2763 1299 2831 Quod
1343 2772 1528 2820 autem
1568 2762 1885 2834 spirituales

303 2868 540 2924 debeant
564 2859 801 2916 vicissim
831 2858 968 2914 alios
997 2857 1145 2913 omni
1175 2857 1356 2913 studio
1390 2858 1659 2912 honorum
1694 2855 1886 2926 acqui-

307 2959 536 3015 sitorum
574 2957 755 3012 facere
792 2951 1104 3025 participes,
1146 2948 1361 3004 discere
1388 2949 1517 3003 licet
1545 2964 1614 3003 ex
1647 2947 1732 3003 bis
1765 2962 1888 3018 quae

303 3049 410 3106 alio
449 3049 570 3105 loco
607 3048 741 3103 dicit
769 3063 786 3102 :
825 3063 843 3097 ι
865 3042 1166 3100 Considero
1183 3041 1398 3112 quidem
1418 3049 1637 3095 mutuos
1670 3054 1792 3096 esse
1819 3039 1888 3094 ad

304 3141 744 3212 provocationem
770 3134 1071 3198 charitatis,
1101 3151 1120 3186 ι
1152 3133 1256 3188 hoc
1288 3141 1392 3198 est,
1422 3131 1490 3186 ad
1513 3133 1886 3188 exacuendum

304 3242 361 3287 et
389 3231 738 3287 excitandum
775 3229 944 3283 illam.
999 3224 1296 3296 Propterea
1343 3223 1488 3292 quod
1536 3223 1717 3278 omnis
1757 3238 1886 3280 caro

307 3342 531 3398 gramen
553 3325 642 3381 sit.
667 3323 803 3380 Cum
825 3323 1071 3386 dixisset,
1095 3337 1115 3371 ι
1139 3301 1331 3373 Ιίειιιιιί
1355 3333 1465 3373 non
1499 3318 1710 3372 semine
1739 3332 1886 3371 mor-

308 3421 403 3475 tali
439 3419 534 3474 sed
568 3415 882 3481 immortali,
929 3427 1027 3485 per
1067 3425 1375 3467 sermonem
1415 3409 1509 3464 Dei
1557 3409 1792 3464 viventis
1823 3424 1886 3463 ac

307 3509 682 3577 permanentis
727 3510 783 3562 in
829 3514 1118 3571 aeternum,
1156 3521 1175 3555 ι
1209 3503 1358 3558 addit
1386 3501 1551 3556 etiam
1582 3500 1886 3572 dejiciendo

308 3619 372 3658 ac
399 3597 802 3658 contemnendo
835 3597 1087 3651 humanae
1124 3593 1306 3666 glarize
1340 3593 1552 3648 facilem
1581 3591 1888 3661 corruptio-

308 3710 456 3758 nem,
497 3700 555 3748 et
603 3701 664 3748 ut
713 3691 786 3746 ita
835 3689 1070 3754 dicatur,
1131 3701 1243 3743 non
1297 3685 1728 3750 subsistentiam,
1783 3686 1886 3741 hac

308 3786 588 3842 auditores
635 3783 903 3849 alliciens,
955 3789 1018 3836 ut
1073 3779 1160 3835 bis
1215 3778 1528 3833 adhaereant
1573 3792 1697 3848 qua:
1743 3791 1772 3830 a
1825 3790 1888 3831 se

307 3877 584 3949 proposita
631 3883 790 3940 sunt,
841 3881 899 3928 ut
942 3885 1065 3943 quae
1113 3869 1520 3925 subsistentiam
1580 3869 1783 3924 habent
1823 3883 1887 3924 ac

306 3966 748 4040 perpetuitatem.
779 3965 979 4019 Eorum
1004 3969 1185 4016 autem
1213 3975 1334 4031 quae
1370 3959 1439 4014 ad
1475 3959 1884 4030 corruptionem

306 4059 638 4131 perveniunt
675 4055 1048 4119 subsistentia,
1084 4053 1285 4110 dicitur
1325 4052 1412 4107 hic
1441 4067 1665 4124 gramen
1699 4061 1753 4106 et
1786 4052 1883 4107 llos

307 4154 589 4225 graminis.
620 4151 791 4208 Porro
819 4149 1071 4206 debilitas
1111 4145 1481 4203 subsistentia
1523 4143 1781 4216 graminis
1814 4143 1883 4198 ad

307 4245 569 4314 majorem
601 4242 871 4300 sermonis
899 4241 1062 4296 ﬁdem
1090 4238 1379 4294 adducitur
1414 4251 1430 4291 :
1463 4237 1662 4306 quibus
1695 4243 1751 4289 et
1781 4233 1885 4287 Da-

304 4339 393 4394 vid
423 4345 662 4392 nostr-am
683 4342 962 4405 comparat
981 4333 1148 4388 vitam
1169 4332 1233 4385 ".
1262 4330 1368 4386 Ubi
1399 4344 1530 4384 vero
1554 4328 1692 4385 adeo
1717 4326 1880 4382 vilem

304 4428 543 4484 ostendit
571 4426 793 4497 gloriam
820 4432 1089 4486 nostram,
1131 4420 1330 4491 repetit
1365 4433 1582 4474 rursum
1621 4434 1684 4474 ac
1722 4418 1883 4473 docet

1987 1935 2164 2004 μένων
2217 1935 2329 1988 τινὶ
2373 1938 2597 2005 ἀγαθῶν
2648 1941 2743 1992 καὶ
2773 1940 2851 2012 τῷ
2901 1941 3129 2012 πλησίον
3201 1943 3564 2012 μεταδιδόναι.

1983 2026 2080 2078 Διά
2117 2025 2278 2078 τοῦτο
2310 2027 2510 2095 ἐπάγει
2541 2028 2621 2095 τὸ,
2670 2028 2765 2093 Ei;
2799 2029 3154 2101 φιλαδελφίαν
3182 2033 3564 2103 ἀνυπόκριτον.

1996 2116 2224 2184 Ἐπάγει
2269 2116 2327 2171 δὲ
2365 2119 2772 2183 ἀποστατικῶς.
2831 2123 3052 2195 ’ἰδίωμα
3105 2125 3214 2193 γὰρ
3262 2124 3422 2177 τοῦτο
3459 2125 3568 2176 τῶν

1987 2208 2276 2278 μακαρίων
2303 2209 2640 2276 ἀποστόλων,
2675 2211 2752 2276 ὡς
2791 2212 2905 2283 ἔχει
2945 2216 3040 2268 καὶ
3068 2215 3217 2284 παρὰ
3266 2215 3345 2285 τῷ
3387 2232 3569 2285 μακα-

1987 2298 2086 2368 ρίῳ
2114 2298 2353 2370 Ἰακώϐῳ
2372 2300 2454 2367 τὸ,
2481 2319 2499 2353 ι
2524 2301 2620 2365 Τίς
2637 2303 2798 2372 σοφὸς
2820 2306 2876 2359 ἐν
2905 2304 3033 2375 ὑμῖν
3059 2307 3153 2358 καὶ
3175 2308 3491 2376 ἐπιστήμων
3513 2322 3562 2371 ;»

1985 2390 2098 2444 Καὶ
2119 2391 2201 2454 τὸ,
2240 2393 2409 2460 «Ἄγε
2438 2393 2532 2448 νῦν
2554 2397 2600 2448 οἱ
2632 2395 2904 2465 λέγοντες,
2930 2399 3178 2469 Σήμερον
3202 2399 3295 2452 καὶ
3319 2397 3528 2470 αὔριον,
3544 2417 3563 2450 ι

1985 2485 2080 2536 καὶ
2123 2482 2297 2539 πολλὰ
2345 2483 2507 2556 ἕτερα
2560 2486 2804 2543 τοιαῦτα.
2845 2488 2969 2542 Ὅτι
3008 2489 3066 2542 δὲ
3109 2491 3158 2542 οἱ
3209 2490 3570 2560 πνευματικοὶ

1985 2574 2259 2641 ὀφείλουσι
2288 2576 2398 2630 τῶν
2449 2579 2771 2648 εὑρημένων
2817 2579 3038 2649 ἀγαθῶν
3085 2581 3335 2651 ἀλλήλοις
3363 2581 3569 2650 σπουδῇ

1987 2670 2136 2740 πασῃ
2176 2670 2537 2740 μεταδιδόναι,
2574 2673 2766 2742 μάθοις
2789 2673 2882 2742 ἀφ’
2909 2668 2984 2729 ὧν
3011 2677 3104 2728 καὶ
3120 2677 3178 2728 ἐν
3212 2676 3385 2746 ἑτέρῳ
3410 2676 3564 2744 φησί’

1993 2777 2012 2810 ι
2040 2760 2302 2814 Κατανοῶ
2362 2761 2464 2830 μὲν
2541 2763 2801 2836 ἀλλήλους
2859 2765 2938 2829 είς
3019 2767 3367 2836 παροξυσμδν
3431 2767 3572 2834 ἀγά-

1989 2868 2120 2922 πης,
2147 2854 2475 2920 ιτοὺτεστιν,
2494 2857 2572 2919 είς
2595 2857 2925 2927 παράθηξιν,
2941 2859 3019 2922 εἰς
3049 2859 3340 2931 διέγερσιν.
3361 2858 3567 2922 Εἰπὼν,

1994 2963 2012 2997 ι
2071 2947 2564 3017 Ἀναγεγενημένοι
2599 2950 2698 3002 οὑκ
2746 2952 2810 3004 ἐκ
2843 2953 3051 3024 σπορᾶς
3102 2952 3372 3024 φθαρτῆς,
3431 2951 3569 3004 ἀλλά

1992 3038 2270 3111 ἀφθάρτου
2332 3040 2420 3093 διὰ
2479 3040 2638 3110 λόγου
2687 3040 2891 3108 ζῶντος
2951 3045 3087 3098 θεοῦ
3159 3047 3252 3097 καὶ
3316 3047 3569 3115 μένοντος

1917 3174 1962 3236 C
1995 3135 2075 3228 είς
2105 3131 2418 3236 tibi/“aldina,
2459 3149 2479 3184 ι
2525 3134 2894 3205 παρατίθησιν
2915 3133 3342 3200 ὲξουδενωτικῶς
3375 3136 3470 3189 καὶ
3507 3136 3571 3188 τὸ

1993 3217 2090 3286 τῆς
2117 3217 2463 3289 ἀνθρωπίνης
2505 3218 2662 3291 δόξης
2707 3222 3036 3295 εὑφθαρτον,
3069 3227 3164 3278 καὶ
3206 3221 3319 3278 οἷον
3366 3228 3563 3286 είπείν,

1988 3309 2360 3380 ἀνύπαρκτον,
2393 3311 2568 3385 ταύτῃ
2590 3315 2716 3377 τοὺς
2759 3316 3036 3387 ἀκροατὰς
3065 3316 3432 3387 ὑπολιχνεὺων
3460 3316 3571 3368 τῶν

1989 3403 2454 3478 προϐεϐλημένων
2485 3409 2577 3461 ὑπ’
2611 3409 2774 3462 αὑτοῦ
2812 3409 3052 3480 ἔχεσθαι,
3104 3410 3180 3473 ὡς
3233 3409 3340 3463 τῶν
3369 3411 3467 3481 μὲν
3505 3411 3566 3462 τὸ

1989 3494 2164 3562 ἑστὼς
2192 3499 2533 3569 ὲχόντωνκαὶ
2553 3501 2992 3569 διαιωνιζόντων,
3026 3501 3135 3555 τῶν
3163 3503 3218 3555 δὲ
3255 3501 3566 3573 φθανόντων

1988 3592 2053 3658 τῇ
2110 3590 2285 3661 φθορᾷ
2339 3592 2437 3663 τὴν
2495 3593 2814 3648 ὑπόστασιν.
2884 3595 3090 3666 Χόρτος
3152 3596 3409 3659 ἐνταῦθα,
3472 3600 3568 3649 καί

1988 3680 2146 3744 ἀνθος
2204 3683 2425 3753 χόρτου,
2482 3684 2543 3738 τὸ
2577 3687 2670 3738 καὶ
2723 3683 2818 3738 τοῦ
2857 3686 3052 3758 χόρτου
3111 3687 3247 3756 πρὸς
3331 3685 3567 3756 ὓπαρξιν

1988 3774 2378 3849 ἀσθενέστερον
2401 3779 2482 3841 εἰς
2507 3779 2690 3832 πίστιν
2715 3778 2806 3832 τοῦ
2829 3779 2988 3847 λόγου
3015 3780 3346 3850 παράγεται·
3362 3773 3442 3842 οἷς
3470 3781 3566 3831 καὶ

1987 3867 2153 3920 Δαυ¹ιδ
2178 3870 2281 3940 τὴν
2317 3871 2441 3924 καθ’
2477 3872 2625 3941 ἡμᾶς
2654 3871 2943 3936 ἀπεικάζει
2973 3870 3140 3943 ζωήν.
3174 3872 3350 3925 Ὅπου
3378 3872 3436 3925 δὲ
3466 3871 3568 3942 τὴν

1986 3957 2144 4026 δόξαν
2180 3960 2340 4031 ήμῶν
2361 3961 2640 4026 εὑτελίσας
2669 3963 3041 4034 ἀναλαμϐάνει
3089 3964 3251 4016 πάλιν
3297 3967 3392 4018 καί
3421 3965 3566 4017 διδά-

1989 4067 2110 4106 σκει
2140 4055 2495 4126 σαφέστερον,
2527 4057 2581 4110 τί
2605 4058 2721 4110 ἐστι
2743 4057 2803 4110 τὸ
2842 4059 3218 4128 ἀναγεννήσαν
3257 4057 3457 4119 αὑτοὺς
3479 4058 3566 4109 διὰ

1986 4143 2146 4212 λόγου
2179 4145 2380 4211 ζῶντος
2403 4146 2540 4202 Θεοῦ
2562 4149 2658 4202 καὶ
2691 4148 2946 4218 μένοντος
2991 4151 3072 4212 εἰς
3098 4149 3190 4202 τὸν
3222 4148 3425 4202 αἰῶνα·
3472 4149 3566 4202 καὶ

1987 4240 2122 4308 φησί
2164 4254 2179 4268 ·
2223 4256 2243 4292 σ
2271 4239 2442 4294 Τοῦτο
2466 4240 2521 4293 δέ
2551 4241 2667 4294 ἐστι
2697 4241 2758 4294 τὸ
2796 4241 2947 4313 ῥῆμα
2974 4241 3035 4294 τὸ
3067 4240 3454 4309 εὐαγγελισθὲν
3487 4243 3567 4304 εἰς

1988 4325 2151 4400 ὑμᾶς.
2181 4349 2201 4384 ι
2237 4333 2332 4396 Είς
2355 4332 2445 4386 τὸν
2475 4334 2645 4387 αἰῶνα
2669 4333 2724 4387 δὲ
2755 4335 2938 4405 μένειν
2968 4333 3100 4388 αὐτὸ
3137 4333 3564 4399 διαϐεϐαιοῦται,

1989 4421 2299 4492 συμφώνως
2320 4423 2398 4494 τῷ
2423 4425 2633 4496 Κυρίῳ.
2663 4428 2774 4480 Καὶ
2790 4426 2898 4497 γὰρ
2921 4428 3016 4480 καὶ
3037 4427 3198 4489 αὑτός
3220 4441 3408 4499 φησιν’
3449 4443 3470 4477 1
3504 4424 3562 4477 '0

306 4521 552 4592 apertius
589 4518 718 4586 quid
763 4518 831 4574 sit
868 4515 1013 4586 quod
1052 4513 1202 4584 ipsos
1250 4513 1589 4584 regeneravit
1631 4526 1728 4582 per
1767 4526 1880 4566 ser-

1987 4515 2216 4586 οὑρανὸς
2253 4515 2348 4570 καὶ
2385 4517 2420 4587 ἡ
2453 4518 2522 4587 γῆ
2563 4518 2983 4588 παρελεύσεται,
3027 4519 3080 4571 οἱ
3108 4518 3165 4571 δὲ
3189 4519 3335 4587 λόγοι
3371 4535 3476 4587 μου
3500 4518 3561 4570 οὐ

304 4625 526 4667 monem
560 4607 656 4662 Dei
695 4605 927 4661 viventis
951 4618 1015 4659 ac
1045 4611 1452 4672 permanentem
1486 4601 1542 4655 in
1584 4609 1875 4664 aeternum,

283 4711 359 4759 ιει
389 4704 462 4758 ait
499 4717 514 4756 :
560 4717 580 4753 ι
605 4697 716 4754 Hoc
750 4706 930 4752 autem
972 4701 1058 4750 est
1086 4694 1309 4749 verbum
1332 4691 1475 4763 quod
1495 4691 1877 4746 annuntiatum

303 4805 389 4852 est
426 4795 493 4850 ad
513 4808 626 4849 vos.
669 4789 865 4855 sQuod
889 4797 1072 4843 autem
1120 4793 1440 4858 permaneat
1486 4785 1542 4839 in
1589 4793 1879 4852 aeternum,

303 4887 592 4942 confirmat
629 4882 744 4953 pari
789 4880 951 4935 modo
994 4894 1118 4935 cum
1165 4877 1419 4933 Domino.
1487 4875 1621 4932 Nam
1671 4885 1726 4932 et
1766 4877 1882 4946 ipse

301 4979 428 5032 ait:
476 4995 494 5028 ι
527 4976 736 5030 (ῖωιιιῐιι
781 4985 835 5028 et
894 4981 1035 5028 terra
1082 4971 1415 5036 transibunt,
1477 4971 1642 5026 verba
1697 4979 1880 5025 autem

301 5083 424 5125 mea
479 5082 586 5119 non
643 5063 998 5134 praeteribunt
1024 5063 1092 5118 “.
1137 5082 1156 5115 ι
1221 5061 1372 5118 Scire
1421 5071 1606 5117 autem
1660 5071 1880 5133 oportet

305 5159 449 5229 quod
485 5156 638 5221 illud,
685 5155 766 5210 Ad
809 5153 1124 5209 charitatem
1164 5153 1458 5209 fraternam
1507 5154 1577 5209 ab
1616 5153 1765 5209 omni
1805 5155 1878 5210 si-

305 5251 605 5308 mulatione
638 5249 892 5311 alienam,
933 5249 1006 5302 ita
1050 5248 1278 5318 proferri
1316 5249 1480 5306 debet
1510 5265 1522 5298 :
1558 5250 1638 5305 Ex
1673 5251 1879 5306 mundo

306 5341 474 5401 corde
506 5355 601 5396 vos
638 5341 870 5396 invicem
905 5339 1111 5412 diligite
1154 5341 1399 5412 impense
1445 5343 1512 5397 ad
1558 5343 1878 5399 charitatem

305 5435 601 5492 fraternam
636 5437 703 5490 ab
733 5432 880 5490 omni
913 5432 1256 5488 simulatione
1296 5435 1548 5490 alienam.
1601 5435 1879 5506 Siquidem

303 5528 441 5586 tales
470 5543 653 5584 rerum
692 5527 868 5584 exitus
907 5525 1171 5597 consequi
1201 5527 1378 5583 solent
1411 5528 1590 5598 qualia
1628 5538 1758 5583 sunt
1790 5529 1879 5583 illa

301 5635 426 5694 qua
456 5630 678 5692 propter
706 5619 849 5690 ipsas
888 5628 1191 5676 tractantur
1233 5635 1297 5676 ac
1341 5631 1694 5692 peraguntur.
1725 5621 1878 5688 Quo-

1989 4606 2064 4678 μὴ
2103 4608 2470 4678 παρέλθωσιν.
2511 4628 2530 4660 ι
2583 4609 2675 4662 Δεῖ
2721 4609 2776 4662 δὲ
2809 4610 3009 4664 εἰδέναι
3035 4611 3119 4664 ὅτι
3151 4611 3237 4677 τὸ,
3274 4610 3369 4673 EE;
3402 4610 3562 4678 φιλα-

1985 4700 2208 4770 δελφίαν
2239 4701 2622 4773 ἀνυπόκριτον,
2657 4701 2802 4756 οὕτω
2831 4705 2940 4774 χρὴ
2969 4703 3290 4774 προφέρειν·
3336 4703 3431 4756 Ἐκ
3461 4719 3566 4755 κα-

1985 4791 2158 4864 θαρᾶς
2202 4795 2431 4865 καρδίας
2486 4795 2750 4865 ἀλλήλους
2797 4796 3123 4866 ἀγαπήσατε
3169 4793 3426 4858 ἐκτενῶς,
3485 4796 3564 4856 είς

1984 4885 2340 4955 φιλαδελφίαν
2394 4888 2784 4959 ἀνυπόκριτον.
2845 4890 2910 4941 Ai
2975 4889 3087 4960 γάρ
3144 4887 3398 4949 ἐκϐάσεις
3455 4886 3562 4938 τῶν

1985 4979 2332 5050 πραγμάτων
2389 4979 2780 5033 ἐπακολουθεῖν
2829 4979 3056 5034 εἰώθασι
3113 4980 3230 5042 τοῖς
3274 4976 3342 5030 δι’
3394 4977 3564 5038 αὑτὰς

1985 5071 2560 5142 πραγματευομένοις.
2611 5072 2766 5125 Ἐπεὶ
2817 5068 2911 5126 οὖν
2935 5076 3002 5144 τῇ
3037 5073 3103 5126 ὲκ
3137 5071 3394 5141 ,καθαρᾶς
3433 5085 3566 5139 καρ-

1984 5159 2104 5222 δίας
2138 5159 2387 5231 ἀλλήλων
2420 5162 2630 5215 ἐκτενεί
2681 5163 2868 5234 ἀγάπῃ
2915 5165 2948 5234 ἡ
3013 5162 3374 5231 ἀνυπόκριτος
3431 5161 3559 5212 ἑπα-

1985 5251 2236 5306 κολουθεῖ
2269 5251 2616 5327 φιλαδελφία,
2665 5252 2848 5316 καλῶς
2880 5253 3011 5325 ἔχει,
3053 5252 3303 5323 ἡγεῖσθαι
3337 5253 3436 5321 μὲν
3466 5249 3557 5315 τὸ,

1991 5344 2086 5398 Ἐκ
2100 5345 2346 5415 καθαρᾶς
2363 5347 2609 5416 καρδίας,
2642 5346 2871 5400 ἕπεσθαι
2893 5346 2950 5398 δὲ
2977 5345 3037 5398 τὸ
3063 5346 3155 5408 Εἰς
3184 5342 3560 5414 φιλαδελφίαν.

1991 5435 2426 5507 Ἐπισημαντέον
2459 5439 2558 5506 μέν
2595 5455 2678 5491 τοι
2723 5439 2802 5491 ὅτι
2851 5439 2945 5491 καὶ
2992 5438 3112 5506 τὴν,
3141 5438 3246 5502 είς,
3307 5433 3564 5505 πρόθεσιν

1993 5530 2405 5601 μεταλαμϐάνει
2457 5532 2537 5594 εἰς
2584 5532 2706 5604 τὴν,
2761 5531 2879 5599 διὰ,
2935 5531 3026 5586 ἶνα
3075 5525 3261 5606 ᾖ,Διά
3313 5525 3560 5598 φιλαδελ·

1987 5621 2138 5691 φίαν.

303 5713 455 5773 niam
493 5714 656 5785 igitur
695 5714 761 5769 ad
804 5715 1103 5786 impensam
1136 5715 1483 5772 dilectionem
1518 5724 1760 5771 mutuam
1801 5731 1868 5770 ex
1907 5717 2114 5773 mundo
2144 5717 2329 5783 corde,
2367 5719 2725 5788 consequitur
2758 5719 2999 5779 fraterna
3066 5719 3306 5776 charitas
3371 5715 3558 5775 simul-

378 5831 426 5866 "
461 5832 576 5891 Jac.
611 5846 696 5902 tu,
728 5831 818 5889 l3.
896 5833 940 5866 ¹⁶
965 5831 1080 5891 Jac.
1113 5833 1222 5908 v,4l
1278 5848 1398 5906 seq.
1475 5832 1683 5891 "Psal.
1712 5850 1895 5904 xxxvr,
1924 5835 1949 5898 1
1979 5849 2134 5906 seqq.
2215 5836 2259 5870 "
2287 5835 2479 5893 Matth.
2508 5852 2656 5902 niv,
2680 5836 2770 5894 '55.
