3986 6570
356 442 467 508 5ἒ9

1425 450 1811 517 COMMENT.
1830 453 1913 517 IN
1936 453 2172 517 EPIST.
2188 456 2217 516 Ι
2257 451 2318 516 S.
2344 455 2605 519 PETRI.

3520 454 3628 520 530

354 555 577 612 lationis
624 555 836 623 nescia,
883 564 1034 612 recte
1079 552 1141 611 ﬁt
1181 568 1243 614 ut
1285 562 1560 631 praecedat
1605 562 1686 620 Ex
1730 565 1937 622 mundo
1976 565 2162 632 corde,
2188 574 2245 623 et
2272 576 2555 639 sequatur,
2580 564 2663 622 Ad
2688 566 3016 623 cbaritatetn
3081 563 3400 622 fraternam.
3463 566 3629 640 ωδ

351 649 911 705 Animadvertendum
952 661 1133 707 autem
1170 650 1315 721 quod
1348 654 1792 724 praepositionem
1864 657 1965 722 εἰς,
2046 656 2099 712 id
2129 666 2232 724 est,
2264 659 2354 725 ad,
2386 658 2710 716 transmittit
2743 660 2798 715 in
2832 657 2943 725 διὰ,
2976 657 3032 715 id
3063 669 3165 728 est,
3200 667 3443 731 propter,
3474 669 3536 716 ut
3559 659 3632 716 sit

351 762 550 803 sensus
578 765 592 803 :
622 745 859 818 Propter
885 747 1211 804 charitatem
1245 749 1565 806 fraternam.

972 908 1221 963 ΚΕΦΑΛ.
1251 909 1327 964 I".

357 1043 495 1114 Περι
520 1044 630 1120 τοῦ
651 1044 920 1120 ἐπαξίως
967 1045 1076 1120 τῆς
1108 1050 1415 1120 υἱοθεσίας
1451 1047 1569 1118 ζῇν·
1598 1050 1669 1104 ἐν
1718 1049 1950 1120 Χριστῷ

424 1118 579 1241 εὗρός
632 1115 931 1185 ὠφέλειαν
981 1118 1083 1171 καί
1135 1117 1255 1173 τῶν
1309 1115 1533 1186 ἔξωθέν
1566 1121 1717 1191 πρὸς
1760 1115 1953 1187 δόξαν

477 1205 603 1241 sou.

477 1205 603 1242 εου.

440 1301 826 1370 Ἀποθέμενοι
841 1298 955 1358 οὖν
967 1301 1178 1357 πᾶσαν
1200 1304 1422 1359 κακίαν
1437 1305 1533 1359 καὶ
1553 1305 1749 1362 πάντα
1765 1306 1959 1361 δόλον

362 1392 459 1447 καὶ
500 1397 876 1463 ὑποκρίσεις,
904 1396 1193 1466 φθόνους,
1238 1396 1337 1451 καί
1386 1397 1592 1465 πάσας
1647 1399 1755 1465 τὰς
1774 1416 1953 1455 κατα-

361 1486 601 1556 λαιιὰς.
624 1488 706 1555 ὠς
732 1488 1127 1558 ἀρτιγέννητα
1138 1489 1359 1560 βρέφη,
1380 1492 1444 1546 τὸ
1460 1493 1709 1564 ,λογικὸν
1729 1492 1957 1549 ἄδολον

365 1579 521 1648 γάλα
558 1581 992 1649 ἐπιποθήσατε,
1044 1584 1145 1639 ἵνα
1175 1585 1246 1639 ἐν
1291 1586 1454 1652 αὐτῷ
1485 1585 1825 1655 αὐξηθῆτε,
1875 1588 1957 1642 εἰ·

365 1689 477 1742 περ
535 1673 892 1743 ἐγεύσασθε,
926 1676 1017 1730 ὅτι
1044 1677 1307 1745 χρηστὸς
1357 1682 1390 1732 ό
1418 1681 1651 1747 Κύριος.
1703 1681 1856 1749 Πρὸς
1886 1680 1960 1735 δν

365 1766 843 1836 προσερχόμεναι
875 1767 1052 1823 λίθον
1080 1767 1285 1831 ζῶντα,
1326 1769 1447 1823 ὑπὸ
1489 1770 1819 1839 ἀνθρώπων
1840 1772 1961 1842 μὲν

366 1856 1022 1928 ἀποδεδοκιμασμένον,
1053 1860 1213 1928 παρὰ
1240 1858 1311 1914 δὲ
1335 1859 1458 1926 Θεῷ
1476 1861 1783 1928 ἐκλεκτὸν,
1808 1862 1947 1918 ἕντι-

363 1964 481 2016 μον
509 1964 529 1982 ο
561 1950 665 2003 καὶ
722 1950 895 2005 αὐτοὶ
936 1950 1018 2017 ὡς
1068 1950 1229 2006 λίθοι
1269 1950 1484 2019 ζῶντες
1520 1954 1958 2025 οἰκοδομεῖσθε,

368 2037 533 2108 οἶνος
585 2043 1010 2112 πνευματικὸς,
1065 2043 1381 2114 ἱεράτευμα
1424 2045 1599 2116 ἅγιον
1644 2047 1970 2118 ἀνενέγκαι

370 2132 783 2202 πνευματικὰς
810 2135 1049 2201 θυσίας,
1084 2137 1575 2205 εὐπροσδέκτους
1601 2137 1680 2204 τῷ
1718 2137 1839 2204 Θεῷ
1867 2138 1966 2195 διὰ

382 2226 579 2291 Ἰησοῦ
610 2227 897 2295 Χριστοῦ.
924 2228 1020 2281 Διό
1070 2228 1168 2281 καὶ
1205 2229 1467 2299 περιέχει
1508 2231 1577 2284 ἐν
1607 2230 1684 2299 τῇ
1726 2229 1962 2301 Γραφῇ,

386 2315 547 2371 Ἰδοὺ
576 2316 777 2385 τίθημι
798 2316 870 2371 ἐν
917 2315 1073 2371 Σιὼν
1094 2318 1270 2374 λίθον
1298 2319 1761 2389 ἀκρογωνιαῶν,
1807 2322 1968 2386 ius,

370 2408 537 2473 κτὸν,
588 2408 855 2479 ἔντιμον,
889 2409 987 2464 καὶ
1031 2411 1064 2464 ὁ
1087 2411 1391 2466 πιστεύων
1425 2412 1519 2466 ἐπ’
1569 2412 1747 2479 αὐτῷ,
1783 2416 1855 2469 οὐ
1880 2415 1967 2486 μὴ

372 2498 812 2569 καταισχυνθῇ.

440 2590 556 2660 Τῆς
580 2593 959 2664 πνευματικῆς
978 2595 1244 2666 ἀναγεννή
1254 2613 1391 2661 σεως
1413 2597 1513 2669 τὴν
1534 2598 1806 2672 ὑπεροχὴν
1833 2600 1972 2674 πρὸς

373 2679 470 2751 τὴν
487 2683 633 2736 κατά
651 2684 830 2754 σάρκα
844 2685 1101 2757 γέννησιν
1119 2687 1517 2759 ἐνδειξάμενος,
1540 2692 1758 2763 καὶτῆς
1770 2693 1975 2765 θνητῆς

373 2772 533 2846 δόξης
587 2776 648 2830 τὸ
682 2776 899 2840 εὐτελὲς
952 2783 1334 2851 παραστήσας,
1357 2782 1440 2836 ὅτι
1490 2786 1523 2853 ἡ
1576 2784 1678 2855 μὲν
1708 2784 1973 2858 γέννησις

377 2866 592 2939 φθαρτὴ
632 2870 728 2922 καὶ
765 2870 1006 2943 ῥυπαρὰ,
1041 2874 1073 2944 ἠ
1107 2874 1164 2928 δὲ
1206 2874 1492 2940 δόξα-κατ’
1526 2877 1682 2932 οὐδὲν
1714 2880 1838 2935 τῶν-
1872 2884 1972 2937 ὲα-

381 2959 542 3030 ρινῶν
574 2960 974 3033 βλαστημόπων
1014 2963 1374 3037 διαφέρουσα,
1404 2968 1465 3021 οὑ
1495 2969 1596 3039 μέν
1641 2988 1725 3024 τοι
1756 2972 1853 3026 καὶ
1878 2973 1974 3028 τὸν

377 3050 473 3104 τοῦ
504 3051 714 3123 Κυρίου
738 3051 894 3121 λόγον
918 3054 1147 3125 πάσχειν
1192 3056 1381 3110 ταυτό·
1418 3059 1614 3114 πᾶσαν
1637 3061 1737 3131 μὲν
1768 3062 1975 3135 ὑπόλη-

375 3144 469 3211 ψιν
497 3144 852 3216 ἀνθρωπίνην
883 3147 1095 3219 ταχέως
1118 3149 1413 3217 παύεσθαι,
1454 3151 1569 3205 ἀλλ’
1605 3153 1726 3225 οὐχὶ
1758 3157 1853 3209 καὶ
1879 3155 1977 3211 τδν

376 3236 535 3306 λόγον
561 3238 657 3293 τοῦ
686 3238 845 3307 Θεοῦ,
893 3241 1030 3295 ἀλλὰ
1079 3242 1140 3295 τὸ
1161 3242 1468 3309 διαιωνίζον
1489 3245 1681 3300 τοῦτον
1710 3248 1798 3302 ἀεὶ
1826 3248 1976 3320 ἔχειν

420 3329 477 3383 αἱ
513 3330 615 3395 τὰς
634 3333 966 3402 ἐπαγγελίας
996 3334 1270 3403 ἀψευδεῖς.
1305 3336 1476 3391 Τοῦτο
1517 3339 1625 3410 γὰρ
1667 3340 1817 3413 αὑτῷ
1847 3342 1977 3413 βού-

377 3423 587 3494 λεταιὴ
644 3423 953 3495 προσθήκη,
1003 3423 1100 3477 τοῦ
1143 3424 1627 3495 εὑαγγελισθέντος
1672 3431 1755 3495 είς
1805 3431 1973 3503 ὑμᾶς.

2664 910 2898 968 CAPUT
2938 911 3029 968 Ill.

2053 1045 2203 1113 Quod
2233 1048 2389 1118 digne
2412 1049 2691 1121 vivendum
2718 1050 2785 1104 sit
2811 1050 2971 1120 juxta
3003 1051 3339 1121 adoptionem
3366 1062 3461 1120 per
3482 1049 3635 1106 Chri-

2122 1128 2283 1193 stum,
2303 1121 2375 1193 ad
2394 1120 2680 1193 utilitatem
2701 1136 2905 1192 quoque
2926 1137 3102 1177 eorum
3112 1120 3212 1193 qui
3231 1123 3471 1176 extranei
3492 1130 3637 1189 sunt,

2124 1190 2196 1243 ad
2220 1188 2446 1259 gloriam
2474 1189 2596 1247 Dei.

2126 1299 2192 1366 ll,
2218 1301 2333 1358 1-6.
2365 1300 2593 1358 Proinde
2615 1305 2849 1372 deposita
2870 1304 3015 1359 omni
3046 1305 3254 1360 malitia
3279 1313 3329 1359 et
3351 1304 3497 1360 omni
3518 1304 3641 1359 dolo

2055 1409 2121 1449 ac
2143 1394 2568 1451 simulationibus
2595 1407 2643 1451 et
2669 1397 2992 1464 invidentiis,
3017 1398 3357 1467 omnibusque
3382 1396 3644 1452 obtrecta-

2058 1487 2308 1550 tionibus,
2353 1496 2412 1541 ut
2453 1489 2608 1543 modo
2651 1489 2766 1543 nati
2813 1490 3061 1562 infantes,
3109 1490 3194 1543 lac
3241 1489 3377 1544 illud
3419 1490 3643 1544 rationis

2059 1587 2199 1652 quod
2227 1580 2405 1636 dolum
2437 1582 2595 1636 nescit
2621 1583 2878 1653 appetite,
2903 1592 2962 1636 ut
2996 1599 3091 1654 per
3121 1581 3255 1637 illud
3284 1582 3643 1637 sobolescatis.

2061 1669 2334 1743 Siquidem
2361 1677 2616 1743 gustastis
2649 1674 2788 1745 quod
2823 1674 3075 1744 benignus
3113 1674 3181 1729 sit
3223 1673 3476 1728 Dominus
3516 1686 3534 1725 :
3574 1672 3647 1727 ad

2061 1779 2215 1833 quem
2257 1764 2561 1819 accedentes
2595 1766 2688 1836 qui
2732 1766 2868 1835 lapis
2913 1773 2991 1819 est
3033 1765 3198 1827 vivus,
3243 1764 3311 1819 ab
3348 1764 3649 1819 hominibus

2064 1855 2273 1926 quidem
2307 1857 2643 1926 reprobatus,
2675 1858 2821 1927 apud
2854 1858 3020 1913 Deum
3049 1874 3170 1912 vero
3202 1858 3399 1913 electus
3430 1875 3493 1912 ac
3523 1873 3649 1929 pre.

2066 1948 2251 2010 tiosus,
2297 1947 2402 2018 ipsi
2452 1963 2658 2019 quoque
2703 1947 2862 2003 veluti
2912 1949 3018 2005 vivi
3066 1948 3270 2020 lapides
3315 1947 3650 2019 (ediﬁcemiui

2065 2040 2254 2095 domus
2277 2040 2600 2110 spiritantia,
2631 2042 2991 2096 sacerdotium
3020 2053 3287 2105 sanctum,
3320 2043 3390 2097 ad
3421 2043 3650 2112 o/feren—

2067 2132 2164 2186 das
2199 2131 2507 2199 spirituales
2553 2132 2756 2188 hostias
2795 2134 3143 2204 acceplabiles
3189 2133 3297 2189 Deo
3339 2150 3433 2204 per
3465 2133 3651 2190 Iesum

2068 2221 2353 2279 Christum.
2380 2221 2713 2294 Quapropter
2737 2224 2901 2279 etiam
2922 2226 3151 2281 continet
3169 2224 3452 2296 Scriptura
3476 2243 3496 2282 :
3518 2226 3653 2282 Ecce

2066 2332 2202 2385 pono
2232 2316 2292 2370 in
2327 2314 2456 2371 Sion
2488 2315 2719 2386 lapidem
2751 2318 3063 2389 angularem
3095 2318 3318 2375 electum
3349 2337 3416 2374 ac
3453 2320 3653 2392 pretio—

2067 2425 2235 2465 sum:
2265 2421 2314 2467 et
2341 2411 2431 2482 qui
2461 2410 2743 2467 crediderit
2773 2411 2830 2466 in
2861 2410 2977 2480 illo,
3005 2428 3109 2467 non
3136 2413 3386 2484 pudeﬁet.

2142 2594 2251 2653 Ubi
2306 2595 2609 2667 spiritualis
2675 2596 3037 2655 renascentia;
3082 2597 3457 2670 praestantiam
3489 2592 3657 2668 supra

2074 2689 2417 2746 nativitatem
2445 2691 2751 2748 secundum
2778 2707 3004 2747 carnem
3033 2678 3295 2755 ostendit,
3320 2707 3384 2747 ac
3410 2690 3659 2747 mortalis

2073 2783 2258 2856 gloriae
2285 2784 2648 2853 abjectionem
2684 2785 3127 2841 demonstravit:
3168 2785 3426 2855 quoniam
3461 2782 3663 2841 nativi-v

2075 2884 2159 2930 tas
2184 2876 2404 2946 quidem
2441 2875 2815 2946 corruptibilis
2843 2885 2928 2931 est
2960 2890 3039 2931 ac
3058 2875 3295 2938 sordida,
3327 2874 3496 2944 gloria
3528 2887 3660 2930 vero

2076 2966 2214 3022 nihil
2251 2967 2333 3022 ab.
2358 2967 2446 3021 bis
2488 2966 2754 3023 dili’erens
2798 2982 2921 3038 quae
2965 2980 3157 3021 verno
3184 2972 3430 3035 tempore
3469 2964 3664 3037 germi—

2074 3067 2212 3114 nant
2247 3077 2267 3113 τ
2297 3058 2541 3114 ostendit
2581 3073 2925 3130 nequaquam
2974 3056 3127 3112 idem
3177 3056 3234 3111 in
3280 3055 3495 3111 Domini
3544 3068 3663 3112 ser-

2076 3165 2241 3208 mone
2269 3151 2611 3223 contingere;
2653 3151 2787 3206 Nam
2815 3149 2996 3205 omnis
3023 3147 3266 3205 humana
3294 3147 3482 3219 opinio
3511 3147 3659 3203 brevi

2077 3248 2278 3306 cessat,
2317 3250 2372 3295 at
2400 3254 2514 3295 non
2552 3240 2623 3295 ita
2662 3239 2754 3295 Dei
2785 3240 3046 3304 verbum;
3076 3239 3173 3295 sed
3208 3239 3313 3295 hoc
3339 3245 3661 3310 perpetuam

2078 3334 2243 3391 habet
2272 3332 2643 3397 durationem,
2674 3346 2946 3403 verasque
2975 3332 3395 3404 promissiones.
3433 3330 3572 3386 Nam
3606 3331 3662 3387 id

2077 3426 2181 3484 sibi
2204 3426 2323 3483 vult
2349 3424 2555 3482 additio
2583 3424 2699 3489 illa,
2735 3422 2896 3491 Quod
2928 3423 3313 3480 annuntiatum
3343 3430 3428 3479 est
3451 3423 3518 3479 ad
3540 3438 3662 3480 vos.

382 3514 572 3571 Ταῦτα
596 3516 684 3571 διά
710 3516 819 3571 τῶν
851 3517 1112 3588 ἀνωτέρω
1152 3519 1557 3591 προεξυφάνας,
1601 3523 1698 3592 ἀφ’
1726 3525 1963 3580 ἑκάστου

2080 3519 2204 3574 [lare
2254 3534 2379 3574 cum
2436 3518 2493 3573 in
2540 3518 2919 3589 superioribus
2978 3518 3388 3589 praetexuisset,
3439 3526 3664 3588 sumpto

382 3606 569 3662 λοιπὸν
601 3609 662 3662 τὸ
692 3609 973 3679 ὲπωφελὲς
1001 3609 1298 3681 λαμόάνων
1335 3614 1429 3666 καὶ
1463 3613 1602 3684 πρὸς
1632 3616 1736 3687 τὴν
1781 3618 1971 3689 χρείαν

385 3702 680 3767 συντεῖνον,
709 3700 802 3754 τοῦ
845 3700 1040 3772 ἠθικοῦ
1080 3701 1242 3771 λόγου
1270 3703 1371 3775 τὴν
1415 3704 1770 3762 διδασκαλίαν
1793 3711 1970 3765 ποιεῖ-

383 3809 498 3857 ται,
525 3794 622 3847 καί
644 3810 832 3864 φησιν,
878 3795 1232 3866 Ἀποθέμενοι
1257 3793 1353 3852 οὖν
1400 3798 1582 3855 πᾶσαν
1621 3802 1848 3868 κακῖαν,
1882 3820 1973 3857 το-

387 3882 561 3937 σαῦτα
616 3886 709 3938 καὶ
767 3885 994 3940 τοιαῦτα
1046 3887 1113 3940 δι’
1164 3886 1365 3956 ὀλίγων
1410 3889 1618 3945 τούτων
1667 3893 1969 3965 ὑποδηλῶν.

386 3976 527 4035 Τοὺς
555 3975 664 4048 γάρ
684 3977 945 4050 ἀφθάρτῳ
970 3978 1440 4052 ἀναγεννηθέντας
1465 3982 1602 4054 ζωῇ,
1622 3986 1736 4048 τοῖς
1755 3985 1857 4049 τῆς
1875 4003 1969 4040 κα-

388 4067 513 4133 κίας
549 4068 873 4125 ἁλίσκεσθαι
907 4070 1124 4142 βρόχοις
1167 4072 1230 4126 οὑ
1260 4072 1492 4139 δίκαιον,
1532 4074 1655 4130 οὑδὲ
1696 4077 1757 4130 τὸ
1785 4077 1860 4149 μὴ
1892 4076 1974 4144 ὂν,

387 4159 481 4214 τοῦ
512 4160 669 4224 δντος
698 4163 996 4234 πρπιμᾷν.
1029 4164 1167 4217 Οὑδίλ⁹
1198 4164 1308 4234 γὰρ
1353 4165 1416 4220 τδ
1431 4171 1604 4220 κακὸν
1631 4167 1814 4236 οὑσία,
1838 4169 1976 4225 ἀλλά

390 4254 518 4324 περὶ
532 4252 596 4306 τὸ
619 4252 938 4324 πλημμελὲς
957 4256 1056 4326 τῆς
1072 4257 1340 4328 γεννητῆς
1369 4258 1557 4324 οὐσίας
1581 4261 1972 4333 στρεφόμενον.

390 4343 532 4398 Πολὺ
595 4344 653 4399 δὲ
709 4344 1025 4399 διαλλάττον
1073 4346 1220 4415 ζωῆς
1272 4349 1664 4413 ἐνυποστάτου,
1729 4350 1867 4422 πρὸς
1915 4351 1978 4406 τὸ

394 4437 554 4503 μόνον
581 4436 1069 4505 παρυφιστάμενον
1103 4452 1118 4467 ⁸
1167 4439 1217 4491 οἱ
1244 4436 1301 4491 δὲ
1328 4438 1484 4492 αὑτοὶ
1514 4440 1609 4493 καὶ
1637 4439 1791 4515 δόλου
1820 4440 1977 4495 ἔλεός

392 4527 540 4597 θεροι
570 4526 956 4597 ἀποφανθῆναι
980 4527 1143 4596 ἄξιοι,
1180 4529 1338 4601 φησὶ,
1357 4532 1451 4583 καὶ
1484 4531 1850 4600 ὑποκρίσεως,
1885 4535 1979 4589 καὶ

393 4618 612 4685 φθόνου,
664 4618 759 4672 καὶ
786 4618 970 4686 πάσης
999 4619 1356 4684 καταλαλιᾶς.
1391 4622 1524 4676 Ὅτε
1553 4623 1663 4693 γὰρ
1700 4623 1848 4689 δόλος
1882 4626 1981 4680 καὶ

393 4714 426 4784 ἡ
477 4713 791 4782 ὑπόκρισις,
839 4714 1028 4786 πόρρω
1085 4714 1345 4785 ἀληθείας
1401 4716 1497 4769 καὶ
1540 4715 1636 4769 τοῦ
1695 4717 1983 4787 εὐαγγελι-

396 4806 614 4869 σθέντος
640 4805 771 4876 ὑμῖν
806 4805 992 4875 λόγου,
1020 4806 1097 4871 ὡς
1132 4807 1226 4860 τοῦ
1280 4809 1379 4878 μὲν
1431 4807 1583 4862 δόλου
1612 4809 1697 4863 ἐπ’
1729 4809 1978 4883 ἀπωλείᾳ

2079 3613 2337 3683 deinceps
2359 3628 2391 3667 a
2416 3611 2645 3684 singulis
2671 3611 2818 3682 quod
2848 3611 2982 3668 utile
3008 3621 3094 3668 est
3115 3619 3165 3667 et
3198 3612 3264 3667 ad
3292 3609 3665 3683 necessarium

2081 3704 2258 3761 tendit
2294 3718 2478 3771 usum,
2519 3703 2710 3759 morali
2745 3703 2986 3758 sermoni
3019 3703 3326 3759 doctrinam
3357 3716 3668 3758 accommo-

2080 3799 2194 3864 dat,
2222 3805 2280 3853 et
2314 3797 2392 3852 ait
2430 3813 2445 3850 :
2485 3795 2721 3853 Proinde
2758 3796 3010 3868 deposita
3048 3797 3198 3852 omni
3240 3796 3468 3863 malitia,
3500 3795 3669 3869 494

2079 3891 2168 3947 bis
2205 3890 2396 3962 paucis
2427 3899 2506 3946 tot
2533 3905 2599 3947 ac
2631 3899 2782 3946 tanta
2814 3890 3132 3964 designans.
3166 3893 3275 3949 Eos
3307 3906 3544 3963 namque
3572 3891 3667 3962 qui

2081 3981 2481 4052 incorruptibili
2512 3981 2635 4038 vine
2672 3974 2853 4037 renati
2884 3991 3034 4046 sunt;
3070 3981 3351 4054 indignum
3387 3991 3471 4039 est
3508 3981 3668 4036 mali-

2084 4076 2170 4132 tia:
2195 4074 2315 4145 capi
2342 4074 2574 4144 laqueis,
2604 4082 2770 4145 atque
2802 4090 3128 4147 praeponere
3168 4075 3222 4131 id
3245 4076 3388 4146 quod
3419 4090 3530 4130 non
3558 4084 3663 4140 est,

2083 4167 2130 4221 ei
2161 4168 2305 4238 quod
2333 4180 2462 4223 vere
2490 4173 2597 4221 est.
2629 4165 2834 4222 Malitia
2872 4182 3111 4239 namque
3148 4180 3258 4222 non
3291 4175 3378 4222 est
3408 4168 3666 4223 substan-

2084 4260 2181 4324 tia,
2222 4258 2318 4314 sed
2363 4266 2616 4314 versatur
2653 4259 2813 4315 circa
2841 4260 3034 4315 vitium
3076 4258 3274 4331 genita:
3320 4259 3663 4326 substantia,

2084 4352 2337 4424 Magnum
2361 4358 2447 4407 est
2468 4361 2650 4408 autem
2676 4352 2969 4408 discrimen
2995 4352 3147 4409 inter
3165 4353 3351 4409 vitam
3363 4353 3667 4411 subsisten-

2085 4449 2189 4495 lem
2230 4447 2285 4494 et
2316 4453 2439 4495 eam
2470 4455 2594 4509 qua:
2638 4440 2815 4495 solum
2863 4440 3258 4496 adhaerenti‘am
3301 4441 3466 4497 habet
3501 4441 3568 4497 ad
3613 4441 3686 4499 id‘

2084 4530 2227 4601 quod
2249 4531 2516 4588 subsistit.
2544 4531 2609 4586 Hi
2631 4542 2812 4587 autem
2835 4531 2997 4604 digni
3013 4541 3160 4600 sunt,
3182 4532 3376 4603 inquit,
3398 4541 3458 4588 ut
3477 4541 3666 4590 osten-

2085 4625 2286 4680 dantur
2317 4624 2593 4682 immunes
2621 4640 2742 4681 esse
2769 4625 2949 4681 a-d'olo
2975 4641 3038 4682 ac
3069 4625 3418 4682 simulatione
3442 4635 3498 4682 et
3530 4626 3671 4683 invi-

2085 4717 2267 4773 dentia
2313 4717 2574 4788 omnique
2619 4716 3036 4772 obtrectatione.
3089 4715 3369 4787 Siquidem
3410 4717 3572 4774 dolus
3605 4733 3669 4772 ac

2087 4806 2362 4864 simulatio
2410 4808 2572 4878 longe
2610 4807 2812 4862 absunt
2851 4820 2882 4861 a
2923 4806 3156 4863 veritate
3194 4815 3251 4863 et
3292 4822 3545 4864 sermone
3574 4809 3667 4880 qui

392 4895 497 4950 τῶν
523 4898 904 4967 ἀπατωμὲνων
934 4896 1264 4967 χωροῦντος,
1307 4899 1406 4969 τῆς
1452 4899 1800 4971 ὑποκρίσεως
1830 4900 1888 4954 δὲ
1917 4903 1971 4955 ὲν

2083 4899 2442 4955 annuntiatus
2472 4907 2557 4954 est
2585 4898 2761 4964 vobis,
2795 4906 2984 4968 utpote
3013 4898 3138 4954 dolo
3175 4900 3405 4956 cedente
3443 4900 3499 4956 in
3540 4916 3670 4973 per-

395 4988 680 5059 ἑτερότητι
717 4989 812 5041 τοῦ
869 4987 1022 5052 ὄντος
1074 4988 1390 5061 προϊούσης,
1454 4982 1529 5043 ὧν
1571 4991 1901 5057 ἀπεναντίας
1950 4994 1979 5046 ό

396 5081 712 5150 κατηχήσας
746 5079 890 5149 ὑμᾶς
917 5081 1184 5151 σωτήριος
1230 5080 1389 5149 λόγος
1417 5083 1617 5151 δρᾶται
1644 5083 1981 5155 προόαίνων.

394 5172 592 5236 Φθόνος
616 5171 676 5225 δὲ
703 5173 797 5226 καὶ
826 5173 1134 5229 καταλαλιά
1180 5173 1342 5229 ποίαν
1380 5174 1493 5240 ἕξει
1521 5174 1705 5245 χώραν
1735 5177 1794 5230 ὲν
1824 5177 1978 5248 ὑμῖν,

395 5263 445 5317 οἳ
472 5262 550 5333 τῷ
591 5263 694 5333 τῆς
723 5263 1077 5335 φιλαδελφίας
1114 5266 1376 5337 ἀρῤήκτῳ
1428 5266 1711 5340 συνδέσμῳ
1752 5271 1983 5339 σφιγγό-

400 5373 576 5428 μενοι,
615 5358 708 5410 ὑπ’
738 5356 954 5423 οὐδενὸς
986 5360 1094 5412 τῶν
1151 5359 1473 5414 διῖστάντων
1505 5361 1771 5433 βλαϐῆναι
1815 5363 1981 5417 δύνα-

398 5449 527 5516 σθε;
567 5449 766 5514 Φθόνος
797 5451 854 5505 δὲ
875 5452 970 5512 καὶ
997 5452 1321 5518 καταλαλιὰ,
1360 5452 1441 5507 ὅτι
1471 5453 1809 5519 διαστάσεως
1830 5455 1982 5511 αἰτία

397 5545 492 5598 καὶ
528 5543 909 5613 μισαδελφίας,
935 5545 1142 5604 ἐκεῖνος
1179 5546 1385 5614 ἀγνοεῖ,
1421 5546 1450 5599 ὁ
1472 5546 1569 5600 καὶ
1603 5546 1694 5600 τὸν
1715 5547 1857 5602 Κάἰν
1887 5548 1982 5601 καὶ

396 5635 496 5706 τὴν
527 5634 651 5690 κατ’
694 5636 860 5690 αὑτὸν
913 5636 1223 5708 τραγῳδίαν
1274 5637 1574 5709 ἀγνοήσας,
1635 5639 1695 5703 ὃς
1752 5640 1840 5695 διὰ
1889 5640 1980 5695 τὸν

398 5727 594 5794 φθόνον
627 5728 723 5784 καὶ
750 5729 847 5799 τῆς
877 5728 1172 5800 ἁδελφικῆς
1199 5731 1491 5803 ἀπερῤἀγη
1536 5732 1854 5802 συναφείας,
1886 5734 1982 5789 καὶ

402 5816 555 5871 δόλον
595 5818 921 5888 ὶνεκίσσησε
968 5819 1065 5873 καὶ
1107 5819 1399 5890 ὑπόκρισιν
1449 5821 1546 5875 καὶ
1592 5822 1772 5892 φόνον.
1840 5822 1984 5877 Ἀλλ’

399 5909 520 5963 οὑδὲ
558 5909 890 5975 καταλαλιᾶς
922 5911 949 5963 ὁ
995 5909 1205 5983 φθονῶν
1246 5911 1566 5984 καθαρεύει,
1610 5915 1769 5984 εἴπερ
1807 5914 1980 5971 ἱκανοὶ

2085 4993 2347 5048 ditionem
2380 5006 2572 5047 eorum
2606 4991 2700 5060 qui
2740 4990 3100 5057 seducunt’ur,
3142 4992 3496 5050 simulatione
3535 5011 3669 5052 vero

2085 5085 2419 5157 procedente
2453 5082 2507 5137 in
2531 5082 2834 5138 variatione
2861 5098 2925 5139 ac
2951 5084 3258 5141 muta-tione
3285 5086 3365 5141 rei
3391 5103 3513 5158 quae
3540 5097 3621 5146 est
3650 5106 3665 5145 :

2088 5177 2350 5233 adversus
2373 5192 2495 5247 qua:
2517 5176 2817 5246 procedere
2847 5175 3062 5230 videtur
3086 5176 3341 5233 salutaris
3368 5193 3549 5235 sermo
3574 5179 3689 5251 qui?

2088 5285 2187 5326 vos
2212 5268 2490 5324 instruxit.
2526 5267 2831 5323 Invidentia
2861 5275 3041 5323 autem
3069 5275 3123 5324 et
3153 5268 3667 5342 obtrectatioqucm

2091 5360 2373 5417 habebunt
2404 5358 2583 5413 locum
2617 5357 2671 5412 in
2701 5356 2878 5427 vobis,
2910 5357 3002 5427 qui
3032 5357 3210 5412 solido
3253 5357 3505 5415 fraternae
3534 5359 3667 5417 cha-

2089 5451 2272 5507 ritatis
2297 5450 2516 5506 vinculo
2546 5448 2852 5514 constricti,
2895 5464 2926 5504 a
2968 5447 3120 5502 nullo
3156 5447 3442 5503 dissidium
3477 5452 3670 5508 conci-

2088 5552 2240 5599 tante
2271 5552 2663 5599 uocumentum
2697 5542 2973 5612 suscipere
3013 5539 3287 5612 potestis?
3322 5541 3492 5598 Porro
3524 5545 3681 5615 quod

2089 5637 2388 5693 invidentia
2440 5647 2494 5693 et
2536 5635 2862 5692 obtrectatio
2903 5633 3113 5690 dissidii
3166 5648 3233 5690 ac
3279 5633 3405 5690 odii“
3438 5635 3678 5697 fraterni

2087 5745 2253 5787 causa
2302 5730 2433 5796 sint,
2486 5730 2699 5801 ignorat
2756 5728 2869 5791 ille,
2921 5726 3012 5797 qui
3070 5735 3126 5782 et
3177 5725 3314 5781 Cain
3372 5733 3427 5781 et
3468 5734 3673 5799 ποκα).

2091 5825 2236 5880 diam
2265 5839 2387 5894 quae
2418 5822 2561 5878 circa
2594 5821 2746 5876 illum
2783 5818 2885 5873 fuit
2914 5817 3109 5883 nescit,
3141 5815 3234 5888 qui
3277 5826 3502 5889 propter
3531 5819 3671 5875 invi-

2096 5914 2255 5988 diam.
2280 5921 2337 5971 et
2373 5929 2401 5969 a
2440 5913 2679 5969 fraterna
2715 5909 3010 5967 distractus
3049 5915 3141 5968 est;
3171 5908 3575 5978 conjunctione,
3615 5918 3674 5967 ct
