  <div class='ocr_page' id='page_1' title='image "/cluster/home/n/w/nwhite01/storage/ocr_20150623/119/hvd.32044019208156/273.png"; bbox 0 0 3986 6570; ppageno 0'>
   <div class='ocr_carea' id='block_1_1' title="bbox 196 5586 225 5603">
    <p class='ocr_par' dir='ltr' id='par_1_1' title="bbox 196 5586 225 5603">
     <span class='ocr_line' id='line_1_1' title="bbox 196 5586 225 5603; baseline 0 0"><span class='ocrx_word' id='word_1_1' title='bbox 196 5586 225 5603; x_wconf 73' lang='grc' dir='ltr'><strong>Δ.</strong></span> 
     </span>
    </p>
   </div>
   <div class='ocr_carea' id='block_1_2' title="bbox 304 443 405 512">
    <p class='ocr_par' dir='ltr' id='par_1_2' title="bbox 304 443 405 512">
     <span class='ocr_line' id='line_1_2' title="bbox 304 443 405 512; baseline -0.02 0"><span class='ocrx_word' id='word_1_2' title='bbox 304 443 405 512; x_wconf 77' lang='lat'><strong>531</strong></span> 
     </span>
    </p>
   </div>
   <div class='ocr_carea' id='block_1_3' title="bbox 1357 432 2477 513">
    <p class='ocr_par' dir='ltr' id='par_1_3' title="bbox 1357 432 2477 513">
     <span class='ocr_line' id='line_1_3' title="bbox 1357 432 2477 513; baseline 0.003 -4"><span class='ocrx_word' id='word_1_3' title='bbox 1357 446 1757 511; x_wconf 69' lang='lat' dir='ltr'><strong>(ECUMENII</strong></span> <span class='ocrx_word' id='word_1_4' title='bbox 1796 449 2091 511; x_wconf 65' lang='lat' dir='ltr'><strong>nuce/3</strong></span> <span class='ocrx_word' id='word_1_5' title='bbox 2130 432 2477 513; x_wconf 83' lang='lat' dir='ltr'><strong>EPISCOPI</strong></span> 
     </span>
    </p>
   </div>
   <div class='ocr_carea' id='block_1_4' title="bbox 3446 443 3549 506">
    <p class='ocr_par' dir='ltr' id='par_1_4' title="bbox 3446 443 3549 506">
     <span class='ocr_line' id='line_1_4' title="bbox 3446 443 3549 506; baseline 0.01 -1"><span class='ocrx_word' id='word_1_6' title='bbox 3446 443 3549 506; x_wconf 77' lang='lat'><strong>532</strong></span> 
     </span>
    </p>
   </div>
   <div class='ocr_carea' id='block_1_5' title="bbox 300 558 1877 637">
    <p class='ocr_par' dir='ltr' id='par_1_5' title="bbox 300 562 1877 633">
     <span class='ocr_line' id='line_1_5' title="bbox 300 562 1877 633; baseline 0 -12"><span class='ocrx_word' id='word_1_7' title='bbox 300 563 488 621; x_wconf 73' lang='lat' dir='ltr'><strong>dolum</strong></span> <span class='ocrx_word' id='word_1_8' title='bbox 529 563 781 633; x_wconf 82' lang='lat' dir='ltr'><strong>concepit</strong></span> <span class='ocrx_word' id='word_1_9' title='bbox 807 572 859 619; x_wconf 89' lang='lat' dir='ltr'><strong>et</strong></span> <span class='ocrx_word' id='word_1_10' title='bbox 891 562 1295 619; x_wconf 74' lang='lat' dir='ltr'><strong>simulationem</strong></span> <span class='ocrx_word' id='word_1_11' title='bbox 1335 579 1399 620; x_wconf 86' lang='lat' dir='ltr'><strong>ac</strong></span> <span class='ocrx_word' id='word_1_12' title='bbox 1434 564 1637 619; x_wconf 69' lang='lat' dir='ltr'><strong>caedem</strong></span> <span class='ocrx_word' id='word_1_13' title='bbox 1659 566 1729 619; x_wconf 79' lang='lat'><strong>“.</strong></span> <span class='ocrx_word' id='word_1_14' title='bbox 1772 564 1877 621; x_wconf 85' lang='lat' dir='ltr'><strong>Sed</strong></span> 
     </span>
    </p>
   </div>
   <div class='ocr_carea' id='block_1_6' title="bbox 1979 558 3549 637">
    <p class='ocr_par' dir='ltr' id='par_1_6' title="bbox 1982 558 3549 637">
     <span class='ocr_line' id='line_1_6' title="bbox 1982 558 3549 637; baseline -0.007 -15"><span class='ocrx_word' id='word_1_15' title='bbox 1982 570 2110 634; x_wconf 73' lang='grc' dir='ltr'>τοὺς</span> <span class='ocrx_word' id='word_1_16' title='bbox 2134 568 2328 637; x_wconf 75' lang='grc' dir='ltr'>λόγους</span> <span class='ocrx_word' id='word_1_17' title='bbox 2371 571 2423 622; x_wconf 82' lang='lat' dir='ltr'><strong>ei</strong></span> <span class='ocrx_word' id='word_1_18' title='bbox 2460 567 2717 636; x_wconf 65' lang='grc' dir='ltr'>σύγγονοι</span> <span class='ocrx_word' id='word_1_19' title='bbox 2767 563 3145 620; x_wconf 73' lang='grc' dir='ltr'><strong>πιστώσασθαι</strong></span> <span class='ocrx_word' id='word_1_20' title='bbox 3178 558 3274 614; x_wconf 77' lang='grc' dir='ltr'><strong>τοῦ</strong></span> <span class='ocrx_word' id='word_1_21' title='bbox 3332 559 3549 629; x_wconf 71' lang='grc' dir='ltr'>Ἰωσὴφ,</span> 
     </span>
    </p>
   </div>
   <div class='ocr_carea' id='block_1_7' title="bbox 300 653 1876 726">
    <p class='ocr_par' dir='ltr' id='par_1_7' title="bbox 300 653 1876 726">
     <span class='ocr_line' id='line_1_7' title="bbox 300 653 1876 726; baseline -0.003 -13"><span class='ocrx_word' id='word_1_22' title='bbox 300 669 481 725; x_wconf 81' lang='lat' dir='ltr'><strong>neque</strong></span> <span class='ocrx_word' id='word_1_23' title='bbox 506 654 575 711; x_wconf 89' lang='lat' dir='ltr'><strong>ab</strong></span> <span class='ocrx_word' id='word_1_24' title='bbox 601 655 1000 711; x_wconf 86' lang='lat' dir='ltr'><strong>obtrectatione</strong></span> <span class='ocrx_word' id='word_1_25' title='bbox 1040 669 1213 726; x_wconf 88' lang='lat' dir='ltr'><strong>purus</strong></span> <span class='ocrx_word' id='word_1_26' title='bbox 1250 663 1333 710; x_wconf 88' lang='lat' dir='ltr'><strong>est</strong></span> <span class='ocrx_word' id='word_1_27' title='bbox 1363 655 1410 709; x_wconf 88' lang='lat' dir='ltr'><strong>is</strong></span> <span class='ocrx_word' id='word_1_28' title='bbox 1449 654 1541 726; x_wconf 87' lang='lat' dir='ltr'><strong>qui</strong></span> <span class='ocrx_word' id='word_1_29' title='bbox 1576 653 1805 723; x_wconf 76' lang='lat' dir='ltr'><strong>invidet,</strong></span> <span class='ocrx_word' id='word_1_30' title='bbox 1832 655 1876 710; x_wconf 87' lang='lat' dir='ltr'><strong>si</strong></span> 
     </span>
    </p>
   </div>
   <div class='ocr_carea' id='block_1_8' title="bbox 301 746 1877 818">
    <p class='ocr_par' dir='ltr' id='par_1_8' title="bbox 301 746 1877 818">
     <span class='ocr_line' id='line_1_8' title="bbox 301 746 1877 818; baseline 0.002 -18"><span class='ocrx_word' id='word_1_31' title='bbox 301 746 465 801; x_wconf 91' lang='lat' dir='ltr'><strong>modo</strong></span> <span class='ocrx_word' id='word_1_32' title='bbox 493 746 688 803; x_wconf 81' lang='lat' dir='ltr'><strong>fratres</strong></span> <span class='ocrx_word' id='word_1_33' title='bbox 719 746 925 817; x_wconf 81' lang='lat' dir='ltr'><strong>Josepb</strong></span> <span class='ocrx_word' id='word_1_34' title='bbox 970 747 1147 802; x_wconf 83' lang='lat' dir='ltr'><strong>idonei</strong></span> <span class='ocrx_word' id='word_1_35' title='bbox 1189 746 1495 803; x_wconf 80' lang='lat' dir='ltr'><strong>habeantur</strong></span> <span class='ocrx_word' id='word_1_36' title='bbox 1530 749 1622 818; x_wconf 90' lang='lat' dir='ltr'><strong>qui</strong></span> <span class='ocrx_word' id='word_1_37' title='bbox 1663 764 1877 804; x_wconf 89' lang='lat' dir='ltr'><strong>sermo-</strong></span> 
     </span>
    </p>
   </div>
   <div class='ocr_carea' id='block_1_9' title="bbox 302 839 1879 910">
    <p class='ocr_par' dir='ltr' id='par_1_9' title="bbox 302 839 1879 910">
     <span class='ocr_line' id='line_1_9' title="bbox 302 839 1879 910; baseline 0.001 -17"><span class='ocrx_word' id='word_1_38' title='bbox 302 852 429 894; x_wconf 86' lang='lat' dir='ltr'><strong>nem</strong></span> <span class='ocrx_word' id='word_1_39' title='bbox 486 840 830 903; x_wconf 86' lang='lat' dir='ltr'><strong>conlirment,</strong></span> <span class='ocrx_word' id='word_1_40' title='bbox 876 841 966 910; x_wconf 82' lang='lat' dir='ltr'><strong>qui</strong></span> <span class='ocrx_word' id='word_1_41' title='bbox 1024 841 1091 895; x_wconf 90' lang='lat' dir='ltr'><strong>de</strong></span> <span class='ocrx_word' id='word_1_42' title='bbox 1149 841 1311 895; x_wconf 85' lang='lat' dir='ltr'><strong>rebus</strong></span> <span class='ocrx_word' id='word_1_43' title='bbox 1374 841 1679 895; x_wconf 81' lang='lat' dir='ltr'><strong>innumeris</strong></span> <span class='ocrx_word' id='word_1_44' title='bbox 1729 839 1879 895; x_wconf 89' lang='lat' dir='ltr'><strong>hunc</strong></span> 
     </span>
    </p>
   </div>
   <div class='ocr_carea' id='block_1_10' title="bbox 301 930 1878 1001">
    <p class='ocr_par' dir='ltr' id='par_1_10' title="bbox 301 930 1878 1001">
     <span class='ocr_line' id='line_1_10' title="bbox 301 930 1878 1001; baseline 0.003 -17"><span class='ocrx_word' id='word_1_45' title='bbox 301 930 447 1000; x_wconf 88' lang='lat' dir='ltr'><strong>apud</strong></span> <span class='ocrx_word' id='word_1_46' title='bbox 472 939 681 998; x_wconf 78' lang='lat' dir='ltr'><strong>patrem</strong></span> <span class='ocrx_word' id='word_1_47' title='bbox 700 930 1017 985; x_wconf 76' lang='lat' dir='ltr'><strong>deferebant</strong></span> <span class='ocrx_word' id='word_1_48' title='bbox 1040 932 1105 985; x_wconf 79' lang='lat'><strong>”.</strong></span> <span class='ocrx_word' id='word_1_49' title='bbox 1131 931 1447 1001; x_wconf 81' lang='lat' dir='ltr'><strong>Propterea,</strong></span> <span class='ocrx_word' id='word_1_50' title='bbox 1475 932 1679 1001; x_wconf 78' lang='lat' dir='ltr'><strong>inquit,</strong></span> <span class='ocrx_word' id='word_1_51' title='bbox 1705 934 1773 987; x_wconf 88' lang='lat' dir='ltr'><strong>ab</strong></span> <span class='ocrx_word' id='word_1_52' title='bbox 1791 934 1878 988; x_wconf 90' lang='lat' dir='ltr'><strong>his</strong></span> 
     </span>
    </p>
   </div>
   <div class='ocr_carea' id='block_1_11' title="bbox 301 1022 1878 1096">
    <p class='ocr_par' dir='ltr' id='par_1_11' title="bbox 301 1022 1878 1096">
     <span class='ocr_line' id='line_1_11' title="bbox 301 1022 1878 1096; baseline 0.004 -20"><span class='ocrx_word' id='word_1_53' title='bbox 301 1022 559 1079; x_wconf 87' lang='lat' dir='ltr'><strong>omnibus</strong></span> <span class='ocrx_word' id='word_1_54' title='bbox 589 1037 686 1079; x_wconf 88' lang='lat' dir='ltr'><strong>vos</strong></span> <span class='ocrx_word' id='word_1_55' title='bbox 719 1022 1095 1094; x_wconf 79' lang='lat' dir='ltr'><strong>puriﬁcantes,</strong></span> <span class='ocrx_word' id='word_1_56' title='bbox 1127 1033 1386 1094; x_wconf 80' lang='lat' dir='ltr'><strong>tanquam</strong></span> <span class='ocrx_word' id='word_1_57' title='bbox 1431 1041 1608 1096; x_wconf 84' lang='lat' dir='ltr'><strong>nuper</strong></span> <span class='ocrx_word' id='word_1_58' title='bbox 1638 1028 1754 1082; x_wconf 89' lang='lat' dir='ltr'><strong>nati</strong></span> <span class='ocrx_word' id='word_1_59' title='bbox 1793 1029 1878 1081; x_wconf 87' lang='lat' dir='ltr'><strong>in-</strong></span> 
     </span>
    </p>
   </div>
   <div class='ocr_carea' id='block_1_12' title="bbox 301 1113 1878 1189">
    <p class='ocr_par' dir='ltr' id='par_1_12' title="bbox 301 1113 1878 1189">
     <span class='ocr_line' id='line_1_12' title="bbox 301 1113 1878 1189; baseline 0.001 -20"><span class='ocrx_word' id='word_1_60' title='bbox 301 1113 484 1170; x_wconf 75' lang='lat' dir='ltr'><strong>fantes</strong></span> <span class='ocrx_word' id='word_1_61' title='bbox 506 1113 752 1170; x_wconf 83' lang='lat' dir='ltr'><strong>accedite</strong></span> <span class='ocrx_word' id='word_1_62' title='bbox 782 1115 994 1182; x_wconf 79' lang='lat' dir='ltr'><strong>(talium</strong></span> <span class='ocrx_word' id='word_1_63' title='bbox 1025 1116 1173 1170; x_wconf 79' lang='lat' dir='ltr'><strong>enim</strong></span> <span class='ocrx_word' id='word_1_64' title='bbox 1201 1130 1325 1171; x_wconf 84' lang='lat' dir='ltr'><strong>esse</strong></span> <span class='ocrx_word' id='word_1_65' title='bbox 1349 1126 1405 1171; x_wconf 89' lang='lat' dir='ltr'><strong>et</strong></span> <span class='ocrx_word' id='word_1_66' title='bbox 1429 1131 1653 1189; x_wconf 79' lang='lat' dir='ltr'><strong>regnum</strong></span> <span class='ocrx_word' id='word_1_67' title='bbox 1688 1117 1878 1173; x_wconf 85' lang='lat' dir='ltr'><strong>Domi-</strong></span> 
     </span>
    </p>
   </div>
   <div class='ocr_carea' id='block_1_13' title="bbox 302 1206 1874 1275">
    <p class='ocr_par' dir='ltr' id='par_1_13' title="bbox 302 1206 1874 1275">
     <span class='ocr_line' id='line_1_13' title="bbox 302 1206 1874 1275; baseline 0.003 -15"><span class='ocrx_word' id='word_1_68' title='bbox 302 1220 408 1261; x_wconf 87' lang='lat' dir='ltr'><strong>nus</strong></span> <span class='ocrx_word' id='word_1_69' title='bbox 441 1206 839 1261; x_wconf 86' lang='lat' dir='ltr'><strong>demonstravit</strong></span> <span class='ocrx_word' id='word_1_70' title='bbox 859 1207 928 1275; x_wconf 74' lang='grc'><strong>¹³)</strong></span> <span class='ocrx_word' id='word_1_71' title='bbox 967 1216 1023 1262; x_wconf 89' lang='lat' dir='ltr'><strong>et</strong></span> <span class='ocrx_word' id='word_1_72' title='bbox 1065 1222 1319 1264; x_wconf 79' lang='lat' dir='ltr'><strong>sermone</strong></span> <span class='ocrx_word' id='word_1_73' title='bbox 1364 1207 1473 1263; x_wconf 91' lang='lat' dir='ltr'><strong>doli</strong></span> <span class='ocrx_word' id='word_1_74' title='bbox 1513 1210 1702 1265; x_wconf 87' lang='lat' dir='ltr'><strong>nescio</strong></span> <span class='ocrx_word' id='word_1_75' title='bbox 1739 1210 1874 1272; x_wconf 88' lang='lat' dir='ltr'><strong>aliti,</strong></span> 
     </span>
    </p>
   </div>
   <div class='ocr_carea' id='block_1_14' title="bbox 301 1296 1878 1370">
    <p class='ocr_par' dir='ltr' id='par_1_14' title="bbox 301 1296 1878 1370">
     <span class='ocr_line' id='line_1_14' title="bbox 301 1296 1878 1370; baseline 0.002 -17"><span class='ocrx_word' id='word_1_76' title='bbox 301 1296 630 1353; x_wconf 83' lang='lat' dir='ltr'><strong>adolescatis</strong></span> <span class='ocrx_word' id='word_1_77' title='bbox 659 1306 832 1368; x_wconf 84' lang='lat' dir='ltr'><strong>usque</strong></span> <span class='ocrx_word' id='word_1_78' title='bbox 859 1298 928 1353; x_wconf 84' lang='lat' dir='ltr'><strong>ad</strong></span> <span class='ocrx_word' id='word_1_79' title='bbox 959 1314 1274 1355; x_wconf 84' lang='lat' dir='ltr'><strong>mensuram</strong></span> <span class='ocrx_word' id='word_1_80' title='bbox 1308 1299 1485 1355; x_wconf 70' lang='lat' dir='ltr'><strong>aetatis</strong></span> <span class='ocrx_word' id='word_1_81' title='bbox 1518 1299 1878 1370; x_wconf 84' lang='lat' dir='ltr'><strong>plenitudinis</strong></span> 
     </span>
    </p>
   </div>
   <div class='ocr_carea' id='block_1_15' title="bbox 301 1388 1881 1462">
    <p class='ocr_par' dir='ltr' id='par_1_15' title="bbox 301 1388 1881 1462">
     <span class='ocr_line' id='line_1_15' title="bbox 301 1388 1881 1462; baseline 0.001 -17"><span class='ocrx_word' id='word_1_82' title='bbox 301 1388 600 1446; x_wconf 76' lang='lat' dir='ltr'><strong>Christi&quot;.</strong></span> <span class='ocrx_word' id='word_1_83' title='bbox 652 1389 792 1444; x_wconf 87' lang='lat' dir='ltr'><strong>Cum</strong></span> <span class='ocrx_word' id='word_1_84' title='bbox 848 1391 994 1446; x_wconf 87' lang='lat' dir='ltr'><strong>enim</strong></span> <span class='ocrx_word' id='word_1_85' title='bbox 1053 1391 1422 1461; x_wconf 82' lang='lat' dir='ltr'><strong>gustaveritis,</strong></span> <span class='ocrx_word' id='word_1_86' title='bbox 1470 1392 1574 1447; x_wconf 89' lang='lat' dir='ltr'><strong>hoc</strong></span> <span class='ocrx_word' id='word_1_87' title='bbox 1623 1401 1728 1457; x_wconf 89' lang='lat' dir='ltr'><strong>est,</strong></span> <span class='ocrx_word' id='word_1_88' title='bbox 1779 1407 1881 1462; x_wconf 89' lang='lat' dir='ltr'><strong>per</strong></span> 
     </span>
    </p>
   </div>
   <div class='ocr_carea' id='block_1_16' title="bbox 302 1481 1877 1554">
    <p class='ocr_par' dir='ltr' id='par_1_16' title="bbox 302 1481 1877 1554">
     <span class='ocr_line' id='line_1_16' title="bbox 302 1481 1877 1554; baseline -0.001 -17"><span class='ocrx_word' id='word_1_89' title='bbox 302 1481 627 1538; x_wconf 78' lang='lat' dir='ltr'><strong>exercitium</strong></span> <span class='ocrx_word' id='word_1_90' title='bbox 652 1495 934 1537; x_wconf 84' lang='lat' dir='ltr'><strong>sacrorum</strong></span> <span class='ocrx_word' id='word_1_91' title='bbox 968 1493 1367 1553; x_wconf 78' lang='lat' dir='ltr'><strong>praeceptorum</strong></span> <span class='ocrx_word' id='word_1_92' title='bbox 1402 1484 1513 1554; x_wconf 86' lang='lat' dir='ltr'><strong>jam</strong></span> <span class='ocrx_word' id='word_1_93' title='bbox 1545 1484 1877 1554; x_wconf 86' lang='lat' dir='ltr'><strong>processeri-</strong></span> 
     </span>
    </p>
   </div>
   <div class='ocr_carea' id='block_1_17' title="bbox 304 1573 1880 1645">
    <p class='ocr_par' dir='ltr' id='par_1_17' title="bbox 304 1573 1880 1645">
     <span class='ocr_line' id='line_1_17' title="bbox 304 1573 1880 1645; baseline 0 -16"><span class='ocrx_word' id='word_1_94' title='bbox 304 1573 374 1629; x_wconf 85' lang='lat' dir='ltr'><strong>tis</strong></span> <span class='ocrx_word' id='word_1_95' title='bbox 416 1573 570 1643; x_wconf 79' lang='lat' dir='ltr'><strong>juxta</strong></span> <span class='ocrx_word' id='word_1_96' title='bbox 606 1574 980 1640; x_wconf 80' lang='lat' dir='ltr'><strong>Evangelium,</strong></span> <span class='ocrx_word' id='word_1_97' title='bbox 1035 1589 1200 1630; x_wconf 86' lang='lat' dir='ltr'><strong>sensu</strong></span> <span class='ocrx_word' id='word_1_98' title='bbox 1250 1576 1578 1645; x_wconf 84' lang='lat' dir='ltr'><strong>eognovistis</strong></span> <span class='ocrx_word' id='word_1_99' title='bbox 1616 1575 1880 1632; x_wconf 72' lang='lat' dir='ltr'><strong>doctrina:</strong></span> 
     </span>
    </p>
   </div>
   <div class='ocr_carea' id='block_1_18' title="bbox 301 1666 1879 1722">
    <p class='ocr_par' dir='ltr' id='par_1_18' title="bbox 301 1666 1879 1722">
     <span class='ocr_line' id='line_1_18' title="bbox 301 1666 1879 1722; baseline 0 -1"><span class='ocrx_word' id='word_1_100' title='bbox 301 1666 629 1721; x_wconf 82' lang='lat' dir='ltr'><strong>suavitatem</strong></span> <span class='ocrx_word' id='word_1_101' title='bbox 670 1683 686 1722; x_wconf 72' lang='grc' dir='ltr'><strong>ι</strong></span> <span class='ocrx_word' id='word_1_102' title='bbox 725 1681 850 1721; x_wconf 86' lang='lat' dir='ltr'><strong>nam</strong></span> <span class='ocrx_word' id='word_1_103' title='bbox 895 1680 1092 1722; x_wconf 84' lang='lat' dir='ltr'><strong>sensus</strong></span> <span class='ocrx_word' id='word_1_104' title='bbox 1129 1667 1279 1721; x_wconf 86' lang='lat' dir='ltr'><strong>omni</strong></span> <span class='ocrx_word' id='word_1_105' title='bbox 1325 1681 1579 1722; x_wconf 83' lang='lat' dir='ltr'><strong>sermone</strong></span> <span class='ocrx_word' id='word_1_106' title='bbox 1607 1666 1879 1721; x_wconf 79' lang='lat' dir='ltr'><strong>ellicaeior</strong></span> 
     </span>
    </p>
   </div>
   <div class='ocr_carea' id='block_1_19' title="bbox 302 1758 1878 1829">
    <p class='ocr_par' dir='ltr' id='par_1_19' title="bbox 302 1758 1878 1829">
     <span class='ocr_line' id='line_1_19' title="bbox 302 1758 1878 1829; baseline 0.001 -19"><span class='ocrx_word' id='word_1_107' title='bbox 302 1766 390 1812; x_wconf 85' lang='lat' dir='ltr'><strong>est</strong></span> <span class='ocrx_word' id='word_1_108' title='bbox 417 1758 483 1813; x_wconf 91' lang='lat' dir='ltr'><strong>ad</strong></span> <span class='ocrx_word' id='word_1_109' title='bbox 510 1758 903 1829; x_wconf 86' lang='lat' dir='ltr'><strong>cognitionem,</strong></span> <span class='ocrx_word' id='word_1_110' title='bbox 936 1759 1193 1827; x_wconf 89' lang='lat' dir='ltr'><strong>quoniam</strong></span> <span class='ocrx_word' id='word_1_111' title='bbox 1231 1758 1283 1812; x_wconf 89' lang='lat' dir='ltr'><strong>id</strong></span> <span class='ocrx_word' id='word_1_112' title='bbox 1315 1759 1459 1828; x_wconf 87' lang='lat' dir='ltr'><strong>quod</strong></span> <span class='ocrx_word' id='word_1_113' title='bbox 1491 1758 1556 1812; x_wconf 81' lang='lat' dir='ltr'><strong>ad</strong></span> <span class='ocrx_word' id='word_1_114' title='bbox 1588 1758 1878 1827; x_wconf 79' lang='lat' dir='ltr'><strong>experien-</strong></span> 
     </span>
    </p>
   </div>
   <div class='ocr_carea' id='block_1_20' title="bbox 304 1849 1874 1924">
    <p class='ocr_par' dir='ltr' id='par_1_20' title="bbox 304 1849 1874 1924">
     <span class='ocr_line' id='line_1_20' title="bbox 304 1849 1874 1924; baseline 0.001 -20"><span class='ocrx_word' id='word_1_115' title='bbox 304 1849 434 1905; x_wconf 83' lang='lat' dir='ltr'><strong>tiam</strong></span> <span class='ocrx_word' id='word_1_116' title='bbox 480 1863 701 1919; x_wconf 89' lang='lat' dir='ltr'><strong>quoque</strong></span> <span class='ocrx_word' id='word_1_117' title='bbox 737 1851 1007 1920; x_wconf 81' lang='lat' dir='ltr'><strong>pervenit,</strong></span> <span class='ocrx_word' id='word_1_118' title='bbox 1053 1852 1201 1906; x_wconf 88' lang='lat' dir='ltr'><strong>omni</strong></span> <span class='ocrx_word' id='word_1_119' title='bbox 1246 1867 1501 1907; x_wconf 87' lang='lat' dir='ltr'><strong>sermone</strong></span> <span class='ocrx_word' id='word_1_120' title='bbox 1536 1854 1740 1924; x_wconf 85' lang='lat' dir='ltr'><strong>gratius</strong></span> <span class='ocrx_word' id='word_1_121' title='bbox 1770 1861 1874 1906; x_wconf 88' lang='lat' dir='ltr'><strong>est.</strong></span> 
     </span>
    </p>
   </div>
   <div class='ocr_carea' id='block_1_21' title="bbox 301 1945 1876 2019">
    <p class='ocr_par' dir='ltr' id='par_1_21' title="bbox 301 1945 1876 2019">
     <span class='ocr_line' id='line_1_21' title="bbox 301 1945 1876 2019; baseline 0 -17"><span class='ocrx_word' id='word_1_122' title='bbox 301 1945 443 2002; x_wconf 89' lang='lat' dir='ltr'><strong>Cum</strong></span> <span class='ocrx_word' id='word_1_123' title='bbox 497 1946 662 2019; x_wconf 82' lang='lat' dir='ltr'><strong>igitur</strong></span> <span class='ocrx_word' id='word_1_124' title='bbox 707 1948 1056 2017; x_wconf 80' lang='lat' dir='ltr'><strong>gustaveritis</strong></span> <span class='ocrx_word' id='word_1_125' title='bbox 1103 1946 1319 2002; x_wconf 82' lang='lat' dir='ltr'><strong>Domini</strong></span> <span class='ocrx_word' id='word_1_126' title='bbox 1370 1948 1783 2019; x_wconf 82' lang='lat' dir='ltr'><strong>benignitatem,</strong></span> <span class='ocrx_word' id='word_1_127' title='bbox 1823 1958 1876 2002; x_wconf 91' lang='lat' dir='ltr'><strong>et</strong></span> 
     </span>
    </p>
   </div>
   <div class='ocr_carea' id='block_1_22' title="bbox 303 2037 1874 2109">
    <p class='ocr_par' dir='ltr' id='par_1_22' title="bbox 303 2037 1874 2109">
     <span class='ocr_line' id='line_1_22' title="bbox 303 2037 1874 2109; baseline -0.002 -16"><span class='ocrx_word' id='word_1_128' title='bbox 303 2037 408 2109; x_wconf 86' lang='lat' dir='ltr'><strong>ipsi</strong></span> <span class='ocrx_word' id='word_1_129' title='bbox 464 2038 752 2093; x_wconf 77' lang='lat' dir='ltr'><strong>suavitatis</strong></span> <span class='ocrx_word' id='word_1_130' title='bbox 817 2039 1120 2093; x_wconf 83' lang='lat' dir='ltr'><strong>bonitatem</strong></span> <span class='ocrx_word' id='word_1_131' title='bbox 1182 2038 1325 2108; x_wconf 82' lang='lat' dir='ltr'><strong>apud</strong></span> <span class='ocrx_word' id='word_1_132' title='bbox 1385 2039 1524 2092; x_wconf 88' lang='lat' dir='ltr'><strong>alios</strong></span> <span class='ocrx_word' id='word_1_133' title='bbox 1583 2037 1874 2103; x_wconf 78' lang='lat' dir='ltr'><strong>ostendite,</strong></span> 
     </span>
    </p>
   </div>
   <div class='ocr_carea' id='block_1_23' title="bbox 302 2130 1875 2201">
    <p class='ocr_par' dir='ltr' id='par_1_23' title="bbox 302 2130 1875 2201">
     <span class='ocr_line' id='line_1_23' title="bbox 302 2130 1875 2201; baseline -0.003 -12"><span class='ocrx_word' id='word_1_134' title='bbox 302 2140 362 2189; x_wconf 86' lang='lat' dir='ltr'><strong>et</strong></span> <span class='ocrx_word' id='word_1_135' title='bbox 402 2145 500 2187; x_wconf 87' lang='lat' dir='ltr'><strong>vos</strong></span> <span class='ocrx_word' id='word_1_136' title='bbox 547 2131 695 2201; x_wconf 82' lang='lat' dir='ltr'><strong>ipsos</strong></span> <span class='ocrx_word' id='word_1_137' title='bbox 732 2131 800 2185; x_wconf 85' lang='lat' dir='ltr'><strong>ad</strong></span> <span class='ocrx_word' id='word_1_138' title='bbox 833 2146 959 2185; x_wconf 91' lang='lat' dir='ltr'><strong>eum</strong></span> <span class='ocrx_word' id='word_1_139' title='bbox 989 2139 1248 2200; x_wconf 84' lang='lat' dir='ltr'><strong>tanquam</strong></span> <span class='ocrx_word' id='word_1_140' title='bbox 1294 2131 1361 2185; x_wconf 83' lang='lat' dir='ltr'><strong>ad</strong></span> <span class='ocrx_word' id='word_1_141' title='bbox 1407 2130 1589 2185; x_wconf 79' lang='lat' dir='ltr'><strong>vivum</strong></span> <span class='ocrx_word' id='word_1_142' title='bbox 1643 2131 1875 2200; x_wconf 81' lang='lat' dir='ltr'><strong>lapidem</strong></span> 
     </span>
    </p>
   </div>
   <div class='ocr_carea' id='block_1_24' title="bbox 302 2222 1878 2296">
    <p class='ocr_par' dir='ltr' id='par_1_24' title="bbox 302 2222 1878 2296">
     <span class='ocr_line' id='line_1_24' title="bbox 302 2222 1878 2296; baseline -0.002 -17"><span class='ocrx_word' id='word_1_143' title='bbox 302 2224 621 2296; x_wconf 76' lang='lat' dir='ltr'><strong>angularem</strong></span> <span class='ocrx_word' id='word_1_144' title='bbox 649 2223 938 2293; x_wconf 85' lang='lat' dir='ltr'><strong>applicate,</strong></span> <span class='ocrx_word' id='word_1_145' title='bbox 967 2223 1060 2293; x_wconf 89' lang='lat' dir='ltr'><strong>qui</strong></span> <span class='ocrx_word' id='word_1_146' title='bbox 1093 2223 1164 2277; x_wconf 89' lang='lat' dir='ltr'><strong>ab</strong></span> <span class='ocrx_word' id='word_1_147' title='bbox 1192 2222 1507 2277; x_wconf 87' lang='lat' dir='ltr'><strong>hominibus</strong></span> <span class='ocrx_word' id='word_1_148' title='bbox 1533 2222 1751 2293; x_wconf 87' lang='lat' dir='ltr'><strong>quidem</strong></span> <span class='ocrx_word' id='word_1_149' title='bbox 1786 2239 1878 2277; x_wconf 87' lang='lat' dir='ltr'><strong>re-</strong></span> 
     </span>
    </p>
   </div>
   <div class='ocr_carea' id='block_1_25' title="bbox 300 2314 1876 2388">
    <p class='ocr_par' dir='ltr' id='par_1_25' title="bbox 300 2314 1876 2388">
     <span class='ocr_line' id='line_1_25' title="bbox 300 2314 1876 2388; baseline -0.003 -16"><span class='ocrx_word' id='word_1_150' title='bbox 300 2317 564 2388; x_wconf 85' lang='lat' dir='ltr'><strong>probatus</strong></span> <span class='ocrx_word' id='word_1_151' title='bbox 606 2325 723 2383; x_wconf 79' lang='lat' dir='ltr'><strong>est,</strong></span> <span class='ocrx_word' id='word_1_152' title='bbox 766 2317 909 2387; x_wconf 87' lang='lat' dir='ltr'><strong>apud</strong></span> <span class='ocrx_word' id='word_1_153' title='bbox 958 2315 1128 2371; x_wconf 83' lang='lat' dir='ltr'><strong>Deum</strong></span> <span class='ocrx_word' id='word_1_154' title='bbox 1177 2330 1307 2370; x_wconf 81' lang='lat' dir='ltr'><strong>vero</strong></span> <span class='ocrx_word' id='word_1_155' title='bbox 1350 2315 1626 2385; x_wconf 83' lang='lat' dir='ltr'><strong>pretiosus</strong></span> <span class='ocrx_word' id='word_1_156' title='bbox 1664 2324 1718 2370; x_wconf 88' lang='lat' dir='ltr'><strong>et</strong></span> <span class='ocrx_word' id='word_1_157' title='bbox 1763 2314 1876 2369; x_wconf 82' lang='lat' dir='ltr'><strong>ele-</strong></span> 
     </span>
    </p>
   </div>
   <div class='ocr_carea' id='block_1_26' title="bbox 301 2407 1875 2479">
    <p class='ocr_par' dir='ltr' id='par_1_26' title="bbox 301 2407 1875 2479">
     <span class='ocr_line' id='line_1_26' title="bbox 301 2407 1875 2479; baseline -0.003 -13"><span class='ocrx_word' id='word_1_158' title='bbox 301 2417 444 2475; x_wconf 88' lang='lat' dir='ltr'><strong>ctus,</strong></span> <span class='ocrx_word' id='word_1_159' title='bbox 474 2410 565 2479; x_wconf 92' lang='lat' dir='ltr'><strong>qui</strong></span> <span class='ocrx_word' id='word_1_160' title='bbox 615 2424 713 2479; x_wconf 83' lang='lat' dir='ltr'><strong>per</strong></span> <span class='ocrx_word' id='word_1_161' title='bbox 755 2408 1053 2478; x_wconf 78' lang='lat' dir='ltr'><strong>prophetas</strong></span> <span class='ocrx_word' id='word_1_162' title='bbox 1077 2421 1294 2477; x_wconf 51' lang='lat' dir='ltr'><strong>quotque</strong></span> <span class='ocrx_word' id='word_1_163' title='bbox 1327 2407 1686 2463; x_wconf 85' lang='lat' dir='ltr'><strong>annuntiatus</strong></span> <span class='ocrx_word' id='word_1_164' title='bbox 1736 2415 1822 2460; x_wconf 75' lang='lat' dir='ltr'><strong>est</strong></span> <span class='ocrx_word' id='word_1_165' title='bbox 1858 2423 1875 2461; x_wconf 91' lang='lat'><strong>:</strong></span> 
     </span>
    </p>
   </div>
   <div class='ocr_carea' id='block_1_27' title="bbox 299 2498 1878 2573">
    <p class='ocr_par' dir='ltr' id='par_1_27' title="bbox 299 2498 1878 2573">
     <span class='ocr_line' id='line_1_27' title="bbox 299 2498 1878 2573; baseline -0.006 -10"><span class='ocrx_word' id='word_1_166' title='bbox 299 2501 465 2573; x_wconf 66' lang='grc'><strong>495</strong></span> <span class='ocrx_word' id='word_1_167' title='bbox 532 2501 813 2559; x_wconf 82' lang='lat' dir='ltr'><strong>constricti</strong></span> <span class='ocrx_word' id='word_1_168' title='bbox 893 2515 1019 2570; x_wconf 75' lang='lat' dir='ltr'><strong>erga</strong></span> <span class='ocrx_word' id='word_1_169' title='bbox 1081 2515 1177 2555; x_wconf 89' lang='lat' dir='ltr'><strong>vos</strong></span> <span class='ocrx_word' id='word_1_170' title='bbox 1241 2499 1390 2569; x_wconf 89' lang='lat' dir='ltr'><strong>ipsos</strong></span> <span class='ocrx_word' id='word_1_171' title='bbox 1478 2508 1534 2554; x_wconf 87' lang='lat' dir='ltr'><strong>et</strong></span> <span class='ocrx_word' id='word_1_172' title='bbox 1612 2498 1878 2554; x_wconf 85' lang='lat' dir='ltr'><strong>cbaritate</strong></span> 
     </span>
    </p>
   </div>
   <div class='ocr_carea' id='block_1_28' title="bbox 302 2590 1879 2663">
    <p class='ocr_par' dir='ltr' id='par_1_28' title="bbox 302 2590 1879 2663">
     <span class='ocr_line' id='line_1_28' title="bbox 302 2590 1879 2663; baseline -0.004 -13"><span class='ocrx_word' id='word_1_173' title='bbox 302 2595 467 2658; x_wconf 88' lang='lat' dir='ltr'><strong>uniti,</strong></span> <span class='ocrx_word' id='word_1_174' title='bbox 510 2594 782 2663; x_wconf 81' lang='lat' dir='ltr'><strong>simulque</strong></span> <span class='ocrx_word' id='word_1_175' title='bbox 823 2593 990 2663; x_wconf 88' lang='lat' dir='ltr'><strong>aptati</strong></span> <span class='ocrx_word' id='word_1_176' title='bbox 1039 2593 1104 2646; x_wconf 84' lang='lat' dir='ltr'><strong>ad</strong></span> <span class='ocrx_word' id='word_1_177' title='bbox 1153 2590 1449 2661; x_wconf 84' lang='lat' dir='ltr'><strong>spiritualis</strong></span> <span class='ocrx_word' id='word_1_178' title='bbox 1488 2591 1684 2645; x_wconf 89' lang='lat' dir='ltr'><strong>domus</strong></span> <span class='ocrx_word' id='word_1_179' title='bbox 1731 2605 1879 2644; x_wconf 85' lang='lat' dir='ltr'><strong>com-</strong></span> 
     </span>
    </p>
   </div>
   <div class='ocr_carea' id='block_1_29' title="bbox 302 2681 1881 2753">
    <p class='ocr_par' dir='ltr' id='par_1_29' title="bbox 302 2681 1881 2753">
     <span class='ocr_line' id='line_1_29' title="bbox 302 2681 1881 2753; baseline 0 -17"><span class='ocrx_word' id='word_1_180' title='bbox 302 2682 623 2753; x_wconf 83' lang='lat' dir='ltr'><strong>pletionem,</strong></span> <span class='ocrx_word' id='word_1_181' title='bbox 668 2683 870 2737; x_wconf 85' lang='lat' dir='ltr'><strong>nullam</strong></span> <span class='ocrx_word' id='word_1_182' title='bbox 912 2682 1179 2737; x_wconf 77' lang='lat' dir='ltr'><strong>habentes</strong></span> <span class='ocrx_word' id='word_1_183' title='bbox 1221 2695 1409 2738; x_wconf 89' lang='lat' dir='ltr'><strong>curam</strong></span> <span class='ocrx_word' id='word_1_184' title='bbox 1449 2681 1518 2736; x_wconf 92' lang='lat' dir='ltr'><strong>de</strong></span> <span class='ocrx_word' id='word_1_185' title='bbox 1559 2688 1881 2750; x_wconf 81' lang='lat' dir='ltr'><strong>contemptu</strong></span> 
     </span>
    </p>
   </div>
   <div class='ocr_carea' id='block_1_30' title="bbox 303 2769 1878 2841">
    <p class='ocr_par' dir='ltr' id='par_1_30' title="bbox 303 2769 1878 2841">
     <span class='ocr_line' id='line_1_30' title="bbox 303 2769 1878 2841; baseline -0.001 -14"><span class='ocrx_word' id='word_1_186' title='bbox 303 2773 448 2841; x_wconf 84' lang='lat' dir='ltr'><strong>apud</strong></span> <span class='ocrx_word' id='word_1_187' title='bbox 492 2771 741 2827; x_wconf 80' lang='lat' dir='ltr'><strong>homines</strong></span> <span class='ocrx_word' id='word_1_188' title='bbox 775 2787 789 2822; x_wconf 92' lang='lat'><strong>:</strong></span> <span class='ocrx_word' id='word_1_189' title='bbox 819 2772 945 2841; x_wconf 81' lang='lat' dir='ltr'><strong>quia</strong></span> <span class='ocrx_word' id='word_1_190' title='bbox 991 2786 1173 2841; x_wconf 91' lang='lat' dir='ltr'><strong>neque</strong></span> <span class='ocrx_word' id='word_1_191' title='bbox 1210 2771 1356 2826; x_wconf 90' lang='lat' dir='ltr'><strong>illam</strong></span> <span class='ocrx_word' id='word_1_192' title='bbox 1403 2770 1596 2825; x_wconf 85' lang='lat' dir='ltr'><strong>habuit</strong></span> <span class='ocrx_word' id='word_1_193' title='bbox 1626 2769 1878 2826; x_wconf 84' lang='lat' dir='ltr'><strong>Christus</strong></span> 
     </span>
    </p>
   </div>
   <div class='ocr_carea' id='block_1_31' title="bbox 302 2861 1878 2933">
    <p class='ocr_par' dir='ltr' id='par_1_31' title="bbox 302 2861 1878 2933">
     <span class='ocr_line' id='line_1_31' title="bbox 302 2861 1878 2933; baseline -0.001 -16"><span class='ocrx_word' id='word_1_194' title='bbox 302 2861 440 2933; x_wconf 89' lang='lat' dir='ltr'><strong>lapis</strong></span> <span class='ocrx_word' id='word_1_195' title='bbox 473 2862 765 2933; x_wconf 79' lang='lat' dir='ltr'><strong>angularis,</strong></span> <span class='ocrx_word' id='word_1_196' title='bbox 796 2866 890 2932; x_wconf 73' lang='lat' dir='ltr'><strong>qui</strong></span> <span class='ocrx_word' id='word_1_197' title='bbox 924 2862 994 2918; x_wconf 88' lang='lat' dir='ltr'><strong>ab</strong></span> <span class='ocrx_word' id='word_1_198' title='bbox 1035 2863 1118 2917; x_wconf 87' lang='lat' dir='ltr'><strong>his</strong></span> <span class='ocrx_word' id='word_1_199' title='bbox 1152 2862 1472 2932; x_wconf 78' lang='lat' dir='ltr'><strong>reprobatus</strong></span> <span class='ocrx_word' id='word_1_200' title='bbox 1504 2870 1591 2917; x_wconf 87' lang='lat' dir='ltr'><strong>est</strong></span> <span class='ocrx_word' id='word_1_201' title='bbox 1621 2878 1634 2917; x_wconf 91' lang='lat'>:</span> <span class='ocrx_word' id='word_1_202' title='bbox 1663 2871 1718 2918; x_wconf 91' lang='lat' dir='ltr'><strong>et</strong></span> <span class='ocrx_word' id='word_1_203' title='bbox 1746 2878 1878 2918; x_wconf 85' lang='lat' dir='ltr'><strong>con-</strong></span> 
     </span>
    </p>
   </div>
   <div class='ocr_carea' id='block_1_32' title="bbox 302 2950 1876 3023">
    <p class='ocr_par' dir='ltr' id='par_1_32' title="bbox 302 2950 1876 3023">
     <span class='ocr_line' id='line_1_32' title="bbox 302 2950 1876 3023; baseline 0 -18"><span class='ocrx_word' id='word_1_204' title='bbox 302 2950 494 3005; x_wconf 89' lang='lat' dir='ltr'><strong>structi</strong></span> <span class='ocrx_word' id='word_1_205' title='bbox 525 2965 591 3005; x_wconf 88' lang='lat' dir='ltr'><strong>ac</strong></span> <span class='ocrx_word' id='word_1_206' title='bbox 624 2951 676 3004; x_wconf 92' lang='lat' dir='ltr'><strong>in</strong></span> <span class='ocrx_word' id='word_1_207' title='bbox 711 2952 933 3006; x_wconf 84' lang='lat' dir='ltr'><strong>domum</strong></span> <span class='ocrx_word' id='word_1_208' title='bbox 976 2952 1317 3021; x_wconf 86' lang='lat' dir='ltr'><strong>spiritualem</strong></span> <span class='ocrx_word' id='word_1_209' title='bbox 1342 2967 1371 3005; x_wconf 91' lang='lat' dir='ltr'><strong>a</strong></span> <span class='ocrx_word' id='word_1_210' title='bbox 1404 2952 1560 3007; x_wconf 85' lang='lat' dir='ltr'><strong>vobis</strong></span> <span class='ocrx_word' id='word_1_211' title='bbox 1590 2952 1723 3022; x_wconf 86' lang='lat' dir='ltr'><strong>ipsis</strong></span> <span class='ocrx_word' id='word_1_212' title='bbox 1751 2968 1876 3023; x_wconf 86' lang='lat' dir='ltr'><strong>per-</strong></span> 
     </span>
    </p>
   </div>
   <div class='ocr_carea' id='block_1_33' title="bbox 302 3041 1880 3112">
    <p class='ocr_par' dir='ltr' id='par_1_33' title="bbox 302 3041 1880 3112">
     <span class='ocr_line' id='line_1_33' title="bbox 302 3041 1880 3112; baseline 0.002 -13"><span class='ocrx_word' id='word_1_213' title='bbox 302 3041 455 3107; x_wconf 78' lang='lat' dir='ltr'><strong>fecti,</strong></span> <span class='ocrx_word' id='word_1_214' title='bbox 495 3052 856 3112; x_wconf 77' lang='lat' dir='ltr'><strong>sanctumque</strong></span> <span class='ocrx_word' id='word_1_215' title='bbox 885 3044 1254 3100; x_wconf 81' lang='lat' dir='ltr'><strong>sacerdotium</strong></span> <span class='ocrx_word' id='word_1_216' title='bbox 1288 3046 1751 3108; x_wconf 81' lang='lat' dir='ltr'><strong>demonstrantes.</strong></span> <span class='ocrx_word' id='word_1_217' title='bbox 1794 3046 1880 3102; x_wconf 77' lang='lat' dir='ltr'><strong>of-</strong></span> 
     </span>
    </p>
   </div>
   <div class='ocr_carea' id='block_1_34' title="bbox 1981 648 3553 730">
    <p class='ocr_par' dir='ltr' id='par_1_34' title="bbox 1981 648 3553 730">
     <span class='ocr_line' id='line_1_34' title="bbox 1981 648 3553 730; baseline -0.009 -16"><span class='ocrx_word' id='word_1_218' title='bbox 1981 660 2152 730; x_wconf 81' lang='grc' dir='ltr'>μυρία</span> <span class='ocrx_word' id='word_1_219' title='bbox 2182 659 2371 713; x_wconf 71' lang='grc' dir='ltr'>τούτου</span> <span class='ocrx_word' id='word_1_220' title='bbox 2413 659 2550 729; x_wconf 74' lang='grc' dir='ltr'>πρὸς</span> <span class='ocrx_word' id='word_1_221' title='bbox 2582 658 2674 711; x_wconf 76' lang='grc' dir='ltr'><strong>τὸν</strong></span> <span class='ocrx_word' id='word_1_222' title='bbox 2708 657 2920 726; x_wconf 76' lang='grc' dir='ltr'>πατέρα</span> <span class='ocrx_word' id='word_1_223' title='bbox 2964 652 3334 715; x_wconf 71' lang='grc' dir='ltr'>κατειπόντες.</span> <span class='ocrx_word' id='word_1_224' title='bbox 3370 648 3553 702; x_wconf 76' lang='grc' dir='ltr'>Διάτοι</span> 
     </span>
    </p>
   </div>
   <div class='ocr_carea' id='block_1_35' title="bbox 1977 740 3553 823">
    <p class='ocr_par' dir='ltr' id='par_1_35' title="bbox 1977 740 3553 823">
     <span class='ocr_line' id='line_1_35' title="bbox 1977 740 3553 823; baseline -0.009 -18"><span class='ocrx_word' id='word_1_225' title='bbox 1977 752 2172 817; x_wconf 76' lang='grc' dir='ltr'>ταῦτα,</span> <span class='ocrx_word' id='word_1_226' title='bbox 2205 752 2358 823; x_wconf 61' lang='grc' dir='ltr'>φησὶ,</span> <span class='ocrx_word' id='word_1_227' title='bbox 2388 749 2592 804; x_wconf 82' lang='grc' dir='ltr'>τούτων</span> <span class='ocrx_word' id='word_1_228' title='bbox 2621 750 2874 803; x_wconf 70' lang='grc' dir='ltr'>ἁπάντων</span> <span class='ocrx_word' id='word_1_229' title='bbox 2896 744 3313 817; x_wconf 77' lang='grc' dir='ltr'>καθαρεύοντες,</span> <span class='ocrx_word' id='word_1_230' title='bbox 3345 741 3423 805; x_wconf 80' lang='grc' dir='ltr'>ὡς</span> <span class='ocrx_word' id='word_1_231' title='bbox 3453 740 3553 808; x_wconf 80' lang='grc' dir='ltr'><strong>ἀρ·-</strong></span> 
     </span>
    </p>
   </div>
   <div class='ocr_carea' id='block_1_36' title="bbox 1977 827 3554 914">
    <p class='ocr_par' dir='ltr' id='par_1_36' title="bbox 1977 827 3554 914">
     <span class='ocr_line' id='line_1_36' title="bbox 1977 827 3554 914; baseline -0.008 -18"><span class='ocrx_word' id='word_1_232' title='bbox 1977 844 2265 913; x_wconf 69' lang='grc' dir='ltr'>τιγέννητα</span> <span class='ocrx_word' id='word_1_233' title='bbox 2296 843 2471 914; x_wconf 72' lang='grc' dir='ltr'><strong>βρέφη</strong></span> <span class='ocrx_word' id='word_1_234' title='bbox 2515 841 2763 912; x_wconf 86' lang='grc' dir='ltr'>πρόσιτε.</span> <span class='ocrx_word' id='word_1_235' title='bbox 2799 839 2939 910; x_wconf 83' lang='grc' dir='ltr'>(Τῶν</span> <span class='ocrx_word' id='word_1_236' title='bbox 2965 840 3073 907; x_wconf 78' lang='grc' dir='ltr'><strong>γὰρ</strong></span> <span class='ocrx_word' id='word_1_237' title='bbox 3114 835 3372 889; x_wconf 74' lang='grc' dir='ltr'><strong>τοιούτων</strong></span> <span class='ocrx_word' id='word_1_238' title='bbox 3415 827 3554 884; x_wconf 83' lang='grc' dir='ltr'>εἶναι</span> 
     </span>
    </p>
   </div>
   <div class='ocr_carea' id='block_1_37' title="bbox 1978 920 3555 1006">
    <p class='ocr_par' dir='ltr' id='par_1_37' title="bbox 1978 920 3555 1006">
     <span class='ocr_line' id='line_1_37' title="bbox 1978 920 3555 1006; baseline -0.01 -17"><span class='ocrx_word' id='word_1_239' title='bbox 1978 935 2073 991; x_wconf 71' lang='grc' dir='ltr'>καὶ</span> <span class='ocrx_word' id='word_1_240' title='bbox 2098 937 2196 1006; x_wconf 81' lang='grc' dir='ltr'><strong>τὴν</strong></span> <span class='ocrx_word' id='word_1_241' title='bbox 2239 934 2514 1005; x_wconf 71' lang='grc' dir='ltr'>βασιλείαν</span> <span class='ocrx_word' id='word_1_242' title='bbox 2568 935 2597 988; x_wconf 82' lang='grc' dir='ltr'><strong>ὁ</strong></span> <span class='ocrx_word' id='word_1_243' title='bbox 2647 932 2849 1003; x_wconf 77' lang='grc' dir='ltr'>Κύριος</span> <span class='ocrx_word' id='word_1_244' title='bbox 2882 927 3249 998; x_wconf 77' lang='grc' dir='ltr'>ἀπεφήνατο.)</span> <span class='ocrx_word' id='word_1_245' title='bbox 3310 926 3423 979; x_wconf 69' lang='grc' dir='ltr'>Καὶ</span> <span class='ocrx_word' id='word_1_246' title='bbox 3475 920 3555 994; x_wconf 80' lang='grc' dir='ltr'>τῷ</span> 
     </span>
    </p>
   </div>
   <div class='ocr_carea' id='block_1_38' title="bbox 1976 1015 3556 1099">
    <p class='ocr_par' dir='ltr' id='par_1_38' title="bbox 1976 1015 3556 1099">
     <span class='ocr_line' id='line_1_38' title="bbox 1976 1015 3556 1099; baseline -0.009 -18"><span class='ocrx_word' id='word_1_247' title='bbox 1976 1027 2150 1099; x_wconf 76' lang='grc' dir='ltr'>ἀδόλῳ</span> <span class='ocrx_word' id='word_1_248' title='bbox 2177 1027 2322 1098; x_wconf 81' lang='grc' dir='ltr'>λόγῳ</span> <span class='ocrx_word' id='word_1_249' title='bbox 2350 1026 2675 1098; x_wconf 82' lang='grc' dir='ltr'><strong>τρεφόμενοι</strong></span> <span class='ocrx_word' id='word_1_250' title='bbox 2712 1022 2945 1089; x_wconf 71' lang='grc' dir='ltr'>αὖξεσθε</span> <span class='ocrx_word' id='word_1_251' title='bbox 2988 1023 3070 1083; x_wconf 75' lang='grc' dir='ltr'>εἰς</span> <span class='ocrx_word' id='word_1_252' title='bbox 3102 1020 3299 1090; x_wconf 71' lang='grc' dir='ltr'>μέτρον</span> <span class='ocrx_word' id='word_1_253' title='bbox 3336 1015 3556 1086; x_wconf 75' lang='grc' dir='ltr'>ἡλικίας</span> 
     </span>
    </p>
   </div>
   <div class='ocr_carea' id='block_1_39' title="bbox 1977 1105 3555 1184">
    <p class='ocr_par' dir='ltr' id='par_1_39' title="bbox 1977 1105 3555 1184">
     <span class='ocr_line' id='line_1_39' title="bbox 1977 1105 3555 1184; baseline -0.007 -17"><span class='ocrx_word' id='word_1_254' title='bbox 1977 1111 2072 1167; x_wconf 85' lang='grc' dir='ltr'><strong>τοῦ</strong></span> <span class='ocrx_word' id='word_1_255' title='bbox 2097 1113 2464 1184; x_wconf 80' lang='grc' dir='ltr'><strong>πληρώματος</strong></span> <span class='ocrx_word' id='word_1_256' title='bbox 2501 1112 2595 1167; x_wconf 84' lang='grc' dir='ltr'><strong>τοῦ</strong></span> <span class='ocrx_word' id='word_1_257' title='bbox 2621 1110 2877 1184; x_wconf 84' lang='grc' dir='ltr'>Χριστοῦ.</span> <span class='ocrx_word' id='word_1_258' title='bbox 2907 1108 3239 1178; x_wconf 79' lang='grc' dir='ltr'>Γιυσάμενοι</span> <span class='ocrx_word' id='word_1_259' title='bbox 3273 1105 3403 1175; x_wconf 79' lang='grc' dir='ltr'>γὰρ,</span> <span class='ocrx_word' id='word_1_260' title='bbox 3426 1120 3555 1157; x_wconf 81' lang='grc' dir='ltr'>τουο</span> 
     </span>
    </p>
   </div>
   <div class='ocr_carea' id='block_1_40' title="bbox 1976 1192 3554 1273">
    <p class='ocr_par' dir='ltr' id='par_1_40' title="bbox 1976 1192 3554 1273">
     <span class='ocr_line' id='line_1_40' title="bbox 1976 1192 3554 1273; baseline -0.007 -17"><span class='ocrx_word' id='word_1_261' title='bbox 1976 1202 2147 1265; x_wconf 82' lang='grc' dir='ltr'>τέστι,</span> <span class='ocrx_word' id='word_1_262' title='bbox 2180 1204 2269 1257; x_wconf 72' lang='grc' dir='ltr'><strong>διὰ</strong></span> <span class='ocrx_word' id='word_1_263' title='bbox 2320 1203 2743 1273; x_wconf 75' lang='grc' dir='ltr'><strong>μεταχειρίσεως</strong></span> <span class='ocrx_word' id='word_1_264' title='bbox 2772 1201 2882 1254; x_wconf 84' lang='grc' dir='ltr'><strong>τῶν</strong></span> <span class='ocrx_word' id='word_1_265' title='bbox 2941 1199 3083 1253; x_wconf 74' lang='grc' dir='ltr'>κατὰ</span> <span class='ocrx_word' id='word_1_266' title='bbox 3136 1197 3198 1251; x_wconf 85' lang='grc' dir='ltr'><strong>τδ</strong></span> <span class='ocrx_word' id='word_1_267' title='bbox 3238 1192 3554 1263; x_wconf 79' lang='grc' dir='ltr'>εὐαγγέλιον</span> 
     </span>
    </p>
   </div>
   <div class='ocr_carea' id='block_1_41' title="bbox 1979 1285 3551 1365">
    <p class='ocr_par' dir='ltr' id='par_1_41' title="bbox 1979 1285 3551 1365">
     <span class='ocr_line' id='line_1_41' title="bbox 1979 1285 3551 1365; baseline -0.004 -19"><span class='ocrx_word' id='word_1_268' title='bbox 1979 1294 2279 1365; x_wconf 79' lang='grc' dir='ltr'>προϐάντες</span> <span class='ocrx_word' id='word_1_269' title='bbox 2322 1293 2483 1365; x_wconf 74' lang='grc' dir='ltr'>ἱερῶν</span> <span class='ocrx_word' id='word_1_270' title='bbox 2532 1293 2906 1362; x_wconf 79' lang='grc' dir='ltr'>ἔνταλμάτων,</span> <span class='ocrx_word' id='word_1_271' title='bbox 2960 1291 3211 1360; x_wconf 75' lang='grc' dir='ltr'><strong>αἰσθήσει</strong></span> <span class='ocrx_word' id='word_1_272' title='bbox 3276 1285 3551 1358; x_wconf 75' lang='grc' dir='ltr'><strong>ἐγνώκατε</strong></span> 
     </span>
    </p>
   </div>
   <div class='ocr_carea' id='block_1_42' title="bbox 1977 1374 3555 1457">
    <p class='ocr_par' dir='ltr' id='par_1_42' title="bbox 1977 1374 3555 1457">
     <span class='ocr_line' id='line_1_42' title="bbox 1977 1374 3555 1457; baseline -0.005 -18"><span class='ocrx_word' id='word_1_273' title='bbox 1977 1389 2038 1439; x_wconf 78' lang='grc' dir='ltr'>τὸ</span> <span class='ocrx_word' id='word_1_274' title='bbox 2066 1387 2167 1457; x_wconf 75' lang='grc' dir='ltr'>τῆς</span> <span class='ocrx_word' id='word_1_275' title='bbox 2211 1386 2564 1449; x_wconf 78' lang='grc' dir='ltr'><strong>διδασκαλίας</strong></span> <span class='ocrx_word' id='word_1_276' title='bbox 2596 1385 2854 1455; x_wconf 82' lang='grc' dir='ltr'>χρηστόν.</span> <span class='ocrx_word' id='word_1_277' title='bbox 2916 1382 3180 1451; x_wconf 74' lang='grc' dir='ltr'>Αἴσθησις</span> <span class='ocrx_word' id='word_1_278' title='bbox 3214 1380 3322 1450; x_wconf 82' lang='grc' dir='ltr'>γὰρ</span> <span class='ocrx_word' id='word_1_279' title='bbox 3352 1374 3555 1437; x_wconf 72' lang='grc' dir='ltr'>παντὸς</span> 
     </span>
    </p>
   </div>
   <div class='ocr_carea' id='block_1_43' title="bbox 1978 1468 3555 1550">
    <p class='ocr_par' dir='ltr' id='par_1_43' title="bbox 1978 1468 3555 1550">
     <span class='ocr_line' id='line_1_43' title="bbox 1978 1468 3555 1550; baseline -0.008 -16"><span class='ocrx_word' id='word_1_280' title='bbox 1978 1481 2139 1549; x_wconf 84' lang='grc' dir='ltr'>λόγου</span> <span class='ocrx_word' id='word_1_281' title='bbox 2188 1480 2327 1550; x_wconf 77' lang='grc' dir='ltr'>πρὸς</span> <span class='ocrx_word' id='word_1_282' title='bbox 2381 1479 2586 1548; x_wconf 83' lang='grc' dir='ltr'>γνῶσιν</span> <span class='ocrx_word' id='word_1_283' title='bbox 2639 1477 3020 1548; x_wconf 78' lang='grc' dir='ltr'>ἐνεργεστέρα,</span> <span class='ocrx_word' id='word_1_284' title='bbox 3072 1474 3156 1526; x_wconf 84' lang='grc' dir='ltr'><strong>δτι</strong></span> <span class='ocrx_word' id='word_1_285' title='bbox 3215 1471 3310 1527; x_wconf 68' lang='grc' dir='ltr'><strong>καὶ¹</strong></span> <span class='ocrx_word' id='word_1_286' title='bbox 3362 1471 3427 1523; x_wconf 82' lang='grc' dir='ltr'><strong>τὸ</strong></span> <span class='ocrx_word' id='word_1_287' title='bbox 3472 1468 3555 1532; x_wconf 72' lang='grc' dir='ltr'>εἰς</span> 
     </span>
    </p>
   </div>
   <div class='ocr_carea' id='block_1_44' title="bbox 1980 1563 3553 1642">
    <p class='ocr_par' dir='ltr' id='par_1_44' title="bbox 1980 1563 3553 1642">
     <span class='ocr_line' id='line_1_44' title="bbox 1980 1563 3553 1642; baseline -0.006 -17"><span class='ocrx_word' id='word_1_288' title='bbox 1980 1573 2176 1642; x_wconf 78' lang='grc' dir='ltr'>πεῖραν</span> <span class='ocrx_word' id='word_1_289' title='bbox 2222 1566 2378 1642; x_wconf 80' lang='grc' dir='ltr'>ἧκον,</span> <span class='ocrx_word' id='word_1_290' title='bbox 2426 1569 2521 1623; x_wconf 80' lang='grc' dir='ltr'><strong>τοῦ</strong></span> <span class='ocrx_word' id='word_1_291' title='bbox 2582 1568 2668 1624; x_wconf 70' lang='grc' dir='ltr'>διὰ</span> <span class='ocrx_word' id='word_1_292' title='bbox 2703 1570 2867 1637; x_wconf 86' lang='grc' dir='ltr'>λόγου</span> <span class='ocrx_word' id='word_1_293' title='bbox 2920 1565 3125 1629; x_wconf 77' lang='grc' dir='ltr'>παντὸς</span> <span class='ocrx_word' id='word_1_294' title='bbox 3173 1563 3553 1637; x_wconf 76' lang='grc' dir='ltr'><strong>χαριέστερον.</strong></span> 
     </span>
    </p>
   </div>
   <div class='ocr_carea' id='block_1_45' title="bbox 1977 1653 3553 1732">
    <p class='ocr_par' dir='ltr' id='par_1_45' title="bbox 1977 1653 3553 1732">
     <span class='ocr_line' id='line_1_45' title="bbox 1977 1653 3553 1732; baseline -0.007 -16"><span class='ocrx_word' id='word_1_295' title='bbox 1977 1662 2316 1732; x_wconf 84' lang='grc' dir='ltr'>Γευσάμενοι</span> <span class='ocrx_word' id='word_1_296' title='bbox 2370 1663 2551 1716; x_wconf 81' lang='grc' dir='ltr'>τοίνυν</span> <span class='ocrx_word' id='word_1_297' title='bbox 2604 1662 2706 1731; x_wconf 83' lang='grc' dir='ltr'><strong>τῆς</strong></span> <span class='ocrx_word' id='word_1_298' title='bbox 2753 1661 2847 1714; x_wconf 84' lang='grc' dir='ltr'><strong>τοῦ</strong></span> <span class='ocrx_word' id='word_1_299' title='bbox 2896 1659 3101 1732; x_wconf 76' lang='grc' dir='ltr'>Κυρίου</span> <span class='ocrx_word' id='word_1_300' title='bbox 3164 1653 3553 1727; x_wconf 78' lang='grc' dir='ltr'><strong>χρηστότητος,</strong></span> 
     </span>
    </p>
   </div>
   <div class='ocr_carea' id='block_1_46' title="bbox 1980 1743 3556 1825">
    <p class='ocr_par' dir='ltr' id='par_1_46' title="bbox 1980 1743 3556 1825">
     <span class='ocr_line' id='line_1_46' title="bbox 1980 1743 3556 1825; baseline -0.001 -17"><span class='ocrx_word' id='word_1_301' title='bbox 1980 1755 2076 1808; x_wconf 80' lang='grc' dir='ltr'><strong>καὶ</strong></span> <span class='ocrx_word' id='word_1_302' title='bbox 2115 1754 2271 1807; x_wconf 73' lang='grc' dir='ltr'>αὐτοὶ</span> <span class='ocrx_word' id='word_1_303' title='bbox 2303 1754 2365 1808; x_wconf 79' lang='grc' dir='ltr'><strong>τὸ</strong></span> <span class='ocrx_word' id='word_1_304' title='bbox 2422 1756 2523 1825; x_wconf 76' lang='grc' dir='ltr'>τῆς</span> <span class='ocrx_word' id='word_1_305' title='bbox 2570 1752 2940 1823; x_wconf 75' lang='grc' dir='ltr'>χρηστότητος</span> <span class='ocrx_word' id='word_1_306' title='bbox 2977 1749 3180 1819; x_wconf 79' lang='grc' dir='ltr'>ἀγαθὸν</span> <span class='ocrx_word' id='word_1_307' title='bbox 3237 1747 3315 1809; x_wconf 85' lang='grc' dir='ltr'>εἰς</span> <span class='ocrx_word' id='word_1_308' title='bbox 3363 1743 3556 1806; x_wconf 59' lang='grc' dir='ltr'>ἄλλους</span> 
     </span>
    </p>
   </div>
   <div class='ocr_carea' id='block_1_47' title="bbox 1979 1836 3556 1913">
    <p class='ocr_par' dir='ltr' id='par_1_47' title="bbox 1979 1836 3556 1913">
     <span class='ocr_line' id='line_1_47' title="bbox 1979 1836 3556 1913; baseline -0.006 -18"><span class='ocrx_word' id='word_1_309' title='bbox 1979 1842 2438 1913; x_wconf 77' lang='grc' dir='ltr'>ἐπιδεικνύμενοι,</span> <span class='ocrx_word' id='word_1_310' title='bbox 2477 1845 2576 1897; x_wconf 74' lang='grc' dir='ltr'><strong>καὶ</strong></span> <span class='ocrx_word' id='word_1_311' title='bbox 2604 1843 2679 1906; x_wconf 82' lang='grc' dir='ltr'><strong>ὡς</strong></span> <span class='ocrx_word' id='word_1_312' title='bbox 2709 1842 2845 1913; x_wconf 79' lang='grc' dir='ltr'>λίθῳ</span> <span class='ocrx_word' id='word_1_313' title='bbox 2884 1841 3047 1907; x_wconf 73' lang='grc' dir='ltr'>ζῶντι</span> <span class='ocrx_word' id='word_1_314' title='bbox 3083 1838 3407 1907; x_wconf 81' lang='grc' dir='ltr'>ἀναθέμενοι</span> <span class='ocrx_word' id='word_1_315' title='bbox 3428 1836 3556 1889; x_wconf 75' lang='grc' dir='ltr'>ἑαυ-</span> 
     </span>
    </p>
   </div>
   <div class='ocr_carea' id='block_1_48' title="bbox 1978 1925 3553 2007">
    <p class='ocr_par' dir='ltr' id='par_1_48' title="bbox 1978 1925 3553 2007">
     <span class='ocr_line' id='line_1_48' title="bbox 1978 1925 3553 2007; baseline -0.006 -18"><span class='ocrx_word' id='word_1_316' title='bbox 1978 1936 2108 1997; x_wconf 75' lang='grc' dir='ltr'>τοὺς</span> <span class='ocrx_word' id='word_1_317' title='bbox 2131 1934 2209 2007; x_wconf 78' lang='grc' dir='ltr'>τῷ</span> <span class='ocrx_word' id='word_1_318' title='bbox 2240 1935 2646 2006; x_wconf 81' lang='grc' dir='ltr'>ἁκρογωνιαίῳ,</span> <span class='ocrx_word' id='word_1_319' title='bbox 2688 1933 2765 2005; x_wconf 83' lang='grc' dir='ltr'><strong>τῷ</strong></span> <span class='ocrx_word' id='word_1_320' title='bbox 2789 1931 3276 2003; x_wconf 80' lang='grc' dir='ltr'>ἁποδοκιμασθέντι</span> <span class='ocrx_word' id='word_1_321' title='bbox 3313 1928 3412 1998; x_wconf 72' lang='grc' dir='ltr'><strong>μὲν</strong></span> <span class='ocrx_word' id='word_1_322' title='bbox 3450 1925 3553 1980; x_wconf 77' lang='grc' dir='ltr'><strong>ὑπὸ</strong></span> 
     </span>
    </p>
   </div>
   <div class='ocr_carea' id='block_1_49' title="bbox 1980 2017 3554 2099">
    <p class='ocr_par' dir='ltr' id='par_1_49' title="bbox 1980 2017 3554 2099">
     <span class='ocr_line' id='line_1_49' title="bbox 1980 2017 3554 2099; baseline -0.006 -19"><span class='ocrx_word' id='word_1_323' title='bbox 1980 2027 2307 2099; x_wconf 80' lang='grc' dir='ltr'>ἀνθρώπων,</span> <span class='ocrx_word' id='word_1_324' title='bbox 2340 2026 2492 2096; x_wconf 79' lang='grc' dir='ltr'>παρὰ</span> <span class='ocrx_word' id='word_1_325' title='bbox 2524 2026 2583 2080; x_wconf 73' lang='grc' dir='ltr'>δὲ</span> <span class='ocrx_word' id='word_1_326' title='bbox 2610 2026 2727 2097; x_wconf 81' lang='grc' dir='ltr'><strong>Θεῷ</strong></span> <span class='ocrx_word' id='word_1_327' title='bbox 2761 2026 2963 2095; x_wconf 74' lang='grc' dir='ltr'>ἐντίμῳ</span> <span class='ocrx_word' id='word_1_328' title='bbox 3019 2023 3117 2077; x_wconf 69' lang='grc' dir='ltr'><strong>καὶ</strong></span> <span class='ocrx_word' id='word_1_329' title='bbox 3167 2018 3409 2091; x_wconf 81' lang='grc' dir='ltr'>ὲκλεκτῷ</span> <span class='ocrx_word' id='word_1_330' title='bbox 3458 2017 3554 2071; x_wconf 71' lang='grc' dir='ltr'>καὶ</span> 
     </span>
    </p>
   </div>
   <div class='ocr_carea' id='block_1_50' title="bbox 1978 2111 3554 2190">
    <p class='ocr_par' dir='ltr' id='par_1_50' title="bbox 1978 2111 3554 2190">
     <span class='ocr_line' id='line_1_50' title="bbox 1978 2111 3554 2190; baseline -0.006 -17"><span class='ocrx_word' id='word_1_331' title='bbox 1978 2119 2093 2173; x_wconf 79' lang='grc' dir='ltr'>δντι</span> <span class='ocrx_word' id='word_1_332' title='bbox 2121 2124 2216 2173; x_wconf 77' lang='grc' dir='ltr'>καὶ</span> <span class='ocrx_word' id='word_1_333' title='bbox 2246 2120 2334 2173; x_wconf 74' lang='grc' dir='ltr'><strong>διὰ</strong></span> <span class='ocrx_word' id='word_1_334' title='bbox 2361 2120 2471 2173; x_wconf 86' lang='grc' dir='ltr'><strong>τῶν</strong></span> <span class='ocrx_word' id='word_1_335' title='bbox 2500 2119 2796 2190; x_wconf 77' lang='grc' dir='ltr'><strong>προφητῶν</strong></span> <span class='ocrx_word' id='word_1_336' title='bbox 2826 2115 3284 2187; x_wconf 67' lang='grc' dir='ltr'>κατηγγελμέυῳ,</span> <span class='ocrx_word' id='word_1_337' title='bbox 3323 2111 3554 2179; x_wconf 72' lang='grc' dir='ltr'>συσφῐγ-</span> 
     </span>
    </p>
   </div>
   <div class='ocr_carea' id='block_1_51' title="bbox 1978 2204 3554 2283">
    <p class='ocr_par' dir='ltr' id='par_1_51' title="bbox 1978 2204 3554 2283">
     <span class='ocr_line' id='line_1_51' title="bbox 1978 2204 3554 2283; baseline -0.006 -17"><span class='ocrx_word' id='word_1_338' title='bbox 1978 2212 2142 2281; x_wconf 80' lang='grc' dir='ltr'>γεσθε</span> <span class='ocrx_word' id='word_1_339' title='bbox 2197 2212 2334 2283; x_wconf 75' lang='grc' dir='ltr'>πρὸς</span> <span class='ocrx_word' id='word_1_340' title='bbox 2392 2212 2643 2278; x_wconf 80' lang='grc' dir='ltr'>ἑαυτοὺς,</span> <span class='ocrx_word' id='word_1_341' title='bbox 2689 2212 2755 2265; x_wconf 88' lang='grc' dir='ltr'>δι’</span> <span class='ocrx_word' id='word_1_342' title='bbox 2792 2212 3013 2280; x_wconf 75' lang='grc' dir='ltr'>ἀγάπης</span> <span class='ocrx_word' id='word_1_343' title='bbox 3048 2206 3331 2278; x_wconf 79' lang='grc' dir='ltr'>ἑνούμενοί</span> <span class='ocrx_word' id='word_1_344' title='bbox 3358 2221 3417 2259; x_wconf 87' lang='grc' dir='ltr'><strong>τε</strong></span> <span class='ocrx_word' id='word_1_345' title='bbox 3458 2204 3554 2257; x_wconf 69' lang='grc' dir='ltr'><strong>καὶ</strong></span> 
     </span>
    </p>
   </div>
   <div class='ocr_carea' id='block_1_52' title="bbox 1981 2296 3553 2375">
    <p class='ocr_par' dir='ltr' id='par_1_52' title="bbox 1981 2296 3553 2375">
     <span class='ocr_line' id='line_1_52' title="bbox 1981 2296 3553 2375; baseline -0.008 -15"><span class='ocrx_word' id='word_1_346' title='bbox 1981 2304 2549 2374; x_wconf 74' lang='grc' dir='ltr'>συναρμολογούμενοι</span> <span class='ocrx_word' id='word_1_347' title='bbox 2593 2306 2672 2368; x_wconf 75' lang='grc' dir='ltr'>εἰς</span> <span class='ocrx_word' id='word_1_348' title='bbox 2701 2306 2801 2375; x_wconf 74' lang='grc' dir='ltr'>τὴν</span> <span class='ocrx_word' id='word_1_349' title='bbox 2852 2304 2945 2356; x_wconf 73' lang='grc' dir='ltr'><strong>τοῦ</strong></span> <span class='ocrx_word' id='word_1_350' title='bbox 2997 2297 3368 2370; x_wconf 75' lang='grc' dir='ltr'>πνευματικοῦ</span> <span class='ocrx_word' id='word_1_351' title='bbox 3399 2296 3553 2350; x_wconf 71' lang='grc' dir='ltr'>οἷκου</span> 
     </span>
    </p>
   </div>
   <div class='ocr_carea' id='block_1_53' title="bbox 1979 2385 3557 2464">
    <p class='ocr_par' dir='ltr' id='par_1_53' title="bbox 1979 2385 3557 2464">
     <span class='ocr_line' id='line_1_53' title="bbox 1979 2385 3557 2464; baseline -0.006 -17"><span class='ocrx_word' id='word_1_352' title='bbox 1979 2392 2399 2464; x_wconf 82' lang='grc' dir='ltr'><strong>συμπλήρωσιν,</strong></span> <span class='ocrx_word' id='word_1_353' title='bbox 2442 2393 2610 2464; x_wconf 84' lang='grc' dir='ltr'>μηδὲν</span> <span class='ocrx_word' id='word_1_354' title='bbox 2664 2392 2763 2461; x_wconf 83' lang='grc' dir='ltr'>τῆς</span> <span class='ocrx_word' id='word_1_355' title='bbox 2823 2392 2932 2447; x_wconf 89' lang='grc' dir='ltr'><strong>τῶν</strong></span> <span class='ocrx_word' id='word_1_356' title='bbox 2988 2390 3291 2460; x_wconf 75' lang='grc' dir='ltr'>ἀνθρώπιον</span> <span class='ocrx_word' id='word_1_357' title='bbox 3339 2385 3557 2457; x_wconf 72' lang='grc' dir='ltr'>φροντί-</span> 
     </span>
    </p>
   </div>
   <div class='ocr_carea' id='block_1_54' title="bbox 1980 2481 3553 2557">
    <p class='ocr_par' dir='ltr' id='par_1_54' title="bbox 1980 2481 3553 2557">
     <span class='ocr_line' id='line_1_54' title="bbox 1980 2481 3553 2557; baseline -0.008 -14"><span class='ocrx_word' id='word_1_358' title='bbox 1980 2489 2164 2552; x_wconf 80' lang='grc' dir='ltr'>ζοντες</span> <span class='ocrx_word' id='word_1_359' title='bbox 2192 2487 2588 2552; x_wconf 80' lang='grc' dir='ltr'>ὲξουδενὼσεως</span> <span class='ocrx_word' id='word_1_360' title='bbox 2613 2501 2628 2517; x_wconf 92' lang='grc'><strong>·</strong></span> <span class='ocrx_word' id='word_1_361' title='bbox 2659 2489 2742 2539; x_wconf 84' lang='grc' dir='ltr'><strong>ὅτι</strong></span> <span class='ocrx_word' id='word_1_362' title='bbox 2802 2486 2935 2557; x_wconf 84' lang='grc' dir='ltr'><strong>μηδὲ</strong></span> <span class='ocrx_word' id='word_1_363' title='bbox 2975 2487 3003 2539; x_wconf 84' lang='grc' dir='ltr'>ὁ</span> <span class='ocrx_word' id='word_1_364' title='bbox 3042 2484 3147 2537; x_wconf 78' lang='grc' dir='ltr'>ὑπὸ</span> <span class='ocrx_word' id='word_1_365' title='bbox 3173 2481 3380 2535; x_wconf 80' lang='grc' dir='ltr'>τούτων</span> <span class='ocrx_word' id='word_1_366' title='bbox 3414 2481 3553 2533; x_wconf 81' lang='grc' dir='ltr'>ἀπο-</span> 
     </span>
    </p>
   </div>
   <div class='ocr_carea' id='block_1_55' title="bbox 1977 2576 3553 2650">
    <p class='ocr_par' dir='ltr' id='par_1_55' title="bbox 1977 2576 3553 2650">
     <span class='ocr_line' id='line_1_55' title="bbox 1977 2576 3553 2650; baseline -0.006 -17"><span class='ocrx_word' id='word_1_367' title='bbox 1977 2579 2333 2649; x_wconf 80' lang='grc' dir='ltr'>δοκιμασθεὶς</span> <span class='ocrx_word' id='word_1_368' title='bbox 2376 2582 2779 2650; x_wconf 82' lang='grc' dir='ltr'>ἁκρογωνιαῖος</span> <span class='ocrx_word' id='word_1_369' title='bbox 2808 2578 3063 2649; x_wconf 83' lang='grc' dir='ltr'>Χριστός.</span> <span class='ocrx_word' id='word_1_370' title='bbox 3126 2576 3234 2629; x_wconf 73' lang='grc' dir='ltr'><strong>Καὶ</strong></span> <span class='ocrx_word' id='word_1_371' title='bbox 3278 2587 3553 2641; x_wconf 82' lang='grc' dir='ltr'>συναρμο-</span> 
     </span>
    </p>
   </div>
   <div class='ocr_carea' id='block_1_56' title="bbox 1978 2661 3555 2742">
    <p class='ocr_par' dir='ltr' id='par_1_56' title="bbox 1978 2661 3555 2742">
     <span class='ocr_line' id='line_1_56' title="bbox 1978 2661 3555 2742; baseline -0.007 -17"><span class='ocrx_word' id='word_1_372' title='bbox 1978 2671 2307 2742; x_wconf 82' lang='grc' dir='ltr'>λογηθέντες</span> <span class='ocrx_word' id='word_1_373' title='bbox 2351 2670 2428 2734; x_wconf 70' lang='grc' dir='ltr'><strong>δὲ,</strong></span> <span class='ocrx_word' id='word_1_374' title='bbox 2479 2672 2574 2724; x_wconf 69' lang='grc' dir='ltr'><strong>καὶ</strong></span> <span class='ocrx_word' id='word_1_375' title='bbox 2600 2671 2680 2733; x_wconf 89' lang='grc' dir='ltr'>εἰς</span> <span class='ocrx_word' id='word_1_376' title='bbox 2727 2665 2876 2722; x_wconf 78' lang='grc' dir='ltr'>οἷκον</span> <span class='ocrx_word' id='word_1_377' title='bbox 2930 2666 3299 2736; x_wconf 76' lang='grc' dir='ltr'>πνευματικὸν</span> <span class='ocrx_word' id='word_1_378' title='bbox 3324 2661 3555 2724; x_wconf 73' lang='grc' dir='ltr'>ἑαυτοὺς</span> 
     </span>
    </p>
   </div>
   <div class='ocr_carea' id='block_1_57' title="bbox 1979 2757 3554 2833">
    <p class='ocr_par' dir='ltr' id='par_1_57' title="bbox 1979 2757 3554 2833">
     <span class='ocr_line' id='line_1_57' title="bbox 1979 2757 3554 2833; baseline -0.007 -17"><span class='ocrx_word' id='word_1_379' title='bbox 1979 2762 2451 2833; x_wconf 81' lang='grc' dir='ltr'>καταρτίσαντες,</span> <span class='ocrx_word' id='word_1_380' title='bbox 2482 2762 2580 2814; x_wconf 72' lang='grc' dir='ltr'>καὶ</span> <span class='ocrx_word' id='word_1_381' title='bbox 2625 2762 2923 2832; x_wconf 80' lang='grc' dir='ltr'>ἱεράτευμα</span> <span class='ocrx_word' id='word_1_382' title='bbox 2972 2758 3126 2823; x_wconf 66' lang='grc' dir='ltr'>ἅγιον</span> <span class='ocrx_word' id='word_1_383' title='bbox 3176 2757 3554 2827; x_wconf 76' lang='grc' dir='ltr'>ἀποφήναντες</span> 
     </span>
    </p>
   </div>
   <div class='ocr_carea' id='block_1_58' title="bbox 1978 2846 3551 2922">
    <p class='ocr_par' dir='ltr' id='par_1_58' title="bbox 1978 2846 3551 2922">
     <span class='ocr_line' id='line_1_58' title="bbox 1978 2846 3551 2922; baseline -0.008 -12"><span class='ocrx_word' id='word_1_384' title='bbox 1978 2856 2305 2922; x_wconf 75' lang='grc' dir='ltr'>ἀνενέγκατε</span> <span class='ocrx_word' id='word_1_385' title='bbox 2329 2853 2518 2916; x_wconf 82' lang='grc' dir='ltr'>θυσίας</span> <span class='ocrx_word' id='word_1_386' title='bbox 2548 2854 2944 2922; x_wconf 77' lang='grc' dir='ltr'>πνευματικὰς,</span> <span class='ocrx_word' id='word_1_387' title='bbox 2995 2852 3104 2905; x_wconf 85' lang='grc' dir='ltr'><strong>τῶν</strong></span> <span class='ocrx_word' id='word_1_388' title='bbox 3136 2851 3344 2918; x_wconf 76' lang='grc' dir='ltr'>ἀλόγων</span> <span class='ocrx_word' id='word_1_389' title='bbox 3372 2846 3551 2915; x_wconf 64' lang='grc' dir='ltr'>θυμά-</span> 
     </span>
    </p>
   </div>
   <div class='ocr_carea' id='block_1_59' title="bbox 1977 2939 3554 3019">
    <p class='ocr_par' dir='ltr' id='par_1_59' title="bbox 1977 2939 3554 3019">
     <span class='ocr_line' id='line_1_59' title="bbox 1977 2939 3554 3019; baseline -0.006 -15"><span class='ocrx_word' id='word_1_390' title='bbox 1977 2965 2086 3004; x_wconf 88' lang='grc' dir='ltr'>των</span> <span class='ocrx_word' id='word_1_391' title='bbox 2122 2947 2325 3019; x_wconf 79' lang='grc' dir='ltr'>μᾶλλον</span> <span class='ocrx_word' id='word_1_392' title='bbox 2357 2946 2820 3016; x_wconf 77' lang='grc' dir='ltr'>εὐαρεστουμένας</span> <span class='ocrx_word' id='word_1_393' title='bbox 2864 2945 3004 3015; x_wconf 82' lang='grc' dir='ltr'>Θεῷ.</span> <span class='ocrx_word' id='word_1_394' title='bbox 3030 2944 3123 3014; x_wconf 81' lang='grc' dir='ltr'><strong>Μὴ</strong></span> <span class='ocrx_word' id='word_1_395' title='bbox 3144 2944 3252 3014; x_wconf 80' lang='grc' dir='ltr'><strong>γὰρ</strong></span> <span class='ocrx_word' id='word_1_396' title='bbox 3271 2941 3448 2995; x_wconf 77' lang='grc' dir='ltr'>οἴεσθε</span> <span class='ocrx_word' id='word_1_397' title='bbox 3459 2939 3554 2995; x_wconf 83' lang='grc' dir='ltr'><strong>τδν</strong></span> 
     </span>
    </p>
   </div>
   <div class='ocr_carea' id='block_1_60' title="bbox 1979 3034 3559 3113">
    <p class='ocr_par' dir='ltr' id='par_1_60' title="bbox 1979 3034 3559 3113">
     <span class='ocr_line' id='line_1_60' title="bbox 1979 3034 3559 3113; baseline -0.004 -20"><span class='ocrx_word' id='word_1_398' title='bbox 1979 3040 2114 3113; x_wconf 69' lang='grc' dir='ltr'>πρὸς</span> <span class='ocrx_word' id='word_1_399' title='bbox 2133 3040 2393 3110; x_wconf 80' lang='grc' dir='ltr'><strong>ἀλλήλους</strong></span> <span class='ocrx_word' id='word_1_400' title='bbox 2414 3038 2710 3109; x_wconf 78' lang='grc' dir='ltr'>σύνδεσμον</span> <span class='ocrx_word' id='word_1_401' title='bbox 2720 3040 2809 3092; x_wconf 69' lang='grc' dir='ltr'><strong>τὸν</strong></span> <span class='ocrx_word' id='word_1_402' title='bbox 2830 3037 2917 3091; x_wconf 71' lang='grc' dir='ltr'>διὰ</span> <span class='ocrx_word' id='word_1_403' title='bbox 2931 3038 3029 3107; x_wconf 86' lang='grc' dir='ltr'><strong>τῆς</strong></span> <span class='ocrx_word' id='word_1_404' title='bbox 3047 3038 3267 3106; x_wconf 79' lang='grc' dir='ltr'>ἀγάπης</span> <span class='ocrx_word' id='word_1_405' title='bbox 3291 3034 3559 3106; x_wconf 81' lang='grc' dir='ltr'>κρατυνό-</span> 
     </span>
    </p>
   </div>
   <div class='ocr_carea' id='block_1_61' title="bbox 301 3126 1877 3209">
    <p class='ocr_par' dir='ltr' id='par_1_61' title="bbox 301 3133 1877 3209">
     <span class='ocr_line' id='line_1_61' title="bbox 301 3133 1877 3209; baseline 0.002 -19"><span class='ocrx_word' id='word_1_406' title='bbox 301 3133 441 3190; x_wconf 78' lang='lat' dir='ltr'><strong>fcrte</strong></span> <span class='ocrx_word' id='word_1_407' title='bbox 471 3135 676 3191; x_wconf 87' lang='lat' dir='ltr'><strong>hostias</strong></span> <span class='ocrx_word' id='word_1_408' title='bbox 707 3137 1045 3205; x_wconf 83' lang='lat' dir='ltr'><strong>spirituales,</strong></span> <span class='ocrx_word' id='word_1_409' title='bbox 1073 3152 1195 3206; x_wconf 67' lang='lat' dir='ltr'><strong>quae</strong></span> <span class='ocrx_word' id='word_1_410' title='bbox 1224 3152 1253 3191; x_wconf 87' lang='lat' dir='ltr'><strong>a</strong></span> <span class='ocrx_word' id='word_1_411' title='bbox 1283 3136 1393 3194; x_wconf 88' lang='lat' dir='ltr'><strong>Deo</strong></span> <span class='ocrx_word' id='word_1_412' title='bbox 1423 3137 1581 3208; x_wconf 86' lang='lat' dir='ltr'><strong>longe</strong></span> <span class='ocrx_word' id='word_1_413' title='bbox 1609 3138 1877 3209; x_wconf 70' lang='lat' dir='ltr'><strong>gratiores</strong></span> 
     </span>
    </p>
   </div>
   <div class='ocr_carea' id='block_1_62' title="bbox 1979 3126 3550 3209">
    <p class='ocr_par' dir='ltr' id='par_1_62' title="bbox 1984 3126 3550 3205">
     <span class='ocr_line' id='line_1_62' title="bbox 1984 3126 3550 3205; baseline -0.019 1"><span class='ocrx_word' id='word_1_414' title='bbox 1984 3150 2143 3205; x_wconf 76' lang='grc' dir='ltr'>μενον</span> <span class='ocrx_word' id='word_1_415' title='bbox 2169 3133 2243 3203; x_wconf 75' lang='grc' dir='ltr'><strong>μὴ</strong></span> <span class='ocrx_word' id='word_1_416' title='bbox 2264 3132 2578 3202; x_wconf 72' lang='grc' dir='ltr'><strong>ἐσχηκότες,</strong></span> <span class='ocrx_word' id='word_1_417' title='bbox 2602 3130 2861 3200; x_wconf 76' lang='grc' dir='ltr'><strong>ἀμώμους</strong></span> <span class='ocrx_word' id='word_1_418' title='bbox 2888 3129 3180 3200; x_wconf 73' lang='grc' dir='ltr'><strong>ἀναφέρειν</strong></span> <span class='ocrx_word' id='word_1_419' title='bbox 3199 3129 3388 3190; x_wconf 75' lang='grc' dir='ltr'>θυσίας</span> <span class='ocrx_word' id='word_1_420' title='bbox 3400 3126 3550 3197; x_wconf 81' lang='grc' dir='ltr'><strong>Θεῷ·</strong></span> 
     </span>
    </p>
   </div>
   <div class='ocr_carea' id='block_1_63' title="bbox 301 3218 1877 3300">
    <p class='ocr_par' dir='ltr' id='par_1_63' title="bbox 301 3228 1871 3300">
     <span class='ocr_line' id='line_1_63' title="bbox 301 3228 1871 3300; baseline 0.003 -19"><span class='ocrx_word' id='word_1_421' title='bbox 301 3236 431 3282; x_wconf 89' lang='lat' dir='ltr'><strong>sunt</strong></span> <span class='ocrx_word' id='word_1_422' title='bbox 473 3228 666 3283; x_wconf 87' lang='lat' dir='ltr'><strong>hostiis</strong></span> <span class='ocrx_word' id='word_1_423' title='bbox 707 3229 916 3283; x_wconf 86' lang='lat' dir='ltr'><strong>ratione</strong></span> <span class='ocrx_word' id='word_1_424' title='bbox 961 3231 1297 3285; x_wconf 81' lang='lat' dir='ltr'><strong>carentibus.</strong></span> <span class='ocrx_word' id='word_1_425' title='bbox 1340 3230 1416 3285; x_wconf 81' lang='lat' dir='ltr'><strong>Ne</strong></span> <span class='ocrx_word' id='word_1_426' title='bbox 1459 3230 1662 3300; x_wconf 88' lang='lat' dir='ltr'><strong>putetis</strong></span> <span class='ocrx_word' id='word_1_427' title='bbox 1705 3231 1871 3295; x_wconf 92' lang='lat' dir='ltr'><strong>enim,</strong></span> 
     </span>
    </p>
   </div>
   <div class='ocr_carea' id='block_1_64' title="bbox 1979 3218 3553 3300">
    <p class='ocr_par' dir='ltr' id='par_1_64' title="bbox 1981 3218 3553 3298">
     <span class='ocr_line' id='line_1_64' title="bbox 1981 3218 3553 3298; baseline -0.005 -17"><span class='ocrx_word' id='word_1_428' title='bbox 1981 3227 2238 3298; x_wconf 79' lang='grc' dir='ltr'>Δῐροντες</span> <span class='ocrx_word' id='word_1_429' title='bbox 2259 3225 2388 3296; x_wconf 84' lang='grc' dir='ltr'>γὰρ,</span> <span class='ocrx_word' id='word_1_430' title='bbox 2414 3228 2600 3294; x_wconf 76' lang='grc' dir='ltr'>φησὶν,</span> <span class='ocrx_word' id='word_1_431' title='bbox 2625 3223 2803 3286; x_wconf 77' lang='grc' dir='ltr'>ὁσίους</span> <span class='ocrx_word' id='word_1_432' title='bbox 2835 3225 3045 3293; x_wconf 82' lang='grc' dir='ltr'>χεῖρας,</span> <span class='ocrx_word' id='word_1_433' title='bbox 3067 3221 3236 3292; x_wconf 68' lang='grc' dir='ltr'>χωρὶς</span> <span class='ocrx_word' id='word_1_434' title='bbox 3261 3218 3428 3290; x_wconf 81' lang='grc' dir='ltr'>ὀργῆς</span> <span class='ocrx_word' id='word_1_435' title='bbox 3458 3220 3553 3273; x_wconf 73' lang='grc' dir='ltr'>καὶ</span> 
     </span>
    </p>
   </div>
   <div class='ocr_carea' id='block_1_65' title="bbox 302 3309 1877 3393">
    <p class='ocr_par' dir='ltr' id='par_1_65' title="bbox 302 3318 1874 3393">
     <span class='ocr_line' id='line_1_65' title="bbox 302 3318 1874 3393; baseline 0.003 -21"><span class='ocrx_word' id='word_1_436' title='bbox 302 3333 413 3374; x_wconf 91' lang='lat' dir='ltr'><strong>non</strong></span> <span class='ocrx_word' id='word_1_437' title='bbox 452 3318 714 3374; x_wconf 85' lang='lat' dir='ltr'><strong>habentes</strong></span> <span class='ocrx_word' id='word_1_438' title='bbox 751 3321 1199 3389; x_wconf 80' lang='lat' dir='ltr'><strong>coniunctionem</strong></span> <span class='ocrx_word' id='word_1_439' title='bbox 1229 3337 1359 3393; x_wconf 86' lang='lat' dir='ltr'><strong>erga</strong></span> <span class='ocrx_word' id='word_1_440' title='bbox 1389 3337 1489 3378; x_wconf 88' lang='lat' dir='ltr'><strong>vos</strong></span> <span class='ocrx_word' id='word_1_441' title='bbox 1521 3322 1756 3378; x_wconf 88' lang='lat' dir='ltr'><strong>invicem</strong></span> <span class='ocrx_word' id='word_1_442' title='bbox 1787 3322 1874 3378; x_wconf 66' lang='lat' dir='ltr'><strong>dio</strong></span> 
     </span>
    </p>
   </div>
   <div class='ocr_carea' id='block_1_66' title="bbox 1979 3309 3550 3393">
    <p class='ocr_par' dir='ltr' id='par_1_66' title="bbox 1979 3309 3550 3388">
     <span class='ocr_line' id='line_1_66' title="bbox 1979 3309 3550 3388; baseline -0.005 -17"><span class='ocrx_word' id='word_1_443' title='bbox 1979 3318 2362 3388; x_wconf 83' lang='grc' dir='ltr'>διαλογισμῶν.</span> <span class='ocrx_word' id='word_1_444' title='bbox 2392 3317 2516 3379; x_wconf 82' lang='grc' dir='ltr'>Πῶς</span> <span class='ocrx_word' id='word_1_445' title='bbox 2535 3315 2644 3386; x_wconf 75' lang='grc' dir='ltr'><strong>γὰρ</strong></span> <span class='ocrx_word' id='word_1_446' title='bbox 2666 3318 2692 3368; x_wconf 79' lang='grc' dir='ltr'><strong>ὸ</strong></span> <span class='ocrx_word' id='word_1_447' title='bbox 2713 3315 2801 3368; x_wconf 77' lang='grc' dir='ltr'><strong>διὰ</strong></span> <span class='ocrx_word' id='word_1_448' title='bbox 2827 3311 3132 3384; x_wconf 79' lang='grc' dir='ltr'>προσευχῆς</span> <span class='ocrx_word' id='word_1_449' title='bbox 3159 3312 3350 3366; x_wconf 67' lang='grc' dir='ltr'>ἑαυτὸν</span> <span class='ocrx_word' id='word_1_450' title='bbox 3381 3309 3550 3366; x_wconf 78' lang='grc' dir='ltr'>σπεύ-</span> 
     </span>
    </p>
   </div>
   <div class='ocr_carea' id='block_1_67' title="bbox 300 3402 1877 3478">
    <p class='ocr_par' dir='ltr' id='par_1_67' title="bbox 300 3407 1871 3476">
     <span class='ocr_line' id='line_1_67' title="bbox 300 3407 1871 3476; baseline 0.001 -9"><span class='ocrx_word' id='word_1_451' title='bbox 300 3407 535 3467; x_wconf 81' lang='lat' dir='ltr'><strong>lectione</strong></span> <span class='ocrx_word' id='word_1_452' title='bbox 560 3411 851 3476; x_wconf 77' lang='lat' dir='ltr'><strong>ﬁrmatam,</strong></span> <span class='ocrx_word' id='word_1_453' title='bbox 875 3414 1249 3469; x_wconf 83' lang='lat' dir='ltr'><strong>immaculatas</strong></span> <span class='ocrx_word' id='word_1_454' title='bbox 1276 3414 1389 3469; x_wconf 89' lang='lat' dir='ltr'><strong>Deo</strong></span> <span class='ocrx_word' id='word_1_455' title='bbox 1417 3414 1615 3470; x_wconf 79' lang='lat' dir='ltr'><strong>oﬂ‘erre</strong></span> <span class='ocrx_word' id='word_1_456' title='bbox 1645 3415 1871 3471; x_wconf 74' lang='lat' dir='ltr'><strong>bosnas.</strong></span> 
     </span>
    </p>
   </div>
   <div class='ocr_carea' id='block_1_68' title="bbox 1979 3402 3554 3478">
    <p class='ocr_par' dir='ltr' id='par_1_68' title="bbox 1979 3402 3554 3478">
     <span class='ocr_line' id='line_1_68' title="bbox 1979 3402 3554 3478; baseline -0.006 -14"><span class='ocrx_word' id='word_1_457' title='bbox 1979 3409 2084 3464; x_wconf 80' lang='grc' dir='ltr'><strong>δων</strong></span> <span class='ocrx_word' id='word_1_458' title='bbox 2104 3408 2259 3462; x_wconf 71' lang='grc' dir='ltr'>ἑνοῦν</span> <span class='ocrx_word' id='word_1_459' title='bbox 2287 3407 2364 3478; x_wconf 84' lang='grc' dir='ltr'><strong>τῷ</strong></span> <span class='ocrx_word' id='word_1_460' title='bbox 2408 3406 2526 3476; x_wconf 83' lang='grc' dir='ltr'><strong>Θεῷ</strong></span> <span class='ocrx_word' id='word_1_461' title='bbox 2547 3406 2795 3473; x_wconf 79' lang='grc' dir='ltr'>τεύξεται</span> <span class='ocrx_word' id='word_1_462' title='bbox 2831 3406 3043 3470; x_wconf 72' lang='grc' dir='ltr'>τούτου,</span> <span class='ocrx_word' id='word_1_463' title='bbox 3071 3403 3233 3467; x_wconf 73' lang='grc' dir='ltr'>αὐτὸς</span> <span class='ocrx_word' id='word_1_464' title='bbox 3272 3403 3465 3458; x_wconf 76' lang='grc' dir='ltr'>ἑαυτὸν</span> <span class='ocrx_word' id='word_1_465' title='bbox 3486 3402 3554 3455; x_wconf 78' lang='grc' dir='ltr'>δι’</span> 
     </span>
    </p>
   </div>
   <div class='ocr_carea' id='block_1_69' title="bbox 299 3499 1877 3576">
    <p class='ocr_par' dir='ltr' id='par_1_69' title="bbox 299 3500 1877 3576">
     <span class='ocr_line' id='line_1_69' title="bbox 299 3500 1877 3576; baseline 0.004 -22"><span class='ocrx_word' id='word_1_466' title='bbox 299 3500 393 3555; x_wconf 75' lang='lat' dir='ltr'><strong>Ait</strong></span> <span class='ocrx_word' id='word_1_467' title='bbox 428 3501 575 3556; x_wconf 86' lang='lat' dir='ltr'><strong>enim</strong></span> <span class='ocrx_word' id='word_1_468' title='bbox 611 3519 627 3563; x_wconf 83' lang='lat'><strong>;</strong></span> <span class='ocrx_word' id='word_1_469' title='bbox 671 3522 691 3555; x_wconf 85' lang='grc' dir='ltr'><strong>ι</strong></span> <span class='ocrx_word' id='word_1_470' title='bbox 725 3504 1016 3560; x_wconf 78' lang='lat' dir='ltr'><strong>Elevantes</strong></span> <span class='ocrx_word' id='word_1_471' title='bbox 1060 3505 1174 3573; x_wconf 88' lang='lat' dir='ltr'><strong>pias</strong></span> <span class='ocrx_word' id='word_1_472' title='bbox 1218 3521 1415 3560; x_wconf 84' lang='lat' dir='ltr'><strong>manus</strong></span> <span class='ocrx_word' id='word_1_473' title='bbox 1455 3506 1661 3576; x_wconf 86' lang='lat' dir='ltr'><strong>absque</strong></span> <span class='ocrx_word' id='word_1_474' title='bbox 1704 3506 1784 3560; x_wconf 83' lang='lat' dir='ltr'><strong>ira</strong></span> <span class='ocrx_word' id='word_1_475' title='bbox 1821 3512 1877 3561; x_wconf 90' lang='lat' dir='ltr'><strong>et</strong></span> 
     </span>
    </p>
   </div>
   <div class='ocr_carea' id='block_1_70' title="bbox 1979 3499 3553 3576">
    <p class='ocr_par' dir='ltr' id='par_1_70' title="bbox 1982 3499 3553 3575">
     <span class='ocr_line' id='line_1_70' title="bbox 1982 3499 3553 3575; baseline -0.006 -18"><span class='ocrx_word' id='word_1_476' title='bbox 1982 3504 2152 3575; x_wconf 83' lang='grc' dir='ltr'>ὀργῆς</span> <span class='ocrx_word' id='word_1_477' title='bbox 2169 3503 2635 3573; x_wconf 68' lang='grc' dir='ltr'>καὶδιαλογισμῶν</span> <span class='ocrx_word' id='word_1_478' title='bbox 2655 3502 2906 3572; x_wconf 83' lang='grc' dir='ltr'>πονηρῶν</span> <span class='ocrx_word' id='word_1_479' title='bbox 2918 3501 3011 3555; x_wconf 75' lang='grc' dir='ltr'>τοῦ</span> <span class='ocrx_word' id='word_1_480' title='bbox 3029 3499 3257 3569; x_wconf 84' lang='grc' dir='ltr'>ἁδελφοῦ</span> <span class='ocrx_word' id='word_1_481' title='bbox 3270 3499 3553 3565; x_wconf 59' lang='lat' dir='ltr'><strong>amona»;</strong></span> 
     </span>
    </p>
   </div>
   <div class='ocr_carea' id='block_1_71' title="bbox 300 3591 3550 3667">
    <p class='ocr_par' dir='ltr' id='par_1_71' title="bbox 300 3591 3550 3667">
     <span class='ocr_line' id='line_1_71' title="bbox 300 3591 3550 3667; baseline -0.002 -17"><span class='ocrx_word' id='word_1_482' title='bbox 300 3592 786 3663; x_wconf 79' lang='lat' dir='ltr'><strong>disceptationibus</strong></span> <span class='ocrx_word' id='word_1_483' title='bbox 808 3596 872 3649; x_wconf 68' lang='grc' dir='ltr'>π.</span> <span class='ocrx_word' id='word_1_484' title='bbox 908 3614 928 3649; x_wconf 82' lang='grc'><strong>›</strong></span> <span class='ocrx_word' id='word_1_485' title='bbox 992 3596 1276 3661; x_wconf 84' lang='lat' dir='ltr'><strong>Quomodo</strong></span> <span class='ocrx_word' id='word_1_486' title='bbox 1312 3611 1548 3667; x_wconf 89' lang='lat' dir='ltr'><strong>namque</strong></span> <span class='ocrx_word' id='word_1_487' title='bbox 1580 3597 1624 3651; x_wconf 91' lang='lat' dir='ltr'><strong>is</strong></span> <span class='ocrx_word' id='word_1_488' title='bbox 1680 3595 1771 3667; x_wconf 86' lang='lat' dir='ltr'><strong>qui</strong></span> <span class='ocrx_word' id='word_1_489' title='bbox 1827 3612 1926 3667; x_wconf 90' lang='lat' dir='ltr'><strong>per</strong></span> <span class='ocrx_word' id='word_1_490' title='bbox 1978 3595 2278 3652; x_wconf 85' lang='lat' dir='ltr'><strong>orationem</strong></span> <span class='ocrx_word' id='word_1_491' title='bbox 2347 3609 2469 3650; x_wconf 84' lang='lat' dir='ltr'><strong>sese</strong></span> <span class='ocrx_word' id='word_1_492' title='bbox 2514 3594 2707 3649; x_wconf 86' lang='lat' dir='ltr'><strong>nititur</strong></span> <span class='ocrx_word' id='word_1_493' title='bbox 2749 3591 2860 3648; x_wconf 89' lang='lat' dir='ltr'><strong>Deo</strong></span> <span class='ocrx_word' id='word_1_494' title='bbox 2899 3593 3078 3661; x_wconf 91' lang='lat' dir='ltr'><strong>unire,</strong></span> <span class='ocrx_word' id='word_1_495' title='bbox 3121 3594 3173 3649; x_wconf 93' lang='lat' dir='ltr'><strong>id</strong></span> <span class='ocrx_word' id='word_1_496' title='bbox 3216 3601 3550 3663; x_wconf 85' lang='lat' dir='ltr'><strong>assequetur,</strong></span> 
     </span>
    </p>
   </div>
   <div class='ocr_carea' id='block_1_72' title="bbox 299 3679 2362 3762">
    <p class='ocr_par' dir='ltr' id='par_1_72' title="bbox 299 3679 2362 3762">
     <span class='ocr_line' id='line_1_72' title="bbox 299 3679 2362 3762; baseline 0.001 -20"><span class='ocrx_word' id='word_1_497' title='bbox 299 3686 433 3743; x_wconf 89' lang='lat' dir='ltr'><strong>dum</strong></span> <span class='ocrx_word' id='word_1_498' title='bbox 468 3703 569 3758; x_wconf 88' lang='lat' dir='ltr'><strong>per</strong></span> <span class='ocrx_word' id='word_1_499' title='bbox 600 3679 736 3744; x_wconf 77' lang='lat' dir='ltr'><strong>iram</strong></span> <span class='ocrx_word' id='word_1_500' title='bbox 777 3697 833 3744; x_wconf 89' lang='lat' dir='ltr'><strong>et</strong></span> <span class='ocrx_word' id='word_1_501' title='bbox 873 3705 1068 3759; x_wconf 86' lang='lat' dir='ltr'><strong>pravas</strong></span> <span class='ocrx_word' id='word_1_502' title='bbox 1105 3690 1526 3760; x_wconf 78' lang='lat' dir='ltr'><strong>disceptationes</strong></span> <span class='ocrx_word' id='word_1_503' title='bbox 1573 3693 1813 3762; x_wconf 81' lang='lat' dir='ltr'><strong>seipsum</strong></span> <span class='ocrx_word' id='word_1_504' title='bbox 1850 3708 1882 3746; x_wconf 88' lang='lat' dir='ltr'><strong>a</strong></span> <span class='ocrx_word' id='word_1_505' title='bbox 1912 3693 2075 3747; x_wconf 80' lang='lat' dir='ltr'><strong>fratre</strong></span> <span class='ocrx_word' id='word_1_506' title='bbox 2102 3692 2362 3762; x_wconf 79' lang='lat' dir='ltr'><strong>separat?</strong></span> 
     </span>
    </p>
   </div>
   <div class='ocr_carea' id='block_1_73' title="bbox 369 3778 1875 3854">
    <p class='ocr_par' dir='ltr' id='par_1_73' title="bbox 369 3778 1875 3854">
     <span class='ocr_line' id='line_1_73' title="bbox 369 3778 1875 3854; baseline 0.005 -20"><span class='ocrx_word' id='word_1_507' title='bbox 369 3779 440 3846; x_wconf 83' lang='lat' dir='ltr'><strong>ll,</strong></span> <span class='ocrx_word' id='word_1_508' title='bbox 462 3778 616 3835; x_wconf 72' lang='lat'><strong>7-12.</strong></span> <span class='ocrx_word' id='word_1_509' title='bbox 652 3779 806 3837; x_wconf 81' lang='lat' dir='ltr'><strong>Vobis</strong></span> <span class='ocrx_word' id='word_1_510' title='bbox 836 3783 1000 3853; x_wconf 74' lang='lat' dir='ltr'><strong>igitur</strong></span> <span class='ocrx_word' id='word_1_511' title='bbox 1020 3784 1111 3854; x_wconf 89' lang='lat' dir='ltr'><strong>qui</strong></span> <span class='ocrx_word' id='word_1_512' title='bbox 1139 3785 1370 3847; x_wconf 79' lang='lat' dir='ltr'><strong>creditis,</strong></span> <span class='ocrx_word' id='word_1_513' title='bbox 1397 3785 1563 3839; x_wconf 76' lang='lat' dir='ltr'><strong>honor</strong></span> <span class='ocrx_word' id='word_1_514' title='bbox 1586 3793 1681 3840; x_wconf 86' lang='lat' dir='ltr'><strong>est.</strong></span> <span class='ocrx_word' id='word_1_515' title='bbox 1701 3785 1875 3841; x_wconf 71' lang='lat' dir='ltr'><strong>Crete-</strong></span> 
     </span>
    </p>
   </div>
   <div class='ocr_carea' id='block_1_74' title="bbox 300 3870 1874 3945">
    <p class='ocr_par' dir='ltr' id='par_1_74' title="bbox 300 3870 1874 3945">
     <span class='ocr_line' id='line_1_74' title="bbox 300 3870 1874 3945; baseline 0.002 -20"><span class='ocrx_word' id='word_1_516' title='bbox 300 3887 418 3927; x_wconf 86' lang='lat' dir='ltr'><strong>rum</strong></span> <span class='ocrx_word' id='word_1_517' title='bbox 452 3870 518 3926; x_wconf 78' lang='lat' dir='ltr'><strong>iis</strong></span> <span class='ocrx_word' id='word_1_518' title='bbox 545 3873 637 3942; x_wconf 88' lang='lat' dir='ltr'><strong>qui</strong></span> <span class='ocrx_word' id='word_1_519' title='bbox 669 3889 772 3927; x_wconf 85' lang='lat' dir='ltr'><strong>non</strong></span> <span class='ocrx_word' id='word_1_520' title='bbox 809 3877 1063 3939; x_wconf 76' lang='lat' dir='ltr'><strong>credunt,</strong></span> <span class='ocrx_word' id='word_1_521' title='bbox 1103 3874 1238 3943; x_wconf 78' lang='lat' dir='ltr'><strong>lapis</strong></span> <span class='ocrx_word' id='word_1_522' title='bbox 1276 3891 1427 3943; x_wconf 83' lang='lat' dir='ltr'><strong>quem</strong></span> <span class='ocrx_word' id='word_1_523' title='bbox 1469 3875 1874 3945; x_wconf 79' lang='lat' dir='ltr'><strong>reprobauerunt</strong></span> 
     </span>
    </p>
   </div>
   <div class='ocr_carea' id='block_1_75' title="bbox 300 3961 1876 4036">
    <p class='ocr_par' dir='ltr' id='par_1_75' title="bbox 300 3961 1876 4036">
     <span class='ocr_line' id='line_1_75' title="bbox 300 3961 1876 4036; baseline 0.001 -20"><span class='ocrx_word' id='word_1_524' title='bbox 300 3961 645 4030; x_wconf 63' lang='lat' dir='ltr'><strong>aediﬁcantes,</strong></span> <span class='ocrx_word' id='word_1_525' title='bbox 680 3964 769 4017; x_wconf 77' lang='lat' dir='ltr'><strong>hic</strong></span> <span class='ocrx_word' id='word_1_526' title='bbox 808 3964 981 4035; x_wconf 76' lang='lat' dir='ltr'><strong>factus</strong></span> <span class='ocrx_word' id='word_1_527' title='bbox 1024 3978 1095 4018; x_wconf 85' lang='lat' dir='ltr'><strong>est</strong></span> <span class='ocrx_word' id='word_1_528' title='bbox 1130 3976 1287 4033; x_wconf 82' lang='lat' dir='ltr'><strong>caput</strong></span> <span class='ocrx_word' id='word_1_529' title='bbox 1319 3965 1523 4035; x_wconf 79' lang='lat' dir='ltr'><strong>anguli,</strong></span> <span class='ocrx_word' id='word_1_530' title='bbox 1562 3972 1611 4019; x_wconf 84' lang='lat' dir='ltr'><strong>et</strong></span> <span class='ocrx_word' id='word_1_531' title='bbox 1651 3964 1787 4036; x_wconf 74' lang='lat' dir='ltr'><strong>lapis</strong></span> <span class='ocrx_word' id='word_1_532' title='bbox 1818 3966 1876 4018; x_wconf 83' lang='lat' dir='ltr'><strong>in</strong></span> 
     </span>
    </p>
   </div>
   <div class='ocr_carea' id='block_1_76' title="bbox 303 4054 1877 4127">
    <p class='ocr_par' dir='ltr' id='par_1_76' title="bbox 303 4054 1877 4127">
     <span class='ocr_line' id='line_1_76' title="bbox 303 4054 1877 4127; baseline 0.003 -22"><span class='ocrx_word' id='word_1_533' title='bbox 303 4068 450 4121; x_wconf 79' lang='lat' dir='ltr'><strong>quem</strong></span> <span class='ocrx_word' id='word_1_534' title='bbox 483 4054 801 4125; x_wconf 82' lang='lat' dir='ltr'><strong>impingunt,</strong></span> <span class='ocrx_word' id='word_1_535' title='bbox 821 4065 870 4109; x_wconf 87' lang='lat' dir='ltr'><strong>et</strong></span> <span class='ocrx_word' id='word_1_536' title='bbox 900 4066 1050 4127; x_wconf 83' lang='lat' dir='ltr'><strong>petra</strong></span> <span class='ocrx_word' id='word_1_537' title='bbox 1078 4057 1149 4110; x_wconf 86' lang='lat' dir='ltr'><strong>ad</strong></span> <span class='ocrx_word' id='word_1_538' title='bbox 1170 4074 1328 4125; x_wconf 82' lang='lat' dir='ltr'><strong>quam</strong></span> <span class='ocrx_word' id='word_1_539' title='bbox 1358 4057 1624 4127; x_wconf 78' lang='lat' dir='ltr'><strong>oﬂendant</strong></span> <span class='ocrx_word' id='word_1_540' title='bbox 1650 4072 1668 4110; x_wconf 91' lang='lat'><em>:</em></span> <span class='ocrx_word' id='word_1_541' title='bbox 1696 4071 1877 4124; x_wconf 83' lang='lat' dir='ltr'><strong>nempe</strong></span> 
     </span>
    </p>
   </div>
   <div class='ocr_carea' id='block_1_77' title="bbox 301 4143 1878 4217">
    <p class='ocr_par' dir='ltr' id='par_1_77' title="bbox 301 4143 1878 4217">
     <span class='ocr_line' id='line_1_77' title="bbox 301 4143 1878 4217; baseline 0.003 -23"><span class='ocrx_word' id='word_1_542' title='bbox 301 4143 367 4197; x_wconf 86' lang='lat' dir='ltr'><strong>iis</strong></span> <span class='ocrx_word' id='word_1_543' title='bbox 392 4145 482 4214; x_wconf 87' lang='lat' dir='ltr'><strong>qui</strong></span> <span class='ocrx_word' id='word_1_544' title='bbox 508 4145 802 4217; x_wconf 79' lang='lat' dir='ltr'><strong>impingunt</strong></span> <span class='ocrx_word' id='word_1_545' title='bbox 829 4148 883 4201; x_wconf 87' lang='lat' dir='ltr'><strong>in</strong></span> <span class='ocrx_word' id='word_1_546' title='bbox 912 4148 1125 4202; x_wconf 79' lang='lat' dir='ltr'><strong>uerbum</strong></span> <span class='ocrx_word' id='word_1_547' title='bbox 1152 4161 1171 4201; x_wconf 89' lang='lat'><strong><em>:</em></strong></span> <span class='ocrx_word' id='word_1_548' title='bbox 1200 4165 1303 4202; x_wconf 87' lang='lat' dir='ltr'><strong>non</strong></span> <span class='ocrx_word' id='word_1_549' title='bbox 1328 4149 1594 4203; x_wconf 76' lang='lat' dir='ltr'><strong>credentes</strong></span> <span class='ocrx_word' id='word_1_550' title='bbox 1624 4149 1679 4200; x_wconf 86' lang='lat' dir='ltr'><strong>in</strong></span> <span class='ocrx_word' id='word_1_551' title='bbox 1708 4147 1781 4210; x_wconf 91' lang='lat' dir='ltr'><strong>id,</strong></span> <span class='ocrx_word' id='word_1_552' title='bbox 1807 4149 1878 4200; x_wconf 83' lang='lat' dir='ltr'><strong>ad</strong></span> 
     </span>
    </p>
   </div>
   <div class='ocr_carea' id='block_1_78' title="bbox 302 4236 1878 4309">
    <p class='ocr_par' dir='ltr' id='par_1_78' title="bbox 302 4236 1878 4309">
     <span class='ocr_line' id='line_1_78' title="bbox 302 4236 1878 4309; baseline 0.002 -21"><span class='ocrx_word' id='word_1_553' title='bbox 302 4238 442 4304; x_wconf 86' lang='lat' dir='ltr'><strong>quod</strong></span> <span class='ocrx_word' id='word_1_554' title='bbox 470 4236 632 4289; x_wconf 86' lang='lat' dir='ltr'><strong>etiam</strong></span> <span class='ocrx_word' id='word_1_555' title='bbox 663 4239 934 4292; x_wconf 85' lang='lat' dir='ltr'><strong>constituti</strong></span> <span class='ocrx_word' id='word_1_556' title='bbox 973 4240 1204 4309; x_wconf 78' lang='lat' dir='ltr'><strong>fuerant.</strong></span> <span class='ocrx_word' id='word_1_557' title='bbox 1236 4239 1335 4294; x_wconf 81' lang='lat' dir='ltr'><strong>Vos</strong></span> <span class='ocrx_word' id='word_1_558' title='bbox 1367 4249 1542 4293; x_wconf 82' lang='lat' dir='ltr'><strong>autem</strong></span> <span class='ocrx_word' id='word_1_559' title='bbox 1580 4253 1744 4308; x_wconf 84' lang='lat' dir='ltr'><strong>genus</strong></span> <span class='ocrx_word' id='word_1_560' title='bbox 1774 4236 1878 4291; x_wconf 80' lang='lat' dir='ltr'><strong>ele-</strong></span> 
     </span>
    </p>
   </div>
   <div class='ocr_carea' id='block_1_79' title="bbox 301 4328 1879 4401">
    <p class='ocr_par' dir='ltr' id='par_1_79' title="bbox 301 4328 1879 4401">
     <span class='ocr_line' id='line_1_79' title="bbox 301 4328 1879 4401; baseline 0.002 -21"><span class='ocrx_word' id='word_1_561' title='bbox 301 4336 463 4392; x_wconf 86' lang='lat' dir='ltr'><strong>ctum,</strong></span> <span class='ocrx_word' id='word_1_562' title='bbox 487 4328 663 4399; x_wconf 83' lang='lat' dir='ltr'><strong>regale</strong></span> <span class='ocrx_word' id='word_1_563' title='bbox 685 4331 1059 4393; x_wconf 82' lang='lat' dir='ltr'><strong>sacerdotium,</strong></span> <span class='ocrx_word' id='word_1_564' title='bbox 1084 4347 1209 4401; x_wconf 86' lang='lat' dir='ltr'><strong>gens</strong></span> <span class='ocrx_word' id='word_1_565' title='bbox 1235 4339 1443 4395; x_wconf 82' lang='lat' dir='ltr'><strong>sancta,</strong></span> <span class='ocrx_word' id='word_1_566' title='bbox 1466 4330 1689 4400; x_wconf 81' lang='lat' dir='ltr'><strong>populus</strong></span> <span class='ocrx_word' id='word_1_567' title='bbox 1708 4331 1797 4399; x_wconf 85' lang='lat' dir='ltr'><strong>qui</strong></span> <span class='ocrx_word' id='word_1_568' title='bbox 1822 4330 1879 4383; x_wconf 86' lang='lat' dir='ltr'><strong>in</strong></span> 
     </span>
    </p>
   </div>
   <div class='ocr_carea' id='block_1_80' title="bbox 301 4417 1879 4489">
    <p class='ocr_par' dir='ltr' id='par_1_80' title="bbox 301 4417 1879 4489">
     <span class='ocr_line' id='line_1_80' title="bbox 301 4417 1879 4489; baseline 0 -18"><span class='ocrx_word' id='word_1_569' title='bbox 301 4417 505 4473; x_wconf 82' lang='lat' dir='ltr'><strong>lucrum</strong></span> <span class='ocrx_word' id='word_1_570' title='bbox 535 4420 774 4481; x_wconf 69' lang='lat' dir='ltr'><strong>accessit,</strong></span> <span class='ocrx_word' id='word_1_571' title='bbox 801 4428 858 4473; x_wconf 87' lang='lat' dir='ltr'><strong>ut</strong></span> <span class='ocrx_word' id='word_1_572' title='bbox 886 4420 1104 4474; x_wconf 81' lang='lat' dir='ltr'><strong>virtutes</strong></span> <span class='ocrx_word' id='word_1_573' title='bbox 1134 4420 1461 4474; x_wconf 81' lang='lat' dir='ltr'><strong>annuntietis</strong></span> <span class='ocrx_word' id='word_1_574' title='bbox 1494 4420 1639 4474; x_wconf 82' lang='lat' dir='ltr'><strong>illius</strong></span> <span class='ocrx_word' id='word_1_575' title='bbox 1667 4420 1757 4489; x_wconf 82' lang='lat' dir='ltr'><strong>qui</strong></span> <span class='ocrx_word' id='word_1_576' title='bbox 1791 4434 1879 4472; x_wconf 78' lang='lat' dir='ltr'><strong>vos</strong></span> 
     </span>
    </p>
   </div>
   <div class='ocr_carea' id='block_1_81' title="bbox 301 4509 1877 4579">
    <p class='ocr_par' dir='ltr' id='par_1_81' title="bbox 301 4509 1877 4579">
     <span class='ocr_line' id='line_1_81' title="bbox 301 4509 1877 4579; baseline 0.001 -18"><span class='ocrx_word' id='word_1_577' title='bbox 301 4509 500 4561; x_wconf 76' lang='lat' dir='ltr'><strong>vocavit</strong></span> <span class='ocrx_word' id='word_1_578' title='bbox 527 4525 591 4561; x_wconf 73' lang='lat' dir='ltr'><strong>ex</strong></span> <span class='ocrx_word' id='word_1_579' title='bbox 618 4509 841 4563; x_wconf 79' lang='lat' dir='ltr'><strong>tmebris</strong></span> <span class='ocrx_word' id='word_1_580' title='bbox 870 4510 926 4562; x_wconf 80' lang='lat' dir='ltr'><strong>in</strong></span> <span class='ocrx_word' id='word_1_581' title='bbox 954 4510 1326 4564; x_wconf 77' lang='lat' dir='ltr'><strong>admirabilem</strong></span> <span class='ocrx_word' id='word_1_582' title='bbox 1359 4526 1513 4564; x_wconf 84' lang='lat' dir='ltr'><strong>suam</strong></span> <span class='ocrx_word' id='word_1_583' title='bbox 1544 4510 1710 4563; x_wconf 79' lang='lat' dir='ltr'><strong>lucem</strong></span> <span class='ocrx_word' id='word_1_584' title='bbox 1738 4526 1758 4565; x_wconf 89' lang='lat'><strong><em>:</em></strong></span> <span class='ocrx_word' id='word_1_585' title='bbox 1786 4511 1877 4579; x_wconf 83' lang='lat' dir='ltr'><strong>qui</strong></span> 
     </span>
    </p>
   </div>
   <div class='ocr_carea' id='block_1_82' title="bbox 302 4600 1877 4671">
    <p class='ocr_par' dir='ltr' id='par_1_82' title="bbox 302 4600 1877 4671">
     <span class='ocr_line' id='line_1_82' title="bbox 302 4600 1877 4671; baseline 0.005 -21"><span class='ocrx_word' id='word_1_586' title='bbox 302 4602 569 4669; x_wconf 80' lang='lat' dir='ltr'><strong>quondam</strong></span> <span class='ocrx_word' id='word_1_587' title='bbox 613 4605 774 4655; x_wconf 77' lang='lat' dir='ltr'><strong>eratis</strong></span> <span class='ocrx_word' id='word_1_588' title='bbox 823 4618 926 4656; x_wconf 84' lang='lat' dir='ltr'><strong>non</strong></span> <span class='ocrx_word' id='word_1_589' title='bbox 975 4603 1227 4670; x_wconf 80' lang='lat' dir='ltr'><strong>populus,</strong></span> <span class='ocrx_word' id='word_1_590' title='bbox 1278 4619 1418 4657; x_wconf 87' lang='lat' dir='ltr'><strong>nunc</strong></span> <span class='ocrx_word' id='word_1_591' title='bbox 1461 4600 1685 4671; x_wconf 83' lang='lat' dir='ltr'><strong>populus</strong></span> <span class='ocrx_word' id='word_1_592' title='bbox 1734 4601 1877 4658; x_wconf 85' lang='lat' dir='ltr'><strong>Dei:</strong></span> 
     </span>
    </p>
   </div>
   <div class='ocr_carea' id='block_1_83' title="bbox 2067 3781 3557 3855">
    <p class='ocr_par' dir='ltr' id='par_1_83' title="bbox 2067 3781 3557 3855">
     <span class='ocr_line' id='line_1_83' title="bbox 2067 3781 3557 3855; baseline -0.002 -17"><span class='ocrx_word' id='word_1_593' title='bbox 2067 3787 2227 3854; x_wconf 80' lang='grc' dir='ltr'>Ὑμῖν</span> <span class='ocrx_word' id='word_1_594' title='bbox 2257 3781 2373 3840; x_wconf 83' lang='grc' dir='ltr'>οὖν</span> <span class='ocrx_word' id='word_1_595' title='bbox 2414 3787 2455 3851; x_wconf 72' lang='grc' dir='ltr'><strong><em>ἡ</em></strong></span> <span class='ocrx_word' id='word_1_596' title='bbox 2513 3784 2659 3855; x_wconf 77' lang='grc' dir='ltr'>τιμὴ</span> <span class='ocrx_word' id='word_1_597' title='bbox 2719 3783 2845 3851; x_wconf 84' lang='grc' dir='ltr'>τοῖς</span> <span class='ocrx_word' id='word_1_598' title='bbox 2895 3784 3310 3837; x_wconf 78' lang='grc' dir='ltr'>πιστεύουσιν.</span> <span class='ocrx_word' id='word_1_599' title='bbox 3377 3783 3557 3837; x_wconf 80' lang='grc' dir='ltr'>Ἄπει-</span> 
     </span>
    </p>
   </div>
   <div class='ocr_carea' id='block_1_84' title="bbox 1982 3873 3554 3944">
    <p class='ocr_par' dir='ltr' id='par_1_84' title="bbox 1982 3873 3554 3944">
     <span class='ocr_line' id='line_1_84' title="bbox 1982 3873 3554 3944; baseline -0.003 -13"><span class='ocrx_word' id='word_1_600' title='bbox 1982 3878 2157 3932; x_wconf 81' lang='grc' dir='ltr'>Οοῦσι</span> <span class='ocrx_word' id='word_1_601' title='bbox 2186 3877 2274 3940; x_wconf 76' lang='grc' dir='ltr'>δὲ,</span> <span class='ocrx_word' id='word_1_602' title='bbox 2296 3878 2487 3943; x_wconf 68' lang='grc' dir='ltr'>λίθος.</span> <span class='ocrx_word' id='word_1_603' title='bbox 2521 3876 2593 3930; x_wconf 83' lang='grc' dir='ltr'><strong>δν</strong></span> <span class='ocrx_word' id='word_1_604' title='bbox 2615 3876 3071 3944; x_wconf 76' lang='grc' dir='ltr'>ἀπεδοκίμασαν</span> <span class='ocrx_word' id='word_1_605' title='bbox 3094 3878 3147 3929; x_wconf 83' lang='grc' dir='ltr'><strong>οι</strong></span> <span class='ocrx_word' id='word_1_606' title='bbox 3168 3873 3554 3944; x_wconf 70' lang='grc' dir='ltr'>οικοδομοῦν·</span> 
     </span>
    </p>
   </div>
   <div class='ocr_carea' id='block_1_85' title="bbox 1981 3964 3553 4039">
    <p class='ocr_par' dir='ltr' id='par_1_85' title="bbox 1981 3964 3553 4039">
     <span class='ocr_line' id='line_1_85' title="bbox 1981 3964 3553 4039; baseline -0.003 -17"><span class='ocrx_word' id='word_1_607' title='bbox 1981 3986 2103 4035; x_wconf 81' lang='grc' dir='ltr'>τες.</span> <span class='ocrx_word' id='word_1_608' title='bbox 2142 3965 2320 4035; x_wconf 85' lang='grc' dir='ltr'>οὗτος</span> <span class='ocrx_word' id='word_1_609' title='bbox 2356 3967 2607 4039; x_wconf 75' lang='grc' dir='ltr'>ἐγενήθη</span> <span class='ocrx_word' id='word_1_610' title='bbox 2650 3970 2737 4034; x_wconf 84' lang='grc' dir='ltr'><strong>εις</strong></span> <span class='ocrx_word' id='word_1_611' title='bbox 2777 3967 3053 4037; x_wconf 65' lang='grc' dir='ltr'>κεφαλὴν</span> <span class='ocrx_word' id='word_1_612' title='bbox 3071 3967 3310 4035; x_wconf 72' lang='grc' dir='ltr'>γωνίας,</span> <span class='ocrx_word' id='word_1_613' title='bbox 3340 3966 3436 4019; x_wconf 76' lang='grc' dir='ltr'>καὶ</span> <span class='ocrx_word' id='word_1_614' title='bbox 3461 3964 3553 4019; x_wconf 72' lang='grc' dir='ltr'><strong>λι-</strong></span> 
     </span>
    </p>
   </div>
   <div class='ocr_carea' id='block_1_86' title="bbox 1983 4055 3556 4129">
    <p class='ocr_par' dir='ltr' id='par_1_86' title="bbox 1983 4055 3556 4129">
     <span class='ocr_line' id='line_1_86' title="bbox 1983 4055 3556 4129; baseline -0.003 -14"><span class='ocrx_word' id='word_1_615' title='bbox 1983 4064 2086 4124; x_wconf 78' lang='grc' dir='ltr'><strong>θος</strong></span> <span class='ocrx_word' id='word_1_616' title='bbox 2131 4062 2613 4129; x_wconf 76' lang='grc' dir='ltr'>προσκόμματος,</span> <span class='ocrx_word' id='word_1_617' title='bbox 2661 4059 2760 4112; x_wconf 79' lang='grc' dir='ltr'>καὶ</span> <span class='ocrx_word' id='word_1_618' title='bbox 2800 4059 2987 4126; x_wconf 76' lang='grc' dir='ltr'>πέτρα</span> <span class='ocrx_word' id='word_1_619' title='bbox 3037 4057 3417 4113; x_wconf 72' lang='grc' dir='ltr'>σκανδάλου.</span> <span class='ocrx_word' id='word_1_620' title='bbox 3488 4055 3556 4111; x_wconf 77' lang='grc' dir='ltr'><strong>οι</strong></span> 
     </span>
    </p>
   </div>
   <div class='ocr_carea' id='block_1_87' title="bbox 1979 4148 3554 4221">
    <p class='ocr_par' dir='ltr' id='par_1_87' title="bbox 1979 4148 3554 4221">
     <span class='ocr_line' id='line_1_87' title="bbox 1979 4148 3554 4221; baseline -0.003 -15"><span class='ocrx_word' id='word_1_621' title='bbox 1979 4153 2435 4221; x_wconf 81' lang='grc' dir='ltr'>προσκόπτουσι</span> <span class='ocrx_word' id='word_1_622' title='bbox 2480 4149 2561 4216; x_wconf 83' lang='grc' dir='ltr'>τῷ</span> <span class='ocrx_word' id='word_1_623' title='bbox 2599 4153 2781 4219; x_wconf 71' lang='grc' dir='ltr'>λόγῳ,</span> <span class='ocrx_word' id='word_1_624' title='bbox 2833 4149 3221 4215; x_wconf 78' lang='grc' dir='ltr'>ἀπειθοῦντες</span> <span class='ocrx_word' id='word_1_625' title='bbox 3257 4153 3345 4215; x_wconf 82' lang='grc' dir='ltr'><strong>εις</strong></span> <span class='ocrx_word' id='word_1_626' title='bbox 3398 4150 3429 4204; x_wconf 82' lang='grc' dir='ltr'><strong>ὃ</strong></span> <span class='ocrx_word' id='word_1_627' title='bbox 3457 4148 3554 4203; x_wconf 78' lang='grc' dir='ltr'><strong>και</strong></span> 
     </span>
    </p>
   </div>
   <div class='ocr_carea' id='block_1_88' title="bbox 1977 4239 3556 4311">
    <p class='ocr_par' dir='ltr' id='par_1_88' title="bbox 1977 4239 3556 4311">
     <span class='ocr_line' id='line_1_88' title="bbox 1977 4239 3556 4311; baseline -0.001 -18"><span class='ocrx_word' id='word_1_628' title='bbox 1977 4240 2297 4308; x_wconf 81' lang='grc' dir='ltr'>ἐτέθησαν.</span> <span class='ocrx_word' id='word_1_629' title='bbox 2344 4239 2541 4308; x_wconf 81' lang='grc' dir='ltr'>Ὑμεῖς</span> <span class='ocrx_word' id='word_1_630' title='bbox 2566 4239 2635 4293; x_wconf 78' lang='grc' dir='ltr'>δὲ</span> <span class='ocrx_word' id='word_1_631' title='bbox 2659 4239 2834 4311; x_wconf 75' lang='grc' dir='ltr'>γένος</span> <span class='ocrx_word' id='word_1_632' title='bbox 2877 4240 3187 4305; x_wconf 72' lang='grc' dir='ltr'>ἐκλεκτὸν,</span> <span class='ocrx_word' id='word_1_633' title='bbox 3232 4239 3556 4304; x_wconf 72' lang='grc' dir='ltr'>,ϐασίλειον</span> 
     </span>
    </p>
   </div>
   <div class='ocr_carea' id='block_1_89' title="bbox 1976 4329 3551 4402">
    <p class='ocr_par' dir='ltr' id='par_1_89' title="bbox 1976 4329 3551 4402">
     <span class='ocr_line' id='line_1_89' title="bbox 1976 4329 3551 4402; baseline -0.001 -17"><span class='ocrx_word' id='word_1_634' title='bbox 1976 4331 2311 4401; x_wconf 70' lang='grc' dir='ltr'>ἱεράτευμα.</span> <span class='ocrx_word' id='word_1_635' title='bbox 2360 4332 2534 4397; x_wconf 75' lang='grc' dir='ltr'>ἔθνος</span> <span class='ocrx_word' id='word_1_636' title='bbox 2591 4331 2780 4402; x_wconf 75' lang='grc' dir='ltr'>ἅγιον,</span> <span class='ocrx_word' id='word_1_637' title='bbox 2821 4331 2972 4396; x_wconf 72' lang='grc' dir='ltr'>λαὸς</span> <span class='ocrx_word' id='word_1_638' title='bbox 3019 4332 3108 4396; x_wconf 82' lang='grc' dir='ltr'><strong>εις</strong></span> <span class='ocrx_word' id='word_1_639' title='bbox 3149 4329 3551 4399; x_wconf 75' lang='grc' dir='ltr'>περιποίησιν,</span> 
     </span>
    </p>
   </div>
   <div class='ocr_carea' id='block_1_90' title="bbox 1975 4421 3554 4492">
    <p class='ocr_par' dir='ltr' id='par_1_90' title="bbox 1975 4421 3554 4492">
     <span class='ocr_line' id='line_1_90' title="bbox 1975 4421 3554 4492; baseline -0.002 -15"><span class='ocrx_word' id='word_1_640' title='bbox 1975 4424 2136 4489; x_wconf 78' lang='grc' dir='ltr'>ὅπως</span> <span class='ocrx_word' id='word_1_641' title='bbox 2195 4424 2303 4489; x_wconf 84' lang='grc' dir='ltr'>τὰς</span> <span class='ocrx_word' id='word_1_642' title='bbox 2349 4422 2564 4490; x_wconf 82' lang='grc' dir='ltr'>ἀρετὰς</span> <span class='ocrx_word' id='word_1_643' title='bbox 2619 4424 3008 4492; x_wconf 72' lang='grc' dir='ltr'>ἐξαγγείλητε</span> <span class='ocrx_word' id='word_1_644' title='bbox 3041 4421 3146 4476; x_wconf 84' lang='grc' dir='ltr'>τοῦ</span> <span class='ocrx_word' id='word_1_645' title='bbox 3192 4422 3260 4474; x_wconf 76' lang='grc' dir='ltr'>ἐκ</span> <span class='ocrx_word' id='word_1_646' title='bbox 3292 4422 3554 4487; x_wconf 82' lang='grc' dir='ltr'>σκότους</span> 
     </span>
    </p>
   </div>
   <div class='ocr_carea' id='block_1_91' title="bbox 1975 4508 3545 4582">
    <p class='ocr_par' dir='ltr' id='par_1_91' title="bbox 1975 4508 3545 4582">
     <span class='ocr_line' id='line_1_91' title="bbox 1975 4508 3545 4582; baseline -0.003 -15"><span class='ocrx_word' id='word_1_647' title='bbox 1975 4511 2133 4582; x_wconf 82' lang='grc' dir='ltr'>ὑμᾶς</span> <span class='ocrx_word' id='word_1_648' title='bbox 2170 4512 2546 4579; x_wconf 67' lang='grc' dir='ltr'>καλέσαντος</span> <span class='ocrx_word' id='word_1_649' title='bbox 2575 4515 2663 4579; x_wconf 80' lang='grc' dir='ltr'><strong>εις</strong></span> <span class='ocrx_word' id='word_1_650' title='bbox 2691 4513 2757 4565; x_wconf 84' lang='grc' dir='ltr'>τὸ</span> <span class='ocrx_word' id='word_1_651' title='bbox 2804 4512 3155 4580; x_wconf 85' lang='grc' dir='ltr'>θαυμαστὸν</span> <span class='ocrx_word' id='word_1_652' title='bbox 3196 4508 3357 4576; x_wconf 83' lang='grc' dir='ltr'><strong>αὑτῷ</strong></span> <span class='ocrx_word' id='word_1_653' title='bbox 3400 4509 3545 4579; x_wconf 68' lang='grc' dir='ltr'>φῶς.</span> 
     </span>
    </p>
   </div>
   <div class='ocr_carea' id='block_1_92' title="bbox 1970 4603 3555 4671">
    <p class='ocr_par' dir='ltr' id='par_1_92' title="bbox 1970 4603 3555 4671">
     <span class='ocr_line' id='line_1_92' title="bbox 1970 4603 3555 4671; baseline -0.003 -12"><span class='ocrx_word' id='word_1_654' title='bbox 1970 4609 2040 4660; x_wconf 88' lang='grc' dir='ltr'><strong>ΟΖ</strong></span> <span class='ocrx_word' id='word_1_655' title='bbox 2063 4624 2207 4661; x_wconf 81' lang='grc' dir='ltr'>ποτε</span> <span class='ocrx_word' id='word_1_656' title='bbox 2237 4609 2309 4660; x_wconf 80' lang='lat' dir='ltr'><strong>ob</strong></span> <span class='ocrx_word' id='word_1_657' title='bbox 2328 4608 2500 4670; x_wconf 74' lang='grc' dir='ltr'>λαὸς,</span> <span class='ocrx_word' id='word_1_658' title='bbox 2527 4605 2644 4659; x_wconf 79' lang='grc' dir='ltr'>νῦν</span> <span class='ocrx_word' id='word_1_659' title='bbox 2662 4604 2729 4657; x_wconf 78' lang='grc' dir='ltr'>δὲ</span> <span class='ocrx_word' id='word_1_660' title='bbox 2747 4604 2899 4671; x_wconf 73' lang='grc' dir='ltr'>λαὸς</span> <span class='ocrx_word' id='word_1_661' title='bbox 2926 4603 3075 4658; x_wconf 85' lang='grc' dir='ltr'>Θεοῦ</span> <span class='ocrx_word' id='word_1_662' title='bbox 3099 4620 3112 4633; x_wconf 89' lang='grc'><strong>·</strong></span> <span class='ocrx_word' id='word_1_663' title='bbox 3142 4605 3195 4656; x_wconf 75' lang='grc' dir='ltr'>οἱ</span> <span class='ocrx_word' id='word_1_664' title='bbox 3231 4604 3341 4656; x_wconf 76' lang='grc' dir='ltr'>οὐκ</span> <span class='ocrx_word' id='word_1_665' title='bbox 3373 4603 3555 4671; x_wconf 76' lang='grc' dir='ltr'><strong>ἠλεη-</strong></span> 
     </span>
    </p>
   </div>
   <div class='ocr_carea' id='block_1_93' title="bbox 301 4694 1877 4767">
    <p class='ocr_par' dir='ltr' id='par_1_93' title="bbox 301 4694 1875 4763">
     <span class='ocr_line' id='line_1_93' title="bbox 301 4694 1875 4763; baseline 0.002 -19"><span class='ocrx_word' id='word_1_666' title='bbox 301 4694 391 4763; x_wconf 81' lang='lat' dir='ltr'><strong>qni</strong></span> <span class='ocrx_word' id='word_1_667' title='bbox 445 4694 713 4763; x_wconf 81' lang='lat' dir='ltr'><strong>quondam</strong></span> <span class='ocrx_word' id='word_1_668' title='bbox 759 4710 865 4747; x_wconf 86' lang='lat' dir='ltr'><strong>non</strong></span> <span class='ocrx_word' id='word_1_669' title='bbox 906 4696 1169 4748; x_wconf 78' lang='lat' dir='ltr'><strong>consecuti</strong></span> <span class='ocrx_word' id='word_1_670' title='bbox 1235 4695 1692 4757; x_wconf 84' lang='lat' dir='ltr'><strong>miscricordiam,</strong></span> <span class='ocrx_word' id='word_1_671' title='bbox 1736 4711 1875 4748; x_wconf 86' lang='lat' dir='ltr'><strong>nunc</strong></span> 
     </span>
    </p>
   </div>
   <div class='ocr_carea' id='block_1_94' title="bbox 1979 4694 3556 4767">
    <p class='ocr_par' dir='ltr' id='par_1_94' title="bbox 1979 4694 3556 4766">
     <span class='ocr_line' id='line_1_94' title="bbox 1979 4694 3556 4766; baseline -0.004 -15"><span class='ocrx_word' id='word_1_672' title='bbox 1979 4697 2162 4766; x_wconf 79' lang='grc' dir='ltr'>μένοι,</span> <span class='ocrx_word' id='word_1_673' title='bbox 2232 4698 2348 4753; x_wconf 87' lang='grc' dir='ltr'><strong>νῦν</strong></span> <span class='ocrx_word' id='word_1_674' title='bbox 2402 4696 2471 4750; x_wconf 82' lang='grc' dir='ltr'>δὲ</span> <span class='ocrx_word' id='word_1_675' title='bbox 2535 4695 2907 4763; x_wconf 63' lang='grc' dir='ltr'>ἐλεηθέντες.</span> <span class='ocrx_word' id='word_1_676' title='bbox 2984 4694 3327 4763; x_wconf 67' lang='grc' dir='ltr'>Ἀγαπητο),</span> <span class='ocrx_word' id='word_1_677' title='bbox 3370 4708 3556 4761; x_wconf 73' lang='grc' dir='ltr'>παρα-</span> 
     </span>
    </p>
   </div>
   <div class='ocr_carea' id='block_1_95' title="bbox 301 4784 1876 4849">
    <p class='ocr_par' dir='ltr' id='par_1_95' title="bbox 301 4784 1876 4849">
     <span class='ocr_line' id='line_1_95' title="bbox 301 4784 1876 4849; baseline 0.001 -12"><span class='ocrx_word' id='word_1_678' title='bbox 301 4784 428 4838; x_wconf 81' lang='lat' dir='ltr'><strong>estis</strong></span> <span class='ocrx_word' id='word_1_679' title='bbox 472 4784 889 4838; x_wconf 78' lang='lat' dir='ltr'><strong>misericordiam</strong></span> <span class='ocrx_word' id='word_1_680' title='bbox 932 4787 1216 4840; x_wconf 83' lang='lat' dir='ltr'><strong>consecuti.</strong></span> <span class='ocrx_word' id='word_1_681' title='bbox 1277 4786 1493 4849; x_wconf 86' lang='lat' dir='ltr'><strong>Dilecti,</strong></span> <span class='ocrx_word' id='word_1_682' title='bbox 1542 4786 1756 4840; x_wconf 81' lang='lat' dir='ltr'><strong>obsecro</strong></span> <span class='ocrx_word' id='word_1_683' title='bbox 1788 4803 1876 4840; x_wconf 76' lang='lat' dir='ltr'><strong>vos</strong></span> 
     </span>
    </p>
   </div>
   <div class='ocr_carea' id='block_1_96' title="bbox 304 4874 1876 4947">
    <p class='ocr_par' dir='ltr' id='par_1_96' title="bbox 304 4874 1876 4947">
     <span class='ocr_line' id='line_1_96' title="bbox 304 4874 1876 4947; baseline 0.003 -22"><span class='ocrx_word' id='word_1_684' title='bbox 304 4886 560 4944; x_wconf 84' lang='lat' dir='ltr'><strong>tanquam</strong></span> <span class='ocrx_word' id='word_1_685' title='bbox 590 4874 821 4928; x_wconf 81' lang='lat' dir='ltr'><strong>advenas</strong></span> <span class='ocrx_word' id='word_1_686' title='bbox 850 4885 900 4929; x_wconf 86' lang='lat' dir='ltr'><strong>et</strong></span> <span class='ocrx_word' id='word_1_687' title='bbox 932 4878 1254 4947; x_wconf 69' lang='lat' dir='ltr'><strong>peregrinos,</strong></span> <span class='ocrx_word' id='word_1_688' title='bbox 1273 4878 1536 4934; x_wconf 84' lang='lat' dir='ltr'><strong>abstinere</strong></span> <span class='ocrx_word' id='word_1_689' title='bbox 1574 4896 1607 4932; x_wconf 81' lang='grc' dir='ltr'><strong>α</strong></span> <span class='ocrx_word' id='word_1_690' title='bbox 1639 4878 1876 4933; x_wconf 80' lang='lat' dir='ltr'><strong>carnali-</strong></span> 
     </span>
    </p>
   </div>
   <div class='ocr_carea' id='block_1_97' title="bbox 302 4964 1879 5039">
    <p class='ocr_par' dir='ltr' id='par_1_97' title="bbox 302 4964 1879 5039">
     <span class='ocr_line' id='line_1_97' title="bbox 302 4964 1879 5039; baseline 0.003 -19"><span class='ocrx_word' id='word_1_691' title='bbox 302 4964 400 5021; x_wconf 81' lang='lat' dir='ltr'><strong>bus</strong></span> <span class='ocrx_word' id='word_1_692' title='bbox 429 4967 857 5035; x_wconf 84' lang='lat' dir='ltr'><strong>concupiscentiis</strong></span> <span class='ocrx_word' id='word_1_693' title='bbox 886 4983 1002 5039; x_wconf 71' lang='lat' dir='ltr'><strong>quas</strong></span> <span class='ocrx_word' id='word_1_694' title='bbox 1041 4969 1271 5023; x_wconf 76' lang='lat' dir='ltr'><strong>militant</strong></span> <span class='ocrx_word' id='word_1_695' title='bbox 1304 4970 1555 5025; x_wconf 79' lang='lat' dir='ltr'><strong>adversus</strong></span> <span class='ocrx_word' id='word_1_696' title='bbox 1591 4970 1826 5023; x_wconf 84' lang='lat' dir='ltr'><strong>animam</strong></span> <span class='ocrx_word' id='word_1_697' title='bbox 1858 4983 1879 5025; x_wconf 67' lang='grc' dir='ltr'><strong><em>ξ</em></strong></span> 
     </span>
    </p>
   </div>
   <div class='ocr_carea' id='block_1_98' title="bbox 301 5060 1873 5132">
    <p class='ocr_par' dir='ltr' id='par_1_98' title="bbox 301 5060 1873 5132">
     <span class='ocr_line' id='line_1_98' title="bbox 301 5060 1873 5132; baseline 0.003 -21"><span class='ocrx_word' id='word_1_698' title='bbox 301 5060 748 5114; x_wconf 76' lang='lat' dir='ltr'><strong>conversationem</strong></span> <span class='ocrx_word' id='word_1_699' title='bbox 771 5070 1003 5115; x_wconf 81' lang='lat' dir='ltr'><strong>uestram</strong></span> <span class='ocrx_word' id='word_1_700' title='bbox 1027 5061 1213 5116; x_wconf 73' lang='lat' dir='ltr'><strong>habete</strong></span> <span class='ocrx_word' id='word_1_701' title='bbox 1237 5062 1510 5118; x_wconf 81' lang='lat' dir='ltr'><strong>honestam</strong></span> <span class='ocrx_word' id='word_1_702' title='bbox 1530 5063 1666 5117; x_wconf 87' lang='lat' dir='ltr'><strong>inter</strong></span> <span class='ocrx_word' id='word_1_703' title='bbox 1680 5071 1873 5132; x_wconf 86' lang='lat' dir='ltr'><strong>gentes.</strong></span> 
     </span>
    </p>
   </div>
   <div class='ocr_carea' id='block_1_99' title="bbox 303 5150 1877 5224">
    <p class='ocr_par' dir='ltr' id='par_1_99' title="bbox 303 5150 1877 5224">
     <span class='ocr_line' id='line_1_99' title="bbox 303 5150 1877 5224; baseline 0.003 -22"><span class='ocrx_word' id='word_1_704' title='bbox 303 5158 360 5202; x_wconf 86' lang='lat' dir='ltr'><strong>ut</strong></span> <span class='ocrx_word' id='word_1_705' title='bbox 399 5150 453 5202; x_wconf 88' lang='lat' dir='ltr'><strong>in</strong></span> <span class='ocrx_word' id='word_1_706' title='bbox 493 5152 587 5204; x_wconf 83' lang='lat' dir='ltr'><strong>hoc</strong></span> <span class='ocrx_word' id='word_1_707' title='bbox 623 5152 761 5220; x_wconf 84' lang='lat' dir='ltr'><strong>quod</strong></span> <span class='ocrx_word' id='word_1_708' title='bbox 799 5154 1087 5206; x_wconf 77' lang='lat' dir='ltr'><strong>obtrectant</strong></span> <span class='ocrx_word' id='word_1_709' title='bbox 1121 5154 1260 5208; x_wconf 83' lang='lat' dir='ltr'><strong>vobis</strong></span> <span class='ocrx_word' id='word_1_710' title='bbox 1297 5156 1448 5224; x_wconf 85' lang='lat' dir='ltr'><strong>quasi</strong></span> <span class='ocrx_word' id='word_1_711' title='bbox 1488 5154 1770 5223; x_wconf 76' lang='lat' dir='ltr'><strong>maleﬁcis,</strong></span> <span class='ocrx_word' id='word_1_712' title='bbox 1814 5170 1877 5208; x_wconf 76' lang='lat' dir='ltr'><strong>ea:</strong></span> 
     </span>
    </p>
   </div>
   <div class='ocr_carea' id='block_1_100' title="bbox 304 5242 1917 5323">
    <p class='ocr_par' dir='ltr' id='par_1_100' title="bbox 304 5242 1917 5323">
     <span class='ocr_line' id='line_1_100' title="bbox 304 5242 1917 5323; baseline 0.004 -31"><span class='ocrx_word' id='word_1_713' title='bbox 304 5242 450 5296; x_wconf 86' lang='lat' dir='ltr'><strong>bonis</strong></span> <span class='ocrx_word' id='word_1_714' title='bbox 496 5243 737 5312; x_wconf 85' lang='lat' dir='ltr'><strong>operibus</strong></span> <span class='ocrx_word' id='word_1_715' title='bbox 781 5246 1102 5300; x_wconf 70' lang='lat' dir='ltr'><strong>cstimantes</strong></span> <span class='ocrx_word' id='word_1_716' title='bbox 1141 5261 1253 5310; x_wconf 80' lang='lat' dir='ltr'><strong>vos,</strong></span> <span class='ocrx_word' id='word_1_717' title='bbox 1297 5245 1591 5317; x_wconf 77' lang='lat' dir='ltr'><strong>glori/irent</strong></span> <span class='ocrx_word' id='word_1_718' title='bbox 1628 5245 1793 5300; x_wconf 78' lang='lat' dir='ltr'><strong>Deum</strong></span> <span class='ocrx_word' id='word_1_719' title='bbox 1822 5246 1917 5323; x_wconf 32' lang='lat' dir='ltr'><strong>in.</strong></span> 
     </span>
    </p>
   </div>
   <div class='ocr_carea' id='block_1_101' title="bbox 302 5331 877 5415">
    <p class='ocr_par' dir='ltr' id='par_1_101' title="bbox 302 5331 877 5415">
     <span class='ocr_line' id='line_1_101' title="bbox 302 5331 877 5415; baseline 0.012 -32"><span class='ocrx_word' id='word_1_720' title='bbox 302 5332 389 5386; x_wconf 84' lang='lat' dir='ltr'><strong>die</strong></span> <span class='ocrx_word' id='word_1_721' title='bbox 421 5331 765 5390; x_wconf 82' lang='lat' dir='ltr'><strong>uisitationis.</strong></span> <span class='ocrx_word' id='word_1_722' title='bbox 854 5402 877 5415; x_wconf 33' lang='grc' dir='ltr'><strong><em>ί</em></strong></span> 
     </span>
    </p>
   </div>
   <div class='ocr_carea' id='block_1_102' title="bbox 379 5418 1875 5496">
    <p class='ocr_par' dir='ltr' id='par_1_102' title="bbox 379 5418 1875 5496">
     <span class='ocr_line' id='line_1_102' title="bbox 379 5418 1875 5496; baseline 0.012 -24"><span class='ocrx_word' id='word_1_723' title='bbox 379 5442 396 5472; x_wconf 77' lang='grc' dir='ltr'><strong>ι</strong></span> <span class='ocrx_word' id='word_1_724' title='bbox 416 5418 580 5480; x_wconf 79' lang='lat' dir='ltr'><strong>Vobis</strong></span> <span class='ocrx_word' id='word_1_725' title='bbox 611 5424 773 5496; x_wconf 78' lang='lat' dir='ltr'><strong>igitur</strong></span> <span class='ocrx_word' id='word_1_726' title='bbox 800 5426 893 5496; x_wconf 89' lang='lat' dir='ltr'><strong>qui</strong></span> <span class='ocrx_word' id='word_1_727' title='bbox 922 5427 1165 5492; x_wconf 86' lang='lat' dir='ltr'><strong>creditis,</strong></span> <span class='ocrx_word' id='word_1_728' title='bbox 1197 5428 1371 5485; x_wconf 89' lang='lat' dir='ltr'><strong>honor</strong></span> <span class='ocrx_word' id='word_1_729' title='bbox 1397 5440 1500 5487; x_wconf 88' lang='lat' dir='ltr'><strong>est.</strong></span> <span class='ocrx_word' id='word_1_730' title='bbox 1528 5450 1548 5485; x_wconf 73' lang='grc' dir='ltr'><strong>ι</strong></span> <span class='ocrx_word' id='word_1_731' title='bbox 1581 5434 1620 5486; x_wconf 83' lang='grc' dir='ltr'><strong>Α</strong></span> <span class='ocrx_word' id='word_1_732' title='bbox 1649 5432 1763 5489; x_wconf 83' lang='lat' dir='ltr'><strong>Deo</strong></span> <span class='ocrx_word' id='word_1_733' title='bbox 1790 5436 1875 5489; x_wconf 91' lang='lat' dir='ltr'><strong>vi-</strong></span> 
     </span>
    </p>
   </div>
   <div class='ocr_carea' id='block_1_103' title="bbox 297 5514 1880 5586">
    <p class='ocr_par' dir='ltr' id='par_1_103' title="bbox 297 5514 1880 5586">
     <span class='ocr_line' id='line_1_103' title="bbox 297 5514 1880 5586; baseline 0.011 -19"><span class='ocrx_word' id='word_1_734' title='bbox 297 5514 497 5569; x_wconf 85' lang='lat' dir='ltr'><strong>delicet</strong></span> <span class='ocrx_word' id='word_1_735' title='bbox 518 5517 612 5586; x_wconf 90' lang='lat' dir='ltr'><strong>qui</strong></span> <span class='ocrx_word' id='word_1_736' title='bbox 636 5517 794 5585; x_wconf 82' lang='lat' dir='ltr'><strong>dixit,</strong></span> <span class='ocrx_word' id='word_1_737' title='bbox 823 5518 991 5586; x_wconf 78' lang='lat' dir='ltr'><strong>l’ono‘,</strong></span> <span class='ocrx_word' id='word_1_738' title='bbox 1021 5522 1194 5577; x_wconf 90' lang='lat' dir='ltr'><strong>honor</strong></span> <span class='ocrx_word' id='word_1_739' title='bbox 1220 5523 1595 5581; x_wconf 87' lang='lat' dir='ltr'><strong>distribuitur:</strong></span> <span class='ocrx_word' id='word_1_740' title='bbox 1616 5527 1880 5584; x_wconf 85' lang='lat' dir='ltr'><strong>adversus</strong></span> 
     </span>
    </p>
   </div>
   <div class='ocr_carea' id='block_1_104' title="bbox 301 5606 1874 5677">
    <p class='ocr_par' dir='ltr' id='par_1_104' title="bbox 301 5606 1874 5677">
     <span class='ocr_line' id='line_1_104' title="bbox 301 5606 1874 5677; baseline 0.009 -16"><span class='ocrx_word' id='word_1_741' title='bbox 301 5606 617 5664; x_wconf 89' lang='lat' dir='ltr'><strong>incredulos</strong></span> <span class='ocrx_word' id='word_1_742' title='bbox 644 5624 796 5677; x_wconf 91' lang='lat' dir='ltr'><strong>vero,</strong></span> <span class='ocrx_word' id='word_1_743' title='bbox 823 5610 926 5667; x_wconf 90' lang='lat' dir='ltr'><strong>hoc</strong></span> <span class='ocrx_word' id='word_1_744' title='bbox 951 5614 1115 5669; x_wconf 82' lang='lat' dir='ltr'><strong>etiam</strong></span> <span class='ocrx_word' id='word_1_745' title='bbox 1146 5628 1294 5671; x_wconf 87' lang='lat' dir='ltr'><strong>nunc</strong></span> <span class='ocrx_word' id='word_1_746' title='bbox 1319 5616 1453 5674; x_wconf 88' lang='lat' dir='ltr'><strong>dicit</strong></span> <span class='ocrx_word' id='word_1_747' title='bbox 1488 5616 1632 5674; x_wconf 89' lang='lat' dir='ltr'><strong>Deus</strong></span> <span class='ocrx_word' id='word_1_748' title='bbox 1670 5637 1684 5675; x_wconf 90' lang='lat'><strong>:</strong></span> <span class='ocrx_word' id='word_1_749' title='bbox 1721 5619 1874 5676; x_wconf 90' lang='lat' dir='ltr'><strong>Pono</strong></span> 
     </span>
    </p>
   </div>
   <div class='ocr_carea' id='block_1_105' title="bbox 300 5700 1874 5781">
    <p class='ocr_par' dir='ltr' id='par_1_105' title="bbox 300 5700 1874 5781">
     <span class='ocr_line' id='line_1_105' title="bbox 300 5700 1874 5781; baseline 0.006 -24"><span class='ocrx_word' id='word_1_750' title='bbox 300 5700 456 5758; x_wconf 84' lang='lat' dir='ltr'><strong>vobis</strong></span> <span class='ocrx_word' id='word_1_751' title='bbox 490 5700 547 5759; x_wconf 89' lang='lat' dir='ltr'><strong>in</strong></span> <span class='ocrx_word' id='word_1_752' title='bbox 587 5700 722 5758; x_wconf 86' lang='lat' dir='ltr'><strong>Sion</strong></span> <span class='ocrx_word' id='word_1_753' title='bbox 760 5703 994 5775; x_wconf 86' lang='lat' dir='ltr'><strong>lapidem</strong></span> <span class='ocrx_word' id='word_1_754' title='bbox 1028 5704 1083 5760; x_wconf 90' lang='lat' dir='ltr'><strong>in</strong></span> <span class='ocrx_word' id='word_1_755' title='bbox 1111 5721 1275 5777; x_wconf 88' lang='lat' dir='ltr'><strong>quem</strong></span> <span class='ocrx_word' id='word_1_756' title='bbox 1308 5706 1623 5780; x_wconf 86' lang='lat' dir='ltr'><strong>impingatis</strong></span> <span class='ocrx_word' id='word_1_757' title='bbox 1654 5727 1669 5764; x_wconf 89' lang='lat'><strong>:</strong></span> <span class='ocrx_word' id='word_1_758' title='bbox 1695 5710 1789 5781; x_wconf 90' lang='lat' dir='ltr'><strong>qui</strong></span> <span class='ocrx_word' id='word_1_759' title='bbox 1817 5719 1874 5766; x_wconf 89' lang='lat' dir='ltr'><strong>et</strong></span> 
     </span>
    </p>
   </div>
   <div class='ocr_carea' id='block_1_106' title="bbox 378 5880 2294 5960">
    <p class='ocr_par' dir='ltr' id='par_1_106' title="bbox 378 5880 2294 5960">
     <span class='ocr_line' id='line_1_106' title="bbox 378 5880 2294 5960; baseline 0.004 -21"><span class='ocrx_word' id='word_1_760' title='bbox 378 5884 420 5915; x_wconf 83' lang='lat'><strong>&quot;</strong></span> <span class='ocrx_word' id='word_1_761' title='bbox 449 5880 585 5940; x_wconf 85' lang='lat' dir='ltr'><strong>Cen.</strong></span> <span class='ocrx_word' id='word_1_762' title='bbox 626 5898 704 5950; x_wconf 84' lang='lat' dir='ltr'><strong>tv,</strong></span> <span class='ocrx_word' id='word_1_763' title='bbox 737 5881 938 5958; x_wconf 84' lang='lat' dir='ltr'><strong>lseqq.</strong></span> <span class='ocrx_word' id='word_1_764' title='bbox 1016 5886 1063 5919; x_wconf 70' lang='grc' dir='ltr'><strong>’ί</strong></span> <span class='ocrx_word' id='word_1_765' title='bbox 1088 5881 1207 5942; x_wconf 85' lang='lat' dir='ltr'><strong>Gen</strong></span> <span class='ocrx_word' id='word_1_766' title='bbox 1256 5896 1466 5954; x_wconf 82' lang='lat' dir='ltr'><strong>sxsvn,</strong></span> <span class='ocrx_word' id='word_1_767' title='bbox 1497 5884 1522 5942; x_wconf 85' lang='lat' dir='ltr'><strong>l</strong></span> <span class='ocrx_word' id='word_1_768' title='bbox 1553 5900 1710 5958; x_wconf 86' lang='lat' dir='ltr'><strong>seqq.</strong></span> <span class='ocrx_word' id='word_1_769' title='bbox 1787 5886 1831 5921; x_wconf 77' lang='grc'><strong><em>³³</em></strong></span> <span class='ocrx_word' id='word_1_770' title='bbox 1858 5886 1990 5944; x_wconf 86' lang='lat' dir='ltr'><strong>Luc.</strong></span> <span class='ocrx_word' id='word_1_771' title='bbox 2042 5903 2174 5960; x_wconf 77' lang='lat' dir='ltr'><strong>xvu,</strong></span> <span class='ocrx_word' id='word_1_772' title='bbox 2206 5888 2294 5946; x_wconf 87' lang='lat' dir='ltr'><strong>l6.</strong></span> 
     </span>
    </p>
   </div>
   <div class='ocr_carea' id='block_1_107' title="bbox 1978 4786 3556 4857">
    <p class='ocr_par' dir='ltr' id='par_1_107' title="bbox 1978 4786 3556 4857">
     <span class='ocr_line' id='line_1_107' title="bbox 1978 4786 3556 4857; baseline -0.004 -13"><span class='ocrx_word' id='word_1_773' title='bbox 1978 4789 2143 4844; x_wconf 74' lang='grc' dir='ltr'>καλῶ</span> <span class='ocrx_word' id='word_1_774' title='bbox 2167 4790 2246 4856; x_wconf 84' lang='grc' dir='ltr'>ὡς</span> <span class='ocrx_word' id='word_1_775' title='bbox 2263 4790 2590 4857; x_wconf 76' lang='grc' dir='ltr'>παροίκους</span> <span class='ocrx_word' id='word_1_776' title='bbox 2614 4789 2711 4842; x_wconf 78' lang='grc' dir='ltr'>καὶ</span> <span class='ocrx_word' id='word_1_777' title='bbox 2735 4787 3199 4856; x_wconf 73' lang='grc' dir='ltr'>παρεπιδήμους.</span> <span class='ocrx_word' id='word_1_778' title='bbox 3227 4786 3556 4854; x_wconf 83' lang='grc' dir='ltr'>ἀπέχεσθαι</span> 
     </span>
    </p>
   </div>
   <div class='ocr_carea' id='block_1_108' title="bbox 1977 4877 3556 4950">
    <p class='ocr_par' dir='ltr' id='par_1_108' title="bbox 1977 4877 3556 4950">
     <span class='ocr_line' id='line_1_108' title="bbox 1977 4877 3556 4950; baseline -0.005 -15"><span class='ocrx_word' id='word_1_779' title='bbox 1977 4881 2098 4936; x_wconf 82' lang='grc' dir='ltr'><strong>τῶν</strong></span> <span class='ocrx_word' id='word_1_780' title='bbox 2126 4880 2431 4950; x_wconf 75' lang='grc' dir='ltr'>σαρκικῶν</span> <span class='ocrx_word' id='word_1_781' title='bbox 2466 4878 2815 4948; x_wconf 77' lang='grc' dir='ltr'>ἐπιθυμιῶν,</span> <span class='ocrx_word' id='word_1_782' title='bbox 2862 4878 3090 4942; x_wconf 73' lang='grc' dir='ltr'>αἵτινες</span> <span class='ocrx_word' id='word_1_783' title='bbox 3127 4877 3556 4945; x_wconf 77' lang='grc' dir='ltr'>στρατεύονται</span> 
     </span>
    </p>
   </div>
   <div class='ocr_carea' id='block_1_109' title="bbox 1978 4972 3560 5046">
    <p class='ocr_par' dir='ltr' id='par_1_109' title="bbox 1978 4972 3560 5046">
     <span class='ocr_line' id='line_1_109' title="bbox 1978 4972 3560 5046; baseline -0.004 -15"><span class='ocrx_word' id='word_1_784' title='bbox 1978 4978 2129 5032; x_wconf 80' lang='grc' dir='ltr'>κατὰ</span> <span class='ocrx_word' id='word_1_785' title='bbox 2165 4977 2277 5045; x_wconf 83' lang='grc' dir='ltr'>τῆς</span> <span class='ocrx_word' id='word_1_786' title='bbox 2310 4976 2540 5046; x_wconf 71' lang='grc' dir='ltr'>ψυχῆς,</span> <span class='ocrx_word' id='word_1_787' title='bbox 2581 4976 2696 5043; x_wconf 77' lang='grc' dir='ltr'>τὴν</span> <span class='ocrx_word' id='word_1_788' title='bbox 2725 4974 3119 5043; x_wconf 69' lang='grc' dir='ltr'>ἀναστροφὴν</span> <span class='ocrx_word' id='word_1_789' title='bbox 3155 4972 3324 5042; x_wconf 85' lang='grc' dir='ltr'>ὑμῶν</span> <span class='ocrx_word' id='word_1_790' title='bbox 3379 4973 3560 5040; x_wconf 80' lang='grc' dir='ltr'>ἕχον-</span> 
     </span>
    </p>
   </div>
   <div class='ocr_carea' id='block_1_110' title="bbox 1977 5061 3556 5137">
    <p class='ocr_par' dir='ltr' id='par_1_110' title="bbox 1977 5061 3556 5137">
     <span class='ocr_line' id='line_1_110' title="bbox 1977 5061 3556 5137; baseline -0.002 -14"><span class='ocrx_word' id='word_1_791' title='bbox 1977 5087 2078 5136; x_wconf 77' lang='grc' dir='ltr'><strong>τες</strong></span> <span class='ocrx_word' id='word_1_792' title='bbox 2103 5070 2305 5137; x_wconf 69' lang='grc' dir='ltr'>καλὴν</span> <span class='ocrx_word' id='word_1_793' title='bbox 2332 5070 2405 5123; x_wconf 77' lang='grc' dir='ltr'>ἐν</span> <span class='ocrx_word' id='word_1_794' title='bbox 2430 5069 2554 5135; x_wconf 82' lang='grc' dir='ltr'>τοῖς</span> <span class='ocrx_word' id='word_1_795' title='bbox 2594 5070 2855 5135; x_wconf 71' lang='grc' dir='ltr'>ἔθνεσιν,</span> <span class='ocrx_word' id='word_1_796' title='bbox 2882 5069 2981 5121; x_wconf 81' lang='grc' dir='ltr'>ἵνα</span> <span class='ocrx_word' id='word_1_797' title='bbox 3007 5068 3077 5121; x_wconf 83' lang='grc' dir='ltr'>ἐν</span> <span class='ocrx_word' id='word_1_798' title='bbox 3100 5061 3150 5134; x_wconf 86' lang='grc' dir='ltr'>ᾦ</span> <span class='ocrx_word' id='word_1_799' title='bbox 3178 5063 3556 5120; x_wconf 71' lang='grc' dir='ltr'>καταλαλοῦ-</span> 
     </span>
    </p>
   </div>
   <div class='ocr_carea' id='block_1_111' title="bbox 1978 5156 3558 5228">
    <p class='ocr_par' dir='ltr' id='par_1_111' title="bbox 1978 5156 3558 5228">
     <span class='ocr_line' id='line_1_111' title="bbox 1978 5156 3558 5228; baseline -0.002 -15"><span class='ocrx_word' id='word_1_800' title='bbox 1978 5175 2084 5214; x_wconf 86' lang='grc' dir='ltr'><strong>σιν</strong></span> <span class='ocrx_word' id='word_1_801' title='bbox 2123 5158 2293 5228; x_wconf 79' lang='grc' dir='ltr'>ῠμῶν</span> <span class='ocrx_word' id='word_1_802' title='bbox 2330 5162 2413 5226; x_wconf 86' lang='grc' dir='ltr'>ὡς</span> <span class='ocrx_word' id='word_1_803' title='bbox 2466 5158 2827 5224; x_wconf 78' lang='grc' dir='ltr'>κακοποιῶν,</span> <span class='ocrx_word' id='word_1_804' title='bbox 2859 5158 2928 5211; x_wconf 77' lang='grc' dir='ltr'>ἐκ</span> <span class='ocrx_word' id='word_1_805' title='bbox 2969 5157 3089 5211; x_wconf 88' lang='grc' dir='ltr'><strong>τῶν</strong></span> <span class='ocrx_word' id='word_1_806' title='bbox 3146 5156 3351 5211; x_wconf 68' lang='grc' dir='ltr'>καλῶν</span> <span class='ocrx_word' id='word_1_807' title='bbox 3370 5159 3558 5225; x_wconf 73' lang='grc' dir='ltr'>ἔργων</span> 
     </span>
    </p>
   </div>
   <div class='ocr_carea' id='block_1_112' title="bbox 1977 5244 3557 5318">
    <p class='ocr_par' dir='ltr' id='par_1_112' title="bbox 1977 5244 3557 5318">
     <span class='ocr_line' id='line_1_112' title="bbox 1977 5244 3557 5318; baseline -0.003 -15"><span class='ocrx_word' id='word_1_808' title='bbox 1977 5251 2416 5316; x_wconf 71' lang='grc' dir='ltr'>ἐποπτεύοντες</span> <span class='ocrx_word' id='word_1_809' title='bbox 2438 5288 2454 5315; x_wconf 85' lang='grc'><strong>,</strong></span> <span class='ocrx_word' id='word_1_810' title='bbox 2512 5248 2824 5312; x_wconf 77' lang='grc' dir='ltr'>δοξάσωσι</span> <span class='ocrx_word' id='word_1_811' title='bbox 2893 5248 3000 5302; x_wconf 81' lang='grc' dir='ltr'>τόν</span> <span class='ocrx_word' id='word_1_812' title='bbox 3058 5248 3209 5301; x_wconf 85' lang='grc' dir='ltr'>Θεὸν</span> <span class='ocrx_word' id='word_1_813' title='bbox 3256 5246 3327 5318; x_wconf 79' lang='grc' dir='ltr'>ἐν</span> <span class='ocrx_word' id='word_1_814' title='bbox 3363 5244 3557 5316; x_wconf 74' lang='grc' dir='ltr'>ἡμέρᾳ</span> 
     </span>
    </p>
   </div>
   <div class='ocr_carea' id='block_1_113' title="bbox 1976 5342 2336 5409">
    <p class='ocr_par' dir='ltr' id='par_1_113' title="bbox 1976 5342 2336 5409">
     <span class='ocr_line' id='line_1_113' title="bbox 1976 5342 2336 5409; baseline 0.006 -15"><span class='ocrx_word' id='word_1_815' title='bbox 1976 5342 2336 5409; x_wconf 71' lang='grc' dir='ltr'>ἐπισκοπῆς.</span> 
     </span>
    </p>
   </div>
   <div class='ocr_carea' id='block_1_114' title="bbox 2054 5426 3553 5503">
    <p class='ocr_par' dir='ltr' id='par_1_114' title="bbox 2054 5426 3553 5503">
     <span class='ocr_line' id='line_1_114' title="bbox 2054 5426 3553 5503; baseline -0.001 -21"><span class='ocrx_word' id='word_1_816' title='bbox 2054 5449 2073 5482; x_wconf 75' lang='grc' dir='ltr'><strong>ι</strong></span> <span class='ocrx_word' id='word_1_817' title='bbox 2123 5430 2284 5498; x_wconf 82' lang='grc' dir='ltr'>Ὑμῖν</span> <span class='ocrx_word' id='word_1_818' title='bbox 2307 5430 2401 5485; x_wconf 74' lang='grc' dir='ltr'><strong>οὖν</strong></span> <span class='ocrx_word' id='word_1_819' title='bbox 2435 5433 2469 5503; x_wconf 73' lang='grc' dir='ltr'><strong>ἡ</strong></span> <span class='ocrx_word' id='word_1_820' title='bbox 2497 5430 2637 5499; x_wconf 81' lang='grc' dir='ltr'>τιμὴ</span> <span class='ocrx_word' id='word_1_821' title='bbox 2671 5432 2785 5493; x_wconf 74' lang='grc' dir='ltr'>τοῖς</span> <span class='ocrx_word' id='word_1_822' title='bbox 2823 5428 3196 5483; x_wconf 80' lang='grc' dir='ltr'>πιστεύουσιν.</span> <span class='ocrx_word' id='word_1_823' title='bbox 3236 5447 3255 5479; x_wconf 72' lang='grc' dir='ltr'><strong>ι</strong></span> <span class='ocrx_word' id='word_1_824' title='bbox 3290 5426 3435 5498; x_wconf 74' lang='grc' dir='ltr'>Πρὸς</span> <span class='ocrx_word' id='word_1_825' title='bbox 3457 5426 3553 5480; x_wconf 79' lang='grc' dir='ltr'><strong>τοῦ</strong></span> 
     </span>
    </p>
   </div>
   <div class='ocr_carea' id='block_1_115' title="bbox 1978 5519 3556 5593">
    <p class='ocr_par' dir='ltr' id='par_1_115' title="bbox 1978 5519 3556 5593">
     <span class='ocr_line' id='line_1_115' title="bbox 1978 5519 3556 5593; baseline -0.002 -18"><span class='ocrx_word' id='word_1_826' title='bbox 1978 5522 2226 5585; x_wconf 76' lang='grc' dir='ltr'>εἰπόντος</span> <span class='ocrx_word' id='word_1_827' title='bbox 2252 5521 2386 5576; x_wconf 83' lang='grc' dir='ltr'>Θεοῦ</span> <span class='ocrx_word' id='word_1_828' title='bbox 2403 5524 2486 5590; x_wconf 71' lang='lat' dir='ltr'><strong>sb,</strong></span> <span class='ocrx_word' id='word_1_829' title='bbox 2525 5523 2744 5593; x_wconf 74' lang='grc' dir='ltr'>τίθημι,</span> <span class='ocrx_word' id='word_1_830' title='bbox 2773 5523 2806 5593; x_wconf 79' lang='grc' dir='ltr'><strong>ἠ</strong></span> <span class='ocrx_word' id='word_1_831' title='bbox 2841 5522 2977 5593; x_wconf 74' lang='grc' dir='ltr'>τιμὴ</span> <span class='ocrx_word' id='word_1_832' title='bbox 3010 5521 3257 5593; x_wconf 78' lang='grc' dir='ltr'>δηλονότι</span> <span class='ocrx_word' id='word_1_833' title='bbox 3280 5519 3556 5590; x_wconf 68' lang='grc' dir='ltr'>ἀπονιμε-</span> 
     </span>
    </p>
   </div>
   <div class='ocr_carea' id='block_1_116' title="bbox 1978 5591 3561 5687">
    <p class='ocr_par' dir='ltr' id='par_1_116' title="bbox 1978 5591 3561 5687">
     <span class='ocr_line' id='line_1_116' title="bbox 1978 5591 3561 5687; baseline -0.003 -20"><span class='ocrx_word' id='word_1_834' title='bbox 1978 5630 2089 5668; x_wconf 86' lang='grc' dir='ltr'>ται.</span> <span class='ocrx_word' id='word_1_835' title='bbox 2123 5614 2263 5685; x_wconf 70' lang='grc' dir='ltr'>Πρὸς</span> <span class='ocrx_word' id='word_1_836' title='bbox 2292 5616 2401 5687; x_wconf 73' lang='grc' dir='ltr'>γὰρ</span> <span class='ocrx_word' id='word_1_837' title='bbox 2434 5618 2559 5679; x_wconf 75' lang='grc' dir='ltr'>τοὺς</span> <span class='ocrx_word' id='word_1_838' title='bbox 2584 5591 2945 5678; x_wconf 65' lang='grc' dir='ltr'>ἀπειθοῧντας</span> <span class='ocrx_word' id='word_1_839' title='bbox 2965 5591 3145 5668; x_wconf 66' lang='grc' dir='ltr'>τοῦτο</span> <span class='ocrx_word' id='word_1_840' title='bbox 3190 5613 3285 5666; x_wconf 71' lang='grc' dir='ltr'><strong>καὶ</strong></span> <span class='ocrx_word' id='word_1_841' title='bbox 3324 5606 3422 5664; x_wconf 81' lang='grc' dir='ltr'>νῦν</span> <span class='ocrx_word' id='word_1_842' title='bbox 3449 5622 3561 5682; x_wconf 58' lang='grc' dir='ltr'><strong>φη.</strong></span> 
     </span>
    </p>
   </div>
   <div class='ocr_carea' id='block_1_117' title="bbox 1978 5702 3557 5780">
    <p class='ocr_par' dir='ltr' id='par_1_117' title="bbox 1978 5702 3557 5780">
     <span class='ocr_line' id='line_1_117' title="bbox 1978 5702 3557 5780; baseline -0.003 -18"><span class='ocrx_word' id='word_1_843' title='bbox 1978 5710 2064 5763; x_wconf 73' lang='grc' dir='ltr'><strong>σὶν</strong></span> <span class='ocrx_word' id='word_1_844' title='bbox 2093 5713 2121 5764; x_wconf 82' lang='grc' dir='ltr'><strong>ὁ</strong></span> <span class='ocrx_word' id='word_1_845' title='bbox 2141 5709 2296 5773; x_wconf 73' lang='grc' dir='ltr'><strong>Θιός*</strong></span> <span class='ocrx_word' id='word_1_846' title='bbox 2323 5709 2527 5780; x_wconf 83' lang='grc' dir='ltr'>Τίθημι</span> <span class='ocrx_word' id='word_1_847' title='bbox 2557 5710 2684 5780; x_wconf 72' lang='grc' dir='ltr'>ὑμῖν</span> <span class='ocrx_word' id='word_1_848' title='bbox 2699 5709 2759 5761; x_wconf 71' lang='grc' dir='ltr'><strong>ὲν</strong></span> <span class='ocrx_word' id='word_1_849' title='bbox 2781 5707 2919 5762; x_wconf 78' lang='grc' dir='ltr'>Σιὼν</span> <span class='ocrx_word' id='word_1_850' title='bbox 2941 5706 3087 5762; x_wconf 73' lang='grc' dir='ltr'>λίθον</span> <span class='ocrx_word' id='word_1_851' title='bbox 3107 5702 3557 5779; x_wconf 76' lang='grc' dir='ltr'>προσκόμματος,</span> 
     </span>
    </p>
   </div>
   <div class='ocr_carea' id='block_1_118' title="bbox 2450 5883 3408 5962">
    <p class='ocr_par' dir='ltr' id='par_1_118' title="bbox 2450 5883 3408 5962">
     <span class='ocr_line' id='line_1_118' title="bbox 2450 5883 3408 5962; baseline -0.004 -18"><span class='ocrx_word' id='word_1_852' title='bbox 2450 5887 2653 5962; x_wconf 83' lang='lat' dir='ltr'><strong>Ephes.</strong></span> <span class='ocrx_word' id='word_1_853' title='bbox 2683 5905 2758 5955; x_wconf 75' lang='lat' dir='ltr'><strong>vr,</strong></span> <span class='ocrx_word' id='word_1_854' title='bbox 2789 5890 2872 5944; x_wconf 74' lang='grc' dir='ltr'>ιδ.</span> <span class='ocrx_word' id='word_1_855' title='bbox 2951 5890 2996 5924; x_wconf 74' lang='grc'><strong>⁸⁸</strong></span> <span class='ocrx_word' id='word_1_856' title='bbox 3032 5887 3049 5942; x_wconf 92' lang='lat' dir='ltr'><strong>l</strong></span> <span class='ocrx_word' id='word_1_857' title='bbox 3086 5887 3225 5942; x_wconf 85' lang='lat' dir='ltr'><strong>Tim.</strong></span> <span class='ocrx_word' id='word_1_858' title='bbox 3263 5899 3322 5953; x_wconf 86' lang='lat' dir='ltr'><strong>ll,</strong></span> <span class='ocrx_word' id='word_1_859' title='bbox 3355 5883 3408 5941; x_wconf 83' lang='lat'><strong>8.</strong></span> 
     </span>
    </p>
   </div>
  </div>
