3986 6574
398 405 505 473 533

1425 411 1814 475 (IOMMENT.
1846 411 1929 474 IN
1958 408 2194 473 EPIST.
2224 410 2253 472 Ι
2285 410 2347 474 S.
2385 409 2636 472 PETRI.

3541 394 3646 463 534

395 541 456 605 ὃς
485 540 585 596 καὶ
627 541 807 616 πέτρα
855 543 1178 613 σκανδάλου,
1211 546 1306 602 καὶ
1347 546 1492 612 λίθος
1550 550 1977 623 προσκόμματός

2090 561 2231 623 petra
2260 562 2345 610 est
2373 553 2440 608 ad
2467 567 2628 624 quam
2659 548 2964 615 oilendant,
2993 555 3049 603 et
3084 544 3223 618 lapis
3257 544 3309 601 in
3341 557 3503 615 quem
3534 542 3653 597 im-

392 632 511 688 ἑστι
564 636 682 699 τοῖς
737 636 1078 706 ἀπειθοῦσιν,
1133 638 1182 692 οἶ
1239 640 1761 713 προσκόπτουσιτῷ
1808 642 1973 714 λόγῳ,

391 725 750 792 ἀπειθοῦντες
778 728 859 799 τῷ
914 728 1060 801 λόγῳ
1091 730 1358 801 δηλονότι,
1407 733 1486 796 εἱς
1505 732 1534 786 ὃ
1575 734 1668 787 καὶ
1692 734 1975 807 ἐτέθησαν.

394 811 593 870 Ἔσται
620 813 718 871 οὖν
754 819 815 873 τὸ
850 820 969 875 ὅλον
1012 820 1209 888 οὕτως’
1255 824 1387 879 Ἰδοὺ
1427 824 1621 896 τίθημι
1644 828 1702 881 ὲν
1737 827 1875 881 Σιὼν
1897 829 1977 882 λί-

395 908 489 960 θτν
510 909 935 979 ἀκρηωνιαῖον,
969 913 1208 985 ἔντιμον,
1236 915 1512 971 ἐκλεκτόν.
1531 918 1641 971 Καὶ
1656 919 1684 971 ό
1709 918 1982 975 πιστεύων

396 996 486 1053 lt‘
545 997 719 1071 αὐτῷ,
774 1001 838 1055 οὐ
887 1004 962 1073 μὴ
996 1006 1391 1078 καταισχυνθῇ,
1449 1006 1668 1077 ἔντιμον
1698 1007 1828 1079 ὑμῖν
1867 1010 1979 1074 τοὶς

397 1089 771 1153 πιστεύουσιν,
797 1093 1082 1149 ἀπειθοῦσι
1108 1094 1186 1160 δὲ,
1214 1096 1362 1150 λίθον
1385 1099 1837 1170 προσκόμματος.
1879 1101 1978 1156 “Ov

394 1172 548 1229 λίθον
573 1178 989 1251 ἀπεδοκίμασαν
1025 1180 1126 1252 μὲν
1169 1183 1219 1236 oi
1253 1183 1701 1256 οἱκοδομοῦντες,
1742 1180 1894 1252 οὗτος
1923 1186 1980 1242 δὲ

396 1265 638 1340 ιγενήθη
691 1272 773 1336 εἱς
825 1273 1071 1345 κεφαλὴν
1122 1276 1345 1345 γωνίας,
1405 1278 1700 1335 συνάπτων
1727 1279 1828 1357 μὲν
1853 1281 1981 1346 τοὺς

400 1361 755 1425 πιστεύοντας
786 1364 866 1429 εἰς
895 1366 1059 1421 αὐτόν
1079 1383 1094 1398 ·
1121 1366 1270 1434 λίθος
1301 1367 1364 1423 δὲ
1411 1373 1832 1443 προσκόμματος
1857 1374 1981 1427 τού-

399 1468 535 1515 τοις,
567 1454 618 1507 οἱ
649 1456 1052 1525 προσκόπτουσι
1103 1457 1183 1530 τῷ
1211 1458 1355 1531 λόγῳ
1383 1461 1477 1514 τοῦ
1509 1460 1841 1529 Εὐαγγελίου
1883 1462 1980 1534 δη-

398 1541 533 1613 λαδὴ
564 1545 937 1612 ἀπειθοῦντες.
974 1549 1097 1615 «Εἰς
1115 1549 1144 1604 ὃ
1168 1550 1262 1605 καὶ
1287 1552 1572 1622 ἐτέθησαν.
1588 1571 1607 1605 ι
1633 1555 1746 1625 Οὐχ
1774 1554 1849 1617 ὡς
1873 1555 1981 1609 ἀπὸ

398 1633 493 1687 τοῦ
518 1633 653 1688 Θεοῦ
682 1637 764 1701 είς
788 1638 947 1694 τοῦτο
992 1642 1394 1713 ἀφωρισμένοις
1443 1646 1685 1716 εἴρηται.
1739 1646 1980 1716 Οὐδεμία

396 1723 506 1793 γάρ
539 1727 689 1781 αἱτὶα
722 1729 1024 1795 ἀπωλείας,
1083 1736 1237 1805 παρά
1287 1735 1383 1789 τοῦ
1415 1738 1625 1801 πάντας
1653 1737 1980 1808 ἀνθρώπους

396 1813 646 1880 θέλοντος
702 1819 944 1891 σωθῆναι
1000 1821 1353 1892 βραὸεὐεται,
1410 1826 1546 1880 ἀλλὰ
1592 1831 1710 1893 τοϊς
1755 1830 1979 1895 ἑαυτοὺς

402 1907 569 1977 σκεύη
607 1889 1219 1984 κατηρτικόσινίόργῆς,
1264 1916 1359 1969 καὶ
1398 1917 1430 1987 ἡ
1482 1889 1737 1971 ἀπείθεια
1778 1889 1982 1989 ὲπηκοίι
2008 1889 2056 1949 Β

400 1995 654 2067 λούθησε,
707 2002 803 2054 καὶ
841 2003 922 2067 εἱς
965 2003 1034 2074 ἦν
1071 2007 1495 2074 παρεσκεύασαν
1551 2010 1781 2074 ἑαυτοὺς
1828 2012 1982 2079 τάξιν

397 2085 686 2158 ἐτέθησαν.
729 2081 795 2147 Et
846 2093 957 2163 γὰρ
1002 2095 1350 2163 αὐτεξούσιος
1400 2101 1429 2152 ό
1460 2100 1746 2171 ἄνθρωπος
1768 2101 1981 2172 γέγονε,

397 2182 492 2234 καὶ
529 2182 632 2236 οὐκ
663 2183 778 2238 ἐστι
810 2183 1091 2255 βιάζεσθαι
1113 2188 1175 2243 τδ
1204 2191 1575 2257 αὐτεξούσιον,
1599 2195 1699 2247 οὐκ
1725 2194 1790 2249 ἀν
1813 2197 1983 2250 εἰκότι

399 2272 680 2342 μέμψαιτό
708 2293 794 2340 τις
830 2278 974 2351 λόγῳ
995 2282 1074 2349 τῷ
1125 2270 1385 2355 τοιαύτης
1421 2284 1628 2357 λήξεως
1686 2287 1981 2354 ἀξιώσαντι

399 2363 613 2430 τοῦτον,
644 2363 710 2440 ἧς
733 2369 819 2423 διὰ
839 2371 946 2424 τῶν
966 2373 1132 2429 αὐτοῦ
1151 2374 1329 2445 ἔργων
1344 2379 1372 2430 ό
1386 2377 1558 2432 ταῦτα
1574 2380 1780 2450 δράσας
1803 2382 1983 2456 ἑαυτῷ

404 2457 831 2529 ιμνηστεύσατο.
874 2464 1293 2535 Ἀκρογωνιαίος
1310 2470 1367 2524 δὲ
1392 2470 1538 2534 λίθος
1554 2473 1769 2545 εἴρηται
1794 2477 1822 2529 ό
1844 2477 1888 2529 Χ
1896 2494 1984 2547 ρι-

405 2549 550 2614 στὸς,
574 2551 653 2615 ὡς
678 2555 804 2617 τοὺς
840 2554 934 2609 δύο
963 2557 1177 2630 τοίχους
1209 2561 1336 2624 τοὺς
1381 2561 1473 2616 τὸν
1520 2564 1795 2636 Πατρικόν
1836 2565 1985 2624 οἷκον

402 2642 823 2713 ἀποτελοῦντας,
857 2648 976 2717 ήτοι
1010 2651 1136 2713 τοὺς
1168 2652 1229 2717 ,ἐξ
1265 2652 1433 2707 ἐθνῶν
1464 2657 1558 2711 καὶ
1604 2658 1870 2715 Ἰουδαίων
1899 2663 1986 2719 διὰ

404 2730 504 2800 τῆς
529 2733 724 2787 ἑαυτοῦ
752 2738 1042 2793 συνάπτων
1085 2741 1322 2815 ἐπαφῆς,
1350 2747 1441 2799 καὶ
1477 2750 1558 2813 εἰς
1598 2751 1727 2819 μίαν
1754 2755 1988 2824 συσφίγ-

411 2840 522 2891 γων
566 2826 926 2896 ἁρμολογίαν,
968 2832 1077 2886 τῶν
1126 2835 1226 2905 μὲν
1244 2836 1344 2900 τὰς
1379 2839 1674 2908 ἀνωφελεῖς
1714 2846 1992 2914 ἀφανίζων

405 2918 617 2985 θυσίας,
643 2923 754 2976 τῶν
781 2923 837 2977 δὲ
860 2925 961 2996 τὴν
985 2927 1311 3003 δαιμονιώδη
1352 2936 1662 3002 μετατιθεὶς
1705 2938 1784 3002 εἱς
1827 2941 1989 2996 εὐσέ-

405 3008 555 3063 ϐειαν
578 3011 1039 3083 δεισιδαιμονίαν.
1086 3036 1107 3071 ι
1150 3019 1338 3089 Ὑμεῖς
1365 3023 1423 3076 δὲ
1461 3026 1620 3093 γένος
1652 3028 1933 3089 ἐκλεκτόν.
1963 3051 1982 3086 ι

406 3099 689 3157 Διαὸαλὼν
727 3106 831 3176 τὴν
877 3108 988 3161 τῶν
1028 3110 1400 3167 ἀπειθούντων
1449 3122 1839 3189 κακοτροπίαν,
1896 3125 1991 3180 καὶ

2080 645 2305 717 pingant
2350 644 2616 700 increduli
2668 657 2683 699 :
2741 640 2906 715 5.96
2949 640 3042 712 qui
3081 637 3334 694 videlicet
3387 631 3649 689 increduli

2079 747 2365 794 manentes
2407 736 2669 804 sermoni,
2709 735 3017 806 impingunt
3054 731 3109 786 in
3149 730 3303 786 illum
3342 739 3359 782 :
3399 726 3468 782 ad
3507 722 3690 807 quodf

2082 828 2334 884 videlicet
2373 828 2536 883 etiam
2583 824 2867 881 constituti
2913 823 3152 879 fuerant.
3203 818 3321 875 Erit
3369 830 3500 887 ergo
3543 823 3654 870 tota

2080 919 2345 991 particula
2372 920 2478 975 hoc
2517 918 2679 974 modo
2705 916 3007 973 ordinanda
3035 929 3050 968 :
3084 912 3222 968 Ecce
3258 924 3405 982 pono
3434 908 3489 963 in
3521 906 3654 1009 Sion

2081 1010 2313 1082 lapidem
2359 1010 2702 1082 angularem,
2731 1009 2962 1063 electum
3005 1014 3062 1062 et
3107 1003 3429 1077 pretiosum,
3470 1006 3526 1055 et
3561 1003 3653 1068 qui

2080 1103 2373 1160 crediderit
2416 1104 2472 1158 in
2517 1103 2630 1168 illo,
2662 1117 2772 1156 non
2818 1097 3059 1171 pudeﬁet
3108 1110 3123 1152 :
3169 1093 3470 1167 pretiosum
3502 1090 3655 1147 vobis

2081 1193 2175 1264 qui
2210 1194 2454 1259 creditis,
2489 1192 2791 1249 incredulis
2824 1207 2955 1248 vero
2988 1189 3221 1261 lapidem
3266 1186 3320 1240 in
3356 1199 3517 1284 quem
3555 1180 3656 1284 im-

2081 1286 2310 1360 pingunt
2331 1305 2345 1340 :
2370 1301 2534 1360 quem
2564 1284 2798 1357 lapidem
2826 1281 3252 1355 reprobaverunt
3278 1276 3496 1376 quidem
3522 1273 3656 1376 acdi-

2081 1376 2329 1441 licantes,
2357 1376 2449 1432 hic
2476 1384 2658 1432 autem
2688 1375 2864 1431 factus
2893 1382 2976 1429 est
3002 1379 3165 1443 caput
3193 1367 3396 1441 anguli,
3419 1367 3653 1434 conjun-

2083 1484 2218 1540 gens
2252 1469 2540 1524 credentes
2577 1468 2631 1522 in
2671 1484 2839 1522 unum
2872 1481 2888 1521 :
2926 1465 3064 1535 lapis
3102 1478 3230 1519 vero
3269 1462 3323 1516 in
3358 1456 3657 1557 quem-im-

2081 1560 2326 1633 pingitur
2362 1569 2446 1615 est
2495 1559 2562 1616 iis
2601 1559 2694 1630 qui
2745 1558 3074 1629 impingunt.
3118 1551 3358 1613 sermoni
3405 1549 3658 1650 videlicet

2083 1652 2360 1724 Evangelii
2388 1667 2497 1707 non
2532 1651 2837 1706 credentes.
2875 1649 2984 1704 rAd
3015 1647 3157 1718 quod
3180 1645 3342 1701 etiam
3373 1641 3653 1699 constituti

2082 1754 2257 1801 sunt:
2292 1764 2311 1798 ι
2351 1760 2462 1801 non
2505 1743 2657 1814 quasi
2702 1742 2767 1797 ad
2790 1742 2894 1798 hoc
2933 1741 3041 1795 sint
3067 1738 3331 1812 segregati
3373 1752 3404 1791 a
3449 1734 3559 1789 Deo
3601 1731 3655 1786 id

2083 1839 2287 1893 dictum
2316 1847 2421 1892 est.
2457 1835 2613 1890 Nulla
2644 1835 2790 1890 enim
2826 1831 3148 1904 perditionis
3174 1845 3339 1887 causa
3370 1828 3439 1886 ab
3470 1841 3536 1879 eo
3562 1824 3655 1893 qui

2085 1930 2199 1985 vult
2242 1944 2435 1983 omnes
2482 1926 2734 1983 homines
2778 1924 2955 1981 salvos
2996 1922 3115 1978 ﬁeri
3165 1919 3521 1981 ministratur,
3560 1912 3657 1970 sed

2079 2038 2176 2078 eos
2205 2021 2298 2093 qui
2333 2021 2545 2093 seipsos
2576 2034 2703 2076 vasa
2738 2020 2832 2074 irae
2861 2017 3183 2081 ell‘ecerunt,
3216 2024 3272 2069 et
3306 2008 3659 2066 incredulitas

2081 2121 2266 2169 secuta
2293 2120 2396 2178 est,
2438 2121 2494 2167 et
2522 2111 2579 2166 in
2613 2126 2679 2166 eo
2708 2109 2902 2164 ordine
2929 2105 3214 2163 constituti
3245 2113 3376 2160 sunt
3402 2101 3469 2157 ad
3494 2114 3659 2171 quem

2081 2219 2203 2260 sese
2250 2209 2710 2274 praeparaverant.
2744 2200 2803 2256 Si
2846 2200 2994 2255 enim
3038 2197 3195 2253 liberi
3237 2194 3448 2252 arbitrii
3493 2193 3658 2249 homo

2082 2297 2257 2353 factus
2287 2306 2390 2359 est,
2423 2311 2527 2352 nec
2564 2300 2744 2366 potest
2771 2291 2890 2364 cogi
2928 2291 3157 2346 liberum
3197 2286 3502 2352 arbitrium,
3562 2299 3658 2340 ne-

2082 2405 2356 2461 quaquam
2387 2387 2599 2444 decenti
2628 2399 2879 2441 sermone
2904 2383 3176 2454 quispiam
3204 2396 3332 2437 eum
3357 2392 3658 2441 accusavea

2080 2484 2171 2549 rit,
2203 2483 2293 2552 qui
2327 2482 2487 2538 talem
2520 2480 2624 2551 ipsi
2654 2487 2858 2537 sortem
2889 2475 3154 2542 decrevit,
3189 2489 3351 2544 quam
3382 2473 3499 2527 suis
3526 2485 3660 2541 ope-

2081 2575 2236 2630 ribus
2262 2573 2309 2628 is
2334 2572 2427 2643 qui
2459 2587 2524 2627 ea
2554 2579 2815 2641 operatus
2849 2575 2933 2623 est
2973 2567 3080 2622 sibi
3112 2565 3215 2635 ipsi
3249 2563 3459 2620 ascivit.
3487 2562 3661 2622 Porro

2080 2667 2223 2739 lapis
2257 2665 2533 2738 angularis
2571 2664 2750 2720 dictus
2791 2671 2875 2718 est
2913 2660 3187 2725 Christus,
3227 2668 3484 2755 tanquam
3522 2656 3660 2755 duos

2084 2761 2323 2830 parietes
2342 2757 2631 2814 Paternam
2656 2755 2876 2812 domum
2904 2752 3273 2825 perﬁciontes,
3303 2748 3419 2806 sive
3445 2762 3546 2851 eos
3566 2748 3660 2816 qui

2085 2866 2153 2905 ex
2178 2849 2433 2920 gentibus
2464 2859 2621 2904 erant
2657 2856 2716 2902 et
2754 2846 2955 2902 Iudaeis
2995 2860 3095 2901 suo
3131 2851 3388 2899 contactu
3428 2846 3661 2911 conjun—

2086 2958 2238 3016 gens,
2267 2950 2322 2998 et
2352 2942 2407 2998 in
2439 2957 2602 2999 uuam
2633 2940 2897 3009 adaptans
2926 2936 3367 2993 convenientiam
3394 2952 3410 2993 ;
3439 2932 3662 2993 inutiles

2084 3033 2304 3102 quidem
2338 3032 2545 3088 hostias
2575 3047 2605 3087 e
2636 3031 2823 3091 medio
2856 3029 3071 3092 tollens,
3104 3026 3496 3083 daemoniaeam
3529 3036 3661 3078 vero

2086 3122 2531 3193 superstitionem
2574 3122 2641 3177 ad
2683 3136 2873 3175 verum
2918 3117 3254 3174 transferens
3298 3115 3393 3171 Dei
3430 3114 3658 3170 cultum.

405 3193 551 3257 ὅπως
585 3195 740 3250 αὑτοὶ
782 3197 996 3264 ἑαυτοὶς
1030 3204 1310 3273 παραίτιοι
1366 3209 1776 3281 κατεστάθησαν
1830 3215 1985 3268 ἀπει-

2094 3215 2232 3271 «Vos
2260 3223 2441 3270 autem
2474 3229 2645 3286 genus
2670 3213 2924 3269 electum.
2975 3229 2993 3263 ι
3028 3211 3317 3280 Postquam
3351 3205 3663 3282 incredulo-

412 3284 576 3350 Δὶείαις,
617 3286 715 3340 νῦν
759 3290 1072 3358 μεταϐαίνει
1127 3295 1264 3365 πρὸς
1301 3296 1523 3352 ἔπαινον
1564 3301 1674 3355 τῶν
1701 3306 1988 3377 κατωρθω·

406 3377 602 3445 πότων,
636 3381 732 3434 καί
762 3399 947 3452 φησιν,
991 3386 1071 3439 ὅτι
1140 3387 1329 3457 Ὑμεῖς
1371 3390 1531 3458 γένος
1572 3393 1847 3462 ἐκλεκτὸν,
1893 3398 1989 3469 βα-

408 3468 606 3525 σίλειον
658 3474 980 3546 ἱεράτευμα,
1029 3478 1271 3552 ὡσπερεὶ
1324 3481 1512 3552 ἔλεγεν
1549 3498 1565 3515 ’
1600 3486 1826 3542 Ἐκεῖνοι
1889 3468 1988 3562 μὲν

405 3558 492 3612 διὰ
521 3562 872 3636 σκληρότητα
901 3569 994 3621 καὶ
1016 3570 1322 3637 ἀπείθειαν,
1356 3575 1701 3651 προσέκοψαν
1725 3579 1804 3649 τῷ
1824 3558 1991 3654 ἀκρο-

405 3653 666 3723 γωνιαεῳ,
700 3655 815 3707 ἀ)λ’
855 3657 919 3710 οὐ
959 3661 1502 3734 συνῳκοδομήθησαν.
1560 3666 1748 3738 Ὑμεῖς
1798 3670 1854 3724 δὲ
1892 3653 1990 3742 οὐχ

408 3742 601 3810 οὕτως,
644 3748 783 3803 ἀλλὰ
838 3750 911 3805 δι’
984 3747 1303 3810 εὐπείθειαν
1362 3759 1854 3833 συνῳκοδομήθητε
1908 3766 1990 3830 εἱς

414 3833 688 3906 βασίλειον
735 3843 1060 3916 ἱεράτευμα,
1093 3846 1171 3911 ὡς
1202 3849 1359 3916 γένος
1407 3852 1686 3917 ἐκλεκτὸν,
1738 3856 1814 3920 ὡς
1841 3858 1992 3923 ἔθνος

411 3928 584 3998 ἀγιον.
612 3933 759 4004 Πλὴν
788 3937 879 3991 ἵνα
909 3937 982 4009 μὴ
1010 3939 1091 4008 τῷ
1128 3940 1369 4012 περιττῷ
1406 3942 1614 4014 ἐπαὶνῳ
1654 3946 1858 4018 ἑκλύσῃ
1895 3949 1993 4002 αὐ-

411 4023 555 4087 τοὺς,
588 4024 762 4088 ἄλλως
788 4044 847 4080 τε
878 4030 974 4083 καὶ
1026 4031 1110 4085 ἱνα
1147 4033 1221 4104 μὴ
1263 4035 1729 4107 ἀποκληρωτικῶς
1767 4039 1993 4106 δόξωσιν

414 4113 559 4182 ἔχειν
582 4116 645 4169 τὸ
676 4116 832 4185 ἀγιον
863 4119 1013 4184 ἔθνος
1030 4123 1140 4176 -καὶ
1189 4125 1288 4178 ὅσα
1310 4124 1457 4195 ἑξῆς,
1484 4129 1573 4181 καὶ
1604 4129 1795 4184 ὅτιδιά
1819 4132 1878 4185 τό
1899 4131 1993 4186 τοῦ

426 4204 678 4278 ’Δσραάμ
697 4204 835 4263 εἶναι
863 4211 1020 4280 γένος
1051 4215 1143 4266 καὶ
1175 4215 1313 4286 μηδέ
1345 4234 1476 4271 ποτε
1502 4219 1835 4291 προσκόψαι,
1865 4222 1998 4276 ταύ-

412 4312 509 4368 της
540 4299 856 4371 ἠξιώθησαν
882 4303 984 4372 τῆς
1010 4306 1198 4376 τιμῆς,
1232 4308 1431 4376 ἐπάγει
1467 4311 1852 4366 καταστέλλων
1893 4313 1996 4368 αὐ-

413 4388 520 4480 τῷν
564 4392 626 4445 τὸ
682 4393 938 4466 φρόνημα
982 4397 1077 4450 καί
1124 4417 1323 4471 φησιν’
1354 4404 1435 4458 ὅτι
1476 4405 1571 4474 Μὴ
1614 4405 1759 4475 μέγα
1790 4409 1883 4460 ἐπὶ
1917 4408 1996 4480 τῷ

414 4478 566 4546 γένει
590 4484 859 4551 φρονεῖτε.
892 4486 968 4539 Οὐ
1015 4486 1125 4559 γάρ
1151 4488 1240 4543 διὰ
1286 4490 1377 4543 τὸν
1413 4490 1665 4563 ’Δῦραάμ
1705 4478 1995 4565 ὲξελέγητε

413 4572 492 4634 εἱς
516 4572 786 4642 βασίλειον
811 4558 1131 4650 ἱεράτευμα.
1157 4582 1222 4634 Οἱ
1246 4582 1354 4652 γὰρ
1378 4583 1437 4649 ἐξ
1453 4558 1995 4657 αὐτοῦ-προελθόντες
2030 4558 2072 4613 D

411 4661 806 4738 διεσταλμένην
862 4665 1006 4740 εῐχον
1052 4671 1149 4743 τὴν
1209 4674 1489 4745 ἱερατείαν
1523 4677 1663 4748 πρὸς
1703 4680 1803 4751 τὴν
1832 4679 1991 4751 βασι-

415 4752 586 4809 λείαν.
619 4757 695 4809 Οὐ
751 4758 838 4813 διά
881 4762 973 4815 τὸν
1013 4762 1268 4836 ’Δϐραάμ
1296 4767 1475 4821 τοίνυν
1530 4768 1681 4833 ἔθνος
1720 4771 1844 4824 ἐστὶ
1900 4772 1994 4826 καὶ

418 4846 574 4915 γένος
597 4850 876 4917 ἐκλεκτὸν,
928 4854 1022 4907 καὶ
1052 4857 1133 4918 εἰς
1194 4857 1460 4925 βασίλειον
1507 4861 1808 4932 ἱεράτευμα
1846 4863 1998 4931 ἀφω-

418 4939 683 5027 ρισμένοι.
708 4943 876 4997 Οὐδὲν
904 4946 1013 5017 γάρ
1060 4948 1268 5003 τούτων
1314 4952 1680 5023 ἐχρημάτισεν
1718 4952 1992 5027 Ἀϐραὰμ,

414 5025 549 5081 ἀλλά
580 5028 670 5082 διὰ
726 5031 978 5101 Χριστόν.
1020 5036 1117 5100 Ὃς
1153 5039 1245 5091 καὶ
1299 5040 1475 5110 ἱερεὺς
1524 5041 1665 5095 κατὰ
1715 5044 1814 5113 τὴν
1845 5025 1998 5110 τάξιν

414 5116 747 5188 Μελχισεδὲκ
773 5122 1131 5195 ἐχρημάτισε,
1162 5127 1254 5181 καὶ
1286 5126 1538 5199 βασιλεὺς
1565 5132 1763 5200 πραῢς,
1791 5131 1998 5198 δίκαιος

417 5211 509 5265 καὶ
537 5212 748 5281 σώζων,
776 5215 872 5269 καὶ
904 5216 999 5270 ἐπὶ
1013 5217 1190 5273 πῶλον
1217 5220 1559 5291 ἑπισεόηκὼς
1592 5224 1736 5281 όνου.

2089 3323 2209 3363 rum
2239 3308 2592 3378 reprehendit
2619 3305 3021 3377 improbitatem
3049 3317 3286 3365 morum.
3307 3309 3362 3356 et
3385 3299 3528 3369 quod
3558 3297 3664 3367 ipsi

2090 3398 2194 3454 sibi
2222 3398 2354 3470 ipsis
2385 3413 2548 3453 causa
2574 3397 2754 3453 etlecti
2785 3395 3015 3451 fuissent
3035 3390 3449 3457 incredulitatis,
3471 3387 3669 3446 transit

2088 3505 2237 3546 nunc
2278 3490 2345 3545 ad
2398 3488 2615 3547 laudem
2647 3504 2836 3544 eorum
2863 3486 2957 3558 qui
3005 3484 3218 3559 egregia
3276 3482 3669 3554 praestiterant,

2092 3589 2149 3635 et
2180 3580 2257 3635 ait
2291 3597 2304 3635 :
2339 3579 2448 3636 Vos
2482 3580 2614 3637 estis
2655 3594 2827 3652 genus
2861 3584 3096 3635 electum
3117 3619 3134 3643 ,
3190 3575 3368 3648 regale
3415 3573 3670 3630 sacerdo.

2092 3672 2227 3727 tium
2266 3689 2280 3726 :
2329 3687 2394 3726 ac
2439 3672 2484 3727 si
2533 3672 2740 3728 diceret
2785 3689 2798 3725 :
2848 3670 2927 3725 llli
2978 3668 3198 3741 quidem
3236 3684 3337 3725 sua
3376 3665 3577 3723 duritia
3614 3674 3675 3721 et

2092 3766 2459 3824 inobedientia
2486 3769 2830 3840 impegerunt
2860 3765 2914 3822 in
2947 3766 3183 3837 lapidem
3213 3764 3547 3836 angularem.
3575 3762 3673 3819 sed

2092 3873 2203 3913 non
2239 3860 2559 3915 coaediﬁcati
2591 3867 2719 3915 sunt
2756 3874 2769 3910 :
2802 3874 2900 3915 vos
2926 3866 3110 3915 autem
3150 3874 3261 3915 non
3297 3858 3393 3922 ita,
3438 3856 3533 3911 sed
3574 3868 3672 3925 per

2094 3951 2463 4007 obedientiam
2493 3954 2756 4006 exstructi
2790 3951 2924 4006 estis
2957 3950 3012 4005 in
3052 3949 3234 4021 regale
3264 3946 3671 4005 sacerdotium:

2094 4050 2353 4111 tanquam
2393 4057 2567 4112 genus
2602 4042 2858 4108 electum,
2898 4050 3154 4112 tanquam
3189 4055 3333 4110 gens
3349 4046 3559 4097 sancta.
3594 4035 3675 4091 8o

2096 4144 2277 4191 tamen
2317 4137 2486 4192 nimia
2531 4136 2691 4192 laude
2738 4134 3001 4190 dissolvat
3048 4133 3196 4203 ipsos
3241 4151 3255 4187 :
3302 4140 3359 4187 et
3406 4138 3674 4200 praeterea

2094 4240 2165 4281 ne
2204 4224 2547 4281 haereditario
2582 4225 2818 4296 quodam
2856 4224 2981 4295 jure
3022 4223 3225 4278 habere
3265 4221 3583 4276 viderentur
3615 4226 3679 4273 ut

2096 4332 2229 4388 gens
2276 4326 2460 4373 sancta
2509 4326 2695 4374 essent
2738 4332 2802 4373 ac
2840 4324 3037 4372 caetera
3069 4330 3189 4384 quae
3231 4319 3537 4382 sequuntur
3570 4326 3583 4364 :
3619 4319 3679 4365 et

2095 4408 2241 4480 quod
2285 4408 2410 4465 ideo
2455 4410 2548 4464 tali
2594 4410 2805 4465 honore
2842 4407 2993 4480 digni
3032 4405 3203 4462 habiti
3248 4405 3504 4468 fuissent,
3549 4402 3678 4473 quia

2101 4515 2272 4570 genus
2311 4500 2581 4556 Abraham
2620 4510 2827 4566 essent,
2872 4514 2977 4556 nec
3016 4513 3255 4567 unquam
3299 4495 3677 4566 impegissent,

2102 4591 2383 4663 subiungit
2404 4592 2773 4663 comprimens
2800 4592 3016 4647 illorum
3041 4591 3262 4652 fastum,
3288 4597 3344 4644 et
3364 4588 3440 4643 ait
3470 4602 3483 4641 :
3512 4584 3677 4659 5.97
3722 4648 3727 4653 ,

2100 4682 2178 4738 Ne
2213 4685 2283 4739 ob
2317 4700 2489 4755 genus
2520 4684 2891 4752 extollamini;
2923 4701 3032 4740 non
3077 4684 3222 4741 enim
3250 4691 3474 4754 propter
3502 4681 3679 4737 Abra-

2103 4772 2230 4828 ham
2264 4775 2427 4830 electi
2461 4775 2596 4831 estis
2639 4775 2693 4830 in
2742 4775 2923 4848 regale
2964 4776 3330 4832 sacerdotium
3368 4783 3385 4826 :
3427 4788 3555 4829 nam
3584 4770 3679 4842 qui

2100 4865 2171 4919 ab
2204 4865 2323 4936 ipso
2362 4876 2768 4937 processerant,
2803 4868 3196 4924 sacerdotalem
3233 4867 3433 4923 tribum
3467 4881 3499 4921 a
3533 4865 3681 4936 regia

2102 4953 2418 5011 distinctam
2455 4956 2770 5015 habebant:
2803 4973 2915 5013 non
2961 4973 3094 5029 ergo
3143 4967 3369 5029 propter
3403 4956 3680 5013 Abraham

2105 5061 2241 5118 gens
2269 5062 2332 5102 ac
2362 5063 2537 5119 genus
2574 5050 2813 5106 electum
2845 5051 2980 5107 estis
3008 5065 3072 5106 ac
3099 5050 3365 5122 segregati
3406 5050 3467 5104 in
3500 5047 3682 5119 regale

2103 5139 2465 5195 sacerdotium
2490 5154 2504 5194 :
2527 5140 2665 5195 nihil
2689 5143 2840 5199 enim
2864 5143 3060 5199 horum
3080 5142 3149 5198 de
3171 5143 3445 5199 Abraham
3470 5140 3681 5197 dictum
3743 5209 3772 5221 δ’

2103 5240 2207 5309 est.
2248 5229 2353 5287 Sed
2383 5241 2603 5302 propter
2639 5233 2940 5301 Christum,
2979 5234 3072 5305 qui
3114 5242 3171 5291 et
3224 5233 3482 5290 sacerdos
3527 5232 3683 5302 juxta

416 5306 665 5363 ordinem
703 5310 1069 5370 Melchisedec
1095 5314 1280 5373 dictus
1301 5326 1385 5373 est
1416 5318 1483 5385 ’⁸,
1515 5334 1612 5375 rex
1643 5331 1977 5392 mansuetus,
2003 5306 2186 5397 justus
2244 5336 2301 5384 et
2346 5328 2556 5384 salvum
2606 5327 2815 5387 faciens
2835 5330 2919 5384 ’ἰ
2961 5329 3055 5400 qui
3101 5328 3267 5385 etiam
3316 5342 3483 5399 super
3512 5325 3683 5383 asiuze

416 5400 626 5469 pullum
652 5404 925 5483 ascendit.

499 5494 591 5562 Ἐξ
607 5498 772 5552 αὑτοῦ
789 5501 970 5555 τοίνυν
982 5501 1158 5557 τοῦτά
1178 5503 1463 5577 ἀμφότερα
1481 5505 1773 5578 ἐσχηκότος
1790 5508 1881 5563 διὰ
1898 5509 1994 5564 τοῦ

419 5585 575 5655 ἀγίου
598 5582 1470 5667 ἀναγεννηθέντεςβαπτίσματος.
1488 5598 1714 5664 εἱκότως
1732 5602 1825 5656 καὶ
1842 5602 1998 5668 γένος

422 5675 674 5731 ικλεκτδν
687 5697 793 5751 χρη
800 5680 1074 5753 ματίζετε,
1090 5684 1183 5739 καὶ
1197 5684 1465 5757 βασίλειον
1485 5688 1804 5759 ἱεράτευμα.
1824 5689 1998 5746 Τοῦτο

498 5859 542 5890 ⁸⁸
569 5858 712 5916 Psal.
739 5877 848 5928 crx,
883 5862 937 5917 αἱ.
1049 5866 1095 5899 ³⁷
1118 5864 1349 5923 Zachar.
1380 5880 1458 5934 ιι,
1486 5864 1556 5932 9;
1589 5864 1780 5925 Matth.
1807 5882 1920 5938 ιιι,
1944 5869 1997 5925 5.

2174 5507 2259 5567 Ab
2310 5524 2377 5565 eo
2416 5507 2582 5581 igitur
2634 5507 2721 5578 qui
2778 5515 3070 5575 utrumque
3119 5502 3333 5570 habuit,
3384 5516 3483 5572 per
3538 5503 3683 5559 sacri

2103 5601 2450 5674 baptismatis
2513 5599 2909 5657 renascentiam
2967 5595 3163 5652 merito
3215 5603 3272 5651 et
3329 5608 3505 5666 genus
3578 5594 3691 5649 ele-r

2107 5700 2253 5750 ctum
2318 5692 2668 5766 appellamlni
2724 5699 2779 5747 et
2866 5688 3043 5761 regale
3110 5685 3507 5744 sacerdotium.
3569 5683 3684 5741 Hoc
