3850 6566
290 374 395 437 535

1349 375 1744 439 CECUMENII
1773 373 2067 436 TRICC/E
2100 372 2451 437 EPISCOPI
3409 384 3494 448 536

289 496 468 544 autem
503 487 713 544 habetis
769 490 911 546 illius
962 491 1330 547 misericordia
1361 492 1452 562 qui
1499 492 1566 548 de
1621 490 1861 546 tenebris

1984 493 2016 546 ἱέ
2035 490 2167 563 ἐλέῳ
2189 488 2361 546 αὑτοῦ
2376 488 2469 542 τοῦ
2489 488 2552 540 ἐκ
2574 486 2798 549 σκότους
2824 486 2967 556 ὑμᾶς
2992 485 3070 549 si;
3089 485 3148 540 τὸ
3170 485 3501 558 θαυμαστικδν

289 593 388 636 vos
417 581 630 636 vocavit
664 582 717 635 in
748 583 1120 640 admirabilem
1175 599 1328 639 suam
1371 583 1571 638 lucem.
1608 582 1732 638 ldeo
1763 597 1862 652 per

290 687 456 741 opera
487 683 662 728 vestra
693 675 748 728 in
802 675 920 730 luce
967 675 1105 730 facta
1146 675 1356 731 caneris
1389 676 1701 730 hominibus
1761 691 1862 728 an-

294 767 541 821 nuntiate
584 769 814 822 virtutes
869 768 1060 838 ipsius.
1121 767 1237 822 Hoc
1311 767 1494 838 itaque
1551 784 1617 823 ex
1693 768 1858 833 illius,

294 859 490 928 inquit,
546 859 876 929 benignitate
918 859 1171 914 habetis:
1229 859 1673 929 quandoquidem
1719 859 1862 930 quod

295 949 362 1005 ad
390 966 488 1005 vos
513 952 706 1004 attinet
761 951 991 1020 populus
1041 951 1190 1012 estis,
1225 951 1317 1020 qui
1369 951 1642 1021 quondam
1697 952 1863 1006 eratis

295 1053 406 1094 non
455 1041 717 1109 populus:
787 1048 842 1094 et
915 1040 1347 1095 miscricordiam
1406 1042 1722 1106 consecuti,
1773 1041 1863 1110 qui

295 1132 565 1200 quondam
599 1148 706 1186 non
739 1132 903 1186 eratis
937 1132 1360 1186 misericordiam
1393 1133 1690 1188 consecuti.
1738 1131 1862 1186 Elii-

296 1221 445 1276 ciens
462 1229 642 1276 autem
674 1231 734 1276 ut
769 1237 948 1278 sermo
994 1223 1165 1293 magis
1217 1223 1341 1278 odio
1371 1234 1572 1289 careat,
1629 1241 1695 1280 ex
1727 1223 1866 1280 Osce

298 1314 580 1368 continuat
604 1314 875 1383 opprobrii
906 1315 1317 1370 sermonem”.«
1351 1317 1685 1373 Annuntiate
1706 1318 1866 1389 igitur

300 1419 395 1472 per
432 1404 626 1458 bonam
657 1406 1022 1475 operationem
1058 1407 1288 1463 virtutes
1314 1407 1543 1479 ipsius.)
1581 1409 1866 1476 Quomodo

299 1504 479 1551 autem
509 1499 878 1553 annuntiant?
906 1499 1027 1570 Ipse
1055 1500 1318 1555 Dominus
1361 1501 1542 1567 docet,
1593 1517 1717 1557 cum
1755 1502 1864 1556 ait:

307 1607 324 1637 ι
357 1587 445 1643 Sic
481 1588 659 1644 luceat
682 1590 774 1645 lux
799 1600 978 1646 vestra
1007 1607 1186 1647 coram
1212 1592 1543 1656 hominibus,
1571 1600 1630 1646 ut
1651 1591 1870 1648 videant

300 1680 440 1752 bona
473 1696 637 1751 opera
664 1692 840 1738 vestra
897 1693 952 1739 et
994 1683 1294 1754 gloriﬁcent
1356 1682 1573 1738 Patrem
1606 1693 1863 1748 vestrum,

1964 585 2128 639 αὐτοῦ
2148 583 2482 642 καλέσαντος
2497 580 2648 650 ἔχετε
2668 578 2800 647 φῶς.
2824 579 2915 632 Διὸ
2929 579 3018 632 διά
3033 578 3138 631 τῶν
3151 579 3240 632 τοῦ
3258 587 3416 651 φωτὸς
3429 592 3504 660 ξρ-

1963 693 2074 746 γων
2087 673 2262 745 ὑμῶν,
2284 675 2404 734 τοῖς
2420 671 2598 735 ἄλλοις
2617 671 2929 742 ἀνθρώποις
2946 671 3287 740 ἐξαγγέλλετε
3301 678 3508 753 τὰςὰρε.

1964 768 2062 830 τὰς
2082 765 2271 821 αὐτοῦ.
2297 763 2474 819 Τοῦτο
2490 763 2590 835 μὲν
2611 759 2724 830 οὖν,
2759 767 2944 835 φησιν,
2963 767 3024 818 ἐκ
3041 767 3138 835 τῆς
3163 767 3362 823 ἐκείνω
3377 773 3507 843 ἔχετε

1967 859 2395 928 φιλανθρωπίας.
2419 856 2593 918 Ἐπεὶ,
2618 857 2676 909 τό
2699 873 2760 924 γε
2790 858 2866 920 εἰς
2888 856 3032 925 ὑμᾶς
3060 851 3212 928 ἧκον,
3235 859 3354 926 λαός
3381 866 3508 934 ἐστε,

1965 951 2020 1006 οἴ
2058 969 2184 1005 ποτε
2223 951 2284 1004 οῦ
2325 949 2484 1012 λαὸς,
2507 948 2600 1002 καὶ
2640 948 2964 1018 ἠλεημένοι,
3002 949 3051 1000 οἰ
3091 948 3190 1002 οὐκ
3226 950 3508 1022 ἠλεημένοι,

1965 1043 2466 1114 Ἀνεπαχθέστερον
2503 1041 2560 1095 δὲ
2603 1041 2694 1095 τὸν
2733 1042 2889 1110 λόγον
2930 1039 3128 1103 ποιῶν,
3171 1041 3227 1108 ἐξ
3249 1045 3396 1117 Ὠσηέ
3431 1067 3510 1103 πι-

1969 1139 2187 1192 στοῦται
2215 1137 2500 1204 τὸνλόγον,
2520 1134 2613 1189 τοῦ
2631 1132 2957 1204 ὀνειδισμοῦ’
2985 1152 3004 1184 ι
3028 1132 3393 1203 Ἐξαγγέλλετε
3419 1157 3515 1192 τοι.

1967 1227 2170 1298 γαροῦν
2203 1228 2291 1283 διὰ
2326 1225 2695 1296 ἀγαθοεργίας
2717 1226 2815 1288 τάς
2836 1225 3037 1296 ἀρετὰς
3066 1223 3252 1278 αὑτοῦ.
3271 1247 3287 1278 ι
3327 1229 3435 1292 Πῶς
3467 1233 3516 1285 δὲ

1968 1319 2414 1389 ἐξαγγέλλουσιν;
2448 1317 2618 1379 Αὐτὸς
2653 1318 2682 1368 ό
2741 1314 2946 1381 Κύριος
2977 1313 3216 1368 διδάσκει
3248 1315 3312 1368 δι’
3335 1310 3402 1370 ῶν
3431 1337 3518 1388 φη-

1973 1432 2088 1467 σιν·
2128 1432 2146 1464 ι
2180 1413 2343 1468 Οὕτω
2363 1411 2634 1481 λαμψάτω
2667 1411 2728 1465 τὸ
2763 1411 2880 1480 φῶς
2916 1410 3071 1480 ὑμῶν
3103 1410 3396 1482 ἔμπροσθεν
3426 1416 3523 1469 τῶν

1971 1499 2294 1570 ἀνθρώπων,
2339 1500 2486 1562 ὅπως
2531 1498 2683 1552 ἴδωσι
2707 1499 2776 1552 τά
2805 1498 2948 1551 καλά
2979 1498 3134 1568 ὑμῶν
3163 1498 3314 1568 ἔργα,
3340 1502 3427 1554 καὶ
3452 1504 3524 1555 ὀο-

1972 1588 2176 1654 ξάσωσι
2195 1589 2284 1642 τὸν
2301 1590 2518 1660 Πατέρα
2545 1588 2698 1657 ὑμῶν
2719 1589 2809 1641 τὸν
2822 1589 2878 1643 ἐν
2901 1591 3012 1650 τοῖς
3039 1588 3333 1660 οὐρανοῖς.»
3365 1592 3515 1654 (Aab;

1969 1682 2116 1746 δέεἰς
2135 1681 2539 1754 neptuni-qam,»
2574 1681 2694 1735 ἀντὶ
2719 1679 2820 1734 τοῦ
2832 1683 2911 1743 εἰς
2937 1681 3152 1750 κτῆσιν,
3179 1681 3296 1751 ἦτοι
3321 1682 3393 1744 εἰς
3416 1682 3528 1752 κλη.

298 1772 390 1840 qui
422 1773 475 1826 in
501 1774 652 1830 cmlis
689 1785 775 1830 est
798 1778 865 1828 ὀ.
893 1795 1016 1828 ι--ι
1039 1775 1273 1846 Populus
1315 1792 1441 1830 vero
1469 1776 1559 1845 qui
1584 1775 1636 1828 in
1659 1773 1866 1828 lucrum

1984 1775 2249 1844 ρονομῐαν.
2284 1776 2493 1836 Πάντες
2527 1773 2626 1844 μὲν
2655 1773 2765 1843 γὰρ
2797 1775 3004 1844 κτίσμα
3034 1771 3196 1826 Θεοῦ.
3230 1775 3421 1842 Κτῆμα
3449 1775 3524 1837 δὲ,

299 1866 554 1926 accessit,
588 1885 608 1919 ι
647 1867 753 1922 hoc
781 1877 864 1922 est
917 1868 969 1921 in
1005 1867 1410 1938 possessionem
1441 1867 1555 1922 sive
1579 1867 1863 1920 hzeredita-

1984 1837 2126 1936 μόνοι
2155 1867 2202 1919 οἰ
2233 1867 2319 1920 διὰ
2346 1867 2444 1936 τῆς
2473 1837 2687 1920 ἑαυτῶν
2710 1837 3074 1937 άγαθοεργίας
3102 1864 3292 1918 τούτου
3320 1837 3530 1935 ηξιωμέ-

301 1964 434 2010 ten.
470 1955 748 2026 Siquidem
779 1972 972 2011 omnes
1001 1966 1131 2010 sunt
1165 1955 1258 2010 Dei
1287 1967 1560 2018 creatura,
1599 1954 1873 2025 possessio

300 2064 431 2103 vero
463 2050 564 2104 soli
605 2050 638 2104 ii
669 2051 760 2120 qui
791 2065 888 2104 sua
927 2051 1242 2119 Operatione
1270 2050 1375 2104 hoc
1424 2047 1693 2103 beneﬂcio
1723 2047 1872 2116 digni

301 2145 430 2191 sunt
457 2135 648 2191 habiti.
684 2154 702 2188 ι
739 2135 808 2192 Ut
840 2136 1069 2190 virtutes
1107 2134 1466 2190 annuntietis.
1501 2154 1520 2186 ›
1553 2135 1874 2205 Propterea,

302 2226 497 2296 inquit,
563 2227 722 2282 electi
784 2227 934 2290 estis,
1006 2236 1065 2280 ut
1131 2241 1227 2297 per
1298 2225 1664 2280 obedientiam
1725 2225 1875 2280 dica-

303 2319 434 2372 mini
488 2333 766 2389 prrecones
839 2319 1056 2374 virtutis
1136 2319 1256 2388 eius
1327 2318 1416 2388 qui
1477 2317 1691 2373 vocavit
1754 2333 1870 2372 vos.

311 2427 328 2459 ι
371 2408 579 2472 Dilecti,
606 2409 853 2465 obsecro.
879 2430 896 2462 ›
931 2408 1113 2465 Series
1140 2411 1244 2465 hoc
1270 2410 1432 2465 modo
1466 2409 1728 2464 sumenda
1755 2415 1870 2463 est:

305 2501 521 2568 Dilecti,
541 2501 767 2556 obsecro
795 2517 890 2557 vos
919 2513 1176 2571 tanquam
1203 2501 1440 2556 advenas
1463 2509 1519 2555 et
1551 2500 1874 2571 peregrinos

305 2593 496 2648 mundi
531 2593 715 2662 hujus,
748 2602 810 2648 ut
838 2593 1156 2648 abstineatis
1184 2610 1213 2647 a
1243 2592 1553 2649 carnalibus
1585 2593 1875 2663 concupis-

305 2685 524 2752 centiis,
563 2701 685 2755 qua:
733 2685 971 2740 militant
1016 2686 1279 2741 adversus
1336 2685 1573 2740 animam
1615 2693 1874 2740 vestram.

306 2774 474 2831 Moris
531 2785 614 2832 est
670 2792 905 2847 namque
950 2777 1378 2847 prmeeptoribus
1429 2785 1554 2847 post
1615 2777 1880 2832 doctrina:

307 2883 618 2923 sermonem
647 2867 908 2924 inducere
951 2885 1075 2923 eum
1123 2869 1216 2938 qui
1247 2868 1314 2923 ad
1363 2883 1545 2924 mores
1598 2868 1873 2938 pertinet:

1973 1977 2072 2013 νοι.
2116 1979 2134 2011 ι
2164 1959 2354 2020 Ὅπως
2388 1957 2486 2021 τὰς
2517 1956 2720 2028 ἀρετάς
2755 1955 3144 2026 ἐξαγγέλλητε.
3185 1973 3205 2006 ι
3241 1953 3337 2006 Διά
3367 1954 3528 2019 τοῦιο,

1974 2052 2159 2121 φησὶν,
2189 2051 2500 2118 ἐξελέγητε,
2533 2051 2682 2112 ὅπως
2717 2049 2806 2103 διὰ
2833 2050 2933 2119 τῆς
2968 2046 3301 2112 εὐπειθείας,
3331 2047 3412 2100 διὰ
3436 2047 3535 2099 τῶν

1974 2141 2195 2208 ἀγαθῶν
2222 2139 2375 2210 ὑμῶν
2401 2140 2599 2211 ἔργων,
2634 2139 2874 2211 κήρυκες
2903 2135 3279 2208 χρηματίσητε
3305 2137 3397 2204 τῆς
3423 2137 3536 2207 ἁρε-

1973 2236 2073 2300 τῆς
2097 2232 2190 2284 τοῦ
2221 2231 2545 2293 καλέσαντος
2575 2231 2737 2300 ὑμᾶς.
2777 2249 2794 2282 ι
2813 2227 3145 2297 Ἀγαπητοὶ,
3175 2227 3481 2296 παρακαλῶ.
3513 2249 3531 2279 ι

1976 2325 2049 2378 Τὸ
2067 2325 2192 2394 ἐξῆς
2204 2324 2395 2388 οὕτως·
2421 2323 2740 2393 ’Λγαπητοὶ,
2768 2321 3072 2393 παρακαλῶ
3097 2319 3244 2389 ὑμᾶς
3268 2319 3341 2380 ὡς
3364 2320 3537 2389 παροίο

1975 2435 2103 2480 κους
2141 2416 2302 2478 ὄντας
2344 2416 2436 2468 καὶ
2482 2414 2902 2485 παρεπιδήμους
2939 2411 3036 2466 τοῦ
3083 2411 3294 2479 κόσμου
3333 2409 3536 2472 τούτου,

1976 2506 2279 2577 ἀπέχεσθαι
2312 2505 2423 2558 τῶν
2461 2503 2742 2574 σαρκικῶν
2774 2501 3113 2572 ἐπιθυμιῶν,
3152 2501 3350 2563 αἵτινες
3387 2517 3539 2568 στραο

1974 2599 2224 2653 τεὺονται
2258 2598 2398 2652 κατὰ
2423 2598 2519 2668 τῆς
2550 2595 2730 2666 ψυχῆς
2762 2594 2938 2666 ὑμῶν.
2965 2594 3130 2656 Ἐθος
3162 2592 3272 2663 γάρ
3304 2592 3414 2646 ἐστι
3441 2593 3543 2651 τοῖς

1975 2692 2314 2754 διδασκάλοις
2357 2689 2495 2760 μετά
2527 2689 2618 2742 τὸν
2650 2685 2980 2756 δογματικδν
3014 2684 3177 2753 λόγον
3200 2723 3216 2748 ,
3251 2683 3342 2736 τὸν
3374 2681 3544 2751 ἠθικὸν

1977 2786 2239 2855 εἰσάγειν.
2267 2783 2335 2837 Ὃ
2369 2782 2463 2835 καὶ
2495 2779 2589 2834 νῦν
2623 2781 2651 2832 ὀ
2689 2779 2959 2848 μακάριος
2996 2768 3157 2839 οὗτος
3194 2777 3358 2828 ποιεῖ.
3388 2773 3543 2840 Ἀγα-

1977 2876 2205 2944 πητοὺς
2250 2875 2307 2928 δέ
2339 2873 2558 2940 αὐτοὺς,
2609 2871 2709 2925 οὒκ
2757 2867 3193 2940 ἀγαπωμένους
3245 2867 3416 2920 καλεῖ.
3460 2865 3549 2918 Διὰ

308 2960 452 3029 quod
481 2976 630 3016 nunc
663 2961 826 3032 etiam
876 2960 1004 3015 facit
1030 2961 1220 3015 beatus
1245 2960 1354 3026 hic,
1401 2961 1684 3032 appellans
1733 2960 1878 3028 ipsos

1984 2973 2155 3024 πάντα
2189 2970 2295 3040 γάρ
2327 2969 2467 3022 εἰσιν
2497 2965 2831 3035 ἐπιπόθητοι.
2868 2965 2930 3018 Οἱ
2964 2964 3074 3033 γὰρ
3107 2962 3200 3016 διά
3231 2978 3307 3026 τι,
3330 2959 3549 3029 ἀταπώ-

309 3052 648 3123 ἀγαπητοῠς,
679 3052 732 3108 id
755 3063 860 3117 est,
898 3053 1125 3108 dilectos
1154 3053 1268 3108 sive
1295 3053 1476 3124 potius
1507 3051 1796 3124 diligibiles
1823 3060 1879 3106 et

1984 3080 2147 3133 μενοι
2176 3062 2448 3130 λέγονται,
2477 3058 2578 3112 οὐκ
2606 3056 2918 3126 ἀγαπητοί.
2946 3055 3054 3119 Τὰς
3071 3054 3131 3108 δέ
3153 3052 3416 3126 σαρκικὰς
3439 3053 3522 3104 ἐπι
3546 3081 3553 3091 ι

307 3145 535 3208 amicos,
584 3152 640 3200 et
691 3161 800 3200 non
845 3145 1262 3216 ἀγαπωμένους,
1332 3145 1387 3200 id
1438 3153 1541 3209 est,
1600 3153 1877 3212 utcunque

1984 3157 2179 3226 θυμίας
2214 3151 2599 3225 στρατεύεσθαί
2652 3167 2784 3220 φησι
2817 3148 2958 3202 κατὰ
2984 3148 3085 3216 τῆς
3115 3146 3318 3240 ψυχης,
3362 3143 3552 3240 ἐπείτοι

307 3236 570 3293 dilectos:
597 3245 816 3307 propter
859 3236 1040 3292 omnia
1075 3249 1308 3306 namque
1361 3243 1489 3290 sunt
1541 3233 1880 3290 desiderabi-

309 3327 424 3382 les:
451 3325 544 3396 qui
584 3327 733 3382 enim
767 3327 837 3381 ob
863 3342 1032 3381 unum
1067 3326 1267 3396 aliquid
1295 3325 1686 3380 desiderabiles
1728 3333 1879 3389 sunt,

309 3417 667 3487 ἀγαπώμενοι
687 3416 966 3483 dicuntur,
984 3433 1093 3471 non
1119 3415 1413 3486 ἀγαπητοί.
1437 3415 1604 3488 498
1625 3413 1883 3472 Carnales

312 3525 442 3564 vero
475 3509 947 3580 concupiscentias
1005 3509 1242 3564 militare
1274 3509 1405 3566 dicit
1445 3509 1710 3564 adversus
1760 3508 1882 3562 ani.

311 3617 478 3666 mam,
519 3601 959 3672 quandoquidem
1010 3602 1166 3671 juxta
1217 3602 1435 3657 beatum
1476 3616 1691 3672 quoque
1746 3602 1886 3656 Pau-

311 3694 424 3748 lum
455 3693 521 3759 ⁸⁸,
549 3709 676 3749 caro
704 3694 1044 3764 concupiscit
1067 3694 1327 3749 adversus
1375 3695 1648 3764 spiritum.
1692 3694 1886 3752 Carnis

312 3800 550 3856 namque
569 3785 1025 3850 concupiscentia:
1047 3785 1192 3841 circa
1213 3784 1550 3840 sensibilium
1573 3785 1888 3842 lruitiouem

314 3887 619 3940 versantes,
649 3878 918 3932 rationem
951 3876 1316 3942 confundunt,
1370 3877 1716 3947 animamque
1769 3893 1886 3932 ser—

317 3969 479 4023 vilem
512 3967 774 4023 eﬂiciunt.
797 3959 1048 4022 Obsecro
1094 3975 1296 4029 autem,
1347 3967 1541 4037 inquit,
1575 3976 1630 4022 et
1677 3968 1798 4032 hoc,
1829 3975 1888 4021 ut

316 4059 788 4114 conversationem
818 4067 1055 4113 vestram
1107 4057 1354 4113 habeatis
1412 4060 1696 4113 honestam
1748 4059 1890 4114 inter

317 4160 529 4222 gentes.
589 4149 1044 4222 Traussumptum
1099 4159 1183 4206 est
1229 4159 1409 4206 autem
1464 4151 1628 4221 ἔχειν,
1688 4151 1740 4206 id
1784 4161 1888 4217 est,

322 4243 542 4309 habere,
575 4259 676 4312 pro
707 4243 941 4314 ἔχοντες,
991 4243 1044 4298 id
1068 4253 1174 4310 est,
1218 4243 1503 4297 habentes.
1557 4243 1892 4299 Obtrectato-

319 4348 410 4388 res
443 4341 624 4388 autem
659 4334 820 4389 nobis
859 4335 1073 4389 inducit
1131 4333 1411 4388 Ethnicos.
1456 4333 1609 4400 Quod
1670 4336 1716 4390 si
1769 4335 1892 4406 quis

319 4425 451 4479 velit
476 4425 580 4479 hoc
607 4425 838 4491 discere,
867 4440 932 4479 ex
955 4424 1039 4479 his
1060 4439 1180 4492 qua:
1206 4423 1406 4493 scripta
1443 4433 1569 4479 sunt
1590 4429 1658 4480 ab
1686 4425 1892 4482 lrenaeo

1983 3250 2098 3314 mi,
2142 3245 2282 3300 κατὰ
2327 3245 2418 3298 τὸν
2465 3243 2732 3314 μακάριον
2775 3238 3023 3306 Παῦλον,
3067 3240 3102 3308 ἡ
3134 3235 3273 3307 σάρξ
3314 3234 3558 3304 ἐπιθυμεῖ

1984 3339 2125 3394 κατὰ
2155 3337 2250 3391 τοῦ
2290 3336 2624 3405 πνεύματος.
2661 3335 2725 3388 Αἱ
2761 3336 2868 3403 γὰρ
2900 3331 3002 3401 τῆς
3038 3329 3245 3402 σαρκὸς
3281 3326 3554 3396 ἐπιθυμίαι

1985 3432 2113 3502 περὶ
2136 3431 2234 3501 τὴν
2261 3423 2560 3484 ἀπόλαυσιν
2589 3426 2952 3497 στρεφόμεναι
2981 3422 3089 3476 τῶν
3118 3421 3418 3491 αἰσθητῶν,
3445 3437 3558 3471 συν.

1985 3522 2198 3579 θολοῦσι
2236 3522 2326 3576 τὸν
2365 3519 2645 3590 λογισμὸν,
2689 3517 2784 3570 καὶ
2827 3514 3219 3586 ἀνδραποδώδη
3263 3513 3362 3583 τὴν
3397 3509 3564 3580 ψυχὴν

1986 3612 2328 3668 ἀποτελοῦσι.
2361 3610 2672 3680 Παρακαλῶ
2703 3609 2793 3674 δέ,
2829 3607 2996 3678 φησὶ,
3029 3608 3128 3660 καὶ
3162 3604 3354 3667 τοῦτο,
3385 3603 3477 3672 τὴν
3509 3603 3564 3654 ἐν

1987 3709 2098 3770 τοῖς
2126 3706 2334 3760 ἔθνεσιν
2361 3703 2516 3773 ὑμῶν
2538 3701 2884 3773 ἀναστροφὴν
2907 3700 3052 3772 ἐχειν
3075 3697 3277 3767 καλήν.
3303 3691 3562 3760 Meteilu-

1989 3815 2121 3851 πται
2162 3795 2270 3866 γὰρ
2303 3793 2365 3846 τὸ
2402 3793 2567 3861 ἔχειν
2599 3793 2678 3855 εἰς
2711 3790 2772 3844 τὸ
2811 3792 3076 3859 ἔχοντες.
3116 3781 3566 3840 Καταλαλοῦντας

1987 3889 2043 3942 δὲ
2101 3885 2312 3953 εἰσάγει
2341 3882 2496 3952 ἡμῶν
2524 3882 2656 3944 τοὺς
2685 3880 2954 3944 ἐθνικοῦς.
2988 3877 3099 3932 Καὶ
3129 3877 3185 3930 εἰ
3209 3892 3295 3936 τις
3329 3871 3567 3943 βούλεται

1986 3980 2147 4034 τοῦτο
2183 3975 2375 4048 μαθεῖν
2397 4015 2412 4038 ,
2447 3976 2510 4028 ἐκ
2540 3973 2650 4027 τῶν
2685 3973 2961 4044 Εἰρηναίῳ
2993 3971 3068 4042 τῷ
3102 3966 3447 4038 Λουγδούνου
3477 3963 3567 4029 τῆς

1990 4069 2261 4137 Κελτικῆς
2288 4065 2594 4136 ἐπισκόπῳ,
2614 4066 2741 4136 περὶ
2766 4064 3014 4132 Σάγκτου
3037 4065 3132 4118 κει.)⁸
3156 4061 3456 4127 Βλανδῖνης
3470 4057 3573 4109 τῶν

1995 4159 2288 4232 μαρτύρων
2321 4157 2640 4229 γραφέντων
2676 4154 2838 4224 μάθοι
2873 4153 2940 4208 ἃν
2973 4153 3243 4225 ἀκριϐῶς.
3275 4152 3369 4214 Ὠς
3402 4149 3459 4202 δέ
3489 4147 3572 4199 διὰ

1994 4249 2239 4321 βραχέων
2278 4245 2643 4318 παραθέσθαι,
2687 4243 2802 4298 ἐστι
2839 4242 3037 4298 ταῦτα’
3079 4241 3432 4312 Χριστιανῶν
3471 4236 3575 4306 γὰρ

1997 4337 2420 4410 κατηχουμὲνων
2463 4336 2682 4399 δούλους
2707 4334 2971 4404 ’Έλληνες
3021 4332 3424 4394 συλλαϐόντες,
3469 4323 3578 4381 εἷτα

1998 4431 2190 4501 μαθεῖν
2218 4447 2270 4482 τι
2306 4427 2460 4498 παρά
2493 4426 2700 4480 τούτων
2728 4426 2887 4496 δῆθεν
2917 4425 3235 4497 ἀπόρρητον
3268 4422 3400 4493 περὶ
3434 4421 3577 4489 Χρι-

319 4516 700 4587 Lugdunensis
729 4515 916 4570 Galliae
935 4515 1195 4586 episcopo
1227 4517 1294 4571 de
1319 4515 1518 4572 Sancto
1547 4527 1602 4572 et
1631 4517 1879 4572 Blandina

2001 4521 2232 4577 στιανῶν
2274 4519 2696 4588 ἀναγκάζοντες,
2738 4519 2788 4572 οἱ
2829 4517 3006 4571 δοῦλοι
3048 4511 3198 4570 οὗτοι
3247 4515 3325 4584 μὴ
3373 4513 3581 4582 ἔχοντες

318 4610 668 4680 martyribus,
712 4607 898 4662 licebit
925 4616 1114 4662 exacte
1141 4623 1487 4680 cognoscere.
1524 4611 1598 4666 Ut
1629 4619 1808 4665 autem
1835 4610 1888 4665 in

323 4701 562 4756 medium
611 4699 872 4755 brevibus
901 4708 1297 4770 proponantur,
1353 4700 1470 4757 haec
1509 4711 1696 4758 'sunt:
1755 4703 1890 4759 Cum

322 4793 468 4847 enim
500 4793 671 4848 Graeci
710 4807 897 4847 servos
919 4792 1114 4846 borum
1140 4791 1572 4848 Christianorum
1605 4795 1658 4847 in
1691 4795 1891 4850 divinis

323 4884 599 4954 mysteriis
635 4884 950 4938 edoctorum
998 4882 1506 4953 apprehendissent.
1560 4884 1756 4938 deinde
1783 4885 1890 4939 vim

321 4974 608 5038 inferrent,
641 4981 703 5027 ut
732 4971 985 5027 videlicet
1006 4987 1262 5026 arcanum
1289 4973 1564 5043 quidpiam
1608 4974 1676 5029 ab
1710 4975 1796 5029 his
1827 4975 1895 5030 de

325 5062 652 5118 Christianis
693 5062 1004 5116 discerent:
1039 5077 1164 5115 cum
1213 5061 1266 5115 hi
1295 5061 1436 5115 servi
1476 5079 1585 5116 non
1632 5063 1898 5119 haberent

324 5158 598 5227 quomodo
647 5153 758 5210 vim
817 5152 1181 5207 inferentibus
1238 5151 1305 5206 ad
1376 5152 1788 5207 delectationem
1841 5161 1898 5206 et

325 5248 553 5320 gratiam
583 5246 956 5316 loquerentur,
997 5253 1356 5314 praeterquam
1389 5243 1534 5312 quod
1575 5258 1605 5296 a
1663 5242 1898 5297 dominis

327 5343 619 5397 audierant
647 5340 887 5393 divinam
937 5335 1381 5391 communionem
1415 5348 1537 5388 esse
1575 5335 1895 5404 sanguinem

325 5444 382 5488 et
419 5447 619 5502 corpus
641 5430 867 5493 Christi,
896 5427 1270 5482 existimantes
1308 5424 1409 5493 ipsi
1438 5423 1583 5492 quod
1613 5439 1738 5479 vere
1765 5440 1896 5479 san-

225 5522 250 5538 ‘
329 5526 449 5594 guis
481 5533 536 5580 et
567 5540 695 5580 caro
716 5531 883 5586 esset,
912 5520 1018 5574 hoc
1049 5515 1895 5587 responderuntinquirentibus.

329 5620 412 5675 llli
446 5633 576 5674 vero
605 5617 661 5672 id
691 5623 993 5677 sumentes,
1023 5619 1288 5682 tanquam
1316 5608 1497 5695 reipsa
1531 5608 1634 5664 hoc
1671 5623 1896 5680 perage-

401 5801 617 5860 "Os'ce.
648 5821 707 5874 ιι,
731 5805 748 5859 l
774 5820 926 5875 seqq.

1008 5805 1051 5836 ²⁹
1083 5803 1270 5858 Matth.
1302 5820 1352 5867 v,
1387 5803 1466 5857 l6.
1547 5803 1589 5834 '°
1629 5800 1799 5856 Galat.
1825 5817 1876 5864 γ,
1907 5797 1990 5851 l7.

2003 4613 2120 4676 πῶς
2146 4610 2207 4665 τὸ
2232 4612 2344 4671 τοῖς
2377 4607 2746 4676 ἀναγκάζουσι
2777 4607 2898 4660 καθ’
2921 4605 3117 4678 ἡδονὴν
3145 4606 3320 4674 ἐρεῖν,
3349 4599 3582 4668 παρόσον

2001 4703 2198 4773 ἤκουον
2225 4699 2333 4753 τῶν
2361 4697 2654 4760 δεσποτῶν,
2683 4695 2781 4766 τὴν
2811 4695 2961 4748 θείαν
2988 4692 3301 4764 μετάληψιν
3329 4684 3470 4760 αἷμα
3498 4686 3587 4740 καὶ

2005 4798 2163 4863 σῶμα
2195 4789 2332 4844 εἶναι
2363 4787 2621 4859 Χριστοῦ,
2654 4787 2806 4840 αὐτοὶ
2837 4785 3159 4856 νομίσαντες
3189 4783 3272 4853 τῷ
3305 4782 3420 4836 ὄντι
3452 4775 3585 4847 αἷμα

2004 4887 2098 4942 καλ⁵
2128 4885 2304 4956 σάρκα
2332 4877 2490 4943 εἷναι,
2520 4879 2678 4933 τοῦτο
2709 4877 2920 4944 ἐξεῖπον
2946 4880 3060 4940 τοῖς
3091 4873 3415 4945 ἐκζητοῦσι.
3445 4873 3508 4925 Ol
3535 4868 3589 4922 δὲ

1998 4978 2252 5038 λαϐόντες
2277 4973 2352 5036 ῶς
2379 4971 2703 5042 αὐτόχρημα
2728 4970 2882 5023 τοῦτο
2906 4967 3178 5022 τελεῖσθαι
3210 4964 3586 5036 Χριστιανοῖς,

1998 5070 2093 5122 καὶ
2125 5068 2189 5136 δὴ
2219 5065 2376 5119 τοῦτο
2404 5067 2518 5126 τοῖς
2549 5063 2730 5124 ἄλλοις
2747 5061 3006 5132 Ἕλλησιν
3039 5059 3452 5130 ἐξεπόμπευον.
3486 5052 3592 5108 Καὶ

2000 5159 2124 5220 τοὺς
2171 5157 2451 5228 μάρτυρας
2490 5155 2733 5222 Σάγκτον
2773 5154 2867 5206 καὶ
2913 5151 3206 5205 Βλανδίναν
3255 5145 3590 5217 ὁμολογῆσαι

2000 5249 2088 5303 διὰ
2113 5247 2359 5318 βασάνων
2377 5246 2702 5315 ἠνάγκαζον.
2724 5239 2820 5308 Οἷς
2844 5242 3113 5310 εὐστόχως
3133 5239 3408 5293 Βλανδίνα
3429 5234 3595 5306 ἐπαρ-

2011 5339 2330 5412 ρησιάσατο,
2352 5337 2480 5400 Πῶς
2517 5336 2604 5402 ἂν,
2643 5335 2896 5399 εἰποῦσα,
2933 5335 3137 5386 τούτων
3172 5332 3511 5401 άνάσχοιντο
3543 5326 3592 5380 οἰ

2012 5431 2146 5502 μηδὲ
2183 5430 2291 5483 τῶν
2312 5428 2615 5500 ἐφειμένων
2636 5427 2814 5499 κρεῶν
2836 5426 2903 5481 δι’
2923 5427 3152 5496 ἄσκησιν
3175 5421 3558 5482 άπολαὺοντες
3581 5433 3596 5486 ;

2016 5520 2262 5590 Ἠμέραν
2303 5519 2359 5572 δὲ
2401 5520 2724 5589 ἐπισκοπῆς,
2767 5518 2868 5588 τὴν
2910 5515 3053 5571 κατὰ
3091 5515 3306 5585 κόσμον
3350 5513 3596 5581 ἐξέτασιν

2006 5613 2176 5668 καλεῖ.
2202 5612 2528 5679 Ἐξετάσεως
2555 5613 2662 5683 γὰρ
2686 5609 2977 5684 ὑπ’ναὺτῶν
2998 5607 3092 5664 τοῦ
3111 5607 3233 5679 βίου
3262 5607 3430 5679 ἡμῶν
3455 5621 3595 5676 γινοο
