3986 6570
507 415 614 481 539

1583 414 1977 478 (ECUMENII
2020 412 2315 477 TRICCIE
2352 411 2694 474 EPISCOPI

3685 402 3795 468 Sili

510 527 825 587 incredulos
874 525 1193 599 pudefacit.,
1229 524 1369 583 Cum
1419 525 1570 582 enim
1619 527 1997 597 obloquuntur
2021 527 2089 580 de

2209 519 2275 589 ἧς
2313 524 2412 589 δετ,
2457 524 2661 592 μᾶλλον
2702 518 2952 589 φιμοῖντο
2992 517 3085 572 καὶ
3129 515 3599 589 καταισχύνοιντο.
3647 536 3666 570 ι
3704 519 3796 582 Ὠς

510 621 683 684 nobis,
717 632 976 691 tanquam
1030 621 1099 675 de
1159 619 1544 689 arrogantibus
1587 628 1645 674 et
1682 620 2099 674 contumacibus

508 728 576 769 ac
605 712 1074 777 inobedientibus,
1106 711 1342 766 videndo
1376 725 1482 764 nos
1513 719 1569 765 et
1599 710 1835 766 humiles
1865 719 1921 766 et
1939 711 2100 765 obse-

511 813 749 875 quentes
771 805 827 859 in
852 804 1051 875 quibus
1076 812 1315 874 oportet,
1344 803 1560 858 illorum
1602 820 1700 859 ora
1736 804 1909 875 magis
1934 806 2097 859 obtu-

512 904 705 950 rantur
735 910 799 950 ac
837 892 1142 963 pudeliunt.
1178 909 1196 943 ι
1229 891 1510 963 Tanquam
1543 894 1726 949 liberi.
1787 893 1935 949 Ordo
1975 894 2100 948 talis

510 994 627 1045 est:
670 981 916 1055 Subjecti
944 991 1122 1040 estote
1156 992 1412 1054 tanquam
1466 985 1647 1051 liberi,
1680 994 1736 1041 et
1781 1001 1892 1041 non
1925 985 2096 1040 veluti

511 1084 835 1148 praetextum
864 1075 1127 1130 habentes
1165 1076 1387 1132 malitiae
1428 1076 1759 1141 libertatem,
1813 1077 1911 1132 sed
1936 1077 2097 1131 etiam

514 1177 773 1238 tanquam
830 1167 974 1222 servi
1019 1168 1135 1223 Dei.
1166 1166 1279 1224 Nec
1328 1169 1507 1224 solum
1555 1170 1855 1240 principes,
1892 1169 1988 1224 sed
2044 1178 2100 1224 et

512 1273 708 1314 omnes
745 1256 1015 1313 honorate
1040 1276 1054 1316 :
1084 1255 1482 1313 fraternitatem
1513 1258 1735 1328 quidem
1783 1259 2095 1331 diligentes,

515 1349 691 1405 Deum
721 1364 855 1404 vero
901 1349 1180 1413 timentes,
1212 1365 1505 1421 regemque
1548 1351 1905 1407 honorantes.
1963 1351 2100 1408 Illud

514 1449 718 1505 autem,
748 1440 1031 1510 Tanquam
1061 1440 1243 1506 liberi,
1281 1440 1523 1497 Joannes
1557 1442 1984 1513 Chrysostomus
2025 1445 2098 1500 ita

523 1532 837 1601 explicavit,
872 1533 1101 1588 dicens:
1151 1533 1231 1587 Ne
1274 1534 1484 1598 dicant,
1544 1535 1785 1590 Liberati
1833 1552 2023 1591 sumus
2068 1554 2098 1592 a

515 1623 742 1688 mundo,
774 1623 1024 1678 ccelestes
1053 1624 1202 1679 cives
1227 1625 1355 1679 facti
1382 1641 1593 1680 sumus.
1629 1636 1685 1681 et
1736 1634 1792 1681 tu
1837 1643 1936 1681 nos
1974 1644 2099 1681 run

518 1729 639 1770 sum
668 1716 892 1783 subjicis
912 1717 1277 1786 principibus,
1313 1730 1368 1773 et
1393 1718 1616 1773 obedire
1640 1720 1839 1788 jnbcs?
1875 1732 2097 1788 propte-

520 1821 609 1861 rea
641 1806 809 1862 dicit:
844 1806 920 1861 Ita
944 1807 1160 1863 obedite
1176 1808 1330 1877 quasi
1362 1809 1539 1875 liberi,
1570 1811 1674 1865 hoc
1701 1820 1810 1875 est,
1841 1819 2096 1877 tanquam

517 1896 966 1967 obtemperantes
1005 1896 1053 1952 ei
1096 1898 1189 1967 qui
1213 1898 1482 1959 liberavit.
1513 1914 1567 1953 et
1609 1900 1712 1955 hoc
1734 1901 1912 1955 facere
1963 1916 2099 1969 pra:-
2132 1873 2172 1929 Β

520 1987 689 2055 cepit.
744 1986 821 2041 lta
866 1987 1012 2041 enim
1063 2004 1172 2042 non
1221 1989 1540 2043 videbimini
1581 1989 1634 2043 in
1678 2000 1860 2046 mente
1903 1992 2102 2045 habere

520 2076 759 2139 malitiae.
797 2077 900 2132 hoc
927 2089 1029 2142 est,
1060 2078 1442 2134 inobedientiae
1472 2096 1536 2135 ac
1582 2080 2100 2150 impersuabilitatis

522 2175 842 2233 praatextum
876 2169 1049 2238 ipsam
1078 2170 1408 2233 libertatem,
1440 2180 1661 2241 propter
1679 2188 1842 2242 quam
1875 2173 2102 2228 obedire

522 2258 812 2313 recusatis.
839 2258 1024 2315 Potest
1045 2269 1225 2316 autem
1267 2271 1322 2316 et
1340 2262 1496 2331 juxta
1525 2264 1687 2318 aliam
1708 2264 2103 2320 consideratio-

520 2362 650 2403 nem
704 2348 811 2404 dici
855 2349 1130 2420 quidpiam
1191 2351 1260 2406 dc
1304 2367 1364 2407 ea
1409 2368 1487 2407 re.
1563 2352 1726 2408 Liber
1791 2356 2095 2409 secundum

523 2440 819 2497 Dominum
843 2451 947 2504 est,
981 2444 1075 2513 qui
1124 2444 1258 2498 nulli
1309 2445 1558 2499 absurda:
1619 2447 1697 2500 rei
1741 2447 2100 2516 obtemperat.

522 2530 796 2598 Quoniam
821 2547 951 2603 ergo
974 2533 1030 2587 in
1052 2533 1400 2589 simulatione
1438 2536 1607 2590 vitam
1663 2537 1965 2603 transigere
1992 2552 2102 2592 non

521 2623 678 2679 liberi
711 2634 814 2690 est,
846 2626 941 2679 sed
968 2626 1088 2694 ejus
1124 2626 1216 2695 qui
1245 2626 1534 2684 all‘ectibus
1555 2630 1836 2698 subjectus
1864 2638 1967 2695 est,
1990 2630 2106 2686 sive

525 2715 913 2770 asscntationis
943 2717 1059 2771 sive
1109 2717 1351 2786 cujusvis
1383 2719 1609 2775 alterius
1638 2722 1815 2790 turpis
1854 2723 2105 2792 volupta-

526 2802 627 2858 tis:
665 2803 820 2875 501
854 2816 1076 2876 prepter
1095 2822 1216 2877 quae
1242 2808 1406 2864 etiam
1436 2809 1841 2866 simulationem
1868 2823 2106 2882 praeten-

526 2894 608 2947 dit
638 2895 928 2965 quispiam,
954 2913 1023 2952 ne
1061 2899 1112 2953 id
1160 2909 1418 2969 appareat
1462 2904 1607 2972 quod
1655 2912 1766 2969 est,
1816 2914 1871 2960 et
1905 2907 2107 2976 quibus

525 2985 735 3041 servire
791 2986 1053 3042 sustinuit
1108 2988 1234 3059 (hoc
1270 3001 1454 3045 autem
1501 3003 1821 3051 extraneum
1859 3007 1943 3053 est
1996 3007 2107 3053 eta

528 3075 622 3130 Dei
646 3076 864 3134 famulis
899 3080 1159 3150 alienum)
1181 3122 1196 3147 ,
1231 3083 1476 3153 praecipit
1510 3102 1655 3143 nunc
1709 3089 2106 3158 subjectionem

2200 617 2501 689 ὶλεύθεροι.
2544 635 2562 669 ι
2598 615 2673 671 Τὸ
2705 612 2831 679 ἑξῆς
2864 612 3060 675 οὑτωςο
3094 609 3435 682 Ὑποτάγητε
3465 609 3541 672 ὡς
3562 609 3794 663 νὲλεύθεε

2203 726 2314 780 ροι,
2347 709 2443 762 καὶ
2474 706 2549 778 μὴ
2580 706 2658 769 ὡς
2690 704 3052 773 ἐπικάλυμμα
3084 702 3299 773 ἔχοντες
3325 702 3426 771 τῆς
3458 700 3664 764 κακίας
3690 702 3794 774 τὴν

2199 799 2543 871 ἀλευθερίαν,
2576 798 2712 852 ἀλλά
2740 797 2835 850 καὶ
2863 796 2939 859 ὡς
2966 794 3142 850 δοῦλοι
3175 794 3334 850 Θεοῦ.
3366 794 3458 865 Μὴ
3493 793 3657 862 μόνον
3687 794 3794 865 άρο

2198 911 2424 967 χοντας,
2456 893 2591 946 ἀλλά
2624 895 2719 946 καὶ
2750 891 2960 953 πάντας
2987 890 3288 959 τιμήσατε,
3320 888 3417 959 τὴν
3444 887 3791 958 ἀδελφότητα

2202 986 2302 1057 μὲν
2330 986 2656 1054 ἀγαπῶντες
2678 1025 2694 1050 ,
2721 985 2814 1037 τὸν
2842 981 2899 1035 δὲ
2928 980 3063 1035 Θεὸν
3092 978 3456 1049 φοϐούμενοι,
3482 978 3577 1032 τὸν
3606 977 3666 1030 δὲ
3697 977 3798 1048 βα.

2200 1078 2354 1132 σιλέα
2380 1077 2670 1148 τιμῶντες.
2698 1074 2772 1130 Τὸ
2788 1074 2876 1141 δὲ,
2920 1072 3016 1137 Ὠς
3048 1071 3348 1141 ἐλεύθεροι,
3378 1070 3407 1123 ὸ
3440 1070 3539 1140 μὲν
3556 1068 3799 1140 χρυσοιῖς

2211 1170 2465 1239 Ἰωάννης
2498 1168 2675 1232 οὑτως
2707 1164 3002 1232 ἀνέπτυξεν
3033 1162 3225 1226 εἰπὼν,
3255 1164 3336 1218 ὅτι
3358 1162 3476 1216 Ἵνα
3511 1163 3587 1232 μὴ
3608 1161 3789 1227 λέγω-

2202 1281 2312 1326 σιν.
2349 1260 2808 1334 ἠλευθερώθημεν
2838 1259 2947 1313 ἀπὸ
2974 1257 3069 1313 τοῦ
3100 1257 3343 1326 κόσμου,
3374 1252 3796 1324 οὑρανοπολϊται
3846 1246 3849 1247 ⁷

2199 1355 2527 1427 γεγόναμεν,
2566 1354 2662 1408 καὶ
2696 1352 2761 1406 σὺ
2795 1351 2958 1407 πάλιν
2992 1349 3323 1412 ὑποτάσσεις
3357 1346 3506 1417 ἡμᾶς
3536 1347 3653 1409 τοῖς
3690 1343 3796 1413 ἀρ-

2200 1465 2379 1519 χουσι,
2405 1447 2499 1501 καὶ
2524 1443 2821 1500 ὑπακούειν
2842 1440 3158 1515 προτρέπῃς
3180 1438 3372 1494 τούτου
3397 1437 3555 1509 χάριν
3578 1436 3752 1507 φησιν
3771 1454 3788 1468 ·

2199 1539 2389 1602 Οὕτως
2431 1536 2740 1593 ὑπακούετε
2776 1536 2849 1598 ὼς
2885 1534 3193 1604 ἐλεύθεροι,
3227 1530 3542 1594 τουτέστιν,
3577 1529 3655 1592 ὡς
3699 1545 3795 1581 πι-

2202 1628 2527 1691 στεύσαντες
2546 1628 2626 1699 τῷ
2652 1627 3103 1699 ἐλευθερώσαντι,
3126 1624 3221 1678 xui.
3242 1619 3609 1694 προστάξαντι
3634 1619 3795 1674 τοῦτο

2200 1723 2394 1775 ποιεῖν.
2438 1720 2594 1774 Οὑτω
2636 1716 2744 1790 γὰρ
2788 1719 2847 1770 οὑ
2887 1716 3067 1782 δόξετε
3109 1715 3207 1784 τῆς
3249 1712 3394 1768 κατά
3431 1708 3655 1782 γνώμην
3694 1726 3800 1764 κα-

2200 1810 2350 1876 κίας,
2378 1810 2647 1875 τουτέστι,
2675 1809 2772 1862 τοὺ
2803 1806 3061 1868 ἀπειθοῦς
3092 1804 3190 1860 καὶ
3216 1802 3450 1874 ἀνηκόου
3480 1801 3623 1872 ἔχειν
3655 1817 3793 1871 προ-

2202 1903 2468 1975 κάλυμμα
2501 1903 2600 1969 τὴν
2635 1900 2971 1970 ἐλευθερίαν,
3007 1893 3159 1971 δι’ἦς
3198 1894 3482 1950 ἀναίνεσθε
3513 1894 3612 1964 τὴν
3647 1894 3794 1972 ὑπαο

2203 1994 2358 2063 κοήν.
2382 1994 2538 2046 Ἔστι
2564 1993 2619 2046 δὲ
2648 1992 2742 2046 καὶ
2768 1991 2889 2045 καθ’
2907 1991 3099 2061 ἑτέραν
3126 1986 3383 2058 ἐπιϐολὴν
3405 1988 3549 2057 ἐρεῖν
3572 2003 3622 2038 τι
3653 2003 3722 2037 πε
3734 1986 3791 2053 ρὶ

2203 2085 2391 2141 αὑτοῦ.
2427 2084 2743 2156 Ἑλεύθερός
2783 2085 2899 2137 ἐστι
2940 2083 3083 2137 κατά
3123 2080 3348 2152 Κύριον,
3385 2081 3413 2132 ό
3457 2077 3647 2148 μηδενὶ
3683 2076 3800 2128 τῶν

2204 2177 2424 2231 ἀτόπων
2458 2177 2723 2232 ὑπείκων.
2762 2176 2928 2229 Ἐπεὶ·
2948 2174 3128 2228 τοίνυν
3160 2172 3221 2226 τὸ
3260 2172 3317 2224 ὲν
3347 2168 3634 2238 ὑποκρίσει
3675 2167 3799 2221 δια-

2205 2268 2357 2322 ϐιοῦν
2383 2268 2485 2321 οὑκ
2509 2266 2821 2338 ἐλευθέρου,
2847 2265 2983 2320 ἀλλά
3011 2264 3240 2319 πάθεσιν
3265 2262 3647 2331 ὑποκειμένου,
3675 2261 3802 2332 ἤτοι

2205 2359 2523 2432 ἀρεσκείας,
2548 2360 2582 2430 ἡ
2603 2377 2745 2423 τινος
2770 2359 2936 2429 ἄλλης
2960 2357 3194 2427 αἰσχρᾶς
3216 2353 3431 2423 ἡδονῆς,
3449 2353 3515 2406 δι’
3531 2352 3567 2406 ἃ
3598 2351 3697 2406 καὶ
3724 2351 3804 2423 μὴ

2205 2454 2364 2507 τοῦτο
2392 2452 2676 2522 φαίνεσθαι
2702 2453 2840 2521 ὅπερ
2868 2449 2985 2504 ὲστί
3011 2465 3094 2512 τις
3120 2443 3691 2516 κατασχηματίζεται,
3717 2438 3808 2507 οἷς

2207 2546 2299 2600 καὶ
2329 2544 2600 2598 δουλεύειν
2653 2543 2906 2614 ἀνέχεται
2942 2540 3113 2614 (ξένον
3142 2539 3200 2594 δὲ
3226 2538 3383 2593 τοῦτο
3416 2538 3510 2590 καὶ
3539 2535 3676 2591 Θεοῦ
3707 2535 3805 2590 θεο

2210 2634 2497 2705 ραπόντων
2532 2631 2856 2703 ἀλλότριον),
2891 2631 3218 2702 προστάττει
3251 2626 3347 2681 νῦν
3380 2625 3478 2696 τὴν
3517 2624 3805 2695 ὑποταγὴν

2205 2727 2322 2789 τοῖς
2365 2726 2627 2796 ἄρχουσιν
2672 2722 2732 2790 ἐξ
2775 2721 3010 2794 ἀληθοῦς
3051 2721 3145 2775 καὶ
3185 2717 3374 2775 ἀδόλου
3416 2715 3801 2778 ἐνδείκνυσθαι

2206 2818 2436 2889 τρόπου,
2488 2816 2626 2869 ἀλλά
2654 2815 2729 2887 μὴ
2755 2814 3037 2884 δυσμενῶς
3065 2813 3287 2884 ἔχοντας
3316 2809 3453 2882 πρὸς
3477 2808 3701 2873 αὐτοὺς,
3726 2805 3809 2870 ὡς

2208 2908 2737 2979 κατηναγκασμένην
2782 2907 2887 2977 τὴν
2931 2905 3183 2974 ὑπακοὴν
3229 2903 3491 2973 ἐνεργεῖν,
3558 2897 3654 2956 καὶ
3703 2899 3811 2969 τῆς

2207 3000 2464 3069 τοιαύτης
2496 2997 2927 3069 ὑποικουρούσης
2958 2999 3094 3067 ἡμῖν
3124 2994 3359 3057 κακίας,
3389 2993 3448 3046 τὸ
3484 2991 3670 3047 ἄδολον
3703 2990 3813 3060 δῆ-

2210 3091 2302 3145 θεν
2335 3091 2429 3145 καὶ
2470 3084 2676 3144 ἁπλοῦν
2708 3089 2803 3143 τοῦ
2836 3090 3039 3161 τρόπου
3078 3085 3353 3141 ποιεῖσθαι
3392 3082 3770 3157 προκάλυμμα
3791 3124 3810 3149 ,

525 3165 884 3235 principif.us,
912 3169 1055 3224 veris
1081 3179 1135 3224 et
1162 3187 1270 3225 non
1302 3172 1440 3228 lictis
1459 3176 1700 3232 moribus
1736 3179 2010 3245 exhiberi,
2038 3195 2107 3234 ne

2212 3182 2546 3253 φαινομένην
2570 3181 2668 3252 τὴν
2693 3181 2998 3249 ὑποταγὴν,
3020 3178 3134 3233 ἀλλ’
3150 3177 3275 3248 οὑχὶ
3298 3177 3394 3230 καὶ⁵
3420 3176 3484 3272 ἐᾼκ
3508 3173 3814 3272 διαθέσεως

525 3269 629 3311 nos
660 3255 931 3313 hostiliter
980 3275 1108 3331 erga
1164 3262 1288 3317 illos
1331 3264 1594 3322 habentes
1664 3270 1816 3337 quasi
1860 3281 2105 3327 coactam

520 3345 882 3403 exhibeamus
912 3351 1346 3422 subjectionem;
1390 3372 1626 3427 cumque
1674 3360 1797 3414 talis
1834 3362 2000 3416 lateat
2050 3364 2106 3417 in

527 3438 686 3494 nobis
711 3441 936 3505 malitia,
970 3444 1114 3513 quod
1137 3456 1285 3499 certe
1320 3447 1593 3502 sincerum
1631 3459 1715 3505 est
1743 3467 1808 3506 ac
1855 3453 2104 3523 simplex,

524 3529 793 3588 faciamus
818 3545 1139 3604 prmtextum
1170 3554 1234 3594 ac
1265 3540 1631 3597 velamentum
1678 3558 1912 3608 morum,
1935 3559 2107 3615 appa~

528 3633 741 3680 rentem
775 3629 1172 3696 subjectionem
1208 3632 1548 3699 exhibentes,
1586 3643 1642 3689 et
1671 3650 1778 3689 non
1821 3652 1943 3692 eam
1989 3653 2110 3707 qua

527 3731 594 3772 ex
638 3717 836 3774 allecto
892 3723 1159 3790 procedit.
1217 3743 1237 3776 ι
1291 3725 1457 3780 Deum
1506 3726 1713 3782 timete.
1748 3746 1766 3780 ι
1812 3729 2111 3785 Considera

519 3809 862 3880 diligentiam
912 3816 1189 3883 quomodo
1230 3816 1341 3873 Deo
1383 3818 1631 3873 timorem
1652 3819 1784 3875 dicit
1823 3821 2108 3891 distribui,

524 3902 638 3972 regi
671 3919 798 3959 vero
820 3902 1110 3971 honorem,
1152 3916 1210 3963 ut
1254 3907 1299 3963 si
1330 3908 1493 3965 timor
1530 3909 1643 3966 Deo
1687 3913 2001 3970 reddendus
2041 3915 2114 3970 sit

522 3992 616 4063 qui
644 4003 825 4063 potest
844 3997 1086 4053 animam
1112 4008 1168 4054 et
1187 4015 1388 4070 corpus
1416 4001 1649 4072 perdere
1672 4003 1738 4065 ³³,
1760 4019 2111 4076 nequaquam

522 4086 745 4156 regibus
766 4088 1228 4160 obtemperemus,
1254 4107 1378 4146 cntn
1429 4107 1531 4148 nos
1565 4094 1633 4148 ad
1672 4095 1876 4165 aliquid
1927 4097 2116 4153 absur-

2213 3273 2419 3344 ταύτην
2450 3272 2855 3335 ἐπιτελοῦντας.
2894 3289 2914 3322 ι
2944 3271 3048 3324 Τὸν
3074 3268 3207 3322 Θεὸν
3233 3263 3511 3336 φοϐεῖσθε.
3547 3281 3567 3315 ι
3601 3262 3816 3316 Σκόπει

2212 3366 2315 3438 τὴν
2351 3365 2658 3438 ἀκρίϐειαν,
2699 3365 2816 3428 πῶς
2842 3380 2858 3396 ο
2896 3364 2974 3433 τῷ
3014 3363 3112 3433 μὲν
3149 3360 3268 3431 Θεῷ
3305 3359 3396 3412 τὸν
3418 3355 3599 3426 “φόϐον
3639 3355 3817 3425 φησιν

2214 3460 2531 3529 ἀπονέμειν,
2556 3457 2634 3528 τῷ
2668 3456 2878 3527 βασιλεῖ
2905 3456 2960 3508 δὲ
2986 3454 3085 3525 τὴν
3107 3452 3294 3523 τιμήν.
3312 3449 3477 3502 Ὥστε
3503 3449 3551 3501 εί
3575 3445 3654 3516 τῷ
3680 3444 3814 3515 Θεῷ

2213 3550 2303 3605 τὸν
2337 3550 2502 3619 φόϐον
2537 3548 2910 3619 ἀπονεμητέον
2939 3546 3016 3615 τῷ
3048 3542 3334 3613 δυναμένῳ
3364 3538 3461 3594 καὶ
3493 3537 3673 3609 ψυχὴν
3705 3536 3815 3591 καὶ

2214 3641 2373 3711 σῶμα
2401 3638 2721 3702 ἀπολέσθαι,
2746 3638 2845 3690 οὑκ
2874 3636 2939 3689 ἂν
2970 3634 3268 3702 ὑπείξομεν
3292 3628 3603 3702 βασιλεῦσιν
3625 3628 3721 3681 ἐπί
3747 3645 3812 3681 τι

2214 3732 2326 3807 τῷν
2351 3732 2572 3785 ἀτόπων
2599 3726 3011 3800 παρακαλοῦσιν
3042 3726 3212 3797 ἡμᾶς.
3238 3723 3297 3777 '0
3320 3722 3430 3794 γὰρ
3452 3722 3533 3785 εις
3556 3720 3648 3774 τὸν
3670 3719 3816 3773 Θεὸν

2218 3823 2406 3893 φόϐος,
2441 3824 2596 3894 νικᾷν
2628 3818 2735 3874 οἶδε
2778 3822 2871 3875 καὶ
2903 3820 3003 3890 τὴν
3039 3819 3123 3881 είς
3155 3815 3283 3879 τοὺς
3328 3813 3582 3885 βασιλέας
3612 3813 3814 3881 τιμήν.

2219 3915 2440 3971 Μᾶλλον
2469 3915 2526 3969 δὲ
2559 3914 2658 3969 καὶ
2686 3915 2787 3981 τῆς
2815 3911 2984 3982 τιμῆς
3019 3908 3218 3971 αὑτοὺς
3248 3905 3613 3976 ἀποστερήσει
3646 3903 3676 3956 ὁ
3711 3899 3818 3955 ὑπ’

2219 4008 2399 4062 αὑτῶν
2427 4009 2507 4071 είς
2533 4006 2678 4061 κακά
2709 4004 3051 4076 βιαζόμενος,
3081 3999 3228 4055 κατά
3254 3997 3348 4051 τὸν
3373 3996 3596 4051 εἰπόντα
3626 3996 3814 4064 ἅγιον·

2234 4098 2617 4166 Ἐξουδένωται
2645 4096 2876 4150 ἐνώπιον
2902 4094 3068 4147 αὑτοὺ
3097 4108 3235 4160 πονη
3246 4089 3555 4159 ρευόμενος.
3598 4110 3607 4116 -

521 4182 651 4237 dum
682 4182 1064 4241 exhortantur.
1107 4187 1197 4241 Dei
1236 4202 1472 4256 namque
1497 4188 1658 4242 timor
1696 4190 1918 4246 vincere
1953 4192 2107 4247 novit
2144 4191 2312 4248 etiam
2335 4193 2603 4248 honorem
2633 4190 2727 4261 qui
2746 4189 2970 4260 regibus
2998 4185 3324 4241 exhibetur:
3386 4180 3558 4251 magis
3614 4186 3818 4233 autem

522 4276 672 4345 ipsos
702 4278 908 4333 honore
931 4276 1167 4346 privabit
1194 4278 1286 4347 qui
1306 4278 1375 4333 ab
1400 4278 1532 4349 ipsis
1565 4280 1634 4335 ad
1686 4283 1828 4337 mala
1858 4284 2095 4355 cogitur,
2133 4284 2290 4356 juxta
2348 4295 2604 4342 sanctum
2642 4282 2736 4354 qui
2800 4279 2975 4336 dixit:
3022 4272 3408 4333 Contemnitur
3451 4285 3636 4326 coram
3681 4271 3822 4339 ipso

523 4371 572 4426 is
610 4370 701 4438 qui
738 4371 976 4438 maligne
1018 4368 1152 4438 agit.

597 4459 663 4523 Ii,
706 4449 894 4513 £8325.
936 4457 1181 4521 Famuli,
1211 4460 1407 4514 subditi
1430 4461 1548 4516 sitis
1581 4479 1700 4517 cum
1758 4466 1902 4519 omni
1927 4467 2107 4522 timore

2290 4468 2355 4520 Ol
2384 4463 2607 4520 οἰκέται
2639 4459 3131 4527 ὑποτασσόμενοι
3173 4454 3243 4507 ἐν
3269 4449 3447 4505 παντί
3480 4450 3642 4518 φόϐῳ
3671 4448 3821 4503 τοῖς

524 4549 776 4613 dominis,
811 4566 915 4603 non
943 4550 1113 4603 solum
1150 4551 1297 4605 bonis
1339 4569 1404 4606 ac
1462 4554 1719 4623 benignis,
1772 4559 2118 4612 oerumetiam

525 4642 722 4710 prauis.
765 4638 907 4695 Nam
949 4642 1058 4695 Ita’c
1083 4652 1161 4695 est
1214 4644 1415 4712 gratia,
1443 4645 1489 4699 si
1532 4646 1648 4715 quis
1680 4656 1895 4716 propter
1953 4666 2119 4704 cons-

526 4732 775 4786 cientiam
813 4732 931 4795 Dei.
961 4734 1138 4804 suﬂ‘ert
1169 4736 1439 4789 molestias
1472 4746 1664 4805 prarter
1716 4740 1962 4795 meritum
1991 4741 2118 4811 απε-

531 4832 645 4879 ctus
674 4821 849 4876 malis.
884 4821 1016 4887 Qua:
1045 4824 1183 4877 enim
1228 4833 1305 4878 est
1363 4824 1504 4891 laus,
1558 4827 1627 4890 si,
1677 4845 1793 4881 cum
1845 4840 2118 4899 peccantes

530 4914 706 4983 alapis
740 4914 1030 4981 ca'dimini,
1063 4916 1329 4985 sufferatis
1349 4916 1377 4970 ἲ
1404 4917 1473 4969 At
1503 4918 1553 4971 si
1588 4933 1707 4971 cum
1732 4919 2037 4990 benefacitis
2067 4929 2118 4972 et

532 5013 710 5058 tamen
726 5004 880 5059 malis
901 5006 1193 5075 aﬂicimiui,
1222 5007 1475 5076 suﬂ‘ertis,
1508 5007 1621 5062 haec
1648 5018 1727 5062 est
1759 5009 1938 5079 gratia
1979 5009 2123 5078 apud

534 5095 732 5155 Deum.
761 5094 1036 5168 Siquidem
1090 5100 1146 5153 in
1195 5100 1293 5154 hoc
1318 5103 1489 5156 uocati
1543 5104 1713 5156 estis:
1765 5101 2020 5172 quoniam
2075 5110 2123 5156 et

532 5186 772 5245 Christus
831 5190 1054 5259 amictus
1115 5199 1190 5251 est
1237 5208 1333 5260 pro
1400 5193 1582 5258 vobis,
1636 5192 1938 5263 relinquam
1982 5193 2124 5247 vobis

530 5280 848 5350 exemplum,
877 5290 936 5334 ut
960 5284 1310 5351 sequeremini
1342 5285 1565 5356 vestigia
1610 5285 1748 5355 ejus,
1806 5286 1896 5356 qui
1925 5300 2126 5355 pecca-

533 5378 645 5426 tum
678 5387 784 5423 non
837 5372 1056 5441 fecerat,
1099 5389 1193 5427 nec
1225 5375 1466 5429 inuentus
1523 5378 1699 5448 fuerat
1737 5376 1887 5432 dolus
1922 5377 1977 5430 in
2028 5392 2118 5430 ore

534 5458 725 5528 ipsius:
753 5460 844 5532 qui
874 5477 991 5516 cum
1026 5462 1318 5519 maledictis
1346 5465 1713 5533 incesseretur,
1757 5484 1860 5522 non
1901 5471 2116 5539 regessit

537 5551 855 5607 maledicta:
919 5571 1040 5609 eum
1069 5555 1227 5611 malis
1255 5558 1567 5628 aﬂiceretur,
1607 5576 1711 5614 non
1768 5554 2119 5614 minabatur:

532 5644 625 5701 sed
649 5644 894 5701 tradebat
914 5648 1205 5722 uindictam
1233 5650 1283 5704 ei
1308 5651 1398 5721 qui
1427 5651 1565 5718 iuste
1590 5651 1800 5722 judicat
1827 5669 1848 5718 ;
1878 5651 1969 5719 qui
2001 5666 2121 5721 pec.

649 5824 693 5857 ⁸³
724 5824 913 5882 Matth.
948 5841 1001 5889 ι,
1030 5826 1123 5881 ‘28.

2222 4557 2573 4621 δεσπόταις,
2593 4557 2667 4609 οὐ
2692 4553 2885 4622 μόνον
2917 4549 3041 4614 τοῖς
3057 4544 3300 4616 ἀγαθοῖς
3314 4543 3417 4597 καί
3448 4540 3818 4605 ἐπιεικέσιν,

2221 4649 2382 4705 ἀλλὰ
2412 4648 2511 4702 καὶ
2550 4645 2676 4711 τοῖς
2704 4641 3000 4707 σκολιοῖς.
3040 4638 3223 4693 Τοῦτο
3260 4635 3373 4705 γὰρ
3414 4632 3607 4702 χάρις,
3632 4634 3682 4685 ει
3710 4631 3825 4688 διὰ

2220 4740 2579 4807 συνείδησιν
2627 4734 2777 4792 Θεοῦ
2816 4730 3101 4800 ὑποφέρει
3130 4746 3221 4795 τις
3282 4726 3494 4791 λύπας
3548 4723 3826 4794 πάσχων

2219 4831 2460 4896 ἀδίκως.
2520 4827 2707 4881 Ποῖον
2753 4826 2863 4897 γὰρ
2896 4823 3076 4890 κλέος
3120 4825 3172 4877 εί
3223 4820 3667 4890 ἁμαρτάνοντες
3709 4822 3825 4875 καὶ

2220 4916 2675 4987 κολαφιζόμενοι
2696 4914 3051 4985 ὑπομενεῖτε
3073 4930 3093 4978 ;
3115 4912 3253 4967 ἀλλ’
3280 4913 3333 4965 el
3367 4910 3826 4979 ἁταθοποιοῖν-

2219 5025 2321 5075 τες
2353 5007 2451 5061 καὶ
2479 5007 2822 5073 πάσχοντες
2851 5001 3239 5073 ὑπομενεῖτε,
3281 4998 3460 5053 τοῦτο
3495 4999 3601 5067 τὰρ
3636 4996 3829 5066 χάρις

2220 5102 2377 5171 παρὰ
2412 5098 2552 5165 Θεῷ.
2600 5100 2705 5164 Εις
2736 5097 2914 5151 τοῦτο
2942 5095 3055 5164 γὰρ
3083 5094 3404 5160 ἐκλήθητε,
3430 5090 3519 5144 ὅτι
3544 5089 3643 5144 καὶ
3673 5091 3824 5159 Χρι-

2218 5195 2369 5258 στὸς
2399 5193 2623 5247 ἔπαθεν
2642 5190 2795 5257 ὑπὲρ
2816 5187 3005 5256 ὑμῶν,
3036 5187 3180 5255 ὑμῖν
3199 5182 3637 5253 ὑπολιμπάνων
3653 5183 3822 5237 ὑπο-

2222 5283 2514 5356 γραμμὸν,
2539 5282 2641 5336 ινα
2672 5276 3217 5345 ἐπακολουθήσητε
3252 5273 3378 5338 τοῖς
3431 5273 3673 5342 ἴχνεσιν
3700 5273 3824 5328 αὒ-

2220 5377 2349 5440 τοῦ,
2378 5375 2445 5442 ὃς
2477 5374 2776 5442 ἁμαρτίαν
2806 5373 2920 5427 οὐκ
2961 5369 3274 5436 ἐποίησεν,
3313 5364 3459 5420 οὐδὲ
3482 5364 3693 5433 εὑρέθη
3712 5365 3824 5419 δό-

2220 5470 2331 5533 λος
2360 5468 2430 5520 ἐν
2451 5466 2531 5530 τῷ
2545 5465 2797 5534 στόματι
2825 5461 3015 5517 αὐτοῦ
3042 5478 3057 5493 ’
3102 5460 3171 5525 ὃς
3188 5456 3671 5524 λοιδορούμενος,
3698 5457 3821 5510 οὐκ

2225 5554 2649 5623 ἀντελοιδόρει,
2709 5550 2965 5621 πάσχων
3003 5551 3115 5604 οὐκ
3163 5547 3399 5615 ἠπείλει
3427 5557 3444 5573 ⁸
3485 5542 3821 5611 παρεδίδου

2222 5647 2292 5703 δὲ
2320 5646 2400 5713 τῷ
2427 5645 2692 5716 κρίνοντι
2742 5642 3007 5710 δικαίως.
3039 5641 3146 5706 Ὃς
3190 5636 3299 5701 τὰς
3330 5632 3613 5703 ἁμαρτίας
3638 5627 3821 5702 ἡμῶν
