3986 6562
210 449 324 514 Sil

1193 447 1624 542 .COMMENT.
1658 449 1740 509 IN
1768 447 2003 511 EPIST.
2034 452 2061 511 Ι
2104 454 2168 513 S.
2209 452 2462 514 PETRI.

3362 446 3467 509 542

199 566 390 630 οΰτές
419 563 760 631 ἀνήνεγκεν
780 562 850 615 ἐν
886 559 966 627 τῷ
994 560 1220 632 σώματι
1258 563 1444 616 αὑτοῦ
1472 562 1569 617 ἐπὶ
1590 563 1658 618 τὸ
1693 562 1791 629 εύ-

1904 578 2015 622 rata
2055 579 2231 623 nostra
2276 573 2387 638 ipse
2412 567 2625 638 pertulit
2653 567 2708 621 in
2732 582 2944 634 corpore
2965 581 3058 620 suo
3086 581 3240 634 super
3269 565 3467 634 lignum

198 659 344 719 λον,
408 652 515 706 ἵνα
564 653 695 718 ταῖς
744 653 1059 722 ἁμαρτίαις
1086 653 1557 723 ίὰποτενόμενοι,
1604 655 1679 723 τῇ
1707 656 1792 710 ϐι-

201 749 511 815 καιοσὺνῃ
540 742 830 814 ζήσωμεν.
866 741 950 802 Οὗ
980 744 1060 810 τῷ
1077 744 1322 814 μώλωπι
1352 747 1538 800 αὐτοῦ
1566 748 1786 815 ἰάθητε.

201 835 342 895 *Εἴτε
374 840 487 908 γὰρ
508 838 590 904 ὠς
622 839 885 906 πρόϐατα
919 837 1302 907 πλανώμενα,
1330 838 1470 891 ἀλλ’
1495 838 1787 906 ἐπεστρά-

198 950 356 1003 ᾳητε
380 932 506 985 νῦν
532 932 629 984 ἐπὶ
680 928 790 984 τὸν
841 929 1094 998 ποιμένα
1144 929 1240 982 καὶ
1288 929 1628 983 ἐπίσκοπον
1671 929 1791 982 τῶν

199 1021 429 1094 ψυχῶν
454 1020 646 1091 ὑμῶν.

277 1135 295 1167 ι
338 1115 404 1167 Oi
435 1115 671 1178 οἰκέται,
709 1113 1160 1185 ὑποτασσόμενοι.
1210 1132 1229 1165 ι
1263 1114 1791 1179 Προσυπακουστέον

194 1207 282 1271 τὸ,
317 1201 465 1276 ἦτε,
523 1206 613 1258 ἵνα
671 1201 727 1278 ᾖ,
772 1206 836 1259 01
889 1207 1127 1270 οἰκέται,
1176 1201 1275 1277 ἦτε
1332 1206 1786 1276 ὑποτασσόμενοι.

209 1295 458 1365 Ὁμοίως
477 1296 572 1348 καὶ
595 1297 687 1347 ἐπὶ
704 1295 820 1361 τοῦ,
842 1296 908 1348 Αἱ
923 1297 1202 1364 γυναῖκες.
1231 1314 1250 1347 ι
1273 1296 1360 1349 Ἐν
1386 1296 1550 1349 παντὶ
1582 1296 1749 1367 φόϐῳ.
1766 1315 1784 1348 ο

197 1390 312 1443 Τοῦ
352 1388 527 1456 φόϐου
554 1388 835 1457 πολλαχῶς
859 1388 1156 1458 λεγομένου
1180 1406 1195 1420 ο
1227 1388 1445 1459 λέγεται
1472 1389 1582 1461 γὰρ
1604 1391 1791 1458 φόϐος,

203 1487 301 1538 καὶ
362 1483 392 1535 6
447 1483 546 1536 σὺν
580 1484 878 1555 ἐπιστήμῃ,
916 1481 979 1534 ὃν
1040 1474 1200 1546 οὗτος
1224 1484 1319 1535 νῦν
1362 1483 1449 1537 διὰ
1491 1483 1793 1553 συνείδησιν

207 1574 403 1644 φησὶν,
429 1572 490 1634 6;
518 1571 615 1625 καὶ
643 1572 923 1627 εὐλάϐεια
948 1573 1193 1626 καλεῖται
1221 1592 1236 1606 ·
1266 1574 1484 1642 λέγεται
1516 1573 1677 1642 φόϐος
1699 1574 1794 1627 καὶ

208 1670 237 1720 6
258 1665 594 1735 παθητικδς,
617 1665 916 1731 τουτέστιν,
943 1667 969 1718 6
998 1667 1084 1719 διὰ
1129 1666 1400 1730 κολάσεως
1432 1669 1623 1737 πεῖραν
1653 1668 1794 1719 τισὶν

210 1758 590 1825 ἐπιγινόμενος,
624 1756 684 1809 δν
726 1756 819 1810 καὶ
869 1756 935 1810 τὰ
984 1757 1150 1825 θηρία
1183 1757 1430 1825 φοϐεῖται
1455 1772 1470 1788 ⁸
1501 1757 1795 1826 λεγομένου

210 1851 377 1901 πᾶλιν
407 1847 579 1917 φόϐου
631 1847 727 1901 καὶ
777 1848 870 1901 τοῦ
935 1849 1433 1918 προκαταρκτικοῦ,
1483 1849 1543 1913 θς
1588 1851 1698 1913 τοῖς
1714 1848 1793 1918 τῷ

1890 670 1946 715 ut
1973 662 2198 730 peccatis
2232 662 2442 722 mortui,
2467 660 2696 729 justitirc
2723 660 2979 722 vivamus,
3035 656 3189 726 cujus
3236 656 3468 725 ejusdem

1889 753 2050 807 vibice
2072 753 2252 806 sanati
2288 753 2430 807 estis.
2489 746 2626 806 Nam
2674 751 2835 805 eratis
2859 751 2997 804 velut
3049 765 3164 802 oves
3211 756 3472 812 errantes,

1889 845 1978 899 sed
2000 844 2232 896 conversi
2290 842 2414 895 estis
2447 859 2583 895 nunc
2633 844 2703 897 ad
2750 850 3016 912 pastorem
3067 849 3117 894 et
3169 848 3469 893 curatorem

1892 935 2197 989 animarum
2227 944 2542 989 uestrarum.

1966 1113 2126 1185 502
2172 1132 2194 1166 ι
2246 1113 2480 1178 Famuli,
2531 1113 2758 1168 subditi.
2816 1130 2835 1164 ι
2899 1112 3345 1167 Subaudiendum
3386 1118 3476 1166 est

1889 1204 2008 1282 ἦτε,
2046 1209 2100 1263 id
2138 1218 2243 1269 est,
2271 1206 2412 1271 sitis,
2441 1205 2582 1261 sicut
2611 1216 2664 1261 et
2694 1221 2814 1260 cum
2848 1205 3248 1269 dicit,Uxores.
3290 1224 3307 1254 ι
3336 1202 3473 1258 Cum

1893 1300 2042 1356 omni
2071 1302 2284 1354 timore.
2334 1316 2352 1349 ο
2384 1297 2521 1354 Cum
2570 1298 2733 1352 timor
2771 1297 2956 1351 multis
2997 1297 3175 1352 modis
3217 1295 3470 1351 dicatur:

1894 1393 2093 1448 dicitur
2121 1406 2358 1461 namque
2386 1391 2549 1445 timor
2570 1400 2626 1445 et
2646 1389 2736 1460 qui
2769 1398 2854 1444 est
2883 1405 3006 1445 cum
3030 1390 3284 1451 scientia.
3310 1403 3474 1460 quem

1894 1498 2042 1538 nunc
2060 1497 2158 1552 per
2180 1481 2581 1535 Conscientiam
2605 1479 2878 1551 intelligit,
2902 1480 2993 1550 qui
3019 1481 3183 1534 etiam
3218 1479 3473 1532 εὑλάϐεια

1897 1585 2145 1641 vocatur,
2183 1575 2234 1629 id
2267 1581 2372 1636 est,
2417 1573 2721 1627 reverentia
2783 1587 2907 1627 cum
2955 1580 3135 1627 metu:
3193 1570 3393 1625 dicitur
3423 1577 3480 1623 et

1899 1667 2064 1723 timor
2111 1664 2419 1729 aﬂlictivus,
2470 1662 2577 1717 hoc
2627 1671 2732 1725 est,
2778 1662 3102 1733 quibusdam
3151 1661 3477 1730 contingens

1899 1758 2276 1826 esperirnento
2297 1754 2570 1827 supplicii,
2593 1769 2702 1824 quo
2730 1762 2786 1809 et
2814 1753 2943 1809 ferre
2990 1754 3221 1818 timent;
3276 1752 3479 1808 dicitur

1902 1867 2120 1904 rursum
2162 1859 2216 1905 et
2246 1852 2408 1903 timor
2436 1848 2658 1903 initialis
2686 1848 2779 1917 qui
2819 1848 3177 1918 consequitur
3205 1845 3476 1901 acceden-

209 1940 407 2007 Κυρίῳ
420 1912 899 2009 γπροσερχομένοις
936 1912 1311 2004 ἐπακολουθεῖ,
1335 1912 1428 1994 διὰ.
1471 1912 1532 1994 το
1556 1912 1791 1994 συνειδέ-

1904 1960 1983 2001 tes
2010 1945 2076 1999 ad
2120 1943 2430 2004 Dominum,
2463 1957 2529 1996 eo
2573 1941 2719 2010 quod
2767 1942 2869 1996 sibi
2912 1942 2979 1996 de
3021 1941 3206 1996 multis
3269 1942 3478 1997 conscii

206 2049 300 2083 ναι
325 2032 544 2093 ἑαυτοῖς
572 2031 737 2083 πολλὰ
770 2032 864 2083 ἐπὶ
900 2032 1173 2103 τιμωρίαν
1202 2033 1596 2101 ὲκκαλούμενα,
1623 2032 1680 2085 ὃν
1706 2035 1800 2086 καὶ

207 2126 244 2191 ἡ
276 2127 338 2177 ἐν
369 2122 719 2190 [εὐαγγελίοις
750 2124 920 2193 πόρνη
946 2124 1242 2194 φοϐηθεῖσα
1269 2125 1540 2196 προσῆλθε
1555 2120 1797 2197 Χριάτιῖν

208 2216 354 2269 ἀλλᾶ
411 2216 508 2267 καὶ
562 2213 654 2267 τοῦ
705 2215 1049 2268 τελειωτικοῦ
1084 2215 1250 2285 φόϐου
1296 2218 1458 2271 πάλιν
1479 2217 1793 2288 λεγομένου,

209 2308 271 2370 ὃς
303 2309 441 2360 πᾶσι
476 2309 585 2364 τοῖς
614 2307 793 2373 ἁγίοις
847 2308 932 2360 ἀεὶ
968 2307 1221 2378 πάρεστι,
1258 2308 1455 2362 δεδιόσι
1490 2311 1623 2379 μήτι
1650 2309 1798 2363 ὲλλὶο

214 2413 366 2449 πωσι
389 2396 497 2448 τῶν
518 2389 592 2447 ῶν
620 2397 769 2457 εἰκὸς
798 2395 1128 2466 ἐνυπάρχειν
1155 2399 1266 2459 τοῖς
1300 2399 1380 2458 εἰς
1415 2396 1627 2448 τελείαν
1656 2397 1799 2465 ἀγα·

215 2507 329 2557 πην
353 2485 712 2554 ἀναληφθεῖσι
738 2502 751 2516 ⁶
775 2487 1122 2556 τοσαυταχῶς
1147 2486 1242 2538 τοῦ
1283 2487 1449 2555 φόϐου
1478 2487 1792 2556 λεγομένου,

216 2581 268 2631 εί
299 2578 402 2648 μὲν
432 2580 530 2631 καὶ
558 2578 644 2629 διὰ
695 2578 912 2630 πάντων
953 2577 1162 2631 τούτων
1188 2578 1396 2632 δίκαιον
1428 2580 1556 2641 τοὺς
1578 2579 1798 2642 δούλους

214 2674 334 2732 τοῖς
361 2670 512 2733 ῖδέοις
564 2670 973 2739 προσφέρεσθαι
1015 2669 1326 2732 δεσπόταις,
1360 2670 1460 2722 οὑκ
1492 2668 1557 2722 ἂν
1590 2670 1800 2737 ἀπαγο-

220 2758 473 2827 ρεύσειεν
500 2758 527 2809 ό
555 2759 611 2809 ἐν
635 2760 796 2810 παντὶ
827 2756 976 2827 φόϐῳ
994 2758 1396 2811 ὑποτάσσεσθαι
1430 2760 1554 2820 τοὺς
1580 2759 1799 2822 δούλους

216 2852 332 2912 τοῖς
353 2849 646 2910 δεσπόταις
698 2849 980 2918 παραινῶν
1005 2848 1119 2901 νῦν.
1157 2849 1230 2902 ’⁸0
1269 2867 1327 2902 τε
1357 2849 1465 2921 γὰρ
1495 2866 1800 2919 προκαταρ-

218 2942 433 3005 κτικδς,
464 2943 491 2993 ὅ
533 2957 591 2993 τε
627 2941 971 3004 τελειωτικὶς
1001 2940 1180 3002 καλῶς
1233 2941 1298 2994 ἂν
1323 2942 1518 3006 αὑτοὺς
1566 2942 1800 2995 διαθεῖτο

216 3032 441 3101 «pos-5w
477 3048 491 3061 ·
534 3032 564 3084 6
591 3032 689 3101 μὲν
725 3031 816 3085 τοῦ
853 3033 926 3102 μή
959 3049 1090 3084 ποτε
1140 3032 1226 3085 διὰ
1255 3033 1637 3103 πλημμέλειαν
1670 3034 1801 3086 ὑπο·-
1851 3053 1853 3055 ί

215 3122 521 3176 ϐλέπεσθαι
554 3122 748 3175 παθεῖν
776 3139 829 3174 τι
853 3121 963 3176 τῶν
998 3124 1332 3194 ἀνηκέστων,
1364 3126 1391 3174 6
1424 3123 1480 3176 δὲ
1511 3121 1604 3175 τοῦ
1630 3123 1797 3193 μηδὲν

1901 2039 2010 2092 sint
2040 2052 2157 2106 quae
2185 2037 2251 2089 ad
2275 2036 2600 2105 supplicium
2626 2043 2953 2105 provocent:
2981 2049 3089 2103 quo
3119 2033 3279 2087 etiam
3303 2048 3481 2088 mere-

1902 2127 2005 2181 trix
2031 2127 2097 2180 de
2121 2142 2224 2195 qua
2257 2125 2310 2178 in
2343 2124 2654 2193 Evangelio,
2693 2123 2914 2186 timens,
2944 2120 3175 2175 accessit
3202 2120 3268 2173 ad
3293 2119 3478 2175 Chris-

1903 2226 2015 2273 tum
2037 2217 2117 2280 ";
2152 2218 2248 2272 sed
2276 2226 2332 2271 et
2363 2216 2638 2287 perfectura
2661 2215 2858 2268 iterum
2909 2213 3105 2266 dicitur
3152 2213 3330 2274 timor,
3383 2210 3475 2280 qui

1901 2311 2154 2365 omnibus
2184 2309 2385 2366 sanctis
2410 2323 2628 2376 semper
2684 2304 2859 2369 adest,
2892 2302 3211 2357 timentibus
3235 2316 3306 2356 ne
3348 2301 3477 2372 quid

1903 2402 2009 2456 illis
2047 2402 2187 2457 desit
2229 2415 2419 2455 eurum
2472 2415 2593 2468 qme
2655 2397 2812 2451 decet
2872 2392 2990 2449 illos
3031 2394 3233 2448 habere
3267 2394 3358 2463 qui
3409 2394 3475 2447 ad

1899 2494 2193 2563 perfectam
2251 2492 2594 2545 dilectionem
2627 2487 2885 2556 assumpti
2917 2495 3044 2540 sunt
3076 2502 3090 2539 :
3133 2499 3259 2538 cum
3311 2484 3478 2555 igitur

1901 2596 1982 2641 tot
2006 2586 2182 2640 modis
2226 2586 2388 2639 timor
2435 2583 2668 2644 dicatur,
2697 2590 2882 2635 utrum
2943 2579 3147 2649 justum
3183 2579 3254 2632 sit
3291 2580 3478 2633 servos

1901 2695 1999 2748 per
2037 2679 2137 2733 hos
2167 2692 2357 2731 omnes
2384 2675 2627 2729 exhiberi
2669 2674 2784 2728 suis
2837 2671 3096 2731 dominis.
3133 2684 3475 2739 nequaquam

1900 2779 2124 2841 negaret
2149 2771 2189 2823 is
2215 2769 2304 2838 qui
2337 2783 2486 2823 nunc
2511 2780 2700 2820 servos
2726 2766 3070 2829 adhortatur,
3098 2771 3157 2816 ut
3179 2778 3303 2816 cum
3327 2761 3478 2816 omni

1904 2863 2094 2917 timore
2150 2861 2386 2915 dominis
2437 2860 2848 2927 subjici-antur:
2917 2854 3361 2926 quandoquidem
3421 2862 3479 2909 et

1900 2951 2125 3005 initialis
2149 2959 2204 3004 et
2234 2948 2511 3019 perfectus
2539 2949 2582 3001 si
2613 2949 2852 3011 adesset,
2880 2954 3030 2999 recte
3059 2945 3177 2998 illos
3200 2944 3473 2998 alliceret:

1903 3043 1992 3097 ille
2034 3043 2250 3112 quidmu
2308 3050 2365 3095 ut
2413 3049 2755 3101 vererentur,
2803 3055 2872 3092 ne
2917 3036 3047 3106 quid
3094 3036 3197 3091 sibi
3245 3043 3478 3105 propter

1903 3135 2093 3189 delicta
2123 3134 2463 3202 contingeret
2491 3133 2632 3202 quod
2667 3146 2778 3185 non
2810 3129 2975 3184 ferret
3019 3127 3346 3190 remedium,
3386 3127 3477 3180 hic
3549 3144 3559 3153 '

217 3214 379 3282 ἀηδὲς
401 3211 720 3284 ὲννοηθῆναι
737 3210 815 3283 τῷ
842 3211 1050 3264 ἑαυτῶν
1067 3211 1519 3281 καταπράξασθαι
1541 3210 1795 3280 δεσπότῃ.

1906 3240 2035 3277 vero
2082 3239 2148 3277 ne
2181 3223 2309 3291 quid
2340 3222 2420 3277 vel
2463 3222 2783 3292 cogitarent,
2822 3219 2965 3289 quod
3017 3219 3061 3271 si
3103 3225 3475 3288 perageretur,

219 3304 336 3358 Νῦν
370 3304 505 3373 γοῦν
543 3303 709 3374 φόϐον
737 3304 828 3355 τὸν
873 3303 961 3356 διὰ
1018 3303 1365 3371 συνείδησιν,
1403 3302 1672 3362 τουτέστι,
1709 3302 1799 3353 τὸν

227 3397 326 3449 σὺν
360 3396 644 3467 ἐπιστήμῃ
675 3394 770 3446 τοῦ
806 3393 968 3463 όρθοὺ
1013 3393 1171 3462 λόγου
1220 3393 1503 3463 γινόμενόν
1530 3409 1716 3464 φησιν,
1743 3392 1801 3455 ὃς

220 3488 392 3551 ἐστιν,
411 3487 443 3539 6
471 3487 530 3538 ἐν
559 3486 637 3555 τῷ
662 3486 830 3556 μηδὲν
858 3485 1218 3556 ἁμαρτάνειν,
1248 3485 1399 3554 παρὰ
1433 3485 1541 3537 τῶν
1569 3483 1800 3537 σκολιῶν

217 3578 500 3633 δεσποτῶν
528 3580 641 3639 τοῖς
672 3577 884 3630 ἑαυτῶν
933 3576 1276 3644 ἐπαγόμενος
1307 3577 1564 3638 οίκέταις.
1601 3575 1801 3628 Τοῦτον

219 3666 318 3724 οὖν
344 3669 441 3721 τὸν
468 3670 632 3736 φόϐον
653 3669 897 3723 ἒπαίνων
919 3668 1087 3734 ἀξιῶν
1105 3668 1394 3737 παρεγγυᾷ
1410 3666 1800 3736 καταδέχεσθαι

225 3760 348 3831 μεθ’
402 3759 682 3829 ὑπομονῆς
752 3758 904 3811 'Ensi
961 3757 1087 3820 τούς
1135 3773 1200 3823 γε
1249 3755 1315 3808 δι’
1346 3754 1643 3824 ἁμαρτίας,
1683 3753 1800 3824 ἦτοι

222 3851 631 3923 ὲνεργηθείσας,
660 3851 694 3919 ἢ
728 3851 825 3903 καὶ
861 3849 936 3920 μὴ
993 3848 1301 3918 πραχθῆναι
1335 3846 1796 3915 φυλασσομένους,

224 3943 388 4012 φόϐον
416 3942 638 4011 ἔχοντας
670 3940 998 4011 ὑπομένειν,
1045 3941 1148 3992 εἴτι
1191 3940 1260 3992 δι’
1298 3938 1471 4001 αὑτὰς
1515 3938 1799 4006 πάσχοιεν,

222 4033 584 4101 εὐγνωμόνων
610 4033 710 4101 μὲν
739 4032 835 4085 καὶ
858 4030 1017 4082 τοῦτο
1038 4029 1262 4093 δούλων,
1288 4028 1540 4100 καὶπρὸς
1573 4030 1800 4100 διόρθω-

224 4142 312 4178 σιν
337 4126 737 4189 ἀπονευόντων,
792 4123 905 4176 ἀλλ’
932 4120 1085 4175 οὑπω
1135 4121 1409 4190 τοσαύτης
1457 4121 1797 4189 φιλοσοφίας,

221 4217 356 4286 ὅσης
382 4215 459 4283 τῷ
485 4215 649 4286 μηδὲν
672 4214 855 4286 ἑαυτῷ
916 4212 1182 4267 συνειδότι
1228 4212 1400 4265 κακὸν
1445 4212 1799 4284 ἐγκαρτερεῖν

221 4307 583 4378 εὐχαρίστως.
618 4306 791 4360 Ἱοῦτο
818 4306 878 4358 τὸ
927 4305 1088 4375 μέγα,
1114 4302 1272 4357 τοῦτο
1305 4304 1402 4357 καὶ
1431 4303 1559 4371 παρ’
1598 4304 1799 4371 ὀλίγοις

220 4399 660 4467 ἑπιτελούμενον,
709 4399 868 4451 τοῦτο
919 4398 1016 4451 καὶ
1049 4394 1198 4466 παρὰ
1224 4395 1343 4466 Θεῷ
1364 4395 1639 4465 τυγχάνον
1664 4397 1800 4449 ἀπο-

222 4490 405 4560 δοχῆς,
431 4490 507 4553 ὡς
535 4493 646 4553 τοῖς
680 4488 777 4542 τοῦ
835 4486 1071 4557 Χριστοῦ
1123 4486 1350 4540 πάθεσιν
1399 4487 1795 4556 ἁμιλλώμενον,

1904 3316 2174 3387 ingratum
2196 3323 2343 3369 esset
2377 3330 2477 3370 suo
2518 3314 2760 3370 domino.
2791 3310 2946 3366 Nunc
2986 3311 3166 3379 itaque
3221 3309 3475 3361 timorem

1903 3406 2149 3475 dicitqui
2194 3416 2277 3460 est
2322 3414 2547 3476 propter
2604 3404 3020 3464 conscientiam,
3072 3401 3178 3455 hoc
3218 3410 3323 3463 est,
3383 3398 3478 3467 qui

1903 3499 2170 3567 contingit
2229 3514 2353 3553 cum
2411 3497 2750 3551 conscientia
2802 3502 2964 3549 rectae
3032 3492 3298 3546 rationis:
3352 3504 3478 3544 cum

1904 3592 2030 3645 mali
2063 3591 2317 3646 videlicet
2344 3589 2553 3644 domini
2582 3602 2773 3642 servos
2800 3601 2930 3641 suos
2964 3584 3100 3638 nihil
3129 3580 3479 3638 commeritos

1903 3685 2162 3753 aﬂliguut.
2186 3681 2338 3737 Hunc
2358 3699 2485 3754 ergo
2509 3683 2755 3738 timorem
2775 3681 3030 3751 judicans
3051 3677 3211 3733 laude
3228 3675 3477 3744 dignum,

1899 3776 2054 3845 jubet
2084 3784 2140 3829 ut
2172 3789 2295 3828 cum
2326 3774 2589 3843 patientia
2624 3772 2974 3841 suscipiatur.
3028 3763 3480 3834 Quandoquidem

1901 3867 1993 3937 qui
2027 3878 2249 3936 propter
2278 3876 2523 3936 peccata,
2551 3865 2665 3920 sive
2703 3879 2764 3918 ea
2782 3878 2905 3933 qua:
2942 3863 3351 3931 perpetrarunt,
3385 3860 3482 3908 aut

1900 3962 2067 4015 etiam
2108 3975 2229 4028 quae
2252 3974 2362 4013 non
2390 3959 2750 4013 observarunt
2803 3963 2862 4009 ut
2907 3953 3169 4013 iacerent,
3227 3948 3479 4003 timorem

1902 4053 2127 4114 habent,
2167 4051 2462 4104 tolerantes
2509 4049 2553 4104 si
2606 4046 2736 4117 quid
2769 4052 2988 4115 propter
3038 4042 3127 4095 illa
3177 4037 3479 4108 patiantur,

1902 4143 2029 4196 boni
2057 4141 2277 4210 quidem
2308 4150 2363 4194 et
2416 4139 2468 4192 hi
2501 4146 2630 4193 sunt
2664 4136 2832 4199 servi,
2866 4143 2925 4191 et
2968 4134 3032 4188 ad
3078 4128 3479 4186 correctionem

1901 4233 2276 4286 declinantes:
2330 4239 2387 4285 at
2440 4230 2681 4285 nondum
2742 4237 2890 4282 tanta
2953 4223 3155 4280 mentis
3209 4218 3480 4290 sapientia

1901 4323 2133 4392 praediti.
2166 4330 2370 4391 quanta
2407 4320 2657 4376 essentsi
2699 4327 2852 4389 grato
2880 4316 3067 4371 animo
3122 4312 3475 4368 aﬂlictiouem

1903 4412 2217 4476 tolerarent,
2284 4411 2449 4464 etiam
2504 4424 2635 4465 cum
2691 4407 2895 4462 nullius
2940 4404 3064 4458 mali
3122 4401 3227 4456 sibi
3274 4397 3482 4455 conscii

1902 4512 2107 4558 essent.
2148 4503 2262 4559 Hoc
2301 4517 2554 4573 magnum
2584 4509 2689 4567 est,
2715 4500 2820 4554 hoc
2851 4497 3015 4554 etiam
3057 4511 3086 4550 a
3117 4492 3308 4564 paucis
3326 4505 3482 4546 como

223 4582 345 4633 ἐπεὶ
374 4583 468 4634 καὶ
500 4580 660 4641 αὑτός
687 4596 869 4650 φησιν,
911 4580 993 4632 ὃτι
1040 4581 1138 4648 οὑχ
1162 4580 1302 4647 ὑπὲρ
1321 4579 1526 4642 οἰκείας
1563 4580 1797 4650 ἔπασχεν

1905 4596 2112 4664 plotur:
2146 4594 2199 4647 id
2230 4593 2372 4662 apud
2400 4595 2563 4645 Deum
2595 4604 2812 4660 quoque
2862 4585 3301 4642 commendatur,
3357 4585 3483 4632 tan-

220 4671 518 4742 ἀμσρτίας.
575 4671 876 4741 ’Δμαρτίαν
908 4670 1018 4740 γὰρ
1049 4672 1149 4726 οὑκ
1183 4670 1458 4741 ἐποίησεν,
1505 4670 1619 4725 ἀλλ’
1654 4673 1794 4740 ὑπὲρ

220 4765 378 4834 ἡμῶν
412 4764 633 4819 καὶτῶν
656 4767 942 4835 ἡμετέρων
969 4764 1228 4832 ἔπασχεν.

1902 4699 2062 4753 quam
2121 4682 2459 4752 respondens
2499 4677 2702 4734 Christi
2762 4672 3182 4729 atllictionibus:
3234 4664 3478 4734 quando-

1903 4773 2120 4841 quidem
2142 4781 2198 4826 et
2227 4772 2363 4840 ipse,
2395 4770 2588 4838 inquit,
2614 4781 2723 4821 non
2755 4772 2976 4834 prepter
3021 4775 3121 4816 sua
3174 4772 3368 4828 passus
3396 4764 3482 4811 est

219 4867 479 4927 peccata:
524 4873 650 4911 nam
678 4868 959 4925 peccatum
1008 4874 1117 4912 non
1178 4858 1324 4921 fecit,
1350 4857 1508 4927 503
1544 4860 1639 4914 sed
1674 4876 1774 4929 pro
1828 4865 1989 4919 nobis
2027 4865 2336 4933 nostrisque
2366 4862 2580 4917 delictis
2600 4870 2799 4929 paSSus
2819 4864 2927 4911 est.

304 4948 441 5002 Ἀπὸ
501 4950 609 5000 τῶν
659 4949 904 5017 ἀνομιῶν
934 4948 1029 5001 τοῦ
1085 4948 1215 5002 λαοῦ
1256 4965 1379 5018 μου,
1412 4950 1530 5018 ἦτοι
1564 4950 1653 5003 διὰ
1702 4952 1803 5015 τὰς

222 5038 453 5106 ἀνομίας
492 5035 587 5089 τοῦ
636 5035 789 5100 λαοῦ,
825 5037 963 5107 ἤχθη
1010 5040 1089 5099 εἰς
1122 5037 1374 5100 θάνατον,
1405 5041 1567 5108 φησὶν
1615 5042 1642 5093 6
1674 5058 1804 5112 προ-

223 5131 419 5199 φήτης.
461 5127 778 5183 Ἐπαινετόν
810 5129 908 5197 μὲν
925 5127 1016 5182 οὖν
1038 5128 1229 5183 τοῦτον
1251 5130 1342 5183 τὸν
1373 5131 1539 5198 φόϐον
1569 5131 1799 5187 τίθεται.

235 5220 397 5274 Ἀλλὰ
421 5220 532 5290 μὴν
560 5219 657 5272 καὶ
681 5221 794 5281 τοῖς
836 5218 1016 5283 ἄλλοις
1052 5221 1239 5289 φόϐοις
1267 5222 1395 5286 τοὺς
1422 5221 1644 5285 δούλους
1680 5220 1802 5291 βού-

223 5314 373 5366 λεται
408 5313 876 5382 περικροτεῖσθαι.
910 5313 1015 5366 Καὶ
1057 5312 1213 5382 δῆλον
1253 5313 1348 5380 ἀφ’
1374 5306 1451 5367 ὧν
1485 5330 1670 5382 φησιν,
1718 5314 1803 5367 Ἐν

226 5408 385 5457 παντὶ
418 5404 593 5474 φόϐῳ.
642 5402 971 5473 ’Υπερφυῶς
1036 5404 1091 5458 δὲ
1150 5405 1417 5471 ἀντέθηκε
1469 5408 1582 5466 τοῖς
1625 5405 1803 5470 ἄλλοις

223 5494 404 5561 φόϐοις
435 5494 527 5546 τὸν
556 5492 648 5546 διὰ
696 5493 1004 5563 συνείδησιν
1038 5495 1224 5564 φόϐον,
1283 5496 1378 5549 καὶ
1420 5496 1584 5566 μόνου
1611 5497 1801 5550 τούτου

221 5583 361 5638 εἶναι
409 5583 834 5649 τὸάξιέπαινον,
887 5585 1241 5656 ἀληθεστάτῳ
1285 5588 1606 5660 ἁπεφηνατο
1634 5588 1798 5657 λόγῳ,

222 5674 298 5737 ὡς
319 5674 427 5728 τῶν
461 5675 560 5745 μὲν
596 5675 830 5746 ἐχόντων
855 5676 916 5730 τὸ
938 5678 1227 5747 παραίτιον
1255 5679 1353 5749 τῆς
1381 5679 1489 5734 τῶν
1518 5680 1799 5737 δεσποτῶν

330 5854 378 5888 ⁸⁵
406 5853 542 5911 Luc.
565 5869 659 5922 Vit,
700 5855 771 5931 57
800 5872 953 5927 seqq.
1105 5857 1147 5889 "
1202 5856 1305 5911 Isu.
1351 5872 1468 5923 LIII,
1504 5856 1554 5913 ὅ.

1981 4954 2064 5008 Ab
2093 4953 2470 5022 iniquitatibus
2499 4949 2680 5020 populi
2712 4949 2841 5009 mei,
2880 4945 2995 5001 sive
3032 4948 3255 5011 prOpIer
3284 4936 3483 5005 iniqui-

1908 5052 2047 5099 tates
2082 5044 2264 5115 populi
2287 5044 2488 5098 ductus
2514 5050 2597 5097 est
2617 5040 2684 5094 ad
2715 5046 2969 5101 mortem,
2998 5035 3075 5088 ait
3122 5031 3384 5100 propheta
3410 5027 3481 5095 ⁸³,

1906 5138 2063 5193 ilunc
2106 5138 2291 5206 itaque
2326 5132 2820 5191 commendandum
2873 5127 3028 5199 ponit
3069 5125 3344 5178 timorem.
3381 5118 3488 5175 Ve-

1910 5244 2031 5284 rum
2080 5229 2202 5283 aliis
2234 5241 2452 5298 quoque
2504 5224 2791 5279 timoribus
2821 5233 3009 5276 servos
3058 5215 3174 5291 vult
3205 5212 3429 5268 retineri
3466 5228 3481 5265 :

1908 5321 2053 5391 quod
2077 5321 2419 5377 manifestum
2449 5326 2534 5374 est
2566 5332 2633 5371 ex
2658 5330 2724 5371 eo
2761 5311 2907 5384 quod
2940 5310 3073 5365 dicit
3110 5326 3125 5361 :
3164 5306 3301 5362 Cum
3331 5300 3481 5357 omni

1910 5413 2124 5467 timore.
2163 5412 2485 5467 Rectissime
2512 5418 2691 5463 autem
2716 5415 2772 5461 et
2798 5404 2934 5459 scite
2962 5399 3173 5456 caeteris
3195 5393 3482 5451 timoribus

1911 5502 2206 5571 prchosuit
2236 5504 2487 5554 timorem
2514 5499 2607 5567 qui
2624 5507 2709 5551 est
2739 5502 2958 5565 propter
2985 5483 3399 5545 conscientiam,
3423 5488 3480 5533 et

1909 5589 2084 5644 solum
2114 5590 2259 5644 hunc
2283 5604 2402 5644 esse
2426 5587 2587 5643 laude
2613 5586 2836 5658 dignum
2882 5577 3168 5635 verissimo
3226 5582 3480 5625 sermone

1910 5681 2318 5751 demonstravit,
2370 5681 2513 5750 quod
2557 5678 2632 5733 illi
2677 5674 2898 5746 quidem
2953 5680 3173 5725 causam
3237 5659 3475 5728 habeant
