3986 6562
187 325 286 388 515

1201 320 1583 383 COMMEN-T.
1631 322 1706 382 IN
1749 322 1990 387 EPIST.
2031 323 2059 383 Ι
2097 323 2157 384 S.
2199 324 2458 385 PETRI.

3343 318 3451 382 516

185 434 680 501 ὑποτασσόμεναι
716 428 841 494 τοῖς
878 428 1051 494 ἰδίοις
1080 427 1398 496 ἀνδράσιν.
1439 429 1534 493 Ὠς
1570 427 1764 496 suppa

1889 440 2041 484 'antes
2088 432 2142 485 iu
2201 432 2306 485 Deo
2362 433 2622 485 ornabant
2677 448 2805 495 sese,
2853 431 3075 486 subdita:
3117 433 3242 486 viris
3294 435 3403 488 suis
3431 449 3451 488 :

184 527 505 593 ὑπήκουσε
547 524 630 588 τῷ
676 523 932 590 Ἀϐρααμ
955 564 969 587 ,
1020 523 1226 590 κύριον
1251 520 1438 574 αὑτὸν
1471 521 1768 574 καλοῦσα.

187 614 290 683 Ἦς
302 617 638 686 ἐγενήθητε
659 615 861 679 τέκνα,
885 611 1378 682 ἀγαθοποιοῦσαι,
1405 612 1501 664 καί
1537 611 1623 680 μὴ
1661 628 1772 680 φο-

186 711 462 777 ϐούμεναι
479 709 778 776 μηδεμίαν
789 707 1142 772 arduom-.0!
1162 705 1378 772 ἄνδρες
1397 704 1610 769 ὁμοίως
1628 714 1775 756 συν-

186 799 499 864 οικοῦντες
521 799 672 852 κατὰ
709 797 958 867 γνῶσιν,
999 797 1081 862 ὡς
1117 795 1531 863 ἀσθενεστέρῳ
1569 797 1775 850 σκεύει

184 889 256 956 τῷ
285 891 618 958 γυναικείῳ
638 888 1045 956 ἀπονέμοντες
1069 887 1272 956 τιμὴν,
1294 889 1371 951 ὡς
1385 887 1483 940 καὶ
1507 893 1776 956 συγκλη-

179 985 461 1052 ρονόμοις
501 982 744 1050 χάριτος
795 980 966 1047 ζωῆς,
999 982 1086 1046 εἰς
1129 983 1197 1032 τὸ
1247 981 1333 1050 μὴ
1377 980 1776 1036 ἐκκόπτεσθαι

185 1076 280 1139 τὰς
320 1075 684 1142 προσευχὰς
712 1072 900 1141 ὑμῶν.

247 1166 351 1218 Διά
396 1166 627 1218 πάντων
657 1163 861 1216 τούτων
882 1163 974 1215 τὸν
1009 1161 1197 1232 ἠθικὸν
1218 1161 1376 1230 λόγον
1405 1162 1774 1232 συμπεραινόο

187 1273 367 1326 μενος,
397 1256 490 1309 διὰ
517 1255 810 1325 βασιλέων,
849 1253 939 1306 διὰ
989 1253 1290 1323 ἀρχόντων,
1335 1253 1422 1306 διὰ
1474 1251 1774 1315 δεσποτῶν,

181 1344 264 1396 δια
291 1343 528 1406 δούλων,
599 1345 695 1396 καὶ
755 1345 868 1405 τοῖς
915 1342 1013 1411 μὲν
1057 1342 1340 1412 βασιλεῦσι
1375 1343 1469 1395 καὶ
1517 1343 1776 1412 ἄρχουσιν

185 1433 597 1487 ὑποτάσσεσθαι
655 1430 736 1495 οἷς
787 1433 869 1486 δεῖ
929 1434 1025 1486 καὶ
1069 1433 1128 1484 ἐν
1172 1426 1251 1494 οἷς
1293 1431 1374 1484 δεῖ
1403 1431 1776 1500 νομοθετήσας

183 1527 302 1588 τοὺς
336 1527 709 1596 ἀρχομένους,
751 1528 845 1578 καὶ
871 1524 1053 1589 δείξας
1081 1524 1172 1578 διὰ
1200 1524 1394 1577 τούτου
1423 1525 1507 1576 ὅτι
1543 1527 1640 1578 καὶ
1678 1527 1776 1578 αὑο

183 1619 261 1671 τοὶ
293 1619 347 1670 oi
373 1620 641 1687 ἄρχοντες
679 1618 928 1688 ἐναυσμά
952 1635 1003 1697 τι
1030 1616 1383 1686 δικαιοσύνης
1418 1615 1633 1687 ἔχοντες
1648 1619 1775 1681 τοὺς

188 1712 404 1780 νόμους,
439 1712 545 1764 ὅσα
579 1712 680 1782 μὲν
715 1713 836 1765 κατ’
889 1711 1090 1774 αὐτοὺς
1137 1713 1479 1780 ποιήσουσιν,
1520 1711 1581 1763 οὑ
1605 1728 1774 1765 καταο

188 1802 578 1872 κριθήσονταν
647 1807 747 1856 ὅσα
806 1803 863 1855 δὲ
921 1803 1074 1872 παρὰ
1138 1805 1362 1866 τούτους
1415 1802 1632 1873 ἀνόμως
1681 1804 1778 1856 καὶ

187 1895 438 1964 ἀκρίτως
485 1896 581 1948 καὶ
638 1895 998 1967 τυραννικῶς,
1033 1897 1092 1948 ἐν
1135 1899 1346 1959 τούτοις
1384 1898 1480 1950 καὶ
1515 1894 1778 1949 ἀπολοῦν-

184 2001 271 2038 ται
296 2003 313 2016 θ
353 1987 450 2038 ἐπὶ
493 1987 826 2058 συμφέροντι
853 1987 961 2056 γάρ
1004 1987 1116 2040 τῶν
1160 1987 1330 2040 ἐθνῶν
1359 1990 1386 2041 ὁ
1422 1989 1583 2058 νόμος
1618 1987 1775 2056 ἐδόθη

186 2078 395 2140 αὑτοῖς,
432 2077 512 2140 ὡς
550 2079 648 2131 καὶ
705 2079 917 2140 Παῦλος
961 2080 1082 2149 βοᾷ.
1110 2078 1272 2132 Ἀλλά
1323 2081 1417 2133 καὶ
1443 2079 1490 2131 οί
1516 2080 1778 2149 ἄρχοντες

187 2169 396 2235 ὁμοίως
423 2171 537 2232 τοῖς
571 2170 755 2240 νόμοις
809 2172 902 2223 ἐπὶ
959 2171 1294 2240 συμφέροντι
1338 2170 1621 2242 ἐδόθησαν,
1660 2172 1777 2226 ἀλλ’

188 2261 286 2328 οὐχ
320 2260 401 2321 ὡς
432 2261 569 2314 ἔνιοι
599 2261 785 2324 κακῶς
810 2261 1090 2330 βούλονται
1125 2261 1220 2314 τοῦ
1247 2262 1490 2316 διαϐόλου
1514 2258 1652 2316 εἶναι
1680 2261 1779 2333 τὴν

188 2351 444 2414 ἐξουσίαν
466 2353 580 2405 τῶν
631 2354 725 2406 ἐπὶ
750 2355 874 2424 γῆς,
913 2355 992 2424 τῷ
1037 2353 1268 2424 διαϐόλῳ
1321 2353 1779 2426 συναγορεύοντες

188 2444 333 2494 κατά
356 2442 545 2506 τοῦτο,
580 2444 788 2497 εἰπόντι
807 2445 943 2516 πρὸς
971 2445 1061 2498 τὸν
1084 2444 1310 2515 Κύριονο
1338 2464 1356 2496 ι
1385 2445 1572 2499 Ταῦτα
1603 2445 1779 2499 πάντα

190 2534 318 2603 ἐμοὶ
372 2536 608 2599 δέδοται,
673 2539 768 2590 καὶ
817 2531 862 2604 ᾧ
924 2538 988 2590 ἂν
1018 2537 1297 2607 βούλωμαι
1336 2536 1529 2606 δίδωμι
1559 2536 1718 2590 αὑτά.
1755 2555 1773 2588 ι

192 2625 269 2676 Οὑ
293 2626 410 2696 γὰρ
432 2629 504 2696 τῇ
552 2627 746 2680 τούτου
797 2627 1046 2680 κελεύσει
1109 2627 1350 2697 βασιλεῖς
1398 2627 1777 2689 καθίστανται,

190 2714 395 2778 οῐτινες
452 2717 591 2784 πρὸς
621 2719 997 2788 ἐπανόρθωσιν
1033 2718 1143 2771 τῶν
1166 2719 1351 2773 κακῶν
1385 2718 1651 2782 δέδονται,
1683 2717 1778 2771 τοῦ

193 2807 452 2860 διαϐόλου
476 2809 645 2878 μηδὲν
676 2809 924 2864 τοιοῦτον
948 2809 1403 2880 ἐμπολιτεύεσθαι
1437 2813 1551 2874 τοῖς
1575 2810 1782 2881 ἀνθρώ-

193 2915 321 2960 ποις
349 2902 740 2969 ἐπειγομένου.
785 2901 1079 2970 Ἐδὸθησαν
1122 2902 1229 2972 γὰρ
1274 2899 1513 2966 ἐξουσίαι
1546 2905 1641 2954 καὶ
1681 2902 1780 2972 ἀρ·

195 3006 389 3059 χοντες
414 2991 522 3043 ὑπὸ
565 2991 720 3057 Θεοῦ,
750 2995 796 3045 oi
843 2993 943 3062 μὲν
972 2994 1050 3054 είς
1082 2995 1415 3062 συντήρησιν
1446 2992 1538 3044 τοῦ
1566 2993 1778 3046 δικαίου

1874 523 2316 590 quemadmodum
2370 521 2509 576 Sara
2555 524 2772 577 obedivit
2822 523 3110 585 Abraham,
3168 524 3455 580 Dominum

1875 615 2025 668 illum
2057 616 2332 684 appellans
2366 656 2380 680 ,
2420 616 2574 684 cujus
2591 618 2747 686 facta-
2777 619 2904 670 estis
2931 617 3058 685 ﬁlice
3085 618 3210 670 dum
3239 618 3458 672 benefa-

1876 704 2009 764 citis,
2038 713 2085 757 et
2121 721 2222 757 non
2254 705 2524 758 terremiui
2557 706 2664 759 ullo
2694 722 2900 776 pavore.
2951 705 3066 759 Viri
3109 707 3354 761 similiter
3395 708 3456 762 in

1876 796 2165 864 cognitione
2196 797 2516 862 cohabitent,
2554 798 2692 851 velut
2746 800 3037 867 inﬁrmiori
3065 800 3178 853 vasi
3209 798 3452 852 muliebri

1875 886 2236 952 impartientes
2292 887 2560 951 honorem,
2645 899 2900 959 tanquam
2982 890 3144 944 etiam
3229 891 3455 943 cohwre—

1875 978 1965 1030 des
2011 979 2199 1046 gratia:
2265 979 2426 1042 vita’,
2488 995 2552 1032 ue
2613 980 3067 1050 iuterrumpantur
3134 997 3310 1050 preces
3365 997 3454 1033 ve-

1875 1079 2021 1122 εει-α’.

1949 1158 2050 1213 Per
2082 1160 2195 1214 haec
2226 1161 2411 1215 omnia
2456 1161 2792 1217 concludens
2841 1177 3150 1218 sermonem
3180 1163 3247 1218 de
3286 1165 3457 1217 mori-

1876 1257 1980 1312 bus
2007 1275 2018 1311 :
2057 1272 2255 1326 nempe
2281 1272 2376 1326 per
2401 1272 2574 1327 reges,
2609 1271 2704 1325 per
2734 1258 3017 1326 praesides,
3054 1274 3150 1326 per
3179 1257 3453 1321 dominos,

1879 1363 1974 1416 per
2000 1363 2189 1402 servos
2227 1365 2239 1400 :
2271 1364 2394 1402 cum
2420 1349 2583 1402 etiam
2620 1351 2905 1404 statuisset
2940 1349 3169 1402 subditis
3215 1361 3274 1403 ut
3313 1350 3455 1420 regi-

1879 1439 1979 1492 hus
2007 1454 2071 1492 ac
2102 1437 2428 1508 praesidibus
2481 1439 2885 1508 subjicerentur
2916 1441 3114 1510 quibus
3150 1449 3364 1510 oportet
3397 1447 3454 1493 et

1879 1529 1934 1582 in
1959 1531 2159 1598 quibus
2189 1538 2424 1599 oportet,
2456 1546 2518 1584 ac
2553 1547 2651 1599 per
2686 1532 2790 1585 hoc
2814 1532 3144 1586 ostendisset
3174 1533 3317 1601 quod
3342 1533 3448 1601 ipsi

1878 1635 2094 1690 quoque
2117 1622 2390 1690 principes
2417 1622 2508 1691 qui
2539 1623 2686 1692 leges
2721 1623 2926 1676 habent
2975 1632 3230 1691 tanquam
3258 1623 3455 1677 incita-

1882 1714 2411 1783 mentmnquoddam
2438 1714 2687 1782 justitim,
2730 1730 2794 1768 ex
2841 1713 3001 1783 505
3063 1714 3146 1767 his
3187 1731 3307 1782 qua:
3362 1721 3464 1768 se-'

1880 1805 2119 1858 cundum
2161 1806 2278 1858 illas
2333 1805 2584 1871 fecerint,
2642 1821 2750 1858 non
2797 1806 3309 1859 condemnabuntur
3349 1822 3364 1859 :
3401 1806 3457 1859 in

1883 1897 2082 1964 quibus
2117 1905 2301 1949 autem
2334 1910 2522 1950 comra
2545 1897 2689 1963 ipsas
2711 1896 2896 1965 inique
2919 1905 2974 1949 et
3007 1896 3124 1949 sine
3162 1896 3366 1965 judicio
3394 1911 3458 1950 ac

1882 1986 2164 2055 tyrannice
2201 1986 2408 2054 operati
2452 1987 2672 2050 fuerint,
2709 2002 2807 2054 per
2839 1986 2953 2039 haec
2977 1985 3142 2039 etiam
3179 1986 3456 2054 peribunt.

1880 2075 2156 2146 Siquidem
2198 2079 2281 2131 lex
2310 2078 2442 2147 ipsis
2468 2078 2591 2132 data
2627 2077 2730 2130 fuit
2761 2078 2826 2130 ad
2865 2078 3153 2131 utilitatem
3189 2078 3454 2147 gentimn,

1880 2173 2336 2243 quemadmodum
2374 2173 2540 2227 etiam
2573 2171 2772 2226 Paulus
2812 2172 3028 2225 clamat.
3069 2170 3174 2224 Sed
3210 2179 3265 2224 et
3295 2169 3451 2239 prin-

1881 2265 2034 2333 cipes
2057 2263 2328 2324 similiter,
2356 2272 2416 2316 ut
2455 2272 2508 2316 et
2538 2263 2706 2330 leges,
2752 2263 2817 2314 ad
2857 2261 3147 2315 utilitatem
3192 2260 3303 2315 dati
3346 2261 3460 2314 fue-

1882 2362 2032 2420 runt,
2063 2363 2117 2408 et
2148 2370 2253 2408 non
2287 2363 2347 2408 ut
2377 2354 2596 2422 quidam
2637 2353 2777 2407 male
2808 2353 3024 2418 volunt,
3085 2369 3280 2422 nempe
3306 2359 3460 2421 pote-

1882 2455 2078 2500 statem
2104 2461 2292 2498 eorum
2319 2461 2437 2514 qua:
2456 2453 2585 2497 sunt
2609 2443 2662 2497 in
2696 2453 2840 2498 terra
2871 2459 2993 2498 esse
3018 2459 3048 2498 a
3079 2444 3305 2498 Diabolo
3331 2443 3457 2512 :qui

1883 2536 1937 2589 in
1961 2536 2064 2590 hoc
2091 2535 2309 2596 diabolo
2341 2535 2757 2604 patrocinantur
2780 2535 2981 2588 dicenti
3020 2535 3086 2589 ad
3127 2535 3414 2588 Dominum
3443 2552 3457 2590 :

1889 2643 1906 2676 ι
1950 2624 2142 2681 Omnia
2173 2627 2285 2679 hate
2311 2627 2442 2679 mihi
2483 2625 2606 2679 data
2633 2635 2778 2690 sunt,
2814 2633 2868 2678 et
2907 2625 3212 2694 cuicunque
3238 2625 3358 2676 volo
3391 2625 3462 2677 do

1885 2720 1999 2788 ipsa
2038 2719 2108 2771 “.
2135 2737 2154 2768 ι
2191 2715 2376 2787 Neque
2401 2718 2546 2772 enim
2567 2716 2900 2786 hujusjussu
2929 2731 3084 2786 reges
3117 2716 3462 2770 constituun-

1887 2820 1994 2875 tur,
2025 2812 2119 2879 qui
2155 2811 2221 2864 ad
2247 2810 2647 2865 correctionem
2684 2810 2950 2863 malorum
2986 2808 3096 2862 dati
3128 2817 3279 2872 sunt,
3329 2823 3453 2862 cum

1885 2900 2137 2954 diabolus
2154 2900 2293 2953 nihil
2322 2901 2427 2952 tale
2458 2900 2700 2958 inducat.
2735 2909 2795 2952 ut
2832 2899 2976 2951 inter
3003 2897 3256 2951 homines
3283 2895 3462 2951 admi-

1887 2995 2170 3048 nistretur.
2208 2993 2340 3045 Nam
2373 2993 2512 3046 datm
2537 2999 2664 3044 sunt
2693 2998 2994 3059 potestates
3032 3006 3096 3042 ac
3119 2991 3400 3059 principes
3431 3005 3462 3043 a

194 3081 293 3132 καὶ
334 3081 716 3151 ἐπανόρθωσιν
740 3083 834 3136 καὶ
857 3082 1129 3152 ὠφέλειαν
1156 3082 1264 3134 τῶν
1297 3083 1778 3150 ὑποτεταγμένων,

1890 3084 2020 3147 Deo,
2053 3082 2250 3152 partim
2287 3080 2508 3149 quidem
2536 3078 2604 3132 ad
2643 3077 2870 3145 justitiaa
2905 3075 3376 3130 conservationem
3408 3083 3465 3127 et

194 3172 248 3223 oi
277 3170 336 3223 δὲ
364 3172 456 3225 διὰ
514 3173 682 3240 φόϐον
724 3174 859 3243 πρὸς
905 3174 1178 3242 τιμωρίαν
1221 3174 1315 3225 καὶ
1351 3172 1644 3242 ἐπίπληξιν
1673 3173 1783 3226 τῶν

197 3263 656 3332 ἁμαρτανόντων,
710 3266 761 3317 oi
792 3265 847 3318 δὲ
884 3265 980 3318 καὶ
1026 3266 1105 3327 είς
1136 3264 1198 3316 τὸ
1227 3265 1358 3326 τοὺς
1388 3264 1784 3334 ἐξυδρίσαντας

195 3355 358 3424 δίκην
385 3357 488 3425 τὴν
516 3355 675 3420 ἀξίαν
707 3356 986 3409 ἀποτίσαι.
1026 3355 1214 3419 Δείξας
1248 3354 1340 3408 οὖν
1384 3355 1544 3408 τοῦτο
1578 3357 1672 3408 καὶ
1697 3356 1780 3410 ὅτι

195 3447 261 3499 τὸ
286 3448 696 3500 ὑποτάσσεσθαι
731 3446 1178 3514 τούτοιςάγαθδν,
1209 3446 1268 3498 τδ
1290 3444 1347 3497 δὲ
1380 3443 1625 3508 ἀπειθεῖς
1647 3441 1786 3497 εἶναι

198 3535 398 3597 κακὸν,
425 3536 693 3595 ὡσαύτως
720 3536 777 3588 δὲ
803 3539 898 3589 καὶ
923 3536 1050 3599 τοὺς
1082 3536 1303 3598 δούλους
1341 3535 1642 3588 ὑπακούειν
1675 3537 1788 3599 τοῖς

199 3629 348 3680 κατά
367 3630 550 3698 σάρκα
570 3629 784 3699 κυρίοις
810 3629 1205 3698 νομοθετήσας,
1227 3630 1319 3680 καὶ
1349 3629 1432 3680 ὅτι
1453 3629 1502 3680 οἱ
1529 3629 1789 3691 ἀναιτίως

202 3720 311 3772 ὑπὸ
344 3720 454 3772 τῶν
477 3721 664 3773 κακῶν
687 3721 892 3791 κυρίων
937 3719 1236 3790 πάσχοντες
1270 3720 1364 3772 καὶ
1399 3719 1786 3790 ὑπομένοντες,

199 3807 350 3865 οὗτοι
395 3812 632 3882 μάλιστα
673 3813 736 3865 τὸ
769 3812 1054 3882 εὐδόκιμον
1123 3811 1516 3882 ἀποφέρονται,
1561 3813 1658 3864 καὶ
1701 3811 1790 3866 διά

207 3902 435 3964 τούτων,
470 3904 672 3973 τρόπον
700 3904 846 3966 τινὰ,
887 3901 1230 3972 σωφρονίσας
1262 3902 1355 3954 καὶ
1383 3901 1506 3963 τοὺς
1524 3900 1788 3965 δεσπότας

205 3993 300 4045 διὰ
333 3995 432 4062 τῆς
461 3993 714 4064 διαὸολῆς
742 3994 853 4047 τῶν
884 3994 1070 4046 κακῶν
1105 3992 1400 4055 δεσποτῶν,
1434 3993 1645 4062 μέτεισι
1675 3992 1790 4044 λοι-

202 4085 312 4137 πὸν
343 4090 435 4136 καὶ
461 4087 556 4138 ἐπὶ
582 4086 683 4155 τὴν
709 4088 1120 4154 γυναικωνῖτιν,
1157 4085 1250 4138 καί
1293 4101 1448 4154 φησι,
1479 4083 1578 4146 τὰς
1605 4084 1793 4150 γυναῖ-

207 4193 316 4238 κας
342 4176 438 4230 δύο
464 4177 640 4230 ταῦτα
694 4178 1037 4242 σπουδάζειν,
1063 4177 1466 4231 ὑποτάσσεσθαι
1500 4177 1614 4238 τοῖς
1641 4174 1792 4237 ἰδίοις

204 4269 465 4339 ἀνδράσι,
495 4272 592 4323 καὶ
623 4271 832 4341 κόσμου
873 4271 1073 4333 παντὸς
1101 4272 1194 4323 καὶ
1215 4266 1608 4337 καλλωπισμοῦ
1633 4267 1791 4320 ἀλλοε-

204 4361 375 4431 τρίας
439 4361 768 4430 ἀποφαίνειν
819 4363 1058 4426 ἐαυτάς,
1115 4360 1460 4432 μιμουμένας
1498 4361 1596 4421 τὰς
1627 4358 1791 4424 ἁγίας

1887 3177 2280 3229 correctionem
2311 3189 2374 3226 ac
2391 3171 2677 3225 utilitatem
2696 3170 3089 3239 subjectorum.
3115 3169 3308 3236 partim
3333 3183 3464 3222 vero

1888 3277 2109 3337 propter
2147 3266 2399 3320 timorem
2451 3262 2518 3315 ad
2551 3262 2813 3316 ultionem
2841 3271 2896 3315 et
2923 3261 3331 3330 correptioncm
3356 3259 3458 3313 dc-

1889 3352 2248 3428 linquentium
2275 3373 2288 3408 :
2327 3355 2524 3426 partim
2555 3367 2774 3423 quoque
2813 3353 2878 3407 ad
2902 3352 3238 3422 puniendum
3268 3350 3462 3405 condi-

1889 3466 1992 3519 gna
2024 3464 2188 3518 pmna
2224 3447 2593 3500 laseivientes.
2645 3444 2756 3498 Hoc
2789 3444 2951 3514 igitur
2993 3452 3215 3497 ostenso
3241 3451 3292 3499 et
3319 3441 3467 3512 quod

1889 3540 2094 3594 bonum
2134 3540 2204 3592 sit
2247 3536 2460 3604 subjici,
2498 3535 2702 3589 malum
2733 3549 2860 3586 vero
2901 3531 3278 3587 inobedientes
3311 3547 3460 3595 esse,

1893 3631 1982 3684 ubi
2022 3644 2238 3700 quoque
2273 3629 2384 3699 pari
2415 3628 2576 3680 modo
2599 3627 2879 3680 statuisset
2925 3632 2984 3678 ut
3029 3623 3175 3678 servi
3219 3623 3468 3677 dominis

1889 3721 2043 3791 jux:a
2064 3735 2284 3773 carnem
2316 3719 2719 3785 obtemperent,
2747 3713 2964 3783 etquod
2992 3713 3027 3766 ii
3051 3713 3276 3782 quisine
3300 3726 3466 3766 causa

1892 3826 1923 3864 a
1963 3809 2119 3861 malis
2163 3806 2402 3861 dominis
2435 3804 2747 3874 afﬂiguntur
2779 3817 2842 3856 ac
2871 3801 3124 3867 tolerant,
3175 3802 3466 3855 maximam

1893 3898 2108 3952 laudem
2137 3895 2379 3967 referant
2419 3911 2432 3946 :
2465 3892 2555 3946 ubi
2596 3890 2680 3944 his
2725 3889 3124 3958 quodammodo
3163 3889 3230 3942 ad
3276 3889 3469 3942 mode-

1894 3990 2053 4044 stiam
2071 3988 2322 4043 dominos
2349 3998 2564 4054 quoque
2613 3989 2943 4043 revocasset,
2996 3997 3093 4051 per
3138 3980 3468 4036 calumniam

1895 4082 2162 4137 malorum
2223 4079 2568 4133 dominorum
2605 4091 2618 4128 :
2654 4072 2848 4126 transit
2886 4071 3145 4140 deinceps
3193 4073 3357 4126 etiam
3401 4071 3467 4124 ad

1895 4183 2097 4229 emtum
2123 4170 2432 4233 mulierum,
2464 4157 2611 4222 etait
2642 4185 2654 4221 :
2690 4167 2816 4220 Haec
2845 4166 2954 4220 duo
2981 4173 3176 4218 curent
3207 4163 3468 4217 mulieres

1896 4266 2012 4320 sive
2041 4277 2261 4326 uxores,
2307 4259 2501 4329 subjici
2531 4258 2764 4329 propriis
2815 4257 2966 4321 viris,
3005 4265 3061 4310 et
3089 4256 3158 4310 ab
3189 4255 3338 4308 omni
3387 4269 3473 4308 or-

1895 4365 2023 4410 natu
2054 4364 2108 4408 et
2143 4353 2293 4408 cultu
2340 4350 2546 4418 seipsas
2592 4347 2880 4403 ostendere
2922 4346 3145 4408 alienas,
3195 4345 3473 4399 imitantes

206 4452 498 4517 γυναῖκας.
535 4451 690 4504 Ἐπεὶ
748 4453 842 4506 καὶ
887 4447 1069 4515 αὗται,
1124 4451 1294 4520 φησι,
1365 4450 1568 4518 κόσμον
1605 4449 1783 4501 τοῦτοε1

1902 4454 2120 4502 sanctas
2159 4443 2436 4505 mulieres,
2497 4439 2759 4510 quoniam
2796 4447 2853 4492 et
2882 4437 3007 4500 illae,
3039 4437 3235 4506 inquit.
3295 4435 3473 4490 solum

208 4541 435 4612 ⁴ᾔδεισαν
488 4544 674 4613 μόνον,
716 4542 778 4596 τὸ
812 4543 948 4614 πρὸς
973 4544 1096 4605 τοὺς
1127 4541 1338 4595 ἑαυτῶν
1367 4542 1568 4610 ἄνδρας
1595 4540 1790 4610 πειθή-

213 4649 350 4688 νιον.
382 4635 494 4688 Καὶ
536 4635 672 4688 τίτδ
704 4635 814 4688 ἀπὸ
852 4635 1062 4708 τούτων
1097 4635 1288 4705 κέρδος
1310 4651 1326 4700 ;
1352 4637 1379 4686 ὁ
1413 4634 1519 4686 ἀπὸ
1545 4633 1654 4686 τῶν
1689 4633 1792 4698 ἔξω

212 4726 314 4794 τῆς
343 4725 580 4787 πίστεως
609 4726 814 4794 ἀγαθὸς
847 4726 1028 4797 ζῆλος,
1059 4727 1119 4789 ὃς
1162 4727 1257 4779 καὶ
1286 4725 1394 4778 ἀπὸ
1422 4726 1519 4794 τῆς
1546 4723 1656 4778 τῶν
1695 4725 1796 4794 ἁρ-

211 4818 425 4889 χόντων
452 4819 585 4889 παρ’
655 4820 814 4890 ἡμῶν
866 4818 1150 4888 ὑποταγῆς
1203 4819 1582 4881 ἀποτίκτεται,
1617 4817 1712 4870 καὶ
1763 4819 1796 4888 ὴ

212 4912 357 4982 πρὸς
385 4912 518 4964 Θεὸν
573 4911 664 4966 ὑπ’
723 4913 905 4966 αὐτῶν
937 4911 1005 4965 δι’
1037 4912 1188 4983 ἡμᾶς
1233 4909 1576 4981 εὐχαριστία.
1609 4911 1673 4962 Ὃ
1701 4910 1798 4963 καὶ

216 5007 366 5075 μέγα
389 5005 654 5075 καύχημα
699 5005 1052 5076 χριστιανῶν,
1098 5003 1159 5056 οὑ
1212 5001 1702 5073 βλασφημουμένου
1727 5001 1795 5054 δι’

214 5101 390 5168 ἡμᾶς,
421 5099 538 5151 ἀλλ’
597 5098 992 5166 εὑλογουμένου
1052 5096 1146 5150 τοῦ
1184 5096 1448 5165 ὀνόματος
1497 5094 1593 5146 τοῦ
1637 5093 1794 5146 Θεοῦ.

217 5191 406 5243 Εἰπὼν
441 5191 496 5242 δὲ
530 5190 798 5260 ἀορίστως
829 5193 925 5252 τὰς
957 5188 1119 5257 ἁγίας
1152 5189 1441 5256 γυναῖκας,
1479 5184 1674 5250 ἐπάγει
1701 5184 1796 5236 καὶ

215 5283 545 5354 ὡρισμένως
592 5283 693 5352 τὴν
742 5284 980 5353 Σάρραν,
1029 5281 1124 5335 καὶ
1167 5275 1716 5351 προσκλητικώτερόν
1746 5292 1800 5328 τι

216 5375 413 5440 ποιῶν,
468 5376 563 5428 καὶ
611 5374 917 5444 θυγατέρας
941 5374 1109 5436 αὑτάς
1145 5389 1277 5443 φησι
1299 5370 1503 5440 ταύτης
1536 5368 1634 5437 τῆς
1661 5367 1801 5441 Σάρ-

219 5469 350 5537 ρας,
377 5467 499 5537 ἢτοι
537 5467 683 5520 κατά
742 5467 840 5538 τὴν
887 5464 1158 5535 πίστιν,ἢ
1203 5464 1298 5517 καὶ
1344 5463 1487 5516 κατὰ
1533 5461 1593 5513 τὸ
1621 5459 1798 5527 γένος.

231 5558 474 5630 ’Δνὰγκη
505 5560 618 5630 γὰρ
653 5559 756 5624 τὰς
791 5558 1094 5631 θυγατέρας
1138 5557 1422 5630 μιμεῖσθαι
1454 5554 1552 5619 τὰς
1591 5553 1801 5610 ἑαυτῶν

289 5755 356 5825 ⁵⁸,
372 5754 502 5810 Luc.
538 5771 610 5820 tv,
648 5754 701 5808 6.

1899 4539 2048 4593 hunc
2083 4536 2287 4590 cultum
2345 4541 2632 4596 noverant,
2692 4547 2891 4600 nempe
2944 4530 3307 4584 obedientiam
3343 4543 3470 4598 erga

1901 4647 2032 4687 suos
2070 4631 2236 4683 viros.
2273 4626 2337 4680 Et
2365 4626 2508 4695 quod
2543 4627 2753 4678 lucrum
2793 4633 3054 4692 sequetur
3075 4638 3139 4676 ex
3165 4620 3294 4675 his?
3323 4619 3472 4674 Bona

1900 4723 2177 4780 aemulatio
2204 4734 2393 4774 eorum
2425 4721 2516 4787 qui
2552 4718 2714 4772 alieni
2767 4725 2896 4770 sunt
2931 4732 2958 4768 a
2997 4715 3120 4778 ﬁde,
3147 4731 3268 4783 qua:
3307 4712 3474 4766 etiam

1903 4833 1967 4870 ex
2005 4814 2178 4869 nostri
2224 4811 2565 4880 subiectione
2595 4824 2721 4878 erga
2758 4807 3031 4877 principes
3071 4813 3382 4875 generatur,
3419 4813 3477 4857 et

1908 4908 2001 4962 Dei
2046 4903 2285 4958 laudatio
2315 4909 2538 4970 propter
2593 4914 2690 4952 nos
2727 4898 2794 4951 ab
2824 4897 2958 4966 ipsis
3001 4895 3242 4964 profecta
3279 4911 3293 4947 ι
3327 4891 3476 4962 quod

1907 4999 2070 5053 etiam
2109 4997 2163 5048 in
2207 5007 2457 5060 magnam
2513 4989 2659 5044 cedit
2720 4987 2935 5041 laudem
3012 4983 3475 5046 Christianorum,

1905 5101 2104 5156 nempe
2134 5084 2279 5154 quod
2323 5092 2548 5152 propter
2571 5096 2672 5134 nos
2701 5095 2808 5132 non
2842 5077 2986 5132 male
3016 5076 3221 5136 audiat,
3251 5075 3345 5129 sed
3376 5075 3477 5128 bc-

1907 5180 2190 5236 nedicatur
2225 5191 2422 5230 nomen
2473 5173 2590 5228 Dei.
2651 5171 2754 5226 Ubi
2790 5179 2972 5224 autem
3022 5167 3303 5223 indefinite
3341 5167 3480 5222 dixit

1903 5281 2123 5326 sanctas
2153 5267 2432 5331 mulieres,
2481 5265 2757 5336 subjungit
2792 5263 2956 5317 etiam
2989 5260 3212 5317 deﬁnite
3235 5260 3422 5315 Saram
3455 5274 3476 5313 :

1902 5372 1960 5418 et
2002 5359 2373 5416 exhortatoria
2424 5359 2660 5428 quodam
2715 5357 2876 5411 modo
2943 5353 3270 5426 procedens,
3317 5359 3482 5407 vocat

1904 5456 2052 5527 ipsas
2079 5453 2216 5507 ﬁlias
2238 5452 2402 5522 hujus
2431 5451 2600 5518 Sane,
2622 5450 2736 5506 sive
2771 5451 2924 5520 juxta
2947 5448 3132 5512 ﬁdem,
3164 5447 3277 5500 sive
3308 5443 3475 5498 etiam

1902 5549 2056 5620 juxta
2083 5560 2273 5620 genus.
2325 5544 2558 5602 Necesse
2590 5545 2736 5602 enim
2782 5552 2868 5601 est
2917 5540 3054 5596 ﬁlias
3099 5536 3297 5594 imitari
3348 5549 3479 5592 suas
