3986 6558
553 287 654 350 551

1607 286 2008 351 (ECUMENII
2038 282 2332 345 TRICCE
2366 283 2713 344 EPISCOPI

3710 280 3824 343 552

553 396 626 455 ita
651 399 813 454 vitam
852 397 1196 469 peregeritis,
1242 397 1412 452 Deum
1447 397 1721 452 habebitis
1746 396 2040 465 benignum
2074 409 2136 446 ac

2243 393 2467 464 Κυρίου.
2495 392 2641 463 Πλὴν
2669 389 2857 458 ἐπειδὴ
2895 390 3036 442 τισὶν
3066 389 3118 442 αί
3144 389 3492 460 περιστάσεις
3509 388 3563 442 at!
3602 387 3693 441 διὰ
3721 390 3828 458 τὴν

551 492 970 560 obsequentem.
1010 489 1130 556 Quo
1167 489 1332 555 facto,
1379 492 1520 558 quis,
1553 488 1646 544 illo
1678 504 1708 542 a
1735 489 1891 541 vobis
1926 496 2128 549 stante,

553 583 754 638 infeste
789 581 964 636 irruet
1025 583 1080 635 in
1134 581 1274 636 vos?
1319 581 1601 650 Siquidem
1649 579 1833 634 omnia
1889 587 2020 633 sunt
2076 579 2130 630 in

553 689 722 728 manu
756 673 908 743 ejus;
939 687 1086 726 mors
1124 670 1268 726 enim
1300 681 1356 724 et
1377 671 1484 725 vita
1522 670 1573 723 in
1611 685 1777 723 manu
1811 667 2024 721 Domini
2061 667 2128 720 ⁵ο.

555 764 814 817 Attamen
850 761 1109 831 quoniam
1139 760 1464 814 alﬂictiones
1513 758 1671 813 illata:
1701 770 1922 828 propter
1970 757 2131 810 [idem

556 856 888 910 videbantur
920 855 1247 924 quibusdam
1280 854 1442 919 mala,
1478 853 1591 906 haec
1617 853 1898 922 corrigens
1937 851 2131 906 beatus

554 947 770 1013 Petrus,
796 948 911 1001 ait:
973 947 1050 1001 Ne
1102 947 1216 1002 haac
1266 947 1404 1000 mala
1451 944 1796 1009 existimetis,
1831 944 1924 998 sed
1969 944 2130 1014 digna

552 1043 735 1112 potius
751 1040 1177 1095 beatiﬁcatione.
1213 1041 1401 1094 Timor
1442 1053 1680 1106 namque
1712 1036 2035 1105 impendens
2064 1035 2132 1090 ab

556 1133 872 1186 hominibus
934 1131 1072 1186 nihil
1135 1132 1422 1186 ducendus
1477 1139 1584 1191 est.
1648 1129 1742 1184 sed
1809 1130 2134 1184 brevissimo

555 1231 802 1290 tempore
834 1222 1016 1285 durat,
1046 1230 1232 1290 utpote
1257 1221 1328 1274 ab
1355 1219 1442 1274 bis
1471 1220 1651 1273 illatus
1695 1218 1788 1289 qui
1836 1219 1938 1290 ipsi
1981 1221 2132 1273 velo-

552 1306 775 1360 cissime
798 1316 1108 1362 transeunt.
1141 1307 1276 1361 Nam
1307 1309 1352 1362 si
1377 1309 1520 1362 oculi
1560 1308 1772 1362 Domini
1822 1323 1989 1379 super
2039 1309 2132 1378 ju-

551 1409 667 1453 stos
684 1408 738 1452 et
757 1415 920 1454 aures
936 1400 1052 1470 ejus
1073 1400 1140 1454 ad
1160 1399 1598 1469 deprecationem
1619 1401 1860 1465 illorum,
1876 1410 2134 1470 aspectus

552 1501 737 1545 autem
777 1491 949 1560 ipsius
977 1507 1144 1562 super
1169 1506 1264 1545 eos
1297 1493 1389 1562 qui
1418 1491 1625 1546 faciunt.
1647 1492 1807 1558 mala,
1868 1492 2132 1562 perditio-

553 1599 681 1637 nem
702 1585 1092 1638 comminando
1120 1583 1314 1637 malis:
1339 1584 1526 1653 utique
1549 1585 1594 1640 si
1625 1586 1740 1639 haec
1770 1585 1910 1638 mala
1927 1597 2131 1652 essent,

559 1676 724 1746 509
743 1686 892 1730 certe
915 1677 1264 1746 dispensator
1318 1677 1590 1731 bonorum
1641 1692 1984 1746 nequaquam
2038 1693 2135 1731 vos

2240 483 2444 548 πίστιν,
2471 484 2618 536 κακά
2668 481 2907 544 ἐδόκουν,
2958 478 3427 550 ἐπανορθούμενος
3460 479 3633 532 ταῦτα
3662 481 3691 532 6
3712 498 3826 550 μα·-

2240 577 2428 644 κάριος
2457 575 2660 644 Πέτρος
2689 573 2873 643 φησὶν,
2903 573 3008 635 ὃτι,
3031 573 3122 640 Μὴ
3144 571 3422 641 λογίζεσθε
3450 571 3622 624 ταῦτα
3649 572 3821 634 κακὰ,

2239 667 2288 718 εί
2327 666 2400 737 μὴ
2427 663 2781 736 μακαρισμοῦ
2809 663 2953 728 ἀξια.
3001 663 3059 715 '0
3089 663 3199 732 γὰρ
3228 663 3285 728 ἐξ
3309 661 3612 730 ἀνθρώπιον
3644 664 3791 733 ἐπαρ
3820 701 3824 704 .

2238 758 2480 828 τώμενος
2525 757 2688 825 φόϐος
2718 755 2930 818 οὐδενὸς
2970 755 3130 824 λόγου
3170 755 3339 820 ἄξιος,
3381 754 3496 807 ἀλλ’
3541 755 3823 825 ἐφήμερος

2239 849 2300 914 ἐξ
2324 849 2641 919 ἐφημέρων.
2672 850 2733 900 Et
2763 848 2872 918 γάρ
2898 846 3166 916 ὀφθαλμοὶ
3191 847 3396 916 Κυρίου
3426 847 3521 899 ἐπὶ
3550 846 3821 910 δικαίους,

2240 944 2334 994 καὶ
2360 935 2473 994 ὦτα
2507 938 2676 993 αὐτοῦ
2699 940 2776 1001 είς
2795 939 2979 1008 δέησιν
3007 939 3206 1003 αὐτῶν,
3247 940 3340 990 ὲπί
3359 938 3416 992 δέ
3439 940 3564 1002 τοὺς
3601 939 3825 992 ποιοῦν-

2241 1051 2338 1096 τας
2367 1033 2514 1086 κακά
2545 1030 2606 1084 τὸ
2641 1029 2934 1100 πρόσωπον
2964 1029 3156 1092 αὐτοῦ,
3191 1030 3468 1083 ἀπώλειαν
3490 1031 3824 1084 ἐπαπειλοῦν

2239 1129 2352 1188 τοῖς
2397 1122 2610 1187 κακοῖς,
2663 1122 2880 1185 πάντως
2896 1123 2960 1175 ἐί
3005 1121 3152 1175 κακὰ
3193 1120 3380 1187 ταῦτα,
3414 1122 3515 1176 οὐκ
3557 1121 3673 1175 am
3711 1123 3822 1174 τῶν

2241 1216 2461 1283 ἀγαθῶν
2488 1214 2690 1283 ταμίας
2724 1213 2868 1282 ὑμᾶς
2897 1214 3024 1276 τοὺς
3081 1213 3480 1284 ἀγαπωμένους
3512 1215 3687 1285 αὐτῷ,
3717 1231 3824 1268 κα-

2242 1309 2355 1370 κοῖς
2388 1304 2770 1375 ἀντημείϐετο.
2797 1303 2881 1358 Τά
2907 1305 3020 1374 γὰρ
3073 1305 3220 1358 κακά
3257 1307 3368 1369 τοῖς
3399 1308 3592 1369 κακοῖς
3643 1322 3820 1360 κατα-

2243 1401 2472 1470 πέμπει.
2509 1400 2672 1452 Ὧστε
2702 1399 2764 1452 οὐ
2799 1398 2971 1452 κακαὶ
3001 1399 3057 1451 αἱ
3102 1397 3189 1452 διὰ
3221 1398 3321 1463 τὴν
3367 1399 3650 1452 εὐσέϐειαν
3709 1399 3821 1452 θλί-

2241 1491 2383 1560 ψεις.
2424 1489 2702 1558 ’Δγιάζειν
2731 1489 2788 1543 δὲ
2820 1490 2909 1542 τὸν
2933 1489 3137 1557 Κύριον
3171 1493 3229 1542 ἐν
3249 1491 3368 1550 ταῖς
3391 1491 3644 1561 καρδίαις
3679 1495 3823 1562 μετά

2253 1578 2474 1634 Ἦσαίου
2497 1579 2902 1633 διακελεύεται·
2933 1581 3202 1645 τουτέστι,
3227 1580 3320 1650 Μὴ
3337 1583 3448 1644 τοῖς
3475 1584 3822 1652 φαινομένοις

2247 1669 2698 1740 μεγαλαυχεῖσθε,
2762 1670 2877 1722 ἀλλ’
2935 1671 2994 1723 ἐν
3051 1669 3130 1741 τῷ
3175 1669 3404 1741 κρυπτῷ
3450 1675 3547 1740 τῆς
3593 1673 3820 1744 καρδίας

557 1769 659 1823 sibi
683 1769 913 1823 dilectos
932 1769 1088 1822 malis
1117 1769 1389 1824 alliceret:
1423 1769 1564 1823 mala
1595 1785 1832 1838 namque
1861 1769 1930 1824 ad
1962 1769 2132 1824 malos

2242 1762 2393 1834 ὑμῶν
2422 1763 2632 1832 ταμείῳ
2681 1763 2772 1814 τὸν
2819 1759 3089 1832 ἀγιασμδν
3135 1762 3533 1833 ἐνεργήσαντες
3563 1763 3660 1814 τοῦ
3711 1765 3823 1815 Κυ-

558 1860 806 1912 remittit.
844 1858 965 1911 Non
995 1868 1125 1913 sunt
1147 1859 1328 1930 itaque
1374 1859 1535 1924 mala,
1565 1859 1886 1914 alllictiones
1914 1869 2136 1928 propter

557 1949 816 2019 pietatem
833 1948 1016 2002 illataz.
1049 1949 1218 2004 Porro
1235 1950 1576 2004 sanctiﬁcare
1606 1950 1775 2003 Deum
1799 1949 1852 2002 in
1875 1949 2134 2004 cordibus

557 2058 683 2096 cum
742 2041 879 2095 Isaia
944 2042 1306 2112 praecipit":
1340 2043 1445 2097 hoc
1503 2051 1608 2105 est,
1647 2041 1726 2096 Ne
1771 2043 1844 2096 ob
1890 2056 1954 2095 ea
2015 2057 2137 2111 qua:

557 2133 1182 2204 apparentgloriemini,
1234 2135 1330 2188 sed
1353 2135 1408 2187 in
1461 2132 1676 2188 occulto
1736 2133 1918 2188 cordis
1969 2132 2135 2188 vestri

559 2225 958 2294 promptuario,
1012 2225 1227 2279 Domini
1278 2223 1766 2279 sanctiﬁcationem
1810 2233 2134 2294 operantcs,

557 2329 682 2384 qute
712 2315 767 2368 in
803 2316 1148 2384 separatione
1180 2315 1419 2385 gentium
1451 2331 1480 2368 a
1503 2314 1836 2368 fmditatibus
1867 2314 1982 2369 sive
2012 2331 2138 2384 pra-

559 2409 644 2461 vis
672 2407 921 2461 moribus
941 2406 1212 2469 consistit,
1240 2407 1312 2460 ita
1337 2407 1512 2476 ipsum
1539 2404 1896 2460 sanctiﬁcate.
1927 2405 2141 2460 Sancti-

560 2497 738 2552 ﬁcatis
783 2508 986 2559 autem,
1041 2499 1168 2551 dum
1196 2497 1285 2551 alii
1333 2498 1581 2552 [nomines
1633 2512 1697 2551 ex
1749 2497 1888 2551 bona
1960 2507 2140 2551 vestra

561 2590 985 2646 conversatione
1025 2590 1202 2659 ipsum
1229 2589 1557 2660 gloriﬁcant,
1600 2590 2055 2659 quemadmodum
2087 2599 2142 2644 et

565 2681 685 2752 ipse
720 2683 862 2735 Deus
885 2696 949 2737 ac
973 2681 1134 2737 homo
1156 2682 1421 2754 pracipit,
1478 2683 1606 2738 dum
1636 2683 1751 2738 ait:
1791 2701 1808 2732 ι
1845 2683 1934 2740 Sic
1958 2683 2141 2740 luceat

565 2771 658 2826 lux
696 2781 872 2826 vestra
908 2789 1090 2828 coram
1123 2774 1441 2829 hominibus
1469 2776 1538 2842 ⁸¹,
1575 2794 1592 2827 ι
1625 2785 1732 2829 etc.
1761 2775 1913 2843 Quod
1958 2785 2141 2830 autem

564 2863 772 2918 dicitur
827 2863 1026 2929 Parati,
1088 2865 1358 2935 superiori
1438 2866 1719 2936 particula:
1770 2865 2140 2936 conjungitur,

565 2961 696 3024 puta
721 2951 926 3008 Omnes
954 2953 1072 3009 sitis
1103 2956 1412 3010 unanimes.
1459 2954 1698 3010 Verbum
1749 2955 1894 3009 enim
1930 2955 2080 3020 Sitis,
2113 2970 2145 3008 a

561 3046 839 3100 communi
899 3047 1342 3101 subintellectum
1391 3048 1553 3101 etiatn
1589 3046 1716 3101 huic
1761 3047 2038 3111 tribuitur,
2088 3056 2146 3102 ut

2238 1855 2377 1924 ρίου,
2409 1854 2468 1916 ὃς
2501 1855 2560 1906 ἐν
2590 1851 2668 1918 τῷ
2693 1851 2800 1904 ἀπὸ
2825 1851 2935 1904 τῶν
2981 1852 3326 1923 μιασμάτων,
3362 1854 3478 1924 ἤτοι
3500 1852 3610 1906 τῶν
3649 1871 3821 1924 πονη-

2241 1947 2348 2016 ρῶν
2379 1946 2518 1998 ἐθῶν
2549 1943 2842 2017 ἀφορισμῷ
2892 1944 3000 1996 τῶν
3029 1943 3198 1997 ἐθνῶν
3249 1945 3606 2015 περιγίνεται,
3647 1946 3822 2009 οὕτως

2237 2036 2401 2089 αὐτὸν
2435 2036 2714 2104 ἀγιάζετε.
2758 2034 3040 2104 ’Δγιάζετε
3078 2035 3136 2088 δὲ
3185 2035 3291 2093 ἀπὸ
3321 2037 3418 2106 τῆς
3452 2037 3626 2106 καλῆς
3663 2038 3821 2106 ὑμῶν

2236 2126 2609 2197 ἀναστροφῆς,
2636 2125 2965 2192 δοξαζόντων
2985 2125 3146 2180 αὐτὸν
3172 2126 3279 2178 τῶν
3300 2127 3473 2182 ἀλλων
3491 2128 3587 2180 ἀν’)
3595 2128 3822 2198 ρώπων,

2238 2217 2313 2281 ώς
2348 2219 2440 2270 καὶ
2472 2217 2633 2281 αὐτὸς
2665 2217 2695 2268 ὁ
2731 2215 3078 2287 Θεάνθρωπος
3133 2219 3504 2288 παραγγέλλει
3558 2220 3648 2273 διὰ
3700 2220 3816 2273 τοῦ*

2246 2327 2265 2360 ι
2305 2309 2462 2362 Οῦτω
2486 2309 2759 2380 λαμψάτω
2790 2310 2850 2363 τὸ
2883 2311 2998 2378 φῶς
3035 2310 3189 2379 ὑμῶν
3239 2311 3548 2384 ἔμπροσθεν
3588 2313 3701 2366 τῶν
3724 2315 3818 2366 ἀν-

2241 2399 2495 2471 θρώπων.
2524 2419 2541 2450 ι
2578 2401 2651 2454 Τὸ
2678 2401 2756 2465 δὲ,
2785 2401 3055 2471 Ἐτοιμοι,
3085 2401 3222 2472 πρὸς
3264 2403 3323 2454 τδ
3367 2403 3629 2472 ἀνωτέρω
3658 2419 3820 2456 συνυ-

2242 2491 2540 2547 πακούεται
2567 2492 2647 2557 τὸ,
2692 2493 2898 2556 Πάντες
2929 2495 3230 2564 ὁμόφρονες
3252 2495 3460 2550 ἔσεσθε.
3494 2495 3671 2548 Τοῦτο
3714 2495 3822 2568 γὰρ

2241 2585 2324 2648 τὸ,
2364 2585 2618 2650 Ἔσεσθε,
2651 2585 2792 2640 κατὰ
2819 2586 3000 2640 κοινοῦ
3037 2587 3132 2640 καὶ
3165 2589 3339 2659 τούτῳ
3373 2589 3708 2655 ἀποδίδοται,
3734 2590 3821 2643 ἵνα

2241 2671 2297 2751 ᾖ,
2335 2675 2563 2730 Ἐσεστθε
2588 2677 2676 2731 ἀεὶ
2707 2675 2934 2747 ἕτοιμοι.
2957 2677 3216 2732 Βούλεται
3259 2679 3315 2732 δὲ
3350 2681 3822 2749 παρακελεύεσθαι

2243 2769 2331 2820 ἀεὶ
2351 2767 2440 2821 τὸν
2465 2767 2652 2821 πιστὸν
2673 2770 2959 2838 ἄνθρωπον
2983 2769 3112 2840 περὶ
3133 2769 3223 2823 τὸν
3251 2768 3349 2840 τῆς
3384 2770 3617 2834 πίστεως
3639 2770 3820 2840 λόγον,

2243 2854 2319 2918 ὡς
2346 2859 2403 2909 ἐν
2448 2858 2611 2910 παντὶ
2660 2857 2838 2930 καιρῷ
2889 2859 3326 2928 ἀπαιτουμένους
3369 2863 3514 2930 ἡμᾶς
3563 2863 3660 2915 τὸν
3694 2880 3824 2935 περι

2245 2949 2416 3018 αὐτῆς
2453 2947 2632 3017 λόγον,
2668 2949 2911 3018 εὐχερῶς
2951 2950 3365 3021 ἀποκρίνεσθαι.
3424 2952 3823 3024 Ἀποκρινομέ-

2247 3055 2370 3099 νους
2400 3039 2456 3092 δὲ
2490 3042 2629 3110 μετά
2651 3041 2966 3112 πραΰτητος
3007 3041 3166 3094 τοῦτο
3197 3045 3390 3110 ποιεῖν,
3414 3042 3487 3107 ὡς
3519 3045 3616 3096 καὶ¹
3655 3045 3823 3098 αὐτοῦ

563 3139 851 3194 sitsensus
877 3155 891 3192 :
918 3137 1050 3194 Sitis
1072 3154 1290 3210 semper
1321 3139 1519 3210 parati.
1557 3139 1678 3194 Vult
1713 3149 1894 3194 autem
1949 3140 2139 3210 pra:ci«

2243 3129 2336 3183 τοῦ
2366 3131 2502 3184 Θεοῦ
2558 3132 2826 3203 παρόντος
2859 3148 2874 3165 ο
2905 3132 3080 3196 οὐδεὶς
3139 3133 3196 3187 δὲ
3248 3135 3340 3188 τοῦ
3413 3136 3605 3204 κυρίου
3653 3135 3820 3189 αὐτοῦ

567 3246 722 3299 pere,
746 3240 805 3286 ut
841 3231 1017 3286 ﬁdelis
1048 3231 1210 3286 homo
1241 3247 1457 3300 semper
1483 3243 1704 3302 paratus
1726 3233 1799 3286 sit
1835 3232 1983 3286 circa
2025 3247 2142 3287 ser-

563 3331 785 3372 monem
826 3317 972 3380 ﬁdei,
1002 3329 1059 3373 ut
1086 3334 1414 3388 quocunque
1440 3327 1682 3388 tempore
1709 3319 1943 3388 expetita
1976 3318 2143 3375 fuerit

562 3423 595 3462 a
620 3408 782 3462 nobis
803 3409 940 3463 ratio
960 3409 1102 3463 circa
1133 3409 1326 3478 ipsam,
1353 3408 1507 3463 facile
1532 3409 1993 3478 respondeamus;
2024 3426 2143 3481 por-

565 3516 650 3558 ro.
685 3501 1091 3569 respondentes
1127 3516 1250 3554 cum
1275 3501 1696 3555 mansuetudine
1725 3503 1826 3555 hoc
1849 3501 2135 3568 faciamus,

562 3599 823 3660 tanquam
843 3590 962 3659 ipso
993 3604 1208 3660 quoque
1238 3591 1348 3645 Deo
1375 3601 1644 3660 praesente
1678 3607 1692 3644 :
1742 3590 1922 3644 nullus
1956 3602 2140 3646 autem

565 3681 708 3751 frugi
739 3696 930 3736 servus
951 3696 1053 3735 suo
1073 3692 1341 3750 praesente
1389 3682 1614 3736 domino
1663 3693 1808 3738 esset
1855 3699 2136 3754 arrogans.

563 3771 858 3844 Subjuugit
881 3788 1101 3842 quoque
1131 3774 1341 3828 lucrum
1389 3775 1536 3844 quod
1585 3773 1716 3828 hinc
1764 3774 2139 3844 subsequitur,

564 3866 1075 3936 nempeinlidelium
1103 3866 1534 3938 explorationem
1551 3881 1614 3922 ac
1643 3866 1814 3922 animi
1837 3867 2144 3939 benignita-

564 3967 674 4012 tem
705 3973 831 4029 erga
860 3974 980 4014 nos.
1015 3957 1570 4014 Animadvertendum
1601 3969 1812 4024 autem,
1847 3975 1956 4014 non
2020 3974 2143 4016 esse

564 4049 681 4104 haec
726 4051 998 4106 contraria
1025 4051 1108 4106 his
1137 4068 1258 4121 qua:
1289 4066 1317 4105 a
1375 4050 1605 4106 Domino
1631 4051 1775 4108 dicta
1805 4062 1954 4120 sunt,
2010 4053 2140 4108 dum

565 4142 657 4198 ille
682 4142 1090 4214 quidemjubet,
1114 4158 1184 4198 ne
1209 4143 1422 4200 solliciti
1455 4143 1628 4199 simus
1649 4145 1780 4215 quid
1808 4147 2142 4215 respondea-

563 4252 686 4291 mus
715 4238 782 4303 ⁸³,
835 4253 960 4292 cum
988 4246 1114 4291 ante
1163 4237 1422 4306 praesides
1447 4252 1510 4292 ac
1537 4247 1834 4308 pmestates
1870 4238 2140 4308 produce.

563 4343 706 4383 mur.
735 4327 928 4383 Petrus
969 4343 1097 4381 vero
1128 4328 1195 4382 ad
1225 4330 1327 4384 hoc
1375 4345 1524 4383 nunc
1562 4331 1852 4399 praeparari
1875 4331 2140 4401 praecipit.

564 4418 847 4489 Siquidem
895 4419 1110 4473 Domini
1172 4421 1335 4474 verba
1391 4421 1458 4474 de
1491 4422 1746 4492 martyrio
1795 4423 1939 4477 dicta
1986 4433 2136 4490 sunt,

559 4525 686 4564 cum
708 4510 870 4564 etiam
901 4509 1132 4563 dandam
1162 4509 1238 4562 ait
1270 4509 1526 4564 virtutem
1577 4526 1640 4566 ac
1666 4526 1974 4568 sermonem
2004 4517 2139 4570 vali-
2169 4484 2218 4544 D

563 4602 772 4656 diorem
803 4601 998 4670 quavis
1044 4601 1281 4654 humana
1310 4601 1597 4670 sapientia,
1630 4612 1686 4657 et
1704 4604 1795 4670 qui
1819 4612 2138 4661 contemnat

561 4693 984 4749 circumstantes
1020 4693 1280 4748 timores:
1315 4693 1460 4748 Petri
1494 4704 1679 4749 autem
1737 4699 2012 4752 sententia
2067 4700 2137 4755 de

561 4783 809 4840 doctrina
839 4783 1102 4853 loquitur.
1131 4785 1268 4840 Nam
1298 4786 1418 4840 sine
1480 4787 1761 4842 intellectu
1820 4797 1874 4843 et
1919 4790 2139 4862 indaga-

563 4877 711 4930 tione
735 4875 909 4930 videri
933 4875 1037 4931 sibi
1067 4876 1274 4946 aliquid
1296 4878 1458 4941 scire,
1485 4877 1709 4947 dignum
1733 4889 1816 4935 est
1835 4882 2138 4952 reprehen-

561 4968 738 5024 sione.
773 4967 1014 5023 Scientia
1061 4969 1207 5024 enim
1236 4970 1636 5026 insensatorum
1677 4971 1963 5044 inexpensi
2019 4990 2137 5030 ser-

561 5080 755 5120 mones
773 5066 840 5118 “.
872 5064 1139 5122 Praeterea
1167 5067 1332 5122 etiam
1355 5067 1613 5136 quoniam
1666 5069 1734 5124 de
1757 5070 1920 5124 variis
1945 5070 2140 5124 nefan-

560 5157 647 5212 dis
678 5157 842 5212 rebus
887 5171 988 5213 nos
1042 5159 1393 5223 accusabant,
1447 5162 1540 5216 sed
1573 5170 1630 5214 et
1678 5176 1829 5230 spem
1891 5170 2138 5219 nostram

560 5249 784 5304 inanem
813 5263 936 5304 esse
965 5237 1358 5317 ostendebant,
1387 5251 1519 5308 dicit
1553 5262 1612 5308 ut
1643 5253 1712 5308 de
1735 5254 1820 5309 his
1849 5255 2138 5312 meditatas

562 5339 950 5410 responsiones
977 5338 1238 5407 feramus,
1281 5341 1544 5398 habentes
1575 5343 1736 5398 simul
1774 5345 1938 5400 etiam
1966 5345 2135 5400 vitam

559 5431 866 5503 probatam,
898 5432 1042 5501 quod
1072 5447 1203 5488 sane
1228 5433 1622 5490 conscientiam
1655 5444 1834 5492 vocat.
1877 5455 1895 5488 ι
1939 5435 2138 5492 Scien-

563 5530 647 5580 tes
679 5526 821 5593 quod
852 5524 921 5579 ad
952 5525 1056 5581 hoc
1085 5525 1265 5582 vocati
1290 5525 1432 5582 sitis.
1468 5545 1487 5578 ι
1535 5526 1699 5598 510
1723 5527 1870 5584 Ordo
1898 5537 1984 5585 est
2013 5544 2137 5584 cum

627 5700 675 5737 ⁵⁴
716 5700 878 5759 Eccli.
908 5720 981 5772 xu,
1005 5703 1092 5761 M.
1166 5707 1208 5740 ⁸³
1241 5707 1346 5763 lsa.
1383 5724 1504 5775 vni,
1553 5708 1638 5766 i3.
1705 5709 1758 5793 ξ’
1801 5708 1992 5768 Matth.
2018 5725 2122 5777 ur,
2156 5709 2244 5766 16.

2246 3223 2511 3293 παρόντος
2532 3223 2828 3294 εὐγνώμων
2854 3223 3062 3289 δοῦλος,
3099 3225 3586 3282 ἁπαυθαδιάσαιτο.
3624 3229 3736 3282 Και
3762 3229 3822 3282 τὸ

2243 3315 2352 3367 ἀπὸ
2375 3315 2565 3368 τούτου
2611 3315 2802 3386 κέρδος
2855 3315 3072 3385 ἐπάγει,
3135 3317 3232 3388 τὴν
3289 3319 3400 3371 ἀπὸ
3422 3319 3530 3372 τῶν
3569 3321 3821 3376 ἀπίστων

2243 3408 2375 3476 περὶ
2423 3408 2569 3477 ἡμᾶς
2623 3408 3074 3481 ἐπιγνωμοσύνην
3134 3428 3194 3464 τε
3253 3413 3348 3464 καὶ
3377 3413 3818 3485 εὐγνωμοσύνην.

2257 3497 2606 3552 Ἐπιστατέον
2633 3498 2691 3554 δέ
2735 3501 2812 3564 ώς
2841 3502 2942 3556 οὐκ
2970 3503 3187 3557 ἐναντία
3239 3504 3415 3558 ταῦτα
3451 3507 3564 3570 τοῖς
3593 3506 3699 3560 ὐπο
3724 3506 3820 3560 τοῦ

2242 3590 2452 3661 Κυρίου
2492 3592 2827 3664 είρημένοις,
2859 3596 2908 3648 εί
2948 3595 2977 3648 ὁ
3011 3597 3130 3666 μὲν,
3180 3597 3254 3667 μὴ
3289 3600 3583 3670 μεριμνᾷν,
3631 3602 3817 3670 φησὶν,

2244 3683 2336 3734 ἐπὶ
2373 3682 2474 3746 τὰς
2519 3685 2693 3756 ἀρχὰς
2727 3689 3174 3758 προσαγομένους
3204 3691 3298 3745 καὶ
3338 3692 3439 3755 τὰς
3465 3691 3712 3758 ἐξουσίας
3766 3695 3822 3746 τί

2243 3774 2672 3848 ἀπολογηθῶμεν
2696 3795 2710 3808 ·
2732 3777 2936 3851 Πέτρος
2958 3781 3014 3833 δὲ
3031 3781 3166 3852 πρὸς
3191 3783 3348 3838 τοῦτο
3373 3785 3822 3854 παρεσκευάσθαι

2243 3865 2338 3920 νῦν
2375 3870 2763 3940 παραγγέλλει.
2826 3873 2906 3926 Τὰ
2958 3875 3057 3943 μὲν
3105 3873 3214 3945 γὰρ
3280 3875 3387 3928 ὑπὸ
3432 3877 3633 3947 Κυρίου
3690 3880 3822 3949 περὶ

2246 3961 2548 4031 μαρτυρίου
2581 3963 2817 4034 εἴρηται.
2845 3958 2940 4029 οἷς
2969 3967 3066 4018 καὶ
3087 3966 3409 4039 δοθήσεσθαί
3435 3987 3564 4040 φησι
3591 3969 3822 4041 δύναμιν

2243 4051 2338 4102 καὶ
2387 4049 2542 4119 λόγον
2591 4053 2878 4125 κρείττονα
2913 4057 3106 4126 σοφίας
3153 4059 3522 4131 ἀνθρωπίνης,
3573 4061 3671 4114 καὶ
3711 4063 3820 4114 τῶν

2243 4140 2628 4211 περιεστώτων
2678 4144 2858 4214 φόϐων
2905 4147 3284 4218 ἀφρόντιστον.
3341 4151 3416 4204 Τὸ
3463 4151 3522 4204 δὲ
3576 4151 3681 4205 ὑπὸ
3721 4152 3819 4206 τοῦ

2245 4232 2477 4304 Πέτρου,
2501 4235 2630 4305 περὶ
2654 4236 3006 4303 διδασκαλίας
3031 4241 3268 4312 εῐρηται.
3299 4241 3372 4296 Τὸ
3396 4242 3506 4314 γὰρ
3530 4242 3660 4296 ἀνευ
3695 4261 3822 4296 συν-

2245 4324 2413 4389 έσεως
2449 4326 2544 4380 καὶ
2567 4328 2866 4395 ἐξετάσεως
2887 4330 3064 4386 δοκεῖν
3088 4350 3142 4386 τι
3163 4334 3380 4400 ειδέναι,
3411 4335 3617 4406 μέμψιν
3642 4336 3816 4408 φέρει.

2245 4415 2285 4466 Γ
2289 4416 2448 4480 νῶσις
2473 4419 2582 4488 γὰρ
2605 4421 2899 4492 ἀσυνέτων,
2926 4424 3270 4490 ἀνεξέταστοι
3299 4426 3466 4496 λόγοι.
3498 4427 3708 4492 Ἄλλως
3736 4445 3818 4492 τε,

2245 4508 2336 4560 καὶ
2368 4509 2558 4580 ἐπειδὴ
2596 4512 2769 4566 πολλὰ
2807 4516 3152 4587 κατηγόρουν
3191 4518 3352 4590 ἡμῶν
3389 4517 3648 4588 ἀθέμιτα,
3683 4520 3816 4573 ἀλλά

2244 4599 2456 4663 καὶτὰς
2481 4599 2702 4668 ἐλπίδας
2743 4607 2904 4671 κενάς
2935 4607 3094 4678 ἡμῶν
3127 4609 3505 4677 ἀπεφαίνοντο,
3540 4611 3672 4681 περὶ
3697 4611 3820 4664 τούς

2243 4705 2352 4743 των
2401 4690 2800 4765 λελογισμένως
2863 4699 3052 4769 φέρειν
3095 4701 3193 4765 τὰς
3248 4700 3565 4772 ἀποκρίσεις
3621 4703 3813 4772 φησὶν,

2244 4783 2466 4854 ἔχοντας
2507 4788 2601 4842 καὶ
2635 4789 2729 4843 τὸν
2780 4789 2894 4860 βίον
2931 4793 3272 4858 συνέπαινον,
3305 4792 3335 4846 ὃ
3365 4794 3430 4864 δὴ
3485 4794 3582 4848 καὶ
3643 4795 3817 4848 συνεί·-

2243 4876 2399 4945 δησιν
2433 4880 2610 4936 καλεῖ.
2660 4901 2679 4934 ι
2719 4883 2934 4948 Είδότες
2973 4885 3053 4938 ὅτι
3099 4888 3180 4950 είς
3233 4885 3394 4940 τοῦτο
3446 4886 3738 4958 ἐκλήθητε.
3788 4906 3804 4937 ι

2245 4968 2320 5023 Τὸ
2349 4971 2478 5042 ἑξῆς
2503 4975 2564 5027 οὐ
2603 4977 2742 5045 μετὰ
2779 4978 2880 5048 τῆς
2922 4979 3325 5050 προειρημένης
3348 4982 3713 5052 κατασκευῆς.
3743 4981 3812 5034 Τὸ

2242 5059 2300 5113 δὲ
2329 5062 2501 5129 τέλος,
2524 5066 2644 5136 ἦτοι
2674 5069 2736 5120 τὸ
2760 5071 3222 5126 συνεκτικώτατον
3244 5087 3260 5102 ·
3282 5073 3490 5136 Πάντες
3517 5074 3811 5142 όμοφρονες

2243 5151 2456 5218 ἔσεσθε,
2484 5156 2581 5210 καὶ
2614 5158 2763 5230 ἑξῆς,
2797 5160 2994 5225 εἰδότες
3017 5161 3198 5226 ὃτιείς
3231 5161 3385 5216 τοῦτο
3419 5163 3702 5233 ἐκλήθητε,
3732 5164 3810 5224 είς

2242 5244 2306 5298 τὸ
2331 5246 2594 5316 εὐλογεῖν,
2613 5251 2881 5320 τουτέστι,
2913 5253 3120 5317 πάντας
3141 5249 3203 5308 εὖ
3225 5253 3421 5322 λέγειν.
3451 5273 3469 5306 ι
3503 5253 3806 5321 Εὐλογεττε,

2245 5353 2278 5403 ’ί
2283 5337 2352 5408 ἀρ
2385 5342 2480 5394 καὶ
2508 5340 2716 5407 Παῦλός
2738 5361 2894 5415 φησι,
2927 5346 3052 5408 τοὺς
3075 5345 3369 5409 διώκοντας
3397 5346 3559 5416 ὑμᾶς.
3593 5364 3613 5397 ι
3645 5343 3809 5398 Τοῦτο

2244 5431 2302 5485 δὲ
2349 5434 2631 5501 ποιοῦντες
2673 5437 3116 5510 κληρονομήσετε
3165 5439 3334 5508 δνομα
3394 5440 3545 5510 παρά
3596 5437 3807 5490 πάντων

2246 5525 2490 5591 ἀκούειν,
2521 5527 2606 5593 τὸ,
2665 5529 2728 5583 Ol
2773 5528 3142 5596 εὐλογοῦντες.
3178 5527 3323 5582 Διότι
3356 5529 3418 5580 οὐ
3467 5528 3671 5582 δίκαιον
3715 5524 3807 5578 τὸν

2356 5710 2401 5745 ⁸³
2424 5709 2616 5766 Matth.
2639 5711 2804 5773 κ,19.
2887 5712 2931 5743 ⁵⁸
2957 5709 3118 5766 Eccli.
3147 5726 3259 5769 ni.
3292 5709 3383 5765 ει.
