3986 6562
256 362 356 427 553

1231 354 1616 418 COMMENT.
1658 353 1740 416 ΙΝ
1780 355 2018 416 EPIST.
2065 356 2092 415 Ι
2133 357 2194 418 S.
2233 357 2489 417 PETRI.

3400 359 3506 423 554

252 471 346 537 ¹τῆς
374 465 598 520 αἰωνίου
628 465 778 536 ζωῆς
807 464 1168 536 ἀντεχόμενον
1199 464 1288 520 διὰ
1302 465 1403 536 τῆς
1425 463 1676 537 γλώσσης
1705 464 1826 518 τινὰ

1944 467 2185 532 praedicta
2210 471 2508 518 structura.
2542 461 2602 516 In
2636 477 2870 528 summa,
2905 463 3020 519 sive
3069 474 3130 520 ut
3165 464 3506 520 absolutissi-

251 559 618 631 βλασφημεῖν.
679 557 780 610 Διὰ
832 555 991 610 τοῦτο
1037 556 1134 611 καὶ
1184 557 1347 611 Δαυῒδ
1395 561 1669 630 παραινεῖ,
1727 558 1826 630 τὴν

250 654 504 722 γλῶσσαν
547 652 796 722 καθαρὰν
851 652 998 723 ἔχειν
1055 651 1327 722 λοιδορίας
1353 692 1368 718 ,
1426 653 1524 704 τοῦ
1580 650 1828 715 θέλοντος

251 748 345 798 ἐπε
355 747 571 815 ράστως
596 745 900 799 διακεῖσθαι
918 746 1055 816 πρὸς
1074 744 1170 815 τὴν
1192 746 1360 808 ὄντως
1375 743 1539 814 ζωὴν,
1561 746 1656 798 καὶ
1680 743 1826 814 ἑξῆς.

250 837 405 891 Οὕτω
428 839 540 908 γὰρ
570 837 1083 908 παρεσκευασμένοι
1114 837 1266 901 ἕξετε
1293 837 1386 889 τὸν
1419 836 1828 906 παντυδύναμον

247 932 341 984 καὶ
372 931 772 1000 παντεπόπτην
801 932 1029 1001 εὑήκοον
1053 931 1147 982 καὶ
1173 930 1398 1000 ἡμέρως
1437 929 1825 994 ἐπιϐλέποντα,

245 1023 363 1075 ἀλλ’
385 1022 511 1092 οὐχί
539 1023 634 1076 καὶ
659 1022 913 1093 ὀργίλως,
948 1021 1136 1090 ὥσπερ
1163 1021 1301 1090 πρὸς
1328 1020 1454 1084 τοὺς
1476 1020 1825 1083 κακοποίους.

247 1116 308 1172 Ei
349 1116 409 1170 δὲ
440 1115 624 1180 τοῦτο,
674 1115 758 1178 τίς
795 1117 823 1168 ὁ
850 1114 1146 1185 δυνάμενος
1185 1113 1436 1168 κακῶσαι
1471 1114 1649 1185 ὐμᾶςς
1683 1114 1747 1167 Ei
1773 1113 1829 1167 δὲ

246 1208 342 1260 καὶ
360 1205 544 1274 θλίψις
573 1205 892 1276 ἐπενεχθείη
920 1206 1048 1275 ὑμῖν
1069 1207 1182 1268 τοῖς
1205 1205 1301 1258 τοῦ
1326 1203 1534 1273 ἀγαθοῦ
1564 1204 1826 1274 ἐργάταις

245 1300 341 1352 καὶ
383 1301 676 1370 μιμηταῖς,
720 1298 795 1368 μὴ
826 1298 1176 1368 όλιγωρεῖτε,
1226 1296 1448 1368 χαίρετε
1480 1296 1558 1358 δὲ,
1615 1295 1831 1367 πρῶτον

248 1390 346 1459 μὲν
368 1390 455 1442 ὅτι
481 1389 544 1441 οὐ
576 1388 725 1442 κακὰ
757 1389 954 1449 ταῦτα.
1005 1387 1198 1440 ἔπειτα
1217 1388 1299 1440 ὅτι
1333 1387 1428 1440 καὶ
1463 1385 1833 1459 μακάριοιδιὰ

245 1480 441 1540 ταῦτα,
479 1481 596 1533 ἀλλ’
623 1479 747 1548 οὐχὶ
772 1479 966 1534 ἄθλιοι.
1005 1479 1095 1531 Διὸ
1125 1480 1182 1532 ἐν
1228 1481 1346 1542 ταῖς
1389 1478 1638 1546 καρδίαις
1678 1476 1832 1546 ὑμῶν

245 1571 334 1623 τὸν
356 1571 496 1623 Θεὸν
526 1569 868 1636 ἁγιάζοντες,
901 1571 994 1623 τὸν
1043 1569 1384 1641 ἀνθρώπινον
1429 1569 1592 1639 φόϐον
1628 1567 1702 1639 μὴ
1737 1583 1832 1637 φο·

247 1663 456 1726 δεῖσθε,
494 1664 634 1733 μηδὲ
678 1663 1036 1732 ταράσσεσθε.
1075 1663 1305 1715 Ἔσεσθε
1359 1663 1453 1716 καὶ
1500 1661 1707 1731 ἕτοιμοι
1737 1659 1831 1713 καὶ

247 1755 384 1824 πρὸς
414 1755 718 1823 ἀπολογίαν
748 1755 834 1807 ἀεὶ
864 1754 958 1808 τοῦ
993 1757 1154 1808 παντὶ
1183 1753 1260 1824 τῷ
1301 1754 1646 1825 ἐπερωτῶντι
1685 1753 1832 1822 ὑμᾶς

246 1848 502 1918 περὶτῆς
537 1848 660 1901 καθ’
693 1849 838 1917 ὑμᾶς
878 1848 1093 1910 ἐλπίδος
1122 1846 1415 1902 ἀποδοῦναι
1443 1845 1620 1916 λόγον.
1665 1847 1828 1898 Ἀπο-

243 1939 428 1992 δοῦναι
451 1939 510 1992 δὲ
533 1941 671 2008 μετά
697 1941 791 1993 τοῦ
817 1943 912 1994 καὶ
939 1941 1137 2006 πρᾶξιν
1161 1938 1565 1992 ἐπιδείκνυσθαι
1593 1937 1826 2008 ἀγαθήν.

245 2031 447 2103 Πρᾴως
469 2034 583 2102 γὰρ
603 2031 761 2086 τοῦτο
789 2033 886 2085 καὶ
917 2032 1034 2103 μετ’
1057 2031 1361 2094 ἐπιεικείας
1384 2029 1686 2093 ποιοῦντες,
1708 2029 1830 2083 τότε

243 2123 464 2186 ἑαυτοῖς
499 2123 799 2177 συνειδέναι
830 2123 1169 2178 πιστώσεσθε
1213 2122 1416 2192 ἀγαθὰ,
1443 2122 1537 2176 καὶ
1577 2122 1704 2184 τοὺς
1730 2138 1828 2174 πο-

239 2215 421 2285 νηρὰς
457 2215 594 2285 περὶ
628 2215 781 2286 ὑμῶν
807 2215 1028 2286 ἔχοντας
1062 2214 1361 2287 ὑπολήψεις
1391 2215 1828 2285 καταισχυνεῖτε.

249 2325 268 2358 ι
309 2307 637 2378 Συνείδησιν
678 2307 895 2378 ἔχοντες
940 2307 1173 2378 ἀγαθήν.
1217 2325 1235 2360 ι
1289 2308 1599 2372 Τουτέστιν,
1653 2304 1836 2374 ἀγαθὰ

245 2396 464 2458 ἑαυτοῖς
488 2397 816 2460 συνειδότες,
849 2396 964 2450 ἀλλ’
989 2397 1048 2450 οῦ
1079 2397 1246 2452 κακά.
1277 2397 1487 2468 Ὠσπερ
1519 2399 1568 2450 οἱ
1591 2397 1834 2468 βλασφη-

247 2486 486 2556 μοῦντες
546 2489 694 2559 ὑμᾶς
752 2487 1053 2559 βούλονται.
1139 2507 1160 2541 ι
1218 2490 1282 2542 Ol
1345 2489 1762 2560 ἐπηρεάζοντες.
1809 2506 1830 2542 ι

256 2576 409 2632 Ἀντὶ
439 2577 560 2642 τοῦ,
585 2579 632 2630 οἱ
659 2577 1216 2650 λογοπροιγοῦντες,οί
1237 2579 1447 2650 πικρῶς
1467 2579 1832 2645 ἐξετάζοντες.

1927 573 2016 612 ωε
2041 557 2240 623 dicam,
2276 574 2466 615 omnes
2496 557 2614 614 sitis
2643 558 2935 615 unanimes
2981 571 3035 616 et
3075 571 3295 628 cretera,
3331 564 3498 618 scien-

1929 660 2012 707 tes
2035 653 2179 723 quod
2207 655 2274 708 ad
2306 654 2410 708 hoc
2441 654 2621 710 vocati
2651 655 2790 721 sitis,
2821 666 2882 710 ut
2931 657 3286 722 benedicatis,
3318 658 3370 714 id
3400 669 3506 725 est,

1929 745 1996 799 ad
2025 745 2453 800 benedicendum
2496 747 2774 802 omnibus.
2827 747 2916 802 Ait
2957 749 3100 802 enim
3159 758 3212 804 et
3265 750 3507 804 Paulus:

1937 853 1956 887 ι
1993 835 2303 891 Benedicite
2327 839 2783 909 persequentibus
2812 841 3022 896 vos'h
3065 841 3177 896 Hoc
3205 852 3388 898 autem
3421 845 3510 898 fa-

1931 927 2138 983 cientes
2169 927 2516 985 haareditario
2541 931 2666 1001 jure
2700 933 3046 1002 possidebitis
3075 951 3296 1000 nomen,
3347 945 3406 991 ut
3441 938 3512 992 ab

1931 1018 2186 1073 omnibus
2216 1019 2452 1076 audiatis
2479 1023 2891 1079 Benedicentes.
2915 1024 3100 1095 Neque
3134 1025 3280 1080 enim
3301 1027 3511 1096 justum

1932 1115 2017 1164 est
2054 1109 2206 1164 illum
2255 1113 2346 1181 qui
2407 1124 2628 1170 aeterna:
2659 1116 2783 1170 vitae
2837 1117 3098 1183 adhaeret,
3162 1119 3344 1189 lingua
3397 1121 3512 1174 cui-

1931 1217 2092 1272 quam
2128 1203 2330 1259 inl'erre
2358 1207 2687 1262 convicium.
2744 1208 3038 1279 PrOpterea
3077 1227 3296 1282 quoque
3347 1213 3512 1266 David

1933 1295 2188 1350 admonet
2218 1297 2459 1366 linguam
2492 1299 2691 1355 habere
2714 1317 2905 1371 puram
2938 1320 2966 1356 a
2995 1305 3242 1359 convicio
3265 1321 3389 1361 eum
3417 1308 3510 1375 qui

1933 1389 2135 1442 amanti
2173 1391 2354 1445 animo
2387 1391 2619 1447 allectus
2652 1393 2721 1448 sit
2748 1395 2814 1448 ad
2849 1411 3029 1450 veram
3060 1398 3246 1463 vitam,
3295 1413 3402 1453 etc.
3436 1400 3512 1452 Ita

1933 1495 2170 1550 namque
2234 1484 2537 1552 praeparati,
2607 1486 2877 1541 habebitis
2951 1491 3381 1558 onn'iipntcntem
3457 1503 3514 1546 et

1935 1571 2180 1626 omnium
2214 1573 2578 1644 inspectorem
2606 1578 3003 1646 obsequentem
3037 1581 3373 1652 benigneque
3399 1583 3516 1636 ins-

1932 1669 2263 1732 pectantem,
2296 1679 2407 1718 non
2433 1671 2592 1720 torvo
2631 1677 2724 1721 aut
2761 1669 2898 1722 irato
2921 1671 3125 1735 animo,
3161 1674 3517 1742 quemadmo-

1934 1753 2063 1808 dum
2094 1753 2338 1810 intuetur
2392 1771 2487 1812 eos
2515 1757 2605 1827 qui
2638 1760 2778 1812 mala
2803 1771 3117 1828 Oporantur.
3155 1763 3309 1828 Quod
3361 1765 3406 1818 si
3443 1766 3516 1818 ita
3608 1823 3610 1826 ,

1939 1845 2027 1911 sit,
2062 1845 2183 1916 quis
2211 1848 2411 1916 poterit
2441 1865 2536 1903 vos
2571 1850 2728 1904 malis
2757 1849 3009 1906 allicere?
3063 1853 3219 1918 Quod
3271 1856 3314 1908 si
3353 1857 3514 1909 etiam

1939 1940 2160 1995 aﬂlictio
2215 1941 2482 1996 inferatur
2521 1944 2676 1998 vobis
2712 1945 2840 1999 dum
2904 1946 3164 2003 bonitatis
3195 1960 3516 2020 operatort-s

1939 2038 1994 2083 et
2055 2029 2356 2084 imitatores
2395 2031 2547 2096 estis,
2601 2048 2673 2087 ne
2735 2035 2854 2088 sitis
2909 2037 3106 2105 pusillo
3158 2039 3360 2104 animo,
3421 2043 3516 2096 sed

1939 2121 2210 2191 gaudete:
2263 2121 2498 2190 primum
2554 2123 2794 2192 quidem,
2855 2129 2996 2195 quod
3052 2129 3169 2182 hrec
3213 2146 3323 2184 non
3379 2135 3515 2185 mala

1886 2257 1893 2264 .
1937 2211 2084 2266 sint:
2110 2211 2308 2267 deinde
2347 2213 2532 2278 etiam,
2567 2215 2711 2284 quod
2743 2226 2964 2286 propter
2990 2219 3090 2273 ista
3124 2220 3266 2274 beati
3302 2221 3421 2276 sitis
3465 2233 3520 2276 et

1941 2317 2048 2358 non
2081 2303 2290 2357 miseri.
2328 2304 2457 2359 Ideo
2490 2305 2657 2359 Deum
2689 2306 2742 2358 in
2772 2307 3028 2363 cordibus
3051 2311 3247 2364 vestris
3279 2312 3519 2366 sanctiﬁ-

1937 2406 2145 2458 cantes,
2177 2411 2246 2450 ne
2276 2398 2588 2452 terreamini
2621 2399 2860 2453 humano
2901 2399 3093 2456 timore
3118 2418 3301 2472 neque
3330 2403 3520 2458 turbe-

1939 2489 2096 2543 mini.
2128 2485 2261 2543 Sitis
2287 2499 2470 2544 autem
2499 2500 2551 2546 et
2577 2491 2751 2561 parati
2773 2491 2844 2546 ad
2879 2494 3318 2564 respondendum
3376 2511 3521 2550 sem-

1939 2596 2039 2650 per
2063 2580 2289 2634 cuilibet
2319 2582 2678 2653 interroganti
2722 2599 2840 2648 vos,
2879 2593 2937 2637 ut
2970 2585 3206 2640 reddatis
3252 2587 3517 2642 rationem

243 2669 312 2724 de
347 2685 449 2741 spe
477 2687 600 2741 qua!
635 2672 778 2753 apud
805 2687 902 2727 vos
939 2681 1043 2729 est.
1072 2671 1330 2728 Reddatis
1356 2681 1538 2727 autem
1567 2689 1674 2727 una
1701 2687 1826 2728 cum
1867 2673 2206 2726 exhibitione
2240 2672 2396 2726 bene
2465 2675 2720 2731 actionis.
2793 2677 2851 2732 ltl
2906 2679 3053 2733 enim
3119 2690 3406 2736 mansuete
3464 2693 3522 2736 et

241 2779 371 2818 cum
405 2763 744 2835 benignitate
792 2763 1078 2832 facientes,
1137 2764 1532 2822 conﬁrmabitis
1566 2774 1698 2820 tunc
1759 2765 1900 2819 bene
1934 2765 2227 2834 vobisipsis
2287 2779 2408 2818 csse
2463 2767 2732 2822 conscios.
2797 2778 2851 2824 et
2906 2785 3000 2825 eos
3041 2772 3132 2840 qui
3181 2788 3382 2841 pravas
3453 2775 3523 2830 dc

243 2855 406 2911 vobis
444 2856 652 2912 habent
695 2858 1037 2928 suspiciones
1092 2857 1475 2928 pudefacietis.
1506 2874 1525 2908 ι
1573 2857 1975 2912 Conscientiant
2009 2857 2272 2910 habentes
2337 2856 2556 2911 bonam.
2597 2877 2617 2910 ι
2652 2858 2770 2915 Hoc
2810 2869 2914 2926 est,
2972 2862 3100 2918 dum
3141 2864 3281 2920 bene
3338 2867 3522 2922 vobis-

243 2952 384 3022 ipsis
416 2953 629 3008 conscii
663 2954 798 3010 estis
819 2964 876 3009 et
901 2969 1012 3009 non
1042 2955 1205 3022 male,
1239 2953 1694 3024 quemadmodum
1747 2953 1820 3007 illi
1864 2952 1954 3023 qui
1989 2968 2082 3008 vos
2109 2949 2535 3006 calumniantur.
2579 2951 2674 3006 alii
2724 2954 2816 3026 qui
2874 2955 3208 3012 incessunt.»
3247 2957 3362 3014 lloc
3410 2968 3518 3024 est,

239 3047 345 3119 qui
386 3049 574 3104 verbis
601 3049 880 3120 negotium
911 3049 1210 3115 facessunt,
1260 3049 1458 3104 acerbe
1485 3047 1828 3118 indagantes.

320 3144 614 3214 Κρεῒττον
649 3144 758 3216 γὰρ
795 3145 1330 3215 ἀγαθοποιοῦντας,
1383 3146 1435 3199 εί
1464 3145 1626 3200 θέλοι
1655 3143 1716 3197 τὸ
1749 3141 1836 3198 θέ-

2015 3138 2105 3202 111,
2160 3138 2244 3197 i7.
2306 3139 2389 3193 l8.
2453 3139 2679 3195 Prwstat
2737 3143 2878 3196 enim
2932 3151 2988 3196 ut
3048 3143 3521 3214 benefacientes,si

243 3241 419 3306 ,ῖημα
444 3235 552 3290 τοῦ
595 3235 766 3303 Θεοῦ,
804 3234 1084 3306 πάσχειν,
1123 3235 1161 3305 ἢ
1203 3234 1702 3302 κακοποιοῦντας,
1751 3233 1841 3288 ὅτι

245 3330 346 3382 καὶ
403 3329 664 3396 Χριστὸς
718 3327 880 3393 ἅπαξ
929 3327 1083 3398 ὑπὲρ
1131 3327 1430 3399 ἁμαρτιῶν
1477 3327 1721 3394 ἔπαθεν,
1761 3327 1842 3381 δί.

248 3436 425 3486 καιος
476 3419 632 3488 ὑπὲρ
681 3419 939 3488 ἀδίκων,
989 3421 1091 3474 ἵνα
1146 3419 1301 3490 ἡμᾶς
1361 3419 1712 3490 προσαγάγῃ
1765 3419 1842 3484 τῷ

247 3513 380 3578 Θεῷ
405 3553 424 3578 ,
463 3513 814 3578 θανατωθεὶς
851 3512 968 3582 μὲν
999 3515 1202 3582 σαρκὶ,
1251 3512 1635 3582 ζωοποιηθεὶς
1663 3511 1732 3565 δὲ
1765 3511 1843 3577 τῷ

249 3604 572 3672 πνεύματι.

341 3695 413 3749 'H
440 3681 745 3762 αἰτιολογία
774 3694 938 3766 αὕτη,
977 3696 1038 3750 οὐ
1086 3695 1226 3768 πρὸς
1255 3697 1322 3750 τὰ
1369 3697 1654 3768 προσεχῶς
1690 3697 1842 3767 εἰρη-

257 3792 419 3860 μένα,
450 3789 590 3846 ἀλλὰ
622 3791 756 3860 πρὸς
785 3791 853 3844 τὰ
889 3792 1084 3862 μικρὸν
1111 3793 1389 3861 ἀνωτέρω,
1415 3794 1495 3846 ὅτι
1519 3793 1579 3844 Εἰ
1611 3793 1706 3846 καὶ
1737 3791 1841 3844 πᾶ-

257 3899 444 3952 σίοιτε
461 3883 558 3935 διὰ
585 3882 960 3953 δικαιοσύνην,
980 3883 1244 3954 μακάριοι
1271 3884 1417 3948 ἐστὲ,
1435 3884 1570 3937 διότι
1596 3885 1844 3954 κρεῖττον

254 3972 735 4041 ἀγαθοποιοῦντας
764 3974 996 4043 πάσχειν
1022 3975 1262 4046 κακῶςῆ
1292 3973 1739 4037 κακοποιοῦντας.
1773 3974 1842 4025 Ἢ

259 4067 421 4127 είτις
452 4066 592 4136 πρὸς
631 4066 691 4119 τὸ
733 4065 1018 4137 προσεχῶς
1075 4066 1175 4136 τὴν
1223 4067 1554 4134 αἰτιολογίαν
1603 4065 1844 4136 βούλοιτο

253 4156 596 4220 ἀποδιδόναι,
629 4155 712 4219 τὸ,
774 4154 1266 4224 Ἀγαθοποιοῦντας
1287 4198 1302 4222 ,
1349 4158 1468 4226 οὐχὶ
1497 4155 1630 4226 πρὸς
1657 4157 1844 4226 ἕτερον

257 4249 366 4319 χρὴ
413 4247 720 4316 λαμϐάνειν
758 4248 1145 4317 εὐεργετικως,
1201 4249 1318 4302 ἀλλ’
1363 4247 1669 4311 ἁπολύτως,
1725 4249 1846 4300 ἀντὶ

255 4339 350 4393 τοῦ
400 4338 612 4406 ’Δγαθὰ
661 4338 1079 4410 ἐργαζομένους.
1144 4339 1418 4404 Ὡσαύτως
1449 4340 1544 4393 καὶ
1575 4339 1636 4392 τὸ
1665 4342 1842 4392 Kano-

257 4431 576 4495 ποιοῦντας.
609 4431 940 4502 Προστίθησι
965 4431 1018 4485 δὲ
1063 4432 1143 4498 τὸ,
1179 4451 1198 4483 ι
1251 4433 1314 4486 Εἰ
1351 4433 1499 4486 θέλοι
1542 4432 1602 4485 τὸ
1633 4432 1846 4502 θέλημα

254 4525 349 4578 τοῦ
384 4523 553 4588 Θεοῦ,
592 4542 611 4576 ι
648 4525 866 4587 δεικνὺς
911 4525 992 4578 ὅτι
1033 4525 1185 4580 οὐδὲν
1219 4524 1346 4579 ἄνευ
1404 4526 1506 4596 τῆς
1556 4526 1650 4580 τοῦ
1708 4525 1843 4578 Θεοῦ

260 4616 440 4685 ῥοπῆς
470 4616 553 4678 εἰς
579 4617 729 4686 ἡμᾶς
785 4615 1019 4684 γίνεται,
1052 4616 1168 4670 ἀλλ’
1198 4617 1232 4688 ἢ
1267 4617 1355 4671 διὰ
1388 4619 1673 4689 ἁμαρτιῶν
1717 4635 1840 4672 κου-

259 4706 492 4776 φισμὸν,
521 4706 670 4776 asta:
705 4707 1010 4778 ἀνάρρησιν
1043 4708 1137 4760 καὶ
1161 4707 1318 4773 δόξαν
1354 4709 1533 4779 ἡμῶν,
1560 4709 1592 4780 ἢ
1628 4710 1724 4762 καὶ
1770 4709 1850 4770 είς

261 4797 468 4866 ἐτέρων
499 4789 796 4867 σωτηρίαν.
827 4796 997 4850 Τοῦτο
1029 4798 1088 4851 δὲ
1120 4797 1316 4854 διττόν.
1347 4801 1418 4852 ’Ἡ
1453 4799 1561 4870 γὰρ
1585 4799 1849 4853 κακοῦται

260 4901 345 4949 τις
390 4885 605 4949 δίκαιος
657 4885 795 4957 πρὸς
830 4889 1208 4959 σωφρονισμὸν
1253 4889 1453 4962 ἐτέρων
1485 4890 1847 4961 ἁμαρτωλῶν,

263 4974 450 5038 καθὼς
479 4975 717 5046 εἴρηται,
745 4977 794 5029 εί
818 4977 847 5028 ό
879 4977 1085 5040 δίκαιος
1115 4979 1269 5048 μόλις
1319 4978 1574 5044 σώζεται,
1603 4979 1631 5032 ὁ
1671 4981 1852 5052 ἁμαρ-

261 5065 435 5128 τωλὸς
457 5065 562 5118 ποῦ
587 5070 837 5136 φανεῖται
855 5086 870 5135 ;
889 5069 1000 5122 Καὶ
1021 5069 1176 5122 τοῦτο
1200 5071 1254 5122 δὲ
1271 5069 1451 5142 διττὴν
1471 5071 1725 5141 ἐμφαίνει
1753 5072 1850 5144 τὴν

262 5157 553 5227 ὠφέλειαν,
585 5158 664 5229 τῷ
718 5160 818 5230 μὲν
863 5162 1125 5232 πάσχοντι
1158 5163 1373 5234 δικαίῳ,
1403 5163 1724 5236 προσθήκην
1772 5165 1853 5217 διο

266 5251 562 5322 καιοσύνης
623 5252 713 5306 διὰ
771 5253 874 5323 τῆς
917 5255 1226 5326 ὑπομονῆς,
1286 5258 1363 5328 τῷ
1406 5257 1460 5310 δέ
1513 5258 1850 5330 ἐπιστροφὴν

267 5343 464 5413 ὁρῶντι
492 5344 824 5416 ἁμαρτωλῷ,
849 5347 1185 5418 ἐπιστροφὴν
1217 5349 1401 5414 καθὼς
1430 5349 1680 5410 εἴπομεν.

347 5609 420 5664 Ἥ
449 5605 542 5664 οῦν
566 5609 655 5663 διὰ
669 5610 840 5664 ταῦτα
872 5611 1068 5682 πάσχει
1099 5612 1324 5678 δίκαιος,
1359 5613 1392 5684 ἢ
1422 5613 1514 5666 καὶ
1540 5612 1605 5666 δι’
1629 5612 1827 5685 ἐτέρων

348 5788 394 5820 ³⁸
414 5789 572 5844 Rom.
595 5804 694 5853 stt,
717 5789 804 5843 Η.

554 5883 824 5944 Parnm"
871 5881 984 5941 Gn.
1023 5883 1155 5943 CXI
1172 5883 1252 5942 .\'.

1945 3230 2066 3285 velit
2102 3228 2199 3283 Dei
2238 3231 2496 3295 voluntas,
2530 3232 2686 3286 malis
2717 3233 3027 3302 aﬁiciamt‘ni
3075 3251 3234 3304 quam
3291 3236 3521 3308 malefa-

1952 3327 2144 3381 cientes
2175 3325 2635 3394 :qnundoquidem
2669 3336 2715 3380 et
2750 3325 2986 3381 Christus
3024 3329 3185 3380 semel
3213 3343 3308 3396 pro
3336 3344 3522 3396 pecca-

1945 3419 2012 3472 tis
2031 3431 2216 3486 passus
2251 3416 2372 3485 fuit,
2395 3414 2575 3485 justus
2593 3433 2688 3486 pro
2722 3417 2954 3486 injustis,
2988 3428 3045 3471 ut
3097 3435 3190 3472 ιιοε
3237 3417 3522 3474 adduceret

1950 3511 2076 3574 Deo,
2123 3507 2473 3576 morti/iratus
2506 3512 2714 3580 quidem
2745 3527 2924 3577 carne,
2950 3514 3040 3566 sed
3090 3513 3380 3582 viviﬁcatus
3408 3514 3524 3584 spi-

1944 3604 2072 3659 ritu.

2016 3695 2142 3754 Haec
2170 3709 2252 3754 est
2284 3715 2462 3755 causa:
2496 3695 2730 3752 redditio
2757 3711 2869 3750 non
2899 3696 2965 3751 ad
2998 3712 3059 3751 ea
3089 3712 3209 3767 quae
3236 3697 3525 3754 immedia-

1945 3796 2002 3843 te
2028 3788 2172 3844 dicta
2207 3800 2354 3856 sunt,
2385 3791 2479 3847 sed
2510 3790 2577 3843 ad
2609 3804 2672 3842 ea
2697 3803 2816 3857 quae
2856 3788 3016 3856 paulo
3045 3789 3318 3858 superius,
3353 3798 3524 3859 puta:

1947 3876 2004 3930 Si
2061 3876 2190 3946 quid
2247 3877 2526 3947 patiamini
2581 3887 2804 3946 propter
2841 3875 3130 3944 justitiam,
3169 3879 3309 3932 beati
3349 3881 3526 3937 estis:

1943 3979 2169 4041 praestat
2198 3971 2344 4024 enim
2379 3980 2439 4024 ut
2481 3969 2886 4023 benefacientes
2919 3970 3074 4024 malis
3125 3969 3283 4039 511
3321 3971 3527 4027 allicia-

1947 4061 2082 4115 mini
2112 4077 2277 4131 quam
2342 4060 2772 4116 malefacientes.
2839 4060 2948 4114 Aut
2979 4061 3024 4114 si
3084 4063 3208 4130 quis
3267 4063 3399 4117 velit
3459 4065 3530 4120 ad

1945 4152 2258 4208 immediate
2283 4152 2596 4222 praecedens
2635 4167 2811 4206 causa:
2861 4151 3226 4206 redditionem
3279 4153 3526 4209 referre:

1945 4245 2092 4316 quod
2127 4246 2324 4301 dicitur
2357 4243 2791 4308 Benefacientes,
2827 4259 2939 4298 non
3001 4254 3220 4312 oportet
3275 4245 3529 4315 accipere

1946 4345 2007 4391 ut
2035 4336 2109 4392 sit
2141 4337 2208 4392 de
2243 4338 2349 4391 alio
2380 4337 2518 4391 bene
2554 4335 2834 4399 merendo,
2863 4335 2959 4390 sed
2989 4335 3261 4401 absolute,
3289 4335 3393 4391 hoc
3419 4347 3526 4400 est.

1949 4428 2095 4483 bona
2129 4437 2441 4498 operantes.
2499 4426 2765 4483 Similiter
2815 4436 2870 4480 et
2901 4428 3325 4484 malefacientes.
3367 4431 3533 4488 Addit

1953 4531 2136 4575 autem
2158 4519 2271 4573 :tSi
2302 4518 2434 4574 velit
2461 4517 2553 4572 Dei
2584 4517 3191 4582 voluntas,mstendens
3220 4521 3365 4589 quod
3396 4522 3534 4576 nihil

1953 4612 2159 4680 absque
2193 4609 2290 4665 llei
2346 4621 2482 4665 nutu
2515 4609 2660 4664 circa
2711 4623 2812 4662 nos
2852 4608 3135 4679 contingit.
3192 4611 3284 4665 sed
3317 4612 3405 4666 vel
3463 4613 3531 4668 ad

1953 4710 2300 4774 peccatorum
2341 4701 2766 4763 alleviationem,
2815 4701 2902 4754 vel
2954 4699 3020 4753 ad
3092 4702 3423 4769 praeconium
3478 4712 3538 4759 et

1955 4794 2180 4864 gloriam
2215 4800 2478 4857 nostram,
2535 4800 2631 4846 aut
2689 4790 2853 4844 etiam
2891 4789 2958 4844 ad
3015 4791 3244 4846 aliorum
3278 4794 3535 4852 salutem.

1955 4887 2070 4941 Hoc
2097 4895 2278 4940 autem
2316 4884 2607 4953 dupliciter
2633 4882 2923 4953 contingit.
2957 4885 3067 4936 Aut
3093 4884 3241 4938 enim
3273 4885 3534 4957 aﬂligitur

1953 4977 2224 5047 quispiam
2275 4977 2458 5046 justus
2484 4975 2551 5028 ad
2609 4973 3020 5044 castigationem
3078 4975 3309 5030 aliorum
3341 4993 3538 5046 pecca-

1954 5077 2177 5122 torum:
2209 5065 2672 5137 qucmadmodum
2721 5065 2928 5120 dict-um
2975 5077 3092 5120 est:
3129 5066 3186 5122 Si
3232 5067 3415 5137 justus
3450 5069 3537 5124 vix

1956 5161 2140 5215 salvus
2171 5159 2424 5223 elIicitur,
2485 5167 2744 5230 peccator
2797 5157 2894 5213 ubi
2953 5160 3280 5229 apparebit?
3311 5161 3381 5216 Et
3431 5163 3536 5216 hoc

1954 5266 2178 5321 quoque
2209 5251 2487 5321 duplicem
2521 5250 2742 5305 exhibet
2774 5251 3066 5306 utilitatem
3098 5269 3110 5306 :
3138 5254 3289 5322 justo
3310 5254 3533 5322 quidem

1951 5342 2046 5412 qui
2076 5342 2353 5414 allligitur,
2378 5343 2602 5413 iustitiae
2641 5354 2992 5414 augmentum
3061 5357 3286 5415 propter
3316 5345 3537 5414 patien-

1950 5435 2080 5489 tiam
2104 5450 2117 5488 :
2143 5437 2418 5506 peccatori
2449 5443 2630 5492 autem
2652 5436 2748 5511 qui
2775 5436 3040 5502 intuetur,
3077 5436 3523 5503 conversionem,

1946 5535 2006 5580 ut
2032 5527 2292 5582 diximus.

2022 5616 2122 5672 Ant
2161 5616 2322 5687 igitur
2355 5627 2574 5687 propter
2607 5619 2724 5675 inec
2759 5620 2962 5690 patitur
3015 5617 3232 5689 justus:
3265 5629 3359 5673 aut
3406 5634 3532 5690 pro-
3581 5634 3589 5642 '

3021 5895 3104 5978 ιδ
