3986 6624
419 342 524 405 555

1478 354 1877 416 (ECUMENII
1917 353 2207 433 TRICCAS
2233 354 2573 429 EPISCOPI

3566 353 3675 420 555

420 468 543 530 pter
594 461 825 519 aliorum
872 467 1126 538 salutem,
1164 472 1622 545 quemadmodum
1651 482 1708 528 et
1736 472 1994 528 Christus.

2112 473 2410 544 σωτηρίαν,
2441 471 2624 537 καθὼς
2652 444 2748 528 καὶ
2784 474 2812 526 ό
2843 473 3096 544 Χριστός.
3131 474 3239 528 Καὶ
3270 472 3462 527 τούτου
3517 475 3679 546 χάριν

420 550 486 607 Et
511 553 581 608 ob
604 553 656 610 id
691 555 879 613 Petrus
909 559 1071 616 etiam
1095 578 1243 621 nunc
1257 563 1619 620 addithristi
1648 564 1954 633 exemplum
1979 582 1994 618 :

418 644 676 713 quoniam
717 657 772 703 et
800 649 1051 708 Christus
1078 669 1197 724 quae
1234 671 1428 726 passus
1471 665 1556 711 est
1598 672 1710 712 non
1745 672 1845 727 pro
1883 658 1997 714 suis

417 735 633 792 delictis
664 754 859 808 passus
913 752 1019 811 est,
1075 745 1169 799 sed
1223 762 1322 816 pro
1356 748 1581 802 nostris.
1615 748 1743 803 Ideo
1779 764 1997 819 quoque

418 828 699 903 subjungit
729 849 744 887 :
774 832 965 890 Justus
994 852 1092 908 pro
1117 838 1353 911 injustis.
1380 839 1514 896 Nam
1540 842 1652 912 ipse
1669 842 1811 898 sicut
1835 853 1996 901 antea

418 934 514 989 per
530 923 845 994 prophetam
862 929 1115 995 ostendit,
1136 939 1420 1002 peccatum
1434 947 1543 987 non
1559 932 1782 1010 fecerat.
1798 933 1997 991 Osten-

417 1010 553 1066 dens
567 1022 748 1069 autem
768 1015 887 1085 ejus
907 1018 998 1087 qui
1020 1034 1214 1089 passus
1246 1020 1349 1076 fuit
1379 1022 1674 1078 etiicaciam
1720 1038 1785 1079 ac
1821 1023 1994 1080 virtu-

420 1109 549 1169 tem,
576 1104 893 1177 subiungit:
940 1106 1144 1166 Semel.
1170 1108 1366 1180 Tanta,
1392 1112 1591 1184 inquit,
1642 1114 1752 1170 fuit
1796 1116 2005 1177 virtute

419 1193 513 1263 qui
544 1210 644 1264 pro
673 1196 991 1255 hominibus
1012 1217 1208 1273 passus
1237 1202 1360 1269 fuit,
1392 1214 1453 1260 ut
1484 1220 1795 1277 quanquam
1830 1208 2001 1263 multa

421 1284 609 1338 horum
624 1290 1164 1359 peccataoil‘enderit,
1216 1295 1378 1350 unica
1405 1293 1813 1368 Dominipassio
1851 1298 1998 1355 sum-

406 1376 569 1431 ciens
591 1376 839 1436 fueritad
856 1382 1494 1444 obtundendamomnem
1540 1390 1647 1444 vim
1685 1399 1999 1447 nostrorum

412 1471 1067 1539 peccatorum.Quoniam
1087 1475 1252 1549 igitur
1283 1495 1479 1550 passus
1519 1490 1602 1538 est
1649 1481 1920 1548 Christus,
1942 1493 2003 1537 ut

414 1575 517 1619 nos
536 1564 603 1619 ad
621 1565 785 1622 Deum
806 1575 862 1623 et
878 1568 1091 1624 Patrem
1119 1584 1278 1625 suum
1302 1572 1618 1635 adduceret,
1640 1573 2003 1628 ostenditom-

416 1656 550 1711 nino
566 1659 708 1728 quod
735 1674 842 1713 non
890 1676 1079 1717 omnes
1098 1662 1189 1732 qui
1212 1662 1495 1733 patiuntur
1510 1673 1756 1737 ,propter
1774 1673 2000 1736 peccata

417 1749 722 1817 patiuntur.
736 1749 799 1804 Et
814 1752 937 1821 quia
951 1752 1151 1824 duplici
1170 1755 1332 1811 modo
1343 1755 1720 1812 consideratur
1730 1756 1999 1823 Christus,

2104 563 2198 616 καὶ
2216 563 2423 634 Πέτρος
2441 564 2766 635 προστίθησι
2788 564 2884 619 νῦν
2904 564 3072 618 τὸτοῦ
3089 563 3328 636 Χριστοῦ
3345 564 3679 637 ὑπόδειγμα,

2100 654 2181 708 ὃτι
2220 654 2315 707 καὶ
2350 654 2591 725 Χριστὸς
2621 655 2769 724 ἅπερ
2809 654 3037 719 ἔπαθεν,
3067 655 3166 725 οὐχ
3200 654 3341 727 ὑπὲρ
3392 656 3680 727 ἁμαρτιῶν

2097 744 2316 799 οἰκείων
2366 744 2590 811 ἔπαθεν,
2626 744 2741 800 ἀλλ’
2774 745 2913 816 ὑπὲρ
2942 744 3052 800 τῶν
3097 745 3406 817 ἡμετέρων.
3460 746 3556 799 Διὸ
3586 746 3682 801 καὶ

2099 835 2316 904 ἐπάγει,
2342 835 2558 899 Δίκαιος
2598 834 2737 907 ὑπὲρ
2764 834 2986 890 ἀδίκων.
3016 836 3190 898 Αὐτὸς
3237 834 3367 906 γάρ,
3404 835 3482 899 ὡς
3512 838 3681 889 κατό-

2100 943 2194 981 πιν
2219 927 2305 981 διΞι
2335 927 2431 982 τοῦ
2459 928 2740 998 προφήτου
2766 926 3068 992 ἀπέδειξεν,
3096 927 3371 997 ἁμαρτίαν
3395 926 3500 981 οὒκ
3527 928 3683 981 ἐποι-

2101 1033 2222 1088 ησε.
2250 1019 2473 1081 Δεικνὺς
2506 1017 2564 1072 δὲ
2598 1017 2659 1072 τὸ
2682 1017 2776 1071 τοῦ
2817 1017 3081 1079 παθόντος
3110 1017 3439 1088 δραστήριόν
3471 1035 3533 1071 τε
3581 1019 3685 1073 καὶ

2100 1111 2344 1179 δυνατὸν,
2397 1111 2651 1182 ἐπιφέρει
2697 1111 2759 1164 τὸ
2791 1110 2994 1178 ’Λπαξ.
3048 1108 3296 1181 Τοσαύτη
3325 1109 3454 1181 γὰρ,
3494 1112 3683 1181 φησὶν,

2106 1203 2352 1276 ὑπῆρξεν
2391 1208 2424 1275 η
2454 1204 2550 1258 τοῦ
2578 1203 2841 1268 παθόντος
2890 1204 3120 1275 δύναμις
3172 1203 3311 1275 ὑπὲρ
3337 1203 3444 1257 τῶν
3469 1203 3685 1274 ἀνθρὼ-

2104 1312 2244 1361 πων,
2295 1296 2437 1350 ὥστε
2478 1298 2529 1351 εί
2579 1298 2675 1350 καὶ
2724 1295 2896 1350 πολλά
2944 1296 3013 1351 τά
3062 1296 3431 1367 ἁμαρτήματα
3476 1294 3684 1349 τούτων

2105 1386 2565 1457 κατελαμϐάνετο,
2614 1385 2673 1440 ἓν
2706 1387 2868 1457 μόνον
2893 1388 3123 1457 ἀρκέσαι
3139 1386 3312 1450 πάθος
3345 1383 3441 1439 τοῦ
3469 1386 3678 1457 Κυρίου

2105 1481 2285 1533 πᾶσαν
2298 1480 2651 1551 ἀπαμϐλῦναι
2678 1479 2776 1551 τὴν
2791 1479 3021 1550 δύναμιν
3043 1481 3152 1533 τῶν
3174 1480 3460 1550 ἡμετέρων
3484 1479 3675 1550 ἀμαρ-

2101 1574 2380 1644 τημάτων.
2426 1573 2579 1627 Ἐπεὶ
2607 1572 2700 1627 οὖν
2731 1571 2873 1643 ὑπὲρ
2909 1572 3009 1640 τῆς
3051 1571 3207 1643 ἡμῶν
3244 1571 3380 1642 προς
3415 1572 3507 1624 τὸν
3538 1570 3676 1625 Θεὸν

2106 1666 2202 1719 καὶ
2244 1665 2464 1735 Πατέρα
2493 1665 2658 1721 αὑτοῦ
2695 1664 3061 1735 προσαγωγῆς
3094 1663 3317 1725 ἔπαθεν.
3349 1662 3554 1731 ἔδειξεν
3597 1664 3683 1717 ὅτι

2105 1756 2166 1810 οὐ
2203 1756 2421 1820 πάντως
2465 1754 2669 1819 πάντες
2709 1755 2758 1809 oi
2810 1754 3109 1824 πάσχοντες
3153 1753 3220 1807 δι’
3253 1752 3533 1824 ἁμαρτίας
3566 1753 3675 1806 πά-

419 1855 616 1911 nempe
641 1842 785 1898 Deus
802 1853 857 1898 et
877 1821 1063 1911 homo,
1107 1861 1302 1916 passus
1319 1863 1536 1918 quoque
1556 1848 1822 1919 duplicem
1841 1821 1994 1904 nobis

2108 1865 2316 1918 σχουσι.
2345 1850 2455 1901 Καὶ
2476 1846 2664 1916 ἐπειδὴ
2685 1844 2905 1909 διπλοῦς
2997 1844 3252 1916 Χριστὸς,
3293 1821 3424 1908 θεός
3466 1844 3561 1897 καὶ
3589 1843 3684 1898 ἀν-

418 1930 645 2000 gratiam
669 1933 920 1989 οοιιιιιιίι.
935 1935 1179 1991 Mortuus
1204 1937 1350 1992 enim
1383 1946 1638 2009 tanquam
1663 1939 1825 1995 homo
1857 1937 1995 1995 libe-

417 2025 559 2079 ravit
588 2041 689 2079 nos
713 2025 743 2080 ὲ
779 2035 953 2083 morte
983 2035 1037 2084 et
1064 2030 1442 2101 corruptione,
1495 2032 1806 2087 innovando
1834 2032 1995 2088 nobis

408 2116 894 2186 resurrectionem,
924 2128 980 2175 et
1022 2121 1203 2177 dando
1234 2137 1329 2193 per
1359 2139 1517 2178 suum
1567 2124 1895 2195 exemplum,
1923 2140 1993 2180 ne

416 2208 677 2280 deinceps
705 2211 827 2266 sine
855 2228 952 2282 spe
984 2214 1410 2272 resurrectionis
1438 2216 1738 2273 morientes
1761 2217 1994 2273 subeant

406 2310 671 2358 mortem.
720 2302 1037 2362 Viviﬁcatus
1084 2315 1287 2372 autem,
1320 2309 1434 2364 hoc
1458 2317 1564 2370 est.
1602 2325 1893 2381 resurgens
1926 2326 1993 2366 ex

402 2392 648 2449 mortuis
673 2394 874 2451 virtute
894 2396 1195 2453 divinitatis
1224 2397 1483 2468 (surrexit
1505 2399 1649 2454 enim
1679 2416 1747 2455 ex
1764 2400 1995 2456 mortuis

417 2499 525 2539 non
550 2494 806 2563 tanquam
826 2488 1012 2554 homo,
1044 2488 1139 2545 sed
1176 2499 1432 2561 tanquam
1460 2490 1650 2560 Deus),
1679 2490 1841 2547 simul
1869 2492 1995 2547 vita

408 2576 664 2632 restituit
709 2594 899 2634 omnes
944 2580 1034 2650 qui
1066 2580 1121 2634 in
1150 2580 1365 2637 inferno
1390 2590 1564 2648 erant,
1600 2598 1705 2638 una
1760 2586 1992 2640 resusci-

414 2671 542 2719 tans
595 2681 801 2721 secum.
837 2665 1000 2723 Multa
1031 2684 1269 2740 namque
1305 2667 1483 2747 512~
1511 2687 1743 2741 corpora
1773 2681 1993 2729 sancto-
2039 2730 2061 2745 κ

416 2769 537 2809 rum
565 2755 654 2824 qui
698 2755 1035 2812 dormierant
1088 2758 1319 2815 excitata
1352 2770 1503 2826 sunt,
1529 2762 1683 2832 juxta
1741 2772 1990 2819 sanctum

415 2844 821 2917 evangelistam,
838 2854 895 2902 et
907 2846 1020 2903 visa
1047 2856 1173 2903 sunt
1195 2862 1225 2903 a
1248 2849 1433 2905 multis
1449 2851 1537 2904 ⁸³⁵.
1561 2849 1664 2906 Sed
1689 2850 1779 2906 ubi
1807 2850 1992 2907 hacte-

418 2950 521 2991 nus
559 2952 810 2992 sermone
875 2938 1143 3009 processit
1173 2950 1228 2996 et
1256 2941 1376 2997 base
1422 2942 1683 3010 ostendit,
1734 2942 1992 3014 deinceps

416 3029 673 3099 proponit
703 3031 977 3101 quomodo
1004 3040 1253 3088 mortuus
1286 3033 1352 3089 iis
1394 3033 1665 3105 profuerit
1694 3034 1785 3106 qui
1830 3044 1989 3091 artea

415 3118 770 3176 dormierant.
798 3121 973 3177 Simul
1000 3122 1163 3177 etiam
1186 3138 1312 3179 cum
1362 3124 1531 3179 multa
1562 3133 1709 3180 esset
1738 3126 1988 3196 quastio,

415 3208 465 3266 si
495 3212 566 3267 ob
595 3212 823 3268 salutem
847 3215 1092 3269 omnium
1132 3214 1417 3271 hominum
1454 3216 1598 3272 facta
1626 3226 1712 3272 est
1736 3217 1991 3274 Dominio

417 3301 743 3371 incarnatio,
798 3305 1017 3374 qualem
1050 3304 1229 3361 sortiti
1266 3315 1396 3362 sunt
1421 3306 1652 3362 salutem
1680 3308 1770 3377 qui
1831 3317 1991 3365 antea

422 3394 624 3450 mortui
668 3403 817 3460 sunt,
855 3404 1149 3466 utrumque
1173 3411 1284 3452 uno
1314 3397 1480 3453 modo
1509 3398 1780 3465 dissolvit,
1808 3409 1863 3455 et
1892 3399 1989 3469 ait,

417 3485 564 3555 quod
596 3501 746 3540 mors
781 3486 995 3542 Domini
1030 3495 1323 3558 utrumque
1355 3488 1552 3544 horum
1606 3500 1828 3561 operata
1885 3501 1988 3558 est,

417 3590 575 3646 spem
630 3575 885 3632 videlicet
957 3577 1291 3647 operationis
1357 3592 1458 3648 per
1505 3578 1609 3633 boe
1673 3580 1815 3648 quod
1878 3580 1992 3649 ipse

418 3668 805 3732 resurreserit,
852 3676 907 3723 et
933 3683 1150 3723 rursum
1184 3684 1376 3723 eorum
1411 3669 1637 3724 salutem
1665 3668 1755 3737 qui
1781 3669 1993 3740 priores

419 3758 776 3814 dormierant.
838 3757 972 3814 Nam
1000 3759 1091 3830 qui
1122 3759 1283 3815 bonis
1326 3760 1586 3830 operibus
1617 3759 1784 3815 vitam
1837 3775 1989 3814 suam

416 3848 748 3904 adornarent
779 3857 1025 3920 tempore
1071 3865 1181 3919 quo
1215 3850 1491 3915 vixerant,
1532 3848 1992 3920 quemadmodum

419 3940 464 3996 si
497 3949 629 3995 tune
686 3940 1000 3997 advenisset
1051 3941 1303 3997 Christus
1357 3956 1700 4012 nequaquam
1747 3941 1992 3997 destituti

416 4028 656 4085 fuissent
690 4030 1080 4102 praedicatione
1108 4031 1256 4102 ipsos
1294 4029 1625 4098 viviﬁcante,
1662 4031 1735 4086 ita
1778 4040 1835 4087 et
1866 4042 1995 4088 tunc

416 4136 521 4184 per
580 4121 794 4177 Domini
820 4122 887 4178 ad
928 4123 1131 4179 inferos
1161 4124 1484 4180 descensum
1535 4126 1764 4180 salutem
1798 4141 1993 4181 conse-

418 4215 531 4268 cuti
552 4223 701 4279 sunt,
720 4215 1179 4284 quemadmodum
1202 4214 1367 4270 etiam
1389 4216 1605 4271 videtur
1638 4217 1764 4272 divo
1790 4217 1995 4286 Grego-

417 4305 520 4361 rio.
578 4305 668 4362 Ait
722 4307 868 4363 enim
901 4306 1060 4376 ipse:
1097 4307 1179 4361 An
1256 4309 1578 4379 simpliciter
1634 4309 1813 4364 salvos
1865 4309 1995 4364 facit

416 4411 612 4452 omnes
626 4395 882 4451 Christus
917 4397 1011 4465 qui
1041 4398 1317 4466 apparuit,
1361 4398 1615 4454 videlicet
1644 4399 1700 4453 in
1730 4399 1995 4454 inferno?

2104 1939 2342 2010 θρωπος,
2379 1940 2575 2009 διπλῆν
2602 1939 2699 1995 καὶ⁵
2728 1938 2828 2008 τὴν
2854 1938 3015 2010 χάριν
3039 1940 3171 2007 ἡμῖν
3198 1938 3436 2007 παρέσχε
3467 1933 3678 1990 παθών.

2115 2029 2427 2085 ’.ἀποθανὼν
2452 2030 2562 2100 γὰρ
2584 2029 2662 2093 ὡς
2688 2029 2995 2099 ἄνθρωπος,
3035 2026 3350 2099 ἀπήλλαξεν
3385 2027 3539 2097 ἡμᾶς
3582 2023 3677 2079 τοῦ

2102 2119 2331 2173 θανάτου
2364 2118 2459 2174 καὶ
2484 2119 2584 2190 τῆς
2616 2118 2843 2189 φθορᾶς,
2869 2118 2967 2189 τὴν
3000 2119 3296 2173 ἀνάστασιν
3326 2118 3459 2188 ἡμῖν
3483 2117 3675 2185 ἐγκαι-

2100 2212 2279 2276 νίσας,
2326 2212 2419 2266 καὶ
2460 2211 2584 2275 δοὺς
2616 2211 2703 2266 διὰ
2733 2209 2828 2264 τοῦ
2853 2209 3049 2264 ἐαυτοῦ
3081 2209 3406 2280 ὑπόδειγμα,
3445 2208 3525 2272 ὠς
3578 2209 3679 2260 οὐκ

2102 2304 2183 2358 ἐτι
2218 2305 2266 2357 oi
2308 2304 2743 2375 ἀποθνήσκοντες
2777 2302 3097 2357 ἀνέλπιστον
3123 2301 3474 2365 ἀναστάσεως
3503 2300 3679 2370 ύπέρ-

2101 2413 2287 2466 χονται
2317 2395 2567 2450 θᾰινατον⁸
2600 2394 2966 2465 Ζωοποιηθεὶς
2992 2392 3073 2456 δέ,
3098 2393 3399 2465 τουτέστιν,
3436 2392 3677 2459 ἀναστάς

2099 2486 2164 2539 ἐκ
2195 2485 2430 2556 νεκρῶν,
2471 2488 2535 2556 τῇ
2561 2486 2661 2555 τῆς
2699 2485 2951 2555 θεότητος
2974 2483 3224 2554 δυνάμει,
3274 2484 3293 2553 (
3321 2483 3524 2553 ἀνέστη
3564 2481 3674 2553 γάρ

2100 2577 2164 2629 ἐκ
2193 2575 2423 2645 νεκρῶν,
2451 2575 2549 2645 οὐχ
2578 2574 2654 2639 ὡς
2688 2573 2993 2645 ἄνθρωπος,
3022 2573 3135 2627 ἀλλ’
3182 2572 3258 2637 ὡς
3303 2572 3459 2637 Θεὸς,
3492 2571 3512 2640 )
3549 2588 3676 2624 συν.

2099 2665 2437 2737 εξωοποίησε
2469 2666 2600 2733 τοὺς
2655 2666 2714 2721 ἐν
2746 2665 2824 2736 τῷ
2872 2665 2976 2738 ᾅδῃ
3027 2665 3436 2737 συναναστήσας
3473 2662 3672 2734 ἐαυτῷ.

2100 2755 2279 2810 Πολλά
2294 2754 2403 2827 γάρ
2426 2754 2671 2829 σώματα,
2696 2753 2839 2809 κατά
2856 2753 2945 2807 τὸν
2966 2753 3107 2807 θεῖον
3128 2752 3547 2824 εὐαγγελιστὴν,
3566 2753 3674 2806 τῶν

2100 2846 2522 2917 κεκοιμημένων
2545 2844 2717 2913 ἀγίων
2733 2844 2962 2916 ἠγέρθη,
2976 2845 3071 2898 καὶ
3087 2843 3410 2915 ἐνεφανίσθη
3431 2843 3670 2909 πολλοῖς.

2110 2936 2273 2992 Ἀλλά
2322 2935 2400 3007 τῷ
2447 2935 2592 3006 λόγῳ
2645 2934 2806 3007 μέχρι
2863 2933 3050 2988 τούτου
3091 2934 3299 3005 προϐὰς
3343 2936 3436 2988 καὶ
3464 2933 3670 3000 δείξας,

2098 3027 2462 3101 προκειμένου
2507 3027 2713 3090 λοιπὸν,
2754 3025 2870 3089 πῶς
2923 3024 3210 3079 ἀποθανὼν
3262 3025 3515 3096 ὠφέλησε
3540 3027 3670 3089 τοὺς

2097 3122 2666 3195 προκεκοιμημένους,
2723 3120 2840 3191 ἅμα
2884 3118 2941 3174 δὲ
2988 3119 3082 3174 καὶ
3134 3118 3415 3189 ζητήσεως
3468 3118 3671 3188 πολλῆς

2095 3214 2291 3287 οῦσης,
2326 3215 2376 3268 εί
2426 3213 2521 3268 ἐπὶ
2554 3213 2798 3285 σωτηρίᾳ
2828 3212 3046 3289 πάντων
3088 3208 3393 3284 ἀνθρώπων
3437 3211 3470 3281 η
3505 3210 3667 3264 ἐναν-

2092 3303 2376 3375 θρώπησις
2426 3302 2520 3357 τοῦ
2579 3302 2808 3376 Κυρίου,
2849 3302 3013 3366 ποίας
3065 3300 3255 3374 ἔτυχον
3295 3300 3570 3373 σωτηρίας
3615 3300 3669 3354 oi

2092 3393 2477 3467 προθανόντες,
2506 3393 2625 3449 λύει
2676 3393 2964 3465 ἀμφότερα
2990 3393 3057 3447 δι’
3096 3393 3213 3457 ἐνὸς
3239 3392 3333 3448 καί
3368 3411 3557 3466 φησιν,
3582 3394 3669 3448 ὅτι

2092 3490 2120 3542 ό
2144 3488 2237 3543 τοῦ
2268 3487 2475 3557 Κυρίου
2519 3488 2768 3554 θάνατος,
2821 3487 3107 3557 ἀμφότερα
3138 3485 3312 3540 ταῦτα
3339 3485 3663 3559 εἰργάσατο,

2095 3580 2289 3633 ἐλπίδα
2341 3578 2698 3642 ἀναστάσεως
2750 3577 2837 3632 διά
2861 3576 2956 3630 τοῦ
2999 3575 3297 3646 ἀναστῆναι
3330 3576 3515 3645 αὑτὸν,
3571 3577 3668 3630 καὶ

2095 3671 2370 3742 σωτηρίαν
2445 3671 2608 3723 πάλιν
2661 3667 2775 3722 τῶν
2831 3667 3378 3741 προκεκοιμημένων.
3431 3668 3496 3737 Οί
3560 3669 3664 3740 γὰρ

2095 3761 2291 3841 ἔργοις.
2305 3761 2534 3832 ἀγαθοῖς
2556 3760 2646 3816 τὸν
2670 3760 2879 3814 ἑαυτῶν
2908 3760 3049 3815 κατά
3075 3760 3165 3814 τὸν
3192 3759 3291 3830 τῆς
3318 3759 3463 3831 ζωῆς
3483 3760 3669 3815 αὐτῶν

2094 3854 2284 3926 χρόνον
2345 3852 2795 3924 περιανθίσαντες
2840 3851 2976 3923 βίον,
3021 3852 3097 3915 ὠς
3150 3852 3199 3905 εί
3258 3851 3353 3904 καὶ
3406 3851 3531 3904 τότε
3586 3851 3665 3922 τῷ

2095 3944 2288 4016 κόσμῳ
2320 3943 2631 4014 ἐπεδήμησε
2660 3942 2916 4013 Χριστὸς,
2955 3941 3029 4012 μὴ
3060 3940 3125 3994 ἂν
3159 3938 3552 4009 ἀπολειφθῆναι
3568 3939 3661 3993 τοῦ

2094 4034 2487 4101 ζωοποιοῦντος
2521 4033 2715 4098 αὐτοὺς
2772 4030 3147 4104 κηρύγματος,
3195 4024 3340 4086 οὗτοι
3400 4032 3498 4085 καὶ
3542 4031 3663 4084 τότε

2093 4126 2180 4179 διὰ
2207 4127 2307 4197 τῆς
2333 4126 2414 4188 είς
2444 4123 2573 4197 ᾅδου
2605 4123 2700 4177 τοῦ
2726 4123 2935 4195 Κυρίου
2966 4122 3215 4187 καθόδου,
3254 4123 3353 4193 τῆς
3388 4123 3663 4196 σωτηρίας

2095 4218 2307 4288 ἔτυχον,
2328 4217 2403 4281 ὡς
2432 4218 2525 4270 καὶ
2558 4216 2847 4288 Γρηγορίῳ
2877 4215 2955 4287 τῷ
2985 4215 3112 4286 θείῳ
3167 4215 3315 4269 δοκεῖ
3340 4232 3354 4246 ο
3389 4212 3525 4284 φησὶ
3553 4216 3659 4287 γάρ

2094 4304 2248 4372 οὗτος
2278 4324 2292 4338 ·
2332 4307 2546 4372 Ἀπλῶς
2587 4306 2749 4372 σώζει
2801 4306 3007 4369 πάντας
3071 4306 3303 4375 Χριστὸς
3353 4305 3659 4379 ἐπιφανείςς

2095 4396 2337 4466 δηλονότι
2368 4397 2425 4449 ἐν
2444 4396 2521 4466 τῷ
2545 4394 2675 4465 ἅδῃ·
2704 4395 2737 4466 ἢ
2771 4392 2933 4448 κάκεῖ
2946 4395 3072 4458 τοὺς
3095 4394 3488 4456 πιστεύσοντας
3512 4413 3529 4463 ;
3560 4396 3661 4450 Διά

415 4499 486 4542 an
520 4494 579 4543 et
605 4486 681 4542 ibi
729 4501 826 4542 eos
853 4487 948 4555 qui
976 4487 1359 4542 crediderint?
1404 4488 1507 4542 Per
1540 4489 1641 4544 hoc
1669 4490 1813 4543 enim
1848 4491 1988 4560 quod

2097 4489 2203 4559 γάρ
2250 4486 2342 4541 τοῦ
2381 4486 2795 4553 Πιστεύσοντας,
2829 4486 3081 4557 σημαίνει
3118 4488 3243 4550 τοὺς
3298 4486 3440 4540 οὕτω
3490 4504 3660 4560 παρε-

418 4575 529 4629 ait:
557 4573 668 4630 Eos
694 4576 790 4645 qui
808 4574 1163 4644 crediderint,
1181 4576 1448 4648 signiﬁcat
1500 4576 1647 4649 Quod
1678 4580 1887 4650 seipsos
1914 4581 1988 4635 ita

423 4674 887 4735 praeparaverant,
915 4667 1061 4737 quod
1089 4668 1132 4723 si
1162 4669 1324 4725 etiam
1355 4677 1488 4726 tunc
1518 4672 1845 4738 advenisset,
1870 4688 1990 4728 cre-

425 4754 712 4812 didissent.
765 4756 950 4828 Neque
1007 4758 1062 4815 id
1093 4759 1449 4831 rejiciendum
1485 4770 1633 4834 puto.
1682 4763 1804 4818 Non
1842 4765 1986 4819 enim

421 4848 767 4905 barreditarie
805 4850 1108 4907 habebatur
1150 4851 1318 4917 salus,
1376 4854 1814 4924 quandoquidem
1863 4856 1989 4913 licet

422 4943 489 4997 ad
519 4942 766 4996 viventes
809 4957 1004 4998 omnes
1030 4944 1195 5009 venit,
1230 4959 1337 4999 non
1361 4954 1541 5000 tamen
1573 4960 1763 5001 omnes
1792 4948 1983 5015 salvat,

422 5033 519 5088 sed
536 5048 632 5112 eos
672 5041 882 5090 tantum
921 5036 1016 5106 qui
1040 5036 1389 5092 crediderint.
1441 5037 1652 5094 Etenim
1686 5043 1981 5096 eratetiam

417 5142 556 5196 opus
584 5127 767 5182 liberm
799 5128 1095 5186 voluntatis
1125 5129 1486 5202 singulorum,
1512 5143 1572 5188 ut
1601 5149 1723 5188 eum
1758 5134 1989 5188 rationa-

416 5216 498 5272 les
526 5227 713 5273 essent
740 5233 851 5272 non
872 5216 1269 5276 insensibiliter
1297 5237 1358 5276 se
1381 5223 1645 5279 haberent
1676 5225 1741 5280 ad
1775 5225 1985 5296 magni-

418 5307 692 5363 ﬁcentiam
724 5310 842 5378 ejus
870 5312 960 5380 qui
994 5311 1098 5366 tale
1147 5312 1355 5368 donum
1406 5315 1752 5384 praastiterat,
1791 5316 1885 5371 sed
1927 5330 1985 5370 se

418 5400 612 5469 dignos
657 5401 963 5469 praeberent
994 5403 1176 5484 dantis
1234 5405 1497 5461 bonitate.
1532 5406 1717 5461 Posuit
1778 5416 1984 5471 autem,

415 5490 797 5548 lnobedientes
846 5493 1087 5558 fuerant.
1116 5496 1406 5566 quamdam
1464 5498 1682 5554 solvens
1721 5498 1984 5568 objectio-

415 5599 565 5639 nem.
593 5583 898 5643 Verisimile
922 5588 1068 5644 enim
1100 5598 1219 5645 erat
1272 5589 1507 5661 aliquem
1564 5590 1842 5647 dicturum
1876 5611 1887 5647 :
1922 5590 1988 5647 Et
2016 5580 2029 5589 ’

516 5761 584 5793 ω’
614 5761 800 5817 Matth.
824 5780 987 5835 xxvu,
1006 5764 1094 5822 52.

2095 4579 2427 4639 σκευακότας
2474 4575 2722 4640 ἑαυτοὺς,
2775 4576 2851 4640 ὡς
2897 4578 2946 4628 εί
2992 4576 3087 4629 καὶ
3129 4576 3251 4629 τότε
3299 4577 3654 4648 παρεγένετο,

2092 4670 2505 4730 πιστεύσοντας.
2555 4669 2664 4721 Καὶ
2718 4668 2779 4720 οὐ
2856 4666 3124 4738 μήμψεως
3187 4666 3365 4723 τοῦτο.
3419 4669 3494 4720 Ού
3551 4669 3659 4738 γὰρ

2089 4759 2556 4831 ἀποκληρωτικῶς
2586 4760 2619 4830 ἡ
2644 4759 2906 4831 σωτηρία,
2935 4761 3057 4812 ἐπεὶ
3086 4760 3179 4813 καὶ
3208 4761 3319 4824 τοῖς
3361 4759 3499 4826 ζῶσι
3524 4766 3660 4816 πᾶσι

2089 4851 2399 4922 γενόμενος,
2460 4850 2522 4903 οὐ
2591 4850 2801 4915 πάντας
2854 4850 3038 4919 σώζει,
3094 4852 3144 4904 εί
3204 4851 3280 4921 μὴ
3330 4851 3490 4922 μόνον
3533 4854 3660 4917 τοὺς

2091 4944 2499 5007 πιστεύσοντας.
2544 4943 2703 4999 ’Λλλά
2742 4944 2850 5014 γὰρ
2879 4943 2971 4996 καὶ
3003 4942 3101 5012 τῆς
3132 4942 3361 4996 ἑκάστου
3393 4945 3655 5016 προαιρέ-

2091 5057 2228 5103 σεως
2248 5037 2409 5110 ἔργον
2439 5031 2529 5108 ἦν,
2558 5037 2638 5103 τὸ,
2667 5036 2886 5105 λογικὸν
2912 5035 3200 5105 γενόμενον
3219 5034 3293 5106 μὴ
3316 5034 3657 5109 ἀναισθήτως

2088 5130 2232 5200 ἔχειν
2272 5129 2372 5199 τῆς
2421 5127 2515 5182 τοῦ
2566 5128 2925 5199 πεποιηκότος
2982 5125 3308 5193 ἀγαθοδότου
3348 5126 3657 5196 μεγαλοδω-

2092 5222 2242 5291 ρεᾶς,
2279 5219 2408 5272 ἀλλ’
2442 5217 2666 5283 ἐπάξιον
2706 5216 2898 5270 ἐαυτὸν
2948 5214 3211 5285 παρέχειν
3250 5215 3347 5285 τῆς
3372 5214 3463 5268 τοῦ
3490 5215 3654 5269 δεδω-

2087 5313 2242 5375 κότος
2265 5310 2622 5382 ἀγαθότητος.
2652 5308 2724 5362 Τὸ
2749 5309 2827 5376 δὲ,
2870 5308 3282 5378 Ἀπειθησασιν,
3304 5305 3489 5375 ἔθηκε,
3512 5305 3656 5359 λύων

2092 5404 2366 5458 ἀντίθεσιν
2440 5420 2583 5458 τινα.
2621 5383 2783 5463 Είκδς
2829 5401 2936 5471 γάρ
2968 5416 3115 5453 τινα.
3142 5400 3307 5469 ἐρεῖν·
3367 5398 3480 5452 Καὶ
3516 5398 3656 5458 τίνος

2092 5498 2252 5552 ἄλλου
2286 5496 2622 5567 κηρύξαντος
2657 5493 2763 5565 πρὸ
2786 5490 3046 5563 Χριστοῦ;
3076 5486 3211 5544 Εἶτα
3261 5490 3654 5560 ἀπειθήσαντες

2091 5587 2516 5660 κατεκρίθησαν;
2547 5587 2703 5640 Ἤτοι
2718 5583 3108 5651 κατακρίσεως
3130 5581 3271 5648 ἄξιοι
3298 5580 3583 5652 γεγόνασιν
3604 5580 3653 5633 oi
