3986 6628
340 465 444 529 557
1384 462 1765 526 COMMENT.
1806 462 1887 523 ΙΝ

2027 462 2161 525 lST.
2203 463 2227 521 Ι
2261 463 2319 523 S.
2362 462 2612 523 PETRI.
3483 457 3589 525 ὅδὲ

343 578 446 650 πρδ
470 575 567 631 τοῦ
605 577 871 649 Χριστοῦς
915 578 1009 634 καὶ
1039 579 1179 651 ἔχων
1214 579 1390 645 τοῦτο,
1419 580 1494 644 ὠς
1531 580 1625 634 καὶ
1674 577 1910 643 Παῦλος,

2027 594 2123 650 quo
2168 578 2276 633 alio
2316 589 2445 634 ante
2501 577 2783 633 Christum
2835 574 3194 647 pratdicante,
3241 575 3590 643 postmodum

338 671 444 723 ἀπὸ
460 669 569 725 τῶν
592 672 1015 744 ἐνεσπαρμένων
1038 676 1168 745 ἡμῖν
1189 673 1424 742 λογικῶν
1455 673 1739 743 δυνάμεων
1768 674 1907 727 ἁπε-

2027 670 2083 725 le
2122 670 2493 726 inobedientia
2547 672 2608 741 ju
2648 666 2775 725 icati
2807 678 2903 725 aut
2949 667 3407 725 condemnatione
3437 667 3590 739 digni

336 761 547 829 λιγξαι,
589 763 672 817 ὅτι
718 765 958 836 κριτικοὶ
1002 766 1171 820 καὶ-οὕ
1224 767 1319 819 καὶ
1373 763 1545 820 κακοῦ
1595 762 1905 833 γεγονότες,

2027 761 2239 818 fuerant
2286 763 2380 834 qui
2415 761 2696 819 Christum
2732 759 3174 833 praecesserant?
3204 759 3455 830 Cumque
3485 760 3591 814 hoc

338 846 455 905 εἶτα
483 852 562 923 μὴ
591 852 653 907 τδ
684 855 889 923 ἀγαθὸν
922 855 1309 927 ἐργασάμενοι,
1360 854 1499 920 ἄξιοι
1530 853 1912 927 κατακρίσεως

2027 862 2204 924 posset
2227 854 2501 920 evincere,
2528 853 2985 924 quemadmodum
3008 863 3066 908 et
3092 853 3314 918 Paulus,
3351 868 3383 908 a
3413 852 3592 907 disse-

336 944 385 997 οῖ
436 943 695 1012 τοιοῦτοι,
727 947 787 1000 οὐ
826 947 985 1001 τοῦτο
1028 951 1194 1010 ποιεῖ,
1230 947 1249 1020 (
1274 947 1583 1018 κρείττονος
1613 947 1722 1019 γὰρ
1754 945 1915 1000 τοῦτο

2027 944 2245 1001 minatis
2291 946 2349 1001 in
2381 945 2542 1001 nobis
2588 945 2946 1003 rationalibus
2989 946 3216 1010 viribus,
3271 946 3417 1016 quod
3466 959 3592 999 cum

335 1033 601 1105 λογισμοῦ
627 1036 722 1089 καὶ
748 1035 1062 1105 φιλοσόφου,
1090 1037 1126 1107 ἢ
1152 1037 1293 1091 κατὰ
1329 1035 1595 1091 Ἰουδαίων
1616 1034 1920 1106 διάνοιαν,)

2027 1034 2207 1090 datum
2229 1034 2366 1107 ipsis
2391 1043 2537 1091 esset
2565 1044 2626 1091 ut
2661 1045 2889 1107 possent
2919 1037 3062 1092 inter
3082 1036 3287 1092 bonum
3313 1043 3369 1089 et
3388 1032 3591 1088 malum

334 1122 441 1176 ἀπὸ
479 1124 540 1177 δὲ
572 1126 675 1196 τῆς
717 1127 940 1199 Γραφῆς
969 1127 1067 1198 τὴν
1117 1127 1404 1183 ἀπείθειαν
1456 1126 1769 1192 πιστοῦται,
1828 1124 1920 1180 καὶ

2027 1125 2360 1194 discernere,
2392 1143 2496 1182 nec
2520 1136 2711 1199 postea
2743 1128 2947 1184 bonum
2971 1126 3179 1198 operati
3209 1134 3418 1190 essent,
3456 1124 3593 1179 tales

330 1214 434 1268 οὒκ
461 1217 574 1270 ἀπὸ
607 1216 717 1271 τῶν
738 1220 947 1291 χρόνων
973 1220 1082 1274 τῶν
1107 1220 1430 1293 Προφητῶν,
1457 1219 1576 1275 ἀλλ’
1608 1216 1704 1275 ἀπ’
1751 1218 1920 1288 αὐτῆς

2027 1216 2172 1289 digni
2199 1225 2385 1272 essent
2415 1227 2613 1284 morte,
2642 1233 2751 1272 non
2783 1218 2890 1274 hoc
2918 1217 3070 1282 facit,
3108 1232 3236 1272 nam
3289 1216 3342 1271 id
3379 1213 3593 1271 altioris

335 1307 527 1376 σχεδὸν
555 1310 656 1378 τῆς
692 1309 1077 1380 κοσμογονίας.

2027 1315 2109 1365 est
2176 1297 2636 1366 considerationis
2692 1326 2757 1368 ac
2812 1310 3177 1382 philos0phiae
3217 1306 3594 1380 profundioris
3658 1344 3665 1361 κ

334 1417 499 1471 quam
528 1411 591 1458 ut
619 1403 763 1460 ferre
784 1415 968 1475 posset
998 1422 1154 1462 mens
1175 1405 1523 1465 Iudaeorum:
1550 1409 1644 1465 sed
1667 1424 1698 1463 a
1728 1408 2008 1479 Scriptura
2034 1405 2325 1462 conﬁrmat
2376 1407 2802 1464 inobedientiam
2829 1426 2843 1463 :
2897 1423 3077 1478 neque
3142 1407 3195 1462 id
3258 1423 3288 1462 a
3334 1407 3596 1474 tempori-

333 1495 435 1552 bus
466 1500 887 1570 prophetarum,
917 1501 1013 1557 sed
1046 1502 1113 1557 ab
1142 1502 1263 1573 ipso
1285 1504 1680 1576 propemodum
1724 1504 1913 1595 mundi
1955 1510 2080 1557 ortu
2107 1519 2125 1556 :
2152 1500 2313 1573 513
2346 1517 2411 1557 ex
2436 1516 2547 1571 quo
2576 1502 2919 1558 demonstrat
2936 1502 3083 1573 quod
3112 1501 3182 1556 ab
3238 1501 3397 1557 initio
3453 1515 3596 1571 prte-

332 1592 627 1651 dicahatur
678 1594 997 1653 hominibus
1057 1592 1227 1665 salus,
1263 1599 1358 1656 sed
1398 1592 1809 1672 ‘despiciebatur
1850 1599 1922 1654 oh
1959 1597 2379 1653 declinationem
2417 1598 2661 1669 ipsorum
2691 1600 2759 1655 ad
2804 1615 2947 1655 vana
2980 1615 3043 1655 ac
3065 1599 3410 1670 voluptuosa.

413 1687 837 1760 ’Δναριθμήτων
886 1688 994 1761 γὰρ
1054 1688 1225 1745 ὄντων
1283 1691 1588 1764 ἀνθρώπων
1647 1695 1746 1747 καὶ
1788 1690 1909 1746 κατ’

2089 1688 2224 1745 Cum
2274 1690 2420 1745 enim
2473 1690 2686 1746 illorum
2727 1705 2946 1761 quoque
2990 1697 3235 1759 tempore
3280 1689 3596 1745 innumera-

330 1780 514 1833 ἐκεῖνο
545 1778 765 1851 καιροῦ,
807 1779 959 1850 μόνοι
994 1779 1140 1837 ὀκτὼ
1162 1783 1442 1855 ἄνθρωποι
1465 1784 1777 1850 πεισθέντες
1802 1788 1914 1850 τοῖς

2027 1782 2155 1838 biles
2201 1792 2386 1838 essent
2424 1783 2696 1846 homines,
2738 1782 2839 1838 soli
2864 1791 3008 1845 octo,
3036 1781 3325 1836 credentes
3355 1780 3441 1836 his
3469 1796 3592 1850 quze

332 1872 775 1943 κηρυσσομένοις
826 1870 917 1925 διὰ
945 1872 1045 1943 τῆς
1083 1876 1502 1946 κατατασδίευῆς
1526 1875 1628 1944 τῆς
1656 1876 1910 1942 κιϐωτοῦ,

330 1961 647 2034 ἐσώθησαν.
684 1963 903 2035 Ἐπειδὴ
934 1963 990 2017 δὲ
1018 1966 1075 2018 ἐν
1117 1964 1271 2020 ὕδατι
1313 1966 1341 2036 ἡ
1397 1967 1662 2038 σωτηρία,
1710 1968 1915 2031 εὐθέως

331 2052 497 2108 τοῦτο
535 2055 633 2107 ἐπὶ
680 2050 776 2108 τοῦ
845 2055 1001 2125 ἁγίου
1053 2056 1319 2128 λαμόάνει
1373 2057 1770 2130 βαπτίσματος,
1823 2060 1916 2112 καί

333 2162 526 2217 φησιν,
549 2146 636 2200 ὅτι
664 2147 725 2200 τὺ
762 2145 909 2219 ὕδωρ
957 2149 1137 2202 ἐκεῖνο
1178 2148 1238 2202 τὸ
1278 2148 1566 2221 βάπτισμα
1597 2153 1753 2223 ὑμῶν
1814 2153 1917 2206 ὐπ-

328 2240 620 2311 ῃνίσσετο.
661 2239 818 2295 Ἐπεὶ
868 2241 963 2296 καὶ
1002 2241 1160 2296 τοῦτο
1204 2245 1559 2315 ἐναποπνίγει
1604 2247 1727 2313 τοὺς
1756 2248 1917 2300 ἀπει-

333 2328 571 2395 θοῦντας
610 2331 892 2403 δαίμονας,
934 2332 1031 2387 καὶ
1056 2333 1220 2399 σώζει
1248 2337 1375 2400 τοὺς
1402 2338 1632 2402 πιστοὺς
1664 2340 1917 2408 προσίον-

330 2436 430 2483 τας
493 2424 562 2492 τῇ
620 2422 839 2493 κιϐωτῷ
888 2424 988 2493 τῆς
1018 2424 1373 2497 Ἐκκλησίας.
1434 2427 1588 2499 Ἅμα
1642 2429 1698 2483 δέ
1729 2446 1915 2502 φησιν,

332 2512 552 2581 Ὥσπερ
585 2512 646 2565 τὸ
681 2511 826 2584 ὕδωρ
856 2515 1155 2581 ἁποκλύζει
1193 2516 1287 2570 τὸν
1334 2517 1526 2587 ῥύπον.
1557 2516 1705 2574 οὕτω
1731 2521 1828 2575 καὶ
1854 2521 1916 2574 το

336 2603 650 2674 βάπτισμα.
697 2604 838 2659 Ἀλλ’
859 2607 920 2660 οὐ
948 2608 1153 2678 σαρκὸς
1187 2607 1359 2679 ῥύπου
1380 2602 1642 2665 ἀπόθεσιν
1673 2613 1919 2685 ἀπεργά-

332 2694 512 2761 ζεται,
536 2695 885 2767 συμϐολικῶς
918 2697 974 2752 δὲ
996 2699 1095 2770 τὴν
1132 2703 1231 2771 τῆς
1268 2700 1507 2772 ψυχικῆς
1565 2703 1783 2774 κηλῖδος
1815 2721 1921 2757 πα-

336 2785 593 2855 ρίστησιν
624 2786 948 2845 ἁπόκλυσιν.
980 2790 1137 2844 Ἔστι
1171 2790 1228 2844 δὲ
1254 2788 1489 2858 καὶοῖόν
1526 2810 1617 2857 τις
1660 2792 1920 2865 ἀρραϐὼν

335 2879 431 2932 καὶ
452 2879 720 2952 ἐνέχυρον
754 2880 856 2952 τῆς
916 2880 1053 2951 πρὸς
1092 2881 1225 2936 Θεὸν
1275 2884 1490 2956 ἀγαθῆς
1540 2886 1919 2957 συνειδήσεως.

336 2971 399 3024 Ol
433 2972 547 3041 γὰρ
584 2971 888 3037 συνειδότες
917 2975 1129 3038 ἑαυτοῖς
1182 2974 1388 3043 ἀγαθὰ,
1427 2977 1698 3040 τουτέστι,
1728 2980 1778 3031 οἱ
1802 2976 1921 3048 βίου

334 3063 692 3135 ἀντεχόμενοι
731 3065 988 3135 ἀμώμου,
1034 3068 1133 3122 καὶ
1174 3069 1335 3123 τοῦτο
1386 3070 1451 3123 ἐκ
1480 3072 1684 3135 παντὸς
1724 3072 1921 3143 ἐπιζη-

334 3152 559 3217 τοῦντες
596 3155 694 3209 καὶ
719 3150 829 3211 οἷον
870 3158 1185 3229 ἐρωτῶντες
1210 3159 1400 3231 (τοῦτο
1418 3160 1526 3232 γὰρ
1552 3163 1664 3224 τοῖς
1697 3161 1919 3231 ζητοῦσι
1949 3133 1994 3194 C

336 3262 389 3298 τι
441 3246 824 3311 ἐπακολουθεῖ,
879 3248 1026 3317 λέγω
1052 3249 1108 3302 δὲ
1141 3249 1202 3302 τὸ
1250 3251 1505 3322 ἐρωτᾷν),
1546 3243 1693 3306 οὗτοι
1722 3253 1818 3307 καὶ
1841 3253 1919 3323 τῷ

339 3339 484 3409 ἁγίῳ
515 3340 915 3411 προστρέχουσι
941 3341 1302 3413 βαπτίσματι.
1319 3343 1431 3396 Καὶ
1452 3345 1559 3412 τίς,
1582 3345 1737 3415 φησὶ,
1754 3345 1915 3400 τοῦτο

339 3430 574 3501 παρέχει
603 3431 663 3483 τὸ
696 3429 972 3502 ἐπιζητεῖν
1000 3433 1095 3487 καὶ
1123 3434 1411 3504 ἐπερωτᾷν
1436 3434 1498 3487 τὸ
1546 3435 1689 3490 θεῖον
1719 3436 1918 3507 βάπτι-

341 3535 491 3589 σμα;
534 3520 601 3574 Ἥ
629 3519 927 3586 ἀνάστασις
953 3522 1047 3576 τοῦ
1077 3521 1338 3594 Χριστοῦ.
1362 3523 1474 3595 Πρὸ
1512 3524 1613 3595 μὲν
1648 3526 1755 3596 γὰρ
1787 3527 1920 3579 ἁνα-

341 3610 589 3672 στάσεως
644 3611 809 3665 αὐτοῦ
858 3612 952 3665 καὶ
999 3612 1095 3665 τοῦ
1147 3611 1355 3677 πάθους
1422 3614 1806 3682 ἀποφαίνεται,
1835 3617 1919 3679 τὸ,

348 3722 367 3753 ι
412 3703 542 3756 Ἑὰν
579 3706 653 3775 μή
694 3722 779 3767 τις
808 3705 1042 3776 γεννηθῇ
1075 3704 1134 3771 ἐξ
1187 3704 1380 3768 ὓδατος
1413 3707 1508 3759 καὶ
1532 3705 1861 3778 πνεύματος.
1895 3726 1913 3759 ι

344 3797 498 3849 Μετὰ
532 3797 592 3849 δὲ
616 3796 715 3867 τὴν
744 3797 1068 3862 ἀνάστασιν,
1095 3796 1176 3863 τὸ,
1228 3815 1247 3848 ι
1304 3795 1596 3864 Βαπτίζειν
1638 3799 1816 3853 πάντα
1854 3805 1920 3856 τά

344 3889 640 3959 προσιόντα
654 3889 784 3961 ἔθνη
812 3892 891 3953 είς
915 3890 1085 3961 ὄνομα
1110 3890 1322 3960 Πατρδς
1356 3891 1451 3945 καὶ
1470 3890 1604 3946 Υίοῦ
1634 3892 1727 3946 καὶ
1762 3893 1919 3960 ἁγίου
1950 3880 1956 3888 ’

344 3981 686 4052 Πιθεύματος.
720 4000 738 4037 ι
798 3982 951 4037 Ἐπεὶ
987 3983 1046 4038 δὲ
1094 3984 1188 4037 τὸν
1245 3983 1347 4053 τῆς
1395 3984 1709 4054 οἰκονομίας
1762 3986 1919 4055 λόγον

341 4071 548 4143 διῆλθε,
577 4072 724 4141 λέγω
753 4072 807 4126 δὲ
858 4075 958 4146 τὴν
993 4075 1075 4136 είς
1100 4073 1228 4146 ᾅδου
1277 4074 1505 4147 πορείαν
1546 4073 1642 4130 τοῦ
1690 4076 1919 4145 Κυρίου,

345 4166 440 4218 καὶ
470 4166 617 4227 τίνος
646 4163 808 4236 χάριν
838 4166 1000 4219 κὰκεῖ
1022 4165 1381 4235 πεπόρευται,
1426 4164 1509 4217 ὅτι
1543 4165 1636 4216 ἐπὶ
1677 4168 1922 4239 σωτηρίᾳ.

343 4256 439 4310 καὶ
480 4258 593 4311 τῶν
628 4259 688 4310 ἐν
738 4255 887 4327 ᾅδου,
937 4256 1099 4312 πάλιν
1148 4257 1342 4325 ἑτέραν
1392 4255 1646 4327 ἀφορμὴν
1676 4256 1782 4309 ἁπδ
1826 4258 1919 4311 τοῦ

348 4348 581 4401 θανάτου
614 4348 883 4419 λαμὸάνει
920 4346 1015 4401 τοῦ
1046 4348 1254 4419 Κυρίου
1283 4350 1365 4414 εἰς
1413 4348 1761 4419 παράκλησιν
1794 4351 1924 4420 ἁρε-

346 4418 462 4509 τῆς.
529 4440 642 4493 Καί
693 4418 886 4511 Ϋφησιν,
934 4441 1017 4495 ὅτι
1080 4418 1145 4494 Εί
1182 4441 1421 4495 ἀπέθανε
1486 4418 1720 4512 Χριστος
1781 4418 1922 4512 ὑπὲρ

347 4529 501 4599 ἡμῶν
545 4531 714 4602 σαρκὶ
747 4530 829 4601 (οὐ
877 4531 986 4602 γὰρ
1047 4530 1145 4583 καὶ
1181 4535 1247 4602 τῇ
1302 4523 1568 4601 enatam
1610 4531 1777 4584 αὐτοῦ
1830 4535 1924 4584 καὶ

349 4621 465 4693 θεία
490 4620 702 4691 φύσει),
735 4623 954 4687 πάντως
983 4624 1076 4675 καὶ
1107 4622 1265 4692 ὑμεῖς
1292 4623 1651 4685 ἀντιδιδόντες
1679 4622 1923 4693 αὐτῷ,τὸ

347 4714 645 4767 ἀποθανεῖν
677 4713 744 4767 δι’
776 4714 939 4767 αὑτὸν
979 4716 1046 4784 τῇ
1070 4714 1338 4784 ἁμαρτίᾳ,
1369 4715 1470 4767 οὐκ
1520 4712 1604 4767 ἔτι
1642 4712 1923 4785 ἀνθρωπί-

349 4823 464 4867 ναις
532 4805 853 4874 ἐπιθυμίαις
911 4802 1206 4865 ἁλώσεσθε,
1243 4803 1380 4857 ἁλλὰ
1430 4804 1569 4857 κατὰ
1620 4805 1682 4858 τὸ
1714 4804 1923 4875 θέλημα

350 4900 509 4967 μόνον
530 4897 629 4950 τοῦ
659 4897 795 4950 Θεοῦ
823 4898 916 4951 τὸν
944 4896 1234 4953 ἐπίλοιπον
1264 4895 1454 4965 χρόνον
1472 4896 1705 4967 ζήσεσθε
1745 4897 1836 4949 τὸν
1864 4899 1923 4949 ἐν

348 4993 410 5062 τῇ
445 4990 636 5060 σαρκί.
692 5008 714 5044 ι
775 4989 1121 5052 Θανατωθεὶς
1152 4988 1252 5052 μὲν
1283 4990 1466 5060 σαρκί.
1502 5010 1520 5039 ι
1580 4988 1923 5053 Θανατωθεὶς

355 5090 446 5157 μὲν
462 5091 532 5159 τῇ
570 5088 733 5157 φύσει
762 5087 860 5157 τῆς
888 5084 1111 5156 σαρκὸς,
1161 5084 1431 5149 τουτέστι,
1478 5086 1544 5155 τῇ
1579 5083 1920 5155 ἀνθρωπίνῃ,

353 5182 584 5241 ἀναστὰς
631 5178 690 5232 δὲ
744 5180 810 5248 τῇ
866 5176 1096 5247 δυνάμει
1146 5177 1244 5245 τῆς
1304 5176 1577 5245 θεότητος.
1636 5176 1747 5228 Καὶ
1811 5180 1921 5244 γὰρ

357 5271 572 5340 πνεῦμά
596 5272 746 5323 ἐστιν
766 5273 794 5323 ὁ
822 5268 976 5335 θεὸς,
1007 5270 1081 5333 ὡς
1111 5269 1250 5339 αὐτὴ
1300 5272 1401 5340 τῆς
1442 5267 1722 5335 θεολογίας
1772 5268 1922 5337 ἡμᾶς

358 5366 387 5435 ή
422 5362 575 5433 πηγὴ
605 5362 702 5415 καὶ
731 5360 895 5429 σοφία
927 5359 1415 5431 ἐμυσταγώγησεν.

2019 1886 2117 1940 per
2166 1886 2305 1927 arcae
2354 1874 2806 1943 praeparationem
2861 1870 3320 1943 praedicabantur,
3378 1870 3581 1925 servati

2018 1962 2257 2020 fuerunt.
2289 1964 2553 2032 Quoniam
2589 1974 2772 2022 autem
2800 1966 2853 2019 in
2881 1980 3019 2035 aqua
3048 1963 3226 2019 fuerat
3265 1962 3429 2027 salus,
3461 1976 3594 2019 con-

2018 2052 2199 2110 festim
2239 2056 2345 2111 hoc
2381 2057 2451 2111 ad
2492 2071 2707 2139 sacrum
2759 2054 3016 2112 transfert
3060 2054 3351 2123 baptisma,
3397 2061 3453 2107 et
3492 2051 3590 2115 ait,

2017 2148 2164 2218 quod
2189 2162 2328 2218 aqua
2358 2148 2446 2203 illa
2477 2147 2795 2219 designabat
2823 2156 3071 2202 nostrum
3119 2144 3410 2216 baptisma,
3451 2157 3593 2214 qno-

2020 2239 2170 2295 niam
2203 2240 2335 2296 illud
2371 2254 2591 2311 quoque
2616 2237 2852 2295 suﬂ‘ocat
2883 2253 2948 2292 ac
2979 2236 3245 2308 demergit
3280 2234 3592 2291 incredulos

2020 2333 2314 2398 «temones,
2349 2340 2639 2403 servatque
2664 2331 2852 2388 ﬁdeles
2877 2330 2943 2383 ad
2983 2328 3247 2384 Ecclesia:
3283 2342 3463 2383 arcam
3494 2342 3587 2384 ac-

2020 2426 2293 2479 cedentes.
2325 2423 2498 2489 Simul
2528 2431 2709 2478 autem
2738 2422 2870 2478 dicit
2898 2441 2911 2477 :
2938 2420 3411 2488 Quemadmodum
3450 2434 3592 2490 aqua

2021 2516 2178 2571 diluit
2202 2515 2411 2578 sordes,
2457 2516 2537 2572 sic
2580 2524 2635 2571 et
2658 2516 2950 2586 baptisma.
2985 2513 3185 2569 Verum
3219 2528 3333 2569 non
3358 2513 3591 2570 ablatio-

2024 2624 2150 2664 nem
2186 2610 2431 2671 sordium
2469 2609 2652 2664 carnis
2676 2617 2958 2680 cperatur,
2991 2607 3093 2663 sed
3141 2621 3243 2677 per
3285 2606 3592 2678 symbolum

2022 2701 2367 2757 demonstrat
2425 2700 2763 2756 macularum
2831 2699 3032 2754 anima:
3089 2697 3455 2753 ablutionem.
3498 2696 3597 2752 Est

2022 2800 2201 2848 autem
2226 2792 2395 2848 veluti
2422 2792 2589 2847 etiam
2620 2788 2857 2847 arrhabo
2885 2791 3103 2861 quidam
3134 2797 3191 2844 et
3216 2787 3411 2861 pignus
3439 2789 3596 2843 bonae

2022 2899 2150 2956 erga
2196 2884 2367 2940 Deum
2411 2884 2786 2941 conscientiae.
2818 2882 2921 2950 Qui
2958 2884 3104 2938 enim
3144 2882 3287 2938 bene
3326 2881 3431 2937 sibi
3459 2895 3595 2938 con-

2023 2978 2124 3034 SCii
2170 2988 2320 3043 sunt,
2380 2979 2486 3034 hoc
2530 2987 2636 3043 est,
2669 2978 2764 3048 qui
2804 2978 3138 3049 inculpatam
3192 2977 3599 3047 amplectuntur

2024 3069 2298 3134 vitam,°et
2325 3069 2468 3124 illam
2497 3070 2716 3140 penitus
2736 3070 3031 3138 exquirunt
3058 3083 3123 3123 ac
3153 3066 3321 3123 veluti
3357 3065 3597 3120 interro-

2023 3172 2152 3234 gant
2210 3167 2373 3233 (nam
2433 3164 2539 3219 hoc
2607 3163 2857 3218 comitari
2910 3161 3048 3218 solet
3100 3177 3197 3220 eos
3248 3162 3341 3233 qui
3392 3161 3597 3232 aliquid

2021 3262 2291 3322 quaerunt,
2321 3266 2520 3321 nempe
2568 3251 2952 3323 interrogare).
2991 3251 3045 3307 hi
3076 3252 3240 3307 etiam
3271 3252 3338 3306 all
3376 3266 3595 3307 sacrum

2022 3352 2316 3400 accurrunt
2368 3343 2655 3414 baptisma.
2700 3342 2764 3399 Et
2803 3345 2947 3414 quis,
2991 3344 3189 3414 inquit,
3230 3344 3338 3399 hoc
3382 3342 3595 3413 praebet

2024 3443 2086 3489 ut
2108 3435 2427 3505 exquiratur
2452 3450 2517 3491 ac
2545 3442 2770 3505 rogetur
2811 3434 3058 3489 divinum
3091 3434 3361 3503 baptisma
3382 3433 3408 3486 ἵ
3438 3433 3598 3490 Chri—

2023 3526 2093 3580 sti
2119 3527 2468 3582 resurrectio.
2485 3525 2763 3597 Siquidem
2792 3533 2919 3581 ante
2944 3523 3117 3595 ipsius
3140 3524 3595 3581 resurrectionem

2023 3633 2088 3673 ac
2126 3620 2435 3689 passionem
2489 3619 2594 3674 hoc
2646 3617 3000 3674 ostenditur:
3036 3634 3056 3668 ι
3111 3615 3222 3671 Nisi
3281 3615 3406 3686 quis
3435 3624 3598 3672 natus

2026 3708 2196 3764 fuerit
2224 3726 2290 3766 ex
2319 3724 2459 3780 aqua
2488 3717 2544 3763 et
2573 3706 2768 3778 spiritu
2801 3707 2875 3773 ";
2914 3724 2934 3758 ι
2966 3715 3092 3777 post
3135 3705 3595 3761 resurrectionem

2023 3816 2155 3856 vero
2185 3816 2199 3852 :
2229 3801 2617 3872 «Baptizantes
2669 3814 2861 3855 omnes
2908 3804 3097 3869 gentes
3152 3796 3491 3861 accedentes,
3541 3796 3595 3848 in

2022 3890 2244 3945 nomine
2271 3889 2467 3955 Patris,
2507 3897 2562 3943 et
2586 3887 2733 3954 Filii,
2758 3895 2812 3941 et
2835 3885 3069 3955 Spiritus
3093 3884 3265 3940 sancti
3282 3884 3350 3937 ".
3388 3902 3405 3934 ι
3438 3883 3598 3936 Post-

2023 3995 2186 4049 quam
2224 3988 2406 4035 autem
2449 3975 2875 4049 dispensationis
2924 3989 3232 4030 sermonem
3283 3971 3595 4027 conc-lusit:

2024 4071 2148 4127 dico
2193 4079 2374 4126 autem
2436 4070 2760 4125 descensum
2824 4064 3037 4121 Domini
3093 4065 3161 4117 ad
3211 4062 3505 4123 infernum,
3543 4068 3600 4115 et

2023 4178 2188 4233 quam
2239 4162 2310 4216 ob
2348 4174 2568 4216 causam
2609 4173 2676 4213 eo
2715 4158 2879 4213 etiam
2913 4154 3228 4219 accesserit,
3270 4160 3398 4222 puta
3451 4151 3596 4220 quod

2025 4262 2251 4324 propter
2297 4253 2514 4306 illorum
2564 4263 2783 4321 quoque
2832 4245 3062 4302 salutem
3121 4244 3212 4313 qui
3266 4243 3320 4296 in
3384 4241 3598 4293 inferno

2026 4353 2183 4401 erant
2215 4362 2230 4398 :
2261 4344 2421 4398 aliam
2454 4356 2667 4398 rursum
2704 4338 2870 4395 sumit
2897 4352 2926 4393 a
2963 4345 3139 4392 morte
3181 4333 3388 4388 Domini
3435 4347 3598 4386 oeca-

2028 4436 2237 4491 sionem
2266 4435 2335 4488 ad
2373 4433 2588 4488 virtutis
2618 4430 3075 4491 exhortationem,
3117 4433 3171 4479 et
3203 4424 3279 4478 ait
3314 4421 3406 4477 :Si
3436 4422 3601 4475 Chri-

2029 4537 2148 4583 stus
2221 4540 2387 4581 carne
2436 4532 2688 4579 mortuus
2729 4530 2814 4576 est
2842 4536 2943 4591 pro
2991 4518 3152 4574 nobis
3202 4515 3403 4586 (neque
3449 4512 3599 4566 enim

2028 4618 2319 4675 immortali
2360 4633 2457 4672 sua
2483 4625 2539 4672 et
2558 4615 2742 4670 divina
2770 4625 2968 4665 natura
2998 4610 3134 4663 mori
3164 4604 3387 4677 potuit),
3415 4602 3604 4670 utique

2030 4721 2085 4767 ct
2112 4725 2210 4766 vos
2258 4709 2433 4764 vicem
2485 4707 2536 4762 ei
2595 4702 2985 4775 rependentes,
3043 4695 3328 4751 moriendo
3376 4695 3606 4760 peceato

2031 4811 2252 4872 propter
2276 4801 2475 4871 ipsum,
2492 4813 2602 4852 non
2620 4795 2851 4863 amplius
2868 4788 3126 4844 humanis
3147 4778 3609 4853 concupiscentiis

2031 4893 2344 4965 capiemini.
2378 4891 2475 4947 sed
2520 4888 2620 4944 soli
2661 4886 2757 4939 Dei
2792 4880 3062 4937 voluntati
3115 4878 3325 4945 reliquo
3360 4879 3613 4965 tempore

2031 4986 2085 5040 in
2099 4956 2279 5039 carne
2306 4979 2523 5036 vivetis.
2554 4997 2572 5028 ι
2611 4973 2973 5030 Mortiﬁcatus
3018 4967 3243 5037 quidem
3279 4976 3467 5018 carne.
3495 4970 3516 5008 δ
3554 4956 3615 5009 id

2030 5089 2132 5142 cst,
2173 5084 2369 5132 natura
2407 5071 2609 5130 carnis.
2641 5067 2748 5121 hoc
2796 5075 2900 5128 est,
2955 5062 3218 5123 humana,
3277 5054 3371 5110 sed
3425 5062 3620 5104 resur—

2032 5187 2165 5243 gens
2232 5166 2475 5239 potentia
2547 5157 2878 5216 divinitatis.
2950 5152 3183 5243 Etenim;
3244 5145 3471 5243 spiritus
3536 5142 3630 5243 est

2031 5239 2173 5318 Deus
2209 5261 2276 5324 ",
2316 5249 2775 5326 quemadmodum
2805 5247 2928 5316 ipse
2951 5241 3238 5313 theologia:
3258 5239 3381 5292 fons
3421 5245 3488 5285 ac
3536 5241 3633 5281 sa-

2027 5351 2228 5424 pientia
2250 5362 2352 5402 nos
2378 5343 2587 5401 docuit.

2100 5396 2627 5509 il'i,’1§l'2§.'§u
2645 5432 2709 5488 In
2743 5447 2849 5503 quo
2878 5431 3044 5483 etiam
3074 5426 3225 5485 abiit,
3256 5428 3306 5475 et
3354 5396 3654 5509 spiritibus

429 5457 525 5510 Ἐν
554 5449 605 5510 ὦ
624 5454 722 5508 καὶ
741 5453 869 5519 τοῖς
895 5451 1231 5523 ἐνερυλακῇ
1263 5454 1565 5521 πνεύμασι
1593 5451 1925 5521 πορευθεὶς,
2100 5449 2188 5509 111,
2224 5449 2423 5497 19-22.
2460 5449 2627 5507 δια,
2645 5449 2709 5488 1n
2743 5449 2849 5503 quo
2878 5449 3044 5483 etram
3074 5449 3225 5485 αυιιι,
3256 5449 3304 5475 σι
3325 5449 3653 5521 ..ψη-..η-
3712 5488 3725 5503 Ι

440 5550 450 5565 ’
542 5550 597 5567 ’⁷
636 5566 643 5567 “
692 5549 793 5567 3’“-
826 5546 891 5567 ΛΑ
912 5548 1052 5567 ““”⁴’
1090 5561 1225 5567 ”⁴““⁴
1282 5546 1421 5567 ”¹“’“
1442 5543 1597 5567 ³³-““¹“
1622 5542 1926 5567 ’Μ’-βίη·-λ
2036 5539 2119 5567 η·εέ
2148 5542 2293 5567 ου’-κο
2328 5534 2383 5567 3n
2413 5544 2621 5567 Mla-ron
2646 5524 2984 5567 mmdiram'L
3015 5519 3106 5567 αιιί
3134 5512 3494 5567 ἱηοὺθάιρηίϐδ
3528 5499 3667 5567 [ειε-

359 5550 647 5620 ὲκήρυξεν
678 5510 1052 5614 ἀπειθήσασί
1080 5510 1245 5600 ποτε.
1282 5510 1597 5608 Ὀτέᾶπαξ
1615 5510 1920 5612 ἐξεδέχετο

2033 5539 2120 5605 qui
2145 5542 2295 5597 erant
2328 5534 2385 5586 in
2412 5544 2621 5592 carcere
2646 5524 2986 5597 prwdicavit,
3015 5519 3106 5583 qui
3134 5510 3494 5620 inobedrrntcis

362 5591 435 5604 νη.
499 5591 628 5615 νγ,
679 5591 926 5614 ..--.,..,.,..
943 5591 1047 5601 ..η
1080 5591 1245 5600 .---_.
1316 5591 1594 5608 _--..----,
1617 5591 1878 5612 -,--_h--
1900 5591 1917 5594 -

362 5642 393 5705 τ’)
423 5591 525 5694 τῖῦ
563 5639 715 5694 Θεοῦ
740 5640 1117 5709 μακροθυμία
1150 5638 1220 5691 ἐν
1255 5637 1501 5706 ἡμέραις
1535 5636 1683 5700 Νῶε,
1745 5650 1920 5687 κατα-

2036 5591 2157 5682 rant
2202 5593 2491 5697 quondam.
2523 5591 2658 5678 Cum
2688 5615 2854 5672 semel
2881 5608 3285 5677 exspectabatur
3318 5595 3416 5649 Dei

363 5692 796 5802 άκευαζομένᾶς
820 5692 1090 5799 κίϐωτάῦ,
1118 5732 1206 5796 εὶς
1226 5692 1309 5797 ἦλα.
1334 5692 1553 5797 (iurat,
1592 5692 1920 5787 τουτέστιν,

2036 5692 2250 5773 ηὲηιὶιαδ
2268 5718 2319 5770 in
2338 5714 2519 5769 diebus
2546 5710 2687 5773 Noe,
2718 5722 2839 5759 cum
2867 5698 3238 5771 apparabatur
3264 5701 3420 5748 arca,
3450 5694 3517 5731 ιιι
3556 5692 3687 5746 qua

426 5908 474 5944 ⁸³
496 5906 766 5975 Joan.tn,
799 5908 850 5962 5.
931 5907 978 5939 "
1010 5907 1198 5961 Matth.
1235 5923 1424 5972 xum,
1470 5905 1666 5969 l9,20.
1745 5904 1790 5933 ⁸⁸
1822 5901 1978 5957 Jaan.
2043 5912 2117 5961 tv,
2166 5895 2256 5949 2i.
