3850 6606
351 341 459 403 559

1436 344 1771 407 CECUMEN
1779 347 1836 407 II
1866 347 2154 410 TRICC/E
2194 350 2537 413 EPISCOPI

3502 355 3610 417 5ΐο

351 472 553 526 paucae,
569 457 662 510 hoc
685 466 778 522 est,
804 467 915 512 octo
937 457 1129 512 anima:
1145 466 1364 514 servata:
1380 459 1592 531 fuerunt
1605 478 1696 532 per
1707 479 1922 533 aquam.

2041 466 2182 518 ὀκτὼ
2201 465 2395 534 ψυχαὶ
2427 463 2808 534 διεσώθησαν
2838 465 2914 519 δι’
2968 464 3204 530 ὕδατος.
3255 463 3318 516 ὀ
3368 463 3614 519 ἀντίτυ-

351 547 517 618 Cujus
563 549 748 618 ﬁgurae
780 567 917 604 nunc
945 550 1258 620 respondens
1292 551 1575 619 baptisma,
1606 570 1697 607 nos
1727 570 1930 626 quoque

350 643 543 704 salvat,
577 659 678 712 quo
714 659 815 696 non
839 644 1016 697 carnis
1039 643 1219 696 sordes
1243 643 1586 714 objiciuntur,
1620 647 1711 700 sed
1740 663 1840 716 quo
1871 647 1931 715 ﬁt

353 746 409 789 ut
445 737 592 789 bona:
638 736 972 804 cpnscirntia:
1019 735 1290 802 responsio
1315 734 1383 788 sit
1417 735 1559 803 apud
1602 736 1788 799 Deum,
1839 753 1931 804 per

354 828 785 881 resurrectionem
833 827 957 880 Jesu
1014 827 1229 891 Christi,
1287 827 1377 896 qui
1411 835 1484 880 est
1538 827 1609 880 ad
1661 829 1930 881 dexteram

352 918 471 976 Dei.
505 920 764 988 profectus
788 919 842 970 in
887 916 1370 986 caelum-subjectis
1397 918 1499 970 sibi
1532 917 1734 989 angelis
1762 927 1811 972 et
1836 935 1932 988 po-

354 1011 628 1062 testatibus
658 1025 722 1060 ac
751 1008 1050 1061 virtutibus.
1241 1067 1244 1072 ,

429 1119 448 1151 ι
485 1103 540 1154 ln
574 1117 684 1170 quo
728 1102 909 1154 etiam.
946 1118 964 1150 ι
1016 1099 1129 1155 Hoc
1182 1101 1241 1154 ὲν
1263 1093 1306 1168 ᾧ
1359 1102 1652 1156 causaliter
1699 1102 1931 1156 sumitur

353 1208 453 1262 pro
509 1193 652 1247 ldeo.
697 1191 832 1246 Cum
865 1192 1009 1246 enim
1040 1192 1269 1247 dixisset
1293 1194 1435 1262 quod
1463 1209 1560 1263 pro
1597 1193 1755 1248 nobis
1784 1195 1924 1262 inju-

355 1286 453 1340 stis
487 1295 736 1339 mortuus
771 1284 858 1346 sit,
893 1293 946 1340 et
976 1301 1043 1340 ex
1075 1285 1179 1340 hoc
1207 1285 1637 1340 demonstrasset
1665 1286 1807 1356 quod
1833 1299 1932 1355 pro

354 1380 527 1431 salute
562 1377 804 1430 omnium
837 1376 1118 1430 hominum
1151 1385 1380 1430 mortem
1411 1377 1760 1438 sustinuerit.
1795 1376 1931 1430 dicit

354 1488 501 1527 nsuuc
532 1472 677 1542 quod
708 1473 829 1527 ideo
856 1487 1074 1542 quoque
1106 1474 1193 1527 his
1216 1473 1531 1542 praedicavit
1561 1474 1651 1542 qui
1687 1473 1740 1526 in
1766 1471 1932 1526 infer-

355 1580 426 1618 no
467 1565 672 1618 detenti
717 1573 898 1618 erant.
936 1566 1004 1616 Ὃ
1040 1564 1350 1627 ἀντίτυπον,
1385 1573 1492 1618 etc.
1523 1563 1818 1635 (Obscurus
1846 1569 1930 1616 est

357 1656 444 1709 hic
471 1654 796 1710 Graecorum
863 1655 1154 1708 verborum
1213 1664 1523 1721 contextus,
1586 1663 1748 1724 atque
1807 1655 1930 1708 ideo

354 1747 601 1817 pluribus
631 1745 854 1799 vocibus
886 1743 1077 1799 Latine
1111 1745 1392 1799 redditus:
1435 1753 1671 1799 attamen
1714 1745 1929 1800 Graecas

2029 571 2147 609 πον
2172 556 2288 610 νῦν
2311 557 2411 611 καὶ
2464 555 2622 626 ἡμᾶς
2654 556 2820 618 σώζει
2863 556 3201 630 βάπτισμα,
3254 556 3326 610 οὐ
3383 553 3615 623 σαρκὸς

2029 650 2320 718 ἀπόθεσις
2359 652 2561 721 ῥύπου
2589 691 2604 713 .
2674 651 2834 706 ἀλλὰ
2909 650 3326 717 συνειδήσεως
3382 647 3615 716 ἀγαθῆς

2028 743 2380 813 ἐπερώτημα
2433 748 2520 810 εὶς
2567 744 2717 798 Θεὸν
2743 789 2754 807 ,
2807 742 2882 796 δι’
2949 739 3344 806 ἀναστάσεως
3416 739 3613 806 Ἰησοῦ

2029 834 2308 900 Χριστοῦ,
2348 835 2418 900 ὅς
2448 836 2621 888 ἐστιν
2648 835 2716 888 ἐν
2741 834 2910 901 δεξιᾷ
2955 833 3060 888 τοῦ
3115 832 3260 886 Θεοῦ
3301 830 3617 899 πορευθεὶς

2027 927 2114 989 εις
2135 926 2395 992 οὐρανὸν
2425 967 2439 991 ,
2500 925 2921 993 ὑποταγέντων
2967 923 3130 990 αὐτῷ
3185 921 3458 992 ἀγγέλων
3513 919 3616 973 καὶ

2029 1016 2330 1082 ἐξουσιῶν
2353 1017 2450 1070 καὶ
2477 1018 2809 1086 δυνάμεων.

2108 1124 2126 1156 ι
2168 1105 2256 1160 Ἐν
2292 1098 2335 1172 ᾧ
2366 1104 2602 1168 καὶτοῖς
2652 1107 2709 1157 ἐν
2766 1105 3004 1176 φυλακῇ.
3045 1123 3063 1156 ι
3115 1103 3287 1157 Τοῦτο
3343 1102 3466 1156 ἀντὶ
3513 1099 3614 1153 τοῦ

2030 1197 2120 1249 Διὸ
2144 1199 2319 1250 κεῖται
2351 1198 2746 1265 αἰτιολογικῶς.
2798 1195 2982 1251 Εἰπὼν
3020 1197 3128 1267 γὰρ
3179 1197 3260 1250 ὅτι
3307 1195 3447 1263 ὑπὲρ
3502 1193 3617 1246 τῶν

2031 1289 2232 1343 ἀδίκων
2266 1291 2423 1360 ἡμῶν
2459 1291 2719 1355 ἀπέθανε,
2745 1290 2840 1343 καὶ
2865 1294 2927 1344 ὲκ
2964 1289 3156 1342 τούτου
3198 1289 3325 1350 δοὺς
3369 1287 3618 1354 ἔμφασιν

2030 1381 2111 1434 ὅτι
2142 1380 2280 1450 ὑπὲρ
2315 1382 2591 1452 σωτηρίας
2630 1382 2896 1435 ἁπάντων
2931 1377 3342 1450 ἀνθρώπωντδν
3382 1376 3618 1430 θάνατον

2032 1471 2261 1542 ὑπέστη,
2299 1472 2445 1540 λέγει
2481 1475 2562 1526 ὅτι
2601 1472 2680 1526 διὸ
2710 1474 2804 1525 καὶ
2833 1473 2945 1533 τοῖς
2971 1473 3027 1523 ἐν
3054 1469 3132 1538 τῷ
3155 1467 3257 1541 ᾄδῃ
3294 1465 3613 1535 κατεχομέ-

2029 1579 2144 1626 νοις
2175 1562 2459 1634 ὲκήρυξεν.
2493 1581 2510 1611 ι
2553 1565 2617 1616 Ὃ
2647 1563 2964 1616 ἀντίτυπον.
3001 1580 3018 1612 ι
3057 1561 3130 1612 Τὸ
3158 1559 3283 1626 ἑξῆς
3309 1557 3502 1618 οὕτως’
3547 1555 3618 1606 '0

2029 1654 2322 1707 ἀντίτυπον
2355 1656 2449 1707 καὶ
2473 1655 2617 1724 ὑμᾶς
2649 1654 2810 1719 σώζει
2836 1653 2933 1706 νῦν
2965 1651 3250 1722 βάπτισμα
3287 1651 3348 1702 οὐ
3406 1646 3617 1718 capaci;

2035 1745 2210 1817 ῥύπου
2244 1745 2303 1798 ὃν
2334 1746 2612 1812 ἀπόθεσις,
2652 1744 2791 1798 ἀλλὰ
2827 1743 3188 1813 συνειδήσεως
3243 1739 3460 1808 ἀγαθῆς
3514 1739 3618 1804 τῆς

355 1811 620 1893 ιιίριῑοιιεε
647 1838 714 1890 ad
759 1838 985 1890 verbum
1017 1837 1315 1900 reddendo,
1345 1837 1418 1891 ita
1447 1838 1851 1892 ordinabuntur
1885 1838 1924 1906 ἐ)

2041 1811 2111 1898 εἰς
2138 1837 2288 1899 Θεὸν,
2321 1837 2440 1907 ἦτοι
2494 1811 2634 1890 κατὰ
2671 1836 2825 1890 Θεόν.
2885 1811 3267 1901 Ἔπερώτημα
3303 1831 3385 1892 δὲ,
3426 1826 3619 1880 τουτέ-

356 1929 511 1994 Quod
554 1927 738 1997 ﬁgurae
788 1928 1122 1996 respondens
1149 1943 1246 1981 vos
1290 1941 1505 1996 quoque
1559 1928 1731 1981 salvat
1781 1941 1927 1981 nunc

358 2019 648 2088 baptisma.
682 2017 825 2087 quod
855 2033 966 2088 non
1017 2017 1240 2086 rejectio
1291 2024 1377 2070 est
1425 2017 1666 2071 sordium
1719 2017 1923 2080 carnis,

356 2111 448 2164 Sed
502 2108 834 2179 ἐπερώτημα
878 2107 1226 2162 conscientiae
1266 2110 1420 2162 bonae
1482 2123 1604 2177 quae
1646 2107 1713 2162 ad
1755 2107 1925 2164 Deum

2035 1944 2170 1994 στιν,
2209 1927 2486 1999 ἀρραϐὼν,
2517 1928 2791 1999 ἐνέχυρον,
2827 1924 3126 1990 ἀπόδειξις.
3196 1942 3215 1976 ι
3264 1919 3612 1988 ’Υποταγένο

2033 2037 2140 2072 των
2178 2019 2329 2091 αὐτῷ
2385 2021 2654 2089 ἀγγέλων,
2708 2040 2726 2072 ι
2767 2019 2846 2089 τῷ
2894 2017 3163 2091 ήνωμένῳ
3212 2014 3290 2087 τῷ
3334 2011 3612 2085 ἀνθρώπῳ

2035 2112 2300 2181 δηλονότι.

354 2211 460 2264 est,
483 2200 598 2253 sive
621 2200 915 2254 secundum
943 2197 1130 2252 Deum.
1155 2197 1332 2253 Porro
1356 2198 1711 2271 ἐπερώτημα,
1744 2200 1847 2254 hoc
1881 2210 1984 2268 est,
2010 2203 2263 2272 arrhabo,
2286 2205 2500 2278 pignus,
2540 2203 2953 2262 demonstratio.
2996 2223 3015 2258 ι
3048 2203 3317 2275 Subjectis
3360 2202 3461 2258 sibi
3499 2215 3618 2256 an-

355 2298 508 2368 gelis,
551 2315 569 2348 ι
604 2297 756 2350 unito
789 2295 995 2350 homini
1018 2294 1290 2349 videlicet.

972 2405 1200 2464 CAPUT
1246 2405 1312 2461 ν.

357 2523 430 2576 De
479 2521 754 2590 rejectione
821 2536 1107 2588 pravarum
1160 2519 1448 2584 actionum,
1511 2527 1560 2573 et
1631 2521 1935 2590 repetitione

427 2595 693 2663 fructuum
724 2592 776 2643 in
807 2591 995 2660 spiritu
1011 2590 1170 2659 juxta
1208 2590 1464 2644 donorum
1487 2591 1860 2646 diversitatem.

411 2743 528 2809 .IV,
564 2743 587 2796 l
630 2743 681 2797 5.
713 2741 843 2798 Cum
881 2743 1041 2813 igitur
1071 2742 1306 2798 Christus
1336 2758 1522 2813 passus
1570 2745 1638 2798 sit
1663 2760 1758 2814 pro
1790 2744 1932 2800 vobis

358 2850 539 2897 carne,
582 2841 630 2886 et
655 2849 742 2886 vos
753 2833 913 2901 juxta
943 2837 1178 2886 eamdem
1205 2833 1572 2903 cogitationem
1613 2835 1890 2888 armemini
1911 2849 1930 2888 :

358 2926 496 2996 quod
524 2925 612 2988 qui
631 2941 818 2993 passus
840 2933 911 2977 est
937 2925 990 2978 in
1010 2940 1185 2987 carne,
1208 2925 1402 2978 destitit
1429 2941 1459 2977 α
1485 2934 1696 2993 peccato
1721 2941 1739 2978 :
1758 2926 1812 2979 in
1836 2925 1931 2978 hoc

357 3031 413 3075 ut
430 3021 677 3089 jamnon
694 3018 1123 3085 concupiscentiis
1139 3017 1427 3082 hominum,
1451 3019 1541 3070 sed
1565 3017 1818 3070 voluntati
1838 3017 1932 3071 Dei

2649 2407 2901 2462 ΚΕΦΛΛ.
2931 2405 3008 2461 Ε’.

2038 2525 2177 2594 Περὶ
2205 2523 2547 2589 ἀποθέσεως
2580 2523 2830 2594 φαύλων
2883 2519 3199 2594 πράξεωνι
3239 2517 3337 2572 καὶ
3383 2516 3618 2594 ἐπανα-

2107 2586 2350 2664 λήψεως
2386 2586 2625 2664 rum—e3!-
2669 2586 2960 2664 πνεύματι
3003 2587 3247 2658 καρπῶν
3299 2587 3453 2641 κατὰ
3498 2586 3620 2654 τὴν

2109 2662 2406 2734 διαφορὰν
2439 2663 2557 2716 τῶν
2581 2662 2986 2732 χαρισμάτων.

2109 2757 2370 2826 Χριστοῦ
2392 2751 2506 2810 οὖν
2528 2756 2827 2820 παθόντος
2853 2751 3021 2825 ὑπὲρ,
3042 2749 3211 2820 ὑμῶν
3247 2749 3431 2816 σαρκί
3447 2789 3463 2813 ,
3510 2743 3615 2801 θέαι

2037 2847 2209 2916 ὑμεῖς
2231 2847 2346 2912 τὴν
2366 2843 2560 2910 αὐτὴν
2595 2845 2838 2897 ἔννοιαν
2882 2842 3242 2896 ὁπλίσασθε.
3283 2839 3409 2891 Ὀτι
3433 2841 3467 2891 d
3507 2853 3618 2890 πα-

2039 2934 2160 2990 θὼν
2175 2936 2243 2988 ἐν
2279 2933 2457 3003 σαρκὶ
2481 2933 2779 2986 πέπαυται
2805 2930 3116 2999 ἁμαρτίας,
3150 2929 3238 2994 εις
3283 2929 3349 2981 τὸ
3395 2927 3616 2997 μηκέτι

2038 3028 2362 3096 ἀνθρώπιον
2391 3027 2748 3094 ἐπιθυμίαις,
2776 3024 2936 3078 ἀλλὰ
2969 3022 3256 3091 θελήματι
3304 3020 3472 3081 Θεοῦ,
3505 3019 3620 3072 τὸν

359 3113 754 3177 auodsnpercst
783 3111 836 3162 in
862 3125 1019 3162 carne
1047 3109 1248 3177 tempus
1292 3110 1450 3162 vivat.
1495 3109 1593 3164 Sat
1624 3112 1762 3163 enim
1789 3111 1931 3163 nobis

2041 3120 2351 3172 ἐπίλοιπον
2370 3118 2440 3170 ἐν
2467 3118 2646 3183 σαρκὶ
2676 3115 2898 3180 βιῶσαι
2930 3115 3174 3183 χρόνον.
3200 3110 3462 3180 Ἀρκετὸς
3501 3108 3618 3177 γὰρ

361 3207 498 3276 quod
543 3213 786 3256 anteacta
834 3201 995 3271 515
1043 3211 1271 3270 tempore
1325 3203 1443 3255 vita:
1474 3204 1564 3272 qui
1612 3203 1934 3256 voluntatem

360 3297 594 3367 gentium
639 3297 1043 3363 patraverimus,
1083 3309 1200 3346 cum
1241 3309 1569 3346 versaremur
1598 3295 1653 3347 in
1685 3295 1932 3360 lasciviis,

359 3388 809 3456 concupiscentiis,
841 3386 1158 3450 vinolentiis,
1192 3387 1680 3452 comessationibus,
1720 3403 1931 3456 compo-

354 3479 668 3537 tationibus,
710 3486 756 3530 et
811 3478 1028 3546 nefariis
1057 3477 1466 3530 simulacrorum
1503 3477 1752 3531 cultibus.
1791 3477 1936 3532 Unde

361 3585 550 3623 novum
595 3569 798 3622 videtur
823 3567 929 3620 illis
968 3566 1416 3620 calumniantibus
1455 3568 1592 3638 quod
1621 3585 1723 3622 non
1749 3586 1936 3622 accur-

363 3661 494 3714 ratis
515 3675 619 3712 una
639 3675 755 3711 cum
782 3659 906 3726 ipsis
939 3657 994 3710 in
1023 3657 1262 3711 eamdem
1290 3657 1445 3710 luxus
1472 3658 1806 3728 refusionem.
1833 3658 1934 3722 Qui

363 3752 619 3806 reddituri
641 3764 757 3803 sunt
805 3749 1066 3802 rationem
1109 3748 1165 3814 ei
1194 3749 1285 3818 qui
1314 3756 1536 3815 paratus
1584 3757 1660 3801 est
1695 3750 1764 3801 ad
1787 3748 1938 3817 judi-

359 3844 586 3900 candum
625 3844 760 3896 vivos
789 3858 853 3895 ac
878 3851 1131 3894 mortuos.

433 3935 580 3990 Ordo
614 3935 735 3989 talis
760 3941 843 3986 est
876 3949 889 3984 :
927 3933 1061 3985 Cum
1108 3931 1271 4001 igitur
1313 3931 1560 3987 Christus
1597 3939 1842 3985 mortuus
1868 3931 1939 3985 sit

364 4039 550 4085 (ante.
571 4039 668 4078 vos
694 4036 913 4091 quoque
938 4021 1091 4089 jmta
1109 4021 1355 4076 eamdem
1379 4022 1760 4091 cogitationem
1789 4021 1935 4075 ordi-

367 4117 565 4171 nemini
599 4133 611 4168 :
644 4130 768 4168 nam
801 4113 999 4166 mortui
1025 4114 1158 4167 estis
1187 4121 1373 4178 etvos,
1395 4114 1610 4167 .mundo
1641 4113 1888 4168 videlicet
1919 4131 1933 4168 :

361 4225 524 4279 porro
573 4209 663 4277 qui
713 4218 962 4262 mortuus
1019 4216 1124 4272 est,
1178 4207 1415 4260 cessavit
1445 4221 1476 4259 a
1542 4217 1786 4275 peccato,
1827 4215 1932 4260 etc.

2034 3208 2179 3277 ἡμῖν
2211 3211 2244 3262 d
2282 3206 2715 3276 παρεληλυθὼς
2739 3206 2957 3274 χρόνος
2975 3203 3081 3257 τοῦ
3097 3204 3263 3268 βίου,
3290 3205 3355 3256 τὸ
3379 3202 3618 3271 θέλημα

2035 3300 2154 3355 τῶν
2201 3298 2390 3354 ἐθνῶν
2439 3298 2921 3369 κατεργάσασθαι
2951 3336 2964 3360 ,
3039 3293 3482 3363 πορευομένους
3545 3292 3621 3346 ἐν

2035 3396 2397 3463 ἀσελγείαις,
2456 3393 2796 3458 ἐπιθυμίαις
2826 3429 2841 3454 ,
2890 3391 3323 3459 οινιῖφλυγίαις,
3371 3388 3614 3455 κώμοις,

2035 3485 2258 3548 πότοις,
2280 3481 2377 3534 καὶ
2401 3482 2698 3548 ἀθεμίτοις
2711 3479 3243 3546 εὶδωλολατρείαις.
3272 3479 3375 3531 Ἔν
3388 3472 3439 3530 ὦ
3455 3477 3620 3541 ξενί-

2037 3574 2249 3637 ζονται,
2277 3572 2366 3643 μὴ
2397 3571 2854 3638 συντρεχόντων
2903 3568 3072 3638 ὑμῶν
3117 3571 3203 3634 εις
3251 3569 3368 3634 τὴν
3415 3567 3620 3633 αὐτὴν

2037 3665 2148 3733 τῆς
2181 3666 2442 3730 ἀσωτίας
2475 3663 2799 3731 ἀνάχυσιν,
2820 3659 3358 3730 βλασφημοῦντες.
3382 3659 3452 3711 οἳ
3475 3659 3620 3712 ἀπο·

2036 3758 2304 3832 ᾂώσουσι
2351 3758 2539 3825 λόγον
2578 3755 2658 3820 τῷ
2705 3755 2952 3824 ἑτοίμως
3005 3753 3199 3822 κρῖναι
3246 3749 3469 3816 ζῶντας
3512 3748 3618 3803 και

2036 3852 2310 3919 νεκρούς.

2110 3944 2325 4014 Τὸὲξῆς
2351 3941 2544 4005 οὕτως’
2586 3939 2822 4012 Χριστοῦ
2857 3932 2954 3994 οὖν
3003 3937 3365 3999 ἀποθανόντος
3421 3933 3614 4005 σαρκὶ,

2040 4033 2134 4085 καὶ
2154 4033 2310 4100 ὑμεῖς
2359 4032 2502 4084 κατὰ
2565 4028 2663 4098 τὴν
2711 4029 2882 4099 αὐτὴν
2938 4027 3146 4080 ἔννοιαν
3196 4023 3611 4096 εὑτρεπίσεσθε.
3680 4067 3685 4071 .

2052 4124 2379 4178 Ἀπεθάνετε
2406 4123 2514 4192 γὰρ
2548 4124 2644 4175 καὶ
2669 4121 2852 4190 ὑμεῖς,
2883 4119 2961 4189 τῷ
2995 4122 3184 4189 κόσμῳ
3240 4116 3502 4184 δηλονότι.
3553 4115 3613 4168 Ὀ

2039 4216 2096 4268 δὲ
2130 4215 2438 4280 ἀποθανὼν,
2467 4214 2742 4266 πέπαυται
2773 4213 3068 4281 ἁμαρτίας,
3107 4211 3200 4262 καὶ
3228 4209 3379 4276 ἑξῆς.
3423 4224 3444 4258 ι
3487 4205 3616 4277 Ἀρ-

372 4321 388 4352 ι
425 4300 519 4356 Sat
550 4302 696 4354 enim
733 4300 908 4355 nobis.
943 4317 961 4350 ι
996 4297 1122 4352 Sive
1166 4299 1382 4351 abunde
1435 4298 1487 4350 in
1535 4299 1644 4351 vita
1692 4307 1931 4352 anteacta

2041 4304 2212 4367 κετῶς
2240 4306 2518 4374 γάρήμῖν.
2558 4321 2576 4354 ι
2612 4303 2768 4355 Ἤτοι
2813 4302 3014 4364 ἱκανῶς
3059 4300 3200 4355 κατὰ
3247 4299 3338 4352 τὸν
3367 4297 3613 4365 παρελη-

363 4395 698 4448 voluntatem
729 4393 969 4462 gentium
1014 4389 1223 4458 operati
1269 4404 1458 4443 sumus
1496 4405 1509 4439 τ
1542 4387 1646 4442 hoc
1685 4398 1786 4451 est,
1810 4406 1931 4460 gen-

2041 4397 2237 4450 λυθότα
2265 4395 2397 4465 βίον.
2425 4395 2498 4448 Τὸ
2522 4394 2734 4463 θέλημα
2752 4394 2860 4447 τῶν
2894 4393 3063 4446 ἐθνῶν
3095 4389 3610 4461 κατειργασάμεθα.

363 4487 529 4540 tiliter
599 4485 850 4547 viximus,
902 4482 1219 4536 incedentes
1285 4482 1526 4551 gentium
1597 4496 1768 4535 more.
1820 4483 1931 4536 Ideo

2041 4489 2338 4551 τουτέστιν,
2374 4487 2600 4548 ἐθνικῶς
2643 4471 2939 4554 ἐζήσαμεν,
3001 4481 3397 4550 πεπορευμένοι
3429 4478 3504 4541 ὡς
3541 4477 3613 4530 τὰ

362 4587 552 4648 gentes
591 4589 738 4629 nunc
772 4574 888 4628 haec
921 4573 1283 4627 demirantur.
1311 4590 1330 4623 ι
1367 4572 1622 4626 Eamdem
1657 4574 1938 4643 cogitatio-

360 4681 507 4721 nem.
535 4685 553 4717 ι
592 4664 705 4718 Hoc
752 4665 1031 4731 est,juxta
1074 4663 1320 4717 eamdem
1367 4663 1722 4718 intentionem
1763 4665 1938 4718 idem-

359 4774 465 4829 que
507 4753 1023 4827 pr0positum.Nam
1079 4768 1176 4824 per
1223 4754 1496 4809 detectum
1549 4755 1937 4825 propositionis

362 4849 600 4912 κατά,ἱά
643 4849 933 4918 est,juxla,
954 4847 1159 4901 dictum
1200 4856 1342 4902 est.¢
1373 4846 1473 4912 Qui
1520 4863 1712 4917 passus
1753 4857 1836 4902 est
1881 4848 1934 4900 in

362 4957 558 4998 carne:
597 4961 614 4994 ι
655 4941 758 4996 hoc
787 4949 890 5003 est,
937 4940 1181 4994 Mortuus
1207 4949 1311 5004 est,
1341 4941 1535 4994 similia
1568 4941 1754 4995 dicens
1803 4953 1927 4993 cum

365 5036 530 5088 Paulo
554 5050 567 5088 :
592 5053 609 5084 ι
631 5033 686 5085 Si
718 5032 913 5086 mortui
948 5046 1136 5087 sumus
1169 5048 1291 5087 cum
1322 5031 1563 5096 Christo,
1591 5033 1754 5086 etiam
1785 5031 1934 5083 vive-

362 5143 485 5182 mus
523 5141 645 5179 cum
686 5139 766 5178 eo.
799 5122 865 5177 Et
917 5123 1114 5178 mortui
1159 5125 1379 5193 quidem
1436 5125 1642 5178 erimus
1685 5132 1929 5192 peccato,

361 5220 457 5275 sed
475 5220 721 5272 vivemus
745 5216 854 5268 Deo
876 5216 944 5269 ⁵³.
968 5233 1088 5266 ι-ι
1122 5215 1216 5270 Sat
1234 5216 1380 5270 enim
1399 5215 1576 5269 nobis.
1609 5232 1627 5265 ι
1653 5213 1928 5283 Tanquam

358 5314 562 5368 diceret
612 5307 791 5372 :Quid
845 5308 1075 5362 autem?
1130 5324 1312 5362 annon
1369 5308 1582 5362 abunde
1640 5308 1794 5363 vobis
1843 5316 1926 5363 est

356 5405 502 5474 quod
531 5412 681 5458 tanto
713 5403 837 5456 vitae
866 5410 1111 5471 tempore
1153 5400 1316 5454 simul
1353 5399 1694 5454 indulseritis
1731 5401 1926 5470 volup-

357 5493 590 5548 tatibus?
616 5507 796 5548 annon
843 5491 1092 5547 similiter
1120 5499 1182 5545 ut
1243 5499 1298 5545 et
1327 5499 1516 5562 gentes
1558 5491 1757 5546 lascive
1789 5493 1926 5546 vixi-

355 5585 497 5640 stis?
526 5595 580 5640 et
625 5599 746 5654 quae
783 5583 992 5639 fuerint
1045 5580 1277 5638 lasciviae
1324 5597 1390 5640 ac
1436 5583 1840 5652 obscoenitates,
1871 5584 1924 5638 in

425 5765 468 5798 ”
530 5761 683 5817 Rem.
731 5777 807 5827 vr,
859 5759 1008 5815 8-10.

2037 4579 2186 4650 ἔθνη.
2222 4580 2422 4648 Διόπερ
2451 4576 2620 4631 ταῦτα
2647 4579 2710 4630 τὰ
2741 4577 2865 4646 ἔθνη
2897 4575 2992 4628 νῦν
3022 4574 3340 4638 ξενίζονται.
3379 4590 3396 4621 ι
3427 4570 3610 4638 Αὐτὴν

2037 4671 2267 4724 ἔννοιαν.
2297 4689 2315 4723 ι
2363 4671 2508 4724 Ἀντὶ
2532 4669 2625 4722 τοῦ
2657 4671 2797 4727 κατὰ
2829 4669 2925 4739 τὴν
2964 4667 3133 4736 αὐτὴν
3186 4665 3417 4729 ἔννοιαν,
3467 4663 3610 4716 κατὰ

2033 4763 2126 4814 τὸν
2147 4761 2310 4814 αὐτὸν
2339 4761 2560 4814 σκοπόν.
2610 4758 2994 4820 Ἐλλειπτικῶς
3027 4758 3135 4825 γὰρ
3164 4757 3263 4824 τῆς
3291 4757 3448 4807 Κατὰ
3474 4770 3605 4824 προ-

2036 4853 2236 4916 θέσεως
2260 4853 2495 4922 εἴρηται.
2539 4869 2556 4902 ι
2613 4851 2669 4904 Ὁ
2705 4849 2891 4902 παθὼν
2922 4850 2978 4901 ὲν
3012 4845 3193 4917 σαρκί.
3229 4863 3248 4896 ι
3295 4845 3441 4897 ’Δντὶ
3487 4843 3603 4906 τοῦ,

2052 4944 2109 4994 '0
2131 4940 2438 5008 ἀποθανὼν,
2472 4943 2633 5010 ὃμοια
2664 4939 2860 5009 Παύλῳ
2887 4938 3081 5005 λέγων’
3125 4956 3140 4987 ι
3183 4935 3242 4988 Εἰ
3265 4935 3607 5002 ἀπεθάνομεν

2039 5035 2136 5088 σὺν
2169 5033 2410 5104 Χριστῷ,
2440 5032 2534 5085 καὶ
2584 5030 2890 5100 συζήσομεν
2935 5027 3104 5097 αὐτῷ.
3141 5028 3248 5080 Καὶ
3269 5027 3454 5094 νεκροὶ
3509 5023 3606 5092 μὲν

2038 5127 2274 5196 ἐσόμεθα
2295 5128 2360 5195 τῇ
2393 5124 2659 5195 ἁμαρτίᾳ,
2692 5121 2888 5185 ζῶντες
2911 5119 2968 5171 δὲ
3003 5118 3078 5188 τῷ
3102 5117 3242 5188 Θεῷ.
3283 5135 3300 5168 ι
3325 5145 3393 5155 --
3427 5133 3444 5165 ι
3480 5115 3607 5185 Ἀρ·

2038 5218 2213 5282 κετῶς
2275 5218 2384 5288 γὰρ
2441 5218 2593 5286 ἡμῖν.
2664 5234 2682 5266 ι
2759 5214 3011 5282 Ὠσπερεὶ
3038 5211 3242 5278 ἔλεγεν,
3278 5208 3419 5262 Τίδὲ
3446 5223 3461 5274 ;
3493 5208 3602 5260 οὐκ

2036 5305 2347 5377 ἡρκέσθητε
2377 5304 2632 5358 τοσοῦτον
2657 5303 2848 5374 χρόνον
2879 5305 2996 5366 ταῖς
3027 5300 3118 5354 τοῦ
3152 5301 3268 5371 βὶου
3318 5299 3599 5364 συνεξετα-

2035 5397 2256 5466 ζόμενοι
2307 5394 2700 5466 ἡδυπαθείαιςς
2759 5393 2792 5463 ἢ
2853 5393 2950 5462 οὐχ
2985 5390 3187 5461 ὁμοίως
3228 5393 3340 5452 τοῖς
3393 5389 3600 5442 ἔθνεσιν

2034 5488 2284 5556 ἀσελγῶς
2308 5485 2608 5554 ὲ6ιώσατε;
2639 5483 2735 5538 καὶ
2755 5484 2874 5537 τίνα
2906 5483 2975 5536 τὰ
3031 5481 3236 5552 ἀσελγῆ
3293 5481 3413 5534 κατ’
3464 5474 3599 5542 εἶδος

2036 5582 2253 5650 ιπὰγει,
2303 5578 2581 5649 ἐντρέπων
2613 5574 2832 5640 αὐτούς.
2870 5592 2889 5628 ι
2933 5572 3337 5644 Οἰνοφλυγίαις.
3376 5591 3397 5625 ι
3450 5572 3598 5625 Οἰνο-
