  <div class='ocr_page' id='page_1' title='image "/cluster/home/n/w/nwhite01/storage/ocr_20150623/119/hvd.32044019208156/289.png"; bbox 0 0 3850 6566; ppageno 0'>
   <div class='ocr_carea' id='block_1_1' title="bbox 419 378 529 445">
    <p class='ocr_par' dir='ltr' id='par_1_1' title="bbox 419 378 529 445">
     <span class='ocr_line' id='line_1_1' title="bbox 419 378 529 445; baseline -0.036 1"><span class='ocrx_word' id='word_1_1' title='bbox 419 378 529 445; x_wconf 77' lang='lat'><strong>553</strong></span> 
     </span>
    </p>
   </div>
   <div class='ocr_carea' id='block_1_2' title="bbox 1482 389 3596 487">
    <p class='ocr_par' dir='ltr' id='par_1_2' title="bbox 1482 389 3596 487">
     <span class='ocr_line' id='line_1_2' title="bbox 1482 389 3596 487; baseline 0.018 -40"><span class='ocrx_word' id='word_1_2' title='bbox 1482 389 1877 450; x_wconf 80' lang='lat' dir='ltr'><strong>(ECUMENII</strong></span> <span class='ocrx_word' id='word_1_3' title='bbox 1917 389 2204 450; x_wconf 72' lang='lat' dir='ltr'><strong>TRICC.E</strong></span> <span class='ocrx_word' id='word_1_4' title='bbox 2248 392 2586 454; x_wconf 81' lang='lat' dir='ltr'><strong>EPISCOPI</strong></span> <span class='ocrx_word' id='word_1_5' title='bbox 3514 421 3596 487; x_wconf 70' lang='lat' dir='ltr'><strong>set</strong></span> 
     </span>
    </p>
   </div>
   <div class='ocr_carea' id='block_1_3' title="bbox 419 498 1986 608">
    <p class='ocr_par' dir='ltr' id='par_1_3' title="bbox 419 498 1986 579">
     <span class='ocr_line' id='line_1_3' title="bbox 419 498 1986 579; baseline 0.007 -28"><span class='ocrx_word' id='word_1_6' title='bbox 419 498 586 553; x_wconf 77' lang='lat' dir='ltr'><strong>vitam</strong></span> <span class='ocrx_word' id='word_1_7' title='bbox 612 499 870 570; x_wconf 87' lang='lat' dir='ltr'><strong>priorem.</strong></span> <span class='ocrx_word' id='word_1_8' title='bbox 905 500 1019 558; x_wconf 87' lang='lat' dir='ltr'><strong>Hoc</strong></span> <span class='ocrx_word' id='word_1_9' title='bbox 1067 514 1249 560; x_wconf 88' lang='lat' dir='ltr'><strong>autem</strong></span> <span class='ocrx_word' id='word_1_10' title='bbox 1304 516 1386 562; x_wconf 87' lang='lat' dir='ltr'><strong>est</strong></span> <span class='ocrx_word' id='word_1_11' title='bbox 1452 508 1638 564; x_wconf 77' lang='lat' dir='ltr'><strong>vivere</strong></span> <span class='ocrx_word' id='word_1_12' title='bbox 1703 510 1851 579; x_wconf 88' lang='lat' dir='ltr'><strong>ipsos</strong></span> <span class='ocrx_word' id='word_1_13' title='bbox 1891 510 1986 578; x_wconf 80' lang='lat' dir='ltr'><strong>Spi-</strong></span> 
     </span>
    </p>
   </div>
   <div class='ocr_carea' id='block_1_4' title="bbox 2091 498 3598 608">
    <p class='ocr_par' dir='ltr' id='par_1_4' title="bbox 2107 515 3598 608">
     <span class='ocr_line' id='line_1_4' title="bbox 2107 515 3598 608; baseline 0.023 -46"><span class='ocrx_word' id='word_1_14' title='bbox 2107 516 2386 583; x_wconf 85' lang='grc' dir='ltr'><strong>προτέρων</strong></span> <span class='ocrx_word' id='word_1_15' title='bbox 2418 515 2765 592; x_wconf 25' lang='grc' dir='ltr'>κοτάγνωσις-</span> <span class='ocrx_word' id='word_1_16' title='bbox 2791 517 3183 590; x_wconf 74' lang='grc' dir='ltr'>εὐθυμοτέρους</span> <span class='ocrx_word' id='word_1_17' title='bbox 3207 526 3386 595; x_wconf 69' lang='grc' dir='ltr'>αὐτοὺς</span> <span class='ocrx_word' id='word_1_18' title='bbox 3415 542 3525 608; x_wconf 74' lang='grc' dir='ltr'><strong>περί</strong></span> <span class='ocrx_word' id='word_1_19' title='bbox 3548 550 3598 598; x_wconf 72' lang='grc' dir='ltr'>τὰ</span> 
     </span>
    </p>
   </div>
   <div class='ocr_carea' id='block_1_5' title="bbox 421 591 1986 689">
    <p class='ocr_par' dir='ltr' id='par_1_5' title="bbox 421 591 1986 668">
     <span class='ocr_line' id='line_1_5' title="bbox 421 591 1986 668; baseline 0.008 -27"><span class='ocrx_word' id='word_1_20' title='bbox 421 592 530 644; x_wconf 88' lang='lat' dir='ltr'><strong>ritu</strong></span> <span class='ocrx_word' id='word_1_21' title='bbox 570 591 684 645; x_wconf 82' lang='lat' dir='ltr'><strong>sive</strong></span> <span class='ocrx_word' id='word_1_22' title='bbox 732 592 840 646; x_wconf 88' lang='lat' dir='ltr'><strong>vita</strong></span> <span class='ocrx_word' id='word_1_23' title='bbox 876 595 1178 650; x_wconf 92' lang='lat' dir='ltr'><strong>secundum</strong></span> <span class='ocrx_word' id='word_1_24' title='bbox 1214 595 1534 653; x_wconf 82' lang='lat' dir='ltr'><strong>Christum:</strong></span> <span class='ocrx_word' id='word_1_25' title='bbox 1596 615 1722 652; x_wconf 84' lang='lat' dir='ltr'><strong>nam</strong></span> <span class='ocrx_word' id='word_1_26' title='bbox 1755 601 1986 668; x_wconf 83' lang='lat' dir='ltr'><strong>priorum</strong></span> 
     </span>
    </p>
   </div>
   <div class='ocr_carea' id='block_1_6' title="bbox 2091 591 3599 689">
    <p class='ocr_par' dir='ltr' id='par_1_6' title="bbox 2099 591 3599 689">
     <span class='ocr_line' id='line_1_6' title="bbox 2099 591 3599 689; baseline 0.017 -34"><span class='ocrx_word' id='word_1_27' title='bbox 2099 603 2192 656; x_wconf 88' lang='grc' dir='ltr'><strong>νῦν</strong></span> <span class='ocrx_word' id='word_1_28' title='bbox 2220 605 2310 657; x_wconf 77' lang='grc' dir='ltr'>καὶ</span> <span class='ocrx_word' id='word_1_29' title='bbox 2341 606 2479 674; x_wconf 87' lang='grc' dir='ltr'><strong>μετά</strong></span> <span class='ocrx_word' id='word_1_30' title='bbox 2519 608 2706 676; x_wconf 85' lang='grc' dir='ltr'>χεῖρας</span> <span class='ocrx_word' id='word_1_31' title='bbox 2735 591 2898 659; x_wconf 81' lang='grc' dir='ltr'>ποιεῖ.</span> <span class='ocrx_word' id='word_1_32' title='bbox 2937 609 3189 665; x_wconf 80' lang='grc' dir='ltr'>Κάκεῖνοι</span> <span class='ocrx_word' id='word_1_33' title='bbox 3245 616 3336 684; x_wconf 78' lang='grc' dir='ltr'>μὲν</span> <span class='ocrx_word' id='word_1_34' title='bbox 3360 591 3525 689; x_wconf 49' lang='grc' dir='ltr'>οὕτως.</span> 
     </span>
    </p>
   </div>
   <div class='ocr_carea' id='block_1_7' title="bbox 419 681 1995 760">
    <p class='ocr_par' dir='ltr' id='par_1_7' title="bbox 419 681 1995 760">
     <span class='ocr_line' id='line_1_7' title="bbox 419 681 1995 760; baseline 0.009 -28"><span class='ocrx_word' id='word_1_35' title='bbox 419 681 800 739; x_wconf 69' lang='lat' dir='ltr'><strong>condemnatio</strong></span> <span class='ocrx_word' id='word_1_36' title='bbox 855 689 1218 756; x_wconf 77' lang='lat' dir='ltr'><strong>promptiores</strong></span> <span class='ocrx_word' id='word_1_37' title='bbox 1264 688 1410 757; x_wconf 89' lang='lat' dir='ltr'><strong>ipsos</strong></span> <span class='ocrx_word' id='word_1_38' title='bbox 1451 690 1631 744; x_wconf 88' lang='lat' dir='ltr'><strong>reddit</strong></span> <span class='ocrx_word' id='word_1_39' title='bbox 1670 691 1815 745; x_wconf 90' lang='lat' dir='ltr'><strong>circa</strong></span> <span class='ocrx_word' id='word_1_40' title='bbox 1852 708 1995 760; x_wconf 68' lang='lat' dir='ltr'><strong>prae-</strong></span> 
     </span>
    </p>
   </div>
   <div class='ocr_carea' id='block_1_8' title="bbox 419 774 1992 852">
    <p class='ocr_par' dir='ltr' id='par_1_8' title="bbox 419 774 1992 852">
     <span class='ocr_line' id='line_1_8' title="bbox 419 774 1992 852; baseline 0.006 -25"><span class='ocrx_word' id='word_1_41' title='bbox 419 774 593 828; x_wconf 89' lang='lat' dir='ltr'><strong>sentia</strong></span> <span class='ocrx_word' id='word_1_42' title='bbox 616 785 670 830; x_wconf 86' lang='lat' dir='ltr'><strong>et</strong></span> <span class='ocrx_word' id='word_1_43' title='bbox 701 791 763 830; x_wconf 91' lang='lat' dir='ltr'><strong>ea</strong></span> <span class='ocrx_word' id='word_1_44' title='bbox 788 792 908 847; x_wconf 70' lang='lat' dir='ltr'><strong>qure</strong></span> <span class='ocrx_word' id='word_1_45' title='bbox 938 793 1049 847; x_wconf 70' lang='lat' dir='ltr'><strong>pra:</strong></span> <span class='ocrx_word' id='word_1_46' title='bbox 1073 779 1327 835; x_wconf 89' lang='lat' dir='ltr'><strong>manibus</strong></span> <span class='ocrx_word' id='word_1_47' title='bbox 1345 794 1465 836; x_wconf 88' lang='lat' dir='ltr'><strong>esse</strong></span> <span class='ocrx_word' id='word_1_48' title='bbox 1495 779 1644 835; x_wconf 79' lang='lat' dir='ltr'><strong>facit.</strong></span> <span class='ocrx_word' id='word_1_49' title='bbox 1667 783 1732 836; x_wconf 82' lang='lat' dir='ltr'><strong>Et</strong></span> <span class='ocrx_word' id='word_1_50' title='bbox 1770 783 1844 836; x_wconf 88' lang='lat' dir='ltr'><strong>illi</strong></span> <span class='ocrx_word' id='word_1_51' title='bbox 1869 783 1992 852; x_wconf 91' lang='lat' dir='ltr'><strong>qui-</strong></span> 
     </span>
    </p>
   </div>
   <div class='ocr_carea' id='block_1_9' title="bbox 2095 695 3602 772">
    <p class='ocr_par' dir='ltr' id='par_1_9' title="bbox 2095 695 3602 772">
     <span class='ocr_line' id='line_1_9' title="bbox 2095 695 3602 772; baseline 0.013 -25"><span class='ocrx_word' id='word_1_52' title='bbox 2095 695 2150 748; x_wconf 82' lang='grc' dir='ltr'><strong>δὲ</strong></span> <span class='ocrx_word' id='word_1_53' title='bbox 2181 697 2275 748; x_wconf 72' lang='grc' dir='ltr'><strong>καὶ</strong></span> <span class='ocrx_word' id='word_1_54' title='bbox 2303 696 2482 759; x_wconf 76' lang='grc' dir='ltr'>καλῶς</span> <span class='ocrx_word' id='word_1_55' title='bbox 2507 696 2650 766; x_wconf 80' lang='grc' dir='ltr'>ἔχειν</span> <span class='ocrx_word' id='word_1_56' title='bbox 2686 699 2861 751; x_wconf 82' lang='grc' dir='ltr'>ταῦτά</span> <span class='ocrx_word' id='word_1_57' title='bbox 2915 716 2997 760; x_wconf 86' lang='grc' dir='ltr'><strong>τις</strong></span> <span class='ocrx_word' id='word_1_58' title='bbox 3039 703 3170 770; x_wconf 87' lang='grc' dir='ltr'>ἐρεῖ,</span> <span class='ocrx_word' id='word_1_59' title='bbox 3210 706 3318 759; x_wconf 85' lang='grc' dir='ltr'>ἀλλ’</span> <span class='ocrx_word' id='word_1_60' title='bbox 3355 709 3488 766; x_wconf 84' lang='grc' dir='ltr'>οῦπω</span> <span class='ocrx_word' id='word_1_61' title='bbox 3530 721 3602 772; x_wconf 74' lang='grc' dir='ltr'><strong>τοῦ</strong></span> 
     </span>
    </p>
   </div>
   <div class='ocr_carea' id='block_1_10' title="bbox 2098 787 3602 877">
    <p class='ocr_par' dir='ltr' id='par_1_10' title="bbox 2098 787 3602 877">
     <span class='ocr_line' id='line_1_10' title="bbox 2098 787 3602 877; baseline 0.011 -38"><span class='ocrx_word' id='word_1_62' title='bbox 2098 787 2296 849; x_wconf 80' lang='grc' dir='ltr'>παντὸς</span> <span class='ocrx_word' id='word_1_63' title='bbox 2321 787 2379 840; x_wconf 75' lang='grc' dir='ltr'>τὸ</span> <span class='ocrx_word' id='word_1_64' title='bbox 2404 789 2695 858; x_wconf 74' lang='grc' dir='ltr'><strong>εἰρημένον</strong></span> <span class='ocrx_word' id='word_1_65' title='bbox 2721 789 2987 858; x_wconf 78' lang='grc' dir='ltr'>ἐξέχεται.</span> <span class='ocrx_word' id='word_1_66' title='bbox 3006 791 3299 862; x_wconf 82' lang='grc' dir='ltr'>Εἰρημένου</span> <span class='ocrx_word' id='word_1_67' title='bbox 3321 797 3374 850; x_wconf 85' lang='grc' dir='ltr'><strong>δέ</strong></span> <span class='ocrx_word' id='word_1_68' title='bbox 3392 804 3602 877; x_wconf 82' lang='grc' dir='ltr'><strong>ἀνωτέρω</strong></span> 
     </span>
    </p>
   </div>
   <div class='ocr_carea' id='block_1_11' title="bbox 419 866 1986 972">
    <p class='ocr_par' dir='ltr' id='par_1_11' title="bbox 419 866 1986 941">
     <span class='ocr_line' id='line_1_11' title="bbox 419 866 1986 941; baseline 0.006 -21"><span class='ocrx_word' id='word_1_69' title='bbox 419 866 542 920; x_wconf 86' lang='lat' dir='ltr'><strong>dem</strong></span> <span class='ocrx_word' id='word_1_70' title='bbox 582 868 686 923; x_wconf 84' lang='lat' dir='ltr'><strong>hoc</strong></span> <span class='ocrx_word' id='word_1_71' title='bbox 712 873 893 924; x_wconf 91' lang='lat' dir='ltr'><strong>modo.</strong></span> <span class='ocrx_word' id='word_1_72' title='bbox 920 870 986 924; x_wconf 83' lang='lat' dir='ltr'><strong>Et</strong></span> <span class='ocrx_word' id='word_1_73' title='bbox 1008 886 1317 941; x_wconf 90' lang='lat' dir='ltr'><strong>quanquam</strong></span> <span class='ocrx_word' id='word_1_74' title='bbox 1351 873 1465 927; x_wconf 68' lang='lat' dir='ltr'><strong>hmc</strong></span> <span class='ocrx_word' id='word_1_75' title='bbox 1506 883 1652 929; x_wconf 88' lang='lat' dir='ltr'><strong>recte</strong></span> <span class='ocrx_word' id='word_1_76' title='bbox 1687 889 1744 929; x_wconf 91' lang='lat' dir='ltr'><strong>se</strong></span> <span class='ocrx_word' id='word_1_77' title='bbox 1789 875 1986 929; x_wconf 87' lang='lat' dir='ltr'><strong>habere</strong></span> 
     </span>
    </p>
   </div>
   <div class='ocr_carea' id='block_1_12' title="bbox 2091 866 3600 972">
    <p class='ocr_par' dir='ltr' id='par_1_12' title="bbox 2096 866 3600 972">
     <span class='ocr_line' id='line_1_12' title="bbox 2096 866 3600 972; baseline 0.015 -43"><span class='ocrx_word' id='word_1_78' title='bbox 2096 880 2226 951; x_wconf 82' lang='grc' dir='ltr'>περὶ</span> <span class='ocrx_word' id='word_1_79' title='bbox 2255 880 2361 932; x_wconf 91' lang='grc' dir='ltr'><strong>τῶν</strong></span> <span class='ocrx_word' id='word_1_80' title='bbox 2396 883 2454 932; x_wconf 86' lang='grc' dir='ltr'><strong>ἐν</strong></span> <span class='ocrx_word' id='word_1_81' title='bbox 2486 879 2562 950; x_wconf 82' lang='grc' dir='ltr'>τῷ</span> <span class='ocrx_word' id='word_1_82' title='bbox 2583 881 2705 954; x_wconf 72' lang='grc' dir='ltr'>ᾄδῃ,</span> <span class='ocrx_word' id='word_1_83' title='bbox 2742 882 2824 935; x_wconf 80' lang='grc' dir='ltr'>ὅτι</span> <span class='ocrx_word' id='word_1_84' title='bbox 2861 881 3132 947; x_wconf 86' lang='grc' dir='ltr'>κάκείνοις</span> <span class='ocrx_word' id='word_1_85' title='bbox 3179 889 3284 951; x_wconf 89' lang='grc' dir='ltr'>τοῖς</span> <span class='ocrx_word' id='word_1_86' title='bbox 3329 892 3381 943; x_wconf 86' lang='grc' dir='ltr'><strong>ἐν</strong></span> <span class='ocrx_word' id='word_1_87' title='bbox 3425 866 3600 972; x_wconf 60' lang='grc' dir='ltr'>φυλακῇ</span> 
     </span>
    </p>
   </div>
   <div class='ocr_carea' id='block_1_13' title="bbox 391 959 1986 1038">
    <p class='ocr_par' dir='ltr' id='par_1_13' title="bbox 391 959 1986 1038">
     <span class='ocr_line' id='line_1_13' title="bbox 391 959 1986 1038; baseline 0.006 -27"><span class='ocrx_word' id='word_1_88' title='bbox 391 960 539 1029; x_wconf 73' lang='lat' dir='ltr'><strong>quis</strong></span> <span class='ocrx_word' id='word_1_89' title='bbox 569 960 786 1014; x_wconf 76' lang='lat' dir='ltr'><strong>dixerit.</strong></span> <span class='ocrx_word' id='word_1_90' title='bbox 810 959 1051 1015; x_wconf 89' lang='lat' dir='ltr'><strong>Necdum</strong></span> <span class='ocrx_word' id='word_1_91' title='bbox 1086 972 1268 1016; x_wconf 91' lang='lat' dir='ltr'><strong>tamen</strong></span> <span class='ocrx_word' id='word_1_92' title='bbox 1297 965 1439 1034; x_wconf 87' lang='lat' dir='ltr'><strong>quod</strong></span> <span class='ocrx_word' id='word_1_93' title='bbox 1475 964 1679 1020; x_wconf 89' lang='lat' dir='ltr'><strong>dictum</strong></span> <span class='ocrx_word' id='word_1_94' title='bbox 1712 976 1796 1020; x_wconf 84' lang='lat' dir='ltr'><strong>est</strong></span> <span class='ocrx_word' id='word_1_95' title='bbox 1828 967 1986 1038; x_wconf 80' lang='lat'><strong>517</strong></span> 
     </span>
    </p>
   </div>
   <div class='ocr_carea' id='block_1_14' title="bbox 416 1051 1988 1126">
    <p class='ocr_par' dir='ltr' id='par_1_14' title="bbox 416 1051 1988 1126">
     <span class='ocr_line' id='line_1_14' title="bbox 416 1051 1988 1126; baseline 0.008 -24"><span class='ocrx_word' id='word_1_96' title='bbox 416 1051 639 1106; x_wconf 87' lang='lat' dir='ltr'><strong>omnino</strong></span> <span class='ocrx_word' id='word_1_97' title='bbox 675 1052 862 1107; x_wconf 66' lang='lat' dir='ltr'><strong>haarvt.</strong></span> <span class='ocrx_word' id='word_1_98' title='bbox 890 1051 1024 1107; x_wconf 90' lang='lat' dir='ltr'><strong>Cum</strong></span> <span class='ocrx_word' id='word_1_99' title='bbox 1063 1065 1245 1109; x_wconf 89' lang='lat' dir='ltr'><strong>autem</strong></span> <span class='ocrx_word' id='word_1_100' title='bbox 1281 1056 1336 1109; x_wconf 91' lang='lat' dir='ltr'><strong>in</strong></span> <span class='ocrx_word' id='word_1_101' title='bbox 1383 1058 1756 1126; x_wconf 87' lang='lat' dir='ltr'><strong>superioribus</strong></span> <span class='ocrx_word' id='word_1_102' title='bbox 1786 1059 1988 1115; x_wconf 90' lang='lat' dir='ltr'><strong>dictum</strong></span> 
     </span>
    </p>
   </div>
   <div class='ocr_carea' id='block_1_15' title="bbox 416 1136 1986 1221">
    <p class='ocr_par' dir='ltr' id='par_1_15' title="bbox 416 1136 1986 1221">
     <span class='ocr_line' id='line_1_15' title="bbox 416 1136 1986 1221; baseline 0.008 -28"><span class='ocrx_word' id='word_1_103' title='bbox 416 1153 561 1196; x_wconf 80' lang='lat' dir='ltr'><strong>esset</strong></span> <span class='ocrx_word' id='word_1_104' title='bbox 586 1143 652 1196; x_wconf 90' lang='lat' dir='ltr'><strong>de</strong></span> <span class='ocrx_word' id='word_1_105' title='bbox 677 1136 760 1196; x_wconf 88' lang='lat' dir='ltr'><strong>his</strong></span> <span class='ocrx_word' id='word_1_106' title='bbox 781 1143 870 1213; x_wconf 89' lang='lat' dir='ltr'><strong>qui</strong></span> <span class='ocrx_word' id='word_1_107' title='bbox 897 1145 1040 1213; x_wconf 90' lang='lat' dir='ltr'><strong>apud</strong></span> <span class='ocrx_word' id='word_1_108' title='bbox 1064 1145 1267 1201; x_wconf 85' lang='lat' dir='ltr'><strong>inferos</strong></span> <span class='ocrx_word' id='word_1_109' title='bbox 1287 1158 1462 1214; x_wconf 86' lang='lat' dir='ltr'><strong>erant,</strong></span> <span class='ocrx_word' id='word_1_110' title='bbox 1483 1149 1625 1218; x_wconf 88' lang='lat' dir='ltr'><strong>quod</strong></span> <span class='ocrx_word' id='word_1_111' title='bbox 1646 1149 1747 1204; x_wconf 86' lang='lat' dir='ltr'><strong>illis</strong></span> <span class='ocrx_word' id='word_1_112' title='bbox 1772 1166 1986 1221; x_wconf 87' lang='lat' dir='ltr'><strong>quoque</strong></span> 
     </span>
    </p>
   </div>
   <div class='ocr_carea' id='block_1_16' title="bbox 414 1233 1987 1308">
    <p class='ocr_par' dir='ltr' id='par_1_16' title="bbox 414 1233 1987 1308">
     <span class='ocr_line' id='line_1_16' title="bbox 414 1233 1987 1308; baseline 0.008 -23"><span class='ocrx_word' id='word_1_113' title='bbox 414 1233 695 1303; x_wconf 84' lang='lat' dir='ltr'><strong>spiritibus</strong></span> <span class='ocrx_word' id='word_1_114' title='bbox 717 1235 1070 1304; x_wconf 70' lang='lat' dir='ltr'><strong>praedicatum</strong></span> <span class='ocrx_word' id='word_1_115' title='bbox 1103 1237 1225 1302; x_wconf 84' lang='lat' dir='ltr'><strong>fuit,</strong></span> <span class='ocrx_word' id='word_1_116' title='bbox 1251 1255 1464 1308; x_wconf 81' lang='lat' dir='ltr'><strong>aequum</strong></span> <span class='ocrx_word' id='word_1_117' title='bbox 1497 1253 1580 1295; x_wconf 91' lang='lat' dir='ltr'><strong>est</strong></span> <span class='ocrx_word' id='word_1_118' title='bbox 1606 1242 1672 1296; x_wconf 90' lang='lat' dir='ltr'><strong>ad</strong></span> <span class='ocrx_word' id='word_1_119' title='bbox 1701 1243 1752 1297; x_wconf 92' lang='lat' dir='ltr'><strong>id</strong></span> <span class='ocrx_word' id='word_1_120' title='bbox 1782 1243 1987 1298; x_wconf 84' lang='lat' dir='ltr'><strong>referre</strong></span> 
     </span>
    </p>
   </div>
   <div class='ocr_carea' id='block_1_17' title="bbox 415 1327 1986 1401">
    <p class='ocr_par' dir='ltr' id='par_1_17' title="bbox 415 1327 1986 1401">
     <span class='ocr_line' id='line_1_17' title="bbox 415 1327 1986 1401; baseline 0.01 -26"><span class='ocrx_word' id='word_1_121' title='bbox 415 1333 760 1392; x_wconf 68' lang='lat' dir='ltr'><strong>praesentem,</strong></span> <span class='ocrx_word' id='word_1_122' title='bbox 779 1327 868 1396; x_wconf 85' lang='lat' dir='ltr'><strong>qui</strong></span> <span class='ocrx_word' id='word_1_123' title='bbox 906 1344 1003 1396; x_wconf 89' lang='lat' dir='ltr'><strong>per</strong></span> <span class='ocrx_word' id='word_1_124' title='bbox 1026 1331 1560 1397; x_wconf 85' lang='lat' dir='ltr'><strong>causaminducitur,</strong></span> <span class='ocrx_word' id='word_1_125' title='bbox 1587 1344 1986 1401; x_wconf 88' lang='lat' dir='ltr'><strong>sermonem,et</strong></span> 
     </span>
    </p>
   </div>
   <div class='ocr_carea' id='block_1_18' title="bbox 414 1417 1979 1488">
    <p class='ocr_par' dir='ltr' id='par_1_18' title="bbox 414 1417 1979 1488">
     <span class='ocr_line' id='line_1_18' title="bbox 414 1417 1979 1488; baseline 0.011 -21"><span class='ocrx_word' id='word_1_126' title='bbox 414 1432 521 1468; x_wconf 84' lang='lat' dir='ltr'><strong>non</strong></span> <span class='ocrx_word' id='word_1_127' title='bbox 595 1417 771 1472; x_wconf 89' lang='lat' dir='ltr'><strong>solum</strong></span> <span class='ocrx_word' id='word_1_128' title='bbox 843 1421 1216 1488; x_wconf 88' lang='lat' dir='ltr'><strong>considerare,</strong></span> <span class='ocrx_word' id='word_1_129' title='bbox 1251 1425 1393 1479; x_wconf 85' lang='lat' dir='ltr'><strong>sicut</strong></span> <span class='ocrx_word' id='word_1_130' title='bbox 1440 1441 1588 1481; x_wconf 86' lang='lat' dir='ltr'><strong>nunc</strong></span> <span class='ocrx_word' id='word_1_131' title='bbox 1634 1427 1840 1483; x_wconf 90' lang='lat' dir='ltr'><strong>dictum</strong></span> <span class='ocrx_word' id='word_1_132' title='bbox 1875 1439 1979 1484; x_wconf 90' lang='lat' dir='ltr'><strong>est.</strong></span> 
     </span>
    </p>
   </div>
   <div class='ocr_carea' id='block_1_19' title="bbox 417 1507 1980 1584">
    <p class='ocr_par' dir='ltr' id='par_1_19' title="bbox 417 1507 1980 1584">
     <span class='ocr_line' id='line_1_19' title="bbox 417 1507 1980 1584; baseline 0.008 -22"><span class='ocrx_word' id='word_1_133' title='bbox 417 1507 566 1562; x_wconf 89' lang='lat' dir='ltr'><strong>Unde</strong></span> <span class='ocrx_word' id='word_1_134' title='bbox 605 1508 855 1576; x_wconf 84' lang='lat' dir='ltr'><strong>dicimus,</strong></span> <span class='ocrx_word' id='word_1_135' title='bbox 881 1513 1025 1580; x_wconf 85' lang='lat' dir='ltr'><strong>quod</strong></span> <span class='ocrx_word' id='word_1_136' title='bbox 1057 1513 1181 1583; x_wconf 86' lang='lat' dir='ltr'><strong>quia</strong></span> <span class='ocrx_word' id='word_1_137' title='bbox 1214 1514 1526 1577; x_wconf 88' lang='lat' dir='ltr'><strong>immediate</strong></span> <span class='ocrx_word' id='word_1_138' title='bbox 1561 1526 1719 1573; x_wconf 83' lang='lat' dir='ltr'><strong>antea</strong></span> <span class='ocrx_word' id='word_1_139' title='bbox 1749 1519 1980 1584; x_wconf 83' lang='lat' dir='ltr'><strong>dixerat,</strong></span> 
     </span>
    </p>
   </div>
   <div class='ocr_carea' id='block_1_20' title="bbox 412 1597 1978 1674">
    <p class='ocr_par' dir='ltr' id='par_1_20' title="bbox 412 1597 1978 1674">
     <span class='ocr_line' id='line_1_20' title="bbox 412 1597 1978 1674; baseline 0.01 -24"><span class='ocrx_word' id='word_1_140' title='bbox 412 1597 513 1662; x_wconf 76' lang='lat' dir='ltr'><strong>Qui</strong></span> <span class='ocrx_word' id='word_1_141' title='bbox 556 1608 772 1667; x_wconf 86' lang='lat' dir='ltr'><strong>paratus</strong></span> <span class='ocrx_word' id='word_1_142' title='bbox 818 1611 898 1656; x_wconf 91' lang='lat' dir='ltr'><strong>est</strong></span> <span class='ocrx_word' id='word_1_143' title='bbox 944 1604 1011 1658; x_wconf 93' lang='lat' dir='ltr'><strong>ad</strong></span> <span class='ocrx_word' id='word_1_144' title='bbox 1029 1604 1382 1674; x_wconf 89' lang='lat' dir='ltr'><strong>judicandum</strong></span> <span class='ocrx_word' id='word_1_145' title='bbox 1417 1607 1568 1661; x_wconf 85' lang='lat' dir='ltr'><strong>vivos</strong></span> <span class='ocrx_word' id='word_1_146' title='bbox 1606 1619 1659 1663; x_wconf 91' lang='lat' dir='ltr'><strong>et</strong></span> <span class='ocrx_word' id='word_1_147' title='bbox 1699 1620 1978 1665; x_wconf 90' lang='lat' dir='ltr'><strong>mortuos:</strong></span> 
     </span>
    </p>
   </div>
   <div class='ocr_carea' id='block_1_21' title="bbox 361 1676 1979 1767">
    <p class='ocr_par' dir='ltr' id='par_1_21' title="bbox 361 1676 1979 1767">
     <span class='ocr_line' id='line_1_21' title="bbox 361 1676 1979 1767; baseline 0.009 -25"><span class='ocrx_word' id='word_1_148' title='bbox 361 1676 374 1684; x_wconf 67' lang='grc'><em>’</em></span> <span class='ocrx_word' id='word_1_149' title='bbox 413 1689 498 1743; x_wconf 90' lang='lat' dir='ltr'><strong>his</strong></span> <span class='ocrx_word' id='word_1_150' title='bbox 529 1698 710 1745; x_wconf 87' lang='lat' dir='ltr'><strong>autem</strong></span> <span class='ocrx_word' id='word_1_151' title='bbox 745 1705 848 1762; x_wconf 87' lang='lat' dir='ltr'><strong>per</strong></span> <span class='ocrx_word' id='word_1_152' title='bbox 886 1695 1260 1764; x_wconf 80' lang='lat' dir='ltr'><strong>exceptionem</strong></span> <span class='ocrx_word' id='word_1_153' title='bbox 1295 1697 1454 1767; x_wconf 87' lang='lat' dir='ltr'><strong>ohjici</strong></span> <span class='ocrx_word' id='word_1_154' title='bbox 1499 1708 1705 1765; x_wconf 82' lang='lat' dir='ltr'><strong>poterat</strong></span> <span class='ocrx_word' id='word_1_155' title='bbox 1739 1717 1752 1753; x_wconf 90' lang='lat'>:</span> <span class='ocrx_word' id='word_1_156' title='bbox 1786 1703 1849 1755; x_wconf 82' lang='lat' dir='ltr'><strong>Et</strong></span> <span class='ocrx_word' id='word_1_157' title='bbox 1891 1704 1979 1757; x_wconf 90' lang='lat' dir='ltr'><strong>ubi</strong></span> 
     </span>
    </p>
   </div>
   <div class='ocr_carea' id='block_1_22' title="bbox 410 1782 1975 1866">
    <p class='ocr_par' dir='ltr' id='par_1_22' title="bbox 410 1782 1975 1866">
     <span class='ocr_line' id='line_1_22' title="bbox 410 1782 1975 1866; baseline 0.009 -31"><span class='ocrx_word' id='word_1_158' title='bbox 410 1782 660 1840; x_wconf 85' lang='lat' dir='ltr'><strong>viventes</strong></span> <span class='ocrx_word' id='word_1_159' title='bbox 692 1797 785 1840; x_wconf 85' lang='lat' dir='ltr'><strong>aut</strong></span> <span class='ocrx_word' id='word_1_160' title='bbox 827 1788 916 1841; x_wconf 85' lang='lat' dir='ltr'><strong>ubi</strong></span> <span class='ocrx_word' id='word_1_161' title='bbox 945 1790 1141 1843; x_wconf 90' lang='lat' dir='ltr'><strong>mortui</strong></span> <span class='ocrx_word' id='word_1_162' title='bbox 1167 1791 1522 1860; x_wconf 77' lang='lat' dir='ltr'><strong>iudicantur?</strong></span> <span class='ocrx_word' id='word_1_163' title='bbox 1547 1796 1826 1866; x_wconf 74' lang='lat' dir='ltr'><strong>Eubjungit</strong></span> <span class='ocrx_word' id='word_1_164' title='bbox 1857 1812 1975 1851; x_wconf 87' lang='lat' dir='ltr'><strong>ser-</strong></span> 
     </span>
    </p>
   </div>
   <div class='ocr_carea' id='block_1_23' title="bbox 410 1861 2050 1959">
    <p class='ocr_par' dir='ltr' id='par_1_23' title="bbox 410 1861 2050 1959">
     <span class='ocr_line' id='line_1_23' title="bbox 410 1861 2050 1959; baseline 0.011 -31"><span class='ocrx_word' id='word_1_165' title='bbox 410 1875 558 1930; x_wconf 89' lang='lat' dir='ltr'><strong>moni</strong></span> <span class='ocrx_word' id='word_1_166' title='bbox 621 1877 803 1942; x_wconf 75' lang='lat' dir='ltr'><strong>fidem,</strong></span> <span class='ocrx_word' id='word_1_167' title='bbox 845 1881 910 1934; x_wconf 88' lang='lat' dir='ltr'><strong>ab</strong></span> <span class='ocrx_word' id='word_1_168' title='bbox 946 1881 1033 1936; x_wconf 87' lang='lat' dir='ltr'><strong>his</strong></span> <span class='ocrx_word' id='word_1_169' title='bbox 1078 1898 1196 1951; x_wconf 57' lang='lat' dir='ltr'><strong>quae</strong></span> <span class='ocrx_word' id='word_1_170' title='bbox 1243 1885 1391 1953; x_wconf 84' lang='lat' dir='ltr'><strong>prius</strong></span> <span class='ocrx_word' id='word_1_171' title='bbox 1437 1861 1662 1954; x_wconf 70' lang='lat' dir='ltr'><strong>dixerat,</strong></span> <span class='ocrx_word' id='word_1_172' title='bbox 1701 1861 1846 1959; x_wconf 75' lang='lat' dir='ltr'><strong>quod</strong></span> <span class='ocrx_word' id='word_1_173' title='bbox 1894 1890 1979 1945; x_wconf 89' lang='lat' dir='ltr'><strong>his</strong></span> <span class='ocrx_word' id='word_1_174' title='bbox 2013 1861 2050 1914; x_wconf 74' lang='grc' dir='ltr'>Β</span> 
     </span>
    </p>
   </div>
   <div class='ocr_carea' id='block_1_24' title="bbox 411 1967 1981 2050">
    <p class='ocr_par' dir='ltr' id='par_1_24' title="bbox 411 1967 1981 2050">
     <span class='ocr_line' id='line_1_24' title="bbox 411 1967 1981 2050; baseline 0.011 -30"><span class='ocrx_word' id='word_1_175' title='bbox 411 1967 574 2020; x_wconf 81' lang='lat' dir='ltr'><strong>etiam</strong></span> <span class='ocrx_word' id='word_1_176' title='bbox 624 1970 714 2038; x_wconf 89' lang='lat' dir='ltr'><strong>qui</strong></span> <span class='ocrx_word' id='word_1_177' title='bbox 761 1972 815 2024; x_wconf 90' lang='lat' dir='ltr'><strong>in</strong></span> <span class='ocrx_word' id='word_1_178' title='bbox 861 1988 1079 2029; x_wconf 86' lang='lat' dir='ltr'><strong>carcere</strong></span> <span class='ocrx_word' id='word_1_179' title='bbox 1123 1986 1278 2031; x_wconf 88' lang='lat' dir='ltr'><strong>erant</strong></span> <span class='ocrx_word' id='word_1_180' title='bbox 1314 1979 1599 2046; x_wconf 86' lang='lat' dir='ltr'><strong>spiritibus</strong></span> <span class='ocrx_word' id='word_1_181' title='bbox 1631 1983 1981 2050; x_wconf 80' lang='lat' dir='ltr'><strong>praedicatum</strong></span> 
     </span>
    </p>
   </div>
   <div class='ocr_carea' id='block_1_25' title="bbox 413 2058 1986 2140">
    <p class='ocr_par' dir='ltr' id='par_1_25' title="bbox 413 2058 1986 2140">
     <span class='ocr_line' id='line_1_25' title="bbox 413 2058 1986 2140; baseline 0.013 -30"><span class='ocrx_word' id='word_1_182' title='bbox 413 2058 512 2113; x_wconf 80' lang='lat' dir='ltr'><strong>fuit</strong></span> <span class='ocrx_word' id='word_1_183' title='bbox 543 2079 555 2113; x_wconf 95' lang='lat'><strong>:</strong></span> <span class='ocrx_word' id='word_1_184' title='bbox 587 2069 650 2140; x_wconf 89' lang='lat' dir='ltr'><strong>et</strong></span> <span class='ocrx_word' id='word_1_185' title='bbox 671 2061 787 2116; x_wconf 62' lang='lat' dir='ltr'><strong>haec</strong></span> <span class='ocrx_word' id='word_1_186' title='bbox 810 2065 1122 2132; x_wconf 64' lang='lat' dir='ltr'><strong>praedicatio</strong></span> <span class='ocrx_word' id='word_1_187' title='bbox 1168 2067 1299 2137; x_wconf 91' lang='lat' dir='ltr'><strong>ipsis</strong></span> <span class='ocrx_word' id='word_1_188' title='bbox 1321 2070 1389 2124; x_wconf 84' lang='lat' dir='ltr'><strong>ad</strong></span> <span class='ocrx_word' id='word_1_189' title='bbox 1422 2071 1690 2140; x_wconf 86' lang='lat' dir='ltr'><strong>judicium</strong></span> <span class='ocrx_word' id='word_1_190' title='bbox 1729 2073 1870 2129; x_wconf 82' lang='lat' dir='ltr'><strong>facta</strong></span> <span class='ocrx_word' id='word_1_191' title='bbox 1901 2084 1986 2130; x_wconf 88' lang='lat' dir='ltr'><strong>est</strong></span> 
     </span>
    </p>
   </div>
   <div class='ocr_carea' id='block_1_26' title="bbox 410 2139 1984 2234">
    <p class='ocr_par' dir='ltr' id='par_1_26' title="bbox 410 2139 1984 2234">
     <span class='ocr_line' id='line_1_26' title="bbox 410 2139 1984 2234; baseline 0.013 -32"><span class='ocrx_word' id='word_1_192' title='bbox 410 2149 525 2204; x_wconf 90' lang='lat' dir='ltr'><strong>sive</strong></span> <span class='ocrx_word' id='word_1_193' title='bbox 559 2139 1167 2211; x_wconf 29' lang='lat' dir='ltr'><strong>ad‘condemnationem</strong></span> <span class='ocrx_word' id='word_1_194' title='bbox 1201 2173 1216 2213; x_wconf 86' lang='lat'><strong>:</strong></span> <span class='ocrx_word' id='word_1_195' title='bbox 1251 2160 1335 2214; x_wconf 87' lang='lat' dir='ltr'><strong>his</strong></span> <span class='ocrx_word' id='word_1_196' title='bbox 1365 2139 1582 2230; x_wconf 91' lang='lat' dir='ltr'><strong>quidem</strong></span> <span class='ocrx_word' id='word_1_197' title='bbox 1616 2167 1706 2234; x_wconf 80' lang='lat' dir='ltr'><strong>qui</strong></span> <span class='ocrx_word' id='word_1_198' title='bbox 1740 2167 1806 2220; x_wconf 84' lang='lat' dir='ltr'><strong>de</strong></span> <span class='ocrx_word' id='word_1_199' title='bbox 1842 2167 1984 2222; x_wconf 87' lang='lat' dir='ltr'><strong>bona</strong></span> 
     </span>
    </p>
   </div>
   <div class='ocr_carea' id='block_1_27' title="bbox 411 2239 1983 2316">
    <p class='ocr_par' dir='ltr' id='par_1_27' title="bbox 411 2239 1983 2316">
     <span class='ocr_line' id='line_1_27' title="bbox 411 2239 1983 2316; baseline 0.012 -26"><span class='ocrx_word' id='word_1_200' title='bbox 411 2239 516 2293; x_wconf 89' lang='lat' dir='ltr'><strong>vita</strong></span> <span class='ocrx_word' id='word_1_201' title='bbox 547 2241 648 2294; x_wconf 84' lang='lat' dir='ltr'><strong>sibi</strong></span> <span class='ocrx_word' id='word_1_202' title='bbox 679 2243 884 2297; x_wconf 89' lang='lat' dir='ltr'><strong>conscii</strong></span> <span class='ocrx_word' id='word_1_203' title='bbox 917 2254 1092 2310; x_wconf 89' lang='lat' dir='ltr'><strong>erant,</strong></span> <span class='ocrx_word' id='word_1_204' title='bbox 1113 2248 1363 2316; x_wconf 88' lang='lat' dir='ltr'><strong>protinus</strong></span> <span class='ocrx_word' id='word_1_205' title='bbox 1388 2251 1795 2308; x_wconf 65' lang='lat' dir='ltr'><strong>adhaerentibus</strong></span> <span class='ocrx_word' id='word_1_206' title='bbox 1827 2256 1983 2309; x_wconf 89' lang='lat' dir='ltr'><strong>beni-</strong></span> 
     </span>
    </p>
   </div>
   <div class='ocr_carea' id='block_1_28' title="bbox 410 2331 1987 2408">
    <p class='ocr_par' dir='ltr' id='par_1_28' title="bbox 410 2331 1987 2408">
     <span class='ocr_line' id='line_1_28' title="bbox 410 2331 1987 2408; baseline 0.011 -24"><span class='ocrx_word' id='word_1_207' title='bbox 410 2331 596 2401; x_wconf 79' lang='lat' dir='ltr'><strong>gnitati</strong></span> <span class='ocrx_word' id='word_1_208' title='bbox 633 2333 778 2388; x_wconf 90' lang='lat' dir='ltr'><strong>illius</strong></span> <span class='ocrx_word' id='word_1_209' title='bbox 809 2335 898 2404; x_wconf 91' lang='lat' dir='ltr'><strong>qui</strong></span> <span class='ocrx_word' id='word_1_210' title='bbox 941 2337 1013 2391; x_wconf 86' lang='lat' dir='ltr'><strong>ibi</strong></span> <span class='ocrx_word' id='word_1_211' title='bbox 1054 2353 1382 2408; x_wconf 86' lang='lat' dir='ltr'><strong>apparuerat</strong></span> <span class='ocrx_word' id='word_1_212' title='bbox 1413 2361 1425 2398; x_wconf 93' lang='lat'><strong>:</strong></span> <span class='ocrx_word' id='word_1_213' title='bbox 1459 2344 1618 2398; x_wconf 85' lang='lat' dir='ltr'><strong>malis</strong></span> <span class='ocrx_word' id='word_1_214' title='bbox 1679 2361 1808 2400; x_wconf 90' lang='lat' dir='ltr'><strong>vero</strong></span> <span class='ocrx_word' id='word_1_215' title='bbox 1862 2347 1987 2402; x_wconf 87' lang='lat' dir='ltr'><strong>inde</strong></span> 
     </span>
    </p>
   </div>
   <div class='ocr_carea' id='block_1_29' title="bbox 2094 973 3602 1061">
    <p class='ocr_par' dir='ltr' id='par_1_29' title="bbox 2094 973 3602 1061">
     <span class='ocr_line' id='line_1_29' title="bbox 2094 973 3602 1061; baseline 0.011 -37"><span class='ocrx_word' id='word_1_216' title='bbox 2094 973 2408 1044; x_wconf 79' lang='grc' dir='ltr'>πνεύμασιν</span> <span class='ocrx_word' id='word_1_217' title='bbox 2438 974 2743 1044; x_wconf 78' lang='grc' dir='ltr'><strong>ἐκηρύχθη,</strong></span> <span class='ocrx_word' id='word_1_218' title='bbox 2779 975 2914 1045; x_wconf 81' lang='grc' dir='ltr'>πρὸς</span> <span class='ocrx_word' id='word_1_219' title='bbox 2938 975 3094 1030; x_wconf 88' lang='grc' dir='ltr'>τοῦτο</span> <span class='ocrx_word' id='word_1_220' title='bbox 3128 977 3326 1035; x_wconf 84' lang='grc' dir='ltr'>δίκαιον</span> <span class='ocrx_word' id='word_1_221' title='bbox 3355 985 3602 1061; x_wconf 75' lang='grc' dir='ltr'>ἀναφέρειν</span> 
     </span>
    </p>
   </div>
   <div class='ocr_carea' id='block_1_30' title="bbox 2091 1065 3601 1155">
    <p class='ocr_par' dir='ltr' id='par_1_30' title="bbox 2091 1065 3601 1155">
     <span class='ocr_line' id='line_1_30' title="bbox 2091 1065 3601 1155; baseline 0.011 -38"><span class='ocrx_word' id='word_1_222' title='bbox 2091 1065 2182 1118; x_wconf 76' lang='grc' dir='ltr'><strong>τὸν</strong></span> <span class='ocrx_word' id='word_1_223' title='bbox 2213 1065 2457 1135; x_wconf 81' lang='grc' dir='ltr'>παρόντα</span> <span class='ocrx_word' id='word_1_224' title='bbox 2492 1067 2630 1136; x_wconf 80' lang='grc' dir='ltr'>μετὰ</span> <span class='ocrx_word' id='word_1_225' title='bbox 2658 1066 2837 1129; x_wconf 78' lang='grc' dir='ltr'><strong>αἰτίας</strong></span> <span class='ocrx_word' id='word_1_226' title='bbox 2875 1066 3223 1136; x_wconf 77' lang='grc' dir='ltr'>εἰσαγόμενον</span> <span class='ocrx_word' id='word_1_227' title='bbox 3248 1071 3413 1141; x_wconf 84' lang='grc' dir='ltr'>λόγον,</span> <span class='ocrx_word' id='word_1_228' title='bbox 3441 1081 3521 1132; x_wconf 68' lang='grc' dir='ltr'><strong>καὶ</strong></span> <span class='ocrx_word' id='word_1_229' title='bbox 3544 1085 3601 1155; x_wconf 82' lang='grc' dir='ltr'><strong>μὴ</strong></span> 
     </span>
    </p>
   </div>
   <div class='ocr_carea' id='block_1_31' title="bbox 2087 1155 3602 1240">
    <p class='ocr_par' dir='ltr' id='par_1_31' title="bbox 2087 1155 3602 1240">
     <span class='ocr_line' id='line_1_31' title="bbox 2087 1155 3602 1240; baseline 0.01 -31"><span class='ocrx_word' id='word_1_230' title='bbox 2087 1157 2162 1220; x_wconf 87' lang='grc' dir='ltr'><strong>ὡς</strong></span> <span class='ocrx_word' id='word_1_231' title='bbox 2189 1155 2285 1209; x_wconf 87' lang='grc' dir='ltr'><strong>νῦν</strong></span> <span class='ocrx_word' id='word_1_232' title='bbox 2320 1158 2480 1224; x_wconf 86' lang='grc' dir='ltr'>μόνον</span> <span class='ocrx_word' id='word_1_233' title='bbox 2515 1157 2803 1227; x_wconf 74' lang='grc' dir='ltr'>εἰρημένον</span> <span class='ocrx_word' id='word_1_234' title='bbox 2821 1159 3160 1212; x_wconf 76' lang='grc' dir='ltr'>ἐπισκοπεῖν.</span> <span class='ocrx_word' id='word_1_235' title='bbox 3189 1161 3360 1217; x_wconf 85' lang='grc' dir='ltr'>·”Οθεν</span> <span class='ocrx_word' id='word_1_236' title='bbox 3388 1168 3602 1240; x_wconf 78' lang='grc' dir='ltr'>ἐροῦμεν,</span> 
     </span>
    </p>
   </div>
   <div class='ocr_carea' id='block_1_32' title="bbox 2089 1247 3604 1329">
    <p class='ocr_par' dir='ltr' id='par_1_32' title="bbox 2089 1247 3604 1329">
     <span class='ocr_line' id='line_1_32' title="bbox 2089 1247 3604 1329; baseline 0.008 -28"><span class='ocrx_word' id='word_1_237' title='bbox 2089 1248 2164 1310; x_wconf 85' lang='grc' dir='ltr'>ὡς</span> <span class='ocrx_word' id='word_1_238' title='bbox 2201 1249 2398 1317; x_wconf 80' lang='grc' dir='ltr'>ἐπειδὴ</span> <span class='ocrx_word' id='word_1_239' title='bbox 2433 1248 2718 1318; x_wconf 86' lang='grc' dir='ltr'>προσεχῶς</span> <span class='ocrx_word' id='word_1_240' title='bbox 2747 1249 2888 1316; x_wconf 81' lang='grc' dir='ltr'>ἄγαν</span> <span class='ocrx_word' id='word_1_241' title='bbox 2918 1247 3060 1312; x_wconf 81' lang='grc' dir='ltr'>εἰπε,</span> <span class='ocrx_word' id='word_1_242' title='bbox 3095 1249 3182 1320; x_wconf 82' lang='grc' dir='ltr'><strong>Τῷ</strong></span> <span class='ocrx_word' id='word_1_243' title='bbox 3210 1252 3427 1324; x_wconf 77' lang='grc' dir='ltr'>ἑτοίμως</span> <span class='ocrx_word' id='word_1_244' title='bbox 3457 1259 3604 1329; x_wconf 79' lang='grc' dir='ltr'>ἔχοντι</span> 
     </span>
    </p>
   </div>
   <div class='ocr_carea' id='block_1_33' title="bbox 2089 1341 3608 1419">
    <p class='ocr_par' dir='ltr' id='par_1_33' title="bbox 2089 1341 3608 1419">
     <span class='ocr_line' id='line_1_33' title="bbox 2089 1341 3608 1419; baseline 0.008 -27"><span class='ocrx_word' id='word_1_245' title='bbox 2089 1343 2265 1410; x_wconf 80' lang='grc' dir='ltr'>κρῖναι</span> <span class='ocrx_word' id='word_1_246' title='bbox 2298 1341 2508 1404; x_wconf 73' lang='grc' dir='ltr'>ζῶντας</span> <span class='ocrx_word' id='word_1_247' title='bbox 2537 1343 2628 1396; x_wconf 82' lang='grc' dir='ltr'><strong>καί</strong></span> <span class='ocrx_word' id='word_1_248' title='bbox 2659 1343 2914 1412; x_wconf 81' lang='grc' dir='ltr'>νεκροὺς,</span> <span class='ocrx_word' id='word_1_249' title='bbox 2959 1342 3019 1394; x_wconf 85' lang='grc' dir='ltr'><strong>τὸ</strong></span> <span class='ocrx_word' id='word_1_250' title='bbox 3057 1342 3114 1395; x_wconf 85' lang='grc' dir='ltr'>δὲ</span> <span class='ocrx_word' id='word_1_251' title='bbox 3152 1344 3608 1419; x_wconf 84' lang='grc' dir='ltr'>ἀνθυποφερόμενον</span> 
     </span>
    </p>
   </div>
   <div class='ocr_carea' id='block_1_34' title="bbox 2085 1429 3606 1511">
    <p class='ocr_par' dir='ltr' id='par_1_34' title="bbox 2085 1429 3606 1511">
     <span class='ocr_line' id='line_1_34' title="bbox 2085 1429 3606 1511; baseline 0.01 -28"><span class='ocrx_word' id='word_1_252' title='bbox 2085 1433 2295 1496; x_wconf 82' lang='grc' dir='ltr'>τούτοις</span> <span class='ocrx_word' id='word_1_253' title='bbox 2320 1429 2410 1503; x_wconf 85' lang='grc' dir='ltr'>ἦν,</span> <span class='ocrx_word' id='word_1_254' title='bbox 2428 1435 2541 1486; x_wconf 69' lang='grc' dir='ltr'>Καὶ</span> <span class='ocrx_word' id='word_1_255' title='bbox 2564 1433 2666 1486; x_wconf 87' lang='grc' dir='ltr'><strong>ποῦ</strong></span> <span class='ocrx_word' id='word_1_256' title='bbox 2697 1431 2922 1500; x_wconf 78' lang='grc' dir='ltr'>ζῶντες,</span> <span class='ocrx_word' id='word_1_257' title='bbox 2951 1433 3053 1487; x_wconf 89' lang='grc' dir='ltr'><strong>ποῦ</strong></span> <span class='ocrx_word' id='word_1_258' title='bbox 3074 1435 3128 1487; x_wconf 89' lang='grc' dir='ltr'>δὲ</span> <span class='ocrx_word' id='word_1_259' title='bbox 3150 1439 3324 1506; x_wconf 77' lang='grc' dir='ltr'>νεκροὶ</span> <span class='ocrx_word' id='word_1_260' title='bbox 3343 1440 3606 1511; x_wconf 85' lang='grc' dir='ltr'>κρίνονται;</span> 
     </span>
    </p>
   </div>
   <div class='ocr_carea' id='block_1_35' title="bbox 2087 1517 3604 1601">
    <p class='ocr_par' dir='ltr' id='par_1_35' title="bbox 2087 1517 3604 1601">
     <span class='ocr_line' id='line_1_35' title="bbox 2087 1517 3604 1601; baseline 0.004 -26"><span class='ocrx_word' id='word_1_261' title='bbox 2087 1525 2340 1593; x_wconf 72' lang='grc' dir='ltr'>ἐπιφέρει</span> <span class='ocrx_word' id='word_1_262' title='bbox 2369 1521 2464 1574; x_wconf 87' lang='grc' dir='ltr'><strong>τοῦ</strong></span> <span class='ocrx_word' id='word_1_263' title='bbox 2497 1523 2653 1590; x_wconf 80' lang='grc' dir='ltr'>λόγου</span> <span class='ocrx_word' id='word_1_264' title='bbox 2681 1523 2780 1592; x_wconf 81' lang='grc' dir='ltr'>τὴν</span> <span class='ocrx_word' id='word_1_265' title='bbox 2805 1523 2986 1576; x_wconf 86' lang='grc' dir='ltr'>πίστιν</span> <span class='ocrx_word' id='word_1_266' title='bbox 3007 1522 3104 1592; x_wconf 72' lang='grc' dir='ltr'>ἀφ’</span> <span class='ocrx_word' id='word_1_267' title='bbox 3129 1517 3202 1576; x_wconf 81' lang='grc' dir='ltr'>ὧν</span> <span class='ocrx_word' id='word_1_268' title='bbox 3232 1526 3469 1594; x_wconf 84' lang='grc' dir='ltr'>ἀνωτέρω</span> <span class='ocrx_word' id='word_1_269' title='bbox 3483 1531 3604 1601; x_wconf 79' lang='grc' dir='ltr'>εἰρή-</span> 
     </span>
    </p>
   </div>
   <div class='ocr_carea' id='block_1_36' title="bbox 2083 1613 3587 1692">
    <p class='ocr_par' dir='ltr' id='par_1_36' title="bbox 2083 1613 3587 1692">
     <span class='ocr_line' id='line_1_36' title="bbox 2083 1613 3587 1692; baseline 0.003 -24"><span class='ocrx_word' id='word_1_270' title='bbox 2083 1632 2192 1678; x_wconf 80' lang='grc' dir='ltr'>κει,</span> <span class='ocrx_word' id='word_1_271' title='bbox 2247 1616 2328 1666; x_wconf 79' lang='grc' dir='ltr'><strong>ὅτι</strong></span> <span class='ocrx_word' id='word_1_272' title='bbox 2361 1615 2456 1668; x_wconf 77' lang='grc' dir='ltr'>καὶ</span> <span class='ocrx_word' id='word_1_273' title='bbox 2484 1618 2596 1678; x_wconf 85' lang='grc' dir='ltr'>τοῖς</span> <span class='ocrx_word' id='word_1_274' title='bbox 2637 1615 2694 1667; x_wconf 85' lang='grc' dir='ltr'><strong>ἐν</strong></span> <span class='ocrx_word' id='word_1_275' title='bbox 2732 1614 2950 1685; x_wconf 75' lang='grc' dir='ltr'>φυλακῇ</span> <span class='ocrx_word' id='word_1_276' title='bbox 2980 1613 3280 1686; x_wconf 78' lang='grc' dir='ltr'>πνεύμασιν</span> <span class='ocrx_word' id='word_1_277' title='bbox 3324 1618 3587 1692; x_wconf 79' lang='grc' dir='ltr'>ἐκηρύχθη.</span> 
     </span>
    </p>
   </div>
   <div class='ocr_carea' id='block_1_37' title="bbox 2084 1705 3604 1778">
    <p class='ocr_par' dir='ltr' id='par_1_37' title="bbox 2084 1705 3604 1778">
     <span class='ocr_line' id='line_1_37' title="bbox 2084 1705 3604 1778; baseline 0.003 -19"><span class='ocrx_word' id='word_1_278' title='bbox 2084 1707 2194 1760; x_wconf 80' lang='grc' dir='ltr'>Καὶ</span> <span class='ocrx_word' id='word_1_279' title='bbox 2227 1706 2287 1759; x_wconf 84' lang='grc' dir='ltr'><strong>τὸ</strong></span> <span class='ocrx_word' id='word_1_280' title='bbox 2343 1708 2608 1776; x_wconf 79' lang='grc' dir='ltr'>κήρυγμα</span> <span class='ocrx_word' id='word_1_281' title='bbox 2653 1706 2814 1759; x_wconf 88' lang='grc' dir='ltr'>τοῦτο</span> <span class='ocrx_word' id='word_1_282' title='bbox 2839 1707 2920 1766; x_wconf 87' lang='grc' dir='ltr'><strong>εἰς</strong></span> <span class='ocrx_word' id='word_1_283' title='bbox 2965 1705 3148 1776; x_wconf 90' lang='grc' dir='ltr'>κρίσιν</span> <span class='ocrx_word' id='word_1_284' title='bbox 3170 1705 3378 1774; x_wconf 83' lang='grc' dir='ltr'>ἐγένετο</span> <span class='ocrx_word' id='word_1_285' title='bbox 3409 1711 3604 1778; x_wconf 72' lang='grc' dir='ltr'>τούτοις,</span> 
     </span>
    </p>
   </div>
   <div class='ocr_carea' id='block_1_38' title="bbox 2083 1797 3601 1869">
    <p class='ocr_par' dir='ltr' id='par_1_38' title="bbox 2083 1797 3601 1869">
     <span class='ocr_line' id='line_1_38' title="bbox 2083 1797 3601 1869; baseline 0.005 -19"><span class='ocrx_word' id='word_1_286' title='bbox 2083 1801 2202 1869; x_wconf 73' lang='grc' dir='ltr'>ἦτοι</span> <span class='ocrx_word' id='word_1_287' title='bbox 2251 1801 2332 1860; x_wconf 88' lang='grc' dir='ltr'><strong>εἰς</strong></span> <span class='ocrx_word' id='word_1_288' title='bbox 2372 1798 2717 1869; x_wconf 84' lang='grc' dir='ltr'>κατάκρισιν,</span> <span class='ocrx_word' id='word_1_289' title='bbox 2780 1798 2888 1851; x_wconf 88' lang='grc' dir='ltr'><strong>τῶν</strong></span> <span class='ocrx_word' id='word_1_290' title='bbox 2927 1797 3026 1868; x_wconf 81' lang='grc' dir='ltr'><strong>μὲν</strong></span> <span class='ocrx_word' id='word_1_291' title='bbox 3087 1798 3296 1860; x_wconf 79' lang='grc' dir='ltr'>ἑαυτοῖς</span> <span class='ocrx_word' id='word_1_292' title='bbox 3329 1801 3601 1857; x_wconf 82' lang='grc' dir='ltr'>συνειδότων</span> 
     </span>
    </p>
   </div>
   <div class='ocr_carea' id='block_1_39' title="bbox 2084 1889 3604 1963">
    <p class='ocr_par' dir='ltr' id='par_1_39' title="bbox 2084 1889 3604 1963">
     <span class='ocr_line' id='line_1_39' title="bbox 2084 1889 3604 1963; baseline 0.003 -20"><span class='ocrx_word' id='word_1_293' title='bbox 2084 1891 2321 1962; x_wconf 80' lang='grc' dir='ltr'>χρηστὸν</span> <span class='ocrx_word' id='word_1_294' title='bbox 2378 1890 2489 1960; x_wconf 88' lang='grc' dir='ltr'>βίον</span> <span class='ocrx_word' id='word_1_295' title='bbox 2515 1893 2582 1960; x_wconf 84' lang='grc' dir='ltr'>τῇ</span> <span class='ocrx_word' id='word_1_296' title='bbox 2644 1889 2737 1944; x_wconf 89' lang='grc' dir='ltr'><strong>τοῦ</strong></span> <span class='ocrx_word' id='word_1_297' title='bbox 2775 1889 3037 1958; x_wconf 77' lang='grc' dir='ltr'>φανέντος</span> <span class='ocrx_word' id='word_1_298' title='bbox 3095 1889 3270 1942; x_wconf 84' lang='grc' dir='ltr'>ἐκεῖσε</span> <span class='ocrx_word' id='word_1_299' title='bbox 3315 1893 3604 1963; x_wconf 82' lang='grc' dir='ltr'>χρηστότητι</span> 
     </span>
    </p>
   </div>
   <div class='ocr_carea' id='block_1_40' title="bbox 2089 1981 3612 2054">
    <p class='ocr_par' dir='ltr' id='par_1_40' title="bbox 2089 1981 3612 2054">
     <span class='ocr_line' id='line_1_40' title="bbox 2089 1981 3612 2054; baseline 0.002 -17"><span class='ocrx_word' id='word_1_300' title='bbox 2089 1983 2512 2054; x_wconf 67' lang='grc' dir='ltr'>συναπτομένων</span> <span class='ocrx_word' id='word_1_301' title='bbox 2542 2023 2558 2049; x_wconf 95' lang='grc'><strong>,</strong></span> <span class='ocrx_word' id='word_1_302' title='bbox 2587 1983 2784 2045; x_wconf 79' lang='grc' dir='ltr'>εὐθύς.</span> <span class='ocrx_word' id='word_1_303' title='bbox 2823 1981 2944 2034; x_wconf 86' lang='grc' dir='ltr'><strong>Τῶν</strong></span> <span class='ocrx_word' id='word_1_304' title='bbox 2991 1981 3049 2034; x_wconf 87' lang='grc' dir='ltr'><strong>δέ</strong></span> <span class='ocrx_word' id='word_1_305' title='bbox 3101 1981 3365 2051; x_wconf 85' lang='grc' dir='ltr'>πονηρῶν,</span> <span class='ocrx_word' id='word_1_306' title='bbox 3423 1985 3612 2041; x_wconf 77' lang='grc' dir='ltr'>αὐτόθεν</span> 
     </span>
    </p>
   </div>
   <div class='ocr_carea' id='block_1_41' title="bbox 2086 2074 3614 2147">
    <p class='ocr_par' dir='ltr' id='par_1_41' title="bbox 2086 2074 3614 2147">
     <span class='ocr_line' id='line_1_41' title="bbox 2086 2074 3614 2147; baseline 0.001 -18"><span class='ocrx_word' id='word_1_307' title='bbox 2086 2076 2352 2147; x_wconf 76' lang='grc' dir='ltr'>αἰσχύνης</span> <span class='ocrx_word' id='word_1_308' title='bbox 2381 2075 2804 2146; x_wconf 80' lang='grc' dir='ltr'>πληρουμένων,</span> <span class='ocrx_word' id='word_1_309' title='bbox 2843 2075 2940 2128; x_wconf 79' lang='grc' dir='ltr'>καὶ</span> <span class='ocrx_word' id='word_1_310' title='bbox 2994 2074 3096 2144; x_wconf 83' lang='grc' dir='ltr'>τὴν</span> <span class='ocrx_word' id='word_1_311' title='bbox 3131 2074 3334 2128; x_wconf 89' lang='grc' dir='ltr'>ἐαυτῶν</span> <span class='ocrx_word' id='word_1_312' title='bbox 3359 2077 3614 2145; x_wconf 79' lang='grc' dir='ltr'>καταδίκην</span> 
     </span>
    </p>
   </div>
   <div class='ocr_carea' id='block_1_42' title="bbox 2087 2159 3612 2237">
    <p class='ocr_par' dir='ltr' id='par_1_42' title="bbox 2087 2159 3612 2237">
     <span class='ocr_line' id='line_1_42' title="bbox 2087 2159 3612 2237; baseline -0.002 -16"><span class='ocrx_word' id='word_1_313' title='bbox 2087 2166 2478 2237; x_wconf 84' lang='grc' dir='ltr'>ἐκδεχομένων.</span> <span class='ocrx_word' id='word_1_314' title='bbox 2512 2165 2684 2219; x_wconf 88' lang='grc' dir='ltr'>Τοῦτο</span> <span class='ocrx_word' id='word_1_315' title='bbox 2714 2166 2812 2235; x_wconf 84' lang='grc' dir='ltr'>μὲν</span> <span class='ocrx_word' id='word_1_316' title='bbox 2842 2159 2934 2217; x_wconf 75' lang='grc' dir='ltr'><strong>οὖν</strong></span> <span class='ocrx_word' id='word_1_317' title='bbox 2959 2164 3021 2217; x_wconf 74' lang='grc' dir='ltr'>τὸ</span> <span class='ocrx_word' id='word_1_318' title='bbox 3051 2163 3244 2234; x_wconf 81' lang='grc' dir='ltr'>κριτὴν</span> <span class='ocrx_word' id='word_1_319' title='bbox 3284 2159 3416 2217; x_wconf 76' lang='grc' dir='ltr'>εῖναι</span> <span class='ocrx_word' id='word_1_320' title='bbox 3445 2165 3524 2218; x_wconf 71' lang='grc' dir='ltr'><strong>καὶ</strong></span> <span class='ocrx_word' id='word_1_321' title='bbox 3541 2183 3612 2218; x_wconf 88' lang='grc' dir='ltr'>νε-</span> 
     </span>
    </p>
   </div>
   <div class='ocr_carea' id='block_1_43' title="bbox 2088 2253 3614 2328">
    <p class='ocr_par' dir='ltr' id='par_1_43' title="bbox 2088 2253 3614 2328">
     <span class='ocr_line' id='line_1_43' title="bbox 2088 2253 3614 2328; baseline -0.001 -19"><span class='ocrx_word' id='word_1_322' title='bbox 2088 2258 2235 2327; x_wconf 88' lang='grc' dir='ltr'>κρῶν</span> <span class='ocrx_word' id='word_1_323' title='bbox 2256 2257 2344 2310; x_wconf 83' lang='grc' dir='ltr'><strong>τὸν</strong></span> <span class='ocrx_word' id='word_1_324' title='bbox 2374 2256 2576 2326; x_wconf 83' lang='grc' dir='ltr'>Κύριον</span> <span class='ocrx_word' id='word_1_325' title='bbox 2607 2254 2814 2324; x_wconf 74' lang='grc' dir='ltr'>βεϐαιοῖ</span> <span class='ocrx_word' id='word_1_326' title='bbox 2870 2253 3102 2308; x_wconf 87' lang='grc' dir='ltr'>Ζώντων</span> <span class='ocrx_word' id='word_1_327' title='bbox 3125 2253 3206 2308; x_wconf 71' lang='grc' dir='ltr'>δέ.</span> <span class='ocrx_word' id='word_1_328' title='bbox 3251 2253 3502 2318; x_wconf 85' lang='grc' dir='ltr'>Ἐλθὸντος</span> <span class='ocrx_word' id='word_1_329' title='bbox 3529 2255 3614 2328; x_wconf 77' lang='grc' dir='ltr'><strong>γὰρ</strong></span> 
     </span>
    </p>
   </div>
   <div class='ocr_carea' id='block_1_44' title="bbox 2089 2344 3614 2416">
    <p class='ocr_par' dir='ltr' id='par_1_44' title="bbox 2089 2344 3614 2416">
     <span class='ocr_line' id='line_1_44' title="bbox 2089 2344 3614 2416; baseline -0.001 -15"><span class='ocrx_word' id='word_1_330' title='bbox 2089 2350 2170 2412; x_wconf 89' lang='grc' dir='ltr'><strong>εἰς</strong></span> <span class='ocrx_word' id='word_1_331' title='bbox 2209 2351 2300 2400; x_wconf 75' lang='grc' dir='ltr'><strong>τὸν</strong></span> <span class='ocrx_word' id='word_1_332' title='bbox 2333 2349 2538 2416; x_wconf 84' lang='grc' dir='ltr'>κόσμον</span> <span class='ocrx_word' id='word_1_333' title='bbox 2565 2349 2707 2400; x_wconf 85' lang='grc' dir='ltr'>κατὰ</span> <span class='ocrx_word' id='word_1_334' title='bbox 2750 2345 2846 2415; x_wconf 78' lang='grc' dir='ltr'>τὴν</span> <span class='ocrx_word' id='word_1_335' title='bbox 2883 2346 3138 2416; x_wconf 81' lang='grc' dir='ltr'>φθαρτὴν</span> <span class='ocrx_word' id='word_1_336' title='bbox 3190 2344 3352 2416; x_wconf 79' lang='grc' dir='ltr'>ζωὴν,</span> <span class='ocrx_word' id='word_1_337' title='bbox 3398 2345 3485 2414; x_wconf 80' lang='grc' dir='ltr'>τὴν</span> <span class='ocrx_word' id='word_1_338' title='bbox 3531 2364 3614 2400; x_wconf 86' lang='grc' dir='ltr'>πα-</span> 
     </span>
    </p>
   </div>
   <div class='ocr_carea' id='block_1_45' title="bbox 411 2424 1986 2514">
    <p class='ocr_par' dir='ltr' id='par_1_45' title="bbox 411 2424 1986 2507">
     <span class='ocr_line' id='line_1_45' title="bbox 411 2424 1986 2507; baseline 0.011 -32"><span class='ocrx_word' id='word_1_339' title='bbox 411 2424 626 2492; x_wconf 84' lang='lat' dir='ltr'><strong>pudore</strong></span> <span class='ocrx_word' id='word_1_340' title='bbox 659 2424 904 2495; x_wconf 82' lang='lat' dir='ltr'><strong>repletis,</strong></span> <span class='ocrx_word' id='word_1_341' title='bbox 933 2442 1195 2502; x_wconf 90' lang='lat' dir='ltr'><strong>suamque</strong></span> <span class='ocrx_word' id='word_1_342' title='bbox 1231 2433 1742 2490; x_wconf 88' lang='lat' dir='ltr'><strong>condemnationem</strong></span> <span class='ocrx_word' id='word_1_343' title='bbox 1769 2452 1986 2507; x_wconf 81' lang='lat' dir='ltr'><strong>exspec-</strong></span> 
     </span>
    </p>
   </div>
   <div class='ocr_carea' id='block_1_46' title="bbox 2091 2424 3614 2514">
    <p class='ocr_par' dir='ltr' id='par_1_46' title="bbox 2096 2439 3614 2514">
     <span class='ocr_line' id='line_1_46' title="bbox 2096 2439 3614 2514; baseline -0.003 -18"><span class='ocrx_word' id='word_1_344' title='bbox 2096 2443 2313 2514; x_wconf 88' lang='grc' dir='ltr'>ρουσίαν</span> <span class='ocrx_word' id='word_1_345' title='bbox 2340 2480 2342 2482; x_wconf 92' lang='grc'><strong>-</strong></span> <span class='ocrx_word' id='word_1_346' title='bbox 2370 2444 2669 2511; x_wconf 80' lang='grc' dir='ltr'>ἐσχήκασιν</span> <span class='ocrx_word' id='word_1_347' title='bbox 2717 2439 2994 2510; x_wconf 74' lang='grc' dir='ltr'>ἄνθρωποι</span> <span class='ocrx_word' id='word_1_348' title='bbox 3053 2439 3267 2507; x_wconf 88' lang='grc' dir='ltr'>τούτου,</span> <span class='ocrx_word' id='word_1_349' title='bbox 3311 2441 3614 2511; x_wconf 81' lang='grc' dir='ltr'>κατάκρισιν,</span> 
     </span>
    </p>
   </div>
   <div class='ocr_carea' id='block_1_47' title="bbox 411 2518 1986 2604">
    <p class='ocr_par' dir='ltr' id='par_1_47' title="bbox 411 2518 1986 2596">
     <span class='ocr_line' id='line_1_47' title="bbox 411 2518 1986 2596; baseline 0.009 -26"><span class='ocrx_word' id='word_1_350' title='bbox 411 2518 670 2573; x_wconf 78' lang='lat' dir='ltr'><strong>tantibus.</strong></span> <span class='ocrx_word' id='word_1_351' title='bbox 708 2519 824 2575; x_wconf 83' lang='lat' dir='ltr'><strong>Hoc</strong></span> <span class='ocrx_word' id='word_1_352' title='bbox 861 2521 1042 2592; x_wconf 84' lang='lat' dir='ltr'><strong>itaque</strong></span> <span class='ocrx_word' id='word_1_353' title='bbox 1078 2523 1366 2580; x_wconf 88' lang='lat' dir='ltr'><strong>Dominum</strong></span> <span class='ocrx_word' id='word_1_354' title='bbox 1402 2541 1523 2582; x_wconf 91' lang='lat' dir='ltr'><strong>esse</strong></span> <span class='ocrx_word' id='word_1_355' title='bbox 1560 2528 1800 2596; x_wconf 89' lang='lat' dir='ltr'><strong>judicem</strong></span> <span class='ocrx_word' id='word_1_356' title='bbox 1846 2546 1986 2584; x_wconf 91' lang='lat' dir='ltr'><strong>mor-</strong></span> 
     </span>
    </p>
   </div>
   <div class='ocr_carea' id='block_1_48' title="bbox 2091 2518 3618 2604">
    <p class='ocr_par' dir='ltr' id='par_1_48' title="bbox 2091 2531 3618 2604">
     <span class='ocr_line' id='line_1_48' title="bbox 2091 2531 3618 2604; baseline -0.002 -17"><span class='ocrx_word' id='word_1_357' title='bbox 2091 2536 2199 2587; x_wconf 88' lang='grc' dir='ltr'><strong>τῶν</strong></span> <span class='ocrx_word' id='word_1_358' title='bbox 2229 2535 2327 2604; x_wconf 79' lang='grc' dir='ltr'>μὲν</span> <span class='ocrx_word' id='word_1_359' title='bbox 2390 2533 2608 2601; x_wconf 84' lang='grc' dir='ltr'>ἀγαθῶν</span> <span class='ocrx_word' id='word_1_360' title='bbox 2645 2532 3108 2602; x_wconf 85' lang='grc' dir='ltr'>προσδραμόντων</span> <span class='ocrx_word' id='word_1_361' title='bbox 3149 2531 3296 2600; x_wconf 82' lang='grc' dir='ltr'>αὐτῷ</span> <span class='ocrx_word' id='word_1_362' title='bbox 3351 2533 3437 2584; x_wconf 72' lang='grc' dir='ltr'><strong>καὶ</strong></span> <span class='ocrx_word' id='word_1_363' title='bbox 3472 2531 3618 2601; x_wconf 82' lang='grc' dir='ltr'>μαθη-</span> 
     </span>
    </p>
   </div>
   <div class='ocr_carea' id='block_1_49' title="bbox 413 2612 1986 2694">
    <p class='ocr_par' dir='ltr' id='par_1_49' title="bbox 413 2612 1986 2690">
     <span class='ocr_line' id='line_1_49' title="bbox 413 2612 1986 2690; baseline 0.01 -30"><span class='ocrx_word' id='word_1_364' title='bbox 413 2616 628 2664; x_wconf 88' lang='lat' dir='ltr'><strong>tuorum</strong></span> <span class='ocrx_word' id='word_1_365' title='bbox 672 2612 978 2668; x_wconf 85' lang='lat' dir='ltr'><strong>conﬁrmat.</strong></span> <span class='ocrx_word' id='word_1_366' title='bbox 1012 2613 1272 2670; x_wconf 83' lang='lat' dir='ltr'><strong>Vivorum</strong></span> <span class='ocrx_word' id='word_1_367' title='bbox 1317 2629 1670 2681; x_wconf 85' lang='lat' dir='ltr'><strong>autem,nam</strong></span> <span class='ocrx_word' id='word_1_368' title='bbox 1722 2638 1889 2690; x_wconf 86' lang='lat' dir='ltr'><strong>quum</strong></span> <span class='ocrx_word' id='word_1_369' title='bbox 1934 2623 1986 2676; x_wconf 91' lang='lat' dir='ltr'><strong>in</strong></span> 
     </span>
    </p>
   </div>
   <div class='ocr_carea' id='block_1_50' title="bbox 2091 2612 3620 2694">
    <p class='ocr_par' dir='ltr' id='par_1_50' title="bbox 2093 2621 3620 2694">
     <span class='ocr_line' id='line_1_50' title="bbox 2093 2621 3620 2694; baseline -0.003 -15"><span class='ocrx_word' id='word_1_370' title='bbox 2093 2628 2413 2689; x_wconf 85' lang='grc' dir='ltr'>τευθέντων,</span> <span class='ocrx_word' id='word_1_371' title='bbox 2436 2625 2544 2678; x_wconf 90' lang='grc' dir='ltr'><strong>τῶν</strong></span> <span class='ocrx_word' id='word_1_372' title='bbox 2566 2624 2621 2677; x_wconf 80' lang='grc' dir='ltr'><strong>δέ</strong></span> <span class='ocrx_word' id='word_1_373' title='bbox 2651 2623 2863 2694; x_wconf 85' lang='grc' dir='ltr'>μιαρῶν</span> <span class='ocrx_word' id='word_1_374' title='bbox 2896 2621 3350 2692; x_wconf 86' lang='grc' dir='ltr'>ἁποσεισαμένων</span> <span class='ocrx_word' id='word_1_375' title='bbox 3376 2621 3620 2675; x_wconf 74' lang='grc' dir='ltr'>καὶέκοντί</span> 
     </span>
    </p>
   </div>
   <div class='ocr_carea' id='block_1_51' title="bbox 409 2698 1986 2789">
    <p class='ocr_par' dir='ltr' id='par_1_51' title="bbox 409 2698 1986 2785">
     <span class='ocr_line' id='line_1_51' title="bbox 409 2698 1986 2785; baseline 0.01 -31"><span class='ocrx_word' id='word_1_376' title='bbox 409 2703 670 2757; x_wconf 88' lang='lat' dir='ltr'><strong>mundum</strong></span> <span class='ocrx_word' id='word_1_377' title='bbox 701 2705 942 2761; x_wconf 85' lang='lat' dir='ltr'><strong>venisset</strong></span> <span class='ocrx_word' id='word_1_378' title='bbox 960 2698 1115 2776; x_wconf 57' lang='lat' dir='ltr'><strong>juxta</strong></span> <span class='ocrx_word' id='word_1_379' title='bbox 1147 2709 1312 2764; x_wconf 89' lang='lat' dir='ltr'><strong>vitam</strong></span> <span class='ocrx_word' id='word_1_380' title='bbox 1337 2713 1642 2778; x_wconf 83' lang='lat' dir='ltr'><strong>mortalem,</strong></span> <span class='ocrx_word' id='word_1_381' title='bbox 1662 2714 1827 2784; x_wconf 84' lang='lat' dir='ltr'><strong>hujus</strong></span> <span class='ocrx_word' id='word_1_382' title='bbox 1853 2730 1986 2785; x_wconf 72' lang='lat' dir='ltr'><strong>pra:-</strong></span> 
     </span>
    </p>
   </div>
   <div class='ocr_carea' id='block_1_52' title="bbox 2091 2698 3638 2789">
    <p class='ocr_par' dir='ltr' id='par_1_52' title="bbox 2100 2713 3638 2789">
     <span class='ocr_line' id='line_1_52' title="bbox 2100 2713 3638 2789; baseline -0.005 -17"><span class='ocrx_word' id='word_1_383' title='bbox 2100 2720 2381 2789; x_wconf 74' lang='grc' dir='ltr'>μυσάντων</span> <span class='ocrx_word' id='word_1_384' title='bbox 2416 2719 2552 2785; x_wconf 78' lang='grc' dir='ltr'>πρὸς</span> <span class='ocrx_word' id='word_1_385' title='bbox 2578 2716 2677 2786; x_wconf 84' lang='grc' dir='ltr'>τὴν</span> <span class='ocrx_word' id='word_1_386' title='bbox 2707 2715 2986 2784; x_wconf 80' lang='grc' dir='ltr'>ἀληθειαν.</span> <span class='ocrx_word' id='word_1_387' title='bbox 3025 2715 3096 2767; x_wconf 81' lang='grc'><strong>’³0</strong></span> <span class='ocrx_word' id='word_1_388' title='bbox 3151 2713 3248 2768; x_wconf 83' lang='grc' dir='ltr'>καὶ</span> <span class='ocrx_word' id='word_1_389' title='bbox 3291 2713 3638 2766; x_wconf 70' lang='grc' dir='ltr'>αύτδτούτωνο</span> 
     </span>
    </p>
   </div>
   <div class='ocr_carea' id='block_1_53' title="bbox 410 2797 1986 2880">
    <p class='ocr_par' dir='ltr' id='par_1_53' title="bbox 410 2797 1986 2872">
     <span class='ocr_line' id='line_1_53' title="bbox 410 2797 1986 2872; baseline 0.008 -24"><span class='ocrx_word' id='word_1_390' title='bbox 410 2797 644 2851; x_wconf 89' lang='lat' dir='ltr'><strong>sentiam</strong></span> <span class='ocrx_word' id='word_1_391' title='bbox 701 2798 1012 2855; x_wconf 86' lang='lat' dir='ltr'><strong>habuerunt</strong></span> <span class='ocrx_word' id='word_1_392' title='bbox 1069 2801 1318 2856; x_wconf 86' lang='lat' dir='ltr'><strong>homines</strong></span> <span class='ocrx_word' id='word_1_393' title='bbox 1363 2819 1461 2872; x_wconf 93' lang='lat' dir='ltr'><strong>pro</strong></span> <span class='ocrx_word' id='word_1_394' title='bbox 1515 2805 1986 2871; x_wconf 82' lang='lat' dir='ltr'><strong>condcmnatione,</strong></span> 
     </span>
    </p>
   </div>
   <div class='ocr_carea' id='block_1_54' title="bbox 2091 2797 3615 2880">
    <p class='ocr_par' dir='ltr' id='par_1_54' title="bbox 2097 2807 3615 2880">
     <span class='ocr_line' id='line_1_54' title="bbox 2097 2807 3615 2880; baseline -0.005 -15"><span class='ocrx_word' id='word_1_395' title='bbox 2097 2811 2442 2880; x_wconf 85' lang='grc' dir='ltr'>κατάκρισις.</span> <span class='ocrx_word' id='word_1_396' title='bbox 2479 2808 2570 2862; x_wconf 73' lang='grc' dir='ltr'><strong>Διὸ</strong></span> <span class='ocrx_word' id='word_1_397' title='bbox 2605 2807 2698 2862; x_wconf 73' lang='grc' dir='ltr'><strong>καὶ</strong></span> <span class='ocrx_word' id='word_1_398' title='bbox 2732 2810 2759 2859; x_wconf 75' lang='grc' dir='ltr'>ὁ</span> <span class='ocrx_word' id='word_1_399' title='bbox 2792 2807 2995 2878; x_wconf 85' lang='grc' dir='ltr'>Κύριός</span> <span class='ocrx_word' id='word_1_400' title='bbox 3054 2823 3222 2877; x_wconf 84' lang='grc' dir='ltr'>φησιν</span> <span class='ocrx_word' id='word_1_401' title='bbox 3249 2822 3263 2837; x_wconf 90' lang='grc'><strong>·</strong></span> <span class='ocrx_word' id='word_1_402' title='bbox 3305 2825 3323 2858; x_wconf 76' lang='grc' dir='ltr'><strong>ι</strong></span> <span class='ocrx_word' id='word_1_403' title='bbox 3363 2807 3447 2868; x_wconf 76' lang='grc' dir='ltr'>Εἰς</span> <span class='ocrx_word' id='word_1_404' title='bbox 3471 2809 3615 2877; x_wconf 78' lang='grc' dir='ltr'>κρῖμα</span> 
     </span>
    </p>
   </div>
   <div class='ocr_carea' id='block_1_55' title="bbox 411 2883 1986 2971">
    <p class='ocr_par' dir='ltr' id='par_1_55' title="bbox 411 2883 1986 2959">
     <span class='ocr_line' id='line_1_55' title="bbox 411 2883 1986 2959; baseline 0.006 -21"><span class='ocrx_word' id='word_1_405' title='bbox 411 2883 538 2938; x_wconf 86' lang='lat' dir='ltr'><strong>dum</strong></span> <span class='ocrx_word' id='word_1_406' title='bbox 564 2886 688 2939; x_wconf 86' lang='lat' dir='ltr'><strong>boni</strong></span> <span class='ocrx_word' id='word_1_407' title='bbox 719 2887 941 2956; x_wconf 88' lang='lat' dir='ltr'><strong>quidem</strong></span> <span class='ocrx_word' id='word_1_408' title='bbox 964 2891 1030 2943; x_wconf 92' lang='lat' dir='ltr'><strong>ad</strong></span> <span class='ocrx_word' id='word_1_409' title='bbox 1059 2891 1235 2959; x_wconf 89' lang='lat' dir='ltr'><strong>ipsum</strong></span> <span class='ocrx_word' id='word_1_410' title='bbox 1262 2905 1623 2948; x_wconf 87' lang='lat' dir='ltr'><strong>accurrerunt</strong></span> <span class='ocrx_word' id='word_1_411' title='bbox 1653 2911 1716 2949; x_wconf 91' lang='lat' dir='ltr'><strong>ac</strong></span> <span class='ocrx_word' id='word_1_412' title='bbox 1742 2895 1986 2951; x_wconf 89' lang='lat' dir='ltr'><strong>instructi</strong></span> 
     </span>
    </p>
   </div>
   <div class='ocr_carea' id='block_1_56' title="bbox 2091 2883 3623 2971">
    <p class='ocr_par' dir='ltr' id='par_1_56' title="bbox 2097 2894 3623 2971">
     <span class='ocr_line' id='line_1_56' title="bbox 2097 2894 3623 2971; baseline -0.005 -15"><span class='ocrx_word' id='word_1_413' title='bbox 2097 2901 2208 2971; x_wconf 82' lang='grc' dir='ltr'>ἐγὼ</span> <span class='ocrx_word' id='word_1_414' title='bbox 2246 2901 2479 2970; x_wconf 78' lang='grc' dir='ltr'>ἐλήλυθα</span> <span class='ocrx_word' id='word_1_415' title='bbox 2510 2900 2589 2963; x_wconf 86' lang='grc' dir='ltr'><strong>είς</strong></span> <span class='ocrx_word' id='word_1_416' title='bbox 2620 2899 2711 2950; x_wconf 76' lang='grc' dir='ltr'>τὸν</span> <span class='ocrx_word' id='word_1_417' title='bbox 2744 2899 2968 2964; x_wconf 66' lang='grc' dir='ltr'>κόσμον,</span> <span class='ocrx_word' id='word_1_418' title='bbox 3006 2914 3025 2949; x_wconf 70' lang='grc' dir='ltr'><strong>ι</strong></span> <span class='ocrx_word' id='word_1_419' title='bbox 3067 2897 3458 2962; x_wconf 86' lang='grc' dir='ltr'>τουτέστιν,είς</span> <span class='ocrx_word' id='word_1_420' title='bbox 3483 2894 3623 2948; x_wconf 79' lang='grc' dir='ltr'>κατά·</span> 
     </span>
    </p>
   </div>
   <div class='ocr_carea' id='block_1_57' title="bbox 410 2979 1986 3068">
    <p class='ocr_par' dir='ltr' id='par_1_57' title="bbox 410 2979 1986 3054">
     <span class='ocr_line' id='line_1_57' title="bbox 410 2979 1986 3054; baseline 0.006 -21"><span class='ocrx_word' id='word_1_421' title='bbox 410 2986 559 3042; x_wconf 80' lang='lat' dir='ltr'><strong>sunt,</strong></span> <span class='ocrx_word' id='word_1_422' title='bbox 595 2979 810 3034; x_wconf 84' lang='lat' dir='ltr'><strong>scelesti</strong></span> <span class='ocrx_word' id='word_1_423' title='bbox 845 2997 977 3036; x_wconf 88' lang='lat' dir='ltr'><strong>vero</strong></span> <span class='ocrx_word' id='word_1_424' title='bbox 1017 2984 1338 3051; x_wconf 88' lang='lat' dir='ltr'><strong>repulerunt</strong></span> <span class='ocrx_word' id='word_1_425' title='bbox 1371 2994 1426 3039; x_wconf 91' lang='lat' dir='ltr'><strong>et</strong></span> <span class='ocrx_word' id='word_1_426' title='bbox 1464 2996 1658 3054; x_wconf 87' lang='lat' dir='ltr'><strong>sponte</strong></span> <span class='ocrx_word' id='word_1_427' title='bbox 1694 2989 1986 3053; x_wconf 75' lang='lat' dir='ltr'><strong>abominati</strong></span> 
     </span>
    </p>
   </div>
   <div class='ocr_carea' id='block_1_58' title="bbox 2091 2979 3626 3068">
    <p class='ocr_par' dir='ltr' id='par_1_58' title="bbox 2100 2987 3626 3068">
     <span class='ocr_line' id='line_1_58' title="bbox 2100 2987 3626 3068; baseline -0.007 -18"><span class='ocrx_word' id='word_1_428' title='bbox 2100 3015 2296 3068; x_wconf 84' lang='grc' dir='ltr'>κριμα.</span> <span class='ocrx_word' id='word_1_429' title='bbox 2335 2995 2518 3057; x_wconf 80' lang='grc' dir='ltr'>Ούτως</span> <span class='ocrx_word' id='word_1_430' title='bbox 2542 2993 2636 3047; x_wconf 80' lang='grc' dir='ltr'><strong>οῦν</strong></span> <span class='ocrx_word' id='word_1_431' title='bbox 2666 2994 2760 3046; x_wconf 77' lang='grc' dir='ltr'>καὶ</span> <span class='ocrx_word' id='word_1_432' title='bbox 2791 2994 3010 3057; x_wconf 78' lang='grc' dir='ltr'>ζώντων</span> <span class='ocrx_word' id='word_1_433' title='bbox 3043 2992 3288 3063; x_wconf 79' lang='grc' dir='ltr'>κριτὴςὸ</span> <span class='ocrx_word' id='word_1_434' title='bbox 3326 2989 3513 3060; x_wconf 87' lang='grc' dir='ltr'>Κύριος</span> <span class='ocrx_word' id='word_1_435' title='bbox 3549 2987 3626 3040; x_wconf 73' lang='grc' dir='ltr'>καὶ</span> 
     </span>
    </p>
   </div>
   <div class='ocr_carea' id='block_1_59' title="bbox 410 3069 1986 3160">
    <p class='ocr_par' dir='ltr' id='par_1_59' title="bbox 410 3069 1986 3143">
     <span class='ocr_line' id='line_1_59' title="bbox 410 3069 1986 3143; baseline 0.006 -20"><span class='ocrx_word' id='word_1_436' title='bbox 410 3077 535 3123; x_wconf 82' lang='lat' dir='ltr'><strong>Sunt</strong></span> <span class='ocrx_word' id='word_1_437' title='bbox 583 3069 906 3126; x_wconf 81' lang='lat' dir='ltr'><strong>veritatem:</strong></span> <span class='ocrx_word' id='word_1_438' title='bbox 946 3074 1090 3141; x_wconf 90' lang='lat' dir='ltr'><strong>quod</strong></span> <span class='ocrx_word' id='word_1_439' title='bbox 1115 3073 1292 3143; x_wconf 88' lang='lat' dir='ltr'><strong>ipsum</strong></span> <span class='ocrx_word' id='word_1_440' title='bbox 1329 3076 1494 3130; x_wconf 88' lang='lat' dir='ltr'><strong>etiam</strong></span> <span class='ocrx_word' id='word_1_441' title='bbox 1517 3076 1616 3130; x_wconf 80' lang='lat' dir='ltr'><strong>fuit</strong></span> <span class='ocrx_word' id='word_1_442' title='bbox 1641 3078 1836 3133; x_wconf 84' lang='lat' dir='ltr'><strong>hOrum</strong></span> <span class='ocrx_word' id='word_1_443' title='bbox 1861 3096 1986 3134; x_wconf 86' lang='lat' dir='ltr'><strong>con—</strong></span> 
     </span>
    </p>
   </div>
   <div class='ocr_carea' id='block_1_60' title="bbox 2091 3069 3622 3160">
    <p class='ocr_par' dir='ltr' id='par_1_60' title="bbox 2100 3079 3622 3160">
     <span class='ocr_line' id='line_1_60' title="bbox 2100 3079 3622 3160; baseline -0.002 -18"><span class='ocrx_word' id='word_1_444' title='bbox 2100 3089 2330 3160; x_wconf 84' lang='grc' dir='ltr'>νεκρῶν.</span> <span class='ocrx_word' id='word_1_445' title='bbox 2387 3089 2496 3140; x_wconf 77' lang='grc' dir='ltr'><strong>Καὶ</strong></span> <span class='ocrx_word' id='word_1_446' title='bbox 2541 3087 2573 3156; x_wconf 81' lang='grc' dir='ltr'><strong>ἡ</strong></span> <span class='ocrx_word' id='word_1_447' title='bbox 2627 3085 2927 3153; x_wconf 77' lang='grc' dir='ltr'>αἰτιολογία</span> <span class='ocrx_word' id='word_1_448' title='bbox 2975 3085 3062 3136; x_wconf 84' lang='grc' dir='ltr'>ἐπ’</span> <span class='ocrx_word' id='word_1_449' title='bbox 3125 3082 3366 3151; x_wconf 84' lang='grc' dir='ltr'>ἀκεραίῳ</span> <span class='ocrx_word' id='word_1_450' title='bbox 3395 3079 3622 3150; x_wconf 79' lang='grc' dir='ltr'>τῷλόγῳ.</span> 
     </span>
    </p>
   </div>
   <div class='ocr_carea' id='block_1_61' title="bbox 410 3159 1986 3249">
    <p class='ocr_par' dir='ltr' id='par_1_61' title="bbox 410 3159 1986 3240">
     <span class='ocr_line' id='line_1_61' title="bbox 410 3159 1986 3240; baseline 0.008 -27"><span class='ocrx_word' id='word_1_451' title='bbox 410 3159 708 3216; x_wconf 80' lang='lat' dir='ltr'><strong>demnatio.</strong></span> <span class='ocrx_word' id='word_1_452' title='bbox 739 3161 861 3217; x_wconf 91' lang='lat' dir='ltr'><strong>Ideo</strong></span> <span class='ocrx_word' id='word_1_453' title='bbox 883 3179 1100 3234; x_wconf 89' lang='lat' dir='ltr'><strong>quoque</strong></span> <span class='ocrx_word' id='word_1_454' title='bbox 1123 3167 1254 3220; x_wconf 74' lang='lat' dir='ltr'><strong>dicit</strong></span> <span class='ocrx_word' id='word_1_455' title='bbox 1286 3168 1546 3224; x_wconf 90' lang='lat' dir='ltr'><strong>Dominus</strong></span> <span class='ocrx_word' id='word_1_456' title='bbox 1570 3187 1582 3222; x_wconf 89' lang='lat'><strong>:</strong></span> <span class='ocrx_word' id='word_1_457' title='bbox 1608 3189 1625 3220; x_wconf 76' lang='grc' dir='ltr'><strong>ι</strong></span> <span class='ocrx_word' id='word_1_458' title='bbox 1652 3169 1709 3222; x_wconf 91' lang='lat' dir='ltr'><strong>In</strong></span> <span class='ocrx_word' id='word_1_459' title='bbox 1727 3171 1986 3240; x_wconf 86' lang='lat' dir='ltr'><strong>judicium</strong></span> 
     </span>
    </p>
   </div>
   <div class='ocr_carea' id='block_1_62' title="bbox 2091 3159 3626 3249">
    <p class='ocr_par' dir='ltr' id='par_1_62' title="bbox 2092 3159 3626 3249">
     <span class='ocr_line' id='line_1_62' title="bbox 2092 3159 3626 3249; baseline -0.008 -13"><span class='ocrx_word' id='word_1_460' title='bbox 2092 3159 2209 3237; x_wconf 58' lang='lat' dir='ltr'><strong>am</strong></span> <span class='ocrx_word' id='word_1_461' title='bbox 2239 3181 2340 3234; x_wconf 86' lang='grc' dir='ltr'><strong>οὐκ</strong></span> <span class='ocrx_word' id='word_1_462' title='bbox 2370 3180 2464 3233; x_wconf 71' lang='grc' dir='ltr'><strong>ἐπὶ</strong></span> <span class='ocrx_word' id='word_1_463' title='bbox 2503 3177 2706 3249; x_wconf 81' lang='grc' dir='ltr'>μέρους</span> <span class='ocrx_word' id='word_1_464' title='bbox 2735 3175 3106 3247; x_wconf 83' lang='grc' dir='ltr'>ταχθήσεται.</span> <span class='ocrx_word' id='word_1_465' title='bbox 3145 3177 3302 3228; x_wconf 84' lang='grc' dir='ltr'>Ἐστι</span> <span class='ocrx_word' id='word_1_466' title='bbox 3353 3175 3518 3228; x_wconf 87' lang='grc' dir='ltr'>τοίνυν</span> <span class='ocrx_word' id='word_1_467' title='bbox 3559 3187 3626 3237; x_wconf 86' lang='grc' dir='ltr'><strong>το,</strong></span> 
     </span>
    </p>
   </div>
   <div class='ocr_carea' id='block_1_63' title="bbox 410 3253 1986 3344">
    <p class='ocr_par' dir='ltr' id='par_1_63' title="bbox 410 3253 1980 3324">
     <span class='ocr_line' id='line_1_63' title="bbox 410 3253 1980 3324; baseline 0.01 -21"><span class='ocrx_word' id='word_1_468' title='bbox 410 3267 508 3322; x_wconf 74' lang='lat' dir='ltr'><strong>ego</strong></span> <span class='ocrx_word' id='word_1_469' title='bbox 531 3254 649 3306; x_wconf 79' lang='lat' dir='ltr'><strong>veni</strong></span> <span class='ocrx_word' id='word_1_470' title='bbox 681 3253 733 3307; x_wconf 91' lang='lat' dir='ltr'><strong>in</strong></span> <span class='ocrx_word' id='word_1_471' title='bbox 756 3256 1020 3310; x_wconf 89' lang='lat' dir='ltr'><strong>mundum</strong></span> <span class='ocrx_word' id='word_1_472' title='bbox 1037 3257 1100 3322; x_wconf 81' lang='grc'><strong>⁸⁸,</strong></span> <span class='ocrx_word' id='word_1_473' title='bbox 1133 3277 1150 3308; x_wconf 79' lang='grc' dir='ltr'><strong>ι</strong></span> <span class='ocrx_word' id='word_1_474' title='bbox 1181 3259 1231 3312; x_wconf 89' lang='lat' dir='ltr'><strong>id</strong></span> <span class='ocrx_word' id='word_1_475' title='bbox 1252 3267 1356 3324; x_wconf 91' lang='lat' dir='ltr'><strong>est,</strong></span> <span class='ocrx_word' id='word_1_476' title='bbox 1375 3260 1980 3324; x_wconf 82' lang='lat' dir='ltr'><strong>incondemnationem.</strong></span> 
     </span>
    </p>
   </div>
   <div class='ocr_carea' id='block_1_64' title="bbox 2091 3253 3628 3344">
    <p class='ocr_par' dir='ltr' id='par_1_64' title="bbox 2091 3261 3628 3344">
     <span class='ocr_line' id='line_1_64' title="bbox 2091 3261 3628 3344; baseline -0.008 -17"><span class='ocrx_word' id='word_1_477' title='bbox 2091 3273 2318 3344; x_wconf 86' lang='grc' dir='ltr'>κριθῶσι</span> <span class='ocrx_word' id='word_1_478' title='bbox 2351 3271 2534 3341; x_wconf 73' lang='grc' dir='ltr'>σαρκὶ,</span> <span class='ocrx_word' id='word_1_479' title='bbox 2563 3267 2754 3332; x_wconf 76' lang='grc' dir='ltr'>οὓτως,</span> <span class='ocrx_word' id='word_1_480' title='bbox 2795 3266 2891 3320; x_wconf 89' lang='grc' dir='ltr'><strong>τοῦ</strong></span> <span class='ocrx_word' id='word_1_481' title='bbox 2926 3267 3138 3339; x_wconf 85' lang='grc' dir='ltr'>Κυρίου</span> <span class='ocrx_word' id='word_1_482' title='bbox 3173 3268 3284 3328; x_wconf 87' lang='grc' dir='ltr'>τοῖς</span> <span class='ocrx_word' id='word_1_483' title='bbox 3320 3267 3377 3318; x_wconf 86' lang='grc' dir='ltr'><strong>ἐν</strong></span> <span class='ocrx_word' id='word_1_484' title='bbox 3423 3262 3495 3333; x_wconf 85' lang='grc' dir='ltr'>τῷ</span> <span class='ocrx_word' id='word_1_485' title='bbox 3545 3261 3628 3332; x_wconf 74' lang='grc' dir='ltr'><strong>ᾄδῃ</strong></span> 
     </span>
    </p>
   </div>
   <div class='ocr_carea' id='block_1_65' title="bbox 409 3342 1986 3435">
    <p class='ocr_par' dir='ltr' id='par_1_65' title="bbox 409 3342 1984 3420">
     <span class='ocr_line' id='line_1_65' title="bbox 409 3342 1984 3420; baseline 0.008 -22"><span class='ocrx_word' id='word_1_486' title='bbox 409 3342 486 3399; x_wconf 82' lang='lat' dir='ltr'><strong>Ita</strong></span> <span class='ocrx_word' id='word_1_487' title='bbox 517 3360 646 3416; x_wconf 83' lang='lat' dir='ltr'><strong>ergo</strong></span> <span class='ocrx_word' id='word_1_488' title='bbox 697 3355 751 3402; x_wconf 89' lang='lat' dir='ltr'><strong>et</strong></span> <span class='ocrx_word' id='word_1_489' title='bbox 788 3348 1032 3404; x_wconf 88' lang='lat' dir='ltr'><strong>vivorum</strong></span> <span class='ocrx_word' id='word_1_490' title='bbox 1068 3351 1235 3420; x_wconf 80' lang='lat' dir='ltr'><strong>judex</strong></span> <span class='ocrx_word' id='word_1_491' title='bbox 1270 3363 1354 3407; x_wconf 80' lang='lat' dir='ltr'><strong>est</strong></span> <span class='ocrx_word' id='word_1_492' title='bbox 1392 3353 1653 3410; x_wconf 89' lang='lat' dir='ltr'><strong>Dominus</strong></span> <span class='ocrx_word' id='word_1_493' title='bbox 1691 3364 1746 3410; x_wconf 90' lang='lat' dir='ltr'><strong>et</strong></span> <span class='ocrx_word' id='word_1_494' title='bbox 1778 3366 1984 3411; x_wconf 88' lang='lat' dir='ltr'><strong>mortu-</strong></span> 
     </span>
    </p>
   </div>
   <div class='ocr_carea' id='block_1_66' title="bbox 2091 3342 3630 3435">
    <p class='ocr_par' dir='ltr' id='par_1_66' title="bbox 2091 3342 3630 3435">
     <span class='ocr_line' id='line_1_66' title="bbox 2091 3342 3630 3435; baseline -0.01 -17"><span class='ocrx_word' id='word_1_495' title='bbox 2091 3342 2469 3435; x_wconf 85' lang='grc' dir='ltr'>φοιτήσαντος.</span> <span class='ocrx_word' id='word_1_496' title='bbox 2511 3362 2575 3413; x_wconf 86' lang='grc' dir='ltr'>Οἰ</span> <span class='ocrx_word' id='word_1_497' title='bbox 2606 3362 2703 3429; x_wconf 78' lang='grc' dir='ltr'><strong>μὲν</strong></span> <span class='ocrx_word' id='word_1_498' title='bbox 2735 3361 2794 3412; x_wconf 85' lang='grc' dir='ltr'><strong>ἐν</strong></span> <span class='ocrx_word' id='word_1_499' title='bbox 2825 3357 2905 3429; x_wconf 82' lang='grc' dir='ltr'>τῷ</span> <span class='ocrx_word' id='word_1_500' title='bbox 2934 3359 3133 3428; x_wconf 85' lang='grc' dir='ltr'>κόσμῳ</span> <span class='ocrx_word' id='word_1_501' title='bbox 3171 3355 3441 3427; x_wconf 86' lang='grc' dir='ltr'>σαρκικῶς</span> <span class='ocrx_word' id='word_1_502' title='bbox 3463 3351 3630 3424; x_wconf 79' lang='grc' dir='ltr'>ζήσαν-</span> 
     </span>
    </p>
   </div>
   <div class='ocr_carea' id='block_1_67' title="bbox 411 3441 1986 3522">
    <p class='ocr_par' dir='ltr' id='par_1_67' title="bbox 411 3441 1986 3514">
     <span class='ocr_line' id='line_1_67' title="bbox 411 3441 1986 3514; baseline 0.009 -26"><span class='ocrx_word' id='word_1_503' title='bbox 411 3451 565 3490; x_wconf 91' lang='lat' dir='ltr'><strong>orum</strong></span> <span class='ocrx_word' id='word_1_504' title='bbox 597 3455 609 3490; x_wconf 93' lang='lat'><strong>:</strong></span> <span class='ocrx_word' id='word_1_505' title='bbox 639 3447 694 3492; x_wconf 90' lang='lat' dir='ltr'><strong>et</strong></span> <span class='ocrx_word' id='word_1_506' title='bbox 725 3453 904 3494; x_wconf 72' lang='lat' dir='ltr'><strong>causa:</strong></span> <span class='ocrx_word' id='word_1_507' title='bbox 964 3441 1196 3496; x_wconf 87' lang='lat' dir='ltr'><strong>redditio</strong></span> <span class='ocrx_word' id='word_1_508' title='bbox 1256 3444 1326 3498; x_wconf 94' lang='lat' dir='ltr'><strong>ob</strong></span> <span class='ocrx_word' id='word_1_509' title='bbox 1354 3445 1624 3514; x_wconf 83' lang='lat' dir='ltr'><strong>integrum</strong></span> <span class='ocrx_word' id='word_1_510' title='bbox 1674 3462 1986 3502; x_wconf 88' lang='lat' dir='ltr'><strong>sermonem</strong></span> 
     </span>
    </p>
   </div>
   <div class='ocr_carea' id='block_1_68' title="bbox 2091 3441 3627 3522">
    <p class='ocr_par' dir='ltr' id='par_1_68' title="bbox 2091 3442 3627 3522">
     <span class='ocr_line' id='line_1_68' title="bbox 2091 3442 3627 3522; baseline -0.008 -13"><span class='ocrx_word' id='word_1_511' title='bbox 2091 3473 2200 3518; x_wconf 83' lang='grc' dir='ltr'>τες,</span> <span class='ocrx_word' id='word_1_512' title='bbox 2237 3452 2663 3522; x_wconf 87' lang='grc' dir='ltr'>κατεκρίθησαν,</span> <span class='ocrx_word' id='word_1_513' title='bbox 2691 3452 2740 3502; x_wconf 82' lang='grc' dir='ltr'><strong>οἰ</strong></span> <span class='ocrx_word' id='word_1_514' title='bbox 2773 3449 2828 3501; x_wconf 83' lang='grc' dir='ltr'>δὲ</span> <span class='ocrx_word' id='word_1_515' title='bbox 2857 3446 3270 3519; x_wconf 85' lang='grc' dir='ltr'>πνευματικῶς,</span> <span class='ocrx_word' id='word_1_516' title='bbox 3299 3445 3505 3516; x_wconf 74' lang='grc' dir='ltr'>ἔζησαν,</span> <span class='ocrx_word' id='word_1_517' title='bbox 3528 3442 3627 3513; x_wconf 76' lang='grc' dir='ltr'>ἢτῇ</span> 
     </span>
    </p>
   </div>
   <div class='ocr_carea' id='block_1_69' title="bbox 411 3535 1986 3608">
    <p class='ocr_par' dir='ltr' id='par_1_69' title="bbox 411 3535 1986 3608">
     <span class='ocr_line' id='line_1_69' title="bbox 411 3535 1986 3608; baseline 0.008 -28"><span class='ocrx_word' id='word_1_518' title='bbox 411 3536 466 3580; x_wconf 86' lang='lat' dir='ltr'><strong>et</strong></span> <span class='ocrx_word' id='word_1_519' title='bbox 507 3543 617 3582; x_wconf 90' lang='lat' dir='ltr'><strong>non</strong></span> <span class='ocrx_word' id='word_1_520' title='bbox 662 3540 879 3599; x_wconf 88' lang='lat' dir='ltr'><strong>propter</strong></span> <span class='ocrx_word' id='word_1_521' title='bbox 925 3542 1133 3602; x_wconf 91' lang='lat' dir='ltr'><strong>partem</strong></span> <span class='ocrx_word' id='word_1_522' title='bbox 1190 3535 1549 3591; x_wconf 87' lang='lat' dir='ltr'><strong>ordinabitur.</strong></span> <span class='ocrx_word' id='word_1_523' title='bbox 1604 3537 1788 3608; x_wconf 88' lang='lat' dir='ltr'><strong>Itaque</strong></span> <span class='ocrx_word' id='word_1_524' title='bbox 1844 3539 1986 3608; x_wconf 86' lang='lat' dir='ltr'><strong>quod</strong></span> 
     </span>
    </p>
   </div>
   <div class='ocr_carea' id='block_1_70' title="bbox 409 3623 1984 3699">
    <p class='ocr_par' dir='ltr' id='par_1_70' title="bbox 409 3623 1984 3699">
     <span class='ocr_line' id='line_1_70' title="bbox 409 3623 1984 3699; baseline 0.006 -22"><span class='ocrx_word' id='word_1_525' title='bbox 409 3623 629 3686; x_wconf 84' lang='lat' dir='ltr'><strong>dicitur,</strong></span> <span class='ocrx_word' id='word_1_526' title='bbox 665 3624 1053 3693; x_wconf 85' lang='lat' dir='ltr'><strong>utjudicentur</strong></span> <span class='ocrx_word' id='word_1_527' title='bbox 1073 3641 1258 3692; x_wconf 86' lang='lat' dir='ltr'><strong>carne,</strong></span> <span class='ocrx_word' id='word_1_528' title='bbox 1331 3627 1407 3682; x_wconf 91' lang='lat' dir='ltr'><strong>ita</strong></span> <span class='ocrx_word' id='word_1_529' title='bbox 1461 3630 1844 3699; x_wconf 87' lang='lat' dir='ltr'><strong>accipiendum</strong></span> <span class='ocrx_word' id='word_1_530' title='bbox 1881 3641 1984 3696; x_wconf 88' lang='lat' dir='ltr'><strong>est,</strong></span> 
     </span>
    </p>
   </div>
   <div class='ocr_carea' id='block_1_71' title="bbox 413 3716 1990 3794">
    <p class='ocr_par' dir='ltr' id='par_1_71' title="bbox 413 3716 1990 3794">
     <span class='ocr_line' id='line_1_71' title="bbox 413 3716 1990 3794; baseline 0.007 -26"><span class='ocrx_word' id='word_1_531' title='bbox 413 3716 556 3784; x_wconf 82' lang='lat' dir='ltr'><strong>quod</strong></span> <span class='ocrx_word' id='word_1_532' title='bbox 597 3731 720 3770; x_wconf 91' lang='lat' dir='ltr'><strong>cum</strong></span> <span class='ocrx_word' id='word_1_533' title='bbox 754 3718 1075 3772; x_wconf 87' lang='lat' dir='ltr'><strong>accessisset</strong></span> <span class='ocrx_word' id='word_1_534' title='bbox 1121 3719 1386 3776; x_wconf 89' lang='lat' dir='ltr'><strong>Dominus</strong></span> <span class='ocrx_word' id='word_1_535' title='bbox 1443 3722 1510 3775; x_wconf 92' lang='lat' dir='ltr'><strong>ad</strong></span> <span class='ocrx_word' id='word_1_536' title='bbox 1558 3737 1654 3777; x_wconf 86' lang='lat' dir='ltr'><strong>eos</strong></span> <span class='ocrx_word' id='word_1_537' title='bbox 1712 3724 1803 3792; x_wconf 92' lang='lat' dir='ltr'><strong>qui</strong></span> <span class='ocrx_word' id='word_1_538' title='bbox 1847 3725 1990 3794; x_wconf 89' lang='lat' dir='ltr'><strong>apud</strong></span> 
     </span>
    </p>
   </div>
   <div class='ocr_carea' id='block_1_72' title="bbox 414 3804 1992 3878">
    <p class='ocr_par' dir='ltr' id='par_1_72' title="bbox 414 3804 1992 3878">
     <span class='ocr_line' id='line_1_72' title="bbox 414 3804 1992 3878; baseline 0.008 -21"><span class='ocrx_word' id='word_1_539' title='bbox 414 3804 620 3859; x_wconf 76' lang='lat' dir='ltr'><strong>inferos</strong></span> <span class='ocrx_word' id='word_1_540' title='bbox 651 3815 835 3872; x_wconf 85' lang='lat' dir='ltr'><strong>erant,</strong></span> <span class='ocrx_word' id='word_1_541' title='bbox 880 3806 956 3860; x_wconf 90' lang='lat' dir='ltr'><strong>illi</strong></span> <span class='ocrx_word' id='word_1_542' title='bbox 987 3807 1204 3876; x_wconf 91' lang='lat' dir='ltr'><strong>quidem</strong></span> <span class='ocrx_word' id='word_1_543' title='bbox 1237 3815 1330 3878; x_wconf 85' lang='lat' dir='ltr'><strong>qui</strong></span> <span class='ocrx_word' id='word_1_544' title='bbox 1365 3809 1419 3863; x_wconf 90' lang='lat' dir='ltr'><strong>in</strong></span> <span class='ocrx_word' id='word_1_545' title='bbox 1450 3812 1652 3866; x_wconf 91' lang='lat' dir='ltr'><strong>mundo</strong></span> <span class='ocrx_word' id='word_1_546' title='bbox 1701 3815 1992 3870; x_wconf 87' lang='lat' dir='ltr'><strong>carnaliter</strong></span> 
     </span>
    </p>
   </div>
   <div class='ocr_carea' id='block_1_73' title="bbox 414 3898 1988 3973">
    <p class='ocr_par' dir='ltr' id='par_1_73' title="bbox 414 3898 1988 3973">
     <span class='ocr_line' id='line_1_73' title="bbox 414 3898 1988 3973; baseline 0.006 -22"><span class='ocrx_word' id='word_1_547' title='bbox 414 3899 688 3964; x_wconf 80' lang='lat' dir='ltr'><strong>vixerant,</strong></span> <span class='ocrx_word' id='word_1_548' title='bbox 723 3898 1071 3954; x_wconf 88' lang='lat' dir='ltr'><strong>condemnati</strong></span> <span class='ocrx_word' id='word_1_549' title='bbox 1102 3901 1228 3954; x_wconf 78' lang='lat' dir='ltr'><strong>Sunt</strong></span> <span class='ocrx_word' id='word_1_550' title='bbox 1264 3917 1277 3952; x_wconf 91' lang='lat'><strong>:</strong></span> <span class='ocrx_word' id='word_1_551' title='bbox 1317 3901 1409 3971; x_wconf 90' lang='lat' dir='ltr'><strong>qui</strong></span> <span class='ocrx_word' id='word_1_552' title='bbox 1432 3917 1564 3957; x_wconf 87' lang='lat' dir='ltr'><strong>vero</strong></span> <span class='ocrx_word' id='word_1_553' title='bbox 1615 3904 1988 3973; x_wconf 84' lang='lat' dir='ltr'><strong>spiritualiter,</strong></span> 
     </span>
    </p>
   </div>
   <div class='ocr_carea' id='block_1_74' title="bbox 411 3991 1992 4067">
    <p class='ocr_par' dir='ltr' id='par_1_74' title="bbox 411 3991 1992 4067">
     <span class='ocr_line' id='line_1_74' title="bbox 411 3991 1992 4067; baseline 0.008 -26"><span class='ocrx_word' id='word_1_554' title='bbox 411 3991 668 4045; x_wconf 80' lang='lat' dir='ltr'><strong>vixerunt</strong></span> <span class='ocrx_word' id='word_1_555' title='bbox 695 4007 709 4044; x_wconf 91' lang='lat'><strong>:</strong></span> <span class='ocrx_word' id='word_1_556' title='bbox 735 3998 830 4045; x_wconf 89' lang='lat' dir='ltr'><strong>aut</strong></span> <span class='ocrx_word' id='word_1_557' title='bbox 861 3991 1239 4049; x_wconf 86' lang='lat' dir='ltr'><strong>reviviscendo</strong></span> <span class='ocrx_word' id='word_1_558' title='bbox 1273 4010 1379 4049; x_wconf 88' lang='lat' dir='ltr'><strong>una</strong></span> <span class='ocrx_word' id='word_1_559' title='bbox 1394 4010 1518 4049; x_wconf 90' lang='lat' dir='ltr'><strong>cum</strong></span> <span class='ocrx_word' id='word_1_560' title='bbox 1538 3997 1770 4052; x_wconf 91' lang='lat' dir='ltr'><strong>Domino</strong></span> <span class='ocrx_word' id='word_1_561' title='bbox 1800 4000 1992 4067; x_wconf 88' lang='lat' dir='ltr'><strong>(multa</strong></span> 
     </span>
    </p>
   </div>
   <div class='ocr_carea' id='block_1_75' title="bbox 411 4080 1992 4155">
    <p class='ocr_par' dir='ltr' id='par_1_75' title="bbox 411 4080 1992 4155">
     <span class='ocr_line' id='line_1_75' title="bbox 411 4080 1992 4155; baseline 0.008 -21"><span class='ocrx_word' id='word_1_562' title='bbox 411 4080 561 4134; x_wconf 86' lang='lat' dir='ltr'><strong>enim</strong></span> <span class='ocrx_word' id='word_1_563' title='bbox 617 4096 848 4152; x_wconf 89' lang='lat' dir='ltr'><strong>corpora</strong></span> <span class='ocrx_word' id='word_1_564' title='bbox 897 4091 1209 4138; x_wconf 88' lang='lat' dir='ltr'><strong>sanctorum</strong></span> <span class='ocrx_word' id='word_1_565' title='bbox 1253 4085 1345 4155; x_wconf 91' lang='lat' dir='ltr'><strong>qui</strong></span> <span class='ocrx_word' id='word_1_566' title='bbox 1375 4085 1716 4142; x_wconf 87' lang='lat' dir='ltr'><strong>dormierunt</strong></span> <span class='ocrx_word' id='word_1_567' title='bbox 1758 4090 1992 4145; x_wconf 75' lang='lat' dir='ltr'><strong>excitata</strong></span> 
     </span>
    </p>
   </div>
   <div class='ocr_carea' id='block_1_76' title="bbox 413 4171 1995 4244">
    <p class='ocr_par' dir='ltr' id='par_1_76' title="bbox 413 4171 1995 4244">
     <span class='ocr_line' id='line_1_76' title="bbox 413 4171 1995 4244; baseline 0.007 -18"><span class='ocrx_word' id='word_1_568' title='bbox 413 4171 650 4242; x_wconf 76' lang='lat' dir='ltr'><strong>sunt“),</strong></span> <span class='ocrx_word' id='word_1_569' title='bbox 681 4181 776 4226; x_wconf 90' lang='lat' dir='ltr'><strong>aut</strong></span> <span class='ocrx_word' id='word_1_570' title='bbox 809 4188 906 4244; x_wconf 90' lang='lat' dir='ltr'><strong>per</strong></span> <span class='ocrx_word' id='word_1_571' title='bbox 948 4174 1146 4228; x_wconf 88' lang='lat' dir='ltr'><strong>bonam</strong></span> <span class='ocrx_word' id='word_1_572' title='bbox 1175 4190 1346 4244; x_wconf 91' lang='lat' dir='ltr'><strong>spem.</strong></span> <span class='ocrx_word' id='word_1_573' title='bbox 1374 4175 1544 4232; x_wconf 90' lang='lat' dir='ltr'><strong>Porro</strong></span> <span class='ocrx_word' id='word_1_574' title='bbox 1573 4177 1897 4236; x_wconf 84' lang='lat' dir='ltr'><strong>Judicentur</strong></span> <span class='ocrx_word' id='word_1_575' title='bbox 1931 4198 1995 4237; x_wconf 89' lang='lat' dir='ltr'><strong>ac</strong></span> 
     </span>
    </p>
   </div>
   <div class='ocr_carea' id='block_1_77' title="bbox 412 4247 1991 4342">
    <p class='ocr_par' dir='ltr' id='par_1_77' title="bbox 412 4247 1991 4342">
     <span class='ocr_line' id='line_1_77' title="bbox 412 4247 1991 4342; baseline 0.005 -22"><span class='ocrx_word' id='word_1_576' title='bbox 412 4265 626 4330; x_wconf 83' lang='lat' dir='ltr'><strong>Vivant,</strong></span> <span class='ocrx_word' id='word_1_577' title='bbox 653 4247 856 4320; x_wconf 70' lang='lat' dir='ltr'><strong>dictum</strong></span> <span class='ocrx_word' id='word_1_578' title='bbox 893 4275 981 4320; x_wconf 92' lang='lat' dir='ltr'><strong>est</strong></span> <span class='ocrx_word' id='word_1_579' title='bbox 1009 4267 1281 4322; x_wconf 91' lang='lat' dir='ltr'><strong>sumendo</strong></span> <span class='ocrx_word' id='word_1_580' title='bbox 1325 4276 1541 4340; x_wconf 85' lang='lat' dir='ltr'><strong>tempus</strong></span> <span class='ocrx_word' id='word_1_581' title='bbox 1586 4287 1686 4339; x_wconf 88' lang='lat' dir='ltr'><strong>pro</strong></span> <span class='ocrx_word' id='word_1_582' title='bbox 1725 4279 1991 4342; x_wconf 81' lang='lat' dir='ltr'><strong>tempore,</strong></span> 
     </span>
    </p>
   </div>
   <div class='ocr_carea' id='block_1_78' title="bbox 414 4356 1995 4433">
    <p class='ocr_par' dir='ltr' id='par_1_78' title="bbox 414 4356 1995 4433">
     <span class='ocr_line' id='line_1_78' title="bbox 414 4356 1995 4433; baseline 0.005 -21"><span class='ocrx_word' id='word_1_583' title='bbox 414 4371 611 4428; x_wconf 83' lang='lat' dir='ltr'><strong>nempe</strong></span> <span class='ocrx_word' id='word_1_584' title='bbox 648 4356 893 4414; x_wconf 76' lang='lat' dir='ltr'><strong>futurum</strong></span> <span class='ocrx_word' id='word_1_585' title='bbox 934 4374 1032 4427; x_wconf 90' lang='lat' dir='ltr'><strong>pro</strong></span> <span class='ocrx_word' id='word_1_586' title='bbox 1073 4360 1371 4428; x_wconf 82' lang='lat' dir='ltr'><strong>praeterito,</strong></span> <span class='ocrx_word' id='word_1_587' title='bbox 1426 4363 1570 4430; x_wconf 85' lang='lat' dir='ltr'><strong>quod</strong></span> <span class='ocrx_word' id='word_1_588' title='bbox 1603 4362 1867 4433; x_wconf 80' lang='lat' dir='ltr'><strong>frequens</strong></span> <span class='ocrx_word' id='word_1_589' title='bbox 1913 4375 1995 4420; x_wconf 85' lang='lat' dir='ltr'><strong>est</strong></span> 
     </span>
    </p>
   </div>
   <div class='ocr_carea' id='block_1_79' title="bbox 413 4440 1986 4528">
    <p class='ocr_par' dir='ltr' id='par_1_79' title="bbox 413 4440 1986 4524">
     <span class='ocr_line' id='line_1_79' title="bbox 413 4440 1986 4524; baseline 0.003 -19"><span class='ocrx_word' id='word_1_590' title='bbox 413 4440 473 4505; x_wconf 73' lang='lat' dir='ltr'><strong>in</strong></span> <span class='ocrx_word' id='word_1_591' title='bbox 531 4466 684 4505; x_wconf 85' lang='lat' dir='ltr'><strong>sacra</strong></span> <span class='ocrx_word' id='word_1_592' title='bbox 729 4449 1032 4521; x_wconf 89' lang='lat' dir='ltr'><strong>Scriptura.</strong></span> <span class='ocrx_word' id='word_1_593' title='bbox 1082 4449 1408 4519; x_wconf 73' lang='lat' dir='ltr'><strong>«Omnium,</strong></span> <span class='ocrx_word' id='word_1_594' title='bbox 1467 4455 1664 4524; x_wconf 90' lang='lat' dir='ltr'><strong>inquit,</strong></span> <span class='ocrx_word' id='word_1_595' title='bbox 1725 4456 1850 4511; x_wconf 83' lang='lat' dir='ltr'><strong>ﬁnis</strong></span> <span class='ocrx_word' id='word_1_596' title='bbox 1888 4457 1986 4510; x_wconf 92' lang='lat' dir='ltr'><strong>im-</strong></span> 
     </span>
    </p>
   </div>
   <div class='ocr_carea' id='block_1_80' title="bbox 2091 4440 3638 4528">
    <p class='ocr_par' dir='ltr' id='par_1_80' title="bbox 2097 4443 3638 4528">
     <span class='ocr_line' id='line_1_80' title="bbox 2097 4443 3638 4528; baseline -0.011 -14"><span class='ocrx_word' id='word_1_597' title='bbox 2097 4462 2230 4523; x_wconf 84' lang='grc' dir='ltr'>λεῖν,</span> <span class='ocrx_word' id='word_1_598' title='bbox 2254 4459 2345 4513; x_wconf 81' lang='grc' dir='ltr'><strong>διὰ</strong></span> <span class='ocrx_word' id='word_1_599' title='bbox 2377 4459 2439 4511; x_wconf 82' lang='grc' dir='ltr'><strong>τὸ</strong></span> <span class='ocrx_word' id='word_1_600' title='bbox 2465 4459 2522 4511; x_wconf 80' lang='grc' dir='ltr'><strong>ἐν</strong></span> <span class='ocrx_word' id='word_1_601' title='bbox 2551 4456 2632 4526; x_wconf 84' lang='grc' dir='ltr'>τῷ</span> <span class='ocrx_word' id='word_1_602' title='bbox 2669 4457 2792 4528; x_wconf 84' lang='grc' dir='ltr'>ᾇδῃ,</span> <span class='ocrx_word' id='word_1_603' title='bbox 2824 4454 2968 4510; x_wconf 76' lang='grc' dir='ltr'>κατὰ</span> <span class='ocrx_word' id='word_1_604' title='bbox 3021 4454 3115 4509; x_wconf 76' lang='grc' dir='ltr'><strong>τὸν</strong></span> <span class='ocrx_word' id='word_1_605' title='bbox 3179 4455 3472 4523; x_wconf 80' lang='grc' dir='ltr'>προφήτην</span> <span class='ocrx_word' id='word_1_606' title='bbox 3501 4443 3638 4501; x_wconf 73' lang='grc' dir='ltr'>Δαυὶδ</span> 
     </span>
    </p>
   </div>
   <div class='ocr_carea' id='block_1_81' title="bbox 415 4521 1986 4644">
    <p class='ocr_par' dir='ltr' id='par_1_81' title="bbox 415 4521 1986 4619">
     <span class='ocr_line' id='line_1_81' title="bbox 415 4521 1986 4619; baseline 0.003 -20"><span class='ocrx_word' id='word_1_607' title='bbox 415 4543 618 4608; x_wconf 86' lang='lat' dir='ltr'><strong>minet,</strong></span> <span class='ocrx_word' id='word_1_608' title='bbox 665 4562 683 4595; x_wconf 77' lang='grc' dir='ltr'><strong>ι</strong></span> <span class='ocrx_word' id='word_1_609' title='bbox 724 4545 830 4599; x_wconf 85' lang='lat' dir='ltr'><strong>hoc</strong></span> <span class='ocrx_word' id='word_1_610' title='bbox 862 4554 966 4609; x_wconf 87' lang='lat' dir='ltr'><strong>est,</strong></span> <span class='ocrx_word' id='word_1_611' title='bbox 999 4552 1261 4600; x_wconf 86' lang='lat' dir='ltr'><strong>eteorum</strong></span> <span class='ocrx_word' id='word_1_612' title='bbox 1292 4549 1384 4616; x_wconf 90' lang='lat' dir='ltr'><strong>qui</strong></span> <span class='ocrx_word' id='word_1_613' title='bbox 1441 4548 1494 4602; x_wconf 91' lang='lat' dir='ltr'><strong>in</strong></span> <span class='ocrx_word' id='word_1_614' title='bbox 1544 4521 1662 4602; x_wconf 39' lang='lat' dir='ltr'><strong>_vita</strong></span> <span class='ocrx_word' id='word_1_615' title='bbox 1710 4550 1986 4619; x_wconf 83' lang='lat' dir='ltr'><strong>justiﬁeati</strong></span> 
     </span>
    </p>
   </div>
   <div class='ocr_carea' id='block_1_82' title="bbox 2091 4521 3642 4644">
    <p class='ocr_par' dir='ltr' id='par_1_82' title="bbox 2102 4521 3642 4644">
     <span class='ocr_line' id='line_1_82' title="bbox 2102 4521 3642 4644; baseline -0.011 -39"><span class='ocrx_word' id='word_1_616' title='bbox 2102 4521 2303 4623; x_wconf 81' lang='grc' dir='ltr'>μηδένα</span> <span class='ocrx_word' id='word_1_617' title='bbox 2333 4521 2792 4618; x_wconf 71' lang='grc' dir='ltr'>ἐξομολογεῖσθαι,</span> <span class='ocrx_word' id='word_1_618' title='bbox 2824 4541 2979 4609; x_wconf 76' lang='grc' dir='ltr'>οὗτος</span> <span class='ocrx_word' id='word_1_619' title='bbox 3010 4546 3106 4600; x_wconf 64' lang='grc' dir='ltr'><strong>καί⁵</strong></span> <span class='ocrx_word' id='word_1_620' title='bbox 3137 4545 3200 4600; x_wconf 82' lang='grc' dir='ltr'>τὸ</span> <span class='ocrx_word' id='word_1_621' title='bbox 3229 4521 3491 4644; x_wconf 75' lang='grc' dir='ltr'>κήρυγμα</span> <span class='ocrx_word' id='word_1_622' title='bbox 3514 4539 3568 4591; x_wconf 80' lang='grc' dir='ltr'><strong>τὸ</strong></span> <span class='ocrx_word' id='word_1_623' title='bbox 3591 4537 3642 4644; x_wconf 68' lang='grc' dir='ltr'><strong>ἐν</strong></span> 
     </span>
    </p>
   </div>
   <div class='ocr_carea' id='block_1_83' title="bbox 414 4635 1986 4735">
    <p class='ocr_par' dir='ltr' id='par_1_83' title="bbox 414 4638 1986 4708">
     <span class='ocr_line' id='line_1_83' title="bbox 414 4638 1986 4708; baseline 0.004 -15"><span class='ocrx_word' id='word_1_624' title='bbox 414 4646 566 4704; x_wconf 87' lang='lat' dir='ltr'><strong>sunt,</strong></span> <span class='ocrx_word' id='word_1_625' title='bbox 597 4645 654 4692; x_wconf 84' lang='lat' dir='ltr'><strong>ct</strong></span> <span class='ocrx_word' id='word_1_626' title='bbox 682 4652 875 4692; x_wconf 83' lang='lat' dir='ltr'><strong>eorum</strong></span> <span class='ocrx_word' id='word_1_627' title='bbox 921 4639 1012 4706; x_wconf 93' lang='lat' dir='ltr'><strong>qui</strong></span> <span class='ocrx_word' id='word_1_628' title='bbox 1041 4638 1183 4708; x_wconf 88' lang='lat' dir='ltr'><strong>apud</strong></span> <span class='ocrx_word' id='word_1_629' title='bbox 1216 4639 1438 4695; x_wconf 84' lang='lat' dir='ltr'><strong>inferos.</strong></span> <span class='ocrx_word' id='word_1_630' title='bbox 1467 4639 1602 4694; x_wconf 87' lang='lat' dir='ltr'><strong>Nam</strong></span> <span class='ocrx_word' id='word_1_631' title='bbox 1661 4641 1716 4694; x_wconf 91' lang='lat' dir='ltr'><strong>in</strong></span> <span class='ocrx_word' id='word_1_632' title='bbox 1749 4643 1986 4705; x_wconf 81' lang='lat' dir='ltr'><strong>secundo</strong></span> 
     </span>
    </p>
   </div>
   <div class='ocr_carea' id='block_1_84' title="bbox 2091 4635 3642 4735">
    <p class='ocr_par' dir='ltr' id='par_1_84' title="bbox 2095 4635 3642 4735">
     <span class='ocr_line' id='line_1_84' title="bbox 2095 4635 3642 4735; baseline -0.012 -37"><span class='ocrx_word' id='word_1_633' title='bbox 2095 4645 2174 4714; x_wconf 85' lang='grc' dir='ltr'>τῷ</span> <span class='ocrx_word' id='word_1_634' title='bbox 2205 4644 2306 4715; x_wconf 66' lang='grc' dir='ltr'><strong>ᾄδῃ</strong></span> <span class='ocrx_word' id='word_1_635' title='bbox 2338 4641 2559 4712; x_wconf 85' lang='grc' dir='ltr'>παχέως</span> <span class='ocrx_word' id='word_1_636' title='bbox 2583 4638 2866 4704; x_wconf 84' lang='grc' dir='ltr'>ἐπακούει,</span> <span class='ocrx_word' id='word_1_637' title='bbox 2895 4639 2988 4693; x_wconf 76' lang='grc' dir='ltr'>καὶ</span> <span class='ocrx_word' id='word_1_638' title='bbox 3004 4639 3105 4708; x_wconf 81' lang='grc' dir='ltr'><strong>τὴν</strong></span> <span class='ocrx_word' id='word_1_639' title='bbox 3137 4635 3541 4735; x_wconf 81' lang='grc' dir='ltr'>ἐξομολόγησιν,</span> <span class='ocrx_word' id='word_1_640' title='bbox 3558 4635 3642 4735; x_wconf 51' lang='grc' dir='ltr'><strong>οῦκ</strong></span> 
     </span>
    </p>
   </div>
   <div class='ocr_carea' id='block_1_85' title="bbox 413 4725 1986 4801">
    <p class='ocr_par' dir='ltr' id='par_1_85' title="bbox 413 4728 1986 4800">
     <span class='ocr_line' id='line_1_85' title="bbox 413 4728 1986 4800; baseline 0.003 -16"><span class='ocrx_word' id='word_1_641' title='bbox 413 4728 651 4784; x_wconf 88' lang='lat' dir='ltr'><strong>adventu</strong></span> <span class='ocrx_word' id='word_1_642' title='bbox 687 4729 833 4798; x_wconf 91' lang='lat' dir='ltr'><strong>quod</strong></span> <span class='ocrx_word' id='word_1_643' title='bbox 883 4729 1082 4799; x_wconf 88' lang='lat' dir='ltr'><strong>cuique</strong></span> <span class='ocrx_word' id='word_1_644' title='bbox 1116 4731 1414 4800; x_wconf 86' lang='lat' dir='ltr'><strong>repositum</strong></span> <span class='ocrx_word' id='word_1_645' title='bbox 1447 4739 1531 4786; x_wconf 89' lang='lat' dir='ltr'><strong>est</strong></span> <span class='ocrx_word' id='word_1_646' title='bbox 1575 4734 1986 4788; x_wconf 86' lang='lat' dir='ltr'><strong>consummabi-</strong></span> 
     </span>
    </p>
   </div>
   <div class='ocr_carea' id='block_1_86' title="bbox 2091 4725 3643 4801">
    <p class='ocr_par' dir='ltr' id='par_1_86' title="bbox 2093 4725 3643 4801">
     <span class='ocr_line' id='line_1_86' title="bbox 2093 4725 3643 4801; baseline -0.014 -11"><span class='ocrx_word' id='word_1_647' title='bbox 2093 4731 2242 4790; x_wconf 73' lang='grc' dir='ltr'>αἶνον</span> <span class='ocrx_word' id='word_1_648' title='bbox 2275 4733 2434 4796; x_wconf 85' lang='grc' dir='ltr'>Θεοῦ,</span> <span class='ocrx_word' id='word_1_649' title='bbox 2473 4732 2589 4786; x_wconf 80' lang='grc' dir='ltr'>ἀλλ’</span> <span class='ocrx_word' id='word_1_650' title='bbox 2620 4731 2978 4801; x_wconf 83' lang='grc' dir='ltr'>ἐξαγόρευσιν</span> <span class='ocrx_word' id='word_1_651' title='bbox 3007 4728 3315 4796; x_wconf 80' lang='grc' dir='ltr'>λογίζεται,</span> <span class='ocrx_word' id='word_1_652' title='bbox 3343 4725 3560 4791; x_wconf 84' lang='grc' dir='ltr'>ἀνήκοος</span> <span class='ocrx_word' id='word_1_653' title='bbox 3581 4725 3643 4771; x_wconf 86' lang='grc' dir='ltr'><strong>ῶν</strong></span> 
     </span>
    </p>
   </div>
   <div class='ocr_carea' id='block_1_87' title="bbox 415 4811 1986 4916">
    <p class='ocr_par' dir='ltr' id='par_1_87' title="bbox 415 4820 1986 4893">
     <span class='ocr_line' id='line_1_87' title="bbox 415 4820 1986 4893; baseline 0.004 -18"><span class='ocrx_word' id='word_1_654' title='bbox 415 4830 525 4876; x_wconf 92' lang='lat' dir='ltr'><strong>tur.</strong></span> <span class='ocrx_word' id='word_1_655' title='bbox 562 4820 718 4887; x_wconf 86' lang='lat' dir='ltr'><strong>Quod</strong></span> <span class='ocrx_word' id='word_1_656' title='bbox 769 4821 812 4876; x_wconf 90' lang='lat' dir='ltr'><strong>si</strong></span> <span class='ocrx_word' id='word_1_657' title='bbox 858 4821 983 4891; x_wconf 89' lang='lat' dir='ltr'><strong>quis</strong></span> <span class='ocrx_word' id='word_1_658' title='bbox 1027 4831 1250 4893; x_wconf 85' lang='lat' dir='ltr'><strong>spernat</strong></span> <span class='ocrx_word' id='word_1_659' title='bbox 1288 4823 1732 4893; x_wconf 66' lang='lat' dir='ltr'><strong>praedicationem</strong></span> <span class='ocrx_word' id='word_1_660' title='bbox 1771 4825 1986 4881; x_wconf 87' lang='lat' dir='ltr'><strong>Domini</strong></span> 
     </span>
    </p>
   </div>
   <div class='ocr_carea' id='block_1_88' title="bbox 2091 4811 3641 4916">
    <p class='ocr_par' dir='ltr' id='par_1_88' title="bbox 2091 4811 3641 4916">
     <span class='ocr_line' id='line_1_88' title="bbox 2091 4811 3641 4916; baseline -0.013 -33"><span class='ocrx_word' id='word_1_661' title='bbox 2091 4830 2236 4891; x_wconf 79' lang='grc' dir='ltr'>τοῦ,ι</span> <span class='ocrx_word' id='word_1_662' title='bbox 2272 4826 2408 4896; x_wconf 75' lang='grc' dir='ltr'>Οὐχὶ</span> <span class='ocrx_word' id='word_1_663' title='bbox 2422 4826 2609 4896; x_wconf 83' lang='grc' dir='ltr'><strong>νεκροί¹</strong></span> <span class='ocrx_word' id='word_1_664' title='bbox 2627 4824 2906 4878; x_wconf 85' lang='grc' dir='ltr'>αἰνέσουσί</span> <span class='ocrx_word' id='word_1_665' title='bbox 2930 4839 3011 4886; x_wconf 82' lang='grc' dir='ltr'><strong>σε,</strong></span> <span class='ocrx_word' id='word_1_666' title='bbox 3043 4821 3284 4894; x_wconf 80' lang='grc' dir='ltr'>Κύριε.»</span> <span class='ocrx_word' id='word_1_667' title='bbox 3310 4820 3463 4872; x_wconf 83' lang='grc' dir='ltr'>Ἔστι</span> <span class='ocrx_word' id='word_1_668' title='bbox 3490 4813 3544 4916; x_wconf 68' lang='grc' dir='ltr'><strong>δέ</strong></span> <span class='ocrx_word' id='word_1_669' title='bbox 3573 4811 3641 4873; x_wconf 81' lang='grc' dir='ltr'><strong>τὸ,</strong></span> 
     </span>
    </p>
   </div>
   <div class='ocr_carea' id='block_1_89' title="bbox 412 4909 1986 4991">
    <p class='ocr_par' dir='ltr' id='par_1_89' title="bbox 412 4909 1984 4984">
     <span class='ocr_line' id='line_1_89' title="bbox 412 4909 1984 4984; baseline 0.004 -21"><span class='ocrx_word' id='word_1_670' title='bbox 412 4909 558 4978; x_wconf 86' lang='lat' dir='ltr'><strong>apud</strong></span> <span class='ocrx_word' id='word_1_671' title='bbox 591 4909 814 4974; x_wconf 82' lang='lat' dir='ltr'><strong>inferos,</strong></span> <span class='ocrx_word' id='word_1_672' title='bbox 847 4910 1038 4966; x_wconf 89' lang='lat' dir='ltr'><strong>dicens</strong></span> <span class='ocrx_word' id='word_1_673' title='bbox 1066 4912 1299 4967; x_wconf 88' lang='lat' dir='ltr'><strong>mortuis</strong></span> <span class='ocrx_word' id='word_1_674' title='bbox 1338 4912 1477 4966; x_wconf 88' lang='lat' dir='ltr'><strong>nihil</strong></span> <span class='ocrx_word' id='word_1_675' title='bbox 1503 4929 1664 4983; x_wconf 88' lang='lat' dir='ltr'><strong>posse</strong></span> <span class='ocrx_word' id='word_1_676' title='bbox 1699 4915 1984 4984; x_wconf 89' lang='lat' dir='ltr'><strong>prodesse,</strong></span> 
     </span>
    </p>
   </div>
   <div class='ocr_carea' id='block_1_90' title="bbox 2091 4909 3644 4991">
    <p class='ocr_par' dir='ltr' id='par_1_90' title="bbox 2096 4909 3644 4991">
     <span class='ocr_line' id='line_1_90' title="bbox 2096 4909 3644 4991; baseline -0.011 -19"><span class='ocrx_word' id='word_1_677' title='bbox 2096 4939 2115 4971; x_wconf 72' lang='grc' dir='ltr'><strong>ι</strong></span> <span class='ocrx_word' id='word_1_678' title='bbox 2163 4919 2350 4990; x_wconf 85' lang='grc' dir='ltr'><strong>Ἐντῷ</strong></span> <span class='ocrx_word' id='word_1_679' title='bbox 2379 4918 2482 4991; x_wconf 78' lang='grc' dir='ltr'>ᾄδῃ</span> <span class='ocrx_word' id='word_1_680' title='bbox 2537 4917 2620 4981; x_wconf 85' lang='grc' dir='ltr'><strong>τίς</strong></span> <span class='ocrx_word' id='word_1_681' title='bbox 2684 4915 3145 4986; x_wconf 77' lang='grc' dir='ltr'>ἐξομολογήσεται</span> <span class='ocrx_word' id='word_1_682' title='bbox 3185 4929 3293 4976; x_wconf 90' lang='grc' dir='ltr'>σοι,</span> <span class='ocrx_word' id='word_1_683' title='bbox 3337 4931 3358 4965; x_wconf 73' lang='grc' dir='ltr'><strong>ι</strong></span> <span class='ocrx_word' id='word_1_684' title='bbox 3409 4909 3644 4963; x_wconf 85' lang='grc' dir='ltr'>τοιοῦτον.</span> 
     </span>
    </p>
   </div>
   <div class='ocr_carea' id='block_1_91' title="bbox 2093 3532 3632 3615">
    <p class='ocr_par' dir='ltr' id='par_1_91' title="bbox 2093 3532 3632 3615">
     <span class='ocr_line' id='line_1_91' title="bbox 2093 3532 3632 3615; baseline -0.01 -16"><span class='ocrx_word' id='word_1_685' title='bbox 2093 3544 2233 3615; x_wconf 80' lang='grc' dir='ltr'>μετὰ</span> <span class='ocrx_word' id='word_1_686' title='bbox 2259 3541 2352 3598; x_wconf 91' lang='grc' dir='ltr'><strong>τοῦ</strong></span> <span class='ocrx_word' id='word_1_687' title='bbox 2389 3539 2595 3610; x_wconf 86' lang='grc' dir='ltr'>Κυρίου</span> <span class='ocrx_word' id='word_1_688' title='bbox 2657 3536 2952 3592; x_wconf 79' lang='grc' dir='ltr'>ἀναδιώσει</span> <span class='ocrx_word' id='word_1_689' title='bbox 3009 3535 3208 3606; x_wconf 86' lang='grc' dir='ltr'>(πολλὰ</span> <span class='ocrx_word' id='word_1_690' title='bbox 3271 3535 3376 3604; x_wconf 85' lang='grc' dir='ltr'><strong>γὰρ</strong></span> <span class='ocrx_word' id='word_1_691' title='bbox 3439 3532 3632 3600; x_wconf 83' lang='grc' dir='ltr'>σώματα</span> 
     </span>
    </p>
   </div>
   <div class='ocr_carea' id='block_1_92' title="bbox 2088 3621 3630 3704">
    <p class='ocr_par' dir='ltr' id='par_1_92' title="bbox 2088 3621 3630 3704">
     <span class='ocr_line' id='line_1_92' title="bbox 2088 3621 3630 3704; baseline -0.01 -14"><span class='ocrx_word' id='word_1_692' title='bbox 2088 3637 2198 3690; x_wconf 88' lang='grc' dir='ltr'><strong>τῶν</strong></span> <span class='ocrx_word' id='word_1_693' title='bbox 2226 3633 2648 3704; x_wconf 83' lang='grc' dir='ltr'>κεκοιμημένων</span> <span class='ocrx_word' id='word_1_694' title='bbox 2681 3631 2852 3698; x_wconf 84' lang='grc' dir='ltr'>ἁγίων</span> <span class='ocrx_word' id='word_1_695' title='bbox 2875 3627 3142 3700; x_wconf 75' lang='grc' dir='ltr'>ἠγέρθη),</span> <span class='ocrx_word' id='word_1_696' title='bbox 3174 3628 3207 3698; x_wconf 78' lang='grc' dir='ltr'>ἢ</span> <span class='ocrx_word' id='word_1_697' title='bbox 3242 3629 3308 3697; x_wconf 82' lang='grc' dir='ltr'>τῇ</span> <span class='ocrx_word' id='word_1_698' title='bbox 3335 3621 3630 3692; x_wconf 80' lang='grc' dir='ltr'>εὐελπιστίᾳ.</span> 
     </span>
    </p>
   </div>
   <div class='ocr_carea' id='block_1_93' title="bbox 2092 3712 3634 3796">
    <p class='ocr_par' dir='ltr' id='par_1_93' title="bbox 2092 3712 3634 3796">
     <span class='ocr_line' id='line_1_93' title="bbox 2092 3712 3634 3796; baseline -0.01 -15"><span class='ocrx_word' id='word_1_699' title='bbox 2092 3729 2166 3781; x_wconf 81' lang='grc' dir='ltr'><strong>Τὸ</strong></span> <span class='ocrx_word' id='word_1_700' title='bbox 2221 3727 2299 3791; x_wconf 85' lang='grc' dir='ltr'><strong>δὲ,</strong></span> <span class='ocrx_word' id='word_1_701' title='bbox 2361 3724 2610 3796; x_wconf 87' lang='grc' dir='ltr'>Κριθῶσι</span> <span class='ocrx_word' id='word_1_702' title='bbox 2665 3725 2758 3777; x_wconf 72' lang='grc' dir='ltr'><strong>καί⁵</strong></span> <span class='ocrx_word' id='word_1_703' title='bbox 2805 3724 3071 3793; x_wconf 87' lang='grc' dir='ltr'>Ζήσωσι,</span> <span class='ocrx_word' id='word_1_704' title='bbox 3136 3719 3283 3774; x_wconf 81' lang='grc' dir='ltr'>κατὰ</span> <span class='ocrx_word' id='word_1_705' title='bbox 3326 3712 3634 3787; x_wconf 83' lang='grc' dir='ltr'>ἀντιχρονίαν</span> 
     </span>
    </p>
   </div>
   <div class='ocr_carea' id='block_1_94' title="bbox 2098 3805 3633 3888">
    <p class='ocr_par' dir='ltr' id='par_1_94' title="bbox 2098 3805 3633 3888">
     <span class='ocr_line' id='line_1_94' title="bbox 2098 3805 3633 3888; baseline -0.012 -16"><span class='ocrx_word' id='word_1_706' title='bbox 2098 3819 2372 3888; x_wconf 74' lang='grc' dir='ltr'>εἴληπται,</span> <span class='ocrx_word' id='word_1_707' title='bbox 2396 3817 2518 3871; x_wconf 70' lang='grc' dir='ltr'>ἀντὶ</span> <span class='ocrx_word' id='word_1_708' title='bbox 2544 3814 2644 3868; x_wconf 89' lang='grc' dir='ltr'><strong>τοῦ</strong></span> <span class='ocrx_word' id='word_1_709' title='bbox 2679 3812 3110 3884; x_wconf 83' lang='grc' dir='ltr'>παρῳχημένου,</span> <span class='ocrx_word' id='word_1_710' title='bbox 3154 3809 3454 3880; x_wconf 79' lang='grc' dir='ltr'>μέλλοντος.</span> <span class='ocrx_word' id='word_1_711' title='bbox 3496 3805 3554 3858; x_wconf 90' lang='grc' dir='ltr'><strong>Ὃ</strong></span> <span class='ocrx_word' id='word_1_712' title='bbox 3579 3805 3633 3871; x_wconf 83' lang='grc' dir='ltr'>τῇ</span> 
     </span>
    </p>
   </div>
   <div class='ocr_carea' id='block_1_95' title="bbox 2099 3893 3635 3977">
    <p class='ocr_par' dir='ltr' id='par_1_95' title="bbox 2099 3893 3635 3977">
     <span class='ocr_line' id='line_1_95' title="bbox 2099 3893 3635 3977; baseline -0.011 -16"><span class='ocrx_word' id='word_1_713' title='bbox 2099 3909 2221 3977; x_wconf 78' lang='grc' dir='ltr'>θείᾳ</span> <span class='ocrx_word' id='word_1_714' title='bbox 2247 3908 2438 3976; x_wconf 81' lang='grc' dir='ltr'>Γραφῇ</span> <span class='ocrx_word' id='word_1_715' title='bbox 2471 3903 2722 3974; x_wconf 85' lang='grc' dir='ltr'>σύνηθες.</span> <span class='ocrx_word' id='word_1_716' title='bbox 2759 3921 2778 3954; x_wconf 73' lang='grc' dir='ltr'><strong>ι</strong></span> <span class='ocrx_word' id='word_1_717' title='bbox 2816 3903 3044 3956; x_wconf 85' lang='grc' dir='ltr'>Πάντων</span> <span class='ocrx_word' id='word_1_718' title='bbox 3077 3903 3214 3970; x_wconf 83' lang='grc' dir='ltr'>γὰρ,</span> <span class='ocrx_word' id='word_1_719' title='bbox 3255 3899 3406 3968; x_wconf 82' lang='grc' dir='ltr'>φησί,</span> <span class='ocrx_word' id='word_1_720' title='bbox 3432 3893 3635 3953; x_wconf 75' lang='grc' dir='ltr'>τὸτέλος</span> 
     </span>
    </p>
   </div>
   <div class='ocr_carea' id='block_1_96' title="bbox 2093 3987 3636 4071">
    <p class='ocr_par' dir='ltr' id='par_1_96' title="bbox 2093 3987 3636 4071">
     <span class='ocr_line' id='line_1_96' title="bbox 2093 3987 3636 4071; baseline -0.012 -16"><span class='ocrx_word' id='word_1_721' title='bbox 2093 4003 2316 4071; x_wconf 78' lang='grc' dir='ltr'>ἦγγικε,</span> <span class='ocrx_word' id='word_1_722' title='bbox 2350 4017 2368 4050; x_wconf 77' lang='grc' dir='ltr'><strong>ι</strong></span> <span class='ocrx_word' id='word_1_723' title='bbox 2397 3997 2666 4064; x_wconf 87' lang='grc' dir='ltr'>τουτέστι,</span> <span class='ocrx_word' id='word_1_724' title='bbox 2708 3995 2804 4049; x_wconf 78' lang='grc' dir='ltr'>καὶ</span> <span class='ocrx_word' id='word_1_725' title='bbox 2839 3994 2947 4048; x_wconf 84' lang='grc' dir='ltr'><strong>τῶν</strong></span> <span class='ocrx_word' id='word_1_726' title='bbox 2979 3995 3128 4048; x_wconf 87' lang='grc' dir='ltr'><strong>κατά</strong></span> <span class='ocrx_word' id='word_1_727' title='bbox 3151 3993 3302 4062; x_wconf 78' lang='grc' dir='ltr'>ζωὴν</span> <span class='ocrx_word' id='word_1_728' title='bbox 3351 3987 3636 4042; x_wconf 80' lang='grc' dir='ltr'>δικαιωθέν-</span> 
     </span>
    </p>
   </div>
   <div class='ocr_carea' id='block_1_97' title="bbox 2093 4074 3638 4157">
    <p class='ocr_par' dir='ltr' id='par_1_97' title="bbox 2093 4074 3638 4157">
     <span class='ocr_line' id='line_1_97' title="bbox 2093 4074 3638 4157; baseline -0.014 -11"><span class='ocrx_word' id='word_1_729' title='bbox 2093 4109 2223 4156; x_wconf 82' lang='grc' dir='ltr'>των,</span> <span class='ocrx_word' id='word_1_730' title='bbox 2257 4089 2482 4144; x_wconf 77' lang='grc' dir='ltr'>καὶτῶν</span> <span class='ocrx_word' id='word_1_731' title='bbox 2516 4089 2655 4142; x_wconf 83' lang='grc' dir='ltr'><strong>κατά</strong></span> <span class='ocrx_word' id='word_1_732' title='bbox 2702 4087 2793 4140; x_wconf 79' lang='grc' dir='ltr'><strong>τὸν</strong></span> <span class='ocrx_word' id='word_1_733' title='bbox 2846 4085 3000 4157; x_wconf 69' lang='grc' dir='ltr'>ᾅδην.</span> <span class='ocrx_word' id='word_1_734' title='bbox 3069 4086 3161 4137; x_wconf 86' lang='grc' dir='ltr'>Ἐν</span> <span class='ocrx_word' id='word_1_735' title='bbox 3185 4083 3295 4153; x_wconf 79' lang='grc' dir='ltr'><strong>γὰρ</strong></span> <span class='ocrx_word' id='word_1_736' title='bbox 3325 4083 3388 4150; x_wconf 81' lang='grc' dir='ltr'>τῇ</span> <span class='ocrx_word' id='word_1_737' title='bbox 3443 4074 3638 4144; x_wconf 80' lang='grc' dir='ltr'>δευτέρᾳ</span> 
     </span>
    </p>
   </div>
   <div class='ocr_carea' id='block_1_98' title="bbox 2095 4163 3638 4255">
    <p class='ocr_par' dir='ltr' id='par_1_98' title="bbox 2095 4163 3638 4255">
     <span class='ocr_line' id='line_1_98' title="bbox 2095 4163 3638 4255; baseline -0.013 -19"><span class='ocrx_word' id='word_1_738' title='bbox 2095 4182 2390 4255; x_wconf 78' lang='grc' dir='ltr'>παρουσίᾳ,</span> <span class='ocrx_word' id='word_1_739' title='bbox 2417 4182 2478 4233; x_wconf 83' lang='grc' dir='ltr'><strong>τὸ</strong></span> <span class='ocrx_word' id='word_1_740' title='bbox 2500 4180 2864 4249; x_wconf 82' lang='grc' dir='ltr'>ἀποκείμενον</span> <span class='ocrx_word' id='word_1_741' title='bbox 2923 4176 3144 4246; x_wconf 84' lang='grc' dir='ltr'>ἑκάστῳ</span> <span class='ocrx_word' id='word_1_742' title='bbox 3172 4172 3561 4241; x_wconf 83' lang='grc' dir='ltr'>τελεσθήσεται.</span> <span class='ocrx_word' id='word_1_743' title='bbox 3588 4163 3638 4216; x_wconf 79' lang='lat' dir='ltr'><strong>Ei</strong></span> 
     </span>
    </p>
   </div>
   <div class='ocr_carea' id='block_1_99' title="bbox 2095 4259 3636 4343">
    <p class='ocr_par' dir='ltr' id='par_1_99' title="bbox 2095 4259 3636 4343">
     <span class='ocr_line' id='line_1_99' title="bbox 2095 4259 3636 4343; baseline -0.012 -14"><span class='ocrx_word' id='word_1_744' title='bbox 2095 4277 2154 4329; x_wconf 89' lang='grc' dir='ltr'><strong>δέ</strong></span> <span class='ocrx_word' id='word_1_745' title='bbox 2189 4293 2274 4339; x_wconf 90' lang='grc' dir='ltr'><strong>τις</strong></span> <span class='ocrx_word' id='word_1_746' title='bbox 2309 4276 2368 4328; x_wconf 86' lang='grc' dir='ltr'><strong>τὸ</strong></span> <span class='ocrx_word' id='word_1_747' title='bbox 2429 4277 2487 4326; x_wconf 86' lang='grc' dir='ltr'><strong>ἐν</strong></span> <span class='ocrx_word' id='word_1_748' title='bbox 2545 4273 2624 4342; x_wconf 84' lang='grc' dir='ltr'>τῷ</span> <span class='ocrx_word' id='word_1_749' title='bbox 2670 4272 2771 4343; x_wconf 79' lang='grc' dir='ltr'>ᾅδῃ</span> <span class='ocrx_word' id='word_1_750' title='bbox 2798 4270 2893 4324; x_wconf 91' lang='grc' dir='ltr'><strong>τοῦ</strong></span> <span class='ocrx_word' id='word_1_751' title='bbox 2946 4269 3156 4340; x_wconf 86' lang='grc' dir='ltr'>Κυρίου</span> <span class='ocrx_word' id='word_1_752' title='bbox 3181 4269 3441 4338; x_wconf 86' lang='grc' dir='ltr'>κήρυγμα</span> <span class='ocrx_word' id='word_1_753' title='bbox 3461 4259 3636 4320; x_wconf 80' lang='grc' dir='ltr'>ἀθετεῖ,</span> 
     </span>
    </p>
   </div>
   <div class='ocr_carea' id='block_1_100' title="bbox 2099 4357 3638 4439">
    <p class='ocr_par' dir='ltr' id='par_1_100' title="bbox 2099 4357 3638 4439">
     <span class='ocr_line' id='line_1_100' title="bbox 2099 4357 3638 4439; baseline -0.011 -17"><span class='ocrx_word' id='word_1_754' title='bbox 2099 4370 2321 4437; x_wconf 83' lang='grc' dir='ltr'>φάσκων</span> <span class='ocrx_word' id='word_1_755' title='bbox 2354 4367 2521 4439; x_wconf 77' lang='grc' dir='ltr'>μηδὲν</span> <span class='ocrx_word' id='word_1_756' title='bbox 2545 4369 2661 4428; x_wconf 89' lang='grc' dir='ltr'>τοῖς</span> <span class='ocrx_word' id='word_1_757' title='bbox 2685 4364 2946 4418; x_wconf 89' lang='grc' dir='ltr'>τεθνεῶσι</span> <span class='ocrx_word' id='word_1_758' title='bbox 2969 4361 3236 4417; x_wconf 86' lang='grc' dir='ltr'>δύνασθαι</span> <span class='ocrx_word' id='word_1_759' title='bbox 3273 4360 3430 4414; x_wconf 88' lang='grc' dir='ltr'>τοῦτο</span> <span class='ocrx_word' id='word_1_760' title='bbox 3455 4357 3638 4410; x_wconf 85' lang='grc' dir='ltr'>λυσιτε-</span> 
     </span>
    </p>
   </div>
   <div class='ocr_carea' id='block_1_101' title="bbox 412 5002 1984 5076">
    <p class='ocr_par' dir='ltr' id='par_1_101' title="bbox 412 5002 1984 5076">
     <span class='ocr_line' id='line_1_101' title="bbox 412 5002 1984 5076; baseline 0.006 -21"><span class='ocrx_word' id='word_1_761' title='bbox 412 5017 478 5056; x_wconf 79' lang='grc' dir='ltr'><strong>εο</strong></span> <span class='ocrx_word' id='word_1_762' title='bbox 505 5002 646 5071; x_wconf 85' lang='lat' dir='ltr'><strong>quod</strong></span> <span class='ocrx_word' id='word_1_763' title='bbox 673 5003 828 5073; x_wconf 75' lang='lat' dir='ltr'><strong>juxta</strong></span> <span class='ocrx_word' id='word_1_764' title='bbox 853 5004 1175 5076; x_wconf 84' lang='lat' dir='ltr'><strong>prophetam</strong></span> <span class='ocrx_word' id='word_1_765' title='bbox 1212 5003 1381 5059; x_wconf 84' lang='lat' dir='ltr'><strong>David</strong></span> <span class='ocrx_word' id='word_1_766' title='bbox 1438 5005 1492 5060; x_wconf 84' lang='lat' dir='ltr'><strong>in</strong></span> <span class='ocrx_word' id='word_1_767' title='bbox 1539 5006 1754 5062; x_wconf 79' lang='lat' dir='ltr'><strong>inferno</strong></span> <span class='ocrx_word' id='word_1_768' title='bbox 1797 5009 1984 5064; x_wconf 87' lang='lat' dir='ltr'><strong>nullus</strong></span> 
     </span>
    </p>
   </div>
   <div class='ocr_carea' id='block_1_102' title="bbox 412 5093 1983 5169">
    <p class='ocr_par' dir='ltr' id='par_1_102' title="bbox 412 5093 1983 5169">
     <span class='ocr_line' id='line_1_102' title="bbox 412 5093 1983 5169; baseline 0.007 -24"><span class='ocrx_word' id='word_1_769' title='bbox 412 5093 737 5150; x_wconf 65' lang='lat' dir='ltr'><strong>conﬁteatur</strong></span> <span class='ocrx_word' id='word_1_770' title='bbox 769 5097 814 5128; x_wconf 77' lang='grc'><strong>⁸⁸</strong></span> <span class='ocrx_word' id='word_1_771' title='bbox 844 5115 856 5150; x_wconf 91' lang='lat'><strong>:</strong></span> <span class='ocrx_word' id='word_1_772' title='bbox 889 5096 981 5152; x_wconf 88' lang='lat' dir='ltr'><strong>hic</strong></span> <span class='ocrx_word' id='word_1_773' title='bbox 1037 5107 1092 5151; x_wconf 91' lang='grc' dir='ltr'><strong>ει</strong></span> <span class='ocrx_word' id='word_1_774' title='bbox 1123 5095 1564 5166; x_wconf 70' lang='lat' dir='ltr'><strong>prmdicationem</strong></span> <span class='ocrx_word' id='word_1_775' title='bbox 1594 5100 1740 5169; x_wconf 85' lang='lat' dir='ltr'><strong>apud</strong></span> <span class='ocrx_word' id='word_1_776' title='bbox 1777 5100 1983 5156; x_wconf 76' lang='lat' dir='ltr'><strong>inferos</strong></span> 
     </span>
    </p>
   </div>
   <div class='ocr_carea' id='block_1_103' title="bbox 412 5187 1982 5260">
    <p class='ocr_par' dir='ltr' id='par_1_103' title="bbox 412 5187 1982 5260">
     <span class='ocr_line' id='line_1_103' title="bbox 412 5187 1982 5260; baseline 0.009 -24"><span class='ocrx_word' id='word_1_777' title='bbox 412 5201 596 5243; x_wconf 72' lang='lat' dir='ltr'><strong>crasse</strong></span> <span class='ocrx_word' id='word_1_778' title='bbox 618 5187 890 5260; x_wconf 78' lang='lat' dir='ltr'><strong>intelligit,</strong></span> <span class='ocrx_word' id='word_1_779' title='bbox 933 5189 1098 5259; x_wconf 76' lang='lat'><strong>518</strong></span> <span class='ocrx_word' id='word_1_780' title='bbox 1127 5196 1182 5243; x_wconf 89' lang='lat' dir='ltr'><strong>et</strong></span> <span class='ocrx_word' id='word_1_781' title='bbox 1197 5189 1600 5245; x_wconf 82' lang='lat' dir='ltr'><strong>confessionem</strong></span> <span class='ocrx_word' id='word_1_782' title='bbox 1623 5207 1735 5246; x_wconf 90' lang='lat' dir='ltr'><strong>non</strong></span> <span class='ocrx_word' id='word_1_783' title='bbox 1765 5194 1982 5250; x_wconf 88' lang='lat' dir='ltr'><strong>laudem</strong></span> 
     </span>
    </p>
   </div>
   <div class='ocr_carea' id='block_1_104' title="bbox 415 5279 1984 5355">
    <p class='ocr_par' dir='ltr' id='par_1_104' title="bbox 415 5279 1984 5355">
     <span class='ocr_line' id='line_1_104' title="bbox 415 5279 1984 5355; baseline 0.008 -26"><span class='ocrx_word' id='word_1_784' title='bbox 415 5279 528 5344; x_wconf 83' lang='lat' dir='ltr'><strong>Dei,</strong></span> <span class='ocrx_word' id='word_1_785' title='bbox 561 5280 655 5335; x_wconf 88' lang='lat' dir='ltr'><strong>sed</strong></span> <span class='ocrx_word' id='word_1_786' title='bbox 688 5281 1184 5335; x_wconf 78' lang='lat' dir='ltr'><strong>manifestationem</strong></span> <span class='ocrx_word' id='word_1_787' title='bbox 1208 5281 1485 5337; x_wconf 81' lang='lat' dir='ltr'><strong>existimat</strong></span> <span class='ocrx_word' id='word_1_788' title='bbox 1519 5301 1533 5337; x_wconf 88' lang='lat'>:</span> <span class='ocrx_word' id='word_1_789' title='bbox 1563 5284 1822 5355; x_wconf 75' lang='lat' dir='ltr'><strong>ignorans</strong></span> <span class='ocrx_word' id='word_1_790' title='bbox 1852 5286 1984 5342; x_wconf 91' lang='lat' dir='ltr'><strong>illud</strong></span> 
     </span>
    </p>
   </div>
   <div class='ocr_carea' id='block_1_105' title="bbox 409 5371 1982 5442">
    <p class='ocr_par' dir='ltr' id='par_1_105' title="bbox 409 5371 1982 5442">
     <span class='ocr_line' id='line_1_105' title="bbox 409 5371 1982 5442; baseline 0.006 -19"><span class='ocrx_word' id='word_1_791' title='bbox 409 5373 552 5441; x_wconf 85' lang='lat' dir='ltr'><strong>quod</strong></span> <span class='ocrx_word' id='word_1_792' title='bbox 579 5371 782 5428; x_wconf 91' lang='lat' dir='ltr'><strong>dicitur</strong></span> <span class='ocrx_word' id='word_1_793' title='bbox 802 5390 816 5427; x_wconf 89' lang='lat'><strong>:</strong></span> <span class='ocrx_word' id='word_1_794' title='bbox 837 5371 978 5427; x_wconf 70' lang='lat' dir='ltr'><strong>«Non</strong></span> <span class='ocrx_word' id='word_1_795' title='bbox 1005 5375 1203 5428; x_wconf 92' lang='lat' dir='ltr'><strong>mortui</strong></span> <span class='ocrx_word' id='word_1_796' title='bbox 1223 5375 1519 5432; x_wconf 88' lang='lat' dir='ltr'><strong>laudabunt</strong></span> <span class='ocrx_word' id='word_1_797' title='bbox 1537 5386 1613 5442; x_wconf 89' lang='lat' dir='ltr'><strong>te,</strong></span> <span class='ocrx_word' id='word_1_798' title='bbox 1632 5377 1860 5433; x_wconf 87' lang='lat' dir='ltr'><strong>Domine</strong></span> <span class='ocrx_word' id='word_1_799' title='bbox 1883 5380 1947 5433; x_wconf 73' lang='grc'>⁸⁸.</span> <span class='ocrx_word' id='word_1_800' title='bbox 1962 5398 1982 5432; x_wconf 74' lang='grc' dir='ltr'><strong>ι</strong></span> 
     </span>
    </p>
   </div>
   <div class='ocr_carea' id='block_1_106' title="bbox 413 5462 1987 5538">
    <p class='ocr_par' dir='ltr' id='par_1_106' title="bbox 413 5462 1987 5538">
     <span class='ocr_line' id='line_1_106' title="bbox 413 5462 1987 5538; baseline 0.005 -22"><span class='ocrx_word' id='word_1_801' title='bbox 413 5463 510 5516; x_wconf 80' lang='lat' dir='ltr'><strong>Est</strong></span> <span class='ocrx_word' id='word_1_802' title='bbox 555 5472 736 5518; x_wconf 90' lang='lat' dir='ltr'><strong>autem</strong></span> <span class='ocrx_word' id='word_1_803' title='bbox 784 5462 915 5516; x_wconf 89' lang='lat' dir='ltr'><strong>illud</strong></span> <span class='ocrx_word' id='word_1_804' title='bbox 953 5478 967 5516; x_wconf 93' lang='lat'>:</span> <span class='ocrx_word' id='word_1_805' title='bbox 1005 5479 1025 5513; x_wconf 73' lang='grc' dir='ltr'><strong>ι</strong></span> <span class='ocrx_word' id='word_1_806' title='bbox 1083 5463 1143 5518; x_wconf 86' lang='lat' dir='ltr'><strong>In</strong></span> <span class='ocrx_word' id='word_1_807' title='bbox 1187 5464 1402 5521; x_wconf 80' lang='lat' dir='ltr'><strong>inferno</strong></span> <span class='ocrx_word' id='word_1_808' title='bbox 1445 5467 1569 5538; x_wconf 85' lang='lat' dir='ltr'><strong>quis</strong></span> <span class='ocrx_word' id='word_1_809' title='bbox 1634 5469 1987 5525; x_wconf 81' lang='lat' dir='ltr'><strong>conﬁtebitur</strong></span> 
     </span>
    </p>
   </div>
   <div class='ocr_carea' id='block_1_107' title="bbox 413 5554 1985 5628">
    <p class='ocr_par' dir='ltr' id='par_1_107' title="bbox 413 5554 1985 5628">
     <span class='ocr_line' id='line_1_107' title="bbox 413 5554 1985 5628; baseline 0.006 -22"><span class='ocrx_word' id='word_1_810' title='bbox 413 5554 509 5610; x_wconf 88' lang='lat' dir='ltr'><strong>tihi</strong></span> <span class='ocrx_word' id='word_1_811' title='bbox 556 5555 641 5608; x_wconf 77' lang='lat'><strong>‘7?</strong></span> <span class='ocrx_word' id='word_1_812' title='bbox 678 5576 698 5608; x_wconf 74' lang='grc' dir='ltr'><strong>ι</strong></span> <span class='ocrx_word' id='word_1_813' title='bbox 734 5555 826 5609; x_wconf 91' lang='lat' dir='ltr'><strong>Sic</strong></span> <span class='ocrx_word' id='word_1_814' title='bbox 884 5555 1295 5626; x_wconf 78' lang='lat' dir='ltr'><strong>intelligendum</strong></span> <span class='ocrx_word' id='word_1_815' title='bbox 1363 5560 1509 5628; x_wconf 92' lang='lat' dir='ltr'><strong>quod</strong></span> <span class='ocrx_word' id='word_1_816' title='bbox 1557 5559 1834 5616; x_wconf 83' lang='lat' dir='ltr'><strong>confessio</strong></span> <span class='ocrx_word' id='word_1_817' title='bbox 1898 5570 1985 5616; x_wconf 89' lang='lat' dir='ltr'><strong>est</strong></span> 
     </span>
    </p>
   </div>
   <div class='ocr_carea' id='block_1_108' title="bbox 2107 4992 3646 5082">
    <p class='ocr_par' dir='ltr' id='par_1_108' title="bbox 2107 4992 3646 5082">
     <span class='ocr_line' id='line_1_108' title="bbox 2107 4992 3646 5082; baseline -0.005 -17"><span class='ocrx_word' id='word_1_818' title='bbox 2107 5012 2533 5082; x_wconf 81' lang='grc' dir='ltr'>Ἑξομολὸγησίς</span> <span class='ocrx_word' id='word_1_819' title='bbox 2553 5011 2706 5064; x_wconf 76' lang='grc' dir='ltr'>ἐστιν</span> <span class='ocrx_word' id='word_1_820' title='bbox 2739 5007 3061 5079; x_wconf 85' lang='grc' dir='ltr'>εὐχαριστία</span> <span class='ocrx_word' id='word_1_821' title='bbox 3111 5007 3258 5078; x_wconf 77' lang='grc' dir='ltr'>πρὸς</span> <span class='ocrx_word' id='word_1_822' title='bbox 3281 5004 3434 5067; x_wconf 68' lang='grc' dir='ltr'>Θεὸν,</span> <span class='ocrx_word' id='word_1_823' title='bbox 3466 4999 3543 5069; x_wconf 80' lang='grc' dir='ltr'>ἐφ’</span> <span class='ocrx_word' id='word_1_824' title='bbox 3579 4992 3646 5058; x_wconf 76' lang='grc' dir='ltr'><strong>οἷς</strong></span> 
     </span>
    </p>
   </div>
   <div class='ocr_carea' id='block_1_109' title="bbox 2089 5091 3645 5173">
    <p class='ocr_par' dir='ltr' id='par_1_109' title="bbox 2089 5091 3645 5173">
     <span class='ocr_line' id='line_1_109' title="bbox 2089 5091 3645 5173; baseline -0.004 -17"><span class='ocrx_word' id='word_1_825' title='bbox 2089 5121 2173 5166; x_wconf 87' lang='grc' dir='ltr'><strong>τις</strong></span> <span class='ocrx_word' id='word_1_826' title='bbox 2203 5102 2481 5173; x_wconf 84' lang='grc' dir='ltr'>δυσχερῶν</span> <span class='ocrx_word' id='word_1_827' title='bbox 2526 5101 2840 5173; x_wconf 82' lang='grc' dir='ltr'>ἀπηλλάγη.</span> <span class='ocrx_word' id='word_1_828' title='bbox 2907 5099 3059 5154; x_wconf 76' lang='grc' dir='ltr'>Ἐπεὶ</span> <span class='ocrx_word' id='word_1_829' title='bbox 3089 5099 3192 5153; x_wconf 76' lang='grc' dir='ltr'><strong>οὖν</strong></span> <span class='ocrx_word' id='word_1_830' title='bbox 3251 5098 3314 5153; x_wconf 65' lang='grc' dir='ltr'><strong>ἐν</strong></span> <span class='ocrx_word' id='word_1_831' title='bbox 3339 5095 3418 5166; x_wconf 85' lang='grc' dir='ltr'>τῷ</span> <span class='ocrx_word' id='word_1_832' title='bbox 3443 5091 3645 5162; x_wconf 76' lang='grc' dir='ltr'>παρόντι</span> 
     </span>
    </p>
   </div>
   <div class='ocr_carea' id='block_1_110' title="bbox 2095 5183 3647 5265">
    <p class='ocr_par' dir='ltr' id='par_1_110' title="bbox 2095 5183 3647 5265">
     <span class='ocr_line' id='line_1_110' title="bbox 2095 5183 3647 5265; baseline -0.013 -15"><span class='ocrx_word' id='word_1_833' title='bbox 2095 5195 2194 5265; x_wconf 81' lang='grc' dir='ltr'><strong>βίῳ</strong></span> <span class='ocrx_word' id='word_1_834' title='bbox 2246 5194 2428 5246; x_wconf 83' lang='grc' dir='ltr'>πάντα</span> <span class='ocrx_word' id='word_1_835' title='bbox 2484 5194 2554 5247; x_wconf 78' lang='grc' dir='ltr'>τὰ</span> <span class='ocrx_word' id='word_1_836' title='bbox 2620 5195 2846 5264; x_wconf 84' lang='grc' dir='ltr'>πρακτά</span> <span class='ocrx_word' id='word_1_837' title='bbox 2897 5191 3242 5245; x_wconf 83' lang='grc' dir='ltr'>συντελεῖται</span> <span class='ocrx_word' id='word_1_838' title='bbox 3304 5183 3647 5258; x_wconf 84' lang='grc' dir='ltr'>ἐνεργούμενα</span> 
     </span>
    </p>
   </div>
   <div class='ocr_carea' id='block_1_111' title="bbox 2101 5279 3648 5358">
    <p class='ocr_par' dir='ltr' id='par_1_111' title="bbox 2101 5279 3648 5358">
     <span class='ocr_line' id='line_1_111' title="bbox 2101 5279 3648 5358; baseline -0.004 -20"><span class='ocrx_word' id='word_1_839' title='bbox 2101 5284 2452 5358; x_wconf 82' lang='grc' dir='ltr'>(ἀποθανοῦσι</span> <span class='ocrx_word' id='word_1_840' title='bbox 2472 5285 2581 5354; x_wconf 86' lang='grc' dir='ltr'>γὰρ</span> <span class='ocrx_word' id='word_1_841' title='bbox 2610 5285 2786 5338; x_wconf 85' lang='grc' dir='ltr'>πάντα</span> <span class='ocrx_word' id='word_1_842' title='bbox 2816 5283 2986 5354; x_wconf 83' lang='grc' dir='ltr'>ἀργά)</span> <span class='ocrx_word' id='word_1_843' title='bbox 3019 5299 3034 5316; x_wconf 68' lang='grc' dir='ltr'><strong>ι</strong></span> <span class='ocrx_word' id='word_1_844' title='bbox 3061 5281 3297 5344; x_wconf 81' lang='grc' dir='ltr'>εἰκότως</span> <span class='ocrx_word' id='word_1_845' title='bbox 3326 5279 3404 5341; x_wconf 83' lang='grc' dir='ltr'><strong>ὡς</strong></span> <span class='ocrx_word' id='word_1_846' title='bbox 3432 5279 3502 5348; x_wconf 83' lang='grc' dir='ltr'>μή</span> <span class='ocrx_word' id='word_1_847' title='bbox 3525 5287 3648 5332; x_wconf 73' lang='grc' dir='ltr'>τινος</span> 
     </span>
    </p>
   </div>
   <div class='ocr_carea' id='block_1_112' title="bbox 2096 5362 3647 5447">
    <p class='ocr_par' dir='ltr' id='par_1_112' title="bbox 2096 5362 3647 5447">
     <span class='ocr_line' id='line_1_112' title="bbox 2096 5362 3647 5447; baseline -0.003 -17"><span class='ocrx_word' id='word_1_848' title='bbox 2096 5378 2300 5431; x_wconf 88' lang='grc' dir='ltr'>τούτων</span> <span class='ocrx_word' id='word_1_849' title='bbox 2330 5379 2724 5447; x_wconf 74' lang='grc' dir='ltr'>ἐνεργουμένω</span> <span class='ocrx_word' id='word_1_850' title='bbox 2755 5376 2897 5446; x_wconf 80' lang='grc' dir='ltr'>ὑπὲρ</span> <span class='ocrx_word' id='word_1_851' title='bbox 2928 5369 3004 5429; x_wconf 83' lang='grc' dir='ltr'>ὧν</span> <span class='ocrx_word' id='word_1_852' title='bbox 3033 5391 3119 5437; x_wconf 89' lang='grc' dir='ltr'><strong>τις</strong></span> <span class='ocrx_word' id='word_1_853' title='bbox 3183 5371 3520 5437; x_wconf 77' lang='grc' dir='ltr'>ἀπαλλαγεὶς</span> <span class='ocrx_word' id='word_1_854' title='bbox 3547 5362 3647 5425; x_wconf 69' lang='grc' dir='ltr'>ὲξθο</span> 
     </span>
    </p>
   </div>
   <div class='ocr_carea' id='block_1_113' title="bbox 2098 5455 3650 5538">
    <p class='ocr_par' dir='ltr' id='par_1_113' title="bbox 2098 5455 3650 5538">
     <span class='ocr_line' id='line_1_113' title="bbox 2098 5455 3650 5538; baseline 0.002 -18"><span class='ocrx_word' id='word_1_855' title='bbox 2098 5468 2482 5538; x_wconf 83' lang='grc' dir='ltr'>μολογήσεται,</span> <span class='ocrx_word' id='word_1_856' title='bbox 2513 5467 2732 5537; x_wconf 78' lang='grc' dir='ltr'>εἴρηται</span> <span class='ocrx_word' id='word_1_857' title='bbox 2761 5465 2842 5530; x_wconf 77' lang='grc' dir='ltr'><strong>τὸ,</strong></span> <span class='ocrx_word' id='word_1_858' title='bbox 2878 5483 2897 5516; x_wconf 84' lang='grc'><strong><em>‹</em></strong></span> <span class='ocrx_word' id='word_1_859' title='bbox 2957 5465 3047 5520; x_wconf 85' lang='grc' dir='ltr'><strong>Ἐν</strong></span> <span class='ocrx_word' id='word_1_860' title='bbox 3081 5463 3165 5536; x_wconf 83' lang='grc' dir='ltr'>τῷ</span> <span class='ocrx_word' id='word_1_861' title='bbox 3214 5462 3320 5535; x_wconf 62' lang='grc' dir='ltr'><strong>ᾅδῃ</strong></span> <span class='ocrx_word' id='word_1_862' title='bbox 3354 5461 3438 5523; x_wconf 81' lang='grc' dir='ltr'>τίς</span> <span class='ocrx_word' id='word_1_863' title='bbox 3485 5455 3650 5523; x_wconf 66' lang='grc' dir='ltr'><strong>ἐξομο·</strong></span> 
     </span>
    </p>
   </div>
   <div class='ocr_carea' id='block_1_114' title="bbox 2093 5559 2572 5629">
    <p class='ocr_par' dir='ltr' id='par_1_114' title="bbox 2093 5559 2572 5629">
     <span class='ocr_line' id='line_1_114' title="bbox 2093 5559 2572 5629; baseline -0.004 -17"><span class='ocrx_word' id='word_1_864' title='bbox 2093 5559 2382 5629; x_wconf 85' lang='grc' dir='ltr'>λογήσεταί</span> <span class='ocrx_word' id='word_1_865' title='bbox 2409 5576 2491 5612; x_wconf 90' lang='grc' dir='ltr'><strong>σοι</strong></span> <span class='ocrx_word' id='word_1_866' title='bbox 2522 5576 2537 5623; x_wconf 85' lang='grc'><strong>;</strong></span> <span class='ocrx_word' id='word_1_867' title='bbox 2554 5576 2572 5610; x_wconf 73' lang='grc' dir='ltr'><strong>ι</strong></span> 
     </span>
    </p>
   </div>
   <div class='ocr_carea' id='block_1_115' title="bbox 413 5644 3647 5722">
    <p class='ocr_par' dir='ltr' id='par_1_115' title="bbox 413 5644 3647 5722">
     <span class='ocr_line' id='line_1_115' title="bbox 413 5644 3647 5722; baseline 0.002 -27"><span class='ocrx_word' id='word_1_868' title='bbox 413 5645 705 5713; x_wconf 73' lang='lat' dir='ltr'><strong>gratiarum</strong></span> <span class='ocrx_word' id='word_1_869' title='bbox 741 5644 882 5699; x_wconf 86' lang='lat' dir='ltr'><strong>actio</strong></span> <span class='ocrx_word' id='word_1_870' title='bbox 909 5645 978 5700; x_wconf 91' lang='lat' dir='ltr'><strong>ad</strong></span> <span class='ocrx_word' id='word_1_871' title='bbox 1030 5644 1217 5712; x_wconf 86' lang='lat' dir='ltr'><strong>Deum,</strong></span> <span class='ocrx_word' id='word_1_872' title='bbox 1253 5647 1378 5702; x_wconf 88' lang='lat' dir='ltr'><strong>dum</strong></span> <span class='ocrx_word' id='word_1_873' title='bbox 1411 5649 1534 5717; x_wconf 84' lang='lat' dir='ltr'><strong>quis</strong></span> <span class='ocrx_word' id='word_1_874' title='bbox 1570 5651 1830 5706; x_wconf 86' lang='lat' dir='ltr'><strong>liberatus</strong></span> <span class='ocrx_word' id='word_1_875' title='bbox 1869 5662 1953 5707; x_wconf 88' lang='lat' dir='ltr'><strong>est</strong></span> <span class='ocrx_word' id='word_1_876' title='bbox 1999 5668 2024 5705; x_wconf 92' lang='lat' dir='ltr'><strong>a</strong></span> <span class='ocrx_word' id='word_1_877' title='bbox 2069 5652 2320 5722; x_wconf 76' lang='lat' dir='ltr'><strong>gravibus</strong></span> <span class='ocrx_word' id='word_1_878' title='bbox 2378 5652 2665 5707; x_wconf 80' lang='lat' dir='ltr'><strong>molestiis.</strong></span> <span class='ocrx_word' id='word_1_879' title='bbox 2709 5651 2977 5716; x_wconf 85' lang='lat' dir='ltr'><strong>Quoniam</strong></span> <span class='ocrx_word' id='word_1_880' title='bbox 3033 5649 3204 5719; x_wconf 74' lang='lat' dir='ltr'><strong>igitur</strong></span> <span class='ocrx_word' id='word_1_881' title='bbox 3293 5655 3486 5705; x_wconf 86' lang='lat' dir='ltr'><strong>cuncta</strong></span> <span class='ocrx_word' id='word_1_882' title='bbox 3545 5653 3647 5713; x_wconf 64' lang='lat' dir='ltr'><strong>qua!</strong></span> 
     </span>
    </p>
   </div>
   <div class='ocr_carea' id='block_1_116' title="bbox 521 5823 1496 5901">
    <p class='ocr_par' dir='ltr' id='par_1_116' title="bbox 521 5823 1496 5901">
     <span class='ocr_line' id='line_1_116' title="bbox 521 5823 1496 5901; baseline 0.014 -20"><span class='ocrx_word' id='word_1_883' title='bbox 521 5823 861 5898; x_wconf 46' lang='lat'><strong>“51211.15;</strong></span> <span class='ocrx_word' id='word_1_884' title='bbox 943 5834 980 5864; x_wconf 67' lang='lat'><strong>&quot;‘</strong></span> <span class='ocrx_word' id='word_1_885' title='bbox 1011 5837 1196 5894; x_wconf 71' lang='lat' dir='ltr'><strong>Matth.</strong></span> <span class='ocrx_word' id='word_1_886' title='bbox 1225 5855 1387 5901; x_wconf 63' lang='lat' dir='ltr'><strong>XXV”,</strong></span> <span class='ocrx_word' id='word_1_887' title='bbox 1413 5839 1496 5891; x_wconf 61' lang='grc' dir='ltr'><strong>Ἢ.-</strong></span> 
     </span>
    </p>
   </div>
   <div class='ocr_carea' id='block_1_117' title="bbox 1582 5836 1990 5898">
    <p class='ocr_par' dir='ltr' id='par_1_117' title="bbox 1582 5836 1990 5898">
     <span class='ocr_line' id='line_1_117' title="bbox 1582 5836 1990 5898; baseline -0.002 -10"><span class='ocrx_word' id='word_1_888' title='bbox 1582 5838 1622 5867; x_wconf 66' lang='grc'><strong><em>⁸⁵</em></strong></span> <span class='ocrx_word' id='word_1_889' title='bbox 1657 5836 1793 5889; x_wconf 68' lang='grc' dir='ltr'>Ρίιιιί.</span> <span class='ocrx_word' id='word_1_890' title='bbox 1823 5853 1892 5898; x_wconf 83' lang='lat' dir='ltr'><strong>\‘l,</strong></span> <span class='ocrx_word' id='word_1_891' title='bbox 1941 5836 1990 5888; x_wconf 82' lang='lat'><strong>6.</strong></span> 
     </span>
    </p>
   </div>
   <div class='ocr_carea' id='block_1_118' title="bbox 2074 5834 3113 5903">
    <p class='ocr_par' dir='ltr' id='par_1_118' title="bbox 2074 5834 3113 5903">
     <span class='ocr_line' id='line_1_118' title="bbox 2074 5834 3113 5903; baseline 0.011 -16"><span class='ocrx_word' id='word_1_892' title='bbox 2074 5837 2114 5865; x_wconf 69' lang='lat'><strong>“-</strong></span> <span class='ocrx_word' id='word_1_893' title='bbox 2161 5837 2294 5892; x_wconf 70' lang='lat' dir='ltr'><strong>Psnl.</strong></span> <span class='ocrx_word' id='word_1_894' title='bbox 2329 5852 2478 5902; x_wconf 75' lang='lat' dir='ltr'><strong>cxm,</strong></span> <span class='ocrx_word' id='word_1_895' title='bbox 2527 5836 2609 5890; x_wconf 82' lang='lat' dir='ltr'><strong>l7.</strong></span> <span class='ocrx_word' id='word_1_896' title='bbox 2690 5837 2732 5867; x_wconf 73' lang='grc'><strong>⁸⁷</strong></span> <span class='ocrx_word' id='word_1_897' title='bbox 2769 5837 2909 5893; x_wconf 75' lang='lat' dir='ltr'><strong>Psal.</strong></span> <span class='ocrx_word' id='word_1_898' title='bbox 2959 5834 3113 5903; x_wconf 68' lang='lat' dir='ltr'><strong>H.6-</strong></span> 
     </span>
    </p>
   </div>
  </div>
