3986 6548
477 373 575 435 εόῖ

1531 375 1922 469 (ΕΕΗΜΕΝΙΙ
1951 379 2242 441 TRICCrE
2279 381 2618 446 EPISCOPI

3620 389 3736 458 ξος

473 494 694 555 propter
737 484 1110 553 probationem
1163 486 1215 542 in
1246 503 1341 544 eos
1380 488 1756 547 inducuntur:
1802 494 2033 563 probalit

2167 497 2232 550 Ἦ
2261 497 2316 550 δὲ
2364 498 2660 567 δοκιμασία
2698 502 3258 574 περισπούδαστον’τδ
3292 503 3730 575 δοκιμαζόμενον

473 590 599 629 vero
621 573 1036 630 desiderabilem
1067 578 1242 633 reddit
1274 595 1396 634 eum
1424 581 1515 650 qui
1543 582 1820 650 probatur,
1853 601 2046 654 quem-

471 666 764 720 almodum
803 676 858 722 et
900 683 1090 722 aurum
1131 685 1194 724 ac
1233 679 1538 741 argentum.
1567 673 1648 728 Ad
1694 675 1812 731 haec
1840 687 2042 742 autem,

472 758 853 828 subiungendo
889 761 1033 829 quod
1079 761 1163 816 his
1191 763 1444 817 omnibus
1474 765 1685 820 beatius
1713 775 1818 831 est,
1849 783 2046 838 nempe

471 865 566 903 eos
589 851 680 920 qui
715 852 825 905 haec
849 853 1127 920 patiuntur
1154 855 1411 924 magistro
1425 855 1644 911 Christo
1665 859 1990 914 conformari
2024 877 2042 919 :

472 952 527 996 et
575 958 720 996 nunc
751 959 872 996 cum
924 943 1040 1012 ipso
1077 943 1367 1014 ignominia
1399 947 1556 1009 aﬂici.
1595 956 1655 1001 ut
1683 965 1788 1002 una
1817 965 1940 1003 cum
1975 967 2041 1004 eo

469 1034 840 1102 glorificentur
870 1034 922 1086 in
961 1034 1146 1089 futuro
1175 1037 1396 1100 saeculo,
1427 1055 1549 1092 cum
1591 1041 1904 1094 universum
1936 1041 2040 1096 sibi

469 1126 762 1193 subjecerit
793 1128 1074 1181 mundum.
1117 1146 1138 1180 ι
1172 1128 1502 1183 Charitatem
1528 1141 1833 1184 extensam.
1869 1149 1888 1182 ι
1936 1131 2040 1185 hoc

467 1227 574 1281 est,
609 1231 1043 1285 perseverantem
1073 1237 1136 1275 ac
1164 1222 1448 1276 durantem
1481 1231 1534 1276 et
1569 1224 1621 1276 in
1655 1223 1873 1292 longum
1913 1240 2038 1294 pro-

469 1320 702 1366 tensam.
741 1331 757 1362 ι
795 1311 864 1366 Ut
892 1314 1122 1383 quisque
1144 1315 1352 1384 accepit
1377 1315 1596 1369 donum.
1629 1333 1648 1366 ι
1687 1314 2038 1385 Quaecunque

465 1401 610 1454 enim
652 1402 707 1455 in
740 1401 898 1456 nobis
927 1403 1026 1457 sita
1071 1413 1218 1468 sunt,
1247 1412 1300 1459 et
1337 1420 1567 1474 quorum
1601 1404 1807 1458 domini
1848 1421 2038 1460 sumus

465 1501 527 1546 ut
556 1493 839 1557 faciamus,
874 1493 928 1547 in
964 1495 1219 1549 omnibus
1251 1496 1335 1550 his
1374 1496 1440 1550 de
1467 1495 1728 1564 iniustitia
1763 1495 2038 1551 accusatio

465 1599 586 1638 esse
608 1593 804 1653 potest.
838 1583 1026 1654 Neque
1056 1585 1202 1639 enim
1233 1585 1286 1639 in
1310 1585 1420 1640 sola
1444 1584 1800 1655 pecuniarum
1824 1600 2037 1655 posses-

463 1678 635 1738 sione,
684 1692 872 1731 verum
907 1677 1068 1732 etiam
1105 1676 1160 1730 in
1191 1677 1520 1732 abundantia
1559 1677 1787 1732 aliorum
1815 1687 2038 1731 natura—

2147 589 2410 645 ἀποτελεῖ
2435 593 2508 657 ὡς
2527 596 2619 649 καὶ
2646 596 2738 650 τὸν
2766 597 2965 668 χρυσὸν
2987 597 3189 652 καὶτὸν
3209 598 3470 669 ἄργυρον.
3496 598 3732 662 Τούτοις

2147 683 2204 736 δὲ
2238 684 2297 736 τὸ
2330 687 2742 760 μακαριώτερον
2797 693 3005 746 τούτων
3063 692 3318 746 ἁπάντων
3367 691 3676 758 ἐπενέγκας
3713 731 3729 754 ,

2144 773 2206 826 τὸ
2236 775 2360 840 τοὺς
2394 779 2567 832 ταῦτα
2599 783 2910 852 πάσχοντας
2946 784 3268 854 ἐναμίλλους
3299 779 3440 836 εἶναι
3467 784 3546 854 τῷ
3581 783 3735 837 διδα-

2145 866 2330 938 σκάλῳ
2353 869 2592 942 Χριστῷ,
2629 875 2718 926 καὶ
2746 878 2883 944 μετά
2939 877 3132 930 τούτου
3169 875 3263 929 νῦν
3299 874 3728 944 ἀτιμουμὲνους,

2145 957 2231 1010 ἵνα
2272 961 2365 1012 καὶ
2419 964 2844 1030 συνδοξασθῶσιν
2871 967 3019 1038 αὐτῷ
3049 969 3189 1021 κατὰ
3217 967 3308 1020 τὸν
3341 967 3606 1036 μέλλοντα
3625 1007 3640 1030 ,
3670 966 3731 1019 τὺ

2144 1051 2252 1102 πᾶν
2289 1051 2465 1121 ἑαυτῷ
2496 1057 2836 1126 κατηνύσατο
2867 1057 2962 1112 τοῦ
3011 1060 3266 1128 κόσμου.ι
3290 1061 3536 1128 Ἀγὰπην
3561 1060 3724 1111 ἐκτε-

2140 1140 2265 1208 νῆ.ι
2286 1143 2428 1196 ’Ληντὶ
2454 1145 2571 1210 τοῦ,
2601 1148 2918 1219 διαρκῆ,ὲπὶ
2947 1150 3080 1203 πολὺ
3113 1151 3502 1204 διατείνουσαν.
3551 1167 3572 1199 ι
3616 1150 3732 1201 Κα-

2143 1229 2250 1294 θὼς
2280 1233 2437 1287 ἔλαϐε
2491 1239 2754 1307 χάρισμα.
2793 1259 2811 1291 s
2843 1241 2964 1292 Τῶν
2991 1241 3100 1311 γὰρ
3152 1242 3236 1310 ἐφ’
3275 1243 3405 1311 ἡμῖν
3429 1240 3728 1302 κειμένων,

2147 1322 2243 1374 καὶ
2265 1315 2340 1375 ὧν
2372 1325 2541 1394 ἐσμεν
2576 1329 2754 1400 κύριοι
2785 1332 2859 1401 μὴ
2885 1334 3079 1396 ποιεῖν,
3117 1332 3274 1386 τοῦτο
3301 1332 3480 1401 πάσης
3506 1331 3728 1393 ἀδικίας

2140 1408 2254 1480 ἔχει
2293 1413 2533 1485 Γραφήν.
2565 1419 2639 1472 Οὐ
2665 1419 2772 1490 γὰρ
2789 1421 2877 1473 ἐπὶ
2906 1421 3005 1490 τῆς
3035 1421 3141 1474 τῶν
3157 1421 3455 1492 χρημάτων
3489 1420 3729 1482 κτίσεως

2144 1502 2324 1572 μόνον,
2339 1506 2475 1559 ἀλλά
2500 1510 2718 1565 καὶτῶν
2744 1512 3179 1583 ἀλλωθφυσικῶν
3207 1511 3724 1582 πλεονεκτημάτων,

2138 1589 2418 1664 ὑπόχρεώς
2433 1599 2550 1652 ἐστι
2565 1602 2626 1654 τὸ
2645 1602 2718 1672 μὴ
2735 1604 2910 1674 ἔχοντι
2929 1605 3210 1675 παρέχειν·
3231 1605 3314 1657 ὃτι
3344 1605 3439 1657 καὶ
3456 1602 3626 1664 absit:
3650 1601 3725 1671 μὴ

2143 1681 2464 1760 εχων,παρὰ
2489 1692 2623 1746 Θεοῦ
2660 1693 2988 1764 ἔ).α6εν,ιῖνα
3013 1695 3228 1766 παρέχῃ
3253 1697 3366 1757 τοῖς
3401 1691 3721 1764 χρῄζουσιν.

465 1771 596 1823 lium
623 1811 636 1831 ,
672 1770 884 1824 debitor
913 1779 996 1824 est
1030 1769 1258 1840 quisque
1289 1780 1348 1825 ut
1381 1770 1585 1826 tribuat
1616 1785 1727 1824 non
1771 1769 2004 1824 habenti
2025 1788 2039 1827 :
2081 1777 2342 1843 quoniam
2373 1793 2428 1838 et
2458 1783 2596 1856 ipse,
2637 1803 2760 1844 cum
2805 1804 2915 1844 non
2947 1788 3190 1854 haberet,
3226 1803 3263 1841 a.
3332 1787 3441 1842 Deo
3508 1783 3726 1854 accepit

467 1873 524 1916 ut
556 1862 814 1917 tribueret
845 1863 1230 1935 indigentibus.

1073 1979 1298 2036 CAPUT
1344 1979 1428 2034 Vl.

403 2099 405 2101 ’
465 2093 626 2164 520
642 2093 792 2159 Quod
815 2111 878 2148 ex
902 2095 1158 2148 consortio
1175 2095 1245 2149 ad
1256 2094 1517 2150 Christum
1555 2112 1758 2150 necesse
1787 2099 1855 2150 sit
1883 2102 2042 2148 natu-

534 2165 672 2236 rales
693 2166 895 2236 vincere
925 2166 1304 2236 adversitates,
1344 2175 1392 2218 et
1414 2183 1477 2220 ex
1500 2184 1590 2236 spe
1616 2168 1686 2220 ad
1713 2168 1882 2235 ipsum
1909 2165 2043 2235 ferro

529 2235 724 2288 damna
788 2235 852 2288 ab
879 2235 1000 2288 aliis
1030 2234 1304 2292 damnata.

531 2326 619 2392 IV,
651 2327 833 2382 12-19.
872 2326 1205 2390 Charissimi,
1225 2345 1287 2382 ne
1317 2329 1581 2383 miremini
1612 2330 1734 2383 dum
1761 2346 1852 2398 per
1873 2329 2044 2398 ignem

461 2417 836 2488 exploramini,
861 2435 976 2488 qute
1001 2436 1084 2472 res
1103 2421 1174 2472 ad
1204 2421 1611 2489 experimentum
1633 2421 1772 2475 vobis
1802 2422 2041 2491 contigit.

461 2507 676 2576 perinde
714 2509 868 2577 quasi
903 2525 1093 2562 navum
1133 2509 1334 2579 aliquid
1369 2509 1508 2563 vobis
1533 2504 1765 2579 obtingat
1800 2527 1814 2565 :
1853 2511 1958 2564 ima
1988 2512 2042 2564 in

461 2603 556 2653 hac
586 2601 724 2670 quod
753 2611 1017 2654 consortes
1045 2601 1166 2655 estis
1190 2601 1525 2670 aﬂlictionum
1552 2601 1765 2665 Christi,
1795 2605 2038 2674 gaudete,

461 2701 517 2743 ut
543 2691 596 2744 in
624 2689 937 2743 reuelatione
952 2707 1152 2762 quoque
1179 2691 1358 2762 gloria:
1385 2691 1620 2762 ejusdem
1636 2694 1911 2761 gaudeatis
1942 2711 2040 2747 ex-

460 2783 735 2836 sultantes.
772 2781 830 2837 Si
860 2783 1061 2851 probris
1083 2784 1348 2854 aﬁicimini
1371 2785 1424 2837 in
1453 2787 1658 2838 nomine
1683 2785 1877 2840 Christi
1900 2786 2039 2840 beati

462 2877 584 2930 estis
607 2892 626 2930 :
675 2877 926 2946 quoniam
954 2876 1126 2946 gloria
1170 2887 1218 2929 et
1246 2878 1463 2945 spiritus
1505 2875 1602 2930 Dei
1638 2893 1792 2944 super
1835 2894 1922 2931 vos
1952 2895 2037 2932 re-

461 2968 732 3037 quiescit:
769 2968 929 3037 juxta
980 2968 1119 3035 ipsos
1166 2968 1376 3037 quidem
1424 2969 1834 3038 blasphematur,
1875 2970 2035 3038 juxta

459 3075 550 3112 vos
585 3067 762 3112 autem
797 3058 1141 3130 gloriﬁcatur.
1179 3059 1256 3112 Ne
1280 3060 1394 3128 quis
1423 3060 1561 3114 enim
1587 3069 1814 3114 vestrum
1835 3061 2039 3132 aﬁiiga-

463 3161 571 3214 tur,
589 3151 937 3219 uthomicida,
962 3161 1051 3206 aut
1071 3153 1176 3222 fur,
1195 3161 1287 3206 aut
1315 3153 1656 3224 facinorasus,
1673 3162 1764 3206 aut
1782 3163 2037 3223 tanquam

461 3240 756 3298 alienorum
784 3244 1060 3312 inspector.
1093 3243 1258 3299 Porro
1291 3245 1336 3298 si
1364 3254 1421 3298 ut
1461 3244 1808 3308 Christianus,
1841 3260 1903 3298 ne
1943 3261 2035 3313 pu-

1997 1918 1999 1920 ’
2066 1960 2114 2021 B

2728 1989 2978 2044 ΚΕΦΔΛ.
3038 1987 3130 2057 ς’.

2147 2097 2288 2172 ὀτι
2320 2102 2599 2172 κοινωνίᾳ
2631 2101 2708 2170 τῇ
2760 2103 2910 2170 πρὸς
2955 2103 3213 2172 Χριστὸν
3260 2103 3498 2172 κρατεῖν
3527 2102 3724 2172 χρεὼν

2216 2167 2334 2241 τῶν
2371 2170 2648 2238 φυσικῶν
2674 2167 2916 2238 στηθῶν,
2959 2167 3160 2227 ἐλπίδι
3188 2191 3253 2226 τε
3286 2167 3358 2241 τῇ
3389 2176 3477 2239 είς
3503 2167 3719 2239 ἀῦτὸν,

2212 2239 2417 2308 φέρειν
2446 2241 2551 2307 τὰς
2582 2244 2716 2311 παρ’
2751 2243 2970 2310 ἐτέρων
2991 2244 3252 2308 βλάϐας.

2227 2330 2558 2397 Ἀγαπητοί.
2587 2329 2674 2399 μὴ
2723 2330 3023 2394 ξενίζεσθε
3052 2329 3126 2398 τῇ
3155 2331 3224 2384 ἐν
3261 2331 3404 2400 ὑμῖν
3449 2329 3719 2397 πυρώσει

2143 2422 2291 2489 πρὸς
2321 2421 2656 2488 πειρασμὸν
2684 2420 2825 2489 ὑμῖν
2875 2419 3153 2491 γινομένῃ
3177 2462 3192 2485 ,
3225 2421 3306 2486 ὡς
3346 2421 3528 2484 ξένου
3579 2418 3720 2487 ὑμῖν

2141 2513 2600 2580 συμϐαίνοντος,
2634 2512 2797 2566 ἀλλὰ
2846 2514 2992 2565 καθὸ
3035 2511 3372 2566 κοινωνεῖτε
3402 2511 3529 2574 τοῖς
3582 2513 3715 2576 Χρι-

2140 2603 2291 2658 στοῦ
2317 2603 2650 2670 παθήμασι,
2680 2603 2934 2671 χαίρετε.
2969 2603 3104 2657 ἰνα
3137 2601 3238 2656 καὶ
3279 2602 3351 2656 ἐν
3377 2601 3452 2670 τῇ
3487 2603 3718 2655 ἀποκα-

2138 2696 2323 2763 λύψει
2347 2694 2457 2762 τῆς
2486 2693 2668 2761 δόξης
2697 2693 2906 2757 αὐτοῦ,
2939 2693 3121 2765 χρῆτε
3144 2691 3606 2763 ἀγαλλιώμενοι.
3648 2691 3714 2746 ει

2141 2787 2496 2847 ὀνειδίζεσθε
2523 2788 2592 2840 ἐν
2621 2787 2865 2854 ὀνόματι
2900 2786 3176 2853 Χριστοῦ,
3198 2785 3496 2854 μακάριοι,
3529 2784 3624 2837 ὅτι
3649 2783 3713 2836 τὸ

2139 2877 2248 2946 τῆς
2270 2877 2457 2944 δόξης
2492 2877 2688 2930 καὶτὸ
2741 2877 2846 2932 τοῦ
2913 2877 3060 2931 Θεοῦ
3120 2877 3356 2946 πνεῦμα
3413 2875 3508 2944 ἐφ’
3552 2873 3708 2943 ὑμᾶς

2139 2969 2529 3023 ἀναπαύεται.
2586 2967 2748 3022 Κατὰ
2787 2967 2898 3036 μὲν
2951 2969 3174 3035 αὐτοὺς
3223 2966 3710 3037 βλασφημεῖται,

2139 3058 2290 3114 κατὰ
2313 3060 2380 3112 δὲ
2409 3059 2566 3130 ὑμᾶς
2606 3059 2932 3124 δοξάζεται.
2972 3059 3068 3127 Μὴ
3097 3059 3208 3128 γάρ
3246 3077 3337 3125 τις
3377 3059 3547 3128 ὑμῶν
3601 3073 3710 3111 πα-

2139 3151 2333 3219 σχέτω
2363 3149 2441 3214 ὡς
2467 3149 2712 3218 φονεὺς,
2737 3149 2774 3218 ἢ
2806 3150 3091 3217 κλέπτης,
3123 3150 3160 3218 ἢ
3186 3150 3528 3215 κακοποιὸς,
3567 3150 3606 3217 ἦ
3635 3149 3711 3214 ὡς

2139 3239 2774 3307 ἀλλοτριοεπίσκοπος.
2831 3242 2898 3295 Et
2961 3239 3029 3292 δὲ
3085 3239 3165 3301 ὡς
3220 3239 3571 3308 κριστιανὸς
3626 3237 3706 3306 μὴ

461 3333 620 3389 r’eat:
652 3333 756 3386 imo
782 3307 1031 3403 glo'riﬁcet
1062 3335 1223 3388 Deum
1251 3336 1306 3388 in
1327 3336 1420 3389 hoc
1443 3337 1662 3390 nomine.
1690 3307 2033 3405 Quandoqui-

2138 3331 2540 3400 αἰσχυνέσθω.
2574 3330 2870 3395 Δοξαζέτω
2920 3331 2988 3384 δὲ
3024 3333 3132 3384 τὸν
3163 3307 3312 3385 Θεὸν
3353 3331 3423 3382 ὲν
3456 3326 3538 3394 τῷ
3581 3327 3710 3382 ὸνόο

460 3423 578 3474 dem
609 3433 657 3475 et
691 3432 892 3492 tempus
919 3434 1011 3488 est,
1045 3433 1099 3477 ut
1130 3425 1346 3494 incipiat
1371 3426 1632 3494 judicium
1663 3443 1695 3479 a
1716 3425 1867 3479 domo
1894 3424 2032 3482 Dei:

461 3516 602 3584 quod
628 3515 673 3567 si
693 3515 920 3582 primum
948 3515 1127 3582 incipit
1158 3532 1189 3567 a
1218 3515 1384 3576 nobis,
1411 3516 1525 3586 quis
1563 3518 1661 3569 erit
1702 3516 1823 3586 ﬁnis
1853 3531 2032 3570 eorum

462 3605 550 3675 qui
613 3622 712 3658 non
754 3609 971 3658 credunt
1030 3605 1124 3659 Dei
1168 3604 1502 3676 Evangelia?
1545 3608 1612 3662 Et
1649 3610 1695 3662 si
1734 3609 1911 3676 justus
1949 3609 2035 3664 via:

461 3693 643 3747 salvus
669 3695 904 3763 eﬁicitur,
948 3695 1138 3764 impius
1171 3706 1220 3750 et
1252 3707 1493 3764 peccator
1530 3697 1620 3751 ubi
1656 3701 1973 3764 comparebit
2007 3701 2034 3755 2

462 3784 691 3838 Proinde
720 3775 813 3855 'qni
865 3785 1167 3854 affliguntur
1199 3785 1358 3856 juxta
1406 3785 1726 3840 voluntatem
1766 3788 1883 3849 Dei,
1914 3798 2034 3842 tan-

461 3894 620 3946 quam
643 3879 784 3946 apud
808 3876 1010 3946 ﬁdelem
1042 3878 1355 3932 conditorem
1385 3879 1647 3949 deponant
1677 3882 1883 3935 animas
1905 3897 2030 3936 suas

463 3969 852 4038 benefaciendo.

538 4168 555 4194 ι
597 4145 730 4199 Dum
765 4161 863 4216 per
895 4146 1072 4218 ignem
1105 4150 1504 4218 exploramini:
1545 4171 1563 4203 ι
1601 4152 1704 4207 hoc
1731 4162 1816 4208 est
1835 4154 2032 4224 proba-

461 4237 614 4290 mini.
650 4255 668 4288 ι
700 4237 758 4291 In
786 4238 1007 4293 nomine
1033 4239 1257 4294 Christi.
1297 4261 1313 4293 ι
1352 4242 1641 4312 Propterea
1682 4246 1824 4314 quod
1869 4245 2030 4300 Chri-

457 4333 616 4388 stiani
648 4334 907 4388 dicimini.
937 4334 1123 4390 «Juxta
1155 4335 1300 4405 ipsos
1322 4338 1536 4407 quidem
1569 4340 2024 4410 blasphematur.»

461 4424 910 4480 Subaudiendum
933 4436 1017 4480 est
1052 4444 1065 4480 :
1102 4428 1224 4492 Qui,
1259 4437 1315 4482 ut
1355 4430 1424 4483 sit
1465 4444 1656 4485 sensus
1689 4450 1700 4484 :
1735 4431 1835 4497 Qui
1866 4433 2030 4502 spiri-

461 4526 549 4567 tus
593 4513 683 4567 Dei
723 4514 865 4582 apud
911 4515 1102 4582 impios
1145 4516 1362 4585 quidem
1405 4519 1616 4573 videtur
1644 4521 2028 4591 blasphemari,

2131 3438 2272 3492 ματι
2317 3421 2523 3485 τούτῳ.
2560 3422 2688 3474 Ὀτι
2717 3420 2814 3474 καὶ
2854 3425 2886 3476 ό
2920 3422 3124 3488 καιρὸς
3161 3420 3264 3474 τοῦ
3316 3419 3619 3487 ἄρξασθαι
3644 3418 3708 3470 τὸ

2135 3514 2313 3582 κρῖμα
2345 3513 2462 3567 ἀπὸ
2507 3512 2613 3566 τοῦ
2675 3513 2846 3566 οίκου
2881 3513 2987 3567 τοῦ
3030 3513 3198 3568 Θεοῦ.
3247 3512 3318 3565 Ei
3348 3511 3416 3564 δὲ
3471 3509 3709 3577 πρῶτον

2135 3605 2236 3673 ἀφ’
2281 3605 2472 3675 ήμῶν,
2502 3605 2560 3658 τί
2589 3604 2656 3658 τὸ
2696 3604 2872 3670 τέλος
2904 3604 3021 3658 τῶν
3048 3604 3453 3658 ἀπειθούντων
3489 3600 3576 3666 τῷ
3605 3599 3707 3654 τοῦ

2137 3699 2285 3754 Θεοῦ
2320 3699 2703 3768 Εὐαγγελίφ;
2736 3697 2918 3751 Kaiel
2967 3698 2999 3751 d
3046 3695 3275 3761 δίκαιος
3314 3696 3494 3762 μόλις
3527 3691 3706 3753 σώζε-

2133 3810 2265 3858 ται,
2306 3795 2339 3846 d
2391 3791 2616 3861 ἀσεϐὴς
2661 3791 2761 3846 καί
2829 3792 3177 3860 ἁμαρτωλὸς
3228 3786 3347 3840 ποῦ
3398 3788 3708 3856 scas-sitat;

2135 3884 2318 3939 Ὥστε
2356 3885 2451 3938 καί
2488 3886 2544 3937 ol
2593 3882 2936 3952 πάσχοντες
2987 3881 3137 3933 κατὰ
3182 3879 3246 3932 τὸ
3310 3877 3540 3947 θέλημα
3603 3875 3706 3930 τοῦ

2137 3977 2305 4044 Θεοῦ,
2327 3977 2408 4043 ὡς
2435 3976 2627 4042 πιστῷ
2654 3976 2867 4044 κτίστῃ
2887 3971 3420 4042 παρατιθέσθωσαν
3456 3970 3565 4038 τὰς
3594 3972 3706 4040 ψυ-

2131 4068 2246 4139 χὰς
2278 4067 2476 4122 αὐτῶν
2497 4067 2566 4120 ἐν
2595 4064 2966 4135 ἀγαθοποιτᾳ.

2207 4177 2226 4210 ι
2263 4161 2340 4230 Τῇ
2369 4161 2425 4212 ἐν
2457 4158 2586 4228 ύμῖν
2611 4157 2872 4228 πυρώσει,
2910 4175 2927 4207 ι
2960 4155 3084 4209 ἀντὶ
3103 4154 3219 4220 τοῦ,
3248 4152 3698 4224 δοκιμασίᾳ.‹Ἑν

2131 4252 2356 4323 ὀνόματι
2385 4249 2644 4324 Χριστοῦ.
2701 4268 2720 4302 ι
2774 4250 2865 4302 Ἐν
2911 4248 2989 4318 τῷ
3047 4248 3365 4320 Χριστιανοὶ
3423 4247 3701 4316 λέγεσθαι.

2138 4361 2157 4396 ι
2194 4344 2351 4398 Κατὰ
2397 4343 2494 4414 μὲν
2535 4343 2730 4404 αὐτοὺς
2793 4341 3216 4410 βλασφημεῖται.
3254 4358 3274 4391 ›
3311 4341 3702 4406 Προσυπακου-

2134 4433 2286 4486 στέον
2321 4433 2401 4500 τὸ,
2438 4435 2525 4497 Ὀ,
2553 4433 2640 4487 ἵνα
2767 4435 2831 4486 ’Ὀ
2861 4433 3076 4504 πνεῦμα
3109 4431 3245 4485 Θεοῦ
3272 4431 3413 4485 κατά
3450 4431 3552 4500 μὲν
3578 4430 3702 4491 τοὺς

2131 4525 2350 4588 ἀσεϐεῖς
2395 4525 2544 4578 δοκεῖ
2599 4525 3057 4596 βλασφημεῖσθαι,
3109 4524 3250 4578 κατὰ
3282 4524 3338 4577 δὲ
3390 4524 3534 4593 ὑμᾶς
3559 4521 3703 4586 δοξάέ

458 4604 602 4673 apud
636 4619 731 4658 vos
754 4614 933 4658 autem
966 4607 1316 4675 glorificatur.
1355 4608 1639 4672 Quomodo
1667 4612 1690 4664 ?
1734 4613 1867 4678 Quia
1899 4616 2024 4670 dum

2138 4617 2315 4684 ζεται.
2341 4618 2502 4684 Πῶς;
2539 4619 2659 4672 Ὅτι
2685 4618 2893 4687 ψευδῶς
2927 4617 3082 4688 ὑμῶν
3111 4616 3565 4686 κατηγορούντων
3603 4615 3698 4668 αύ-

454 4697 535 4750 illi
579 4695 714 4751 falso
743 4713 838 4751 vos
868 4707 1161 4761 accusant,
1219 4699 1273 4751 in
1316 4699 1434 4752 illos
1467 4701 1682 4768 quidem
1722 4705 2024 4762 refunditur

456 4786 706 4841 confusio
731 4829 745 4850 ,
794 4787 946 4842 vobis
978 4796 1160 4842 autem
1192 4788 1377 4858 gloria.
1425 4809 1445 4841 ι
1477 4791 1789 4848 Alienorum
1842 4797 2023 4868 inspe-

456 4886 593 4932 ctor.
617 4897 635 4928 ι
672 4877 771 4944 Qui
804 4879 978 4932 aliena
1004 4881 1218 4934 curiose
1256 4879 1504 4948 rimatur,
1534 4892 1596 4936 ut
1623 4883 1904 4942 calumniae
1928 4905 2022 4944 oc-

455 4970 729 5024 casionem
774 4971 988 5025 habeat.
1027 4971 1181 5042 521
1239 4971 1351 5026 Hoc
1393 4983 1571 5028 autem
1612 4976 1826 5031 scelesti
1858 4979 2022 5034 animi

455 5070 541 5115 est
571 5070 625 5115 et
663 5062 982 5117 veteratoris
1019 5078 1080 5116 ac
1123 5063 1316 5130 dolosi,
1359 5063 1639 5134 facilisque
1680 5077 1734 5122 et
1788 5074 2022 5140 prompti

454 5155 620 5208 animi
667 5157 732 5208 ad
777 5171 937 5210 omne
976 5157 1196 5212 malum.
1240 5177 1260 5210 ι
1317 5156 1762 5229 Quandoquidem
1815 5172 2027 5233 tempus

452 5254 558 5311 est,
595 5255 655 5299 ut
697 5247 918 5314 incipiat
958 5247 1222 5316 judicium
1258 5265 1287 5303 a
1323 5251 1484 5305 domo
1527 5251 1639 5306 Dei.
1684 5272 1703 5304 ι
1758 5253 2028 5312 Sollicitos

453 5352 552 5391 eos
573 5337 748 5392 reddit
775 5353 838 5391 ac
868 5346 1052 5403 terret,
1084 5353 1115 5392 a
1147 5339 1350 5394 desidia
1379 5341 1521 5411 ipsos
1549 5344 1815 5413 repellens
1842 5355 1896 5400 et
1919 5347 2026 5400 vita

451 5431 703 5494 remissa,
734 5429 856 5483 ideo
896 5445 1114 5498 quoque
1143 5432 1419 5501 subjungit
1449 5450 1463 5489 :
1511 5435 1664 5499 Quod
1699 5437 1743 5491 si
1788 5437 2020 5508 primum

450 5537 482 5574 a
516 5523 674 5575 nobis
705 5522 796 5590 qui
825 5538 1015 5577 sumus
1039 5523 1231 5577 domus
1270 5522 1363 5578 Dei
1397 5526 1584 5596 incipit
1622 5543 1802 5582 rerum
1837 5531 1887 5582 in
1914 5534 2018 5588 vita

449 5622 788 5682 peractarum
809 5614 1102 5686 indagatio,
1121 5632 1278 5685 quem
1301 5618 1607 5674 existimare
1627 5631 1840 5690 oportet
1855 5623 2016 5679 linem

449 5720 636 5757 eorum
663 5705 754 5775 qui
781 5723 890 5760 non
915 5707 1302 5763 crediderunt?
1322 5708 1592 5764 iudicium
1624 5727 1770 5766 nunc
1797 5727 1905 5767 non
1940 5714 2022 5767 in-

453 5795 739 5867 telligimus
771 5798 1299 5863 condemnationem,
1328 5800 1421 5854 sed
1450 5799 2017 5869 indigationem,scru-

2132 4711 2260 4774 τῶν,
2293 4709 2517 4763 ἐκείνων
2549 4709 2646 4780 μὲν
2677 4712 2998 4780 καταχεῖται
3020 4708 3273 4778 αἰσχύνη,
3307 4708 3436 4778 ὑμῖν
3465 4707 3522 4760 δὲ
3549 4706 3693 4772 δόξα.

2134 4821 2155 4854 s
2183 4803 2254 4856 Ἣ
2282 4801 2356 4863 ὡς
2378 4799 2946 4870 ἀλλοτριοεπίσκοπος.
2964 4820 2982 4853 ι
3005 4800 3063 4853 '0
3096 4800 3164 4852 τὰ
3189 4800 3445 4869 ἀλλότρια
3476 4814 3694 4870 περιερ-

2129 4889 2452 4960 γαζόμενος,
2507 4889 2596 4943 ἵνα
2633 4889 2887 4960 ἀφορμὴν
2945 4889 3210 4960 λοιδορίας
3265 4889 3383 4962 ἔχῃ.
3425 4889 3597 4941 Τοῦτο
3641 4887 3697 4940 δὲ

2131 4984 2336 5052 μιαρᾶς
2377 4981 2471 5035 κα)⁵
2501 4981 2813 5053 πανούργου
2855 4981 2950 5034 καὶ
3004 4981 3311 5050 κακούργου
3364 4982 3457 5034 καὶ
3508 4980 3696 5051 ῥᾳδίας

2126 5076 2220 5127 καὶ
2250 5075 2385 5144 πρὸς
2415 5076 2527 5128 πᾶν
2557 5074 2783 5144 ἑτοίμης
2812 5074 2979 5126 κακὸν
3014 5072 3214 5142 ψυχῆς.
3253 5091 3272 5124 ι
3306 5074 3430 5127 Ὀτι
3456 5075 3484 5126 δ
3509 5071 3693 5142 καιρὸς

2125 5166 2220 5218 τοῦ
2251 5167 2521 5234 ἄρξασθαι
2572 5169 2632 5219 τὸ
2665 5167 2843 5236 κρῖμα
2893 5165 3002 5218 ἀπὸ
3037 5164 3132 5217 τοῦ
3167 5165 3319 5218 οἴκου
3343 5165 3437 5217 τοῦ
3466 5163 3622 5226 Θεοῦ,
3667 5178 3686 5212 s

2128 5259 2452 5325 ἐναγωνίους
2485 5259 2684 5321 αὐτοὺς
2718 5260 2813 5310 καὶ¹
2847 5256 3120 5326 ὲμφόϐους
3169 5259 3334 5321 ποιεῖ,
3381 5257 3480 5324 τῆς
3532 5253 3692 5326 ρᾳθυ-

2133 5345 2260 5414 μίας
2305 5347 2502 5410 αὐτοὺς
2552 5347 2646 5400 καὶ
2700 5347 2794 5400 τοῦ
2855 5348 3311 5410 ἀναπεπτιιικότος
3348 5347 3464 5417 βίου
3507 5349 3694 5400 ἀπανι-

2131 5437 2292 5491 στῶν.
2328 5439 2418 5491 Διὸ
2452 5441 2545 5491 καὶ
2597 5440 2866 5511 ἐπιφέρειο
2913 5439 2975 5491 Εἰ
3020 5439 3078 5492 δὲ
3127 5439 3342 5509 πρῶτον
3403 5439 3494 5506 ἀφ’
3543 5435 3690 5508 ὑμῶν

2125 5528 2294 5580 ὄντων
2330 5529 2493 5582 οἴκων
2537 5529 2672 5582 Θεοῦ
2715 5533 2746 5600 ἡ
2796 5529 3044 5595 ἐξέτασις
3090 5530 3196 5582 τῶν
3233 5529 3602 5600 βεϐιωμένων,
3637 5524 3687 5579 τι

2126 5621 2231 5691 χρὴ
2255 5621 2405 5684 τέλος
2435 5622 2673 5692 νομίζειν
2718 5623 2826 5675 τῶν
2855 5621 3266 5691 ἀπειθησάντων
3291 5638 3307 5686 ;
3358 5623 3546 5692 Κρῖμα
3572 5619 3683 5684 νῦν,

2126 5714 2188 5765 ού
2222 5713 2282 5766 τὸ
2325 5713 2644 5784 κατάκριμα
2677 5715 2968 5785 ἀκούομεν,
2997 5715 3132 5770 ἀ).λά
3162 5713 3261 5786 τὴν
3284 5714 3552 5781 ἐξέτασιν,
3590 5714 3681 5779 τὴν

2126 5803 2375 5875 ἔρευναν,
2400 5806 2491 5859 τὸν
2541 5807 2884 5878 ἐκλογισμόν.
2934 5809 3194 5878 Ἀρχεται
3224 5806 3281 5860 δὲ
3330 5807 3546 5877 πρῶτον
3578 5802 3681 5859 ἀπὸ
