3986 6592
284 388 394 455 569

1358 390 1743 472 COMMENT.
1775 394 1858 455 IN
1891 394 2127 464 EPIST.
2156 395 2185 454 Ι
2225 394 2286 456 S.
2318 393 2568 455 PETRI.

3446 392 3557 457 570

282 501 382 554 τοῦ
413 499 568 553 οίκου
600 499 694 554 τοῦ
725 500 887 555 Θεοῦ.
921 500 1081 555 Κατὰ
1124 501 1233 575 γὰρ
1274 504 1362 557 τὸν
1397 504 1665 575 ἡμέτερον
1699 504 1873 574 μέγαν

1994 508 2237 562 .ationem
2257 546 2273 569 .
2308 507 2706 562 discussionem
2744 504 2811 561 ad
2840 504 3153 574 eligendum
3186 504 3330 576 quod
3364 507 3561 561 melius

284 592 596 658 Βασίλειον,
638 593 887 662 φυσικῶς
937 595 1049 658 τοῖς
1103 595 1457 661 οἰκειοτάτοις
1504 596 1664 668 ἡμῶν
1711 597 1874 668 χαλε-

284 682 584 751 παίνομεν,
624 683 752 735 ὅταν
782 685 862 747 εἰς
896 684 1043 753 ἡμᾶς
1074 683 1542 755 ἐξαμαρτάνωσιν.
1596 688 1878 741 Οίκειότα-

284 790 371 826 τοι
410 774 469 827 δὲ
508 774 590 845 τῷ
634 774 751 838 Θεῷ
790 776 890 828 οὐκ
946 775 1096 829 ἄλλοι
1147 776 1178 846 ῆ
1212 778 1259 830 oi
1307 777 1490 831 πιστοὶ
1539 781 1588 831 oi
1621 780 1875 849 συμπλη-

289 864 514 933 ροῦ·.τες
560 865 655 918 τοῦ
689 866 823 919 θεοῦ
880 867 970 919 τὸν
1019 863 1189 926 οἷκον,
1226 867 1345 938 ἤτοι
1381 868 1478 937 τὴν
1524 870 1872 939 Ἐκκλησίαν.

288 954 386 1007 Διὸ
444 956 539 1008 καὶ
587 957 615 1007 6
662 956 852 1027 Σωτὴρ
906 955 1112 1019 ἔλεγεν·
1172 978 1190 1009 ι
1219 957 1370 1029 Ἐρεῖ
1425 960 1641 1030 πρῶτον
1670 963 1781 1023 τοῖς
1813 963 1877 1013 ὲκ

288 1046 507 1111 δεξιῶν.
555 1069 571 1097 ι
616 1048 805 1116 Κρῖμα
852 1050 907 1101 δὲ
936 1049 1173 1103 ἐνταῦθα
1225 1050 1308 1103 τὸν,
1342 1052 1601 1122 ἑτασμὸν,
1641 1054 1738 1116 τὰς
1767 1053 1879 1106 θλί-

289 1137 414 1204 ψεις
459 1137 611 1202 λέγει
658 1138 756 1200 τὰς
809 1139 915 1191 ἀπὸ
962 1139 1071 1191 τῶν
1109 1139 1321 1192 ἀσεϐῶν
1347 1143 1726 1211 ἐπενεχθείσας
1766 1145 1878 1207 τοῖς

292 1233 530 1292 πιστοῖς.
565 1224 664 1282 Ὧν
694 1233 788 1284 καὶ
822 1234 849 1284 6
885 1231 1087 1302 Κύριος
1124 1234 1569 1305 προκατήγγειλε
1597 1237 1695 1305 τὴν
1739 1237 1877 1289 ἐπα-

290 1323 486 1393 γωγὴν
529 1324 787 1393 εἰρηκώς.
856 1344 874 1376 ι
934 1325 1354 1393 Παραδώσουσιν
1405 1328 1547 1398 ὑμᾶς
1599 1331 1679 1391 εἰς
1748 1345 1878 1382 συν-

292 1412 471 1481 έδρια,
504 1431 522 1462 ι
565 1414 660 1466 καὶ
690 1478 695 1483 η
725 1413 871 1479 ἑξῆς.
916 1411 1067 1479 Εἶτα,
1132 1414 1320 1487 ὥσπερ
1382 1418 1879 1487 παραμυθούμενος
1925 1446 1928 1449 λ

292 1506 495 1567 αὐτοὺς
524 1504 799 1574 ἐπιτέρειο
830 1505 892 1557 Ei
918 1504 1012 1560 οῦν
1040 1506 1068 1558 ὑ
1078 1506 1196 1576 μῶν
1226 1506 1401 1569 οὕτως
1427 1507 1577 1573 αὐτῷ
1609 1508 1879 1561 οἰκειοτά-

291 1615 404 1651 των
441 1597 615 1651 ὄντων
665 1597 726 1652 οὐ
762 1598 1025 1665 φείδεται,
1077 1600 1366 1670 ἐννοήσατε
1410 1598 1463 1652 τί
1513 1599 1669 1653 ἔσται
1726 1598 1879 1663 τέλος

292 1693 408 1752 τοῖς
437 1690 683 1747 ἀσεϐέσι.
718 1693 829 1745 Καὶ
866 1691 1149 1746 πιστοῦται
1183 1691 1338 1745 τοῦτο
1364 1690 1473 1747 ἀπὸ
1505 1691 1603 1762 τῆς
1631 1690 1877 1761 Γραφῆς,

301 1800 323 1835 ι
366 1783 430 1835 Ei
461 1782 489 1834 6
520 1782 753 1849 δίκαιος,
805 1782 1098 1851 λεγούσης,
1150 1782 1305 1852 μόλις
1335 1781 1589 1847 σώζεται,
1623 1785 1649 1835 6
1675 1781 1879 1853 ἀσεϐὴς

297 1875 393 1927 καὶ
418 1872 745 1943 ἁμαρτωλὸς
791 1872 894 1926 ποῦ
943 1875 1226 1941 φανεῖται;
1261 1891 1279 1925 ι
1316 1870 1570 1926 Τοιοῦτον
1599 1870 1656 1925 δὲ
1685 1871 1744 1925 1:6
1772 1869 1880 1924 ἀπὸ

297 1961 400 2036 τῆς
430 1965 658 2034 Γραφῆς
705 1960 957 2035 βούλεται
1005 1964 1317 2035 σημαίνειν·
1351 1964 1412 2017 El
1440 1966 1467 2017 6
1493 1963 1700 2027 δίκαιος
1726 1962 1883 2033 κόπῳ

300 2057 399 2109 καὶ
432 2055 622 2126 μόχθῳ
643 2058 741 2122 τῆς
767 2054 1046 2127 σωτηρίας
1074 2054 1333 2124 τυγχάνει
1352 2054 1570 2125 (βιαστὴ
1595 2055 1705 2126 γάρ
1733 2055 1883 2106 ἐστιν

300 2147 333 2215 ἡ
365 2145 618 2217 βασιλεία
646 2144 741 2198 τοῦ
772 2144 931 2209 Θεοῦ,
979 2146 1075 2199 καὶ
1133 2145 1221 2199 διὰ
1274 2144 1487 2198 πολλῶν
1523 2144 1756 2214 Θλίψεων
1802 2143 1884 2209 τίς

300 2238 476 2305 αὐτῆς
509 2235 815 2305 τυγχάνει),
865 2237 914 2289 οἱ
956 2237 1143 2291 ἄνετον
1193 2234 1305 2305 βίον
1332 2235 1425 2288 καὶ
1483 2232 1884 2288 ἀπολαυστικὸν

301 2326 532 2390 ζῶντες,
580 2325 740 2379 τίνων
784 2322 1103 2391 τεύξονταις
1147 2324 1306 2379 Κατὰ
1360 2324 1451 2376 τδν
1508 2323 1770 2392 μέλλοντα
1828 2324 1885 2377 δὲ

300 2416 478 2471 αίῶνα
518 2416 580 2469 τὸ
620 2416 749 2485 περὶ
783 2416 890 2468 τῶν
922 2415 1135 2468 ἀσεὸῶν
1166 2415 1484 2471 ἀκουστέον.
1512 2416 1683 2468 ’Ὥστε
1720 2415 1885 2485 φησιν

301 2511 349 2563 εί
374 2509 521 2562 τοῦτ’
553 2507 688 2567 ἔστι.
717 2506 805 2561 διὰ
830 2507 989 2560 τοῦτο
1012 2508 1106 2561 καὶ
1134 2508 1295 2578 ἡμεῖς
1328 2508 1630 2577 πάσχοντες
1659 2507 1798 2559 κατὰ
1826 2505 1886 2560 τὸ

301 2601 520 2669 θέλημα
550 2599 645 2653 τοῦ
695 2598 854 2665 Θεοῦ,
912 2599 989 2671 μὴ
1041 2598 1405 2672 ῥᾳθυμῶμεν,
1452 2599 1568 2652 ἀλλ’
1600 2599 1674 2662 ὡς
1706 2598 1885 2668 πιστῷ

300 2696 499 2768 κτίστῃ
544 2693 975 2766 παρατιθώμεθα
1013 2696 1109 2759 τὰς
1148 2694 1323 2765 ψυχὰς
1374 2692 1581 2747 ἑαυτῶν
1635 2694 1692 2746 έν
1751 2693 1888 2760 ἀγα-

304 2788 524 2858 θοποίᾳ.
562 2786 721 2840 Κατὰ
761 2786 822 2840 τὸ
856 2787 1070 2859 θέλημα
1111 2786 1169 2840 δὲ
1218 2786 1313 2840 τοῦ
1343 2785 1479 2840 Θεοῦ
1519 2780 1694 2849 εἶπεν,
1740 2784 1773 2854 ἧ
1806 2784 1887 2836 ὃτι

304 2879 404 2932 οὐκ
436 2878 546 2943 ἔξω
578 2878 677 2947 τῆς
730 2876 823 2931 τοῦ
878 2876 1016 2931 Θεοῦ
1048 2878 1309 2948 προνοίας
1336 2877 1403 2930 τὰ
1443 2876 1690 2946 ἡμέτερα
1716 2874 1886 2943 πάθη,

303 2972 506 3040 δηλῶν,
544 2968 663 3023 ἀλλ’
709 2965 824 3024 οἷον
862 2970 1109 3040 δοκίμιον
1158 2970 1331 3023 ταῦτα
1365 2969 1458 3021 ὑπ’
1513 2966 1721 3020 ἐκείνου
1754 2968 1889 3035 ἡμῖν

306 3063 774 3135 βραδευὸμενα,ἢ
830 3063 912 3116 ὅτι
968 3063 1044 3126 ὡς
1097 3063 1237 3133 ὑπὲρ
1289 3061 1383 3114 τοῦ
1438 3060 1741 3130 θελήματος
1793 3057 1887 3110 τοῦ

1978 609 2080 654 est.
2134 600 2327 671 lncipit
2365 609 2546 655 autem
2593 601 2826 670 primmn
2861 613 2888 651 a
2923 598 3085 654 domo
3126 599 3242 663 Dei,
3269 598 3552 668 quoniam.

1974 690 2128 759 juxta
2171 700 2417 745 nostrum
2466 706 2719 761 magnum
2773 690 3055 755 Basilium,
3102 691 3420 745 naturaliter
3475 689 3561 745 his

1977 783 2072 852 qui
2090 782 2248 837 nobis
2276 781 2680 837 familiarissimi
2705 791 2830 835 sunt
2853 782 3020 853 magis
3048 781 3415 851 indignamur,
3435 795 3558 834 cum

1981 876 2035 928 in
2069 890 2171 928 nos
2205 875 2554 944 peccaverint
2588 892 2600 927 :
2637 873 2747 928 Deo
2772 883 2952 927 autem
2983 889 3092 927 non
3128 873 3216 926 alii
3249 871 3564 926 familiario-

1980 980 2068 1019 res
2086 973 2388 1034 suntquam
2414 964 2620 1027 ﬁdeles,
2644 964 2735 1032 qui
2765 965 3043 1023 complent
3065 963 3285 1015 domum
3313 959 3564 1025 l)ei,sivo

1980 1053 2298 1107 Ecclesiam.
2343 1053 2472 1107 ldeo
2508 1070 2725 1122 quoque
2753 1053 2966 1106 dicebat
3008 1052 3299 1105 Salvator:
3348 1068 3366 1100 ι
3414 1049 3564 1104 Dicet

1981 1145 2214 1214 primum
2251 1145 2334 1197 his
2353 1144 2442 1212 qui
2479 1160 2507 1197 a
2539 1144 2741 1197 dextris
2765 1155 2926 1198 erunt
2943 1145 3007 1197 ⁸⁸.
3046 1165 3063 1195 ο
3089 1141 3562 1196 Judiciumantem

1982 1234 2087 1289 hoc
2124 1232 2241 1287 loco
2289 1234 2415 1287 dicit
2459 1234 2952 1295 exanimationem,
3002 1248 3200 1301 nempe
3244 1230 3565 1285 alllictiones

1981 1344 2101 1397 qua:
2129 1328 2199 1382 ab
2229 1327 2406 1396 impiis
2443 1327 3056 1382 inducunturlidelilius
3086 1351 3098 1379 ;
3138 1341 3368 1395 quarum
3401 1322 3563 1377 etiam

1983 1419 2351 1473 inductionem
2400 1418 2799 1487 praenuntiabat
2848 1417 3108 1471 Dominus
3143 1432 3266 1468 cum
3312 1415 3561 1468 diceret:

1989 1530 2006 1563 ι
2041 1511 2280 1564 Tradent
2331 1524 2429 1563 vos
2473 1510 2538 1563 ad
2569 1509 2798 1563 concilia
2826 1509 2894 1573 ι’,
2929 1526 2948 1557 ι
3003 1516 3110 1561 etc.
3179 1505 3381 1560 Deinde
3410 1502 3566 1573 quasi

1982 1598 2316 1654 consolando
2378 1612 2473 1651 eos
2498 1597 2775 1667 subjungit
2806 1613 2822 1650 :
2881 1595 2937 1648 Si
2961 1610 3090 1665 ergo
3120 1593 3278 1649 nobis
3300 1593 3388 1661 qui
3429 1590 3567 1645 adeo

1984 1689 2279 1744 familiares
2312 1688 2414 1758 ipsi
2454 1703 2645 1742 sumus
2678 1703 2787 1740 non
2833 1686 3041 1756 parcit,
3073 1685 3415 1740 considerate
3446 1681 3568 1751 quis

1983 1785 2199 1838 futurus
2229 1784 2299 1838 sit
2329 1784 2449 1836 ﬁnis
2476 1783 2675 1853 impiis.
2702 1781 3069 1836 Etconlirmat
3097 1781 3197 1833 hoc
3226 1796 3258 1834 a
3287 1778 3568 1847 Scriptura
3592 1826 3595 1831 .

1983 1893 2103 1948 quae
2131 1876 2299 1931 dicit:
2341 1895 2359 1926 ι
2400 1874 2454 1927 Si
2475 1878 2654 1945 justus
2683 1875 2770 1926 vix
2794 1872 2977 1925 salvus
3002 1869 3252 1935 efﬁcitur,
3286 1867 3486 1938 impius
3512 1874 3571 1920 et

1984 1977 2239 2038 peccator
2262 1968 2349 2021 ubi
2380 1964 2781 2035 comparcliit"
2811 1962 2834 2015 ?
2871 1982 2891 2015 ι
2929 1960 3251 2030 Hujusmodi
3280 1969 3460 2013 autem
3484 1964 3571 2011 est

1984 2061 2131 2132 quod
2167 2076 2195 2114 a
2229 2059 2508 2129 Scriptura
2530 2056 2839 2128 signiﬁcare
2872 2055 2982 2109 vult
3016 2071 3031 2109 :
3070 2052 3123 2107 Si
3159 2053 3342 2121 justus
3366 2065 3462 2119 per
3489 2048 3572 2102 lac

1985 2155 2172 2209 borem
2210 2162 2267 2207 et
2298 2151 2643 2206 aliliclioncm
2670 2146 3024 2216 consequitur
3049 2145 3279 2199 salutem
3308 2140 3571 2211 (violente

1987 2245 2130 2300 enim
2170 2243 2384 2311 capitur
2432 2255 2657 2312 regnum
2715 2238 2975 2293 caelorum
3007 2236 3074 2296 ⁷⁸,
3126 2242 3180 2286 et
3227 2247 3325 2302 per
3375 2230 3573 2283 multas

1985 2334 2585 2405 alllictionesquispiam
2610 2332 2784 2402 ipsum
2807 2327 3159 2396 consequitur
3179 2325 3273 2393 "),
3292 2322 3383 2391 qni
3404 2321 3571 2375 vitam

1986 2428 2305 2483 dissolutam
2324 2440 2387 2479 ac
2406 2423 2784 2492 voluptuosam
2817 2421 3040 2488 degunt,
3071 2414 3203 2485 quid
3233 2425 3573 2478 consequen-

1988 2518 2128 2575 tur?
2179 2514 2591 2585 Intelligendum
2642 2520 2726 2567 est
2773 2517 2954 2563 autem
3012 2507 3067 2560 in
3128 2504 3312 2558 futuro
3368 2500 3573 2554 sacculo

1985 2617 2249 2680 quantum
2283 2606 2350 2661 ad
2385 2605 2437 2659 id
2472 2603 2615 2674 quod
2661 2600 2856 2669 impios
2895 2594 3197 2651 concernit.
3254 2590 3485 2644 Proinde
3525 2586 3569 2641 si

1988 2703 2091 2756 hoc
2135 2700 2207 2755 ita
2249 2707 2351 2763 est,
2390 2695 2587 2766 inquit,
2623 2701 2845 2763 pr0pter
2887 2690 2992 2743 hoc
3032 2697 3087 2742 et
3127 2700 3229 2740 nos
3280 2682 3573 2754 allligimnr

1984 2798 2139 2866 juxta
2162 2793 2497 2849 voluntatem
2537 2788 2650 2851 Dei,
2680 2801 2750 2839 ne
2775 2796 2972 2854 segnes
2998 2779 3321 2839 elﬁciamur,
3338 2774 3433 2829 sed
3454 2782 3574 2827 tan-

1987 2904 2149 2959 quam
2200 2886 2343 2956 apud
2388 2884 2557 2938 ﬁdum
2605 2880 2944 2936 conditorem
2990 2876 3326 2945 deponamus
3364 2869 3573 2923 animas

1988 2986 2205 3034 nostras
2230 2974 2644 3031 benefaciendo.
2668 2969 2811 3023 Dixit
2835 2976 3017 3022 autem
3045 2964 3206 3019 Juxta
3233 2962 3569 3015 voluntatem

1992 3069 2105 3132 Dei,
2137 3076 2229 3122 aut
2264 3066 2579 3137 signiﬁcans
2605 3060 2751 3131 quod
2779 3073 2889 3113 non
2920 3055 3039 3110 sine
3063 3053 3246 3109 divina
3277 3049 3571 3120 providen-

304 3157 440 3210 Θεοῦ
468 3158 794 3225 πάσχοντες,
831 3154 981 3227 αὑτῷ
1011 3154 1436 3227 παραχωρῶμεν
1467 3155 1559 3207 καὶ
1591 3152 1687 3224 τὴν
1718 3150 1873 3204 €7.60:-

1995 3158 2065 3212 tia
2099 3158 2210 3212 sint
2244 3163 2441 3211 nostra:
2468 3152 2810 3223 amictiones,
2847 3147 2942 3202 sed
2971 3154 3227 3212 tanquam
3269 3138 3573 3211 exploratio

306 3266 414 3302 σιν.
434 3247 634 3310 Πιστὸς
664 3248 776 3318 γᾶρ
801 3240 979 3310 οὗτος,
1005 3248 1309 3308 τουτέστιν,
1337 3244 1581 3315 ἀσφαλὴς
1598 3244 1690 3298 xui.
1721 3242 1890 3313 ἀψευ-

306 3343 404 3413 δὴς
435 3340 581 3393 κατὰ
598 3339 695 3404 τὰς
722 3338 1056 3407 ἐπαγγελίας
1076 3338 1272 3405 αὐτοῦ,
1306 3339 1400 3391 καὶ⁵
1426 3338 1531 3391 οὐκ·
1551 3338 1710 3391 ἐᾶσαι
1743 3335 1889 3405 ἡμᾶς

306 3433 673 3502 πειρασθῆναι
697 3431 838 3503 ὑπὲρ
877 3431 905 3484 ὃ
937 3431 1237 3502 δυνάμεθα.
1270 3432 1393 3495 Πῶς
1428 3430 1483 3483 δὲ
1517 3431 1599 3483 δεῖ
1636 3428 1757 3499 Θεῷ
1793 3445 1894 3481 πα-

310 3522 591 3594 ρατιθέναι
619 3524 811 3578 ἑαυτὸν
836 3524 958 3591 ;Ἐν
979 3523 1326 3595 ἀγαθοποιτᾳ,
1355 3523 1507 3592 φησι.
1538 3522 1602 3575 Τί
1622 3522 1678 3575 δὲ
1699 3521 1887 3587 τοῦτο;

310 3618 385 3669 T6
416 3620 475 3669 ὲν
507 3605 986 3689 ταπεινοφροσύνῃ
1019 3616 1336 3670 ἀνατιθέναι
1373 3616 1586 3679 ἑαυτὸν,
1637 3613 1711 3686 μὴ
1748 3615 1890 3685 μέγα

311 3710 398 3777 ἐφ’
426 3704 510 3771 οἷς
537 3709 739 3779 πάσχει
783 3726 869 3771 τις
931 3708 1166 3780 φρονῶν,
1220 3707 1337 3760 ἀλλ’
1386 3710 1495 3777 ὅσῳ
1530 3708 1701 3777 μείζω
1742 3707 1893 3760 δοκεί

314 3799 566 3869 πάσχειν,
596 3796 835 3870 τοσούτῳ
874 3799 965 3852 τοῦ
1004 3801 1221 3870 ἀχρεῖον
1251 3797 1560 3868 λογίζεσθαι
1590 3798 1783 3852 ἑαυτὸν
1817 3788 1893 3868 μῆ

311 3888 704 3956 ἀφιστάμενος,
762 3890 857 3943 καὶ
913 3890 994 3955 τὸ,
1034 3909 1050 3939 ι
1096 3889 1313 3954 Δίκαιος
1368 3885 1421 3943 εἶ
1468 3890 1562 3942 ἐπὶ
1616 3891 1781 3943 πᾶσιν
1810 3884 1893 3951 οἷς

318 3985 587 4054 ἐποίησας
620 3987 773 4056 ἡμῖν,
809 3985 1100 4056 ἐπιλέγων.
1160 4006 1179 4039 ι
1229 3984 1456 4054 Ἀσεὸὴς
1483 3982 1538 4035 δὲ
1585 3985 1679 4036 καὶ
1714 3995 1893 4053 αμαρ-

311 4076 482 4139 τωλὸς
534 4077 710 4150 ταύτῃ
745 4077 1129 4147 διαφέρουσιν.
1174 4076 1399 4146 Ἀσεὸὴς
1445 4075 1545 4146 μὲν
1572 4074 1682 4145 γὰρ
1719 4072 1748 4123 6
1788 4072 1893 4137 ἔξω

315 4168 493 4238 πάντη
547 4167 702 4234 Θεοῦ,
739 4169 1063 4239 ἁμαρτωλὸς
1112 4169 1170 4221 δὲ
1218 4170 1245 4221 6
1290 4166 1426 4220 Θεοῦ
1461 4166 1559 4236 μὲν
1592 4166 1714 4218 ὅσον
1743 4165 1806 4236 δή
1839 4183 1891 4218 τι

316 4260 700 4330 ἀντεχόμενος,
742 4260 917 4323 ἄλλως
941 4260 999 4314 δὲ
1029 4258 1387 4330 καταφρονῶν
1416 4260 1510 4312 καὶ
1541 4258 1894 4328 παραϐαίνων

316 4352 507 4415 αὐτοῦ,
538 4352 666 4416 τοὺς
707 4353 930 4423 νόμους.
977 4351 1208 4407 Δύναται
1237 4351 1295 4405 δὲ
1326 4354 1354 4404 6
1378 4350 1538 4415 αὐτὸς
1570 4352 1665 4405 καὶ
1693 4350 1895 4422 ἀσείὴς

316 4446 409 4499 καὶ
442 4445 767 4515 ἀμαρτωλδς
799 4441 960 4500 εἶναι.
1003 4443 1062 4498 '0
1096 4443 1205 4515 γὰρ
1237 4443 1348 4514 ,τὴν
1396 4443 1630 4514 ἀνομίαν
1658 4442 1892 4513 ἐργαζό-

1993 3249 2061 3304 ab
2090 3249 2181 3303 illo
2206 3246 2363 3302 nobis
2398 3245 2824 3313 dispensantur:
2862 3245 2957 3292 aut
2996 3234 3137 3305 quod
3189 3241 3441 3301 tanquam
3473 3243 3572 3283 vo-

1993 3341 2201 3396 luntate
2236 3337 2328 3392 Dei
2364 3335 2569 3396 amicti,
2609 3333 2710 3403 ipsi
2737 3331 3041 3386 tribuamus
3071 3336 3126 3382 et
3165 3332 3443 3380 eventum.
3478 3316 3576 3372 llic

1994 3446 2231 3501 namque
2267 3428 2441 3484 ﬁdelis
2470 3437 2573 3492 est,
2617 3425 2723 3480 hoc
2757 3433 2860 3485 cst,
2894 3433 3121 3476 securus
3154 3425 3211 3472 et
3252 3413 3341 3485 qui
3380 3410 3435 3464 in
3465 3407 3577 3463 suis

1995 3520 2445 3594 promissionibus
2470 3533 2579 3572 non
2602 3515 2864 3570 mentitur
2895 3532 2907 3566 :
2946 3525 3122 3580 neque
3151 3505 3432 3578 permittet
3467 3514 3569 3555 nos

1994 3591 2153 3684 amigi
2183 3630 2345 3684 supra
2378 3612 2429 3666 id
2461 3608 2602 3681 quod
2630 3621 2917 3677 possumus
2939 3604 3005 3656 ".
3048 3600 3167 3667 Quo
3199 3607 3382 3651 autem
3414 3591 3579 3648 modo

1994 3717 2211 3779 oportet
2234 3707 2472 3776 seipsum
2501 3702 2644 3773 apud
2679 3700 2846 3754 Deum
2876 3701 3147 3766 deponere
3171 3691 3194 3745 ?
3225 3688 3385 3761 522
3407 3687 3579 3779 Benef

1994 3777 2265 3866 faciendo,
2302 3799 2498 3868 inquit.
2530 3796 2672 3861 Quid
2706 3805 2886 3848 autem
2931 3788 3063 3844 illud
3094 3784 3224 3841 est?
3275 3783 3377 3836 Per
3413 3777 3578 3833 animi

1999 3892 2318 3950 modestiam
2344 3891 2584 3959 seipsum
2612 3888 2686 3940 illi
2705 3884 3069 3946 committere,
3101 3893 3210 3933 non
3233 3890 3292 3929 se
3317 3872 3585 3927 extollen-

1995 3986 2065 4041 do
2098 3985 2169 4039 ob
2194 3999 2259 4038 ea
2288 3996 2408 4051 qua:
2438 3979 2706 4049 quispiam
2726 3975 2931 4046 patitur
2959 3990 2975 4027 :
3012 3970 3106 4025 sed
3135 3976 3340 4038 quanto
3367 3963 3577 4030 majora

1994 4077 2105 4149 pati
2140 4076 2374 4138 videtur,
2418 4078 2569 4126 tanto
2604 4069 2812 4123 ﬁrmius
2854 4065 2927 4118 illi
2973 4063 3196 4120 luerent,
3245 4068 3303 4113 ut
3337 4057 3578 4123 seipsum

1996 4168 2269 4224 existimet
2291 4164 2537 4221 inutilem
2567 4170 2621 4215 et
2643 4160 2789 4214 dic:it
2821 4154 2973 4216 illud,
3017 4172 3034 4206 ι
3068 4151 3260 4228 Justus
3286 4163 3346 4201 es
3381 4148 3435 4199 in
3461 4159 3583 4198 om-

1998 4261 2161 4316 nibus
2183 4274 2305 4328 quae
2326 4254 2500 4311 fecisti
2525 4252 2682 4307 nobis
2711 4251 2780 4302 ⁷⁵.
2816 4267 2833 4299 ι
2871 4248 3041 4301 Porro
3076 4242 3275 4311 impius
3305 4248 3360 4293 et
3391 4249 3583 4307 pecca-

1998 4363 2084 4407 tor
2117 4327 2218 4406 hac
2237 4358 2391 4420 parte
2418 4345 2678 4400 differunt
2701 4358 2713 4394 :
2737 4337 3003 4410 siquidem
3030 4334 3230 4403 impius
3254 4338 3337 4385 est
3365 4327 3584 4398 penitus

1998 4467 2028 4506 a
2063 4452 2171 4504 Deo
2201 4448 2434 4509 alienus,
2467 4452 2721 4514 peccator
2752 4453 2883 4492 vero
2927 4434 3037 4488 Deo
3076 4430 3295 4501 quidem
3333 4426 3585 4494 aliquan-

319 4554 505 4606 μενος,
548 4539 765 4601 πάντως
792 4539 1003 4604 ἀσεϐεῖ,
1034 4538 1111 4609 μὴ
1136 4537 1229 4590 τὸν
1265 4536 1400 4591 Θεὸν
1430 4539 1489 4591 ὲν
1517 4537 1597 4609 τῷ
1642 4526 1889 4610 ἁμαρτά-

2003 4549 2115 4594 tnm
2148 4539 2340 4599 haeret.
2374 4534 2470 4590 sed
2502 4543 2757 4602 tanquam
2794 4535 3155 4605 contemnens
3182 4521 3409 4589 ejusque
3438 4516 3586 4587 leges

316 4645 425 4680 νειν
454 4624 595 4683 εἶναι
639 4630 1013 4702 λογιζόμενος.

2003 4631 2433 4703 transgrediens.
2463 4627 2652 4682 Potest
2681 4631 2864 4678 tamen
2893 4618 3039 4673 idem
3076 4622 3131 4671 et
3160 4611 3360 4684 impius
3387 4624 3508 4665 esse
3532 4616 3589 4663 et

316 4734 610 4797 peccator:
671 4743 799 4785 nam
850 4728 944 4800 qui
991 4727 1334 4800 iniquitatem
1392 4735 1669 4802 operatur,
1716 4728 1905 4802 utique
1944 4730 2109 4801 impie
2139 4728 2268 4800 agit,
2308 4726 2367 4783 in
2399 4739 2467 4781 eo
2493 4722 2639 4795 quod
2671 4724 2881 4791 peccat,
2913 4713 3085 4769 Deum
3115 4724 3229 4765 non
3289 4720 3411 4764 esse
3472 4702 3589 4760 exi-

315 4822 567 4879 stimans.

907 4940 1163 4995 ΚΕΦᾹΔ.
1218 4936 1273 4994 Z'

319 5053 686 5136 Παραίνεσις
743 5055 1162 5136 πρεσόξυτέρων
1202 5052 1375 5136 περὶ-
1399 5052 1739 5136 ἐπισκοπῆς
1793 5054 1901 5136 τοῦ

392 5118 695 5191 imprimi.
757 5118 861 5178 Ἐν
912 5118 962 5191 ᾧ
1023 5118 1157 5191 ,περὶ
1201 5118 1413 5192 κοινῆς
1457 5118 1729 5178 adv-rw?
1753 5124 1903 5192 πρὸς
1958 5164 1959 5167 η

388 5193 655 5264 ἕκαστον
674 5196 1260 5264 ταπεινοφροσύνης,
1291 5197 1377 5261 εις
1402 5195 1585 5262 νίκην
1607 5194 1725 5263 τὴν
1754 5194 1904 5250 κατὰ

391 5264 499 5318 τοῦ
539 5263 842 5319 διαϐόλου.

393 5378 847 5447 Πρεσϐυτέρους
883 5379 1025 5446 τοὺς
1058 5380 1130 5434 ἐν
1152 5378 1299 5449 ὑμῖν
1320 5377 1650 5448 παρακαλῶ
1683 5382 1717 5434 ό
1748 5394 1888 5448 συμο

321 5472 730 5541 πρεσϐύτερος
785 5470 885 5525 καὶ
924 5469 1159 5541 μάρτυς
1185 5470 1305 5525 τῶν
1348 5472 1457 5526 τοῦ
1490 5470 1751 5540 Χριστοῦ
1789 5485 1901 5523 πα-

323 5561 622 5631 θημάτων,
654 5564 689 5615 ό
712 5560 809 5616 καὶ
835 5561 945 5630 τῆς
972 5564 1328 5633 μελλούσης
1359 5562 1900 5618 ἀποκαλύπτεσθαι

321 5651 509 5721 δόξης
540 5652 845 5719 κοινωνός·
874 5653 1203 5723 ποιμάνατε
1238 5652 1306 5708 τὸ
1332 5654 1405 5709 ἐν
1446 5653 1590 5724 ὑμῖν
1620 5653 1901 5720 ποίμνιον

2603 4917 2831 4978 CAPUT
2872 4888 2995 4971 vn.

2000 5047 2303 5105 Admonitio
2333 5041 2757 5114 presbyterorum
2785 5038 2848 5114 de
2884 5050 3013 5088 cura
3045 5042 3119 5114 et_
3139 5029 3589 5114 visitationegre-

2181 5133 2198 5171 :
2225 5118 2277 5170 in
2312 5092 2598 5189 qrtto_etia!n
2626 5103 3119 5189 agit_de.com.muni
3144 5100 3375 5189 oninium
3405 5092 3587 5189 ,ιζιριξσ-

2071 5164 2193 5242 ῗίῖα
2224 5164 2636 5256 e'rg‘t'zvsiitgulos,
2662 5164 2750 5232 "ad
2788 5175 3062 5231 victoriam
3104 5178 3350 5225 adversus
3394 5164 3591 5220 Diabo-

2078 5259 2188 5313 lum
2216 5297 2230 5311 .

2077 5374 2142 5436 γ,
2175 5371 2291 5427 1-6.
2323 5368 2660 5437 Presbyteros
2684 5363 2774 5436 qui
2800 5370 2920 5418 sunt
2951 5361 3087 5414 inter
3104 5372 3191 5412 vos
3217 5354 3477 5412 exhortor,
3498 5348 3588 5419 qui

2006 5486 2124 5525 sum
2171 5476 2220 5522 et
2260 5468 2370 5535 ipse.
2413 5462 2682 5533 presbyter
2726 5473 2790 5511 ac
2825 5455 2969 5509 testis
3002 5450 3335 5523 aﬁlictionum
3369 5441 3586 5503 Christi,

2008 5573 2166 5631 atque
2203 5533 2338 5613 idem
2378 5570 2588 5610 consors
2621 5551 2805 5624 gloria:
2837 5562 2955 5619 qua:
2994 5540 3309 5599 revelabitur
3338 5551 3356 5590 :
3391 5533 3589 5631 pascite

2009 5624 2269 5725 quantum
2311 5651 2365 5704 in
2410 5647 2552 5703 vobis
2595 5652 2670 5700 est
2720 5655 2929 5714 gregem
2962 5632 3175 5699 Christi,
3216 5643 3399 5683 curam
3444 5624 3587 5680 illius

394 5787 442 5821 ⁸⁸
472 5785 666 5842 llatth.
689 5802 817 5851 xxv,
847 5786 943 5842 36.
1019 5787 1064 5820 “
1081 5786 1270 5845 Matth.
1296 5804 1352 5854 x,
1394 5787 1476 5844 l7.
1552 5786 1598 5821 "
1628 5785 1790 5842 Prov.
1832 5801 1909 5854 xt,
1942 5784 2033 5841 3i.
2109 5784 2151 5816 "
2186 5782 2379 5839 Matth.
2421 5796 2494 5846 xi,
2537 5778 2618 5834 l2.
2695 5776 2879 5830 "Act.
2916 5785 3038 5831 xw.
3084 5763 3176 5820 3'.
3251 5761 3297 5795 ⁷⁸
3327 5757 3492 5814 Ιῧοτο
3524 5774 3584 5824 ιι

332 5857 425 5920 l3.
498 5859 545 5891 "
574 5858 709 5913 Dan.
741 5872 805 5923 ιι,
844 5857 931 5913 14.
996 5884 1003 5889 ~
