3850 6606
432 403 534 470 571

1510 408 1906 470 CECUMENII
1944 410 2236 471 TRICCE
2273 414 2614 474 EPISCOPI

3547 431 3630 499 572

429 533 641 596 agentes
676 540 777 578 non
811 534 1010 592 coacte,
1051 527 1140 581 sed
1181 525 1407 581 volentes
1440 544 1452 581 :
1496 542 1598 579 non
1631 526 1854 595 turpiter
1883 527 2011 597 απε-

2122 527 2222 581 τοῦ
2266 529 2524 598 Χριστοῦ
2546 569 2562 593 ,
2614 528 3093 598 ἐπισκοποῦντες
3142 532 3229 606 μὴ
3276 536 3630 619 ἀναγκαστῶς,

430 623 629 669 stantes
653 615 876 678 lucrum,
897 617 988 671 sed
1007 633 1259 686 propenso
1281 617 1457 671 animo
1489 633 1507 671 :
1540 633 1703 688 neque
1727 632 1819 672 ceu
1842 618 2017 671 domi-

429 710 577 764 nium
628 718 922 763 exercentes
973 709 1219 763 adversus
1284 708 1490 763 rleros:
1539 709 1630 762 sed
1665 710 1742 763 sic
1794 717 1850 762 ut
1899 709 2016 763 sitis

429 803 754 873 exemplaria
782 804 972 874 gregis.
1000 800 1211 855 Etcum
1232 802 1541 871 apparuerit
1574 811 1847 870 pastorum
1869 802 2016 870 prin-

430 912 568 966 ceps,
600 895 936 967 reportabitis
978 892 1464 948 immarcessibilem
1510 894 1694 964 gloria!
1743 909 2011 947 coronam.

431 986 712 1053 Similiter,
744 986 1010 1055 juniores,
1059 983 1257 1038 subditi
1286 993 1445 1038 estote
1468 984 1759 1039 senioribus
1785 1024 1799 1046 ,
1842 985 1920 1038 sic
1957 993 2013 1037 ut

430 1097 608 1134 omnes
643 1079 781 1133 alius
826 1076 921 1131 alii
956 1062 1201 1130 vicissim
1226 1076 1609 1146 subjiciamini.
1641 1077 2010 1131 Humilitatem

431 1172 597 1225 animi
635 1170 775 1224 vobis
828 1170 1051 1232 induite,
1098 1176 1373 1237 propterea
1427 1170 1567 1237 quod
1595 1168 1731 1222 Deus
1778 1168 2013 1236 superbis

431 1261 645 1324 resistit,
681 1259 969 1313 humilibus
1004 1268 1181 1312 autem
1220 1259 1313 1311 dat
1349 1258 1601 1329 gratiam.
1645 1258 2013 1313 Humiliemini

430 1354 592 1424 igitur
611 1351 705 1404 sub
730 1351 929 1417 potenti
958 1365 1121 1404 manu
1147 1348 1243 1402 Dei
1478 1406 1543 1429 κ

502 1530 662 1603 523
693 1532 828 1587 Cum
848 1532 915 1586 de
945 1531 1111 1589 animi
1142 1530 1405 1585 modestia
1432 1529 1696 1584 disserere
1722 1537 2009 1598 proponat,

431 1639 591 1694 quam
621 1624 783 1678 etiam
810 1623 985 1678 obiter
1007 1621 1181 1692 tetigit
1205 1621 1333 1676 dum
1360 1620 1566 1675 diceret
1593 1618 2007 1686 Benet’aciendo,

432 1725 489 1773 et
525 1732 673 1771 nunc
718 1717 959 1786 seipsum
996 1729 1197 1770 vocans
1234 1712 1764 1785 sympresbyterum,
1807 1711 1861 1766 id
1902 1720 2009 1776 est,

434 1809 597 1865 simul
633 1818 687 1864 et
723 1823 831 1863 una
863 1807 1257 1878 presbyterum.
1300 1805 1403 1859 Per
1431 1805 1534 1859 hoc
1566 1813 1746 1859 autem
1777 1805 1893 1874 ipse
1922 1804 2007 1859 vel

434 1911 648 1959 aetatem
679 1903 947 1975 designat.
976 1900 1062 1956 vel
1094 1900 1333 1971 episcopi
1360 1901 1642 1954 honorem.
1674 1896 1831 1964 Quod
1860 1898 2004 1952 enim
2032 1889 2081 1950 B

434 2002 491 2050 et
531 1995 772 2065 episcopi
821 1995 1073 2049 dicantur
1110 1991 1407 2063 presbyteri
1452 1991 1603 2045 novit
1667 1999 1721 2045 et
1754 1989 2012 2044 Actorum

434 2084 575 2141 liber
598 2087 663 2138 ⁷⁸.
696 2084 901 2140 Deinde
926 2084 1113 2140 volens
1128 2083 1210 2138 sui
1240 2080 1591 2138 eminentiam
1617 2080 2012 2146 demonstrare,

437 2186 493 2231 et
520 2176 662 2246 quod
698 2176 977 2231 modestia:
1013 2189 1175 2229 causa
1208 2174 1448 2243 seipsum
1482 2181 1637 2227 vocet
1671 2174 2014 2244 sympresby-

435 2274 632 2330 terum,
653 2265 930 2336 snbjungit
958 2280 1110 2320 suam
1140 2264 1490 2335 dignitatem:
1513 2284 1530 2315 ι
1565 2263 1741 2318 Testis
1770 2263 2017 2319 atllictio-

436 2374 571 2414 num
603 2359 802 2414 Christi
832 2377 845 2413 :
892 2377 910 2410 ι
959 2357 1066 2412 hoc
1101 2373 1198 2428 per
1221 2358 1322 2412 ista
1353 2357 1660 2428 signiﬁcare
1687 2357 1877 2413 volens
1912 2374 1925 2411 :
1960 2356 2015 2411 Si

438 2466 535 2521 ego
575 2452 664 2521 qui
705 2451 893 2505 talium
937 2449 1199 2505 visionem
1228 2450 1381 2505 vobis
1414 2449 1684 2519 interpres
1718 2464 1837 2503 sum
1858 2488 1872 2514 ,
1904 2465 2015 2505 non

437 2543 702 2614 dedignor
720 2543 983 2612 meipsum
1006 2542 1277 2611 appellare
1303 2543 1819 2614 sympresbyterum,
1840 2560 2016 2615 neque

438 2648 536 2687 vos
553 2632 643 2703 qui
665 2633 801 2704 justi
829 2632 962 2688 estis
988 2633 1320 2687 extollamini
1348 2635 1610 2691 adversus
1626 2650 1720 2691 eos
1744 2639 1835 2706 qui
1863 2638 2016 2693 vobis

439 2723 730 2779 inferiores
774 2729 920 2778 sunt.
973 2722 1266 2794 Propterea
1322 2734 1502 2779 autem
1561 2726 1809 2781 Christus
1854 2728 2017 2798 hujus

440 2825 745 2888 praeceptor
772 2815 1093 2870 modestiam
1122 2816 1369 2872 docendo
1400 2818 1474 2872 ita
1507 2820 1822 2888 pronuntiat
1854 2836 1869 2874 :
1906 2840 1925 2872 ι
1960 2821 2014 2874 Si

440 2922 570 2976 ergo
585 2922 685 2977 ego
702 2906 806 2961 lavi
832 2914 1039 2961 vestros
1067 2908 1237 2977 pedes
1265 2908 1527 2963 Dominus
1545 2924 1607 2963 ac
1632 2909 1965 2980 magister".
1991 2930 2010 2963 ι

436 2997 601 3053 Addit
633 3008 835 3060 autem,
876 3017 893 3050 ι
924 2997 1163 3053 Consors
1193 2999 1375 3070 gloria:
1398 3016 1517 3070 quae
1548 3001 1928 3063 revelabitur.»
1957 3010 2017 3058 ut

438 3088 780 3143 demonstret
806 3088 1084 3144 modestiae
1108 3090 1272 3144 animi
1309 3091 1681 3146 excellentiam
1710 3110 1723 3146 :
1759 3094 2018 3163 quemad-

438 3179 659 3234 modum
687 3187 741 3234 et
770 3180 968 3235 Paulus
997 3181 1127 3236 dicit
1160 3198 1173 3234 :
1201 3200 1220 3232 ‹
1253 3182 1389 3236 Cum
1422 3181 1671 3238 Christus
1705 3183 2017 3240 manifesta-

2118 620 2257 675 ἀλλ’
2287 623 2605 689 ἑκουσίως,
2642 622 2729 693 μὴ
2766 622 3229 693 αἰσχροκερδῶς,
3263 629 3415 685 ἀλλὰ
3452 646 3630 704 προθύ.

2114 728 2260 781 μως,
2284 712 2440 781 μηδὲ
2465 714 2546 780 ὡς
2575 715 3108 782 κατακυριεύοντες
3133 716 3249 772 τῶν
3284 721 3517 793 κλήρων,
3549 733 3631 788 ἀλ.

2116 803 2196 858 λὰ
2228 805 2404 859 τύποι
2441 807 2739 876 γινόμενοι
2788 808 2894 863 τοῦ
2933 810 3235 880 ποιμνίου.
3281 816 3381 867 Καὶ
3414 835 3630 891 parem-

2117 894 2326 961 θέντος
2378 896 2485 981 τοῦ
2542 897 2985 968 ἀρχιποιμένος,
3051 903 3346 971 κομιεῖσθε
3393 908 3487 961 τὸν
3518 913 3632 981 ἀμα-

2109 980 2529 1057 ράντινοντῆς
2557 988 2744 1058 δόξης
2779 989 3109 1060 στέφανον.
3142 990 3380 1063 Ὀμοίως
3401 980 3625 1073 νεώτεροι

2118 1079 2452 1149 ὑποτάγητε
2481 1083 2928 1151 πρεσϐυτέροις,
2962 1083 3183 1152 ,πάντες
3216 1089 3493 1161 ἀλλήλοις
3512 1099 3630 1153 ὑπο.

2115 1173 2504 1242 τασσόμενοι.
2583 1173 2704 1240 Τὴν
2759 1176 3323 1245 ταπεινοφροσύνην
3392 1181 3632 1253 mopso}.

2116 1269 2332 1329 σασθε,
2386 1264 2476 1319 ὅτι
2518 1269 2551 1320 ὀ
2606 1267 2749 1334 Θεὸς
2794 1268 3207 1338 ὑπερηφάνοις
3243 1271 3630 1346 ἀντιτάσσεται,

2114 1356 2420 1424 ταπεινοῖς
2479 1357 2549 1411 δὲ
2590 1357 2800 1413 δίδωσι
2846 1361 3043 1431 χάριν.
3125 1367 3500 1435 Ταπεινώθητε
3543 1370 3632 1429 οὖν

2113 1449 2234 1504 ὑπὸ
2264 1448 2382 1518 τὴν
2413 1454 2701 1521 κραταιὰν
2729 1453 2900 1522 χεῖρα
2928 1455 3035 1510 τοῦ
3077 1456 3245 1512 Θεοῦ.
3290 1458 3297 1464 ’

2184 1540 2321 1612 Περὶ
2367 1545 2871 1621 ταπεινοφροσύνης
2906 1547 3270 1617 προκειμένου
3298 1549 3447 1621 ⁸αὐτῷ
3482 1554 3630 1611 διαλα-

2114 1628 2248 1693 6εῖν,
2283 1631 2351 1702 ἦν
2380 1631 2476 1685 καὶ
2499 1620 2980 1704 προανεκρούσατο
3011 1634 3102 1686 Ἐν
3130 1620 3448 1708 ἀγαθοποιῖα
3474 1641 3628 1709 εἰπὼν,

2115 1722 2601 1793 συμπρεσϐύτερον
2631 1724 2822 1776 ἑαυτὸν
2845 1725 3037 1777 καλεῖ·
3064 1725 3345 1795 σημαίνειν
3361 1728 3414 1781 δὲ
3430 1730 3632 1800 βούλεται

2112 1812 2262 1883 αὐτῷ
2310 1812 2487 1878 τοῦτο,
2515 1813 2636 1885 ἦτοι
2664 1816 2762 1886 τὴν
2794 1815 3036 1886 ἡλικίαν,
3067 1815 3101 1885 ἥ
3133 1816 3230 1886 τὴν
3256 1816 3344 1870 τοῦ
3372 1819 3620 1878 ἐπισκόπου

2115 1888 2304 1976 τίμήν.
2339 1904 2747 1977 Πρεσὸυτέρους
2775 1908 2884 1977 γὰρ
2935 1908 3035 1962 καὶ
3078 1908 3207 1972 τοὺς
3236 1910 3536 1977 ἐπισκόπους
3561 1926 3633 1976 καὶ

2119 1994 2153 2064 ἠ
2189 1993 2297 2046 τῶν
2336 1994 2597 2065 Πράξεων
2632 1995 2813 2065 βίϐλος
2851 1992 2958 2050 οἶδε
3014 1997 3354 2068 λεγομένους.
3398 1995 3512 2056 Εἶτα
3535 2003 3633 2075 βου-

2117 2083 2343 2154 λόμενος
2397 2086 2458 2139 τὸ
2502 2086 2766 2158 ὑπερέχον
2814 2088 3009 2142 ἑαυτοῦ
3062 2092 3422 2163 παραστῆσαι,
3459 2098 3539 2149 καὶ
3571 2099 3633 2152 ὄτι

2116 2176 2620 2247 ταπεινοφροσύνης
2679 2176 2866 2231 ἕνεκεν
2957 2180 3434 2251 ωμπρεσὸύτερον
3482 2185 3634 2242 ἑαυτὸν

2117 2265 2286 2334 λέγει,
2324 2266 2519 2335 ὲπάγει
2549 2267 2610 2322 τὸ
2659 2267 2879 2338 ἀξίωμα
2907 2270 3128 2334 ἑαυτοῦ,
3163 2271 3243 2337 τδ,
3276 2290 3294 2324 ι
3329 2274 3529 2344 Μάρτυς
3548 2277 3634 2330 τῶν

2118 2358 2211 2412 τοῦ
2266 2359 2523 2430 Χριστοῦ’
2561 2362 2927 2430 παθημάτων,
2981 2381 3001 2415 ι
3037 2363 3197 2417 τοῦτο
3243 2363 3532 2435 βουλόμενος
3568 2368 3634 2424 διὰ

2117 2448 2319 2502 τούτων
2353 2449 2659 2519 σημαίνειν,
2690 2450 2773 2504 ὅτι
2810 2451 2877 2504 El
2912 2450 3027 2521 ἐγὼ
3075 2453 3105 2505 ὁ
3130 2451 3239 2505 τῶν
3277 2454 3510 2509 τοιούτων
3538 2454 3635 2509 Oea-

2120 2541 2307 2611 μάτων
2337 2541 2467 2611 ὑμῖν
2498 2542 2804 2613 ὑφηγητὴς,
2830 2543 2934 2596 οὐκ
2953 2540 3177 2609 ἀπαξιῶ
3207 2545 3635 2618 ωμπρεσόύτερον

2118 2632 2357 2703 ἐμαυτὸν
2406 2633 2611 2699 καλεῖν,
2654 2634 2776 2687 οὐδὲ
2813 2636 2974 2705 ὑμεῖς
3019 2635 3227 2689 δίκαιοι
3261 2638 3635 2708 κατεπαίρεσθαι

2117 2725 2227 2777 τῶν
2246 2725 2338 2794 ὑφ’
2373 2725 2518 2796 ὑμᾶς
2567 2724 2887 2780 τελούντων.
2920 2725 3019 2779 Διά
3055 2726 3214 2781 τοῦτο
3241 2726 3297 2780 δὲ
3341 2728 3367 2780 ὁ
3396 2729 3637 2797 Χριστὺςό

2066 2850 2083 2862 ς
2117 2815 2307 2868 τούτου
2364 2815 2688 2887 καθηγητὴς
2734 2816 3245 2891 ταπεινοφροσύνην
3298 2817 3549 2885 διδάσκων,
3572 2822 3636 2889 τδ,

2126 2928 2144 2960 ι
2204 2909 2267 2963 El
2314 2904 2411 2962 οὖν
2456 2909 2567 2979 ἐγὼ
2620 2910 2649 2962 ὁ
2685 2909 2888 2981 Κύριος
2943 2914 3041 2965 καὶ
3105 2913 3134 2966 δ
3180 2911 3474 2975 διδάσκαλος
3512 2912 3636 2983 ἔνιψα

2119 3001 2275 3071 ὑμῶν
2306 3001 2432 3065 τοὺς
2469 3002 2656 3066 πόδας,
2695 3021 2713 3053 ι
2758 3003 3090 3074 προσφέρει.
3139 3003 3213 3058 Τὸ
3248 3003 3323 3071 δὲ,
3362 3024 3380 3056 ι
3416 3006 3638 3068 Κοινωνὸς

2118 3091 2219 3160 τῆς
2254 3090 2557 3162 μελλούσης
2616 3092 3104 3149 ἀποκαλύπτεσθαι
3162 3094 3336 3165 δόξης,
3390 3114 3406 3147 ι
3458 3096 3640 3165 προστίο

2124 3184 2303 3255 θησιν,
2345 3184 2429 3238 ἵνα
2476 3186 2808 3257 παραστήσῃ
2856 3186 2917 3240 τὸ
2946 3187 3048 3257 τῆς
3075 3185 3545 3258 ταπεινοφροσύνης
3569 3185 3635 3253 iﬁ-

440 3280 529 3328 tus
549 3272 730 3337 fuerit,
750 3281 877 3329 tunc
909 3282 964 3328 et
993 3290 1093 3330 nos
1120 3274 1703 3331 manifestabimur".r
1742 3274 1909 3332 Porro
1932 3277 2018 3332 hic

2125 3277 2361 3347 αἰρετον,
2401 3277 2476 3341 ὡς
2520 3277 2615 3332 καὶ
2645 3255 2856 3343 Παῠλύς
2904 3255 3096 3349 φησιν,
3134 3300 3153 3331 ι
3190 3255 3352 3332 Ὅταν
3388 3280 3413 3332 ὁ
3450 3255 3639 3349 Χριστὸς

441 3380 784 3435 nequaquam
816 3375 1001 3420 coacte
1031 3377 1248 3436 pascet,
1295 3366 1387 3436 qui
1416 3367 1530 3421 suis
1565 3367 1793 3423 subditis
1821 3383 2020 3439 propo-

440 3473 582 3512 nens
615 3457 854 3528 seipsum
884 3460 1160 3530 exemplar
1180 3459 1338 3514 boum
1355 3460 1708 3530 operationis,
1725 3460 2020 3530 discipulos

442 3551 610 3609 habet
639 3570 699 3609 se
728 3563 917 3609 mutuo
947 3555 1236 3610 incitantes
1278 3556 1344 3610 ad
1387 3557 1787 3610 aemulationem
1820 3571 2023 3627 praece-

440 3647 618 3717 ptoris
639 3665 663 3702 .z
693 3646 882 3717 Neque
917 3650 1149 3718 turpiter
1178 3649 1388 3702 lucrum
1419 3647 1757 3716 allectando,
1784 3649 1873 3719 qui
1910 3665 2019 3704 non

443 3747 762 3809 arroganter
789 3739 1070 3804 incedens,
1107 3755 1284 3808 neque
1309 3754 1431 3795 sese
1457 3738 1718 3794 adversus
1748 3740 2023 3809 subjectos

445 3826 680 3899 erigens,
718 3830 813 3884 sed
846 3829 1127 3885 humiliter
1160 3844 1524 3894 conversans,
1561 3830 1832 3886 assiduam
1860 3831 2025 3888 habet

442 3917 829 3992 frugalitatem,
860 3938 981 3992 qua:
1006 3921 1157 3977 nullo
1187 3921 1393 3995 indiget
1422 3932 1644 3995 sumptu
1666 3931 1760 3979 aut
1790 3927 2023 3980 vestium

442 4014 806 4086 pretiosarum
826 4024 920 4070 aut
937 4029 1141 4070 mensa:
1160 4015 1485 4086 sybariticze,
1531 4032 1652 4088 quae
1683 4015 1881 4074 fastum
1898 4034 2022 4074 cum

443 4104 638 4176 plausu
660 4106 964 4178 excipiunt,
984 4115 1038 4162 et
1053 4118 1329 4178 sumptum
1346 4123 1375 4163 a
1400 4109 1544 4180 turpi
1562 4109 1715 4165 lucro
1740 4119 2021 4181 expetunt.

445 4194 665 4251 Clerum
681 4208 862 4253 autem
891 4210 1045 4254 vocat
1063 4215 1277 4254 sacrum
1304 4209 1503 4255 ρορῑιιιιι
1526 4242 1539 4265 ,
1564 4202 1705 4256 εἱςυῑ
1734 4218 1836 4257 1105
1862 4203 2024 4257 etiam

444 4303 615 4345 nunc.
652 4292 873 4346 Addens
902 4307 1055 4357 vero,
1095 4313 1112 4343 ι
1156 4295 1244 4347 Sic
1288 4304 1347 4347 ut
1387 4294 1505 4347 sitis
1538 4294 1867 4363 exemplaria
1904 4311 2027 4365 gre-

445 4380 548 4451 gis,
580 4400 600 4434 ι
624 4381 845 4438 instruit
867 4399 933 4437 ne
950 4384 1300 4437 velutcoactc
1333 4402 1545 4453 gl‘t‘gt‘nl
1583 4392 1830 4453 pascant.
1856 4384 2025 4440 Porro

447 4488 572 4528 cum
602 4474 820 4539 dicitur,
881 4494 899 4527 ι
925 4475 991 4530 Ει
1030 4491 1154 4530 cum
1198 4478 1507 4545 apparuerit
1549 4478 1803 4547 princeps
1844 4486 2026 4547 pasto-

2126 3368 2438 3440 φανερωθῇ,
2492 3370 2614 3423 τότε
2667 3369 2762 3425 καλ⁵
2792 3373 2955 3443 ἡμεῖς
2997 3371 3503 3445 φανερωθησόμεθα.
3529 3391 3544 3424 ι
3568 3371 3638 3441 Μὴ

2122 3462 2483 3531 ἀναγκαστῶς
2544 3464 2601 3517 δὲ
2648 3455 2804 3527 οὗτος
2847 3467 3128 3535 ποιμανεῖ,
3182 3464 3242 3527 ὃς
3294 3464 3450 3518 τύπον
3486 3465 3639 3517 ἑαυτὸν

2122 3553 2490 3625 ἀγαθοεργίας
2520 3555 2626 3608 τῶν
2662 3554 2753 3624 ὑφ’
2789 3554 2984 3608 ἑαυτὸν
3039 3555 3333 3624 προτιθεὶς,
3362 3555 3475 3617 τοὺς
3502 3554 3640 3624 μαθη-

2123 3648 2449 3717 τευομένους
2482 3647 2597 3717 ἔχει
2646 3647 2784 3717 πρὸς
2826 3644 2989 3716 ζῆλον
3013 3645 3109 3698 τοῦ
3154 3645 3498 3699 διδασκαλείου
3536 3662 3639 3697 κατ-

2124 3737 2516 3808 επειγομένους
2548 3737 2814 3808 ἀλλήλων.
2852 3736 2946 3807 Μὴ
2981 3737 3109 3806 αίσχ
3122 3736 3382 3807 ροκερδῶς
3423 3735 3502 3801 δὲ,
3530 3736 3553 3786 ὁ
3583 3734 3639 3804 μὴ

2123 3829 2192 3883 δι’
2217 3828 2532 3894 ἀλαζονείας
2564 3827 2770 3899 προῖὼν
2802 3828 2895 3881 καὶ
2923 3828 3387 3899 κατεπαιρόμενος
3408 3826 3507 3878 τῶν
3528 3825 3636 3878 ὁπο-

2123 3922 2418 3991 κειμὲνων,
2471 3920 2585 3973 ἀλλ’
2643 3922 2702 3974 ὲν
2769 3916 3102 3973 ταπεινώσει
3144 3918 3372 3985 διαζῶν,
3416 3918 3641 3971 εὐτέλειαν

2125 4013 2239 4084 ἔχει
2272 4012 2666 4084 συμπάρεδρον
2716 4011 2815 4082 τὴν
2867 4012 3140 4083 μηδεμιᾶς
3179 4009 3546 4083 προσδεομένην
3572 4008 3642 4059 δα-

2128 4107 2304 4177 πάνης
2363 4104 2593 4176 ἱματίων
2626 4103 2937 4159 πολυτελῶν
2963 4141 2979 4169 ,
3024 4104 3059 4175 ἢ
3091 4103 3363 4174 τραπέζης
3411 4100 3644 4169 συϐαριτι-

2128 4201 2251 4271 κῆς.
2286 4197 2323 4253 ἃ
2352 4198 2452 4267 τὴν
2479 4197 2802 4263 ἀλαζονείαν
2852 4196 3303 4269 περικροτοῦντα,
3336 4196 3423 4248 καὶ
3447 4193 3532 4262 τὴν
3561 4189 3644 4243 ἀπὸ

2127 4291 2224 4360 τῆς
2252 4288 2706 4362 αἰσχροκερδείας
2750 4288 3017 4360 χορηγίαν
3055 4289 3324 4359 ἐπιζητεῖ.
3373 4285 3563 4354 Κλῆρον
3599 4280 3642 4332 δὲ

2130 4384 2190 4436 τὸ
2220 4381 2364 4456 ἱερὸν
2394 4380 2648 4454 σύστημα
2664 4380 2838 4445 καλεῖ,
2859 4382 3048 4451 ὥσπερ
3082 4380 3177 4434 καὶ
3207 4378 3300 4432 νῦν
3317 4379 3480 4449 ἡμεῖς.
3501 4375 3642 4444 Προσ-

2130 4475 2242 4539 θε“ις
2273 4475 2329 4528 δὲ
2358 4474 2438 4539 τὸ,
2497 4492 2516 4527 ι
2571 4474 2747 4528 Τύποι
2798 4475 3075 4545 γινόμενοι
3122 4470 3216 4525 τοῦ
3252 4468 3506 4539 ποιμνίου,
3542 4484 3557 4517 ι
3595 4462 3643 4515 τὸ

447 4579 590 4634 rum,
622 4586 641 4618 ι
682 4567 995 4637 coniunctio
1016 4567 1084 4622 Et
1112 4567 1397 4622 causaliter
1424 4569 1645 4638 ponitur
1668 4583 1765 4637 pro
1794 4566 1893 4624 Ut:
1920 4569 2018 4625 hoc

2131 4566 2548 4635 ἀναγκαστικῶς
2573 4565 2649 4637 μὴ
2689 4564 2997 4634 ποιμαίνειν
3038 4563 3100 4617 τὸ
3128 4562 3369 4633 ποίμνιον
3397 4559 3642 4629 ἐξηγεῖται.

449 4665 571 4710 est:
613 4655 684 4712 Ut
713 4672 838 4713 cum
866 4657 1181 4727 apparuerit
1210 4656 1466 4727 princeps
1502 4666 1802 4728 pastorum,
1842 4673 2025 4729 repor-

450 4750 577 4805 tetis
608 4749 1110 4805 immarcessibilem
1139 4749 1323 4821 gloriae
1355 4764 1633 4806 coronam.
1664 4749 2026 4816 Quemadmo-

449 4842 579 4897 dum
604 4844 764 4897 etiam
790 4842 1001 4897 Psalmo
1015 4857 1236 4909 Lxsxu,
1259 4858 1381 4899 cum
1401 4843 1620 4909 dicitur,
1640 4842 1706 4899 Et
1726 4843 1936 4914 respice
1968 4844 2051 4901 in-

449 4949 637 4989 servos
695 4942 816 4989 tuos
847 4943 903 4989 et
949 4934 1005 4988 in
1038 4949 1207 5005 opera
1238 4944 1352 4990 tua.
1394 4932 1527 4990 Nam
1560 4936 1634 4991 ibi
1668 4936 1893 5006 ponitur
1935 4936 2022 5001 Et,

453 5027 573 5080 loco
603 5027 839 5096 Propter
857 5027 1023 5097 quod.
1068 5027 1532 5097 Ἐγκομϐὠσασθε
1567 5043 1720 5091 vero,
1763 5029 1870 5083 hoc
1916 5035 2024 5095 est,

452 5119 605 5173 vobis
641 5119 997 5182 circumdate,
1038 5119 1461 5192 amplectamini.
1998 5122 2025 5133 ‘

524 5298 588 5365 ν,
621 5300 653 5353 6
696 5301 750 5355 9.
780 5302 841 5356 Ut
863 5317 949 5356 vos
977 5305 1169 5357 exultet
1197 5302 1252 5355 in
1278 5309 1526 5369 tempore,
1548 5299 1690 5352 omni
1716 5296 2031 5351 sollicitudi-

455 5410 517 5447 ne
542 5405 711 5448 vestra
735 5394 965 5463 conjecta
996 5395 1047 5447 in
1069 5393 1239 5457 illum,
1267 5408 1389 5445 nam
1411 5392 1512 5459 ipsi
1537 5405 1665 5444 cura
1685 5398 1759 5443 est
1781 5391 1843 5442 de
1867 5388 2029 5442 vobis.

456 5488 627 5540 Sobrii
666 5497 844 5551 estote,
890 5487 1139 5557 vigilate,
1186 5486 1437 5555 quoniam
1482 5482 1817 5535 adversarius
1862 5489 2027 5535 vester

455 5579 691 5633 diabolus
716 5577 877 5651 524
906 5589 1158 5649 tanquam
1189 5579 1267 5630 leo
1298 5576 1504 5645 rugiens
1533 5573 1851 5637 obambulat,
1885 5588 2027 5643 quee-

458 5690 575 5725 rens
603 5691 752 5743 quem
788 5677 1015 5726 devoret.
1047 5669 1147 5723 Cui
1190 5668 1415 5723 resistite
1453 5665 1610 5719 solidi
1641 5664 1741 5732 ﬁde
1763 5681 1781 5717 :
1806 5665 2024 5718 scientes

530 5856 574 5887 "
624 5858 740 5909 λοι.
804 5867 890 5909 xx,
934 5853 1017 5913 l7,
1071 5849 1157 5901 28.

2141 4660 2229 4713 Ἐν
2260 4658 2314 4712 δὲ
2345 4657 2442 4729 τῷ,
2474 4676 2493 4709 ι
2528 4658 2637 4713 Καὶ
2673 4655 3084 4727 φανερωθέντος
3114 4654 3209 4708 τοῦ
3238 4649 3639 4724 ἀρχιποιμένος,ι

2127 4752 2156 4804 ὁ
2173 4750 2305 4812 Καὶ.
2338 4749 2637 4819 σύνδεσμος
2661 4746 3047 4816 αίτιολογικῶς
3076 4746 3271 4811 κεῖται,
3300 4743 3413 4798 διντῖ⁵
3430 4740 3511 4794 τοῦ
3534 4739 3639 4791 Ἵνα.

2130 4833 2275 4904 Οῖον,
2293 4840 2410 4892 Ἵνα
2427 4836 2839 4908 φανερωθέντος
2869 4834 2961 4890 τοῦ
2981 4834 3389 4907 ἀρχιποιμένος,
3412 4825 3642 4899 κομιεῖσθε

2127 4932 2221 4985 τὸν
2248 4930 2618 5001 ἀμαράντινον
2646 4930 2931 4998 στέφανον,
2963 4928 3041 4991 ὡς
3077 4926 3172 4981 καὶ
3210 4925 3300 4979 ἐπὶ
3349 4922 3455 4988 τοῦ,
3483 4920 3546 4973 ῖδε
3573 4917 3645 4969 ἐπὶ

2130 5023 2258 5086 τοὺς
2287 5019 2507 5083 δούλους
2538 5036 2632 5073 σου
2657 5019 2752 5074 καὶ
2769 5019 2860 5072 ἐπὶ
2877 5018 2946 5072 τὰ
2970 5017 3109 5089 ἔργα
3131 5033 3253 5087 σουι
3277 5016 3334 5069 ὲν
3366 5011 3446 5068 πθ¹
3467 5006 3643 5080 ψαλμῷ.

2147 5114 2296 5168 Ἐκεῖ
2323 5113 2432 5185 γὰρ
2460 5112 2582 5167 ἀντὶ
2598 5110 2694 5166 τοῦ
2722 5110 2836 5177 Διὸ,
2866 5112 2979 5164 Καὶ
2995 5113 3169 5163 κεῖται
3189 5101 3578 5178 ἐγκομϐώσασθε
3601 5098 3644 5151 δὲ

2134 5205 2254 5259 ἀντὶ
2279 5202 2376 5258 τοῦ
2409 5201 2785 5273 ὲνειλήσασθε,
2821 5198 3203 5272 περιϐἀλεσθε.
3566 5196 3587 5206 “

2205 5296 2341 5351 Ἵνα
2393 5292 2550 5363 ὑμᾶς
2589 5292 2807 5361 ὑψώσῃ
2843 5292 2912 5346 ἐν
2958 5287 3406 5358 καιριλητᾶσαν
3441 5282 3540 5349 τὴν
3563 5280 3643 5349 μέ-

2128 5402 2350 5455 ριμναν
2385 5382 2553 5453 ὑμῶν
2576 5383 3003 5452 ἐπιρρίψαντες
3055 5380 3148 5434 ἐπ’
3191 5378 3389 5442 αὐτὸν,
3411 5374 3490 5427 ὅτι
3518 5367 3644 5431 αὐτῷ

2128 5479 2341 5551 μέλλει
2382 5477 2515 5547 περὶ
2562 5476 2748 5545 ὑμῶν.
2778 5475 3043 5543 Νήψατε,
3072 5472 3481 5542 γρηγορήσατε,
3527 5463 3596 5517 δτι
3619 5461 3644 5512 ό

2135 5570 2438 5635 ἀντίδικος
2484 5567 2652 5636 ὑμῶν
2706 5565 2988 5631 διάϐολος
3028 5566 3108 5631 ὡς
3163 5563 3318 5618 λέων
3359 5556 3642 5627 ὠρυόμενοι·

2137 5661 2477 5731 περιπατεῖ,
2517 5656 2701 5726 ζητῶν
2737 5657 2871 5710 τίνα
2918 5654 3200 5723 καταπίῃ.
3256 5645 3322 5722 ᾯ
3376 5647 3643 5707 ἀντίστητε

1268 5847 1470 5901 "Joan
1526 5862 1645 5909 xm,
1683 5848 1763 5899 Η.
1839 5848 1881 5877 ⁷⁷
1912 5845 2115 5900 (Ioloss.
2150 5860 2229 5909 ιιι,
2262 5845 2307 5897 ι.
