3986 6622
266 384 370 445 5ῖ3

1298 393 1693 463 COMMENT.
1727 397 1808 461 IN
1846 399 2090 465 EPIST.
2115 405 2144 465 I
2176 405 2239 467 S.
2262 408 2512 473 PETRI.

3423 420 3527 479 5η.

263 501 499 570 στερεοὶ
530 500 606 571 τῇ
656 502 882 569 πίστει,
912 504 1155 572 ειδότες,
1202 508 1274 564 τὰ
1319 513 1471 567 αὐτὰ
1506 512 1627 569 τῶν
1654 520 1845 586 παθη-

1951 524 2161 578 easdem
2186 526 2481 595 aﬁlicliones
2504 536 2689 584 vestra:
2719 543 2836 600 qua:
2861 530 2917 585 iu
2947 532 3143 588 mundo
3171 541 3247 589 est
3278 534 3527 603 fraterni-

255 594 463 664 μάτων
509 592 586 664 τῇ
628 594 700 649 ἐν
757 597 966 666 κόσμῳ
1006 596 1173 667 ὑμῶν
1226 600 1587 674 ἀδελφότητι
1650 605 1847 663 ἐπιτε-

264 683 503 740 λεῖσθαι
513 727 525 738 .

334 811 435 879 Τὸ,
475 827 500 865 ι
533 811 628 867 Ἐν
655 815 855 887 καιρῷ,
905 835 926 868 ι
960 817 1307 888 πρόσκειται.
1336 821 1481 892 Πρὸς
1531 822 1643 894 γὰρ
1669 823 1767 896 τὴν
1793 827 1849 879 ὲν

262 903 338 972 τῷ
370 902 626 975 μέλλοντι
654 907 815 960 αίῶνι
844 906 1054 977 ῦψωσιν
1077 911 1539 982 παραπέμπεται.
1570 915 1732 980 Ἤτις
1758 918 1851 971 καὶ

266 996 410 1067 μόνη
437 996 652 1066 ὕψωσις
679 998 753 1062 ὡς
797 998 1156 1067 ἀναλλοίωτος
1188 1003 1280 1056 καὶ
1308 1004 1712 1072 διαιωνίζουσα,
1746 1008 1848 1079 τῆς

260 1086 498 1140 ἐνταῦθα
527 1087 790 1157 ύψὼσεως
818 1089 920 1143 οὐκ
956 1090 1232 1160 ἀσφαλοῦς
1254 1093 1424 1166 οὔσης
1450 1096 1573 1151 οὐδὲ
1603 1096 1847 1168 βεϐαίας,

258 1177 372 1231 ἀλλ’
395 1177 626 1248 ἔφεδρον
648 1181 729 1242 είς
758 1180 848 1233 ἀεὶ
873 1185 973 1251 τὴν
994 1184 1329 1239 ταπείνωσιν
1361 1204 1532 1256 κεκτη
1542 1188 1732 1259 μένης,
1756 1191 1850 1245 καὶ

258 1267 453 1323 θᾶττον
481 1270 516 1342 ἢ
547 1269 826 1342 ὑψωθῆναι
854 1275 1312 1346 ταπεινουμένης.
1349 1278 1462 1347 Τῆς
1489 1279 1547 1337 δὲ.
1572 1282 1846 1335 ταπεινώ-

261 1375 395 1423 σεως
431 1361 536 1432 τῆς
584 1363 647 1416 τὸ
703 1362 837 1434 ὕψος
892 1368 1314 1436 περιποιούσης,
1354 1370 1517 1434 αὐτὸς
1565 1375 1593 1428 6
1644 1373 1849 1443 Κύριος

257 1451 523 1520 ἐχέγγυος
540 1454 805 1525 πάροχος.
831 1456 968 1533 Φησὶ
988 1459 1273 1528 γάροιΠᾶς
1296 1464 1323 1515 6
1356 1463 1506 1531 ὑψῶν
1541 1464 1733 1519 ἑαυτὸν
1757 1482 1851 1519 τα-

257 1544 686 1616 πεινωθήσεται,
713 1548 808 1602 καὶ
833 1552 861 1604 ό
880 1551 1155 1607 ταπεινῶν
1188 1554 1404 1621 ἑαυτὸν,
1436 1555 1843 1626 ὑψωθήσεται.»

258 1632 414 1697 Καὶ,‹
458 1634 520 1687 Ὀ
554 1635 753 1693 ἐθέλων
784 1638 1000 1710 πρῶτος
1022 1642 1080 1695 ὲν
1115 1642 1241 1712 ὑμῖν
1272 1639 1437 1711 εἶναι,
1460 1645 1603 1701 ἔστω
1633 1647 1849 1701 πάντων

258 1722 511 1795 ἔσχατος.
544 1746 566 1785 ι
615 1729 864 1800 ᾘνξξατο
889 1730 946 1784 δὲ
982 1733 1070 1788 διὰ
1108 1735 1224 1801 τοῦ,
1251 1734 1341 1790 Ἐν
1370 1737 1572 1809 καιρῷ,
1602 1738 1678 1802 ὡς
1711 1738 1848 1810 ἔφη’

258 1833 378 1884 μεν,
416 1819 518 1871 καὶ
570 1818 631 1872 τὸ
687 1822 771 1884 είς
826 1822 917 1876 τὸν
967 1824 1232 1892 μέλλοντα
1261 1827 1700 1895 ἐπαγγέλλεσθαι
1742 1830 1842 1900 τὴν

254 1907 362 1962 ἀπὸ
394 1908 503 1979 τῆς
541 1912 922 1977 ταπεινώσεως
971 1913 1197 1984 ὖψωσιν.
1264 1916 1321 1969 '0
1373 1919 1482 1988 γὰρ
1530 1918 1641 1970 τῶν
1679 1918 1844 1975 ἀναλ-

254 1995 502 2049 λοιὼτων
537 2000 752 2069 καιρὸς,
800 2003 857 2055 ὲν
887 2002 966 2072 τῷ
1007 2004 1255 2075 μέλλοντι
1288 2008 1385 2060 καὶ
1412 2008 1676 2078 ἀφθάρτῳ
1709 2008 1842 2062 αίῶ-

256 2108 324 2144 νι.
358 2092 531 2145 Οὐδὲν
562 2091 672 2164 γάρ
727 2096 755 2147 6
801 2094 1083 2167 ἄφθαρτος
1131 2097 1396 2169 ἐπίκηρον
1449 2098 1589 2170 ἔχει.
1616 2098 1750 2155 Εἶτα
1783 2102 1844 2155 τὸ

253 2182 370 2246 δέος
397 2184 813 2253 ὑφαιρούμενος
843 2188 904 2240 τὸ
962 2188 1070 2241 ἀπὸ
1121 2191 1217 2259 τῆς
1262 2191 1651 2256 ταπεινώσεως
1689 2193 1844 2261 (ἴσως

254 2273 361 2343 γάρ
411 2291 574 2337 τινας
613 2270 861 2339 εὐλαϐῶς
901 2277 1046 2347 ἔχειν
1099 2280 1267 2350 ἑώρα,
1301 2281 1376 2351 μὴ
1407 2284 1845 2351 ταπεινώσαντες

256 2365 462 2435 ἑαυτὴν
520 2367 664 2421 κατά
707 2367 798 2422 τὸν
834 2369 1081 2439 παρόντα
1115 2369 1229 2441 βίον
1268 2371 1490 2427 πάθοιέν
1533 2390 1588 2427 τι
1630 2372 1843 2444 κακὸν),

255 2460 413 2529 φησι,
458 2459 555 2530 Μὴ
575 2460 743 2514 δέδιθι
769 2462 952 2516 πᾶσαν
982 2462 1080 2532 τὴν
1110 2464 1381 2535 μέριμναν
1400 2483 1493 2533 σου
1525 2467 1619 2520 ἐπὶ
1638 2466 1847 2538 Κύριον

252 2550 593 2621 ὲπιῤῥὶψας,
630 2552 867 2622 ἀσφαλεῖ
927 2559 1221 2627 φροντιστῇ
1261 2557 1456 2611 ἑαυτὸν
1511 2558 1844 2629 ἀναθέμενος

253 2641 375 2713 ἔσῃ.
417 2662 436 2695 ι
479 2643 671 2713 Τούτῳ
716 2643 828 2716 γὰρ
864 2644 1040 2719 μέλει,
1077 2665 1096 2699 ι
1145 2646 1263 2717 ἦτοι
1297 2651 1520 2717 φροντὶς
1554 2649 1845 2705 ἀπόκειται

252 2735 467 2786 τούτων
523 2734 803 2790 ἁπάντων.
841 2755 862 2789 ι
901 2737 1129 2808 Νήψατε
1154 2778 1170 2802 ,
1202 2741 1609 2810 γρηγορήσατε.
1651 2759 1670 2792 ι
1719 2741 1845 2807 Τοῖς

255 2825 469 2897 νοητῶς
513 2826 720 2880 ὑπνοῦν
777 2828 995 2882 είωθόσι
1044 2828 1223 2900 (τοῦτο
1269 2830 1473 2884 δέηὲστι
1514 2833 1572 2887 τὸ
1610 2832 1742 2904 περὶ
1776 2833 1845 2886 τά

256 2918 465 2986 μάταια
526 2919 881 2992 κεχηνέναι),
928 2923 1025 2976 καὶ
1075 2923 1187 2977 ἀπὸ
1232 2924 1436 2979 τούτων
1478 2926 1539 2979 τὸ
1584 2926 1846 2997 νηφάλιον

252 3010 706 3080 καταϐαρύνουσι
732 3011 840 3066 τῶν
879 3012 1089 3083 ψυχῶν,
1130 3015 1199 3067 τὸ
1237 3020 1474 3087 πονηρὸν
1508 3021 1606 3073 καὶ
1630 3020 1847 3090 παγχά-

251 3098 422 3152 λεπον
442 3102 548 3169 τῆς
574 3100 942 3169 ἀπογνώσεως
965 3104 1206 3177 ὲπιπηδᾷ
1235 3104 1445 3176 θηρίον.
1473 3107 1545 3160 Τὸ
1559 3103 1653 3162 οὖν
1670 3109 1846 3178 ἀσφα-

1952 615 2052 667 tati
2082 618 2458 671 consummari.

2020 813 2288 881 Additur,
2346 834 2365 867 ι
2399 817 2455 869 In
2487 826 2748 888 tempore.
2782 837 2801 870 ι
2866 818 3213 874 Transmittit
3267 821 3414 875 enim
3462 823 3529 876 ad

1951 905 2333 961 exaltationem
2382 907 2439 962 in
2485 908 2671 965 futuro
2703 911 2923 978 saeculo,
2958 927 3079 982 quae
3106 912 3269 967 etiam
3306 913 3419 968 sola
3449 923 3532 967 est

1952 996 2227 1060 esaltatio,
2265 1008 2520 1069 tanquam
2569 1000 2924 1058 immutabilis
2965 1012 3020 1057 et
3069 1012 3355 1073 perpetua,
3405 1019 3530 1059 cum

1951 1102 2192 1158 praesens
2217 1089 2470 1145 exaltatio
2498 1107 2671 1163 neque
2700 1108 2892 1149 secura
2923 1096 2994 1150 sit
3022 1093 3404 1165 nequeiirma,
3436 1096 3529 1150 sed

1954 1179 2133 1248 potius
2179 1180 2425 1236 conferat
2471 1185 2538 1238 ad
2589 1195 2906 1257 perpetuam
2953 1187 3414 1255 humiliationem,
3473 1195 3535 1242 ut

1953 1271 2192 1327 velocius
2217 1272 2532 1329 humilietur
2547 1292 2711 1345 quam
2730 1278 2899 1335 fuerit
2924 1281 3179 1337 exaltata.
3204 1279 3374 1337 Porro
3389 1281 3531 1352 quod

1952 1363 2257 1421 humiliatio
2308 1366 2695 1426 exaltationem
2745 1371 3021 1439 conciliet,
3085 1374 3203 1445 ipse
3273 1375 3534 1429 Dominus

1950 1451 2180 1509 idoneus
2210 1462 2295 1511 est
2331 1457 2422 1526 qui
2449 1457 2607 1512 (idem
2639 1458 2821 1516 faciat.
2847 1461 3139 1518 Aitenim:
3173 1482 3193 1514 ι
3228 1461 3418 1518 Omnis
3439 1463 3533 1533 qui

1952 1561 2074 1600 sese
2103 1547 2304 1602 exaltat
2332 1547 2725 1617 bumiliabitur,
2744 1561 2800 1606 et
2819 1552 2911 1621 qui
2942 1568 3067 1608 sese
3095 1553 3351 1616 humiliat
3384 1554 3533 1609 exal-

1956 1635 2159 1690 tabitur
2189 1635 2253 1689 ⁷⁸.
2296 1654 2315 1687 ι
2351 1637 2417 1692 Εῑ
2449 1656 2461 1692 :
2520 1657 2538 1689 ι
2567 1636 2667 1705 Qui
2697 1639 2811 1694 vult
2838 1640 2978 1694 inter
3005 1655 3102 1695 vos
3148 1639 3361 1710 primus
3387 1654 3531 1702 esse.

1956 1727 2027 1781 sit
2053 1729 2299 1783 omnium
2331 1738 2641 1799 postremus
2661 1732 2730 1784 '9.
2771 1750 2789 1782 ι
2845 1731 3042 1785 Dicens
3082 1741 3264 1786 autem
3300 1728 3361 1784 ιη
3395 1737 3535 1784 teni-

1952 1834 2083 1888 pore
2103 1859 2117 1885 ,
2146 1819 2488 1889 designavit,
2521 1829 2580 1876 ut
2609 1820 2846 1876 diximus
2871 1862 2884 1885 ,
2913 1822 3077 1876 etiam
3113 1821 3167 1875 in
3199 1819 3384 1875 futuro
3410 1836 3535 1891 pro-

1945 1909 2086 1964 mitti
2122 1910 2504 1966 cxaltationem
2543 1928 2665 1982 quae
2697 1913 2766 1967 ab
2801 1911 3182 1967 humiliatione
3226 1911 3533 1983 proveniat.

1945 2000 2188 2073 Tempus
2216 2018 2454 2072 namque
2486 2020 2670 2059 rerum
2708 2003 3129 2060 immutabilium
3171 2003 3226 2058 in
3265 2004 3451 2059 futuro
3483 2014 3538 2059 et

1944 2094 2342 2164 incorruptibili
2365 2095 2564 2150 saeculo
2597 2096 2723 2151 erit.
2778 2095 3195 2166 lncorruptibile
3225 2097 3368 2150 enim
3399 2095 3534 2150 nihil

1945 2188 2111 2243 habet
2145 2187 2375 2242 mortale
2401 2196 2496 2241 aut
2539 2188 2826 2244 caducum.
2864 2187 3066 2243 Deinde
3097 2188 3353 2243 timorem
3382 2187 3536 2242 aufe-

1945 2294 2074 2343 rens
2107 2280 2199 2350 qui
2226 2280 2294 2336 ab
2326 2280 2707 2337 humiliatione
2736 2278 3061 2351 procederet
3090 2278 3361 2357 (fortassis
3386 2279 3535 2334 enim

1945 2369 2166 2425 videbat
2219 2369 2483 2439 quosdam
2537 2369 2736 2435 vereri,
2796 2383 2868 2423 ne
2925 2382 3046 2423 sese
3094 2367 3451 2423 bumiliantes
3480 2368 3534 2421 in

1946 2461 2204 2532 praesenti
2251 2461 2380 2522 vita.
2423 2460 2548 2515 mali
2589 2460 2869 2532 quidpiam
2914 2460 3255 2530 paterentur)
3296 2459 3373 2513 ait
3406 2476 3421 2511 :
3459 2457 3537 2512 Ne

1946 2563 2181 2615 metuas,
2213 2552 2361 2608 omni
2395 2551 2762 2606 sollicitudine
2794 2551 2962 2604 tua‘in
2994 2548 3281 2603 Dominum
3311 2546 3535 2617 reiecta,

1948 2660 2074 2701 cum
2099 2642 2337 2715 tcipsum
2373 2642 2517 2713 apud
2544 2656 2670 2697 eum
2711 2641 3033 2712 deposueris
3064 2641 3158 2711 qui
3189 2648 3346 2695 caute
3372 2639 3536 2695 sedu-

1947 2736 2051 2791 lam
2096 2735 2175 2790 tui
2213 2742 2362 2806 geret
2389 2747 2597 2787 curam.
2655 2751 2674 2783 ι
2707 2731 2845 2786 Nam
2892 2729 2996 2802 ipsi
3042 2745 3171 2787 cura
3201 2737 3305 2793 cst,
3345 2746 3366 2781 ι
3423 2727 3538 2782 sive

1946 2825 2256 2882 sollicitudo
2305 2823 2449 2894 apud
2502 2838 2628 2878 eum
2683 2822 2971 2892 reponitur
3011 2822 3079 2877 de
3128 2820 3213 2876 his
3258 2818 3536 2874 omnibus.

1955 2936 1973 2969 ι
2012 2917 2190 2971 Sobrii
2221 2922 2416 2980 estote,
2459 2913 2698 2986 vigilate.
2756 2932 2775 2965 ι
2823 2913 2883 2967 In
2917 2927 3012 2967 eos
3053 2911 3147 2981 qui
3183 2909 3535 2981 spiritualiter

1946 3009 2183 3065 dormire
2212 3008 2390 3062 solent
2419 3006 2438 3079 (
2461 3005 2564 3060 hoc
2591 3013 2774 3059 autem
2809 3014 2894 3059 est
2937 3003 3003 3059 ad
3034 3018 3173 3057 vana
3208 3000 3457 3069 inhiare)
3486 3010 3539 3055 et

1946 3116 2015 3156 ex
2051 3101 2156 3155 hoc
2177 3099 2416 3170 vigiliam
2446 3106 2739 3169 aggravant
2762 3095 3094 3161 animorum,
3135 3093 3277 3148 mala
3317 3107 3382 3147 ac
3419 3108 3538 3147 sae-

250 3189 547 3292 λιξόμενον
606 3192 658 3292 6‘
688 3192 929 3292 Χριστοῦ
1000 3195 1269 3268 μαθητὴς,
1327 3198 1689 3271 ἐγρηγορέναι
1757 3201 1845 3255 ἀεὶ

1951 3191 2166 3247 vissima
2187 3188 2585 3261 desperationis
2606 3188 2880 3256 ferasolet
2906 3185 3133 3240 insilire.
3160 3184 3410 3238 Muniens
3438 3183 3531 3237 ita-

250 3280 540 3349 παραινεῖ,
575 3280 669 3332 καὶ
707 3279 1077 3350 φυλάττεσθαι
1122 3284 1214 3338 τὸν
1265 3284 1373 3339 τῶν
1429 3286 1686 3351 ζιζανίων
1712 3305 1844 3342 σπο-

253 3371 377 3442 ρέα,
428 3372 633 3443 μήπως
678 3372 1033 3428 καθεύδουσιν
1086 3376 1258 3446 ἡμῖν,
1308 3377 1428 3449 ήτοι
1486 3379 1706 3449 ἀμελῶς
1753 3380 1849 3436 καὶ

254 3462 524 3534 ῥᾳθύμως
558 3465 850 3531 διαϐιοῦσι,
879 3468 1151 3538 πονηροὺς
1184 3469 1517 3542 ἐπισπείρας
1545 3472 1845 3542 λογισμοὺς

252 3554 429 3622 λάθοι,
474 3556 701 3629 καὶτῆς
731 3558 900 3625 ὅντως
929 3559 1381 3631 ἀποϐουκολήσας
1427 3561 1595 3632 ζωῆς.
1629 3565 1705 3618 Οὐ
1738 3564 1847 3637 γάρ

253 3646 519 3712 παύεται,
547 3650 738 3718 φησιν,
773 3649 850 3713 ὡς
893 3650 1031 3707 λέων
1080 3651 1396 3723 ὡρυόμενος
1432 3654 1846 3726 περιέρχεσθαι,

255 3737 437 3809 ζητῶν
471 3740 596 3794 τίνα
621 3743 888 3814 καταπίῃ.
913 3735 982 3815 ᾯ
1010 3742 1103 3801 καὶ
1151 3745 1309 3801 αὐτοὶ
1344 3744 1435 3799 διὰ
1479 3745 1575 3799 τοῦ
1617 3746 1847 3819 στερροῦ

253 3831 354 3901 τῆς
384 3831 567 3903 ψυχῆς
602 3836 1027 3906 παραστήματος
1043 3836 1351 3909 ἀντίστητε.
1380 3839 1453 3893 lle
1464 3838 1521 3908 9i.
1540 3839 1639 3911 τῆς
1665 3840 1851 3895 τοιαύ-

255 3939 355 3993 της
403 3924 463 3977 δὲ
514 3925 799 3979 ἀνενδότου
834 3927 1130 3998 ἐπιϐουλῆς
1165 3929 1260 3985 καὶ
1305 3928 1589 3993 Ἰουστῖνος
1620 3933 1648 3985 6
1693 3932 1848 4000 ἅγιος

261 4015 475 4086 μάρτυς
500 4057 515 4081 ,
560 4017 656 4070 καὶ
690 4018 791 4086 τῆς
839 4018 1136 4088 ἐπιμελοῦς
1186 4019 1352 4077 αὐτοῦ
1392 4021 1517 4076 καθ’
1552 4023 1711 4093 ἡμῶν
1741 4041 1847 4079 arato

1948 3300 2056 3357 que
2083 3301 2184 3342 nos
2213 3284 2418 3341 Christi
2452 3282 2773 3354 discipulus,
2809 3282 3127 3338 exhortatur
3146 3280 3215 3346 '°,
3241 3288 3299 3334 ut
3318 3293 3538 3349 semper

1951 3380 2258 3451 vigilemus,
2292 3393 2354 3433 ac
2386 3377 2743 3433 observemus
2765 3389 2891 3429 eum
2926 3372 3016 3443 qui
3044 3371 3251 3428 zizania
3276 3372 3535 3435 seminat,

1952 3489 2021 3528 ne
2040 3488 2148 3543 quo
2174 3471 2335 3527 modo
2357 3470 2515 3527 nobis
2538 3468 2955 3531 dormientibus,
2986 3465 3101 3520 sive
3122 3464 3450 3535 negligenter
3477 3479 3539 3518 ac

1952 3563 2193 3635 segniter
2219 3561 2547 3626 viventibus,
2586 3576 2782 3630 pravas
2806 3556 3162 3628 cogitationes
3190 3556 3327 3611 clam
3354 3569 3541 3624 super-

1951 3654 2207 3719 seminet,
2231 3662 2285 3709 et
2305 3668 2336 3707 a
2363 3668 2490 3709 vera
2520 3653 2628 3707 vita
2667 3649 2918 3722 repellat.
2959 3646 3148 3719 Neque
3170 3647 3315 3703 enim
3339 3654 3538 3710 cessat,

1950 3740 2151 3811 inquit,
2192 3752 2450 3810 tanquam
2487 3740 2574 3796 leo
2612 3739 2834 3810 rugiens
2877 3737 3249 3801 obambulare,
3289 3751 3541 3806 quaerens

1950 3848 2115 3905 quem
2145 3833 2390 3896 devoret,
2437 3831 2524 3889 cui
2559 3846 2658 3886 vos
2687 3844 2907 3902 quoque
2948 3829 3106 3884 ﬁrmo
3144 3828 3312 3882 animi
3344 3827 3539 3883 robore

1950 3925 2205 3980 resistite.
2242 3923 2317 3978 De
2348 3922 2662 3993 hujusmodi
2695 3938 2826 3977 vero
2858 3921 3078 3979 acribus
3114 3919 3325 3974 insidiis
3359 3928 3414 3974 et
3443 3933 3539 3974 ac-

1949 4027 2135 4074 curata
2165 4017 2336 4089 ipsius
2364 4015 2557 4072 fraude
2578 4015 2871 4071 adversum
2902 4028 3026 4079 nos,
3058 4021 3284 4069 sanctus
3321 4028 3539 4083 quoque

258 4107 522 4176 νουργίας
574 4108 671 4178 τὴν
718 4108 901 4163 αἰτίαν
944 4111 1379 4181 παρατιθέμενός
1442 4128 1646 4182 φησιν,
1695 4113 1769 4177 ὡς
1819 4116 1845 4168 6

1951 4110 2198 4166 Justinus
2226 4115 2429 4180 martyr
2458 4122 2678 4163 causam
2705 4106 2957 4171 aﬂ'ercns,
2986 4106 3140 4170 dicit,
3170 4105 3316 4177 quod
3345 4105 3540 4160 diabo-

259 4196 511 4262 διάεολος
557 4199 666 4269 πρὸ
714 4201 813 4268 τῆς
865 4199 958 4254 τοῦ
995 4202 1204 4271 Κυρίου
1253 4204 1560 4273 παρουσίας
1594 4204 1694 4257 οὐκ
1729 4205 1845 4276 ᾔδει

1951 4205 2037 4260 lus
2067 4212 2194 4260 ante
2223 4201 2440 4259 Domini
2471 4201 2763 4257 adventum
2793 4216 2905 4255 non
2933 4200 3070 4256 adeo
3094 4208 3281 4270 aperte
3310 4208 3541 4254 noverat

260 4289 478 4361 τρανῶς
506 4289 652 4344 οὕτω
682 4291 781 4361 τῆς
812 4292 1005 4346 ἑαυτοῦ
1032 4293 1305 4363 τιμωρίας
1336 4296 1436 4366 τὴν
1452 4295 1707 4367 δύναμιν,
1738 4297 1845 4350 τῶν

1951 4298 2059 4352 vim
2093 4296 2178 4351 sui
2202 4294 2480 4366 supplicii,
2510 4310 2641 4350 cum
2670 4292 2844 4349 divini
2884 4292 3167 4364 propheta:
3226 4292 3372 4347 hanc
3403 4290 3541 4345 aeni-

263 4381 426 4435 θείων
481 4382 779 4452 προφητῶν
837 4384 1251 4456 αἰνιγματωδῶς
1308 4388 1512 4458 ταύτην
1558 4388 1845 4460 διαγορευ-

1951 4388 2181 4461 gmatice
2206 4386 2628 4446 denuntiassent
2648 4402 2660 4440 :
2683 4382 3141 4455 quemadmodum
3165 4382 3335 4437 Isaias
3353 4381 3421 4449 δ’,
3440 4381 3542 4436 sub

263 4471 500 4535 σάντων,
529 4471 605 4536 ὡς
638 4473 666 4524 6
703 4471 950 4538 Ἡσαΐας,
984 4475 1090 4529 ὑπὸ
1117 4475 1395 4549 προσώπῳ
1418 4476 1514 4532 τοῦ
1552 4478 1841 4550 Ἀσσυρίου

1951 4494 2185 4551 persona
2221 4477 2428 4548 Assyrii
2459 4476 2621 4549 525
2647 4489 2871 4532 omnem
2900 4474 2969 4530 de
2996 4473 3211 4529 diabolo
3240 4486 3540 4543 reprwsen-

260 4565 449 4616 πᾶσαν
468 4564 568 4635 τὴν
588 4564 729 4618 κατὰ
751 4564 844 4619 τὸν
866 4564 1114 4621 διάϐολον
1135 4567 1625 4639 δραμματουργίαν
1643 4572 1843 4642 ἐκτρα-

1956 4572 2216 4629 tationem
2257 4569 2460 4642 tragice
2487 4583 2741 4624 narrans.
2768 4565 2908 4622 Cum
2936 4575 3119 4623 autem
3153 4564 3417 4620 Dominus
3452 4563 3542 4619 ad-

260 4654 457 4725 γῳδῶν
487 4654 850 4725 ἐπεκάλυψεν.
887 4656 975 4709 Ἐν
1014 4653 1096 4720 οἷς
1127 4657 1185 4712 δὲ
1215 4658 1309 4712 τοῦ
1356 4659 1563 4732 Κυρίου
1605 4678 1845 4733 παραγε-

1956 4663 2218 4728 venisset,
2264 4668 2321 4717 et
2357 4669 2545 4731 aperte
2583 4657 2801 4714 diabolo
2847 4657 3078 4727 ejusque
3121 4655 3329 4728 angelis
3359 4654 3539 4726 ignem

260 4744 516 4816 νομένου,
575 4747 671 4800 καὶ
713 4746 792 4818 τῷ
849 4746 1081 4819 διαϐόλῳ
1120 4750 1309 4819 σαφῶς
1356 4752 1705 4820 ἀποκεῖσθαι,
1750 4759 1845 4809 καὶ

1955 4765 2221 4812 aeternum
2253 4756 2552 4825 repositum
2583 4766 2649 4807 ac
2670 4759 2918 4820 paratum
2947 4763 3066 4804 esse
3095 4747 3408 4810 dixisset",
3435 4747 3547 4801 hoe

259 4836 599 4907 ἡτοιμάσθαι
628 4838 690 4891 τὸ
733 4837 950 4894 αἰώνιον
979 4839 1091 4911 πῦρ
1121 4841 1216 4896 καὶ
1248 4845 1359 4908 τοῖς
1388 4844 1641 4913 ἀγγέλοις
1677 4846 1842 4901 αὐτοῦ

1954 4848 2045 4904 ille
2068 4848 2255 4903 audito
2287 4861 2400 4902 non
2438 4851 2618 4900 cessat
2643 4841 2892 4897 ﬁdelibus
2914 4839 3179 4900 insidiari,
3210 4838 3411 4894 multos
3438 4837 3540 4893 ha-

261 4931 518 5002 ήκουσεν,
544 4931 606 4984 οὐ
629 4929 864 4985 παύεται
887 4934 1001 4996 τοῖς
1031 4935 1246 4998 πιστοῖς
1277 4934 1671 5004 ἐπιϐουλεύειν,
1712 4937 1843 4991 πολ-

260 5021 389 5087 λοὺς
424 5020 574 5093 ἔχειν
612 5022 937 5094 βουλόμενος
987 5025 1090 5095 τῆς
1136 5024 1333 5080 ἑαυτοῦ
1364 5031 1655 5093 κοινωνοὺς
1703 5032 1844 5085 ἀπο-

266 5115 531 5179 στάσεως,
562 5114 649 5178 ὡς.
671 5115 738 5169 ἀν
771 5115 849 5186 μὴ
885 5117 1046 5187 μόνος
1078 5118 1388 5189 αἰσχύνοιτο
1432 5121 1610 5192 ταύτῃ
1659 5123 1839 5192 ἐνεχό-

267 5220 450 5273 μενος,
486 5203 674 5276 ψυχρᾷ
703 5205 876 5277 ταύτη
905 5206 998 5259 καὶ
1028 5205 1282 5279 βασκάνῳ
1315 5211 1648 5283 παραμυθίᾳ
1681 5228 1845 5281 περι-

265 5296 651 5368 κροτούμενος.
684 5315 707 5350 ι
742 5298 959 5361 Είδότες
1003 5298 1077 5353 τὰ
1118 5300 1261 5354 αὐτὰ
1294 5300 1401 5357 τῶν
1430 5303 1784 5365 παθημάτων.
1823 5324 1842 5359 ι

275 5387 362 5451 Ὡς
386 5387 556 5455 ἔοικε,
602 5388 826 5454 πολλαῖς
877 5392 998 5453 ταῖς
1031 5376 1122 5448 διά
1146 5391 1381 5464 Χριστὸν
1408 5393 1621 5465 θλίψεσι
1659 5397 1846 5452 κατεί-

264 5494 422 5547 χοντο
447 5474 617 5547 οὗτοι,
650 5480 789 5553 πρὸς
817 5480 911 5547 οὓς
940 5484 969 5534 6
999 5482 1206 5555 Πέτρος
1233 5485 1456 5557 γράφει.
1490 5487 1583 5541 Διὸ
1609 5490 1705 5542 καὶ
1731 5488 1845 5543 ἄνω

264 5567 360 5621 καὶ
416 5569 568 5625 κάτω
621 5572 781 5627 τοῦτο
827 5573 1250 5644 παραμυθεῖται.
1297 5578 1446 5634 Ἐκεῖ
1480 5579 1580 5651 μὲν
1629 5581 1720 5635 διὰ
1747 5582 1841 5637 τοῦ

262 5663 561 5726 κοινωνοὺς
589 5665 787 5729 αὐτοὺς
824 5666 1070 5736 γίνεσθαι
1095 5667 1204 5722 τῶν
1227 5668 1320 5723 τοῦ
1350 5671 1557 5742 Κυρίου
1602 5673 1838 5743 πάσχονσ

325 5774 373 5853 ξ’
403 5775 594 5833 Matth.
620 5796 777 5843 xvul.
811 5782 864 5837 4.
944 5782 987 5815 ’³
1019 5782 1208 5840 Matth.
1250 5782 1457 5853 13,27.

267 5841 327 5899 41
383 5862 538 5919 seqq,

1553 5790 1598 5823 ⁸ο
1627 5789 1816 5845 Matth.
1844 5807 1963 5857 xm,
1996 5789 2071 5845 ‘25
2107 5804 2260 5858 seqq.

1952 4940 2084 4996 bere
2113 4938 2304 4994 volens
2325 4952 2439 4991 suae
2461 4931 2787 4990 deiectionis
2816 4940 3120 4994 consortes,
3145 4946 3214 4985 ne
3244 4928 3393 4985 solus
3411 4928 3545 4984 huic

1950 5030 2235 5085 adhaerens
2267 5024 2523 5098 pudeﬁat,
2547 5020 2739 5094 frigida
2759 5020 2862 5077 hac
2883 5029 2937 5076 et
2957 5020 3139 5075 invida
3169 5019 3542 5075 consolatione

1952 5122 2053 5179 sibi
2109 5121 2392 5192 plaudens.
2464 5135 2482 5168 ι
2525 5116 2775 5171 Scientes
2843 5113 3058 5169 easdem
3125 5112 3470 5168 alllictiones.
3511 5130 3537 5163 ι

1950 5209 2421 5281 Quemadmodum
2467 5206 2763 5264 verisimile
2804 5213 2908 5271 est,
2953 5205 3009 5260 bi
3066 5204 3134 5261 ad
3183 5218 3320 5274 quos
3351 5201 3543 5257 scribit

1951 5305 2167 5369 Petrus,
2204 5300 2390 5356 multis
2421 5305 2644 5370 propter
2678 5296 2959 5353 Christum
2992 5293 3379 5352 alllictionibus
3411 5307 3536 5363 pre-

1952 5396 2284 5452 mebantur:
2314 5390 2438 5447 ideo
2464 5398 2522 5446 et
2561 5390 2616 5445 in
2646 5387 3084 5459 praecedentibus
3114 5396 3170 5442 et
3211 5385 3271 5440 in
3298 5397 3533 5453 sequen-

1953 5488 2098 5544 tibus
2140 5485 2298 5541 ail'ert
2331 5483 2400 5538 ad
2425 5482 2530 5537 hoc
2558 5479 2991 5536 consolationem
3027 5496 3041 5532 :
3075 5475 3148 5532 ibi
3190 5473 3410 5545 quidem
3435 5485 3537 5542 per

1950 5583 2055 5636 hoc
2081 5577 2227 5651 quod
2260 5577 2566 5649 patientes,
2601 5572 2905 5629 eiliciantur
2943 5569 3047 5641 ipsi
3081 5573 3363 5624 consortes
3389 5561 3531 5617 alni-

1946 5648 2189 5731 ctionum
2218 5648 2445 5735 Christi,
2469 5676 2524 5723 et
2550 5666 2669 5737 ejus
2698 5681 2819 5737 quae.
2845 5663 3115 5719 revelatur
3141 5657 3326 5732 gloria:
3351 5657 3529 5712 haere-
3602 5648 3609 5667 ί

2356 5787 2405 5819 ⁸⁸
2451 5785 2555 5841 lsa.
2588 5799 2699 5848 τιν,
2747 5780 2780 5833 4
2813 5794 2967 5849 seqq.
3074 5777 3118 5807 θ’
3178 5773 3367 5830 Matth.
3403 5787 3529 5830 xxv.
