3986 6624
481 437 593 502 575
1573 427 1969 494 (ECUMENII
1994 422 2286 487 TRICCIE
2326 427 2665 490 EPISCOPI
3613 427 3724 494 576

478 545 576 602 des
603 564 618 604 :
650 544 739 601 hic
765 554 945 602 autem
967 561 1064 618 per
1083 546 1191 603 hoc
1208 544 1351 618 quod
1381 561 1488 602 non
1520 546 1619 602 soli
1643 544 1941 617 patiantur,
1965 539 2045 595 sed

2162 556 2262 603 τας
2310 540 2674 626 παθημάτων,
2729 536 2826 594 καὶ
2868 540 2971 611 τῆς
2998 539 3527 613 ἀποκαλυπτομένης
3566 540 3731 613 δόξης

478 645 535 691 et
566 652 757 693 omnes
788 637 973 694 ﬁtleles
994 639 1084 709 qui
1113 639 1169 693 in
1197 639 1402 694 mundo
1429 646 1556 694 sunt
1586 656 1602 695 :
1634 654 1804 710 porro
1819 637 2045 709 gravita-

2156 629 2549 701 κληρονόμους.
2603 630 2866 685 Ἐνταῦθα
2894 631 2951 685 δὲ
3000 631 3088 730 διὰ
3131 631 3227 686 τοῦ
3281 632 3356 704 μὴ
3390 632 3587 703 μόνους
3621 633 3752 731 πάσι

484 735 592 781 tem
627 727 840 783 alleviat
867 731 1101 785 societas
1127 739 1462 786 consortum.

2156 739 2328 794 σχειν,
2361 724 2496 778 ἀλλὰ
2536 726 2632 779 καὶ
2674 718 2883 790 πάντας
2907 714 3036 789 τοὺς
3072 724 3214 779 κατά
3244 725 3450 794 κόσμον
3474 726 3727 789 πιστούς.

2156 816 2545 888 Σονελαφρὶζει
2573 816 2629 870 δὲ
2658 818 2717 870 τὸ
2755 817 2916 887 βάρος
2940 817 2975 886 ἡ
3000 817 3109 869 τῶν
3142 818 3565 870 ὲπικοινούντων
3597 833 3731 885 συγ-

2155 909 2364 979 χέρεια.

1052 999 1282 1056 CAPUT
1329 1002 1462 1059 Vill.

2762 1000 3012 1053 ΚΒΦΛΛ.
3041 999 3124 1051 H’.

717 1094 955 1148 Precatio
990 1112 1083 1159 pro
1117 1100 1435 1166 perfectione
1474 1100 1809 1154 credentium.

2262 1090 2428 1157 Εὐχή
2459 1089 2611 1157 ὑπὲρ
2644 1090 3004 1155 τελειώσεως
3041 1089 3159 1143 τῶν
3181 1092 3616 1146 πιστευόντων.

555 1185 612 1242 ν,
654 1186 829 1238 lli-‘4.
873 1186 1007 1240 (Irus
1045 1198 1221 1241 autem
1280 1191 1448 1241 omnis
1490 1193 1677 1249 qratitr
1709 1193 1799 1260 qui
1850 1194 2045 1246 voravit

2236 1183 2300 1236 Ὀ
2320 1183 2389 1236 δὲ
2416 1184 2559 1245 Θεὸς
2588 1182 2790 1248 πάσης
2821 1184 3077 1250 χάριτος,
3106 1188 3139 1237 ὀ
3164 1184 3423 1247 καλέσας
3454 1182 3615 1250 ἡμᾶς
3637 1185 3728 1249 εἷς

481 1297 568 1329 τιιηδ
600 1281 672 1331 or!
703 1289 954 1331 (etet-nam
985 1297 1137 1332 suam
1180 1281 1408 1350 gloriam
1437 1299 1530 1349 per
1552 1281 1816 1336 Christum
1849 1284 2045 1349 Iesum,

2155 1280 2272 1348 τὴν
2329 1281 2570 1334 αὶὼνιον
2623 1280 2809 1333 αὐτοῦ
2840 1280 3029 1343 δόξαν
3086 1280 3158 1334 ἐν
3202 1278 3451 1345 Χριστῷ,
3493 1278 3726 1342 Ἰησοῦ,

479 1387 762 1436 νῖν-ιυηνρν
783 1372 999 1440 afﬂictos
1026 1373 1162 1425 idem
1193 1374 1446 1425 instauret
1466 1390 1571 1431 ros.
1593 1375 1794 1443 fulciat,
1817 1376 2045 1439 ruboret,

2154 1374 2361 1441 ὀλίγον
2384 1373 2703 1437 παθόντας,
2742 1371 2923 1435 αὐτὸς
2967 1372 3313 1438 καταρτΙσαι
3352 1369 3525 1437 ὑμᾶς.
3574 1385 3728 1437 στη-

478 1461 731 1513 stabiliut.
787 1462 896 1529 Ipsi
914 1456 1094 1531 ’θείη-ιη
1127 1473 1175 1515 et
1208 1466 1487 1532 imperium
1519 1466 1573 1517 in
1616 1466 1809 1520 sarcula
1834 1468 2045 1521 saculo-

2147 1462 2334 1530 ριἘαι.
2374 1462 2697 1523 σθενώσαι,
2726 1460 3098 1530 θεμελιώσαι.
3152 1459 3322 1525 Αὐτῷ
3353 1459 3390 1526 ἡ
3418 1458 3592 1524 δόξα.
3626 1458 3728 1513 και

478 1569 593 1604 rum
660 1553 837 1607 Amen.
872 1556 971 1609 Per
999 1556 1273 1611 Silvanum
1304 1560 1441 1611 vobis
1462 1560 1668 1629 ﬁdelem
1701 1561 1945 1631 fratrem,
1992 1572 2045 1616 ut

2154 1555 2372 1621 κράτος
2428 1556 2517 1621 εις
2563 1553 2707 1621 τοὺς
2756 1554 2980 1620 αἰῶνας
3033 1551 3155 1607 τῶν
3205 1555 3457 1615 αἰώνων,
3518 1552 3722 1621 Ἀμήν.

480 1645 730 1703 arbitror.
761 1649 943 1714 paucis
961 1650 1148 1717 scripsi
1181 1650 1504 1703 :adltortans
1524 1666 1588 1703 ac
1610 1651 1895 1720 testiﬁcans
1917 1650 2045 1705 hanc

2153 1646 2255 1700 Διὰ
2301 1645 2636 1700 Σιλουανοῦ
2690 1645 2835 1715 ὑμῖν
2881 1644 2989 1700 τοῦ
3037 1645 3258 1700 πιστοῦ
3313 1644 3606 1713 ἀδελφοῦ,
3644 1645 3730 1712 ὡς

479 1752 585 1788 esse
615 1754 791 1791 verum
827 1741 1055 1808 gratiam
1094 1741 1187 1794 Dei
1215 1742 1269 1793 in
1299 1759 1401 1812 qua
1426 1744 1598 1796 statis.
1636 1740 1957 1798 Salutatvos
1988 1760 2045 1797 ea

2152 1736 2476 1805 λογίζομαι,
2524 1736 2600 1790 δι’
2632 1737 2854 1806 όλΙγων
2906 1735 3163 1804 ἔγραψα,
3213 1734 3581 1802 παρακαλῶν
3625 1735 3725 1788 καὶ

479 1843 595 1896 quo:
621 1838 703 1882 est
736 1833 790 1883 in
819 1829 1104 1899 Babylone.
1126 1844 1307 1887 vestrm
1340 1851 1548 1889 consors
1571 1835 1834 1890 electionis
1871 1835 2045 1890 Eccle-

2152 1828 2565 1897 ἐπιμαρτυρῶν
2583 1828 2811 1894 ταύτην
2838 1823 2990 1882 εἶναι
3008 1827 3206 1895 ἀληθῆ
3234 1826 3408 1895 χάριν
3421 1826 3529 1880 τοῦ
3550 1826 3724 1890 Θεοῦ,

476 1921 581 1979 sia,
614 1932 661 1974 et
690 1922 897 1976 Marcus
928 1924 1069 1992 filius
1098 1942 1264 1980 meus.
1292 1924 1537 1980 Salutate
1558 1943 1643 1981 vos
1665 1936 1846 1981 mutuo
1871 1927 2018 1982 citari

2150 1921 2236 1986 εις
2267 1918 2347 1986 ἣν
2363 1920 2679 1985 ἑστήκατε.
2697 1917 3034 1979 Ἀσπάζεται
3066 1916 3222 1986 ὑμᾶς
3252 1919 3290 1985 ἡ
3315 1920 3387 1972 ἐν
3409 1913 3727 1973 Βαϐυλῶνι

481 2013 606 2065 talis
643 2014 837 2068 osculo.
887 2015 1005 2069 Pax
1031 2016 1173 2071 vobis
1206 2017 1442 2073 omnibus
1470 2018 1561 2089 qui
1590 2019 1711 2073 estis
1744 2021 1800 2073 in
1844 2020 2051 2074 Christo

476 2101 622 2156 Iesu.
653 2107 836 2161 Amen.
956 2100 959 2101 ν

551 2285 613 2337 Ft
642 2287 947 2342 inchoando
976 2291 1268 2359 Epistolam
1287 2291 1497 2347 Patrem
1520 2293 1654 2348 dixit
1672 2294 1917 2350 misereri
1949 2311 2052 2367 per

479 2375 692 2435 Filium.
716 2389 770 2433 et
791 2398 931 2434 nunc
946 2382 1137 2437 ﬁniens
1178 2388 1428 2438 eumtlem
1445 2384 1659 2440 Patrem
1677 2404 1870 2443 vocare
1890 2386 2050 2443 docet

480 2484 576 2535 per
617 2470 808 2525 i‘ilium
848 2493 860 2527 :
892 2490 1014 2528 nam
1057 2475 1108 2529 id
1139 2486 1225 2531 est
1258 2478 1388 2546 ipsis
1417 2494 1612 2547 scopus
1641 2489 1701 2535 ut
1754 2482 2051 2552 prretlicent

478 2563 819 2629 mysterium,
863 2581 1171 2636 quanquam
1228 2570 1330 2624 hoc
1380 2571 1580 2626 faciant
1627 2589 1748 2627 cum
1802 2575 2051 2629 exhorta-

480 2651 645 2704 tione.
703 2671 721 2702 ι
760 2653 858 2707 Per
906 2654 1223 2723 Sylvanum.
1262 2679 1281 2711 ι
1329 2660 1497 2715 Valde
1555 2662 1726 2717 ﬁdelis
1780 2672 1898 2718 erat
1957 2665 2049 2721 hic

476 2738 751 2803 Silvanus,
784 2753 834 2798 el
876 2747 1017 2801 circa
1050 2750 1487 2816 przcdicationem
1526 2753 1778 2808 alacriter
1806 2766 2044 2812 certans.

480 2830 757 2901 Siquidem
778 2846 829 2890 et
856 2837 1051 2893 Paulus
1067 2842 1185 2905 eius
1203 2845 1470 2907 meminit,
1491 2861 1724 2915 eumque
1739 2848 2045 2917 adjutorem

480 2939 582 2976 una
613 2941 732 2978 eum
775 2928 1064 2984 Timotheo
1089 2932 1250 3004 526
1276 2935 1327 2989 in
1375 2936 1629 3005 Epistolis
1659 2940 1771 2993 suis
1797 2943 2045 3008 assumit,

476 3015 664 3071 dicens
700 3036 712 3072 τ
742 3039 760 3070 ι
804 3021 1016 3087 Paulus,
1052 3033 1106 3078 et
1130 3024 1400 3104 Silvanus,
1453 3038 1508 3084 et
1558 3029 1876 3089 Timotheus
1899 3034 1987 3090 ⁸⁸⁸.
2021 3055 2041 3088 s

478 3100 800 3172 Bahylonem
820 3117 1001 3162 autem
1025 3121 1182 3167 vocat
1213 3100 1464 3183 Romam,
1489 3132 1553 3172 eo
1579 3119 1720 3188 quod
1756 3123 1891 3176 adeo
1915 3121 2049 3175 insi-

2149 2009 2487 2075 Ἐκκλησία
2532 2009 2912 2077 συνεκλεκτὴ
2937 2008 3032 2063 καὶ
3065 2008 3303 2077 Μάρκος
3347 2011 3381 2063 ό
3406 2011 3541 2075 υιός
3580 2025 3723 2078 μου.

2162 2101 2543 2157 Ἀσπάσασθε
2607 2101 2925 2168 ἀλλήλους
2985 2101 3057 2156 ἐν
3118 2102 3403 2170 φιλήματι
3457 2101 3717 2168 ἀγάπης.

2144 2190 2368 2258 Ειρήνη
2410 2191 2554 2259 ὑμῖν
2579 2189 2730 2244 πᾶσι
2756 2190 2881 2256 τοῖς
2903 2190 2973 2243 ἐν
3004 2190 3235 2257 Χριστῷ
3272 2189 3488 2256 Ἰησοῦ.
3507 2189 3716 2257 Ἀμήν.

2221 2280 2336 2333 Καὶ
2365 2281 2667 2350 ἀρχόμενος
2697 2281 2795 2349 τῆς
2824 2278 3173 2347 Ἐπιστολῆς,
3195 2281 3287 2334 τὸν
3314 2282 3529 2350 Πατέρα
3564 2280 3716 2347 ἔλεγε

2148 2372 2237 2427 διὰ
2266 2374 2375 2428 τῶν
2410 2372 2542 2427 Υἱοῦ
2576 2374 2798 2439 ἐλεῆσαι
2849 2372 3017 2442 ἡμᾶς.
3050 2373 3160 2425 Καὶ
3193 2372 3289 2425 νῦν
3341 2372 3589 2432 τελειῶν,
3622 2372 3713 2427 τδν

2154 2466 2317 2521 αὐτὸν
2346 2466 2560 2536 πατέρα
2586 2464 2814 2518 καλέσαι
2836 2464 2924 2517 διὰ
2960 2462 3053 2517 τοῦ
3095 2463 3211 2518 υἱοῦ
3248 2464 3513 2518 διδάσκει.
3546 2463 3719 2518 Τοῦτο

2148 2560 2257 2631 γὰρ
2297 2560 2481 2621 αὐτοῖς
2512 2557 2734 2621 σκοπὸς,
2783 2556 2843 2611 τὸ
2875 2557 3174 2628 μυστήριον
3220 2556 3476 2625 κηρῦξαι,
3518 2558 3569 2609 si
3625 2557 3719 2610 καὶ

2152 2649 2290 2717 μετά
2317 2648 2655 2719 πραινέσεως
2674 2647 2832 2700 τοῦτο
2864 2646 3128 2701 ποιοῦσιν.
3171 2667 3190 2697 σ
3220 2647 3317 2700 Διὰ
3351 2647 3665 2701 Σιλουανοῦ.
3695 2665 3714 2697 ι

2154 2740 2351 2804 Πιστὸς
2383 2739 2832 2809 ὑπερϐαλλόντως
2857 2741 2885 2793 δ
2913 2739 3200 2803 Σιλουανὺς
3232 2734 3409 2802 οὗτος.
3451 2741 3565 2793 Καὶ
3589 2741 3718 2805 περὶ

2151 2833 2212 2888 τὺ
2247 2834 2510 2903 κήρυγμα
2541 2832 2794 2904 εὐθύμως
2823 2832 3247 2903 ἀγωνιζόμενος,
3280 2834 3334 2887 εἴ
3351 2850 3415 2902 γε
3447 2835 3542 2887 καὶ
3576 2822 3720 2887 Παῦ-

2148 2923 2241 2985 λος
2272 2922 2437 2976 αὐτοῦ
2497 2923 2847 2993 μνημονεύει,
2908 2924 3004 2977 καὶ
3056 2924 3316 2994 συνεργὸν
3356 2923 3522 2978 αὑτὸν
3578 2923 3719 2994 μετά

2149 3016 2418 3088 Τιμοθέου
2444 3018 2504 3069 ὲν
2533 3018 2654 3081 ταῖς
2682 3017 2993 3080 ἐπιστολαῖς
3019 3016 3459 3089 παραλαμϐάνει,
3501 3036 3523 3069 ι
3561 3018 3717 3071 Παῦ-

2149 3107 2263 3174 λος,
2295 3107 2491 3174 λέγων,
2513 3107 2607 3160 καὶ
2636 3107 2943 3172 Σιλουανδς,
2961 3109 3056 3162 καὶ
3074 3109 3390 3179 Τιμόθεος.)
3419 3109 3720 3163 Βαϐυλῶνα

478 3194 599 3257 guis
655 3210 718 3248 ac
770 3199 1029 3265 praeclara
1070 3211 1235 3257 esset.
1275 3204 1417 3271 quod
1480 3215 1534 3259 et
1577 3208 1813 3277 Babylon
1876 3210 2045 3264 multo

2148 3201 2204 3254 δὲ
2240 3200 2336 3271 τὴν
2380 3199 2601 3271 Ῥώμην
2660 3200 2746 3254 διὰ
2796 3200 2859 3253 τδ
2914 3204 3214 3272 περιφανὲς
3263 3202 3437 3265 καλεῖ,
3470 3201 3501 3255 δ
3550 3202 3715 3273 καὶὴ

479 3293 724 3354 tempore
754 3292 968 3349 halmit.
1000 3293 1237 3349 Marcum
1278 3312 1407 3351 vero
1434 3297 1601 3352 ﬁlium
1633 3302 1869 3370 appellat
1891 3300 2045 3371 juxta

475 3382 749 3451 spiritum,
786 3395 839 3439 et
868 3401 975 3438 nou
1011 3386 1163 3451 juxta
1190 3403 1429 3444 carnem.
1475 3388 1612 3443 Huic
1659 3403 1839 3446 autem
1897 3410 2048 3448 com-

480 3478 648 3531 misit.
677 3486 734 3529 ut
762 3479 925 3531 etiam
966 3480 1314 3548 Evangelium
1366 3485 1649 3538 scriberet.
1683 3484 1911 3550 Quidam
1962 3489 2048 3542 ni-

480 3568 774 3621 hilominus
805 3569 921 3622 ausi
948 3567 1169 3622 l‘uerunt
1198 3586 1445 3626 asserere
1476 3573 1714 3628 Marcum
1741 3575 1907 3630 fuisse
1936 3577 2043 3632 divi

476 3660 621 3714 Petri
651 3659 816 3713 ﬁlium
850 3660 997 3725 iuxta
1028 3676 1270 3723 carnem,
1308 3672 1633 3733 argumento
1673 3674 1885 3720 utentes
1928 3667 2047 3737 ejus

476 3750 620 3820 quod
656 3751 707 3804 in
765 3753 912 3807 Actis
952 3755 1318 3809 apostolorum
1362 3756 1565 3810 dictum
1601 3767 1684 3811 est
1719 3774 1747 3811 a
1782 3758 1924 3813 Lut-a
1954 3759 2041 3814 ⁶¹⁶.

481 3847 566 3898 Ait
589 3847 733 3901 enim
779 3847 922 3901 hunc
950 3847 1169 3904 Petrum
1205 3867 1300 3919 per
1328 3852 1579 3921 angelum
1601 3853 1695 3907 Dei
1725 3854 2046 3910 mirabiliter

478 3936 546 3989 de
564 3951 780 3990 carcere
810 3940 1064 3992 eductum
1099 3940 1149 3993 in
1182 3956 1289 4009 quo
1325 3942 1669 3996 concluserat
1697 3959 1823 3998 eum
1866 3946 2045 4001 Hero-

478 4026 596 4089 des,
652 4029 935 4085 dimissum
986 4031 1054 4085 ab
1100 4033 1342 4103 angelico
1381 4035 1670 4103 colloquio.
1726 4038 1940 4093 venisse
1977 4038 2043 4093 ad

476 4117 694 4172 domum
732 4126 919 4175 matris
949 4121 1197 4185 Joannis.
1241 4125 1333 4194 qui
1386 4128 1877 4193 cognominabatur
1908 4130 2046 4184 Mar-

475 4223 592 4262 cus.
630 4218 883 4279 tanquam
912 4211 977 4264 ad
1007 4227 1160 4265 suam
1191 4213 1365 4282 ipsius
1388 4216 1605 4269 domum
1642 4218 1854 4271 venerit
1900 4227 1951 4272 et
1978 4218 2043 4273 ad

472 4299 771 4367 legitimam
806 4318 1050 4358 uxorem.
1084 4304 1223 4356 Cum
1273 4312 1455 4359 autem
1484 4307 1690 4362 Paulus
1738 4310 1957 4365 Scribat.
1986 4318 2046 4365 ut

475 4406 534 4442 se
557 4400 743 4442 mutuo
776 4394 1014 4447 salutent
1042 4394 1230 4447 osculo
1281 4403 1490 4455 sancto,
1529 4395 1619 4451 hic
1652 4397 1804 4459 dicit,
1845 4398 2044 4453 Osculo

474 4480 775 4540 charitatis,
818 4481 961 4534 idem
994 4481 1181 4535 dicens
1227 4497 1350 4535 cum
1402 4483 1513 4537 illo.
1538 4484 1863 4541 Novitenim
1899 4489 2045 4542 Pau-

476 4569 559 4623 lus
590 4569 636 4600 "
664 4570 991 4624 charitatem
1040 4567 1159 4639 qua!
1204 4574 1505 4628 secundum
1536 4575 1809 4631 Christum
1860 4587 1943 4634 est
1989 4589 2044 4635 et

474 4658 728 4713 omnibus
783 4659 1080 4715 virtutibus
1128 4662 1303 4731 major
1342 4673 1444 4728 est,
1490 4666 1610 4735 ipso
1649 4683 1862 4738 quoque
1899 4685 2045 4724 mar-

475 4753 613 4821 tyrio
644 4762 864 4820 propter
887 4755 1165 4810 Christum
1190 4769 1461 4828 suscepto.
1483 4760 1576 4814 ille
1596 4762 1777 4831 itaque
1798 4775 2043 4820 sanctum

475 4843 719 4896 osculum
756 4843 886 4899 dicit
918 4857 1256 4917 segregatum
1289 4864 1351 4904 ac
1381 4850 1664 4905 deﬁnitum
1708 4853 1762 4906 in
1798 4854 1930 4916 Deo.
1959 4855 2046 4911 hic

475 4946 657 4990 autem
685 4937 933 4991 similiter
957 4940 1241 4997 charitatis
1257 4942 1500 4996 osculum
1522 4960 1642 5013 qua:
1671 4960 1797 4999 vera
1826 4945 2044 5001 dilectio

476 5035 578 5092 est,
613 5043 771 5096 quam
807 5028 1004 5085 Paulus
1028 5025 1283 5088 laudibus
1312 5035 1528 5089 extulit.
1560 5035 1689 5091 Ideo
1714 5037 1875 5091 etiam
1907 5039 2040 5091 sul)-

473 5120 690 5189 jungit:
730 5138 748 5170 ι
780 5121 886 5175 Pax
917 5122 1069 5177 vobis
1096 5126 1349 5181 omnibus
1396 5128 1486 5195 qui
1538 5128 1669 5182 estis
1720 5128 1773 5182 in
1826 5128 2041 5184 Christo

473 5212 601 5267 Jesu
638 5230 652 5265 :
685 5231 704 5263 ι
732 5229 839 5267 non
864 5216 1138 5282 vulgarem
1190 5218 1379 5273 dicens
1412 5235 1599 5288 pacem
1631 5235 1752 5288 qua!
1789 5229 1874 5274 est
1898 5221 2038 5289 apud

476 5302 750 5362 homines,
781 5319 900 5371 qu:e
927 5305 1241 5359 hominihus
1267 5307 1413 5361 cordi
1437 5318 1521 5362 est
1545 5318 1768 5377 propter
1798 5309 2042 5364 aﬁ‘ectio-

479 5408 601 5445 nem
631 5393 813 5460 gloria!
850 5410 1005 5450 vana:
1047 5406 1104 5449 ct
1145 5396 1421 5453 iruitionis
1460 5400 1821 5468 voluptatum,
1851 5402 2049 5469 quihus

478 5485 920 5556 traduntseipsos
952 5486 1005 5540 hi
1037 5487 1128 5556 qui
1159 5503 1188 5542 a
1216 5489 1358 5544 bello
1380 5500 1575 5546 vacant
1603 5492 1732 5547 :sed
1770 5503 2047 5562 precatur,

475 5584 537 5630 ut
566 5593 751 5646 pacem
787 5588 1211 5649 consequantur,
1239 5597 1345 5651 qua
1379 5590 1434 5638 ct
1461 5594 1778 5655 prmceptor.
1800 5584 2049 5639 Christus

2147 3293 2405 3347 Βαϐυλὼν
2427 3293 2606 3365 πολλῷ
2639 3292 2815 3364 χρόνῳ
2843 3293 3062 3363 ἔσχηκε.
3092 3294 3318 3364 Μάρκον
3344 3295 3401 3348 δὲ
3432 3296 3549 3349 υἱὸν
3575 3295 3719 3351 κατά

2145 3385 2365 3453 πνεῦμα
2395 3384 2570 3450 καλεῖ,
2616 3384 2733 3439 ἀλλ’
2780 3386 2841 3439 οὔ
2891 3388 3032 3440 κατὰ
3072 3386 3271 3456 σάρκα.
3315 3387 3505 3457 Τούτῳ
3530 3388 3588 3443 δὲ
3623 3389 3720 3443 καὶ

2143 3477 2202 3531 τὸ
2226 3477 2557 3546 Εὑαγγέλιον
2583 3476 2790 3548 γράψαι
2816 3477 3104 3546 ἐπέτρεψε.
3136 3478 3292 3541 Τινὲς
3342 3478 3400 3532 δὲ
3434 3479 3529 3532 καὶ
3563 3481 3716 3548 ὅμως

2143 3570 2447 3639 ἐτόλμησαν
2472 3571 2565 3623 καὶ
2592 3570 2852 3640 σαρκικδν
2873 3569 2988 3623 υῐδν
3017 3573 3292 3641 ἀποφῆναι
3320 3571 3512 3627 τοῦτον
3534 3573 3601 3643 δὴ
3629 3574 3721 3627 τὸν

2143 3662 2372 3732 Μάρκον
2405 3661 2499 3715 τοῦ
2532 3661 2677 3714 θείου
2705 3662 2931 3733 Πέτρου,
2955 3663 3238 3732 τεκμηρίῳ
3278 3662 3619 3733 χρησάμενοι
3641 3663 3717 3734 τῷ

2143 3754 2202 3807 ὲν
2231 3756 2351 3817 ταῖς
2412 3753 2649 3823 Πράξεσι
2680 3754 2787 3806 τῶν
2827 3754 3140 3808 ἀποστόλων
3174 3756 3449 3825 εἰρημένῳ
3501 3755 3714 3828 Λουκᾷ.

2140 3846 2278 3913 Φησὶ
2306 3846 2414 3914 γὰρ
2459 3845 2649 3898 τοῦτον
2684 3845 2774 3898 τὸν
2827 3846 3032 3916 Πέτρον
3059 3846 3127 3900 δι’
3153 3848 3386 3916 ἀγγέλου
3429 3847 3575 3902 Θεοῦ
3618 3850 3717 3919 τῆς

2145 3936 2397 4005 φυλακῆς
2422 3937 2753 4007 ἐκϐληθέντα
2814 3938 3153 4010 παραδόξως,
3234 3940 3588 3994 κατέκλεισεν
3618 3942 3716 3995 αύ-

2145 4017 2233 4083 τὸν
2274 4029 2538 4099 Ἡρώδης.
2589 4029 2684 4083 τοῦ
2714 4031 3104 4102 χρηματισμοῦ
3147 4031 3241 4085 τοῦ
3279 4034 3516 4101 ἀγγέλου
3580 4034 3716 4101 ἀφε-

2145 4121 2303 4174 θέντα
2336 4122 2416 4179 sic
2467 4121 2565 4190 τὴν
2596 4121 2770 4175 οἰκίαν
2795 4122 3040 4193 ὁρμῆσαι
3092 4123 3190 4193 τῆς
3222 4125 3430 4194 μητρὸς
3461 4124 3712 4179 Ἰωάννου

2143 4210 2237 4263 τοῦ
2262 4209 2647 4279 ἐπικληθέντος
2676 4213 2925 4279 Μάρκου,
2959 4213 3035 4276 ὡς
3066 4215 3144 4273 εἰς
3177 4214 3275 4283 τὴν
3312 4212 3507 4266 ἑαυτοῦ
3530 4215 3714 4269 οἰκίαν

2144 4300 2508 4355 ἐπανελθόντα
2536 4302 2629 4355 καὶ
2668 4301 2767 4373 τὴν
2800 4303 3038 4373 νομιμην
3070 4302 3321 4370 σύζυγον.
3353 4305 3463 4358 Τοῦ
3491 4305 3710 4360 Παύλου

2142 4393 2198 4447 δὲ
2250 4393 2588 4459 ἀσπάζεσθαι
2639 4393 2900 4461 ἀλλήλους
2960 4397 3018 4448 έν
3080 4397 3346 4466 φιλήματι
3406 4398 3715 4467 γράφοντος

2144 4487 2305 4558 ἁγίῳ,
2339 4484 2491 4549 οὗτος
2547 4487 2637 4541 Ἐν
2693 4488 2955 4557 φιλήματι
3014 4505 3178 4557 φησιν
3225 4491 3466 4559 ἀγάπης,
3511 4492 3714 4545 ταύτὸν

2075 4551 2119 4607 D
2145 4551 2339 4650 ἐκείνῳ
2367 4579 2561 4646 λέγων.
2601 4551 2919 4631 Ἐπὶσταται
2947 4551 3054 4648 γάρ
3077 4551 3176 4631 ’καὶ
3208 4551 3414 4641 Παῦλος
3444 4578 3542 4649 τὴν
3573 4578 3714 4632 κατὰ

2145 4669 2378 4739 Χριστδν
2411 4669 2654 4736 ἀγάπην,
2685 4667 2858 4736 μείζω
2905 4665 3096 4719 πασῶν
3127 4665 3290 4719 οὖσαν
3337 4667 3448 4720 τῶν
3479 4668 3711 4737 ἀρετῶν,

2145 4762 2239 4813 καὶ⁵
2287 4756 2451 4811 αὐτοῦ
2505 4755 2598 4809 τοῦ
2633 4754 2771 4809 κατὰ
2828 4754 3060 4825 Χριστὸν
3116 4754 3437 4824 μαρτυρίου.
3476 4754 3711 4816 Ἐκεῖνος

2149 4850 2246 4918 μὲν
2270 4847 2362 4902 οὖν
2393 4847 2601 4917 φίλημα
2618 4846 2792 4914 αγιον,
2825 4846 2886 4898 τὸ
2912 4846 3295 4915 ἀφωρισμένον
3318 4846 3375 4896 ὲν
3395 4845 3515 4914 Θεῷ
3529 4845 3697 4912 λέγει.

2153 4932 2321 5002 Οὗτος
2351 4938 2408 4991 δὲ
2426 4937 2627 5004 ὁμοίως
2654 4938 2873 5006 ἀγάπης
2910 4937 3121 5006 φίλημα
3161 4938 3262 5002 τῆς
3293 4935 3461 4997 ὅντως
3492 4936 3710 5002 ἀγάπης

2148 5031 2218 5102 ἣν
2246 5032 2338 5084 καὶ
2373 5027 2586 5089 Παῦλος
2612 5028 2903 5097 έξύμνησε.
2941 5029 3032 5080 Διὸ
3065 5027 3159 5080 xal
3191 5028 3411 5094 ἐπάγει.
3448 5045 3467 5077 ι
3508 5026 3706 5094 Εἰρήνη

2149 5125 2279 5193 ύμῖν
2308 5124 2442 5175 πᾶσι
2471 5122 2583 5183 τοῖς
2614 5122 2672 5172 ὲν
2696 5117 2911 5189 Χριστῷ
2955 5120 3156 5188 Ἰησοῦ*
3188 5138 3208 5171 ι
3272 5120 3332 5171 οὐ
3390 5118 3491 5187 τῆς
3525 5121 3708 5187 κοινῆς

2150 5215 2371 5284 εἰρήνης
2395 5212 2568 5279 λέγων
2590 5211 2690 5282 τῆς
2720 5215 2860 5264 κατὰ
2914 5209 3252 5280 ἀνθρώπους,
3287 5211 3409 5280 ἥτις
3438 5210 3505 5263 δι’
3532 5210 3708 5279 ἐμπά-

2149 5307 2300 5359 θειαν
2330 5302 2636 5374 ἀνθρώποις
2688 5301 3069 5366 σπουδάζεται,
3120 5301 3275 5369 δόξης
3309 5303 3544 5369 ματαίας
3579 5303 3695 5355 ἀπο-

2145 5398 2391 5458 λαύσεως
2416 5395 2638 5465 ἡδονῶν,
2665 5394 2802 5465 πρὸς
2828 5394 2894 5455 ἃς
2922 5395 2973 5446 oi
3008 5393 3113 5446 ἀπὸ
3150 5397 3259 5446 τῶν
3312 5394 3563 5461 πολέμων
3588 5411 3695 5463 σχου

2146 5487 2407 5552 λάζοντες
2458 5485 2759 5539 ἐκδιδόασιν
2797 5485 3045 5545 ἑαυτοὺς,
3087 5483 3200 5537 ἀλλ’
3247 5484 3469 5552 εἰρήνης
3518 5483 3706 5543 αὐτοὺς

2149 5582 2334 5651 τυχεῖν
2369 5577 2730 5649 παρεύχεται,
2790 5570 2859 5647 ἦς
2916 5575 3116 5638 αὐτοὺς
3172 5574 3266 5628 καὶ
3318 5576 3346 5627 ὁ
3393 5574 3705 5635 διδάσκαλος

542 5755 608 5790 ⁸¹“
646 5759 888 5815 l'l‘hess.
921 5762 1005 5824 1,!
1036 5778 1052 5829 ;
1087 5761 1132 5816 ll
1163 5760 1353 5816 Thess.
1388 5778 1427 5828 t,
1469 5764 1521 5818 l.
1597 5763 1666 5797 ⁸³·
1692 5763 1809 5819 Act.
1859 5780 1959 5830 su,
1993 5763 2013 5818 l
2063 5778 2216 5833 seqq.
2256 5760 2343 5816 "l
2372 5758 2497 5813 Cor.
2535 5773 2654 5823 xm.
2688 5755 2745 5810 Ι·
2773 5756 2860 5812 13-
