3850 6540
150 350 240 418 571

1128 348 1510 410 COMMENT.
1543 348 1630 410 IN
1666 349 1905 410 EPIST.
1940 348 2000 408 ῐΙ
2033 350 2095 410 S.
2139 349 2388 409 PETRI.

3271 348 3375 408 578

146 466 358 538 Χριστὸς
380 466 519 538 πρὸς
544 465 720 531 πάθος
743 465 940 537 χωρῶν
959 465 1182 536 ἠξίωσε,
1216 466 1465 536 φάσκων,
1484 484 1502 517 ι
1531 465 1689 536 Εἰρή-

1799 467 1868 521 ad
1920 466 2227 536 passionem
2271 463 2578 536 procedens
2641 464 2787 534 ipsos
2827 463 3081 536 dignatus
3129 474 3233 530 est,
3288 468 3378 522 di-

141 577 225 630 νην
247 559 452 628 ἀφίημι
473 559 624 630 ὑμῖν,
662 579 680 612 ι
712 561 806 613 καὶ
838 558 1140 627 ἐπαγαγὼν
1163 558 1223 612 τὸ
1257 558 1537 629 διάφορον,
1570 577 1590 610 ι
1617 559 1691 611 Οὐ

139 650 300 713 καθὼς
335 654 365 704 ὁ
400 651 606 721 κόσμος
635 652 870 706 δίδωσιν.
925 670 944 703 ι
987 651 1062 703 Οὐ
1107 650 1216 718 γάρ
1267 649 1337 702 δι’
1383 649 1696 718 ἐμπάθειαν

137 741 485 811 ιΙρηνευτέον,
549 741 686 794 me
738 741 827 794 διά
873 739 936 795 τὺ
984 740 1405 811 συνδεδεμένους
1450 741 1595 809 ὑμᾶς
1629 743 1696 811 τῇ

135 835 330 904 ἀγάπη.
358 832 506 891 οὕτω
535 835 636 895 τὰς
666 833 774 886 ἀπὸ
805 833 913 885 τῶν
939 832 1252 887 ἀντιπάλων
1293 832 1697 901 ἀπεκδέχεσθαι

135 925 297 995 βολάς.
333 925 622 995 Πανταχοῦ
649 925 707 978 δὲ
755 925 946 995 ὥσπερ
981 927 1256 997 σφραγῖδα
1291 923 1626 988 ἐπιτιθέντες
1649 927 1698 978 οἱ

133 1017 214 1070 τοῦ
239 1017 449 1086 Κυρίου
483 1017 722 1086 μαθηταὶ
747 1017 847 1087 τὴν
876 1019 966 1070 ἐπὶ
991 1018 1140 1070 τέλει
1170 1016 1358 1087 εὐχὴν,
1379 1015 1442 1068 τὸ
1471 1017 1698 1087 γνήσιον

134 1108 222 1178 τῆς
253 1109 433 1163 αὐτῶν
456 1109 747 1178 ἁγιότητος
781 1110 1156 1181 ἐπιφέρουσιν.

588 1313 835 1387 Ἔγράφη
863 1313 970 1369 άπδ
1018 1313 1257 1387 Ῥώμης.
1309 1367 1314 1372 ,

208 1453 252 1488 ⁸⁸
300 1452 461 1509 Joan.
511 1469 626 1521 xw,
683 1453 778 1509 27.

161 1647 1326 1678 ψ

1803 574 1936 614 cens
1967 577 1981 613 :
2023 576 2041 610 ι
2094 558 2290 612 Pacem
2339 572 2517 611 meam
2565 557 2814 627 relinquo
2851 558 3036 622 vobis;
3070 578 3089 612 ι
3125 569 3180 615 et
3212 561 3376 615 dill‘e-

1801 653 2033 706 rentiam
2065 651 2434 720 subjungens:
2469 667 2488 699 ι
2529 649 2646 704 Νοη
2669 649 3150 720 quemadmodum,
3177 653 3373 721 inquit,

1803 744 2040 798 mundus
2067 743 2156 797 dat
2183 743 2252 796 “.
2277 761 2296 794 ι
2325 741 2440 796 Νοη
2470 743 2617 796 enim
2643 750 2864 812 propter
2897 744 3378 815 all'ectionempax

1805 836 2097 905 quaerenda
2129 842 2234 895 est,
2267 833 2360 889 secl
2396 843 2457 888 ut
2492 834 2729 904 colligati
2778 833 2949 888 simus
2975 835 3264 898 charitate,
3309 835 3380 890 ad

1807 925 2160 994 excipiendos
2191 926 2294 979 hoc
2327 925 2490 979 modo
2511 925 2652 980 ictus
2668 925 3131 981 adversariorum.
3166 924 3380 996 Ubique

1807 1024 1991 1071 autem
2010 1027 2265 1085 tanquam
2295 1017 2529 1087 sigillum
2559 1018 2819 1073 addentes
2849 1018 3102 1088 discipuli
3138 1019 3376 1084 Domini,

1806 1110 2176 1181 precationem
2219 1110 2274 1164 in
2326 1109 2433 1164 line
2488 1111 2743 1176 afferunt,
2791 1119 3050 1182 tanquam
3079 1113 3377 1184 genuinum

1803 1217 1917 1258 sua:
1947 1202 2256 1258 sanctitatis
2295 1201 2532 1272 signum.

2192 1312 2404 1384 Scripta
2428 1325 2510 1370 est
2529 1315 2597 1370 ab
2618 1315 2753 1371 urbe
2798 1317 2990 1373 Roma.

1325 1645 3348 1684 mw

1379 1807 2141 1925 ΥΠΟΘΕΣΙΣ

331 2027 546 2118 ΤΗΣ
607 2029 1058 2118 ΠΕΤΡΟΥ
1127 2023 1796 2120 ΚΑΘΟΛΙΚΗΣ
1885 2031 2443 2124 ΔΕΥΤΕΡΑΣ
2523 2037 3160 2128 ΕΠΙΣΤΟΛΗΣ

1708 2237 1781 2250 _

1246 2381 1935 2500 ARGUMEN
1948 2387 2254 2502 TUM
2340 2438 2348 2445 ο

390 2620 1099 2728 ΟΑΤΗΟΕΙΟῙΕ
1159 2621 1516 2712 PETRI
1589 2620 2393 2716 POSTEBIORIS
2441 2625 3110 2722 EPISTOLIE.

209 2967 407 3036 Ταύτην
434 2967 597 3021 πάλιν
625 2969 650 3019 ὁ
680 2966 839 3032 αὑτὸς
869 2967 1075 3039 Πέτρος
1105 2969 1409 3022 ἐπιστέλλει
1433 2971 1545 3033 τοῖς
1572 2973 1672 3044 ἤδη

1851 2970 2011 3042 527
2036 2969 2184 3026 Hanc
2204 2987 2420 3027 rursum
2449 2973 2635 3028 scribit
2660 2973 2850 3030 Petrus
2872 2974 2983 3046 jam
3001 2977 3368 3036 credentibus.

149 3060 495 3114 πιστεύσασιν.
535 3059 771 3111 Ἐστιδέ
807 3061 839 3130 ή
883 3058 1193 3130 Ἐπιστολή,
1253 3061 1560 3132 ὑπόμνησις
1581 3063 1690 3118 τῶν

147 3154 374 3222 πρώτων.
405 3152 576 3214 Εἰδὼς
605 3151 713 3221 γάρ
747 3154 969 3221 ταχεῖαν
997 3150 1162 3204 αὑτοῦ
1194 3150 1412 3206 ἔσεσθαι
1443 3153 1540 3224 τὴν
1571 3157 1693 3211 ἀνάο

145 3242 280 3297 λυσιν
309 3244 396 3296 τοῦ
457 3245 730 3313 σώματος,
766 3243 1065 3296 ἐσπούδασε
1123 3245 1334 3308 πάντας
1375 3246 1689 3317 ὑπομνῆσαι

139 3338 253 3406 περὶ
297 3328 366 3387 ὧν
396 3332 786 3403 κατηχήθησαν
806 3335 903 3403 τῆς
929 3333 1295 3398 διδασκαλίας.
1325 3338 1436 3390 Καὶ
1475 3339 1691 3409 πρῶτον

137 3425 247 3492 μὲν,
280 3427 401 3496 περὶ
429 3424 527 3491 τῆς
547 3425 782 3486 πίστεως
804 3423 1103 3494 ἐξηγεῖται,
1140 3425 1353 3488 δεικνὺς
1380 3427 1551 3498 αὐτὴν
1585 3429 1691 3482 ἀπὸ

132 3515 228 3566 τῶν
252 3514 545 3586 προφητῶν
567 3512 1047 3581 εὐαγγελίσασθαι,
1079 3513 1173 3566 καὶ
1217 3515 1300 3567 ὅτι
1331 3515 1386 3566 αἱ
1428 3515 1558 3584 περὶ
1595 3513 1689 3567 τοῦ

129 3604 370 3676 Σωτῆρος
422 3608 754 3678 προφητεῖαι
816 3606 916 3658 οὐκ
957 3604 1096 3658 εἰσὶν
1145 3605 1504 3674 ἀνθρώπιναι,
1556 3606 1690 3661 ἀλλὰ

125 3699 274 3768 παρὰ
323 3699 457 3752 Θεοῦ
518 3699 884 3768 ἐλαλήθησαν.
912 3697 1142 3750 Ἔπειτα
1185 3699 1580 3768 παραγγέλλει,
1615 3699 1689 3771 μὴ

125 3794 410 3861 προσέχειν
438 3794 554 3854 τοῖς
573 3790 875 3853 ἀπατῶσιν,
902 3789 1075 3857 λέγων
1097 3789 1313 3842 ἔσεσθαι
1336 3790 1514 3843 αὐτῶν
1539 3790 1690 3843 ἀπώ-

125 3881 296 3948 λειαν,
326 3883 519 3953 ὥσπερ
549 3884 641 3936 καὶ
665 3882 777 3935 τῶν
812 3883 1177 3950 παραϐάντων
1206 3883 1456 3951 ἀγγέλων
1474 3883 1685 3950 γέγονε.

123 3977 434 4048 Προμηνύει
463 3978 521 4030 δὲ
552 3980 612 4030 ἐν
650 3979 715 4047 τῇ
752 3977 1009 4044 ἐπιστολῇ
1035 3976 1246 4045 ἡμέρας
1273 3975 1492 4029 ἔσεσθαι
1516 3978 1573 4029 ἐν
1600 3973 1688 4039 αἷς

120 4071 421 4139 ἐμπαῖκται
463 4068 901 4140 περιπατήσουσι
945 4065 1041 4118 καὶ
1093 4065 1414 4135 θελήσουσιν
1471 4066 1688 4137 άπατᾷν

118 4178 290 4223 τινας,
326 4162 605 4228 λέγοντες,
677 4159 850 4229 μάτην
883 4156 1138 4226 λέγεσθαι
1196 4157 1326 4227 παρ’
1376 4158 1533 4227 ἡμῶν
1587 4157 1688 4228 τὴν

117 4254 422 4321 παρουσίαν
485 4252 582 4304 τοῦ
616 4252 889 4320 Σωτῆρος.
925 4250 1015 4304 διὰ
1045 4248 1106 4300 τὸ
1139 4249 1226 4301 ἀεὶ
1276 4247 1550 4315 λέγεσθαι,
1594 4249 1689 4300 καὶ

1793 3061 1888 3116 Est
1912 3072 2092 3118 autem
2128 3064 2367 3133 Epistola
2393 3066 2632 3135 priorum
2660 3071 3028 3124 memorativa.
3059 3070 3194 3126 Cum
3216 3075 3366 3129 enim

1792 3155 1959 3209 sciret
2011 3155 2160 3210 brevi
2214 3155 2453 3210 futuram
2504 3157 2587 3211 sui
2640 3159 2882 3223 corporis
2932 3161 3365 3232 dissolutionem,

1793 3245 2047 3299 studebat
2103 3260 2292 3299 omnes
2327 3247 2618 3302 admonere
2669 3248 2929 3305 doctrinae
2979 3268 3083 3322 qua
3117 3257 3367 3312 Instructi

1792 3333 2027 3389 fuerant.
2064 3335 2128 3390 Et
2151 3337 2386 3406 primum
2424 3339 2641 3407 quidem
2669 3341 2737 3395 de
2774 3341 2876 3395 [ide
2906 3346 3147 3412 eXponit,
3173 3358 3368 3403 osten-

1791 3426 1927 3481 dens
1949 3428 2120 3495 ipsam
2147 3445 2176 3482 a
2203 3431 2484 3498 prophetis
2515 3434 2891 3488 annuntiatam
2942 3435 3112 3491 fuisse
3153 3455 3168 3491 :
3194 3440 3370 3508 quod-

1791 3530 1895 3584 que
1926 3518 2223 3586 pruphetia:
2251 3534 2371 3587 qua:
2392 3519 2458 3574 de
2483 3519 2760 3576 Salvatore
2787 3523 3084 3592 loquuntur
3113 3541 3218 3580 non
3238 3537 3369 3584 sunt

1792 3607 2066 3673 humanae,
2092 3610 2186 3664 sed
2216 3625 2243 3662 a
2269 3609 2381 3665 Deo
2425 3612 2648 3680 prolatae
2701 3613 2833 3668 sint.
2886 3614 3089 3671 Deinde
3125 3621 3370 3691 praecipit

1791 3716 1860 3754 ne
1889 3702 2132 3783 animum
2167 3703 2452 3758 advertant
2479 3705 2880 3770 seductoribus,
2901 3708 3091 3764 dicens
3125 3709 3366 3768 futuram

1791 3808 1915 3848 esse
1961 3794 2201 3862 ipsorum
2248 3796 2632 3864 perditionem,
2682 3800 3137 3866 quemadmodum
3201 3805 3366 3860 etiam

1791 3883 1930 3938 facta
1976 3885 2076 3938 fuit
2125 3894 2590 3956 transgressurum
2641 3890 2978 3958 angelorum.
3030 3893 3368 3951 Prmnuntiat

1792 3984 1975 4028 autem
2009 3976 2063 4028 in
2091 3977 2333 4045 Epistola
2363 3978 2478 4031 fore
2512 3979 2630 4032 dies
2683 3981 2883 4047 quibus
2931 3983 3368 4041 obambulabunt

1791 4067 2042 4121 illusores
2096 4069 2344 4122 volentes
2374 4069 2582 4139 aliquos
2622 4071 2901 4137 seducere,
2948 4074 3179 4128 dicendo
3227 4091 3366 4132 vane

1791 4160 1900 4214 dici
1946 4176 1974 4212 a
2008 4161 2165 4215 nobis
2209 4160 2450 4215 futurum
2512 4161 2725 4216 Domini
2775 4165 3090 4230 adventum,
3125 4183 3193 4223 eo
3221 4170 3367 4238 quod

1794 4265 2013 4320 semper
2040 4251 2251 4304 dicatur
2277 4261 2330 4306 et
2359 4252 2600 4306 nondum
2633 4254 2938 4309 advenerit.
2972 4255 3055 4312 Ab
3096 4258 3180 4312 his
3203 4261 3367 4328 igitur

117 4345 188 4412 μή
221 4362 310 4396 πω
340 4343 771 4414 παραγενέσθαι.
813 4341 948 4393 Ἀπὸ
985 4339 1189 4393 τούτων
1210 4334 1302 4392 οὖν
1329 4338 1424 4392 καὶ
1455 4337 1688 4408 μάλιστα

1917 4307 1931 4320 _
2754 4307 2759 4308 ,
2973 4307 3049 4312 η-
3096 4307 3358 4328 -----ο----

1794 4341 2028 4397 maxime
2063 4345 2302 4412 separari
2344 4345 2610 4413 praecipit,
2653 4345 2856 4400 docens
2889 4363 2997 4402 non
3040 4365 3160 4404 esse
3191 4353 3365 4423 negli-

115 4437 419 4505 ἀπέχεσθαι
450 4433 843 4504 παραγγέλλει,
881 4432 1148 4485 διδάσκων
1195 4431 1269 4500 μὴ
1317 4430 1602 4500 ὀλιγωρεῖν
1632 4431 1688 4483 ἐν

1794 4443 1979 4502 genter
2017 4435 2365 4504 transigenda
2423 4444 2670 4504 tempora
2718 4455 2730 4490 :
2776 4452 2897 4490 eum
2943 4453 3105 4493 omne
3151 4450 3365 4512 tempus

115 4532 224 4592 τοῖς
261 4530 501 4599 χρόνοις.
530 4528 714 4580 Πάντα
738 4526 845 4594 γάρ
863 4525 955 4577 τὸν
981 4523 1172 4594 χρόνον
1207 4522 1370 4591 μηδὲν
1393 4517 1532 4574 εἶναι
1551 4521 1687 4574 ἐνὼο

123 4637 238 4673 πιον
272 4622 505 4689 Κυρίου,
553 4618 642 4671 διὰ
682 4619 742 4668 τὸ
776 4619 870 4668 καὶ
901 4615 999 4685 τὴν
1035 4613 1164 4682 μίαν
1195 4614 1408 4683 ἡμέραν
1429 4613 1503 4675 ὡς
1539 4614 1690 4683 χίλια

120 4709 211 4778 ἐτη
233 4707 400 4770 εἶναι,
423 4710 519 4762 καὶ
543 4707 612 4760 τά
641 4707 788 4776 χίλια
807 4705 902 4774 ἔτη
928 4705 1002 4766 ὡς
1032 4703 1245 4772 ἡμέραν
1269 4703 1688 4772 μίαν.Ἔσεσθαι

118 4801 173 4853 δὲ
223 4803 432 4871 ταχέως
482 4800 580 4871 τὴν
611 4799 823 4869 ἡμέραν
851 4797 944 4849 τοῦ
999 4796 1204 4865 Κυρίου
1261 4794 1687 4863 διαϐεϐαιοῦται,

120 4897 210 4946 καὶ
261 4887 654 4957 ἀποδείκνυσι,
720 4893 815 4945 καὶ
866 4889 1176 4942 ἐντέλλεται
1234 4889 1487 4958 ἑτοίμους
1545 4885 1687 4944 εἶναι

89 4985 323 5048 ’πάντας
370 4989 450 5048 εἰς
485 4983 653 5053 αὐτὴν
712 4981 894 5052 ἔργοις
926 4979 1172 5048 ἀγαθοῖς,
1223 4980 1317 5032 καὶ
1359 4981 1579 5050 ἀγαπᾷν
1619 4980 1691 5033 τά

125 5075 224 5127 ὑπὸ
248 5076 342 5129 τοῦ
374 5075 678 5129 ἀποστόλου
726 5071 941 5126 Παύλου
969 5072 1271 5140 γραφέντα,
1303 5072 1397 5123 καὶ
1432 5070 1506 5140 μὴ
1548 5088 1688 5141 προ-

129 5166 297 5236 σέχειν
325 5170 440 5230 τοῖς
487 5164 861 5220 διαϐάλλουσιν
897 5163 1058 5228 αὐτὰ,
1097 5162 1185 5215 διὰ
1238 5163 1298 5214 τὸ
1348 5161 1445 5215 καὶ
1505 5162 1686 5226 πάσας

129 5258 218 5322 τὰς
268 5259 417 5322 θείας
447 5259 673 5328 Γραφάς
725 5255 1032 5309 διαϐάλλειν
1084 5254 1301 5316 αὐτούς.
1331 5254 1686 5323 ’Υπομνήσας

131 5349 212 5408 οὖν
237 5357 328 5409 καὶ
356 5355 577 5422 διδάξας
611 5352 821 5413 πάντας
857 5348 1198 5420 προσειδέναι
1230 5345 1300 5399 τὰ
1355 5347 1681 5417 πράγματα,

1788 4525 1926 4579 nihil
1961 4525 2030 4580 sit
2077 4539 2259 4579 coram
2311 4525 2460 4579 Deo:
2503 4540 2569 4579 eo
2603 4525 2747 4594 quod
2782 4542 2922 4581 unus
2966 4528 3084 4582 dies
3139 4529 3209 4584 sit
3248 4539 3368 4584 tan-

1791 4631 1955 4685 quam
2017 4615 2166 4668 mille
2231 4616 2383 4678 anni,
2444 4622 2500 4669 et
2553 4615 2702 4669 mille
2743 4617 2868 4669 anni
2935 4626 3191 4685 tanquam
3249 4619 3367 4676 dies

1794 4727 1958 4765 unus.
2012 4709 2312 4764 Conﬁrmat
2363 4720 2543 4764 autem
2599 4719 2652 4764 et
2692 4711 2936 4764 ostendit
2993 4713 3144 4766 brevi
3213 4713 3364 4768 futu-

1792 4817 1913 4857 rum
1949 4818 2068 4857 esse
2096 4802 2260 4872 528
2275 4803 2416 4856 diem
2445 4801 2679 4866 Domini,
2699 4803 3052 4872 praecipitque
3078 4813 3139 4858 ut
3169 4821 3361 4860 omnes

1791 4895 1856 4948 ad
1885 4894 2062 4963 ipsum
2099 4893 2268 4962 parati
2303 4893 2412 4946 sint
2450 4907 2548 4961 per
2602 4893 2742 4946 bona
2794 4908 2980 4976 φοι-θ,
3035 4903 3090 4949 et
3137 4903 3200 4949 ut
3250 4911 3364 4952 am-

1791 4984 2102 5054 plectantur
2131 4998 2194 5037 ea
2230 4998 2352 5051 quae
2387 4982 2456 5036 ab
2487 4983 2733 5051 apostolo
2772 4981 2938 5037 Paulo
2964 4986 3166 5056 scripta
3207 4997 3357 5052 sunt,

1791 5090 1893 5129 nec
1926 5075 2010 5127 his
2039 5075 2316 5128 attendant
2352 5073 2442 5142 qui
2491 5074 2581 5127 illa
2629 5073 3052 5140 calumniantur,
3110 5093 3175 5132 eo
3213 5079 3361 5148 quod

1794 5180 1988 5220 onmes
2036 5179 2252 5234 quoque
2303 5165 2516 5219 divinas
2567 5163 2878 5235 Scripturas
2931 5167 3358 5225 calumnientur.

1793 5258 1896 5314 Ubi
1936 5258 2098 5328 igitur
2121 5257 2386 5328 suggessit
2410 5273 2472 5312 ac
2503 5257 2689 5312 docuit
2719 5273 2931 5327 omnes,
2971 5268 3031 5314 ut
3087 5260 3141 5314 in
3196 5262 3362 5321 rebus

1793 5351 2137 5421 provideant,
2186 5351 2507 5404 exhortatur
2538 5365 2608 5405 ne
2655 5365 2686 5404 a
2734 5349 2856 5406 ﬁdei
2889 5352 3171 5424 proposito
3207 5352 3363 5408 exci-

129 5452 376 5518 παραινεῖ
406 5450 482 5519 μὴ
511 5446 801 5501 ἐκπίπτειν
825 5443 918 5498 τοῦ
943 5441 1145 5498 σκοποῦ
1174 5441 1270 5511 τῆς
1293 5440 1547 5504 πίστεως.
1575 5439 1688 5494 Καὶ

1800 5441 1950 5507 dant,
1983 5440 2123 5496 etita
2152 5440 2428 5496 concludit
2471 5440 2791 5512 Epistulam.

126 5542 258 5599 οὕτω
282 5542 486 5597 τελειοῖ
511 5541 613 5612 τὴν
651 5539 992 5610 Ἐπιστολὴν.
