3986 6572
228 367 323 432 531

1245 366 1634 431 COMMENT.
1674 364 1754 426 IN
1806 362 2048 435 ΕΡιδΤ.
2086 366 2148 426 lI
2186 369 2246 430 S.
2280 369 2527 429 PETRI.

3385 373 3492 436 582

225 479 481 543 πολλάκις
528 476 739 551 ταύτην
782 477 1015 550 παρέχει
1066 477 1146 550 τῷ
1193 478 1308 550 λαῷ
1359 480 1468 534 ἀπὸ
1510 479 1608 535 τοῦ
1652 468 1808 548 ἁγίου

1914 480 1984 535 ab
2034 481 2194 538 altari
2254 483 2574 554 frequenter
2632 484 2776 541 lianc
2833 486 3037 556 populo
3093 487 3285 542 tribuit
3330 506 3345 541 :
3387 505 3490 546 nos

224 568 634 640 θυσιαστηρίου.
692 570 806 626 Καὶ
863 572 1025 641 ἡμεῖς
1072 573 1132 625 tv
1182 571 1304 635 ταῖς
1358 571 1496 641 πρὸς
1545 570 1808 643 ἀλλήλους

222 661 561 733 προσρήσεσι
588 661 763 733 ταύτῃ
787 662 1130 734 κεχρήμεθα,
1162 663 1245 718 ὅτι
1266 662 1405 734 αῦτη
1438 664 1625 735 μήτηρ
1667 665 1810 718 πάν-

220 768 326 805 των
357 751 473 806 τῶν
491 752 739 820 ἀγαθῶν,
779 754 873 808 καὶ
916 754 1221 819 ὑπόστασις
1248 756 1349 825 τῆς
1395 757 1573 827 χαρᾶς
1624 756 1805 828 ἡμῶν.

218 844 294 896 Δι’
316 842 346 897 δ
384 843 486 896 καὶ
513 844 544 897 δ
580 843 787 916 Κύριος
810 843 1118 915 φοιτῶντας
1164 847 1292 910 τοὺς
1312 846 1512 901 ἐαυτοῦ
1557 846 1810 918 μαθητὰς

219 940 297 1001 είς
329 938 436 1000 τὰς
461 936 645 1001 οἰκίας
681 935 890 1008 ταύτην
926 936 1192 1011 παρέχειν
1235 937 1464 1011 πρώτην
1493 938 1810 994 ἐθέσπισεν.

227 1048 245 1082 ι
288 1028 468 1099 Χάρις
507 1030 638 1101 ὑμῖν
665 1030 761 1084 καὶ
791 1030 1013 1101 εἰρήνη.
1058 1049 1078 1083 ι
1123 1030 1197 1084 Τὸ
1241 1029 1369 1101 ἑξῆς
1415 1030 1610 1096 οὓτως·
1634 1032 1810 1102 Χάρις

221 1121 348 1192 ὑμῖν
380 1121 485 1177 καὶ
508 1123 732 1194 εἰρήνη,
759 1122 835 1186 ώς
861 1122 1044 1179 πάντα
1075 1122 1148 1177 τὰ
1169 1123 1308 1195 πρὸς
1329 1125 1476 1197 ζωὴν
1508 1127 1605 1181 καὶ
1651 1125 1809 1179 εὐσέ-

220 1212 374 1268 ϐειαν
399 1213 462 1267 ἐν
487 1216 556 1287 τῇ
594 1214 892 1283 ἐπιγνώσει
930 1214 1027 1269 τοῦ
1051 1214 1190 1269 Θεοῦ
1221 1215 1316 1270 καὶ
1357 1215 1530 1287 Ἰησοῦ
1557 1215 1653 1271 τοῦ
1689 1218 1805 1271 Κυ-

221 1306 339 1378 ρίου
370 1306 464 1360 διά
515 1306 617 1375 τῆς
650 1306 804 1371 θείας
834 1305 1004 1360 αὐτοῦ
1041 1306 1347 1376 δυνάμεως,
1406 1308 1507 1377 τῆς
1577 1309 1811 1380 χάριτος

220 1397 428 1469 ταύτης
456 1399 588 1469 ὑμῖν
615 1398 1017 1470 δωρησαμένης
1032 1397 1202 1453 αὑτοῦ
1233 1398 1333 1471 τὴν
1363 1400 1685 1469 ἐπίγνωσιν,
1709 1403 1810 1473 τὴν

215 1489 405 1556 δόξαν,
428 1491 534 1559 τὴν
563 1490 788 1562 ἀρετήν.
818 1488 897 1545 Δι’
928 1482 1006 1544 ὧν
1045 1488 1114 1544 τὰ
1140 1489 1373 1561 μέγιστα
1385 1491 1811 1561 ’ἐπαγγέλματα

221 1580 499 1653 ἐδωρήθη.
531 1580 652 1635 ἰνα
697 1580 1080 1650 ἀποφυγόντες
1113 1580 1214 1652 τὴν
1263 1582 1538 1654 κοσμικὴν
1571 1583 1809 1656 φθορὰν,

221 1672 318 1744 τὴν
376 1671 453 1726 δι’
502 1671 804 1745 ἐπιθυμίας
867 1673 1255 1743 ἐγγινομένην,
1289 1673 1522 1746 γένησθε
1561 1681 1810 1732 κοινωνοὶ

225 1766 324 1835 τῆς
359 1764 520 1830 θείας
554 1764 793 1836 φύσεως.
830 1784 850 1818 ι
897 1765 986 1820 Ἐν
1020 1765 1321 1834 ἐπιγνώσει
1348 1766 1442 1821 τοῦ
1469 1766 1628 1824 Θεοῦ.
1670 1787 1690 1821 ι
1736 1769 1810 1823 Τὸ

224 1860 370 1927 ἑξῆς*
411 1859 580 1930 Ὑμῖν
608 1861 720 1922 τοῖς
756 1859 815 1912 ἐν
846 1856 1141 1927 ἐπιγνώσει
1179 1858 1274 1913 τοῦ
1299 1859 1435 1914 Θεοῦ
1482 1862 1808 1945 καὶςιησοῦ

222 1951 315 2005 τοῦ
345 1949 561 2023 Κυρίου
588 1952 747 2023 ἡμῶν
775 1950 1021 2022 ίσότιμον
1049 1953 1186 2023 ἡμῖν
1220 1951 1409 2007 πίστιν
1442 1953 1684 2026 λαχοῦσι
1718 1956 1809 2010 διὰ

223 2045 319 2114 τῆς
345 2044 700 2115 δικαιοσύνης
731 2042 828 2098 τοῦ
889 2042 1028 2100 Θεοῦ
1052 2046 1086 2115 ἡ
1097 2043 1239 2116 μῶν,
1269 2044 1431 2117 χάρις
1484 2048 1577 2103 καὶ
1613 2049 1808 2121 εἰρήνη

226 2135 583 2207 πληθυνθείη.
622 2138 692 2190 Ἦ
720 2136 785 2191 τὸ
809 2136 938 2207 ἐξῆς
965 2136 1139 2201 οὕτως
1162 2153 1177 2167 ·
1240 2138 1331 2191 ‘Ev
1378 2134 1676 2208 ἐπιγνώσει
1715 2140 1810 2195 τοῦ

226 2228 359 2283 Θεοῦ
387 2229 486 2284 καὶ
524 2210 702 2300 Ἰησοῦ
729 2228 827 2283 τοῦ
856 2229 1068 2299 Κυρίου
1102 2230 1279 2301 ἡμῶν.
1318 2232 1480 2296 Ἥτις
1512 2234 1812 2303 ἐπίγνωσις

226 2318 314 2373 διὰ
342 2319 449 2389 τῆς
472 2319 626 2384 Θείας
660 2319 831 2376 αὐτοῦ
855 2320 1161 2393 δυνάμεως,
1196 2323 1375 2377 πάντα
1400 2323 1470 2379 τὰ
1496 2325 1633 2396 πρὸς
1664 2325 1811 2397 ζωὴν

226 2412 317 2465 καὶ
352 2412 645 2468 εὐσέϐειαν
672 2413 1007 2485 ἐδωρήσατο,
1037 2413 1211 2486 αὐτὴν
1241 2416 1342 2487 τὴν
1383 2416 1685 2485 ἐπίγνωσιν
1713 2418 1809 2472 τοῦ

228 2501 560 2570 καλέσαντος
592 2505 741 2577 ἡμᾶς
762 2505 856 2560 διὰ
884 2506 1046 2577 δόξης
1070 2507 1167 2561 καὶ
1201 2507 1426 2580 ἀρετῆς,
1452 2507 1522 2561 δι’
1547 2504 1616 2583 ἦς
1651 2510 1809 2581 δόξης

228 2597 317 2649 καὶ
337 2596 545 2667 ἀρετῆς
562 2596 633 2652 τά
649 2597 808 2668 τίμια
838 2597 937 2653 καὶ
952 2599 1191 2669 μέγιστα
1207 2599 1604 2672 ἐπαγγέλματα
1626 2601 1807 2674 ἐδόθη.

227 2687 340 2741 Ἵνα
377 2688 616 2759 γένησθε
646 2690 801 2756 θείας
818 2692 1067 2746 κοινωνοὶ
1096 2691 1338 2761 φύσεως,
1377 2694 1436 2745 ἐν
1466 2692 1547 2764 τῷ
1592 2694 1809 2764 ἀποφυ-

225 2781 339 2847 γεῖν
369 2781 474 2850 τῆς
507 2783 778 2853 κοσμικῆς
805 2783 1107 2855 ἐπιθυμίας
1138 2784 1239 2857 τὴν
1265 2784 1495 2856 φθοράν.
1532 2785 1694 2842 Ἀλλά
1714 2787 1812 2842 καὶ

224 2870 358 2925 αὐτὸ
395 2870 579 2938 τοῦτο,
646 2875 770 2946 ἦτοι
829 2876 912 2940 είς
942 2875 1077 2932 αὐτὸ
1131 2875 1292 2931 τοῦτο
1347 2876 1587 2949 σπουδὴν
1622 2879 1807 2934 πᾶσαν

224 2965 782 3035 παρεισενέγκαντες,
821 2966 1266 3039 ἐπιχορηγήσατε
1298 2967 1357 3022 ἐν
1396 2970 1464 3039 τῇ
1503 2968 1687 3024 πίστει
1708 2970 1811 3041 τὴν

221 3056 447 3128 ἀρετὴν,
476 3058 537 3111 ἐν
585 3061 654 3130 τῇ
680 3060 853 3132 ἀρετῇ
892 3059 992 3132 τὴν
1021 3059 1248 3130 γνῶσιν,
1284 3063 1347 3116 tv
1367 3063 1437 3134 τῇ
1468 3060 1669 3131 γνώσει
1702 3062 1807 3135 τὴν

1913 572 2080 627 etiam
2112 573 2169 628 in
2218 575 2430 629 mutuis
2471 575 2894 631 allocutionibus
2943 576 3049 632 hac
3085 578 3311 644 utimur,
3343 582 3492 651 quod

1912 662 2033 719 haec
2090 674 2267 720 mater
2325 667 2397 722 sit
2438 668 2685 721 omnium
2730 667 3022 737 bonorum,
3068 685 3133 725 ac
3187 671 3491 727 substantia

1910 756 2092 826 gaudii
2144 758 2339 814 nostri.
2392 759 2632 830 Ideoque
2667 761 2925 817 Christus
2969 762 3252 834 discipulis
3292 764 3408 820 suis
3435 764 3492 819 in

1910 848 2105 904 domos
2134 849 2567 922 ingredientibus
2596 854 2740 910 hanc
2759 855 2994 925 primum
3007 856 3208 912 olfcrre
3231 857 3495 915 divinitus

1910 941 2122 998 edixit:
2155 961 2175 994 ι
2219 942 2403 999 Gratia
2459 944 2619 1000 vobis
2664 955 2721 1001 et
2779 960 2907 1017 pax.
2948 966 2967 1000 ι
3022 945 3171 1004 Ordo
3218 949 3341 1004 talis
3363 956 3487 1005 est:

1910 1030 2094 1087 Gratia
2128 1032 2288 1089 vobis
2312 1042 2370 1089 et
2398 1049 2505 1104 pax
2544 1035 2960 1106 multiplicetur,
2984 1039 3127 1094 sicut
3158 1036 3341 1095 omnia
3370 1056 3494 1112 quae

1910 1123 1980 1179 ad
2004 1123 2171 1179 vitam
2206 1140 2272 1181 ac
2311 1125 2571 1196 pietatem
2601 1126 2848 1195 faciunt,
2868 1128 2925 1183 in
2953 1130 3268 1202 cognitione
3297 1131 3394 1187 Dei
3428 1148 3494 1188 ac

1910 1217 2125 1273 Domini
2147 1217 2297 1283 Jesu,
2328 1234 2454 1274 cum
2484 1234 2581 1289 per
2605 1218 2848 1277 divinam
2874 1220 3049 1292 ipsius
3085 1222 3343 1279 virtutem
3376 1224 3494 1280 hate

1910 1310 2082 1381 gratia
2112 1309 2273 1366 vobis
2298 1310 2488 1382 largita
2528 1311 2599 1366 sit
2638 1312 2810 1382 ipsius
2848 1313 3233 1384 cognitionem,
3264 1315 3493 1386 gloriam

1910 1416 1975 1456 ac
2001 1403 2256 1457 virtutem
2287 1421 2298 1456 :
2323 1416 2421 1472 per
2445 1418 2567 1472 quae
2597 1403 2986 1473 promissiones
3002 1403 3251 1458 maximae
3277 1404 3497 1460 donata:

1910 1504 2086 1549 sunt:
2117 1504 2178 1550 ut
2218 1495 2459 1550 devitata
2518 1496 2869 1567 corruptione
2908 1497 3206 1563 mundana,
3253 1512 3374 1566 qua:
3424 1512 3494 1553 ex

1911 1586 2353 1661 concupiscentia
2374 1588 2649 1657 provenit,
2668 1598 2949 1643 consortes
2973 1587 3279 1642 eﬂiciamini
3296 1588 3496 1644 divinas

1909 1687 2141 1735 natura.
2177 1699 2193 1730 ι
2236 1681 2295 1733 In
2326 1681 2639 1748 cognitione
2682 1682 2797 1733 Dei.
2848 1698 2864 1731 ι
2904 1680 3082 1734 Ordo:
3123 1679 3289 1736 Vobis
3317 1681 3410 1750 qui
3437 1681 3493 1736 in

1911 1766 2223 1837 cognitione
2264 1766 2355 1821 Dei
2406 1776 2464 1821 et
2498 1766 2630 1821 Jesu
2679 1768 2887 1821 Domini
2920 1770 3091 1821 nostri
3121 1783 3277 1836 aeque
3317 1767 3494 1823 hono-

1912 1859 2120 1915 riﬁcam
2168 1861 2454 1917 nobiscum
2510 1863 2688 1917 sortiti
2736 1865 2867 1917 estis
2907 1862 3065 1916 iidem
3101 1877 3200 1932 per
3225 1862 3496 1932 justitiam

1912 1951 2008 2008 Dei
2044 1952 2241 2019 nostri,
2285 1954 2460 2024 gratia
2515 1963 2571 2009 et
2620 1969 2724 2024 pax
2767 1954 3185 2024 multiplicetur.
3235 1953 3344 2009 Aut
3389 1955 3497 2010 hoc
3545 1976 3553 1985 ε

1911 2047 2076 2102 modo
2103 2055 2188 2101 est
2210 2046 2348 2101 ordo
2381 2065 2394 2100 :
2426 2047 2487 2102 ln
2530 2047 2844 2118 cognitione
2873 2046 2968 2101 Dei
3007 2061 3072 2101 ac
3116 2045 3246 2101 Jesu
3279 2045 3496 2102 Domini

1911 2139 2252 2209 nostri,quat
2278 2138 2515 2209 cognitio
2568 2153 2665 2209 per
2721 2138 2962 2193 divinam
3020 2138 3192 2208 ipsius
3237 2137 3494 2193 virtutem

1910 2229 2093 2285 omnia
2117 2244 2240 2299 quae
2260 2229 2326 2284 ad
2355 2211 2523 2285 vitam
2555 2243 2621 2284 ac
2647 2229 2909 2300 pietatem
2937 2227 3147 2284 faciunt
3172 2228 3364 2299 largita
3387 2236 3493 2294 est,

1911 2323 2197 2394 ipsamque
2247 2321 2394 2378 illius
2447 2322 2817 2394 cognitionem
2861 2321 2954 2392 qui
2995 2322 3212 2378 vocavit
3246 2336 3347 2377 nos
3395 2336 3498 2393 per

1910 2414 2137 2486 gloriam
2166 2423 2223 2469 et
2251 2413 2533 2476 virtutem,
2562 2429 2662 2484 per
2688 2429 2851 2484 quam
2875 2413 3101 2486 gloriam
3128 2422 3185 2468 et
3215 2413 3493 2482 virtutem,

1912 2507 2169 2577 pretiosa:
2227 2507 2588 2576 maximasque
2634 2505 3027 2576 promissiones
3069 2506 3286 2561 donatae
3345 2514 3495 2569 sunt,

1912 2611 1973 2658 ut
2004 2601 2129 2658 sitis
2161 2601 2362 2657 divinat
2412 2610 2699 2658 consortes
2722 2608 2954 2666 naturae,
2993 2598 3307 2671 eﬂ'ugienda
3332 2613 3498 2653 mun-

1909 2694 2065 2751 danae
2113 2694 2575 2765 concupiscentiae
2636 2691 3068 2764 corruptionem.
3123 2690 3233 2747 Sed
3265 2688 3323 2747 et
3387 2691 3495 2746 hoc

1911 2789 2090 2859 ipsum
2121 2788 2237 2843 sive
2287 2787 2355 2843 ad
2414 2788 2520 2843 hoc
2566 2786 2747 2857 ipsum
2802 2785 3050 2841 adhibito
3091 2784 3238 2839 omni
3293 2784 3497 2852 studio,

1912 2879 2326 2935 subministrate
2374 2878 2429 2933 in
2491 2878 2599 2934 ﬁde
2637 2877 2919 2945 virtutem,
2958 2876 3015 2931 in
3059 2875 3265 2932 virtute
3314 2875 3499 2931 scien-

1911 2972 2067 3039 tiam,
2099 2971 2155 3026 in
2197 2971 2425 3027 scientia
2474 2969 2914 3040 temperantiam,
2944 2976 3000 3024 et
3034 2968 3092 3022 in
3146 2968 3253 3024 hac
3281 2967 3496 3038 patien-

1913 3063 2068 3128 tiam,
2109 3062 2165 3116 in
2199 3059 2460 3132 patientia
2506 3068 2691 3115 autem
2729 3058 3013 3130 pietatem,
3066 3058 3124 3112 in
3177 3057 3282 3114 hac
3312 3066 3497 3113 autem

223 3146 584 3220 ἐγκράτειαν,
619 3151 678 3205 tv
706 3149 883 3223 ταύτῃ
913 3151 1015 3225 τὴν
1039 3150 1338 3224 ὑπομονὴν,
1368 3154 1427 3208 tv
1448 3156 1514 3226 τῇ
1561 3155 1805 3228 ὑπομονῇ

1913 3152 2209 3209 fraternam
2262 3152 2608 3218 cbaritatem,
2658 3151 2715 3206 in
2763 3148 3009 3205 fraterna
3041 3148 3309 3206 cbaritate
3355 3149 3499 3205 dile-

222 3238 321 3308 τὴν
348 3239 656 3307 εὑσέὃειαν,
693 3242 752 3295 tv
771 3239 942 3313 ταύτῃ
964 3240 1066 3314 τὴν
1095 3240 1556 3312 artiﬁciale.th
1581 3245 1649 3315 τῇ
1687 3243 1808 3312 φιλ-

226 3329 457 3403 αδελφίᾳ
474 3330 576 3403 τὴν
607 3332 851 3404 ἀγάπην.

302 3422 403 3490 Ὠς
442 3421 642 3479 πάντα
702 3424 847 3494 ἡμῖν
878 3424 992 3495 τῆς
1018 3426 1183 3492 θείας
1241 3426 1553 3498 δυνάμεως
1587 3429 1800 3495 αὐτοῦ,

222 3517 295 3571 τὰ
325 3514 482 3584 πρὸς
515 3513 671 3583 ζωὴν
712 3516 815 3571 καὶ
840 3516 1160 3572 εὐσέϐειαν
1223 3516 1660 3590 δεδωρημένης,
1708 3517 1810 3573 διὰ

221 3606 333 3675 τῆς
349 3606 735 3675 ἐπιγνώσεως
764 3607 872 3663 τοῦ
901 3606 1281 3675 καλέσαντος
1312 3608 1472 3680 ἡμᾶς
1494 3609 1594 3664 διὰ
1621 3608 1810 3677 δόξης

223 3700 322 3755 καὶ
350 3698 591 3768 ἀρετῆς,
626 3699 703 3754 δι’
732 3694 822 3755 ὧν
877 3702 951 3757 τὰ
998 3702 1161 3771 τίμια
1214 3702 1359 3773 ἡμῖν
1404 3703 1503 3757 καὶ
1552 3703 1808 3774 μέγιστα

222 3792 647 3862 ἐπαγγέλματα
670 3791 1017 3861 δεδώρηται,
1042 3795 1145 3848 ἵνα
1159 3793 1261 3851 διὰ
1292 3796 1521 3849 τούτων
1546 3795 1809 3865 γένησθε

222 3883 385 3948 θείας
435 3882 712 3935 κοινωνοὶ
767 3884 1029 3951 φύσεως,
1091 3884 1513 3955 ἀποφυγόντες
1573 3885 1684 3954 τῆς
1738 3886 1809 3940 ἐν

221 3974 430 4042 κόσμῳ
461 3972 536 4026 ἐν
577 3973 864 4042 ἐπιθυμίᾳ
914 3974 1160 4042 φθορᾶς,
1219 3976 1316 4029 καὶ
1346 3978 1492 4031 αὐτὸ
1535 3977 1711 4032 τοῦτο
1738 3977 1809 4031 δὲ

221 4063 514 4133 σπολδὴν
544 4063 755 4121 πᾶσαν
795 4065 1391 4136 παρεισενέγκαντες,
1439 4068 1805 4137 ἐπιχορηγήυ

222 4171 369 4209 cate
399 4155 471 4210 ἐν
507 4154 579 4223 τῇ
622 4156 824 4210 πίστει
882 4156 1051 4225 ὑμῶν
1101 4156 1215 4225 τὴν
1246 4157 1490 4225 ἀρετὴν,
1534 4159 1605 4211 ἐν
1640 4158 1708 4211 δὲ
1732 4157 1806 4226 τῇ

222 4247 401 4317 ἀρετῇ
420 4248 538 4313 τὴν
551 4247 798 4317 γνῶσιν,
811 4249 880 4302 ἐν
894 4248 962 4301 δὲ
980 4248 1052 4317 τῇ
1070 4249 1286 4317 γνώσει
1303 4251 1421 4318 τὴν
1432 4251 1807 4320 ἐγκράτειαν,

223 4339 286 4390 ἐν
317 4337 387 4390 δὲ
419 4337 497 4405 τῇ
521 4339 829 4407 ἐγκρατείᾳ
850 4340 964 4405 τὴν
988 4342 1328 4409 ὑπομονὴν,
1359 4342 1428 4394 ἐν
1456 4341 1524 4395 δὲ
1554 4340 1631 4410 τῇ
1656 4344 1805 4396 ὐπο-

218 4428 376 4498 μονῇ
402 4429 520 4495 τὴν
542 4430 876 4488 εὐσέϐειαν.
913 4430 983 4483 ἐν
1002 4430 1069 4483 δὲ
1094 4429 1168 4498 τῇ
1199 4432 1474 4498 εὐσεϐείᾳ
1492 4430 1607 4499 τὴν
1633 4416 1805 4500 φῖλαι

1914 3245 2176 3302 ctionem.

1978 3427 2023 3494 Ι,
2053 3428 2088 3483 5
2120 3427 2171 3483 9.
2197 3426 2352 3498 531
2384 3424 2538 3482 Sicut
2567 3426 2744 3480 omnia
2792 3425 2931 3478 vobis
2957 3423 3137 3478 divina
3169 3422 3335 3492 ipsius
3391 3420 3499 3476 vir-

1910 3530 2038 3588 tute,
2063 3536 2181 3593 qua:
2213 3522 2283 3575 ad
2314 3521 2477 3574 vitam
2506 3535 2570 3573 ac
2613 3519 2865 3590 pietatem
2920 3515 3145 3587 faciunt,
3213 3512 3495 3584 largiente,

1907 3630 2001 3684 per
2025 3612 2371 3685 cognitionem
2401 3612 2516 3683 ejus
2545 3612 2637 3683 qui
2686 3610 2887 3665 vocavit
2926 3625 3019 3662 nos
3069 3624 3161 3676 per
3194 3606 3417 3676 gloriam
3449 3611 3500 3659 ct

1906 3707 2175 3770 virtutem,
2202 3720 2295 3774 per
2315 3719 2432 3775 qua:
2458 3704 2690 3773 pretiosa
2719 3701 2860 3756 vobis
2893 3717 2957 3754 ac
2977 3698 3212 3753 maxima
3238 3697 3496 3765 promissa
3578 3718 3581 3725 -

1908 3798 2104 3852 donata
2136 3805 2278 3858 sunt,
2309 3805 2365 3849 ut
2391 3811 2482 3864 per
2505 3797 2614 3848 lucc
2642 3792 2940 3862 eﬁiciamini
2987 3798 3251 3844 consortes
3304 3788 3499 3843 άὶυἱηω

1909 3897 2136 3949 naturae,
2169 3888 2401 3941 devitata
2435 3885 2770 3954 corruptione
2799 3899 2915 3952 qua:
2937 3882 2993 3935 in
3025 3877 3221 3933 mundo
3272 3884 3351 3931 est
3402 3892 3498 3946 per

1908 3979 2401 4050 concupiscentiam.
2433 3976 2537 4031 Sed
2575 3984 2624 4029 et
2653 3976 2707 4028 in
2737 3974 2831 4028 hoc
2859 3975 3033 4043 ipsum
3092 3970 3327 4025 adhibito
3354 3969 3498 4022 omni

1907 4072 2083 4127 studio
2112 4070 2510 4124 subministrate
2529 4068 2584 4120 in
2604 4067 2708 4136 ﬁde
2730 4075 2899 4119 vestra
2925 4068 3191 4128 virtutem,
3225 4064 3280 4115 in
3304 4062 3500 4115 virtute

1908 4175 2087 4219 autem
2108 4162 2402 4224 scientiam,
2436 4161 2493 4213 in
2521 4159 2739 4213 scientia
2782 4172 2903 4211 vero
2964 4154 3389 4224 temperantiam,
3440 4154 3499 4206 in

1910 4256 2251 4325 temperentia
2279 4262 2457 4307 autem
2493 4250 2805 4322 patientiam
2832 4263 2853 4303 :
2886 4263 3097 4301 rursum
3136 4247 3191 4299 in
3234 4245 3495 4311 patientia

1875 4349 2177 4417 picta-2.2m,
2228 4346 2283 4397 in
2347 4344 2543 4413 pietate
2576 4357 2693 4394 vero
2724 4342 3017 4411 fraternam
3056 4337 3388 4402 charitatem,
3439 4336 3499 4389 in

1912 4442 2148 4509 fraterna
2170 4445 2344 4488 autem
2372 4434 2629 4487 cbaritate
2645 4433 2992 4486 dilectionem.
3043 4427 3090 4482 Η
3098 4445 3171 4483 (τε
3192 4430 3331 4482 enim
3377 4445 3502 4483 cum

223 4519 505 4587 δελφίαν,
562 4519 634 4572 ἐν
690 4519 760 4572 δὲ
816 4518 891 4587 τῇ
938 4520 1305 4589 φιλαδελφίᾳ
1368 4521 1483 4589 τὴν
1536 4523 1798 4591 ἀγάπην.

1916 4527 2274 4582 υοὸίετιάειιπι
2305 4535 2354 4579 et
2392 4524 2680 4578 exuberant
2730 4523 2872 4576 haud
2902 4522 3091 4576 otiosos
3130 4536 3223 4574 nec
3253 4520 3309 4573 in
3367 4519 3504 4572 irri-

228 4610 421 4665 Ταῦτα
438 4614 554 4680 γὰρ
572 4611 712 4679 ὑμῖν
736 4613 1092 4682 ὑπάρχοντα
1116 4613 1217 4668 καὶ
1244 4612 1672 4677 πλεονάζοντα,
1692 4618 1803 4669 οὐκ

1916 4634 2024 4675 tum
2052 4620 2350 4674 laborantes
2380 4617 2602 4687 e/ﬁciunt
2628 4616 2697 4668 ad
2725 4613 2932 4667 Domini
2962 4612 3126 4666 nostri
3146 4611 3272 4665 Jesu
3303 4610 3511 4666 Christi

225 4703 625 4777 ἁργοὺςρύδὲ
647 4705 996 4772 ἀπράκτους
1032 4706 1399 4774 καθίστησιν
1422 4710 1510 4774 εἰς
1552 4707 1670 4773 τὴν
1699 4706 1806 4762 τοῦ

1915 4714 2281 4785 cognitionem.
2303 4712 2442 4764 Nam
2480 4709 2564 4761 cui
2582 4723 2684 4760 non
2712 4708 2903 4759 adsunt
2925 4705 3120 4767 Inec,_is
3149 4719 3317 4757 ca'cus
3333 4711 3408 4757 est
3446 4710 3500 4757 et

223 4798 443 4862 Κυρίου
470 4795 644 4863 ἡμῶν
682 4798 877 4863 Ἰησοῦ
900 4798 1162 4866 Χριστοῦ
1192 4799 1544 4867 ἐπίγνωσιν.
1578 4795 1657 4870 ⁷ῼ
1697 4802 1806 4870 γὰρ

1916 4821 2075 4858 manu
2089 4804 2228 4857 viam
2246 4811 2472 4866 tentans,
2496 4799 2685 4853 oblitus
2708 4813 2817 4852 sese
2830 4813 2861 4849 a
2882 4796 3137 4850 veteribus
3155 4796 3263 4849 suis
3275 4794 3507 4864 peccatis

225 4887 295 4955 δὴ
325 4889 435 4955 πά,
453 4903 589 4941 εστι
614 4886 827 4950 ταῦτα,
858 4890 1096 4967 νυεολός
1120 4890 1253 4943 ἐστι
1279 4888 1639 4958 μυωπάζων,
1692 4892 1806 4959 λή-

1919 4898 2087 4967 fuisse
2116 4904 2424 4965 purgatum.

224 4982 338 5047 θην
379 4979 591 5034 λαϐὼν
647 4981 752 5035 τοῦ
794 4965 1168 5051 καθαρισμοῦ
1214 4983 1334 5035 τῶν
1387 4981 1576 5036 πάλαι
1617 4982 1808 5037 αὐτοῦ

225 5071 519 5141 ἀμαρτιὼν
534 5109 549 5124 .

295 5164 396 5216 Διά
454 5163 667 5232 μακροῦ
703 5162 802 5232 μὲν
856 5163 1195 5230 ἀποδέδοται,
1241 5163 1358 5217 ἐστι
1396 5164 1454 5217 δὲ
1503 5165 1536 5233 ἡ
1599 5163 1808 5218 διάνοια

228 5256 387 5325 αῦτη·
438 5256 528 5318 Ὠς
557 5255 726 5323 μυρία
753 5255 1011 5320 λαϐόντες
1033 5256 1214 5325 ἀγαθά
1242 5256 1331 5311 διὰ
1359 5257 1460 5327 τῆς
1490 5256 1811 5327 ἐπιφανείας

232 5348 493 5421 Χριστοῦ,
516 5349 586 5402 δι’
619 5343 695 5402 ὧν
725 5348 1004 5419 δυνάμεθα
1024 5350 1120 5404 καὶ
1147 5350 1298 5413 θείας
1325 5349 1539 5419 φύσεως
1557 5349 1810 5418 γενέσθαι

233 5442 486 5496 κοινωνοὶ
515 5440 611 5494 καὶ
641 5440 779 5509 πρὸς
817 5440 965 5511 ζωὴν
1015 5441 1111 5496 καὶ
1154 5439 1441 5495 εὐσέϐειαν
1491 5441 1808 5512 ἀναχθῆναι,

233 5534 530 5602 ὀφείλομεν
560 5531 941 5587 πολιτεύεσθαι
973 5533 1169 5598 οὕτως,
1197 5533 1274 5595 ὡς
1331 5535 1686 5603 ἐπιχορηγεῖν
1743 5534 1809 5601 τῇ

233 5626 420 5681 πίστει
448 5627 551 5695 τὴν
578 5624 797 5695 ἀρετὴν,
835 5627 927 5679 καὶ
957 5625 1046 5679 διὰ
1075 5627 1176 5695 τῆς
1201 5625 1321 5678 ὀδοῦ
1347 5622 1585 5696 βαδίζειν
1608 5625 1688 5687 είς
1714 5625 1813 5692 τὴν

227 5715 359 5786 ’κατ’
391 5714 677 5769 εὐσέϐειαν
713 5717 1016 5786 προκοπὴν,
1041 5717 1148 5780 ἓως
1194 5718 1275 5779 είς
1326 5716 1413 5769 τὸ’
1452 5715 1661 5768 τέλειον
1706 5714 1814 5767 τῶν

222 5780 481 5877 «Vallum,
503 5810 532 5863 ὅ
554 5810 701 5862 ἐστιν
726 5780 773 5881 η’
788 5780 998 5881 ἀγάπη,
1030 5809 1294 5881 ἔλθωμεν.
1336 5807 1498 5872 θείας
1526 5808 1582 5862 δὲ
1622 5823 1816 5861 κοινω-

2017 5160 2200 5230 Longo
2229 5157 2447 5227 quidem
2484 5163 2656 5210 tractu
2687 5153 2897 5209 reddita
2949 5162 3035 5208 est
3089 5152 3280 5217 series,
3336 5166 3502 5222 porro

1922 5253 2040 5307 haec
2088 5261 2172 5306 est
2211 5248 2563 5316 intelligentia
2591 5246 2908 5315 :Tanquam
2933 5244 3236 5300 innumeris
3262 5243 3498 5313 acceptis

1921 5345 2080 5401 bonis
2106 5358 2202 5413 per
2229 5340 2430 5397 Christi
2462 5338 2874 5410 apparitionem,
2910 5352 3007 5407 per
3031 5351 3153 5406 quae
3206 5349 3498 5406 possumus

1922 5438 2119 5493 divinm
2144 5445 2353 5490 natura:
2381 5442 2664 5488 consortes
2715 5430 2876 5497 efﬁci,
2900 5440 2957 5487 et
2994 5430 3060 5485 ad
3103 5428 3263 5483 vitam
3292 5440 3356 5481 ac
3382 5424 3499 5495 pie-

1926 5539 2087 5584 tatem
2128 5527 2315 5582 rcduci
2344 5543 2359 5578 ι
2403 5526 2473 5580 ita
2503 5524 2813 5580 conversari
2836 5523 3118 5586 debemus,
3152 5526 3209 5572 ut
3234 5515 3338 5571 ﬁde
3367 5515 3498 5569 sub-

1926 5621 2301 5677 ministremus
2327 5619 2606 5684 virtutem,
2638 5626 2692 5672 et
2722 5632 2819 5687 per
2846 5616 2987 5670 banc
3018 5614 3160 5667 viam
3188 5605 3500 5681 gradiamur

1923 5713 1992 5769 ad
2020 5709 2423 5785 promotioncm
2453 5708 2506 5763 in
2530 5710 2751 5779 pietate,
2783 5707 2959 5761 donec
2980 5702 3049 5757 ad
3077 5701 3347 5757 bonorum
3371 5709 3502 5768 per-

1924 5802 2238 5869 fectionem,
2259 5817 2377 5871 quae
2405 5808 2487 5856 est
2512 5798 2747 5864 dilectio,
2774 5796 3075 5854 veniamus.
3097 5789 3297 5849 Divinas
3316 5796 3502 5847 autem
