3986 6554
446 362 575 428 ’583

1526 351 1924 413 CECUMENU
1965 348 2254 410 TRICCE
2287 346 2621 408 EPISCOPI

3624 341 3747 406 585

470 482 676 528 naturae
705 477 990 524 consortes
1022 466 1149 522 facti
1199 481 1388 522 sumus
1433 480 1532 534 per
1565 464 1781 518 Domini
1833 477 1898 517 ac
1953 459 2049 515 Dei

2162 462 2234 514 νοὶ
2253 441 2469 530 φύσεως
2500 459 2802 528 γεγόναμεν
2833 457 2920 510 διὰ
2949 459 3050 526 τῆς
3081 455 3174 510 τοῦ
3211 454 3419 525 Κυρίου
3452 455 3549 510 καὶ
3589 455 3747 510 Θεοῦ

471 563 788 625 adventum,
827 559 919 630 qui
985 569 1186 613 nostrae
1225 567 1434 612 naturae
1492 555 1759 626 primitias
1789 554 1844 608 in
1869 554 2048 623 seipso

472 655 763 722 assmnpsit
790 661 842 705 et
868 652 1197 706 assumendo
1223 648 1598 704 sanctiﬁcavit.
1652 647 1809 712 Quod
1836 646 1879 700 si
1939 646 2052 714 pri-

471 744 639 798 mitia:
669 749 890 804 sanctae,
924 749 1110 794 sancta
1169 747 1254 792 est
1288 747 1343 792 et
1389 752 1588 792 massa.
1645 735 1815 789 Porro
1875 749 2051 788 massa

469 835 834 905 primitiarum
875 848 982 886 nun
1009 831 1120 884 alia
1157 840 1241 884 est
1271 845 1430 899 quam
1454 829 1527 882 illi
1559 844 1621 883 ex
1671 828 1868 897 quibus
1923 823 2052 880 sunt

469 925 743 993 primitize.
779 922 1199 990 Corruptionem
1227 935 1358 975 vero
1399 936 1520 990 quae
1563 928 1653 974 est
1704 935 1734 972 a
1778 918 2051 972 mundana

472 1016 909 1084 concupiscentia
951 1014 1105 1075 dicit,
1142 1021 1396 1080 tanquam
1430 1027 1495 1064 ex
1535 1009 1976 1078 corruptibilibus
1999 1017 2056 1063 et

473 1107 617 1160 circa
679 1100 1053 1169 corruptibilia
1108 1100 1516 1154 consistentem.
1595 1098 1806 1152 Gradus
1872 1107 2053 1153 autem

474 1193 637 1248 tradit
662 1193 727 1246 ad
757 1193 1159 1261 promotionem
1185 1207 1199 1243 :
1226 1190 1464 1260 primum
1490 1191 1708 1258 quidem
1735 1190 1914 1250 ﬁdem.
1937 1204 2056 1260 quae

473 1284 883 1340 fundamentum
915 1292 998 1336 est
1018 1297 1078 1336 ac
1108 1282 1254 1336 basis
1279 1297 1376 1335 seu
1409 1281 1736 1350 principium
1764 1281 2052 1335 bonorum.

475 1377 685 1430 Deinde
719 1377 960 1431 secundo
994 1375 1166 1446 gradu
1208 1376 1468 1429 virtutem
1528 1375 1644 1428 sive
1686 1388 1872 1442 opera,
1931 1389 2056 1427 nam

477 1470 607 1524 sine
638 1470 722 1524 his
794 1469 926 1523 ﬁdes
988 1478 1202 1523 mortua
1263 1476 1368 1534 est,
1431 1467 1885 1536 quemadmodum
1930 1467 2059 1522 dicit

473 1560 775 1625 Jacobus}.
805 1560 932 1614 Post
959 1563 1072 1614 haec
1104 1575 1234 1614 vero
1262 1561 1511 1614 scientia.
1561 1558 1693 1624 Quae
1738 1569 1918 1613 autem
1977 1568 2060 1614 est

477 1655 595 1708 haec
619 1655 641 1706 ?
663 1654 916 1723 Cognitio
951 1662 1287 1707 secretorum
1337 1653 1456 1709 Dei.
1489 1652 1890 1722 mysteriorum,
1939 1667 2060 1721 qua;

477 1761 586 1799 non
614 1747 787 1800 cuivis
815 1746 1122 1815 contingit,
1148 1746 1242 1800 sed
1276 1750 1571 1800 exercitato
1597 1746 1650 1799 in
1707 1746 1893 1802 habitu
1943 1762 2058 1799 me-

476 1834 676 1888 liorum
707 1852 960 1905 operum.
1003 1835 1132 1890 Post
1184 1838 1298 1891 haec
1350 1848 1434 1892 est
1495 1838 1873 1907 temperantia.
1925 1838 2058 1892 Nam

478 1934 535 1979 et
585 1925 689 1980 bac
719 1942 857 1995 opus
887 1936 966 1980 est
1008 1927 1056 1981 ei
1084 1928 1176 1996 qui
1204 1929 1275 1982 ad
1329 1945 1639 1983 mensuram
1688 1930 1954 1998 pervenit,
1990 1946 2061 1985 ne

480 2015 608 2071 doni
644 2018 1015 2086 magnitudine
1039 2019 1305 2075 lasciviat.
1357 2019 1516 2090 532
1573 2021 1838 2086 Quoniam
1878 2032 2060 2076 autem

480 2124 588 2163 non
617 2110 885 2180 contingit
913 2126 1037 2165 eum
1062 2113 1154 2181 qui
1187 2113 1400 2167 modico
1440 2124 1687 2183 tempore
1721 2115 1893 2167 utitur
1915 2124 2057 2168 tem-

480 2199 751 2266 perantia.
784 2200 1014 2256 ﬁrmiter
1069 2203 1274 2258 donum
1324 2204 1602 2274 possidere
1646 2205 1882 2275 (semper
1913 2206 2059 2259 enim

478 2291 711 2361 cupiunt
759 2292 1080 2350 aﬁlictiones
1111 2310 1231 2350 eam
1275 2312 1398 2367 quae
1423 2312 1452 2351 a
1479 2296 1867 2366 prtefocatione
1920 2297 2060 2351 libe-

478 2391 583 2445 rat,
615 2383 684 2437 ad
709 2383 762 2437 id
784 2386 927 2454 quod
953 2387 1108 2456 pejus
1130 2398 1214 2442 est
1241 2389 1589 2458 perducere),
1613 2390 1957 2462 subingressa
1980 2398 2061 2443 ιοσ

479 2473 708 2528 lerantia
744 2491 858 2531 rem
881 2493 1098 2532 omnem
1136 2482 1362 2551 peragit,
1397 2490 1452 2536 et
1475 2483 1732 2552 pietatem
1781 2479 2058 2545 conciliat,

479 2562 858 2632 perfectiorem
895 2566 951 2620 in
981 2567 1149 2623 Deum
1189 2570 1576 2626 conﬁdentiam
1639 2571 1878 2626 elﬁciens
1903 2588 1917 2626 :
1941 2571 2062 2626 ideo

482 2666 701 2722 quoque
729 2668 792 2706 ex
823 2656 1021 2723 pietate
1045 2661 1268 2727 quaesita
1292 2671 1375 2715 est
1395 2661 1631 2715 charitas
1651 2661 1910 2727 fraterna,
1940 2677 2061 2731 quae

484 2757 831 2814 nequaquam
862 2749 1070 2804 accedit
1092 2749 1199 2805 nisi
1227 2752 1532 2823 benignitas
1551 2753 1617 2807 ad
1648 2754 1829 2808 omnia
1853 2755 2061 2809 tribue-

483 2836 781 2892 ritaditum
821 2840 1057 2909 pietatis.
1094 2843 1160 2897 Et
1191 2858 1356 2912 super
1385 2844 1566 2898 omnia
1617 2845 1888 2900 bonorum
1940 2862 2058 2900 om-

483 2927 636 2981 nium
661 2930 1119 3000 complementum
1163 2942 1252 2990 est
1308 2937 1547 3001 dilectio,
1603 2937 2060 3007 quemadmodum

481 3027 536 3072 et
565 3016 732 3073 Paulo
754 3020 774 3050 ³
795 3030 851 3074 et
868 3021 1090 3078 Veritati
1121 3025 1352 3080 videtur.
1374 3026 1511 3080 Nam
1544 3028 1658 3082 haec
1684 3029 1846 3083 etDei
1868 3028 2062 3084 Filium

2152 551 2468 620 ἐπιδημίας,
2491 550 2744 620 ἀπαρχὴν
2776 547 2877 617 τῆς
2901 545 3175 617 ἡμετέρας
3205 546 3420 615 φύσεως
3455 548 3514 599 ὲν
3548 545 3746 616 ἐαυτῷ

2153 640 2558 710 ὐποστήσαντός
2585 655 2642 690 τε
2677 639 2770 690 καὶ
2800 637 3134 704 άγιάσαντος
3169 640 3234 706 τῇ
3284 636 3616 712 προσλήψει.
3679 637 3749 689 El

2151 732 2210 786 δὲ
2242 735 2275 803 ἠ
2308 731 2532 801 ἀπαρχὴ
2559 731 2710 797 ἁγία,
2745 731 2837 783 καὶ
2875 729 2935 782 τὸ
2965 729 3210 799 φύραμα.
3241 729 3476 797 Φύραμα
3517 729 3576 782 δὲ
3638 729 3749 796 τῆς

2154 823 2407 892 ἁπαρχῆς
2440 823 2539 874 οὐκ
2568 822 2714 876 ἀλλο.
2741 821 2773 892 ἢ
2806 823 2856 874 oi
2884 819 2943 886 ἐξ
2972 815 3046 874 ὧν
3077 823 3109 891 ή
3141 823 3390 891 ἀπαρχὴ.
3421 821 3645 892 Φθορὰν
3686 820 3749 874 δέ

2153 917 2253 986 τὴν
2298 915 2407 968 ἀπὸ
2475 915 2572 983 τῆς
2636 917 2908 982 κοσμικῆς
2959 913 3278 983 ἐπιθυμίας,
3332 915 3516 984 φησὶν,
3568 917 3654 977 ὡς
3682 918 3753 969 ἐκ

2155 1005 2412 1077 φθαρτῶν
2439 1023 2498 1059 τε
2533 1007 2626 1059 καὶ
2653 1009 2781 1078 περὶ
2815 1007 3031 1074 φθαρτά
3059 1007 3446 1076 συγκειμένης.
3477 1008 3750 1077 Βαθμοὺς

2154 1099 2212 1152 δὲ
2267 1100 2364 1168 τῆς
2418 1099 2708 1168 προκοπῆς
2761 1099 3073 1161 ἐπίσταται,
3133 1100 3356 1170 πρώτην
3385 1101 3482 1170 τὴν
3523 1102 3748 1166 πίστιν,

2156 1193 2278 1264 ἣτις
2309 1191 2556 1259 θεμέλιος
2585 1194 2700 1243 ἐστι
2740 1191 2846 1244 τῶν
2878 1191 3097 1258 ἀγαθῶν
3149 1193 3242 1245 καὶ
3295 1193 3519 1261 κρηπίς.
3599 1191 3748 1247 Εἶτα

2157 1283 2407 1352 δεύτερον
2448 1281 2671 1351 βαθμὸν,
2703 1283 2801 1351 τὴν
2832 1284 3054 1352 ἀρετὴν,
3085 1283 3202 1353 ἦτοι
3234 1284 3302 1337 τὰ
3359 1285 3516 1353 ἔργα.
3550 1287 3749 1356 Χωρὶς

2158 1373 2268 1443 γάρ
2295 1371 2496 1425 τούτων
2523 1373 2556 1441 ἡ
2585 1372 2765 1431 πίστις
2793 1373 2981 1439 νεκρά,
3001 1372 3076 1434 ὡς
3099 1372 3354 1436 Ἱάκωϐός
3384 1390 3567 1443 φησιν.
3609 1372 3751 1425 Ἐπὶ

2157 1460 2368 1522 τούτοις
2404 1462 2436 1530 ή
2471 1461 2698 1528 γνῶσις.
2724 1461 2820 1524 Τίς
2837 1462 2893 1513 δὲ
2929 1460 3104 1530 αὖτη;
3165 1462 3228 1515 Ἦ
3285 1464 3392 1515 τῶν
3451 1463 3545 1516 τοῦ
3595 1459 3748 1516 Θεοῦ

2159 1551 2494 1622 ἀποκρύφων
2523 1553 2838 1622 μυστηρίων
2873 1553 3100 1622 είδησις,
3129 1554 3254 1623 ἥτις
3304 1557 3364 1606 οὐ
3403 1555 3481 1624 τῷ
3514 1556 3749 1625 τυχόντι

2163 1647 2548 1716 παραγίνεται.
2582 1645 2720 1698 ἀλλὰ
2775 1645 2852 1714 τῷ
2906 1645 2974 1699 δι’
3025 1647 3203 1716 ἔργων
3257 1648 3584 1717 κρειττόνων
3638 1649 3748 1717 τὴν

2161 1737 2274 1802 ἕξιν
2299 1736 2756 1807 γεγυμνασμένῳ.
2794 1737 2920 1790 Ἐπὶ
2945 1738 3160 1801 τούτοις
3195 1741 3229 1809 ἡ
3279 1739 3596 1809 ἐγκράτεια.
3649 1742 3752 1792 Δεῖ

2093 1803 2132 1858 Β
2162 1829 2268 1898 γὰρ
2301 1803 2393 1881 καλ
2423 1803 2626 1899 ταύτης
2650 1803 2727 1900 tu?)
2751 1831 2886 1899 πρὸς
2921 1831 3118 1901 μέτρον
3141 1803 3482 1901 ἀφίκοίιέλνφο
3536 1831 3614 1894 ὡς
3675 1830 3750 1885 ἂν

2164 1921 2238 1989 μὴ
2271 1920 2543 1991 ὲξυόρίζοι
2574 1921 2650 1992 τῷ
2672 1921 2896 1990 μεγέθει
2919 1922 3018 1990 τῆς
3046 1922 3278 1993 δωρεᾶς.
3297 1921 3533 1992 ιῈπειδὴ
3558 1923 3615 1977 δὲ
3639 1926 3750 1976 οὐκ

2161 2010 2308 2063 ἐστιν
2346 2012 2438 2064 ἐπὶ
2473 2012 2668 2083 μικρὸν
2710 2013 2994 2083 χρώμενον
3024 2016 3090 2084 τῇ
3151 2014 3446 2084 ἐγκρατείᾳ
3507 2015 3750 2084 βεϐαίαν

2162 2103 2460 2172 κεκτῆσθαι
2490 2104 2590 2174 τὴν
2621 2103 2851 2175 δωρεὰν,
2894 2105 3129 2174 (φιλοῦσι
3167 2106 3275 2177 γὰρ
3309 2107 3395 2160 ἀεὶ
3452 2106 3523 2159 τὰ
3563 2107 3747 2175 πάθη,

2159 2193 2253 2246 τοῦ
2287 2195 2652 2265 κατάγχοντος
2685 2195 3108 2268 ἐλευθερίσαντα
3133 2199 3228 2251 ἐπὶ
3276 2197 3336 2251 τὸ
3365 2199 3547 2270 χεῖρον
3600 2215 3748 2271 προ-

2163 2285 2458 2355 άγεσθαι,)
2488 2288 2522 2358 ἡ
2551 2287 2801 2358 ὑπομονὴ
2823 2287 3220 2343 ἐπεισελθοῦσα
3255 2290 3316 2343 τδ
3347 2291 3454 2342 πᾶν
3513 2290 3750 2362 κατείρο

2163 2394 2392 2445 γασατο,
2412 2380 2505 2432 καὶ
2534 2379 2632 2450 τὴν
2661 2379 2948 2434 εὗσέὸειαν
2995 2382 3348 2451 προεξένησε,
3403 2381 3749 2454 τελεωτέραν

2162 2466 2258 2538 τὴν
2285 2470 2364 2532 είς
2393 2468 2527 2523 Θεὸν
2547 2471 2993 2542 ἀπεργασαμένη
3021 2472 3369 2543 πεποίθησιν.
3408 2473 3497 2526 Διδ
3542 2473 3636 2527 καὶ
3673 2477 3742 2545 τῇ

2162 2559 2419 2631 εὐσεὸείᾳ
2451 2563 2484 2632 ἡ
2520 2561 2842 2631 φιλαδελφία
2884 2563 3315 2635 προσεπορξσθη,
3354 2565 3454 2618 οὐκ
3493 2564 3559 2618 ἂν
3615 2567 3744 2619 ἐπι-

2162 2653 2455 2722 γενομένη,
2491 2655 2539 2706 εί
2561 2653 2639 2724 μὴ
2654 2655 2752 2723 τῆς
2779 2654 3059 2715 εὐσεϐείας
3083 2655 3143 2708 τὸ
3167 2656 3296 2724 περὶ
3331 2657 3507 2710 πάντα
3532 2657 3748 2724 εὐγνω-

2166 2744 2384 2813 μονικὺν
2411 2745 2686 2816 παρέσχεν
2719 2745 2994 2802 ἐπίϐασιν.
3020 2748 3128 2801 Καὶ
3158 2748 3252 2802 ἐπὶ
3274 2751 3432 2810 πᾶσι,
3489 2749 3550 2802 τὸ
3600 2750 3746 2802 πάν-

2161 2853 2271 2889 των
2319 2837 2538 2904 ἀγαθῶν
2589 2839 2885 2912 πλήρωμα,
2935 2840 2971 2907 ἡ
3023 2841 3234 2911 ἀγάπη,
3266 2840 3342 2904 ὡς
3397 2842 3595 2912 Παύλῳ
3644 2842 3748 2895 καὶ

2163 2932 2229 2999 τῇ
2255 2929 2512 3002 ’Λληθείᾳ
2534 2931 2703 2986 δοκεῖ.
2745 2930 2891 3002 Αὕτη
2909 2931 3018 3002 γὰρ
3054 2933 3151 2985 καὶ
3179 2932 3272 2985 τον
3298 2931 3393 2986 τοῦ
3417 2932 3551 2986 Θεοῦ
3589 2932 3744 2998 Υίδν,

2164 3021 2257 3073 καὶ
2279 3021 2372 3074 τὸν
2389 3023 2578 3075 τούτου
2601 3023 2819 3095 Πατέρα
2848 3024 3187 3092 ἐξεϐιάσατο,
3216 3026 3307 3080 τὸν
3350 3025 3450 3095 μὲν
3481 3025 3572 3078 τὸν
3599 3027 3746 3092 ἀγα-

483 3116 538 3162 et
571 3109 734 3178 hujus
761 3109 980 3167 Patrem
1009 3115 1214 3169 evicit:
1248 3117 1394 3171 hunc
1415 3118 1634 3187 quidem
1694 3128 1752 3172 ut
1775 3121 1878 3174 sibi
1925 3120 2057 3176 dile-

2175 3112 2343 3182 πητδν
2366 3113 2530 3167 αὐτοῦ
2563 3113 2766 3179 δοῦναι,
2791 3114 2883 3168 τὸν
2915 3114 3104 3168 δὲΥίδν
3142 3115 3202 3168 τὸ
3227 3110 3366 3185 αἷμα
3396 3115 3560 3169 αὐτοῦ
3600 3116 3742 3186 ὑπὲρ

485 3207 634 3252 ctum
672 3200 867 3255 Filium
889 3205 1064 3267 daret,
1098 3203 1293 3259 Filium
1323 3223 1452 3262 vero
1470 3219 1528 3263 ut
1561 3211 1872 3280 sanguinem
1896 3229 2053 3269 suum

485 3304 585 3360 pro
604 3291 757 3346 nobis
778 3293 1099 3350 etfunderet.
1122 3315 1139 3346 ι
1161 3297 1289 3352 Haec
1307 3300 1450 3353 enim
1468 3316 1589 3354 cum
1615 3303 1769 3357 vobis
1792 3302 2007 3359 adsunt.
2042 3322 2062 3357 ι

485 3378 743 3443 Quaenam
775 3381 927 3437 haec?
947 3383 1126 3450 Fides,
1147 3387 1336 3452 virtus,
1385 3390 1632 3455 scientia,
1685 3393 2064 3462 temperantia,

486 3467 773 3536 patientia,
801 3471 995 3539 pietas,
1025 3471 1264 3528 Charitas
1283 3475 1544 3544 fraterna,
1569 3479 1804 3544 dilecrio,
1827 3497 1945 3551 qua:
1961 3498 2066 3538 non

485 3557 678 3614 adesse
709 3566 919 3616 tantum
942 3573 1175 3633 Oportet,
1204 3582 1390 3623 verum
1413 3571 1572 3624 etiam
1589 3576 1904 3628 exuberare.
1931 3575 2065 3630 Nam

488 3648 534 3703 si
570 3653 856 3717 praesentia
906 3654 1147 3722 prodest,
1190 3659 1361 3714 multo
1387 3663 1557 3732 magis
1588 3663 1916 3719 abundantia
1950 3667 2065 3723 sive

488 3741 952 3810 cpulentia.Quze
997 3756 1182 3802 autem
1245 3753 1495 3820 sequitur
1555 3770 1622 3810 ex
1671 3756 1756 3811 bis
1815 3758 2064 3815 utilitas?

491 3829 848 3890 Securitatem
874 3837 1075 3895 habere
1097 3841 1163 3895 ad
1182 3845 1480 3899 secundum
1510 3845 1719 3902 Domini
1746 3850 2060 3907 adventum.

489 3923 625 3978 Eum
653 3943 888 3998 namque
919 3932 1007 3986 cui
1042 3948 1150 3988 non
1182 3936 1379 3990 adsunt
1406 3939 1542 4005 haec,
1575 3939 1628 3994 in
1669 3942 1837 4012 gloria
1864 3943 2063 4014 judicis

489 4017 848 4086 advenientis,
872 4033 925 4077 et
957 4025 1012 4077 in
1039 4027 1257 4082 modum
1283 4029 1413 4085 solis
1436 4033 1844 4101 resplendeutis,
1903 4037 2061 4092 caeci-

490 4115 574 4160 tas
606 4110 976 4181 subsequitur.
1010 4115 1110 4172 Ubi
1163 4119 1375 4175 etiamsi
1406 4134 1628 4192 aspectu
1678 4127 1949 4187 valeat.ne
1989 4130 2060 4183 ita

487 4199 704 4279 quidem
728 4212 904 4272 potest
923 4206 1038 4261 sine
1067 4208 1285 4266 lesione
1312 4228 1410 4282 per
1451 4214 1707 4270 aﬁ‘ectum
1747 4218 1946 4274 intueri
2003 4220 2056 4275 id

490 4291 638 4358 quod
670 4294 1110 4362 splendissimum
1142 4309 1244 4365 est,
1279 4317 1405 4355 cum
1428 4318 1524 4358 sua
1547 4305 1667 4360 luce
1709 4323 1926 4378 semper
1955 4311 2056 4365 mi.

489 4393 609 4432 rum
640 4380 692 4433 in
719 4383 941 4438 modum
975 4385 1295 4453 splendente
1324 4400 1512 4445 natum
1570 4395 1642 4448 sit
1691 4411 1786 4452 eos
1835 4399 2060 4455 obtene-

2175 3205 2334 3274 ήμῶν
2351 3204 2558 3274 ἐκχέαι.
2587 3223 2608 3256 ι
2644 3204 2832 3260 Ταῦτα
2855 3205 2964 3276 γὰρ
2991 3207 3120 3278 ὑμῖν
3142 3207 3472 3276 ὑπάρχοντα.
3501 3224 3523 3260 ι
3553 3208 3741 3261 Ταῦτα

2175 3298 2344 3362 ποῖα;
2401 3295 2465 3351 Ἦ
2497 3296 2697 3362 πίστις,
2723 3298 2756 3368 ἡ
2786 3298 2978 3368 ἀρετὴ,
3002 3299 3036 3368 ἡ
3071 3297 3294 3367 γνῶσις,
3329 3301 3362 3369 ἡ
3404 3299 3674 3368 ὑπομονὴ,
3705 3300 3739 3370 ἡ

2174 3387 2447 3454 εὐσέϐεια,
2480 3389 2512 3459 ἡ
2545 3389 2886 3459 φιλαδελφία,
2917 3391 2950 3458 ἡ
3003 3390 3194 3460 ἀγάπη
3219 3405 3232 3420 ·
3281 3389 3440 3444 ἅτινα
3479 3391 3541 3444 οὒ
3579 3391 3740 3459 μόνον

2173 3483 2426 3549 παρεῖναι
2464 3482 2564 3547 δεῖ,
2587 3481 2722 3536 ἀλλὰ
2749 3483 2841 3535 καὶ
2860 3481 3195 3546 πλεονάζειν.
3237 3483 3302 3538 Ei
3328 3483 3436 3552 γὰρ
3462 3484 3495 3554 ἡ
3535 3500 3743 3553 παρου-

2174 3572 2264 3625 σία
2325 3573 2544 3642 ὠφελεῖ,
2597 3573 2774 3644 πολλῴ
2825 3575 3092 3645 μᾶλλονὴ
3142 3575 3449 3646 περιουσία.
3487 3575 3582 3637 Τίς
3623 3575 3739 3643 δὲή

2173 3663 2232 3727 ἐξ
2261 3664 2438 3716 αὐτῶν
2471 3664 2708 3733 ὠφέλεια
2733 3682 2748 3732 ;
2781 3667 2854 3719 Τὸ
2883 3667 3196 3738 παρρησίαν
3233 3667 3377 3737 ἔχειν
3403 3667 3484 3729 εἰς
3517 3666 3620 3737 τὴν
3645 3665 3741 3719 τοῦ

2171 3752 2376 3823 Κυρίου
2406 3753 2665 3824 δευτέραν
2694 3754 3019 3826 παρουσίαν.
3042 3755 3131 3824 Τῷ
3162 3755 3274 3826 γὰρ
3305 3755 3379 3825 μὴ
3406 3755 3585 3822 ἔχοντι
3609 3755 3744 3809 ταῦ-

2169 3861 2256 3910 τα,
2290 3846 2348 3896 ἐν
2378 3845 2504 3917 δόξῃ
2536 3845 2630 3900 τοῦ
2663 3847 2849 3916 κριτοῦ
2873 3847 3310 3917 παραγινομένου
3341 3849 3434 3901 καὶ
3478 3847 3554 3910 ὡς
3586 3847 3746 3918 ἡλίου

2168 3938 2670 4008 ἀπαστράπτοντος,
2706 3937 2982 4006 τύφλωσις
3014 3938 3387 4002 ἐπακολουθεῖ,
3413 3939 3619 4006 ὃπουγε
3647 3941 3748 3993 καὶ

2169 4031 2217 4082 εί
2243 4030 2448 4100 ἔρρωτο
2477 4032 2575 4099 τὴν
2599 4030 2742 4100 ὄψιν,
2776 4028 2888 4082 οὐδ’
2916 4028 3090 4093 οὕτως
3147 4029 3273 4100 ἐνῆν
3323 4029 3468 4098 αὐτῷ
3513 4030 3747 4095 ἀπαθῶς

2169 4123 2359 4193 ἐνορᾷν
2385 4122 2444 4176 τέ
2473 4122 2890 4193 ὑπέρλαμπρον,
2918 4123 3225 4192 πεφυκότος
3254 4125 3340 4177 ἀεὶ
3360 4123 3456 4176 τοῦ
3485 4126 3631 4194 ἄγαν
3666 4126 3746 4198 τῷ

2169 4211 2308 4281 φωτὶ
2337 4211 2773 4276 ἀποστίλϐοντος,
2808 4211 3091 4284 ἀμαυροῦν
3144 4213 3252 4265 τῶν
3305 4213 3545 4276 ἀσθενῶς
3603 4215 3744 4288 πρὸς

2166 4302 2298 4355 αὐτὸ
2325 4303 2414 4355 τὸν
2436 4303 2715 4374 ὀφθαλμὸν
2735 4304 3147 4374 ἐπερειδόντων.
3175 4304 3528 4366 Μυωπάζειν
3565 4307 3624 4359 δὲ
3679 4310 3742 4362 τδ

2164 4393 2498 4463 τυφλώττειν
2547 4397 2783 4465 εἴρηται,
2829 4395 2939 4450 ἀπὸ
3000 4395 3109 4449 τῶν
3167 4398 3274 4451 ὑπὸ
3301 4398 3400 4468 τὴν
3436 4400 3541 4467 γῆν
3583 4402 3742 4470 μυῶν

489 4469 669 4562 brare,
727 4474 818 4540 qui
873 4474 940 4527 ad
1013 4475 1143 4530 illud
1203 4478 1476 4535 debilibus
1517 4484 1688 4540 oculis
1735 4486 2057 4546 innituntur.

2167 4486 2383 4554 τυφλῶν
2407 4490 2488 4550 είς
2519 4488 2664 4542 ἀπαν
2687 4488 3097 4543 διατελούντων.
3130 4507 3149 4541 ι
3177 4489 3365 4562 Λήθην
3394 4491 3578 4544 λαόὼν
3643 4494 3741 4547 τοῦ

485 4561 816 4625 Μυωπάζειν
852 4579 980 4618 vero
1009 4566 1214 4621 dictum
1241 4581 1321 4624 est
1349 4587 1448 4640 pro
1491 4577 1770 4640 caecutire,
1817 4579 1924 4632 ἀπὸ
1953 4582 2060 4637 τῶν

490 4651 664 4721 μυῶν,
685 4653 736 4708 id
770 4663 871 4719 est,
899 4671 928 4708 a
962 4656 1255 4713 bufonibus
1275 4663 1378 4716 sub
1416 4670 1558 4718 terra
1599 4665 1939 4736 degentibus,
1967 4673 2058 4740 qui

485 4741 551 4794 ad
575 4741 756 4796 omnia
787 4743 914 4798 caeci
944 4757 1315 4814 perseveraut.
1368 4769 1388 4803 ι
1429 4749 1640 4810 Oblitus
1658 4770 1778 4812 sese
1799 4773 1828 4812 a
1857 4762 2059 4816 veteri-

483 4831 586 4887 bus
613 4835 726 4888 suis
755 4837 1012 4904 peccatis.
1047 4856 1066 4890 ι
1105 4838 1219 4896 Hoc
1247 4841 1422 4898 simile
1441 4854 1524 4900 est
1548 4845 1624 4900 illi
1662 4851 1805 4918 quod
1833 4867 1863 4905 a
1899 4852 2056 4910 beato

482 4922 684 4979 Jacobi)
713 4925 917 4980 dictum
945 4935 1029 4982 est
1063 4947 1075 4983 :
1107 4948 1126 4981 ι
1151 4929 1206 4985 Si
1252 4933 1374 5002 quis
1412 4935 1598 4990 audiat
1621 4953 1923 4996 sermonem
1952 4960 2054 5000 nec

483 5031 606 5070 eum
639 5015 798 5072 factis
849 5020 1134 5089 exprimat,
1160 5023 1250 5077 hic
1287 5024 1484 5080 similis
1509 5037 1592 5082 est
1626 5029 1744 5085 viro
1796 5035 2052 5090 conside-

487 5107 634 5160 ranti
675 5107 868 5162 faciem
918 5111 1217 5170 nativitatis
1243 5129 1354 5170 suae
1373 5115 1429 5170 in
1459 5119 1699 5187 speculo.
1729 5121 2052 5182 Considera-

485 5198 723 5254 vitenim
776 5201 1016 5271 scipsum
1054 5214 1110 5260 et
1159 5207 1312 5275 abiit,
1372 5210 1662 5281 statimque
1714 5214 1914 5271 oblitus
1970 5227 2057 5274 est

483 5291 663 5359 qualis
730 5301 878 5347 esset
899 5292 940 5349 ⁸.
985 5313 1002 5346 ι
1043 5296 1175 5352 Nam
1209 5308 1264 5354 et
1295 5300 1383 5355 hic
1409 5316 1533 5356 cum
1581 5305 1819 5374 scipsum
1855 5324 2058 5380 cogno-

484 5379 654 5434 visset
708 5397 863 5437 sacro
901 5385 1230 5455 baptismate
1279 5402 1562 5462 purgatum
1607 5396 1819 5454 fuisse:
1869 5402 1994 5470 quia
2025 5417 2055 5455 a

481 5483 828 5541 peccatorum
851 5477 1199 5534 multitudine
1240 5481 1457 5537 ablutus
1517 5484 1715 5552 fuerat,
1771 5489 1909 5545 scire
1962 5491 2053 5545 de-

2169 4577 2512 4648 καθαρισμοῦ
2561 4578 2671 4632 τῶν
2719 4578 2887 4633 πάλαι
2936 4578 3101 4632 αὑτοῦ
3157 4581 3464 4651 ἁμαρτιῶν.
3495 4601 3514 4635 ι
3567 4582 3745 4637 Τοῦτο

2167 4667 2451 4739 ὅμοιοντῷ
2482 4669 2587 4722 ὑπὸ
2630 4669 2905 4742 μακαρίου
2966 4669 3223 4725 Ἰακὼὁου
3280 4673 3576 4744 εἰρημένῳ,
3635 4676 3740 4742 ὅτι,

2173 4779 2192 4812 ι
2221 4761 2288 4814 Εἴ
2311 4778 2395 4824 τις
2420 4762 2694 4832 ἀκροατὴς
2717 4761 2876 4830 λόγου
2903 4763 3020 4816 ἐστὶ
3049 4767 3143 4816 καὶ
3185 4764 3248 4818 οὐ
3274 4766 3526 4836 ποιητὴς,
3580 4759 3743 4831 οὗτος

2165 4851 2343 4905 ἔοικεν
2367 4853 2520 4922 ἀνδρὶ
2551 4852 2905 4907 κατανοοῦντι
2929 4853 2989 4907 τδ
3021 4855 3317 4925 πρόσωπον
3349 4857 3448 4926 τῆς
3468 4858 3743 4925 γενέσεως

2163 4942 2329 4997 αὐτοῦ
2389 4943 2446 4996 ὲν
2501 4944 2772 5014 ἐσόπτρῳ.
2836 4945 3147 5016 Κατενόησε
3219 4947 3330 5018 γὰρ
3395 4948 3590 5002 ἑαυτὸν
3644 4950 3745 5002 καὶ

2161 5035 2390 5106 ἀπῆλθε,
2411 5037 2504 5089 καὶ
2536 5036 2741 5100 εὐθέως
2775 5038 3070 5092 ἐπελάθετο
3100 5040 3283 5104 ὁποῖος
3303 5036 3393 5112 ἦν.
3425 5059 3444 5093 ι
3487 5041 3599 5093 Καὶ
3626 5043 3742 5113 γὰρ

2161 5128 2256 5181 καὶ
2286 5123 2438 5191 οὗτος
2467 5129 2724 5196 ἐπιγνοὺς
2745 5130 2936 5185 ἑαυτὸν
2987 5131 3077 5186 διὰ
3116 5131 3210 5186 τοῦ
3261 5134 3602 5204 καθαρθῆναι
3656 5134 3740 5205 τῷ

2155 5221 2297 5291 ἁγίῳ
2327 5221 2680 5292 βαπτίσματι,
2705 5223 2785 5276 ὅτι
2819 5225 3058 5296 πλήθους
3099 5228 3387 5299 ἁμαρτιῶν
3406 5228 3735 5299 ἐξεπλύνθη,

2156 5311 2272 5364 δέον
2301 5314 2518 5378 εἰδέναι,
2551 5314 2632 5366 ὅτι
2659 5313 2952 5385 καθαρθεὶς
2983 5320 3077 5370 καὶ
3103 5318 3367 5389 άγιότητα
3419 5319 3604 5385 ἔλαϐε,
3635 5320 3736 5390 νή-

2157 5421 2277 5472 φειν
2315 5405 2400 5457 ἵνα
2447 5405 2743 5469 διαπαντὸς
2791 5409 2932 5477 τηρῇ
2985 5409 3078 5461 τὸν
3136 5410 3430 5478 ἀγιασμδν,
3461 5406 3522 5466 οὗ
3565 5412 3730 5481 χωρὶς

2164 5495 2337 5557 οὐδεὶς
2356 5496 2548 5564 ὄψεται
2587 5497 2677 5551 τὸν
2707 5497 2912 5569 Κύριον
2933 5514 2949 5529 '
2988 5501 3015 5552 ὁ
3044 5499 3100 5553 δέ
3132 5501 3447 5556 ἐπελάθετο.

481 5563 686 5661 buisset
710 5561 854 5637 quod
879 5578 1166 5661 purgatum
1210 5581 1266 5628 et
1317 5575 1660 5631 sanctitatem
1689 5587 2045 5636 consecutum
2087 5584 2312 5655 vigilare
2331 5561 2594 5656 oportuit,
2657 5597 2715 5643 ut
2764 5561 3110 5645 sanctitatem
3175 5605 3390 5661 semper
3461 5603 3722 5651 servaret.

481 5653 603 5708 sine
642 5670 748 5724 qua
781 5672 941 5715 nemo
978 5660 1184 5717 videbit
1233 5663 1405 5722 Deum
1456 5668 1478 5701 '
1515 5665 1646 5722 :ille
1683 5678 1814 5725 vero
1847 5669 2048 5726 oblitus
2081 5653 2184 5728 est.

549 5813 569 5844 ³
595 5809 712 5868 Jac.
750 5831 806 5882 ιι,
831 5817 918 5874 26.
997 5820 1181 5880 'Rom.
1219 5841 1338 5898 xm,
1383 5829 1472 5885 l3.
1551 5827 1705 5887 ‘Jac.
1751 5847 1787 5900 ι,
1825 5830 1915 5901 25,
1943 5831 2035 5890 24.

2162 5833 2320 5896 Hebr.
2353 5851 2449 5906 xu,
2482 5837 2572 5894 H.
