3986 6556
481 341 608 409 3557

1531 334 1927 395 (ECUMENII
1969 333 2257 393 'l‘lllCC/E
2296 333 2632 395 EPISCOPI

3669 331 3788 394 588

501 449 900 521 peximusitlius
926 449 1278 522 maiestatem.
1314 448 1518 516 Accepit
1550 447 1688 500 enim
1712 464 1744 498 a
1784 445 1890 498 Deo
1919 445 2076 499 Patre

2178 446 2348 498 όπται
2382 447 2732 513 γενηθέντες
2750 443 2861 512 τῆς
2885 442 3121 498 ἐκείνου
3137 445 3628 512 μεγαλειότητος.
3659 447 3787 497 Λιι-

503 546 748 600 honorem
779 553 827 599 et
849 544 1098 615 gloriam,
1169 558 1287 596 voce
1351 543 1424 596 ad
1478 543 1652 610 ipsum
1720 539 2081 602 huiuscemodi

503 637 682 688 delata
704 651 736 688 a
768 633 1046 704 magniﬁca
1078 632 1245 703 gloria
1278 646 1295 684 :
1327 630 1430 685 Hic
1456 643 1528 686 est
1560 630 1731 686 Filias
1769 647 1913 685 meus
1951 632 2084 685 dile—

476 738 614 782 ictus
637 729 690 782 in
727 744 831 798 quo
865 728 992 782 mihi
1013 725 1386 794 complacitum
1423 735 1519 782 est.
1580 724 1649 779 Et
1707 728 1843 780 hanc
1907 742 2082 780 uocem

506 836 596 874 nos
649 819 947 873 audivimus
995 833 1022 871 e
1060 817 1184 870 coelo
1227 816 1485 882 delatam,
1525 832 1644 869 rum
1691 831 1920 870 essemus
1948 831 2080 868 una

505 927 621 965 cum
643 911 756 980 ipso
787 910 840 962 in
864 918 1034 962 monte
1064 916 1267 963 sancto.
1289 907 1354 961 Et
1377 907 1628 961 habemus
1648 906 1934 976 ﬁrmiorem
1959 922 2084 975 pro-

486 1003 764 1072 pheticum
791 999 1203 1064 sermonem,cui
1235 999 1361 1052 dum
1391 999 1664 1052 attendilis
1715 1013 1804 1051 seu
1858 997 2084 1052 lucerna:

505 1093 786 1164 apparenti
813 1092 866 1145 iu
893 1094 1114 1145 obscuro
1145 1090 1257 1144 loco
1307 1099 1444 1143 recte
1489 1088 1662 1160 facitis
1693 1103 1712 1141 :
1759 1087 1921 1142 donec
1970 1089 2081 1142 dies

482 1183 788 1243 illucescat,
819 1191 865 1234 et
890 1180 1074 1251 lucifer
1102 1181 1376 1236 exoriatur
1407 1178 1462 1233 in
1495 1178 1736 1234 cordibus
1787 1179 1992 1232 vestris.
2023 1176 2081 1231 Si

2181 536 2298 590 σὼν
2324 537 2435 605 γὰρ
2457 537 2615 605 παρὰ
2645 535 2793 590 Θεοῦ
2814 535 3044 605 Πατρός
3072 535 3252 604 τιμὴν
3277 535 3377 590 καὶ
3405 535 3616 599 δόξαν,
3653 554 3785 604 φω-

2180 628 2296 696 νῆς
2332 628 2685 698 ἐνεχθείσης
2735 626 2895 691 αὐτῷ
2930 625 3171 681 τοιᾶσδε
3222 626 3344 681 ὑπὸ
3383 625 3490 696 τῆς
3515 631 3788 698 μεγαλο-

2141 785 2144 788 ,
2181 720 2452 788 πρεποῦς
2475 719 2683 786 δόξης·
2710 714 2898 785 Οὗτός
2932 719 3151 774 ὲστινό
3179 721 3313 786 Υἱός
3327 738 3445 789 μου
3471 725 3504 775 ό
3529 721 3784 790 ἀγάπη.

2181 811 2304 877 τὸς,
2332 812 2420 878 εἰς
2449 810 2522 864 ὃν
2544 809 2660 880 ἐγὼ
2707 809 3035 878 εὐδόκησα.
3079 812 3190 866 Καί
3230 813 3460 878 ταύτην
3490 811 3610 879 τὴν
3651 829 3782 881 φω-

2180 901 2305 971 νὴν
2357 901 2528 972 ἡμεῖς
2578 902 2934 972 ἠκούσαμεν
2978 901 3048 966 ἐξ
3097 903 3358 972 οὐρανοῦ
3385 903 3779 972 ἐνεχθεῖσαν,

2179 993 2304 1048 σὺν
2341 993 2502 1060 αὐτῷ
2539 993 2712 1061 ὄντες
2737 995 2810 1050 ἐν
2836 994 2917 1061 τῷ
2940 993 3062 1064 ὄρει
3089 994 3168 1061 τῷ
3200 997 3367 1066 ἁγίῳ.
3396 998 3506 1051 Καὶ
3543 996 3782 1065 ἔχομεν

2173 1088 2567 1156 βεϐαιότερον
2610 1087 2720 1143 τὸν
2769 1088 3145 1157 προφητικὸν
3198 1091 3407 1157 λόγον.
3439 1082 3514 1158 *ῼ
3561 1087 3780 1152 καλῶς

2177 1180 2399 1234 ποιεῖτε
2492 1180 2900 1250 προσέχοντες
2953 1182 3036 1247 ὡς
3099 1181 3310 1250 λύχνῳ
3356 1182 3635 1251 φαίνοντι
3701 1181 3780 1233 ὲν

401 1595 409 1603 .
497 1546 703 1617 Spiritu
731 1559 914 1605 sancto
932 1549 1144 1619 impulsi
1173 1547 1335 1602 locuti
1364 1547 1669 1602 suntsancti
1688 1544 1784 1600 Dei
1815 1544 2066 1599 homines.

499 1274 634 1328 illud
668 1275 812 1340 prius
837 1274 1081 1328 noveritis
1103 1272 1241 1343 quod
1269 1272 1439 1326 omnis
1472 1270 1778 1340 prophetica
1811 1270 2078 1340 scriptura

2176 1273 2464 1345 αὐχμηρῷ
2509 1275 2690 1339 τόπῳ,
2732 1273 2844 1340 ἕως
2891 1269 2965 1330 οὗ
3031 1273 3220 1343 ἡμέρα
3281 1271 3600 1343 διαυγάσῃ,
3668 1273 3773 1324 καί

501 1382 604 1420 non
636 1365 699 1418 sit
732 1367 958 1434 propria:
989 1363 1460 1434 interpretationis.
1487 1361 1607 1416 Non
1640 1362 1782 1416 enim
1806 1360 2075 1416 voluntate

2179 1367 2501 1436 φωσφόρος
2524 1365 2811 1434 ἀνατείλῃ
2825 1365 2897 1432 ἐν
2919 1364 3046 1431 ταῖς
3063 1365 3338 1432 καρδίαις
3357 1364 3546 1434 ὑμῶν,
3587 1365 3778 1418 τοῦτο

499 1456 719 1510 hominis
753 1455 907 1510 illata
942 1456 1041 1527 [ait
1081 1471 1311 1525 unquam
1364 1454 1676 1526 prophetia:
1717 1451 1877 1524 535
1916 1455 2006 1510 sed
2039 1470 2071 1504 ιι

2179 1457 2416 1525 πρῶτον
2444 1457 2864 1527 γινώσκοντες,
2895 1458 3023 1511 Ὅτι
3049 1455 3217 1512 πᾶσα
3248 1458 3580 1527 προφητεία
3627 1473 3775 1526 713a-

2177 1548 2320 1618 φῆς,
2351 1549 2507 1615 ἰδίας
2534 1548 2874 1615 ἐπιλύσεως
2916 1551 2990 1604 οὐ
3038 1549 3283 1619 γίνεται.
3317 1551 3402 1602 οὐ
3433 1549 3543 1617 τὰρ
3582 1548 3772 1613 θελή-

493 1661 635 1714 ματι
663 1643 978 1716 ἀνθρώπου
1013 1642 1242 1712 ἠνέχθη
1271 1639 1417 1695 ποτὲ
1443 1639 1798 1710 προφητεία,
1823 1639 1960 1694 ἀλλ’
1985 1637 2102 1695 ὑπὸ
2143 1642 2489 1712 Πνεύματος
2514 1644 2688 1713 ἁγίου
2729 1642 3040 1714 φερόμενοι
3092 1640 3410 1709 ἐλάλησαν
3484 1645 3540 1696 ot
3603 1642 3771 1711 ἅγιοι

501 1739 650 1794 Θεοῦ
681 1739 1002 1806 ἄνθρωποι.

569 1830 704 1888 Cum
746 1829 973 1885 dixisset
1003 1827 1147 1899 quod
1195 1826 1437 1884 studiose
1475 1841 1535 1881 se
1579 1825 1780 1880 habere
1811 1825 2072 1890 debeant,

2250 1823 2437 1879 Εἰπὼν
2494 1824 2979 1896 περισπουδάστως
3041 1822 3190 1894 ἔχειν
3237 1821 3438 1886 αὐτοὺς
3495 1822 3768 1893 ὀφείλειν,

499 1934 555 1979 et
583 1939 646 1979 ea
669 1921 924 1979 videlicet
948 1935 1069 1991 qua:
1098 1935 1127 1975 ιι
1157 1934 1216 1975 se
1243 1918 1458 1974 fuerant
1489 1917 1624 1988 ipsis
1651 1911 1995 1981 annuntiata,
2020 1927 2076 1972 et

500 2016 567 2072 de
606 2015 692 2070 his
733 2014 953 2086 longum
1002 2011 1356 2082 explicuisset
1396 2025 1730 2073 sermonem,
1765 2009 1929 2080 idque
1967 2009 2078 2065 fre-

500 2117 732 2178 quenter
766 2125 779 2165 :
820 2121 1133 2177 quanquam
1163 2113 1218 2159 et
1254 2104 1459 2159 scirent
1485 2113 1543 2159 et
1569 2103 1734 2159 variis
1762 2105 1940 2159 modis
1975 2119 2074 2159 au-

499 2203 732 2264 dissent,
771 2215 961 2255 eorum
1001 2213 1150 2253 nunc
1188 2197 1656 2253 conﬁrmationem
1687 2196 1989 2268 subiungit,
2021 2205 2077 2252 et

500 2291 576 2346 ait
607 2303 622 2344 ε
653 2291 769 2344 Non
797 2304 992 2344 vanam
1013 2287 1157 2343 circa
1187 2288 1304 2343 haec
1333 2285 1568 2343 adhibeo
1592 2285 1952 2360 diligentiam,
1978 2289 2076 2344 sed

500 2395 623 2436 cum
645 2389 847 2436 certam
879 2394 942 2435 ac
974 2378 1333 2434 indubitatam
1359 2393 1480 2433 esse
1506 2377 1674 2433 sciam
1707 2379 1946 2450 ipsorum
1979 2395 2075 2437 ve-

498 2473 741 2535 ritatem,
777 2473 913 2527 adeo
957 2471 1065 2526 illis
1102 2472 1382 2525 immoror.
1432 2469 1500 2524 Et
1528 2470 1786 2540 quidnam
1819 2471 1922 2527 hoc
1950 2474 2077 2528 est?

497 2561 619 2617 Non
661 2562 900 2615 humana
941 2560 1209 2630 sapientia
1249 2560 1319 2614 ad
1360 2574 1458 2614 vos
1493 2559 1579 2614 usi
1606 2561 1926 2630 ornatisque
1959 2579 2074 2618 ser-

499 2653 774 2718 monibus,
788 2651 956 2708 veluti
979 2651 1262 2722 praestigiis
1287 2650 1532 2706 fallentes
1552 2651 1792 2708 auditum
1812 2661 2072 2720 vestrum,

499 2752 686 2799 notam
715 2743 864 2798 vobis
895 2742 1124 2798 fecimus
1151 2741 1365 2797 Domini
1390 2741 1644 2797 virtutem
1673 2751 1731 2797 et
1755 2742 2070 2810 adventum,

499 2836 646 2906 quod
692 2835 863 2890 Graeci
913 2833 1123 2890 iaciunt
1167 2843 1224 2889 et
1281 2832 1523 2888 haeretici
1569 2849 1584 2890 :
1636 2833 1809 2889 Graeci
1853 2834 2072 2905 quidem

500 2937 716 2998 compta
759 2927 998 2982 dictione
1037 2934 1255 2983 utentes
1304 2941 1370 2981 ac
1415 2925 1787 2996 decipientes;
1831 2927 2072 2984 haeretici

499 3034 631 3074 vero
684 3017 824 3074 ﬁctis
875 3017 1218 3079 sermonibus
1263 3034 1279 3072 :
1326 3017 1783 3088 quemadmodum
1830 3015 2075 3073 Valenti-

500 3109 649 3166 niani
681 3109 1078 3180 prol'nnditates
1115 3123 1186 3165 ac-
1212 3108 1490 3164 silentium
1528 3109 1836 3180 prodigiose
1867 3110 2075 3182 ﬁngen-

2179 1916 2424 1987 δηλονότι
2451 1916 2532 1980 εἰς
2560 1915 2631 1970 τὰ
2679 1915 2770 1970 ὑπ’
2826 1915 2992 1970 αὐτοῦ
3045 1913 3500 1983 εὐαγγελισθέντα
3551 1915 3767 1979 αὐτοῖς,

2178 2009 2275 2062 καὶ
2298 2010 2428 2082 περὶ
2449 2007 2654 2063 τούτων
2706 2009 2874 2063 πολὺν
2925 2007 3249 2071 κατατείνας
3303 2007 3396 2060 τὸν
3444 2007 3620 2075 λόγον,
3668 2010 3771 2061 καὶ

2178 2101 2461 2168 πολλάκις,
2493 2101 2695 2173 καίπερ
2717 2101 2927 2163 εἰδότας
2971 2103 3069 2155 καὶ
3115 2102 3423 2172 ἀκηκοότας
3459 2101 3766 2172 διαφόρως,

2178 2195 2274 2249 νῦν
2309 2195 2372 2248 τὺ
2401 2194 2730 2248 πιστωτικδν
2769 2194 2949 2247 αὐτῶν
2985 2195 3258 2267 ἐπιφέρει,
3304 2193 3398 2248 καί
3429 2212 3617 2264 φησιν,
3678 2197 3766 2247 ὅτι

2179 2284 2254 2338 Οὐ
2286 2282 2464 2353 μάτην
2495 2283 2597 2355 τὴν
2625 2281 2754 2353 περὶ
2793 2281 2934 2336 αὒτά
2967 2282 3289 2353 ἐπιμέλειαν
3343 2285 3762 2353 ἐπιδείκνυμαι,

2177 2379 2313 2432 ἀλλά
2345 2377 2404 2431 τὸ
2425 2377 2638 2450 καίριον
2677 2375 2857 2432 αὐτῶν
2895 2379 3262 2448 ἐπιστάμενος
3299 2376 3397 2429 καί
3455 2377 3767 2447 ἀληθέστα-

2179 2487 2293 2536 τον,
2327 2469 2469 2524 κατὰ
2489 2469 2742 2524 τοσοῦτον
2769 2469 2949 2523 αὐτῶν
2983 2469 3335 2540 περιέχομαι.
3394 2468 3504 2522 Καὶ
3534 2469 3588 2521 τί
3635 2470 3767 2521 τοῦ-

2177 2579 2239 2616 το
2265 2579 2282 2630 ;
2309 2563 2382 2616 Τὸ
2407 2561 2484 2633 μὴ
2516 2562 2678 2634 σοφία
2703 2561 3020 2636 ἀνθρωπίνῃ
3051 2562 3434 2634 χρησαμένους
3455 2564 3536 2626 εἰς
3591 2563 3762 2633 ὑμᾶς,

2178 2655 2276 2709 καὶ
2297 2654 2628 2724 κεκαλλιεπη
2638 2653 2819 2724 μένοις
2835 2653 3015 2722 λόγοις
3031 2655 3576 2725 καταγοητεύσαντας
3605 2655 3765 2724 ὑμῶν

2176 2746 2278 2817 τὴν
2305 2745 2496 2816 ἀκοὴν,
2521 2745 2785 2816 γνωρίσαι
2833 2745 2934 2816 τὴν
2957 2743 3050 2798 τοῦ
3095 2746 3298 2816 Κυρίου
3346 2745 3579 2817 δύναμιν
3632 2747 3765 2816 ὑμῖν

2177 2839 2273 2892 καὶ
2304 2837 2628 2906 παρουσίαν,
2652 2837 2681 2890 ό
2725 2836 2974 2890 ποιοῦσιν
3009 2836 3271 2908 Ἕλληνες
3322 2839 3418 2894 καὶ
3465 2840 3760 2912 αἰρετικοί·

2176 2929 2438 3000 Ἕλληνες
2475 2928 2574 2998 μὲν
2598 2931 2664 3000 τῇ
2715 2927 3029 3000 καλλιλεξίᾳ
3078 2928 3354 2999 χρώμενοι
3408 2931 3505 2985 καὶ
3553 2929 3762 2996 ἑξαπα-

2174 3022 2414 3086 τῶντεςο
2449 3021 2720 3092 αἱρετικοί
2761 3019 2819 3074 δὲ
2877 3023 2988 3082 τοῖς
3049 3021 3392 3092 πλάσμασιν·
3439 3021 3516 3086 ὡς
3557 3025 3609 3076 οἰ
3654 3024 3763 3077 ἀπὸ

2181 3113 2557 3175 Οὐαλεντίνου,
2617 3112 2812 3181 βυθοὺς
2874 3113 2968 3166 καὶ
3029 3114 3190 3181 σιγὴν
3249 3115 3760 3186 τερατολογοῦντες.

502 3213 602 3258 tes.
636 3175 939 3258 verisimile
971 3203 1115 3257 enim
1143 3211 1228 3256 est
1255 3202 1400 3272 quod
1440 3175 1550 3271 iam
1583 3175 1916 3271 incipiebant
1946 3175 2078 3256 sub-

2182 3207 2342 3270 Εἰκδς
2368 3207 2476 3278 γὰρ
2502 3175 2700 3271 αὐτοὺς
2741 3205 2839 3259 καὶ
2884 3205 2984 3277 ἤδη
3015 3175 3279 3276 ἄργενσθαι
3315 3175 3757 3278 ’ὑποφυομένους

500 3295 652 3351 oriri.
699 3294 848 3349 Nihil
889 3295 1071 3364 itaque
1109 3293 1422 3362 huiusmodi
1453 3293 1870 3362 deprehendere
1901 3303 1984 3348 est
2020 3293 2076 3348 in

501 3386 683 3452 nobis,
724 3387 819 3442 sed
854 3385 1088 3456 simplici
1132 3400 1197 3440 ac
1245 3385 1434 3439 humili
1465 3398 1718 3440 sermone
1754 3385 2079 3440 tradidimus

501 3477 661 3532 vobis
697 3476 999 3532 doctrinam
1033 3493 1047 3531 :
1076 3476 1220 3546 quod
1260 3477 1424 3531 etiam
1464 3474 1664 3530 Paulus
1696 3477 1826 3531 dicit
1865 3477 1932 3530 ad
1977 3477 2081 3531 Co-

503 3568 739 3624 rinthios
774 3569 794 3602 ⁶
842 3585 860 3625 z
916 3577 973 3624 et
1024 3583 1087 3624 ea
1137 3583 1261 3638 qua
1307 3583 1372 3623 ex
1426 3568 1707 3623 oculorum
1767 3579 2076 3624 nostrorum

503 3671 728 3734 aspectu
774 3662 1059 3728 habemus,
1104 3662 1195 3732 qui
1245 3677 1353 3716 una
1395 3676 1520 3716 cum
1575 3661 1692 3732 ipso
1736 3663 1789 3716 in
1837 3672 2076 3718 montem

503 3767 754 3815 sanctum
789 3756 1194 3812 ascendimus".
1238 3755 1378 3810 Dicit
1405 3763 1586 3810 autem
1615 3764 1891 3811 ostensam
1943 3757 2078 3826 ipsis

504 3851 563 3906 in
595 3857 780 3905 monte
821 3857 1010 3904 sancto
1049 3862 1216 3918 super
1241 3845 1590 3918 Unigenitum
1620 3847 1869 3918 gloriam.
1899 3858 1952 3904 et
1981 3865 2064 3903 vo-

503 3958 624 3999 cem
657 3957 820 4014 quam
858 3957 888 3996 a
918 3939 1078 3996 Patre
1109 3940 1177 3995 de
1213 3939 1353 3995 coelo
1387 3939 1604 3994 allatam
1644 3947 1867 4010 propter
1897 3939 2077 3995 Domi-

503 4051 637 4091 num
677 4035 990 4091 audierunt.
1022 4033 1290 4100 Quoniam
1323 4041 1505 4087 autem
1543 4031 1706 4087 rebus
1741 4033 1874 4102 ipsis
1906 4040 1961 4087 et
1989 4047 2080 4088 ex-

505 4126 770 4198 perientia
797 4125 1154 4198 cognovimus
1181 4139 1303 4194 quie
1332 4123 1557 4179 fuerunt
1584 4139 1613 4177 a
1645 4123 1925 4194 prophetis
1952 4139 2078 4193 pro-

497 4220 772 4283 nuntiata,
829 4218 1148 4283 ﬁrmiorem,
1205 4216 1401 4286 inquit,
1456 4231 1554 4286 per
1601 4215 1718 4270 haec
1767 4217 2076 4286 iudicamus

502 4312 845 4383 prophetiam
872 4311 1112 4381 ipsorum
1143 4320 1158 4362 :
1185 4323 1310 4362 nam
1336 4321 1426 4362 res
1455 4308 1586 4376 ipsa
1615 4315 1924 4362 consecuta:
1948 4318 2077 4364 sunt

503 4419 788 4460 sermones
809 4419 872 4458 ac
902 4400 1144 4457 oracula.
1174 4399 1381 4455 Idcirco
1403 4406 1460 4453 et
1484 4413 1582 4454 vos
1610 4406 1756 4453 recte
1781 4399 1960 4454 facitis
1991 4409 2073 4454 at-

509 4499 796 4552 tendentes
825 4493 1144 4564 pmphetiae,
1167 4491 1282 4546 sive
1309 4491 1396 4545 his
1417 4506 1537 4559 quae
1563 4505 1595 4544 a
1623 4490 1907 4562 pmphetis
1932 4507 2069 4561 praa-
2104 4531 2146 4586 ι)

508 4590 652 4658 diem
689 4596 818 4643 sum
845 4602 860 4640 ε
888 4598 1199 4655 quanquam
1232 4593 1362 4638 tunc
1389 4583 1619 4637 obscure
1657 4585 1724 4637 ab
1769 4584 1900 4654 ipsis
1927 4585 2072 4642 dicta

506 4681 752 4739 fuerunt,
777 4683 834 4729 et
859 4674 912 4728 in
939 4672 1344 4728 similitudinem
1369 4673 1605 4728 lucernae
1633 4673 1874 4729 ardentis
1905 4677 1956 4729 in
1987 4691 2077 4731 ca-

505 4767 739 4839 iiginoso
783 4765 922 4819 loco.
968 4761 1290 4834 Huiusmodi
1331 4763 1480 4817 enim
1512 4772 1597 4818 est
1632 4764 1890 4835 squalens
1927 4766 2078 4821 locus

487 4858 644 4932 “solis
688 4857 883 4912 ardore
922 4855 1251 4920 snbexustus
1293 4839 1360 4910 ac
1399 4854 1628 4910 humore
1676 4870 1858 4910 aerem
1907 4857 2078 4911 infor-

511 4958 696 5005 mante
737 4948 1000 5018 privatus.
1030 4931 1186 5000 unde
1215 4957 1443 4999 necesse
1471 4956 1553 4999 est
1585 4956 1647 5001 ut
1672 4961 1768 5001 aer
1795 4948 1884 5017 qui
1916 4949 2077 5002 solari

512 5041 665 5096 radio
702 5038 997 5101 subservit.
1038 5052 1163 5092 cum
1206 5037 1545 5106 periclitetur
1575 5051 1646 5090 ne
1678 5053 1828 5091 suam
1868 5041 2080 5092 amittat

511 5117 922 5205 phoprietatem,
953 5143 1075 5184 sese
1107 5129 1416 5182 ministrum
1450 5128 1786 5198 illegitimum
1813 5130 1910 5183 soli
1941 5144 2078 5198 prae-

510 5229 658 5291 beat,
684 5241 750 5280 ac
781 5224 968 5278 radius
997 5229 1254 5292 tanquam
1283 5235 1382 5290 per
1407 5221 1747 5292 illegitimum
1770 5221 2078 5276 vehiculum

490 5311 740 5379 delatus,
768 5315 1059 5370 obscurum
1097 5312 1181 5367 sui
1217 5313 1562 5382 splendorem
1591 5313 1862 5367 exhibeat.
1887 5313 2079 5367 Atten-

509 5409 704 5464 denles
731 5417 914 5462 autem
944 5405 1031 5461 his
1052 5419 1172 5474 qua:
1205 5403 1276 5458 ita
1313 5405 1544 5458 obscure
1570 5420 1599 5457 ιι
1629 5405 1909 5474 prophetis
1933 5405 2076 5459 dicta

511 5509 660 5562 sunt,
694 5514 804 5554 non
851 5496 1235 5552 fraudabimini
1282 5512 1378 5566 spe
1411 5505 1610 5560 vestra,
1649 5497 1833 5556 rebus,
1878 5497 2076 5567 inquit,

512 5603 612 5644 suo
637 5598 882 5658 tempore
908 5586 1324 5644 succedentibus
1351 5598 1364 5636 :
1399 5584 1560 5656 536
1587 5601 1720 5654 quas
1746 5586 1907 5639 etiam
1934 5587 2075 5640 diem

619 5771 638 5801 ‘
664 5767 679 5822 1
710 5767 833 5824 Cor.
869 5784 929 5835 ιι,
955 5727 1024 5820 1)
1082 5767 1102 5798 "
1143 5764 1331 5822 Matth.
1357 5779 1487 5829 xm,
1523 5765 1538 5817 1

2179 3298 2345 3354 Οὐδὲν
2387 3293 2481 3352 οὖν
2510 3297 2752 3351 τοιοῦτον
2778 3300 3064 3351 κατανοεῖν
3107 3297 3257 3351 ιστιν
3311 3299 3369 3350 ὲν
3411 3301 3563 3370 ἡμῖν.
3612 3301 3761 3372 Διτῴ

2177 3389 2285 3460 γὰρ
2315 3388 2666 3460 πεποιήμεθα
2698 3387 2842 3459 λόγῳ
2865 3388 2963 3458 τὴν
2995 3387 3131 3460 πρὸς
3184 3391 3328 3459 ὑμᾶς
3385 3389 3758 3451 διδασκαλίαν,

2177 3483 2205 3537 ὃ
2239 3485 2336 3538 καὶ
2365 3481 2578 3546 Παῦλος
2608 3483 2742 3554 πρὸς
2773 3481 3095 3554 Κορινθίους
3155 3483 3312 3554 φησί,
3355 3483 3449 3535 καί
3497 3484 3644 3554 ἅπερ
3701 3485 3763 3548 ἐξ

2179 3575 2446 3646 αὐτοψίας
2500 3574 2716 3647 ἔχομεν,
2775 3577 2824 3628 οἱ
2877 3576 2936 3628 ὲν
2965 3574 3042 3644 τῷ
3074 3575 3191 3645 ὄρει
3231 3572 3310 3645 τῷ
3359 3575 3499 3646 ἁγίῳ
3528 3592 3760 3629 συνανα-

2177 3668 2370 3732 6οἱντες
2403 3667 2571 3736 αὐτῷ.
2610 3667 2773 3737 Λέγει
2801 3667 2857 3720 δὲ
2888 3666 2986 3737 τὴν
3014 3669 3071 3720 ὲν
3099 3669 3166 3738 τῇ
3202 3669 3758 3736 μεταμορφώσειδειο

2177 3761 2400 3831 χθεῖσαν
2431 3761 2618 3825 αὐτοῖς
2656 3760 2762 3813 ὑπὸ
2804 3759 2898 3812 τοῦ
2927 3759 3270 3827 Μονογενοῦς
3301 3759 3481 3825 δόξαν,
3515 3760 3611 3813 καὶ
3655 3761 3756 3831 τὴν

2179 3852 2383 3922 φωνὴν,
2416 3851 2483 3923 ἢν
2525 3852 2630 3904 ὑπὸ
2669 3850 2761 3904 τοῦ
2787 3848 3000 3920 [ἰατρὸς
3056 3849 3117 3914 ἐξ
3169 3851 3399 3921 οὐρανοῦ
3442 3852 3757 3921 ἐνεχθεῖσαν

2164 3941 2266 3995 ’διὰ
2293 3941 2385 3996 τὸν
2409 3940 2612 4012 Κύριον
2640 3941 2899 4012 ἤκουσαν.
2939 3938 3097 3994 Ἐπεὶ
3121 3939 3187 4020 δὲ.
3205 3941 3292 3995 διὰ
3329 3941 3440 3995 τῶν
3487 3944 3753 4014 πραγμά-

2167 4032 2288 4086 ’των
2311 4029 2554 4102 ἔγνωμεν
2585 4031 2682 4084 καὶ
2717 4030 2817 4100 τῆς
2848 4034 3046 4100 πείρας
3073 4031 3142 4086 τά
3181 4031 3285 4085 ὑπὸ
3310 4033 3420 4086 τῶν
3452 4035 3751 4106 προφητῶν

2175 4123 2726 4195 προκατηγγελμένα,
2766 4121 3120 4195 βεϐαιοτέραν
3153 4124 3436 4195 κρίνομεν,
3469 4125 3625 4196 φησί,
3664 4127 3754 4183 διά

2175 4215 2379 4271 τούτων
2440 4215 2540 4288 τὴν
2587 4214 2924 4288 προφητείαν
2978 4215 3178 4272 αὐτῶν.
3234 4215 3360 4279 Τοῖς
3403 4214 3582 4286 λόγοις
3644 4220 3755 4290 γὰρ

2175 4307 2585 4382 ἐπηκολούθησε
2617 4307 2686 4363 τὰ
2715 4308 3040 4380 πράγματα.
3066 4306 3157 4361 Διδ
3198 4308 3294 4362 καί
3349 4308 3510 4379 ὑμεῖς
3569 4310 3753 4376 καλῶς

2175 4400 2794 4474 ποιεῖτεμπροσέχοντες
2833 4404 2900 4473 τῇ
2943 4401 3274 4473 προφητείᾳ,
3332 4401 3451 4472 ἦτοι
3486 4404 3601 4466 τοῖς
3650 4405 3755 4458 ὑπὸ

2177 4495 2287 4547 τῶν
2335 4493 2630 4565 προφητῶν
2681 4492 3189 4565 προλελαλημὲνοις,
3249 4492 3354 4547 κᾶν
3385 4493 3434 4546 εἰ
3490 4493 3757 4566 ἀμυδρῶς

2177 4587 2272 4640 ὑπ’
2293 4586 2472 4641 αὐτῶν
2503 4585 2698 4659 ἐλέχθη
2738 4585 2881 4651 τότε,
2922 4585 3016 4639 καὶ
3047 4585 3190 4639 κατά
3219 4584 3318 4655 τὴν
3345 4584 3529 4639 εἰκόνα
3565 4587 3662 4639 τοῦ
3698 4588 3756 4640 ὲν

2175 4676 2405 4747 ζοφώδει
2425 4677 2574 4748 τόπῳ
2599 4676 2889 4747 καιομένου
2913 4675 3130 4747 λύχνου.
3157 4675 3409 4732 Τοιοῦτον
3437 4677 3546 4748 γὰρ
3570 4680 3598 4732 ὁ
3619 4678 3754 4748 αὖχο

2181 4767 2356 4839 μηρὸς
2390 4768 2555 4832 τόπος
2589 4771 2654 4840 τῇ
2683 4767 2778 4822 τοῦ
2821 4768 2972 4840 ἡλίου
3037 4768 3471 4838 ὑπεκκαιόμενος
3539 4768 3753 4838 θάλψει,

2175 4859 2402 4929 καὶτῆς
2428 4859 2522 4913 τὸν
2575 4859 2712 4930 ἀέρα
2744 4859 3118 4931 είδοποιούσης
3165 4860 3368 4923 νοτίδος
3417 4860 3753 4933 ἀποστερούο

2179 4967 2361 5023 μενος.
2404 4950 2522 5020 Ἀφ’
2552 4944 2747 5017 οὗ,τδν
2768 4949 3124 5006 διακονοῦντα
3149 4951 3288 5021 ἀέρα
3333 4952 3400 5022 τῇ
3443 4949 3537 5004 τοῦ
3595 4951 3749 5023 ἡλίου

2177 5044 2376 5108 ἀκτῖνι,
2407 5043 2506 5114 τὴν
2531 5043 2723 5097 ἑαυτοῦ
2753 5044 3130 5097 κινδυνεύοντα
3184 5041 3424 5113 ἰδιότητα
3463 5042 3747 5107 ἀπολέσαι,

2175 5134 2391 5205 ἀνάγκη
2425 5135 2579 5188 νόθον
2619 5135 2879 5206 παρέχειν
2924 5133 3118 5188 ἑαυτὸν
3167 5134 3414 5188 διάκονον
3453 5137 3532 5208 τῷ
3591 5137 3747 5207 ἡλίῳ,

2178 5227 2272 5280 καὶ
2298 5226 2373 5291 ὡς
2399 5226 2488 5280 διά
2523 5225 2679 5280 νόθου
2716 5226 2992 5297 ὀχήματος
3035 5227 3135 5298 τὴν
3169 5229 3364 5282 ἀκτῖνα
3413 5228 3746 5298 φερομένην,

2177 5318 2424 5388 ἀμυδρὰν
2450 5316 2550 5390 τὴν
2589 5318 2788 5387 ἑαυτῆς
2812 5317 3117 5388 ἐπιφαίνειν
3165 5317 3546 5391 λαμπρότητα.
3573 5321 3748 5390 Προσ-

2176 5407 2393 5478 ἐχοντες
2444 5407 2507 5461 ,δὲ
2536 5409 2648 5470 τοῖς
2677 5405 2852 5470 οὕτως
2881 5407 3108 5476 ἀσαφῶς
3136 5407 3241 5460 ὑπὸ
3299 5407 3408 5461 τῶν
3450 5408 3746 5479 προφητῶν

2174 5501 2529 5571 εἰρημένοις,
2600 5500 2701 5553 οὐκ
2753 5500 3084 5571 ἀστοχήσετε
3153 5499 3254 5570 τῆς
3326 5499 3560 5564 ἐλπίδος.
3631 5499 3748 5553 Τῶν

2178 5593 2519 5664 πραγμάτων
2548 5592 2678 5664 γὰρ,
2713 5592 2870 5664 φησὶ,
2894 5591 3035 5646 κατὰ
3064 5590 3194 5646 ἴδιον
3216 5593 3406 5663 καιρὸν
3453 5611 3748 5666 παραγινο-
