3986 6574
249 373 347 442 589

1196 367 1580 431 COMMENT.
1618 365 1701 427 IN
1736 363 1971 423 EPIST.
2013 362 2075 422 II
2119 363 2176 423 S.
2214 362 2467 424 PETRI.

3380 367 3482 432 590

246 485 443 556 μένων,
465 479 502 536 ἃ
523 480 620 535 καὶ
653 479 863 553 ἡμέραν
888 479 1136 540 ἐκάλεσε,
1174 479 1352 550 σοφῶς
1383 477 1519 548 ἄγαν
1550 479 1614 548 τῇ
1643 478 1817 548 τροπῇ

1927 471 2232 541 appellavit.
2247 472 2381 528 scite
2402 471 2692 528 admodum
2718 474 2772 530 in
2799 483 2954 545 tropo
2979 489 3327 547 permanens.
3347 481 3488 537 Dixit

239 575 556 646 ἐπιμείνας,
592 569 738 645 (εἶπε
775 572 884 644 γὰρ
915 571 1111 643 λύχνον
1157 573 1252 625 καὶ
1292 571 1457 624 τόπον
1514 568 1817 640 αὐχμηρὸν,

246 670 366 741 ἢτοι
437 666 656 738 ζοφώδη
693 667 788 720 καὶ
826 664 1125 728 σκοτεινὸν,
1163 664 1300 734 ὅπερ
1332 663 1428 716 καὶ
1456 663 1489 732 ἠ
1514 659 1612 726 νύξ
1659 656 1819 728 ἐστι.)

236 759 420 814 Νυκτὶ
475 759 535 813 δὲ
588 759 738 829 πάσῃ
786 756 972 828 ἡμέρα
998 753 1373 809 ἐπακολουθεῖ·
1420 752 1664 823 Ἡμέρας
1704 747 1820 816 οὖν,

240 851 398 920 φησι,
438 849 924 921 παραγινομένης,
987 847 1088 916 τῆς
1139 844 1247 899 τῶν
1279 843 1619 916 πραγμάτων
1678 839 1867 911 λέγω.

238 941 576 1013 παρουσίας,
609 940 760 1006 ἕξετε
781 941 872 993 τὸν
900 938 1190 1010 φωσφόρον
1217 936 1574 991 ἀνατέλλοντα
1608 937 1666 989 ὲν
1700 937 1820 999 ταῖς

236 1033 495 1103 καρδίαις
528 1032 708 1103 ὑμῶν,
741 1031 1033 1100 (τουτέστι,
1057 1029 1158 1100 τὴν
1192 1026 1288 1083 τοῦ
1324 1025 1564 1098 Χριστοῦ
1596 1025 1820 1094 γνῶσιν,

236 1128 358 1198 ἤτοι
405 1125 513 1195 τὴν
561 1122 868 1195 παρουσίαν
914 1120 1082 1176 αὐτοῦ
1124 1119 1223 1191 τὴν
1259 1115 1822 1190 προκατηγγελμένην

238 1216 342 1268 ὑπὸ
367 1214 484 1268 τῶν
512 1212 857 1284 προφῆτῶν,)
884 1212 981 1266 καὶ
1008 1210 1084 1273 ὡς
1108 1211 1223 1280 φῶς
1239 1209 1438 1280 ἀληθὲς
1466 1209 1566 1272 τὰς
1592 1207 1822 1280 καρδίας

238 1307 394 1377 ὑμῶν
430 1304 906 1377 ὲλλαμπρύνοντα.
951 1299 1084 1358 Εἶτα
1115 1305 1312 1372 ἐπάγει
1363 1301 1820 1373 ὲπεξηγούμενος,

236 1401 322 1454 διὰ
349 1400 407 1453 τί
430 1401 481 1452 οι
517 1397 805 1468 προφῆται
835 1396 909 1450 τὰ
934 1397 1028 1450 ὑπ’
1058 1396 1237 1449 αὐτῶν
1264 1394 1532 1467 εἰρημένα
1593 1393 1690 1464 οὐχ
1725 1395 1824 1465 ἠρι-

240 1492 544 1560 μήνευσαν,
578 1489 696 1560 ἅμα
723 1488 779 1541 δὲ
815 1489 910 1542 καὶ
937 1487 1204 1558 διακρίνει
1229 1485 1328 1556 τὴν
1379 1483 1558 1555 ἀληθῆ
1612 1502 1824 1557 προφη-

232 1582 382 1634 τείαν
416 1579 524 1652 τῆξ
558 1569 944 1652 δαιμονιώδους
995 1581 1093 1633 καὶ
1143 1577 1407 1648 πλαστῆς,
1445 1577 1570 1648 ἥτις
1606 1577 1704 1630 καὶ
1764 1577 1823 1628 ὲν

233 1675 347 1734 τοῖς
377 1675 686 1745 αἱρετικοῖς
721 1672 1023 1744 ὲνεργοῦσα
1046 1671 1544 1743 καταλαμϐάνεται,
1601 1669 1693 1722 καί
1715 1685 1822 1738 φη·

237 1779 342 1827 σιν,
367 1765 456 1818 ὅτι
502 1783 524 1816 ε
557 1762 717 1818 Πᾶσα
741 1762 1046 1835 προφητεία
1079 1763 1325 1836 Γραφῆς,
1362 1762 1498 1826 ίδίας
1522 1759 1823 1824 ἐπιλύσεως

1922 563 2066 617 enim
2094 562 2373 619 lucernam
2399 573 2456 620 et
2483 565 2661 621 locum
2682 567 2974 622 obscurum
2999 567 3114 623 sive
3137 569 3488 641 caliginosum

1920 669 1984 710 ac
2016 656 2387 722 tenebrosum,
2411 657 2557 727 quod
2583 667 2639 714 et
2663 674 2768 713 nox
2789 666 2894 714 est.
2923 659 3108 716 Cuivis
3130 670 3313 718 autem
3343 665 3490 721 nocti

1922 746 2166 802 succedit
2210 747 2348 805 dies.
2407 748 2503 806 Die
2549 751 2732 821 itaque
2783 752 3080 810 accedente
3124 753 3332 826 (rerum
3369 757 3491 814 dico

1921 839 2294 910 praesentiam)
2319 839 2585 896 habebitis
2608 840 2919 899 Luciferum
2943 844 2997 899 in
3020 846 3276 902 cordibus
3297 848 3492 904 vestris

1923 930 2263 984 exorientem
2316 948 2331 986 :
2381 932 2486 989 hoc
2531 945 2635 999 est,
2686 935 2887 991 Christi
2941 938 3329 1010 cognitionem,
3380 941 3493 996 sive

1925 1018 2097 1089 ipsius
2136 1023 2484 1089 praesentiam
2533 1039 2599 1081 ac
2645 1025 2938 1082 adventum
2967 1042 2999 1082 a
3030 1030 3312 1100 prophetis
3352 1046 3492 1101 prat-

1925 1110 2260 1176 nuntiatum,
2294 1121 2350 1168 et
2381 1122 2638 1184 tanquam
2676 1131 2861 1172 veram
2908 1118 3085 1175 lucem
3113 1122 3277 1176 corda
3313 1131 3491 1178 vestra

1925 1199 2308 1256 illustrantem.
2375 1205 2582 1261 Deinde
2634 1209 2940 1264 enarranda
3001 1211 3278 1284 subiungit
3323 1229 3492 1284 quare

1923 1292 2202 1362 propheta
2232 1308 2329 1348 sua
2358 1294 2500 1350 dicta
2530 1311 2636 1351 non
2671 1297 2875 1354 fuerint
2906 1299 3246 1370 interpretati
3277 1319 3292 1358 :
3328 1304 3492 1358 simul

1923 1393 2101 1438 autem
2133 1385 2393 1441 discernit
2418 1403 2636 1459 quoque
2659 1405 2843 1445 veram
2871 1392 3211 1463 prophetiam
3235 1409 3266 1450 a
3292 1395 3495 1450 daemo-

1924 1472 2076 1528 niaca
2109 1489 2163 1529 et
2201 1475 2344 1543 ficta,
2369 1485 2503 1546 Tquas
2542 1478 2597 1532 in
2635 1478 2906 1536 hmreticis
2938 1483 3153 1551 operari
3187 1483 3493 1554 deprehen-

1925 1563 2092 1628 ditur,
2129 1576 2183 1621 et
2209 1567 2283 1621 ait
2307 1584 2320 1623 :
2347 1585 2366 1620 ι
2393 1567 2582 1624 Omnis
2614 1571 2931 1640 prophetica
2957 1573 3236 1644 Scriptura
3256 1577 3492 1646 propriae

1924 1656 2037 1713 sive
2050 1659 2273 1729 privatae
2290 1675 2400 1714 non
2413 1669 2497 1715 est
2526 1660 3016 1732 interpretationis.
3042 1683 3062 1718 ι
3087 1665 3200 1721 Hoc
3229 1676 3332 1732 est,
3364 1683 3492 1738 pro-

1925 1751 2163 1819 phetiam
2186 1749 2406 1821 quidem
2441 1767 2474 1807 a
2506 1751 2618 1808 Deo
2651 1755 2926 1825 accipiunt
2959 1759 3262 1827 prophetae,
3294 1769 3350 1814 at
3380 1774 3491 1814 non

234 1849 294 1902 ού
320 1849 563 1917 γίνεται,
594 1867 616 1900 ι
646 1850 946 1912 τουτέστιν,
965 1849 1047 1902 ὃτι
1070 1835 1408 1920 λαμϐάνουσι
1434 1849 1532 1917 μὲν
1560 1848 1666 1902 ἀπὸ
1687 1846 1824 1900 Θεοῦ

1930 1852 1990 1897 ιιι
2026 1841 2099 1897 illi
2136 1845 2346 1910 volunt,
2378 1845 2473 1900 sed
2508 1846 2653 1902 sicut
2680 1847 2898 1903 divinus
2925 1848 3162 1921 Spiritus
3195 1852 3341 1922 ipsos
3373 1869 3493 1910 mo-

233 1941 284 1992 οί
312 1938 600 2010 προφῆται
633 1938 734 2008 τὴν
771 1938 1132 2011 προφητείαν,
1185 1929 1301 1992 ἀλλ’
1351 1939 1449 2008 οὐχ
1493 1936 1572 2001 ὼς
1622 1937 1823 1990 ἐκεῖνοι

240 2029 546 2100 βούλονται,
579 2029 699 2082 ἀλλ’
738 2028 815 2092 ὡς
847 2028 910 2082 τὸ
933 2027 1119 2082 κινοῦν
1165 2028 1365 2092 αὐτοὺς
1414 2027 1558 2082 θεῖον
1610 2027 1828 2098 ἐνεργεῖ

238 2122 492 2193 Πνεῦμα.
553 2121 666 2176 Καὶ
731 2121 929 2194 ᾔδεσαν
990 2121 1093 2192 μὲν
1134 2122 1230 2175 καὶ
1259 2121 1511 2175 συνίεσαν
1545 2120 1636 2176 τὸν
1664 2139 1826 2177 κατα-

239 2213 600 2284 πεμπόμενον
630 2211 815 2275 αὐτοῖς
865 2212 1208 2285 προφητικὸν
1274 2211 1435 2281 λόγον
1471 2251 1488 2277 ,
1532 2213 1594 2266 ού
1643 2211 1825 2285 μέντοι

241 2305 336 2359 καὶ
365 2304 472 2376 τὴν
493 2304 746 2359 ἐπίλυσιν
774 2305 942 2360 αὐτοῦ
965 2305 1268 2360 ἐποιοῦντο.
1329 2307 1440 2360 Καὶ
1479 2304 1560 2358 ὅτι
1607 2307 1657 2358 ol
1717 2305 1826 2359 ἀπὸ

243 2396 392 2450 θείου
417 2396 810 2469 ὲνεργούμενοι
843 2398 1162 2469 Πνεύματος
1199 2398 1476 2469 προφῆται
1504 2397 1702 2470 ᾔδεσαν
1749 2397 1826 2462 ὡς

242 2489 352 2544 ἀπὸ
383 2488 527 2542 Θεοῦ
559 2490 987 2560 καταπέμπεται
1017 2493 1046 2545 6
1084 2489 1242 2559 λόγος
1266 2489 1470 2555 αὐτοῖς,
1529 2489 1689 2564 δῆλον
1731 2491 1826 2560 ἀφ’

241 2574 315 2635 ὧν
340 2581 565 2646 ἑκόντες
590 2582 920 2654 ὑπούργουν,
979 2585 1076 2638 καὶ
1101 2583 1131 2637 δ
1171 2583 1239 2638 ἂν
1266 2582 1460 2656 ᾔθελον
1511 2584 1752 2650 ἐλάλουν,
1784 2583 1814 2638 6

243 2673 300 2728 δὲ
355 2675 436 2744 μὴ
498 2673 712 2745 ἤθελον,
769 2674 1044 2730 ἐσιώπωνσ
1072 2676 1151 2739 ὡς
1210 2677 1397 2736 Ἰωνᾶς
1453 2675 1485 2729 6
1535 2678 1825 2748 προφήτης

244 2767 686 2838 παραιτούμενος
705 2767 767 2821 τὸ
793 2770 1056 2840 κήρυγμα
1087 2768 1186 2839 τῆς
1223 2767 1414 2821 Νινευῖ
1442 2785 1455 2798 ·
1499 2769 1595 2822 καὶ
1626 2769 1654 2821 6
1713 2769 1824 2822 Βα-

245 2858 398 2928 λαὰμ
436 2859 957 2930 παραγγελλόμενος
1004 2859 1238 2932 λαλῆσαι
1291 2860 1362 2914 τὰ
1411 2859 1827 2931 ύποδαλλόμενα

246 2950 421 3022 αὐτῷ,
445 2949 508 3006 οὐ
537 2954 646 3024 μὴν
676 2952 774 3008 καὶ
801 2953 854 3006 οἱ
876 2951 1348 3023 ψευδοπροφῆται,
1379 2951 1413 3023 ἢ
1444 2951 1514 3006 τὰ
1550 2953 1827 3024 Ἐλλήνων

250 3046 504 3116 μαντεῖα.
531 3045 608 3100 Ού
639 3043 750 3114 γὰρ
787 3043 1010 3116 ᾔδεσαν,
1053 3043 1113 3096 ὲν
1155 3043 1234 3113 τῷ
1271 3041 1638 3114 ἐνεργεῖσθαι,
1689 3033 1828 3101 ἀλλὰ

251 3135 422 3206 μανίᾳ
449 3136 732 3206 γινόμενοι
773 3134 1087 3208 παράφοροι
1112 3133 1344 3204 ἠγνόουν
1384 3133 1414 3187 6
1449 3134 1706 3206 ἔπασχον,
1748 3133 1824 3200 ὡς

248 3227 634 3297 οῖμεθύοντες.
665 3227 730 3282 Ol
767 3227 951 3298 μέντοι
1004 3227 1150 3296 ἅγιοι
1189 3226 1491 3298 προφῆται,
1521 3228 1570 3280 οῖ
1603 3226 1824 3284 παλαιοί

250 3333 417 3387 φημι,
450 3315 649 3387 καίπερ
684 3317 907 3384 εἰδότες,
931 3318 994 3372 ού
1012 3318 1200 3390 χρείαν
1230 3315 1377 3389 εἶχον
1405 3319 1729 3390 ἑρμηνεύειν
1757 3321 1828 3376 τὰ

250 3408 340 3461 ὑπ’
373 3409 580 3474 αὐτῶν,
613 3409 729 3464 ἀλλ’
781 3410 992 3482 ἑτέροις
1044 3411 1323 3482 διηκόνουν
1356 3411 1552 3467 ταῦτα.
1619 3413 1826 3484 (Ἡμῖν

249 3498 406 3572 γάρ.)
426 3501 582 3572 ’Λμα
608 3502 668 3555 δὲ
705 3502 801 3558 καὶ
827 3501 916 3557 ἵνα
945 3501 1186 3576 λανθάνῃ
1224 3504 1258 3575 ἠ
1290 3502 1386 3557 τοῦ
1431 3505 1638 3576 Κυρίου
1681 3523 1823 3578 παρ-

248 3594 430 3657 ουσία,
470 3595 569 3649 καὶ
625 3597 700 3666 μὴ
747 3595 1167 3666 ὲπιδουλεύηται
1208 3597 1346 3669 πρὸς
1408 3597 1516 3652 τῶν
1586 3599 1823 3654 ἀσεϐῶν.

263 3685 758 3758 Ἐπιόουλευομένη
797 3687 899 3758 μὲν
927 3688 1039 3759 γὰρ
1073 3685 1301 3758 ἠδύνατο
1359 3690 1452 3742 καὶ
1515 3689 1826 3762 διδράσκειν

260 3777 350 3831 διὰ
378 3778 480 3847 τῆς
510 3777 900 3849 νυπερσλήτου
934 3778 1030 3832 τοῦ
1067 3777 1204 3831 Θεοῦ
1235 3778 1538 3849 δυνάμεως.
1578 3781 1718 3834 Ἀλλ’
1745 3784 1824 3835 εί-

253 3868 371 3934 κδς,
399 3869 569 3924 ἐνίοτε
594 3870 682 3923 διὰ
698 3868 1014 3942 παραδόξων
1034 3871 1132 3940 τῆς
1153 3871 1442 3942 ἁποφυγῆς
1470 3873 1825 3944 τελουμένης,

251 3962 327 4025 ὡς
361 3963 668 4034 τερατῶδες
707 3962 854 4028 ἔδοξε
879 3964 942 4016 τὸ
963 3961 1284 4034 τελούμενον
1335 3967 1435 4034 τῆς
1481 3965 1829 4036 ὲνανθρωπή-

254 4072 414 4118 σεως.
450 4056 559 4108 Kal.
597 4056 676 4109 δτι
695 4053 894 4124 ἀληθὲς
913 4055 1094 4121 τοῦτο,
1140 4055 1300 4119 δῆλον
1329 4054 1437 4108 ἀπὸ
1490 4054 1601 4107 τῶν
1651 4057 1708 4108 ἐν
1757 4057 1823 4126 τῇ

253 4143 379 4218 Νάφ
396 4147 717 4219 προφητῶν,
733 4147 784 4200 οἳ
801 4147 896 4200 καλ⁵
914 4149 1246 4218 ήρμήνευον,
1269 4145 1493 4209 ἑαυτοὺς
1519 4145 1827 4217 προφητεύ-

251 4255 430 4304 οντες,
466 4239 518 4290 εἰ
551 4238 646 4292 καὶ
675 4238 751 4307 μὴ
784 4235 1021 4299 πάντως,
1063 4233 1138 4298 ὼς
1183 4233 1391 4298 Παῦλος
1478 4231 1618 4296 θεῖος
1654 4235 1714 4288 έν
1757 4235 1826 4306 τῇ

255 4330 394 4400 πρὸς
451 4326 774 4398 Κορινθίους
836 4325 1031 4396 πρώτη
1085 4326 1268 4395 φησιν.
1310 4325 1385 4378 Οὐ
1444 4324 1552 4394 γὰρ
1590 4319 1658 4394 ἧν
1685 4329 1827 4389 τινὸς

253 4417 504 4473 τοιούτου
532 4415 738 4485 ὑποψία
773 4416 833 4471 ὲν
865 4418 932 4486 τῇ
965 4416 1082 4488 νέᾳ.
1115 4414 1276 4469 Ἀλλὰ
1312 4415 1407 4468 καὶ
1451 4415 1535 4469 ὅτι
1585 4414 1687 4470 οὐκ
1738 4415 1826 4482 ἐξ·

1925 1933 2100 1988 vendo
2129 1944 2387 2004 operatur
2417 1950 2433 1989 :
2471 1943 2528 1991 et
2559 1947 2829 1994 noverunt
2858 1954 2990 1995 sane
3019 1955 3083 1996 ac
3111 1940 3496 1998 intellexerunt

1923 2025 2221 2082 demissum
2263 2027 2332 2081 ad
2379 2026 2526 2098 ipsos
2567 2029 2945 2101 propheticum
2985 2048 3314 2102 sermonem,
3351 2045 3495 2092 atta-

1924 2133 2047 2172 men
2085 2103 2256 2190 ipsius
2293 2119 2804 2192 interpretationem
2847 2139 2957 2180 non
3001 2125 3292 2183 faciebant.
3335 2129 3494 2198 Quod

1927 2219 2110 2265 autem
2143 2212 2427 2282 prophetae
2456 2213 2644 2269 divino
2671 2215 2776 2270 acti
2820 2216 3026 2288 Spiritu
3056 2230 3328 2275 noverunt
3360 2237 3496 2293 quo-

1924 2305 2085 2360 modo
2112 2319 2140 2358 a
2174 2305 2286 2360 Deo
2313 2306 2585 2363 demissus
2612 2308 2684 2363 sit
2705 2309 2772 2364 ad
2797 2324 2890 2365 eos
2918 2310 3174 2381 Spiritus,
3199 2329 3265 2369 ex
3286 2329 3353 2370 eo
3377 2331 3495 2372 ma-

1925 2396 2192 2452 nifestum
2223 2405 2308 2454 est
2353 2397 2498 2469 quod
2529 2399 2764 2456 ultronei
2793 2401 3296 2472 subministrabant,
3327 2417 3385 2462 et
3413 2408 3494 2464 lo-

1924 2485 2231 2556 quebantur
2281 2488 2427 2558 quod
2488 2489 2762 2556 volebant,
2815 2493 2961 2563 quod
3011 2503 3193 2553 autem
3237 2497 3496 2554 nolebant

1926 2579 2176 2634 tacebant
2205 2593 2220 2631 :
2257 2581 2717 2650 quemadmodum
2741 2581 2910 2639 Jonas
2935 2586 3201 2656 propheta
3234 2603 3494 2647 recusans

1923 2671 2217 2742 praedicare
2249 2673 2304 2727 in
2335 2673 2530 2750 Ninjve
2552 2674 2575 2708 ⁸
2612 2693 2626 2731 :
2662 2683 2718 2730 et
2756 2675 2972 2732 Balaam
2993 2679 3012 2712 ’
3040 2694 3105 2734 ea
3133 2679 3280 2749 loqui
3307 2684 3496 2753 jussus

1925 2778 2048 2834 quae
2078 2763 2182 2819 sibi
2207 2776 2654 2838 suggererentur.
2686 2765 2889 2823 Verum
2943 2768 2998 2824 id
3055 2785 3165 2825 non
3222 2773 3496 2832 habebant

1925 2854 2418 2926 pseudoprophetaz
2473 2869 2566 2913 aut
2623 2855 2936 2913 Graecorum
2975 2861 3231 2917 vaticinia
3268 2879 3281 2916 :
3317 2881 3496 2936 neque

1923 2946 2071 3001 enim
2108 2947 2512 3017 cognoscebant
2553 2951 2684 3003 dum
2731 2950 3090 3021 agitarentur,
3138 2953 3236 3008 sed
3285 2954 3496 3014 insania

1925 3037 2187 3094 vecordes
2233 3037 2433 3106 eﬂecti,
2483 3040 2804 3111 ignorabant
2854 3041 2981 3111 quid
3032 3042 3136 3098 sibi
3189 3047 3492 3112 accideret,

1930 3134 2184 3198 tauquam
2204 3128 2362 3182 ebrii.
2378 3128 2563 3183 Sancti
2586 3128 2769 3198 itaque
2792 3131 3092 3200 prophetae,
3115 3141 3328 3191 veteres
3351 3137 3494 3202 dico.

1927 3233 2236 3290 quanquam
2294 3218 2675 3292 intelligerent,
2741 3236 2852 3276 non
2910 3229 3094 3278 tamen
3147 3225 3497 3297 interpretari

1927 3311 2236 3367 debuerunt
2258 3325 2379 3382 quae
2401 3313 2783 3383 praedixerant,
2808 3314 2900 3370 sed
2928 3315 3046 3372 hac
3073 3317 3194 3374 aliis
3221 3320 3500 3378 ministra-

1926 3402 2078 3466 bant,
2114 3411 2244 3472 puta
2272 3403 2450 3458 nobis.
2483 3385 2656 3458 Simul
2699 3420 2916 3475 quoque
2956 3414 3016 3462 ut
3053 3407 3247 3466 lateret
3279 3410 3496 3468 Domini

1929 3495 2214 3561 adventus,
2241 3509 2345 3551 nec
2376 3504 2704 3565 pararentur
2733 3496 2808 3552 illi
2841 3496 3054 3554 insidias
3091 3501 3158 3556 ab
3193 3502 3390 3573 impiis.
3420 3503 3500 3560 Si-

1927 3586 2147 3657 quidem
2179 3587 2344 3642 etiam
2373 3586 2588 3642 insidiis
2618 3587 2891 3658 appetitus
2919 3597 3134 3662 poterat
3160 3593 3379 3662 quidem
3413 3595 3500 3651 in-

1929 3680 2225 3750 superabili
2261 3679 2355 3736 Dei
2388 3680 2632 3750 potentia
2658 3680 2897 3752 effugere
2928 3697 2943 3736 :
2975 3683 3070 3738 sed
3093 3685 3387 3742 verisimile
3415 3699 3501 3743 est

1929 3773 2074 3843 quod
2113 3773 2368 3830 evasione
2415 3773 2689 3828 interdum
2730 3772 2883 3829 miris
2921 3774 3097 3831 modis
3129 3779 3500 3848 contingente,

1930 3874 2187 3935 tanquam
2214 3865 2521 3937 prodigiose
2547 3865 2692 3920 facta
2717 3865 3060 3936 apparuisset
3085 3867 3404 3927 incarnatio.
3435 3870 3504 3926 Et

1930 3957 2074 4025 quod
2123 3956 2230 4010 hoc
2270 3971 2461 4010 verum
2509 3955 2580 4010 sit
2615 3971 2681 4010 ex
2723 3955 3008 4026 prophetis
3052 3969 3278 4028 apparet
3312 3963 3404 4030 qui
3445 3963 3500 4016 in

1931 4045 2083 4101 Novo
2127 4046 2282 4101 fuere
2313 4046 2698 4111 Testamento,
2729 4047 2820 4117 qui
2863 4048 3027 4103 etiam
3063 4048 3500 4121 interpretaban-

1931 4146 2021 4192 tur
2063 4137 2271 4206 seipsos
2314 4136 2444 4190 dum
2491 4136 2904 4206 prophetarent,
2949 4154 3258 4220 quanquam
3294 4157 3402 4198 non
3444 4143 3498 4198 in

1931 4228 2221 4291 omnibus.
2275 4228 2733 4298 quemadmodum
2773 4228 2929 4284 divus
2979 4231 3174 4288 Paulus
3215 4233 3392 4302 priore
3433 4237 3502 4291 ad

1931 4318 2248 4376 Corinthios
2291 4318 2532 4389 Epistola
2578 4317 2738 4390 537
2782 4319 3014 4388 dicit";
3059 4338 3167 4377 non
3208 4325 3354 4380 enim
3398 4327 3504 4381 hu-

1926 4410 2165 4482 iusmodi
2206 4411 2386 4481 aliqua
2430 4413 2669 4482 suspicio
2695 4421 2812 4467 erat
2870 4411 2923 4466 in
2959 4429 3101 4470 novo
3146 4425 3496 4474 testamento.

254 4510 545 4582 ιστάμενοι
614 4510 667 4564 οἱ
721 4508 997 4579 προφῆται
1067 4503 1479 4578 ὲχρησμῴδουν,
1529 4504 1687 4578 δῆλον
1733 4506 1825 4560 καὶ

1938 4503 2204 4558 Praeterea
2229 4497 2374 4575 quod
2404 4518 2517 4558 non
2549 4502 2690 4574 rapti
2727 4513 2878 4559 extra
2911 4520 2969 4560 se
3004 4507 3284 4577 prophetae
3313 4511 3503 4564 vatici-

248 4618 430 4656 τουτο.

333 4695 430 4760 Ἐξ
471 4694 590 4758 ἐνὸς
636 4692 748 4764 γὰρ
793 4690 1104 4762 πνεύματος
1141 4691 1594 4762 προφητευόντων
1624 4689 1734 4744 τῶν
1771 4692 1830 4745 ὲν

251 4792 319 4860 τῇ
343 4787 564 4858 Παλαιᾷ
589 4786 685 4840 καὶ
705 4787 771 4856 τῇ
795 4785 932 4856 Νέᾳ,
955 4783 1120 4853 φησὶν
1139 4785 1166 4837 6
1186 4783 1416 4845 Παῦλος·
1453 4781 1579 4835 Ἐὰν
1607 4782 1665 4836 δὲ
1693 4783 1828 4836 ἀπο-

253 4879 509 4948 καλυφθῇ
549 4878 696 4949 ἄλλῳ
734 4875 1053 4947 καθημένῳ,
1089 4875 1117 4927 6
1148 4874 1365 4944 πρῶτος
1393 4875 1620 4943 σιγάτω.
1654 4875 1830 4944 Σαφὲς

251 4970 364 5041 γὰρ
399 4972 467 5022 ὲκ
500 4969 691 5023 τούτου
721 4969 803 5021 ὅτι
853 4969 913 5022 ὲν
952 4966 1033 5038 τῷ
1079 4966 1222 5021 κατὰ
1263 4965 1423 5034 φύσιν
1475 4964 1750 5037 ἱστάμενοι
1779 4965 1830 5019 οί

251 5065 540 5133 προφῆται
569 5062 666 5116 καὶ
698 5061 993 5126 συνιέντες,
1045 5059 1263 5121 ἑκόντες
1315 5057 1706 5128 προφεήτευον.
1739 5057 1830 5110 Διὸ

253 5159 354 5211 καὶ
405 5157 570 5211 ἄλλου
608 5154 967 5226 ἀνισταμένου
999 5151 1096 5206 τοῦ
1125 5151 1582 5222 ἐμπνευσθέντος,
1615 5151 1643 5203 6
1681 5148 1831 5219 πρῶ-

255 5267 350 5313 τος
381 5247 566 5302 λαλῶν
606 5246 765 5317 σιγᾷν
813 5243 1189 5317 ὶπιτρέπεται.
1240 5243 1418 5312 Ὅπερ
1467 5242 1568 5294 οὐκ
1622 5241 1690 5295 ἂν
1739 5238 1831 5294 ἐπὶ

257 5340 606 5412 μαινομένων
625 5339 774 5409 εὖροι
789 5353 892 5399 τις.
928 5335 1051 5398 Πῶς
1073 5335 1182 5407 γὰρ
1217 5333 1482 5403 σιωπήσει
1511 5334 1538 5385 6
1571 5333 1692 5402 μηδ’
1719 5332 1748 5385 ὅ
1774 5348 1830 5386 τι

256 5433 359 5504 δρᾷ
383 5431 786 5500 ἐπιστάμενος
813 5428 923 5482 Καὶ
950 5426 1266 5497 Πνεύματος
1285 5423 1340 5477 δὲ
1371 5418 1510 5476 εἶναι
1544 5422 1825 5494 ἐνέργειαν

257 5522 416 5591 ἁγίου
454 5523 514 5575 δν
561 5521 676 5582 τοῖς
714 5518 1042 5590 προφήταις,
1082 5519 1112 5570 6
1159 5515 1324 5579 αὐτὸς
1371 5512 1584 5577 Παῦλος
1641 5513 1826 5583 φησιν,

263 5615 404 5672 οὕτω
433 5615 614 5685 λέγων
637 5629 654 5645 ’
711 5631 732 5665 ι
769 5606 840 5684 Ὦ
875 5613 974 5683 μὲν
1003 5611 1204 5665 δίδοται
1243 5609 1400 5680 λόγος
1434 5605 1648 5677 σοφίας,
1693 5597 1737 5673 ᾧ
1773 5605 1830 5658 δὲ

361 5799 384 5832 ⁸
410 5767 595 5861 Jonaz,
629 5811 670 5860 ι,
705 5794 741 5848 3
833 5795 855 5827 ’
881 5793 1042 5849 Num.
1083 5807 1217 5860 xxu,
1256 5792 1342 5846 15.
1418 5789 1460 5822 ¹⁰
1501 5788 1666 5844 lCor.
1690 5803 1803 5853 xiv,
1830 5789 1923 5842 21.

1935 4605 2219 4661 narentur,
2249 4611 2316 4651 ex
2340 4610 2406 4650 eo
2433 4611 2649 4676 quoque
2683 4596 3030 4652 manifestum
3064 4607 3167 4655 est.

1999 4687 2131 4742 Nam
2163 4703 2287 4742 cum
2318 4703 2429 4743 uno
2457 4688 2652 4757 spiritu
2688 4689 3076 4759 prophetarent
3108 4691 3199 4760 qui
3234 4691 3287 4746 in
3323 4693 3506 4749 Veteri

1929 4778 2280 4834 Testamento
2309 4789 2484 4844 erant,
2514 4789 2568 4834 et
2593 4781 2684 4851 qui
2715 4779 2772 4836 in
2812 4780 2959 4837 Novo
2983 4821 2996 4846 ,
3024 4781 3158 4836 dicit
3187 4782 3422 4840 Paulus:
3445 4785 3504 4842 Si

1928 4880 2110 4925 autem
2143 4871 2233 4925 alii
2277 4871 2838 4945 sedenti_revelatum
2874 4871 3062 4938 fuerit,
3108 4875 3258 4944 prior
3300 4885 3494 4932 taceat.

1927 4961 2003 5017 Ex
2035 4977 2102 5018 eo
2130 4961 2276 5017 enim
2319 4961 2668 5018 maniféstum
2715 4972 2802 5018 est
2845 4964 2989 5034 quod
3030 4964 3084 5020 in
3127 4981 3222 5021 sua
3262 4971 3498 5024 naturali

1928 5055 2284 5112 consistentia
2309 5065 2698 5127 permanentes
2727 5057 3032 5128 prophetae,
3053 5071 3107 5114 et
3137 5060 3500 5131 intelligentcs

1928 5157 2124 5218 sponte
2155 5149 2572 5218 prophetabant.
2595 5149 2724 5204 Ideo
2757 5149 2926 5205 etiam
2962 5150 3069 5205 alio
3100 5162 3357 5223 surgente
3403 5155 3496 5209 cui

1928 5237 2252 5309 inspiratum
2281 5248 2385 5306 est,
2415 5241 2506 5310 qui
2543 5241 2690 5311 prior
2726 5242 3072 5312 loquebatur,
3101 5255 3279 5300 tacere
3310 5247 3501 5315 prazei-

1927 5331 2114 5403 pitur:
2149 5331 2290 5400 quod
2327 5333 2380 5386 in
2417 5331 2638 5389 furiosis
2665 5335 2880 5390 vatibus
2912 5337 3156 5392 invenire
3180 5353 3342 5392 nemo
3372 5353 3499 5415 pos-

1927 5431 2037 5478 set.
2070 5422 2352 5488 Quomodo
2382 5423 2526 5478 enim
2555 5425 2754 5480 tacebit
2792 5425 2838 5480 is
2875 5426 2965 5495 qui
2999 5442 3068 5480 ne
3101 5427 3250 5480 novit
3278 5426 3498 5494 quidem

1936 5515 2066 5585 quid
2104 5516 2401 5586 operetur?
2456 5515 2636 5572 Sancti
2679 5532 2895 5588 quoque
2945 5517 3180 5587 Spiritus
3226 5517 3501 5586 energiam

1937 5621 2058 5663 esse
2097 5607 2153 5662 in
2194 5608 2476 5680 prophetis
2521 5609 2637 5680 ipse
2687 5609 2882 5664 Paulus
2925 5608 3078 5672 dicit,
3110 5610 3182 5663 ita
3226 5609 3492 5678 loquens:
