3986 6548
527 403 632 465 595

1577 403 1741 460 (ECU
1751 399 1906 461 MEN
1917 399 1977 457 ll
2003 400 2050 458 Τ
2055 399 2296 459 RlCCIE
2337 399 2677 460 EPISCOPI

3658 401 3778 463 596

525 535 650 589 tngo
677 528 1013 588 peccassent,
1040 535 1147 574 non
1179 529 1305 573 sunt
1332 519 1542 573 veniam
1569 520 1845 574 consecuti
1873 538 1888 574 ε
1917 519 2089 574 multo

2219 522 2300 576 λῶν
2335 522 2583 586 πλάσεως
2621 521 2916 593 ἄνθρωποι,
2957 520 3134 592 πολλῴ
3168 521 3368 592 μᾶλλον
3395 520 3518 573 οὑδὲ
3563 520 3782 574 τούτων

529 612 711 664 minus
735 609 1049 666 hominibus
1075 626 1186 666 suae
1221 610 1564 680 plasmationi
1601 610 1935 667 haarentibus
1970 627 2094 682 par-

530 711 616 756 cet
649 701 694 756 si
735 702 1097 772 peccaverint.
1145 721 1162 752 ‹
1202 700 1308 757 Sed
1353 700 1560 757 catenis
1605 701 1870 772 caliginis.
1904 721 1922 753 ι
1953 700 2096 756 Con-

532 796 894 850 demnationis
956 794 1421 850 inevitabilitatem
1479 793 1768 865 signiﬁcat.
1829 793 2095 864 Hujusce-

531 887 676 942 modi
707 887 852 942 enim
886 887 1089 943 catenis
1131 895 1282 941 certo
1319 902 1346 940 a
1391 885 1548 941 nobis
1573 887 1960 941 condemnatos
1993 901 2098 955 pu-

531 981 733 1035 nimus.
765 979 871 1036 Sed
897 979 1041 1035 dicet
1073 978 1266 1049 aliquis
1295 994 1310 1032 :
1348 979 1504 1036 Unde
1543 980 1830 1036 manifesta
1860 989 1944 1036 est
1977 977 2098 1034 talis

528 1071 911 1127 condemnatio
924 1072 1230 1127 daemonum
1251 1072 1358 1125 ?ab
1386 1071 1517 1141 ipsis
1543 1071 1797 1128 videlicet
1833 1073 2099 1128 daemoni-

534 1165 655 1218 bus.
696 1161 971 1232 Siquidem
1017 1163 1068 1216 in
1114 1163 1478 1231 Evangelio“
1510 1163 1892 1233 deprecantur,
1936 1179 2005 1218 ne
2043 1163 2100 1216 in

531 1255 784 1327 abyssum
824 1257 1188 1321 remittantur,
1229 1264 1485 1326 tanquam
1527 1256 1616 1310 alii
1653 1271 1871 1326 quoque
1909 1269 2102 1310 omnes

533 1345 637 1400 hoc
687 1344 981 1414 patiantur.
1039 1344 1333 1400 Sciendum
1386 1355 1564 1400 tamen
1607 1355 1693 1401 est
1739 1345 1883 1415 quod
1934 1344 2100 1400 veluti

533 1451 629 1506 per
668 1437 887 1491 modum
921 1437 1311 1507 suppositionis
1341 1439 1664 1510 productum
1699 1447 1785 1492 est
1815 1451 2104 1508 argumen-

533 1537 669 1592 tum,
713 1543 821 1581 uon
869 1535 1048 1583 tamen
1095 1545 1220 1585 vere
1265 1530 1337 1585 ita
1387 1541 1488 1596 est,
1540 1545 1717 1600 neque
1763 1529 1907 1584 enim
1957 1527 2105 1582 aliud

533 1622 697 1675 habet
726 1620 868 1690 quod
912 1630 1097 1690 postea
1134 1623 1478 1692 respondeat,
1509 1621 1604 1676 sed
1647 1621 1700 1676 in
1743 1619 1979 1691 speciem
2019 1635 2107 1674 so-

532 1713 643 1766 lum
674 1713 745 1766 ita
786 1712 1122 1782 propositum
1161 1713 1264 1775 est'.
1305 1714 1358 1768 in
1392 1715 1623 1769 veritate
1661 1722 1844 1768 autem
1879 1711 2107 1782 simplex

533 1814 618 1858 est
650 1804 973 1874 exemplaris
1016 1807 1295 1876 persuasio
1324 1825 1338 1862 :
1368 1818 1423 1862 et
1456 1825 1615 1878 quam
1651 1808 1721 1864 ob
1755 1823 1996 1873 causam,
2025 1807 2108 1862 di-

2193 616 2631 688 ἁμαρτησάντων
2682 614 2948 684 φείσεται.
2997 631 3016 667 ι
3048 615 3146 666 Διά
3177 612 3233 666 δὲ
3266 612 3373 666 τῶν
3426 612 3626 681 σειρῶν
3673 611 3782 664 τοῦ

2197 709 2386 778 ζόφου,
2424 727 2442 760 ι
2480 707 2542 761 τδ
2574 707 2813 777 ἄφυκτον
2842 708 2938 761 καὶ
2983 706 3336 775 ἀδιάδραστον
3370 705 3470 772 τῆς
3499 705 3784 770 κατακρί-

2199 819 2334 861 σεως
2359 799 2632 872 σημαίνει.
2664 799 2940 862 Τοιούτοις
2969 799 3079 868 γάρ
3107 798 3326 865 δεσμοῖς
3354 797 3487 858 τοὺς
3520 794 3779 865 ἀκριϐῶς

2200 894 2290 961 ὑφ’
2336 891 2490 963 ὑμῶν
2524 890 3020 955 καταδικασθέντας
3049 888 3367 956 κολάζομεν.
3409 885 3573 940 Ἀλλὰ
3613 886 3788 938 πόθεν

2199 988 2315 1056 ὲρεῖ
2340 1003 2424 1049 τις
2453 971 2535 1040 ὅτι
2593 984 2728 1056 δήλη
2763 985 2797 1052 ή
2828 981 3051 1054 τοιαύτη
3081 981 3408 1052 κατάκρισις
3445 978 3555 1034 τῶν
3579 978 3788 1049 δαιμό-

2201 1095 2350 1144 νων;
2402 1076 2519 1131 Ἀπ’
2550 1075 2727 1129 αὐτῶν
2771 1073 2971 1146 δηλαδὴ
3015 1072 3122 1127 τῶν
3164 1072 3457 1143 δαιμόνων.
3508 1072 3621 1124 Καὶ
3667 1072 3788 1140 γὰρ

2201 1169 2257 1221 ὲν
2284 1169 2361 1240 τῷ
2383 1165 2701 1238 Εὑαγγελίῳ
2731 1166 2942 1220 δέονται
2976 1166 3050 1237 μὴ
3082 1165 3163 1228 είς
3192 1165 3290 1233 τὴν
3316 1163 3553 1218 ἄϐυσσον
3577 1163 3792 1223 αὑτοὺς

2202 1258 2585 1330 καταπέμψαι,
2616 1257 2692 1322 ὡς
2722 1259 2819 1313 καὶ
2847 1257 3050 1328 ἑτέρων
3095 1256 3254 1310 τοῦτο
3313 1255 3532 1308 πάντων
3578 1253 3794 1306 παθόν-

2202 1369 2330 1406 των.
2373 1351 2569 1405 Ἰστέον
2597 1351 2779 1422 μέντοι
2821 1350 2899 1414 ὡς
2930 1350 3025 1403 καὶ
3061 1348 3398 1410 ὑποθετικῶς
3427 1346 3680 1416 προήχθη
3717 1345 3792 1397 τὸ

2204 1444 2558 1515 ἐπιχείρημα,
2591 1442 2715 1512 οὑχὶ
2741 1442 2799 1496 δὲ
2842 1443 2938 1496 καὶ
2987 1441 3064 1512 τῷ
3120 1440 3234 1494 δντι
3287 1439 3460 1503 οὑτως
3492 1437 3661 1493 ἐστίν.
3703 1437 3793 1491 Οὑ

2205 1536 2315 1608 γάρ
2369 1536 2483 1606 ἔχει
2533 1533 2631 1606 τὴν
2689 1533 3067 1590 ἀνταπόδοσιν,
3115 1533 3276 1586 ’Δλλά
3334 1533 3574 1602 σχήματι
3623 1530 3795 1600 μόνον

2205 1628 2348 1684 οὑτω
2392 1628 2784 1700 προϐέϐληται,
2814 1630 2880 1699 τῇ
2929 1628 2985 1682 δὲ
3016 1627 3246 1699 ἀληθείᾳ
3299 1623 3796 1696 παραδειγματικὴ

2209 1723 2392 1786 πίστις
2437 1724 2582 1776 ἐστὶν
2624 1721 2795 1791 ἁπλῆ.
2828 1722 2941 1774 Καὶ⁵
2974 1719 3063 1773 διὰ
3095 1719 3190 1786 τί;
3247 1719 3548 1789 εἰρήσεται.
3581 1717 3647 1769 ΕΞ
3680 1715 3800 1785 γὰρ

2210 1814 2350 1870 κατά
2378 1815 2438 1868 τὸ
2477 1814 2661 1884 σχῆμα
2690 1807 2780 1884 ἦν,
2807 1811 2979 1876 οὕτως
3002 1811 3069 1865 διν
3107 1809 3345 1882 προῦϐη.
3394 1809 3456 1861 Εἰ
3483 1808 3593 1877 γὰρ
3622 1808 3801 1875 ἀγγέ⁴

534 1905 689 1950 cetur
721 1911 736 1949 :
774 1905 896 1950 naut
931 1896 975 1952 si
1013 1907 1157 1953 esset
1187 1900 1329 1968 quod
1359 1917 1468 1970 prae
1501 1917 1560 1957 se
1593 1898 1736 1954 ferre
1758 1899 1989 1964 videtur,
2032 1897 2107 1952 ita

2219 1913 2316 1965 λων
2339 1911 2440 1964 οὑκ
2463 1883 2722 1978 ἐφείσατο
2739 1907 3196 1978 ἁμαρτησάντων,
3225 1903 3272 1956 εί
3296 1902 3523 1973 ἀρχαίου
3554 1900 3796 1968 κόσμου,

535 1987 895 2056 procederet:
927 1989 982 2043 Si
1024 1990 1229 2060 angelis
1259 2007 1382 2045 cum
1425 1999 1744 2062 peccassent
1774 2007 1882 2045 non
1917 2006 2109 2060 peper-

464 2083 469 2096 ‘
535 2087 632 2144 cit,
656 2081 700 2135 si
731 2096 831 2135 nec
860 2080 1041 2150 prisco
1072 2081 1293 2147 mundo,
1319 2097 1420 2137 nec
1449 2082 1701 2137 Sodomis
1726 2092 1783 2136 et
1808 2081 2106 2145 Gomorrae,

537 2170 780 2240 nunquid
821 2171 906 2226 his
941 2173 1168 2241 parcet?
1215 2189 1603 2244 nequaquam;
1659 2183 1752 2228 aut
1792 2173 1953 2228 etiam
2007 2175 2110 2229 hoc

535 2263 700 2318 modo
727 2275 743 2316 :
777 2263 870 2318 His
899 2264 1124 2319 omnino
1154 2280 1261 2320 non
1287 2275 1496 2335 parcet.
1531 2266 1652 2321 Non
1687 2275 1872 2320 autem
1905 2273 2111 2320 temere

537 2373 564 2407 a
607 2358 1076 2424 praestantioribus
1099 2359 1443 2431 aggreditur;
1471 2359 1566 2413 sed
1600 2359 1891 2413 ostendere
1929 2359 2114 2414 volens

539 2447 683 2515 quod
713 2448 763 2501 hi
798 2447 924 2503 dum
963 2459 1192 2520 peccant
1226 2451 1397 2522 magis
1428 2450 1649 2504 obnoxii
1686 2451 1795 2504 sint
1825 2449 2111 2519 supplicio.

539 2539 806 2602 Quoniam
838 2549 967 2609 ergo
992 2550 1045 2594 et
1078 2540 1163 2594 isti
1197 2541 1600 2595 honoratiorem
1634 2540 1858 2609 gradum
1889 2541 2114 2604 habent,

545 2637 730 2698 utpote
756 2631 931 2685 vocati
958 2632 1022 2685 ad
1054 2633 1434 2702 apostolatum,
1454 2649 1577 2688 cum
1604 2649 1632 2686 a
1659 2633 1840 2688 divina
1863 2633 1946 2687 via
1973 2633 2118 2687 exci—

544 2723 746 2782 derint.
803 2725 1063 2790 maiorem
1114 2726 1274 2778 etiam
1329 2724 1529 2779 habent
1581 2724 2113 2780 condemnationem.

547 2813 624 2866 Ex
675 2816 957 2886 hypothesi
1003 2827 1182 2872 autem
1231 2826 1374 2873 mota
1408 2816 1702 2886 exemplari
1740 2816 2116 2888 persuasione,

548 2923 657 2960 non
710 2907 944 2963 reddidit
991 2909 1134 2979 quod
1187 2910 1370 2981 ligura:
1423 2909 1807 2980 rCSpondebat.
1859 2907 2122 2965 Confudit

548 3017 782 3071 namque
813 3003 1119 3072 exemplum
1147 3002 1520 3073 aSsumptione
1559 3003 1830 3072 iustorum
1862 3017 1876 3056 :
1907 3011 1964 3056 et
1996 3016 2119 3056 cum

547 3093 770 3150 deberet
799 3097 848 3150 ei
881 3098 1024 3168 quod
1055 3097 1122 3152 ab
1167 3097 1319 3151 initio
1349 3095 1687 3168 propositum
1718 3105 1832 3152 erat
1867 3110 2122 3151 sermone

2210 2005 2259 2066 εί
2289 2002 2538 2072 Σοδόμων
2571 2003 2668 2055 καὶ
2722 2000 3026 2070 Γομόρρας,
3090 1991 3202 2067 ἆρα
3236 1992 3442 2048 τούτων
3484 1991 3744 2060 φείσεται
3779 2006 3797 2054 ;

2212 2093 2501 2166 Οὐδαμῶς.
2543 2095 2612 2147 Ἢ
2653 2095 2748 2147 καὶ
2801 2092 2994 2154 οὑτως·
3027 2089 3102 2143 Οὑ
3130 2087 3338 2142 τούτων
3367 2085 3613 2154 φείσεται
3659 2083 3802 2137 πάν-

2211 2205 2342 2252 τως.
2379 2187 2492 2257 Οὑχ
2514 2183 2703 2248 ἁπλῶς
2739 2183 2795 2238 δὲ
2834 2182 2943 2238 ἀπὸ
2983 2181 3092 2235 τῶν
3141 2177 3549 2252 προτιμοτέρων
3585 2177 3806 2244 ἐπιχει-

2218 2281 2318 2346 ρεῖ,
2352 2276 2489 2331 ἀλλὰ
2533 2275 2706 2340 δεῖξαι
2751 2273 3074 2344 βουλόμενος
3105 2273 3181 2336 ὡς
3225 2270 3425 2341 μᾶλλον
3459 2264 3610 2323 οὑτοι
3661 2269 3804 2320 ὑπο-

2214 2367 2498 2441 δικὼτεροι
2554 2366 2980 2439 ἁμαρτάνοντες.
3055 2364 3210 2417 Ἐπεὶ
3256 2358 3351 2417 οὖν
3395 2363 3489 2416 καὶ
3529 2354 3682 2413 οὗτοι
3741 2359 3805 2412 τὸ

2218 2459 2614 2532 προτιμότερον
2667 2459 2900 2528 ἔχουσιν,
2943 2457 3018 2520 ὡς
3050 2455 3346 2526 κληθέντες
3385 2455 3482 2524 μὲν
3523 2454 3607 2515 είς
3657 2453 3802 2505 ἀπο-

2219 2553 2433 2624 στολὴν,
2469 2551 2834 2622 ἐκτραπέντες
2861 2550 2918 2603 δὲ
2964 2551 3064 2618 τῆς
3111 2547 3260 2610 θείας
3288 2545 3432 2610 ὁδοῦ,
3467 2545 3657 2615 μεῖζον
3704 2542 3804 2596 καὶ

2216 2645 2278 2698 τὸ
2323 2644 2642 2714 κατάκριμα
2690 2641 2927 2713 ἔχουσιν.
2981 2638 3070 2704 Ἐξ
3113 2635 3419 2698 ὑποθέσεως
3458 2635 3515 2688 δὲ
3559 2634 3804 2704 κινήσας

2218 2737 2320 2808 τὴν
2351 2733 2863 2806 παραδειγματικὴν
2895 2731 3099 2793 πίστιν,
3141 2729 3241 2782 οὑκ
3285 2727 3536 2781 ἀπέδωκε
3575 2725 3640 2778 τὸ
3671 2725 3806 2778 ἀκό-

2219 2828 2408 2884 λουθον
2442 2827 2536 2883 τοῦ
2573 2827 2870 2898 σχήματος.
2905 2825 3136 2894 Συνέχεε
3187 2821 3298 2893 γὰρ
3348 2820 3408 2873 τὸ
3444 2818 3807 2888 παράδειγμα

2221 2927 2286 2995 τῇ
2339 2923 2446 2977 τῶν
2494 2920 2723 2977 δικαίων
2771 2916 3103 2988 προσλήψει,
3132 2916 3228 2969 καὶ
3280 2913 3510 2983 ὀφείλων
3557 2911 3655 2966 ἐπὶ
3708 2908 3808 2963 τοῦ

2222 3015 2281 3082 ἐξ
2305 3015 2478 3086 ἀρχῆς
2509 3011 2864 3085 προτεθέντος
2897 3010 2996 3080 τὴν
3048 3008 3306 3062 ἀπόδοσιν
3353 3005 3600 3076 ποιῆσαι,
3645 3019 3808 3057 τουτ-

2223 3107 2361 3172 έστι,
2391 3104 2500 3159 τῶν
2529 3091 2985 3174 ἁμαρτησάντων,
3009 3097 3077 3153 δι’
3103 3096 3194 3160 οὒς
3222 3097 3318 3152 καὶ
3335 3096 3400 3150 τὸ
3425 3094 3808 3165 παράδειγμα,

551 3190 903 3260 respondere,
933 3199 1061 3260 puta
1101 3189 1185 3244 his
1209 3191 1300 3259 qui
1333 3200 1711 3260 peccaverant,
1741 3201 1964 3259 propter
1987 3204 2115 3256 quos

2225 3199 2318 3252 καὶ
2356 3198 2552 3250 εἰπεῖν·
2586 3195 2647 3248 Εἰ
2681 3192 2888 3248 τούτων
2916 3191 3017 3244 οὑκ
3067 3189 3342 3258 ἐφείσατο,
3379 3182 3491 3258 ἄρα
3513 3185 3624 3238 τῶν
3658 3201 3810 3253 παρ-

547 3283 710 3337 etiam
739 3293 1078 3351 assumptum
1114 3282 1216 3338 fuit
1246 3283 1573 3352 exemplum,
1602 3291 1658 3337 et
1685 3282 1865 3336 dicere
1898 3299 1912 3335 :
1947 3281 2004 3335 Si
2038 3281 2122 3336 his

551 3392 657 3426 non
692 3375 955 3444 pepercit,
983 3375 1228 3446 nunquid
1257 3375 1616 3446 praesentibus
1646 3383 1832 3444 parcet
1859 3373 2123 3443 improbis

547 3482 608 3518 ac
649 3465 912 3518 lascivis?
953 3475 1044 3518 aut
1097 3480 1193 3534 per
1246 3463 1661 3518 aliirtnationem
1699 3461 1905 3515 :Multo
1951 3462 2123 3532 magis

549 3573 727 3626 neque
765 3556 847 3610 his
888 3566 1073 3626 parcet
1105 3573 1118 3609 :
1154 3571 1260 3610 non
1296 3555 1400 3609 hoc
1427 3554 1572 3608 facit.
1601 3552 1825 3619 Quare?
1855 3552 2121 3618 Quoniam

549 3666 672 3702 cum
727 3648 835 3704 duo
898 3654 1271 3717 proponantur
1322 3645 1590 3715 exempla,
1645 3644 1911 3699 bonorum
1969 3642 2123 3697 vide-

549 3739 677 3794 licet
731 3756 794 3794 ac
859 3739 1163 3804 malorum,
1244 3737 1623 3793 inveniebatur
1684 3737 1799 3791 haec
1856 3734 2124 3790 sermonis

550 3831 835 3903 responsio
888 3831 1061 3887 solum
1122 3832 1191 3886 ad
1255 3830 1453 3884 malum
1514 3829 1865 3899 respondere,
1904 3843 2013 3883 non
2059 3825 2126 3881 ad

549 3926 751 3980 bonum
803 3940 817 3977 :
866 3924 1024 3980 bonis
1061 3924 1204 3979 enim
1246 3939 1356 3978 non
1399 3922 1699 3978 redduntur
1750 3921 1910 3976 mala.
1965 3918 2122 3991 541

547 4019 683 4073 Cum
734 4033 863 4090 ergo
924 4033 1035 4073 non
1081 4016 1354 4073 suﬂiceret
1401 4031 1508 4070 una
1567 4013 1838 4069 sermonis
1901 4028 2128 4082 respon-

551 4110 708 4166 sione
774 4111 1116 4181 propositum
1180 4110 1425 4181 explere,
1466 4108 1574 4163 alio
1608 4109 1774 4164 modo
1833 4107 1888 4161 in
1940 4106 2125 4177 phrasi

546 4203 868 4273 permansit,
891 4213 945 4258 et
977 4219 1074 4274 per
1098 4202 1463 4272 epiphonema
1513 4199 1742 4272 perfecit
1773 4200 1920 4270 quod
1958 4213 2126 4269 opor-

549 4296 669 4349 tuit.
705 4294 885 4361 Quare
910 4305 1091 4348 autem
1123 4293 1280 4348 malis
1301 4293 1654 4348 admiscuerit
1683 4291 1928 4361 exempla
1953 4291 2128 4345 bono-

2226 3289 2394 3342 όντων
2424 3283 2669 3352 ἀσελγῶν
2699 3282 2943 3352 φείσεται
2967 3297 2982 3346 ;
3018 3279 3088 3331 Ἦ
3115 3275 3254 3330 κατά
3282 3275 3576 3342 ἀπόφασιν⁸
3615 3270 3811 3339 [Ιολλῷ

2229 3380 2431 3453 μᾶλλον
2483 3377 2608 3432 οὑδὲ
2653 3374 2857 3429 τούτων
2896 3372 3163 3441 φείσεται·
3201 3367 3261 3422 οὑ
3299 3365 3458 3420 τοῦτο
3498 3365 3660 3417 ποιεῖ.
3705 3361 3808 3415 Διά

2224 3475 2277 3527 τί
2307 3491 2321 3540 ;
2355 3471 2657 3543 Εὑρίσκετο
2686 3467 2797 3537 γὰρ
2830 3464 2970 3535 αὕτη
3003 3464 3036 3534 ή
3067 3460 3344 3521 ἀπόδοσις,
3375 3457 3470 3511 δύο
3499 3453 3809 3524 προκειμέο

2227 3584 2332 3621 νων
2395 3560 2834 3631 ὑποδειγμάτων,
2893 3555 3076 3611 καλῶν
3119 3553 3215 3609 καὶ
3274 3551 3462 3605 κακῶν
3486 3590 3500 3615 ,
3552 3547 3696 3615 πρὸς
3748 3544 3811 3598 τὸ

2228 3657 2396 3712 κακὸν
2426 3654 2586 3726 μόνον
2617 3651 2901 3726 γινομένη,
2952 3649 3054 3703 οὑκ
3097 3648 3180 3700 ἔτι
3232 3645 3290 3698 δὲ
3318 3644 3454 3714 πρὸς
3478 3641 3541 3694 τὺ
3578 3637 3809 3707 ἀγαθὸν,

2226 3751 2290 3804 οὑ
2345 3747 2455 3819 γὰρ
2508 3746 2692 3808 καλοῖς
2725 3741 2873 3797 κακά
2918 3738 3248 3795 ἀποδίδοται.
3291 3735 3382 3788 Ἐν
3425 3727 3507 3797 οἷς
3566 3726 3663 3808 οὑν
3709 3730 3812 3782 οὑκ

2227 3840 2432 3912 ἢρκεσε
2465 3837 2566 3908 μιᾷ
2597 3833 2851 3890 ἀποδόσει
2883 3831 2944 3884 τὺ
2965 3827 3226 3900 προτεθὲν
3255 3823 3578 3896 ἀπαρτίσαι,
3602 3819 3813 3891 ἑτέρως

2227 3929 2497 4000 διεγένετο
2525 3929 2591 3998 τῇ
2627 3925 2846 3996 φράσει,
2883 3922 2981 3975 καὶ
3004 3921 3072 3974 δι’
3104 3917 3533 3989 ὲπιφωνήματος
3564 3913 3629 3966 τδ
3650 3912 3814 3980 ὀφει-

2228 4003 2456 4093 λόμενον
2481 4019 2797 4074 ἀπετέλεσε.
2836 4014 2934 4068 Διά
2958 4014 3010 4067 τί
3032 4013 3089 4068 δὲ
3111 4013 3224 4074 τοϊς
3258 4011 3448 4072 κακοῖς
3478 4003 3814 4075 προστίθησι

2229 4115 2300 4168 τὰ
2346 4112 2455 4166 τῶν
2506 4111 2727 4181 ἀγαθῶν
2759 4107 3155 4177 ὑποδείγματα,
3191 4103 3474 4174 εἰρήσεται
3527 4094 3674 4151 κατὰ
3719 4095 3814 4148 τὸν

2231 4205 2488 4278 ἁρμόδιον
2522 4205 2708 4257 τόπον.
2773 4220 2792 4254 ι
2847 4201 3006 4254 Ἀλλά
3063 4196 3271 4266 ὃγδοον,
3305 4213 3324 4246 ι
3391 4192 3486 4248 καὶ
3548 4190 3619 4242 τὰ
3653 4187 3811 4278 ἐξῆςῖ

2381 4294 2746 4368 προλαϐόντες
2791 4293 3022 4363 είπομεν
3074 4289 3136 4343 οὑ
3165 4285 3310 4343 κατά
3352 4285 3414 4338 τὸ
3466 4281 3658 4352 σχῆμα
3715 4275 3813 4332 τοῦ

549 4403 695 4444 rum.
748 4385 1096 4442 convenienti
1141 4383 1263 4439 loco
1306 4384 1542 4440 dicetur.
1581 4401 1600 4434 ι
1632 4381 1738 4438 Sed
1790 4391 2066 4446 octavum,
2101 4401 2115 4432 ι

2231 4389 2560 4461 φαινομένου
2611 4386 2792 4455 λόγου,
2845 4385 2938 4439 καὶ⁵
2970 4385 3003 4453 ή
3054 4382 3233 4436 ἔννοια
3287 4374 3646 4461 ἐπακολουθεῖ
3700 4372 3816 4461 τῶν

549 4486 658 4534 etc.
719 4475 1189 4542 Quemadmodum
1252 4473 1640 4544 pratmittendo
1698 4471 1957 4538 diximus,
2017 4488 2115 4526 non

2232 4459 2632 4553 προκειμένων.
2687 4475 2762 4528 Οὑ
2804 4473 2915 4543 γὰρ
2959 4469 3243 4524 ὑπόκειται
3270 4467 3303 4536 ἡ
3333 4462 3586 4553 ἀπόδοσις
3611 4459 3816 4553 ήείω-

548 4571 704 4638 juxta
757 4568 812 4622 id
855 4566 1002 4636 quod
1054 4581 1121 4621 ex
1165 4579 1417 4621 sermone
1468 4572 1725 4636 apparet,
1777 4557 2115 4634 subsequitur

2231 4551 2356 4627 θυία
2377 4573 2499 4634 ταῖς
2520 4565 2800 4628 τοιαύταις
2827 4561 3145 4628 συντάξεσιν
3189 4556 3439 4612 ἔπεσθαι.
3484 4551 3624 4607 Ἀλλ’
3658 4551 3814 4603 ἔστιν

551 4661 715 4716 etiam
740 4675 930 4715 eorum
973 4657 1326 4729 intelligentia
1384 4672 1506 4728 quae
1556 4667 1955 4727 proponuntur.
2007 4654 2115 4711 Non

2234 4663 2382 4732 ἁπλῆ
2411 4656 2895 4731 παραδειγματικὴ
2951 4653 3159 4715 πίστις,
3212 4647 3306 4703 καὶ
3353 4646 3464 4700 τῶν
3493 4643 3580 4697 διά
3621 4642 3814 4713 ἀμαρ-

551 4753 696 4807 enim
728 4753 1076 4824 subjungitur
1117 4749 1388 4808 sermonis
1429 4747 1710 4819 responsio
1752 4763 1873 4817 quae
1933 4746 2115 4818 hujus-

2233 4756 2354 4818 τίας
2397 4750 2798 4818 κολαζομένων,
2845 4745 2943 4800 καὶ⁵
2974 4743 3082 4798 τῶν
3117 4741 3206 4794 διὰ
3247 4735 3597 4804 δικαιοσύνην
3639 4751 3817 4802 τιμω-

552 4843 699 4899 modi
768 4843 1144 4900 ordinationes
1189 4841 1344 4913 sequi
1390 4841 1571 4907 solet,
1621 4839 1717 4896 sed
1767 4839 2000 4910 simplex
2043 4847 2115 4894 est

2238 4846 2432 4918 μένων·
2471 4842 2606 4896 ὡσεὶ
2633 4839 2840 4908 ἔλεγεν·
2884 4832 3036 4890 Οἶδεν
3058 4836 3087 4888 ό
3115 4832 3248 4895 Θεὸς
3273 4831 3368 4884 κού⁴
3397 4828 3523 4891 τοὺς
3555 4825 3815 4918 ἁμαρτά-

553 4935 880 5007 εκοωριετῑε
907 4936 1210 5007 persuasio,
1241 4943 1298 4990 et
1337 4935 1405 4991 de
1454 4933 1540 4989 his
1573 4933 1668 5004 qui
1726 4940 1949 5004 propter
2000 4946 2128 5002 pec-

554 5037 672 5084 cata
703 5028 1026 5098 puniuntur,
1083 5035 1140 5083 et
1183 5026 1252 5083 de
1283 5025 1390 5081 illis
1447 5025 1539 5096 qui
1591 5033 1817 5096 propter
1853 5024 2127 5096 justitiam

554 5119 950 5174 honorantur:
1004 5129 1262 5188 tanquam
1320 5116 1565 5175 diceret:
1631 5114 1796 5172 Novit
1865 5115 2131 5171 Dominus

556 5218 875 5281 peccatores
915 5207 1302 5264 inevitabiliter
1349 5206 1548 5278 punire
1594 5221 1705 5262 non
1749 5221 1980 5277 parcens
2026 5204 2126 5272 eis,

559 5302 718 5358 sicuti
752 5303 974 5375 angelos
994 5302 1087 5374 qui
1117 5309 1506 5374 peccaverant,
1565 5301 1730 5358 veluti
1766 5309 1822 5356 et
1866 5300 1988 5357 illos
2036 5300 2129 5370 qui

560 5405 804 5464 tempore
865 5393 1053 5450 diluvii
1115 5403 1296 5457 erant,
1351 5393 1494 5447 sicut
1553 5401 1610 5448 et
1665 5391 2028 5448 Sodomorum
2077 5401 2134 5447 et

559 5488 838 5544 Gomorra:
893 5487 1181 5552 civitates;
1250 5500 1465 5540 rursum
1519 5484 1790 5555 justitiam
1839 5490 2132 5556 operantes

560 5578 855 5644 honorare,
877 5577 1333 5648 quemadmodum
1357 5575 1491 5644 Noe,
1521 5577 1976 5648 quemadmodum
2007 5573 2128 5630 Lot.

562 5668 627 5724 Et
653 5679 734 5726 cst
756 5669 1024 5726 ordinatio
1057 5669 1430 5740 hujuscemodi
1455 5668 1621 5725 :Cum
1645 5669 1871 5726 dixisset
1902 5667 2132 5739 punien-

624 5826 682 5900 _“
709 5824 844 5882 Luc.
875 5839 991 5892 vm,
1033 5823 1120 5879 3i.

2233 4915 2422 5000 νοντας
2455 4933 2586 4989 ἀνευ
2618 4929 2832 5002 φειδοῦς
2865 4927 3115 4993 κολάζειν
3148 4922 3560 4994 ἀπαραιτήτως,
3587 4917 3664 4980 ὡς
3685 4915 3817 4978 τοὺς

2237 5027 2660 5100 ἁμαρτήσαντας
2691 5020 2979 5090 ἀγγέλους,
3015 5017 3092 5081 ὡς
3119 5017 3246 5078 τοὺς
3275 5013 3369 5100 ἔπι
3409 5006 3816 5100 τοὺλκατακλυ-

2239 5094 2399 5189 σμοὺ,
2447 5094 2540 5177 ’ὡς
2589 5112 2688 5176 τάς
2732 5109 2981 5179 Σοδόμων
3039 5104 3247 5166 πόλεις’
3288 5099 3384 5154 καὶ
3429 5097 3593 5189 πάλιν
3643 5094 3815 5189 τ-ιμᾷν

2236 5184 2364 5273 τοὺς
2416 5201 2765 5271 δικαιοσύνην
2815 5195 3236 5270 ἐργαζομένους,
3292 5190 3482 5258 ὥσπερ
3535 5185 3628 5240 τδν
3666 5184 3814 5246 Νῶε,

2239 5298 2428 5368 ὥσπερ
2465 5295 2556 5348 τὸν
2615 5291 2758 5347 Λώτ.
2815 5292 2925 5343 Καὶ
2977 5287 3124 5341 ἔστιν
3178 5286 3214 5354 ἡ
3263 5280 3512 5346 σύνταξις
3563 5275 3812 5345 τοιαύτη·

2241 5365 2427 5444 Εἰπὼν
2469 5386 2550 5441 ὃτι
2607 5382 3036 5452 κολασθήσονται
3087 5376 3138 5429 oi.
3189 5367 3668 5444 ψευδοδιδάσκαλοι
3724 5365 3813 5419 διὰ

2239 5480 2339 5544 τάς
2370 5475 2720 5550 βλασφημίας
2759 5471 2961 5536 αὑτῶν,
3001 5468 3090 5522 διὰ
3115 5466 3206 5520 τὸν
3235 5461 3440 5531 ἀσελγῆ
3470 5460 3584 5532 βίον
3609 5458 3810 5550 αὑτῶν,

2241 5549 2492 5640 ἐπιφέρει
2534 5567 2608 5620 τά
2664 5562 3106 5638 παραδείγματα.
3151 5558 3209 5612 '0
3259 5557 3368 5628 γὰρ
3398 5554 3530 5617 Θεὸς
3563 5549 3812 5620 ἀγγέλων

2241 5660 2677 5732 ἁμαρτησάντων
2726 5657 2826 5712 οὑκ
2848 5654 3125 5726 ἐφείσατο,
3155 5649 3276 5706 οὑδὲ
3314 5645 3545 5720 ἀρχαίου
3577 5643 3804 5713 κόσμου.
