3986 6558
249 426 357 490 59'!

1241 426 1622 488 COMMENT.
1667 428 1747 489 IN
1787 426 2023 494 EPIST.
2062 434 2121 493 ΙΙ
2165 434 2224 494 S.
2268 431 2524 495 PETRI.

3404 433 3531 500 593l

246 536 376 591 οὒδδ
431 534 619 599 πόλεις
663 534 914 605 Σοδόμων
957 533 1221 607 ἐξέφυγον
1253 535 1346 590 τὸν
1395 533 1636 608 ὄλεθρον,
1701 536 1833 590 ἀλλὰ

1937 538 2036 594 dos
2058 554 2182 596 esse
2209 540 2374 597 falsos
2412 548 2779 612 praeceptores
2828 550 3051 612 propter
3086 555 3215 597 suas
3263 543 3494 614 biasplte'

247 625 774 696 κατατεφρωθεῖσαι
825 627 905 687 είς
961 624 1341 698 σωφρονισμὸν
1389 627 1704 681 ὑπόκεινται
1727 626 1835 681 τῶν

245 710 624 766 ἀσεϐούντων.
656 714 768 767 Καὶ
799 712 985 778 πάλιν,
1010 714 1137 777 τοὺς
1173 712 1524 784 δικαιοσύνην
1561 715 1837 786 ἀσκήσαν-

241 822 350 868 τας
377 806 557 877 τιμᾷν
584 802 695 860 οἶδε
716 805 870 870 Θεὸς,
900 804 977 870 ὡς
1014 805 1104 860 τὸν
1129 805 1275 872 Νῶε,
1310 806 1387 871 ῶς
1417 806 1508 861 τὸν
1548 806 1693 862 Λώτ.
1727 809 1838 861 Καὶ

242 895 338 953 διὰ
382 899 557 953 ποίαν
593 898 941 968 δικαιοσύνην
980 898 1238 964 ἑκάστου,
1267 900 1575 972 ἐξηγεῖται·
1618 901 1702 954 ὅτι
1742 900 1837 953 καὶ

240 989 339 1042 τὸν
370 987 504 1042 Νῶε
528 989 627 1043 καὶ
649 988 743 1043 τὸν
769 988 894 1044 Λὼτ
931 991 1027 1044 διὰ.
1046 990 1402 1063 σωφροσύνην
1438 991 1703 1063 ἰφύλαξεν
1728 995 1837 1049 ἀπὸ

243 1080 343 1134 τοῦ
367 1080 607 1152 ὀλέθρου
635 1081 747 1136 τῶν
774 1083 896 1137 κατ’
921 1081 1120 1147 αὐτοὺς
1158 1082 1481 1156 ἀνθρώπιον.
1514 1084 1585 1138 ’Ὀ
1621 1101 1681 1137 τε
1725 1086 1838 1155 γὰρ

242 1174 372 1229 Νῶε
396 1176 506 1229 οὐκ
531 1175 754 1247 ἀπήχθη
774 1177 839 1248 τῇ
873 1176 1097 1248 ἀσεϐείᾳ
1126 1176 1237 1230 τῶν
1266 1177 1404 1246 πρὸς
1434 1176 1528 1230 τοῦ
1557 1178 1834 1233 κατακλυ-

243 1281 416 1337 σμου⁶
445 1269 479 1322 ὅ
516 1282 578 1320 τε
611 1265 731 1321 Λὼτ
754 1267 908 1321 οὐδὲν
937 1266 1188 1338 ζηλώσας
1236 1268 1336 1337 τῆς
1389 1267 1677 1338 ἀσελγείας
1724 1267 1836 1322 τῶν

239 1359 303 1410 ὲν
338 1356 632 1427 Σοδόμοις.
686 1355 830 1410 Ἀλλ’
850 1355 1064 1428 ἡμέραν
1097 1356 1157 1422 ἑξ
1210 1359 1424 1430 ἡμέρας
1454 1352 1568 1414 οἷον
1613 1358 1835 1414 κεντού-

244 1451 511 1520 μενοςτῇ
546 1448 732 1517 ὁράσει
763 1448 870 1502 τῶν
907 1447 1307 1518 ἀσελγούντων,
1339 1449 1436 1503 καὶ
1469 1451 1559 1504 ἐπ’
1595 1451 1738 1505 αὒτά
1763 1450 1835 1505 τά

239 1540 460 1611 ἀσελγῆ
506 1540 1017 1611 παρακαλούμενος,
1047 1536 1201 1595 οὐδὲν
1239 1542 1485 1596 ὑπεῖκεν.
1516 1538 1688 1597 Τοῦτο
1722 1544 1832 1613 γάρ

240 1635 388 1691 ἐστι,
425 1650 445 1682 ι
469 1631 762 1703 Βλέμματι
786 1633 879 1686 καὶ
903 1634 1063 1703 ἀκοῇ.
1086 1653 1105 1685 ι
1129 1633 1439 1690 ὀτιπολλά
1462 1629 1578 1707 εἶχε
1600 1635 1672 1688 τὰ
1696 1635 1833 1707 πρὸς

236 1724 550 1793 ἀσέλγειαν
602 1725 765 1778 αὑτὸν
808 1723 1201 1796 ἐκκαλούμενα,
1227 1725 1441 1797 ὅρασιν,
1498 1726 1687 1796 ἀκοὴν,
1730 1725 1832 1792 τὴν

240 1818 388 1871 κατὰ
416 1818 536 1871 τῶν
569 1817 825 1889 πονηρῶν
880 1819 1346 1892 συναναστροφὴν,
1380 1818 1496 1872 ἀλλ’
1546 1819 1669 1873 οὐδὲ
1698 1817 1832 1882 τοὺς

1937 629 2093 694 mias,
2123 640 2180 687 et
2206 642 2431 703 propter
2454 632 2712 689 lascivum
2747 632 2912 688 vitam
2942 646 3118 698 suam,
3142 634 3530 707 subiungiter

1937 719 2204 789 exempla.
2246 718 2388 777 Dens
2417 721 2561 778 enim
2616 721 2822 794 angelis
2850 721 2941 792 qui
2987 732 3372 793 peccaverant"
3400 739 3527 779 non.

1934 811 2201 880 pepercit,
2233 826 2417 884 neque
2442 813 2628 885 prisco
2649 814 2873 881 mundo,
2919 830 3095 885 neque
3145 814 3511 872 Sodomorum

1935 901 2286 960 etGomorr-at
2320 903 2568 962 civitates
2611 906 2923 977 eimgerunt
2969 906 3272 970 interitum,
3323 907 3417 962 sed
3452 906 3535 960 in-

1934 990 2150 1048 cineres
2179 992 2722 1067 redactm'subjacent
2755 997 2823 1054 ad
2860 996 3153 1068 impiorum
3198 995 3513 1067 castigatio-

1927 1095 2082 1155 nem.
2148 1082 2390 1140 Rursum
2442 1085 2709 1157 justitiam
2764 1095 3088 1144 exercentes
3145 1086 3299 1143 novit
3364 1086 3531 1142 Deus-

1933 1170 2223 1244 bonorare,
2251 1178 2713 1247 quemadmodum
2736 1178 2872 1245 Noe,
2894 1180 3351 1252 quemadmodum
3371 1176 3505 1232 Lat:

1934 1272 1991 1319 et
2022 1264 2096 1320 ob
2117 1280 2283 1336 quam
2331 1269 2598 1342 cujusque
2633 1270 2918 1342 justitiam,
2970 1280 3223 1329 enarrat:
3276 1270 3421 1342 quod
3452 1264 3510 1325 et

1932 1356 2050 1416 Noe
2091 1368 2150 1416 et
2189 1359 2292 1418 Lot
2341 1371 2564 1434 propter
2606 1365 3026 1436 temperantiam
3075 1380 3141 1420 ac
3189 1364 3505 1435 pudicitiam
3564 1373 3569 1378 '

1933 1453 2235 1508 servaverit
2273 1454 2342 1510 ab
2361 1455 2527 1512 exitio
2555 1456 2841 1514 hominum
2866 1457 2959 1529 qui
2989 1465 3233 1528 tempore
3261 1458 3515 1527 ipsorum.

1931 1546 2210 1602 vivebant.
2262 1546 2378 1604 Noe
2436 1548 2583 1605 enim
2638 1560 2763 1607 non
2839 1549 2945 1606 fuit
2995 1551 3263 1606 abductus
3313 1562 3503 1604 eorum

1932 1633 2214 1704 impietate
2240 1634 2336 1705 qui
2364 1634 2589 1692 fuerunt
2612 1644 2740 1694 ante
2770 1637 3059 1694 diluvium.
3090 1638 3424 1707 Lotquoque
3446 1636 3515 1690 in

1930 1723 2084 1778 nullo
2110 1724 2399 1781 aemulatus
2424 1733 2509 1782 est
2531 1726 2782 1783 lascivias
2809 1741 2997 1783 eorum
3045 1727 3137 1798 qui
3189 1725 3507 1781 habitabant

1930 1812 2202 1882 Sodomis,
2253 1817 2352 1874 sed
2404 1817 2574 1874 veluti
2622 1818 2935 1874 stimulatus
2986 1818 3229 1889 quotidie
3280 1824 3504 1887 aspectu

239 1909 686 1973 ἐπιξενωθέντας
714 1908 862 1980 αύτῷ
905 1910 1173 1979 ἀγγέλους
1229 1912 1286 1964 ὲν
1345 1912 1586 1981 σχήματι
1613 1910 1824 1983 ἀνθρώ-

1934 1920 2116 1961 eorum
2137 1907 2232 1978 qui
2263 1908 2535 1980 impudice
2563 1910 2813 1985 agebant,
2837 1920 2895 1967 et
2918 1911 2985 1967 ad
3015 1911 3201 1966 eadem
3233 1907 3506 1979 impudica
3543 1910 3546 1912 ⁷

240 2017 387 2067 πων,
417 2001 535 2062 τοῖς
565 1998 634 2054 δι’
674 1999 964 2069 ἀσέλγειαν
986 2001 1185 2060 αὐτοὺς
1235 2000 1506 2067 ἓξαιτοῦσι
1555 2001 1822 2073 παρέσχε,

241 2091 429 2144 καίτοι
477 2090 651 2164 μυρία
682 2091 791 2146 ὑπὸ
822 2091 1026 2147 τούτων
1061 2091 1173 2146 τῶν
1203 2091 1555 2158 ἔξαιτούντων
1585 2096 1825 2165 ἐπηρεα-

242 2184 602 2249 σθείς.Τοῦτο
614 2184 725 2257 γὰρ
735 2183 949 2251 διὰτοῦ,
970 2204 987 2237 ι
999 2184 1318 2239 Καταπονού
1326 2201 1507 2257 μενον,
1521 2204 1540 2237 ι
1558 2185 1822 2255 ὑπέφηνε.

242 2275 356 2327 Καὶ
414 2274 631 2338 τούτοις
674 2273 862 2347 ῶσπερ
917 2274 1248 2347 ἐπιφώνημα
1305 2275 1576 2347 ἐπιφέρει·
1633 2293 1653 2328 ι
1703 2271 1826 2330 Οἵδε

244 2349 460 2434 Κύριος
490 2364 758 2429 εὐσεϐεῖς,
795 2384 816 2417 ›
836 2345 947 2420 ⁷κσῖι
980 2364 1129 2436 ἑξῆς.
1156 2345 1329 2419 οὐδὲν
1357 2345 1414 2417 δὲ
1446 2345 1576 2437 περὶ
1602 2364 1827 2419 δικαίων

243 2455 559 2528 προειπὼν,
592 2457 639 2509 εί
671 2454 746 2527 μὴ
776 2456 907 2527 περὶ
946 2456 1109 2527 μόνον
1137 2456 1347 2510 ἀσεϐῶν
1381 2456 1474 2510 καὶ
1502 2457 1599 2527 τῆς
1623 2458 1828 2510 τούτων

244 2548 528 2619 τιμωρίας
579 2547 919 2616 παρενέϐαλε
957 2548 1050 2601 καὶ
1105 2547 1175 2601 τὰ
1214 2547 1324 2601 τῶν
1375 2545 1600 2602 δικαίων
1648 2564 1828 2618 παραυ·

243 2639 549 2710 δείγματα.
599 2639 821 2712 Πρῶτον
852 2640 950 2711 μὲν
976 2639 1065 2694 διὰ
1088 2641 1148 2694 τὸ
1176 2641 1270 2695 καὶ
1301 2640 1400 2711 τὴν
1435 2640 1676 2711 ἱστορίαν
1711 2639 1829 2708 ἅμα

248 2730 572 2801 μεμνῆσθαι
610 2731 704 2784 καὶ
737 2729 838 2801 τῆς
872 2729 983 2785 τῶν
1027 2729 1242 2784 ἀσεϐῶν
1268 2730 1566 2796 ἀπωλείας,
1598 2729 1695 2783 καὶ
1728 2730 1826 2799 τῆς

245 2823 359 2875 τῶν
401 2821 633 2877 δικαίων
676 2823 974 2894 σωτηρίας·
1019 2822 1211 2877 ἔπειτα
1254 2822 1312 2876 δὲ
1355 2820 1453 2877 καὶ
1491 2823 1555 2875 ὲκ
1585 2820 1828 2892 παραθέσ-

248 2931 395 2979 σεως
442 2914 675 2982 τούτων,
721 2932 833 2969 των
886 2917 987 2986 μὲν
1006 2917 1442 2989 ἁμαρτησάντων
1488 2914 1720 2986 ἐξαίρων
1767 2913 1830 2968 τὸ

248 3010 446 3074 κακὸν,
498 3008 610 3064 τῶν
661 3010 719 3064 δὲ
763 3010 1225 3080 κατορθωσάντων
1252 3006 1589 3081 λαμπρύνων
1626 3008 1688 3062 τὸ
1728 3024 1830 3061 καο

247 3100 551 3171 τορθωθέν.
608 3102 729 3155 Ἔτι
781 3102 839 3156 δὲ
868 3103 1120 3167 καὶτοὺς
1161 3100 1439 3172 ἀκροατὰς
1461 3099 1687 3166 πείθων,
1720 3096 1830 3152 τῶν

1928 2003 2279 2063 provocatus,
2329 1997 2385 2051 in
2435 1998 2586 2053 nullo
2624 2000 2926 2055 obsecutus
2969 2007 3076 2053 est.
3115 1996 3250 2052 Nam
3315 1997 3366 2050 id
3397 1994 3505 2050 sibi

1884 2118 1885 2121 η
1927 2085 2064 2150 νυΙι,
2105 2104 2121 2138 ι
2148 2084 2334 2143 Oculis
2353 2097 2408 2144 et
2426 2090 2669 2155 auribus,
2694 2108 2714 2143 ι
2738 2091 2883 2161 quod
2904 2090 3073 2145 multa
3109 2088 3357 2144 habuerit
3384 2102 3511 2157 quae

1928 2176 2107 2247 ipsum
2170 2179 2240 2234 ad
2283 2179 2678 2251 impudicitiam
2744 2189 3146 2254 provocarent,
3196 2191 3502 2252 aspectum,

1926 2269 2194 2340 auditum,
2223 2275 2693 2330 conversationem
2725 2275 2868 2331 inter
2915 2291 3150 2347 pravos:
3200 2274 3297 2330 sed
3327 2288 3509 2342 neque

1926 2371 2187 2434 exceptos
2209 2364 2279 2421 ab
2303 2364 2423 2436 ipso
2452 2367 2679 2438 angelos
2708 2366 2947 2437 hospitio
2975 2369 3029 2423 in
3090 2365 3276 2422 habitu
3325 2364 3506 2421 homi-

1926 2469 2081 2519 num,
2112 2455 2192 2511 eis
2218 2457 2311 2527 qui
2335 2466 2559 2528 propter
2579 2458 2976 2528 impudicitiam
3000 2458 3123 2514 illos
3151 2456 3507 2527 expetebant,

1930 2547 2172 2613 tradidit,
2202 2563 2517 2621 quanquam
2549 2551 2730 2607 modis
2760 2551 3066 2606 innumeris
3103 2550 3211 2605 vim
3260 2549 3329 2603 ab
3371 2545 3509 2617 ipsis

1928 2653 2144 2709 passus.
2183 2640 2297 2696 Hoc
2323 2640 2470 2696 enim
2505 2642 2811 2714 designavit
2840 2643 3033 2698 dicens
3068 2641 3213 2712 quod
3238 2639 3505 2709 opprime-

1929 2733 2104 2787 batur.
2173 2732 2237 2787 Et
2305 2732 2394 2789 his
2450 2741 2708 2804 tanquam
2758 2734 3125 2806 epiphonema
3186 2731 3501 2801 subiungit:

1936 2842 1955 2874 ι
1993 2820 2157 2878 Novit
2194 2823 2456 2880 Dominus
2490 2825 2625 2895 pios,
2664 2845 2682 2880 ι
2708 2837 2815 2883 etc.
2852 2827 3014 2900 552
3044 2826 3179 2881 Cum
3216 2833 3400 2879 autem
3436 2822 3507 2876 de

1925 2913 2093 2984 justis
2117 2915 2251 2970 nihil
2297 2916 2660 2986 prmdixisset,
2693 2919 2788 2974 scd
2817 2920 2885 2975 de
2910 2918 3043 2974 solis
3064 2916 3246 2987 impiis
3285 2929 3507 2970 eorum-

1929 3019 2036 3074 que
2063 3006 2349 3075 supplicio,
2388 3005 2755 3064 intermiscuit
2777 3012 2879 3066 hoc
2898 3010 3016 3066 loco
3045 3007 3209 3062 etiam
3230 3006 3499 3075 iustorum

1930 3095 2218 3166 exempla:
2251 3096 2488 3167 primum
2511 3097 2736 3168 quidem
2773 3113 2840 3155 eo
2863 3099 3009 3170 quod
3057 3097 3221 3152 etiam
3273 3092 3500 3149 historia

252 3193 357 3262 μὲν
428 3193 658 3263 μισῆσαι
705 3194 795 3247 διὰ
840 3193 941 3258 τὰς
994 3192 1267 3265 τιμωρίας
1319 3192 1383 3245 τὸ
1434 3190 1680 3258 ἀσελγὲς,
1718 3188 1829 3243 τῶν

1934 3186 2097 3241 simul
2147 3188 2484 3245 mentionem
2542 3190 2710 3245 faciat
2763 3200 2820 3246 ct
2888 3189 3038 3245 exitii
3100 3188 3390 3254 impiorum
3445 3191 3511 3238 et

246 3286 305 3339 δὲ
334 3284 751 3340 ἐπισπάσασθαι
787 3285 874 3339 διὰ
906 3286 1007 3356 τὴν
1059 3284 1333 3358 σωτηρίαν
1370 3284 1433 3339 τὸ
1467 3283 1822 3356 κατόρθωμα.

251 3377 424 3431 Ὅθεν
451 3380 548 3432 καὶ
580 3381 639 3432 ὲν
665 3378 741 3447 τῷ
775 3380 1159 3449 ὲπιφωνὴματι
1196 3379 1524 3450 ἀμφοτέρων
1557 3377 1829 3449 μέμνηται

252 3473 351 3525 καὶ
374 3472 487 3526 τῶν
515 3471 729 3526 ἀσεϐῶν
766 3474 860 3525 καὶ
884 3473 994 3527 τῶν
1017 3472 1278 3539 εὐσεϐῶν,
1304 3471 1401 3525 καὶ
1423 3471 1523 3541 τῆς
1558 3469 1830 3540 τιμωρίας

253 3566 350 3618 καὶ
383 3564 486 3634 τῆς
534 3564 828 3635 σωτηρίας.
864 3564 929 3619 Τί
985 3565 1042 3619 δὲ
1101 3563 1421 3635 βουλόμενος
1466 3561 1716 3615 ἐντεῦθεν
1747 3559 1830 3626 δὲ,

254 3657 482 3729 είρηται
551 3658 674 3729 ἤδηι
737 3658 821 3712 ὅτι
893 3658 1005 3712 τῶν
1064 3658 1162 3726 μὲν
1222 3654 1577 3728 βδελύξασθαι
1633 3653 1832 3718 αὐτοὺς

256 3750 584 3823 βουλόμενος
609 3750 709 3821 τὴν
738 3751 956 3814 κακίαν,
986 3751 1096 3803 τῶν
1120 3749 1178 3804 δὲ
1205 3747 1450 3820 ζηλῶσαι
1473 3746 1572 3817 τὴν
1603 3746 1827 3817 ἀρετήν.

260 3856 279 3888 ι
315 3837 605 3909 Βὶέμματι
632 3839 744 3911 γάρ
773 3840 866 3892 καὶ
886 3839 1023 3911 ἀκοῇ
1048 3840 1079 3893 ὁ
1110 3836 1339 3901 δίκαιος.
1381 3856 1400 3890 ι
1431 3836 1610 3891 Πολλά
1640 3838 1829 3907 φησὶν,

254 3930 401 3999 έχων
429 3932 503 3984 τὰ
530 3930 665 4003 πρὸς
702 3930 992 4001 ἀσέλγειαν
1044 3931 1335 3986 ἑκκαίοντα
1379 3932 1472 3985 καὶ
1503 3929 1831 4001 ὲκμαίνοντα

256 4023 354 4077 καὶ
403 4023 848 4095 παρακαλοῦντα,
886 4025 1101 4095 ὅρασιν,
1157 4022 1349 4094 ἀκοὴν,
1399 4021 1499 4093 τὴν
1539 4018 1677 4092 μετά
1720 4017 1830 4072 τῶν

259 4116 518 4184 πονηρῶν
573 4116 1039 4187 συναναστροφὴν,
1094 4115 1270 4171 οὐδενὶ
1310 4114 1516 4169 τούτων
1571 4110 1833 4182 ἐπίφορος

257 4205 396 4273 πρὸς
429 4206 591 4276 ζῆλον
617 4207 800 4271 αὐτοῖς
826 4207 1071 4277 γέγονεν.

1932 3278 2120 3333 salutis
2169 3279 2480 3349 iustorum;
2534 3282 2732 3338 deinde
2791 3296 2921 3337 vero
2972 3294 3038 3336 ex
3092 3280 3288 3334 horum
3338 3274 3500 3331 etiam

1931 3371 2338 3441 comparatione
2361 3372 2625 3428 malitiam
2658 3381 2823 3443 auget
2877 3384 3064 3426 eorum
3108 3370 3198 3440 qui
3244 3380 3511 3439 peccave-

1928 3476 2074 3529 runt,
2106 3474 2162 3521 et
2187 3465 2394 3521 clarum
2423 3466 2600 3522 reddit
2623 3467 2826 3521 bonum
2846 3480 2984 3536 opus
3015 3477 3205 3519 eorum
3234 3458 3325 3531 qui
3362 3473 3501 3528 prae-

1927 3556 2071 3611 clare
2091 3572 2149 3612 se
2172 3568 2481 3629 gesserunt.
2500 3558 2769 3615 Praeterea
2791 3571 3007 3630 quoque
3025 3553 3365 3610 auditoribus
3376 3565 3508 3621 pero-
3603 3567 3606 3570 '

1928 3655 2140 3717 suadet.
2159 3656 2448 3712 utiliorum
2464 3657 2684 3727 quidem
2707 3654 2926 3711 oderint
2953 3650 3348 3724 impudicitiam
3374 3660 3501 3717 pro-

1928 3753 2050 3815 pter
2072 3746 2358 3817 supplicia,
2385 3747 2579 3803 horum
2607 3763 2738 3804 vero
2753 3745 3073 3816 praeclarum
3089 3752 3227 3815 Opus
3244 3740 3343 3796 sibi
3369 3739 3516 3793 asci-

1927 3847 2084 3894 scant
2112 3851 2335 3912 propter
2365 3845 2618 3900 salutem.
2645 3844 2803 3901 Unde
2826 3841 3057 3899 etiamin
3082 3838 3505 3908 epiphonemztc

1929 3941 2287 4004 utrorumque
2305 3935 2555 3992 meminit
2576 3946 2630 3993 et
2654 3941 2869 4008 piorum
2892 3945 2946 3991 et
2971 3932 3284 4004 impiorum,
3322 3936 3377 3983 et
3419 3942 3513 3983 sa-

1932 4021 2058 4076 Iutis
2068 4029 2125 4077 et
2138 4025 2410 4095 supplicii.
2427 4027 2595 4083 Porro
2609 4028 2740 4098 quid
2764 4027 2893 4081 hinc
2919 4023 3020 4081 sibi
3038 4022 3282 4098 velitjam
3296 4019 3509 4074 dictum

1934 4121 2037 4179 est,
2056 4128 2253 4186 nempe
2268 4118 2414 4187 quod
2430 4119 2614 4187 cupiat
2634 4097 2697 4174 ut
2722 4118 2936 4174 illorum
2949 4097 3509 4188 quidem'abominen-

1938 4212 2028 4259 tur
2050 4207 2331 4275 malitiam,
2387 4211 2582 4266 horum
2634 4220 2819 4267 autem
2867 4210 3195 4267 aemulentur
3250 4205 3502 4263 salutem.

263 4313 282 4345 ι
308 4296 356 4349 is
373 4297 521 4352 enim
541 4297 712 4354 oculis
732 4306 788 4353 et
806 4299 1033 4356 auribus
1054 4300 1255 4372 justus.
1280 4317 1300 4352 ι
1318 4297 1457 4355 Cum
1472 4295 1640 4352 multa
1661 4294 1889 4350 haberet
1907 4309 2029 4365 quze
2047 4297 2113 4351 ad
2127 4298 2516 4370 impudicitiam
2539 4303 3005 4359 inﬂammarentet
3018 4292 3428 4358 exstimularefrt
3445 4314 3523 4357 ac
3582 4311 3585 4315 '

258 4395 575 4460 invitarent,
596 4394 1487 4461 oculos,aures,conversationem
1508 4392 1651 4447 inter
1675 4389 1870 4454 malos,
1893 4390 2064 4453 nullo,
2083 4392 2280 4464 inquit,
2309 4398 2565 4455 inductus
2595 4409 2678 4456 est
2708 4399 2775 4455 ad
2806 4400 3049 4472 ipsorum
3079 4399 3503 4456 aemulationem.

332 4488 469 4547 Οίδε
520 4493 734 4560 Κύριος
764 4491 1033 4559 εὐσεϐεῖς
1067 4493 1136 4547 ἐκ
1175 4489 1525 4562 ,πειρασμοῦ
1548 4489 1825 4556 ῥύεσθαι,
1864 4508 1887 4543 ·.

2008 4486 2073 4552 ll,
2112 4490 2435 4549 7-13.1Vouit
2473 4494 2728 4553 Dominus
2757 4498 2871 4569 pios
2907 4513 2935 4552 e
2972 4498 3256 4552 lentatione
3286 4495 3505 4565 eripere,

259 4582 509 4650 ἀδίκους
558 4582 627 4637 δὲ
682 4585 771 4650 είς
816 4584 1048 4654 ἡμέραν
1091 4583 1340 4655 κρίσεως
1395 4581 1832 4652 κολαζομένους

1937 4581 2161 4651 injustas
2197 4596 2375 4643 autem
2426 4590 2481 4644 in
2512 4590 2650 4645 diem
2706 4591 2900 4662 judicii
2924 4592 3209 4663 puniendos
3266 4607 3509 4652 servare:

261 4676 483 4745 τηρεῖν,
508 4677 777 4746 μάλιστα
821 4676 890 4731 δὲ
922 4677 1063 4745 τοὺς
1121 4677 1314 4732 ὀπίσω
1357 4675 1584 4746 σαρκὸς
1607 4676 1680 4730 ἐν
1706 4674 1831 4727 ἐπι.

259 4770 440 4837 θυμία
486 4769 757 4840 μιασμοῦ
818 4767 1282 4841 πορευομένους,
1341 4769 1441 4823 καὶ
1485 4768 1833 4853 κυριότητος

263 4859 810 4930 καταφρονοῦντας.
849 4861 1165 4933 Tolumni,
1195 4859 1500 4928 αὐθάδεις,
1533 4859 1718 4926 δόξας
1759 4859 1832 4914 οὐ

262 4949 547 5020 τρέμουσι
585 4934 1123 5022 ,Βλασὲρημοῦντεα
1172 4952 1328 5007 ὅπου
1374 4952 1616 5023 ἄγγελοι
1665 4950 1840 5019 ίσχύτ

263 5039 359 5093 καὶ
398 5039 653 5112 δυνάμει
679 5041 948 5112 μείζονες
976 5042 1169 5110 ὄντες,
1191 5043 1265 5099 οὐ
1281 5041 1535 5113 φέρουσι
1565 5040 1694 5096 κατ’
1727 5041 1837 5095 αὺ-

263 5131 380 5187 τῶν
407 5136 570 5204 παρὰ
590 5136 783 5202 Κυρίῳ
800 5133 1175 5207 βλάσφημον
1201 5136 1420 5206 κρίσιν.
1471 5130 1647 5192 Οὗτοι
1668 5132 1737 5188 δὲ
1757 5134 1837 5200 ὡς

265 5223 456 5298 ἄλογα
468 5224 581 5288 ζῶα
598 5227 831 5297 φυσικὰ
848 5228 1213 5299 γεγενημένα
1228 5231 1315 5295 εις
1332 5227 1566 5284 ἅλωσιν
1584 5233 1682 5282 καὶ
1697 5229 1840 5297 φθο-

266 5316 398 5384 ρὰν,
413 5317 487 5372 ἐν
506 5311 597 5384 οἷς
614 5317 906 5389 ἀγνοοῦσι
921 5320 1440 5391 βλασφημοῦντες
1464 5320 1535 5373 ἐν
1550 5317 1627 5387 τῇ
1646 5316 1839 5387 φθορᾷ

266 5412 466 5468 αὐτῶν
530 5413 1119 5483 καταφθαρήσονται,
1180 5416 1564 5485 κομιούμενοι
1614 5414 1839 5486 μισθὸν

266 5505 523 5573 ἀδικίας,
550 5507 785 5577 ἡδονὴν
800 5509 1120 5580 ἡγούμενοι
1144 5508 1260 5578 τὴν
1281 5510 1351 5564 ἐν
1367 5509 1559 5580 ἡμέρᾳ
1579 5509 1833 5579 τρυφήν.

341 5618 359 5652 ι
392 5601 650 5655 Μάλιστα
702 5601 759 5657 δὲ
812 5603 940 5666 τοὺς
1003 5602 1178 5657 ὀπίσω
1223 5602 1444 5676 σαρκός.
1476 5623 1495 5656 ι
1559 5602 1840 5657 Ἐντεῦθεν

269 5692 485 5762 εὐφυῶς
533 5692 642 5746 ἀπὸ
680 5692 789 5748 τῶν
823 5693 1235 5766 ὑποδειγμάτων
1265 5695 1373 5749 τῶν
1404 5695 1838 5767 προειρημένων,

272 5786 349 5848 εἰς
377 5783 480 5856 τὴν
507 5784 793 5854 παροῦσαν
842 5781 1005 5857 ἦλθεν
1054 5787 1331 5851 ὑπόθεσιν.
1396 5789 1557 5856 Λέγει
1603 5788 1660 5840 δὲ
1713 5787 1840 5857 περὶ

270 5874 377 5928 τῶν
425 5876 753 5946 καταράτων
813 5876 1184 5947 Νικολαϊτῶν,
1234 5879 1349 5949 ἢτοι
1407 5879 1749 5946 Γνωστικῶν,
1806 5879 1843 5950 ἢ

1937 4678 2169 4733 maxime
2202 4696 2322 4735 vero
2358 4680 2476 4736 illos
2526 4683 2617 4755 qui
2653 4698 2866 4736 carnem
2904 4693 3172 4754 sequentes
3210 4684 3265 4736 in
3319 4699 3511 4743 concu-

1935 4773 2187 4841 piscentia
2262 4774 2566 4845 pollutionis
2637 4775 2911 4830 ambulant
2966 4793 3030 4830 ac
3096 4776 3507 4832 dominationem

1935 4874 2307 4922 contemnunt:
2337 4867 2584 4931 audaces,
2615 4868 2906 4940 prwfracti,
2951 4870 3041 4939 qui
3068 4867 3366 4938 splendores
3409 4885 3517 4924 non

1936 4967 2178 5013 verentur
2195 4959 2433 5014 conciliis
2453 4959 2738 5014 incessere:
2761 4959 3069 5029 cumfangeli
3087 4960 3176 5032 qui
3193 4971 3313 5014 sunt
3329 4970 3523 5031 palen»

1937 5052 2010 5104 tia
2023 5066 2088 5105 ac
2108 5032 2307 5106 uirtute
2347 5051 2714 5121 majores,non
2726 5052 2899 5123 [erant
2921 5053 3169 5107 adversus
3205 5053 3340 5121 ipsos
3369 5054 3511 5122 apud

1940 5143 2221 5199 Dominum
2239 5142 2548 5198 maledicum
2560 5144 2844 5213 judicium.
2868 5144 2931 5198 At
2955 5144 3042 5199 isti
3062 5143 3220 5199 veluti
3241 5145 3395 5197 bruta
3430 5145 3508 5197 ir-

1939 5234 2228 5289 rationalia
2261 5244 2453 5289 natura
2491 5234 2667 5306 genita
2686 5234 2740 5287 in
2765 5244 3042 5306 capturum
3062 5243 3109 5288 et
3139 5235 3193 5288 in
3218 5233 3512 5302 corruptio-

1940 5342 2077 5394 nem,
2095 5327 2150 5380 in
2176 5326 2255 5381 his
2269 5341 2496 5398 quianon
2516 5326 2813 5398 intelligunt
2847 5326 3281 5396 blasphemantes,
3304 5325 3359 5378 in
3393 5338 3511 5393 per-

1940 5419 2242 5473 ditionesua
2260 5418 2522 5489 peribunt,
2546 5426 2869 5488 reportantes
2899 5417 3184 5473 mercedem
3207 5413 3513 5481 iniustitiae;

1940 5526 2036 5579 pro
2057 5510 2319 5580 voluptate
2345 5512 2589 5566 ducentes
2609 5511 2655 5566 si
2687 5511 2742 5567 in
2771 5509 3397 5579 diemdeliciisfruantur.

2017 5622 2034 5653 ι
2066 5601 2297 5658 Maxime
2357 5617 2488 5658 vero
2542 5602 2663 5658 illos
2715 5601 2810 5672 qui
2864 5614 3083 5655 carnem
3138 5606 3449 5668 sequentes.
3485 5617 3517 5649 ι-

1943 5693 2082 5750 llinc
2116 5695 2252 5752 scite
2278 5696 2571 5751 admodum
2597 5711 2627 5750 a
2659 5692 2931 5765 praedictis
2968 5690 3228 5760 exemplis
3272 5689 3422 5745 venit
3447 5690 3512 5765 ad

1944 5803 2181 5858 praesens
2229 5796 2635 5859 argumentum.
2672 5786 2810 5841 Dicit
2869 5792 3049 5839 autem
3096 5782 3163 5838 de
3214 5781 3520 5839 maledictis

1942 5877 2223 5935 Nicolaitis
2255 5880 2368 5935 sive
2402 5874 2672 5935 Gnosticis
2699 5882 2792 5931 aut
2817 5870 3077 5930 Naasenis
3106 5872 3188 5930 vel
3224 5872 3505 5930 Ccrdonia.
