3832 6572
986 296 1013 310 “

437 388 546 451 599

1495 392 1893 453 (ECUMENII
1922 391 2215 452 TRICCAS
2244 396 2584 458 EPISCOPI‘

3576 391 3679 456 ὕθθ

437 505 559 561 nis:
596 506 737 559 varia
759 505 902 560 enim
927 506 1145 560 nomina
1175 504 1364 561 sortita
1395 515 1481 560 est
1500 520 1693 561 eorum
1720 506 1996 576 iniquitas;

2116 511 2429 582 Ναασηνῶν,
2473 511 2507 582 ἦ
2540 511 2934 582 Κερδονιανῶν.
2974 508 3335 578 Πολυώνυμος
3363 506 3472 576 γὰρ
3502 506 3672 560 αὐτῶν

438 607 495 653 et
521 598 978 668 quemadmodum
1005 597 1282 653 sceleratis
1301 596 1481 662 factis,
1507 596 1581 651 ita
1609 606 1666 652 et
1692 598 2007 652 nominibus

439 693 665 747 confusa
687 708 807 747 esse
833 690 1283 761 deprehenditur.
1302 688 1436 744 Nam
1471 689 1551 754 hi,
1579 689 1720 753 sicut
1747 690 2003 750 diximus.

438 793 690 853 suscepta
725 782 888 855 543
912 782 1280 852 profunditate
1302 797 1365 837 ac
1392 782 1630 847 silentio,
1661 783 1837 852 prima
1872 784 2000 838 sub-

437 876 700 932 sistentia:
726 876 911 929 mundi
938 889 1102 944 opera
1133 886 1188 928 et
1211 875 1475 943 quasdam
1501 884 1704 930 matres
1721 890 1784 931 ac
1809 877 2007 931 saecula

436 968 745 1039 prodigiose
779 975 1086 1027 narrantes,
1142 965 1603 1035 quemadmodum
1655 975 1712 1020 et
1770 965 2025 1021 Marcion.

435 1062 531 1129 qui
565 1075 735 1130 prava
758 1059 990 1127 sumpsit
1015 1058 1084 1114 ab
1122 1058 1209 1112 his
1237 1059 1484 1115 semina:
1525 1059 1723 1115 deinde
1759 1074 1855 1128 per
1887 1060 2010 1118 haec

437 1154 654 1222 repulsa
700 1151 1074 1209 dominatione
1134 1151 1497 1207 institutionis
1547 1167 1611 1208 ac
1648 1150 2009 1223 inspectionis

434 1243 553 1298 sive
603 1243 1014 1313 gubernationis
1062 1241 1276 1306 mundi,
1332 1241 1399 1296 ad
1453 1256 1671 1305 omnem
1727 1243 2007 1298 carnalem

436 1337 833 1407 impudicitiam
866 1337 1133 1406 intrepide
1160 1347 1550 1415 pervenerunt.
1574 1374 1575 1377 η

505 1428 660 1494 Quod
690 1429 735 1485 si
760 1428 1028 1498 quispiam
1066 1428 1134 1483 de
1159 1424 1244 1484 his
1273 1430 1482 1486 discere
1509 1431 1657 1495 velit,
1712 1438 1931 1498 sntnpto
1954 1430 2010 1481 in

433 1536 633 1576 manus
662 1521 800 1576 libro
832 1536 864 1575 a
889 1521 1044 1577 beato
1074 1522 1193 1575 viro
1225 1520 1428 1577 lrenmo
1461 1521 1612 1578 Gallo
1645 1521 1691 1554 “
1710 1519 2011 1589 composito

434 1629 599 1683 quem
630 1614 888 1669 Adversus
944 1613 1080 1680 falso
1119 1615 1318 1668 dicttﬁn
1353 1615 1664 1684 sapientiam
1705 1611 2008 1682 inscripsit,

434 1706 686 1761 inveniet
724 1706 921 1762 horum
967 1706 1360 1772 immunditias,
1392 1706 1736 1776 potissimum
1788 1712 2013 1775 propter

435 1797 677 1852 Marcum
710 1797 882 1853 virum
928 1798 1400 1864 obscenissimum,
1439 1807 1496 1854 et
1533 1810 1629 1854 eos
1678 1798 1863 1868 quiab
1891 1796 2011 1864 ipso

437 1890 646 1945 seducti
707 1890 951 1953 fuerunt,
1006 1906 1071 1945 ac
1117 1900 1401 1960 corruptas
1444 1890 1673 1944 miseras
1728 1889 2007 1946 mulieres.

443 2000 464 2032 ι
500 1980 769 2043 Audaces,
821 1980 1110 2051 νηοῦ-σαί.
1154 2001 1174 2034 ι
1232 1981 1682 2036 Snbaudiendum
1727 1990 1846 2037 est:
1906 1979 2011 2046 Qui

438 2082 591 2126 sunt.
623 2072 850 2142 Rejecto
875 2072 1039 2143 igitur
1079 2072 1266 2127 mundi
1316 2072 1626 2142 inspectore
1657 2073 1772 2127 sive
1808 2073 2010 2143 guber-

435 2173 631 2218 natore
650 2178 714 2217 ac
730 2172 996 2225 creatore,
1031 2164 1164 2217 nihil
1192 2164 1387 2217 mirum
1419 2174 1504 2218 est
1525 2165 1672 2233 quod
1697 2164 2010 2232 huiusmodi

438 2256 677 2311 audaces
703 2256 814 2310 sint
834 2270 898 2311 ac
929 2256 1222 2335 pnetracti,
1264 2257 1368 2311 hoc
1387 2266 1492 2321 est,
1520 2257 1873 2326 insequentes
1909 2256 2012 2311 sibi

436 2348 734 2417 piacentia.
770 2348 877 2403 Sed
907 2336 965 2403 et
1010 2349 1404 2405 convitiatores
1444 2349 1595 2404 dicit.
1636 2348 1770 2403 Nam
1820 2348 1914 2417 qui
1943 2363 2012 2402 ex

435 2447 755 2506 contemptu
787 2437 1213 2494 dominationem
1266 2455 1375 2494 non
1404 2439 1620 2502 timent,
1651 2439 1778 2509 quid
1808 2439 2010 2493 mirum

437 2529 485 2583 si
541 2528 706 2583 etiam
762 2528 1025 2584 adversus
1071 2514 1291 2584 omnem
1347 2530 1693 2599 splendorem
1742 2530 2013 2599 intrepide

436 2621 768 2692 persistant‘l
794 2623 1051 2691 Apertius
1070 2630 1252 2676 autem
1274 2622 1343 2678 de
1363 2622 1450 2678 his
1477 2623 1609 2678 dicit
1636 2624 1823 2677 beatus
1843 2621 1873 2677 J
1881 2623 2013 2677 udas

437 2714 735 2783 apostolus,
800 2714 892 2768 ubi
925 2723 981 2769 et
1038 2715 1105 2770 de
1138 2714 1271 2769 Mosi
1325 2730 1555 2785 corpore
1588 2714 1720 2770 facit
1773 2713 2012 2771 mentio-

437 2821 570 2859 nem
601 2808 665 2860 “.
705 2805 843 2860 Nam
883 2807 973 2861 hic
1017 2820 1168 2862 nunc
1221 2808 1398 2862 obiter
1451 2815 1661 2862 tantum
1709 2806 2013 2862 insinuavit

440 2909 671 2969 tangens
704 2898 880 2953 solum
911 2915 975 2953 ac
1008 2899 1207 2954 sedans
1239 2899 1307 2954 de
1340 2899 1444 2953 hac
1472 2914 1531 2953 re
1565 2913 1897 2955 sermonem.
1935 2897 2012 2952 Ex

440 2991 539 3044 illo
565 2990 727 3060 igitur
754 2991 1044 3045 occasione
1091 3000 1304 3060 sumpta
1349 2992 1510 3045 etiam
1542 2991 1610 3045 de
1635 2989 1721 3045 his
1744 3005 1867 3059 quae
1891 3004 2019 3058 pro—

438 3089 742 3146 ponuntur,
761 3080 1171 3149 dieimusquod,
1194 3100 1211 3131 ι
1231 3081 1562 3150 Splendores
1574 3097 1680 3135 non
1694 3089 1973 3141 verentur,
1987 3098 2010 3131 ι

439 3171 546 3226 hoc
586 3181 714 3226 est:
744 3171 1116 3241 Contemptim
1149 3187 1364 3227 omnem
1390 3173 1561 3243 gloria
1609 3172 2011 3241 przeeellentem
2042 3209 2087 3271 α

436 3262 741 3319 maledictis
768 3263 1160 3318 incessunt.'Et
1188 3279 1536 3334 compescere
1558 3264 1747 3319 volens
1772 3264 2015 3333 ipsorum

438 3352 585 3405 circa
621 3352 744 3405 talia
778 3353 1082 3416 audaciam,
1137 3352 1256 3408 ait;
1294 3371 1313 3404 ι
1344 3354 1482 3407 Cum
1515 3353 1689 3422 angeli
1741 3352 1832 3421 qui
1886 3360 2019 3407 sunt

437 3444 685 3511 potentia
725 3460 790 3499 ac
825 3445 1029 3500 virtute
1074 3448 1334 3514 majores,
1367 3460 1480 3500 non
1526 3445 1707 3500 ferant
1755 3447 2020 3499 adversus

439 3536 591 3602 ipsos
617 3537 759 3605 apud
791 3537 1079 3592 Dominum
1110 3537 1460 3592 maledictum
1484 3536 1778 3603 judicium,
1818 3556 1836 3588 ι
1870 3536 2015 3591 idem

439 3628 630 3687 dicens
658 3645 787 3684 cum
812 3630 974 3685 beato
992 3629 1157 3693 Juda,
1180 3640 1240 3685 ut
1260 3629 1496 3684 diximus
1521 3645 1537 3691 ς
1573 3629 2017 3698 quandoquidem

439 3724 496 3776 et
529 3721 621 3776 ille
655 3721 1017 3791 quorumdam
1073 3721 1270 3793 lingua:
1324 3720 1678 3790 petulantiam
1733 3737 1796 3775 ac
1841 3738 2017 3793 nugas

437 3829 721 3880 coercens,
748 3816 817 3870 ab
844 3815 1036 3871 cedent
1087 3815 1339 3883 exemplo
1375 3812 1504 3869 facit
1558 3813 2013 3878 admonitionem,

437 3908 603 3977 idque
640 3906 802 3963 latius
821 3924 945 3962 eum
968 3909 1043 3961 ita
1068 3905 1199 3961 dicit
1223 3923 1239 3965 ;
1267 3924 1285 3957 ι
1323 3905 1550 3961 Michael
1579 3906 1958 3976 archangelus,
1992 3926 2010 3959 ›

440 4009 547 4054 etc.
559 4041 575 4064 ,
601 4015 739 4054 «non
756 4016 921 4056 ausus
935 4010 1017 4057 est
1032 3998 1353 4059 maledicum
1369 3997 1636 4068 judicium
1652 3997 1975 4069 impingere.
1991 4017 2011 4052 ι

440 4090 574 4147 Tale
611 4091 774 4162 igitur
810 4102 896 4146 est
949 4091 1093 4162 quod
1124 4093 1288 4148 etiam
1340 4091 1535 4149 Petrus
1585 4093 1702 4148 vult
1738 4107 1888 4148 nunc
1933 4092 2017 4147 tli-

438 4199 588 4250 cere,
610 4184 754 4252 qnod
780 4182 837 4237 hi
865 4184 1273 4240 cacodaemones
1301 4184 1439 4239 nihil
1475 4193 1697 4254 parcant
1728 4184 2016 4239 maledicta

438 4275 740 4344 ingerendo
770 4274 825 4327 in
857 4274 1195 4342 splendores.
1251 4275 1415 4344 Atqui
1450 4290 1519 4329 ne
1551 4275 1622 4328 illi
1677 4275 1896 4343 quidem
1922 4278 2015 4345 qui

440 4367 679 4436 potentia
738 4383 803 4422 ac
856 4367 1059 4429 virtute
1108 4365 1344 4436 majores
1391 4376 1545 4429 sunt,
1590 4367 1842 4424 videlicet
1896 4369 2016 4425 istis

439 4459 689 4528 impuris.
725 4474 836 4517 non
859 4459 1044 4517 ferunt
1069 4458 1188 4512 sive
1227 4457 1513 4529 proferunt
1545 4457 1810 4513 adversus
1842 4459 2013 4526 ipsos,

2109 606 2142 674 ἡ
2169 603 2359 666 κακία,
2391 603 2485 657 καὶ
2512 602 2588 666 ώς
2611 604 2723 665 τοῖς
2756 602 2975 673 μιαροῖς
3020 599 3227 671 ἔργοις,
3254 597 3397 653 οὕτω
3443 599 3540 651 κα).
3572 600 3673 660 τοῖς

2107 695 2336 766 ὀνόμασι
2376 692 2759 764 συγκεχυμένη
2809 691 3314 761 καταλαμϐάνεται.
3356 682 3522 744 Οὗτοι
3554 689 3672 759 γὰρ,

2106 786 2183 848 ώς
2228 785 2510 854 φθάνομεν
2561 782 2827 845 εἰπόντες,
2875 781 3037 852 βυθὸν
3093 781 3538 847 ὑποστησάμενοι
3589 781 3677 833 καὶ

2110 877 2268 947 σιγὴν
2298 876 2365 930 τά
2394 874 2725 946 πρωτουργά
2763 874 2863 945 τῆς
2900 872 2994 927 τοῦ
3043 873 3248 943 κόσμου
3305 872 3675 934 ὑποστάσεως,

2109 970 2203 1024 καί
2235 986 2384 1033 τινας
2415 967 2524 1021 ἀπὸ
2549 967 2754 1021 τούτων
2783 966 3027 1039 μητέρας
3053 968 3147 1020 καὶ
3173 966 3374 1028 αἰῶνας
3396 964 3677 1035 τερατολο-

2108 1064 2399 1130 γήσαντες,
2443 1059 2519 1121 ώς
2569 1058 2666 1113 καὶ
2710 1058 2976 1129 Μαρκίων
3005 1057 3112 1110 ἀπὸ
3141 1055 3346 1110 τούτων
3373 1055 3555 1109 λαϐὼν
3584 1072 3677 1107 πο-

2109 1153 2250 1222 νηρά
2278 1151 2592 1223 σπέρματα,
2654 1145 2773 1202 εἶτα
2820 1149 3150 1221 κυριότητας
3199 1147 3288 1201 διά
3330 1147 3533 1200 τούτων
3586 1147 3683 1216 τῆς

2108 1245 2204 1299 τοῦ
2238 1246 2445 1314 κόσμου
2464 1242 2839 1313 ’δημιουργίας
2884 1242 3269 1313 παρωσάμενοι
3295 1244 3390 1297 καὶ
3423 1240 3677 1310 ἐποψίας,

2110 1337 2202 1391 ἐπὶ
2233 1338 2414 1391 πᾶσαν
2458 1334 2746 1408 ἐχώρησαν
2795 1333 2966 1397 ἀδεῶς
3015 1334 3287 1405 σαρκικὴν
3315 1332 3677 1400 ἀκαθαρσίαν.

2180 1431 2292 1488 Καὶ
2312 1429 2385 1483 ἐἷ
2400 1445 2481 1491 τις
2506 1429 2635 1502 περὶ
2680 1427 3090 1499 τούτωνὲθέλοι
3120 1427 3331 1497 μαθεῖν,
3379 1427 3482 1496 τὴν
3519 1426 3679 1496 Εἰρηο

2109 1521 2247 1590 ναίῳ
2278 1520 2357 1592 τῷ
2387 1520 2583 1590 Κέλτῷ
2613 1519 2869 1591 μακαρίῳ
2897 1518 3171 1590 ἀνθρώπῳ
3195 1518 3326 1589 περὶ
3353 1517 3539 1572 αὐτῶν
3594 1518 3683 1571 ἐκ·

2111 1613 2496 1681 πεπονημένην
2523 1611 2705 1680 βίϐλον
2731 1610 2871 1681 μετά
2902 1612 3092 1681 χεῖρας
3122 1608 3325 1675 λαϐὼν,
3356 1610 3429 1680 ἢν
3453 1608 3682 1678 ἐπέγρα-

2110 1709 2178 1777 ψε
2216 1708 2377 1763 Κατὰ
2402 1707 2515 1775 τῆς
2541 1704 2941 1774 ψευδωνύμου
2977 1701 3274 1772 γνώσεως,
3319 1700 3551 1770 εὑρήσει
3593 1698 3683 1761 τὰς

2113 1800 2317 1855 τούτων
2347 1798 2711 1869 ἀκαθαρσίας,
2737 1796 2830 1851 διὰ
2849 1796 3078 1866 Μάρκου
3112 1794 3348 1862 μάλιστα
3389 1792 3489 1846 τοῦ
3530 1790 3684 1845 ἀσελο

2112 1891 2378 1961 γεστάτου
2419 1891 2512 1944 καὶ
2554 1873 2797 1943 τῶνὺπ’
2842 1886 3007 1941 αὐτοῦ
3032 1885 3400 1955 ἠπατημένων
3433 1884 3530 1936 καὶ
3580 1882 3684 1934 διε-

2114 1968 2442 2052 φθαρμένων
2455 1978 2703 2035 ἐλεεινῶν
2722 1977 3046 2048 γυναικῶνα
3058 1976 3360 2047 Τολμηταὶ,
3378 1973 3648 2035 αὐθάδεις.
3659 1989 3677 2024 ι

2113 2072 2640 2143 Προσυπακουστέον
2666 2071 2748 2136 τὸ,
2783 2070 2996 2124 Οἶείσι.
3030 2066 3478 2143 Παρωσαμένους
3509 2063 3682 2117 τοίνυν

2110 2164 2203 2218 τὸν
2231 2162 2326 2217 τοῦ
2357 2164 2564 2232 κόσμου
2596 2159 2842 2230 ὲπόπτην
2879 2161 2972 2213 καὶ
3006 2158 3255 2228 ποιητὴν,
3276 2156 3430 2209 οὐδὲν
3456 2154 3681 2219 ἀπεικὸς

2113 2255 2210 2310 καὶ
2240 2253 2515 2325 τολμητὰς
2548 2254 2671 2315 τοὺς
2694 2251 2966 2314 τοιούτους
2990 2250 3084 2303 καὶ
3106 2247 3378 2311 αὐθάδεις,
3414 2247 3680 2311 τουτέστι,

2112 2348 2173 2401 τὸ
2197 2348 2410 2411 ἑαυτοῖς
2460 2347 2698 2419 ἀρέσκον
2730 2342 3163 2415 μεταδιώκοντας
3211 2340 3489 2409 γενέσθαι.
3529 2339 3685 2393 Ἀλλά

2111 2441 2210 2494 καὶ
2241 2439 2594 2509 βλασφήμους
2622 2436 2809 2508 φησίν.
2844 2436 2909 2489 Οί
2963 2434 3073 2504 γὰρ
3125 2434 3190 2487 ἐκ
3226 2432 3684 2503 καταφρονήσεως

2112 2531 2175 2584 οὐ
2201 2530 2497 2593 δεδοικότες
2524 2530 2626 2600 τὴν
2666 2529 2986 2598 κυριότητα,
3022 2527 3074 2580 τί
3095 2525 3162 2579 ἂν
3204 2526 3458 2595 πρᾶγμα,
3485 2525 3538 2575 εί
3597 2523 3685 2576 καὶ
3762 2580 3775 2589 ,

2114 2623 2249 2694 πρὸς
2275 2623 2457 2681 πᾶσαν
2477 2619 2634 2686 δόξαν
2681 2619 2850 2681 ἀδεῶς
2880 2618 3213 2686 διεγίνοντος
3251 2616 3594 2685 Τρανὸτερον
3634 2612 3684 2667 δὲ

2116 2714 2248 2784 περὶ
2300 2714 2509 2767 τούτων
2535 2713 2563 2764 6
2600 2711 2871 2781 μακάριος
2926 2709 3224 2770 ἀπόστολος
3295 2705 3498 2767 Ἰούδας
3555 2706 3683 2773 ἐρεῖ,

2114 2805 2249 2859 ὅπου
2278 2804 2375 2877 καὶ
2408 2802 2538 2874 περὶ
2565 2801 2659 2859 τοῦ
2696 2802 2975 2864 Μωῦσέως
3027 2796 3389 2871 μνημονεύσει
3417 2795 3683 2867 σώματος·

2114 2891 2270 2960 οὗτος
2296 2896 2406 2968 γὰρ
2437 2897 2530 2949 νῦν
2594 2896 2754 2967 μόνον
2803 2893 3165 2964 ὑπέκρουσεν,
3214 2891 3493 2962 ἁψάμενος
3552 2888 3685 2959 ὁμοῦ

2116 2990 2212 3043 καὶ
2241 2985 2602 3050 καταπαύσας
2640 2985 2731 3040 τὸν
2765 2986 2894 3055 περὶ
2926 2983 3116 3039 τούτου
3144 2982 3320 3050 λόγον.
3353 2981 3445 3047 Ἐξ
3477 2980 3684 3033 ἐκείνου

2116 3080 2295 3135 τοίνυν
2326 3080 2423 3134 καὶ
2444 3078 2574 3152 περὶ
2600 3078 2711 3132 τῶν
2730 3078 3109 3148 προκειμένων
3129 3074 3383 3135 λαϐόντες
3402 3073 3503 3135 τὰς
3530 3074 3692 3141 ἀφορ-

2121 3172 2247 3243 μὰς,
2266 3172 2517 3243 λέγομεν,
2532 3174 2623 3225 ὂτο
2638 3169 2718 3238 τὸ,
2751 3170 2948 3234 «Δόξας
2973 3169 3034 3223 οὐ
3055 3167 3400 3241 τρέμουσιν,›
3425 3165 3549 3220 ἀντὶ
3574 3163 3688 3230 τοῦ,

2119 3265 2620 3336 Καταφρονητικῶς
2666 3262 2848 3335 ἔχουσι
2892 3263 3076 3316 πᾶσαν
3125 3259 3283 3327 δόξαν
3327 3258 3690 3329 βλασφημεῖν.

2119 3360 2231 3413 Καὶ
2260 3357 2583 3429 βουλόμενος
2616 3358 2861 3426 ἑπισχείν
2887 3355 2984 3424 τὴν
3022 3353 3152 3425 περὶ
3173 3354 3241 3406 τὰ
3261 3352 3491 3407 τοιαῦτα
3512 3350 3693 3404 αὐτῶν

2119 3451 2345 3520 τόλμαν,
2376 3450 2563 3520 φησίν.
2619 3467 2637 3501 ι
2673 3448 2851 3505 Ὅπου
2900 3445 3120 3514 ἄγγελοι
3169 3442 3317 3513 ἰσχύὶ
3352 3442 3444 3497 καὶ
3468 3442 3694 3508 δυνάμει

2123 3543 2367 3614 μείζονες
2405 3543 2562 3605 ὄντες
2597 3541 2655 3594 ού
2690 3539 2914 3610 φέρουσι
2941 3537 3071 3591 nec“
3102 3535 3283 3590 αὑτῶν
3312 3533 3464 3605 ’,ταρά
3498 3533 3689 3604 Κυρίῳ

2121 3637 2438 3708 βλάσφημον
2489 3636 2691 3706 κρίσιν,
2727 3653 2746 3686 ›
2774 3633 2972 3711 ταύτρν
2997 3630 3073 3702 τῷ
3099 3629 3356 3702 μακαρίῳ
3398 3627 3594 3699 Ἰούδᾳ,
3623 3628 3696 3690 ώς

2120 3731 2354 3800 ἔφημεν,
2390 3728 2587 3797 λέγων,
2629 3726 2753 3781 ἐπεὶ
2803 3726 3054 3787 κάκεῖνος
3083 3722 3182 3791 τήν
3222 3737 3389 3773 τινων
3416 3718 3696 3787 γλωσσαλ-

2120 3822 2245 3889 ~{ista
2287 3820 2551 3883 κολάζων,
2585 3819 2694 3873 ἀπὸ
2719 3817 2813 3872 τοῦ
2842 3816 3010 3871 αὑτοῦ
3041 3814 3486 3885 παραδείγματος
3520 3812 3695 3865 ποιεῖο

2119 3931 2209 3966 ται
2246 3914 2346 3983 τὴν
2376 3910 2681 3975 νουθεσίαν,
2732 3908 3070 3979 πλατύτερον
3102 3909 3308 3977 μέντοι,
3335 3906 3406 3961 δι’
3449 3899 3523 3958 ὧν
3552 3903 3697 3958 οὕτω

2120 4005 2289 4073 λέγει’
2311 4024 2332 4057 ι
2362 4004 2420 4059 Ὀ
2443 4003 2500 4057 δὲ
2518 4002 2738 4073 Μιχαὴλ
2761 4002 2789 4054 6
2812 3998 3173 4070 ἀρχάγγελος,
3207 4017 3226 4050 ι
3253 4000 3348 4052 καὶ
3373 3997 3521 4066 ἑξῆς,
3540 4014 3563 4048 «ι
3596 3995 3700 4048 οὐκ

2118 4097 2387 4167 ἐτόλμησε
2418 4096 2601 4167 κρίσιν
2629 4093 2934 4162 ἐξενεγκεῖν
2974 4090 3343 4163 βλασφημίας.
3377 4111 3398 4143 ι
3441 4086 3699 4143 Τοιοῦτον

2118 4189 2213 4243 οὖν
2244 4188 2337 4242 καὶ
2391 4188 2597 4258 Πέτρος
2653 4186 2834 4255 λέγειν
2878 4184 3135 4255 βαύλεται
3182 4182 3297 4249 νῦν,
3338 4183 3421 4235 ὅτι
3448 4172 3597 4234 οὗτοι
3647 4178 3701 4229 οἱ

2120 4280 2514 4350 κακοδαίμονες
2546 4277 2806 4348 οὐδεμίαν
2826 4276 2993 4347 ἔχωσι
3021 4272 3190 4345 φειδὼ
3221 4272 3355 4343 περὶ
3385 4271 3445 4324 τὸ
3472 4271 3572 4332 τάς
3607 4268 3699 4322 δό-

2119 4373 2218 4438 ξας
2249 4371 2615 4441 βλασφημεῖν,
2637 4370 2732 4424 καί
2769 4385 2915 4438 τοιγε
2938 4366 3063 4422 οὐδὲ
3088 4369 3137 4419 οἱ
3162 4365 3391 4434 δυνάμει
3416 4363 3511 4417 καὶ
3548 4358 3704 4430 ίσχύῐ

2126 4462 2379 4533 μείζονες
2399 4461 2572 4525 ὄντες,
2597 4460 2843 4531 δηλονότι
2871 4459 2981 4513 τῶν
3011 4456 3227 4529 μιαρῶν
3252 4454 3477 4517 τούτων,
3513 4452 3573 4505 οὐ
3599 4452 3706 4520 φέ-

441 4561 570 4621 puta
611 4550 952 4620 splendores,
997 4550 1320 4605 maledicum
1346 4550 1614 4619 judicium
1658 4551 1802 4620 apud
1832 4549 2012 4605 Dami-

2126 4571 2334 4625 ρουσιν,
2362 4553 2481 4625 ἤτοι
2518 4552 2579 4606 οὐ
2613 4549 3009 4623 προκομίζουσι
3038 4548 3161 4604 κατ’
3186 4547 3368 4602 αὐτῶν
3404 4546 3562 4601 οἱονεὶ
3584 4542 3701 4597 τῶν

440 4658 592 4696 num.
693 4641 757 4696 Et
844 4640 1012 4711 hujus

441 4731 603 4804 5M
628 4731 903 4801 Siquidem
935 4732 1080 4787 enim
1107 4741 1161 4789 et
1182 4730 1426 4787 diabolus
1467 4732 1699 4802 aliquam
1734 4731 2019 4802 participat

441 4824 684 4895 gloriam,
705 4838 771 4878 eo
798 4823 939 4893 quod
972 4820 1190 4879 initium
1219 4824 1290 4879 sit
1317 4824 1610 4880 creationis
1640 4824 1877 4890 Domini,
1901 4840 2013 4879 non

442 4914 665 4985 protulit
692 4914 976 4969 adversum
1014 4915 1190 4986 ipsum
1225 4916 1511 4973 calumnia:
1557 4932 1890 4972 sermonem.
1920 4917 2016 4974 Est

443 5006 603 5063 etiam
634 5006 703 5062 ab
736 5006 820 5061 his
849 5006 1116 5062 efficacior
1135 5009 1535 5079 argumentatio
1581 5009 1686 5063 hoc
1711 5008 1874 5064 modo
1906 5023 1920 5061 :
1956 5010 2013 5062 Si

444 5099 586 5155 enim
614 5098 859 5153 diabolus
887 5099 978 5168 qui
1030 5098 1244 5169 dignior
1296 5109 1381 5154 est
1432 5099 1490 5154 in
1535 5102 1701 5169 quem
1742 5099 2018 5168 iactantur

445 5192 699 5257 convitia,
754 5200 931 5247 tamen
977 5192 1103 5260 quia
1145 5193 1488 5262 splendorem
1542 5191 1854 5261 participat,
1904 5206 2016 5245 non

445 5293 525 5338 est
576 5284 680 5338 hoc
738 5293 1064 5339 consecutus
1116 5300 1147 5338 a
1214 5283 1477 5339 Michaelc
1527 5299 1709 5338 coram
1765 5282 2015 5344 Domino.

445 5392 785 5445 nequaquam
830 5378 1124 5446 prudentes
1159 5386 1341 5433 essent
1394 5375 1484 5445 qui
1537 5386 1740 5430 temere
1799 5390 2016 5431 omnem

443 5466 785 5535 splendorem
820 5470 934 5524 sive
958 5469 1248 5538 Splendore
1276 5468 1531 5536 praeditos
1554 5466 1809 5523 convitiis
1840 5467 2013 5523 inces-

446 5566 648 5623 serent,
705 5575 830 5617 cum
903 5559 1107 5630 angelis
1172 5560 1343 5613 multo
1408 5559 1738 5628 posteriores
1789 5559 1900 5613 sint
1962 5560 2015 5612 in

448 5649 680 5718 honore;
705 5652 863 5718 δόξας
892 5662 1074 5707 autem
1101 5653 1254 5719 dicit,
1285 5652 1397 5707 sive
1431 5653 1879 5709 divinasvirtutes
1899 5655 2013 5710 sive

1089 4640 1247 4697 testis
1327 4642 1555 4698 Michael
1631 4643 2015 4714 archangelus.

521 5833 582 5867 ³³⁸
615 5831 732 5890 Lib.
764 5846 801 5897 ι,
839 5847 956 5904 011p.
990 5830 1034 5895 Ι,
1070 5831 1210 5902 8.,9.
1296 5833 1335 5870 ¹⁶
1364 5831 1514 5888 Judm
1546 5836 1597 5886 υ.

2116 4645 2284 4710 δοξῶν
2341 4643 2660 4715 βλάσφημον
2707 4642 2891 4714 κρίσιν
2922 4640 3075 4712 παρά
3103 4639 3313 4712 Κυρίῳ.
3344 4639 3454 4692 Καὶ
3505 4634 3702 4715 τούτου

2117 4739 2328 4808 μάρτυς
2355 4722 2576 4807 Μιχαὴλ
2603 4735 2631 4789 6
2658 4734 3019 4806 ἀρχάγγελος.
3051 4732 3209 4787 Ἐπεὶ⁴
3238 4730 3348 4802 γάρ
3378 4730 3534 4798 δόξης
3549 4726 3705 4790 τινὸς

2121 4831 2338 4902 μετέχει
2366 4831 2458 4884 καὶ⁸
2483 4830 2511 4883 ὀ
2546 4828 2793 4890 διάϐολος
2820 4828 2911 4881 διὰ
2942 4827 3006 4880 τὸ
3035 4824 3210 4897 ἀρχὴν
3247 4818 3392 4878 εἶναι
3443 4821 3707 4889 πλάσμα-

2121 4940 2213 4986 τος
2244 4921 2472 4993 Κυρίου,
2491 4921 2589 4974 οὑκ
2608 4922 2807 4991 ἡνεγκε
2828 4921 2945 4972 κατ’
2975 4917 3139 4972 αὖτοῦ
3164 4915 3488 4989 βλάσφημον
3512 4913 3702 4981 λόγον.

2115 5013 2227 5067 Καὶ
2256 5012 2400 5067 ἔστιν
2426 5011 2530 5064 ἀπὸ
2568 5010 2774 5065 τούτων
2821 5010 3020 5080 μᾶλλον
3046 5012 3080 5080 ἡ
3102 5009 3450 5078 ἐπιχείρησις
3496 5006 3702 5069 οὕτως·

2117 5104 2180 5157 Εἰ
2238 5102 2347 5172 γὰρ
2379 5104 2407 5156 ὁ
2467 5100 2668 5172 μᾶλλον
2735 5100 2885 5164 ἄξιος
2944 5098 3384 5170 βλασφημεῖσθαι
3425 5095 3701 5159 διάϐολος,

2115 5197 2263 5266 ὅμως
2292 5195 2379 5250 διά
2417 5196 2477 5248 τὸ
2502 5193 2661 5260 δόξης
2701 5193 2948 5264 μετέχειν
2981 5192 3082 5246 οὐκ
3117 5191 3273 5262 ἔτυχε
3298 5191 3491 5243 τούτου
3531 5189 3706 5258 παρὰ

2102 5287 2211 5353 ,τοῦ
2242 5286 2461 5357 Μιχαὴλ
2485 5286 2716 5339 ἐνώπιον
2747 5286 2977 5355 Κυρίου,
3009 5284 3109 5336 οὐκ
3133 5283 3201 5338 ἂν
3248 5283 3521 5353 σώφρονες
3571 5274 3703 5333 εἷεν

2119 5384 2172 5435 oi
2213 5380 2524 5452 προχείρως
2549 5381 2732 5433 πᾶσαν
2764 5377 2922 5442 δόξαν
2958 5374 3424 5446 βλασφημοῦντες,
3456 5373 3546 5442 τῆς
3579 5371 3709 5424 τῶν

2116 5472 2363 5541 ἀγγέλων
2381 5471 2687 5541 τιμιότητος
2706 5468 2936 5524 κατόπιν
2961 5466 3271 5538 φερόμενοι.
3290 5466 3453 5529 Δύξας
3468 5463 3538 5525 δὲ,
3565 5462 3700 5532 ἦτοι

2114 5565 2214 5628 τὰς
2249 5563 2398 5627 θείας
2439 5562 2574 5632 φησὶ
2603 5560 2939 5632 δυνάμεις,ἢ
2973 5560 3066 5611 καὶ
3115 5557 3215 5620 τὰς
3233 5552 3706 5626 ἐκκλησιαστικὰς

2118 5655 2309 5725 ἀρχάς,
2333 5648 2408 5709 ὧν
2430 5652 2762 5716 ἁπεναντίας
2786 5654 2833 5706 οἱ
2863 5649 3279 5722 χοιρωδὲστατοι
3299 5641 3435 5702 οὗτοι
3451 5641 3704 5714 φερόμε-
