3986 6576
249 407 353 472 6t?!

1288 415 1670 476 COMMEN'I‘.
1714 418 1794 478 lN
1825 420 2062 483 El’lST.
2100 423 2160 482 Il
2201 425 2264 486 S.
2307 423 2558 485 PETRI.

3412 422 3519 488 602

246 534 330 571 νοι
361 518 464 569 καὶ
495 517 946 590 βλασφημοῦντες
975 521 1145 584 αὑτὰς
1174 521 1468 577 διετέλουν.
1525 525 1636 578 Καὶ
1659 527 1708 578 oi
1734 526 1833 597 μὲν

1945 532 2098 586 etiam
2122 533 2520 590 ecclesiasticos
2542 534 2898 605 principatus,
2925 551 3063 604 quos
3102 545 3289 590 contra
3321 530 3516 590 obsce-

247 609 483 676 ἄγγελοι
514 609 712 672 οὕτως.
753 628 772 662 ‹
795 611 958 665 Αὐτοὶ
985 611 1042 664 δὲ
1072 610 1146 673 ὼς
1168 611 1338 680 ἄλογα
1373 615 1599 682 φυσικὰ,
1629 635 1647 666 ι
1678 633 1845 670 τουτ-,

244 701 390 774 sint,
433 701 559 753 κατ’
607 701 860 770 αἴσθησιν
894 704 1052 771 μόνον
1083 703 1282 768 ζῶντα,
1335 705 1396 757 οὐ
1426 706 1568 760 κατὰ
1596 707 1718 760 νοῦν
1744 710 1840 762 καὶ

241 793 345 863 τὴν
385 795 594 865 γοερὰν
619 795 784 865 ζωὴν,
807 795 875 848 δι’
903 795 930 848 ὃ
957 797 1053 850 καὶ
1099 796 1362 850 εὐάλωτοι
1387 801 1502 861 τοῖς
1552 800 1835 871 φθαρτοῖς,

241 885 508 939 τουτέστι
529 889 596 955 τῇ
627 887 770 939 κατὰ
794 887 893 956 τὴν
925 887 1291 957 φθειρομένην
1309 889 1454 959 ζωὴν
1485 896 1835 962 περιαγωγῇ,

245 978 446 1048 θυμοῖς
482 980 581 1032 καὶ
604 979 870 1050 ἐπιθυμίᾳ
905 981 1162 1049 ἀγόμενοι
1196 982 1289 1034 καὶ
1346 983 1637 1052 φερόμενοι
1670 986 1728 1037 ὲν
1757 981 1840 1048 οἷς

242 1071 575 1138 ἀγνοοῦσιν,
598 1073 718 1141 ἦτοι
739 1076 804 1141 τῇ
830 1073 951 1124 καθ’
982 1073 1227 1126 ἑκούσιον
1251 1073 1431 1126 αὐτῶν
1463 1076 1656 1146 ἀγνοίᾳ
1677 1076 1840 1145 βλασ-

243 1159 596 1228 φημοῦντες,
628 1162 692 1229 τῇ
717 1161 1354 1233 ἐπαξίῳέαυτῶν-φθορᾷ
1384 1165 1840 1236 καταφθαρὴσον-

242 1264 359 1312 ται,
398 1249 762 1317 κομιούμενοι
824 1251 1013 1318 μισθὸν
1056 1252 1290 1316 ἀδικίας,
1320 1254 1380 1306 ὃν
1430 1255 1665 1308 ἐθελοντὶ
1713 1257 1839 1309 ἐαυ-

240 1343 359 1402 τοῖς
384 1341 788 1410 προεξένησαν.
813 1360 831 1392 ι
875 1343 1097 1413 Ἡδονὴν
1117 1346 1424 1413 ’ἡγούμενοι
1455 1347 1554 1417 τὴν
1571 1349 1629 1400 ὲν
1655 1349 1839 1419 ἡμέρᾳ

240 1448 394 1501 τρυφ
407 1436 494 1502 ην.
512 1454 530 1484 ι
553 1434 626 1485 Τὸ
641 1434 827 1500 ὅντως,
846 1437 1032 1505 φησὶν,
1051 1438 1260 1504 ἐφετὸν,
1283 1439 1380 1510 τὴν
1400 1440 1572 1510 ἀληθῆ
1591 1446 1685 1494 καὶ
1707 1443 1804 1495 ἐπέ
1817 1469 1838 1482 ο

242 1541 456 1593 ραστον
490 1525 846 1598 εὐφροσύνην,
881 1528 974 1581 καὶ
1025 1528 1216 1600 ἡδονὴν
1246 1532 1302 1582 ὲν
1352 1535 1417 1601 τῇ
1453 1532 1575 1585 καθ’
1625 1533 1838 1602 ἡμέραν

239 1613 538 1682 τιθέμενοι
572 1616 663 1668 τοῦ
701 1616 900 1684 λαιμοῦ
934 1619 1252 1673 ἀπολαύσει.
1295 1622 1490 1674 Ἰστέον
1542 1623 1725 1692 μέντοι
1761 1624 1840 1688 ὡς

240 1704 274 1772 ἠ
302 1702 435 1755 θεία
465 1705 662 1774 Γραφὴ
709 1707 779 1759 τὰ
810 1708 1054 1775 φυσικῶς
1096 1710 1282 1765 ἐνόντα
1335 1714 1447 1774 τοῖς
1503 1711 1834 1783 ἀνθρώποις,

241 1798 528 1860 τουτέστι,
557 1798 626 1850 τὰ
653 1798 728 1862 ὡς
755 1798 911 1862 ζώοις
950 1801 1133 1864 αὐτοῖς
1163 1804 1555 1874 ἐνυπάρχοντα,
1616 1807 1834 1860 ἐπειδὰν

246 1885 550 1959 διαϐάλλῃ,
583 1891 720 1958 πρὸς
756 1890 826 1943 τὰ
855 1891 1024 1958 ἄλογα
1047 1894 1186 1947 αὐτὰ
1243 1873 1516 1965 ἀφομοιοῖ,
1547 1917 1565 1949 ι
1592 1898 1838 1967 Ἀνθρω-
1871 1873 1913 1931 Β

243 1994 371 2042 πος,
399 1979 711 2046 φάσκουσα,
740 1985 796 2035 ὲν
820 1987 950 2054 τιμῇ
974 1983 1048 2037 ὢν
1072 1987 1130 2038 ού
1158 1989 1355 2057 συνῆκε
1384 2005 1396 2018 ·
1429 1990 1847 2059 παρασυνεελή-

245 2068 313 2138 θη
335 2073 459 2132 τοῖς
505 2073 730 2141 κτήνεσι
765 2077 878 2138 τοῖς
925 2079 1170 2145 ἀνοήτοις
1191 2094 1204 2107 ·
1237 2100 1254 2131 ι
1293 2081 1428 2143 καὶ,
1467 2100 1486 2131 ι
1513 2082 1602 2150 Μὴ
1627 2081 1843 2149 γίνεσθε

246 2161 320 2224 ὡς
340 2162 516 2225 ἵππος
547 2164 639 2217 καὶ
662 2166 881 2234 ἡμίονος
905 2185 917 2197 ·
944 2185 964 2219 ›
989 2168 1100 2222 καί·
1133 2170 1350 2222 ι”ιπποι
1368 2170 1696 2241 θηκλυμανεῖς
1720 2173 1844 2240 eye-

247 2269 444 2305 νοντοο
476 2273 496 2306 ι
540 2257 655 2320 καὶ,
697 2274 714 2306 ι
747 2256 968 2309 Γίνεσθε
1013 2261 1268 2330 φρόνιμοι
1301 2261 1375 2325 ὡς
1415 2262 1464 2314 oi
1520 2263 1690 2331 ὄφεις,
1746 2265 1841 2318 καὶ

247 2345 510 2415 ἀκέραιοι
537 2347 612 2408 ὡς
648 2348 704 2400 αἱ
751 2349 1096 2419 περιστεραὶ,
1126 2371 1144 2402 ο
1216 2353 1278 2404 ού
1315 2355 1686 2421 μεταποιοῦσα
1739 2357 1840 2420 τὰς

248 2436 448 2503 φύσεις
489 2440 774 2506 φάσκουσα
805 2441 1000 2504 ταῦτα,
1037 2443 1231 2510 (τοῦτο
1257 2445 1364 2514 γὰρ
1394 2446 1682 2508 ἀδύνατον,
1710 2447 1836 2515 )ἁλ-

251 2523 321 2577 λὰ
353 2525 564 2578 τούτοιν
613 2531 710 2590 τὰς
738 2531 976 2598 φυσικὰς
1009 2533 1208 2603 ὁρμὰς,
1258 2520 1376 2596 τὰς’
1410 2535 1509 2605 μὲν
1566 2537 1840 2590 ἐκκλίνειν

251 2620 680 2686 παρακαλοῦσα,
706 2623 814 2675 τῶν
856 2624 911 2675 δὲ
964 2626 1263 2688 ἐπαινετῶς
1294 2626 1534 2695 ἔχεσθαι.
1585 2629 1754 2681 ’Ὀταν
1782 2629 1840 2682 δὲ

251 2713 525 2781 σωτήριόν
544 2731 595 2765 τι
625 2717 966 2788 παραγγέλῃ,
991 2717 1128 2787 πρὸς
1159 2719 1227 2772 τὰ
1253 2720 1486 2788 κρείττω
1518 2720 1616 2789 τὴν
1645 2722 1833 2790 ὁμοιό-

249 2819 392 2871 τητα
443 2805 830 2874 παραπέμπει,
862 2810 934 2870 ὼς
966 2810 1093 2874 ὅταν
1126 2810 1284 2881 λέγῃ,
1319 2832 1339 2862 ι
1369 2812 1591 2864 Γίνεσθε
1624 2813 1838 2884 οἰκτίρ-

257 2912 444 2963 μονες,
484 2899 557 2959 ὡς
582 2902 672 2951 καὶ
697 2901 722 2951 ὀ
757 2901 944 2971 Πατὴρ
965 2903 1120 2971 ὑμῶν
1143 2907 1174 2959 ἁ
1209 2905 1480 2974 οὐράνιος,
1511 2923 1530 2957 ι
1581 2905 1700 2960 οὐδὲ
1749 2907 1837 2959 ὲν-

254 2987 432 3040 ratio:
482 2990 581 3058 τὴν
628 2991 786 3057 φύσιν
820 2994 1229 3060 μεταποιοῡσα,
1267 2994 1380 3046 ἀλλ’
1433 2997 1557 3048 ὅσον
1596 2997 1628 3066 ἡ
1684 2997 1839 3066 ἰσχὺς

257 3079 621 3133 ὑποϐάλλεται
658 3083 816 3136 τοῦτο
849 3088 1020 3136 ποιεῖν
1046 3087 1554 3156 παρακελευομένη.

1941 625 2152 678 nissimi
2188 626 2273 680 isti
2305 629 2469 682 etiam
2497 628 2800 684 maledictis
2833 629 3111 684 incessere
3138 645 3245 682 non
3275 640 3512 682 cessant.

1941 717 2006 770 Et
2037 718 2210 788 angeli
2241 719 2459 788 quidem
2493 721 2596 776 hoc
2623 722 2804 776 modo.
2843 739 2860 771 ι
2898 722 2967 775 At
3015 721 3100 775 isti
3136 721 3302 773 veluti
3355 721 3514 774 bruta

1940 807 2297 875 irrationalia,
2335 829 2352 862 ι
2391 811 2492 864 hoc
2525 823 2610 864 est
2632 812 2750 864 solo
2771 827 2933 864 sensu
2951 810 3209 874 viventia,
3243 827 3350 864 non
3381 811 3512 864 item

1941 913 2124 955 meme
2183 911 2236 956 et
2282 903 2394 957 vita
2451 903 2800 957 intellectuali
2843 919 2856 955 :
2914 913 3139 972 propter
3183 902 3328 971 quod
3350 902 3512 956 etiam

1940 989 2099 1044 facile
2149 991 2437 1060 capiuntur
2467 993 2935 1062 corruptibilibus,
2976 994 3028 1047 id
3070 1002 3155 1047 est
3208 995 3514 1046 circumac-

1942 1080 2090 1134 tione
2118 1079 2171 1134 in
2194 1081 2304 1136 vita
2324 1091 2614 1151 corrupta:
2641 1082 2806 1136 animi
2831 1083 3280 1137 excandescentia
3301 1091 3357 1135 et
3384 1097 3518 1136 con-

1941 1172 2277 1241 cupiscentia
2300 1174 2404 1228 acti
2435 1183 2489 1228 et
2519 1175 2696 1236 tracti,
2754 1175 2809 1228 in
2835 1175 2919 1228 his
2942 1189 3064 1243 quae
3113 1174 3365 1244 ignorant
3399 1173 3516 1227 sive

1940 1263 1994 1316 in
2027 1273 2323 1332 spontan‘ea
2371 1281 2466 1318 sua
2504 1265 2805 1335 ignorantia
2862 1265 3173 1336 ingerentes
3204 1265 3512 1324 maledicta.

1941 1355 2098 1423 digna
2125 1355 2224 1422 sibi
2248 1357 2549 1424 perditione
2581 1358 2854 1426 peribunt,
2883 1358 3182 1412 referentes
3209 1356 3516 1411 mercedem

1940 1445 2220 1515 iniustitiae
2283 1461 2441 1514 quam
2499 1448 2812 1517 cupiebant,
2869 1449 2923 1504 id
2975 1458 3079 1511 est,
3132 1447 3182 1502 id
3213 1449 3358 1517 quod
3415 1447 3517 1501 sibi

1939 1535 2318 1589 conciliarunt.
2350 1555 2367 1587 ι
2408 1535 2512 1592 Pro
2563 1539 2839 1607 voluptate
2879 1539 3144 1593 ducentes
3190 1538 3313 1592 siin
3368 1536 3513 1590 diem

1940 1627 2150 1682 deliciis
2173 1628 2444 1682 fruantur.
2485 1648 2503 1679 ι
2565 1628 2622 1684 ld
2651 1644 2840 1683 revera
2865 1629 3280 1697 concupiscunt.
3333 1643 3516 1681 verant

1939 1735 2004 1774 ac
2026 1719 2442 1774 desiderabilem
2466 1720 2709 1774 lzetitiam
2731 1735 2796 1775 ac
2819 1721 3154 1788 voluptatem
3176 1728 3441 1788 ponentes
3465 1723 3520 1771 in

1943 1811 2253 1881 quotidiana
2273 1813 2510 1881 gutturis
2537 1812 2814 1866 fruitione.
2847 1810 3138 1866 Sciendum
3167 1811 3349 1878 itaque
3375 1811 3520 1878 quod

1942 1919 2092 1958 sacra
2123 1903 2408 1973 Scriptura
2436 1905 2656 1972 quando
2677 1904 2886 1973 aliquid
2911 1903 3282 1973 reprehendit,
3316 1918 3376 1956 ea
3401 1917 3522 1970 quae

1940 1996 2268 2050 naturaliter
2321 1997 2646 2067 contingunt
2697 1996 3031 2058 hominibus,
3092 1994 3198 2050 hoc
3269 2001 3353 2046 est
3401 2009 3520 2061 qute

1941 2087 2072 2154 ipsis
2124 2099 2377 2156 tanquam
2429 2087 2756 2142 animalibus
2809 2087 3087 2146 accidunt,
3150 2085 3328 2140 brutis
3386 2084 3522 2153 ipsis

1939 2175 2455 2240 assimilat,dicens:
2494 2176 2718 2240 «Homo,
2742 2192 2865 2230 cum
2891 2177 2945 2230 in
2978 2175 3184 2229 honore
3210 2185 3376 2236 esset.
3409 2189 3514 2228 non

1940 2266 2222 2330 intellexit,
2258 2278 2606 2337 comparatus
2634 2269 3003 2338 estjumentis
3053 2266 3404 2320 insensatis”
3435 2282 3450 2330 ;
3491 2282 3512 2316 ι

1937 2369 2024 2413 et:
2069 2378 2085 2408 ι
2118 2357 2195 2412 Ne
2239 2359 2358 2414 sitis
2394 2369 2650 2429 tanquam
2709 2375 2885 2428 equus
2947 2368 3001 2413 et
3034 2358 3212 2412 mulus
3239 2357 3318 2422 ης
3357 2380 3375 2408 ι
3435 2366 3518 2414 et:

1943 2467 1962 2500 ι
1993 2448 2128 2517 Equi
2164 2449 2497 2504 insanientes
2525 2449 2582 2503 in
2626 2449 2873 2504 femellas
2915 2447 3044 2502 facti
3087 2448 3320 2514 sunt";
3362 2465 3380 2498 ι
3428 2454 3517 2502 et:

1945 2558 1964 2590 ι
2006 2541 2192 2594 Estote
2239 2543 2536 2610 prudentes
2593 2541 2740 2596 sicut
2779 2551 3091 2609 serpentes,
3139 2549 3194 2593 et
3242 2538 3522 2607 simplices

1939 2631 2084 2686 sicut
2109 2633 2376 2686 columba:
2399 2633 2444 2663 ¹⁰
2473 2648 2488 2690 :
2515 2651 2534 2683 ι
2574 2647 2686 2686 non
2710 2632 2856 2702 quod
2883 2632 3000 2686 btec
3041 2631 3232 2685 dicens
3269 2630 3526 2682 immutet

1937 2733 2180 2788 naturas,
2215 2740 2340 2778 nam
2369 2725 2420 2780 id
2451 2725 2787 2794 impossibile
2818 2734 2926 2785 est,
2963 2724 3059 2778 sed
3094 2722 3288 2776 invitat
3314 2730 3375 2774 ut
3426 2722 3524 2774 bas

1937 2817 2156 2884 quidem
2208 2818 2483 2872 naturales
2527 2819 2768 2887 ipsorum
2821 2816 3204 2871 inclinationes
3251 2814 3518 2872 devitem.

1940 2909 2059 2962 illas
2097 2925 2229 2964 vero
2259 2911 2581 2966 naturaliter
2635 2909 3052 2978 amplectentur.
3114 2908 3343 2974 Quando
3393 2922 3524 2960 vero

1939 2999 2402 3070 salutarealiquid
2434 3001 2698 3070 principit,
2729 2983 3146 3054 similitudinem
3177 2999 3244 3051 ad
3295 2996 3520 3051 meliora

1941 3093 2295 3149 transmittit:
2323 3095 2464 3148 sicut
2489 3109 2612 3148 cum
2637 3094 2804 3147 dicit:
2861 3110 2879 3143 ι
2913 3091 3097 3146 Estote
3141 3089 3521 3144 misericordes

260 3175 400 3226 sicut
429 3186 476 3224 et
509 3175 667 3228 Pater
697 3191 876 3231 vester
916 3179 1155 3233 caelestis
1181 3182 1246 3246 “,
1291 3200 1308 3232 ι
1344 3195 1413 3234 ne
1469 3179 1557 3234 hic
1609 3179 1827 3250 quidem
1864 3192 2114 3239 naturam
2148 3194 2539 3251 transmutans,
2571 3185 2667 3240 sed
2699 3193 2961 3255 quantum
3027 3182 3200 3238 virtus
3264 3180 3504 3252 suggerit

264 3272 363 3325 hoc
395 3264 574 3321 facere
608 3267 946 3335 praecipiens.

329 3364 542 3418 Σπῖλοι
573 3366 670 3418 καὶ
699 3364 913 3433 μῶμοι,
943 3367 1350 3436 ἐντρυφῶντες
1393 3371 1463 3423 ἐν
1499 3371 1631 3438 ταῖς
1676 3371 1831 3426 (imb-
1860 3385 1903 3442 α

264 3473 392 3521 ταις
423 3456 644 3520 αὐτῶν,
681 3462 1203 3527 συνευωχούμενοι
1239 3463 1400 3530 ὑμῖν.
1459 3465 1840 3534 Ὀφθαλμοὺς

267 3549 508 3616 ἔχοντες
533 3550 798 3616 μεστοὺς
815 3552 1168 3619 μοιχαλίδος
1199 3554 1296 3607 καί
1326 3556 1842 3624 ἀκαταπαύστους

269 3642 579 3707 ἁμαρτίας.
611 3642 1000 3709 Δελεὰζοντες
1022 3645 1222 3712 ψυχὰς
1247 3649 1671 3715 ἀστηρίκτους,
1704 3667 1844 3717 καρ-

269 3732 403 3783 δίαν
432 3734 930 3801 γεγυμνασμένην
961 3737 1318 3802 πλεονεξίας
1349 3738 1613 3807 ἔχοντες.
1651 3739 1842 3794 Κατά-

268 3840 373 3889 ρας
447 3825 649 3878 τέκνα.
707 3830 1151 3893 Καταλιπόντες
1215 3829 1333 3897 τὴν
1395 3833 1634 3886 εὐθεῖαν
1699 3831 1845 3885 ὀδόν

269 3916 706 3980 ἐπλανήθησαν
735 3957 750 3980 ,
809 3917 1416 3984 ἐξακολουθήσαντες
1454 3919 1527 3988 τῇ
1583 3921 1699 3984 ὀδῷ
1737 3922 1843 3975 τοῦ

267 4006 516 4073 Βαλαὰμ
549 4006 656 4059 τοῦ
692 4011 905 4075 Βοσὸρ,
950 4009 1018 4075 ὃς
1044 4011 1270 4076 μισθὸν
1322 4012 1558 4078 ἀδικίας
1608 4015 1844 4082 ἠγάπη-

268 4110 399 4153 σεν,
434 4094 680 4162 ἔλεγξιν
729 4095 798 4148 δὲ
833 4096 1020 4164 ἔσχεν
1044 4097 1198 4164 ιδίας
1226 4101 1622 4168 παρανομίας.
1654 4102 1666 4120 '
1693 4105 1844 4156 Υπο-

269 4183 465 4253 ζύγιυν
502 4187 745 4254 ἄφωνον
771 4187 839 4239 ἐν
877 4189 1191 4256 ἀνθρώπου
1223 4189 1394 4259 φωνῇ
1427 4193 1844 4260 φθεγξάμενον

268 4278 540 4332 ἐκώλυσε
573 4279 688 4345 τὴν
711 4279 816 4332 τοῦ
849 4281 1161 4350 προφήτου
1195 4286 1698 4352 παραφροσύνην.

347 4389 364 4420 ι
390 4372 578 4423 Στιίλοι
622 4373 717 4424 καὶ
767 4373 969 4441 μῶμοι.
1011 4392 1028 4424 ι
1071 4374 1143 4425 Τὸ
1173 4375 1491 4444 ἐξῆςόὓτω·
1523 4377 1707 4430 Σπίλοι
1751 4379 1845 4430 καὶ

274 4459 454 4528 μῶμοι
480 4459 708 4530 καρδίαν
742 4461 1200 4531 γεγυμνασμένην
1235 4463 1570 4526 πλεονεξίαις
1595 4463 1835 4532 ἔχοντες,

268 4553 535 4613 τουτέστι,
575 4551 664 4603 διὰ
715 4552 1026 4616 πλεονεξίας
1074 4555 1554 4626 γεγυμνασμένην
1600 4555 1844 4624 κατάρας

268 4643 458 4694 τέκναο
513 4641 979 4718 συνειῳχούμενοι
1044 4643 1194 4711 ὑμῖν·
1251 4644 1564 4713 ὀφθαλμοὺς
1629 4646 1844 4715 ἔχοντες

2010 3372 2075 3437 ll,
2111 3372 2297 3426 13-16.
2326 3371 2489 3426 Labes
2519 3387 2584 3423 ac
2606 3368 2828 3423 macula:
2854 3369 3182 3422 convivantes
3239 3368 3292 3419 in
3325 3367 3524 3419 errori-

1945 3464 2038 3518 bus
2099 3465 2207 3518 suis
2267 3462 2524 3517 insultant
2576 3463 2752 3523 vobis,
2811 3460 2988 3514 oculos
3044 3458 3204 3530 545
3273 3459 3522 3511 habentes

1944 3557 2120 3625 plenos
2150 3557 2428 3619 adulterae,
2486 3565 2534 3608 et
2563 3557 2651 3625 qui
2705 3571 2736 3608 a
2784 3551 2996 3620 peccato
3030 3568 3233 3616 cessare
3264 3551 3522 3609 nesciant,

1943 3651 2232 3703 incscantes
2265 3649 2472 3702 animas
2509 3646 2797 3708 instabiles,
2849 3662 2938 3698 cor
2970 3645 3218 3697 habentes
3267 3642 3526 3696 exercita-

1945 3751 2056 3794 tum
2095 3741 2320 3808 rapinis,
2358 3737 2701 3792 exsccrabiles
2729 3737 2849 3805 ﬁlii,
2904 3738 2993 3807 qui
3026 3736 3210 3789 relicta
3263 3743 3406 3787 recta
3439 3734 3523 3786 via

1947 3833 2280 3892 aberrarunt,
2316 3831 2479 3883 secuti
2505 3831 2646 3883 viam
2679 3829 2904 3881 Balaam
2931 3828 3030 3893 ﬁlii
3058 3826 3241 3886 Basor.
3273 3827 3362 3896 qui
3388 3841 3526 3878 mer-

1945 3927 2118 3976 cedem
2152 3922 2449 3991 iniquitatis
2473 3919 2677 3980 dilexit,
2709 3921 2798 3972 sed
2833 3920 3146 3988 redargutus
3176 3919 3276 3985 fuit
3326 3917 3391 3970 de
3425 3934 3525 3970 sua

1946 4015 2227 4084 iniquitate
2252 4014 2295 4044 “
2319 4027 2338 4064 :
2379 4011 2584 4064 animal
2612 4010 2893 4080 subjugale
2921 4019 3127 4062 mutum
3157 4009 3389 4062 humana
3411 4023 3529 4061 voce

1946 4107 2157 4176 loquens
2181 4102 2440 4171 prohibuit
2473 4101 2738 4172 prophetae
2782 4100 3167 4168 insipientiam.

2021 4387 2038 4420 ι
2074 4367 2248 4422 Labes
2275 4381 2338 4420 ac
2367 4365 2614 4420 maculat.
2656 4382 2675 4416 ›
2709 4361 2854 4418 Ordo
2918 4362 2993 4416 ita
3024 4360 3293 4415 sumitur:
3352 4356 3527 4411 Labes

1945 4476 2009 4515 ac
2047 4461 2272 4514 maculae
2300 4474 2394 4513 cor
2423 4459 2686 4512 habentes
2737 4455 3096 4510 exercitatum
3155 4450 3379 4522 rapinis,
3423 4449 3530 4502 hoc

1946 4565 2051 4617 est,
2073 4569 2171 4623 per
2188 4553 2408 4622 rapinas
2432 4551 2812 4616 exercitatum,
2839 4545 3203 4603 exsecrabiles
3221 4543 3335 4608 filii,
3361 4542 3532 4596 insul-

1948 4657 2128 4702 tantes
2163 4647 2338 4706 vobis.
2373 4645 2560 4700 oculos
2595 4644 2860 4698 habentes
2910 4642 3104 4712 plenos
3147 4637 3431 4699 adulterae,
3474 4644 3533 4688 et

267 4737 498 4808 πλήρεις
559 4737 866 4806 μοιχαλίδος
895 4738 990 4790 καὶ
1047 4739 1505 4802 ἀκαταπαύστους
1538 4741 1837 4809 ἁμαρτίας·

1952 4739 2106 4808 quia
2141 4747 2366 4807 peccato
2417 4752 2634 4792 cessare
2685 4734 2963 4788 nesciant:
3019 4732 3268 4785 inescant
3319 4727 3532 4780 animas

268 4828 589 4892 δελεάζουσι
619 4829 796 4900 ψυχὰς
827 4830 1216 4899 ἀστηρίκτους,
1243 4831 1309 4895 ἃς
1334 4834 1428 4886 καὶ
1456 4833 1664 4896 Παῦλος
1686 4833 1841 4900 ἔλεγε

267 4924 602 4990 γυναικάρια
623 4922 1015 4991 σεσωρευμένα
1035 4923 1353 4993 ἁμαρτίαις.
1393 4925 1453 4978 Οί
1473 4926 1518 4977 δ’
1547 4927 1701 4979 αὐτοὶ
1753 4921 1847 4980 οὗ⁴

269 5032 350 5068 τοι
383 5015 780 5079 καταλιπόντες
813 5015 1028 5070 εὐθεῖαν
1068 5016 1188 5068 ὁδὸν
1207 5017 1594 5088 ἐπλανήθησαν
1638 5021 1704 5089 τῇ
1740 5019 1846 5090 ὀδῷ

271 5106 368 5159 τοῦ
390 5106 626 5174 Βαλαὰμ
644 5106 737 5158 τοῦ
770 5107 962 5176 Βοσὸρ,
979 5109 1072 5160 καὶ
1097 5109 1241 5177 ἑξῆς.
1261 5109 1324 5161 Οί
1354 5110 1398 5161 6'
1429 5110 1582 5161 αὐτοί
1603 5111 1710 5162 είσι
1735 5127 1847 5181 πη·-

273 5199 366 5263 γαὶ
391 5199 636 5268 ἄνυδροι,
669 5197 890 5266 νεφέλαι
923 5199 1028 5250 ὑπὸ
1049 5199 1310 5260 λαίλαπος
1335 5199 1712 5267 ἐλαυνόμεναι,
1755 5198 1852 5251 καὶ

271 5291 417 5360 ἑξῆς.
447 5289 555 5342 Καὶ
583 5288 725 5351 τίνος
757 5289 919 5359 χάριν
942 5291 970 5342 ὁ
1005 5289 1167 5357 ζόφος
1211 5291 1392 5351 αὐτοῖς
1439 5291 1726 5344 ἀπόκειται
1771 5293 1852 5354 είς

271 5381 361 5433 τὸν
404 5379 669 5450 μέλλοντα
719 5382 893 5435 αίῶνα
915 5382 1048 5446 ;Διὰ
1075 5381 1172 5452 τὴν
1205 5383 1508 5452 ὑπέρογκον
1535 5383 1712 5434 αὐτῶν
1746 5399 1852 5451 μα-

273 5473 561 5540 ταιότητα,
584 5472 635 5526 δι
651 5473 664 5491 ’
689 5466 755 5538 ἧς
787 5472 1099 5536 δελεάζουσι
1125 5474 1251 5535 τοὺς
1287 5475 1416 5542 πρὶν
1432 5475 1488 5525 ὲν
1513 5473 1693 5543 πλάνῃ
1725 5475 1850 5526 ἀνα.

275 5563 640 5635 στραφέντας,
697 5564 790 5615 καὶ
848 5563 1016 5627 ὅντως
1070 5564 1275 5633 ταύτην
1322 5563 1741 5634 ἀποφυγόντας,
1787 5567 1844 5617 ὲν

272 5654 552 5722 ἀσελγίαις
580 5654 674 5706 καὶ
708 5653 1022 5724 ἐπιθυμίαις
1076 5655 1277 5726 σαρκὸς
1330 5655 1405 5719 ὡς
1460 5655 1596 5710 κύνα
1643 5657 1736 5708 ἐπὶ
1787 5655 1846 5708 τὸ

352 5791 392 5821 ⁸⁷
422 5789 567 5843 l’sal.
601 5805 786 5860 xu'nt,
836 5791 922 5846 57.
1002 5791 1043 5823 ⁸⁸
1073 5791 1216 5848 Psal.
1254 5808 1401 5857 xxxi,
1425 5794 1475 5846 9.

275 5875 408 5926 tum,
442 5862 475 5916 6
495 5876 659 5932 seqq.

1558 5794 1596 5823 ¹⁹
1626 5791 1827 5846 .lcrem.
1861 5808 1912 5855 v,
1943 5789 1995 5843 8.

1943 4830 2250 4889 instabiles,
2277 4844 2414 4898 quas
2445 4837 2498 4881 et
2531 4826 2733 4880 Paulus
2770 4824 2907 4879 dixit
2949 4821 3300 4876 mulierculas
3330 4832 3529 4872 onera-

1947 4931 2029 4976 tas
2064 4922 2321 4990 peccatis.
2370 4919 2539 4972 Porro
2569 4917 2624 4970 hi
2654 4915 2758 4984 ipsi
2813 4915 3000 4970 relicta
3033 4922 3182 4967 recta
3231 4911 3340 4976 via,
3376 4910 3532 4963 aber-

1945 5021 2136 5066 rarunt
2169 5027 2264 5080 per
2291 5011 2433 5068 viam
2465 5009 2679 5062 Balaam
2708 5006 2804 5061 filii
2832 5007 3022 5071 Bosor,
3047 5013 3103 5059 et
3156 5013 3375 5058 caetera.
3431 4999 3528 5056 lsti

1946 5112 2130 5158 autem
2161 5112 2289 5156 sunt
2338 5101 2517 5156 fontes
2571 5115 2717 5168 aqua.
2746 5107 3022 5161 carentes,
3081 5097 3297 5151 nebulae
3344 5109 3464 5163 qua:
3499 5107 3531 5146 a

1951 5195 2188 5267 procella
2220 5195 2489 5255 feruntur,
2547 5201 2654 5246 etc.
2682 5191 2750 5246 Et
2777 5205 2939 5260 quam
2984 5190 3056 5244 ob
3086 5203 3304 5243 causam
3355 5185 3530 5254 caligo

1949 5289 2082 5359 ipsis
2108 5285 2342 5356 reposita
2366 5293 2450 5338 est
2478 5283 2534 5338 in
2566 5283 2752 5337 futuro
2777 5281 3018 5336 saeculo?
3047 5288 3268 5350 propter
3293 5279 3527 5331 immen-

1947 5393 2282 5435 sam-eorum
2315 5375 2628 5441 vanitatem,
2667 5391 2764 5445 per
2811 5389 2976 5444 quam
3022 5374 3273 5427 inescant
3303 5386 3398 5425 eos
3435 5368 3530 5436 qui

1950 5471 2102 5542 prius
2151 5471 2208 5524 in
2241 5484 2426 5524 errore
2479 5467 2789 5523 conversati
2824 5466 3060 5530 fuerant,
3107 5473 3163 5518 et
3216 5464 3359 5516 hunc
3401 5474 3530 5514 vere

1951 5563 2304 5633 aufugerant:
2343 5571 2403 5616 nt
2433 5577 2530 5631 per
2565 5560 2932 5630 itnpudicitias
2959 5567 3014 5612 et
3059 5553 3531 5622 concupiscentias

1957 5655 2155 5719 carnis,
2197 5654 2250 5708 in
2282 5654 2500 5709 modum
2525 5653 2675 5709 canis
2717 5651 2782 5706 ad
2815 5664 2972 5706 suum
3003 5647 3264 5702 vomitum
3293 5661 3526 5699 com-er.-

2078 5789 2122 5822 '°
2155 5790 2341 5845 Matth.
2399 5806 2453 5855 χ,
2524 5789 2606 5843 16.
2720 5787 2762 5820 ’³
2797 5785 2930 5842 Luc.
2984 5799 3056 5852 Vl,
3115 5780 3205 5836 26.
3283 5779 3517 5844 3’l‘lum.
