3986 6572
477 407 584 471 603

1502 407 1898 468 HECUMENH
1933 403 2226 466 TRICC/E
2263 402 2599 462 EPISCOPI

3611 397 3722 461 60L

460 524 666 570 tantur.
732 514 865 580 Quae
917 524 1100 570 autem
1152 517 1207 571 in
1262 514 1442 570 medio
1487 524 1784 585 ponuntur,
1841 515 2036 570 horum

2144 509 2274 564 ἴδιον
2305 509 2549 582 ἐξέραμα
2576 507 2922 580 ἐπιστρέψαι.
2955 507 3032 561 Τὰ
3059 507 3115 562 δὲ
3138 505 3345 578 μεταξὺ
3375 509 3475 579 τῆς
3492 510 3725 578 ματαιό-

463 607 756 662 vanitatem
812 609 1104 662 enuntiant
1156 623 1220 663 ac
1270 605 1616 662 conﬁrmant.
1683 625 1700 658 ι
1749 606 1924 661 Labes
1971 621 2036 660 ac

460 697 708 751 maculae.
749 715 768 747 ι
802 694 948 750 Nihil
973 697 1260 761 habentes,
1291 695 1488 766 inquit,
1515 695 1659 766 quod
1695 696 1750 750 in
1801 696 2037 766 puritate

461 789 627 844 ﬁxinu
660 790 753 852 sit,
788 789 882 844 sed
910 799 1170 859 tanquam
1196 789 1420 844 labcsin
1447 788 1774 844 vestimento
1809 788 2036 850 mundo,

460 881 718 935 diuturna
747 880 1164 935 conversatione
1211 881 1544 936 inhaerentes
1573 888 1630 935 et
1676 879 1859 936 omnia
1889 895 2041 935 com—

461 971 829 1024 ntaculantes:
863 985 986 1024 cum
1013 970 1234 1039 aliquos
1271 971 1640 1034 avocaverint,
1682 979 1738 1024 et
1762 971 2041 1041 potuerint

462 1061 767 1130 impudicos
791 1060 1010 1116 efﬁcere
1041 1077 1156 1125 eos,
1194 1061 1287 1130 qui
1317 1077 1422 1116 una
1450 1070 1760 1125 versantur,
1797 1061 1945 1118 viros
1975 1077 2042 1116 ac

461 1152 743 1218 mulieres,
803 1151 856 1206 id
916 1151 1121 1206 factum
1185 1151 1415 1208 delicias
1472 1152 1828 1217 arbitrantur,
1884 1167 2040 1207 suam

463 1243 745 1312 explentes
795 1243 1110 1300 lasciviam:
1141 1245 1236 1300 sed
1293 1255 1350 1300 et
1406 1245 1786 1311 convivantes,
1840 1246 2039 1316 inquit,

465 1347 572 1386 una
595 1331 897 1394 vobiscum.
928 1348 1037 1386 non
1062 1348 1129 1388 ex
1156 1334 1465 1402 dilectione,
1503 1344 1598 1390 aut
1641 1335 1783 1404 quod
1816 1336 1929 1390 sale
1961 1339 2042 1404 (ut

463 1423 642 1492 aiunt)
669 1423 1023 1494 participent.
1057 1426 1160 1479 hoc
1191 1425 1435 1500 faciunt;
1461 1426 1556 1482 sed
1588 1437 1647 1481 ut
1694 1437 1908 1497 tempus
1939 1429 2043 1485 hoc

465 1523 651 1583 aptum
681 1514 961 1569 inveniant
991 1514 1296 1585 deceptioni
1324 1516 1468 1585 apud
1503 1517 1780 1572 mulieres.
1811 1516 1875 1572 lli
1895 1519 2042 1574 enim

465 1622 589 1658 cum
617 1606 805 1660 oculos
844 1606 1099 1671 habeant,
1160 1608 1297 1662 nihil
1343 1609 1492 1665 aliud
1545 1611 1831 1666 intuentur
1879 1627 2041 1682 quam

465 1692 757 1756 adulteras,
791 1703 846 1748 ct
868 1694 920 1747 in
960 1694 1063 1748 hoc
1086 1696 1422 1753 incessanter
1444 1710 1751 1769 peccantes,
1783 1709 2042 1774 tanquam

2135 619 2300 673 τητος
2321 602 2529 656 τούτων
2583 600 2946 669 ὲξαγγελτικά
2974 601 3070 654 καὶ
3101 600 3432 655 πιστωτικά.
3472 619 3490 652 ι
3525 602 3718 655 Σπῖλοι

2138 695 2234 748 καὶ
2258 694 2460 765 μῶμοι.
2489 713 2508 746 ι
2538 693 2724 754 Οὐδὲν,
2745 695 2929 765 φησὶν,
2951 693 3162 763 Ιχοντες
3197 691 3570 764 καθαρότητος
3598 695 3728 763 ἑχό-

2143 800 2324 853 μενον,
2355 781 2472 836 ἀλλ’
2501 781 2576 844 ὡς
2619 781 2798 836 σπῖλοι
2847 784 2906 838 ὲν
2935 782 3136 854 ίματίῳ
3161 781 3393 853 καθαρῷ
3424 785 3491 853 τῇ
3518 781 3726 854 ἀκραι-

2139 875 2263 940 φνεῖ
2307 871 2552 942 πολιτείᾳ
2599 872 2958 942 ὶπιφυόμενοι
2987 874 3083 927 καὶ
3137 872 3316 927 πάντα
3353 872 3725 943 μωμὼμενοι,

2139 963 2360 1018 ἐπειδὰν
2395 965 2747 1035 ἀποστήσωσί
2774 982 2950 1030 τινας,
2991 966 3088 1019 καὶ
3114 966 3418 1037 δυνηθῶσιν
3461 965 3726 1034 ἀσελγεῖς

2143 1055 2270 1120 τοὺς
2305 1057 2566 1120 συνόντας
2595 1057 2794 1129 ἄνδρας
2841 1058 2938 1112 καὶ
2982 1055 3247 1127 γυναῖκας
3276 1058 3724 1128 παρασκευάσαι,

2145 1147 2357 1218 τρυφὴν
2415 1147 2677 1220 ἡγοῦνται
2711 1149 2776 1202 τὸ
2827 1151 3084 1221 πρᾶγμα,
3137 1149 3588 1220 ἀποπληροῦντες
3621 1150 3727 1219 τὴν

2143 1237 2354 1292 ἑαυτῶν
2380 1238 2666 1307 ἀσέλγειαν
2691 1280 2708 1307 ,
2745 1239 2883 1294 ἀλλά
2909 1240 3004 1294 καὶ
3035 1241 3502 1312 συνευωχόυμενοί
3527 1258 3724 1312 φησιν,

2145 1329 2294 1401 ὑμῖν,
2323 1330 2385 1384 οὐ
2401 1329 2468 1383 δι’
2483 1330 2705 1402 ἀγάπην
2728 1331 2820 1386 καὶ
2837 1332 2898 1386 τὸ
2921 1331 3362 1403 μεταλαμϐάνειν
3392 1333 3536 1388 άλῶν
3557 1332 3729 1387 τοῦτο

2143 1419 2410 1486 ποιοῦσιν,
2442 1421 2577 1476 ἀλλά
2606 1421 2695 1476 διὰ
2721 1423 2782 1477 τδ
2810 1423 3004 1492 καιρὸν
3046 1423 3321 1495 εὑρίσκειν
3355 1423 3546 1478 τοῦτον
3602 1425 3731 1478 ἑπι-

2142 1513 2351 1582 τηδειον
2365 1515 2464 1586 τῆς
2494 1513 2632 1584 πρὸς
2655 1517 2924 1582 γυναῖκας
2940 1515 3182 1586 ἀπάτης.
3200 1507 3362 1570 Οὗτοι
3389 1516 3498 1587 γὰρ
3519 1515 3728 1585 ὀφθαλ-

2149 1600 2282 1672 μοὺς
2313 1601 2548 1673 ἔχοντες,
2587 1604 2740 1658 οὐδὲν
2788 1604 2916 1660 ἀλλο
2948 1605 3238 1676 βλέπουσιν
3290 1608 3323 1678 ἢ
3381 1609 3727 1680 μοιχαλίδας.

2144 1694 2255 1747 Καὶ
2283 1695 2341 1747 ὲν
2365 1695 2540 1767 τούτῳ
2564 1696 3004 1764 ἀκαταπαύστως
3036 1701 3444 1772 ἁμαρτάνοντες
3494 1700 3572 1764 ὡς
3622 1718 3729 1756 κα-

468 1780 565 1835 tilii
587 1784 972 1839 exsecrationis
997 1785 1112 1840 sive
1133 1789 1735 1856 exsecrabiles,animas
1764 1792 2040 1848 instabiles

2144 1783 2316 1854 τάρας
2362 1786 2563 1852 τέκνα,
2614 1789 2792 1860 ψυχάς
2838 1791 3183 1856 δελεάζουσιν
3233 1793 3620 1864 ἀστηρίκτους.
3655 1794 3724 1846 Ἢ

468 1873 730 1928 inescant.
791 1875 899 1929 Cor
951 1892 1187 1948 namque
1235 1879 1480 1950 ipsorum
1549 1884 1616 1939 ad
1683 1885 1822 1939 nihil
1894 1888 2040 1943 aliud

2145 1877 2255 1946 γὰρ
2298 1877 2496 1949 καρδία
2541 1857 2724 1934 αὐτῶν
2754 1882 2890 1954 πρὸς
2918 1884 3076 1938 οὐδὲν
3113 1884 3302 1955 uno.”
3343 1857 3479 1954 πρὸς
3533 1885 3724 1938 πλεον-

469 1981 630 2032 qnam
657 1967 724 2021 ad
756 1967 1108 2036 cupiditatem
1161 1972 1519 2029 exercitatum
1551 1985 1656 2043 est,
1693 1977 1806 2032 sive
1866 1977 2040 2049 impu-

468 2056 693 2122 dicitia),
723 2059 837 2112 sive
861 2059 1024 2114 etiam
1058 2063 1484 2130 possessionum,
1513 2076 1863 2137 propterqua:
1883 2070 2044 2125 ambo

467 2146 914 2218 den-linquentes
966 2151 1110 2205 viam
1136 2169 1260 2222 qua:
1287 2169 1380 2210 eos
1411 2155 1478 2210 ad
1507 2157 1736 2212 salutem
1762 2159 2044 2228 dirigeret,

468 2237 631 2310 55.6
651 2240 719 2294 ab
748 2240 849 2295 hac
893 2242 1322 2302 aberraverunt:
1371 2247 1626 2318 idemque
1668 2251 1772 2306 illis
1819 2253 2045 2323 contigit

466 2329 612 2399 quod
645 2330 859 2385 Balaam
897 2332 1008 2387 tilio
1036 2333 1223 2402 Bosor,
1263 2337 1521 2406 quoniam
1552 2348 1607 2394 et
1638 2341 1726 2396 ille
1747 2343 1818 2397 ob
1846 2359 2042 2398 mune-

467 2436 586 2474 rum
623 2421 960 2492 largitionem
989 2425 1178 2480 dilexit
1209 2429 1512 2484 mercedem
1567 2430 1906 2502 iniquitatis:
1947 2433 2042 2488 sed

467 2511 905 2579 redargutionem
963 2515 1154 2571 habuit
1204 2518 1273 2574 de
1332 2535 1428 2575 sua
1484 2521 1792 2592 iniquitate,
1847 2539 2044 2594 nempe

467 2604 668 2657 animal
737 2606 1021 2678 subjugale
1081 2619 1321 2674 mutum,
1381 2613 1527 2681 quod
1602 2613 1838 2670 humana
1907 2631 2044 2672 voce

466 2693 697 2762 loquens
730 2697 1007 2763 prohibuit
1030 2700 1311 2768 propheta:
1363 2701 1759 2772 insipientiam.
1814 2705 1884 2760 Et
1917 2707 2043 2762 hinc

468 2799 598 2854 ergo
631 2785 889 2842 discimus
917 2791 1062 2858 quod
1089 2789 1306 2846 Balaam
1354 2801 1576 2864 propter
1633 2809 1746 2850 sua:
1775 2797 2044 2866 cupidita-

469 2876 538 2932 tis
565 2877 845 2943 allectum,
882 2897 1043 2951 quem
1072 2883 1262 2938 insana
1288 2899 1385 2940 sua
1416 2885 1807 2941 vaticinatione
1843 2887 2042 2956 alebat,

467 2970 638 3026 semel
673 2987 703 3026 a
747 2970 855 3028 Deo
883 2973 1212 3043 prohibitus,
1240 2992 1457 3031 rursum
1487 2976 1553 3031 ad
1595 2978 1756 3034 Baiae
1795 2980 2038 3050 pertina-

467 3062 606 3117 citer
640 3064 908 3133 proficisci
932 3068 1300 3138 properabat:
1342 3069 1436 3124 sed
1462 3069 1556 3126 Dei
1591 3087 1794 3142 pavore
1836 3087 2044 3144 praepe-

2146 1968 2296 2032 εξίαν
2327 1970 2626 2040 ὲξήσκηται
2649 1972 2769 2044 ἦτοι
2794 1973 3108 2043 ἀσελγείας,
3150 1974 3182 2045 ἢ
3213 1977 3308 2030 καὶ
3331 1975 3626 2046 κτημάτων
3651 1976 3724 2029 δι’

2145 2057 2289 2129 άπερ
2336 2059 2618 2132 ἀμφότερα
2680 2063 3072 2130 καταλιπόντες
3129 2067 3228 2138 τὴν
3276 2066 3726 2120 κατευθύνουσαν

2143 2149 2341 2215 αὐτοὺς
2389 2154 2470 2216 είς
2523 2155 2802 2226 σωτηρίαν
2858 2157 2999 2221 ὁδὸν,
3055 2157 3448 2228 ἐπλανήθησαν
3493 2159 3722 2228 ταύτης,

2143 2243 2344 2298 ταύτὸν
2385 2246 2646 2312 παθόντες
2667 2247 2746 2320 τῷ
2768 2248 2993 2320 Βαλαὰμ
3013 2249 3107 2304 τοῦ
3128 2252 3318 2319 Βοσόρ.
3361 2251 3513 2306 Ἐπεὶ
3535 2253 3724 2304 κάκεῖ-

2151 2349 2241 2396 νος
2270 2333 2357 2388 διὰ
2399 2335 2727 2408 δωροδοκίαν
2776 2341 2970 2411 μισθὸν
3000 2341 3212 2406 ἀδικίας
3236 2341 3544 2412 ἠγάπησεν,
3571 2342 3724 2410 ελεγ-

2147 2424 2228 2489 ξιν
2247 2425 2305 2479 δὲ
2330 2429 2427 2497 τῆς
2460 2430 2593 2494 ίδίας
2625 2434 2976 2503 παρανομίας
3002 2433 3180 2504 ἔσχεν,
3213 2433 3510 2504 ὑποζύγιον
3562 2435 3720 2503 ἀφω-

2143 2533 2252 2581 νον,
2288 2517 2318 2570 ὃ
2375 2519 2434 2571 ὲν
2488 2520 2777 2592 ἀνθρώπου
2829 2526 2979 2594 φωνῇ
3017 2523 3423 2595 φθεγξάμενον,
3467 2524 3714 2578 ικὼλυσε

2141 2610 2242 2680 τὴν
2268 2608 2363 2663 τοῦ
2388 2614 2668 2684 προφήτου
2713 2617 3115 2688 παραφρονίαν.
3168 2617 3478 2672 Κάντεῦθεν
3534 2618 3722 2673 τοίνυν

2147 2701 2491 2773 μανθάνομεν
2537 2705 2619 2759 ὅτι
2659 2704 2748 2760 διά
2771 2707 2834 2760 τὸ
2889 2708 3222 2778 φιλάργυρον
3273 2709 3439 2763 αὑτοῦ
3477 2710 3653 2772 πάθος
3693 2712 3723 2764 δ

2145 2791 2396 2864 Βαλαὰμ,
2443 2794 2583 2866 ὅπερ
2627 2797 2717 2851 διὰ
2765 2797 2867 2866 τῆς
2897 2797 3199 2870 μανιώδους
3255 2800 3416 2853 αὑτοῦ
3456 2801 3722 2871 μαντείας

2149 2882 2404 2954 ἔτρεφεν,
2462 2887 2609 2954 ἅπαξ
2656 2889 2924 2954 κωλυθεὶς
2967 2892 3071 2944 ὑπὸ
3115 2891 3208 2945 τοῦ
3249 2891 3408 2956 Θεοῦ,
3479 2893 3543 2945 τὸ
3593 2892 3722 2945 δεύ-

2141 2992 2298 3047 τερον
2361 2977 2681 3047 φιλονείκως
2754 2981 3084 3052 πορευθῆναι
3152 2983 3290 3054 πρὸς
3379 2984 3470 3038 τὸν
3533 2985 3722 3038 Βαλὰκ

2145 3070 2531 3140 κατηπείγετο,
2579 3073 2779 3143 καὶτῷ
2812 3074 2960 3145 φόϐῳ
2985 3075 3081 3129 τοῦ
3123 3076 3260 3130 Θεοῦ
3299 3077 3576 3147 πεδηθεὶς,
3625 3078 3724 3131 καὶ

467 3154 634 3220 ditus,
670 3172 734 3212 ac
777 3160 1074 3215 terroribus
1117 3159 1217 3231 qui
1268 3160 1324 3216 in
1361 3161 1446 3216 via
1490 3164 1858 3235 contigerunt,
1915 3180 2040 3220 ver-

2144 3163 2254 3225 τοϊς
2286 3165 2425 3216 κατά
2453 3165 2552 3233 τὴν
2589 3165 2709 3219 ὁδὸν
2743 3165 2982 3235 δείμασι,
3026 3169 3086 3222 τὸ
3117 3168 3271 3238 ῥῆμα
3326 3169 3426 3238 τῆς
3456 3170 3723 3238 εὐλογίας

465 3245 596 3301 bum
617 3247 1010 3307 benedictionis
1029 3268 1137 3307 non
1162 3253 1467 3310 immutavit
1487 3295 1502 3320 ,
1533 3257 1674 3326 quod
1693 3257 2040 3314 divinationis

465 3353 577 3392 non
630 3349 750 3394 erat
801 3342 1060 3407 (diximus
1123 3344 1270 3399 enim
1345 3346 1739 3404 divinationem
1809 3349 2042 3420 proferri

465 3427 684 3485 furente
746 3432 953 3498 animo,
1010 3445 1068 3490 et
1117 3452 1239 3505 quae
1279 3437 1533 3492 dicantur
1581 3438 1912 3510 ignorante),
1940 3441 2038 3496 sed

467 3521 787 3590 prOphetize.
822 3522 1100 3592 Siquidem
1155 3527 1435 3597 prophetae
1486 3529 1785 3600 loquuntur
1809 3532 2043 3588 scientes

465 3627 587 3680 qua:
617 3613 928 3690 loquantur.
958 3616 1115 3673 Unde
1147 3628 1203 3674 et
1223 3620 1547 3690 prophetam
1589 3621 1765 3693 ipsum
1802 3625 2041 3688 vocavit,

467 3709 727 3770 tanquam
753 3705 1014 3762 scientem
1058 3725 1179 3779 qua:
1236 3711 1468 3767 diceret.
1512 3712 1867 3786 Nequaquam
1894 3716 2041 3770 enim

467 3795 692 3849 meliora
741 3797 903 3869 elegit
955 3801 1210 3872 ignorans
1267 3819 1391 3873 qua:
1458 3804 1694 3865 diceret:
1753 3822 1860 3861 non
1913 3823 2042 3878 ergo

465 3887 816 3944 divinationis
862 3890 964 3947 fuit
991 3894 1319 3961 benedictio,
1346 3897 1443 3951 sed
1472 3897 1688 3954 virtutis
1708 3899 1826 3954 Dei.

535 3979 600 4046 ll,
642 3983 702 4036 Π
731 3982 821 4037 εε.
852 3983 948 4038 Isti
972 3995 1095 4040 sunt
1138 3989 1306 4058 fontes
1337 4006 1480 4060 aqua
1533 4001 1790 4059 carentes,
1842 3993 2043 4048 nebula

463 4088 636 4142 quwa
681 4074 911 4143 procella
961 4078 1224 4146 feruntur,
1261 4080 1448 4150 quibus
1495 4080 1666 4152 caligo
1708 4081 2042 4138 tenebrarum

465 4163 518 4216 in
571 4167 822 4220 saaculum
893 4179 1104 4222 servata
1166 4180 1262 4224 est.
1328 4155 1602 4242 Siquidem
1659 4173 1748 4226 ubi
1799 4175 2040 4245 fastuosa

463 4255 715 4308 vanitatis
739 4259 890 4311 verba
925 4261 1215 4322 sonuerint,
1259 4261 1493 4314 inescant
1533 4278 1626 4330 per
1676 4265 2043 4332 concupiscen-

465 4344 567 4396 tias
595 4346 772 4399 carnis
806 4347 861 4398 in
891 4346 1146 4410 lasciviis,
1172 4363 1256 4400 eos
1287 4349 1375 4418 qui
1418 4364 1536 4402 uere
1566 4350 1904 4420 aufugerunt,
1952 4355 2041 4422 qui

463 4435 516 4487 in
545 4451 723 4488 errore
753 4437 1216 4502 conversabantur,
1245 4438 1374 4491 dum
1395 4438 1500 4492 illis
1541 4438 1838 4493 libertatem
1885 4442 2041 4510 polli-

2145 3253 2207 3306 ού
2235 3256 2622 3326 παρεποίησεν,
2651 3257 2788 3326 ὅπερ
2815 3259 2876 3310 οὐ
2905 3258 3004 3328 τῆς
3048 3259 3312 3329 μαντείας
3343 3257 3435 3331 ἦν,
3457 3260 3722 3333 (εἴπομεν

2145 3343 2254 3415 γάρ
2272 3345 2373 3414 τὴν
2406 3347 2664 3415 μαντείαν
2693 3348 3098 3420 ἑκμαινομένης
3132 3351 3502 3422 προφέρεσθαι
3539 3353 3721 3422 ψυχῆς

2145 3439 2238 3492 καὶ
2279 3437 2580 3512 ἀγνοούσης
2606 3441 2674 3493 τά
2722 3441 3034 3512 λεγόμενα,)
3061 3441 3195 3496 ἀλλὰ
3226 3443 3322 3513 τῆς
3356 3443 3716 3514 προφητείας.

2144 3529 2207 3582 Oi
2245 3528 2354 3599 γὰρ
2395 3533 2671 3602 προφῆται
2699 3533 3053 3604 ἐπιστάμενοι
3101 3533 3430 3602 φθέγγονται
3473 3535 3509 3589 ἃ
3549 3534 3719 3605 φοιτ-

2143 3636 2239 3689 γον
2257 3638 2370 3677 ται.
2401 3607 2564 3676 Ὅθεν
2587 3623 2680 3676 καὶ
2705 3625 2997 3694 προφήτην
3025 3625 3188 3679 αὐτὸν
3223 3625 3502 3689 ἐκάλεσεν,
3527 3626 3605 3688 ὡς
3621 3627 3719 3680 καὶ

2144 3712 2508 3784 ἐπιστάμενον
2538 3713 2575 3768 ἃ
2615 3713 2783 3782 λέγει.
2827 3716 2903 3767 Οὐ
2952 3715 3061 3786 γὰρ
3087 3715 3153 3769 ἂν
3187 3718 3245 3769 ὲν
3293 3718 3492 3788 ἐκλογῇ
3522 3716 3721 3787 γέγονα

2142 3801 2252 3854 τῶν
2265 3803 2611 3882 κρειττόνων,
2629 3803 2839 3872 ἀγνοῶν
2855 3803 2891 3858 θ.
2904 3804 3220 3873 φθέγγεται.
3241 3807 3316 3859 Ού
3337 3807 3436 3873 τῆς
3453 3808 3719 3874 μαντείας

2143 3892 2321 3946 τοίνυν
2355 3895 2387 3965 ὴ
2412 3895 2652 3964 εὐλογία,
2683 3895 2820 3949 ἀλλά
2848 3896 2948 3966 τῆς
2980 3897 3263 3967 δυνάμεως
3314 3898 3406 3951 τοῦ
3431 3897 3592 3953 Θεοῦ.

2208 3978 2386 4038 Οὗτοί
2410 3985 2529 4037 εισι
2557 3983 2742 4053 πηγαί
2770 3984 3037 4055 ἄνυδροι,
3069 3986 3316 4056 νεφέλαι
3344 3987 3464 4042 ὑπὸ
3497 3988 3720 4041 λαίλα-

2143 4088 2258 4141 πος
2309 4075 2732 4145 ἐλαυνόμεναι,
2763 4071 2854 4143 οἷς
2883 4081 2916 4132 ό
2945 4077 3117 4148 ζόφος
3178 4077 3284 4133 τοῦ
3319 4080 3579 4144 σκότους
3629 4081 3719 4143 εἰς

2141 4165 2327 4220 αἰῶνα
2369 4167 2681 4236 τετήρηται
2715 4209 2728 4224 .
2772 4169 3104 4240 ’Υπέροτκα
3166 4172 3274 4241 γὰρ
3321 4173 3720 4240 ματαιότητος

2141 4257 2556 4328 φθετξᾶμενοι,
2577 4259 2966 4320 δελεάζουσιν
2996 4261 3066 4315 ἐν
3097 4261 3438 4328 ἐπιθυμίαις
3464 4261 3712 4328 σαρκὸς,

2141 4346 2210 4400 ἐν
2235 4347 2580 4416 ἀσελγείαις
2614 4347 2756 4414 τοὺς
2793 4348 2980 4414 ὄντως
3008 4349 3452 4418 ἀποφυγόντας,
3480 4348 3622 4412 τοὺς
3646 4350 3716 4402 ἐν

2142 4437 2346 4507 πλάνῃ
2410 4438 2976 4508 ἀναστρεφομένους
3003 4477 3018 4502 ,
3076 4439 3436 4508 ἐλευθερίαν
3509 4440 3714 4506 αὐτοῖς

464 4536 665 4589 centur,
700 4543 821 4580 cum
852 4529 952 4596 ipsi
973 4530 1110 4583 servi
1141 4531 1246 4583 sint
1285 4532 1654 4602 corruptionis.
1712 4531 1985 4604 Siquidem
2007 4554 2040 4590 a

2144 4529 2679 4600 ἐπαγγελλόμενοι,
2702 4529 2870 4585 αὐτοὶ
2925 4530 3134 4584 δοῦλοι
3172 4528 3544 4598 ὑπάρχοντες
3600 4527 3712 4596 τῆς

462 4633 566 4687 quo
597 4619 714 4687 quis
741 4628 1021 4685 superatus
1043 4629 1140 4683 est,
1181 4621 1301 4675 huic
1336 4624 1499 4676 etiam
1553 4624 1610 4676 in
1634 4626 1936 4680 seruitutem
1964 4637 2039 4681 est

462 4710 723 4763 addictus.
765 4710 907 4764 Nam
936 4711 983 4764 si
1011 4722 1355 4780 posteaquam
1419 4715 1722 4786 refugerant
1749 4715 1816 4769 ab
1862 4719 2038 4789 inqui-

462 4801 722 4854 namentis
739 4802 923 4856 mundi
938 4820 1032 4874 per
1060 4807 1407 4876 cognitionem
1432 4807 1644 4863 Domini
1662 4819 1714 4864 et
1738 4809 2038 4868 Saluatoris

460 4889 589 4945 Jesu
620 4891 838 4961 Christi,
861 4896 941 4950 Itis
969 4905 1147 4951 tamen
1186 4916 1394 4952 rursum
1424 4901 1648 4955 involuti
1697 4914 2036 4972 superantur,

463 4986 604 5056 facta
635 4996 755 5041 sunt
783 4988 892 5042 illis
922 5002 1182 5057 postrema
1210 4993 1395 5062 pejora
1437 4994 1644 5064 primis.
1662 4994 1844 5050 Satius
1897 4999 2039 5052 enim

461 5078 643 5148 {uisset
668 5078 774 5133 illis
809 5096 912 5133 non
947 5085 1244 5152 cognovisse
1265 5086 1408 5140 viam
1444 5085 1694 5156 justitiaI,
1748 5104 1908 5158 quam
1951 5089 2040 5142 ubi

462 5180 832 5237 cognoverunt,
865 5175 1095 5228 converti
1114 5177 1180 5229 ab
1207 5192 1299 5244 eo,
1313 5178 1450 5247 quod
1494 5177 1602 5233 illis
1635 5179 1890 5234 traditum
1917 5180 2038 5250 fuit,

460 5270 643 5313 sancto
667 5275 948 5333 prazcepto.
971 5264 1075 5320 Sed
1107 5270 1298 5323 accidit
1329 5270 1437 5324 illis
1459 5272 1602 5341 quod
1631 5287 1750 5326 vero
1771 5271 2041 5341 proverbio

461 5352 568 5405 dici
593 5353 761 5407 solet:
789 5354 950 5411 Canis
990 5372 1225 5413 reversus
1271 5361 1343 5414 ad
1368 5377 1525 5416 suum
1557 5363 1722 5434 ipsius
1762 5364 2038 5430 uomitum,

458 5452 508 5495 et
531 5459 619 5497 sus
643 5444 750 5499 lota
780 5445 849 5498 ad
883 5445 1209 5501 volutabrum
1243 5451 1400 5507 caeni.

534 5623 752 5678 Interim
779 5623 908 5679 dum
939 5627 1103 5682 multa
1121 5629 1635 5703 dixissctintcrqua:
1662 5633 1825 5688 etiam
1852 5648 2036 5688 exem-

461 5715 605 5782 plum
639 5715 852 5770 Balaam
877 5717 1120 5785 adduxit,
1160 5739 1376 5778 rursum
1419 5741 1729 5781 sermonem
1755 5726 1821 5780 de
1860 5726 2040 5796 impno

461 5803 536 5859 ri:
582 5802 850 5864 Gnosticis
894 5815 1210 5882 rcsun-npsit,
1243 5813 1401 5887 547
1449 5825 1504 5872 et
1549 5810 1830 5886 comparat
1891 5817 2038 5886 ipsos

2139 4619 2384 4690 φθορᾶς.
2418 4615 2492 4692 Ὦ
2521 4621 2628 4692 γάρ
2657 4640 2744 4688 τις
2783 4622 3046 4691 ἣττηται,
3074 4623 3266 4688 τούτῳ
3295 4621 3393 4676 καί
3419 4619 3711 4677 δεδούλω-

2144 4731 2255 4767 ται.
2286 4715 2357 4766 Ei
2381 4713 2491 4783 γὰρ
2527 4714 2940 4782 ἀποφυγόντες
2969 4714 3040 4768 τὰ
3075 4712 3384 4783 μιάσματα
3408 4711 3514 4766 τοῦ
3563 4712 3711 4764 κόσ-

2135 4824 2255 4876 μου
2285 4807 2355 4859 ἐν
2382 4805 2703 4875 ἐπιγνώσει
2745 4806 2848 4861 τοῦ
2883 4807 3105 4874 Κυρίου
3150 4805 3248 4860 καί
3279 4805 3556 4874 Σωτῆρος
3595 4804 3713 4872 Ἰη-

2141 4898 2258 4953 σοῦ
2307 4899 2582 4966 Χριστοῦ,
2637 4899 2870 4964 τούτοις
2923 4898 2993 4952 δὲ
3047 4897 3234 4952 πάλιν
3303 4897 3717 4968 ἐμπλακέντες

2139 4989 2452 5058 ἡττῶνται,
2487 4990 2736 5061 γέγονεν
2760 4990 2964 5056 αὐτοῖς
2991 4991 3062 5044 τὰ
3081 4989 3313 5058 ἔσχατα
3328 4990 3573 5059 χείρονα
3589 4987 3713 5042 τῶν

2138 5080 2397 5151 πρώτων.
2437 5081 2720 5150 Κρεῖττον
2742 5085 2852 5152 τὰρ
2886 5078 2966 5152 ἦν
2988 5081 3215 5149 αὐτοῖς,
3262 5080 3348 5151 μὴ
3381 5080 3712 5149 ἐπεγνωκέ-

2134 5189 2233 5227 ναι
2257 5173 2372 5242 τὴν
2397 5173 2543 5228 ὁδὸν
2598 5172 2709 5242 τῆς
2756 5173 3169 5241 δικαιοσύνης,
3206 5171 3246 5242 ἢ
3294 5170 3710 5240 ἐπιτνοοῦσιν,

2134 5264 2491 5333 ἐπιστρέψαι
2522 5265 2592 5318 ἐν
2627 5263 2740 5334 τῆς
2789 5263 3231 5332 παραδοθείσης
3282 5260 3486 5326 αὐτοῖς
3538 5259 3713 5329 ἁγίας

2135 5356 2416 5426 ἐντολῆς.
2469 5357 2810 5427 Συμὸέσηκε
2847 5355 2922 5419 δέ
2965 5354 3172 5422 αὐτοῖς
3200 5354 3266 5408 τὸ
3298 5351 3408 5422 τῆς
3445 5351 3713 5422 ἀληθοῦς

2136 5450 2454 5520 παροιμίας
2473 5467 2488 5482 ο
2518 5451 2691 5505 Κύων
2708 5447 3076 5518 ἐπιστρέψας
3100 5446 3198 5500 ἐπὶ
3227 5446 3295 5500 τὸ
3326 5446 3479 5498 lator
3501 5443 3710 5510 ἐξέρα-

2132 5555 2238 5607 μα,
2273 5539 2370 5593 zeal
2404 5535 2480 5606 ὗς
2506 5540 2861 5610 λουσαμένη
2889 5541 2977 5604 εἰς
3005 5539 3273 5607 κύλισμα
3298 5536 3622 5604 βορϐόρου.

2209 5633 2668 5704 Μεταευλογήσας
2700 5633 2889 5693 πολλὰ,
2918 5635 2976 5683 ἐν
2996 5627 3077 5695 οἷς
3094 5631 3157 5684 τὸ
3172 5629 3266 5682 τοῦ
3296 5627 3525 5696 Βαλαὰμ
3540 5626 3710 5694 προή-

2142 5741 2310 5793 γαγεν
2345 5725 2668 5794 ὑπόδειγμα,
2711 5723 3008 5777 ἐπανέλαϐε
3057 5722 3218 5776 πάλιν
3262 5720 3354 5773 τὸν
3414 5718 3541 5785 περὶ
3600 5713 3709 5765 τῶν

2144 5816 2472 5874 ἀκαθάοτων
2498 5815 2820 5894 γνωστικῶν,
2844 5815 3022 5876 λόγον.
3053 5813 3164 5867 Καὶ
3195 5807 3430 5875 animi;
3518 5827 3530 5833 -
3558 5805 3570 5819 ‘
3597 5826 3599 5828 -
3649 5804 3675 5832 ‘-
3695 5819 3706 5827 -
