3986 6576
324 409 433 473 ωδ

1351 412 1734 472 COMMENT.
1781 413 1856 472 1N
1896 415 2133 476 EPIS’F.
2168 418 2228 476 ll
2269 420 2329 479 S.
2366 421 2614 481 PETRI.

3471 419 3578 484 606

321 527 531 597 πηγαῖς
581 524 856 596 ἀνύδροις,
904 525 980 590 ὡς
1028 500 1440 589 ἀπολωλεκότας
1487 527 1548 580 τὸ
1595 528 1693 597 τῆς
1746 527 1893 598 ζωῆς

2016 533 2241 588 'ontibus
2277 551 2414 606 aqua
2470 536 2800 600 carentibus,
2828 543 2887 590 ut
2910 533 3004 605 qui
3029 549 3224 604 aquam
3249 534 3371 589 vita:
3401 532 3580 604 perdi-

321 616 492 686 ὕδωρ.
529 615 801 680 τουτέστι,
848 617 910 669 τὸ
965 615 1060 669 τοῦ
1115 615 1471 688 κηρύγματος
1524 617 1766 689 καθαρὸν
1803 621 1900 674 καὶ

322 709 562 778 πότιμον
613 708 796 778 ὔδωρ,
833 708 861 760 ὃ
919 707 1060 778 ἔχων
1098 709 1127 760 ό
1175 708 1400 780 Κύριος,
1448 708 1675 772 πολλοὺς
1718 711 1896 766 ἀὐτοῦ

320 801 551 872 κορέσαι
575 800 682 854 τῶν
713 802 1045 871 προσιόντων
1077 800 1467 870 ἐπηγγέλλετο.
1498 800 1656 855 Ἀλλά
1689 803 1785 856 καὶ
1809 821 1899 856 νε·-

321 894 517 965 φέλαις
569 895 766 956 αὐτοὺς
793 893 1131 963 παραϐάλλει
1169 893 1273 946 ὑπὸ
1305 893 1618 964 πνεύματος
1666 894 1903 949 ἐλαυνο-

325 991 545 1058 μέναις,
577 987 676 1042 τοῦ
701 987 947 1041 ἐναντίου
967 987 1233 1054 δηλονότι.
1258 985 1352 1039 Διὸ
1383 986 1478 1040 καὶ
1506 987 1747 1040 λαίλαπα
1770 987 1905 1041 αύτὸ

321 1080 611 1145 ἐκάλεσεν,
651 1079 728 1142 ὡς
761 1078 1060 1150 συστρέφον
1102 1079 1196 1132 καὶ
1241 1079 1607 1148 συνταράττον
1636 1079 1697 1132 τὸ
1745 1081 1908 1133 ἐλαυ-

321 1173 579 1243 νόμενον.
609 1169 781 1224 Τοῦτο
809 1170 914 1242 γὰρ
960 1169 1152 1222 εῖωθεν
1177 1171 1213 1240 ἡ
1281 1168 1478 1238 λαῖλαψ
1527 1172 1723 1224 ποιεῖν.
1783 1169 1906 1224 Οῦκ

321 1265 469 1318 είσιν
517 1259 639 1328 οὖν,
669 1264 826 1334 φησὶ,
855 1262 1076 1332 νεφέλαι
1109 1261 1374 1328 διαυγεῖς,
1409 1260 1598 1334 ὥσπερ
1653 1263 1701 1316 oi
1735 1264 1900 1331 ἅγιοι,

325 1357 458 1412 ἀλλ’
481 1355 707 1426 ὁμίχλαι
737 1354 902 1423 ζόφου
951 1353 1167 1425 μεσταίο
1221 1348 1302 1415 οἷς
1335 1353 1364 1405 ό
1401 1352 1564 1423 ζόφος
1602 1355 1681 1417 είς
1709 1343 1903 1420 α’ίῶνα,

332 1449 503 1520 (λέγει
528 1449 588 1504 δὲ
615 1448 716 1518 τὴν
755 1446 1053 1518 μέλλουσαν
1082 1445 1311 1517 κρίσιν,)
1335 1447 1656 1518 τετήρηται.
1689 1447 1799 1506 Καὶ
1819 1447 1908 1502 διά

327 1540 384 1594 τί
412 1557 428 1606 ;
475 1540 757 1609 Ἐπήγαγε
789 1537 886 1608 τὴν
922 1535 1122 1602 αίτίαν,
1151 1538 1232 1590 ὅτι
1264 1539 1359 1591 καὶ
1398 1536 1678 1608 ὑπέρογκα
1712 1537 1778 1590 ἐκ
1805 1553 1910 1605 μα-

327 1635 614 1704 ταιότητος
645 1629 1024 1701 φθεγγόμενοι,
1049 1627 1357 1694 δελεάζουσι
1385 1628 1475 1682 διὰ
1517 1628 1619 1697 τῆς
1645 1627 1912 1700 σαρκικῆς

329 1724 633 1794 ἐπιθυμίας
687 1723 744 1776 ἐν
779 1724 900 1784 ταῖς
934 1720 1246 1788 ἀσελγείαις
1277 1721 1404 1784 τοὺς
1449 1719 1666 1790 ἀληθῶς
1701 1721 1910 1789 ἀποφυο

331 1817 556 1884 γόντας,
585 1813 683 1867 καὶ
723 1812 980 1877 καθάπαξ
1011 1811 1138 1874 τοὺς
1169 1810 1298 1880 πρὶν
1327 1811 1384 1864 ὲν
1416 1809 1591 1881 πλάνῃ
1638 1809 1905 1880 ἀναστρε-

2006 623 2221 687 derunt,
2249 626 2353 680 hoc
2377 635 2479 693 est,
2507 626 2906 697 praedicationis
2947 627 3235 696 puritatem
3282 637 3584 693 aquamun

2007 717 2300 788 potabilcm
2327 736 2338 772 :
2374 735 2532 788 quam
2565 736 2690 774 cum
2731 719 2954 774 haberet
2983 719 3266 783 Dominus,
3295 716 3586 787 promitte-

2008 810 2102 866 bat
2139 826 2200 866 se
2244 813 2443 868 multos
2473 813 2796 868 accedentes
2826 812 2915 866 illa
2956 810 3360 866 satiaturum".
3387 807 3493 862 Sed
3531 814 3586 861 et

2008 902 2245 957 nubibus
2292 905 2436 972 ipsos
2484 916 2764 975 comparat
2813 920 2933 975 quze
2977 920 3008 958 a
3065 903 3260 973 spiritu
3309 901 3580 963 feruntur,

2010 994 2284 1047 contrario
2332 993 2580 1049 videlicet
2619 1011 2634 1049 :
2667 994 2788 1049 ideo
2835 1011 3050 1064 quoque
3102 994 3279 1063 ipsum
3335 992 3585 1062 spiritum

2011 1085 2226 1138 vocavit
2251 1085 2560 1154 procellam,
2595 1095 2848 1156 tanquam
2879 1093 3306 1141 convertentem
3337 1100 3400 1138 ac
3449 1100 3586 1139 con-

2014 1179 2318 1234 turbantem
2352 1180 2402 1233 id
2436 1181 2578 1250 quod
2607 1181 2840 1252 agitatur
2868 1197 2882 1234 :
2918 1181 3020 1234 hoc
3048 1179 3194 1232 enim
3226 1178 3404 1231 facere
3447 1175 3586 1230 solet

1964 1342 1976 1348 _
2011 1273 2268 1344 procella.
2300 1271 2418 1327 Non
2461 1281 2589 1327 sunt
2617 1287 2748 1341 ergo
2795 1272 2970 1325 nubes
3004 1269 3283 1341 pellucidae
3324 1265 3585 1336 queinad-

2011 1363 2233 1418 modum
2265 1363 2456 1428 sancti,
2474 1364 2569 1420 sed
2598 1363 2811 1419 nebula:
2839 1364 3011 1433 plena:
3039 1362 3263 1432 caligine
3284 1361 3348 1413 “.
3379 1359 3587 1424 Quibus

2013 1453 2185 1524 caligo
2215 1453 2268 1507 in
2301 1453 2558 1509 saeculum
2589 1453 2746 1524 (dicit
2771 1461 2955 1508 autem
2988 1462 3256 1507 aeternum
3296 1447 3584 1519 judicium)

2014 1554 2226 1600 servata
2256 1553 2376 1611 est;
2407 1553 2464 1600 et
2509 1560 2671 1616 quam
2710 1545 2781 1600 ob
2827 1545 2987 1599 rem?
3034 1557 3252 1598 causam
3284 1539 3586 1610 subiunxit,

2013 1638 2156 1707 quod
2188 1636 2426 1692 fastuosa
2475 1651 2541 1692 ex
2585 1635 2821 1691 vanitate
2871 1635 3163 1705 loquendo,
3197 1632 3443 1688 inesc:mt
3493 1645 3590 1698 per

2015 1726 2290 1781 carnalem
2323 1726 2819 1796 concupiscentiam
2852 1725 2908 1779 in
2934 1724 3192 1787 lasciviis,
3225 1737 3319 1776 eos
3345 1721 3436 1791 qui
3461 1736 3590 1774 vere

2021 1818 2344 1890 effugerant,
2378 1829 2433 1875 et
2478 1820 2568 1890 qui
2610 1820 2778 1875 semel
2805 1828 2965 1873 antea
2993 1803 3050 1871 in
3085 1831 3270 1872 errore
3305 1828 3594 1868 conversa-

331 1908 624 1978 φομένους.
679 1905 842 1957 ’Ὥστε
890 1903 1200 1970 ἀσελγείαις
1262 1901 1358 1956 καὶ
1417 1899 1760 1966 ἀλαζονείαις
1811 1901 1906 1956 καὶ

2016 1911 2227 1968 bantur.
2259 1913 2447 1983 Itaque
2483 1912 2840 1984 impudicitiis
2865 1921 2920 1966 et
2947 1909 3269 1980 arrogantiis
3304 1923 3366 1962 ac
3396 1908 3592 1974 impie-

331 1998 613 2060 ἀσεϐείαις
637 1996 776 2049 εἰσὶν
823 1994 996 2065 ἔνοχοι
1035 1994 1088 2047 οἱ
1139 1992 1315 2048 ταῦτα
1370 1992 1905 2064 καταπραττόμενοι.

345 2090 509 2144 Ἀλλά
542 2090 636 2142 καὶ
663 2087 864 2152 δοῦλοι,
889 2087 1077 2156 φησὶν,
1099 2085 1252 2148 ὅντες
1281 2085 1432 2139 αὐτοὶ
1452 2085 1550 2156 τῆς
1580 2084 1912 2156 προειρημέ-

330 2201 432 2256 νης
461 2180 825 2253 ἀκαθαρσίας,
855 2181 925 2249 ἢν
957 2180 1050 2234 καὶ
1075 2177 1284 2250 φθορὰν
1307 2178 1533 2242 δικαίως
1561 2177 1737 2237 καλεῖ.
1761 2177 1912 2230 ἐλευ-

332 2277 524 2347 θερίαν
548 2277 662 2337 τοῖς
683 2272 1062 2343 ἀπατωμένοις
1083 2270 1533 2339 ἐπαγγέλλονται,
1553 2271 1653 2341 τῆς
1678 2268 1912 2342 ἀληθοῦς
1949 2307 1956 2312 ς

339 2368 439 2439 μὲν
467 2366 555 2433 οὒ,
603 2366 705 2436 τῆς
741 2365 797 2418 δὲ
828 2363 970 2418 κατά
995 2362 1088 2416 τὸν
1129 2363 1318 2418 ἄνετον
1345 2361 1440 2416 τοῦ
1477 2361 1593 2432 βίου
1625 2360 1792 2432 ζωῆς.
1821 2362 1913 2416 Διὸ

335 2457 433 2514 καὶ⁵
459 2456 722 2527 λογισμὸν
746 2457 966 2526 ἐπάγει,
995 2455 1089 2508 τοῦ
1123 2456 1207 2510 ὅτι
1245 2455 1421 2508 δοῦλοί
1457 2457 1563 2508 εἰσι
1603 2455 1701 2525 τῆς
1731 2455 1913 2526 ἀμαρ-

332 2558 481 2618 τίας⁹
523 2551 826 2625 θαυμάσιόν
874 2568 928 2606 τι
988 2551 1233 2622 φάσκων,
1298 2552 1380 2606 ὅτι
1427 2545 1579 2620 ᾧτινί
1608 2569 1694 2616 τις
1751 2551 1912 2605 πάθει

333 2648 638 2717 νενίκηται,
668 2643 846 2716 τούτῳ
879 2643 978 2698 κα)⁵
1013 2642 1365 2698 δεδούλωται.
1394 2636 1531 2694 Εἶτα
1562 2641 1724 2695 τοῦτο
1753 2641 1913 2696 πάλιν

333 2741 403 2794 δι’
435 2740 630 2811 ἐτέρας
674 2737 1006 2804 ἀποδείξεως
1042 2736 1286 2807 συνιστᾷ.
1331 2734 1446 2798 πῶς
1491 2734 1520 2788 ὃ
1547 2751 1700 2798 τινος
1737 2733 1914 2805 ἡττώ-

341 2849 524 2904 μενος,
551 2831 727 2902 τούτῳ
760 2831 856 2885 καὶ
872 2828 1137 2885 δουλεύει.
1161 2831 1272 2883 Καὶ
1295 2828 1352 2895 ἐξ
1371 2827 1714 2899 ὑπερθέσεως
1738 2830 1914 2882 ποιεῖ-

340 2941 432 2976 ται
468 2922 568 2993 τὴν
606 2920 969 2991 ἐπιχείρησιν.
1000 2939 1018 2970 ι
1040 2918 1112 2972 Ei.
1139 2904 1246 2988 γὰρ
1299 2917 1706 2987 ἀποφυγόντες.
1736 2937 1755 2971 ι
1810 2917 1915 2972 Δύο

335 3013 742 3077 κατασκευάζει
773 3010 863 3066 διὰ
907 3008 1002 3063 τοῦ
1042 3011 1316 3081 παρόντος
1346 3008 1528 3076 λόγου,
1561 3009 1645 3061 ὅτι
1697 3009 1791 3063 καὶ
1835 3007 1914 3078 τῷ

337 3106 570 3178 ἡττῶντι
599 3106 813 3176 ἀνάγκη
851 3103 944 3158 τὸν
995 3102 1308 3172 ἡττώμενον
1362 3099 1658 3164 δουλεύειν,
1714 3101 1807 3155 καὶ
1832 3101 1915 3155 ὅτι

335 3201 386 3254 οί
417 3198 560 3268 μετά
586 3197 686 3268 τὴν
713 3197 1012 3265 ἐπίγνωσιν
1039 3197 1138 3263 τῆς
1156 3194 1435 3265 ἀληθείας,
1462 3193 1624 3248 πάλιν
1653 3193 1912 3264 ἐνεχόμε-

337 3309 420 3347 νοι
453 3294 569 3354 τοῖς
600 3290 915 3362 προτέροις,
941 3289 1152 3360 χείροσι
1179 3289 1287 3341 τῶν
1341 3286 1624 3358 προτέρων
1654 3285 1914 3358 περιέπε-

340 3402 431 3440 σον
461 3383 667 3438 κακῶν.
721 3382 946 3445 Τούτοις
997 3382 1056 3434 δὲ
1091 3380 1189 3434 καὶ
1236 3379 1336 3450 τὴν
1368 3378 1669 3451 παροιμίαν
1718 3378 1914 3447 ἐπάγει

338 3479 658 3550 συνήγορον.
721 3474 913 3528 Ἔστιν
951 3472 1044 3528 οὖν
1086 3473 1205 3536 ὅλος
1241 3473 1270 3526 ὁ
1292 3471 1449 3541 λόγος
1493 3470 1668 3534 οῦτος⁶
1698 3471 1760 3524 Εί
1794 3470 1903 3541 γὰρ

337 3566 635 3638 ἐπιγνώσει
659 3568 756 3619 τοῦ
786 3567 992 3636 Κυρίου
1023 3565 1118 3618 καὶ
1155 3563 1408 3634 Σωτῆρος
1454 3561 1627 3632 Ἰησοῦ
1676 3561 1913 3633 Χριστοῦ

341 3661 718 3730 ἀποφυγόντες
746 3658 820 3712 τὰ
863 3657 1152 3729 μιάσματα
1175 3655 1270 3708 τοῦ
1303 3655 1532 3723 κόσμου,
1553 3653 1766 3719 τούτοις
1810 3656 1915 3708 πά-

340 3750 424 3804 λιν
454 3750 830 3820 ἐμπλακέντες
856 3747 1132 3818 ἡττῶνται
1163 3745 1365 3808 αὐτῶν,
1413 3747 1634 3809 πάντως
1664 3763 1767 3800 που
1819 3745 1916 3800 καὶ

338 3841 685 3897 δουλεύουσιν
725 3841 930 3907 αὐτοῖς,
976 3840 1071 3892 καὶ
1107 3841 1290 3910 χεῖρον
1325 3837 1438 3892 τῶν
1498 3838 1605 3910 πρὸ
1640 3838 1739 3909 τῆς
1796 3839 1916 3891 ἐπι-

340 3931 596 4000 γνώσεως
627 3931 760 4002 περὶ
795 3930 896 4000 τὴν
921 3927 1168 3982 δουλείαν
1204 3927 1413 3981 τούτων
1432 3928 1714 3996 γεγόνασι,
1747 3945 1917 3983 κατα-

341 4021 738 4084 σπουδάζοντος
796 4019 998 4086 αὐτοὺς
1031 4017 1126 4074 τοῦ
1161 4017 1451 4071 ἐπιὸούλου
1498 4017 1658 4089 ἡμῶν
1700 4017 1918 4074 Σατανᾶ

338 4113 545 4184 χείροσι
563 4109 1093 4183 περιενεχθῆναι,είς
1119 4107 1526 4178 ἀπολογίαντῆς
1554 4108 1679 4162 ὅσον
1722 4107 1787 4180 δὴ
1809 4109 1917 4164 τῶν

341 4203 596 4275 πονηρῶν
642 4203 822 4274 ἔργων
841 4200 1060 4272 ἀργίας.
1089 4200 1180 4254 Διὸ
1206 4200 1302 4254 καὶ
1319 4200 1348 4254 ὁ
1381 4199 1706 4264 ’Λπόστολός
1729 4217 1916 4270 φησιν,

338 4297 418 4350 ὅτι
439 4295 632 4364 ἐπειδὴ
643 4295 804 4348 τοῦτο
821 4294 1107 4348 ἀπόκειται
1123 4294 1236 4356 τοῖς
1255 4292 1588 4362 παλινῳδίαν
1599 4292 1708 4346 τῶν
1729 4293 1918 4349 κακῶν

349 4387 559 4458 ᾅδουσι,
593 4387 840 4456 κρεῖττον
890 4379 960 4456 ἦν
993 4384 1177 4446 αὐτοῖς
1211 4383 1346 4455 μηδέ
1378 4383 1699 4452 ἐπιγνῶναι,
1727 4385 1762 4454 ἢ
1798 4387 1912 4439 ἐπι-

341 4477 577 4546 γνόντας
629 4475 872 4547 χείροσιν
930 4474 1156 4528 ἁλῶναι.
1207 4473 1362 4528 Ἐπεὶ
1418 4475 1514 4528 καὶ
1548 4474 1698 4530 κύων
1727 4477 1821 4531 ἐπὶ
1855 4479 1919 4532 τὸ

2015 2006 2215 2061 tatibus
2249 2006 2466 2061 obnoxii
2519 2017 2647 2062 sunt
2695 2007 2788 2077 qui
2837 2008 2953 2061 hate
2993 2011 3329 2075 perpetrant.
3377 1999 3482 2054 Sed
3536 2006 3593 2051 et

2010 2097 2174 2163 servi,
2206 2097 2402 2168 inquit,
2437 2114 2561 2154 cum
2584 2099 2691 2154 sint
2717 2097 2989 2168 praedictae
3018 2093 3397 2154 immunditiue,
3427 2105 3591 2158 quam

2010 2189 2173 2244 etiam
2198 2189 2607 2259 corruptionem
2643 2189 2837 2244 merito
2867 2187 3127 2258 appellat,
3161 2186 3465 2239 libertatem
3505 2181 3591 2235 his

2011 2281 2105 2352 qui
2135 2281 2484 2353 decipiuntur
2511 2280 2855 2352 promittunt,
2884 2293 2992 2332 non
3033 2277 3250 2347 quidem
3273 2289 3415 2328 vene
3443 2273 3588 2336 vitae,

2011 2373 2109 2429 sed
2133 2375 2252 2444 ejus
2274 2388 2396 2444 qua:
2431 2382 2518 2429 est
2559 2372 2860 2428 secundum
2902 2367 3316 2440 indulgentiam.
3342 2365 3466 2420 Ideo
3505 2380 3593 2418 ra-

2014 2467 2218 2544 tionem
2261 2481 2478 2536 quoque
2527 2464 2830 2535 subiungit,
2859 2479 2957 2519 cur
3008 2461 3150 2516 servi
3201 2459 3310 2514 sint
3362 2457 3592 2528 peccati,

2011 2558 2329 2614 admirabile
2353 2557 2612 2628 quiddam
2637 2557 2846 2622 dicens,
2872 2555 3018 2626 quod
3047 2570 3078 2609 a
3102 2567 3424 2623 quacunque
3454 2550 3594 2604 affe-

2012 2650 2194 2705 ctione
2227 2649 2499 2720 quispiam
2533 2649 2783 2705 devictus
2830 2659 2935 2713 est,
2993 2647 3121 2702 huic
3160 2646 3324 2701 etiam
3372 2647 3429 2698 in
3474 2659 3596 2698 ser-

2011 2739 2236 2794 vitutem
2260 2748 2344 2793 est
2376 2738 2645 2794 addictus.
2678 2737 2883 2791 Deinde
2914 2750 3128 2790 rursum
3161 2735 3265 2788 hoc
3280 2731 3386 2785 alio
3405 2745 3594 2784 exem-

2013 2833 2104 2903 plo
2131 2832 2439 2894 confirmat,
2468 2847 2578 2901 quo
2616 2831 2780 2886 modo
2802 2831 2848 2886 is
2873 2829 2965 2900 qui
2999 2829 3067 2883 ab
3096 2828 3277 2896 aliquo
3303 2833 3595 2894 superatus

2013 2935 2118 2989 est,
2149 2924 2278 2980 huic
2307 2925 2471 2980 etiam
2499 2924 2722 2988 serviat,
2755 2933 2809 2978 et
2837 2939 2903 2978 ex
2935 2918 3434 2992 praesuppositione
3462 2916 3592 2970 fac't

2013 3026 2416 3088 argumentum.
2447 3035 2465 3068 ι
2511 3013 2644 3070 Nam
2673 3015 2740 3070 °si
2785 3023 3136 3084 posteaquam
3193 3009 3524 3079 refugerant.
3568 3025 3586 3057 ι

2015 3105 2283 3165 Praesenti
2309 3123 2565 3164 sermone
2587 3107 2696 3162 duo
2735 3105 2948 3161 ellicere
2978 3103 3190 3166 nititur,
3224 3108 3278 3154 et
3318 3098 3459 3168 quod
3495 3112 3592 3150 ne-

2017 3213 2170 3255 cesse
2197 3200 2268 3256 sit
2293 3214 2418 3254 eum
2452 3197 2545 3269 qui
2578 3205 2868 3267 superatur
2900 3193 3108 3248 servire
3151 3190 3199 3244 ei
3241 3205 3268 3243 a
3298 3203 3406 3258 quo
3431 3202 3594 3254 supe-

2018 3299 2172 3346 ratur
2217 3309 2230 3347 :
2287 3299 2342 3345 et
2370 3289 2514 3360 quod
2562 3289 2619 3342 hi
2664 3286 2757 3357 qui
2800 3293 2926 3356 post
2970 3281 3299 3355 agnitionem
3352 3275 3594 3332 veritatis

2017 3397 2234 3438 rursum
2283 3381 2466 3452 priora
2528 3379 2953 3450 amplectuntur,
3004 3375 3061 3428 in
3106 3371 3292 3442 pejora
3347 3366 3591 3422 incidunt

2013 3487 2178 3544 quam
2210 3471 2414 3527 fuerint
2438 3469 2616 3540 priora
2639 3466 2798 3523 mala.
2831 3464 2929 3520 llis
2955 3472 3133 3518 autem
3163 3469 3216 3515 et
3246 3453 3590 3529 proverbium

2015 3566 2294 3636 subiungit
2334 3565 2388 3620 in
2426 3561 2747 3619 subsidium.
2782 3558 2882 3614 Est
2908 3569 3040 3627 ergo
3071 3562 3219 3609 totus
3259 3563 3440 3606 sermo
3487 3546 3590 3601 hoc

2016 3659 2180 3716 modo
2201 3657 2538 3714 ordinandus
2565 3672 2580 3711 :
2600 3654 2735 3710 Nam
2773 3653 2819 3708 si
2842 3661 3191 3730 posteaquam
3213 3659 3310 3716 per
3329 3639 3594 3730 cognitio-

2016 3767 2144 3808 nem
2165 3749 2381 3805 Domini
2406 3757 2461 3804 et
2482 3745 2779 3802 Salvatoris
2807 3727 2938 3797 Jesu
2963 3737 3166 3796 Christi
3194 3735 3506 3806 refugerant
3528 3726 3596 3783 ab

2017 3841 2448 3914 inquinamentis
2471 3837 2682 3902 mundi,
2719 3835 2804 3889 his
2826 3847 3044 3886 rursum
3081 3825 3309 3884 involuti
3338 3836 3596 3892 superam

2018 3952 2108 3998 tur
2134 3941 2202 3995 ab
2223 3938 2375 4010 ipsis,
2404 3936 2590 4006 utique
2622 3933 2786 3988 etiam
2816 3930 2898 3985 eis
2920 3928 3188 3989 serviunt,
3223 3932 3276 3980 et
3309 3922 3362 3976 in
3399 3921 3594 3976 horum

2017 4032 2282 4089 servitute
2322 4029 2508 4099 pejora
2547 4023 2651 4082 sibi
2685 4021 3016 4092 contingunt
3051 4031 3216 4088 quam
3245 4022 3372 4070 ante
3411 4010 3595 4081 cognio

2019 4125 2247 4188 tionem,
2280 4119 2577 4192 plurimum
2608 4115 2892 4171 annitente
2929 4109 3245 4164 insidiatore
3274 4114 3462 4160 nostro
3495 4103 3590 4156 Sa-

2021 4226 2145 4271 tana
2173 4223 2233 4269 ut
2263 4213 2328 4268 ad
2359 4212 2544 4283 peiora
2569 4207 2930 4265 devolvantur
2973 4203 3029 4257 in
3061 4197 3442 4270 repensionem
3473 4195 3565 4248 diu

2020 4316 2196 4362 turnze
2225 4302 2545 4360 cessationis
2582 4315 2613 4355 a
2662 4297 2845 4368 pravis
2893 4292 3173 4365 cperibus.
3208 4289 3331 4344 Ideo
3377 4298 3592 4356 quoque

2019 4399 2152 4456 dicit
2179 4395 2472 4468 Apostolus
2499 4391 2645 4463 quod
2681 4385 3122 4460 quandoquidem
3157 4384 3261 4437 hoc
3303 4379 3409 4433 illis
3458 4393 3584 4468 cou-

2021 4492 2179 4560 tingit
2213 4467 2563 4544 etmalorum
2593 4487 2794 4539 canant
2825 4477 3181 4550 palinodiam,
3208 4469 3371 4543 548
3400 4467 3591 4522 melius

340 4570 474 4624 ῐδιον
510 4569 754 4640 ἐξέραμα
787 4569 1155 4639 ἐπιστρέφων,
1195 4565 1636 4640 βδελυκτότερος.
1679 4570 1748 4624 Ἀ
1804 4571 1912 4642 γάρ

2020 4581 2128 4640 sibi
2151 4580 2346 4636 fuisset
2373 4594 2446 4633 ne
2487 4574 2809 4648 cognovisse
2847 4570 3069 4641 quidem
3089 4565 3396 4628 veritatem,
3429 4571 3590 4629 quam

340 4661 562 4732 ἡφύσις
614 4661 918 4732 μισήσασα,
948 4658 1258 4713 ἀποὸλῦσαι
1303 4659 1466 4713 αὑτὸν
1506 4661 1914 4732 κατηνάγκασε.

339 4753 516 4806 ταῦτα
545 4753 707 4806 πάλιν
736 4750 1058 4821 ποιούμενος
1087 4751 1318 4822 τροφὴν,
1345 4753 1445 4806 καὶ
1474 4753 1551 4816 ὡς
1597 4755 1918 4824 διεφθορότα

342 4841 563 4906 ἐσθίων,
589 4842 686 4896 καὶ
701 4840 778 4906 ὡς
807 4842 878 4895 τά
896 4844 965 4913 τῇ
995 4840 1156 4910 φύσει
1184 4841 1608 4912 ἐξημϐλωμένα,
1637 4843 1921 4915 βδελυκτό-

341 4951 520 5005 τερος,
543 4937 638 4989 καὶ
673 4929 738 4998 ὗς
771 4934 936 4989 πάλιν
966 4929 1400 5004 ἀποκυλισθῆναι
1432 4935 1690 5003 ζητοῦσα,
1716 4940 1764 4992 εί
1788 4937 1919 5010 βορ-

344 5027 491 5099 ϐόρῳ
519 5028 681 5083 τοῦτο
710 5029 912 5101 ποιοίη,
947 5025 1320 5100 ῥυπαρωτέρα
1351 5027 1464 5082 τῶν
1509 5029 1795 5102 προτέρων
1823 5031 1920 5103 ρύο

343 5133 462 5172 πων
497 5118 718 5191 φανείη.

917 5386 1172 5442 ΚΕΦΔΛ.
1229 5388 1306 5442 Δ’.

358 5471 777 5560 ’ἐπανάληψις
802 5474 938 5554 περὶ
968 5477 1184 5560 κακίας
1231 5473 1916 5560 ἀνθρώπῳμίρξτικῶγ.

427 5542 531 5618 ξεν
556 5542 606 5610 ᾧ
647 5545 780 5618 περί
817 5542 925 5618 τοῦ
951 5543 1075 5618 πῶς
1125 5543 1437 5618 αίςςνιδίῳς
1498 5542 1919 5618 ἦεείΧρισ-τὸς

414 5611 512 5666 ἐπὶ
546 5614 872 5682 συντελείᾳ
912 5613 1088 5668 τοῦδε
1123 5611 1230 5669 τοῦ
1282 5611 1535 5681 αἰῶνος.
1561 5611 1742 5674 Ὥστε
1790 5611 1919 5678 δεῖᾶ

414 5679 857 5750 εὐτρεπίζεσθαι
889 5683 1056 5752 πάσῃ
1077 5684 1278 5753 ἀρετῇ.

422 5775 655 5842 Ταύτην
678 5774 816 5844 ἤδη,
866 5777 1181 5847 ἀγαπητοὶ,
1222 5777 1511 5846 δευτέραν
1545 5783 1684 5852 ὑμῖν
1716 5784 1914 5854 γράφω

420 5890 463 5922 ’³
512 5888 673 5948 Joan.
708 5904 747 5962 ι,
790 5889 1000 5964 ϐλεοιιίι.
1077 5891 1245 5949 “lsa.
1277 5907 1368 5972 kx,
1393 5893 1447 5949 2.

2016 4675 2107 4730 ubi
2141 4678 2510 4744 cognoverant
2543 4665 2822 4738 peioribus
2851 4660 2994 4732 capi.
3041 4651 3495 4744 Quandoquidem
3539 4656 3590 4704 et

2013 4762 2166 4818 canis
2193 4740 2261 4816 ad
2287 4775 2446 4815 suum
2478 4757 2648 4828 ipsius
2680 4753 2946 4810 vomitum
2977 4762 3273 4805 conversus
3311 4740 3592 4799 abomina-

2014 4855 2177 4912 bilior
2197 4862 2302 4908 est.
2340 4851 2474 4906 Nam
2497 4865 2619 4922 quae
2645 4856 2842 4902 natura
2869 4844 3079 4904 oderat,
3101 4848 3159 4896 et
3188 4836 3263 4892 ita
3302 4849 3430 4892 eum
3453 4831 3584 4901 abji-

2012 4962 2140 5004 cere
2167 4953 2439 5017 coegerat,
2465 4943 2584 4999 haec
2628 4953 2845 4995 rursum
2891 4937 2948 4991 in
2999 4932 3210 4990 deliciis
3264 4929 3494 4990 habens,
3532 4931 3587 4980 et

2013 5015 2290 5108 tanquam
2314 5049 2376 5089 ea
2405 5048 2528 5102 qua:
2574 5035 2936 5098 corrumpunt
2961 5026 3150 5088 edens,
3177 5035 3243 5076 ac
3287 5015 3455 5108 veluti
3496 5027 3592 5084 per

2023 5106 2237 5183 natura:
2279 5123 2527 5178 abortum
2563 5120 2760 5191 eiecta,
2806 5113 3220 5173 abominabilior
3247 5117 3352 5166 est.
3385 5106 3452 5162 Et
3498 5118 3589 5160 sus

2025 5228 2243 5268 rursum
2267 5224 2516 5280 quaarens
2551 5207 2776 5273 revolvi,
2809 5207 2853 5264 si
2881 5207 2985 5261 hoc
3021 5205 3076 5260 in
3121 5204 3236 5258 luto
3265 5199 3447 5266 faciat,
3475 5209 3583 5252 sor-

2017 5304 2195 5361 didior
2221 5301 2502 5374 apparebit
2521 5316 2683 5371 quam
2712 5299 2916 5355 fuerint
2945 5297 3154 5368 priores
3181 5292 3390 5350 sordes.

2615 5391 2856 5464 iCAPU'l‘
2894 5390 2986 5446 ιν.

2014 5483 2274 5554 Repetitio
2303 5488 2368 5538 de
2399 5484 2606 5538 malitia
2653 5483 2921 5537 hominum
2951 5476 3315 5554 hereticorum
3340 5470 3590 5554 :ninouo

2086 5540 2248 5609 ctiam
2268 5556 2446 5624 agitur
2470 5571 2570 5623 quo
2592 5562 2745 5624 pacto
2773 5555 3240 5624 repenteoenturus
3265 5540 3589 5624 δίιίξίινίειιιε

2090 5625 2145 5678 in
2177 5613 2622 5679 consummatione
2650 5623 2806 5690 hujus
2829 5613 3016 5673 ἐαέιιίὶ
3049 5634 3067 5671 ;
3093 5618 3269 5686 itaque
3295 5613 3420 5666 dicit
3439 5625 3591 5677 opor-

2093 5697 2373 5750 tere'omni
2400 5697 2590 5749 virtute
2621 5691 2894 5746 adornari.

2028 5797 2034 5804 ‘
2095 5789 2183 5844 Ill.
2219 5789 2328 5844 1-4.
2355 5787 2525 5843 Hasce
2531 5788 2650 5858 jam
2677 5787 2890 5848 alteras,
2917 5779 3232 5843 charissimi,
3261 5777 3397 5834 vobis
3421 5776 3585 5831 scribo
