3986 6570
320 2732 332 2746 ‘
402 2736 523 2776 rum
546 2724 627 2778 ηε
655 2742 673 2775 ι
704 2722 907 2782 Omnes
933 2729 1079 2782 enim
1107 2728 1178 2783 illi
1205 2730 1417 2786 Domini
1440 2733 1736 2790 adventum
1760 2753 1976 2793 annun-

411 430 515 499 607

1465 426 1862 497 (ECUMENII
1901 431 2189 493 TRlCCt‘E
2228 426 2569 492 EPISCOPI

3543 420 3665 486 608

401 555 629 623 litteras,
662 557 719 611 in
742 553 924 626 quibus
943 552 1221 608 exstimulo
1239 560 1461 607 vestram
1489 552 1545 605 in
1577 549 1972 605 eommonitione

2077 543 2437 613 ἐπιστολὴν,
2478 543 2550 597 ἐν
2570 535 2667 607 αῖς
2716 537 2982 608 διεγείρω
3005 533 3174 605 ὑμῶν
3220 530 3661 603 bottom-riae:

405 646 668 699 sinceram
705 653 928 697 mentem
959 658 977 696 :
1009 651 1064 695 ut
1094 652 1344 694 memeres
1382 638 1525 694 scitis
1556 639 1832 693 verborum
1865 652 1981 708 quin

406 735 657 804 praedicta
689 743 808 787 sunt
838 749 870 785 a
902 731 1097 784 sanctis
1130 729 1412 799 prophetis,
1440 739 1489 783 et
1528 730 1775 798 praecepti
1814 728 1979 781 nostri

406 825 498 894 qui
517 841 695 878 sumus
722 823 948 893 apostoli
991 822 1201 875 Domini
1245 834 1291 875 et
1321 820 1614 876 Saluatoris
1637 820 1758 875 Iesu
1800 834 1819 873 :
1849 820 1981 874 illud

404 902 629 982 prirnum
660 917 878 969 scientes
907 923 1149 967 venturos
1180 914 1232 966 in
1261 913 1507 967 extremis
1530 912 1708 967 diebus
1736 911 1979 966 itlusores

405 1009 495 1077 qui
536 1004 697 1075 juxta
738 1009 977 1077 proprias
1023 1006 1468 1074 concupiscentias
1510 1007 1775 1061 ambulent
1808 1016 1857 1059 et
1893 1007 1980 1060 di-

406 1107 528 1150 cant
558 1114 576 1150 :
619 1098 710 1152 Ubi
758 1110 828 1151 est
874 1096 1187 1167 pollicitatio
1225 1098 1477 1151 adventus
1521 1097 1680 1163 eius?
1723 1097 1980 1167 siquidem

403 1206 466 1242 ex
489 1206 586 1258 quo
609 1192 692 1242 die
725 1198 900 1257 patres
927 1188 1337 1255 obdormierunt,
1364 1188 1543 1241 omnia
1573 1188 1647 1241 sic
1672 1196 1978 1258 permanent

403 1282 467 1335 ab
498 1283 649 1335 initio
678 1283 980 1336 creationis.

476 1457 552 1510 Ex
589 1456 675 1512 his
705 1458 839 1515 duas
859 1474 979 1514 esse
1008 1460 1267 1516 discimus
1292 1460 1575 1516 universas
1608 1460 1751 1517 Petri
1779 1462 1981 1533 episto-

401 1549 502 1602 las.
529 1543 694 1601 Perro
723 1550 866 1618 quod
898 1550 993 1616 ait,
1042 1569 1060 1601 ι
1107 1550 1166 1605 In
1195 1552 1395 1620 quibus
1420 1551 1712 1607 exstimulo
1741 1562 1978 1607 vestram

404 1641 457 1693 in
507 1642 934 1697 commenitione
983 1644 1253 1697 sinceram
1289 1654 1549 1710 mentem,
1585 1660 1606 1696 ι
1652 1659 1748 1713 per
1782 1644 1979 1715 hyper-

403 1731 569 1784 baton
596 1731 1005 1803 intclligendum
1034 1743 1117 1788 est
1153 1734 1255 1788 hoc
1296 1735 1458 1789 modo
1494 1749 1507 1785 :
1545 1735 1607 1788 ln
1637 1735 1836 1804 quibus
1867 1736 1982 1806 epi—

404 1821 575 1885 stolis,
632 1821 682 1875 id
735 1830 819 1876 est
862 1839 958 1893 per
989 1839 1125 1892 quas
1179 1824 1457 1894 epistolas,
1519 1825 1810 1880 exstimulo
1863 1827 1976 1880 sin-

2082 633 2199 702 τὴν
2215 632 2506 703 εἱλικρινῆ
2523 630 2815 695 διάνοιαν,
2834 626 3180 699 μνησθῆναι
3229 625 3351 680 τῶν
3382 641 3665 695 προειρη-

2076 727 2279 795 μένων
2285 722 2568 794 ῥημάτων
2590 722 2713 777 ὑπὸ
2726 719 2846 774 τῶν
2870 718 3056 788 ἁγίων
3071 713 3409 786 προφητῶν,
3427 715 3525 768 καὶ
3544 713 3663 781 τῆς

2080 815 2200 871 τῶν
2231 816 2590 871 ἀποστόλων
2639 810 2809 882 ἡμῶν
2848 807 3107 877 ἐντολῆς
3156 806 3265 861 τοῦ
3296 806 3517 874 Κυρίου
3553 803 3660 858 καὶ

2081 904 2355 976 Σωτῆρος
2373 922 2390 938 ο
2435 904 2640 972 Ἰησοῦ
2662 903 2838 958 τοῦτο
2864 900 3099 971 πρῶτον
3119 897 3536 969 γινώσκοντος,
3563 896 3658 949 ὅτι

2080 994 2437 1048 ἐλεύσονται
2476 991 2571 1046 ἐπ’
2618 988 2881 1060 ἐσχάτου
2908 987 3030 1041 τῶν
3067 985 3306 1056 ἡμερῶν
3338 983 3655 1053 ἐμπαῖκται

2081 1085 2231 1140 κατὰ
2250 1085 2357 1152 τὰς
2383 1084 2536 1150 ιδίας
2562 1082 2760 1137 αὐτῶν
2776 1072 3093 1149 ἐπιθυμίας
3121 1081 3530 1146 πορευόμενοι,
3553 1075 3656 1129 καί

2088 1182 2397 1246 λέγοντες,
2433 1176 2560 1232 Ποῦ
2580 1176 2755 1231 ἔστιν
2779 1175 2819 1242 ἡ
2846 1173 3174 1244 ἐπαγγελία
3187 1170 3300 1239 τῆς
3317 1169 3658 1238 παρουσίας

2080 1270 2267 1323 αὑτοῦ
2280 1285 2301 1335 ;
2330 1267 2448 1339 Ἀφ’
2477 1265 2554 1339 ἧς
2574 1267 2685 1339 γὰρ
2707 1270 2760 1321 οι
2776 1267 3028 1334 πατέρες
3050 1262 3482 1334 ἐκοιμήθησαν,
3501 1260 3659 1314 πάνυ

2079 1374 2153 1412 τα
2182 1359 2370 1425 οὕτως
2393 1357 2657 1428 διαμένει
2703 1357 2805 1412 ἀπ’
2839 1353 3029 1424 ἀρχῆς
3057 1353 3331 1420 κτίσεως.

2152 1449 2249 1503 Ἐκ
2285 1449 2491 1504 τούτων
2528 1448 2874 1520 μανθάνομεν
2894 1445 2989 1501 δύο
3017 1443 3119 1508 τὰς
3160 1444 3341 1507 πάσας
3383 1437 3527 1495 εἶναι
3554 1439 3655 1494 τοῦ

2080 1540 2288 1612 Πέτρου
2311 1540 2621 1604 ἐπιστολάς.
2663 1539 2738 1593 Τὸ
2784 1537 2866 1605 δὲ,
2905 1555 2925 1590 s
2961 1536 3050 1590 Ἑν
3082 1531 3171 1600 αἷς
3218 1534 3469 1604 διεγείρω
3523 1534 3657 1602 ὑμῖν

2078 1634 2139 1686 ὲν
2164 1632 2471 1704 ὑπομνήσει
2503 1631 2601 1703 τὴν
2621 1630 2888 1700 εἱλικρινῆ
2921 1628 3182 1691 διάνοιαν,
3205 1645 3222 1679 ι
3256 1629 3316 1679 ἐν
3360 1622 3657 1694 ὑπερϐατῷ

2080 1724 2377 1779 ἀκουστέον
2435 1723 2612 1787 οὕτως
2635 1739 2651 1755 ·
2700 1722 2791 1776 Ἐν
2842 1717 2932 1784 αἷς
2981 1718 3316 1782 ἐπιστολαῖς.
3365 1717 3654 1779 τουτέστι,

2080 1813 2147 1866 δι’
2204 1806 2281 1867 ῶν
2338 1811 2661 1877 ἐπιστολῶν,
2730 1808 2929 1882 ἐγείρω
2969 1809 3070 1876 τὴν
3098 1810 3157 1861 ὲν
3194 1808 3324 1877 ύμῖν
3381 1806 3655 1876 εἰλικρινῆ

403 1925 584 1963 ceram
641 1925 761 1980 quae
818 1913 870 1966 in
925 1913 1075 1967 vobis
1114 1922 1197 1968 est
1249 1923 1507 1968 mentem.
1547 1915 1785 1971 Sincera:
1830 1916 1972 1972 enim

2077 1905 2339 1961 διάνοιαν.
2388 1902 2732 1974 Είλικρινοῦς
2775 1878 2907 1973 γάρ
2954 1898 3197 1964 διανοίας
3253 1899 3347 1951 καὶ
3402 1897 3658 1966 καθαρᾶς

403 2012 467 2051 ac
499 2014 648 2065 pura:
681 2001 882 2055 mentis
913 2012 995 2056 est
1022 2018 1208 2057 eorum
1239 2021 1358 2073 qua:
1389 2006 1569 2059 audita
1601 2016 1729 2061 sunt
1760 2015 1854 2061 aut.
1889 2024 1979 2065 sa-

401 2086 657 2141 lutarium
689 2104 809 2158 quin
842 2090 1084 2161 deposita
1120 2103 1249 2148 sunt
1286 2096 1601 2150 meminisse
1629 2107 1685 2151 et
1715 2099 1979 2154 exstimu-

401 2173 499 2226 lari
535 2173 698 2246 54.9
741 2178 891 2232 omni
936 2181 1138 2236 virtute
1190 2184 1470 2253 animique
1520 2188 1975 2257 promptitudine,

2077 1998 2187 2052 τῶν
2215 1999 2320 2069 ἠδη
2346 1995 2724 2052 ἀκουσθέντων
2750 1993 2783 2065 ἢ
2806 1991 3182 2047 ἀποτεθέντων
3197 1989 3483 2061 σωτηρίων
3510 2005 3655 2057 μνη-

2076 2092 2298 2162 σθῆναι,
2330 2091 2432 2144 καὶ
2460 2086 2830 2173 διεγερθῆναι,
2868 2085 3006 2156 πρὸς
3022 2081 3368 2152 ἱπανάληψιν
3391 2080 3493 2152 τῆς
3519 2081 3654 2135 τού-

2070 2198 2186 2237 των
2223 2183 2486 2255 ἐργασίας
2528 2181 2679 2255 πάσῃ
2717 2178 2946 2249 δυνάμει
2997 2176 3095 2231 καὶ
3137 2174 3436 2248 προθυμίᾳ.
3485 2174 3654 2227 Ἀπε-

399 2263 466 2318 ad
501 2268 849 2335 repetendam
893 2270 1089 2333 horum
1127 2275 1525 2343 operationem.
1563 2277 1820 2347 Deposita
1851 2290 1972 2335 sunt

2076 2272 2211 2345 τὲθη
2244 2275 2301 2328 δὲ
2346 2274 2435 2328 διὰ
2471 2273 2583 2328 τῶν
2629 2269 2988 2346 προφητικῶν
3029 2268 3224 2337 λόγων,
3258 2266 3326 2320 δι’
3356 2264 3653 2322 ἀποστολι-

400 2365 581 2410 autem
606 2372 704 2428 per
735 2360 1083 2432 propheticos
1110 2379 1392 2421 sermones
1412 2376 1470 2423 et
1487 2370 1815 2439 apostolicas
1841 2387 1972 2442 pra:-

396 2443 724 2498 dicationes-

2077 2366 2193 2422 κῶν
2222 2368 2620 2441 κηρυγμάτων.

438 2445 724 2505 icationes.
2282 2462 2285 2463 '
2422 2466 2425 2467 ν

466 2535 698 2607 Propter
754 2543 899 2611 quod
948 2551 1003 2598 et
1046 2543 1245 2600 Paulus
1299 2548 1483 2603 dicit:
1529 2568 1549 2602 ι
1605 2551 1972 2622 Superstructi

2147 2546 2226 2598 Δι’
2262 2544 2293 2598 δ
2320 2544 2412 2597 καὶ
2456 2541 2672 2608 Παῦλος
2694 2540 2882 2612 φησιν’
2919 2534 3527 2610 ΓΕποικοδομούμενοι
3552 2534 3656 2588 ἐπὶ

399 2643 568 2697 super
631 2631 1046 2690 fundamentum
1124 2640 1490 2708 apostolorum
1558 2652 1615 2699 et
1682 2648 1972 2717 propheta-

2076 2634 2155 2708 τῷ
2183 2635 2420 2707 θεμελίῳ
2448 2635 2559 2687 τῶν
2589 2632 2901 2688 ἀποστόλων
2918 2630 3014 2684 καὶ
3038 2628 3357 2701 προφητῶν.
3388 2646 3408 2680 ι
3442 2627 3652 2687 Πάντες

2064 2729 2186 2801 γὰρ
2222 2720 2371 2781 οὗτοι
2400 2729 2500 2797 τὴν
2547 2725 2644 2778 τοῦ
2673 2724 2883 2796 Κυρίου
2909 2723 3216 2793 παρουσίαν
3253 2721 3647 2791 κατήγγειλαν,

398 2815 697 2876 tiaverunt.
745 2827 801 2872 et
852 2820 1089 2889 primum
1125 2830 1179 2876 et
1216 2825 1538 2892 secundum,
1594 2844 1698 2884 nec
1758 2841 1972 2901 oportet

2076 2822 2167 2876 καὶ
2211 2819 2311 2890 τὴν
2353 2818 2578 2890 πρώτην
2629 2819 2724 2872 καὶ
2756 2817 2857 2889 τὴν
2902 2815 3187 2885 δευτέραν,
3226 2815 3319 2868 καὶ
3347 2814 3448 2873 οὐκ
3495 2812 3647 2867 ἐστιν

397 2906 639 2962 diuidere
680 2911 846 2965 tantis
896 2927 959 2966 ac
1007 2913 1203 2969 talibus
1255 2902 1501 2973 testibus.
1536 2919 1603 2974 Et
1644 2922 1775 2990 quid
1825 2924 1969 2988 dico,

2076 2914 2320 2969 ἀπιστεῖν
2375 2911 2654 2974 τοσούτοις
2694 2908 2931 2980 μάρτυσι
2981 2908 3077 2961 καὶ
3123 2904 3487 2977 τηλικούτοις.
3538 2905 3651 2960 Καὶ
3758 2956 3765 2961 .

395 2996 595 3068 inquit,
626 3002 923 3071 prophetas
952 3014 1008 3060 et
1030 3008 1325 3076 apostolos,
1353 3012 1496 3078 quod
1528 3016 1972 3073 annuntiaveriut

2076 3006 2141 3070 τί,
2172 3004 2327 3072 φησὶ,
2367 3002 2515 3071 λέγω
2555 3001 2842 3073 προφήτας
2870 2998 2967 3052 καὶ
2984 2992 3362 3062 ἀποστόλους,
3395 2999 3478 3052 ὅτι
3508 3016 3649 3053 κατ-

397 3098 452 3142 et
483 3092 715 3160 primum
754 3103 807 3149 et
849 3098 1149 3153 secundum
1189 3100 1403 3157 Domini
1436 3104 1859 3163 adventumTEt
1886 3086 1970 3164 est

2076 3096 2331 3169 ἢγγειλαν
2366 3095 2461 3149 καὶ
2508 3097 2610 3163 τὴν
2645 3091 2872 3164 πρώτην
2906 3092 3004 3146 καὶ
3041 3091 3141 3162 τὴν
3183 3091 3448 3163 δευτέραν
3476 3091 3648 3146 αὐτοῦ

398 3181 505 3236 hoc
528 3184 686 3239 modo
713 3188 976 3242 sumenda
1000 3190 1269 3248 ordinatio
1294 3210 1307 3247 :
1333 3193 1598 3251 Memorcs
1628 3199 1747 3253 sitis
1777 3201 1967 3255 verbo-

2076 3191 2161 3245 ιοῦ
2189 3190 2396 3260 Κυρίου
2416 3187 2509 3242 καὶ
2538 3186 2799 3257 Σωτῆρος
2815 3185 2971 3255 ἡμῶν
2997 3184 3335 3255 παρουσίαν;
3362 3184 3474 3239 Καὶ
3500 3185 3648 3239 ἐστιν

396 3288 517 3326 rum
548 3290 668 3343 quae
697 3279 952 3346 praedicta
981 3292 1109 3337 sunt
1129 3299 1156 3337 a
1175 3286 1376 3339 sanctis
1399 3291 1681 3358 prophetis
1706 3302 1761 3346 et
1779 3307 1808 3345 a
1832 3308 1974 3363 prte-

399 3374 561 3432 cepto
612 3377 803 3422 nostro
851 3371 942 3439 qui
998 3388 1187 3427 sumus
1236 3377 1486 3445 apostoli,
1541 3385 1596 3432 et
1632 3396 1661 3434 a
1705 3392 1975 3453 prteceptu

402 3454 613 3510 Domini
663 3467 720 3514 et
752 3458 1067 3518 Salvatoris.
1123 3462 1202 3519 Ex
1241 3469 1515 3521 communi
1555 3474 1701 3524 enim
1742 3474 1976 3529 sumitur

400 3548 710 3615 praepositio
751 3549 857 3603 ὑπὸ
894 3551 947 3605 id
975 3561 1061 3608 est
1099 3572 1153 3608 α.
1188 3555 1253 3610 Et
1296 3573 1464 3627 quare
1490 3560 1631 3615 hanc
1661 3565 1975 3621 memoriam

386 3637 619 3691 excitari
647 3639 832 3707 jubeat
862 3643 1143 3714 subjungit
1168 3663 1182 3699 :
1208 3647 1474 3714 Quoniam
1526 3652 1581 3706 hi
1614 3655 1704 3723 qui
1735 3656 1977 3714 affectio-

392 3727 561 3782 nibus
583 3729 782 3786 addicti
815 3733 1000 3787 vivunt
1019 3736 1169 3805 juxta
1210 3741 1458 3809 proprias
1482 3746 1972 3815 concupiscentias,

388 3815 644 3872 videntes
675 3822 936 3889 quosdam
961 3824 1056 3879 Dei
1088 3826 1380 3882 adventum
1408 3830 1783 3900 formidantes,
1813 3852 1973 3906 quem

396 3920 502 3960 una
533 3923 657 3964 eum
697 3912 817 3967 aliis
848 3914 1111 3970 divinitus
1142 3919 1423 3988 inspiratis
1452 3921 1565 3989 ipse
1595 3940 1813 3995 quoque
1864 3928 1974 3984 Do-

391 3998 576 4054 minus
605 4005 1007 4072 praznuntiavit,
1031 4020 1087 4062 et
1119 4019 1406 4079 propterea
1441 4028 1595 4067 suam
1630 4015 1973 4073 inhonestam

392 4084 559 4142 vitam
612 4092 1073 4160 parvipendentes
1097 4112 1109 4149 :
1137 4096 1335 4152 deinde
1364 4099 1528 4154 etiam
1557 4101 1806 4158 videntes
1824 4106 1972 4174 quod

388 4193 672 4236 sermones
734 4200 842 4239 non
904 4187 1086 4241 statim
1153 4190 1483 4245 sortirentur
1535 4193 1817 4261 allectum,
1877 4198 1972 4253 sed

386 4280 612 4339 propter
635 4275 929 4331 multorum
956 4279 1188 4335 salutem
1229 4282 1597 4350 diﬂ‘errentur,
1626 4287 1816 4345 ﬁdeles
1841 4291 1975 4346 ado-

389 4360 607 4414 riuntur
672 4372 929 4434 tanquam
990 4366 1262 4434 illusores,
1315 4380 1371 4425 et
1420 4373 1615 4429 dicunt
1662 4392 1677 4428 :
1725 4375 1831 4433 Ubi
1888 4390 1973 4436 est

387 4452 679 4521 promissio
706 4457 978 4512 adventus
1007 4459 1164 4528 ejus?
1192 4460 1327 4515 Nam
1358 4464 1431 4518 ob
1471 4465 1619 4520 hunc
1649 4483 1842 4534 unum,
1873 4471 1967 4540 qui

2075 3286 2111 3355 ἠ
2155 3283 2407 3346 συνταξις
2457 3278 2653 3343 οὕτως’
2705 3277 3026 3347 Μνησθῆναι
3072 3275 3183 3331 τῶν
3232 3276 3649 3346 προειρημένων

2079 3376 2344 3449 ῥημάτων
2378 3373 2483 3427 ὑπὸ
2517 3372 2626 3426 τῶν
2677 3370 2853 3440 ἀγίων
2887 3369 3203 3439 προφητῶν,
3240 3368 3345 3422 ὑπὸ
3391 3371 3494 3439 τῆς
3541 3367 3649 3421 τῶν

2075 3468 2388 3523 ἀποστόλων
2411 3464 2571 3537 ἡμῶν
2604 3463 2850 3532 ἐντολῆς,
2888 3462 2996 3517 ὑπὸ
3031 3461 3134 3530 τῆς
3159 3460 3376 3529 ὶντολῆς
3406 3459 3504 3514 τοῦ
3536 3461 3650 3515 Κυ-

2078 3560 2194 3631 ρίου
2219 3557 2314 3613 καὶ
2348 3555 2619 3626 Σωτῆρος.
2653 3552 2811 3608 Κατά
2839 3550 3019 3606 κοινοῦ
3048 3551 3208 3620 γάρή
3251 3550 3394 3608 ὑπό.
3428 3548 3539 3603 Καὶ
3560 3548 3648 3602 διὰ

2074 3649 2128 3702 τί
2162 3648 2260 3719 τὴν
2298 3647 2518 3717 μνήμην
2560 3642 2992 3714 ἀναζωπυρῆσαι
3031 3639 3236 3710 ταύτην
3278 3636 3648 3708 παρακελεύε-

2075 3758 2187 3804 ται,
2222 3739 2441 3804 ὲπάγει.
2482 3738 2609 3792 Ὀτι
2631 3737 2683 3789 oi
2713 3733 2976 3804 ἐμπαθῶς
2998 3731 3202 3796 ζῶντες
3229 3730 3372 3784 κατά
3401 3730 3501 3792 τὰς
3529 3730 3648 3783 ἐπι-

2077 3831 2279 3901 θυμίας
2306 3829 2406 3891 τάς
2454 3827 2614 3892 ιδίας,
2651 3824 2886 3896 ὁρῶντές
2933 3839 3089 3886 τινας
3139 3821 3377 3883 δεδιότας
3415 3820 3513 3891 τὴν
3552 3819 3646 3874 τοῦ

2058 3922 2285 3992 -Κυρίου
2343 3918 2665 3992 παρουσίαν,
2712 3919 2780 3988 ἢν
2838 3915 2975 3986 μετά
3029 3914 3205 3968 ἄλλων
3253 3912 3529 3982 θεοφόρων
3557 3910 3650 3964 καὶ

2075 4012 2239 4074 αὐτὸς
2262 4013 2289 4065 ὁ
2316 4010 2520 4080 Κύριος
2549 4006 3006 4078 προκατήγγειλε,
3034 4007 3131 4059 καὶ
3166 4005 3254 4059 διὰ
3282 4003 3488 4073 ταύτην
3517 4003 3648 4057 ἀθε-

2072 4103 2301 4165 τοῦντας
2330 4101 2429 4171 τὴν
2485 4101 2720 4169 ἄσεμνον
2748 4096 2930 4153 αὐτῶν
2974 4097 3176 4167 βιοτὴν,
3229 4093 3348 4150 εἶτα
3380 4097 3455 4167 μὴ
3505 4102 3649 4150 κατὰ

2058 4198 2243 4259 -πόδας
2272 4195 2381 4250 τῶν
2408 4193 2582 4261 λόγων
2615 4192 2715 4262 τὴν
2748 4193 2946 4260 πεῖραν
2978 4191 3311 4261 φθάνουσαν,
3341 4190 3478 4245 ἀλλά
3514 4206 3651 4260 παρ-

2071 4287 2372 4357 ελκομὲνην
2412 4283 2501 4337 διὰ
2538 4283 2640 4355 τὴν
2674 4281 2786 4334 τῶν
2818 4281 3029 4334 πολλῶν
3062 4281 3361 4350 σωτηρίαν,
3393 4280 3653 4347 ἐπιφύον-

2071 4396 2161 4434 ται
2191 4382 2304 4441 τοϊς
2340 4380 2550 4440 πιστοῖς
2606 4374 3036 4439 ὲπιτωθάζοντες
3082 4375 3180 4428 ἅτε
3215 4375 3523 4442 ἐμπαῖκται
3554 4374 3650 4427 καὶ

2071 4471 2356 4540 λέγοντες·
2404 4467 2515 4521 Ποῦ
2560 4468 2715 4519 ἔστιν
2769 4467 2803 4535 ἡ
2849 4463 3151 4534 ἀπαγγελία
3202 4463 3299 4531 τῆς
3343 4463 3651 4532 παρουσίας

383 4547 797 4616 dispensatione
816 4552 1047 4620 quadam
1067 4553 1308 4607 nondum
1329 4556 1634 4626 completus
1647 4569 1751 4627 est,
1768 4571 1961 4619 caetera

2076 4561 2270 4627 αὐτούς
2309 4559 2410 4612 Διά
2450 4560 2580 4627 μιᾶς
2625 4556 2831 4627 ταύτης
2861 4556 2960 4626 τῆς
2997 4556 3166 4626 μήπω
3214 4555 3527 4625 ἀφιγμένης
3556 4556 3647 4611 διά

384 4650 603 4708 quoque
646 4641 905 4697 salutaria
946 4644 1160 4698 Domini
1199 4658 1469 4718 przecepta
1524 4651 1842 4721 depravant,
1891 4671 1964 4711 ne

384 4726 520 4780 ﬁdes
572 4728 702 4798 ipsis
742 4731 1031 4787 habeatur;
1075 4732 1202 4789 Haec
1242 4747 1426 4791 autem
1470 4738 1574 4795 illis
1625 4744 1964 4812 temporibus

384 4818 728 4888 uagabantur
746 4817 989 4877 Guostici
1018 4833 1115 4878 aut
1136 4825 1371 4887 Nauseni
1396 4831 1486 4899 qui
1516 4841 1571 4885 et
1588 4832 1702 4902 ipsi
1727 4832 1963 4905 Lampe:-

383 4910 516 4963 tiani
548 4920 604 4964 et
633 4912 881 4968 Euchitaa
925 4924 1100 4970 erant.
1124 4916 1226 4983 Qui
1244 4934 1459 4988 omnes,
1490 4923 1688 4993 inquit,
1718 4927 1967 4984 volentes

380 4999 671 5055 nesciunt;
692 5001 840 5058 Ultro
869 5004 1015 5058 enim
1044 5008 1237 5062 oculos
1262 5008 1525 5066 claudunt
1549 5013 1618 5068 ad
1658 5015 1963 5083 veritatem.

378 5090 529 5145 sicut
547 5093 709 5147 etiam
742 5100 901 5150 antea
930 5096 1215 5154 diximus..

458 5273 549 5341 Ill,
576 5274 611 5330 5
636 5276 688 5331 9.
719 5277 861 5331 Nam
882 5277 1017 5332 illud
1044 5280 1270 5336 volentes
1298 5284 1531 5338 nesciunt
1555 5288 1693 5357 quod
1719 5288 1832 5342 caeli
1848 5289 1966 5359 iam

379 5363 507 5416 olim
525 5365 741 5434 fuerint,
764 5374 812 5419 et
843 5375 989 5423 terra
1017 5382 1081 5422 ex
1115 5384 1257 5440 aqua
1278 5381 1329 5425 et
1348 5388 1442 5440 per
1459 5390 1656 5443 aquam
1679 5379 1961 5431 consistens

380 5454 478 5509 Dei
504 5473 740 5512 sermone
767 5474 787 5512 :
811 5475 901 5524 per
919 5475 1036 5521 quin
1065 5462 1109 5515 is
1136 5464 1224 5531 qui
1250 5473 1374 5517 tunc
1400 5479 1515 5519 erat
1537 5469 1782 5533 mundus,
1816 5486 1957 5540 aqua

378 5548 666 5603 inundatus
710 5552 885 5615 periit.
939 5554 1006 5606 At
1057 5555 1147 5624 qui
1204 5572 1341 5609 nunc
1385 5568 1505 5611 sunt
1536 5559 1650 5613 caeli
1688 5575 1751 5613 ac
1793 5570 1956 5627 terra,

377 5640 609 5708 ejusdem
639 5661 878 5700 sermone
925 5650 1140 5725 repositi
1183 5660 1328 5716 sunt,
1360 5652 1553 5705 servati
1600 5652 1706 5722 igni
1741 5652 1793 5708 in
1823 5655 1958 5709 diem

449 5819 493 5851 ⁸⁵
526 5815 725 5888 Ephcs.
766 5836 828 5890 tl,
867 5822 954 5877 9.0.

2065 4669 2209 4715 τινος
2244 4649 2565 4716 οἰκονομίας
2585 4688 2599 4713 ,
2635 4648 2730 4700 καὶ
2762 4650 2882 4709 ταῖς
2930 4647 3120 4710 ἄλλαις
3149 4647 3520 4724 σωτῃριὼδεσι
3546 4644 3649 4699 τοῦ

2069 4743 2276 4813 Κυρίου
2318 4740 2561 4803 ἐντολαῖς
2592 4739 2839 4793 ἀπειθεῖν
2880 4737 3336 4808 κακουργοῦντες.
3377 4737 3563 4793 Ταῦτα
3588 4738 3648 4792 δὲ

2066 4838 2118 4888 οἱ
2146 4836 2264 4888 κατ’
2294 4834 2539 4895 ἐκείνους
2555 4830 2683 4895 τοὺς
2708 4829 2937 4900 καιροὺς
2962 4827 3263 4887 Γνωστικοὶ
3288 4828 3642 4899 ἤΝαασηνοὶ,

2067 4928 2120 4981 οἱ
2150 4926 2199 4980 δ’
2232 4925 2391 4979 αὐτοὶ
2418 4925 2521 4981 καὶ,
2544 4922 2920 4993 Λαμπετιανοὶ
2948 4923 3043 4976 καὶ
3066 4923 3292 4992 Euximi
3317 4921 3641 5001 ὲληρῲδουν.

2067 5017 2177 5080 Οὓς
2207 5016 2453 5081 ἅπαντας
2472 5013 2747 5083 λανθάνει,
2769 5013 2955 5083 φησιν,
2979 5013 3224 5075 ἑκόντας.
3245 5011 3521 5087 Ἐθελοντ).
3534 5014 3643 5083 γὰρ

2070 5107 2263 5180 μύουσι
2305 5106 2440 5178 πρὸς
2462 5106 2562 5177 τὴν
2592 5105 2872 5177 ἀλήθειαν,
2899 5104 2974 5167 ὠς
3006 5105 3097 5157 καὶ
3131 5103 3237 5174 πρὸ
3267 5100 3461 5175 τούτου
3491 5106 3643 5175 εἰρή-

2067 5217 2264 5270 καμεν.
2880 5212 2887 5217 ’

2139 5288 2437 5346 Λανθάνει
2486 5288 2594 5359 γὰρ
2628 5287 2851 5354 αὐτοὺς
2897 5286 3073 5341 τοῦτο
3105 5284 3416 5353 θέλοντας,
3468 5286 3559 5341 ὅτι
3588 5291 3643 5342 ol

2065 5381 2310 5450 οὐρανοὶ
2363 5376 2530 5449 ἦσαν
2577 5380 2856 5433 ἔκπαλαι.
2882 5379 3002 5432 ’Καὶ
3033 5376 3110 5455 γῆ
3148 5377 3219 5441 ἐξ
3264 5376 3504 5444 ὓδατος,
3541 5378 3641 5432 και

2050 5468 2141 5526 δι’
2163 5470 2384 5538 ὕδατὸς
2408 5466 2789 5526 ’συνεστῶσαν
2805 5469 2886 5534 τῷ
2910 5469 3017 5523 τοῦ
3051 5466 3403 5537 Osculum),
3435 5464 3641 5543 Gildu-

2067 5566 2100 5618 ό
2128 5563 2261 5618 τότε
2281 5562 2511 5633 κόσμος
2537 5564 2710 5619 ὕδατι
2754 5561 3200 5626 κατακλυσθεὶς
3239 5559 3535 5615 ἀπώλετο.
3573 5563 3639 5614 οι

2066 5656 2134 5710 δὲ
2164 5656 2282 5711 νῦν
2311 5650 2554 5735 οὐρανοὶ
2593 5657 2689 5711 καὶ
2716 5655 2754 5721 ἢ
2798 5653 2873 5723 γῆ
2904 5650 3065 5719 αὐτῷ
3096 5654 3253 5721 λόγῳ
3280 5654 3637 5737 τεθησαυρι-
