3986 6550
396 340 529 410 ’6ίί

1480 346 1878 409 (ECUMENII
1910 347 2204 409 TRICCE
2245 346 2581 409 EPISCOPI

3573 339 3680 404 612

431 478 571 518 rum.
601 460 808 517 Omnes
846 459 992 515 enim
1041 473 1147 515 nos
1203 459 1540 517 manifestari
1567 472 1784 532 Oportet
1823 478 2006 516 coram

2122 460 2298 535 σχιδὴς
2338 461 2395 516 δὲ
2436 462 2468 532 ἠ
2508 461 2569 528 ἐξ
2618 458 2899 523 ἀπειθείας
2940 456 3206 521 ἀπώλεια,
3248 457 3337 512 διά
3365 454 3524 513 τοῦτο
3555 457 3687 512 ἀνα-

430 554 686 608 tribunali
717 551 923 619 Christi
945 550 1015 615 ",
1044 566 1155 606 non
1190 550 1387 606 animis
1412 553 1735 623 corporibus
1764 554 2003 620 nudatis,

431 645 525 699 scd
555 659 661 698 una
691 658 813 697 cum
844 641 1190 713 corporibus,
1218 640 1460 713 ipsisque
1482 641 2007 715 incorruptibilibus.

428 736 713 805 Quomodo
734 735 878 790 enim
904 736 1047 790 nuda
1073 735 1251 789 anima
1279 733 1510 791 referret
1529 752 1591 792 ea
1619 753 1739 808 qua:
1760 752 1858 808 per
1885 753 2010 794 cor-

428 844 533 900 pus
564 836 780 899 peracta
810 825 987 880 sunt?
1020 824 1076 882 Si
1099 825 1321 895 quidem
1360 840 1471 881 non
1509 834 1593 882 est
1625 827 1757 898 justi
1780 826 2009 900 jndicis,

430 932 557 973 cum
590 919 699 987 duo
729 916 785 970 in
822 915 1015 970 eodem
1065 925 1456 985 peccaverunt,
1496 931 1669 971 unum
1705 917 2005 986 dimittere,

431 1019 718 1080 totumque
766 1007 974 1063 crimen
1013 1006 1069 1063 in
1097 1008 1330 1064 alterum
1380 1008 1696 1065 transferre.
1739 1008 2007 1066 Praeterea

428 1116 647 1172 quoque
675 1099 717 1156 si
742 1100 861 1172 igne
884 1115 1100 1155 rursum
1128 1099 1355 1157 fundere
1379 1100 1619 1158 solemus
1641 1117 1727 1158 res
1747 1103 2007 1174 quasdam

429 1209 742 1263 corporeas,
777 1208 886 1247 non
924 1202 984 1248 ut
1015 1193 1325 1249 absolutum
1366 1183 1645 1249 interitum
1691 1195 1771 1251 eis
1801 1195 2006 1250 tribua-

434 1302 577 1349 mus,
620 1285 711 1339 sed
746 1293 804 1339 ut
847 1285 1137 1356 puritatem
1169 1300 1233 1342 ac
1273 1286 1643 1343 sinceritatem
1667 1286 1747 1343 eis
1788 1296 2009 1355 praeste-

435 1394 558 1433 mus
590 1394 607 1433 :
639 1393 799 1433 nemo
827 1378 898 1439 sit
936 1378 1028 1449 qui
1075 1393 1182 1433 non
1234 1380 1422 1435 credat
1468 1380 1635 1437 Deum
1667 1394 1888 1450 quoque
1914 1379 2009 1451 qui

378 1528 379 1531 η
434 1485 537 1540 per
592 1470 768 1542 ignem
834 1471 1087 1541 promisit
1144 1472 1694 1538 consummationem,
1750 1480 1844 1528 aut
1897 1487 2008 1528 non

435 1565 702 1619 facturum
754 1565 1187 1634 corruptionem,
1223 1571 1317 1618 aut
1357 1562 1624 1618 facturum
1657 1564 1873 1635 quidem
1905 1566 2006 1631 sic,

436 1668 497 1714 ut
532 1659 695 1713 unius
724 1662 1072 1729 corruptione
1098 1658 1260 1716 faciat
1287 1658 1454 1716 aliud.
1476 1660 1581 1715 Sed
1606 1668 1663 1717 et
1685 1661 1732 1716 si
1759 1676 2010 1719 corrum-

435 1756 611 1818 peret,
639 1749 898 1818 quidnam
931 1750 1343 1819 corrumperet?
1373 1750 1646 1821 superflua
1674 1761 1730 1807 et
1755 1753 2009 1822 praesenti

436 1840 562 1895 vitae
598 1849 827 1913 cognata
868 1858 881 1895 :
924 1850 979 1897 et
1022 1857 1142 1911 quae
1184 1849 1312 1897 sunt
1354 1819 1482 1897 illa?
1503 1819 1772 1914 jumenta,
1804 1846 2005 1911 herbae.
2041 1819 2083 1873 Β

437 1932 657 2002 plantae.
702 1932 876 1986 llerba
893 1931 1111 2003 quidem
1138 1942 1224 1988 est
1249 1934 1747 2005 propterjumenta,
1764 1938 2009 2008 jumenta

439 2037 568 2077 vero
610 2022 664 2075 in
698 2023 1021 2091 obsequium
1053 2025 1421 2093 corruptibilis
1443 2025 1606 2095 hujus
1634 2027 1778 2084 Viue.
1814 2046 1834 2083 ι
1872 2028 2013 2085 Pro-

439 2111 666 2175 ducens,
689 2112 886 2180 inquit,
910 2111 1097 2168 fenum
1134 2113 1401 2184 jumentis
1422 2125 1477 2171 et
1507 2116 1729 2174 herbam
1760 2122 2009 2178 servituti

441 2202 726 2257 hominum
756 2203 825 2258 “.
860 2219 878 2253 ι
909 2202 1223 2260 Plantarum
1257 2222 1385 2261 vero
1409 2208 1492 2264 ba:
1516 2209 1735 2279 quidem
1760 2212 2015 2287 ad'tegu-

442 2303 686 2349 mentum
712 2304 836 2349 sunt
872 2304 928 2351 et
952 2295 1018 2349 ad
1044 2295 1236 2351 domos
1272 2300 1693 2369 construendas,
1732 2303 1853 2360 alia:
1883 2320 2014 2363 vero

439 2387 506 2442 ad
532 2386 771 2443 alimenti
804 2386 1385 2446 subministrationem.
1418 2390 1588 2447 Porro
1611 2393 1758 2464 quod
1783 2395 2014 2451 alimen-

444 2491 558 2536 tum
616 2481 899 2551 requiraut
937 2481 1213 2548 animalia,
1248 2483 1463 2555 signum
1496 2493 1581 2541 est
1625 2488 2012 2558 corruptionis.

440 2575 581 2641 Quid
604 2575 749 2629 enim
787 2575 932 2630 aliud
958 2575 1136 2631 inedia
1159 2591 1223 2631 ac
1253 2577 1484 2647 repletio
1506 2588 1764 2648 praestare
1793 2593 2017 2652 possent

439 2680 604 2735 quam
652 2666 1100 2735 corruptionem?
1133 2666 1260 2722 Haec
1311 2669 1492 2739 itaque
1530 2685 2017 2743 corrumperentur

440 2770 563 2826 quae
611 2755 680 2811 ad
725 2756 887 2811 vitam
943 2756 1304 2814 immortalem
1343 2761 1784 2831 suntsupertlua.
1834 2764 2017 2822 Novos

442 2855 626 2902 autem
648 2847 813 2904 caelos
853 2857 909 2904 et
938 2864 1135 2905 novam
1161 2851 1365 2907 creabit
1409 2861 1632 2920 terram,
1675 2870 1785 2912 non
1832 2868 2017 2914 autem

444 2939 603 2995 aliam
634 2939 812 3011 quoad
849 2941 1155 2998 materiam.
1175 2943 1312 2998 Nam
1340 2952 1397 3001 et
1414 2945 1718 3016 quinovam
1749 2953 2019 3008 construit

444 3032 685 3097 domum,
710 3049 816 3088 non
846 3033 992 3088 illam
1019 3050 1151 3091 sane
1181 3035 1346 3092 faciet
1378 3053 1443 3092 ex
1469 3052 1577 3093 non
1607 3042 2019 3110 przeexsistente

2114 555 2305 622 γκαῖος
2330 554 2358 607 6
2386 551 2481 606 τοῦ
2511 552 2682 623 πυρὸς
2712 549 3118 618 κατακλυσμὸς,
3152 549 3326 620 φθορὰ
3359 547 3479 621 μὲν,
3510 549 3561 602 εἰ
3596 551 3687 602 καὶ

2115 644 2190 714 μὴ
2230 644 2498 714 παντελής
2521 657 2536 673 ο
2571 641 2761 713 ψυχῶν
2800 639 3024 713 γάρἿιῦ,
3063 640 3178 694 ἀλλ’
3221 641 3341 694 οὐδὲ
3394 639 3707 711 σωμάτων.Δ

2112 735 2330 798 Πάντας
2363 732 2473 805 γὰρ
2499 732 2582 787 δεῖ
2626 733 2979 804 παραστῆναι
3010 732 3161 805 ἡμᾶς
3209 731 3288 807 τῷ
3329 729 3535 802 βήματι
3589 730 3689 784 τοῦ

2110 827 2373 901 Χριστοῦ,
2403 827 2523 899 οὐχὶ
2549 827 2786 898 γυμναῖς
2815 825 3085 889 σωμάτων
3118 824 3339 896 ψυχαῖς,
3378 822 3516 877 ἀλλά
3548 823 3692 895 μετὰ

2110 922 2382 989 σωμάτων
2413 917 2711 990 ἀφθάρτων
2743 918 2838 972 καὶ
2881 917 3081 972 αὐτῶν.
3130 916 3256 982 Πῶς
3302 915 3410 986 7&9
3441 917 3511 969 ἂν
3537 916 3692 986 ψυχὴ

2112 1011 2295 1083 γυμνὴ
2316 1010 2618 1082 κομίσηται
2654 1007 2724 1062 τὰ
2743 1008 2831 1062 διὰ
2874 1007 2969 1061 τοῦ
3001 1007 3257 1078 σώματος
3285 1006 3690 1078 πεπραγμένας

2111 1106 2188 1162 06
2217 1103 2327 1178 7&9
2348 1104 2559 1158 δικαίου
2591 1103 2806 1175 κριτοῦ,
2858 1100 2951 1155 δύο
2995 1099 3503 1172 πλημμελησάντων
3543 1101 3694 1152 κατά

2108 1197 2335 1266 ταύτὸν,
2357 1197 2449 1250 τὸν
2479 1196 2576 1253 ἕνα
2626 1196 2866 1265 ἀφεῖναι,
2897 1192 3034 1266 πρὸς
3062 1193 3119 1247 δὲ
3151 1192 3243 1246 τὸν
3278 1192 3466 1263 ἕτερον
3486 1190 3548 1244 τὸ
3578 1193 3694 1244 πᾶν

2110 1288 2205 1342 τοῦ
2240 1288 2591 1359 ἐγκλήματος
2622 1284 3151 1358 ἱπιφέρεινῖΔλλως
3180 1299 3240 1337 τε
3269 1282 3326 1338 δὲ
3350 1281 3444 1337 καὶ
3476 1282 3527 1334 εἰ
3552 1281 3692 1351 πυρὶ

2110 1382 2385 1453 εἰώθαμεν
2437 1378 2805 1453 άναχωνεῠειν
2832 1377 2930 1442 τάς
2980 1375 3132 1442 ῦλας,
3178 1375 3275 1446 οὐχ
3306 1375 3397 1428 ἵνα
3445 1371 3692 1440 παντελῆ

2112 1476 2306 1539 αὑταῖς
2328 1473 2510 1546 δῶμεν
2547 1470 2915 1543 ἀνυπαρξίαν,
2946 1468 3062 1523 ἀλλ’
3105 1467 3195 1521 ἵνα
3227 1465 3288 1519 τὸ
3320 1456 3561 1535 καθαρὸν
3592 1462 3694 1514 αὖ-

2112 1570 2232 1632 ταίς
2257 1567 2352 1622 καὶ
2375 1564 2668 1638 εἱλικρινὲς
2705 1563 2905 1632 δῶμεν,
2953 1560 3053 1614 οὐκ
3084 1560 3150 1614 ἀν
3186 1574 3271 1623 τις
3302 1555 3561 1626 ἀπιστοίη
3593 1555 3695 1606 καὶ

2111 1660 2203 1714 τὸν
2232 1658 2364 1713 Θεὸν
2387 1656 2478 1712 διὰ
2518 1654 2691 1728 πυρὸς
2735 1655 2834 1728 τήν
2866 1649 3173 1706 συντέλειαν
3216 1645 3694 1716 ἐπαγγελλόμενον

2114 1754 2147 1825 ἢ
2183 1751 2257 1824 μὴ
2285 1749 2534 1822 ποιεῖν,ἧ
2565 1748 2661 1802 καὶ
2687 1743 2945 1801 ποιοῦντα
2970 1744 3059 1797 ἐπὶ
3087 1742 3261 1814 φθορᾷ
3288 1740 3481 1794 τούτου
3513 1740 3695 1791 ποιεῖν

2112 1840 2290 1898 τοῦτο.
2330 1840 2473 1896 Ἀλλ’
2520 1842 2568 1894 εἰ
2606 1839 2700 1892 καὶ
2739 1836 2974 1907 φθείροι,
3002 1834 3054 1889 τί
3095 1832 3160 1888 ἂν
3194 1829 3439 1901 φθείροι;
3476 1825 3560 1883 Τά
3590 1841 3696 1877 πε-

2114 1932 2271 2003 ριττά
2299 1930 2395 1986 καὶ
2420 1930 2679 2000 σύστοιχα
2699 1931 2769 2001 τῇ
2791 1927 3040 1999 παρούσῃ
3065 1925 3236 1997 βιοτῇ.
3264 1924 3377 1977 Καὶ
3396 1919 3447 1975 τί
3480 1918 3693 1981 ταῦ-τας

2112 2026 2309 2096 κτήνη,
2347 2022 2504 2095 χλόη,
2550 2022 2715 2092 φυτά.
2768 2019 2915 2089 Χλόη
2945 2017 3045 2089 μὲν
3082 2016 3192 2087 7&9
3236 2014 3323 2069 διὰ
3372 2012 3441 2066 τὰ
3487 2010 3694 2081 κτήνη,

2113 2120 2287 2191 κτήνη
2307 2115 2365 2170 δὲ
2399 2113 2650 2185 ὕπουργά
2678 2115 2776 2182 τῆς
2813 2110 3059 2181 φθαρτῆς
3088 2107 3291 2178 ταύτης
3318 2105 3482 2176 ζωῆς·
3511 2121 3532 2156 ι
3571 2102 3699 2167 Ἐξ-

2116 2207 2431 2266 ανατέλλων
2456 2205 2566 2278 7&9
2621 2205 2815 2275 χόρτον
2848 2204 2961 2266 τοῖς
3009 2201 3253 2271 κτήνεσι,
3288 2197 3382 2252 καί⁸
3423 2194 3591 2267 χλόην
3623 2196 3693 2265 τῇ

2114 2300 2329 2373 δουλείᾳ
2351 2298 2459 2354 τῶν
2476 2296 2572 2353 ἀνθ
2584 2294 2802 2370 ρώπων.
2835 2313 2854 2347 ι
2879 2295 3027 2347 Φυτά
3061 2293 3118 2347 δὲ
3145 2290 3221 2344 τὰ
3243 2290 3341 2361 μὲν
3369 2290 3449 2352 εἰς
3472 2287 3699 2357 σκέπην

2117 2395 2210 2448 καὶ
2234 2392 2437 2456 οἰκίας,
2462 2391 2532 2444 τὰ
2550 2390 2605 2444 δὲ
2627 2390 2703 2453 εἰς
2730 2386 2995 2460 χορηγίαν
3018 2384 3245 2455 τροφῆς.
3264 2380 3455 2454 Τροφὴ
3477 2379 3536 2434 δὲ
3568 2380 3693 2443 τοῖς

2118 2484 2300 2550 ζωοίς,
2331 2482 2539 2554 φθορᾶς
2561 2483 2884 2553 τεκμήριον.
2906 2478 2973 2532 Τί
2994 2478 3104 2550 γὰρ
3132 2476 3199 2532 ἂν
3228 2474 3356 2531 ἄλλο
3386 2472 3564 2527 ἔνδεια
3595 2469 3699 2524 καὶ

2117 2576 2507 2649 άναπλήρωσις
2555 2573 2589 2643 ἢ
2639 2574 2843 2643 φθορὰν
2889 2572 3201 2642 ὑπισχνοῖτο
3237 2567 3334 2631 άνς
3367 2562 3557 2620 Ταῦτα
3597 2555 3701 2614 οὖν

2119 2666 2352 2739 φθαρείη
2390 2665 2459 2719 τὰ
2487 2664 2715 2737 ¹ιτεριττόι
2749 2663 2883 2734 πρὸς
2914 2661 3011 2734 τὴν
3044 2659 3320 2731 ἄφθαρτον
3348 2653 3517 2724 ζωήν.
3552 2651 3703 2704 Και-

2118 2759 2242 2821 νοῦς
2276 2758 2333 2812 δὲ
2366 2756 2635 2829 οὐρανοὺς
2668 2755 2762 2808 καὶ
2796 2751 2988 2824 καινὴν
3010 2752 3376 2819 ὑποστήσεται
3424 2745 3551 2815 γῆν,
3594 2742 3699 2811 οὐχ

2120 2851 2317 2923 ἑτέραν
2352 2849 2411 2903 δὲ
2435 2851 2502 2922 τῇ
2527 2847 2653 2922 ὕλῃ.
2686 2847 2761 2901 Οὐ
2789 2846 2897 2917 γὰρ
2931 2844 2959 2897 6
2990 2840 3312 2911 συμπηγνὺς
3339 2835 3466 2890 νέαν
3490 2834 3698 2895 οἰκίαν,

2121 2944 2225 3016 ἤδη
2257 2943 2354 2997 καὶ
2397 2941 2461 2994 ἐκ
2498 2939 2572 3011 μὴ
2605 2935 3066 3011 προῦπαρχούσης
3099 2932 3227 3004 ὕλης
3265 2928 3421 2984 τοῦτο
3450 2926 3702 2996 ποιήσει.

2122 3038 2233 3091 Καὶ
2260 3036 2289 3089 6
2328 3033 2459 3099 Θεὸς
2516 3029 2612 3087 οὖν
2641 3028 2792 3095 ἅπαξ
2834 3026 3147 3099 ὑποστήσας
3179 3022 3302 3077 κατ’
3357 3017 3535 3089 ἀρχὰς
3591 3016 3700 3085 τὴν

446 3122 694 3226 materia.
754 3121 846 3177 Sic
898 3132 953 3179 et
1004 3123 1146 3180 Deus
1208 3126 1277 3182 ab
1334 3127 1490 3184 initio
1558 3131 1725 3187 semel
1774 3134 2019 3190 condidit

2124 3128 2253 3201 ῦλην
2284 3128 2380 3181 καὶ
2409 3122 2821 3197 διαμορφώσας,
2853 3120 2912 3175 τὸ
2952 3118 3052 3190 μὲν
3082 3119 3205 3171 ὅσον
3254 3113 3391 3186 πρὸς
3440 3111 3542 3227 τῂν
3570 3110 3698 3162 τότε

444 3211 723 3268 materiam
775 3229 838 3268 ac
891 3213 1221 3283 informavit,
1269 3228 1532 3287 quantum
1577 3231 1726 3278 certe
1771 3222 1875 3280 fuit
1918 3241 2018 3281 ne-

445 3318 598 3358 cesse
642 3304 709 3359 ad
742 3303 887 3359 illius
928 3305 1188 3376 temporis
1232 3321 1415 3365 usum.
1463 3310 1544 3366 Ad
1580 3311 2019 3385 incorruptibili-

449 3403 616 3448 tatcm
670 3404 852 3447 autem
912 3409 1032 3465 quae
1098 3403 1221 3465 post
1269 3412 1592 3466 praesentem
1643 3402 1750 3458 erit
1817 3413 2019 3460 statum

450 3492 765 3554 corrumpet
816 3483 870 3539 id
930 3484 1076 3554 quod
1139 3485 1333 3544 inutile
1396 3499 1480 3547 est
1536 3505 1601 3546 ac
1661 3493 2019 3562 superfluum.

450 3575 611 3646 552
653 3574 709 3630 Si
740 3576 865 3647 quid
906 3585 1088 3632 autem
1133 3578 1266 3635 utile
1292 3579 1382 3645 sit,
1417 3583 1769 3640 reformatnm
1797 3585 2023 3643 immor-

451 3685 547 3741 tali
570 3701 633 3739 ac
661 3684 967 3741 incredibili
996 3685 1403 3756 pulchritudine
1431 3689 1594 3756 sinet,
1623 3701 1682 3748 ut
1709 3694 1936 3751 alterum
1957 3713 2022 3755 ac

450 3775 921 3846 inrorruptibilem
946 3776 1207 3833 mundum
1231 3779 1478 3850 perficiat
1505 3790 1561 3837 et
1584 3784 1875 3856 compleat.
1906 3806 1927 3841 ι
1958 3788 2025 3843 Et

454 3876 597 3925 terra
626 3884 693 3923 ex
722 3883 879 3939 aqua.
913 3887 931 3921 ι
970 3867 1138 3924 Terra
1167 3885 1234 3926 ex
1263 3886 1400 3942 aqua
1423 3874 1643 3944 quidem
1674 3884 1930 3949 tanquam
1956 3896 2022 3936 ex

455 3960 727 4017 materiali
770 3961 1061 4032 principio.
1098 3978 1198 4032 per
1240 3980 1435 4035 aquam
1464 3981 1596 4022 vero
1640 3977 1896 4039 tanquam
1926 3986 2027 4042 per

453 4052 783 4125 principium
826 4052 1204 4123 perfectivunt.
1233 4055 1384 4127 Aqua
1432 4059 1578 4113 enim
1630 4059 1874 4117 continet
1919 4070 2026 4118 ter-

452 4163 569 4204 ram
615 4149 782 4205 veluti
829 4149 1014 4221 gluten
1055 4151 1324 4221 quoddam
1363 4153 1504 4223 quod
1542 4153 1643 4223 ipsi
1680 4154 1855 4223 adest,
1879 4157 2026 4226 quod

452 4238 556 4294 nisi
589 4237 690 4310 ipsi
717 4240 1081 4310 contingeret,
1114 4254 1340 4296 necesse
1365 4251 1511 4297 esset
1541 4243 1685 4299 illam
1723 4244 1945 4302 dissolvi
1971 4255 2027 4303 et

451 4328 585 4385 ferri
610 4330 665 4383 in
695 4344 905 4385 aerem.
932 4328 1131 4384 Verum
1158 4329 1436 4386 adorietur
1462 4347 1563 4387 nos
1596 4334 1844 4392 fortassis
1870 4339 2026 4408 quis-

452 4423 598 4493 piam
661 4438 802 4485 vana
842 4421 1176 4493 cogitatione
1207 4421 1396 4477 dicens
1428 4439 1442 4478 :
1470 4423 1644 4490 Quam
1690 4428 1763 4483 ob
1804 4442 2025 4486 causam

2121 3223 2331 3295 χρείαν,
2350 3219 2668 3288 ἀναγκαῖον,
2688 3214 2819 3288 πρὸς
2842 3212 3013 3285 δὲτὴν
3036 3210 3173 3284 μετά
3196 3208 3367 3263 ταῦτα
3391 3205 3698 3275 ἄφθαρτον,

2120 3313 2434 3376 ἀλυσιτελές
2460 3329 2519 3366 τε
2556 3311 2647 3365 καί
2672 3308 2928 3380 περιττὸν
2948 3302 3298 3374 καταφθερεῖ.
3318 3302 3448 3354 Είτι
3476 3297 3535 3352 δὲ
3569 3313 3702 3351 συν-

2121 3406 2328 3471 τελοῦν,
2350 3407 2449 3458 ἀνα
2460 3400 2754 3477 μορφώσας
2785 3399 3044 3472 ἀφθάρτῳ
3074 3400 3165 3451 καί⁵
3188 3394 3457 3467 ἀμηχάνῳ
3484 3390 3701 3457 κάλλει,

2124 3500 2276 3554 ὲάσει
2295 3499 2387 3553 τὸν
2403 3497 2653 3570 δεύτερον
2670 3493 2764 3550 καὶ
2785 3492 3062 3564 ἄφθαρτον
3089 3487 3445 3562 συμπληροῦν
3464 3488 3702 3555 κόσμον.

2134 3616 2149 3648 t
2171 3596 2282 3650 Kal.
2301 3596 2371 3665 γῆ
2392 3590 2451 3657 εξ
2468 3590 2676 3655 ὓδατος.
2704 3607 2723 3641 ι
2742 3588 2891 3658 Ήγῆ
2913 3585 2970 3652 ἐξ
2992 3583 3180 3648 ὓδατος
3200 3583 3318 3652 μὲν,
3334 3581 3409 3646 ὡς
3432 3581 3489 3647 ἐξ
3511 3575 3701 3632 ὕλικοῦ

2125 3688 2322 3750 αἰτίου,
2340 3684 2405 3738 δι’
2428 3681 2624 3746 ὓδατος
2643 3680 2699 3736 δὲ
2719 3680 2794 3744 ὡς
2818 3675 3142 3735 διατελικοῦ.
3156 3674 3343 3746 ’Υδωρ
3359 3674 3465 3744 γάρ
3487 3671 3549 3726 τὸ
3569 3687 3703 3723 συν-

2126 3776 2250 3851 έχον
2281 3776 2380 3848 τὴν
2410 3766 2662 3847 γῆν,οῖον
2689 3771 2858 3826 κόλλα
2883 3787 2965 3833 τις
2997 3768 3242 3841 ὑπάρχον
3284 3766 3442 3836 αὐτῇ.
3470 3762 3565 3835 Μὴ
3589 3763 3705 3832 γὰρ

2125 3869 2293 3925 αὐτοῦ
2326 3868 2642 3941 προσόντος,
2659 3864 2871 3935 ἀνάγκη
2895 3861 3031 3934 πρὸς
3056 3859 3183 3932 χοῦν
3199 3856 3367 3929 αὒτήν
3383 3852 3706 3910 διαλύεσθαι

2127 3958 2222 4013 καὶ
2241 3959 2300 4011 ἀε
2310 3940 2561 4030 ροῦσθαι.
2576 3940 2968 4026 Ἐτειφυήσεται
2985 3950 3041 4004 δέ
3062 3967 3147 4014 τις
3164 3950 3294 4020 ἡμῖν
3310 3947 3441 4009 ἴσως
3468 3943 3705 4013 φλυάρῳ

2127 4050 2344 4122 γνώμῃ.
2390 4049 2456 4103 τί
2488 4047 2687 4119 δήποτε
2737 4047 2765 4099 6
2795 4043 2928 4109 Θεὸς
2957 4042 3046 4098 τὸν
3077 4041 3280 4111 κόσμον
3304 4038 3395 4092 τὸν
3420 4034 3707 4106 ὁρώμενον

2127 4143 2466 4214 ὑποστήσας,
2500 4140 2622 4211 οὐχὶ
2658 4138 2720 4203 ἐξ
2759 4138 2932 4210 ἀρχῆς
2975 4136 3189 4208 ἑδραῖον
3217 4131 3313 4188 καὶ
3360 4126 3707 4214 ἀμετάβολον

2130 4213 2448 4307 εἰργάσατο,
2478 4231 2615 4287 ἀλλά
2666 4229 2992 4303 μεταϐολαῖς
3027 4224 3367 4295 σύγκρατονς
3395 4219 3456 4285 ἐξ
3495 4213 3559 4274 οὗ
3605 4220 3706 4270 καὶ

2132 4330 2270 4402 πρὸς
2299 4327 2361 4383 τὸ
2401 4327 2555 4391 εὺθὲς
2585 4324 2956 4393 ἐπανάγεσθαι
2984 4321 3165 4395 χρεία,
3200 4318 3295 4373 ἐπὶ
3327 4315 3451 4371 Νῶε
3481 4314 3584 4386 μὲν
3612 4310 3709 4367 διὰ

2129 4420 2224 4476 τοῦ
2254 4416 2665 4489 κατακλυσμοῦ,
2696 4419 2755 4471 ὲν
2806 4415 2864 4472 δὲ
2896 4417 2962 4488 τῇ
3007 4409 3309 4485 συντελείᾳ,
3356 4407 3443 4462 διά
3498 4403 3704 4477 πυρὸς,

452 4515 616 4579 Deus,
643 4515 737 4584 qui
767 4514 1038 4570 visibilem
1054 4513 1201 4567 hunc
1222 4513 1486 4571 mundum
1508 4517 1781 4586 produxit,
1811 4536 1924 4575 non
1956 4523 2019 4580 ab

2130 4513 2207 4579 ὡς
2237 4514 2331 4568 νῦν
2365 4528 2499 4582 φησι
2530 4510 2753 4583 Πέτρος.
2801 4509 2944 4580 Πρὸς
2984 4506 3043 4561 ὃν
3084 4504 3338 4578 ἐροῦμεν,
3370 4501 3445 4565 ὡς
3490 4499 3553 4553 τὸ
3600 4499 3708 4571 μὲν

451 4608 677 4662 exordio
709 4608 925 4665 ﬁrmum
953 4620 1018 4661 ac
1048 4605 1439 4663 immutabilem
1477 4609 1739 4678 condidit,
1770 4613 1865 4668 sed
1901 4629 2024 4669 mu-

452 4699 752 4756 tationibus
790 4697 1130 4753 obnoxium?
1157 4697 1315 4755 Unde
1350 4698 1514 4754 etiam
1545 4702 1727 4758 statim
1785 4707 2027 4776 reparari

454 4792 560 4848 fuit
604 4807 853 4853 necesse,
888 4799 1132 4860 tempoae
1173 4791 1393 4861 quidem
1428 4791 1543 4849 Noe
1585 4809 1682 4865 per
1717 4812 1933 4867 aquam,
1970 4800 2026 4854 in

453 4884 931 4939 consummatione
975 4896 1106 4937 vero
1154 4896 1255 4954 per
1295 4881 1498 4954 ignem,
1546 4886 1710 4942 veluti
1757 4904 1903 4945 nunc
1951 4892 2030 4945 ait

454 4975 686 5032 Petrus?
714 4976 793 5030 Ad
838 4988 1000 5045 quem
1045 4974 1285 5030 dicemus
1322 4975 1465 5045 quod
1495 4991 1605 5031 non
1640 4976 1743 5033 fuit
1772 4979 2029 5049 possibile

455 5079 516 5127 ut
555 5066 783 5124 haberet
828 5066 1342 5122 immutabilitatem.
1372 5064 1503 5123 Nam
1533 5070 1625 5140 qui
1652 5069 1766 5124 fieri
1799 5070 1902 5127 hoc
1935 5087 2033 5142 po-

458 5161 560 5216 tuit
584 5174 707 5215 cum
733 5173 797 5213 ex
822 5156 1121 5212 mutatione
1144 5157 1441 5227 accepisset
1464 5174 1587 5216 esse
1603 5161 1629 5215 ?
1650 5161 1707 5217 Si
1729 5162 1947 5233 quidem
1967 5176 2033 5216 ex

456 5268 570 5308 non
598 5265 721 5307 esse
758 5248 1084 5321 productum
1125 5248 1225 5303 fuit
1262 5250 1329 5305 ad
1357 5265 1498 5317 esse,
1533 5252 1679 5323 quod
1712 5268 1874 5309 nemo
1904 5269 2034 5324 pru-

460 5346 599 5400 dens
626 5344 821 5399 dixerit
847 5358 958 5397 non
989 5355 1109 5398 esse
1136 5341 1513 5399 mutationem.
1543 5343 1610 5399 Et
1631 5345 1888 5415 quoniam
1917 5360 2036 5399 mu-

462 5432 593 5487 tatio
638 5434 706 5486 ad
752 5430 907 5500 pejus
946 5444 1229 5500 progressa
1272 5440 1358 5486 est
1403 5431 1687 5485 commista
1730 5431 2032 5502 pejoribus,

460 5533 686 5576 necesse
714 5520 813 5573 fuit
847 5527 906 5573 ut
937 5519 1097 5589 hujus
1125 5518 1378 5574 conditor
1398 5518 1464 5573 ad
1495 5518 1687 5573 melius
1710 5520 2029 5586 reduceret;

463 5618 710 5683 tempore
728 5611 947 5682 quidem
967 5612 1079 5669 Noe
1100 5611 1527 5684 purificationem
1549 5610 1678 5668 fecit
1699 5627 1796 5683 per
1815 5627 2031 5682 aquam,

569 5790 617 5824 ιι
643 5789 686 5846 ιι
704 5790 826 5851 Cor.
847 5809 900 5859 ν,
922 5793 1008 5849 ιο.
1084 5794 1128 5824 ιο
1146 5790 1286 5847 Psal.
1307 5808 1421 5858 cm,
1448 5751 1531 5844 ti.

2133 4606 2532 4681 ἀμετάϐλητον,
2563 4604 2662 4673 οὐχ
2683 4595 2795 4656 οἷόν
2825 4618 2885 4654 τε
2920 4598 3082 4653 αὐτὸν
3113 4598 3284 4667 σχεῖν.
3319 4593 3442 4657 Πῶς
3478 4592 3614 4681 7&9,
3650 4589 3711 4650 ὃς

2130 4677 2197 4755 ἐκ
2227 4696 2529 4772 μεταόολῆς
2553 4694 2737 4765 εἴληχε
2759 4691 2822 4747 τὸ
2841 4687 3022 4772 εἳναις
3065 4688 3161 4741 Ἐκ
3191 4685 3300 4757 7&9
3328 4684 3418 4739 τοῦ
3454 4682 3531 4757 μὴ
3562 4677 3711 4772 εἰναι

2134 4794 2216 4859 εἰς
2232 4770 2303 4847 τὸ
2329 4787 2469 4847 εἶναι
2503 4785 2773 4859 προήχθη,
2806 4784 2945 4855 ὅπερ
2976 4770 3089 4837 ὀὐκ
3141 4780 3209 4835 ἂν
3241 4778 3469 4851 ἔμφρων
3512 4789 3599 4836 τις
3631 4771 3709 4843 μὴ

2135 4885 2417 4940 ἀλλοίωσιν
2460 4883 2598 4954 ἐρεῖ.
2631 4881 2740 4937 Καὶ
2765 4876 2954 4949 ἐπειδὴ
2991 4876 3027 4947 ἡ
3052 4873 3336 4935 ἀλλοίωσις
3371 4867 3464 4924 ἐπὶ
3494 4865 3557 4920 τὸ
3590 4872 3709 4954 χείξ

2139 4995 2232 5049 ρον
2264 4974 2471 5047 προέϐη
2494 4952 2612 5035 τοῖς
2666 4968 2873 5042 χείροσι
2909 4955 3646 5049 συμφυρεῖσα,λάναγκαίως

2136 5043 2327 5119 τούτου
2373 5043 2720 5133 Δημιουργὸς
2767 5056 2860 5110 ἐπὶ
2906 5054 2966 5108 τὸ
3020 5054 3266 5125 κρεῖττον
3296 5047 3590 5115 ἐπανάγων
3617 5043 3711 5097 ἐπὶ

2138 5156 2240 5228 ’μὲν
2268 5154 2363 5210 τοῦ
2394 5154 2521 5208 Νῶε
2549 5152 2648 5223 τὴν
2692 5148 2956 5220 κάθαρσιν
2984 5145 3053 5200 δι’
3085 5142 3278 5206 ὓδατος
3307 5139 3626 5210 ἐποιήσατο,
3653 5136 3710 5228 ἐν

2137 5226 2195 5303 δὲ
2222 5250 2289 5320 τῇ
2322 5243 2604 5317 συντελείᾳ
2631 5243 2719 5297 διὰ
2768 5238 2962 5311 πυρὸς,
3002 5237 3193 5307 ὥσπερ
3240 5232 3340 5286 και
3383 5230 3545 5301 ἡμεῖς
3578 5226 3711 5320 πυρὶ

2140 5340 2241 5402 τὰς
2262 5319 2394 5402 ῦλας
2422 5332 2789 5406 ἀναχωνεύειν
2818 5330 3115 5398 εἰώθαμεν,
3145 5326 3246 5381 οὐκ
3271 5326 3352 5390 εἰς
3374 5319 3713 5394 ἀφανισμὸν,

2140 5428 2256 5484 ἀλλ’
2304 5429 2384 5493 εἰς
2414 5425 2704 5497 κάθαρσιν.
2736 5442 2755 5476 ι
2784 5422 2862 5476 Δι’
2894 5415 2990 5476 ὧνο
3022 5440 3041 5472 ι
3077 5418 3165 5473 διὰ
3205 5412 3301 5471 τοῦ
3335 5411 3567 5487 οὐρανοῦ
3618 5408 3713 5464 καὶ

2140 5522 2239 5591 τῆς
2264 5519 2390 5589 γῆς.
2417 5517 2515 5587 τῆς
2539 5516 2636 5587 μὲν
2657 5516 2718 5569 τὸ
2741 5513 2886 5587 ὕδωρ
2912 5509 3305 5580 ἐπικλυσάσης,
3327 5505 3438 5561 τῶν
3466 5501 3711 5575 οὐρανῶν

2142 5613 2199 5667 δὲ
2232 5613 2359 5674 τοὺς
2386 5609 2775 5682 καταρράκτας
2822 5606 3001 5660 αὐτῶν
3038 5601 3378 5672 ὲπαφέντων,
3410 5597 3709 5656 τουτέστιν,
