3986 6554
276 350 391 414 617

1304 354 1693 416 COMMENT.
1734 356 1815 416 IN
1844 356 2082 422 EPIST.
2127 359 2150 417 l
2198 356 2540 420 JOANNIS.

3429 359 3537 425 618

276 461 625 531 στρεϐλοῦσι,
666 461 760 516 τοῦ
797 462 873 534 μή
934 480 1085 526 τινας
1138 463 1484 523 διάτούτων
1536 466 1838 537 δράττεσοα

1964 484 2265 535 sermones,
2297 484 2367 524 ne
2392 469 2553 539 aliqui
2595 483 2692 540 per
2720 470 2868 541 ipsos
2893 473 3122 527 salutem
3150 484 3531 544 cperarentur.

272 555 577 622 σωτηρίας.
612 555 773 609 Ἵδιον
801 556 861 609 δὲ
916 557 1222 628 στηριγμὺν
1264 558 1364 629 τὴν
1397 560 1478 623 εἰς
1521 560 1614 612 τὸν
1650 561 1857 630 Κύριόν

270 661 413 712 φησι
439 645 648 701 πίστιν.
679 647 895 719 ’Ὠσπερ
931 648 989 703 δὲ
1040 650 1099 702 ἐν
1145 651 1267 712 ταῖς
1323 650 1514 716 ἄλλαις
1546 652 1856 717 ἐπιστολαῖς

272 737 359 799 εἰς
393 739 561 806 εὐχὰς
606 739 966 811 ἀποτελευτᾷ,
994 740 1140 796 οὕτω
1188 744 1292 797 κάν
1320 744 1492 815 ταύτῃ
1512 784 1528 809 ,
1559 744 1659 814 τὴν
1699 746 1758 797 ἐν
1785 747 1852 816 τῇ

271 831 459 884 πίστει
490 832 589 885 τοῦ
620 834 829 905 Κυρίου
865 833 1093 906 αὔξησιν
1116 837 1302 901 αὐτοῖς
1328 839 1715 909 ἐπευχόμενος.

314 936 525 1004 Τέλος,
549 939 675 993 σὺν
707 940 856 1016 Θεῷ,
889 942 995 1011 τῆς
1016 945 1372 1016 γκαθολικῆς
1399 946 1681 1016 δευτέρας
1719 950 1826 1005 τοῦ

735 1013 965 1080 Πέτρου
1014 1015 1396 1085 Ἐπιστολῆς.

281 1228 480 1257 επ

1960 560 2241 633 Propriam
2289 575 2421 616 vero
2467 561 2815 617 stabilitatem
2867 563 3027 619 ﬁdem
3074 564 3206 619 dicit
3247 566 3301 619 in
3351 564 3535 618 Domi-

1962 668 2116 707 num.
2145 650 2614 717 Quemadmodum
2660 661 2841 707 autem
2872 654 2929 708 in
2972 653 3093 709 aliis
3122 653 3379 725 Epistolis
3417 653 3536 707 linit

1949 743 2016 805 in
2044 758 2258 813 preces,
2292 744 2362 798 ita
2394 752 2450 799 et
2480 743 2539 797 in
2566 744 2687 811 hac,
2718 755 3065 816 augmentum
3094 749 3150 802 in
3182 746 3287 802 ﬁde
3320 746 3535 803 Domini

1964 835 2097 904 ipsis
2119 836 2413 905 precando.

1966 948 2137 1015 Finis,
2181 948 2358 1002 divino
2406 949 2610 1022 favente
2654 952 2874 1022 οιισὶίίο,
2916 956 3215 1022 posterioris
3262 955 3535 1012 catholica

2527 1017 2673 1072 Petri
2701 1017 2971 1089 Epistolis.

488 1228 3507 1277 ’δὲ’-’Ἥ

1517 1428 2280 1544 ΥΠΟΘΕΣΙΣ

495 1668 713 1755 ΤΗΣ
797 1664 1301 1759 ΙΩΑΝΝΟΥ
1389 1667 2055 1760 ΚΑΘΟΛΙΚΗΣ
2104 1675 2549 1764 ΠΡΩΤΗΣ
2623 1682 3286 1774 ΕΠΙΣΤΟΛΗΣ.

1414 2034 2414 2154 ABGUMENTUM

652 2265 1067 2354 PRlM/E
1138 2262 1661 2359 JOANNIS
1734 2269 2356 2362 EPISTOL/E
2413 2216 3159 2371 CATHOLlC-IE.

336 2615 568 2690 Ταύτην
603 2619 631 2670 6
657 2616 819 2681 αὐτὸς
858 2616 1116 2689 Ἰωάννης
1151 2620 1180 2674 6
1225 2619 1289 2675 τὺ
1334 2620 1667 2692 Εὖαγγέλιον
1709 2623 1841 2696 γρά·

2025 2620 2188 2694 556
2224 2620 2377 2680 Hanc
2406 2624 2739 2696 conscripsit
2776 2625 2919 2683 idem
2955 2627 3196 2688 Joannes
3222 2633 3313 2702 qui
3344 2632 3523 2694 Evan-

265 2712 407 2782 φας,
439 2709 772 2773 ἐπιστέλλει,
826 2711 1261 2789 ὑπομιμνήσκων
1307 2713 1434 2781 τοὺς
1480 2715 1581 2786 ἤδη
1635 2714 1855 2768 morati-

264 2820 476 2866 σαντας
506 2805 588 2867 είς
624 2802 716 2855 τὸν
756 2802 984 2875 Κύριον.
1035 2805 1151 2858 Καὶ
1179 2806 1396 2876 πρῶτον
1442 2808 1542 2879 μὲν
1570 2807 1761 2879 ὥσπερ
1796 2810 1855 2860 ἐν

261 2894 344 2966 τῷ
375 2893 714 2964 Εὐαγγελίῳ,
742 2893 884 2947 οὕτω
912 2894 1006 2948 καὶ
1033 2896 1092 2948 ἐν
1119 2896 1293 2967 ταύτῃ
1314 2899 1381 2968 τῇ
1424 2898 1707 2968 Ἐπιστολῇ
1733 2900 1853 2953 959-

262 2985 423 3054 λογεῐ
450 2988 582 3055 περὶ
612 2986 705 3039 τοῦ
737 2986 934 3056 Λόγου,
967 2987 1291 3052 ἀποδεικνὺς
1321 2990 1484 3043 αὐτὸν
1513 2990 1602 3045 ἀεὶ
1630 2987 1770 3046 εἶναι
1795 2993 1853 3046 ὲν

260 3079 344 3149 τῷ
383 3079 525 3147 Θεῷ,
576 3078 672 3132 καὶ
711 3079 978 3133 διδάσκων
1020 3080 1112 3135 τὸν
1159 3080 1378 3150 Πατέρα
1422 3082 1538 3151 φῶς
1569 3080 1731 3151 εἶναι,
1765 3085 1853 3140 ἵνα

262 3172 364 3227 καὶ
396 3171 571 3234 οὕτως
596 3170 815 3241 γνῶμεν
840 3172 935 3227 τὸν
964 3172 1137 3241 Λόγον
1166 3174 1243 3238 ὡς
1295 3174 1633 3247 ἀπαύγασμα
1661 3176 1722 3243 ἐξ
1751 3177 1851 3232 αὐ-

261 3262 364 3318 τοῦ
401 3259 566 3318 εἶναι.
596 3262 876 3333 Θεολογῶν
904 3262 960 3318 δὲ
992 3264 1266 3336 ἐξηγεῖται
1293 3266 1367 3339 μὴ
1400 3267 1663 3338 νεώτερον
1710 3266 1849 3324 εἶναι

260 3356 327 3411 τὸ
353 3356 481 3410 καθ’
510 3357 660 3427 ἡμᾶς
689 3358 1007 3427 μυστήριον.
1050 3357 1192 3411 Ἀλλ’
1217 3357 1275 3425 ἐξ
1299 3359 1477 3430 ἀρχῆς
1507 3360 1607 3431 μὲν
1638 3362 1732 3415 καὶ
1759 3364 1848 3418 ἀεὶ

261 3447 563 3517 Ιτυγχάνειν
596 3446 751 3514 αὐτὸ,
783 3445 879 3501 νῦν
912 3447 969 3500 δὲ
1002 3450 1425 3521 πεφανερῶσθαι
1446 3454 1504 3505 ὲν
1533 3452 1844 3526 τῷΚυρίῳ,

262 3539 420 3603 ὅστις
469 3539 589 3591 ἐστὶ
619 3535 734 3609 ζωὴ
767 3536 986 3603 αἰώνιος
1022 3539 1116 3593 καὶ
1167 3541 1297 3606 Θεὸς
1330 3542 1604 3614 ἀληθινός.
1648 3548 1759 3602 Καὶ
1787 3547 1846 3602 τδ

262 3632 445 3685 αἴτιον
471 3629 529 3682 δὲ
564 3628 667 3699 τῆς
690 3628 784 3682 τοῦ
820 3630 1123 3700 παρουσίας
1147 3632 1242 3686 καὶ
1285 3636 1608 3703 ἐπιφανείας
1636 3638 1842 3711 τίθησι,

262 3720 443 3788 λέγων
477 3715 615 3774 εἶναι
650 3719 830 3784 τοῦτο,
871 3722 966 3774 ἐπὶ
1008 3722 1086 3792 τῷ
1125 3725 1426 3781 καταλῦσαι
1465 3729 1531 3782 τά
1576 3730 1713 3800 ἔργα
1747 3733 1840 3786 τοῦ

260 3811 541 3875 διαϐόλου,
583 3812 678 3866 καὶ
714 3814 859 3884 ἡμᾶς
900 3812 1348 3886 ὲλευθερωθῆναι
1388 3820 1496 3874 ἀπὸ
1528 3823 1621 3876 τοῦ
1673 3823 1841 3878 Θανά-

259 3921 382 3965 του,
418 3904 516 3957 καὶ
545 3905 835 3971 γινώσκειν
882 3908 1031 3977 ἡμᾶς
1067 3908 1159 3963 τὸν
1193 3910 1413 3981 Πατέρα
1442 3913 1537 3965 καὶ
1569 3915 1730 3968 αὐτὸν
1751 3916 1840 3972 τὸν

261 3994 393 4047 Υἰὸν
426 3995 632 4066 Κύριον
692 3994 849 4066 ἡμῶν
921 3997 1127 4067 Ἰησοῦν
1178 3984 1433 4071 Χριστόν.
1493 4003 1697 4075 Γράφει
1743 4006 1837 4061 οῦν

262 4086 402 4157 πρὸς
433 4088 614 4139 πᾶσαν
643 4086 883 4158 ἡλικίαν,
920 4089 1056 4159 πρὸς
1088 4091 1293 4154 παιδία,
1323 4092 1459 4164 πρὸς
1494 4096 1834 4165 νεανίσκους,

264 4178 403 4248 πρὸς
438 4178 723 4247 γέροντας,
754 4180 834 4232 ὅτι
870 4180 898 4232 6
926 4181 1024 4250 μὲν
1057 4181 1186 4245 Θεὸς
1214 4185 1482 4258 ἐγνώσθη,
1508 4188 1538 4258 ἡ
1573 4188 1630 4242 δὲ
1656 4191 1836 4245 διαϐο-

262 4266 392 4338 λικὴ
432 4268 686 4339 ἐνέργεια
729 4268 917 4332 λοιπὸν
950 4271 1229 4343 νενίκηται
1272 4278 1713 4348 καταργηθέντος
1741 4281 1834 4335 τοῦ

265 4360 524 4414 θανάτου.
552 4356 684 4413 Εἶτα
729 4360 914 4414 λοιπὸν
944 4361 1017 4415 δι’
1053 4363 1181 4434 ὅλης
1209 4365 1308 4436 τῆς
1347 4366 1667 4439 Ἐπιστολῆς
1710 4374 1836 4445 περὶ

263 4450 489 4521 ἀγάπης
515 4450 776 4517 διδάσκει,
803 4451 972 4506 Θέλων
1000 4454 1146 4523 ἡμᾶς
1175 4455 1438 4528 ἀλλήλους
1467 4459 1708 4533 ἀγαπᾷν,
1743 4466 1837 4517 καὶ

263 4542 591 4605 ἀποδεικνὺς
637 4542 719 4595 ὅτι
759 4541 839 4595 δεί
889 4541 1154 4614 ἀλλήλους
1202 4546 1443 4618 ἀγαπᾷν,
1473 4550 1661 4623 ἐπειδὴ
1692 4556 1787 4608 καὶ
1809 4558 1837 4609 6

262 4634 500 4704 Χριστὸς
538 4632 830 4703 ⁴ἢγάπησεν
870 4636 1041 4705 ἡμᾶς.
1082 4635 1388 4705 Ἐξηγεῖται
1418 4637 1511 4696 οῦν
1561 4648 1689 4713 περὶ
1717 4647 1835 4700 δια-

264 4728 437 4795 φορᾶς
464 4726 629 4793 φόϐου
679 4725 772 4778 καὶ
797 4725 1038 4794 ἀγάπης,
1067 4730 1162 4780 καὶ
1192 4730 1399 4785 τέκνων
1434 4733 1568 4788 Θεοῦ
1608 4739 1703 4792 καὶ
1743 4740 1835 4793 τέ-

262 4830 405 4866 κνων
428 4813 699 4877 διαϐόλου,
728 4812 822 4867 καὶ
851 4815 979 4885 περὶ
1004 4815 1273 4886 ἁμαρτίας
1291 4819 1608 4893 θανατικῆς,
1640 4826 1736 4879 κοιλ⁸
1760 4827 1834 4897 μὴ

264 4904 585 4974 θανατικῆς,
636 4906 731 4958 καὶ
786 4905 1051 4975 διαφορᾶς
1116 4912 1461 4979 πνευμάτων.
1509 4916 1620 4969 Καὶ
1652 4917 1834 4971 λοιπὸν

262 4996 484 5066 διαιρεῖ,
528 4997 680 5048 ποῖον
712 4995 809 5064 μὲν
841 4996 1059 5065 πνεῦμα
1097 4999 1161 5050 ἐκ
1190 4999 1281 5051 τοῦ
1327 5000 1462 5054 Θεοῦ
1510 5003 1650 5071 ἐστι,
1684 5008 1834 5059 ποῖον

263 5087 317 5140 δὲ
366 5087 466 5156 τῆς
514 5085 743 5156 πλάνης,
794 5086 889 5139 καὶ
951 5087 1081 5140 πότε
1129 5088 1227 5159 μὲν
1262 5093 1643 5162 γινωσκόμεθα
1669 5095 1836 5150 τέκνα

263 5178 420 5239 Θεοῦ,
457 5178 590 5228 πότε
621 5176 676 5229 δὲ
707 5174 799 5229 τοῦ
831 5177 1099 5238 διαϐόλου.
1129 5181 1225 5234 καὶ
1275 5183 1402 5268 περὶ
1443 5184 1601 5247 ποίας
1658 5187 1836 5257 ἁμαρ-

1954 2716 2155 2788 gelium
2188 2718 2425 2789 scripsit,
2455 2734 2752 2792 suggerens
2788 2722 2904 2777 btec
2929 2720 3035 2778 illis
3062 2726 3152 2794 qui
3181 2726 3291 2795 jam
3326 2727 3381 2782 in
3416 2729 3526 2786 Do-

1954 2809 2163 2864 minum
2213 2811 2576 2867 crediderant.
2620 2811 2688 2868 Et
2728 2813 2964 2882 primum
3009 2816 3226 2886 quidem
3274 2817 3415 2876 sicut
3460 2822 3521 2877 in

1956 2900 2267 2972 Evangelio,
2296 2903 2369 2957 ita
2396 2912 2451 2958 et
2494 2904 2546 2958 in
2578 2904 2681 2961 hac
2706 2906 2946 2977 Epistola
2989 2909 3291 2982 theologica
3325 2920 3523 2971 tractat

1952 2989 2021 3045 de
2072 2989 2269 3058 Verbo,
2297 2994 2592 3049 ostendens
2637 2995 2814 3066 ipsum
2859 2998 2917 3052 in
2960 2996 3073 3055 Deo
3117 3016 3334 3072 semper
3373 3016 3520 3074 esse,

1951 3079 2263 3151 decensque
2293 3081 2508 3138 Patrem
2549 3098 2669 3139 esse
2705 3084 2905 3153 lucem,
2930 3096 2990 3143 ut
3018 3088 3124 3145 hoc
3160 3092 3323 3148 etiam
3356 3096 3521 3151 modo
3618 3160 3629 3164 δ

1951 3183 2342 3240 cognoscamus
2381 3173 2614 3229 Verbum
2640 3182 2897 3246 tanquam
2924 3180 3272 3249 splendorem
3302 3199 3369 3240 ex
3399 3185 3519 3257 ipso

1948 3275 2091 3318 esse.
2127 3262 2453 3336 Theologice
2487 3274 2668 3322 autem
2720 3268 3038 3328 disserendo
3067 3274 3227 3331 docet
3252 3292 3361 3332 non
3394 3293 3517 3337 esse

1949 3372 2142 3413 recens
2188 3358 2334 3429 quod
2364 3361 2520 3430 apud
2562 3378 2663 3418 nos
2702 3373 2785 3420 est
2822 3369 3182 3439 mysterium:
3212 3372 3308 3429 sed
3333 3370 3514 3443 ipsum

1947 3450 2164 3520 quidem
2212 3452 2281 3507 ab
2328 3452 2483 3509 initio
2531 3470 2854 3528 semperque
2901 3459 3090 3531 fuisse,
3138 3478 3288 3522 nunc
3331 3478 3517 3525 autem

1945 3555 2046 3610 per
2087 3540 2378 3598 Dominum
2435 3543 2606 3601 fuisse
2652 3548 3056 3607 manifestatum
3083 3593 3099 3620 ,
3146 3556 3237 3626 qui
3278 3568 3362 3613 est
3404 3560 3518 3616 vita

1906 3628 1913 3641 “
1948 3639 2147 3687 αξιοι-[ιιι
2174 3640 2229 3688 et
2256 3633 2399 3690 Deus
2424 3650 2605 3692 verus.
2638 3637 2705 3693 Et
2726 3654 2944 3696 causam
2974 3643 3130 3713 ponit
3158 3645 3424 3705 adventus
3453 3665 3517 3707 ac

1943 3723 2403 3781 manifestationis
2443 3725 2613 3798 ipsius
2637 3769 2653 3796 ,
2672 3729 2827 3786 ’hanc
2855 3748 2975 3789 esse
3002 3735 3210 3805 dicens,
3235 3748 3296 3795 ut
3319 3739 3517 3797 dissol-

1943 3826 2092 3873 veret
2128 3832 2294 3888 Opera
2334 3818 2555 3884 diaboli,
2599 3834 2807 3892 nosque
2849 3838 2881 3879 a
2918 3836 3091 3883 morte
3136 3829 3513 3903 liberaremur,

1942 3918 1998 3965 et
2036 3925 2490 3982 cognosceremus
2523 3913 2737 3969 Patrem
2780 3931 2843 3971 ac
2874 3917 3050 3988 ipsum
3081 3922 3277 3981 Filium
3316 3927 3515 3985 Domi—

1944 4018 2073 4056 num
2104 4011 2350 4058 nostrum
2376 4004 2561 4059 Iesum
2592 4007 2889 4063 Christum.
2913 4010 3114 4068 Scribit
3140 4030 3270 4087 ergo
3299 4020 3367 4074 ad
3393 4037 3518 4076 omn

1943 4106 2068 4145 nem
2103 4100 2315 4147 tetatem
2350 4108 2366 4147 :
2408 4094 2474 4148 ad
2521 4110 2742 4164 pueros,
2775 4098 2841 4152 ad
2886 4100 3279 4171 adolescentes,
3309 4110 3377 4165 ad
3421 4128 3513 4167 se-

1894 4236 1898 4243 ,
1942 4197 2061 4249 nes,
2093 4184 2237 4252 quod
2262 4184 2404 4240 Deus
2426 4186 2647 4253 quidem
2691 4189 2940 4261 c0gnitus
2966 4190 3056 4259 sit,
3082 4195 3346 4255 diabolica
3383 4218 3513 4259 vero

1943 4274 2161 4346 energia
2202 4276 2428 4346 posthac
2468 4277 2682 4333 devicta
2724 4281 2814 4344 sit,
2841 4282 3040 4339 abolita
3072 4299 3264 4344 morte.
3306 4290 3514 4350 Deinde

1944 4373 2055 4420 tota
2094 4366 2439 4436 postmodum
2470 4368 2710 4438 Epistola
2740 4373 2808 4428 de
2836 4374 3127 4433 dilectione
3158 4388 3214 4434 et
3244 4382 3514 4443 cbaritate

1942 4458 2120 4524 docet,
2150 4459 2338 4515 volens
2380 4469 2441 4514 ut
2475 4475 2577 4516 nos
2618 4462 2852 4519 invicem
2881 4467 3201 4539 diligamus:
3231 4481 3286 4528 et
3312 4485 3515 4531 osten-

1944 4549 2082 4605 dens
2107 4551 2251 4621 quod
2279 4560 2532 4620 oporteat
2554 4568 2655 4609 nos
2678 4564 2870 4612 mutuo
2894 4558 3138 4631 diligere.
3170 4568 3516 4640 quandoqui-

1943 4641 2066 4697 dem
2116 4651 2171 4697 et
2213 4641 2464 4698 Christus
2505 4644 2690 4701 dilexit
2725 4663 2848 4703 nos.
2881 4649 3041 4720 557
3080 4651 3247 4710 Docet
3286 4672 3416 4733 ergo
3445 4663 3515 4720 de

1944 4734 2262 4790 diversitate
2304 4735 2449 4791 inter
2488 4737 2739 4794 timorem
2782 4756 2848 4796 ac
2891 4744 3259 4816 dilectionem,
3291 4762 3345 4808 et
3373 4756 3514 4816 ﬁlios

1942 4826 2037 4881 Dei
2065 4842 2129 4881 ac
2158 4825 2296 4882 ﬁlios
2323 4827 2545 4891 diaboli.
2572 4839 2625 4885 et
2653 4832 2720 4886 de
2758 4845 2982 4902 peccato
3010 4840 3076 4894 ad
3106 4853 3337 4903 mortem
3367 4858 3422 4905 et
3444 4867 3514 4908 eo

1942 4919 2087 4987 quod
2137 4934 2247 4973 non
2295 4928 2378 4974 est
2420 4921 2487 4974 ad
2526 4932 2775 4989 mortem,
2806 4938 2861 4980 et
2893 4927 2962 4983 de
3002 4929 3316 4993 diversitate
3353 4943 3514 5011 spiri-

1944 5018 2120 5073 tuum,
2151 5024 2215 5063 ac
2251 5018 2438 5079 postea
2480 5010 2765 5082 distinguit
2804 5014 2926 5084 quis
2953 5018 3176 5089 spiritus
3201 5039 3267 5080 ex
3300 5010 3410 5084 Deo
3442 5032 3516 5089 sit

1941 5109 1998 5156 et
2030 5100 2152 5170 quis
2181 5100 2405 5169 spiritus
2431 5102 2633 5158 erroris
2660 5122 2674 5159 :
2704 5114 2758 5159 et
2796 5120 2904 5176 quo
2944 5120 3106 5180 pacto
3133 5119 3514 5188 cognoscimus

1942 5190 2083 5246 ﬁlios
2107 5190 2202 5245 Dei
2228 5205 2293 5245 ac
2325 5190 2465 5247 ﬁlios
2495 5192 2718 5261 diaboli,
2748 5205 2804 5252 et
2829 5198 2896 5255 de
2920 5216 3029 5270 quo
3050 5218 3275 5275 peccato
3296 5217 3511 5282 precari

264 5268 381 5331 τίις
432 5269 729 5336 ὀφείλομεν
780 5267 1036 5339 εὔχεσθαι
1083 5271 1223 5343 ὑπὲρ
1249 5267 1356 5326 τῶν
1389 5274 1831 5346 ἁμαρτανόντων,

1943 5282 2235 5337 debeamus
2267 5297 2365 5352 pro
2391 5282 2477 5337 his
2508 5285 2598 5354 qui
2623 5298 2874 5355 peccant,
2898 5267 2954 5346 et
2979 5267 3179 5368 de-quo
3203 5267 3314 5356 non
3343 5267 3510 5374 oper-

267 5361 356 5412 καὶ
393 5361 525 5430 περὶ
563 5361 722 5422 ποίας
771 5360 833 5413 οὐ
864 5361 945 5413 δεῖ
979 5363 1261 5432 εῠχεσθαι,
1310 5364 1407 5419 καὶ
1434 5367 1517 5417 ὅτι
1544 5367 1572 5418 ὁ
1604 5367 1679 5437 μὴ
1703 5368 1841 5437 ἀγα-

269 5452 380 5504 πῶν
410 5453 504 5505 τὸν
540 5451 768 5522 πλησίον
801 5453 902 5505 οὐκ
936 5452 1081 5506 ἐστιν
1112 5453 1259 5518 ἄξιος
1285 5456 1382 5525 τῆς
1415 5456 1680 5528 κλήσεως,
1716 5460 1839 5515 οὐδὲ

268 5544 488 5597 δύναται
522 5543 779 5611 λέγεσθαι
817 5543 913 5596 τοῦ
954 5544 1220 5613 Χριστοῦ.
1250 5548 1358 5600 Καὶ
1388 5547 1484 5619 τὴν
1519 5550 1745 5621 ἑνότητα
1779 5551 1835 5605 δὲ

269 5633 360 5687 τοῦ
395 5633 528 5687 Υἱοῦ
564 5633 697 5703 πρὸς
731 5632 820 5684 τὸν
855 5633 1069 5701 Πατέρα
1102 5633 1361 5701 δείκνυσι,
1403 5638 1495 5689 καὶ
1538 5637 1619 5690 ὅτι
1660 5638 1688 5689 ὁ
1733 5641 1834 5708 ιὶιρ⁸

268 5724 529 5796 νοῦμενος
560 5723 650 5775 τὸν
686 5723 812 5775 Υίὺν
856 5723 975 5776 οὐδὲ
1008 5722 1099 5777 τὸν
1139 5725 1356 5797 Πατέρα
1384 5727 1517 5797 ἔχει.
1560 5729 1833 5801 Διακρίνει

587 5819 858 5881 Ρηιιοῐ..
885 5821 1001 5881 Gn.
1033 5819 1263 5883 CXIX.

1936 5384 2050 5431 teat
2080 5374 2292 5445 precari
2317 5395 2330 5429 :
2355 5375 2610 5445 quodque
2645 5377 2690 5432 is
2713 5379 2806 5449 qui
2837 5383 3145 5451 proximum
3174 5404 3283 5444 non
3310 5391 3506 5464 diligit,

1937 5481 2048 5520 non
2099 5465 2167 5519 sit
2207 5464 2402 5536 dignus
2449 5467 2755 5535 vocatione,
2783 5486 2886 5526 nec
2927 5475 3100 5543 possit
3136 5478 3241 5532 dici
3280 5479 3506 5540 Christi.

1936 5556 2212 5611 Unitatem
2243 5572 2458 5627 quoque
2484 5558 2603 5613 Filii
2634 5561 2700 5615 ad
2732 5560 2947 5617 Patrem
2981 5567 3257 5624 ostendit:
3285 5579 3339 5625 et
3361 5576 3509 5642 quod

1934 5646 1982 5700 is
2013 5646 2099 5715 qui
2136 5646 2332 5702 Filium
2369 5659 2552 5720 negat,
2577 5667 2756 5722 neque
2799 5653 3011 5709 Patrem
3056 5657 3272 5716 habeat.
3325 5664 3511 5723 Disce-

1934 5745 2049 5806 ptat
2073 5748 2253 5793 autem
2276 5740 2329 5794 in
2354 5741 2457 5797 hac
2478 5742 2715 5814 Epistola
2734 5744 2938 5814 dicens,
2962 5748 3065 5805 hoc
3085 5766 3204 5808 esse
3230 5758 3508 5829 proprium

3045 5843 3123 5905 20
