3986 6588
439 379 547 445 619

1507 380 1906 443 (ECUMENII
1927 379 2222 442 TRICCrE
2269 380 2612 444 EPISCOPI

3605 385 3713 447 (320

437 491 781 556 Antichristi,
823 487 1006 546 dicere
1050 505 1159 545 non
1211 505 1331 547 esse
1368 489 1567 546 Filium
1614 490 1796 561 ipsum
1835 489 2022 547 Jesum

2157 491 2182 544 ὲ
2217 491 2275 545 ἐν
2302 493 2367 563 τῇ
2408 491 2697 564 Ἐπιστολῇ
2728 490 2924 563 ταύτῃ,
2952 491 3126 562 λέγων
3156 493 3248 547 καὶ
3271 493 3429 548 τοῦτο
3457 493 3588 549 ἴδιον
3616 501 3713 551 τοῦ

437 585 714 644 Christum
740 626 754 651 ,
798 592 857 640 ut
901 583 1149 640 videlicet
1193 599 1318 640 cum
1351 583 1440 640 ille
1479 598 1590 640 non
1630 584 1739 652 sit,
1789 584 2022 641 mendax

438 679 557 751 ipse
601 693 661 733 se
703 690 827 732 esse
861 676 1029 731 dicat.
1061 675 1396 730 Exhortatur
1422 681 1605 729 autem
1639 683 1752 730 tota
1780 675 2024 745 Epistola

437 770 723 826 credentes
762 768 817 823 in
872 766 1197 833 Dominum,
1242 781 1315 822 ne
1364 764 1764 821 contristentur
1811 765 1855 821 si
1896 765 2024 822 odio

439 864 747 919 habeantur
789 860 845 914 in
894 859 1123 925 mundo,
1170 858 1266 914 sed
1304 857 1578 929 gaudeant
1622 856 1826 928 potius,
1875 856 2024 928 quod

439 954 626 1011 odium
656 953 846 1010 mundi
877 951 1131 1008 ostendat
1166 950 1458 1008 credentes
1497 949 1762 1022 migrasse
1806 950 1875 1005 ab
1919 950 2024 1006 hoc

437 1045 666 1110 mundo,
703 1059 767 1100 ac
810 1043 1069 1113 deinceps
1100 1043 1305 1098 habere
1350 1042 1823 1098 conversationem
1859 1041 2024 1097 coele-

441 1146 603 1192 stcm.
635 1135 705 1190 Et
733 1135 787 1189 in
824 1135 931 1189 tlne
955 1133 1207 1204 Epistolse
1236 1148 1451 1188 rursum
1487 1132 1555 1189 ad
1589 1132 1904 1189 memoriam
1933 1148 2022 1188 re-

438 1226 607 1294 ducit,
636 1225 781 1296 quod
816 1223 985 1280 Filius
1024 1222 1121 1280 Dei
1154 1224 1263 1279 vita
1298 1231 1501 1280 aeterna
1540 1223 1612 1280 sit
1643 1223 1898 1295 Deusque
1924 1239 2022 1280 ve-

436 1335 571 1385 rus,
617 1327 674 1374 et
730 1326 789 1373 ut
828 1317 928 1389 ipsi
977 1316 1282 1373 serviamus
1336 1330 1399 1373 ac
1441 1316 1601 1372 nobis
1656 1331 1947 1373 caveamus
1990 1332 2021 1371 a

438 1410 765 1466 simulacris.

433 1688 598 1761 558
639 1686 932 1745 PRIORIS
976 1688 1302 1761 JOANNIS
1344 1686 1714 1748 amsrom:
1769 1687 2026 1749 cmm—

970 1760 1163 1816 ιιιιΑς
1199 1760 1475 1817 CAPITA.

2140 583 2513 653 ’Δντιχρίστου
2568 579 2732 650 εἶναι,
2790 583 2852 637 τὸ
2889 582 3068 652 λέγειν
3126 583 3203 657 μὴ
3245 579 3387 640 εἶναι
3433 586 3528 641 τὸν
3583 588 3715 642 Tim

2128 672 2292 728 αὐτὸν
2343 675 2438 728 τὸν
2480 675 2717 748 Χριστὸν
2762 675 2993 746 Ἰησοῦν,
3030 675 3118 731 ἵνα
3181 676 3449 749 δηλονότι,
3503 679 3582 742 ὡς
3639 681 3715 750 μὴ

2124 765 2278 831 ὄντος
2310 768 2549 834 ἐκείνου,
2575 768 2769 823 ἑαυτὸν
2793 768 2923 841 εἴπῃ
2949 764 3090 843 εῖναι
3111 767 3415 841 ὁψεύστης.
3444 770 3717 840 Παραινεῖ

2124 859 2182 914 δὲ
2203 859 2269 913 δι’
2286 860 2415 931 ὅλης
2443 860 2543 932 τῆς
2559 860 2910 932 Ἐπιστολῆς,
2935 862 3011 933 μὴ
3032 861 3263 933 ἀθυμεῖν
3280 862 3407 927 τοὺς
3425 862 3717 917 πιστεύον-

2124 968 2226 1016 τας
2270 951 2349 1023 τῷ
2393 953 2605 1025 Κυρίῳ,
2640 954 2689 1007 εί
2734 953 3022 1025 μισοῦνται
3065 954 3125 1007 ὲν
3176 953 3257 1025 τῷ
3306 954 3516 1026 κόσμῳ,
3572 956 3717 1009 ἀλλὰ

2128 1043 2332 1115 μᾶλλον
2363 1045 2599 1117 χαίρειν,
2650 1047 2733 1101 ὅτι
2768 1045 2831 1100 τὸ
2865 1049 3024 1118 μῖσος
3078 1045 3173 1102 τοῦ
3228 1047 3435 1118 κόσμου
3467 1048 3717 1103 δείκνυσι

2123 1136 2251 1200 τοὺς
2304 1138 2661 1202 πιστεύοντας
2737 1137 3176 1210 μεταϐεϐηκέναι
3230 1138 3326 1193 ἀπ’
3379 1137 3548 1193 αὐτοῦ
3615 1138 3718 1192 τοῦ

2123 1227 2356 1299 κόσμου.
2397 1231 2493 1283 καὶ
2543 1225 2687 1285 εἶναι
2718 1229 2909 1284 λοιπὸν
2955 1230 3056 1301 τῆς
3098 1229 3355 1300 οὐρανίου
3398 1228 3713 1293 πολιτείας.

2123 1318 2236 1373 Καὶ
2257 1321 2315 1373 ὲν
2335 1317 2410 1389 τῷ
2439 1319 2583 1373 τέλει
2613 1320 2668 1373 δὲ
2704 1321 2805 1392 τῆς
2848 1319 3176 1391 Ἐπιστολῆς
3201 1320 3369 1375 πάλιν
3393 1322 3719 1393 ὑπομιμνή-

2125 1425 2246 1463 σκει
2292 1409 2488 1479 λέγων,
2520 1411 2602 1465 ὅτι
2633 1412 2661 1465 ὁ
2686 1409 2783 1466 τοῦ
2816 1410 2951 1465 Θεοῦ
2984 1411 3117 1476 Υἱὸς
3158 1410 3275 1480 ζωὴ
3321 1410 3541 1476 αἰώνιός
3593 1413 3716 1464 ἐστι

2124 1504 2220 1557 καὶ
2245 1502 2375 1566 Θεὸς
2405 1503 2682 1574 ἀληθινὸς,
2712 1504 2809 1559 καὶ
2839 1504 2928 1559 ῐνα
2955 1504 3132 1577 τούτῳ
3181 1503 3578 1575 δουλεύσωμεν,
3614 1503 3717 1557 καὶ

2124 1591 2485 1662 φυλάττωμεν
2519 1593 2747 1657 ἑαυτοὺς
2778 1593 2888 1648 ἀπὸ
2915 1593 3026 1651 τῶν
3058 1592 3315 1648 εἰδώλων.

2121 1685 2499 1739 ΚΕΦΑΛΑΙΑ
2545 1688 2684 1739 ΤΗΣ
2718 1687 3038 1741 1οΑΝΝοΥ
3069 1688 3502 1742 ΚΑΘΟΛΙΚΗΣ
3529 1688 3716 1741 ΠΡΩο

2588 1754 2736 1810 ΤΗΣ
2769 1758 3222 1813 ΕΠΙΣΤΟΛΙΙΣ.

434 1853 482 1903 1.
504 1849 821 1922 Evangelica
848 1852 912 1906 de
943 1850 1152 1906 Christo
1188 1853 1475 1924 theologia;
1505 1855 1561 1907 in
1594 1870 1695 1925 quo
1731 1855 1891 1909 etiam
1919 1856 2022 1927 agit

2153 1839 2202 1899 t'.
2243 1844 2620 1918 Εὐᾳγγελικὴ
2671 1848 2952 1917 θεολογία
3004 1847 3139 1916 περὶ
3195 1847 3476 1917 Χριστοῦ.
3522 1848 3622 1925 Ἐν
3660 1841 3715 1917 ᾧ

501 1940 566 1995 de
596 1942 916 2014 confessione
959 1952 1010 1998 et
1052 1943 1415 2000 observatione
1439 1962 1472 1999 a
1493 1955 1727 2013 peccato,
1762 1948 1900 2017 quod
1929 1964 2021 2002 cu-

502 2032 676 2089 stodia
716 2044 1097 2103 praceptorum
1130 2035 1226 2091 Dei
1257 2038 1603 2106 cognitionem
1639 2036 1704 2092 de
1744 2039 1858 2110 ipso
1896 2055 2022 2093 ceno

504 2126 705 2195 firmet.

420 2202 483 2271 Ὦ.
506 2215 581 2272 De
596 2217 870 2273 dilectione
887 2218 999 2274 sine
1019 2237 1124 2290 qua
1149 2228 1328 2276 manet
1357 2220 1600 2291 impietas
1618 2238 1636 2276 :
1654 2222 1709 2277 in
1735 2238 1836 2294 quo
1856 2223 2018 2277 etiam

499 2309 608 2378 agit
645 2309 708 2364 de
736 2310 915 2380 gratia
945 2310 1107 2380 juxta
1138 2311 1391 2381 cuiusque
1416 2321 1648 2379 (etatem,
1682 2322 1731 2367 et
1771 2315 1836 2368 de
1868 2330 2019 2367 arer-

497 2401 644 2454 sione
682 2401 749 2455 ab
785 2418 968 2457 amore
1000 2403 1203 2458 mundi.

428 2493 480 2545 ’5.
500 2493 577 2546 De
622 2493 772 2564 falsis
834 2495 1091 2565 fratribus
1142 2494 1311 2550 Deum
1360 2496 1758 2568 abnegantibus,
1790 2509 1841 2554 et
1884 2506 2021 2573 quod

472 2650 480 2655 ἢ
501 2585 669 2650 pietas
691 2586 746 2639 in
771 2584 1039 2641 Christum
1059 2587 1125 2641 sit
1151 2586 1331 2642 Patris
1347 2590 1599 2660 confessio
1618 2606 1637 2644 :
1659 2590 1843 2646 Patris
1870 2610 2022 2648 nam-

472 2692 599 2747 .qne
639 2675 959 2747 gloriﬁcatio
983 2718 999 2745 ,
1035 2676 1168 2732 Filii
1208 2681 1468 2753 theologia
1494 2692 1591 2737 est.
1627 2683 1697 2738 In
1731 2701 1832 2755 quo
1859 2687 2021 2742 etiam

499 2769 609 2836 agit
657 2769 722 2822 de
749 2770 926 2824 divino
962 2787 1025 2824 ac
1053 2771 1328 2842 spirituali
1361 2773 1497 2828 dono
1524 2774 1581 2828 in
1605 2776 2021 2846 sanctiﬁcatione
2048 2814 2053 2821 δ

500 2860 562 2912 ob
620 2874 761 2928 spem
815 2862 1152 2930 perveniendi
1197 2864 1266 2917 ad
1317 2865 1668 2936 cognitionem
1717 2867 1844 2935 Dei,
1883 2873 2022 2941 quod

499 2952 668 3005 omnis
688 2953 779 3022 qui
804 2960 878 3006 est
915 2952 970 3005 in
1005 2952 1237 3021 Christo,
1285 2965 1438 3009 extra
1467 2966 1741 3025 peccatum
1772 2970 1846 3016 est
1868 2977 1887 3016 .'
1932 2963 2023 3035 qui

499 3043 639 3097 enim
675 3052 880 3112 peccat,
926 3060 990 3098 ea:
1017 3044 1229 3099 diabolo
1259 3055 1356 3102 est.

428 3134 485 3192 4,
503 3134 575 3188 De
617 3135 876 3190 charitate
914 3151 1038 3208 erga
1074 3139 1374 3207 proximum
1421 3146 1472 3193 et
1520 3140 1792 3210 affectione
1812 3145 1884 3198 ad
1925 3146 2020 3201 tri-

2190 1935 2322 2004 :zspl
2352 1934 2747 2007 ἐξομολογίας
2775 1937 2875 1992 καί
2904 1936 3218 2008 προσοχῆς
3241 1936 3351 1993 τοῦ
3388 1939 3476 2008 μὴ
3517 1941 3710 2009 ἀμαρ-

2188 2026 2418 2094 τάνειν,
2451 2029 2574 2083 Ὅτι
2607 2030 2647 2099 ἠ
2681 2029 2938 2099 τήρησις
2965 2030 3083 2086 τῶν
3109 2030 3379 2087 ἐντολῶν
3399 2032 3506 2087 τοῦ
3555 2032 3711 2087 Θεοῦ

2190 2118 2308 2189 τὴν
2333 2119 2565 2192 γνῶσιν
2587 2122 2844 2188 βεϐαιοῖ.

2121 2209 2187 2283 β’.
2230 2212 2371 2283 Περὶ
2405 2213 2666 2284 ἀγάπης,
2689 2211 2768 2287 ἧς
2794 2215 2942 2270 ἄνευ
2986 2215 3248 2282 ἀσέϐεια,
3294 2217 3397 2271 Ἐν
3419 2207 3469 2283 ᾧ
3500 2218 3715 2287 παραίσ-

2189 2322 2358 2374 νεσις
2391 2307 2524 2378 περὶ
2555 2307 2801 2379 χάριτος
2826 2307 3094 2364 ἑκάστου
3122 2308 3253 2365 καθ’
3285 2308 3563 2376 ἡλικίαν·
3603 2310 3711 2364 και

2191 2399 2324 2468 περὶ
2348 2399 2702 2473 ἀποτροπῆς
2737 2400 2848 2471 τῆς
2873 2402 3024 2471 πρὸς
3055 2402 3163 2456 τὸν
3187 2401 3421 2471 κόσμον
3443 2400 3709 2471 ἀγάπης.

2120 2490 2190 2558 γ’.
2231 2492 2372 2562 Περὶ
2409 2492 2847 2564 ψευδαδέλφων
2870 2492 3276 2563 ἀρνησιθέωνσ
3308 2493 3408 2549 και
3433 2492 3523 2548 ὅτι
3550 2494 3590 2562 η
3619 2497 3713 2561 εις

2192 2585 2459 2654 Χριστὸν
2503 2586 2798 2654 εὐσέϐεια,
2839 2587 3074 2657 Πατρός
3122 2588 3429 2658 ὁμολογία.
3476 2587 3541 2643 Ἠ
3596 2588 3713 2658 τὰρ

2194 2675 2302 2730 τοῦ
2348 2677 2584 2748 Πατρός
2610 2676 2953 2750 δοεολογία,
2996 2680 3105 2734 τοῦ
3145 2679 3283 2735 Υιοῦ
3323 2679 3454 2734 ἐστι
3499 2683 3710 2736 θεολο-

2197 2765 2316 2836 Tia.
2354 2767 2451 2822 Ἑν
2476 2761 2524 2835 ᾧ
2554 2769 2689 2838 περὶ
2736 2769 2897 2824 θείου
2932 2770 3030 2823 καὶ
3078 2769 3484 2840 πνευματικοῦ
3540 2770 3710 2839 χαρίο

2195 2872 2427 2929 σματος
2467 2860 2539 2915 ἐν
2587 2860 2895 2932 ἁγιασμῷ,
2940 2862 3036 2915 ἐπ’
3067 2861 3291 2927 ἐλπίδι,
3343 2864 3430 2928 είς
3480 2858 3709 2932 γνῶσιν

2199 2951 2369 3008 Θεοῦ.
2410 2952 2538 3006 Ὀτι
2580 2950 2701 3020 πᾶς
2726 2956 2760 3008 ὀ
2784 2952 2855 3007 ἐν
2891 2951 3147 3024 Χριστῷ,
3180 2952 3355 3019 ἐκτὸς
3393 2953 3704 3023 ἁμαρτίας.

2210 3039 2273 3094 '0
2306 3042 2413 3113 γὰρ
2446 3042 2800 3113 ἁμαρτάνων
2828 3042 2896 3098 ἐκ
2926 3043 3034 3099 τοῦ
3061 3044 3345 3099 διαϐόλου
3366 3044 3559 3101 ἐστίν.

2122 3132 2184 3189 δ’.
2227 3137 2365 3205 Περὶ
2395 3136 2637 3208 ἀγάπης
2666 3136 2776 3205 τῆς
2808 3140 2896 3205 εις
2930 3139 3044 3193 τεν
3082 3140 3354 3207 πλησίον
3385 3138 3483 3192 καὶ
3511 3137 3705 3192 διαθέ-

500 3228 759 3280 buendum
787 3226 1137 3299 eleemosynas
1161 3243 1179 3282 :
1205 3228 1260 3282 in
1306 3245 1407 3300 quo
1432 3230 1595 3285 etiam
1638 3233 1764 3305 agit-
1790 3234 1855 3288 de
1882 3236 2015 3291 bona

2190 3240 2343 3294 σεως
2379 3228 2798 3299 μεταδοτικῆς.
2850 3229 2956 3283 Ἐν
3008 3223 3057 3297 ᾧ
3096 3230 3231 3296 περὶ
3293 3227 3704 3295 συνειδήσεως

498 3319 814 3374 conscientia
847 3335 965 3389 quae
994 3328 1068 3373 est
1107 3335 1199 3388 per
1242 3321 1400 3389 ﬁdem
1440 3318 1565 3376 Iesu
1601 3321 1840 3379 Christi:
1876 3336 1924 3381 et
1955 3329 2020 3383 de

498 3411 849 3465 discernendis
865 3410 1136 3479 spiritibus
1141 3426 1237 3481 per
1250 3414 1620 3482 confessionem
1635 3413 2019 3473 incarnationis

507 3499 738 3555 Domini.

430 3596 483 3650 5.
503 3596 579 3651 De
605 3599 845 3670 fraterna
872 3596 1131 3653 charitate
1154 3598 1224 3651 ad
1251 3598 1486 3655 divinum
1514 3602 1735 3657 cultum.

432 3690 485 3743 0.
506 3690 780 3763 Tlteologia
821 3692 885 3746 de
922 3688 1064 3744 Filio
1107 3690 1197 3761 qui
1230 3698 1307 3746 est
1338 3691 1395 3744 in
1422 3691 1592 3762 gloria
1629 3693 1836 3759 Patris,
1869 3703 1919 3749 et
1952 3695 2016 3750 de

500 3782 722 3838 uictoria
759 3784 1005 3838 adversus
1035 3782 1330 3854 .ilalignum
1357 3797 1452 3852 per
1471 3784 1629 3853 fidem
1660 3785 1784 3841 Jesu
1817 3786 2015 3843 Christi

507 3873 580 3927 ad
605 3874 792 3928 vitam.

433 3963 487 4019 Ἰ.
513 3964 585 4019 De
618 3965 963 4021 subveniendo
998 3968 1157 4038 fratri
1191 3969 1434 4039 peccanti
1473 3983 1565 4038 per
1606 3970 1919 4038 orationem,
1966 3980 2014 4026 et

505 4058 645 4128 quod
689 4074 792 4112 non
830 4058 899 4114 sit
937 4059 1257 4129 peccandum
1290 4075 1310 4114 :
1346 4060 1403 4113 in
1447 4076 1548 4131 quo
1592 4060 1755 4116 etiam
1802 4062 1911 4133 agit
1952 4062 2015 4117 de

501 4149 821 4206 abstinentia
861 4168 894 4206 a
935 4152 1079 4207 cultu
1112 4153 1430 4209 dtemonum.

750 4307 781 4316 Α

2194 3318 2425 3389 ἀγαθῆς
2472 3321 2578 3389 τῆς
2608 3321 2680 3375 ἐν
2714 3323 2915 3377 πίστει
2989 3322 3196 3390 Ἰησοῦ
3245 3320 3525 3390 Χριστοῦ.
3564 3321 3699 3388 Περὶ

2192 3410 2547 3482 διακρίσεως
2581 3415 2938 3484 πνευμάτων
2980 3413 3074 3484 ἐφ’
3112 3415 3402 3484 ὁμολογίᾳ
3448 3411 3563 3481 τῆς
3595 3411 3700 3468 τοῦ

2194 3506 2418 3573 Κιιρίου
2448 3505 2985 3576 ἐνανθρωπήσεως.

2122 3600 2185 3650 ε’.
2224 3595 2366 3664 Περὶ
2390 3596 2798 3667 φιλαδελφίας
2822 3601 2904 3665 εις
2932 3597 3295 3653 θεοσέϐειαν.

2123 3692 2199 3752 ς’.
2240 3687 2378 3756 Περὶ
2423 3690 2737 3758 θεολογίας
2806 3687 2945 3745 Υῐοῦ
2994 3689 3065 3743 ἐν
3113 3688 3265 3758 δόξῃ
3309 3686 3561 3755 Πατρός,
3601 3687 3699 3742 καὶ

2197 3779 2330 3850 περὶ
2365 3782 2538 3849 νίκης
2557 3779 2669 3851 τῆς
2699 3780 2848 3836 κατὰ
2876 3781 2982 3837 τοῦ
3013 3779 3287 3850 Πονηροῦ
3315 3779 3415 3836 διὰ
3439 3780 3699 3847 πίστεως

2202 3872 2406 3944 Ἰησοῦ
2444 3870 2707 3943 Χριστοῦ
2735 3875 2823 3940 εις
2851 3870 3027 3942 ζωήν.

2116 3968 2182 4040 ζ’.
2223 3966 2361 4035 Περὶ
2402 3962 2783 4034 ἀντιλήψεως
2812 3964 2919 4020 τοῦ
2957 3963 3398 4034 ἁμαρτάνοντος
3430 3961 3698 4033 ἀδελφοῦ

2188 4058 2289 4115 διὰ
2307 4055 2682 4128 προσευχῆς,
2721 4058 2823 4113 καί
2854 4058 3003 4127 ρπερι
3042 4054 3149 4112 τοῦ
3186 4055 3274 4126 μὴ
3312 4054 3693 4125 ἁμαρτάνειν.

2200 4153 2302 4207 Ἐν
2319 4143 2367 4219 ᾧ
2404 4150 2533 4221 περὶ
2557 4148 2793 4221 ἀποχῆς
2815 4148 3166 4222 δαιμονικοῦ
3190 4148 3590 4220 σεϐάσματος.
