3986 6588
319 375 436 440 69.5

1341 379 1727 440 conusxr.
1767 380 1841 439 ιχ
1875 375 2113 438 EPIST.
2150 377 2179 437 ι
2216 334 2597 438 JOANNISK
3484 367 3592 432 διδ

320 490 672 561 ψευδόμεθα
703 534 718 558 ,
795 494 895 549 καὶ
960 495 1033 549 οὐ
1087 493 1376 565 ποιοῦμεν
1420 494 1535 564 τὴν
1588 494 1901 561 ἀλήθειαν.

2022 504 2057 547 ει
2089 491 2305 564 sanguis
2331 490 2456 547 Jesu
2487 488 2684 547 Christi
2707 487 2806 558 ﬁlii
2832 489 2948 560 ejus
2968 486 3218 544 emundat
3245 494 3337 541 nos
3356 488 3421 541 ab
3444 488 3592 549 omni

336 584 561 639 Ἐὰνδὲ
586 585 656 640 ἐν
691 585 773 653 τῷ
800 586 949 656 φωτὶ
974 587 1412 658 περιπατῶμεν,
1450 589 1530 654 ὡς
1558 587 1742 654 αὐτός
1768 587 1903 640 ἐστι

2010 594 2246 655 peccato.

321 677 499 745 ένεῷ
513 678 684 749 φωτί,
713 682 1036 736 κοινωνίαν
1064 682 1287 753 ἔχομεν
1306 684 1438 753 μετ’
1470 685 1781 751 ἀλλήλων,
1811 683 1908 737 καὶ
1942 681 2007 737 τὸ
2034 678 2179 753 αἷμα
2220 681 2423 751 Ἰησοῦ
2456 678 2718 751 Χριστοῦ
2745 678 2859 734 τοῦ
2889 676 3032 734 Υιοῦ
3061 676 3249 734 αὐτοῦ
3292 675 3591 750 καθαρίζει

321 767 490 838 ⁴ἡμᾶς
514 769 635 824 ἀπὸ
662 768 868 838 πάσης
895 771 1206 842 ἁμαρτίας.

405 880 424 913 ι
444 863 558 915 Καὶ
592 862 1015 933 ἀπαγγέλλομεν
1071 864 1202 934 ὑμῖν
1230 865 1331 935 τὴν
1370 864 1536 936 ζωήν.
1565 884 1583 916 ι
1636 866 1703 918 ’ΞΟ
1730 866 1911 918 τοίνυν

327 953 668 1024 ἑωράκαμεν
724 956 822 1008 καὶ
876 955 1217 1026 ἀκηκόαμεν,
1269 957 1691 1028 ἀπαγγέλλομεν
1756 956 1907 1025 ὑμῖν,

324 1044 490 1114 φησί.
550 1044 840 1109 Τίτοῦτο;
898 1047 980 1100 ὅτι
1040 1046 1156 1120 ζωὴ
1211 1047 1430 1113 αἰώνιος
1461 1048 1537 1103 ὢν
1586 1048 1907 1120 ἐφανερώθη

321 1135 488 1205 ἡμῖν,
556 1136 653 1189 καὶ
698 1135 891 1191 θεαταὶ
940 1138 1105 1192 αὐτοῦ
1162 1140 1491 1212 γεγόναμεν,
1540 1144 1636 1195 καὶ
1680 1140 1787 1211 πρὸ
1811 1138 1906 1194 τοῦ

323 1228 605 1300 σταυροῦ,
638 1229 734 1283 καὶ
798 1230 937 1302 μετά
983 1231 1084 1304 τὴν
1136 1232 1449 1287 ἀνάστασιν.
1498 1233 1556 1288 '0
1583 1232 1692 1305 γὰρ
1742 1233 1908 1298 αὐτὸς

323 1320 430 1372 καὶ
453 1318 537 1390 τῷ
584 1320 804 1393 σταυρῷ
846 1323 1128 1392 σαρκικῶς
1154 1324 1508 1396 προσηλώθη.
1540 1325 1635 1378 καὶ
1665 1326 1731 1397 τῇ
1766 1324 1904 1396 αῦτῇ

322 1409 597 1484 ἐξανέστη
658 1414 846 1484 σαρκί.
880 1417 989 1469 Καὶ
1014 1416 1068 1469 τί
1097 1417 1290 1488 κέρδος
1318 1420 1382 1471 ὲκ
1409 1417 1612 1489 ταύτης
1647 1419 1777 1486 ὑμῖν
1805 1417 1907 1487 τῆς

321 1504 677 1575 ἀπαγγελίας
710 1508 1008 1580 κομίζομεν
1034 1528 1050 1578 ;
1082 1510 1240 1581 φησί’
1267 1510 1348 1576 τὸ,
1373 1510 1561 1581 ὥσπερ
1618 1510 1908 1574 κοινωνοὺς

324 1596 480 1667 ὑμᾶς
517 1598 871 1668 λαμϐάνομεν
921 1601 1009 1656 διὰ
1033 1601 1128 1654 τοῦ
1185 1601 1346 1669 λόγου
1370 1594 1446 1656 ὧν
1471 1601 1685 1672 εῐδομὲν
1714 1619 1775 1656 τε
1813 1604 1911 1656 καὶ

324 1685 680 1755 ἀκηκόαμεν,
735 1687 879 1741 οὕτω
929 1690 1218 1754 κοινωνοὺς
1276 1693 1370 1744 καὶ
1423 1691 1517 1745 τοῦ
1552 1690 1763 1762 [ἰατρὸς
1812 1692 1911 1745 καὶ

328 1775 431 1827 τοῦ
467 1775 601 1830 Υίοῦ
626 1777 792 1831 αὐτοῦ
811 1779 984 1849 Ἰησοῦ
1019 1780 1283 1852 Χριστοῦ.
1308 1780 1511 1837 Τούτου
1539 1781 1597 1835 δὲ
1629 1782 1907 1853 τυχόντες,

330 1869 513 1938 χαρᾶς
536 1869 606 1923 ἂν
651 1872 1096 1943 πληρωθείημεν,
1129 1873 1206 1938 ὡς
1227 1873 1308 1945 τῷ
1341 1875 1460 1946 Θεῷ
1494 1874 1910 1947 κτκολλημένοι,

329 1959 369 2029 ἢ
395 1963 481 2015 δτι
509 1960 668 2031 ὑμῶν
688 1964 820 2035 ἡμῖν
842 1966 1268 2033 κοινωνούντων,
1303 1968 1686 2040 πληρεστάτην
1712 1968 1915 2039 ἔχομεν

329 2052 436 2121 τὴν
492 2053 654 2123 χάριν
706 2055 883 2125 ὑμῶν,
905 2057 975 2128 ἢν
1003 2061 1115 2124 τοῖς
1169 2057 1443 2130 θερισταῖς
1488 2061 1515 2112 ὁ
1542 2060 1749 2130 χαίρων
1782 2076 1915 2112 σπο-

335 2145 471 2214 ρεῦς
493 2146 552 2199 ὲν
579 2148 643 2218 τῇ
678 2147 777 2202 τοῦ
836 2150 1029 2219 μισθοῦ
1083 2150 1356 2221 ἀπολήψει
1411 2151 1731 2218 βραδεύσει,
1796 2169 1915 2223 χαι⁸

335 2234 547 2305 ρόντων
595 2239 691 2292 καὶ
744 2239 975 2308 τούτων,
1036 2241 1120 2295 ὅτι
1169 2242 1280 2296 τῶν
1336 2242 1515 2297 πόνων
1561 2243 1745 2298 αὐτῶν
1781 2243 1918 2300 ἀπο-

332 2325 585 2385 λαύουσι.
640 2329 830 2383 Ταῦτα
888 2330 1059 2384 εἰπὼν
1110 2333 1560 2402 ἑπαναλαμὸἀνει
1613 2332 1776 2388 πάλιν
1823 2335 1917 2388 τὸν

334 2414 520 2484 λόγον,
563 2419 876 2489 σαφηνίζων
927 2420 1345 2493 τίςήάγγελία,
1402 2425 1469 2494 ἢν
1520 2425 1749 2495 ἀκήκοε.
1806 2426 1918 2480 Καί

335 2526 507 2578 φησιν
530 2511 615 2565 ὅτι
669 2511 817 2585 αὕτη
879 2515 1049 2568 ἐστίν’
1096 2516 1157 2570 Ὀ
1188 2516 1320 2580 Θεὸς
1352 2517 1469 2585 φῶς
1496 2518 1637 2582 ἐστι,
1665 2519 1761 2572 καὶ
1791 2534 1918 2572 σκο-

337 2604 434 2659 τία
466 2605 527 2657 ὲν
553 2605 704 2677 αὑτῷ
736 2608 840 2661 οὐκ
874 2607 1010 2663 ἐστι.
1043 2610 1153 2664 Καὶ
1184 2610 1290 2664 ποῦ
1321 2610 1478 2664 τοῦτο
1512 2612 1781 2682 ἧκουσενς
1820 2613 1917 2667 ἀπ’

336 2696 507 2749 αὐτοῦ
575 2697 671 2752 τοῦ
723 2698 987 2769 Χριστοῦ,
1033 2719 1054 2753 ι
1090 2700 1234 2770 Ἐγώ
1286 2705 1405 2773 ειμι
1432 2704 1493 2756 τὸ
1524 2704 1641 2774 φῶς
1696 2705 1790 2759 τοῦ
1824 2706 1915 2759 κό-

339 2801 549 2854 σμου,ι
604 2787 873 2855 λόγοντος.
925 2788 1057 2856 Καὶ,
1091 2790 1250 2855 «Φῶς
1300 2794 1383 2857 εἰς
1407 2794 1501 2846 τὸν
1559 2793 1762 2864 κόσμον
1798 2794 1919 2866 ἐλή-

337 2874 498 2931 λυθα.
517 2895 538 2929 ι
592 2876 714 2940 Φῶς
735 2878 828 2933 οῦν
857 2880 996 2947 ἐστι,
1027 2883 1124 2936 καὶ
1153 2882 1343 2937 σκοτία
1368 2886 1425 2938 ὲν
1464 2884 1615 2954 αὐτῷ
1644 2886 1746 2939 οὐκ
1775 2884 1912 2941 ἔστι.

338 2966 788 3041 Φὼςδένοερδν,
836 2974 962 3035 τοὺς
1016 2975 1121 3044 τῆς
1152 2974 1332 3046 ψυχῆς
1380 2975 1539 3046 ἡμῶν
1602 2976 1920 3049 ὀφθαλμοὺς

340 3060 424 3120 εἰς
465 3060 566 3131 τὴν
596 3062 763 3116 αὐτοῦ
783 3064 1064 3135 ἀντίληψιν
1088 3067 1400 3132 ἁνακινοῦν,
1437 3068 1532 3135 καὶ
1560 3066 1768 3122 τούτων
1800 3068 1916 3123 τῶν

2088 886 2105 919 ‹
2140 867 2210 923 Ει
2231 868 2623 923 annuntiamus
2643 867 2802 924 vobis
2825 867 3017 923 vitam.
3052 884 3071 919 ι
3106 865 3263 933 Quod
3287 880 3419 936 ergo
3451 864 3590 921 vidi.

2009 971 2134 1011 mus
2159 965 2216 1012 et
2235 958 2564 1024 audivimus,
2588 956 2983 1015 annuntiamus
3008 956 3187 1025 vobis,
3206 956 3404 1027 inquit.
3427 954 3599 1023 Quid~

2006 1064 2136 1105 nam
2178 1050 2310 1105 illud
2364 1051 2488 1105 est?
2520 1050 2666 1121 quod
2714 1050 2761 1106 is
2787 1050 2881 1121 qui
2914 1058 3000 1108 est
3032 1050 3144 1118 vita
3193 1058 3399 1107 aeterna
3430 1048 3592 1105 nobis

2007 1138 2390 1195 manifestatus
2419 1148 2523 1206 est,
2557 1148 2613 1195 et
2647 1139 2991 1210 inspectores
3020 1138 3197 1208 ipsius
3235 1136 3364 1195 l'acti
3394 1151 3589 1192 sumus

2015 1240 2071 1286 et
2112 1239 2240 1285 ante
2286 1232 2615 1303 passionem
2648 1239 2702 1287 et
2748 1240 2872 1301 post
2924 1230 3406 1287 resurrectionem.
3470 1229 3593 1299 Ipse

2015 1322 2159 1378 enim
2190 1323 2246 1378 in
2273 1339 2435 1380 carne
2460 1324 2630 1379 clavis
2649 1322 2754 1379 fuit
2784 1324 2936 1381 cruci
2958 1322 3173 1389 allixus,
3208 1331 3264 1379 et
3308 1322 3367 1377 in
3400 1322 3591 1378 eadem

2013 1430 2181 1471 carne
2213 1418 2530 1474 resurrexit.
2559 1418 2627 1474 Et
2651 1418 2797 1489 quod
2830 1418 3055 1474 lucrum
3078 1432 3145 1472 ex
3174 1416 3281 1472 hac
3301 1414 3590 1471 annuntia-

2015 1505 2163 1561 tione
2191 1506 2348 1562 vobis
2377 1506 2712 1562 adferimus?
2737 1521 2938 1576 nempe
2986 1505 3139 1570 illud,
3171 1504 3341 1575 quod.
3395 1519 3593 1573 quem-

2014 1597 2306 1655 admodum
2336 1614 2435 1655 vos
2466 1608 2753 1655 consortes
2792 1598 3124 1657 assumimus
3151 1613 3247 1668 per
3280 1610 3593 1655 sermonem

2022 1703 2211 1745 eorum
2243 1706 2365 1762 quae
2390 1698 2447 1746 et
2480 1692 2721 1762 vidimus
2750 1699 2806 1746 et
2827 1690 3163 1754 audivimus,
3192 1690 3347 1745 itaet
3365 1702 3596 1744 consor-

2017 1789 2100 1838 tes
2124 1780 2303 1838 Patris
2337 1796 2405 1838 ac
2442 1780 2565 1838 Filii
2603 1781 2776 1853 ipsius
2811 1779 2941 1837 Iesu
2986 1779 3211 1838 Christi.
3260 1779 3374 1837 Hoc
3412 1784 3594 1836 autem

2016 1871 2186 1947 nacti,
2224 1872 2421 1944 gaudio
2462 1873 2777 1943 repleamur
2827 1879 3087 1942 tanquam
3132 1872 3245 1929 Deo
3291 1870 3454 1926 uniti.
3487 1869 3598 1927 Aut

2016 1964 2141 2034 quia
2175 1964 2305 2021 dum
2345 1979 2442 2022 vos
2483 1965 2773 2021 nobiscum
2814 1964 2948 2022 estis
2982 1964 3299 2035 participes.
3342 1964 3595 2035 plenissi-

1983 2118 1995 2124 κ
2016 2071 2166 2111 mum
2182 2056 2450 2114 habemus
2465 2057 2721 2128 gaudium
2743 2066 3013 2123 nostrum,
3035 2057 3182 2128 quod
3204 2058 3258 2111 in
3280 2057 3595 2127 receptione

2018 2148 2287 2206 mercedis
2313 2149 2560 2221 gaudens
2582 2150 2887 2206 seminator
2910 2150 3209 2206 constituet
3232 2149 3594 2212 messoribus.

2020 2239 2378 2310 gaudentibus
2409 2250 2465 2297 et
2512 2242 2601 2298 his
2638 2243 2784 2312 quod
2836 2240 2952 2297 suis
3002 2240 3258 2297 fruantur
3297 2241 3593 2297 laboribus.

2019 2328 2116 2387 llis
2153 2331 2315 2388 dictis
2365 2348 2581 2389 rursum
2627 2347 2936 2390 sermonem
2994 2332 3245 2396 resumit,
3293 2332 3597 2402 explanans

2019 2436 2141 2492 quae
2169 2421 2239 2477 sit
2261 2421 2609 2478 annuntiatio
2637 2437 2799 2493 quam
2830 2421 3037 2478 audivit
3063 2439 3080 2479 ι
3105 2433 3160 2479 et
3189 2423 3266 2477 ait
3292 2422 3433 2477 hanc
3448 2436 3594 2487 esse,

2019 2514 2165 2585 quod
2198 2514 2343 2572 Deus
2377 2515 2468 2571 lux
2498 2524 2602 2581 est,
2641 2524 2697 2571 et
2732 2516 2972 2571 tenebrae
3000 2515 3061 2571 in
3103 2531 3170 2571 eo
3214 2531 3322 2569 non
3353 2523 3498 2571 sunt.
3532 2513 3600 2569 Et

2022 2606 2114 2665 ubi
2140 2606 2382 2665 audivit?
2418 2608 2503 2664 Ab
2542 2608 2665 2678 ipso
2706 2607 2950 2673 Christo,
2980 2607 3080 2677 qui
3123 2606 3387 2671 dicebat:
3425 2626 3442 2659 ι
3483 2605 3594 2676 Ego

2021 2713 2144 2754 sum
2174 2700 2268 2756 lux
2293 2700 2520 2766 mundi;
2554 2718 2575 2751 ι
2612 2709 2669 2756 et
2699 2717 2713 2753 :
2740 2719 2759 2752 ι
2785 2699 2900 2755 Lux
2944 2699 3000 2755 in
3033 2698 3302 2761 mundum
3326 2698 3458 2755 veni
3478 2697 3545 2754 “.
3574 2719 3594 2752 ι

2021 2785 2141 2842 Lux
2177 2801 2308 2859 ergo
2339 2796 2445 2853 est,
2472 2796 2528 2843 et
2561 2787 2796 2845 tcnebra.
2841 2787 2899 2841 in
2921 2801 2988 2843 eo
3018 2802 3128 2844 non
3171 2794 3321 2843 sunt.
3354 2786 3468 2843 Lux
3495 2802 3601 2843 auo

2025 2888 2134 2934 tem
2162 2878 2464 2950 spiritualis
2485 2879 2700 2949 agitans
2730 2879 2928 2936 anima:
2957 2887 3163 2936 nostra:
3198 2880 3388 2937 oculos
3412 2880 3481 2936 ad
3511 2879 3599 2935 sui

2023 2972 2448 3043 susceptionem,
2468 2981 2525 3029 et
2548 2974 2618 3029 ab
2640 2973 2726 3031 his
2744 2973 3005 3029 omnibus
3028 2973 3404 3029 materialibus
3424 2987 3592 3039 averr

2026 3070 2166 3130 tens,
2212 3072 2378 3135 atque
2435 3065 2504 3125 ad
2562 3066 2739 3127 solum
2796 3066 2885 3123 sui
2938 3065 3273 3122 desiderium
3331 3066 3598 3123 amatorio

344 3151 549 3206 ὐλικῶν
604 3155 950 3227 άποστρέφον
1009 3158 1285 3224 ἁπάντων,
1311 3161 1405 3215 καὶ
1438 3161 1577 3232 πρὸς
1593 3160 1728 3215 αὐτὸ
1758 3162 1918 3232 μόνον

2026 3156 2223 3213 affectu
2263 3172 2486 3230 urgens.
2531 3157 2811 3215 Tenebras
2858 3170 3065 3227 autem,
3110 3158 3196 3215 vel
3237 3158 3600 3229 ignorantiam

342 3245 443 3314 τὴν
489 3245 673 3318 ὄρεξιν
734 3249 983 3320 ἐρωτικῷ
1018 3252 1181 3306 πάθει
1225 3253 1662 3308 ἀκατασπεῦδον.
1693 3253 1919 3309 Σκοτιαν

342 3335 399 3389 δὲ
429 3338 551 3407 ἦτοι
574 3338 673 3410 τὴν
701 3339 925 3408 ἄγνοιαν
955 3342 987 3412 ἢ
1021 3342 1118 3412 τὴν
1147 3343 1424 3414 ἁμαρτίαν
1452 3345 1639 3415 φησίν.
1693 3346 1782 3400 Ἐν
1813 3347 1921 3418 γὰρ

342 3428 423 3498 τῷ
450 3428 573 3500 Θεῷ
591 3429 714 3484 οὔτε
759 3430 952 3501 ἄγνοια
998 3436 1274 3505 ἐνορᾶται,
1311 3435 1433 3489 οὔτε
1480 3437 1746 3509 ἁμαρτία.
1788 3440 1922 3511 Περὶ

345 3521 445 3589 τὴν
495 3518 632 3591 ῦλην
662 3523 776 3594 γὰρ
825 3524 1021 3588 ταῦτα,
1052 3528 1147 3579 καὶ
1176 3527 1274 3599 τὴν
1304 3528 1428 3582 καθ’
1464 3529 1614 3599 ἡμᾶς
1644 3528 1917 3586 σύνθεσιν.

347 3612 410 3664 Et
449 3612 509 3666 δέ
555 3631 660 3667 που
716 3614 965 3686 εἴρηται,
1027 3636 1045 3669 ι
1096 3617 1289 3672 Ἔθετο
1343 3618 1537 3684 σκότος
1595 3620 1921 3693 ἀποκρυφὴν

348 3703 533 3764 αὑτοῦ,
565 3724 584 3755 ι
621 3706 757 3773 ἀλλ’,
793 3724 813 3758 ι
839 3709 1090 3775 Ἔθετο,›
1122 3693 1299 3777 etim,
1325 3712 1468 3783 οὐχι,
1504 3714 1664 3768 Ἔστι
1710 3716 1923 3782 σκότος,

348 3794 539 3868 ὥσπερ
570 3793 745 3866 εἶπεν,
782 3800 940 3855 Ἐστι
984 3802 1118 3871 φῶς.
1159 3806 1389 3875 Ἕτερον
1412 3807 1519 3877 γὰρ
1548 3807 1609 3860 τὸ
1638 3807 1924 3880 τιθέμενον

348 3888 442 3943 τοῦ
468 3890 730 3955 τιθέντος.
753 3893 827 3946 Τὸ
858 3894 1050 3958 σκότος
1076 3895 1171 3957 οὖν
1210 3898 1468 3963 ἐνταῦθα,
1491 3898 1594 3970 τὴν
1623 3900 1681 3971 sy
1714 3900 1923 3956 ἀκατα-

349 3980 520 4054 ληψίᾳ
550 3984 824 4052 ἀγνωσίαν
851 3986 945 4040 τοῦ
971 3988 1107 4043 Θεοῦ
1139 3989 1429 4058 δηλοῦντος
1468 3992 1614 4045 ἐστίν
1636 4008 1651 4024 ο
1685 3994 1841 4063 ἡμῶν
1868 3994 1924 4049 δὲ

350 4072 528 4137 τοῦτο,
561 4076 625 4129 οὐ
659 4074 751 4129 τοῦ
795 4077 931 4130 Θεοῦ
986 4079 1121 4134 ἐστί.
1188 4081 1410 4137 Τίθεται
1464 4083 1571 4155 γάρ
1616 4101 1669 4137 τι
1708 4085 1816 4139 τῶν
1850 4086 1927 4159 μὴ

351 4163 772 4234 ἐνυπαρχόντων
814 4166 942 4228 τινὶ,
1001 4169 1097 4223 καὶ
1151 4170 1250 4241 οὐχ
1299 4171 1494 4225 ἑαυτοῦ
1541 4171 1739 4244 χάριν,
1788 4174 1928 4230 ἀλλὰ

349 4271 498 4318 τινος
553 4256 664 4309 τῶν
714 4260 844 4328 περὶ
894 4260 1077 4313 αὐτόν.
1106 4260 1228 4314 Ὀτι
1257 4262 1315 4314 δὲ
1361 4264 1454 4316 καὶ
1507 4264 1605 4335 τὴν
1643 4264 1926 4337 ἁμαρτίαν

353 4348 550 4412 σκότος
586 4349 762 4411 καλεῖ,
820 4352 930 4404 ἀπὸ
974 4351 1084 4405 τῶν
1121 4353 1185 4405 ὲν
1218 4354 1297 4425 τῷ
1327 4355 1653 4428 Εὐαγγελίῳ
1706 4358 1928 4430 εἰρημέο

352 4456 460 4490 νων
480 4440 652 4509 αὐτῷ,
672 4441 849 4512 δῆλον.
874 4443 940 4496 Τί
960 4444 1069 4515 γὰρ
1096 4447 1217 4500 ἐκεῖ
1244 4464 1377 4516 φησι
1400 4466 1417 4513 ;
1450 4467 1469 4500 ι
1507 4449 1616 4502 Καὶ
1638 4448 1701 4502 τὸ
1720 4450 1836 4517 φῶς
1866 4453 1925 4505 ὲν

2028 3248 2162 3306 dicit
2187 3249 2276 3306 vel
2306 3258 2615 3321 peccatum.
2646 3249 2709 3305 In
2741 3249 2856 3306 Deo
2885 3264 3122 3321 namque
3148 3263 3252 3306 nec
3294 3249 3600 3321 ignorantia

2024 3342 2360 3413 conspicitur
2389 3359 2493 3405 nec
2519 3351 2826 3414 peccatum.
2859 3342 2989 3401 Haec
3011 3343 3156 3400 enim
3180 3343 3324 3401 circa
3339 3342 3598 3413 materia.

2024 3433 2097 3489 lia
2129 3441 2185 3489 et
2200 3434 2654 3491 constitutionem
2673 3450 2797 3506 qua:
2823 3435 2967 3506 apud
2991 3451 3094 3495 nos
3116 3444 3203 3492 est
3226 3435 3596 3506 reperiuntur.

2024 3522 2182 3590 Quod
2209 3525 2253 3581 si
2274 3526 2400 3581 alibi
2430 3526 2638 3583 dictum
2661 3535 2764 3582 est.
2787 3546 2801 3583 :
2826 3545 2846 3579 ι
2876 3526 3071 3583 Positae
3100 3536 3231 3582 sunt
3260 3528 3498 3585 tenebrae
3522 3528 3602 3583 la-

1970 3674 1978 3681 ,
2027 3616 2255 3673 tibulum
2300 3618 2474 3688 ipsius
2496 3617 2541 3651 "
2593 3636 2609 3673 :
2642 3637 2662 3671 ι
2704 3618 2846 3691 dixit
2876 3627 3058 3681 tamen
3094 3636 3113 3671 ι
3148 3617 3343 3676 Posita:
3370 3612 3535 3685 sunt;
3578 3640 3596 3669 ι

2025 3724 2133 3764 non
2154 3718 2336 3766 autem
2354 3709 2494 3766 Sunt
2524 3710 2785 3777 tenebrae,
2810 3711 2951 3768 sicut
2977 3711 3140 3778 dixit,
3168 3710 3285 3767 Lux
3307 3721 3413 3767 est.
3440 3712 3603 3768 Aliud

2026 3801 2169 3855 enim
2213 3810 2300 3857 est
2341 3802 2488 3873 quod
2522 3802 2745 3872 ponitur
2791 3804 2859 3858 ab
2885 3819 2953 3858 eo
2996 3804 3090 3873 qui
3125 3802 3304 3874 ponit.
3346 3803 3449 3858 Hic
3473 3819 3621 3875 ergo,

2029 3890 2267 3946 tenebrae
2315 3890 2679 3962 ignorantiam
2741 3893 3072 3967 signiﬁcant,
3125 3909 3248 3965 qua
3297 3894 3355 3950 in
3411 3909 3478 3951 eo
3519 3904 3604 3951 cst

2027 3982 2173 4052 quod
2220 3983 2364 4038 Deus
2394 3984 2791 4055 comprehendi
2838 3992 3076 4056 nequeat
3105 4001 3119 4040 :
3161 4001 3328 4057 porro
3358 3986 3464 4061 hoc
3497 4002 3616 4057 no:

2027 4082 2200 4130 strum
2250 4082 2353 4139 est,
2398 4090 2510 4130 non
2553 4075 2672 4131 Dei.
2716 4076 2943 4141 Ponitur
2994 4092 3125 4151 ergo
3170 4078 3373 4150 aliquid
3407 4094 3598 4135 eorum

2028 4180 2150 4235 qua:
2177 4181 2286 4220 non
2320 4166 2654 4221 conveniunt
2688 4166 2871 4230 alicui,
2917 4182 3022 4224 nec
3056 4168 3228 4238 ipsius
3276 4170 3613 4243 gratiarsed

1988 4276 1997 4279 ι
2028 4256 2259 4327 alicujus
2292 4256 2437 4327 quod
2466 4271 2590 4311 eum
2625 4257 2929 4313 concernit.
2963 4257 3118 4325 Quod
3153 4267 3336 4315 autem
3357 4269 3412 4316 et
3443 4271 3602 4319 tene-

2029 4348 2156 4404 bras
2181 4348 2416 4419 appellet
2442 4358 2749 4418 peccatum,
2783 4349 3135 4413 manifestum
3163 4362 3335 4409 estex
3368 4354 3452 4409 bis
3479 4371 3602 4425 qum

2030 4441 2100 4496 ab
2132 4440 2322 4497 eodem
2353 4440 2497 4525 (ἥξει
2541 4450 2673 4496 sunt
2703 4441 2758 4495 in
2803 4441 3118 4514 Evangelio.
3150 4444 3297 4511 Quid
3344 4445 3489 4501 enim
3527 4447 3609 4503 ibi

348 4534 417 4603 τῇ
451 4533 642 4605 σκοτίᾳ
671 4535 876 4604 φαίνει,
911 4537 1006 4590 καὶ
1036 4539 1069 4609 ἡ
1103 4539 1296 4593 σκοτία
1332 4540 1462 4593 αὐτὸ
1485 4541 1547 4594 οὐ
1575 4541 1865 4596 κατέλαϐε·
1900 4563 1918 4595 ι

2034 4533 2196 4589 dicit?
2236 4553 2255 4586 ι
2296 4532 2361 4588 Ει
2392 4518 2485 4588 ιιιὶ
2513 4532 2569 4587 in
2606 4532 2846 4589 tenebris
2874 4533 3040 4600 lucet,
3072 4543 3130 4590 ct
3161 4535 3399 4591 tenebrat
3427 4535 3602 4605 ipsam

352 4624 546 4687 σκότος
574 4624 673 4694 τὴν
706 4626 1089 4698 ἁμαρτητικὴν
1112 4629 1267 4698 ἡμῶν
1324 4631 1500 4700 λέγων
1558 4632 1773 4687 οὐσίαν.
1838 4631 1928 4689 Ἐν

350 4710 386 4788 ᾖ
421 4716 742 4786 γενόμὶνος,
769 4719 891 4789 ἦτοι
921 4721 1364 4792 προσλαεόμενος
1417 4708 1644 4795 ταύτην,
1672 4726 1783 4779 τῶν
1831 4726 1927 4780 ἀπ’

350 4804 522 4875 αὐτῆς
542 4806 604 4859 οὐ
632 4807 923 4878 μετείληφε
981 4810 1306 4883 μολυσμῶν·
1337 4813 1613 4883 ἁμαρτίαν
1660 4816 1770 4887 γὰρ
1828 4817 1930 4870 οὐκ

350 4896 596 4967 ἐποίησε,
631 4898 727 4952 καὶ
748 4898 894 4969 ἑξῆς.
934 4900 1089 4954 Ἐπεὶ
1122 4898 1217 4956 οὖν
1246 4904 1536 4968 κοινωνοὺς
1559 4907 1729 4976 ἡμᾶς,
1766 4909 1925 4977 φησὶ,

353 4987 858 5059 παραλαμϐάνομεν
891 4988 1048 5055 Θεοῦ,
1072 4991 1247 5058 φωτὸς
1269 4992 1433 5046 αὑτοῦ
1469 4994 1827 5064 ὑπάρχοντος·
1869 4998 1929 5050 ὲν

349 5076 513 5146 δὲτῷ
543 5077 767 5147 τοιούτῳ
821 5080 962 5146 φωτὶ⁸
1015 5080 1115 5133 οὐκ
1141 5082 1210 5135 ἂν
1260 5082 1528 5154 ὑποσταίη
1585 5087 1800 5149 σκότος,
1850 5087 1928 5149 ὡς

353 5165 593 5238 ἐδείχθη,
627 5167 825 5238 μηκέτι
853 5168 987 5240 μηδὲ
1008 5172 1171 5238 ἡμεῖς
1191 5172 1244 5222 οἱ
1270 5171 1347 5239 τῷ
1369 5174 1510 5240 φωτὶ
1536 5173 1927 5240 κοινωνοῦντες

354 5259 549 5321 σκότος
605 5259 1039 5329 παραδεξώμεθα
1070 5262 1129 5313 ἐν
1158 5263 1391 5325 ἑαυτοῖς,
1449 5264 1538 5319 ἵνα
1576 5266 1651 5337 μὴ
1696 5267 1927 5336 ψεύδους

355 5350 683 5420 ὑπόσχωμεν
730 5352 905 5418 δίκας,
960 5354 1054 5406 καὶ⁵
1093 5354 1231 5422 μετὰ
1262 5355 1357 5408 τοῦ
1401 5356 1654 5424 ψεύδους,
1684 5360 1783 5429 τῆς
1830 5359 1925 5415 τοῦ

353 5441 534 5509 φωτὸς
554 5442 965 5514 ἀπορῤαγῶμεν
993 5446 1300 5508 κοινωνίας.
1322 5445 1484 5500 Ὥστε
1518 5449 1614 5518 τῆς
1639 5449 1926 5515 κοινωνίας

354 5530 607 5600 ἐχόμενοι
660 5533 758 5598 τῆς
789 5532 1058 5602 ἀλλήλων,
1117 5535 1295 5605 (δῆλον
1324 5536 1379 5590 δὲ
1409 5538 1490 5591 ὅτι
1545 5539 1644 5610 τῆς
1674 5540 1831 5609 ἡμῶν
1865 5559 1926 5595 τε

354 5620 572 5676 καὶτοῦ
614 5622 839 5693 φωτὸς,)
886 5624 1195 5688 ἀναλώτους
1246 5629 1475 5692 ἑαυτοὺς
1526 5630 1925 5701 καθιστάνομεν

2026 4642 2139 4683 non
2165 4626 2767 4697 comprehenderunt“
2799 4644 2813 4681 :
2846 4646 2864 4680 ι
2901 4628 3159 4685 tenebras
3190 4628 3381 4685 dicens
3412 4645 3603 4699 pecca—

2028 4719 2097 4774 tis
2116 4719 2408 4774 obnoxiam
2427 4727 2668 4774 nostram
2683 4718 3070 4787 substantiam,
3093 4719 3149 4775 in
3169 4734 3272 4790 qua
3291 4719 3470 4778 factus
3486 4721 3603 4778 sive

2029 4827 2135 4882 qua
2163 4820 2443 4880 assumpta
2471 4826 2585 4867 non
2604 4810 2876 4866 contraxit
2899 4810 2968 4865 ab
2996 4809 3114 4880 ipsa
3142 4810 3554 4887 inquinationes
3582 4831 3597 4867 :

2030 4901 2192 4974 563
2224 4902 2485 4969 quoniam
2506 4909 2791 4971 peccatum
2816 4916 2923 4956 non
2954 4900 3083 4958 fecit
3111 4902 3156 4934 ⁸⁷
3187 4910 3295 4959 etc.
3346 4901 3605 4969 Quando.

2034 4996 2253 5065 quidem
2284 4995 2448 5067 igitur
2487 5009 2589 5049 nos
2631 4993 2698 5048 ad
2751 4993 2841 5048 Dei
2891 4993 3229 5049 consortium
3274 4995 3607 5052 assumimur

2034 5086 2127 5157 qui
2155 5086 2247 5141 lux
2280 5095 2403 5154 est;
2454 5100 2617 5155 porro
2666 5086 2721 5138 in
2775 5083 3088 5153 huiusmodi
3144 5085 3265 5141 luce
3309 5087 3609 5144 subsistere

2035 5187 2315 5249 nequeunt
2379 5177 2636 5241 tenebrae,
2688 5185 2749 5231 ut
2805 5176 3235 5232 demonstratum
3274 5186 3378 5245 est,
3425 5193 3609 5251 neque

2035 5284 2136 5326 nos
2164 5269 2255 5340 qui
2284 5268 2420 5323 lucis
2439 5268 2735 5338 participes
2778 5283 2989 5334 sumus,
3027 5269 3281 5327 tenebras
3315 5278 3437 5340 post
3498 5271 3609 5335 hac

2036 5358 2298 5421 in.nobis
2357 5358 2492 5428 ipsis
2544 5357 2937 5428 suscipiamus,
2986 5370 3058 5411 ne
3102 5357 3369 5412 mendacii
3414 5372 3611 5428 prunas

2035 5449 2270 5516 luamus,
2316 5456 2373 5504 et
2408 5463 2518 5504 una
2572 5463 2698 5504 cum
2754 5447 3042 5517 mendacio
3081 5463 3113 5502 a
3160 5447 3296 5503 lucis
3343 5446 3607 5503 societate

2035 5542 2439 5598 abstrahamur.
2474 5539 2661 5611 Itaque
2703 5540 3019 5613 societatem
3056 5537 3322 5593 habentes
3362 5547 3608 5605 mutuam

2038 5634 2254 5704 (nempe
2278 5644 2333 5690 et
2357 5632 2499 5688 inter
2529 5646 2627 5687 nos
2661 5639 2716 5687 et
2746 5631 2886 5685 inter
2913 5626 3110 5695 lucem)
3153 5634 3319 5699 captu
3365 5627 3611 5700 didicilcs

428 5802 477 5838 “
503 5801 662 5859 Joan.
710 5818 828 5871 \‘lli,
871 5804 937 5859 12
985 5813 1039 5859 et
1079 5822 1175 5873 xu,
1218 5806 1307 5862 46.
1386 5808 1427 5839 ⁵⁸
1471 5802 1613 5861 Ρδιιι.
1646 5792 1775 5874 sui,
1818 5807 1901 5862 l2.

2022 5810 2025 5831 '
2066 5808 2217 5864 Joan.
2245 5824 2281 5876 ι,
2313 5809 2363 5863 5.
2444 5810 2608 5861 "lsa.
2655 5820 2775 5873 LIII,
2815 5802 2895 5856 1:2.

2894 5913 2927 5923 ο.
