3832 6568
333 357 443 422 627

1424 371 1822 435 (ECUMENII
1855 375 2146 438 TRICC.‘E
2183 378 2527 440 EPISCOPI
3254 382 3291 408 "

3490 375 3595 442 623

333 484 436 564 nos
483 469 760 564 reddimus
790 484 1031 544 peccato.
1065 476 1169 534 Sed
1197 482 1469 550 quomodo
1499 484 1553 538 id
1589 485 1748 542 nobis
1775 503 1897 543 con-

2010 490 2300 561 ἁμαρτίας.
2320 491 2479 544 ’Λλλὰ
2522 491 2638 555 πῶς
2670 489 2820 544 ἔσται
2863 491 3042 557 τοῦτο,
3079 491 3271 564 φησὶν,
3306 494 3440 563 ήμῖν
3481 494 3595 554 τοῖς

332 561 527 633 tinget,
553 563 751 634 inquit,
793 567 882 636 qui
916 567 1065 638 prius
1105 571 1158 624 in
1193 573 1378 629 multis
1410 574 1741 632 offendimus
1786 594 1912 649 pec-

328 655 512 710 catis?
551 673 712 714 nemo
759 659 1025 730 siquidem
1077 679 1240 719 verax
1273 675 1328 722 et
1372 667 1464 738 qui
1500 684 1629 725 vero
1677 671 1910 727 dicendo

332 749 596 817 assuevit,
623 750 807 808 dicere
853 755 1074 810 audebit
1104 758 1248 827 quod
1297 759 1504 830 absque
1549 773 1777 832 peccato
1815 764 1905 819 sit.

333 837 392 892 Si
425 840 548 910 quis
581 842 742 913 igitur
763 844 866 900 hoc
893 845 1088 902 timore
1121 847 1484 907 circumfusus
1512 852 1581 908 sit
1602 861 1656 908 et
1676 869 1910 924 occupa-

333 935 444 994 tus,
485 930 630 988 bono
679 933 754 990 sit
800 936 1006 1002 animo,
1054 937 1252 1008 inquit,
1299 956 1427 996 nam
1478 943 1744 1014 sanguine
1783 945 1905 1002 Filii

333 1021 457 1092 ejus
487 1023 616 1080 Jesu
645 1026 848 1082 Christi
885 1044 984 1099 pro
1014 1030 1173 1085 nobis
1217 1031 1393 1088 eti'uso
1436 1034 1755 1104 purificatus
1800 1046 1905 1104 est,

331 1123 611 1172 contracta
648 1133 773 1172 cum
804 1120 926 1190 ipso
977 1122 1260 1178 societate.
1312 1125 1700 1183 Animadverte
1740 1128 1904 1199 igitur

330 1207 473 1276 quod
493 1217 714 1278 propter
730 1225 998 1268 summam
1015 1214 1298 1282 unionem,
1321 1216 1516 1273 Filium
1540 1218 1714 1276 Patris
1739 1222 1900 1276 etiam

328 1307 488 1352 vocet
512 1311 846 1370 assumptam
874 1319 939 1360 ex
966 1305 1126 1363 nobis
1165 1316 1438 1376 naturam,
1487 1311 1644 1381 cujus
1681 1313 1898 1381 procul-

328 1387 496 1444 dubio
543 1402 835 1470 assumptae
879 1405 1088 1452 natura:
1149 1399 1369 1470 sanguis
1419 1401 1642 1456 omnino
1691 1414 1795 1470 est,
1849 1415 1904 1459 et

327 1491 438 1531 non
472 1477 588 1534 Dei.
623 1480 908 1547 Quomodo
941 1501 1091 1557 ergo,
1128 1503 1312 1544 annon
1343 1489 1546 1546 delirus
1599 1499 1656 1547 et
1705 1492 1903 1562 impius

326 1577 410 1624 ost
442 1569 748 1641 Nestorius,
779 1575 872 1645 qui
914 1575 1037 1632 Filii
1084 1593 1303 1634 carnem
1345 1597 1626 1652 separans,
1670 1593 1898 1639 matrem

327 1661 500 1732 ipsius
561 1679 674 1720 non
735 1668 944 1736 patitur
989 1669 1270 1738 Θεοτόκον,
1335 1673 1388 1728 id
1447 1684 1549 1742 est,
1616 1677 1900 1747 Deiparam

326 1755 631 1825 appellari?
660 1775 680 1810 ι
710 1757 865 1824 Quod
893 1759 939 1814 si
974 1760 1026 1814 in
1060 1761 1184 1815 luce
1207 1764 1568 1833 ambulamus,
1597 1768 1740 1822 sicut
1784 1770 1902 1839 ipse

326 1857 433 1912 est,
477 1869 498 1902 ι
543 1850 837 1907 Sciendum
869 1855 1014 1923 quod
1064 1856 1232 1910 totius
1274 1859 1560 1914 sententiae
1593 1860 1905 1917 intellectus

327 1949 412 1994 est
437 1941 654 1996 eversio
699 1942 1056 2012 blasphemia:
1104 1944 1456 2007 Iudaeorum:
1507 1948 1611 2018 ipsi
1667 1967 1904 2022 namque

325 2033 583 2090 dixerunt
617 2035 686 2090 de
706 2034 959 2094 Christo:
997 2053 1017 2088 ι
1052 2035 1162 2092 Nos
1211 2038 1412 2094 scimus
1464 2041 1609 2110 quod
1651 2054 1905 2112 peccator

325 2124 488 2179 sit“.
530 2144 551 2177 ι
585 2125 676 2181 Ait
699 2141 865 2197 ergo:
900 2127 955 2181 Si
979 2128 1115 2184 lucis
1139 2145 1303 2201 opera
1336 2131 1587 2198 facimus,
1618 2144 1904 2189 consortes

325 2215 450 2284 ejus
483 2230 716 2272 sumus:
752 2217 798 2272 si
830 2225 1012 2272 autem
1037 2235 1148 2275 non
1195 2220 1448 2289 facimus,
1486 2223 1647 2278 alieni
1691 2224 1760 2279 ab
1785 2224 1904 2294 ipso

323 2323 534 2365 sumus.
573 2307 858 2375 Quomodo
890 2325 1057 2382 ergo,
1117 2328 1300 2368 annon
1342 2330 1507 2370 verax
1536 2325 1638 2380 est,
1704 2317 1899 2386 inquit,

323 2415 427 2455 nec
465 2409 749 2471 peccatum
775 2402 944 2458 ullum
969 2403 1185 2472 fecit",
1223 2421 1532 2477 quanquam
1582 2407 1724 2463 inter
1773 2423 1902 2478 pec-

322 2501 539 2549 catores
578 2509 610 2548 a
647 2495 808 2550 nobis
872 2505 1157 2567 reputatus
1217 2499 1340 2554 est?
1375 2499 1431 2554 Si
1483 2516 1612 2571 ergo
1661 2516 1762 2554 nos
1806 2501 1900 2570 qui

323 2585 564 2641 diximus
595 2605 611 2644 :
655 2605 675 2640 ι
717 2586 957 2660 Sanguis
991 2591 1112 2659 ejus
1155 2606 1320 2662 super
1349 2608 1451 2648 nos
1478 2602 1532 2648 et
1576 2608 1743 2662 super
1763 2592 1903 2648 ﬁlios

321 2687 545 2735 nostros
569 2679 638 2746 ⁸ο,
678 2697 698 2732 ι
735 2681 1084 2752 impudenter
1105 2683 1407 2740 dixerimus
1447 2685 1592 2755 quod
1627 2701 1738 2740 non
1773 2699 1902 2755 pec-

321 2770 588 2838 cavimus,
631 2775 885 2844 nosipsos
936 2775 1172 2832 fallimus
1227 2777 1340 2833 sive
1388 2777 1712 2849 decipimus,
1745 2777 1900 2847 quasi

320 2880 433 2921 non
463 2866 536 2920 sit
557 2874 839 2937 peccatum
869 2867 1204 2924 cruciﬁxisse
1249 2868 1553 2926 Christum.
1605 2869 1702 2924 Est
1725 2869 1897 2930 enim,

320 2967 380 3014 et
411 2958 738 3017 maximum:
779 2959 900 3016 ideo
922 2976 1032 3016 non
1065 2961 1218 3029 dixit,
1255 2960 1571 3027 Mentimur,
1594 2961 1728 3017 sed:
1760 2959 1901 3014 «Nos

321 3050 470 3119 ipsos
492 3048 752 3118 fallimus,
780 3060 834 3105 et
866 3050 1072 3105 veritas
1103 3049 1158 3104 in
1211 3050 1374 3106 nobis
1416 3065 1529 3105 non
1559 3060 1663 3114 est,
1708 3067 1728 3101 ι
1771 3049 1897 3118 quia

2015 581 2280 652 πρότερον
2329 583 2550 645 πολλαῖς
2591 583 2973 653 ἐνισχημένοις
3025 583 3352 656 ἀμαρτίαις;
3403 583 3596 646 Οὐδεὶς

2012 671 2120 742 γάρ
2150 672 2216 725 ἂν
2247 672 2453 742 ἀληθὴς
2479 673 2573 725 καὶ
2612 673 2902 743 ἀληθεύειν
2938 675 3365 746 ἐπανῃρημένος
3391 673 3599 744 τολμή-

2012 778 2095 813 σει
2159 763 2307 829 ἐρεῖν
2352 763 2427 825 ὡς
2481 763 2871 834 ἀναμάρτητός
2921 765 3090 818 ἐστιν.
3140 763 3209 817 Ei
3243 781 3328 826 τις
3376 763 3472 817 οὖν
3515 763 3597 829 τῷ

2013 851 2165 922 φόϐῳ
2209 853 2385 924 τούτῳ
2433 854 2951 927 περικατείληπται.
2997 855 3290 926 θαρρείτω,
3319 856 3475 926 φησί.
3503 852 3597 924 Τῷ

2013 944 2122 1014 γάρ
2177 945 2372 1015 αἵματι
2431 945 2527 999 τοῦ
2593 946 2726 1000 Υίοῦ
2785 947 2950 1001 αὑτοῦ
3027 946 3206 1016 Ἰησοῦ
3242 946 3480 1018 Χριστοῦ
3515 945 3596 1015 τῷ

2013 1037 2298 1107 ὲκχυθὲντι
2332 1038 2474 1110 ὑπὲρ
2521 1039 2681 1109 ήμῶν
2733 1040 3072 1110 κεκάθαρται
3103 1039 3132 1092 ὁ
3164 1040 3262 1111 τὴν
3301 1040 3598 1093 κοινωνίαν

2012 1129 2178 1183 αὑτοῦ
2231 1131 2640 1202 ἀσπασάμενος.
2676 1131 2876 1186 Σκόπει
2920 1132 2976 1186 δὲ
2998 1133 3145 1191 ὅπως
3166 1131 3256 1186 διά
3285 1132 3385 1203 τὴν
3411 1131 3596 1201 ἄκραν

2012 1221 2228 1286 ἕνωσιν,
2284 1221 2418 1276 Υίοῦ
2469 1221 2564 1276 τοῦ
2615 1224 2830 1294 Πατρὶς
2875 1224 3057 1278 καὶτὸ
3114 1224 3176 1289 ἐξ
3222 1223 3379 1294 ήμῶν
3435 1223 3599 1277 καλεῖ

2011 1313 2368 1382 πρόσλημμα,
2399 1307 2460 1365 οὗ
2485 1317 2702 1377 πάντως
2757 1314 3144 1384 ἀναμφιϐόλως
3186 1314 3246 1366 τὸ
3276 1309 3439 1382 αἷμα.
3471 1311 3596 1366 ἀλλ’

2008 1407 2128 1475 οὐχ).
2153 1403 2246 1458 τοῦ
2277 1405 2432 1459 Θεοῦ.
2473 1406 2596 1467 Πῶς
2632 1405 2810 1458 οῦνόὑ
2835 1405 3004 1476 λῆρος
3027 1407 3117 1458 καὶ
3147 1405 3352 1475 ἀσεϐὴς
3384 1405 3595 1458 Νεστό-

2010 1515 2144 1569 ριος,
2175 1497 2396 1567 διαιρῶν
2419 1496 2513 1549 τοῦ
2545 1497 2673 1550 Υίοῦ
2703 1499 2804 1570 τὴν
2836 1498 3040 1568 σάρκα,
3076 1499 3169 1550 καὶ
3201 1498 3498 1551 Θεοτόκον
3514 1496 3594 1566 μὴ

2007 1589 2332 1660 ἀνεχόμενος
2361 1589 2460 1661 τὴν
2483 1590 2644 1643 αὑτοῦ
2681 1590 2894 1660 μητέρα
2958 1590 3182 1656 καλεῖν;
3229 1608 3248 1642 ι
3282 1589 3410 1642 Ἒάν
3443 1589 3502 1641 δὲ
3535 1589 3596 1641 ἐν

2011 1682 2086 1752 τῷ
2119 1681 2258 1752 φωτὶ
2288 1681 2683 1754 περιπατῶμεν
2715 1682 2789 1745 ὡς
2822 1681 2984 1746 αὐτός
3011 1683 3182 1734 ἐστιν.
3210 1699 3228 1733 ι
3273 1681 3472 1734 ’ἰστέον
3509 1681 3594 1735 ὅτι

2008 1773 2128 1838 ὅλος
2151 1776 2178 1827 ό
2211 1773 2333 1837 νοῦς
2353 1775 2448 1827 τοῦ
2471 1772 2661 1844 ῥητοῦ,
2687 1772 2972 1842 ἀνατροπὴ
2997 1771 3386 1842 τῆςΊουδαίων
3417 1771 3593 1840 βλασ-

2009 1865 2224 1936 φημίας
2293 1865 2431 1920 ἐστί.
2475 1866 2641 1918 Αὐτοὶ
2666 1865 2775 1936 γὰρ
2806 1863 3016 1934 ἔφασαν
3047 1864 3176 1934 περὶ
3198 1862 3293 1917 τοῦ
3319 1863 3592 1933 Χριστοῦ,

2006 1961 2108 2013 ὄτι’
2141 1979 2158 2010 ι
2198 1958 2389 2029 Ἡμεῖς
2423 1959 2667 2028 οἴδαμεν,
2705 1960 2786 2012 ὃτι
2835 1955 3163 2028 ἁμαρτωλός
3191 1957 3329 2008 ἐστι.
3359 1975 3380 2008 ι
3419 1957 3594 2025 Φησὶν

2006 2052 2120 2116 οῦν,
2151 2052 2232 2104 ὅτι
2264 2051 2312 2103 ei
2337 2049 2514 2118 φωτὸς
2577 2050 2713 2120 ἔργα
2740 2051 3073 2120 πράττομεν,
3137 2048 3388 2100 κοινωνοὶ
3421 2045 3592 2100 αὐτοῦ

2005 2146 2194 2212 ἐσμεν,
2230 2144 2277 2196 εί
2302 2143 2360 2196 δὲ
2398 2142 2471 2213 μὴ
2531 2143 2870 2212 πράττομεν,
2917 2138 3354 2211 ἀλλοτριούμεθα
3392 2137 3589 2192 αὐτοῦ.

2007 2237 2130 2300 Πῶς
2159 2235 2250 2289 οῦν
2284 2235 2385 2288 οὐκ
2419 2233 2638 2305 ἀληθὲς,
2671 2233 2859 2301 φησὶν,
2895 2231 3014 2285 ἐστὶ
3043 2231 3126 2294 τὸ,
3163 2228 3276 2283 Καὶ
3308 2228 3592 2298 ἁμαρτίαν

2004 2327 2260 2396 οὖδεμίαν
2292 2327 2391 2378 οὐκ
2464 2325 2742 2394 ἐποίησεν,
2784 2325 2832 2376 εί
2867 2323 2963 2376 καὶ
2996 2323 3055 2374 ὲν
3085 2323 3198 2384 τοῖς
3239 2319 3470 2388 ἀνόμοις
3497 2319 3592 2385 ὑφ’

2005 2419 2160 2490 ἡμῶν
2201 2416 2486 2485 ὲλογίσθη;
2515 2416 2642 2468 Ἐὰν
2689 2409 2804 2482 οῦν,
2828 2415 3012 2484 φησιν,
3049 2414 3212 2484 ἡμεῖς
3241 2414 3292 2465 οἱ
3314 2411 3587 2474 εἰπόντες·

2010 2531 2028 2564 ι
2050 2510 2122 2562 Τὸ
2139 2504 2278 2579 αἷμα
2301 2507 2467 2562 αὑτοῦ
2493 2508 2580 2576 ἐφ’
2607 2508 2753 2577 ἡμᾶς
2771 2508 2866 2559 καὶ
2880 2505 2972 2558 ἐπὶ
2991 2505 3057 2558 τά
3081 2504 3248 2558 τέκνα
3274 2504 3459 2574 ἡμῶν,
3474 2522 3493 2554 ι
3512 2503 3589 2556 εῐ-

2006 2616 2198 2670 πωμεν
2246 2598 2503 2663 ἀναιδῶς,
2533 2599 2615 2651 ὅτι
2661 2596 2761 2666 οὐχ
2796 2595 3144 2666 ἡμάρτομεν,
3181 2594 3414 2656 ἑαυτοὺς
3449 2593 3588 2645 πλαψ

2002 2692 2205 2762 νῶμεν,
2260 2689 2562 2755 τουτέστιν,
2607 2686 2930 2759 άπατῶμεν,
2981 2686 3058 2750 ὡς
3094 2685 3172 2756 μὴ
3192 2683 3361 2754 οὔσης
3395 2685 3585 2754 ἀμαρς

2001 2785 2122 2847 τίας
2181 2783 2274 2836 τοῦ
2331 2781 2647 2852 σταυρῶσαι
2713 2779 2807 2834 τὸν
2863 2778 3122 2850 Χριστόν.
3161 2778 3454 2847 Ἔστιγάρ
3491 2777 3588 2828 καὶ

2005 2875 2215 2946 μεγάλη
2242 2891 2255 2904 “
2291 2874 2373 2926 διδ
2403 2873 2504 2926 οὐκ
2545 2867 2690 2938 εἷπε,
2713 2871 3059 2940 Ψευδόμεθα,
3102 2870 3218 2924 ἀλλ’
3260 2888 3279 2921 ι
3316 2868 3588 2931 Ἑαυτοὺς

2002 2966 2320 3034 ἀπατῶμεν.
2345 2986 2362 3016 ι
2393 2964 2564 3034 Ὅτιή
2601 2963 2779 3033 πλάνη
2805 2963 2963 3026 ἐκτὸς
2987 2961 3090 3032 τῆς
3113 2960 3377 3031 ἀληθείας
3406 2959 3582 3012 ἐστίν.

2001 3059 2063 3111 Ei
2081 3057 2138 3110 δὲ
2168 3054 2482 3125 ὲπιγνῶμεν
2525 3053 2626 3124 τὴν
2681 3053 2957 3124 ἁμαρτίαν
3005 3053 3100 3106 καὶ
3126 3051 3575 3120 ὁμολογήσομεν,

319 3158 474 3199 error
535 3152 691 3198 extra
747 3143 1035 3199 veritatem
1110 3151 1213 3198 est.
1291 3140 1350 3196 Si
1415 3157 1542 3198 vero
1608 3149 1891 3211 peceatum

2006 3151 2196 3220 ἀφήσει
2254 3150 2408 3218 ἡμῖν.
2463 3148 2543 3218 Τῇ
2587 3145 2862 3216 κοινότητι
2895 3144 2951 3198 δὲ
3018 3143 3113 3197 τοῦ
3173 3144 3333 3211 λόγου
3391 3141 3582 3195 ἐλέανε

318 3250 680 3308 agnoscamus
706 3244 762 3290 et
801 3233 1180 3301 conﬁteamur,
1222 3235 1461 3291 remittet
1520 3235 1700 3290 nobis.
1731 3233 1894 3289 Com-

318 3327 653 3383 munieando
690 3334 872 3382 autem
903 3329 958 3381 in
984 3341 1236 3382 sermone
1263 3342 1386 3382 cum
1431 3326 1572 3393 aliis,
1607 3325 1895 3380 austerita-

319 3430 428 3474 tem
461 3419 902 3491 reprehensionis
935 3418 1229 3496 plurimum
1262 3419 1547 3494 mitigavit,
1573 3418 1759 3480 dicens
1788 3436 1802 3473 :
1837 3415 1896 3480 Si

317 3512 639 3568 dixerimus.

387 3606 428 3673 1,
460 3607 614 3664 846.
638 3605 700 3662 Si
740 3607 1048 3669 dixerimus,
1116 3606 1396 3662 Peccatum
1457 3624 1558 3662 non
1621 3608 1894 3674 habemus,

316 3700 481 3772 ὅθι
508 3700 741 3768 nosipsos
765 3699 1022 3770 fallimus,
1054 3709 1100 3753 et
1139 3701 1331 3754 veritas
1357 3702 1411 3754 in
1466 3701 1611 3755 nobis
1643 3719 1744 3755 non
1794 3713 1890 3756 est.

315 3795 371 3849 Si
399 3793 746 3862 conﬁteamur
761 3802 974 3860 peccata
1003 3801 1204 3857 nostra,
1229 3793 1398 3861 fidelis
1418 3801 1496 3848 est
1536 3803 1587 3848 et
1613 3794 1810 3862 justus,
1838 3803 1891 3846 ut

315 3887 554 3940 remittat
583 3885 730 3940 nobis
782 3893 1000 3953 peccata
1049 3897 1250 3948 nostra,
1297 3895 1350 3939 et
1389 3887 1632 3940 emundet
1678 3903 1770 3941 nos
1825 3885 1890 3940 ab

317 3979 461 4032 omni
496 3978 799 4048 iniquitate.
827 3977 885 4032 Si
907 3977 1192 4032 dixerimus
1214 3978 1355 4048 quod
1397 3995 1499 4032 non
1536 3973 1888 4046 peccavimus,

315 4071 616 4125 mendacem
662 4070 888 4142 facimus
935 4086 1075 4136 eum,
1125 4079 1174 4124 et
1230 4086 1398 4126 sermo
1451 4069 1564 4145 ejus
1595 4087 1698 4128 non
1728 4081 1801 4126 est
1839 4073 1892 4126 in

315 4163 484 4219 nobis.

392 4276 412 4308 ‹
447 4257 503 4312 Si
525 4257 884 4314 contiteamur
928 4244 1170 4328 peccata.
1205 4277 1224 4309 ι
1281 4257 1503 4326 Repetit
1554 4272 1888 4320 sermonem,

315 4350 684 4406 abundantius
749 4366 816 4406 eo
865 4359 1047 4415 utens,
1102 4358 1160 4405 ut
1232 4349 1538 4420 frequentia
1607 4351 1886 4420 producta:

2001 3243 2061 3297 τὸ
2113 3243 2252 3313 ἄγαν
2301 3241 2570 3310 αὐστηρὸν
2605 3239 2701 3294 τοῦ
2751 3239 2976 3310 ἐλέγχου
3011 3237 3209 3309 λέγων,
3251 3237 3380 3291 Ἐὰν
3408 3237 3582 3289 εἴπω.

2006 3353 2129 3407 μεν,

2013 3500 2151 3521 ama

2086 3615 2226 3669 Ἐὰν
2242 3613 2520 3681 εἴπωμεν,
2558 3609 2868 3679 Ἀμαρτίίιν
2895 3608 3007 3662 οὐκ
3037 3606 3276 3675 ἔχομεν,
3323 3604 3576 3668 ἑαυτοὺς

2003 3706 2343 3773 πλανῶμεν,
2372 3703 2468 3756 καὶ
2503 3702 2754 3766 ἀλήθεια
2778 3701 2889 3754 οὐκ
2918 3697 3090 3752 ἔστιν
3132 3699 3202 3752 ὲν
3233 3697 3398 3764 ἡμῖν.
3431 3697 3584 3749 Ἐὰν

2002 3795 2384 3867 ὁμολογῶμεν
2422 3797 2528 3860 τὰς
2579 3793 2870 3862 ἁμαρτίας
2915 3788 3104 3859 ἡμῶν,
3174 3789 3391 3854 πιστός
3443 3789 3583 3842 ἐστι

2001 3889 2100 3943 καὶ
2133 3889 2382 3953 δίκαιος,
2435 3887 2536 3939 ἵνα
2580 3883 2709 3953 ἁφῇ
2755 3883 2895 3953 ἡμῖν
2955 3881 3062 3948 τὰς
3105 3881 3414 3951 ἁμαρτίας,
3479 3879 3581 3931 καὶ

2000 3983 2299 4052 καθαρίσῃ
2333 3978 2492 4050 ἡμᾶς
2523 3979 2642 4034 ἀπὸ
2669 3977 2874 4045 πάσης
2923 3975 3180 4041 ἀδικίας.
3228 3974 3373 4028 Ἐὰν
3395 3973 3580 4026 εἴπω-

1995 4092 2130 4145 μεν,
2191 4074 2281 4126 ὅτι
2330 4073 2443 4140 οὐχ
2471 4067 2920 4140 ἡμαρτήκαμεν,
2962 4067 3242 4135 ψεύστην
3277 4065 3577 4133 ποιοῦμεν

1999 4166 2207 4228 αὐτόν,
2239 4162 2340 4218 καὶ
2380 4165 2413 4218 ό
2437 4162 2620 4230 λόγος
2649 4160 2835 4215 αὑτοῦ
2875 4161 2985 4214 οὐκ
3004 4159 3178 4212 ἐστιν
3197 4157 3268 4210 ἐν
3298 4156 3465 4226 ἡμῖν.

2076 4277 2095 4311 ι
2129 4257 2260 4311 Ἐὰν
2291 4252 2645 4324 ὁμολογῶμεν
2687 4251 2788 4314 τὰς
2830 4249 3123 4322 ἁμαρτίας.
3153 4268 3172 4301 ι
3225 4247 3580 4316 Ἐπαναλαμ·

2003 4352 2155 4407 σάνει
2197 4349 2288 4403 τὸν
2313 4348 2470 4416 λόγον
2508 4345 2920 4414 φιλοτιμότερον
2951 4344 3249 4414 χρώμενος,
3284 4341 3359 4401 ὡς
3393 4343 3461 4392 ἂν
3496 4336 3582 4408 τῷ

314 4443 714 4516 redargutionis
739 4453 795 4500 et
820 4444 968 4515 ipsos
990 4445 1196 4514 peccati
1231 4443 1608 4515 magnitudine
1637 4454 1889 4500 coerceat

2006 4441 2291 4511 κατακόρῳ
2341 4439 2441 4508 τῆς
2495 4435 2589 4490 τοῦ
2623 4437 2847 4506 ἐλέγχου
2900 4434 3254 4506 προαγώγῆς,
3292 4431 3492 4494 αὐτούς
3516 4449 3579 4484 τε

313 4547 372 4591 et
394 4535 462 4591 ad
485 4514 885 4593 confessionem
909 4536 1126 4592 invitet.
1160 4514 1434 4603 Quantum
1478 4544 1660 4589 autem
1682 4535 1885 4590 bonum

2006 4534 2268 4604 ἐπιστήσῃ
2315 4530 2392 4600 τῷ
2441 4527 2536 4583 τοῦ
2605 4528 2950 4599 ἐγκλήματος
3013 4525 3256 4596 μεγέθει,
3314 4525 3409 4577 καὶ
3481 4524 3579 4575 ἐπὶ

313 4645 344 4681 a
375 4626 724 4682 confessione
764 4626 994 4692 oriatur,
1044 4625 1369 4699 significavit
1400 4627 1494 4695 qui
1522 4626 1694 4690 dixit;
1736 4646 1756 4679 ι
1795 4627 1890 4682 Dic

315 4728 371 4770 tu
409 4715 645 4786 primum
695 4725 919 4787 peccata
967 4727 1078 4780 tua,
1141 4725 1200 4770 ut
1251 4714 1565 4783 justiﬁeeris
1589 4715 1659 4770 ⁸⁸.
1695 4733 1713 4766 ι
1775 4715 1890 4773 [loc

313 4815 493 4861 autem
518 4807 688 4862 moris
715 4807 880 4862 etiam
910 4805 1014 4860 fuit
1041 4805 1358 4876 pneceptori
1395 4805 1558 4874 hujus
1587 4805 1764 4861 dilecti
1805 4807 1891 4862 di-

313 4898 535 4970 scipuli,
558 4907 620 4954 ut
649 4899 840 4954 eadem
875 4895 1212 4965 frequentius
1240 4903 1533 4966 repeteret,
1558 4897 1895 4954 moderatius

313 4992 577 5067 primum,
617 4989 813 5046 deinde
841 4987 1159 5060 perfectius,
1202 4988 1392 5042 volens
1415 4988 1772 5044 eﬂicaciorem
1805 4989 1892 5045 cli-

313 5091 532 5137 ctorum
582 5079 794 5137 efficere
823 5079 1188 5151 cognitionem
1212 5118 1227 5144 ,
1277 5092 1343 5134 ac
1371 5079 1598 5136 studens
1644 5080 1888 5150 ipsorum

313 5170 566 5224 habitum
592 5167 934 5223 auditoribus
963 5169 1225 5222 inserere.
1257 5185 1276 5219 ι
1313 5167 1550 5225 Fidelem
1604 5186 1734 5226 vero
1758 5169 1891 5225 dixit

317 5259 513 5314 Deum.
546 5277 566 5312 ι
602 5257 717 5312 Hoc
756 5265 841 5313 est
860 5273 1129 5313 veracem.
1178 5259 1374 5323 Πιστὸς
1396 5275 1654 5330 namque,
1706 5260 1759 5314 id
1807 5267 1892 5315 est

316 5349 515 5414 ﬁdelis,
536 5350 736 5404 dicitur
761 5364 872 5405 non
899 5349 1072 5404 solum
1101 5351 1168 5405 de
1190 5368 1256 5407 eo
1286 5351 1376 5408 cui
1417 5352 1621 5423 aliquid
1661 5367 1887 5408 concre-

315 5442 490 5497 ditum
517 5450 620 5506 est,
655 5441 1010 5497 verumetiam
1064 5443 1132 5498 de
1165 5459 1231 5500 eo
1264 5446 1358 5516 qui
1391 5445 1444 5500 in
1490 5445 1720 5500 veritate
1755 5460 1888 5501 con-

318 5530 569 5587 ﬁrmatus
600 5540 702 5597 est,
738 5531 830 5602 qui
861 5547 930 5588 ex
975 5547 1074 5588 suo
1119 5535 1295 5590 veraci
1349 5551 1504 5591 more
1535 5534 1700 5589 habet
1758 5535 1892 5589 alios

318 5636 538 5693 quoque
587 5622 750 5693 hujus
805 5623 1097 5696 participes
1145 5627 1377 5684 etiiccre.
1448 5627 1649 5684 Fidelis
1709 5627 1892 5699 itaque

1992 4625 2284 4694 ὁμολογίαν
2309 4621 2695 4694 παρακαλέσῃ.
2729 4619 2897 4676 ’Όσον
2935 4619 2991 4672 δὲ
3023 4619 3083 4671 τὸ
3121 4618 3229 4671 ἀπο
3250 4617 3352 4687 τῆς
3376 4617 3576 4685 ὁμολο-

1993 4721 2119 4788 γίας
2176 4718 2417 4771 τίκτεται
2479 4715 2704 4784 ἀγαθὸν,
2738 4713 3009 4784 ἐδήλωσεν
3040 4711 3232 4764 εἰπών·
3274 4729 3293 4761 ι
3325 4711 3465 4776 Λέγε
3507 4710 3575 4763 σὺ

1996 4809 2210 4880 πρῶτος
2263 4809 2362 4870 τὰς
2399 4805 2675 4877 ἁμαρτίας
2714 4822 2830 4868 σου,
2869 4805 2956 4856 ἵνα
2985 4801 3301 4874 δικαιωθῇς.
3334 4821 3351 4852 ι
3397 4801 3578 4853 Τοῦτο

1995 4903 2050 4956 δὲ
2086 4901 2178 4955 καὶ
2208 4900 2332 4963 ἔθος
2366 4899 2428 4952 τὸ
2457 4899 2550 4952 τοῦ
2593 4897 2863 4968 παρόντος
2919 4895 3278 4966 ἠγαπημένον
3323 4892 3574 4963 μαθητοῦ

1991 4990 2323 5061 διδασκάλῳ,
2353 4990 2423 5043 τὰ
2447 4989 2589 5042 αὐτὰ
2641 4987 2903 5050 πολλάκις
2932 4985 3277 5051 ἀνακυκλεῖν,
3332 4982 3576 5056 μετριώο

1990 5099 2149 5154 τερον
2207 5079 2457 5152 πρῶτον,
2531 5074 2650 5133 εἶτα
2722 5076 3055 5149 τελεώτερον
3083 5115 3099 5140 ,
3166 5074 3578 5145 ἐναργεστέραν

1991 5175 2090 5244 τὴν
2143 5173 2351 5241 γνῶσιν
2379 5169 2490 5225 τῶν
2550 5169 2859 5240 λεγομένων
2900 5171 3075 5222 ποιεῖν
3107 5167 3444 5239 βουλομένῳ,
3477 5169 3576 5221 καὶ⁵

1992 5264 2106 5332 ἕξιν
2150 5265 2331 5319 αὐτῶν
2396 5265 2511 5326 τοῖς
2579 5263 2878 5332 ἀκροαταῖς
2922 5261 3224 5332 ἐμποιῆσαι
3260 5261 3571 5313 σπεύδοντι.

2008 5358 2248 5412 «Πιστὸν
2301 5356 2358 5409 δὲ
2422 5356 2514 5409 τὸν
2564 5355 2743 5409 Θεὸν»
2803 5355 2923 5407 ἀντὶ
2973 5355 3068 5406 τοῦ
3135 5353 3309 5422 ἁληθῆ
3354 5353 3572 5422 εἴρηκε.

2001 5445 2225 5511 Πιστὸς
2259 5445 2368 5515 γὰρ
2398 5445 2458 5498 οὐ
2492 5444 2653 5518 μόνον
2684 5443 2779 5496 ἐπὶ
2805 5442 2900 5494 τοῦ
2932 5442 3392 5512 πεπιστευμένου,
3435 5439 3575 5493 ἀλλὰ

2003 5538 2095 5590 καὶ
2118 5537 2210 5590 ἐπὶ
2244 5537 2335 5590 τοῦ
2374 5534 2705 5590 πιστωτικοῦ
2745 5533 2984 5602 εἴρηται,
3014 5534 3073 5596 ὃς
3113 5534 3222 5587 ἀπὸ
3246 5533 3340 5586 τοῦ
3378 5531 3571 5584 ἑαυτοῦ

2001 5625 2234 5698 ἀληθοῦς
2259 5628 2459 5698 τρόπον
2487 5626 2597 5696 ἔχει
2630 5627 2723 5680 καὶ
2751 5625 2810 5678 τὸ
2837 5626 2948 5686 τοῖς
2969 5623 3148 5692 ἀλλοις
3171 5624 3362 5679 τούτου
3398 5637 3569 5694 μεταο

395 5796 442 5843 ⁸⁸
478 5797 633 5860 uiuam.
673 5804 852 5868 tx,5-i.
932 5805 1234 5868 l“‘lsa.i.ul,
1270 5805 1353 5860 12.
1431 5807 1691 5864 "Matth.
1741 5825 1906 5873 xxvii,
1950 5808 2040 5868 “21.
2117 5808 2158 5841 σι
2190 5807 2291 5861 isa.
2347 5822 2500 5870 xxiii,
2553 5807 2645 5870 26..
