3986 6556
271 404 391 510 σεο
1294 446 1677 509 COMMENT.
1718 447 1802 509 1N
1839 449 2074 510 EPIST.
2115 448 2145 508 I
2181 448 2522 511 JO-ANNl-S.
3420 452 3525 514 630

267 557 493 612 διδόναι.
560 554 758 620 Πιστὸς
814 556 915 627 μὲν
951 548 1045 610 οὖν
1096 552 1241 609 οὕτω
1264 556 1419 620 Θεὸς,
1451 556 1656 622 δίκαιος
1685 558 1740 611 δὲ
1764 558 1841 621 ὡς

1951 558 2144 614 dicitur
2181 560 2285 615 hoc
2314 559 2478 615 modo
2505 557 2689 613 Deus:
2728 556 2912 628 justus
2959 569 3110 623 vero,
3143 565 3203 610 ut
3240 555 3333 625 qui
3366 557 3433 611 ad
3465 573 3525 611 se

271 655 352 720 μὴ
384 650 515 715 τοὺς
574 649 720 721 αύτῷ
759 649 1085 722 προσιόντας
1108 649 1500 721 ἀπωθούμενος
1529 692 1543 716 ,
1592 652 1749 704 ὁποῖα
1782 649 1845 704 ἂν

1950 649 2273 705 accedentes
2303 663 2417 703 non
2472 646 2718 717 repellat,
2757 643 3157 716 qualiacunque
3206 644 3414 701 fuerint
3469 645 3524 699 in

266 737 406 796 ὦσιν
478 742 887 815 ἡμαρτηκότες.
962 740 1215 813 ’Δφίησιν
1262 735 1359 795 οὖν
1417 741 1518 804 τάς
1574 741 1840 812 ἁμαρτίας

1950 740 2149 811 quibus
2179 748 2565 811 peccaverunt.
2587 738 2838 795 Remittit
2867 738 3031 810 igitur
3058 738 3282 795 indubie
3306 749 3524 809 peccata

268 837 662 908 ἀναμφιϐόλως
720 837 836 899 τοῖς
871 834 960 889 sta
986 833 1279 907 μετανοίας
1319 832 1460 905 ἀγίῳ
1489 833 1842 906 προτρέχουσι

1952 832 2043 888 bis
2090 830 2185 903 qui
2231 845 2328 904 per
2380 831 2763 903 pmnitentiam
2823 831 2890 886 ad
2942 839 3191 886 sanctum
3257 831 3526 901 baptisma

268 928 642 999 βαπτίσματι,
671 926 781 981 εἴτε
810 926 891 989 είς
917 924 1102 990 αὐτὸν,
1133 925 1245 979 εἴτε
1267 924 1347 988 εἰς
1373 923 1561 995 ἕτερον
1592 923 1842 993 πεπλημ-

1953 922 2314 993 accurrerint,
2375 922 2491 979 sive
2544 921 2599 977 in
2648 922 2827 993 ipsum
2888 919 3243 992 deliquerint,
3290 922 3407 978 sive
3470 925 3527 978 in

271 1018 604 1088 μελήκασιν.
624 1016 688 1071 Et
711 1017 810 1089 μὲν
830 1009 923 1071 οὖν
948 1012 1345 1087 ὁμολογοῦμεν,
1371 1014 1527 1086 φησι,
1550 1013 1845 1085 τευξόμεθα

1958 1015 2140 1071 alium.
2182 1013 2241 1070 Si
2283 1030 2414 1087 ergo
2463 1013 2809 1094 conﬁtemur,
2871 1013 3074 1086 inquit,
3107 1014 3532 1072 convenientem

268 1112 369 1164 καὶ
396 1110 501 1181 τῆς
523 1109 645 1164 κατ’
693 1108 942 1182 ἀλλήλων
989 1106 1342 1179 συγγνώμης.
1382 1107 1448 1162 Et
1485 1107 1542 1161 δὲ
1574 1105 1842 1160 ἀναιδευό-

1956 1108 2118 1162 etiam
2144 1107 2354 1163 veniam
2375 1120 2755 1187 assequemur.
2795 1104 2854 1162 Si
2898 1121 3032 1162 vero
3063 1105 3412 1176 impudenter
3441 1105 3529 1162 di-

272 1216 435 1270 μενοι
496 1198 729 1270 λέγομεν
769 1199 869 1269 οὐχ
903 1198 1309 1270 ἡμαρτηκέναι,
1364 1196 1587 1251 διπλοῦν
1623 1195 1846 1268 ἐργασό-

1956 1199 2128 1257 cimus
2155 1215 2258 1256 nos
2285 1214 2395 1255 non
2416 1211 2690 1271 peccasse,
2720 1197 2917 1269 duplex
2931 1198 3276 1270 operabimur
3303 1199 3527 1267 malum,

272 1290 427 1361 μεθα
452 1289 517 1343 τὸ
547 1291 739 1355 κακὸν,
785 1290 880 1343 καὶ
911 1289 1138 1353 ἑαυτοὺς
1163 1288 1410 1359 ψεύστας
1428 1287 1846 1358 ἀποφαίνοντες,

1958 1300 2016 1347 et
2037 1292 2287 1360 nosipsos
2304 1291 2661 1347 ostendentes
2685 1288 2999 1351 mendaces,
3025 1300 3081 1345 et
3108 1288 3276 1346 Deum
3317 1291 3409 1363 qui
3434 1307 3527 1346 ex-

271 1383 376 1437 καὶ
428 1381 524 1437 τὸν
583 1381 724 1452 ὑπὲρ
758 1382 941 1435 πᾶσαν
991 1379 1248 1452 ἀλήθειαν
1281 1381 1362 1444 είς
1391 1380 1587 1452 ψεῦδος
1611 1380 1845 1452 βλασφη·

1959 1384 2102 1438 cedit
2138 1398 2355 1438 onmem
2388 1382 2669 1437 veritatem
2693 1382 2759 1437 de
2790 1381 3077 1437 mendacio
3109 1382 3525 1437 calumniantes.

273 1472 514 1543 μοῦντες
557 1473 710 1528 Θεόν.
754 1473 925 1538 Αὐτὸς
963 1473 1070 1545 γάρ
1131 1490 1266 1543 φησι
1304 1473 1392 1527 διὰ
1419 1472 1513 1527 τοῦ
1540 1473 1847 1546 Προφήτουε

1959 1474 2081 1545 Ipse
2104 1474 2250 1529 enim
2276 1473 2352 1528 ait
2387 1488 2482 1543 per
2525 1471 2854 1545 Prophetam
2891 1490 2906 1528 :
2941 1492 2960 1526 ι
2989 1472 3363 1529 Reddiderunt
3394 1474 3527 1531 mihi

276 1585 298 1617 s
329 1565 787 1622 ’Δνταπεδίδοσάν
818 1584 909 1637 μοι
938 1566 1152 1638 πονηρὰ
1182 1566 1303 1620 ἀντὶ
1329 1567 1570 1636 ἀγαθῶν.
1602 1586 1620 1619 ι
1648 1567 1761 1622 Καὶ
1790 1565 1850 1621 δι¹

1960 1564 2098 1619 mala
2120 1577 2221 1634 pro
2259 1563 2419 1620 bonis
2444 1564 2512 1618 η.
2545 1582 2564 1616 ι
2618 1563 2966 1635 Rursumque
3001 1579 3098 1635 per
3124 1564 3477 1635 semetipsum
3511 1582 3524 1618 :

270 1654 480 1709 ἑαυτοῦ
540 1655 722 1709 πάλινσ
775 1655 883 1709 «Et
933 1656 1121 1720 κακῶς
1155 1656 1397 1730 ἐλάλησα
1427 1697 1444 1724 ,
1506 1656 1844 1729 μαρτύρησοη

1967 1674 1987 1708 ι
2025 1653 2083 1709 Si
2135 1654 2275 1709 male
2323 1652 2538 1709 locutus
2587 1668 2735 1720 sum,
2776 1653 3065 1710 testiﬁcare
3117 1654 3185 1710 de
3222 1655 3366 1710 malo
3400 1674 3414 1710 :
3444 1657 3526 1710 sin

269 1747 416 1817 susp".
458 1746 554 1799 τοῦ
612 1746 802 1801 κακοῦ·
834 1746 972 1801 εἰδὲ
1019 1747 1221 1815 καλῶς,
1264 1748 1318 1802 τί
1372 1765 1440 1819 με
1487 1747 1700 1818 δέρεις;
1729 1767 1748 1800 s
1796 1750 1835 1802 E

1960 1747 2121 1814 bene,
2156 1761 2252 1800 cur
2271 1760 2358 1800 me
2388 1744 2549 1800 caedis
2573 1744 2620 1778 ⁸³
2641 1745 2667 1798 ?
2694 1763 2712 1796 ι
2748 1744 2903 1809 Quod
2932 1744 2977 1800 si
3006 1744 3092 1801 his
3126 1746 3199 1801 ita
3229 1762 3289 1804 se
3318 1746 3529 1802 haben-

270 1839 493 1890 τούτων
522 1837 579 1890 δὲ
599 1836 773 1901 οῦτως
828 1838 1084 1909 ἐχόντων,
1119 1839 1275 1893 αὐτοὶ
1298 1838 1536 1909 λέγομεν
1566 1838 1643 1910 μὴ
1671 1840 1844 1911 ἡμαρ-

1961 1835 2106 1890 tibus
2135 1834 2314 1890 adhuc
2339 1833 2571 1889 dicimus
2602 1848 2704 1889 nos
2722 1848 2831 1888 non
2850 1847 3128 1903 peccasse,
3162 1834 3333 1905 ipsius
3363 1838 3528 1892 verba

270 1926 535 1997 τηκέναι,
557 1927 646 1981 τὸν
668 1927 826 1998 λόγον
842 1929 1009 1983 αὑτοῦ
1042 1928 1377 2001 ἀρνούμεθα,
1410 1930 1469 1996 ὃς
1495 1930 1613 1984 ἐστι
1638 1931 1844 2003 πνεῦμα

1961 1943 2247 2000 negamus,
2280 1943 2403 1999 quae
2439 1927 2669 1999 spiritus
2694 1936 2750 1984 et
2784 1927 2894 1982 vita
2926 1937 3074 1985 sunt.
3118 1947 3137 1980 ι
3175 1926 3351 1982 Verba
3382 1930 3526 1982 enim

272 2018 376 2071 καὶ
441 2016 579 2087 ζωή.
614 2035 633 2068 ι
660 2018 742 2071 Ta
781 2018 1005 2089 ῥήματα
1035 2018 1168 2089 γὰρ,
1230 2021 1415 2091 φησὶν,
1461 2019 1497 2074 ἃ
1538 2019 1650 2090 ἐγὼ
1685 2020 1846 2085 λαλῶ¹

2055 2037 2080 2077 e
2117 2036 2218 2094 ego
2248 2020 2466 2093 loquor,
2503 2020 2700 2092 inquit,
2741 2019 2969 2092 spiritus
2992 2029 3047 2076 et
3079 2021 3190 2076 vita
3222 2029 3351 2076 sunt
3374 2020 3423 2053 ³⁸
3453 2035 3467 2074 :
3504 2040 3523 2072 ι
3627 2080 3629 2084 Α

270 2102 504 2175 πνεῦμά
544 2108 675 2165 ἐστι
738 2109 830 2161 καὶ
874 2106 1011 2180 ζωή.
1039 2127 1057 2160 ι
1092 2106 1199 2163 Καὶ
1246 2109 1348 2163 οὐκ
1391 2109 1474 2163 ἔτι
1529 2109 1729 2182 ἔχομεν
1763 2109 1844 2163 τὸν

1960 2129 2062 2168 nec
2103 2112 2215 2182 jam
2281 2111 2553 2168 habemus
2629 2111 2801 2182 ipsius
2864 2127 3170 2167 sermonem
3240 2112 3295 2166 in
3371 2111 3528 2167 nobis

269 2196 438 2264 λόγον
492 2197 658 2252 αὐτοῦ
702 2199 760 2252 ἐν
801 2201 932 2271 ἡμῖν
989 2200 1493 2273 ἐμφιλοχωροῦντα.
1554 2197 1631 2258 Οὗ
1688 2200 1741 2255 τί
1785 2201 1843 2257 ἂν

1960 2200 2348 2258 immanentem
2414 2218 2429 2255 :
2494 2201 2637 2272 quod
2701 2201 2828 2273 quid
2895 2203 3303 2276 gravius'csse
3374 2212 3528 2274 pote—

270 2290 440 2345 εσται
473 2290 774 2365 βαρύτερον
799 2310 815 2361 ;

505 2290 774 2365 καρύτερον
799 2310 815 2361 ;
1959 2293 2030 2347 fit
2056 2292 2079 2347 τ’

351 2383 572 2439 Τεκνία
587 2403 729 2454 μου,
757 2386 943 2441 ταῦτα
964 2386 1165 2458 γράφω
1205 2388 1365 2459 ὑμῖν,
1415 2391 1517 2444 ἵνα
1538 2390 1624 2460 μὴ
1674 2390 1857 2459 ἀμάρ-

2026 2385 2094 2453 ll,
2131 2386 2242 2442 1-6.
2275 2386 2457 2441 Filioti
2490 2387 2611 2454 mei,
2650 2385 2759 2441 hwc
2781 2386 2947 2441 scribo
2970 2386 3108 2441 vobis
3138 2396 3193 2440 ut
3230 2403 3332 2440 non
3361 2385 3524 2461 565

270 2492 442 2544 τητε.
504 2474 617 2531 Καὶ
652 2475 763 2531 ἐάν
811 2495 904 2546 τις
941 2480 1189 2548 ἁμάρτῃ,
1225 2480 1619 2551 παράκλητον
1637 2482 1844 2551 ἔχομεν

1959 2479 2212 2548 peccetis.
2254 2477 2323 2533 Et
2358 2478 2406 2533 si
2437 2478 2554 2550 quis
2596 2479 2902 2548 peccaverit,
2935 2480 3243 2533 advocatum
3274 2479 3527 2533 habemus

269 2568 433 2637 πρὸς
489 2570 599 2623 τὸν
652 2569 908 2640 Πατέρα,
959 2572 1207 2640 Ἰησοῦν
1269 2571 1551 2641 Χριστὸν,
1599 2572 1843 2629 δίκαιον⁴

1959 2571 2098 2640 apud
2118 2570 2355 2638 Patrem,
2369 2570 2545 2625 Iesum
2561 2566 2848 2641 Christum,
2860 2570 3083 2642 justum.
3115 2569 3178 2624 Et
3194 2572 3305 2642 ipse
3320 2581 3395 2625 est
3410 2588 3532 2641 pro-

270 2660 393 2717 Καὶ
452 2661 638 2727 αὐτος
685 2663 947 2733 ἱλασμός
1015 2663 1149 2718 ἐστι
1194 2662 1328 2733 περὶ
1390 2663 1511 2718 τῶν
1561 2663 1844 2735 ἁμαρτιῶν

1959 2662 2173 2732 pitiatio
2208 2677 2304 2731 pro
2334 2662 2561 2731 peccatis
2591 2663 2785 2716 nostris
2815 2678 2834 2715 :
2868 2679 2970 2716 non
3000 2679 3095 2733 pro
3126 2663 3318 2717 nostris
3348 2671 3526 2716 autem

268 2749 485 2820 ἡμῶνσ
537 2753 610 2806 οὐ
646 2752 779 2822 περὶ
845 2752 965 2807 τῶν
987 2754 1289 2824 ἡμετέρων
1324 2754 1392 2808 δὲ
1417 2757 1635 2825 μόνον,
1699 2757 1842 2813 ἀλ.ιέ

1961 2761 2189 2818 tantum,
2214 2753 2307 2806 sed
2327 2752 2488 2809 etiam
2517 2768 2612 2823 pro
2661 2753 2820 2808 totius
2863 2755 3065 2808 mundi.
3107 2753 3176 2808 Et
3199 2770 3293 2824 per
3316 2754 3415 2823 hoc
3438 2771 3528 2808 co-

269 2843 381 2897 καὶ
411 2843 542 2912 περὶ
585 2843 734 2898 ὅλου
772 2845 879 2900 τοῦ
927 2847 1182 2916 κόσμου.
1220 2846 1328 2901 Καὶ
1376 2845 1447 2900 ἐν
1476 2848 1665 2914 τούτῳ
1686 2847 1843 2918 γινώ-

1958 2844 2253 2914 gnoscimus
2291 2843 2431 2912 quod
2458 2859 2576 2898 eum
2612 2846 2930 2911 noverimus,
2977 2847 3024 2900 si
3066 2854 3332 2925 praecepta
3380 2845 3527 2900 illius

270 2951 530 3004 σκομεν,
567 2934 657 2989 ὅτι
692 2936 1037 3007 ἐγνώκαμεν
1092 2939 1302 3004 αὐτὸν,
1325 2938 1435 2992 ἐὰν
1455 2938 1562 3004 τὰς
1593 2938 1844 3007 ἐντολὰς

1960 2934 2307 2993 observamus.
2345 2932 2446 3001 Qui
2486 2936 2636 3003 dicit,
2682 2935 2815 2990 Novi
2861 2952 3001 3001 eum,
3036 2946 3085 2991 et
3116 2948 3378 3006 prtecepta
3411 2937 3527 3007 ejus

270 3027 465 3083 αὐτοῦ
489 3025 775 3099 τηρῶμεν.
811 3031 1380 3101 ⁹Ο.1ἐγων,Ἕγνωκα
1397 3032 1604 3097 αὑτὸν,
1629 3031 1727 3086 καί
1752 3035 1844 3098 τὰς

1961 3044 2061 3087 non
2100 3035 2293 3091 servat,
2323 3027 2551 3081 mendax
2584 3037 2680 3095 est,
2703 3038 2749 3083 et
2778 3029 2831 3082 in
2857 3045 2917 3083 eo
2942 3030 3134 3083 veritas
3160 3024 3388 3085 nonest.
3423 3029 3527 3094 Qui

221 3181 231 3190 ,
270 3120 535 3185 ἐντολὰς
560 3121 745 3178 αὑτοῦ
796 3121 883 3192 μὴ
945 3121 1161 3190 τηρῶν,
1228 3123 1500 3191 ψεύστης
1546 3122 1709 3188 ἐστὶ,
1759 3141 1794 3176 κ

1959 3130 2131 3174 autem
2156 3135 2442 3174 sermonem
2467 3121 2581 3191 ejus
2615 3121 2876 3190 observat,
2909 3139 3026 3178 vere
3054 3123 3108 3176 in
3149 3123 3244 3177 hoc
3291 3121 3525 3176 cltaritas

272 3212 349 3267 ἐν
377 3216 568 3282 τούτῳ
595 3218 632 3286 ἡ
662 3213 914 3282 ἀλήθεια
961 3216 1074 3269 οὐκ
1119 3214 1309 3270 ἔστιν.
1349 3215 1453 3279 ’ος
1483 3212 1538 3266 δ’
1566 3212 1645 3269 ἂν
1703 3211 1846 3282 τηρῇ

1961 3211 2056 3266 Dei
2099 3211 2325 3280 perfecta
2345 3218 2439 3263 est.
2467 3208 2567 3264 Per
2588 3211 2682 3265 hoc
2704 3210 2893 3267 scimus
2931 3213 3070 3284 quod
3096 3214 3149 3266 in
3192 3208 3303 3282 ipso
3324 3229 3521 3267 sumus.

271 3305 473 3360 αὐτοῦ
524 3309 631 3362 τὸν
672 3309 879 3377 λόγον,
915 3303 1154 3373 άληθῶς
1202 3305 1272 3359 ἐν
1341 3305 1529 3372 τούτῳ
1574 3306 1610 3375 ἠ
1648 3303 1845 3374 ἀγάπη

1961 3302 2059 3369 Qui
2078 3301 2204 3354 dicit
2238 3316 2292 3354 se
2329 3301 2383 3353 in
2413 3317 2471 3355 eo
2516 3318 2747 3370 manere,
2775 3303 2919 3357 debet
2947 3305 3082 3358 sicut
3112 3303 3199 3358 ille
3238 3303 3526 3358 ambulavit

272 3393 391 3449 τοῦ
442 3395 591 3450 Θεοῦ
642 3395 1020 3452 τετελείωται.
1087 3394 1188 3454 Ἐν
1220 3393 1407 3457 τούτῳ
1434 3393 1808 3463 γινώσκομεν
1831 3433 1846 3460 ,

1335 3409 1407 3457 τῳ
1434 3393 1808 3463 γινώσκομεν
1831 3433 1847 3460 ,
1957 3402 2004 3448 et
2044 3392 2151 3462 ipse
2177 3386 2471 3444 ambulare.
2900 3381 2909 3392 ’

275 3484 372 3539 ὅτι
403 3484 477 3539 ἐν
509 3485 671 3553 αὐτῷ
726 3488 933 3556 ἐσμεν.
972 3484 1334 3555 Ὀλέγωνέν
1386 3483 1548 3552 αὐτῷ
1597 3484 1830 3557 μένειν,
1866 3484 2118 3556 ὀφείλει,
2179 3480 2374 3555 καθὼς
2421 3482 2652 3550 ἐκεῖνος
2699 3482 3125 3555 περιεπάτησε,
3173 3485 3271 3539 καὶ
3339 3486 3524 3542 αὐτὸς

277 3574 475 3643 οὕτως
502 3576 869 3646 περιπατεῖν.

352 3669 429 3722 Τὸ
465 3667 817 3740 ἀστάθμητον
844 3669 937 3723 καὶ
985 3668 1309 3741 πλημμελὲς
1327 3669 1425 3741 τῆς
1454 3668 1672 3741 φύσεως
1697 3668 1853 3740 ἡμῶν

2022 3670 2239 3727 Natura:
2269 3679 2474 3727 nostra;
2503 3668 2920 3726 instabilitatem
2946 3677 3001 3726 et
3026 3668 3422 3740 proclivitatem
3452 3669 3520 3724 ad

278 3759 674 3831 ἐπιστάμενος,
708 3763 804 3816 καὶ
844 3761 928 3816 ὃτι
955 3761 1041 3815 ἀεὶ
1098 3761 1347 3817 σύνοικον
1396 3761 1613 3835 ἔχοντες
1638 3760 1738 3833 τὴν
1764 3758 1852 3813 ἐπὶ

2038 3770 2231 3819 :catum
2274 3763 2476 3830 sciens,
2525 3763 2780 3834 quodque
2818 3777 3036 3834 semper
3064 3761 3329 3818 familiare
3367 3761 3527 3818 nobis
3610 3792 3612 3797 -

278 3854 353 3909 τὰ
379 3852 550 3924 χείρω
610 3854 808 3924 ῥοπὴν,
862 3856 959 3909 καὶ
987 3854 1077 3907 τὸν
1104 3853 1463 3925 ἐφεδρεύοντα
1488 3857 1555 3926 τῇ
1610 3853 1852 3924 σωτηρίᾳ

1954 3855 2025 3910 sit
2073 3864 2135 3911 ut
2177 3854 2247 3910 ad
2299 3854 2569 3910 deteriora
2625 3854 2893 3922 labamur,
2951 3869 3186 3925 cumque
3239 3853 3528 3910 insidietur

276 3944 444 4015 ἡμῶν
493 3943 755 4016 φθονερὸν
815 3944 1068 4017 δαίμονα,
1103 3947 1318 4017 ἀνάγκη
1361 3947 1436 4018 μὴ
1472 3945 1850 4017 προσεχόντως

1952 3957 2211 4019 przeterea
2249 3956 2450 4004 nostrae
2490 3947 2648 4003 saluti
2682 3946 2985 4003 invidiosus
3036 3946 3270 4015 daemon,
3300 3962 3526 4003 necesse

280 4034 537 4105 βιοῦντας
575 4034 915 4106 ἁμαρτάνειν
974 4037 1102 4106 τοῖος
1154 4038 1254 4112 ἤδη
1309 4037 1376 4090 δι’
1408 4037 1853 4108 ὲξομολογήσεως

1952 4054 2071 4095 esse
2096 4055 2187 4095 eos
2211 4039 2301 4110 qui
2338 4040 2449 4094 Deo
2473 4039 2584 4109 jam
2619 4037 2912 4094 familiares
2933 4028 3112 4097 eﬂ'ecti
3143 4047 3270 4094 sunt
3299 4054 3525 4110 peccare

277 4124 663 4189 οἰκειωθέντας
692 4126 831 4197 Θεῷ,
864 4126 1062 4197 ἐπάγει
1092 4127 1287 4193 ταῦτα,
1317 4129 1399 4182 ὅτι
1431 4128 1535 4182 κᾶν
1567 4128 1707 4197 μετά
1753 4128 1851 4199 τὴν

1952 4129 2058 4184 nisi
2104 4138 2260 4184 caute
2311 4130 2530 4185 vivant:
2582 4129 2700 4184 haec
2742 4128 3042 4204 subiungit,
3095 4129 3240 4199 quod
3286 4128 3332 4184 si
3361 4130 3522 4185 etiam

278 4216 478 4286 ἄφεσιν
541 4218 881 4289 πταίσωμεν,
937 4218 1013 4291 μὴ
1062 4219 1389 4288 ἀπογνῶμεν
1436 4219 1667 4274 ἑαυτῶν.
1706 4219 1852 4274 Ἐπι-

1953 4231 2076 4292 post
2124 4221 2499 4277 remissionem
2528 4220 2794 4289 labamur,
2822 4235 2889 4277 ne
2921 4220 2989 4276 de
3016 4220 3309 4292 nobisipsis
3341 4222 3527 4293 deSpc-

280 4309 609 4379 στρέφοντες
641 4308 750 4379 γὰρ
792 4308 1043 4380 τύχωμεν
1100 4311 1196 4364 καὶ
1237 4311 1398 4364 πάλιν
1429 4313 1527 4382 τῆς
1554 4311 1850 4383 σωτηρίας,

1956 4328 2158 4369 remus.
2217 4311 2481 4369 Conversi
2515 4328 2752 4383 namque
2797 4328 3013 4368 rursum
3060 4313 3288 4369 salutem
3327 4329 3523 4369 conse-

280 4399 370 4453 sta
400 4401 502 4470 τῆς
535 4399 629 4453 τοῦ
662 4399 865 4471 Κυρίου
884 4401 1058 4471 Ἰησοῦ
1082 4402 1317 4473 Χριστοῦ
1344 4403 1644 4473 μεσιτείας.
1683 4403 1854 4467 Λύτδς

1954 4420 2204 4476 quemur.
2258 4420 2357 4477 per
2392 4405 2743 4461 m‘ediatorem
2788 4404 3076 4461 Dominum
3126 4405 3310 4462 Jcsum
3367 4405 3525 4462 Chri-

280 4492 389 4563 γὰρ
413 4490 494 4562 τῷ
527 4493 703 4563 Πατρὶ
728 4493 858 4563 περὶ
880 4493 1039 4563 ἡμῶν
1060 4493 1424 4564 ἐντυγχάνων,
1449 4494 1690 4548 ίλάσεται
1725 4496 1854 4567 περὶ

1956 4506 2120 4552 stum.
2165 4496 2283 4567 ipse
2341 4498 2486 4553 enim
2536 4497 2889 4569 interpellans
2946 4513 3045 4569 pro
3072 4497 3232 4554 nobis
3287 4496 3521 4561 Patrem.

276 4583 386 4665 τῶν
447 4582 733 4653 ἁμαρτιῶν
789 4583 946 4655 ἡμῶν
971 4601 986 4615 ο
1048 4585 1145 4638 καὶ
1171 4586 1231 4639 ού
1262 4588 1393 4657 περὶ
1428 4587 1538 4639 τῶν
1575 4587 1850 4660 ἡμετέρων

1954 4586 2185 4656 placabit
2223 4601 2347 4641 eum
2372 4602 2470 4656 pro
2503 4588 2738 4657 peccatis
2767 4587 2969 4643 nostris
3006 4606 3021 4644 :
3057 4603 3160 4643 nec
3188 4597 3396 4642 tantum
3426 4604 3523 4658 pro

282 4677 463 4745 μόνον,
525 4676 665 4730 ἀλλά
732 4677 826 4731 καὶ
867 4678 993 4748 περὶ
1031 4677 1155 4731 ὅλου
1180 4678 1275 4732 τοῦ
1335 4681 1569 4750 κόσμου.
1596 4680 1767 4734 Τοῦτο
1798 4681 1854 4735 δὲ

1954 4677 2173 4743 nostris,
2208 4678 2304 4734 sed
2351 4678 2513 4733 etiam
2553 4695 2651 4748 pro
2691 4680 2857 4735 totius
2912 4680 3121 4736 mundi.
3175 4679 3291 4736 Hoc
3342 4688 3526 4738 autem

278 4764 455 4834 εἷπεν,
492 4768 614 4839 ἦτοι
639 4768 722 4821 ὅτι
753 4768 889 4839 πρὸς
929 4768 1220 4833 Ἰουδαίους
1252 4768 1483 4844 ἔγραφε,
1527 4772 1620 4825 καὶ
1657 4772 1744 4825 ἵνα
1778 4773 1852 4842 μὴ

1952 4766 2123 4821 dixit:
2178 4775 2271 4821 aut
2319 4769 2461 4838 quod
2505 4769 2573 4823 ad
2602 4767 2818 4823 Judzeos
2854 4769 3143 4836 scriberet,
3192 4780 3358 4841 utque
3412 4786 3522 4825 non

285 4859 467 4928 μύνοις
520 4859 751 4924 ἐκείνοις
798 4859 1120 4933 περικλείσῃ
1146 4860 1214 4915 τά
1245 4862 1345 4931 τῆς
1377 4861 1692 4932 μετανοίας,
1715 4862 1852 4916 ἀλλά

1952 4872 2051 4928 pro
2081 4858 2212 4913 solis
2256 4857 2362 4913 illis
2395 4846 2736 4929 profuturam
2770 4860 3197 4932 resipiscentiam
3230 4863 3518 4920 conclude-

280 4951 374 5003 καὶ
413 4950 553 5020 πρὸς
590 4950 659 5003 τά
689 4950 815 5023 ἔθνη
863 4950 1155 5026 ὲξαπλώσῃ
1185 4952 1407 5026 ταύτην.
1435 4952 1505 5007 Ἦ
1524 4954 1605 5009 ὅτι
1636 4953 1712 5026 μὴ
1742 4955 1854 5018 τοῖς

1955 4957 2055 5012 ret,
2106 4948 2202 5004 sed
2247 4948 2391 5005 hanc
2422 4947 2491 5004 ad
2542 4958 2734 5021 gentes
2770 4966 2987 5022 quoque
3034 4953 3350 5009 extenderet
3385 4973 3396 5007 :
3430 4966 3520 5010 aut

277 5042 397 5095 κατ’
455 5042 633 5097 ἐκεῖνο
697 5040 892 5111 καιροῦ
923 5043 957 5114 ἡ
983 5043 1285 5112 ἐπαγγελία
1346 5044 1532 5115 μόνον,
1584 5042 1722 5098 ἀλλά
1756 5044 1851 5098 καὶ

1952 5041 2096 5113 quod
2128 5056 2237 5097 non
2281 5041 2388 5097 illis
2421 5041 2688 5097 duntaxat
2718 5042 2871 5099 ﬁeret
2899 5044 3190 5114 promissio
3213 5046 3305 5115 qui
3341 5047 3396 5102 in
3431 5047 3519 5101 illo

278 5135 388 5195 τοῖς
416 5133 716 5202 μετέπειτα
757 5134 915 5187 πᾶσι.
954 5134 1310 5205 Παράκλητον
1341 5136 1396 5189 δὲ
1422 5137 1513 5189 τὸν
1535 5135 1673 5207 ὑπὲρ
1696 5135 1852 5207 ἡμῶν

1955 5143 2199 5205 tempore
2221 5134 2422 5198 forent,
2451 5150 2638 5191 verum
2657 5136 2817 5191 etiam
2846 5137 2912 5193 ad
2944 5152 3137 5194 omnes
3164 5139 3255 5209 qui
3280 5148 3519 5209 postmo-

278 5240 348 5291 φη
357 5240 411 5274 σι
435 5223 527 5275 τὸν
544 5222 765 5294 Πατέρα
784 5225 1230 5294 παρακαλοῦντα,
1250 5228 1369 5299 ἦτοι
1386 5227 1850 5301 προτρεπόμενον.

1953 5225 2082 5281 dum
2122 5224 2290 5281 futuri
2325 5236 2527 5281 essent.
2561 5226 2892 5283 Advocatum
2928 5243 3059 5283 vero
3097 5228 3228 5283 dicit
3263 5244 3387 5283 eum
3426 5229 3516 5297 qui

292 5312 804 5385 Ἀνθρωπινώτερον
859 5315 915 5369 δὲ
963 5316 1133 5372 ταῦτα
1186 5321 1280 5376 καὶ
1341 5317 1851 5390 οἱκονομικώτερον,

1955 5319 2173 5375 Patrem
2230 5334 2330 5389 pro
2371 5320 2531 5375 nobis
2590 5329 2841 5391 precatur
2877 5320 2992 5377 sive
3037 5321 3225 5376 ﬂectit.
3269 5322 3518 5374 Humano

280 5404 521 5472 εἴρηται,
571 5405 647 5468 ὡς
676 5406 757 5471 τὸ,
820 5425 839 5458 ι
869 5406 1036 5463 Οὐδὲν
1062 5407 1283 5462 δύναται
1315 5411 1490 5461 ποιεῖν
1515 5409 1608 5478 ἀφ’
1648 5408 1843 5463 ἑαυτοῦ

1954 5412 2347 5482 ευιεῐηζιιιοίιο
2398 5420 2452 5466 et
2488 5411 2892 5482 dispensatione
2936 5412 3166 5483 quadam
3213 5410 3324 5465 haec
3374 5409 3513 5464 dicta

277 5494 305 5544 ὁ
335 5494 484 5558 Υἱός.
515 5514 534 5546 ι
561 5497 659 5550 Διὰ
724 5498 834 5570 γὰρ
861 5499 936 5568 μὴ
967 5498 1027 5554 τὸ
1068 5499 1311 5564 ἀντίθεος
1341 5498 1492 5565 δόξαι
1538 5499 1713 5554 ταῦτά
1743 5517 1847 5571 φη·-

1949 5510 2077 5556 sunt
2102 5520 2115 5554 :
2138 5501 2596 5572 quemadmodum
2621 5511 2676 5555 et
2703 5499 2832 5553 illud
2869 5517 2882 5553 :
2920 5517 2938 5551 ι
2974 5499 3146 5553 Filius
3175 5495 3310 5550 nihil
3339 5503 3514 5565 potest

281 5600 388 5651 σιν,
422 5587 546 5641 ἐπεὶ
567 5588 647 5640 ὃτι
678 5591 773 5642 καὶ
795 5590 824 5643 ὁ
854 5589 983 5652 Υἱὸς
1006 5591 1253 5656 ἐξουσίαν
1281 5591 1393 5661 ἔχει
1424 5579 1642 5659 ἀφιέναι
1666 5593 1846 5662 ἀμαρ-

1949 5593 2129 5648 faccre
2168 5608 2204 5653 at
2228 5593 2409 5663 seipso
2440 5593 2505 5645 ⁸⁵.
2543 5610 2563 5644 s
2594 5591 2717 5647 Haec
2745 5591 2891 5646 enim
2920 5588 3071 5651 dicit,
3095 5603 3163 5642 no
3188 5586 3298 5640 Deo
3325 5586 3515 5641 adver-

278 5675 435 5745 ﬂag,
486 5676 686 5743 ἔδειξεν
731 5681 823 5732 ἐπὶ
885 5680 979 5733 τοῦ
1030 5682 1361 5751 παραλύτου.
1407 5682 1568 5735 Ἀ).λά
1609 5683 1848 5744 καὶτοῖς

1945 5685 2050 5740 sati
2090 5683 2354 5741 videatur.
2394 5683 2527 5738 Nam
2563 5683 2703 5752 quod
2734 5682 2897 5737 etiam
2928 5678 3102 5736 Filias
3144 5679 3369 5735 haberet
3411 5693 3512 5750 po-

348 5858 394 5893 "
449 5858 570 5917 Psal
637 5876 840 5928 xxxv",
897 5859 986 5917 2|.
1064 5864 1107 5894 ⁸³
1148 5863 1300 5918 toan.
1350 5878 1501 5927 XVlll,
1534 5863 1623 5918 2'5.
1702 5862 1922 5917 lHoan.

1148 5863 1300 5918 toan.
1350 5878 1501 5927 XVlll,
1534 5863 1623 5918 2'5.
1702 5864 1744 5896 ⁵³
1774 5862 1929 5917 Joan.
1969 5877 2045 5932 VI,
2081 5861 2167 5917 οι.
2245 5862 2292 5943 δῖ
2321 5852 2483 5920 Joan.
2520 5874 2567 5925 γ,
2608 5857 2690 5915 19.
