3832 6580
366 391 495 493 est

1454 394 1847 460 (ECUMENII
1872 391 2188 455 TRICC/E-
2206 392 2547 455 EPISCOI’I

3530 388 3632 452 632

388 518 643 567 testatem
695 514 1004 571 remittondi
1070 522 1290 586 peccata
1331 514 1640 571 ostenderat
1690 513 1751 568 in
1790 526 1950 582 para-

2063 511 2332 582 μαθηταῖς
2375 512 2532 565 τοῦτο
2565 512 2688 573 δοὺς
2707 511 2766 563 rb
2796 510 3013 580 ἀφιέναι
3036 509 3310 580 ἁμαρτίας
3359 508 3631 576 ἐνέφηνεν,

389 602 554 676 lytico
574 605 644 661 ⁸⁸.
683 606 783 663 sed
796 615 853 663 et
878 606 1160 679 discipulis
1180 607 1357 664 dando
1375 614 1437 663 ιιι
1457 613 1683 678 peccata
1715 604 1961 660 remitte-

389 705 534 767 rent,
570 698 811 755 ostendit
845 700 990 772 quod
1015 716 1112 756 sua
1150 707 1420 772 potestate
1451 700 1555 756 hoc
1580 699 1849 755 tribueret
1889 696 1960 753 ".

396 788 596 849 Verum
630 800 694 849 ut
723 791 960 850 diximus
983 802 1079 849 aut
1103 792 1500 865 dispensatorie
1522 793 1625 851 hoc
1647 789 1779 851 dicit
1814 805 1962 848 nunc

286 926 287 929 η
389 881 706 955 Apostolus,
739 893 835 941 aut
877 887 1173 943 ostendens
1217 885 1464 941 eamdem
1494 883 1616 940 Filii
1645 900 1772 941 cum
1800 884 1960 939 Patre

389 980 642 1031 naturam
672 974 1030 1044 eamdemque
1074 973 1394 1043 potentiam,
1427 984 1484 1028 et
1510 972 1654 1044 quod
1695 971 1957 1047 quidquid

388 1059 601 1118 faceret
648 1077 757 1118 una
812 1062 980 1118 trium
1024 1072 1337 1119 sanctarum
1385 1076 1767 1134 personarum,
1800 1059 1963 1133 566

390 1165 680 1209 commune
709 1162 858 1209 esset
883 1162 940 1210 et
967 1154 1210 1225 reliquis.
1252 1174 1271 1207 ι
1302 1155 1369 1210 Ει
1397 1169 1496 1225 per
1531 1153 1636 1210 hoc
1679 1153 1963 1224 cognosci-

388 1256 534 1297 mus.
564 1262 584 1295 ›
608 1240 744 1300 Cum
764 1243 828 1307 in
852 1245 1226 1316 superioribus
1246 1245 1471 1302 dixisset
1487 1260 1582 1303 eos
1596 1245 1691 1317 qui
1706 1245 1761 1300 in
1782 1244 1961 1299 Domi-

389 1349 522 1388 num
572 1335 926 1392 crediderunt
972 1337 1287 1394 societatem
1330 1338 1530 1395 habere
1561 1338 1630 1394 ad
1660 1338 1863 1407 ipsum,
1898 1351 1960 1392 ea

391 1438 541 1479 nunc
586 1424 841 1495 proponit
886 1440 1007 1496 quae
1041 1426 1361 1482 societatem
1403 1441 1532 1496 erga
1563 1426 1715 1482 illum
1756 1424 1961 1480 conﬁr-

390 1522 563 1581 mant,
589 1524 644 1571 et
671 1517 747 1570 ait
772 1534 787 1571 :
808 1517 879 1572 Et
905 1533 1004 1589 per
1023 1519 1126 1574 hoc
1150 1517 1529 1590 cognoscimus
1543 1517 1688 1588 quod
1715 1532 1840 1572 eum
1866 1531 1962 1570 no-

390 1605 650 1662 verimus.
684 1605 836 1663 Solet
858 1609 950 1665 hic
986 1608 1206 1666 divinus
1231 1610 1314 1664 vir
1335 1610 1605 1666 similibus
1624 1606 1963 1665 dictionibus

390 1698 582 1754 eodem
606 1700 771 1756 modo
809 1699 1123 1773 frequenter
1156 1702 1237 1759 uti
1269 1701 1766 1773 :quemadmodum
1800 1696 1961 1755 etiam

393 1791 524 1847 dum
582 1793 658 1848 ait
684 1812 697 1847 :
741 1812 759 1847 ι
792 1792 853 1849 1η
884 1795 1091 1851 mundo
1116 1804 1252 1859 erat.
1278 1804 1334 1851 et
1365 1795 1734 1866 mundusper
1779 1792 1960 1863 ipsum

393 1884 570 1941 factus
612 1894 717 1955 est,
755 1894 813 1943 et
853 1876 1092 1945 mundus
1134 1903 1261 1945 eum
1291 1902 1403 1945 non
1454 1885 1795 1960 cognovit”.
1835 1904 1854 1938 ι
1882 1884 1962 1940 lta

392 1992 525 2048 ergo
557 1986 614 2043 et
642 1995 790 2036 nunc
823 1979 993 2037 utitur
1027 1981 1192 2037 verbo
1228 1980 1589 2052 Cognoscere.
1637 1977 1794 2045 Quod
1835 1991 1960 2032 eum

395 2070 732 2137 noverimus,
763 2069 869 2127 hoc
912 2081 1016 2140 est,
1069 2071 1214 2142 quod
1263 2086 1373 2129 una
1415 2086 1538 2127 cum
1573 2084 1641 2126 eo
1689 2066 1963 2124 commisti

393 2160 586 2229 simus,
617 2178 680 2219 ex
710 2163 815 2221 hoc
843 2165 1216 2236 cognoscimus
1241 2162 1288 2221 si
1322 2172 1589 2234 praecepta
1614 2161 1758 2217 illius
1782 2161 1963 2217 obser-

391 2268 606 2310 vamus.
631 2253 748 2312 Duo
769 2255 1040 2327 signiﬁcat
1073 2257 1302 2313 verbum
1332 2254 1645 2325 γινώσκειν,
1678 2254 1730 2310 id
1755 2261 1840 2309 est
1870 2266 1962 2308 co-

392 2360 673 2417 gnoscero,
692 2346 1033 2417 potissimum
1056 2347 1198 2418 apud
1217 2362 1428 2405 sacram
1445 2346 1810 2416 Scripturam,
1830 2351 1961 2413 puta
2004 2364 2007 2367 ·

390 2431 533 2486 scire
579 2431 825 2502 aliquid:
856 2435 1315 2504 quemadmodum
1358 2434 1450 2490 ubi
1494 2432 1737 2499 dicitur;
1793 2450 1813 2483 ι
1849 2430 1958 2486 Co-

388 2520 551 2590 guovi
587 2522 734 2592 quod
767 2521 925 2579 faciet
963 2521 1225 2579 Dominus
1267 2522 1537 2593 judicium
1567 2533 1866 2592 pauperum
1890 2517 1958 2570 ”.

388 2608 661 2670 Praeterea
708 2612 978 2685 signiﬁcat
1017 2613 1385 2670 omnimodam
1431 2611 1878 2682 conjunctioncm
1907 2615 1963 2663 et

390 2703 861 2763 conﬁrmationem
886 2720 1014 2777 erga
1047 2707 1306 2776 aliquem,
1348 2721 1469 2776 quae
1494 2703 1733 2776 cognitio
1773 2700 1964 2773 appel-

387 2796 537 2852 latur
563 2813 578 2852 :
611 2797 753 2852 sicut
778 2812 902 2854 cum
929 2798 1148 2863 dicitur,
1176 2798 1340 2854 Novit
1370 2796 1632 2853 Dominus
1657 2796 1776 2852 vias
1798 2794 1962 2850 inno-

388 2890 633 2945 centium
663 2890 732 2955 ",
762 2898 819 2946 et
859 2890 1003 2946 sicut
1028 2890 1105 2945 ait
1151 2888 1370 2955 Paulus,
1409 2906 1429 2941 ι
1452 2887 1523 2944 Ut
1567 2900 1961 2960 cognoscamus

392 2979 565 3036 Deum
578 2978 742 3036 veluti
762 2981 928 3037 etiam
952 2981 1021 3036 ab
1038 2995 1105 3037 eo
1129 2979 1328 3052 cogniti
1347 2979 1620 3035 sumus“.
1645 2995 1664 3029 ι
1694 2976 1961 3032 Similiter

388 3082 571 3129 autem
593 3081 648 3130 et
675 3074 744 3131 de
774 3074 1050 3131 contrario
1078 3083 1204 3144 puta
1226 3071 1529 3145 ignorantia
1556 3068 1844 3126 dicendum
1875 3077 1962 3124 est

2062 604 2137 667 ὡς
2170 604 2576 667 αύτοδεσπότως
2628 602 2784 656 τοῦτο
2818 603 3069 674 παρέχει.
3113 600 3254 654 Ἀλλ’
3292 600 3367 663 ώς
3404 600 3632 668 ἔφημεν,

2061 695 2479 768 ἦοίκονομικῶς
2521 695 2681 749 τοῦτο
2734 693 2830 747 νῦν
2880 696 2909 747 6
2981 691 3310 755 ’Λπόστολός
3365 707 3553 760 φησιν,
3601 690 3631 761 ἢ

2063 786 2342 858 παριστῶν
2376 787 2437 840 rb
2470 786 2607 857 πρὸς
2648 786 2740 852 τὸν
2777 785 2998 856 Πατέρα
3030 783 3124 838 τοῦ
3159 783 3290 836 Υῖοῦ
3315 782 3556 851 ὀμοφυές
3580 796 3635 834 τε

2062 880 2157 932 καὶ
2177 877 2520 949 ὁμοδύναμον
2542 919 2561 943 ,
2605 877 2701 932 καὶ
2729 878 2811 931 ὃτι
2835 877 2863 931 ὃ
2902 876 2968 931 ἂν
3000 876 3127 946 ποιῇ
3159 875 3220 928 τὸ
3244 874 3302 927 ἐν
3334 873 3444 927 τῶν
3470 873 3635 943 τριῶν

2061 968 2397 1037 ἀγιαστικῶν
2446 967 2821 1032 ὑποστάσεων,
2885 967 3062 1021 κοινόν
3106 964 3220 1017 ἐστι
3272 965 3367 1018 καὶ
3398 963 3508 1013 τῶν
3530 961 3633 1014 λοι-

2062 1058 2201 1113 πῶν.
2244 1077 2262 1110 ι
2289 1059 2397 1113 Καὶ
2445 1060 2506 1112 ἐν
2542 1057 2719 1128 τούτῳ
2763 1056 3128 1128 γινώσκομεν.
3160 1076 3180 1109 υ
3207 1052 3467 1125 Εἱρηκὼς
3494 1054 3633 1104 ἀνω-

2060 1153 2205 1223 τέρω
2225 1152 2350 1215 τοὺς
2385 1153 2465 1215 είς
2495 1150 2587 1206 τὸν
2614 1151 2818 1222 Κύριον
2855 1147 3294 1209 πεπιστευκότας
3347 1144 3635 1198 κοινωνίαν

2061 1242 2205 1313 ἔχειν
2250 1242 2387 1313 πρὸς
2447 1241 2630 1308 αὐτὸν,
2698 1239 3027 1303 πιστωτικά,
3069 1239 3171 1306 τῆς
3222 1237 3512 1297 κοινωνῖας
3540 1235 3634 1305 τῆς

2063 1335 2201 1406 πρὸς
2261 1335 2424 1388 αὐτὸν
2481 1332 2842 1405 παρατίθεται
2897 1331 3012 1395 νῦν,
3049 1329 3145 1384 καί
3180 1346 3367 1398 φησιν,
3395 1330 3480 1381 ὅτι
3526 1327 3635 1380 Καὶ

2062 1433 2119 1483 ἐν
2148 1428 2323 1499 τούτῳ
2359 1428 2720 1497 γινώσκομεν,
2768 1424 2850 1477 ὃτι
2895 1421 3213 1491 ἐγνώκαμεν
3237 1419 3426 1472 αὐτόν.
3474 1416 3637 1479 Ἕθος

2062 1519 2171 1590 γὰρ
2227 1519 2306 1591 τῷ
2366 1514 2623 1589 μακαρίῳ
2678 1513 2852 1581 τούτῳ
2902 1512 3058 1583 ἀνδρὶ
3112 1511 3231 1568 ταῖς
3292 1503 3637 1576 ὁμωνυμίαις

2062 1610 2295 1684 χρῆσθαι
2351 1610 2489 1663 κατά
2525 1606 2743 1673 ταυτὸν,
2798 1606 2987 1676 ὥσπερ
3030 1603 3127 1657 καὶ
3186 1602 3242 1655 ἐν
3280 1599 3376 1669 τῷ,
3414 1616 3435 1650 ι
3474 1599 3533 1651 ἐν
3563 1596 3638 1665 τῷ

2063 1704 2254 1774 κόσμῳ
2284 1697 2372 1773 ἦν,
2407 1702 2498 1754 καὶ
2530 1702 2558 1754 6
2599 1699 2801 1768 κόσμος
2860 1694 2930 1750 δι’
2982 1692 3148 1748 αὐτοῦ
3201 1690 3438 1759 ἐγένετο,
3491 1686 3638 1741 καὶό

2064 1794 2267 1865 κόσμος
2296 1791 2458 1846 αὑτὸν
2484 1790 2585 1843 οὐκ
2615 1784 2776 1857 1ἑγνω.
2810 1805 2829 1839 ι
2861 1784 3048 1847 Οῦτως
3067 1780 3158 1836 οὖν
3190 1782 3284 1834 καὶ
3312 1778 3407 1832 νῦν
3434 1777 3639 1847 χρῆται

2064 1885 2162 1958 τῷ,
2198 1886 2399 1953 Ἔγνω.
2442 1883 2515 1936 Tb
2542 1882 2621 1948 δὲ,
2658 1879 2780 1933 Ὀτι
2809 1875 3132 1947 ἐγνώκαμεν
3170 1873 3352 1935 αύτδν,
3389 1869 3519 1958 ἀντ).
3544 1865 3637 1958 τοῦ

2062 1956 2145 2032 ὅτι
2200 1971 2679 2043 ωνανεκράθημεν
2723 1965 2871 2037 αύτῷ
2905 1968 2961 2019 ἐν
2997 1964 3173 2034 τούτῳ
3205 1956 3559 2029 ἐπιστάμεθα
3585 1956 3640 2008 ἐν

2061 2066 2140 2141 τῷ
2154 2068 2259 2131 τὰς
2291 2061 2510 2140 ἐντολὰς
2550 2059 2717 2114 αὐτοῦ
2752 2059 2963 2130 τηρεῖν.
3004 2053 3109 2107 Δύο
3141 2052 3249 2122 γὰρ
3279 2049 3642 2141 σημαίνοντος

2066 2127 2302 2231 μάλιστα
2362 2132 2523 2224 ⁵παρὰ
2552 2154 2621 2224 τῇ
2675 2127 3031 2224 θείᾳἾΓραφῇ
3084 2143 3176 2197 τοῦ
3208 2127 3553 2231 γινώδκειν,
3584 2136 3642 2190 τό

2059 2269 2121 2306 τε
2170 2246 2496 2303 ἐπίστασθαί
2526 2262 2602 2310 τι,
2654 2240 2729 2305 ὡς
2764 2243 2819 2294 ἐν
2848 2238 2945 2309 τῷ,
2985 2255 3003 2288 ι
3048 2236 3262 2302 Ἔγνων
3296 2233 3377 2286 ὅτι
3416 2229 3638 2299 ποιήσει

2062 2345 2266 2413 Κύριος
2323 2338 2422 2411 τὴν
2484 2334 2667 2406 κρίσιν
2723 2330 2833 2385 τῶν
2898 2327 3151 2399 πτωχῶν.
3183 2343 3202 2377 ι
3238 2322 3348 2378 Καὶ
3404 2321 3473 2390 δὴ
3553 2316 3643 2371 καὶ

2062 2434 2160 2504 τῆς
2222 2428 2521 2492 παντελοῦς
2583 2425 2722 2498 πρός
2776 2439 2901 2477 τινα
2953 2417 3335 2490 ἀνακράσεως,
3377 2413 3641 2482 γνώσεως

2061 2501 2379 2595 λεγομένης,
2407 2521 2481 2584 ὡς
2512 2520 2568 2572 ἐν
2597 2516 2695 2588 τῷ,
2752 2512 3018 2568 Γινώσκει
3073 2510 3278 2581 Κύριος
3337 2501 3644 2595 τάςᾷὸδοὺς

2061 2593 2170 2674 τῶν
2198 2593 2497 2686 θάμώμων,
2549 2612 2644 2665 καὶ
2711 2608 2787 2672 ὡς
2860 2603 3104 2667 Παῦλος·
3169 2620 3188 2653 ι
3219 2593 3645 2686 Ἑπιγινώσκειν

2060 2709 2209 2781 ἡμᾶς
2260 2685 2397 2778 φησὶ
2448 2704 2539 2758 τὸν
2598 2701 2755 2770 Θεὸν,
2807 2696 2991 2759 καθὼς
3045 2693 3138 2748 καὶ
3165 2690 3256 2744 ὑπ’
3292 2685 3464 2742 αὑτοῦ
3527 2686 3645 2781 -ἑπ-

2061 2775 2401 2871 ε’γνώσμεθα.
2431 2815 2450 2849 ι
2502 2794 2777 2856 Ὡσαύτως
2792 2791 2849 2845 δὲ
2895 2783 3109 2843 καὶτοῦ
3165 2781 3409 2838 ἐναντίου
3439 2775 3644 2871 τούτω,

2060 2865 2311 2948 τουτέστι
2356 2887 2450 2943 τοῦ
2499 2887 2737 2957 ἀγνοεῖν,
2792 2882 2958 2952 διχῶς
3012 2874 3328 2946 νοουμένου,
3377 2870 3509 2942 (μία
3538 2865 3646 2937 γὰρ

2060 2987 2136 3050 ὡς
2164 2983 2258 3039 καὶ
2285 2984 2398 3046 τοῖς
2422 2979 2526 3046 ἔξω
2563 2979 2733 3043 δοκεῖ,
2764 2976 2798 3048 ἡ
2828 2975 2938 3028 τῶν
2971 2966 3362 3038 ἀντικειμένων
3389 2957 3646 3031 γνῶσις.)

2061 3081 2203 3137 κατὰ
2272 3076 2431 3132 τοῦτο
2479 3074 2575 3130 νῦν
2609 3074 2704 3127 καὶ
2725 3071 2786 3124 τὸ
2816 3066 3111 3123 Γινώσκειν
3182 3059 3347 3129 διχῶς
3384 3055 3648 3126 εἴληπται

2001 1850 2039 1904 Β

389 3165 532 3236 quod
569 3164 859 3237 dupliciter
895 3165 1248 3238 intelligatur.
1299 3160 1769 3232 Quemadmodum
1812 3159 1959 3215 enim

2064 3170 2322 3233 ἐνταῦθα,
2372 3168 2447 3222 Tb
2493 3168 2595 3237 μὲν
2627 3165 2757 3235 γὰρ,
2811 3181 2829 3214 ι
2867 3160 2953 3214 Ἐν
2978 3155 3156 3225 τούτῳ
3215 3149 3643 3241 γινώσκομεν,ι

391 3257 629 3312 externis
654 3272 869 3327 quoque
891 3257 1247 3328 scriptoribus
1272 3257 1485 3313 videtur
1513 3270 1618 3310 una
1642 3263 1726 3310 est
1747 3265 1962 3310 contra-

2068 3262 2207 3318 κατά
2229 3261 2291 3315 τὸ
2317 3233 2666 3314 ἐπίστασθαι*
2698 3233 2761 3308 τὸ
2783 3252 2862 3317 δέ,
2899 3246 3252 3317 Ἐγνώκαμεν
3277 3241 3466 3303 αὐτὸν,
3508 3233 3651 3328 κατά

388 3344 599 3400 riorum
640 3346 888 3402 scientia.
936 3344 1099 3402 Juxta
1137 3345 1243 3402 hoc
1292 3361 1421 3417 ergo
1461 3345 1808 3418 Cognoscere
1855 3342 1962 3399 hoc

388 3435 512 3493 Ioco
540 3438 757 3494 duobus
811 3438 988 3494 modis
1030 3445 1317 3507 acceptum
1358 3444 1462 3494 est.
1516 3435 1797 3507 Siquidem
1836 3449 1958 3490 cum

388 3528 488 3594 ait,
527 3547 547 3582 ι
582 3526 685 3585 Per
710 3529 829 3595 ,hoc
858 3527 1258 3595 cognoscimus,
1287 3545 1307 3579 ι
1361 3542 1461 3598 pro
1493 3527 1634 3583 scire
1688 3525 1959 3591 sumitur;

389 3637 515 3678 cum
548 3630 735 3678 autem
760 3621 999 3689 dicitur;
1034 3620 1190 3688 Quod
1218 3635 1343 3676 eum
1378 3621 1717 3682 noverimus,
1741 3619 1847 3675 hoc
1878 3627 1964 3672 est

391 3712 539 3784 quod
572 3712 804 3768 ﬁrmiter
847 3728 969 3768 cum
999 3727 1066 3768 eo
1106 3711 1383 3782 conjuncti
1425 3711 1617 3767 simus.
1663 3710 1767 3775 Qui
1814 3708 1961 3764 enim

392 3803 725 3861 consortium
752 3803 918 3860 habet
953 3818 1077 3859 cum
1110 3804 1318 3873 aliquo,
1351 3800 1515 3857 etiam
1543 3800 1870 3856 commistus
1897 3812 1962 3853 ac

391 3896 718 3967 conjunctus
747 3902 831 3951 est
866 3893 944 3950 illi
977 3892 1035 3950 in
1065 3909 1131 3949 eo
1159 3893 1305 3965 quod
1339 3894 1643 3964 participat.
1673 3890 1963 3961 Propterea

392 3989 558 4044 etiam
606 3988 890 4059 subjungit
921 3986 1199 4057 Praecepta
1254 3986 1375 4057 ejus
1427 3986 1805 4041 observamus.
1881 3981 1964 4037 Ex

394 4077 500 4131 hic
541 4075 706 4131 etiam
736 4077 1041 4133 solveretur
1090 4076 1263 4132 illud:
1298 4095 1317 4128 ι
1374 4076 1538 4131 Novit
1574 4074 1839 4131 Dominus
1868 4070 1963 4143 qui

393 4177 523 4224 sunt
550 4169 632 4224 sui
658 4169 725 4237 θ’,
765 4188 783 4222 ι
810 4180 864 4225 et
893 4168 1025 4225 illud
1059 4186 1073 4223 :
1110 4186 1128 4220 ι
1160 4167 1295 4223 Eum
1324 4167 1415 4238 qui
1444 4183 1553 4220 non
1584 4172 1812 4221 noverat
1839 4180 1967 4235 pec-

393 4270 597 4328 catum,
629 4276 729 4331 pro
779 4261 938 4317 nobis
974 4269 1262 4333 peccatum
1310 4259 1439 4313 fecit
1464 4259 1508 4291 ”
1541 4277 1555 4312 :
1593 4276 1613 4308 ι
1662 4266 1717 4312 et
1749 4256 1795 4313 si
1833 4257 1963 4328 quid

393 4352 543 4408 aliud
570 4351 713 4423 apud
747 4353 988 4409 divinam
1021 4352 1363 4421 Scripturam
1409 4351 1477 4406 de
1505 4351 1821 4422 cognitione
1879 4350 1964 4404 vel

391 4444 695 4514 ignorantia
720 4453 1000 4499 tractatur.
1045 4442 1247 4498 Deinde
1272 4458 1304 4496 a
1334 4442 1625 4505 contrario
1654 4441 1799 4496 idem
1829 4456 1964 4497 con-

393 4536 593 4597 tinuat,
627 4532 1014 4589 abundantiori
1053 4542 1213 4587 utens
1243 4532 1589 4602 probatione,
1619 4541 1675 4588 et
1701 4533 1779 4588 ait
1811 4552 1825 4587 :
1858 4531 1963 4599 Qui

393 4628 546 4692 dicit,
576 4625 711 4683 Novi
738 4643 885 4695 eum,
917 4628 1033 4682 sive
1083 4626 1395 4681 societatem
1420 4625 1596 4680 habeo
1642 4641 1766 4681 cum
1820 4625 1960 4696 ipso,

393 4726 449 4773 ct
480 4724 753 4787 praecepta
782 4717 904 4787 ejus
937 4731 1047 4770 non
1088 4715 1365 4781 observat,
1403 4715 1637 4770 mendax
1679 4725 1783 4771 est.
1820 4716 1966 4781 Quo-

396 4805 560 4859 modo
591 4803 738 4858 cnim
764 4802 880 4857 ﬁeri
908 4811 1088 4871 potest
1115 4812 1173 4857 ut
1194 4802 1332 4857 idem
1361 4803 1685 4873 conjunctus
1701 4811 1756 4860 et
1782 4805 1964 4860 adhae-

396 4908 527 4951 rens
558 4895 650 4958 sit,
679 4904 863 4950 etnon
886 4894 1201 4951 adhaerens?
1226 4895 1388 4952 Certe
1422 4910 1645 4953 servare
1671 4910 1961 4970 praecepta,

395 4986 768 5043 uuhmsionem
822 4985 1089 5057 designat,
1132 5001 1242 5041 non
1280 4988 1570 5045 observare
1604 4998 1785 5046 autem
1811 5033 1825 5058 ,
1866 5008 1964 5045 ne-

394 5090 665 5146 quaquam
696 5091 818 5133 esse
846 5075 1190 5133 familiarem.
1251 5079 1439 5144 Itaque
1467 5081 1561 5151 qui
1584 5082 1737 5137 novit
1767 5082 1965 5145 Deum,

395 5166 559 5222 etiam
592 5166 661 5222 ab
690 5181 756 5220 eo
782 5166 1031 5238 cognitus
1073 5176 1177 5231 est,
1214 5167 1329 5223 sive
1378 5184 1605 5225 consors
1660 5170 1836 5226 factus
1885 5180 1969 5227 est

393 5275 520 5315 cum
554 5257 660 5314 Deo
688 5268 743 5314 et
772 5260 884 5315 Deo
916 5260 1239 5332 colligatus:
1268 5270 1322 5319 et
1364 5264 1420 5318 in
1453 5264 1559 5319 hoc
1608 5265 1831 5320 dilectio
1870 5267 1967 5320 Dei

394 5351 748 5422 conspicitur,
794 5368 894 5424 per
937 5368 1100 5423 quam
1158 5355 1505 5412 dilectionem
1564 5358 1788 5413 habebit
1841 5374 1968 5428 per-

391 5444 689 5501 fectionem
724 5461 844 5515 quae
871 5453 955 5503 est
976 5447 1032 5502 in
1052 5447 1185 5511 Deo,
1215 5447 1376 5519 567
1405 5456 1460 5504 et
1499 5448 1664 5521 huius
1694 5452 1961 5522 judicium

394 5535 556 5593 faciet
577 5537 1001 5596 familiaritatem
1049 5556 1203 5595 suam
1238 5557 1365 5613 erga
1414 5543 1609 5600 Deum.
1652 5544 1757 5601 Per
1799 5562 1963 5617 opera

392 5641 633 5701 namque
669 5632 964 5687 exhibetur
1008 5633 1250 5701 perfecta
1293 5633 1536 5690 dilectio.
1592 5636 1793 5693 Verum
1838 5641 1966 5708 quia

2062 3353 2146 3418 τὸ,
2189 3347 2596 3421 Ἀνεκράθημεν
2627 3344 2799 3416 αὐτῷ.
2847 3342 2907 3395 '0
2930 3341 3036 3412 γὰρ
3067 3334 3341 3390 κοινωνῶν
3370 3345 3514 3392 τινι,
3554 3327 3649 3380 καὶ

2065 3447 2438 3515 ἀνακέκραται
2492 3442 2639 3511 αὐτῷ
2693 3437 2831 3493 καθὸ
2854 3434 3123 3491 κοινωνεῖ.
3156 3431 3246 3485 Διὸ
3281 3428 3379 3484 καὶ
3419 3428 3649 3493 ἐπάγει,

2065 3537 2174 3599 Τὰς
2208 3533 2427 3597 ἐντολὰς
2463 3530 2628 3586 αὑτοῦ
2659 3530 2837 3601 τηρεῖ.
2855 3527 2949 3580 Ἐκ
2974 3524 3165 3578 τούτου
3201 3518 3392 3589 λυθείη
3433 3517 3507 3569 ἂν
3554 3515 3651 3568 καὶ

2063 3628 2146 3691 τὸ,
2194 3627 2414 3692 «Ἔγνω
2464 3625 2666 3694 Κύριος
2721 3621 2848 3683 τοὺς
2898 3617 3058 3678 ὄντας
3124 3612 3311 3667 αὑτεῦ⁸
3345 3629 3362 3662 ι
3412 3607 3518 3662 καὶ
3565 3607 3649 3672 τὸ,

2070 3739 2089 3773 ι
2111 3721 2214 3776 Τὸν
2267 3720 2377 3788 γὰρ
2402 3719 2478 3790 μὴ
2522 3715 2721 3785 γνόντα
2759 3710 3057 3782 ἁμαρτίαν,
3095 3706 3234 3777 ὑπὲρ
3262 3701 3425 3773 ἡμῶν
3454 3702 3645 3790 ἁμαρ-

2063 3811 2187 3865 τίαν
2243 3810 2509 3881 ἐποίησε·
2554 3826 2573 3858 ι
2612 3806 2710 3860 καὶ
2755 3804 2860 3857 εἴτι
2916 3801 3108 3873 ἕτερον
3160 3797 3313 3868 παρᾶ
3382 3796 3451 3863 τῇ
3522 3789 3647 3860 θείᾳ

2066 3902 2256 3974 Γραφῇ
2321 3899 2449 3971 περὶ
2499 3898 2562 3952 τὸ
2624 3893 2985 3966 ἐγνωκέναιῆ
3035 3891 3250 3960 ἀγνοεῖν
3316 3886 3647 3974 στρέφεται.

2066 3991 2199 4048 Εἶτα
2258 3991 2368 4048 ἀπὸ
2409 3991 2504 4046 τοῦ
2558 3989 2800 4044 ἐναντίου
2864 3987 3023 4040 τοῦτο
3048 3984 3180 4038 αὐτὸ
3213 3972 3649 4039 κατασκευάζει,

2067 4082 2692 4159 περιουσιαστικώτερον
2753 4079 3037 4151 χρώμενος
3088 4078 3156 4146 τῇ
3207 4070 3513 4136 ἀποδείξει,
3556 4065 3653 4120 καί

2068 4158 2255 4250 φηάιψ
2304 4178 2362 4233 ’0
2383 4177 2439 4230 δὲ
2476 4176 2673 4244 λέγων,
2695 4174 2952 4242 Ἔγνωκα
2987 4167 3168 4232 αὑτὸν,
3203 4165 3322 4236 ἦτοι
3351 4158 3652 4250 κοινωνίαν

2068 4249 2176 4341 ἔχω
2219 4270 2336 4341 μετ’
2388 4266 2575 4329 αὑτοῦ,
2611 4264 2707 4319 καὶ
2744 4265 2842 4328 τὰς
2876 4261 3097 4320 ἐντολὰς
3126 4255 3295 4310 αὐτοῦ
3332 4252 3408 4326 μὴ
3431 4249 3651 4341 τηρῷνι

2067 4339 2308 4431 ψεύστης
2354 4357 2490 4411 ἐστί.
2552 4355 2674 4418 Πῶς
2701 4353 2811 4423 γὰρ
2856 4346 2968 4406 οἷον
2995 4367 3054 4404 τε
3084 4348 3179 4402 καὶ
3233 4339 3656 4412 ἀνακεκρᾶσθαι

2072 4454 2165 4506 καὶ
2197 4450 2291 4521 μὴ,
2321 4449 2412 4502 τὸν
2442 4447 2641 4512 αύτόν;
2668 4444 2841 4515 Εἴπερ
2861 4442 2920 4497 rb
2944 4442 3047 4514 μὲν
3075 4440 3251 4494 ποιεῖν
3279 4436 3378 4499 τὰς
3401 4432 3657 4495 ἐντολὰς,

1998 4510 2042 4566 D
2068 4545 2167 4616 τὴν
2197 4510 2499 4615 ἀν’ἀκρασιν
2554 4510 2863 4607 ὑποφαίνει·
2897 4510 2958 4588 rb
2989 4534 3047 4588 δέ
3081 4532 3155 4605 μὴ
3184 4531 3397 4600 τηρεῖν,
3444 4526 3511 4578 τὸ
3548 4540 3659 4616 μηῖ

2069 4614 2257 4705 δαμῶς
2296 4630 2627 4703 ᾠκειῶσθαι.
2678 4629 2842 4681 Ὥστε
2873 4628 2900 4681 6
2927 4623 3186 4694 ἐγνωκὼς
3239 4621 3331 4674 τὸν
3360 4618 3523 4681 Θεὸν,
3559 4614 3659 4668 καὶ

2072 4730 2177 4781 ὑπὸ
2205 4724 2297 4778 τοῦ
2361 4722 2498 4776 Θεοῦ
2558 4721 2847 4790 ἔγνωσται,
2907 4720 3025 4787 ἥτοι
3064 4714 3340 4786 ᾠκείωται
3369 4708 3517 4777 Θεῷ,
3561 4705 3661 4758 καὶ

2072 4817 2393 4884 ἁνείληπται
2446 4813 2552 4867 ὑπὸ
2596 4812 2755 4866 Θεοῦ.
2805 4809 2914 4865 Καὶ
2956 4811 3014 4863 ἐν
3046 4806 3220 4875 τούτῳ
3263 4801 3523 4874 ήάγάπη
3557 4794 3657 4848 τοῦ

2072 4910 2206 4966 θεοῦ
2283 4902 2667 4978 ἐγθεωρείται·
2715 4906 2782 4958 δι’
2806 4899 2872 4976 ἧς
2908 4902 3126 4972 ἀγάπης
3173 4899 3269 4951 καὶ
3326 4895 3388 4948 τὸ
3437 4895 3501 4945 ἐν
3534 4888 3662 4958 Θεῷ

2071 5000 2273 5053 τέλειον
2331 4993 2463 5061 ἕξει,
2488 4997 2582 5050 καὶ
2614 4993 2902 5066 γνώρισμα
2923 4991 3080 5046 τοῦτο
3110 4990 3327 5059 ποιήσει
3366 4984 3465 5053 τῆς
3516 4981 3664 5052 πρὸς

2070 5093 2203 5147 Θεὸν
2259 5090 2590 5152 οἱκειὼσεως
2635 5085 2824 5141 αὐτοῦ.
2885 5082 2984 5136 Διά
3010 5080 3119 5152 γὰρ
3152 5080 3261 5133 τῶν
3289 5079 3467 5151 ἔργων
3498 5076 3539 5145 ἡ
3567 5091 3662 5125 τεο

2070 5187 2185 5239 λεία
2241 5184 2610 5238 διαδείκνυται
2675 5179 2888 5246 ἀγάπη.
2943 5173 3090 5244 Πλὴν
3146 5170 3338 5239 ἐπειδὴ
3377 5170 3500 5222 ἔστι
3532 5165 3662 5218 τινὰ

2069 5276 2234 5347 ὀρθὰς
2283 5277 2380 5345 μὲν
2436 5273 2531 5328 καλ⁵
2596 5268 2846 5339 ἀκριϐεῖς
2898 5268 3071 5320 ποιεῖν
3118 5261 3365 5324 ἐντολὰς,
3400 5255 3664 5313 αὑτὸνδὲ

2072 5367 2402 5437 νωθρότερον
2467 5361 2805 5426 διακεῖσθαι,
2854 5360 2991 5429 ὅπερ
3061 5355 3170 5411 ἀπὸ
3238 5351 3373 5406 Θεοῦ
3452 5350 3665 5420 πόρῥω

2072 5460 2212 5523 ἐστὶ,
2241 5460 2329 5512 διὰ
2367 5457 2527 5511 τοῦτο
2574 5455 2762 5526 φησιν,
2811 5455 2892 5506 ὅτι
2928 5455 2955 5500 ὁ
3009 5452 3066 5503 ἐν
3101 5446 3243 5519 Θεῷ,
3298 5444 3666 5515 ᾠκειωμένος

2075 5551 2194 5604 κατ’
2244 5551 2450 5604 ἐκεῖνον
2481 5548 2685 5615 ὀφείλει
2724 5547 2818 5599 καὶ
2847 5545 3008 5606 αὐτὸς
3036 5542 3135 5605 τὰς
3175 5536 3369 5594 ἑαυτοῦ
3415 5534 3667 5605 πορείας

2077 5644 2427 5696 κατευθύνειν
2453 5640 2546 5694 τοῦ
2573 5639 2708 5710 βῖου.

393 5726 663 5795 contingit
715 5733 863 5781 recta
890 5732 1149 5781 etexacta
1171 5729 1383 5783 tradere
1404 5730 1636 5800 aliquem
1670 5744 1962 5802 praecepta,
1994 5752 2118 5788 cum
2166 5746 2219 5788 ta
2247 5750 2353 5788 ren
2404 5736 2517 5803 ipse
2568 5733 2787 5803 segnius
2849 5734 2917 5785 sit
2954 5731 3182 5785 αἰῐυοιιιε
3216 5748 3229 5783 :
3265 5727 3402 5797 quod
3490 5722 3664 5794 lezzgc
3734 5760 3739 5764 ι

464 5838 512 5871 ⁸⁸
531 5837 718 5911 Matth.
765 5857 838 5899 ιτ.
878 5842 913 5894 2
942 5852 995 5896 ct
1015 5858 1129 5911 seq.
1208 5846 1252 5875 ⁵⁷
1282 5844 1442 5900 Joan.
1474 5864 1564 5911 xx,
1599 5848 1687 5901 25.

399 5924 518 5976 xm,
558 5910 631 5975 6;
691 5909 809 5964 Gal.
844 5927 917 5979 ιν,
954 5913 1007 5968 9.
1084 5909 1127 5947 ⁶²
1167 5915 1211 5969 ll
1237 5915 1375 5969 Tun.
1401 5934 1457 5985 ιι,
1490 5909 1571 5974 ii.

1767 5848 1814 5878 ⁸⁸
1844 5847 2003 5903 Joan.
2039 5866 2077 5910 ι.
2113 5851 2192 5900 l0.
2271 5851 2312 5878 ⁸³
2344 5846 2464 5904 Ps-l
2519 5864 2740 5913 euut,
2779 5849 2822 5900 ί.

1652 5920 1695 5950 ⁸³
1733 5918 1776 5973 ιι
1802 5920 1925 5993 (lor.
1958 5938 2008 5987 v,
2054 5922 2140 5975 εί.

2904 5848 2947 5877 ⁵⁸³
2990 5846 3134 5900 Psal.
3171 5863 3207 5910 ι,
3241 5845 3293 5898 (ἱ.
3369 5841 3406 5871 ⁶¹
3446 5840 3469 5893 Ι
3519 5840 3661 5895 Lor.
