3986 6580
217 421 318 487 £37

1288 428 1672 491 COMMENT.
1697 428 1779 488 ΙΝ
1814 430 2050 491 EPlS’l‘.
2074 432 2106 492 Ι
2142 433 2481 498 JOANNIS.

3362 437 3466 502 638

218 536 503 609 ἁμαρτιῶν
536 537 624 592 διὰ
656 540 757 610 τῆς
802 539 882 603 εἰς
921 539 1155 610 Χριστὸν
1203 542 1465 607 πίστεως.
1519 545 1584 598 Οἱ
1613 544 1669 597 δὲ
1704 544 1778 606 ὡς

1909 549 2106 604 nodum
2139 552 2551 609 instructionis:
2582 553 2782 625 quibus
2804 562 2985 610 tamen
3009 555 3244 626 spondet
3270 570 3464 625 pecca-

215 629 596 699 προκόψαντες
618 632 698 693 είς
728 630 900 700 ἄνδρα
924 631 1129 685 τέλειον
1158 632 1261 702 τῆς
1283 635 1503 704 ἡλικίας
1526 634 1621 687 τοῦ
1651 638 1790 704 πλη-

220 726 467 795 ρώματος
494 726 592 780 τοῦ
623 725 886 795 Χριστοῦ,
946 728 1039 781 καὶ
1068 726 1244 799 οὕτως
1297 729 1375 793 ὡς
1423 730 1518 783 καὶ
1569 729 1791 799 ἐτέρους

215 816 480 872 δύνασθαι
507 821 868 884 τεκωποιείν,
911 813 994 880 οἷς
1019 798 1288 889 καὶῖχειν
1319 818 1418 890 τὴν
1457 820 1659 888 γνῶσιν
1694 818 1789 872 τοῦ

216 911 310 964 ἀπ’
334 910 520 979 ἀρχῆς
556 912 849 981 μαρτυρεῖ.
883 911 979 975 Τίς
1014 912 1073 966 δὲ
1119 913 1148 965 δ
1175 913 1273 964 ἀπ’
1310 910 1488 983 ἀρχῆς
1511 951 1527 975 ,
1564 914 1612 965 εἰ
1652 913 1726 980 μὴ
1763 913 1791 963 ὁ

216 999 347 1059 θεὸς
378 1000 581 1069 Λόγος,
614 1000 674 1064 ὃς
698 996 765 1072 ἦν
794 1001 852 1053 ὲν
878 1002 1021 1073 ἀρχῇ
1060 1002 1196 1074 πρὸς
1225 1002 1317 1056 τὸν
1343 1001 1507 1069 Θεόν;
1540 1002 1603 1055 Oi
1628 1001 1684 1055 δὲ
1716 1001 1789 1060 ὡς

221 1093 525 1157 νεανίσκοι,
552 1088 635 1155 οἷς
667 1093 744 1156 ὡς
771 1093 1025 1157 νεάζουσι
1054 1092 1149 1146 καὶ
1183 1092 1459 1165 σφριγῶσι
1476 1135 1491 1159 ,
1517 1092 1657 1146 κατὰ
1683 1093 1789 1145 τῶν

216 1189 314 1254 τῆς
350 1186 583 1255 ἀτιμίας
628 1184 819 1237 παθῶν
866 1183 957 1237 τὸν
1001 1182 1267 1238 ἐπινίκιον
1316 1187 1600 1256 μαρτυρεῖ.
1648 1179 1780 1238 Εἶτα

215 1276 339 1332 καθ’
376 1277 579 1347 ἑτέραν
607 1274 862 1346 ἐπιόολὴν
906 1275 970 1329 τὸ
990 1275 1121 1329 αὐτὸ
1149 1274 1616 1344 ὲπαναλαμόάνει,
1656 1274 1792 1342 πρὸς

213 1369 275 1422 τὸ
300 1368 511 1439 μέτρον
535 1367 638 1436 τῆς
663 1368 1041 1437 πνευματικῆς
1059 1367 1275 1438 ἡλικίας
1295 1366 1386 1420 τὸν
1416 1365 1793 1420 διδασκαλικὸν

215 1459 382 1526 λόγον
446 1458 842 1529 ἁρμοζόμενος.
875 1458 1030 1512 Ἐπεὶ
1053 1455 1169 1526 οὖν,
1219 1459 1406 1528 φησὶν,
1441 1457 1616 1520 οὕτως
1651 1457 1793 1527 ὑμᾶς

215 1547 339 1605 οἶδα
370 1549 522 1603 κατὰ
550 1548 651 1612 τὰς
680 1548 789 1602 τῶν
827 1549 1051 1620 ἡλικιῶν
1079 1550 1343 1619 διαφορὰς
1365 1548 1689 1618 δεξομένους
1724 1548 1795 1600 τὰ

216 1640 353 1709 παρ’
390 1638 530 1712 ἐμοῦ
579 1637 921 1710 γραφόμενα,
954 1640 1167 1709 ἀνάγκη
1193 1640 1337 1709 κάμὲ
1369 1639 1792 1710 παραμετρῆσαι

215 1736 279 1800 τῇ
316 1731 567 1785 διαθέσει
594 1731 693 1799 τῆς
731 1729 949 1799 ἡλικίας
976 1729 1131 1799 ὑμῶν
1162 1729 1259 1800 τὴν
1293 1729 1660 1793 διδασκαλίαν,
1700 1730 1795 1782 καὶ

216 1825 331 1886 τοῖς
363 1822 470 1891 μὲν
502 1823 578 1885 ὡς
599 1821 831 1883 παιδίοις
865 1821 1203 1890 ἐπεγνωκόσι
1235 1820 1327 1874 τδν
1362 1821 1583 1891 Πατέρα
1627 1822 1794 1890 (λέγει

216 1916 271 1971 δὲ
303 1914 404 1968 τδν
435 1915 624 1984 Θεὸν),
662 1913 1010 1985 διαλεχθῆναι
1035 1931 1047 1945 υ
1077 1916 1188 1977 τοῖς
1220 1912 1279 1968 δὲ
1310 1912 1387 1977 ὡς
1417 1912 1709 1982 πατράσιν,
1748 1910 1796 1964 οἳ
1830 1898 1869 1951 Β

221 2007 393 2059 πλέον
425 2007 611 2076 ἔχουσι
650 2005 759 2059 τῶν
785 2004 1012 2059 παιδίων
1053 2004 1196 2059 κατὰ
1234 2005 1334 2076 τὴν
1364 2004 1584 2073 γνῶσιν,
1623 2003 1685 2056 τὸ
1727 2001 1802 2072 μὴ

218 2099 296 2163 ὡς
328 2099 553 2168 πατέρα
611 2098 770 2168 μόνον
803 2096 1196 2164 ἐπεγνωκέναι,
1260 2097 1396 2150 ἀλλὰ
1448 2097 1545 2149 καὶ
1587 2094 1664 2157 ὡς
1712 2094 1807 2149 ἄνα

220 2205 403 2258 αρχος
437 2189 534 2242 καὶ
580 2186 935 2255 ἀδιεξίτητος.
965 2181 1074 2239 Ἦν
1106 2186 1216 2257 γὰρ
1258 2186 1317 2239 ἐν
1379 2187 1544 2256 ἀρχῇ.
1581 2183 1804 2247 Τούτοις

220 2280 276 2332 δὶ
313 2279 418 2331 καὶ
456 2278 800 2347 τελεωτέρων
829 2275 981 2342 ἄξιον
1012 2276 1315 2346 παράθεσιν
1353 2275 1683 2346 ποιήσασθαι
1712 2274 1804 2328 λό-

220 2385 365 2444 γων.
399 2369 530 2432 Τοῖς
559 2368 616 2422 δὲ
650 2368 725 2431 ὡς
749 2367 1057 2431 νεανίσκοις
1090 2369 1344 2438 ἰσχυροῖςρ
1363 2362 1504 2433 οὖσι,
1532 2366 1628 2421 καὶ
1669 2366 1804 2436 πρὸς

224 2460 415 2528 πάλην
448 2461 546 2514 καὶ
598 2459 815 2530 ἀγῶνας
868 2458 1201 2529 ἐπιτηδείοις
1254 2457 1667 2525 ὑπαλείφεσθαι.
1710 2450 1805 2519 Οἷς

224 2553 330 2606 καὶ
388 2551 452 2606 τὸ
496 2551 604 2605 ἀπὸ
658 2551 759 2621 τῆς
809 2550 968 2622 νίκης
1027 2549 1269 2619 ἀοίδιμον
1300 2550 1580 2618 προσεῖναι
1608 2546 1805 2615 λέγων,

227 2642 508 2713 γενναίων
563 2640 807 2695 δείκνυσι
863 2641 959 2695 καὶ
1021 2638 1550 2710 οτρατηγικωτέρων
1602 2638 1809 2691 δεῖσθαι

226 2735 434 2802 λόγων.
479 2732 635 2787 Οὕτω
662 2734 779 2793 ταῖς
811 2731 906 2785 τοῦ
938 2730 1249 2801 πνεύματος
1301 2730 1537 2800 ἡλικίαις
1565 2729 1654 2782 τὸν
1685 2730 1809 2783 ἑαυ-

227 2824 328 2883 τοῦ
368 2824 527 2893 λόγον
553 2822 862 2894 διαιτήσας,
916 2822 1027 2876 τῶν
1060 2823 1158 2893 μὲν
1204 2821 1279 2886 ὡς
1330 2820 1471 2877 οὕτω
1502 2819 1813 2891 διατεθησο-

233 2918 423 2987 μένων
451 2916 564 2976 τοῖς
588 2913 778 2968 τούτου
805 2913 1006 2982 λόγοις,
1037 2913 1146 2968 τῶν
1175 2913 1232 2968 δὲ
1256 2913 1329 2976 ὡς
1353 2911 1610 2966 τοιούτων
1641 2910 1811 2965 όντων

228 3006 350 3059 τῶν
406 3007 744 3075 προσιόντων
779 3008 849 3074 τῇ
897 3004 1104 3065 πίστει,
1150 3006 1243 3058 καὶ
1294 3003 1646 3075 καταλλήλως
1679 3020 1812 3056 κατ-

228 3097 500 3169 ηχεῖσθαι
543 3099 612 3168 τῇ
642 3096 854 3150 ἑαυτῶν
886 3096 1131 3168 ποιότητι
1161 3095 1507 3165 ὀφειλόντων,
1557 3095 1811 3164 ἐπιφέρει

1895 653 2071 698 torum
2130 647 2510 702 remissionem
2553 662 2650 718 per
2694 646 2857 702 ﬁdem
2899 647 2952 701 in
3008 646 3306 702 Christum.
3360 646 3464 702 Alii

1893 751 2046 799 vero,
2088 739 2229 793 sicut
2264 739 2356 808 qui
2407 745 2801 809 promoverunt
2850 737 2907 792 in
2952 738 3128 793 virum
3163 736 3465 807 perfectum

1891 829 2069 883 aetatis
2101 829 2454 898 plenitudinis
2491 828 2718 895 Christi,
2766 838 2824 884 ct
2853 829 2958 884 vita
2992 837 3051 883 ut
3085 828 3223 883 alios
3252 841 3467 896 quoque

1892 919 2101 989 possint
2122 917 2335 974 eﬁicere
2356 918 2494 974 ﬁlios
2518 936 2531 973 :
2555 919 2753 989 quibus
2782 920 2945 975 etiam
2974 917 3294 974 testiﬁcatur
3318 919 3463 988 quod

1891 1010 2255 1083 cognitionem
2289 1010 2525 1067 habeant
2564 1012 2708 1067 illius
2749 1013 2843 1082 qui
2872 1013 2941 1068 ab
2994 1012 3152 1066 initio
3184 1020 3288 1066 est.
3329 1009 3465 1077 Quis

1892 1113 1974 1159 est
1988 1112 2167 1158 autem
2191 1102 2238 1157 is
2256 1104 2346 1172 qui
2366 1105 2433 1159 ab
2455 1104 2608 1159 initio
2625 1114 2731 1171 est,
2752 1105 2856 1159 nisi
2879 1103 3019 1159 Deus
3042 1102 3295 1164 Verbum,
3321 1103 3465 1172 quod

1891 1204 2007 1251 erat
2039 1196 2092 1248 in
2126 1195 2395 1265 principio
2424 1196 2566 1265 apud
2601 1195 2808 1250 Deum?
2836 1195 3004 1249 Porro
3029 1195 3119 1249 alii
3146 1194 3297 1264 quasi
3328 1193 3464 1248 ado-

1893 1285 2161 1341 lcscentcs
2190 1293 2337 1349 sunt,
2388 1285 2586 1355 quibus
2614 1271 2868 1354 tanquam
2914 1283 3231 1355 iuveniliter
3271 1298 3336 1338 ac
3373 1296 3463 1336 ro-

1892 1376 2049 1431 buste
2081 1390 2141 1430 se
2187 1354 2501 1445 gerentibus
2533 1374 2793 1429 adversus
2832 1354 3059 1428 allectus
3105 1381 3161 1427 et
3212 1354 3497 1426 aﬁlictio-I

1892 1481 1991 1520 nes
2046 1465 2410 1529 contumeliae,
2472 1471 2762 1519 attestatur
2821 1464 2965 1534 quod
3021 1460 3464 1532 accepturi'sint

1894 1557 2125 1626 palmam
2175 1555 2437 1610 victoriae.
2476 1554 2684 1610 Deinde
2735 1554 2839 1609 alio
2886 1554 3046 1609 modo
3098 1548 3463 1623 aggrediendo

1894 1649 2036 1704 idem
2071 1648 2283 1719 repetit,
2309 1650 2374 1703 ad
2400 1663 2710 1703 mensuram
2740 1646 3039 1717 spiritualis
3062 1644 3330 1713 adaptans
3356 1640 3454 1694 do-

1896 1742 2083 1796 ctrinae
2115 1755 2437 1795 sermonem.
2474 1739 2739 1806 Quoniam
2762 1739 2925 1808 igitur
2950 1737 3102 1801 novi,
3135 1734 3331 1801 inquit,
3361 1747 3460 1787 vos

1898 1829 1967 1884 ita
2003 1837 2322 1899 excepturos
2350 1829 2503 1883 vario
2532 1829 2694 1884 modo
2720 1843 2841 1897 quae
2887 1842 2915 1881 a
2954 1840 3040 1881 me
3084 1824 3287 1894 scripta
3313 1830 3463 1884 sunt.

1898 1934 2123 1976 necesse
2153 1928 2237 1974 est
2263 1928 2319 1974 et
2362 1934 2451 1973 me
2475 1918 2707 1974 dimetiri
2753 1918 3055 1972 doctrinam
3092 1915 3248 1984 juxta
3283 1912 3468 1980 dispo-

1900 2011 2149 2066 sitionem
2188 2018 2385 2064 vestra:
2428 2009 2601 2065 aetatis
2628 2028 2641 2063 :
2673 2017 2730 2064 et
2758 2023 2882 2063 cum
2931 2008 3016 2062 his
3037 2022 3168 2061 sane
3208 2014 3464 2073 tanquam

1900 2116 2022 2156 eum
2051 2100 2232 2171 pueris
2252 2098 2537 2165 disserere,
2565 2100 2653 2170 qui
2678 2101 2897 2155 Patrem
2927 2105 3320 2170 cognoverunt,
3348 2095 3473 2152 dico

1901 2207 2030 2246 sane
2060 2192 2228 2245 Deum
2259 2208 2283 2246 ι
2303 2205 2428 2245 cum
2459 2191 2563 2244 illis
2594 2200 2776 2245 autem
2823 2190 2991 2246 veluti
3038 2204 3162 2244 cum
3202 2186 3471 2257 patribus,

1900 2280 1990 2349 qui
2033 2279 2267 2349 amplius
2314 2278 2519 2349 aliquid
2550 2278 2753 2333 habent
2786 2295 2946 2348 quam
2980 2278 3133 2349 pueri
3170 2278 3225 2331 in
3277 2274 3468 2345 cOgni-

1901 2370 2069 2435 tione,
2104 2369 2249 2440 quod
2279 2385 2390 2425 non
2420 2370 2594 2426 solum
2621 2378 2681 2425 ut
2708 2378 2916 2440 patrem
2948 2367 3323 2439 cognoverint,
3375 2379 3472 2419 ve-

1903 2478 2020 2516 rum
2059 2462 2223 2517 etiam
2249 2471 2507 2532 tanquam
2540 2475 2663 2516 eum
2695 2460 2788 2531 qui
2823 2459 2982 2513 initio
3004 2466 3208 2523 careat,
3236 2464 3289 2512 et
3313 2454 3471 2524 cuius

1904 2554 2121 2609 initium
2143 2569 2308 2610 nemo
2329 2554 2499 2625 possit
2531 2568 2788 2609 enarrare
2820 2571 2833 2608 :
2866 2560 2983 2606 erat
3011 2550 3153 2605 enim
3186 2550 3239 2602 in
3262 2544 3471 2617 princi-

1904 2648 2013 2717 pio.
2049 2646 2142 2702 llis
2180 2663 2311 2703 sane
2350 2663 2566 2718 acquum
2594 2656 2677 2702 est
2708 2656 2764 2703 et
2803 2644 3156 2715 perfectiores
3198 2653 3474 2710 apponere

1905 2752 2186 2793 sermones
2222 2737 2390 2793 :istos
2414 2752 2548 2792 vero
2583 2745 2839 2806 tanquam
2870 2730 3470 2789 rohustosadolescen-

1906 2837 2011 2891 tes,
2050 2838 2104 2882 et
2132 2828 2199 2883 ad
2244 2828 2444 2883 luctam
2470 2842 2533 2883 ac
2563 2827 2865 2883 certamina
2891 2825 3118 2879 idoneos
3150 2822 3413 2889 inungere
3448 2836 3461 2870 :

1906 2920 2105 2989 quibus
2125 2919 2290 2974 etiam
2324 2919 2452 2974 dum
2485 2918 2728 2973 victoriae
2766 2915 3064 2971 claritatem
3097 2911 3231 2966 dicit
3260 2907 3475 2963 contin-

1907 3026 2055 3083 gere,
2080 3010 2318 3067 ostendit
2343 3010 2575 3065 fortibus
2608 3024 2673 3064 ac
2702 3005 3027 3060 militaribus
3057 3016 3192 3073 opus
3213 3015 3335 3054 asse
3360 3013 3479 3053 ser-

1910 3106 2182 3161 monibus.
2210 3104 2286 3158 lta
2310 3103 2602 3174 ergoiuxta
2643 3108 2829 3156 aetates
2869 3097 3092 3168 spiritus
3115 3098 3477 3162 attemperato

230 3190 432 3243 λοιπὸν
464 3187 555 3242 τὸν
579 3187 677 3258 τῆς
704 3186 1096 3258 παρακλήσεως
1127 3188 1304 3255 λόγον,
1342 3188 1434 3241 καί
1468 3202 1620 3257 φησι*
1668 3206 1685 3239 ι
1716 3188 1806 3258 Μὴ

1911 3212 2009 3253 suo
2041 3210 2296 3250 sermone
2338 3212 2353 3252 :
2392 3194 2522 3249 dum
2560 3192 2619 3247 hi
2657 3191 2876 3261 quidem
2915 3188 2988 3244 ita
3027 3184 3371 3240 alﬁcerentur
3410 3179 3478 3234 ad

233 3280 503 3348 ἀγαπᾶτε
558 3278 650 3331 τὸν
709 3278 933 3348 κόσμον.
971 3297 989 3330 ι
1026 3277 1212 3332 Ταῦτα
1255 3277 1330 3342 ὡς
1377 3280 1610 3342 παιδίοις
1640 3279 1808 3346 λέγει.

243 3372 550 3439 Ἐπτόηται
581 3370 691 3441 γὰρ
721 3369 810 3422 ἀεὶ
853 3368 925 3429 τὰ
965 3368 1156 3421 παιδία
1209 3371 1334 3440 περὶ
1384 3369 1444 3422 τὸ
1493 3370 1814 3440 φαινόμενον

232 3463 368 3535 ἡδύ.
400 3458 536 3516 Εἶτα
561 3462 661 3532 τὴν
688 3461 871 3515 αίτίαν
896 3460 1067 3515 εἰπὼν
1089 3460 1181 3515 τοῦ
1213 3461 1346 3516 διότι
1375 3463 1475 3516 οὐκ
1503 3462 1706 3532 ὀφείλει
1732 3479 1813 3525 τις

233 3559 335 3611 τὸν
382 3554 591 3626 κόσμον
622 3553 716 3607 καὶ
742 3556 799 3607 ὲν
826 3552 903 3624 τῷ
935 3553 1127 3624 κόσμῳ
1174 3554 1416 3624 ἀγαπᾷν,
1463 3554 1649 3608 λοιπὸν
1680 3554 1815 3625 πρὸς

232 3648 371 3709 τοὺς
399 3645 647 3716 πατέρας
681 3646 776 3698 καὶ
801 3646 928 3708 τοὺς
968 3646 1284 3709 νεανίσκους
1335 3646 1673 3716 ὲναπερείδει
1716 3647 1815 3716 τὴν

235 3736 619 3791 δ.δασκαλίαν.
681 3737 1027 3807 Τελεωτέρας
1105 3736 1215 3806 γὰρ
1279 3735 1445 3800 ἕξεως
1519 3738 1554 3806 ἠ
1610 3736 1816 3790 τούτων

236 3828 553 3898 ἀντίληψις.
583 3827 691 3880 Kal
726 3827 814 3880 ἵνα
866 3826 941 3896 μὴ
971 3826 1203 3897 νομίσῃς
1235 3827 1440 3898 κόσμον
1473 3828 1533 3881 τὸ
1564 3831 1818 3898 σῦστημα

238 3922 304 3974 τὸ
336 3919 398 3983 ἐξ
424 3917 657 3990 οὐρανοῦ
705 3917 800 3973 καὶ
853 3916 955 3985 γῆς
1002 3918 1290 3989 σημαίνειν
1321 3918 1485 3972 αὐτὸν
1522 3917 1599 3988 τῷ
1650 3919 1815 3988 λόγῳ,

240 4012 448 4079 ἐπάγει
474 4010 561 4072 τίς
597 4013 625 4063 ὁ
655 4010 879 4078 κόσμος,
939 4007 1031 4061 καὶ
1069 4007 1122 4059 τί
1146 4008 1214 4061 τὰ
1257 4011 1315 4061 ὲν
1344 4008 1421 4078 τῷ
1462 4010 1672 4078 κόσμῳ.
1705 4009 1817 4060 Καὶ

242 4105 457 4172 κόσμον
512 4101 611 4171 μὲν
641 4100 732 4154 τὸν
766 4098 1029 4169 συρφετὸν
1056 4098 1213 4167 ὄχλον
1257 4099 1444 4170 φησὶν,
1489 4098 1546 4160 ὃς
1573 4099 1693 4151 οὐδὲ
1720 4098 1818 4167 τὴν

242 4194 347 4249 τοῦ
378 4192 585 4262 πατρδς
627 4191 744 4260 ἔχει
778 4189 1003 4259 ἀγάπην
1037 4190 1095 4240 ὲν
1133 4187 1331 4258 ἑαυτῷ.
1388 4190 1521 4242 Τίνα
1565 4189 1623 4242 δὲ
1655 4189 1723 4242 τὰ
1759 4191 1816 4241 ὲν

244 4283 330 4354 τῷ
356 4283 585 4352 κόσμῳ;
645 4280 715 4334 τὰ
739 4280 877 4334 κατὰ
907 4279 1007 4349 τὴν
1034 4278 1329 4349 ἐπιθυμίαν
1357 4281 1455 4351 τῆς
1494 4279 1695 4349 σαρκὸς
1725 4281 1822 4332 ἐκ·

246 4373 578 4445 τελοῦμινα·
629 4372 667 4427 ἃ
706 4370 795 4431 διὰ
827 4371 936 4425 τῶν
973 4370 1342 4440 αἰσθητηρίων
1387 4369 1484 4440 τὴν
1524 4370 1822 4440 ἐπιθυμίαν

248 4466 523 4523 ἀνακινεῖ.
567 4464 667 4516 Διὰ
718 4461 826 4533 γὰρ
852 4463 963 4516 τῶν
990 4462 1306 4530 ὀφθαλμῶν,
1351 4462 1445 4515 τοῦ
1484 4462 1821 4532 κυριωτάτου

1916 3286 2084 3357 ipsius
2102 3299 2403 3349 sermones,
2436 3284 2525 3338 alii
2544 3298 2672 3338 vero
2691 3281 2826 3336 tales
2853 3277 3179 3334 accederent
3198 3272 3265 3327 ad
3287 3271 3475 3335 ﬁdem,

1914 3390 1973 3435 ut
2017 3378 2182 3434 variis
2215 3377 2390 3432 modis
2428 3375 2624 3432 instrui
2649 3366 2913 3430 deberent
2951 3370 3106 3440 iuxta
3138 3366 3221 3423 sui
3249 3363 3482 3435 qualita-

1916 3481 2047 3536 tem,
2083 3468 2363 3540 subiungit
2399 3475 2588 3539 postea
2631 3456 3027 3521 exhortationis
3063 3469 3394 3519 sermonem,
3425 3461 3484 3507 et

1916 3563 1992 3617 ait
2020 3580 2034 3617 :
2074 3580 2093 3613 ι
2128 3560 2208 3617 Ne
2228 3559 2462 3630 diligatis
2489 3557 2776 3612 mundum.
2814 3575 2832 3607 ι
2870 3555 2996 3609 Haec
3017 3561 3271 3620 tanquam
3294 3543 3482 3616 pueris

1917 3640 2066 3709 dicit.
2097 3651 2326 3722 Semper
2347 3651 2493 3705 enim
2517 3647 2698 3702 aﬁ‘ecti
2729 3653 2855 3701 sunt
2883 3641 3095 3714 pueruli
3121 3638 3189 3694 ad
3212 3649 3483 3707 apparen:

1918 3752 2026 3799 tem
2074 3743 2431 3811 voluptatem.
2484 3739 2688 3794 Deinde
2730 3750 2949 3792 causam
2983 3732 3170 3786 dicens
3221 3743 3319 3784 cur
3367 3739 3481 3779 non

1917 3834 2112 3889 debeat
2140 3832 2261 3901 quis
2300 3828 2564 3884 mundum
2591 3827 2819 3896 diligere
2855 3832 2911 3877 et
2942 3837 3006 3877 ea
3041 3836 3162 3890 qua:
3193 3818 3247 3871 in
3281 3815 3488 3871 mundo

1918 3932 2067 3989 sunt,
2119 3922 2402 3977 conﬁrmat
2450 3918 2708 3986 deinceps
2760 3913 3065 3969 doctrinam
3123 3908 3375 3979 patribus
3419 3918 3485 3959 ac

1917 4012 2353 4070 adolescentibus
2375 4009 2626 4064 traditam
2652 4023 2667 4057 :
2702 4002 3011 4075 perfectiori
3040 4013 3274 4068 namque
3297 3994 3487 4051 habitu

1917 4106 2004 4162 bis
2024 4103 2359 4160 subvenitur.
2394 4100 2461 4156 Et
2489 4113 2560 4152 ne
2588 4096 2869 4152 existimes
2900 4093 3044 4165 quod
3083 4105 3184 4145 suo
3232 4099 3486 4153 sermone

1918 4213 2017 4268 per
2054 4194 2315 4250 mundum
2361 4186 2743 4262 signiﬁcaverit
2775 4191 3120 4256 aggregatum
3151 4196 3218 4234 ex
3244 4177 3382 4233 ctelo
3431 4182 3487 4229 et

1922 4296 2085 4349 terra,
2126 4285 2406 4354 subiungit
2447 4280 2572 4352 quis
2613 4278 2686 4334 sit
2732 4277 2989 4337 mundus,
3027 4281 3083 4328 et
3129 4286 3250 4342 quae
3283 4269 3395 4325 sint
3424 4281 3487 4321 ea

1920 4394 2041 4449 qua:
2074 4378 2128 4431 in
2156 4374 2358 4430 mundo
2386 4382 2532 4429 sunt.
2553 4368 2895 4426 Etmundum
2926 4364 3145 4436 quidem
3166 4360 3300 4416 dicit
3327 4358 3485 4411 vilem

1924 4468 2158 4529 turbam,
2199 4480 2320 4535 qua:
2362 4478 2466 4518 nec
2511 4461 2682 4532 patris
2720 4460 2888 4513 habet
2934 4458 2989 4510 in
3021 4471 3079 4510 se
3122 4450 3492 4508 dilectionem.

249 4556 364 4610 τῶν
395 4553 789 4624 αίσθητηρίων,
826 4555 921 4608 καὶ
954 4555 1024 4607 τὰ
1047 4554 1212 4607 λοιπὰ
1250 4553 1563 4623 περιέλαϐε.
1591 4554 1725 4624 Περὶ
1763 4553 1810 4607 δὲ

1928 4560 2084 4630 571
2108 4558 2365 4624 Quaenam
2392 4566 2573 4610 autem
2608 4561 2738 4608 sunt
2759 4551 2848 4605 illa
2880 4565 3001 4619 quae
3025 4548 3077 4601 in
3106 4541 3311 4599 mundo
3332 4537 3498 4594 sunt?

249 4648 356 4719 τὴν
404 4644 701 4715 ἐπιθυμίαν
754 4645 863 4699 πᾶν
902 4644 1247 4715 ὲνθεωρεῐται
1299 4645 1492 4708 κακὸν,
1563 4649 1820 4717 μοιχεῖαι,

255 4742 440 4804 πότοι,
459 4739 662 4810 ἔρωτες
690 4740 980 4810 ἀπρεπεῖς,
1004 4738 1333 4805 ἀλαζονείαι,
1365 4740 1425 4792 τὸ
1450 4740 1589 4811 ὑπὲρ
1620 4742 1828 4811 πάντας

254 4830 423 4896 εῖναι,
472 4831 882 4901 ὑποϐαλλούσης
926 4831 1024 4900 τῆς
1062 4831 1378 4901 ἐπιθυμίας,
1431 4832 1506 4897 ὡς
1536 4833 1603 4888 ἂν
1656 4835 1828 4901 ἀδεῶς

257 4927 371 4978 πᾶν
401 4923 467 4977 τδ
496 4923 723 4977 ἐπελθὸν
754 4923 1161 4994 κατεργασθείη
1191 4923 1268 4995 τῷ
1294 4925 1512 4989 ἀλαζόνι
1560 4927 1731 4995 φόνοι.
1764 4929 1828 4983 Οῑ

262 5015 364 5084 μὶν
385 5016 476 5068 διὰ
508 5014 849 5079 πλεονεξίαν,
891 5018 941 5069 oi
964 5016 1019 5069 δὲ
1045 5015 1135 5069 διὰ
1161 5015 1223 5069 τδ
1262 5018 1390 5080 τοὺς
1418 5018 1831 5086 ἀντικειμένους

259 5109 548 5176 ἀφανίσαι.
607 5108 781 5168 Δόλοι,
813 5111 909 5161 καὶ
932 5101 1078 5161 οὗτοι
1124 5109 1211 5162 ἵνα
1256 5108 1568 5182 ὑποχείριον
1593 5108 1671 5180 τῷ
1695 5109 1832 5180 δόλῳ

262 5201 583 5269 ποιήσωμεν
613 5199 759 5253 Ξπαν
777 5198 838 5252 τὸ
861 5198 1130 5269 ἐμποδών.
1160 5198 1270 5252 Καὶ
1299 5198 1486 5261 ἁπλῶς
1524 5198 1734 5251 ᾶπαντα
1761 5197 1830 5250 τὰ

262 5291 435 5361 ιχθρὰ
482 5288 628 5357 Θεῷ,
660 5289 728 5342 δι’
774 5287 1072 5360 ἐπιθυμίας
1117 5288 1229 5343 τῶν
1273 5288 1555 5359 σαρκικῶν
1583 5287 1831 5357 πέφυκεν

264 5380 608 5435 ιπιτιλεῖσθα
616 5397 653 5434 ι.

1931 4652 2062 4719 Qua:
2087 4649 2266 4706 carnis
2299 4644 2744 4716 concupiscentia
2790 4640 3173 4712 perﬁciuntur,
3199 4648 3320 4705 qua:
3364 4645 3499 4686 con-

1935 4742 2265 4814 cupiscentia
2292 4755 2389 4811 per
2415 4753 2609 4795 sensus
2645 4737 2870 4806 agitant.
2916 4730 3020 4785 Per
3044 4727 3232 4782 oculos
3262 4737 3500 4792 namque

1925 4835 2017 4907 qui
2048 4832 2390 4904 potissimum
2440 4836 2632 4884 tenent
2679 4825 2862 4879 locum
2892 4821 2944 4876 in
2982 4817 3257 4880 sensibus,
3301 4821 3499 4869 caetera

1926 4940 2143 4999 quoque
2179 4921 2496 4998 complexus
2531 4927 2634 4974 est.
2664 4916 2818 4972 Circa
2851 4907 3347 4980 concupiscentiam
3380 4917 3499 4957 ma-

1926 4995 2235 5073 lumiomne
2273 4995 2541 5075 versatur,
2591 5007 2881 5072 adulteria,
2910 5004 3131 5075 pocula,
3164 5010 3382 5055 amores
3418 4995 3502 5048 in-

1929 5109 2227 5165 decentes:
2260 5101 2606 5173 arrogantiaa,
2639 5098 2775 5153 velle
2808 5103 3033 5150 cunctos
3062 5089 3352 5151 excedere,
3374 5100 3503 5153 sug-

1934 5206 2156 5269 gerente
2200 5190 2642 5262 concupiscentia
2689 5196 2751 5243 ut
2796 5185 3061 5257 quidquid
3112 5182 3379 5242 adoritur,
3430 5175 3500 5269 ab

1937 5263 2223 5360 arrogante
2250 5283 2591 5347 conﬁciatur,
2622 5279 2817 5345 caedes,
2848 5278 2933 5332 hae
2966 5274 3186 5346 quidem
3230 5270 3300 5324 ob
3329 5263 3507 5339 avari-

1940 5357 2092 5441 tiam,
2121 5378 2226 5433 illa:
2258 5391 2389 5432 vero
2410 5374 2477 5429 ad
2504 5371 2843 5444 perdendum
2875 5365 3215 5423 adversarios
3250 5377 3266 5415 :
3293 5357 3423 5420 doli,
3451 5362 3510 5409 et

265 5471 319 5528 bi
350 5481 413 5528 ut
440 5469 705 5543 quidquid
730 5470 1118 5541 impedimento
1145 5478 1231 5525 est
1255 5469 1435 5534 nobis,
1468 5469 1593 5525 dolo
1638 5469 1955 5534 subdamus,
1989 5477 2155 5537 utque
2184 5482 2293 5522 uno
2317 5465 2486 5520 verbo
2549 5461 2752 5527 dicam,
2814 5456 3074 5530 quidquid
3148 5451 3261 5505 Deo
3309 5446 3504 5504 adver-

265 5576 432 5628 satur,
471 5578 572 5634 per
618 5563 914 5619 carnalium
967 5562 1465 5634 concupiscentiam
1517 5571 1704 5618 natum
1749 5570 1834 5617 est
1872 5560 2079 5632 perﬁci.

331 5656 431 5726 Μὴ
460 5655 735 5726 ἀγαπᾶτε
761 5656 871 5710 τὸν
893 5657 1148 5727 κόσμον,
1196 5656 1353 5727 μηδὲ
1397 5658 1470 5711 τὰ
1511 5658 1583 5711 ἐν
1610 5656 1691 5721 τῷ
1736 5657 1840 5710 κό-

2022 5653 2297 5719 ΙΙ,15-17,
2342 5650 2425 5708 Ne
2486 5651 2721 5723 diligatis
2790 5646 3064 5707 mundum,
3118 5656 3280 5710 neque
3308 5655 3370 5694 ea
3392 5652 3511 5709 qua

271 5764 419 5815 σμφ.
464 5746 615 5803 Ἐάν
641 5764 734 5813 τις
750 5746 953 5818 ἀγαπᾷ
1000 5751 1108 5803 τὸν
1141 5750 1395 5819 κόσμον,
1447 5751 1558 5803 οὐκ
1598 5751 1810 5803 Etruri

1946 5753 2005 5807 in
2054 5751 2247 5805 mundo
2267 5758 2412 5804 sunt.
2458 5747 2516 5803 Si
2564 5748 2679 5818 quis
2718 5743 2887 5814 diligit
2937 5739 3210 5800 mundum,
3274 5750 3395 5823 non;
3433 5740 3511 5786 est

270 5841 471 5922 ᾱγάπη
519 5841 629 5897 τοῦ
665 5841 894 5910 Πατρός
941 5842 1011 5895 ἐν
1041 5840 1220 5906 αὐτῷ.
1254 5843 1376 5896 Ὅτι
1403 5841 1533 5897 ’πᾶν
1560 5841 1624 5896 τὸ
1660 5840 1726 5896 ἐν
1763 5843 1810 5895 τι

1950 5844 2179 5898 charitas
2210 5840 2390 5897 Patris
2428 5842 2481 5897 in
2548 5856 2627 5895 eo.
2686 5836 2944 5906 Quoniam
3015 5826 3268 5909 quidquid
3326 5835 3403 5883 est
3456 5826 3511 5879 in
