3986 6580
250 489 363 555 641

1271 488 1654 551 COMMENT.
1689 489 1768 551 IN
1809 488 2046 551 EPIST.
2086 487 2112 547 Ι
2154 486 2494 547 JOANNIS.

3388 481 3501 548 642

249 611 315 664 τὸ
371 607 481 662 ἀπὸ
524 604 619 658 τοῦ
666 605 838 675 μέσου
898 606 1041 670 πᾶν,
1088 603 1316 675 ἔσχατον
1367 606 1623 674 λέγεσθαι
1672 606 1824 659 οὐδὲν

1942 620 2082 659 )Sum
2104 604 2220 659 est?
2243 604 2363 658 dico
2387 617 2519 658 sane
2537 611 2748 669 tempus
2775 614 2804 654 a
2827 597 3043 655 Christo
3060 608 3210 655 nato.
3239 598 3505 660 Praeterea

249 699 511 761 ἀπεικός.
540 696 707 749 Ὥστε
739 698 786 748 εἰ
814 694 955 750 κατὰ
984 695 1044 748 τὸ
1085 696 1251 765 μέσον
1283 697 1380 765 τῆς
1414 695 1712 765 χιλιοετοῦς
1736 696 1827 748 δε-

251 792 422 853 κάδος
458 792 488 844 ὁ
519 788 727 859 Κύριος
757 788 1091 859 παρεγένετο
1138 786 1349 857 (σχεδὸν
1382 788 1490 857 γὰρ
1520 788 1578 840 ἐν
1600 787 1677 855 τῷ
1706 804 1831 842 πεν-

246 878 684 951 τακισχιλιοστῷ
732 879 766 950 ἠ
810 880 869 932 ἐν
912 877 983 946 γῇ
1033 876 1303 948 παρουσία
1346 874 1575 947 αὑτοῦ),
1618 876 1677 929 τὸ
1722 877 1832 929 ἀπὸ

246 970 452 1024 τούτου
502 971 581 1034 ὡς
626 968 735 1023 ἀπὸ
764 968 857 1020 τοῦ
893 969 1058 1037 μέσου
1104 969 1234 1031 πᾶν,
1278 965 1506 1039 ἔσχατον
1552 966 1829 1034 λέγεσθαι,

246 1062 431 1125 οὐδεὶς
464 1062 537 1117 ἂν
564 1060 857 1132 μέμψοιτο.
886 1060 1008 1113 Τῶν
1035 1059 1145 1129 γὰρ
1168 1058 1364 1112 ἐκατὸν
1390 1057 1523 1131 φέρε
1549 1058 1704 1124 ἐτῶν,
1731 1058 1826 1111 καὶ

250 1154 323 1205 τὰ
371 1154 598 1224 πρῶτα,
628 1153 751 1221 ἦτοι
793 1151 863 1205 τὰ
891 1150 1045 1216 δέκα,
1076 1150 1263 1203 καὶτὰ
1301 1149 1497 1213 εἴκοσι,
1543 1147 1638 1203 καὶ
1679 1146 1829 1217 ἐξῆς,

247 1244 494 1314 ἔσχατον
532 1244 599 1297 ἂν
643 1243 860 1315 ῥηθείη.
910 1240 1098 1305 Οὕτως
1128 1241 1222 1297 οὖν
1272 1240 1574 1306 κάνταῦθα,
1621 1243 1742 1295 ἐπεὶ⁸
1770 1244 1833 1294 τὸ

250 1337 428 1405 μέσον
472 1337 585 1391 ἀπὸ
627 1336 727 1406 τῆς
775 1333 869 1388 τοῦ
919 1335 1128 1406 Κυρίου
1185 1334 1450 1398 ἐλεύσεως
1479 1337 1513 1406 ἡ
1564 1333 1831 1405 χιλιοετὴς

248 1426 505 1499 ὑπερέϐη
565 1428 786 1497 σωρεία,
843 1425 1024 1491 καλῶς
1075 1426 1141 1479 ἂν
1185 1426 1331 1480 ἅπαν
1377 1425 1440 1479 τὸ
1486 1426 1594 1480 ἀπὸ
1637 1426 1830 1481 τούτου

246 1514 491 1586 ἔσχατον
520 1516 756 1585 λέγοιτο.
788 1514 959 1571 Τοῦτο
989 1514 1088 1585 μὲν
1108 1514 1204 1569 οὖν
1247 1515 1307 1569 τὺ
1336 1514 1698 1583 ἀληθέστατον
1737 1514 1832 1567 καὶ

249 1608 398 1661 κατὰ
423 1608 521 1662 τὸν
545 1607 782 1679 χρυσοῦν
806 1605 1086 1676 Ἰωάννην.
1109 1608 1265 1660 Ἐστι
1298 1606 1353 1659 δὲ
1383 1606 1445 1660 τὸ
1480 1606 1707 1677 ἔσχατον
1738 1608 1832 1659 καὶ

246 1697 398 1749 κατὰ.
437 1698 504 1750 τὸ
544 1697 815 1768 χείριστον
863 1697 1137 1751 ἐκλαϐεῖν.
1190 1696 1278 1760 Ὠς
1308 1696 1437 1750 ὅταν
1493 1694 1696 1766 φαμὲν,
1738 1695 1832 1759 Εἰς

245 1788 490 1860 ἔσχατον
522 1793 760 1861 ἀφῖγμαι
804 1789 997 1844 κακοῦ.
1028 1790 1183 1844 Ἐπεὶ
1231 1785 1325 1843 οὖν
1363 1792 1392 1844 ὁ
1447 1790 1646 1860 κόσμος
1680 1807 1831 1859 τηνι-

247 1881 437 1934 καῦτα
483 1882 581 1935 ἐπὶ
620 1882 873 1953 μεγάλων
916 1882 1139 1935 ἐσάλευε
1174 1882 1381 1944 κακῶν,
1424 1880 1518 1934 τοῦ
1580 1879 1827 1933 διαϐόλου

245 1974 429 2028 ταῦτα
459 1974 601 2046 μετὰ
630 1975 728 2046 τὴν
749 1974 841 2028 τοῦ
870 1974 1079 2044 ἀγαθοῦ
1111 1973 1417 2045 παρουσίαν
1446 1988 1829 2041 πραγματευο-

248 2067 449 2136 μένου,
486 2070 606 2138 ῆτοι
642 2068 836 2139 πείρας
889 2068 1078 2121 ἕνεκεν
1104 2066 1212 2119 τῶν
1241 2065 1483 2134 ἀγαθῶν,
1516 2065 1550 2135 ἢ
1579 2065 1673 2117 καὶ
1700 2080 1833 2131 συγ-

246 2157 470 2227 χύσεως
496 2158 608 2212 τῶν
632 2159 1036 2229 χρηστοτέρων,
1055 2157 1131 2221 ὠς
1161 2156 1229 2210 ἂν
1263 2155 1339 2226 μὴ
1368 2154 1481 2225 ἐχοι
1512 2170 1596 2215 τις
1629 2152 1836 2224 διακρί-

245 2268 363 2303 νειν
391 2251 451 2304 τί
482 2251 546 2305 τί)
576 2252 741 2307 καλόν
772 2269 830 2305 τε
864 2253 958 2306 καὶ
984 2251 1045 2305 οὐ
1076 2249 1265 2312 καλὸν,
1288 2249 1379 2301 διὰ
1408 2246 1567 2299 τοῦτο
1596 2245 1834 2316 ἐσχάτην

247 2342 489 2411 εἴρηκεν
522 2342 674 2414 ὤραν
703 2343 796 2396 τὸν
821 2344 1012 2415 χρόνον
1036 2343 1267 2406 ἐκεῖνον,
1291 2342 1366 2403 ὡς
1396 2338 1491 2392 τοῦ
1517 2338 1748 2408 ἐσχάτου
1774 2336 1835 2390 τὸ

247 2436 539 2506 χείριστον
587 2422 1004 2506 εἰσηγουμένου,
1048 2433 1127 2496 ὡς
1158 2432 1226 2486 ἂν
1264 2428 1463 2501 τρυγὸς
1510 2429 1545 2501 ἢ
1597 2428 1834 2481 ὑποστά-

247 2523 398 2592 θμης
434 2526 726 2595 ἐπέχοντος
748 2525 927 2594 λόγον.
957 2520 1253 2578 Πιστοῦται
1278 2521 1335 2574 δὲ
1367 2521 1428 2573 τὸ
1455 2519 1556 2588 τῆς
1594 2516 1833 2588 ἐσχάτης

246 2612 407 2685 ῶρας
425 2655 445 2683 ,
474 2616 597 2687 ἦτοι
618 2615 719 2686 τῆς
746 2614 1047 2687 χειρίστης,
1076 2614 1109 2684 ἢ
1142 2614 1240 2667 καὶ
1280 2611 1378 2681 τῆς
1405 2609 1499 2664 τοῦ
1530 2608 1724 2680 χρόνου
1747 2609 1835 2661 ού-

249 2708 399 2773 σίας,
429 2709 544 2762 ἀπὸ
563 2707 659 2763 τοῦ
694 2707 1088 2781 ’Δντιχρίστου.
1108 2708 1169 2761 Ei
1198 2705 1330 2776 γὰρ,
1354 2704 1510 2774 φησὶ,
1531 2703 1622 2756 τὸν
1663 2700 1835 2755 Ἀντί-

248 2819 484 2871 χριστον
536 2805 594 2857 ἐν
630 2803 883 2874 ἐσχάτοις
938 2803 1153 2870 καιροῖς
1196 2796 1607 2870 προσδοκῶμεν,
1640 2792 1736 2847 νῦν
1773 2793 1832 2846 δέ

248 2895 593 2966 ἀντίχριστοι
639 2896 826 2949 πολλοὶ⁹
864 2894 1208 2948 ἐπεπόλασαν
1264 2890 1344 2961 τῷ
1405 2888 1505 2960 βίῳ
1565 2886 1737 2960 (λέγει
1777 2885 1836 2939 δὲ

248 2985 536 3056 Κήρινθον
569 2986 662 3040 καὶ
686 2988 812 3049 τοὺς
841 2986 1066 3055 ὁμοίους
1097 2983 1336 3053 ἐκείνῳ),
1362 2982 1585 3052 εὔδηλον
1614 2981 1696 3034 ὅτι
1741 2980 1835 3033 καὶ

247 3076 278 3127 δ
301 3077 505 3147 καιρὸς
542 3077 641 3147 τῆς
666 3077 979 3140 συντελείας
1007 3076 1305 3145 ἐφέστηκε,
1334 3070 1835 3146 προοδοποιούντων

248 3167 363 3220 τῶν
415 3167 633 3222 πολλῶν
690 3168 1047 3240 ἀντιχρίστων
1095 3166 1174 3236 τῷ
1215 3166 1315 3220 ἐνί.
1366 3161 1497 3221 Εἶτα
1558 3163 1717 3218 τοῦτο
1761 3168 1837 3219 εἰ-

252 3258 373 3314 πὼν
398 3262 654 3332 ἐπιφέρει
678 3262 771 3317 καὶ
811 3260 919 3316 άπδ
967 3259 1128 3315 τίνων
1178 3261 1227 3315 οί
1255 3259 1611 3331 ἀντίχριστοι,
1662 3257 1744 3312 ὅτι
1776 3257 1837 3323 ἐξ

252 3350 443 3421 ἡμῶν.

1933 697 1976 751 si
2011 697 2275 766 cujusque
2299 696 2376 749 rei
2414 696 2470 748 in
2506 693 2607 747 tria
2647 692 2857 757 divisae,
2884 707 3082 761 nempe
3106 693 3365 761 primum,
3386 710 3505 751 me-

1932 787 2082 841 dium
2106 802 2169 840 ac
2193 786 2571 849 novissimum,
2592 785 2780 854 utique
2828 784 3093 854 quidquid
3149 800 3178 838 a
3211 786 3389 840 medio
3419 802 3505 843 se-

1931 878 2138 947 quitur,
2168 878 2272 933 diei
2304 877 2662 932 novissimum
2685 876 2867 930 nullus
2920 876 3216 930 absurdqu
3277 876 3499 932 indicat.

1931 966 2094 1023 Certe
2123 969 2166 1022 si
2191 970 2345 1037 juxta
2380 968 2619 1023 medium
2654 966 2836 1022 decies
2869 967 3015 1021 mille
3074 983 3342 1023 annorum
3395 968 3505 1025 Do-

1934 1061 2117 1115 minus
2169 1060 2392 1115 advenit
2449 1059 2746 1130 (siquidem
2777 1060 2895 1129 ejus
2945 1060 3003 1115 in
3049 1068 3191 1114 terra
3239 1061 3506 1117 adventus

1932 1150 2107 1223 ferme
2134 1167 2279 1205 anno
2307 1150 2594 1220 quinquies
2624 1152 2910 1207 millesimo
2941 1150 3357 1222 fuit),quidquid
3378 1151 3508 1208 hinc

1936 1244 2202 1310 succedit,
2242 1253 2498 1314 tanquam
2561 1242 2613 1297 id
2648 1244 2790 1312 quod
2842 1244 3081 1299 medium
3135 1244 3399 1313 sequitur,
3460 1242 3507 1298 si

1933 1346 2235 1403 extremum
2265 1350 2329 1390 ac
2373 1335 2729 1392 novissimum
2780 1335 3013 1400 dicatur,
3068 1334 3253 1390 nullus
3309 1333 3506 1390 merito

1932 1426 2527 1498 possitreprehendere
2563 1445 2577 1480 :
2609 1443 2674 1482 ex
2706 1436 2924 1482 centum
2950 1427 3099 1481 enim
3155 1428 3305 1481 verbi
3341 1441 3506 1482 causa

1930 1519 2093 1574 annis
2119 1519 2283 1575 etiam
2323 1520 2509 1590 primi,
2546 1521 2733 1575 decem
2764 1519 3016 1575 videlicet
3046 1527 3140 1574 aut
3204 1520 3395 1590 viginti
3447 1526 3508 1573 et

1932 1611 2011 1666 sie
2032 1612 2098 1665 de
2128 1611 2500 1680 sequentibus,
2540 1611 2824 1666 novissimi
2871 1611 3205 1665 dicerentur.
3259 1609 3340 1663 Ita
3378 1623 3508 1679 ergo

1932 1713 1988 1758 et
2018 1703 2130 1767 hic,
2176 1704 2433 1772 quoniam
2455 1712 2697 1771 tempore
2727 1704 2999 1757 adventus
3068 1700 3278 1757 Domini
3330 1701 3506 1756 media

1933 1794 2367 1850 millenariorum
2398 1809 2667 1848 annorum
2693 1793 2976 1864 congeries
3024 1794 3332 1857 transierat,
3350 1792 3507 1862 quid-

1933 1885 2063 1954 quid
2099 1885 2169 1938 ab
2195 1885 2302 1939 hoc
2341 1884 2614 1954 sequitur,
2669 1893 2817 1938 recte
2847 1884 3204 1938 novissimum
3260 1883 3375 1936 sive
3410 1897 3510 1936 ex-

1939 1987 2172 2031 tremum
2203 1975 2311 2030 dici
2365 1984 2565 2045 potest.
2614 1973 2729 2029 Hoc
2793 1974 2976 2043 itaque
3023 1975 3365 2029 verissimum
3422 1981 3510 2030 est

1936 2069 2097 2122 etiam
2128 2068 2429 2123 secundum
2488 2066 2755 2122 Joannem
2814 2067 3281 2137 Chrysostomum.
3321 2067 3509 2123 Potest

1933 2175 2152 2231 quoque
2189 2160 2548 2215 novissimum
2580 2160 2698 2215 sive
2728 2168 3033 2215 extremum
3066 2159 3296 2231 intelligi
3334 2160 3507 2229 pessi-

1932 2264 2106 2313 mum,
2154 2249 2297 2304 sicut
2320 2264 2445 2304 eum
2477 2248 2751 2305 dicimus:
2789 2249 2869 2304 Ad
2907 2259 3211 2306 extremum
3240 2251 3364 2306 mali
3387 2266 3509 2320 per-

1935 2340 2101 2396 venit.
2119 2340 2387 2406 Quoniam
2415 2356 2544 2413 ergo
2571 2343 2955 2398 mundustune
2977 2342 3509 2414 magnisagitabatur

1935 2429 2111 2494 malis,
2159 2429 2379 2485 diabolo
2445 2431 2548 2487 ista
2598 2431 2943 2487 machinante
3016 2440 3143 2501 post
3211 2432 3508 2486 adventum

1935 2521 2084 2576 illius
2106 2522 2382 2589 salutaris,
2419 2522 2535 2578 sive
2585 2522 2652 2577 ad
2672 2522 3027 2578 tentationem
3048 2523 3315 2578 bonorum
3337 2563 3354 2588 ,
3383 2521 3502 2577 sive

1935 2614 2004 2670 ad
2038 2614 2419 2670 confusionem
2451 2631 2642 2671 eorum
2675 2630 2797 2685 qua:
2819 2614 3044 2670 meliora
3075 2622 3224 2678 sunt,
3251 2630 3318 2670 ne
3331 2622 3513 2684 posset

1934 2707 2059 2778 quis
2079 2706 2393 2763 discernere
2425 2707 2554 2777 quid
2585 2715 2732 2762 esset
2758 2706 2961 2760 bonum
3004 2714 3060 2761 et
3106 2706 3238 2775 quid
3272 2706 3379 2760 noii
3410 2706 3511 2760 bo-

1936 2814 2104 2854 num:
2140 2808 2431 2869 propterea
2462 2807 2674 2868 tempus
2699 2797 2832 2853 illud
2861 2797 2998 2852 dixit
3022 2796 3373 2852 novissimam
3403 2797 3509 2851 ho-

1938 2905 2080 2956 ram,
2109 2898 2370 2961 quantam
2403 2900 2652 2945 extremo
2685 2889 2994 2944 adducente
3047 2888 3103 2943 id
3156 2889 3300 2958 quod
3334 2887 3515 2958 pessio

1935 2997 2087 3036 mum
2119 2991 2222 3043 est.
2256 2998 2379 3037 cum
2413 2980 2548 3036 feeis
2577 2995 2643 3036 sc
2670 2980 3130 3035 crassissimarum
3156 2980 3512 3047 reliquiarum

1938 3073 2135 3127 habeat
2174 3072 2462 3139 rationem.
2507 3070 2806 3126 Confirmat
2830 3080 3013 3126 autem
3045 3081 3348 3125 extremam
3387 3083 3511 3125 esse

1940 3164 2157 3227 horam,
2188 3162 2302 3218 sive
2339 3162 2653 3232 pessimam,
2691 3163 2854 3216 etiam
2884 3161 3038 3231 juxta
3082 3159 3346 3229 temporis
3379 3158 3515 3213 sub-

1940 3254 2195 3310 stantiam
2243 3254 2311 3309 ab
2366 3252 2725 3308 Antichristo.
2787 3253 2925 3307 Nam
2984 3253 3030 3308 si
3090 3252 3513 3313 Antichristum,

1862 3335 1905 3395 C
1938 3346 2136 3417 inquit,
2172 3347 2225 3401 in
2263 3346 2574 3403 novissimis
2593 3347 2928 3418 temporibus
2946 3354 3342 3415 exspectamus,
3368 3356 3516 3397 nunc

250 3453 443 3499 autem
467 3443 777 3501 antichristi
807 3444 964 3500 multi
1003 3453 1295 3499 versantur
1325 3442 1380 3498 in
1409 3441 1513 3497 hac
1541 3440 1649 3497 vita
1667 3440 1825 3513 (dicit
1863 3450 2045 3496 autem
2113 3439 2432 3495 Cerinthum
2483 3440 2669 3511 illique
2719 3439 2967 3506 similes),
3020 3438 3369 3493 manifestum
3428 3442 3517 3492 est

252 3540 406 3610 quod
450 3550 667 3613 tempus
691 3538 1179 3597 consummationis
1201 3537 1503 3604 immineat,
1529 3536 1659 3591 dum
1695 3536 1851 3591 multi
1892 3534 2204 3590 antichristi
2271 3551 2443 3590 unum
2504 3534 2841 3605 praecedunt,
2893 3534 3108 3605 iterque
3154 3533 3231 3588 illi
3294 3544 3516 3603 parant.

256 3636 472 3692 De'nde
502 3635 608 3691 hoc
634 3636 781 3691 dicto
818 3634 1098 3705 subjungit
1139 3631 1286 3688 unde
1345 3630 1456 3685 sint
1499 3628 1835 3692 antichristi,
1879 3643 2078 3699 nempe
2106 3628 2251 3698 quod
2273 3643 2337 3682 ex
2359 3627 2540 3693 nobis,
2566 3637 2678 3683 etc.

336 3729 448 3793 Ἐξ
498 3727 667 3798 ἡμῶν
708 3726 988 3796 ἐξῆλθον,
1035 3725 1173 3781 ἀλλ’
1203 3725 1315 3779 οὐκ
1354 3718 1517 3793 ἦσαν
1544 3721 1613 3788 ἐξ
1646 3720 1837 3791 ἡμῶν.

258 3819 329 3873 Et
361 3818 478 3888 τὰρ
524 3810 713 3889 ἦσαν’
740 3818 810 3883 ἐξ
862 3815 1054 3887 ἡμῶν,
1096 3814 1540 3886 μεμενήκεισαν
1595 3812 1673 3870 ἂν
1712 3812 1840 3883 μεθ’

256 3908 454 3980 ἡμῶν.
498 3908 660 3964 Ἀλλ’
681 3908 782 3963 ἵνα
800 3906 1244 3977 φανερωθῶσιν,
1273 3905 1364 3958 ὅτι
1401 3903 1514 3958 οὐκ
1544 3902 1666 3958 aiat
1692 3902 1842 3956 πάν-

255 4018 355 4068 τες
389 4000 462 4066 ἐξ
508 3999 696 4070 ἡμῶν,
752 4000 852 4054 καί
904 3998 1075 4069 ὑμεῖς
1118 3999 1346 4067 χρίσμα
1374 3995 1543 4064 ἔχετε
1580 3994 1700 4048 ἀπὸ
1731 3993 1840 4046 τοῦ

255 4094 453 4164 ἁγίου,
492 4094 591 4146 καί
624 4091 824 4147 cloare
870 4091 1088 4157 πάντα,
1116 4091 1230 4144 οὐκ
1268 4088 1503 4157 ἔγραψα
1555 4083 1698 4153 ὑμῖν
1749 4082 1839 4135 ὅτι

256 4189 370 4241 οὐκ
409 4184 616 4240 cloare
647 4185 763 4255 τὴν
810 4182 1123 4250 ἀλήθειαν,
1171 4179 1310 4235 ἀλλ’
1364 4178 1454 4231 ὅτι
1487 4174 1688 4229 οἴδατε
1730 4175 1841 4227 αὺ-

258 4278 396 4345 εήν,
444 4276 551 4332 καί
602 4276 693 4332 ὅτι
739 4274 863 4332 πᾶν
901 4273 1129 4344 ψεῦδος
1147 4272 1219 4326 ἐκ
1258 4268 1369 4339 τῆς
1397 4268 1687 4335 ἀληθείας
1727 4266 1841 4319 οὐκ

258 4372 416 4426 ἔστι.

333 4460 475 4527 «Ἐξ
530 4460 691 4533 ἡμῶν
754 4457 1030 4527 ἐξῆλθον.»
1101 4452 1388 4524 Ἐπιφέρει
1435 4450 1493 4505 δέ
1537 4447 1837 4513 καὶτοῦτο,

264 4551 432 4621 μηδὲν
462 4552 546 4616 είς
576 4552 876 4623 σαφήνειαν
900 4548 995 4603 τοῦ
1023 4547 1186 4613 λόγου
1211 4542 1644 4613 διοικησάμενος.
1683 4539 1841 4607 Λέγω

2009 3722 2076 3787 ll,
2110 3722 2300 3778 l9-2l.
2336 3724 2422 3776 Ea:
2450 3721 2595 3775 nobis
2624 3720 2816 3791 egressi
2854 3729 2996 3785 sunt,
3029 3720 3122 3775 sed
3145 3735 3249 3773 non
3267 3727 3506 3774 erantex

1937 3811 2118 3865 nobis:
2158 3827 2284 3863 nam
2315 3811 2361 3863 si
2381 3809 2681 3879 fuissentea:
2698 3808 2868 3871 nobis,
2902 3807 3312 3875 permansissent
3334 3806 3515 3875 utique

1934 3902 2224 3967 nobiscum,
2254 3901 2344 3954 sed
2367 3909 2422 3953 ut
2455 3899 2723 3967 manifesti
2750 3898 2933 3965 ﬁerent
2959 3897 3098 3962 quod
3125 3913 3228 3950 non
3259 3898 3364 3949 sint
3389 3913 3507 3950 om-

1936 4011 2025 4050 nes
2069 4010 2133 4049 ea:
2167 3993 2332 4046 nobis.
2385 3990 2490 4047 Sed
2537 4007 2625 4046 vos
2676 3992 2972 4043 unctionem
3011 3989 3213 4042 habetis
3248 4006 3283 4042 a
3327 3998 3511 4043 sancto

1934 4081 2047 4146 illo,
2081 4092 2129 4134 et
2156 4081 2319 4135 nostis
2340 4081 2540 4134 omnia.
2580 4080 2702 4132 Non
2729 4076 2916 4144 scripsi
2931 4066 3084 4130 ‘vobis
3115 4078 3255 4144 quod
3292 4078 3511 4131 nescire-

1939 4172 2005 4226 tis
2035 4172 2331 4236 veritatem,
2382 4170 2473 4223 sed
2497 4170 2637 4239 quod
2673 4169 2878 4224 sciretis
2898 4166 3071 4233 illam,
3100 4167 3336 4237 quodque
3351 4183 3507 4222 omne

1940 4262 2272 4317 mendacium
2300 4277 2365 4316 ea:
2391 4260 2612 4316 veritate
2651 4276 2753 4314 non
2770 4266 2865 4315 est.

2011 4436 2175 4510 574
2208 4456 2228 4490 ι
2263 4438 2342 4494 Ex
2367 4438 2527 4495 nobis
2558 4438 2762 4512 egressi
2791 4448 2938 4495 sunt.
2970 4457 2988 4491 ι
3019 4438 3521 4511 Subjungitautem

1946 4539 2004 4585 et
2042 4531 2170 4594 hoc,
2201 4546 2326 4586 cum
2352 4531 2492 4586 nihil
2527 4531 2861 4601 disposuerit
2904 4538 2998 4586 aut
3055 4532 3418 4602 prmposuerit
3451 4533 3519 4589 ad

261 4642 317 4696 δέ
372 4642 569 4714 ῶσπερ
619 4644 973 4715 ἐρωτήσαντα
1025 4639 1234 4702 ἐαυτὸν,
1295 4638 1401 4700 ὅτι,
1456 4635 1567 4689 Καὶ
1595 4631 1758 4687 πόθεν
1786 4630 1837 4683 οί

1942 4624 2381 4694 explanationem
2404 4625 2677 4681 sermonis
2706 4641 2722 4678 :
2743 4624 2864 4679 dico
2884 4634 3069 4680 autem
3093 4624 3247 4694 quasi
3270 4625 3513 4693 seipsum

261 4735 600 4805 ἀντίχριστοι
626 4726 775 4788 οὗτοι
796 4751 812 4799 ;
836 4728 956 4786 εἶτα
978 4732 1098 4785 τότε
1130 4727 1447 4794 ἐπενεγκεῖν
1473 4723 1552 4788 τὸ,
1571 4722 1663 4789 Ἐξ
1684 4718 1843 4792 ἡμῶν

264 4827 513 4899 ἐξῆλθον.
564 4825 750 4888 Οὕτως
774 4825 895 4880 δέον
916 4823 1161 4891 ποιῆσαι,
1188 4820 1250 4873 οὐ
1286 4817 1444 4872 τοῦτο
1469 4816 1631 4879 ποιεί,
1706 4811 1846 4866 ἀλλὰ

269 4917 698 4988 συγκεχυμένως
722 4916 920 4979 οὕτως,
961 4916 1093 4977 ἴσως
1124 4914 1190 4982 τῇ
1223 4908 1487 4979 συγχύσει
1519 4904 1615 4960 τοῦ
1658 4903 1843 4971 λόγου,

264 5012 326 5066 τδ
351 5012 487 5083 περὶ
511 5012 709 5075 αὐτοὺς
752 5011 917 5082 ἀηδὲς
946 5005 1377 5076 ἐνδεικνύμενος.
1448 5000 1612 5056 uim
1655 4998 1746 5054 διὰ
1793 4999 1845 5051 τί

267 5102 373 5156 ἀπὸ
408 5099 523 5155 τῶν
558 5100 652 5154 τοῦ
683 5099 888 5171 Κυρίου
939 5095 1197 5168 μαθητῶν
1236 5095 1286 5147 οἱ
1335 5092 1705 5161 ἁντίχριστοι;
1750 5085 1847 5142 Ἰν*

267 5191 444 5263 ιχοιεν
484 5193 547 5245 τδ
594 5192 786 5245 πιστὸν
823 5192 936 5253 τοῖς
987 5185 1363 5255 πλανωμένοις
1425 5181 1677 5251 κομίζειν
1699 5217 1717 5243 ,
1769 5178 1848 5242 ὡς

268 5284 377 5337 ἀπὺ
398 5282 511 5337 τῶν
554 5281 810 5354 μαθητῶν
835 5280 1010 5345 ὄντες,
1042 5278 1138 5332 καὶ
1167 5278 1309 5331 κατὰ
1340 5274 1439 5345 τὴν
1467 5272 1560 5327 τοῦ
1591 5269 1847 5325 διδασκά-

268 5376 362 5429 λου
401 5375 629 5445 γνώμην
667 5373 946 5435 ποιοῦντες
989 5371 1086 5426 τοῦ
1132 5368 1491 5440 κηρύγματος
1530 5364 1624 5417 τὸν
1669 5361 1850 5431 λόγον,

272 5467 388 5520 ἀλλ’
416 5466 481 5520 οὐ
512 5467 691 5535 πάντη
739 5462 1075 5525 ἀπεναντίας
1116 5460 1407 5531 φερόμενοι
1434 5453 1530 5509 τοῦ
1559 5453 1823 5525 κηρύγμα

269 5574 381 5620 τος.
404 5557 506 5611 Διὰ
532 5556 690 5611 τοῦτο
717 5554 811 5610 οὖν
831 5554 941 5610 ἀπὸ
964 5552 1185 5608 τούτων.
1211 5569 1230 5602 ι
1253 5548 1344 5615 Ἐξ
1377 5549 1410 5617 ἡ
1420 5545 1536 5616 μῶν
1557 5544 1639 5608 δέ,
1660 5545 1847 5614 φησὶν,

273 5649 548 5720 ἐξῆλθονά
594 5647 889 5717 Γιγονότες
928 5645 1038 5714 γὰρ
1085 5641 1352 5713 μαθηταὶ,
1400 5640 1717 5707 ἀπέστησαν
1752 5635 1853 5703 τῆς

276 5741 559 5812 ἀληθείας,
616 5740 713 5794 καὶ
753 5739 891 5800 ίδίας
932 5735 1282 5807 βλασφημίας
1329 5730 1567 5799 ἐξεῦρον.
1600 5728 1853 5797 Προσυπ-

277 5832 568 5885 ακουστέον
592 5831 648 5884 δέ
676 5830 760 5894 τὸ,
788 5830 902 5884 Καὶ
928 5827 1093 5882 πόθεν
1118 5818 1268 5880 οὗτοι
1298 5824 1347 5880 oi
1384 5822 1745 5891 ἀντίχριστοι;
1769 5816 1854 5868 ἵνα

284 5925 612 5994 σαφέστερον
666 5924 694 5975 ὁ
747 5921 903 5990 λόγος
968 5921 1213 5990 γένηται.
1275 5935 1294 5969 ι
1331 5915 1406 5969 Οὐ
1450 5913 1561 5985 γὰρ
1608 5905 1747 5981 ἦσαν
1794 5906 1854 5972 ἐξ

1946 4717 2342 4789 interregasset
2370 4734 2385 4772 :
2418 4716 2486 4772 Et
2514 4716 2658 4773 unde
2682 4724 2818 4771 sunt
2847 4715 2903 4770 hi
2927 4714 3276 4770 antichristi?
3322 4712 3526 4771 deinde

1946 4820 2078 4866 tunc
2108 4808 2504 4880 subjunxisset,
2537 4808 2614 4863 Ex
2639 4808 2801 4862 nobis
2825 4806 3036 4877 egressi
3090 4814 3238 4860 sunt.
3272 4805 3410 4862 Cum
3443 4807 3518 4862 ita

1948 4899 2130 4955 facere
2163 4898 2523 4968 oportuisset,
2557 4911 2668 4951 non
2701 4894 2806 4950 hoc
2843 4894 2995 4957 facit,
3015 4893 3111 4948 sed
3142 4894 3388 4959 confuse,
3411 4894 3520 4949 hoc

1950 4990 2113 5046 modo
2136 4988 2388 5045 fortassis
2429 4985 2755 5043 confusione
2780 4983 3053 5040 sermonis
3078 4984 3378 5039 ostendens
3406 5000 3524 5040 mo-

1948 5081 2162 5138 lestiam
2194 5095 2359 5150 quam
2396 5077 2544 5134 circa
2610 5077 2730 5130 illos
2765 5074 3018 5130 habebat.
3081 5072 3191 5129 Sed
3245 5089 3414 5144 quare
3461 5091 3524 5130 ex

1952 5170 2169 5227 Domini
2198 5168 2479 5240 discipulis
2507 5166 2708 5239 egressi
2742 5166 3000 5221 dicuntur
3049 5163 3361 5220 antichristi
3391 5166 3415 5219 ἲ
3455 5165 3525 5221 Ut

1950 5274 2176 5336 possent
2203 5263 2348 5334 apud
2380 5277 2475 5318 eos
2505 5261 2598 5332 qui
2639 5260 3035 5314 seducerentur
3091 5256 3198 5313 fide
3232 5256 3378 5327 digni
3426 5257 3527 5311 hs-

1951 5356 2069 5413 beri
2103 5355 2258 5426 quasi
2287 5361 2473 5410 essent
2500 5366 2567 5408 ex
2597 5348 2902 5420 discipulis,
2937 5355 2994 5403 et
3015 5345 3169 5416 juxta
3197 5344 3436 5416 magistri
3463 5358 3527 5397 ac

1952 5444 2313 5517 praeceptoris
2398 5440 2731 5500 sententiam
2803 5437 3050 5495 facerent
3118 5435 3527 5507 praedicationis

1953 5551 2266 5593 sermonem
2327 5553 2342 5591 :
2400 5549 2504 5590 nec
2569 5533 2793 5603 penitus
2855 5529 3185 5586 contrariam
3248 5526 3530 5583 habebant

1954 5627 2397 5701 praedicationem
2424 5636 2759 5697 :«propterea
2802 5637 2933 5695 ergo
2963 5622 3032 5677 ab
3079 5619 3186 5674 his.
3248 5638 3268 5672 ι
3314 5616 3393 5671 Ex
3444 5616 3529 5671 his

1955 5719 2160 5792 egressi
2190 5727 2340 5774 sunt.
2382 5735 2402 5770 ι
2445 5716 2581 5773 Cum
2630 5715 2779 5771 enim
2832 5711 2963 5767 facti
3024 5717 3212 5765 essent
3251 5708 3527 5779 discipuli,

1958 5812 2334 5873 discesserunt
2360 5823 2393 5863 a
2429 5805 2663 5863 veritate
2690 5817 2755 5858 ac
2785 5816 2939 5859 suam
2973 5799 3375 5855 adinveneront
3414 5798 3531 5852 bla-

1961 5902 2293 5973 sphemiam.
2320 5894 2765 5955 Subaudiendum
2795 5898 2878 5948 est
2908 5896 3115 5947 autem.
3143 5886 3215 5946 Et
3248 5887 3391 5947 unde
3406 5900 3536 5960 pro.
