3832 6600
450 418 560 480 M3

1538 413 1938 481 (ECUMENII
1967 416 2262 480 TRICC/E
2296 414 2637 479 EPISCOPI

3587 411 3691 476 ΒΗ

451 530 672 583 dierunt
700 525 758 582 hi
785 525 1115 596 antichristi,
1158 536 1220 582 ut
1260 542 1447 584 sermo
1464 526 1558 582 ﬁat
1576 529 1840 599 apertior.
1876 549 1895 581 ι
1917 527 2023 583 Sed

2146 529 2337 599 Ιςμῶν.»
2383 529 2664 591 Τουτέστι,
2710 526 2809 597 τῆς
2858 524 2968 578 τῶν
3024 523 3350 593 σωζομένων
3384 520 3604 595 μοίρας.
3651 524 3704 578 Εἰ

452 635 563 675 non
595 627 758 676 erant
782 634 853 675 ex
882 619 1062 676 nobis.
1102 639 1122 673 ι
1150 620 1266 675 Hoc
1285 629 1392 685 est,
1432 620 1501 676 de
1523 630 1671 677 sorte
1720 635 1907 677 eorum
1934 622 2027 690 qui

450 709 586 767 salvi
616 709 754 765 ﬁunt
783 725 799 764 :
832 724 959 765 nam
1002 709 1048 765 si
1076 710 1203 765 inde
1235 710 1490 769 fuissent.
1524 727 1650 766 cum
1685 711 1799 767 suis
1826 712 2023 782 utique

451 800 909 872 permansissent.
956 800 1113 856 Nunc
1145 810 1327 858 autem
1383 803 1489 858 hoc
1553 802 1659 858 illis
1696 803 1923 874 contigit
1970 809 2031 857 ut

454 892 729 949 manifesti
769 893 981 957 ﬁerent,
1008 894 1114 948 hoc
1140 904 1226 949 est
1251 904 1312 949 ut
1340 894 1594 951 omnibus
1638 902 1827 949 notum
1873 894 2030 949 ﬁeret

453 984 598 1054 quod
626 982 846 1055 penitus
874 983 1167 1038 abalienati
1193 993 1377 1040 essent
1405 1000 1435 1039 a
1460 982 2030 1055 nebis,etagglutinati

455 1076 542 1131 his
570 1075 662 1146 qui
706 1075 879 1130 nostri
911 1090 1024 1130 non
1069 1089 1250 1130 erant.
1310 1074 1453 1132 Sunt
1507 1076 1651 1132 enim
1697 1075 1843 1131 inter
1884 1076 2031 1147 ipsos

454 1167 676 1237 quidam
709 1167 806 1237 qui
858 1181 924 1222 ex
983 1167 1145 1223 nobis
1196 1182 1479 1238 nunquam
1529 1167 1774 1232 fuerunt,
1835 1167 2033 1238 quibus

454 1262 712 1318 videlicet
735 1262 944 1333 seipsos
968 1263 1377 1333 conjunxerunt
1407 1262 1499 1334 qui
1534 1279 1600 1318 ex
1642 1261 1802 1316 nobis
1829 1259 2031 1331 egressi

455 1359 607 1405 sunt.
641 1347 875 1419 Propter
900 1364 1061 1419 quos,
1089 1350 1287 1420 inquit,
1323 1350 1436 1404 disi
1473 1366 1488 1406 :
1527 1369 1544 1401 ι
1580 1349 1701 1404 Νοιι
1732 1358 1864 1403 sunt
1916 1362 2033 1401 om-

457 1458 555 1497 nes
579 1457 646 1496 ex
673 1442 855 1497 nobis.
903 1461 922 1495 ι
957 1442 1004 1496 Δ
1046 1442 1208 1497 nobis
1264 1443 1434 1509 enim,
1488 1443 1580 1513 qui
1638 1440 1924 1497 domestici
1969 1454 2035 1494 ac

457 1532 753 1589 familiares
769 1548 1009 1597 eramus,
1025 1532 1115 1586 alii
1138 1533 1506 1599 adhaeserunt,
1527 1532 1620 1603 qui
1651 1547 1680 1585 a
1702 1532 1860 1587 nobis
1878 1538 2035 1584 erant

455 1623 621 1677 alieni
646 1637 662 1675 :
691 1623 962 1695 eligentes
988 1624 1173 1693 potius
1199 1625 1547 1680 ethnicorum
1581 1638 1731 1678 more
1761 1623 2034 1691 intempe-

455 1725 648 1771 ranter
670 1717 873 1781 vivere,
906 1730 1068 1786 quam
1092 1715 1379 1771 nobiscum
1442 1723 1807 1786 temperanter
1832 1724 1887 1769 et
1931 1715 2033 1769 ho-

2127 618 2237 689 γὰρ
2284 617 2445 670 τοῦτο
2483 612 2575 687 ἦν,
2626 616 2768 686 μετὰ
2816 614 2925 668 τῶν
2978 606 3126 668 ἰδίων
3170 613 3245 668 ἂν
3266 614 3481 683 ἔμενον.
3514 608 3704 667 Nova

2126 709 2287 762 τοῦτο
2313 708 2665 771 πεπόνθασιν,
2711 707 2798 760 ἵνα
2818 706 3198 775 φανερωθῶσι,
3222 706 3495 770 τουτέστι,
3540 707 3704 760 κατά-

2129 800 2277 871 δηλοι
2321 799 2627 867 γένωνται,
2673 800 2757 853 δτι
2801 797 2979 868 πάντη
3034 797 3506 869 ἀπηλλοτρίωνται
3534 798 3704 868 ἡμῶν,

2131 889 2226 944 καὶ
2254 891 2392 961 μετὰ
2416 888 2526 942 τῶν
2555 888 2655 959 οὐχ
2673 888 2958 958 ἡμετέρων
2996 887 3543 959 προσεκολλήθησσν.
3594 888 3706 942 Εἰσὶ

2130 981 2242 1053 γάρ
2274 994 2418 1044 τινες
2470 982 2530 1034 ὲν
2578 980 2811 1046 τούτοις,
2857 980 2953 1034 καὶ
2993 981 3096 1033 οὐκ
3137 978 3200 1045 ἐξ
3239 980 3398 1051 ἡμῶν
3426 980 3606 1046 ὅντες,
3637 971 3707 1045 οἷς

2130 1075 2331 1145 δηλαδὴ
2365 1074 2612 1145 συνῆψαν
2642 1074 2867 1138 ἑαυτοὺς
2896 1073 2948 1127 οἱ
2978 1073 3040 1139 ἐξ
3069 1072 3229 1145 ἡμῶν
3254 1072 3592 1139 ἐξελθόντες.
3639 1075 3709 1127 Δι’

2131 1164 2248 1230 οὓς,
2278 1164 2464 1235 φησὶν,
2493 1166 2690 1235 εἴρηκα
2741 1165 2835 1218 καὶ
2876 1164 2974 1229 τὸ,
3031 1164 3192 1217 «Οὐκ
3247 1165 3354 1217 εἰσὶ
3400 1164 3609 1227 πάντες
3658 1163 3709 1231 ἒξ

2131 1256 2341 1328 ἡμῶν.»
2391 1255 2580 1325 Ἠμῶν
2605 1255 2715 1325 γὰρ
2746 1252 3160 1327 ἀπορραγέντες
3190 1255 3301 1310 τῶν
3329 1255 3575 1321 οἰκείων,
3616 1255 3704 1309 ἄλο

2131 1346 2245 1410 λοις
2268 1346 2637 1417 ἐκολλήθησαν
2665 1348 2777 1411 τοῖς
2815 1347 3118 1418 ἀλλοτρίοις
3151 1346 3334 1418 ἡμῶν,
3370 1347 3576 1418 μᾶλλον
3598 1347 3705 1401 €16—

2138 1455 2289 1509 μενοι
2336 1437 2563 1501 ἐθνικῶς
2633 1437 2733 1509 ζῇν
2785 1428 3214 1509 ἀσωφρονιστως
3239 1478 3255 1502 ,
3308 1439 3343 1507 ἦ
3397 1438 3519 1509 μεθ’
3562 1438 3711 1507 ἡμῶν

2137 1530 2449 1602 σωφρόνως.
2488 1529 2677 1583 Ταῦτα
2710 1529 2901 1593 εἰπὼν,
2930 1531 3019 1585 ἵνα
3065 1530 3141 1601 μὴ
3188 1530 3318 1604 δόξῃ
3359 1526 3541 1600 ἐαυτῷ
3575 1530 3711 1599 μόνῳ

2133 1619 2234 1690 τὴν
2259 1618 2461 1673 τούτων
2480 1618 2682 1687 γνῶσιν
2707 1620 3037 1686 ἀνατιθέναι,
3066 1622 3161 1675 καὶ
3185 1618 3709 1684 καταλαζονεὺεσθαι

2133 1710 2221 1765 διὰ
2246 1710 2452 1765 τούτων
2478 1711 2622 1766 κατὰ
2651 1711 2761 1779 τῶν
2793 1713 3022 1775 πιστῶν,
3054 1712 3131 1777 ὡς
3158 1715 3320 1783 μόνος
3348 1712 3505 1778 είδὼς
3529 1712 3708 1774 ταῦτα.

459 1815 643 1861 ueste.
679 1805 775 1862 llis
833 1807 1016 1871 dictis,
1067 1821 1139 1860 ne
1197 1808 1475 1863 videretur
1524 1808 1627 1862 sibi
1690 1807 1791 1861 soli
1840 1807 2034 1860 horum

2146 1801 2386 1873 ἐπιφέρει
2413 1801 2494 1867 τὺ,
2532 1802 2671 1855 «Καὶ
2699 1801 2855 1871 ὑμεῖς
2884 1802 3091 1873 χρίσμα
3113 1801 3319 1873 ἔχετεοι
3340 1802 3586 1872 ὡσπερεὶ
3611 1803 3712 1856 ελεδ

372 1936 379 1937 κ
460 1898 822 1967 cognitionem
852 1899 1153 1954 attribuere
1177 1940 1191 1964 ,
1218 1908 1273 1953 et
1305 1915 1403 1970 per
1424 1900 1527 1954 hoc
1548 1899 1815 1953 adversus
1849 1897 2037 1953 ﬁdeles
2070 1897 2109 1926 "
2138 1909 2253 1961 γεν·

460 1988 817 2052 insolescere,
847 1990 1003 2058 quasi
1035 1991 1185 2045 solus
1218 1991 1337 2046 haec
1387 1992 1650 2055 novisset,
1703 1990 1982 2061 subiungit
2021 2007 2037 2044 :

469 2095 490 2129 ι
526 2076 634 2133 Sed
665 2094 761 2134 vos
787 2080 1101 2136 unctionem
1139 2081 1375 2137 habetis.
1416 2101 1434 2134 ι
1476 2081 1755 2152 Tanquam
1788 2084 2035 2139 diceret:

466 2168 576 2224 Sed
610 2170 739 2240 quid
766 2186 867 2241 ego
910 2173 1026 2228 haec
1046 2173 1200 2230 vobis
1230 2190 1392 2229 narro
1425 2176 1581 2245 quasi
1616 2176 2039 2246 ignorantibus?

462 2260 584 2317 Non
615 2271 700 2318 est
722 2264 865 2334 apud
903 2281 1001 2320 vos
1025 2268 1223 2321 horum
1252 2267 1582 2338 ignorantia.
1631 2267 1853 2322 Sacram
1886 2267 2035 2322 enim

464 2357 775 2410 unctionem
815 2372 913 2427 per
944 2366 1193 2412 sanctum
1220 2359 1493 2428 baptisma
1521 2359 1836 2429 accepistis,
1869 2365 2039 2428 etper

462 2441 607 2497 hanc
635 2442 878 2498 divinum
906 2442 1195 2515 Spiritum,
1242 2447 1335 2517 qui
1365 2463 1460 2503 vos
1502 2448 1656 2503 ducit
1710 2447 1765 2501 in
1806 2460 2037 2501 omnem

461 2531 775 2588 veritatem.
806 2532 1077 2598 Quoniam
1112 2544 1294 2588 autem
1342 2534 1448 2589 hoc
1491 2534 1566 2588 ita
1596 2540 1697 2598 est,
1731 2532 1881 2586 scitis
1896 2529 2040 2600 quod

467 2638 581 2678 non
611 2623 846 2678 scribam
881 2625 1033 2681 vobis
1068 2626 1183 2681 haec
1214 2635 1469 2695 tauquam
1497 2624 1898 2697 ignorantibus,
1946 2621 2041 2677 sed

466 2724 724 2786 tanquam
784 2717 1103 2774 scientibus.
1157 2716 1415 2784 Quaanam
1465 2717 1632 2773 bzec?
1685 2715 2043 2772 novissimum

467 2816 706 2878 tempus,
742 2809 1063 2865 Antichristi
1107 2811 1424 2876 adventum,
1479 2808 1664 2865 omnia
1718 2823 1839 2863 esse
1886 2807 2044 2876 plena

468 2898 780 2956 mendacio.
828 2900 1126 2971 Propterea
1157 2902 1322 2974 igitur
1359 2901 1506 2972 quod
1537 2900 1778 2956 abundet
1823 2898 2045 2953 menda-

469 2989 636 3058 cium,
671 2991 748 3046 ait
788 2992 954 3047 :Dico
993 2995 1160 3048 etiam
1218 2994 1570 3048 antichristos
1619 2992 1820 3046 multos
1875 2988 2045 3043 iactos

470 3096 614 3137 esse.
650 3082 783 3138 Nam
813 3087 856 3140 si
901 3086 1152 3142 Christus
1181 3088 1381 3142 veritas
1404 3097 1506 3152 est,
1533 3101 1693 3156 quem
1747 3093 1801 3139 et
1823 3099 1917 3138 vos
1959 3096 2049 3137 co-

2300 1892 2462 1946 Ἀλλὰ
2492 1892 2545 1946 τί
2572 1891 2747 1946 ταῦτα
2777 1893 2913 1964 πρὸς
2947 1893 3093 1962 ὑμᾶς
3125 1894 3236 1961 ἐγὼ
3263 1893 3620 1964 διεξέρχομαι
3644 1894 3709 1955 ὡς

2137 1982 2274 2053 πρὸς
2315 1981 2678 2049 ἀγνοοῦντας;
2732 1982 2846 2035 Οὐκ
2877 1981 2992 2037 ἔστι
3026 1985 3158 2050 παρ’
3195 1985 3323 2054 ὑμῖν
3360 1986 3559 2052 ἄγνοια
3596 1973 3710 2040 τοῦ·

2136 2091 2268 2128 των.
2332 2072 2587 2127 Ἐλάὸετε
2634 2073 2744 2145 γὰρ
2789 2074 2880 2128 διὰ
2926 2073 3021 2127 τοῦ
3051 2075 3212 2142 ἁγίου
3249 2074 3632 2146 βαπτίσματος
3661 2078 3711 2131 τὸ

2136 2162 2350 2234 χρίσμα
2390 2163 2449 2216 τὸ
2477 2163 2641 2235 ἱερὸν,
2683 2166 2779 2218 καὶ
2822 2164 2912 2218 διὰ
2957 2167 3148 2218 τούτου
3182 2167 3242 2219 τὸ
3285 2168 3367 2230 είς
3416 2169 3602 2220 πᾶσαν
3626 2167 3711 2236 τὴν

2135 2254 2393 2325 ἀλήθειαν
2412 2255 2642 2325 ὀδηγοῦν
2663 2257 2805 2325 ὑμᾶς
2832 2256 2973 2309 θεῖον
3000 2257 3244 2327 Πνεῦμα,
3277 2252 3431 2311 *Επεὶ
3461 2258 3518 2311 δὲ
3548 2258 3711 2324 τοῦτο,

2143 2344 2260 2398 ἴστε
2303 2345 2386 2398 ὃτι
2425 2345 2524 2415 οὐχ
2557 2345 2631 2409 ὼς
2666 2346 2953 2414 ἀγνοοῦσιν
2980 2348 3109 2418 ὑμῖν
3141 2350 3339 2418 γράφω
3361 2349 3559 2411 ταῦτα,
3608 2350 3711 2403 ἀλλ’

2142 2435 2217 2499 ὡς
2248 2436 2433 2493 εἰδόσι.
2465 2439 2597 2492 Τίνα
2626 2438 2831 2507 ταῦτα;
2871 2437 2976 2493 Τὸν
2995 2439 3222 2511 ἔσχατον
3248 2442 3466 2510 καιρὸν,
3492 2442 3593 2511 τὴν
3616 2442 3713 2496 τῶν

2157 2529 2542 2602 Ἀντιχρίστων
2569 2532 2764 2603 φορὰν,
2806 2533 2868 2586 τὸ
2899 2534 3075 2588 πάντα
3098 2533 3328 2604 ψεύδους
3356 2531 3496 2588 εἶναι
3524 2537 3707 2605 μεστά.

2146 2622 2245 2676 Διὰ
2262 2623 2322 2676 τὸ
2345 2622 2636 2680 πλεονάσαι
2661 2621 2754 2678 οὖν
2782 2625 2843 2679 τὸ
2863 2624 3077 2695 ψεῦδος,
3100 2626 3187 2680 διὰ
3200 2627 3380 2688 τοῦτο,
3405 2629 3563 2697 φησὶ,
3585 2627 3715 2697 λέγω

2150 2713 2247 2768 καὶ
2311 2713 2437 2777 τοὺς
2474 2716 2851 2787 ἀντιχρίστους
2898 2716 3124 2780 πολλοὺς
3156 2718 3433 2785 γενέσθαι.
3474 2719 3540 2771 Ei
3568 2720 3715 2789 γὰρό

2150 2806 2387 2878 Χριστὸς
2412 2808 2638 2880 ἀλήθειά
2666 2810 2838 2877 ἐστιν,
2865 2810 2923 2864 ὃν
2948 2810 3043 2864 καὶ
3072 2810 3231 2880 ὑμεῖς
3262 2813 3586 2880 ἐγνωκότες,
3621 2815 3708 2883 τὴν

2149 2895 2408 2968 ἀλήθειαν
2434 2896 2583 2966 ἔχετε
2616 2900 2675 2953 ἐν
2703 2900 2940 2963 ἑαυτοῖς,
2975 2901 3196 2964 πάντως
3219 2904 3247 2955 ὁ
3279 2903 3525 2974 ψεύστης
3569 2905 3701 2957 ἐνανι

2150 2988 2264 3052 τίος
2308 2987 2384 3042 ὣν
2420 2992 2487 3060 τῇ
2518 2989 2764 3062 ἀληθείᾳ,
2816 2991 2935 3061 ἦτοι
2986 2991 3064 3063 τῷ
3111 2993 3354 3064 Χριστῷ,
3390 2994 3713 3067 ἀντίχριστός

2150 3093 2321 3134 εστιν.

468 3190 811 3246 gnoscentes,
837 3179 996 3250 575
1032 3182 1247 3237 habetis
1280 3183 1565 3237 veritatem
1603 3180 1660 3234 in
1689 3179 1846 3236 vobis
1879 3177 2030 3248 ipsis,
2072 3176 2263 3246 utique
2324 3191 2447 3231 cum
2503 3178 2733 3233 mendax
2800 3177 2888 3255 sit
2920 3184 3242 3237 contrarius
3335 3184 3548 3239 veritati
3610 3185 3715 3245 sive

468 3264 708 3333 Christo,
731 3268 1104 3325 Antichristus
1138 3280 1244 3326 est.

541 3359 613 3425 ll,
642 3360 831 3417 22-27.
851 3360 977 3426 Quis
1002 3373 1077 3417 est
1104 3366 1349 3429 mendax,
1370 3365 1469 3418 nisi
1496 3364 1540 3420 is
1569 3380 1659 3432 qut
1687 3373 1844 3434 negat
1864 3363 2043 3417 Iesum

2227 3363 2320 3429 Τίς
2352 3364 2521 3417 ἐστιν
2568 3365 2601 3418 ό
2633 3364 2927 3433 ψεύστης,
2964 3366 3117 3435 ειμὴ
3156 3370 3189 3421 ὀ
3215 3370 3584 3440 ἀρνούμενος
3634 3373 3713 3427 ὄτι

470 3456 863 3525 εεεεζϐητίειιιηι
885 3459 910 3511 2
937 3457 1038 3512 Hic
1067 3473 1141 3513 est
1159 3460 1512 3514 Antichristus
1542 3461 1631 3529 qui
1649 3468 1802 3529 negat
1838 3459 2050 3512 Patrem

470 3558 520 3602 et
553 3546 599 3600 ιτ
603 3548 779 3602 ilium.
813 3548 1058 3620 Quisquis
1083 3560 1235 3620 negat
1262 3549 1487 3616 Filium,
1517 3553 1562 3605 is
1593 3567 1654 3605 ne
1689 3551 1902 3604 Patrem
1931 3552 2048 3619 qui-

472 3639 591 3692 dem
632 3637 811 3691 habet.
850 3636 1004 3702 Quod
1031 3640 1197 3709 igitur
1229 3657 1316 3694 vos
1346 3638 1574 3694 audistis
1598 3640 1662 3693 ab
1692 3641 1864 3703 initio,
1890 3640 1945 3692 in
1960 3655 2052 3693 υο-

472 3727 553 3780 bis
602 3735 930 3793 permaneat.
964 3725 1024 3781 Si
1057 3731 1111 3781 in
1162 3731 1305 3782 vobis
1330 3729 1681 3797 permanserit
1710 3729 1848 3798 quod
1893 3729 2050 3782 audi-

471 3818 566 3871 stis
594 3816 661 3871 ab
704 3817 880 3882 initio,
912 3825 962 3871 et
999 3834 1086 3872 vos
1118 3818 1173 3871 in
1200 3816 1346 3872 Filio
1370 3829 1418 3873 et
1450 3818 1614 3873 Patre
1653 3820 1949 3874 manebitis.
1984 3818 2053 3873 Et

473 3909 585 3963 ha‘c
612 3916 688 3962 est
719 3910 1055 3977 repromissio
1081 3927 1184 3980 qua
1207 3912 1318 3978 ipse
1335 3911 1602 3980 pollicitus
1620 3920 1694 3965 est
1728 3910 1876 3965 nobis
1889 3913 2053 3965 vitam

474 4008 748 4054 cateruam.
797 3998 926 4055 Haec
962 4000 1146 4069 scripsi
1185 4004 1330 4055 vobis
1357 4002 1419 4055 de
1442 4001 1524 4055 his
1551 4002 1642 4071 qui
1663 4003 1913 4055 seducunt
1941 4017 2053 4059 vos.

475 4091 545 4147 Et
562 4094 742 4145 unctio
768 4108 929 4162 quam
948 4108 1038 4147 vos
1074 4094 1351 4164 accepistis
1383 4095 1447 4147 ab
1479 4110 1560 4162 eo,
1596 4103 1774 4148 manet
1807 4096 1863 4148 in
1888 4095 2051 4148 vobis.

476 4184 548 4238 Et
577 4199 679 4239 non
708 4201 909 4241 necesse
943 4186 1142 4241 habetis
1186 4196 1242 4240 ut
1278 4188 1559 4257 quisquam
1609 4188 1792 4242 doceat
1811 4202 1922 4251 uos,
1962 4187 2053 4240 sed

474 4277 611 4331 sicut
635 4279 753 4348 ipsa
772 4278 951 4331 unctio
1013 4278 1159 4330 docet
1212 4293 1302 4332 uos
1346 4278 1412 4331 de
1454 4278 1714 4344 omnibus,
1769 4293 1931 4332 verax
1976 4286 2051 4332 est

473 4379 527 4420 et
550 4383 686 4427 gnon
731 4379 807 4423 est
825 4366 1180 4425 mendacium.
1213 4371 1284 4424 Et
1321 4370 1457 4423 sicut
1482 4369 1656 4424 docuit
1686 4385 1795 4437 vos,
1846 4378 2053 4425 manete

392 4472 395 4475 ν
475 4456 531 4506 in
554 4469 641 4508 ea.

2155 3453 2399 3521 Ἰησοῦς
2452 3454 2565 3506 οὐκ
2619 3453 2793 3507 ἐστιν
2831 3456 2864 3508 ό
2925 3457 3216 3522 Χριστός;
3277 3453 3460 3525 οὗτός
3494 3461 3716 3517 sons-0'

2163 3545 2583 3613 ’Artlxpto'roc,
2614 3547 2646 3599 ὀ
2673 3546 3041 3616 ἀρνούμενος
3087 3547 3194 3601 τὸν
3221 3550 3455 3619 Πατέρα
3487 3553 3578 3607 καί
3620 3552 3717 3607 τὸν

2152 3637 2194 3689 Υ
2194 3638 2307 3691 ἱόν.
2353 3634 2479 3702 Πᾶς
2503 3639 2537 3689 ό
2564 3637 2937 3705 ἀρνούμενος
2968 3639 3076 3692 τὸν
3114 3634 3271 3707 Υὶὸν,
3306 3642 3452 3695 οὐδὲ
3479 3644 3581 3696 τὸν
3612 3648 3718 3699 lla.

2150 3727 2291 3794 τέρα
2320 3727 2465 3795 ἔχει.
2517 3727 2716 3797 ’Υμεῖς
2742 3725 2856 3784 οὖν
2887 3729 2920 3784 ὃ
2950 3732 3271 3804 ἠκούσατε,
3284 3733 3386 3788 ἀπ’
3415 3735 3623 3804 ἀρχῆς,
3654 3736 3717 3790 ἐν

2150 3817 2296 3886 ὑμῖν
2335 3818 2582 3887 μενέτω.
2652 3817 2795 3872 Ἐὰν
2836 3820 2907 3873 ἐν
2955 3821 3100 3890 ὑμῖν
3120 3824 3299 3893 μείνῃ
3341 3824 3373 3877 ὃ
3408 3825 3510 3879 ἀπ’
3537 3827 3717 3896 ἀρχῆς

2151 3908 2479 3975 ἠκούσατε,
2514 3908 2612 3961 καὶ
2633 3909 2801 3977 ὑμεῖς
2827 3910 2898 3963 ἐν
2923 3909 3005 3976 τῷ
3046 3911 3158 3977 Υιῷ
3186 3915 3286 3968 καὶ
3315 3914 3387 3967 ὲν
3425 3914 3503 3981 τῷ
3544 3918 3717 3986 Harp!

2148 3998 2401 4068 μενεῖτε.
2451 3999 2561 4053 Καὶ
2613 4000 2767 4067 αὕτη
2803 4000 2982 4055 ἐστὶν
3012 4002 3051 4069 ἡ
3074 4002 3405 4073 satana/Ila
3434 4006 3512 4074 ἦν
3544 4008 3714 4072 αὐτὸς

2153 4090 2552 4159 ἐπηγγείλατο
2606 4089 2788 4158 ἡμῖν,
2839 4091 2956 4158 τὴν
3009 4090 3165 4160 ζωὴν
3218 4094 3482 4151 αἰώνιον.
3544 4101 3717 4153 Ταῦτα

2152 4181 2387 4249 ἔγραψα
2431 4178 2575 4248 ὑμῖν
2614 4180 2747 4248 περὶ
2804 4180 2924 4235 τῶν
2960 4185 3328 4241 πλανώντων
3378 4188 3555 4258 ὑμᾶς.
3618 4190 3716 4250 Kal

2152 4266 2326 4339 ὑμεῖς
2358 4270 2424 4322 τὸ
2454 4270 2680 4339 χρίσμα
2725 4269 2758 4323 ὂ
2809 4271 3056 4327 ἐλάϐετε
3101 4276 3205 4329 ἀπ’
3250 4279 3463 4345 αὐτοῦ,
3495 4280 3561 4334 ἐν
3588 4279 3719 4349 ὑμῖν

2147 4360 2339 4431 μένει.
2360 4360 2470 4415 Καὶ
2508 4363 2580 4416 οὺ
2603 4363 2812 4430 χρείαν
2832 4363 3000 4432 ἔχετε
3022 4366 3121 4419 ἵνα
3150 4385 3241 4435 τις
3266 4368 3527 4439 διδάσκῃ
3555 4370 3714 4441 ὑμᾶς.

2166 4454 2328 4507 Ἀλλ’
2365 4452 2446 4519 ὠς
2488 4453 2557 4507 τὸ
2609 4453 2758 4508 αὑτό
2796 4457 3022 4524 χρίσμα
3069 4456 3345 4515 διδάσκει
3398 4461 3554 4532 ὑμᾶς
3594 4463 3715 4531 περὶ

2154 4543 2417 4609 πάντων,
2451 4545 2550 4599 καὶ
2577 4544 2801 4613 ἀληθές
2821 4547 2979 4614 ἐστι,
3027 4551 3125 4603 καί
3157 4554 3269 4605 οὐκ
3313 4554 3446 4607 ἐστι
3486 4553 3713 4623 ψεῦδος,

2157 4634 2254 4689 καί
2278 4634 2473 4701 καθὼς
2491 4634 2774 4701 ἐδίδαξεν
2799 4637 2979 4707 ὑμᾶς,
3007 4641 3241 4710 μενεῖτε
3272 4643 3345 4697 ὲν
3374 4646 3553 4711 αὐτῷ.

547 4713 726 4769 Etiam
758 4714 849 4771 hic
891 4717 1189 4774 subaudire
1219 4727 1438 4790 oportet
1484 4719 1935 4791 coniunctionem
1958 4719 2043 4774 xui

2227 4726 2524 4781 Κάνταῦθα
2559 4735 3079 4800 προσυπακουστὲον
3100 4734 3212 4801 τὸν,
3244 4736 3367 4804 καὶ,
3409 4737 3709 4807 σύνδεσμον,

477 4805 531 4859 id
555 4814 661 4871 est,
692 4815 762 4872 et,
813 4807 1059 4865 clarioris
1110 4809 1483 4881 intelligentiae
1524 4810 1718 4880 gratia,
1752 4819 1815 4865 ut
1856 4812 1927 4865 sit
1960 4810 2052 4865 hic

477 4913 711 4953 sensus:
745 4900 808 4954 Et
864 4900 987 4970 quis
1045 4911 1127 4957 est
1190 4903 1446 4966 mendax,
1499 4902 1609 4958 nisi
1659 4903 1706 4958 is
1754 4902 1847 4973 qui
1891 4910 2054 4974 negat

477 4990 660 5045 Jesum
687 5006 808 5046 esse
838 4990 1162 5048 Christum?
1190 5013 1209 5046 ›
1250 4995 1368 5049 Ηοο
1404 5004 1586 5049 autem
1616 4996 1821 5065 impius
1861 4994 2051 5050 Simon

479 5082 717 5137 delirans
769 5084 1077 5153 nugabatur
1116 5086 1283 5141 alium
1337 5102 1459 5142 esse
1512 5086 1697 5143 Iesum
1767 5097 1823 5143 et
1882 5088 2048 5142 alium

478 5172 755 5229 Christum
790 5191 804 5228 :
843 5174 1029 5231 Jesum
1056 5167 1275 5248 q'uidem
1321 5193 1447 5234 eum
1475 5181 1569 5251 qui
1610 5189 1728 5237 erat
1785 5196 1816 5235 a
1862 5189 2050 5235 sancta

476 5265 674 5333 Maria;
703 5266 980 5324 Christum
1019 5285 1151 5325 vero
1180 5286 1303 5325 eum
1337 5273 1429 5343 qui
1455 5273 1509 5326 in
1539 5274 1835 5330 Jordauem
1868 5273 2055 5329 acoelo

477 5356 856 5413 descenderat.
886 5358 992 5425 Qui
1023 5360 1186 5430 igitur
1229 5354 1362 5417 huic
1413 5364 1696 5434 applaudit
1748 5365 2054 5430 mendacio,

477 5442 670 5517 inquit,
704 5446 751 5503 is
779 5455 864 5502 est
894 5448 1283 5506 Antichristus.
1313 5452 1372 5507 id
1396 5463 1579 5509 autem
1608 5471 1623 5508 :
1660 5453 1760 5510 Hic
1784 5465 1869 5512 est
1897 5456 2056 5513 Anti-

476 5535 734 5603 christus,
765 5538 1060 5608 dupliciter
1091 5542 1471 5613 accipiendum
1505 5554 1608 5611 est,
1638 5552 1694 5600 et
1740 5545 1810 5600 de
1854 5561 1923 5603 eo
1963 5536 2057 5619 qui

474 5624 662 5681 Iesum
692 5630 1332 5699 negatesseChristum,
1378 5642 1435 5688 et
1488 5636 1554 5689 de
1621 5649 1689 5689 eo
1742 5636 1836 5705 qui
1891 5649 2054 5709 negat

480 5715 692 5771 Patrem
726 5726 782 5772 et
832 5716 1053 5777 Filium.
1113 5721 1245 5777 Nam
1305 5733 1361 5778 et
1400 5724 1469 5790 is,
1514 5723 1707 5794 inquit,
1745 5724 1837 5795 qui
1894 5736 2056 5797 negat

479 5808 692 5864 Patrem
715 5823 778 5866 ac
806 5808 1024 5884 Filium,
1043 5814 1206 5871 etiam
1238 5817 1466 5905 mendax
1486 5828 1638 5873 estet
1664 5818 2049 5879 Antichrisms.

1533 5927 1705 5944 ...ι’

2162 4816 2461 4887 σαφηνείας
2488 4818 2668 4891 χάριν,
2704 4820 2775 4873 ἵν’
2852 4821 3045 4887 οὕτως·
3104 4826 3217 4879 Καὶ
3253 4827 3341 4889 τίς
3361 4830 3513 4881 ἐστιν
3544 4831 3569 4881 ὁ
3591 4826 3713 4898 titani-

2160 4922 2318 4977 στης,
2373 4909 2423 4961 εί
2464 4908 2539 4979 μὴ
2580 4911 2608 4962 ὀ
2643 4911 2979 4983 ἀρνούμενος
3027 4915 3110 4969 ὅτι
3142 4917 3357 4987 Ἰησοῦς
3391 4920 3494 4973 οὐκ
3526 4919 3659 4979 ἔστιν
3684 4920 3710 4971 ὁ

2160 4999 2434 5069 Χριστός;
2469 5000 2640 5054 Τοῦτο
2682 5002 2739 5055 δὲ
2796 5005 2982 5073 Σίμων
3018 5007 3047 5059 ὁ
3078 5008 3292 5073 ἀνόσιος
3342 5012 3549 5083 ἐλήρει,
3572 5011 3709 5065 ἄλλον

2158 5085 2298 5144 εἷναι
2323 5090 2416 5144 τὸν
2464 5092 2695 5161 Ἰησοῦν,
2742 5096 2837 5147 καὶ
2863 5095 3022 5150 ἄλλον
3053 5099 3144 5151 τδν
3172 5100 3428 5168 Χριστόν.
3484 5103 3581 5155 Τὸν
3620 5100 3708 5171 μὲν

2169 5181 2401 5251 Ἰησοῦν,
2430 5182 2524 5235 τὸν
2552 5183 2661 5236 ἀπὸ
2687 5184 2786 5254 τῆς
2815 5186 2978 5255 ἁγίας
3006 5190 3252 5260 Μαρίας,
3277 5192 3368 5244 τὸν
3395 5193 3451 5246 δὲ
3476 5192 3703 5263 Χριστὸν,

2156 5272 2249 5326 τὸν
2278 5272 2373 5324 ἐπὶ
2410 5272 2505 5326 τοῦ
2538 5272 2807 5345 Ἰορδάνου
2839 5278 3152 5333 καταϐάντα
3202 5281 3298 5334 ἀπ’
3342 5282 3588 5353 οὐρανοῦ.
3648 5279 3704 5332 Ὁ

2153 5361 2232 5432 τῷ
2273 5361 2461 5434 ψεύδει
2486 5358 2580 5417 οὖν
2609 5368 3125 5439 περικροτούμενος,
3165 5372 3326 5442 φησι,
3356 5373 3551 5444 τούτῳ,
3571 5366 3704 5433 οὗτος

2167 5455 2534 5525 Ἀντίχριστός
2568 5456 2712 5510 ἐστι.
2757 5458 2867 5511 Καὶ
2910 5460 2992 5526 τὸ,
3025 5456 3196 5527 Οὗτός
3233 5465 3385 5518 ἐστιν
3410 5467 3439 5519 ὁ
3468 5464 3703 5536 ’Δντίχρτο

2157 5564 2303 5612 στος,
2334 5547 2530 5611 διττῶς
2578 5546 2902 5618 ὲκληπτέον,
2939 5552 3033 5606 καὶ
3083 5556 3177 5608 ἐπὶ
3224 5555 3321 5609 τοῦ
3371 5558 3698 5630 ἀρνουμένου,

2152 5643 2234 5695 ὅτι
2270 5640 2481 5710 Ἰησοῦς
2504 5641 2606 5695 οὐκ
2629 5642 2776 5696 ἔστιν
2809 5646 2836 5698 ὸ
2864 5646 3116 5717 Χριστὸς,
3149 5649 3245 5701 καὶ
3278 5651 3371 5705 ἐπὶ
3399 5649 3491 5704 τοῦ
3524 5650 3697 5720 ἀρνου-

2158 5734 2319 5803 μένου
2351 5734 2440 5787 τὸν
2469 5733 2687 5804 Πατέρα
2714 5735 2810 5789 καὶ
2845 5736 2935 5790 τὸν
2968 5737 3117 5794 Υίόν.
3151 5739 3317 5794 una
3352 5741 3445 5796 καὶ
3472 5743 3498 5794 ὁ
3524 5735 3697 5810 ἀρνού-

2159 5841 2341 5895 μενος,
2391 5828 2546 5897 φησὶ,
2579 5828 2669 5885 τὸν
2705 5828 2924 5923 Πατέρα
2970 5830 3062 5886 καὶ
3109 5833 3200 5888 τδν
3222 5810 3392 5903 Ὗιδν,
3447 5832 3532 5889 καὶ
3559 5826 3693 5892 οὗτος
