3986 6574
260 421 364 484 δί5

1265 415 1648 476 COMMENT.
1698 415 1775 473 1N
1816 415 2056 476 EPIST.
2098 417 2125 474 Ι
2163 372 2530 476 ΙοΑΝΝιεζ

3409 411 3515 477 646

258 531 497 603 ψεύστης
536 531 655 583 ἐστὶ
698 532 790 585 καὶ
844 530 1234 601 Ἀντίχριστος.
1271 529 1497 596 Ἔλεγον
1539 528 1648 599 γὰρ
1691 529 1841 582 ἄλλοι

1955 528 2224 585 Dicebant
2243 530 2388 585 enim
2421 529 2511 584 alii
2533 543 2748 585 rursum
2777 527 3044 597 haeretici,
3069 543 3100 584 a
3125 528 3322 600 quibus
3344 528 3522 598 impu-

260 625 423 680 πάλιν
455 625 804 694 αἰρεσιῶται,
845 619 920 678 ὧν
942 627 971 678 ὁ
993 622 1304 693 κατάρατος
1332 621 1684 683 Οὐαλεντῖνος
1707 621 1846 674 ἁπε-

258 713 522 784 γεννήθη,
551 715 713 768 ἄλλον
750 711 888 768 εἶναι
927 716 1148 785 Πατέρα
1192 711 1657 782 ἀκατονόμαστον,
1694 713 1847 783 παρὰ

257 806 350 861 τὸν
387 805 686 875 λεγόμενον
745 806 964 876 Πατέρα
1006 804 1101 859 τοῦ
1130 804 1389 876 Χριστοῦ.
1421 804 1584 858 Αὐτοὶ
1619 804 1676 857 δὲ
1699 797 1846 858 οὗτοι

258 895 358 949 καὶ
385 894 480 948 τὸν
513 896 645 949 Υἱὺν
677 895 967 966 ἀρνοῦνται
1017 895 1105 949 διὰ
1148 894 1244 949 τοῦ
1270 894 1558 966 ἄνθρωπον
1579 893 1732 965 ψιλὸν
1760 894 1848 948 λέ-

257 1005 382 1056 γειν
427 988 594 1042 αὑτδν
642 989 737 1043 καὶ
770 988 846 1059 μὴ
902 989 1043 1042 κατά
1102 987 1264 1058 φύσιν
1323 986 1457 1042 Θεὸν
1495 988 1570 1052 ὡς
1617 991 1682 1043 ἐκ
1709 989 1846 1045 Θεοῦ

254 1080 412 1134 ὅντα.
448 1081 527 1132 Δι’
557 1080 587 1133 ὅ
624 1079 899 1150 ἐπιφέρειο
939 1080 1088 1142 «Πᾶς
1122 1081 1151 1133 ὁ
1181 1078 1516 1151 ἀρνούμενος
1553 1081 1644 1133 τὸν
1691 1081 1840 1146 Υίδν,

253 1167 385 1224 οὑδδ
407 1169 500 1222 τὸν
531 1169 752 1240 Πατέρα
781 1169 915 1239 ἐχειο
961 1188 980 1220 ι
1025 1169 1213 1240 ὥσπερ
1251 1171 1494 1224 Ἰουδαῖοι
1523 1171 1845 1243 ἀρνούμενοι

259 1261 367 1330 μὲν
396 1263 490 1314 τὸν
514 1262 664 1326 Υίδν,
694 1261 1150 1331 προσποιούμενοι
1178 1261 1235 1314 δὲ
1260 1261 1351 1314 τὸν
1377 1262 1596 1334 Πατέρα
1622 1264 1839 1320 ειδέναι.

265 1352 416 1404 Ἀλλ’
449 1353 688 1405 ἴστωσαν
711 1346 858 1404 οὗτοι
885 1353 967 1405 ὅτι
997 1351 1116 1404 οὐδὲ
1143 1351 1233 1405 τὸν
1257 1351 1479 1420 Πατέρα
1505 1353 1841 1408 ἐπίστανται.

255 1444 323 1496 ΕΞ
365 1445 477 1515 γὰρ
510 1445 731 1514 ᾔδεσαν,
764 1444 964 1514 ᾔδεσαν
996 1443 1062 1496 ἂν
1091 1443 1172 1497 ὅτι
1203 1444 1300 1496 καλ⁵
1340 1443 1471 1497 Υίοῦ
1505 1446 1697 1516 Πατήρ
1727 1447 1844 1500 ἐστι

255 1536 626 1605 Μονογενοῦς.
662 1535 735 1589 Τὸ
772 1537 818 1590 δ’
867 1537 996 1589 αὑτδ
1027 1538 1118 1589 καὶ
1149 1537 1199 1590 οί
1233 1536 1343 1589 ἀπὸ
1372 1537 1614 1606 Σίμωνος
1645 1538 1846 1606 ἐφλυά-

259 1646 416 1698 ρουν.
469 1629 695 1683 Ἐκεῖνοι
748 1631 848 1700 μέν
887 1626 981 1684 οὖν
1033 1629 1228 1696 οὕτως,
1291 1631 1478 1700 φησὶν,
1519 1630 1678 1699 ὑμεῖς
1717 1630 1774 1683 δὲ
1815 1630 1843 1682 δ

252 1721 534 1788 ἠκούσατε
582 1721 678 1775 ἀπ’
734 1722 930 1792 ἀρχῆς,
981 1723 1249 1789 τουτέστι,
1301 1721 1721 1792 Θεολογοὺμενον
1752 1721 1842 1775 τὸν

251 1811 523 1880 Χριστὸν,
570 1813 862 1881 φυλάττετε
897 1814 1028 1883 παρ’
1077 1815 1309 1877 ἑαυτοῖς.
1370 1811 1544 1866 Τοῦτο
1593 1811 1704 1883 γὰρ
1740 1813 1844 1867 οδιὰ

1949 634 2044 674 rus
2088 619 2412 675 Valentinus
2461 627 2685 674 exortus
2732 627 2836 682 est,
2896 619 3060 674 alium
3120 629 3241 675 esse
3303 627 3516 690 patrem

1951 709 2356 765 innominatum
2384 719 2585 780 praeter
2608 725 2733 763 eum
2761 710 2855 779 qui
2889 709 3090 765 dicitur
3118 708 3279 764 Pater
3295 710 3519 766 Christi.

1949 800 2015 855 Hi
2037 809 2219 856 autem
2237 811 2294 857 et
2348 803 2544 856 Filium
2573 809 2795 872 negant.
2826 815 2894 857 eo
2935 801 3078 872 quod
3099 802 3309 857 nudum
3337 803 3486 857 homi
3507 833 3522 843 -

1947 905 2074 944 nem
2104 905 2231 946 eum
2260 906 2383 945 esse
2411 891 2620 956 dicant,
2651 901 2705 945 et
2729 907 2838 945 non
2903 900 3100 946 natura
3149 891 3343 957 Deum,
3401 903 3526 947 tan-

1947 994 2112 1050 quam
2135 979 2350 1051 eijeo.
2387 999 2405 1032 ι
2438 980 2697 1050 Quisquis
2722 990 2884 1051 negat
2899 979 3118 1046 Filium,
3151 982 3195 1035 is
3213 998 3281 1036 ne
3303 982 3517 1037 Patrem

1948 1073 2168 1145 quidem
2202 1073 2366 1128 habet
2395 1091 2408 1124 τ
2436 1093 2456 1126 ο
2494 1073 2955 1144 quemadmodum
2983 1074 3157 1129 Judaei
3186 1072 3380 1128 Filium
3397 1073 3522 1144 qui-

1945 1163 2071 1220 dem
2099 1171 2387 1235 negantes,
2424 1162 2641 1218 Patrem
2662 1178 2790 1219 vero
2830 1179 2889 1218 se
2947 1179 3111 1220 nosse
3173 1165 3519 1229 simulantes,

1947 1254 2109 1325 idque
2142 1254 2245 1310 sibi
2270 1255 2636 1312 vindicantes.
2689 1255 2796 1310 Sed
2827 1256 3004 1312 sciant
3059 1256 3115 1311 hi
3163 1257 3306 1326 quod
3342 1272 3522 1327 neque

1946 1348 2162 1402 Patrem
2190 1358 2502 1404 noverunt:
2531 1365 2658 1404 nam
2687 1351 2732 1406 si
2764 1351 3068 1416 novissent,
3103 1350 3306 1407 scirent
3331 1352 3522 1420 utique
3552 1389 3562 1396 ο

1945 1437 2091 1507 quod
2111 1444 2168 1491 et
2199 1437 2362 1493 Pater
2395 1439 2468 1494 sit
2496 1439 2772 1511 Unigeniti
2801 1440 2950 1496 Filii.
2971 1440 3207 1511 ldipsum
3230 1452 3411 1496 autem
3441 1442 3520 1496 illi

1944 1544 2163 1600 quoque
2203 1534 2578 1603 nugabantur,
2633 1533 2727 1602 qui
2797 1532 3079 1588 Simonem
3132 1535 3518 1604 sequebantur.

1945 1622 2135 1692 Itaque
2161 1623 2239 1677 illi
2283 1625 2389 1679 hoc
2405 1625 2590 1692 modo,
2629 1626 2844 1696 inquit:
2882 1626 3046 1705 576
3064 1635 3120 1680 at
3143 1644 3238 1682 vos
3263 1628 3405 1697 quod
3431 1643 3523 1682 au-

1945 1712 2103 1768 distis
2120 1714 2188 1768 ab
2219 1714 2395 1781 initio,
2426 1725 2558 1785 puta
2584 1715 2820 1770 divinam
2852 1716 2920 1770 de
2947 1715 3168 1772 Christo
3192 1717 3518 1780 doctrinam.

1945 1816 2158 1860 servate
2185 1805 2331 1875 apud
2363 1820 2478 1860 vos.
2506 1805 2639 1860 Nam
2675 1806 2781 1860 hoc
2811 1807 2916 1861 sibi
2939 1808 3075 1872 vult,
3106 1806 3430 1862 Pcrmaneat
3461 1807 3518 1861 in

252 1901 390 1966 τοῦ,
410 1902 639 1956 Μενέτω
667 1903 726 1956 ἐν
755 1904 906 1973 ὑμῖν,
942 1903 1190 1973 βούλεται
1222 1905 1516 1975 παριστᾷν.
1555 1903 1712 1956 (Ἐὰν
1736 1902 1845 1972 γὰρ

1955 1895 2126 1952 vobis.
2165 1914 2184 1947 ι
2222 1895 2279 1950 Si
2305 1896 2520 1952 enimin
2547 1897 2702 1951 vobis
2736 1898 3097 1966 permanserit
3121 1899 3263 1966 quod
3316 1898 3383 1952 ab
3414 1896 3521 1950 ini-

254 1996 318 2046 ἐν
369 1995 502 2063 ὑμῖν
554 1995 709 2066 μείνῃ
764 1994 924 2048 τοῦτο
979 1994 1008 2048 δ
1060 1995 1153 2048 ἀπ’
1188 1995 1364 2066 ἀρχῆς
1424 1994 1717 2067 ἠκούσατε,
1752 1994 1848 2048 καὶ⁸

252 2086 422 2156 ὑμεῖς
453 2087 513 2140 ἐν
535 2089 613 2158 τῷ
641 2087 776 2158 Υἱῷ,
819 2089 912 2141 καὶ
939 2089 997 2140 ἐν
1029 2087 1107 2158 τῷ
1142 2089 1313 2158 Πατρὶ
1349 2089 1579 2157 μενεῖτε.
1621 2105 1641 2140 ›
1676 2087 1848 2142 Τουτ-

254 2177 417 2240 έστι,
471 2179 720 2232 κοινωνοὶ
765 2179 931 2232 αὑτοῦ
985 2179 1193 2232 ἔσεσθε.
1257 2179 1444 2249 «Αὕτη
1475 2180 1585 2250 γάρ
1629 2181 1846 2251 ἐστινὴ

252 2268 624 2336 ἐπαγγελία.»
662 2269 766 2323 Τὸν
796 2269 907 2339 γὰρ
964 2269 1063 2324 καί
1119 2268 1438 2341 σύνδεσμον,
1471 2270 1848 2340 αίτιολογικῶς

256 2359 588 2430 ἐκληπτέον.
645 2361 782 2412 Ποία
812 2362 961 2415 ἐστὶν
1002 2363 1036 2432 ἡ
1091 2362 1394 2430 ἐπαγγελία
1419 2378 1434 2428 ;
1463 2364 1498 2434 ἡ
1537 2363 1844 2432 φάσκουσα,

256 2449 349 2503 ινα
388 2450 633 2520 «Ὠσπερ
665 2450 774 2518 ἐγὼ
803 2452 861 2502 ἐν
891 2450 996 2518 σοὶ,
1023 2451 1228 2521 Πάτερ,
1257 2451 1352 2506 καὶ⁸
1385 2451 1449 2504 σὺ
1483 2453 1541 2504 ἐν
1571 2451 1718 2522 ἐμοὶ,
1755 2454 1848 2505 καὶ

255 2540 420 2593 αὐτοὶ
455 2542 515 2594 ἐν
543 2542 677 2611 ἡμῖν
709 2541 768 2594 ἐν
805 2535 962 2596 ὦσι.»
1005 2544 1114 2597 Καὶ
1143 2543 1330 2596 πάλινο
1372 2538 1522 2598 «Ἵνα
1551 2541 1718 2613 έχωσι
1746 2543 1846 2612 τὴν

257 2633 411 2704 ζωὴν
435 2633 538 2705 τὴν
566 2634 806 2690 αἰώνιον.
835 2634 985 2708 Αὕτη
1011 2636 1068 2690 δέ
1099 2637 1246 2689 ἐστιν
1273 2637 1307 2708 ἡ
1339 2635 1555 2701 αἰώνιος
1579 2637 1715 2708 ζωὴ,
1761 2637 1848 2692 ἵνα

197 2746 200 2750 '
258 2726 584 2793 γινώσκωσί
608 2743 667 2779 σε
704 2728 799 2780 τὸν
838 2729 1000 2796 μόνον
1030 2727 1282 2798 ἀληθινὸν
1313 2727 1466 2794 Θεὸν,
1500 2728 1596 2783 καὶ
1624 2728 1684 2782 δν
1712 2729 1848 2784 aut.

260 2818 486 2880 στειλας
527 2819 739 2890 Ἰησοῦν
774 2820 1064 2890 Χριστόν.»
1101 2821 1438 2891 Ἀπαρτίσας
1488 2821 1544 2874 δὲ
1587 2821 1679 2875 τὸν
1719 2821 1848 2892 περὶ

257 2908 473 2962 τούτων
505 2909 682 2979 λόγον,
717 2909 1043 2981 προστίθησι
1071 2911 1152 2974 τὸ,
1194 2930 1211 2962 ι
1237 2911 1431 2966 Ταῦτα
1468 2911 1684 2983 ἔγραψα
1719 2914 1848 2982 ὑμῖν

261 3003 394 3072 περὶ
421 3001 536 3056 τῶν
569 3002 897 3056 πλανώντων
949 3004 1114 3072 ὑμᾶς,
1149 3023 1168 3056 ι
1203 3003 1469 3069 τουτέστι,
1505 3005 1594 3058 διὰ
1627 3003 1724 3066 τὰς
1757 3004 1846 3068 ἐξ·

259 3090 590 3159 εληλυθυίας
616 3093 878 3163 αίρέσεις.
919 3089 1052 3146 Εῖτοι
1079 3093 1240 3146 πάλιν
1272 3095 1544 3164 ἐπιφέρει,
1572 3093 1601 3146 ὅ
1627 3095 1720 3147 καὶ
1741 3094 1848 3164 πρὸ

260 3184 460 3235 τούτου
491 3183 737 3253 εἴπομεν,
790 3183 850 3236 τδ
895 3184 1201 3255 ἀνεπαχθὲς
1229 3185 1411 3247 αὐτοῖς
1450 3185 1846 3255 περιποιούμε-

260 3290 374 3336 νος,
405 3274 489 3325 ὅτι

258 3364 320 3417 δέ
350 3362 537 3427 τοῦτο,
561 3364 777 3436 εἴρηται
801 3365 924 3437 ἤδη,
949 3366 1031 3419 ὅτι
1054 3365 1114 3419 τὸ
1136 3366 1361 3436 Πνεῦμα
1382 3366 1443 3418 τὸ
1467 3367 1621 3434 ἆγιον
1649 3365 1844 3435 λέγει.)

268 3457 339 3509 Ὃ
370 3452 468 3510 οὖν
500 3456 726 3511 ἐλάϐετε
753 3459 977 3529 Πνεῦμα
1005 3458 1180 3528 ἆγιον,
1210 3457 1398 3528 ἐπειδὴ
1435 3457 1654 3528 βέϐαιον
1692 3457 1846 3528 ἔχετε

262 3545 397 3616 παρ’
425 3546 658 3613 ἑαυτοῖς,
688 3547 749 3600 οὑ
773 3549 962 3619 χρείαν
993 3548 1170 3619 ἔχετε,
1196 3551 1284 3604 ἴνα
1313 3566 1398 3613 τις
1429 3549 1656 3621 διδάσκῃ
1683 3550 1845 3620 ὑμᾶς.

276 3637 420 3689 Ἀλλ’
453 3636 531 3700 ὡς
566 3637 628 3690 τὸ
668 3639 800 3692 αὐτὸ
845 3638 1079 3710 χρίσμα,
1127 3641 1247 3711 ἦτοι
1275 3642 1335 3694 τὸ
1362 3641 1586 3713 Πνεῦμα
1608 3642 1850 3696 διδάσκει

263 3727 413 3797 ὑμᾶς
446 3728 576 3798 περὶ
613 3730 856 3796 πάντων,
897 3730 1080 3795 καθὼς
1132 3731 1373 3796 ἐδίδαξεν
1425 3734 1588 3803 ὑμᾶς,
1638 3735 1849 3803 μενεῖτε

263 3821 322 3873 ἐν
346 3820 524 3892 αὐτῷ.
569 3821 792 3892 Ἀ).ηοἐς
831 3824 939 3892 γάρ
966 3825 1103 3890 ἐστι,
1142 3828 1238 3878 καὶ
1268 3825 1369 3879 οὑκ
1405 3825 1520 3881 ἐστι
1560 3826 1777 3896 ψεῦδος,
1821 3825 1851 3878 ὅ

263 3911 512 3981 δηλονότι
553 3912 792 3977 ἐδίδαξεν
848 3914 1014 3984 ὑμᾶς’
1071 3934 1090 3968 ι
1117 3917 1225 3969 Καὶ
1274 3917 1432 3986 ὑμεῖς
1463 3917 1523 3971 τὸ
1576 3917 1783 3988 χρίσμα
1821 3915 1851 3969 δ

265 4003 552 4056 ἐλάϐετε.»
583 4003 658 4058 Τὸ
689 4001 818 4073 ἑξῆς
847 4005 1041 4086 οὕτως*
1069 4007 1180 4060 Καὶ
1210 4007 1368 4078 ὑμεῖς
1398 4008 1523 4061 ἐπεὶ
1551 4009 1611 4062 τὸ
1641 4009 1852 4080 χρίσμα

266 4093 295 4144 ὃ
324 4093 557 4147 ἐλάϐετε
597 4094 695 4147 ἀπ’
728 4095 892 4148 αὐτοῦ
917 4097 975 4150 ἐν
1000 4098 1131 4167 ὑμῖν
1170 4098 1347 4167 μένει,
1380 4100 1441 4153 οὐ
1475 4099 1663 4171 χρείαν
1698 4099 1848 4171 ἔχετε

268 4182 356 4235 ‘t'va
382 4199 470 4246 τις
489 4180 721 4256 διδάσκῃ
749 4185 914 4255 ὑμᾶς.

338 4362 447 4416 Καὶ
480 4362 618 4430 νῦν,
657 4365 881 4434 τεκνία,
901 4365 1114 4436 μένετε
1141 4367 1212 4423 ἐν
1242 4368 1424 4435 αὐτῷ,
1444 4371 1542 4424 ἵνα
1570 4367 1715 4425 ὅταν
1742 4387 1852 4440 φα-

270 4450 521 4519 νερωθῇ,
547 4453 778 4521 ἔχωμεν
814 4458 1176 4524 παρῤησίαν,
1207 4461 1412 4529 καί⁶μὴ
1433 4461 1852 4530 αἰσχυνθῶμεν

569 3293 586 3324 ι
614 3238 736 3327 Παῖ
755 3274 910 3328 αὐτοὶ
935 3275 990 3327 δὲ
1021 3238 1319 3345 τδῧχρίσμα
1347 3238 1653 3329 δτέλὰϐετε.
1686 3293 1704 3325 ι
1747 3238 1844 3347 ,(Τί
1877 3238 1919 3295 C

1949 1989 2026 2044 tio
2047 1989 2297 2054 audistis,
2328 1997 2384 2044 ct
2412 2004 2510 2044 vos
2542 1989 2597 2043 in
2650 1987 2788 2043 Filio
2842 1999 2896 2044 et
2938 1989 3097 2045 Patre
3154 1990 3463 2044 manebitis.
3498 2009 3516 2040 ο

1947 2075 2062 2134 Hoc
2085 2087 2188 2145 est,
2221 2086 2506 2133 consortes
2534 2078 2653 2148 ejus
2693 2079 2864 2133 eritis.
2902 2098 2920 2129 ι
2947 2079 3073 2134 Haec
3097 2087 3180 2134 est
3197 2081 3340 2134 enim
3391 2096 3522 2150 pro-

1948 2170 2160 2225 missio.
2195 2189 2215 2222 ι
2253 2168 2533 2240 Siquidem
2562 2169 3009 2238 coniunctionem
3061 2172 3176 2234 καὶ,
3204 2171 3257 2225 id
3303 2183 3386 2225 est
3444 2183 3517 2236 et,

1949 2263 2241 2318 causaliter
2273 2270 2488 2333 oportet
2509 2262 2759 2333 accipere
2811 2278 2908 2332 pro
2938 2263 3106 2317 enim.
3134 2262 3265 2329 Quae
3305 2272 3388 2318 est
3419 2279 3520 2317 au-

1949 2365 2057 2410 tem
2087 2356 2414 2426 promissio?
2444 2371 2508 2412 ea
2533 2371 2640 2425 qua
2669 2355 2800 2412 dicit
2827 2354 3087 2410 Dominus
3140 2356 3208 2410 ad
3247 2353 3460 2410 Patrem
3501 2372 3518 2409 :

1955 2464 1973 2498 ι
1995 2445 2072 2502 Περ
2095 2447 2238 2502 sicut
2264 2462 2365 2516 ego
2399 2447 2454 2503 in
2477 2456 2531 2502 te
2550 2456 2604 2504 et
2632 2457 2690 2502 tu
2728 2447 2784 2501 in
2825 2463 2931 2513 me,
2969 2447 3044 2502 ita
3079 2456 3134 2502 et
3167 2448 3266 2517 ipsi
3292 2449 3346 2502 in
3362 2449 3520 2502 nobis

1949 2555 2122 2594 unum
2149 2539 2278 2594 sint.
2309 2558 2328 2592 ι
2364 2539 2430 2593 Ει
2452 2555 2674 2594 rursum
2701 2555 2715 2592 :
2744 2558 2762 2591 ι
2794 2539 2866 2594 Ut
2896 2540 3139 2595 habeant
3164 2540 3330 2594 vitam
3351 2549 3520 2596 teter-

1947 2645 2098 2684 nam.
2152 2629 2280 2684 Hac
2322 2637 2405 2684 est
2438 2638 2621 2684 autem
2665 2630 2778 2685 vita
2828 2640 3053 2695 aeterna,
3090 2637 3149 2684 ut
3186 2639 3522 2702 cognoscant

1953 2731 2003 2777 te
2035 2722 2207 2776 solum
2229 2737 2418 2776 verum
2449 2720 2644 2785 Deum,
2673 2729 2728 2776 et
2750 2737 2910 2792 quem
2934 2722 3127 2776 misisti
3159 2719 3343 2776 Jesum
3362 2722 3526 2778 Chri-

1949 2813 2175 2868 stum".
2213 2832 2232 2866 ι
2273 2813 2537 2868 Absoluta
2565 2829 2696 2868 vero
2717 2813 2783 2868 de
2838 2813 2925 2869 his
2975 2829 3247 2878 sermone,
3307 2811 3456 2868 addit
3506 2831 3524 2869 :

1959 2925 1978 2957 ι
2008 2905 2136 2960 limo
2157 2905 2350 2973 scripsi
2377 2905 2533 2959 vobis
2558 2905 2626 2958 de
2659 2905 2744 2959 his
2766 2889 2860 2974 qui
2885 2903 3156 2959 seducunt
3176 2919 3307 2958 vos:
3352 2924 3370 2955 ι
3419 2904 3526 2960 hoc

1951 3008 2051 3064 est,
2083 3007 2305 3068 propter
2331 3013 2424 3051 eas
2454 3013 2574 3067 quae
2600 3006 2728 3052 sunt
2750 3013 2985 3068 egressae
3013 2997 3274 3051 haereses.
3323 2995 3526 3052 Deinde

1951 3106 2168 3144 rursum
2198 3090 2482 3160 subiungit
2505 3091 2648 3159 quod
2679 3100 2837 3144 antea
2888 3090 3146 3154 diximus,
3186 3089 3424 3145 alliciens
3457 3105 3529 3145 ne

1954 3184 2215 3239 molestus
2243 3184 2314 3238 sit
2351 3185 2431 3237 eis
2476 3198 2676 3248 sermo,
2717 3202 2736 3234 ι
2792 3183 2900 3254 Ipsi
2947 3199 3164 3253 quoque
3209 3183 3526 3240 unctionem

1952 3276 2257 3344 accepistis.
2283 3294 2299 3325 ι
2317 3275 2448 3340 Quae
2475 3275 2547 3329 sit
2565 3285 2746 3329 autem
2769 3275 2881 3341 illa,
2912 3276 3018 3344 jam
3045 3276 3250 3330 dictum
3275 3286 3361 3332 est
3381 3277 3527 3346 quod

1952 3365 2097 3419 dicat
2125 3364 2386 3435 Spiritum
2419 3376 2692 3421 sanctum.
2722 3366 3174 3436 Quandoquidem
3217 3383 3347 3439 ergo
3404 3367 3529 3438 Spi-

1951 3457 2115 3511 ritum
2145 3467 2395 3511 sanctum
2442 3471 2608 3528 quem
2671 3459 2981 3528 accepistis,
3053 3459 3267 3514 ﬁrmum
3310 3461 3530 3515 habetis

1949 3549 2096 3620 apud
2141 3564 2238 3606 vos
2265 3551 2435 3620 ipsos,
2469 3565 2580 3606 non
2607 3565 2832 3606 necesse
2861 3551 3076 3608 habetis
3134 3559 3195 3608 ut
3241 3554 3530 3624 quisquam
3592 3603 3599 3610 .

1952 3642 2150 3697 doceat
2183 3659 2282 3697 vos
2311 3661 2324 3698 :
2349 3644 2443 3698 sed
2472 3643 2614 3698 sicut
2647 3645 2760 3714 ipsa
2781 3646 2967 3700 unctio
3001 3645 3115 3700 sive
3142 3645 3255 3716 ipse
3290 3646 3527 3716 Spiritus

1953 3735 2114 3790 docet
2135 3751 2234 3791 vos
2261 3736 2330 3790 de
2357 3736 2611 3791 omnibus
2641 3737 2782 3791 sicut
2809 3737 3000 3791 docuit
3047 3753 3162 3803 vos,
3209 3748 3426 3792 manete
3473 3737 3531 3792 in

1952 3827 2072 3898 ipso
2102 3846 2116 3882 :
2151 3843 2274 3884 nam
2321 3843 2511 3883 verum
2567 3837 2670 3892 est,
2720 3837 2776 3883 et
2819 3845 2930 3882 non
2972 3838 3055 3885 est
3082 3830 3429 3885 mendacium
3474 3830 3530 3884 id

1953 3920 2211 3976 videlicet
2253 3925 2400 3991 quod
2443 3919 2630 3976 docuit
2653 3935 2768 3974 vos.
2809 3939 2828 3972 ι
2880 3921 2946 3974 Ει
3002 3923 3188 3976 unctio
3233 3938 3394 3990 quam
3438 3936 3534 3976 vos

1953 4011 2263 4081 accepistis.
2296 4031 2314 4064 ι
2352 4012 2571 4066 Littera:
2607 4012 2778 4066 series
2807 4019 2889 4067 est
2916 4013 3032 4066 haec
3066 4031 3078 4065 ε
3115 4013 3184 4067 Ει
3238 4002 3356 4079 vos,
3393 4031 3531 4084 quo-

1953 4102 2101 4158 niam
2149 4102 2339 4158 unctio
2391 4117 2554 4172 quam
2602 4102 2670 4157 ab
2723 4102 2841 4172 ipso
2885 4103 3174 4174 accepistis
3229 4114 3413 4158 manet
3467 4106 3525 4159 in

1890 4212 1910 4230 ο
1953 4193 2130 4259 vobis,
2180 4208 2291 4248 non
2347 4207 2578 4249 necesse
2624 4193 2840 4248 habetis
2888 4202 2948 4249 ut
3009 4193 3296 4264 quisquam
3336 4194 3531 4250 doceat

1952 4299 2072 4342 VOS.
3288 4333 3290 4336 .

2027 4375 2091 4443 ll,
2118 4375 2210 4443 28,
2231 4377 2321 4432 29.
2343 4379 2409 4432 Et
2433 4393 2591 4441 nunc,
2608 4376 2777 4446 ﬁlioli,
2809 4386 3015 4431 manete
3036 4377 3090 4430 in
3114 4394 3192 4441 eo,
3213 4385 3269 4431 ut
3290 4393 3406 4449 cum
3432 4397 3530 4448 ap-

1955 4472 2192 4539 paruerit
2224 4470 2511 4524 habeamus
2540 4469 2812 4537 ﬁduciam,
2863 4478 2912 4524 et
2942 4486 3045 4524 non
3083 4470 3436 4539 pudeﬁamus,
3461 4473 3528 4525 ab

271 4543 369 4595 ἀπ’
412 4543 605 4596 αὐτοῦ
647 4544 717 4596 ἐν
766 4543 841 4613 τῇ
875 4549 1179 4615 παρουσίᾳ
1210 4551 1423 4606 αὑτοῦ.
1483 4553 1618 4605 Ἐὰν
1655 4551 1848 4620 εἰδῆτε

1959 4579 2018 4617 eo
2056 4563 2111 4616 in
2136 4564 2367 4616 adventu
2409 4561 2544 4631 ejus.
2578 4561 2637 4616 Si
2674 4563 2820 4614 scitis
2842 4562 3195 4630 quodjustum
3224 4571 3318 4626 est,
3349 4565 3532 4617 scitote
3595 4619 3604 4626 ,

271 4631 359 4686 ὅτι
389 4632 629 4698 δίκαιός
651 4634 807 4697 ἐστι,
831 4635 1174 4704 γινώσκετε,
1202 4638 1292 4692 ὅτι
1320 4639 1440 4706 πᾶς
1469 4643 1501 4694 d
1531 4640 1718 4694 ποιῶν
1743 4641 1853 4709 τὴν

272 4723 692 4792 δικαιοσύνην,
737 4723 807 4790 ἐξ
841 4725 1026 4780 αὐτοῦ
1056 4727 1388 4796 γεγένηται.

341 4820 540 4874 Ἴδετε
555 4821 839 4888 ποταπὴν
854 4821 1094 4891 ἀγάπην
1109 4822 1368 4879 δέδωκεν
1387 4824 1532 4895 ἡμῖν
1561 4828 1594 4880 ὁ
1625 4827 1851 4896 Πατὴρ,

273 4910 369 4963 ἵνα
389 4911 578 4964 τέκνα
606 4911 756 4966 Θεοῦ
779 4910 1114 4982 κληθῶμεν.
1145 4912 1248 4967 Διὰ
1269 4913 1445 4969 τοῦτο
1467 4917 1501 4970 ὁ
1521 4915 1750 4986 κόσμος
1781 4920 1854 4972 οὐ

273 5001 550 5069 γινώσκει
569 5001 747 5073 ἡμᾶς,
763 5004 797 5058 ὅ
803 5021 852 5057 τι
877 5006 987 5060 οὐκ
1001 5007 1154 5076 ἐτνω
1168 5006 1376 5061 αὐτόν.
1394 5007 1700 5076 Ἀγαπητοί
1711 5051 1725 5072 ,
1739 5009 1857 5064 νῦν

275 5093 456 5147 τέκνα
485 5094 636 5149 Θεοῦ
669 5095 878 5164 ἐσμεν,
917 5094 1015 5149 καί
1045 5096 1209 5149 οὔπω
1232 5095 1574 5165 ἐφανερώθη
1597 5098 1629 5151 ὅ
1645 5115 1698 5151 τι
1715 5099 1856 5152 ἐσόο

269 5191 442 5252 μεθα.
472 5186 735 5256 Οἴδαμεν
763 5187 854 5253 δὲ,
893 5189 982 5243 ὅτι
1002 5189 1112 5242 ἐὰν
1125 5188 1462 5258 φανερωθῇ,
1486 5190 1674 5258 ὅμοιοι
1701 5189 1861 5256 αὐτῷ

275 5278 554 5347 ἐσόμεθα,
590 5277 681 5331 ὅτι
706 5278 976 5346 ὀψόμεθα
1005 5279 1194 5333 αὐτὸν
1222 5279 1416 5346 καθώς
1435 5280 1587 5334 ἐστι.
1613 5280 1721 5336 Καί
1744 5278 1862 5346 πᾶς

275 5373 305 5423 ὁ
321 5371 480 5440 ἔχων
512 5370 628 5440 τὴν
645 5370 865 5425 ἐλπίδα
887 5372 1112 5439 ταύτην
1136 5371 1230 5425 ἐπ’
1252 5374 1459 5437 αὐτὸν,
1475 5370 1692 5442 ἁγνίζει
1720 5373 1856 5427 ἐαυ-

276 5464 378 5516 τὸν
406 5463 600 5530 καθὼς
623 5462 857 5529 ἐκεῖνος
882 5463 1067 5534 ἁγνός
1093 5462 1248 5518 ἐστι.

344 5554 599 5624 Είρηκὼς
633 5554 733 5623 τὴν
775 5554 884 5609 τῶν
913 5553 1276 5626 ἀντιχρίστων
1323 5552 1516 5622 φορὰν,
1548 5563 1641 5606 και
1673 5555 1852 5608 πᾶσαν

279 5645 374 5713 τὴν
403 5644 788 5714 ἐνδιάστροςρον
819 5644 998 5700 αὐτῶν
1053 5645 1423 5713 διδασκαλίαν,
1460 5645 1553 5714 ἀφ’
1576 5641 1641 5716 ἧς
1665 5644 1854 5716 ὥσπερ

347 5817 394 5854 ⁷⁸
431 5819 594 5880 Joan.
627 5836 737 5889 xvr,
772 5822 820 5891 l,
843 5823 897 5876 2.

1961 4653 2099 4724 quod
2132 4654 2303 4706 omnis
2351 4653 2441 4722 qui
2477 4653 2607 4720 facit
2656 4651 2951 4719 justitiam,
3007 4652 3200 4722 exipso
3238 4663 3394 4708 natus
3431 4665 3527 4710 est.

2032 4823 2118 4888 ΠΙ,
2147 4825 2240 4879 1οὸ
2293 4822 2472 4878 Videte
2491 4822 2697 4893 qualem
2727 4823 3037 4878 charitatcm
3071 4828 3210 4881 dedit
3239 4830 3384 4884 nobis
3420 4821 3547 4885 Pa?

1962 4921 2062 4979 ter,
2092 4923 2150 4968 ut
2200 4914 2301 4982 ﬁlii
2323 4914 2421 4968 Dei
2469 4915 2820 4969 nominamur.
2893 4915 3117 4986 Propter
3163 4919 3259 4972 hoc
3308 4924 3531 4976 mundus

1961 5021 2066 5059 non
2111 5006 2250 5058 novit
2303 5022 2416 5068 nos,
2479 5007 2605 5076 quia
2663 5021 2763 5058 non
2830 5009 2970 5060 novit
3006 5024 3142 5062 eum.
3198 5009 3529 5078 Charissimi,

1962 5115 2100 5154 nunc
2125 5099 2226 5167 ﬁlii
2260 5099 2358 5152 Dei
2413 5115 2618 5164 sumus,
2682 5108 2729 5152 et
2760 5102 2989 5153 nondum
3033 5104 3283 5171 apparuit
3319 5105 3374 5159 id
3393 5107 3532 5176 quod
3606 5126 3617 5135 ’

1965 5191 2132 5262 futuri
2161 5207 2364 5245 sumus.
2441 5188 2648 5246 Scimus
2687 5202 2863 5245 autem
2909 5193 3048 5262 quod
3105 5195 3151 5248 si
3198 5199 3527 5266 apparuerit,

1968 5280 2172 5336 similes
2218 5282 2264 5334 ei
2287 5280 2517 5342 erimus;
2561 5282 2811 5350 quoniam
2865 5284 3154 5338 uidebimus
3211 5303 3330 5340 eum
3376 5289 3531 5343 sicuti

1962 5382 2060 5427 est.
2093 5371 2162 5425 Et
2185 5371 2355 5425 omnis
2381 5373 2473 5442 qui
2505 5371 2658 5428 habet
2689 5373 2824 5427 hanc
2853 5389 2995 5442 spem
3021 5377 3076 5428 iu
3105 5392 3182 5444 eo,
3201 5379 3449 5446 puri/icat
3477 5398 3533 5437 se

1958 5463 2094 5518 sicut
2119 5471 2169 5516 et
2197 5463 2288 5517 ille
2313 5479 2479 5532 purus
2515 5473 2612 5518 est.

2030 5551 2192 5621 577
2216 5552 2507 5623 Postquam
2548 5554 2683 5610 dixit
2725 5553 2794 5610 de
2824 5554 3242 5627 congregatione
3271 5554 3530 5610 antichri-

1964 5654 2194 5711 storum,
2227 5655 2279 5699 ct
2332 5647 2399 5701 de
2461 5654 2719 5717 perversa
2773 5647 2986 5703 illorum
3046 5647 3369 5713 doctrina,a
3426 5662 3531 5718 qua
