3986 6550
478 381 587 447 6ιῖ

1570 378 1966 442 (ECUMENII
1988 374 2117 434 TR!
2128 372 2280 432 ροβε
2318 367 2657 430 EPISCOPI

3624 357 3735 424 63.8

477 498 647 555 veluti
678 497 993 552 charactere
1030 492 1270 564 quodam
1302 490 1620 547 manifestos
1656 508 1775 547 sese
1809 489 2061 546 reddide-

2194 484 2472 554 ραρακτῆρί
2514 497 2623 533 τινι
2664 478 2946 549 διαδήλους
2984 475 3182 537 αὐτοὺς
3214 475 3605 545 κατεστήσατο,
3641 466 3735 529 καὶ

479 599 645 647 runt:
673 606 738 645 ac
780 589 914 644 satis
949 588 1182 641 ﬁrmavit
1216 603 1330 650 eos,
1352 595 1410 640 ut
1447 585 1656 641 immoti
1703 583 2059 654 persisterent

480 681 626 738 circa
657 697 719 736 ea
753 679 806 734 in
842 678 1044 749 quibus
1072 677 1324 731 instructi
1358 684 1535 739 erant,
1555 673 1836 743 subjungit
1866 684 2062 725 conse-

480 780 715 844 quenter
746 772 1036 841 rchsitam
1071 784 1287 838 quoque
1330 778 1553 838 prepter
1595 768 1698 821 ista
1733 765 2061 825 mercedem,

484 870 741 929 tanquam
765 859 1016 912 fortiores
1043 872 1143 912 eos
1162 857 1396 911 reddens
1419 858 1662 911 claritate
1691 854 2062 924 praemiorum.

482 960 540 1006 et
568 950 645 1004 ait
671 967 685 1003 :
721 969 739 1000 ι
770 948 979 1004 Manete
1011 948 1066 1000 iu
1098 963 1187 1001 eo.
1212 966 1231 999 ι
1262 946 1478 1013 Quare?
1502 946 1568 1001 Ut
1596 946 1894 999 habeamus
1923 943 2063 996 ﬁdu-

484 1040 623 1095 ciam
678 1040 730 1093 in
776 1039 894 1102 ipso
941 1053 1066 1092 cum
1116 1038 1446 1107 apparuerit.
1496 1037 1636 1104 Quid
1681 1035 1829 1089 enim
1868 1032 2066 1089 clarius

486 1140 583 1186 aut
645 1116 1062 1186 desicﬁzrabilius
1118 1129 1316 1184 ﬁducia
1365 1143 1472 1198 qua
1526 1126 1824 1183 exbibituri
1877 1139 2065 1179 sumus

490 1223 708 1299 Christo
742 1232 958 1276 nostros
983 1222 1040 1275 in
1078 1223 1189 1277 vita
1237 1229 1483 1290 peractos
1529 1221 1764 1283 labores,
1804 1217 2066 1273 facientes

487 1314 592 1368 hoc
622 1328 746 1367 cum
794 1312 991 1367 ﬁducia
1037 1320 1093 1366 et
1131 1312 1185 1365 in
1223 1312 1372 1367 nullo
1407 1311 1672 1383 pudorem
1730 1309 2066 1364 sustinentes

488 1406 544 1459 in
583 1406 821 1475 adventu
852 1405 1009 1473 ejus?
1041 1405 1108 1458 Et
1133 1405 1389 1475 quoniam
1426 1402 1719 1458 verisimile
1757 1410 1876 1456 erat
1903 1414 2066 1469 quos-

492 1496 617 1549 dam
657 1495 1106 1563 interrogaturus,
1157 1494 1355 1562 quibus
1386 1493 1644 1563 operibus
1691 1490 1828 1560 grati
1866 1489 1916 1543 ei
1952 1487 2067 1542 ﬁeri

490 1595 735 1655 possent,
751 1585 911 1639 docet
937 1584 1100 1640 etiam
1130 1585 1327 1646 ltoc.et
1353 1583 1428 1637 ait
1459 1601 1473 1637 :
1501 1582 1555 1637 Si
1592 1580 1924 1653 cognovistis
1943 1592 2068 1633 eum

492 1679 636 1750 quod
681 1678 863 1748 justus
906 1677 996 1743 sit,
1018 1678 1202 1748 utique
1251 1688 1305 1731 et
1341 1678 1445 1732 hoc
1479 1677 1674 1732 scitote
1716 1675 1860 1745 quod
1901 1675 1948 1728 is
1978 1671 2070 1741 qui

2164 577 2362 640 ίκανῶς
2395 576 2653 646 στηρίξας
2707 572 3059 643 ἀμεταθέτως
3086 572 3231 641 ἔχειν
3262 570 3392 640 περὶ
3423 569 3459 624 5.
3494 571 3739 639 κατηχη-

2164 669 2358 738 θησαν,
2389 668 2584 733 ἐπάγει
2615 665 2800 719 λοιπὸν
2832 664 2928 717 καὶ
2951 663 3040 718 τὸν
3065 662 3428 730 ἀποκείμενον
3447 659 3536 713 διὰ
3560 659 3741 714 ταῦτα

2167 759 2377 830 μισθὸν,
2431 755 2620 825 ὥσπερ
2681 753 3039 824 ίσχυροποιῶν
3100 753 3295 815 αὐτοὺς
3335 749 3423 805 διὰ
3476 750 3582 820 τῆς
3630 750 3742 805 τῶν

2162 849 2412 903 ἐπάθλων
2444 845 2825 915 λαμπρότητας
2845 882 2861 906 ,
2910 843 3003 896 καί
3051 859 3214 911 φησιν
3234 882 3249 906 ,
3280 842 3363 895 ὃτι
3395 857 3410 872 ο
3467 859 3487 891 ι
3524 840 3743 895 Μὲνετε

2168 938 2223 989 ὲν
2248 930 2419 1005 αὐτῷ.
2449 957 2467 986 ι
2504 935 2603 986 Διὰ
2634 934 2721 999 τί;
2759 933 2877 985 Ἵνα
2914 931 3127 1000 ἔχωμεν
3159 928 3471 1001 παρρησίαν
3507 930 3566 983 ἐν
3590 929 3743 1000 αὐτῷ

2165 1029 2293 1082 ὅταν
2323 1025 2638 1099 φανερωθῇ.
2698 1023 2763 1076 Τί
2801 1023 2910 1094 γὰρ
2946 1023 3407 1091 περιφανέστερον
3433 1020 3465 1089 ἦ
3495 1019 3746 1089 ζηλωτό.

2166 1136 2323 1188 τερον
2353 1117 2686 1189 παρρησίας,
2718 1114 2936 1169 ἐπειδὰν
2959 1106 3003 1178 ᾧ
3025 1112 3429 1166 ἐπιδείκνυσθαι
3454 1112 3746 1182 μέλλωμεν

2168 1211 2292 1271 τοὺς
2322 1210 2379 1261 ὲν
2410 1207 2486 1278 τῷ
2518 1207 2617 1278 βίῳ
2646 1205 2841 1268 πόνους
2872 1204 3047 1274 ἡμῶν,
3081 1202 3220 1272 μετὰ
3241 1201 3555 1273 παρρησίας
3581 1202 3745 1254 τοῦτο

2170 1298 2431 1370 ποιοῦμεν
2470 1300 2561 1352 xal.
2598 1298 2762 1368 μηδὲν
2818 1295 3200 1366 αἰσχυνόμενοι
3248 1297 3306 1348 ὲν
3352 1297 3419 1365 τῇ
3466 1293 3749 1365 παρουσία

2171 1392 2334 1447 αὐτοῦ
2363 1408 2379 1456 ;
2410 1389 2599 1460 ἐπειδὴ
2637 1389 2781 1450 εἰκός
2829 1405 2980 1449 τινας
3011 1388 3214 1458 ζητεῖν,
3242 1386 3365 1440 τίνα
3395 1385 3750 1456 κατορθωκό-

2169 1502 2260 1548 τες
2312 1484 2595 1555 εὐάρεστοι
2629 1480 2779 1552 αὐτῷ
2825 1481 3087 1548 γένοιντο,
3145 1479 3388 1534 διδάσκει
3444 1480 3541 1532 καὶ
3588 1477 3753 1532 τοῦτο

2172 1575 2265 1628 καί
2292 1592 2479 1644 φησιν,
2514 1574 2620 1638 ὅτι,
2659 1574 2721 1625 Εἰ
2745 1571 3023 1640 ἐγνώκατε
3057 1571 3238 1633 αὐτὸν,
3260 1572 3343 1623 ὅτι
3370 1570 3578 1632 δίκαιός
3606 1571 3752 1637 ἐστι,

2180 1667 2396 1729 πάντως
2427 1667 2520 1718 καὶ
2543 1663 2699 1719 τοῦτο
2731 1663 3046 1732 γινώσκετε,
3074 1663 3154 1717 δτι
3178 1665 3206 1716 ὁ
3228 1664 3397 1716 ποιῶν
3417 1664 3514 1733 τὴν
3538 1664 3754 1717 δικαιο-

491 1767 623 1823 facit
667 1769 939 1837 justitiam
979 1784 1050 1823 ex
1100 1769 1219 1837 ipso
1258 1777 1419 1823 natus
1463 1768 1577 1823 sit:
1604 1768 1789 1837 justus
1837 1779 2071 1833 namque

2194 1758 2363 1828 τύνην,
2398 1756 2458 1822 ἐξ
2490 1756 2654 1811 αὑτοῦ
2682 1756 2991 1826 γεγένηται.
3035 1753 3094 1808 '0
3127 1754 3333 1819 δίκαιος
3371 1754 3477 1827 γὰρ
3503 1756 3756 1820 δικαίους

488 1860 666 1927 justus
693 1870 935 1931 generat.
958 1861 1125 1914 Porro
1158 1867 1423 1929 quantum
1458 1858 1528 1914 sit
1566 1860 1671 1914 hoc
1699 1857 1766 1913 ad
1800 1857 2075 1929 gloriatio-

2194 1853 2369 1923 γεννᾷ.
2406 1851 2569 1902 Ὅσον
2613 1848 2668 1902 δὲ
2700 1847 2857 1903 τοῦτο
2902 1849 2982 1911 είς
3013 1848 3275 1921 καύχημα
3302 1850 3398 1902 καὶ
3432 1848 3756 1921 παρρησίαν

494 1968 619 2006 nem
692 1963 746 2005 et
801 1952 1056 2006 fiduciam
1114 1960 1356 2006 nostram
1420 1951 1601 2005 nullus
1662 1951 1911 2022 ignorata
1935 1949 2080 2003 sicut

2194 1943 2335 2012 ὃμῶν
2368 1942 2542 2005 οὐδεὶς
2565 1942 2770 2009 ἀγνοεῖ,
2798 1939 2911 1993 ἀλλ’
2946 1940 3067 1992 οὐδὲ
3089 1940 3187 2010 τὴν
3210 1939 3302 1992 τοῦ
3328 1938 3756 2010 παρασχομένου

496 2059 680 2111 neque
727 2043 880 2107 illud,
915 2057 1113 2112 nempe
1158 2051 1359 2111 quanta
1390 2050 1449 2096 et
1477 2043 1653 2111 qualis
1681 2042 1752 2096 sit
1780 2040 1996 2096 dilectio
2023 2048 2081 2095 et

2194 2034 2324 2105 πρὸς
2370 2035 2512 2105 ὑμᾶς
2544 2033 2766 2102 ἀγάπην
2795 2048 2852 2084 τε
2879 2035 2975 2084 καὶ
3003 2031 3369 2102 χρηστότητα,
3395 2032 3496 2100 ὅση
3540 2048 3627 2094 τις
3662 2031 3761 2085 καὶ

496 2133 805 2203 benignitas
860 2148 1022 2202 quam
1077 2149 1206 2203 erga
1256 2148 1354 2187 vos
1403 2131 1674 2195 exhibuit.
1700 2131 1893 2186 Videte
1930 2131 2080 2186 enim

2194 2126 2271 2182 δῖα
2299 2125 2470 2180 εει-τίν⁸
2512 2126 2684 2179 εἴδετε
2728 2124 2837 2196 γὰρ
2869 2125 2950 2178 ὅτι
2990 2124 3190 2178 ἔδωκεν
3217 2126 3350 2194 ἡμῖν
3388 2123 3555 2177 τέκνα
3586 2121 3760 2177 αὐτοῦ

497 2223 644 2294 quod
690 2223 900 2279 dederit
927 2223 1085 2277 nobis
1122 2232 1181 2277 ut
1213 2222 1308 2276 lilii
1353 2221 1434 2276 sui
1478 2236 1727 2277 essemus
1769 2230 1824 2275 et
1865 2234 2083 2275 vocare-

2194 2218 2444 2286 γενέσθαι
2489 2234 2548 2271 τε
2580 2217 2676 2270 καὶ
2705 2217 2991 2287 κληθῆναι.
3044 2218 3105 2270 Εί
3143 2217 3200 2270 δὲ
3226 2219 3337 2280 τοῖς
3367 2219 3426 2270 ὲν
3460 2217 3539 2287 τῷ
3566 2216 3763 2286 κόσμῳ

498 2330 642 2368 mur.
669 2314 823 2380 Quod
846 2314 890 2368 si
913 2330 1009 2368 eos
1030 2314 1123 2384 qui
1148 2323 1279 2369 sunt
1315 2313 1365 2366 in
1389 2312 1592 2367 mundo
1619 2312 1724 2367 hoc
1749 2310 1935 2375 lateat,
1953 2320 2083 2381 puta

2194 2309 2351 2379 φησὶν
2378 2309 2572 2379 ἄδηλον
2601 2307 2779 2372 τοῦτο,
2810 2307 2952 2377 λέγω
2995 2308 3052 2362 δὲ
3089 2308 3171 2375 τὸ,
3219 2308 3368 2371 υίοὺς
3418 2309 3567 2377 ἡμᾶς
3618 2303 3766 2363 εἶναι

499 2419 604 2460 nos
634 2421 753 2460 esse
789 2406 881 2459 Dei
927 2406 1087 2471 ﬁlios,
1111 2421 1180 2460 ne
1212 2406 1315 2459 hoc
1354 2403 1698 2458 admiremini
1734 2421 1747 2456 :
1789 2419 1916 2457 nam
1958 2417 2085 2472 pro-

2194 2398 2345 2465 Θεοῦ,
2384 2397 2459 2469 μὴ
2488 2398 2796 2469 θαυμάζετε
2835 2398 3012 2454 τοῦτο.
3036 2398 3137 2452 Διὰ
3168 2399 3278 2469 γὰρ
3300 2398 3458 2452 τοῦτο
3485 2400 3549 2452 οὐ
3594 2398 3766 2466 γινώ-

501 2504 626 2565 pter
662 2494 764 2548 hoc
809 2494 1047 2548 mundus
1094 2509 1205 2547 non
1254 2492 1409 2547 novit
1450 2507 1572 2558 nos,
1594 2491 1855 2563 quoniam
1909 2506 2087 2562 neque

2194 2506 2310 2543 σκει
2356 2489 2520 2560 ὑμᾶς,
2558 2490 2640 2543 ὅτι
2683 2490 2807 2543 οὐδὲ
2836 2490 2929 2545 τὸν
2974 2491 3363 2561 υίοθετήσαντα
3396 2489 3545 2562 ὑμᾶς
3592 2490 3761 2559 ἔγνω.

501 2600 629 2640 eum
658 2586 811 2639 novit
838 2586 933 2654 qui
966 2600 1065 2640 nos
1103 2585 1383 2655 adoptavit
1412 2583 1466 2638 in
1500 2584 1659 2639 ﬁlios.
1689 2583 1847 2649 Quod
1901 2593 2086 2651 autem

503 2676 770 2730 mundum
801 2674 947 2729 dicat
990 2674 1148 2728 vilem
1180 2682 1234 2728 et
1262 2674 1532 2742 abjectam
1571 2673 1812 2738 turbam,
1836 2671 2091 2743 frequen-

506 2774 591 2821 ter
615 2764 974 2820 ostendimus.
1016 2762 1223 2818 Deinde
1252 2776 1543 2835 postquam
1581 2764 1929 2834 adoptionem
1959 2779 2092 2819 con-

505 2856 760 2919 ﬁrmavit,
789 2853 991 2909 clarius
1021 2864 1146 2925 post
1188 2855 1304 2909 haec
1335 2854 1468 2909 dicit
1505 2863 1561 2909 et
1604 2855 1828 2925 gloriam
1861 2869 1925 2908 ac
1952 2855 2094 2909 ﬁdu-

504 2943 646 2998 ciam
693 2959 794 2999 seu
826 2943 1137 2999 libertatem
1186 2959 1309 3014 qua:
1353 2944 1438 2999 bis
1485 2944 1723 3013 reposita
1754 2952 1839 2999 est
1870 2944 1961 3014 qui
1992 2944 2091 2999 ad-

504 3033 678 3104 eptati
720 3043 867 3098 sunt,
907 3044 964 3088 et
1008 3032 1132 3088 ait:
1171 3053 1187 3085 ι
1222 3032 1568 3097 Charissimi,
1604 3047 1752 3087 nunc
1826 3031 1921 3087 ﬁlii
1996 3031 2091 3088 Dei

505 3140 752 3183 sumus.»
782 3125 857 3179 Ac
877 3125 921 3179 si
953 3124 1162 3179 diceret
1187 3141 1201 3178 :
1227 3122 1483 3189 Omnino,
1514 3122 1842 3188 cliarissimi,
1872 3138 1935 3178 ex
1957 3138 2090 3192 prae-

506 3216 829 3271 cedentibus
850 3217 1003 3270 scitis
1031 3215 1176 3285 quod
1206 3216 1259 3268 in
1286 3214 1426 3269 ﬁlios
1452 3215 1548 3268 Dei
1579 3218 1843 3286 assumpti
1876 3215 2046 3269 simus
2072 3231 2088 3268 :

506 3309 653 3377 quod
679 3308 722 3360 si
752 3309 804 3361 id
834 3308 1075 3362 nondum
1103 3306 1509 3361 manifestatum
1535 3316 1637 3370 est,
1665 3322 1734 3362 ne
1758 3305 2050 3361 turbcmini
2075 3323 2089 3360 :

507 3399 652 3469 quod
697 3399 844 3452 enim
879 3413 1026 3453 nunc
1060 3398 1328 3453 incertum
1371 3409 1472 3463 est,
1499 3397 1846 3452 manifestum
1878 3397 1970 3451 ﬁet
2003 3397 2094 3451 illo

509 3489 768 3543 revelato.
791 3488 1073 3556 Siquidem
1100 3488 1410 3558 adoptionis
1439 3489 1782 3558 splendorem
1809 3488 2096 3543 exhibebi-

402 3600 410 3607 -
511 3592 636 3633 mus
662 3587 991 3648 apparentes
1017 3578 1120 3648 ipsi
1153 3577 1381 3641 similes;
1401 3594 1526 3632 nam
1562 3576 1657 3632 ﬁlii
1688 3578 1913 3632 omnino
1944 3576 2096 3632 simi-

512 3669 593 3723 les
620 3678 750 3722 sunt
788 3670 948 3738 patri.
974 3666 1081 3723 Sed
1112 3676 1168 3725 et
1197 3669 1396 3727 ﬁducia
1441 3684 1567 3740 erga
1620 3669 1796 3740 ipsum
1833 3669 2098 3723 habentes

514 3768 771 3828 tauquam
815 3760 933 3822 ﬁlii,
962 3760 1274 3815 videbimus
1316 3776 1440 3815 eum
1479 3761 1641 3815 sicuti
1682 3771 1766 3815 est
1791 3780 1803 3815 :
1828 3776 1937 3815 non
1968 3775 2099 3815 sane

510 3851 663 3922 juxta
684 3851 855 3921 ipsius
874 3862 1145 3918 naturam;
1167 3868 1291 3905 nam
1318 3853 1422 3908 hoc
1446 3852 1781 3923 impossibile
1804 3861 1886 3908 est
1906 3862 2101 3908 creata:

515 3953 723 3998 naturae
753 3961 768 3999 :
798 3944 893 3999 sed
927 3945 1096 4015 quid?
1125 3945 1334 4014 justum
1357 3943 1513 4014 justi,
1534 3961 1731 4014 purum
1762 3946 1901 4016 puri.
1925 3944 2102 3999 Simili

517 4035 666 4090 enim
713 4036 1068 4090 adhaerebunt
1101 4043 1158 4090 et
1190 4034 1417 4091 similes.
1439 4035 1575 4091 Nam
1606 4035 1676 4091 ob
1704 4035 1758 4091 id
1786 4037 1948 4106 paulo
1975 4045 2103 4091 ante

2191 2581 2314 2635 Ὅτι
2341 2580 2397 2633 δὲ
2429 2581 2634 2650 κόσμον
2665 2581 2757 2635 τὸν
2786 2582 3053 2651 συρφετὸν
3092 2581 3250 2653 ὄχλον
3287 2582 3459 2651 λέγει,
3489 2580 3764 2654 πολλαχοῦ

2189 2672 2640 2742 παρεστήσαμεν.
2696 2669 2832 2726 Εἶτα
2871 2673 3062 2744 ἐπειδὴ
3089 2674 3153 2728 τὸ
3180 2676 3282 2745 τῆς
3307 2673 3579 2739 υἱοθεσίας
3608 2692 3769 2729 κατε·-

2194 2765 2452 2833 σκεὺασε,
2486 2768 2638 2837 λέγει
2660 2768 2771 2821 σὲπὶ
2794 2767 3003 2832 τούτοις
3034 2767 3355 2839 τρανότερον
3385 2769 3480 2823 καὶ
3504 2767 3606 2839 τὴν
3631 2770 3771 2825 ἀπο-

2191 2859 2453 2929 κειμένην
2488 2858 2648 2926 δόξαν
2685 2860 2780 2912 καὶ
2813 2859 3128 2930 παρρησίαν
3172 2859 3280 2913 τῶν
3318 2859 3772 2932 υίοθετηθὲντων,

2192 2951 2286 3004 καί
2343 2967 2532 3020 φησιν⁸
2576 2969 2596 3003 ι
2620 2951 2943 3020 ’Δγαπητοὶ,
3003 2950 3099 3005 νῦν
3146 2952 3312 3007 τέκνα
3341 2952 3478 3006 Θεοῦ
3523 2955 3716 3023 ἐσμεν.
3740 2970 3763 3004 ι

2204 3041 2456 3113 Ὦσπερεὶ
2485 3042 2660 3111 ἔλεγε*
2695 3044 2942 3109 Πάντως,
2982 3045 3279 3116 ἀγαπητοὶ,
3309 3044 3397 3100 διὰ
3412 3043 3523 3099 τῶν
3560 3044 3772 3115 προλα-

2192 3131 2396 3186 ϐόντων
2427 3132 2651 3201 ἔγνωτε,
2673 3133 2756 3187 ὅτι
2778 3135 2858 3197 είς
2891 3134 3040 3198 υἱοὺς
3070 3132 3205 3187 Θεοῦ
3240 3133 3656 3205 ἀνελήφθημεν.
3704 3133 3771 3187 El

2194 3222 2252 3276 δὲ
2293 3222 2369 3293 μὴ
2395 3224 2494 3295 ήδη
2526 3222 2847 3295 ἐφανερώθη
2879 3224 3058 3289 τοῦτο,
3092 3223 3169 3295 μὴ
3197 3224 3532 3295 θορυϐεῖσθε.
3563 3225 3641 3279 Τὸ
3662 3224 3774 3297 γάρ

2194 3312 2291 3369 νῦν
2342 3314 2561 3383 ἄδηλον,
2599 3317 2834 3386 φανερὸν
2864 3318 3179 3385 γενήσεται,
3222 3317 3434 3370 ἐκείνου
3487 3317 3775 3371 ἀποκαλυ-

2196 3404 2487 3473 πτομένου.
2552 3404 2767 3476 Ὅμοιοι
2814 3407 2922 3479 γὰρ
2962 3407 3111 3477 αὐτῷ
3149 3407 3538 3477 ἀναφανέντες,
3581 3406 3643 3461 τὸ
3674 3406 3779 3477 τῆς

2197 3495 2473 3561 υίοθεσίας
2500 3496 2756 3568 λαμπρὸν
2794 3498 3243 3568 παραστήσομεν.
3270 3497 3335 3551 Ol
3364 3496 3474 3568 γὰρ
3499 3497 3607 3550 υίοὶ
3636 3497 3777 3550 πᾶν·

2196 3602 2306 3649 τως
2360 3586 2537 3656 ὅμοιοι
2582 3586 2661 3658 τῷ
2712 3587 2902 3658 πατρί.
2962 3587 3123 3642 Ἀλλὰ
3164 3588 3260 3640 καὶ
3296 3586 3395 3656 τὴν
3430 3588 3568 3657 πρὸς
3608 3585 3775 3639 αὐτὸν

2199 3676 2515 3746 παρρησίαν
2559 3676 2778 3746 ἔχοντες
2822 3677 2897 3740 ὡς
2944 3678 3070 3744 υἱοὶ,
3126 3676 3372 3747 ὀψόμεθα
3397 3675 3561 3729 αὐτὸν
3591 3674 3778 3738 καθώς

2201 3766 2372 3832 ἐστιν,
2408 3766 2467 3820 οὐ
2492 3765 2635 3820 κατὰ
2668 3765 2765 3837 τὴν
2794 3765 2955 3837 φύσιν
2978 3767 3239 3836 δηλονότι.
3273 3766 3466 3838 (Τοῦτο
3491 3766 3601 3836 γὰρ
3630 3768 3779 3837 ἁμή-

2201 3874 2364 3929 χανον
2407 3861 2612 3930 γενητῇ
2662 3858 2868 3930 φύσει.)
2948 3859 3112 3912 Ἀλλὰ
3150 3860 3247 3926 τίς
3293 3859 3504 3914 δίκαιον
3550 3860 3780 3930 δίκαιοι,

2203 3948 2366 4017 ἁγνὸν
2404 3947 2580 4017 ἁγνοί.
2638 3947 2728 4018 Τῷ
2768 3948 2877 4017 γὰρ
2915 3948 3089 4019 ὁμοίῳ
3139 3948 3547 4018 προσφύσονται
3596 3949 3695 4000 καὶ
3730 3948 3785 4000 ot

2202 4039 2399 4108 ὅμοιοι.
2449 4038 2549 4090 Διὰ
2580 4038 2691 4108 γὰρ
2727 4039 2887 4091 τοῦτο
2915 4038 3010 4092 καὶ
3040 4037 3223 4108 μικρῷ
3254 4037 3486 4090 κατόπιν
3511 4033 3669 4091 εἷπον
3700 4037 3787 4090 ὅτι

517 4126 625 4182 dixi
660 4126 803 4195 quod
854 4126 1060 4181 similes
1097 4126 1149 4181 ei
1181 4126 1387 4182 erimus
1415 4145 1428 4180 :
1454 4143 1562 4181 non
1610 4126 1761 4197 juxta
1803 4136 2052 4182 naturam
2085 4142 2113 4205 ς.

2204 4128 2382 4198 ὅμοιοι
2412 4126 2562 4197 αὐτῷ
2588 4126 2847 4197 ἐσόμεθα,
2872 4127 2934 4180 οὐ
2960 4128 3098 4181 κατὰ
3131 4127 3231 4199 τὴν
3271 4127 3454 4194 φύσιν.
3500 4125 3641 4181 Eine
3672 4127 3787 4198 γὰρ

520 4216 686 4287 578
708 4215 934 4271 dixisset
958 4221 1103 4270 enim
1145 4216 1345 4285 alioqui
1374 4233 1484 4271 non
1507 4218 1743 4281 Similes,
1770 4218 1863 4272 sed
1897 4218 2060 4271 Iidem
2084 4236 2101 4272 ε

2206 4220 2275 4274 ἂν
2294 4220 2392 4290 οὐχ
2417 4221 2657 4289 Ὅμοιοι,
2688 4220 2803 4272 ἀλλ’
2838 4220 2903 4272 Ol
2924 4220 3096 4274 αὐτοί.
3115 4219 3230 4273 Νῦν
3263 4218 3319 4273 δὲ
3349 4219 3473 4272 ἐπεὶ
3507 4219 3584 4290 μὴ
3623 4219 3788 4272 τοῦτο

518 4321 668 4360 nunc
711 4314 894 4359 autem
936 4304 1065 4374 quia
1130 4305 1181 4360 id
1212 4321 1324 4360 non
1372 4308 1668 4379 continget,
1694 4308 1830 4362 dixit
1867 4307 2092 4372 Similes,

2206 4311 2383 4376 ἔσται,
2411 4307 2532 4365 εἶπε
2559 4312 2622 4365 τὸ
2648 4312 2885 4383 Ὅμοιοι,
2916 4313 3056 4366 κατὰ
3078 4311 3178 4381 τὴν
3206 4312 3305 4382 τῆς
3323 4312 3482 4381 δόξης
3518 4311 3788 4383 ποιότητα

518 4395 675 4466 juxta
698 4395 884 4465 gloriae
910 4394 1164 4449 videlicet
1192 4396 1529 4465 qualitatem.
1549 4397 2092 4452 Animadvertendum

2206 4405 2433 4478 δηλαδή.
2498 4404 2935 4477 Ἐπισημαντέον
2975 4405 3032 4458 δὲ
3062 4406 3144 4459 ὅτι
3175 4405 3276 4458 οὒκ
3311 4400 3466 4458 εἶπεν
3499 4405 3787 4473 ἀνωτέρω,

525 4495 612 4541 est
647 4495 829 4539 autem
863 4485 1007 4554 quod
1036 4500 1146 4540 non
1174 4487 1374 4542 dixerit
1404 4488 1461 4541 in
1492 4489 1885 4559 superioribus,
1914 4488 2092 4546 Omnis

2209 4496 2324 4558 Πᾶς
2339 4496 2368 4547 ό
2386 4496 2616 4565 ποιήσας
2635 4496 2734 4564 τὴν
2755 4494 3123 4565 δικαιοσύνην,
3144 4494 3178 4565 ἢ
3212 4494 3270 4547 'O
3294 4495 3556 4563 ποιήσων,
3576 4493 3695 4547 ἀλλ’
3727 4492 3788 4547 Ὃ

523 4574 621 4645 qui
649 4573 782 4628 fecit
805 4582 898 4628 aut
943 4574 1037 4643 qui
1071 4572 1236 4629 faciet
1261 4577 1534 4644 justitiam
1564 4578 1656 4632 sed
1683 4577 1785 4643 Qui
1812 4577 1960 4632 facit.
1987 4576 2092 4631 Vir-

2213 4587 2401 4643 ποιῶν.
2425 4587 2737 4659 Πρακτικαὶ
2761 4587 2869 4658 γὰρ
2898 4588 2955 4640 al
2988 4588 3202 4658 ἀρεταὶ,
3232 4587 3326 4639 καὶ
3354 4588 3411 4638 ὲν
3434 4586 3515 4655 τῷ
3536 4585 3790 4654 γίνεσθαι

525 4674 674 4721 tutes
689 4665 838 4719 enim
871 4680 1092 4734 semper
1123 4675 1465 4736 operantur:
1495 4676 1552 4722 et
1575 4668 1703 4723 dum
1734 4668 1890 4734 ﬁunt,
1909 4670 2092 4724 haben

2210 4678 2399 4750 ἔχουσι
2434 4679 2496 4732 τὺ
2537 4670 2701 4737 εἶναι.
2732 4679 3104 4751 έΠαυσάμεναι
3126 4679 3236 4750 γὰρ
3262 4677 3296 4748 ἢ
3321 4677 3637 4749 μέλλουσαι,
3665 4678 3790 4732 οὐδὲ

522 4772 648 4813 esse
680 4776 694 4812 :
723 4766 1001 4813 cessantes
1051 4772 1193 4814 vero
1233 4768 1328 4813 aut
1363 4758 1582 4825 futurae,
1616 4774 1687 4815 ne
1729 4775 1850 4816 esse
1894 4762 2092 4832 quiden

2211 4768 2272 4824 τὸ
2303 4767 2443 4823 εἶναι
2469 4769 2678 4839 έχουσι.

529 4848 754 4904 habent.

601 4937 694 5001 lll,
728 4938 849 4994 4-8.
881 4940 1063 4994 Omnis
1115 4941 1219 5012 qui.
1248 4942 1375 5012 facit
1418 4950 1708 5011 peccatum,
1758 4953 1807 4998 et
1857 4944 2115 5013 iniquita-
2150 4942 2163 4955 ‘

528 5038 635 5086 tem
676 5031 827 5101 facit,
853 5038 901 5084 et
925 5044 1195 5100 peccatum
1227 5043 1299 5087 est
1356 5035 1685 5088 commissum
1715 5045 1898 5088 contra
1924 5034 2112 5106 legem.

532 5124 602 5176 IL‘t
629 5122 773 5177 scitis
793 5124 932 5193 quod
976 5124 1066 5179 ille
1107 5127 1434 5195 apparuerit,
1462 5135 1519 5180 ut
1553 5136 1765 5197 peccata
1790 5137 1968 5181 nostra
2001 5126 2114 5181 tol-

531 5214 660 5268 leret
686 5230 706 5269 :
732 5222 782 5268 et
819 5226 1090 5284 peccatum
1144 5221 1198 5271 in
1231 5233 1289 5271 eo
1333 5234 1438 5271 non
1487 5226 1583 5273 est.
1603 5218 1781 5274 Omnis
1811 5219 1901 5290 qui
1955 5219 2012 5272 in
2056 5234 2116 5272 eo

2283 4943 2410 5014 Πᾶς
2439 4947 2472 5001 ό
2516 4946 2703 5001 ποιῶν
2745 4946 2859 5014 τὴν
2890 4946 3205 5016 ἁμαρτίαν,
3250 4947 3350 5000 καί
3388 4946 3505 5016 τὴν
3532 4921 3792 5017 ἀνομίαν

2213 5038 2389 5101 ποιεῖ,
2422 5039 2518 5093 καί
2550 5039 2588 5106 ἡ
2611 5039 2865 5107 ἁμαρτία
2910 5038 3083 5091 ἐστίν
3111 5040 3148 5107 ἠ
3170 5039 3408 5107 ἀνομία.
3448 5039 3557 5094 Kal
3588 5039 3791 5093 οἴδατε

2214 5128 2302 5183 ὅτι
2342 5129 2572 5195 ἐκεῖνος
2617 5130 2978 5198 ἐφανερώθη,
3013 5130 3112 5184 ἵνα
3144 5128 3251 5196 τὰς
3286 5130 3579 5197 ἁμαρτίας
3622 5127 3792 5200 ἡμῶν

2214 5223 2375 5290 αἴρῃ.
2401 5220 2505 5275 Kal
2526 5220 2773 5290 ἁμαρτία
2796 5220 2865 5273 ἐν
2887 5218 3047 5286 αὐτῷ
3075 5223 3185 5274 οὐκ
3213 5222 3361 5275 ἐστι.
3397 5218 3523 5285 Πᾶς
3553 5222 3589 5274 ό
3609 5220 3792 5289 ἀμαρ-

499 5894 513 5944 i

534 5314 736 5372 manet,
764 5322 867 5361 non
897 5316 1097 5377 peccat.
1130 5308 1310 5364 Omnis
1367 5312 1457 5373 qui
1483 5321 1680 5381 peccat,
1702 5327 1805 5365 non
1837 5311 1966 5365 vidit
1997 5326 2115 5365 eum
2151 5345 2161 5355 ι

484 5470 487 5473 _
532 5413 626 5451 nec
661 5399 897 5468 cognovit
924 5414 1064 5455 eum.
1091 5398 1294 5465 Filioli,
1314 5417 1467 5456 nemo
1495 5419 1582 5456 vos
1607 5404 1836 5456 seducat.
1866 5401 1964 5468 Qui
1986 5403 2117 5472 facit

537 5489 1020 5569 iustitiam,justus
1060 5501 1136 5546 est
1160 5495 1298 5546 sicut
1326 5503 1374 5547 et
1406 5493 1495 5548 ille
1515 5495 1695 5565 justus
1734 5503 1827 5548 est.
1853 5492 1953 5559 Qui
1987 5495 2115 5565 facit

536 5595 828 5650 peccatum,
866 5598 930 5635 ex
955 5582 1163 5638 diabolo
1189 5587 1558 5657 esthquoniam
1595 5588 1660 5641 ab
1690 5587 1839 5640 initio
1874 5586 2116 5640 diabolus

536 5672 831 5817 zezza;:dd
857 5674 951 5729 hoc
977 5678 1225 5747 apparuit
1250 5676 1424 5734 Filius
1449 5680 1569 5749 Dei,
1595 5689 1651 5736 ut
1686 5679 1933 5737 dissolvat
1960 5694 2115 5749 opera

579 5778 594 5816 ι
663 5778 695 5817 ο
717 5779 758 5817 ι.

579 5778 758 5818 ιαοοιι.

2215 5311 2412 5365 nier
2435 5311 2547 5380 οὐχ
2584 5311 2845 5376 ἑώρακεν
2882 5312 3083 5376 αὐτὸν,
3111 5310 3252 5369 οὐδὲ
3282 5310 3548 5379 ἔγνωκεν
3579 5310 3788 5365 αὐτόν.

2222 5403 2452 5464 Τεκνία,
2470 5401 2686 5471 μηδεὶς
2716 5402 3001 5457 πλανάτω
3030 5403 3207 5471 ὑμᾶς·
3251 5404 3312 5457 '0
3338 5402 3526 5457 ποιῶν
3556 5405 3677 5475 τὴν
3704 5403 3789 5458 δι-

2219 5494 2555 5558 καιοσύνην
2579 5492 2811 5558 δίκαιός
2838 5493 2991 5557 ἐστι,
3021 5496 3213 5561 καθὼς
3237 5496 3465 5563 ἐκεῖνός
3489 5497 3688 5554 ἐστίν.
3732 5496 3792 5550 '0

2218 5582 2406 5636 ποιῶν
2436 5584 2551 5651 τὴν
2575 5586 2869 5653 ἁμαρτίαν
2906 5586 2974 5640 ἐκ
3008 5586 3111 5641 τοῦ
3138 5586 3422 5642 διαϐόλου
3462 5588 3665 5653 ἐστιν,
3705 5586 3791 5641 ὅτι

2217 5675 2319 5729 ἀπ’
2349 5675 2539 5745 ἀρχῆς
2568 5679 2601 5730 ό
2628 5677 2909 5743 διάϐολος
2934 5678 3275 5746 ἁμαρτάνει.
3304 5681 3411 5745 Εἰς
3443 5679 3624 5734 τοῦτο
3652 5678 3792 5747 ἐρα-

2219 5764 2447 5831 νερώθη
2486 5768 2520 5819 ό
2570 5766 2702 5834 Υἱὸς
2741 5768 2850 5825 τοῦ
2891 5767 3040 5823 Θεοῦ
3070 5767 3175 5824 ἵνα
3200 5767 3367 5838 λύσῃ
3404 5767 3478 5837 ea
3513 5768 3662 5839 ἔργα
3688 5763 3805 5837 τοῦ¹

2221 5855 2524 5911 διαϐόλου.
