3986 6584
263 396 374 479 es

1304 393 1699 481 ἙΟΜΜΕΝΤ,
1738 392 1821 477 1N
1852 387 2090 476 tie-151‘.
2132 392 2163 475 ι
2202 380 2543 478 .iOANi‘llS.

3426 418 3531 478 (ἱῘῶ

340 529 781 594 Κατασκευάσας
795 511 888 585 τὸν
899 531 1031 603 περὶ
1056 532 1411 603 δικαιοσύνης
1441 534 1601 603 λόγον
1632 532 1723 587 διὰ
1750 531 1852 585 τῶν

2033 529 2366 586 Conﬁrmato
2393 529 2446 584 in
2493 530 2865 600 superioribus
2887 527 3142 586 sermone
3169 530 3238 586 de
3263 531 3475 601 justitiz.
3500 551 3533 589 a

263 619 534 692 ἀνωτέρω
582 623 691 678 ἀπὸ
728 624 841 678 τῶν
884 628 982 696 τῆς
1016 625 1368 699 δικαιοσύνης
1395 626 1598 689 καλῶν,
1627 625 1723 679 νῦν
1752 628 1847 679 καὶ

257 712 373 767 ἀπὸ
405 714 506 767 τοῦ
537 715 781 770 ἐναντίου
804 718 900 786 καὶ
928 717 1039 772 τῶν
1059 719 1475 790 ἐνυπαρχόντων
1502 719 1652 790 αὐτῷ
1681 718 1846 789 ἐφορ-

262 806 342 875 μᾷ
374 808 444 875 τῇ
476 807 776 873 ἀποδείξει,
806 809 903 863 καί
928 825 1086 880 φησι·
1120 811 1268 873 «Πᾶς
1297 811 1325 862 6
1344 811 1513 863 ποιῶν
1543 811 1644 879 τὴν
1673 811 1850 881 ἀμαρ-

255 896 405 958 τίαν,
430 915 453 948 ι
473 897 714 951 τοιοῦτον
736 916 789 950 τι
814 898 1010 967 λέγων,
1030 900 1112 954 ὅτι
1137 901 1327 969 Ὑμεῖς
1345 901 1395 952 οἱ
1418 899 1846 970 υίοθετηθέντες,

256 986 568 1058 ἐργάζεσθε
606 989 704 1057 τὴν
745 989 1115 1063 δικαιοσύνην,
1151 994 1245 1045 καὶ
1284 991 1360 1063 μὴ
1385 993 1587 1062 ἀργοὺς
1620 992 1847 1056 ἑαυτοὺς

254 1079 600 1150 ἀποφαίνετε
636 1083 862 1152 ταύτης.
930 1083 1021 1148 ὀς
1051 1083 1160 1155 γάρ
1194 1085 1287 1139 ἐπὶ
1315 1087 1414 1154 τῆς
1452 1083 1725 1155 ἁμαρτίας
1750 1084 1848 1152 οὐχ

250 1176 277 1226 6
314 1174 617 1244 ποιήσαςῆ
643 1174 672 1226 6
703 1172 969 1245 ποιήσων,
1023 1175 1228 1239 ἐκεῖνός
1273 1178 1420 1228 ἐστιν
1450 1176 1478 1228 6
1517 1176 1718 1245 ἄνομος
1754 1174 1787 1244 ἦ
1820 1176 1849 1228 6

248 1264 616 1333 ἁμαρτωλὸς,
662 1266 777 1319 ἀλλ’
802 1268 831 1319 6
867 1268 1127 1337 ἐχόμενος
1167 1266 1260 1320 τοῦ
1287 1267 1461 1321 κακοῦ
1489 1268 1582 1321 καὶ
1607 1270 1847 1340 ἐνεργὸς,

244 1357 405 1427 ορτω
437 1358 540 1411 καὶ
578 1357 785 1421 δίκαιος
838 1360 937 1430 οὐχ
963 1362 991 1412 6
1029 1352 1348 1432 ἀπρακτῶν,
1396 1359 1511 1413 ἀλλ’
1540 1363 1568 1413 6
1601 1361 1843 1432 ἐνεργός.

265 1445 471 1497 ’ἰστέον
500 1446 557 1498 δὲ
600 1447 675 1509 ὡς
700 1448 955 1516 ἁμαρτία
991 1448 1087 1517 μὲν
1118 1450 1150 1519 ἡ
1176 1448 1269 1502 τοῦ
1295 1448 1500 1517 ἀγαθοῦ
1532 1450 1847 1513 ἀπόπτωσές

254 1539 430 1602 ἐστιν,
467 1539 690 1607 ἀνομία
713 1539 789 1603 δὲ,
853 1542 886 1611 ή
929 1541 1057 1611 περὶ
1085 1541 1175 1594 τὸν
1201 1539 1355 1593 θετὸν
1385 1541 1548 1610 νόμον
1593 1540 1849 1612 πλημμέ-

246 1626 394 1681 λεια.
441 1631 552 1681 Καὶ
603 1630 809 1698 ταύτην
839 1630 1054 1701 ἔχουσιν
1102 1631 1277 1702 ἀρχὴν
1311 1632 1573 1703 ἑκάτερον
1617 1633 1844 1697 τούτων,

253 1720 318 1773 τὸ
355 1720 460 1789 μὲν
513 1720 613 1789 τὴν
667 1722 775 1775 ἀπὸ
824 1722 918 1774 τοῦ
954 1722 1162 1791 ἀγαθοῦ
1212 1724 1506 1786 ἔκπτωσιν,
1541 1722 1603 1775 τὸ
1646 1722 1703 1776 δὲ
1749 1725 1847 1794 τὴν

250 1810 388 1881 περὶ
426 1810 524 1863 τὸν
558 1812 712 1864 θετὸν
741 1813 906 1878 νόμον
938 1813 1341 1884 πλημμέλειαν.
1383 1814 1762 1886 Συμφέρονται
1788 1814 1845 1868 δὲ

1946 622 2110 677 bonis
2152 623 2402 691 justitim.
2433 638 2580 677 nunc
2617 622 2779 677 etiam
2806 637 2836 677 a
2871 622 3162 678 contrariis
3193 631 3251 678 et
3291 622 3376 678 his
3414 640 3536 694 qua:

1951 711 2052 782 ipsi
2123 712 2377 767 accidunt
2439 712 2956 769 demonstrationem
3023 714 3273 781 assumit,
3315 725 3373 769 et
3415 716 3532 770 ait:

1955 822 1974 854 ο
2012 801 2203 860 Omnis
2220 807 2312 875 qui
2342 805 2468 860 facit
2496 814 2797 874 peccatum.
2826 825 2846 857 ι
2873 803 3006 860 Tale
3025 805 3284 876 quiddam
3311 807 3532 863 dicens:

1951 890 2060 949 Vos
2098 895 2188 963 qui
2233 896 2476 965 adoptati
2519 897 2670 959 estis,
2695 896 2996 967 Operemini
3045 896 3339 968 justitiam,
3357 914 3535 969 neque

1949 999 2046 1040 vos
2074 985 2221 1055 ipsos
2254 986 2554 1041 exhibeatis
2594 987 2649 1041 in
2681 986 2781 1041 hac
2809 989 3032 1044 otiosos.
3067 989 3534 1055 Quemadmodum

1946 1074 2093 1129 enim
2128 1070 2197 1129 in"
2226 1085 2451 1145 peccato
2478 1091 2589 1131 non
2618 1077 2661 1132 is
2706 1080 2796 1146 qui
2843 1079 2971 1134 fecit
3004 1090 3101 1133 aut
3142 1080 3386 1134 facturus
3427 1092 3532 1145 est,

1951 1167 2040 1222 ille
2073 1167 2295 1238 iniquus
2318 1169 2518 1224 dicitur
2539 1178 2631 1223 aut
2662 1180 2934 1240 peccator,
2954 1171 3047 1227 sed
3071 1172 3163 1242 qui
3186 1173 3329 1227 malo
3356 1174 3536 1228 adha-

1953 1272 2035 1316 ret
2067 1263 2295 1333 ejusque
2330 1274 2582 1334 operator
2613 1275 2695 1319 est
2728 1282 2743 1320 :
2776 1266 2848 1320 ita
2888 1278 2943 1322 et
2970 1268 3151 1338 justus
3188 1284 3298 1323 non
3335 1270 3535 1325 dicitur

1950 1355 1997 1409 is
2048 1355 2141 1425 qui
2198 1355 2335 1409 nihil
2389 1356 2621 1425 profit-it,
2668 1367 2763 1412 aut
2827 1358 3076 1428 ignavus,
3108 1359 3203 1414 sed
3255 1369 3532 1417 strenuus.

1951 1443 2248 1501 Sciendum
2272 1456 2453 1501 autem
2478 1449 2622 1518 quod
2644 1450 2889 1522 ἁμαρτία
2913 1452 3131 1520 quidem
3152 1452 3202 1506 id
3222 1464 3307 1506 est
3333 1467 3533 1523 pecca-

1945 1545 2062 1593 ‘tum
2090 1548 2173 1594 est
2196 1539 2378 1609 lapsus
2400 1540 2470 1595 ab
2490 1557 2553 1596 eo
2577 1542 2722 1612 quod
2749 1544 2949 1596 bonum
2980 1553 3063 1597 est
3094 1561 3108 1597 :
3142 1544 3342 1612 ἀνομία
3375 1559 3532 1611 vero,

1946 1630 2000 1684 id
2036 1640 2119 1685 cst
2158 1631 2434 1701 iniquitas,
2472 1641 2557 1685 est
2581 1632 2840 1687 delictum
2873 1633 3013 1687 circa
3045 1633 3220 1704 legem
3257 1633 3485 1703 positam
3519 1653 3532 1686 :

1947 1731 2002 1777 et
2023 1731 2313 1792 utrumque
2337 1721 2531 1777 horum
2552 1723 2601 1777 id
2637 1723 2801 1778 habet
2828 1725 3040 1779 initium
3070 1743 3082 1778 :
3114 1740 3309 1793 nempe
3340 1740 3533 1793 pecca-

1952 1820 2086 1876 tum,
2119 1814 2599 1884 degenerationem
2639 1816 2707 1871 ab
2740 1831 2807 1871 eo
2846 1816 2991 1886 quod
3020 1815 3222 1870 bonum
3265 1825 3348 1870 est
3381 1836 3394 1871 :
3424 1816 3532 1870 ini-

255 1900 497 1965 ταύταις
546 1908 640 1956 xa‘.
678 1904 820 1957 κατά
853 1905 1074 1961 ταύτόν.
1121 1908 1190 1960 'O
1238 1923 1297 1959 τε
1336 1906 1445 1977 γάρ
1492 1907 1842 1977 ἁμαρτάνων,

1957 1906 2129 1976 quitas
2158 1915 2363 1969 autem,
2387 1908 2730 1963 committere
2760 1909 3022 1963 adversus
3058 1908 3289 1978 positam
3340 1907 3534 1978 legem.

248 1993 350 2046 τοῦ
382 1995 533 2047 κατά
569 1995 667 2066 τὴν
696 1995 858 2064 φύσιν
903 1998 995 2050 καὶ
1028 1999 1088 2049 ὲν
1140 1999 1205 2068 τῇ
1241 1998 1404 2066 φύσει
1449 1997 1686 2067 ἀπέτυχε
1717 2014 1844 2051 σκο-

256 2083 387 2139 ποῦ.
425 2085 640 2148 Σκοπὸς
670 2086 778 2157 γὰρ
806 2087 873 2157 τῇ
903 2085 1222 2160 ἀνθρωπεία
1270 2085 1453 2156 φύσει,
1484 2086 1546 2139 τὸ
1579 2087 1722 2140 κατά
1753 2086 1844 2139 τὸν

256 2174 418 2243 λόγον
452 2176 577 2246 ζῇν,
617 2176 716 2245 τῆς
751 2176 979 2247 ἀλογίας
1011 2180 1202 2248 πέρρω
1229 2179 1614 2252 ἀπῳκισμένη.
1653 2177 1845 2232 Ὡσαύ-

255 2283 368 2328 τως
415 2266 513 2319 καὶ
540 2269 565 2320 ὀ
596 2267 833 2338 ἁνομῶν,
878 2270 1192 2340 πλημμελεῖ
1221 2272 1350 2341 περὶ
1377 2271 1466 2323 τὸν
1494 2273 1553 2324 ὲν
1589 2273 1657 2341 τῇ
1687 2269 1846 2340 φύσει

253 2358 550 2428 δεδομένον
586 2361 767 2428 νόμον,
795 2361 1171 2430 διαγινόμενος
1206 2361 1481 2433 ἀκρατῶς.
1529 2362 1723 2425 Καλῶς
1754 2359 1848 2416 οὖν

249 2450 284 2498 ὁ
312 2451 563 2519 μαθητὴς
581 2451 675 2502 τοῦ
699 2452 905 2521 Κυρίου
931 2453 1013 2515 είς
1030 2452 1226 2505 ταύτὸν
1252 2453 1536 2523 ἀμφότερα
1559 2452 1849 2525 περιέστη-

256 2559 375 2596 σεν.
416 2561 436 2593 ι
458 2543 569 2595 Καὶ
601 2543 777 2597 οῐὸατε
808 2544 890 2596 ὅτι
920 2544 1125 2608 ἐκεῖνος
1170 2543 1516 2616 ἐφανερώθη.
1543 2563 1562 2596 ι
1614 2546 1688 2598 Ού
1739 2546 1849 2616 μήν

256 2651 345 2701 γε,
367 2635 530 2705 φησι,
559 2635 744 2705 χώραν
778 2635 859 2688 ἔτι
890 2635 1106 2707 σχοίητε
1128 2635 1222 2689 τοῦ
1242 2635 1847 2708 ἀμαρτάνειν.Χριστοῧ

258 2725 369 2794 γὰρ
413 2723 503 2776 ἐπ’
558 2725 834 2796 ἀναιρέσει
894 2726 993 2795 τῆς
1044 2725 1317 2799 ἁμαρτίας
1375 2728 1850 2798 παραγενομένου,

262 2812 390 2864 καθ’
426 2814 510 2865 ὅτι
559 2815 826 2883 ἀμέτοχος
858 2809 926 2885 ἦν
974 2814 1278 2885 ἁμαρτίας,
1317 2814 1438 2867 οὐδὲ
1470 2815 1599 2887 ὑμῖν
1627 2815 1849 2868 67:02.5!-

260 2921 428 2956 πεται
472 2906 554 2957 ἔτι
604 2907 941 2976 ἁμαρτάνειν
982 2909 1092 2970 τοῖς
1131 2909 1189 2959 ἐν
1236 2906 1385 2976 αὐτῷ
1413 2909 1727 2978 γενομένοις
1753 2910 1848 2964 καὶ

259 2997 616 3067 βεϐαιωθεῖσι
656 3004 723 3072 τῇ
756 3005 836 3066 εἰς
864 3003 1027 3055 αὑτὸν
1063 3002 1269 3057 πίστει.
1314 3002 1486 3057 Τοῦτο
1514 3004 1624 3075 γάρ
1659 3004 1847 3076 βούλε-

257 3109 350 3144 ται
386 3094 675 3164 σημαίνειν
701 3095 789 3147 διὰ
815 3095 932 3162 τοῦ,
964 3096 1078 3160 Πᾶς
1105 3098 1132 3149 6
1159 3098 1216 3149 ἐν
1241 3096 1391 3168 αὐτῷ
1422 3097 1622 3167 μένων.

1948 1998 2294 2053 Conveniunt
2321 2011 2501 2054 autem
2535 2001 2674 2055 inter
2705 2017 2764 2055 se
2805 2011 2859 2055 et
2885 2000 3027 2055 circa
3062 2001 3207 2054 idem
3240 2000 3535 2055 sunt.Nam

1950 2100 2005 2146 et
2037 2092 2081 2145 is
2121 2092 2213 2162 qui
2245 2100 2453 2162 peccat,
2475 2095 2687 2147 aberrat
2717 2108 2747 2147 a
2773 2106 2939 2162 scopo
2986 2091 3075 2162 qui
3109 2102 3190 2146 est
3233 2093 3534 2147 secundum

1953 2194 2202 2239 naturam
2233 2194 2287 2240 et
2331 2185 2384 2239 in
2421 2186 2535 2256 ipsa
2576 2194 2771 2239 natura
2812 2204 2825 2238 :
2857 2200 3055 2254 scopas
3096 2185 3243 2238 enim
3282 2185 3537 2238 lmmanae

1955 2285 2165 2332 natura:
2207 2286 2291 2331 est
2330 2276 2518 2332 virere
2559 2276 2861 2331 secundum
2918 2277 3204 2337 rationem,
3244 2282 3302 2328 ut
3342 2275 3532 2345 procul

1955 2370 2221 2440 disjuncta
2251 2368 2321 2424 sit
2350 2370 2418 2423 ab
2450 2369 2886 2424 irrationalitate.
2910 2366 3172 2422 Similiter
3210 2376 3265 2422 et
3302 2367 3393 2437 qui
3425 2367 3538 2437 agi:

1956 2464 2164 2533 inique,
2179 2462 2445 2533 delinquit
2461 2463 2603 2518 circa
2627 2463 2811 2517 datam
2835 2463 2890 2516 in
2913 2472 3106 2515 natura
3131 2460 3325 2531 legem,
3342 2461 3537 2517 intem-

1956 2563 2209 2623 peranter
2266 2552 2512 2607 allectus.
2556 2552 2723 2607 Recte
2778 2567 2907 2624 ergo
2972 2551 3272 2622 discipulus
3328 2551 3539 2606 Domini

1957 2655 2248 2715 utrumque
2270 2644 2325 2699 in
2360 2645 2504 2699 idem
2534 2645 2909 2698 commutavit.
2944 2662 2961 2694 ι
3000 2644 3068 2698 Et
3096 2643 3245 2698 scitis
3274 2644 3417 2713 quod
3450 2643 3541 2697 ille

1950 2736 2292 2807 apparuerit.
2330 2755 2348 2786 ι
2368 2735 2746 2805 Nequaquam,
2773 2734 2967 2805 inquit,
2993 2735 3169 2789 locum
3195 2736 3303 2804 jam
3342 2736 3541 2791 habere

1952 2824 2182 2894 potestis
2216 2824 2496 2894 peccandi.
2529 2822 2693 2894 579
2729 2825 2865 2879 Cum
2907 2825 3052 2878 enim
3096 2824 3347 2880 Christus
3375 2826 3542 2880 adve-

1957 2917 2100 2971 nerit
2125 2916 2193 2971 ad
2220 2917 2518 2971 tollendum
2553 2927 2856 2986 peccatum,
2880 2918 3135 2986 quoniam
3179 2934 3287 2971 non
3311 2931 3426 2972 erat
3450 2919 3539 2973 illo

1957 3010 2229 3080 particeps
2259 3009 2487 3078 peccati.
2512 3024 2689 3079 neque
2727 3009 2879 3063 vobis
2922 3010 3169 3064 rel-ictum
3209 3020 3294 3065 est
3338 3020 3399 3064 ιιι
3426 3025 3538 3064 am-

1885 3093 1929 3152 C
1966 3102 2108 3172 plius
2156 3102 2535 3171 peccetis.qni
2581 3102 2647 3156 ad
2697 3117 2825 3156 eum
2872 3103 3205 3169 accessistis,
3232 3111 3302 3169 et,
3331 3103 3385 3156 in
3435 3102 3541 3157 tida

251 3189 439 3264 ipsius
487 3189 792 3244 continuati
841 3190 993 3245 estis.
1037 3188 1170 3244 Nam
1225 3190 1329 3245 hoc
1370 3191 1674 3263 signiﬁcare
1701 3192 1817 3248 vult
1839 3210 1962 3251 cum
2003 3195 2078 3248 ait
2108 3192 2335 3250 :Omnis
2373 3196 2466 3264 qui
2506 3194 2560 3248 in
2595 3210 2661 3250 eo
2692 3205 2893 3251 manet.

332 3278 504 3345 Οὗτος
529 3283 587 3336 δέ
638 3287 783 3337 ἐστιν
828 3287 856 3337 6
903 3284 1199 3347 ἀνενδύτως
1247 3285 1347 3348 τὰς
1382 3285 1587 3356 ἀρετὰς
1619 3285 1846 3355 μετιὼν,

257 3378 360 3428 ’καὶ
384 3375 658 3445 μηδέποτε
687 3375 788 3446 τῆς
814 3377 1022 3429 τούτων
1052 3375 1349 3446 ἀπολήγων
1384 3378 1668 3448 ἐργασίας.
1696 3397 1714 3430 ι
1742 3380 1853 3432 Καὶ

254 3468 514 3536 ἁμαρτία
539 3470 596 3521 ὲν
634 3469 784 3539 αὺτῴ
829 3471 928 3523 οὐκ
967 3471 1102 3523 ἔστι.
1137 3490 1156 3520 ο
1193 3470 1308 3532 Πᾶς
1349 3471 1377 3522 6
1408 3472 1464 3523 ἐν
1498 3470 1647 3542 αὐτῷ
1676 3472 1852 3543 μένων

250 3564 365 3630 ὀὐχ
416 3563 739 3632 ἁμαρτάνει.
777 3563 868 3627 Τὸ,
909 3563 1040 3627 Καί,
1096 3564 1219 3615 ἀντὶ
1251 3562 1370 3627 τοῦ,
1409 3562 1577 3617 Διὸτι.
1616 3583 1635 3616 ι
1674 3564 1787 3626 Πᾶς
1825 3565 1855 3617 6

263 3654 625 3720 ἁμαρτάνων,
669 3670 687 3702 ι
723 3654 816 3706 καὶ
841 3652 987 3723 ἑξῆς.
1042 3652 1225 3706 Εἰπὼν
1264 3654 1347 3706 ὅτι
1381 3653 1723 3725 ἐφανερώθη,
1760 3657 1854 3708 καὶ

261 3748 365 3815 τὴν
394 3745 573 3796 αἰτίαν
606 3744 673 3798 δι’
713 3743 781 3815 ἢν
812 3744 1160 3815 ἐφανερώθη,
1195 3746 1299 3810 ὅτι,
1352 3745 1438 3798 ἵνα
1465 3746 1539 3809 ὼς
1571 3746 1646 3817 μὴ
1675 3747 1857 3819 ἁμαρ⁶

263 3839 391 3889 τίαν
426 3839 662 3907 ποιήσας
697 3839 801 3901 τὰς
839 3838 1115 3910 ἁμαρτίας
1165 3837 1322 3907 ἡμῶν
1375 3838 1506 3910 ἄρῃ,
1552 3840 1853 3907 τουτέστιν,

258 3929 532 4000 ἀφανίσῃ,
586 3931 860 4001 ἐπιφέρει,
918 3931 1022 3994 ὅτι,
1083 3949 1101 3981 r
1159 3931 1273 3994 Πᾶς
1310 3932 1338 3982 6
1371 3930 1707 4002 ἁμαρτάνων
1754 3933 1853 4004 οὐχ

262 4022 519 4093 ἑώρακεν
551 4023 733 4076 αὐτόν.
765 4041 785 4075 ι
819 4024 880 4077 Εἰ
913 4023 1021 4093 γὰρ
1047 4024 1230 4093 ὑμεῖς,
1263 4025 1452 4093 φησὶν,
1506 4024 1705 4088 οἵτινες
1750 4041 1854 4091 φα-

270 4112 608 4177 νερωθέντος
648 4113 815 4165 αὐτοῦ
852 4114 1135 4183 ἑωράκατε
1160 4115 1347 4179 αὐτὸν,
1387 4116 1481 4167 καὶ
1514 4118 1739 4185 σημεῖον
1760 4113 1855 4168 τοῦ

269 4202 582 4269 ἑωρακέναι
612 4203 775 4258 αὐτὸν
812 4205 1055 4269 ἐλάϐετε,
1086 4207 1148 4258 τὸ
1176 4205 1253 4277 μὴ
1277 4205 1594 4276 εὐχείρωτοι
1621 4201 1760 4259 εἶναι
1788 4208 1856 4278 τῇ

268 4293 546 4364 ἁμαρτίᾳ,
574 4292 667 4345 ἆτε
712 4298 907 4360 τελέως
951 4299 1009 4351 ἐν
1057 4297 1204 4368 alia};
1241 4297 1602 4369 ήδρασμένοι,
1636 4298 1855 4361 πάντως

273 4404 381 4438 που
432 4386 482 4438 οἱ
535 4386 945 4457 ἁμαρτάνοντες
984 4390 1110 4443 οὔτε
1141 4391 1455 4459 ἑωράκασιν
1493 4389 1675 4443 αὐτόν.
1723 4388 1802 4442 Δι’
1830 4389 1859 4442 ὃ

271 4477 398 4531 οὐδὲ
431 4478 697 4546 ἔγνωσαν,
723 4478 1045 4547 ἑωρακέναι
1073 4482 1166 4534 καὶ
1192 4481 1521 4550 ἐγνωκέναι
1550 4482 1612 4534 ού
1634 4480 1696 4533 τδ
1716 4480 1857 4534 κατὰ

2029 3288 2129 3343 llic
2154 3298 2334 3341 autem
2364 3298 2450 3343 est
2476 3289 2569 3358 qui
2601 3289 2745 3345 serio
2775 3298 2830 3344 et
2888 3290 3095 3360 absque
3154 3289 3279 3342 fuco
3332 3288 3539 3343 accedit

1951 3379 2022 3434 ad
2051 3381 2304 3443 virtutes,
2335 3387 2389 3432 et
2412 3393 2691 3447 nunquam
2739 3388 2919 3433 cessat
2951 3379 3019 3433 ab
3078 3377 3399 3447 operatione
3448 3388 3541 3426 ca-

1955 3487 2100 3525 rum.
2138 3486 2158 3522 ι
2198 3468 2261 3523 Et
2295 3479 2578 3539 peccatum
2630 3469 2768 3523 ineo
2824 3483 2934 3522 non
2983 3481 3085 3522 ρει.
3135 3486 3153 3519 ι
3211 3465 3541 3536 Conjnnctio

1955 3564 2051 3616 καὶ
2092 3562 2144 3617 id
2180 3571 2360 3626 estet,
2418 3561 2630 3630 capitur
2676 3575 2775 3631 pro
2823 3559 3108 3625 Quoniam.
3155 3578 3175 3611 ι
3214 3558 3405 3613 Omnis
3450 3556 3541 3627 qui

1956 3666 2147 3728 peccat
2176 3673 2194 3706 ι
2233 3663 2289 3710 et
2320 3663 2536 3710 caetera.
2582 3651 2722 3707 Cum
2782 3651 3008 3707 dixisset
3060 3651 3207 3722 quod
3257 3651 3542 3720 apparuis-

1956 3759 2059 3814 set,
2091 3758 2145 3802 et
2186 3762 2407 3803 causam
2457 3754 2680 3816 prepter
2717 3760 2879 3815 quam
2928 3743 3293 3813 apparuisset,
3343 3753 3542 3811 nempe

1954 3850 2017 3893 ut
2038 3849 2258 3907 peccata
2288 3846 2475 3891 nostia
2512 3835 2748 3898 tolleret,
2781 3835 2885 3888 boc
2919 3843 3024 3897 est,
3057 3834 3125 3888 de
3156 3834 3336 3887 medio
3363 3832 3543 3886 aufer-

1956 3939 2041 3984 ret
2074 3944 2138 3983 ac
2161 3927 2386 3991 deleret,
2441 3936 2700 3993 tanquam
2738 3925 2782 3977 is
2809 3924 2903 3993 qui
2934 3932 3218 3992 peccatum
3252 3938 3364 3975 non
3395 3921 3539 3975 fece-

1957 4029 2063 4084 rat,
2091 4018 2371 4088 subjungit
2396 4033 2411 4069 :
2445 4036 2463 4068 ι
2493 4016 2685 4071 Omnis
2713 4016 2804 4085 qui
2825 4022 3018 4084 peccat
3038 4028 3148 4066 non
3176 4014 3313 4067 vidit
3337 4028 3484 4066 eum.
3516 4033 3537 4062 ο

1957 4107 2093 4163 Nam
2121 4110 2168 4163 si
2201 4124 2320 4172 vos,
2358 4107 2556 4176 inquit,
2589 4107 2682 4176 qui
2735 4104 2950 4159 vidistis
3008 4119 3135 4157 eum
3187 4104 3318 4157 dum
3370 4103 3545 4157 mania

1959 4200 2189 4256 festatus
2226 4207 2393 4259 esset.
2423 4198 2589 4253 etiam
2619 4199 2835 4269 signum
2863 4196 3156 4266 accepistis
3191 4196 3337 4265 quod
3366 4196 3543 4264 ipsum

1959 4294 2219 4359 videritis,
2254 4308 2454 4363 nempe
2482 4292 2630 4363 quod
2658 4306 2767 4344 non
2806 4290 2966 4346 facile
3010 4306 3041 4345 a
3076 4298 3301 4361 peccato
3358 4286 3545 4356 capia-

1959 4388 2093 4442 mini
2125 4396 2379 4457 tanquam
2418 4385 2659 4456 perl‘ecte
2702 4385 2921 4461 in‘ipso
2952 4384 3281 4450 conﬁrmati,
3321 4382 3545 4436 omnino

1962 4496 2096 4537 sane
2129 4480 2220 4550 qui
2252 4486 2501 4551 peccant,
2533 4476 2588 4531 hi
2640 4492 2749 4531 non
2804 4477 3059 4532 viderunt
3106 4475 3331 4545 quidem
3393 4488 3544 4535 eum,

271 4568 438 4640 ψιλὴν
472 4570 580 4622 τῶν
603 4570 780 4640 ὄψεων
809 4572 982 4640 λέγων
1017 4574 1255 4642 ἐπαςεὴν,
1294 4573 1415 4626 οὐδὲ
1442 4572 1503 4625 τὸ
1536 4572 1677 4626 κατά
1716 4572 1852 4641 πρό-

1963 4580 2187 4641 propter
2223 4571 2368 4640 quod
2396 4585 2572 4638 neque
2605 4576 2983 4639 cognoverunt
3021 4583 3034 4620 :
3061 4566 3250 4619 uidisse
3279 4573 3336 4619 et
3360 4578 3547 4636 cogno-

267 4675 459 4729 χειρον
489 4661 792 4728 φαντασίαν
821 4661 1187 4732 ἐνηργηκέναι
1227 4664 1427 4726 αὐτοὺς
1456 4664 1588 4734 περὶ
1619 4663 1682 4717 τὸ
1713 4680 1855 4732 γνω-

275 4752 424 4819 στὸν,
456 4751 596 4805 ἀλλὰ
646 4751 708 4804 τὸ
752 4752 891 4822 μετά
929 4771 1075 4817 τινος
1124 4755 1360 4825 κρίσεως
1412 4757 1507 4809 καὶ
1548 4758 1857 4827 ἐπιστήμης

272 4843 375 4911 τὴν
403 4843 541 4914 πρὸς
590 4844 753 4896 αὑτὸν
801 4847 1164 4916 πεποιηκέναι
1217 4850 1586 4920 προσαγωγὴν
1636 4849 1857 4912 αὐτοὺς,

274 4934 353 4998 ὡς
387 4936 647 5005 ἀνωτέρω
683 4938 1009 5008 εἰρήκαμεν.
1053 4939 1302 5011 Είρηκὼς
1338 4943 1394 4995 δὲ
1422 4942 1619 5008 ταῦτα,
1645 4942 1859 5014 πρόεισι

278 5023 681 5094 βεϐαιωτικῶς,
718 5029 799 5081 ὅτι
852 5047 872 5080 ι
926 5028 1131 5101 Μηδεὶς
1188 5033 1445 5087 πλανάτω
1495 5034 1661 5104 ὑμᾶς.
1711 5053 1730 5087 ι
1783 5034 1857 5087 Οὐ

278 5117 389 5188 γὰρ
414 5116 589 5181 ἄλλως
620 5118 733 5191 ἔχει
770 5118 803 5192 ἢ
831 5120 1007 5186 οὕτως
1041 5138 1057 5156 ο
1105 5123 1162 5175 'O
1188 5124 1355 5177 ποιῶν
1383 5125 1481 5196 τὴν
1508 5126 1859 5194 δικαιοσύνην

278 5208 486 5277 ἔγνωκε
520 5207 614 5261 τὸν
657 5211 887 5278 δίκαιον,
931 5216 1026 5266 καὶ
1055 5213 1262 5277 δίκαιός
1317 5219 1465 5269 ἐστιν
1498 5217 1573 5280 ὡς
1601 5216 1695 5269 καὶ
1724 5218 1860 5269 ἐκεῖ·

281 5319 389 5367 νος,
418 5302 728 5367 τουτέστιν,
761 5304 789 5355 6
818 5303 974 5369 Θεὸς.
1014 5307 1124 5359 Καὶ
1155 5306 1345 5376 ὥσπερ
1372 5308 1552 5373 τοῦτο,
1588 5307 1730 5361 οὕτω
1766 5309 1861 5362 καὶ

281 5393 341 5445 τὸ
395 5393 734 5456 ἀπεναντίας
771 5393 966 5447 πάλιν⁸
1006 5397 1064 5450 Ὀ
1094 5397 1212 5468 τὴνν
1240 5400 1518 5469 ἁμαρτίαν
1564 5399 1755 5462 ποιῶν,
1798 5401 1862 5451 ἐκ

283 5485 375 5539 τοῦ
413 5484 744 5556 ἀμαρτωλοῦ
776 5487 947 5541 ἐστιν.
985 5481 1151 5551 Οὗτος
1182 5486 1239 5541 δέ
1280 5491 1429 5542 ἐστιν
1459 5490 1487 5542 6
1517 5487 1862 5552 διάὅολο;,ὂς

282 5577 376 5630 ἀπ’
411 5580 589 5649 ἀρχῆς
627 5577 957 5650 ἁμαρτάνει.
980 5579 1064 5632 Δι’
1095 5578 1123 5632 ὂ
1175 5581 1266 5633 καὶ
1314 5576 1613 5651 κηδόμενος
1664 5579 1692 5631 6
1732 5580 1864 5642 Θεὸς

286 5668 375 5720 τοῦ
424 5668 623 5722 ἑαυτοῦ
661 5668 1004 5741 πλάσματος,
1066 5667 1383 5738 δικαιοσύνη
1442 5670 1537 5722 καὶ
1593 5668 1864 5739 ἁγιασμὸς

287 5760 572 5833 ὑπάρχων,
606 5763 952 5835 ἐφανερώθη,
996 5765 1114 5836 ἦτοι
1162 5765 1241 5829 είς
1274 5763 1366 5817 τὸν
1416 5763 1619 5834 κόσμον
1667 5762 1864 5832 ἐφάνη,

286 5854 371 5909 ἵνα
400 5856 641 5929 ἀπανίσῃ
673 5856 741 5908 τὰ
778 5857 915 5926 ἔργα
944 5858 1038 5910 τοῦ
1066 5857 1334 5922 διαϐόλου,
1370 5855 1406 5910 ἀ
1448 5857 1595 5908 ἐστιν
1624 5857 1655 5926 η
1689 5856 1868 5925 ἀμαρ-

608 5954 885 6011 Parnm.
921 5955 1034 6011 Cm.
1072 5950 1289 6037 Cilix,

1959 4663 2095 4716 uisse
2130 4662 2318 4716 dicens
2346 4676 2454 4714 non
2488 4660 2786 4714 secundum
2814 4658 3021 4711 nudum
3071 4656 3358 4711 oculorum
3405 4668 3544 4722 pro-

1960 4759 2227 4821 spectum,
2254 4763 2432 4819 neque
2466 4748 2611 4817 quod
2640 4747 2939 4802 secundum
2966 4744 3178 4799 facilem
3200 4745 3540 4816 imaginatio-

1960 4858 2087 4898 nem
2118 4840 2360 4910 egissent
2388 4838 2456 4893 ad
2484 4839 2869 4910 cognitionem,
2911 4837 3007 4892 sed
3040 4838 3329 4907 quodcum
3363 4839 3545 4907 aliquo

1958 4913 2161 5004 judicio
2186 4937 2243 4984 et
2272 4929 2499 4983 scientia
2529 4929 2738 4999 opt-rati
2773 4937 3258 4982 essentaccessum
3278 4926 3345 4980 ad
3369 4927 3543 4997 ipsum

1963 5020 2420 5094 quemadmodum
2477 5034 2642 5089 supra
2692 5018 2949 5073 diximus.
3006 5016 3101 5071 His
3150 5026 3335 5072 autem
3388 5018 3544 5073 dictis

1966 5117 2173 5171 lirmius
2204 5114 2470 5185 procedit,
2503 5114 2735 5168 dicens:
2788 5129 2808 5163 ι
2846 5110 3023 5167 Nemo
3082 5125 3180 5166 vos
3234 5111 3479 5165 seducat.
3523 5129 3539 5158 ι

1967 5212 2155 5282 Neque
2179 5211 2325 5265 enim
2353 5209 2460 5262 alio
2482 5208 2643 5264 modo
2665 5215 2845 5278 potest
2888 5220 3054 5278 quam
3114 5207 3255 5261 isto:
3285 5204 3390 5271 Qui
3419 5205 3550 5261 facit

1963 5303 2254 5374 justitiam,
2302 5300 2452 5355 novit
2481 5302 2689 5370 justum
2719 5309 2775 5354 et
2805 5300 2986 5369 justus
3022 5307 3127 5363 est,
3175 5299 3317 5353 sicut
3354 5306 3410 5352 et
3436 5297 3547 5359 ille.

1973 5395 2076 5449 hoc
2102 5402 2185 5446 est
2214 5392 2378 5446 Deus.
2434 5390 2504 5444 Et
2554 5390 3012 5459 quemadmodum
3078 5388 3205 5451 hoc,
3265 5387 3337 5440 ita
3385 5386 3551 5440 etiam

1967 5497 2189 5538 rursum
2219 5481 2508 5536 ediverso:
2542 5477 2646 5544 Qui
2678 5478 2806 5534 facit
2833 5486 3135 5547 peccatum,
3171 5492 3204 5530 a
3260 5483 3550 5546 peccatore

1966 5585 2074 5640 est,
2108 5574 2194 5628 hic
2221 5581 2404 5627 autem
2432 5579 2515 5625 est
2537 5569 2806 5633 diabolus,
2841 5581 2895 5623 ut
2923 5566 3016 5638 qui
3045 5567 3114 5621 ab
3148 5565 3305 5620 initio
3335 5575 3545 5635 peccat.

1971 5668 2202 5736 Propter
2232 5664 2379 5734 quod
2407 5662 2702 5733 providens
2723 5661 2864 5714 Deus
2902 5674 3014 5712 suzr
3040 5665 3326 5724 creaturae,
3372 5655 3552 5711 factus

1969 5757 2182 5828 iustitia
2225 5766 2283 5812 et
2323 5751 2700 5817 sanctilicatio,
2759 5748 3138 5806 manifestatus
3196 5754 3282 5803 est
3329 5746 3443 5801 sive
3493 5746 3549 5799 in

1979 5850 2184 5906 mundo
2206 5847 2475 5920 apparuit,
2508 5836 2565 5901 ut
2609 5844 2839 5900 emedio
2881 5842 3096 5899 tol'eret
3121 5856 3286 5910 opera
3350 5839 3546 5896 diaboli
