  <div class='ocr_page' id='page_1' title='image "/cluster/home/n/w/nwhite01/storage/ocr_20150623/119/hvd.32044019208156/334.png"; bbox 0 0 3986 6574; ppageno 0'>
   <div class='ocr_carea' id='block_1_1' title="bbox 310 384 425 457">
    <p class='ocr_par' dir='ltr' id='par_1_1' title="bbox 310 384 425 457">
     <span class='ocr_line' id='line_1_1' title="bbox 310 384 425 457; baseline -0.026 0"><span class='ocrx_word' id='word_1_1' title='bbox 310 384 425 457; x_wconf 66' lang='grc' dir='ltr'>εδει</span> 
     </span>
    </p>
   </div>
   <div class='ocr_carea' id='block_1_2' title="bbox 1342 378 2533 449">
    <p class='ocr_par' dir='ltr' id='par_1_2' title="bbox 1342 378 2533 449">
     <span class='ocr_line' id='line_1_2' title="bbox 1342 378 2533 449; baseline -0.002 -1"><span class='ocrx_word' id='word_1_2' title='bbox 1342 378 1728 449; x_wconf 62' lang='grc' dir='ltr'><strong>(ΙΟΜΜΕΙΝΤ.</strong></span> <span class='ocrx_word' id='word_1_3' title='bbox 1763 386 1841 447; x_wconf 79' lang='grc' dir='ltr'><strong>ΙΝ</strong></span> <span class='ocrx_word' id='word_1_4' title='bbox 1866 378 2155 447; x_wconf 70' lang='grc' dir='ltr'><strong>ΕΡΙΞΤ.1</strong></span> <span class='ocrx_word' id='word_1_5' title='bbox 2195 382 2533 448; x_wconf 71' lang='grc' dir='ltr'><strong>ΙΟΑΝΝΙΞ.</strong></span> 
     </span>
    </p>
   </div>
   <div class='ocr_carea' id='block_1_3' title="bbox 3477 386 3635 453">
    <p class='ocr_par' dir='ltr' id='par_1_3' title="bbox 3477 386 3635 453">
     <span class='ocr_line' id='line_1_3' title="bbox 3477 386 3635 453; baseline 0.032 -5"><span class='ocrx_word' id='word_1_6' title='bbox 3477 386 3635 453; x_wconf 75' lang='grc'><strong>654’</strong></span> 
     </span>
    </p>
   </div>
   <div class='ocr_carea' id='block_1_4' title="bbox 314 499 1904 577">
    <p class='ocr_par' dir='ltr' id='par_1_4' title="bbox 314 499 1904 577">
     <span class='ocr_line' id='line_1_4' title="bbox 314 499 1904 577; baseline -0.002 -19"><span class='ocrx_word' id='word_1_7' title='bbox 314 501 686 577; x_wconf 79' lang='grc' dir='ltr'>ἠδρασμένον,</span> <span class='ocrx_word' id='word_1_8' title='bbox 725 500 1076 556; x_wconf 78' lang='grc' dir='ltr'><strong>ἀνεπίδεκτον</strong></span> <span class='ocrx_word' id='word_1_9' title='bbox 1118 499 1391 572; x_wconf 84' lang='grc' dir='ltr'>ἁμαρτίας</span> <span class='ocrx_word' id='word_1_10' title='bbox 1435 502 1529 556; x_wconf 79' lang='grc' dir='ltr'>τὸν</span> <span class='ocrx_word' id='word_1_11' title='bbox 1567 501 1693 556; x_wconf 90' lang='grc' dir='ltr'>νοῦν</span> <span class='ocrx_word' id='word_1_12' title='bbox 1747 501 1904 572; x_wconf 79' lang='grc' dir='ltr'>ἡμῶν</span> 
     </span>
    </p>
   </div>
   <div class='ocr_carea' id='block_1_5' title="bbox 2005 499 3571 577">
    <p class='ocr_par' dir='ltr' id='par_1_5' title="bbox 2011 500 3571 573">
     <span class='ocr_line' id='line_1_5' title="bbox 2011 500 3571 573; baseline 0.004 -18"><span class='ocrx_word' id='word_1_13' title='bbox 2011 502 2171 556; x_wconf 91' lang='lat' dir='ltr'><strong>etiam</strong></span> <span class='ocrx_word' id='word_1_14' title='bbox 2200 501 2319 573; x_wconf 85' lang='lat' dir='ltr'><strong>ipse</strong></span> <span class='ocrx_word' id='word_1_15' title='bbox 2345 501 2613 569; x_wconf 76' lang='lat' dir='ltr'><strong>Christus,</strong></span> <span class='ocrx_word' id='word_1_16' title='bbox 2647 510 2903 572; x_wconf 81' lang='lat' dir='ltr'><strong>tanquam</strong></span> <span class='ocrx_word' id='word_1_17' title='bbox 2937 500 3188 558; x_wconf 73' lang='lat' dir='ltr'><strong>habitans</strong></span> <span class='ocrx_word' id='word_1_18' title='bbox 3223 502 3571 563; x_wconf 80' lang='lat' dir='ltr'><strong>inﬁdelibus.</strong></span> 
     </span>
    </p>
   </div>
   <div class='ocr_carea' id='block_1_6' title="bbox 314 591 1903 661">
    <p class='ocr_par' dir='ltr' id='par_1_6' title="bbox 314 591 1903 661">
     <span class='ocr_line' id='line_1_6' title="bbox 314 591 1903 661; baseline -0.004 -11"><span class='ocrx_word' id='word_1_19' title='bbox 314 597 484 651; x_wconf 75' lang='grc' dir='ltr'>ποιεῖ.</span> <span class='ocrx_word' id='word_1_20' title='bbox 525 594 597 648; x_wconf 86' lang='grc' dir='ltr'><em>Ἦ</em></span> <span class='ocrx_word' id='word_1_21' title='bbox 632 594 725 646; x_wconf 79' lang='grc' dir='ltr'>καὶ</span> <span class='ocrx_word' id='word_1_22' title='bbox 771 592 936 656; x_wconf 79' lang='grc' dir='ltr'>αὐτὸς</span> <span class='ocrx_word' id='word_1_23' title='bbox 970 594 998 646; x_wconf 99' lang='lat'><strong>6</strong></span> <span class='ocrx_word' id='word_1_24' title='bbox 1044 591 1305 661; x_wconf 78' lang='grc' dir='ltr'>Χριστὸς,</span> <span class='ocrx_word' id='word_1_25' title='bbox 1336 592 1413 655; x_wconf 85' lang='grc' dir='ltr'>ὡς</span> <span class='ocrx_word' id='word_1_26' title='bbox 1448 593 1670 647; x_wconf 77' lang='grc' dir='ltr'>ένοικῶν</span> <span class='ocrx_word' id='word_1_27' title='bbox 1699 594 1757 645; x_wconf 84' lang='grc' dir='ltr'><strong>ἐν</strong></span> <span class='ocrx_word' id='word_1_28' title='bbox 1790 593 1903 654; x_wconf 85' lang='grc' dir='ltr'>τοῖς</span> 
     </span>
    </p>
   </div>
   <div class='ocr_carea' id='block_1_7' title="bbox 317 682 1905 753">
    <p class='ocr_par' dir='ltr' id='par_1_7' title="bbox 317 682 1905 753">
     <span class='ocr_line' id='line_1_7' title="bbox 317 682 1905 753; baseline -0.003 -13"><span class='ocrx_word' id='word_1_29' title='bbox 317 688 558 751; x_wconf 78' lang='grc' dir='ltr'><strong>πιστοῖς,</strong></span> <span class='ocrx_word' id='word_1_30' title='bbox 591 688 739 737; x_wconf 83' lang='grc' dir='ltr'>ποιεῖ</span> <span class='ocrx_word' id='word_1_31' title='bbox 782 684 980 746; x_wconf 75' lang='grc' dir='ltr'>αὐτοὺς</span> <span class='ocrx_word' id='word_1_32' title='bbox 1025 684 1174 745; x_wconf 77' lang='grc' dir='ltr'>υἱοὺς</span> <span class='ocrx_word' id='word_1_33' title='bbox 1207 682 1363 738; x_wconf 83' lang='grc' dir='ltr'>Θεοῦ.</span> <span class='ocrx_word' id='word_1_34' title='bbox 1403 684 1553 736; x_wconf 76' lang='grc' dir='ltr'>Καθδ</span> <span class='ocrx_word' id='word_1_35' title='bbox 1594 685 1687 736; x_wconf 73' lang='grc' dir='ltr'>καὶ</span> <span class='ocrx_word' id='word_1_36' title='bbox 1733 684 1790 736; x_wconf 86' lang='grc' dir='ltr'>ὲν</span> <span class='ocrx_word' id='word_1_37' title='bbox 1827 682 1905 753; x_wconf 83' lang='grc' dir='ltr'><strong>τῷ</strong></span> 
     </span>
    </p>
   </div>
   <div class='ocr_carea' id='block_1_8' title="bbox 317 773 1905 848">
    <p class='ocr_par' dir='ltr' id='par_1_8' title="bbox 317 773 1905 848">
     <span class='ocr_line' id='line_1_8' title="bbox 317 773 1905 848; baseline -0.003 -17"><span class='ocrx_word' id='word_1_38' title='bbox 317 778 601 848; x_wconf 79' lang='grc' dir='ltr'>σπέρματι</span> <span class='ocrx_word' id='word_1_39' title='bbox 630 776 899 847; x_wconf 70' lang='grc' dir='ltr'>Ἀϐραάμ,</span> <span class='ocrx_word' id='word_1_40' title='bbox 931 776 992 837; x_wconf 85' lang='grc' dir='ltr'>ὃς</span> <span class='ocrx_word' id='word_1_41' title='bbox 1032 775 1181 827; x_wconf 80' lang='grc' dir='ltr'>ἐστιν</span> <span class='ocrx_word' id='word_1_42' title='bbox 1213 774 1241 826; x_wconf 92' lang='lat'><strong>6</strong></span> <span class='ocrx_word' id='word_1_43' title='bbox 1275 773 1527 842; x_wconf 78' lang='grc' dir='ltr'>Χριστὸς,</span> <span class='ocrx_word' id='word_1_44' title='bbox 1558 773 1905 842; x_wconf 73' lang='grc' dir='ltr'><strong>εὐλογοῦνται</strong></span> 
     </span>
    </p>
   </div>
   <div class='ocr_carea' id='block_1_9' title="bbox 317 863 1906 937">
    <p class='ocr_par' dir='ltr' id='par_1_9' title="bbox 317 863 1906 937">
     <span class='ocr_line' id='line_1_9' title="bbox 317 863 1906 937; baseline -0.002 -15"><span class='ocrx_word' id='word_1_45' title='bbox 317 871 504 923; x_wconf 79' lang='grc' dir='ltr'>πάντα</span> <span class='ocrx_word' id='word_1_46' title='bbox 537 869 603 921; x_wconf 81' lang='grc' dir='ltr'><strong>τά</strong></span> <span class='ocrx_word' id='word_1_47' title='bbox 658 867 809 936; x_wconf 77' lang='grc' dir='ltr'>ἔθνη.</span> <span class='ocrx_word' id='word_1_48' title='bbox 855 865 1071 937; x_wconf 86' lang='grc' dir='ltr'>Προέϐη</span> <span class='ocrx_word' id='word_1_49' title='bbox 1102 866 1156 919; x_wconf 85' lang='grc' dir='ltr'>δὲ</span> <span class='ocrx_word' id='word_1_50' title='bbox 1188 863 1332 918; x_wconf 73' lang='grc' dir='ltr'>οὕτω</span> <span class='ocrx_word' id='word_1_51' title='bbox 1361 864 1438 935; x_wconf 83' lang='grc' dir='ltr'>τῷ</span> <span class='ocrx_word' id='word_1_52' title='bbox 1473 866 1618 936; x_wconf 82' lang='grc' dir='ltr'>’λόγῳ</span> <span class='ocrx_word' id='word_1_53' title='bbox 1660 866 1754 919; x_wconf 88' lang='grc' dir='ltr'><strong>νῦν</strong></span> <span class='ocrx_word' id='word_1_54' title='bbox 1778 909 1793 932; x_wconf 87' lang='grc'><strong>,</strong></span> <span class='ocrx_word' id='word_1_55' title='bbox 1844 866 1906 919; x_wconf 80' lang='grc' dir='ltr'>τὸ</span> 
     </span>
    </p>
   </div>
   <div class='ocr_carea' id='block_1_10' title="bbox 314 947 1902 1031">
    <p class='ocr_par' dir='ltr' id='par_1_10' title="bbox 314 947 1902 1031">
     <span class='ocr_line' id='line_1_10' title="bbox 314 947 1902 1031; baseline -0.003 -18"><span class='ocrx_word' id='word_1_56' title='bbox 314 962 583 1031; x_wconf 76' lang='grc' dir='ltr'><strong>ἀνωτέρω</strong></span> <span class='ocrx_word' id='word_1_57' title='bbox 646 959 938 1030; x_wconf 71' lang='grc' dir='ltr'>εἰρημένον</span> <span class='ocrx_word' id='word_1_58' title='bbox 995 957 1145 1028; x_wconf 75' lang='grc' dir='ltr'>αὐτῷ</span> <span class='ocrx_word' id='word_1_59' title='bbox 1202 947 1465 1027; x_wconf 82' lang='grc' dir='ltr'>βεϐαιῶν,</span> <span class='ocrx_word' id='word_1_60' title='bbox 1506 957 1650 1024; x_wconf 88' lang='grc' dir='ltr'>λέγω</span> <span class='ocrx_word' id='word_1_61' title='bbox 1701 958 1757 1011; x_wconf 79' lang='grc' dir='ltr'>δὲ</span> <span class='ocrx_word' id='word_1_62' title='bbox 1821 955 1902 1021; x_wconf 79' lang='grc' dir='ltr'>τὸ,</span> 
     </span>
    </p>
   </div>
   <div class='ocr_carea' id='block_1_11' title="bbox 310 1048 1904 1121">
    <p class='ocr_par' dir='ltr' id='par_1_11' title="bbox 310 1048 1904 1121">
     <span class='ocr_line' id='line_1_11' title="bbox 310 1048 1904 1121; baseline -0.003 -16"><span class='ocrx_word' id='word_1_63' title='bbox 310 1054 485 1107; x_wconf 82' lang='grc' dir='ltr'>’τέκνα</span> <span class='ocrx_word' id='word_1_64' title='bbox 528 1052 668 1105; x_wconf 81' lang='grc' dir='ltr'>εἶναι</span> <span class='ocrx_word' id='word_1_65' title='bbox 713 1050 849 1104; x_wconf 91' lang='grc' dir='ltr'>Θεοῦ</span> <span class='ocrx_word' id='word_1_66' title='bbox 891 1051 1017 1113; x_wconf 79' lang='grc' dir='ltr'>τοὺς</span> <span class='ocrx_word' id='word_1_67' title='bbox 1064 1050 1308 1112; x_wconf 82' lang='grc' dir='ltr'>πιστούς.</span> <span class='ocrx_word' id='word_1_68' title='bbox 1346 1048 1455 1104; x_wconf 76' lang='grc' dir='ltr'><strong>Καὶ</strong></span> <span class='ocrx_word' id='word_1_69' title='bbox 1509 1050 1904 1121; x_wconf 74' lang='grc' dir='ltr'>ἀναντίρρητον</span> 
     </span>
    </p>
   </div>
   <div class='ocr_carea' id='block_1_12' title="bbox 313 1135 1903 1210">
    <p class='ocr_par' dir='ltr' id='par_1_12' title="bbox 313 1135 1903 1210">
     <span class='ocr_line' id='line_1_12' title="bbox 313 1135 1903 1210; baseline -0.005 -13"><span class='ocrx_word' id='word_1_70' title='bbox 313 1144 457 1198; x_wconf 67' lang='grc' dir='ltr'>αὐτὸ</span> <span class='ocrx_word' id='word_1_71' title='bbox 487 1142 678 1205; x_wconf 72' lang='grc' dir='ltr'>ποιῶν,</span> <span class='ocrx_word' id='word_1_72' title='bbox 709 1140 774 1195; x_wconf 81' lang='grc' dir='ltr'>ἔκ</span> <span class='ocrx_word' id='word_1_73' title='bbox 805 1158 864 1194; x_wconf 89' lang='grc' dir='ltr'><strong>τε</strong></span> <span class='ocrx_word' id='word_1_74' title='bbox 912 1140 1007 1193; x_wconf 85' lang='grc' dir='ltr'><strong>τοῦ</strong></span> <span class='ocrx_word' id='word_1_75' title='bbox 1045 1140 1371 1210; x_wconf 78' lang='grc' dir='ltr'>πράγματος</span> <span class='ocrx_word' id='word_1_76' title='bbox 1405 1137 1591 1203; x_wconf 76' lang='grc' dir='ltr'>αὐτοῦ,</span> <span class='ocrx_word' id='word_1_77' title='bbox 1629 1138 1773 1207; x_wconf 76' lang='grc' dir='ltr'>φημὶ</span> <span class='ocrx_word' id='word_1_78' title='bbox 1805 1135 1903 1189; x_wconf 85' lang='grc' dir='ltr'><strong>τοῦ</strong></span> 
     </span>
    </p>
   </div>
   <div class='ocr_carea' id='block_1_13' title="bbox 320 1226 1905 1304">
    <p class='ocr_par' dir='ltr' id='par_1_13' title="bbox 320 1226 1905 1304">
     <span class='ocr_line' id='line_1_13' title="bbox 320 1226 1905 1304; baseline -0.004 -18"><span class='ocrx_word' id='word_1_79' title='bbox 320 1235 399 1303; x_wconf 71' lang='grc' dir='ltr'>μὴ</span> <span class='ocrx_word' id='word_1_80' title='bbox 443 1233 804 1304; x_wconf 78' lang='grc' dir='ltr'><strong>ἁμαρτάνειν,</strong></span> <span class='ocrx_word' id='word_1_81' title='bbox 861 1231 955 1285; x_wconf 71' lang='grc' dir='ltr'>καὶ</span> <span class='ocrx_word' id='word_1_82' title='bbox 1006 1233 1072 1283; x_wconf 82' lang='grc' dir='ltr'><strong>ἐκ</strong></span> <span class='ocrx_word' id='word_1_83' title='bbox 1120 1228 1216 1282; x_wconf 88' lang='grc' dir='ltr'><strong>τοῦ</strong></span> <span class='ocrx_word' id='word_1_84' title='bbox 1275 1226 1540 1292; x_wconf 74' lang='grc' dir='ltr'>ἐναντίου,</span> <span class='ocrx_word' id='word_1_85' title='bbox 1595 1228 1670 1291; x_wconf 84' lang='grc' dir='ltr'>ὡς</span> <span class='ocrx_word' id='word_1_86' title='bbox 1723 1226 1905 1298; x_wconf 82' lang='grc' dir='ltr'>μικρῷ</span> 
     </span>
    </p>
   </div>
   <div class='ocr_carea' id='block_1_14' title="bbox 318 1313 1901 1394">
    <p class='ocr_par' dir='ltr' id='par_1_14' title="bbox 318 1313 1901 1394">
     <span class='ocr_line' id='line_1_14' title="bbox 318 1313 1901 1394; baseline -0.004 -18"><span class='ocrx_word' id='word_1_87' title='bbox 318 1325 564 1394; x_wconf 76' lang='grc' dir='ltr'><strong>πρόσθεν</strong></span> <span class='ocrx_word' id='word_1_88' title='bbox 592 1324 838 1393; x_wconf 80' lang='grc' dir='ltr'>εἴπομεν.</span> <span class='ocrx_word' id='word_1_89' title='bbox 880 1320 947 1375; x_wconf 73' lang='grc' dir='ltr'>Εἰ</span> <span class='ocrx_word' id='word_1_90' title='bbox 988 1322 1119 1392; x_wconf 76' lang='grc' dir='ltr'>γὰρ,</span> <span class='ocrx_word' id='word_1_91' title='bbox 1163 1320 1240 1392; x_wconf 84' lang='grc' dir='ltr'><strong>τῷ</strong></span> <span class='ocrx_word' id='word_1_92' title='bbox 1288 1320 1512 1389; x_wconf 75' lang='grc' dir='ltr'>ἐναντίῳ</span> <span class='ocrx_word' id='word_1_93' title='bbox 1547 1318 1607 1372; x_wconf 78' lang='grc' dir='ltr'>τὸ</span> <span class='ocrx_word' id='word_1_94' title='bbox 1640 1313 1901 1381; x_wconf 87' lang='grc' dir='ltr'>ἐναντίον,</span> 
     </span>
    </p>
   </div>
   <div class='ocr_carea' id='block_1_15' title="bbox 315 1409 1905 1485">
    <p class='ocr_par' dir='ltr' id='par_1_15' title="bbox 315 1409 1905 1485">
     <span class='ocr_line' id='line_1_15' title="bbox 315 1409 1905 1485; baseline -0.003 -18"><span class='ocrx_word' id='word_1_95' title='bbox 315 1417 416 1467; x_wconf 74' lang='grc' dir='ltr'>καὶ</span> <span class='ocrx_word' id='word_1_96' title='bbox 451 1416 513 1469; x_wconf 70' lang='grc' dir='ltr'><strong>τδ</strong></span> <span class='ocrx_word' id='word_1_97' title='bbox 553 1417 795 1468; x_wconf 87' lang='grc' dir='ltr'>ἐναντίον</span> <span class='ocrx_word' id='word_1_98' title='bbox 825 1415 901 1485; x_wconf 84' lang='grc' dir='ltr'><strong>τῷ</strong></span> <span class='ocrx_word' id='word_1_99' title='bbox 942 1413 1192 1484; x_wconf 84' lang='grc' dir='ltr'>ἐναντίῳ,</span> <span class='ocrx_word' id='word_1_100' title='bbox 1226 1412 1369 1466; x_wconf 77' lang='grc' dir='ltr'>κατὰ</span> <span class='ocrx_word' id='word_1_101' title='bbox 1415 1414 1515 1476; x_wconf 76' lang='grc' dir='ltr'><strong>τὰς</strong></span> <span class='ocrx_word' id='word_1_102' title='bbox 1554 1409 1905 1475; x_wconf 78' lang='grc' dir='ltr'><strong>διαλεκτικὰς</strong></span> 
     </span>
    </p>
   </div>
   <div class='ocr_carea' id='block_1_16' title="bbox 314 1492 1900 1579">
    <p class='ocr_par' dir='ltr' id='par_1_16' title="bbox 314 1492 1900 1579">
     <span class='ocr_line' id='line_1_16' title="bbox 314 1492 1900 1579; baseline -0.003 -19"><span class='ocrx_word' id='word_1_103' title='bbox 314 1509 718 1579; x_wconf 69' lang='grc' dir='ltr'>ἐπιχειρήσεις.</span> <span class='ocrx_word' id='word_1_104' title='bbox 758 1508 961 1560; x_wconf 80' lang='grc' dir='ltr'>Σκόπει</span> <span class='ocrx_word' id='word_1_105' title='bbox 996 1508 1051 1559; x_wconf 83' lang='grc' dir='ltr'>δὲ</span> <span class='ocrx_word' id='word_1_106' title='bbox 1101 1506 1200 1576; x_wconf 80' lang='grc' dir='ltr'>τὴν</span> <span class='ocrx_word' id='word_1_107' title='bbox 1248 1505 1534 1576; x_wconf 84' lang='grc' dir='ltr'>ἀκρίϐειαν</span> <span class='ocrx_word' id='word_1_108' title='bbox 1574 1502 1667 1558; x_wconf 88' lang='grc' dir='ltr'><strong>τοῦ</strong></span> <span class='ocrx_word' id='word_1_109' title='bbox 1711 1492 1900 1576; x_wconf 77' lang='grc' dir='ltr'>ῥητοῦ.</span> 
     </span>
    </p>
   </div>
   <div class='ocr_carea' id='block_1_17' title="bbox 317 1596 1901 1672">
    <p class='ocr_par' dir='ltr' id='par_1_17' title="bbox 317 1596 1901 1672">
     <span class='ocr_line' id='line_1_17' title="bbox 317 1596 1901 1672; baseline -0.002 -20"><span class='ocrx_word' id='word_1_110' title='bbox 317 1602 399 1652; x_wconf 72' lang='lat'><em>06</em></span> <span class='ocrx_word' id='word_1_111' title='bbox 435 1600 548 1670; x_wconf 72' lang='grc' dir='ltr'><strong>γάρ</strong></span> <span class='ocrx_word' id='word_1_112' title='bbox 589 1600 853 1672; x_wconf 84' lang='grc' dir='ltr'>πρότερον</span> <span class='ocrx_word' id='word_1_113' title='bbox 881 1596 1060 1665; x_wconf 70' lang='grc' dir='ltr'>εἶπεν,</span> <span class='ocrx_word' id='word_1_114' title='bbox 1092 1601 1153 1653; x_wconf 81' lang='grc' dir='ltr'><strong>ἐκ</strong></span> <span class='ocrx_word' id='word_1_115' title='bbox 1183 1598 1317 1651; x_wconf 84' lang='grc' dir='ltr'>Θεοῦ</span> <span class='ocrx_word' id='word_1_116' title='bbox 1354 1599 1709 1669; x_wconf 78' lang='grc' dir='ltr'>γεγεννῆσθαι</span> <span class='ocrx_word' id='word_1_117' title='bbox 1738 1599 1771 1669; x_wconf 77' lang='grc' dir='ltr'>ἢ</span> <span class='ocrx_word' id='word_1_118' title='bbox 1807 1597 1901 1650; x_wconf 91' lang='grc' dir='ltr'><strong>τοῦ</strong></span> 
     </span>
    </p>
   </div>
   <div class='ocr_carea' id='block_1_18' title="bbox 315 1686 1901 1761">
    <p class='ocr_par' dir='ltr' id='par_1_18' title="bbox 315 1686 1901 1761">
     <span class='ocr_line' id='line_1_18' title="bbox 315 1686 1901 1761; baseline -0.001 -18"><span class='ocrx_word' id='word_1_119' title='bbox 315 1690 617 1755; x_wconf 76' lang='grc' dir='ltr'>διαϐόλου,</span> <span class='ocrx_word' id='word_1_120' title='bbox 671 1692 720 1743; x_wconf 80' lang='grc' dir='ltr'><strong>εἰ</strong></span> <span class='ocrx_word' id='word_1_121' title='bbox 762 1692 837 1760; x_wconf 84' lang='grc' dir='ltr'>μὴ</span> <span class='ocrx_word' id='word_1_122' title='bbox 885 1692 953 1743; x_wconf 79' lang='grc' dir='ltr'><strong>τὰ</strong></span> <span class='ocrx_word' id='word_1_123' title='bbox 997 1692 1136 1761; x_wconf 80' lang='grc' dir='ltr'>ἔργα</span> <span class='ocrx_word' id='word_1_124' title='bbox 1178 1689 1498 1761; x_wconf 77' lang='grc' dir='ltr'>προέλαϐον,</span> <span class='ocrx_word' id='word_1_125' title='bbox 1542 1690 1661 1761; x_wconf 79' lang='grc' dir='ltr'>ἦτοι</span> <span class='ocrx_word' id='word_1_126' title='bbox 1692 1686 1789 1761; x_wconf 83' lang='grc' dir='ltr'>τῆς</span> <span class='ocrx_word' id='word_1_127' title='bbox 1819 1689 1901 1742; x_wconf 85' lang='grc' dir='ltr'>δι-</span> 
     </span>
    </p>
   </div>
   <div class='ocr_carea' id='block_1_19' title="bbox 316 1777 1899 1851">
    <p class='ocr_par' dir='ltr' id='par_1_19' title="bbox 316 1777 1899 1851">
     <span class='ocr_line' id='line_1_19' title="bbox 316 1777 1899 1851; baseline -0.003 -17"><span class='ocrx_word' id='word_1_128' title='bbox 316 1781 644 1847; x_wconf 72' lang='grc' dir='ltr'>καιοσύνης,</span> <span class='ocrx_word' id='word_1_129' title='bbox 675 1780 706 1850; x_wconf 85' lang='grc' dir='ltr'>ἢ</span> <span class='ocrx_word' id='word_1_130' title='bbox 746 1781 845 1849; x_wconf 81' lang='grc' dir='ltr'>τῆς</span> <span class='ocrx_word' id='word_1_131' title='bbox 883 1780 1133 1851; x_wconf 88' lang='grc' dir='ltr'>ἀνομίας.</span> <span class='ocrx_word' id='word_1_132' title='bbox 1179 1781 1275 1833; x_wconf 84' lang='grc' dir='ltr'>Ἐκ</span> <span class='ocrx_word' id='word_1_133' title='bbox 1301 1778 1507 1834; x_wconf 84' lang='grc' dir='ltr'>τούτων</span> <span class='ocrx_word' id='word_1_134' title='bbox 1535 1779 1643 1851; x_wconf 86' lang='grc' dir='ltr'><strong>γὰρ</strong></span> <span class='ocrx_word' id='word_1_135' title='bbox 1669 1781 1702 1849; x_wconf 78' lang='grc' dir='ltr'>ἡ</span> <span class='ocrx_word' id='word_1_136' title='bbox 1730 1777 1899 1832; x_wconf 78' lang='grc' dir='ltr'>υίοθεο</span> 
     </span>
    </p>
   </div>
   <div class='ocr_carea' id='block_1_20' title="bbox 319 1841 1976 1942">
    <p class='ocr_par' dir='ltr' id='par_1_20' title="bbox 319 1841 1976 1942">
     <span class='ocr_line' id='line_1_20' title="bbox 319 1841 1976 1942; baseline -0.002 -17"><span class='ocrx_word' id='word_1_137' title='bbox 319 1872 439 1937; x_wconf 83' lang='grc' dir='ltr'>σία,</span> <span class='ocrx_word' id='word_1_138' title='bbox 476 1872 512 1942; x_wconf 72' lang='grc' dir='ltr'>ἦ</span> <span class='ocrx_word' id='word_1_139' title='bbox 754 1841 911 1934; x_wconf 77' lang='grc' dir='ltr'>Θεοῦ,</span> <span class='ocrx_word' id='word_1_140' title='bbox 942 1841 1066 1942; x_wconf 45' lang='grc' dir='ltr'>ἧσε</span> <span class='ocrx_word' id='word_1_141' title='bbox 1092 1841 1192 1923; x_wconf 73' lang='grc' dir='ltr'><strong>τοῦ</strong></span> <span class='ocrx_word' id='word_1_142' title='bbox 1223 1870 1486 1923; x_wconf 87' lang='grc' dir='ltr'>διαϐόλου.</span> <span class='ocrx_word' id='word_1_143' title='bbox 1659 1841 1767 1941; x_wconf 67' lang='grc' dir='ltr'><strong>γάρ</strong></span> <span class='ocrx_word' id='word_1_144' title='bbox 1807 1869 1903 1937; x_wconf 78' lang='grc' dir='ltr'>χά-</span> <span class='ocrx_word' id='word_1_145' title='bbox 1937 1841 1976 1894; x_wconf 74' lang='grc' dir='ltr'><strong>Β</strong></span> 
     </span>
    </p>
   </div>
   <div class='ocr_carea' id='block_1_21' title="bbox 324 1955 1903 2032">
    <p class='ocr_par' dir='ltr' id='par_1_21' title="bbox 324 1955 1903 2032">
     <span class='ocr_line' id='line_1_21' title="bbox 324 1955 1903 2032; baseline 0 -17"><span class='ocrx_word' id='word_1_146' title='bbox 324 1980 436 2032; x_wconf 81' lang='grc' dir='ltr'>ριτι</span> <span class='ocrx_word' id='word_1_147' title='bbox 470 1955 816 2032; x_wconf 81' lang='grc' dir='ltr'>σεσώσμεθα,</span> <span class='ocrx_word' id='word_1_148' title='bbox 859 1962 994 2015; x_wconf 84' lang='grc' dir='ltr'><strong>ἀλλά</strong></span> <span class='ocrx_word' id='word_1_149' title='bbox 1034 1961 1123 2014; x_wconf 77' lang='grc' dir='ltr'><strong>διὰ</strong></span> <span class='ocrx_word' id='word_1_150' title='bbox 1171 1960 1236 2014; x_wconf 73' lang='grc' dir='ltr'><strong>τὸ</strong></span> <span class='ocrx_word' id='word_1_151' title='bbox 1302 1961 1639 2032; x_wconf 79' lang='grc' dir='ltr'>ὑπερϐάλλον</span> <span class='ocrx_word' id='word_1_152' title='bbox 1688 1961 1903 2029; x_wconf 90' lang='grc' dir='ltr'>λέγεται</span> 
     </span>
    </p>
   </div>
   <div class='ocr_carea' id='block_1_22' title="bbox 318 2051 1903 2123">
    <p class='ocr_par' dir='ltr' id='par_1_22' title="bbox 318 2051 1903 2123">
     <span class='ocr_line' id='line_1_22' title="bbox 318 2051 1903 2123; baseline 0 -18"><span class='ocrx_word' id='word_1_153' title='bbox 318 2051 425 2122; x_wconf 74' lang='grc' dir='ltr'>τῆς</span> <span class='ocrx_word' id='word_1_154' title='bbox 479 2053 576 2106; x_wconf 87' lang='grc' dir='ltr'><strong>τοῦ</strong></span> <span class='ocrx_word' id='word_1_155' title='bbox 634 2053 768 2106; x_wconf 83' lang='grc' dir='ltr'>Θεοῦ</span> <span class='ocrx_word' id='word_1_156' title='bbox 827 2052 1232 2123; x_wconf 82' lang='grc' dir='ltr'>χρηστότητος,</span> <span class='ocrx_word' id='word_1_157' title='bbox 1303 2053 1386 2106; x_wconf 84' lang='grc' dir='ltr'>ὅτι</span> <span class='ocrx_word' id='word_1_158' title='bbox 1436 2054 1612 2106; x_wconf 86' lang='grc' dir='ltr'>καίτοι</span> <span class='ocrx_word' id='word_1_159' title='bbox 1670 2052 1903 2115; x_wconf 77' lang='grc' dir='ltr'>ἀνιάτως</span> 
     </span>
    </p>
   </div>
   <div class='ocr_carea' id='block_1_23' title="bbox 320 2142 1901 2215">
    <p class='ocr_par' dir='ltr' id='par_1_23' title="bbox 320 2142 1901 2215">
     <span class='ocr_line' id='line_1_23' title="bbox 320 2142 1901 2215; baseline -0.001 -19"><span class='ocrx_word' id='word_1_160' title='bbox 320 2145 857 2215; x_wconf 72' lang='grc' dir='ltr'>προσκεκρουκότων</span> <span class='ocrx_word' id='word_1_161' title='bbox 908 2144 1088 2215; x_wconf 68' lang='grc' dir='ltr'>ἡμῶν,</span> <span class='ocrx_word' id='word_1_162' title='bbox 1146 2143 1307 2207; x_wconf 76' lang='grc' dir='ltr'>αὐτὸς</span> <span class='ocrx_word' id='word_1_163' title='bbox 1356 2142 1455 2196; x_wconf 82' lang='grc' dir='ltr'><strong>οῦκ</strong></span> <span class='ocrx_word' id='word_1_164' title='bbox 1491 2145 1901 2215; x_wconf 75' lang='grc' dir='ltr'>ἐμνησικάκησε</span> 
     </span>
    </p>
   </div>
   <div class='ocr_carea' id='block_1_24' title="bbox 317 2234 1902 2307">
    <p class='ocr_par' dir='ltr' id='par_1_24' title="bbox 317 2234 1902 2307">
     <span class='ocr_line' id='line_1_24' title="bbox 317 2234 1902 2307; baseline 0 -20"><span class='ocrx_word' id='word_1_165' title='bbox 317 2238 387 2304; x_wconf 82' lang='grc' dir='ltr'><strong>τῇ</strong></span> <span class='ocrx_word' id='word_1_166' title='bbox 428 2236 677 2307; x_wconf 73' lang='grc' dir='ltr'>σωτηρίᾳ</span> <span class='ocrx_word' id='word_1_167' title='bbox 720 2235 879 2305; x_wconf 83' lang='grc' dir='ltr'>ἡμῶν</span> <span class='ocrx_word' id='word_1_168' title='bbox 910 2251 924 2267; x_wconf 79' lang='grc'><strong><em>⁸</em></strong></span> <span class='ocrx_word' id='word_1_169' title='bbox 957 2236 1078 2287; x_wconf 75' lang='grc' dir='ltr'>ἐπεὶ</span> <span class='ocrx_word' id='word_1_170' title='bbox 1120 2235 1200 2288; x_wconf 82' lang='grc' dir='ltr'>ὅτι</span> <span class='ocrx_word' id='word_1_171' title='bbox 1236 2235 1310 2306; x_wconf 80' lang='grc' dir='ltr'>μὴ</span> <span class='ocrx_word' id='word_1_172' title='bbox 1339 2236 1528 2306; x_wconf 81' lang='grc' dir='ltr'>ἀργοῖς</span> <span class='ocrx_word' id='word_1_173' title='bbox 1575 2234 1756 2289; x_wconf 88' lang='grc' dir='ltr'>δίδωσι</span> <span class='ocrx_word' id='word_1_174' title='bbox 1803 2235 1902 2306; x_wconf 80' lang='grc' dir='ltr'>τὴν</span> 
     </span>
    </p>
   </div>
   <div class='ocr_carea' id='block_1_25' title="bbox 320 2324 1900 2396">
    <p class='ocr_par' dir='ltr' id='par_1_25' title="bbox 320 2324 1900 2396">
     <span class='ocr_line' id='line_1_25' title="bbox 320 2324 1900 2396; baseline 0.001 -20"><span class='ocrx_word' id='word_1_175' title='bbox 320 2325 460 2395; x_wconf 69' lang='grc' dir='ltr'>παρ’</span> <span class='ocrx_word' id='word_1_176' title='bbox 524 2325 702 2395; x_wconf 78' lang='grc' dir='ltr'>ἐαυτῷ</span> <span class='ocrx_word' id='word_1_177' title='bbox 769 2326 1068 2396; x_wconf 80' lang='grc' dir='ltr'>σωτηρίαν,</span> <span class='ocrx_word' id='word_1_178' title='bbox 1126 2326 1338 2388; x_wconf 83' lang='grc' dir='ltr'>Παῦλος</span> <span class='ocrx_word' id='word_1_179' title='bbox 1393 2326 1680 2379; x_wconf 83' lang='grc' dir='ltr'>πιστοῦται</span> <span class='ocrx_word' id='word_1_180' title='bbox 1743 2324 1900 2396; x_wconf 77' lang='grc' dir='ltr'>βοῶν’</span> 
     </span>
    </p>
   </div>
   <div class='ocr_carea' id='block_1_26' title="bbox 320 2414 1902 2488">
    <p class='ocr_par' dir='ltr' id='par_1_26' title="bbox 320 2414 1902 2488">
     <span class='ocr_line' id='line_1_26' title="bbox 320 2414 1902 2488; baseline 0.001 -19"><span class='ocrx_word' id='word_1_181' title='bbox 320 2419 451 2480; x_wconf 79' lang='grc' dir='ltr'>Τοῖς</span> <span class='ocrx_word' id='word_1_182' title='bbox 480 2417 623 2471; x_wconf 73' lang='grc' dir='ltr'>κατὰ</span> <span class='ocrx_word' id='word_1_183' title='bbox 654 2418 913 2488; x_wconf 76' lang='grc' dir='ltr'>πρόθεσιν</span> <span class='ocrx_word' id='word_1_184' title='bbox 949 2418 1168 2486; x_wconf 78' lang='grc' dir='ltr'>κλητοῖς</span> <span class='ocrx_word' id='word_1_185' title='bbox 1218 2414 1387 2472; x_wconf 78' lang='grc' dir='ltr'>οὖσιν.</span> <span class='ocrx_word' id='word_1_186' title='bbox 1432 2418 1710 2481; x_wconf 77' lang='grc' dir='ltr'>Ὡσαύτως</span> <span class='ocrx_word' id='word_1_187' title='bbox 1739 2421 1831 2471; x_wconf 77' lang='grc' dir='ltr'>καὶ</span> <span class='ocrx_word' id='word_1_188' title='bbox 1853 2419 1902 2471; x_wconf 88' lang='grc' dir='ltr'><strong>οί</strong></span> 
     </span>
    </p>
   </div>
   <div class='ocr_carea' id='block_1_27' title="bbox 318 2507 1904 2581">
    <p class='ocr_par' dir='ltr' id='par_1_27' title="bbox 318 2507 1904 2581">
     <span class='ocr_line' id='line_1_27' title="bbox 318 2507 1904 2581; baseline 0.001 -20"><span class='ocrx_word' id='word_1_189' title='bbox 318 2508 400 2578; x_wconf 81' lang='grc' dir='ltr'>τῷ</span> <span class='ocrx_word' id='word_1_190' title='bbox 457 2509 692 2580; x_wconf 81' lang='grc' dir='ltr'>διαϐόλῳ</span> <span class='ocrx_word' id='word_1_191' title='bbox 751 2507 1182 2578; x_wconf 82' lang='grc' dir='ltr'>υἱοθετηθέντες,</span> <span class='ocrx_word' id='word_1_192' title='bbox 1238 2510 1341 2564; x_wconf 82' lang='grc' dir='ltr'>κᾶν</span> <span class='ocrx_word' id='word_1_193' title='bbox 1385 2509 1904 2581; x_wconf 76' lang='grc' dir='ltr'>ἀπηλλοτριώθησαν</span> 
     </span>
    </p>
   </div>
   <div class='ocr_carea' id='block_1_28' title="bbox 321 2598 1904 2672">
    <p class='ocr_par' dir='ltr' id='par_1_28' title="bbox 321 2598 1904 2672">
     <span class='ocr_line' id='line_1_28' title="bbox 321 2598 1904 2672; baseline 0.001 -21"><span class='ocrx_word' id='word_1_194' title='bbox 321 2599 431 2651; x_wconf 75' lang='grc' dir='ltr'><strong>ἀπὸ</strong></span> <span class='ocrx_word' id='word_1_195' title='bbox 473 2599 710 2669; x_wconf 81' lang='grc' dir='ltr'>μήτρας,</span> <span class='ocrx_word' id='word_1_196' title='bbox 745 2600 840 2652; x_wconf 73' lang='grc' dir='ltr'>καὶ</span> <span class='ocrx_word' id='word_1_197' title='bbox 883 2601 1047 2669; x_wconf 83' lang='grc' dir='ltr'>μήπω</span> <span class='ocrx_word' id='word_1_198' title='bbox 1079 2599 1179 2671; x_wconf 81' lang='grc' dir='ltr'>τὴν</span> <span class='ocrx_word' id='word_1_199' title='bbox 1224 2598 1369 2658; x_wconf 86' lang='grc' dir='ltr'><strong>κατά</strong></span> <span class='ocrx_word' id='word_1_200' title='bbox 1412 2599 1672 2672; x_wconf 78' lang='grc' dir='ltr'>πρόθεσιν</span> <span class='ocrx_word' id='word_1_201' title='bbox 1720 2601 1904 2672; x_wconf 86' lang='grc' dir='ltr'>ἀμαρ-</span> 
     </span>
    </p>
   </div>
   <div class='ocr_carea' id='block_1_29' title="bbox 318 2690 1905 2763">
    <p class='ocr_par' dir='ltr' id='par_1_29' title="bbox 318 2690 1905 2763">
     <span class='ocr_line' id='line_1_29' title="bbox 318 2690 1905 2763; baseline 0.003 -21"><span class='ocrx_word' id='word_1_202' title='bbox 318 2691 446 2743; x_wconf 87' lang='grc' dir='ltr'>τίαν</span> <span class='ocrx_word' id='word_1_203' title='bbox 502 2691 892 2759; x_wconf 80' lang='grc' dir='ltr'>ἐνηργηκότες,</span> <span class='ocrx_word' id='word_1_204' title='bbox 950 2690 1085 2744; x_wconf 86' lang='grc' dir='ltr'><strong>ἀλλά</strong></span> <span class='ocrx_word' id='word_1_205' title='bbox 1126 2691 1214 2745; x_wconf 71' lang='grc' dir='ltr'><strong>διὰ</strong></span> <span class='ocrx_word' id='word_1_206' title='bbox 1260 2692 1322 2744; x_wconf 85' lang='grc' dir='ltr'>τὸ</span> <span class='ocrx_word' id='word_1_207' title='bbox 1376 2691 1515 2759; x_wconf 81' lang='grc' dir='ltr'>ἄγαν</span> <span class='ocrx_word' id='word_1_208' title='bbox 1546 2691 1905 2763; x_wconf 74' lang='grc' dir='ltr'>φιλοπόνηρον</span> 
     </span>
    </p>
   </div>
   <div class='ocr_carea' id='block_1_30' title="bbox 314 2780 1903 2853">
    <p class='ocr_par' dir='ltr' id='par_1_30' title="bbox 314 2780 1903 2853">
     <span class='ocr_line' id='line_1_30' title="bbox 314 2780 1903 2853; baseline 0.003 -21"><span class='ocrx_word' id='word_1_209' title='bbox 314 2780 505 2832; x_wconf 67' lang='grc' dir='ltr'>αὐτῶν</span> <span class='ocrx_word' id='word_1_210' title='bbox 535 2781 749 2850; x_wconf 79' lang='grc' dir='ltr'>εἴρηται</span> <span class='ocrx_word' id='word_1_211' title='bbox 781 2781 960 2836; x_wconf 88' lang='grc' dir='ltr'>τοῦτο.</span> <span class='ocrx_word' id='word_1_212' title='bbox 994 2782 1067 2833; x_wconf 86' lang='grc' dir='ltr'><strong>Οὐ</strong></span> <span class='ocrx_word' id='word_1_213' title='bbox 1107 2783 1215 2853; x_wconf 79' lang='grc' dir='ltr'><strong>γὰρ</strong></span> <span class='ocrx_word' id='word_1_214' title='bbox 1248 2782 1393 2836; x_wconf 75' lang='grc' dir='ltr'>ἐστιν</span> <span class='ocrx_word' id='word_1_215' title='bbox 1419 2782 1779 2852; x_wconf 82' lang='grc' dir='ltr'>ἀνενέργητον</span> <span class='ocrx_word' id='word_1_216' title='bbox 1808 2784 1903 2837; x_wconf 89' lang='grc' dir='ltr'><strong>τοῦ</strong></span> 
     </span>
    </p>
   </div>
   <div class='ocr_carea' id='block_1_31' title="bbox 320 2871 1906 2942">
    <p class='ocr_par' dir='ltr' id='par_1_31' title="bbox 320 2871 1906 2942">
     <span class='ocr_line' id='line_1_31' title="bbox 320 2871 1906 2942; baseline 0.001 -19"><span class='ocrx_word' id='word_1_217' title='bbox 320 2871 522 2933; x_wconf 83' lang='grc' dir='ltr'>κακοῦ,</span> <span class='ocrx_word' id='word_1_218' title='bbox 562 2872 641 2941; x_wconf 79' lang='grc' dir='ltr'>τῷ</span> <span class='ocrx_word' id='word_1_219' title='bbox 678 2872 910 2942; x_wconf 68' lang='grc' dir='ltr'>διαϐόλῳ</span> <span class='ocrx_word' id='word_1_220' title='bbox 944 2872 1312 2941; x_wconf 80' lang='grc' dir='ltr'>οίκειωθῆναι.</span> <span class='ocrx_word' id='word_1_221' title='bbox 1358 2872 1500 2925; x_wconf 74' lang='grc' dir='ltr'>Ἀλλ’</span> <span class='ocrx_word' id='word_1_222' title='bbox 1547 2876 1574 2925; x_wconf 90' lang='lat'><strong>6</strong></span> <span class='ocrx_word' id='word_1_223' title='bbox 1607 2875 1772 2925; x_wconf 78' lang='grc' dir='ltr'>’ποιῶν</span> <span class='ocrx_word' id='word_1_224' title='bbox 1806 2874 1906 2942; x_wconf 66' lang='grc' dir='ltr'>τὴν</span> 
     </span>
    </p>
   </div>
   <div class='ocr_carea' id='block_1_32' title="bbox 320 2960 1904 3034">
    <p class='ocr_par' dir='ltr' id='par_1_32' title="bbox 320 2960 1904 3034">
     <span class='ocr_line' id='line_1_32' title="bbox 320 2960 1904 3034; baseline 0.002 -21"><span class='ocrx_word' id='word_1_225' title='bbox 320 2960 631 3030; x_wconf 77' lang='grc' dir='ltr'>ἁμαρτίαν,</span> <span class='ocrx_word' id='word_1_226' title='bbox 666 2964 868 3024; x_wconf 77' lang='grc' dir='ltr'>ἐκεῖνος</span> <span class='ocrx_word' id='word_1_227' title='bbox 899 2963 992 3014; x_wconf 80' lang='grc' dir='ltr'>καὶ</span> <span class='ocrx_word' id='word_1_228' title='bbox 1034 2962 1110 3031; x_wconf 81' lang='grc' dir='ltr'>τῷ</span> <span class='ocrx_word' id='word_1_229' title='bbox 1147 2962 1378 3029; x_wconf 81' lang='grc' dir='ltr'>διαϐόλῳ</span> <span class='ocrx_word' id='word_1_230' title='bbox 1416 2963 1759 3034; x_wconf 81' lang='grc' dir='ltr'>ἀνείληπται,</span> <span class='ocrx_word' id='word_1_231' title='bbox 1784 2966 1904 3031; x_wconf 72' lang='grc' dir='ltr'>ἦτοι</span> 
     </span>
    </p>
   </div>
   <div class='ocr_carea' id='block_1_33' title="bbox 325 3051 1902 3123">
    <p class='ocr_par' dir='ltr' id='par_1_33' title="bbox 325 3051 1902 3123">
     <span class='ocr_line' id='line_1_33' title="bbox 325 3051 1902 3123; baseline 0.002 -22"><span class='ocrx_word' id='word_1_232' title='bbox 325 3052 407 3113; x_wconf 77' lang='grc' dir='ltr'><strong>εἰς</strong></span> <span class='ocrx_word' id='word_1_233' title='bbox 428 3053 570 3108; x_wconf 65' lang='grc' dir='ltr'>υἱον,</span> <span class='ocrx_word' id='word_1_234' title='bbox 599 3051 680 3120; x_wconf 78' lang='grc' dir='ltr'><strong>τῷ</strong></span> <span class='ocrx_word' id='word_1_235' title='bbox 704 3051 866 3104; x_wconf 76' lang='grc' dir='ltr'>πλέον</span> <span class='ocrx_word' id='word_1_236' title='bbox 894 3053 1135 3123; x_wconf 80' lang='grc' dir='ltr'>ἐνεργεῖν</span> <span class='ocrx_word' id='word_1_237' title='bbox 1167 3052 1262 3104; x_wconf 68' lang='grc' dir='ltr'>καὶ</span> <span class='ocrx_word' id='word_1_238' title='bbox 1286 3052 1604 3123; x_wconf 83' lang='grc' dir='ltr'>αὐθαίρετον</span> <span class='ocrx_word' id='word_1_239' title='bbox 1627 3053 1687 3105; x_wconf 74' lang='grc' dir='ltr'>τὸ</span> <span class='ocrx_word' id='word_1_240' title='bbox 1714 3052 1902 3120; x_wconf 70' lang='grc' dir='ltr'>κακὸν,</span> 
     </span>
    </p>
   </div>
   <div class='ocr_carea' id='block_1_34' title="bbox 323 3138 1973 3242">
    <p class='ocr_par' dir='ltr' id='par_1_34' title="bbox 323 3138 1973 3242">
     <span class='ocr_line' id='line_1_34' title="bbox 323 3138 1973 3242; baseline 0.002 -51"><span class='ocrx_word' id='word_1_241' title='bbox 323 3138 357 3209; x_wconf 78' lang='grc' dir='ltr'><strong>ἥ</strong></span> <span class='ocrx_word' id='word_1_242' title='bbox 389 3143 470 3202; x_wconf 81' lang='grc' dir='ltr'><strong>εἰς</strong></span> <span class='ocrx_word' id='word_1_243' title='bbox 502 3141 710 3204; x_wconf 83' lang='grc' dir='ltr'>δοῦλον,</span> <span class='ocrx_word' id='word_1_244' title='bbox 736 3142 814 3211; x_wconf 86' lang='grc' dir='ltr'>τῷ</span> <span class='ocrx_word' id='word_1_245' title='bbox 853 3141 1371 3211; x_wconf 80' lang='grc' dir='ltr'>καταπαλαισθῆναι</span> <span class='ocrx_word' id='word_1_246' title='bbox 1414 3143 1491 3212; x_wconf 84' lang='grc' dir='ltr'><strong>τῷ</strong></span> <span class='ocrx_word' id='word_1_247' title='bbox 1544 3144 1766 3215; x_wconf 84' lang='grc' dir='ltr'>πονηρῷ</span> <span class='ocrx_word' id='word_1_248' title='bbox 1810 3145 1903 3197; x_wconf 71' lang='grc' dir='ltr'>καὶ</span> <span class='ocrx_word' id='word_1_249' title='bbox 1928 3178 1973 3242; x_wconf 79' lang='lat' dir='ltr'><strong><em>C</em></strong></span> 
     </span>
    </p>
   </div>
   <div class='ocr_carea' id='block_1_35' title="bbox 323 3232 1904 3306">
    <p class='ocr_par' dir='ltr' id='par_1_35' title="bbox 323 3232 1904 3306">
     <span class='ocr_line' id='line_1_35' title="bbox 323 3232 1904 3306; baseline 0.004 -25"><span class='ocrx_word' id='word_1_250' title='bbox 323 3232 664 3301; x_wconf 74' lang='grc' dir='ltr'>χειρωθῆναι</span> <span class='ocrx_word' id='word_1_251' title='bbox 693 3232 785 3286; x_wconf 76' lang='grc' dir='ltr'>ὑπ’</span> <span class='ocrx_word' id='word_1_252' title='bbox 814 3232 999 3297; x_wconf 74' lang='grc' dir='ltr'>αὑτοῦ,</span> <span class='ocrx_word' id='word_1_253' title='bbox 1031 3234 1126 3286; x_wconf 71' lang='grc' dir='ltr'>καὶ</span> <span class='ocrx_word' id='word_1_254' title='bbox 1148 3234 1246 3303; x_wconf 82' lang='grc' dir='ltr'>τὴν</span> <span class='ocrx_word' id='word_1_255' title='bbox 1282 3235 1542 3305; x_wconf 79' lang='grc' dir='ltr'>λατρείαν</span> <span class='ocrx_word' id='word_1_256' title='bbox 1567 3236 1904 3306; x_wconf 85' lang='grc' dir='ltr'>κατακριθῆ-</span> 
     </span>
    </p>
   </div>
   <div class='ocr_carea' id='block_1_36' title="bbox 319 3320 1905 3396">
    <p class='ocr_par' dir='ltr' id='par_1_36' title="bbox 319 3320 1905 3396">
     <span class='ocr_line' id='line_1_36' title="bbox 319 3320 1905 3396; baseline 0.006 -26"><span class='ocrx_word' id='word_1_257' title='bbox 319 3336 432 3372; x_wconf 87' lang='grc' dir='ltr'>ναι.</span> <span class='ocrx_word' id='word_1_258' title='bbox 457 3320 662 3373; x_wconf 82' lang='grc' dir='ltr'>Σκόπει</span> <span class='ocrx_word' id='word_1_259' title='bbox 685 3321 739 3374; x_wconf 81' lang='grc' dir='ltr'>δὲ</span> <span class='ocrx_word' id='word_1_260' title='bbox 770 3322 863 3373; x_wconf 75' lang='grc' dir='ltr'><strong>καὶ</strong></span> <span class='ocrx_word' id='word_1_261' title='bbox 887 3322 1068 3388; x_wconf 85' lang='grc' dir='ltr'>τοῦτο,</span> <span class='ocrx_word' id='word_1_262' title='bbox 1092 3323 1173 3376; x_wconf 82' lang='grc' dir='ltr'>ὅτι</span> <span class='ocrx_word' id='word_1_263' title='bbox 1201 3323 1292 3376; x_wconf 70' lang='grc' dir='ltr'>τὸν</span> <span class='ocrx_word' id='word_1_264' title='bbox 1314 3325 1375 3377; x_wconf 83' lang='grc' dir='ltr'><strong>ἐκ</strong></span> <span class='ocrx_word' id='word_1_265' title='bbox 1405 3324 1542 3377; x_wconf 88' lang='grc' dir='ltr'>Θεοῦ</span> <span class='ocrx_word' id='word_1_266' title='bbox 1567 3326 1905 3396; x_wconf 85' lang='grc' dir='ltr'>γεγεννημέ-</span> 
     </span>
    </p>
   </div>
   <div class='ocr_carea' id='block_1_37' title="bbox 316 3407 1904 3489">
    <p class='ocr_par' dir='ltr' id='par_1_37' title="bbox 316 3407 1904 3489">
     <span class='ocr_line' id='line_1_37' title="bbox 316 3407 1904 3489; baseline 0.004 -25"><span class='ocrx_word' id='word_1_267' title='bbox 316 3426 435 3477; x_wconf 83' lang='grc' dir='ltr'>νον,</span> <span class='ocrx_word' id='word_1_268' title='bbox 453 3413 557 3464; x_wconf 78' lang='grc' dir='ltr'>οὐκ</span> <span class='ocrx_word' id='word_1_269' title='bbox 575 3407 728 3464; x_wconf 82' lang='grc' dir='ltr'>εἶπεν</span> <span class='ocrx_word' id='word_1_270' title='bbox 744 3414 824 3466; x_wconf 75' lang='grc' dir='ltr'>ὅτι</span> <span class='ocrx_word' id='word_1_271' title='bbox 842 3414 941 3483; x_wconf 74' lang='grc' dir='ltr'>οὐχ</span> <span class='ocrx_word' id='word_1_272' title='bbox 963 3414 1290 3485; x_wconf 83' lang='grc' dir='ltr'>ἁμαρτάνει,</span> <span class='ocrx_word' id='word_1_273' title='bbox 1310 3415 1395 3469; x_wconf 77' lang='grc' dir='ltr'>ἵνα</span> <span class='ocrx_word' id='word_1_274' title='bbox 1418 3417 1492 3486; x_wconf 76' lang='grc' dir='ltr'>μὴ</span> <span class='ocrx_word' id='word_1_275' title='bbox 1512 3416 1609 3469; x_wconf 77' lang='grc' dir='ltr'>καὶ</span> <span class='ocrx_word' id='word_1_276' title='bbox 1636 3417 1702 3470; x_wconf 79' lang='grc' dir='ltr'><strong>τὰ</strong></span> <span class='ocrx_word' id='word_1_277' title='bbox 1727 3416 1904 3489; x_wconf 82' lang='grc' dir='ltr'>βρέφη</span> 
     </span>
    </p>
   </div>
   <div class='ocr_carea' id='block_1_38' title="bbox 318 3503 1903 3579">
    <p class='ocr_par' dir='ltr' id='par_1_38' title="bbox 318 3503 1903 3579">
     <span class='ocr_line' id='line_1_38' title="bbox 318 3503 1903 3579; baseline 0.006 -24"><span class='ocrx_word' id='word_1_278' title='bbox 318 3503 714 3574; x_wconf 77' lang='grc' dir='ltr'>συμπεριλάϐῃ</span> <span class='ocrx_word' id='word_1_279' title='bbox 729 3504 786 3569; x_wconf 80' lang='grc' dir='ltr'><strong>ἐξ</strong></span> <span class='ocrx_word' id='word_1_280' title='bbox 806 3503 1018 3574; x_wconf 74' lang='grc' dir='ltr'>ἡλικίας</span> <span class='ocrx_word' id='word_1_281' title='bbox 1035 3505 1224 3575; x_wconf 78' lang='grc' dir='ltr'>ἔχοντα</span> <span class='ocrx_word' id='word_1_282' title='bbox 1242 3507 1302 3559; x_wconf 82' lang='grc' dir='ltr'>τὸ</span> <span class='ocrx_word' id='word_1_283' title='bbox 1321 3508 1394 3578; x_wconf 78' lang='grc' dir='ltr'>μὴ</span> <span class='ocrx_word' id='word_1_284' title='bbox 1413 3509 1767 3579; x_wconf 81' lang='grc' dir='ltr'>ἁμαρτάνειν,</span> <span class='ocrx_word' id='word_1_285' title='bbox 1789 3512 1903 3565; x_wconf 85' lang='grc' dir='ltr'>ἀλλ’</span> 
     </span>
    </p>
   </div>
   <div class='ocr_carea' id='block_1_39' title="bbox 316 3590 1907 3673">
    <p class='ocr_par' dir='ltr' id='par_1_39' title="bbox 316 3590 1907 3673">
     <span class='ocr_line' id='line_1_39' title="bbox 316 3590 1907 3673; baseline 0.006 -27"><span class='ocrx_word' id='word_1_286' title='bbox 316 3590 479 3646; x_wconf 73' lang='grc' dir='ltr'>εἶπεν</span> <span class='ocrx_word' id='word_1_287' title='bbox 495 3595 580 3647; x_wconf 83' lang='grc' dir='ltr'>ὃτι</span> <span class='ocrx_word' id='word_1_288' title='bbox 598 3594 655 3647; x_wconf 82' lang='grc' dir='ltr'><strong>’Δ</strong></span> <span class='ocrx_word' id='word_1_289' title='bbox 665 3596 898 3665; x_wconf 84' lang='grc' dir='ltr'>μαρτίαν</span> <span class='ocrx_word' id='word_1_290' title='bbox 912 3597 972 3648; x_wconf 85' lang='grc' dir='ltr'>οὐ</span> <span class='ocrx_word' id='word_1_291' title='bbox 996 3598 1159 3650; x_wconf 87' lang='grc' dir='ltr'>ποιεῖ.</span> <span class='ocrx_word' id='word_1_292' title='bbox 1184 3598 1256 3650; x_wconf 82' lang='lat' dir='ltr'><em>T6</em></span> <span class='ocrx_word' id='word_1_293' title='bbox 1273 3600 1370 3668; x_wconf 75' lang='grc' dir='ltr'>μὲν</span> <span class='ocrx_word' id='word_1_294' title='bbox 1393 3601 1519 3670; x_wconf 76' lang='grc' dir='ltr'>γὰρ,</span> <span class='ocrx_word' id='word_1_295' title='bbox 1533 3601 1643 3670; x_wconf 81' lang='grc' dir='ltr'><strong>Οὐχ</strong></span> <span class='ocrx_word' id='word_1_296' title='bbox 1660 3602 1907 3673; x_wconf 77' lang='grc' dir='ltr'>ἁμαρτά-</span> 
     </span>
    </p>
   </div>
   <div class='ocr_carea' id='block_1_40' title="bbox 292 3686 1907 3755">
    <p class='ocr_par' dir='ltr' id='par_1_40' title="bbox 292 3686 1907 3755">
     <span class='ocr_line' id='line_1_40' title="bbox 292 3686 1907 3755; baseline 0.006 -18"><span class='ocrx_word' id='word_1_297' title='bbox 292 3701 429 3753; x_wconf 45' lang='grc' dir='ltr'>νει,</span> <span class='ocrx_word' id='word_1_298' title='bbox 448 3686 723 3755; x_wconf 79' lang='grc' dir='ltr'>ἀποφάσει</span> <span class='ocrx_word' id='word_1_299' title='bbox 741 3686 913 3740; x_wconf 72' lang='grc' dir='ltr'>ἔοικεν</span> <span class='ocrx_word' id='word_1_300' title='bbox 935 3688 1144 3752; x_wconf 80' lang='grc' dir='ltr'>ἁπλῶς·</span> <span class='ocrx_word' id='word_1_301' title='bbox 1165 3690 1226 3741; x_wconf 75' lang='grc' dir='ltr'>τὸ</span> <span class='ocrx_word' id='word_1_302' title='bbox 1243 3690 1321 3755; x_wconf 80' lang='grc' dir='ltr'>δὲ,</span> <span class='ocrx_word' id='word_1_303' title='bbox 1339 3692 1414 3744; x_wconf 82' lang='grc' dir='ltr'><strong>Οὐ</strong></span> <span class='ocrx_word' id='word_1_304' title='bbox 1436 3695 1596 3754; x_wconf 83' lang='grc' dir='ltr'>ποιεῖ,</span> <span class='ocrx_word' id='word_1_305' title='bbox 1615 3693 1674 3745; x_wconf 80' lang='grc' dir='ltr'>τὸ</span> <span class='ocrx_word' id='word_1_306' title='bbox 1700 3694 1764 3745; x_wconf 84' lang='grc' dir='ltr'><strong>ἐκ</strong></span> <span class='ocrx_word' id='word_1_307' title='bbox 1792 3695 1907 3747; x_wconf 84' lang='grc' dir='ltr'>δια-</span> 
     </span>
    </p>
   </div>
   <div class='ocr_carea' id='block_1_41' title="bbox 314 3776 1905 3853">
    <p class='ocr_par' dir='ltr' id='par_1_41' title="bbox 314 3776 1905 3853">
     <span class='ocr_line' id='line_1_41' title="bbox 314 3776 1905 3853; baseline 0.006 -23"><span class='ocrx_word' id='word_1_308' title='bbox 314 3776 530 3839; x_wconf 72' lang='grc' dir='ltr'>θέσεως</span> <span class='ocrx_word' id='word_1_309' title='bbox 550 3779 625 3848; x_wconf 78' lang='grc' dir='ltr'>μὴ</span> <span class='ocrx_word' id='word_1_310' title='bbox 645 3779 912 3849; x_wconf 81' lang='grc' dir='ltr'>ὑπάρχειν</span> <span class='ocrx_word' id='word_1_311' title='bbox 928 3779 1098 3849; x_wconf 76' lang='grc' dir='ltr'>δῆλοι.</span> <span class='ocrx_word' id='word_1_312' title='bbox 1114 3781 1230 3833; x_wconf 76' lang='grc' dir='ltr'>Δι’δ</span> <span class='ocrx_word' id='word_1_313' title='bbox 1244 3784 1338 3834; x_wconf 77' lang='grc' dir='ltr'>καὶ</span> <span class='ocrx_word' id='word_1_314' title='bbox 1352 3784 1697 3853; x_wconf 76' lang='grc' dir='ltr'>προστίθησι,</span> <span class='ocrx_word' id='word_1_315' title='bbox 1714 3786 1806 3839; x_wconf 74' lang='grc' dir='ltr'>καὶ</span> <span class='ocrx_word' id='word_1_316' title='bbox 1824 3786 1905 3839; x_wconf 80' lang='grc' dir='ltr'>ὅτι</span> 
     </span>
    </p>
   </div>
   <div class='ocr_carea' id='block_1_42' title="bbox 317 3868 1906 3946">
    <p class='ocr_par' dir='ltr' id='par_1_42' title="bbox 317 3868 1906 3946">
     <span class='ocr_line' id='line_1_42' title="bbox 317 3868 1906 3946; baseline 0.006 -24"><span class='ocrx_word' id='word_1_317' title='bbox 317 3870 385 3922; x_wconf 77' lang='grc' dir='ltr'>οὗ</span> <span class='ocrx_word' id='word_1_318' title='bbox 418 3868 646 3923; x_wconf 75' lang='grc' dir='ltr'>δύναται</span> <span class='ocrx_word' id='word_1_319' title='bbox 678 3870 1038 3942; x_wconf 82' lang='grc' dir='ltr'>ἁμαρτάνειν,</span> <span class='ocrx_word' id='word_1_320' title='bbox 1069 3873 1131 3926; x_wconf 82' lang='grc' dir='ltr'>οὐ</span> <span class='ocrx_word' id='word_1_321' title='bbox 1163 3873 1301 3927; x_wconf 80' lang='grc' dir='ltr'>κατὰ</span> <span class='ocrx_word' id='word_1_322' title='bbox 1333 3875 1567 3944; x_wconf 80' lang='grc' dir='ltr'>φυσικὴν</span> <span class='ocrx_word' id='word_1_323' title='bbox 1601 3877 1906 3946; x_wconf 71' lang='grc' dir='ltr'>ἀδυναμίαν</span> 
     </span>
    </p>
   </div>
   <div class='ocr_carea' id='block_1_43' title="bbox 317 3964 1905 4040">
    <p class='ocr_par' dir='ltr' id='par_1_43' title="bbox 317 3964 1905 4040">
     <span class='ocr_line' id='line_1_43' title="bbox 317 3964 1905 4040; baseline 0.004 -23"><span class='ocrx_word' id='word_1_324' title='bbox 317 3964 485 4017; x_wconf 80' lang='grc' dir='ltr'>τοῦτο</span> <span class='ocrx_word' id='word_1_325' title='bbox 528 3964 724 4032; x_wconf 77' lang='grc' dir='ltr'>λέγων,</span> <span class='ocrx_word' id='word_1_326' title='bbox 752 3964 826 4030; x_wconf 86' lang='grc' dir='ltr'><strong>ὡς</strong></span> <span class='ocrx_word' id='word_1_327' title='bbox 856 3967 949 4018; x_wconf 76' lang='grc' dir='ltr'>ἐπὶ</span> <span class='ocrx_word' id='word_1_328' title='bbox 983 3966 1091 4021; x_wconf 83' lang='grc' dir='ltr'>τῶν</span> <span class='ocrx_word' id='word_1_329' title='bbox 1127 3967 1336 4035; x_wconf 84' lang='grc' dir='ltr'>ἀλόγων</span> <span class='ocrx_word' id='word_1_330' title='bbox 1370 3968 1568 4038; x_wconf 78' lang='grc' dir='ltr'>φαμὲν,</span> <span class='ocrx_word' id='word_1_331' title='bbox 1626 3969 1699 4040; x_wconf 77' lang='grc' dir='ltr'>μὴ</span> <span class='ocrx_word' id='word_1_332' title='bbox 1743 3970 1905 4024; x_wconf 80' lang='grc' dir='ltr'>δύνα-</span> 
     </span>
    </p>
   </div>
   <div class='ocr_carea' id='block_1_44' title="bbox 321 4055 1904 4132">
    <p class='ocr_par' dir='ltr' id='par_1_44' title="bbox 321 4055 1904 4132">
     <span class='ocr_line' id='line_1_44' title="bbox 321 4055 1904 4132; baseline 0.004 -24"><span class='ocrx_word' id='word_1_333' title='bbox 321 4055 451 4109; x_wconf 80' lang='grc' dir='ltr'>σθαι</span> <span class='ocrx_word' id='word_1_334' title='bbox 481 4057 793 4128; x_wconf 74' lang='grc' dir='ltr'>ἐπιστήμην</span> <span class='ocrx_word' id='word_1_335' title='bbox 824 4057 1251 4128; x_wconf 84' lang='grc' dir='ltr'>ἀναλαμϐάνειν,</span> <span class='ocrx_word' id='word_1_336' title='bbox 1290 4059 1428 4112; x_wconf 85' lang='grc' dir='ltr'><strong>ἀλλά</strong></span> <span class='ocrx_word' id='word_1_337' title='bbox 1471 4059 1610 4113; x_wconf 85' lang='grc' dir='ltr'><strong>κατά</strong></span> <span class='ocrx_word' id='word_1_338' title='bbox 1636 4077 1904 4132; x_wconf 68' lang='grc' dir='ltr'><strong>ειιιροοιιρε⁹</strong></span> 
     </span>
    </p>
   </div>
   <div class='ocr_carea' id='block_1_45' title="bbox 322 4146 1905 4220">
    <p class='ocr_par' dir='ltr' id='par_1_45' title="bbox 322 4146 1905 4220">
     <span class='ocr_line' id='line_1_45' title="bbox 322 4146 1905 4220; baseline 0.006 -25"><span class='ocrx_word' id='word_1_339' title='bbox 322 4146 485 4215; x_wconf 77' lang='grc' dir='ltr'>τικὴν</span> <span class='ocrx_word' id='word_1_340' title='bbox 511 4149 608 4217; x_wconf 66' lang='grc' dir='ltr'>τῆς</span> <span class='ocrx_word' id='word_1_341' title='bbox 647 4148 923 4218; x_wconf 82' lang='grc' dir='ltr'>ἁμαρτίας</span> <span class='ocrx_word' id='word_1_342' title='bbox 971 4149 1193 4220; x_wconf 79' lang='grc' dir='ltr'>ἀργίαν.</span> <span class='ocrx_word' id='word_1_343' title='bbox 1237 4148 1422 4202; x_wconf 86' lang='grc' dir='ltr'>Ταῦτα</span> <span class='ocrx_word' id='word_1_344' title='bbox 1471 4150 1777 4215; x_wconf 84' lang='grc' dir='ltr'>διεξελθὼν,</span> <span class='ocrx_word' id='word_1_345' title='bbox 1812 4153 1905 4206; x_wconf 73' lang='grc' dir='ltr'>καὶ</span> 
     </span>
    </p>
   </div>
   <div class='ocr_carea' id='block_1_46' title="bbox 323 4231 1904 4312">
    <p class='ocr_par' dir='ltr' id='par_1_46' title="bbox 323 4231 1904 4312">
     <span class='ocr_line' id='line_1_46' title="bbox 323 4231 1904 4312; baseline 0.008 -29"><span class='ocrx_word' id='word_1_346' title='bbox 323 4231 385 4285; x_wconf 76' lang='grc' dir='ltr'>τὸ</span> <span class='ocrx_word' id='word_1_347' title='bbox 409 4236 700 4307; x_wconf 74' lang='grc' dir='ltr'>γνώρισμα</span> <span class='ocrx_word' id='word_1_348' title='bbox 727 4239 837 4290; x_wconf 82' lang='grc' dir='ltr'><strong>τῶν</strong></span> <span class='ocrx_word' id='word_1_349' title='bbox 866 4238 959 4291; x_wconf 86' lang='grc' dir='ltr'><strong>τοῦ</strong></span> <span class='ocrx_word' id='word_1_350' title='bbox 988 4238 1124 4292; x_wconf 88' lang='grc' dir='ltr'>Θεοῦ</span> <span class='ocrx_word' id='word_1_351' title='bbox 1165 4238 1395 4305; x_wconf 85' lang='grc' dir='ltr'>τέκνων,</span> <span class='ocrx_word' id='word_1_352' title='bbox 1427 4240 1489 4292; x_wconf 75' lang='grc' dir='ltr'><strong>τὸ</strong></span> <span class='ocrx_word' id='word_1_353' title='bbox 1521 4240 1596 4311; x_wconf 84' lang='grc' dir='ltr'>μὴ</span> <span class='ocrx_word' id='word_1_354' title='bbox 1630 4242 1904 4312; x_wconf 85' lang='grc' dir='ltr'>ἁμαρτίαν</span> 
     </span>
    </p>
   </div>
   <div class='ocr_carea' id='block_1_47' title="bbox 328 4323 1904 4400">
    <p class='ocr_par' dir='ltr' id='par_1_47' title="bbox 328 4323 1904 4400">
     <span class='ocr_line' id='line_1_47' title="bbox 328 4323 1904 4400; baseline 0.008 -25"><span class='ocrx_word' id='word_1_355' title='bbox 328 4326 526 4387; x_wconf 82' lang='grc' dir='ltr'>ποιεῖν,</span> <span class='ocrx_word' id='word_1_356' title='bbox 561 4323 701 4379; x_wconf 81' lang='grc' dir='ltr'>εἶναι</span> <span class='ocrx_word' id='word_1_357' title='bbox 740 4330 939 4398; x_wconf 81' lang='grc' dir='ltr'>φήσας,</span> <span class='ocrx_word' id='word_1_358' title='bbox 973 4330 1050 4393; x_wconf 81' lang='grc' dir='ltr'>ὡς</span> <span class='ocrx_word' id='word_1_359' title='bbox 1094 4330 1354 4400; x_wconf 75' lang='grc' dir='ltr'>ἔμπαλιν,</span> <span class='ocrx_word' id='word_1_360' title='bbox 1386 4332 1497 4384; x_wconf 85' lang='grc' dir='ltr'><strong>τῶν</strong></span> <span class='ocrx_word' id='word_1_361' title='bbox 1532 4332 1625 4385; x_wconf 90' lang='grc' dir='ltr'><strong>τοῦ</strong></span> <span class='ocrx_word' id='word_1_362' title='bbox 1657 4333 1904 4388; x_wconf 84' lang='grc' dir='ltr'>διαϐόλου</span> 
     </span>
    </p>
   </div>
   <div class='ocr_carea' id='block_1_48' title="bbox 329 4416 1909 4496">
    <p class='ocr_par' dir='ltr' id='par_1_48' title="bbox 329 4416 1909 4496">
     <span class='ocr_line' id='line_1_48' title="bbox 329 4416 1909 4496; baseline 0.009 -31"><span class='ocrx_word' id='word_1_363' title='bbox 329 4416 480 4479; x_wconf 79' lang='grc' dir='ltr'>υἱῶν,</span> <span class='ocrx_word' id='word_1_364' title='bbox 508 4416 569 4468; x_wconf 81' lang='grc' dir='ltr'>τὸ</span> <span class='ocrx_word' id='word_1_365' title='bbox 603 4418 938 4489; x_wconf 76' lang='grc' dir='ltr'>ἁμαρτάνειν</span> <span class='ocrx_word' id='word_1_366' title='bbox 961 4440 974 4453; x_wconf 81' lang='grc' dir='ltr'><strong>ο</strong></span> <span class='ocrx_word' id='word_1_367' title='bbox 1002 4421 1288 4486; x_wconf 80' lang='grc' dir='ltr'>διεξελθὼν</span> <span class='ocrx_word' id='word_1_368' title='bbox 1313 4420 1406 4478; x_wconf 81' lang='grc' dir='ltr'>οὖν</span> <span class='ocrx_word' id='word_1_369' title='bbox 1440 4423 1634 4489; x_wconf 88' lang='grc' dir='ltr'>ταῦτα,</span> <span class='ocrx_word' id='word_1_370' title='bbox 1665 4427 1909 4496; x_wconf 80' lang='grc' dir='ltr'>ἀναλαμ-</span> 
     </span>
    </p>
   </div>
   <div class='ocr_carea' id='block_1_49' title="bbox 2008 590 3577 664">
    <p class='ocr_par' dir='ltr' id='par_1_49' title="bbox 2008 590 3577 664">
     <span class='ocr_line' id='line_1_49' title="bbox 2008 590 3577 664; baseline 0.003 -18"><span class='ocrx_word' id='word_1_371' title='bbox 2008 591 2138 648; x_wconf 86' lang='lat' dir='ltr'><strong>facit</strong></span> <span class='ocrx_word' id='word_1_372' title='bbox 2184 593 2332 664; x_wconf 81' lang='lat' dir='ltr'><strong>ipsos</strong></span> <span class='ocrx_word' id='word_1_373' title='bbox 2369 590 2520 650; x_wconf 82' lang='lat' dir='ltr'><strong>ﬁlios</strong></span> <span class='ocrx_word' id='word_1_374' title='bbox 2553 593 2665 660; x_wconf 87' lang='lat' dir='ltr'><strong>Dei,</strong></span> <span class='ocrx_word' id='word_1_375' title='bbox 2730 602 3001 664; x_wconf 77' lang='lat' dir='ltr'><strong>quatenus</strong></span> <span class='ocrx_word' id='word_1_376' title='bbox 3051 595 3215 650; x_wconf 82' lang='lat' dir='ltr'><strong>etiam</strong></span> <span class='ocrx_word' id='word_1_377' title='bbox 3268 595 3322 650; x_wconf 92' lang='lat' dir='ltr'><strong>in</strong></span> <span class='ocrx_word' id='word_1_378' title='bbox 3375 599 3577 653; x_wconf 83' lang='lat' dir='ltr'><strong>semim-</strong></span> 
     </span>
    </p>
   </div>
   <div class='ocr_carea' id='block_1_50' title="bbox 2005 684 3579 757">
    <p class='ocr_par' dir='ltr' id='par_1_50' title="bbox 2005 684 3579 757">
     <span class='ocr_line' id='line_1_50' title="bbox 2005 684 3579 757; baseline 0.001 -17"><span class='ocrx_word' id='word_1_379' title='bbox 2005 684 2296 751; x_wconf 80' lang='lat' dir='ltr'><strong>Abraham,</strong></span> <span class='ocrx_word' id='word_1_380' title='bbox 2331 687 2421 757; x_wconf 89' lang='lat' dir='ltr'><strong>qui</strong></span> <span class='ocrx_word' id='word_1_381' title='bbox 2475 695 2561 741; x_wconf 88' lang='lat' dir='ltr'><strong>est</strong></span> <span class='ocrx_word' id='word_1_382' title='bbox 2612 686 2884 751; x_wconf 84' lang='lat' dir='ltr'><strong>Christus,</strong></span> <span class='ocrx_word' id='word_1_383' title='bbox 2941 686 3340 743; x_wconf 78' lang='lat' dir='ltr'><strong>benedicuntur</strong></span> <span class='ocrx_word' id='word_1_384' title='bbox 3390 705 3579 744; x_wconf 79' lang='lat' dir='ltr'><strong>omnes</strong></span> 
     </span>
    </p>
   </div>
   <div class='ocr_carea' id='block_1_51' title="bbox 2007 776 3577 848">
    <p class='ocr_par' dir='ltr' id='par_1_51' title="bbox 2007 776 3577 848">
     <span class='ocr_line' id='line_1_51' title="bbox 2007 776 3577 848; baseline 0.002 -19"><span class='ocrx_word' id='word_1_385' title='bbox 2007 786 2194 845; x_wconf 78' lang='lat' dir='ltr'><strong>gentes</strong></span> <span class='ocrx_word' id='word_1_386' title='bbox 2223 776 2287 830; x_wconf 81' lang='grc'><strong>⁷⁷.</strong></span> <span class='ocrx_word' id='word_1_387' title='bbox 2318 777 2480 831; x_wconf 67' lang='lat' dir='ltr'><strong>.qunc</strong></span> <span class='ocrx_word' id='word_1_388' title='bbox 2517 786 2699 831; x_wconf 87' lang='lat' dir='ltr'><strong>autem</strong></span> <span class='ocrx_word' id='word_1_389' title='bbox 2728 777 2800 831; x_wconf 86' lang='lat' dir='ltr'><strong>ita</strong></span> <span class='ocrx_word' id='word_1_390' title='bbox 2838 793 3090 833; x_wconf 87' lang='lat' dir='ltr'><strong>sermone</strong></span> <span class='ocrx_word' id='word_1_391' title='bbox 3121 778 3407 848; x_wconf 84' lang='lat' dir='ltr'><strong>processit,</strong></span> <span class='ocrx_word' id='word_1_392' title='bbox 3443 794 3577 833; x_wconf 90' lang='lat' dir='ltr'><strong>con-</strong></span> 
     </span>
    </p>
   </div>
   <div class='ocr_carea' id='block_1_52' title="bbox 2007 866 3581 938">
    <p class='ocr_par' dir='ltr' id='par_1_52' title="bbox 2007 866 3581 938">
     <span class='ocr_line' id='line_1_52' title="bbox 2007 866 3581 938; baseline 0.003 -19"><span class='ocrx_word' id='word_1_393' title='bbox 2007 866 2228 920; x_wconf 87' lang='lat' dir='ltr'><strong>ﬁrmans</strong></span> <span class='ocrx_word' id='word_1_394' title='bbox 2249 869 2393 936; x_wconf 91' lang='lat' dir='ltr'><strong>quod</strong></span> <span class='ocrx_word' id='word_1_395' title='bbox 2447 869 2698 938; x_wconf 80' lang='lat' dir='ltr'><strong>superius</strong></span> <span class='ocrx_word' id='word_1_396' title='bbox 2752 868 2982 934; x_wconf 83' lang='lat' dir='ltr'><strong>dixerat,</strong></span> <span class='ocrx_word' id='word_1_397' title='bbox 3027 869 3153 924; x_wconf 89' lang='lat' dir='ltr'><strong>dico</strong></span> <span class='ocrx_word' id='word_1_398' title='bbox 3207 884 3338 925; x_wconf 86' lang='lat' dir='ltr'><strong>sane</strong></span> <span class='ocrx_word' id='word_1_399' title='bbox 3395 870 3581 925; x_wconf 86' lang='lat' dir='ltr'><strong>ﬁdeles</strong></span> 
     </span>
    </p>
   </div>
   <div class='ocr_carea' id='block_1_53' title="bbox 2006 956 3575 1024">
    <p class='ocr_par' dir='ltr' id='par_1_53' title="bbox 2006 956 3575 1024">
     <span class='ocr_line' id='line_1_53' title="bbox 2006 956 3575 1024; baseline 0 -12"><span class='ocrx_word' id='word_1_400' title='bbox 2006 973 2127 1012; x_wconf 86' lang='lat' dir='ltr'><strong>esse</strong></span> <span class='ocrx_word' id='word_1_401' title='bbox 2157 958 2252 1012; x_wconf 90' lang='lat' dir='ltr'><strong>Dei</strong></span> <span class='ocrx_word' id='word_1_402' title='bbox 2281 956 2438 1021; x_wconf 88' lang='lat' dir='ltr'><strong>ﬁlios.</strong></span> <span class='ocrx_word' id='word_1_403' title='bbox 2473 970 2529 1012; x_wconf 89' lang='lat' dir='ltr'><strong>et</strong></span> <span class='ocrx_word' id='word_1_404' title='bbox 2588 960 2955 1015; x_wconf 88' lang='lat' dir='ltr'><strong>indubitatum</strong></span> <span class='ocrx_word' id='word_1_405' title='bbox 3012 961 3144 1017; x_wconf 87' lang='lat' dir='ltr'><strong>illud</strong></span> <span class='ocrx_word' id='word_1_406' title='bbox 3188 962 3412 1024; x_wconf 87' lang='lat' dir='ltr'><strong>faciens,</strong></span> <span class='ocrx_word' id='word_1_407' title='bbox 3463 971 3575 1016; x_wconf 87' lang='lat' dir='ltr'><strong>tum</strong></span> 
     </span>
    </p>
   </div>
   <div class='ocr_carea' id='block_1_54' title="bbox 2005 1049 3576 1120">
    <p class='ocr_par' dir='ltr' id='par_1_54' title="bbox 2005 1049 3576 1120">
     <span class='ocr_line' id='line_1_54' title="bbox 2005 1049 3576 1120; baseline 0.003 -19"><span class='ocrx_word' id='word_1_408' title='bbox 2005 1062 2072 1101; x_wconf 83' lang='lat' dir='ltr'><strong>ex</strong></span> <span class='ocrx_word' id='word_1_409' title='bbox 2097 1049 2285 1103; x_wconf 88' lang='lat' dir='ltr'><strong>eadem</strong></span> <span class='ocrx_word' id='word_1_410' title='bbox 2315 1065 2396 1114; x_wconf 86' lang='lat' dir='ltr'><strong>re,</strong></span> <span class='ocrx_word' id='word_1_411' title='bbox 2431 1059 2563 1120; x_wconf 89' lang='lat' dir='ltr'><strong>puta</strong></span> <span class='ocrx_word' id='word_1_412' title='bbox 2603 1066 2708 1105; x_wconf 90' lang='lat' dir='ltr'><strong>non</strong></span> <span class='ocrx_word' id='word_1_413' title='bbox 2742 1066 2969 1120; x_wconf 82' lang='lat' dir='ltr'><strong>peccare</strong></span> <span class='ocrx_word' id='word_1_414' title='bbox 3003 1062 3155 1106; x_wconf 88' lang='lat' dir='ltr'><strong>:tum</strong></span> <span class='ocrx_word' id='word_1_415' title='bbox 3180 1067 3245 1106; x_wconf 81' lang='lat' dir='ltr'><strong>ex</strong></span> <span class='ocrx_word' id='word_1_416' title='bbox 3284 1051 3576 1113; x_wconf 87' lang='lat' dir='ltr'><strong>contrario.</strong></span> 
     </span>
    </p>
   </div>
   <div class='ocr_carea' id='block_1_55' title="bbox 2006 1142 3576 1211">
    <p class='ocr_par' dir='ltr' id='par_1_55' title="bbox 2006 1142 3576 1211">
     <span class='ocr_line' id='line_1_55' title="bbox 2006 1142 3576 1211; baseline 0.002 -17"><span class='ocrx_word' id='word_1_417' title='bbox 2006 1150 2065 1194; x_wconf 90' lang='lat' dir='ltr'><strong>ut</strong></span> <span class='ocrx_word' id='word_1_418' title='bbox 2090 1142 2251 1211; x_wconf 84' lang='lat' dir='ltr'><strong>paulo</strong></span> <span class='ocrx_word' id='word_1_419' title='bbox 2283 1151 2409 1197; x_wconf 83' lang='lat' dir='ltr'><strong>ante</strong></span> <span class='ocrx_word' id='word_1_420' title='bbox 2443 1144 2698 1198; x_wconf 77' lang='lat' dir='ltr'><strong>diximus.</strong></span> <span class='ocrx_word' id='word_1_421' title='bbox 2730 1143 2882 1198; x_wconf 88' lang='lat' dir='ltr'><strong>Sicut</strong></span> <span class='ocrx_word' id='word_1_422' title='bbox 2919 1143 3063 1198; x_wconf 90' lang='lat' dir='ltr'><strong>enim</strong></span> <span class='ocrx_word' id='word_1_423' title='bbox 3098 1145 3199 1199; x_wconf 92' lang='lat' dir='ltr'><strong>hoc</strong></span> <span class='ocrx_word' id='word_1_424' title='bbox 3221 1145 3576 1207; x_wconf 83' lang='lat' dir='ltr'><strong>contrarium,</strong></span> 
     </span>
    </p>
   </div>
   <div class='ocr_carea' id='block_1_56' title="bbox 2006 1232 3580 1300">
    <p class='ocr_par' dir='ltr' id='par_1_56' title="bbox 2006 1232 3580 1300">
     <span class='ocr_line' id='line_1_56' title="bbox 2006 1232 3580 1300; baseline 0.001 -14"><span class='ocrx_word' id='word_1_425' title='bbox 2006 1246 2065 1286; x_wconf 89' lang='lat' dir='ltr'><strong>se</strong></span> <span class='ocrx_word' id='word_1_426' title='bbox 2096 1232 2258 1286; x_wconf 76' lang='lat' dir='ltr'><strong>habet</strong></span> <span class='ocrx_word' id='word_1_427' title='bbox 2284 1233 2350 1286; x_wconf 89' lang='lat' dir='ltr'><strong>ad</strong></span> <span class='ocrx_word' id='word_1_428' title='bbox 2371 1233 2501 1289; x_wconf 90' lang='lat' dir='ltr'><strong>illud</strong></span> <span class='ocrx_word' id='word_1_429' title='bbox 2524 1232 2879 1300; x_wconf 87' lang='lat' dir='ltr'><strong>contrarium,</strong></span> <span class='ocrx_word' id='word_1_430' title='bbox 2917 1235 2988 1289; x_wconf 88' lang='lat' dir='ltr'><strong>ita</strong></span> <span class='ocrx_word' id='word_1_431' title='bbox 3016 1251 3239 1290; x_wconf 79' lang='lat' dir='ltr'><strong>rursum</strong></span> <span class='ocrx_word' id='word_1_432' title='bbox 3274 1235 3404 1288; x_wconf 90' lang='lat' dir='ltr'><strong>illud</strong></span> <span class='ocrx_word' id='word_1_433' title='bbox 3450 1250 3580 1289; x_wconf 86' lang='lat' dir='ltr'><strong>con-</strong></span> 
     </span>
    </p>
   </div>
   <div class='ocr_carea' id='block_1_57' title="bbox 2006 1319 3582 1391">
    <p class='ocr_par' dir='ltr' id='par_1_57' title="bbox 2006 1319 3582 1391">
     <span class='ocr_line' id='line_1_57' title="bbox 2006 1319 3582 1391; baseline 0.002 -19"><span class='ocrx_word' id='word_1_434' title='bbox 2006 1319 2231 1373; x_wconf 85' lang='lat' dir='ltr'><strong>trarium</strong></span> <span class='ocrx_word' id='word_1_435' title='bbox 2253 1320 2321 1374; x_wconf 91' lang='lat' dir='ltr'><strong>ad</strong></span> <span class='ocrx_word' id='word_1_436' title='bbox 2340 1321 2443 1374; x_wconf 92' lang='lat' dir='ltr'><strong>hoc</strong></span> <span class='ocrx_word' id='word_1_437' title='bbox 2465 1321 2793 1375; x_wconf 87' lang='lat' dir='ltr'><strong>contrarium</strong></span> <span class='ocrx_word' id='word_1_438' title='bbox 2805 1322 2958 1391; x_wconf 79' lang='lat' dir='ltr'><strong>juxta</strong></span> <span class='ocrx_word' id='word_1_439' title='bbox 2977 1321 3285 1376; x_wconf 78' lang='lat' dir='ltr'><strong>dialecticas</strong></span> <span class='ocrx_word' id='word_1_440' title='bbox 3298 1337 3582 1390; x_wconf 82' lang='lat' dir='ltr'><strong>argumen-</strong></span> 
     </span>
    </p>
   </div>
   <div class='ocr_carea' id='block_1_58' title="bbox 2005 1408 3580 1482">
    <p class='ocr_par' dir='ltr' id='par_1_58' title="bbox 2005 1408 3580 1482">
     <span class='ocr_line' id='line_1_58' title="bbox 2005 1408 3580 1482; baseline 0.001 -18"><span class='ocrx_word' id='word_1_441' title='bbox 2005 1410 2258 1465; x_wconf 84' lang='lat' dir='ltr'><strong>taliones.</strong></span> <span class='ocrx_word' id='word_1_442' title='bbox 2277 1408 2573 1465; x_wconf 82' lang='lat' dir='ltr'><strong>Considera</strong></span> <span class='ocrx_word' id='word_1_443' title='bbox 2602 1427 2729 1465; x_wconf 79' lang='lat' dir='ltr'><strong>vero</strong></span> <span class='ocrx_word' id='word_1_444' title='bbox 2749 1421 2992 1467; x_wconf 82' lang='lat' dir='ltr'><strong>exactam</strong></span> <span class='ocrx_word' id='word_1_445' title='bbox 3025 1413 3375 1466; x_wconf 85' lang='lat' dir='ltr'><strong>sententiam.</strong></span> <span class='ocrx_word' id='word_1_446' title='bbox 3396 1410 3580 1482; x_wconf 87' lang='lat' dir='ltr'><strong>Neque</strong></span> 
     </span>
    </p>
   </div>
   <div class='ocr_carea' id='block_1_59' title="bbox 2003 1500 3576 1571">
    <p class='ocr_par' dir='ltr' id='par_1_59' title="bbox 2003 1500 3576 1571">
     <span class='ocr_line' id='line_1_59' title="bbox 2003 1500 3576 1571; baseline 0 -17"><span class='ocrx_word' id='word_1_447' title='bbox 2003 1501 2148 1555; x_wconf 85' lang='lat' dir='ltr'><strong>enim</strong></span> <span class='ocrx_word' id='word_1_448' title='bbox 2172 1501 2326 1571; x_wconf 90' lang='lat' dir='ltr'><strong>prius</strong></span> <span class='ocrx_word' id='word_1_449' title='bbox 2343 1501 2479 1556; x_wconf 74' lang='lat' dir='ltr'><strong>dixit</strong></span> <span class='ocrx_word' id='word_1_450' title='bbox 2492 1519 2555 1556; x_wconf 81' lang='lat' dir='ltr'><strong>ex</strong></span> <span class='ocrx_word' id='word_1_451' title='bbox 2574 1502 2680 1556; x_wconf 87' lang='lat' dir='ltr'><strong>Deo</strong></span> <span class='ocrx_word' id='word_1_452' title='bbox 2695 1511 2880 1556; x_wconf 87' lang='lat' dir='ltr'><strong>natum</strong></span> <span class='ocrx_word' id='word_1_453' title='bbox 2909 1516 3031 1555; x_wconf 87' lang='lat' dir='ltr'><strong>esse</strong></span> <span class='ocrx_word' id='word_1_454' title='bbox 3049 1501 3130 1555; x_wconf 82' lang='lat' dir='ltr'><strong>vel</strong></span> <span class='ocrx_word' id='word_1_455' title='bbox 3146 1517 3207 1555; x_wconf 77' lang='lat' dir='ltr'><strong>ex</strong></span> <span class='ocrx_word' id='word_1_456' title='bbox 3224 1502 3454 1570; x_wconf 58' lang='lat' dir='ltr'><strong>diabolo,</strong></span> <span class='ocrx_word' id='word_1_457' title='bbox 3475 1500 3576 1555; x_wconf 86' lang='lat' dir='ltr'><strong>nisi</strong></span> 
     </span>
    </p>
   </div>
   <div class='ocr_carea' id='block_1_60' title="bbox 1998 1591 3577 1664">
    <p class='ocr_par' dir='ltr' id='par_1_60' title="bbox 1998 1591 3577 1664">
     <span class='ocr_line' id='line_1_60' title="bbox 1998 1591 3577 1664; baseline 0 -20"><span class='ocrx_word' id='word_1_458' title='bbox 1998 1591 2352 1664; x_wconf 69' lang='lat' dir='ltr'><strong>.przeacceptis</strong></span> <span class='ocrx_word' id='word_1_459' title='bbox 2373 1592 2630 1660; x_wconf 88' lang='lat' dir='ltr'><strong>operibus</strong></span> <span class='ocrx_word' id='word_1_460' title='bbox 2673 1593 2786 1647; x_wconf 86' lang='lat' dir='ltr'><strong>sive</strong></span> <span class='ocrx_word' id='word_1_461' title='bbox 2822 1591 3047 1662; x_wconf 83' lang='lat' dir='ltr'><strong>justitiae</strong></span> <span class='ocrx_word' id='word_1_462' title='bbox 3101 1592 3213 1646; x_wconf 82' lang='lat' dir='ltr'><strong>sive</strong></span> <span class='ocrx_word' id='word_1_463' title='bbox 3255 1591 3577 1660; x_wconf 77' lang='lat' dir='ltr'><strong>iniquitatis.</strong></span> 
     </span>
    </p>
   </div>
   <div class='ocr_carea' id='block_1_61' title="bbox 2004 1681 3576 1752">
    <p class='ocr_par' dir='ltr' id='par_1_61' title="bbox 2004 1681 3576 1752">
     <span class='ocr_line' id='line_1_61' title="bbox 2004 1681 3576 1752; baseline -0.002 -14"><span class='ocrx_word' id='word_1_464' title='bbox 2004 1686 2081 1738; x_wconf 64' lang='lat' dir='ltr'><strong>lix</strong></span> <span class='ocrx_word' id='word_1_465' title='bbox 2111 1682 2196 1737; x_wconf 86' lang='lat' dir='ltr'><strong>bis</strong></span> <span class='ocrx_word' id='word_1_466' title='bbox 2228 1697 2464 1750; x_wconf 87' lang='lat' dir='ltr'><strong>namque</strong></span> <span class='ocrx_word' id='word_1_467' title='bbox 2493 1681 2713 1752; x_wconf 87' lang='lat' dir='ltr'><strong>adoptio</strong></span> <span class='ocrx_word' id='word_1_468' title='bbox 2745 1692 2828 1736; x_wconf 88' lang='lat' dir='ltr'><strong>est</strong></span> <span class='ocrx_word' id='word_1_469' title='bbox 2875 1682 2990 1735; x_wconf 77' lang='lat' dir='ltr'><strong>sive</strong></span> <span class='ocrx_word' id='word_1_470' title='bbox 3040 1681 3131 1735; x_wconf 90' lang='lat' dir='ltr'><strong>Dei</strong></span> <span class='ocrx_word' id='word_1_471' title='bbox 3196 1684 3309 1735; x_wconf 83' lang='lat' dir='ltr'><strong>sive</strong></span> <span class='ocrx_word' id='word_1_472' title='bbox 3356 1681 3576 1735; x_wconf 87' lang='lat' dir='ltr'><strong>diaboli.</strong></span> 
     </span>
    </p>
   </div>
   <div class='ocr_carea' id='block_1_62' title="bbox 2004 1773 3579 1845">
    <p class='ocr_par' dir='ltr' id='par_1_62' title="bbox 2004 1773 3579 1845">
     <span class='ocr_line' id='line_1_62' title="bbox 2004 1773 3579 1845; baseline -0.001 -17"><span class='ocrx_word' id='word_1_473' title='bbox 2004 1774 2325 1845; x_wconf 86' lang='lat' dir='ltr'><strong>Quanquam</strong></span> <span class='ocrx_word' id='word_1_474' title='bbox 2353 1774 2500 1828; x_wconf 89' lang='lat' dir='ltr'><strong>enim</strong></span> <span class='ocrx_word' id='word_1_475' title='bbox 2540 1775 2709 1845; x_wconf 78' lang='lat' dir='ltr'><strong>gratia</strong></span> <span class='ocrx_word' id='word_1_476' title='bbox 2748 1774 2879 1828; x_wconf 82' lang='lat' dir='ltr'><strong>salvi</strong></span> <span class='ocrx_word' id='word_1_477' title='bbox 2927 1773 3055 1829; x_wconf 83' lang='lat' dir='ltr'><strong>facti</strong></span> <span class='ocrx_word' id='word_1_478' title='bbox 3094 1774 3287 1839; x_wconf 85' lang='lat' dir='ltr'><strong>simus,</strong></span> <span class='ocrx_word' id='word_1_479' title='bbox 3342 1781 3579 1828; x_wconf 61' lang='lat' dir='ltr'><strong>attamin</strong></span> 
     </span>
    </p>
   </div>
   <div class='ocr_carea' id='block_1_63' title="bbox 2007 1865 3578 1938">
    <p class='ocr_par' dir='ltr' id='par_1_63' title="bbox 2007 1865 3578 1938">
     <span class='ocr_line' id='line_1_63' title="bbox 2007 1865 3578 1938; baseline -0.002 -17"><span class='ocrx_word' id='word_1_480' title='bbox 2007 1876 2229 1938; x_wconf 82' lang='lat' dir='ltr'><strong>propter</strong></span> <span class='ocrx_word' id='word_1_481' title='bbox 2257 1866 2509 1921; x_wconf 81' lang='lat' dir='ltr'><strong>eximiam</strong></span> <span class='ocrx_word' id='word_1_482' title='bbox 2547 1866 2639 1920; x_wconf 89' lang='lat' dir='ltr'><strong>Dei</strong></span> <span class='ocrx_word' id='word_1_483' title='bbox 2668 1866 3053 1937; x_wconf 78' lang='lat' dir='ltr'><strong>benignitatem</strong></span> <span class='ocrx_word' id='word_1_484' title='bbox 3086 1867 3189 1919; x_wconf 81' lang='lat' dir='ltr'><strong>hoc</strong></span> <span class='ocrx_word' id='word_1_485' title='bbox 3215 1865 3433 1929; x_wconf 83' lang='lat' dir='ltr'><strong>dicitur,</strong></span> <span class='ocrx_word' id='word_1_486' title='bbox 3454 1868 3578 1934; x_wconf 84' lang='lat' dir='ltr'><strong>quia</strong></span> 
     </span>
    </p>
   </div>
   <div class='ocr_carea' id='block_1_64' title="bbox 2007 1956 3577 2027">
    <p class='ocr_par' dir='ltr' id='par_1_64' title="bbox 2007 1956 3577 2027">
     <span class='ocr_line' id='line_1_64' title="bbox 2007 1956 3577 2027; baseline -0.005 -13"><span class='ocrx_word' id='word_1_487' title='bbox 2007 1960 2138 2014; x_wconf 70' lang='lat' dir='ltr'><strong>licet</strong></span> <span class='ocrx_word' id='word_1_488' title='bbox 2199 1958 2577 2014; x_wconf 78' lang='lat' dir='ltr'><strong>incurabiliter</strong></span> <span class='ocrx_word' id='word_1_489' title='bbox 2649 1958 3074 2020; x_wconf 68' lang='lat' dir='ltr'><strong>offenderamus,</strong></span> <span class='ocrx_word' id='word_1_490' title='bbox 3139 1958 3255 2027; x_wconf 85' lang='lat' dir='ltr'><strong>ipse</strong></span> <span class='ocrx_word' id='word_1_491' title='bbox 3312 1956 3577 2011; x_wconf 85' lang='lat' dir='ltr'><strong>malorum</strong></span> 
     </span>
    </p>
   </div>
   <div class='ocr_carea' id='block_1_65' title="bbox 2005 2047 3576 2116">
    <p class='ocr_par' dir='ltr' id='par_1_65' title="bbox 2005 2047 3576 2116">
     <span class='ocr_line' id='line_1_65' title="bbox 2005 2047 3576 2116; baseline -0.003 -12"><span class='ocrx_word' id='word_1_492' title='bbox 2005 2066 2115 2104; x_wconf 93' lang='lat' dir='ltr'><strong>non</strong></span> <span class='ocrx_word' id='word_1_493' title='bbox 2185 2049 2434 2105; x_wconf 83' lang='lat' dir='ltr'><strong>meminit</strong></span> <span class='ocrx_word' id='word_1_494' title='bbox 2496 2050 2566 2105; x_wconf 87' lang='lat' dir='ltr'><strong>ob</strong></span> <span class='ocrx_word' id='word_1_495' title='bbox 2632 2049 2859 2104; x_wconf 85' lang='lat' dir='ltr'><strong>salutem</strong></span> <span class='ocrx_word' id='word_1_496' title='bbox 2933 2056 3179 2101; x_wconf 83' lang='lat' dir='ltr'><strong>nostram</strong></span> <span class='ocrx_word' id='word_1_497' title='bbox 3209 2048 3275 2102; x_wconf 75' lang='lat'><strong>&quot;.</strong></span> <span class='ocrx_word' id='word_1_498' title='bbox 3301 2047 3576 2116; x_wconf 81' lang='lat' dir='ltr'><strong>Siquidem</strong></span> 
     </span>
    </p>
   </div>
   <div class='ocr_carea' id='block_1_66' title="bbox 2004 2138 3573 2214">
    <p class='ocr_par' dir='ltr' id='par_1_66' title="bbox 2004 2138 3573 2214">
     <span class='ocr_line' id='line_1_66' title="bbox 2004 2138 3573 2214; baseline -0.008 -15"><span class='ocrx_word' id='word_1_499' title='bbox 2004 2144 2148 2214; x_wconf 92' lang='lat' dir='ltr'><strong>quod</strong></span> <span class='ocrx_word' id='word_1_500' title='bbox 2181 2143 2372 2197; x_wconf 89' lang='lat' dir='ltr'><strong>otiosis</strong></span> <span class='ocrx_word' id='word_1_501' title='bbox 2401 2157 2511 2195; x_wconf 91' lang='lat' dir='ltr'><strong>non</strong></span> <span class='ocrx_word' id='word_1_502' title='bbox 2548 2142 2639 2195; x_wconf 88' lang='lat' dir='ltr'><strong>det</strong></span> <span class='ocrx_word' id='word_1_503' title='bbox 2669 2156 2785 2194; x_wconf 90' lang='lat' dir='ltr'><strong>eam</strong></span> <span class='ocrx_word' id='word_1_504' title='bbox 2808 2154 2930 2209; x_wconf 68' lang='lat' dir='ltr'><strong>quae</strong></span> <span class='ocrx_word' id='word_1_505' title='bbox 2959 2147 3043 2192; x_wconf 91' lang='lat' dir='ltr'><strong>est</strong></span> <span class='ocrx_word' id='word_1_506' title='bbox 3071 2138 3212 2207; x_wconf 89' lang='lat' dir='ltr'><strong>apud</strong></span> <span class='ocrx_word' id='word_1_507' title='bbox 3234 2154 3293 2193; x_wconf 87' lang='lat' dir='ltr'><strong>se</strong></span> <span class='ocrx_word' id='word_1_508' title='bbox 3322 2138 3573 2195; x_wconf 83' lang='lat' dir='ltr'><strong>salutem,</strong></span> 
     </span>
    </p>
   </div>
   <div class='ocr_carea' id='block_1_67' title="bbox 2004 2226 3579 2297">
    <p class='ocr_par' dir='ltr' id='par_1_67' title="bbox 2004 2226 3579 2297">
     <span class='ocr_line' id='line_1_67' title="bbox 2004 2226 3579 2297; baseline -0.007 -8"><span class='ocrx_word' id='word_1_509' title='bbox 2004 2226 2206 2290; x_wconf 79' lang='lat' dir='ltr'><strong>Paulus</strong></span> <span class='ocrx_word' id='word_1_510' title='bbox 2237 2232 2522 2288; x_wconf 89' lang='lat' dir='ltr'><strong>conﬁrmat</strong></span> <span class='ocrx_word' id='word_1_511' title='bbox 2542 2230 2824 2284; x_wconf 86' lang='lat' dir='ltr'><strong>clamando</strong></span> <span class='ocrx_word' id='word_1_512' title='bbox 2858 2247 2872 2282; x_wconf 87' lang='lat'><strong>:</strong></span> <span class='ocrx_word' id='word_1_513' title='bbox 2901 2227 2997 2284; x_wconf 86' lang='lat' dir='ltr'><strong>llis</strong></span> <span class='ocrx_word' id='word_1_514' title='bbox 3018 2228 3109 2297; x_wconf 90' lang='lat' dir='ltr'><strong>qui</strong></span> <span class='ocrx_word' id='word_1_515' title='bbox 3132 2228 3427 2283; x_wconf 90' lang='lat' dir='ltr'><strong>secundum</strong></span> <span class='ocrx_word' id='word_1_516' title='bbox 3451 2241 3579 2296; x_wconf 82' lang='lat' dir='ltr'><strong>pro-</strong></span> 
     </span>
    </p>
   </div>
   <div class='ocr_carea' id='block_1_68' title="bbox 2005 2319 3579 2398">
    <p class='ocr_par' dir='ltr' id='par_1_68' title="bbox 2005 2319 3579 2398">
     <span class='ocr_line' id='line_1_68' title="bbox 2005 2319 3579 2398; baseline -0.007 -19"><span class='ocrx_word' id='word_1_517' title='bbox 2005 2330 2243 2398; x_wconf 85' lang='lat' dir='ltr'><strong>positum</strong></span> <span class='ocrx_word' id='word_1_518' title='bbox 2292 2324 2467 2380; x_wconf 80' lang='lat' dir='ltr'><strong>vocati</strong></span> <span class='ocrx_word' id='word_1_519' title='bbox 2510 2331 2667 2378; x_wconf 88' lang='lat' dir='ltr'><strong>erant</strong></span> <span class='ocrx_word' id='word_1_520' title='bbox 2702 2324 2769 2376; x_wconf 77' lang='lat'><strong>&quot;’.</strong></span> <span class='ocrx_word' id='word_1_521' title='bbox 2807 2322 3068 2376; x_wconf 86' lang='lat' dir='ltr'><strong>Similiter</strong></span> <span class='ocrx_word' id='word_1_522' title='bbox 3113 2329 3168 2375; x_wconf 78' lang='lat' dir='ltr'><strong>et</strong></span> <span class='ocrx_word' id='word_1_523' title='bbox 3224 2319 3314 2389; x_wconf 91' lang='lat' dir='ltr'><strong>qui</strong></span> <span class='ocrx_word' id='word_1_524' title='bbox 3365 2319 3579 2373; x_wconf 82' lang='lat' dir='ltr'><strong>diabolu</strong></span> 
     </span>
    </p>
   </div>
   <div class='ocr_carea' id='block_1_69' title="bbox 2005 2410 3578 2488">
    <p class='ocr_par' dir='ltr' id='par_1_69' title="bbox 2005 2410 3578 2488">
     <span class='ocr_line' id='line_1_69' title="bbox 2005 2410 3578 2488; baseline -0.008 -16"><span class='ocrx_word' id='word_1_525' title='bbox 2005 2416 2246 2488; x_wconf 89' lang='lat' dir='ltr'><strong>adoptati</strong></span> <span class='ocrx_word' id='word_1_526' title='bbox 2281 2424 2405 2471; x_wconf 89' lang='lat' dir='ltr'><strong>sunt</strong></span> <span class='ocrx_word' id='word_1_527' title='bbox 2432 2415 2487 2469; x_wconf 92' lang='lat' dir='ltr'><strong>in</strong></span> <span class='ocrx_word' id='word_1_528' title='bbox 2518 2413 2679 2476; x_wconf 90' lang='lat' dir='ltr'><strong>ﬁlios,</strong></span> <span class='ocrx_word' id='word_1_529' title='bbox 2712 2427 3026 2483; x_wconf 87' lang='lat' dir='ltr'><strong>quanquam</strong></span> <span class='ocrx_word' id='word_1_530' title='bbox 3054 2410 3341 2466; x_wconf 85' lang='lat' dir='ltr'><strong>abalienati</strong></span> <span class='ocrx_word' id='word_1_531' title='bbox 3374 2411 3484 2464; x_wconf 89' lang='lat' dir='ltr'><strong>sint</strong></span> <span class='ocrx_word' id='word_1_532' title='bbox 3511 2411 3578 2462; x_wconf 80' lang='lat' dir='ltr'><strong>ab</strong></span> 
     </span>
    </p>
   </div>
   <div class='ocr_carea' id='block_1_70' title="bbox 2007 2505 3578 2575">
    <p class='ocr_par' dir='ltr' id='par_1_70' title="bbox 2007 2505 3578 2575">
     <span class='ocr_line' id='line_1_70' title="bbox 2007 2505 3578 2575; baseline -0.007 -9"><span class='ocrx_word' id='word_1_533' title='bbox 2007 2522 2165 2566; x_wconf 89' lang='lat' dir='ltr'><strong>utero</strong></span> <span class='ocrx_word' id='word_1_534' title='bbox 2211 2510 2279 2575; x_wconf 80' lang='grc'><strong>⁸⁸,</strong></span> <span class='ocrx_word' id='word_1_535' title='bbox 2325 2525 2448 2564; x_wconf 90' lang='lat' dir='ltr'><strong>cum</strong></span> <span class='ocrx_word' id='word_1_536' title='bbox 2504 2516 2683 2562; x_wconf 86' lang='lat' dir='ltr'><strong>tamen</strong></span> <span class='ocrx_word' id='word_1_537' title='bbox 2747 2506 2989 2560; x_wconf 90' lang='lat' dir='ltr'><strong>nondum</strong></span> <span class='ocrx_word' id='word_1_538' title='bbox 3048 2505 3198 2574; x_wconf 77' lang='lat' dir='ltr'><strong>juxta</strong></span> <span class='ocrx_word' id='word_1_539' title='bbox 3244 2505 3578 2573; x_wconf 85' lang='lat' dir='ltr'><strong>propositum</strong></span> 
     </span>
    </p>
   </div>
   <div class='ocr_carea' id='block_1_71' title="bbox 2006 2592 3578 2671">
    <p class='ocr_par' dir='ltr' id='par_1_71' title="bbox 2006 2592 3578 2671">
     <span class='ocr_line' id='line_1_71' title="bbox 2006 2592 3578 2671; baseline -0.008 -15"><span class='ocrx_word' id='word_1_540' title='bbox 2006 2601 2214 2671; x_wconf 87' lang='lat' dir='ltr'><strong>operati</strong></span> <span class='ocrx_word' id='word_1_541' title='bbox 2239 2600 2346 2655; x_wconf 87' lang='lat' dir='ltr'><strong>sint</strong></span> <span class='ocrx_word' id='word_1_542' title='bbox 2372 2598 2571 2651; x_wconf 91' lang='lat' dir='ltr'><strong>malum</strong></span> <span class='ocrx_word' id='word_1_543' title='bbox 2600 2612 2615 2650; x_wconf 90' lang='lat'>:</span> <span class='ocrx_word' id='word_1_544' title='bbox 2647 2593 2808 2665; x_wconf 70' lang='lat'><strong>582</strong></span> <span class='ocrx_word' id='word_1_545' title='bbox 2840 2602 3079 2648; x_wconf 89' lang='lat' dir='ltr'><strong>attamen</strong></span> <span class='ocrx_word' id='word_1_546' title='bbox 3135 2602 3359 2663; x_wconf 90' lang='lat' dir='ltr'><strong>pr0pter</strong></span> <span class='ocrx_word' id='word_1_547' title='bbox 3410 2592 3578 2647; x_wconf 79' lang='lat' dir='ltr'><strong>vehe-</strong></span> 
     </span>
    </p>
   </div>
   <div class='ocr_carea' id='block_1_72' title="bbox 2007 2686 3580 2755">
    <p class='ocr_par' dir='ltr' id='par_1_72' title="bbox 2007 2686 3580 2755">
     <span class='ocr_line' id='line_1_72' title="bbox 2007 2686 3580 2755; baseline -0.005 -7"><span class='ocrx_word' id='word_1_548' title='bbox 2007 2702 2246 2748; x_wconf 89' lang='lat' dir='ltr'><strong>mentem</strong></span> <span class='ocrx_word' id='word_1_549' title='bbox 2282 2707 2468 2746; x_wconf 88' lang='lat' dir='ltr'><strong>eorum</strong></span> <span class='ocrx_word' id='word_1_550' title='bbox 2502 2689 2763 2743; x_wconf 75' lang='lat' dir='ltr'><strong>malitiam</strong></span> <span class='ocrx_word' id='word_1_551' title='bbox 2801 2689 2904 2741; x_wconf 90' lang='lat' dir='ltr'><strong>hoc</strong></span> <span class='ocrx_word' id='word_1_552' title='bbox 2957 2686 3159 2741; x_wconf 68' lang='lat' dir='ltr'><strong>dictitm</strong></span> <span class='ocrx_word' id='word_1_553' title='bbox 3221 2695 3348 2741; x_wconf 81' lang='lat' dir='ltr'><strong>est:</strong></span> <span class='ocrx_word' id='word_1_554' title='bbox 3405 2701 3580 2755; x_wconf 82' lang='lat' dir='ltr'><strong>neque</strong></span> 
     </span>
    </p>
   </div>
   <div class='ocr_carea' id='block_1_73' title="bbox 2008 2779 3580 2852">
    <p class='ocr_par' dir='ltr' id='par_1_73' title="bbox 2008 2779 3580 2852">
     <span class='ocr_line' id='line_1_73' title="bbox 2008 2779 3580 2852; baseline -0.006 -13"><span class='ocrx_word' id='word_1_555' title='bbox 2008 2785 2150 2840; x_wconf 90' lang='lat' dir='ltr'><strong>enim</strong></span> <span class='ocrx_word' id='word_1_556' title='bbox 2181 2785 2385 2852; x_wconf 86' lang='lat' dir='ltr'><strong>absque</strong></span> <span class='ocrx_word' id='word_1_557' title='bbox 2424 2781 2550 2837; x_wconf 90' lang='lat' dir='ltr'><strong>mali</strong></span> <span class='ocrx_word' id='word_1_558' title='bbox 2582 2782 2896 2851; x_wconf 71' lang='lat' dir='ltr'><strong>operatione</strong></span> <span class='ocrx_word' id='word_1_559' title='bbox 2918 2780 3183 2850; x_wconf 78' lang='lat' dir='ltr'><strong>cuntingit</strong></span> <span class='ocrx_word' id='word_1_560' title='bbox 3207 2779 3422 2833; x_wconf 79' lang='lat' dir='ltr'><strong>diabolo</strong></span> <span class='ocrx_word' id='word_1_561' title='bbox 3455 2794 3580 2848; x_wconf 81' lang='lat' dir='ltr'><strong>pro-</strong></span> 
     </span>
    </p>
   </div>
   <div class='ocr_carea' id='block_1_74' title="bbox 2008 2870 3577 2947">
    <p class='ocr_par' dir='ltr' id='par_1_74' title="bbox 2008 2870 3577 2947">
     <span class='ocr_line' id='line_1_74' title="bbox 2008 2870 3577 2947; baseline -0.007 -17"><span class='ocrx_word' id='word_1_562' title='bbox 2008 2878 2183 2947; x_wconf 89' lang='lat' dir='ltr'><strong>prium</strong></span> <span class='ocrx_word' id='word_1_563' title='bbox 2209 2892 2270 2929; x_wconf 91' lang='lat' dir='ltr'><strong>ac</strong></span> <span class='ocrx_word' id='word_1_564' title='bbox 2293 2875 2648 2929; x_wconf 88' lang='lat' dir='ltr'><strong>domesticum</strong></span> <span class='ocrx_word' id='word_1_565' title='bbox 2670 2870 2825 2930; x_wconf 85' lang='lat' dir='ltr'><strong>ﬁeri:</strong></span> <span class='ocrx_word' id='word_1_566' title='bbox 2862 2875 2954 2928; x_wconf 79' lang='lat' dir='ltr'><strong>sed</strong></span> <span class='ocrx_word' id='word_1_567' title='bbox 2976 2873 3067 2943; x_wconf 87' lang='lat' dir='ltr'><strong>qui</strong></span> <span class='ocrx_word' id='word_1_568' title='bbox 3113 2873 3242 2927; x_wconf 81' lang='lat' dir='ltr'><strong>facit</strong></span> <span class='ocrx_word' id='word_1_569' title='bbox 3274 2880 3577 2942; x_wconf 81' lang='lat' dir='ltr'><strong>peccatum,</strong></span> 
     </span>
    </p>
   </div>
   <div class='ocr_carea' id='block_1_75' title="bbox 2008 2964 3580 3035">
    <p class='ocr_par' dir='ltr' id='par_1_75' title="bbox 2008 2964 3580 3035">
     <span class='ocr_line' id='line_1_75' title="bbox 2008 2964 3580 3035; baseline -0.004 -13"><span class='ocrx_word' id='word_1_570' title='bbox 2008 2968 2098 3023; x_wconf 92' lang='lat' dir='ltr'><strong>ille</strong></span> <span class='ocrx_word' id='word_1_571' title='bbox 2130 2984 2159 3021; x_wconf 91' lang='lat' dir='ltr'><strong>a</strong></span> <span class='ocrx_word' id='word_1_572' title='bbox 2182 2968 2398 3021; x_wconf 88' lang='lat' dir='ltr'><strong>diabolo</strong></span> <span class='ocrx_word' id='word_1_573' title='bbox 2423 2978 2737 3035; x_wconf 83' lang='lat' dir='ltr'><strong>assumptus</strong></span> <span class='ocrx_word' id='word_1_574' title='bbox 2757 2973 2859 3029; x_wconf 85' lang='lat' dir='ltr'><strong>est,</strong></span> <span class='ocrx_word' id='word_1_575' title='bbox 2898 2965 3012 3019; x_wconf 82' lang='lat' dir='ltr'><strong>sive</strong></span> <span class='ocrx_word' id='word_1_576' title='bbox 3043 2964 3098 3018; x_wconf 87' lang='lat' dir='ltr'><strong>in</strong></span> <span class='ocrx_word' id='word_1_577' title='bbox 3144 2964 3334 3029; x_wconf 78' lang='lat' dir='ltr'><strong>ﬁlium,</strong></span> <span class='ocrx_word' id='word_1_578' title='bbox 3364 2972 3424 3018; x_wconf 93' lang='lat' dir='ltr'><strong>ut</strong></span> <span class='ocrx_word' id='word_1_579' title='bbox 3462 2979 3580 3016; x_wconf 88' lang='lat' dir='ltr'><strong>am-</strong></span> 
     </span>
    </p>
   </div>
   <div class='ocr_carea' id='block_1_76' title="bbox 2008 3056 3579 3131">
    <p class='ocr_par' dir='ltr' id='par_1_76' title="bbox 2008 3056 3579 3131">
     <span class='ocr_line' id='line_1_76' title="bbox 2008 3056 3579 3131; baseline -0.004 -17"><span class='ocrx_word' id='word_1_580' title='bbox 2008 3060 2149 3131; x_wconf 86' lang='lat' dir='ltr'><strong>plius</strong></span> <span class='ocrx_word' id='word_1_581' title='bbox 2171 3069 2429 3129; x_wconf 80' lang='lat' dir='ltr'><strong>operetur</strong></span> <span class='ocrx_word' id='word_1_582' title='bbox 2454 3059 2614 3112; x_wconf 89' lang='lat' dir='ltr'><strong>etiam</strong></span> <span class='ocrx_word' id='word_1_583' title='bbox 2657 3073 2755 3111; x_wconf 89' lang='lat' dir='ltr'><strong>sua</strong></span> <span class='ocrx_word' id='word_1_584' title='bbox 2802 3066 2995 3126; x_wconf 86' lang='lat' dir='ltr'><strong>sponte</strong></span> <span class='ocrx_word' id='word_1_585' title='bbox 3053 3057 3299 3111; x_wconf 88' lang='lat' dir='ltr'><strong>malum:</strong></span> <span class='ocrx_word' id='word_1_586' title='bbox 3361 3056 3476 3110; x_wconf 80' lang='lat' dir='ltr'><strong>sive</strong></span> <span class='ocrx_word' id='word_1_587' title='bbox 3527 3056 3579 3108; x_wconf 90' lang='lat' dir='ltr'><strong>in</strong></span> 
     </span>
    </p>
   </div>
   <div class='ocr_carea' id='block_1_77' title="bbox 2008 3147 3583 3220">
    <p class='ocr_par' dir='ltr' id='par_1_77' title="bbox 2008 3147 3583 3220">
     <span class='ocr_line' id='line_1_77' title="bbox 2008 3147 3583 3220; baseline -0.005 -12"><span class='ocrx_word' id='word_1_588' title='bbox 2008 3168 2247 3213; x_wconf 88' lang='lat' dir='ltr'><strong>servum,</strong></span> <span class='ocrx_word' id='word_1_589' title='bbox 2279 3166 2344 3204; x_wconf 93' lang='lat' dir='ltr'><strong>eo</strong></span> <span class='ocrx_word' id='word_1_590' title='bbox 2370 3150 2515 3219; x_wconf 89' lang='lat' dir='ltr'><strong>quod</strong></span> <span class='ocrx_word' id='word_1_591' title='bbox 2544 3167 2570 3201; x_wconf 91' lang='lat' dir='ltr'><strong>a</strong></span> <span class='ocrx_word' id='word_1_592' title='bbox 2604 3149 2837 3220; x_wconf 77' lang='lat' dir='ltr'><strong>maligno</strong></span> <span class='ocrx_word' id='word_1_593' title='bbox 2862 3157 3149 3217; x_wconf 89' lang='lat' dir='ltr'><strong>superatus</strong></span> <span class='ocrx_word' id='word_1_594' title='bbox 3190 3148 3279 3213; x_wconf 89' lang='lat' dir='ltr'><strong>sit,</strong></span> <span class='ocrx_word' id='word_1_595' title='bbox 3312 3156 3367 3202; x_wconf 90' lang='lat' dir='ltr'><strong>et</strong></span> <span class='ocrx_word' id='word_1_596' title='bbox 3407 3147 3475 3202; x_wconf 89' lang='lat' dir='ltr'><strong>ab</strong></span> <span class='ocrx_word' id='word_1_597' title='bbox 3517 3163 3583 3201; x_wconf 80' lang='lat' dir='ltr'><strong>eo</strong></span> 
     </span>
    </p>
   </div>
   <div class='ocr_carea' id='block_1_78' title="bbox 2007 3239 3579 3311">
    <p class='ocr_par' dir='ltr' id='par_1_78' title="bbox 2007 3239 3579 3311">
     <span class='ocr_line' id='line_1_78' title="bbox 2007 3239 3579 3311; baseline -0.003 -13"><span class='ocrx_word' id='word_1_598' title='bbox 2007 3244 2203 3299; x_wconf 89' lang='lat' dir='ltr'><strong>ductus</strong></span> <span class='ocrx_word' id='word_1_599' title='bbox 2222 3242 2468 3311; x_wconf 87' lang='lat' dir='ltr'><strong>captivus</strong></span> <span class='ocrx_word' id='word_1_600' title='bbox 2484 3255 2555 3295; x_wconf 81' lang='lat' dir='ltr'><strong>ac</strong></span> <span class='ocrx_word' id='word_1_601' title='bbox 2566 3240 2958 3295; x_wconf 88' lang='lat' dir='ltr'><strong>condemnatus</strong></span> <span class='ocrx_word' id='word_1_602' title='bbox 2975 3241 3040 3295; x_wconf 89' lang='lat' dir='ltr'><strong>ad</strong></span> <span class='ocrx_word' id='word_1_603' title='bbox 3064 3240 3208 3293; x_wconf 88' lang='lat' dir='ltr'><strong>illius</strong></span> <span class='ocrx_word' id='word_1_604' title='bbox 3233 3239 3579 3310; x_wconf 84' lang='lat' dir='ltr'><strong>obsequium.</strong></span> 
     </span>
    </p>
   </div>
   <div class='ocr_carea' id='block_1_79' title="bbox 2006 3325 3579 3398">
    <p class='ocr_par' dir='ltr' id='par_1_79' title="bbox 2006 3325 3579 3398">
     <span class='ocr_line' id='line_1_79' title="bbox 2006 3325 3579 3398; baseline -0.003 -13"><span class='ocrx_word' id='word_1_605' title='bbox 2006 3331 2391 3385; x_wconf 73' lang='lat' dir='ltr'><strong>Animadverte</strong></span> <span class='ocrx_word' id='word_1_606' title='bbox 2419 3338 2599 3383; x_wconf 89' lang='lat' dir='ltr'><strong>autem</strong></span> <span class='ocrx_word' id='word_1_607' title='bbox 2623 3325 2809 3383; x_wconf 90' lang='lat' dir='ltr'><strong>ethoc</strong></span> <span class='ocrx_word' id='word_1_608' title='bbox 2858 3328 3002 3398; x_wconf 92' lang='lat' dir='ltr'><strong>quod</strong></span> <span class='ocrx_word' id='word_1_609' title='bbox 3048 3344 3156 3382; x_wconf 92' lang='lat' dir='ltr'><strong>non</strong></span> <span class='ocrx_word' id='word_1_610' title='bbox 3207 3329 3407 3384; x_wconf 76' lang='lat' dir='ltr'><strong>dixerit</strong></span> <span class='ocrx_word' id='word_1_611' title='bbox 3456 3344 3579 3384; x_wconf 77' lang='lat' dir='ltr'><strong>eum</strong></span> 
     </span>
    </p>
   </div>
   <div class='ocr_carea' id='block_1_80' title="bbox 2006 3420 3583 3497">
    <p class='ocr_par' dir='ltr' id='par_1_80' title="bbox 2006 3420 3583 3497">
     <span class='ocr_line' id='line_1_80' title="bbox 2006 3420 3583 3497; baseline 0 -24"><span class='ocrx_word' id='word_1_612' title='bbox 2006 3422 2095 3493; x_wconf 86' lang='lat' dir='ltr'><strong>qui</strong></span> <span class='ocrx_word' id='word_1_613' title='bbox 2122 3436 2189 3476; x_wconf 82' lang='lat' dir='ltr'><strong>ex</strong></span> <span class='ocrx_word' id='word_1_614' title='bbox 2221 3422 2329 3497; x_wconf 74' lang='lat' dir='ltr'><strong>lleo</strong></span> <span class='ocrx_word' id='word_1_615' title='bbox 2358 3427 2518 3473; x_wconf 86' lang='lat' dir='ltr'><strong>natus</strong></span> <span class='ocrx_word' id='word_1_616' title='bbox 2539 3421 2621 3474; x_wconf 81' lang='lat' dir='ltr'><strong>est</strong></span> <span class='ocrx_word' id='word_1_617' title='bbox 2651 3433 2762 3473; x_wconf 92' lang='lat' dir='ltr'><strong>non</strong></span> <span class='ocrx_word' id='word_1_618' title='bbox 2794 3433 3042 3487; x_wconf 88' lang='lat' dir='ltr'><strong>peccare,</strong></span> <span class='ocrx_word' id='word_1_619' title='bbox 3097 3434 3167 3472; x_wconf 89' lang='lat' dir='ltr'><strong>ne</strong></span> <span class='ocrx_word' id='word_1_620' title='bbox 3226 3428 3281 3474; x_wconf 90' lang='lat' dir='ltr'><strong>et</strong></span> <span class='ocrx_word' id='word_1_621' title='bbox 3348 3420 3583 3476; x_wconf 76' lang='lat' dir='ltr'><strong>infantes</strong></span> 
     </span>
    </p>
   </div>
   <div class='ocr_carea' id='block_1_81' title="bbox 2006 3511 3579 3583">
    <p class='ocr_par' dir='ltr' id='par_1_81' title="bbox 2006 3511 3579 3583">
     <span class='ocr_line' id='line_1_81' title="bbox 2006 3511 3579 3583; baseline 0 -15"><span class='ocrx_word' id='word_1_622' title='bbox 2006 3512 2516 3582; x_wconf 83' lang='lat' dir='ltr'><strong>comprehenderet,</strong></span> <span class='ocrx_word' id='word_1_623' title='bbox 2552 3511 2641 3581; x_wconf 93' lang='lat' dir='ltr'><strong>qui</strong></span> <span class='ocrx_word' id='word_1_624' title='bbox 2674 3512 2742 3564; x_wconf 89' lang='lat' dir='ltr'><strong>ab</strong></span> <span class='ocrx_word' id='word_1_625' title='bbox 2765 3519 2929 3565; x_wconf 91' lang='lat' dir='ltr'><strong>utero</strong></span> <span class='ocrx_word' id='word_1_626' title='bbox 2987 3511 3194 3567; x_wconf 87' lang='lat' dir='ltr'><strong>habent</strong></span> <span class='ocrx_word' id='word_1_627' title='bbox 3258 3517 3403 3583; x_wconf 88' lang='lat' dir='ltr'><strong>quod</strong></span> <span class='ocrx_word' id='word_1_628' title='bbox 3470 3531 3579 3570; x_wconf 79' lang='lat' dir='ltr'><strong>non</strong></span> 
     </span>
    </p>
   </div>
   <div class='ocr_carea' id='block_1_82' title="bbox 2005 3599 3581 3674">
    <p class='ocr_par' dir='ltr' id='par_1_82' title="bbox 2005 3599 3581 3674">
     <span class='ocr_line' id='line_1_82' title="bbox 2005 3599 3581 3674; baseline 0 -16"><span class='ocrx_word' id='word_1_629' title='bbox 2005 3610 2269 3674; x_wconf 86' lang='lat' dir='ltr'><strong>peccent:</strong></span> <span class='ocrx_word' id='word_1_630' title='bbox 2300 3602 2393 3655; x_wconf 85' lang='lat' dir='ltr'><strong>sed</strong></span> <span class='ocrx_word' id='word_1_631' title='bbox 2425 3600 2579 3663; x_wconf 77' lang='lat' dir='ltr'><strong>dixit,</strong></span> <span class='ocrx_word' id='word_1_632' title='bbox 2622 3599 2909 3654; x_wconf 85' lang='lat' dir='ltr'><strong>Peccatum</strong></span> <span class='ocrx_word' id='word_1_633' title='bbox 2940 3617 3047 3655; x_wconf 88' lang='lat' dir='ltr'><strong>non</strong></span> <span class='ocrx_word' id='word_1_634' title='bbox 3078 3602 3221 3657; x_wconf 81' lang='lat' dir='ltr'><strong>facit.</strong></span> <span class='ocrx_word' id='word_1_635' title='bbox 3258 3603 3387 3658; x_wconf 92' lang='lat' dir='ltr'><strong>Illud</strong></span> <span class='ocrx_word' id='word_1_636' title='bbox 3408 3606 3581 3674; x_wconf 86' lang='lat' dir='ltr'><strong>siqui-</strong></span> 
     </span>
    </p>
   </div>
   <div class='ocr_carea' id='block_1_83' title="bbox 2007 3691 3582 3764">
    <p class='ocr_par' dir='ltr' id='par_1_83' title="bbox 2007 3691 3582 3764">
     <span class='ocr_line' id='line_1_83' title="bbox 2007 3691 3582 3764; baseline 0.001 -16"><span class='ocrx_word' id='word_1_637' title='bbox 2007 3693 2127 3748; x_wconf 86' lang='lat' dir='ltr'><strong>dem</strong></span> <span class='ocrx_word' id='word_1_638' title='bbox 2150 3711 2163 3746; x_wconf 89' lang='lat'><strong>:</strong></span> <span class='ocrx_word' id='word_1_639' title='bbox 2181 3692 2296 3746; x_wconf 81' lang='lat' dir='ltr'><strong>Non</strong></span> <span class='ocrx_word' id='word_1_640' title='bbox 2313 3702 2526 3762; x_wconf 85' lang='lat' dir='ltr'><strong>peccat,</strong></span> <span class='ocrx_word' id='word_1_641' title='bbox 2547 3692 2823 3762; x_wconf 83' lang='lat' dir='ltr'><strong>negatioui</strong></span> <span class='ocrx_word' id='word_1_642' title='bbox 2839 3691 3158 3759; x_wconf 79' lang='lat' dir='ltr'><strong>simpliciter</strong></span> <span class='ocrx_word' id='word_1_643' title='bbox 3174 3696 3423 3764; x_wconf 82' lang='lat' dir='ltr'><strong>congruit</strong></span> <span class='ocrx_word' id='word_1_644' title='bbox 3447 3712 3460 3749; x_wconf 86' lang='lat'><strong>:</strong></span> <span class='ocrx_word' id='word_1_645' title='bbox 3480 3696 3582 3749; x_wconf 90' lang='lat' dir='ltr'><strong>hoc</strong></span> 
     </span>
    </p>
   </div>
   <div class='ocr_carea' id='block_1_84' title="bbox 2007 3781 3582 3853">
    <p class='ocr_par' dir='ltr' id='par_1_84' title="bbox 2007 3781 3582 3853">
     <span class='ocr_line' id='line_1_84' title="bbox 2007 3781 3582 3853; baseline 0 -15"><span class='ocrx_word' id='word_1_646' title='bbox 2007 3792 2185 3838; x_wconf 85' lang='lat' dir='ltr'><strong>autem</strong></span> <span class='ocrx_word' id='word_1_647' title='bbox 2215 3790 2234 3836; x_wconf 76' lang='grc' dir='ltr'>ἐ</span> <span class='ocrx_word' id='word_1_648' title='bbox 2267 3781 2383 3837; x_wconf 82' lang='lat' dir='ltr'><strong>Non</strong></span> <span class='ocrx_word' id='word_1_649' title='bbox 2441 3783 2571 3836; x_wconf 84' lang='lat' dir='ltr'><strong>facit</strong></span> <span class='ocrx_word' id='word_1_650' title='bbox 2618 3792 2922 3851; x_wconf 84' lang='lat' dir='ltr'><strong>peccatum,</strong></span> <span class='ocrx_word' id='word_1_651' title='bbox 2957 3784 3225 3853; x_wconf 80' lang='lat' dir='ltr'><strong>signiﬁcat</strong></span> <span class='ocrx_word' id='word_1_652' title='bbox 3267 3801 3332 3840; x_wconf 86' lang='lat' dir='ltr'><strong>ex</strong></span> <span class='ocrx_word' id='word_1_653' title='bbox 3380 3786 3582 3840; x_wconf 84' lang='lat' dir='ltr'><strong>aﬁ‘ectu</strong></span> 
     </span>
    </p>
   </div>
   <div class='ocr_carea' id='block_1_85' title="bbox 2006 3873 3681 3946">
    <p class='ocr_par' dir='ltr' id='par_1_85' title="bbox 2006 3873 3681 3946">
     <span class='ocr_line' id='line_1_85' title="bbox 2006 3873 3681 3946; baseline 0.001 -16"><span class='ocrx_word' id='word_1_654' title='bbox 2006 3891 2116 3930; x_wconf 93' lang='lat' dir='ltr'><strong>non</strong></span> <span class='ocrx_word' id='word_1_655' title='bbox 2147 3876 2481 3944; x_wconf 86' lang='lat' dir='ltr'><strong>contingere.</strong></span> <span class='ocrx_word' id='word_1_656' title='bbox 2510 3873 2739 3943; x_wconf 86' lang='lat' dir='ltr'><strong>Propter</strong></span> <span class='ocrx_word' id='word_1_657' title='bbox 2763 3874 2905 3943; x_wconf 91' lang='lat' dir='ltr'><strong>quod</strong></span> <span class='ocrx_word' id='word_1_658' title='bbox 2937 3876 3099 3928; x_wconf 89' lang='lat' dir='ltr'><strong>etiam</strong></span> <span class='ocrx_word' id='word_1_659' title='bbox 3126 3877 3275 3931; x_wconf 90' lang='lat' dir='ltr'><strong>addit</strong></span> <span class='ocrx_word' id='word_1_660' title='bbox 3302 3879 3443 3946; x_wconf 81' lang='lat' dir='ltr'><strong>quod</strong></span> <span class='ocrx_word' id='word_1_661' title='bbox 3473 3893 3581 3931; x_wconf 79' lang='lat' dir='ltr'><strong>non</strong></span> <span class='ocrx_word' id='word_1_662' title='bbox 3678 3908 3681 3911; x_wconf 57' lang='grc' dir='ltr'><strong>ν</strong></span> 
     </span>
    </p>
   </div>
   <div class='ocr_carea' id='block_1_86' title="bbox 2005 3966 3585 4038">
    <p class='ocr_par' dir='ltr' id='par_1_86' title="bbox 2005 3966 3585 4038">
     <span class='ocr_line' id='line_1_86' title="bbox 2005 3966 3585 4038; baseline 0 -17"><span class='ocrx_word' id='word_1_663' title='bbox 2005 3976 2187 4038; x_wconf 90' lang='lat' dir='ltr'><strong>potest</strong></span> <span class='ocrx_word' id='word_1_664' title='bbox 2215 3981 2463 4036; x_wconf 88' lang='lat' dir='ltr'><strong>peccare,</strong></span> <span class='ocrx_word' id='word_1_665' title='bbox 2495 3981 2603 4019; x_wconf 91' lang='lat' dir='ltr'><strong>non</strong></span> <span class='ocrx_word' id='word_1_666' title='bbox 2637 3966 2938 4020; x_wconf 88' lang='lat' dir='ltr'><strong>secundum</strong></span> <span class='ocrx_word' id='word_1_667' title='bbox 2993 3975 3205 4021; x_wconf 69' lang='lat' dir='ltr'><strong>naturae</strong></span> <span class='ocrx_word' id='word_1_668' title='bbox 3268 3968 3552 4037; x_wconf 85' lang='lat' dir='ltr'><strong>impossibi</strong></span> <span class='ocrx_word' id='word_1_669' title='bbox 3582 4004 3585 4007; x_wconf 65' lang='grc'><strong>›</strong></span> 
     </span>
    </p>
   </div>
   <div class='ocr_carea' id='block_1_87' title="bbox 2006 4054 3581 4124">
    <p class='ocr_par' dir='ltr' id='par_1_87' title="bbox 2006 4054 3581 4124">
     <span class='ocr_line' id='line_1_87' title="bbox 2006 4054 3581 4124; baseline -0.001 -13"><span class='ocrx_word' id='word_1_670' title='bbox 2006 4057 2214 4111; x_wconf 88' lang='lat' dir='ltr'><strong>litatem</strong></span> <span class='ocrx_word' id='word_1_671' title='bbox 2247 4055 2350 4109; x_wconf 90' lang='lat' dir='ltr'><strong>hoc</strong></span> <span class='ocrx_word' id='word_1_672' title='bbox 2382 4055 2587 4119; x_wconf 89' lang='lat' dir='ltr'><strong>dicens,</strong></span> <span class='ocrx_word' id='word_1_673' title='bbox 2628 4054 3086 4124; x_wconf 87' lang='lat' dir='ltr'><strong>quemadmodum</strong></span> <span class='ocrx_word' id='word_1_674' title='bbox 3120 4055 3189 4109; x_wconf 92' lang='lat' dir='ltr'><strong>dc</strong></span> <span class='ocrx_word' id='word_1_675' title='bbox 3248 4056 3581 4111; x_wconf 81' lang='lat' dir='ltr'><strong>irrationali-</strong></span> 
     </span>
    </p>
   </div>
   <div class='ocr_carea' id='block_1_88' title="bbox 2006 4145 3578 4217">
    <p class='ocr_par' dir='ltr' id='par_1_88' title="bbox 2006 4145 3578 4217">
     <span class='ocr_line' id='line_1_88' title="bbox 2006 4145 3578 4217; baseline 0.003 -15"><span class='ocrx_word' id='word_1_676' title='bbox 2006 4148 2107 4202; x_wconf 84' lang='lat' dir='ltr'><strong>bus</strong></span> <span class='ocrx_word' id='word_1_677' title='bbox 2130 4147 2362 4200; x_wconf 89' lang='lat' dir='ltr'><strong>dicimus</strong></span> <span class='ocrx_word' id='word_1_678' title='bbox 2387 4145 2530 4215; x_wconf 91' lang='lat' dir='ltr'><strong>quod</strong></span> <span class='ocrx_word' id='word_1_679' title='bbox 2566 4160 2675 4198; x_wconf 88' lang='lat' dir='ltr'><strong>non</strong></span> <span class='ocrx_word' id='word_1_680' title='bbox 2715 4152 2945 4214; x_wconf 83' lang='lat' dir='ltr'><strong>possunt</strong></span> <span class='ocrx_word' id='word_1_681' title='bbox 2973 4145 3256 4200; x_wconf 90' lang='lat' dir='ltr'><strong>scientiam</strong></span> <span class='ocrx_word' id='word_1_682' title='bbox 3288 4149 3532 4217; x_wconf 80' lang='lat' dir='ltr'><strong>recipere</strong></span> <span class='ocrx_word' id='word_1_683' title='bbox 3563 4168 3578 4206; x_wconf 91' lang='lat'><strong>:</strong></span> 
     </span>
    </p>
   </div>
   <div class='ocr_carea' id='block_1_89' title="bbox 2007 4235 3578 4311">
    <p class='ocr_par' dir='ltr' id='par_1_89' title="bbox 2007 4235 3578 4311">
     <span class='ocr_line' id='line_1_89' title="bbox 2007 4235 3578 4311; baseline -0.001 -16"><span class='ocrx_word' id='word_1_684' title='bbox 2007 4239 2100 4295; x_wconf 91' lang='lat' dir='ltr'><strong>sed</strong></span> <span class='ocrx_word' id='word_1_685' title='bbox 2138 4246 2360 4311; x_wconf 89' lang='lat' dir='ltr'><strong>propter</strong></span> <span class='ocrx_word' id='word_1_686' title='bbox 2398 4236 2767 4291; x_wconf 77' lang='lat' dir='ltr'><strong>voluntarium</strong></span> <span class='ocrx_word' id='word_1_687' title='bbox 2797 4235 2967 4291; x_wconf 88' lang='lat' dir='ltr'><strong>otium</strong></span> <span class='ocrx_word' id='word_1_688' title='bbox 3018 4238 3133 4291; x_wconf 88' lang='lat' dir='ltr'><strong>sive</strong></span> <span class='ocrx_word' id='word_1_689' title='bbox 3198 4238 3578 4294; x_wconf 88' lang='lat' dir='ltr'><strong>abstinentiam</strong></span> 
     </span>
    </p>
   </div>
   <div class='ocr_carea' id='block_1_90' title="bbox 2005 4327 3577 4401">
    <p class='ocr_par' dir='ltr' id='par_1_90' title="bbox 2005 4327 3577 4401">
     <span class='ocr_line' id='line_1_90' title="bbox 2005 4327 3577 4401; baseline -0.002 -15"><span class='ocrx_word' id='word_1_690' title='bbox 2005 4347 2035 4386; x_wconf 86' lang='lat' dir='ltr'><strong>a</strong></span> <span class='ocrx_word' id='word_1_691' title='bbox 2066 4328 2345 4401; x_wconf 89' lang='lat' dir='ltr'><strong>peccando</strong></span> <span class='ocrx_word' id='word_1_692' title='bbox 2374 4328 2489 4382; x_wconf 67' lang='lat' dir='ltr'><strong>haec</strong></span> <span class='ocrx_word' id='word_1_693' title='bbox 2519 4327 2814 4392; x_wconf 87' lang='lat' dir='ltr'><strong>disserens,</strong></span> <span class='ocrx_word' id='word_1_694' title='bbox 2849 4336 2904 4382; x_wconf 88' lang='lat' dir='ltr'><strong>et</strong></span> <span class='ocrx_word' id='word_1_695' title='bbox 2936 4327 3197 4382; x_wconf 88' lang='lat' dir='ltr'><strong>indicium</strong></span> <span class='ocrx_word' id='word_1_696' title='bbox 3223 4328 3450 4383; x_wconf 87' lang='lat' dir='ltr'><strong>ﬁliorum</strong></span> <span class='ocrx_word' id='word_1_697' title='bbox 3485 4329 3577 4383; x_wconf 87' lang='lat' dir='ltr'><strong>Dei</strong></span> 
     </span>
    </p>
   </div>
   <div class='ocr_carea' id='block_1_91' title="bbox 2005 4421 3579 4488">
    <p class='ocr_par' dir='ltr' id='par_1_91' title="bbox 2005 4421 3579 4488">
     <span class='ocr_line' id='line_1_91' title="bbox 2005 4421 3579 4488; baseline -0.003 -11"><span class='ocrx_word' id='word_1_698' title='bbox 2005 4437 2128 4477; x_wconf 85' lang='lat' dir='ltr'><strong>esse</strong></span> <span class='ocrx_word' id='word_1_699' title='bbox 2162 4421 2370 4482; x_wconf 88' lang='lat' dir='ltr'><strong>dicens,</strong></span> <span class='ocrx_word' id='word_1_700' title='bbox 2398 4433 2507 4473; x_wconf 91' lang='lat' dir='ltr'><strong>non</strong></span> <span class='ocrx_word' id='word_1_701' title='bbox 2554 4433 2782 4488; x_wconf 90' lang='lat' dir='ltr'><strong>peccare</strong></span> <span class='ocrx_word' id='word_1_702' title='bbox 2814 4435 2826 4470; x_wconf 93' lang='lat'>:</span> <span class='ocrx_word' id='word_1_703' title='bbox 2861 4421 3317 4488; x_wconf 86' lang='lat' dir='ltr'><strong>quemadmodum</strong></span> <span class='ocrx_word' id='word_1_704' title='bbox 3364 4436 3579 4474; x_wconf 83' lang='lat' dir='ltr'><strong>rursum</strong></span> 
     </span>
    </p>
   </div>
   <div class='ocr_carea' id='block_1_92' title="bbox 328 4504 1904 4587">
    <p class='ocr_par' dir='ltr' id='par_1_92' title="bbox 328 4504 1903 4587">
     <span class='ocr_line' id='line_1_92' title="bbox 328 4504 1903 4587; baseline 0.01 -31"><span class='ocrx_word' id='word_1_705' title='bbox 328 4504 481 4557; x_wconf 69' lang='grc' dir='ltr'>ϐᾶνει</span> <span class='ocrx_word' id='word_1_706' title='bbox 536 4508 698 4562; x_wconf 84' lang='grc' dir='ltr'>πάλιν</span> <span class='ocrx_word' id='word_1_707' title='bbox 753 4512 891 4579; x_wconf 87' lang='grc' dir='ltr'>μετὰ</span> <span class='ocrx_word' id='word_1_708' title='bbox 930 4512 1099 4566; x_wconf 85' lang='grc' dir='ltr'>πολλά</span> <span class='ocrx_word' id='word_1_709' title='bbox 1137 4514 1204 4567; x_wconf 80' lang='grc' dir='ltr'>τὰ</span> <span class='ocrx_word' id='word_1_710' title='bbox 1254 4515 1454 4584; x_wconf 80' lang='grc' dir='ltr'>μεταξὺ</span> <span class='ocrx_word' id='word_1_711' title='bbox 1495 4515 1592 4586; x_wconf 82' lang='grc' dir='ltr'>τὴν</span> <span class='ocrx_word' id='word_1_712' title='bbox 1639 4517 1768 4587; x_wconf 74' lang='grc' dir='ltr'>περὶ</span> <span class='ocrx_word' id='word_1_713' title='bbox 1812 4518 1903 4571; x_wconf 76' lang='grc' dir='ltr'>τὸν</span> 
     </span>
    </p>
   </div>
   <div class='ocr_carea' id='block_1_93' title="bbox 2005 4504 3580 4587">
    <p class='ocr_par' dir='ltr' id='par_1_93' title="bbox 2010 4508 3580 4581">
     <span class='ocr_line' id='line_1_93' title="bbox 2010 4508 3580 4581; baseline -0.002 -13"><span class='ocrx_word' id='word_1_714' title='bbox 2010 4515 2243 4568; x_wconf 91' lang='lat' dir='ltr'><strong>ﬁliorum</strong></span> <span class='ocrx_word' id='word_1_715' title='bbox 2276 4510 2496 4575; x_wconf 84' lang='lat' dir='ltr'><strong>diaboli,</strong></span> <span class='ocrx_word' id='word_1_716' title='bbox 2523 4524 2769 4580; x_wconf 89' lang='lat' dir='ltr'><strong>peccare.</strong></span> <span class='ocrx_word' id='word_1_717' title='bbox 2801 4508 2894 4563; x_wconf 81' lang='lat' dir='ltr'><strong>liis</strong></span> <span class='ocrx_word' id='word_1_718' title='bbox 2930 4524 3059 4581; x_wconf 84' lang='lat' dir='ltr'><strong>ergo</strong></span> <span class='ocrx_word' id='word_1_719' title='bbox 3098 4511 3389 4573; x_wconf 88' lang='lat' dir='ltr'><strong>enarratis,</strong></span> <span class='ocrx_word' id='word_1_720' title='bbox 3422 4528 3580 4581; x_wconf 80' lang='lat' dir='ltr'><strong>repe-</strong></span> 
     </span>
    </p>
   </div>
   <div class='ocr_carea' id='block_1_94' title="bbox 331 4599 1911 4680">
    <p class='ocr_par' dir='ltr' id='par_1_94' title="bbox 331 4599 1911 4680">
     <span class='ocr_line' id='line_1_94' title="bbox 331 4599 1911 4680; baseline 0.009 -29"><span class='ocrx_word' id='word_1_721' title='bbox 331 4599 560 4669; x_wconf 69' lang='grc' dir='ltr'>πλῃσίον</span> <span class='ocrx_word' id='word_1_722' title='bbox 590 4604 834 4672; x_wconf 82' lang='grc' dir='ltr'>ἀγάπην,</span> <span class='ocrx_word' id='word_1_723' title='bbox 868 4607 1061 4679; x_wconf 81' lang='grc' dir='ltr'>ὥσπερ</span> <span class='ocrx_word' id='word_1_724' title='bbox 1081 4609 1243 4678; x_wconf 83' lang='grc' dir='ltr'>χάριν</span> <span class='ocrx_word' id='word_1_725' title='bbox 1278 4610 1493 4680; x_wconf 85' lang='grc' dir='ltr'>ἐκείνης</span> <span class='ocrx_word' id='word_1_726' title='bbox 1525 4610 1700 4663; x_wconf 86' lang='grc' dir='ltr'>πάντα</span> <span class='ocrx_word' id='word_1_727' title='bbox 1730 4611 1796 4664; x_wconf 81' lang='grc' dir='ltr'>τὰ</span> <span class='ocrx_word' id='word_1_728' title='bbox 1822 4612 1911 4666; x_wconf 79' lang='grc' dir='ltr'><strong>διὰ</strong></span> 
     </span>
    </p>
   </div>
   <div class='ocr_carea' id='block_1_95' title="bbox 328 4693 1907 4774">
    <p class='ocr_par' dir='ltr' id='par_1_95' title="bbox 328 4693 1907 4774">
     <span class='ocr_line' id='line_1_95' title="bbox 328 4693 1907 4774; baseline 0.008 -30"><span class='ocrx_word' id='word_1_729' title='bbox 328 4693 497 4760; x_wconf 81' lang='grc' dir='ltr'>μέσου</span> <span class='ocrx_word' id='word_1_730' title='bbox 527 4700 1117 4767; x_wconf 78' lang='grc' dir='ltr'>πραγματευσάμενος,</span> <span class='ocrx_word' id='word_1_731' title='bbox 1158 4703 1280 4755; x_wconf 73' lang='grc' dir='ltr'>ἐπεὶ</span> <span class='ocrx_word' id='word_1_732' title='bbox 1319 4702 1415 4755; x_wconf 76' lang='grc' dir='ltr'>καὶ</span> <span class='ocrx_word' id='word_1_733' title='bbox 1461 4703 1738 4774; x_wconf 84' lang='grc' dir='ltr'>πλήρωμα</span> <span class='ocrx_word' id='word_1_734' title='bbox 1770 4705 1907 4756; x_wconf 75' lang='grc' dir='ltr'>πάν-</span> 
     </span>
    </p>
   </div>
   <div class='ocr_carea' id='block_1_96' title="bbox 328 4787 1908 4864">
    <p class='ocr_par' dir='ltr' id='par_1_96' title="bbox 328 4787 1908 4864">
     <span class='ocr_line' id='line_1_96' title="bbox 328 4787 1908 4864; baseline 0.011 -31"><span class='ocrx_word' id='word_1_735' title='bbox 328 4799 433 4834; x_wconf 85' lang='grc' dir='ltr'><strong>των</strong></span> <span class='ocrx_word' id='word_1_736' title='bbox 496 4787 528 4854; x_wconf 83' lang='grc' dir='ltr'><strong>ἡ</strong></span> <span class='ocrx_word' id='word_1_737' title='bbox 594 4788 804 4858; x_wconf 83' lang='grc' dir='ltr'>ἀγάπη,</span> <span class='ocrx_word' id='word_1_738' title='bbox 864 4791 959 4843; x_wconf 87' lang='grc' dir='ltr'><strong>καί</strong></span> <span class='ocrx_word' id='word_1_739' title='bbox 1002 4810 1189 4862; x_wconf 75' lang='grc' dir='ltr'>φησιν’</span> <span class='ocrx_word' id='word_1_740' title='bbox 1249 4811 1268 4845; x_wconf 75' lang='grc' dir='ltr'><strong>ι</strong></span> <span class='ocrx_word' id='word_1_741' title='bbox 1322 4795 1382 4847; x_wconf 89' lang='grc' dir='ltr'>Ὀ</span> <span class='ocrx_word' id='word_1_742' title='bbox 1416 4793 1491 4864; x_wconf 83' lang='grc' dir='ltr'>μὴ</span> <span class='ocrx_word' id='word_1_743' title='bbox 1534 4794 1767 4862; x_wconf 82' lang='grc' dir='ltr'>ἀγαπῶν</span> <span class='ocrx_word' id='word_1_744' title='bbox 1816 4796 1908 4849; x_wconf 75' lang='grc' dir='ltr'><strong>τὸν</strong></span> 
     </span>
    </p>
   </div>
   <div class='ocr_carea' id='block_1_97' title="bbox 328 4867 1906 4947">
    <p class='ocr_par' dir='ltr' id='par_1_97' title="bbox 328 4867 1906 4947">
     <span class='ocr_line' id='line_1_97' title="bbox 328 4867 1906 4947; baseline 0.012 -25"><span class='ocrx_word' id='word_1_745' title='bbox 328 4870 557 4942; x_wconf 75' lang='grc' dir='ltr'>ἀδελφὸν</span> <span class='ocrx_word' id='word_1_746' title='bbox 590 4878 775 4942; x_wconf 74' lang='grc' dir='ltr'>αὑτοῦ,</span> <span class='ocrx_word' id='word_1_747' title='bbox 814 4867 916 4933; x_wconf 70' lang='grc' dir='ltr'><strong>οῦκ</strong></span> <span class='ocrx_word' id='word_1_748' title='bbox 946 4881 1093 4935; x_wconf 79' lang='grc' dir='ltr'>ἔστιν</span> <span class='ocrx_word' id='word_1_749' title='bbox 1134 4885 1196 4936; x_wconf 77' lang='grc' dir='ltr'>ὲκ</span> <span class='ocrx_word' id='word_1_750' title='bbox 1229 4883 1322 4937; x_wconf 87' lang='grc' dir='ltr'><strong>τοῦ</strong></span> <span class='ocrx_word' id='word_1_751' title='bbox 1356 4884 1510 4939; x_wconf 83' lang='grc' dir='ltr'>Θεοῦ.</span> <span class='ocrx_word' id='word_1_752' title='bbox 1553 4903 1573 4937; x_wconf 72' lang='grc' dir='ltr'><strong>ι</strong></span> <span class='ocrx_word' id='word_1_753' title='bbox 1618 4888 1741 4947; x_wconf 22' lang='grc' dir='ltr'><strong>Καὶ(</strong></span> <span class='ocrx_word' id='word_1_754' title='bbox 1763 4887 1906 4941; x_wconf 77' lang='grc' dir='ltr'>κατὰ</span> 
     </span>
    </p>
   </div>
   <div class='ocr_carea' id='block_1_98' title="bbox 330 4960 1910 5035">
    <p class='ocr_par' dir='ltr' id='par_1_98' title="bbox 330 4960 1910 5035">
     <span class='ocr_line' id='line_1_98' title="bbox 330 4960 1910 5035; baseline 0.013 -27"><span class='ocrx_word' id='word_1_755' title='bbox 330 4960 518 5013; x_wconf 80' lang='grc' dir='ltr'>τούτου</span> <span class='ocrx_word' id='word_1_756' title='bbox 553 4966 660 5032; x_wconf 73' lang='grc' dir='ltr'>γὰρ</span> <span class='ocrx_word' id='word_1_757' title='bbox 692 4966 784 5019; x_wconf 86' lang='grc' dir='ltr'><strong>τοῦ</strong></span> <span class='ocrx_word' id='word_1_758' title='bbox 833 4969 1008 5021; x_wconf 81' lang='grc' dir='ltr'>κώλου</span> <span class='ocrx_word' id='word_1_759' title='bbox 1058 4971 1337 5035; x_wconf 80' lang='grc' dir='ltr'>τέτακται,</span> <span class='ocrx_word' id='word_1_760' title='bbox 1373 4972 1454 5034; x_wconf 86' lang='grc' dir='ltr'>τὸ,</span> <span class='ocrx_word' id='word_1_761' title='bbox 1491 4973 1608 5026; x_wconf 78' lang='grc' dir='ltr'><strong>οὐκ</strong></span> <span class='ocrx_word' id='word_1_762' title='bbox 1654 4974 1802 5027; x_wconf 82' lang='grc' dir='ltr'>εστιν</span> <span class='ocrx_word' id='word_1_763' title='bbox 1846 4976 1910 5027; x_wconf 81' lang='grc' dir='ltr'><strong>ἐκ</strong></span> 
     </span>
    </p>
   </div>
   <div class='ocr_carea' id='block_1_99' title="bbox 331 5046 1901 5137">
    <p class='ocr_par' dir='ltr' id='par_1_99' title="bbox 331 5046 1901 5137">
     <span class='ocr_line' id='line_1_99' title="bbox 331 5046 1901 5137; baseline 0.012 -39"><span class='ocrx_word' id='word_1_764' title='bbox 331 5046 423 5099; x_wconf 87' lang='grc' dir='ltr'><strong>τοῦ</strong></span> <span class='ocrx_word' id='word_1_765' title='bbox 456 5050 614 5117; x_wconf 84' lang='grc' dir='ltr'>Θεοῦ,</span> <span class='ocrx_word' id='word_1_766' title='bbox 653 5055 814 5108; x_wconf 89' lang='grc' dir='ltr'>τοῦτο</span> <span class='ocrx_word' id='word_1_767' title='bbox 844 5056 1044 5125; x_wconf 85' lang='grc' dir='ltr'>λέγων·</span> <span class='ocrx_word' id='word_1_768' title='bbox 1099 5059 1251 5112; x_wconf 77' lang='grc' dir='ltr'>Ἐπεὶ</span> <span class='ocrx_word' id='word_1_769' title='bbox 1282 5062 1310 5111; x_wconf 88' lang='lat'><strong>6</strong></span> <span class='ocrx_word' id='word_1_770' title='bbox 1353 5061 1524 5113; x_wconf 83' lang='grc' dir='ltr'>ποιῶν</span> <span class='ocrx_word' id='word_1_771' title='bbox 1554 5062 1901 5137; x_wconf 86' lang='grc' dir='ltr'>δικαιοσύνην</span> 
     </span>
    </p>
   </div>
   <div class='ocr_carea' id='block_1_100' title="bbox 331 5139 1897 5224">
    <p class='ocr_par' dir='ltr' id='par_1_100' title="bbox 331 5139 1897 5224">
     <span class='ocr_line' id='line_1_100' title="bbox 331 5139 1897 5224; baseline 0.013 -35"><span class='ocrx_word' id='word_1_772' title='bbox 331 5139 395 5191; x_wconf 78' lang='grc' dir='ltr'><strong>ἐκ</strong></span> <span class='ocrx_word' id='word_1_773' title='bbox 420 5140 511 5192; x_wconf 82' lang='grc' dir='ltr'><strong>τοῦ</strong></span> <span class='ocrx_word' id='word_1_774' title='bbox 538 5144 668 5197; x_wconf 83' lang='grc' dir='ltr'>Θεοῦ</span> <span class='ocrx_word' id='word_1_775' title='bbox 694 5149 1038 5217; x_wconf 85' lang='grc' dir='ltr'>γεγέννηται,</span> <span class='ocrx_word' id='word_1_776' title='bbox 1069 5151 1260 5205; x_wconf 73' lang='grc' dir='ltr'>ἕπεται</span> <span class='ocrx_word' id='word_1_777' title='bbox 1284 5152 1362 5224; x_wconf 83' lang='grc' dir='ltr'><strong>τῷ</strong></span> <span class='ocrx_word' id='word_1_778' title='bbox 1390 5154 1530 5206; x_wconf 78' lang='grc' dir='ltr'>οὕτω</span> <span class='ocrx_word' id='word_1_779' title='bbox 1558 5156 1897 5224; x_wconf 83' lang='grc' dir='ltr'>γεννηθέντι,</span> 
     </span>
    </p>
   </div>
   <div class='ocr_carea' id='block_1_101' title="bbox 330 5231 1895 5317">
    <p class='ocr_par' dir='ltr' id='par_1_101' title="bbox 330 5231 1895 5317">
     <span class='ocr_line' id='line_1_101' title="bbox 330 5231 1895 5317; baseline 0.009 -33"><span class='ocrx_word' id='word_1_780' title='bbox 330 5231 551 5303; x_wconf 70' lang='grc' dir='ltr'>ἀγαπᾷν</span> <span class='ocrx_word' id='word_1_781' title='bbox 575 5241 700 5298; x_wconf 72' lang='grc' dir='ltr'>τοὺς</span> <span class='ocrx_word' id='word_1_782' title='bbox 730 5240 1016 5308; x_wconf 79' lang='grc' dir='ltr'>ἀδελφούς.</span> <span class='ocrx_word' id='word_1_783' title='bbox 1054 5242 1113 5297; x_wconf 90' lang='lat'><strong>&#39;0</strong></span> <span class='ocrx_word' id='word_1_784' title='bbox 1136 5243 1191 5296; x_wconf 82' lang='grc' dir='ltr'>δὲ</span> <span class='ocrx_word' id='word_1_785' title='bbox 1221 5245 1295 5313; x_wconf 86' lang='grc' dir='ltr'>μὴ</span> <span class='ocrx_word' id='word_1_786' title='bbox 1326 5246 1495 5297; x_wconf 84' lang='grc' dir='ltr'>ποιῶν</span> <span class='ocrx_word' id='word_1_787' title='bbox 1526 5247 1895 5317; x_wconf 82' lang='grc' dir='ltr'>δικαιοσύνην,</span> 
     </span>
    </p>
   </div>
   <div class='ocr_carea' id='block_1_102' title="bbox 327 5322 1898 5403">
    <p class='ocr_par' dir='ltr' id='par_1_102' title="bbox 327 5322 1898 5403">
     <span class='ocr_line' id='line_1_102' title="bbox 327 5322 1898 5403; baseline 0.01 -29"><span class='ocrx_word' id='word_1_788' title='bbox 327 5322 404 5391; x_wconf 75' lang='grc' dir='ltr'><strong>τῷ</strong></span> <span class='ocrx_word' id='word_1_789' title='bbox 441 5325 517 5395; x_wconf 82' lang='grc' dir='ltr'>μὴ</span> <span class='ocrx_word' id='word_1_790' title='bbox 547 5328 718 5379; x_wconf 84' lang='grc' dir='ltr'>ποιεῖν</span> <span class='ocrx_word' id='word_1_791' title='bbox 746 5330 915 5400; x_wconf 75' lang='grc' dir='ltr'>αὐτὴν</span> <span class='ocrx_word' id='word_1_792' title='bbox 961 5331 1135 5396; x_wconf 85' lang='grc' dir='ltr'>μισῶν</span> <span class='ocrx_word' id='word_1_793' title='bbox 1171 5335 1296 5397; x_wconf 80' lang='grc' dir='ltr'>τοὺς</span> <span class='ocrx_word' id='word_1_794' title='bbox 1328 5335 1590 5403; x_wconf 78' lang='grc' dir='ltr'>ἀδελφοὺς</span> <span class='ocrx_word' id='word_1_795' title='bbox 1614 5336 1802 5402; x_wconf 84' lang='grc' dir='ltr'>αὑτοῦ,</span> <span class='ocrx_word' id='word_1_796' title='bbox 1834 5338 1898 5390; x_wconf 76' lang='grc' dir='ltr'><strong>ἐκ</strong></span> 
     </span>
    </p>
   </div>
   <div class='ocr_carea' id='block_1_103' title="bbox 327 5411 1896 5498">
    <p class='ocr_par' dir='ltr' id='par_1_103' title="bbox 327 5411 1896 5498">
     <span class='ocr_line' id='line_1_103' title="bbox 327 5411 1896 5498; baseline 0.011 -36"><span class='ocrx_word' id='word_1_797' title='bbox 327 5411 423 5464; x_wconf 79' lang='grc' dir='ltr'><strong>τοῦ</strong></span> <span class='ocrx_word' id='word_1_798' title='bbox 454 5412 589 5464; x_wconf 86' lang='grc' dir='ltr'>Θεοῦ</span> <span class='ocrx_word' id='word_1_799' title='bbox 621 5415 720 5467; x_wconf 74' lang='grc' dir='ltr'><strong>οὐκ</strong></span> <span class='ocrx_word' id='word_1_800' title='bbox 752 5416 898 5470; x_wconf 73' lang='grc' dir='ltr'>ἐστιν</span> <span class='ocrx_word' id='word_1_801' title='bbox 938 5421 999 5471; x_wconf 84' lang='grc' dir='ltr'>οὐ</span> <span class='ocrx_word' id='word_1_802' title='bbox 1036 5422 1174 5475; x_wconf 86' lang='grc' dir='ltr'><strong>κατά</strong></span> <span class='ocrx_word' id='word_1_803' title='bbox 1206 5422 1365 5476; x_wconf 76' lang='grc' dir='ltr'>ἄλλον</span> <span class='ocrx_word' id='word_1_804' title='bbox 1405 5424 1606 5495; x_wconf 87' lang='grc' dir='ltr'>τρόπον</span> <span class='ocrx_word' id='word_1_805' title='bbox 1651 5425 1685 5494; x_wconf 79' lang='grc' dir='ltr'>ἢ</span> <span class='ocrx_word' id='word_1_806' title='bbox 1711 5425 1788 5495; x_wconf 85' lang='grc' dir='ltr'><strong>τῷ</strong></span> <span class='ocrx_word' id='word_1_807' title='bbox 1821 5425 1896 5498; x_wconf 79' lang='grc' dir='ltr'>μὴ</span> 
     </span>
    </p>
   </div>
   <div class='ocr_carea' id='block_1_104' title="bbox 330 5505 1898 5578">
    <p class='ocr_par' dir='ltr' id='par_1_104' title="bbox 330 5505 1898 5578">
     <span class='ocr_line' id='line_1_104' title="bbox 330 5505 1898 5578; baseline 0.009 -23"><span class='ocrx_word' id='word_1_808' title='bbox 330 5505 687 5574; x_wconf 80' lang='grc' dir='ltr'>γεγεννῆσθαι</span> <span class='ocrx_word' id='word_1_809' title='bbox 726 5506 785 5572; x_wconf 79' lang='grc' dir='ltr'>ἐξ</span> <span class='ocrx_word' id='word_1_810' title='bbox 828 5510 1015 5564; x_wconf 80' lang='grc' dir='ltr'>αὑτοῦ.</span> <span class='ocrx_word' id='word_1_811' title='bbox 1066 5514 1177 5566; x_wconf 75' lang='grc' dir='ltr'><strong>Καὶ</strong></span> <span class='ocrx_word' id='word_1_812' title='bbox 1207 5513 1323 5578; x_wconf 80' lang='grc' dir='ltr'><strong>πῶς</strong></span> <span class='ocrx_word' id='word_1_813' title='bbox 1355 5516 1456 5567; x_wconf 82' lang='grc' dir='ltr'>οὐκ</span> <span class='ocrx_word' id='word_1_814' title='bbox 1509 5514 1654 5569; x_wconf 76' lang='grc' dir='ltr'>ἐστιν</span> <span class='ocrx_word' id='word_1_815' title='bbox 1690 5518 1754 5569; x_wconf 85' lang='grc' dir='ltr'><strong>ἐκ</strong></span> <span class='ocrx_word' id='word_1_816' title='bbox 1806 5517 1898 5569; x_wconf 81' lang='grc' dir='ltr'><strong>τοῦ</strong></span> 
     </span>
    </p>
   </div>
   <div class='ocr_carea' id='block_1_105' title="bbox 330 5593 1898 5677">
    <p class='ocr_par' dir='ltr' id='par_1_105' title="bbox 330 5593 1898 5677">
     <span class='ocr_line' id='line_1_105' title="bbox 330 5593 1898 5677; baseline 0.017 -31"><span class='ocrx_word' id='word_1_817' title='bbox 330 5593 460 5647; x_wconf 81' lang='grc' dir='ltr'>Θεοῦ</span> <span class='ocrx_word' id='word_1_818' title='bbox 500 5596 743 5651; x_wconf 82' lang='grc' dir='ltr'>δείκνυσι</span> <span class='ocrx_word' id='word_1_819' title='bbox 787 5599 985 5669; x_wconf 85' lang='grc' dir='ltr'>λέγων,</span> <span class='ocrx_word' id='word_1_820' title='bbox 1041 5604 1123 5657; x_wconf 84' lang='grc' dir='ltr'>ὅτι</span> <span class='ocrx_word' id='word_1_821' title='bbox 1155 5622 1174 5655; x_wconf 76' lang='grc' dir='ltr'><strong>ι</strong></span> <span class='ocrx_word' id='word_1_822' title='bbox 1216 5604 1364 5677; x_wconf 76' lang='grc' dir='ltr'>Δῦτη</span> <span class='ocrx_word' id='word_1_823' title='bbox 1407 5607 1554 5659; x_wconf 67' lang='grc' dir='ltr'>ἐστὶν</span> <span class='ocrx_word' id='word_1_824' title='bbox 1581 5608 1615 5677; x_wconf 78' lang='grc' dir='ltr'>ἠ</span> <span class='ocrx_word' id='word_1_825' title='bbox 1647 5606 1898 5675; x_wconf 77' lang='grc' dir='ltr'>ἀγγελία,</span> 
     </span>
    </p>
   </div>
   <div class='ocr_carea' id='block_1_106' title="bbox 2006 4599 3580 4673">
    <p class='ocr_par' dir='ltr' id='par_1_106' title="bbox 2006 4599 3580 4673">
     <span class='ocr_line' id='line_1_106' title="bbox 2006 4599 3580 4673; baseline -0.001 -15"><span class='ocrx_word' id='word_1_826' title='bbox 2006 4604 2072 4658; x_wconf 91' lang='lat' dir='ltr'><strong>tit</strong></span> <span class='ocrx_word' id='word_1_827' title='bbox 2098 4611 2219 4672; x_wconf 90' lang='lat' dir='ltr'><strong>post</strong></span> <span class='ocrx_word' id='word_1_828' title='bbox 2245 4601 2412 4654; x_wconf 89' lang='lat' dir='ltr'><strong>multa</strong></span> <span class='ocrx_word' id='word_1_829' title='bbox 2441 4599 2495 4652; x_wconf 92' lang='lat' dir='ltr'><strong>in</strong></span> <span class='ocrx_word' id='word_1_830' title='bbox 2549 4599 2728 4654; x_wconf 87' lang='lat' dir='ltr'><strong>medio</strong></span> <span class='ocrx_word' id='word_1_831' title='bbox 2786 4601 2983 4669; x_wconf 82' lang='lat' dir='ltr'><strong>posita,</strong></span> <span class='ocrx_word' id='word_1_832' title='bbox 3049 4601 3394 4654; x_wconf 88' lang='lat' dir='ltr'><strong>dilectionem</strong></span> <span class='ocrx_word' id='word_1_833' title='bbox 3457 4616 3580 4673; x_wconf 80' lang='lat' dir='ltr'><strong>erga</strong></span> 
     </span>
    </p>
   </div>
   <div class='ocr_carea' id='block_1_107' title="bbox 2004 4688 3581 4765">
    <p class='ocr_par' dir='ltr' id='par_1_107' title="bbox 2004 4688 3581 4765">
     <span class='ocr_line' id='line_1_107' title="bbox 2004 4688 3581 4765; baseline -0.001 -19"><span class='ocrx_word' id='word_1_834' title='bbox 2004 4694 2332 4765; x_wconf 83' lang='lat' dir='ltr'><strong>proximum,</strong></span> <span class='ocrx_word' id='word_1_835' title='bbox 2353 4689 2506 4759; x_wconf 90' lang='lat' dir='ltr'><strong>quasi</strong></span> <span class='ocrx_word' id='word_1_836' title='bbox 2534 4690 2677 4743; x_wconf 91' lang='lat' dir='ltr'><strong>illius</strong></span> <span class='ocrx_word' id='word_1_837' title='bbox 2700 4690 2871 4759; x_wconf 75' lang='lat' dir='ltr'><strong>gratia</strong></span> <span class='ocrx_word' id='word_1_838' title='bbox 2891 4688 3145 4743; x_wconf 83' lang='lat' dir='ltr'><strong>universa</strong></span> <span class='ocrx_word' id='word_1_839' title='bbox 3170 4706 3291 4759; x_wconf 74' lang='lat' dir='ltr'><strong>qua:</strong></span> <span class='ocrx_word' id='word_1_840' title='bbox 3324 4694 3375 4743; x_wconf 92' lang='lat' dir='ltr'><strong>in</strong></span> <span class='ocrx_word' id='word_1_841' title='bbox 3400 4691 3581 4745; x_wconf 88' lang='lat' dir='ltr'><strong>medio</strong></span> 
     </span>
    </p>
   </div>
   <div class='ocr_carea' id='block_1_108' title="bbox 2006 4779 3582 4851">
    <p class='ocr_par' dir='ltr' id='par_1_108' title="bbox 2006 4779 3582 4851">
     <span class='ocr_line' id='line_1_108' title="bbox 2006 4779 3582 4851; baseline -0.003 -11"><span class='ocrx_word' id='word_1_842' title='bbox 2006 4785 2230 4840; x_wconf 88' lang='lat' dir='ltr'><strong>fuerunt</strong></span> <span class='ocrx_word' id='word_1_843' title='bbox 2318 4780 2686 4836; x_wconf 76' lang='lat' dir='ltr'><strong>tractaverit:</strong></span> <span class='ocrx_word' id='word_1_844' title='bbox 2767 4779 3211 4848; x_wconf 84' lang='lat' dir='ltr'><strong>quandoquidem</strong></span> <span class='ocrx_word' id='word_1_845' title='bbox 3299 4782 3582 4851; x_wconf 89' lang='lat' dir='ltr'><strong>plenitudo</strong></span> 
     </span>
    </p>
   </div>
   <div class='ocr_carea' id='block_1_109' title="bbox 2005 4870 3581 4944">
    <p class='ocr_par' dir='ltr' id='par_1_109' title="bbox 2005 4870 3581 4944">
     <span class='ocr_line' id='line_1_109' title="bbox 2005 4870 3581 4944; baseline -0.001 -16"><span class='ocrx_word' id='word_1_846' title='bbox 2005 4888 2222 4944; x_wconf 89' lang='lat' dir='ltr'><strong>quoque</strong></span> <span class='ocrx_word' id='word_1_847' title='bbox 2250 4872 2494 4927; x_wconf 91' lang='lat' dir='ltr'><strong>omnium</strong></span> <span class='ocrx_word' id='word_1_848' title='bbox 2523 4879 2608 4924; x_wconf 85' lang='lat' dir='ltr'><strong>est</strong></span> <span class='ocrx_word' id='word_1_849' title='bbox 2637 4870 2856 4924; x_wconf 90' lang='lat' dir='ltr'><strong>dilectio</strong></span> <span class='ocrx_word' id='word_1_850' title='bbox 2885 4870 2953 4936; x_wconf 77' lang='lat'><strong>&quot;,</strong></span> <span class='ocrx_word' id='word_1_851' title='bbox 2987 4879 3041 4925; x_wconf 91' lang='lat' dir='ltr'><strong>et</strong></span> <span class='ocrx_word' id='word_1_852' title='bbox 3078 4872 3151 4924; x_wconf 91' lang='lat' dir='ltr'><strong>ait</strong></span> <span class='ocrx_word' id='word_1_853' title='bbox 3180 4887 3195 4926; x_wconf 89' lang='lat'><strong>:</strong></span> <span class='ocrx_word' id='word_1_854' title='bbox 3263 4891 3280 4922; x_wconf 77' lang='grc' dir='ltr'><strong>ι</strong></span> <span class='ocrx_word' id='word_1_855' title='bbox 3316 4871 3418 4938; x_wconf 85' lang='lat' dir='ltr'><strong>Qui</strong></span> <span class='ocrx_word' id='word_1_856' title='bbox 3472 4888 3581 4927; x_wconf 80' lang='lat' dir='ltr'><strong>nun</strong></span> 
     </span>
    </p>
   </div>
   <div class='ocr_carea' id='block_1_110' title="bbox 2007 4961 3583 5035">
    <p class='ocr_par' dir='ltr' id='par_1_110' title="bbox 2007 4961 3583 5035">
     <span class='ocr_line' id='line_1_110' title="bbox 2007 4961 3583 5035; baseline -0.002 -14"><span class='ocrx_word' id='word_1_857' title='bbox 2007 4966 2179 5035; x_wconf 77' lang='lat' dir='ltr'><strong>diligit</strong></span> <span class='ocrx_word' id='word_1_858' title='bbox 2214 4963 2438 5017; x_wconf 89' lang='lat' dir='ltr'><strong>fratrem</strong></span> <span class='ocrx_word' id='word_1_859' title='bbox 2474 4976 2659 5023; x_wconf 90' lang='lat' dir='ltr'><strong>suum,</strong></span> <span class='ocrx_word' id='word_1_860' title='bbox 2697 4976 2806 5014; x_wconf 91' lang='lat' dir='ltr'><strong>nou</strong></span> <span class='ocrx_word' id='word_1_861' title='bbox 2837 4969 2922 5015; x_wconf 88' lang='lat' dir='ltr'><strong>est</strong></span> <span class='ocrx_word' id='word_1_862' title='bbox 2972 4975 3035 5016; x_wconf 81' lang='lat' dir='ltr'><strong>ex</strong></span> <span class='ocrx_word' id='word_1_863' title='bbox 3061 4961 3191 5016; x_wconf 88' lang='lat' dir='ltr'><strong>Deo.</strong></span> <span class='ocrx_word' id='word_1_864' title='bbox 3232 4980 3251 5014; x_wconf 80' lang='grc' dir='ltr'><strong>ι</strong></span> <span class='ocrx_word' id='word_1_865' title='bbox 3290 4962 3420 5017; x_wconf 66' lang='lat' dir='ltr'><strong>Nam</strong></span> <span class='ocrx_word' id='word_1_866' title='bbox 3453 4979 3583 5018; x_wconf 89' lang='lat' dir='ltr'><strong>con-</strong></span> 
     </span>
    </p>
   </div>
   <div class='ocr_carea' id='block_1_111' title="bbox 2009 5053 3582 5121">
    <p class='ocr_par' dir='ltr' id='par_1_111' title="bbox 2009 5053 3582 5121">
     <span class='ocr_line' id='line_1_111' title="bbox 2009 5053 3582 5121; baseline -0.001 -10"><span class='ocrx_word' id='word_1_867' title='bbox 2009 5066 2093 5111; x_wconf 89' lang='lat' dir='ltr'><strong>tra</strong></span> <span class='ocrx_word' id='word_1_868' title='bbox 2126 5057 2228 5109; x_wconf 91' lang='lat' dir='ltr'><strong>hoc</strong></span> <span class='ocrx_word' id='word_1_869' title='bbox 2259 5054 2422 5107; x_wconf 87' lang='lat' dir='ltr'><strong>etiam</strong></span> <span class='ocrx_word' id='word_1_870' title='bbox 2457 5053 2761 5106; x_wconf 88' lang='lat' dir='ltr'><strong>membrum</strong></span> <span class='ocrx_word' id='word_1_871' title='bbox 2797 5055 3032 5121; x_wconf 89' lang='lat' dir='ltr'><strong>positum</strong></span> <span class='ocrx_word' id='word_1_872' title='bbox 3070 5061 3156 5108; x_wconf 87' lang='lat' dir='ltr'><strong>est</strong></span> <span class='ocrx_word' id='word_1_873' title='bbox 3189 5072 3201 5106; x_wconf 91' lang='lat'><strong>:</strong></span> <span class='ocrx_word' id='word_1_874' title='bbox 3233 5053 3351 5108; x_wconf 87' lang='lat' dir='ltr'><strong>Non</strong></span> <span class='ocrx_word' id='word_1_875' title='bbox 3389 5065 3470 5109; x_wconf 88' lang='lat' dir='ltr'><strong>est</strong></span> <span class='ocrx_word' id='word_1_876' title='bbox 3515 5070 3582 5109; x_wconf 76' lang='lat' dir='ltr'><strong>ex</strong></span> 
     </span>
    </p>
   </div>
   <div class='ocr_carea' id='block_1_112' title="bbox 2006 5142 3583 5215">
    <p class='ocr_par' dir='ltr' id='par_1_112' title="bbox 2006 5142 3583 5215">
     <span class='ocr_line' id='line_1_112' title="bbox 2006 5142 3583 5215; baseline -0.003 -13"><span class='ocrx_word' id='word_1_877' title='bbox 2006 5148 2140 5209; x_wconf 88' lang='lat' dir='ltr'><strong>Deo,</strong></span> <span class='ocrx_word' id='word_1_878' title='bbox 2205 5147 2308 5199; x_wconf 86' lang='lat' dir='ltr'><strong>hoc</strong></span> <span class='ocrx_word' id='word_1_879' title='bbox 2340 5145 2528 5200; x_wconf 89' lang='lat' dir='ltr'><strong>dicens</strong></span> <span class='ocrx_word' id='word_1_880' title='bbox 2562 5161 2577 5198; x_wconf 87' lang='lat'>:</span> <span class='ocrx_word' id='word_1_881' title='bbox 2607 5142 2875 5209; x_wconf 86' lang='lat' dir='ltr'><strong>Quoniam</strong></span> <span class='ocrx_word' id='word_1_882' title='bbox 2907 5144 2951 5197; x_wconf 91' lang='lat' dir='ltr'><strong>si</strong></span> <span class='ocrx_word' id='word_1_883' title='bbox 3005 5144 3051 5198; x_wconf 91' lang='lat' dir='ltr'><strong>is</strong></span> <span class='ocrx_word' id='word_1_884' title='bbox 3089 5144 3181 5214; x_wconf 92' lang='lat' dir='ltr'><strong>qui</strong></span> <span class='ocrx_word' id='word_1_885' title='bbox 3233 5145 3362 5201; x_wconf 81' lang='lat' dir='ltr'><strong>facit</strong></span> <span class='ocrx_word' id='word_1_886' title='bbox 3422 5147 3583 5215; x_wconf 57' lang='lat' dir='ltr'><strong>justi.</strong></span> 
     </span>
    </p>
   </div>
   <div class='ocr_carea' id='block_1_113' title="bbox 2006 5238 3580 5307">
    <p class='ocr_par' dir='ltr' id='par_1_113' title="bbox 2006 5238 3580 5307">
     <span class='ocr_line' id='line_1_113' title="bbox 2006 5238 3580 5307; baseline 0 -13"><span class='ocrx_word' id='word_1_887' title='bbox 2006 5241 2161 5302; x_wconf 80' lang='lat' dir='ltr'><strong>tiam,</strong></span> <span class='ocrx_word' id='word_1_888' title='bbox 2197 5254 2261 5292; x_wconf 77' lang='lat' dir='ltr'><strong>ex</strong></span> <span class='ocrx_word' id='word_1_889' title='bbox 2296 5238 2410 5292; x_wconf 89' lang='lat' dir='ltr'><strong>Deo</strong></span> <span class='ocrx_word' id='word_1_890' title='bbox 2446 5246 2607 5290; x_wconf 88' lang='lat' dir='ltr'><strong>natus</strong></span> <span class='ocrx_word' id='word_1_891' title='bbox 2636 5245 2739 5301; x_wconf 88' lang='lat' dir='ltr'><strong>est,</strong></span> <span class='ocrx_word' id='word_1_892' title='bbox 2762 5240 3010 5307; x_wconf 89' lang='lat' dir='ltr'><strong>sequitur</strong></span> <span class='ocrx_word' id='word_1_893' title='bbox 3034 5248 3092 5293; x_wconf 90' lang='lat' dir='ltr'><strong>ut</strong></span> <span class='ocrx_word' id='word_1_894' title='bbox 3123 5240 3168 5293; x_wconf 94' lang='lat' dir='ltr'><strong>is</strong></span> <span class='ocrx_word' id='word_1_895' title='bbox 3196 5240 3285 5307; x_wconf 82' lang='lat' dir='ltr'><strong>qui</strong></span> <span class='ocrx_word' id='word_1_896' title='bbox 3318 5239 3386 5292; x_wconf 89' lang='lat' dir='ltr'><strong>ita</strong></span> <span class='ocrx_word' id='word_1_897' title='bbox 3420 5248 3580 5294; x_wconf 82' lang='lat' dir='ltr'><strong>natus</strong></span> 
     </span>
    </p>
   </div>
   <div class='ocr_carea' id='block_1_114' title="bbox 2004 5329 3578 5398">
    <p class='ocr_par' dir='ltr' id='par_1_114' title="bbox 2004 5329 3578 5398">
     <span class='ocr_line' id='line_1_114' title="bbox 2004 5329 3578 5398; baseline -0.001 -13"><span class='ocrx_word' id='word_1_898' title='bbox 2004 5339 2089 5385; x_wconf 87' lang='lat' dir='ltr'><strong>est</strong></span> <span class='ocrx_word' id='word_1_899' title='bbox 2128 5330 2315 5397; x_wconf 79' lang='lat' dir='ltr'><strong>diligat</strong></span> <span class='ocrx_word' id='word_1_900' title='bbox 2352 5332 2546 5384; x_wconf 87' lang='lat' dir='ltr'><strong>fratres</strong></span> <span class='ocrx_word' id='word_1_901' title='bbox 2600 5345 2613 5382; x_wconf 92' lang='lat'><strong>:</strong></span> <span class='ocrx_word' id='word_1_902' title='bbox 2653 5329 2745 5398; x_wconf 91' lang='lat' dir='ltr'><strong>qui</strong></span> <span class='ocrx_word' id='word_1_903' title='bbox 2781 5344 2911 5383; x_wconf 79' lang='lat' dir='ltr'><strong>vero</strong></span> <span class='ocrx_word' id='word_1_904' title='bbox 2964 5345 3067 5382; x_wconf 85' lang='lat' dir='ltr'><strong>non</strong></span> <span class='ocrx_word' id='word_1_905' title='bbox 3119 5329 3249 5383; x_wconf 89' lang='lat' dir='ltr'><strong>facit</strong></span> <span class='ocrx_word' id='word_1_906' title='bbox 3286 5330 3578 5398; x_wconf 84' lang='lat' dir='ltr'><strong>justitiam,</strong></span> 
     </span>
    </p>
   </div>
   <div class='ocr_carea' id='block_1_115' title="bbox 2003 5420 3577 5491">
    <p class='ocr_par' dir='ltr' id='par_1_115' title="bbox 2003 5420 3577 5491">
     <span class='ocr_line' id='line_1_115' title="bbox 2003 5420 3577 5491; baseline -0.001 -13"><span class='ocrx_word' id='word_1_907' title='bbox 2003 5439 2070 5478; x_wconf 88' lang='lat' dir='ltr'><strong>eo</strong></span> <span class='ocrx_word' id='word_1_908' title='bbox 2129 5422 2276 5491; x_wconf 66' lang='lat' dir='ltr'><strong>quini</strong></span> <span class='ocrx_word' id='word_1_909' title='bbox 2335 5437 2447 5476; x_wconf 90' lang='lat' dir='ltr'><strong>non</strong></span> <span class='ocrx_word' id='word_1_910' title='bbox 2505 5420 2668 5476; x_wconf 90' lang='lat' dir='ltr'><strong>faciat</strong></span> <span class='ocrx_word' id='word_1_911' title='bbox 2728 5436 2847 5476; x_wconf 89' lang='lat' dir='ltr'><strong>eam</strong></span> <span class='ocrx_word' id='word_1_912' title='bbox 2907 5422 3141 5476; x_wconf 85' lang='lat' dir='ltr'><strong>odieudo</strong></span> <span class='ocrx_word' id='word_1_913' title='bbox 3183 5422 3375 5475; x_wconf 79' lang='lat' dir='ltr'><strong>fratres</strong></span> <span class='ocrx_word' id='word_1_914' title='bbox 3427 5437 3577 5485; x_wconf 86' lang='lat' dir='ltr'><strong>suos.</strong></span> 
     </span>
    </p>
   </div>
   <div class='ocr_carea' id='block_1_116' title="bbox 2009 5514 3580 5583">
    <p class='ocr_par' dir='ltr' id='par_1_116' title="bbox 2009 5514 3580 5583">
     <span class='ocr_line' id='line_1_116' title="bbox 2009 5514 3580 5583; baseline 0.001 -16"><span class='ocrx_word' id='word_1_915' title='bbox 2009 5523 2223 5570; x_wconf 85' lang='lat' dir='ltr'><strong>nonest</strong></span> <span class='ocrx_word' id='word_1_916' title='bbox 2249 5529 2315 5568; x_wconf 83' lang='lat' dir='ltr'><strong>ex</strong></span> <span class='ocrx_word' id='word_1_917' title='bbox 2348 5514 2476 5578; x_wconf 90' lang='lat' dir='ltr'><strong>Deo,</strong></span> <span class='ocrx_word' id='word_1_918' title='bbox 2510 5529 2617 5569; x_wconf 92' lang='lat' dir='ltr'><strong>non</strong></span> <span class='ocrx_word' id='word_1_919' title='bbox 2649 5515 2801 5583; x_wconf 74' lang='lat' dir='ltr'><strong>juxta</strong></span> <span class='ocrx_word' id='word_1_920' title='bbox 2835 5515 2997 5567; x_wconf 91' lang='lat' dir='ltr'><strong>alium</strong></span> <span class='ocrx_word' id='word_1_921' title='bbox 3024 5514 3244 5567; x_wconf 89' lang='lat' dir='ltr'><strong>modum</strong></span> <span class='ocrx_word' id='word_1_922' title='bbox 3303 5514 3403 5568; x_wconf 89' lang='lat' dir='ltr'><strong>nisi</strong></span> <span class='ocrx_word' id='word_1_923' title='bbox 3435 5520 3580 5583; x_wconf 75' lang='lat' dir='ltr'><strong>quod</strong></span> 
     </span>
    </p>
   </div>
   <div class='ocr_carea' id='block_1_117' title="bbox 2013 5603 3581 5676">
    <p class='ocr_par' dir='ltr' id='par_1_117' title="bbox 2013 5603 3581 5676">
     <span class='ocr_line' id='line_1_117' title="bbox 2013 5603 3581 5676; baseline -0.001 -17"><span class='ocrx_word' id='word_1_924' title='bbox 2013 5621 2127 5659; x_wconf 92' lang='lat' dir='ltr'><strong>non</strong></span> <span class='ocrx_word' id='word_1_925' title='bbox 2165 5616 2326 5659; x_wconf 83' lang='lat' dir='ltr'><strong>natus</strong></span> <span class='ocrx_word' id='word_1_926' title='bbox 2356 5605 2428 5660; x_wconf 91' lang='lat' dir='ltr'><strong>sit</strong></span> <span class='ocrx_word' id='word_1_927' title='bbox 2455 5620 2524 5661; x_wconf 77' lang='lat' dir='ltr'><strong>ex</strong></span> <span class='ocrx_word' id='word_1_928' title='bbox 2553 5621 2642 5661; x_wconf 93' lang='lat' dir='ltr'><strong>co.</strong></span> <span class='ocrx_word' id='word_1_929' title='bbox 2674 5605 2739 5659; x_wconf 83' lang='lat' dir='ltr'><strong>Et</strong></span> <span class='ocrx_word' id='word_1_930' title='bbox 2763 5604 3034 5676; x_wconf 92' lang='lat' dir='ltr'><strong>quomodo</strong></span> <span class='ocrx_word' id='word_1_931' title='bbox 3064 5619 3172 5658; x_wconf 91' lang='lat' dir='ltr'><strong>non</strong></span> <span class='ocrx_word' id='word_1_932' title='bbox 3202 5603 3271 5658; x_wconf 84' lang='lat' dir='ltr'><strong>sit</strong></span> <span class='ocrx_word' id='word_1_933' title='bbox 3311 5619 3374 5657; x_wconf 82' lang='lat' dir='ltr'><strong>ex</strong></span> <span class='ocrx_word' id='word_1_934' title='bbox 3401 5620 3463 5658; x_wconf 86' lang='lat' dir='ltr'><strong>eo</strong></span> <span class='ocrx_word' id='word_1_935' title='bbox 3490 5620 3581 5659; x_wconf 89' lang='lat' dir='ltr'><strong>os-</strong></span> 
     </span>
    </p>
   </div>
   <div class='ocr_carea' id='block_1_118' title="bbox 431 5774 3467 5855">
    <p class='ocr_par' dir='ltr' id='par_1_118' title="bbox 431 5774 3467 5855">
     <span class='ocr_line' id='line_1_118' title="bbox 431 5774 3467 5855; baseline 0.005 -28"><span class='ocrx_word' id='word_1_936' title='bbox 431 5774 473 5806; x_wconf 82' lang='lat'><strong>&quot;</strong></span> <span class='ocrx_word' id='word_1_937' title='bbox 514 5774 652 5831; x_wconf 83' lang='lat' dir='ltr'><strong>Gen.</strong></span> <span class='ocrx_word' id='word_1_938' title='bbox 679 5794 814 5845; x_wconf 75' lang='lat' dir='ltr'><strong>nn,</strong></span> <span class='ocrx_word' id='word_1_939' title='bbox 848 5777 944 5845; x_wconf 74' lang='lat'><strong>18;</strong></span> <span class='ocrx_word' id='word_1_940' title='bbox 978 5778 1094 5836; x_wconf 85' lang='lat' dir='ltr'><strong>Gal.</strong></span> <span class='ocrx_word' id='word_1_941' title='bbox 1124 5798 1205 5847; x_wconf 77' lang='lat' dir='ltr'><strong>tu,</strong></span> <span class='ocrx_word' id='word_1_942' title='bbox 1228 5782 1281 5838; x_wconf 89' lang='lat'><strong>9.</strong></span> <span class='ocrx_word' id='word_1_943' title='bbox 1358 5784 1404 5816; x_wconf 81' lang='lat'>&quot;</span> <span class='ocrx_word' id='word_1_944' title='bbox 1428 5784 1626 5855; x_wconf 79' lang='lat' dir='ltr'><strong>Ephcs.</strong></span> <span class='ocrx_word' id='word_1_945' title='bbox 1653 5799 1713 5838; x_wconf 89' lang='grc' dir='ltr'><strong>ιι.</strong></span> <span class='ocrx_word' id='word_1_946' title='bbox 1787 5785 1831 5817; x_wconf 75' lang='grc' dir='ltr'><strong>τ’</strong></span> <span class='ocrx_word' id='word_1_947' title='bbox 1854 5783 2009 5839; x_wconf 73' lang='lat' dir='ltr'><strong>Rom.</strong></span> <span class='ocrx_word' id='word_1_948' title='bbox 2053 5801 2170 5850; x_wconf 67' lang='lat' dir='ltr'><strong>rm,</strong></span> <span class='ocrx_word' id='word_1_949' title='bbox 2202 5783 2294 5839; x_wconf 76' lang='lat'><strong>28.</strong></span> <span class='ocrx_word' id='word_1_950' title='bbox 2368 5784 2413 5817; x_wconf 83' lang='grc'><strong><em>⁸⁸</em></strong></span> <span class='ocrx_word' id='word_1_951' title='bbox 2444 5784 2588 5845; x_wconf 82' lang='lat' dir='ltr'><strong>Psal.</strong></span> <span class='ocrx_word' id='word_1_952' title='bbox 2618 5799 2748 5850; x_wconf 67' lang='lat' dir='ltr'><strong>Lt&#39;zl,</strong></span> <span class='ocrx_word' id='word_1_953' title='bbox 2772 5783 2821 5837; x_wconf 72' lang='grc'>4.</span> <span class='ocrx_word' id='word_1_954' title='bbox 2901 5785 2940 5816; x_wconf 81' lang='grc'><strong>⁸¹</strong></span> <span class='ocrx_word' id='word_1_955' title='bbox 2991 5783 3148 5839; x_wconf 81' lang='lat' dir='ltr'><strong>Rom.</strong></span> <span class='ocrx_word' id='word_1_956' title='bbox 3208 5800 3325 5852; x_wconf 75' lang='lat' dir='ltr'><strong>xm,</strong></span> <span class='ocrx_word' id='word_1_957' title='bbox 3381 5784 3467 5841; x_wconf 77' lang='lat' dir='ltr'><strong>l0.</strong></span> 
     </span>
    </p>
   </div>
  </div>
