3986 6548
466 385 550 446 ἱ55
1516 385 1913 446 (ECUMEN'iI
1947 386 2242 447 TlllCCE
2286 376 2625 446 EPISCOPI

3589 375 3699 446 lii-=3

450 497 644 563 tendit,
679 496 916 553 dicens:
983 515 1000 548 ι
1038 495 1308 563 Quoniam
1370 498 1489 552 haec
1541 507 1626 553 est
1684 500 2024 554 annuuliatic

2135 501 2198 567 ἣν
2238 499 2509 570 ἠκούσατε
2548 498 2644 553 ἀπ’
2683 497 2878 569 ἀρχῆς.
2918 517 2935 549 ι
2980 497 3074 561 Τίς
3103 496 3160 550 δὲ
3209 498 3241 566 ἡ
3295 497 3525 565 ἀγγελία
3572 501 3710 571 αὕτη

440 605 602 661 quam
633 588 863 645 attdistis
879 588 947 644 ab
979 589 1135 643 initio
1155 589 1224 644 ".
1265 608 1284 641 ι
1329 586 1460 655 Qua:
1484 590 1554 645 sit
1583 598 1765 645 autem
1791 591 1909 645 hazc
1933 606 2032 644 an-

439 682 732 747 nuntiatio,
753 682 862 752 jam
893 680 1151 745 diximus,
1187 679 1332 751 quod
1363 689 1419 736 et
1460 680 1785 737 naturaliter
1806 690 2028 752 accepta

439 784 495 831 et
526 791 627 847 per
654 775 961 830 doctrinam
991 792 1005 839 ;
1040 774 1134 829 sed
1160 782 1216 829 et
1258 774 1416 846 legali
1457 784 1732 845 prsecepto
1781 775 1849 830 de
1913 775 2031 831 dili-

449 869 629 941 gendo
654 868 931 939 proximo,
986 867 1196 921 Domini
1226 882 1442 937 quoque
1469 877 1740 939 przecepto
1770 869 1984 923 dicente
2011 885 2023 920 :

457 980 474 1013 ι
508 962 846 1030 Pra-ccptum
882 973 1084 1013 novum
1114 959 1183 1012 do
1207 958 1383 1023 vobis,
1407 968 1468 1013 ut
1499 958 1736 1031 diligatis
1763 975 1861 1016 vos
1885 960 2028 1013 invi-

437 1067 557 1109 crm
584 1053 683 1106 ⁸⁸.»
716 1049 981 1105 [διεξίοι-εει
1010 1051 1169 1104 etiam
1188 1051 1435 1106 naturale
1458 1036 1786 1122 praeceptum
1813 1066 1937 1123 (rga
1964 1067 2028 1106 ea

442 1165 565 1219 qum
594 1148 837 1220 ejusdem
868 1146 1034 1201 sortis
1065 1154 1121 1201 et
1175 1146 1512 1201 conditionis
1555 1156 1703 1214 sunt,
1769 1149 1913 1217 cogit
1956 1149 2024 1203 ad

438 1242 541 1295 hoc
572 1240 904 1295 faciendum.
935 1237 1202 1305 Quoniam
1231 1238 1393 1310 igitur
1446 1247 1528 1294 tot
1592 1254 1654 1294 ac
1711 1241 1835 1294 talia
1895 1250 2022 1295 sunt

434 1342 705 1401 prtecepta
736 1330 1029 1384 assertioni
1058 1329 1271 1383 Domini
1304 1329 1631 1395 conformia,
1663 1331 1754 1400 qui
1804 1346 2016 1385 sermo-

433 1439 559 1476 nem
592 1422 710 1491 ejus
750 1429 935 1477 servat
960 1429 1015 1475 et
1047 1419 1175 1474 facit
1209 1421 1408 1491 ipsum,
1445 1421 1608 1475 habet
1646 1422 1810 1476 vitam
1850 1432 2013 1477 mter-

432 1529 581 1578 nam,
621 1523 674 1569 et
700 1512 954 1569 transivit
978 1527 1042 1567 ex
1072 1522 1244 1567 morte
1276 1512 1343 1567 ad
1369 1514 1539 1566 vitam
1568 1512 1633 1567 “.

506 1606 668 1678 583
722 1604 1023 1676 PrOpterca
1082 1622 1212 1676 ergo
1266 1606 1554 1676 diligamus
1605 1607 1822 1670 fratres,
1890 1608 2024 1661 nihil

435 1696 753 1751 nocumenti
795 1706 1078 1752 sumentes
1107 1697 1174 1750 ad
1198 1696 1606 1755 aemulandum:
1639 1705 1787 1765 puta,
1817 1697 1859 1750 si
1900 1697 2023 1751 odio

437 1790 736 1844 habeantur
764 1805 792 1844 a
825 1790 1182 1855 mundo,non
1206 1803 1421 1858 quoquc
1443 1786 1569 1842 odio
1591 1788 1890 1844 habeamus
1908 1788 2022 1844 fra-

435 1892 577 1936 tres:
618 1880 715 1935 sed
739 1880 952 1935 Domini
983 1894 1166 1935 sermo
1211 1879 1281 1933 sit
1308 1880 1361 1933 in
1387 1878 1545 1934 nobis
1565 1878 1853 1935 efﬁcacior.
1888 1880 2021 1935 Nam

434 1973 524 2042 qui
582 1972 781 2027 fratres
820 1987 948 2027 suos
1003 1972 1141 2037 odit,
1173 1987 1282 2025 non
1335 1972 1510 2025 solum
1565 1971 1631 2026 ah
1663 1981 1867 2026 mtcrna
1915 1973 2022 2027 vita

437 2067 709 2136 proiectus
739 2075 823 2120 est
847 2106 860 2129 ,
929 2064 1025 2119 sed
1057 2064 1221 2117 etiam
1257 2062 1525 2117 homicida
1557 2071 1662 2117 cst.
1700 2060 2023 2119 Necessario

434 2158 579 2212 enim
634 2156 911 2225 sequitur,
954 2155 999 2208 si
1070 2153 1341 2208 homicida
1379 2160 1480 2218 est,
1517 2153 1663 2222 quod
1699 2169 1802 2208 nec
1858 2154 2022 2209 \itatn

435 2258 696 2304 aeternam
732 2248 948 2302 habeat.
982 2247 1172 2302 Videte
1203 2260 1438 2315 namque
1478 2244 1635 2310 Cain,
1671 2244 1866 2315 inquit,
1895 2262 2025 2316 quo-

437 2332 581 2396 niam
611 2352 666 2396 et
697 2342 815 2412 ipse
871 2355 996 2395 cum
1043 2339 1171 2395 odio
1218 2337 1503 2394 habuisset
1531 2337 1776 2404 fratrem,
1823 2339 2023 2392 occidit

434 2435 633 2504 ipsum,
653 2450 966 2505 quanquam
995 2433 1163 2488 frater
1192 2441 1359 2488 esset.
1391 2430 1499 2487 Sed
1530 2432 1657 2503 quia
1685 2447 1851 2502 opera
1882 2431 2020 2485 mala

433 2527 668 2592 habens,
702 2527 844 2581 filius
874 2535 992 2581 erat
1017 2525 1217 2581 diaboli
1250 2543 1263 2579 :
1289 2526 1424 2580 Abel
1455 2541 1586 2581 vero
1614 2525 1762 2596 iusta
1789 2540 2023 2594 operan-

433 2621 526 2687 do,
563 2618 705 2674 filius
727 2619 820 2674 Dei
852 2619 1269 2689 appellabatur:
1301 2618 1596 2689 opponitur
1622 2630 1803 2673 autem
1829 2617 2019 2672 diabo—

435 2715 518 2769 lus
551 2712 685 2777 Deo,
725 2722 780 2767 et
808 2712 950 2766 mala
1005 2727 1170 2783 opera
1213 2711 1404 2766 bonis:
1439 2719 1731 2782 propterea
1780 2720 1837 2766 et
1888 2711 2022 2766 Cain

434 2821 560 2861 cum
623 2805 937 2860 contrarius
1006 2814 1150 2859 esset
1216 2802 1390 2869 fratri,
1441 2802 1641 2858 occidit
1694 2803 1894 2873 ipsum.
1946 2800 2022 2856 lta

432 2898 654 2967 quidem
684 2907 799 2951 erat
832 2910 1177 2965 consequens
1199 2894 1470 2951 sermonis
1514 2895 1800 2958 decursus,
1834 2910 2022 2949 verum

435 2989 626 3044 beatus
656 2987 897 3043 Joannes
927 2987 1180 3041 ordinem
1215 2985 1561 3052 immutavit,
1594 2986 1841 3040 serviens
1876 3002 2023 3041 scm-

433 3098 530 3153 per
554 3082 603 3136 ei
629 3081 776 3153 quod
797 3082 968 3149 magis
983 3081 1230 3152 urgebat.
1257 3080 1535 3151 Siquidem
1558 3081 1788 3150 urgebat
1818 3082 2023 3152 ipsum,

433 3176 560 3245 quia
590 3175 792 3231 diaboli
852 3175 1189 3230 mentionem
1248 3173 1473 3238 fecerat,
1520 3183 1572 3228 et
1606 3188 1796 3229 eorum
1827 3175 1922 3244 qui
1952 3174 2023 3229 ob

2131 590 2232 660 ἤδη
2280 590 2606 659 εἰρήκαμεν,
2639 587 2721 640 ὅτι
2754 588 2848 639 καὶ
2880 587 3086 658 φυσικὴ
3142 585 3237 639 καὶ
3279 584 3538 658 διδακτή’
3577 589 3713 642 ἀλλα

2128 684 2222 735 καὶ
2257 683 2399 753 μετά
2425 682 2525 751 τῆς
2547 679 2782 751 νομικῆς
2813 678 3033 750 ἐντολῆς
3058 679 3157 750 τῆς
3196 682 3325 751 περὶ
3363 679 3458 733 τοῦ
3490 684 3714 754 ἀγαπᾷ)

2130 774 2222 827 τὸν
2252 774 2503 845 πλησίον,
2533 774 2627 827 καὶ
2644 776 2743 845 τῆς
2764 772 2861 825 τοῦ
2884 772 3095 843 Κυρίου
3117 772 3215 843 τῆς
3231 772 3523 844 λεγούσης,
3550 793 3570 826 ι
3595 775 3717 828 Ἐν-

2124 867 2286 938 τολὴν
2313 865 2505 937 καινὴν
2538 865 2730 935 δίδωμι
2766 864 2919 935 ὑμῖν,
2958 865 3045 917 ἵνα
3074 867 3327 933 ἀγαπᾶτε
3355 864 3621 936 ἀλλήλους
3641 880 3657 896 ·
3690 885 3711 919 ι

2131 958 2211 1011 ἔτι
2239 958 2333 1011 καὶ
2358 958 2392 1027 ἠ
2431 959 2561 1029 πρὸς
2592 958 2653 1011 τὸ
2680 957 2942 1025 ὁμογενὲς
2970 958 3198 1026 φυσικὴ,
3235 957 3397 1010 τοῦτο
3426 975 3716 1025 καταναγ-

2130 1052 2404 1115 καστικῶς
2440 1052 2702 1122 πράττειν
2736 1051 2942 1120 ἐνάγει.
2994 1050 3149 1104 Ἐπεὶ
3195 1045 3291 1103 οὖν
3340 1049 3588 1103 τοιαῦται
3619 1051 3720 1102 καὶ

2124 1143 2382 1198 τοσαῦται
2413 1145 2470 1197 ai
2499 1144 2712 1198 ἐντολαὶ
2747 1144 2890 1198 κατά
2928 1144 3026 1215 τὴν
3067 1140 3162 1197 τοῦ
3204 1144 3413 1213 Κυρίου
3461 1143 3717 1211 ἀπόφαν-

2126 1254 2229 1303 σιν,
2265 1240 2292 1291 ὁ
2323 1237 2594 1300 τὸνλόγον
2624 1235 2791 1291 αὐτοῦ
2825 1237 3010 1308 τηρῶν
3047 1238 3142 1291 καὶ
3177 1236 3349 1289 ποιῶν
3377 1235 3563 1301 αὑτὸν,
3599 1234 3721 1304 ἔχει

2123 1330 2266 1402 ζωὴν
2290 1330 2505 1385 αίὼνιον
2552 1332 2645 1384 καὶ
2679 1329 3054 1401 μεταϐέϐηκεν
3083 1331 3147 1383 ὲκ
3175 1328 3271 1382 τοῦ
3327 1329 3562 1382 Θανάτου
3634 1331 3720 1391 είς

2123 1424 2221 1493 τὴν
2255 1423 2421 1495 ζωήν.

2202 1609 2301 1663 Διά
2332 1611 2508 1664 ταῦτα
2526 1612 2707 1665 τοίνυν
2737 1606 3048 1678 ἀγαπῶμεν
3076 1607 3203 1671 τοὺς
3223 1606 3513 1675 ἀδελφοὺς,
3551 1606 3727 1678 μηδὲν

2133 1701 2662 1773 παραϐλαπτόμενοι
2688 1702 2825 1774 πρὸς
2843 1701 3022 1770 ζῆλον,
3044 1700 3229 1770 φησὶν,
3250 1700 3297 1752 εί
3318 1700 3380 1752 ὲκ
3395 1697 3487 1752 τοῦ
3506 1700 3723 1769 κόσμου

2130 1794 2471 1865 μισούμεοα,
2510 1795 2596 1848 ἴνα
2636 1796 2731 1849 καὶ
2771 1795 2932 1865 ἡμεῖς
2987 1790 3236 1863 μισῶμεν
3274 1792 3399 1853 τοὺς
3429 1790 3722 1859 ἀδελφοὺς,

2126 1885 2243 1939 ἀλλ’
2269 1888 2296 1939 ὁ
2337 1885 2432 1938 τοῦ
2463 1885 2676 1955 Κυρίου
2705 1884 2860 1954 λόγος
2887 1884 3278 1955 ὲνεργὲστερος
3301 1881 3442 1934 ἔστω
3468 1882 3526 1934 ὲν
3560 1881 3720 1949 ἡμῖν.

2056 1949 2097 2004 Β
2137 1976 2197 2032 '0
2231 1978 2341 2048 γάρ
2369 1977 2497 2041 τοὺς
2520 1949 2788 2043 ἀδελφοὺς
2816 1949 2991 2029 αὐτοῦ.
3017 1949 3213 2043 μισῶν,
3265 1972 3401 2044 πρὸς
3440 1966 3522 2037 οἷς
3553 1972 3720 2026 ἐκϐέ-

2128 2071 2325 2142 ϐληται
2383 2073 2483 2140 τῆς
2529 2070 2752 2123 αίωνίου
2790 2069 2955 2139 ζωῆς,
3017 2069 3098 2121 ἐτι
3142 2068 3235 2120 καὶ
3271 2066 3726 2138 ἀνθρωποκτόνος

2127 2163 2297 2216 ἐστίν.
2327 2164 2560 2215 ’Ἐπεται
2593 2161 2702 2233 γὰρ
2730 2159 2807 2231 τῷ
2835 2158 3273 2231 ἀνθρωποκτόνῳ
3295 2158 3357 2212 τὸ
3390 2158 3527 2230 μηδὲ
3568 2159 3725 2227 ζωὴν

2128 2255 2345 2310 αἰώνιον
2380 2254 2543 2327 ἔχειν.
2581 2256 2775 2328 Ὁρᾶτε
2812 2253 2944 2325 γὰρ,
2982 2255 3139 2323 φησι,
3181 2252 3273 2305 τὸν
3305 2253 3467 2317 Κάἴν,
3507 2252 3593 2305 ὅτι
3624 2252 3727 2304 καὶ

2126 2350 2309 2414 αὐτὸς,
2336 2352 2575 2421 μισήσας
2600 2351 2691 2404 τὸν
2713 2348 2960 2418 ἀδελφὺν,
2989 2347 3308 2402 ἀπέκτεινεν
3329 2347 3492 2400 αὑτὸν
3514 2346 3609 2400 καί
3639 2361 3729 2400 τοι

2125 2460 2188 2511 γε
2224 2442 2451 2511 ἀδελφὸν
2482 2443 2634 2497 ὄντα.
2686 2442 2828 2495 Ἀλλ’
2869 2442 2991 2495 ἐπεὶ
3018 2442 3158 2512 ἔργα
3195 2439 3411 2511 πονηρά
3432 2439 3575 2510 ἔχων
3604 2441 3726 2501 υίῖις

2124 2525 2192 2601 ἦν
2219 2530 2313 2584 τοῦ
2365 2531 2640 2595 διαϐόλου,
2699 2533 2727 2584 ὁ
2780 2531 2835 2584 δὲ
2889 2531 3048 2584 Ἅϐελ
3110 2531 3296 2585 δίκαια
3350 2530 3728 2601 ἐργαζόμενος

2127 2622 2240 2684 υἱὸς
2272 2623 2612 2695 ἐχρημάτιζε
2636 2622 2792 2677 Θεοῦ.
2840 2623 3166 2678 Ἀντίκειται
3205 2623 3260 2676 δὲ
3291 2628 3386 2677 καὶ
3415 2626 3443 2676 ὁ
3471 2622 3728 2683 διάϐολος

2124 2713 2204 2785 τῷ
2239 2714 2377 2785 Θεῷ,
2411 2715 2507 2768 καὶ
2536 2715 2604 2768 τὰ
2629 2716 2842 2786 πονηρά
2864 2715 3002 2785 ἔργα
3029 2718 3142 2779 τοῖς
3172 2714 3420 2783 ἀγαθοῖς·
3444 2714 3531 2767 διὰ
3560 2713 3733 2766 τοῦτο

2128 2805 2223 2859 καὶ
2245 2806 2273 2858 ὁ
2296 2806 2436 2859 Κάἵν
2478 2804 2556 2876 τῷ
2583 2805 2798 2875 ἁδελφῴ
2842 2805 3217 2875 ἀντικείμενος
3246 2803 3573 2858 ἀπέκτεινεν
3616 2803 3690 2855 αὐ
3711 2830 3725 2842 -

2126 2898 2238 2951 τόν.
2276 2896 2434 2952 Οὕτω
2464 2898 2606 2951 κατὰ
2635 2898 2697 2950 τὸ
2745 2896 3037 2950 ἀκόλουθον
3068 2898 3101 2966 ἡ
3134 2893 3227 2948 τοῦ
3260 2895 3420 2963 λόγου
3462 2893 3726 2960 διέξοδος.

2140 2990 2199 3043 ὐ
2263 2991 2451 3062 μέντοι
2501 2990 2773 3061 μακάριος
2817 2989 3070 3057 Ἰωάννης
3104 2986 3362 3058 ἐνήλλαξε
3410 2986 3509 3057 τὴν
3539 2986 3724 3049 τάξιν,

2126 3080 2226 3135 τοῦ
2279 3080 2703 3146 κατεπείγοντος
2747 3080 2834 3133 ἀεὶ
2890 3079 3196 3147 γινόμενος.
3242 3077 3561 3146 Κατήπειγε
3612 3076 3731 3144 γὰρ

2129 3173 2315 3238 αὐτὸν,
2346 3174 2470 3227 ἐπεὶ
2489 3171 2586 3226 τοῦ
2611 3170 2859 3225 διαϐόλου
2895 3170 3165 3241 ἐμνήσθη,
3187 3171 3281 3223 καὶ
3311 3170 3419 3222 τῶν
3447 3169 3596 3238 αὐτῷ
3631 3170 3727 3221 διὰ

434 3280 630 3336 pravas
669 3265 916 3320 actiones
971 3264 1039 3320 ab
1096 3264 1188 3319 illo
1243 3265 1486 3335 adoptati
1531 3275 1708 3329 erant,
1753 3275 1812 3320 ut
1869 3266 2019 3320 illum

2130 3269 2373 3338 πονηρᾶς
2406 3265 2659 3337 πράξεως
2700 3262 3156 3334 υίοθετουμένων,
3189 3263 3279 3315 τὸν
3322 3261 3383 3330 ἐξ
3418 3264 3599 3332 ἀρχῆς
3631 3263 3728 3313 κό-

434 3361 491 3413 in
525 3357 838 3428 exemplum
894 3364 1232 3426 proponeret
1259 3356 1350 3426 qui
1393 3358 1461 3410 ab
1518 3356 1672 3410 initio
1702 3357 1889 3412 mundi
1927 3373 2025 3428 per

433 3452 574 3505 mala
622 3465 787 3520 opera
843 3449 1065 3519 maligni
1126 3449 1272 3502 filius
1326 3450 1523 3503 evasit.
1578 3450 1879 3505 Absolutus
1924 3465 2024 3503 au-

433 3551 544 3596 tem
591 3556 621 3593 a
678 3538 813 3593 Cain
883 3547 940 3592 et
966 3538 1045 3591 eis
1076 3538 1169 3607 qui
1234 3538 1380 3592 hunc
1440 3537 1721 3593 imitantes
1770 3538 2021 3594 eamdem

433 3650 558 3689 cum
584 3631 701 3703 ipso
720 3630 996 3700 accipiunt
1021 3628 1415 3694 baereditatem,
1442 3645 1658 3683 rursum
1690 3629 1756 3684 ad
1775 3629 2027 3705 dilectio:

435 3740 565 3779 nem
591 3724 854 3788 recurrit,
884 3722 1186 3776 ostendens
1220 3729 1423 3791 quanta
1449 3721 1591 3776 bona
1609 3736 1673 3776 ex
1708 3722 1822 3791 ipsa
1844 3722 2024 3777 conti-

435 3817 655 3889 gerint:
688 3824 742 3870 et
780 3815 911 3870 dicit
950 3815 1097 3885 quod
1130 3814 1352 3869 dilectio
1400 3815 1671 3885 persuasit
1706 3814 1937 3869 Domino
1966 3823 2025 3869 ut

437 3925 534 3979 pro
560 3908 717 3964 nobis
732 3908 971 3961 animam
993 3924 1148 3961 suam
1175 3915 1424 3978 poneret,
1452 3918 1505 3962 et
1530 3907 1674 3977 quod
1702 3907 1806 3961 hoc
1834 3922 2022 3962 exem-

436 4002 525 4071 plo
587 4000 820 4072 permoti
869 4001 1135 4055 debemus
1176 4008 1233 4053 et
1294 4013 1397 4053 nos
1449 4014 1553 4069 pro
1592 3998 1858 4053 fratribus
1897 3998 2018 4052 ani-

437 4108 579 4147 mam
604 4108 827 4163 ponere.
859 4091 924 4145 Et
949 4091 1206 4161 quoniam
1235 4089 1288 4145 id
1312 4106 1496 4145 rarum
1519 4099 1603 4145 est
1627 4099 1680 4145 et
1708 4090 1853 4162 apud
1882 4104 2023 4160 pau-

435 4202 551 4253 cos,
582 4186 748 4241 veluti
779 4187 1122 4241 exhortando
1169 4185 1340 4255 ipsos,
1380 4200 1411 4240 a
1439 4185 1810 4240 mediocribus
1856 4185 2022 4240 rebus

441 4278 632 4348 incipit
661 4277 1095 4332 admonitionem
1129 4276 1388 4332 fraternae
1408 4276 1694 4331 cbaritatis
1722 4277 1918 4342 facere,
1949 4277 2022 4332 ita

437 4368 841 4439 quodammodo
877 4381 1187 4421 sermonem
1206 4365 1554 4435 disponens:
1591 4366 1732 4432 Quid
1760 4366 1884 4422 dico
1921 4381 2023 4436 pro

436 4460 702 4515 fratribus
735 4458 947 4513 animas
975 4457 1225 4526 ponere?
1248 4456 1467 4526 quando
1504 4456 1754 4512 videmus
1783 4457 2022 4511 nonnul-

436 4550 519 4605 los
553 4563 622 4603 ne
651 4547 1025 4603 necessarium
1056 4546 1278 4616 quidem
1320 4561 1487 4603 nsunt
1516 4547 1777 4602 fratribus
1811 4547 2023 4603 subrui-

2132 3375 2273 3428 σμου
2323 3359 2412 3413 διὰ
2446 3358 2557 3412 τῶν
2589 3356 2845 3428 πονηρῶν
2892 3357 3072 3426 ἔργων
3114 3358 3195 3419 είς
3243 3355 3434 3408 τέκνον
3481 3354 3730 3425 ἀποδρα-

2132 3454 2302 3521 μόντα
2324 3452 2417 3505 τοῦ
2443 3451 2708 3522 πονηροῦ,
2735 3452 3086 3523 παράδειγμα
3112 3448 3500 3521 προϐαλέσθαι.
3522 3448 3725 3519 Ἀπηλ-

2127 3544 2403 3615 λαγμένος
2434 3545 2490 3599 δὲ
2528 3544 2621 3599 τοῦ
2650 3546 2813 3609 Kal"),
2851 3546 2945 3597 καὶ
2975 3543 3084 3598 τῶν
3114 3544 3164 3598 οἳ
3204 3543 3394 3596 τοῦτον
3429 3540 3725 3611 ζηλοῦντες

2128 3636 2487 3708 κληρονομεῖν
2521 3638 2728 3709 ἔχουσι,
2773 3638 2935 3692 πάλιν
2970 3638 3263 3709 ἀνατρέχει
3304 3637 3398 3690 ἐπὶ
3435 3637 3538 3705 τὴν
3573 3636 3723 3703 ἀγάτ

2130 3748 2260 3801 πην,
2315 3732 2409 3784 καὶ
2458 3732 2558 3785 ὅσα
2609 3733 2672 3784 ἐκ
2717 3724 2923 3801 rati-ri}:
2970 3729 3320 3800 συμϐέϐηκεν
3368 3727 3575 3797 ἀγαθά,
3630 3728 3727 3782 καί

2128 3839 2315 3892 φησιν,
2363 3822 2446 3875 ὅτι
2487 3826 2517 3889 ἡ
2556 3823 2748 3893 ἀγάπη
2783 3822 2925 3893 ὑπὲρ
2954 3822 3111 3893 ἡμῶν
3137 3821 3323 3875 ἔπεισε
3368 3820 3462 3874 τδν
3511 3820 3724 3891 Κύριον

2133 3916 2233 3987 τὴν
2261 3918 2444 3990 ψυχὴν
2477 3918 2645 3972 αὐτοῦ
2684 3918 2879 3983 θεῖναι,
2907 3919 3001 3972 καὶ
3026 3918 3108 3972 ὅτι
3137 3920 3205 3972 ἐκ
3227 3916 3417 3971 τούτου
3457 3916 3555 3969 τοῦ
3586 3916 3734 3969 {mea

2125 4010 2440 4081 δείγματος,
2489 4011 2779 4082 ὀφείλομεν
2802 4013 2896 4066 καὶ
2933 4014 3094 4082 ἡμεῖς
3134 4010 3279 4082 ὑπὲρ
3321 4010 3435 4063 τῶν
3470 4008 3724 4077 ἀδελφῶν

2125 4100 2225 4171 τὴν
2259 4099 2440 4172 ψυχὴν
2489 4103 2718 4158 τιθέναι.
2755 4103 2866 4156 Καὶ
2918 4102 3106 4173 ἐπειδὴ
3137 4101 3373 4156 σπάνιον
3414 4099 3580 4153 τοῦτο
3626 4100 3721 4150 καὶ

2128 4193 2260 4265 παρ’
2319 4193 2547 4262 ὀλίγοις,
2591 4194 2783 4266 ὥσπερ
2837 4195 3120 4266 ἐντρέπων
3179 4196 3398 4258 αὐτοὺς,
3448 4194 3560 4245 ἀπὸ
3611 4189 3729 4245 τῶν

2131 4287 2515 4359 μετριωτέρων
2549 4289 2777 4360 ἄρχεται
2806 4289 2905 4359 τὴν
2951 4287 3301 4358 παράκλησιν
3333 4287 3431 4355 τῆς
3466 4283 3723 4353 φιλαδελσ

2128 4378 2257 4447 φίας
2292 4380 2586 4447 ποιεῖσθαι,
2620 4380 2793 4445 οὕτως
2820 4396 2939 4445 πως
2968 4381 3060 4433 τὸν
3100 4380 3260 4447 λόγον
3290 4376 3616 4446 οίκονοδιῶν·
3654 4376 3720 4428 Τί

2130 4486 2275 4540 φημι
2308 4471 2405 4543 τὴν
2434 4472 2613 4542 ψυχὴν
2643 4473 2785 4543 ὑπὲρ
2827 4472 2938 4526 τῶν
2995 4471 3242 4539 ἀδελφῶν
3281 4470 3527 4531 τιθέναις
3579 4470 3719 4522 ὅπου

2127 4561 2368 4633 δρῶμεν,
2425 4564 2561 4635 μηδὲ
2595 4564 2695 4635 τὴν
2741 4565 2855 4619 τῶν
2884 4562 3199 4634 ἀναγκαίων
3239 4562 3430 4633 χρείαν
3472 4561 3722 4627 ἀναπληο

435 4642 717 4708 nisu-are;
756 4655 934 4711 neque
980 4654 1077 4695 eos
1107 4640 1231 4695 dico
1277 4640 1371 4710 qui
1419 4650 1474 4695 et
1540 4640 1643 4711 ipsi
1695 4651 1857 4713 egent
1900 4642 2023 4697 vitae

2135 4652 2366 4724 ροῦντάς
2387 4670 2537 4717 τινας
2566 4655 2676 4707 τῶν
2706 4653 2973 4724 ἀδελφῶν·
3013 4654 3105 4707 καὶ
3129 4653 3191 4705 οὐ
3221 4653 3347 4715 τοὺς
3381 4650 3496 4721 βίου
3520 4650 3721 4703 σπανί-

444 4734 793 4800 necessariis,
822 4733 919 4788 sed
945 4732 1038 4802 qui
1069 4733 1235 4788 etiam
1287 4733 1493 4789 divitiis
1550 4734 1850 4800 abundant,
1908 4745 2025 4806 toto

445 4823 836 4895 propemodum
868 4822 1094 4878 mundo.
1114 4823 1406 4893 Prolttcrea
1431 4824 1735 4895 pudefiant,
1763 4826 2021 4896 quoniam

437 4917 479 4971 si
510 4916 567 4969 in
621 4914 705 4969 his
761 4913 1003 4969 minimis
1035 4916 1248 4970 viscera
1287 4916 1662 4982 occluserunt,
1705 4926 1759 4972 et
1813 4919 2025 4988 seipsos

438 5009 688 5079 indignos
752 5008 1112 5063 ostenderunt
1167 5024 1232 5063 ac
1284 5023 1490 5064 vacuus
1553 5010 1648 5064 Dei
1702 5011 2021 5075 dilectione,

440 5102 704 5171 quidnam
749 5103 804 5157 in
862 5118 921 5158 re
974 5101 1169 5172 majori
1232 5103 1575 5169 exhiberem,
1640 5120 1837 5174 nempe
1896 5121 2020 5160 cum

434 5195 787 5250 moriendum
833 5205 983 5250 esset
1018 5214 1116 5265 pro
1162 5196 1468 5251 fratribus?
1527 5197 1735 5253 Deinde
1763 5208 1819 5252 et
1868 5197 2017 5253 aliud

435 5283 718 5353 subjungit
763 5298 872 5352 quo
915 5299 1011 5338 eos
1054 5285 1398 5349 exhortatur,
1445 5285 1539 5355 qui
1577 5288 1746 5342 verbo
1797 5288 2017 5354 quidem

429 5372 777 5429 dilectionem
794 5377 1159 5446 susciperent,
1176 5393 1240 5433 ac
1262 5378 1376 5431 sola
1403 5378 1550 5449 lingu
1570 5397 1581 5429 ι
1608 5387 2020 5449 prwstarent,.et

429 5466 538 5520 ait:
567 5486 584 5517 ι
608 5466 684 5520 Ne
716 5468 1001 5540 diligamus
1033 5472 1197 5526 verbo
1213 5469 1445 5543 534a
1468 5472 1679 5543 lingua,
1717 5473 1813 5526 sed
1846 5486 2014 5541 opere

428 5576 491 5615 ac
520 5563 773 5617 veritate.
802 5581 821 5613 ι

2130 4742 2322 4806 ζοντας
2351 4742 2520 4811 λέγω,
2554 4743 2695 4798 ἀλλά
2722 4745 2819 4799 καὶ
2851 4746 2982 4808 τοὺς
3020 4744 3142 4797 ὅλον
3173 4744 3264 4797 τὸν
3289 4743 3498 4812 κόσμον
3531 4741 3720 4811 σχεδὸν

2130 4836 2366 4907 ὓπαρξιν
2397 4836 2623 4908 ἔχοντας
2660 4837 2916 4894 πλούτου.
2962 4838 3060 4891 Διά
3109 4837 3302 4890 τούτου
3346 4836 3719 4907 αίσχυνέσ¹Ιωσ

2132 4943 2255 4989 σαν,
2311 4927 2393 4979 ὅτι
2442 4928 2493 4980 εί
2547 4926 2680 4998 περὶ
2731 4926 2799 4980 τὰ
2852 4927 3024 4997 μικρά
3068 4920 3376 4987 ταῦτα,’τά
3431 4921 3717 4988 σπλάγχνα

2130 5014 2489 5079 ἀπέκλεισαν,
2540 5017 2636 5069 καὶ
2687 5015 2942 5081 ἀναξίους
2988 5014 3212 5075 ἑαυτοὺς
3258 5016 3322 5065 ἐκ
3369 5010 3561 5066 τούτου
3608 5009 3711 5061 ἀπ·

2130 5109 2360 5176 ἐφηναν,
2397 5109 2491 5161 καὶ
2519 5105 2802 5168 διακένους
2844 5105 2943 5175 τῆς
2986 5101 3078 5158 τοῦ
3101 5102 3237 5155 Θεοῦ
3284 5100 3522 5169 ἀγάπης,
3556 5100 3611 5152 τί
3647 5098 3713 5152 ἀν

2131 5198 2265 5269 περὶ
2292 5199 2353 5251 τὸ
2403 5198 2588 5268 μεῖζον
2623 5198 2717 5251 τοῦ
2755 5194 3157 5269 προαποθανεῖν
3190 5193 3299 5246 τῶν
3332 5188 3583 5258 ἀδελφῶν
3613 5189 3713 5243 ἐπ·

2073 5283 2081 5291 “
2125 5290 2431 5356 εδείξαντος
2470 5288 2601 5342 Εἶτα
2637 5290 2728 5342 καὶ
2778 5288 2907 5342 ἄλλο
2935 5283 3284 5357 ἑντρεπτικον
3308 5281 3489 5334 αὐτῶν
3520 5278 3711 5349 ἐπιφέ-

2127 5400 2235 5454 ρει,
2274 5382 2383 5435 τῶν
2435 5381 2851 5451 ἀποδεχομένων
2907 5379 3007 5449 μὲν
3057 5381 3115 5431 ὲν
3166 5374 3308 5445 λόγῳ
3354 5372 3454 5444 τὴν
3486 5372 3710 5441 ἀγάπην
3780 5436 3786 5450 η.

2126 5475 2220 5528 καὶ
2253 5475 2736 5544 ἐπιδεικνυμένων,
2784 5476 2849 5545 τῇ
2887 5472 3107 5543 γλώσσῃ
3141 5471 3193 5524 δὲ
3227 5471 3388 5541 μόνῃ,
3422 5469 3516 5523 καί
3551 5485 3702 5539 φησι,
3798 5482 3801 5485 ·

2131 5586 2148 5618 ‹
2178 5568 2270 5639 Μὴ
2309 5568 2613 5637 ἀγαπῶμεν
2640 5567 2785 5639 λόγῳ
2817 5568 2910 5622 καὶ
2947 5566 3189 5639 γλώσσῃ,
3226 5563 3342 5618 ἀλλ’
3367 5565 3427 5617 ἐν
3455 5559 3534 5635 τῷ
3562 5561 3709 5633 ἔργῳ

2125 5660 2219 5711 καὶ
2249 5662 2312 5730 τῇ
2343 5659 2589 5731 ἀληθείᾳ.
2630 5677 2655 5709 ι

497 5830 541 5861 ⁶¹
574 5826 749 5887 Lavit.
780 5831 1008 5898 xxx,2l.
1082 5831 1311 5889 l"Joan.
1348 5849 1468 5903 xm,
1517 5834 1607 5890 δι.
1687 5833 1731 5868 ³³
1777 5833 1933 5890 Joan.
1976 5849 2027 5901 τ,
2060 5835 2149 5889 54.
