3986 6584
289 410 383 475 6'57

1298 412 1687 474 COMMENT.
1734 412 1813 471 ΙΝ
1849 413 2086 473 EPIST.
2129 415 2155 472 Ι
2196 413 2542 479 ΙΟΑΝΝΙΞ.

3449 418 3558 480 0.38

356 531 460 586 Καὶ
490 531 562 583 ἐν
592 532 778 596 τούτῳ
804 531 1173 602 γινώσκομεν
1207 532 1295 586 ὅτι
1326 533 1396 587 ἐκ
1443 531 1553 600 τῆς
1579 532 1868 599 ἀληθείας

2043 533 2130 596 lll,
2172 533 2359 588 lli-9.5.
2405 533 2508 586 Per
2536 533 2631 586 hoc
2670 535 3022 605 cognoscimus
3068 537 3206 607 quod
3251 554 3314 591 ea:
3342 540 3560 595 υρνῖιαιε

288 625 493 693 ἐσμὲν,
526 625 625 678 καὶ
656 624 999 692 ἔμπροσθεν
1046 625 1234 679 αὑτοῦ
1264 626 1557 690 πείσομεν
1591 626 1697 691 τὰς
1731 642 1871 693 καρ-

288 718 417 783 δίας
450 716 642 786 ἡμῶν,
672 717 758 770 ὅτι
781 717 888 770 ἐὰν
913 719 1330 787 καταγινώσκῃ
1362 717 1531 787 ἡμῶν
1560 719 1598 783 ἡ
1634 719 1869 787 καρδία,

283 810 498 881 μείζων
539 811 717 865 ἐστὶν
754 814 787 865 ό
835 812 977 873 Θεὸς
1010 811 1122 880 τῆς
1164 812 1412 880 καρδίας
1443 812 1632 880 ἡμῶν,
1666 812 1762 865 καὶ
1790 831 1874 881 γε·

288 903 508 956 νώσκει
535 902 752 956 πάντα.
786 902 1119 971 Ἀγαπητοί,
1152 904 1260 956 ἐὰν
1288 906 1326 970 ἡ
1352 903 1564 972 καρδία
1597 903 1766 972 ἡμῶν
1786 903 1871 972 μὴ

286 995 707 1063 καταγινώσκῃ
729 993 920 1063 ἡμῶν,
953 997 1298 1065 παρῤησίαν
1332 996 1554 1067 ἔχομεν
1580 997 1731 1066 πρὸς
1768 999 1875 1051 τὲν

286 1086 459 1146 Θεὸν,
494 1086 593 1140 καί
640 1087 672 1139 ὃ
724 1086 832 1140 ἐὰν
868 1086 1147 1156 αιτῶμεν,
1185 1088 1572 1158 λαμϐάνομεν
1605 1091 1740 1157 παρ’
1769 1092 1877 1143 αὐ-

286 1177 388 1231 τοῦ
424 1194 439 1209 ·
494 1178 587 1231 ὅτι
636 1179 740 1244 τὰς
786 1179 1044 1245 ἐντολὰς
1091 1180 1278 1235 αὑτοῦ
1312 1181 1631 1249 τηροῦμεν,
1674 1182 1876 1235 καὶτὰ

283 1267 518 1334 ἀρεστὰ
542 1268 798 1322 ἐνώπιον
830 1271 1019 1324 αὐτοῦ
1050 1271 1360 1339 ποιοῦμεν.
1394 1272 1501 1327 Καὶ
1526 1274 1676 1337 αὕτη
1704 1274 1878 1327 ἐστιν

283 1359 322 1428 ἡ
373 1359 602 1428 ἐντολὴ
635 1361 844 1423 αὐτοῦ,
892 1364 993 1417 ἵνα
1028 1365 1453 1434 πιστεύσωμεν
1506 1363 1585 1430 τῷ
1633 1366 1877 1435 ὀνόματι

282 1447 393 1507 τοῦ
431 1449 570 1503 Υιοῦ
594 1451 780 1504 αὐτοῦ
818 1452 1025 1517 Ἰησοῦ
1051 1453 1332 1523 Χριστοῦ.

362 1558 385 1592 ε
435 1541 528 1594 Ἐν
573 1544 750 1613 τούτῳ
788 1543 1149 1614 γινώσκομεν.
1176 1565 1195 1598 ι
1244 1547 1333 1599 Ἓν
1365 1546 1495 1612 τίνι;
1552 1548 1640 1599 Ἐν
1681 1547 1759 1618 τῷ
1804 1549 1878 1619 μὴ

281 1628 432 1699 λόγῳ
464 1631 709 1705 ἀγαπᾷν,
747 1633 864 1686 ἀλλ’
902 1634 1050 1707 ἔργῳ
1078 1637 1172 1689 καὶ
1207 1637 1455 1709 ἀληθείᾳ.
1491 1640 1599 1691 Καὶ
1632 1639 1685 1691 τί
1715 1638 1878 1707 γινώ-

283 1736 530 1788 exagitati;
577 1723 699 1775 Ὅτι
729 1724 792 1775 ὲκ
818 1725 917 1793 τῆς
956 1726 1212 1794 ἀληθείας
1242 1728 1428 1796 ἐσμέν.
1470 1728 1629 1795 Πῶς;
1680 1730 1738 1783 '0
1773 1732 1880 1800 γὰρ

283 1813 419 1866 ἄλλο
453 1813 555 1882 μὲν
587 1814 782 1883 λέγων,
815 1816 941 1871 ἄλλο
969 1816 1024 1870 δὲ
1057 1819 1246 1886 ποιῶν,
1292 1822 1366 1891 μὴ
1411 1821 1706 1890 σύμφωνον
1740 1823 1880 1893 ἔχων

1975 628 2160 688 simus,
2226 639 2272 680 et
2328 628 2381 679 in
2424 635 2697 694 conspectu
2750 628 2865 696 ejus
2919 628 3257 681 suadebimus
3315 627 3557 684 cordibus

1976 717 2476 783 nostris.Quoniam
2521 720 2567 773 si
2587 728 2780 790 arguat
2813 735 2904 772 nos
2956 735 3044 773 cor
3088 728 3343 784 nostrum,
3385 720 3560 793 major

1976 822 2048 868 est
2083 812 2218 866 Deus
2240 813 2395 867 corde
2430 821 2627 876 nostro,
2660 823 2708 866 et
2732 813 2870 866 novit
2903 812 3106 865 omnia.
3147 810 3479 877 Charissimi,
3513 812 3558 867 si

1976 920 2064 956 cor
2087 910 2321 955 nostrum
2350 918 2454 956 non
2475 912 2670 973 arguat
2700 918 2812 963 nos,
2864 902 3111 971 ﬁduciam
3134 901 3383 955 habemus
3434 918 3557 973 erga

1982 992 2181 1047 Deum:
2215 1002 2262 1046 et
2315 993 2570 1064 quidquid
2631 995 2958 1063 petierimus,
3006 994 3291 1062 accipimus
3348 996 3410 1047 ab
3463 1011 3557 1048 co:

1978 1088 2229 1154 quoniam
2258 1097 2520 1158 pra’oepm
2540 1084 2671 1157 ejus
2702 1088 3044 1152 custodimus,
3072 1095 3120 1141 et
3175 1104 3235 1141 ea
3267 1102 3384 1157 qua:
3438 1096 3556 1141 sunt

1978 1178 2180 1246 placita
2228 1197 2405 1234 coram
2456 1197 2514 1234 eo
2574 1180 2818 1251 facimus.
2878 1179 2944 1234 Et
2985 1179 3079 1233 hoc
3132 1188 3205 1233 est
3243 1190 3559 1247 pra‘ccptum

1979 1271 2163 1339 ipsius,
2191 1283 2244 1324 ut
2274 1272 2548 1326 credamus
2581 1271 2780 1325 nomini
2811 1270 2942 1325 Filii
2965 1271 3078 1341 ejus
3112 1271 3234 1329 Jcsu
3267 1271 3483 1326 Christi.

2061 1570 2078 1602 ι
2118 1549 2223 1604 Per
2252 1549 2356 1603 hoc
2383 1549 2782 1621 cognoscimus.
2828 1568 2847 1602 ι
2888 1548 2993 1604 Per
3025 1549 3194 1619 quid?
3221 1549 3297 1603 Ex
3329 1565 3394 1604 eo
3416 1548 3557 1618 quod

1983 1657 2092 1695 non
2122 1640 2287 1695 verbo
2319 1640 2635 1712 diligamus,
2667 1641 2761 1696 sed
2786 1656 2952 1710 opere
2984 1652 3036 1694 et
3067 1641 3309 1696 veritate.
3345 1641 3408 1695 Et
3432 1640 3558 1710 quid

1984 1733 2411 1804 cognoscimus?
2452 1732 2606 1799 Quod
2640 1749 2703 1788 ex
2746 1734 2975 1789 veritate
3022 1734 3210 1789 simus.
3242 1733 3561 1799 Quomodo?

1985 1825 2266 1894 Siquidem
2325 1825 2370 1878 is
2420 1824 2510 1895 qui
2555 1824 2699 1881 aliud
2739 1825 2870 1881 dicit
2922 1835 2976 1881 et
3049 1826 3194 1880 aliud
3246 1826 3393 1891 facit,
3452 1841 3558 1880 non

400 1906 552 1977 λόγῳ
583 1908 680 1977 τὴν
710 1909 934 1976 πρᾶξιν,
967 1910 1208 1981 ψεύστης
1244 1913 1363 1965 ἐστὶ
1391 1914 1483 1967 καὶ
1513 1917 1611 1967 οὐκ
1646 1915 1819 1985 ἀληθὴ
1839 1936 1872 1972 ’-

1988 1916 2191 1973 habens
2223 1916 2556 1973 conformem
2592 1920 2829 1973 sermoni
2854 1920 3144 1982 actionem,
3200 1918 3433 1974 mendax
3479 1929 3563 1974 est

290 2015 309 2048 ι
335 1999 447 2050 Καὶ
478 1999 788 2070 ἔμπροσθεν
811 2001 975 2055 αὐτοῦ
1000 2004 1260 2073 πείσομεν
1276 2005 1373 2068 τὰς
1401 2008 1628 2077 καρδίας
1656 2009 1837 2078 ἡμῶν.
1855 2030 1873 2062 ι

286 2088 465 2143 Τοῦτό
497 2108 683 2160 φησιν,
706 2093 788 2145 ὅτι
820 2093 917 2147 Διά
937 2096 1151 2163 τούτου,
1184 2095 1270 2148 διὰ
1290 2097 1384 2149 τοῦ
1412 2098 1698 2168 ἀληθεύειν
1726 2100 1882 2171 (ἀλη-

285 2181 564 2251 θεύσομεν
617 2183 675 2236 δὲ
732 2185 861 2238 ὅταν
901 2185 1045 2240 κατὰ
1093 2188 1219 2251 τοὺς
1256 2186 1452 2257 λόγους
1494 2190 1586 2242 καὶ
1624 2190 1690 2242 τὰ
1743 2188 1879 2261 ἔργα

287 2272 568 2344 προϐαίνῃ
631 2275 834 2345 ἡμῶν),
882 2276 1145 2348 πείσομεν
1184 2279 1284 2347 τὴν
1337 2280 1643 2350 συνείδησιν
1699 2280 1877 2351 ἡμῶν,

286 2362 466 2417 Τοῦτο
513 2365 621 2435 γὰρ
670 2366 919 2436 βού).ετα;
953 2368 1042 2421 διὰ
1094 2368 1208 2433 τοῦ,
1243 2368 1360 2432 Τὰς
1390 2371 1636 2442 καρδίας,
1674 2374 1878 2442 σημαί-

284 2472 424 2511 νειν.
441 2458 555 2511 Καὶ
578 2459 696 2523 πῶς
728 2459 1023 2531 πείσομενς
1049 2462 1222 2516 Τοῦτο
1246 2462 1368 2517 καθ’
1395 2462 1622 2525 ἑαυτοὺς
1640 2461 1877 2532 θέμενοι,

286 2546 366 2609 ὡς
402 2547 511 2600 ὑπὸ
560 2548 679 2619 θεῷ
732 2550 971 2621 μάρτυρι
1031 2552 1334 2623 ποιούμεθα
1378 2552 1507 2616 τοὺς
1556 2552 1767 2621 λόγους.
1808 2554 1882 2607 Τὸ

288 2640 406 2710 γὰρ
436 2641 786 2710 ἔμπροσθεν
812 2645 973 2698 τοῦτο
999 2647 1274 2715 σημαίνει.
1307 2647 1435 2701 Ἐὰν
1468 2648 1599 2720 γὰρ,
1626 2649 1778 2718 φησι,
1805 2649 1879 2719 μὴ

288 2730 441 2786 οὕτω
495 2736 760 2806 ποιῶμεν,
796 2739 912 2792 ἀλλ’
957 2740 1350 2811 ήσυνείδησις,
1412 2742 1533 2814 ἦτοι
1591 2744 1624 2813 ἡ
1684 2743 1881 2813 καρδία

288 2825 478 2894 ⁴ἡμῶν,
516 2829 903 2902 καταγινώσκῃ
953 2831 1135 2901 ἡμῶν,
1165 2832 1227 2884 οὐ
1264 2832 1599 2903 λανθάνομεν
1628 2835 1878 2905 ἁμαρτά-

298 2934 509 2982 νοντες.
550 2920 612 2974 El
640 2922 750 2992 γὰρ
770 2923 870 2991 τὴν
897 2924 1208 2993 συνείδησιν
1230 2925 1387 2995 ἡμῶν
1416 2925 1676 2995 βραχεῖαν
1695 2923 1877 2992 οὖσαν,

299 3008 376 3072 ὡς
427 3011 494 3063 ἐκ
542 3010 773 3083 βραχέος
803 3012 966 3087 ζώου,
1036 3016 1099 3069 οὐ
1151 3016 1430 3086 δυνάμεθα
1483 3017 1669 3070 λαθεῖν
1718 3019 1776 3072 ὲν
1803 3018 1882 3088 τῷ

308 3098 663 3169 ἁμαρτάνειν,
704 3102 883 3172 πολλῷ
948 3104 1151 3173 μᾶλλον
1206 3107 1298 3159 τὸν
1351 3107 1736 3178 ἀπεριόριστον
1787 3110 1882 3162 καὶ

309 3192 582 3262 πανταχοῦ
610 3195 852 3263 παρόντα
869 3195 1000 3248 Θεὸν
1018 3197 1120 3249 οὐκ
1147 3196 1214 3250 ἂν
1231 3196 1521 3267 λάθοιμεν.
1551 3197 1712 3262 "Ole;
1730 3193 1824 3254 οὖν
1853 3200 1882 3253 ό

307 3279 460 3350 λόγος
470 3283 589 3337 ἐστὶ
605 3286 864 3350 τοιοῦτος·
884 3287 1086 3341 Τεκνία
1107 3304 1230 3357 μου,
1252 3288 1326 3358 μὴ
1340 3288 1666 3358 ψευδώμεθα
1692 3292 1774 3356 εἰς
1793 3293 1885 3346 ἀλ-

307 3375 500 3444 λήλους
518 3377 577 3429 ιν
593 3379 670 3449 τῷ
687 3381 754 3449 τῇ
782 3379 1005 3454 γλώσσῃ
1025 3380 1161 3452 μόνῃ
1184 3383 1425 3452 ἀγαπᾷν,
1452 3381 1588 3436 ἀλλὰ
1618 3383 1715 3437 καὶ
1739 3382 1884 3456 ἔργῳ

307 3466 401 3536 τὴν
426 3468 650 3539 ἀγάπην
687 3470 1135 3541 ἑπιδεικνύωμεν.
1183 3471 1272 3526 Ἐν
1315 3472 1492 3545 τούτῳ
1538 3474 1645 3544 γὰρ
1676 3477 1879 3543 γνωσό-

314 3558 452 3624 μεθα
483 3561 565 3613 ὅτι
606 3563 673 3615 ἐκ
706 3562 806 3631 τῆς
855 3564 1135 3632 ἀληθείας,
1177 3566 1475 3631 τουτέστιν,
1512 3570 1577 3621 ὲκ
1609 3568 1702 3622 τοῦ
1746 3570 1881 3624 Θεοῦ

309 3653 497 3721 ἔσμεν.
544 3655 655 3707 Καὶ
688 3654 716 3708 ὃ
746 3655 1001 3726 λέγομεν,
1051 3657 1126 3719 ώς
1160 3659 1252 3712 τοῦ
1277 3658 1411 3712 Θεοῦ
1458 3661 1884 3726 ἐπισκοποῦντας

310 3743 578 3814 λέγωμεν.
610 3748 723 3800 Οὐκ
753 3748 818 3802 ἂν
844 3749 903 3802 δέ
943 3767 1027 3813 τις
1067 3749 1377 3819 ἀνάσχοιτο,
1420 3750 1522 3806 κᾶν
1553 3753 1600 3805 εξ
1634 3753 1742 3806 τῶν
1766 3755 1885 3808 δαι-

312 3830 488 3896 μόνων
510 3834 890 3904 ἀναιδέστερος
915 3834 970 3910 ᾗ,
1012 3838 1115 3891 ὑπὸ
1140 3838 1257 3909 Θεῷ
1286 3842 1524 3911 μάρτυρι
1555 3842 1879 3911 ψεύσασθαι.

310 3921 370 3975 El
407 3923 517 3993 γὰρ
562 3927 638 3996 μὴ
692 3927 836 3983 οὕτω
892 3929 1168 3999 ποιῶμεν,
1220 3932 1359 3985 ἀλλὰ
1407 3932 1675 3999 λεγόντων
1729 3936 1885 4005 ἡμῶν

312 4014 552 4088 ἀγαπᾷν,
596 4020 858 4090 ήκαρδία
913 4022 1068 4092 ήμῶν
1120 4025 1510 4098 καταγινώσκῃ
1553 4027 1714 4096 ἡμῶν
1755 4028 1888 4097 apsti-

310 4105 453 4171 δους,
513 4109 922 4182 ἁμαρτάνομεν.
979 4114 1132 4182 Πῶ;;
1179 4118 1429 4186 Οἰόμενοι
1466 4117 1751 4171 λανθάνειν
1796 4120 1887 4173 τὸν

313 4200 587 4270 πανταχοῦ
623 4204 867 4274 παρόντα
912 4205 1064 4270 Θεὸν,
1114 4207 1213 4260 καὶ
1252 4209 1374 4261 οὐδὲ
1404 4210 1564 4262 τοῦτο
1591 4212 1885 4276 συνιέντες,

312 4288 392 4341 δτι
439 4291 489 4342 εί
535 4292 634 4362 τὴν
682 4296 909 4366 καρδίαν
954 4298 1113 4368 ἡμῶν
1145 4298 1405 4370 βραχεῖαν
1437 4297 1603 4355 οὖσαν
1644 4303 1743 4356 οὐκ
1773 4301 1888 4356 ἔστι

313 4380 495 4434 λαθεῖν
545 4386 716 4454 ἡμᾶς,
768 4387 883 4451 πῶς
934 4389 1025 4442 τὸν
1100 4391 1411 4462 μηδαμόθεν
1457 4394 1890 4465 ἀπολειπόμενον

313 4471 570 4543 λήσομεν.
592 4475 778 4541 Ούτως
795 4475 908 4543 οὖν,
942 4481 1126 4550 φησιν,
1161 4484 1460 4556 ἀγαπητοὶ,
1480 4486 1892 4556 παρεσκευακό-

1985 2015 2041 2062 ct
2073 2023 2179 2060 non
2227 2022 2413 2061 verax.
2452 2025 2471 2057 ι
2506 2005 2569 2060 Et
2604 2007 2659 2061 in
2706 2016 3001 2077 conspectu
3041 2008 3160 2078 ejus
3215 2005 3563 2061 suadebimus

1981 2099 2240 2153 cordibus
2267 2101 2487 2153 nostris.
2530 2118 2547 2150 ι
2588 2100 2646 2156 ld
2678 2108 2762 2153 est
2790 2099 2933 2169 quod
2955 2099 3107 2165 dicit,
3134 2098 3275 2168 quod
3313 2114 3410 2168 per
3433 2098 3556 2159 hoc,

1981 2207 2178 2260 nempe
2204 2190 2348 2261 quod
2371 2205 2592 2246 veraces
2632 2192 2803 2246 simus
2853 2192 3043 2262 (porro
3100 2205 3326 2246 veraces
3356 2190 3562 2245 erimus

1983 2282 2200 2352 quando
2232 2283 2384 2352 juxta
2417 2297 2699 2338 sermones
2721 2282 3090 2353 processerint
3113 2292 3168 2338 et
3193 2289 3406 2353 opera),
3428 2296 3558 2336 sua-

1984 2374 2239 2429 debimus
2265 2375 2616 2430 conscientiae
2647 2384 2867 2439 nostrae,
2899 2376 3044 2430 hanc
3066 2376 3211 2430 enim
3252 2374 3560 2447 signiﬁcare

1982 2467 2097 2522 vult
2147 2467 2248 2523 Per
2307 2468 2492 2522 corda.
2553 2469 2616 2523 Et
2668 2468 2940 2536 quomodo
2999 2466 3392 2524 suadebimus?
3449 2464 3561 2520 Hoc

1984 2559 2125 2628 apud
2168 2560 2421 2629 nosipsos
2486 2569 2770 2629 ponentes,
2831 2559 2975 2629 quod
3026 2559 3191 2613 veluti
3247 2559 3361 2613 Deo
3420 2566 3560 2612 teste

1985 2651 2265 2706 sermones
2303 2651 2701 2719 depromimus.
2753 2649 2887 2705 Nam
2920 2651 2971 2706 id
3002 2649 3273 2721 signiﬁcat
3299 2649 3359 2703 ln
3398 2663 3561 2703 cons-

1984 2750 2140 2810 pectu
2178 2739 2318 2810 ejus,
2352 2741 2466 2795 sive
2493 2755 2677 2795 coram
2729 2754 2817 2795 eo.
2851 2738 3061 2795 Etenim
3094 2739 3138 2794 si
3168 2738 3241 2793 ita
3284 2754 3393 2793 non
3427 2738 3560 2792 faci-

1983 2847 2126 2895 mus,
2148 2831 2344 2901 inquit,
2366 2831 2461 2885 sed
2487 2831 2825 2887 conscientia
2848 2831 2961 2887 sive
2982 2846 3077 2886 cor
3096 2840 3342 2885 nostrum
3373 2836 3562 2901 arguat

1985 2937 2103 2981 nos,
2137 2938 2247 2976 non
2270 2922 2402 2977 latet
2428 2921 2573 2977 illam
2602 2937 2705 2978 nos
2724 2937 2974 2993 peccare.
3006 2921 3163 2987 Quod
3197 2922 3241 2975 si
3277 2920 3561 2974 conscien-

1986 3015 2114 3069 tiam
2148 3025 2414 3077 nostram.
2455 3031 2576 3085 quze
2626 3015 2822 3085 pusilla
2873 3022 2957 3070 est
3000 3021 3187 3084 utpote
3240 3027 3307 3067 ex
3363 3012 3562 3082 pusillo

1989 3107 2234 3171 animali,
2265 3107 2438 3162 latere
2468 3121 2577 3161 non
2608 3115 2813 3177 potest,
2851 3105 2979 3161 dum
3021 3119 3333 3176 peccamus,
3388 3105 3557 3159 multc

1986 3200 2158 3270 magis
2216 3199 2383 3255 Deum
2443 3200 2535 3270 qui
2593 3198 3103 3268 incircumscriptus
3133 3205 3189 3252 et
3222 3197 3425 3266 ubique
3454 3204 3558 3258 est,

1986 3305 2329 3361 nequaquam
2356 3291 2528 3346 latere
2554 3298 2756 3361 potest.
2781 3288 2951 3344 Totus
2986 3288 3153 3360 igitur
3176 3354 3181 3357 _
3202 3302 3385 3342 sermo
3438 3286 3564 3341 talis

1985 3388 2102 3435 est:
2137 3380 2312 3435 Filioli
2349 3381 2480 3444 mei,
2512 3396 2582 3435 ne
2628 3378 2961 3434 mentiamur
2988 3379 3132 3433 inter
3181 3393 3280 3433 nos
3326 3377 3561 3432 invicem

1985 3475 2097 3529 sola
2121 3475 2302 3544 lingua
2331 3474 2639 3546 diligentes,
2663 3473 2759 3529 sed
2785 3487 2951 3543 opere
2968 3487 3185 3542 quoque
3208 3472 3563 3527 ostendamus

1985 3566 2333 3623 dilectionem
2370 3585 2382 3620 :
2415 3582 2516 3636 per
2548 3567 2652 3621 hoc
2682 3563 2830 3620 enim
2883 3578 3280 3635 cognoscemur
3318 3562 3462 3633 quod
3495 3576 3564 3617 ex

1985 3659 2236 3720 veritate,
2271 3657 2373 3712 hoc
2400 3664 2484 3713 est
2517 3671 2582 3711 ex
2618 3655 2727 3711 Deo
2772 3655 2982 3719 simus”,
3017 3661 3073 3709 et
3108 3653 3257 3723 quod
3308 3651 3561 3714 dicimus.

1988 3761 2245 3823 tanquam
2278 3752 2385 3805 Deo
2405 3750 2717 3819 inspectore
2742 3747 3009 3802 dicamus.
3059 3743 3342 3814 Siquidem
3376 3757 3561 3807 nemo,

1988 3845 2201 3900 etiamsi
2249 3843 2596 3899 daemonibus
2629 3847 2778 3896 esset
2817 3838 3213 3909 impudentior,
3251 3836 3392 3892 ferre
3435 3851 3566 3906 pos-

1988 3944 2070 3990 set
2090 3945 2145 3989 ut
2164 3935 2272 3989 Deo
2297 3942 2564 4004 praesente
2592 3941 2647 3986 et
2673 3938 2810 3985 teste
2829 3926 3298 3989 meutiretur.Nisi
3322 3928 3465 3983 enim
3492 3927 3570 3985 ita

1989 4027 2276 4093 faciamus,
2306 4025 2400 4079 sed
2430 4024 2664 4079 dicendo
2692 4023 2837 4093 quod
2867 4021 3173 4094 diligamus.
3195 4037 3289 4076 cor
3314 4030 3561 4076 nostrum

1988 4124 2179 4187 arguat
2223 4130 2326 4169 nos
2358 4113 2655 4174 mendacii,
2687 4127 2959 4167 erramus.
2993 4111 3315 4180 Quomodo?
3360 4112 3561 4167 Putan-

1992 4220 2074 4263 tcs
2098 4207 2151 4262 id
2180 4207 2349 4260 latere
2386 4205 2580 4267 Deum,
2612 4202 2704 4271 qui
2737 4202 2939 4271 ubique
2966 4216 3210 4271 praesens
3232 4201 3359 4255 est?
3386 4215 3567 4270 neque

1991 4301 2044 4354 id
2070 4300 2325 4363 scientes,
2360 4300 2506 4368 quod
2527 4300 2570 4354 si
2604 4298 2724 4354 ﬁeri
2747 4313 2856 4353 non
2890 4307 3069 4367 potest
3090 4306 3152 4353 ut
3179 4312 3274 4352 cor
3292 4305 3564 4359 nostrum,

1991 4406 2114 4445 cum
2169 4391 2425 4460 pusillum
2456 4391 2550 4454 sit,
2587 4389 2771 4455 lateat,
2826 4389 2999 4443 multo
3029 4388 3190 4459 585
3222 4388 3405 4442 minus
3440 4401 3566 4441 eum

1992 4482 2179 4537 latebit
2199 4482 2289 4552 qui
2318 4496 2585 4552 nusquam
2600 4481 2776 4536 deest.
2804 4478 3098 4549 Postquam
3122 4480 3286 4550 igitur
3305 4495 3406 4533 nos
3423 4478 3572 4548 ipsos

311 4581 399 4629 τες
412 4568 664 4632 ἑαυτοὺς,
682 4569 1118 4637 ἀκαταγνώστως
1142 4575 1369 4639 ἑαυτοὺς
1387 4578 1519 4646 ἡμῖν
1535 4577 1718 4641 αὐτοῖς
1735 4581 1793 4632 ἐν
1817 4578 1882 4649 τις

2002 4574 2074 4630 ita
2108 4575 2617 4644 praeparaverimus,
2654 4572 2986 4637 charissimi,
3015 4581 3074 4627 ut
3099 4588 3204 4626 non
3227 4586 3519 4642 arguamur
3540 4584 3577 4622 τι.

315 4658 448 4727 πρὸς
484 4659 748 4731 ἀλλήλους
792 4662 1034 4731 δηλονότι
1064 4664 1373 4735 ἀληθεύειν,
1414 4669 1732 4742 παρρησίαν
1769 4670 1889 4735 ἕξοι·

316 4767 414 4817 μεν
466 4752 603 4821 πρὸς
641 4753 730 4807 τὸν
768 4754 923 4819 Θεὸν,
954 4756 1047 4831 ἀφ’
1095 4751 1162 4828 ἧς
1210 4759 1525 4830 παρρησίας
1557 4761 1652 4814 καὶ
1688 4759 1747 4812 δν
1796 4760 1892 4814 ἐὰν

314 4842 651 4912 αίτήσωμεν,
680 4846 896 4911 πάντως
935 4847 1221 4919 ληψόμεθα
1269 4851 1398 4921 παρ’
1444 4852 1630 4906 αὑτοῦ.
1676 4853 1773 4905 Διὰ
1801 4852 1888 4918 τίς

316 4930 438 4985 Ὀτι
476 4935 578 4993 τὰς
628 4937 850 5002 ἐντολὰς
900 4940 1067 4993 αὑτοῦ
1119 4941 1415 5011 τηροῦμεν.
1462 4943 1732 5011 Μέγιστον
1782 4945 1891 5015 γὰρ

314 5022 450 5091 πρὸς
490 5026 552 5078 τὸ
588 5028 668 5090 είς
711 5030 960 5101 ὑπακοὴν
993 5031 1392 5087 ἐκκαλέσασθαι
1424 5034 1517 5088 τὸν
1548 5034 1888 5105 αἰτούμενον,

315 5114 347 5182 ἡ
379 5115 528 5185 παρᾶ
548 5117 656 5170 τῶν
683 5120 979 5176 αἰτούντων
1003 5123 1298 5191 εὐπείθεια,
1321 5126 1449 5179 ὅταν
1470 5127 1893 5196 ἀναμφιλέκτως

317 5206 453 5277 πρὸς
490 5206 550 5260 ὃν
573 5210 606 5278 ἡ
631 5211 845 5281 αἴτησις
876 5213 1116 5285 γίνηται.
1163 5218 1314 5269 Ἐπεὶ
1341 5216 1434 5271 οὖν
1472 5220 1567 5271 καὶ
1604 5220 1765 5289 ἡμεῖς
1792 5220 1891 5282 τὰς

314 5296 538 5364 ιντολάς
566 5300 730 5355 αὑτοῦ
756 5306 1055 5376 τηροῦμεν,
1086 5308 1180 5361 καὶ
1208 5310 1275 5363 τὰ
1299 5309 1507 5380 ἀρεστά
1536 5311 1685 5382 αὑτῷ
1710 5311 1894 5364 ποιού-

318 5407 439 5459 μενο
479 5392 773 5465 θαρῥῶμεν
819 5396 896 5460 ὡς
930 5399 1029 5470 οὐχ
1064 5401 1406 5473 ἁμάρτωμεν
1444 5402 1556 5456 τῶν
1598 5403 1890 5474 αἰτήσεων,

316 5482 679 5540 ἀντιδίδοσθαι
733 5487 996 5562 φιλούσης
1044 5493 1140 5562 τῆς
1196 5493 1325 5562 παρ’
1358 5494 1561 5563 ἀμφοῖν
1600 5495 1893 5559 διαθέσεως

317 5576 723 5644 ἁνυπερθέτως,
768 5582 848 5651 τῷ
897 5586 1035 5655 πρὸς
1065 5586 1165 5658 τήν
1195 5587 1384 5657 χρείαν
1423 5587 1648 5658 θατέρου
1679 5589 1890 5660 ἥκοντι.

318 5670 425 5725 Καὶ
447 5671 604 5725 ποίαν
627 5674 844 5745 ἐντολὴν
865 5677 1030 5731 αὑτοῦ
1061 5678 1405 5748 ὲφυλάξαμεν
1426 5696 1441 5744 ;
1467 5681 1578 5748 Τὴν
1603 5680 1889 5747 λέγουσαν,

330 5763 576 5835 ’Δγάπην
606 5766 758 5837 ἔχετε
781 5768 839 5821 ὲν
866 5769 1134 5839 ἀλλήλοις.
1180 5771 1333 5824 Ἐπεὶ
1370 5767 1464 5825 οὖν
1497 5771 1711 5842 ἔχοντες
1745 5772 1888 5825 ὲντο-

322 5854 437 5925 λὴν,
466 5859 550 5912 ἵνα
582 5863 647 5932 τῇ
685 5861 861 5916 πίστει
891 5865 955 5931 τῇ
989 5864 1045 5915 ὲν
1070 5863 1148 5934 τῷ
1181 5863 1406 5934 ὀνόματι
1437 5863 1529 5917 τοῦ
1560 5863 1687 5917 Υἱοῦ
1722 5861 1887 5919 αὑτοῦ

1995 4669 2156 4724 nobis
2188 4668 2343 4739 ipsis,
2375 4670 2433 4722 in
2458 4683 2524 4722 eo
2552 4667 2809 4721 videlicet
2835 4666 2978 4736 quod
3011 4674 3095 4720 est
3122 4666 3266 4719 inter
3320 4680 3424 4718 nos
3461 4678 3574 4717 mu-

1998 4769 2094 4815 tuo
2114 4773 2242 4814 esse
2258 4773 2502 4824 veraces,
2536 4757 2792 4812 ﬁduciam
2823 4756 3152 4812 habebimus
3176 4770 3301 4825 erga
3345 4754 3515 4808 Deum
3557 4768 3574 4807 :

1995 4866 2090 4922 per
2119 4866 2282 4921 quam
2313 4850 2476 4904 etiam
2504 4849 2754 4904 ﬁduciam
2783 4848 3046 4918 quidquid
3073 4847 3419 4917 petierimus.
3450 4861 3571 4900 omo

1993 4942 2130 4995 nino
2185 4940 2519 5010 accipiemus
2557 4940 2627 4994 ab
2657 4939 2795 5009 ipso.
2853 4939 3073 5005 Quare?
3118 4938 3257 5004 Quia
3301 4946 3574 5008 prtecepta

1993 5034 2112 5102 ejus
2160 5045 2444 5087 servamus
2479 5049 2493 5085 :
2533 5031 2586 5085 id
2622 5031 2768 5085 enim
2817 5030 3037 5084 maximi
3086 5029 3349 5084 momenti
3383 5036 3468 5083 est
3505 5029 3573 5081 ad

1993 5125 2398 5195 impetrandum
2430 5123 2576 5193 quod
2612 5123 2839 5193 petitur,
2888 5137 3089 5193 nempe
3134 5122 3448 5177 obedientia
3475 5135 3571 5174 eo-
3644 5141 3651 5147 ·

1993 5233 2114 5272 rum
2151 5216 2242 5286 qui
2277 5223 2492 5287 petunt,
2535 5215 2757 5286 quando
2815 5215 3023 5285 absque
3074 5214 3183 5268 ulla
3232 5212 3573 5269 haesitatione

1994 5309 2184 5375 fuerit,
2213 5324 2339 5379 erga
2390 5308 2545 5363 illum
2580 5308 2646 5362 ad
2679 5323 2842 5377 quem
2897 5307 3094 5379 petitio
3120 5306 3389 5377 dirigitur.
3423 5304 3573 5368 Quo-

1995 5402 2140 5456 niam
2165 5415 2295 5470 ergo
2324 5409 2378 5455 et
2400 5415 2500 5455 nos
2530 5401 2651 5470 ejus
2678 5408 2946 5471 pneccpta
2973 5399 3331 5456 custodimus.
3366 5406 3421 5451 et
3450 5411 3591 5465 quae

1994 5493 2187 5562 placita
2221 5499 2349 5546 sunt
2382 5490 2482 5561 ipsi
2518 5490 2765 5554 iacimus,
2829 5489 3170 5545 conﬁdamus
3203 5487 3347 5558 quod
3381 5488 3435 5540 in
3465 5501 3567 5555 pe-

1998 5583 2287 5639 titionibus
2326 5597 2439 5636 non
2469 5583 2641 5636 simus
2683 5581 2896 5651 passuri
2930 5579 3241 5648 repulsam:
3270 5593 3393 5632 cum
3428 5576 3563 5630 ασε-

1994 5687 2115 5733 ctus
2148 5676 2239 5746 qui
2274 5676 2328 5730 in
2352 5674 2599 5744 utrisque
2624 5682 2727 5735 est,
2762 5687 2974 5727 summe
3028 5672 3211 5741 cupiat
3258 5670 3560 5739 rependere

1993 5770 2140 5826 vices
2172 5769 2291 5839 ejus
2315 5767 2459 5839 quod
2507 5767 2576 5821 ad
2623 5781 2779 5820 usum
2836 5764 2988 5819 venit
3043 5763 3288 5818 alterius.
3323 5765 3388 5820 Et
3423 5763 3571 5832 quod

1995 5868 2329 5937 praceptum
2361 5858 2506 5913 illius
2530 5855 2909 5913 custodimus?
2935 5854 3070 5911 illud
3099 5856 3241 5927 quod
3268 5855 3342 5910 ait
3376 5874 3386 5908 :
3429 5854 3568 5908 Dile-
