3986 6566
271 412 364 476 ΐϐῑ

1271 383 1655 474 COMMENT.
1698 413 1779 473 IN
1821 411 2056 472 EPIST.
2102 412 2134 470 1-
2168 408 2505 470 JOANNIS.

3423 404 3528 466 662

272 527 525 595 ἔρχεται.
565 523 676 580 Kal
701 525 820 580 νῦν
846 526 918 580 ἐν
944 523 1024 591 τῷ
1052 526 1255 594 κόσμῳ
1277 528 1449 582 ἐστίν
1484 528 1622 597 ἤδη.
1655 530 1854 599 Ὑμεῖς

1965 526 2204 600 quoniam
2232 525 2405 588 maior
2447 533 2520 576 est
2562 522 2651 593 qui
2691 522 2744 574 in
2797 520 2939 575 vobis
2993 528 3070 574 est
3127 535 3287 591 quam
3331 520 3421 592 qui
3475 522 3528 573 in

278 618 337 671 ἐι
367 615 475 671 τοῦ
508 617 659 671 Θεοῦ
682 617 823 671 ἐστε
846 618 1072 675 τεκνία.
1098 617 1197 670 καὶ
1238 620 1591 686 νενικήκατε
1617 620 1859 686 αὐτοὺς,

272 711 360 764 ὅτι
392 708 611 778 μείζων
635 711 808 763 ἐστίν
862 713 897 763 ὀ
932 710 1003 764 ἐν
1038 709 1200 778 ὑμῖν,
1233 710 1270 778 ἦ
1322 714 1354 765 ὁ
1389 712 1461 765 ἐν
1516 710 1596 776 τῷ
1632 714 1858 779 κόσμῳ.

273 803 451 856 Αὐτοὶ
482 803 554 856 ἐκ
589 801 697 856 τοῦ
739 803 974 871 κόσμου
1003 802 1146 867 εἶσί,
1178 802 1276 856 διὰ
1327 804 1504 857 τοῦτο
1533 804 1600 857 ἐκ
1624 804 1729 857 τοῦ
1758 804 1855 857 κόο

273 909 435 957 σμου
494 894 781 954 λαλοῦσι,
848 893 947 948 καὶ
1006 898 1039 947 ὁ
1102 895 1330 963 κόσμος
1376 893 1574 948 αὐτῶν
1630 894 1856 948 ἀκούει.

289 985 488 1051 Ἡμεῖς
507 987 574 1038 ἐκ
604 986 710 1039 τοῦ
732 985 881 1039 Θεοῦ
901 985 1109 1051 ἐσμεν.
1146 986 1207 1038 '0
1227 984 1541 1054 γινώσκων
1561 985 1667 1038 τὸν
1686 985 1857 1050 Θεὸν,

1961 618 2177 675 mundo.
2208 617 2316 688 Ipsi
2334 618 2394 671 de
2410 617 2752 679 mundosunt,
2776 617 2889 667 ideo
2919 613 2981 667 de
3006 612 3199 667 mundo
3218 612 3523 683 loquuntur,

1961 719 2010 765 et
2035 709 2259 762 mundus
2294 724 2379 762 eos
2419 706 2730 786 audit.'Nos
2763 722 2826 759 ex
2856 705 2962 758 Deo
3007 720 3206 758 smnus.
3242 702 3344 768 Qui
3390 704 3528 756 navit

1959 801 2125 856 Deum
2156 801 2304 854 audit
2329 816 2420 853 nos
2455 816 2473 854 :
2505 800 2593 870 qui
2618 815 2719 852 non
2746 807 2824 852 est
2853 814 2917 851 ea:
2952 797 3079 861 Deo,
3112 813 3210 849 non
3239 797 3388 850 audit
3413 811 3525 848 uos.

1965 891 2067 947 Per
2094 894 2190 947 hoc
2214 892 2565 964 cognoscimus
2619 891 2868 962 spiritum
2910 889 3149 945 veritatis
3190 896 3240 943 et
3288 889 3528 959 spiritum

1960 1001 2176 1039 erroris.

276 1076 480 1129 ἀκούει
537 1074 724 1142 ἡμῶν.
790 1075 889 1139 ⁸·ος
933 1075 1045 1127 οὐκ
1071 1074 1246 1127 ἐστιν
1284 1075 1354 1125 ἐκ
1400 1073 1506 1126 τοῦ
1544 1073 1714 1138 Θεοῦ,
1745 1074 1857 1127 οὐκ
1896 1073 2102 1129 ἀκούει
2133 1073 2323 1144 ἡμῶν.
2375 1075 2469 1127 Ἐκ
2505 1075 2718 1128 τούτου
2744 1072 3120 1143 γινώσκομεν
3179 1074 3245 1127 τὸ
3295 1072 3531 1142 πνεῦμα

277 1168 387 1234 τῆς
407 1168 722 1231 ἀληθείας,
751 1166 849 1221 καὶ
877 1167 942 1220 τὸ
988 1166 1228 1235 πνεῦμα
1258 1167 1368 1234 τῆς
1399 1167 1661 1235 πλάνης.

347 1259 584 1311 Διελθὼν
619 1258 710 1311 τὸν
741 1260 869 1328 περὶ
900 1259 999 1328 τῆς
1027 1258 1249 1329 ἀγάπης
1292 1260 1394 1329 τῆς
1438 1261 1519 1324 εἰς
1561 1262 1690 1325 τοὺς
1718 1261 1858 1332 πληο

281 1352 392 1404 σὲον
407 1350 588 1417 λόγον,
626 1352 720 1402 καὶ
742 1348 944 1419 ταύτην
965 1347 1104 1403 εἶναι
1130 1349 1417 1422 γνώρισμα
1439 1352 1858 1424 ἀποφηνάμενος

279 1444 369 1510 τῆς
387 1442 482 1494 τοῦ
503 1443 820 1510 Πνεῦματος
841 1443 1102 1512 διαμονῆς
1118 1437 1178 1498 οὗ
1190 1443 1476 1513 ὲλάῦομεν,
1492 1444 1587 1498 νῦν
1607 1445 1858 1517 ἐπιφέρει

280 1536 369 1587 καὶ
400 1533 676 1605 διάκρισιν
706 1535 817 1586 τῶν
840 1535 1009 1599 ὅντως
1024 1534 1288 1605 ἀδελφῶν,
1315 1539 1410 1591 καὶ
1433 1537 1540 1591 τῶν
1566 1540 1858 1610 παραπλη-

280 1626 430 1687 σξων.
465 1627 555 1679 ἵνα
580 1625 785 1696 ταύτην
806 1626 1041 1694 ἔχοντες,
1068 1626 1142 1699 μὴ
1155 1626 1240 1681 διά
1257 1626 1355 1699 τὴν
1373 1629 1587 1699 ἐντολὴν
1616 1629 1711 1701 τὴν
1729 1647 1792 1683 πε
1801 1631 1855 1700 pi

278 1719 375 1786 τῆς
431 1718 676 1788 ἀγάπης,
722 1718 1142 1789 περιπίπτωμεν
1199 1721 1313 1783 τοῖς
1347 1719 1735 1791 ψευδαδέλφοις
1760 1722 1855 1776 καὶ

278 1808 737 1875 ψευδαποστόλοις
767 1809 863 1863 καὶ
907 1810 1399 1882 ψευδοπροφήταις,
1422 1813 1686 1882 μεγίστην
1723 1814 1854 1867 ἑαυ-

280 1904 388 1963 τοῖς
414 1899 623 1971 βλάϐην
639 1903 704 1955 ὲκ
721 1902 912 1956 τούτου
935 1902 1268 1973 πορίζοντες.
1298 1903 1387 1966 Ὠς
1402 1905 1511 1974 γάρ
1527 1905 1858 1977 ὁμοτρόποις

282 1993 701 2061 περιφυόμενοι,
737 1993 955 2063 πρῶτον
988 1994 1086 2063 μὲν
1125 1995 1353 2057 ἑαυτοὺς
1390 1994 1693 2065 βλάψομεν,
1728 1996 1856 2049 ἀσε-

282 2084 404 2138 6ἑσι
436 2084 539 2137 τοῦ
563 2084 727 2152 λόγου
755 2086 1216 2157 κεκοινωνηκότες
1253 2087 1355 2158 τῆς
1382 2086 1640 2154 πίστεως,
1665 2089 1765 2142 καὶ
1790 2088 1860 2142 τὰ

281 2177 410 2244 ἅγια
443 2179 560 2240 τοῖς
587 2178 715 2230 κυσὶ
744 2176 1141 2248 παραθέμενοι,
1190 2177 1386 2234 ἔπειτα
1442 2180 1536 2233 καὶ
1571 2182 1698 2244 τοὺς
1727 2183 1859 2253 ἡμῖν

279 2268 741 2337 προσανέχοντας.
785 2267 850 2321 Ἠ
897 2267 1007 2338 γάρ
1078 2269 1216 2340 πρὸς
1244 2269 1441 2334 αὐτοὺς
1483 2270 1643 2340 ἡμῶν
1671 2256 1857 2343 ἀγάπη

278 2356 509 2419 πολλοὺς
539 2359 719 2414 πείσει
754 2356 1055 2427 λαμὸάνειν
1096 2358 1296 2423 αὐτοὺς
1339 2359 1718 2424 διδασκάλους,
1764 2362 1875 2415 καὶ.

277 2448 567 2505 πιστεύειν
590 2451 703 2513 τοῖς
728 2450 820 2503 ὑπ’
851 2451 1032 2504 αὐτῶν
1059 2452 1378 2522 λεγομένοις
1414 2453 1743 2522 ἀφυλάκτως
1794 2454 1859 2506 ἐκ

275 2542 376 2609 τῆς
433 2540 570 2621 ,μεθ’
622 2541 780 2613 ἡμῶν
839 2542 1244 2614 κλεπτομένους
1272 2544 1454 2599 αὐτῶν
1501 2544 1865 2616 συναναστρο-

276 2638 408 2705 φῆς.
435 2635 550 2691 Καὶ
574 2635 629 2687 τί
665 2634 726 2688 τὸ
755 2634 1045 2706 γνώρισμα
1082 2636 1309 2700 τούτων,
1346 2637 1525 2710 ἀλλ’ἢ
1565 2637 1724 2692 τοῦτὸ
1755 2656 1862 2710 φη·

279 2741 400 2783 σιν⁸
439 2742 459 2778 ι
496 2726 612 2780 Πᾶν
638 2726 857 2798 πνεῦμα
881 2726 910 2780 ὃ
944 2727 1218 2799 ὁμολογεῖ.
1264 2747 1284 2781 ι
1315 2730 1431 2783 Πᾶν
1460 2729 1700 2799 πνεῦμα,
1739 2731 1862 2801 ἦτοι

278 2817 624 2885 προφητείας
664 2817 699 2888 ἢ
732 2816 946 2887 ἀξίωμα
1003 2818 1332 2888 ἀποστολῆς,
1387 2818 1418 2872 ὃ
1461 2820 1713 2889 ὁμολογεῖ
1752 2820 1864 2874 Κύ-

285 2922 401 2974 ριον
447 2907 654 2975 Ἰησοῦν
686 2908 745 2960 ὲν
785 2909 948 2979 σαρκὶ
981 2907 1300 2979 ἐληλυθότα.
1327 2910 1390 2963 ὲκ
1417 2908 1508 2963 τοῦ
1531 2910 1665 2965 Θεοῦ
1689 2913 1860 2966 ἐστιν.

288 3000 354 3052 Ὃ
386 2999 447 3051 δὲ
484 2999 643 3051 τοῦτο
672 3000 746 3070 μὴ
792 2998 1069 3068 ὁμολογεῖ,
1104 3002 1168 3054 ὲκ
1220 2999 1314 3052 τοῦ
1366 3000 1504 3054 Θεοῦ
1547 3002 1649 3055 οὐκ
1691 3002 1858 3067 ἔστιν,

2036 1259 2326 1330 Postquam
2354 1275 2663 1318 sermonem
2710 1262 2944 1318 absolvit
2968 1263 3037 1319 de
3062 1263 3357 1319 dilectione
3404 1278 3533 1335 erga

1962 1350 2293 1419 proximum,
2353 1360 2410 1405 et
2459 1352 2601 1405 hanc
2645 1351 2911 1408 indicium
2966 1368 3089 1408 esse
3138 1353 3532 1408 demonstravit

1962 1442 2363 1512 permansiouis
2410 1443 2650 1514 Spiritus
2688 1460 2850 1515 quem
2887 1445 3223 1517 accepimus,
3252 1444 3534 1515 subiungit

1962 1549 2111 1589 nunc
2147 1550 2334 1590 eorum
2362 1552 2579 1607 quoque
2625 1537 3068 1606 dijudicationem
3097 1537 3190 1607 qui
3249 1553 3376 1592 vere
3429 1536 3535 1591 fra-

1965 1635 2074 1679 tres
2126 1636 2255 1680 sunt
2306 1637 2361 1682 et
2424 1625 2680 1697 proximi,
2712 1636 2771 1682 ut
2796 1627 2937 1681 hanc
2982 1626 3266 1692 habentes,
3302 1642 3411 1681 non
3445 1642 3533 1680 tu-

1963 1717 2208 1772 cidamus
2275 1718 2563 1773 occasione
2644 1718 2899 1789 praecepti
2972 1717 3041 1773 de
3117 1716 3408 1773 dilectione
3477 1717 3530 1772 in

1957 1808 2122 1864 falsos
2175 1809 2370 1865 fratres
2421 1809 2693 1880 falsosque
2748 1809 3020 1879 apostolos
3077 1816 3133 1865 et
3182 1808 3348 1871 falsos
3404 1823 3532 1882 pro-

1956 1903 2198 1973 phetas,
2264 1902 2561 1957 maximum
2631 1901 2759 1957 inde
2825 1902 3085 1955 damnum
3172 1900 3330 1963 nobis
3401 1899 3535 1971 ipsis

1959 1994 2121 2064 587
2169 2001 2570 2064 comparantes.
2611 1992 2892 2064 Siquidem
2956 1992 3371 2063 complectendo
3410 1991 3534 2046 illos

1960 2074 2215 2155 tanquam
2247 2085 2501 2141 similium
2548 2093 2736 2140 essent
2789 2098 3023 2150 morum,
3075 2084 3313 2154 primum
3374 2083 3535 2143 nobis

1959 2176 2089 2247 ipsis
2112 2176 2449 2241 nocebimus,
2481 2176 2611 2231 dum
2645 2189 2896 2231 sermone
2920 2175 3389 2230 communicamus
3405 2190 3532 2229 cum

1961 2267 2044 2322 his
2068 2267 2158 2337 qui
2190 2266 2294 2321 ﬁde
2328 2265 2482 2337 impii
2514 2276 2663 2331 sunt,
2697 2274 2752 2320 et
2796 2273 2983 2320 sancta
3011 2264 3241 2319 canibus
3269 2266 3534 2335 proponi-

1958 2374 2081 2413 mus
2117 2377 2131 2412 :
2161 2357 2357 2413 deinde
2385 2365 2442 2413 et
2484 2357 2572 2412 his
2604 2358 2697 2427 qui
2737 2372 2843 2411 una
2886 2355 3171 2412 nobiscum
3220 2364 3530 2410 versantur.

1959 2447 2153 2504 Nostra
2182 2463 2419 2518 namque
2449 2462 2577 2517 erga
2605 2447 2728 2503 illos
2753 2448 2973 2502 dilectio
3003 2447 3255 2503 suadebit
3278 2447 3461 2502 multis
3475 2456 3537 2502 ut

1960 2541 2107 2611 ipsos
2129 2549 2409 2595 assumant
2440 2548 2825 2611 praeceptores,
2848 2539 3181 2610 credantque
3214 2539 3299 2595 his
3316 2554 3436 2609 quae
3464 2540 3534 2593 ab

1962 2633 2094 2704 ipsis
2126 2633 2409 2696 dicuntur,
2451 2632 2582 2688 dum
2617 2647 2727 2687 non
2758 2632 3137 2699 observantes,
3168 2632 3335 2687 veluti
3388 2631 3535 2687 furto

1962 2726 2215 2781 subducti
2270 2734 2403 2781 sunt
2464 2735 2690 2795 propter
2747 2725 2965 2780 illorum
3027 2724 3534 2781 conversationem.

1962 2832 2125 2887 quam
2162 2817 2371 2873 habent
2413 2816 2725 2883 nobiscum,
2761 2826 2818 2872 et
2845 2816 2990 2888 quod
3028 2816 3101 2872 sit
3157 2816 3353 2871 horum
3404 2815 3539 2870 indi-

1962 2909 2128 2975 cium,
2161 2908 2292 2964 dicit
2314 2909 2419 2964 hoc
2432 2923 2553 2964 esse
2576 2908 2720 2979 quod
2748 2907 3024 2978 sequitur:
3055 2924 3073 2957 ι
3102 2904 3292 2961 Omnis
3314 2904 3546 2975 Spiritus

1964 3002 2058 3074 qui
2080 3000 2392 3056 conﬁtetur.
2436 3018 2456 3053 ι
2491 2999 2684 3056 Omnis
2716 2999 2942 3070 spiritus
2976 2999 3092 3054 sive
3124 2998 3425 3068 prophetiae
3450 2995 3534 3053 vel

283 3090 423 3141 ἀλλὰ
450 3088 515 3141 τὸ
542 3090 762 3158 ἀξίωμα
786 3090 944 3143 τοῦτο
986 3092 1051 3145 ὲκ
1088 3091 1181 3145 τοῦ
1220 3092 1590 3162 Ἀντιχρίστου
1623 3094 1792 3160 ἐστὶν,
1825 3094 1854 3148 ὃ

1965 3097 2294 3168 apostolatus
2340 3094 2595 3165 dignitas,
2628 3109 2749 3163 quae
2787 3090 3082 3148 conﬁtetur
3123 3083 3414 3145 Dominum
3442 3089 3551 3159 {6—,

284 3180 584 3247 ἀκηκόατε.
614 3181 788 3246 Πότες
819 3175 981 3245 Ἐξοῦ
1019 3182 1123 3253 πρὸ
1151 3182 1363 3252 μικρῶν
1384 3183 1590 3251 ἔλεγεν,
1614 3185 1697 3239 ὅτι
1723 3186 1860 3239 Πολ-

287 3271 372 3323 λοὶ
418 3270 777 3338 Ἀντίχριστοι
808 3272 865 3324 ὲν
909 3270 986 3342 τῷ
1035 3273 1225 3344 κόσμῳ
1249 3287 1264 3301 ·
1310 3276 1613 3341 τουτέστιν,
1643 3276 1692 3328 oi
1723 3275 1858 3345 πρό-

286 3362 481 3431 δρομοι
503 3361 598 3415 τοῦ
644 3362 1033 3435 Ἀντιχρίστου.
1077 3364 1186 3435 Τὴν
1230 3365 1287 3419 δὲ
1317 3366 1611 3435 ὁμολογίαν
1643 3368 1742 3438 τῆς
1764 3367 1859 3421 τοῦ

287 3454 495 3526 Κυρῖου
530 3456 588 3507 ἐν
640 3456 799 3527 σαρκὶ
834 3456 1156 3526 παρουσίας,
1197 3457 1317 3528 οὐχὶ
1343 3458 1562 3532 γλώσσῃ
1608 3461 1740 3529 φησὶ
1777 3459 1863 3527 γί-

284 3547 497 3607 νεσθαι,
523 3547 660 3600 ἀλλὰ
674 3548 783 3610 τοῖς
809 3547 1012 3618 ἔργοις.
1046 3549 1168 3611 Πῶς
1194 3568 1209 3614 ;
1252 3548 1339 3614 Ὠς
1356 3551 1383 3604 ὁ
1417 3552 1689 3624 μακάριος
1716 3551 1863 3606 Παῦ-

286 3636 377 3699 λός
402 3654 536 3707 φησι
563 3654 577 3668 ο
617 3657 635 3690 ι
668 3636 909 3691 Πάντοτε¹
933 3640 1035 3708 τὴν
1065 3639 1334 3710 νέκρωσιν
1361 3641 1457 3696 τοῦ
1500 3643 1676 3713 Ἰησοῦ
1704 3661 1863 3716 περι-

288 3728 550 3797 φέροντες
589 3731 648 3782 ὲν
682 3730 762 3799 τῷ
799 3729 1037 3800 σώματι,
1067 3732 1154 3785 ἵνα
1188 3734 1339 3804 καὶὴ
1378 3734 1491 3805 ζωὴ
1542 3734 1635 3788 τοῦ
1684 3736 1861 3808 Ἰησοῦ

286 3821 345 3871 ὲν
385 3818 463 3888 τῷ
494 3820 707 3889 σώματι
755 3822 912 3891 ἡμῶν
965 3824 1280 3894 φανερωθῇ.
1316 3845 1334 3878 ι
1363 3828 1459 3890 Ὃς
1501 3822 1594 3880 οὖν
1639 3828 1862 3899 ἐνεργὸν

287 3908 403 3977 ἔχει
435 3911 527 3963 τὸν
569 3913 781 3982 Ἰησοῦν
817 3914 912 3967 καὶ
944 3913 1022 3983 τῷ
1071 3915 1264 3987 κόσμῳ
1316 3918 1576 3981 ἀπέθανε,
1615 3921 1713 3974 καὶ
1762 3922 1861 3976 οὐκ

287 3999 367 4052 ἐτι
388 4000 467 4072 τῷ
496 4002 684 4073 κόσμῳ
711 4003 798 4074 ζῇ,
839 4004 978 4058 ἀλλὰ
1007 4004 1086 4075 τῷ
1118 4007 1364 4080 Χριστῷ,
1411 4010 1507 4063 καὶ
1564 4011 1859 4083 περιφέρει

286 4091 500 4156 τοῦτον,
551 4094 654 4147 οὐκ
711 4097 768 4148 ὲν
792 4098 857 4167 τῇ
900 4096 997 4149 τοῦ
1034 4098 1272 4169 Χριστοῦ
1318 4100 1478 4170 μόνον
1514 4101 1700 4174 σαρκὶ.
1726 4103 1862 4160 ἀλλὰ

287 4185 384 4236 καὶ
414 4186 475 4238 ἐν
512 4188 577 4255 τῇ
605 4187 821 4251 ἑαυτοῦ,
877 4181 1033 4253 οὗτος
1071 4191 1136 4244 ὲκ
1177 4191 1272 4245 τοῦ
1305 4192 1442 4245 Θεοῦ
1470 4194 1643 4247 ἔστιν.
1673 4195 1863 4258 Ὅστις

284 4273 343 4327 δὲ
366 4275 491 4344 οὐχὶ
516 4277 758 4347 Χριστῷ,
793 4278 929 4334 ἀλλὰ
956 4280 1035 4350 τῷ
1068 4281 1261 4353 κόσμῳ
1312 4281 1402 4352 ζῇ,
1433 4284 1700 4350 τουτέστι,
1741 4289 1863 4350 ταῖς

283 4366 382 4419 τοῦ
450 4367 659 4437 κόσμου
711 4359 1090 4439 ἡδυπαθείαις,
1143 4374 1442 4439 ὁτοιοῦτος
1487 4377 1588 4429 οὐκ
1618 4378 1766 4430 ἐστιν
1797 4379 1861 4431 ὲκ

1965 3206 2083 3245 sum
2114 3189 2169 3244 in
2208 3201 2371 3243 carne
2393 3185 2632 3249 venisse,
2663 3201 2729 3240 ex
2761 3184 2872 3240 Deo
2901 3192 2985 3241 est
3013 3202 3027 3239 :
3068 3197 3190 3255 quae
3225 3193 3405 3238 autem
3432 3183 3547 3249 hoc~

1963 3297 2075 3337 non
2107 3279 2421 3344 conﬁtetur,
2451 3293 2517 3332 ex
2555 3275 2671 3331 Deo
2700 3290 2811 3330 non
2856 3283 2959 3342 est,
3002 3276 3098 3331 sed
3131 3274 3248 3330 haec
3299 3273 3563 3345 dignitas,

1963 3388 2029 3428 ex
2067 3370 2407 3426 Antichristo
2455 3378 2560 3434 est,
2601 3368 2670 3423 de
2712 3383 2824 3439 quo
2865 3367 3117 3423 audistis.
3153 3366 3421 3434 Quando?
3458 3365 3535 3420 Ex

1968 3464 2052 3519 his
2078 3463 2261 3518 verbis
2290 3477 2412 3532 quae
2441 3462 2605 3532 paulo
2650 3468 2777 3515 ante
2819 3459 2978 3527 dixit,
3014 3459 3158 3531 quod
3199 3459 3351 3514 multi
3379 3458 3538 3515 Anti-

1963 3553 2154 3609 christi
2183 3553 2294 3607 sint
2322 3553 2378 3607 in
2409 3552 2636 3616 mundo,
2672 3551 2779 3607 hoc
2834 3558 2919 3606 est
2964 3564 3334 3621 praecursores
3378 3550 3539 3605 Anti-

1962 3646 2175 3702 christi.
2220 3644 2390 3700 Porro
2432 3643 2836 3700 confessionem
2867 3642 3134 3697 adventus
3178 3640 3389 3696 Domini
3427 3656 3538 3695 non

1965 3739 2145 3808 lingua
2188 3738 2302 3793 ﬁeri
2344 3738 2495 3802 dicit,
2542 3737 2638 3793 sed
2686 3735 2970 3807 operibus.
3015 3735 3345 3801 Quomodo?
3387 3733 3540 3789 Sicut

1965 3829 2154 3883 beatus
2199 3828 2398 3883 Paulus
2457 3827 2588 3883 dicit
2634 3844 2646 3879 :
2702 3845 2721 3878 ι
2777 3825 3008 3894 Semper
3056 3823 3535 3878 mortiﬁcationem

1963 3920 2091 3975 Jesu
2151 3922 2206 3974 in
2247 3934 2478 3995 corpore
2514 3916 2987 3982 circumferentes,
3040 3922 3102 3969 ut
3152 3923 3203 3969 et
3252 3915 3359 3969 vita
3406 3912 3576 3987 Jesu‘

1964 4010 2021 4065 in
2051 4024 2282 4080 corpore
2310 4017 2498 4063 nostro
2521 4014 2787 4077 appareat
2814 4004 2884 4060 9‘.
2924 4023 2944 4056 ι
2977 4002 3082 4070 Qui
3116 4002 3279 4074 igitur
3303 4017 3538 4074 operan-

1968 4111 2075 4159 tem
2106 4102 2270 4156 habet
2297 4100 2508 4161 Jesum,
2563 4107 2618 4153 et
2640 4097 2846 4152 mundo
2880 4106 3129 4151 mortuus
3161 4102 3264 4159 est,
3297 4108 3398 4148 nec
3423 4092 3537 4163 jam

1965 4193 2169 4248 mundo
2191 4192 2328 4247 vivit
2353 4192 2449 4247 sed
2473 4190 2715 4256 Christo,
2742 4196 2799 4243 et
2823 4189 2970 4243 hunc
2997 4185 3313 4242 circumfert
3338 4200 3445 4238 non
3480 4185 3535 4238 in

1964 4286 2075 4339 sola
2097 4285 2300 4341 Christi
2337 4299 2523 4350 carne,
2551 4298 2740 4338 verum
2770 4281 2933 4337 etiam
2965 4279 3024 4335 in
3057 4293 3177 4346 sua,
3213 4279 3303 4333 hic
3332 4294 3395 4332 ex
3431 4276 3541 4331 Deo

1967 4383 2070 4428 est.
2097 4372 2357 4444 Quisquis
2385 4382 2567 4428 autem
2609 4387 2721 4427 non
2748 4371 2989 4437 Christo,
3022 4371 3118 4427 sed
3148 4368 3352 4425 mundo
3383 4368 3547 4437 vivit,

283 4459 381 4512 τοῦ
444 4458 604 4515 Θεοῦ.
653 4438 746 4515 Διδ
804 4465 898 4517 καὶ
954 4464 1166 4530 Παῦλός
1209 4484 1374 4538 φησιν
1401 4438 1429 4501 ον
1453 4487 1473 4520 ι
1507 4469 1685 4522 Ὅπου
1718 4487 1780 4539 γε
1804 4472 1860 4523 ὲν

1968 4465 2072 4520 hoc
2092 4438 2174 4520 est
2197 4438 2385 4520 mundi
2422 4463 2816 4534 voluptatibus,
2850 4462 2971 4517 talis
3015 4477 3130 4517 non
3166 4470 3253 4517 est
3282 4476 3349 4517 ex
3409 4458 3547 4525 Deo.

285 4553 422 4619 ὑμῖν
451 4551 624 4624 ἔριδες
657 4542 752 4608 καὶ
781 4554 1143 4626 διχοστασίαι,
1168 4558 1293 4629 οὐχὶ
1316 4560 1569 4630 σαρκικοί
1586 4561 1731 4627 ἐστε,
1761 4562 1858 4615 καὶ

284 4642 431 4696 κατὰ
452 4643 739 4713 ἄνθρωπον
786 4649 1161 4718 περιπατεῖτε.
1216 4666 1234 4699 ι
1286 4648 1344 4702 Ὀ
1382 4648 1439 4701 δὲ
1470 4651 1606 4703 κατὰ
1644 4649 1858 4721 ἀνορω-

284 4753 392 4789 πον
445 4740 788 4807 περιπατῶν..
847 4740 1066 4812 πνεῦμα
1120 4742 1361 4814 Χριστοῦ
1391 4743 1492 4797 οὐκ
1537 4744 1671 4814 ἔχει,
1712 4745 1772 4798 '0
1802 4745 1859 4798 δὲ

283 4828 527 4897 Χριστοῦ
581 4829 803 4901 πνεῦμα
858 4832 931 4903 μὴ
984 4833 1146 4903 ἔχων,
1199 4834 1500 4896 τουτέστιν,
1532 4837 1561 4889 ὁ
1605 4837 1858 4906 μὴκατὰ

283 4918 527 4986 Χριστὸν
561 4920 692 4987 ζῶν,
724 4920 802 4992 τῷ
832 4921 1024 4992 κόσμῳ
1044 4924 1326 4995 νεκρὼσας
1369 4925 1562 4978 ἑαυτὸν
1591 4924 1855 4996 δηλονότι,

284 5002 440 5071 οὗτος
464 5011 565 5062 οὐκ
585 5010 700 5064 ἔστι
722 5013 978 5082 Χριστοῦ.
1016 5031 1036 5065 ι
1076 5015 1165 5068 Ἐν
1188 5014 1265 5085 τῷ
1288 5016 1478 5085 κόσμῳ
1512 5009 1653 5069 εἶναι
1685 5016 1810 5087 ἤδη,
1836 5036 1854 5068 ι

286 5100 382 5154 τὸν
403 5100 775 5171 ’Δντίχριστόν
804 5121 986 5173 φησιν,
1002 5105 1064 5158 οὐ
1089 5104 1440 5176 σωματικῶς,
1469 5106 1607 5167 ἀλλὰ
1636 5106 1724 5160 διὰ
1747 5107 1855 5160 τῶν

290 5191 789 5260 προοδοποιούντιον
812 5194 963 5265 αὐτῷ
989 5193 1090 5266 τὴν
1135 5195 1462 5266 παρουσίαν,
1477 5184 1862 5267 ψευδοπροφη-

289 5281 397 5338 τῶν
427 5283 522 5337 καὶ
562 5282 1014 5352 ψευδαποστόλων
1060 5288 1157 5339 καὶ
1196 5286 1559 5357 αίρεσιωτῶν.
1602 5283 1772 5350 Οὗτος
1808 5287 1866 5341 δὲ

292 5377 321 5427 ὁ
360 5374 755 5445 ’Δντίχριστος,
805 5375 1097 5447 ἄνθρωπος
1138 5377 1231 5431 τὸν
1269 5379 1515 5432 Σατανᾶν
1555 5380 1866 5450 περιφέρων

297 5466 471 5535 ἔσται,
506 5468 943 5539 ὑπεραιρόμενος
989 5469 1082 5522 ἐπὶ
1113 5468 1290 5523 πάντα
1318 5469 1612 5539 λεγόμενον
1649 5471 1782 5525 Θεὸν
1827 5472 1860 5543 ἢ

304 5557 575 5629 σέϐασμα.
607 5560 709 5613 Διὸ
761 5560 955 5614 καὶτὰ
998 5561 1192 5615 εἴδωλα
1239 5561 1417 5615 σέϐειν
1459 5563 1738 5634 ἀθετήσει,
1773 5562 1867 5626 οὒς

299 5644 462 5713 Θεοὺς
488 5650 818 5723 λεγομένους
847 5654 1140 5724 ἐσήμανεν.
1167 5653 1267 5707 Διὰ
1300 5653 1357 5706 δὲ
1386 5654 1504 5718 τοῦ,
1540 5657 1648 5709 πᾶν
1706 5655 1870 5709 σέϐαι

367 5840 409 5871 ⁹¹
428 5836 472 5893 ιι
508 5839 636 5895 Cor.
660 5855 730 5907 tv,
765 5840 845 5897 10.
923 5842 966 5872 ’ί
1001 5839 1017 5892 Ι
1052 5841 1177 5896 (for.
1213 5857 1289 5909 Ill,
1324 5844 1376 5897 ὅ.
1453 5846 1495 5876 ’³
1519 5844 1652 5899 Rmu
1696 5860 1811 5909 vut,
1845 5844 1894 5901 9.

1965 4555 2090 4612 ideo
2116 4565 2173 4611 et
2205 4555 2409 4611 Paulus
2432 4556 2508 4610 ait
2536 4573 2550 4610 :
2579 4573 2598 4607 ι
2623 4554 2760 4609 Cum
2779 4553 2834 4608 in
2853 4553 3006 4609 vobis
3031 4554 3141 4609 sint
3160 4552 3544 4607 contentiones

1961 4655 2021 4702 et
2071 4646 2356 4713 factiones,
2415 4661 2601 4701 nonne
2667 4645 2915 4701 carnales
2954 4644 3108 4708 estis,
3160 4652 3218 4698 et
3242 4643 3543 4715 secundum

1963 4740 2243 4795 hominem
2282 4739 2574 4795 ambulatis
2599 4738 2693 4793 “i
2724 4757 2744 4791 ι
2779 4736 2885 4803 Qui
2915 4750 3046 4791 vero
3086 4735 3389 4808 secundum
3443 4736 3541 4788 ho-

1965 4832 2169 4888 minem
2194 4831 2455 4897 ambulat,
2477 4830 2684 4886 Cbristi
2709 4831 2962 4900 spiritum
2991 4844 3102 4883 non
3137 4828 3302 4883 habet
3340 4827 3409 4893 ”,
3440 4827 3553 4899 hoc,

1966 4932 2052 4979 est
2077 4922 2169 4994 qui
2194 4938 2304 4977 non
2336 4923 2637 4979 secundum
2680 4923 2959 4978 Christum
2996 4920 3149 4985 vivit,
3182 4921 3254 4987 ita
3286 4919 3553 4989 videlicet

1967 5024 2031 5072 ut
2083 5016 2323 5085 seipsum
2392 5015 2598 5070 mundo
2652 5013 3096 5079 mortiﬁcaverlt,
3165 5012 3255 5083 hic
3304 5027 3415 5081 non
3461 5020 3548 5066 est

1968 5111 2195 5167 Christi.
2234 5131 2254 5164 ‹
2286 5113 2354 5167 Ει
2394 5126 2542 5166 nunc
2574 5112 2685 5183 jam
2716 5111 2771 5165 in
2811 5109 3017 5165 mundo
3052 5115 3157 5164 est.
3198 5127 3217 5161 ι
3256 5108 3311 5162 In
3341 5107 3546 5173 mundo

1972 5204 2049 5259 ait
2102 5202 2215 5273 jam
2260 5218 2382 5258 esse
2421 5201 2843 5266 Antichristum,
2891 5215 3002 5269 non
3038 5199 3415 5270 corporaliter,
3450 5195 3545 5254 sed

1975 5302 2197 5365 propter
2224 5308 2417 5348 eorum
2444 5292 2790 5363 praesentiam
2821 5290 2914 5363 qui
2937 5291 3080 5346 viam
3110 5276 3184 5344 illi
3217 5296 3542 5361 praeparant,

1973 5400 2171 5456 nempe
2198 5384 2722 5455 pseudoprophetas,
2756 5373 3206 5454 pseudapostolos
3248 5389 3303 5437 et
3329 5380 3548 5436 haereti-

1975 5492 2088 5532 cos.
2114 5475 2214 5531 Hic
2241 5484 2424 5531 autem
2442 5475 2819 5531 Antichristus
2841 5475 3005 5530 homo
3034 5474 3136 5528 erit
3157 5471 3249 5542 qui
3288 5469 3544 5528 Satanam

1977 5568 2345 5632 circumferet,
2396 5567 2572 5623 elatus
2619 5568 2881 5623 adversus
2936 5576 3153 5627 omnem
3211 5561 3301 5632 qui
3346 5561 3547 5617 dicitur

1984 5661 2122 5714 Deus
2151 5668 2245 5715 aut
2265 5674 2470 5716 numen
2496 5658 2565 5714 ”.
2598 5659 2721 5717 Ideo
2743 5672 2959 5730 quoque
2988 5654 3129 5712 idola
3160 5654 3336 5709 colere
3357 5668 3549 5725 aspero

1977 5847 2018 5879 οδ
2056 5847 2079 5915 l,
2113 5844 2306 5905 Thess.
2359 5861 2415 5914 ιι,
2453 5846 2504 5907 4,.
