3986 6574
203 400 321 464 εει

1188 401 1574 461 COMMENT.
1610 402 1688 460 IN
1709 399 1946 459 EPIST.
1995 400 2021 456 Ι
2064 401 2414 461 JOANNIS.

3378 402 3485 466 ιτῖὁ

205 522 375 589 ἡμῖν,
400 518 493 573 καὶ
525 516 783 586 ζήσωμεν
807 517 876 593 διῖ
910 515 1100 570 αὐτοῦ.
1131 517 1346 587 Ὠσπερ
1386 517 1495 585 γὰρ
1521 515 1797 582 suam;

1904 514 2056 580 dum,
2090 526 2149 570 ut
2172 530 2355 570 veram
2384 515 2546 568 vitam
2579 512 2739 568 nobis
2778 512 3062 577 tribueret,
3089 520 3145 568 et
3173 514 3483 571 viveremus

202 610 456 678 λέγεται,
488 609 573 663 ὅτι
610 608 677 662 δι’
704 608 1018 679 ἀγαθότητα
1062 609 1336 682 ὑπέστησε
1361 608 1453 663 τὸν
1479 606 1673 676 νοητὸν
1699 608 1793 659 κό-

204 717 356 772 σμον
412 702 508 755 καὶ
549 701 642 753 τὸν
689 700 969 769 αἰσθητὸν.
1010 701 1098 755 ἴνα
1147 700 1245 771 ἔχῃ
1296 701 1393 754 τοῦ
1445 701 1615 762 ὅντως
1641 700 1796 767 ὄντος

206 794 416 848 ἑαυτοῦ
451 795 764 856 κοινωνοὺς.
794 792 937 847 οὕτω
959 794 1052 847 καὶ
1076 792 1144 846 δι’
1164 792 1388 862 ἀγάπην
1410 793 1509 864 τὴν
1538 796 1617 857 εἰς
1645 796 1794 862 ἡμᾶς

200 885 335 947 δοὺς
368 884 464 938 τὸν
505 883 774 955 μονογενῆ
805 884 971 937 αὐτοῦ
992 884 1120 938 Υῑὸν
1151 884 1233 947 εὶς
1256 885 1346 938 τὸν
1374 885 1597 955 κόσμον,
1627 884 1794 949 ἔδειξε

205 978 303 1029 καὶ
334 976 428 1029 διὰ
477 976 785 1030 τούτου.ὃτι
824 975 1016 1043 ἀγάπη
1055 976 1193 1037 ἐστὶ,
1239 975 1321 1029 διὸ
1354 977 1448 1029 καὶ
1483 978 1643 1033 αὐτὸς
1672 978 1796 1029 ἐπι-

201 1071 388 1139 φέρει,
431 1086 452 1119 ι
499 1068 592 1122 Ἐν
635 1067 813 1138 τούτῳ
845 1069 993 1123 ἐστὶν
1043 1069 1076 1137 ἡ
1101 1069 1314 1137 ἀγάπη,
1346 1087 1364 1119 ι
1420 1069 1542 1121 ἀντὶ
1565 1069 1683 1133 τοῦ,
1709 1069 1796 1122 Ἐν

201 1160 389 1230 τούτῳ
424 1161 711 1213 δείκνυται
735 1159 817 1211 ὅτι
841 1160 1031 1229 ἀγάπη
1061 1161 1211 1213 ἐστὶν
1237 1162 1264 1213 ὁ
1297 1160 1448 1223 Θεός.
1484 1155 1616 1213 Εἶτα
1647 1159 1795 1224 ἐξαί-

202 1270 316 1319 ρων
348 1252 412 1304 τὸ
442 1252 543 1322 τῆς
571 1251 666 1305 τοῦ
693 1250 827 1305 Θεοῦ
872 1252 1091 1322 ἀγάπης
1122 1252 1306 1311 καλὸν.
1347 1254 1534 1323 φησιν.
1570 1254 1681 1322 Οὐχ
1712 1255 1796 1307 ὅτι

197 1344 255 1397 δὲ
286 1346 463 1412 ἡμεῖς
509 1344 821 1414 ὴγαπῶμεν
876 1343 1060 1407 αὑτὸν,
1095 1343 1251 1396 τοῦτο
1292 1344 1546 1414 ἐποίησεν
1582 1346 1608 1397 ὀ
1641 1345 1793 1408 Θεὸς,

197 1436 293 1487 τὸν
336 1434 542 1487 ἑαυτοῦ
580 1433 707 1487 Υἱὸν
745 1433 889 1503 ὑπὲρ
928 1434 1087 1504 ἡμῶν
1119 1434 1243 1498 δούς
1267 1450 1283 1465 ⁶
1340 1436 1478 1506 ὅπερ
1512 1437 1797 1505 ἐποφεὶλε-

199 1546 293 1581 ται
318 1529 441 1589 τοῖς
467 1527 884 1596 ἀγαπωμένοις,
915 1526 1240 1582 ἀντιδιδόναι
1275 1530 1388 1592 τοῖς
1417 1530 1674 1597 ἀγαπῶσι
1697 1529 1798 1601 τὴν

201 1624 335 1692 ἴσην
373 1620 648 1683 διάθεσιν,
676 1619 813 1673 ἀλλά
851 1620 1252 1690 προκατάρχων
1282 1621 1381 1690 τῆς
1411 1622 1490 1683 εἰς
1523 1622 1674 1691 ἡμᾶς
1704 1623 1798 1675 εὐ-

200 1713 470 1779 εργεσίας
486 1714 553 1767 δι’
566 1714 807 1783 ἀγάπης,
822 1712 1111 1766 ἀπέστειλε
1133 1714 1224 1766 τὸν
1241 1715 1370 1767 re»:
1384 1715 1571 1769 αὐτοῦ.
1597 1719 1708 1771 Καὶ
1729 1720 1792 1773 οὐ

203 1806 370 1876 μόνον
398 1806 743 1860 ἀπέστειλεν·
763 1805 898 1858 ἀλλά
921 1808 1016 1860 καλ⁸
1040 1807 1181 1878 ὑπὲρ
1198 1808 1305 1860 τῶν
1334 1810 1624 1880 ἁμαρτιῶν
1641 1812 1673 1879 ἡ
1682 1812 1797 1880 μῶν

1902 622 2001 677 per
2028 606 2226 676 ipsum.
2258 605 2725 674 Quemadmodum
2751 605 2899 661 enim
2931 606 3148 662 bonitas
3173 608 3393 670 dicitur,
3417 626 3484 664 eo

1899 699 2045 769 quod
2080 708 2302 769 propter
2329 698 2658 764 bonitatem,
2701 696 3127 755 intellectualem
3155 715 3218 756 ac
3242 702 3480 755 sensibi-

1900 792 2005 844 lem
2037 792 2300 846 mundum
2331 790 2676 860 produxerit,
2719 800 2776 845 ut
2809 790 2856 845 is
2903 790 2997 861 qui
3058 807 3187 846 vere
3234 800 3338 853 est,
3376 793 3480 846 ali-

1898 900 2037 953 quos
2062 884 2286 938 haberet
2319 882 2401 940 sui
2427 883 2723 954 participes
2758 901 2770 937 :
2798 883 2870 938 ita
2901 898 3119 953 quoque
3142 893 3367 954 propter
3394 885 3481 940 di-

1899 976 2187 1030 lectionem
2216 990 2322 1044 qua
2352 991 2452 1046 pro
2478 974 2638 1028 nobis
2676 974 2827 1031 dedit
2852 971 3205 1043 Unigenitum
3239 989 3398 1030 suum
3428 976 3481 1029 in

1899 1067 2185 1130 mundum,
2221 1068 2461 1123 ostendit
2488 1067 2652 1123 etiam
2683 1082 2780 1136 per
2810 1067 2915 1122 hoc
2943 1067 3087 1137 quod
3119 1067 3357 1122 charitas
3384 1068 3478 1121 sit.

1898 1159 2021 1215 Ideo
2051 1169 2105 1215 et
2128 1161 2248 1230 ipse
2277 1160 2560 1232 subiungit
2587 1179 2602 1216 :
2632 1179 2649 1211 ι
2682 1159 2738 1213 ln
2768 1160 2872 1214 hoc
2902 1167 2986 1214 est
3019 1158 3279 1221 Charitas.
3315 1178 3334 1211 ι
3381 1160 3483 1213 hoc

1898 1264 2001 1321 est,
2019 1254 2078 1308 In
2103 1256 2209 1311 hoc
2233 1254 2541 1311 ostenditur
2563 1255 2707 1325 quod
2729 1256 2874 1311 Deus
2896 1256 2967 1310 sit
2992 1256 3249 1310 charitas.
3275 1254 3485 1309 Deinde

1899 1350 2168 1403 extollens
2213 1348 2512 1409 bonitatem
2549 1347 2835 1403 cbaritatis
2868 1347 2982 1413 Dei,
3020 1347 3099 1402 ait
3132 1366 3145 1402 :
3182 1346 3299 1402 Non
3336 1347 3479 1415 quod

1897 1458 1999 1496 nos
2027 1441 2379 1495 dilexerimns
2408 1440 2583 1509 ipsum
2616 1440 2721 1494 lmc
2745 1439 2873 1495 fecit
2905 1439 3071 1505 Deus,
3111 1440 3248 1494 dans
3282 1438 3480 1494 Filium

1898 1551 2056 1591 suum
2087 1549 2188 1604 pro
2224 1534 2405 1595 nobis.
2438 1533 2593 1603 quasi
2646 1526 2867 1587 dilectis
2900 1532 3200 1595 debuisset,
3248 1543 3306 1585 ut
3355 1532 3482 1585 dili-

1899 1627 2154 1696 gentibus
2205 1626 2539 1696 rependeret
2584 1626 2849 1695 aequalem
2894 1624 3152 1679 allectum
3195 1644 3207 1678 :
3249 1624 3346 1677 sed
3385 1638 3483 1691 per

1898 1719 2221 1774 charitatem
2256 1717 2407 1788 prior
2434 1717 2730 1785 auspicans
2781 1714 3111 1769 beneﬁcium
3165 1728 3292 1781 erga
3355 1727 3478 1773 nos,

1902 1809 2048 1863 misit
2074 1806 2271 1862 Filium
2308 1823 2467 1863 suum
2503 1826 2515 1861 :
2554 1821 2657 1860 nec
2682 1805 2855 1861 solum
2874 1803 3045 1869 misit,
3097 1818 3291 1856 verum
3316 1803 3479 1855 etiam

197 1899 287 1951 διὰ
337 1898 441 1952 τοῦ
501 1899 634 1952 ἰδίου
684 1899 919 1969 αἵματος
961 1899 1333 1965 ἐξιλάσασθαι.
1376 1903 1440 1955 ΕΞ
1474 1899 1565 1957 οὖν
1598 1904 1791 1971 οὕτως,

1903 1917 1997 1970 pro
2030 1902 2267 1970 peccatis
2294 1898 2498 1954 nostris
2521 1896 2743 1968 proprio
2772 1895 2918 1950 illius
2948 1893 3214 1964 sanguine
3243 1892 3483 1959 placatus

200 1992 392 2059 ςησὶν,
421 1992 875 2063 ἡγάπησενήμᾶς
901 1994 928 2045 ὁ
947 1992 1100 2055 Θεὸς,
1133 1993 1311 2046 καίτοι
1342 1995 1510 2064 μηδὲν
1532 1997 1611 2058 εἰς
1629 1996 1795 2064 φύσιν

198 2084 353 2153 αὐτῷ
378 2084 803 2148 κοινωνοῦντας,
826 2084 1007 2154 πολλῷ
1031 2084 1195 2138 πλέον
1211 2085 1499 2157 ὀφείλομεν
1520 2088 1614 2140 καὶ
1635 2090 1796 2158 ἡμεῖς

197 2176 324 2238 τοὺς
350 2176 624 2244 ὁμοφυεῖς
650 2178 783 2246 ἡμῖν
815 2178 1062 2249 ἀγαπᾷν,
1100 2179 1197 2231 καὶ
1233 2176 1459 2245 γνόντες
1486 2179 1547 2231 τὸ
1568 2179 1677 2233 ἀπὸ
1696 2183 1795 2251 τῆς

199 2266 432 2336 ἀγάπης
452 2267 640 2331 καλὸν,
671 2267 935 2338 ἀλλήλοις,
960 2267 1118 2323 τοῦτο
1139 2269 1429 2325 διακονεῖν.
1456 2270 1668 2343 Ὠσπερ
1689 2275 1797 2344 γὰρ

204 2358 466 2428 ἔγκλημα
495 2358 575 2429 τῷ
610 2359 688 2430 μὴ
734 2360 1051 2431 αἱρουμένῳ
1096 2362 1159 2415 τὸ
1187 2363 1432 2434 αἱρετὸν,
1467 2365 1567 2417 καὶ
1597 2364 1683 2436 τῷ
1717 2366 1792 2435 μὴ

203 2452 459 2520 ψιλοῦντι
494 2454 555 2507 τδ
580 2454 828 2524 φιλητὸν,
859 2454 1037 2518 οὕτως
1086 2456 1308 2511 ἔπαινον
1366 2461 1649 2531 περιποιεῖ
1682 2462 1796 2525 τοῖς

203 2542 470 2608 ἀγαπῶσι
496 2545 625 2607 τοὺς
656 2544 842 2610 ἀξίους
870 2546 1115 2617 ἀγάπης,
1151 2546 1242 2601 διὰ
1272 2548 1336 2601 τὸ
1387 2545 1526 2602 εἶναι
1578 2550 1797 2620 ἀγαπη-

204 2632 351 2695 τούς.
389 2632 554 2686 Οὕτω
578 2634 636 2688 δὲ
661 2635 1007 2700 διατεθέντες
1033 2636 1233 2707 ἔχομεν
1257 2638 1568 2707 ἀμφότερα,
1606 2639 1702 2695 καὶ
1733 2641 1796 2694 τὸ

204 2718 539 2792 ἀγαὲητοὶ,
569 2726 659 2780 διὰ
693 2726 754 2780 τὸ
792 2727 899 2780 ὑπὸ
920 2727 1056 2782 Θεοῦ
1089 2729 1407 2800 ὴγαπῆσθαι
1436 2730 1531 2784 καὶ
1564 2731 1797 2802 προσλη-

205 2816 414 2886 φθῆναι
447 2817 540 2870 ὑπ’
569 2818 757 2883 αὑτοῦ,
784 2820 879 2872 καὶ
905 2819 968 2873 τὸ
998 2821 1386 2889 ἁγαπητικοι,
1412 2822 1504 2877 διὰ
1525 2823 1627 2893 τῆς
1658 2824 1797 2895 πρὸς

204 2909 334 2971 τοὺς
372 2906 608 2975 πλησίον
658 2909 913 2981 ἀγάπης⁹
961 2912 1182 2984 ἀγάπης
1221 2914 1280 2968 δὲ
1314 2915 1416 2985 τῆς
1463 2915 1792 2987 εἰλικρινοῦς

205 3001 302 3053 καὶ
327 3001 607 3072 καθαρᾶς,
633 3002 746 3056 ἀλλ’
771 3004 834 3057 οὐ
859 3006 961 3074 τῆς
992 3004 1277 3075 ἑμπαθοῠς
1302 3024 1362 3063 τε
1388 3008 1486 3067 καὶ
1515 3011 1791 3079 ῥυπαρᾶς,

202 3093 328 3161 ητις
356 3091 590 3164 λῃσταῖς
640 3094 707 3147 ἀν
747 3095 841 3151 καὶ
884 3097 998 3159 τοῖς
1040 3095 1226 3161 ἀλλοις
1260 3096 1594 3169 κακούργοις
1626 3098 1794 3168 ἐγγέ-

201 3200 373 3237 νοιτο.

274 3381 437 3433 Θεὸν
470 3378 673 3446 οὐδεὶς
701 3379 939 3434 πώποτε
961 3378 1248 3435 τεθέαται.
1296 3379 1441 3437 Ἔάν
1476 3382 1799 3450 ἀγαπῶμεν

205 3468 548 3538 ἀλλήλους,
581 3474 617 3526 ό
661 3471 805 3538 Θεὸς
841 3472 912 3525 ἐν
937 3471 1084 3541 ἡμῖν
1132 3474 1323 3543 μένει.
1383 3474 1484 3528 καὶ
1525 3478 1563 3543 ἡ
1594 3475 1795 3545 ἀγάπη
1828 3486 1831 3491 ‘

208 3561 402 3616 αὐτοῦ
450 3562 876 3633 τετελειωμένη
929 3563 1102 3618 ἐστὶν
1157 3564 1230 3617 ἐν
1264 3563 1429 3633 ἡμῖν,
1486 3566 1584 3617 Ἐν
1611 3565 1799 3630 τούτῳ

208 3650 588 3721 γινώσκομεν
620 3653 711 3708 ὅτι
757 3654 828 3708 ἐν
863 3654 1029 3721 αὑτῷ
1069 3655 1352 3724 μένομεν,
1393 3656 1491 3709 καὶ
1520 3658 1702 3722 αὐτὸς
1729 3656 1800 3709 ἐν

206 3742 377 3811 ἡμῖν,
404 3742 496 3796 ὅτι
515 3744 583 3797 ἐκ
615 3744 723 3799 τοῦ
752 3746 1095 3812 πνεύματος
1118 3746 1306 3799 αὑτοῦ
1338 3744 1605 3800 δέδωκεν
1630 3746 1793 3812 ἡμῖν.

208 3834 322 3887 Καὶ
390 3837 565 3904 misit:
618 3840 945 3905 τεθεάμεθα
977 3838 1077 3891 καὶ
1136 3837 1572 3909 adpareat-ger,
1627 3837 1716 3890 ὅτι
1764 3840 1797 3891 ό

210 3926 420 3995 Πατὴρ
487 3925 838 3983 ἀπέσταλκε
872 3927 983 3982 τὸν
1015 3930 1156 3983 Υιὸν
1201 3928 1450 3997 Σωτῆρα
1524 3933 1632 3983 τοῦ
1695 3931 1797 3983 κό-

209 4035 398 4087 σμου.

279 4111 533 4181 Εἴπομεν
576 4111 672 4165 καὶ
721 4111 829 4182 πρὸ
872 4112 1087 4178 τούτου,
1131 4112 1208 4176 ὡς
1256 4111 1380 4174 ἔθος
1417 4114 1496 4182 τῷ
1541 4112 1796 4184 μακαρὶῳ

212 4204 410 4275 τούτῳ,
432 4204 503 4257 τὰ
518 4205 657 4260 αὐτὰ
691 4206 951 4278 περὶτῶν
974 4206 1155 4260 αὐτῶν
1176 4207 1347 4261 ἀναλα
1354 4207 1523 4278 μσάνε
1533 4224 1600 4270 ιν,
1619 4208 1714 4260 τοῦ
1734 4225 1795 4261 τε

213 4296 326 4361 ῑξιν
353 4296 650 4367 βούλεσθαι
672 4296 799 4352 ⁴τίιῖιν
829 4297 1142 4367 λεγομένων
1169 4301 1288 4363 τοῖς
1335 4298 1795 4369 μαθητευομένοις

217 4387 549 4456 περιποιεῖν,
580 4386 675 4440 καὶ
717 4385 812 4440 ἐπὶ
845 4387 906 4441 τὸ
944 4386 1286 4460 τρανώτερον
1327 4390 1419 4442 τὸν
1454 4389 1612 4457 λόγον
1640 4390 1796 4459 ἄγειν

217 4480 310 4531 καὶ
330 4478 686 4550 τελεώτερον.
735 4479 972 4551 Ἑτέρως
997 4482 1108 4550 γὰρ
1130 4482 1226 4535 καὶ
1255 4482 1457 4551 ἑτέρως
1496 4482 1796 4553 ἐπιχειρῶν

1897 1999 1999 2046 est.
2032 1990 2085 2045 Si
2116 1990 2195 2045 sic
2224 2004 2351 2060 ergo
2396 1989 2584 2043 dilexit
2611 2004 2714 2042 nos
2746 1987 2911 2051 Deus,
2942 1985 3137 2057 inquit,
3173 1998 3480 2054 quanquam

1897 2083 1955 2136 in
1997 2092 2192 2136 natura
2254 2081 2392 2135 nihil
2461 2080 2623 2134 nobis
2688 2092 2980 2133 commune
3023 2086 3168 2131 esset
3216 2091 3338 2131 cum
3367 2074 3480 2137 illo,

1898 2172 2071 2237 multo
2109 2171 2283 2240 magis
2311 2170 2579 2226 debemus
2609 2176 2664 2223 et
2698 2184 2798 2225 nos
2827 2167 3052 2239 diligere
3081 2181 3176 2221 eos
3205 2167 3296 2236 qui
3337 2166 3484 2235 ejus-

1897 2265 2021 2325 dem
2050 2265 2337 2321 nobiscum
2382 2272 2513 2320 sunt
2540 2274 2749 2321 naturae
2787 2283 2800 2318 :
2831 2263 3131 2335 etcognito
3171 2262 3315 2317 bono
3334 2259 3483 2330 quod

1896 2373 1927 2412 a
1961 2358 2228 2413 charilate
2280 2355 2548 2426 procedit,
2597 2355 2830 2410 invicem
2877 2354 3010 2409 illud
3071 2352 3477 2408 administrare.

1897 2448 2367 2515 Quemadmodum
2399 2447 2547 2502 enim
2597 2447 2753 2516 culpa
2804 2454 2889 2502 est
2933 2446 3006 2500 illi
3047 2446 3141 2517 qui
3175 2462 3284 2499 non
3322 2443 3474 2514 eligit

1898 2539 2046 2606 quod
2074 2538 2383 2609 eligendum
2414 2547 2520 2602 est,
2552 2552 2656 2592 nec
2679 2546 2827 2592 amat
2875 2537 3022 2607 quod
3075 2536 3310 2591 amabile
3354 2544 3438 2590 est
3464 2552 3478 2589 :

1896 2630 1971 2685 ita
2002 2637 2059 2683 et
2087 2628 2232 2683 laudi
2265 2629 2427 2689 datur
2460 2628 2527 2683 iis
2555 2629 2647 2700 qui
2682 2628 2917 2700 diligunt
2946 2628 3143 2699 dignos
3164 2628 3479 2691 dilectione,

1898 2732 1963 2771 eo
1992 2716 2137 2786 quod
2166 2715 2321 2771 chari
2355 2718 2488 2772 sint.
2519 2717 2598 2772 Ita
2626 2728 2808 2773 autem
2831 2717 3035 2783 allecti,
3063 2726 3357 2788 utrumque
3388 2718 3484 2771 ha-

1897 2808 2087 2862 bemus
2119 2825 2135 2864 :
2168 2807 2331 2880 590
2360 2817 2414 2864 ct
2438 2809 2733 2878 ἀγαπητοί,
2772 2810 2828 2865 id
2861 2819 2965 2874 est,
2994 2809 3148 2865 cbari
3172 2825 3385 2874 sumus,
3414 2822 3483 2864 eo

1894 2900 2040 2969 quod
2069 2916 2099 2955 a
2124 2898 2233 2954 Deo
2263 2901 2427 2955 amati
2450 2910 2507 2956 et
2533 2902 2797 2972 assumpti
2826 2903 3020 2966 simus,
3053 2899 3478 2971 οιὰγαπητικοι,

1896 2992 2002 3047 hoc
2045 3002 2148 3053 est.
2190 3007 2377 3047 amore
2404 3001 2798 3062 persequentes
2836 3007 2936 3061 per
2965 2992 3315 3049 dilectionem
3347 3006 3476 3059 erga

1894 3086 2174 3156 proximos
2202 3103 2217 3141 :
2246 3085 2618 3146 dilectionem,
2665 3084 2909 3154 inquam,
2946 3083 3217 3137 sinceram
3276 3098 3338 3137 ac
3366 3097 3440 3152 pu
3461 3111 3481 3122 —

1901 3191 2037 3236 ram.
2062 3191 2178 3230 non
2221 3184 2404 3230 autem
2446 3173 2738 3229 all'ectibus
2776 3172 3066 3227 obnoxiam
3096 3186 3159 3225 ac
3186 3171 3481 3236 sordidam,

1900 3283 2022 3337 qua:
2072 3267 2283 3323 sicariis
2307 3267 2540 3336 aliisque
2570 3265 2896 3322 facinorosis
2933 3264 3251 3336 contingere
3279 3272 3481 3334 potest.

1970 3359 2061 3422 IV,
2098 3360 2187 3424 12,
2220 3359 2510 3415 M.'Deum
2538 3375 2689 3414 nemo
2721 3357 2849 3412 cidit
2888 3373 3142 3428 unquam.
3186 3354 3245 3410 Si
3287 3354 3485 3426 diliga-

1899 3471 2017 3517 mus
2043 3470 2135 3509 nos
2151 3454 2395 3521 inuicem,
2427 3452 2565 3507 Deus
2591 3468 2685 3506 nos
2701 3452 2753 3505 in
2769 3450 2912 3505 nobis
2945 3458 3141 3513 manet,
3175 3457 3223 3502 et
3252 3448 3485 3502 charilas

1900 3547 2015 3616 ejus
2043 3554 2117 3601 est
2145 3547 2375 3615 perfecta
2410 3546 2466 3599 in
2500 3544 2666 3599 nobis.
2702 3543 2784 3597 Ex
2820 3544 2915 3596 hoc
2947 3543 3305 3612 cognoscimus
3331 3541 3388 3594 in
3418 3556 3480 3593 eo

1902 3654 1995 3691 nos
2023 3653 2240 3691 manere
2282 3647 2327 3689 et
2363 3637 2537 3705 ipsum
2568 3637 2621 3687 in
2669 3634 2832 3701 nobis,
2874 3634 3013 3703 q-Iod
3044 3640 3108 3687 de
3145 3633 3335 3703 spiritu
3389 3648 3486 3686 suo

1898 3731 2100 3784 dederit
2130 3730 2303 3785 nobis.
2326 3730 2395 3785 Et
2424 3746 2517 3783 nos
2539 3730 2765 3783 vidimus
2794 3737 2844 3781 et
2869 3736 3130 3781 testamur
3160 3730 3297 3798 quod
3323 3725 3488 3779 Pater

1900 3822 2099 3875 miserit
2133 3819 2329 3874 Filium
2362 3837 2512 3874 suum
2535 3819 2865 3874 Salvatorem
2901 3818 3104 3871 mundi.

1976 4100 2219 4157 Diximus
2271 4097 2435 4153 etiam
2487 4095 2722 4151 antehae
2772 4090 2916 4164 quod
2970 4091 3101 4146 huic
3159 4090 3318 4145 beato
3366 4090 3486 4143 viro

1898 4195 2070 4251 moris
2090 4195 2163 4250 sit
2196 4191 2387 4249 eadem
2420 4189 2487 4245 de
2522 4189 2730 4243 eisdem
2780 4194 3055 4256 repetere,
3111 4198 3177 4238 ac
3237 4183 3483 4237 habitum

1899 4302 2090 4345 eorum
2130 4300 2251 4355 qua:
2268 4280 2524 4339 dicuntur
2547 4280 2688 4336 velle
2715 4279 2945 4350 inﬁgere
2974 4277 3041 4332 iis
3073 4275 3165 4346 qui
3189 4276 3481 4340 docentur,

1897 4384 1954 4432 et
1985 4389 2296 4433 sermonem
2330 4375 2529 4429 dueere
2560 4371 2631 4427 ad
2660 4370 2714 4425 id
2742 4370 2888 4440 quod
2915 4368 3118 4424 clarius
3182 4382 3245 4423 ac
3285 4366 3469 4437 perfe-

1899 4469 2042 4524 ctius
2094 4477 2198 4523 est.
2255 4467 2380 4525 Alio
2435 4464 2582 4520 enim
2630 4473 2687 4520 et
2746 4463 2853 4518 alio
2910 4461 3073 4516 modo
3122 4459 3485 4531 aggrediendo

217 4570 323 4622 ἀπὸ
347 4571 461 4622 τῶν
486 4572 546 4624 ὲν
577 4570 659 4641 τῷ
700 4550 991 4641 πράγματι
1039 4550 1518 4642 ὲνθεωρουμένων,
1555 4550 1649 4627 καὶ
1685 4550 1795 4627 οἷον

1903 4564 1970 4618 ab
2028 4562 2118 4616 his
2199 4574 2320 4630 qua:
2416 4558 2470 4612 in
2526 4572 2585 4611 re
2650 4553 3103 4624 conspiciuntur,
3180 4559 3235 4604 et
3315 4550 3482 4604 veluti

220 4663 278 4716 τὸ
311 4664 535 4727 ἐλλιπὲς
565 4664 659 4718 τοῦ
707 4665 870 4733 λόγου
910 4666 1263 4735 ἀναπληρῶν,
1310 4667 1651 4737 τελεωτάτην
1697 4669 1799 4740 τὴν

222 4752 330 4804 τῶν
391 4752 704 4822 λεγομένων
753 4756 988 4806 ποιεῖται
1041 4752 1333 4818 ἀπόδειξιν.
1384 4755 1543 4807 Κατά
1592 4754 1797 4825 ταύτην

221 4845 312 4896 καὶ
338 4844 438 4897 νῦν
465 4843 565 4914 τὴν
600 4836 822 4915 ἀγωγην
850 4844 1130 4914 χρώμενος
1156 4844 1234 4914 τῷ
1256 4846 1399 4917 λόγῳ
1425 4847 1557 4915 φησί
1579 4864 1594 4878 ·
1622 4866 1640 4897 ε
1667 4846 1801 4901 Θεὸν

220 4934 397 4997 οὐδεὶς
422 4934 645 4988 πώποτε
674 4935 951 4990 τεθέαται.
998 4955 1016 4989 ι
1066 4938 1222 4991 Ἐπεὶ
1249 4939 1360 5010 γὰρ
1388 4940 1519 5009 περὶ
1544 4940 1641 5009 τῆς
1659 4939 1801 5007 ἀγά-

223 5041 329 5095 πης
356 5023 461 5093 τῆς
487 5026 568 5088 εἰς
591 5026 719 5089 τοὺς
764 5026 1028 5095 ἀδελφοὺς
1064 5029 1388 5099 ποιούμενος
1425 5031 1551 5093 τοὺς
1587 5030 1798 5099 λόγους,

221 5119 311 5171 τὸν
337 5118 473 5172 Θεδν
500 5120 581 5182 εἰς
618 5119 925 5191 ὑπόδειγμα
951 5121 1187 5192 προῆγε,
1220 5122 1380 5176 δόντα
1409 5122 1500 5176 τὸν
1530 5123 1664 5176 Υἱὸν
1698 5124 1798 5175 αὺο

225 5210 316 5264 τοῦ
336 5210 430 5264 τὸν
456 5210 721 5281 μονογενῆ
745 5210 833 5265 διὰ
857 5210 954 5282 τὴν
984 5215 1113 5282 περὶ
1141 5214 1291 5284 ἡμᾶς
1332 5214 1555 5286 ἀγάπην
1586 5218 1667 5279 εἰς
1701 5215 1800 5269 Θά-

225 5319 401 5358 νατον.
427 5301 746 5359 Ἀκόλουθον
772 5302 829 5357 δὲ
846 5298 914 5374 ἦν
937 5304 1116 5357 εἰπεῖν
1145 5321 1286 5370 τινα,
1311 5307 1419 5359 Καὶ
1455 5307 1619 5361 πόθεν
1642 5308 1804 5361 τοῦτο

226 5392 403 5460 λέγεις
461 5393 593 5463 περὶ
637 5395 984 5463 πραγμάτων
1019 5394 1264 5450 ἀθεάτων
1327 5396 1424 5448 καὶ
1472 5397 1798 5466 ἀνεφίκτων,

230 5489 321 5540 καὶ
345 5485 681 5548 διαϐεὸαιοῖς
709 5488 857 5557 ἡμᾶς
897 5480 979 5550 οἷς
1010 5489 1176 5558 μήπω
1196 5505 1279 5551 τις
1306 5487 1547 5556 ἐγνωκε;
1580 5491 1802 5562 συντρέ-

231 5596 338 5647 χων
362 5578 458 5633 οὖν
495 5581 607 5642 τοῖς
626 5578 772 5631 οὕτω
799 5578 1019 5647 λέγουσι
1046 5596 1180 5650 φησι
1219 5582 1314 5633 καὶ
1354 5580 1539 5647 αὐτὸς,
1562 5582 1645 5637 ὅτι
1667 5582 1802 5636 Θεὸν

185 5706 194 5715 .
236 5668 331 5737 μὲν
376 5668 560 5731 οὐδεὶς
611 5666 827 5733 ἑώρακε
885 5669 1127 5727 πώποτε.
1180 5671 1443 5743 Σύμφημι
1488 5674 1583 5727 καὶ
1617 5674 1799 5739 αὐτός.

244 5758 377 5813 Ἀλλ’
400 5762 464 5813 ἐκ
479 5760 579 5829 τῆς
598 5761 679 5822 εἰς
695 5760 958 5829 ἀλλήλους
977 5762 1221 5833 ἀγάπης,
1255 5764 1413 5833 φησὶ,
1433 5765 1799 5835 γινώσκομεν,

238 5848 314 5935 ὅτι
345 5850 526 5933 te»;
560 5850 618 5903 tv
667 5851 800 5920 ἡμῖν
847 5851 985 5906 ιστι.
1029 5852 1139 5932 Καὶ
1172 5851 1354 5916 καλῶς
1404 5852 1564 5907 τοῦτο
1624 5853 1797 5923 λέγει.

1903 4652 2181 4724 complens
2210 4651 2358 4722 quod
2404 4649 2462 4703 in
2506 4661 2759 4704 sermone
2806 4645 2979 4706 deest,
3029 4642 3484 4713 perfectissimam

1904 4746 2036 4801 facit
2077 4740 2603 4801 demonstrationem
2638 4752 2829 4801 eorum
2861 4750 2983 4805 quae
3014 4735 3291 4789 dicuntur.
3325 4732 3484 4788 Juxta

1904 4840 2049 4894 bane
2080 4835 2480 4891 institutionem
2510 4832 2672 4888 etiam
2696 4845 2847 4891 nunc
2880 4844 3133 4884 sermone
3168 4836 3349 4892 utens,
3371 4828 3482 4880 ait:

1913 4948 1932 4981 ι
1967 4928 2138 4982 Deum
2168 4939 2334 4980 nemo
2379 4922 2516 4977 vidit
2544 4934 2806 4989 unquam.
2838 4937 2857 4971 ι
2888 4917 3160 4982 Quoniam
3193 4916 3340 4970 enim
3372 4930 3486 4970 ser-

1904 5034 2128 5076 monem
2168 5017 2375 5073 faciens
2404 5014 2470 5068 de
2497 5000 2764 5067 charitate
2797 5024 2923 5080 erga
2955 5008 3171 5075 fratres,
3218 5008 3389 5061 Deum
3431 5006 3485 5058 itr

1904 5108 2212 5179 exemplum
2242 5105 2591 5176 produxerat,
2610 5100 2701 5172 qui
2725 5098 2918 5153 Filium
2951 5114 3109 5154 suum
3148 5098 3484 5169 unigenitnin

1906 5203 2059 5260 dedit
2096 5202 2154 5256 in
2208 5206 2468 5262 mortem,
2508 5203 2731 5266 propter
2776 5192 3100 5247 cbaritatem
3145 5206 3307 5259 quam
3358 5204 3482 5258 erga

1906 5312 2011 5352 nos
2048 5293 2243 5351 habuit
2268 5310 2281 5346 :
2316 5304 2657 5360 consequens
2677 5296 2860 5343 autem
2896 5294 3015 5341 crat
3039 5292 3098 5338 ut
3122 5284 3318 5353 aliquis
3338 5281 3484 5334 dice-

1907 5398 1992 5447 ret
2025 5408 2038 5443 :
2066 5388 2135 5442 Et
2162 5386 2306 5442 unde
2342 5392 2437 5440 aut
2461 5382 2732 5453 quomodo
2760 5380 2867 5436 hoc
2913 5378 3051 5433 dicis
3076 5379 3142 5430 de
3165 5369 3467 5428 rebusinvio

1907 5482 2158 5538 sibilibus
2194 5487 2249 5535 et
2292 5474 2966 5547 incomprehensibilibus,
3012 5479 3067 5523 et
3092 5477 3180 5522 tua
3212 5463 3353 5534 apud
3377 5476 3478 5515 nos

1906 5573 2201 5629 conﬁrmas
2240 5571 2325 5624 bis
2357 5585 2478 5639 qua:
2502 5580 2780 5635 nunquam
2820 5560 3016 5631 aliquis
3059 5549 3345 5627 cognovit?
3384 5565 3481 5604 oc-

1908 5679 2139 5722 currens
2173 5663 2340 5734 igitur
2363 5661 2450 5715 his
2473 5658 2565 5731 qui
2591 5659 2662 5713 ila
2689 5657 2954 5716 dicerent,
2978 5650 3054 5706 ait
3077 5659 3132 5703 et
3157 5648 3273 5716 ipse
3295 5665 3303 5695 :
3323 5644 3480 5709 Quod

1909 5758 2077 5813 Deum
2111 5772 2241 5811 sane
2267 5768 2431 5809 nemo
2468 5764 2706 5820 unquam
2746 5745 2965 5804 viderit.
3023 5751 3079 5796 et
3121 5756 3220 5810 ego
3265 5752 3481 5807 quoque

1908 5865 2094 5907 assero
2129 5867 2142 5904 :
2174 5847 2266 5902 scd
2297 5862 2362 5902 es
2396 5842 2688 5900 dilectione
2717 5853 2844 5909 erga
2869 5850 2970 5891 nos
3006 5843 3218 5895 mutua,
3275 5846 3476 5898 t'ugtm-
