3986 6586
535 403 641 466 667

1591 409 1992 472 (ECUMENII
2016 414 2315 476 TRICCE
2351 417 2693 478 EPISCOPI

3686 420 3797 485 €68

535 522 737 575 scimus
766 519 911 590 quod
943 519 1085 575 Deus
1113 537 1167 575 tn
1196 523 1355 577 nobis
1378 522 1466 578 sit.
1508 522 1574 578 Et
1612 533 1759 578 recte
1798 526 1905 581 hoc
1955 527 2096 583 dicit

2215 530 2392 584 Πολλά
2428 531 2538 602 γὰρ
2567 531 2677 584 τῶν
2702 529 2955 585 ἀθεάτων
2984 531 3116 602 ἡμῖν
3143 530 3335 586 ἐκτῶν
3358 530 3678 603 ἐνεργειῶν,
3709 533 3793 586 ὃτι

536 613 699 666 Multa
725 627 960 681 namque
1012 628 1077 666 ex
1128 613 1212 668 his
1250 630 1370 683 quae
1406 615 1567 669 nobis
1625 614 1917 671 invisibilia
1953 627 2101 683 sunt,

532 722 595 760 ex
627 706 930 759 actionibus
979 721 1099 760 esse
1129 706 1613 774 deprehendimus.
1662 707 1821 762 Certe
1848 711 2109 777 quemad-

536 796 753 849 modum
789 810 964 864 neque
1003 798 1237 849 animam
1272 796 1543 864 quispiam
1576 796 1735 861 vidit,
1771 799 1863 851 sed
1924 810 2104 855 tamen

533 904 595 939 ex
631 891 732 940 acti
762 889 938 941 ‘llibllS
968 897 1022 941 et
1064 888 1394 942 motionibus
1447 888 1501 942 in
1553 890 1713 944 nobis
1746 906 1868 945 esse
1914 892 2108 961 depre-

538 981 757 1032 hendit:
788 983 860 1031 ita
889 988 940 1031 et
976 979 1322 1032 dilectionem
1360 979 1448 1033 Dei
1487 995 1613 1048 erga
1662 996 1782 1042 nos,
1815 982 1976 1035 veluti
2013 998 2108 1052 per

533 1076 818 1139 quamdam
856 1072 1147 1124 motionem
1185 1088 1248 1124 ac
1292 1073 1667 1141 operationem
1700 1076 2102 1144 cognoscimus.

531 1166 749 1228 Quodsi
783 1165 882 1217 hoc
913 1166 1210 1218 absurdum
1233 1182 1340 1217 non
1373 1175 1477 1226 est.
1512 1182 1687 1235 neque
1720 1166 1822 1221 iste
1856 1169 1938 1221 vir
1971 1184 2106 1234 pra:-

533 1270 615 1313 ter
643 1263 899 1313 deromm
924 1277 987 1314 ετ
1026 1261 1345 1329 operatione
1393 1262 1560 1314 Deum
1593 1277 1810 1330 quoque
1864 1263 1916 1316 in
1949 1264 2107 1319 nobis

529 1364 649 1402 esse
681 1350 936 1403 ostendit.
974 1348 1038 1403 Et
1065 1367 1185 1419 qua:
1210 1360 1294 1404 est
1322 1350 1601 1419 operatio?
1632 1349 1774 1405 Pura
1798 1366 1863 1406 ac
1892 1352 2108 1407 sincera

530 1441 749 1495 dilectio
784 1457 908 1510 erga
942 1442 1275 1511 proximum.

601 1532 756 1602 591
784 1532 905 1586 Hzec
934 1534 1079 1586 enim
1106 1534 1291 1587 ellicax
1318 1543 1401 1588 est
1422 1543 1474 1588 et
1494 1534 1700 1588 nullum
1735 1535 1943 1590 habens
1956 1536 2108 1591 defe-

529 1636 696 1690 ctum,
741 1627 959 1693 quando
1002 1626 1254 1680 videlicet
1286 1642 1418 1695 pura
1454 1634 1556 1681 est.
1590 1627 1704 1681 Hoc
1732 1628 1989 1682 indicium
2023 1636 2106 1683 est

2211 623 2316 675 eici
2350 622 2860 694 καταλαμϐάνομεν.
2908 623 3127 693 Ἀμέλει
3151 622 3341 694 ὥσπερ
3358 624 3481 677 οὐδὲ
3503 624 3689 695 ψυχήν
3711 642 3795 686 τις

2211 712 2479 782 ἑώρακεν,
2510 713 2627 766 ἀλλ’
2650 716 2713 768 ὲκ
2737 713 2849 767 τῶν
2886 714 3181 786 ἐνεργειῶν
3207 714 3339 782 γοῦν
3370 715 3465 768 καὶ
3491 714 3602 768 τῶν
3637 733 3793 785 κινη-

2213 804 2401 872 μάτων
2436 806 2694 857 κατανοεῖ
2718 802 2795 866 ὡς
2812 803 3111 875 ἐνυπάρχει
3128 805 3282 874 ἡμῖν,
3304 804 3448 859 οὕτω
3463 804 3563 857 καὶ
3581 805 3683 871 τὴν
3711 806 3795 868 είς

2209 894 2357 961 ἡμᾶς
2377 894 2541 948 αὑτοῦ
2560 895 2802 965 ἀγάπην,
2833 896 2909 959 ὡς
2931 896 3020 950 διά
3034 912 3180 960 τινος
3228 897 3503 967 κινήσεως
3532 897 3628 950 καὶ
3642 897 3798 967 ἐνερ-

2209 983 2362 1051 γείας
2381 985 2822 1052 γινώσκομεν.Εί
2868 983 2925 1037 δὲ
2968 984 3130 1038 τοῦτο
3149 984 3249 1037 οὐκ
3295 984 3402 1049 ἔξω
3440 984 3533 1038 τοῦ
3557 984 3792 1047 είκὸτος.

2208 1074 2328 1126 οὐδὲ
2362 1075 2390 1127 ὀ
2421 1074 2563 1138 θεῖος
2580 1069 2736 1139 οὗτος
2752 1074 3056 1146 ἀνήρπαρά
3070 1076 3131 1129 τὸ
3153 1076 3300 1140 είκὸς
3313 1077 3377 1128 ὲκ
3390 1076 3489 1144 τῆς
3508 1077 3795 1146 ἐνεργείας

2207 1160 2347 1217 εἶναι
2360 1165 2450 1216 τὸν
2466 1164 2598 1217 Θεὸν
2614 1164 2709 1218 καὶ
2728 1167 2782 1217 ὲν
2795 1167 2927 1235 ἡμῖν
2941 1165 3321 1219 δείκνυσι.1(α¹ί⁵
3339 1165 3421 1228 τίς
3435 1167 3468 1235 ἡ
3492 1167 3683 1236 ὲνέργε
3694 1183 3749 1219 ια
3775 1184 3790 1231 ;

2220 1255 2284 1308 'H
2306 1258 2385 1320 είς
2400 1257 2525 1320 τοὺς
2539 1257 2764 1328 πλησίον
2780 1258 2945 1329 ἡμῶν
2985 1257 3204 1328 καθαρὰ
3232 1257 3330 1310 καὶ
3357 1257 3543 1322 ἄδολος
3574 1258 3790 1327 ἀγάπη.

2279 1528 2427 1599 Αὕτη
2487 1527 2596 1598 γὰρ
2628 1527 2725 1581 καὶ
2779 1526 3009 1599 ἐνεργὴς
3068 1528 3165 1581 καὶ
3222 1528 3541 1600 ἀνελλιπὴς,
3599 1529 3661 1581 ὲν
3708 1528 3788 1599 τῷ

2210 1621 2432 1691 καθαρά
2489 1619 2738 1690 δηλονότι
2834 1614 2998 1677 εῖναι.
3095 1617 3271 1672 Τοῦτο
3348 1618 3410 1673 τὸ
3485 1618 3788 1689 γνώρισμα

525 1724 578 1769 et
607 1733 705 1770 nos
730 1719 783 1770 in
813 1718 927 1784 ipso
951 1728 1004 1771 et
1031 1719 1208 1786 ipsum
1239 1718 1291 1771 in
1323 1719 1480 1772 nobis
1503 1734 1742 1785 manere,
1770 1721 1915 1790 quod
1942 1720 2096 1774 etiam

2206 1714 2305 1781 τῆς
2332 1731 2391 1766 τε
2418 1713 2577 1785 ἡμῶν
2628 1713 2686 1766 ὲν
2710 1711 2860 1783 αὐτῷ
2891 1714 3061 1781 μονῆς
3094 1713 3191 1765 xui
3219 1712 3320 1779 τῆς
3364 1714 3422 1764 ὲν
3472 1714 3608 1781 ἡμῖν
3647 1711 3791 1763 ὲκεί-

526 1808 593 1862 de
613 1809 812 1878 Spiritu
833 1827 931 1864 suo
957 1812 1165 1866 dederit
1194 1812 1372 1866 nobis.
1392 1812 1526 1865 Nam
1544 1813 1634 1882 qui
1659 1829 1826 1882 purus
1841 1824 1944 1878 est,
1969 1830 2096 1884 pura

2209 1827 2324 1873 νου,
2360 1809 2457 1862 καὶ
2483 1808 2588 1871 ὅτι,
2645 1806 2802 1877 φησὶ,
2829 1806 2987 1860 τοῦτο
3018 1808 3083 1859 ἐκ
3112 1806 3209 1860 τοῦ
3274 1806 3593 1877 Πνεύματος
3619 1806 3791 1859 αὐτοῦ

525 1909 578 1954 ει
595 1905 660 1953 ah
685 1902 832 1955 onmi
852 1904 1012 1957 sorde
1034 1903 1377 1957 immaculata
1399 1904 1555 1958 nobis
1572 1905 1812 1974 largitur.
1838 1905 2096 1971 Quoniam

2211 1899 2441 1953 δέδωκεν
2471 1901 2628 1969 ἡμῖν.
2668 1898 2728 1952 ’0
2764 1899 2874 1968 γὰρ
2904 1898 3145 1968 καθαρὸς
3168 1899 3390 1972 καθαρά
3414 1899 3509 1953 καὶ
3541 1898 3792 1968 ἄκραντα

523 2008 652 2066 ergo
682 2010 776 2061 per
793 2011 980 2063 puram
1012 1995 1360 2049 dilectionem
1384 2012 1507 2051 cum
1525 2012 1590 2051 eo
1616 1998 2096 2064 communicamus,

2212 1992 2416 2055 παντὸς
2448 1991 2622 2062 ῥύπου
2656 1992 2968 2062 χαρίζεται.
3012 1992 3169 2046 Ἐπεὶ
3188 1992 3281 2046 οὖν
3313 1993 3400 2046 διὰ
3414 1996 3514 2063 τῆς
3537 1993 3792 2064 καθαρᾶς

522 2100 586 2139 ex
621 2086 721 2139 hoc
750 2088 911 2140 etiam
943 2102 1066 2152 nos,
1094 2087 1288 2157 inquit,
1311 2088 1401 2158 qui
1426 2091 1724 2143 secundum
1750 2104 2096 2144 carnemeum

2211 2086 2433 2155 ἀγάπης
2459 2084 2608 2155 αὑτῷ
2635 2085 3022 2155 κοινωνοῦμεν,
3050 2086 3116 2139 ὲκ
3144 2085 3338 2140 τούτου
3355 2087 3450 2140 καὶ
3467 2087 3653 2155 ἡμεῖς,
3686 2105 3791 2156 qq-

525 2178 780 2240 vidimus,
810 2180 1165 2249 cognovimus
1189 2196 1339 2241 eum,
1379 2189 1435 2235 et
1458 2181 1816 2259 testiiicamur
1848 2182 1989 2251 quod
2010 2180 2109 2235 Pa-

526 2277 610 2321 ιρι·
641 2269 850 2324 miserit
879 2286 1003 2324 eum
1027 2273 1363 2326 Salvator-em
1393 2274 1602 2327 mundi.
1635 2272 1738 2327 Sed
1763 2282 2103 2342 praeternos-

523 2366 655 2409 trau.
713 2373 930 2426 quoque
982 2360 1232 2413 notitiam
1280 2361 1396 2429 ipse
1457 2362 1621 2414 etiam
1678 2375 1781 2414 nos
1825 2360 2104 2423 instruxit,

522 2448 817 2515 perfectius
835 2450 887 2503 iu
906 2449 1046 2503 hanc
1063 2451 1431 2520 cognitionem
1451 2468 1551 2506 nos
1583 2453 1867 2514 inducens,
1889 2454 2107 2521 quando

521 2541 695 2594 dixit:
731 2558 749 2591 ι
788 2540 985 2595 Exivia
1014 2542 1190 2607 Patre,
1225 2553 1277 2597 et
1305 2545 1429 2598 veni
1458 2545 1509 2597 in
1543 2545 1806 2597 mundum
1835 2544 1899 2597 “.
1934 2563 1952 2594 ι
1995 2544 2106 2600 Hoc

523 2641 784 2698 quantum
815 2632 880 2686 ad
918 2633 967 2686 id
1010 2634 1205 2687 attinet
1238 2636 1381 2704 quod
1410 2636 1606 2689 Filium
1643 2652 1801 2690 suum
1837 2636 2104 2706 Unigeni-

524 2731 636 2775 tum
675 2724 744 2777 ob
789 2725 962 2777 nostri
1012 2725 1361 2779 dilectionem
1407 2727 1686 2781 demiserit
1730 2728 1785 2780 in
1815 2729 2100 2782 mundum.

2213 2176 2321 2241 civ,
2353 2175 2569 2228 οἱκατὰ
2606 2176 2786 2243 σάρκα
2813 2174 3136 2243 τεθεαμένοι
3182 2175 3348 2229 αὐτὸν
3399 2175 3651 2245 ἔγνωμεν
3697 2178 3792 2228 καὶ

2214 2266 2619 2339 μαρτυροῦμεν,
2638 2269 2728 2321 ὅτε
2758 2269 2787 2320 ὀ
2829 2266 3017 2338 Πατὴρ
3065 2267 3408 2322 ἀπέσταλκεν
3462 2268 3631 2321 αὑτὸν
3670 2267 3790 2319 2m-

2208 2358 2351 2428 τῆρα
2381 2357 2477 2411 τοῦ
2516 2356 2743 2427 κόσμου.
2779 2357 2939 2412 Ἀλλά
2968 2358 3061 2410 καὶ
3087 2358 3226 2426 πρὸς
3257 2361 3324 2428 τῇ
3354 2357 3608 2428 ἡμετέρᾳ
3644 2356 3790 2425 εγνὼ-

2210 2468 2315 2511 σει,
2389 2454 2484 2505 καὶ
2537 2451 2700 2513 αὐτὸς
2747 2450 3078 2520 ἐξηγήσατο,
3141 2449 3470 2520 τελεώτερον
3528 2451 3681 2520 ἡμᾶς
3722 2452 3788 2519 τῇ

2207 2540 2432 2613 τοιαύτῃ
2468 2539 2784 2611 ἐμϐιϐάζων
2804 2540 3026 2609 γνώσει,
3054 2542 3185 2594 ποτὲ
3225 2540 3325 2611 μὲν
3354 2541 3552 2607 λέγων,
3595 2560 3615 2593 ι
3664 2539 3787 2604 Ἑξο

2206 2634 2370 2703 ἧλθον
2396 2633 2505 2687 ἀπὸ
2524 2632 2619 2687 τοῦ
2648 2632 2862 2702 Πατρὸς
2895 2633 2989 2685 καὶ
3023 2631 3257 2701 ἐλήλυθα
3278 2633 3360 2693 είς
3379 2631 3470 2686 τὸν
3502 2632 3729 2701 κόσμον,
3764 2650 3784 2683 ι

2204 2726 2363 2778 τοῦτο
2398 2726 2528 2793 περὶ
2590 2722 2683 2777 τοῦ
2744 2722 3108 2792 καταπέμψαι
3170 2722 3312 2793 ὑπὲρ
3355 2722 3455 2792 τῆς
3508 2723 3791 2793 ἡμετέρας

523 2814 760 2867 Rursum
805 2830 868 2869 ex
906 2816 1028 2869 aliis
1059 2817 1442 2875 manifestius:
1492 2819 1641 2872 Adeo
1683 2819 1828 2872 enim
1857 2859 1871 2882 ,
1902 2818 2096 2888 inquit,

2206 2817 2427 2885 ἀγάπης
2465 2814 2559 2869 ἀπ’
2582 2813 2815 2885 οὐρανοῦ
2839 2814 2931 2867 τὸν
2966 2814 3095 2867 Υίὸν
3148 2813 3316 2868 αὐτοῦ
3372 2814 3465 2866 τὸν
3515 2813 3787 2884 μονογενῆ

522 2906 663 2959 Deus
692 2907 878 2960 dilexit
909 2909 1192 2971 mundum,
1222 2918 1278 2964 ut
1318 2909 1514 2963 Filium
1552 2927 1708 2963 suum
1758 2911 2096 2980 unigenitum

2206 2909 2284 2971 είς
2301 2908 2390 2960 τὸν
2417 2907 2623 2977 κόσμον
2643 2922 2658 2936 ο
2696 2906 2788 2959 καὶ
2819 2905 2886 2959 δι’
2917 2906 3120 2976 ἑτέρων
3150 2905 3208 2959 δὲ
3233 2906 3394 2960 πάλιν
3414 2907 3745 2977 τρανότερον
3767 2919 3785 2937 ’

521 2998 713 3061 daret,
748 3008 804 3051 ut
835 3001 1014 3053 omnis
1039 3003 1128 3069 qui
1164 3003 1337 3056 credit
1371 3002 1422 3055 in
1454 3019 1575 3055 cum
1604 3019 1710 3056 non
1747 3013 1953 3072 pereat.
1990 3004 2053 3057 Et
2082 3018 2096 3057 :

2211 3021 2230 3054 ε
2258 3002 2524 3067 Τοσοῦτον
2552 3000 2682 3072 γὰρ,
2701 3002 2893 3069 φησὶν,
2913 3000 3198 3070 ἠγάπησεν
3218 3002 3247 3054 ὁ
3275 2999 3407 3060 Θεὸς
3439 2999 3530 3052 τὸν
3557 3000 3785 3070 κόσμον,

519 3089 636 3143 Νοιι
666 3093 788 3143 veni
821 3092 1130 3158 utjudicem
1155 3094 1440 3158 mundum,
1468 3095 1562 3147 sed
1593 3103 1651 3147 ut
1679 3097 1887 3149 salvum
1907 3095 2096 3149 faciam

2206 3093 2346 3145 ὥστε
2372 3093 2464 3144 τὸν
2493 3091 2619 3145 Υίὸν
2643 3089 2808 3144 αὐτοῦ
2828 3090 2921 3144 τὸν
2957 3091 3222 3161 μονογενῆ
3277 3089 3504 3153 ἔδωκεν,
3533 3090 3627 3144 ἵνα
3678 3093 3788 3152 πᾶς

520 3181 802 3234 mundum.
878 3182 1150 3237 llnbctnus
1203 3184 1368 3254 igitur
1426 3193 1482 3238 et
1531 3201 1558 3237 a
1619 3195 1807 3239 nostro
1855 3186 2095 3255 ipsorum

2206 3183 2521 3236 ὑπιστεύων
2546 3182 2633 3235 ἐπ’
2657 3181 2805 3252 αὐτῷ
2831 3181 2906 3252 μὴ
2924 3178 3192 3251 ἀπόληται
3211 3197 3224 3209 °
3253 3200 3271 3232 ι
3298 3182 3413 3246 καὶ,
3436 3200 3454 3232 ι
3482 3182 3598 3234 Οὐκ
3621 3177 3787 3252 ἦλθον

517 3283 739 3339 aspectu
762 3313 775 3335 ,
814 3273 1009 3341 inquit,
1051 3284 1106 3327 et
1144 3288 1171 3326 a
1207 3275 1456 3327 doctrina
1487 3276 1764 3346 Uuigeniti
1799 3277 1891 3346 qui
1926 3287 2010 3332 est
2041 3279 2093 3331 in

2206 3278 2290 3330 ῐνα
2312 3276 2483 3346 κρίνω
2510 3276 2601 3328 τὸν
2635 3275 2858 3344 κόσμον,
2892 3272 3008 3327 ἀλλ’
3040 3274 3126 3326 ἵνα
3174 3270 3333 3326 σώσω
3370 3273 3462 3326 τὸν
3498 3273 3725 3344 κόσμον.
3756 3293 3779 3325 ι

518 3364 639 3417 sinu
680 3365 857 3419 Patris
898 3368 1042 3420 velut
1080 3367 1134 3420 in
1168 3368 1471 3438 Evangeliis
1496 3369 1698 3424 dictum
1723 3382 1808 3425 εει
1827 3371 1895 3437 ",
1943 3381 1997 3425 et
2028 3372 2096 3425 ab

2211 3371 2451 3440 Ἔχομεν
2472 3367 2651 3421 τοίνυν
2672 3368 2766 3420 καὶ
2789 3365 2897 3423 ἀπὸ
2921 3367 3021 3435 τῆς
3054 3366 3342 3435 αὐτοψίας,
3373 3369 3530 3437 φησι,
3563 3367 3659 3420 καὶ
3677 3366 3787 3420 ἀπὸ

518 3464 835 3526 operatione
865 3476 961 3529 per
1001 3470 1243 3514 mutuam
1275 3461 1643 3529 dilectionem,
1684 3465 1829 3534 quod
1865 3465 2009 3519 Dcus
2042 3464 2096 3518 in

2206 3459 2417 3530 τῆςτοῦ
2448 3457 2792 3526 Μονογενοῦς
2825 3458 3144 3528 ἐξηγήσεως
3191 3456 3289 3510 τοῦ
3346 3457 3499 3521 ὄντος
3556 3460 3641 3521 εἰς
3694 3457 3786 3510 τὸν

519 3553 676 3607 nobis
707 3554 796 3615 sit,
819 3553 963 3607 etde
987 3551 1194 3622 Spiritu
1230 3568 1330 3609 suo
1352 3553 1563 3611 dederit
1592 3556 1772 3622 nobis,
1803 3567 1857 3612 et
1888 3573 2013 3612 cum
2029 3574 2096 3614 eo

2206 3552 2399 3606 κόλπον
2430 3551 2523 3605 τοῦ
2548 3552 2785 3622 Πατρὸς,
2821 3549 2897 3613 ὡς
2921 3552 2978 3607 ὲν
3013 3549 3364 3618 Εὑαγγελίοις
3415 3551 3654 3621 εἴρηται,
3691 3550 3785 3609 καὶ

520 3645 928 3716 participemus.

585 3918 676 3985 IV,
704 3920 889 3976 l5-l7.
923 3920 1168 3991 Quisquis
1196 3924 1455 3993 confessus
1486 3922 1645 3991 luerit
1675 3921 1815 3990 quod
1839 3919 1993 3975 Iesus
2018 3930 2094 3976 est

517 4013 686 4068 Filius
723 4013 841 4077 Dei,
876 4013 1009 4068 Deus
1033 4014 1087 4068 in
1117 4032 1177 4069 eo
1204 4024 1396 4077 manet,
1430 4024 1478 4067 rt
1518 4013 1707 4082 ipsein
1740 4013 1867 4067 Deo.
1900 4013 1967 4068 Et
2000 4030 2092 4068 nos

511 4108 844 4178 cognovimus
894 4115 944 4161 et
995 4108 1312 4161 credidimus
1365 4106 1677 4159 charitalem
1728 4122 1884 4173 quam
1938 4105 2093 4159 habet

513 4200 645 4253 Deus
695 4200 746 4251 in
792 4199 956 4251 nobis.
1010 4197 1147 4251 Deus
1194 4199 1427 4251 charitas
1472 4206 1569 4261 est,
1619 4205 1669 4250 et
1710 4198 1797 4262 qui
1832 4206 2008 4249 manet
2034 4199 2091 4250 in

507 4295 781 4361 charimte,
817 4295 872 4347 in
903 4293 1008 4346 Deo
1042 4303 1217 4346 manet
1250 4302 1297 4346 et
1332 4292 1474 4346 Deus
1505 4293 1560 4345 in
1594 4309 1676 4346 eo.
1706 4292 1770 4346 In
1799 4294 1894 4346 hoc
1921 4296 2095 4364 perfe-

507 4398 589 4440 rta
632 4396 703 4441 est
736 4386 968 4438 Charitas
1013 4384 1298 4447 nobiscum,
1343 4392 1399 4435 ut
1439 4383 1686 4451 ﬁduciam
1728 4386 2013 4438 habeamus
2038 4387 2093 4439 in

506 4475 810 4543 diejudicii,
836 4475 973 4543 quod
1004 4473 1137 4525 sicut
1172 4472 1260 4525 ille
1290 4480 1386 4538 est,
1410 4482 1458 4525 et
1490 4489 1581 4525 nos
1608 4489 1787 4525 sumus
1812 4474 1868 4526 in
1896 4477 2090 4529 mundo

505 4567 617 4619 hoc.

574 4740 685 4794 Hoc
729 4741 792 4794 ad
829 4741 880 4795 id
915 4741 1059 4812 quod
1107 4741 1268 4811 paulo
1313 4750 1440 4796 ante.
1473 4741 1678 4797 dictum
1713 4750 1797 4797 est
1826 4741 2082 4809 refertur,

504 4845 629 4903 puta
657 4836 799 4904 quod
825 4837 1004 4889 omnis
1033 4836 1257 4904 spiritus
1285 4835 1377 4905 qui
1410 4835 1696 4889 conﬁtetur
1720 4834 1904 4890 Jesum
1922 4836 2081 4890 Chri-

501 4935 644 4980 stum
683 4928 734 4980 in
766 4942 929 4982 carne
964 4927 1199 4991 venisse,
1248 4943 1312 4981 ex
1350 4925 1462 5000 Deo
1491 4935 1593 4982 est.
1632 4926 1899 4993 Quoniam
1936 4929 2081 4983 enim

501 5016 832 5070 sullicienter
867 5018 1261 5073 demonstravit
1300 5019 1443 5089 quod
1489 5028 1544 5074 et
1603 5019 1695 5073 [iiii
1744 5019 1855 5074 sint
1892 5020 1986 5074 Dei
2027 5028 2083 5075 et

503 5109 644 5161 Dt'llS
674 5109 725 5161 in
753 5110 883 5178 ipsis
906 5122 1121 5165 maneat
1148 5128 1162 5169 :
1194 5112 1594 5167 demonstravit
1635 5121 1818 5166 autem
1849 5113 1952 5166 hoc
1983 5129 2080 5182 per

501 5211 741 5255 mutuam
770 5204 1114 5266 cltaritatem,
1141 5218 1261 5272 qum
1282 5203 1567 5258 conﬁrmat
1590 5204 1774 5258 datum
1794 5219 1915 5258 esse
1948 5205 2082 5274 ipsis

500 5293 763 5361 Spiritum
790 5301 1038 5348 sanctum
1068 5295 1183 5349 sive
1214 5296 1520 5365 spiritualia
1544 5300 1686 5350 dona
1714 5315 1726 5351 :
1765 5296 1926 5366 592
1961 5313 2082 5351 rur-

500 5399 619 5433 sum
656 5383 721 5435 ad
756 5383 844 5436 illa
886 5384 1052 5438 refert
1096 5398 1427 5449 sermonem,
1474 5394 1531 5440 et
1574 5385 1652 5439 ait
1697 5402 1711 5439 :
1771 5403 1788 5435 ι
1831 5384 2090 5455 Quisquis

499 5471 781 5527 «uril‘essus
803 5473 966 5529 fuerit
989 5475 1133 5544 quod
1159 5473 1318 5530 Jesus
1346 5485 1428 5531 est
1447 5474 1616 5531 Filius
1637 5475 1754 5534 Dei.
1782 5476 1924 5531 Deus
1946 5476 2000 5530 in
2025 5491 2091 5531 eo

501 5572 718 5624 manet;
756 5581 773 5613 ι
824 5564 1133 5635 ltujusmodi
1166 5564 1367 5633 aliquid
1404 5567 1592 5620 dicens
1626 5583 1640 5619 :
1684 5563 1801 5618 Dixi
1842 5564 1897 5618 in
1926 5578 2092 5633 supe-

502 5651 735 5707 rioribus
757 5694 772 5716 ,
800 5650 991 5709 Omnis
1025 5655 1135 5725 qui'
1157 5654 1452 5710 conﬁtetur
1481 5652 1670 5709 Jesum
1711 5651 1989 5709 Christum
2029 5652 2085 5707 in

574 5838 620 5871 "
659 5839 815 5895 Joan.
846 5858 959 5907 va,
998 5840 1088 5896 28.
1166 5846 1210 5878 θ’
1240 5844 1395 5900 loan.
1439 5863 1452 5900 I
1494 5845 1576 5903 l8.

2198 3644 2307 3699 ἀπὸ
2329 3644 2425 3714 τῆς
2442 3643 2725 3712 ἐνεργείας
2748 3640 2836 3695 διὰ
2867 3643 2967 3712 τῆς
3001 3643 3080 3704 είς
3111 3641 3374 3710 ἀλλήλους
3420 3642 3666 3713 ἀγάπης,
3701 3642 3785 3694 ὅτι

2194 3740 2223 3791 ό
2245 3736 2378 3799 Θεὸς
2405 3737 2462 3788 ὲν
2486 3737 2641 3805 ἡμῖν,
2672 3735 2765 3788 καὶ
2787 3736 2851 3788 ὲκ
2890 3734 2984 3788 τοῦ
3034 3734 3353 3804 Πνεῦματος
3389 3734 3558 3788 αὑτοῦ
3616 3734 3784 3788 δέδω-

2201 3844 2299 3881 κεν
2320 3828 2477 3897 ἡμῖν,
2506 3826 2601 3881 καὶ
2630 3825 3002 3896 κοινωνοῦμεν
3034 3826 3203 3896 αὐτῷ.

2270 3921 2377 3984 Ὃς
2416 3918 2495 3972 ἂν
2517 3917 2872 3986 ὁμολογήσῃ
2906 3917 2995 3972 ὅτι
3046 3918 3278 3986 Ἰησοῦς
3334 3919 3510 3973 ἐστιν
3560 3922 3594 3972 ὀ
3654 3918 3784 3985 Υἱὸς

2189 4011 2297 4064 τοῦ
2320 4010 2489 4070 Θεοῦ,
2513 4012 2547 4063 ὁ
2575 4010 2720 4077 Θεὸς
2750 4010 2821 4063 ἐν
2856 4008 3017 4075 αὑτῷ
3038 4010 3226 4079 μένει,
3264 4012 3362 4064 καί
3396 4012 3583 4077 αὐτὸς
3616 4010 3784 4078 ἐνεῷ

2198 4100 2341 4165 Θεῷ.
2376 4099 2484 4153 Καί
2507 4099 2679 4169 ἡμεῖς
2698 4099 3045 4169 ἐγνώκαμεν
3115 4100 3225 4155 καὶ
3285 4102 3786 4171 πεπιστεύκαμεν

2196 4190 2313 4258 τὴν
2350 4190 2613 4261 ἀγάπην,
2637 4190 2852 4259 ἧνὲχει
2895 4194 2929 4244 ὀ
2984 4192 3128 4259 Θεὸς
3182 4193 3253 4246 ἐν
3289 4193 3453 4262 ἡμῖν.
3521 4193 3575 4246 '0
3635 4194 3783 4260 Θεὸς

2194 4279 2397 4347 ἀγάπη
2427 4279 2582 4345 ἐστὶ,
2624 4279 2722 4335 καί
2767 4285 2800 4335 ὁ
2834 4280 3034 4349 μένων
3086 4283 3156 4335 ἐν
3192 4282 3269 4351 τῇ
3325 4283 3550 4353 ἀγάπῃ,
3588 4285 3660 4339 ὲν
3702 4283 3782 4351 τῷ

2197 4371 2320 4436 Θεῷ
2348 4371 2535 4440 μένει,
2571 4372 2668 4425 καί
2704 4375 2737 4426 ό
2763 4374 2907 4440 Θεὸς
2930 4374 3000 4426 ἐν
3025 4372 3206 4438 αὐτῷ.
3254 4375 3356 4428 Ἐν
3406 4378 3599 4441 τούτῳ
3628 4393 3783 4431 τετε-

2193 4466 2432 4520 λείωται
2461 4467 2499 4532 ἠ
2540 4465 2738 4536 ἀγάπη
2767 4468 2898 4533 μεθ’
2930 4465 3119 4534 ἡμῶν,
3144 4468 3244 4520 ἵνα
3269 4469 3622 4535 ,παρρησίαν
3635 4470 3780 4538 ἐχω-

2118 4603 2161 4656 D
2191 4575 2307 4626 μεν
2333 4559 2403 4611 ἐν
2428 4557 2503 4626 τῇ
2537 4558 2725 4627 ἡμέρᾳ
2751 4557 2864 4626 τῆς
2889 4560 3163 4626 κρίσεως,
3191 4560 3281 4614 ὅτι
3309 4560 3504 4627 καθὼς
3541 4561 3778 4627 ἐκεῖνός

2190 4650 2341 4711 ἐστι,
2364 4648 2462 4701 καί
2489 4648 2659 4716 ἡμεῖς
2689 4649 2878 4717 ἐσμεν
2900 4650 2971 4702 ἐν
3006 4650 3085 4715 τῷ
3106 4653 3311 4720 κόσμῳ
3338 4652 3550 4717 τούτῳ.

2262 4739 2434 4792 Τοῦτο
2451 4740 2586 4809 πρὸς
2607 4740 2667 4793 τὸ
2695 4741 2799 4809 πρὸ
2827 4740 3060 4811 βραχέος
3082 4744 3374 4813 εἰρημένον
3407 4745 3769 4814 ἀναφέρεται.

2190 4830 2270 4892 τὸ,
2288 4830 2368 4882 ὅτι
2385 4832 2493 4882 πᾶν
2512 4830 2728 4899 πνεῦμα
2744 4831 2771 4883 ὃ
2785 4831 3038 4899 ὁμολογεί
3054 4833 3260 4903 Ἰησοῦν
3281 4836 3517 4904 Χριστὸν
3537 4837 3596 4887 ὲν
3616 4836 3775 4905 σαρκὶ

2189 4919 2503 4988 ἐληλυθότα,
2530 4921 2595 4973 ὲκ
2610 4921 2702 4974 τοῦ
2724 4921 2857 4974 Θεοῦ
2885 4924 3023 4975 ἐστι.
3044 4924 3193 4976 Ἐπεὶ
3209 4925 3316 4994 γὰρ
3334 4925 3536 4987 ίκανῶς
3556 4928 3771 4980 ἀπέδει-

2198 5009 2307 5076 ξεν,
2331 5013 2411 5065 ὅτι
2431 5014 2523 5065 καὶ
2546 5012 2712 5066 τέκνα
2734 5015 2841 5064 εἰσὶ
2868 5014 3025 5075 Θεοῦ,
3054 5016 3149 5069 καὶ
3173 5017 3201 5069 ό
3222 5016 3354 5079 Θεὸς
3381 5019 3438 5069 ἐν
3463 5017 3651 5074 αὐτοῖς
3681 5019 3774 5088 μὲ-

2190 5120 2292 5167 νει,
2319 5103 2568 5168 ἀπέδειξε
2595 5103 2652 5155 δὲ
2683 5103 2841 5156 τοῦτο
2869 5103 2958 5156 διὰ
2990 5105 3088 5174 τῆς
3128 5108 3207 5169 είς
3231 5107 3500 5177 ἀλλήλους
3529 5111 3765 5179 ἀγάπης.

2189 5197 2311 5266 ἥτις
2340 5196 2425 5248 ὅτι
2459 5195 2614 5266 ἐδόθη
2647 5196 2830 5258 αὐτοῖς
2866 5194 3110 5266 ΠνεῦμαΔ
3133 5196 3308 5265 ἅγιον,
3368 5201 3490 5270 ἤτοι
3527 5218 3761 5270 πνευμα-
3780 5246 3807 5315 (

2191 5287 2321 5315 _...L
2358 5288 2669 5315 ..--ι-....-..
2717 5287 3027 5315 ο.ιτ-.-π--.
3085 5290 3421 5315 ι--.......ι---
3488 5293 3650 5315 -ικυ,
3687 5292 3766 5315 ι..’

2190 5287 2323 5341 τικὰ
2358 5288 2693 5358 χαρίσματα,
2715 5287 3054 5358 βεϐαιοῦται,
3082 5290 3423 5362 ἐπαναφέρει
3484 5293 3650 5346 πάλιν
3684 5292 3766 5345 ἐπ’

2191 5379 2375 5432 ἐκεῖνα
2398 5379 2489 5431 τὸν
2520 5378 2698 5447 λόγον,
2739 5381 2831 5432 καί
2864 5397 3050 5451 φησιν,
3091 5399 3112 5433 ι
3154 5382 3252 5446 Ὃς
3303 5382 3401 5441 ἐὰν
3458 5385 3763 5454 ὁμολογήσῃ

2186 5472 2267 5525 ὅτι
2309 5469 2514 5542 Ἰησοῦς
2545 5472 2693 5523 ἐστιν
2723 5473 2751 5524 ό
2776 5471 2900 5535 Υἱὸς
2934 5471 3029 5525 τοῦ
3063 5472 3225 5538 Θεοῦ,
3294 5475 3325 5527 ό
3368 5473 3504 5539 Θεὸς
3526 5478 3587 5531 ἐν
3622 5474 3764 5544 αὐτῷ

2191 5561 2375 5632 μένει·
2415 5578 2433 5611 ι
2473 5559 2682 5614 τοιοῦτο
2757 5562 2930 5631 λέγων
2965 5579 2979 5593 ·
3059 5566 3278 5637 εἴρηκεν
3317 5567 3598 5639 ἀνωτέρω,
3650 5568 3758 5621 Πᾶν

2191 5644 2407 5723 πνεῦμα
2441 5652 2738 5724 ὁμολογοῦν
2785 5655 2994 5727 Ἰησοῦν
3021 5656 3257 5728 Χριστὸν
3302 5659 3362 5714 ὲν
3416 5658 3586 5730 σαρκὶ
3640 5658 3760 5729 nq-
