3986 6582
212 431 322 496 δτι

1227 441 1617 506 CUM'MENT.
1655 449 1734 507 ΙΝ
1772 449 2009 510 EPIST.
2056 451 2081 510 Ι
2126 453 2467 518 JOANNIS.

3354 472 3465 530 ειῖο

207 540 419 607 ὶυθότα,
445 544 508 595 ἐκ
538 541 637 597 τοῦ
665 545 803 599 Θεοῦ
835 542 994 601 εἶναι.
1021 549 1233 620 Προϊὼν
1279 553 1335 606 δέ
1386 572 1478 625 μοι
1515 557 1543 608 ὀ
1595 556 1749 624 λόγος

1877 576 2040 616 carne
2069 564 2306 630 venisse,
2338 583 2402 620 ex
2431 568 2540 621 Deo
2567 579 2681 636 est;
2720 587 2882 642 porro
2918 574 2970 629 in
3001 590 3291 646 progressu
3321 579 3466 635 aiind

204 637 357 704 φησὶ,
386 634 479 688 καὶ
507 635 695 707 ἕτερόν
732 657 784 692 τι
818 641 1066 711 ἐξέφηνε.
1102 645 1210 697 Καὶ
1240 644 1399 700 τοῦτο
1434 650 1613 703 τοίνυν
1638 668 1776 719 προ-

200 725 411 793 τίθημι,
439 727 518 777 ὅτι
553 729 601 779 οἱ
630 730 1021 798 ὁμολογοῦντες
1044 736 1237 797 ταῦτα,
1266 739 1361 791 καὶ
1402 739 1560 808 μένον
1616 740 1772 811 ἔχου-

204 832 292 866 σιν
320 817 372 867 ἐν
405 817 613 881 ἑαυτοῖς
650 819 711 871 τὸ
741 820 984 890 Πνεῦμα,
1018 825 1134 895 ἦτοι
1183 828 1274 880 τὸν
1335 828 1490 891 Θεὸν,
1556 835 1652 885 καὶ
1706 832 1774 885 τΞι

200 906 388 959 τούτου
414 911 757 977 πνευματικὰ
790 915 1127 983 χαρέειματα,
1183 920 1278 971 καὶ
1327 921 1481 972 αὐτοὶ
1554 926 1611 974 ὲν
1653 922 1772 993 Θεῷ

206 998 274 1058 μέ
307 1015 440 1052 ουσι.
485 1000 590 1051 Καὶ
625 1002 779 1054 τοῦτο
802 1006 898 1073 οὐχ
924 1005 997 1067 ὡς
1037 1007 1193 1077 ἐτυχέ
1248 1027 1452 1079 φαμεν,
1497 1012 1630 1066 ἀλλὰ
1681 1013 1769 1082 βεο

202 1090 331 1157 εαίᾳ
362 1089 556 1153 γνώσει
589 1095 678 1143 καὶ
713 1094 893 1147 πίστει
929 1095 1016 1148 διὰ
1045 1100 1144 1167 τῆς
1191 1102 1268 1163 εἰς
1327 1101 1588 1172 ἀλλήλους
1636 1105 1774 1173 ἀγά⁶

205 1196 333 1245 πης.
374 1182 615 1250 ’Λγάπης
649 1185 703 1236 δὲ
738 1187 1141 1255 μνημονεύσας,
1173 1191 1423 1263 ἐπιφέρει
1458 1195 1551 1246 καὶ
1592 1195 1770 1250 πάντα

200 1270 267 1318 τὰ
302 1271 419 1338 περὶ
441 1273 661 1342 ἀγάπης
704 1277 843 1346 ειπερ
874 1278 1086 1347 φθάσας
1119 1283 1331 1354 εἴρηκε,
1360 1286 1544 1338 πίστιν
1566 1287 1769 1359 πολλὴν

197 1358 273 1425 τῷ
308 1364 429 1427 περὶ
491 1366 712 1435 ἀγάπης
770 1372 1143 1438 παρεχόμενος
1194 1374 1357 1445 λόγῳ.
1403 1394 1419 1429 ι
1471 1377 1557 1430 Ἐν
1593 1379 1769 1449 τούτῳ

194 1450 593 1522 τετελείωταιὴ
628 1456 838 1526 ἀγάπη.
884 1477 903 1509 ι
957 1461 1311 1531 Βουλόμενος,
1380 1467 1568 1536 φησὶν,
1621 1469 1769 1537 ἡμᾶς

193 1541 569 1595 τετελειῶσθαι
598 1545 655 1597 ὲν
692 1548 754 1616 τῇ
812 1547 1022 1620 ἀγάπῃ,
1064 1551 1152 1604 ἵνα
1191 1557 1501 1625 παρρησίαν
1554 1557 1767 1628 ἔχωμεν

192 1631 249 1679 ἐν
270 1633 335 1699 τῇ
365 1632 547 1703 ἡμέρα
577 1635 677 1702 τῆς
708 1638 958 1707 κρίσεως,
989 1642 1126 1711 πρὸς
1150 1644 1240 1696 τδν
1270 1647 1766 1718 ὲνανθρωπήσαντα

192 1720 452 1788 δηλονότι,
488 1725 571 1777 ὅτι
616 1727 708 1778 καὶ
740 1730 902 1793 αὐτός
930 1733 1079 1786 ἐστιν
1132 1738 1160 1788 6
1210 1737 1411 1806 κρίνων
1476 1740 1616 1794 κατά
1665 1743 1764 1813 τὴν

193 1812 354 1866 αὑτοῦ
390 1816 721 1884 ἀπόφανσιν,
746 1821 868 1892 τὴν,
895 1823 983 1878 ὅτι
1036 1844 1055 1876 ι
1101 1827 1159 1880 Ὀ
1189 1830 1378 1900 Πατὴρ
1404 1832 1593 1887 οὐδένα
1642 1837 1762 1905 κρί-

190 1921 288 1965 νει,
313 1905 442 1959 ἀλλά
475 1908 573 1979 τὴν
601 1910 784 1978 κρίσιν
824 1913 1044 1969 ἃπασαν
1080 1917 1278 1973 δέδωκε
1310 1895 1383 1991 ἑῷ
1416 1923 1545 1994 riga.
1588 1946 1606 1977 ο
1648 1895 1760 1981 ιὲαι
1792 1895 1836 1955 Β

187 1997 265 2048 δτι
294 1998 531 2067 πρὸςτὸν
563 2002 1108 2080 ὲνανθρωπήσανταή
1136 2014 1416 2083 παρρησία
1440 2018 1759 2085 ήμίνὲσται,

190 2085 424 2154 ἐδήλωσε
453 2087 544 2141 διὰ
568 2090 677 2143 τῶν
702 2093 983 2163 ἑπομένων
1013 2098 1202 2165 εἰπὼν,
1222 2102 1302 2155 ὅτι
1327 2104 1524 2170 Καθὼς
1553 2109 1763 2174 ἐκεῖνός

187 2177 437 2238 ὲστι,και
469 2180 629 2249 ἡμεῖς
678 2186 842 2253 ἐσμεν
888 2188 947 2239 ὲν
974 2187 1052 2258 τῷ
1102 2191 1292 2263 κόσμῳ
1359 2196 1551 2268 τούτῳ,
1605 2202 1762 2257 τοῦτο

186 2270 381 2337 λέγων,
416 2275 986 2350 προαποδεδειγμένου
1021 2284 1102 2337 ὅτι
1134 2287 1160 2337 6
1213 2288 1344 2353 Θεὸς
1363 2291 1420 2343 ὲν
1470 2294 1603 2364 ἡμῖν
1668 2299 1762 2352 καὶ

185 2366 338 2433 ἡμεῖς
358 2369 417 2419 ὲν
440 2368 609 2438 αὐτῷ,
637 2371 699 2423 τὸ
715 2372 942 2440 τέλειον,
966 2380 1124 2447 φησι,
1151 2382 1245 2434 καὶ
1277 2384 1489 2450 ἑαυτοῖς
1519 2389 1759 2461 ἐπιμαρ-

185 2458 468 2527 τυρόμεθα
501 2463 601 2529 τῆς
633 2465 876 2537 ἀγάπης.
922 2469 1010 2532 Ὠς
1035 2470 1127 2524 οὖν
1187 2474 1407 2543 ἐκεῖνος,
1452 2474 1521 2551 ἦν
1575 2458 1633 2534 ὲν

186 2551 377 2622 κόσμῳ
410 2553 644 2625 ἄμωμος
688 2561 781 2613 καὶ
810 2561 1070 2634 καθαρὸς,
1103 2565 1186 2619 διδ
1213 2570 1308 2622 καὶ
1342 2571 1551 2642 ἔλεγεν,
1572 2595 1591 2628 ι
1623 2551 1760 2645 "Ept-

180 2660 326 2710 χεται
361 2648 390 2696 6
413 2647 596 2715 ἄρχων
621 2650 714 2702 τοῦ
755 2653 960 2723 κόσμου
993 2656 1202 2722 τούτου,
1226 2660 1319 2714 καὶ
1354 2664 1411 2718 ἐν
1444 2666 1567 2735 ἐμοὶ
1599 2669 1762 2742 εὑρή-

183 2754 257 2789 σει
289 2738 449 2791 οὐδέν
471 2757 484 2771 ·
523 2760 539 2793 ι
580 2742 724 2796 οὕτω
750 2745 844 2798 καὶ
874 2749 1034 2817 ἡμεῖς
1075 2751 1308 2823 ἐσόμεθα
1360 2756 1420 2808 ὲν
1439 2756 1515 2828 τῷ
1547 2738 1755 2832 κόσμῴ,

181 2830 330 2896 φησί.
379 2831 454 2883 Τὸ
490 2832 619 2901 γὰρ,
665 2835 795 2888 ἐστι
840 2838 933 2891 καὶ
975 2840 1183 2908 ἐσμὲν,
1249 2845 1366 2916 ἦτοι
1410 2848 1552 2901 κατά
1606 2830 1761 2905 ἀντι-

180 2923 432 2987 χρονίαν
462 2927 659 2988 κεῖται,
690 2925 765 2991 ὡς
795 2932 860 3001 τῇ
893 2930 1082 3003 Γραφῇ
1134 2933 1275 3000 ἔθος,
1310 2936 1342 3007 ἢ
1373 2937 1671 3010 βαθύτερόν
1704 2961 1759 2997 τι

181 3015 438 3081 σημαίνει
498 3017 584 3069 διὰ
639 3020 853 3077 τούτου.
918 3024 1118 3095 Εῖρηκε
1186 3029 1292 3098 γὰρ
1352 3031 1633 3096 πολλάκις,
1677 3035 1758 3088 ὅτι

182 3106 333 3173 ἡμεῆ
365 3108 423 3159 ὲν
449 3108 528 3177 τῷ
558 3107 696 3178 Θεῷ,
736 3114 828 3165 καὶ
854 3114 880 3166 6
910 3114 1040 3178 Θεὸς
1068 3119 1125 3169 ἐν
1153 3119 1303 3188 ἡμῖν.
1326 3120 1389 3173 Ei
1445 3121 1537 3175 οὖν
1576 3125 1755 3192 τοῦτο,

1878 654 2005 705 mibi
2031 656 2282 723 quiddam
2318 660 2686 716 manifestavit
2723 682 2923 730 sermo,
2957 678 3011 722 et
3040 672 3140 723 boc
3176 684 3305 740 ergo
3341 689 3466 737 pro-

1876 761 2071 814 ponam
2102 765 2114 802 :
2145 751 2287 817 quod
2306 751 2395 819 qui
2422 752 2534 806 lm'c
2561 756 2890 811 conﬁtentur
2911 799 2925 822 ,
2952 760 3118 814 etiam
3144 775 3455 817 manente-n1
3502 820 3507 826 ,

1876 832 1927 885 in
1962 834 2153 902 seipsis
2179 836 2379 893 habent
2401 838 2687 909 Spiritum,
2721 845 2834 899 sive
2866 846 3031 901 Deum
3055 858 3109 901 et
3141 852 3303 918 hujus
3323 852 3464 905 dona

1874 922 2191 990 spiritu-alia,
2231 936 2285 981 et
2335 927 2435 998 ipsi
2470 931 2522 984 in
2562 932 2671 987 Deo
2711 947 2949 992 mam-nt.
2987 940 3054 993 Et
3086 942 3190 994 hoc
3239 959 3342 996 nan
3382 953 3459 996 tc-

1874 1028 2021 1065 mere
2044 1015 2292 1083 dicimus,
2331 1021 2423 1074 sed
2458 1022 2609 1078 ﬁrma
2648 1028 2960 1097 cognitione
2986 1041 3039 1084 et
3072 1032 3175 1087 lide
3212 1050 3308 1102 per
3342 1027 3453 1087 nur-

1874 1112 2020 1159 tuam
2045 1107 2388 1165 cbaritatem.
2418 1113 2580 1169 Facta
2611 1128 2794 1172 autem
2836 1123 3121 1178 cbaritalis
3159 1136 3462 1192 mentione,

1872 1196 2039 1251 refert
2064 1215 2275 1269 quoque
2302 1204 2481 1257 omnia
2505 1222 2624 1275 quae
2643 1208 2709 1262 de
2732 1211 2995 1265 cbaritate
3017 1213 3173 1277 dixit,
3208 1231 3455 1284 magnam

1871 1288 2029 1344 ﬁdem
2075 1292 2320 1351 tribuens
2370 1301 2609 1354 sermoni
2651 1303 2740 1369 qui
2781 1315 2868 1357 εει
2909 1306 2974 1358 de
3006 1305 3293 1360 cbaritate.
3343 1325 3361 1358 ι
3400 1307 3459 1360 ln

1869 1379 1974 1432 hoc
2000 1382 2238 1449 perfecta
2267 1394 2350 1439 est
2394 1388 2651 1444 cbaritas.
2687 1411 2704 1443 ι
2738 1393 2882 1456 Vult,
2948 1393 3143 1462 inquit,
3199 1410 3299 1447 nos
3331 1411 3458 1464 per-

1866 1471 2036 1527 fectos
2074 1490 2197 1528 esse
2245 1476 2301 1529 in
2340 1479 2625 1546 cbaritate,
2674 1491 2731 1537 ut
2778 1483 3028 1537 ﬁducuam
3063 1486 3363 1539 habeamus
3392 1486 3450 1539 in

1866 1558 1953 1613 die
1979 1561 2191 1630 judicii,
2226 1579 2353 1635 erga
2398 1581 2522 1620 eum
2562 1569 2813 1624 videlicet
2843 1571 2933 1639 qui
2977 1571 3290 1626 iucarnams
3318 1580 3403 1626 est
3434 1588 3452 1629 :

1865 1653 2120 1719 quoniam
2152 1664 2207 1707 et
2234 1654 2349 1724 ipse
2371 1656 2536 1726 judex
2565 1660 2687 1724 erit,
2722 1660 2872 1727 juxta
2900 1663 3068 1732 ipsius
3097 1665 3448 1730 sententiam,

1864 1758 1970 1810 qua
2000 1744 2113 1799 ait:
2162 1764 2182 1797 ι
2225 1747 2383 1801 Pater
2423 1752 2694 1806 neminem
2728 1753 2958 1822 judicat,
3001 1756 3094 1810 sed
3127 1756 3454 1826 omnejudi-

1864 1837 2007 1891 cium
2039 1837 2187 1892 dedit
2220 1840 2356 1895 Filio
2374 1843 2442 1896 ”.
2482 1861 2500 1894 ι
2543 1843 2607 1898 Et
2632 1845 2776 1913 quod
2809 1862 2935 1917 erga
2974 1862 3100 1902 eum
3146 1849 3239 1917 qui
3276 1850 3456 1902 inean-

1863 1938 2025 1985 natus
2055 1940 2138 1986 est
2167 1930 2344 1987 futura
2376 1934 2444 1989 sit
2471 1935 2628 1992 nobis
2657 1936 2873 2003 ﬁducia,
2917 1938 3241 2010 signiﬁcavit
3272 1956 3368 2011 per
3390 1957 3452 1997 ea

1863 2037 1984 2090 qua:
2016 2022 2072 2075 in
2108 2025 2465 2093 sequentibus
2497 2026 2655 2092 dixit,
2685 2030 2830 2097 quod
2860 2032 3003 2084 sicut
3040 2030 3131 2085 ille
3154 2038 3241 2086 est
3271 2040 3327 2086 et
3351 2047 3454 2089 nos

1862 2126 2051 2165 sumus
2082 2110 2132 2163 in
2159 2112 2261 2166 hoc
2293 2114 2515 2177 mundo,
2548 2113 2601 2169 id
2631 2115 2855 2173 dicens:
2890 2117 3025 2172 Cum
3059 2127 3215 2173 antea
3257 2130 3451 2175 osten-

1862 2217 1982 2256 sum
2017 2202 2086 2257 sit
2115 2203 2284 2257 Deum
2324 2205 2379 2258 in
2412 2205 2591 2271 nobis,
2635 2216 2691 2261 et
2719 2224 2822 2262 nos
2861 2209 2915 2263 in
2948 2210 3060 2265 Deo
3088 2226 3232 2274 esse,
3270 2213 3450 2281 perfeo

1863 2295 2101 2349 ctionem
2128 2335 2143 2358 ,
2173 2294 2385 2365 inquit.
2422 2298 2708 2355 cbaritatis
2747 2301 2908 2356 nobis
2935 2302 3069 2372 ipsis
3101 2312 3444 2359 attestamnr.

1861 2385 2327 2452 Quemadmodum
2357 2404 2487 2459 ergo
2513 2389 2601 2445 ille
2632 2390 2686 2446 in
2709 2392 2915 2447 mundo
2948 2393 3448 2464 irreprebensibilis

1860 2487 1979 2533 erat
2002 2494 2065 2532 ac
2089 2494 2277 2547 purus,
2299 2481 2421 2535 ideo
2445 2497 2663 2552 quoque
2691 2483 2903 2538 dicebat
2928 2502 2941 2540 :
2969 2505 2985 2537 ι
3015 2485 3175 2540 Venit
3193 2488 3451 2556 princeps

1860 2567 2049 2622 mundi
2079 2568 2262 2638 bujns,
2285 2578 2338 2623 et
2369 2570 2423 2623 in
2448 2586 2533 2625 me
2558 2571 2695 2625 nihil
2721 2572 3060 2631 inveniet":
3098 2594 3116 2626 ι
3146 2575 3216 2630 ita
3245 2585 3300 2631 et
3325 2592 3448 2631 nos.

1862 2659 2061 2729 inquit,
2091 2662 2296 2716 erimus
2321 2663 2373 2716 in
2409 2663 2633 2718 mundo.
2656 2663 2789 2718 Nam
2817 2664 2912 2719 Est
2936 2674 2985 2720 et
3014 2665 3207 2721 Sumus
3242 2685 3337 2736 per
3358 2669 3451 2719 ἁν-

1859 2753 2132 2823 τιχρονίαν
2164 2766 2444 2825 ponuntur
2477 2756 2603 2827 (qua
2639 2767 2856 2827 tempus
2887 2772 3056 2814 unum
3085 2759 3319 2814 sumitur
3345 2776 3445 2829 pro

1859 2844 1966 2899 alio
2000 2847 2280 2916 tempore)
2321 2850 2486 2903 veluti
2515 2849 2812 2918 Scriptum
2844 2851 3011 2905 meris
3038 2860 3144 2905 εει.
3175 2851 3282 2905 Aut
3316 2868 3446 2918 pro-

1859 2934 2080 2992 fundius
2112 2937 2312 3008 aliquid
2361 2955 2458 3007 per
2505 2939 2605 2993 boc
2634 2940 2924 3010 signiﬁcat.
2968 2941 3112 2996 Dixit
3146 2941 3291 2995 enim
3334 2942 3446 2995 fre-

1860 3036 2109 3096 quenter,
2140 3031 2281 3099 quod
2306 3030 2446 3083 Deus
2471 3030 2539 3084 sit
2569 3030 2621 3084 in
2649 3032 2806 3085 nobis
2833 3041 2887 3085 et
2912 3046 3012 3086 nos
3031 3032 3085 3085 in
3110 3031 3233 3086 Deo.
3266 3031 3321 3084 Si
3343 3034 3445 3086 hoc

1861 3119 2026 3191 igitur
2055 3129 2155 3183 est,
2203 3121 2292 3174 ilie
2322 3130 2503 3175 autem
2545 3132 2732 3177 sancte
2765 3123 2817 3176 in
2855 3123 3012 3177 nobis
3050 3133 3152 3187 est,
3201 3124 3303 3176 hoc
3336 3132 3441 3188 est,

180 3197 360 3262 ἁγνῶς
395 3197 450 3249 δὲ
478 3199 684 3263 ἐκεῖνός
715 3204 862 3256 ἐστιν
885 3205 940 3255 ὲν
968 3206 1123 3275 ἡμῖν,
1171 3210 1476 3277 τουτέστιν,
1531 3212 1755 3280 ἁγνείας

1862 3210 2163 3264 sanctitatis
2190 3211 2297 3264 dux
2325 3220 2380 3265 et
2405 3211 2692 3281 princeps:
2719 3213 2790 3267 ita
2820 3223 2875 3268 et
2902 3229 3000 3268 nos
3032 3214 3207 3283 ipsum
3234 3214 3443 3267 refera-

181 3291 303 3365 ἡμῖν
336 3292 626 3367 ὑφηγητὴς
663 3295 753 3351 καὶ
784 3294 1050 3369 ὕπαρχος,
1095 3298 1237 3353 οὕτω
1266 3302 1361 3355 καὶ
1383 3303 1543 3373 ἡμεῖς
1594 3304 1756 3361 αὑτὸν

182 3387 571 3455 περιφέρωμεν
598 3389 654 3439 ὲν
677 3387 753 3456 τῷ
784 3388 976 3459 κόσμῳ
1016 3388 1212 3461 τούτῳ,
1257 3393 1433 3460 ἀγνῶς
1463 3396 1557 3449 καὶ
1585 3397 1756 3452 καθα-

182 3477 307 3548 ρῶς.
333 3478 631 3541 τεθνεῶτες
662 3479 740 3550 τῷ
756 3479 967 3552 κόσμῳ,
989 3481 1220 3536 πάντοτε
1242 3485 1340 3554 τὴν
1367 3486 1636 3556 νέκρωσιν
1655 3491 1755 3543 αὐ-

179 3570 266 3622 τοῦ
284 3572 344 3623 ἐν
369 3571 445 3639 τῷ
471 3570 681 3641 σώματι
700 3572 1109 3643 περιφέροντες.
1130 3574 1289 3630 Οὕτω
1319 3577 1374 3630 δὲ
1399 3578 1753 3650 βιοτεύοντες,

183 3662 310 3732 φησι
360 3663 853 3733 παρῤησιασόμεθά
867 3681 926 3716 τε
952 3664 1087 3734 πρὸς
1107 3668 1289 3734 αὐτὸν,
1305 3670 1399 3722 καὶ
1428 3670 1592 3739 φόϐου
1610 3691 1751 3727 πειν-

180 3753 260 3815 τὸς
288 3753 446 3815 ἐκτὸς
468 3754 586 3805 τότε
609 3754 864 3824 ἐσόμεθα.
883 3756 1301 3828 Τετελειωμένοι
1327 3761 1434 3832 γὰρ
1461 3764 1515 3815 ὲν
1532 3767 1596 3835 τῇ
1616 3766 1755 3833 ἀγά-

182 3858 252 3914 πῃ
273 3844 365 3894 διά
391 3844 501 3896 τῶν
514 3844 735 3912 ἀγαθῶν
763 3845 964 3917 ἔργων,
986 3848 1176 3922 πόρρω
1187 3851 1282 3904 τοῦ
1303 3853 1467 3921 φόϐου
1494 3856 1750 3924 ἐσόμεθα.

179 3933 281 3985 Καὶ
320 3935 573 4004 ἐπιφέρει
600 3935 787 3989 τούτου
808 3926 1138 3997 πιστωτικδν
1168 3942 1333 4006 τὸ,ὅτι
1361 3946 1393 4015 ή
1424 3945 1585 4004 τελέα
1610 3949 1751 4016 ἀγά-

179 4040 244 4096 πη
269 4025 379 4089 ἔξω
393 4025 575 4094 βάλλει
596 4028 690 4081 τὸν
713 4029 874 4097 φόϐον
893 4048 907 4097 ;
931 4032 1089 4091 Ποῖον
1115 4034 1175 4088 δὲ
1197 4036 1360 4104 φόϐον
1389 4038 1549 4101 αὑτός
1565 4057 1750 4109 φησιν,

176 4115 246 4168 ὅτι
274 4117 374 4168 τὸν
408 4118 748 4174 κολαστικόν.
767 4122 921 4174 Ἔστι
938 4122 1044 4193 γάρ
1056 4141 1175 4176 τινα
1200 4125 1295 4179 καὶ
1317 4128 1535 4198 ἀγαπᾷν
1553 4130 1639 4183 διὰ
1659 4132 1755 4198 φό-

178 4205 262 4259 ϐον
291 4208 392 4261 τοῦ
425 4209 776 4281 κολασθῆναι.
798 4205 967 4277 Οὗτος
983 4214 1037 4267 δὲ
1052 4218 1079 4270 6
1103 4217 1265 4285 φόϐος
1291 4219 1353 4278 οὐ
1386 4221 1750 4291 τετελείωται,

176 4301 474 4369 τουτέστιν,
503 4305 564 4356 οὐ
590 4304 690 4375 τῆς
719 4306 930 4368 τελείας
954 4310 1101 4362 ἐστὶν
1146 4310 1389 4384 ἀγάπης.
1453 4314 1639 4372 Ταῦτα
1677 4320 1752 4371 εί-

181 4392 364 4461 ρηκὼς
392 4394 525 4462 περὶ
548 4394 646 4463 τῆς
674 4395 888 4460 τελείας
936 4398 1177 4468 ἀγάπης,
1242 4404 1336 4455 καὶ
1396 4420 1749 4475 καταναγκα-

178 4482 376 4542 στικῶς
405 4483 677 4537 δείκνυσιν
739 4486 815 4550 ὠς
848 4488 1138 4559 ὀφείλομεν
1178 4492 1399 4565 ἀγαπᾷν
1459 4498 1552 4550 τὸν
1589 4497 1743 4563 Θεὸν,

1859 3318 1982 3358 mus
2010 3303 2064 3357 in
2096 3303 2200 3358 hoc
2227 3304 2431 3358 mundo
2458 3314 2645 3361 sancte
2684 3323 2747 3362 ac
2778 3323 2937 3378 pure,
2973 3306 3174 3361 mortui
3214 3306 3440 3373 mundo,

1858 3411 2073 3467 semper
2095 3395 2265 3467 ipsius
2301 3398 2773 3453 mortiﬁcationem
2808 3399 2860 3453 in
2893 3414 3120 3468 corpore
3151 3399 3444 3454 cireumfe-

1855 3487 2102 3540 rentes’.
2142 3485 2311 3541 Porro
2338 3487 2431 3553 ita,
2468 3488 2663 3559 inquit,
2692 3490 2857 3543 vitam
2886 3489 3165 3560 degentes,
3210 3498 3266 3544 et
3302 3490 3443 3543 ﬁdu-

1857 3580 1995 3634 ciam
2023 3580 2344 3635 habebimus
2365 3597 2489 3654 erga
2523 3584 2723 3652 ipsum,
2753 3593 2808 3638 et
2853 3584 3057 3653 absque
3086 3582 3279 3636 timore
3311 3592 3442 3638 tunc

1854 3672 2081 3728 erimus.
2140 3671 2419 3744 Siquidem
2466 3676 2691 3745 perfecti
2740 3676 2796 3730 in
2846 3677 3113 3731 eharitate
3153 3691 3251 3746 per
3296 3677 3437 3730 bona

1854 3778 2021 3833 opera
2049 3765 2235 3833 procul
2277 3765 2484 3820 erimus
2510 3782 2540 3820 a
2572 3767 2788 3822 timore.
2831 3766 2990 3838 593
3028 3766 3095 3821 Et
3124 3768 3289 3836 huius
3309 3782 3443 3822 con-

1856 3852 2217 3909 ﬁrmationem
2254 3855 2535 3925 subjungit
2559 3897 2573 3921 ,
2602 3872 2797 3926 nempe
2826 3857 2970 3925 quod
2995 3856 3234 3926 perfecta
3261 3856 3442 3909 chari-

1857 3950 1938 3996 tas
1984 3942 2132 3997 foras
2173 3943 2319 4012 ejieit
2366 3944 2638 4000 timorem.
2680 3944 2852 4011 Quem
2902 3955 3084 4000 autem
3135 3947 3442 4001 timorem?

1854 4028 1978 4100 Ipse
2029 4030 2162 4086 dicit
2202 4033 2346 4101 quod
2389 4032 2641 4101 supplicii
2684 4042 2934 4093 metum:
2984 4034 3250 4104 contingit
3291 4034 3436 4088 enim

1853 4128 2090 4198 aliquem
2148 4128 2370 4195 diligere
2422 4138 2642 4198 propter
2703 4138 2934 4195 metum,
2996 4144 3069 4185 ne
3122 4131 3441 4200 puniatur:

1853 4236 2044 4276 verum
2076 4220 2166 4275 bie
2195 4229 2374 4275 metus
2402 4235 2511 4274 non
2541 4230 2624 4275 est
2653 4221 2944 4290 perfectus,
2982 4221 3035 4276 id
3080 4232 3183 4288 est,
3221 4239 3329 4278 non
3357 4234 3440 4278 est

1853 4312 2107 4383 perfecta:
2137 4312 2439 4369 charitatis.
2468 4311 2563 4366 His
2585 4312 2650 4367 de
2686 4312 2927 4383 perfecta
2950 4314 3217 4368 cbaritate
3251 4315 3434 4380 dictis,

1852 4403 2127 4458 convincit
2179 4403 2404 4457 omnino
2452 4404 2597 4473 quod
2646 4403 2942 4458 debeamus
2984 4404 3147 4461 Deum
3189 4404 3433 4475 diligere,

1852 4494 2108 4564 quoniam
2152 4495 2266 4564 ipse
2309 4494 2486 4564 prior,
2520 4494 2737 4565 inquit,
2778 4494 2968 4549 dilexit
3004 4510 3125 4549 nos.
3163 4494 3435 4550 Debemus

177 4570 249 4626 ὅτι
278 4572 377 4629 καὶ
402 4574 590 4639 αὐτὸς,
621 4576 774 4645 φησι,
799 4577 1017 4648 πρῶτος
1047 4561 1525 4654 ὴγάπησεννὴμᾶς.
1573 4561 1744 4657 Ὀφείέ

1858 4561 2052 4653 autem,
2099 4604 2223 4642 cum
2275 4588 2364 4642 ille
2406 4588 2565 4643 nobis
2602 4570 2749 4657 prior
2793 4587 2956 4642 fuerit
3008 4588 3137 4642 boni
3193 4587 3430 4654 initium,

176 4659 332 4730 λομεν
369 4662 428 4714 δὲ
467 4663 561 4716 τὸν
588 4667 1045 4736 προκατάρχοντα
1085 4670 1218 4741 ἡμῖν
1272 4671 1505 4740 ἀγαθοῦ,
1571 4692 1737 4728 σπου-

175 4749 449 4822 δαιότερον
470 4753 607 4824 πρὸς
659 4755 758 4826 τὴν
796 4758 1134 4830 ἀνταμοιϐὴν
1182 4761 1372 4816 τούτου
1426 4767 1742 4835 ἐπείγεσθαι

176 4845 259 4896 καὶ
288 4846 477 4913 ἡμεῖς,
504 4844 694 4917 ὥσπερ
721 4849 978 4920 ἀνωτέρω
1019 4851 1454 4927 διεξοδικώτερον
1483 4860 1614 4929 ἡμῖν
1661 4860 1740 4913 εῖ-

178 4950 355 5005 ρηται.
401 4935 708 5007 Ἐζήτησαν
742 4940 798 4993 δέ
831 4958 977 5006 τινες
1007 4943 1123 5008 πῶς
1152 4945 1245 4999 τοῦ
1276 4949 1441 5001 Δαυὶδ
1468 4951 1737 5021 λέγοντος,

180 5044 197 5077 ι
228 5026 514 5098 Φοϐήθητε
555 5028 647 5083 τὸν
681 5032 890 5102 Κύριον
919 5039 1121 5099 πάντες
1144 5039 1191 5091 οξ
1245 5037 1390 5107 ἅγιοι
1423 5041 1612 5111 αὐτοῦ,
1656 5045 1739 5100 ὅτι

174 5117 263 5171 οὐκ
302 5118 452 5172 ἐστιν
494 5119 781 5191 ὑστέρημα
814 5126 924 5186 τοῖς
956 5124 1310 5197 φοϐουμένοις
1364 5131 1548 5195 αὐτὸν,
1583 5153 1602 5184 ι
1641 5134 1739 5189 νῦν

176 5202 318 5271 οὗτός
337 5227 527 5277 φησιν,
565 5229 583 5263 ι
622 5212 686 5265 Ἡ
715 5213 896 5267 τελεία
923 5216 1110 5288 ἀγάπη
1138 5218 1242 5285 ἔξω
1274 5220 1459 5291 βάλλει
1515 5223 1607 5277 τὸν
1647 5226 1741 5293 φό-

177 5295 281 5354 ϐον.
331 5318 352 5351 ι
384 5299 462 5351 Uti
501 5301 670 5371 δήπου
722 5303 832 5376 γὰρ
860 5306 909 5358 οί
943 5306 1086 5373 ἅγιοι
1121 5310 1214 5364 τοῦ
1251 5311 1385 5366 Θεοῦ
1424 5315 1735 5371 τετελείωνο

175 5402 255 5476 ται
287 5392 344 5443 ὲν
375 5393 443 5461 τῇ
479 5391 693 5466 ἀγάπῃ,
736 5392 818 5460 οἷς
843 5399 903 5450 τὸ
972 5399 1255 5466 φοϐεῖσθαι
1314 5406 1739 5476 προστάσσεται.

172 5474 343 5549 Φαμὲν
361 5480 457 5534 οὖν
484 5481 559 5547 ὡς
591 5483 767 5549 διττός
816 5488 965 5543 ἐστιν
996 5491 1232 5559 ρφόϐος.
1276 5494 1333 5547 '0
1363 5474 1472 5565 μὲν
1494 5514 1735 5568 προκατ-

172 5572 406 5658 αρτικδς,
464 5572 524 5638 ὃς
553 5576 651 5629 καὶ
681 5578 981 5651 σύνδρομον
1010 5583 1331 5655 ἐπιφέρεται
1370 5587 1466 5658 τὴν
1517 5588 1737 5645 κόλασιν

174 5656 249 5714 διὰ
276 5663 345 5716 τὰ
376 5667 744 5737 πεπραγμένα
767 5671 914 5742 αὐτῷ
945 5672 1112 5742 δεινὰ,
1141 5674 1236 5729 τοῦ
1276 5656 1590 5749 προσιόντος
1612 5680 1732 5752 Θεῷ

238 5839 278 5870 ⁸⁸
301 5838 462 5895 Joan.
501 5856 553 5907 v,
583 5841 671 5896 22.
750 5846 963 5904 "Joau.
993 5866 1102 5917 XIV,
1132 5852 1219 5906 50.

1851 4680 2148 4735 studiosius
2178 4690 2233 4735 et
2265 4695 2366 4734 nos
2394 4680 2528 4734 eniti
2550 4680 2615 4733 ad
2643 4680 3046 4750 repensionem,
3076 4678 3435 4749 quemadmo-

1850 4771 1977 4825 dum
2013 4772 2268 4841 superius
2299 4788 2327 4825 a
2357 4772 2517 4827 nobis
2556 4772 2722 4826 latius
2765 4771 2970 4826 dictum
3018 4779 3120 4824 est.
3155 4769 3434 4835 Quaesivi:-

1847 4867 1976 4913 runt
2021 4868 2201 4913 autem
2249 4861 2495 4914 nonnulli
2538 4860 2832 4930 quomodo.
2876 4875 2999 4914 eum
3027 4860 3193 4914 David
3248 4859 3429 4916 dicat:

1853 4969 1871 5008 ι
1894 4949 2105 5005 Timete
2120 4951 2430 5015 Dominum,
2451 4966 2642 5005 omnes
2659 4952 2831 5005 sancti
2851 4952 2990 5021 ejus,
3011 4951 3266 5022 quoniam
3288 4951 3427 5006 nihil

1846 5042 2000 5097 deest
2030 5042 2351 5096 timentibus
2381 5057 2506 5096 eum
2528 5045 2572 5106 ²,
2610 5061 2628 5093 ο
2670 5042 2758 5097 hic
2780 5058 2888 5097 non
2918 5043 3051 5098 dicit
3080 5061 3095 5100 :
3128 5062 3146 5095 ι
3180 5043 3429 5099 Perfecta

1846 5133 2080 5189 cbaritas
2105 5133 2251 5187 foras
2283 5134 2433 5203 elicit
2461 5135 2733 5189 timorem.
2798 5154 2817 5187 ι
2880 5134 3078 5190 Annon
3101 5151 3228 5206 ergo
3256 5135 3430 5190 sancti

1845 5224 1939 5279 Dei
1980 5224 2203 5295 perfecti
2237 5225 2437 5280 suntin
2461 5226 2742 5291 cbaritate,
2781 5227 2979 5296 quibus
3014 5228 3234 5297 jubetur
3266 5236 3324 5281 nt
3360 5227 3428 5279 ti-

1846 5316 2077 5373 meant?
2115 5316 2183 5370 Et
2217 5316 2449 5371 dicimus
2475 5316 2748 5387 duplicem
2784 5333 2908 5372 esse
2939 5318 3190 5372 timorem
3237 5333 3252 5372 :
3294 5316 3430 5370 alter

1844 5407 2062 5478 quidem
2078 5407 2298 5462 initialis
2318 5416 2419 5473 est,
2442 5408 2535 5479 qui
2561 5417 2616 5464 et
2636 5409 2889 5464 comitem
2918 5409 3074 5464 aliert
3099 5407 3425 5471 cruciatum,

1844 5508 2068 5568 propter
2101 5498 2237 5551 mala
2267 5513 2296 5552 a
2329 5513 2388 5553 se
2425 5509 2740 5570 perpetrata
2777 5516 2792 5558 :
2827 5501 3053 5554 timente
3087 5513 3153 5552 eo
3200 5496 3324 5565 quia
3355 5495 3427 5551 ad

1843 5589 2011 5644 Deum
2040 5590 2269 5656 accedit,
2307 5599 2362 5644 ει
2389 5601 2680 5662 propterea
2706 5593 3001 5647 accedente
3031 5604 3099 5644 ne
3124 5588 3382 5659 puniatur
3406 5629 3423 5656 ,

1840 5688 1896 5735 et
1942 5680 2030 5736 bic
2082 5681 2301 5751 quidem
2344 5681 2568 5741 initialis
2613 5693 2715 5740 est.
2776 5684 2945 5740 Porro
2984 5681 3277 5754 perfectus,
3326 5678 3420 5734 tali

1304 5853 1361 5907 ¹Ι
1401 5854 1521 5908 Cor.
1557 5872 1628 5921 tv,
1659 5856 1739 5911 l0.
1818 5858 1837 5895 ³
1869 5856 2011 5912 Psal.
2046 5875 2233 5925 xum,
2274 5860 2359 5915 10.
