3986 6572
193 393 293 466 673

1209 396 1626 466 'COMMENT.
1664 404 1736 460 1N
1775 388 2010 459 EPIST.
2056 400 2081 458 1
2127 381 2467 460 JOANNIS.

3349 407 3456 471 671

191 515 281 567 τὸν
300 510 401 583 μὲν
416 509 553 564 Θεὸν
586 500 829 582 ἀγαπᾷν,
858 512 1037 581 μισεῖν
1067 510 1123 564 δὲ
1145 510 1236 563 τὸν
1260 508 1512 577 ἀδελφὸν,
1533 506 1594 560 οὐ
1623 521 1765 576 προς

1901 514 1959 564 iit
2004 512 2348 567 charitatem.
2398 511 2492 568 sed
2537 510 2592 568 et
2620 513 2875 585 praecepti
2925 516 3044 586 ejus
3088 527 3459 588 transgressor

194 601 274 668 οἷς
304 602 401 672 τὴν
426 602 651 670 ἀγάπην
665 600 786 673 ,τὴν
813 601 966 655 θείαν
994 601 1227 665 νοθεύει,
1263 599 1344 653 ἔτι
1383 599 1479 652 καὶ
1507 598 1609 667 τῆς
1629 597 1781 649 ιντο-

193 697 287 766 λῆς
310 694 475 748 αὐτοῦ
498 692 822 764 παραϐάτης
844 694 1157 764 εὑρίσκεται
1187 708 1203 757 ;
1234 691 1398 753 Ποίας
1425 707 1440 754 ;
1470 688 1570 784 si:
1591 688 1783 756 λεγού-

198 804 315 856 σης,
355 805 373 836 ι
398 786 488 838 Ἐν
503 784 679 855 τούτῳ
702 783 1001 853 γνώσονται
1045 784 1247 845 πάντες
1276 782 1359 834 ὅτι
1394 780 1784 852 ὲμοϊμαθηταε

153 908 172 963 γ
198 881 337 941 ἐστε,
364 876 464 929 ἐὰν
483 877 734 943 ἀγαπᾶτε
751 875 1038 944 ἀλλήλους.
1102 893 1120 925 ι
1166 873 1225 925 ’0
1260 868 1353 925 οὖν
1375 871 1475 963 τὸν
1498 870 1629 963 Θεὸν
1649 872 1785 963 ἁγαῖ

199 969 333 1031 πῶν,
356 968 656 1021 καὶτούτου
675 966 921 1037 μαθητὴς
938 963 1402 1037 διισχυριζόμενος
1423 958 1786 1033 εἷναι,ἀγαπᾷ

202 1061 287 1114 καὶ
310 1060 405 1113 τὸν
435 1058 665 1130 ἀδελφὸν
690 1059 855 1115 αὐτοῦ
878 1062 1019 1115 κατά
1045 1061 1145 1133 τὴν
1168 1063 1376 1117 ἐκείνου
1403 1062 1643 1135 ἐντολήν.

829 1152 1085 1205 usus.
1136 1152 1229 1219 (τ’.

201 1264 332 1331 Περὶ
356 1264 677 1331 θεολογίας
718 1262 856 1316 Υἱοῦ
910 1263 980 1316 ὲν
1021 1263 1169 1329 δόξῃ
1206 1263 1456 1329 Πατριις,
1509 1264 1603 1317 καὶ
1650 1262 1786 1330 περὶ

266 1334 448 1398 νίκης
474 1333 584 1400 τῆς
617 1332 767 1385 κατὰ
799 1332 929 1401 τοῦᾲ
955 1333 1223 1400 πονηροῦ
1257 1332 1353 1385 δεὰ
1381 1334 1640 1399 πίστεως
1674 1335 1786 1401 Ἰη-

266 1403 388 1457 σοῦ
429 1399 691 1471 Χριστοῦ
707 1404 796 1467 εις
823 1399 998 1467 ζωήν.

267 1513 398 1581 Πᾶς
438 1518 473 1569 ὀ
503 1516 826 1578 πιστεύων,
863 1514 954 1568 ὅτι
992 1514 1223 1582 Ἰησοῦς
1249 1515 1426 1568 ἐστιν
1454 1518 1485 1568 ό
1506 1514 1783 1583 Χριστὸς,

202 1607 266 1661 ἐκ
294 1607 406 1660 τοῦ
434 1604 584 1660 Θεοῦ
614 1605 984 1675 γεγέννηται.
1016 1605 1123 1659 Καὶ
1147 1602 1267 1672 πᾶς
1316 1609 1348 1659 ό
1394 1605 1642 1675 ἀγαπῶν
1681 1605 1786 1659 τὸν

206 1701 616 1769 γεννήσαντα,
675 1694 881 1767 ἀγαπᾷ
926 1696 1026 1751 καὶ
1068 1698 1178 1751 τὸν
1222 1698 1664 1767 γεγεννημένον
1716 1698 1786 1762 ἐξ

207 1788 415 1842 αὑτοῦ.
446 1788 554 1842 Ἐν
579 1789 768 1854 τούτῳ
793 1787 1190 1856 γινώσκομεν,
1224 1788 1312 1840 ὅτι
1362 1786 1685 1857 ἀγαπῶμεν
1711 1787 1784 1842 τὰ

207 1877 385 1931 τέκνὶι
404 1879 515 1934 τοῦ
547 1878 714 1943 Θεοῦ,
735 1847 895 1932 ’ὅταν
943 1847 1228 1933 tor-Ostiu-
1278 1847 1620 1950 ἀγαπῶμεν,
1681 1878 1784 1934 καὶ
1817 1847 1860 1910 Β

207 1969 305 2034 τὰς
325 1968 591 2034 ἐντολὰς
620 1968 806 2023 αὑτοῦ
832 1967 1122 2038 τηρῶμεν.
1160 1968 1324 2036 Αὕτη
1375 1968 1489 2039 γάρ
1536 1969 1708 2022 ἐστιν
1744 1968 1784 2039 ή

206 2059 408 2130 ἀγάπη
436 2059 543 2113 τοῦ
573 2059 744 2125 Θεοῦ,
769 2059 872 2112 ἵνα
891 2060 1000 2125 τὰς
1015 2057 1267 2125 ἐντολὰς
1286 2059 1473 2113 αὐτοῦ
1496 2054 1786 2126 τηρῶμεν.

210 2152 313 2205 Καὶ
346 2154 412 2204 al
438 2151 681 2206 ἐντολαὶ
707 2151 895 2205 αὐτοῦ
926 2150 1166 2218 βαρεῖαι
1208 2150 1319 2205 οὐκ
1344 2153 1484 2204 εισι.
1506 2150 1636 2203 Ὀτι
1666 2148 1791 2205 πᾶν

208 2243 269 2293 τὸ
285 2238 740 2309 γεγεννημένον
782 2238 854 2292 ἐκ
916 2236 1028 2293 τοῦ
1051 2237 1223 2304 Θεοῦ,
1240 2235 1379 2304 νικᾷ
1407 2238 1514 2292 τὸν
1538 2238 1789 2307 κόσμον,

209 2332 299 2385 καὶ
323 2332 485 2400 αὕτη
517 2332 692 2386 ἐστὶν
712 2331 751 2401 ἠ
776 2331 922 2399 νίκη
951 2332 990 2399 ἠ
1017 2331 1329 2399 νικήσασα
1352 2332 1462 2383 τὸν
1490 2332 1721 2400 κόσμον
1749 2332 1789 2400 ἡ

210 2427 417 2490 πίστις
441 2422 629 2494 ἡμῶν.
661 2424 756 2489 Τις
781 2422 953 2477 ἐστιν
969 2425 1002 2477 d
1023 2421 1210 2476 νικῶν
1237 2422 1345 2476 τὸν
1375 2426 1609 2492 κόσμον
1636 2426 1686 2477 ει
1705 2423 1792 2493 μὴ

212 2518 582 2578 ὀπιπεύων,
616 2515 705 2568 ὅτι
733 2512 980 2582 Ἰησοῦς
1026 2513 1196 2568 ἐστιν
1229 2514 1261 2567 ὁ
1297 2513 1425 2580 Υἱὸς
1456 2513 1564 2568 τοῦ
1603 2514 1751 2569 Θεοῦ
1779 2539 1799 2588 ,-

274 2602 474 2659 ταῦτα
502 2601 759 2675 εἰρηκὼς,
790 2603 887 2656 καὶ
923 2602 1133 2669 ἑτέροις
1164 2604 1328 2655 πάλιν
1358 2605 1647 2656 πιστοῦται
1685 2604 1782 2657 τὸν

208 2686 390 2765 λᾶγον,
426 2695 572 2749 οὕτω
589 2713 707 2758 πως
729 2695 1160 2759 κατασκευάζων
1179 2711 1191 2725 ·
1213 2695 1276 2748 Ei
1333 2695 1554 2766 ἐντολὴν
1599 2695 1793 2751 ἐλάϐο-

214 2809 315 2861 μεν
346 2789 461 2844 ἀπὸ
485 2788 583 2843 τοῦ
608 2773 943 2841 Διδασκάλου
974 2787 1240 2859 ἀλλήλους
1284 2788 1531 2859 ἀγαπᾷν,
1573 2788 1794 2852 πάντως

212 2886 256 2937 εἰ
287 2883 633 2951 πιστεύομεν
684 2883 767 2936 ὅτι
794 2884 822 2936 ὁ
847 2880 1163 2946 διδάσκαλος
1205 2881 1363 2951 ήμῶν
1409 2880 1617 2950 Ἰησοῦς
1645 2883 1795 2937 ἐστιν

210 2979 235 3029 ὸ
255 2977 301 3030 Χ
320 2975 527 3046 ριστὸς.
542 2973 602 3038 ὃς
620 2976 676 3027 ὲν
698 2975 875 3043 τούτῳ
904 2974 1020 3027 ἐστὶ
1042 2974 1279 3043 Χριστὸς
1304 2976 1363 3028 ὲν
1391 2975 1471 3044 τῷ
1496 2975 1629 3045 Θεὸς
1651 2971 1793 3030 εἶναι

213 3070 308 3121 καὶ
376 3066 688 3135 ἄνθρωπος.
722 3065 1035 3135 φυλάξομεν
1081 3068 1173 3118 καὶ
1203 3065 1303 3129 τὰς
1329 3067 1549 3131 ἐντολὰς
1601 3068 1792 3135 αὐτοῦ,

212 3158 280 3219 ὡς
323 3155 674 3218 διδασκάλου,
706 3154 779 3217 ὡς
814 3152 971 3207 Θεοῦ.
1004 3154 1360 3219 Πιστεύοντες
1384 3155 1440 3208 δὲ
1463 3155 1596 3210 Θεὸν
1626 3157 1792 3212 αὐτὸν

211 3234 378 3309 εἶναι,
402 3247 509 3300 υἱοὶ
530 3245 692 3299 αὐτοῦ
716 3245 1149 3317 χρηματίζομεν,
1195 3245 1379 3310 καθὼς
1418 3248 1511 3300 καὶ
1534 3250 1591 3301 ὲν
1613 3248 1796 3319 Εὐαγ-

212 3339 422 3407 γελίοις
444 3337 686 3408 εἴρηται.
714 3357 733 3390 ι
761 3337 920 3393 Ὅσοι
944 3337 1001 3391 δὲ
1028 3336 1221 3392 ἔλαϐον
1244 3339 1426 3405 αὐτὸν,
1449 3357 1469 3390 ι
1492 3342 1793 3407 τουτέστιν,

212 3433 333 3485 ὅσοι
364 3431 696 3484 ἐπίστευσαν
720 3433 800 3494 εἰς
837 3431 1020 3495 αὑτὸν,
1051 3451 1068 3483 ι
1093 3429 1295 3485 ἔδωκεν
1324 3433 1510 3497 αὐτοῖς
1546 3435 1796 3501 ἐξουσίαν

211 3522 383 3575 τέκνα
415 3520 556 3574 Θεοῦ
583 3521 859 3590 γενέσθαι.
887 3540 905 3574 ι
932 3521 996 3574 Εἰ
1026 3521 1403 3593 γεγεννήμεθα
1430 3523 1485 3577 δὲ
1522 3522 1584 3589 ἐξ
1605 3525 1794 3593 αὑτοῦ,

214 3614 285 3664 πά
294 3626 442 3674 ντως
465 3612 635 3665 καὶτὸ
652 3612 893 3682 καθῆκον
910 3612 986 3682 τῷ
1001 3614 1356 3684 γεγεννηκότι
1391 3615 1794 3685 ὲπιδειξόμεθα.

215 3702 276 3756 Τί
312 3703 474 3756 τοῦτο
502 3720 518 3768 ;
552 3703 626 3756 Τὸ
658 3702 879 3776 ἀγαπᾷν
909 3705 1003 3758 τὸν
1025 3707 1418 3777 γεγεννηκότα,
1459 3707 1620 3776 φύσει
1670 3710 1796 3764 τού-

212 3808 311 3846 του
343 3795 459 3854 τοῖς
485 3793 696 3857 τέκνοις
737 3795 872 3864 πρὸς
904 3795 1034 3857 τοὺς
1077 3794 1321 3867 πατέρας
1371 3797 1798 3854 ἐπακολουθοῦν-

216 3898 333 3947 τος.
364 3882 517 3937 Ἐπεὶ
534 3885 611 3949 δὲ,
636 3887 825 3957 φησὶν.
843 3886 1022 3952 τοῦτο,
1048 3887 1247 3952 πάντες
1292 3889 1342 3942 οἱ
1374 3892 1797 3957 πεπιστευκότες

216 3976 271 4041 te
317 3976 486 4031 αὑτοῦ
517 3978 918 4048 γεγεννήμεθα,
944 3977 1013 4047 (εἰ
1035 3978 1090 4031 δὲ
1123 3979 1181 4043 ἐξ
1199 3979 1364 4033 αὑτοῦ
1391 3982 1795 4052 γεγεννήμεθα,

214 4069 496 4140 ὀφειλέται
546 4070 710 4139 ἐσμὲν
756 4071 850 4125 καὶ
887 4071 976 4125 διὰ
1022 4072 1182 4126 τοῦτο
1234 4072 1519 4143 ἀλλήλους
1549 4076 1797 4146 ἀγαπᾷν,

217 4163 314 4214 καὶ
342 4162 421 4224 ὡς
452 4163 692 4231 ἀδελφοὶ,
725 4163 821 4217 καὶ
880 4164 957 4225 ὡς
1016 4163 1074 4231 ἐξ
1128 4163 1296 4219 αὐτοῦ
1354 4165 1794 4235 γεγεννημένοι,)

216 4253 475 4324 ἐπιφέρει
535 4254 631 4309 καὶ
692 4254 882 4307 τούτου
942 4254 1126 4309 πίστιν
1157 4295 1172 4321 ,
1218 4255 1296 4318 ὡς
1332 4258 1360 4310 ὁ
1409 4257 1641 4326 ἀγαπῶν
1704 4257 1797 4311 τὸν

217 4346 578 4412 γεννήσαντα,
608 4342 703 4397 καὶ
748 4342 841 4397 τὸν
864 4345 1267 4416 γεγεννημένον
1297 4345 1357 4411 ἐξ
1385 4345 1551 4400 αὑτοῦ
1583 4348 1801 4417 ἀγαπᾷ,

219 4429 338 4486 εἶτα
394 4433 774 4503 ἀντιστρόφως
804 4434 1109 4505 χρῆταιτῷ
1157 4434 1323 4506 λόγῳ,
1364 4438 1459 4489 καί
1505 4453 1670 4506 φησιν
1718 4437 1798 4490 ὅτι

1881 604 2202 660 invenitur?
2240 605 2457 675 Cujus?
2501 605 2629 675 Ejus
2667 622 2776 676 quo
2804 608 2937 663 dicit
2976 625 2990 662 :
3034 626 3051 659 ι
3086 606 3189 663 Per
3229 610 3334 664 hoc
3360 626 3458 665 co-

1881 704 2145 767 gnoscent
2169 711 2358 751 omnes
2381 697 2525 767 quod
2558 698 2664 752 mei
2696 699 2814 753 sitis
2840 698 3116 771 discipuli,
3153 699 3199 755 si
3223 702 3463 756 Charita-

1883 798 1992 843 tem
2020 789 2321 843 habueritis
2347 789 2489 843 inter
2530 805 2628 844 vos
2663 800 2909 846 mutuam
2932 792 2972 846 ’⁸.
3006 792 3108 859 Qui
3134 809 3264 865 ergo
3290 794 3461 848 Deum

1883 878 2076 949 diligit,
2119 889 2173 934 et
2209 880 2375 950 hujus
2410 881 2739 952 discipulum
2774 899 2833 939 se
2866 900 2989 940 esse
3016 887 3236 950 asserit,
3273 886 3464 957 diligat

1882 978 1938 1027 et
1962 970 2186 1026 fratrem
2213 986 2371 1026 suum
2397 972 2548 1044 juxta
2586 973 2729 1030 illius
2755 986 3112 1047 praeceptum.

2373 1145 2535 1217 595
2588 1146 2817 1204 CAPUT
2880 1147 2970 1203 v1.

1890 1248 2165 1334 Theologia
2226 1258 2289 1334 de
2336 1243 2477 1312 Filio
2516 1261 2604 1334 qui
2643 1270 2717 1315 est
2758 1262 2811 1315 in
2855 1261 3025 1334 gloria
3078 1263 3284 1330 Patris,
3319 1275 3367 1319 el
3404 1268 3468 1322 de

1958 1330 2174 1452 ingloria
2198 1329 2445 1384 adversus
2477 1332 2768 1403 malignum
2804 1329 2898 1402 pér
2929 1333 3086 1401 ﬁdem
3113 1335 3238 1390 Iesu
3268 1329 3467 1393 Christi

1955 1417 1987 1453 a
2066 1409 2255 1452 vitam.

1963 1509 2030 1577 ν,
2088 1512 2201 1566 1-5.
2252 1509 2432 1566 Omnis
2481 1513 2570 1581 qui
2609 1512 2773 1565 credit
2810 1511 2992 1568 Iesum
3028 1531 3137 1569 esse
3176 1515 3465 1584 Christum,

1886 1620 1950 1658 ex
1979 1603 2088 1657 Deo
2118 1612 2273 1656 natus
2300 1613 2394 1656 est.
2422 1602 2486 1656 Et
2509 1604 2598 1673 qui
2621 1605 2792 1674 diligit
2825 1622 2942 1659 eum
2963 1608 3053 1677 qui
3080 1609 3279 1678 genuit,
3297 1610 3469 1682 diligit

1886 1707 1935 1750 et
1961 1711 2077 1749 eum
2106 1697 2194 1767 qui
2213 1705 2367 1749 natus
2380 1704 2451 1748 est
2473 1712 2536 1749 ex
2560 1695 2669 1749 illo.
2713 1696 2814 1751 Per
2837 1698 2931 1752 hoc
2954 1702 3307 1770 cognoscimus
3337 1706 3473 1774 quod

1887 1789 2170 1858 diligamus
2186 1786 2328 1855 ﬁlios
2354 1784 2465 1852 Dei,
2489 1803 2604 1840 cum
2631 1787 2796 1841 Deum
2822 1789 3109 1861 diligimus,
3131 1801 3177 1846 et
3211 1806 3473 1862 praecepta

1889 1879 2001 1949 ejus
2015 1895 2300 1933 servamus.
2328 1879 2452 1932 Htcc
2474 1884 2702 1934 estenim
2729 1882 2961 1937 c/mritas
2996 1883 3108 1951 Dei,
3138 1900 3192 1939 ut
3214 1898 3476 1957 praecepta

1889 1972 2002 2039 ejus
2022 1985 2318 2024 servemus:
2350 1979 2397 2023 et
2429 1983 2687 2041 prwrepla
2705 1972 2817 2035 eius
2843 1976 3026 2045 gravia
3050 1994 3151 2030 non
3170 1990 3310 2032 sunt.
3334 1979 3478 2043 Quo-

1890 2063 2035 2115 niam
2065 2078 2217 2115 omne
2242 2062 2380 2129 quod
2401 2071 2587 2115 natum
2602 2074 2677 2116 est
2698 2080 2761 2117 ex
2776 2065 2905 2131 Deo,
2937 2068 3093 2121 vincit
3112 2071 3386 2123 mundum.
3411 2069 3477 2123 Et

1889 2152 1995 2206 haec
2010 2162 2080 2205 est
2101 2153 2319 2206 victoria
2338 2168 2455 2222 qua:
2474 2154 2636 2206 vincit
2662 2160 2936 2221 mundum,
2954 2158 3086 2227 ﬁdes
3121 2170 3323 2215 nostra.
3343 2161 3477 2227 Quis

1889 2254 1968 2299 est
2003 2245 2093 2314 qui
2142 2245 2301 2298 vincit
2346 2245 2603 2299 mundum
2644 2247 2847 2318 nisiqui
2875 2251 3038 2305 credit
3058 2253 3194 2321 quod
3227 2252 3377 2308 Iesus
3402 2263 3476 2308 est

1893 2334 2068 2390 Filius
2099 2334 2196 2390 Dei
2218 2337 2245 2392 2

1963 2600 2059 2657 His
2099 2602 2263 2658 dictis
2288 2612 2482 2659 rursus
2519 2602 2639 2659 aliis
2665 2619 2883 2675 quoque
2925 2619 3233 2661 sermonem
3277 2607 3477 2662 conﬁr-

1894 2701 2026 2759 mat,
2077 2692 2150 2748 ita
2202 2694 2603 2763 quodammodo
2645 2696 2949 2752 roborans:
3001 2694 3058 2750 Si
3088 2707 3420 2768 praeceptum
3447 2715 3478 2753 τι

1896 2782 2153 2854 Magistro
2183 2787 2499 2856 accepimus
2533 2787 2599 2841 de
2621 2787 2781 2842 nobis
2812 2796 3001 2843 mutuo
3032 2789 3343 2858 diligendis,
3370 2790 3480 2844 uti-

1896 2890 2005 2946 que
2027 2876 2072 2933 si
2102 2877 2377 2931 credimus
2406 2866 2551 2948 quod
2587 2878 2846 2948 magister
2873 2893 2937 2933 ac
2968 2888 3269 2950 praeceptor
3296 2888 3483 2934 noster

1894 2967 2054 3024 Iesus
2091 2969 2162 3024 sit
2208 2967 2480 3035 Christus,
2509 2970 2601 3040 qui
2634 2985 2697 3025 eo
2732 2970 2980 3026 Christus
3014 2979 3098 3025 est
3125 2987 3233 3040 quo
3261 2971 3403 3025 Deus
3427 2980 3485 3026 tt

1898 3059 2061 3115 homo
2082 3068 2166 3114 est
2192 3078 2204 3113 :
2238 3061 2576 3131 servabimus
2605 3061 2766 3115 etiam
2792 3067 3057 3131 praecepta
3081 3062 3198 3131 ejus
3226 3071 3481 3132 tanquam

1898 3150 2141 3222 magistri
2164 3158 2219 3205 et
2248 3161 2503 3222 tanquam
2529 3150 2643 3213 Dei,
2665 3150 2836 3207 Porro
2856 3152 3142 3207 credentes
3162 3151 3339 3222 ipsum
3363 3168 3484 3208 esse

1902 3241 2095 3307 Deum,
2132 3242 2228 3297 ﬁlii
2258 3244 2377 3313 ejus
2404 3244 2744 3314 appellamur
2777 3261 2791 3297 :
2828 3244 3288 3314 quemadmodum
3315 3244 3483 3299 etiam

1899 3337 1955 3391 in
1984 3334 2294 3409 Evangeliis
2329 3337 2533 3392 dictum
2565 3345 2649 3392 est
2678 3354 2693 3389 :
2746 3355 2765 3388 ι
2803 3335 3082 3407 Quotquot
3114 3346 3295 3391 autem
3327 3351 3484 3391 acce-

1900 3437 2099 3500 perunt
2130 3445 2279 3494 eum,
2304 3430 2409 3485 hoc
2436 3438 2558 3495 est,
2583 3438 2847 3501 quotquot
2873 3428 3224 3484 crediderunt
3250 3428 3305 3482 in
3336 3444 3481 3492 eum,

1899 3523 2048 3579 dedit
2088 3523 2169 3578 eis
2204 3531 2532 3594 potestatem
2572 3531 2631 3577 ut
2660 3521 2755 3576 ﬁlii
2788 3520 2880 3575 Dei
2902 3520 3096 3576 ﬁerent
3115 3519 3158 3574 ⁸.
3200 3540 3219 3573 ι
3271 3517 3328 3574 Si
3359 3535 3491 3575 vero

1897 3628 1963 3669 ex
1990 3614 2107 3684 ipso
2137 3614 2250 3667 nati
2277 3629 2487 3678 sumus,
2512 3615 2698 3684 utique
2728 3612 2896 3668 etiam
2934 3611 3314 3682 praestabimus
3340 3613 3487 3682 quod

1899 3706 2101 3761 decens
2130 3712 2217 3760 est
2245 3705 2294 3760 ei
2325 3705 2419 3775 qui
2446 3720 2547 3761 nos
2573 3705 2779 3776 genuit.
2807 3704 3076 3771 Quidnam
3099 3701 3203 3757 hoc
3240 3712 3321 3757 est
3347 3703 3371 3755 ἰ
3417 3700 3486 3757 Ut

1901 3813 2025 3853 eum
2070 3798 2359 3868 diligamus
2406 3797 2499 3867 qui
2553 3812 2655 3851 nos
2691 3797 2899 3867 genuit,
2947 3811 3070 3849 cum
3108 3795 3212 3849 hoc
3251 3793 3489 3849 ﬁliorum

1901 3898 2157 3945 naturam
2205 3890 2572 3959 subsequatur
2609 3896 2671 3942 ut
2710 3879 2915 3958 patres’
2930 3885 3176 3957 diligant.
3215 3884 3484 3952 Quoniam

1901 3991 2083 4036 autem
2120 3981 2225 4035 hoc
2267 3982 2341 4034 ita
2370 3989 2474 4044 est,
2517 3980 2756 4034 universi
2785 3978 2879 4049 qui
2920 3978 3255 4033 credidimus
3286 3993 3350 4032 ex
3388 3993 3491 4031 eo-v

1902 4075 2024 4130 dem
2057 4074 2171 4128 nati
2212 4087 2451 4128 sumus:
2498 4072 2641 4141 quod
2685 4070 2730 4125 si
2772 4086 2839 4125 ex
2887 4069 3081 4124 eodem
3125 4069 3237 4122 nati
3272 4083 3483 4134 sumus,

1901 4160 2177 4216 debitores
2204 4160 2367 4214 etiam
2394 4174 2458 4214 ex
2487 4173 2553 4213 eo
2588 4172 2778 4214 sumus
2802 4168 2862 4213 ut
2889 4172 2988 4213 nos
3017 4158 3249 4212 invicem
3280 4158 3486 4227 diliga-

1902 4269 2063 4310 mus:
2120 4262 2176 4308 et
2218 4254 2348 4323 quia
2395 4252 2610 4316 fratres,
2660 4259 2716 4305 et
2757 4250 2883 4320 quia
2924 4265 2990 4305 ex
3030 4250 3221 4304 eodem
3252 4250 3387 4304 nati.
3419 4249 3486 4304 Et

1903 4347 2070 4416 hujus
2100 4345 2509 4416 persuasionem
2547 4343 2768 4413 subjicit
2800 4361 2815 4399 :
2862 4343 3004 4413 Quod
3045 4342 3135 4411 qui
3159 4341 3334 4411 diligit
3358 4356 3488 4403 eum

1902 4439 2000 4510 qui
2028 4438 2236 4510 genuit,
2264 4438 2437 4509 diligit
2458 4437 2623 4490 etiam
2654 4451 2778 4491 eum
2803 4434 2895 4506 qui
2912 4443 2979 4489 ex
3007 4434 3125 4504 ipso
3143 4432 3355 4501 genitus
3380 4439 3488 4485 est.

219 4527 252 4594 ή
284 4525 427 4595 πρὸς
472 4525 600 4589 τοὺς
660 4525 927 4595 ἀδελφοὺς
981 4526 1100 4596 ήτοι
1148 4527 1220 4580 τά
1274 4527 1443 4581 τέκνα
1506 4526 1601 4581 τοῦ
1662 4527 1793 4584 Θεοῦ

1907 4532 2114 4588 Deinde
2160 4531 2431 4586 sermonis
2469 4528 2831 4584 conversione
2882 4527 3071 4591 utitur,
3121 4520 3285 4595 596
3325 4530 3379 4576 et
3408 4520 3486 4574 ait

218 4617 433 4688 ἀγάπη,
465 4617 564 4689 τὴν
589 4620 668 4682 εις
700 4619 791 4672 τὸν
842 4620 1068 4673 τεκόντα
1105 4621 1326 4691 ἀγάπην
1378 4620 1608 4692 βεϐαιοῖ.
1651 4621 1800 4676 Ἀνω

224 4710 322 4778 μὲν
350 4711 465 4781 γὰρ
490 4710 695 4780 ἔλεγεν,
731 4731 749 4764 ι
774 4711 831 4767 ’0
849 4711 1078 4781 ἀγαπῶν
1102 4713 1193 4766 τὸν
1217 4713 1372 4776 Θεὸν,
1408 4716 1502 4768 καὶ
1521 4714 1613 4769 τὸν
1637 4714 1791 4769 ἀδελ-

221 4801 318 4869 φὸν
346 4801 516 4856 αὐτοῦ
550 4804 761 4874 ἀγαπᾷ,
795 4821 814 4856 ι
840 4803 937 4856 νῦν
984 4804 1040 4856 δὲ
1096 4804 1462 4875 ἀντιστρέψας
1513 4805 1685 4874 λέγει,
1713 4807 1796 4860 ὅτι

220 4894 499 4964 ὀάγαπῶν
530 4894 603 4947 τὰ
638 4897 802 4949 τέκνα
836 4895 932 4949 τοῦ
964 4896 1124 4957 Θεοῦ.
1156 4898 1250 4951 καὶ
1277 4900 1368 4951 τὸν
1400 4899 1531 4952 Θεὸν
1576 4900 1790 4971 ἀγαπᾷ.

223 4986 334 5039 Καὶ
366 4986 564 5056 δεῖγμα
581 4987 681 5056 τῆς
702 4989 781 5049 εἰς
815 4986 948 5040 Θεὸν
977 4989 1220 5059 ἀγάπης,
1252 4988 1349 5061 τὴν
1390 4991 1469 5054 εις
1522 4991 1612 5044 τὸν
1639 4991 1799 5045 ἀδελ-

224 5077 322 5147 φὸν
350 5078 575 5149 ἀγάπην
600 5077 829 5133 τίθεται.
873 5077 1004 5133 Εἶτα
1026 5081 1123 5151 τὴν
1145 5083 1225 5144 εἰς
1252 5081 1385 5135 Θεὸν
1412 5082 1655 5153 ἀγάπην,
1704 5083 1798 5136 καὶ

222 5171 331 5224 τῶν
354 5171 590 5225 ἐντολῶν
619 5171 785 5225 αὐτοῦ
831 5175 1121 5243 ποιητικήν
1189 5191 1345 5242 φησι,
1404 5173 1587 5237 καλῶς
1639 5173 1802 5227 τοῦτο

223 5261 419 5333 λέγων.
444 5281 463 5315 ι
510 5263 571 5318 '0
605 5264 715 5335 γὰρ
746 5265 974 5332 ἀγαπῶν
1009 5281 1098 5335 με,
1132 5265 1291 5325 αὑτός
1319 5282 1483 5334 φησιν
1513 5266 1541 5318 ὁ
1586 5266 1799 5338 Σωτὴρ,

222 5355 319 5419 τὰς
349 5355 574 5419 ἐντολάς
607 5373 710 5425 μου
740 5359 914 5427 τηρεῖ.
932 5376 1056 5409 ι-ι
1083 5356 1234 5427 Αὕτη
1261 5358 1369 5429 γάρ
1393 5358 1540 5411 ἐστιν
1562 5360 1589 5412 ὁ
1607 5359 1797 5431 ἀγάπη

223 5445 314 5499 τοῦ
344 5446 504 5504 Θεοῦ.
538 5465 559 5499 ι
604 5446 695 5501 Ἐν
732 5446 1029 5519 ὑπερθατῷ
1057 5450 1356 5503 ἀκουστέον
1392 5448 1453 5501 τὸ
1504 5450 1804 5522 προκείμε-

225 5556 314 5596 νον
345 5541 523 5607 οὕτως
547 5558 563 5573 ο
585 5541 733 5613 Αὕτη
771 5542 881 5614 γάρ
910 5545 1057 5596 ἐστιν
1084 5544 1118 5613 ἡ
1144 5542 1357 5613 ἀγάπη,
1391 5542 1477 5594 ἵνα
1498 5543 1622 5605 ,τὰς
1652 5544 1801 5596 ἔντο-

226 5635 317 5699 λάς
350 5633 519 5689 αὐτοῦ
570 5634 855 5705 τηρῶμεν,
883 5635 966 5688 ὅτι
997 5636 1107 5688 πᾶν
1154 5635 1216 5687 τὸ
1277 5633 1677 5706 γεγεννημένον
1732 5637 1798 5689 ἐκ

293 5795 314 5827 ⁸
343 5797 505 5852 Joan.
540 5811 658 5863 xm,
685 5799 773 5853 55.
848 5796 870 5829 ⁸
897 5797 1057 5855 Joan.
1103 5814 1143 5865 ι,
1185 5798 1273 5855 η.

1384 5799 1405 5830 ⁸
1431 5796 1592 5853 Ioan.
1636 5811 1753 5864 xw,
1777 5794 1868 5851 21.

1906 4625 2050 4695 quod
2083 4622 2304 4679 dilectio
2337 4635 2465 4693 erga
2495 4621 2691 4676 fratres
2723 4619 2837 4674 sive
2869 4618 3009 4672 ﬁlios
3038 4615 3167 4680 Dei,
3201 4612 3490 4668 conﬁrmat

1906 4715 2253 4771 dilectionem
2297 4727 2424 4784 erga
2464 4727 2590 4767 eum
2629 4710 2721 4781 qui
2762 4709 2969 4781 genuit.
3006 4707 3065 4762 in
3108 4704 3492 4776 superioribus

1906 4824 2144 4878 namque
2178 4806 2354 4863 dixit:
2413 4824 2432 4857 ι
2474 4803 2577 4870 Qui
2609 4805 2781 4858 Deum
2819 4802 3016 4873 diligit,
3063 4800 3110 4853 is
3154 4807 3210 4852 et
3260 4798 3491 4853 fratrem

1908 4899 2125 4969 diligit:
2165 4917 2184 4949 ι
2243 4912 2392 4951 nunc
2429 4902 2610 4949 autem
2647 4906 2901 4947 sermone
2932 4891 3153 4944 inverso
3180 4887 3313 4943 dicit
3341 4886 3491 4956 quod

1907 4992 1954 5045 is
1971 4990 2064 5060 qui
2089 4989 2228 5043 ﬁlios
2248 4987 2339 5043 Dei
2360 4987 2554 5058 diligit,
2575 4986 2736 5040 etiam
2765 4985 2932 5039 Deum
2953 4982 3153 5051 diligit:
3183 4996 3247 5035 ac
3271 4980 3492 5051 signum

1906 5081 2216 5141 dilectionis
2232 5080 2327 5134 Dei
2339 5079 2493 5150 ponit
2509 5078 2852 5133 dilectionem
2871 5091 2998 5147 erga
3017 5072 3261 5128 fratrem.
3284 5070 3495 5126 Deinde

1906 5176 2257 5231 dilectionem
2281 5174 2336 5227 in
2353 5172 2524 5225 Deum
2539 5171 2616 5225 ait
2630 5184 2846 5240 quoque
2863 5167 3076 5222 edicere
3094 5174 3492 5236 praeceptorum

1908 5268 2081 5340 ipsius
2104 5264 2540 5322 observationem
2566 5273 2749 5319 :rectc
2778 5264 2883 5317 hoc
2905 5260 3126 5317 dicens:
3151 5274 3298 5321 nam,
3339 5275 3361 5308 ι
3383 5254 3492 5321 Qui

1907 5377 1997 5417 me
2019 5361 2213 5432 diligit,
2237 5360 2312 5415 ait
2333 5360 2449 5430 ipse
2470 5358 2738 5421 Salvator,
2759 5364 3033 5426 przecepta
3057 5367 3175 5406 mea
3193 5357 3376 5405 servat
3393 5349 3433 5400 ⁸.
3460 5362 3486 5398 r

1905 5485 1977 5497 -α
2021 5473 2040 5506 ι
2080 5453 2208 5508 Haec
2235 5453 2378 5506 enim
2414 5459 2499 5506 est
2533 5450 2773 5505 charitas
2807 5447 2921 5502 Dei.
2956 5466 2973 5498 ι
3010 5445 3114 5500 Per
3153 5442 3487 5513 hyperbaton

1905 5543 2318 5616 intelligendum
2345 5550 2429 5597 est
2463 5542 2607 5612 quod
2632 5540 2975 5612 proponitur,
3000 5537 3103 5592 hoc
3127 5532 3289 5589 modo
3318 5548 3331 5585 :
3362 5528 3488 5584 llaec

1906 5647 1990 5695 est
2021 5637 2166 5693 enim
2206 5636 2445 5693 charitas
2476 5634 2573 5691 Dei
2619 5642 2675 5690 ut
2710 5636 2979 5704 praecepta
3023 5628 3143 5698 ejus
3177 5635 3482 5685 servemus,
