3950 6576
498 362 607 427 675

1550 350 1947 418 CECUMENII
1988 351 2275 413 T‘RICCE
2314 351 2649 414 EPISCOPI
2730 402 2743 412 .

3639 347 3749 410 (ιτῖὸ

495 473 751 545 quoniam
785 487 945 527 omne
971 471 1116 542 quod
1143 481 1329 527 natum
1358 478 1440 526 est
1469 486 1536 527 ex
1565 471 1677 526 Deo
1710 470 1877 525 vincit
1910 484 2068 523 mun-

2183 466 2269 521 τοῦ
2288 466 2453 520 Θεοῦ.
2497 467 2569 520 Τὸ
2589 466 2666 531 δὲ,
2698 464 2919 535 Βαρεῖαι
2948 463 3047 518 οὐκ
3107 463 3233 524 εἰσὶ,
3286 460 3756 533 παρεμϐἑῦληται.

496 565 650 619 dum.
698 562 889 628 Porro,
912 561 1107 617 Gravia
1139 578 1247 617 non
1279 571 1426 628 sunt,
1456 562 1799 633 interjectum
1823 570 1925 616 est.
1954 580 1973 611 c
2010 561 2078 615 Et

496 668 766 733 praecepta
811 658 930 727 ejus
970 656 1151 727 gravia
1202 672 1313 711 non
1362 662 1512 710 sunt.
1548 673 1568 707 ι
1618 654 1735 708 Non
1772 655 1913 709 sicut
1941 655 2078 709 dixit

496 751 766 813 Christus,
818 767 835 799 ι
861 748 1056 817 Jugum
1093 761 1268 800 meum
1312 744 1430 800 leve
1479 756 1561 799 est
1584 746 1652 810 ’ς
1690 764 1709 797 ι
1749 744 1829 799 sic
1857 754 1911 799 et
1942 744 2074 814 ipse,

497 840 641 911 quod
677 849 945 910 prtecepta
978 838 1114 892 levia
1141 844 1289 900 sunt,
1316 837 1411 891 sed
1430 836 1572 906 quod
1591 839 1773 905 gravia
1796 850 1904 889 non
1927 845 2074 901 sunt,

497 933 629 987 dixit
654 951 667 985 :
691 931 831 1000 apud
861 944 984 983 eum
1022 943 1255 997 namque
1272 927 1361 997 qui
1398 926 1464 980 ad
1489 926 1740 980 virtutem
1767 926 2073 991 adducitur,

497 1024 659 1076 etiam
689 1036 808 1089 qua:
844 1020 979 1073 levia
1012 1019 1124 1073 sint
1154 1017 1446 1073 admodum
1478 1018 1658 1087 gravia
1704 1025 2029 1086 reputantur
2059 1032 2072 1067 :

498 1109 951 1179 quemadmodum
994 1108 1138 1178 apud
1183 1123 1308 1162 eum
1355 1108 1445 1176 qui
1479 1106 1647 1160 robur
1690 1121 1752 1160 ac
1784 1106 2075 1161 sanitatem

498 1202 728 1271 perdidit
745 1216 864 1269 quae
882 1199 1061 1253 omnia
1093 1199 1233 1253 bona
1258 1197 1437 1262 edicit,
1459 1197 1622 1252 etiam
1644 1212 1765 1267 qua!
1784 1197 2073 1251 admodum

496 1288 635 1342 levia
667 1296 816 1353 sunt,
842 1288 1023 1357 gravia
1055 1286 1329 1342 videntur.
1359 1285 1639 1356 Siquidem
1663 1285 1785 1355 quia
1816 1286 2079 1341 videban-

498 1385 585 1430 tur
637 1378 958 1446 quibusdam
997 1386 1265 1447 praecepta
1316 1377 1412 1431 Dei
1457 1392 1578 1432 esse
1616 1378 1797 1448 gravia
1829 1419 1845 1444 ,
1888 1386 2075 1448 utpote

493 1484 613 1538 quae
655 1470 745 1523 Dei
784 1478 984 1531 essent,
1017 1480 1302 1540 propterea
1329 1469 1460 1525 dicit
1489 1469 1631 1540 quod
1664 1480 1927 1539 praecepta
1959 1472 2077 1541 ejus

495 1556 679 1625 gravia
710 1573 820 1610 non
855 1566 1000 1612 sunt.
1035 1556 1174 1623 Quid
1201 1559 1345 1612 enim
1386 1559 1663 1629 gravitatis
1693 1558 1857 1614 habet
1884 1560 2073 1632 dilige-

498 1657 556 1696 re
587 1643 809 1699 fratrem
839 1644 862 1698 ?
892 1644 1157 1699 Praeterea
1183 1646 1310 1715 quid
1343 1648 1621 1716 gravitatis
1652 1647 1815 1702 habet
1855 1648 2075 1705 visitare

497 1751 619 1789 eum
667 1737 757 1806 qui
799 1736 852 1789 in
870 1752 1087 1792 carcere
1115 1746 1198 1792 est
1230 1736 1252 1791 ?
1289 1753 1467 1807 neque
1487 1738 1632 1793 enim
1665 1739 1897 1794 liberare
1921 1740 2076 1810 jubet

2190 578 2210 611 ι
2249 562 2355 613 Καὶ
2382 559 2663 612 αίέντολαὶ
2692 558 2857 612 αὑτοῦ
2882 556 3094 628 βαρεῖαι
3145 555 3243 610 οὐκ
3276 555 3405 609 είσί.
3442 573 3462 606 s
3521 554 3636 607 Οὐκ
3673 553 3757 608 εἷ-

2183 668 2285 704 πεν
2334 650 2526 720 ὥσπερ
2558 652 2586 704 ὁ
2621 649 2878 720 Χριστὸς,
2908 649 2990 701 ὅτι
3030 666 3049 699 ι
3091 648 3150 700 Ὀ
3176 647 3339 715 ζυγός
3364 664 3472 716 μου
3523 647 3758 716 ἐλαφρός

2185 743 2322 808 ἐστι,
2360 760 2378 793 ι
2410 742 2504 795 καὶ
2531 741 2715 804 αὐτὸς,
2747 741 2831 792 ὅτι
2858 742 2910 794 αἱ
2942 739 3155 792 ἐντολαὶ
3183 739 3417 807 ἐλαφραί
3443 740 3604 800 εἰσιν,
3639 738 3754 789 ἀλλ’

2182 834 2264 887 ὃτι
2298 833 2512 903 βαρεῖαι
2543 831 2643 885 οὔκ
2673 834 2801 885 εἰσι.
2830 832 2920 903 Τῷ
2970 833 3077 901 γὰρ
3111 830 3433 899 ἀγαγομένῳ
3482 826 3604 881 κατ’
3628 830 3759 897 ἁρεο

2182 922 2282 993 τὴν
2313 922 2491 975 καὶτὰ
2514 922 2657 975 πάνυ
2692 921 2862 993 βαρέα
2884 920 3060 988 κοῦφα
3087 920 3385 987 λογίζεται,
3428 919 3618 988 ὥσπερ
3677 920 3757 989 τῷ

2183 1014 2582 1084 ἀποϐεϐληκότι
2606 1014 2705 1083 τὴν
2746 1014 2921 1066 πάντα
2945 1011 3316 1080 κατορθοῦσαν
3368 1012 3434 1064 τὰ
3485 1011 3628 1063 καλὰ
3664 1011 3761 1063 εὐ-

2187 1107 2447 1178 ρωστίαν,
2508 1107 2606 1159 καὶ
2657 1106 2727 1158 τὰ
2787 1105 2927 1161 πάνυ
2979 1104 3188 1173 ἐλαφρὰ
3238 1102 3410 1173 βαρέα
3455 1101 3755 1165 λογίζεται.

2193 1198 2417 1270 Ἐπειδὴ
2439 1197 2547 1268 γὰρ
2601 1197 2776 1250 ἐδόκει
2837 1197 2950 1249 τισὶ
3017 1195 3114 1256 τὰς
3188 1195 3406 1257 ἐντολὰς
3452 1193 3544 1246 τοῦ
3619 1192 3757 1246 Θεοῦ

2184 1288 2413 1360 βαρείας
2442 1282 2580 1340 εἶναι
2617 1288 2711 1341 ἅτε
2742 1285 2899 1350 Θεοῦ,
2933 1286 3019 1339 διὰ
3047 1277 3205 1338 τοῦτὸ
3233 1301 3395 1353 φησιν
3432 1287 3514 1338 ὅτι
3541 1278 3610 1338 Ai
3664 1286 3759 1337 ὲν-

2182 1380 2336 1434 τολαι
2361 1377 2525 1431 αὑτοῦ
2565 1379 2781 1448 βαρεῖαι
2811 1377 2911 1431 οῦκ
2940 1379 3067 1430 εἰσι.
3105 1377 3169 1429 Τί
3199 1377 3308 1446 γὰρ
3370 1376 3508 1445 βαρὺ
3532 1377 3594 1428 τὸ
3618 1378 3762 1444 ἀταο

2186 1470 2293 1540 πᾷν
2326 1470 2415 1523 τὸν
2432 1468 2698 1537 ἁδελφόν;
2758 1467 2893 1520 ἀλλὰ
2922 1466 3098 1519 καὶτὸ
3152 1469 3209 1519 ἑν
3263 1465 3475 1535 φυλακῇ
3537 1464 3762 1516 ἑπισνιέο

2184 1562 2414 1613 πτεσθαι
2448 1558 2499 1612 τί
2537 1558 2674 1628 βαρύ
2701 1575 2716 1624 ;
2748 1558 2823 1611 Οὐ
2849 1556 2960 1627 γὰρ
2989 1555 3322 1627 ἐξαιρεῖσθαί
3377 1572 3514 1626 φησι
3554 1555 3646 1607 τὸν
3697 1556 3760 1607 ὲν

2182 1653 2422 1723 φυλακῇ,
2477 1651 2506 1704 ὃ
2563 1651 2843 1722 δυσχερὲς,
2899 1651 3014 1704 ἀλλ’
3065 1650 3495 1703 ἐπισκέπτεσθαι
3552 1650 3753 1720 μόνον’

2184 1744 2306 1797 οὐδὲ
2336 1744 2426 1796 τὸν
2461 1742 2795 1797 ἀσθενοῦντα
2821 1741 3187 1796 ἀπαλλάττειν
3223 1745 3321 1812 τῆς
3372 1742 3551 1806 νόσου,
3615 1739 3757 1792 ἀλλὰ

496 1842 622 1879 eum
675 1828 765 1896 qui
808 1835 892 1881 est
941 1828 994 1881 in
1030 1844 1270 1895 carcere,
1320 1831 1465 1900 quod
1522 1829 1740 1885 ditlicile
1779 1839 1944 1896 esset,
1982 1832 2075 1887 sed

2183 1837 2347 1906 μόνον
2389 1835 2851 1889 ἐπισκέπτεσθαι·
2893 1833 3014 1887 οὐδὲ
3066 1834 3145 1904 τῷ
3182 1833 3436 1887 πεινῶντι
3486 1832 3756 1902 πολυτελῆ

500 1924 706 1969 tantum
753 1918 968 1972 visitare
1004 1936 1018 1971 :
1071 1933 1247 1988 neque
1285 1935 1407 1973 eum
1447 1920 1539 1990 qui
1572 1930 1796 1991 aegrotat
1849 1923 2078 1979 liberare

499 2008 567 2063 ab
602 2009 944 2077 aegritudine,
972 2010 1068 2064 sed
1093 2018 1300 2064 tantum
1333 2011 1578 2078 visitare,
1610 2029 1790 2083 neque
1814 2015 2078 2070 esurienti

501 2114 742 2153 mensam
798 2100 1077 2169 opiparam
1138 2102 1297 2170 jubet
1359 2117 1655 2172 apponere,
1705 2119 1882 2175 neque
1929 2107 2078 2163 nudo

498 2190 847 2259 suppeditare
915 2176 1317 2247 vestimentum.
1364 2193 1637 2263 superﬂua
1706 2196 2077 2270 variegatinne

500 2293 860 2350 praeparatum
891 2301 904 2336 :
941 2284 1034 2338 sed
1071 2300 1191 2355 quae
1224 2287 1592 2341 necessarium
1625 2303 1784 2342 usum
1813 2290 2076 2356 tribuant,

497 2390 657 2443 quem
675 2377 720 2429 is
750 2376 839 2445 qui
864 2377 1037 2430 esurit
1063 2386 1157 2431 aut
1186 2378 1367 2433 nudus
1394 2388 1498 2444 est,
1525 2382 1768 2449 requirit.
1788 2382 2076 2453 Postquam

499 2467 566 2520 de
597 2465 682 2520 bis
710 2468 783 2521 ita
812 2468 1102 2532 ordinavit,
1134 2470 1283 2524 addit
1309 2470 1394 2525 bis
1419 2487 1538 2541 qua:
1562 2472 1676 2542 jam
1698 2473 1841 2528 dicta
1871 2485 2001 2530 sunt
2026 2487 2081 2532 et

448 2556 645 2611 'aliud
700 2557 844 2625 quod
902 2558 969 2611 ad
1034 2558 1426 2614 exhibitionem
1484 2561 1772 2617 charitatis
1828 2562 2076 2632 inducit,

498 2649 768 2715 Quidnam
795 2650 925 2704 illud
949 2650 1079 2704 est?
1111 2651 1357 2706 victoria.
1389 2652 1480 2707 Ait
1507 2654 1652 2707 enim
1685 2668 1705 2708 :
1755 2670 1855 2710 vos
1880 2656 1974 2724 qui
1999 2656 2081 2711 di-

500 2740 731 2795 lectione
760 2754 884 2811 crga
934 2741 1239 2811 proximum
1280 2743 1528 2814 vosipsos
1575 2742 1669 2800 Dei
1709 2744 1850 2800 ﬁlios
1871 2750 2078 2803 consti-

502 2834 674 2898 tuitis,
696 2834 803 2902 jam
824 2847 875 2887 et
897 2836 999 2890 hoc
1017 2836 1228 2891 habetis
1251 2837 1395 2905 quod
1421 2838 1712 2893 comitatur
1734 2839 1864 2894 illud
1877 2839 2078 2895 factum

499 2925 796 2995 egregium,
828 2941 1025 2995 nempe
1055 2934 1114 2980 ut
1145 2929 1406 2982 mundum
1435 2928 1665 2985 vincatis
1694 2948 1709 2986 :
1741 2931 1997 3000 quoniam
2026 2931 2080 2987 id

500 3012 643 3085 quod
695 3027 880 3071 natum
925 3026 1008 3071 est
1054 3033 1117 3072 ex
1164 3019 1296 3085 Deo,
1338 3020 1506 3076 vincit
1552 3022 1839 3077 mundum.
1873 3022 2080 3078 Deinde

500 3107 652 3160 addit
698 3117 752 3162 et
799 3109 1097 3175 victoriam,
1127 3118 1182 3164 et
1223 3110 1349 3180 quid
1398 3111 1471 3166 sit
1518 3129 1681 3168 causa
1712 3115 1974 3181 victoriae,
2014 3131 2079 3173 ac

2179 1928 2459 2000 τράπεζαν
2480 1926 2839 1998 παρατιθέναι
2869 1925 3103 1990 κελεύει,
3131 1924 3163 1995 ἢ
3191 1925 3270 1997 τῷ
3289 1925 3482 1995 γυμνῷ
3536 1926 3760 1994 ἱμάτιον

2177 2022 2377 2076 διδόναι
2408 2026 2634 2091 περιττῇ
2660 2019 2902 2090 ποικιλίᾳ
2959 2017 3486 2086 κατεσκευασμένον,
3529 2015 3670 2070 ἀλλὰ
3689 2017 3760 2069 ti

2177 2112 2276 2180 τὴν
2300 2111 2607 2179 ἀναγκαίαν
2624 2109 2817 2178 χρείαν
2847 2109 3220 2178 παρεχόμενα.
3243 2108 3310 2177 ἣν
3348 2105 3377 2158 ὀ
3428 2106 3632 2158 πεινῶν
3664 2107 3764 2187 καὶ

2178 2202 2208 2255 ὁ
2239 2202 2597 2274 γυμνητεύων
2630 2201 2896 2269 ἐπιζητεῖ.
2930 2198 3117 2261 υῦτως
3142 2197 3212 2251 τὰ
3240 2199 3369 2267 περὶ
3405 2197 3615 2250 τούτων
3631 2196 3763 2249 διοι-

2180 2295 2512 2364 κησάμενος,
2540 2291 2821 2361 ἐπιτίθησι
2841 2290 3054 2352 τούτοις
3112 2292 3227 2353 τοῖς
3276 2289 3378 2360 ήδη
3441 2287 3759 2358 εἰρημένοις

2180 2388 2276 2439 καὶ
2307 2385 2495 2454 ἕτερον
2530 2381 2830 2436 ἐπακτικὸν
2887 2380 3026 2449 πρὸς
3067 2378 3442 2450 μεταχείρισιν
3475 2379 3576 2447 τῆς
3626 2377 3761 2444 ἁγά»

2180 2494 2312 2548 πης.
2346 2474 2636 2541 Τίτοῦτο;
2670 2475 2783 2543 Τὴν
2813 2471 2989 2541 νίκην.
3024 2470 3164 2541 Φησὶ
3201 2472 3331 2542 γὰρ,
3378 2471 3461 2522 ὅτι
3508 2471 3614 2521 Διὰ
3656 2467 3760 2538 τῆς

2181 2567 2320 2634 πρὸς
2352 2567 2445 2619 τὸν
2482 2564 2713 2634 ἀδελφὸν
2740 2563 2981 2634 ἀγάπης,
3020 2563 3186 2616 τέκνα
3220 2561 3585 2623 ωνιστῶντες
3631 2561 3760 2613 ἑαυ-

2179 2660 2303 2722 τοὺς
2318 2657 2410 2713 τοῦ
2433 2657 2593 2720 Θεοῦ,
2617 2654 2770 2725 ἔχετε
2792 2657 2887 2709 καὶ
2911 2654 3069 2708 τοῦτο
3096 2654 3196 2725 ἤδη
3246 2652 3367 2706 ’ποῦ’
3390 2650 3760 2721 κατορθώμα-

2180 2768 2271 2815 τος
2293 2749 2484 2804 τούτου
2517 2746 2961 2819 ἐπακολούθημα,
2995 2746 3056 2799 τὸ
3086 2746 3177 2798 τὸν
3205 2745 3406 2814 κόσμον
3454 2746 3638 2815 νικᾷν.
3688 2744 3763 2796 Τὸ

2184 2839 2288 2911 γὰρ
2318 2839 2723 2908 γεγεννημένον
2756 2837 2820 2888 ἐκ
2844 2835 2936 2889 τοῦ
2959 2834 3093 2888 Θεοῦ
3128 2834 3254 2906 νικᾷ
3272 2834 3361 2887 τὸν
3377 2833 3603 2902 κόσμον.
3624 2829 3762 2885 Εἶτα

2183 2931 2513 3001 παρατίθησι
2545 2929 2638 2982 καὶ
2666 2927 2764 2998 τὴν
2797 2928 2973 2997 νίκην,
3007 2926 3103 2979 καὶ
3135 2926 3196 2978 τὸ
3244 2925 3323 2977 διὸ
3361 2926 3394 2995 ἡ
3430 2926 3580 2994 νίκη,
3649 2924 3756 2995 τὴν

2181 3022 2364 3075 πίστιν
2398 3020 2707 3091 ἀμφότερον
2733 3014 2874 3071 εἶναι
2901 3017 3099 3083 λέγων,
3152 3015 3398 3086 δηλονότι
3450 3015 3550 3085 τὴν
3613 3017 3757 3085 πρὸς

2181 3113 2272 3167 τὸν
2288 3112 2441 3172 Θεὸν.
2476 3111 2511 3181 ἦ
2544 3127 2627 3173 τις
2655 3109 2749 3163 καὶ
2775 3110 2840 3161 ὲκ
2863 3106 2959 3160 τοῦ
2990 3105 3126 3159 Θεοῦ
3167 3105 3489 3176 γεννηθείσα
3527 3104 3759 3173 ἐνίκησε

501 3206 792 3267 utrumque
825 3197 945 3252 ﬁdei
982 3201 1274 3255 convenire
1298 3202 1449 3268 dicit,
1494 3204 1543 3258 ei
1570 3204 1823 3261 videlicet
1848 3222 1969 3276 qua:
1994 3218 2075 3263 est

2183 3206 2364 3257 πᾶσαν
2395 3200 2653 3279 ἀπιστίαν
2699 3188 2793 3252 καὶ
2849 3195 3123 3267 ἀπήλασε,
3160 3195 3254 3249 καὶ
3288 3193 3563 3259 Ἰουδαῖος,
3626 3191 3759 3247 οὔτε

497 3301 628 3354 erga
660 3287 849 3352 Deum,
885 3303 1005 3356 qum
1034 3290 1196 3343 etiam
1229 3304 1291 3344 ex
1320 3290 1432 3346 Deo
1457 3284 1607 3360 usta,
1646 3296 1776 3348 vicit
1811 3306 1862 3350 et
1898 3297 2079 3369 abegit

498 3393 717 3431 omnem
752 3381 1184 3435 incredulitatem
1219 3398 1234 3436 :
1257 3383 1487 3453 et597
1510 3401 1688 3455 neque
1712 3386 1953 3452 Iudaeus,
1981 3404 2078 3443 ne-

499 3477 605 3536 que
659 3464 897 3533 Grtrcus,
959 3485 1137 3540 neque
1204 3470 1501 3528 llaereticus
1544 3485 1723 3545 potest
1781 3478 2075 3548 quidquam

501 3557 761 3613 adversus
797 3560 961 3614 illam.
1004 3560 1068 3616 Et
1089 3564 1347 3630 quoniam
1389 3564 1522 3619 lides
1556 3582 1667 3621 non
1697 3569 1842 3623 nuda
1885 3570 2076 3635 vincit,

499 3651 595 3704 sed
626 3665 732 3704 una
762 3666 883 3706 cum
917 3666 982 3706 eo
1009 3651 1101 3722 qui
1137 3654 1307 3723 ipsam
1346 3655 1531 3725 habet,
1564 3669 1848 3729 propterea
1886 3662 2073 3717 addit.

506 3759 527 3793 ι
565 3740 633 3795 Et
664 3742 786 3811 quis
828 3752 911 3797 est
952 3745 1046 3813 qui
1083 3746 1254 3800 vincit
1290 3748 1590 3815 mundum,
1633 3751 1740 3806 nisi
1773 3752 1867 3822 qui
1902 3753 2076 3809 credit

2183 3296 2404 3366 Ἕλλην,
2430 3293 2557 3347 οὔτε
2606 3289 2882 3360 αἱρετικδς
2916 3288 3145 3341 δύναται
3200 3286 3336 3358 πρὸς
3390 3286 3586 3356 αὑτήν.
3649 3286 3762 3338 Καὶ

2179 3387 2370 3456 ἐπειδὴ
2396 3389 2429 3455 ἡ
2452 3383 2633 3444 πίστις
2663 3382 2724 3435 οὐ
2756 3380 2885 3450 ψιλὴ
2910 3380 3056 3449 νικᾷ,
3082 3377 3216 3432 ἀλλὰ
3244 3377 3382 3448 μετὰ
3406 3374 3500 3429 τοῦ
3532 3375 3757 3444 ἔχοντος

2181 3480 2372 3549 αὐτὴν,
2395 3477 2482 3531 διὰ
2503 3475 2662 3529 τοῦτο
2692 3471 3012 3544 προστίθησι
3041 3489 3055 3502 ’
3085 3488 3103 3522 ι
3144 3470 3254 3523 Καὶ
3299 3471 3382 3531 τίς
3410 3471 3562 3522 ἑστιν
3611 3468 3645 3519 ὁ
3681 3483 3760 3519 νι-

2180 3571 2292 3625 κῶν
2319 3571 2411 3624 τὸν
2431 3571 2658 3636 κόσμον,
2689 3565 2738 3617 εἰ
2763 3563 2837 3633 μὴ
2864 3563 2891 3614 ὁ
2926 3560 3198 3614 πιστεύων
3222 3560 3329 3621 ὅτι,
3364 3557 3567 3630 Ἰησοῦς
3602 3559 3758 3610 ἐστιν

2183 3664 2212 3715 ὁ
2246 3660 2372 3721 Υἱὸς
2388 3656 2483 3711 τοῦ
2518 3654 2653 3709 Θεοῦ
2691 3671 2707 3722 ;
2746 3671 2765 3705 ι
2804 3653 2916 3707 Καὶ
2978 3652 3062 3715 τίς
3112 3647 3267 3714 οὗτός
3308 3652 3457 3705 ἐστὶν
3502 3649 3756 3719 Ἰησοῦςς

2193 3750 2252 3804 '0
2280 3748 2347 3803 δι’
2376 3748 2565 3809 ὓδατος
2589 3746 2684 3799 καὶ⁵
2716 3745 2910 3814 ῐματος
2949 3741 3158 3814 Ἰησοῦς
3183 3740 3481 3811 ὁΧριστός.

499 3835 643 3902 quod
699 3833 857 3891 Jesus
908 3845 992 3892 est
1020 3836 1206 3894 Filius
1238 3838 1384 3893 Dei?
1419 3859 1438 3893 ι
1474 3839 1606 3907 Quis
1636 3851 1720 3899 est
1754 3852 1935 3899 autem
1981 3846 2083 3901 iste
2109 3842 2325 3899 Jesus?
2364 3838 2467 3908 Qui
2507 3854 2607 3910 per
2657 3851 2856 3907 aquam
2895 3842 2951 3890 et
2994 3833 3312 3904 sanguinem
3373 3841 3524 3886 venit
3591 3828 3760 3884 Jesus

499 3928 770 3986 Christus.

573 4021 636 4085 ν,
672 4021 821 4075 6-12.
865 4018 965 4077 Hic
1002 4033 1079 4078 est
1114 4020 1204 4095 qui
1243 4026 1380 4080 venit
1416 4043 1511 4098 per
1544 4044 1739 4099 aquam
1780 4038 1826 4084 et
1858 4032 2076 4101 sangui-

497 4134 619 4171 nem
643 4115 797 4171 Jesus
829 4117 1065 4173 Christus
1094 4133 1112 4171 :
1151 4134 1253 4172 non
1290 4135 1382 4188 per
1412 4137 1605 4190 aquam
1636 4121 1827 4188 solum,
1859 4124 1951 4177 sed
1984 4140 2078 4192 per

498 4224 690 4276 aquam
718 4218 765 4263 et
797 4211 1131 4281 sanguinem.
1163 4208 1226 4262 Et
1262 4208 1491 4279 Spiritus
1517 4220 1591 4264 est
1622 4213 1712 4281 qui
1744 4214 2076 4283 testiﬁcatur,

498 4304 746 4367 quoniam
782 4297 1014 4365 Spiritus
1044 4307 1120 4352 est
1160 4301 1375 4354 veritas.
1416 4299 1676 4365 Quoniam
1711 4310 1813 4356 tres
1841 4312 1959 4357 sunt
1988 4305 2079 4373 qui

498 4390 865 4459 testiﬁcantur,
898 4388 1150 4459 Spiritus,
1182 4406 1321 4460 aqua
1348 4400 1398 4445 et
1430 4393 1647 4462 sanguis
1672 4410 1690 4455 ;
1719 4405 1764 4446 et
1794 4394 1848 4447 hi
1877 4403 1978 4448 tres
2004 4397 2076 4449 ad

498 4500 661 4535 unum
683 4492 824 4535 sunt.
849 4481 906 4536 Si
935 4484 1286 4536 testimonium
1310 4484 1576 4538 hominum
1601 4486 1906 4554 accipimus,
1929 4488 2076 4541 testi-

499 4574 734 4625 monium
782 4572 874 4625 Dei
917 4573 1093 4642 majus
1126 4590 1144 4626 :
1173 4574 1425 4642 quoniam
1469 4576 1564 4627 hoc
1599 4584 1674 4628 est
1719 4577 2071 4631 testimonium

501 4662 619 4726 Dei,
661 4664 799 4733 quod
835 4663 1138 4732 testificatus
1167 4673 1243 4718 est
1277 4665 1338 4718 de
1369 4664 1510 4719 Filio
1532 4684 1646 4721 suo.
1680 4666 1782 4732 Qui
1816 4670 1979 4723 credit
2015 4670 2071 4724 in

500 4746 703 4805 Filium
736 4751 852 4815 Dei,
902 4754 1050 4807 habet
1085 4756 1440 4809 testimonium
1487 4758 1542 4811 in
1585 4760 1775 4828 seipse.
1825 4758 1924 4824 Qui
1968 4777 2072 4815 non

497 4842 661 4896 credit
704 4843 835 4907 Deo,
879 4848 1180 4898 mendacem
1221 4846 1341 4916 fecit
1380 4848 1568 4916 ipsum,
1605 4849 1729 4918 quia
1769 4864 1870 4903 non
1906 4850 2070 4903 credit

495 4936 552 4988 in
593 4936 965 5000 testimonium,
1008 4938 1147 5006 quod
1194 4939 1502 5008 testiﬁcatus
1545 4950 1619 4993 est
1652 4938 1788 4994 Deus
1834 4941 1896 4994 de
1923 4938 2068 4994 Filio

497 5041 610 5078 suo.
640 5025 706 5078 Et
735 5027 829 5078 hoc
853 5035 927 5079 est
953 5028 1321 5094 testimonium,
1348 5029 1485 5094 quod
1512 5031 1674 5083 vitam
1701 5039 1953 5084 wternam
1981 5032 2072 5083 de-

497 5119 571 5170 (fit
596 5120 739 5171 nobis
763 5117 901 5171 Deus
919 5132 938 5170 :
964 5129 1012 5172 et
1038 5118 1147 5172 hau:
1169 5119 1277 5172 vita
1305 5117 1513 5173 inFilio
1541 5119 1655 5190 ejus
1681 5130 1778 5175 est.
1803 5116 1903 5185 Qui
1919 5120 2070 5173 habet

499 5206 723 5273 Filium,
746 5209 1071 5263 habetvitam
1098 5212 1221 5281 :qui
1247 5226 1349 5264 non
1370 5210 1520 5265 habet
1541 5210 1881 5283 FiliumDei,
1908 5212 2071 5265 vitam

497 5317 596 5353 uon
627 5300 798 5355 habet.

2250 4023 2441 4093 Οὗτός
2487 4025 2660 4080 ἐστιν
2712 4026 2746 4078 ὁ
2802 4021 2995 4077 ἐλθὼν
3031 4019 3108 4074 δι’
3135 4018 3353 4085 ὕδατος
3378 4019 3473 4072 καί
3501 4020 3760 4089 αἵματος

2186 4118 2423 4187 Ἰησοῦς
2457 4119 2729 4186 Χριστὸς,
2760 4115 2872 4168 οὐκ
2896 4114 2967 4168 ἐν
2990 4110 3070 4177 τῷ
3083 4111 3253 4165 ὕδατι
3270 4112 3485 4180 μόνον,
3517 4112 3665 4165 ἀλλ’
3692 4113 3758 4165 ἐν

2174 4209 2253 4276 τῷ
2275 4209 2443 4263 ὕδατι
2475 4209 2572 4261 καί
2602 4206 2681 4272 τῷ
2715 4207 2936 4274 αἵματι.
2978 4203 3085 4258 Kal
3115 4202 3179 4256 τὸ
3215 4200 3459 4272 Πνεῦμά
3501 4201 3665 4269 ἐστι,
3693 4205 3757 4257 τὸ

2169 4299 2547 4371 μαρτυροῦν,
2602 4298 2689 4351 ὅτι
2727 4297 2793 4351 τὸ
2844 4293 3087 4363 Πνεῦμά
3151 4293 3325 4349 ἐστιν
3378 4293 3417 4362 ἠ
3471 4294 3760 4360 ἀλήθεια.

2179 4392 2304 4445 Ὅτι
2332 4389 2486 4459 τρεῖς
2513 4391 2672 4443 εἰσιν
2703 4390 2757 4441 οἱ
2771 4384 3233 4456 μαρτυροῦντες,
3265 4382 3332 4437 τὸ
3360 4382 3627 4453 Πνεῦμα,
3656 4386 3757 4439 καὶ

2177 4481 2244 4536 τὸ
2272 4482 2449 4551 ὕδωρ,
2493 4482 2588 4536 καί
2617 4480 2680 4534 τὸ
2712 4475 2874 4549 αἷμα.
2906 4478 2999 4531 καὶ
3020 4479 3074 4530 οι
3093 4475 3249 4544 τρεῖς
3270 4478 3355 4542 εις
3376 4477 3441 4529 τὸ
3467 4476 3538 4529 ἓν
3569 4480 3755 4532 εἰσιν.

2177 4576 2247 4629 Et
2273 4573 2387 4642 τὴν
2409 4571 2745 4642 μαρτυρίαν
2778 4567 2894 4622 τῶν
2921 4567 3248 4637 ἀνθρώπων
3274 4567 3688 4637 λαμϐάνομεν,
3717 4569 3751 4635 ἡ

2105 4638 2147 4692 D
2173 4638 2466 4736 μαρτῦρία
2493 4638 2598 4718 τοῦ
2621 4661 2769 4716 Θεοῦ
2795 4658 3008 4732 μείζων
3034 4659 3225 4714 ἐστίν.
3244 4658 3371 4712 Ὀτι
3398 4659 3551 4726 αὕτη
3580 4659 3756 4713 ἐστὶν

2176 4758 2216 4826 ἠ
2241 4756 2537 4826 μαρτυρία
2561 4753 2669 4809 τοῦ
2705 4752 2875 4818 Θεοῦ,
2910 4750 2989 4819 ἦν
3005 4750 3417 4820 μεμαρτύρηκε
3462 4750 3598 4816 περὶ
3643 4748 3753 4803 τοῦ

2188 4846 2326 4901 Υιοῦ
2353 4844 2562 4900 αὐτοῦ.
2607 4846 2669 4898 '0
2696 4844 2997 4897 πιστεύων
3017 4845 3106 4907 εις
3128 4842 3236 4895 τὸν
3268 4842 3406 4895 Υὶὸν
3431 4842 3540 4896 τοῦ
3577 4843 3749 4906 Θεοῦ,

2169 4941 2295 5009 ἔχει
2325 4938 2439 5005 τὴν
2467 4937 2801 5006 μαρτυρίαν
2850 4936 2921 4988 ἐν
2962 4933 3174 4999 ἐαυτῷ.
3219 4932 3281 4986 '0
3313 4932 3399 5002 μὴ
3445 4936 3752 4987 πιστεύων

2171 5029 2251 5094 τῷ
2278 5028 2421 5092 Θεῷ,
2451 5028 2731 5096 ψεύστην
2749 5026 3079 5092 πεποίηκεν
3108 5024 3316 5088 αὐτόν,
3354 5024 3443 5078 ὅτι
3479 5027 3552 5080 οὐ
3576 5027 3726 5079 nexi

2173 5136 2429 5176 στευκεν
2463 5121 2550 5186 είς
2572 5117 2686 5186 τὴν
2714 5117 3072 5187 μαρτυρίαν,
3108 5113 3190 5183 ἣν
3236 5116 3748 5185 μεμαρτύρηκενὸ

2180 5211 2324 5278 Θεὸς
2378 5210 2513 5278 περὶ
2571 5206 2675 5263 τοῦ
2713 5209 2850 5263 Υἱοῦ
2885 5207 3091 5263 αὐτοῦ.
3146 5205 3255 5260 Kai
3305 5207 3460 5273 αὕτη
3502 5209 3679 5262 ἐστὶν
3707 5210 3744 5275 ἠ

2168 5303 2481 5374 μαρτυρία,
2508 5301 2596 5354 ὅτι
2632 5299 2786 5367 ζωὴν
2811 5298 3051 5352 αἰώνιον
3075 5297 3298 5351 ἔδωκεν
3326 5298 3473 5366 ἡμῖν
3506 5301 3542 5353 ό
3581 5301 3743 5365 Θεός.

454 5376 467 5424 ἶ
498 5394 601 5445 «λαὶ
624 5393 773 5461 αὕτη
816 5393 854 5461 ἡ
893 5390 1004 5461 ζωὴ
1031 5394 1100 5449 ἐν
1128 5392 1208 5463 τῷ
1232 5395 1343 5463 Υὶῷ
1366 5397 1555 5452 αὐτοῦ
1582 5395 1774 5451 ἐστιν.
1824 5395 1887 5449 '0
1913 5395 2071 5465 ἔχων
2109 5396 2216 5451 τὸν
2264 5398 2424 5461 Υιὸν,
2457 5396 2583 5466 ἔχει
2607 5395 2723 5464 τὴν
2779 5393 2952 5460 ζωήν.
2999 5392 3062 5448 Ὀ
3088 5392 3174 5463 μὴ
3220 5392 3379 5461 ἔχων
3438 5394 3543 5446 τᾶν
3617 5393 3743 5447 Υἰὸν

494 5502 601 5537 του
629 5483 797 5548 Θεοῦ,
825 5483 940 5553 τὴν
970 5484 1124 5556 ζωὴν
1140 5491 1251 5543 οὐκ
1276 5488 1423 5558 ἕχει.

565 5575 830 5639 Quoniam
875 5586 930 5632 et
973 5581 1384 5650 prOpagationis
1433 5580 1668 5637 ﬁliorum
1718 5579 2062 5645 meminerat,

567 5750 585 5780 ⁷
624 5750 806 5804 Matth.
843 5768 899 5819 ιι,
932 5755 1020 5807 30.

2257 5579 2475 5636 Ἐπειδῦ
2510 5579 2824 5644 τεκνώσεως
2846 5580 3091 5649 ἐμνήσθη
3126 5577 3260 5632 Θεοῦ
3298 5579 3395 5632 καὶ
3428 5579 3610 5644 τόκου,
3663 5578 3739 5631 τί.
