3950 6574
234 371 343 434 6ῗῖ

1282 369 1665 433 COMMENT.
1713 371 1789 429 ΙΝ
1824 368 2060 431 EPIST.
2095 372 2121 431 l
2161 372 2505 436 JOANNIS.

3453 378 3521 442 78

231 480 376 543 πὼν,
404 481 521 533 Πᾶν
551 480 614 534 16
641 481 1040 553 γεγεννημένον
1064 483 1129 536 ὲκ
1157 481 1251 535 τοῦ
1279 482 1442 547 Θεοῦ,
1471 480 1645 534 ταῦτα
1666 479 1721 533 δὲ
1740 480 1824 533 διὰ

1929 480 2123 536 dicens
2146 500 2163 538 :
2189 482 2365 539 Omne
2390 483 2536 554 quod
2566 492 2755 538 uatum
2784 499 2852 539 ex
2884 485 2992 541 Deo
3017 503 3032 541 :
3064 491 3181 542 haec
3206 495 3390 543 autem
3421 503 3519 558 μοι*

230 572 331 623 τοῦ
362 571 523 639 ἁγίου
552 571 930 642 βαπτίσματος
970 575 1102 644 ἡμῖν
1145 575 1511 643 περιγίνεται,
1546 575 1635 627 διὰ
1678 574 1836 627 τοῦτό

231 681 425 733 φησιν.
461 683 480 715 ι
529 662 698 728 υῦτός
727 668 873 720 ἐστιν
911 670 939 720 6
977 666 1146 720 ἐλθὼν
1190 667 1259 720 δι’
1296 666 1485 729 ὓδατος
1518 668 1611 718 καὶ
1668 667 1838 735 αἵμα-

230 772 324 816 τος
370 754 577 824 Ἰησοῦς
606 757 895 825 Χριστός.»
933 759 1041 810 Καὶ
1064 757 1207 818 τίνος
1237 758 1398 827 χάριν
1427 753 1625 827 ἦλθενς
1674 758 1830 808 ’Ava-

231 840 443 906 γεννῶν
491 844 638 910 ἡμᾶς
669 845 762 897 καὶ
816 847 963 908 υἱοὺς
991 846 1161 898 ποιῶν
1200 846 1356 907 Θεοῦ.
1393 849 1503 898 Καὶ
1543 848 1648 914 γάρ
1677 846 1836 899 τοῦτο

230 932 307 994 ὡς
330 933 606 1001 ἑπόμενον
638 936 716 1004 τῷ
744 936 887 1006 λόγῳ
932 940 1025 990 καὶ
1050 938 1393 1002 ἐξακούεται.
1428 939 1514 991 ἵνα
1636 939 1831 1003 οὕτως’

236 1025 347 1076 Καὶ
398 1027 514 1076 πᾶν
559 1025 619 1078 τὸ
676 1029 1074 1097 γεγεννημένον
1132 1032 1195 1081 ὲκ
1269 1029 1357 1082 τοῦ
1390 1029 1524 1081 Θεοῦ
1555 1032 1681 1100 νικᾷ
1739 1033 1831 1082 τὸν

230 1116 463 1182 κόσμον.
490 1119 596 1171 Καὶ
628 1118 743 1181 πῶς
766 1121 1063 1190 ὲγεννήθη;
1094 1122 1168 1173 Δι’
1202 1120 1417 1186 ὓδατος,
1437 1122 1593 1191 φησὶ,
1627 1123 1720 1174 καὶ
1746 1124 1831 1175 αἴ-

232 1225 434 1277 ματος.
482 1210 543 1262 ’0
564 1210 674 1282 γὰρ
705 1210 874 1263 ἐλθὼν
914 1212 1119 1282 Ἰησοῦς
1156 1215 1184 1265 6
1225 1214 1479 1282 Χριστὸς,
1528 1215 1594 1265 δι’
1641 1214 1833 1274 ὓδατος

230 1305 514 1375 ἀναγεννᾷ
547 1304 640 1357 καὶ
668 1306 919 1374 αἵματος.
954 1306 1290 1376 Προστίθησι
1315 1308 1373 1359 δὲ
1423 1309 1587 1361 πάλιν
1625 1312 1826 1362 ἐπανα-

228 1393 536 1462 λιῳὸάνων
570 1395 659 1447 τὸν
688 1395 868 1464 λόγον,
899 1396 1001 1448 οὐκ
1052 1399 1109 1449 ὲν
1136 1396 1213 1465 τῷ
1246 1396 1398 1451 ὕδατι
1443 1400 1666 1468 φάσκων
1729 1401 1827 1470 μό-

228 1504 346 1548 νον,
381 1489 698 1553 ἀναγεννῶν
724 1489 990 1559 δηλονότι,
1033 1489 1149 1543 ἀλλ’
1179 1492 1238 1541 ὲν
1267 1490 1345 1559 τῷ
1390 1490 1547 1544 ὖδατι
1608 1498 1701 1545 καὶ⁵
1750 1493 1829 1563 τῷ

228 1580 458 1649 αἵματι.
485 1581 746 1635 Βούλεται
792 1581 899 1651 γὰρ
934 1582 1150 1652 πρῶτον
1184 1582 1355 1646 δεῖξαι
1392 1582 1486 1635 τοῦ
1521 1583 1829 1636 υἱοθετοῦν-

228 1688 324 1733 τος
359 1674 514 1741 ἡμᾶς
562 1672 800 1743 Χριστοῦ
840 1674 938 1742 τὴν
968 1673 1263 1738 ἀνάδειξιν,
1287 1676 1365 1727 ὅτι
1402 1676 1430 1727 6
1456 1679 1514 1728 ὲν
1540 1676 1692 1746 αύτῷ
1729 1678 1828 1731 άν-

229 1765 458 1831 θρωπος
484 1764 700 1834 πρῶτος
741 1765 1079 1837 υίοθετηθεὶς
1115 1766 1220 1818 ύτιὸ
1258 1766 1415 1829 Θεοῦ,
1454 1768 1550 1820 καὶ⁵
1583 1769 1714 1836 ἡμῖν
1739 1767 1826 1820 διὰ

1937 588 2154 628 Sacrum
2183 568 2451 645 baptisma
2477 576 2636 631 nobis
2660 574 3012 646 contingunt;
3040 586 3323 646 propterea
3350 580 3483 633 dicit

1943 682 1962 713 ι
1996 665 2095 719 Hic
2134 675 2218 720 est
2247 666 2337 735 qui
2374 667 2526 721 venit
2567 682 2663 735 per
2688 682 2883 736 aquam
2916 676 2969 721 et
3003 671 3325 737 sanguinem
3358 668 3517 723 .Iesus

1935 755 2204 810 Christus.
2239 776 2258 808 ι
2298 755 2362 809 Et
2387 758 2544 825 cujus
2572 757 2739 826 gratia
2772 757 2963 811 venit?
2996 767 3055 812 ut
3085 774 3185 812 nos
3215 770 3516 829 regeneret,
3554 779 3558 783 “

1935 861 1997 898 ac
2039 847 2202 904 Filius
2236 849 2329 902 Dei
2359 849 2575 902 cliiciat.
2610 848 2744 903 Nam
2779 860 2833 904 et
2876 851 2979 905 hoc
3020 862 3273 919 tanquam
3309 868 3517 905 sermo-

1934 953 2061 991 nem
2097 945 2455 1009 consequens
2477 943 2924 1012 subinteiligitur,
2958 954 3014 996 ut
3045 944 3116 996 sit
3152 943 3240 996 hic
3269 958 3464 996 sensus

1934 1031 2003 1085 Et
2032 1048 2193 1087 omne
2233 1036 2375 1102 quod
2421 1044 2609 1089 natum
2653 1045 2737 1090 est
2772 1052 2836 1088 ex
2884 1035 2993 1090 Deo
3023 1036 3191 1089 vincit
3227 1037 3513 1090 mundum.

1934 1123 2217 1190 Quomodo
2252 1136 2431 1180 autem
2463 1137 2650 1181 natum
2683 1129 2803 1182 est?
2844 1144 2942 1196 per
2977 1145 3194 1197 aquam,
3233 1129 3430 1196 inquit,
3463 1139 3517 1183 et

1935 1219 2280 1287 sanguinem.
2320 1219 2598 1287 Siquidem
2628 1218 2788 1273 Jesus
2810 1218 3060 1273 Christus
3084 1221 3175 1286 qui
3212 1220 3379 1279 venit.
3417 1233 3516 1286 per

1932 1324 2129 1378 aquam
2174 1319 2461 1379 regenerat
2509 1320 2564 1363 et
2610 1311 2950 1380 sanguinem.
2986 1310 3149 1362 Addit
3177 1320 3360 1362 autem
3394 1325 3514 1361 rur-

1933 1415 2052 1455 sum
2092 1402 2386 1467 repetcndo
2424 1416 2731 1455 sermonem
2765 1401 2996 1454 dicens:
3041 1400 3156 1453 Non
3194 1417 3288 1468 per
3315 1415 3509 1468 aquam

1930 1494 2128 1555 solum,
2157 1494 2413 1548 videlicet
2442 1509 2789 1561 regeneratus,
2822 1494 2914 1548 sed
2947 1509 3043 1562 per
3072 1509 3268 1559 aquam
3301 1502 3356 1546 et
3383 1508 3511 1546 san-

1931 1586 2178 1655 guinem.
2212 1585 2340 1639 Vult
2377 1586 2522 1639 enim
2572 1587 2807 1654 primum
2854 1585 3285 1654 designationem
3323 1592 3515 1637 ostena

1931 1677 2062 1731 dere
2092 1677 2292 1732 Christi
2325 1679 2416 1747 qui
2457 1693 2555 1731 uos
2582 1678 2866 1745 adoptavit
2896 1694 2908 1730 :
2942 1676 3197 1744 quoniam
3228 1675 3390 1727 homo
3420 1673 3514 1742 qui

1932 1769 1987 1822 in
2027 1769 2146 1838 ipso
2177 1779 2314 1831 erat,
2348 1769 2552 1838 primus
2579 1784 2607 1820 a
2638 1766 2749 1820 Deo
2776 1767 3083 1835 adoptatus,
3117 1764 3274 1819 nobis
3300 1780 3517 1832 quoque

227 1855 339 1924 τῆς
380 1855 584 1908 ἑαυτοῦ
616 1855 888 1918 υἱοθεσίας
919 1855 1215 1925 ἐχαρίσατο
1238 1855 1298 1908 16
1325 1855 1566 1908 τοιοῦτον
1589 1854 1824 1924 ἀξίωμα.

1934 1876 2033 1930 per
2067 1877 2220 1915 suam
2257 1861 2606 1928 adeptionem
2650 1859 2802 1917 dedit
2836 1857 3147 1925 hujusmodi
3196 1855 3513 1923 dignitatem

235 1948 302 1999 Ὃ
338 1950 439 2000 καὶ
474 1947 615 2000 κατά
646 1948 868 2018 καιροὺς
890 1950 1038 2018 τρεῖς
1092 1947 1383 2016 ἐξεοράνθη,
1448 1948 1538 2000 ἐπὶ
1600 1948 1694 2001 τοῦ
1735 1949 1831 2019 βα-

228 2041 550 2108 πτίσματος
579 2042 633 2091 ἐν
660 2039 738 2108 τῷ
761 2038 1021 2109 Ἰορδάνῃ,
1051 2040 1259 2093 ἄνωθεν
1294 2040 1389 2093 τοῦ
1427 2040 1639 2110 Πατρὸς
1690 2058 1831 2109 μαρ-

225 2131 533 2200 τυροῦντος
561 2131 651 2183 τὸν
688 2131 1084 2200 βαπτιζόμενον
1118 2131 1244 2184 Υίδν
1294 2133 1600 2202 ἀγαπητόν.
1649 2134 1743 2195 Τίς
1773 2134 1829 2186 δὲ

224 2228 253 2278 ὀ
280 2225 570 2294 ἐμϐαίνων
598 2224 658 2276 16
682 2223 856 2293 ὕδωρ,
892 2225 924 2295 ἢ
971 2229 999 2277 6
1025 2225 1451 2295 συνειλημμένος
1479 2227 1555 2295 τῷ
1572 2225 1692 2296 Θεῴ
1731 2227 1832 2278 Λό-

226 2336 312 2387 γῳ
340 2320 631 2388 ἄνθρωπος
654 2334 669 2382 ;
699 2319 758 2370 ὐ
789 2319 1108 2387 φαινόμενος
1131 2319 1208 2386 τῷ
1233 2319 1460 2390 κρυπτῷ
1486 2334 1500 2347 ·
1522 2318 1697 2387 τούτῳ
1722 2319 1829 2388 γὰρ

227 2412 328 2463 καὶ
384 2410 496 2462 ἔδει
524 2411 624 2479 τὴν
666 2410 972 2478 μαρτυρίαν
1006 2408 1283 2476 γενέσθαι.
1351 2410 1449 2461 Διά
1502 2408 1596 2461 τοῦ
1638 2407 1826 2473 ὓδατος

226 2501 350 2563 οὖν,
387 2504 688 2565 τουτέστιν,
722 2503 779 2554 ὲν
816 2498 894 2569 τῷ
922 2500 989 2553 δι’
1010 2500 1199 2563 ὓδατος
1234 2500 1571 2570 βαπτίσματι
1605 2500 1826 2570 ἐξεφάνι

226 2594 296 2663 θη
343 2593 476 2655 Υἱὸς
508 2592 641 2645 Θεοῦ
670 2595 698 2646 6
737 2593 942 2661 Ἰησοῦς
980 2593 1067 2645 διὰ
1093 2593 1192 2660 τῆς
1221 2592 1314 2644 τοῦ
1351 2593 1560 2663 Πατρὸς
1621 2612 1827 2664 μαρτυ-

229 2686 381 2755 ρίας.
417 2684 517 2735 Διά
544 2684 598 2735 δὲ
633 2681 728 2735 τοῦ
771 2684 1000 2752 αἵματος
1022 2699 1037 2713 ⁸
1067 2684 1155 2735 ὅτε
1194 2684 1404 2751 μέλλων
1459 2685 1827 2755 σταυροῦσθαι

229 2778 417 2844 ἔλεγε,
442 2796 461 2827 ι
497 2776 729 2839 Δὸξασόν
766 2793 832 2843 με
871 2779 958 2839 σὺ,
996 2776 1195 2847 Πάτερ,
1234 2796 1253 2827 ι
1295 2781 1388 2830 καὶ
1419 2778 1620 2848 ἠνέχθη
1659 2780 1826 2847 ήφω-

227 2871 322 2940 νὴ,
360 2887 380 2918 ι
410 2870 518 2921 Καὶ
538 2869 766 2934 εδόξασα
782 2869 873 2920 καὶ
904 2869 1065 2921 πάλιν
1086 2868 1312 2932 δοξάσω,
1336 2888 1354 2920 ι
1384 2870 1450 2938 ἢν
1475 2875 1568 2921 καὶ
1596 2869 1825 2940 βροντὴν

230 2962 503 3028 ὶνόμισαν
547 2962 594 3010 οἱ
617 2959 971 3021 ἀκούσαντες.
1001 2958 1102 3011 Διά
1124 2958 1180 3011 δὲ
1221 2959 1313 3011 τοῦ
1352 2961 1688 3028 Πνεύματος,
1736 2963 1824 3014 ὅτε

225 3053 308 3115 ὡς
340 3052 479 3114 Θεὸς
514 3053 713 3122 ἀνέστη
736 3053 799 3105 ἐκ
823 3051 1052 3121 νεκρῶν.
1090 3051 1225 3104 Θεοῦ
1279 3052 1389 3121 γὰρ
1444 3052 1604 3105 τοῦτο
1661 3054 1822 3123 μόνου

228 3145 447 3207 λοιπὸν,
475 3146 541 3221 16~
566 3145 788 3215 ἀνιστᾷν
820 3145 1031 3196 ἑαυτόν.
1061 3144 1140 3214 Τῇ
1169 3143 1224 3195 δὲ
1246 3145 1336 3195 τοῦ
1368 3144 1683 3213 Πνεύματος
1711 3163 1825 3214 φω-
1852 3167 1898 3228 c

229 3238 322 3305 νῇ,
351 3216 679 3304 σημαίνεται
715 3237 743 3286 6
788 3233 919 3296 Θεός
949 3248 965 3263 θ
1009 3236 1132 3287 ἐπεὶ
1176 3237 1269 3287 καὶ
1321 3235 1543 3305 Πνεῦμα
1589 3237 1617 3286 6
1663 3237 1814 3299 Θεές.

231 3327 423 3397 Τριῶν
481 3326 575 3380 οὖν
626 3326 1069 3398 μαρτυρούντων,
1124 3328 1216 3379 τοῦ
1265 3326 1666 3396 βαπτίσματος,
1724 3328 1816 3380 τοῦ

234 3417 506 3488 σταυροῦ,
531 3420 627 3487 τῆς
660 3420 1008 3480 ἀναστάσεως
1045 3416 1143 3487 τὴν
1182 3418 1277 3470 τοῦ
1319 3419 1492 3487 Ἰησοῦ
1524 3418 1815 3484 υἱοθεσίαν,

231 3511 646 3581 ἀναμφίλεκτος
678 3512 710 3581 ἡ
744 3510 832 3563 τοῦ
866 3510 1072 3580 Κυρίου
1113 3510 1375 3574 υἱοθεσία,
1411 3510 1479 3564 δι’
1514 3507 1582 3584 ἦς
1641 3514 1818 3564 υἱοθε-

237 3601 385 3664 σίας,
408 3602 508 3654 καὶ
538 3603 666 3673 ἡμῖν
696 3600 770 3662 ὼς
792 3601 1016 3674 ἀπαρχὴ
1037 3603 1131 3655 τοῦ
1162 3603 1286 3658 ὅλου
1327 3603 1668 3674 ἀνθρωπείου
1718 3622 1819 3672 φυ-

235 3689 492 3761 ράματος
541 3689 638 3752 ὢν,
670 3691 962 3761 ἐχαρίσατο
1018 3693 1078 3744 τὸ
1124 3694 1274 3757 υἱοὺς
1325 3691 1463 3746 εἶναι
1495 3693 1653 3752 Θεοῦ.
1712 3696 1821 3748 Καὶ

232 3786 305 3834 τὰ
337 3783 466 3853 τρία
494 3782 668 3837 ταῦτα
704 3784 783 3846 είς
821 3783 919 3835 ἕνα
962 3784 1054 3836 16v
1082 3785 1313 3855 Χριστόν
1346 3788 1474 3838 εἰσι.
1511 3786 1680 3838 Τοῦτο
1713 3788 1821 3857 γὰρ

238 3876 505 3943 σημαίνει
539 3874 627 3928 διὰ
652 3874 745 3927 τοῦ
777 3876 972 3937 εἰπεῖν,
1008 3893 1026 3925 ι
1057 3875 1123 3929 Οί
1173 3879 1321 3947 τρεῖς
1351 3879 1430 3938 είς
1455 3877 1515 3929 16
1538 3877 1596 3931 ἓν
1628 3880 1755 3942 εἱσι,
1794 3896 1812 3928 ι

232 3967 563 4030 τουτέστιν,
608 3967 685 4029 εἰς
734 3965 832 4036 τὴν
887 3968 1017 4037 περὶ
1070 3966 1165 4019 τοῦ
1213 3966 1450 4036 Χριστοῦ
1492 3968 1818 4038 μαρτυρίαν.

248 4059 452 4112 Ἰστέον
482 4059 540 4111 δὲ
574 4058 647 4121 ὥς
677 4076 823 4120 τινες
860 4059 967 4111 τῶν
994 4058 1251 4129 Πατέρων
1275 4064 1335 4111 τὸ
1374 4058 1599 4129 Πνεῦμα
1633 4061 1694 4111 οὐ
1735 4059 1821 4112 διὰ

237 4152 343 4223 τὴν
373 4152 670 4204 ἀνάστασιν
708 4150 939 4219 ἔφασαν,
973 4150 1107 4202 ἀλλὰ
1147 4151 1237 4203 16v
1270 4152 1510 4218 Πατέρα,
1547 4151 1634 4203 ὅτε
1659 4151 1715 4203 ὲν
1744 4149 1822 4220 τῷ

250 4245 499 4317 Ἰορδάνῃ
532 4245 727 4314 ἐϐόησε
757 4245 840 4305 16,
876 4262 893 4293 ι
931 4239 1098 4307 Οὗτός
1118 4247 1264 4297 ἐστιν
1292 4246 1320 4298 6
1355 4244 1483 4307 Υἱός
1513 4262 1615 4315 μου
1640 4247 1667 4298 6
1690 4246 1825 4313 ἀγα-

241 4338 439 4407 πητὸς,
477 4357 495 4388 ι
536 4338 728 4390 καθότι
783 4337 876 4390 καὶ
912 4338 1158 4408 Πνεῦμα,
1190 4338 1263 4402 ὡς
1319 4343 1755 4408 προειρήκαμεν,
1796 4342 1824 4392 6

238 4432 369 4494 Θεὸς
392 4432 635 4498 λέγεται.
668 4431 855 4485 Ταῦτα
886 4431 1077 4497 εἰπὼν,
1115 4432 1366 4501 ἐπιφέρει
1399 4432 1582 4484 πίστιν
1607 4432 1713 4484 τῶν
1736 4430 1817 4485 λε-

237 4525 489 4593 γομένων
534 4523 646 4577 ἀπὸ
679 4523 773 4576 τοῦ
830 4524 1111 4585 ἐλάττονος
1161 4523 1335 4586 οὕτως
1388 4523 1579 4576 είπώνο
1632 4525 1692 4577 Ei
1722 4526 1820 4599 τὴν
1857 4515 1900 4571 ί)

242 4616 555 4687 μαρτυρίαν
596 4614 706 4666 τῶν
746 4614 1048 4684 ἀνθρώπων
1076 4615 1204 4684 περί
1240 4631 1383 4675 τινος
1414 4613 1636 4668 ὁτουοῦν
1674 4615 1818 4685 λαμ-

238 4707 500 4776 ϐάνομεν,
525 4707 586 4758 ού
624 4705 804 4774 πολλῴ
830 4705 1163 4775 δικαιότερον
1186 4704 1449 4774 λάϐοιμεν
1468 4711 1567 4775 τὴν
1589 4706 1698 4758 ἀπὸ
1724 4707 1816 4759 τοῦ

240 4795 378 4848 Θεοῦ
402 4795 497 4848 τοῦ
532 4795 818 4865 μείζονος;
865 4790 902 4865 ἧ
935 4795 1044 4864 γὰρ
1110 4795 1229 4865 οὐχὶ
1288 4794 1426 4864 αῦτη
1473 4796 1505 4865 ὴ
1546 4795 1818 4865 μαρτυρία

242 4890 369 4958 περὶ
414 4887 509 4941 τοῦ
568 4886 701 4941 Υἱοῦ
738 4886 922 4949 αὑτοῦ,
973 4887 1090 4957 ἦτοι
1132 4886 1226 4938 τοῦ
1276 4888 1536 4959 Χριστοῦ,
1586 4888 1694 4941 ἀπὸ
1723 4885 1816 4939 τοῦ

240 4980 376 5035 Θεοῦ
414 4983 596 5047 ἐστιν;
638 4979 697 5032 '0
723 4978 992 5032 πιστεύων
1016 4975 1110 5031 οὖν
1137 4981 1216 5041 εἰς
1242 4981 1334 5031 τδν
1362 4979 1489 5031 Υίὸν
1513 4979 1607 5031 τοῦ
1657 4977 1815 5040 Θεοῦ,

242 5073 326 5127 ὅτι
353 5072 489 5135 Θεὸς
523 5073 670 5125 ἐστιν
694 5070 768 5133 ὡς
793 5070 919 5132 Υἱὸς
946 5068 1103 5135 Θεοῦ,
1138 5069 1250 5140 ἔχει
1278 5069 1375 5135 τὴν
1408 5069 1717 5139 μαρτυρίαν
1763 5069 1822 5121 ὲν

243 5169 418 5241 αὐτῷ,
456 5168 763 5233 τουτέστιν,
801 5169 857 5219 ὲν
887 5165 1084 5237 ἑαυτῷ,
1119 5164 1391 5218 πιστεύων
1429 5165 1511 5217 ὅτι
1540 5166 1632 5217 καὶ
1661 5164 1822 5227 αὐτὸς

244 5265 567 5318 υίοθετεῖταῑ
588 5261 677 5317 διὰ
698 5260 790 5314 τοῦ
812 5261 1211 5330 υίοθετηθέντος
1240 5257 1414 5327 Ἰησοῦ
1442 5255 1546 5308 ὑπὸ
1581 5254 1735 5309 Θεοῦ.
1768 5254 1826 5308 ὐ

248 5357 319 5429 μὴ
356 5354 632 5410 πιστεύων
694 5354 750 5406 δὲ
782 5353 903 5407 δυσὶ
942 5353 1122 5422 ἔνοχός
1150 5354 1267 5404 ἐστι
1308 5353 1520 5413 κακοῖς,
1544 5348 1820 5413 ἀπιστίας,

240 5451 481 5521 ψεύστην
534 5447 705 5502 ποιῶν
735 5448 825 5501 16v
849 5446 1004 5509 Θεὸν,
1035 5445 1173 5499 ἀλλὰ
1227 5445 1322 5498 καὶ
1352 5443 1543 5497 ἑαυτὸν
1583 5444 1817 5496 ἀποστεο

246 5544 354 5616 ρῶν
375 5543 675 5607 υἱοθεσίας,
705 5542 800 5597 καὶ
825 5541 911 5595 διὰ
934 5541 1127 5594 τούτου
1153 5539 1247 5592 καὶ
1275 5539 1373 5608 τῆς
1405 5535 1622 5590 αἰωνίου
1650 5536 1820 5607 ζωῆς,

243 5639 308 5709 ἢν
346 5638 719 5707 ἐπηγγείλατο
770 5637 882 5698 τοῖς
955 5631 1389 5701 υίοθετουμὲνοις
1443 5630 1533 5683 ὑπ’
1574 5628 1738 5683 αὐτοῦ
1790 5632 1819 5683 6

316 5822 337 5853 ⁸
368 5822 559 5885 Matth.
596 5839 674 5884 tu,
719 5819 805 5873 Π.
878 5820 897 5850 ’
927 5818 1080 5873 Joan.
1111 5834 1203 5884 xu,
1231 5817 1322 5872 ‘23.

1403 5817 1445 5848 ¹⁰
1470 5815 1629 5871 Joau.
1667 5830 1737 5882 tv,
1766 5812 1857 5867 ει.

1931 1953 2073 2022 quod
2106 1954 2271 2007 etiam
2308 1952 2482 2005 trilsus
2522 1950 2859 2018 temporibus
2905 1950 3338 2001 demonstratum
3381 1956 3460 1999 est
3495 1958 3511 1998 ς

1933 2060 2128 2112 nempe
2176 2044 2229 2096 in
2275 2042 2546 2111 baptismo
2583 2042 2635 2094 in
2673 2040 2932 2105 Jordane,
2981 2040 3146 2110 598
3184 2054 3307 2091 cum
3353 2032 3514 2091 Pater

1912 2148 2166 2202 superne
2199 2132 2583 2186 testiﬁcaretur
2624 2145 2750 2184 eum
2796 2132 2886 2200 qui
2937 2129 3319 2198 haptizulratur
3350 2142 3510 2180 suum

1930 2242 2048 2281 esse
2090 2226 2288 2281 Filiqu
2328 2224 2646 2278 dilectum".
2695 2222 2829 2288 Quis
2894 2231 3074 2275 autem
3120 2219 3207 2272 ille
3249 2226 3365 2271 erat
3420 2216 3513 2285 qui

1932 2314 2210 2384 ingressus
2252 2322 2340 2367 est
2406 2328 2602 2381 aquam
2688 2314 2791 2366 nisi
2844 2313 3007 2365 homo
3068 2310 3159 2379 qui
3237 2324 3343 2361 una
3387 2321 3511 2360 cum

1934 2405 2043 2460 Deo
2083 2405 2256 2459 Verbo
2299 2416 2613 2474 assumptus
2639 2405 2762 2458 est?
2810 2404 2854 2458 is
2896 2413 3044 2457 eerte
3079 2401 3169 2470 qui
3208 2401 3261 2453 in
3298 2400 3512 2454 occulto

1931 2498 2246 2567 apparebat,
2300 2512 2425 2548 nam
2480 2497 2604 2548 huic
2657 2511 2793 2564 opus
2842 2503 2955 2548 erat
3019 2490 3349 2547 testimonio.
3407 2490 3511 2544 Per

1930 2602 2125 2656 aquam
2162 2602 2309 2655 ergo,
2350 2586 2453 2639 hoc
2488 2595 2592 2646 est,
2638 2586 2692 2638 in
2746 2586 3069 2652 baptismate
3112 2583 3255 2649 quod
3306 2579 3364 2633 ﬁt
3407 2593 3504 2647 per

1929 2695 2164 2747 aquam,
2229 2680 2748 2731 demoustratusest
2806 2673 2972 2727 Filius
3038 2671 3131 2725 Dei
3182 2688 3302 2724 esse
3351 2669 3511 2723 Jesus

1929 2785 2026 2839 per
2085 2769 2456 2845 testiinonium
2517 2768 2711 2821 Patris.
2788 2766 2888 2820 l'er
2950 2764 3270 2832 sanguinem
3340 2776 3506 2823 vero,

1926 2860 2146 2929 quando
2192 2858 2592 2928 cruciligcndus
2624 2856 2841 2911 dicebat
2890 2871 2904 2908 :
2964 2873 2981 2904 ι
3024 2848 3273 2907 Gloritica
3312 2866 3397 2902 me
3431 2859 3511 2916 tu,

1927 2952 2106 3016 Pater,
2134 2970 2152 3002 ι
2186 2960 2240 3005 et
2271 2951 2445 3003 delata
2465 2958 2549 3003 est
2583 2964 2682 3002 vox
2717 2967 2729 3002 :
2759 2966 2777 2997 ι
2808 2949 2870 2999 ει
2901 2942 3192 3016 glorilicari
3218 2954 3272 2995 et
3294 2958 3506 2994 rursum

1928 3043 2316 3114 gloriliCaho';
2352 3061 2369 3092 ι
2406 3057 2565 3108 quam
2607 3039 2767 3092 etiam
2815 3038 3112 3090 tonitruum
3154 3050 3275 3087 essv
3322 3033 3510 3085 existi-

1929 3132 2150 3187 mabant
2197 3132 2248 3184 hi
2297 3132 2389 3201 qui
2439 3130 2777 3182 audiverant.
2843 3125 2943 3178 Per
2994 3124 3255 3192 Spiritum
3301 3134 3505 3185 autem,

1927 3226 2144 3295 quando
2188 3235 2439 3295 tanquam
2494 3224 2633 3276 Deus
2678 3219 2915 3274 surrexit
2958 3234 3025 3272 ex
3076 3217 3325 3270 mortuis.
3372 3214 3506 3266 Nam

1920 3318 2022 3372 soli
2059 3318 2168 3370 Deo
2201 3318 2304 3370 hoc
2341 3315 2674 3384 relinquitur
2703 3325 2759 3366 ut
2790 3314 3033 3381 seipsum
3063 3310 3310 3363 suscitet.
3340 3308 3443 3360 l’or
3474 3322 3506 3361 0

1923 3423 2164 3477 dictione
2195 3422 2449 3490 Spiritus.
2479 3420 2811 3489 signiﬁcatur
2841 3416 2984 3470 Deus
3014 3434 3029 3473 ε
3058 3417 3499 3484 quandoquidem

1922 3524 1973 3567 et
2006 3515 2241 3583 Spiritus
2270 3521 2353 3567 est
2382 3514 2522 3566 Deus
2551 3513 2610 3563 '°.
2655 3512 2922 3576 Quoniam
2956 3510 3118 3580 igitur
3151 3510 3324 3563 tribus
3354 3510 3473 3562 testi
3494 3540 3507 3549 -

1922 3604 2157 3659 ﬁcantur
2186 3604 2312 3659 Jesu
2375 3604 2746 3672 adoptionem,
2814 3617 3006 3670 neupe
3049 3602 3340 3668 baptismo,
3379 3616 3508 3668 pas-

1920 3697 2076 3752 sione
2106 3706 2161 3752 et
2188 3696 2610 3757 resurrectione,
2637 3694 2773 3747 nihil
2803 3694 3173 3763 ambiguitatis
3201 3693 3365 3745 habet
3398 3691 3504 3745 Do—

1922 3800 2054 3854 mini
2082 3799 2302 3867 adoptio
2333 3813 2347 3851 :
2385 3813 2481 3867 per
2504 3812 2665 3865 quam
2708 3795 3053 3862 adoptionem
3088 3795 3241 3846 nobis
3266 3807 3502 3860 quoque,

1924 3898 1983 3942 ut
2008 3890 2099 3958 qui
2141 3899 2285 3942 esset
2317 3888 2569 3956 primitias
2604 3886 2771 3939 totius
2814 3886 3062 3936 hunumze
3090 3898 3301 3944 massae,
3333 3884 3508 3935 dona-

1924 3980 1999 4033 vit
2030 3988 2085 4032 ut
2122 3979 2215 4031 [ilii
2257 3977 2350 4031 Dei
2380 3992 2643 4031 essemus.
2676 3975 2740 4028 Et
2773 3976 2886 4027 haec
2923 3974 3023 4025 tria
3056 3974 3107 4025 in
3141 3988 3310 4026 unum
3344 3971 3506 4025 Chri-

1923 4083 2067 4126 stum
2113 4080 2241 4124 sunt
2283 4087 2295 4121 :
2336 4086 2461 4123 nam
2505 4070 2605 4122 hoc
2639 4067 2931 4134 signiﬁcat.
2961 4066 3149 4118 dicens
3188 4082 3203 4118 ;
3249 4083 3265 4112 ι
3302 4062 3367 4116 lli
3396 4074 3507 4116 tres

1925 4164 1990 4217 ad
2020 4177 2189 4215 unum
2223 4168 2401 4219 sunt.»
2434 4159 2535 4212 hoc
2567 4166 2646 4212 est
2673 4155 2739 4209 ad
2771 4155 3141 4208 testimonium
3167 4154 3233 4207 de
3260 4153 3502 4228 Christo.

1929 4252 2221 4306 Sciendum
2254 4258 2335 4303 est
2370 4259 2549 4302 autem
2587 4247 2728 4317 quod
2781 4245 3027 4299 nonnulli
3075 4244 3295 4297 Patrum
3336 4244 3504 4306 Spiri-

1926 4354 2063 4404 tum,
2109 4357 2217 4394 uon
2262 4350 2483 4409 propter
2528 4337 2984 4393 resurrectionem
3026 4344 3374 4403 accepermit,
3409 4334 3503 4386 sed

1930 4434 2144 4488 Patrem
2178 4435 2354 4502 ipsum
2388 4431 2604 4499 quando
2646 4429 2699 4482 in
2735 4428 2971 4482 Jordane
3011 4426 3264 4479 clamavit
3298 4440 3313 4478 :
3356 4448 3371 4473 ι
3406 4425 3506 4479 Hic

1926 4538 2011 4583 est
2042 4526 2211 4580 Filius
2241 4540 2394 4578 meus
2421 4523 2651 4577 dilectus
2677 4540 2689 4579 ;
2727 4543 2745 4571 ι
2785 4529 3073 4591 propterea
3104 4518 3247 4585 quod
3275 4528 3328 4570 et
3362 4520 3504 4568 licus

1925 4620 2124 4675 dicitur
2166 4616 2403 4686 Spiritus
2445 4623 2501 4668 ut
2552 4629 2646 4683 pra
2665 4613 2921 4666 diximus.
2957 4608 3049 4662 His
3088 4610 3247 4662 dictis
3283 4624 3473 4677 persua

1925 4712 2136 4766 sionem
2181 4723 2371 4762 eorum
2411 4723 2530 4777 quae
2575 4707 2852 4759 dicuntur.
2888 4718 2917 4755 a
2961 4702 3158 4754 minori
3202 4701 3500 4768 subjungit.

1924 4807 1997 4861 ita
2038 4806 2228 4859 dicens
2269 4820 2284 4857 :
2330 4800 2386 4854 Si
2431 4796 2804 4852 testimonium
2851 4792 3134 4846 hominum
3179 4793 3245 4843 de
3293 4791 3499 4859 vulgari

1927 4898 2119 4968 quavis
2149 4904 2206 4947 re
2237 4893 2556 4962 accipimus,
2587 4902 2770 4942 nonne
2815 4885 2987 4938 multo
3029 4882 3232 4950 justius
3259 4884 3506 4948 accipere

1926 4989 2191 5044 debemus
2221 4984 2590 5039 testimonium
2619 4996 2648 5034 a
2677 4979 2788 5032 Deo
2818 4979 2906 5042 qui
2940 4975 3113 5042 major
3144 4983 3225 5026 est
3245 4974 3269 5023 ’ἓ
3297 4973 3504 5027 Ειειιπιιι

1926 5097 2108 5137 annon
2138 5079 2243 5132 hoc
2270 5074 2638 5131 testimonium
2668 5072 2733 5124 de
2766 5069 2900 5123 Filio
2932 5083 3030 5121 suo
3061 5066 3174 5118 sive
3231 5064 3446 5117 Christo
3476 5080 3505 5115 ιι

1938 5174 2050 5229 Deo
2076 5170 2197 5225 est?
2219 5169 2319 5234 Qui
2352 5167 2514 5236 igitur
2540 5164 2713 5219 credit
2740 5162 2794 5214 in
2822 5158 3014 5215 Filium
3044 5155 3159 5218 Dei,
3184 5155 3327 5227 quod
3362 5156 3507 5208 Deus

1931 5268 2001 5322 sit
2028 5275 2283 5333 tanquam
2314 5260 2409 5314 Dei
2444 5257 2634 5322 Filius,
2662 5254 2828 5308 habet
2864 5250 3235 5305 tesrimonium
3280 5248 3332 5299 in
3367 5248 3503 5314 ipso,

1932 5357 2036 5412 hoc
2062 5363 2165 5419 est,
2200 5354 2253 5406 in
2284 5350 2484 5419 seipso,
2514 5346 2742 5402 credens
2771 5341 2916 5413 quod
2961 5349 3016 5395 et
3060 5340 3175 5409 ipse
3217 5338 3506 5404 adoptatus

1931 5450 2057 5504 sita
2092 5448 2199 5500 Deo
2234 5459 2328 5512 per
2353 5442 2540 5496 Jesum
2570 5442 2906 5507 adoptatum.
2944 5431 3048 5498 Qui
3079 5446 3209 5484 vero
3248 5443 3357 5481 non
3389 5440 3506 5479 cre-

1929 5536 2028 5598 dit,
2060 5533 2273 5588 duobus
2303 5530 2458 5584 malis
2486 5526 2755 5583 obnoxius
2781 5533 2887 5588 est,
2917 5531 3048 5593 puta
3081 5513 3503 5578 incredulitatis,

1929 5627 2246 5684 mendacem
2278 5625 2482 5680 faciens
2514 5623 2681 5677 Deum
2711 5635 2725 5674 :
2751 5633 2814 5673 ac
2839 5625 3101 5688 praeterea
3126 5610 3364 5684 seipsum
3394 5605 3507 5679 pri-
