3950 6552
853 281 898 307 θ

466 367 573 428 £79
1530 355 1923 420 (ECUMENII
1958 354 2249 415 TRICC/E
2285 353 2624 416 EPISCOl‘I
3609 360 3712 426 68,0

468 492 600 534 vans
643 475 957 545 adoptione,
1005 489 1069 530 ac
1111 490 1205 546 per
1251 475 1355 529 hoc
1401 481 1602 526 a:terna
1649 486 1864 542 quoque
1915 472 2020 526 vita

2173 471 2404 543 (ριστδς,
2437 471 2506 542 ῆν
2531 471 2626 524 καὶ
2656 471 2818 534 αὐτὸς
2853 472 2966 542 εχει
3004 473 3061 525 ὲν
3089 473 3291 543 έαυτῷ,
3322 473 3398 536 ὡς
3423 475 3480 528 ἐν
3511 474 3588 545 τῷ
3630 478 3733 529 Εὐ-

463 584 627 642 quam
669 567 921 638 promisit
965 567 1217 622 Christus
1256 567 1343 620 bis
1379 565 1472 635 qui
1506 581 1536 619 a
1572 580 1630 619 se
1672 566 1911 635 adOptati
1957 581 2021 619 es

2176 562 2392 632 ιγγελίῳ
2431 562 2792 632 γέγραπται·
2831 580 2850 613 ι
2911 563 2999 616 Ἑν
3059 564 3209 635 αὑτῷ
3246 565 3359 635 ζωὴ
3383 559 3474 635 ἦν.
3515 585 3534 617 ι
3572 565 3736 619 Ὥστε

463 668 591 715 sent
622 676 637 714 :
671 674 832 728 quam
861 665 915 710 et
944 657 1061 726 ipse
1093 657 1147 710 in
1190 671 1249 709 se
1297 655 1463 708 habet
1494 653 1636 708 sicut
1669 654 1723 707 in
1752 653 2023 724 Evangelii

2199 654 2336 722 ἔχων
2359 654 2450 705 τὸν
2479 653 2604 704 Υἰὸν
2629 652 2719 704 διά
2749 651 2843 705 τοῦ
2881 653 3037 720 ἁγίου
3067 653 3466 725 βαπτίσματος,
3504 657 3615 727 ἔχει
3643 660 3740 710 καὶ

463 753 728 822 scriptum
773 759 900 804 est:
940 767 958 801 ι
995 749 1050 802 ln
1095 749 1212 818 ipso
1259 747 1369 802 vita
1415 747 1625 802 erat“.
1661 765 1678 797 ι
1725 746 1912 816 Itaque
1953 762 2023 815 qu

2176 746 2252 815 τὴν
2284 745 2452 814 ζωήν.
2491 744 2646 797 Ὅσοι
2704 744 2814 813 γὰρ
2878 746 2957 808 εἰς
3006 747 3242 817 Χριστὸν
3293 747 3736 818 ἐϐαπτίσθημεν,

420 888 429 910 ,
467 843 631 898 habet
663 841 858 895 Filium
896 855 991 910 per
1013 854 1230 892 sacrum
1262 838 1552 907 baptisma,
1582 838 1744 892 habet
1775 847 1827 892 et
1858 837 1980 891 vitai

2187 840 2420 903 ουτέστι,
2448 838 2590 890 κατά
2623 839 2722 908 τὴν
2752 837 2973 909 ἐντολὴν
3006 841 3196 904 αὑτοῦ,
3226 842 3460 910 Χριστὸν
3485 842 3745 896 ὲνεδυσά-

423 911 431 926 ”
467 937 744 1004 Quotquot
785 933 929 986 enim
972 932 1025 984 in
1063 931 1343 984 Christum
1391 930 1651 999 baptizati
1700 945 1912 994 sumus,
1947 930 1980 983 ιι

2183 930 2318 985 ιεθα.
2361 929 2550 991 Ὅστις
2571 928 2627 980 δὲ
2663 928 2738 999 μὴ
2769 928 2880 998 ἔχει
2913 929 3004 982 τὸν
3053 930 3181 983 Υίὸν
3209 930 3303 984 τοῦ
3352 931 3490 984 Θεοῦ
3525 932 3616 984 διά
3647 931 3743 984 τοῦ

468 1043 572 1090 eSt,
597 1027 750 1096 juxta
783 1025 955 1093 ipsius
980 1031 1333 1093 praeceptum,
1366 1021 1643 1076 Christum
1677 1021 1958 1076 induimus
1982 1021 2024 1052 “

2181 1023 2558 1092 ιαπτίσματος,
2594 1021 2714 1074 οὐδὲ
2751 1022 2851 1092 τὴν
2878 1021 3022 1093 ζωὴν
3065 1021 3198 1092 ἔχει,
3229 1022 3323 1075 καὶ
3382 1023 3741 1094 νενέκρωται.

467 1118 630 1190 599
657 1117 758 1184 Qui
789 1125 972 1170 autem
1015 1129 1124 1167 non
1178 1114 1340 1167 habet
1374 1113 1568 1167 Filium
1599 1111 1692 1167 Dei
1724 1129 1820 1183 per
1849 1113 2027 1182 baptis

2186 1115 2406 1185 ίεκροὺς
2435 1113 2543 1183 γὰρ
2569 1112 2868 1182 λαμϐάνων
2911 1116 3059 1184 ἡμᾶς
3097 1118 3209 1178 τοῖς
3267 1115 3746 1185 παραπτώμασιν,

465 1226 636 1274 ιιιιιιιι,
662 1223 840 1276 neque
871 1206 1036 1260 vitam
1064 1205 1249 1266 habet,
1270 1203 1363 1258 sed
1383 1212 1630 1258 mortuus
1645 1213 1748 1258 est.
1775 1203 2025 1274 Siquiden

2190 1205 2359 1276 τείρει
2387 1205 2474 1258 διά
2499 1204 2594 1258 τού
2618 1205 2771 1273 ἁγίου
2795 1207 3199 1274 βαπτίσματος.
3258 1207 3416 1272 Πῶς;
3477 1208 3566 1270 Ὠς
3614 1209 3750 1260 πολ-

466 1301 749 1370 accipiens
775 1314 876 1352 nos
907 1297 1145 1367 peccatis
1178 1305 1442 1360 mortuos,
1474 1297 1675 1349 excitat
1707 1311 1804 1366 per
1835 1311 2026 1351 sacrun

2192 1297 2314 1359 άκις
2345 1297 2582 1367 εἴρηται,
2601 1297 2681 1350 ὅτι
2707 1297 2736 1348 ὁ
2770 1297 3060 1364 συνταφεὶς
3085 1296 3306 1366 Χριστῷ
3333 1296 3420 1350 διὰ
3446 1299 3546 1365 τῆς
3573 1298 3631 1348 ὲν
3650 1296 3751 1367 βα-

465 1396 755 1465 baptisma.
805 1389 1140 1458 Quomodo?
1188 1388 1340 1442 Sicut
1370 1387 1686 1458 frequenter
1711 1389 1914 1443 dictum
1949 1400 2025 1445 est

2184 1389 2447 1458 ττίσματι,
2479 1388 2847 1455 καταδύσεως,
2877 1385 3035 1454 οὗτος
3065 1389 3256 1461 νεκρός
3280 1391 3394 1442 ἐστι
3420 1389 3498 1460 τῷ
3525 1392 3744 1460 κόσμῳ,

469 1487 616 1558 quod
646 1485 1002 1554 consepultus
1034 1482 1252 1536 Christo
1285 1495 1379 1549 per
1411 1479 1814 1534 demersionem
1851 1496 1972 1550 qua:
1999 1483 2029 1535 li

2189 1497 2278 1551 ιτοι
2321 1484 2438 1543 ταῖς
2468 1484 2763 1550 κοσμικαῖς
2805 1483 3147 1552 ἐπιθυμίαις,
3193 1484 3289 1536 καὶ
3321 1483 3503 1536 οὐκέτι
3537 1483 3749 1552 ἑαυτῷ,

469 1581 528 1636 in
570 1579 859 1650 baptismo,
905 1584 1154 1630 mortuus
1204 1572 1275 1626 sit
1320 1572 1543 1638 mundo,
1593 1572 1707 1626 sive
1763 1574 2026 1628 mundani

2192 1570 2297 1622 μ).λά
2315 1570 2536 1641 Χριστῷ
2563 1570 2651 1642 ζῇ,
2688 1572 2830 1626 κατά
2853 1573 2948 1634 τὰς
2967 1571 3186 1634 ὲντολάς
3218 1571 3381 1625 αὐτοῦ
3437 1573 3493 1626 ὲν
3558 1573 3752 1625 καινό-

469 1669 956 1739 concupiscentiis,
998 1676 1053 1722 et
1097 1667 1208 1736 jam
1256 1681 1367 1720 non
1397 1666 1502 1719 sibi
1544 1666 1669 1736 ipsi,
1705 1667 1803 1722 sed
1837 1667 2029 1723 Christi

2191 1681 2285 1732 ἠτι
2317 1664 2464 1734 ζωῆς
2494 1663 2813 1735 περιπατῶν
2846 1665 2940 1718 καὶ
2970 1663 3326 1736 παρείσδυσιν
3379 1667 3445 1735 τῇ
3496 1664 3751 1735 ἁμαρτίᾳ

471 1765 644 1825 vivat,
686 1763 841 1831 juxta
883 1771 1158 1830 praecepta
1203 1758 1349 1813 illius
1397 1758 1449 1811 in
1503 1760 1746 1814 novitate
1779 1761 1904 1815 vitae
1944 1776 2030 1814 am

1045 1771 1158 1830 :pta
1203 1758 1349 1813 illius
1397 1758 1449 1811 in
1503 1760 1746 1814 novitate
1779 1761 1904 1815 vitae
1944 1776 2059 1814 am-
2168 1755 2369 1826 μηκέτι
2408 1757 2605 1820 διδούς.

471 1853 671 1907 bulans
699 1852 765 1916 ¹³,
814 1865 994 1919 neque
1054 1847 1280 1918 posthac
1342 1857 1569 1916 peccato
1611 1849 1747 1904 dans
1785 1849 2062 1904 clancula-
2094 1835 2138 1891 Β

473 1942 614 1996 rium
649 1941 975 2011 ingressum.

547 2032 613 2098 V,
643 2034 824 2088 13-15.
871 2032 1000 2087 Ilwc
1031 2037 1224 2103 scripsi
1251 2037 1390 2090 vobis
1421 2036 1513 2104 qui
1541 2035 1757 2088 creditis
1789 2033 1842 2085 in
1875 2047 2064 2086 nomen

2226 2035 2414 2090 Ταῦτα
2427 2035 2660 2105 ἔγραψα
2675 2036 2816 2104 ὑμῖν
2833 2038 2959 2103 τοῖς
2971 2036 3369 2092 πιστεύουσιν
3378 2041 3466 2106 εις
3480 2039 3550 2092 τὸ
3565 2039 3693 2108 ora;
3714 2054 3757 2094 α

474 2126 602 2181 Filii
634 2125 732 2179 Dei
767 2144 786 2182 :
824 2135 878 2178 ut
917 2127 1100 2180 sciatis
1125 2129 1262 2198 quod
1301 2129 1463 2181 vitam
1506 2126 1753 2180 [iubemus
1785 2133 2034 2179 arternam

2201 2128 2271 2182 οῦ
2309 2129 2446 2182 Υίοῦ
2486 2129 2592 2184 τοῦ
2621 2129 2792 2197 Θεοῦ,
2825 2130 2924 2183 ἵνα
2945 2129 3165 2198 εἰδῆτε,
3197 2129 3285 2183 ὅτι
3326 2130 3479 2198 ζωὴν
3508 2131 3759 2185 αἰώνια·

472 2227 520 2271 et
552 2226 607 2270 ut
642 2217 869 2270 credatis
901 2219 954 2270 in
976 2234 1161 2271 nomen
1201 2217 1336 2272 Filii
1368 2217 1486 2272 Dei.
1524 2217 1593 2275 Et
1625 2217 1734 2272 [nec
1762 2225 1834 2269 est
1867 2215 2032 2284 ﬁducii

2199 2235 2356 2287 χετε,
2387 2217 2485 2271 καί
2525 2219 2626 2272 ἵνα
2662 2219 2992 2285 πιστεύητε
3022 2222 3112 2285 είς
3137 2220 3202 2273 τὸ
3231 2219 3419 2289 ὄνομα
3455 2220 3567 2274 τοῦ
3616 2224 3699 2274 Υὶι
3721 2223 3757 2274 ί»

477 2328 637 2383 quam
676 2311 925 2365 habemus
955 2315 1099 2382 apud
1131 2313 1322 2378 Deum,
1357 2313 1498 2384 quod
1531 2314 1575 2367 si
1603 2313 1730 2383 quid
1763 2311 2035 2380 petierimu

2203 2312 2274 2366 οῦ
2307 2311 2476 2366 Θεοῦ.
2504 2310 2611 2364 Καὶ
2641 2311 2792 2376 αὕτη
2811 2310 2984 2363 ἐστίν
3009 2311 3048 2378 ἡ
3075 2311 3398 2378 παρῤησία,
3431 2311 3513 2378 ἦν
3530 2311 3759 2380 ἔχομεν

474 2403 760 2456 sccundum
800 2404 1122 2458 voluntatem
1165 2406 1299 2474 ejus,
1337 2408 1489 2460 audit
1534 2422 1647 2460 nos.
1683 2403 1752 2458 Et
1785 2405 1830 2458 si
1871 2404 2034 2457 scimu

2201 2405 2318 2474 :pdc
2352 2403 2558 2468 αὐτὸν,
2581 2403 2670 2456 ὅτι
2707 2402 2817 2456 ἐάν
2850 2419 2901 2456 τι
2933 2402 3222 2471 αἰτώμεθα
3252 2405 3400 2456 κατὰ
3427 2404 3494 2456 τὸ
3522 2405 3761 2472 θέλημα

473 2494 610 2563 quod
641 2496 794 2547 audit
821 2511 914 2548 nos
946 2497 996 2547 in
1031 2499 1171 2549 omni
1221 2513 1280 2550 eo
1317 2497 1459 2567 quod
1488 2497 1818 2566 petierimus,
1867 2495 2033 2548 scimu

2200 2497 2375 2561 ιὺτοῦ,
2407 2497 2612 2553 ἀκούει
2671 2494 2861 2564 ἡμῶν.
2913 2495 3020 2549 Καὶ
3055 2497 3104 2548 εί
3132 2494 3379 2564 οἴδαμεν
3409 2495 3498 2548 ὅτι
3544 2496 3760 2549 ἀκούει-ι

478 2592 611 2654 quod
645 2587 894 2640 habemus
928 2590 1204 2656 petitiones
1235 2606 1368 2660 quas
1400 2589 1786 2658 postulavimus
1816 2588 1882 2642 ab
1911 2604 1992 2640 eo.

2205 2588 2359 2658 ημῶν,
2398 2589 2428 2642 ὃ
2468 2588 2544 2642 ἂν
2575 2587 2885 2657 αἰτώμεθα,
2917 2586 3166 2657 οἴδαμέν
3200 2587 3288 2641 ὅτι
3315 2589 3537 2658 ἔχομεν
3566 2591 3644 2641 τὰ
3674 2591 3765 2642 αἱ·

2169 2681 2400 2750 τήματα
2416 2681 2552 2749 παρ’
2583 2680 2791 2734 αὑτοῦ.

546 2773 823 2840 Tanquam
859 2771 914 2826 in
953 2772 1166 2843 epilogo
1195 2774 1507 2828 summatim
1545 2775 1803 2845 praedicta
1841 2776 2062 2845 repetit,

2255 2777 2342 2838 Ὡς
2398 2778 2452 2828 ἐν
2516 2776 2754 2844 ἐπιλόγῳ
2811 2775 3310 2844 ἀνακεφαλαιοῦται
3389 2777 3484 2828 καί
3549 2790 3759 2844 φησιν·

476 2873 532 2918 et
561 2864 676 2918 ait:
713 2863 918 2934 Scripsi
965 2866 1119 2920 vobis
1163 2869 1278 2922 haec
1313 2879 1569 2937 tanquam
1601 2867 1912 2923 hazredibus
1943 2868 2036 2922 \it:

2262 2869 2429 2940 πραψα
2460 2871 2587 2940 ὑμῖν
2610 2870 2783 2922 ταῦτα
2821 2870 2896 2934 ὡς
2921 2869 3280 2941 κληρονόμοις
3310 2870 3532 2924 αἰωνίου
3570 2871 3758 2939 ζωῆς’
3807 2930 3822 2942 _

475 2967 692 3012 acterna:
717 2973 730 3010 :
760 2974 1102 3029 nequaquam
1128 2962 1276 3015 enim
1308 2962 1414 3017 ista
1463 2961 1836 3017 scriberentur
1866 2963 1950 3016 his
1976 2979 2035 3031 qr

2204 2964 2268 3016 ὑκ
2292 2961 2358 3017 ἂν
2387 2962 2497 3033 γὰρ
2521 2961 2695 3016 ταῦτα
2715 2963 2957 3032 γραφείη
2983 2965 3098 3026 τοίς
3131 2961 3206 3033 μὴ
3233 2961 3353 3015 κατ’
3377 2961 3568 3014 ἐλπίδα
3603 2960 3764 3030 βιοῦ-

475 3066 588 3105 non
637 3051 828 3106 vivunt
873 3053 1173 3108 secundum
1247 3071 1400 3126 spem
1451 3056 1576 3112 vita
1624 3065 1887 3111 aeternae:
1941 3054 2033 3126 qui

2203 3069 2227 3106 ι
2251 3054 2350 3125 τῆς
2380 3053 2602 3106 αἰωνίου
2657 3053 2822 3124 ζωῆς.
2898 3053 3022 3106 Ὅτι
3081 3052 3218 3124 μηδὲ
3266 3053 3333 3106 τὰ
3369 3054 3501 3120 ἅγια
3551 3053 3763 3104 διδόναι

477 3160 659 3214 neque
691 3156 878 3200 sancta
909 3148 1040 3202 dare
1081 3149 1310 3204 canibus
1341 3165 1521 3220 neque
1563 3149 1883 3221 margaritas
1913 3165 2037 3220 spar

2204 3149 2283 3211 οἷς
2331 3145 2480 3210 κυσὶ,
2540 3145 2676 3216 μηδὲ
2734 3145 2862 3208 τοὺς
2907 3146 3253 3216 μαργαρίτας
3301 3145 3616 3216 ἔμπροσθεν
3646 3144 3759 3197 τῶν

479 3254 604 3307 gere
643 3255 827 3293 coram
870 3241 1052 3310 porcis
1079 3242 1142 3306 “,
1188 3243 1404 3298 laudem
1447 3253 1876 3314 promereretur.
1919 3243 2036 3298 Tan

2193 3241 2370 3311 [οίρων
2409 3237 2728 3302 ἀξιέπαινον
2755 3239 2990 3308 ῥιπτεῖν.
3026 3238 3114 3300 Ὠς
3141 3235 3236 3291 οὖν
3263 3237 3626 3307 κληρονόμοις
3651 3237 3753 3306 τῆς

478 3345 640 3398 quam
683 3331 991 3386 harredibus
1039 3349 1171 3404 ergo
1213 3335 1334 3390 vitae
1376 3345 1594 3390 actorum
1637 3337 1756 3390 haec
1797 3334 2038 3390 scribens

2213 3333 2390 3385 ἰωνίου
2413 3330 2638 3400 γράφων
2653 3329 2824 3394 ταῦτα
2855 3329 3020 3398 ζωῆς,
3061 3329 3533 3400 ὲπαναλαμϐάνει,
3559 3330 3641 3393 ὡς
3680 3332 3765 3382 εξ-

480 3421 679 3489 repetit
709 3420 966 3486 breviter,
999 3434 1058 3478 ut
1083 3425 1340 3490 diximus,
1360 3426 1784 3497 suggerensillis
1808 3442 1930 3496 qua:
1953 3427 2040 3496 jan

2210 3425 2422 3494 ἡκαμεν
2464 3423 2552 3476 διά
2596 3423 2850 3494 βραχέων
2906 3425 3342 3494 ὑπομιμνήσκων
3383 3424 3585 3486 αὐτοὺς
3651 3425 3765 3479 τῶν

481 3511 629 3563 dicta
667 3519 796 3564 sunt
829 3531 840 3564 :
876 3513 1108 3580 primum
1137 3515 1283 3582 quod
1318 3515 1545 3569 ﬁrmiter
1571 3516 1790 3570 credere
1823 3525 2041 3585 oportea

2207 3517 2478 3590 ἱρημένων
2529 3517 2664 3588 ἤδη·
2727 3515 2949 3587 πρῶτον
2980 3517 3062 3569 ὅτι
3114 3515 3195 3568 δεῖ
3218 3518 3493 3569 πιστεύειν
3534 3514 3767 3570 άδιστά-

480 3601 538 3652 in
582 3616 780 3655 nomen
811 3601 929 3656 Filii
977 3603 1091 3666 Dei,
1133 3605 1236 3659 hoc
1268 3615 1372 3671 est,
1413 3605 1469 3659 in
1520 3607 1779 3660 traditum
1809 3607 1967 3661 nobis
2001 3606 2040 3660 al

2203 3627 2316 3671 ,τως
2345 3609 2425 3670 εἰς
2457 3607 2519 3660 τὸ
2548 3607 2720 3676 ὄνομα
2760 3606 2854 3659 τοῦ
2903 3605 3036 3659 Υἱοῦ
3095 3605 3190 3659 τοῦ
3250 3607 3410 3672 θεοῦ,
3447 3608 3763 3673 τουτέστιν,

482 3691 576 3745 illo
605 3692 849 3747 divinum
881 3695 1088 3749 cultum
1131 3713 1146 3751 :
1188 3712 1311 3750 nam
1345 3697 1449 3751 hoc
1479 3697 1785 3768 signiﬁcare
1827 3698 1942 3752 vult
1972 3713 2042 3752 ιιο

2205 3705 2251 3764 ίς
2273 3701 2370 3772 τὴν
2415 3699 2738 3752 ὑπ’ὲκείνου
2783 3699 3186 3768 παραδοθεῖσαν
3223 3701 3359 3770 ἡμῖν
3416 3700 3762 3753 θεοσέϐειαν.

481 3798 608 3837 men
641 3782 759 3837 Filii
809 3786 932 3849 Dei,
981 3787 1140 3840 sicuti
1188 3789 1457 3853 diximus,
1506 3789 1593 3843 cui
1637 3790 1894 3845 videlicet
1925 3790 2041 3844 vian

2201 3792 2344 3845 Τοῦτο
2374 3792 2481 3864 γὰρ
2517 3791 2764 3858 βούλεται
2795 3791 3082 3861 σημαίνειν
3143 3792 3204 3842 τὸ
3249 3791 3419 3861 ὖνομα
3463 3791 3559 3844 τοῦ
3621 3792 3761 3846 Υίοῧ

481 3883 637 3944 parat
687 3875 801 3944 ipsa
854 3876 993 3929 sacri
1051 3877 1391 3946 baptismatis
1436 3879 1626 3949 gratia.
1675 3879 1882 3934 Deinde
1923 3895 2041 3948 quoi

2206 3887 2263 3940 οῦ
2298 3885 2455 3948 Θεοῦ,
2491 3885 2568 3948 ὼς
2617 3884 2894 3955 φθάνομεν
2921 3885 3225 3954 εἰρηκότες.
3287 3886 3365 3948 HC
3421 3885 3673 3948 ὁδοποιδῖ
3728 3886 3762 3956 ἡ

482 3968 647 4036 huius
678 3968 999 4023 indubitata:
1029 3969 1152 4024 ﬁdei
1178 3971 1388 4025 nullum
1422 3974 1492 4027 sit
1518 3973 1665 4028 aliud
1693 3974 1932 4046 signum,
1961 3975 2042 4031 nis

2203 3978 2263 4031 οὗ
2292 3977 2450 4046 ἁγίου
2484 3977 2686 4047 δηλαδὴ
2721 3975 3098 4046 βαπτίσματος
3129 3976 3308 4047 χάρις.
3370 3972 3504 4029 Εἶτα
3537 3977 3621 4029 ὅτι
3669 3993 3761 4047 ση-

484 4063 702 4126 tiducia,
751 4079 915 4132 quam
965 4079 1063 4134 per
1114 4066 1652 4136 irreprehensibilem
1702 4068 1864 4121 [idem
1913 4083 2041 4138 repe

2196 4073 2323 4123 ιεῖον
2351 4067 2556 4138 ταύτης
2591 4068 2690 4136 τῆς
2731 4067 3054 4120 ἀδιστάκτου
3089 4068 3326 4130 πίστεως
3385 4069 3539 4120 οὐδέν
3597 4071 3756 4122 ἐστιν

483 4155 656 4206 rimus
708 4157 848 4224 apud
901 4155 1101 4224 ipsum,
1154 4157 1298 4211 sicut
1352 4159 1516 4210 etiam
1577 4159 1629 4211 in
1688 4159 2043 4228 superioribu;

2206 4161 2353 4231 λ).οῆ
2387 4162 2420 4231 ἡ
2456 4159 2843 4231 παρῤησία,ῆν
2874 4158 2962 4212 διὰ
2993 4159 3092 4227 τῆς
3143 4158 3374 4228 ἀμώμου
3402 4160 3645 4221 πίστεως
3673 4161 3764 4213 εὗ-

473 4245 734 4300 ⁴ιίλιιίιιιιιε.
773 4247 1121 4315 Rursumque
1154 4249 1370 4318 signum
1413 4249 1579 4319 hujus
1617 4250 1827 4304 ﬁduciae
1859 4250 2033 4319 posuit

2199 4254 2434 4321 ιίσκομεν
2465 4250 2600 4319 πρὸς
2632 4249 2817 4310 αὑτὸν,
2851 4248 2928 4311 ὡς
2962 4249 3055 4300 καὶ
3111 4249 3373 4318 ἀνωτέρω
3419 4250 3759 4320 εἰρήκαμεν.

479 4353 590 4391 non
623 4337 878 4391 frustrari
911 4339 964 4390 in
1002 4339 1256 4391 omnibus
1287 4356 1408 4408 qum
1448 4356 1477 4393 a
1516 4342 1676 4394 nobis
1698 4341 2039 4410 postulantur

2199 4343 2278 4396 ἰαὶ
2316 4341 2478 4395 πάλιν
2500 4343 2725 4410 σημεῖον
2748 4339 2847 4407 τῆς
2880 4337 3140 4407 τοιαύτης
3171 4338 3509 4410 παρρησίας,
3558 4340 3622 4392 τὸ
3687 4341 3759 4412 μὴ

480 4427 588 4481 Sed
618 4430 874 4496 quoniam
904 4443 1012 4480 non
1041 4441 1232 4481 omnes
1257 4429 1438 4481 omnia
1471 4430 1738 4498 postulata
1766 4445 2040 4500 assequun

2200 4438 2420 4506 ιστοχεῖν
2452 4434 2668 4486 πάντων
2691 4433 2800 4484 τῶν
2843 4431 2974 4503 παρ’
3015 4431 3170 4502 ἡμῶν
3221 4433 3590 4500 αἰτουμένων,
3664 4434 3760 4488 τέ-

479 4528 591 4581 tur,
621 4533 801 4585 ncque
839 4532 1056 4586 semper
1088 4519 1455 4572 exaudiuntur
1486 4521 1540 4574 in
1580 4521 1664 4575 his
1697 4538 1820 4592 qua:
1852 4531 2039 4593 petunt

2197 4531 2377 4582 Ιεικεν.
2437 4526 2578 4578 Ἀλλ’
2641 4525 2830 4595 ἐπειδὴ
2886 4525 2945 4577 ού
2987 4511 3219 4577 πάντων
3255 4523 3364 4576 τῶν
3407 4524 3757 4592 αἰτουμένων

480 4608 627 4662 addit
666 4626 680 4661 :
721 4606 1033 4662 Secundum
1094 4610 1429 4664 voluntatem
1475 4613 1598 4681 eius
1642 4631 1655 4669 :
1699 4617 2040 4673 manifestam

2203 4622 2376 4684 ιάντες
2408 4619 2796 4688 τυγχάνουσιν,
2851 4616 2974 4669 οὐδὲ
3027 4615 3408 4668 είσακούονται
3462 4617 3543 4677 εἰς
3575 4615 3612 4668 ἃ
3673 4618 3763 4669 αἰ·-

477 4699 736 4754 videlicet
765 4702 911 4769 quod
953 4712 1146 4770 petens
1188 4713 1388 4772 praeter
1417 4705 1753 4761 voluntatem
1794 4711 2035 4781 magistri

2202 4714 2343 4778 οὖσι,
2377 4710 2776 4782 προστίθησιτδ
2807 4708 2963 4762 Κατὰ
2993 4709 3052 4761 τὸ
3087 4708 3299 4778 θέλημα
3328 4705 3517 4770 αὐτοῦ,
3547 4706 3673 4770 ώςό
3697 4723 3759 4778 γι

472 4808 586 4846 non
617 4793 688 4847 sit
711 4794 1101 4860 exaudiendus,
1141 4797 1502 4851 conformiter
1538 4800 1606 4853 ad
1646 4802 1860 4856 beatum
1894 4803 2026 4858 Jaco

2196 4807 2323 4877 ταρὰ
2351 4807 2412 4858 τὸ
2462 4805 2677 4874 θέλημα
2715 4802 2809 4856 τοῦ
2843 4801 3169 4856 διδασκάλου
3213 4799 3406 4863 αἰτῶν,
3465 4799 3592 4853 οὐδὲ
3639 4803 3756 4854 εἰσ-

471 4882 605 4942 bum
656 4905 671 4943 :
718 4889 1161 4958 quandoquidem
1209 4903 1263 4947 et
1307 4892 1418 4955 ille,
1468 4909 1486 4944 (
1519 4893 1730 4960 Petitis,
1764 4873 1968 4966 inquit,
2006 4915 2031 4951 c

2195 4873 2664 4968 ικουσοησόμενος,
2695 4895 2905 4965 συνῳδὰ
2933 4895 3014 4966 τῷ
3045 4894 3303 4964 μακαρίῳ
3341 4891 3587 4962 Ἰακώϐῳ
3618 4893 3755 4946 ἀπο-

475 4995 587 5033 non
632 4981 900 5050 accipitis,
943 4998 1008 5036 eo
1051 4985 1198 5053 quod
1243 4987 1386 5041 male
1429 4987 1628 5057 petatis
1654 4990 1718 5054 ",
1750 5007 1768 5040 ι
1815 4989 1917 5044 hoc
1954 5001 2035 5044 est

2192 4993 2491 5062 ιαινὸμενος
2511 5007 2523 5019 ·
2549 4991 2672 5042 ἐπεὶ
2699 4991 2793 5042 καὶ
2814 4981 2989 5051 οὗτος,
3019 5005 3035 5035 ι
3057 4988 3286 5050 Αἰτεῖτε,
3319 4987 3542 5053 φάσκει,
3568 4987 3668 5039 καὶ
3695 4989 3752 5040 οὐ

470 5079 637 5140 prout
676 5073 830 5126 vobis
874 5089 981 5127 non
1021 5077 1260 5145 expedit.
1308 5079 1470 5149 600
1505 5080 1844 5137 Convertens
1875 5091 2030 5136 auten

2192 5084 2495 5155 λαμϐάνετε,
2521 5081 2654 5136 διότι
2671 5080 2860 5143 κακῶς
2892 5081 3116 5140 αἰτεῖτε,
3148 5096 3167 5129 ι
3201 5077 3385 5140 οἱονεὶ,
3413 5077 3752 5147 ἀσυμφόρως

475 5165 789 5233 hujusmodi
809 5167 1024 5237 signum
1046 5168 1098 5220 in
1121 5171 1462 5226 manifestius
1493 5173 1776 5237 indicium,
1796 5176 1874 5229 ait
1898 5192 1914 5231 :
1940 5194 1958 5225 ι
1994 5175 2035 5229 Ε

2191 5181 2318 5247 υμῖν.
2369 5174 2766 5244 Ἀντιστρέφων
2792 5172 2848 5224 δὲ
2878 5172 2940 5224 τὸ
2969 5171 3212 5222 τοιοῦτον
3265 5170 3494 5238 σημεῖον
3525 5171 3608 5233 εἰς
3654 5187 3751 5222 σα-

469 5257 520 5311 si
551 5258 756 5312 scimus
781 5259 924 5328 quod
967 5260 1116 5315 audit
1159 5277 1260 5315 nos
1300 5264 1354 5316 in
1391 5265 1537 5317 omni
1569 5281 1634 5319 eo
1663 5267 1808 5335 quod
1847 5266 2029 5336 petieri

2212 5271 2429 5338 έστερον
2447 5268 2735 5336 γνώρισμα
2757 5264 2919 5334 φησί·
2957 5281 2974 5313 ι
3006 5263 3113 5314 Καὶ
3142 5260 3234 5314 ἐὰν
3259 5261 3486 5331 οἴδαμεν
3503 5262 3586 5314 ὅτι
3605 5263 3769 5339 εἰσαης

468 5361 613 5414 ‘mus,
648 5354 852 5407 scimus
888 5354 1032 5422 quod
1069 5355 1339 5410 habemus
1382 5359 1672 5426 petitiones
1704 5376 1838 5429 quas
1873 5369 2028 5429 postu

2206 5365 2317 5416 ούει
2378 5362 2537 5433 ἡμῶν
2586 5364 2667 5424 εἰς
2707 5361 2816 5412 πᾶν
2868 5358 2897 5411 δ
2933 5359 3000 5411 ἂν
3031 5355 3332 5426 αἰτώμεθα,
3383 5355 3608 5424 οἴδαμεν
3668 5347 3766 5410 ὅτι

470 5439 704 5499 lavimus
729 5446 797 5501 ab
821 5462 920 5500 eo:
948 5466 964 5497 ι
992 5448 1094 5501 tale
1112 5449 1387 5519 quippiam
1405 5450 1592 5505 dicens
1623 5468 1637 5505 :
1668 5451 1724 5504 Si
1753 5452 2030 5505 sccundun

2185 5455 2366 5526 ἔχομεν
2395 5455 2460 5506 τά
2491 5453 2771 5523 αἰτήματα
2800 5450 2835 5504 ἃ
2871 5451 3156 5520 ᾐτήκαμεν
3183 5447 3365 5513 αὑτὸν,
3393 5465 3415 5498 ι
3455 5447 3670 5500 τοιοῦτό
3696 5463 3745 5498 τι

470 5540 806 5594 voluntatem
837 5541 956 5610 ejus
979 5543 1240 5610 petimus,
1274 5544 1426 5598 audit
1447 5560 1548 5601 nos
1576 5558 1590 5594 :
1623 5555 1679 5598 et
1707 5543 1750 5598 si
1782 5546 1932 5598 audit
1956 5563 2026 5598 no

2184 5549 2338 5610 ,éyuw
2366 5561 2379 5574 '
2419 5546 2479 5598 Εί
2507 5544 2646 5597 κατὰ
2683 5543 2742 5596 τὺ
2772 5542 2983 5611 θέλημα
3014 5539 3177 5593 αὑτοῦ
3211 5539 3535 5608 αἰτούμεθα,
3561 5539 3744 5594 ἀκούει

471 5627 523 5682 in
556 5631 704 5685 omni
739 5646 805 5684 eo
835 5633 979 5702 quod
1012 5637 1276 5705 petimus,
1327 5639 1532 5693 scimus
1563 5638 1706 5706 quod
1749 5639 2031 5692 secundun

2184 5639 2346 5710 ἡμῶν.
2379 5639 2489 5691 Καὶ
2515 5639 2562 5688 εἰ
2585 5637 2774 5690 ἀκούει
2804 5635 2964 5706 ἡμῶν
2998 5636 3078 5699 εἰς
3110 5635 3138 5687 ὃ
3169 5634 3234 5688 ἂν
3267 5632 3575 5702 αίτώμεῡα,
3607 5633 3744 5687 οῖδα·

557 5810 594 5838 ⁸⁸
635 5808 790 5864 Joan.
819 5826 859 5876 ι,
886 5813 940 5869 4.
1021 5820 1063 5849 ¹¹
1108 5819 1266 5872 Rom.
1293 5838 1363 5882 γι,
1404 5822 1458 5873 5.
1540 5821 1581 5850 ¹³
1617 5821 1773 5872 Rom.
1807 5837 1878 5884 γι,
1906 5820 1958 5872 4.
2040 5820 2080 5852 ’⁸

1540 5821 1581 5850 ¹³
1617 5821 1773 5872 Rom.
1807 5837 1878 5884 γι,
1906 5820 1958 5872 4.
2040 5820 2080 5852 ’⁸
2120 5818 2288 5872 Matth
2361 5833 2457 5882 \‘ll,
2513 5818 2564 5869 li.
2650 5817 2692 5845 "
2718 5815 2833 5869 Jac.
2869 5831 2942 5879 tv,
2978 5817 3031 5868 5.
