  <div class='ocr_page' id='page_1' title='image "/cluster/home/n/w/nwhite01/storage/ocr_20150623/119/hvd.32044019208156/351.png"; bbox 0 0 3950 6566; ppageno 0'>
   <div class='ocr_carea' id='block_1_1' title="bbox 428 349 532 412">
    <p class='ocr_par' dir='ltr' id='par_1_1' title="bbox 428 349 532 412">
     <span class='ocr_line' id='line_1_1' title="bbox 428 349 532 412; baseline 0 0"><span class='ocrx_word' id='word_1_1' title='bbox 428 349 532 412; x_wconf 77' lang='lat'><strong>687</strong></span> 
     </span>
    </p>
   </div>
   <div class='ocr_carea' id='block_1_2' title="bbox 1480 343 2573 410">
    <p class='ocr_par' dir='ltr' id='par_1_2' title="bbox 1480 343 2573 410">
     <span class='ocr_line' id='line_1_2' title="bbox 1480 343 2573 410; baseline -0.001 0"><span class='ocrx_word' id='word_1_2' title='bbox 1480 346 1883 410; x_wconf 75' lang='lat' dir='ltr'><strong>(ECUMENU</strong></span> <span class='ocrx_word' id='word_1_3' title='bbox 1915 343 2206 405; x_wconf 79' lang='lat' dir='ltr'><strong>TRICC/E</strong></span> <span class='ocrx_word' id='word_1_4' title='bbox 2231 344 2573 409; x_wconf 81' lang='lat' dir='ltr'><strong>EI’lSCOPI</strong></span> 
     </span>
    </p>
   </div>
   <div class='ocr_carea' id='block_1_3' title="bbox 3579 348 3690 412">
    <p class='ocr_par' dir='ltr' id='par_1_3' title="bbox 3579 348 3690 412">
     <span class='ocr_line' id='line_1_3' title="bbox 3579 348 3690 412; baseline 0 0"><span class='ocrx_word' id='word_1_5' title='bbox 3579 348 3690 412; x_wconf 59' lang='lat'><strong>628</strong></span> 
     </span>
    </p>
   </div>
   <div class='ocr_carea' id='block_1_4' title="bbox 429 456 1998 534">
    <p class='ocr_par' dir='ltr' id='par_1_4' title="bbox 429 458 1998 523">
     <span class='ocr_line' id='line_1_4' title="bbox 429 458 1998 523; baseline -0.008 -1"><span class='ocrx_word' id='word_1_6' title='bbox 429 469 672 523; x_wconf 76' lang='lat' dir='ltr'><strong>scribere</strong></span> <span class='ocrx_word' id='word_1_7' title='bbox 703 461 994 520; x_wconf 81' lang='lat' dir='ltr'><strong>duodecim</strong></span> <span class='ocrx_word' id='word_1_8' title='bbox 1050 461 1307 517; x_wconf 84' lang='lat' dir='ltr'><strong>tribubus</strong></span> <span class='ocrx_word' id='word_1_9' title='bbox 1362 458 1675 516; x_wconf 73' lang='lat' dir='ltr'><strong>Judmorum</strong></span> <span class='ocrx_word' id='word_1_10' title='bbox 1714 458 1850 515; x_wconf 84' lang='lat' dir='ltr'><strong>:sed</strong></span> <span class='ocrx_word' id='word_1_11' title='bbox 1883 458 1998 511; x_wconf 83' lang='lat' dir='ltr'><strong>uni-</strong></span> 
     </span>
    </p>
   </div>
   <div class='ocr_carea' id='block_1_5' title="bbox 2100 456 3685 534">
    <p class='ocr_par' dir='ltr' id='par_1_5' title="bbox 2109 456 3685 534">
     <span class='ocr_line' id='line_1_5' title="bbox 2109 456 3685 534; baseline 0.005 -25"><span class='ocrx_word' id='word_1_12' title='bbox 2109 456 2242 512; x_wconf 78' lang='grc' dir='ltr'>δεκα</span> <span class='ocrx_word' id='word_1_13' title='bbox 2286 459 2483 528; x_wconf 79' lang='grc' dir='ltr'>φυλαῖς</span> <span class='ocrx_word' id='word_1_14' title='bbox 2517 460 2627 514; x_wconf 84' lang='grc' dir='ltr'><strong>τῶν</strong></span> <span class='ocrx_word' id='word_1_15' title='bbox 2672 460 2945 516; x_wconf 76' lang='grc' dir='ltr'><strong>Ἰουδαίων</strong></span> <span class='ocrx_word' id='word_1_16' title='bbox 2998 461 3396 534; x_wconf 64' lang='grc' dir='ltr'><strong>ἀφοριζόμενος</strong></span> <span class='ocrx_word' id='word_1_17' title='bbox 3418 463 3685 533; x_wconf 56' lang='grc' dir='ltr'>γράξειν,</span> 
     </span>
    </p>
   </div>
   <div class='ocr_carea' id='block_1_6' title="bbox 427 550 2007 611">
    <p class='ocr_par' dir='ltr' id='par_1_6' title="bbox 427 550 2007 611">
     <span class='ocr_line' id='line_1_6' title="bbox 427 550 2007 611; baseline -0.004 -1"><span class='ocrx_word' id='word_1_18' title='bbox 427 554 603 611; x_wconf 75' lang='lat' dir='ltr'><strong>versis</strong></span> <span class='ocrx_word' id='word_1_19' title='bbox 624 555 989 609; x_wconf 90' lang='lat' dir='ltr'><strong>communiter</strong></span> <span class='ocrx_word' id='word_1_20' title='bbox 1006 550 1255 607; x_wconf 79' lang='lat' dir='ltr'><strong>fidelibus</strong></span> <span class='ocrx_word' id='word_1_21' title='bbox 1284 565 1589 605; x_wconf 83' lang='lat' dir='ltr'><strong>sermonem</strong></span> <span class='ocrx_word' id='word_1_22' title='bbox 1628 550 1853 610; x_wconf 77' lang='lat' dir='ltr'><strong>faciens.</strong></span> <span class='ocrx_word' id='word_1_23' title='bbox 1890 550 2007 604; x_wconf 83' lang='lat' dir='ltr'><strong>sive</strong></span> 
     </span>
    </p>
   </div>
   <div class='ocr_carea' id='block_1_7' title="bbox 431 639 2009 717">
    <p class='ocr_par' dir='ltr' id='par_1_7' title="bbox 431 639 2009 717">
     <span class='ocr_line' id='line_1_7' title="bbox 431 639 2009 717; baseline -0.006 -17"><span class='ocrx_word' id='word_1_24' title='bbox 431 643 780 717; x_wconf 72' lang='lat' dir='ltr'><strong>congregatis</strong></span> <span class='ocrx_word' id='word_1_25' title='bbox 812 649 929 699; x_wconf 85' lang='lat' dir='ltr'><strong>sive</strong></span> <span class='ocrx_word' id='word_1_26' title='bbox 954 657 1062 697; x_wconf 89' lang='lat' dir='ltr'><strong>non</strong></span> <span class='ocrx_word' id='word_1_27' title='bbox 1092 641 1458 713; x_wconf 74' lang='lat' dir='ltr'><strong>congregatis,</strong></span> <span class='ocrx_word' id='word_1_28' title='bbox 1487 639 1715 696; x_wconf 86' lang='lat' dir='ltr'><strong>formam</strong></span> <span class='ocrx_word' id='word_1_29' title='bbox 1758 642 2009 710; x_wconf 65' lang='lat' dir='ltr'><strong>praescri-</strong></span> 
     </span>
    </p>
   </div>
   <div class='ocr_carea' id='block_1_8' title="bbox 428 733 2008 812">
    <p class='ocr_par' dir='ltr' id='par_1_8' title="bbox 428 733 2008 812">
     <span class='ocr_line' id='line_1_8' title="bbox 428 733 2008 812; baseline -0.003 -16"><span class='ocrx_word' id='word_1_30' title='bbox 428 740 638 812; x_wconf 86' lang='lat' dir='ltr'><strong>ptionis</strong></span> <span class='ocrx_word' id='word_1_31' title='bbox 694 737 1060 812; x_wconf 68' lang='lat' dir='ltr'><strong>praetermisit.</strong></span> <span class='ocrx_word' id='word_1_32' title='bbox 1119 733 1500 808; x_wconf 76' lang='lat' dir='ltr'><strong>Presbyterum</strong></span> <span class='ocrx_word' id='word_1_33' title='bbox 1577 744 1758 791; x_wconf 90' lang='lat' dir='ltr'><strong>autem</strong></span> <span class='ocrx_word' id='word_1_34' title='bbox 1813 737 2008 791; x_wconf 73' lang='lat' dir='ltr'><strong>scribit</strong></span> 
     </span>
    </p>
   </div>
   <div class='ocr_carea' id='block_1_9' title="bbox 426 825 2005 904">
    <p class='ocr_par' dir='ltr' id='par_1_9' title="bbox 426 825 2005 904">
     <span class='ocr_line' id='line_1_9' title="bbox 426 825 2005 904; baseline -0.006 -14"><span class='ocrx_word' id='word_1_35' title='bbox 426 833 519 891; x_wconf 84' lang='lat' dir='ltr'><strong>hic</strong></span> <span class='ocrx_word' id='word_1_36' title='bbox 548 835 816 904; x_wconf 88' lang='lat' dir='ltr'><strong>seipsum,</strong></span> <span class='ocrx_word' id='word_1_37' title='bbox 858 841 910 887; x_wconf 92' lang='lat' dir='ltr'><strong>et</strong></span> <span class='ocrx_word' id='word_1_38' title='bbox 948 846 1056 887; x_wconf 92' lang='lat' dir='ltr'><strong>non</strong></span> <span class='ocrx_word' id='word_1_39' title='bbox 1100 831 1403 900; x_wconf 85' lang='lat' dir='ltr'><strong>apostolum</strong></span> <span class='ocrx_word' id='word_1_40' title='bbox 1432 843 1607 900; x_wconf 87' lang='lat' dir='ltr'><strong>neque</strong></span> <span class='ocrx_word' id='word_1_41' title='bbox 1637 844 1853 885; x_wconf 83' lang='lat' dir='ltr'><strong>servum</strong></span> <span class='ocrx_word' id='word_1_42' title='bbox 1876 825 2005 883; x_wconf 83' lang='lat' dir='ltr'><strong>Jesn</strong></span> 
     </span>
    </p>
   </div>
   <div class='ocr_carea' id='block_1_10' title="bbox 427 921 2004 997">
    <p class='ocr_par' dir='ltr' id='par_1_10' title="bbox 427 921 2004 997">
     <span class='ocr_line' id='line_1_10' title="bbox 427 921 2004 997; baseline -0.004 -15"><span class='ocrx_word' id='word_1_43' title='bbox 427 926 658 987; x_wconf 89' lang='lat' dir='ltr'><strong>Christi.</strong></span> <span class='ocrx_word' id='word_1_44' title='bbox 694 923 1156 997; x_wconf 85' lang='lat' dir='ltr'><strong>quemadmodum</strong></span> <span class='ocrx_word' id='word_1_45' title='bbox 1178 924 1373 993; x_wconf 80' lang='lat' dir='ltr'><strong>reliqui</strong></span> <span class='ocrx_word' id='word_1_46' title='bbox 1439 922 1694 991; x_wconf 86' lang='lat' dir='ltr'><strong>apostoli.</strong></span> <span class='ocrx_word' id='word_1_47' title='bbox 1725 921 2004 993; x_wconf 81' lang='lat' dir='ltr'><strong>Siquidem</strong></span> 
     </span>
    </p>
   </div>
   <div class='ocr_carea' id='block_1_11' title="bbox 436 1012 2003 1088">
    <p class='ocr_par' dir='ltr' id='par_1_11' title="bbox 436 1012 2003 1088">
     <span class='ocr_line' id='line_1_11' title="bbox 436 1012 2003 1088; baseline -0.001 -21"><span class='ocrx_word' id='word_1_48' title='bbox 436 1018 746 1088; x_wconf 72' lang='lat' dir='ltr'><strong>apostolum</strong></span> <span class='ocrx_word' id='word_1_49' title='bbox 804 1030 911 1070; x_wconf 85' lang='lat' dir='ltr'><strong>non</strong></span> <span class='ocrx_word' id='word_1_50' title='bbox 968 1013 1162 1069; x_wconf 82' lang='lat' dir='ltr'><strong>scribit</strong></span> <span class='ocrx_word' id='word_1_51' title='bbox 1218 1028 1297 1077; x_wconf 90' lang='lat' dir='ltr'><strong>se,</strong></span> <span class='ocrx_word' id='word_1_52' title='bbox 1335 1028 1399 1067; x_wconf 86' lang='lat' dir='ltr'><strong>eo</strong></span> <span class='ocrx_word' id='word_1_53' title='bbox 1437 1012 1687 1067; x_wconf 85' lang='lat' dir='ltr'><strong>fortassis</strong></span> <span class='ocrx_word' id='word_1_54' title='bbox 1713 1014 1853 1082; x_wconf 89' lang='lat' dir='ltr'><strong>quod</strong></span> <span class='ocrx_word' id='word_1_55' title='bbox 1897 1029 2003 1068; x_wconf 90' lang='lat' dir='ltr'><strong>non</strong></span> 
     </span>
    </p>
   </div>
   <div class='ocr_carea' id='block_1_12' title="bbox 428 1103 2005 1179">
    <p class='ocr_par' dir='ltr' id='par_1_12' title="bbox 428 1103 2005 1179">
     <span class='ocr_line' id='line_1_12' title="bbox 428 1103 2005 1179; baseline -0.003 -17"><span class='ocrx_word' id='word_1_56' title='bbox 428 1110 644 1179; x_wconf 82' lang='lat' dir='ltr'><strong>primus</strong></span> <span class='ocrx_word' id='word_1_57' title='bbox 677 1108 729 1162; x_wconf 92' lang='lat' dir='ltr'><strong>in</strong></span> <span class='ocrx_word' id='word_1_58' title='bbox 755 1106 884 1161; x_wconf 75' lang='lat' dir='ltr'><strong>Asia</strong></span> <span class='ocrx_word' id='word_1_59' title='bbox 943 1106 1293 1173; x_wconf 61' lang='lat' dir='ltr'><strong>praedicasset</strong></span> <span class='ocrx_word' id='word_1_60' title='bbox 1319 1103 1696 1175; x_wconf 80' lang='lat' dir='ltr'><strong>Evangelium,</strong></span> <span class='ocrx_word' id='word_1_61' title='bbox 1745 1106 1838 1161; x_wconf 81' lang='lat' dir='ltr'><strong>Sed</strong></span> <span class='ocrx_word' id='word_1_62' title='bbox 1884 1113 2005 1175; x_wconf 84' lang='lat' dir='ltr'><strong>post</strong></span> 
     </span>
    </p>
   </div>
   <div class='ocr_carea' id='block_1_13' title="bbox 424 1194 2003 1267">
    <p class='ocr_par' dir='ltr' id='par_1_13' title="bbox 424 1194 2003 1267">
     <span class='ocr_line' id='line_1_13' title="bbox 424 1194 2003 1267; baseline -0.002 -13"><span class='ocrx_word' id='word_1_63' title='bbox 424 1197 657 1254; x_wconf 85' lang='lat' dir='ltr'><strong>Paulum</strong></span> <span class='ocrx_word' id='word_1_64' title='bbox 684 1218 697 1253; x_wconf 85' lang='lat'><strong>:</strong></span> <span class='ocrx_word' id='word_1_65' title='bbox 727 1194 902 1267; x_wconf 85' lang='lat' dir='ltr'><strong>neque</strong></span> <span class='ocrx_word' id='word_1_66' title='bbox 942 1196 996 1250; x_wconf 88' lang='lat' dir='ltr'><strong>in</strong></span> <span class='ocrx_word' id='word_1_67' title='bbox 1025 1198 1285 1261; x_wconf 82' lang='lat' dir='ltr'><strong>transitu,</strong></span> <span class='ocrx_word' id='word_1_68' title='bbox 1332 1198 1475 1253; x_wconf 87' lang='lat' dir='ltr'><strong>sicut</strong></span> <span class='ocrx_word' id='word_1_69' title='bbox 1518 1196 1627 1263; x_wconf 87' lang='lat' dir='ltr'><strong>ille,</strong></span> <span class='ocrx_word' id='word_1_70' title='bbox 1660 1197 1749 1263; x_wconf 88' lang='lat' dir='ltr'><strong>qtti</strong></span> <span class='ocrx_word' id='word_1_71' title='bbox 1776 1212 2003 1267; x_wconf 64' lang='lat' dir='ltr'><strong>percur~</strong></span> 
     </span>
    </p>
   </div>
   <div class='ocr_carea' id='block_1_14' title="bbox 424 1288 2004 1361">
    <p class='ocr_par' dir='ltr' id='par_1_14' title="bbox 424 1288 2004 1361">
     <span class='ocr_line' id='line_1_14' title="bbox 424 1288 2004 1361; baseline -0.004 -12"><span class='ocrx_word' id='word_1_72' title='bbox 424 1294 581 1349; x_wconf 84' lang='lat' dir='ltr'><strong>rehat</strong></span> <span class='ocrx_word' id='word_1_73' title='bbox 602 1290 877 1361; x_wconf 76' lang='lat' dir='ltr'><strong>Evangelii</strong></span> <span class='ocrx_word' id='word_1_74' title='bbox 906 1290 1193 1344; x_wconf 89' lang='lat' dir='ltr'><strong>circuitum</strong></span> <span class='ocrx_word' id='word_1_75' title='bbox 1225 1308 1238 1343; x_wconf 93' lang='lat'>:</span> <span class='ocrx_word' id='word_1_76' title='bbox 1270 1288 1366 1344; x_wconf 84' lang='lat' dir='ltr'><strong>sed</strong></span> <span class='ocrx_word' id='word_1_77' title='bbox 1392 1303 1615 1344; x_wconf 85' lang='lat' dir='ltr'><strong>manens</strong></span> <span class='ocrx_word' id='word_1_78' title='bbox 1649 1288 1743 1348; x_wconf 73' lang='lat' dir='ltr'><strong>&quot;li,</strong></span> <span class='ocrx_word' id='word_1_79' title='bbox 1780 1300 1831 1342; x_wconf 90' lang='lat' dir='ltr'><strong>ct</strong></span> <span class='ocrx_word' id='word_1_80' title='bbox 1862 1303 2004 1359; x_wconf 68' lang='lat' dir='ltr'><strong>prae-</strong></span> 
     </span>
    </p>
   </div>
   <div class='ocr_carea' id='block_1_15' title="bbox 423 1379 2006 1454">
    <p class='ocr_par' dir='ltr' id='par_1_15' title="bbox 423 1379 2006 1454">
     <span class='ocr_line' id='line_1_15' title="bbox 423 1379 2006 1454; baseline -0.004 -14"><span class='ocrx_word' id='word_1_81' title='bbox 423 1398 554 1440; x_wconf 88' lang='lat' dir='ltr'><strong>sens</strong></span> <span class='ocrx_word' id='word_1_82' title='bbox 586 1381 952 1454; x_wconf 65' lang='lat' dir='ltr'><strong>praesentibus</strong></span> <span class='ocrx_word' id='word_1_83' title='bbox 979 1380 1291 1449; x_wconf 77' lang='lat' dir='ltr'><strong>exponebat</strong></span> <span class='ocrx_word' id='word_1_84' title='bbox 1325 1394 1660 1435; x_wconf 88' lang='lat' dir='ltr'><strong>sermonem.</strong></span> <span class='ocrx_word' id='word_1_85' title='bbox 1690 1379 1795 1433; x_wconf 88' lang='lat' dir='ltr'><strong>Sed</strong></span> <span class='ocrx_word' id='word_1_86' title='bbox 1826 1393 2006 1449; x_wconf 87' lang='lat' dir='ltr'><strong>neque</strong></span> 
     </span>
    </p>
   </div>
   <div class='ocr_carea' id='block_1_16' title="bbox 427 1469 2000 1540">
    <p class='ocr_par' dir='ltr' id='par_1_16' title="bbox 427 1469 2000 1540">
     <span class='ocr_line' id='line_1_16' title="bbox 427 1469 2000 1540; baseline -0.006 -8"><span class='ocrx_word' id='word_1_87' title='bbox 427 1489 649 1532; x_wconf 70' lang='lat' dir='ltr'><strong>servum</strong></span> <span class='ocrx_word' id='word_1_88' title='bbox 697 1469 827 1528; x_wconf 85' lang='lat' dir='ltr'><strong>Jesu</strong></span> <span class='ocrx_word' id='word_1_89' title='bbox 884 1472 1085 1529; x_wconf 84' lang='lat' dir='ltr'><strong>Christi</strong></span> <span class='ocrx_word' id='word_1_90' title='bbox 1105 1486 1134 1526; x_wconf 75' lang='grc' dir='ltr'><strong>ἐ</strong></span> <span class='ocrx_word' id='word_1_91' title='bbox 1167 1470 1476 1528; x_wconf 85' lang='lat' dir='ltr'><strong>confidebat</strong></span> <span class='ocrx_word' id='word_1_92' title='bbox 1525 1470 1696 1535; x_wconf 90' lang='lat' dir='ltr'><strong>enim,</strong></span> <span class='ocrx_word' id='word_1_93' title='bbox 1731 1484 1797 1525; x_wconf 89' lang='lat' dir='ltr'><strong>eo</strong></span> <span class='ocrx_word' id='word_1_94' title='bbox 1854 1469 2000 1540; x_wconf 89' lang='lat' dir='ltr'><strong>quod</strong></span> 
     </span>
    </p>
   </div>
   <div class='ocr_carea' id='block_1_17' title="bbox 424 1562 1999 1639">
    <p class='ocr_par' dir='ltr' id='par_1_17' title="bbox 424 1562 1999 1639">
     <span class='ocr_line' id='line_1_17' title="bbox 424 1562 1999 1639; baseline -0.004 -18"><span class='ocrx_word' id='word_1_95' title='bbox 424 1567 727 1639; x_wconf 86' lang='lat' dir='ltr'><strong>plurimum</strong></span> <span class='ocrx_word' id='word_1_96' title='bbox 782 1566 1123 1637; x_wconf 80' lang='lat' dir='ltr'><strong>diligeretur,</strong></span> <span class='ocrx_word' id='word_1_97' title='bbox 1155 1579 1214 1620; x_wconf 87' lang='lat' dir='ltr'><strong>se</strong></span> <span class='ocrx_word' id='word_1_98' title='bbox 1248 1572 1401 1619; x_wconf 79' lang='lat' dir='ltr'><strong>extra</strong></span> <span class='ocrx_word' id='word_1_99' title='bbox 1462 1564 1749 1619; x_wconf 77' lang='lat' dir='ltr'><strong>servitutis</strong></span> <span class='ocrx_word' id='word_1_100' title='bbox 1777 1577 1899 1619; x_wconf 87' lang='lat' dir='ltr'><strong>esse</strong></span> <span class='ocrx_word' id='word_1_101' title='bbox 1931 1562 1999 1616; x_wconf 81' lang='lat' dir='ltr'><strong>ti-</strong></span> 
     </span>
    </p>
   </div>
   <div class='ocr_carea' id='block_1_18' title="bbox 424 1653 1998 1725">
    <p class='ocr_par' dir='ltr' id='par_1_18' title="bbox 424 1653 1998 1725">
     <span class='ocr_line' id='line_1_18' title="bbox 424 1653 1998 1725; baseline -0.004 -11"><span class='ocrx_word' id='word_1_102' title='bbox 424 1673 658 1714; x_wconf 82' lang='lat' dir='ltr'><strong>morem.</strong></span> <span class='ocrx_word' id='word_1_103' title='bbox 686 1656 873 1711; x_wconf 76' lang='lat' dir='ltr'><strong>Solum</strong></span> <span class='ocrx_word' id='word_1_104' title='bbox 906 1665 1087 1710; x_wconf 84' lang='lat' dir='ltr'><strong>autem</strong></span> <span class='ocrx_word' id='word_1_105' title='bbox 1120 1653 1289 1710; x_wconf 81' lang='lat' dir='ltr'><strong>voluit</strong></span> <span class='ocrx_word' id='word_1_106' title='bbox 1318 1668 1377 1710; x_wconf 90' lang='lat' dir='ltr'><strong>se</strong></span> <span class='ocrx_word' id='word_1_107' title='bbox 1420 1655 1689 1724; x_wconf 83' lang='lat' dir='ltr'><strong>appellare</strong></span> <span class='ocrx_word' id='word_1_108' title='bbox 1713 1654 1998 1725; x_wconf 54' lang='lat' dir='ltr'><strong>presbytec</strong></span> 
     </span>
    </p>
   </div>
   <div class='ocr_carea' id='block_1_19' title="bbox 423 1745 2001 1817">
    <p class='ocr_par' dir='ltr' id='par_1_19' title="bbox 423 1745 2001 1817">
     <span class='ocr_line' id='line_1_19' title="bbox 423 1745 2001 1817; baseline -0.002 -14"><span class='ocrx_word' id='word_1_109' title='bbox 423 1764 550 1805; x_wconf 83' lang='lat' dir='ltr'><strong>rum</strong></span> <span class='ocrx_word' id='word_1_110' title='bbox 594 1763 610 1802; x_wconf 87' lang='lat'><strong>:</strong></span> <span class='ocrx_word' id='word_1_111' title='bbox 639 1749 755 1805; x_wconf 77' lang='lat' dir='ltr'><strong>sive</strong></span> <span class='ocrx_word' id='word_1_112' title='bbox 785 1747 929 1817; x_wconf 85' lang='lat' dir='ltr'><strong>quod</strong></span> <span class='ocrx_word' id='word_1_113' title='bbox 960 1746 1072 1817; x_wconf 85' lang='lat' dir='ltr'><strong>jam</strong></span> <span class='ocrx_word' id='word_1_114' title='bbox 1097 1747 1281 1802; x_wconf 89' lang='lat' dir='ltr'><strong>senior</strong></span> <span class='ocrx_word' id='word_1_115' title='bbox 1309 1755 1457 1803; x_wconf 84' lang='lat' dir='ltr'><strong>esset</strong></span> <span class='ocrx_word' id='word_1_116' title='bbox 1496 1747 1623 1801; x_wconf 87' lang='lat' dir='ltr'><strong>dum</strong></span> <span class='ocrx_word' id='word_1_117' title='bbox 1656 1745 1756 1801; x_wconf 87' lang='lat' dir='ltr'><strong>has</strong></span> <span class='ocrx_word' id='word_1_118' title='bbox 1785 1745 2001 1800; x_wconf 86' lang='lat' dir='ltr'><strong>scribe-</strong></span> 
     </span>
    </p>
   </div>
   <div class='ocr_carea' id='block_1_20' title="bbox 426 1838 1998 1913">
    <p class='ocr_par' dir='ltr' id='par_1_20' title="bbox 426 1838 1998 1913">
     <span class='ocr_line' id='line_1_20' title="bbox 426 1838 1998 1913; baseline -0.003 -17"><span class='ocrx_word' id='word_1_119' title='bbox 426 1848 515 1896; x_wconf 85' lang='lat' dir='ltr'><strong>ret</strong></span> <span class='ocrx_word' id='word_1_120' title='bbox 551 1846 698 1913; x_wconf 80' lang='lat' dir='ltr'><strong>(nam</strong></span> <span class='ocrx_word' id='word_1_121' title='bbox 732 1839 784 1894; x_wconf 88' lang='lat' dir='ltr'><strong>id</strong></span> <span class='ocrx_word' id='word_1_122' title='bbox 818 1839 1091 1909; x_wconf 77' lang='lat' dir='ltr'><strong>signiﬁcat</strong></span> <span class='ocrx_word' id='word_1_123' title='bbox 1114 1838 1418 1910; x_wconf 86' lang='lat' dir='ltr'><strong>presbyter)</strong></span> <span class='ocrx_word' id='word_1_124' title='bbox 1448 1846 1539 1892; x_wconf 86' lang='lat' dir='ltr'><strong>aut</strong></span> <span class='ocrx_word' id='word_1_125' title='bbox 1580 1838 1741 1893; x_wconf 85' lang='lat' dir='ltr'><strong>etiam</strong></span> <span class='ocrx_word' id='word_1_126' title='bbox 1782 1838 1998 1907; x_wconf 89' lang='lat' dir='ltr'><strong>episeo-</strong></span> 
     </span>
    </p>
   </div>
   <div class='ocr_carea' id='block_1_21' title="bbox 425 1930 1999 2003">
    <p class='ocr_par' dir='ltr' id='par_1_21' title="bbox 425 1930 1999 2003">
     <span class='ocr_line' id='line_1_21' title="bbox 425 1930 1999 2003; baseline -0.003 -14"><span class='ocrx_word' id='word_1_127' title='bbox 425 1948 558 2003; x_wconf 88' lang='lat' dir='ltr'><strong>pum</strong></span> <span class='ocrx_word' id='word_1_128' title='bbox 591 1947 794 1990; x_wconf 77' lang='lat' dir='ltr'><strong>vocans</strong></span> <span class='ocrx_word' id='word_1_129' title='bbox 831 1934 1073 2001; x_wconf 85' lang='lat' dir='ltr'><strong>seipsum</strong></span> <span class='ocrx_word' id='word_1_130' title='bbox 1106 1932 1331 1987; x_wconf 85' lang='lat' dir='ltr'><strong>nomine</strong></span> <span class='ocrx_word' id='word_1_131' title='bbox 1375 1930 1706 2002; x_wconf 85' lang='lat' dir='ltr'><strong>presbyteri,</strong></span> <span class='ocrx_word' id='word_1_132' title='bbox 1738 1944 1865 1985; x_wconf 87' lang='lat' dir='ltr'><strong>cum</strong></span> <span class='ocrx_word' id='word_1_133' title='bbox 1901 1930 1999 1985; x_wconf 89' lang='lat' dir='ltr'><strong>illo</strong></span> 
     </span>
    </p>
   </div>
   <div class='ocr_carea' id='block_1_22' title="bbox 426 2016 1999 2094">
    <p class='ocr_par' dir='ltr' id='par_1_22' title="bbox 426 2016 1999 2094">
     <span class='ocr_line' id='line_1_22' title="bbox 426 2016 1999 2094; baseline -0.004 -13"><span class='ocrx_word' id='word_1_134' title='bbox 426 2035 674 2094; x_wconf 85' lang='lat' dir='ltr'><strong>tempore</strong></span> <span class='ocrx_word' id='word_1_135' title='bbox 696 2040 897 2080; x_wconf 88' lang='lat' dir='ltr'><strong>nomen</strong></span> <span class='ocrx_word' id='word_1_136' title='bbox 930 2022 1234 2094; x_wconf 80' lang='lat' dir='ltr'><strong>presbyteri</strong></span> <span class='ocrx_word' id='word_1_137' title='bbox 1266 2022 1494 2077; x_wconf 82' lang='lat' dir='ltr'><strong>solitum</strong></span> <span class='ocrx_word' id='word_1_138' title='bbox 1535 2029 1681 2077; x_wconf 84' lang='lat' dir='ltr'><strong>esset</strong></span> <span class='ocrx_word' id='word_1_139' title='bbox 1742 2022 1907 2074; x_wconf 85' lang='lat' dir='ltr'><strong>etiam</strong></span> <span class='ocrx_word' id='word_1_140' title='bbox 1932 2016 1999 2075; x_wconf 87' lang='lat' dir='ltr'><strong>de</strong></span> 
     </span>
    </p>
   </div>
   <div class='ocr_carea' id='block_1_23' title="bbox 424 2107 2044 2190">
    <p class='ocr_par' dir='ltr' id='par_1_23' title="bbox 424 2107 2044 2190">
     <span class='ocr_line' id='line_1_23' title="bbox 424 2107 2044 2190; baseline -0.006 -17"><span class='ocrx_word' id='word_1_141' title='bbox 424 2116 700 2190; x_wconf 81' lang='lat' dir='ltr'><strong>episcopis</strong></span> <span class='ocrx_word' id='word_1_142' title='bbox 739 2115 846 2172; x_wconf 89' lang='lat' dir='ltr'><strong>dici</strong></span> <span class='ocrx_word' id='word_1_143' title='bbox 879 2129 896 2171; x_wconf 91' lang='lat'><strong>:</strong></span> <span class='ocrx_word' id='word_1_144' title='bbox 928 2112 1390 2186; x_wconf 78' lang='lat' dir='ltr'><strong>quemadmodum</strong></span> <span class='ocrx_word' id='word_1_145' title='bbox 1441 2122 1497 2168; x_wconf 92' lang='lat' dir='ltr'><strong>et</strong></span> <span class='ocrx_word' id='word_1_146' title='bbox 1534 2128 1598 2167; x_wconf 81' lang='lat' dir='ltr'><strong>ex</strong></span> <span class='ocrx_word' id='word_1_147' title='bbox 1634 2113 1784 2167; x_wconf 76' lang='lat' dir='ltr'><strong>Actis</strong></span> <span class='ocrx_word' id='word_1_148' title='bbox 1821 2115 1998 2166; x_wconf 82' lang='lat' dir='ltr'><strong>mani-</strong></span> <span class='ocrx_word' id='word_1_149' title='bbox 2041 2107 2044 2110; x_wconf 74' lang='grc'><strong>’</strong></span> 
     </span>
    </p>
   </div>
   <div class='ocr_carea' id='block_1_24' title="bbox 422 2202 1998 2279">
    <p class='ocr_par' dir='ltr' id='par_1_24' title="bbox 422 2202 1998 2279">
     <span class='ocr_line' id='line_1_24' title="bbox 422 2202 1998 2279; baseline -0.004 -16"><span class='ocrx_word' id='word_1_150' title='bbox 422 2208 621 2266; x_wconf 82' lang='lat' dir='ltr'><strong>festum</strong></span> <span class='ocrx_word' id='word_1_151' title='bbox 670 2215 757 2263; x_wconf 90' lang='lat' dir='ltr'><strong>est</strong></span> <span class='ocrx_word' id='word_1_152' title='bbox 817 2222 939 2279; x_wconf 75' lang='lat' dir='ltr'><strong>qua:</strong></span> <span class='ocrx_word' id='word_1_153' title='bbox 987 2206 1208 2277; x_wconf 88' lang='lat' dir='ltr'><strong>scripsit</strong></span> <span class='ocrx_word' id='word_1_154' title='bbox 1255 2206 1446 2261; x_wconf 81' lang='lat' dir='ltr'><strong>beatus</strong></span> <span class='ocrx_word' id='word_1_155' title='bbox 1480 2202 1656 2259; x_wconf 86' lang='lat' dir='ltr'><strong>Lucas</strong></span> <span class='ocrx_word' id='word_1_156' title='bbox 1680 2203 1763 2266; x_wconf 80' lang='grc'><strong>⁸⁸.</strong></span> <span class='ocrx_word' id='word_1_157' title='bbox 1826 2211 1881 2257; x_wconf 91' lang='lat' dir='ltr'><strong>et</strong></span> <span class='ocrx_word' id='word_1_158' title='bbox 1931 2218 1998 2258; x_wconf 82' lang='lat' dir='ltr'><strong>ex</strong></span> 
     </span>
    </p>
   </div>
   <div class='ocr_carea' id='block_1_25' title="bbox 421 2296 2000 2374">
    <p class='ocr_par' dir='ltr' id='par_1_25' title="bbox 421 2296 2000 2374">
     <span class='ocr_line' id='line_1_25' title="bbox 421 2296 2000 2374; baseline -0.005 -16"><span class='ocrx_word' id='word_1_159' title='bbox 421 2298 668 2374; x_wconf 81' lang='lat' dir='ltr'><strong>Epistula</strong></span> <span class='ocrx_word' id='word_1_160' title='bbox 696 2300 844 2358; x_wconf 86' lang='lat' dir='ltr'><strong>Petri</strong></span> <span class='ocrx_word' id='word_1_161' title='bbox 864 2302 932 2356; x_wconf 82' lang='grc'><strong>¹⁹.</strong></span> <span class='ocrx_word' id='word_1_162' title='bbox 966 2300 1136 2355; x_wconf 82' lang='lat' dir='ltr'><strong>Porro</strong></span> <span class='ocrx_word' id='word_1_163' title='bbox 1167 2299 1234 2355; x_wconf 84' lang='lat' dir='ltr'><strong>ad</strong></span> <span class='ocrx_word' id='word_1_164' title='bbox 1280 2300 1560 2354; x_wconf 85' lang='lat' dir='ltr'><strong>mulierem</strong></span> <span class='ocrx_word' id='word_1_165' title='bbox 1598 2297 1811 2351; x_wconf 57' lang='lat' dir='ltr'><strong>fidelem</strong></span> <span class='ocrx_word' id='word_1_166' title='bbox 1860 2296 2000 2350; x_wconf 88' lang='lat' dir='ltr'><strong>nihil</strong></span> 
     </span>
    </p>
   </div>
   <div class='ocr_carea' id='block_1_26' title="bbox 423 2385 2001 2462">
    <p class='ocr_par' dir='ltr' id='par_1_26' title="bbox 423 2385 2001 2462">
     <span class='ocr_line' id='line_1_26' title="bbox 423 2385 2001 2462; baseline -0.001 -18"><span class='ocrx_word' id='word_1_167' title='bbox 423 2394 633 2449; x_wconf 66' lang='lat' dir='ltr'><strong>veritus</strong></span> <span class='ocrx_word' id='word_1_168' title='bbox 664 2401 752 2449; x_wconf 87' lang='lat' dir='ltr'><strong>est</strong></span> <span class='ocrx_word' id='word_1_169' title='bbox 801 2392 1044 2450; x_wconf 87' lang='lat' dir='ltr'><strong>scribere</strong></span> <span class='ocrx_word' id='word_1_170' title='bbox 1073 2407 1089 2446; x_wconf 92' lang='lat'><strong>:</strong></span> <span class='ocrx_word' id='word_1_171' title='bbox 1124 2406 1189 2446; x_wconf 90' lang='lat' dir='ltr'><strong>eo</strong></span> <span class='ocrx_word' id='word_1_172' title='bbox 1217 2388 1361 2462; x_wconf 87' lang='lat' dir='ltr'><strong>quod</strong></span> <span class='ocrx_word' id='word_1_173' title='bbox 1412 2390 1466 2445; x_wconf 91' lang='lat' dir='ltr'><strong>in</strong></span> <span class='ocrx_word' id='word_1_174' title='bbox 1491 2389 1714 2445; x_wconf 87' lang='lat' dir='ltr'><strong>Christo</strong></span> <span class='ocrx_word' id='word_1_175' title='bbox 1741 2385 1873 2443; x_wconf 78' lang='lat' dir='ltr'><strong>Jesu</strong></span> <span class='ocrx_word' id='word_1_176' title='bbox 1901 2403 2001 2444; x_wconf 85' lang='lat' dir='ltr'><strong>ne-</strong></span> 
     </span>
    </p>
   </div>
   <div class='ocr_carea' id='block_1_27' title="bbox 424 2480 1997 2555">
    <p class='ocr_par' dir='ltr' id='par_1_27' title="bbox 424 2480 1997 2555">
     <span class='ocr_line' id='line_1_27' title="bbox 424 2480 1997 2555; baseline -0.003 -18"><span class='ocrx_word' id='word_1_177' title='bbox 424 2500 531 2555; x_wconf 86' lang='lat' dir='ltr'><strong>que</strong></span> <span class='ocrx_word' id='word_1_178' title='bbox 552 2484 855 2540; x_wconf 72' lang='lat' dir='ltr'><strong>masculum</strong></span> <span class='ocrx_word' id='word_1_179' title='bbox 897 2484 1111 2539; x_wconf 82' lang='lat' dir='ltr'><strong>noverit</strong></span> <span class='ocrx_word' id='word_1_180' title='bbox 1147 2499 1322 2553; x_wconf 83' lang='lat' dir='ltr'><strong>neque</strong></span> <span class='ocrx_word' id='word_1_181' title='bbox 1382 2482 1660 2537; x_wconf 79' lang='lat' dir='ltr'><strong>feminam.</strong></span> <span class='ocrx_word' id='word_1_182' title='bbox 1693 2480 1775 2536; x_wconf 83' lang='lat' dir='ltr'><strong>Ad</strong></span> <span class='ocrx_word' id='word_1_183' title='bbox 1828 2496 1997 2536; x_wconf 91' lang='lat' dir='ltr'><strong>unum</strong></span> 
     </span>
    </p>
   </div>
   <div class='ocr_carea' id='block_1_28' title="bbox 425 2571 2000 2642">
    <p class='ocr_par' dir='ltr' id='par_1_28' title="bbox 425 2571 2000 2642">
     <span class='ocr_line' id='line_1_28' title="bbox 425 2571 2000 2642; baseline -0.005 -11"><span class='ocrx_word' id='word_1_184' title='bbox 425 2586 608 2632; x_wconf 80' lang='lat' dir='ltr'><strong>autem</strong></span> <span class='ocrx_word' id='word_1_185' title='bbox 643 2577 889 2633; x_wconf 84' lang='lat' dir='ltr'><strong>scribens</strong></span> <span class='ocrx_word' id='word_1_186' title='bbox 920 2574 1139 2639; x_wconf 86' lang='lat' dir='ltr'><strong>Gaium,</strong></span> <span class='ocrx_word' id='word_1_187' title='bbox 1195 2575 1358 2629; x_wconf 84' lang='lat' dir='ltr'><strong>habet</strong></span> <span class='ocrx_word' id='word_1_188' title='bbox 1384 2574 1613 2629; x_wconf 81' lang='lat' dir='ltr'><strong>Paulum</strong></span> <span class='ocrx_word' id='word_1_189' title='bbox 1639 2574 1733 2642; x_wconf 92' lang='lat' dir='ltr'><strong>qni</strong></span> <span class='ocrx_word' id='word_1_190' title='bbox 1762 2581 1820 2626; x_wconf 90' lang='lat' dir='ltr'><strong>et</strong></span> <span class='ocrx_word' id='word_1_191' title='bbox 1875 2571 2000 2625; x_wconf 83' lang='lat' dir='ltr'><strong>Tito</strong></span> 
     </span>
    </p>
   </div>
   <div class='ocr_carea' id='block_1_29' title="bbox 424 2660 1996 2736">
    <p class='ocr_par' dir='ltr' id='par_1_29' title="bbox 424 2660 1996 2736">
     <span class='ocr_line' id='line_1_29' title="bbox 424 2660 1996 2736; baseline -0.004 -15"><span class='ocrx_word' id='word_1_192' title='bbox 424 2668 648 2736; x_wconf 77' lang='lat' dir='ltr'><strong>scripsit</strong></span> <span class='ocrx_word' id='word_1_193' title='bbox 675 2674 729 2721; x_wconf 89' lang='lat' dir='ltr'><strong>et</strong></span> <span class='ocrx_word' id='word_1_194' title='bbox 778 2664 1087 2729; x_wconf 86' lang='lat' dir='ltr'><strong>Timotheo,</strong></span> <span class='ocrx_word' id='word_1_195' title='bbox 1125 2665 1235 2719; x_wconf 89' lang='lat' dir='ltr'><strong>imo</strong></span> <span class='ocrx_word' id='word_1_196' title='bbox 1262 2663 1425 2719; x_wconf 87' lang='lat' dir='ltr'><strong>etiam</strong></span> <span class='ocrx_word' id='word_1_197' title='bbox 1461 2663 1761 2718; x_wconf 79' lang='lat' dir='ltr'><strong>Philemoni</strong></span> <span class='ocrx_word' id='word_1_198' title='bbox 1796 2660 1996 2715; x_wconf 67' lang='lat' dir='ltr'><strong>idiotm.</strong></span> 
     </span>
    </p>
   </div>
   <div class='ocr_carea' id='block_1_30' title="bbox 424 2750 1999 2827">
    <p class='ocr_par' dir='ltr' id='par_1_30' title="bbox 424 2750 1999 2827">
     <span class='ocr_line' id='line_1_30' title="bbox 424 2750 1999 2827; baseline -0.003 -18"><span class='ocrx_word' id='word_1_199' title='bbox 424 2757 492 2812; x_wconf 72' lang='lat' dir='ltr'><strong>lit</strong></span> <span class='ocrx_word' id='word_1_200' title='bbox 543 2758 660 2813; x_wconf 66' lang='lat' dir='ltr'><strong>haec</strong></span> <span class='ocrx_word' id='word_1_201' title='bbox 690 2756 911 2823; x_wconf 85' lang='lat' dir='ltr'><strong>quidem</strong></span> <span class='ocrx_word' id='word_1_202' title='bbox 962 2757 1029 2810; x_wconf 87' lang='lat' dir='ltr'><strong>de</strong></span> <span class='ocrx_word' id='word_1_203' title='bbox 1066 2755 1502 2827; x_wconf 64' lang='lat' dir='ltr'><strong>parseriptione.</strong></span> <span class='ocrx_word' id='word_1_204' title='bbox 1544 2750 1870 2808; x_wconf 81' lang='lat' dir='ltr'><strong>OSIenditur</strong></span> <span class='ocrx_word' id='word_1_205' title='bbox 1899 2768 1999 2805; x_wconf 84' lang='lat' dir='ltr'><strong>au-</strong></span> 
     </span>
    </p>
   </div>
   <div class='ocr_carea' id='block_1_31' title="bbox 425 2846 1997 2918">
    <p class='ocr_par' dir='ltr' id='par_1_31' title="bbox 425 2846 1997 2918">
     <span class='ocr_line' id='line_1_31' title="bbox 425 2846 1997 2918; baseline -0.004 -14"><span class='ocrx_word' id='word_1_206' title='bbox 425 2859 533 2905; x_wconf 90' lang='lat' dir='ltr'><strong>tem</strong></span> <span class='ocrx_word' id='word_1_207' title='bbox 563 2856 619 2905; x_wconf 88' lang='lat' dir='ltr'><strong>et</strong></span> <span class='ocrx_word' id='word_1_208' title='bbox 646 2864 675 2903; x_wconf 87' lang='lat' dir='ltr'><strong>a</strong></span> <span class='ocrx_word' id='word_1_209' title='bbox 708 2849 1127 2904; x_wconf 80' lang='lat' dir='ltr'><strong>denuntiatione</strong></span> <span class='ocrx_word' id='word_1_210' title='bbox 1159 2863 1224 2903; x_wconf 83' lang='lat' dir='ltr'><strong>ac</strong></span> <span class='ocrx_word' id='word_1_211' title='bbox 1264 2846 1633 2918; x_wconf 84' lang='lat' dir='ltr'><strong>promissione</strong></span> <span class='ocrx_word' id='word_1_212' title='bbox 1653 2855 1710 2902; x_wconf 90' lang='lat' dir='ltr'><strong>et</strong></span> <span class='ocrx_word' id='word_1_213' title='bbox 1737 2846 1997 2913; x_wconf 80' lang='lat' dir='ltr'><strong>areliqua</strong></span> 
     </span>
    </p>
   </div>
   <div class='ocr_carea' id='block_1_32' title="bbox 2110 548 3690 626">
    <p class='ocr_par' dir='ltr' id='par_1_32' title="bbox 2110 548 3690 626">
     <span class='ocr_line' id='line_1_32' title="bbox 2110 548 3690 626; baseline 0.005 -21"><span class='ocrx_word' id='word_1_214' title='bbox 2110 551 2247 605; x_wconf 83' lang='grc' dir='ltr'>ἀλλὰ</span> <span class='ocrx_word' id='word_1_215' title='bbox 2274 553 2409 607; x_wconf 86' lang='grc' dir='ltr'>πᾶσι</span> <span class='ocrx_word' id='word_1_216' title='bbox 2434 556 2646 618; x_wconf 76' lang='grc' dir='ltr'><strong>πιστοῖς</strong></span> <span class='ocrx_word' id='word_1_217' title='bbox 2688 552 2864 608; x_wconf 67' lang='grc' dir='ltr'>κοινὸν</span> <span class='ocrx_word' id='word_1_218' title='bbox 2911 548 3232 626; x_wconf 81' lang='grc' dir='ltr'>ποιούμενος</span> <span class='ocrx_word' id='word_1_219' title='bbox 3266 553 3362 610; x_wconf 79' lang='grc' dir='ltr'>τὸν</span> <span class='ocrx_word' id='word_1_220' title='bbox 3385 554 3568 625; x_wconf 79' lang='grc' dir='ltr'>λόγον,</span> <span class='ocrx_word' id='word_1_221' title='bbox 3593 558 3690 613; x_wconf 70' lang='lat' dir='ltr'><strong>ht-</strong></span> 
     </span>
    </p>
   </div>
   <div class='ocr_carea' id='block_1_33' title="bbox 2110 637 3689 717">
    <p class='ocr_par' dir='ltr' id='par_1_33' title="bbox 2110 637 3689 717">
     <span class='ocr_line' id='line_1_33' title="bbox 2110 637 3689 717; baseline 0.006 -27"><span class='ocrx_word' id='word_1_222' title='bbox 2110 637 2466 709; x_wconf 74' lang='grc' dir='ltr'>κλησιάζουσι</span> <span class='ocrx_word' id='word_1_223' title='bbox 2489 642 2583 694; x_wconf 71' lang='grc' dir='ltr'>καὶ</span> <span class='ocrx_word' id='word_1_224' title='bbox 2618 640 2693 712; x_wconf 82' lang='grc' dir='ltr'>μὴ</span> <span class='ocrx_word' id='word_1_225' title='bbox 2720 642 3164 711; x_wconf 72' lang='grc' dir='ltr'><strong>ἐκκλησιάζουσι,</strong></span> <span class='ocrx_word' id='word_1_226' title='bbox 3201 644 3290 697; x_wconf 77' lang='grc' dir='ltr'>τὸν</span> <span class='ocrx_word' id='word_1_227' title='bbox 3319 648 3418 713; x_wconf 81' lang='grc' dir='ltr'>τῆς</span> <span class='ocrx_word' id='word_1_228' title='bbox 3444 662 3689 717; x_wconf 80' lang='grc' dir='ltr'>προγραο</span> 
     </span>
    </p>
   </div>
   <div class='ocr_carea' id='block_1_34' title="bbox 2110 729 3690 807">
    <p class='ocr_par' dir='ltr' id='par_1_34' title="bbox 2110 729 3690 807">
     <span class='ocr_line' id='line_1_34' title="bbox 2110 729 3690 807; baseline 0.006 -27"><span class='ocrx_word' id='word_1_229' title='bbox 2110 731 2185 798; x_wconf 66' lang='grc' dir='ltr'><strong>φῖ</strong></span> <span class='ocrx_word' id='word_1_230' title='bbox 2195 746 2220 793; x_wconf 92' lang='grc' dir='ltr'><strong>ς</strong></span> <span class='ocrx_word' id='word_1_231' title='bbox 2242 729 2512 801; x_wconf 78' lang='grc' dir='ltr'>παρέλιπε</span> <span class='ocrx_word' id='word_1_232' title='bbox 2539 730 2727 787; x_wconf 74' lang='grc' dir='ltr'>τύπον.</span> <span class='ocrx_word' id='word_1_233' title='bbox 2771 732 3155 806; x_wconf 75' lang='grc' dir='ltr'>Πρεσϐύτερον</span> <span class='ocrx_word' id='word_1_234' title='bbox 3180 734 3238 789; x_wconf 82' lang='grc' dir='ltr'><strong>δὲ</strong></span> <span class='ocrx_word' id='word_1_235' title='bbox 3271 735 3463 789; x_wconf 75' lang='grc' dir='ltr'>ἑαυτὸν</span> <span class='ocrx_word' id='word_1_236' title='bbox 3486 738 3690 807; x_wconf 73' lang='grc' dir='ltr'>γράφει</span> 
     </span>
    </p>
   </div>
   <div class='ocr_carea' id='block_1_35' title="bbox 2111 819 3688 898">
    <p class='ocr_par' dir='ltr' id='par_1_35' title="bbox 2111 819 3688 898">
     <span class='ocr_line' id='line_1_35' title="bbox 2111 819 3688 898; baseline 0.007 -26"><span class='ocrx_word' id='word_1_237' title='bbox 2111 819 2342 873; x_wconf 69' lang='grc' dir='ltr'>ἐνταῦθα</span> <span class='ocrx_word' id='word_1_238' title='bbox 2412 825 2507 876; x_wconf 78' lang='grc' dir='ltr'><strong>καὶ</strong></span> <span class='ocrx_word' id='word_1_239' title='bbox 2576 823 2677 876; x_wconf 78' lang='grc' dir='ltr'>οὐκ</span> <span class='ocrx_word' id='word_1_240' title='bbox 2731 822 3052 891; x_wconf 81' lang='grc' dir='ltr'><strong>ἀπόστολον,</strong></span> <span class='ocrx_word' id='word_1_241' title='bbox 3100 827 3222 880; x_wconf 79' lang='grc' dir='ltr'>οὐδὲ</span> <span class='ocrx_word' id='word_1_242' title='bbox 3280 828 3466 881; x_wconf 87' lang='grc' dir='ltr'>δοῦλον</span> <span class='ocrx_word' id='word_1_243' title='bbox 3513 827 3688 898; x_wconf 87' lang='grc' dir='ltr'>Ἰησοῦ</span> 
     </span>
    </p>
   </div>
   <div class='ocr_carea' id='block_1_36' title="bbox 2107 909 3687 987">
    <p class='ocr_par' dir='ltr' id='par_1_36' title="bbox 2107 909 3687 987">
     <span class='ocr_line' id='line_1_36' title="bbox 2107 909 3687 987; baseline 0.004 -22"><span class='ocrx_word' id='word_1_244' title='bbox 2107 909 2366 983; x_wconf 80' lang='grc' dir='ltr'>Χριστοῦ,</span> <span class='ocrx_word' id='word_1_245' title='bbox 2404 912 2480 978; x_wconf 84' lang='grc' dir='ltr'>ὡς</span> <span class='ocrx_word' id='word_1_246' title='bbox 2525 915 2576 967; x_wconf 88' lang='grc' dir='ltr'><strong>οἰ</strong></span> <span class='ocrx_word' id='word_1_247' title='bbox 2619 913 2799 969; x_wconf 79' lang='grc' dir='ltr'>λοιποὶ</span> <span class='ocrx_word' id='word_1_248' title='bbox 2870 917 3180 972; x_wconf 74' lang='grc' dir='ltr'><strong>ἀπόστολοι.</strong></span> <span class='ocrx_word' id='word_1_249' title='bbox 3225 919 3550 973; x_wconf 81' lang='grc' dir='ltr'>Ἀπόστολον</span> <span class='ocrx_word' id='word_1_250' title='bbox 3586 920 3687 987; x_wconf 71' lang='grc' dir='ltr'>μὲν</span> 
     </span>
    </p>
   </div>
   <div class='ocr_carea' id='block_1_37' title="bbox 2105 1004 3689 1083">
    <p class='ocr_par' dir='ltr' id='par_1_37' title="bbox 2105 1004 3689 1083">
     <span class='ocr_line' id='line_1_37' title="bbox 2105 1004 3689 1083; baseline 0.006 -27"><span class='ocrx_word' id='word_1_251' title='bbox 2105 1005 2201 1057; x_wconf 71' lang='grc' dir='ltr'>οὖν</span> <span class='ocrx_word' id='word_1_252' title='bbox 2230 1006 2292 1057; x_wconf 74' lang='grc' dir='ltr'>οὐ</span> <span class='ocrx_word' id='word_1_253' title='bbox 2339 1004 2539 1076; x_wconf 60' lang='grc' dir='ltr'>γράφει</span> <span class='ocrx_word' id='word_1_254' title='bbox 2583 1008 2798 1070; x_wconf 69' lang='grc' dir='ltr'>ἑαυτὸν,</span> <span class='ocrx_word' id='word_1_255' title='bbox 2838 1008 2966 1074; x_wconf 81' lang='grc' dir='ltr'>ἴσως</span> <span class='ocrx_word' id='word_1_256' title='bbox 2995 1011 3077 1064; x_wconf 86' lang='grc' dir='ltr'>ὅτι</span> <span class='ocrx_word' id='word_1_257' title='bbox 3119 1009 3194 1082; x_wconf 77' lang='grc' dir='ltr'>μὴ</span> <span class='ocrx_word' id='word_1_258' title='bbox 3236 1012 3451 1081; x_wconf 84' lang='grc' dir='ltr'>πρῶτος</span> <span class='ocrx_word' id='word_1_259' title='bbox 3476 1014 3689 1083; x_wconf 79' lang='grc' dir='ltr'>κατήγ-</span> 
     </span>
    </p>
   </div>
   <div class='ocr_carea' id='block_1_38' title="bbox 2106 1096 3687 1175">
    <p class='ocr_par' dir='ltr' id='par_1_38' title="bbox 2106 1096 3687 1175">
     <span class='ocr_line' id='line_1_38' title="bbox 2106 1096 3687 1175; baseline 0.006 -27"><span class='ocrx_word' id='word_1_260' title='bbox 2106 1096 2285 1164; x_wconf 87' lang='grc' dir='ltr'>γειλεν</span> <span class='ocrx_word' id='word_1_261' title='bbox 2313 1097 2369 1150; x_wconf 85' lang='grc' dir='ltr'>ὲν</span> <span class='ocrx_word' id='word_1_262' title='bbox 2398 1102 2463 1171; x_wconf 76' lang='grc' dir='ltr'>τῇ</span> <span class='ocrx_word' id='word_1_263' title='bbox 2510 1100 2668 1168; x_wconf 66' lang='grc' dir='ltr'>’Λσίᾳ</span> <span class='ocrx_word' id='word_1_264' title='bbox 2712 1100 2803 1154; x_wconf 80' lang='grc' dir='ltr'>τὸν</span> <span class='ocrx_word' id='word_1_265' title='bbox 2853 1100 3035 1170; x_wconf 85' lang='grc' dir='ltr'>λόγον,</span> <span class='ocrx_word' id='word_1_266' title='bbox 3085 1103 3222 1159; x_wconf 85' lang='grc' dir='ltr'><strong>ἀλλά</strong></span> <span class='ocrx_word' id='word_1_267' title='bbox 3270 1105 3410 1175; x_wconf 78' lang='grc' dir='ltr'><strong>μετά</strong></span> <span class='ocrx_word' id='word_1_268' title='bbox 3451 1102 3687 1171; x_wconf 82' lang='grc' dir='ltr'>Παῦλον,</span> 
     </span>
    </p>
   </div>
   <div class='ocr_carea' id='block_1_39' title="bbox 2108 1190 3689 1265">
    <p class='ocr_par' dir='ltr' id='par_1_39' title="bbox 2108 1190 3689 1265">
     <span class='ocr_line' id='line_1_39' title="bbox 2108 1190 3689 1265; baseline 0.004 -23"><span class='ocrx_word' id='word_1_269' title='bbox 2108 1190 2205 1243; x_wconf 62' lang='grc' dir='ltr'><strong>καὶ</strong></span> <span class='ocrx_word' id='word_1_270' title='bbox 2232 1190 2294 1243; x_wconf 74' lang='grc' dir='ltr'>οὐ</span> <span class='ocrx_word' id='word_1_271' title='bbox 2322 1192 2461 1245; x_wconf 76' lang='grc' dir='ltr'>κατὰ</span> <span class='ocrx_word' id='word_1_272' title='bbox 2502 1191 2734 1263; x_wconf 80' lang='grc' dir='ltr'>πάροδον</span> <span class='ocrx_word' id='word_1_273' title='bbox 2770 1191 2961 1265; x_wconf 81' lang='grc' dir='ltr'>ὥσπερ</span> <span class='ocrx_word' id='word_1_274' title='bbox 2996 1195 3226 1259; x_wconf 79' lang='grc' dir='ltr'>ἐκεῖνος,</span> <span class='ocrx_word' id='word_1_275' title='bbox 3269 1194 3361 1248; x_wconf 70' lang='grc' dir='ltr'><strong>τὸν</strong></span> <span class='ocrx_word' id='word_1_276' title='bbox 3388 1194 3481 1249; x_wconf 88' lang='grc' dir='ltr'><strong>τοῦ</strong></span> <span class='ocrx_word' id='word_1_277' title='bbox 3507 1194 3689 1264; x_wconf 81' lang='grc' dir='ltr'>Εὐαγ-</span> 
     </span>
    </p>
   </div>
   <div class='ocr_carea' id='block_1_40' title="bbox 2105 1280 3689 1357">
    <p class='ocr_par' dir='ltr' id='par_1_40' title="bbox 2105 1280 3689 1357">
     <span class='ocr_line' id='line_1_40' title="bbox 2105 1280 3689 1357; baseline 0.005 -24"><span class='ocrx_word' id='word_1_278' title='bbox 2105 1280 2288 1349; x_wconf 85' lang='grc' dir='ltr'>γελίον</span> <span class='ocrx_word' id='word_1_279' title='bbox 2329 1281 2631 1355; x_wconf 80' lang='grc' dir='ltr'>διατρέχων</span> <span class='ocrx_word' id='word_1_280' title='bbox 2681 1284 2903 1351; x_wconf 82' lang='grc' dir='ltr'><strong>κύκλον,</strong></span> <span class='ocrx_word' id='word_1_281' title='bbox 2959 1284 3098 1340; x_wconf 85' lang='grc' dir='ltr'><strong>ἀλλά</strong></span> <span class='ocrx_word' id='word_1_282' title='bbox 3160 1285 3337 1357; x_wconf 75' lang='grc' dir='ltr'>μένων</span> <span class='ocrx_word' id='word_1_283' title='bbox 3410 1290 3548 1350; x_wconf 73' lang='grc' dir='ltr'>ἐκεῖ,</span> <span class='ocrx_word' id='word_1_284' title='bbox 3592 1289 3689 1341; x_wconf 75' lang='grc' dir='ltr'><strong>καὶ</strong></span> 
     </span>
    </p>
   </div>
   <div class='ocr_carea' id='block_1_41' title="bbox 2104 1373 3688 1447">
    <p class='ocr_par' dir='ltr' id='par_1_41' title="bbox 2104 1373 3688 1447">
     <span class='ocr_line' id='line_1_41' title="bbox 2104 1373 3688 1447; baseline 0.003 -20"><span class='ocrx_word' id='word_1_285' title='bbox 2104 1373 2297 1446; x_wconf 76' lang='grc' dir='ltr'>παρὼν</span> <span class='ocrx_word' id='word_1_286' title='bbox 2328 1376 2598 1447; x_wconf 75' lang='grc' dir='ltr'>παροῦσιν</span> <span class='ocrx_word' id='word_1_287' title='bbox 2610 1377 2888 1432; x_wconf 75' lang='grc' dir='ltr'>ἐκτίθεται</span> <span class='ocrx_word' id='word_1_288' title='bbox 2915 1378 3007 1431; x_wconf 72' lang='grc' dir='ltr'>τὸν</span> <span class='ocrx_word' id='word_1_289' title='bbox 3028 1377 3207 1447; x_wconf 86' lang='grc' dir='ltr'>λόγον.</span> <span class='ocrx_word' id='word_1_290' title='bbox 3242 1377 3387 1432; x_wconf 76' lang='grc' dir='ltr'>Ἀλλ’</span> <span class='ocrx_word' id='word_1_291' title='bbox 3415 1379 3538 1434; x_wconf 81' lang='grc' dir='ltr'>οὐδὲ</span> <span class='ocrx_word' id='word_1_292' title='bbox 3561 1376 3688 1432; x_wconf 83' lang='grc' dir='ltr'>δοῦ-</span> 
     </span>
    </p>
   </div>
   <div class='ocr_carea' id='block_1_42' title="bbox 2102 1464 3687 1543">
    <p class='ocr_par' dir='ltr' id='par_1_42' title="bbox 2102 1464 3687 1543">
     <span class='ocr_line' id='line_1_42' title="bbox 2102 1464 3687 1543; baseline 0.004 -23"><span class='ocrx_word' id='word_1_293' title='bbox 2102 1464 2193 1520; x_wconf 85' lang='grc' dir='ltr'><strong>λον</strong></span> <span class='ocrx_word' id='word_1_294' title='bbox 2239 1466 2413 1537; x_wconf 84' lang='grc' dir='ltr'>Ἰησοῦ</span> <span class='ocrx_word' id='word_1_295' title='bbox 2467 1468 2739 1539; x_wconf 81' lang='grc' dir='ltr'>Χριστοῦ.</span> <span class='ocrx_word' id='word_1_296' title='bbox 2785 1469 3036 1543; x_wconf 71' lang='grc' dir='ltr'>Ἐθάρῤιιι</span> <span class='ocrx_word' id='word_1_297' title='bbox 3091 1472 3235 1541; x_wconf 85' lang='grc' dir='ltr'>γὰρ,</span> <span class='ocrx_word' id='word_1_298' title='bbox 3287 1472 3377 1527; x_wconf 81' lang='grc' dir='ltr'>διὰ</span> <span class='ocrx_word' id='word_1_299' title='bbox 3435 1474 3498 1527; x_wconf 79' lang='grc' dir='ltr'>τὸ</span> <span class='ocrx_word' id='word_1_300' title='bbox 3545 1471 3687 1542; x_wconf 74' lang='grc' dir='ltr'>ἄγαν</span> 
     </span>
    </p>
   </div>
   <div class='ocr_carea' id='block_1_43' title="bbox 2101 1559 3689 1635">
    <p class='ocr_par' dir='ltr' id='par_1_43' title="bbox 2101 1559 3689 1635">
     <span class='ocr_line' id='line_1_43' title="bbox 2101 1559 3689 1635; baseline 0.004 -22"><span class='ocrx_word' id='word_1_301' title='bbox 2101 1559 2447 1632; x_wconf 76' lang='grc' dir='ltr'>ὴγαπῆσθαι,</span> <span class='ocrx_word' id='word_1_302' title='bbox 2478 1561 2583 1629; x_wconf 70' lang='grc' dir='ltr'><strong>ἔξω</strong></span> <span class='ocrx_word' id='word_1_303' title='bbox 2611 1563 2706 1617; x_wconf 85' lang='grc' dir='ltr'><strong>τοῦ</strong></span> <span class='ocrx_word' id='word_1_304' title='bbox 2735 1563 2835 1632; x_wconf 74' lang='grc' dir='ltr'>τῆς</span> <span class='ocrx_word' id='word_1_305' title='bbox 2858 1562 3105 1628; x_wconf 78' lang='grc' dir='ltr'><strong>δουλείας</strong></span> <span class='ocrx_word' id='word_1_306' title='bbox 3140 1565 3282 1618; x_wconf 78' lang='grc' dir='ltr'>εἶναι</span> <span class='ocrx_word' id='word_1_307' title='bbox 3331 1563 3518 1634; x_wconf 74' lang='grc' dir='ltr'>φόϐου.</span> <span class='ocrx_word' id='word_1_308' title='bbox 3540 1564 3689 1635; x_wconf 80' lang='grc' dir='ltr'>Πρεο</span> 
     </span>
    </p>
   </div>
   <div class='ocr_carea' id='block_1_44' title="bbox 2104 1650 3690 1727">
    <p class='ocr_par' dir='ltr' id='par_1_44' title="bbox 2104 1650 3690 1727">
     <span class='ocr_line' id='line_1_44' title="bbox 2104 1650 3690 1727; baseline 0.003 -23"><span class='ocrx_word' id='word_1_309' title='bbox 2104 1650 2363 1722; x_wconf 72' lang='grc' dir='ltr'>σεύτερον</span> <span class='ocrx_word' id='word_1_310' title='bbox 2397 1652 2454 1707; x_wconf 68' lang='grc' dir='ltr'><strong>δὲ</strong></span> <span class='ocrx_word' id='word_1_311' title='bbox 2505 1652 2664 1724; x_wconf 82' lang='grc' dir='ltr'>μόνον</span> <span class='ocrx_word' id='word_1_312' title='bbox 2691 1653 2884 1709; x_wconf 73' lang='grc' dir='ltr'>ἑαυτὸν</span> <span class='ocrx_word' id='word_1_313' title='bbox 2914 1653 3119 1722; x_wconf 64' lang='grc' dir='ltr'>ἠξίωσε</span> <span class='ocrx_word' id='word_1_314' title='bbox 3158 1654 3410 1719; x_wconf 80' lang='grc' dir='ltr'>καλέσαι,</span> <span class='ocrx_word' id='word_1_315' title='bbox 3438 1654 3561 1727; x_wconf 74' lang='grc' dir='ltr'>ἦτοι</span> <span class='ocrx_word' id='word_1_316' title='bbox 3601 1655 3690 1709; x_wconf 76' lang='grc' dir='ltr'>ὅτι</span> 
     </span>
    </p>
   </div>
   <div class='ocr_carea' id='block_1_45' title="bbox 2100 1741 3689 1818">
    <p class='ocr_par' dir='ltr' id='par_1_45' title="bbox 2100 1741 3689 1818">
     <span class='ocr_line' id='line_1_45' title="bbox 2100 1741 3689 1818; baseline 0.003 -24"><span class='ocrx_word' id='word_1_317' title='bbox 2100 1742 2331 1813; x_wconf 76' lang='grc' dir='ltr'>γηραιὸς</span> <span class='ocrx_word' id='word_1_318' title='bbox 2377 1741 2454 1797; x_wconf 82' lang='grc' dir='ltr'>ὣν</span> <span class='ocrx_word' id='word_1_319' title='bbox 2497 1744 2599 1816; x_wconf 69' lang='grc' dir='ltr'><strong>ἢδη</strong></span> <span class='ocrx_word' id='word_1_320' title='bbox 2644 1742 2851 1816; x_wconf 51' lang='grc' dir='ltr'>ἔγραψα</span> <span class='ocrx_word' id='word_1_321' title='bbox 2905 1746 3197 1818; x_wconf 79' lang='grc' dir='ltr'>ταύτας,ἦ</span> <span class='ocrx_word' id='word_1_322' title='bbox 3251 1747 3346 1801; x_wconf 80' lang='grc' dir='ltr'><strong>καί</strong></span> <span class='ocrx_word' id='word_1_323' title='bbox 3386 1747 3689 1801; x_wconf 75' lang='grc' dir='ltr'>ἐπίσκοπον</span> 
     </span>
    </p>
   </div>
   <div class='ocr_carea' id='block_1_46' title="bbox 2104 1832 3687 1911">
    <p class='ocr_par' dir='ltr' id='par_1_46' title="bbox 2104 1832 3687 1911">
     <span class='ocr_line' id='line_1_46' title="bbox 2104 1832 3687 1911; baseline 0.004 -24"><span class='ocrx_word' id='word_1_324' title='bbox 2104 1832 2285 1888; x_wconf 84' lang='grc' dir='ltr'>καλῶν</span> <span class='ocrx_word' id='word_1_325' title='bbox 2329 1835 2519 1888; x_wconf 64' lang='grc' dir='ltr'>ἑαυτὸν</span> <span class='ocrx_word' id='word_1_326' title='bbox 2553 1836 2641 1889; x_wconf 69' lang='grc' dir='ltr'><strong>διὰ</strong></span> <span class='ocrx_word' id='word_1_327' title='bbox 2673 1837 2768 1891; x_wconf 85' lang='grc' dir='ltr'><strong>τοῦ</strong></span> <span class='ocrx_word' id='word_1_328' title='bbox 2804 1837 3199 1911; x_wconf 74' lang='grc' dir='ltr'>πρεσϐυτέρου,</span> <span class='ocrx_word' id='word_1_329' title='bbox 3249 1836 3503 1903; x_wconf 77' lang='grc' dir='ltr'><strong>εἰωθότος</strong></span> <span class='ocrx_word' id='word_1_330' title='bbox 3552 1837 3687 1893; x_wconf 79' lang='grc' dir='ltr'>κατ’</span> 
     </span>
    </p>
   </div>
   <div class='ocr_carea' id='block_1_47' title="bbox 2101 1925 3683 2002">
    <p class='ocr_par' dir='ltr' id='par_1_47' title="bbox 2101 1925 3683 2002">
     <span class='ocr_line' id='line_1_47' title="bbox 2101 1925 3683 2002; baseline 0.004 -23"><span class='ocrx_word' id='word_1_331' title='bbox 2101 1928 2278 1980; x_wconf 74' lang='grc' dir='ltr'>ἐκεῖνο</span> <span class='ocrx_word' id='word_1_332' title='bbox 2330 1925 2548 1999; x_wconf 79' lang='grc' dir='ltr'>καιροῦ,</span> <span class='ocrx_word' id='word_1_333' title='bbox 2608 1929 2705 1983; x_wconf 69' lang='grc' dir='ltr'><strong>καὶ</strong></span> <span class='ocrx_word' id='word_1_334' title='bbox 2756 1930 2849 1983; x_wconf 74' lang='grc' dir='ltr'><strong>ἐπὶ</strong></span> <span class='ocrx_word' id='word_1_335' title='bbox 2901 1929 3013 1983; x_wconf 84' lang='grc' dir='ltr'><strong>τῶν</strong></span> <span class='ocrx_word' id='word_1_336' title='bbox 3064 1929 3383 1983; x_wconf 70' lang='grc' dir='ltr'>ἐπισκόπων</span> <span class='ocrx_word' id='word_1_337' title='bbox 3414 1928 3683 2002; x_wconf 79' lang='grc' dir='ltr'>φέρεσθαι</span> 
     </span>
    </p>
   </div>
   <div class='ocr_carea' id='block_1_48' title="bbox 2098 2017 3684 2092">
    <p class='ocr_par' dir='ltr' id='par_1_48' title="bbox 2098 2017 3684 2092">
     <span class='ocr_line' id='line_1_48' title="bbox 2098 2017 3684 2092; baseline 0.002 -21"><span class='ocrx_word' id='word_1_338' title='bbox 2098 2017 2194 2072; x_wconf 81' lang='grc' dir='ltr'><strong>τοῦ</strong></span> <span class='ocrx_word' id='word_1_339' title='bbox 2226 2018 2493 2090; x_wconf 80' lang='grc' dir='ltr'>ὀνόματος</span> <span class='ocrx_word' id='word_1_340' title='bbox 2545 2018 2640 2073; x_wconf 88' lang='grc' dir='ltr'><strong>τοῦ</strong></span> <span class='ocrx_word' id='word_1_341' title='bbox 2697 2020 3097 2092; x_wconf 80' lang='grc' dir='ltr'>πρεσϐυτέρου,</span> <span class='ocrx_word' id='word_1_342' title='bbox 3148 2020 3223 2085; x_wconf 83' lang='grc' dir='ltr'>ὡς</span> <span class='ocrx_word' id='word_1_343' title='bbox 3282 2021 3377 2076; x_wconf 76' lang='grc' dir='ltr'><strong>καὶ</strong></span> <span class='ocrx_word' id='word_1_344' title='bbox 3433 2021 3542 2076; x_wconf 75' lang='grc' dir='ltr'><strong>ἀπὸ</strong></span> <span class='ocrx_word' id='word_1_345' title='bbox 3572 2022 3684 2076; x_wconf 85' lang='grc' dir='ltr'><strong>τῶν</strong></span> 
     </span>
    </p>
   </div>
   <div class='ocr_carea' id='block_1_49' title="bbox 2102 2104 3687 2184">
    <p class='ocr_par' dir='ltr' id='par_1_49' title="bbox 2102 2104 3687 2184">
     <span class='ocr_line' id='line_1_49' title="bbox 2102 2104 3687 2184; baseline 0.003 -20"><span class='ocrx_word' id='word_1_346' title='bbox 2102 2109 2361 2181; x_wconf 75' lang='grc' dir='ltr'>Πράξεων</span> <span class='ocrx_word' id='word_1_347' title='bbox 2391 2112 2571 2180; x_wconf 74' lang='grc' dir='ltr'>δῆλον,</span> <span class='ocrx_word' id='word_1_348' title='bbox 2601 2104 2676 2165; x_wconf 83' lang='grc' dir='ltr'>ὧν</span> <span class='ocrx_word' id='word_1_349' title='bbox 2701 2114 2731 2164; x_wconf 72' lang='grc' dir='ltr'><strong>ο</strong></span> <span class='ocrx_word' id='word_1_350' title='bbox 2780 2114 3054 2184; x_wconf 81' lang='grc' dir='ltr'>μακάριος</span> <span class='ocrx_word' id='word_1_351' title='bbox 3084 2113 3291 2184; x_wconf 76' lang='grc' dir='ltr'>ἔγραψε</span> <span class='ocrx_word' id='word_1_352' title='bbox 3325 2115 3560 2178; x_wconf 69' lang='grc' dir='ltr'>Λουκᾶς,</span> <span class='ocrx_word' id='word_1_353' title='bbox 3587 2114 3687 2169; x_wconf 65' lang='grc' dir='ltr'><strong>καὶ</strong></span> 
     </span>
    </p>
   </div>
   <div class='ocr_carea' id='block_1_50' title="bbox 2098 2201 3685 2278">
    <p class='ocr_par' dir='ltr' id='par_1_50' title="bbox 2098 2201 3685 2278">
     <span class='ocr_line' id='line_1_50' title="bbox 2098 2201 3685 2278; baseline 0.004 -22"><span class='ocrx_word' id='word_1_354' title='bbox 2098 2201 2187 2257; x_wconf 83' lang='grc' dir='ltr'>διὰ</span> <span class='ocrx_word' id='word_1_355' title='bbox 2224 2202 2321 2258; x_wconf 79' lang='grc' dir='ltr'><strong>τοῦ</strong></span> <span class='ocrx_word' id='word_1_356' title='bbox 2358 2204 2565 2275; x_wconf 80' lang='grc' dir='ltr'>Πέτρου</span> <span class='ocrx_word' id='word_1_357' title='bbox 2603 2202 2702 2274; x_wconf 84' lang='grc' dir='ltr'>τῆς</span> <span class='ocrx_word' id='word_1_358' title='bbox 2748 2204 3090 2276; x_wconf 84' lang='grc' dir='ltr'>Ἐπιστολῆς.</span> <span class='ocrx_word' id='word_1_359' title='bbox 3141 2206 3287 2278; x_wconf 76' lang='grc' dir='ltr'>Πρὸς</span> <span class='ocrx_word' id='word_1_360' title='bbox 3333 2206 3390 2260; x_wconf 78' lang='grc' dir='ltr'><strong>δὲ</strong></span> <span class='ocrx_word' id='word_1_361' title='bbox 3444 2209 3685 2276; x_wconf 79' lang='grc' dir='ltr'>γυναῖκα</span> 
     </span>
    </p>
   </div>
   <div class='ocr_carea' id='block_1_51' title="bbox 2100 2295 3687 2371">
    <p class='ocr_par' dir='ltr' id='par_1_51' title="bbox 2100 2295 3687 2371">
     <span class='ocr_line' id='line_1_51' title="bbox 2100 2295 3687 2371; baseline 0.004 -23"><span class='ocrx_word' id='word_1_362' title='bbox 2100 2295 2328 2365; x_wconf 68' lang='grc' dir='ltr'>γράφων</span> <span class='ocrx_word' id='word_1_363' title='bbox 2378 2295 2597 2366; x_wconf 83' lang='grc' dir='ltr'>πιστὴν,</span> <span class='ocrx_word' id='word_1_364' title='bbox 2640 2295 2793 2351; x_wconf 69' lang='grc' dir='ltr'>οὐδὲν</span> <span class='ocrx_word' id='word_1_365' title='bbox 2832 2297 3212 2364; x_wconf 76' lang='grc' dir='ltr'><strong>ὑπεστείλατο,</strong></span> <span class='ocrx_word' id='word_1_366' title='bbox 3244 2300 3329 2353; x_wconf 75' lang='grc' dir='ltr'>δτι</span> <span class='ocrx_word' id='word_1_367' title='bbox 3360 2299 3417 2353; x_wconf 73' lang='grc' dir='ltr'>ἐν</span> <span class='ocrx_word' id='word_1_368' title='bbox 3459 2299 3687 2371; x_wconf 80' lang='grc' dir='ltr'>Χριστῷ</span> 
     </span>
    </p>
   </div>
   <div class='ocr_carea' id='block_1_52' title="bbox 2114 2385 3683 2462">
    <p class='ocr_par' dir='ltr' id='par_1_52' title="bbox 2114 2385 3683 2462">
     <span class='ocr_line' id='line_1_52' title="bbox 2114 2385 3683 2462; baseline 0.001 -20"><span class='ocrx_word' id='word_1_369' title='bbox 2114 2388 2292 2460; x_wconf 75' lang='grc' dir='ltr'>Ἰησοῦ</span> <span class='ocrx_word' id='word_1_370' title='bbox 2331 2389 2434 2442; x_wconf 74' lang='grc' dir='ltr'>οὐκ</span> <span class='ocrx_word' id='word_1_371' title='bbox 2472 2388 2642 2462; x_wconf 72' lang='grc' dir='ltr'>ἄρρεν</span> <span class='ocrx_word' id='word_1_372' title='bbox 2684 2390 2808 2444; x_wconf 76' lang='grc' dir='ltr'><strong>οὐδὲ</strong></span> <span class='ocrx_word' id='word_1_373' title='bbox 2849 2389 2986 2461; x_wconf 77' lang='grc' dir='ltr'>θῆλυ</span> <span class='ocrx_word' id='word_1_374' title='bbox 3029 2385 3159 2446; x_wconf 78' lang='grc' dir='ltr'>οἵδε.</span> <span class='ocrx_word' id='word_1_375' title='bbox 3212 2392 3357 2462; x_wconf 76' lang='grc' dir='ltr'>Πρὸς</span> <span class='ocrx_word' id='word_1_376' title='bbox 3407 2391 3468 2447; x_wconf 65' lang='grc' dir='ltr'><strong>δὲ</strong></span> <span class='ocrx_word' id='word_1_377' title='bbox 3519 2391 3683 2448; x_wconf 78' lang='grc' dir='ltr'>Γάϊον</span> 
     </span>
    </p>
   </div>
   <div class='ocr_carea' id='block_1_53' title="bbox 2099 2480 3683 2553">
    <p class='ocr_par' dir='ltr' id='par_1_53' title="bbox 2099 2480 3683 2553">
     <span class='ocr_line' id='line_1_53' title="bbox 2099 2480 3683 2553; baseline -0.002 -17"><span class='ocrx_word' id='word_1_378' title='bbox 2099 2481 2196 2536; x_wconf 68' lang='grc' dir='ltr'>ἕνα</span> <span class='ocrx_word' id='word_1_379' title='bbox 2241 2481 2472 2552; x_wconf 79' lang='grc' dir='ltr'>γράφων</span> <span class='ocrx_word' id='word_1_380' title='bbox 2544 2480 2658 2553; x_wconf 75' lang='grc' dir='ltr'>ἔχει</span> <span class='ocrx_word' id='word_1_381' title='bbox 2707 2480 2917 2536; x_wconf 79' lang='grc' dir='ltr'>Παῦλον</span> <span class='ocrx_word' id='word_1_382' title='bbox 2960 2482 3108 2553; x_wconf 84' lang='grc' dir='ltr'>Τίτῳ</span> <span class='ocrx_word' id='word_1_383' title='bbox 3145 2499 3205 2537; x_wconf 81' lang='grc' dir='ltr'><strong>τε</strong></span> <span class='ocrx_word' id='word_1_384' title='bbox 3251 2482 3534 2553; x_wconf 71' lang='grc' dir='ltr'>γράφοντα</span> <span class='ocrx_word' id='word_1_385' title='bbox 3586 2486 3683 2537; x_wconf 67' lang='grc' dir='ltr'><strong>καὶ</strong></span> 
     </span>
    </p>
   </div>
   <div class='ocr_carea' id='block_1_54' title="bbox 2100 2572 3682 2647">
    <p class='ocr_par' dir='ltr' id='par_1_54' title="bbox 2100 2572 3682 2647">
     <span class='ocr_line' id='line_1_54' title="bbox 2100 2572 3682 2647; baseline 0.001 -21"><span class='ocrx_word' id='word_1_386' title='bbox 2100 2573 2377 2645; x_wconf 78' lang='grc' dir='ltr'><strong>Τιμοθέῳ,</strong></span> <span class='ocrx_word' id='word_1_387' title='bbox 2424 2573 2522 2627; x_wconf 75' lang='grc' dir='ltr'><strong>καὶ</strong></span> <span class='ocrx_word' id='word_1_388' title='bbox 2570 2574 2707 2645; x_wconf 74' lang='grc' dir='ltr'>πρὸς</span> <span class='ocrx_word' id='word_1_389' title='bbox 2745 2573 3026 2645; x_wconf 74' lang='grc' dir='ltr'>Φιλήμονα</span> <span class='ocrx_word' id='word_1_390' title='bbox 3076 2572 3133 2627; x_wconf 81' lang='grc' dir='ltr'><strong>δὲ</strong></span> <span class='ocrx_word' id='word_1_391' title='bbox 3191 2574 3427 2647; x_wconf 79' lang='grc' dir='ltr'>ἰδιώτην.</span> <span class='ocrx_word' id='word_1_392' title='bbox 3494 2572 3682 2630; x_wconf 82' lang='grc' dir='ltr'>Ταῦτα</span> 
     </span>
    </p>
   </div>
   <div class='ocr_carea' id='block_1_55' title="bbox 2103 2665 3680 2739">
    <p class='ocr_par' dir='ltr' id='par_1_55' title="bbox 2103 2665 3680 2739">
     <span class='ocr_line' id='line_1_55' title="bbox 2103 2665 3680 2739; baseline 0.001 -19"><span class='ocrx_word' id='word_1_393' title='bbox 2103 2666 2204 2736; x_wconf 69' lang='grc' dir='ltr'>μὲν</span> <span class='ocrx_word' id='word_1_394' title='bbox 2244 2666 2377 2737; x_wconf 79' lang='grc' dir='ltr'>περὶ</span> <span class='ocrx_word' id='word_1_395' title='bbox 2425 2666 2528 2735; x_wconf 72' lang='grc' dir='ltr'>τῆς</span> <span class='ocrx_word' id='word_1_396' title='bbox 2573 2665 2927 2738; x_wconf 56' lang='grc' dir='ltr'>προγραφῆς.</span> <span class='ocrx_word' id='word_1_397' title='bbox 2992 2665 3278 2720; x_wconf 80' lang='grc' dir='ltr'>Δείκνυται</span> <span class='ocrx_word' id='word_1_398' title='bbox 3324 2666 3381 2720; x_wconf 78' lang='grc' dir='ltr'><strong>δὲ</strong></span> <span class='ocrx_word' id='word_1_399' title='bbox 3432 2667 3541 2721; x_wconf 76' lang='grc' dir='ltr'><strong>ἀπὸ</strong></span> <span class='ocrx_word' id='word_1_400' title='bbox 3580 2668 3680 2739; x_wconf 74' lang='grc' dir='ltr'>τῆς</span> 
     </span>
    </p>
   </div>
   <div class='ocr_carea' id='block_1_56' title="bbox 2099 2758 3678 2843">
    <p class='ocr_par' dir='ltr' id='par_1_56' title="bbox 2099 2758 3678 2843">
     <span class='ocr_line' id='line_1_56' title="bbox 2099 2758 3678 2843; baseline 0 -30"><span class='ocrx_word' id='word_1_401' title='bbox 2099 2758 2441 2828; x_wconf 78' lang='grc' dir='ltr'>ἀπαγγελίας</span> <span class='ocrx_word' id='word_1_402' title='bbox 2486 2760 2579 2811; x_wconf 77' lang='grc' dir='ltr'><strong>καὶ</strong></span> <span class='ocrx_word' id='word_1_403' title='bbox 2619 2759 2718 2828; x_wconf 83' lang='grc' dir='ltr'>τῆς</span> <span class='ocrx_word' id='word_1_404' title='bbox 2750 2758 2917 2828; x_wconf 76' lang='grc' dir='ltr'>ἄλλης</span> <span class='ocrx_word' id='word_1_405' title='bbox 2958 2758 3061 2843; x_wconf 52' lang='grc' dir='ltr'><strong>τοῦ</strong></span> <span class='ocrx_word' id='word_1_406' title='bbox 3081 2758 3238 2826; x_wconf 78' lang='grc' dir='ltr'>λόγου</span> <span class='ocrx_word' id='word_1_407' title='bbox 3268 2758 3586 2829; x_wconf 71' lang='grc' dir='ltr'>οἰκονομίας</span> <span class='ocrx_word' id='word_1_408' title='bbox 3615 2760 3678 2813; x_wconf 74' lang='grc' dir='ltr'>τὸ</span> 
     </span>
    </p>
   </div>
   <div class='ocr_carea' id='block_1_57' title="bbox 2099 2844 3678 2919">
    <p class='ocr_par' dir='ltr' id='par_1_57' title="bbox 2099 2844 3678 2919">
     <span class='ocr_line' id='line_1_57' title="bbox 2099 2844 3678 2919; baseline -0.001 -15"><span class='ocrx_word' id='word_1_409' title='bbox 2099 2849 2325 2919; x_wconf 77' lang='grc' dir='ltr'>γνήσιον</span> <span class='ocrx_word' id='word_1_410' title='bbox 2360 2847 2470 2903; x_wconf 84' lang='grc' dir='ltr'><strong>τῶν</strong></span> <span class='ocrx_word' id='word_1_411' title='bbox 2512 2846 2866 2902; x_wconf 78' lang='grc' dir='ltr'>Ἐπιστολῶν.</span> <span class='ocrx_word' id='word_1_412' title='bbox 2901 2846 3058 2901; x_wconf 69' lang='grc' dir='ltr'>Ἐπεὶ</span> <span class='ocrx_word' id='word_1_413' title='bbox 3099 2844 3382 2902; x_wconf 82' lang='grc' dir='ltr'>κάνταῦθα</span> <span class='ocrx_word' id='word_1_414' title='bbox 3420 2845 3678 2912; x_wconf 76' lang='grc' dir='ltr'>πολλάκις</span> 
     </span>
    </p>
   </div>
   <div class='ocr_carea' id='block_1_58' title="bbox 424 2938 1998 3012">
    <p class='ocr_par' dir='ltr' id='par_1_58' title="bbox 424 2938 1998 3012">
     <span class='ocr_line' id='line_1_58' title="bbox 424 2938 1998 3012; baseline -0.001 -17"><span class='ocrx_word' id='word_1_415' title='bbox 424 2945 697 2999; x_wconf 78' lang='lat' dir='ltr'><strong>sermonis</strong></span> <span class='ocrx_word' id='word_1_416' title='bbox 746 2940 1124 3012; x_wconf 80' lang='lat' dir='ltr'><strong>dispositione,</strong></span> <span class='ocrx_word' id='word_1_417' title='bbox 1175 2939 1321 3010; x_wconf 85' lang='lat' dir='ltr'><strong>quod</strong></span> <span class='ocrx_word' id='word_1_418' title='bbox 1389 2955 1662 3012; x_wconf 78' lang='lat' dir='ltr'><strong>germanae</strong></span> <span class='ocrx_word' id='word_1_419' title='bbox 1707 2939 1819 2994; x_wconf 89' lang='lat' dir='ltr'><strong>sint</strong></span> <span class='ocrx_word' id='word_1_420' title='bbox 1879 2938 1998 3008; x_wconf 81' lang='lat' dir='ltr'><strong>ejus</strong></span> 
     </span>
    </p>
   </div>
   <div class='ocr_carea' id='block_1_59' title="bbox 2100 2938 3674 3012">
    <p class='ocr_par' dir='ltr' id='par_1_59' title="bbox 2100 2938 3674 3012">
     <span class='ocr_line' id='line_1_59' title="bbox 2100 2938 3674 3012; baseline -0.001 -17"><span class='ocrx_word' id='word_1_421' title='bbox 2100 2942 2365 3011; x_wconf 71' lang='grc' dir='ltr'>ἑπανάγιι</span> <span class='ocrx_word' id='word_1_422' title='bbox 2392 2943 2482 2996; x_wconf 78' lang='grc' dir='ltr'>τὸν</span> <span class='ocrx_word' id='word_1_423' title='bbox 2511 2943 2689 3011; x_wconf 76' lang='grc' dir='ltr'>λόγον,</span> <span class='ocrx_word' id='word_1_424' title='bbox 2724 2941 2793 2995; x_wconf 78' lang='grc' dir='ltr'><strong>τὰ</strong></span> <span class='ocrx_word' id='word_1_425' title='bbox 2821 2940 2959 2994; x_wconf 81' lang='grc' dir='ltr'>αὐτά</span> <span class='ocrx_word' id='word_1_426' title='bbox 2991 2939 3122 3012; x_wconf 78' lang='grc' dir='ltr'>περὶ</span> <span class='ocrx_word' id='word_1_427' title='bbox 3135 2940 3242 2994; x_wconf 80' lang='grc' dir='ltr'>τῶν</span> <span class='ocrx_word' id='word_1_428' title='bbox 3269 2938 3448 2995; x_wconf 80' lang='grc' dir='ltr'>αὐτῶν</span> <span class='ocrx_word' id='word_1_429' title='bbox 3476 2939 3674 3009; x_wconf 68' lang='grc' dir='ltr'>λέγων.</span> 
     </span>
    </p>
   </div>
   <div class='ocr_carea' id='block_1_60' title="bbox 372 3031 1998 3106">
    <p class='ocr_par' dir='ltr' id='par_1_60' title="bbox 372 3032 1996 3105">
     <span class='ocr_line' id='line_1_60' title="bbox 372 3032 1996 3105; baseline -0.001 -18"><span class='ocrx_word' id='word_1_430' title='bbox 372 3076 379 3082; x_wconf 85' lang='grc'><strong>.</strong></span> <span class='ocrx_word' id='word_1_431' title='bbox 425 3032 688 3105; x_wconf 70' lang='lat' dir='ltr'><strong>Epistulze</strong></span> <span class='ocrx_word' id='word_1_432' title='bbox 720 3032 1208 3105; x_wconf 86' lang='lat' dir='ltr'><strong>:quandoquidem</strong></span> <span class='ocrx_word' id='word_1_433' title='bbox 1233 3035 1289 3088; x_wconf 89' lang='lat' dir='ltr'><strong>in</strong></span> <span class='ocrx_word' id='word_1_434' title='bbox 1315 3034 1403 3088; x_wconf 92' lang='lat' dir='ltr'><strong>his</strong></span> <span class='ocrx_word' id='word_1_435' title='bbox 1428 3048 1648 3103; x_wconf 86' lang='lat' dir='ltr'><strong>quoque</strong></span> <span class='ocrx_word' id='word_1_436' title='bbox 1681 3032 1996 3103; x_wconf 86' lang='lat' dir='ltr'><strong>frequenter</strong></span> 
     </span>
    </p>
   </div>
   <div class='ocr_carea' id='block_1_61' title="bbox 2100 3031 3678 3106">
    <p class='ocr_par' dir='ltr' id='par_1_61' title="bbox 2103 3031 3678 3106">
     <span class='ocr_line' id='line_1_61' title="bbox 2103 3031 3678 3106; baseline -0.003 -18"><span class='ocrx_word' id='word_1_437' title='bbox 2103 3037 2238 3106; x_wconf 83' lang='grc' dir='ltr'><strong>μετά</strong></span> <span class='ocrx_word' id='word_1_438' title='bbox 2266 3034 2360 3088; x_wconf 84' lang='grc' dir='ltr'><strong>τοῦ</strong></span> <span class='ocrx_word' id='word_1_439' title='bbox 2400 3034 2603 3105; x_wconf 78' lang='grc' dir='ltr'>μικρᾶς</span> <span class='ocrx_word' id='word_1_440' title='bbox 2636 3031 3050 3103; x_wconf 79' lang='grc' dir='ltr'>παρεμπίπτειν</span> <span class='ocrx_word' id='word_1_441' title='bbox 3074 3033 3353 3104; x_wconf 77' lang='grc' dir='ltr'>ἀφορμῆς,</span> <span class='ocrx_word' id='word_1_442' title='bbox 3387 3032 3678 3106; x_wconf 71' lang='grc' dir='ltr'>καὶταύτῃ</span> 
     </span>
    </p>
   </div>
   <div class='ocr_carea' id='block_1_62' title="bbox 422 3122 1998 3214">
    <p class='ocr_par' dir='ltr' id='par_1_62' title="bbox 422 3123 1992 3196">
     <span class='ocr_line' id='line_1_62' title="bbox 422 3123 1992 3196; baseline -0.003 -14"><span class='ocrx_word' id='word_1_443' title='bbox 422 3140 735 3182; x_wconf 83' lang='lat' dir='ltr'><strong>sermonem</strong></span> <span class='ocrx_word' id='word_1_444' title='bbox 800 3127 1015 3196; x_wconf 84' lang='lat' dir='ltr'><strong>repetit,</strong></span> <span class='ocrx_word' id='word_1_445' title='bbox 1067 3126 1255 3182; x_wconf 86' lang='lat' dir='ltr'><strong>eadem</strong></span> <span class='ocrx_word' id='word_1_446' title='bbox 1301 3124 1495 3180; x_wconf 90' lang='lat' dir='ltr'><strong>dicens</strong></span> <span class='ocrx_word' id='word_1_447' title='bbox 1545 3124 1612 3182; x_wconf 91' lang='lat' dir='ltr'><strong>de</strong></span> <span class='ocrx_word' id='word_1_448' title='bbox 1643 3124 1846 3181; x_wconf 80' lang='lat' dir='ltr'><strong>eisdem</strong></span> <span class='ocrx_word' id='word_1_449' title='bbox 1903 3123 1992 3179; x_wconf 89' lang='lat' dir='ltr'><strong>ubi</strong></span> 
     </span>
    </p>
   </div>
   <div class='ocr_carea' id='block_1_63' title="bbox 2100 3122 3677 3214">
    <p class='ocr_par' dir='ltr' id='par_1_63' title="bbox 2100 3122 3677 3197">
     <span class='ocr_line' id='line_1_63' title="bbox 2100 3122 3677 3197; baseline -0.001 -17"><span class='ocrx_word' id='word_1_450' title='bbox 2100 3124 2597 3197; x_wconf 73' lang='grc' dir='ltr'>κατασφαλίζεσθαι</span> <span class='ocrx_word' id='word_1_451' title='bbox 2625 3125 2715 3178; x_wconf 67' lang='grc' dir='ltr'>τὸν</span> <span class='ocrx_word' id='word_1_452' title='bbox 2737 3123 2914 3192; x_wconf 83' lang='grc' dir='ltr'>λόγον.</span> <span class='ocrx_word' id='word_1_453' title='bbox 2928 3122 3033 3178; x_wconf 77' lang='grc' dir='ltr'><strong>Δύο</strong></span> <span class='ocrx_word' id='word_1_454' title='bbox 3050 3124 3108 3179; x_wconf 71' lang='grc' dir='ltr'><strong>δὲ</strong></span> <span class='ocrx_word' id='word_1_455' title='bbox 3125 3127 3189 3197; x_wconf 73' lang='grc' dir='ltr'><strong>τῇ</strong></span> <span class='ocrx_word' id='word_1_456' title='bbox 3215 3124 3491 3197; x_wconf 76' lang='grc' dir='ltr'>,Ἑκλεκτῇ</span> <span class='ocrx_word' id='word_1_457' title='bbox 3508 3123 3677 3196; x_wconf 76' lang='grc' dir='ltr'>ταύτῃ</span> 
     </span>
    </p>
   </div>
   <div class='ocr_carea' id='block_1_64' title="bbox 422 3215 1994 3279">
    <p class='ocr_par' dir='ltr' id='par_1_64' title="bbox 422 3215 1994 3279">
     <span class='ocr_line' id='line_1_64' title="bbox 422 3215 1994 3279; baseline 0 -9"><span class='ocrx_word' id='word_1_458' title='bbox 422 3216 641 3271; x_wconf 85' lang='lat' dir='ltr'><strong>modica</strong></span> <span class='ocrx_word' id='word_1_459' title='bbox 699 3218 947 3272; x_wconf 79' lang='lat' dir='ltr'><strong>occurrit</strong></span> <span class='ocrx_word' id='word_1_460' title='bbox 979 3217 1224 3279; x_wconf 88' lang='lat' dir='ltr'><strong>occasio,</strong></span> <span class='ocrx_word' id='word_1_461' title='bbox 1278 3224 1332 3271; x_wconf 87' lang='lat' dir='ltr'><strong>et</strong></span> <span class='ocrx_word' id='word_1_462' title='bbox 1388 3215 1492 3271; x_wconf 89' lang='lat' dir='ltr'><strong>hac</strong></span> <span class='ocrx_word' id='word_1_463' title='bbox 1540 3215 1630 3270; x_wconf 76' lang='lat' dir='ltr'><strong>via</strong></span> <span class='ocrx_word' id='word_1_464' title='bbox 1682 3230 1994 3270; x_wconf 86' lang='lat' dir='ltr'><strong>sermonem</strong></span> 
     </span>
    </p>
   </div>
   <div class='ocr_carea' id='block_1_65' title="bbox 424 3305 1993 3377">
    <p class='ocr_par' dir='ltr' id='par_1_65' title="bbox 424 3305 1993 3377">
     <span class='ocr_line' id='line_1_65' title="bbox 424 3305 1993 3377; baseline -0.002 -14"><span class='ocrx_word' id='word_1_465' title='bbox 424 3307 735 3363; x_wconf 85' lang='lat' dir='ltr'><strong>confirmat.</strong></span> <span class='ocrx_word' id='word_1_466' title='bbox 791 3305 961 3364; x_wconf 83' lang='lat' dir='ltr'><strong>Porro</strong></span> <span class='ocrx_word' id='word_1_467' title='bbox 1030 3308 1157 3363; x_wconf 85' lang='lat' dir='ltr'><strong>huic</strong></span> <span class='ocrx_word' id='word_1_468' title='bbox 1208 3307 1407 3363; x_wconf 71' lang='lat' dir='ltr'><strong>Electtr</strong></span> <span class='ocrx_word' id='word_1_469' title='bbox 1458 3307 1571 3361; x_wconf 90' lang='lat' dir='ltr'><strong>duo</strong></span> <span class='ocrx_word' id='word_1_470' title='bbox 1616 3315 1993 3377; x_wconf 83' lang='lat' dir='ltr'><strong>protestatur:</strong></span> 
     </span>
    </p>
   </div>
   <div class='ocr_carea' id='block_1_66' title="bbox 424 3400 1994 3472">
    <p class='ocr_par' dir='ltr' id='par_1_66' title="bbox 424 3400 1994 3472">
     <span class='ocr_line' id='line_1_66' title="bbox 424 3400 1994 3472; baseline 0 -17"><span class='ocrx_word' id='word_1_471' title='bbox 424 3416 593 3456; x_wconf 87' lang='lat' dir='ltr'><strong>unum</strong></span> <span class='ocrx_word' id='word_1_472' title='bbox 647 3401 866 3472; x_wconf 81' lang='lat' dir='ltr'><strong>quidem</strong></span> <span class='ocrx_word' id='word_1_473' title='bbox 899 3400 1046 3472; x_wconf 84' lang='lat' dir='ltr'><strong>quod</strong></span> <span class='ocrx_word' id='word_1_474' title='bbox 1099 3401 1343 3456; x_wconf 84' lang='lat' dir='ltr'><strong>ambulet</strong></span> <span class='ocrx_word' id='word_1_475' title='bbox 1376 3403 1431 3456; x_wconf 87' lang='lat' dir='ltr'><strong>in</strong></span> <span class='ocrx_word' id='word_1_476' title='bbox 1480 3401 1729 3463; x_wconf 83' lang='lat' dir='ltr'><strong>veritate,</strong></span> <span class='ocrx_word' id='word_1_477' title='bbox 1763 3400 1994 3455; x_wconf 81' lang='lat' dir='ltr'><strong>alterum</strong></span> 
     </span>
    </p>
   </div>
   <div class='ocr_carea' id='block_1_67' title="bbox 426 3491 1994 3564">
    <p class='ocr_par' dir='ltr' id='par_1_67' title="bbox 426 3491 1994 3564">
     <span class='ocr_line' id='line_1_67' title="bbox 426 3491 1994 3564; baseline 0.002 -22"><span class='ocrx_word' id='word_1_478' title='bbox 426 3506 557 3547; x_wconf 79' lang='lat' dir='ltr'><strong>vero</strong></span> <span class='ocrx_word' id='word_1_479' title='bbox 580 3493 725 3563; x_wconf 88' lang='lat' dir='ltr'><strong>quod</strong></span> <span class='ocrx_word' id='word_1_480' title='bbox 759 3491 926 3563; x_wconf 80' lang='lat' dir='ltr'><strong>fugiat</strong></span> <span class='ocrx_word' id='word_1_481' title='bbox 962 3495 1271 3548; x_wconf 70' lang='lat' dir='ltr'><strong>haereticos.</strong></span> <span class='ocrx_word' id='word_1_482' title='bbox 1300 3491 1541 3549; x_wconf 83' lang='lat' dir='ltr'><strong>Electam</strong></span> <span class='ocrx_word' id='word_1_483' title='bbox 1573 3510 1704 3548; x_wconf 80' lang='lat' dir='ltr'><strong>vero</strong></span> <span class='ocrx_word' id='word_1_484' title='bbox 1735 3494 1994 3564; x_wconf 85' lang='lat' dir='ltr'><strong>appellat,</strong></span> 
     </span>
    </p>
   </div>
   <div class='ocr_carea' id='block_1_68' title="bbox 428 3586 1995 3657">
    <p class='ocr_par' dir='ltr' id='par_1_68' title="bbox 428 3586 1995 3657">
     <span class='ocr_line' id='line_1_68' title="bbox 428 3586 1995 3657; baseline 0 -18"><span class='ocrx_word' id='word_1_485' title='bbox 428 3592 525 3640; x_wconf 90' lang='lat' dir='ltr'><strong>aut</strong></span> <span class='ocrx_word' id='word_1_486' title='bbox 565 3601 632 3639; x_wconf 84' lang='lat' dir='ltr'><strong>ex</strong></span> <span class='ocrx_word' id='word_1_487' title='bbox 667 3587 915 3651; x_wconf 87' lang='lat' dir='ltr'><strong>nomine,</strong></span> <span class='ocrx_word' id='word_1_488' title='bbox 943 3595 1039 3640; x_wconf 85' lang='lat' dir='ltr'><strong>aut</strong></span> <span class='ocrx_word' id='word_1_489' title='bbox 1073 3602 1136 3641; x_wconf 79' lang='lat' dir='ltr'><strong>ex</strong></span> <span class='ocrx_word' id='word_1_490' title='bbox 1196 3601 1392 3657; x_wconf 78' lang='lat' dir='ltr'><strong>magna</strong></span> <span class='ocrx_word' id='word_1_491' title='bbox 1455 3586 1806 3642; x_wconf 67' lang='lat' dir='ltr'><strong>aemulatione</strong></span> <span class='ocrx_word' id='word_1_492' title='bbox 1847 3588 1995 3640; x_wconf 88' lang='lat' dir='ltr'><strong>circa</strong></span> 
     </span>
    </p>
   </div>
   <div class='ocr_carea' id='block_1_69' title="bbox 422 3675 1991 3747">
    <p class='ocr_par' dir='ltr' id='par_1_69' title="bbox 422 3675 1991 3747">
     <span class='ocr_line' id='line_1_69' title="bbox 422 3675 1991 3747; baseline 0.001 -19"><span class='ocrx_word' id='word_1_493' title='bbox 422 3677 720 3730; x_wconf 81' lang='lat' dir='ltr'><strong>virtutem:</strong></span> <span class='ocrx_word' id='word_1_494' title='bbox 751 3691 914 3745; x_wconf 84' lang='lat' dir='ltr'><strong>quant</strong></span> <span class='ocrx_word' id='word_1_495' title='bbox 945 3675 1109 3730; x_wconf 83' lang='lat' dir='ltr'><strong>etiam</strong></span> <span class='ocrx_word' id='word_1_496' title='bbox 1156 3677 1232 3730; x_wconf 80' lang='lat' dir='ltr'><strong>ait</strong></span> <span class='ocrx_word' id='word_1_497' title='bbox 1270 3692 1328 3730; x_wconf 88' lang='lat' dir='ltr'><strong>se</strong></span> <span class='ocrx_word' id='word_1_498' title='bbox 1366 3676 1417 3729; x_wconf 91' lang='lat' dir='ltr'><strong>in</strong></span> <span class='ocrx_word' id='word_1_499' title='bbox 1476 3676 1707 3731; x_wconf 73' lang='lat' dir='ltr'><strong>veritate</strong></span> <span class='ocrx_word' id='word_1_500' title='bbox 1729 3677 1991 3747; x_wconf 60' lang='lat' dir='ltr'><strong>diligere:</strong></span> 
     </span>
    </p>
   </div>
   <div class='ocr_carea' id='block_1_70' title="bbox 425 3768 1993 3837">
    <p class='ocr_par' dir='ltr' id='par_1_70' title="bbox 425 3768 1993 3837">
     <span class='ocr_line' id='line_1_70' title="bbox 425 3768 1993 3837; baseline 0.002 -19"><span class='ocrx_word' id='word_1_501' title='bbox 425 3783 494 3820; x_wconf 88' lang='lat' dir='ltr'><strong>ne</strong></span> <span class='ocrx_word' id='word_1_502' title='bbox 520 3769 696 3822; x_wconf 84' lang='lat' dir='ltr'><strong>solam</strong></span> <span class='ocrx_word' id='word_1_503' title='bbox 761 3768 957 3837; x_wconf 87' lang='lat' dir='ltr'><strong>ipsam,</strong></span> <span class='ocrx_word' id='word_1_504' title='bbox 985 3768 1079 3821; x_wconf 87' lang='lat' dir='ltr'><strong>sed</strong></span> <span class='ocrx_word' id='word_1_505' title='bbox 1117 3774 1172 3822; x_wconf 89' lang='lat' dir='ltr'><strong>et</strong></span> <span class='ocrx_word' id='word_1_506' title='bbox 1224 3781 1418 3822; x_wconf 89' lang='lat' dir='ltr'><strong>omnes</strong></span> <span class='ocrx_word' id='word_1_507' title='bbox 1455 3768 1548 3837; x_wconf 89' lang='lat' dir='ltr'><strong>qui</strong></span> <span class='ocrx_word' id='word_1_508' title='bbox 1580 3768 1841 3822; x_wconf 84' lang='lat' dir='ltr'><strong>similium</strong></span> <span class='ocrx_word' id='word_1_509' title='bbox 1869 3782 1993 3823; x_wconf 91' lang='lat' dir='ltr'><strong>cum</strong></span> 
     </span>
    </p>
   </div>
   <div class='ocr_carea' id='block_1_71' title="bbox 424 3860 1993 3932">
    <p class='ocr_par' dir='ltr' id='par_1_71' title="bbox 424 3860 1993 3932">
     <span class='ocr_line' id='line_1_71' title="bbox 424 3860 1993 3932; baseline 0.001 -18"><span class='ocrx_word' id='word_1_510' title='bbox 424 3861 542 3931; x_wconf 86' lang='lat' dir='ltr'><strong>ipsa</strong></span> <span class='ocrx_word' id='word_1_511' title='bbox 567 3867 696 3915; x_wconf 89' lang='lat' dir='ltr'><strong>sunt</strong></span> <span class='ocrx_word' id='word_1_512' title='bbox 727 3875 962 3927; x_wconf 89' lang='lat' dir='ltr'><strong>morum,</strong></span> <span class='ocrx_word' id='word_1_513' title='bbox 993 3861 1086 3930; x_wconf 89' lang='lat' dir='ltr'><strong>qui</strong></span> <span class='ocrx_word' id='word_1_514' title='bbox 1114 3875 1242 3917; x_wconf 85' lang='lat' dir='ltr'><strong>vere</strong></span> <span class='ocrx_word' id='word_1_515' title='bbox 1269 3860 1470 3916; x_wconf 88' lang='lat' dir='ltr'><strong>habent</strong></span> <span class='ocrx_word' id='word_1_516' title='bbox 1492 3863 1545 3915; x_wconf 89' lang='lat' dir='ltr'><strong>in</strong></span> <span class='ocrx_word' id='word_1_517' title='bbox 1572 3860 1993 3932; x_wconf 86' lang='lat' dir='ltr'><strong>seipsisfirmam</strong></span> 
     </span>
    </p>
   </div>
   <div class='ocr_carea' id='block_1_72' title="bbox 423 3954 1994 4026">
    <p class='ocr_par' dir='ltr' id='par_1_72' title="bbox 423 3954 1994 4026">
     <span class='ocr_line' id='line_1_72' title="bbox 423 3954 1994 4026; baseline 0.004 -20"><span class='ocrx_word' id='word_1_518' title='bbox 423 3954 710 4009; x_wconf 83' lang='lat' dir='ltr'><strong>veritatem</strong></span> <span class='ocrx_word' id='word_1_519' title='bbox 739 3969 755 4020; x_wconf 88' lang='lat'><strong>;</strong></span> <span class='ocrx_word' id='word_1_520' title='bbox 788 3969 910 4008; x_wconf 88' lang='lat' dir='ltr'><strong>nam</strong></span> <span class='ocrx_word' id='word_1_521' title='bbox 942 3954 1043 4009; x_wconf 89' lang='lat' dir='ltr'><strong>hoc</strong></span> <span class='ocrx_word' id='word_1_522' title='bbox 1068 3954 1361 4026; x_wconf 77' lang='lat' dir='ltr'><strong>significat,</strong></span> <span class='ocrx_word' id='word_1_523' title='bbox 1392 3956 1584 4011; x_wconf 89' lang='lat' dir='ltr'><strong>dicens</strong></span> <span class='ocrx_word' id='word_1_524' title='bbox 1624 3972 1639 4011; x_wconf 87' lang='lat'><strong>:</strong></span> <span class='ocrx_word' id='word_1_525' title='bbox 1705 3955 1835 4021; x_wconf 81' lang='lat' dir='ltr'><strong>Qua:</strong></span> <span class='ocrx_word' id='word_1_526' title='bbox 1867 3971 1994 4024; x_wconf 83' lang='lat' dir='ltr'><strong>per-</strong></span> 
     </span>
    </p>
   </div>
   <div class='ocr_carea' id='block_1_73' title="bbox 422 4045 1993 4112">
    <p class='ocr_par' dir='ltr' id='par_1_73' title="bbox 422 4045 1993 4112">
     <span class='ocr_line' id='line_1_73' title="bbox 422 4045 1993 4112; baseline 0.004 -12"><span class='ocrx_word' id='word_1_527' title='bbox 422 4056 607 4100; x_wconf 83' lang='lat' dir='ltr'><strong>manet</strong></span> <span class='ocrx_word' id='word_1_528' title='bbox 638 4045 692 4099; x_wconf 92' lang='lat' dir='ltr'><strong>in</strong></span> <span class='ocrx_word' id='word_1_529' title='bbox 724 4046 887 4101; x_wconf 90' lang='lat' dir='ltr'><strong>nobis</strong></span> <span class='ocrx_word' id='word_1_530' title='bbox 913 4061 930 4112; x_wconf 86' lang='lat'><strong>;</strong></span> <span class='ocrx_word' id='word_1_531' title='bbox 967 4046 1081 4102; x_wconf 68' lang='lat' dir='ltr'><strong>haec</strong></span> <span class='ocrx_word' id='word_1_532' title='bbox 1108 4056 1288 4101; x_wconf 86' lang='lat' dir='ltr'><strong>autem</strong></span> <span class='ocrx_word' id='word_1_533' title='bbox 1319 4057 1405 4103; x_wconf 81' lang='lat' dir='ltr'><strong>est</strong></span> <span class='ocrx_word' id='word_1_534' title='bbox 1445 4049 1580 4103; x_wconf 81' lang='lat' dir='ltr'><strong>fides</strong></span> <span class='ocrx_word' id='word_1_535' title='bbox 1606 4048 1662 4104; x_wconf 89' lang='lat' dir='ltr'><strong>in</strong></span> <span class='ocrx_word' id='word_1_536' title='bbox 1686 4048 1993 4108; x_wconf 83' lang='lat' dir='ltr'><strong>Christum.</strong></span> 
     </span>
    </p>
   </div>
   <div class='ocr_carea' id='block_1_74' title="bbox 423 4135 1992 4212">
    <p class='ocr_par' dir='ltr' id='par_1_74' title="bbox 423 4135 1992 4212">
     <span class='ocr_line' id='line_1_74' title="bbox 423 4135 1992 4212; baseline 0.005 -23"><span class='ocrx_word' id='word_1_537' title='bbox 423 4135 482 4190; x_wconf 81' lang='lat' dir='ltr'><strong>in</strong></span> <span class='ocrx_word' id='word_1_538' title='bbox 521 4137 751 4194; x_wconf 68' lang='lat' dir='ltr'><strong>veritate</strong></span> <span class='ocrx_word' id='word_1_539' title='bbox 790 4139 954 4193; x_wconf 90' lang='lat' dir='ltr'><strong>etiam</strong></span> <span class='ocrx_word' id='word_1_540' title='bbox 987 4140 1063 4193; x_wconf 89' lang='lat' dir='ltr'><strong>ait</strong></span> <span class='ocrx_word' id='word_1_541' title='bbox 1107 4154 1169 4194; x_wconf 83' lang='lat' dir='ltr'><strong>se</strong></span> <span class='ocrx_word' id='word_1_542' title='bbox 1206 4140 1451 4210; x_wconf 76' lang='lat' dir='ltr'><strong>diligere.</strong></span> <span class='ocrx_word' id='word_1_543' title='bbox 1512 4141 1798 4212; x_wconf 79' lang='lat' dir='ltr'><strong>Contingit</strong></span> <span class='ocrx_word' id='word_1_544' title='bbox 1844 4144 1992 4199; x_wconf 88' lang='lat' dir='ltr'><strong>enim</strong></span> 
     </span>
    </p>
   </div>
   <div class='ocr_carea' id='block_1_75' title="bbox 2100 3218 3673 3290">
    <p class='ocr_par' dir='ltr' id='par_1_75' title="bbox 2100 3218 3673 3290">
     <span class='ocr_line' id='line_1_75' title="bbox 2100 3218 3673 3290; baseline 0.001 -18"><span class='ocrx_word' id='word_1_545' title='bbox 2100 3221 2500 3289; x_wconf 76' lang='grc' dir='ltr'>ἐπιμαρτυρεῖ,</span> <span class='ocrx_word' id='word_1_546' title='bbox 2550 3218 2611 3272; x_wconf 73' lang='grc' dir='ltr'>ἓν</span> <span class='ocrx_word' id='word_1_547' title='bbox 2648 3218 2793 3288; x_wconf 75' lang='grc' dir='ltr'>μὲν,</span> <span class='ocrx_word' id='word_1_548' title='bbox 2849 3218 2910 3271; x_wconf 79' lang='grc' dir='ltr'>τὸ</span> <span class='ocrx_word' id='word_1_549' title='bbox 2967 3219 3025 3272; x_wconf 79' lang='grc' dir='ltr'>ἐν</span> <span class='ocrx_word' id='word_1_550' title='bbox 3073 3218 3260 3288; x_wconf 82' lang='grc' dir='ltr'><strong>ἀγάπῃ</strong></span> <span class='ocrx_word' id='word_1_551' title='bbox 3319 3222 3673 3290; x_wconf 77' lang='grc' dir='ltr'>περιπατεῖν,</span> 
     </span>
    </p>
   </div>
   <div class='ocr_carea' id='block_1_76' title="bbox 2098 3310 3681 3383">
    <p class='ocr_par' dir='ltr' id='par_1_76' title="bbox 2098 3310 3681 3383">
     <span class='ocr_line' id='line_1_76' title="bbox 2098 3310 3681 3383; baseline 0.001 -19"><span class='ocrx_word' id='word_1_552' title='bbox 2098 3310 2284 3383; x_wconf 73' lang='grc' dir='ltr'>ἕτερον</span> <span class='ocrx_word' id='word_1_553' title='bbox 2314 3311 2391 3378; x_wconf 83' lang='grc' dir='ltr'><strong>δὲ,</strong></span> <span class='ocrx_word' id='word_1_554' title='bbox 2424 3312 2483 3364; x_wconf 84' lang='grc' dir='ltr'>τὸ</span> <span class='ocrx_word' id='word_1_555' title='bbox 2527 3310 2892 3381; x_wconf 76' lang='grc' dir='ltr'>ἐκτρέπεσθαι</span> <span class='ocrx_word' id='word_1_556' title='bbox 2938 3313 3068 3374; x_wconf 81' lang='grc' dir='ltr'>τοὺς</span> <span class='ocrx_word' id='word_1_557' title='bbox 3111 3310 3448 3382; x_wconf 77' lang='grc' dir='ltr'>αἰρετικούς.</span> <span class='ocrx_word' id='word_1_558' title='bbox 3494 3312 3681 3366; x_wconf 79' lang='grc' dir='ltr'>Ἐκλε-</span> 
     </span>
    </p>
   </div>
   <div class='ocr_carea' id='block_1_77' title="bbox 2099 3404 3675 3478">
    <p class='ocr_par' dir='ltr' id='par_1_77' title="bbox 2099 3404 3675 3478">
     <span class='ocr_line' id='line_1_77' title="bbox 2099 3404 3675 3478; baseline 0 -20"><span class='ocrx_word' id='word_1_559' title='bbox 2099 3405 2234 3476; x_wconf 75' lang='grc' dir='ltr'>κτὴν</span> <span class='ocrx_word' id='word_1_560' title='bbox 2263 3404 2343 3470; x_wconf 78' lang='grc' dir='ltr'><strong>δὲ,</strong></span> <span class='ocrx_word' id='word_1_561' title='bbox 2377 3406 2410 3477; x_wconf 79' lang='grc' dir='ltr'>ἢ</span> <span class='ocrx_word' id='word_1_562' title='bbox 2443 3404 2551 3458; x_wconf 81' lang='grc' dir='ltr'>ἀπὸ</span> <span class='ocrx_word' id='word_1_563' title='bbox 2589 3404 2683 3458; x_wconf 83' lang='grc' dir='ltr'><strong>τοῦ</strong></span> <span class='ocrx_word' id='word_1_564' title='bbox 2721 3404 3004 3475; x_wconf 78' lang='grc' dir='ltr'>ὀνόματος,</span> <span class='ocrx_word' id='word_1_565' title='bbox 3035 3404 3069 3478; x_wconf 75' lang='grc' dir='ltr'>ἢ</span> <span class='ocrx_word' id='word_1_566' title='bbox 3104 3404 3213 3459; x_wconf 80' lang='grc' dir='ltr'>ἀπὸ</span> <span class='ocrx_word' id='word_1_567' title='bbox 3243 3404 3342 3477; x_wconf 79' lang='grc' dir='ltr'>τῆς</span> <span class='ocrx_word' id='word_1_568' title='bbox 3397 3406 3526 3477; x_wconf 70' lang='grc' dir='ltr'>περὶ</span> <span class='ocrx_word' id='word_1_569' title='bbox 3580 3404 3675 3478; x_wconf 83' lang='grc' dir='ltr'>τὴν</span> 
     </span>
    </p>
   </div>
   <div class='ocr_carea' id='block_1_78' title="bbox 2097 3496 3676 3570">
    <p class='ocr_par' dir='ltr' id='par_1_78' title="bbox 2097 3496 3676 3570">
     <span class='ocr_line' id='line_1_78' title="bbox 2097 3496 3676 3570; baseline -0.001 -19"><span class='ocrx_word' id='word_1_570' title='bbox 2097 3496 2299 3569; x_wconf 76' lang='grc' dir='ltr'>ἀρετὴν</span> <span class='ocrx_word' id='word_1_571' title='bbox 2325 3496 2659 3567; x_wconf 78' lang='grc' dir='ltr'>φιλοτιμίας,</span> <span class='ocrx_word' id='word_1_572' title='bbox 2696 3497 2871 3552; x_wconf 74' lang='grc' dir='ltr'>καλεῖ.</span> <span class='ocrx_word' id='word_1_573' title='bbox 2906 3497 3012 3551; x_wconf 84' lang='grc' dir='ltr'>Ἦν</span> <span class='ocrx_word' id='word_1_574' title='bbox 3046 3499 3136 3552; x_wconf 79' lang='grc' dir='ltr'><strong>καὶ</strong></span> <span class='ocrx_word' id='word_1_575' title='bbox 3174 3498 3398 3570; x_wconf 79' lang='grc' dir='ltr'>ἀγαπᾷν</span> <span class='ocrx_word' id='word_1_576' title='bbox 3426 3515 3591 3569; x_wconf 71' lang='grc' dir='ltr'>φησιν</span> <span class='ocrx_word' id='word_1_577' title='bbox 3618 3501 3676 3551; x_wconf 84' lang='grc' dir='ltr'>ὲν</span> 
     </span>
    </p>
   </div>
   <div class='ocr_carea' id='block_1_79' title="bbox 2098 3588 3675 3663">
    <p class='ocr_par' dir='ltr' id='par_1_79' title="bbox 2098 3588 3675 3663">
     <span class='ocr_line' id='line_1_79' title="bbox 2098 3588 3675 3663; baseline 0.001 -19"><span class='ocrx_word' id='word_1_578' title='bbox 2098 3589 2353 3663; x_wconf 74' lang='grc' dir='ltr'>ἀληθεία,</span> <span class='ocrx_word' id='word_1_579' title='bbox 2388 3592 2484 3643; x_wconf 61' lang='grc' dir='ltr'>καὶ</span> <span class='ocrx_word' id='word_1_580' title='bbox 2522 3589 2584 3642; x_wconf 71' lang='grc' dir='ltr'><strong>οὐ</strong></span> <span class='ocrx_word' id='word_1_581' title='bbox 2620 3590 2784 3660; x_wconf 78' lang='grc' dir='ltr'>μόνον</span> <span class='ocrx_word' id='word_1_582' title='bbox 2807 3588 3000 3661; x_wconf 76' lang='grc' dir='ltr'>αὐτὴν,</span> <span class='ocrx_word' id='word_1_583' title='bbox 3031 3588 3168 3643; x_wconf 87' lang='grc' dir='ltr'><strong>ἀλλά</strong></span> <span class='ocrx_word' id='word_1_584' title='bbox 3195 3592 3288 3643; x_wconf 66' lang='grc' dir='ltr'><strong>καὶ</strong></span> <span class='ocrx_word' id='word_1_585' title='bbox 3316 3590 3525 3652; x_wconf 77' lang='grc' dir='ltr'>πάντας</span> <span class='ocrx_word' id='word_1_586' title='bbox 3550 3590 3675 3657; x_wconf 73' lang='grc' dir='ltr'>τοὺς</span> 
     </span>
    </p>
   </div>
   <div class='ocr_carea' id='block_1_80' title="bbox 2097 3679 3675 3756">
    <p class='ocr_par' dir='ltr' id='par_1_80' title="bbox 2097 3679 3675 3756">
     <span class='ocr_line' id='line_1_80' title="bbox 2097 3679 3675 3756; baseline 0.001 -20"><span class='ocrx_word' id='word_1_587' title='bbox 2097 3682 2439 3753; x_wconf 73' lang='grc' dir='ltr'>ὁμοτρόπους</span> <span class='ocrx_word' id='word_1_588' title='bbox 2483 3681 2644 3749; x_wconf 76' lang='grc' dir='ltr'>αὐτῇ,</span> <span class='ocrx_word' id='word_1_589' title='bbox 2680 3681 2808 3742; x_wconf 76' lang='grc' dir='ltr'>τοὺς</span> <span class='ocrx_word' id='word_1_590' title='bbox 2836 3680 2935 3751; x_wconf 77' lang='grc' dir='ltr'>τὴν</span> <span class='ocrx_word' id='word_1_591' title='bbox 2975 3679 3052 3750; x_wconf 84' lang='grc' dir='ltr'>τῷ</span> <span class='ocrx_word' id='word_1_592' title='bbox 3097 3679 3214 3756; x_wconf 72' lang='grc' dir='ltr'>ὄντι</span> <span class='ocrx_word' id='word_1_593' title='bbox 3245 3681 3505 3751; x_wconf 75' lang='grc' dir='ltr'>ἀλήθειαν</span> <span class='ocrx_word' id='word_1_594' title='bbox 3529 3682 3675 3753; x_wconf 78' lang='grc' dir='ltr'>ἔχον·</span> 
     </span>
    </p>
   </div>
   <div class='ocr_carea' id='block_1_81' title="bbox 2095 3771 3675 3844">
    <p class='ocr_par' dir='ltr' id='par_1_81' title="bbox 2095 3771 3675 3844">
     <span class='ocr_line' id='line_1_81' title="bbox 2095 3771 3675 3844; baseline 0.001 -17"><span class='ocrx_word' id='word_1_595' title='bbox 2095 3791 2193 3839; x_wconf 72' lang='grc' dir='ltr'><strong>τας</strong></span> <span class='ocrx_word' id='word_1_596' title='bbox 2220 3776 2277 3828; x_wconf 75' lang='grc' dir='ltr'>ἐν</span> <span class='ocrx_word' id='word_1_597' title='bbox 2311 3774 2524 3836; x_wconf 76' lang='grc' dir='ltr'>ἑαυτοῖς</span> <span class='ocrx_word' id='word_1_598' title='bbox 2549 3772 2918 3844; x_wconf 69' lang='grc' dir='ltr'>ἡδρασμένην.</span> <span class='ocrx_word' id='word_1_599' title='bbox 2952 3772 3123 3826; x_wconf 85' lang='grc' dir='ltr'>Τοῦτο</span> <span class='ocrx_word' id='word_1_600' title='bbox 3149 3771 3257 3840; x_wconf 79' lang='grc' dir='ltr'><strong>γὰρ</strong></span> <span class='ocrx_word' id='word_1_601' title='bbox 3284 3775 3542 3843; x_wconf 76' lang='grc' dir='ltr'>σημαίνει</span> <span class='ocrx_word' id='word_1_602' title='bbox 3586 3773 3675 3828; x_wconf 75' lang='grc' dir='ltr'><strong>διὰ</strong></span> 
     </span>
    </p>
   </div>
   <div class='ocr_carea' id='block_1_82' title="bbox 2095 3862 3675 3935">
    <p class='ocr_par' dir='ltr' id='par_1_82' title="bbox 2095 3862 3675 3935">
     <span class='ocr_line' id='line_1_82' title="bbox 2095 3862 3675 3935; baseline -0.001 -16"><span class='ocrx_word' id='word_1_603' title='bbox 2095 3864 2209 3927; x_wconf 88' lang='grc' dir='ltr'>τοῦ.</span> <span class='ocrx_word' id='word_1_604' title='bbox 2263 3863 2373 3935; x_wconf 82' lang='grc' dir='ltr'>Τὴν</span> <span class='ocrx_word' id='word_1_605' title='bbox 2436 3865 2699 3935; x_wconf 77' lang='grc' dir='ltr'>μένουσαν</span> <span class='ocrx_word' id='word_1_606' title='bbox 2727 3866 2786 3918; x_wconf 71' lang='grc' dir='ltr'>ἐν</span> <span class='ocrx_word' id='word_1_607' title='bbox 2818 3864 2971 3933; x_wconf 73' lang='grc' dir='ltr'>ἡμῖν.</span> <span class='ocrx_word' id='word_1_608' title='bbox 3025 3862 3196 3917; x_wconf 86' lang='grc' dir='ltr'>Τοῦτο</span> <span class='ocrx_word' id='word_1_609' title='bbox 3224 3864 3280 3916; x_wconf 73' lang='grc' dir='ltr'><strong><em>δέ</em></strong></span> <span class='ocrx_word' id='word_1_610' title='bbox 3334 3866 3547 3935; x_wconf 69' lang='grc' dir='ltr'>ἐστινὴ</span> <span class='ocrx_word' id='word_1_611' title='bbox 3595 3866 3675 3928; x_wconf 75' lang='grc' dir='ltr'><strong>εἰς</strong></span> 
     </span>
    </p>
   </div>
   <div class='ocr_carea' id='block_1_83' title="bbox 2094 3954 3673 4030">
    <p class='ocr_par' dir='ltr' id='par_1_83' title="bbox 2094 3954 3673 4030">
     <span class='ocr_line' id='line_1_83' title="bbox 2094 3954 3673 4030; baseline -0.001 -17"><span class='ocrx_word' id='word_1_612' title='bbox 2094 3958 2335 4030; x_wconf 78' lang='grc' dir='ltr'>Χριστὸν</span> <span class='ocrx_word' id='word_1_613' title='bbox 2366 3957 2571 4020; x_wconf 72' lang='grc' dir='ltr'>πίστις.</span> <span class='ocrx_word' id='word_1_614' title='bbox 2620 3957 2707 4009; x_wconf 84' lang='grc' dir='ltr'>Ἐν</span> <span class='ocrx_word' id='word_1_615' title='bbox 2730 3954 2963 4025; x_wconf 80' lang='grc' dir='ltr'>ἀληθείᾳ</span> <span class='ocrx_word' id='word_1_616' title='bbox 2994 3954 3052 4008; x_wconf 77' lang='grc' dir='ltr'><strong>δὲ</strong></span> <span class='ocrx_word' id='word_1_617' title='bbox 3072 3955 3293 4028; x_wconf 79' lang='grc' dir='ltr'>ἀγαπᾷν</span> <span class='ocrx_word' id='word_1_618' title='bbox 3316 3957 3488 4024; x_wconf 74' lang='grc' dir='ltr'>λέγει.</span> <span class='ocrx_word' id='word_1_619' title='bbox 3518 3957 3673 4012; x_wconf 83' lang='grc' dir='ltr'>Ἐστι</span> 
     </span>
    </p>
   </div>
   <div class='ocr_carea' id='block_1_84' title="bbox 2095 4047 3674 4123">
    <p class='ocr_par' dir='ltr' id='par_1_84' title="bbox 2095 4047 3674 4123">
     <span class='ocr_line' id='line_1_84' title="bbox 2095 4047 3674 4123; baseline -0.001 -19"><span class='ocrx_word' id='word_1_620' title='bbox 2095 4052 2206 4123; x_wconf 86' lang='grc' dir='ltr'>γὰρ</span> <span class='ocrx_word' id='word_1_621' title='bbox 2236 4052 2330 4103; x_wconf 76' lang='grc' dir='ltr'><strong>καὶ</strong></span> <span class='ocrx_word' id='word_1_622' title='bbox 2377 4049 2727 4110; x_wconf 84' lang='grc' dir='ltr'>ὲπιπλάστως</span> <span class='ocrx_word' id='word_1_623' title='bbox 2786 4047 3030 4118; x_wconf 83' lang='grc' dir='ltr'>ἀγαπᾷν,</span> <span class='ocrx_word' id='word_1_624' title='bbox 3072 4049 3323 4117; x_wconf 74' lang='grc' dir='ltr'>στόματι,</span> <span class='ocrx_word' id='word_1_625' title='bbox 3378 4047 3454 4110; x_wconf 78' lang='grc' dir='ltr'>ὡς</span> <span class='ocrx_word' id='word_1_626' title='bbox 3512 4048 3674 4113; x_wconf 73' lang='grc' dir='ltr'>αὐτὸς</span> 
     </span>
    </p>
   </div>
   <div class='ocr_carea' id='block_1_85' title="bbox 2093 4137 3674 4213">
    <p class='ocr_par' dir='ltr' id='par_1_85' title="bbox 2093 4137 3674 4213">
     <span class='ocr_line' id='line_1_85' title="bbox 2093 4137 3674 4213; baseline -0.002 -17"><span class='ocrx_word' id='word_1_627' title='bbox 2093 4137 2250 4206; x_wconf 72' lang='grc' dir='ltr'>οὗτος</span> <span class='ocrx_word' id='word_1_628' title='bbox 2270 4143 2326 4195; x_wconf 82' lang='grc' dir='ltr'>ὲν</span> <span class='ocrx_word' id='word_1_629' title='bbox 2352 4145 2420 4213; x_wconf 78' lang='grc' dir='ltr'><strong>τῇ</strong></span> <span class='ocrx_word' id='word_1_630' title='bbox 2444 4141 2639 4213; x_wconf 78' lang='grc' dir='ltr'>πρώτῃ</span> <span class='ocrx_word' id='word_1_631' title='bbox 2661 4140 2951 4210; x_wconf 71' lang='grc' dir='ltr'>Ἐπιστολῇ</span> <span class='ocrx_word' id='word_1_632' title='bbox 2984 4138 3110 4208; x_wconf 79' lang='grc' dir='ltr'>περί</span> <span class='ocrx_word' id='word_1_633' title='bbox 3138 4155 3302 4192; x_wconf 85' lang='grc' dir='ltr'>τινων</span> <span class='ocrx_word' id='word_1_634' title='bbox 3332 4137 3674 4209; x_wconf 76' lang='grc' dir='ltr'>νωθρευομί·</span> 
     </span>
    </p>
   </div>
   <div class='ocr_carea' id='block_1_86' title="bbox 420 4228 1998 4304">
    <p class='ocr_par' dir='ltr' id='par_1_86' title="bbox 420 4228 1995 4304">
     <span class='ocr_line' id='line_1_86' title="bbox 420 4228 1995 4304; baseline 0.007 -22"><span class='ocrx_word' id='word_1_635' title='bbox 420 4237 478 4282; x_wconf 81' lang='lat' dir='ltr'><strong>et</strong></span> <span class='ocrx_word' id='word_1_636' title='bbox 505 4228 630 4283; x_wconf 73' lang='lat' dir='ltr'><strong>ficte</strong></span> <span class='ocrx_word' id='word_1_637' title='bbox 650 4229 811 4300; x_wconf 74' lang='lat'><strong>607</strong></span> <span class='ocrx_word' id='word_1_638' title='bbox 847 4231 1073 4301; x_wconf 77' lang='lat' dir='ltr'><strong>diligere</strong></span> <span class='ocrx_word' id='word_1_639' title='bbox 1098 4246 1193 4286; x_wconf 91' lang='lat' dir='ltr'><strong>ore</strong></span> <span class='ocrx_word' id='word_1_640' title='bbox 1224 4249 1241 4298; x_wconf 86' lang='lat'><strong>;</strong></span> <span class='ocrx_word' id='word_1_641' title='bbox 1275 4233 1732 4302; x_wconf 80' lang='lat' dir='ltr'><strong>quemadmodum</strong></span> <span class='ocrx_word' id='word_1_642' title='bbox 1761 4237 1848 4289; x_wconf 90' lang='lat' dir='ltr'><strong>hic</strong></span> <span class='ocrx_word' id='word_1_643' title='bbox 1879 4235 1995 4304; x_wconf 86' lang='lat' dir='ltr'><strong>ipse</strong></span> 
     </span>
    </p>
   </div>
   <div class='ocr_carea' id='block_1_87' title="bbox 2100 4228 3672 4304">
    <p class='ocr_par' dir='ltr' id='par_1_87' title="bbox 2100 4228 3672 4301">
     <span class='ocr_line' id='line_1_87' title="bbox 2100 4228 3672 4301; baseline -0.002 -13"><span class='ocrx_word' id='word_1_644' title='bbox 2100 4251 2201 4288; x_wconf 84' lang='grc' dir='ltr'><strong>νων</strong></span> <span class='ocrx_word' id='word_1_645' title='bbox 2256 4232 2494 4301; x_wconf 76' lang='grc' dir='ltr'>ἐδήλωσε</span> <span class='ocrx_word' id='word_1_646' title='bbox 2549 4230 2782 4287; x_wconf 83' lang='grc' dir='ltr'>πιστῶν.</span> <span class='ocrx_word' id='word_1_647' title='bbox 2839 4228 3023 4283; x_wconf 74' lang='grc' dir='ltr'>Εἰπὼν</span> <span class='ocrx_word' id='word_1_648' title='bbox 3056 4228 3135 4292; x_wconf 74' lang='grc' dir='ltr'>δὲ,</span> <span class='ocrx_word' id='word_1_649' title='bbox 3187 4229 3346 4296; x_wconf 80' lang='grc' dir='ltr'>ιΤὴν</span> <span class='ocrx_word' id='word_1_650' title='bbox 3403 4231 3672 4300; x_wconf 75' lang='grc' dir='ltr'>μένουσαν</span> 
     </span>
    </p>
   </div>
   <div class='ocr_carea' id='block_1_88' title="bbox 423 4317 1998 4394">
    <p class='ocr_par' dir='ltr' id='par_1_88' title="bbox 423 4323 1993 4394">
     <span class='ocr_line' id='line_1_88' title="bbox 423 4323 1993 4394; baseline 0.004 -17"><span class='ocrx_word' id='word_1_651' title='bbox 423 4325 479 4377; x_wconf 89' lang='lat' dir='ltr'><strong>in</strong></span> <span class='ocrx_word' id='word_1_652' title='bbox 504 4325 684 4393; x_wconf 87' lang='lat' dir='ltr'><strong>priore</strong></span> <span class='ocrx_word' id='word_1_653' title='bbox 718 4323 961 4394; x_wconf 82' lang='lat' dir='ltr'><strong>Epistola</strong></span> <span class='ocrx_word' id='word_1_654' title='bbox 988 4325 1056 4379; x_wconf 89' lang='lat' dir='ltr'><strong>de</strong></span> <span class='ocrx_word' id='word_1_655' title='bbox 1106 4326 1439 4393; x_wconf 80' lang='lat' dir='ltr'><strong>quibusdam</strong></span> <span class='ocrx_word' id='word_1_656' title='bbox 1494 4328 1824 4394; x_wconf 74' lang='lat' dir='ltr'><strong>significavit</strong></span> <span class='ocrx_word' id='word_1_657' title='bbox 1866 4344 1993 4385; x_wconf 77' lang='lat' dir='ltr'><strong>cor-</strong></span> 
     </span>
    </p>
   </div>
   <div class='ocr_carea' id='block_1_89' title="bbox 2100 4317 3674 4394">
    <p class='ocr_par' dir='ltr' id='par_1_89' title="bbox 2100 4317 3674 4394">
     <span class='ocr_line' id='line_1_89' title="bbox 2100 4317 3674 4394; baseline -0.001 -17"><span class='ocrx_word' id='word_1_658' title='bbox 2100 4325 2152 4377; x_wconf 71' lang='grc' dir='ltr'>ὲν</span> <span class='ocrx_word' id='word_1_659' title='bbox 2191 4325 2344 4394; x_wconf 73' lang='grc' dir='ltr'>ἡμῖν,</span> <span class='ocrx_word' id='word_1_660' title='bbox 2366 4341 2384 4373; x_wconf 75' lang='grc' dir='ltr'><strong>ι</strong></span> <span class='ocrx_word' id='word_1_661' title='bbox 2419 4317 2531 4376; x_wconf 82' lang='grc' dir='ltr'>οἷον</span> <span class='ocrx_word' id='word_1_662' title='bbox 2581 4321 2679 4391; x_wconf 79' lang='grc' dir='ltr'>τὴν</span> <span class='ocrx_word' id='word_1_663' title='bbox 2709 4317 2884 4389; x_wconf 84' lang='grc' dir='ltr'>ἀληθῆ</span> <span class='ocrx_word' id='word_1_664' title='bbox 2938 4317 3032 4371; x_wconf 69' lang='grc' dir='ltr'><strong>καὶ</strong></span> <span class='ocrx_word' id='word_1_665' title='bbox 3062 4317 3283 4389; x_wconf 77' lang='grc' dir='ltr'>ἑδραίαν</span> <span class='ocrx_word' id='word_1_666' title='bbox 3308 4322 3403 4373; x_wconf 75' lang='grc' dir='ltr'><strong>καὶ</strong></span> <span class='ocrx_word' id='word_1_667' title='bbox 3432 4321 3509 4392; x_wconf 80' lang='grc' dir='ltr'>μὴ</span> <span class='ocrx_word' id='word_1_668' title='bbox 3540 4337 3674 4375; x_wconf 78' lang='grc' dir='ltr'>κατ-</span> 
     </span>
    </p>
   </div>
   <div class='ocr_carea' id='block_1_90' title="bbox 425 4409 1998 4489">
    <p class='ocr_par' dir='ltr' id='par_1_90' title="bbox 425 4413 1993 4489">
     <span class='ocr_line' id='line_1_90' title="bbox 425 4413 1993 4489; baseline 0.006 -24"><span class='ocrx_word' id='word_1_669' title='bbox 425 4418 600 4485; x_wconf 76' lang='lat' dir='ltr'><strong>tuptis</strong></span> <span class='ocrx_word' id='word_1_670' title='bbox 637 4415 910 4472; x_wconf 79' lang='lat' dir='ltr'><strong>fidelibus.</strong></span> <span class='ocrx_word' id='word_1_671' title='bbox 938 4413 1041 4470; x_wconf 89' lang='lat' dir='ltr'><strong>Ubi</strong></span> <span class='ocrx_word' id='word_1_672' title='bbox 1066 4426 1245 4470; x_wconf 88' lang='lat' dir='ltr'><strong>autem</strong></span> <span class='ocrx_word' id='word_1_673' title='bbox 1284 4415 1459 4472; x_wconf 78' lang='lat' dir='ltr'><strong>dixit:</strong></span> <span class='ocrx_word' id='word_1_674' title='bbox 1492 4435 1511 4468; x_wconf 85' lang='grc' dir='ltr'><strong>ι</strong></span> <span class='ocrx_word' id='word_1_675' title='bbox 1550 4419 1682 4484; x_wconf 68' lang='lat' dir='ltr'><strong>Quae</strong></span> <span class='ocrx_word' id='word_1_676' title='bbox 1710 4431 1993 4489; x_wconf 82' lang='lat' dir='ltr'><strong>permanet</strong></span> 
     </span>
    </p>
   </div>
   <div class='ocr_carea' id='block_1_91' title="bbox 2100 4409 3679 4489">
    <p class='ocr_par' dir='ltr' id='par_1_91' title="bbox 2100 4409 3679 4483">
     <span class='ocr_line' id='line_1_91' title="bbox 2100 4409 3679 4483; baseline 0.001 -17"><span class='ocrx_word' id='word_1_677' title='bbox 2100 4410 2602 4483; x_wconf 77' lang='grc' dir='ltr'>εσχηματισμένην,</span> <span class='ocrx_word' id='word_1_678' title='bbox 2649 4409 2922 4481; x_wconf 74' lang='grc' dir='ltr'>ἐπήνεγκε</span> <span class='ocrx_word' id='word_1_679' title='bbox 2974 4410 3054 4474; x_wconf 79' lang='grc' dir='ltr'>τὸ,</span> <span class='ocrx_word' id='word_1_680' title='bbox 3127 4430 3145 4462; x_wconf 88' lang='grc' dir='ltr'><strong>ι</strong></span> <span class='ocrx_word' id='word_1_681' title='bbox 3174 4411 3283 4464; x_wconf 75' lang='grc' dir='ltr'><strong>Καὶ</strong></span> <span class='ocrx_word' id='word_1_682' title='bbox 3330 4411 3450 4482; x_wconf 82' lang='grc' dir='ltr'>μεθ’</span> <span class='ocrx_word' id='word_1_683' title='bbox 3511 4412 3679 4483; x_wconf 53' lang='grc' dir='ltr'>ἡμῶν,</span> 
     </span>
    </p>
   </div>
   <div class='ocr_carea' id='block_1_92' title="bbox 426 4494 1998 4578">
    <p class='ocr_par' dir='ltr' id='par_1_92' title="bbox 426 4505 1988 4578">
     <span class='ocr_line' id='line_1_92' title="bbox 426 4505 1988 4578; baseline 0.006 -21"><span class='ocrx_word' id='word_1_684' title='bbox 426 4505 480 4559; x_wconf 88' lang='lat' dir='ltr'><strong>iu</strong></span> <span class='ocrx_word' id='word_1_685' title='bbox 516 4506 673 4559; x_wconf 87' lang='lat' dir='ltr'><strong>nobis</strong></span> <span class='ocrx_word' id='word_1_686' title='bbox 696 4506 766 4569; x_wconf 75' lang='grc'><strong>³⁸,</strong></span> <span class='ocrx_word' id='word_1_687' title='bbox 788 4525 808 4558; x_wconf 75' lang='grc' dir='ltr'><strong>ι</strong></span> <span class='ocrx_word' id='word_1_688' title='bbox 846 4508 950 4561; x_wconf 87' lang='lat' dir='ltr'><strong>hoc</strong></span> <span class='ocrx_word' id='word_1_689' title='bbox 980 4515 1083 4572; x_wconf 89' lang='lat' dir='ltr'><strong>est,</strong></span> <span class='ocrx_word' id='word_1_690' title='bbox 1109 4522 1231 4578; x_wconf 69' lang='lat' dir='ltr'><strong>quae</strong></span> <span class='ocrx_word' id='word_1_691' title='bbox 1256 4523 1382 4563; x_wconf 69' lang='lat' dir='ltr'><strong>vera</strong></span> <span class='ocrx_word' id='word_1_692' title='bbox 1439 4523 1504 4564; x_wconf 83' lang='lat' dir='ltr'><strong>ac</strong></span> <span class='ocrx_word' id='word_1_693' title='bbox 1538 4509 1691 4563; x_wconf 90' lang='lat' dir='ltr'><strong>firma</strong></span> <span class='ocrx_word' id='word_1_694' title='bbox 1722 4518 1828 4575; x_wconf 88' lang='lat' dir='ltr'><strong>est,</strong></span> <span class='ocrx_word' id='word_1_695' title='bbox 1860 4512 1988 4567; x_wconf 83' lang='lat' dir='ltr'><strong>sub-</strong></span> 
     </span>
    </p>
   </div>
   <div class='ocr_carea' id='block_1_93' title="bbox 2100 4494 3668 4578">
    <p class='ocr_par' dir='ltr' id='par_1_93' title="bbox 2100 4501 3668 4574">
     <span class='ocr_line' id='line_1_93' title="bbox 2100 4501 3668 4574; baseline 0.001 -18"><span class='ocrx_word' id='word_1_696' title='bbox 2100 4505 2253 4557; x_wconf 78' lang='grc' dir='ltr'>ἔσται</span> <span class='ocrx_word' id='word_1_697' title='bbox 2286 4504 2365 4566; x_wconf 80' lang='grc' dir='ltr'><strong>εἰς</strong></span> <span class='ocrx_word' id='word_1_698' title='bbox 2396 4505 2490 4557; x_wconf 82' lang='grc' dir='ltr'>τὸν</span> <span class='ocrx_word' id='word_1_699' title='bbox 2521 4503 2713 4566; x_wconf 80' lang='grc' dir='ltr'>αἰῶνα,</span> <span class='ocrx_word' id='word_1_700' title='bbox 2745 4518 2764 4552; x_wconf 78' lang='grc' dir='ltr'><strong>ι</strong></span> <span class='ocrx_word' id='word_1_701' title='bbox 2801 4503 2860 4555; x_wconf 76' lang='grc' dir='ltr'><strong>τὸ</strong></span> <span class='ocrx_word' id='word_1_702' title='bbox 2887 4501 3262 4574; x_wconf 79' lang='grc' dir='ltr'>ἀναπόϐλητον</span> <span class='ocrx_word' id='word_1_703' title='bbox 3279 4504 3373 4556; x_wconf 84' lang='grc' dir='ltr'><strong>τοῦ</strong></span> <span class='ocrx_word' id='word_1_704' title='bbox 3395 4503 3668 4574; x_wconf 80' lang='grc' dir='ltr'>χαρίσμα-</span> 
     </span>
    </p>
   </div>
   <div class='ocr_carea' id='block_1_94' title="bbox 420 4593 1998 4673">
    <p class='ocr_par' dir='ltr' id='par_1_94' title="bbox 420 4596 1995 4673">
     <span class='ocr_line' id='line_1_94' title="bbox 420 4596 1995 4673; baseline 0.005 -23"><span class='ocrx_word' id='word_1_705' title='bbox 420 4598 605 4666; x_wconf 80' lang='lat' dir='ltr'><strong>junxit</strong></span> <span class='ocrx_word' id='word_1_706' title='bbox 633 4613 651 4656; x_wconf 71' lang='grc' dir='ltr'><strong>ι</strong></span> <span class='ocrx_word' id='word_1_707' title='bbox 688 4615 707 4648; x_wconf 83' lang='grc' dir='ltr'><strong>ι</strong></span> <span class='ocrx_word' id='word_1_708' title='bbox 742 4596 804 4650; x_wconf 83' lang='grc' dir='ltr'>Ει</span> <span class='ocrx_word' id='word_1_709' title='bbox 833 4598 1120 4654; x_wconf 80' lang='lat' dir='ltr'><strong>nobiscum</strong></span> <span class='ocrx_word' id='word_1_710' title='bbox 1153 4600 1258 4653; x_wconf 86' lang='lat' dir='ltr'><strong>erit</strong></span> <span class='ocrx_word' id='word_1_711' title='bbox 1301 4599 1354 4654; x_wconf 89' lang='lat' dir='ltr'><strong>in</strong></span> <span class='ocrx_word' id='word_1_712' title='bbox 1397 4609 1685 4656; x_wconf 72' lang='lat' dir='ltr'><strong>reternunt.</strong></span> <span class='ocrx_word' id='word_1_713' title='bbox 1719 4619 1739 4655; x_wconf 76' lang='grc' dir='ltr'><strong>ι</strong></span> <span class='ocrx_word' id='word_1_714' title='bbox 1772 4603 1995 4673; x_wconf 77' lang='lat' dir='ltr'><strong>Signifi-</strong></span> 
     </span>
    </p>
   </div>
   <div class='ocr_carea' id='block_1_95' title="bbox 2100 4593 3668 4673">
    <p class='ocr_par' dir='ltr' id='par_1_95' title="bbox 2100 4593 3668 4667">
     <span class='ocr_line' id='line_1_95' title="bbox 2100 4593 3668 4667; baseline -0.003 -16"><span class='ocrx_word' id='word_1_715' title='bbox 2100 4613 2186 4661; x_wconf 90' lang='grc' dir='ltr'><strong>τος</strong></span> <span class='ocrx_word' id='word_1_716' title='bbox 2221 4596 2527 4667; x_wconf 82' lang='grc' dir='ltr'>σημαίνων.</span> <span class='ocrx_word' id='word_1_717' title='bbox 2570 4595 2726 4648; x_wconf 84' lang='grc' dir='ltr'>Ἐστι</span> <span class='ocrx_word' id='word_1_718' title='bbox 2752 4593 2860 4663; x_wconf 81' lang='grc' dir='ltr'>γὰρ</span> <span class='ocrx_word' id='word_1_719' title='bbox 2898 4594 3140 4657; x_wconf 74' lang='grc' dir='ltr'>καὶτοὺς</span> <span class='ocrx_word' id='word_1_720' title='bbox 3171 4594 3543 4665; x_wconf 78' lang='grc' dir='ltr'>ἡδρασμένους</span> <span class='ocrx_word' id='word_1_721' title='bbox 3576 4593 3668 4648; x_wconf 72' lang='grc' dir='ltr'>ὲπί</span> 
     </span>
    </p>
   </div>
   <div class='ocr_carea' id='block_1_96' title="bbox 425 4676 1998 4765">
    <p class='ocr_par' dir='ltr' id='par_1_96' title="bbox 425 4676 1993 4764">
     <span class='ocr_line' id='line_1_96' title="bbox 425 4676 1993 4764; baseline 0.003 -20"><span class='ocrx_word' id='word_1_722' title='bbox 425 4703 560 4744; x_wconf 81' lang='lat' dir='ltr'><strong>cans</strong></span> <span class='ocrx_word' id='word_1_723' title='bbox 581 4697 785 4743; x_wconf 72' lang='lat' dir='ltr'><strong>certam</strong></span> <span class='ocrx_word' id='word_1_724' title='bbox 818 4687 947 4742; x_wconf 88' lang='lat' dir='ltr'><strong>doni</strong></span> <span class='ocrx_word' id='word_1_725' title='bbox 997 4676 1478 4759; x_wconf 62' lang='lat' dir='ltr'><strong>perseverantiam.</strong></span> <span class='ocrx_word' id='word_1_726' title='bbox 1535 4692 1810 4764; x_wconf 85' lang='lat' dir='ltr'><strong>Contingit</strong></span> <span class='ocrx_word' id='word_1_727' title='bbox 1847 4695 1993 4750; x_wconf 89' lang='lat' dir='ltr'><strong>enim</strong></span> 
     </span>
    </p>
   </div>
   <div class='ocr_carea' id='block_1_97' title="bbox 2100 4676 3666 4765">
    <p class='ocr_par' dir='ltr' id='par_1_97' title="bbox 2100 4685 3666 4765">
     <span class='ocr_line' id='line_1_97' title="bbox 2100 4685 3666 4765; baseline -0.001 -21"><span class='ocrx_word' id='word_1_728' title='bbox 2100 4708 2259 4757; x_wconf 86' lang='grc' dir='ltr'>τινος,</span> <span class='ocrx_word' id='word_1_729' title='bbox 2296 4691 2459 4745; x_wconf 83' lang='grc' dir='ltr'>πάλιν</span> <span class='ocrx_word' id='word_1_730' title='bbox 2502 4685 2854 4765; x_wconf 79' lang='grc' dir='ltr'>σαλευθῆναι,</span> <span class='ocrx_word' id='word_1_731' title='bbox 2907 4688 2983 4757; x_wconf 84' lang='grc' dir='ltr'>μὴ</span> <span class='ocrx_word' id='word_1_732' title='bbox 3020 4688 3201 4750; x_wconf 78' lang='grc' dir='ltr'>καλῶς</span> <span class='ocrx_word' id='word_1_733' title='bbox 3245 4690 3313 4759; x_wconf 76' lang='grc' dir='ltr'>τῇ</span> <span class='ocrx_word' id='word_1_734' title='bbox 3359 4688 3666 4759; x_wconf 73' lang='grc' dir='ltr'>ἑδραιότητι</span> 
     </span>
    </p>
   </div>
   <div class='ocr_carea' id='block_1_98' title="bbox 425 4778 1998 4851">
    <p class='ocr_par' dir='ltr' id='par_1_98' title="bbox 425 4780 1991 4850">
     <span class='ocr_line' id='line_1_98' title="bbox 425 4780 1991 4850; baseline 0.006 -17"><span class='ocrx_word' id='word_1_735' title='bbox 425 4790 480 4833; x_wconf 88' lang='lat' dir='ltr'><strong>et</strong></span> <span class='ocrx_word' id='word_1_736' title='bbox 503 4794 600 4834; x_wconf 84' lang='lat' dir='ltr'><strong>cos</strong></span> <span class='ocrx_word' id='word_1_737' title='bbox 626 4780 720 4849; x_wconf 89' lang='lat' dir='ltr'><strong>qui</strong></span> <span class='ocrx_word' id='word_1_738' title='bbox 752 4780 806 4833; x_wconf 87' lang='lat' dir='ltr'><strong>iu</strong></span> <span class='ocrx_word' id='word_1_739' title='bbox 834 4781 1020 4850; x_wconf 87' lang='lat' dir='ltr'><strong>aliquo</strong></span> <span class='ocrx_word' id='word_1_740' title='bbox 1072 4781 1380 4837; x_wconf 75' lang='lat' dir='ltr'><strong>confirmati</strong></span> <span class='ocrx_word' id='word_1_741' title='bbox 1434 4791 1564 4837; x_wconf 84' lang='lat' dir='ltr'><strong>sunt</strong></span> <span class='ocrx_word' id='word_1_742' title='bbox 1603 4798 1822 4840; x_wconf 88' lang='lat' dir='ltr'><strong>rursum</strong></span> <span class='ocrx_word' id='word_1_743' title='bbox 1853 4801 1991 4842; x_wconf 67' lang='grc' dir='ltr'><strong>(τους</strong></span> 
     </span>
    </p>
   </div>
   <div class='ocr_carea' id='block_1_99' title="bbox 2100 4778 3667 4851">
    <p class='ocr_par' dir='ltr' id='par_1_99' title="bbox 2100 4778 3667 4851">
     <span class='ocr_line' id='line_1_99' title="bbox 2100 4778 3667 4851; baseline -0.001 -17"><span class='ocrx_word' id='word_1_744' title='bbox 2100 4783 2491 4851; x_wconf 82' lang='grc' dir='ltr'>κεχρημένους.</span> <span class='ocrx_word' id='word_1_745' title='bbox 2516 4779 2737 4842; x_wconf 83' lang='grc' dir='ltr'>Τούτοις</span> <span class='ocrx_word' id='word_1_746' title='bbox 2756 4778 2814 4831; x_wconf 81' lang='grc' dir='ltr'><strong>δὲ</strong></span> <span class='ocrx_word' id='word_1_747' title='bbox 2844 4778 3005 4832; x_wconf 81' lang='grc' dir='ltr'>πάλιν</span> <span class='ocrx_word' id='word_1_748' title='bbox 3030 4779 3286 4849; x_wconf 66' lang='grc' dir='ltr'>ἐπιφέρει</span> <span class='ocrx_word' id='word_1_749' title='bbox 3305 4778 3385 4843; x_wconf 77' lang='grc' dir='ltr'>τὸ,</span> <span class='ocrx_word' id='word_1_750' title='bbox 3420 4797 3439 4830; x_wconf 87' lang='grc' dir='ltr'><strong>ι</strong></span> <span class='ocrx_word' id='word_1_751' title='bbox 3472 4780 3667 4834; x_wconf 81' lang='grc' dir='ltr'>Ἔσται</span> 
     </span>
    </p>
   </div>
   <div class='ocr_carea' id='block_1_100' title="bbox 424 4871 1998 4945">
    <p class='ocr_par' dir='ltr' id='par_1_100' title="bbox 424 4871 1989 4943">
     <span class='ocr_line' id='line_1_100' title="bbox 424 4871 1989 4943; baseline 0.003 -15"><span class='ocrx_word' id='word_1_752' title='bbox 424 4874 559 4940; x_wconf 84' lang='lat' dir='ltr'><strong>cuti,</strong></span> <span class='ocrx_word' id='word_1_753' title='bbox 580 4871 727 4943; x_wconf 87' lang='lat' dir='ltr'><strong>quod</strong></span> <span class='ocrx_word' id='word_1_754' title='bbox 755 4887 863 4926; x_wconf 87' lang='lat' dir='ltr'><strong>non</strong></span> <span class='ocrx_word' id='word_1_755' title='bbox 892 4880 1040 4928; x_wconf 81' lang='lat' dir='ltr'><strong>recte.</strong></span> <span class='ocrx_word' id='word_1_756' title='bbox 1066 4874 1149 4929; x_wconf 89' lang='lat' dir='ltr'><strong>usi</strong></span> <span class='ocrx_word' id='word_1_757' title='bbox 1188 4875 1298 4930; x_wconf 88' lang='lat' dir='ltr'><strong>sint</strong></span> <span class='ocrx_word' id='word_1_758' title='bbox 1322 4875 1757 4935; x_wconf 86' lang='lat' dir='ltr'><strong>confirmatione.</strong></span> <span class='ocrx_word' id='word_1_759' title='bbox 1790 4878 1989 4934; x_wconf 85' lang='lat' dir='ltr'><strong>lterum</strong></span> 
     </span>
    </p>
   </div>
   <div class='ocr_carea' id='block_1_101' title="bbox 2100 4871 3667 4945">
    <p class='ocr_par' dir='ltr' id='par_1_101' title="bbox 2100 4871 3667 4945">
     <span class='ocr_line' id='line_1_101' title="bbox 2100 4871 3667 4945; baseline -0.001 -17"><span class='ocrx_word' id='word_1_760' title='bbox 2100 4874 2219 4944; x_wconf 85' lang='grc' dir='ltr'>μεθ’</span> <span class='ocrx_word' id='word_1_761' title='bbox 2255 4872 2412 4945; x_wconf 76' lang='grc' dir='ltr'>ἡμῶν</span> <span class='ocrx_word' id='word_1_762' title='bbox 2450 4873 2611 4945; x_wconf 83' lang='grc' dir='ltr'>χάρις</span> <span class='ocrx_word' id='word_1_763' title='bbox 2648 4873 2745 4926; x_wconf 74' lang='grc' dir='ltr'><strong>καὶ</strong></span> <span class='ocrx_word' id='word_1_764' title='bbox 2782 4871 2950 4936; x_wconf 73' lang='grc' dir='ltr'>ἔλεος,</span> <span class='ocrx_word' id='word_1_765' title='bbox 2989 4890 3008 4923; x_wconf 75' lang='grc' dir='ltr'><strong>ι</strong></span> <span class='ocrx_word' id='word_1_766' title='bbox 3042 4871 3322 4942; x_wconf 68' lang='grc' dir='ltr'>ἐμφαίνων</span> <span class='ocrx_word' id='word_1_767' title='bbox 3346 4872 3416 4926; x_wconf 82' lang='grc' dir='ltr'>τὰ</span> <span class='ocrx_word' id='word_1_768' title='bbox 3436 4874 3547 4926; x_wconf 84' lang='grc' dir='ltr'>ἀπὸ</span> <span class='ocrx_word' id='word_1_769' title='bbox 3569 4873 3667 4941; x_wconf 77' lang='grc' dir='ltr'>τῆς</span> 
     </span>
    </p>
   </div>
   <div class='ocr_carea' id='block_1_102' title="bbox 424 4963 1998 5044">
    <p class='ocr_par' dir='ltr' id='par_1_102' title="bbox 424 4966 1991 5044">
     <span class='ocr_line' id='line_1_102' title="bbox 424 4966 1991 5044; baseline 0.004 -23"><span class='ocrx_word' id='word_1_770' title='bbox 424 4976 610 5022; x_wconf 87' lang='lat' dir='ltr'><strong>autem</strong></span> <span class='ocrx_word' id='word_1_771' title='bbox 641 4977 764 5039; x_wconf 86' lang='lat' dir='ltr'><strong>post</strong></span> <span class='ocrx_word' id='word_1_772' title='bbox 797 4968 910 5024; x_wconf 71' lang='lat' dir='ltr'><strong>haec</strong></span> <span class='ocrx_word' id='word_1_773' title='bbox 935 4967 1263 5037; x_wconf 66' lang='lat' dir='ltr'><strong>subiungit;</strong></span> <span class='ocrx_word' id='word_1_774' title='bbox 1299 4986 1319 5020; x_wconf 85' lang='grc' dir='ltr'><strong>ι</strong></span> <span class='ocrx_word' id='word_1_775' title='bbox 1350 4966 1470 5024; x_wconf 91' lang='lat' dir='ltr'><strong>Erit</strong></span> <span class='ocrx_word' id='word_1_776' title='bbox 1502 4970 1784 5028; x_wconf 86' lang='lat' dir='ltr'><strong>nobiscum</strong></span> <span class='ocrx_word' id='word_1_777' title='bbox 1813 4973 1991 5044; x_wconf 76' lang='lat' dir='ltr'><strong>gratia</strong></span> 
     </span>
    </p>
   </div>
   <div class='ocr_carea' id='block_1_103' title="bbox 2100 4963 3667 5044">
    <p class='ocr_par' dir='ltr' id='par_1_103' title="bbox 2100 4963 3667 5035">
     <span class='ocr_line' id='line_1_103' title="bbox 2100 4963 3667 5035; baseline -0.001 -15"><span class='ocrx_word' id='word_1_778' title='bbox 2100 4966 2308 5029; x_wconf 85' lang='grc' dir='ltr'>τελείας</span> <span class='ocrx_word' id='word_1_779' title='bbox 2337 4968 2558 5035; x_wconf 77' lang='grc' dir='ltr'>ἀγάπης</span> <span class='ocrx_word' id='word_1_780' title='bbox 2589 4963 2925 5018; x_wconf 81' lang='grc' dir='ltr'>ὲπανθοῦντα</span> <span class='ocrx_word' id='word_1_781' title='bbox 2948 4963 3106 5019; x_wconf 81' lang='grc' dir='ltr'>καλά.</span> <span class='ocrx_word' id='word_1_782' title='bbox 3141 4964 3273 5017; x_wconf 76' lang='grc' dir='ltr'>Ἀπὸ</span> <span class='ocrx_word' id='word_1_783' title='bbox 3309 4964 3441 5018; x_wconf 88' lang='grc' dir='ltr'>Θεοῦ</span> <span class='ocrx_word' id='word_1_784' title='bbox 3466 4965 3524 5020; x_wconf 82' lang='grc' dir='ltr'><strong>δὲ</strong></span> <span class='ocrx_word' id='word_1_785' title='bbox 3551 4966 3667 5019; x_wconf 76' lang='lat' dir='ltr'><strong>[Ia-</strong></span> 
     </span>
    </p>
   </div>
   <div class='ocr_carea' id='block_1_104' title="bbox 425 5059 1991 5133">
    <p class='ocr_par' dir='ltr' id='par_1_104' title="bbox 425 5059 1991 5133">
     <span class='ocr_line' id='line_1_104' title="bbox 425 5059 1991 5133; baseline 0.003 -19"><span class='ocrx_word' id='word_1_786' title='bbox 425 5067 481 5114; x_wconf 88' lang='lat' dir='ltr'><strong>et</strong></span> <span class='ocrx_word' id='word_1_787' title='bbox 518 5059 896 5114; x_wconf 84' lang='lat' dir='ltr'><strong>misericordia</strong></span> <span class='ocrx_word' id='word_1_788' title='bbox 926 5076 941 5116; x_wconf 84' lang='lat'><strong>:</strong></span> <span class='ocrx_word' id='word_1_789' title='bbox 985 5078 1003 5109; x_wconf 73' lang='grc' dir='ltr'><strong>ι</strong></span> <span class='ocrx_word' id='word_1_790' title='bbox 1041 5060 1336 5130; x_wconf 78' lang='lat' dir='ltr'><strong>designans</strong></span> <span class='ocrx_word' id='word_1_791' title='bbox 1376 5077 1496 5132; x_wconf 73' lang='lat' dir='ltr'><strong>qua:</strong></span> <span class='ocrx_word' id='word_1_792' title='bbox 1529 5076 1560 5116; x_wconf 87' lang='lat' dir='ltr'><strong>a</strong></span> <span class='ocrx_word' id='word_1_793' title='bbox 1592 5063 1829 5133; x_wconf 87' lang='lat' dir='ltr'><strong>perfecta</strong></span> <span class='ocrx_word' id='word_1_794' title='bbox 1856 5066 1991 5118; x_wconf 86' lang='lat' dir='ltr'><strong>cha-</strong></span> 
     </span>
    </p>
   </div>
   <div class='ocr_carea' id='block_1_105' title="bbox 424 5149 1993 5211">
    <p class='ocr_par' dir='ltr' id='par_1_105' title="bbox 424 5149 1993 5211">
     <span class='ocr_line' id='line_1_105' title="bbox 424 5149 1993 5211; baseline 0.003 -5"><span class='ocrx_word' id='word_1_795' title='bbox 424 5150 591 5206; x_wconf 87' lang='lat' dir='ltr'><strong>ritate</strong></span> <span class='ocrx_word' id='word_1_796' title='bbox 614 5150 932 5204; x_wconf 75' lang='lat' dir='ltr'><strong>exorientur</strong></span> <span class='ocrx_word' id='word_1_797' title='bbox 958 5149 1124 5205; x_wconf 88' lang='lat' dir='ltr'><strong>bona.</strong></span> <span class='ocrx_word' id='word_1_798' title='bbox 1159 5150 1206 5207; x_wconf 84' lang='lat' dir='ltr'><strong>A</strong></span> <span class='ocrx_word' id='word_1_799' title='bbox 1234 5152 1342 5206; x_wconf 91' lang='lat' dir='ltr'><strong>Deo</strong></span> <span class='ocrx_word' id='word_1_800' title='bbox 1372 5161 1555 5209; x_wconf 87' lang='lat' dir='ltr'><strong>autem</strong></span> <span class='ocrx_word' id='word_1_801' title='bbox 1606 5154 1767 5210; x_wconf 83' lang='lat' dir='ltr'><strong>Patre</strong></span> <span class='ocrx_word' id='word_1_802' title='bbox 1804 5155 1993 5211; x_wconf 70' lang='lat' dir='ltr'><strong>dicens</strong></span> 
     </span>
    </p>
   </div>
   <div class='ocr_carea' id='block_1_106' title="bbox 422 5237 1987 5311">
    <p class='ocr_par' dir='ltr' id='par_1_106' title="bbox 422 5237 1987 5311">
     <span class='ocr_line' id='line_1_106' title="bbox 422 5237 1987 5311; baseline 0.003 -16"><span class='ocrx_word' id='word_1_803' title='bbox 422 5249 478 5296; x_wconf 92' lang='lat' dir='ltr'><strong>et</strong></span> <span class='ocrx_word' id='word_1_804' title='bbox 502 5254 531 5293; x_wconf 70' lang='grc' dir='ltr'><strong>α</strong></span> <span class='ocrx_word' id='word_1_805' title='bbox 564 5238 794 5295; x_wconf 80' lang='lat' dir='ltr'><strong>Damino</strong></span> <span class='ocrx_word' id='word_1_806' title='bbox 830 5237 959 5293; x_wconf 83' lang='lat' dir='ltr'><strong>Jesu</strong></span> <span class='ocrx_word' id='word_1_807' title='bbox 995 5239 1240 5307; x_wconf 84' lang='lat' dir='ltr'><strong>Christo,</strong></span> <span class='ocrx_word' id='word_1_808' title='bbox 1292 5242 1597 5311; x_wconf 69' lang='lat' dir='ltr'><strong>suhjttngit,</strong></span> <span class='ocrx_word' id='word_1_809' title='bbox 1635 5262 1652 5293; x_wconf 85' lang='grc' dir='ltr'><strong>ι</strong></span> <span class='ocrx_word' id='word_1_810' title='bbox 1691 5241 1833 5298; x_wconf 79' lang='lat' dir='ltr'><strong>Filio</strong></span> <span class='ocrx_word' id='word_1_811' title='bbox 1880 5243 1987 5298; x_wconf 82' lang='lat' dir='ltr'><strong>Pa-</strong></span> 
     </span>
    </p>
   </div>
   <div class='ocr_carea' id='block_1_107' title="bbox 421 5329 1990 5402">
    <p class='ocr_par' dir='ltr' id='par_1_107' title="bbox 421 5329 1990 5402">
     <span class='ocr_line' id='line_1_107' title="bbox 421 5329 1990 5402; baseline 0.004 -16"><span class='ocrx_word' id='word_1_812' title='bbox 421 5329 573 5392; x_wconf 81' lang='lat' dir='ltr'><strong>tris;</strong></span> <span class='ocrx_word' id='word_1_813' title='bbox 614 5350 633 5384; x_wconf 77' lang='grc' dir='ltr'><strong>ι</strong></span> <span class='ocrx_word' id='word_1_814' title='bbox 668 5329 804 5385; x_wconf 83' lang='lat' dir='ltr'><strong>Nam</strong></span> <span class='ocrx_word' id='word_1_815' title='bbox 837 5332 995 5388; x_wconf 86' lang='lat' dir='ltr'><strong>solus</strong></span> <span class='ocrx_word' id='word_1_816' title='bbox 1040 5332 1129 5386; x_wconf 90' lang='lat' dir='ltr'><strong>hic</strong></span> <span class='ocrx_word' id='word_1_817' title='bbox 1155 5332 1375 5402; x_wconf 89' lang='lat' dir='ltr'><strong>proprie</strong></span> <span class='ocrx_word' id='word_1_818' title='bbox 1417 5331 1575 5388; x_wconf 87' lang='lat' dir='ltr'><strong>Pater</strong></span> <span class='ocrx_word' id='word_1_819' title='bbox 1625 5344 1732 5391; x_wconf 81' lang='lat' dir='ltr'><strong>est.</strong></span> <span class='ocrx_word' id='word_1_820' title='bbox 1772 5334 1900 5391; x_wconf 86' lang='lat' dir='ltr'><strong>ideo</strong></span> <span class='ocrx_word' id='word_1_821' title='bbox 1932 5346 1990 5393; x_wconf 89' lang='lat' dir='ltr'><strong>et</strong></span> 
     </span>
    </p>
   </div>
   <div class='ocr_carea' id='block_1_108' title="bbox 424 5421 1986 5494">
    <p class='ocr_par' dir='ltr' id='par_1_108' title="bbox 424 5421 1986 5494">
     <span class='ocr_line' id='line_1_108' title="bbox 424 5421 1986 5494; baseline 0.004 -17"><span class='ocrx_word' id='word_1_822' title='bbox 424 5421 652 5488; x_wconf 81' lang='lat' dir='ltr'><strong>Paulus,</strong></span> <span class='ocrx_word' id='word_1_823' title='bbox 687 5423 732 5476; x_wconf 82' lang='grc' dir='ltr'><strong>Δ</strong></span> <span class='ocrx_word' id='word_1_824' title='bbox 764 5437 900 5494; x_wconf 88' lang='lat' dir='ltr'><strong>qno,</strong></span> <span class='ocrx_word' id='word_1_825' title='bbox 952 5422 1151 5494; x_wconf 84' lang='lat' dir='ltr'><strong>inquit,</strong></span> <span class='ocrx_word' id='word_1_826' title='bbox 1190 5424 1372 5480; x_wconf 88' lang='lat' dir='ltr'><strong>omnis</strong></span> <span class='ocrx_word' id='word_1_827' title='bbox 1428 5440 1458 5481; x_wconf 91' lang='lat' dir='ltr'><strong>a</strong></span> <span class='ocrx_word' id='word_1_828' title='bbox 1485 5426 1764 5483; x_wconf 86' lang='lat' dir='ltr'><strong>communi</strong></span> <span class='ocrx_word' id='word_1_829' title='bbox 1823 5425 1986 5483; x_wconf 82' lang='lat' dir='ltr'><strong>Patre</strong></span> 
     </span>
    </p>
   </div>
   <div class='ocr_carea' id='block_1_109' title="bbox 415 5514 1987 5587">
    <p class='ocr_par' dir='ltr' id='par_1_109' title="bbox 415 5514 1987 5587">
     <span class='ocr_line' id='line_1_109' title="bbox 415 5514 1987 5587; baseline 0.006 -19"><span class='ocrx_word' id='word_1_830' title='bbox 415 5515 668 5587; x_wconf 70' lang='lat' dir='ltr'><strong>cognatio</strong></span> <span class='ocrx_word' id='word_1_831' title='bbox 693 5514 748 5571; x_wconf 87' lang='lat' dir='ltr'><strong>in</strong></span> <span class='ocrx_word' id='word_1_832' title='bbox 769 5515 911 5572; x_wconf 63' lang='lat' dir='ltr'><strong>celo</strong></span> <span class='ocrx_word' id='word_1_833' title='bbox 938 5517 987 5572; x_wconf 91' lang='lat' dir='ltr'><strong>ei</strong></span> <span class='ocrx_word' id='word_1_834' title='bbox 1015 5516 1069 5571; x_wconf 92' lang='lat' dir='ltr'><strong>in</strong></span> <span class='ocrx_word' id='word_1_835' title='bbox 1094 5527 1238 5572; x_wconf 85' lang='lat' dir='ltr'><strong>terra</strong></span> <span class='ocrx_word' id='word_1_836' title='bbox 1273 5517 1587 5573; x_wconf 89' lang='lat' dir='ltr'><strong>nominatur</strong></span> <span class='ocrx_word' id='word_1_837' title='bbox 1622 5520 1690 5574; x_wconf 78' lang='grc'><strong>⁸³.</strong></span> <span class='ocrx_word' id='word_1_838' title='bbox 1715 5517 1987 5578; x_wconf 85' lang='lat' dir='ltr'><strong>Rursum-</strong></span> 
     </span>
    </p>
   </div>
   <div class='ocr_carea' id='block_1_110' title="bbox 415 5605 1983 5678">
    <p class='ocr_par' dir='ltr' id='par_1_110' title="bbox 415 5605 1983 5678">
     <span class='ocr_line' id='line_1_110' title="bbox 415 5605 1983 5678; baseline 0.008 -19"><span class='ocrx_word' id='word_1_839' title='bbox 415 5621 523 5678; x_wconf 79' lang='lat' dir='ltr'><strong>que</strong></span> <span class='ocrx_word' id='word_1_840' title='bbox 575 5605 857 5677; x_wconf 67' lang='lat' dir='ltr'><strong>subiungit</strong></span> <span class='ocrx_word' id='word_1_841' title='bbox 893 5625 910 5669; x_wconf 72' lang='grc' dir='ltr'><strong>ς</strong></span> <span class='ocrx_word' id='word_1_842' title='bbox 946 5627 964 5659; x_wconf 80' lang='grc' dir='ltr'><strong>ι</strong></span> <span class='ocrx_word' id='word_1_843' title='bbox 1019 5607 1078 5664; x_wconf 84' lang='lat' dir='ltr'><strong>In</strong></span> <span class='ocrx_word' id='word_1_844' title='bbox 1102 5608 1328 5669; x_wconf 82' lang='lat' dir='ltr'><strong>veritate</strong></span> <span class='ocrx_word' id='word_1_845' title='bbox 1362 5617 1418 5667; x_wconf 88' lang='lat' dir='ltr'><strong>et</strong></span> <span class='ocrx_word' id='word_1_846' title='bbox 1445 5611 1737 5677; x_wconf 86' lang='lat' dir='ltr'><strong>charitate,</strong></span> <span class='ocrx_word' id='word_1_847' title='bbox 1769 5630 1789 5664; x_wconf 77' lang='grc' dir='ltr'><strong>ι</strong></span> <span class='ocrx_word' id='word_1_848' title='bbox 1861 5630 1983 5673; x_wconf 86' lang='lat' dir='ltr'><strong>ser-</strong></span> 
     </span>
    </p>
   </div>
   <div class='ocr_carea' id='block_1_111' title="bbox 2091 5056 3665 5131">
    <p class='ocr_par' dir='ltr' id='par_1_111' title="bbox 2091 5056 3665 5131">
     <span class='ocr_line' id='line_1_111' title="bbox 2091 5056 3665 5131; baseline -0.002 -18"><span class='ocrx_word' id='word_1_849' title='bbox 2091 5060 2218 5131; x_wconf 72' lang='grc' dir='ltr'>τρὸς</span> <span class='ocrx_word' id='word_1_850' title='bbox 2244 5061 2419 5130; x_wconf 72' lang='grc' dir='ltr'>φήσας</span> <span class='ocrx_word' id='word_1_851' title='bbox 2454 5059 2549 5112; x_wconf 69' lang='grc' dir='ltr'><strong>καὶ</strong></span> <span class='ocrx_word' id='word_1_852' title='bbox 2590 5057 2740 5131; x_wconf 88' lang='grc' dir='ltr'><strong>παρά</strong></span> <span class='ocrx_word' id='word_1_853' title='bbox 2783 5058 2992 5127; x_wconf 83' lang='grc' dir='ltr'>Κυρίου</span> <span class='ocrx_word' id='word_1_854' title='bbox 3032 5056 3212 5127; x_wconf 83' lang='grc' dir='ltr'>Ἰησοῦ</span> <span class='ocrx_word' id='word_1_855' title='bbox 3271 5057 3541 5128; x_wconf 79' lang='grc' dir='ltr'>Χριστοῦ,</span> <span class='ocrx_word' id='word_1_856' title='bbox 3565 5059 3665 5110; x_wconf 74' lang='grc' dir='ltr'><strong>ἑπ-</strong></span> 
     </span>
    </p>
   </div>
   <div class='ocr_carea' id='block_1_112' title="bbox 2093 5148 3667 5225">
    <p class='ocr_par' dir='ltr' id='par_1_112' title="bbox 2093 5148 3667 5225">
     <span class='ocr_line' id='line_1_112' title="bbox 2093 5148 3667 5225; baseline -0.016 -17"><span class='ocrx_word' id='word_1_857' title='bbox 2093 5154 2266 5225; x_wconf 79' lang='grc' dir='ltr'>ήγαγε</span> <span class='ocrx_word' id='word_1_858' title='bbox 2287 5151 2368 5216; x_wconf 85' lang='grc' dir='ltr'>τὸ,</span> <span class='ocrx_word' id='word_1_859' title='bbox 2406 5171 2423 5204; x_wconf 78' lang='grc' dir='ltr'><strong>ι</strong></span> <span class='ocrx_word' id='word_1_860' title='bbox 2456 5150 2565 5206; x_wconf 87' lang='grc' dir='ltr'><strong>Τοῦ</strong></span> <span class='ocrx_word' id='word_1_861' title='bbox 2607 5150 2737 5204; x_wconf 82' lang='grc' dir='ltr'>Υίοῦ</span> <span class='ocrx_word' id='word_1_862' title='bbox 2768 5148 2862 5204; x_wconf 87' lang='grc' dir='ltr'><strong>τοῦ</strong></span> <span class='ocrx_word' id='word_1_863' title='bbox 2895 5151 3127 5220; x_wconf 65' lang='grc' dir='ltr'>Πατρός,</span> <span class='ocrx_word' id='word_1_864' title='bbox 3147 5168 3167 5201; x_wconf 70' lang='grc' dir='ltr'><strong>ι</strong></span> <span class='ocrx_word' id='word_1_865' title='bbox 3201 5149 3378 5212; x_wconf 74' lang='grc' dir='ltr'>Μόνος</span> <span class='ocrx_word' id='word_1_866' title='bbox 3407 5150 3521 5221; x_wconf 69' lang='grc' dir='ltr'><strong>γὰρ</strong></span> <span class='ocrx_word' id='word_1_867' title='bbox 3572 5167 3667 5202; x_wconf 65' lang='grc' dir='ltr'><strong>κν,</strong></span> 
     </span>
    </p>
   </div>
   <div class='ocr_carea' id='block_1_113' title="bbox 2095 5233 3662 5314">
    <p class='ocr_par' dir='ltr' id='par_1_113' title="bbox 2095 5233 3662 5314">
     <span class='ocr_line' id='line_1_113' title="bbox 2095 5233 3662 5314; baseline -0.001 -18"><span class='ocrx_word' id='word_1_868' title='bbox 2095 5243 2224 5314; x_wconf 89' lang='grc' dir='ltr'>ρίως</span> <span class='ocrx_word' id='word_1_869' title='bbox 2265 5239 2417 5304; x_wconf 69' lang='grc' dir='ltr'>οὗτος</span> <span class='ocrx_word' id='word_1_870' title='bbox 2464 5243 2673 5313; x_wconf 74' lang='grc' dir='ltr'>Πατήρ.</span> <span class='ocrx_word' id='word_1_871' title='bbox 2715 5240 2807 5294; x_wconf 82' lang='grc' dir='ltr'><strong>Διὸ</strong></span> <span class='ocrx_word' id='word_1_872' title='bbox 2842 5240 2936 5294; x_wconf 75' lang='grc' dir='ltr'><strong>καὶ</strong></span> <span class='ocrx_word' id='word_1_873' title='bbox 2990 5240 3230 5304; x_wconf 74' lang='grc' dir='ltr'>Παῦλος,</span> <span class='ocrx_word' id='word_1_874' title='bbox 3273 5239 3363 5304; x_wconf 80' lang='grc' dir='ltr'>Ἐξ</span> <span class='ocrx_word' id='word_1_875' title='bbox 3409 5233 3476 5295; x_wconf 78' lang='grc' dir='ltr'>οὖ</span> <span class='ocrx_word' id='word_1_876' title='bbox 3516 5243 3662 5295; x_wconf 81' lang='grc' dir='ltr'>πᾶσα</span> 
     </span>
    </p>
   </div>
   <div class='ocr_carea' id='block_1_114' title="bbox 2093 5330 3664 5408">
    <p class='ocr_par' dir='ltr' id='par_1_114' title="bbox 2093 5330 3664 5408">
     <span class='ocr_line' id='line_1_114' title="bbox 2093 5330 3664 5408; baseline 0 -20"><span class='ocrx_word' id='word_1_877' title='bbox 2093 5334 2322 5408; x_wconf 84' lang='grc' dir='ltr'>πατριὰ,</span> <span class='ocrx_word' id='word_1_878' title='bbox 2359 5334 2546 5403; x_wconf 80' lang='grc' dir='ltr'>φησὶν,</span> <span class='ocrx_word' id='word_1_879' title='bbox 2580 5334 2639 5386; x_wconf 81' lang='grc' dir='ltr'>ἐν</span> <span class='ocrx_word' id='word_1_880' title='bbox 2674 5330 2890 5403; x_wconf 81' lang='grc' dir='ltr'>οὐρανῷ</span> <span class='ocrx_word' id='word_1_881' title='bbox 2927 5333 3024 5386; x_wconf 80' lang='grc' dir='ltr'><strong>καὶ</strong></span> <span class='ocrx_word' id='word_1_882' title='bbox 3048 5333 3139 5385; x_wconf 76' lang='grc' dir='ltr'><strong>ἐπὶ</strong></span> <span class='ocrx_word' id='word_1_883' title='bbox 3166 5331 3270 5402; x_wconf 80' lang='grc' dir='ltr'>γῆς</span> <span class='ocrx_word' id='word_1_884' title='bbox 3313 5333 3664 5403; x_wconf 69' lang='grc' dir='ltr'>ὀνομάζεται.</span> 
     </span>
    </p>
   </div>
   <div class='ocr_carea' id='block_1_115' title="bbox 2094 5424 3662 5498">
    <p class='ocr_par' dir='ltr' id='par_1_115' title="bbox 2094 5424 3662 5498">
     <span class='ocr_line' id='line_1_115' title="bbox 2094 5424 3662 5498; baseline -0.001 -15"><span class='ocrx_word' id='word_1_885' title='bbox 2094 5427 2210 5483; x_wconf 75' lang='grc' dir='ltr'><strong>Καὶ</strong></span> <span class='ocrx_word' id='word_1_886' title='bbox 2285 5426 2449 5482; x_wconf 83' lang='grc' dir='ltr'>πάλιν</span> <span class='ocrx_word' id='word_1_887' title='bbox 2501 5427 2559 5480; x_wconf 70' lang='grc' dir='ltr'><strong>δὲ</strong></span> <span class='ocrx_word' id='word_1_888' title='bbox 2596 5425 2679 5493; x_wconf 77' lang='grc' dir='ltr'>τὸ,</span> <span class='ocrx_word' id='word_1_889' title='bbox 2739 5444 2759 5479; x_wconf 82' lang='grc' dir='ltr'><strong>ι</strong></span> <span class='ocrx_word' id='word_1_890' title='bbox 2801 5424 2893 5480; x_wconf 86' lang='grc' dir='ltr'>Ἐν</span> <span class='ocrx_word' id='word_1_891' title='bbox 2935 5424 3185 5498; x_wconf 75' lang='grc' dir='ltr'>ἀληθείᾳ,</span> <span class='ocrx_word' id='word_1_892' title='bbox 3241 5428 3515 5498; x_wconf 75' lang='grc' dir='ltr'>ἐπιφέρει,</span> <span class='ocrx_word' id='word_1_893' title='bbox 3569 5427 3662 5483; x_wconf 80' lang='grc' dir='ltr'><strong>καὶ</strong></span> 
     </span>
    </p>
   </div>
   <div class='ocr_carea' id='block_1_116' title="bbox 2094 5518 3662 5595">
    <p class='ocr_par' dir='ltr' id='par_1_116' title="bbox 2094 5518 3662 5595">
     <span class='ocr_line' id='line_1_116' title="bbox 2094 5518 3662 5595; baseline -0.001 -19"><span class='ocrx_word' id='word_1_894' title='bbox 2094 5522 2347 5595; x_wconf 57' lang='lat' dir='ltr'><strong>dying,»</strong></span> <span class='ocrx_word' id='word_1_895' title='bbox 2383 5518 2688 5588; x_wconf 79' lang='grc' dir='ltr'>ἀσφάλειαν</span> <span class='ocrx_word' id='word_1_896' title='bbox 2716 5518 2795 5589; x_wconf 80' lang='grc' dir='ltr'>τῷ</span> <span class='ocrx_word' id='word_1_897' title='bbox 2825 5518 2970 5589; x_wconf 85' lang='grc' dir='ltr'>λόγῳ</span> <span class='ocrx_word' id='word_1_898' title='bbox 3027 5519 3328 5589; x_wconf 83' lang='grc' dir='ltr'>περιποιῶν</span> <span class='ocrx_word' id='word_1_899' title='bbox 3376 5520 3470 5574; x_wconf 76' lang='grc' dir='ltr'><strong>καὶ</strong></span> <span class='ocrx_word' id='word_1_900' title='bbox 3520 5519 3662 5590; x_wconf 79' lang='grc' dir='ltr'>γνώ-</span> 
     </span>
    </p>
   </div>
   <div class='ocr_carea' id='block_1_117' title="bbox 2096 5608 2823 5687">
    <p class='ocr_par' dir='ltr' id='par_1_117' title="bbox 2096 5608 2823 5687">
     <span class='ocr_line' id='line_1_117' title="bbox 2096 5608 2823 5687; baseline 0.001 -23"><span class='ocrx_word' id='word_1_901' title='bbox 2096 5630 2267 5687; x_wconf 77' lang='grc' dir='ltr'>ρισμα</span> <span class='ocrx_word' id='word_1_902' title='bbox 2294 5608 2361 5682; x_wconf 79' lang='grc' dir='ltr'>ἧς</span> <span class='ocrx_word' id='word_1_903' title='bbox 2388 5629 2554 5682; x_wconf 78' lang='grc' dir='ltr'>φησιν</span> <span class='ocrx_word' id='word_1_904' title='bbox 2583 5611 2823 5680; x_wconf 74' lang='grc' dir='ltr'>ἀγάπης.</span> 
     </span>
    </p>
   </div>
   <div class='ocr_carea' id='block_1_118' title="bbox 418 5696 3146 5773">
    <p class='ocr_par' dir='ltr' id='par_1_118' title="bbox 418 5696 3146 5773">
     <span class='ocr_line' id='line_1_118' title="bbox 418 5696 3146 5773; baseline 0.001 -19"><span class='ocrx_word' id='word_1_905' title='bbox 418 5700 568 5754; x_wconf 86' lang='lat' dir='ltr'><strong>moui</strong></span> <span class='ocrx_word' id='word_1_906' title='bbox 605 5696 912 5755; x_wconf 85' lang='lat' dir='ltr'><strong>firmitatem</strong></span> <span class='ocrx_word' id='word_1_907' title='bbox 971 5699 1269 5767; x_wconf 83' lang='lat' dir='ltr'><strong>adducens,</strong></span> <span class='ocrx_word' id='word_1_908' title='bbox 1331 5710 1387 5757; x_wconf 89' lang='lat' dir='ltr'><strong>et</strong></span> <span class='ocrx_word' id='word_1_909' title='bbox 1432 5710 1649 5759; x_wconf 82' lang='lat' dir='ltr'><strong>certum</strong></span> <span class='ocrx_word' id='word_1_910' title='bbox 1718 5704 1980 5761; x_wconf 89' lang='lat' dir='ltr'><strong>indicium</strong></span> <span class='ocrx_word' id='word_1_911' title='bbox 2020 5707 2309 5763; x_wconf 85' lang='lat' dir='ltr'><strong>charitatis</strong></span> <span class='ocrx_word' id='word_1_912' title='bbox 2332 5702 2773 5757; x_wconf 81' lang='lat' dir='ltr'><strong>sivcddectionis</strong></span> <span class='ocrx_word' id='word_1_913' title='bbox 2797 5718 2969 5773; x_wconf 75' lang='lat' dir='ltr'><strong>quam.</strong></span> <span class='ocrx_word' id='word_1_914' title='bbox 2992 5703 3146 5758; x_wconf 79' lang='lat' dir='ltr'><strong>dicit.</strong></span> 
     </span>
    </p>
   </div>
   <div class='ocr_carea' id='block_1_119' title="bbox 564 5812 1998 5893">
    <p class='ocr_par' dir='ltr' id='par_1_119' title="bbox 564 5812 1994 5886">
     <span class='ocr_line' id='line_1_119' title="bbox 564 5812 1994 5886; baseline 0.007 -19"><span class='ocrx_word' id='word_1_915' title='bbox 564 5812 604 5847; x_wconf 78' lang='grc'><strong>⁸³</strong></span> <span class='ocrx_word' id='word_1_916' title='bbox 635 5812 754 5872; x_wconf 78' lang='lat' dir='ltr'><strong>Act.</strong></span> <span class='ocrx_word' id='word_1_917' title='bbox 790 5829 875 5869; x_wconf 76' lang='lat' dir='ltr'><strong>xx.</strong></span> <span class='ocrx_word' id='word_1_918' title='bbox 957 5816 999 5848; x_wconf 70' lang='grc' dir='ltr'><strong>ι’</strong></span> <span class='ocrx_word' id='word_1_919' title='bbox 1026 5815 1067 5872; x_wconf 91' lang='lat' dir='ltr'><strong>ll</strong></span> <span class='ocrx_word' id='word_1_920' title='bbox 1097 5816 1238 5874; x_wconf 86' lang='lat' dir='ltr'><strong>Petr.</strong></span> <span class='ocrx_word' id='word_1_921' title='bbox 1270 5834 1325 5875; x_wconf 73' lang='grc' dir='ltr'>γ.</span> <span class='ocrx_word' id='word_1_922' title='bbox 1359 5819 1403 5851; x_wconf 72' lang='grc' dir='ltr'><strong><em>ὀ</em></strong></span> <span class='ocrx_word' id='word_1_923' title='bbox 1432 5816 1633 5875; x_wconf 75' lang='lat' dir='ltr'><strong>Noun.</strong></span> <span class='ocrx_word' id='word_1_924' title='bbox 1667 5834 1751 5886; x_wconf 86' lang='lat' dir='ltr'><strong>tn,</strong></span> <span class='ocrx_word' id='word_1_925' title='bbox 1785 5820 1875 5876; x_wconf 71' lang='grc'><strong>24.</strong></span> <span class='ocrx_word' id='word_1_926' title='bbox 1947 5819 1994 5854; x_wconf 85' lang='grc'>¹¹</span> 
     </span>
    </p>
   </div>
   <div class='ocr_carea' id='block_1_120' title="bbox 2100 5812 2456 5893">
    <p class='ocr_par' dir='ltr' id='par_1_120' title="bbox 2100 5820 2456 5887">
     <span class='ocr_line' id='line_1_120' title="bbox 2100 5820 2456 5887; baseline -0.003 -14"><span class='ocrx_word' id='word_1_927' title='bbox 2100 5821 2232 5875; x_wconf 79' lang='lat' dir='ltr'><strong>)hcs.</strong></span> <span class='ocrx_word' id='word_1_928' title='bbox 2266 5836 2346 5887; x_wconf 83' lang='lat' dir='ltr'><strong>ttt,</strong></span> <span class='ocrx_word' id='word_1_929' title='bbox 2376 5820 2456 5875; x_wconf 71' lang='lat'><strong>15.</strong></span> 
     </span>
    </p>
   </div>
  </div>
