3950 6558
439 394 541 458 (291

1478 396 1875 462 (ECUMENII
1914 402 2203 465 TRICCAE
2244 403 2591 469 EPISCOPI

3582 412 3689 475 (3‘32

444 521 592 576 quoa
635 506 898 563 consistat
924 523 979 562 tu
1013 510 1345 563 an.bulaudo
1368 511 1525 577 juxta
1554 508 1707 565 illud.
1741 507 1928 581 Neque
1947 508 2018 565 ob

2134 508 2261 566 ιύτὰ
2305 515 2577 586 στρέφων.
2612 518 2723 571 Καὶ
2771 518 2859 573 διὰ
2902 519 3001 589 μὲν
3043 517 3144 590 τῆς
3186 518 3409 590 ἀγάπης
3444 516 3506 573 τὸ
3543 519 3695 574 ἀδιά·

441 596 606 653 aliam
639 612 859 655 causam
889 599 1003 671 jam
1046 599 1174 655 olim
1205 599 1273 654 ab
1313 600 1469 656 initio
1501 602 1688 656 datum
1744 602 1846 657 fuit
1876 615 2013 674 pra:-

444 700 687 762 ceptum,
724 692 922 762 inquit,
949 692 1054 747 nisi
1081 702 1138 748 ut
1168 693 1222 748 in
1260 693 1355 749 illo
1383 694 1741 752 ambularetis
1771 712 1870 767 per
1918 711 2013 752 su-

447 782 665 850 periora
692 790 746 837 et
773 782 1031 839 inferiora
1058 782 1249 839 eadem
1296 797 1525 840 versans
1578 799 1643 841 ac
1685 787 2011 842 revolvens:

446 873 612 945 609
637 882 692 929 et
718 889 815 944 per
843 874 1164 932 charitatem
1193 876 1412 947 quidem
1444 876 1685 933 suadens
1714 878 2016 948 ipsisinsc-

447 964 876 1034 parabilitatem,
930 975 984 1021 et
1038 983 1106 1023 ne
1137 967 1203 1022 ad
1252 969 1577 1025 seductores
1627 970 2012 1035 avellerentur,

434 1056 544 1124 [qui
577 1056 689 1127 jam
727 1058 780 1112 in
808 1060 1012 1113 mundo
1036 1060 1409 1125 ambulabant,
1434 1071 1490 1116 et
1535 1060 1750 1116 llomini
1777 1076 1873 1131 per
1894 1076 2018 1116 car—

450 1162 571 1203 nem
604 1149 895 1205 adventum
929 1152 1271 1221 repellebant
1304 1166 1319 1205 :
1353 1168 1449 1224 per
1500 1152 1605 1209 hoc
1636 1160 1817 1208 autem
1871 1153 2018 1224 quod

451 1239 734 1296 ambulare
782 1252 967 1299 monet
1018 1244 1176 1315 juxta
1235 1244 1448 1301 Domini
1480 1256 1810 1318 przeceptum
1871 1244 2017 1317 quod

450 1333 555 1387 fuit
590 1335 659 1390 ab
694 1335 874 1403 initio,
906 1352 1199 1394 erroneam
1226 1354 1350 1395 esse
1380 1338 1746 1395 manifestans
1794 1337 2017 1394 haereti-

448 1440 638 1480 corum
671 1428 986 1498 opinionem
1024 1446 1145 1502 qua:
1178 1446 1372 1488 recens
1425 1440 1508 1488 est
1548 1448 1561 1483 :
1617 1440 1672 1487 et
1720 1430 2021 1487 exhortans

449 1522 509 1567 ut
543 1525 874 1588 praeceptum
902 1522 1299 1591 amplcctentes
1346 1521 1493 1592 quod
1544 1520 1649 1578 fuit
1702 1520 1771 1577 ab
1835 1521 2019 1586 initio,

454 1622 563 1662 non
595 1610 1002 1668 abducerentur
1035 1614 1225 1671 fraude
1255 1615 1496 1671 illorum.
1523 1613 1660 1670 Nam
1684 1621 1737 1669 et
1766 1612 2022 1669 Christus

451 1697 739 1770 discipulis
766 1702 835 1759 de
888 1704 973 1760 his
1007 1705 1395 1762 seductoribus
1454 1704 1730 1776 pracepit,
1784 1703 2021 1770 dicens;

2124 619 2369 659 σπαστον
2415 608 2599 673 αὐτοῖς
2631 608 3111 681 προμηθούμενος,
3149 610 3244 665 καὶ
3284 611 3360 683 μὴ
3399 611 3538 685 πρὸς
3572 613 3698 677 τοὺς

2122 694 2360 761 πλάνους
2398 699 2815 772 ἀποσχίζεσθαι,
2846 702 2976 769 τοὺς
3009 703 3109 776 ἢδη
3139 705 3197 757 ἐν
3222 703 3301 774 τῷ
3330 703 3524 774 κόσμῳ
3545 719 3703 774 περι-

2123 785 2448 857 πατοῦντας,
2489 792 2608 847 ,καὶ
2664 793 2766 865 τὴν
2825 792 2914 848 διὰ
2986 795 3187 865 σαρκὸς
3243 794 3538 863 ἐπιδημῖαν
3603 793 3703 847 τοῦ

2122 876 2331 949 Κυρίου
2390 880 2738 951 ἀθετοῦντας.
2787 886 2887 941 Διά
2940 886 2999 941 δὲ
3042 886 3140 943 τοῦ
3185 888 3394 960 Κυρίου
3421 887 3565 942 κατὰ
3599 889 3704 959 τὴν

2122 969 2342 1043 ἐντολὴν
2403 979 2726 1046 περιπατεῖν
2813 978 2913 1052 τὴν
2988 979 3085 1034 ἀπ’
3140 980 3338 1052 ἀρχῆς,
3376 980 3476 1052 τὴν
3499 980 3709 1034 πεπλαο

2124 1064 2365 1133 νημένην
2413 1065 2522 1119 τῶν
2567 1067 2952 1139 αίρετιζόντων
2982 1069 3140 1137 δόξαν
3173 1068 3491 1138 ἐμφανίζων
3529 1067 3703 1138 προσ-

2127 1169 2296 1222 φατον
2333 1151 2521 1223 οὖσαν,
2549 1161 2647 1215 καὶ
2693 1161 3029 1233 παρακαλῶν
3053 1161 3151 1231 τῆς
3175 1161 3456 1234 ἀπ’ἀρχῆς
3481 1159 3711 1225 ἐντολῆς

2126 1242 2323 1310 αὐτοὺς
2367 1248 2681 1319 ἐχομένους,
2722 1252 2797 1323 μὴ
2836 1253 3146 1323 ὑπάγεσθαι
3173 1257 3242 1325 τῇ
3282 1252 3469 1326 ἀπάτῃ
3497 1249 3706 1306 αὐτῶν.

2129 1335 2242 1389 Καὶ
2279 1338 2388 1408 γὰρ
2415 1340 2718 1398 ἐνετείλατο
2751 1347 2780 1399 6
2818 1345 3055 1415 Χριστὸς
3094 1348 3207 1410 τοῖς
3259 1345 3528 1417 μαθηταῖς
3576 1344 3712 1411 περὶ

2129 1425 2237 1479 τῶν
2299 1427 2518 1485 πλάνων
2592 1433 2819 1501 τούτων,
2856 1437 3070 1506 λέγων’
3116 1438 3349 1492 «Πολλοι
3394 1435 3713 1490 ἐλεύσονται

2128 1517 2219 1570 ἐπὶ
2270 1517 2349 1590 τῷ
2386 1521 2608 1593 ὀνόματί
2652 1544 2777 1597 μου,
2828 1529 3115 1598 λέγοντες·
3183 1527 3325 1596 Ἐγώ
3348 1530 3465 1599 εἰμι
3500 1530 3530 1581 6
3565 1528 3714 1598 Χρι-

2133 1608 2277 1673 στδςο
2342 1612 2437 1666 καὶ
2483 1616 2711 1682 πολλοὺς
2762 1620 3122 1691 πλανήσουσι.
3151 1640 3171 1674 ι
3205 1621 3298 1690 Μὴ
3348 1616 3443 1673 οὖν
3510 1635 3717 1689 πορευ-

2132 1697 2264 1766 θῆτε
2298 1700 2472 1759 ὀπίσω
2502 1706 2702 1764 αὐτῶν.
2733 1729 2753 1764 ι
2786 1710 2999 1775 Ταύτας
3037 1708 3151 1776 οὖν,
3175 1712 3328 1782 φησὶ,
3356 1715 3455 1774 τὰς
3485 1707 3718 1768 ἐντολὰς

456 1812 474 1839 σ
516 1793 669 1850 Multi
710 1798 932 1854 venient
967 1800 1190 1855 nomine
1243 1815 1385 1864 meo,
1418 1798 1662 1854 dicentes
1689 1813 1704 1855 :
1731 1794 1843 1868 Ego
1901 1810 2021 1850 sum

2134 1795 2456 1866 τηροῦντας,
2495 1800 2709 1858 κελεύει
2745 1803 2821 1876 μὴ
2859 1804 3192 1871 ἀπατᾶσθαι,
3242 1803 3380 1859 ἀλλά
3417 1804 3507 1858 τὸν
3531 1802 3718 1857 ταῦτα

450 1878 728 1951 Christus,
760 1894 817 1940 et
841 1889 1043 1942 multos
1078 1887 1368 1943 seducent.
1417 1885 1495 1942 Ne
1545 1898 1676 1955 ergo
1713 1882 2021 1954 sequamini

2134 1885 2375 1954 λέγοντα.
2408 1892 2774 1965 Ἀιτίχριστον
2802 1897 3070 1968 ἡγεῖσθαι.

447 1973 571 2029 illos
597 1976 664 2029 ³⁸.
696 1993 714 2027 ι
746 1972 874 2031 Haec
911 1975 1096 2048 itaque
1164 1983 1433 2047 praecepta
1481 1982 1783 2038 servantes,
1857 1972 2055 2043 inquit,
2090 1971 2247 2044 jubet
2290 1994 2362 2034 ne
2400 1982 2766 2052 seducamini,
2804 1988 2899 2045 sed
2954 2004 3078 2045 eum
3120 1989 3213 2061 qui
3268 1990 3373 2045 ista
3416 1987 3553 2043 dicit
3610 2001 3720 2042 an-

448 2066 756 2123 tichristum
786 2069 1137 2126 existimetis.

519 2164 563 2230 Ι,
593 2163 747 2220 7-H.
766 2164 865 2219 Hic
889 2175 966 2221 est
1001 2166 1244 2222 seductor
1262 2177 1311 2222 et
1330 2168 1703 2223 antichristus.
1738 2164 2028 2220 Intuemini

448 2256 711 2327 vosipsos,
751 2273 814 2312 ne
860 2257 1145 2329 perdamus
1179 2275 1296 2331 quw
1339 2261 1543 2329 operati
1595 2273 1799 2322 sumus,
1844 2256 1937 2311 sed
1971 2263 2029 2309 ut

406 2386 422 2398 .
448 2348 742 2404 mercedem
772 2352 985 2418 plenam
1021 2351 1365 2419 recipiamus.
1411 2350 1598 2407 Omnis
1635 2352 1726 2421 qui
1759 2361 2029 2420 transgre-

449 2441 597 2495 ditur
618 2448 668 2495 el
720 2455 826 2494 non
858 2451 1034 2496 manet
1076 2443 1133 2496 in
1179 2441 1421 2497 doctrina
1470 2440 1694 2505 Christi,
1729 2441 1888 2496 Deum
1924 2456 2028 2495 non

452 2531 631 2585 habet.
668 2529 775 2597 Qui
804 2542 978 2587 manet
1005 2534 1057 2587 in
1093 2535 1339 2588 doctrina
1378 2534 1599 2595 Christi.
1630 2535 1714 2587 hic
1730 2544 1778 2589 et
1810 2532 2027 2588 Patrem

453 2631 503 2676 et
535 2621 738 2678 Filium
772 2623 947 2680 liabet.
974 2621 1034 2679 Si
1058 2627 1177 2697 quis
1203 2628 1342 2680 venit
1363 2625 1430 2680 ad
1455 2644 1564 2691 vos,
1592 2635 1641 2681 et
1664 2627 1799 2681 hanc
1829 2627 2029 2682 doctri-

453 2731 579 2770 nam
627 2731 732 2770 non
769 2717 949 2785 aﬁ'ert,
997 2734 1058 2772 ne
1102 2719 1377 2788 recipiatis
1415 2736 1530 2774 eum
1564 2721 1618 2774 in
1665 2720 1904 2782 domum,
1936 2737 2028 2775 nec

454 2807 562 2860 Ave
588 2807 637 2861 ei
667 2806 934 2864 dixeritis.
965 2808 1070 2876 Qui
1112 2811 1251 2863 enim
1302 2810 1433 2864 dicit
1477 2811 1582 2878 illi,
1627 2814 1750 2876 Ave,
1789 2828 2025 2866 commu-

456 2900 601 2953 nicat
632 2900 874 2968 operibus
903 2901 1015 2970 ejus
1047 2905 1226 2958 malis.
1379 2887 1395 2899 ’

531 3105 551 3139 ι
584 3086 682 3143 ilic
725 3097 808 3143 est
860 3090 1121 3145 seductor
1171 3099 1226 3145 et
1266 3092 1645 3149 antichristus.
1680 3114 1697 3146 ι
1746 3094 1883 3149 Cum
1941 3096 2028 3151 bis

454 3178 896 3236 subaudiendum
933 3190 1018 3237 est
1050 3184 1114 3236 ad
1149 3183 1530 3254 perlect‘orem
1557 3187 2021 3258 explanationem,

451 3270 558 3339 Qui
611 3288 744 3345 ergo
802 3275 919 3331 inec
969 3290 1076 3329 non
1122 3276 1434 3341 comitetur,
1477 3298 1494 3332 ι
1558 3289 1615 3335 ut
1660 3281 1842 3338 debite
1892 3283 2022 3339 sub-

2199 2164 2387 2238 Οὗτός
2406 2174 2578 2230 ἐστιν
2598 2180 2631 2230 d
2656 2176 2889 2245 πλάνος
2918 2179 3015 2234 καί
3035 2181 3068 2235 ὁ
3106 2178 3514 2248 ἀντίχριστος.
3553 2172 3714 2230 eae-

2125 2277 2267 2317 πετε
2295 2264 2571 2334 ἑαυτοὺς,
2631 2270 2717 2338 μὴ
2763 2271 3164 2338 ἀπολέσωμεν
3204 2270 3242 2325 ἂ
3279 2267 3714 2339 εἰργασάμεθα,

2125 2356 2284 2411 ἀλλὰ
2328 2360 2552 2427 μισθὸν
2591 2362 2791 2431 πλήρη
2850 2360 3265 2434 ἀπολάϐωμεν.
3304 2362 3425 2429 Πᾶς
3455 2367 3487 2416 ὀ
3515 2377 3718 2429 παρα-

2128 2449 2349 2503 ϐαίνων
2371 2450 2469 2506 καί
2496 2452 2584 2523 μὴ
2618 2454 2821 2522 μένων
2842 2455 2912 2509 ἐν
2939 2454 3014 2522 τῇ
3039 2454 3259 2523 διδαχῇ
3287 2455 3393 2508 τοῦ
3422 2449 3718 2521 Χριστοῦ.

2128 2542 2277 2595 Θεὸν
2299 2545 2410 2596 οὐκ
2439 2542 2587 2613 ἔχει.
2635 2545 2697 2599 '0
2728 2544 2927 2615 μένων
2960 2547 3030 2600 ἐν
3069 2545 3140 2614 τῇ
3174 2543 3394 2614 διδαχῇ
3435 2541 3540 2597 τοῦ
3578 2543 3723 2611 Χρι·

2126 2633 2300 2700 στοῦ,
2335 2630 2514 2702 οὗτος
2558 2637 2655 2691 καὶ
2710 2638 2817 2691 τίν
2855 2639 3082 2706 Πατέρα
3116 2636 3216 2690 καὶ
3248 2636 3350 2689 τὸν
3396 2634 3532 2688 Υἱὸν
3559 2632 3719 2700 ἔχει.

2128 2727 2200 2781 El
2225 2744 2316 2795 τις
2339 2729 2573 2798 ἔρχεται
2602 2730 2751 2797 πρὸς
2782 2729 2957 2800 ὑμᾶς,
2989 2728 3087 2823 καὶ
3111 2729 3334 2823 ταύτην
3355 2725 3615 2823 61601:)”:

2132 2820 2317 2889 φέρει,
2356 2820 2442 2889 μὴ
2472 2822 2805 2892 λαμϐάνετε
2836 2816 3149 2888 αὑτὸν”είς
3168 2819 3363 2875 οὶκίαν
3395 2818 3579 2885 αὐτῷ,
3615 2816 3726 2872 καὶ

2133 2914 2366 2981 χαίρειν
2395 2912 2557 2979 αὐτῷ
2605 2912 2691 2982 μὴ
2720 2913 2946 2983 λέγετε.
2988 2913 3041 2965 ’0
3089 2910 3200 2982 γὰρ
3254 2911 3448 2980 λέγων
3482 2910 3727 2979 χαίρεθ’

2132 3007 2407 3060 κοινωνεῖ
2438 3006 2560 3072 τοῖς
2584 3007 2781 3075 ἔργοις
2809 3006 2996 3060 αὐτοῦ
3024 3004 3151 3073 τοῖς
3179 3004 3486 3072 πονηροῖς.

2212 3117 2229 3149 ι
2263 3092 2429 3161 Οὗτός
2458 3099 2603 3154 ἐστιν
2624 3101 2651 3153 6
2682 3099 2877 3161 πλάνος
2913 3096 3008 3152 καὶ
3031 3099 3060 3153 6
3100 3096 3463 3168 ἀντίχριστος.
3492 3113 3512 3147 s
3538 3094 3729 3166 Ῑῐροσ⁴

2134 3192 2507 3245 υπακουστέον
2560 3190 2771 3253 τούτοις
2807 3192 2885 3255 είς
2918 3189 3297 3260 ἐντελεστέραν
3337 3188 3597 3260 δήλωσιν,
3634 3188 3724 3251 τὸ,

2140 3283 2235 3345 '0;
2294 3277 2387 3335 οὖν
2455 3281 2529 3353 μὴ
2574 3282 2746 3336 ταῦτα
2778 3282 3072 3355 ὁμολογεῖ,
3142 3282 3232 3337 ἵνα
3271 3282 3551 3351 εὐστόχως
3611 3279 3723 3333 ἐπ-

449 3363 756 3434 jungatur,
799 3385 817 3416 ι
853 3365 950 3421 ilic
1011 3376 1093 3421 est
1144 3367 1401 3425 seductor
1451 3378 1506 3425 et
1565 3372 1967 3430 Aulicltristus.
2002 3395 2022 3428 ι

2135 3373 2359 3445 ἀγηται,
2387 3391 2406 3426 ι
2447 3370 2613 3438 Οὗτός
2656 3375 2805 3428 ἐστιν
2831 3376 2858 3428 ὁ
2881 3373 3080 3438 πλάνος
3097 3374 3190 3427 καὶ
3217 3375 3245 3427 6
3273 3371 3674 3441 ’Δντίχριστος.
3700 3386 3720 3421 ι

454 3452 588 3509 Nam
642 3456 851 3526 absque
890 3458 1029 3523 hoc,
1094 3461 1492 3531 incompositus
1536 3474 1590 3518 et
1652 3465 2029 3533 independens

455 3546 561 3600 erit
593 3561 797 3613 sermo,
840 3564 1029 3620 nempe
1083 3564 1147 3607 ex
1179 3552 1377 3622 plurali
1413 3556 1688 3612 transiens
1740 3558 1807 3613 ad
1841 3558 2031 3629 singu-

459 3639 595 3693 lare.
650 3638 751 3694 Hic
808 3649 918 3705 est,
980 3642 1179 3712 inquit,
1223 3645 1597 3723 Antichristus
1649 3659 1702 3714 et
1746 3649 2025 3707 seductor.

459 3729 702 3789 Dicenda
740 3744 945 3790 autent.
979 3736 1081 3804 Qui
1120 3753 1227 3793 non
1273 3738 1603 3797 conﬁtentur
1647 3744 1832 3800 Jesum
1867 3744 2031 3801 Chri-

457 3833 603 3881 stum
639 3827 826 3883 venire
866 3829 919 3882 in
954 3844 1143 3898 carne,
1192 3846 1299 3887 non
1349 3845 1528 3890 autem
1568 3836 1804 3903 venisse,
1847 3838 2029 3894 maui-

460 3919 619 3974 t'estat
647 3934 707 3976 se
732 3934 827 3977 eos
856 3921 1041 3979 dicere
1076 3922 1169 3994 qui
1202 3926 1510 3983 secundum
1558 3925 1774 3983 Domini
1819 3928 2027 3985 adven-

457 4022 572 4067 tum
605 4014 878 4084 repelluut
912 4031 927 4070 :
959 4017 1181 4088 quando
1219 4019 1440 4089 quidem
1473 4020 1591 4090 ipse
1635 4020 1801 4076 etiam
1848 4022 2033 4077 Domi-

456 4124 583 4174 nus,
618 4109 845 4166 dicms:
881 4110 1077 4169 «Multi
1104 4114 1319 4171 venient
1350 4106 1572 4172 nomine
1590 4131 1710 4173 meo
1736 4136 1783 4181 ι,
1819 4132 1928 4173 non
1964 4117 2033 4174 de

458 4203 639 4272 primo
669 4201 802 4258 dicit
823 4207 1082 4275 adventu,
1108 4204 1203 4264 sed
1231 4205 1299 4263 de
1328 4206 1593 4264 secundo:
1622 4211 1876 4266 Attamen
1906 4225 2032 4267 vera

352 4372 355 4377 η
459 4295 673 4352 ratione
714 4299 808 4367 qui
858 4298 1163 4354 secundum
1212 4302 1532 4372 reprobant,
1590 4302 1758 4358 etiam
1792 4303 2031 4374 primum

458 4388 742 4459 rejiciunt.
775 4387 910 4444 Nam
944 4390 990 4447 si
1028 4391 1076 4447 is
1113 4393 1207 4461 qui
1246 4393 1303 4447 in
1348 4408 1517 4449 carne
1568 4395 1714 4451 venit
1749 4396 1913 4452 etiam
1946 4412 2035 4455 se-

426 4469 703 4536 cundum
739 4483 1036 4537 adventum
1070 4483 1340 4551 promisit,
1373 4484 1565 4558 utique
1596 4486 1689 4557 qui
1729 4488 2033 4545 secundum

457 4571 735 4641 promisit,
793 4560 987 4644 utique
1013 4575 1107 4645 qui
1158 4576 1462 4631 secundum
1520 4576 1758 4649 repellit,
1793 4581 2032 4652 primum

457 4677 679 4734 quoque
712 4664 896 4736 reiicit
928 4682 943 4721 :
1002 4665 1050 4722 si
1081 4665 1229 4723 enim
1288 4668 1467 4725 credit
1519 4669 1829 4740 advenisse,
1863 4674 2031 4730 etiam

458 4757 881 4826 promissionem
912 4758 1254 4817 existimabit
1301 4769 1508 4818 certam
1554 4777 1679 4820 esse
1731 4763 1880 4822 illius
1935 4766 2031 4837 qui

459 4843 732 4905 advenit:
791 4847 959 4921 610
1012 4849 1161 4922 quod
1217 4850 1262 4907 si
1326 4852 1748 4925 promissionem
1801 4857 2034 4928 spernit,

455 4937 611 4995 nulla
648 4939 866 4996 ratione
913 4942 1023 4998 dici
1067 4951 1247 5014 potest
1280 4944 1425 5016 quod
1461 4944 1546 5003 vel
1599 4947 1779 5018 primo
1825 4947 2032 5005 credat.

461 5024 761 5099 Pmpterea
794 5030 992 5102 Opinor
1024 5046 1160 5090 usus
1184 5046 1270 5091 est
1308 5038 1412 5093 hac
1439 5053 1574 5095 voce
1601 5039 1836 5097 dilectus
1860 5040 2035 5097 disci-

457 5118 646 5188 pulus,
675 5119 917 5177 dicendo
942 5121 1163 5189 Venire,
1201 5129 1309 5180 nan
1350 5123 1601 5197 Venisse,
1639 5138 1699 5185 ut
1738 5138 2034 5203 utrumque

454 5207 673 5266 Domini
720 5210 778 5266 in
826 5226 995 5269 carne
1023 5213 1310 5273 adventum
1371 5229 1636 5291 negantes
1673 5222 2033 5294 comprehen-

456 5299 633 5358 deret.
681 5303 934 5375 Praecipit
971 5319 1103 5378 ergo
1132 5306 1267 5378 ipsis
1300 5320 1359 5364 ut
1406 5321 1637 5367 caveant
1685 5314 1755 5370 ab
1786 5314 1896 5374 illis
1929 5333 1942 5373 :
1979 5326 2035 5372 et

455 5404 687 5450 causam
744 5393 945 5453 addit:
992 5393 1074 5454 Ne
1115 5400 1469 5469 adhaerendo,
1523 5404 1725 5476 inquit,
1769 5404 1879 5462 illis
1911 5423 2033 5478 per-

453 5483 602 5540 datis
645 5499 711 5543 ea
735 5502 860 5560 quae
910 5489 1071 5560 prius
1111 5493 1326 5563 operati
1376 5495 1547 5564 estis,
1583 5494 1679 5554 sed
1723 5503 2033 5558 mercedem

454 5586 699 5666 vestram
754 5579 971 5652 plenam
1035 5583 1245 5655 absque
1278 5583 1395 5644 ullo
1448 5587 1668 5647 defectu
1718 5591 2059 5666 accipiatis._

458 5664 568 5724 Sed
600 5667 854 5730 fortassis
881 5674 1026 5734 dicet
1055 5677 1331 5750 quispiam
1390 5680 1447 5736 in
1506 5681 1753 5742 talibus:
1804 5664 1945 5754 Quid
1981 5690 2030 5747 si

525 5854 569 5884 ³³
605 5852 767 5912 Marc.
799 5872 916 5924 sit,
948 5858 1014 5923 6;
1092 5841 1221 5916 Luc.
1256 5876 1367 5929 ττι,
1398 5862 1450 5918 8.

2130 3467 2313 3535 Χωρὶς
2354 3468 2464 3539 γὰρ
2500 3468 2689 3522 τούτου
2721 3466 3139 3538 ἅσυνάρτητοςὸ
3166 3467 3346 3535 λόγος,
3371 3466 3447 3528 ὡς
3473 3463 3724 3531 πληθυν-

2128 3561 2286 3616 τικοῦ
2320 3564 2399 3627 είς
2432 3562 2610 3615 ἑνικὸν
2674 3559 3037 3633 μεταϐαίνων.
3068 3555 3234 3623 Οὗτός
3268 3561 3407 3626 ἐστι,
3452 3557 3656 3627 φησιν,
3693 3556 3722 3609 6

2114 3654 2513 3726 ’Ἂντίχριστος
2543 3664 2638 3710 καὶ
2696 3657 2725 3710 6
2753 3656 2974 3719 πλάνος.
3012 3653 3191 3707 Εἰπὼν
3220 3653 3300 3715 δὲ,
3328 3653 3378 3706 οἱ
3414 3652 3489 3723 μὴ
3520 3648 3723 3721 ὁμολο-

2133 3747 2357 3817 γοῦντες
2392 3747 2603 3820 Ἰησοῦν
2655 3747 2893 3821 Χριστὸν
2946 3746 3246 3818 ἐρχόμενον
3275 3746 3331 3798 ἐν
3380 3743 3571 3812 σαρκὶ,
3605 3739 3725 3795 ἀλλ’

2132 3841 2231 3896 οὑκ
2264 3838 2512 3909 ἐλθόντα,
2535 3841 2892 3913 ἐμφαίνοντος
2914 3841 3086 3905 ἐστιν,
3115 3839 3191 3903 ὡς
3219 3837 3346 3900 τοὺς
3384 3835 3725 3898 ἀθετοῦντας

2132 3933 2394 4005 λέγειτὴν
2425 3932 2686 4005 δευτέραν
2731 3932 2825 3988 τοῦ
2865 3933 3074 4002 Κυρίου
3111 3931 3439 4003 παρουσίαν,
3466 3928 3598 3982 ἐπεὶ
3629 3927 3725 3981 καὶ

2134 4026 2300 4092 αὐτὸς
2332 4027 2361 4079 6
2410 4025 2617 4097 Κύριος
2644 4024 2843 4094 λέγων,
2875 4044 2894 4077 ι
2938 4023 3131 4078 Πολλοί
3172 4021 3485 4076 ἐλεύσονται
3517 4020 3617 4073 ἐπὶ
3646 4019 3726 4090 τῷ

2133 4118 2360 4191 ὀνόματί
2382 4137 2509 4189 μου,
2549 4139 2568 4172 ι
2613 4120 2676 4173 οὐ
2726 4119 2995 4191 περὶτῆς
3061 4117 3290 4189 πρώτης
3350 4112 3523 4169 αὐτοῦ
3585 4129 3723 4184 φησι

2135 4211 2467 4284 παρουσίας,
2506 4211 2642 4266 ἀλλὰ
2679 4213 2809 4283 περὶ
2842 4211 2945 4282 τῆς
2980 4210 3262 4282 δευτέρας.
3288 4209 3482 4280 Ὅμως
3519 4206 3727 4278 ἀληθεῖ

2134 4304 2283 4375 λόγῳ
2316 4305 2366 4358 oi
2387 4304 2488 4374 τὴν
2547 4304 2811 4374 δευτέραν
2857 4302 3197 4366 ἀθετοῦντες,
3230 4299 3326 4355 καὶ
3360 4299 3459 4370 τὴν
3489 4300 3726 4370 πρώτην

2135 4395 2555 4452 ἀποδάλλονται.
2590 4394 2653 4449 Εί
2685 4394 2792 4468 γὰρ
2825 4396 2853 4449 6
2882 4396 2940 4448 ἐν
2960 4393 3124 4467 σαρκὶ
3146 4391 3599 4464 παραγενόμενος
3630 4390 3725 4444 καὶ

2136 4489 2235 4559 τὴν
2259 4488 2522 4562 δευτέραν
2575 4488 2969 4558 ἐπηγγείλατο,
3022 4485 3243 4548 πάντως
3275 4485 3304 4538 6
3332 4483 3430 4554 τὴν
3457 4480 3723 4553 δευτέραν

2137 4566 2369 4648 ἀθετῶν,
2399 4580 2495 4634 καὶ
2545 4579 2646 4653 τὴν
2705 4578 2930 4652 πρώτην
2994 4577 3195 4632 ἀθετεῖ.
3228 4575 3291 4630 El
3317 4575 3425 4647 γὰρ
3468 4573 3723 4629 πιστεύει

2141 4673 2724 4746 παραγενόμενον,καὶ
2737 4669 2836 4744 τὴν
2857 4669 3189 4741 ἐπαγγελίαν
3223 4666 3420 4740 πιστὴν
3449 4667 3722 4739 ἡγήσεται

2138 4767 2235 4825 τοῦ
2265 4767 2735 4838 παραγενομένου.
2780 4766 2843 4819 El
2894 4765 2949 4820 δὲ
2988 4763 3086 4838 τὴν
3126 4762 3465 4832 ἐπαγγελίαν
3506 4761 3717 4823 ἀθετεῖ,

2138 4859 2313 4924 οὐδεὶς
2338 4858 2498 4929 λόγος
2532 4857 2669 4930 μηδὲ
2710 4857 2814 4928 τὴν
2865 4854 3090 4928 πρώτην
3121 4855 3285 4909 αὐτὸν
3317 4854 3589 4907 ἀπιστεῖν.
3620 4851 3720 4905 Διά

2136 4951 2298 5007 τοῦτο
2329 4947 2485 5023 οἶμαι
2520 4950 2694 5014 οὕτως
2719 4949 2993 5021 ἐχρήσατο
3015 4949 3082 5020 τῇ
3128 4949 3282 5019 φωνῇ
3313 4948 3485 5018 ταύτῃ
3511 4946 3542 5000 6
3578 4945 3720 5014 ἠγα-

2138 5044 2407 5117 πημένος,
2434 5042 2763 5115 Ἐρχόμενον
2813 5040 3009 5105 εἰπὼν,
3040 5039 3158 5094 ἀλλ’
3181 5040 3282 5094 οὐκ
3317 5038 3599 5104 Ἐλθόντα,
3633 5037 3717 5091 ίνα

2137 5138 2266 5201 τοὺς
2321 5135 2642 5208 ἀμφοτέρας
2690 5133 3061 5207 ἀρνουμένους
3116 5132 3221 5196 τὰς
3272 5131 3579 5201 παρουσίας
3622 5128 3714 5183 τοῦ

2138 5226 2346 5301 Κυρίου
2387 5225 2487 5291 τὰς
2544 5227 2601 5280 ἐν
2652 5225 2838 5297 σαρκὶ,
2869 5222 3162 5297 περιλάϐῃ.
3203 5222 3585 5278 Διαστέλλεται
3624 5220 3716 5276 οὖν

2139 5321 2325 5382 αὐτοῖς
2359 5315 2726 5388 φυλάττεσθαι
2767 5315 2864 5371 ἀπ’
2896 5315 3078 5370 αὐτῶν
3108 5316 3204 5369 καὶ
3231 5314 3293 5369 τὺ
3322 5316 3495 5369 αττιον
3539 5326 3713 5385 προσ-

2137 5408 2374 5481 τίθησιν,
2407 5407 2493 5462 ἵνα
2527 5409 2604 5481 μή
2652 5425 2787 5479 φησι
2821 5405 2910 5463 διὰ
2942 5408 3038 5478 τῆς
3069 5406 3208 5479 πρὸς
3243 5404 3442 5469 αὐτοὺς
3467 5402 3715 5475 ἀνακρά-

2137 5517 2302 5566 σεως,
2333 5499 2637 5571 ἀπολέσητε
2694 5498 2731 5555 ἃ
2775 5497 3241 5571 προειργασασθε,
3289 5495 3427 5552 ἀλλά
3451 5490 3712 5564 ἀνελλιπῆ

2138 5596 2231 5651 τὸν
2284 5593 2482 5666 μισθὸν
2526 5593 2682 5665 ὑμῶν
2734 5593 2960 5664 λάϐητε.
2999 5590 3146 5648 ⁸Δλλ¹
3186 5592 3320 5655 ῐσως
3349 5590 3465 5664 ἐρεῖ
3489 5604 3576 5673 τις
3605 5584 3711 5642 τῶν

2139 5686 2398 5744 τοιούτων
2427 5701 2438 5716 ·
2482 5683 2548 5739 Τί
2580 5685 2637 5740 δὲ
2662 5686 2709 5742 ει
2740 5686 2815 5759 μὴ
2844 5686 2942 5760 τὴν
2974 5684 3284 5759 παρουσίαν
3309 5679 3589 5740 πιστεύσω
3613 5674 3709 5734 τοῦ
