3950 6554
218 419 321 482 6‘33

1253 414 1618 477 COMMENT
1647 414 1730 476 IN
1768 412 2011 476 EPIST.
2059 414 2121 475 II
2182 412 2517 479 JOANNIS.

3369 409 3481 482 ειη

218 527 447 602 Χριστοῦ
473 527 575 599 τὴν
603 528 663 581 ὲν
690 528 874 597 σαρκὶ,
924 527 1012 581 διὰ
1041 527 1098 582 δὲ
1135 527 1501 601 ἀγαθοεργίας
1528 526 1712 599 βιώσω
1734 527 1796 582 οὐ

1909 539 2009 580 non
2038 526 2326 582 credidero
2357 524 2566 583 Christi
2603 526 2658 581 in
2689 538 2855 582 carne
2881 527 3198 594 adventum,
3230 524 3285 585 i‘n
3310 526 3477 585 boni!

213 624 444 693 δύναμαι
476 621 564 675 διὰ
600 620 707 674 τῶν
742 619 921 691 ἔργων
956 620 1160 675 τούτων
1193 624 1330 693 μετὰ
1362 623 1470 675 τῶν
1500 620 1789 675 εὐσεϐούν-

214 731 322 768 των
357 712 750 783 συντετάχθαι,
791 712 914 765 οὐδὲ
945 711 1037 765 τὸν
1067 712 1207 785 ὑπὲρ
1257 713 1463 767 τούτων
1495 713 1789 768 ἀπολαϐεῖν

219 803 438 875 μισθόνς
470 803 689 873 Ταύτην
724 804 825 874 τὴν
884 804 1157 858 ἀντίθεσιν
1212 806 1558 876 προαναιρῶν
1590 809 1616 859 ὁ
1651 806 1789 860 ἁπό-

216 896 399 959 στολος
457 895 605 949 οὕτω
666 895 855 967 φησιν.
911 897 992 950 ὃτι
1049 897 1257 966 Μηδεὶς
1289 897 1505 961 οἰέσθω,
1540 898 1568 951 6
1595 899 1694 965 τὴν
1734 901 1794 953 ὲν

218 990 383 1056 σαρκὶ
419 988 714 1057 ἐπιδημίαν
746 988 840 1041 τοῦ
883 989 1088 1059 Κυρίου
1141 989 1346 1044 ἀθετῶν
1391 989 1467 1052 ὡς
1510 988 1790 1062 δύναταιῆ

216 1080 396 1152 ἔργων
428 1080 665 1151 ἀμοιϐὴν
695 1080 990 1135 ἀπολαϐεῖν
1039 1081 1251 1136 τελείαν
1278 1083 1402 1151 ἣτις
1451 1082 1545 1136 καὶ
1582 1086 1795 1146 πιστοῖς

214 1171 588 1241 ἐποςείλεται,
625 1173 659 1245 ἢ
700 1172 837 1236 ὅλως
853 1173 1110 1243 θεοσεϐὴς
1143 1171 1488 1243 νομισθῆναι,
1519 1173 1653 1227 ἀλλὰ
1688 1173 1797 1232 πᾶς

211 1265 241 1317 6
259 1264 616 1336 παραϐαίνων
632 1264 730 1333 τὴν
751 1265 969 1335 ἐντολὴν
994 1263 1180 1331 αὑτοῦ,
1214 1264 1307 1318 τοῦ
1339 1265 1575 1336 Χριστοῦ
1608 1264 1792 1335 δῆλον⁴

208 1361 296 1414 ότι
358 1360 836 1429 παραγενομένου,
898 1358 993 1411 καὶ
1036 1358 1110 1428 μὴ
1172 1360 1350 1428 μένων
1399 1359 1458 1411 ὲν
1488 1361 1552 1429 τῇ
1606 1359 1793 1430 διδαχῇ

210 1450 409 1512 αὐτοῦ,
449 1450 584 1505 Θεὸν
621 1452 723 1505 οὐκ
768 1451 906 1520 ἔχει.
965 1451 1029 1506 Ei
1062 1450 1169 1522 γὰρ
1207 1454 1235 1505 6
1289 1452 1616 1520 θεογνωσίαν
1645 1454 1798 1524 ἥκων

209 1544 538 1613 ἀνθρώπους
554 1544 766 1597 τελείαν
782 1543 1011 1611 διδάξαι,
1035 1537 1191 1606 οὗτος
1212 1543 1406 1598 ἀθετοὺ
1415 1562 1574 1613 μενος
1603 1546 1793 1616 ὁρῷτο,

210 1635 333 1698 πῶς
362 1634 433 1690 ἂν
470 1634 552 1688 ἔτι
587 1635 846 1708 θεοσεϐὴς
876 1637 983 1703 εἴη,
1021 1639 1049 1690 6
1073 1636 1181 1690 τῶν
1209 1635 1372 1691 θείων
1394 1636 1683 1708 θεαμάτων
1702 1637 1796 1693 τὸν

212 1724 506 1795 ὑφηγητὴν
533 1725 1020 1796 ἀποσκορακίζων;
1056 1726 1258 1793 Ἀθεος
1282 1724 1375 1780 οὖν
1399 1719 1575 1791 οὗτος,
1610 1727 1799 1800 ῶσπερ

1895 628 2077 676 tamen
2103 619 2365 690 operibus
2391 620 2560 676 vitam
2596 620 2830 686 duxero,
2855 635 2922 676 an
2967 637 3077 679 non
3112 635 3474 695 postper

1892 700 2009 765 haec
2049 724 2216 781 opera
2267 723 2394 765 cum
2450 710 2558 780 piis
2619 725 2685 767 ac
2728 711 3008 783 religiosis
3055 715 3471 779 connumerari,

1893 817 2070 872 neque
2100 817 2200 872 pro
2249 802 2334 858 his
2364 803 2616 873 recipere
2652 805 3000 860 mercedem?
3029 804 3180 861 Hanc
3208 806 3469 877 objectioo

1892 904 2019 948 nem
2076 895 2314 965 primum
2375 893 2577 949 tollens
2635 895 2938 965 Apostolus
2986 896 3061 950 ita
3115 898 3239 951 ait:
3299 895 3484 952 Nemo

1896 985 2180 1042 existimet
2231 986 2504 1054 repellens
2561 988 2775 1043 Domini
2829 988 2885 1043 in
2936 1003 3105 1044 carne
3151 989 3486 1051 adventum,»

1895 1077 2040 1147 quod
2067 1079 2245 1146 possit
2275 1088 2370 1135 aut
2405 1080 2665 1150 operibus
2694 1078 2990 1149 perfectam
3033 1080 3252 1150 assequi
3309 1079 3489 1135 retrir

1900 1169 2182 1225 butionem
2212 1187 2335 1241 qum
2382 1171 2619 1227 debetur
2666 1171 2937 1235 tideltbus,
2984 1177 3079 1225 aut
3126 1171 3350 1226 omnino
3374 1167 3490 1225 Dei”

1898 1261 2079 1316 cultor
2114 1263 2353 1330 reputari
2397 1280 2413 1317 :
2477 1262 2574 1318 sed
2613 1263 2864 1333 quisquis
2908 1262 3313 1332 transgreditur
3366 1260 3473 1317 hoc

1899 1361 2231 1423 praeceptum
2290 1353 2488 1423 ipsius,
2530 1354 2733 1408 Christi
2769 1353 3028 1409 videlicet
3080 1353 3173 1423 qui
3226 1351 3469 1415 advenit,

1898 1453 1953 1500 et
1986 1457 2094 1499 non
2145 1452 2328 1498 manet
2360 1446 2412 1498 in
2443 1446 2566 1515 ejus
2603 1445 2876 1513 doctrina,
2913 1444 3083 1500 Deum
3129 1460 3239 1500 non
3281 1442 3466 1499 habet.

1902 1536 1962 1593 Si
1992 1538 2137 1592 enim
2163 1536 2212 1592 is
2246 1535 2339 1607 qui
2374 1539 2527 1593 venit
2557 1537 2928 1609 utperfeetam
2959 1539 3026 1594 de
3051 1538 3162 1594 Deo
3185 1537 3464 1609 cognitio-

1899 1643 2023 1684 nem
2040 1625 2290 1683 homines
2313 1627 2554 1696 doceret,
2580 1630 2836 1698 repulsus
2853 1628 3130 1684 videretur
3154 1651 3165 1685 :
3195 1627 3470 1699 quomodo

1894 1718 2007 1790 jam
2037 1717 2131 1775 Dei
2155 1718 2336 1775 cultor
2362 1728 2528 1784 esset,
2565 1721 2660 1790 qui
2694 1719 3007 1774 divinarum
3041 1718 3461 1790 contemplatio-

210 1815 549 1906 ἀπεναντίας
597 1818 806 1884 ἔνθεος
866 1819 961 1873 καὶ
1008 1817 1282 1889 θεοψιλὴς,
1332 1817 1430 1872 καὶ
1476 1820 1582 1873 πᾶν
1611 1819 1672 1874 τὸ
1696 1822 1795 1892 τῆς

1909 1825 2031 1867 num
2062 1810 2412 1883 interpretem
2434 1810 2793 1882 reprobaret?
2825 1809 2928 1867 Hic
2956 1826 3084 1883 ergo
3115 1810 3272 1874 ἄθεος
3298 1818 3467 1874 esset.

212 1897 474 1978 θεότῆτος
502 1908 643 1979 ἔχων
674 1910 731 1963 ἐν
781 1911 956 1980 ἑαυτῷ
1007 1912 1297 1982 πλήρωμα,
1330 1910 1550 1982 Πατέρα
1594 1911 1796 1984 δηλαδὴ

214 1999 317 2054 καὶ
348 1999 482 2055 Υἱὸν
532 2001 627 2054 καὶ
681 2000 910 2072 Πνεῦμα
967 2001 1144 2069 ἅγιον,
1186 2006 1223 2056 ’ὁ
1253 2002 1589 2073 ἡδρασμένος
1636 2004 1694 2056 ὲν
1726 2006 1793 2076 τῇ

209 2092 407 2163 διδαχῇ
440 2093 536 2149 τοῦ
576 2095 837 2165 Χριστοῦ.
892 2096 1063 2160 Αὐτὸς
1094 2095 1202 2166 γὰρ
1258 2097 1388 2167 περὶ
1430 2097 1528 2167 μὲν
1559 2095 1654 2150 τοῦ
1684 2099 1795 2150 [Ια-

208 2183 341 2253 τρὸς
365 2184 608 2239 διδάσκει
635 2186 829 2254 λέγων,
866 2205 886 2239 ι
914 2187 1098 2241 Πάντα
1132 2189 1232 2242 ὅσα
1264 2187 1377 2258 ἕχει
1398 2190 1425 2242 6
1454 2189 1664 2259 Πατὴρ,
1690 2189 1796 2260 ἐμά

212 2277 355 2331 ἔστι.
397 2297 416 2329 ι
448 2278 562 2332 Καὶ
598 2278 866 2351 πολλαχοῦ
922 2279 976 2333 δὲ
1026 2280 1264 2335 διδάσκει
1314 2281 1442 2352 περὶ
1477 2282 1669 2336 ἑαυτοῦ
1702 2284 1796 2338 καὶ

212 2370 306 2420 τοῦ
327 2370 565 2439 Πατρὸς,
589 2372 670 2424 ὅτι
695 2374 722 2425 6
752 2372 853 2441 μέν
878 2374 993 2426 ἐστι
1016 2375 1228 2444 Πατὴρ,
1259 2375 1287 2427 6
1313 2374 1369 2427 δὲ
1391 2374 1540 2437 Υἱός.
1581 2376 1716 2444 Περὶ
1738 2376 1794 2428 δὲ

210 2459 310 2512 τοῦ
343 2460 666 2524 ﬂamina-.0;
689 2464 816 2516 ὃταν
847 2463 1000 2537 λέγῃο
1038 2483 1055 2515 ι
1086 2464 1159 2518 Τὸ
1209 2464 1437 2533 Πνεῦμα
1481 2465 1542 2517 τὸ
1579 2464 1732 2532 ἅγιον
1767 2464 1796 2518 6

216 2550 374 2620 παρὰ
406 2553 502 2604 τοῦ
529 2555 738 2625 Πατρδς
764 2555 1139 2622 ἐκπορεύεται.
1178 2575 1195 2608 ι
1214 2555 1554 2626 Τελεὼτερον
1583 2556 1638 2609 δὲ
1676 2555 1796 2609 τοῦ·

214 2658 323 2697 των
366 2645 532 2712 ἡνίκα
560 2645 729 2714 λέγει·
767 2668 785 2699 ι
810 2648 1169 2712 Βαπτίζοντες
1202 2649 1401 2713 αὐτοὺς
1430 2651 1509 2712 είς
1537 2651 1598 2702 τὸ
1625 2650 1795 2720 δνομα

214 2734 310 2786 τοῦ
346 2736 562 2805 Πατρὸς
594 2738 691 2791 καὶ
714 2738 807 2792 τοῦ
834 2738 965 2792 Υίοῦ
996 2740 1088 2793 καὶ
1113 2739 1206 2793 τοῦ
1241 2740 1399 2810 ἁγίου
1418 2740 1787 2810 Πνεύματος.»

214 2825 279 2878 Εἰ
314 2826 377 2878 δὲ
427 2829 556 2898 περὶ
590 2828 682 2882 τοῦ
714 2831 926 2900 [ἰατρὸς
957 2831 1119 2901 μόνου
1148 2832 1242 2886 καὶ
1271 2833 1367 2885 τοῦ
1402 2831 1536 2886 Υίοῦ
1577 2834 1795 2903 εἴρηται

215 2917 463 2970 ἐνταῦθα
488 2919 565 2988 τῷ
595 2921 807 2992 μαθητῇ
846 2922 942 2975 τοῦ
975 2923 1205 2993 Κυρίου,
1226 2924 1288 2976 οὐ
1316 2922 1496 2993 μέντοι
1548 2925 1642 2977 καλ.
1669 2927 1797 2996 περὶ

216 3006 316 3059 τοῦ
387 3008 548 3075 ἁγίου
601 3010 938 3078 Πνεῦματος,
992 3012 1161 3082 μηδὲν
1215 3010 1626 3081 σκανδαλισθῇς.
1660 3012 1797 3081 Περὶ

219 3098 333 3167 γὰρ
364 3099 558 3153 ⁸ιοῦτου
594 3102 756 3168 μόνου
786 3104 1118 3172 κατήπειγεν
1135 3086 1369 3156 ἐνταῦθα
1398 3102 1646 3172 εἰρῆσθαι
1680 3102 1796 3169 νῦν,

1903 1903 1954 1958 id
1979 1910 2084 1968 est,
2129 1905 2247 1959 sine
2301 1904 2430 1971 Deo,
2468 1904 2928 1974 quemadmodum
2960 1917 2990 1959 e
3023 1902 3239 1959 diverso
3269 1903 3468 1964 ἔνθεος.

1898 1996 2071 2062 idest,
2102 1996 2323 2053 divinus
2360 2007 2415 2053 et
2435 1996 2529 2051 Dei
2563 1998 2796 2060 amicus,
2829 2011 2893 2050 ac
2927 2009 3142 2052 onmem
3168 1994 3472 2049 divinitatis

1874 2086 2300 2160 ‘plenitudinem
2335 2092 2389 2144 in
2421 2091 2605 2161 seipse
2634 2090 2864 2153 habens,
2892 2086 3388 2160 Patrem‘videlicet
3420 2096 3476 2142 et

1897 2180 2092 2236 Filium
2128 2197 2192 2238 ac
2228 2182 2494 2252 Spiritum
2526 2190 2802 2247 sanctum,
2830 2181 2921 2251 qui
2953 2180 3142 2236 ﬁrmus
3170 2195 3233 2235 ac
3262 2179 3473 2236 solidus

1896 2280 1980 2327 est
2009 2273 2062 2328 in
2099 2272 2347 2329 doctrina
2379 2272 2607 2329 Christi.
2653 2271 2774 2343 ipse
2804 2272 2948 2328 enim
2976 2271 3044 2327 de
3099 2269 3258 2325 Patre
3291 2271 3471 2334 docet,

1897 2362 2131 2419 dicens:
2193 2382 2210 2417 ι
2259 2363 2453 2419 Omnia
2513 2378 2873 2433 quacumque
2917 2363 3081 2419 habet
3138 2360 3298 2417 Pater
3354 2377 3475 2415 mea

1897 2459 2021 2507 sunt
2058 2454 2136 2506 ης
2175 2470 2193 2505 ι
2256 2452 2569 2523 ῖιέιγυρηιει·
2601 2466 2819 2522 quoque
2865 2461 2917 2508 et
2963 2452 3031 2508 de
3087 2450 3249 2505 Patre
3296 2458 3351 2505 et
3404 2448 3474 2505 de

1897 2543 2080 2612 scipso
2136 2543 2322 2606 docet,
2366 2542 2512 2613 quod
2568 2542 2663 2598 ille
2702 2542 2919 2612 quidem
2980 2542 3051 2599 sit
3110 2539 3308 2603 Pater,
3358 2540 3476 2610 ipse

1896 2643 2079 2689 autem
2111 2634 2319 2702 Filius;
2344 2635 2411 2690 de
2438 2633 2644 2704 Spiritu
2674 2641 2864 2690 sancto
2896 2644 3076 2689 autem
3106 2632 3325 2704 quando
3352 2632 3429 2686 ait.
3453 2640 3489 2703 ε’

1902 2745 1922 2776 α
1964 2724 2204 2796 Spiritus
2234 2728 2326 2798 qui
2369 2743 2399 2782 a
2462 2725 2625 2782 Patre
2680 2727 2930 2797 procedit
2970 2726 3036 2781 ⁸⁷.
3080 2744 3099 2779 ι
3144 2722 3243 2782 His
3291 2734 3474 2779 autem

1901 2819 2199 2887 perfectius
2254 2834 2379 2874 cum
2431 2819 2547 2874 ait:
2590 2836 2608 2870 ι
2641 2817 2992 2888 Baptizantes
3023 2833 3118 2875 eos
3153 2818 3206 2872 ιη
3248 2816 3481 2871 nomine

1897 2910 2079 2965 Patris
2107 2919 2159 2965 et
2196 2911 2316 2964 Filii
2352 2914 2404 2964 et
2430 2909 2669 2980 Spiritus
2699 2910 2875 2964 sancti
2905 2910 2971 2962 ".
3008 2927 3025 2960 ι
3063 2906 3126 2962 Ει
3158 2921 3473 2977 quanquam

1899 3002 1967 3057 de
2000 3002 2156 3058 Patre
2190 3012 2397 3058 tantum
2435 3016 2500 3058 ac
2536 3001 2673 3057 Filio
2702 3004 2841 3058 facta
2883 3003 2956 3059 sit
2991 3003 3089 3056 hoc
3121 3001 3242 3056 loco
3273 2999 3478 3056 ruentia

1912 3110 1940 3149 a
1974 3094 2187 3149 Domini
2218 3094 2514 3165 discipulo,
2556 3109 2666 3148 non
2711 3104 2891 3150 autem
2926 3095 2992 3149 de
3008 3092 3215 3162 Spiritu
3256 3100 3472 3155 sancto,

218 3191 316 3243 τοῦ
354 3194 568 3263 Πατρός
596 3211 735 3265 φημι
767 3196 860 3248 καὶ
886 3194 980 3248 τοῦ
998 3195 1150 3250 Υίοῦ.
1178 3196 1292 3250 Καὶ
1338 3195 1510 3249 ταῦτα
1546 3195 1646 3265 μὲν
1672 3196 1804 3267 πρὸς

1909 3201 1975 3241 ne
2009 3184 2327 3240 otlendaris.
2374 3185 2509 3240 Nam
2541 3183 2608 3241 de
2653 3184 2759 3241 hoc
2796 3185 2973 3240 solum
3025 3183 3251 3254 cogebat
3290 3191 3343 3237 et
3379 3196 3476 3237 cx-

220 3284 284 3336 τὸ
317 3286 517 3355 παρὸν.
564 3286 651 3340 ἵνα
715 3287 790 3356 μὴ
834 3288 1283 3358 μακρολογῶμεν.
1328 3289 1496 3342 Μένει
1535 3286 1592 3340 δὲ
1646 3289 1704 3341 ὲν
1736 3291 1804 3359 τῇ

222 3377 416 3447 διδαχῇ
453 3377 546 3429 τοῦ
576 3377 837 3448 Χριστοῦ,
871 3377 990 3450 ἦτοι
1019 3382 1081 3448 τῇ
1115 3378 1447 3450 εὐαγγελικῇ
1487 3378 1806 3449 διδασκαλίᾳ

224 3469 253 3520 6
278 3468 406 3520 κατ’
436 3467 604 3539 αὐτὴν
633 3470 844 3539 φρονῶν
878 3472 971 3523 καὶ
1002 3470 1279 3541 πράττων,
1315 3468 1663 3539 θεωρητικῶς
1691 3468 1809 3539 ἅμα

227 3562 326 3615 καὶ
356 3565 678 3631 πρακτικῶς
706 3565 836 3634 βιῶν
859 3583 873 3596 ο
913 3566 940 3619 6
961 3565 1017 3619 δὲ
1067 3564 1264 3633 ταύτης
1311 3565 1538 3633 ἀπάγων
1594 3564 1804 3626 ἑαυτὸν,

226 3654 418 3716 ἄθεος.
470 3654 560 3718 Ὠς
616 3656 725 3725 γὰρ
771 3658 801 3710 6
848 3657 917 3711 δι’
964 3655 1226 3727 ἀκριϐοῦς
1283 3653 1558 3717 πολιτείας
1595 3653 1810 3723 οίκειῶν

227 3747 434 3800 ἑαυτὸν
458 3746 536 3817 τῷ
564 3748 702 3817 Θεῷ,
737 3748 925 3819 ὥσπερ
972 3751 1001 3802 6
1043 3748 1317 3819 Ἀϐραὰμ,
1358 3746 1495 3800 καθὸ
1524 3747 1619 3801 καὶ
1644 3747 1811 3816 ἦκουε

227 3839 367 3908 παρ’
402 3838 591 3909 αὐτοῦ,
629 3859 647 3892 ι
694 3840 834 3908 Ἐγὼ
886 3840 1017 3902 Θεὸς
1062 3840 1177 3905 σὸς,
1214 3858 1233 3892 ι
1266 3838 1438 3902 οὕτως
1476 3839 1506 3891 6
1558 3837 1662 3903 ἔξω
1712 3838 1813 3905 τῆς

228 3928 460 3996 ἐντολῆς
488 3930 582 3983 τοῦ
629 3931 960 3998 Εὑαγγελίου
1004 3931 1176 4000 βιοὺς,
1208 3929 1391 3992 ἄθεος,
1441 3927 1632 3982 ἑαυτὸν
1679 3927 1813 3982 ἀπο-

229 4021 513 4091 σχοινίσας
542 4021 637 4075 τοῦ
665 4022 811 4093 ἔχειν
829 4021 981 4075 Θσόν.
1011 4022 1198 4074 Ἀθέου
1214 4020 1269 4074 δὲ
1296 4019 1487 4074 τούτου
1517 4018 1690 4081 ὄντος,
1715 4016 1812 4072 τοῦ

231 4113 455 4171 ἑαυτὸν,
482 4114 647 4182 φημὶ,
687 4114 787 4181 τῆς
829 4113 978 4178 θείας
1027 4113 1491 4186 ἀλλοτριώσαντος
1535 4109 1813 4178 παιδείας,

231 4207 261 4258 ὁ
292 4205 474 4274 μένων
511 4208 571 4257 ὲν
604 4207 765 4277 αὐτῇ,
795 4200 949 4269 οὗτος
975 4208 1071 4261 καὶ
1093 4206 1185 4261 τὸν
1208 4205 1428 4277 Πατέρα
1452 4203 1661 4258 καὶτὸν
1684 4202 1814 4257 Υίὸν

234 4301 376 4368 ἔχει.
412 4299 544 4368 Περὶ
582 4300 692 4369 γὰρ
745 4297 840 4351 τοῦ
884 4298 1127 4352 τοιοῦτον
1180 4299 1276 4352 καλ⁹
1312 4300 1341 4352 6
1378 4297 1504 4361 Υἱὸς
1552 4296 1679 4368 ἔφη,
1731 4297 1816 4352 ὅτι

238 4412 262 4445 ι
286 4385 651 4455 Ἐλευσόμεοα
670 4390 801 4461 παρ’
821 4389 1001 4457 αὑτὸν,
1032 4390 1170 4460 μετὰ
1194 4388 1289 4443 τοῦ
1310 4389 1526 4459 Πατρὸς
1546 4388 1814 4456 δηλονότι,

237 4488 337 4538 καὶ
390 4486 559 4555 μονὴν
600 4484 728 4553 παρ’
789 4483 938 4554 αὐτῷ
993 4481 1356 4553 ποιησόμεθα.
1393 4502 1410 4533 ι
1443 4481 1538 4534 Ἐκ
1574 4480 1682 4551 γὰρ
1717 4481 1817 4551 τῆς

237 4578 350 4630 τῶν
373 4579 601 4631 ἐντολῶν
623 4579 929 4649 τηρήσεως,
975 4576 1102 4630 ναὸν
1145 4574 1336 4628 ἑαυτὸν
1369 4572 1465 4628 καὶ
1502 4574 1817 4645 οἰκητήριον

239 4670 469 4740 ἐποίησε
508 4670 667 4736 Θεοῦ,
714 4672 812 4725 καὶ
867 4668 1000 4723 Θεὸν
1033 4668 1243 4722 ἑνοικον
1292 4666 1430 4739 ἔχει,
1455 4666 1632 4721 διττοῦ
1664 4664 1818 4732 ὄντος

240 4762 339 4816 τοῦ
371 4764 517 4833 ἔχειν
545 4764 700 4817 Θεόν.
726 4762 956 4830 Λέγεται
985 4762 1095 4833 γὰρ
1131 4760 1280 4831 ἔχειν
1311 4760 1447 4812 Θεὸν
1478 4760 1575 4813 καὶ
1602 4756 1671 4811 τὰ
1696 4757 1815 4811 κτίο

247 4871 438 4923 σματα
463 4856 662 4917 πάντα,
715 4854 852 4926 1:96;
894 4853 923 4907 6
984 4854 1079 4905 acati
1126 4852 1337 4915 Παῦλος
1379 4853 1621 4923 εἰρηκεν·
1658 4869 1680 4903 ί
1719 4850 1810 4903 Ἐν

245 4945 401 5014 αὐτῷ
429 4946 537 5015 γὰρ
570 4945 750 5015 ζῶμεν
780 4947 873 4999 καὶ
917 4945 1215 5012 κινούμεθα
1244 4943 1338 4998 καί
1369 4946 1561 5013 ἐσμεν.
1605 4963 1624 4994 ι
1650 4941 1819 4995 Τοῦτο

242 5040 305 5091 δὲ
333 5042 474 5091 κατὰ
503 5040 594 5091 τὶν
622 5037 721 5103 τῆς
743 5035 1051 5099 οὐσιὼσεως
1086 5038 1302 5106 εἴρηται
1328 5024 1548 5106 τρόπον.
1591 5034 1822 5105 Ἑτέρως

248 5130 310 5182 δὲ
331 5129 426 5182 τοῦ
456 5131 543 5181 διὰ
595 5128 1001 5195 καλοκάγαθίας
1032 5127 1426 5198 θεραπεύοντος
1472 5124 1626 5188 Θεὸν,
1662 5123 1823 5177 πάλιν

251 5222 403 5291 ἔχειν
436 5220 729 5288 λεγομένου
753 5218 904 5280 Θεὸν,
937 5218 1058 5272 καθ’
1096 5218 1125 5270 6
1155 5220 1574 5288 σημαινόμενον,
1603 5212 1698 5267 καὶ
1729 5211 1825 5266 τοῦ

267 5313 523 5384 Ἀϐραὰμ
569 5310 699 5373 Θεὸς
758 5312 971 5381 εἴρηται
1003 5312 1031 5362 6
1060 5308 1213 5372 Θεὸς,
1243 5309 1338 5362 καὶ
1367 5307 1459 5360 τοῦ
1501 5305 1708 5371 Ἰσαὰκ,
1735 5304 1831 5357 καὶ

252 5404 393 5466 ὅλως
435 5403 546 5455 τῶν
602 5401 865 5468 θεοφιλῶν
901 5400 1190 5471 Ἐϐραίων,
1239 5396 1563 5452 ἐπιστατέον
1596 5395 1708 5457 τοῖς
1733 5394 1831 5449 νῦν

257 5498 660 5569 εἰρησομένοις,
692 5497 719 5548 6
752 5496 890 5564 ἔχων
915 5493 1006 5546 τὸν
1040 5493 1169 5547 Υίὸν
1199 5492 1313 5562 ἔχει
1342 5493 1438 5544 καὶ
1468 5490 1558 5543 τὸν
1589 5488 1832 5558 Πατέρα.

264 5604 284 5637 ι
330 5586 390 5638 '0
412 5585 522 5653 γὰρ
554 5581 815 5653 ἑωρακὼς
836 5583 928 5636 τὸν
947 5581 1098 5646 Υίδν,
1134 5600 1154 5632 ι
1182 5581 1258 5645 ὡς
1297 5581 1391 5633 καὶ
1420 5580 1581 5640 αὐτὸς
1621 5593 1785 5648 φησιν
1807 5578 1835 5630 6

261 5675 412 5738 Υἱὸς,
463 5693 482 5726 ι
518 5672 728 5746 ἑώρακε
746 5673 837 5727 τὸν
890 5673 1130 5744 Πατέρα.
1166 5690 1185 5723 ι
1218 5672 1326 5725 Καὶ
1349 5670 1608 5743 ἔμπαλιν,
1638 5688 1657 5722 ι
1692 5666 1835 5735 Ἐγὼ

1912 3278 2130 3346 petabat
2163 3290 2346 3333 sermo
2378 3284 2437 3331 ut
2469 3279 2803 3346 loqueretur,
2837 3276 2904 3330 de
2932 3276 3116 3338 Patre,
3148 3274 3394 3344 inquam,
3424 3279 3479 3328 et

1910 3369 2067 3424 Filio.
2099 3370 2166 3423 Et
2206 3372 2318 3424 haec
2347 3369 2563 3439 quidem
2616 3369 2685 3423 de
2722 3368 2975 3438 praesenti
3011 3367 3132 3422 loco
3162 3364 3304 3421 dicta
3342 3364 3477 3429 sint,

1912 3477 1981 3515 ne
2032 3462 2362 3532 prolixiores
2408 3461 2606 3518 simus.
2656 3459 2838 3517 Manet
2895 3467 3076 3515 autem
3125 3458 3181 3514 in
3230 3458 3479 3512 doctrina

1911 3554 2119 3610 Christi
2154 3556 2270 3611 sive
2303 3555 2634 3626 evangelica,
2683 3553 2776 3625 qui
2817 3552 3117 3609 secundum
3153 3564 3272 3605 eam
3313 3547 3482 3604 sentit

1911 3658 1966 3705 et
1995 3655 2277 3718 operatur,
2324 3646 2747 3718 contemplanda
2775 3644 2941 3701 simul
2974 3650 3029 3698 et
3080 3639 3356 3711 operando
3395 3640 3479 3693 vi-

1912 3755 2045 3795 vens
2086 3778 2101 3804 ,
2158 3740 2319 3811 611
2352 3740 2449 3810 qui
2506 3753 2635 3793 vero
2682 3737 2752 3792 ab
2803 3736 2906 3791 hac
2949 3734 3170 3789 abducit
3213 3733 3481 3802 seipsum.

1913 3831 2072 3895 ἄθεος
2106 3839 2209 3887 est.
2242 3834 2395 3886 Sicut
2426 3833 2569 3885 enim
2603 3830 2697 3897 qui
2732 3827 3029 3897 perfectam
3064 3825 3224 3881 habet
3254 3839 3487 3881 conver-

1915 3923 2205 3987 sationem,
2243 3922 2352 3976 Deo
2401 3922 2642 3989 seipsnm
2686 3919 2860 3973 reddit
2905 3917 3251 3983 fatttiliarem,
3287 3932 3493 3987 quem-

1916 4010 2209 4065 admodum
2244 4010 2542 4070 Abraham,
2570 4009 2727 4078 juxta
2779 4007 2910 4061 illud
2943 4009 3086 4077 quod
3120 4006 3189 4060 ah
3223 4008 3339 4074 ipso
3374 4003 3485 4060 Deo

1918 4102 2126 4156 audivit
2156 4121 2169 4156 :
2205 4120 2223 4152 ι
2255 4102 2367 4171 Ego
2400 4100 2544 4156 Dens
2574 4110 2700 4156 tuus
2727 4099 2772 4131 ”
2799 4115 2813 4158 :
2853 4117 2873 4151 ι
2905 4099 2978 4153 ita
3006 4098 3099 4168 qui
3131 4105 3284 4152 extra
3311 4097 3489 4152 Evan-

1917 4194 2042 4266 gelii
2079 4200 2410 4263 praeceptum
2452 4191 2607 4257 vivit,
2641 4191 2799 4255 ἄθεος
2830 4199 2938 4253 est,
2970 4189 3335 4244 abstrahendo
3375 4189 3486 4244 sei-

1916 4302 2100 4358 psum,
2131 4300 2200 4340 ne
2230 4285 2401 4340 Deum
2436 4285 2652 4340 habeat.
2684 4283 2823 4340 Cum
2867 4293 3051 4339 autem
3087 4283 3178 4338 hic
3207 4282 3366 4346 ἄθεος
3388 4283 3485 4344 sit.

1922 4394 2116 4449 nempe
2158 4378 2252 4448 qui
2296 4378 2541 4449 seipsum
2577 4376 2835 4432 alienavit
2872 4391 2900 4428 a
2935 4375 3120 4431 divina
3149 4373 3436 4444 disciplina
3468 4389 3486 4429 :

1920 4478 2068 4525 certe
2099 4471 2189 4540 qui
2223 4469 2278 4524 in
2313 4484 2375 4525 ea
2411 4477 2615 4531 manet,
2647 4467 2736 4522 hic
2763 4474 2817 4523 et.
2846 4463 3060 4521 Patrem
3085 4472 3136 4522 et
3164 4462 3358 4519 Filium
3393 4461 3491 4518 ha-

1844 4532 1900 4597 D
1925 4563 2016 4618 bet
2042 4532 2132 4617 de-
2160 4561 2478 4631 hujusmodi
2535 4562 2681 4618 enim
2716 4561 2850 4615 dixit
2868 4568 2926 4614 et
2954 4557 3165 4613 Filius:
3201 4574 3219 4606 ι
3252 4555 3332 4610 Ad
3362 4569 3489 4610 eum

1924 4656 2233 4721 veniemus,
2257 4669 2358 4725 ego
2403 4653 2656 4710 videlicet
2689 4666 2816 4707 cum
2846 4650 3032 4713 Patre,
3062 4660 3116 4705 et
3148 4647 3493 4703 mansionem

1928 4751 2068 4818 apud
2126 4750 2302 4817 ipsum
2346 4746 2701 4802 faciemus“.
2739 4765 2757 4799 ι
2816 4760 2942 4798 nam
2987 4758 3050 4798 ex
3096 4751 3490 4812 praeceptorum

1927 4840 2312 4895 observatione
2345 4839 2584 4908 seipsum
2637 4835 2765 4890 Fecit
2816 4834 2911 4889 Dei
2953 4826 3211 4901 timplnm
3236 4841 3303 4888 ‘et
3340 4829 3497 4885 habi-

1932 4931 2171 4985 taculum
2197 4929 2262 4992 δι,
2297 4943 2358 4982 ac
2396 4927 2562 4981 Deum
2593 4926 2646 4981 in
2679 4941 2740 4981 sc
2766 4925 3100 4980 habitantem
3133 4922 3297 4976 habet
3324 4938 3339 4976 :
3372 4934 3497 4975 cum

1930 5018 2224 5088 dupliciter
2266 5018 2481 5072 dicatur
2515 5016 2701 5070 haberi
2739 5015 2881 5069 Deus
2913 5031 2927 5068 :
2961 5011 3096 5067 Nam
3136 5026 3326 5067 omnes
3360 5024 3501 5080 quo-

1931 5125 2041 5180 que
2071 5120 2336 5163 creatura:
2363 5108 2624 5163 dicuntur
2655 5106 2857 5161 habere
2880 5103 3246 5173 Deum,juxta
3273 5101 3324 5156 id
3352 5099 3503 5171 quod

1936 5202 2071 5255 dixit
2104 5200 2305 5253 Paulus
2337 5217 2350 5253 :
2391 5217 2409 5250 ι
2443 5198 2498 5250 lu
2535 5199 2656 5268 ipso
2691 5197 2833 5251 enim
2866 5195 3103 5251 vivimus
3131 5204 3185 5249 et
3224 5206 3506 5248 movemur
3564 5194 3569 5201 “

1934 5305 2000 5345 ac
2032 5306 2224 5345 sumus
2253 5290 2317 5343 ε’.
2361 5309 2379 5340 ι
2436 5288 2551 5343 Hoc
2593 5300 2771 5342 autem
2805 5286 3014 5341 dictutn
3055 5292 3139 5340 est
3182 5284 3338 5354 juxta
3370 5280 3503 5336 sub-

1934 5385 2200 5441 sistentia:
2267 5384 2505 5436 modum.
2543 5383 2665 5435 Alio
2731 5389 2911 5433 autem
2954 5377 3117 5432 modo
3169 5390 3266 5447 per
3300 5375 3503 5431 bonam

1934 5480 2307 5545 operationem
2360 5473 2480 5543 ejus
2508 5476 2599 5543 qui
2659 5472 2788 5526 colit
2826 5471 3017 5534 Deum,
3067 5467 3232 5522 etiam
3296 5464 3506 5520 dicitur

1934 5566 2125 5622 haberi
2176 5564 2369 5630 Deus;
2415 5565 2571 5636 juxta
2632 5564 2778 5635 quod
2830 5559 3199 5632 signiﬁcatum
3260 5564 3316 5613 et
3363 5553 3507 5610 Deus

1935 5659 2112 5714 dictus
2144 5665 2229 5713 cst
2261 5656 2403 5712 Deus
2433 5655 2708 5712 Abraham
2740 5662 2793 5712 et
2827 5653 3001 5716 Isaac,
3037 5660 3092 5707 ct
3124 5646 3510 5706 universaliter

334 5812 380 5844 “
425 5810 581 5867 Joan.
639 5828 748 5874 xvr,
787 5812 882 5878 l5;
925 5809 1190 5873 xm.10.
1265 5808 1486 5865 "Joan.
1520 5809 1723 5876 xv,‘26.
1801 5805 1846 5840 ”
1892 5800 2083 5857 Matth.
2117 5815 2304 5871 xxviii,
2343 5802 2427 5858 i9.
2490 5803 2533 5833 "
2573 5801 2711 5857 Gen.
2744 5815 2830 5854 xv.
2908 5793 3081 5850 Exod.
3113 5790 3193 5848 itt.
3272 5789 3313 5822 "
3345 5785 3508 5844 Joan.

269 5897 377 5947 xlv,
415 5884 486 5936 ‘23
584 5883 622 5916 "
655 5882 678 5936 Ῑ
707 5883 831 5939 Cor.
867 5899 941 5937 Vl.
1021 5883 1065 5913 "
1089 5883 1207 5935 Act.
1234 5883 1458 5946 xvn,‘28
