3950 6550
487 357 596 423 695
1543 367 1942 428 (ECUMENII
1971 367 2262 428 TRICC.E
2305 365 2647 427 EPISCOPI
3641 364 3761 427 6‘36

489 472 584 529 Dei
617 473 918 531 amicorum
953 474 1302 535 Hebraeorum
1327 482 1392 534 ⁸³.
1424 481 1492 536 Ει
1514 481 1617 536 hoc
1651 481 2049 538 attribuendum

2183 478 2273 550 (ἀρ
2322 480 2379 532 ἑν
2403 477 2480 550 τῷ
2509 476 2705 548 Πατρὶ,
2751 475 2845 529 καὶ
2876 474 2907 526 6
2936 473 3126 545 Πατὴρ
3165 475 3221 528 ὲν
3256 474 3402 544 ἐμοὶ,
3436 492 3454 527 s
3499 476 3529 527 6
3567 474 3743 540 αὑτός

487 571 569 617 est
603 562 691 621 bis
724 580 844 634 quae
872 581 1016 622 nunc
1044 567 1270 625 dicenda
1296 581 1428 627 sunt
1461 588 1477 629 :
1508 570 1609 637 Qui
1642 572 1804 628 habet
1833 570 2047 640 Filium.

2197 588 2301 643 ιησι
2332 572 2547 642 Σωτήρ.
2583 570 2748 622 ’Ὥστε
2812 570 2906 622 καὶ
2963 570 3026 622 ὲκ
3058 565 3268 632 τούτου,
3293 567 3354 621 τὸ
3402 565 3496 620 τοῦ
3532 566 3757 637 Πατρδς

482 655 644 710 habet
695 665 750 710 et
778 655 1014 715 Patrem.
1043 659 1175 715 Nam
1218 681 1236 714 ι
1262 663 1351 733 qni
1386 663 1518 719 vidit
1548 660 1768 729 Filium,
1796 683 1814 716 ι
1838 665 1981 720 sicut
2001 673 2042 720 et

2196 665 2256 720 at
2284 663 2378 718 τοῦ
2411 663 2540 718 Υίοῦ
2569 661 2854 734 ὁμοούσιον
2885 659 3276 729 γινώσκεσθαι.
3316 660 3377 712 El
3401 659 3458 712 δέ
3490 677 3575 722 τις
3610 660 3756 730 ἐρεῖ,

483 749 600 816 ίρῖο
616 745 784 804 Filins
811 750 943 806 dicit
969 770 982 805 ι
1008 771 1025 804 ι
1058 753 1190 811 vidit
1213 765 1266 810 et
1299 755 1511 811 Patrem
1537 756 1603 811 “.
1635 777 1654 811 s
1688 755 1753 812 Et
1787 772 2005 814 rursum
2039 778 2043 813 :

2196 769 2242 808 τι
2276 752 2420 807 κατά
2451 751 2610 805 τοῦτο
2638 749 2731 805 καὶ
2759 750 2787 804 6
2825 749 2952 813 τοὺς
2999 747 3248 820 μαθητὰς
3291 747 3581 818 δεχόμενος
3635 747 3756 817 ἔχει

491 860 508 889 ς
547 839 657 911 Ego
693 841 748 897 in
781 841 968 911 Patre,
1001 855 1055 900 et
1083 843 1244 901 Pater
1270 849 1324 901 in
1361 862 1446 902 me
1479 858 1617 914 est,»
1654 850 1728 904 ait
1752 849 1893 905 idem
1930 849 2051 906 Sal-

2200 847 2255 900 αὶ
2303 846 2394 900 τὸν
2436 844 2562 898 Υἱδν
2617 841 2831 896 καὶτὸν
2878 841 3115 914 Πατέρα·
3149 839 3305 910 (φησὶ
3334 839 3441 910 γὰρ
3471 842 3569 892 καὶ
3619 840 3759 909 περὶ

484 943 662 999 valor,
699 942 757 989 ut
785 937 947 992 etiam
977 953 1042 993 es
1071 939 1174 994 hoc
1198 940 1377 997 Patris
1399 958 1460 997 ac
1503 941 1625 998 Filii
1682 945 2044 1002 consubstan-

2193 937 2363 992 οὑτων
2391 939 2418 990 6
2445 934 2657 1006 Σωτὴρ,
2719 953 2736 986 ι
2767 934 2826 987 '0
2854 933 3138 1004 δεχόμενος
3182 932 3327 1002 ὑμᾶς
3369 929 3469 1001 ἐμὲ
3498 930 3749 999 δέχεται·

484 1026 692 1081 tiatitas
749 1038 1137 1098 cognoscatur.
1177 1031 1240 1086 Et
1265 1034 1311 1088 si
1338 1034 1462 1104 quis
1485 1035 1631 1089 dicat
1667 1039 1811 1106 quod
1857 1039 1904 1092 is
1956 1038 2044 1109 qui

2222 1031 2250 1083 6
2309 1028 2364 1082 δὲ
2430 1027 2529 1098 ἐμὲ
2599 1025 2886 1097 δεχόμενος
2940 1024 3153 1096 δέχεται
3202 1023 3294 1077 τὸν
3345 1020 3757 1077 ἀποστείλαντά

365 1185 374 1189 _
481 1115 787 1186 discipulos
824 1119 1046 1190 excipit,
1077 1121 1241 1177 etiam
1276 1121 1448 1178 lilium
1496 1139 1558 1179 ac
1591 1134 1800 1194 patrem
1839 1126 1925 1182 bal

2195 1137 2251 1175 ιε·
2282 1139 2300 1172 s
2344 1120 2477 1174 ίστω
2510 1118 2692 1181 κακῶς
2713 1117 2886 1181 οὕτως
2913 1116 3107 1185 λέγων,
3143 1114 3259 1182 καὶ,
3281 1115 3378 1184 οὐχ
3406 1114 3464 1166 δν
3494 1114 3578 1168 δεῖ
3615 1114 3755 1184 τρό-

480 1202 614 1260 Nam
641 1210 716 1263 ait
743 1218 797 1263 et
829 1209 897 1266 de
941 1211 1026 1267 his
1057 1214 1308 1269 Salvator
1343 1233 1355 1268 :
1395 1235 1410 1266 ι
1439 1214 1542 1282 Qui
1587 1217 1776 1286 recipit
1799 1235 1916 1286 vos,
1966 1236 2040 1276 me

2193 1230 2260 1266 τον
2286 1210 2656 1280 ἐνιστάμενος.
2687 1209 2818 1280 Περὶ
2853 1208 2960 1279 γὰρ
3018 1208 3117 1278 τῆς
3143 1205 3493 1266 διδασκαλίας
3521 1205 3753 1278 εἴρηται

482 1297 676 1369 recipit
703 1318 716 1354 :
749 1301 841 1370 qui
868 1313 1046 1360 autem
1080 1321 1165 1361 me
1222 1307 1431 1378 recipit,
1469 1311 1660 1382 recipit
1689 1328 1813 1368 eum
1842 1313 1933 1384 qui
1965 1329 2042 1370 me

2194 1305 2351 1364 αὕτα.
2384 1305 2506 1359 ἐπεὶ
2542 1304 2570 1356 6
2604 1303 2896 1374 δεξάμενος
2918 1302 3045 1364 τοὺς
3087 1301 3419 1364 ἀποστόλους
3451 1316 3748 1367 συγκατα-

478 1391 627 1447 misit
649 1392 716 1459 ³³,
750 1413 770 1448 s
806 1397 945 1453 sciat
977 1413 1036 1454 se
1059 1399 1159 1453 hoc
1200 1400 1358 1457 modo
1388 1404 1528 1460 male
1557 1405 1759 1469 dicere,
1785 1422 1962 1478 neque
1989 1417 2038 1463 ut

2190 1399 2304 1455 ἐσει
2333 1400 2432 1470 τῆς
2460 1395 2808 1457 διδασκαλίας
2829 1394 3028 1457 αὐτῶν,
3054 1393 3274 1459 ἐδέξατο
3299 1392 3367 1446 δι’
3399 1391 3584 1446 αὐτῶν
3610 1390 3750 1443 Υίδν

478 1494 696 1553 oportet
726 1487 1048 1561 intelligere.
1073 1489 1344 1558 Quoniam
1382 1495 1499 1550 haec
1524 1497 1592 1551 de
1619 1498 1870 1553 doctrina
1903 1499 2038 1556 dicta

2189 1508 2250 1545 αι
2265 1488 2482 1560 Πατέρα
2501 1484 3059 1550 διδάσκοντας.--Και
3079 1485 3315 1554 ἑτέρως’
3334 1483 3486 1536 Ἐπεὶ
3509 1486 3538 1537 6
3563 1481 3749 1553 μένων

477 1587 629 1638 sunt.
663 1579 886 1649 quando
914 1582 1134 1652 quidem
1169 1586 1217 1640 is
1249 1586 1344 1656 qui
1381 1590 1662 1658 apostolos
1683 1595 1918 1662 excepit,
1952 1592 2037 1646 ad-

2188 1598 2212 1632 ν
2237 1581 2302 1651 τῇ
2331 1579 2519 1651 διδαχῇ
2555 1578 2669 1649 ἔχει
2701 1580 2796 1632 καὶ
2821 1578 2914 1631 τὸν
2940 1576 3069 1630 Υίδν
3089 1576 3187 1630 καὶ
3218 1575 3310 1628 τὸν
3333 1574 3580 1644 Πατέρα,
3606 1572 3748 1641 εμε-

477 1667 744 1724 mittendo
797 1671 1105 1730 doctrinam
1156 1675 1422 1747 ipsorum,
1471 1695 1567 1751 per
1601 1696 1696 1739 eos
1721 1685 1930 1756 excepit
1994 1694 2037 1741 et

2188 1691 2242 1728 ον
2275 1673 2331 1727 δὲ
2355 1673 2405 1727 οί
2433 1670 2720 1726 ἀπόστολοι
2751 1672 2808 1724 ἐν
2837 1672 2903 1742 τῇ
2935 1670 3147 1740 διδαχῇ,
3179 1668 3255 1732 ὡς
3304 1667 3396 1720 καὶ
3435 1665 3748 1756 κηρύσσειν

475 1753 675 1816 Filium
721 1772 776 1818 et
832 1762 1049 1823 Patrem
1108 1767 1384 1829 docentes.
1433 1802 1498 1814 —
1530 1774 1663 1830 Item
1710 1777 1820 1832 alio
1859 1753 2035 1834 modo.

2184 1764 2341 1836 ὑτὴν,
2373 1766 2402 1819 6
2433 1764 2726 1835 δεξάμενος
2785 1758 2879 1818 οὖν
2929 1763 3125 1824 αὐτοὺς
3167 1760 3329 1824 ναοὺς
3373 1758 3536 1820 ὄντας
3575 1754 3744 1821 Θεοῦ,

475 1845 746 1914 Quoniam
778 1855 825 1910 is
853 1857 944 1926 qni
975 1868 1158 1915 manet
1189 1860 1244 1915 in
1271 1861 1544 1932 doctrina,
1573 1866 1736 1923 habet
1765 1875 1820 1924 et
1850 1867 2035 1925 Filium

2180 1860 2221 1912 lt‘
2274 1857 2439 1914 αὑτοῦ
2479 1857 2573 1911 τοῦ
2625 1855 2879 1928 δέχεσθαι
2931 1855 3148 1919 αὐτοὺς,
3192 1850 3427 1923 ἔχειτὸν
3458 1852 3517 1904 ὲν
3544 1849 3740 1910 αὐτοῖς

474 1943 528 1992 rt
569 1939 808 2010 Patrem,
846 1961 1011 2015 porro
1063 1951 1298 2021 apostoli
1358 1954 1647 2011 manebant
1688 1958 1740 2012 in
1769 1959 2034 2025 doctrina,

2173 1950 2286 2006 Γίὸν
2324 1952 2422 2006 καὶ
2475 1951 2720 2024 Πατέρα.
2761 1969 2780 2002 ι
2831 1949 2900 2004 El
2921 1965 3001 2011 τις
3027 1946 3249 2018 ἔρχεται
3313 1944 3451 2016 πρὸς
3500 1944 3677 2013 ὑμᾶς.
3715 1958 3733 1992 s

474 2035 547 2124 ita
579 2040 638 2087 ut
694 2033 841 2091 illam
869 2053 1089 2112 quoque
1141 2043 1522 2112 praedicarent,
1554 2049 1644 2118 qui
1675 2065 1806 2122 ergo
1854 2053 2034 2124 recipil

2181 2043 2612 2114 Εξαςφαλίζεται
2641 2043 2766 2107 τοὺς
2789 2041 2923 2112 πρὸς
2942 2040 3034 2105 οὓς
3063 2041 3096 2111 ὴ
3130 2036 3444 2106 Ἐπιστολὴ,
3475 2035 3577 2124 ὅτι,
3597 2035 3740 2094 εῐτις

476 2120 602 2214 illos
634 2125 726 2192 qui
760 2136 890 2183 sunt
928 2130 1128 2202 templa
1165 2131 1281 2200 Dei,
1309 2151 1375 2192 eo
1418 2136 1538 2208 ipso
1561 2152 1672 2209 quo
1695 2120 1792 2196 eos
1830 2120 2036 2214 recipit,

2175 2137 2228 2207 ιη
2255 2134 2395 2206 μετά
2417 2133 2517 2206 τῆς
2543 2131 2832 2203 ὁμολογίας
2881 2129 3084 2202 ταύτης
3131 2129 3348 2200 ἔρχεται
3379 2125 3513 2196 πρὸς
3559 2123 3735 2193 ὑμᾶς,

473 2213 640 2272 habet
665 2217 861 2275 Filium
907 2230 963 2279 et
984 2222 1201 2282 Patrem
1235 2230 1330 2299 qui
1372 2229 1425 2284 in
1475 2233 1556 2287 eis
1588 2241 1734 2289 sunt.
1777 2253 1794 2287 ι
1834 2235 1889 2290 Si
1920 2213 2033 2308 qui:

2177 2228 2226 2299 ιὴ
2261 2226 2420 2296 μόνον
2476 2227 2685 2296 σκέπης
2743 2221 2874 2295 παρ’
2903 2220 3058 2292 ὑμῶν
3105 2220 3181 2292 μὴ
3219 2218 3556 2289 τυγχανέτω,
3593 2215 3737 2268 ἀλλά

473 2308 621 2364 venit
646 2310 716 2366 ad
761 2327 882 2370 vos.
917 2331 937 2367 ι
965 2314 1269 2374 Confirmat
1301 2318 1424 2378 illos
1455 2323 1523 2377 ad
1566 2339 1705 2394 quos
1735 2307 1950 2384 scribit.
1987 2328 2033 2382 Si

2168 2319 2284 2391 ὶηδὲ
2305 2319 2660 2390 προρρήσεως
2688 2313 2980 2381 ἀξιούσθω,
3039 2311 3283 2385 ἀκρισῶς
3308 2310 3480 2363 ταῦτα
3521 2307 3728 2374 λέγων,

471 2401 622 2469 quis,
652 2402 752 2470 ait,
800 2404 1012 2477 absque
1060 2407 1160 2464 hac
1209 2410 1556 2470 confessione
1583 2414 1649 2469 ad
1703 2431 1800 2472 vos
1835 2418 2031 2483 veniat,

2170 2417 2222 2482 ἱις
2256 2416 2357 2486 τῆς
2392 2414 2750 2487 προρρήσεως
2813 2409 3018 2481 ταύτης
3047 2411 3161 2472 τοῖς
3192 2405 3522 2479 ὁμοτρόποις
3563 2402 3730 2475 ἡμῶν

473 2510 584 2549 non
611 2497 789 2552 solum
817 2500 1214 2569 protectionem
1252 2518 1280 2557 a
1312 2505 1469 2562 vobis
1502 2522 1612 2562 non
1648 2521 2033 2581 consequatur,

2169 2513 2332 2574 ιόνοις
2364 2511 2456 2564 καὶ
2487 2509 2805 2580 ὁμοπίστοις
2827 2504 3202 2576 ὀφειλομένης.
3233 2503 3352 2559 Τίνι
3367 2501 3476 2570 γὰρ
3508 2497 3729 2569 χαίρειν

473 2585 570 2640 sed
622 2599 801 2658 neque
858 2591 1051 2647 salutis
1104 2596 1477 2664 precationem
1533 2614 1563 2653 a
1621 2601 1776 2657 vobis
1809 2603 2033 2674 accipiat

2161 2602 2431 2672 εὐξόμεθα,
2461 2600 2575 2654 ἀλλ’
2620 2599 2652 2671 ἢ
2704 2602 2818 2665 τοῖς
2865 2597 3194 2670 ὁμοτρόποις
3223 2593 3316 2647 καὶ
3359 2590 3721 2660 ὁμοπὶστοις;

471 2679 668 2735 merito
693 2690 747 2737 et
773 2691 931 2738 caute
963 2683 1076 2740 haec
1097 2685 1312 2755 dicens,
1328 2688 1492 2761 612
1515 2692 1672 2761 quasi
1708 2693 1821 2749 haec
1849 2696 2031 2753 salutis

2159 2697 2308 2749 Ὡστε
2355 2696 2541 2758 είτοῖς
2592 2691 2815 2747 ἀσεϐέσι
2874 2687 3278 2767 προσενεχθείη
3314 2683 3443 2756 παρ’
3471 2681 3635 2752 ἡμῶν
3685 2681 3719 2750 η

469 2775 716 2838 precatio
747 2773 880 2831 solis
905 2775 1017 2832 illis
1055 2776 1320 2834 debeatur
1349 2783 1443 2851 qui
1475 2784 1808 2842 conveniunt
1835 2788 1888 2842 in
1922 2803 2029 2844 mo-

2160 2787 2364 2857 εοιαύτη
2390 2786 2717 2858 πρόρρησις,
2753 2783 2970 2846 πάντως
3003 2780 3077 2845 ὡς
3103 2778 3451 2850 ὁμοτρόποις
3487 2775 3585 2828 καὶ
3625 2789 3720 2823 πι-

473 2863 627 2918 ribus
655 2873 708 2918 et
740 2863 848 2919 lide
879 2867 1195 2924 nobiscum.
1224 2869 1326 2925 Cui
1370 2873 1516 2927 enim
1555 2888 1846 2944 precamur
1890 2877 2033 2933 salu-

2158 2882 2288 2945 πτοίς
2311 2877 2676 2951 προσηνέχθη,
2707 2877 2802 2930 καὶ
2827 2875 3073 2929 κοινωνοὶ
3102 2871 3260 2944 ἡμῶν
3281 2867 3599 2940 ἐλήφθησασν
3628 2863 3718 2916 διά

471 2963 600 3017 tem,
637 2955 740 3011 nisi
795 2955 883 3013 his
930 2959 1023 3030 qui
1064 2961 1324 3018 similium
1357 2972 1488 3020 sunt
1513 2980 1732 3022 morum
1769 2983 1834 3025 ac
1869 2971 2031 3028 lideii

2158 2973 2354 3040 τούτου,
2395 2971 2490 3025 καὶ
2513 2969 2605 3022 ἐπὶ
2629 2967 2691 3022 τδ
2730 2965 2940 3022 ἑαυτῶν
2977 2965 3124 3037 ἡμᾶς
3158 2961 3512 3017 κατέσπασαν
3545 2955 3718 3028 βάρα-

468 3045 660 3115 ltaque
695 3047 741 3101 si
792 3046 978 3119 impiis
1013 3051 1282 3110 offeratur
1313 3069 1342 3109 a
1389 3055 1551 3113 nobis
1589 3057 1903 3130 huiusmodi
1942 3077 2034 3119 sa-
2140 3066 2288 3136 θρον.

467 3137 598 3192 lutis
632 3140 898 3208 precatio,
928 3141 1118 3212 utique
1149 3151 1411 3215 tanquam
1445 3146 1698 3205 ﬁdelibus
1725 3159 1779 3206 et
1825 3151 1911 3208 his
1951 3154 2044 3224 qui
2082 3155 2344 3210 similium
2377 3164 2506 3210 sunt
2540 3167 2750 3207 morum
2773 3152 2957 3206 oblata
2979 3157 3086 3214 est,
3108 3162 3171 3201 ac
3201 3159 3296 3217 per
3321 3144 3426 3199 hoc
3492 3139 3630 3197 socii
3685 3153 3716 3192 a

468 3233 625 3288 nobis
663 3238 930 3306 assumpti
979 3249 1372 3312 suntniosque
1409 3243 1476 3299 ad
1506 3257 1668 3299 suum
1717 3245 2037 3304 barathrum
2079 3248 2452 3306 detraxernnt.

1082 3336 1308 3394 CAPUT
1350 3343 1413 3396 ιι.
1477 3325 1500 3358 ‘
2061 3353 2105 3415 c

2061 3353 2105 3415 ρ
2735 3343 2986 3399 necas.
3037 3341 3111 3394 θ’.

591 3429 889 3497 Pramissio
925 3444 988 3498 de
1034 3465 1129 3503 suo
1160 3450 1404 3530 afuerim
1438 3453 1498 3505 ob
1540 3469 1682 3522 spem
1735 3455 1930 3525 futura:

2155 3460 2504 3530 ἐπαττελία
2569 3458 2915 3530 παρουσία.ςᾷ
2946 3451 3133 3508 αὐτοῦ
3188 3449 3281 3505 ἐπ’
3326 3446 3527 3502 ἐλπίδι
3565 3449 3715 3514 πρὸς

1116 3518 1383 3575 utilitatis.
1567 3518 1575 3522 ⁷
1735 3518 1744 3525 ⁷
2303 3518 2315 3530 ’
2341 3518 2352 3530 ’
2647 3518 2666 3528 ⁷

1567 3518 1575 3522 ⁷
1735 3518 1744 3525 ⁷
2303 3518 2315 3530 ⁷
2341 3518 2352 3530 ⁷
2647 3518 2666 3528 ⁷
2759 3518 3073 3596 ὠφέλειαν.

533 3619 578 3685 1,
601 3618 788 3679 1243.
805 3623 938 3679 Cum
960 3628 1128 3682 multa
1150 3627 1395 3684 haberem
1420 3634 1559 3688 vobis
1572 3638 1868 3701 scribenda,
1891 3639 2036 3692 nolui

2209 3639 2418 3694 Πολλὰ
2440 3635 2765 3708 ἔχων-’ὑμῖν
2799 3633 3069 3706 γράφειν,
3101 3633 3211 3688 οὐκ
3236 3629 3592 3700 ἠϐουλήθην
3619 3627 3715 3682 διὰ

461 3726 556 3778 per
580 3711 824 3770 chartam
849 3726 900 3772 ct
925 3729 1305 3778 atramentum.
1338 3721 1440 3780 Sed
1471 3743 1622 3796 spero
1660 3744 1738 3784 me
1761 3739 2021 3785 venturum

2153 3732 2362 3802 κάρτου
2395 3730 2492 3785 καί
2545 3723 3034 3801 pilas-00141.16
3075 3723 3291 3785 ἐλπίζω
3331 3721 3537 3779 ἐλθεῖν
3563 3719 3713 3789 πρὸς

461 3803 532 3856 ad
579 3821 705 3872 vos,
757 3817 807 3862 et
862 3824 1169 3877 pmsentcm
1217 3817 1564 3885 praesentibus
1609 3821 1931 3890 locuturum,
1977 3841 2021 3881 nt

2154 3821 2311 3894 ὑμᾶς,
2337 3823 2435 3878 καὶ
2463 3822 2659 3891 στόμα
2673 3821 2823 3890 πρὸς
2838 3818 3031 3888 στόμα
3057 3815 3349 3884 λαλῆσαι,
3379 3815 3480 3868 ἵνα
3500 3812 3541 3883 ἠ
3561 3809 3714 3881 χαρὰ

460 3897 715 3963 gaudium
759 3909 1000 3957 nostrum
1036 3905 1107 3959 sit
1165 3908 1502 3977 completum.
1540 3909 1794 3970 Salutant
1838 3927 1888 3982 te
1932 3918 2020 3988 ﬁli:

2150 3915 2306 3987 ἡμῶν
2343 3911 2387 3988 ᾗ
2438 3911 2894 3984 πεπληρωμένη.
2941 3907 3294 3970 Ἀσπάζεται
3327 3923 3401 3962 σε
3425 3907 3502 3961 τὰ
3529 3905 3710 3960 τέκνα

460 3990 658 4045 sororis
689 4000 795 4049 tute
821 3991 1039 4053 Eiectat.
1071 3999 1256 4056 Amen.

2137 4009 2246 4079 τῆς
2269 4005 2669 4078 ἀδελφῆς-σου
2695 4003 2802 4073 τῆς
2843 4000 3187 4069 Ἐκλεκτῆς.
3223 3999 3420 4070 Ἀμήν.

529 4078 765 4138 Causam
817 4084 1098 4146 brevitatis
1142 4091 1396 4163 Epistola:
1438 4109 1491 4153 et
1521 4099 1573 4154 in
1611 4103 1711 4155 hac
1756 4111 1811 4158 et
1856 4104 1910 4159 in
1939 4119 2030 4160 se-

2199 4078 2319 4171 Τὴν
2338 4099 2396 4154 δὲ
2425 4097 2605 4153 αἰτίαν
2637 4096 2731 4151 τοῦ
2763 4095 3027 4164 σύντομον
3049 4091 3303 4148 ἐκθέσθαι
3331 4091 3433 4162 τὴν
3451 4090 3710 4144 Ἐπιστο-

460 4175 646 4242 quenti
678 4175 870 4233 docuit
901 4179 1041 4238 hanc
1071 4198 1217 4252 esse,
1263 4187 1409 4258 quod
1437 4203 1686 4260 speraret
1730 4209 1791 4250 se
1820 4194 1890 4250 ad
1935 4210 2020 4253 eo:

2147 4195 2254 4265 ίὴν,
2284 4192 2378 4247 καὶ
2405 4189 2641 4245 ἐνταῦθα
2661 4188 2758 4243 καὶ
2789 4189 2849 4242 ἐν
2865 4189 2932 4259 τῇ
2967 4184 3104 4258 μετὰ
3143 4184 3372 4255 ταύτην,
3405 4182 3574 4248 αὐτὸς
3601 4181 3707 4236 ἐδί-

461 4272 774 4334 venturum,
807 4285 1014 4342 suaque
1046 4280 1332 4344 praesentia
1375 4294 1426 4335 et
1456 4293 1679 4349 aspectu
1716 4284 2021 4342 additurum

2147 4285 2283 4350 ςαξε,
2317 4283 2379 4338 τὸ
2410 4281 2652 4347 ἐλπίζειν
2715 4277 3143 4352 παραγενέσθαι,
3196 4277 3292 4331 καὶ
3346 4277 3413 4330 δῦ
3443 4276 3707 4346 αὐτοψίας

456 4370 580 4425 qua
607 4357 885 4417 deessent.
917 4360 1018 4418 Per
1052 4365 1158 4421 hoc
1186 4377 1368 4424 autem
1404 4373 1551 4442 quod
1573 4374 1744 4441 addit,
1779 4377 2016 4435 Salutem

2142 4378 2200 4432 τά
2258 4377 2574 4432 ἐλλείποντα
2632 4375 2972 4447 προσθεῖναι.
3010 4370 3110 4425 Διά
3142 4371 3198 4424 δὲ
3228 4370 3320 4424 τοῦ
3361 4368 3702 4440 προσθεῖναι,

457 4455 510 4503 te
533 4447 628 4503 lilii
658 4452 870 4509 sororis
900 4461 1008 4510 tum
1035 4455 1261 4525 Electae,
1285 4461 1477 4518 vol-unt
1500 4466 1747 4522 nonnulli
1780 4477 2017 4526 astruere

2142 4468 2439 4534 ἀσπάζεταί
2468 4485 2526 4521 σε
2578 4466 2646 4521 τά
2676 4466 2842 4520 τέκνα
2873 4467 2971 4536 τῆς
2998 4462 3232 4533 ἀδελφῆς
3271 4478 3364 4515 σου
3386 4461 3484 4529 τῆς
3516 4459 3702 4512 Ἐκλε-

455 4539 600 4608 quod
633 4555 744 4598 non
771 4543 839 4598 ad
887 4545 1169 4605 mulierem
1213 4553 1492 4611 scribatur
1533 4557 1796 4629 Epistola,
1829 4562 1924 4618 sed
1961 4565 2015 4619 ad

2142 4561 2287 4630 κτῆς,
2315 4556 2592 4629 βούλονται
2620 4573 2765 4619 τινες
2795 4553 3067 4626 βεϐαιοῦν,
3098 4552 3174 4616 ὡς
3201 4552 3262 4605 οὐ
3304 4550 3442 4622 πρὸς
3466 4550 3702 4616 γυναῖκα

459 4631 762 4689 Ecclesium
799 4653 814 4692 :
850 4634 918 4694 de
951 4653 1060 4710 quo
1091 4642 1227 4700 nihil
1265 4645 1576 4719 disceptare
1609 4651 1849 4709 decrevi.

2145 4653 2164 4724 ί)
2187 4651 2500 4722 Ἐπιστολὴ,
2525 4649 2659 4704 ἀλλά
2683 4649 2817 4719 πρὸς
2833 4645 3178 4717 Ἐκκλησίαν.
3205 4644 3340 4716 Περὶ
3362 4637 3424 4698 οὗ
3451 4643 3607 4697 οὐδὲν
3633 4640 3705 4709 τῷ

2056 4721 2108 4786 Ῐ)
2135 4721 2440 4814 βουλομένῳ
2466 4721 2830 4812 διενεχθείην.

485 4827 662 4901 Finis,
693 4833 870 4891 divino
917 4840 1136 4920 Ῑαυειιιε
1160 4845 1384 4920 auxilio,
1413 4846 1638 4903 Joannis
1671 4853 1984 4919 posterioris.

2275 4850 2476 4920 Τέλος,
2506 4852 2628 4908 σὺν
2647 4850 2790 4917 Θεῷ.
2818 4850 2931 4920 τῆς
2965 4849 3249 4907 Ἰωάννου
3278 4848 3564 4917 δευτέρας

1091 4913 1375 4981 Epistolw.
1671 4913 1681 4919 ⁷
2296 4913 2299 4917 ⁷
2430 4913 2444 4920 ⁷
2463 4913 2474 4920 ⁷

1671 4913 1681 4919 ⁷
2296 4913 2299 4917 ⁷
2430 4913 2444 4920 ⁷
2463 4913 2474 4920 ⁷
2717 4913 3105 4991 Ἔπιάὶολῆς.

521 5082 565 5124 ⁸³
590 5085 762 5144 Exod.
794 5103 916 5146 xxx.
992 5091 1040 5128 “
1075 5092 1244 5152 Joani
1276 5113 1388 5163 xw,
1427 5101 1479 5154 9.
1556 5101 1599 5133 ⁸⁸
1623 5101 1816 5157 Matth.
1852 5120 1903 5165 ς.
1973 5105 2062 5158 ω.
