3950 6548
231 407 340 472 697

1219 411 1606 474 COMMENT.
1639 413 1720 474 IN
1746 414 1984 476 EPIST.
2027 415 2118 474 ΙΙΙ
2157 415 2500 480 JOANNIS.

3375 417 3484 482 693

1449 678 2218 798 ΥΠΟΘΕΣΙΣ

500 894 720 982 ΤΗΣ
797 888 1300 982 ΙΩΑΝΝΟΥ
1384 897 2052 988 ΚΑΘΟΛῘΚΗΣ
2139 905 2531 992 ΤΡΙΤΗΣ
2608 907 3247 1000 ΕΠΙΣΤΟΛΗΣ

1356 1253 2354 1373 ABGUMENTUM

486 1486 968 1578 TERTle
1081 1487 1595 1580 JOANNIS
1728 1493 2343 1586 EPISTOLZE
2476 1464 3230 1594 CATHOLtczE.

301 1843 502 1897 Ἔστιν
539 1843 573 1913 ἠ
620 1840 908 1911 Ἐπιστολὴ
950 1843 1078 1912 περὶ
1104 1842 1430 1911 φιλοξενίας.
1461 1843 1571 1895 Καὶ
1601 1842 1811 1912 πρῶτον

1986 1839 2149 1910 613
2189 1839 2427 1910 Epistola
2460 1851 2543 1896 est
2593 1842 2660 1898 de
2690 1843 3085 1913 hospitalitate.
3141 1845 3206 1902 Et
3239 1851 3479 1920 primum

223 1937 325 2008 μὲν
391 1935 719 2006 ἀποδέχεται
768 1935 857 1987 τὶν
905 1934 1096 1996 Γάϊον,
1160 1936 1605 2005 μαρτυρούμενον
1663 1934 1810 2004 παρὰ

223 2029 456 2082 πάντων
484 2028 577 2080 ἐπὶ
603 2025 895 2098 φιλοξενίᾳ,
947 2027 1040 2079 καὶ
1084 2027 1386 2098 προτρέπει
1415 2029 1482 2096 τῇ
1516 2029 1656 2097 αὐτῇ
1679 2042 1813 2096 προ-

222 2120 374 2172 Θέσει
410 2119 696 2190 ἐμμένειν,
720 2121 816 2171 καὶ
841 2118 1190 2188 προπέμπειν
1229 2119 1324 2172 καὶ
1353 2117 1661 2185 δεξιοῦσθαι
1687 2120 1814 2182 τοὺς

220 2209 515 2278 ἀδελφούς.
550 2207 718 2262 Πάλιν
748 2226 807 2261 τε
861 2207 1026 2260 αὐτοῦ
1064 2211 1164 2278 μὲν
1200 2207 1298 2278 τὴν
1324 2206 1640 2284 προσφορὰν
1675 2207 1813 2260 ἀποο

219 2301 466 2372 δέχεται,
510 2303 750 2355 αἰτιᾶται
777 2301 833 2353 δὲ
859 2301 1148 2372 Διοτρεφῆ,
1173 2301 1247 2362 ὠς
1310 2302 1449 2370 μήτε
1479 2299 1642 2354 αὐτὸν
1672 2315 1813 2369 παρα

223 2393 425 2463 ἔχοντα
450 2396 564 2456 τοῖς
591 2394 846 2462 πτωχοῖς.
872 2392 1007 2447 ἀλλὰ
1039 2393 1132 2445 καὶ
1149 2393 1426 2446 κωλύοντα
1452 2394 1577 2456 τοὺς
1597 2393 1810 2458 ἄλλους,

223 2485 320 2536 καὶ
348 2485 526 2538 πολλὰ
557 2485 925 2556 φλυαροῦντα.
961 2484 1102 2548 Τοὺς
1131 2485 1186 2539 δὲ
1229 2487 1504 2550 τοιούτους
1541 2487 1688 2555 λέγει
1721 2485 1814 2541 ἁλ-

219 2575 474 2646 λοτρίους
504 2573 641 2630 εἶναι
693 2577 795 2646 τῆς
849 2575 1128 2646 ἀληθείας,
1178 2579 1273 2632 καὶ
1315 2579 1452 2648 μηδὲ
1491 2579 1690 2632 εἰδέναι
1719 2577 1814 2632 τὸν

220 2665 380 2722 Θεόν.
414 2666 728 2738 Δημήτριον
771 2666 828 2720 δὲ
863 2667 1170 2738 συνίστησι,
1224 2667 1519 2740 μαρτυρῶν
1564 2667 1713 2738 αὑτῴ
1743 2669 1813 2722 τὰ

221 2760 518 2814 κάλλιστα..

641 2894 899 2950 ΕΤΕΡΩΣ
944 2895 991 2949 Η
1039 2894 1401 2948 ΥΙΙΟΘΕΣΙΣ.

293 3032 412 3086 Καὶ
440 3032 647 3100 ταύτην
668 3032 765 3102 τὴν
781 3030 1103 3102 Ἐπιστολὴν
1125 3029 1348 3101 γράφει,
1385 3027 1648 3082 συνιστῶν
1664 3045 1810 3092 τινας

225 3124 518 3193 ἀδελφούς.
571 3124 776 3195 Γράφει
829 3123 886 3174 δὲ
951 3123 1117 3190 Γαΐῳ,
1177 3121 1269 3174 καὶ
1324 3123 1594 3191 μαρτυρεί
1636 3121 1811 3190 τούτῳ

1914 1931 2130 1999 qudem
2156 1933 2502 1988 commendat
2527 1933 2718 1989 Gaium
2751 1953 2847 2004 pro
2872 1953 2977 2005 quo
2995 1938 3265 1993 ferebatur
3293 1957 3322 1994 a
3347 1944 3492 1999 mul-

1916 2024 1985 2078 tis
2006 2027 2374 2078 testimtmium
2409 2027 2476 2081 de
2497 2027 2893 2094 hostiitalitate.
2915 2037 2969 2084 et
3002 2032 3324 2087 exhortatur
3348 2046 3401 2086 ιιι
3427 2037 3484 2090 in

1914 2119 2101 2171 eodem
2135 2128 2351 2173 maneat
2380 2123 2681 2189 ριόμυείιο,
2713 2121 3032 2176 deducendo
3077 2142 3142 2179 ac
3172 2125 3482 2183 humaniter

1913 2212 2238 2280 excipiendo
2259 2211 2479 2268 fratres.
2508 2211 2744 2268 Rursum
2773 2214 2946 2282 ipsius
2970 2231 3187 2288 quoque
3210 2235 3490 2276 commen-

1913 2302 2002 2356 dat
2031 2304 2399 2358 oblationem:
2450 2313 2504 2359 et
2561 2316 2787 2359 accusat
2825 2305 3158 2377 Diotrepben
3213 2313 3357 2380 quod
3387 2328 3489 2368 nec

1915 2393 2031 2462 ipse
2053 2395 2255 2448 tribuat
2284 2395 2581 2466 quidquam
2615 2399 2970 2467 pauperibus,
3007 2410 3061 2455 et
3118 2403 3256 2458 alios
3299 2405 3489 2474 probi-

1913 2487 2038 2542 beat
2069 2487 2122 2540 id
2180 2487 2380 2550 facere,
2425 2491 2704 2560 multaque
2765 2491 3088 2550 deblatcret.
3156 2494 3487 2567 Ilujusmodi

1915 2590 2094 2633 autem
2153 2580 2287 2634 dicit
2333 2583 2547 2636 alienos
2594 2599 2718 2640 esse
2787 2600 2816 2640 a
2881 2590 3127 2654 veritate,
3193 2597 3248 2644 et
3316 2589 3484 2644 Deum

1915 2671 2187 2742 ignorare.
2225 2673 2560 2728 Demetrium
2613 2693 2743 2733 vero
2790 2681 3166 2746 commendat,
3217 2682 3487 2752 optimum

1881 2783 1886 2787 ·
1915 2765 1981 2820 de
2014 2765 2106 2820 illo
2141 2763 2325 2820 ferens
2350 2769 2757 2825 testimonium.

2238 2902 2394 2956 ALIO
2436 2902 2625 2959 MODO
2657 2904 2992 2962 ARGUMEN
3005 2907 3169 2964 TUM.

1987 3015 2138 3071 [lane
2163 3033 2378 3086 quoque
2406 3019 2601 3072 scribit
2629 3019 2948 3090 Epistulam,
2983 3021 3180 3077 fratres
3211 3023 3485 3092 quosdam

1915 3106 2328 3163 commendans.
2360 3108 2564 3164 Scribit
2598 3123 2777 3166 autem
2805 3109 2963 3175 Gaio,
3005 3121 3060 3167 et
3114 3114 3488 3169 teSIitnouiuut

227 3216 540 3287 φιλοξενίαν
571 3215 794 3286 πολλὴν,
825 3215 890 3284 ἥν
929 3215 1024 3268 καὶ
1078 3215 1330 3284 μεγάλων
1361 3212 1596 3265 ἐπαίνων
1645 3212 1805 3278 ἀξιοῖ.

1926 3200 1989 3252 ηΙΙὶ
2020 3200 2198 3254 reddit
2220 3201 2288 3255 de
2324 3217 2518 3270 magna
2541 3203 2932 3273 hospitalitate,
2964 3220 3127 3273 quam
3151 3206 3312 3260 etiam
3347 3208 3490 3260 ntul-

225 3309 333 3360 Τὸν
368 3308 482 3377 γὰρ
507 3305 942 3374 ἀγαθοποιοῦντα
993 3308 1056 3357 ἐκ
1118 3303 1213 3357 τοῦ
1263 3303 1400 3356 Θεοῦ
1453 3299 1592 3354 εῖναι
1638 3300 1810 3368 λέγει.

227 3402 424 3456 mem
447 3401 504 3454 δὲ
534 3401 695 3454 αὐτὸν
722 3398 979 3468 διεγείρει
1010 3397 1103 3450 καὶ
1128 3396 1186 3462 ὲξ
1206 3389 1279 3448 ὧν
1311 3393 1584 3448 διαϐάλλει
1614 3393 1703 3446 τὸν
1737 3393 1811 3463 μὴ

225 3493 392 3546 τοῦτο
441 3492 720 3560 ἐγνωκότα
781 3492 957 3544 ποιεῖν
1012 3487 1305 3558 Διοτρεφῆ.
1345 3487 1586 3539 Ἐπαινεί
1622 3485 1678 3537 δὲ
1718 3487 1812 3538 καὶ

227 3587 546 3658 Δημήτριον
571 3586 632 3638 τὸ
651 3584 784 3639 αὐτὸ
825 3583 1165 3652 πράσσοντα,
1203 3580 1295 3634 καὶ
1323 3579 1629 3650 μαρτυρίαν
1664 3577 1811 3648 αὐτῷ

227 3680 536 3749 παρέχεται
578 3677 795 3746 πιστὴν.
839 3677 1112 3745 Σύντομος
1151 3673 1207 3727 δὲ
1239 3672 1380 3740 αὔτη
1420 3674 1454 3741 ὴ
1502 3671 1810 3740 Ἐπιστολὴ,

227 3772 315 3826 διὰ
349 3773 451 3842 τὴν
507 3770 913 3841 προειρημένην
971 3767 1148 3822 αἰτίαν
1201 3766 1258 3818 ἐν
1297 3766 1364 3834 τῇ
1410 3763 1601 3834 πρώτῃ
1654 3763 1811 3815 Ἐπι-

231 3863 396 3934 στολῇ
405 3900 420 3915 .

335 4001 704 4055 ΚΕΦΑΛΑῙΑ
739 4001 876 4052 ΤΗΣ
918 3997 1254 4052 ΙΩΑΝΝΟΥ
1301 3994 1710 4049 ΚΑΘΟΛῘΚΗΣ

658 4068 768 4123 ΤΡΙ
780 4071 916 4123 ΤΗΣ
952 4069 1396 4122 ΕΠΙΣΤΟΛΗΣ.

229 4182 302 4238 α’.
337 4180 505 4251 Εὐχή
558 4180 712 4248 ὑπὲρ
760 4180 1139 4247 τελειώσεως,
1189 4180 1288 4234 καὶ
1326 4175 1678 4247 εὐχαριστία
1717 4175 1810 4242 ἐφ’

303 4275 596 4345 ὁμολογίᾳ
647 4274 998 4343 φιλοξενίας
1053 4274 1172 4328 τῶν
1227 4272 1507 4342 ἀδελφῶν
1548 4269 1648 4323 διὰ
1680 4271 1810 4336 Χρι-

300 4368 480 4422 στόν.
523 4366 619 4418 Ἐν
648 4357 696 4431 ᾧ
727 4363 863 4433 περὶ
909 4363 1020 4435 τῆς
1049 4365 1402 4436 Διοτρεφοῦς
1431 4363 1811 4433 φαυλότητος

304 4459 409 4514 καί
435 4459 905 4528 μισανθρωπίας.

236 4551 304 4624 β’.
340 4552 480 4620 Περί
503 4554 852 4623 Δημητρίου,
870 4546 918 4620 ᾧ
932 4551 1217 4622 μαρτυρεῖ
1243 4553 1316 4608 τὰ
1340 4551 1666 4607 κάλλιστα.

1920 3293 1987 3347 tis
2010 3291 2264 3348 laudibus
2285 3295 2521 3367 extollit.
2554 3294 2690 3349 Nam
2732 3303 2870 3350 eum'
2907 3297 3000 3367 qui
3030 3298 3168 3352 bene
3211 3305 3490 3368 operatur,

1915 3399 1978 3437 ex
2007 3385 2113 3438 De.»
2136 3399 2258 3439 esse
2279 3385 2433 3440 dicit.
2472 3385 2641 3441 Porro
2682 3387 2856 3455 ipsum
2891 3403 2956 3442 ex
2997 3403 3062 3442 eo
3093 3372 3492 3457 magis'exritat

1913 3475 2078 3548 615
2108 3476 2253 3544 quod
2284 3476 2610 3545 Diutrepben
2644 3479 2883 3533 traducit
2919 3495 2982 3534 ac
3012 3481 3310 3550 vituperat,
3344 3481 3491 3552 quod

1914 3572 2198 3625 statuisset
2229 3585 2298 3625 ne
2337 3572 2449 3626 haec
2482 3571 2697 3626 tierent.
2729 3571 3021 3627 Collaudat
3048 3582 3103 3628 et
3157 3573 3488 3629 Demetrium

1915 3667 2006 3734 qui
2041 3664 2178 3719 idem
2203 3663 2431 3729 faceret,
2471 3676 2526 3719 et
2582 3664 2740 3720 ﬁdele
2792 3667 3041 3734 perbibet
3102 3667 3180 3720 illi
3242 3671 3479 3723 testimo.

1914 3757 2090 3811 nium.
2118 3759 2306 3813 Brevis
2324 3767 2406 3812 est
2437 3767 2616 3812 autem
2639 3759 2752 3811 bzee
2776 3759 3038 3829 Epistula,
3065 3760 3137 3816 ob
3172 3759 3490 3830 praedictam

1915 3848 1968 3901 in
1994 3849 2320 3917 praecedenti
2349 3849 2587 3918 Epistola
2619 3863 2867 3904 causam.

1951 3980 2338 4037 EPISTOL/E
2385 3981 2835 4036 CATHOIJCAE
2899 3979 3192 4037 TERTI/E
3229 3980 3452 4037 JOAN-

2461 4051 2592 4106 N18
2637 4051 2929 4106 CAI’ITA.

1916 4173 1965 4224 1.
2005 4169 2255 4225 Precatio
2306 4186 2401 4238 pro
2435 4169 2776 4240 perfectione,
2810 4179 2858 4224 et
2913 4167 3212 4239 gratiarum
3255 4167 3397 4220 actio
3423 4167 3487 4220 ob

1984 4262 2373 4316 atlestatiouem
2407 4264 2753 4330 sttsceptionis
2806 4262 3036 4331 fratrum
3081 4275 3294 4330 peregre
3323 4275 3490 4331 agem-

1984 4356 2113 4409 tium
2160 4367 2372 4426 propter
2434 4354 2739 4409 Christum:
2779 4357 2835 4409 in
2887 4371 2988 4425 quo
3039 4355 3203 4408 etiam
3263 4355 3374 4425 agit
3427 4351 3492 4408 de

1982 4448 2296 4516 Diotrepltes
2327 4449 2593 4518 pravitate
2623 4466 2685 4503 ac
2727 4448 3135 4502 inhumanitate.

1834 4580 1877 4642 C
1912 4543 1966 4598 2.
2013 4542 2086 4596 De
2121 4542 2410 4610 Demetrio,
2461 4543 2548 4596 cui
2576 4543 2835 4612 optimum
2884 4543 3052 4596 reddit
3106 4535 3485 4594 testimonium.

233 4651 306 4714 γ’.
349 4644 489 4712 Περὶ
535 4645 794 4713 ἀφίξεως
847 4644 1037 4700 αὑτοῦ
1081 4643 1231 4713 πρὸς
1270 4643 1493 4709 αὐτοὺς
1535 4643 1602 4698 ὲν
1639 4642 1804 4712 τάχει

1926 4638 1970 4691 5.
2017 4636 2092 4690 De
2115 4652 2211 4690 suo
2237 4637 2306 4688 ad
2338 4637 2483 4706 ipsos
2523 4636 2749 4691 adventu
2783 4635 2923 4689 brevi
2958 4635 3137 4704 futuro
3183 4629 3245 4685 ob
3275 4630 3489 4684 illorum

302 4737 399 4792 ἐπ’
425 4737 700 4805 ὠφελείᾳ.

1979 4729 2290 4782 utilitatem.
