3950 6576
458 356 568 428 ’111

1530 353 1931 417 (ECUMENII
1967 351 2261 414 ΤΚΙΟΟιΕ
2300 349 2643 413 EPISCOPI

3607 345 3736 413 712

458 471 587 527 bolo
602 478 655 525 et
680 468 889 540 angelis
907 466 1028 539 ejus
1047 467 1118 521 “.
1134 486 1152 520 ι
1179 467 1247 523 Ει
1264 474 1410 523 certe
1436 464 1735 521 Sodomita:
1758 463 2030 537 infsignun

2150 461 2393 531 ξαμένου
2449 460 2648 523 αὐτοὺς
2718 455 3075 529 ἀτελευτήτου
3145 456 3318 530 πυρὸς
3378 458 3737 530 πρόκεινται.

461 573 845 635 proponuntur
873 563 1014 632 ignis
1046 561 1233 617 aeterni
1262 561 1355 631 qui
1393 561 1544 629 ipsos
1571 570 1906 630 excepturus
1936 569 2043 615 est.

468 671 489 706 ι
516 654 730 709 Secutae
778 670 1000 709 carnem
1047 655 1302 716 alienam,
1333 672 1351 704 ι
1384 664 1434 707 et
1462 652 1766 715 fornicatze,
1810 651 1911 706 hoc
1937 661 2058 716 est,-

461 745 817 808 declinantes,
843 745 987 815 quod
1021 744 1303 815 πορνεύειν
1332 743 1621 813 εἰειιίίίοειι.
1650 745 1882 797 Carnem
1917 756 2046 796 vero

461 837 696 890 alienam
750 838 883 891 dicit
929 838 1308 899 masculinam,
1363 838 1507 906 quod
1561 836 1627 888 ad
1690 849 2043 905 congressum

463 929 554 995 qui
594 933 647 979 tit
679 928 1046 997 generationis
1071 928 1242 998 gratia
1272 943 1376 980 non
1415 928 1607 997 prosit.
1633 926 1775 981 Caro
1801 929 1944 981 cnim
1974 928 2042 983 ad

462 1035 815 1089 cniigressum
867 1018 1074 1073 faciens
1124 1036 1257 1075 caro
1305 1022 1521 1075 l’etnina:
1557 1032 1663 1086 est,
1711 1020 1869 1090 juxta
1911 1023 2043 1078 illud

459 1113 603 1180 quod
631 1128 659 1164 a
702 1114 879 1181 primo
905 1123 1126 1182 pa-ente
1152 1115 1357 1168 dictum
1388 1122 1469 1168 est
1502 1127 1516 1172 :
1560 1131 1579 1165 ι
1614 1112 1689 1168 Os
1727 1130 1793 1169 ex
1822 1117 2044 1169 ossibus

460 1205 597 1256 me's
633 1211 686 1256 et
713 1219 841 1258 caro
871 1220 934 1258 cx
963 1220 1127 1260 carne
1160 1223 1277 1261 mea
1293 1207 1363 1260 δ’.
1386 1226 1418 1259 ο
1457 1206 1819 1262 Maseulorutn
1858 1216 2040 1264 autem

456 1307 589 1349 caro
616 1297 792 1349 aliena
824 1305 929 1354 est.
960 1297 1204 1367 inquam,
1254 1313 1283 1352 a
1316 1300 1483 1355 coitu.
1518 1298 1841 1370 Quanquam
1875 1301 1929 1355 in
1966 1301 2045 1358 fe-

457 1387 604 1441 mina
637 1403 876 1457 qunque,
909 1405 1015 1443 una
1052 1390 1272 1460 quidem
1309 1392 1520 1463 legibus
1569 1394 1659 1448 uni
1689 1393 1905 1463 juncta,
1940 1404 2039 1450 sna

456 1483 511 1529 et
542 1480 760 1545 prepria
796 1492 857 1531 ca
871 1494 930 1529 ro
951 1488 1035 1533 est
1059 1497 1072 1533 :
1092 1495 1212 1549 quae
1243 1489 1424 1535 autem
1449 1480 1620 1537 eﬂ'usa
1644 1491 1799 1537 estet
1825 1485 2039 1553 publica

454 1574 713 1619 extranea
744 1576 798 1621 et
828 1568 1003 1621 aliena
1042 1578 1149 1631 est,
1188 1585 1251 1623 ac
1288 1571 1474 1626 relicta
1510 1573 1574 1626 ad
1608 1574 1879 1643 piaculum
1909 1590 2038 1645 pro-

454 1656 746 1722 pemodum
782 1658 1071 1713 masculsni
1103 1660 1346 1715 sceleris.
1375 1661 1472 1718 Ubi
1504 1671 1683 1718 autem
1709 1664 1821 1721 lucc
1851 1680 2038 1721 exelu-

457 1743 543 1814 pla
589 1749 877 1815 posuisset.
921 1752 1062 1819 quod
1108 1752 1191 1806 his
1244 1770 1589 1824 consequens
1636 1767 1754 1812 erat
1798 1759 2033 1814 auditori

454 1837 678 1904 reliquit
732 1839 1168 1909 intelligendum.
1220 1841 1361 1909 Quid
1418 1854 1500 1900 est
1535 1857 1713 1902 autem
1747 1850 1925 1904 illud?
1953 1855 2036 1906 ln-

455 1924 599 1982 l’erre
649 1928 794 1996 quod
835 1930 959 1985 inde
1002 1937 1268 2002 sequitur.
1303 1934 1359 1990 Si
1405 1952 1535 2006 ergo
1580 1940 1679 1994 hos
1709 1942 1781 1994 ita
1813 1941 2034 2006 delevit,

453 2018 588 2071 nihil
620 2019 867 2088 placatus
898 2024 1078 2092 priore
1124 2040 1314 2080 eorum
1352 2027 1631 2097 felicitate,
1661 2037 1904 2105 nunquid
1938 2039 2038 2093 hos

456 2123 602 2163 nunc.
635 2111 796 2180 impie
841 2128 906 2167 ac
967 2114 1168 2171 lascive
1217 2130 1438 2187 agentes
1480 2122 1752 2190 liberavit,
1788 2141 1911 2181 cum
1944 2126 2035 2187 Dei

450 2200 626 2257 Filius
657 2215 878 2275 propter
918 2207 1169 2264 homines
1199 2209 1253 2264 in
1295 2212 1556 2268 ntundum
1593 2220 1825 2283 venerit,
1867 2228 1921 2276 et
1950 2221 2036 2275 in-

450 2293 628 2364 jurias
687 2311 750 2351 ac
810 2297 1133 2358 aﬂluetiones
1186 2318 1283 2372 pro
1340 2305 1475 2376 ipsis
1522 2312 1883 2367 sustinuerit?
1935 2314 2037 2369 hoc

455 2402 614 2442 nemo
640 2405 879 2458 unquam
909 2394 1137 2449 diceret.
1193 2399 1520 2468 Quanquam
1569 2403 1714 2456 enim
1769 2405 2036 2477 benignus

455 2482 526 2534 sit
566 2489 619 2533 ct
651 2482 938 2544 ltttntntttts,
975 2492 1217 2556 attamen
1247 2488 1410 2543 etiam
1449 2507 1574 2547 vere
1600 2493 1783 2563 justus
1804 2507 1888 2553 est
1926 2516 1940 2551 :
1983 2509 2038 2555 et

386 2576 399 2583 ‘
454 2579 678 2638 propter
708 2587 889 2626 veram
915 2575 1208 2644 justitiam,
1253 2580 1338 2634 his
1388 2582 1482 2651 qui
1530 2598 1895 2653 peccaverunt
1923 2606 2034 2647 non

452 2664 692 2728 pepercit
736 2680 749 2714 :
784 2677 1005 2733 propter
1045 2670 1430 2738 benignitatem
1467 2686 1671 2740 autem,
1718 2683 2035 2740 meretrices

455 2765 519 2803 ac
539 2751 860 2820 publicanus
881 2754 936 2806 in
969 2770 1194 2825 regnum
1218 2757 1517 2815 introduxit
1538 2764 1606 2818 ".
1633 2765 1766 2820 Cum
1797 2767 1869 2822 ita
1891 2784 2035 2824 con-

452 2858 691 2912 sequi-ns
727 2846 919 2902 fuisset
974 2857 1031 2901 nt
1066 2865 1249 2905 sermo
1291 2853 1606 2925 sponderet,
1656 2859 1772 2930 ipse
1810 2875 2033 2931 practer—

453 2934 624 2995 misit,
675 2937 747 2990 ob
792 2951 1016 2993 causam
1073 2956 1238 3011 quam
1289 2946 1666 3012 praediximus.
1714 2953 1823 3007 Aut
1868 2954 2032 3008 etiam

452 3026 618 3080 simili
648 3028 811 3080 modo
841 3029 1071 3098 loquens
1095 3047 1219 3085 cum
1253 3034 1411 3090 beato
1432 3034 1611 3105 Petro,
1635 3054 1759 3094 cum
1783 3042 1991 3097 diceret
2014 3055 2030 3101 :

457 3111 543 3166 «Si
558 3114 700 3167 enim
721 3112 1086 3186 Deusangelis
1106 3123 1198 3189 qni
1215 3134 1576 3190 peccaverant
1600 3142 1707 3180 non
1732 3129 2025 3198 pepercit,»

449 3218 558 3260 etc.
592 3204 656 3258 Et
685 3206 753 3260 de
784 3207 868 3263 his
894 3211 1114 3274 quidem
1170 3214 1243 3268 ita
1285 3215 1492 3270 dictum
1533 3218 1626 3274 sit.
1662 3217 1835 3276 Porro
1885 3222 2031 3292 quod

450 3298 529 3351 ait
566 3315 581 3351 :
619 3316 639 3348 ι
696 3300 989 3356 lusomniis
1026 3303 1216 3372 agitati
1267 3321 1486 3362 carnem
1543 3311 1841 3377 maculant,
1882 3331 1901 3364 ι
1935 3314 2032 3368 ad-

452 3388 742 3444 miratione
771 3389 995 3459 dignum
1035 3402 1120 3447 est
1170 3398 1314 3463 quod
1372 3397 1510 3452 adeo
1557 3404 1870 3458 verecunde
1910 3421 2029 3460 ser-

451 3490 666 3532 mOuem
722 3483 1031 3549 protulerit.
1085 3484 1254 3555 628
1303 3485 1527 3542 Multam
1561 3492 1706 3546 enim
1746 3495 2026 3552 lasciviam

448 3577 506 3623 et
536 3571 934 3640 impudicitiam
963 3577 1030 3630 de
1082 3576 1217 3645 ipsis
1271 3587 1520 3645 testatur,
1549 3583 1742 3639 dicens
1782 3589 1929 3658 quod
1975 3599 2029 3646 et

448 3658 562 3713 vita
594 3662 707 3715 sint
746 3662 969 3733 impuri,
994 3677 1049 3720 et
1083 3667 1268 3738 lingua
1305 3673 1540 3726 maxime
1583 3674 1771 3729 lascivi
1805 3695 1818 3731 :
1860 3680 2026 3735 vehe-

451 3761 688 3805 mentem
719 3765 898 3809 autem
935 3759 1119 3826 operis
1178 3762 1568 3833 turpitudinem
1602 3776 1748 3823 recte
1778 3784 2030 3842 compre-

449 3841 641 3896 hendit
692 3861 787 3916 per
854 3848 956 3902 hoc
1010 3853 1236 3906 verbum
1287 3856 1742 3929 ἐνυπνιαζόμενοι
1792 3864 1870 3933 (id
1911 3841 2026 3934 cst,

450 3934 793 3991 sntnniantes
826 3939 907 3990 vel
938 3940 1129 4009 agitati
1160 3943 1473 4012 insomniis)
1510 3951 1654 4015 quod
1703 3967 1802 4005 nos
1832 3956 2027 4023 paulu-

447 4021 558 4077 lntn
582 4034 638 4079 et
667 4038 933 4096 quantum
970 4033 1175 4089 decens
1196 4037 1323 4099 erit,
1356 4040 1780 4109 denudabimns,
1802 4021 2025 4117 sumpto

447 4116 725 4173 intellectu
759 4136 824 4173 ex
856 4138 1021 4192 opere
1049 4128 1195 4195 quod
1227 4127 1297 4183 de
1350 4130 1434 4185 Itis
1467 4133 1636 4187 edidit
1669 4135 1862 4193 beatus
1897 4116 2025 4210 Epi—

446 4210 682 4276 phauius
710 4211 873 4283 Cypri
924 4216 1240 4287 episcopus,
1274 4230 1328 4273 et
1362 4222 1652 4279 Panarium
1707 4230 2021 4298 appellarit.

446 4297 584 4353 Dicit
611 4307 757 4357 enim
792 4307 881 4359 hic
905 4309 1051 4375 quod
1098 4311 1320 4367 scelesti
1358 4314 1445 4368 issi
1473 4316 1884 4394 Borborita:(id
1914 4320 2018 4391 est,

445 4388 694 4447 letuleuti
734 4409 798 4448 ac.
844 4412 1006 4452 coeno
1068 4402 1297 4469 oppleti)
1327 4418 1452 4457 eum
1503 4405 1648 4463 Rede
1699 4388 2021 4470 mulieribus

2152 575 2171 609 ι
2209 554 2418 609 Ὀπίσω
2460 552 2661 621 σαρκὸς
2699 550 2894 620 ἑτέρας
2925 549 3274 615 ἀπελθόντες,
3305 568 3325 603 ι
3355 552 3453 605 καὶ
3492 551 3733 624 πορνεῠ.

2148 662 2372 709 σαντες,
2422 643 2736 707 τουτέστιν,
2794 641 3160 704 ἐκκλίναντες.
3209 643 3275 695 Ὀ
3319 642 3383 695 τὸ
3435 643 3733 713 πορνεύειν

2148 740 2427 810 σημαίνει.
2476 735 2664 806 Σάρκα
2694 735 2751 787 δὲ
2785 734 2982 805 ἑτέραν
3007 734 3106 803 τὴν
3127 735 3332 806 ᾰρρενα
3356 734 3521 802 φύσιν
3551 735 3732 803 λέγει,

2145 832 2218 894 ὡς
2269 832 2345 901 μὴ
2390 832 2529 903 πρὸς
2569 829 2858 883 συνουσίαν
2907 829 3174 896 γενέσεως
3211 827 3592 885 συντελοῦσαν,
3661 829 3735 884 Ἠ

2145 926 2256 993 γὰρ
2286 924 2424 994 πρδς
2458 920 2750 976 συνουσίαν
2781 920 2939 991 σὰρξ,
2971 919 3064 974 τοῦ
3094 918 3288 992 θήλεός
3317 922 3458 981 ἐστι,
3492 923 3634 975 κατὰ
3663 922 3736 974 τὺ

2147 1015 2252 1070 ὑπὸ
2282 1015 2375 1069 τοῦ
2407 1015 2752 1086 προπάτορος
2812 1012 3122 1083 είρημένον,
3159 1031 3178 1065 ι
3233 1010 3457 1065 Ὀστοῦν
3500 1016 3567 1066 ἐκ
3613 1013 3734 1066 τῶν

2144 1107 2348 1160 ὀστέων
2380 1123 2505 1178 μου,
2550 1107 2644 1160 καὶ
2684 1105 2819 1174 σὰρξ
2868 1106 2934 1158 ἐκ
2995 1107 3089 1176 τῆς
3122 1106 3324 1175 σαρκός
3372 1122 3530 1174 μου.»
3571 1105 3636 1159 Ἡ
3665 1106 3733 1160 δὲ

2143 1200 2252 1254 τῶν
2275 1200 2521 1272 ἀρρένων
2552 1197 2709 1267 σὰρξ,
2734 1198 2900 1269 ἑτέρα
2931 1196 3031 1267 τῆς
3060 1196 3351 1261 συνουσίας
3379 1198 3541 1268 φημί.
3574 1196 3733 1266 Πλὴν

2143 1291 2239 1346 καὶ
2271 1292 2366 1344 ἐπὶ
2388 1289 2483 1344 τοῦ
2515 1290 2730 1361 θήλεος,
2764 1290 2797 1360 ἡ
2831 1290 2929 1359 μὲν
2956 1289 3097 1343 κατά
3126 1289 3325 1359 νόμους
3350 1289 3431 1341 ἑνὶ
3457 1289 3576 1358 μία,
3612 1288 3729 1342 ίδία

2144 1383 2282 1452 σὰρξ
2330 1384 2425 1436 καὶ
2479 1382 2687 1436 οίκεία’
2730 1384 2765 1452 η
2813 1382 2871 1435 δὲ
2919 1381 3261 1452 ἐκκεχυμένη
3320 1383 3414 1434 καὶ
3458 1380 3725 1451 δημοσία,

2142 1478 2306 1547 ἑτέρα
2346 1476 2440 1530 καὶ
2483 1474 2763 1546 ἀλλοτρία,
2796 1474 2892 1527 καὶ
2941 1472 3125 1544 μικρῷ
3160 1472 3261 1539 τῆς
3293 1473 3592 1544 ἀρῤενικῆς
3637 1473 3729 1536 είς

2146 1568 2361 1639 μίασμα
2412 1567 2729 1637 λειπομένη.
2786 1563 3040 1636 Εἰρηκὼς
3092 1564 3150 1618 δὲ
3188 1563 3360 1618 ταῦτα
3400 1566 3467 1617 τὰ
3500 1564 3728 1617 ὑποδεί-

2139 1676 2351 1732 γματα,
2398 1660 2657 1713 κατέλιπε
2700 1658 2762 1711 τὸ
2803 1656 3097 1713 ἀκόλουθον
3132 1656 3344 1718 τούτοις
3377 1657 3585 1709 ἐννοεῖν
3626 1654 3727 1708 τὸν

2138 1754 2437 1828 ἀκροατήν.
2458 1752 2525 1807 Τί
2553 1753 2610 1805 δὲ
2632 1752 2824 1818 τοῦτο;
2849 1751 2922 1805 Τὸ
2947 1753 3284 1819 ἐπενεγκεῖν·
3310 1750 3371 1803 Et
3393 1749 3486 1803 οὖν
3502 1750 3725 1813 τούτοις

2064 1816 2112 1876 Β
2139 1816 2312 1910 οὕτως
2362 1816 2718 1916 ἀπεχρήσατο
2764 1816 2932 1914 μηδὲν
2964 1816 3310 1913 δυσωπηθεὶς
3363 1844 3429 1912 τῇ
3471 1842 3727 1913 προτέρᾳ

2140 1939 2322 1993 αὐτῶν
2339 1937 2628 2009 εὐκληρίᾳ,
2661 1933 2775 2009 ἄρα
2807 1937 3031 2000 τούτους
3059 1935 3154 1989 νῦν
3183 1934 3545 2002 ἀσελγοῦντας
3570 1934 3728 1998 ἔξαιο

2143 2031 2369 2102 ρήσεται
2401 2030 2462 2084 τὺ
2497 2030 2593 2083 τδν
2624 2029 2752 2082 Υἰδν
2778 2029 2873 2083 τοῦ
2905 2028 3039 2083 Θεοῦ
3071 2028 3137 2082 δι’
3168 2025 3486 2099 ἀνθρώπους
3512 2029 3593 2090 είς
3623 2027 3723 2079 τὸν

2139 2125 2345 2193 κόσμον
2387 2123 2561 2176 ἐλθεῖν
2596 2122 2688 2176 καὶ
2722 2122 3053 2192 ἀνασχέσθαι
3088 2122 3228 2193 ὑπὲρ
3266 2120 3472 2174 τούτων
3502 2119 3725 2192 ὕϐρεων

2139 2218 2236 2270 καὶ
2267 2215 2494 2282 παθῶν;
2538 2215 2639 2269 οὐκ
2671 2215 2738 2268 ἂν
2772 2215 2916 2268 εἴποι
2940 2231 3020 2277 τις
3052 2214 3228 2268 τοῦτο.
3249 2213 3366 2266 Κᾶν
3395 2212 3505 2282 γὰρ
3525 2211 3723 2280 φιλάν-

2139 2309 2357 2381 θρωπός
2406 2311 2577 2371 ἐστιν,
2612 2309 2748 2363 ἀλλὰ
2782 2310 2877 2363 καὶ
2921 2308 3129 2372 δίκαιος
3174 2308 3421 2379 ἀληθείᾳ.
3479 2308 3591 2360 Καὶ
3628 2306 3721 2360 διὰ

2142 2402 2242 2472 μὲν
2299 2401 2475 2471 ἀληθῆ
2536 2399 2926 2472 δικαιοσύνην,
2983 2401 3093 2455 τῶν
3161 2401 3562 2472 ἡμαρτηκότων
3614 2399 3722 2453 οὐκ

2138 2494 2415 2562 ἐφείσατο,
2448 2492 2536 2546 διὰ
2566 2493 2622 2545 δὲ
2647 2492 3083 2563 φιλανθρωπίαν,
3112 2493 3317 2562 πόρνας
3350 2492 3446 2545 καὶ
3476 2490 3723 2556 τελώνας

2137 2585 2217 2648 είς
2244 2587 2339 2655 τὴν
2388 2583 2666 2656 βασιλείαν
2706 2586 3027 2655 εἰσήγαγεν.
3066 2583 3226 2638 οὕτω
3272 2584 3366 2638 τοῦ
3414 2584 3721 2638 ἀκολούθου

2135 2676 2288 2740 ὄντος
2311 2676 2637 2747 χρήσασθαι,
2674 2677 2837 2738 αὐτὸς
2871 2676 3117 2748 παρῆκε,
3153 2677 3247 2729 καὶ
3278 2675 3345 2729 δι’
3371 2675 3409 2729 ἃ.
3446 2674 3547 2744 μὲν
3581 2692 3723 2746 προι-

2136 2770 2384 2839 είπομεν,
2418 2770 2452 2840 ἦ
2497 2772 2592 2824 καὶ
2620 2770 2696 2832 ὡς
2739 2769 2817 2840 τῷ
2850 2769 3108 2840 μακαρίῳ
3148 2770 3340 2839 Πέτρῳ
3372 2770 3719 2839 προειρημέ-

2134 2879 2251 2926 νου,
2283 2862 2370 2916 ὅτε
2406 2862 2624 2930 ἔλεγεν·
2661 2880 2680 2913 ι
2707 2862 2769 2915 Εἰ
2803 2863 2913 2933 γὰρ
2948 2864 2978 2916 ό
3017 2862 3152 2926 Θεὸς
3183 2861 3429 2931 ἀγγέλων
3462 2863 3721 2931 ἁμαρτη-

2136 2956 2346 3011 σάντων
2370 2956 2470 3008 ούκ
2509 2954 2787 3025 ἐφείσατο,
2815 2975 2833 3004 ο
2864 2955 2957 3007 καὶ
2987 2954 3134 3023 ἑξῆς.
3157 2956 3266 3008 Καὶ
3307 2955 3434 3025 περὶ
3458 2955 3560 3025 μὲν
3588 2954 3722 3007 τούς

2134 3065 2244 3101 των
2270 3046 2463 3109 οὕτως.
2489 3047 2563 3099 Τὸ
2590 3047 2669 3109 δὲ,
2713 3065 2733 3097 ι
2765 3047 2950 3118 Σάρκα
2982 3048 3080 3117 μὲν
3118 3047 3423 3117 μιαίνουσιν
3451 3048 3718 3099 ἐνυπνια-

2136 3141 2374 3210 ζόμενοι,
2432 3159 2451 3192 ι
2508 3140 2813 3209 θαυμάζειν
2872 3140 3023 3206 ἀξιον
3076 3141 3178 3211 τῆς
3232 3141 3561 3211 σεμνότητος
3615 3140 3717 3195 τοῦ

2134 3235 2315 3301 λόγου.
2348 3231 2558 3299 Πολλὴν
2587 3233 2697 3299 γὰρ
2728 3232 2907 3284 αὐτῶν
2950 3232 3237 3299 ἀσέλγειαν
3272 3235 3716 3304 καταμαρτυρεῖ,

2134 3321 2361 3391 φάσκων
2393 3322 2477 3375 ὅτι
2517 3322 2610 3375 καὶ
2645 3322 2744 3393 βίῳ
2788 3323 2930 3377 εἰσὶν
2978 3323 3305 3394 ἀκάθαρτοι,
3342 3326 3438 3378 καὶ
3487 3325 3717 3398 ﬂebam

2134 3413 2548 3482 ἀσελγέστατοι.
2596 3415 2670 3468 Τὸ
2720 3414 2828 3486 γὰρ
2858 3415 2999 3483 ἄγαν
3030 3416 3255 3487 αἰσχρὸν
3298 3418 3399 3488 τῆς
3434 3418 3715 3487 πράξεως,

2131 3502 2221 3556 διὰ
2272 3501 2365 3555 τοῦ
2413 3503 2895 3575 Ἐνυπνιαζόμενοι
2939 3506 3330 3574 περιέστειλεν.
3392 3508 3463 3561 ’0
3512 3508 3716 3577 μικρὸν

2133 3594 2317 3664 ἡμεῖς,
2348 3595 2443 3648 καὶ⁵
2477 3594 2601 3648 ὅσον
2640 3600 2909 3667 προσῆκε,
2945 3597 3483 3669 παραγυμνώσομεν,
3517 3602 3581 3653 ἐκ
3616 3600 3713 3654 τοῦ

2134 3688 2513 3758 πεπονημένοι)
2563 3688 2640 3759 τῷ
2692 3691 2952 3761 μακαρίῳ
3002 3691 3307 3763 Ἐπιφανίῳ
3357 3693 3434 3762 τῷ
3479 3693 3710 3763 Κύπρου

2134 3778 2260 3846 περὶ
2291 3779 2518 3843 τούτων,
2581 3779 2610 3833 ὃ
2662 3781 2757 3834 καὶ
2783 3782 3053 3854 Πανάριον
3080 3782 3329 3850 ἐκάλεσε,
3372 3787 3473 3856 τὴν
3504 3787 3711 3855 γνῶσιν

2131 3870 2436 3939 εἰληφότες.
2471 3872 2612 3941 Φησὶ
2656 3872 2768 3943 γὰρ
2816 3868 2990 3936 οὗτοςο
3023 3875 3160 3937 Τοὺς
3202 3877 3438 3947 μιαροὺς
3483 3877 3711 3943 τούτους

2130 3959 2464 4033 Βορσορίτας
2493 3964 2736 4034 αίσχρῶς
2759 3966 3008 4034 γυναιξὶν
3030 3970 3515 4039 ἐπιμιγνυμένους,
3538 3971 3613 4039 μὴ
3640 3973 3704 4041 τῇ

2131 4054 2313 4123 μήτρᾳ
2344 4053 2442 4123 τὴν
2481 4056 2643 4125 γονὴν
2666 4060 2980 4127 κατασχεῖν,
3023 4059 3139 4112 ἀλλ’
3170 4060 3443 4131 ἀτιλὲστῳ
3480 4064 3548 4133 τῇ
3590 4062 3706 4132 βδε-

2129 4145 2313 4217 λυρίᾳ,
2350 4149 2471 4209 ταῖς
2503 4148 2716 4200 ἑαυτῶν
2750 4149 3112 4215 ὑπολαόόντες
3142 4152 3348 4221 ταύτην
3379 4156 3588 4224 χερσὶν,
3620 4158 3703 4208 εὖτ

2128 4238 2225 4301 Ob;
2255 4238 2334 4309 τῷ
2363 4240 2593 4310 στόματι
2619 4241 2827 4312 ταύτην
2855 4244 3155 4312 προσάγειν
3186 4244 3305 4316 μεθ’
3332 4240 3408 4301 ὧν
3436 4248 3702 4314 συνεφθά-

2127 4348 2303 4403 ρησαν
2336 4332 2594 4400 γυναίων,
2629 4334 2725 4387 καὶ
2761 4333 2934 4399 οὕτως
2969 4336 3310 4408 ἀπέρχεσθαι
3339 4339 3433 4393 ἀπ’
3458 4338 3701 4411 ἀλλήλωῑ

2130 4425 2257 4487 τοὺς
2278 4424 2645 4496 ἀκαθάρτους,
2671 4426 2814 4497 μέγα
2835 4445 2887 4480 τι
2918 4428 3198 4498 οίηθέντας
3237 4432 3701 4492 ὲπιτετελεκὲναι.

441 4482 958 4550 commiscerentur,
996 4501 1105 4540 non
1139 4490 1192 4541 in
1242 4491 1400 4545 vulva
1430 4508 1615 4550 semen
1655 4497 2028 4571 eli‘undebant,

441 4568 534 4590 -.-Δ
572 4572 678 4590 ξ--.-.
705 4570 776 4590 ,_l'
815 4581 882 4590 -.κ
985 4575 997 4590 ι
1120 4579 1128 4588 ι
1216 4580 1250 4590 ,α
1509 4586 1518 4590 -
1751 4588 1759 4590 _

2138 4482 2308 4568 Τοῦτο
2330 4515 2393 4568 τὸ
2439 4482 2765 4590 ᾰκάθᾶρὲοί
2792 4482 3202 4590 apameae
3617 4482 3701 4579 tv:

438 4568 536 4623 sed
572 4570 894 4639 imperfecta
948 4575 1385 4645 abominatione,
1435 4586 1552 4638 suis
1597 4588 1850 4643 manibus
1894 4568 2027 4649 illud

440 4664 825 4730 suscipientes,
867 4668 1052 4721 statim
1094 4668 1227 4724 illud
1286 4672 1339 4725 in
1385 4688 1450 4729 os
1499 4674 1865 4736 immittehant
1900 4700 2027 4739 mu-

438 4749 633 4805 lierum
690 4771 815 4808 cum
865 4760 1065 4828 quibus
1120 4766 1364 4835 corrupti
1414 4776 1571 4822 erant
1619 4786 1635 4824 :
1684 4781 1741 4827 et
1787 4774 1862 4829 ita
1911 4792 2026 4835 asc

442 4854 631 4897 mutuo
657 4846 1017 4906 discedebant
1058 4853 1280 4924 impuri,
1336 4874 1594 4930 magnum
1631 4865 1913 4936 quippiam
1963 4886 2023 4927 se

435 4936 712 5004 peregisst:
758 4950 1029 5007 putantes.
1066 4944 1180 5001 Hoc
1230 4948 1508 5020 impurum
1546 4953 1758 5013 facinus
1789 4969 2015 5030 propter

437 5025 899 5096 iniperri-etionem
950 5041 1185 5108 appellat
1223 5044 1578 5110 insomnium,
1612 5025 1871 5119 quoniam
1908 5055 2013 5110 ltu-

430 5118 673 5189 jusinodi
721 5136 852 5181 sunt
888 5143 1010 5198 qua:
1049 5132 1104 5185 in
1155 5134 1447 5192 insomniis
1506 5118 1765 5211 aguntur.
1818 5143 2011 5218 Inqui-

432 5226 631 5269 nantes
680 5231 811 5285 ergo
861 5234 961 5289 per
1000 5220 1326 5299 l'etulentam
1380 5229 1522 5285 hanc
1577 5238 2009 5307 assumptionem

434 5318 596 5358 suam
652 5321 897 5377 carnem,
949 5314 1184 5381 amplius
1232 5320 1411 5375 adhuc
1464 5323 1767 5395 insaniunt,
1814 5330 2013 5401 inquit,

436 5393 705 5454 adversus
720 5399 961 5456 divinam
990 5414 1267 5474 naturam,
1303 5410 1611 5469 Dominium
1638 5393 1804 5489 huius
1825 5393 2015 5491 asper;-

434 5498 635 5546 nantes
676 5501 733 5545 et
762 5494 1193 5554 dominationem
1239 5517 1401 5572 quam
1438 5507 1550 5575 ipsa
1600 5509 1654 5563 in
1696 5513 2011 5571 universum

434 5578 617 5635 habet.
669 5581 857 5642 Latius
887 5599 1068 5645 autem
1121 5593 1187 5648 de
1225 5595 1308 5650 his
1361 5597 1497 5651 dixit
1531 5599 1721 5659 beatus
1774 5603 2013 5661 Irena-us

2128 4606 2413 4676 υπνίασμα
2445 4607 2624 4672 καλεῖ,
2670 4608 2793 4661 ἐπεὶ
2841 4611 2937 4663 καὶ
2976 4610 3204 4666 τοιαῦτα
3250 4614 3320 4668 τὰ
3374 4616 3436 4668 ἐν
3470 4619 3584 4680 τοῖς
3612 4619 3697 4671 ἐν·

2125 4700 2474 4768 υπνιασμοῖς.
2506 4698 2830 4764 Μιαίνοντες
2854 4701 3034 4756 τοίνυν
3057 4702 3149 4755 διὰ
3176 4706 3278 4774 τῆς
3324 4705 3695 4780 βορὸορώδους

2120 4787 2325 4857 ταύτης
2343 4792 2659 4861 προσφορᾶς
2685 4791 2786 4863 τὴν
2819 4793 3030 4847 ἑαυτῶν
3058 4795 3259 4867 σάρκα,
3281 4797 3384 4862 ἔτι,
3415 4803 3574 4870 φησὶ.
3606 4802 3694 4856 καὶ

2120 4882 2265 4934 κατὰ
2313 4882 2410 4951 τῆς
2446 4882 2598 4947 θείας
2641 4882 2859 4952 φύσεως
2905 4886 3211 4956 μαίνονται,
3250 4890 3351 4962 τὴν
3398 4895 3691 4966 κυριότητα

2119 4972 2324 5043 ταύτης
2369 4973 2716 5039 ἀθετοῦντες,
2746 4978 2841 5029 καὶ
2878 4978 2980 5049 τὴν
3020 4979 3115 5033 τοῦ
3165 4984 3366 5046 παντὸς
3399 4987 3573 5057 αὐτῆς
3608 4988 3689 5041 δε-

2123 5065 2403 5119 σποτείαν.
2437 5067 2786 5139 Πλατύτερον
2824 5072 2881 5125 δὲ
2920 5075 3049 5145 περὶ
3091 5075 3297 5129 τούτων
3337 5076 3368 5130 ὁ
3421 5081 3687 5150 μακάριος

2120 5156 2412 5227 Εἰρηναῖος
2449 5159 2477 5210 ό
2520 5159 2858 5227 Λουγδούνου
2893 5163 3120 5235 εἴρηκεν
3155 5168 3215 5219 ὲν
3254 5166 3329 5236 τῷ
3355 5168 3569 5241 ἐλέγχῳ
3594 5173 3685 5240 τῆς

2122 5246 2477 5318 ψευδωνύμου
2508 5248 2785 5317 γνώσεως,
2820 5255 2953 5323 παρ’
2972 5249 3033 5310 οὗ
3060 5257 3089 5308 ό
3116 5255 3443 5327 βουλόμενος
3482 5261 3683 5332 λαμϐα-

2114 5340 2257 5394 νέτω
2278 5339 2376 5411 τὴν
2406 5341 2629 5408 γνῶσιν.
2669 5343 2745 5396 Ἥ
2774 5346 3101 5417 κυριότητα,
3130 5348 3227 5418 τὴν
3257 5348 3352 5402 τοῦ
3392 5354 3533 5406 κατὰ
3560 5353 3680 5423 X9:-

2117 5430 2239 5484 στδν
2270 5432 2578 5502 μυστηρίου
2606 5432 2831 5507 τελετὴν
2855 5435 3166 5506 ἀθετοῦσιν,
3202 5442 3259 5494 έν
3289 5442 3444 5510 τάξει
3480 5462 3677 5515 μυστη-

2115 5520 2251 5589 ρίων
2286 5521 2594 5589 ἀγγελικῶν
2620 5523 2717 5587 τὰς
2752 5525 2963 5581 ἑαυτῶν
3001 5530 3288 5599 ἀσελγείας
3318 5534 3673 5599 ἐκτελοῦντες.

2112 5610 2279 5678 Δόξας
2300 5612 2356 5666 δὲ
2386 5613 2485 5685 τὴν
2515 5614 2753 5671 παλαιάν
2801 5634 2930 5688 φησι
2972 5620 3243 5695 διαθήκην
3288 5625 3382 5678 καὶ
3410 5626 3510 5697 τὴν
3535 5628 3670 5693 νέαν,

504 5760 550 5794 ⁸⁸
578 5762 767 5821 Matth.
803 5784 926 5838 xxv,
982 5771 1070 5828 Η.
1148 5776 1191 5808 ⁴⁹
1223 5776 1336 5830 Gen
1399 5795 1455 5843 ιι,
1482 5780 1570 5835 23.
1647 5783 1698 5814 ³⁸
1726 5783 1915 5841 Matth.
1961 5802 2069 5854 nt,
2093 5788 2181 5841 3i.
