3832 6568
490 444 603 514 ’115

501 568 720 620 verunt.
753 580 770 612 ι
807 559 1038 616 Michael
1069 557 1287 630 quidem
1324 556 1400 612 ita
1433 554 1583 620 fecit,
1609 571 1786 628 neque.
1816 554 2082 612 adversus

498 658 773 730 dogmatis
797 670 918 728 quae
941 671 1051 710 non
1085 661 1378 719 noverunt,
1410 649 1709 706 maledicos
1741 659 2082 722 componunt

499 763 762 826 tanquam
824 748 1124 806 animantia
1185 745 1418 802 rationis
1463 744 1711 815 expertia
1766 750 2084 811 noverunt,

489 847 769 913 femellas,
800 853 896 901 aut
928 843 1096 900 veluti
1130 841 1306 911 porci.

1041 933 1207 1006 ego
1241 931 1471 990 CAPUT
1513 932 1578 988 ιι.

377 1059 400 1078 ‘
501 1050 809 1122 Deploratio
835 1048 1124 1122 impiorum
1150 1053 1364 1122 propter
1390 1061 1624 1122 errorem
1651 1053 1700 1100 et
1725 1045 2076 1122 impietatem,

567 1115 632 1178 ac
663 1115 936 1176 lasciviam
967 1126 1018 1172 et
1041 1115 1444 1186 blasphemiam,
1474 1133 1536 1170 ac
1571 1116 1812 1184 fucatam
1845 1115 2076 1170 simula-

569 1193 766 1247 tionem
795 1204 887 1258 per
915 1187 1275 1259 largitionem,
1299 1203 1400 1258 quo
1429 1186 1648 1256 facilius
1679 1186 1963 1256 decipiant.

568 1305 752 1360 11-15.
822 1301 914 1358 Va:
954 1301 1086 1368 illis,
1144 1301 1398 1370 quoniam
1468 1303 1608 1356 viam
1655 1300 1791 1357 Cain
1851 1305 2078 1374 ingressi

494 1405 618 1454 sunt
647 1412 665 1451 :
697 1405 748 1451 et
787 1395 1086 1464 deceptione
1127 1395 1379 1450 mercedis
1412 1411 1516 1464 qua
1557 1393 1800 1464 deceptus
1828 1395 1930 1465 fuit
1965 1394 2079 1450 Ba-

498 1491 644 1543 laam
677 1487 836 1557 e/Tusi
866 1494 990 1540 sunt
1024 1502 1041 1539 :
1073 1494 1120 1540 et
1163 1483 1582 1539 contradictione
1618 1482 1751 1539 Core
1787 1485 2074 1554 perierunt.

497 1581 574 1636 Hi
619 1590 744 1636 sunt
789 1581 929 1634 inter
973 1577 1262 1633 charitates
1303 1585 1504 1631 vestras
1548 1575 1685 1630 velut
1735 1591 1869 1631 saxa
1911 1579 2078 1632 maris

495 1675 655 1729 simul
698 1672 1028 1727 convivant’es
1081 1669 1273 1739 absque
1321 1669 1528 1732 timore,
1571 1669 1768 1738 seipsos
1817 1678 2076 1740 regentes,

495 1763 656 1818 nubes
701 1778 896 1834 aquam
940 1777 1044 1816 non
1086 1760 1352 1824 habentes,
1380 1775 1499 1830 qua:
1526 1775 1557 1814 a
1586 1759 1749 1813 ventis
1783 1761 2080 1813 circumva-

493 1866 712 1929 guntur,
747 1855 961 1910 arbores
1007 1852 1348 1908 autumnales
1393 1851 1747 1923 infrugiferaa,
1787 1852 1867 1906 bis
1905 1868 2078 1906 emor-

497 1957 600 2004 tua:
629 1958 676 2004 et
709 1947 1018 2014 eradicatw,
1051 1946 1207 2000 unda:
1250 1944 1425 2014 effera:
1469 1945 1658 2010 maris,
1703 1945 2076 2012 despumantes

495 2058 596 2095 sua
624 2040 865 2111 ipsorum
897 2036 1176 2104 dedecora,
1209 2036 1381 2091 stella:
1407 2037 1656 2090 erratica:
1682 2034 1872 2105 quibus
1902 2035 2075 2107 caligo

495 2134 828 2190 tenebrarum
859 2132 914 2185 in
949 2138 1204 2186 (eternum
1236 2138 1447 2184 servata
1475 2137 1574 2184 est.

567 2244 587 2277 ι
619 2223 776 2279 Viam
805 2221 942 2278 Cain
975 2239 991 2276 ε
1024 2240 1042 2274 ι
1082 2221 1184 2276 hoc
1212 2227 1317 2288 est,
1344 2235 1446 2292 per
1475 2220 1664 2278 fratris
1694 2223 2029 2278 occisionem
2055 2238 2071 2276 :

489 2333 618 2374 nam
663 2324 716 2371 et
765 2315 868 2386 ipsi
922 2312 1053 2368 talia
1105 2312 1369 2370 docentes
1413 2311 1636 2380 fratres,
1665 2313 1782 2371 sive
1823 2313 2073 2385 ejusdem

492 2409 662 2466 sortis
710 2407 992 2470 homines,
1045 2405 1306 2462 occidunt
1356 2405 1484 2463 illos
1542 2406 1729 2476 pravis
1781 2405 2070 2462 doctrinis.

487 2505 602 2558 Aut
653 2501 816 2555 etiam
860 2514 1046 2556 semen
1091 2497 1472 2562 absorbentes,
1504 2496 1730 2554 fratrem
1777 2500 1834 2555 in
1870 2498 2074 2554 virtute

493 2591 844 2654 interimunt,
875 2603 1038 2659 quem
1082 2585 1311 2643 seminis
1348 2585 1698 2644 fructiﬁcatio
1718 2587 1990 2659 proferret
2016 2587 2073 2642 in

489 2685 684 2740 vitam.
717 2681 874 2737 Viam
910 2689 1090 2737 autem
1136 2679 1379 2745 Balaam,
1407 2697 1474 2737 eo
1509 2681 1656 2752 quod
1690 2689 1745 2738 et
1783 2681 1887 2752 ipsi
1929 2682 2074 2738 sicut

491 2775 606 2840 ille,
659 2773 795 2828 lucri
851 2771 1026 2844 gratia
1079 2772 1192 2826 haec
1235 2769 1467 2826 faciunt.
1513 2771 1683 2828 Porro
1722 2773 1864 2827 viam
1907 2772 2070 2838 Core,

490 2865 751 2939 quoniam
797 2874 850 2920 et
897 2863 1000 2934 ipsi
1042 2863 1186 2919 sicut
1227 2861 1354 2929 ille,
1400 2863 1753 2934 praeceptoris
1795 2863 2068 2932 oiiicium,

491 2972 617 3013 cum
639 2956 750 3012 sint
769 2954 997 3027 indigni,
1018 2962 1342 3026 rapuerunt.
1357 2955 1450 3010 «Hi
1474 2963 1602 3013 sunt
1621 2957 1761 3012 inter
1778 2956 2072 3014 charitates

490 3059 726 3106 vestras.
767 3068 786 3101 ι
830 3048 998 3103 Erant
1025 3047 1208 3103 adhuc
1234 3056 1483 3120 tempore
1512 3049 1606 3105 illo
1637 3065 1842 3107 mensae
1868 3065 1992 3122 quae
2016 3050 2069 3105 in

496 3142 746 3200 ecclesiis
770 3143 1127 3213 parabantur,
1160 3140 1229 3198 de
1245 3143 1448 3214 quibus
1466 3149 1519 3198 et
1533 3141 1737 3200 Paulus
1753 3143 1808 3198 in
1827 3142 2071 3215 Epistola

491 3237 558 3292 ad
607 3234 929 3291 Corinthios
967 3233 1275 3305 loquitur"
1314 3252 1329 3290 :
1364 3251 1500 3307 quas
1545 3236 1708 3292 etiam
1745 3237 1983 3306 ἀγάπας,
2017 3237 2071 3294 id

488 3337 613 3394 est,
674 3327 972 3383 charitates
1023 3326 1140 3382 sive
1195 3327 1545 3395 dilectioncs,
1575 3327 1938 3400 appellabant.
1987 3329 2070 3385 Ad

493 3422 617 3485 bas,
651 3419 850 3489 inquit,
877 3425 1218 3473 concurrunt
1247 3437 1261 3474 :
1295 3433 1403 3474 non
1443 3421 1516 3474 ob
1549 3435 1709 3476 usum
1743 3420 1837 3491 qui
1873 3420 1925 3475 in
1963 3420 2070 3478 illis

493 3513 746 3576 habetur,
790 3509 884 3565 sed
942 3517 1001 3564 ut
1052 3509 1400 3566 occasionem
1461 3510 1744 3566 inveniant
1782 3511 2069 3568 inescandi

493 3605 706 3662 animas
743 3603 1028 3658 instabiles
1063 3621 1074 3657 :
1121 3602 1581 3674 quemadmodum
1617 3611 1673 3659 et
1703 3603 1898 3660 Petrus
1939 3604 2070 3660 dicit

490 3698 548 3751 in
595 3695 836 3752 secunda
878 3693 1204 3766 Epistola”.
1234 3693 1389 3761 Quod
1414 3701 1593 3749 autem
1632 3694 1768 3750 dicit
1803 3695 2069 3767 :Absque

490 3789 709 3851 timore,
742 3796 836 3841 aut
869 3801 992 3842 cum
1038 3786 1390 3858 praaccdenti,
1420 3785 1582 3841 Velut
1613 3802 1743 3842 saxa
1793 3788 1962 3843 maris
1996 3787 2070 3843 si-

489 3881 604 3935 mul
634 3879 1014 3945 convivantes,
1043 3877 1409 3942 ordinandum
1445 3887 1549 3946 est,
1587 3889 1647 3935 ut
1697 3881 1767 3936 sit
1816 3880 1906 3935 hic
1945 3895 2070 3935 sen-

493 3987 588 4026 sus
624 3989 636 4026 :
673 3969 834 4026 Velut
867 3985 999 4025 saxa
1035 3970 1204 4025 maris
1233 3971 1395 4026 simul
1427 3971 1803 4037 convivanles,
1831 3971 1932 4026 hoc
1961 3979 2065 4036 est,

490 4078 613 4118 cura
642 4063 777 4118 nihil
815 4061 1166 4117 metuendum
1200 4069 1542 4132 exspectant,
1574 4077 1790 4118 coenam
1827 4077 1934 4118 una
1971 4079 2067 4118 su-

491 4165 672 4222 ιηυιιι,
702 4167 924 4225 repente
953 4163 1215 4224 tanquam
1244 4168 1377 4209 saxa
1409 4153 1577 4209 maris
1605 4154 1911 4209 animarum
1940 4169 2067 4224 per-

491 4248 752 4302 ditionem
783 4245 918 4315 ipsis
951 4245 1292 4300 inducentes.
1324 4244 1484 4315 631
1519 4245 1626 4298 Aut
1656 4243 1722 4298 ad
1752 4252 2068 4314 sequentem

491 4341 786 4395 dictionem
825 4339 1096 4408 llegentes
1128 4355 1142 4392 :
1178 4337 1284 4392 hoc
1333 4347 1436 4401 est,
1478 4337 1685 4404 absque
1737 4337 1934 4390 timore
1978 4351 2069 4390 se-

495 4431 648 4500 ipsos
697 4436 1113 4498 componentes,
1163 4426 1301 4481 nihil
1338 4426 1520 4489 veriti,
1561 4424 1761 4496 inquit,
1799 4425 2065 4494 judicium

488 4519 640 4592 quod
688 4520 824 4591 ipsis
875 4519 1143 4581 imminet,
1179 4532 1245 4571 eo
1273 4516 1418 4588 quod
1452 4532 1639 4586 regere
1673 4517 1939 4583 nesciant,
1971 4517 2066 4574 sed

488 4613 618 4668 caeci
655 4625 830 4666 caecos
854 4609 1141 4674 ducentes,
1173 4616 1226 4662 et
1252 4608 1304 4661 in
1339 4607 1634 4673 foveam",
1662 4605 1818 4677 juxta
1851 4607 2066 4663 Domini

487 4705 739 4769 verbum,
771 4716 880 4756 una
909 4715 1033 4754 cum
1068 4701 1152 4754 his
1179 4700 1272 4770 qui
1305 4707 1570 4769 reguntur
1597 4699 1920 4756 incidentes.
1952 4701 2067 4754 Ma-

484 4799 626 4853 rinis
654 4803 835 4851 autem
872 4797 1020 4848 saxis
1051 4791 1200 4862 ipsos
1235 4799 1538 4861 comparat,
1571 4799 1626 4847 et
1649 4791 1887 4848 nubibus
1926 4807 2066 4863 aqua

487 4888 825 4952 carentibus,
871 4901 933 4941 ac
984 4885 1274 4941 arboribus
1327 4884 1754 4950 autumnalibus,
1793 4885 2066 4954 nudisque

454 4981 694 5048 ‘eil'eris,
741 4994 806 5034 ac
851 4979 1022 5034 stellis
1066 4977 1340 5032 erraticis.
1387 4977 1521 5031 Nam
1563 4994 1682 5049 quae
1729 4979 1815 5034 his
1869 4985 2065 5032 natura

489 5074 843 5153 conveniunt,
893 5071 1009 5126 haec
1059 5070 1134 5124 illi
1191 5071 1359 5126 libera
1393 5071 1676 5127 voluntate
1717 5072 1937 5127 habent.
1975 5068 2066 5124 Si-

491 5166 709 5238 quidem
781 5177 836 5220 et
893 5178 1023 5219 saxa
1094 5163 1261 5219 maris
1318 5165 1704 5235 navigantibus
1756 5166 2064 5235 perniciosa

488 5265 640 5322 sunt,
671 5269 794 5310 cum
828 5269 894 5308 ex
930 5253 1232 5325 improviso
1273 5263 1576 5309 occurrunt
1608 5273 1621 5309 :
1653 5255 1795 5310 sicut
1849 5266 1900 5310 et
1962 5256 2064 5325 ipsi

487 5349 575 5404 his
607 5347 698 5415 qui
745 5359 853 5400 una
899 5345 1264 5399 convivantur
1296 5344 1586 5399 imminent
1618 5351 1678 5398 ut
1717 5346 2060 5416 inopinatum

487 5438 716 5495 malum.
755 5436 819 5490 Et
849 5435 1024 5492 nubes
1062 5449 1201 5506 aqua
1232 5443 1482 5492 carentes
1509 5452 1632 5507 quas
1669 5452 1699 5491 a
1744 5438 1922 5495 ventis
1952 5440 2066 5494 cir-

486 5539 858 5604 cumaguntur
890 5529 958 5585 ad
1006 5543 1348 5600 quaecunque
1388 5529 1506 5584 loca
1549 5533 1919 5600 pervenerint,
1957 5547 2063 5588 non

485 5619 772 5692 reirigeria
794 5634 856 5676 es
886 5620 1084 5685 imbre,
1104 5632 1267 5688 quem
1295 5633 1408 5674 non
1436 5619 1622 5683 habet,
1643 5621 1737 5676 sed
1771 5622 2064 5694 caliginem

483 5709 621 5786 ipsis
667 5713 952 5771 inducunt.
1004 5710 1276 5766 Similiter
1319 5719 1374 5766 et
1432 5710 1485 5765 hi
1533 5712 1762 5768 salutari
1809 5730 2066 5772 sermone

553 5897 598 5930 ⁸³
626 5897 644 5951 1
673 5898 801 5954 Cor.
851 5914 911 5952 ιι.
988 5897 1036 5931 ⁸⁸
1075 5894 1118 5951 ll
1170 5895 1324 5954 Petr.
1371 5913 1430 5954 ιι.
1542 5901 1586 5933 ⁸⁸
1618 5899 1807 5955 Matth.
1843 5917 1939 5969 xu,
1967 5901 2057 5958 11.

1558 442 1957 504 (εαυΜΕΝιι
2013 395 2305 504 Τιιιρεέε
2341 443 2682 507 EPISCOPI

2098 933 2152 993 A

3593 476 3669 544 'llb

2120 557 2298 613 virum
2354 558 2470 616 sive
2507 559 2698 618 Mosen
2746 560 2874 617 tulit
2921 561 3228 622 convicium
3281 589 3295 625 :
3365 573 3416 630 hi
3460 595 3567 640 vero
3622 592 3670 649 de

2122 665 2410 750 sermones
2460 671 2476 709 :
2517 671 2642 728 qum
2682 671 2814 714 vero
2879 659 3120 715 naturali
3165 671 3304 719 motu
3345 667 3446 726 sive
3496 673 3669 750 judicio,

2126 742 2245 801 haec
2292 759 2702 818 prosequuntur
2752 759 3018 822 tanquam
3075 753 3198 822 equi
3278 755 3569 823 insanientes
3632 742 3670 830 in

2785 936 3037 992 ΚΕΦΔΛ.
3079 937 3157 991 B'.

2188 1050 2562 1128 Ταλανισμὸς
2604 1049 2807 1128 αὐτῶν
2839 1050 2937 1128 ἐπι
2980 1049 3059 1119 τῇ
3107 1051 3302 1128 πλάνῃ
3340 1056 3426 1128 καὶ
3466 1060 3670 1128 ἀσεϐείᾳ,

2252 1121 2352 1204 καὶ
2391 1121 2697 1204 ἀσελγείᾳ.
2712 1121 2813 1204 καὶ
2842 1121 3230 1204 ,βλασφηιέιαν
3262 1121 3356 1204 ’ἐπὶ
3375 1121 3674 1204 ,ἐπιπλάσέῷ

2252 1191 2590 1260 ὑποκρίσει,
2621 1191 2697 1260 τῇ
2734 1195 2821 1258 εἰς
2843 1191 3084 1261 ἀπάτην
3111 1191 3438 1263 δωροδοκίᾳ.

2247 1303 2392 1359 Οὐαὶ
2422 1303 2644 1370 αὐτοῖς,
2669 1303 2760 1358 ὅτι
2789 1303 2866 1373 τῇ
2885 1303 3005 1369 ὁδῷ
3028 1302 3134 1358 τοῦ
3155 1303 3296 1358 Κάιν
3315 1305 3670 1379 ἐπορεύθησαν,

2181 1397 2280 1450 καὶ
2305 1396 2378 1464 τῇ
2409 1397 2614 1466 πλάνῃ
2645 1396 2754 1451 τοῦ
2807 1397 3056 1465 Βαλαὰμ
3091 1397 3308 1466 μισθοῦ
3345 1399 3671 1474 ἐξεχύθησαν,

2179 1490 2278 1545 καὶ
2336 1488 2412 1558 τῇ
2472 1489 2782 1559 ἀντιλογίᾳ
2834 1488 2940 1543 τοῦ
3001 1488 3154 1558 Κορὲ
3213 1487 3513 1547 ἀπώλοντο.
3545 1493 3674 1552 Οὗτοι

2179 1586 2340 1638 εισιν
2368 1583 2438 1635 ἐν
2474 1580 2605 1646 ταῖς
2641 1581 2901 1649 ἀγάπαις
2943 1579 3133 1650 ὑμῶν,
3183 1581 3474 1650 σπιλάδες,
3508 1599 3672 1641 συνευ.

2177 1677 2510 1746 ωχούμενοι
2544 1676 2799 1744 ἀφόϐως,
2831 1675 3085 1740 ἑαυτοὺς
3115 1676 3522 1744 ποιμαίνοντες,
3545 1687 3673 1749 νεφέ-

2179 1772 2282 1823 λαι
2337 1768 2586 1836 ἄνυδροι
2640 1766 2760 1822 ὑπὸ
2793 1767 3031 1836 ἀνέμων
3051 1769 3496 1838 περιφερόμενοι,
3511 1768 3672 1838 δένδρα

2179 1857 2584 1928 φθινοπωρινὰ
2603 1857 2862 1925 ἄκαρπα,
2883 1856 2978 1923 δὶς
3001 1857 3376 1912 ἀποθανόντα
3397 1857 3480 1912 καὶ
3499 1858 3672 1928 ἐκριζω-

2179 1948 2378 2015 θέντα,
2414 1949 2646 2017 κύματα
2680 1948 2854 2018 dinosa
2879 1947 3202 2016 θαλάσσης
3225 1947 3574 2019 ἐπαφρίζοντα
3597 1953 3675 2018 τὰς

2176 2043 2409 2099 ἑαυτῶν
2429 2043 2751 2112 αἰσχύνας,
2791 2041 3044 2110 ἀστέρες
3072 2039 3368 2110 πλανῆται
3392 2037 3472 2110 οἷς
3493 2047 3519 2098 ό
3544 2043 3676 2114 ζόφος

2178 2139 2286 2193 τοῦ
2319 2139 2584 2202 σκότους
2614 2138 2702 2202 εὶς
2731 2133 2918 2190 αἰῶνα
2941 2133 3276 2203 τετήρηται.

2259 2248 2278 2282 ι
2321 2224 2458 2298 ⁸0δῷ
2482 2225 2580 2282 τοῦ
2623 2227 2788 2282 Κὰῖν.
2823 2245 2843 2278 ι
2877 2225 3166 2291 Τουτέστι,
3194 2225 3278 2280 διὰ
3303 2228 3396 2297 τῆς
3420 2226 3674 2296 ἀδελφοκτο-

2177 2321 2314 2385 νίας.
2357 2321 2469 2375 Καὶ
2507 2319 2618 2393 γὰρ
2659 2319 2756 2375 καὶ
2790 2317 2948 2373 αὐτοὶ
2986 2316 3218 2372 τοιαῦτα
3250 2317 3555 2382 διδάσκοντες
3584 2321 3675 2384 τοὺς

2177 2413 2461 2484 ἀδελφοὺς,
2490 2413 2612 2483 ἦτοι
2650 2412 2780 2476 τοὺς
2822 2412 3108 2482 ὁμογενεῖς
3139 2409 3453 2482 ἀνθρώπους
3477 2411 3678 2465 ἀποκτιν-

2175 2507 2394 2563 νύουσιν
2429 2507 2627 2570 αὐτοὺς
2650 2506 2775 2568 ταῖς
2818 2506 3084 2576 πονηραῖς
3122 2504 3496 2569 διδασκαλίαις.
3528 2505 3586 2558 Ἣ
3609 2507 3678 2557 καὶ

2178 2598 2713 2671 σπερμοφαγοῦντες,
2743 2595 2837 2651 τὸν
2857 2595 3085 2668 δυνάμει
3104 2595 3334 2666 ἀδελφὸν
3359 2595 3676 2649 ἀποκτιννύου-

2177 2710 2281 2757 σιν,
2307 2691 2424 2762 δνὴ
2457 2689 2550 2744 τοῦ
2597 2688 2915 2760 σπέρματος
2952 2687 3283 2758 τελεσφορῐα
3323 2687 3527 2756 ἤνεγκεν
3551 2686 3601 2740 ἂν
3621 2688 3678 2748 εἷς

2178 2785 2312 2856 βίον.
2344 2783 2425 2855 Τῇ
2449 2782 2506 2836 δὲ
2534 2779 2627 2836 τοῦ
2659 2780 2894 2851 Βαλαὰμ
2926 2779 3054 2851 ὁδῷ,
3080 2779 3168 2834 ὅτι
3209 2777 3422 2849 κέρδους
3455 2778 3588 2849 χάριν
3608 2778 3678 2830 καὶ

2104 2281 2147 2338 Β

2177 2876 2332 2932 αὐτοὶ
2359 2875 2434 2938 ὡς
2464 2876 2675 2938 ἐκεῖνος
2703 2874 2878 2928 ταῦτα
2907 2872 3241 2947 πράσσουσι.
3271 2873 3346 2944 Τῇ
3379 2871 3431 2926 δὲ
3452 2871 3532 2924 τοῦ
3554 2872 3676 2939 Κορὲ,

2175 2971 2257 3024 ὅτι
2280 2968 2374 3023 καί
2397 2968 2552 3021 αὐτοὶ
2580 2966 2656 3030 ὡς
2678 2967 2885 3029 ἐκεῖνος
2905 2965 3285 3020 διδασκαλικὸν
3311 2963 3504 3033 ἀξίωμα
3519 2962 3675 3027 ἀνάξιοι

2173 3061 2328 3124 ὄντες
2353 3061 2628 3131 ἥρπασαν.
2661 3077 2679 3109 ι
2705 3050 2866 3112 Οὗτοί
2888 3059 3028 3111 εἰσιν
3049 3058 3106 3112 ἐν
3127 3060 3252 3120 ταῖς
3273 3057 3494 3124 ἀγάπαις
3517 3054 3674 3126 ὑμῶν.»

2175 3151 2359 3207 Ἦσαν
2392 3151 2472 3205 ἔτι
2509 3149 2650 3204 κατὰ
2679 3149 2772 3202 τὸν
2801 3149 2998 3219 χρόνον
3037 3148 3249 3201 ἐκεῖνον
3275 3148 3329 3198 ἐν
3386 3148 3493 3208 ταῖς
3531 3143 3679 3211 ἐκκλη-

2177 3246 2322 3308 σεαις
2346 3243 2630 3313 γινόμεναι
2675 3240 2968 3314 τράπεζαι,
3005 3240 3080 3304 ὡς
3119 3241 3218 3294 καὶ
3249 3239 3449 3302 Παῦλος
3483 3253 3614 3307 φησιν
3637 3239 3681 3289 ἐν

2176 3341 2242 3410 τῇ
2273 3337 2412 3410 πρὸς
2443 3336 2788 3408 Κορινθίους.
2831 3336 2930 3399 'A;
2962 3334 3058 3388 καὶ
3100 3333 3341 3405 ἀγάπας
3367 3331 3581 3386 ἐκάλουν.
3615 3329 3677 3381 Ἐν

2172 3431 2423 3497 ταύταις,
2437 3431 2598 3501 φησι,
2625 3427 2997 3499 συνέρχονται,
3017 3425 3079 3480 ob
3098 3425 3190 3480 διὰ
3211 3425 3396 3496 χρείαν
3407 3423 3496 3493 τὴν
3517 3424 3565 3476 ἐν
3585 3419 3681 3474 ταύ-

2173 3541 2294 3588 ταις
2326 3521 2639 3593 γινομένην,
2667 3520 2778 3576 ἀλλ’
2803 3520 2890 3574 ἵνα
2920 3518 3112 3590 καιρὸν
3140 3516 3362 3590 εὕρωσι,
3376 3515 3534 3588 ψυχὰς
3556 3514 3682 3579 ἀστη-

2096 3634 2140 3694 C
2177 3618 2396 3691 ρίκτους
2425 3613 2722 3681 δελεάζειν,
2755 3612 2830 3676 ὡς
2860 3611 2955 3666 καὶ
2999 3611 3211 3683 Πέτρος
3240 3609 3399 3684 φησιν
3427 3609 3478 3661 ἐν
3509 3607 3563 3676 τῇ
3597 3604 3680 3657 δευ-

2173 3709 2309 3781 τέρᾳ
2329 3709 2610 3780 ἐπιστολῇ.
2629 3707 2702 3760 Τὸ
2723 3706 2802 3774 δὲ,
2834 3704 3080 3776 ’Δφόϐως
3099 3704 3328 3767 ἑαυτοὺς
3353 3700 3681 3772 ποιμαίνοντες,

2172 3803 2292 3872 ἦτοι
2326 3799 2462 3873 πρὸς
2521 3800 2582 3854 τδ
2615 3799 2880 3863 σπιλῶδες
2914 3797 3265 3863 συντακτέον,
3298 3790 3440 3868 ἵναῇ
3474 3792 3525 3846 τὸ
3548 3791 3681 3858 νόημι

2171 3893 2365 3958 οὕτως’
2400 3892 2666 3957 Σπιλάδες
2695 3892 2916 3962 ἀφόϐως
2951 3890 3436 3962 συνευωχούμενοι,
3469 3884 3683 3939 τουτέστι,

2175 3985 2382 4057 μηδένα
2423 3983 2588 4053 φόϐον
2633 3985 2748 4047 τοῖς
2781 3983 3125 4047 συνδείπνοις
3167 3979 3545 4052 προσδοκῶσιν,
3579 3973 3684 4038 ἐξαί-

2173 4095 2310 4150 φνης
2335 4076 2523 4148 ὥσπερ
2560 4076 2819 4141 σπιλάδες
2859 4076 3164 4146 ἐπάγοντες
3193 4074 3380 4136 αὐτοῖς
3407 4071 3489 4124 τὸν
3512 4067 3684 4134 δλεθριν

2171 4171 2281 4224 τῶν
2316 4169 2524 4241 ψυχῶν.
2559 4171 2632 4223 Ἢ
2680 4168 2818 4240 πρὸς
2850 4169 2932 4232 τὺ,
2981 4166 3381 4238 ποιμαίνοντες,
3417 4162 3493 4228 τὸ,
3519 4156 3687 4227 debwa

2169 4263 2398 4328 ἑαυτοὺς
2435 4262 2842 4325 συντάττοντες.
2871 4260 2948 4314 Οὐ
2979 4259 3236 4325 δεδιότες,
3259 4256 3414 4327 φησι,
3441 4254 3495 4307 τὸ
3513 4245 3687 4304 ἀπὸτοῦ

2175 4353 2252 4425 μὴ
2285 4353 2618 4407 ἐπίστασθαι
2658 4352 2968 4424 ποιμαίνειν
3003 4353 3206 4422 κρῖμα,
3249 4349 3386 4404 ἀλλὰ
3426 4341 3594 4413 τυφλοὶ
3621 4358 3690 4392 av.

2172 4447 2340 4518 φλοῦς
2372 4445 2727 4518 ὁδηγοῦντες,
2762 4447 2856 4501 καὶ
2894 4446 2975 4510 εις
3004 4445 3265 4517 βόθυνον,
3309 4442 3369 4497 τὸ
3405 4440 3491 4494 τοῦ
3527 4433 3686 4506 Κυρίου

2170 4539 2336 4611 ἐρεῖν,
2383 4538 2524 4610 μετὰ
2555 4539 2665 4594 τῶν
2705 4539 3150 4610 ποιμαινομένων
3188 4536 3556 4608 ἐμπίπτοντες.
3590 4527 3691 4579 Σπι-

2169 4632 2293 4686 λάσι
2328 4631 2386 4685 δέ
2431 4632 2629 4697 αὐτοὺς
2676 4631 3026 4703 παρεικάζει,
3076 4631 3166 4685 καὶ
3199 4630 3444 4700 ἀνύδροις
3467 4622 3688 4692 νεφέλαις,

2169 4718 2264 4772 καὶ
2311 4717 2550 4790 δένδροις
2605 4719 3047 4789 φθινοπωρινοῖς,
3096 4719 3191 4773 καὶ
3240 4721 3473 4789 κύμασιν
3505 4709 3690 4781 ἀγρίοις.

2170 4811 2265 4865 καὶ
2296 4810 2518 4884 ἄστροις
2553 4812 2876 4883 πλανήταις.
2944 4814 3012 4866 ’Ἀ
3072 4812 3186 4883 γὰρ
3233 4812 3458 4872 ἐκείνοις
3507 4803 3690 4873 ὑπάρχει

2173 4903 2318 4957 κατὰ
2358 4903 2544 4973 φύσιν,
2586 4902 2762 4960 ταῦτα
2794 4904 3004 4970 τούτοις
3038 4904 3182 4958 κατά
3217 4901 3541 4973 προαίρεσιν.
3568 4893 3626 4949 Δῖ
3650 4907 3692 4943 τε

2099 4981 2144 5037 D
2173 4993 2282 5065 γὰρ
2318 4994 2572 5058 σπιλάδες
2599 4997 2713 5059 τοῖς
2745 4993 3002 5050 πλέουσιν
3033 4997 3293 5068 ὀλέθριοι,
3329 4987 3691 5066 ἀπροσδοκήτως

2175 5086 2580 5156 ἐπιγινόμεναι,
2617 5088 2691 5150 ὡς
2742 5087 2836 5141 καὶ
2876 5089 3032 5142 αὐτοὶ
3078 5091 3194 5152 τοῖς
3229 5086 3548 5144 συνδείπνοις
3576 5075 3696 5134 ἀνέλ-

2177 5195 2368 5232 πιστον
2400 5180 2570 5233 κακὸν
2598 5180 3030 5250 ἐπιφύονται.Αἴ
3047 5200 3103 5236 τε
3140 5183 3360 5252 ἄνυδροι
3398 5178 3593 5246 νεφέλαι
3618 5172 3694 5226 ὑπὸ

2173 5268 2391 5339 ἀνέμων
2416 5270 2793 5340 ἐλαυνόμεναι,
2819 5267 2900 5336 οἷς
2927 5271 2992 5326 ἂν
3025 5273 3214 5337 τόποις
3242 5267 3602 5341 ὲπενεχθῶσιν,
3621 5263 3695 5316 οὐκ

2172 5359 2512 5432 ἀναψύχουσι
2543 5362 2620 5432 τῷ
2649 5362 2841 5434 ὄμϐρῳ
2876 5365 2955 5434 (οὺ
2988 5364 3099 5436 γὰρ
3131 5363 3393 5436 ἔχουσιν),
3427 5359 3550 5415 ἀλλὰ
3571 5356 3694 5420 ζόφον

2172 5451 2358 5516 αὐτοῖς
2399 5451 2828 5525 ἀπεργάζονται.
2874 5455 3150 5517 Ὡσαύτως
3185 5455 3281 5509 καὶ
3307 5446 3468 5515 οὗτοι,
3502 5451 3557 5504 ob
3584 5445 3694 5510 λόγῳ

2171 5545 2510 5615 σωτηριώδει
2551 5546 2646 5608 τὰς
2685 5546 2864 5618 ψυχὰς
2890 5547 3114 5618 ἄρδουσι
3145 5547 3256 5602 τῶν
3289 5541 3690 5615 ἐντυγχανόντων,

2170 5633 2308 5690 ἀλλὰ
2336 5635 2562 5706 ζοφοῠσι
2587 5640 2707 5703 ταῖς
2743 5641 3120 5711 μιαρωτάταις
3160 5639 3343 5694 αὐτῶν
3373 5633 3694 5706 εἰσηγήσεσιν,

2171 5725 2521 5798 ἐλαυνόμενοι
2577 5731 2688 5794 τοῖς
2739 5729 2848 5776 ὀτεν
2915 5729 3188 5802 δαιμόνων
3252 5726 3501 5799 πονηροῖς
3547 5721 3694 5782 ὲκιτι·
