3950 6578
225 449 336 516 717

1338 449 1724 511 COMMENT.
1761 448 1842 508 IN
1883 447 2123 509 EPIST.
2163 447 2400 510 JUDE.

3391 447 3507 514 718

218 568 513 639 δεύμασιν.
548 564 711 620 Ἀλλά
735 565 832 620 καὶ
857 565 925 619 τὰ
951 564 1327 636 φθινοπωρινὰ
1351 563 1543 636 δένδρα
1565 565 1647 627 δὶς
1678 565 1810 618 ἀπο-

1919 579 2028 620 non
2071 564 2301 635 irrigant
2329 563 2545 619 animas
2576 575 2769 620 eorum
2815 575 2956 632 quos
2981 572 3382 636 assequuntur,
3410 566 3508 624 sed

219 661 557 731 θνήσκοντα,
584 658 642 712 ἐν
656 674 716 712 τε
740 659 806 729 τῇ
831 657 928 712 τοῦ
955 655 1176 729 καρποῦ
1211 656 1393 712 αὐτῶν
1421 657 1686 728 ἀποϐολῇ,
1722 658 1815 710 καὶ

215 751 281 805 ἐν
333 753 402 821 τῇ
440 750 550 804 τῶν
598 749 816 819 φύλλων
851 750 1096 823 ἀπορῤοῇ
1135 748 1298 821 (ξηρά
1341 749 1452 822 γὰρ
1499 749 1647 802 δοκεῖ
1689 749 1815 802 τότε

211 843 313 896 τοῦ
346 843 585 906 κάλλους
635 842 1003 913 ὲστερημένα,
1050 841 1150 911 τῆς
1195 839 1303 894 ἀπό
1350 857 1409 894 τε
1461 839 1560 894 τοῦ
1592 839 1811 913 καρποῦ

211 934 480 1003 ἀγλαίας,
511 935 609 988 καὶ
647 936 745 1004 τῆς
775 933 886 987 τῶν
918 931 1134 1003 φύλλων
1159 931 1405 1002 ἀνθηρᾶς
1432 929 1813 1003 εὐπρεπείας),

210 1027 411 1090 αὐτοῖς
438 1043 494 1080 τι
523 1025 863 1095 κατάλληλον
884 1025 1106 1097 πάσχει.
1135 1026 1228 1088 Δὶς
1252 1024 1363 1097 γὰρ
1389 1025 1484 1078 καὶ
1505 1018 1653 1079 οῦτοι
1681 1022 1819 1077 ἀπο-

209 1117 555 1188 ϐαλλόμενοι
578 1114 672 1170 διὰ
703 1115 803 1185 τῆς
834 1113 1280 1185 σπερμοφαγίας,
1321 1112 1419 1166 καὶ
1455 1112 1554 1182 τὴν
1583 1110 1691 1166 ἀπὸ
1718 1110 1817 1180 τῆς

209 1209 506 1280 σώφρονος
557 1208 836 1272 πολιτείας
888 1207 1194 1278 εὐκοσμίαν
1255 1205 1674 1278 σφαιρούμενοι.
1723 1203 1816 1256 Διὸ

211 1305 317 1357 καὶ
348 1300 704 1374 ὲκριζοῦνται
733 1300 846 1354 ἀπὸ
871 1299 966 1354 τοῦ
1003 1299 1336 1371 παραδείσου
1365 1297 1459 1352 τοῦ
1483 1297 1690 1367 Κυρίου
1717 1295 1816 1368 τῆς

219 1397 588 1466 Ἐκκλησίας.
622 1395 735 1449 Καὶ
759 1394 865 1460 ἔξω
897 1393 1258 1466 ῥιπτούμενοι
1277 1392 1494 1456 τούτου,
1529 1391 1817 1459 συλλέγον-

207 1506 304 1543 ται
338 1488 420 1560 τῷ
448 1488 654 1559 αἰωνίῳ
693 1487 850 1558 πυρί.
884 1487 1053 1540 Ποίαν
1075 1486 1187 1556 γὰρ
1215 1486 1329 1552 ἕξει
1380 1485 1627 1556 στάσινῆ
1658 1484 1816 1554 ῥίζαν

208 1581 238 1632 ό
277 1579 379 1634 διὰ.
413 1580 506 1634 τὸν
542 1579 643 1650 τῆς
675 1578 870 1650 ἡδονῆς
913 1577 1182 1649 συρφετὸν
1219 1577 1324 1630 ὑπὸ
1356 1577 1576 1631 πάντων
1618 1575 1814 1647 βαλλό-

206 1691 382 1744 μενος
401 1692 418 1741 ;
442 1670 770 1744 Ἀστέρεςδὲ
786 1669 1064 1740 πλανῆται
1085 1666 1490 1741 χρηματίζουσι
1516 1667 1612 1721 καὶ¹
1635 1667 1810 1733 αὐτοὶ,

202 1769 311 1840 ούχ
351 1769 440 1821 ὅτι
489 1765 568 1837 τῷ
603 1765 706 1835 τῆς
751 1763 991 1826 πίστεως
1025 1761 1186 1832 ήμῶν
1243 1758 1588 1831 στερεὼματι
1641 1777 1811 1830 μετα-

203 1861 549 1932 πρέποντες,
571 1859 664 1912 τὸν
689 1857 791 1928 τῆς
819 1853 1170 1924 δικαιοσύνης
1190 1853 1343 1924 ἥλιον
1367 1853 1604 1924 Χριστὸν
1624 1853 1810 1924 ἔχουσι

1919 662 2230 717 obscurant
2289 661 2476 732 potius
2547 659 2961 717 scelestissimis
3024 660 3143 717 suis
3200 662 3506 725 doctrinis.

1919 753 2063 809 vecti
2110 753 2296 822 pravis
2337 753 2648 808 da‘monum
2699 752 2994 809 institutis.
3031 752 3140 810 Sed
3187 763 3243 810 et
3281 757 3509 813 arbores

1919 841 2271 896 autumnales
2306 849 2436 896 sunt
2465 839 2554 895 bis
2584 845 2838 906 mortuae,
2868 855 3066 911 nempe
3093 851 3149 896 et
3177 841 3396 899 fructus
3420 841 3510 900 sui

1919 932 2222 988 amissione
2265 942 2319 986 et
2362 931 2622 987 foliorum
2663 929 2908 988 deﬂuxu.
2957 930 3114 989 'l'unc
3152 933 3299 989 enim
3342 933 3514 990 arida:

1917 1021 2198 1087 videntur,
2224 1021 2638 1092 pulchritudine
2660 1021 2909 1092 privatae,
2935 1021 3052 1078 sive
3075 1030 3364 1080 venustate
3386 1037 3514 1096 qua:

1919 1113 2161 1172 fructum
2205 1115 2568 1188 sequebatur,
2618 1123 2673 1172 et
2713 1114 2961 1185 jucundo
2992 1113 3245 1171 foliorum
3286 1123 3511 1171 ornatu.

1919 1206 2020 1263 His
2047 1215 2483 1263 consentaneum
2510 1215 2597 1264 est
2622 1205 2770 1278 quod
2803 1206 2924 1262 istis
2960 1205 3230 1276 contingit
3257 1219 3273 1259 :
3303 1219 3429 1260 nam
3456 1212 3514 1261 et

1920 1296 2030 1370 ipsi
2073 1297 2160 1352 bis
2194 1298 2534 1362 moriuntur,
2564 1313 2727 1355 suum
2769 1295 3011 1353 fructum
3052 1295 3380 1367 abjicientes
3419 1311 3516 1354 se-

1919 1391 2089 1448 minis
2135 1390 2517 1462 absorptione,
2546 1400 2604 1448 et
2629 1399 2798 1447 castae
2828 1389 3272 1447 conversationis
3307 1399 3514 1446 ornatu

1917 1499 2043 1542 sese
2087 1485 2393 1554 privantes.
2424 1484 2551 1540 Ideo
2600 1499 2822 1556 quoque
2873 1501 2904 1540 a
2949 1485 3207 1556 paradiso
3250 1483 3516 1540 Ecclesia:

1920 1577 2139 1633 Domini
2182 1578 2563 1645 eradicantur,
2597 1587 2653 1634 et
2697 1586 2854 1634 extra
2900 1580 3075 1649 ipsam
3113 1577 3368 1649 proiecti,
3395 1578 3516 1633 eol-

1916 1668 2165 1741 liguntur
2215 1669 2283 1724 ad
2333 1670 2516 1740 ignem
2563 1678 2856 1727 aeternum.
2902 1669 3080 1737 Quem
3124 1669 3270 1725 enim
3305 1677 3514 1725 statum

1911 1770 2012 1818 aut
2040 1760 2280 1818 radicem
2307 1761 2550 1829 habebit,
2571 1763 2665 1834 qui
2695 1773 2922 1835 propter
2951 1762 3140 1818 fa‘cem
3167 1762 3513 1833 voluptatum

1917 1852 1987 1908 a’b
2030 1852 2294 1907 omnibus
2339 1851 2638 1921 abjicitur?
2664 1851 2839 1910 Porro
2886 1854 3063 1909 stella:
3101 1853 3354 1909 erratica:
3395 1851 3516 1910 sive

201 1948 275 2002 δι’
309 1947 500 2002 αὐτῶν
535 1946 964 2018 προερχόμενον,
999 1944 1097 1996 καὶ
1126 1943 1226 2006 τὰς
1259 1941 1369 1996 τῶν
1415 1943 1626 2014 ἀρετῶν
1659 1942 1810 2015 ὥρας

1919 1945 2152 2016 planetae
2196 1945 2552 2016 appellantur
2583 1953 2638 2000 et
2674 1945 2826 2016 ipsi:
2857 1960 2966 2001 non
3007 1947 3153 2016 quod
3195 1944 3516 2002 ﬁrmamen-

203 2039 611 2106 ἀποτελοῦντα,
653 2037 750 2091 καὶ
799 2033 1177 2105 ζωογονοῦντα
1225 2035 1352 2099 τοὺς
1403 2035 1550 2090 κατά
1604 2036 1806 2101 ταύτας

1919 2045 2026 2092 tum
2057 2034 2182 2091 ﬁdei
2209 2043 2418 2091 nostra;
2448 2044 2812 2100 exornantes.
2843 2035 3127 2093 Christum
3151 2037 3386 2108 iustitia
3417 2051 3516 2093 so-

202 2133 588 2203 τεταγμένους
611 2131 863 2198 πιστοὺς,
893 2128 1010 2184 ἀλλ’
1029 2129 1112 2209 ὅτι
1152 2126 1437 2191 δοκοῦντες
1467 2129 1547 2192 είς
1574 2127 1806 2197 ἄγγελον

1919 2129 2014 2182 lem
2072 2127 2309 2181 habeant
2361 2141 2460 2198 per
2506 2127 2657 2198 ipsos
2710 2127 3122 2198 procedentem,
3150 2137 3206 2184 et
3240 2128 3508 2186 virtutum

204 2226 394 2295 φωτὸς
421 2220 1124 2297 μετασχηματίζεσθαι,ὼς
1150 2222 1180 2274 ὁ
1203 2220 1604 2293 προκατάρχων
1627 2221 1806 2275 αὐτῶν

204 2319 456 2388 πονηρὸς
483 2317 716 2388 δαίμων,
750 2313 1084 2377 ἀπεναντίας
1117 2314 1282 2385 μόνον
1315 2311 1425 2368 τῶν
1464 2311 1560 2366 τοῦ
1597 2312 1806 2384 Κυρίου

204 2411 478 2480 φέρονται
510 2406 819 2478 δογμάτων,
843 2400 932 2470 οἷς
955 2404 1050 2460 καὶ
1075 2403 1304 2476 ζοφοῦσι
1333 2405 1463 2468 τοὺς
1491 2403 1807 2475 προσπελά-

205 2503 440 2567 ζοντας,
477 2506 574 2553 καὶ
631 2498 796 2569 ζόφον
826 2498 922 2552 τὸν
960 2495 1183 2552 αἰώνιον
1227 2498 1444 2561 ἑαυτοῖς
1486 2493 1809 2567 ἐκπορίζον-

203 2611 327 2648 ται.
375 2593 543 2647 ’Λλλά
594 2593 691 2646 καὶ
739 2591 986 2662 κύμασιν
1039 2590 1255 2663 ἀγρίοις
1295 2589 1805 2663 παρεικασθέντες,

204 2688 314 2757 τὴν
350 2685 494 2757 πρὸς
525 2684 668 2738 αύτά
699 2684 1000 2756 ὁμοιότητα
1027 2684 1132 2737 οὐκ
1170 2683 1505 2738 ἀναίνονται.
1547 2681 1810 2746 Μανικῶς

206 2780 325 2850 γὰρ
363 2779 462 2832 καὶ
488 2777 646 2830 αὐτοὶ
671 2777 767 2830 καὶ
795 2774 1186 2847 ἀκατασχέτως
1219 2777 1340 2840 ταῖς
1375 2773 1522 2830 κατά
1549 2774 1644 2829 τοῦ
1671 2773 1808 2829 Θεοῦ

205 2870 622 2944 βλασφημίαις,
669 2868 1024 2940 ἐλαυνόμενοι
1067 2869 1173 2923 ὑπὸ
1224 2868 1336 2922 τῶν
1383 2868 1484 2939 τῆς
1542 2867 1810 2940 πονηρίας

208 2967 576 3037 πνευμάτων,
606 2966 976 3038 ἐπαφρίξουσι
1028 2966 1129 3029 τὰς
1159 2963 1373 3020 ἑαυτῶν
1410 2963 1698 3035 αἰσχύνας,
1729 2964 1810 3027 είς

211 3058 396 3128 ἀφρὸν
433 3057 908 3120 ἀποτελευτῶντες
959 3057 1099 3126 μετὰ
1133 3055 1225 3109 τὸν
1259 3054 1476 3126 κόμπον
1523 3055 1627 3126 τῆς
1680 3055 1811 3126 βλα-

211 3147 490 3217 σφημίας,
539 3149 604 3201 ὲκ
635 3146 735 3218 τῆς
768 3145 865 3200 τοῦ
916 3144 1037 3218 βίου
1080 3143 1262 3200 αὐτῶν
1297 3145 1677 3200 ἀνυποστάτου
1715 3145 1811 3200 καὶ

208 3239 538 3294 εὐδιαλύτου
602 3241 985 3312 αἰσχρότητος.
1024 3240 1284 3306 Τοιοῦτος
1319 3239 1430 3312 γὰρ
1473 3242 1502 3296 ό
1556 3241 1695 3312 πρὸς
1750 3239 1810 3294 ὃν

212 3331 687 3404 παρεικάσθησαν
713 3333 790 3403 ἀφ
800 3334 890 3404 ρος
919 3332 1031 3386 τῶν
1063 3334 1346 3404 κυμάτων.

286 3597 674 3670 Προεφήτευε
699 3599 770 3654 δὲ
797 3601 896 3654 καί
928 3600 1164 3667 τούτοις
1193 3600 1447 3670 ἕϐδομος
1471 3601 1588 3657 ἀπὸ
1625 3603 1809 3672 Ἀδὰμ

242 3692 661 3762 Ενὼχμιέγων
687 3734 702 3759 ,
749 3693 896 3749 Ἰδοὺ
928 3689 1080 3763 ἦλθε
1112 3695 1330 3763 Κύριος
1363 3695 1435 3749 ἐν
1461 3697 1661 3766 ἁγίαις
1697 3716 1811 3767 μυ-

201 3783 425 3854 ριάσιν
456 3785 669 3852 αὐτοῦ,
691 3783 946 3854 ποιῆσαι
976 3787 1181 3855 κρίσιν
1214 3787 1366 3841 κατὰ
1411 3787 1658 3843 πάντων
1707 3789 1808 3844 καί

213 3877 536 3947 ἐξελέγξαι
565 3877 798 3946 πάντας
828 3878 974 3942 τοὺς
1004 3878 1245 3944 ἀσεϐεῖς
1271 3877 1474 3933 αὐτῶν
1495 3881 1630 3948 περὶ
1660 3881 1812 3936 πάν-

215 3987 340 4023 των
366 3969 492 4023 τῶν
532 3971 724 4041 ἔργων
757 3971 1040 4036 ἀσεϐείας
1081 3970 1302 4036 αὐτῶν,
1340 3965 1430 4025 ὧν
1469 3971 1807 4040 ἠσέϐησαν,

211 4062 319 4116 καί
353 4063 493 4132 περὶ
555 4063 798 4117 πάντων
821 4063 944 4117 τῶν
993 4062 1282 4131 σκληρῶν
1303 4104 1319 4130 ,
1355 4057 1444 4118 ὧν
1490 4064 1812 4132 ἐλάλησαν

217 4156 350 4208 κατ’
390 4152 586 4208 αὑτοῦ
616 4153 952 4223 ἁμαρτωλοὶ
981 4153 1242 4218 ἀσεϐεῖς.
1297 4149 1478 4210 Οὗτοι
1516 4156 1636 4208 εἱσι
1675 4171 1814 4224 γογ-

219 4245 464 4316 ¹ιη-υσταὶ,
489 4248 900 4316 μεμψίμοιροι,
939 4245 1090 4300 κατὰ
1136 4247 1242 4312 τὰς
1269 4247 1586 4315 ἐπιθυμίας
1611 4245 1812 4302 αὐτῶν

217 4341 638 4410 πορευόμενοι.
684 4339 794 4394 Kal
837 4339 904 4394 τὸ
945 4342 1144 4408 στόμα
1190 4338 1391 4394 αὐτῶν
1425 4339 1607 4394 λαλεῖ
1631 4339 1810 4409 ὺπέρ-

217 4448 399 4500 orna,
430 4427 824 4500 θαυμάζοντες
857 4427 1152 4495 πρόσωπα
1182 4427 1474 4496 ὠφελείας
1501 4427 1698 4496 χάριν.

293 4521 485 4576 Ταῦτα
560 4520 766 4584 εἰπὼν,
836 4521 1090 4592 ἐπιφέρει
1139 4521 1234 4575 καὶ
1293 4521 1384 4574 τὸν
1467 4520 1640 4592 Ἑνὼχ
1711 4520 1810 4592 τὴν

1909 2218 2077 2275 horas
2120 2218 2492 2290 perﬁcientes,
2527 2235 2593 2276 ac
2636 2219 2825 2278 ﬁdeles
2853 2221 2950 2293 qui
2977 2222 3138 2292 juxta
3171 2220 3323 2292 ipsas
3351 2221 3513 2278 ordi-

1909 2318 2178 2366 narentur
2219 2310 2614 2374 vivilicantem.
2647 2314 2745 2369 sed
2787 2313 2936 2385 quod
2967 2313 3257 2371 videantur
3293 2314 3354 2370 in
3405 2330 3512 2371 an-

1909 2404 2089 2476 gelum
2119 2404 2260 2460 lucis
2290 2404 2671 2462 transformari
2705 2423 2720 2461 :
2753 2407 3222 2478 quemadmodum
3263 2416 3321 2464 et
3348 2410 3512 2466 mali-

1910 2512 2056 2568 gnus
2108 2497 2324 2552 daemon
2373 2497 2470 2569 qui
2520 2497 2657 2567 ipsis
2711 2498 3145 2570 praedominatur
3186 2520 3202 2556 :
3242 2501 3294 2556 id
3329 2501 3513 2558 solum

1910 2589 2181 2648 habentes
2234 2589 2384 2661 quod
2441 2591 2747 2649 contrariis
2808 2593 3087 2665 dogmatis
3146 2593 3395 2652 ferantur
3439 2596 3513 2652 ad

1914 2681 2132 2736 Domini
2176 2681 2458 2754 degmata,
2509 2699 2606 2756 per
2647 2700 2773 2756 quae
2814 2694 2869 2742 et
2918 2685 3029 2743 illis
3073 2687 3168 2757 qui
3212 2688 3513 2760 appropin-

1912 2787 2087 2846 quant
2135 2777 2394 2832 tenebras
2437 2777 2754 2846 offundunt,
2786 2785 2842 2834 et
2885 2778 2991 2835 sibi
3033 2779 3172 2850 ipsis
3215 2779 3512 2852 caliginem

1911 2876 2172 2920 a:ternam
2217 2867 2542 2922 conciliant.
2595 2866 2704 2924 Sed
2761 2876 2818 2924 et
2867 2869 3030 2926 undi‘s
3101 2868 3287 2927 eﬂ'eris
3355 2885 3512 2926 com-

1910 2959 2090 3029 parati
2124 2998 2139 3023 ,
2195 2959 2617 3016 similitudinem
2685 2976 2810 3016 cum
2875 2960 3012 3032 ipsis
3067 2976 3181 3018 non
3233 2960 3515 3032 reiiciuut.

1911 3051 2076 3123 632
2130 3049 2267 3107 Nam
2316 3052 2678 3124 blasphemiis
2711 3054 2974 3111 adversus
3024 3053 3196 3111 Deum
3233 3055 3428 3113 insane
3455 3067 3513 3112 et

1914 3143 2122 3200 eﬂ‘rene
2155 3145 2417 3200 feruntur
2445 3147 2629 3203 ventis
2671 3146 2918 3213 malitiae,
2949 3146 3348 3218 despumantes
3379 3164 3513 3209 suas

1916 3233 2312 3306 impudentias,
2354 3236 2410 3291 in
2459 3251 2713 3309 spumam
2757 3234 3080 3295 desinentes
3125 3247 3256 3309 post
3305 3240 3514 3297 fastum

1832 3322 1882 3382 Ο
1915 3325 2291 3398 blasphemiae,
2323 3342 2392 3384 ex
2424 3328 2762 3386 intolerabili
2808 3337 2865 3386 et
2911 3329 3119 3387 caduca
3157 3346 3255 3390 sua
3303 3333 3414 3388 vita
3444 3347 3514 3392 ac

1911 3421 2264 3493 turpitudine
2282 3438 2407 3494 qua:
2436 3423 2600 3480 facile
2625 3424 2974 3480 dissolvitur.
3001 3423 3334 3495 Hujusmodi
3354 3442 3515 3484 nam-

1915 3529 2024 3585 que
2050 3524 2132 3569 est
2158 3529 2354 3586 spuma
2383 3517 2682 3582 undarum,
2717 3517 2808 3572 cui
2843 3518 3148 3590 comparati
3181 3530 3332 3576 sunt.

1990 3602 2181 3658 14-19.
2251 3603 2595 3675 Prophetavit
2658 3615 2836 3661 autem
2899 3619 2948 3663 et
3007 3609 3090 3664 Itis
3131 3611 3386 3679 septimus
3443 3611 3512 3667 ab

1917 3693 2090 3748 Adam
2150 3695 2353 3760 Enoch,
2407 3698 2588 3753 dicens
2635 3715 2654 3751 :
2702 3697 2840 3752 Ecce
2893 3702 3030 3754 venit
3077 3699 3342 3756 Dominus
3388 3718 3512 3758 cum

1917 3786 2119 3839 sanctis
2160 3785 2397 3842 millibus
2451 3790 2588 3853 suis,
2631 3797 2696 3842 ut
2752 3789 2921 3856 faciat
2949 3789 3221 3858 judicium
3255 3792 3510 3848 adversus

1917 3893 2098 3931 omnes
2135 3888 2184 3932 et
2219 3879 2510 3948 redarguat
2557 3895 2740 3934 omnes
2768 3881 2860 3950 qui
2905 3881 3046 3934 inter
3075 3882 3217 3950 ipsos
3254 3893 3380 3938 sunt
3409 3885 3513 3939 im-

1908 3969 2019 4035 piis
2051 3973 2116 4022 de
2154 3969 2313 4030 factis
2352 3969 2593 4024 omnibus
2625 3985 2742 4039 qua:
2785 3969 2944 4039 impie
2979 3980 3290 4038 patrarunt,
3345 3973 3511 4043 deque

1917 4059 2159 4114 omnibus
2189 4059 2341 4115 duris
2369 4077 2485 4130 qua:
2517 4061 2684 4116 locuti
2723 4068 2848 4115 sunt
2888 4060 3139 4116 adversus
3164 4079 3282 4117 eum
3311 4079 3510 4132 pecca-

1919 4161 2058 4206 tores
2108 4153 2278 4221 impii.
2336 4150 2412 4206 Hi
2459 4163 2584 4207 sunt
2639 4163 3086 4219 murmuratores,
3135 4156 3509 4222 cavillatores,

1909 4247 2070 4314 juxta
2104 4246 2558 4313 concupiscentias
2599 4263 2728 4302 suas
2778 4246 3115 4302 ambulantes
3146 4263 3167 4302 :
3197 4259 3250 4303 et
3288 4265 3346 4305 os
3386 4250 3514 4305 illo-

1919 4354 2036 4390 rum
2061 4337 2304 4408 loquitur
2339 4339 2570 4405 tumida,
2599 4341 2932 4396 admirantes
2965 4355 3219 4408 personas
3255 4344 3511 4401 utilitatis

1917 4431 2118 4502 gratia.

1991 4523 2087 4580 His
2122 4524 2285 4580 dictis
2322 4527 2616 4598 ‘subjungit
2650 4535 2706 4583 et
2739 4529 2954 4595 Enocn,
2989 4532 3086 4602 qui
3121 4541 3283 4588 antea
3311 4535 3508 4589 vatici-

224 4616 606 4687 ἀποκειμὲνην
671 4617 856 4680 αὐτοῖς
887 4613 1306 4687 προφητεύοντα
1358 4615 1465 4670 ὑπὸ
1519 4615 1614 4668 τοῦ
1671 4613 1809 4669 Θεοῦ

1921 4625 2083 4672 natus
2125 4626 2209 4672 est
2262 4620 2564 4689 repositum
2615 4621 2752 4691 ipsis
2806 4639 2836 4677 a
2877 4623 2992 4679 Deo
3039 4627 3408 4696 supplicium,
3453 4628 3511 4684 in

224 4709 476 4762 κάκωσιν
503 4711 560 4762 ὲν
593 4712 658 4779 τῇ
691 4709 896 4780 ἐσχάτῃ
928 4708 1173 4779 δηλονότι
1211 4708 1308 4761 τοῦ
1339 4708 1477 4762 Θεοῦ
1510 4709 1810 4779 δικαιοκριο

1923 4719 2200 4778 postremo
2247 4712 2503 4768 videlicet
2536 4689 2652 4769 Dei?
2679 4714 2912 4784 judicio.
2959 4737 2978 4770 ι
3026 4689 3318 4784 Qui-inter
3361 4689 3512 4790 ipsos

226 4800 338 4870 σίᾳ.
369 4818 388 4849 ι
418 4800 529 4852 Καὶ
550 4799 827 4868 ἐξελέγξαι
866 4799 1070 4862 πάντας
1091 4801 1218 4863 τοὺς
1247 4801 1489 4864 ἀσεϐεῖς.
1519 4824 1536 4850 ι
1585 4801 1813 4872 ’Λσεϐὴς

223 4890 561 4962 ἁμαρτωλοῦ
585 4891 854 4962 διαφέρει,
879 4891 1018 4946 καθὸ
1057 4893 1087 4944 ὁ
1145 4893 1242 4962 μὲν
1272 4893 1477 4966 ἀσεϐὴς
1509 4896 1640 4966 περὶ
1681 4895 1815 4949 Θεὸν

225 4982 341 5052 ἔχει
369 4983 431 5037 τὸ
456 4983 797 5052 πλημμελὲς,
825 4987 855 5039 ό
880 4985 934 5038 δὲ
951 4985 1279 5056 ἁμαρτωλὸς
1311 4989 1440 5057 περὶ
1472 4989 1538 5041 τὰ
1562 4987 1704 5041 κατὰ
1725 4987 1815 5041 τὸν

229 5072 347 5141 βίον
397 5074 784 5144 πραττόμενα,
831 5075 925 5128 τοῦ
963 5075 1066 5144 τῆς
1099 5075 1454 5148 δικαιοσύνης
1506 5077 1714 5132 σκοποῦ
1757 5079 1819 5131 τδ

226 5165 541 5235 ἀστόχημα.
591 5164 746 5218 Μετά
796 5166 852 5220 δὲ
899 5166 1076 5222 ταῦτα
1131 5168 1407 5240 ἀφᾶμενος
1445 5170 1656 5225 τούτων
1709 5171 1820 5226 τῶν

226 5255 480 5322 ἀσελγῶν
525 5253 872 5326 όμοιιῖιματος
893 5300 910 5327 ,
951 5259 1055 5332 ἥδη
1091 5261 1184 5314 καὶ
1227 5263 1309 5326 είς
1348 5262 1674 5334 αὐτόχρημα
1720 5267 1820 5336 τῆς

231 5345 354 5398 κατ’
381 5343 565 5398 αὐτῶν
603 5343 884 5413 ἐνδείξεως
933 5351 1121 5419 χωρεῖ,
1147 5353 1460 5419 γογγυστὰς
1495 5353 1692 5418 αὐτοὺς
1723 5353 1820 5408 καὶΙ

231 5435 644 5508 μεμψιμοίρους
671 5437 872 5494 καλῶν.
913 5439 1071 5495 Ἔστι
1113 5442 1172 5496 δὲ
1221 5443 1570 5516 τογτυστὴς
1615 5445 1738 5516 μὲν,
1787 5449 1817 5502 ό

231 5527 323 5581 ὑπ’
357 5527 554 5583 ὀδόντα
582 5529 677 5583 καὶ
704 5530 1174 5603 ἀπαρρησιάστως
1200 5535 1279 5606 τῷ
1314 5535 1816 5608 δυσαρεστουμένῳ

229 5619 704 5692 ἐπιμεμφόμενος.
750 5622 1139 5695 Μεμψίμοιρος
1185 5627 1244 5680 δὲ
1289 5630 1318 5681 ό
1347 5628 1546 5684 πάντα
1587 5629 1686 5684 καὶ
1727 5629 1816 5684 ἀεὶ

225 5713 509 5768 σκώπτειν
554 5715 916 5790 ἐπιτηδεύων.
977 5718 1287 5788 Γογγυσταὶ
1331 5723 1392 5778 δὲ
1451 5724 1546 5779 καὶ
1605 5724 1812 5798 μεμψί-

305 5890 586 5951 “lPetr.
631 5911 712 5951 ιιι.
810 5896 830 5951 l
885 5895 1031 5951 Tim.
1089 5912 1167 5954 ιγ.

1924 4811 2055 4854 sunt
2083 4801 2255 4871 impii.
2297 4819 2317 4854 ι
2353 4803 2561 4872 impius
2584 4819 2613 4858 a
2631 4816 2928 4875 peccatore
2956 4806 3162 4873 diﬂert,
3186 4809 3240 4864 in
3265 4824 3336 4866 eo
3364 4811 3513 4882 quod

1925 4893 2125 4963 impius
2155 4901 2442 4964 peccatum
2477 4896 2643 4952 habet
2675 4897 2828 4954 circa
2863 4897 3058 4967 Deum,
3093 4909 3353 4973 peccator
3383 4920 3514 4961 vero

1923 4984 2070 5039 circa
2119 4999 2184 5041 ea
2233 5001 2356 5056 qua:
2393 4996 2636 5060 aguntur
2666 4989 2723 5044 in
2751 4989 2878 5046 vita
2911 4995 3336 5051 conversatione
3362 5011 3396 5051 a
3422 4993 3518 5066 ju-

1924 5078 2090 5133 stitia:
2131 5092 2300 5148 scopo
2350 5079 2592 5137 aberrat.
2639 5080 2775 5139 Post
2816 5083 2934 5141 hac
2980 5093 3163 5142 autem
3213 5087 3286 5142 ab
3315 5087 3510 5144 borum

1923 5168 2221 5240 impiorum
2271 5170 2674 5228 assimilatione
2717 5172 3032 5240 absolutus,
3059 5174 3176 5245 jam
3214 5193 3342 5234 rem
3371 5193 3514 5252 quo-

1921 5277 2030 5332 que
2078 5261 2255 5332 ipsam
2304 5261 2648 5334 aggreditur.
2700 5278 2979 5324 accusans
3036 5269 3283 5340 ipsorum
3336 5272 3508 5332 vitia.

1922 5367 2241 5425 vocansque
2287 5367 2386 5411 eos
2423 5366 2864 5416 murmuratores
2915 5373 2980 5416 ac
3013 5362 3383 5418 cavillatores.
3414 5362 3512 5422 Est

1923 5454 2105 5502 autem
2139 5447 2365 5519 proprie
2389 5449 2724 5522 γογγυστής,
2748 5451 2847 5521 qui
2869 5453 2974 5509 sub
3002 5453 3262 5510 dentibus
3283 5463 3338 5512 et
3361 5458 3509 5526 apud

1923 5554 1986 5596 se
2029 5538 2348 5611 indignatur
2391 5540 2690 5598 ofendentl
2742 5562 2757 5598 :
2806 5544 3180 5618 μεμψίμοιρος
3230 5561 3385 5617 vero,
3413 5553 3508 5622 qui

1917 5647 2145 5704 semper
2194 5633 2378 5690 studet
2425 5649 2620 5693 omnes
2656 5637 2905 5693 cavillari
2939 5647 2994 5692 et
3036 5639 3284 5696 dicteriis
3331 5640 3511 5698 Iaces-

1921 5741 2064 5784 sere.
2111 5727 2286 5786 Porro
2314 5730 2372 5787 Ιιί
2409 5741 2848 5789 murmuratores
2895 5746 2960 5787 ac
3004 5731 3355 5792 cavillatores
3385 5749 3512 5793 sca-
