  <div class='ocr_page' id='page_1' title='image "/cluster/home/n/w/nwhite01/storage/ocr_20150623/119/hvd.32044019208156/370.png"; bbox 0 0 3950 6586; ppageno 0'>
   <div class='ocr_carea' id='block_1_1' title="bbox 285 355 391 419">
    <p class='ocr_par' dir='ltr' id='par_1_1' title="bbox 285 355 391 419">
     <span class='ocr_line' id='line_1_1' title="bbox 285 355 391 419; baseline 0 -1"><span class='ocrx_word' id='word_1_1' title='bbox 285 355 391 419; x_wconf 72' lang='grc'><strong>’125</strong></span> 
     </span>
    </p>
   </div>
   <div class='ocr_carea' id='block_1_2' title="bbox 1201 352 2568 418">
    <p class='ocr_par' dir='ltr' id='par_1_2' title="bbox 1201 352 2568 418">
     <span class='ocr_line' id='line_1_2' title="bbox 1201 352 2568 418; baseline -0.001 -1"><span class='ocrx_word' id='word_1_2' title='bbox 1201 355 1235 417; x_wconf 90' lang='lat' dir='ltr'>J</span> <span class='ocrx_word' id='word_1_3' title='bbox 1242 356 1340 417; x_wconf 86' lang='lat' dir='ltr'><strong>US</strong></span> <span class='ocrx_word' id='word_1_4' title='bbox 1371 353 1820 418; x_wconf 81' lang='lat' dir='ltr'><strong>CANONICUM</strong></span> <span class='ocrx_word' id='word_1_5' title='bbox 1858 352 2568 416; x_wconf 69' lang='lat' dir='ltr'><strong>GRJECO-ROMANUM.</strong></span> 
     </span>
    </p>
   </div>
   <div class='ocr_carea' id='block_1_3' title="bbox 3434 349 3540 416">
    <p class='ocr_par' dir='ltr' id='par_1_3' title="bbox 3434 349 3540 416">
     <span class='ocr_line' id='line_1_3' title="bbox 3434 349 3540 416; baseline 0 -1"><span class='ocrx_word' id='word_1_6' title='bbox 3434 349 3540 416; x_wconf 76' lang='lat'><strong>726</strong></span> 
     </span>
    </p>
   </div>
   <div class='ocr_carea' id='block_1_4' title="bbox 285 460 1859 539">
    <p class='ocr_par' dir='ltr' id='par_1_4' title="bbox 285 463 1859 539">
     <span class='ocr_line' id='line_1_4' title="bbox 285 463 1859 539; baseline -0.003 -12"><span class='ocrx_word' id='word_1_7' title='bbox 285 473 467 527; x_wconf 76' lang='grc' dir='ltr'>πάντα</span> <span class='ocrx_word' id='word_1_8' title='bbox 517 469 584 524; x_wconf 77' lang='grc' dir='ltr'>δι’</span> <span class='ocrx_word' id='word_1_9' title='bbox 607 466 775 524; x_wconf 78' lang='grc' dir='ltr'>αὐτοῦ</span> <span class='ocrx_word' id='word_1_10' title='bbox 804 463 1074 533; x_wconf 71' lang='grc' dir='ltr'>ἔκτισται,</span> <span class='ocrx_word' id='word_1_11' title='bbox 1097 468 1192 522; x_wconf 69' lang='grc' dir='ltr'>καὶ</span> <span class='ocrx_word' id='word_1_12' title='bbox 1219 467 1384 534; x_wconf 84' lang='grc' dir='ltr'>αὑτός</span> <span class='ocrx_word' id='word_1_13' title='bbox 1431 468 1548 522; x_wconf 73' lang='grc' dir='ltr'>ἐστι</span> <span class='ocrx_word' id='word_1_14' title='bbox 1578 466 1686 539; x_wconf 80' lang='grc' dir='ltr'>πρὸ</span> <span class='ocrx_word' id='word_1_15' title='bbox 1719 465 1859 522; x_wconf 80' lang='grc' dir='ltr'><strong>πάν-</strong></span> 
     </span>
    </p>
   </div>
   <div class='ocr_carea' id='block_1_5' title="bbox 1969 460 3547 539">
    <p class='ocr_par' dir='ltr' id='par_1_5' title="bbox 1969 460 3547 536">
     <span class='ocr_line' id='line_1_5' title="bbox 1969 460 3547 536; baseline 0 -14"><span class='ocrx_word' id='word_1_16' title='bbox 1969 480 2188 522; x_wconf 87' lang='lat' dir='ltr'><strong>senses:</strong></span> <span class='ocrx_word' id='word_1_17' title='bbox 2223 485 2242 517; x_wconf 78' lang='grc' dir='ltr'><strong>ι</strong></span> <span class='ocrx_word' id='word_1_18' title='bbox 2280 466 2342 519; x_wconf 86' lang='lat' dir='ltr'><strong>In</strong></span> <span class='ocrx_word' id='word_1_19' title='bbox 2375 464 2493 534; x_wconf 83' lang='lat' dir='ltr'><strong>ipso</strong></span> <span class='ocrx_word' id='word_1_20' title='bbox 2530 460 2621 536; x_wconf 87' lang='lat' dir='ltr'><strong>(de</strong></span> <span class='ocrx_word' id='word_1_21' title='bbox 2644 460 2866 520; x_wconf 85' lang='lat' dir='ltr'><strong>Christo</strong></span> <span class='ocrx_word' id='word_1_22' title='bbox 2891 461 3162 536; x_wconf 78' lang='lat' dir='ltr'><strong>loquitur)</strong></span> <span class='ocrx_word' id='word_1_23' title='bbox 3197 472 3381 522; x_wconf 81' lang='lat' dir='ltr'><strong>creata</strong></span> <span class='ocrx_word' id='word_1_24' title='bbox 3416 475 3547 522; x_wconf 83' lang='lat' dir='ltr'><strong>sunt</strong></span> 
     </span>
    </p>
   </div>
   <div class='ocr_carea' id='block_1_6' title="bbox 283 560 1862 634">
    <p class='ocr_par' dir='ltr' id='par_1_6' title="bbox 283 560 1862 634">
     <span class='ocr_line' id='line_1_6' title="bbox 283 560 1862 634; baseline -0.004 -14"><span class='ocrx_word' id='word_1_25' title='bbox 283 581 416 632; x_wconf 81' lang='grc' dir='ltr'>των,</span> <span class='ocrx_word' id='word_1_26' title='bbox 458 563 555 618; x_wconf 71' lang='grc' dir='ltr'>καὶ</span> <span class='ocrx_word' id='word_1_27' title='bbox 603 563 674 617; x_wconf 82' lang='grc' dir='ltr'><strong>τὰ</strong></span> <span class='ocrx_word' id='word_1_28' title='bbox 703 563 884 618; x_wconf 83' lang='grc' dir='ltr'>πάντα</span> <span class='ocrx_word' id='word_1_29' title='bbox 915 563 975 614; x_wconf 81' lang='grc' dir='ltr'>ἑν</span> <span class='ocrx_word' id='word_1_30' title='bbox 1007 561 1157 634; x_wconf 85' lang='grc' dir='ltr'><strong>αύτῷ</strong></span> <span class='ocrx_word' id='word_1_31' title='bbox 1193 561 1548 632; x_wconf 78' lang='grc' dir='ltr'><strong>συνέστηκεν,</strong></span> <span class='ocrx_word' id='word_1_32' title='bbox 1577 562 1675 616; x_wconf 79' lang='grc' dir='ltr'>καὶ</span> <span class='ocrx_word' id='word_1_33' title='bbox 1700 560 1862 624; x_wconf 73' lang='grc' dir='ltr'>αὐτός</span> 
     </span>
    </p>
   </div>
   <div class='ocr_carea' id='block_1_7' title="bbox 277 654 1863 728">
    <p class='ocr_par' dir='ltr' id='par_1_7' title="bbox 277 654 1863 728">
     <span class='ocr_line' id='line_1_7' title="bbox 277 654 1863 728; baseline -0.003 -18"><span class='ocrx_word' id='word_1_34' title='bbox 277 659 431 712; x_wconf 69' lang='grc' dir='ltr'>ἐστιν</span> <span class='ocrx_word' id='word_1_35' title='bbox 482 657 517 728; x_wconf 79' lang='grc' dir='ltr'>ὴ</span> <span class='ocrx_word' id='word_1_36' title='bbox 574 655 788 728; x_wconf 76' lang='grc' dir='ltr'>κεφαλὴ</span> <span class='ocrx_word' id='word_1_37' title='bbox 825 655 921 709; x_wconf 81' lang='grc' dir='ltr'><strong>τοῦ</strong></span> <span class='ocrx_word' id='word_1_38' title='bbox 958 655 1215 724; x_wconf 83' lang='grc' dir='ltr'>σώματος</span> <span class='ocrx_word' id='word_1_39' title='bbox 1266 655 1366 726; x_wconf 80' lang='grc' dir='ltr'><strong>τῆς</strong></span> <span class='ocrx_word' id='word_1_40' title='bbox 1400 654 1754 726; x_wconf 78' lang='grc' dir='ltr'>Ἐκκλησίας,</span> <span class='ocrx_word' id='word_1_41' title='bbox 1802 654 1863 718; x_wconf 80' lang='grc' dir='ltr'><strong>ὃς</strong></span> 
     </span>
    </p>
   </div>
   <div class='ocr_carea' id='block_1_8' title="bbox 277 746 1862 820">
    <p class='ocr_par' dir='ltr' id='par_1_8' title="bbox 277 746 1862 820">
     <span class='ocr_line' id='line_1_8' title="bbox 277 746 1862 820; baseline -0.002 -19"><span class='ocrx_word' id='word_1_42' title='bbox 277 748 433 802; x_wconf 62' lang='grc' dir='ltr'>ἐστιν</span> <span class='ocrx_word' id='word_1_43' title='bbox 487 747 746 819; x_wconf 79' lang='grc' dir='ltr'><strong>ἀπαρχὴ,</strong></span> <span class='ocrx_word' id='word_1_44' title='bbox 795 747 1138 820; x_wconf 84' lang='grc' dir='ltr'>πρωτότοκος</span> <span class='ocrx_word' id='word_1_45' title='bbox 1197 748 1261 801; x_wconf 78' lang='grc' dir='ltr'>ἐκ</span> <span class='ocrx_word' id='word_1_46' title='bbox 1328 746 1438 801; x_wconf 83' lang='grc' dir='ltr'><strong>τῶν</strong></span> <span class='ocrx_word' id='word_1_47' title='bbox 1480 747 1728 818; x_wconf 86' lang='grc' dir='ltr'>νεκρῶν’</span> <span class='ocrx_word' id='word_1_48' title='bbox 1774 746 1862 800; x_wconf 78' lang='grc' dir='ltr'><strong>ἵνα</strong></span> 
     </span>
    </p>
   </div>
   <div class='ocr_carea' id='block_1_9' title="bbox 274 835 1860 912">
    <p class='ocr_par' dir='ltr' id='par_1_9' title="bbox 274 835 1860 912">
     <span class='ocr_line' id='line_1_9' title="bbox 274 835 1860 912; baseline -0.003 -18"><span class='ocrx_word' id='word_1_49' title='bbox 274 840 506 912; x_wconf 78' lang='grc' dir='ltr'>γένηται</span> <span class='ocrx_word' id='word_1_50' title='bbox 564 841 622 894; x_wconf 82' lang='grc' dir='ltr'>ὲν</span> <span class='ocrx_word' id='word_1_51' title='bbox 667 841 836 894; x_wconf 80' lang='grc' dir='ltr'>πᾶσιν</span> <span class='ocrx_word' id='word_1_52' title='bbox 888 839 1051 904; x_wconf 75' lang='grc' dir='ltr'>αὐτὸς</span> <span class='ocrx_word' id='word_1_53' title='bbox 1105 836 1426 911; x_wconf 84' lang='grc' dir='ltr'><strong>πρωτεύων.</strong></span> <span class='ocrx_word' id='word_1_54' title='bbox 1479 857 1498 890; x_wconf 73' lang='grc' dir='ltr'><strong>ι</strong></span> <span class='ocrx_word' id='word_1_55' title='bbox 1560 835 1626 892; x_wconf 90' lang='grc' dir='ltr'><strong>Ἦ</strong></span> <span class='ocrx_word' id='word_1_56' title='bbox 1688 853 1860 908; x_wconf 80' lang='grc' dir='ltr'>προσ-</span> 
     </span>
    </p>
   </div>
   <div class='ocr_carea' id='block_1_10' title="bbox 275 929 1861 1004">
    <p class='ocr_par' dir='ltr' id='par_1_10' title="bbox 275 929 1861 1004">
     <span class='ocr_line' id='line_1_10' title="bbox 275 929 1861 1004; baseline 0 -20"><span class='ocrx_word' id='word_1_57' title='bbox 275 932 553 1003; x_wconf 78' lang='grc' dir='ltr'><strong>ληφθεῖσα</strong></span> <span class='ocrx_word' id='word_1_58' title='bbox 613 931 724 1004; x_wconf 84' lang='grc' dir='ltr'><strong>γὰρ</strong></span> <span class='ocrx_word' id='word_1_59' title='bbox 779 929 948 987; x_wconf 78' lang='grc' dir='ltr'>αὐτοῦ</span> <span class='ocrx_word' id='word_1_60' title='bbox 1009 930 1146 1003; x_wconf 78' lang='grc' dir='ltr'>σὰρξ</span> <span class='ocrx_word' id='word_1_61' title='bbox 1219 931 1546 1003; x_wconf 74' lang='grc' dir='ltr'>ἐψυχωμὲνη</span> <span class='ocrx_word' id='word_1_62' title='bbox 1616 931 1861 1001; x_wconf 84' lang='grc' dir='ltr'>νοερῶς,</span> 
     </span>
    </p>
   </div>
   <div class='ocr_carea' id='block_1_11' title="bbox 277 1021 1862 1093">
    <p class='ocr_par' dir='ltr' id='par_1_11' title="bbox 277 1021 1862 1093">
     <span class='ocr_line' id='line_1_11' title="bbox 277 1021 1862 1093; baseline -0.001 -18"><span class='ocrx_word' id='word_1_63' title='bbox 277 1022 351 1075; x_wconf 71' lang='grc' dir='ltr'><strong>ἵν’</strong></span> <span class='ocrx_word' id='word_1_64' title='bbox 402 1024 468 1076; x_wconf 80' lang='grc' dir='ltr'>ὲκ</span> <span class='ocrx_word' id='word_1_65' title='bbox 527 1021 622 1076; x_wconf 88' lang='grc' dir='ltr'><strong>δύο</strong></span> <span class='ocrx_word' id='word_1_66' title='bbox 681 1021 899 1092; x_wconf 79' lang='grc' dir='ltr'><strong>φύσεων</strong></span> <span class='ocrx_word' id='word_1_67' title='bbox 952 1021 1275 1093; x_wconf 81' lang='grc' dir='ltr'>ἀσυγχύτως</span> <span class='ocrx_word' id='word_1_68' title='bbox 1325 1025 1500 1077; x_wconf 82' lang='grc' dir='ltr'><strong>νοοῖτο</strong></span> <span class='ocrx_word' id='word_1_69' title='bbox 1559 1023 1586 1075; x_wconf 87' lang='grc' dir='ltr'>ὁ</span> <span class='ocrx_word' id='word_1_70' title='bbox 1650 1022 1862 1091; x_wconf 81' lang='grc' dir='ltr'>Ἐμμα-</span> 
     </span>
    </p>
   </div>
   <div class='ocr_carea' id='block_1_12' title="bbox 272 1112 1864 1187">
    <p class='ocr_par' dir='ltr' id='par_1_12' title="bbox 272 1112 1864 1187">
     <span class='ocr_line' id='line_1_12' title="bbox 272 1112 1864 1187; baseline -0.003 -18"><span class='ocrx_word' id='word_1_71' title='bbox 272 1115 448 1187; x_wconf 81' lang='grc' dir='ltr'>νουὴλ</span> <span class='ocrx_word' id='word_1_72' title='bbox 466 1116 830 1186; x_wconf 80' lang='grc' dir='ltr'>συνημμένων</span> <span class='ocrx_word' id='word_1_73' title='bbox 851 1113 1069 1186; x_wconf 78' lang='grc' dir='ltr'>θεότητι</span> <span class='ocrx_word' id='word_1_74' title='bbox 1098 1116 1195 1169; x_wconf 71' lang='grc' dir='ltr'><strong>καὶ</strong></span> <span class='ocrx_word' id='word_1_75' title='bbox 1216 1114 1619 1187; x_wconf 67' lang='grc' dir='ltr'>ἀιίθρωπότητι,</span> <span class='ocrx_word' id='word_1_76' title='bbox 1646 1112 1864 1177; x_wconf 84' lang='grc' dir='ltr'><strong>τελείως</strong></span> 
     </span>
    </p>
   </div>
   <div class='ocr_carea' id='block_1_13' title="bbox 271 1204 1864 1276">
    <p class='ocr_par' dir='ltr' id='par_1_13' title="bbox 271 1204 1864 1276">
     <span class='ocr_line' id='line_1_13' title="bbox 271 1204 1864 1276; baseline -0.001 -19"><span class='ocrx_word' id='word_1_77' title='bbox 271 1204 518 1276; x_wconf 78' lang='grc' dir='ltr'>ἐχούσης</span> <span class='ocrx_word' id='word_1_78' title='bbox 556 1204 826 1275; x_wconf 76' lang='grc' dir='ltr'>ἑκατέρας</span> <span class='ocrx_word' id='word_1_79' title='bbox 883 1206 1028 1260; x_wconf 81' lang='grc' dir='ltr'>κατὰ</span> <span class='ocrx_word' id='word_1_80' title='bbox 1057 1205 1149 1259; x_wconf 80' lang='grc' dir='ltr'>τὸν</span> <span class='ocrx_word' id='word_1_81' title='bbox 1178 1206 1378 1260; x_wconf 88' lang='grc' dir='ltr'>οἰκεῖον</span> <span class='ocrx_word' id='word_1_82' title='bbox 1421 1205 1579 1274; x_wconf 85' lang='grc' dir='ltr'>λόγον</span> <span class='ocrx_word' id='word_1_83' title='bbox 1633 1205 1730 1259; x_wconf 71' lang='grc' dir='ltr'>καὶ</span> <span class='ocrx_word' id='word_1_84' title='bbox 1764 1205 1864 1273; x_wconf 84' lang='grc' dir='ltr'>τὴν</span> 
     </span>
    </p>
   </div>
   <div class='ocr_carea' id='block_1_14' title="bbox 270 1296 1862 1370">
    <p class='ocr_par' dir='ltr' id='par_1_14' title="bbox 270 1296 1862 1370">
     <span class='ocr_line' id='line_1_14' title="bbox 270 1296 1862 1370; baseline -0.001 -20"><span class='ocrx_word' id='word_1_85' title='bbox 270 1297 427 1351; x_wconf 79' lang='grc' dir='ltr'>κατὰ</span> <span class='ocrx_word' id='word_1_86' title='bbox 455 1298 717 1369; x_wconf 79' lang='grc' dir='ltr'>ποιότητα</span> <span class='ocrx_word' id='word_1_87' title='bbox 773 1299 1016 1370; x_wconf 83' lang='grc' dir='ltr'>φυσικὴν</span> <span class='ocrx_word' id='word_1_88' title='bbox 1063 1298 1304 1370; x_wconf 78' lang='grc' dir='ltr'>ἰδιότητα</span> <span class='ocrx_word' id='word_1_89' title='bbox 1341 1300 1434 1352; x_wconf 83' lang='grc' dir='ltr'>καὶ</span> <span class='ocrx_word' id='word_1_90' title='bbox 1469 1297 1768 1368; x_wconf 60' lang='grc' dir='ltr'>διαφορὰν,</span> <span class='ocrx_word' id='word_1_91' title='bbox 1801 1296 1862 1350; x_wconf 81' lang='grc' dir='ltr'>οὐ</span> 
     </span>
    </p>
   </div>
   <div class='ocr_carea' id='block_1_15' title="bbox 272 1386 1866 1460">
    <p class='ocr_par' dir='ltr' id='par_1_15' title="bbox 272 1386 1866 1460">
     <span class='ocr_line' id='line_1_15' title="bbox 272 1386 1866 1460; baseline 0.001 -18"><span class='ocrx_word' id='word_1_92' title='bbox 272 1389 687 1459; x_wconf 80' lang='grc' dir='ltr'><strong>συγχυθέντων,</strong></span> <span class='ocrx_word' id='word_1_93' title='bbox 725 1389 826 1444; x_wconf 83' lang='grc' dir='ltr'>οὐκ</span> <span class='ocrx_word' id='word_1_94' title='bbox 855 1390 1262 1445; x_wconf 78' lang='grc' dir='ltr'>ἀλλοιωθέντων</span> <span class='ocrx_word' id='word_1_95' title='bbox 1292 1390 1400 1444; x_wconf 81' lang='grc' dir='ltr'><strong>τῶν</strong></span> <span class='ocrx_word' id='word_1_96' title='bbox 1431 1386 1866 1460; x_wconf 77' lang='grc' dir='ltr'>συνδεδραμηκὰ</span> 
     </span>
    </p>
   </div>
   <div class='ocr_carea' id='block_1_16' title="bbox 269 1481 1863 1556">
    <p class='ocr_par' dir='ltr' id='par_1_16' title="bbox 269 1481 1863 1556">
     <span class='ocr_line' id='line_1_16' title="bbox 269 1481 1863 1556; baseline -0.001 -20"><span class='ocrx_word' id='word_1_97' title='bbox 269 1499 413 1546; x_wconf 77' lang='grc' dir='ltr'>των,</span> <span class='ocrx_word' id='word_1_98' title='bbox 446 1482 555 1537; x_wconf 79' lang='grc' dir='ltr'><strong>οὐδ’</strong></span> <span class='ocrx_word' id='word_1_99' title='bbox 582 1482 648 1538; x_wconf 73' lang='grc' dir='ltr'>αὖ</span> <span class='ocrx_word' id='word_1_100' title='bbox 678 1484 1076 1556; x_wconf 78' lang='grc' dir='ltr'>διαιρουμένων</span> <span class='ocrx_word' id='word_1_101' title='bbox 1111 1487 1174 1556; x_wconf 79' lang='grc' dir='ltr'>τῇ</span> <span class='ocrx_word' id='word_1_102' title='bbox 1205 1481 1497 1554; x_wconf 76' lang='grc' dir='ltr'>ὁλοκληρίᾳ</span> <span class='ocrx_word' id='word_1_103' title='bbox 1516 1481 1623 1536; x_wconf 86' lang='grc' dir='ltr'><strong>τῶν</strong></span> <span class='ocrx_word' id='word_1_104' title='bbox 1647 1481 1863 1550; x_wconf 83' lang='grc' dir='ltr'>φύσεων</span> 
     </span>
    </p>
   </div>
   <div class='ocr_carea' id='block_1_17' title="bbox 272 1573 1863 1647">
    <p class='ocr_par' dir='ltr' id='par_1_17' title="bbox 272 1573 1863 1647">
     <span class='ocr_line' id='line_1_17' title="bbox 272 1573 1863 1647; baseline -0.001 -19"><span class='ocrx_word' id='word_1_105' title='bbox 272 1574 425 1645; x_wconf 76' lang='grc' dir='ltr'>μετὰ</span> <span class='ocrx_word' id='word_1_106' title='bbox 456 1576 557 1646; x_wconf 83' lang='grc' dir='ltr'>τὴν</span> <span class='ocrx_word' id='word_1_107' title='bbox 587 1576 864 1647; x_wconf 72' lang='grc' dir='ltr'>ἄφραστον</span> <span class='ocrx_word' id='word_1_108' title='bbox 892 1577 1117 1631; x_wconf 75' lang='grc' dir='ltr'>ἕνωσιν·</span> <span class='ocrx_word' id='word_1_109' title='bbox 1156 1576 1244 1629; x_wconf 80' lang='grc' dir='ltr'>ἵνα</span> <span class='ocrx_word' id='word_1_110' title='bbox 1285 1575 1380 1629; x_wconf 74' lang='grc' dir='ltr'>καὶ</span> <span class='ocrx_word' id='word_1_111' title='bbox 1404 1573 1698 1645; x_wconf 85' lang='grc' dir='ltr'>Νεστόριος</span> <span class='ocrx_word' id='word_1_112' title='bbox 1727 1589 1863 1627; x_wconf 84' lang='grc' dir='ltr'>κατ-</span> 
     </span>
    </p>
   </div>
   <div class='ocr_carea' id='block_1_18' title="bbox 267 1665 1864 1740">
    <p class='ocr_par' dir='ltr' id='par_1_18' title="bbox 267 1665 1864 1740">
     <span class='ocr_line' id='line_1_18' title="bbox 267 1665 1864 1740; baseline -0.001 -20"><span class='ocrx_word' id='word_1_113' title='bbox 267 1665 614 1738; x_wconf 84' lang='grc' dir='ltr'>αισχύνοιτο,</span> <span class='ocrx_word' id='word_1_114' title='bbox 680 1671 775 1724; x_wconf 64' lang='grc' dir='ltr'><strong>κα)⁸</strong></span> <span class='ocrx_word' id='word_1_115' title='bbox 814 1669 1060 1740; x_wconf 84' lang='grc' dir='ltr'>Εύτυχὴς</span> <span class='ocrx_word' id='word_1_116' title='bbox 1093 1669 1501 1724; x_wconf 84' lang='grc' dir='ltr'>συναπόλλοιτο.</span> <span class='ocrx_word' id='word_1_117' title='bbox 1540 1665 1683 1720; x_wconf 82' lang='grc' dir='ltr'><strong>Ἀλλ’</strong></span> <span class='ocrx_word' id='word_1_118' title='bbox 1700 1668 1864 1732; x_wconf 82' lang='grc' dir='ltr'>’ὅπως</span> 
     </span>
    </p>
   </div>
   <div class='ocr_carea' id='block_1_19' title="bbox 272 1755 1863 1834">
    <p class='ocr_par' dir='ltr' id='par_1_19' title="bbox 272 1755 1863 1834">
     <span class='ocr_line' id='line_1_19' title="bbox 272 1755 1863 1834; baseline -0.001 -21"><span class='ocrx_word' id='word_1_119' title='bbox 272 1755 449 1833; x_wconf 76' lang='grc' dir='ltr'><strong>μὲνῇ</strong></span> <span class='ocrx_word' id='word_1_120' title='bbox 485 1759 545 1813; x_wconf 82' lang='grc' dir='ltr'>τδ</span> <span class='ocrx_word' id='word_1_121' title='bbox 580 1761 708 1832; x_wconf 79' lang='grc' dir='ltr'>περὶ</span> <span class='ocrx_word' id='word_1_122' title='bbox 737 1761 832 1815; x_wconf 82' lang='grc' dir='ltr'>τοῦ</span> <span class='ocrx_word' id='word_1_123' title='bbox 867 1763 1128 1834; x_wconf 82' lang='grc' dir='ltr'>Σωτῆρος</span> <span class='ocrx_word' id='word_1_124' title='bbox 1176 1764 1234 1816; x_wconf 82' lang='grc' dir='ltr'>ὲν</span> <span class='ocrx_word' id='word_1_125' title='bbox 1288 1763 1404 1825; x_wconf 83' lang='grc' dir='ltr'>τοῖς</span> <span class='ocrx_word' id='word_1_126' title='bbox 1462 1759 1644 1822; x_wconf 77' lang='grc' dir='ltr'>ἄλλοις</span> <span class='ocrx_word' id='word_1_127' title='bbox 1695 1758 1863 1822; x_wconf 74' lang='grc' dir='ltr'>θείοις</span> 
     </span>
    </p>
   </div>
   <div class='ocr_carea' id='block_1_20' title="bbox 1966 555 3546 629">
    <p class='ocr_par' dir='ltr' id='par_1_20' title="bbox 1966 555 3546 629">
     <span class='ocr_line' id='line_1_20' title="bbox 1966 555 3546 629; baseline 0 -16"><span class='ocrx_word' id='word_1_128' title='bbox 1966 559 2149 613; x_wconf 80' lang='lat' dir='ltr'><strong>omnia</strong></span> <span class='ocrx_word' id='word_1_129' title='bbox 2176 571 2298 626; x_wconf 62' lang='lat' dir='ltr'><strong>quas</strong></span> <span class='ocrx_word' id='word_1_130' title='bbox 2324 558 2378 611; x_wconf 89' lang='lat' dir='ltr'><strong>in</strong></span> <span class='ocrx_word' id='word_1_131' title='bbox 2403 556 2548 612; x_wconf 66' lang='lat' dir='ltr'><strong>caelo</strong></span> <span class='ocrx_word' id='word_1_132' title='bbox 2593 561 2799 627; x_wconf 74' lang='lat' dir='ltr'><strong>etquae</strong></span> <span class='ocrx_word' id='word_1_133' title='bbox 2848 555 2905 611; x_wconf 89' lang='lat' dir='ltr'><strong>in</strong></span> <span class='ocrx_word' id='word_1_134' title='bbox 2967 563 3134 612; x_wconf 86' lang='lat' dir='ltr'><strong>terra.</strong></span> <span class='ocrx_word' id='word_1_135' title='bbox 3200 555 3394 614; x_wconf 80' lang='lat' dir='ltr'><strong>Omnia</strong></span> <span class='ocrx_word' id='word_1_136' title='bbox 3447 573 3546 629; x_wconf 89' lang='lat' dir='ltr'><strong>per</strong></span> 
     </span>
    </p>
   </div>
   <div class='ocr_carea' id='block_1_21' title="bbox 1967 649 3545 721">
    <p class='ocr_par' dir='ltr' id='par_1_21' title="bbox 1967 649 3545 721">
     <span class='ocr_line' id='line_1_21' title="bbox 1967 649 3545 721; baseline 0.001 -17"><span class='ocrx_word' id='word_1_137' title='bbox 1967 650 2146 720; x_wconf 90' lang='lat' dir='ltr'><strong>ipsum</strong></span> <span class='ocrx_word' id='word_1_138' title='bbox 2177 659 2359 705; x_wconf 85' lang='lat' dir='ltr'><strong>creata</strong></span> <span class='ocrx_word' id='word_1_139' title='bbox 2393 657 2543 715; x_wconf 89' lang='lat' dir='ltr'><strong>sunt,</strong></span> <span class='ocrx_word' id='word_1_140' title='bbox 2571 657 2630 706; x_wconf 88' lang='lat' dir='ltr'><strong>et</strong></span> <span class='ocrx_word' id='word_1_141' title='bbox 2654 649 2774 721; x_wconf 82' lang='lat' dir='ltr'><strong>ipse</strong></span> <span class='ocrx_word' id='word_1_142' title='bbox 2793 656 2881 708; x_wconf 86' lang='lat' dir='ltr'><strong>est</strong></span> <span class='ocrx_word' id='word_1_143' title='bbox 2901 658 3030 706; x_wconf 86' lang='lat' dir='ltr'><strong>ante</strong></span> <span class='ocrx_word' id='word_1_144' title='bbox 3045 651 3252 715; x_wconf 80' lang='lat' dir='ltr'><strong>omnia,</strong></span> <span class='ocrx_word' id='word_1_145' title='bbox 3282 660 3338 707; x_wconf 88' lang='lat' dir='ltr'><strong>et</strong></span> <span class='ocrx_word' id='word_1_146' title='bbox 3362 651 3545 706; x_wconf 83' lang='lat' dir='ltr'><strong>omnia</strong></span> 
     </span>
    </p>
   </div>
   <div class='ocr_carea' id='block_1_22' title="bbox 1966 742 3544 816">
    <p class='ocr_par' dir='ltr' id='par_1_22' title="bbox 1966 742 3544 816">
     <span class='ocr_line' id='line_1_22' title="bbox 1966 742 3544 816; baseline 0 -18"><span class='ocrx_word' id='word_1_147' title='bbox 1966 742 2022 798; x_wconf 90' lang='lat' dir='ltr'><strong>in</strong></span> <span class='ocrx_word' id='word_1_148' title='bbox 2062 743 2182 814; x_wconf 88' lang='lat' dir='ltr'><strong>ipso</strong></span> <span class='ocrx_word' id='word_1_149' title='bbox 2219 749 2499 800; x_wconf 89' lang='lat' dir='ltr'><strong>constant.</strong></span> <span class='ocrx_word' id='word_1_150' title='bbox 2535 743 2602 798; x_wconf 81' lang='lat' dir='ltr'><strong>Et</strong></span> <span class='ocrx_word' id='word_1_151' title='bbox 2631 743 2747 815; x_wconf 86' lang='lat' dir='ltr'><strong>ipse</strong></span> <span class='ocrx_word' id='word_1_152' title='bbox 2773 751 2860 801; x_wconf 91' lang='lat' dir='ltr'><strong>est</strong></span> <span class='ocrx_word' id='word_1_153' title='bbox 2880 749 3048 816; x_wconf 84' lang='lat' dir='ltr'><strong>caput</strong></span> <span class='ocrx_word' id='word_1_154' title='bbox 3072 743 3326 816; x_wconf 81' lang='lat' dir='ltr'><strong>corporis</strong></span> <span class='ocrx_word' id='word_1_155' title='bbox 3353 743 3544 799; x_wconf 84' lang='lat' dir='ltr'><strong>Eccle-</strong></span> 
     </span>
    </p>
   </div>
   <div class='ocr_carea' id='block_1_23' title="bbox 1966 836 3542 910">
    <p class='ocr_par' dir='ltr' id='par_1_23' title="bbox 1966 836 3542 910">
     <span class='ocr_line' id='line_1_23' title="bbox 1966 836 3542 910; baseline 0 -19"><span class='ocrx_word' id='word_1_156' title='bbox 1966 837 2080 900; x_wconf 67' lang='lat' dir='ltr'><strong>siae,</strong></span> <span class='ocrx_word' id='word_1_157' title='bbox 2107 836 2202 906; x_wconf 88' lang='lat' dir='ltr'><strong>qui</strong></span> <span class='ocrx_word' id='word_1_158' title='bbox 2229 845 2314 892; x_wconf 89' lang='lat' dir='ltr'><strong>est</strong></span> <span class='ocrx_word' id='word_1_159' title='bbox 2377 837 2736 909; x_wconf 81' lang='lat' dir='ltr'><strong>principium,</strong></span> <span class='ocrx_word' id='word_1_160' title='bbox 2770 837 3170 910; x_wconf 86' lang='lat' dir='ltr'><strong>primogenitus</strong></span> <span class='ocrx_word' id='word_1_161' title='bbox 3194 853 3262 894; x_wconf 83' lang='lat' dir='ltr'><strong>ex</strong></span> <span class='ocrx_word' id='word_1_162' title='bbox 3288 838 3542 905; x_wconf 88' lang='lat' dir='ltr'><strong>mortuis;</strong></span> 
     </span>
    </p>
   </div>
   <div class='ocr_carea' id='block_1_24' title="bbox 1969 928 3546 1001">
    <p class='ocr_par' dir='ltr' id='par_1_24' title="bbox 1969 928 3546 1001">
     <span class='ocr_line' id='line_1_24' title="bbox 1969 928 3546 1001; baseline 0.001 -18"><span class='ocrx_word' id='word_1_163' title='bbox 1969 939 2027 984; x_wconf 91' lang='lat' dir='ltr'><strong>nt</strong></span> <span class='ocrx_word' id='word_1_164' title='bbox 2053 928 2128 985; x_wconf 90' lang='lat' dir='ltr'><strong>sit</strong></span> <span class='ocrx_word' id='word_1_165' title='bbox 2154 929 2210 984; x_wconf 92' lang='lat' dir='ltr'><strong>in</strong></span> <span class='ocrx_word' id='word_1_166' title='bbox 2263 930 2520 988; x_wconf 85' lang='lat' dir='ltr'><strong>omnibus</strong></span> <span class='ocrx_word' id='word_1_167' title='bbox 2577 931 2874 1001; x_wconf 87' lang='lat' dir='ltr'><strong>primatum</strong></span> <span class='ocrx_word' id='word_1_168' title='bbox 2902 940 3118 989; x_wconf 85' lang='lat' dir='ltr'><strong>tenens.</strong></span> <span class='ocrx_word' id='word_1_169' title='bbox 3165 949 3184 985; x_wconf 71' lang='grc' dir='ltr'><strong>ι</strong></span> <span class='ocrx_word' id='word_1_170' title='bbox 3218 930 3354 986; x_wconf 89' lang='lat' dir='ltr'><strong>Nam</strong></span> <span class='ocrx_word' id='word_1_171' title='bbox 3415 944 3546 985; x_wconf 88' lang='lat' dir='ltr'><strong>caro</strong></span> 
     </span>
    </p>
   </div>
   <div class='ocr_carea' id='block_1_25' title="bbox 1967 1018 3546 1094">
    <p class='ocr_par' dir='ltr' id='par_1_25' title="bbox 1967 1018 3546 1094">
     <span class='ocr_line' id='line_1_25' title="bbox 1967 1018 3546 1094; baseline 0.002 -22"><span class='ocrx_word' id='word_1_172' title='bbox 1967 1018 2036 1074; x_wconf 88' lang='lat' dir='ltr'><strong>ah</strong></span> <span class='ocrx_word' id='word_1_173' title='bbox 2059 1018 2180 1089; x_wconf 90' lang='lat' dir='ltr'><strong>ipso</strong></span> <span class='ocrx_word' id='word_1_174' title='bbox 2197 1030 2480 1092; x_wconf 80' lang='lat' dir='ltr'><strong>assumpta</strong></span> <span class='ocrx_word' id='word_1_175' title='bbox 2503 1023 2743 1078; x_wconf 87' lang='lat' dir='ltr'><strong>animata</strong></span> <span class='ocrx_word' id='word_1_176' title='bbox 2760 1022 3199 1094; x_wconf 87' lang='lat' dir='ltr'><strong>intelligibiliter,</strong></span> <span class='ocrx_word' id='word_1_177' title='bbox 3221 1030 3284 1078; x_wconf 88' lang='lat' dir='ltr'><strong>ut</strong></span> <span class='ocrx_word' id='word_1_178' title='bbox 3309 1037 3378 1079; x_wconf 74' lang='lat' dir='ltr'><strong>ex</strong></span> <span class='ocrx_word' id='word_1_179' title='bbox 3401 1020 3546 1076; x_wconf 88' lang='lat' dir='ltr'><strong>dua-</strong></span> 
     </span>
    </p>
   </div>
   <div class='ocr_carea' id='block_1_26' title="bbox 1967 1111 3543 1188">
    <p class='ocr_par' dir='ltr' id='par_1_26' title="bbox 1967 1111 3543 1188">
     <span class='ocr_line' id='line_1_26' title="bbox 1967 1111 3543 1188; baseline 0.001 -21"><span class='ocrx_word' id='word_1_180' title='bbox 1967 1111 2070 1168; x_wconf 85' lang='lat' dir='ltr'><strong>bus</strong></span> <span class='ocrx_word' id='word_1_181' title='bbox 2145 1113 2358 1169; x_wconf 90' lang='lat' dir='ltr'><strong>naturis</strong></span> <span class='ocrx_word' id='word_1_182' title='bbox 2415 1114 2705 1171; x_wconf 77' lang='lat' dir='ltr'><strong>inconfuse</strong></span> <span class='ocrx_word' id='word_1_183' title='bbox 2773 1115 3118 1188; x_wconf 77' lang='lat' dir='ltr'><strong>intelligatur</strong></span> <span class='ocrx_word' id='word_1_184' title='bbox 3200 1113 3543 1181; x_wconf 77' lang='lat' dir='ltr'><strong>Emmanuel,</strong></span> 
     </span>
    </p>
   </div>
   <div class='ocr_carea' id='block_1_27' title="bbox 1966 1204 3546 1279">
    <p class='ocr_par' dir='ltr' id='par_1_27' title="bbox 1966 1204 3546 1279">
     <span class='ocr_line' id='line_1_27' title="bbox 1966 1204 3546 1279; baseline 0.003 -20"><span class='ocrx_word' id='word_1_185' title='bbox 1966 1204 2280 1274; x_wconf 89' lang='lat' dir='ltr'><strong>conjunctis</strong></span> <span class='ocrx_word' id='word_1_186' title='bbox 2302 1206 2514 1263; x_wconf 84' lang='lat' dir='ltr'><strong>scilicet</strong></span> <span class='ocrx_word' id='word_1_187' title='bbox 2537 1206 2738 1265; x_wconf 89' lang='lat' dir='ltr'><strong>deitate</strong></span> <span class='ocrx_word' id='word_1_188' title='bbox 2759 1214 2814 1264; x_wconf 92' lang='lat' dir='ltr'><strong>et</strong></span> <span class='ocrx_word' id='word_1_189' title='bbox 2837 1209 3204 1276; x_wconf 81' lang='lat' dir='ltr'><strong>humanitate,</strong></span> <span class='ocrx_word' id='word_1_190' title='bbox 3250 1217 3546 1279; x_wconf 81' lang='lat' dir='ltr'><strong>utramque</strong></span> 
     </span>
    </p>
   </div>
   <div class='ocr_carea' id='block_1_28' title="bbox 1968 1296 3547 1372">
    <p class='ocr_par' dir='ltr' id='par_1_28' title="bbox 1968 1296 3547 1372">
     <span class='ocr_line' id='line_1_28' title="bbox 1968 1296 3547 1372; baseline 0.001 -19"><span class='ocrx_word' id='word_1_191' title='bbox 1968 1296 2272 1353; x_wconf 88' lang='lat' dir='ltr'><strong>secundum</strong></span> <span class='ocrx_word' id='word_1_192' title='bbox 2333 1299 2601 1356; x_wconf 89' lang='lat' dir='ltr'><strong>rationem</strong></span> <span class='ocrx_word' id='word_1_193' title='bbox 2665 1315 2820 1356; x_wconf 87' lang='lat' dir='ltr'><strong>suam</strong></span> <span class='ocrx_word' id='word_1_194' title='bbox 2875 1301 3114 1372; x_wconf 77' lang='lat' dir='ltr'><strong>perfecte</strong></span> <span class='ocrx_word' id='word_1_195' title='bbox 3172 1300 3442 1368; x_wconf 81' lang='lat' dir='ltr'><strong>habente,</strong></span> <span class='ocrx_word' id='word_1_196' title='bbox 3489 1307 3547 1357; x_wconf 89' lang='lat' dir='ltr'><strong>et</strong></span> 
     </span>
    </p>
   </div>
   <div class='ocr_carea' id='block_1_29' title="bbox 1967 1390 3546 1464">
    <p class='ocr_par' dir='ltr' id='par_1_29' title="bbox 1967 1390 3546 1464">
     <span class='ocr_line' id='line_1_29' title="bbox 1967 1390 3546 1464; baseline 0.002 -20"><span class='ocrx_word' id='word_1_197' title='bbox 1967 1390 2270 1446; x_wconf 89' lang='lat' dir='ltr'><strong>secundum</strong></span> <span class='ocrx_word' id='word_1_198' title='bbox 2295 1391 2612 1462; x_wconf 80' lang='lat' dir='ltr'><strong>qualitatem</strong></span> <span class='ocrx_word' id='word_1_199' title='bbox 2663 1393 2970 1464; x_wconf 79' lang='lat' dir='ltr'><strong>physicam,</strong></span> <span class='ocrx_word' id='word_1_200' title='bbox 3022 1395 3435 1464; x_wconf 85' lang='lat' dir='ltr'><strong>proprietatem,</strong></span> <span class='ocrx_word' id='word_1_201' title='bbox 3486 1400 3546 1448; x_wconf 87' lang='lat' dir='ltr'><strong>et</strong></span> 
     </span>
    </p>
   </div>
   <div class='ocr_carea' id='block_1_30' title="bbox 1968 1478 3546 1546">
    <p class='ocr_par' dir='ltr' id='par_1_30' title="bbox 1968 1478 3546 1546">
     <span class='ocr_line' id='line_1_30' title="bbox 1968 1478 3546 1546; baseline 0.001 -12"><span class='ocrx_word' id='word_1_202' title='bbox 1968 1478 2363 1546; x_wconf 78' lang='lat' dir='ltr'><strong>din‘erentiam;</strong></span> <span class='ocrx_word' id='word_1_203' title='bbox 2417 1495 2527 1537; x_wconf 90' lang='lat' dir='ltr'><strong>non</strong></span> <span class='ocrx_word' id='word_1_204' title='bbox 2581 1482 2828 1538; x_wconf 85' lang='lat' dir='ltr'><strong>confusis</strong></span> <span class='ocrx_word' id='word_1_205' title='bbox 2887 1496 2990 1538; x_wconf 89' lang='lat' dir='ltr'><strong>nec</strong></span> <span class='ocrx_word' id='word_1_206' title='bbox 3050 1483 3280 1538; x_wconf 81' lang='lat' dir='ltr'><strong>mutatis</strong></span> <span class='ocrx_word' id='word_1_207' title='bbox 3331 1481 3546 1536; x_wconf 82' lang='lat' dir='ltr'><strong>naturis</strong></span> 
     </span>
    </p>
   </div>
   <div class='ocr_carea' id='block_1_31' title="bbox 1969 1573 3549 1646">
    <p class='ocr_par' dir='ltr' id='par_1_31' title="bbox 1969 1573 3549 1646">
     <span class='ocr_line' id='line_1_31' title="bbox 1969 1573 3549 1646; baseline 0.001 -20"><span class='ocrx_word' id='word_1_208' title='bbox 1969 1573 2452 1638; x_wconf 86' lang='lat' dir='ltr'><strong>concurrentibus,</strong></span> <span class='ocrx_word' id='word_1_209' title='bbox 2492 1589 2670 1642; x_wconf 89' lang='lat' dir='ltr'><strong>neque</strong></span> <span class='ocrx_word' id='word_1_210' title='bbox 2696 1573 2889 1630; x_wconf 84' lang='lat' dir='ltr'><strong>divisis</strong></span> <span class='ocrx_word' id='word_1_211' title='bbox 2915 1574 3142 1629; x_wconf 86' lang='lat' dir='ltr'><strong>omnino</strong></span> <span class='ocrx_word' id='word_1_212' title='bbox 3177 1573 3401 1630; x_wconf 82' lang='lat' dir='ltr'><strong>naturis</strong></span> <span class='ocrx_word' id='word_1_213' title='bbox 3423 1579 3549 1646; x_wconf 86' lang='lat' dir='ltr'><strong>post</strong></span> 
     </span>
    </p>
   </div>
   <div class='ocr_carea' id='block_1_32' title="bbox 1969 1659 3550 1726">
    <p class='ocr_par' dir='ltr' id='par_1_32' title="bbox 1969 1659 3550 1726">
     <span class='ocr_line' id='line_1_32' title="bbox 1969 1659 3550 1726; baseline -0.001 -10"><span class='ocrx_word' id='word_1_214' title='bbox 1969 1662 2391 1718; x_wconf 86' lang='lat' dir='ltr'><strong>inenarrabilem</strong></span> <span class='ocrx_word' id='word_1_215' title='bbox 2419 1662 2700 1726; x_wconf 88' lang='lat' dir='ltr'><strong>unionem,</strong></span> <span class='ocrx_word' id='word_1_216' title='bbox 2735 1671 2796 1718; x_wconf 89' lang='lat' dir='ltr'><strong>ut</strong></span> <span class='ocrx_word' id='word_1_217' title='bbox 2823 1670 2876 1718; x_wconf 85' lang='lat' dir='ltr'><strong>et</strong></span> <span class='ocrx_word' id='word_1_218' title='bbox 2906 1660 3194 1719; x_wconf 85' lang='lat' dir='ltr'><strong>Nestorius</strong></span> <span class='ocrx_word' id='word_1_219' title='bbox 3241 1659 3550 1718; x_wconf 77' lang='lat' dir='ltr'><strong>confunda-</strong></span> 
     </span>
    </p>
   </div>
   <div class='ocr_carea' id='block_1_33' title="bbox 1970 1751 3549 1826">
    <p class='ocr_par' dir='ltr' id='par_1_33' title="bbox 1970 1751 3549 1826">
     <span class='ocr_line' id='line_1_33' title="bbox 1970 1751 3549 1826; baseline -0.001 -18"><span class='ocrx_word' id='word_1_220' title='bbox 1970 1763 2078 1821; x_wconf 90' lang='lat' dir='ltr'><strong>tur,</strong></span> <span class='ocrx_word' id='word_1_221' title='bbox 2107 1764 2161 1811; x_wconf 89' lang='lat' dir='ltr'><strong>et</strong></span> <span class='ocrx_word' id='word_1_222' title='bbox 2189 1752 2466 1826; x_wconf 84' lang='lat' dir='ltr'><strong>Eutyches</strong></span> <span class='ocrx_word' id='word_1_223' title='bbox 2534 1770 2640 1810; x_wconf 81' lang='lat' dir='ltr'><strong>una</strong></span> <span class='ocrx_word' id='word_1_224' title='bbox 2689 1763 2898 1826; x_wconf 86' lang='lat' dir='ltr'><strong>pereat.</strong></span> <span class='ocrx_word' id='word_1_225' title='bbox 2959 1754 3066 1810; x_wconf 86' lang='lat' dir='ltr'><strong>Sed</strong></span> <span class='ocrx_word' id='word_1_226' title='bbox 3107 1761 3168 1810; x_wconf 90' lang='lat' dir='ltr'><strong>ut</strong></span> <span class='ocrx_word' id='word_1_227' title='bbox 3230 1753 3426 1824; x_wconf 79' lang='lat' dir='ltr'><strong>dogma</strong></span> <span class='ocrx_word' id='word_1_228' title='bbox 3481 1751 3549 1807; x_wconf 86' lang='lat' dir='ltr'><strong>de</strong></span> 
     </span>
    </p>
   </div>
   <div class='ocr_carea' id='block_1_34' title="bbox 269 1817 1859 1925">
    <p class='ocr_par' dir='ltr' id='par_1_34' title="bbox 269 1817 1859 1925">
     <span class='ocr_line' id='line_1_34' title="bbox 269 1817 1859 1925; baseline -0.001 -20"><span class='ocrx_word' id='word_1_229' title='bbox 269 1817 512 1922; x_wconf 55' lang='grc' dir='ltr'>ἆκριξὲς</span> <span class='ocrx_word' id='word_1_230' title='bbox 547 1817 1048 1925; x_wconf 42' lang='grc' dir='ltr'>καὶῑᾶπεξεσμένον</span> <span class='ocrx_word' id='word_1_231' title='bbox 1078 1817 1273 1924; x_wconf 56' lang='grc' dir='ltr'>δύγμα,</span> <span class='ocrx_word' id='word_1_232' title='bbox 1307 1817 1660 1922; x_wconf 52' lang='grc' dir='ltr'>ὲνέιατρίψαξ</span> <span class='ocrx_word' id='word_1_233' title='bbox 1690 1850 1767 1915; x_wconf 82' lang='grc' dir='ltr'>ὡς</span> <span class='ocrx_word' id='word_1_234' title='bbox 1783 1817 1859 1904; x_wconf 47' lang='lat' dir='ltr'><strong>ei;</strong></span> 
     </span>
    </p>
   </div>
   <div class='ocr_carea' id='block_1_35' title="bbox 1969 1817 3548 1925">
    <p class='ocr_par' dir='ltr' id='par_1_35' title="bbox 1969 1817 3548 1904">
     <span class='ocr_line' id='line_1_35' title="bbox 1969 1817 3548 1904; baseline -0.002 -2"><span class='ocrx_word' id='word_1_235' title='bbox 1969 1817 2333 1903; x_wconf 73' lang='lat' dir='ltr'><strong>Salvatorein</strong></span> <span class='ocrx_word' id='word_1_236' title='bbox 2389 1847 2512 1904; x_wconf 86' lang='lat' dir='ltr'><strong>aliis</strong></span> <span class='ocrx_word' id='word_1_237' title='bbox 2573 1817 2776 1903; x_wconf 74' lang='lat' dir='ltr'><strong>divinis</strong></span> <span class='ocrx_word' id='word_1_238' title='bbox 2837 1854 3154 1904; x_wconf 86' lang='lat' dir='ltr'><strong>accuratum</strong></span> <span class='ocrx_word' id='word_1_239' title='bbox 3199 1855 3254 1902; x_wconf 85' lang='lat' dir='ltr'><strong>et</strong></span> <span class='ocrx_word' id='word_1_240' title='bbox 3295 1852 3548 1901; x_wconf 76' lang='lat' dir='ltr'><strong>exactum</strong></span> 
     </span>
    </p>
   </div>
   <div class='ocr_carea' id='block_1_36' title="bbox 272 1941 1858 2016">
    <p class='ocr_par' dir='ltr' id='par_1_36' title="bbox 272 1941 1858 2016">
     <span class='ocr_line' id='line_1_36' title="bbox 272 1941 1858 2016; baseline -0.003 -19"><span class='ocrx_word' id='word_1_241' title='bbox 272 1959 450 2016; x_wconf 87' lang='grc' dir='ltr'>ρηται</span> <span class='ocrx_word' id='word_1_242' title='bbox 489 1942 725 1998; x_wconf 78' lang='grc' dir='ltr'>ἐνταῦθα</span> <span class='ocrx_word' id='word_1_243' title='bbox 762 1947 875 2010; x_wconf 83' lang='grc' dir='ltr'>τοῖς</span> <span class='ocrx_word' id='word_1_244' title='bbox 928 1945 1294 2016; x_wconf 79' lang='grc' dir='ltr'>ἀνθρωπίνοις</span> <span class='ocrx_word' id='word_1_245' title='bbox 1329 1942 1716 2015; x_wconf 84' lang='grc' dir='ltr'>κατεχρήσατο</span> <span class='ocrx_word' id='word_1_246' title='bbox 1756 1941 1858 2014; x_wconf 78' lang='grc' dir='ltr'><strong>ῥή-</strong></span> 
     </span>
    </p>
   </div>
   <div class='ocr_carea' id='block_1_37' title="bbox 270 2034 1856 2108">
    <p class='ocr_par' dir='ltr' id='par_1_37' title="bbox 270 2034 1856 2108">
     <span class='ocr_line' id='line_1_37' title="bbox 270 2034 1856 2108; baseline 0.001 -21"><span class='ocrx_word' id='word_1_247' title='bbox 270 2051 474 2104; x_wconf 82' lang='grc' dir='ltr'>μασιν,</span> <span class='ocrx_word' id='word_1_248' title='bbox 519 2035 660 2108; x_wconf 84' lang='grc' dir='ltr'>πλὴν</span> <span class='ocrx_word' id='word_1_249' title='bbox 692 2034 818 2089; x_wconf 74' lang='grc' dir='ltr'>οὔτε</span> <span class='ocrx_word' id='word_1_250' title='bbox 870 2036 940 2090; x_wconf 78' lang='grc' dir='ltr'><strong>τὰ</strong></span> <span class='ocrx_word' id='word_1_251' title='bbox 978 2035 1098 2090; x_wconf 83' lang='grc' dir='ltr'>θεῖα</span> <span class='ocrx_word' id='word_1_252' title='bbox 1146 2035 1257 2090; x_wconf 85' lang='grc' dir='ltr'><strong>τῶν</strong></span> <span class='ocrx_word' id='word_1_253' title='bbox 1284 2036 1648 2108; x_wconf 77' lang='grc' dir='ltr'>ἀνθρωπίνων</span> <span class='ocrx_word' id='word_1_254' title='bbox 1677 2035 1856 2107; x_wconf 77' lang='grc' dir='ltr'>ἀπηλ-</span> 
     </span>
    </p>
   </div>
   <div class='ocr_carea' id='block_1_38' title="bbox 266 2125 1854 2201">
    <p class='ocr_par' dir='ltr' id='par_1_38' title="bbox 266 2125 1854 2201">
     <span class='ocr_line' id='line_1_38' title="bbox 266 2125 1854 2201; baseline 0.002 -22"><span class='ocrx_word' id='word_1_255' title='bbox 266 2126 501 2192; x_wconf 78' lang='grc' dir='ltr'>λακται,</span> <span class='ocrx_word' id='word_1_256' title='bbox 549 2128 648 2181; x_wconf 87' lang='grc' dir='ltr'><strong>ούκ</strong></span> <span class='ocrx_word' id='word_1_257' title='bbox 705 2127 945 2201; x_wconf 77' lang='grc' dir='ltr'>ἔμπαλιν</span> <span class='ocrx_word' id='word_1_258' title='bbox 993 2126 1064 2183; x_wconf 85' lang='grc' dir='ltr'><strong>τὰ</strong></span> <span class='ocrx_word' id='word_1_259' title='bbox 1134 2127 1455 2200; x_wconf 81' lang='grc' dir='ltr'>ἀνθρώπινα</span> <span class='ocrx_word' id='word_1_260' title='bbox 1495 2127 1608 2185; x_wconf 86' lang='grc' dir='ltr'><strong>τῶν</strong></span> <span class='ocrx_word' id='word_1_261' title='bbox 1661 2125 1854 2182; x_wconf 78' lang='grc' dir='ltr'>Θειωνο</span> 
     </span>
    </p>
   </div>
   <div class='ocr_carea' id='block_1_39' title="bbox 266 2214 1709 2293">
    <p class='ocr_par' dir='ltr' id='par_1_39' title="bbox 266 2214 1709 2293">
     <span class='ocr_line' id='line_1_39' title="bbox 266 2214 1709 2293; baseline 0.002 -22"><span class='ocrx_word' id='word_1_262' title='bbox 266 2219 423 2274; x_wconf 69' lang='grc' dir='ltr'>κατὰ</span> <span class='ocrx_word' id='word_1_263' title='bbox 451 2217 512 2272; x_wconf 80' lang='grc' dir='ltr'>τὸ</span> <span class='ocrx_word' id='word_1_264' title='bbox 539 2219 740 2290; x_wconf 78' lang='grc' dir='ltr'>μᾶλλον</span> <span class='ocrx_word' id='word_1_265' title='bbox 761 2221 934 2276; x_wconf 76' lang='grc' dir='ltr'>δὲκαὶ</span> <span class='ocrx_word' id='word_1_266' title='bbox 960 2214 1123 2292; x_wconf 83' lang='grc' dir='ltr'>ἦττον</span> <span class='ocrx_word' id='word_1_267' title='bbox 1151 2222 1185 2293; x_wconf 84' lang='grc' dir='ltr'>ἡ</span> <span class='ocrx_word' id='word_1_268' title='bbox 1214 2221 1411 2292; x_wconf 80' lang='grc' dir='ltr'>χρῆσις</span> <span class='ocrx_word' id='word_1_269' title='bbox 1443 2221 1709 2290; x_wconf 82' lang='grc' dir='ltr'>πρόεισιν.</span> 
     </span>
    </p>
   </div>
   <div class='ocr_carea' id='block_1_40' title="bbox 1968 1935 3550 2006">
    <p class='ocr_par' dir='ltr' id='par_1_40' title="bbox 1968 1935 3550 2006">
     <span class='ocr_line' id='line_1_40' title="bbox 1968 1935 3550 2006; baseline -0.004 -10"><span class='ocrx_word' id='word_1_270' title='bbox 1968 1947 2136 2006; x_wconf 83' lang='lat' dir='ltr'><strong>esset,</strong></span> <span class='ocrx_word' id='word_1_271' title='bbox 2173 1953 2298 1994; x_wconf 91' lang='lat' dir='ltr'><strong>cum</strong></span> <span class='ocrx_word' id='word_1_272' title='bbox 2332 1939 2424 1995; x_wconf 90' lang='lat' dir='ltr'><strong>hic</strong></span> <span class='ocrx_word' id='word_1_273' title='bbox 2443 1949 2780 2004; x_wconf 80' lang='lat' dir='ltr'><strong>versaretur,</strong></span> <span class='ocrx_word' id='word_1_274' title='bbox 2814 1948 2876 1994; x_wconf 83' lang='lat' dir='ltr'><strong>ut</strong></span> <span class='ocrx_word' id='word_1_275' title='bbox 2897 1939 3106 1994; x_wconf 91' lang='lat' dir='ltr'><strong>dictum</strong></span> <span class='ocrx_word' id='word_1_276' title='bbox 3135 1946 3242 2001; x_wconf 86' lang='lat' dir='ltr'><strong>est,</strong></span> <span class='ocrx_word' id='word_1_277' title='bbox 3291 1935 3550 1991; x_wconf 80' lang='lat' dir='ltr'><strong>humanis</strong></span> 
     </span>
    </p>
   </div>
   <div class='ocr_carea' id='block_1_41' title="bbox 1965 2023 3548 2100">
    <p class='ocr_par' dir='ltr' id='par_1_41' title="bbox 1965 2023 3548 2100">
     <span class='ocr_line' id='line_1_41' title="bbox 1965 2023 3548 2100; baseline -0.006 -12"><span class='ocrx_word' id='word_1_278' title='bbox 1965 2047 2103 2090; x_wconf 88' lang='lat' dir='ltr'><strong>usus</strong></span> <span class='ocrx_word' id='word_1_279' title='bbox 2131 2038 2218 2087; x_wconf 90' lang='lat' dir='ltr'><strong>est</strong></span> <span class='ocrx_word' id='word_1_280' title='bbox 2244 2030 2450 2087; x_wconf 82' lang='lat' dir='ltr'><strong>verbis.</strong></span> <span class='ocrx_word' id='word_1_281' title='bbox 2469 2031 2736 2086; x_wconf 63' lang='lat' dir='ltr'><strong>Ceterum</strong></span> <span class='ocrx_word' id='word_1_282' title='bbox 2753 2043 2930 2100; x_wconf 90' lang='lat' dir='ltr'><strong>neque</strong></span> <span class='ocrx_word' id='word_1_283' title='bbox 2963 2027 3147 2085; x_wconf 88' lang='lat' dir='ltr'><strong>divina</strong></span> <span class='ocrx_word' id='word_1_284' title='bbox 3171 2026 3241 2083; x_wconf 81' lang='lat' dir='ltr'><strong>al)</strong></span> <span class='ocrx_word' id='word_1_285' title='bbox 3267 2023 3548 2087; x_wconf 83' lang='lat' dir='ltr'><strong>humanis.</strong></span> 
     </span>
    </p>
   </div>
   <div class='ocr_carea' id='block_1_42' title="bbox 1964 2120 3545 2196">
    <p class='ocr_par' dir='ltr' id='par_1_42' title="bbox 1964 2120 3545 2196">
     <span class='ocr_line' id='line_1_42' title="bbox 1964 2120 3545 2196; baseline -0.008 -14"><span class='ocrx_word' id='word_1_286' title='bbox 1964 2139 2144 2196; x_wconf 87' lang='lat' dir='ltr'><strong>neque</strong></span> <span class='ocrx_word' id='word_1_287' title='bbox 2188 2138 2410 2180; x_wconf 83' lang='lat' dir='ltr'><strong>rursum</strong></span> <span class='ocrx_word' id='word_1_288' title='bbox 2467 2124 2707 2178; x_wconf 81' lang='lat' dir='ltr'><strong>humana</strong></span> <span class='ocrx_word' id='word_1_289' title='bbox 2750 2138 2781 2178; x_wconf 89' lang='lat' dir='ltr'><strong>a</strong></span> <span class='ocrx_word' id='word_1_290' title='bbox 2828 2121 3032 2178; x_wconf 87' lang='lat' dir='ltr'><strong>divinis</strong></span> <span class='ocrx_word' id='word_1_291' title='bbox 3096 2120 3350 2191; x_wconf 74' lang='lat' dir='ltr'><strong>seiuncta</strong></span> <span class='ocrx_word' id='word_1_292' title='bbox 3381 2124 3545 2174; x_wconf 87' lang='lat' dir='ltr'><strong>sunt:</strong></span> 
     </span>
    </p>
   </div>
   <div class='ocr_carea' id='block_1_43' title="bbox 1965 2206 3548 2286">
    <p class='ocr_par' dir='ltr' id='par_1_43' title="bbox 1965 2206 3548 2286">
     <span class='ocr_line' id='line_1_43' title="bbox 1965 2206 3548 2286; baseline -0.005 -13"><span class='ocrx_word' id='word_1_293' title='bbox 1965 2215 2063 2274; x_wconf 82' lang='lat' dir='ltr'><strong>sed</strong></span> <span class='ocrx_word' id='word_1_294' title='bbox 2136 2216 2437 2284; x_wconf 86' lang='lat' dir='ltr'><strong>secundum</strong></span> <span class='ocrx_word' id='word_1_295' title='bbox 2520 2215 2696 2286; x_wconf 89' lang='lat' dir='ltr'><strong>magis</strong></span> <span class='ocrx_word' id='word_1_296' title='bbox 2746 2221 2803 2270; x_wconf 91' lang='lat' dir='ltr'><strong>et</strong></span> <span class='ocrx_word' id='word_1_297' title='bbox 2847 2214 3031 2268; x_wconf 90' lang='lat' dir='ltr'><strong>minus</strong></span> <span class='ocrx_word' id='word_1_298' title='bbox 3083 2226 3218 2269; x_wconf 82' lang='lat' dir='ltr'><strong>usus</strong></span> <span class='ocrx_word' id='word_1_299' title='bbox 3278 2206 3548 2281; x_wconf 88' lang='lat' dir='ltr'><strong>procedit.</strong></span> 
     </span>
    </p>
   </div>
   <div class='ocr_carea' id='block_1_44' title="bbox 778 2502 3130 2754">
    <p class='ocr_par' dir='ltr' id='par_1_44' title="bbox 778 2502 3130 2754">
     <span class='ocr_line' id='line_1_44' title="bbox 778 2502 3130 2754; baseline -0.003 -6"><span class='ocrx_word' id='word_1_300' title='bbox 778 2541 900 2748; x_wconf 87' lang='lat' dir='ltr'><strong>J</strong></span> <span class='ocrx_word' id='word_1_301' title='bbox 923 2502 1260 2754; x_wconf 90' lang='lat' dir='ltr'><strong>US</strong></span> <span class='ocrx_word' id='word_1_302' title='bbox 1440 2537 1956 2750; x_wconf 82' lang='lat' dir='ltr'><strong>CAN</strong></span> <span class='ocrx_word' id='word_1_303' title='bbox 1975 2540 2328 2751; x_wconf 85' lang='lat' dir='ltr'><strong>ON</strong></span> <span class='ocrx_word' id='word_1_304' title='bbox 2345 2536 3024 2752; x_wconf 84' lang='lat' dir='ltr'><strong>ICUM</strong></span> <span class='ocrx_word' id='word_1_305' title='bbox 3126 2539 3130 2544; x_wconf 74' lang='grc'><em>’</em></span> 
     </span>
    </p>
   </div>
   <div class='ocr_carea' id='block_1_45' title="bbox 1227 2835 2600 3035">
    <p class='ocr_par' dir='ltr' id='par_1_45' title="bbox 1227 2835 2600 3035">
     <span class='ocr_line' id='line_1_45' title="bbox 1227 2835 2600 3035; baseline -0.004 -2"><span class='ocrx_word' id='word_1_306' title='bbox 1227 2835 2600 3035; x_wconf 65' lang='grc' dir='ltr'><strong>(ιΒιἘαο-ΒΟΜΑΝΠΜ.</strong></span> 
     </span>
    </p>
   </div>
   <div class='ocr_carea' id='block_1_46' title="bbox 359 3137 3544 3224">
    <p class='ocr_par' dir='ltr' id='par_1_46' title="bbox 359 3137 3544 3224">
     <span class='ocr_line' id='line_1_46' title="bbox 359 3137 3544 3224; baseline -0.001 -18"><span class='ocrx_word' id='word_1_307' title='bbox 359 3141 751 3208; x_wconf 79' lang='lat' dir='ltr'><strong>MONITUM.</strong></span> <span class='ocrx_word' id='word_1_308' title='bbox 787 3175 861 3188; x_wconf 90' lang='lat'><em>-</em></span> <span class='ocrx_word' id='word_1_309' title='bbox 889 3140 1232 3224; x_wconf 76' lang='lat' dir='ltr'><strong>Desinente</strong></span> <span class='ocrx_word' id='word_1_310' title='bbox 1278 3139 1529 3224; x_wconf 62' lang='lat' dir='ltr'><strong>saeculo</strong></span> <span class='ocrx_word' id='word_1_311' title='bbox 1563 3158 1605 3224; x_wconf 62' lang='grc' dir='ltr'><strong>τ</strong></span> <span class='ocrx_word' id='word_1_312' title='bbox 1635 3139 1873 3224; x_wconf 81' lang='lat' dir='ltr'><strong>placuit</strong></span> <span class='ocrx_word' id='word_1_313' title='bbox 1899 3141 2019 3224; x_wconf 10' lang='lat' dir='ltr'><strong>hic,</strong></span> <span class='ocrx_word' id='word_1_314' title='bbox 2063 3141 2362 3224; x_wconf 79' lang='lat' dir='ltr'><strong>colligere</strong></span> <span class='ocrx_word' id='word_1_315' title='bbox 2397 3140 2564 3203; x_wconf 87' lang='lat' dir='ltr'><strong>varia</strong></span> <span class='ocrx_word' id='word_1_316' title='bbox 2593 3145 3006 3204; x_wconf 87' lang='lat' dir='ltr'><strong>monumenta</strong></span> <span class='ocrx_word' id='word_1_317' title='bbox 3029 3138 3146 3224; x_wconf 76' lang='lat' dir='ltr'><strong>jus</strong></span> <span class='ocrx_word' id='word_1_318' title='bbox 3165 3137 3544 3224; x_wconf 80' lang='lat' dir='ltr'><strong>canonicum</strong></span> 
     </span>
    </p>
   </div>
   <div class='ocr_carea' id='block_1_47' title="bbox 264 3217 3544 3302">
    <p class='ocr_par' dir='ltr' id='par_1_47' title="bbox 264 3217 3544 3302">
     <span class='ocr_line' id='line_1_47' title="bbox 264 3217 3544 3302; baseline -0.001 -18"><span class='ocrx_word' id='word_1_319' title='bbox 264 3223 893 3302; x_wconf 73' lang='lat' dir='ltr'><strong>Graeco-Romanum</strong></span> <span class='ocrx_word' id='word_1_320' title='bbox 951 3219 1354 3302; x_wconf 81' lang='lat' dir='ltr'><strong>illustrantia.</strong></span> <span class='ocrx_word' id='word_1_321' title='bbox 1389 3222 1607 3302; x_wconf 82' lang='lat' dir='ltr'><strong>Quoad</strong></span> <span class='ocrx_word' id='word_1_322' title='bbox 1636 3217 1735 3285; x_wconf 68' lang='lat' dir='ltr'><strong>&#39;ea</strong></span> <span class='ocrx_word' id='word_1_323' title='bbox 1772 3238 1914 3302; x_wconf 67' lang='lat' dir='ltr'><strong>qua)</strong></span> <span class='ocrx_word' id='word_1_324' title='bbox 1946 3221 2025 3284; x_wconf 89' lang='lat' dir='ltr'><strong>ad</strong></span> <span class='ocrx_word' id='word_1_325' title='bbox 2083 3217 2313 3302; x_wconf 71' lang='lat' dir='ltr'><strong>saecﬁla</strong></span> <span class='ocrx_word' id='word_1_326' title='bbox 2351 3225 2676 3302; x_wconf 76' lang='lat' dir='ltr'><strong>retroacta</strong></span> <span class='ocrx_word' id='word_1_327' title='bbox 2714 3224 3004 3302; x_wconf 82' lang='lat' dir='ltr'><strong>spectant</strong></span> <span class='ocrx_word' id='word_1_328' title='bbox 3033 3217 3098 3282; x_wconf 82' lang='lat' dir='ltr'><strong>et</strong></span> <span class='ocrx_word' id='word_1_329' title='bbox 3122 3217 3252 3302; x_wconf 77' lang='lat' dir='ltr'><strong>jam</strong></span> <span class='ocrx_word' id='word_1_330' title='bbox 3289 3235 3322 3281; x_wconf 88' lang='lat' dir='ltr'><strong>a</strong></span> <span class='ocrx_word' id='word_1_331' title='bbox 3357 3218 3544 3282; x_wconf 87' lang='lat' dir='ltr'><strong>nobis</strong></span> 
     </span>
    </p>
   </div>
   <div class='ocr_carea' id='block_1_48' title="bbox 267 3297 3541 3379">
    <p class='ocr_par' dir='ltr' id='par_1_48' title="bbox 267 3297 3541 3379">
     <span class='ocr_line' id='line_1_48' title="bbox 267 3297 3541 3379; baseline -0.002 -15"><span class='ocrx_word' id='word_1_332' title='bbox 267 3303 450 3365; x_wconf 88' lang='lat' dir='ltr'><strong>edita</strong></span> <span class='ocrx_word' id='word_1_333' title='bbox 481 3308 648 3378; x_wconf 88' lang='lat' dir='ltr'><strong>sunt,</strong></span> <span class='ocrx_word' id='word_1_334' title='bbox 690 3301 838 3364; x_wconf 83' lang='lat' dir='ltr'><strong>satis</strong></span> <span class='ocrx_word' id='word_1_335' title='bbox 894 3301 1014 3364; x_wconf 89' lang='lat' dir='ltr'><strong>erit</strong></span> <span class='ocrx_word' id='word_1_336' title='bbox 1057 3300 1313 3362; x_wconf 86' lang='lat' dir='ltr'><strong>titulum</strong></span> <span class='ocrx_word' id='word_1_337' title='bbox 1366 3299 1683 3365; x_wconf 85' lang='lat' dir='ltr'><strong>ascribere</strong></span> <span class='ocrx_word' id='word_1_338' title='bbox 1714 3297 1860 3366; x_wconf 73' lang='lat' dir='ltr'><strong>cuin</strong></span> <span class='ocrx_word' id='word_1_339' title='bbox 1914 3307 2064 3363; x_wconf 86' lang='lat' dir='ltr'><strong>nota</strong></span> <span class='ocrx_word' id='word_1_340' title='bbox 2116 3300 2447 3363; x_wconf 86' lang='lat' dir='ltr'><strong>remissiva</strong></span> <span class='ocrx_word' id='word_1_341' title='bbox 2482 3316 2499 3375; x_wconf 89' lang='lat'><strong><em>;</em></strong></span> <span class='ocrx_word' id='word_1_342' title='bbox 2533 3301 2642 3363; x_wconf 91' lang='lat' dir='ltr'><strong>sed</strong></span> <span class='ocrx_word' id='word_1_343' title='bbox 2675 3297 2770 3362; x_wconf 72' lang='lat' dir='ltr'><strong>ea</strong></span> <span class='ocrx_word' id='word_1_344' title='bbox 2798 3297 3044 3379; x_wconf 83' lang='lat' dir='ltr'><strong>integre</strong></span> <span class='ocrx_word' id='word_1_345' title='bbox 3093 3297 3354 3379; x_wconf 80' lang='lat' dir='ltr'><strong>edemus</strong></span> <span class='ocrx_word' id='word_1_346' title='bbox 3397 3314 3541 3379; x_wconf 74' lang='lat' dir='ltr'><strong>qum</strong></span> 
     </span>
    </p>
   </div>
   <div class='ocr_carea' id='block_1_49' title="bbox 268 3378 3539 3462">
    <p class='ocr_par' dir='ltr' id='par_1_49' title="bbox 268 3378 3539 3462">
     <span class='ocr_line' id='line_1_49' title="bbox 268 3378 3539 3462; baseline -0.001 -19"><span class='ocrx_word' id='word_1_347' title='bbox 268 3389 426 3462; x_wconf 82' lang='lat' dir='ltr'><strong>sunt</strong></span> <span class='ocrx_word' id='word_1_348' title='bbox 453 3381 974 3462; x_wconf 80' lang='lat' dir='ltr'><strong>subsequentium</strong></span> <span class='ocrx_word' id='word_1_349' title='bbox 997 3379 1403 3444; x_wconf 72' lang='lat' dir='ltr'><strong>saaculorum.</strong></span> <span class='ocrx_word' id='word_1_350' title='bbox 1439 3381 1668 3462; x_wconf 72' lang='lat' dir='ltr'><strong>Omnia</strong></span> <span class='ocrx_word' id='word_1_351' title='bbox 1715 3379 2375 3462; x_wconf 76' lang='lat' dir='ltr'><strong>nobis_suppeditavit</strong></span> <span class='ocrx_word' id='word_1_352' title='bbox 2422 3380 2703 3462; x_wconf 55' lang='lat' dir='ltr'><strong>Joannis</strong></span> <span class='ocrx_word' id='word_1_353' title='bbox 2727 3378 3091 3462; x_wconf 70' lang='lat' dir='ltr'><strong>Leugclavii</strong></span> <span class='ocrx_word' id='word_1_354' title='bbox 3141 3380 3258 3440; x_wconf 74' lang='lat' dir='ltr'><strong>lus</strong></span> <span class='ocrx_word' id='word_1_355' title='bbox 3293 3378 3539 3443; x_wconf 73' lang='lat' dir='ltr'><strong>amo-</strong></span> 
     </span>
    </p>
   </div>
   <div class='ocr_carea' id='block_1_50' title="bbox 267 3457 3066 3526">
    <p class='ocr_par' dir='ltr' id='par_1_50' title="bbox 267 3457 3066 3526">
     <span class='ocr_line' id='line_1_50' title="bbox 267 3457 3066 3526; baseline -0 -4"><span class='ocrx_word' id='word_1_356' title='bbox 267 3457 934 3526; x_wconf 58' lang='lat' dir='ltr'><strong>Romanumeeriem</strong></span> <span class='ocrx_word' id='word_1_357' title='bbox 962 3464 1411 3525; x_wconf 85' lang='lat' dir='ltr'><strong>contentorum</strong></span> <span class='ocrx_word' id='word_1_358' title='bbox 1443 3458 1616 3523; x_wconf 86' lang='lat' dir='ltr'><strong>dabit</strong></span> <span class='ocrx_word' id='word_1_359' title='bbox 1645 3460 1838 3523; x_wconf 79' lang='lat' dir='ltr'><strong>index</strong></span> <span class='ocrx_word' id='word_1_360' title='bbox 1865 3459 1944 3523; x_wconf 87' lang='lat' dir='ltr'><strong>ad</strong></span> <span class='ocrx_word' id='word_1_361' title='bbox 1986 3457 2224 3524; x_wconf 75' lang='lat' dir='ltr'><strong>calcem</strong></span> <span class='ocrx_word' id='word_1_362' title='bbox 2267 3457 2627 3524; x_wconf 87' lang='lat' dir='ltr'><strong>voluminis.</strong></span> <span class='ocrx_word' id='word_1_363' title='bbox 2656 3459 2837 3521; x_wconf 84' lang='lat' dir='ltr'><strong>EDIT.</strong></span> <span class='ocrx_word' id='word_1_364' title='bbox 2869 3459 3066 3521; x_wconf 67' lang='lat' dir='ltr'><strong>Pam.</strong></span> 
     </span>
    </p>
   </div>
   <div class='ocr_carea' id='block_1_51' title="bbox 1859 3637 1933 3654">
    <p class='ocr_par' dir='ltr' id='par_1_51' title="bbox 1859 3637 1933 3654">
     <span class='ocr_line' id='line_1_51' title="bbox 1859 3637 1933 3654; baseline 0 -3"><span class='ocrx_word' id='word_1_365' title='bbox 1859 3637 1933 3654; x_wconf 76' lang='lat'><strong>—</strong></span> 
     </span>
    </p>
   </div>
   <div class='ocr_carea' id='block_1_52' title="bbox 793 3772 3018 3876">
    <p class='ocr_par' dir='ltr' id='par_1_52' title="bbox 793 3772 3018 3876">
     <span class='ocr_line' id='line_1_52' title="bbox 793 3772 3018 3876; baseline -0.001 -5"><span class='ocrx_word' id='word_1_366' title='bbox 793 3779 1428 3876; x_wconf 80' lang='grc' dir='ltr'><strong>ᾸΠΟΦΑΣΕΙΣ</strong></span> <span class='ocrx_word' id='word_1_367' title='bbox 1501 3779 2110 3874; x_wconf 87' lang='grc' dir='ltr'><strong>ΣΥΝΟΔΙΚΑῙ</strong></span> <span class='ocrx_word' id='word_1_368' title='bbox 2159 3779 2354 3871; x_wconf 89' lang='grc' dir='ltr'><strong>ΚΑΙ</strong></span> <span class='ocrx_word' id='word_1_369' title='bbox 2431 3772 3018 3872; x_wconf 87' lang='grc' dir='ltr'><strong>ΔΙΑΤΑΞΕΙΣ</strong></span> 
     </span>
    </p>
   </div>
   <div class='ocr_carea' id='block_1_53' title="bbox 1519 3974 2295 4071">
    <p class='ocr_par' dir='ltr' id='par_1_53' title="bbox 1519 3974 2295 4071">
     <span class='ocr_line' id='line_1_53' title="bbox 1519 3974 2295 4071; baseline -0.006 -3"><span class='ocrx_word' id='word_1_370' title='bbox 1519 3974 2295 4071; x_wconf 82' lang='grc' dir='ltr'><strong>ΑΡΧΙΕΡΛΤΙΚΑΙ</strong></span> 
     </span>
    </p>
   </div>
   <div class='ocr_carea' id='block_1_54' title="bbox 699 4154 3105 4224">
    <p class='ocr_par' dir='ltr' id='par_1_54' title="bbox 699 4154 3105 4224">
     <span class='ocr_line' id='line_1_54' title="bbox 699 4154 3105 4224; baseline -0.005 -5"><span class='ocrx_word' id='word_1_371' title='bbox 699 4163 836 4219; x_wconf 83' lang='grc' dir='ltr'><strong>ΤΩΝ</strong></span> <span class='ocrx_word' id='word_1_372' title='bbox 904 4165 1726 4224; x_wconf 82' lang='grc' dir='ltr'><strong>ΚΩΝΣΤΑΝΤΙΝΟΥΠΟΛΕΩΣ</strong></span> <span class='ocrx_word' id='word_1_373' title='bbox 1807 4163 2376 4221; x_wconf 80' lang='grc' dir='ltr'><strong>ΛΡΧΙΕΠΙΣΚΟΠΩΝ</strong></span> <span class='ocrx_word' id='word_1_374' title='bbox 2419 4162 2543 4217; x_wconf 79' lang='grc' dir='ltr'><strong>ΚΑΙ</strong></span> <span class='ocrx_word' id='word_1_375' title='bbox 2635 4154 3105 4214; x_wconf 77' lang='grc' dir='ltr'><strong>ΠΑΤΡΙΔΡΧΩΝ.</strong></span> 
     </span>
    </p>
   </div>
   <div class='ocr_carea' id='block_1_55' title="bbox 651 4482 3162 4584">
    <p class='ocr_par' dir='ltr' id='par_1_55' title="bbox 651 4482 3162 4584">
     <span class='ocr_line' id='line_1_55' title="bbox 651 4482 3162 4584; baseline -0.002 -6"><span class='ocrx_word' id='word_1_376' title='bbox 651 4485 1372 4582; x_wconf 63' lang='lat' dir='ltr'><strong>SENTENTIA?!</strong></span> <span class='ocrx_word' id='word_1_377' title='bbox 1444 4488 2147 4584; x_wconf 86' lang='lat' dir='ltr'><strong>SYNODALES</strong></span> <span class='ocrx_word' id='word_1_378' title='bbox 2190 4489 2341 4580; x_wconf 88' lang='lat' dir='ltr'><strong>ET</strong></span> <span class='ocrx_word' id='word_1_379' title='bbox 2409 4482 3162 4580; x_wconf 85' lang='lat' dir='ltr'><strong>SANCTIONES</strong></span> 
     </span>
    </p>
   </div>
   <div class='ocr_carea' id='block_1_56' title="bbox 1687 4683 2141 4747">
    <p class='ocr_par' dir='ltr' id='par_1_56' title="bbox 1687 4683 2141 4747">
     <span class='ocr_line' id='line_1_56' title="bbox 1687 4683 2141 4747; baseline -0.002 -1"><span class='ocrx_word' id='word_1_380' title='bbox 1687 4683 2141 4747; x_wconf 65' lang='lat' dir='ltr'><strong>PONTIFICIAE</strong></span> 
     </span>
    </p>
   </div>
   <div class='ocr_carea' id='block_1_57' title="bbox 787 4816 2992 4881">
    <p class='ocr_par' dir='ltr' id='par_1_57' title="bbox 787 4816 2992 4881">
     <span class='ocr_line' id='line_1_57' title="bbox 787 4816 2992 4881; baseline -0.001 -5"><span class='ocrx_word' id='word_1_381' title='bbox 787 4819 1490 4881; x_wconf 78' lang='lat' dir='ltr'><strong>ABCHIEPISCOPORUM</strong></span> <span class='ocrx_word' id='word_1_382' title='bbox 1521 4821 1609 4878; x_wconf 85' lang='lat' dir='ltr'><strong>ET</strong></span> <span class='ocrx_word' id='word_1_383' title='bbox 1635 4816 2236 4879; x_wconf 80' lang='lat' dir='ltr'><strong>PATRIARCHABUM</strong></span> <span class='ocrx_word' id='word_1_384' title='bbox 2285 4816 2992 4876; x_wconf 80' lang='lat' dir='ltr'><strong>CONSTANTINOPOLIS.</strong></span> 
     </span>
    </p>
   </div>
   <div class='ocr_carea' id='block_1_58' title="bbox 1863 4970 1936 4987">
    <p class='ocr_par' dir='ltr' id='par_1_58' title="bbox 1863 4970 1936 4987">
     <span class='ocr_line' id='line_1_58' title="bbox 1863 4970 1936 4987; baseline -0.014 0"><span class='ocrx_word' id='word_1_385' title='bbox 1863 4970 1936 4987; x_wconf 64' lang='grc'><em>“</em></span> 
     </span>
    </p>
   </div>
   <div class='ocr_carea' id='block_1_59' title="bbox 1886 5059 1934 5122">
    <p class='ocr_par' dir='ltr' id='par_1_59' title="bbox 1886 5059 1934 5122">
     <span class='ocr_line' id='line_1_59' title="bbox 1886 5059 1934 5122; baseline 0 0"><span class='ocrx_word' id='word_1_386' title='bbox 1886 5059 1934 5122; x_wconf 85' lang='lat' dir='ltr'><strong><em>C</em></strong></span> 
     </span>
    </p>
   </div>
   <div class='ocr_carea' id='block_1_60' title="bbox 525 5051 1540 5110">
    <p class='ocr_par' dir='ltr' id='par_1_60' title="bbox 525 5051 1540 5110">
     <span class='ocr_line' id='line_1_60' title="bbox 525 5051 1540 5110; baseline 0.001 -3"><span class='ocrx_word' id='word_1_387' title='bbox 525 5051 830 5108; x_wconf 75' lang='grc' dir='ltr'><strong>ΙΩΑΝΝΟΥ</strong></span> <span class='ocrx_word' id='word_1_388' title='bbox 855 5052 998 5110; x_wconf 89' lang='grc' dir='ltr'><strong>ΤΟΥ</strong></span> <span class='ocrx_word' id='word_1_389' title='bbox 1022 5053 1540 5110; x_wconf 83' lang='grc' dir='ltr'><strong>ΧΡΥΣΟΣΤΟΜΟΥ</strong></span> 
     </span>
    </p>
   </div>
   <div class='ocr_carea' id='block_1_61' title="bbox 503 5144 1618 5216">
    <p class='ocr_par' dir='ltr' id='par_1_61' title="bbox 503 5144 1618 5216">
     <span class='ocr_line' id='line_1_61' title="bbox 503 5144 1618 5216; baseline 0.003 -17"><span class='ocrx_word' id='word_1_390' title='bbox 503 5144 644 5214; x_wconf 72' lang='grc' dir='ltr'>Περὶ</span> <span class='ocrx_word' id='word_1_391' title='bbox 673 5145 967 5216; x_wconf 78' lang='grc' dir='ltr'>ἐπιτιμίας</span> <span class='ocrx_word' id='word_1_392' title='bbox 989 5145 1110 5200; x_wconf 80' lang='grc' dir='ltr'><strong>τῶν</strong></span> <span class='ocrx_word' id='word_1_393' title='bbox 1137 5146 1618 5216; x_wconf 78' lang='grc' dir='ltr'>ἁμαρτανόντων.</span> 
     </span>
    </p>
   </div>
   <div class='ocr_carea' id='block_1_62' title="bbox 353 5235 1856 5311">
    <p class='ocr_par' dir='ltr' id='par_1_62' title="bbox 353 5235 1856 5311">
     <span class='ocr_line' id='line_1_62' title="bbox 353 5235 1856 5311; baseline 0.003 -24"><span class='ocrx_word' id='word_1_394' title='bbox 353 5235 468 5308; x_wconf 77' lang='grc' dir='ltr'>Οὐχ</span> <span class='ocrx_word' id='word_1_395' title='bbox 498 5237 681 5299; x_wconf 77' lang='grc' dir='ltr'><strong>ἁπλῶς</strong></span> <span class='ocrx_word' id='word_1_396' title='bbox 715 5235 852 5308; x_wconf 70' lang='grc' dir='ltr'>πρὸς</span> <span class='ocrx_word' id='word_1_397' title='bbox 873 5237 934 5290; x_wconf 82' lang='grc' dir='ltr'>τὸ</span> <span class='ocrx_word' id='word_1_398' title='bbox 962 5237 1070 5291; x_wconf 85' lang='grc' dir='ltr'><strong>τῶν</strong></span> <span class='ocrx_word' id='word_1_399' title='bbox 1097 5237 1515 5308; x_wconf 82' lang='grc' dir='ltr'>ἁμαρτημάτων</span> <span class='ocrx_word' id='word_1_400' title='bbox 1549 5238 1746 5311; x_wconf 83' lang='grc' dir='ltr'>μέτρον</span> <span class='ocrx_word' id='word_1_401' title='bbox 1773 5239 1856 5292; x_wconf 77' lang='grc' dir='ltr'>δεῖ</span> 
     </span>
    </p>
   </div>
   <div class='ocr_carea' id='block_1_63' title="bbox 279 5327 1852 5402">
    <p class='ocr_par' dir='ltr' id='par_1_63' title="bbox 279 5327 1852 5402">
     <span class='ocr_line' id='line_1_63' title="bbox 279 5327 1852 5402; baseline 0.003 -22"><span class='ocrx_word' id='word_1_402' title='bbox 279 5327 377 5398; x_wconf 75' lang='grc' dir='ltr'>τὴν</span> <span class='ocrx_word' id='word_1_403' title='bbox 412 5329 697 5399; x_wconf 77' lang='grc' dir='ltr'>ἐπιτιμίαν</span> <span class='ocrx_word' id='word_1_404' title='bbox 741 5330 990 5398; x_wconf 71' lang='grc' dir='ltr'>ἐπάγειν,</span> <span class='ocrx_word' id='word_1_405' title='bbox 1021 5328 1157 5384; x_wconf 78' lang='grc' dir='ltr'><strong>ἀλλὰ</strong></span> <span class='ocrx_word' id='word_1_406' title='bbox 1188 5330 1283 5384; x_wconf 69' lang='grc' dir='ltr'>καὶ</span> <span class='ocrx_word' id='word_1_407' title='bbox 1316 5329 1416 5401; x_wconf 84' lang='grc' dir='ltr'><strong>τῆς</strong></span> <span class='ocrx_word' id='word_1_408' title='bbox 1460 5330 1571 5384; x_wconf 85' lang='grc' dir='ltr'><strong>τῶν</strong></span> <span class='ocrx_word' id='word_1_409' title='bbox 1601 5330 1852 5402; x_wconf 82' lang='grc' dir='ltr'>ἁμαρτα-</span> 
     </span>
    </p>
   </div>
   <div class='ocr_carea' id='block_1_64' title="bbox 279 5420 1848 5494">
    <p class='ocr_par' dir='ltr' id='par_1_64' title="bbox 279 5420 1848 5494">
     <span class='ocr_line' id='line_1_64' title="bbox 279 5420 1848 5494; baseline 0.004 -25"><span class='ocrx_word' id='word_1_410' title='bbox 279 5420 477 5473; x_wconf 67' lang='grc' dir='ltr'>νὶντων</span> <span class='ocrx_word' id='word_1_411' title='bbox 496 5421 852 5490; x_wconf 67' lang='grc' dir='ltr'>στοχάζεσθαι</span> <span class='ocrx_word' id='word_1_412' title='bbox 883 5421 1257 5492; x_wconf 79' lang='grc' dir='ltr'>προαιρέσεως</span> <span class='ocrx_word' id='word_1_413' title='bbox 1278 5439 1290 5453; x_wconf 77' lang='grc'><em>’</em></span> <span class='ocrx_word' id='word_1_414' title='bbox 1324 5421 1534 5492; x_wconf 82' lang='grc' dir='ltr'>μήποτε</span> <span class='ocrx_word' id='word_1_415' title='bbox 1587 5421 1758 5494; x_wconf 78' lang='grc' dir='ltr'>ῥάψαι</span> <span class='ocrx_word' id='word_1_416' title='bbox 1785 5422 1848 5476; x_wconf 83' lang='grc' dir='ltr'>τὸ</span> 
     </span>
    </p>
   </div>
   <div class='ocr_carea' id='block_1_65' title="bbox 284 5509 1846 5587">
    <p class='ocr_par' dir='ltr' id='par_1_65' title="bbox 284 5509 1846 5587">
     <span class='ocr_line' id='line_1_65' title="bbox 284 5509 1846 5587; baseline 0.004 -26"><span class='ocrx_word' id='word_1_417' title='bbox 284 5509 580 5582; x_wconf 67' lang='grc' dir='ltr'>διερρωγὸς</span> <span class='ocrx_word' id='word_1_418' title='bbox 615 5512 958 5583; x_wconf 82' lang='grc' dir='ltr'>βουλόμενος,</span> <span class='ocrx_word' id='word_1_419' title='bbox 994 5515 1176 5585; x_wconf 82' lang='grc' dir='ltr'>χεῖρον</span> <span class='ocrx_word' id='word_1_420' title='bbox 1204 5514 1265 5568; x_wconf 74' lang='grc' dir='ltr'>τὸ</span> <span class='ocrx_word' id='word_1_421' title='bbox 1309 5514 1519 5584; x_wconf 75' lang='grc' dir='ltr'>σχίσμα</span> <span class='ocrx_word' id='word_1_422' title='bbox 1577 5515 1810 5587; x_wconf 79' lang='grc' dir='ltr'>ποιήσῃς</span> <span class='ocrx_word' id='word_1_423' title='bbox 1832 5530 1846 5546; x_wconf 76' lang='grc' dir='ltr'><strong>ο</strong></span> 
     </span>
    </p>
   </div>
   <div class='ocr_carea' id='block_1_66' title="bbox 348 5674 850 5733">
    <p class='ocr_par' dir='ltr' id='par_1_66' title="bbox 348 5674 850 5733">
     <span class='ocr_line' id='line_1_66' title="bbox 348 5674 850 5733; baseline 0.008 -4"><span class='ocrx_word' id='word_1_424' title='bbox 348 5688 372 5716; x_wconf 79' lang='grc' dir='ltr'>ι</span> <span class='ocrx_word' id='word_1_425' title='bbox 405 5674 482 5730; x_wconf 86' lang='lat' dir='ltr'><strong>De</strong></span> <span class='ocrx_word' id='word_1_426' title='bbox 510 5678 850 5733; x_wconf 82' lang='lat' dir='ltr'><strong>correctione.</strong></span> 
     </span>
    </p>
   </div>
   <div class='ocr_carea' id='block_1_67' title="bbox 2317 5029 3280 5106">
    <p class='ocr_par' dir='ltr' id='par_1_67' title="bbox 2317 5029 3280 5106">
     <span class='ocr_line' id='line_1_67' title="bbox 2317 5029 3280 5106; baseline -0.002 0"><span class='ocrx_word' id='word_1_427' title='bbox 2317 5047 2604 5106; x_wconf 79' lang='lat' dir='ltr'><strong>JOANNIS</strong></span> <span class='ocrx_word' id='word_1_428' title='bbox 2653 5043 3157 5104; x_wconf 63' lang='lat' dir='ltr'><strong>cnnvsosroan</strong></span> <span class='ocrx_word' id='word_1_429' title='bbox 3182 5029 3280 5104; x_wconf 71' lang='grc'><strong>(1).</strong></span> 
     </span>
    </p>
   </div>
   <div class='ocr_carea' id='block_1_68' title="bbox 2246 5139 3252 5211">
    <p class='ocr_par' dir='ltr' id='par_1_68' title="bbox 2246 5139 3252 5211">
     <span class='ocr_line' id='line_1_68' title="bbox 2246 5139 3252 5211; baseline -0.004 -13"><span class='ocrx_word' id='word_1_430' title='bbox 2246 5143 2323 5198; x_wconf 78' lang='lat' dir='ltr'><strong>De</strong></span> <span class='ocrx_word' id='word_1_431' title='bbox 2355 5142 2718 5198; x_wconf 79' lang='lat' dir='ltr'><strong>emendatione</strong></span> <span class='ocrx_word' id='word_1_432' title='bbox 2749 5139 3170 5211; x_wconf 76' lang='lat' dir='ltr'><strong>delinquentium</strong></span> <span class='ocrx_word' id='word_1_433' title='bbox 3201 5149 3252 5194; x_wconf 76' lang='grc' dir='ltr'><strong>ι.</strong></span> 
     </span>
    </p>
   </div>
   <div class='ocr_carea' id='block_1_69' title="bbox 2032 5227 3535 5305">
    <p class='ocr_par' dir='ltr' id='par_1_69' title="bbox 2032 5227 3535 5305">
     <span class='ocr_line' id='line_1_69' title="bbox 2032 5227 3535 5305; baseline -0.005 -15"><span class='ocrx_word' id='word_1_434' title='bbox 2032 5235 2151 5292; x_wconf 86' lang='lat' dir='ltr'><strong>Non</strong></span> <span class='ocrx_word' id='word_1_435' title='bbox 2188 5233 2518 5305; x_wconf 86' lang='lat' dir='ltr'><strong>simpliciter</strong></span> <span class='ocrx_word' id='word_1_436' title='bbox 2569 5247 2668 5303; x_wconf 89' lang='lat' dir='ltr'><strong>pro</strong></span> <span class='ocrx_word' id='word_1_437' title='bbox 2696 5232 3021 5288; x_wconf 90' lang='lat' dir='ltr'><strong>delictorum</strong></span> <span class='ocrx_word' id='word_1_438' title='bbox 3069 5229 3235 5287; x_wconf 85' lang='lat' dir='ltr'><strong>modo</strong></span> <span class='ocrx_word' id='word_1_439' title='bbox 3263 5227 3535 5286; x_wconf 88' lang='lat' dir='ltr'><strong>correctio</strong></span> 
     </span>
    </p>
   </div>
   <div class='ocr_carea' id='block_1_70' title="bbox 1963 5317 3535 5396">
    <p class='ocr_par' dir='ltr' id='par_1_70' title="bbox 1963 5317 3535 5396">
     <span class='ocr_line' id='line_1_70' title="bbox 1963 5317 3535 5396; baseline -0.008 -10"><span class='ocrx_word' id='word_1_440' title='bbox 1963 5329 2211 5386; x_wconf 81' lang='lat' dir='ltr'><strong>facienda</strong></span> <span class='ocrx_word' id='word_1_441' title='bbox 2239 5337 2344 5392; x_wconf 89' lang='lat' dir='ltr'><strong>est,</strong></span> <span class='ocrx_word' id='word_1_442' title='bbox 2383 5325 2479 5383; x_wconf 83' lang='lat' dir='ltr'><strong>sed</strong></span> <span class='ocrx_word' id='word_1_443' title='bbox 2513 5324 2949 5396; x_wconf 84' lang='lat' dir='ltr'><strong>delinquentium</strong></span> <span class='ocrx_word' id='word_1_444' title='bbox 2978 5323 3146 5379; x_wconf 91' lang='lat' dir='ltr'><strong>simul</strong></span> <span class='ocrx_word' id='word_1_445' title='bbox 3200 5317 3535 5394; x_wconf 86' lang='lat' dir='ltr'><strong>spectandus</strong></span> 
     </span>
    </p>
   </div>
   <div class='ocr_carea' id='block_1_71' title="bbox 1961 5409 3530 5487">
    <p class='ocr_par' dir='ltr' id='par_1_71' title="bbox 1961 5409 3530 5487">
     <span class='ocr_line' id='line_1_71' title="bbox 1961 5409 3530 5487; baseline -0.009 -7"><span class='ocrx_word' id='word_1_446' title='bbox 1961 5431 2047 5480; x_wconf 90' lang='lat' dir='ltr'><strong>est</strong></span> <span class='ocrx_word' id='word_1_447' title='bbox 2071 5423 2292 5478; x_wconf 90' lang='lat' dir='ltr'><strong>animus</strong></span> <span class='ocrx_word' id='word_1_448' title='bbox 2319 5439 2332 5474; x_wconf 91' lang='lat'><strong>:</strong></span> <span class='ocrx_word' id='word_1_449' title='bbox 2368 5435 2438 5475; x_wconf 88' lang='lat' dir='ltr'><strong>ne</strong></span> <span class='ocrx_word' id='word_1_450' title='bbox 2471 5433 2597 5475; x_wconf 89' lang='lat' dir='ltr'><strong>cum</strong></span> <span class='ocrx_word' id='word_1_451' title='bbox 2621 5417 2704 5472; x_wconf 89' lang='lat' dir='ltr'><strong>vis</strong></span> <span class='ocrx_word' id='word_1_452' title='bbox 2729 5423 3018 5487; x_wconf 88' lang='lat' dir='ltr'><strong>rupturam</strong></span> <span class='ocrx_word' id='word_1_453' title='bbox 3044 5411 3280 5482; x_wconf 88' lang='lat' dir='ltr'><strong>sarcire,</strong></span> <span class='ocrx_word' id='word_1_454' title='bbox 3302 5409 3530 5468; x_wconf 84' lang='lat' dir='ltr'><strong>deterio-</strong></span> 
     </span>
    </p>
   </div>
   <div class='ocr_carea' id='block_1_72' title="bbox 1958 5501 3533 5581">
    <p class='ocr_par' dir='ltr' id='par_1_72' title="bbox 1958 5501 3533 5581">
     <span class='ocr_line' id='line_1_72' title="bbox 1958 5501 3533 5581; baseline -0.008 -8"><span class='ocrx_word' id='word_1_455' title='bbox 1958 5531 2074 5573; x_wconf 87' lang='lat' dir='ltr'><strong>rem</strong></span> <span class='ocrx_word' id='word_1_456' title='bbox 2107 5529 2226 5570; x_wconf 90' lang='lat' dir='ltr'><strong>eam</strong></span> <span class='ocrx_word' id='word_1_457' title='bbox 2250 5512 2420 5568; x_wconf 79' lang='lat' dir='ltr'><strong>facias</strong></span> <span class='ocrx_word' id='word_1_458' title='bbox 2448 5528 2462 5566; x_wconf 89' lang='lat'><strong>:</strong></span> <span class='ocrx_word' id='word_1_459' title='bbox 2487 5518 2540 5566; x_wconf 90' lang='lat' dir='ltr'><strong>et</strong></span> <span class='ocrx_word' id='word_1_460' title='bbox 2565 5525 2688 5566; x_wconf 88' lang='lat' dir='ltr'><strong>cum</strong></span> <span class='ocrx_word' id='word_1_461' title='bbox 2721 5511 2932 5581; x_wconf 77' lang='lat' dir='ltr'><strong>erigere</strong></span> <span class='ocrx_word' id='word_1_462' title='bbox 2956 5513 3291 5578; x_wconf 85' lang='lat' dir='ltr'><strong>prostratum</strong></span> <span class='ocrx_word' id='word_1_463' title='bbox 3321 5501 3533 5570; x_wconf 82' lang='lat' dir='ltr'><strong>studes,</strong></span> 
     </span>
    </p>
   </div>
   <div class='ocr_carea' id='block_1_73' title="bbox 348 5791 2709 5874">
    <p class='ocr_par' dir='ltr' id='par_1_73' title="bbox 348 5791 2709 5874">
     <span class='ocr_line' id='line_1_73' title="bbox 348 5791 2709 5874; baseline 0.003 -28"><span class='ocrx_word' id='word_1_464' title='bbox 348 5794 428 5866; x_wconf 85' lang='lat' dir='ltr'><strong>(t)</strong></span> <span class='ocrx_word' id='word_1_465' title='bbox 454 5791 567 5852; x_wconf 77' lang='lat' dir='ltr'><strong>Hoc</strong></span> <span class='ocrx_word' id='word_1_466' title='bbox 601 5795 985 5870; x_wconf 77' lang='lat' dir='ltr'><strong>fragmentum,</strong></span> <span class='ocrx_word' id='word_1_467' title='bbox 1021 5797 1149 5870; x_wconf 90' lang='lat' dir='ltr'><strong>quia</strong></span> <span class='ocrx_word' id='word_1_468' title='bbox 1184 5797 1592 5866; x_wconf 85' lang='lat' dir='ltr'><strong>brevissimum,</strong></span> <span class='ocrx_word' id='word_1_469' title='bbox 1623 5799 1712 5856; x_wconf 89' lang='lat' dir='ltr'><strong>hic</strong></span> <span class='ocrx_word' id='word_1_470' title='bbox 1744 5806 1988 5872; x_wconf 86' lang='lat' dir='ltr'><strong>repetere</strong></span> <span class='ocrx_word' id='word_1_471' title='bbox 2010 5815 2117 5858; x_wconf 91' lang='lat' dir='ltr'><strong>non</strong></span> <span class='ocrx_word' id='word_1_472' title='bbox 2152 5801 2318 5874; x_wconf 85' lang='lat' dir='ltr'><strong>piget.</strong></span> <span class='ocrx_word' id='word_1_473' title='bbox 2353 5799 2509 5857; x_wconf 79' lang='grc' dir='ltr'>Εοιτ.</span> <span class='ocrx_word' id='word_1_474' title='bbox 2533 5798 2709 5856; x_wconf 75' lang='lat' dir='ltr'><strong>Pun.-</strong></span> 
     </span>
    </p>
   </div>
  </div>
