3950 6564
189 334 299 404 729

1472 347 2195 415 GRIECO-ROMANUM.

3340 357 3446 428 730

188 446 511 514 ωυπὸλεως,
543 444 932 521 νέαςῬώμης,
963 449 1060 504 καλ⁴
1091 449 1470 523 οίκουμενικδς
1499 456 1770 530 πατριάρ-

1881 459 2379 534 ConstantinOpolis
2406 476 2562 520 novre
2579 460 2788 531 Roma,
2806 468 2862 520 et
2885 461 3216 520 universalis
3233 465 3466 536 patriar-

187 558 313 611 κηςο

257 632 371 687 Καὶ
417 633 601 705 ἰατρὸς
655 635 822 706 ἡδίων
865 637 1092 703 ἐκεῖνος,
1151 639 1247 694 καὶ
1285 641 1304 673 ¹
1360 641 1572 694 πολλῶν
1609 643 1762 707 ἄξιος

186 724 396 779 πόλεων
426 727 466 792 ⁸,
526 726 678 792 ὅστις
714 728 900 798 λοιμοῦ
953 730 1316 801 προσϐάλλειν
1381 735 1763 803 ἐπειγομένου,

188 816 318 883 πρὶν
345 815 677 886 εἰσπηδῆσαι
711 816 795 892 τὸ⁴
831 817 1004 871 κακὸν
1033 819 1264 886 διωθῶν,
1311 824 1508 892 πεῖραν
1537 823 1637 893 τῆς
1671 817 1761 876 νό-

188 919 283 956 σου
313 903 502 957 λαϐεῖν
535 905 636 958 οὐκ
676 908 741 977 ἐᾷ
769 889 795 936 ’ί
840 907 1056 961 δίαιταν
1109 909 1164 962 δὲ
1199 889 1605 983 ὑποτιθέμενος*
1644 912 1767 966 ἀνο-

190 1014 304 1061 σον,
351 999 527 1072 ταύτῃ
549 1001 664 1062 τοῖς
688 1000 907 1071 σώμασι
941 1003 1110 1073 ρῶσιν
1157 1003 1444 1060 ἀκίνδυνον
1501 1023 1766 1078 πραγμα-

185 1088 428 1143 τεύεται.
473 1091 628 1144 Ἐπεὶ
663 1092 810 1158 ἅπαξ
835 1094 1246 1165 εἰσπηδήσασαν
1301 1095 1472 1162 ἔνδον,
1542 1099 1640 1152 καὶ
1699 1100 1767 1154 τὰ

189 1178 423 1250 σώματα
461 1180 618 1253 δίκην
651 1184 824 1254 πυρὸς
852 1186 1180 1258 νεμομένην,
1212 1188 1368 1258 μόλις
1413 1189 1481 1243 ἂν
1511 1189 1765 1262 δυνηθείη

183 1271 504 1325 ἀναστεῖλαι
521 1274 616 1327 καὶ
652 1275 946 1342 ἀπελάσαι,
979 1279 1077 1349 τῆς
1105 1281 1419 1354 ἐπιστήμης
1439 1283 1587 1353 αὑτῷ
1609 1284 1770 1352 ἀναγ-

185 1362 357 1426 καίως
429 1365 694 1421 πάντοθεν
765 1372 1204 1444 παραχωρούσης
1265 1375 1344 1446 τῷ
1416 1377 1630 1448 σφοδρῷ
1675 1376 1768 1430 τοῦ

187 1453 515 1523 παθήματος
573 1459 616 1512 ³.
671 1459 783 1512 Καὶ
842 1461 1032 1532 ψυχῶν
1102 1465 1287 1537 ἰατρὸς
1345 1467 1588 1540 εὐχερῶς
1645 1470 1771 1524 τού-

186 1560 293 1597 των
324 1545 449 1610 πῶς
507 1548 938 1622 ἀντιποιήσαιτο,
993 1555 1142 1621 ὅστις
1195 1560 1468 1624 παντοίως
1516 1561 1720 1634 ἀνέστη
1749 1564 1772 1597 ³

187 1637 315 1708 πρὶν
379 1641 724 1712 είσκωμάσαι
755 1644 854 1715 τὴν
887 1646 1064 1713 νόσον,
1116 1652 1537 1720 προφυλακτικὰ
1595 1657 1772 1726 σωτή-

190 1748 278 1802 ρια
331 1733 496 1802 λόγου
563 1738 833 1808 φάρμακα
872 1744 1276 1814 κερασάμενος,
1313 1748 1408 1800 καὶ
1466 1749 1540 1820 μὴ
1600 1751 1768 1816 ἐάσας

186 1823 401 1893 ταύτην
434 1827 715 1899 πάνδημον
752 1835 1153 1904 καταχορεῦσαι
1177 1839 1320 1892 κατὰ
1379 1841 1481 1910 τῆς
1533 1841 1770 1910 φύσεως.

193 1915 333 1988 Ἤδη
369 1918 429 1971 δὲ
461 1919 556 1973 τοῦ
591 1921 764 1976 δεινοῦ
791 1927 1181 1996 εἰσφθαρέντος
1219 1933 1312 1986 καὶ
1337 1933 1530 2002 χρόνον
1583 1934 1777 2006 συχνὸν

188 2007 286 2071 τὰς
303 2010 423 2065 τῶν
472 2013 684 2067 πολλῶν
737 2017 1002 2083 πολλάκις
1045 2023 1618 2094 ἐπικατανεμηθέντος
1674 2027 1778 2096 ψυ-

189 2100 310 2169 χὰς,
345 2103 597 2176 ἐργώδης
629 2107 744 2160 ἀλλ’
771 2110 871 2164 οὐκ
909 2112 1144 2185 εὐχερὴς
1190 2116 1223 2184 ἠ
1287 2113 1530 2186 βοήθεια,
1577 2120 1672 2171 καὶ
1710 2117 1779 2172 τὰ

189 2193 277 2246 ἐπὶ
312 2195 498 2268 ταύτῃ
535 2199 1047 2273 ,δυσμεταχείριστα
1092 2206 1386 2277 φάρμακα.
1443 2208 1606 2264 Ἀλλά
1663 2212 1778 2274 τοῖς

193 2285 290 2355 μὲν
315 2283 482 2352 αὖθις
513 2291 906 2363 φυλαξομένοις
935 2295 1000 2349 τὸ
1039 2297 1208 2362 πάθος
1253 2300 1546 2372 πρόχειρος
1576 2303 1609 2373 ἡ
1663 2319 1773 2356 σω-

189 2378 380 2446 τηρία,
409 2382 505 2434 καὶ
534 2382 594 2436 τὸ
617 2383 900 2454 διαφυγεῖν
925 2389 1019 2442 τὸν
1049 2390 1172 2444 δλεθ
1185 2409 1299 2461 ρον,
1328 2393 1537 2465 ῥᾴδιον.
1600 2396 1663 2449 Οἱ
1719 2395 1776 2448 δέ

191 2470 510 2540 φθάσαντες
565 2482 886 2546 περιπεσεῖν
908 2481 984 2552 τῷ
1008 2481 1187 2553 δεινῷ,
1219 2485 1464 2555 ἀπῆλθον
1495 2480 1642 2541 οὗτοι
1677 2488 1779 2560 τὴν

189 2566 253 2618 ἐκ
283 2565 393 2634 τῆς
431 2566 588 2621 νόσου
660 2569 865 2641 βλάόην
909 2572 1361 2631 δυσαπάλλακτον
1418 2579 1637 2644 ἑαυτοῖς
1683 2581 1781 2635 καὶ

189 2658 318 2729 ὅλην
400 2662 869 2734 ἀπομορξάμενοι.
911 2668 1125 2741 Ὥσπερ
1176 2667 1268 2724 οὖν
1325 2670 1402 2742 τῷ
1462 2673 1618 2744 κακῷ
1671 2691 1778 2729 τινι

190 2757 650 2817 περιπεπτωκότι
718 2759 780 2810 τὺ
837 2759 997 2813 τοῦτο
1038 2761 1321 2832 διαφυγεῖν
1379 2767 1629 2836 κρεῖττον
1681 2765 1779 2821 τοῦ

194 2847 709 2918 συγκατορυχθῆναι
763 2851 932 2922 αὐτῷ,
971 2853 1066 2906 καὶ
1113 2855 1173 2908 τὸ
1230 2856 1544 2912 ἀναστεῖλαι
1580 2859 1780 2913 σοὸάδα

193 2937 354 2992 νόσον
378 2939 473 2993 καὶ
497 2941 777 3012 πάνδημον
836 2946 980 3010 κατὰ
1020 2947 1290 3013 σωμάτων
1347 2950 1778 3021 κυμαινομένην,

194 3029 289 3081 καὶ
355 3031 542 3084 πᾶσαν
583 3032 800 3102 ἡλικίαν
859 3034 1222 3109 βοσκομένην,
1289 3041 1382 3093 καὶ
1433 3041 1610 3109 γένος,
1686 3041 1782 3096 τοῦ

1863 557 1989 610 cha.

1938 649 2002 704 Et
2049 649 2296 705 medicus
2341 651 2432 707 ille
2481 651 2723 718 suavior,
2759 658 2861 707 etc
2906 649 3096 706 multis
3133 647 3449 705 civitatibus

1865 738 2088 810 dignus,
2127 741 2220 810 qui
2271 741 2581 811 pestilentia
2616 741 2936 798 imminente
2963 780 2978 805 ,
3021 741 3222 795 malum
3266 738 3450 809 prius-

1867 843 2029 900 quam
2068 839 2348 898 grassetur
2386 831 2680 899 repellens,
2714 829 3018 899 periculum
3060 829 3235 882 morbi
3269 826 3450 881 tacere

1868 937 1976 976 non
2005 921 2136 977 sinit
2167 939 2180 974 :
2220 922 2609 994 salubremque
2645 923 3016 994 praescribens
3064 921 3332 974 rationem
3363 917 3450 971 vi-

1869 1026 2014 1080 ctus,
2061 1015 2388 1085 corporibus
2423 1017 2714 1072 sanitatem
2751 1017 2872 1072 sine
2925 1014 3169 1086 periculo
3204 1024 3452 1082 peream

1869 1108 2149 1177 conciliat,
2180 1123 2304 1164 cum
2335 1110 2384 1164 si
2414 1110 2582 1166 semel
2622 1109 2854 1166 interius
2885 1108 3160 1164 iusiluerit
3210 1121 3275 1160 ac
3309 1105 3452 1174 ignis

1871 1203 2047 1258 instar
2099 1218 2330 1274 corpora
2379 1203 2732 1274 depascatur,
2779 1205 2867 1258 vix
2912 1202 3137 1273 reprimi
3186 1201 3362 1270 possit
3397 1207 3452 1253 et.

1871 1295 2014 1366 abigi
2047 1313 2060 1349 :
2101 1296 2232 1366 quin
2283 1297 2594 1352 necessario
2624 1297 2799 1351 morbi
2837 1295 3178 1350 vehementia
3208 1291 3453 1346 iuellica-

1872 1403 1991 1443 cem
2021 1389 2348 1446 medicinam
2370 1391 2516 1444 omni
2541 1406 2602 1445 ex
2636 1399 2787 1460 parte
2821 1387 3034 1442 reddat.
3061 1385 3126 1439 Et
3147 1385 3451 1439 animarum

1874 1480 2123 1536 medicus
2157 1482 2273 1537 haec
2305 1491 2428 1550 apte
2444 1483 2550 1538 sibi
2571 1480 3092 1544 accommodaverit,
3121 1479 3237 1548 qui,
3265 1477 3454 1548 prius-

1875 1589 2039 1642 quam
2072 1574 2300 1630 morbus
2323 1584 2677 1645 propagetur,
2702 1575 2928 1629 omnino
2963 1572 3246 1636 restiterit,
3273 1583 3456 1624 reme-

1875 1666 1963 1720 dia
1999 1667 2436 1736 pracservatoria,
2478 1666 2826 1722 sermonibus
2855 1666 3150 1736 pharmaca
3192 1664 3453 1726 miscens,

1877 1771 1980 1812 nec
2010 1759 2336 1826 permittens
2374 1774 2498 1813 eum
2534 1759 2737 1829 passim
2770 1768 2960 1813 contra
2994 1764 3244 1810 naturam
3278 1752 3457 1808 insul-

1878 1857 2013 1905 tare.
2057 1851 2194 1906 Cum
2227 1859 2408 1906 autem
2439 1850 2650 1907 doloris
2685 1851 2887 1905 malum
2930 1851 3075 1903 intro
3106 1863 3165 1903 se
3205 1846 3458 1901 insinua-

1875 1941 2036 2004 verit,
2087 1950 2143 1996 et
2190 1941 2350 2011 longo
2402 1950 2649 2012 tempore
2708 1943 3004 1996 multorum
3057 1941 3271 1993 animas
3317 1950 3459 2006 saepe

1875 2030 2160 2099 depastum
2205 2029 2390 2096 fuerit,
2431 2031 2649 2086 diilicile
2680 2040 2766 2086 est
2808 2045 2908 2086 nec
2934 2032 3256 2102 [promptum
3300 2025 3460 2080 auxi-

1877 2122 2032 2189 lium,
2085 2130 2141 2176 et
2198 2122 2594 2177 medicamenta
2645 2123 2894 2178 adhiberi
2941 2121 3029 2176 vix
3073 2127 3324 2190 possunt.
3352 2117 3457 2173 Sed

1877 2225 1908 2267 e
1935 2213 2237 2278 contrario,
2268 2212 2338 2267 iis
2364 2213 2456 2282 qui
2492 2229 2522 2267 a
2553 2213 2688 2267 vitio
2726 2220 2943 2275 cavent,
2980 2212 3129 2267 salus
3162 2219 3374 2281 parata,
3405 2217 3461 2264 et

1877 2313 1964 2359 est
2015 2304 2172 2360 facile
2215 2305 2389 2360 vitare
2439 2306 2762 2376 perniciem.
2803 2304 2906 2372 Qui
2947 2311 3128 2358 autem
3167 2303 3222 2357 in
3252 2302 3456 2356 malum

1879 2395 2190 2451 inciderunt
2217 2437 2232 2462 ,
2267 2397 2300 2450 ii
2333 2398 2581 2454 abstersa
2616 2399 2794 2452 morbi
2828 2389 3004 2462 noxa,
3043 2394 3459 2466 inexpugnabili

1879 2496 1935 2541 et
1972 2494 2106 2554 tota,
2136 2488 2438 2554 perierunt.
2470 2488 2942 2556 Quemadmodum
2978 2489 3144 2558 igitur
3167 2487 3217 2542 ei
3243 2487 3334 2557 qui
3375 2487 3460 2539 in-

1879 2579 2012 2634 cidit
2035 2580 2088 2634 in
2109 2581 2402 2652 quodpiam
2435 2583 2659 2649 malum,
2683 2581 2921 2652 effugere
2946 2583 3141 2637 melius
3164 2589 3248 2636 est
3295 2594 3460 2650 quam

1879 2671 2044 2727 simul
2076 2687 2200 2727 cum
2234 2686 2302 2728 eo
2333 2673 2592 2744 sepeliri,
2631 2683 2687 2729 et
2733 2682 3074 2745 grassantem
3109 2673 3358 2731 morbum
3399 2685 3466 2727 ac

1880 2764 2044 2834 vulgo
2095 2777 2194 2834 per
2247 2779 2478 2836 corpora
2545 2774 2913 2830 aestuantem,
2968 2766 3465 2836 depascentemque

1879 2870 2096 2910 omnem
2129 2863 2342 2911 atatem
2373 2865 2426 2911 et
2445 2872 2657 2919 sexum,
2677 2857 2852 2913 satius
2873 2865 2960 2912 est
2994 2870 3250 2913 coercere
3297 2868 3463 2924 quam

1881 2949 1999 3004 sine
2020 2947 2414 3019 impedimento
2429 2949 2612 3006 sinere
2638 2950 2800 3005 latius
2821 2949 3083 3003 ditl‘undi:
3111 2948 3212 3013 sic,
3239 2944 3464 3016 quando

1880 3043 2075 3098 vitium
2123 3044 2180 3097 in
2229 3043 2524 3112 perniciem
2583 3051 2638 3097 et
2696 3044 3107 3112 corruptionem
3155 3040 3463 3094 animarum

193 3120 365 3174 ἐᾶσαι
407 3126 608 3190 χωρεῖν
679 3127 1126 3196 ἀνεπικωλύτως,
1170 3132 1317 3186 ἐστὶν
1380 3132 1776 3204 αἱρετώτερον·

1883 3134 2103 3199 accidit,
2151 3148 2404 3190 resecare
2429 3145 2479 3189 ct
2512 3136 2709 3191 sistere
2753 3151 2816 3191 ex
2849 3150 2914 3190 eo
2948 3147 3183 3189 nascens
3211 3131 3463 3196 exitium,

193 3211 340 3265 οὕτω
376 3214 474 3266 καὶ
497 3215 702 3280 πάθους
731 3218 824 3271 ἐπὶ
857 3218 1003 3291 λύμῃ
1044 3222 1139 3275 καὶ
1171 3222 1427 3292 σηπεδόνι
1457 3224 1648 3296 ψυχῶν
1675 3228 1779 3296 ἐμ-

197 3307 484 3375 πεσόντος,
518 3311 792 3382 ἀνακόψαι
822 3314 916 3368 καὶ
946 3315 1142 3386 στῆσαι
1175 3316 1266 3370 τὸν
1297 3318 1362 3370 ἐκ
1407 3317 1600 3371 τούτου
1657 3320 1784 3372 ἐπιδ

197 3405 475 3474 φυόμενον
503 3405 742 3477 ὄλεθρον,
780 3409 1066 3464 ἐπαινετὸν
1091 3410 1228 3482 ὁμοῦ
1264 3413 1358 3471 καὶ
1386 3412 1505 3483 Θεῷ
1527 3413 1783 3485 ἀρέσκον,

197 3499 296 3551 καὶ
366 3502 480 3562 τοῖς
541 3498 780 3568 λογικοῖς
817 3503 1096 3572 ε,ποιμέσιν
1151 3503 1282 3575 ἡμῖν
1342 3506 1655 3577 πρόσφορόν
1724 3525 1782 3562 τε

201 3594 384 3644 ποιεῖν
430 3593 525 3645 καὶ
574 3594 853 3665 ἁρμόδιον.
921 3596 1074 3650 Ἐπεὶ
1120 3598 1302 3652 τοίνυν
1348 3599 1442 3654 τὸν
1491 3599 1587 3654 τοῦ
1651 3601 1786 3673 Χρι-

201 3685 329 3738 στοῦ
401 3686 550 3750 λαὸν,
602 3687 662 3740 ὃν
732 3689 809 3758 τῷ
874 3689 1058 3759 οἰκείῳ
1111 3683 1264 3754 οὗτος
1312 3690 1647 3764 ἐξηγόρασεν
1699 3694 1785 3747 αῖ-

202 3794 361 3846 ματι,
390 3779 452 3829 τὸ
475 3779 628 3847 ἅγιον
666 3779 838 3846 ἔθνος,
869 3781 1036 3834 πάλαι
1081 3783 1181 3852 μέν
1212 3785 1272 3837 τὸ
1303 3785 1644 3840 διδασκάλιον
1677 3785 1787 3840 τῶν

200 3871 365 3924 θείων
388 3873 485 3924 καὶ
541 3873 703 3943 ἱερῶν
762 3874 1100 3940 ἀποστόλων,
1148 3877 1244 3930 καὶ
1299 3877 1409 3930 τῶν
1446 3878 1787 3949 μετ’,αύτοὺς

199 3962 360 4027 αὖθις
387 3965 564 4032 ἁγίων
640 3966 922 4038 Πατέρων,
953 3968 1118 4020 οἱονεί
1148 3985 1271 4022 τινα
1319 3968 1487 4034 θείοις
1550 3971 1735 4040 νόμοις
1764 3971 1788 4004 ⁵

201 4057 692 4126 περιεχαράκωσεν
738 4056 1018 4126 ἄμπελον,
1078 4058 1241 4129 ῖερῶς
1287 4059 1386 4130 ήδη
1443 4077 1789 4131 καταφυτευ-

203 4150 391 4203 θεῖσαν
440 4148 519 4219 τῷ
567 4149 742 4204 πάντα
777 4151 859 4214 είς
909 4155 970 4204 τὸ
1011 4146 1151 4205 εἶναι
1203 4152 1588 4223 παραγαγόντι
1642 4151 1784 4222 Θεῷ,

202 4243 542 4313 περικόπτειν
581 4242 757 4315 πάντη
788 4246 832 4309 ⁸,
878 4245 975 4297 καὶ
1045 4245 1418 4317 ἀποκαθαῖρον
1494 4245 1588 4300 ἐπὶ
1639 4245 1785 4319 λύμῃ

202 4337 298 4405 τῆς
341 4335 562 4403 φύσεως
586 4337 1020 4408 ἀρρωστήματα,
1047 4340 1142 4391 καὶ
1181 4339 1361 4393 πᾶσαν
1381 4339 1557 4410 ὁρμὴν
1592 4339 1783 4418 ἄνετον

203 4426 426 4479 ἐθνικοῦ
463 4425 580 4497 βίου
607 4429 727 4490 ταῖς
753 4429 1013 4495 φυσικαῖς
1046 4427 1364 4498 ἐπιθυμίαις
1405 4428 1782 4493 δουλεύουσαν,

1883 3226 2158 3283 laudabile
2187 3228 2351 3283 simul
2379 3236 2434 3282 et
2461 3227 2568 3283 Deo
2591 3236 2841 3299 gratum:
2873 3237 2928 3283 ct
2963 3235 3020 3282 ut
3055 3241 3082 3280 a
3112 3226 3271 3280 nubis
3300 3223 3471 3278 ratio-

1883 3318 2104 3375 nalibus
2156 3320 2474 3390 pastoribus
2517 3321 2630 3384 ﬂat,
2681 3322 3013 3377 conveniens
3068 3335 3131 3375 ac
3173 3324 3471 3373 consenta-

1884 3428 2069 3469 neum.
2106 3411 2378 3478 Quoniam
2413 3414 2579 3484 igitur
2599 3411 2801 3468 Christi
2838 3414 3122 3484 populum,
3157 3426 3318 3482 quem
3351 3409 3469 3479 ipse

1885 3523 1986 3565 suo
2023 3509 2292 3580 sanguine
2321 3508 2573 3574 redemit,
2611 3517 2856 3564 sanctam
2892 3517 3130 3578 gentem,
3165 3505 3470 3573 antiquitus

1885 3599 2106 3672 quidem
2133 3600 2429 3670 disciplina
2459 3601 2766 3655 divinorum
2793 3607 2846 3654 et
2867 3613 3153 3653 sacrorum
3194 3597 3474 3666 apostolo-

1885 3707 2028 3756 rum,
2057 3701 2110 3747 et
2132 3692 2223 3762 qui
2255 3706 2350 3746 eos
2385 3692 2560 3747 secuti
2589 3698 2741 3756 sunt,
2785 3705 2981 3745 rursus
3008 3696 3326 3742 sanctorum
3368 3682 3474 3737 Pa-

1885 3790 2056 3846 trum,
2111 3783 2261 3837 velut
2312 3783 2606 3852 quamdam
2655 3783 2868 3836 vineam
2921 3781 2941 3821 τ
3009 3781 3211 3836 divinis
3272 3777 3472 3847 sepivit

1885 3873 2122 3942 legibus,
2155 3872 2636 3942 sacrosanctejam
2681 3872 2976 3942 plantatam
3010 3886 3038 3924 a
3071 3871 3180 3924 Deo
3208 3867 3388 3922 omnia
3414 3867 3471 3921 in

1886 3964 2185 4020 essentiam
2216 3963 2552 4034 producente
2580 3978 2836 4020 resecans
2854 3965 2879 4004 ε
2895 3963 3119 4018 omnino
3135 3972 3182 4016 et
3205 3975 3468 4030 purgans,

1886 4069 2010 4127 qua:
2043 4065 2295 4110 naturam
2328 4056 2553 4120 lzedunt,
2587 4054 3008 4118 imbecillitates,
3027 4060 3081 4107 et
3116 4066 3332 4107 onmem
3357 4049 3474 4104 dis-

1888 4149 2128 4204 solutum
2164 4148 2384 4220 gentilis
2429 4148 2555 4203 vitae
2605 4148 2867 4218 impetum
2919 4145 3278 4200 naturabihus
3318 4143 3475 4213 cupi-

1889 4242 2156 4298 ditatibus
2205 4241 2620 4305 inservientem,
2662 4238 2830 4294 veluti
2862 4238 3148 4308 quemdam
3195 4237 3468 4290 tluvialcn'i

1890 4350 2112 4392 cursum
2137 4373 2154 4399 ,
2192 4335 2487 4389 irruentem
2521 4333 2575 4388 in
2614 4332 2892 4403 primariae
2917 4329 3172 4400 imaginis
3209 4328 3468 4396 injuriam

1888 4427 2188 4484 refrenavit
2231 4438 2286 4484 et
2327 4427 2668 4498 compescuit
2719 4444 2731 4479 :
2787 4436 2980 4496 prmter
3024 4434 3204 4478 autem
3253 4421 3472 4476 divinos

204 4518 462 4589 καθάπερ
487 4519 627 4580 τινὰ,
682 4505 950 4590 ποτάμιον
983 4519 1130 4590 ῥοῦν,
1177 4522 1262 4590 ἐφ’
1297 4520 1452 4592 ὕϐρει
1497 4521 1596 4591 τῆς
1630 4522 1777 4592 ἀρχε-

1895 4533 2157 4583 canones,
2207 4529 2259 4574 et
2298 4519 2487 4574 civiles
2535 4519 2683 4588 leges
2725 4517 2780 4570 in
2827 4531 2922 4570 eos
2977 4515 3068 4584 qui
3115 4515 3315 4584 pietate
3363 4525 3470 4565 non

202 4609 379 4662 τύπου
456 4609 664 4672 εἰκόνος
742 4611 1064 4681 φερόμενον,
1139 4611 1446 4682 ἀνεχαίτισε
1506 4613 1602 4666 καὶ
1698 4614 1777 4666 ἀν⁴

1893 4610 2085 4665 imbuti
2125 4618 2275 4675 sunt,
2309 4608 2406 4665 sed
2450 4609 2644 4680 procul
2671 4608 2740 4662 ab
2765 4622 2829 4662 eo
2857 4605 3000 4676 quod
3032 4605 3190 4660 decet
3231 4603 3478 4676 praecipi-

209 4701 420 4754 ἔστειλε
446 4715 460 4730 ⁸
515 4701 651 4772 πρὸς
691 4702 746 4755 δέ
768 4705 882 4764 τοῖς
920 4702 1086 4766 θείοις
1112 4703 1450 4767 κανόσι,·καὶ
1485 4703 1638 4775 νόμοι
1692 4721 1777 4758 πο-

1892 4704 2013 4768 tati,
2053 4703 2295 4774 gladium
2337 4701 2583 4772 quotidie
2626 4700 2842 4755 vibrant
2877 4716 2890 4751 :
2946 4698 3025 4752 sic
3073 4699 3358 4768 oportebat
3389 4709 3479 4749 sa-

204 4793 405 4846 λιτικοὶ
451 4795 564 4856 τοῖς
607 4793 683 4864 μὴ
710 4795 774 4864 τῇ
807 4794 1062 4866 εὐσεϐείᾳ.
1115 4794 1414 4866 στοιχοῦσι,
1482 4797 1700 4866 μακρὰν
1733 4797 1777 4849 δὲ

1891 4811 2041 4851 cram
2069 4804 2284 4867 gentem
2317 4795 2372 4849 in
2408 4809 2547 4864 pura
2599 4791 2942 4848 conscientia
2973 4790 3193 4860 degere,
3244 4797 3301 4843 et
3343 4787 3476 4841 nihil

203 4884 299 4937 τοῦ
354 4884 568 4948 δέοντος
621 4883 1207 4956 ἐκτραχηλιαζομένοις
1236 4888 1279 4952 ⁸⁸,
1359 4887 1634 4958 ὁσημέραι
1687 4888 1777 4960 τὴκ

1889 4904 2076 4945 eorum
2136 4903 2260 4958 quze
2311 4887 2585 4957 prohibita
2649 4893 2780 4940 sunt
2839 4886 2966 4939 huic
3024 4881 3478 4952 superinducere,

209 4977 489 5047 μάχαιραν
549 4977 853 5030 ἐπισείουσι
881 4993 895 5010 ο
927 4977 1084 5030 τοῦτο
1125 4978 1293 5049 ἐχρῆν
1341 4978 1402 5032 τὸ
1445 4980 1602 5046 ἅγιον
1631 4979 1777 5042 ἔθνος

1897 4981 2169 5049 vitamque
2196 4986 2442 5033 nostram
2478 4979 2836 5032 conturbare.
2867 4977 3043 5030 Divini
3064 4977 3209 5029 enim
3237 4987 3478 5028 canones

206 5071 264 5121 ἐν
329 5068 560 5139 καθαρῷ
619 5069 696 5139 τῷ
750 5069 1014 5123 συνειδότι
1082 5069 1254 5139 βιοῦν,
1301 5071 1398 5124 καὶ
1458 5071 1626 5142 μηδὲν
1677 5069 1777 5124 τῶν

1896 5081 1949 5126 ct
1976 5069 2163 5125 civiles
2191 5070 2338 5139 leges
2363 5069 2711 5138 asperitatem
2741 5069 2990 5121 humanae
3017 5078 3219 5120 naturae
3239 5062 3480 5132 compla-

207 5161 1022 5232 ἀπειρημένωνἐπεισάγεσθαι
1074 5161 1272 5232 τούτῳ,
1300 5163 1394 5214 καὶ
1443 5162 1534 5214 τὸν
1594 5162 1795 5232 ἡμέτε-

209 5269 303 5322 ρον
336 5253 451 5323 βίον
506 5255 856 5310 καταθολοῦν.
909 5254 1054 5308 Θεῖοι
1125 5255 1225 5326 μὲν
1263 5256 1370 5326 γὰρ
1425 5255 1658 5317 κανόνες
1696 5254 1792 5308 καὶ

207 5345 364 5416 νόμοι
399 5346 666 5402 πολιτικώ⁸
713 5348 827 5420 βίον
866 5348 1232 5420 πνευματικὸν
1277 5349 1372 5402 καὶ
1404 5347 1509 5419 ήθη
1553 5348 1767 5418 χρηστὰ

1897 5170 2114 5228 nantes,
2145 5161 2448 5231 spiritalem
2480 5161 2646 5215 vitam
2678 5160 2966 5232 bonosque
2999 5173 3178 5212 mores
3204 5153 3477 5208 mentibus

1903 5257 2110 5311 nostris
2146 5255 2457 5309 ﬁrmissime
2485 5254 2806 5320 imprimunt
2843 5271 2856 5306 :
2909 5260 2968 5305 ut
3006 5251 3127 5305 sine
3157 5249 3278 5301 vitae
3307 5243 3480 5296 oﬂ'eu-

1901 5345 2086 5400 diculo
2117 5323 2509 5416 rempublicam
2553 5343 2774 5398 nomine
2799 5342 3018 5413 dignam
3057 5336 3202 5394 omni
3232 5345 3482 5402 tempore

1483 5509 1720 5566 VARIAS
1766 5509 2168 5565 LECTIONES.

283 5644 300 5678 ⁸
329 5644 527 5700 πολλοῦ
551 5647 700 5711 ἄξιος
732 5649 940 5704 πόλεσι.
1019 5653 1038 5684 ⁸
1065 5652 1390 5720 νοσήματος.
1466 5649 1486 5683 ³
1519 5650 1772 5724 ἀντέστη.

290 5822 314 5851 ο
353 5829 413 5865 ac
447 5816 624 5884 "regni
652 5816 951 5873 ciritatibus
990 5805 1355 5886 restituendus,

1479 5819 1496 5862 ί
1523 5822 1714 5876 divitiis
1747 5823 1976 5895 undique
2007 5823 2208 5891 sopivit.

1847 5649 2076 5722 ι’νόμοις
2105 5648 2390 5704 πάντοθεν.
2465 5650 2486 5681 ⁸
2526 5649 2730 5702 πάντα.
2793 5633 3403 5714 ⁸ἐκτραχηλιζομένοις.

2328 5821 2355 5861 τ
2371 5835 2608 5875 resccaus
2663 5833 2865 5873 attines.
