3950 6572
521 342 629 410 ’131

1820 337 1854 398 Ι
1862 337 1963 399 US
1991 335 2440 400 CANONICUM

3680 341 3803 406 732

517 446 814 510 ostendere
851 445 1148 519 possimus.
1184 443 1253 500 Et
1281 458 1408 501 cum
1431 442 1668 501 radicem
1696 457 1760 500 ac
1782 444 2104 500 fundamen-

2210 444 2269 498 τδ
2288 447 2558 518 τραχῦνον
2578 447 2677 518 τῆς
2694 433 3044 517 ἀνθρωπίνης
3063 443 3522 518 καθομαλίζοντες
3549 447 3802 518 φύσεως,

457 601 460 606 ,
519 552 637 597 tum
675 553 901 612 genere,
934 546 1244 608 nostrteque
1280 544 1488 592 natura:
1521 536 1814 603 oﬂicinam,
1850 536 2108 591 honestas

529 640 804 689 noverunt
833 646 956 688 esse
983 630 1224 699 nuptias,
1261 637 1319 684 ut
1347 628 1671 686 munditiem
1705 629 2108 699 puritatemque

517 725 634 795 jam
666 724 738 779 ab
762 725 879 794 ipsa
907 722 1089 778 radice
1104 720 1321 785 habeat,
1356 736 1457 776 nec
1485 722 1612 776 ullis
1635 721 1893 792 vituperii
1918 737 2107 793 asper-

523 815 740 886 ginibus
773 821 1175 885 conspurcetur
1217 813 1402 884 (grave
1445 829 1686 886 namque
1722 823 1808 871 est
1835 829 1959 871 cum
1987 816 2106 873 l‘ru-

495 941 497 947 ι
521 916 710 964 mento
740 908 930 962 lolium
954 907 1110 976 seri),
1133 907 1301 962 variis
1323 914 1769 976 argumentorum
1799 908 2107 964 rationibus

521 1007 580 1056 et
603 999 1125 1055 connuonitionibus
1157 999 1526 1062 muniverunt,
1557 999 1779 1056 illicitas
1818 1001 2043 1071 nuptias
2075 1015 2106 1055 a

522 1091 782 1163 legitimis
817 1093 1010 1162 procul
1036 1099 1402 1160 removentes,
1445 1099 1540 1147 aut
1586 1094 1751 1148 etiam
1792 1094 2054 1151 honestas
2079 1091 2107 1132 δ

526 1184 924 1252 discernentes,
949 1193 1003 1240 et
1024 1201 1120 1242 eos
1146 1186 1240 1256 qui
1256 1186 1367 1256 jam
1393 1187 1511 1257 ipsa
1533 1194 1748 1241 natura:
1773 1187 2108 1244 necessitate

525 1278 868 1348 coniugalem
888 1278 1054 1332 vitam
1080 1279 1509 1349 amplectuntur,
1529 1278 1596 1332 ad
1623 1279 1720 1333 has
1749 1279 2108 1335 cohortantur

523 1376 581 1424 et
607 1368 912 1424 inducunt:
950 1369 1182 1426 suadent
1212 1378 1395 1425 autem
1424 1381 1483 1426 ut
1508 1371 1630 1427 illas
1664 1387 1695 1426 a
1717 1386 1818 1427 suo
1843 1372 2108 1441 repellant

523 1461 808 1531 coniugio,
834 1469 888 1517 et
918 1463 1147 1519 omnino
1175 1473 1520 1520 aversentur.
1551 1462 1690 1519 Olim
1725 1465 1870 1519 enim
1894 1466 2103 1534 lsraeli,

522 1567 652 1608 cum
690 1551 785 1608 Dei
827 1554 1045 1625 signum
1091 1556 1569 1612 circumcisionem
1619 1557 1812 1614 fuisset
1852 1559 2104 1624 sortitus,

523 1643 846 1714 nuptiarum
884 1645 1008 1716 jura
1053 1662 1149 1718 per
1191 1649 1436 1719 singulas
1469 1650 1646 1706 tribus
1691 1652 2022 1722 regebantur
2057 1653 2104 1716 ί,

525 1733 840 1804 legislatore
865 1737 1188 1794 excludente
1207 1741 1489 1810 gentilium
1513 1756 1634 1796 cum
1664 1756 1730 1797 eo
1751 1744 2106 1799 consuetudi-

523 1840 648 1880 nem
671 1836 724 1880 et
744 1827 1205 1885 commistionem.
1226 1828 1424 1886 Generi
1443 1841 1624 1887 autem
1671 1834 1775 1889 sibi
1811 1835 2102 1892 asciscenti

527 1917 616 1971 sui
656 1921 872 1986 generis
897 1919 1236 1986 allinitatem,
1264 1924 1334 1978 ad
1359 1924 1410 1978 id
1432 1927 1746 1995 nuptiarum
1779 1928 1864 1982 via
1898 1928 2106 1984 directa

522 2012 866 2081 repetitaque
913 2022 1067 2068 ettra
1119 2016 1546 2086 prohibitionem
1599 2029 1734 2075 erat.
1796 2018 1868 2075 Ut
1921 2032 2104 2078 autem

521 2102 760 2172 populus
791 2103 884 2159 Dei
916 2106 1211 2176 peculiaris
1234 2146 1249 2172 ,
1280 2110 1572 2171 clementia
1601 2111 1721 2181 ejus
1752 2113 1847 2182 qui
1883 2128 2104 2170 assum-

521 2193 633 2260 psit
665 2201 721 2247 et
745 2194 1059 2250 conciliavit
1083 2197 1210 2262 sibi,
1237 2213 1430 2254 omnes
1459 2210 1647 2269 gentes
1663 2200 1869 2258 ellecta:
1889 2219 2103 2273 sumus,

521 2291 576 2336 et
613 2287 770 2351 juxta
820 2283 1328 2355 Pr0plietam,cum
1363 2290 1549 2345 laetitia
1591 2293 1846 2350 manibus
1899 2295 2105 2364 plausi-

523 2387 668 2436 mus,
691 2381 746 2430 et
787 2389 966 2431 novus
1005 2377 1174 2432 Israel
1194 2394 1388 2436 omnes
1419 2381 1547 2436 facti
1577 2398 1800 2451 sumus,
1827 2399 1952 2440 cum
1984 2388 2108 2443 uni-

520 2479 732 2530 versos,
771 2468 867 2536 qui
918 2471 1100 2525 omnia
1154 2471 1484 2541 paciﬁeavit,
1532 2474 1586 2528 in
1627 2491 1797 2531 unum
1831 2478 2052 2549 collegit
2087 2497 2104 2536 :

526 2555 691 2612 unire
714 2571 817 2613 nos
847 2559 1038 2618 volens
1063 2570 1119 2616 et
1150 2562 1216 2616 ad
1243 2561 1593 2619 dilectionem
1621 2567 1705 2620 sui
1725 2567 1924 2637 ipsius,
1955 2577 2008 2624 et
2037 2569 2106 2624 ad

523 2655 770 2704 mutuam
794 2652 1040 2708 omnium
1076 2654 1218 2709 inter
1251 2670 1352 2710 nos
1381 2657 1846 2725 conjunctionem,
1877 2659 2105 2715 interio-

522 2751 614 2793 res
651 2741 965 2811 nuptiarum
985 2751 1192 2812 portas,
1223 2755 1279 2802 et
1304 2744 1373 2800 ad
1403 2747 1792 2816 cognationem
1813 2748 2103 2806 ducentem

525 2827 665 2884 viam
688 2833 946 2898 occlusit,
983 2836 1289 2892 exteriores
1315 2846 1493 2894 autem
1527 2838 1797 2895 transitus
1830 2841 2106 2898 universis

524 2929 684 2975 terrae
710 2921 908 2980 incolis
942 2929 1177 2996 aperuit.
1199 2925 1264 2981 Et
1296 2943 1428 2984 vero
1459 2928 1525 2984 ad
1560 2928 1660 2986 has
1677 2932 1899 3002 nuptias
1921 2933 2108 2991 venire

521 3012 837 3070 volentibus
858 3017 1154 3076 universus
1188 3027 1458 3076 terrarum
1489 3022 1642 3079 orbis
1676 3032 1822 3094 patet
1856 3043 1870 3079 :
1909 3039 2105 3096 quem-

2209 541 2330 602 ταῖς
2358 539 2623 602 διανοίαις
2692 539 2850 609 ἡμῶν
2885 539 2930 604 ⁷,
2982 539 3396 611 ἀπολιορκήτως
3473 541 3803 612 κατορωρύ-

2211 649 2407 703 χασιν·
2463 634 2538 698 ὡς
2591 633 2657 687 ἂν
2699 631 2917 702 ἔχοιμεν
2981 631 3063 702 τῷ
3133 631 3471 702 ἀπροσκόπῳ
3524 632 3618 685 τοῦ
3673 632 3800 702 βίου

2209 725 2362 789 ἀξίαν
2389 728 2487 796 τῆς
2515 723 2760 795 κλήσεως
2803 725 2862 776 ἐν
2913 725 3076 779 παντὶ
3136 724 3316 797 καιρῷ
3351 727 3452 797 τὴν
3509 726 3830 797 ’,νεολιτείινιν⁸

2211 814 2602 869 ἐνδείκνυσθαι.
2656 816 2764 868 Καὶ
2819 814 2941 868 ἐπεὶ
2985 815 3143 885 ῥίζαν
3179 818 3274 872 καὶ
3313 816 3645 888 ῦποϐἀθραν
3701 817 3798 870 τοῦ

2211 903 2422 972 γένους,
2451 903 2547 957 καὶ
2585 905 2685 974 τῆς
2715 904 2995 976 ἡμετέρας
3028 904 3244 975 φύσεως
3275 907 3669 977 ἐργαστήριον,
3708 908 3800 958 τὸν

2213 995 2408 1066 σεμνὸν
2450 994 2627 1066 γάμον
2678 995 2878 1066 ᾔδεσαν
2939 996 3096 1050 ὅντα·
3153 998 3241 1050 ἵνα
3301 997 3364 1051 τὺ
3433 997 3683 1069 καθαρδν
3739 997 3799 1060 ἐξ

2210 1090 2378 1160 αὐτῆς
2406 1089 2509 1160 ἤδη
2539 1089 2639 1158 τῆς
2677 1088 2836 1160 ῥίζης
2882 1089 2978 1142 καὶ
3013 1089 3074 1143 τὸ
3103 1089 3375 1144 ἀθόλωτον
3414 1088 3552 1160 ἔχοι,
3585 1089 3688 1141 καὶ
3718 1089 3795 1158 μή

2210 1200 2319 1235 τισι
2363 1179 2555 1252 μώμου
2591 1180 3088 1251 περιρῤαντίσμασι
3135 1181 3554 1250 καταχραίνοιτο
3597 1180 3798 1251 (δεινδν

2211 1271 2320 1343 γὰρ
2359 1271 2438 1343 τῷ
2483 1273 2617 1344 σίτῳ
2685 1273 3055 1342 συνεσπάρθαι
3115 1273 3208 1326 καὶ
3250 1273 3310 1326 τὸ
3348 1271 3608 1337 ζιζάνιον)
3651 1288 3794 1326 παν-

2208 1363 2382 1428 τοίαις
2406 1364 2582 1432 λόγων
2620 1367 2814 1435 φοραῖς
2863 1367 2957 1418 καὶ
2985 1364 3306 1434 είσηγήσεσι
3349 1361 3792 1432 κατωχύρωσαν,

2213 1457 2429 1528 μακρὰν
2479 1455 2574 1510 τοῦ
2603 1459 2836 1528 νομίμου
2859 1458 3038 1527 γάμου
3089 1457 3180 1510 τὸν
3242 1455 3497 1526 ἀθέμιτον
3545 1455 3796 1509 διαστέλ-

2209 1549 2413 1613 λοντες,
2457 1549 2490 1620 ἢ
2539 1548 2755 1602 καὶτὸν
2803 1549 3001 1620 σεμνὸν
3069 1548 3412 1619 ὲκκρίνοντες
3439 1551 3483 1611 ⁸,
3525 1549 3620 1601 καὶ
3680 1549 3794 1611 τοῖς

2208 1642 2341 1694 κατ’
2367 1640 2537 1711 αὐτὴν
2562 1640 2663 1711 ἠδη
2696 1641 2796 1710 τῆς
2843 1642 3062 1709 φύσεως
3095 1639 3343 1708 ἀνάγκην
3399 1639 3494 1692 τὸν
3548 1639 3792 1707 ὲπὲζυγα

2211 1734 2325 1805 βίον
2354 1734 2760 1803 ἀσπαζομένοις
2816 1732 3206 1806 παραινοῦντές
3254 1737 3394 1788 εἰσιν
3445 1735 3543 1788 ἐπὶ
3599 1733 3791 1787 τοῦτον

2209 1826 2304 1880 καὶ
2347 1824 2748 1896 εἰσηγούμενοι.
2805 1824 2894 1878 τὸν
2940 1824 2998 1878 δὲ
3024 1825 3362 1878 ἀπωθεῖσθαι
3404 1823 3633 1888 τούτους
3667 1825 3789 1877 πεί·

2208 1916 2392 1982 θοντες
2440 1917 2538 1986 τῆς
2590 1915 2804 1970 ἑαυτῶν
2880 1915 3166 1985 συζυγίας,
3218 1917 3315 1971 καὶ
3370 1916 3789 1988 ἀποτρέπεσθαι

2205 2007 2495 2071 παντοίως.
2529 2007 2703 2061 Πάλαι
2739 2007 2838 2078 μὲν
2866 2008 2974 2077 γὰρ
2994 2007 3071 2078 τῷ
3109 2007 3346 2080 Ἰσραὴλ,
3371 2007 3646 2078 σφραγῖδα
3693 2008 3789 2060 λα-

2207 2104 2356 2172 χόντι
2404 2101 2540 2156 Θεοῦ
2570 2102 2672 2173 τὴν
2707 2102 3030 2173 περιτομὴν,
3066 2103 3188 2156 κατ’
3233 2102 3439 2155 οίκείαν
3495 2101 3738 2172 ἑκάστην
3765 2102 3786 2135 ³

2209 2194 2384 2265 φυλὴν
2412 2194 2481 2247 τὰ
2521 2193 2617 2246 τοῦ
2651 2177 2833 2265 γάμου
2893 2193 3295 2264 ὲπρυτανεύετο
3323 2209 3340 2228 °
3397 2191 3789 2256 ἀποκλείοντος

2206 2281 2302 2334 τοῦ
2360 2282 2650 2353 νομοθέτου
2690 2280 2791 2350 τὴν
2833 2280 2946 2335 τῶν
2994 2281 3166 2337 ἐθνῶν
3213 2282 3352 2352 πρὸς
3383 2281 3575 2336 τοῦτον
3602 2283 3789 2352 ἐπιμι-

2209 2371 2352 2439 ξίαν,
2416 2373 2511 2426 καὶ
2576 2367 2691 2426 οἷον
2744 2360 3070 2443 ἀνάκρασιν.
3135 2371 3291 2426 Γένει
3323 2371 3382 2424 δὲ
3424 2369 3524 2442 τὴν
3571 2369 3670 2423 τοῦ
3702 2369 3790 2438 γέ-

2208 2483 2333 2529 νους
2367 2465 2643 2521 οίκείωσιν
2691 2463 3043 2535 δεξιουμένῳ,
3086 2464 3122 2536 ἡ
3165 2463 3304 2534 πρὸς
3359 2463 3517 2517 τοῦτο
3549 2460 3647 2514 τοῦ
3686 2461 3786 2528 γά-

2212 2577 2314 2631 μου
2345 2558 2462 2622 ὁδδς
2513 2557 2892 2629 ἀναφερομένη
2951 2556 3048 2610 καὶ
3094 2554 3536 2626 ἀναπλεκομένη,
3596 2554 3791 2622 ἀπερι-

2208 2650 2449 2713 κῶλυτος
2471 2645 2560 2719 ἦν.
2591 2649 2678 2713 Ὠς
2707 2647 2765 2702 δὲ
2790 2648 2918 2712 λαὸς
2939 2647 3073 2701 Θεοῦ
3093 2646 3420 2718 πιριούσιος.
3453 2643 3677 2716 εὐδοκίᾳ
3692 2642 3785 2696 τοῦ

2208 2743 2356 2813 ἡμᾶς
2399 2739 2799 2812 προσλαϐόντος
2827 2740 2922 2794 καὶ
2947 2735 3328 2800 οίκειὼσαντος
3357 2735 3558 2806 ἑαυτῷ,
3612 2734 3788 2790 πάντα

2207 2834 2279 2889 τὰ
2317 2833 2446 2904 ἔθνη
2496 2832 2802 2902 γεγόναμεν
2829 2845 2845 2861 ·
2901 2831 2998 2884 καλ⁵
3059 2830 3272 2901 χεῖρας,
3306 2827 3448 2881 κατά
3501 2825 3595 2880 τὸν
3643 2824 3784 2897 [lpo-

2210 2927 2411 2998 φήτην,
2453 2922 2802 2996 χαρμονικῶς
2831 2921 3245 2994 ἐκρατήσαμενο
3277 2919 3373 2973 καὶ
3403 2918 3523 2981 νέος
3583 2916 3785 2977 πάντες

2208 3021 2513 3090 γεγόναμεν
2555 3017 2773 3090 Ἰσραήλ
2803 3032 2817 3046 ·
2881 3015 2976 3070 καὶ
3004 3013 3236 3079 πάντας,
3292 3013 3322 3066 ὁ
3366 3009 3784 3084 είρηνοποιήσας

521 3101 817 3159 admodum
860 3109 928 3161 ad
959 3109 1342 3180 cognationem
1377 3111 1586 3171 ducens
1621 3117 1708 3171 via
1741 3115 1944 3172 divinis
1973 3116 2104 3188 legi-

2210 3113 2277 3168 τά
2325 3113 2524 3175 πάντα,
2553 3111 2635 3174 είς
2663 3110 2722 3163 ἒν
2757 3108 3098 3181 συνήγαγεν·
3149 3109 3231 3170 είς
3288 3103 3444 3158 τοῦτο
3495 3101 3782 3156 συνάπτειν

519 3194 626 3250 bus
655 3196 940 3254 obstructa
969 3211 1025 3256 et
1063 3201 1286 3259 occlusa
1323 3213 1425 3262 est.
1462 3205 1565 3273 Qui
1605 3206 1774 3279 igitur
1796 3209 1929 3279 legis
1963 3209 2107 3267 scri-

520 3297 772 3355 pserunt,
817 3289 1046 3348 illicitas
1096 3295 1338 3365 nuptias,
1395 3299 1534 3356 alias
1571 3300 1739 3358 certis
1786 3301 2102 3360 nominibus

521 3370 891 3433 distinxerunt
924 3395 938 3433 :
969 3379 1105 3438 alias
1141 3384 1504 3443 immunditiei
1532 3392 1753 3446 nomine
1782 3393 2106 3462 generaliter

521 3467 1077 3540 comprehendentes,
1125 3476 1432 3534 omiserunt
1466 3490 1520 3536 et
1557 3481 1778 3539 silentio
1823 3485 2102 3554 praeterie-

522 3565 691 3618 runt:
727 3557 1034 3620 honestatis
1063 3569 1288 3624 omnino
1322 3587 1511 3627 curam
1537 3573 1802 3632 habentes
1827 3617 1842 3643 ,
1873 3585 1926 3633 et
1954 3578 2012 3636 in
2045 3595 2105 3636 re

522 3644 684 3719 longa
725 3667 823 3723 per
854 3654 1098 3727 singulas
1131 3661 1341 3730 species
1371 3663 1614 3734 linguam
1659 3681 1816 3722 suam
1860 3669 2105 3740 polluere

522 3741 793 3800 nolentes.
843 3744 1055 3812 Quibus
1094 3765 1326 3823 magnus
1363 3756 1647 3826 apostolus
1676 3756 1879 3816 Paulus
1917 3763 2106 3818 conci-

523 3847 682 3901 nens,
718 3836 1012 3910 Scortatio,
1043 3841 1218 3914 inquit
1241 3884 1258 3911 ,
1288 3854 1344 3902 ct
1379 3847 1752 3908 immundities
1789 3854 1971 3910 omnis
2000 3870 2104 3912 nec

522 3924 835 3984 nominetur
858 3931 1002 3989 inter
1024 3950 1142 4001 vos,
1172 3937 1317 3993 sicut
1355 3938 1512 3996 decet
1533 3948 1775 3999 sanctos.
1800 3943 2104 4004 lmmundi-

525 4015 615 4070 tiei
648 4019 870 4076 nomine
912 4038 1130 4081 omnem
1157 4027 1404 4085 illicitam
1437 4032 1886 4104 coniunctionem
1922 4044 1976 4092 et
2005 4037 2106 4095 ob-

519 4113 842 4170 scenitatem
890 4122 1383 4191 comprehendens.
1435 4124 1548 4182 Nec
1608 4127 1664 4182 in
1713 4129 1800 4185 his
1823 4130 2100 4186 silentium

517 4219 750 4274 prorsus
772 4208 1082 4268 libidinosis
1108 4229 1208 4284 pro
1235 4215 1602 4285 licentiafuit;
1624 4234 1862 4292 namque
1889 4221 1957 4276 ad
1981 4222 2101 4277 lici-

510 4303 606 4350 ttas
629 4299 846 4368 nuptias
881 4301 1037 4358 facile
1073 4306 1319 4375 permisit
1359 4308 1440 4363 lex
1473 4310 1752 4379 prosilire:
1796 4310 1940 4378 Quid
1969 4329 2102 4370 vero

511 4389 600 4454 ait
629 4390 652 4443 ?
683 4390 740 4445 In
768 4395 978 4462 nuptiis
1010 4411 1120 4452 non
1149 4406 1357 4455 tantum
1395 4401 1540 4472 quod
1581 4402 1729 4470 licet,
1771 4403 1868 4460 sed
1888 4405 2101 4474 etquod

523 4479 813 4537 honestum
842 4492 926 4540 est
953 4491 1310 4556 spectandum
1338 4493 1415 4560 (5)
1458 4491 1551 4547 Sic
1588 4495 1655 4548 de
1691 4503 1900 4551 naturae
1941 4497 2103 4552 casti-
2137 4480 2182 4535 Ῑ)

511 4579 634 4627 sate
667 4581 720 4628 et
744 4573 1058 4632 innocentia
1088 4579 1257 4635 divini
1289 4579 1481 4640 Patres
1509 4586 1816 4642 canonibus
1845 4596 1898 4642 et
1931 4588 2101 4660 legis-

518 4665 728 4724 latores
771 4667 984 4740 legibus
1019 4673 1449 4731 constituerunt.
1495 4675 1576 4732 Ad
1621 4687 1869 4734 nostrum
1920 4689 2100 4737 autem

521 4757 723 4815 bellum
754 4768 1014 4820 strenuus
1046 4764 1277 4824 bellator
1299 4778 1354 4826 et
1383 4769 1437 4825 in
1472 4770 1753 4829 insidiosis
1793 4773 2104 4831 animarum

522 4851 904 4912 obsidionibus
945 4856 1282 4919 fortissimus
1309 4871 1362 4918 et
1405 4865 1820 4934 potentissimus
1851 4866 2107 4923 adversa-

521 4945 661 5012 rius,
698 4961 821 5002 cum
847 4949 991 5017 aliis,
1015 4951 1216 5022 quibus
1265 4970 1409 5025 sirpe
1446 4955 1761 5028 insurgens,
1793 4966 1849 5013 et
1892 4959 2108 5028 publice

523 5037 895 5110 privatimque
944 5041 1284 5101 honestatem
1347 5049 1679 5106 subvertens
1739 5051 2056 5119 nuptiarum
2088 5088 2104 5114 ,

521 5134 928 5190 contentiosius
958 5138 1187 5206 protulit
1221 5157 1235 5206 ;
1280 5141 1468 5196 ethoc
1504 5143 1739 5198 latenter
1779 5142 2104 5206 introduxit,

522 5235 586 5280 ut
609 5225 766 5282 multi
793 5242 893 5299 pro
917 5228 1092 5285 nihilo
1128 5231 1384 5301 habeant,
1424 5233 1625 5292 fratres
1657 5251 1782 5292 cum
1808 5234 1939 5295 sint.
1964 5235 2104 5290 duas

2211 3207 2381 3278 ἡμᾶς,
2419 3206 2513 3260 καὶ
2552 3203 2651 3276 τὴν
2678 3204 2899 3274 ἀγάπην
2941 3202 3078 3273 πρὸς
3126 3201 3338 3265 ἑαυτὸν,
3391 3197 3489 3252 καὶ
3521 3195 3782 3266 ἀλλήλους

2215 3299 2540 3373 βουλόμενος
2571 3297 2786 3361 ἕνωσιν,
2828 3293 2928 3358 τὰς
2959 3291 3172 3348 ἔνδοθεν
3217 3289 3396 3353 πύλας
3441 3287 3537 3343 τοῦ
3579 3286 3781 3357 γάμου,

2215 3395 2309 3448 καὶ
2336 3392 2435 3464 τὴν
2476 3389 2613 3463 πρὸς
2657 3387 2979 3457 συγγένειαν
3006 3383 3336 3447 ἀποκλείσας
3359 3380 3498 3447 όδδν,
3529 3381 3631 3443 τάς
3657 3378 3784 3443 ἔξω·

2213 3487 2306 3540 θεν
2339 3487 2504 3539 πᾶσιν
2527 3481 2730 3553 ἀνέῳξε
2773 3479 3072 3544 διαϐάσεις,
3126 3478 3240 3539 τοῖς
3283 3474 3625 3546 καθημένοις
3691 3469 3780 3524 ἐπὶ

2213 3583 2506 3655 πρόσωπον
2552 3577 2737 3647 πάσης
2785 3573 2894 3644 τῆς
2943 3572 3069 3642 γῆς.
3122 3569 3236 3625 Καὶ
3280 3567 3344 3637 δὴ
3371 3567 3467 3620 ἐπὶ
3487 3563 3676 3618 τοῦτον
3693 3562 3779 3616 τὸν

2211 3673 2391 3745 γάμον
2422 3672 2534 3734 τοῖς
2577 3668 2774 3738 χωρεῖν
2823 3662 3165 3736 βουλομένοις
3214 3661 3248 3731 ή
3285 3656 3583 3728 οίκουμένη
3639 3657 3778 3711 πᾶσα

2211 3765 2510 3836 ὴνέιρκται,
2549 3758 2737 3828 ὥσπερ
2775 3754 2972 3826 ήπρὺς
2999 3752 3319 3822 συγγένειαν
3372 3750 3585 3820 ἄγουσα
3634 3749 3778 3802 πᾶσι

2213 3858 2376 3920 θείοις
2443 3849 2766 3919 ἐπεζυγὼθη
2837 3849 3025 3916 νόμοις
3090 3844 3185 3898 καὶ
3239 3841 3570 3910 ἐπεκλείσθη
3642 3839 3779 3902 ὁδός.

2213 3948 2353 4012 Τοὺς
2395 3945 2577 3999 τοίνυν
2607 3939 2901 4012 ἀθεμίτους
2923 3938 3034 3992 τῶν
3067 3934 3283 4006 γάμων,
3321 3935 3446 3996 τοὺς
3477 3933 3680 4003 νόμους
3733 3932 3777 3983 οί

2211 4037 2573 4110 γεγραφότες,
2629 4034 2756 4096 τοὺς
2813 4031 2914 4103 μὲν
2939 4029 3167 4100 ὀνόμασι
3224 4027 3406 4098 ῥητοῖς
3447 4023 3775 4079 διέστειλαν·

2209 4134 2336 4196 τοὺς
2372 4131 2430 4186 δὲ
2471 4127 2550 4199 τῷ
2604 4129 2705 4198 τῆς
2754 4120 3101 4195 ἀκαθαρσίας
3147 4120 3370 4191 ὀνόματι
3437 4115 3776 4176 διαλαϐόντες

2210 4224 2464 4297 γενικῶς,
2493 4221 2718 4292 ἀφῆκαν
2752 4219 2849 4273 καὶ
2901 4212 3339 4288 παρεσιώπησαν
3367 4227 3381 4243 ο
3411 4210 3510 4265 τοῦ
3583 4207 3772 4280 σεμνοῦ

2211 4317 2481 4380 παντοίως
2504 4316 2547 4347 ¹¹
2587 4310 2988 4386 φροντίζοντες,
3024 4307 3119 4362 καὶ
3175 4305 3250 4377 μὴ
3293 4304 3385 4358 ἐπὶ
3424 4301 3626 4374 μακρῷ
3693 4297 3777 4352 καὶ

2212 4411 2333 4466 καθ’
2363 4411 2594 4464 ’ἑκαστον
2615 4405 2712 4478 τὴν
2748 4404 2988 4472 γλῶτταν
3047 4398 3515 4471 καταρρυπαίνειν
3578 4393 3777 4447 suam»

2210 4520 2323 4567 τες.
2382 4497 2478 4564 Οἷς
2512 4498 2602 4553 καὶ
2636 4500 2664 4550 ό
2724 4495 2898 4567 μέγας
2940 4491 3237 4553 ἀπόστολος
3261 4486 3471 4550 Παῦλος
3522 4484 3774 4554 συνᾴδων,

2210 4591 2445 4664 Πορνεία
2465 4588 2644 4662 (φησὶ)
2685 4587 2781 4641 καὶ
2831 4580 3144 4652 ἀκαθαρσία
3177 4581 3326 4634 πᾶσα
3392 4575 3526 4646 μηδὲ
3583 4575 3776 4641 ὄνομα·

2209 4685 2388 4752 ζέσθω
2414 4685 2470 4737 ὲν
2497 4683 2646 4753 ὑμῖν,
2685 4678 2832 4734 καθά
2885 4677 3082 4748 πρέπει
3133 4667 3433 4742 ἁγίοις,τῷ
3486 4668 3590 4738 τῆς
3656 4664 3778 4717 ἀκα-

2210 4775 2441 4845 θαρσίας
2482 4773 2705 4844 ὀνόματι
2749 4770 2930 4824 πᾶσαν
2964 4762 3420 4836 ἀθεματογαμῑαν
3467 4759 3564 4812 καὶ
3610 4757 3776 4828 ἀρρη-

2212 4870 2459 4923 τοποιῖαν
2496 4864 2937 4937 περιλαμϐάνων.
2970 4860 3082 4914 Καὶ
3127 4859 3190 4912 ού
3230 4855 3449 4918 πάντως
3515 4853 3550 4922 ἠ
3613 4845 3775 4913 σιωπὴ

2213 4963 2327 5025 τοϊς
2356 4958 2661 5029 φιληδόνοις
2687 4958 2746 5010 ἐν
2775 4954 2989 5015 τούτοις
3019 4950 3238 5020 ἐγένετο
3261 4946 3416 5002 ἀδεια
3451 4960 3465 4972 ·
3499 4941 3640 4998 ἀλλὰ
3695 4937 3775 4992 καὶ

2215 5055 2398 5117 αὐτοῖς
2427 5053 2540 5114 τοῖς
2586 5046 3078 5120 ἒπιτετραμμένοις
3129 5043 3239 5096 τῶν
3284 5041 3480 5110 γάμων
3547 5039 3577 5090 ό
3626 5033 3774 5102 νόμος

2212 5146 2313 5200 οὐκ
2364 5143 2546 5214 ἀφῆκε
2579 5139 2777 5212 ῥᾳδίως
2806 5137 3095 5208 ὲπιπηδᾷν.
3141 5131 3303 5187 Ἀλλὰ
3341 5130 3394 5184 τί
3429 5141 3637 5200 φησιν;
3691 5121 3770 5214 Ἐν

2211 5240 2322 5297 τοῖς
2351 5236 2551 5307 γάμοις
2581 5235 2641 5288 οὐ
2673 5233 2736 5286 τὸ
2779 5229 3249 5302 ἐπιτετραμμένον
3287 5225 3469 5297 μόνον,
3521 5217 3656 5277 ἀλλὰ
3686 5213 3769 5269 καὶ

1807 5378 2040 5435 VARJIE
2075 5371 2371 5432 LECTION
2381 5370 2484 5427 ES.

593 5465 620 5498 "
655 5463 813 5536 ἡμῶν
844 5464 1108 5535 ἀρχῆθεν.
1184 5467 1205 5500 ⁸
1242 5468 1609 5541 ἐγκρίνοντες.
1689 5473 1708 5503 ⁹
1743 5471 1984 5543 ἑκάστῳ.
2065 5469 2110 5501 ¹⁰
2147 5463 2521 5521 ἁπεκωλύετο.
2603 5461 2642 5492 ¹¹
2687 5460 3000 5515 συνάπτων.
3083 5456 3126 5487 ⁸³
3169 5452 3409 5514 πάντως.

659 5586 688 5626 h
737 5587 1076 5657 approbando
1116 5589 1434 5658 recipientes,

1589 5591 1600 5629 ί
1638 5592 1690 5643 iu
1717 5606 1815 5644 sua
1849 5589 2032 5660 cuique
2066 5587 2203 5640 tribu
2248 5584 2446 5653 nuptt'rr
2476 5579 2942 5643 contrahebantur,

2046 5677 2278 5736 ΝΟΤᾹξι.

595 5771 676 5849 (ὅ)
702 5773 760 5831 ι...
787 5789 919 5842 xnu,
949 5775 1008 5831 D.
1039 5775 1107 5832 de
1128 5774 1238 5832 Rit.
1271 5784 1426 5850 nupt.
1462 5776 1564 5833 l9?
1591 5776 1658 5832 de
1696 5792 1808 5850 reg.
1838 5776 2001 5848 juris.
