3950 6554
193 377 303 447 733

1454 361 2191 444 GRxECO-ROMANUM.‘

3350 365 3460 445 73't
3525 406 3592 486 ί.

191 493 258 546 τὸ
304 488 584 561 εὐπρεπὲς
637 490 718 544 δεῖ
787 490 1031 546 σκοπεῖν.
1086 489 1274 556 Οὕτως
1321 491 1416 546 καὶ
1485 495 1614 566 περὶ
1667 492 1795 552 τοῦ.

1903 491 2225 549 onsobrinas
2248 503 2449 546 uxores
2494 489 2719 555 ducere,
2757 487 2920 558 idque
2938 486 3112 558 palam
3145 500 3208 541 ac
3238 485 3460 558 impune

193 583 525 657 ἀρρυπὼτου
578 583 675 654 τῆς
697 582 912 653 φύσεως
956 585 1052 639 καὶ
1096 585 1358 640 πάντοθεν
1399 587 1767 658 ἀνεγκλήτου,

194 677 292 730 καὶ
324 675 463 729 θεῖοι
498 675 740 747 Πατέρες
769 677 961 728 κανόσι
1023 675 1116 729 καὶ
1152 676 1436 748 νομοθέται
1477 679 1662 750 νόμοις
1693 681 1777 734 δι-

194 765 595 839 ησφαλίσαντο.
657 765 718 819 '0
768 765 846 820 ,δὲ
910 767 1048 837 πρὸς
1087 767 1180 821 τὸν
1226 768 1491 840 ἡμέτερον
1543 770 1778 840 πόλεμον

195 855 436 921 εὔζωνος
493 857 765 925 μαχητὴς,
841 857 939 910 καὶ
987 855 1126 927 πρὸς
1191 858 1540 928 ἀκηρύκτους
1618 861 1773 914 πολιι

195 946 400 1016 ορκίας
431 947 620 1017 ψυχῶν
646 945 1138 1019 δυσκαταμάχητος
1175 949 1269 1002 καὶ
1293 949 1597 1020 βιαιότατος
1648 953 1776 1006 ἀντ-

196 1038 536 1108 αγωνιστὴς,
588 1039 726 1110 μετά
777 1039 888 1093 τῶν
930 1039 1126 1106 ἄλλων,
1151 1033 1231 1103 οἷς
1279 1041 1538 1106 πολλάκις
1573 1044 1778 1096 ἐπανα-

199 1128 359 1195 στὰς,
389 1130 666 1198 καὶκοινῇ
703 1130 798 1183 καὶ
835 1129 944 1202 ἰδίᾳ
985 1129 1045 1183 τὸ
1099 1130 1294 1202 σεμνὸν
1329 1131 1637 1204 ἀνορύττων
1682 1135 1778 1188 τοῦ

195 1217 408 1286 γάμου,
473 1219 910 1291 φιλονεικότερον
958 1221 1256 1291 ἐκομίσατο
1326 1223 1369 1254 ’³
1400 1240 1416 1256 ο
1479 1225 1574 1278 καὶ
1625 1223 1788 1278 τοῦτο

1878 598 2003 638 cum
2037 595 2191 634 sacra
2220 581 2537 650 precatione
2567 579 2748 634 facere
2776 595 2790 630 :
2820 585 2914 632 aut
2943 593 3137 651 rursus
3164 576 3303 632 duos
3328 589 3463 630 con-

1878 676 2135 731 sobrinos
2180 671 2464 727 sororibus
2517 669 2730 725 duabus
2769 669 2919 724 velut
2960 668 3215 738 legitimis
3256 667 3462 736 nuptiis

1881 763 2137 834 conjungi
2175 771 2269 817 aut
2311 761 2640 816 avunculum
2674 767 2997 830 patruutnve
3013 767 3066 813 et
3089 758 3276 813 fratris
3304 773 3464 813 soro-

1881 858 2029 914 risve
2071 856 2244 910 ﬁlium
2294 855 2510 910 duabus
2555 855 2841 911 sororibus
2889 854 3130 924 copulari
3165 871 3179 907 :
3221 863 3313 907 aut
3349 853 3465 906 vice

1881 961 2038 1002 versa
2087 944 2285 1001 fratres
2327 945 2469 1000 duos
2511 943 2691 998 amitae
2736 948 3132 1002 materteraeve,
3185 948 3239 994 et
3276 937 3465 992 fratris

1882 1031 2157 1096 scrorisve
2180 1035 2633 1093 filiaeJnsoleutia
2665 1034 2976 1107 hujusmodi
3014 1031 3060 1099 i,
3095 1031 3464 1101 anuptiarum

1892 1135 2180 1189 honestate
2223 1139 2471 1195 remota,
2537 1127 2867 1183 contumelia
2919 1135 3172 1181 naturam
3231 1124 3468 1179 latenter

1895 1224 2182 1281 afficiebat.

197 1309 382 1365 λαθὼν
415 1312 802 1382 ἐπεισήγαγεν,
836 1311 976 1366 ὥστε
1025 1313 1252 1379 πολλοὺς
1307 1315 1364 1368 ἐν
1407 1317 1580 1370 οὐδενὶ
1619 1316 1888 1379 τίθεσθαι.
1953 1317 2216 1388 ἀδελφοὺς
2265 1317 2438 1381 ,ὄντας
2502 1316 2581 1377 είς
2650 1314 2827 1383 γάμον
2881 1311 3064 1374 αὐτοῖς
3132 1308 3224 1362 δύο
3243 1306 3465 1373 ἐξαδέλ-

200 1420 313 1472 φας
386 1403 723 1476 λαμϐάνειν
753 1407 913 1461 τοῦτο
963 1408 1020 1462 δὲ
1083 1411 1408 1480 καταφανῶς
1443 1414 1536 1466 καὶ
1583 1413 2002 1478 ἀνεπικωλύτως
2075 1414 2214 1486 μετά
2277 1414 2378 1483 τῆς
2451 1408 2762 1484 ίερολογίας
2823 1410 2997 1462 ποιεῖν
3025 1422 3041 1438 ο
3087 1405 3120 1476 ἢ
3184 1405 3277 1458 δύο
3329 1405 3471 1458 τισὶν

197 1496 463 1566 ἀδελφαῖς
508 1499 830 1568 ὲξαδέλφους
866 1495 1019 1562 αὖθις
1063 1501 1138 1564 ὡς
1180 1505 1272 1557 ἐπὶ
1327 1504 1542 1576 νομίμῳ
1594 1506 1756 1578 γάμῳ
1797 1505 2283 1578 συξεύγνυσθαι,ἢ
2361 1504 2518 1558 θεῖον
2566 1500 2662 1556 καὶ
2723 1498 2944 1570 ἀνεψιὸν
3014 1497 3268 1568 ἀδελφαῖς
3350 1512 3476 1548 συν-

199 1589 476 1644 άπτεσθαι
505 1591 677 1655 δυσὶν,
705 1591 738 1662 ἢ
770 1593 1031 1663 ἀδελφοὺς
1060 1595 1156 1650 δύο
1191 1596 1251 1649 τὸ
1275 1595 1518 1668 ἔμπαλιν
1553 1598 1674 1670 θείᾳ
1706 1602 1801 1655 καὶ
1829 1600 2044 1674 ἀνεψίᾳ.
2078 1600 2152 1654 Τὸ
2179 1599 2238 1654 δὲ
2262 1598 2502 1655 τοιοῦτον
2537 1596 2738 1652 ἄτοπον
2766 1592 2844 1664 τῷ
2883 1591 2979 1646 τοῦ
3045 1591 3224 1663 γάμου
3290 1587 3473 1661 σεμνῷ

201 1682 677 1752 καταχωρηθὲν¹⁸,
709 1682 926 1755 ὑϐρίζον
963 1685 1058 1757 τὴν
1100 1687 1261 1756 φύσιν
1291 1690 1574 1746 ἐλάνθανε.

179 1861 185 1866 _
275 1801 379 1854 Διά
401 1799 613 1872 τοῦτοὴ
646 1802 934 1872 μετριότης
971 1803 1128 1876 ήμῶν
1180 1809 1296 1871 τοῖς
1347 1809 1630 1880 ἀθεμίτοις
1683 1829 1782 1865 πε-

1957 1811 2324 1879 Quamobrem
2363 1805 2390 1846 ιι
2447 1804 2752 1861 moderatio
2798 1791 2989 1856 nostra
3047 1798 3472 1868 conjunctioncs

208 1889 514 1963 ριαλγοῦσα
561 1892 935 1957 συνοικεσίοις,
990 1897 1126 1963 μετά
1182 1897 1280 1968 τῆς
1330 1899 1479 1972 ἱερᾶς
1504 1903 1611 1956 τῶν
1666 1903 1792 1957 θεο-

207 1983 554 2051 φιλεστάτων
640 1985 1056 2056 μητροπολιτῶν
1144 1991 1240 2044 καὶ
1344 1993 1790 2063 ἀρχιεπισκόπων

208 2075 725 2148 συνδιασκεψαμένη
760 2079 1004 2146 συνόδου,
1042 2082 1138 2135 καὶ
1184 2082 1246 2136 τὸ
1293 2084 1432 2156 βαρὺ
1481 2086 1582 2156 τῆς
1629 2090 1793 2142 ἀπει-

205 2168 309 2238 λῆς
358 2168 661 2238 φοϐηθεῖσα
688 2172 864 2240 κρῖμα
895 2172 944 2240 (ὃ
972 2175 1086 2236 τοῖς
1151 2174 1226 2248 μὴ
1275 2176 1667 2246 ἀναγγέλλουσι
1715 2181 1794 2251 τῷ

207 2259 328 2331 λαῷ
351 2261 455 2329 τὴν
476 2261 780 2332 ἐρχομένην
821 2264 1115 2333 ῥομφαίαν,
1143 2266 1479 2341 ὴπείληται),
1532 2270 1672 2340 έγνω
1699 2275 1796 2326 καὶ

210 2352 540 2422 ἐδοκίμασεν
603 2349 742 2406 εῖναι
808 2355 1085 2420 λυσιτελὲς
1145 2359 1436 2430 θεραπείαν
1501 2363 1793 2434 ἐπινοῆσαι

210 2461 335 2498 τινα
369 2445 464 2497 τοῦ
500 2443 699 2497 κακοῦο
726 2445 793 2498 ἵν’
821 2446 870 2499 οἱ
929 2446 1030 2516 μὲν
1069 2448 1391 2516 ἑαλωκότες,
1449 2451 1524 2515 ὡς
1566 2452 1704 2522 ἴαμα
1759 2455 1794 2528 ἢ

211 2537 614 2608 διαμαρτυρίαν
641 2539 741 2609 τὴν
789 2539 1063 2609 ἀπόφασιν
1107 2540 1301 2612 ἔχοιεν,
1336 2544 1396 2596 ὲν
1447 2547 1562 2608 τοῖς
1616 2543 1796 2610 ἄλλοις

213 2628 272 2682 δὲ
308 2629 791 2704 προφυλακτήριον
817 2631 859 2662 ¹⁵
897 2632 988 2703 ετη
1025 2630 1118 2684 τοῦ
1171 2632 1481 2701 μέλλοντος.
1518 2635 1799 2690 Ἐντεῦθεν

213 2720 587 2792 διοριζόμεθα,
640 2721 838 2792 μηκέτι
893 2723 1002 2777 ἀπό
1035 2740 1099 2790 γε
1140 2723 1234 2777 τοῦ
1283 2725 1378 2779 νῦν
1440 2725 1683 2782 τοιοῦτόν
1745 2748 1797 2784 τι

224 2811 358 2880 περὶ
396 2813 522 2876 τοὺς
573 2813 785 2884 γάμους
811 2813 1115 2885 τολμᾶσθαι
1151 2815 1386 2889 πονηρὸν
1418 2819 1670 2890 πρᾶγμα,
1702 2821 1798 2875 καὶ

224 2903 355 2973 περὶ
387 2904 517 2966 τοὺς
563 2904 622 2972 ἐξ
655 2904 888 2976 αἵματος
917 2903 1274 2973 ἀδικώτατον,
1303 2908 1398 2961 καὶ
1445 2911 1583 2981 αὐτῇ
1638 2910 1798 2964 πολεο

1894 1905 2114 1961 iliicitas
2145 1901 2385 1972 graviter
2417 1898 2622 1961 ferens,
2656 1911 2778 1952 cum
2816 1908 2972 1950 sacra
3023 1892 3235 1961 piorum
3266 1897 3475 1945 metro-

1895 1992 2262 2066 politanorum
2286 1996 2340 2043 et
2363 1986 2899 2055 archiepiscoporum
2925 1979 3136 2052 synodo
3153 1978 3477 2034 consultans

1895 2093 1948 2140 et
1988 2097 2151 2154 grave
2176 2077 2623 2136 comminationis
2655 2073 2958 2130 formidans
2989 2071 3254 2140 judicium
3287 2069 3476 2140 (quod

1895 2174 1966 2231 iis
1992 2171 2317 2245 proponitur
2349 2169 2442 2241 qui
2465 2168 2666 2240 populo
2698 2166 3070 2220 imminentem
3101 2161 3337 2232 gladium
3366 2176 3472 2215 non

1897 2264 2263 2333 renuntiant),
2291 2261 2427 2316 utile
2454 2273 2577 2316 esse
2605 2257 2862 2327 cognovit
2892 2255 3247 2326 probavitque
3272 2260 3332 2305 ut
3350 2249 3477 2306 mali

1898 2359 2062 2429 hujus
2080 2353 2299 2427 aliquod
2314 2353 2720 2424 excogitaretur
2740 2348 3038 2406 remedium
3062 2365 3075 2402 :
3099 2354 3158 2401 ut
3179 2344 3272 2416 qui
3301 2340 3320 2382 1
3344 2357 3477 2398 con-

1899 2451 2032 2506 victi
2060 2455 2212 2514 sunt,
2244 2446 2412 2502 veluti
2439 2444 2768 2500 medicinam
2807 2448 2904 2495 aut
2927 2446 3180 2496 testatam
3203 2436 3478 2492 defensio-

1901 2558 2028 2600 nem
2059 2539 2572 2598 condemnationem
2596 2537 2856 2600 habeant,
2883 2533 3005 2588 aliis
3029 2539 3209 2585 autem
3244 2529 3299 2583 in
3331 2527 3480 2582 futu-

1899 2651 2021 2692 rum
2068 2635 2140 2690 sit
2179 2629 2580 2705 praeservatorii
2617 2625 3002 2682 medicamenti
3037 2624 3179 2678 loco.
3214 2619 3355 2674 Hinc
3386 2619 3481 2676 de-

1901 2731 2227 2792 finimus,ne
2253 2725 2323 2782 ab
2349 2725 2453 2780 boc
2478 2734 2721 2794 tempore
2751 2720 2807 2774 in
2837 2731 3112 2788 posterum
3137 2713 3481 2770 committere

1902 2821 2036 2893 quis
2081 2818 2278 2874 audeat
2316 2823 2528 2870 tantum
2566 2814 2620 2869 in
2675 2812 2882 2883 nuptiis
2918 2809 3211 2880 flagitium,
3249 2815 3303 2862 et
3334 2804 3481 2860 circa

1903 2911 2171 2983 sanguine
2202 2908 2526 2979 conjunctos
2568 2906 2912 2977 iniquitatem
2959 2917 3081 2972 qua:
3113 2897 3338 2956 omnino
3374 2894 3480 2966 ipsi

225 2995 364 3064 μοῦν
399 2994 632 3049 καθόλου
658 2999 724 3068 τῇ
775 2996 955 3065 φύσει,
987 2998 1079 3051 καὶ
1125 2997 1352 3069 συγχέον
1407 2999 1614 3070 ταύτην
1659 3000 1795 3073 πρὸς

1903 3013 2109 3058 naturae
2138 3008 2421 3072 repugnat,
2467 3006 2520 3052 et
2555 3005 2705 3050 creat
2735 2994 3142 3055 confusionem,
3189 2997 3250 3044 ut
3291 2995 3481 3059 postea

222 3089 445 3159 ἑαυτήν.
491 3088 772 3142 Ἐντεῦθεν
799 3107 884 3153 τις
909 3091 1218 3161 καταμάθοι
1304 3091 1398 3145 καὶ
1440 3091 1795 3164 διασκοπήσοι

1903 3093 2242 3151 manifestius
2270 3101 2324 3148 et
2342 3091 2544 3146 clarius
2576 3089 2686 3144 fiet.
2719 3087 2957 3142 Sanctus
2988 3092 3042 3139 et
3072 3096 3306 3153 magnus
3335 3079 3485 3136 Basi-

222 3177 568 3248 τρανότερον.
637 3175 696 3232 '0
751 3179 891 3250 ἱερὸς
914 3180 1008 3232 καὶ
1054 3179 1224 3249 μέγας
1283 3180 1587 3246 Βασίλειος,
1629 3184 1657 3236 ὁ
1698 3161 1795 3235 καὶ

1903 3188 2030 3250 lius,
2071 3187 2164 3258 qui
2200 3182 2597 3256 profunditates
2627 3181 2888 3252 spiritus,
2925 3178 3088 3247 juxta
3115 3172 3476 3245 theologicam

220 3271 292 3324 τά
326 3269 467 3342 βάθη
483 3271 575 3325 τοῦ
609 3270 936 3342 πνεύματος,
971 3272 1113 3326 κατά
1152 3271 1250 3344 τὴν
1301 3271 1549 3342 θεολόγον
1594 3274 1795 3345 φωνὴν,

1903 3295 2125 3346 vocem,
2153 3276 2402 3348 inquirit,
2435 3290 2557 3330 cum
2589 3274 2656 3328 de
2682 3269 3008 3343 quibusdam
3038 3267 3244 3324 illicitis
3276 3264 3485 3335 nuptiis

223 3364 482 3434 ἐρευνῶν,
534 3357 689 3429 οὗτος
713 3365 844 3438 περί
882 3382 1032 3430 τινος
1076 3365 1334 3434 ἀθεμίτου
1380 3365 1562 3436 γάμου
1622 3366 1795 3420 διαλε-

1903 3371 2220 3436 dissereret,
2275 3368 2496 3424 brevem
2550 3365 2918 3421 definitionem
2963 3361 3133 3427 dedit,
3175 3375 3284 3430 qua
3324 3358 3488 3414 licita:

227 3458 481 3529 γόμενος,
519 3458 776 3528 ἐπίτομον
804 3457 1092 3530 γνώρισμα
1148 3458 1192 3490 ¹⁶
1245 3457 1478 3523 δίδωσιν,
1514 3459 1573 3511 ὲν
1616 3453 1661 3529 ᾧ
1732 3459 1795 3514 τὰ

1903 3463 2104 3534 nuptiae
2143 3462 2210 3517 ab
2247 3460 2456 3515 illicitis
2493 3457 2655 3513 facile
2688 3457 3079 3513 discernuntur
3113 3469 3127 3507 :
3186 3449 3244 3506 In
3285 3449 3486 3521 quibus

220 3549 330 3602 τῶν
377 3548 651 3620 ἀθεμίτων
706 3549 901 3618 γάμων
966 3548 1165 3620 ῥᾳδίως
1213 3549 1320 3603 τῶν
1353 3549 1596 3621 νομίμων
1666 3553 1795 3606 ἀπο-

1907 3555 2130 3627 (inquit)
2154 3553 2371 3624 generis
2392 3550 2616 3606 nomina
2641 3546 3082 3611 confunduntur,
3113 3545 3167 3599 in
3197 3543 3264 3598 iis
3288 3540 3488 3611 nuptiae

222 3639 570 3712 κριθήσεταιο
607 3638 698 3694 Ἐν
726 3633 805 3703 οἷς
841 3639 1057 3711 (λέγων)
1083 3639 1150 3693 τὰ
1178 3640 1272 3694 τοῦ
1307 3640 1498 3708 γένους
1542 3642 1795 3712 συγχέον-

1911 3647 2138 3703 illicitae.
2171 3643 2440 3712 Quoniam
2473 3643 2642 3715 igitur
2677 3640 2840 3697 modo
2880 3638 3007 3711 quis
3041 3639 3098 3693 in
3129 3633 3490 3708 praesentibus

224 3750 316 3787 ται
363 3733 627 3802 ὀνόματα,
695 3734 753 3787 ὲν
796 3732 1007 3797 τούτοις
1061 3735 1088 3786 ό
1131 3734 1306 3804 γάμος
1355 3734 1632 3804 ἀθέμιτος.
1677 3735 1802 3800 Πῶς

222 3823 316 3878 οὖν
385 3824 482 3876 ἐπὶ
544 3823 639 3878 τοῦ
701 3825 970 3896 παρόντος
1029 3824 1208 3894 γάμου
1259 3825 1359 3888 τάς
1428 3827 1802 3898 προσηγορίας

225 3914 460 3985 ἀρμόσοι
492 3933 575 3981 τις
609 3917 692 3984 ¹⁷;
727 3917 775 3970 οί
826 3916 926 3987 μὲν
984 3916 1093 3989 γὰρ
1126 3915 1366 3986 ἀδελφοὶ,
1429 3918 1572 3972 κατά
1643 3919 1802 3974 τοῦτο

223 4006 355 4058 αὐτὸ
391 4005 487 4058 καὶ
508 4006 726 4076 ἀδελφοὶ
741 4007 836 4061 καὶ
880 4006 1227 4078 σύγγαμϐροι
1262 4011 1805 4081 προσαγορευθήσον-

226 4112 340 4160 ται,
385 4093 574 4166 ῶσπερ
605 4092 672 4148 αὖ
696 4095 752 4148 αἱ
809 4094 1168 4164 συναφθεῖσαι
1217 4093 1430 4158 τούτοις
1483 4097 1564 4159 είς
1624 4096 1805 4168 γάμον

225 4184 509 4254 ἑξάδελφοί
552 4202 610 4238 τε
646 4187 762 4257 ἃμα
804 4187 898 4240 καὶ
928 4186 1226 4258 σύννυμφοι
1250 4202 1266 4217 ’
1318 4186 1386 4239 τὰ
1418 4185 1475 4239 δὲ
1516 4186 1626 4239 ἀπὸ
1684 4186 1807 4240 τού-

225 4293 336 4330 των
377 4276 678 4347 τικτόμενα
727 4274 978 4348 [ἔκγονα]
1029 4277 1093 4329 ἐκ
1154 4275 1312 4338 ποίας
1375 4276 1694 4344 συγγενείας
1755 4279 1804 4330 οἱ

225 4369 480 4432 τεκόντες
512 4367 1009 4439 προσαγορεύουσιν
1036 4385 1052 4436 ς
1082 4365 1220 4421 Ἀπὸ
1249 4366 1348 4437 μὲν
1389 4368 1500 4438 γάρ
1519 4368 1627 4420 τῶν
1657 4368 1808 4422 ἀδελ-

1902 3740 2111 3810 nuptiis
2165 3737 2503 3810 coaptaverit
2561 3733 2951 3806 appellationes
2989 3732 3011 3786 ’ἒ
3051 3728 3186 3784 Nam
3245 3728 3488 3791 fratres,

1906 3831 2108 3902 pariter
2130 3837 2183 3886 et
2199 3828 2397 3884 fratres
2421 3833 2475 3883 et
2498 3825 2790 3896 congeneri
2817 3823 3271 3895 appellabuntur:
3302 3832 3492 3889 quem-

1907 3921 2201 3977 admodum
2266 3919 2354 3974 bis
2407 3925 2611 3987 nuptae,
2663 3915 3008 3985 consobrinae
3041 3912 3248 3982 pariter
3271 3916 3326 3962 et
3363 3922 3494 3961 con-

1905 4030 2080 4068 nurus
2110 4030 2122 4066 :
2152 4027 2219 4066 ex
2250 4011 2334 4065 bis
2363 4019 2542 4064 autem
2571 4013 2729 4061 natos
2759 4005 2961 4060 liberos
2991 4017 3101 4072 quo
3137 3995 3486 4070 cognationis

1911 4103 2135 4159 nomine
2162 4108 2417 4172 parentes
2439 4095 2838 4168 nuncupabunt
2861 4095 2885 4148 ‘1
2906 4094 2950 4148 Α
2980 4090 3247 4147 fratribus
3271 4087 3492 4159 quidem

1912 4188 2148 4245 secundi
2186 4186 2390 4259 gradus
2422 4187 2488 4241 iis
2526 4184 2816 4242 conveniet
2853 4179 3165 4254 appellatio,
3198 4185 3257 4232 ut
3297 4188 3494 4231 conso-

1919 4283 2063 4338 brini
2110 4281 2495 4348 nominentur;
2539 4294 2568 4334 a
2595 4278 2861 4334 matribus
2893 4284 3071 4330 autem
3115 4270 3257 4328 tertii
3290 4268 3492 4340 gradus

1909 4371 2248 4426 commodior
2293 4370 2398 4425 erit
2432 4370 2672 4441 :justius
2697 4368 2839 4423 enim
2883 4363 3136 4421 sobrinos
3167 4359 3371 4414 dicere.
3417 4355 3483 4409 Et

228 4459 368 4527 φῶν,
399 4461 435 4529 ἡ
468 4459 562 4513 τοῦ
589 4461 840 4532 δευτέρου
869 4459 1078 4530 βαθμοῦ
1117 4458 1326 4522 τούτοις
1363 4459 1595 4530 ἁρμόσει
1632 4478 1795 4532 προσ-

1914 4464 2195 4518 nominum
2229 4461 2468 4518 absurda
2509 4459 2764 4516 confusio
2806 4455 2982 4513 illiciti
3015 4450 3350 4510 matrimonii
3385 4448 3494 4502 ini-

232 4551 452 4622 ηγορία,
515 4551 840 4620 ὲξαδέλφους
888 4551 1388 4622 προσαγορεύεσθαι
1419 4569 1434 4584 ο
1475 4552 1582 4606 ἀπὸ
1610 4552 1666 4606 δὲ
1695 4553 1803 4607 τῶν

234 4641 511 4712 μητέρων,
565 4640 724 4712 ἠτοῦ
749 4641 931 4712 τρίτου
992 4639 1190 4710 μᾶλλον
1243 4640 1396 4694 ἔσται
1444 4641 1798 4713 κατάλληλος.

1909 4556 2197 4626 quitatem,
2229 4553 2388 4621 juxta
2419 4561 2667 4608 sanctum
2698 4549 2916 4605 Patrem
2943 4546 3230 4614 Basilium,
3253 4541 3494 4614 apertius

1915 4647 2313 4703 demonstrant.

231 4733 652 4802 Δισεξαδέλφους
699 4734 807 4806 γὰρ
853 4729 920 4806 ἦν
976 4735 1149 4788 εἰπεῖν
1205 4733 1558 4802 δικαιότερον.
1587 4735 1697 4787 Καὶ
1749 4737 1782 4806 ἡ
1819 4738 1927 4792 τῶν
1974 4739 2253 4810 ὀνομάτων
2284 4735 2656 4806 ἀκατάλληλος
2705 4734 2984 4802 σύγχυσις,
3047 4731 3147 4802 τὴν
3191 4727 3288 4782 τοῦ
3364 4723 3498 4782 ἀθε-

237 4827 393 4898 μίτου
422 4827 468 4858 ¹⁸
502 4826 864 4898 παρανομίαν,
917 4829 1062 4881 κατά
1098 4828 1190 4882 τὸν
1240 4829 1297 4881 ὲν
1346 4827 1521 4894 ἁγίοις
1577 4827 1796 4897 Πατέρα
1835 4829 2138 4897 Βασίλειον,
2164 4829 2639 4899 καταφανέστερον
2665 4824 3068 4880 ἀποδείκνυσιν.

314 4921 457 4975 Ἀλλ’
515 4921 644 4985 ἴσως
687 4921 761 4994 τῷ
791 4921 953 4975 πάθει
988 4922 1371 4994 συνηγορήσων
1423 4938 1509 4985 τις
1564 4922 1803 4987 ἀναστὰς

233 5015 367 5086 ἐρεῖ,
418 5014 721 5084 πυθόμενος
771 5015 950 5085 δῆθεν,
979 5015 1078 5070 Διὰ
1113 5014 1167 5066 τί
1205 5014 1280 5086 μὴ
1319 5015 1524 5069 τούτων
1554 5031 1804 5084 γεγραμ-

238 5105 414 5174 μένων
461 5106 504 5137 ¹⁹
537 5121 622 5170 τις
646 5104 906 5176 ὀνομαστὶ
973 5105 1252 5160 κεκώλυκε
1314 5105 1499 5175 νόμος,
1555 5104 1814 5173 ἀδελφοὺς

234 5196 409 5266 λέγων
458 5199 555 5262 τὰς
587 5199 647 5264 ἐξ
672 5199 917 5269 ἀδελφῶν
968 5198 1332 5269 γεννωμένας,
1397 5199 1477 5260 είς
1523 5199 1812 5252 κοινωνίαν

234 5287 428 5358 γάμων
463 5290 539 5361 μὴ
568 5290 1122 5362 προσ).αμ6άνεσθαι;
1181 5290 1274 5343 καὶ
1325 5288 1412 5342 διὰ
1462 5288 1516 5342 τί
1555 5288 1630 5358 τῷ
1688 5293 1810 5342 κατ’

1993 4924 2098 4980 Sed
2155 4924 2372 4980 aflectui
2427 4922 2873 4994 patrocinatnrus
2929 4922 3166 4974 fortasse
3220 4915 3494 4987 quispiam

1923 5024 2202 5084 exsurget,
2235 5027 2508 5084 quaerens,
2537 5027 2636 5066 cur
2660 5010 2804 5063 nulla
2829 5009 2911 5064 lex
2941 5008 3144 5078 scripta
3167 5006 3497 5076 nominatim

1926 5106 2104 5161 vetuit
2135 5104 2333 5158 fratres
2376 5102 2480 5158 sibi
2534 5102 2736 5171 nuptiis
2787 5101 3060 5156 asciscere
3103 5108 3261 5154 natas
3289 5113 3355 5152 ex
3394 5095 3500 5151 fra-

1919 5196 2095 5250 tribus
2130 5212 2146 5262 ;
2183 5201 2237 5248 et
2266 5207 2367 5247 cur
2401 5191 2452 5245 ei
2483 5189 2626 5261 quod
2652 5189 2805 5260 juxta
2837 5187 3289 5246 consuetudinem
3320 5185 3377 5238 fit
3403 5200 3500 5255 per

1917 5289 2171 5359 Spiritum
2216 5294 2324 5340 tam
2361 5283 2509 5355 longi
2557 5283 2818 5352 temporis
2858 5281 3196 5339 contrarium
3245 5276 3498 5352 statuis?

1503 5429 1736 5486 VARIIE
1794 5427 2197 5484 LECTlO-NES.

329 5531 372 5563 ’³
398 5529 696 5584 ἑκονῐσατο.
773 5529 817 5561 ’δ
846 5527 1246 5598 κατοχυρω-θὲν.

241 5600 286 5634 ⁸⁸
307 5600 565 5670 ἀθεμίτου
594 5600 795 5668 γάμου.
873 5598 916 5630 ³⁹
954 5596 1028 5668 μὴ
1056 5596 1215 5650 τοῦτο
1261 5596 1372 5650 τῶν
1406 5613 1565 5667 γεγρ.

383 5711 397 5762 i
437 5715 651 5768 honesto
682 5713 983 5782 nuptiarum
1003 5711 1404 5782 titulormunita,

245 5785 516 5840 testatione
543 5781 857 5838 sententiam
899 5782 1033 5837 hanc
1079 5781 1326 5836 habeant.

1358 5528 1402 5560 ¹⁵
1433 5531 1546 5591 τοῖς
1576 5528 1631 5581 δὲ
1669 5528 1846 5590 ἄλλοις
1877 5523 2112 5596 προφυλ.

1553 5710 1576 5750 ι
1609 5708 1942 5765 mediocritas

2207 5523 2250 5555 ”
2277 5520 2520 5592 γνώμην,
2555 5527 2661 5575 etc.
2697 5523 2757 5573 ὲν
2951 5520 2992 5552 ¹⁷
3028 5513 3277 5587 ἁρμόσαι
3307 5511 3366 5568 τό
3389 5527 3493 5577 τις.

2059 5703 2077 5744 1
2108 5705 2221 5773 jam
2252 5701 2602 5770 deliquerunt,
2662 5697 2821 5754 veluti
2849 5713 2943 5767 pro
2988 5696 3248 5753 medicina
3279 5706 3330 5753 et
3372 5712 3494 5750 σοιις
