3950 6606
484 383 591 444 735

1777 378 1809 439 J
1819 378 1916 439 US
1953 374 2401 438 CANONICUM

3630 365 3752 432 '136

484 490 778 545 verborum
805 487 1040 544 circuitu
1072 495 1124 544 et
1153 487 1423 559 gravitate
1451 485 1772 544 demulcens
1801 500 1984 551 aures,
2023 493 2077 540 et

2184 482 2303 548 ἔθος
2359 480 2720 554 πραττομένῳ
2742 479 2934 552 χρόνον
2973 477 3226 533 τοσοῦτον
3283 477 3362 542 είς
3423 476 3766 547 συνηγορίαν

486 597 603 636 rem
638 582 811 650 ipsam
843 579 1192 650 captionibus
1223 579 1510 634 involvens
1531 618 1546 640 ,
1577 578 1863 648 culpaeque
1894 577 2070 646 subji-

2171 573 2392 628 λαϐόντι
2420 570 2897 642 ἀντινομοθετεῖς;
2929 568 3104 636 λόγων
3139 569 3398 637 στροφαῖς
3440 567 3537 619 καὶ
3583 564 3765 618 δεινόν-

484 671 637 726 cicns
674 669 819 738 quod
849 685 943 740 per
971 670 1116 739 leges
1165 669 1326 739 culpa
1365 668 1562 723 caret?
1599 666 1799 722 Verum
1828 682 1937 721 non
1966 681 2068 738 ego

2184 683 2292 736 τητι
2342 665 2597 718 κλέπτων
2658 663 2757 734 τὴν
2812 663 3004 732 ἀκοὴν,
3061 662 3155 716 καὶ
3185 661 3247 713 τὸ
3300 663 3536 730 πρᾶγμα
3584 676 3764 712 κατα-

486 761 731 832 quidem,
764 761 858 816 sed
893 761 1088 830 spiritu
1126 758 1370 832 [plenus]
1403 759 1638 815 Basilius
1664 768 1705 797 ω
1729 759 1785 814 id
1805 759 2067 813 delictum

484 855 813 924 jampridem
839 856 954 924 lege
979 855 1296 909 declaravit.
1325 853 1495 923 Cujus
1525 854 1638 918 lex,
1665 853 1852 924 lingua
1883 851 2070 907 Eccle-

487 947 604 1008 siae,
638 955 694 1001 et
731 946 1021 1000 verborum
1058 961 1230 1002 sonus
1265 946 1532 1001 divinitus
1580 946 1800 1016 scriptae
1847 944 2067 1010 tabulae,

489 1035 588 1090 Dei
639 1036 812 1106 digito
871 1036 1181 1104 insculpta.
1219 1033 1375 1100 Quod
1421 1033 1467 1086 si
1509 1032 1634 1104 quis
1667 1033 1723 1088 in
1772 1033 1859 1088 his
1899 1031 2068 1086 alium

490 1127 858 1198 legislatorem
909 1127 1213 1196 quasierit,
1254 1135 1310 1181 et
1363 1125 1555 1180 nescio
1603 1139 1671 1179 an
1729 1123 2071 1196 sapientibus

490 1233 687 1290 sapere
717 1219 1016 1274 videbitur.
1057 1218 1122 1272 Et
1153 1219 1284 1273 licet
1313 1219 1461 1272 nulla
1496 1219 1660 1289 hujus
1692 1219 1772 1273 rei
1804 1217 2012 1274 mentio
2038 1233 2072 1274 ει

491 1325 764 1382 quoquam
794 1311 1016 1365 Patrum
1041 1313 1181 1366 facta
1217 1311 1502 1381 sit,neque
1524 1310 1604 1366 sic
1627 1311 1835 1381 absque
1861 1311 2074 1368 ratione

491 1397 685 1450 vitium
737 1398 841 1451 hoc
899 1399 970 1452 ab
1019 1397 1262 1454 Ecclesia
1308 1415 1588 1456 removere
1636 1400 1945 1455 videbimur
1979 1401 2072 1466 iis,

493 1489 695 1556 quibus
759 1491 967 1543 nullum
1019 1492 1084 1545 de
1133 1506 1200 1544 eo
1241 1491 1507 1559 judicium
1549 1500 1656 1546 est.
1691 1489 1826 1544 Nam
1875 1491 1965 1560 qui
2005 1489 2075 1546 de

494 1583 861 1648 temperantia
911 1581 1057 1650 leges
1101 1583 1362 1647 tulerunt,
1410 1591 1461 1636 et
1503 1583 1749 1637 mulieris
1804 1581 2074 1638 adulterio

495 1673 788 1740 raptuique
827 1672 1056 1740 virginis
1111 1689 1306 1742 pmuas
1361 1675 1696 1742 irrogarunl,
1744 1689 1856 1728 non
1919 1672 2064 1727 addi~

497 1765 717 1828 derunt,
758 1766 802 1821 si
840 1775 994 1836 pater
1025 1767 1144 1820 tiliae
1171 1767 1495 1836 pudicitiam
1528 1767 1740 1822 violans
1767 1767 2074 1833 deprehen-

499 1872 594 1910 sus
625 1857 733 1919 sit,
771 1873 876 1926 qua
912 1873 1070 1925 poena
1112 1857 1435 1927 plectendos
1466 1858 1538 1912 sit
1569 1878 1582 1913 :
1626 1873 1750 1913 cum
1801 1858 1915 1912 haec
1965 1873 2074 1913 non

496 1948 659 2002 facile
690 1959 1089 2020 perpetrentur.
1127 1950 1180 2004 Si
1219 1961 1399 2006 tamen
1441 1951 1757 2021 bujusmodi
1791 1950 2076 2021 quidpiam

494 2044 848 2096 commissum
881 2044 974 2105 sit.
1007 2043 1350 2098 manifestum
1384 2053 1467 2099 est
1497 2060 1650 2098 reum
1678 2059 1892 2114 pmnam
1949 2044 2080 2098 sub-

495 2132 727 2198 iturum,
765 2149 890 2187 cum
953 2135 1164 2188 minora
1213 2137 1444 2189 crimina
1488 2137 1909 2204 puniantur.An
1950 2137 2077 2207 quia

493 2225 776 2293 quidpiam
809 2225 924 2295 lege
955 2229 1291 2296 prohibitum
1319 2245 1425 2283 non
1459 2237 1542 2284 est
1569 2241 1617 2292 ιι,
1649 2230 1771 2284 ideo
1805 2229 1961 2284 facile
1984 2230 2080 2284 atl-

497 2317 728 2372 mittet?
787 2327 880 2371 aut
938 2321 983 2373 si
1037 2337 1210 2376 ausus
1267 2320 1452 2385 fuerit,
1513 2323 1684 2390 legem
1745 2339 1868 2392 quae
1912 2325 1977 2378 de
2016 2339 2081 2379 eo

499 2412 772 2464 scribetur
799 2428 905 2464 non
937 2414 1206 2480 patietur?
1230 2412 1396 2468 Nemo
1418 2415 1507 2482 qui
1543 2415 1721 2484 sapiat
1759 2416 1810 2468 id
1851 2415 2076 2471 dixerit.

496 2495 978 2564 Quemadmodum
1006 2503 1172 2570 igitur
1190 2518 1312 2555 cum
1338 2504 1470 2557 illud
1503 2504 1724 2559 silentio
1747 2509 2078 2576 prmteritum

494 2600 600 2653 est,
617 2590 1010 2662 silentiumjnon
1030 2593 1300 2662 permittet
1316 2605 1576 2652 utnatura
1592 2597 1928 2665 impudenter
1951 2615 2086 2653 cou-

498 2684 722 2737 tumelia
743 2684 1010 2738 alliriatur
1040 2699 1053 2744 :
1079 2687 1157 2740 sic
1176 2703 1351 2757 neque
1374 2688 1476 2742 hoc
1495 2691 1863 2758 praetermisso
1887 2692 2080 2758 (sicubi

499 2776 935 2843 praetermissum
993 2787 1077 2832 est
1114 2777 1130 2834 i
1181 2779 1401 2832 licentia
1435 2781 1538 2834 erit
1575 2781 1796 2851 impune
1846 2782 2082 2839 faciendi

499 2863 738 2917 maxime
768 2880 893 2918 cum
938 2867 1112 2921 simus
1140 2867 1465 2933 Christiani,
1495 2880 1547 2925 et
1575 2871 1740 2940 probe
1769 2875 2084 2931 noverimus

499 2955 665 3024 hujus
698 2956 888 3010 mttndi
914 2957 1144 3014 formam
1177 2971 1640 3028 momentaneam,
1667 2964 1822 3032 juxta
1857 2965 2082 3021 Paulum

498 3049 803 3115 apostolum
837 3067 850 3104 :
895 3058 956 3104 ut
1005 3051 1097 3120 qui
1134 3052 1336 3106 habent
1379 3071 1604 3118 uxores,
1639 3056 1750 3111 siut
1784 3058 1940 3127 quasi
1972 3075 2083 3115 non

500 3140 760 3194 habeant.
800 3140 1126 3212 Quanquam
1176 3147 1608 3214 prmtermissum
1665 3163 1772 3202 non
1823 3157 1929 3217 est,
1985 3151 2078 3206 sed
2108 3177 2154 3236 ο

500 3232 701 3302 quibus
752 3233 981 3295 dictum,
1020 3241 1106 3289 est
1144 3235 1500 3304 prohibitum.
1544 3235 1662 3292 Non
1703 3238 1848 3293 enim
1891 3240 2034 3308 quod
2063 3249 2083 3272 ⁸

500 3322 627 3376 licet
661 3324 713 3377 in
744 3325 950 3394 nuptiis
979 3327 1340 3395 spectandum
1369 3336 1472 3393 est,
1509 3328 1602 3406 sed
1637 3331 1782 3399 quod
1823 3330 2000 3386 decet.
2020 3331 2086 3387 Et

503 3424 730 3469 sanctus
766 3426 1025 3485 praeterea
1061 3431 1124 3471 ac
1158 3433 1388 3488 magnus
1429 3418 1689 3482 Basilius,
1726 3420 2087 3491 quemadmo-

502 3509 630 3563 dum
669 3508 875 3562 dictum
909 3516 1012 3569 est.
1037 3509 1096 3563 In
1130 3509 1331 3578 quibus
1373 3511 1593 3581 (inquit)
1635 3513 1854 3568 nomina
1880 3530 2086 3586 cogna-

502 3598 666 3653 tionis
722 3597 1161 3662 confunduntur,
1217 3599 1271 3653 in
1320 3600 1387 3654 iis
1440 3601 1644 3668 nuptiae
1681 3602 1899 3658 illicitae.
1947 3604 2083 3660 Nam

501 3691 963 3761 quemadmodum
1019 3693 1150 3747 unio
1189 3693 1567 3762 copulatorum
1611 3710 1708 3764 per
1745 3698 1964 3767 nuptias
2002 3697 2088 3754 di-

501 3783 852 3839 stinctionem
884 3784 1034 3838 nullo
1065 3785 1225 3840 modo
1258 3785 1428 3849 novit,
1456 3786 1551 3841 sed
1577 3787 1740 3843 ambo
1761 3799 1787 3839 ι³
1819 3805 1924 3845 una
1953 3805 2086 3847 caro

501 3883 807 3929 noscuntur
828 3874 1021 3945 (Erunt
1036 3876 1179 3930 enim
1208 3876 1405 3946 inquit,
1425 3877 1600 3932 duoin
1619 3893 1840 3934 carnem
1863 3882 2080 3953 unam):

501 3965 582 4020 sic
615 3966 860 4036 utrisque
901 3983 1101 4037 genere
1129 3968 1460 4039 propinqui,
1506 3980 1912 4041 consequenter
1959 3973 2084 4044 jure

500 4059 845 4129 cognationis
895 4060 1331 4130 conjunguntur,
1373 4069 1429 4116 et
1484 4062 1538 4116 in
1582 4079 1747 4118 unam
1797 4066 2083 4136 sanguinis

499 4152 960 4221 propinquitatem
989 4152 1418 4224 atlinitatcmque
1460 4156 1795 4210 conveniunt
1829 4174 1844 4210 :
1903 4166 1963 4212 ut
1997 4158 2083 4216 his

500 4245 820 4299 necessario
870 4247 1110 4300 cavenda
1165 4246 1235 4301 sit
1280 4254 1335 4302 et
1381 4244 1728 4302 formidanda
1761 4249 1971 4305 lubrica
2001 4251 2085 4307 in-

500 4343 586 4389 ter
620 4351 678 4391 se
725 4337 1052 4406 conjugalis,
1099 4338 1409 4392 commistio
1438 4346 1493 4392 et
1520 4341 1741 4409 cppula.
1788 4338 1905 4395 Non
1936 4341 2079 4396 enim

500 4427 915 4495 ingrediendum
935 4436 1019 4481 est
1039 4442 1254 4482 omnem
1270 4436 1298 4477 tt
1312 4427 1496 4482 carnis
1514 4429 1838 4497 proximum,
1862 4439 2083 4501 propter

499 4519 714 4588 generis
745 4518 1197 4573 conturbationes
1222 4525 1274 4572 et
1305 4518 1679 4574 confusioncs.

2105 1827 2152 1886 Β

2172 756 2550 827 σοφιζόμενος,
2583 757 2677 810 καὶ
2709 756 2801 809 ὑπ’
2854 754 3088 823 εὐθύνην
3147 752 3298 821 ἄγων
3354 752 3419 805 τὸ
3474 751 3584 804 ἀπὸ
3647 750 3764 802 τῶν

2171 850 2352 919 νόμων
2381 847 2861 915 ἅνεύθυνονςἈλλ’
2892 847 2992 900 οὐκ
3031 846 3227 921 ἔγωγε,
3269 847 3297 898 ὁ
3325 845 3382 898 δὲ
3420 844 3516 897 τοῦ
3584 842 3764 896 [Inﬁ-

2175 956 2343 1011 ματος
2364 939 2522 993 τοῦτο
2569 940 2669 1008 τὴν
2719 937 2996 1009 ἁμαρτίαν
3058 934 3529 1007 προενομοθέτησε
3554 935 3602 967 ’⁸
3651 935 3803 1006 πάν

2170 1030 2261 1086 λαι
2288 1031 2570 1095 Βασίλειος
2600 1023 2662 1085 οὗ
2691 1031 2854 1100 νόμος
2885 1031 2920 1101 ἡ
2955 1028 3173 1096 γλῶττα
3202 1030 3270 1099 τῇ
3306 1026 3631 1099 Ἐκκλησία,
3664 1027 3765 1079 καὶ

2170 1123 2202 1178 δ
2229 1123 2338 1178 τῶν
2393 1124 2657 1195 ῥημάτων
2707 1123 2968 1192 φθόγγος,
3031 1122 3332 1194 θεόγραφοι
3379 1120 3609 1185 πλάκες,
3665 1121 3768 1173 δα-

2172 1215 2356 1287 κτύλῳ
2403 1215 2882 1286 ἔγκεχαραγμέναι
2928 1212 3090 1268 Θεοῦ.
3160 1214 3218 1266 Ὀ
3245 1213 3302 1266 δὲ
3336 1212 3519 1284 ζητῶν
3567 1211 3763 1282 ἓτερον

2173 1307 2470 1379 νομοθέτην
2497 1309 2556 1360 έν
2577 1307 2810 1370 τούτοις,
2843 1307 2942 1360 οὐκ
2974 1302 3092 1360 οῖδα
3119 1306 3166 1358 εί
3225 1302 3593 1372 σωφρονοῦσιν
3669 1296 3766 1355 οὗ·-

2174 1401 2265 1464 τός
2295 1417 2357 1469 γε
2387 1399 2526 1465 δόξει
2579 1400 2899 1472 σωφρονεῖν.
2951 1398 3016 1452 El
3049 1397 3105 1450 δὲ
3140 1397 3234 1450 καὶ
3265 1397 3447 1466 δῶμεν
3480 1395 3763 1466 μηδεμίαν

2175 1492 2485 1564 γεγράφθαι
2529 1495 2750 1563 μνήμην
2795 1491 2923 1562 παρ’
2950 1490 3163 1553 οὐδενὸς
3188 1489 3296 1542 τῶν
3327 1489 3585 1557 Πατέρων
3631 1488 3764 1558 περὶ

2173 1583 2268 1637 τοῦ
2303 1583 2648 1655 πράγματος,
2677 1580 2787 1634 οὐδ’
2816 1580 2990 1644 οὕτως
3026 1580 3091 1634 ἂν
3124 1579 3335 1646 ἀλόγως
3379 1577 3586 1631 ἐθέλειν
3626 1578 3768 1632 ἀπο-

2175 1674 2396 1745 κινῆσαι
2444 1675 2505 1728 τὸ
2563 1672 2903 1746 ἀρρώστημα
2931 1673 3088 1726 τοῦτο
3112 1675 3210 1744 τῆς
3252 1670 3580 1740 Ἐκκλησίας
3602 1711 3618 1734 ,
3649 1672 3763 1733 τοῖς

2183 1767 2258 1837 μὴ
2312 1767 2438 1838 περὶ
2489 1766 2592 1836 τὴν
2661 1766 2845 1838 κρίσιν
2907 1765 3190 1829 δικάζουσι
3239 1763 3503 1833 δόξωμεν.
3537 1764 3599 1815 Ol
3653 1761 3763 1832 γάρ

2181 1859 2306 1931 περὶ
2380 1859 2735 1931 σωφροσύνης
2805 1859 3288 1930 νομοθετήσαντες,
3364 1859 3622 1926 γυναικός
3700 1875 3761 1911 τε

2185 1950 2432 2022 μοιχείαν
2455 1951 2546 2003 καὶ
2577 1950 2700 2020 βίαν
2730 1950 3183 2021 τιμωρησάμενοι
3220 1950 3410 2018 κόρης,
3443 1950 3503 2002 οὐ
3537 1965 3764 2017 προστι-

2183 2044 2390 2110 θέασιν,
2445 2044 2511 2098 ἃν
2536 2044 2809 2114 θυγατέρα
2845 2043 2958 2112 ἁλῷ
2991 2045 3172 2115 πατὴρ
3227 2042 3578 2112 βιασάμενος,
3619 2043 3650 2095 ὅ
3707 2058 3758 2095 τι

2181 2135 2290 2190 δέοι
2319 2136 2511 2188 παθεῖν
2533 2151 2548 2166 ο
2579 2135 2654 2199 ὡς
2688 2133 2809 2187 οὔτε
2842 2134 3038 2207 ῥαδίως
3063 2137 3130 2187 τὰ
3164 2135 3385 2188 τοιαῦτα
3413 2135 3760 2205 τολμώμενα.

2184 2227 2301 2282 Κᾶν
2340 2228 2448 2296 ἄρα
2477 2226 2696 2298 πραχθῇ
2747 2245 2819 2289 τι,
2867 2227 3133 2298 πρόδηλον
3157 2227 3218 2281 ὃν
3257 2227 3331 2291 ὡς
3361 2229 3520 2298 δίκην
3552 2228 3758 2296 ὑφέξει,

2183 2320 2292 2372 τῶν
2320 2319 2619 2372 ἐλαττόνων
2651 2320 3098 2393 τιμωρουμένων.
3145 2315 3292 2390 ’Λρα
3321 2319 3396 2390 μὴ
3433 2321 3593 2373 τοῦτο
3614 2323 3761 2391 νόμῳ

2182 2408 2511 2473 κεκώλυται,
2561 2409 2757 2480 ῥᾳδίως
2817 2427 2900 2471 τις
2971 2411 3421 2480 καταπράξαιτο;
3485 2410 3517 2479 ἢ
3565 2411 3764 2479 τολμή-

2187 2522 2286 2568 σας
2314 2505 2411 2575 οὐχ
2440 2503 2550 2570 ἔξει
2612 2504 2703 2558 τὸν
2735 2505 2827 2557 ἐπὶ
2869 2503 3043 2574 τούτῳ
3089 2504 3470 2576 γραῲόμενονς
3532 2503 3647 2556 Οὖκ
3700 2504 3763 2556 ἂν

2187 2597 2320 2670 φαίη
2350 2615 2434 2660 τις
2465 2596 2774 2666 σωφρονῶν.
2802 2597 3016 2668 ’Ὠσπερ
3047 2597 3226 2650 τοίνυν
3281 2595 3490 2650 ἐκείνου
3549 2613 3763 2649 σιωπω-

2190 2689 2374 2759 μένου,
2423 2687 2484 2741 ού
2513 2688 2693 2741 δίδωσι
2725 2687 2976 2758 χώρανή
3033 2685 3214 2757 σιωπὴ
3265 2686 3558 2758 τολμηρῶς
3616 2685 3764 2755 569l-

2185 2777 2302 2843 ζειν
2328 2777 2468 2831 κατὰ
2511 2777 2610 2848 τῆς
2668 2776 2929 2845 φύσεως’
2983 2775 3157 2840 οὕτως
3203 2775 3322 2830 οὐδὲ
3388 2776 3581 2830 τούτου
3635 2778 3763 2837 ἴσως

2187 2869 2652 2942 παραλειφθέντος
2711 2868 2813 2938 (εί
2844 2886 2944 2922 που
3004 2868 3099 2922 καὶ
3145 2868 3528 2940 παρελείφθη)
3584 2868 3760 2922 ἄδειαν

2187 2962 2301 3027 ἕξει
2333 2980 2417 3025 τις
2447 2961 2876 3027 ἀνεπικωλύτως
2901 2966 3076 3016 ποιεῖν
3101 2979 3115 2993 ·
3150 2963 3244 3016 καὶ
3273 2962 3467 3026 ταῦτα,
3503 2963 3754 3032 Χριστια-

2189 3056 2296 3109 νῶν
2319 3055 2485 3110 δντων
2513 3055 2670 3126 ἡμῶν
2695 3057 2808 3122 καὶ,
2863 3056 3049 3128 ἄκρως
3078 3058 3125 3088 ’³
3179 3056 3395 3110 εἰδότων
3484 3057 3568 3108 ὅτι
3627 3072 3761 3126 παρ-

2189 3148 2316 3216 άγει
2367 3149 2429 3202 τὸ
2457 3148 2646 3219 σχῆμα
2678 3149 2772 3203 τοῦ
2827 3149 3032 3219 κόσμου
3077 3148 3291 3214 τούτου,
3327 3148 3472 3202 κατά
3499 3149 3588 3202 τὸν
3629 3149 3760 3202 ἀπό-

2191 3241 2377 3294 στολον
2405 3241 2616 3294 Παῦλον
2640 3255 2655 3271 ·
2716 3241 2804 3294 ἵνα
2865 3242 2959 3296 καὶ
2997 3243 3044 3295 oi
3108 3241 3323 3313 ἔχοντες
3371 3246 3655 3310 γυναῖκας,
3689 3241 3760 3304 ὡς

2191 3334 2265 3402 μὴ
2317 3331 2530 3402 ἔχοντες
2561 3325 2683 3385 ὧσι.
2717 3332 2912 3386 Καίτοι
2965 3333 3085 3387 οὐδὲ
3154 3332 3604 3404 παραλέλειπται,
3651 3333 3758 3386 ἀλλ’

2187 3418 2270 3488 οἷς
2296 3423 2496 3496 ὲῤῥέθη
2533 3423 2862 3479 κεκώλυται.
2915 3425 2989 3478 Ού
3032 3424 3218 3493 γὰρτὸ
3269 3425 3757 3495 ἐπιτετραμμένον,

2189 3515 2376 3588 φησιν,
2423 3518 2481 3571 ὲν
2521 3519 2632 3580 τοῖς
2664 3517 2866 3588 γάμοις
2917 3517 2999 3570 δεῖ
3053 3520 3298 3579 σκοπεῖν,
3359 3518 3496 3571 ἀλλὰ
3551 3519 3647 3572 καὶ
3707 3517 3760 3570 τὸ

2187 3610 2487 3680 εὐπρεπές.
2520 3611 2632 3666 Καὶ
2660 3611 2688 3663 ὁ
2717 3611 2863 3678 ίερδς
2909 3611 3069 3674 αὖθις
3097 3613 3191 3665 καὶ
3255 3611 3428 3682 μέγας
3466 3611 3758 3677 Βασίλειος,

2188 3699 2371 3762 καθὼς
2405 3699 2640 3770 εἴρηται,
2709 3699 2800 3753 'Ev
2831 3697 2934 3764 οἷς,
2969 3702 3125 3771 φησὶ,
3153 3699 3222 3753 τὰ
3247 3701 3344 3754 τοῦ
3406 3701 3602 3770 γένους
3644 3719 3762 3770 συγ-

2188 3790 2404 3864 χέονται
2458 3791 2723 3861 ὀνόματα,
2785 3793 2845 3846 ἐν
2903 3791 3115 3856 τούτοις
3175 3793 3204 3848 ὀ
3257 3792 3432 3863 γάμος
3491 3794 3760 3862 ἀθέμιτος.

2189 3884 2404 3954 ’Ὠσπερ
2446 3883 2556 3954 γάρ
2588 3886 2620 3955 ἠ
2648 3883 2756 3938 τῶν
2783 3884 2870 3937 διὰ
2899 3885 3080 3954 γάμου
3117 3886 3549 3955 συναπτομένων
3577 3887 3762 3949 Evam;

2186 3976 2285 4029 οὐκ
2327 3970 2470 4028 οἶδεν
2506 3974 2643 4038 ὅλως
2684 3973 2987 4043 διαστολὴν,
3044 3973 3180 4027 ἀλλὰ
3247 3973 3383 4041 σὰρξ
3441 3975 3612 4043 ἄμφω
3676 3974 3762 4042 μία

2186 4065 2508 4138 γνωρίζεται
2537 4065 2583 4098 ³³
2647 4063 2924 4136 (Ἔσονται
2950 4063 3079 4135 γὰρ,
3113 4065 3294 4135 φησὶν,
3325 4065 3373 4118 οἱ
3411 4064 3505 4118 δύο
3537 4067 3619 4129 είς
3645 4067 3763 4134 σάρ-

2185 4179 2257 4215 κα
2329 4159 2514 4231 μίαν)’
2565 4157 2708 4212 οὕτω
2748 4159 2840 4210 καὶ
2883 4159 2931 4212 οἱ
2989 4157 3128 4226 κατὰ
3176 4158 3337 4225 γένος
3395 4159 3754 4229 προσήκοντες

2189 4253 2472 4324 ἑκατέροις
2495 4249 2804 4314 ἀκολούθως
2831 4249 3025 4321 δικαίῳ
3042 4250 3362 4317 συγγενείας
3382 4251 3765 4304 ἐπισυνάπτον-

2185 4365 2294 4411 ται,
2363 4345 2455 4399 καὶ
2481 4346 2561 4408 είς
2616 4343 2744 4414 μίαν
2775 4340 3104 4414 ἁρμόζονται
3149 4343 3462 4414 ἀγχιστείαν
3541 4346 3762 4414 αἵματος

2189 4437 2281 4489 καὶ
2315 4435 2589 4488 οἱκείωσιν
2611 4448 2628 4465 ⁶
2659 4433 2734 4496 ὡς
2769 4433 3082 4500 ἐπάναγκες
3106 4427 3248 4487 εἶναι
3281 4432 3495 4497 τούτοις
3526 4434 3763 4489 εὐλαϐεῖ-

2115 4517 2163 4578 Ι)
2191 4525 2315 4578 σθαι
2337 4525 2430 4578 καὶ
2459 4524 2693 4578 δεδιέναι
2731 4523 3008 4594 σφαλερὰν
3059 4523 3160 4594 τὴν
3196 4525 3276 4588 είς
3300 4523 3568 4596 ἀλλήλους
3615 4543 3764 4594 γαμι-

501 4609 601 4679 κὴν
634 4611 916 4680 ἐπιμιξῖαν
943 4613 1035 4664 καὶ
1066 4613 1405 4683 συμπλοκήν.
1443 4613 1518 4666 Οὐ
1550 4611 1660 4686 γάρ
1693 4611 1816 4666 ἐνὸν
1876 4615 2105 4679 εἰσιέναι
2149 4619 2288 4691 πρὸς
2352 4619 2527 4674 πάντα
2595 4620 2794 4672 οἰκεῖον
2842 4617 3044 4689 σαρκὸς
3083 4658 3098 4684 ,
3171 4616 3262 4671 διὰ
3329 4617 3430 4683 τὰς
3511 4617 3763 4672 συνθολὼ-

503 4717 615 4764 σεις
671 4703 762 4754 καὶ
793 4703 1082 4772 συγχύσεις
1106 4704 1198 4758 τοῦ
1232 4705 1443 4773 γένους.

576 4795 804 4850 Ubinam
863 4811 995 4864 ergo
1021 4797 1131 4866 jam
1158 4797 1586 4867 prmtermissum
1609 4799 1852 4870 estquod
1888 4800 2074 4856 omnia

501 4904 568 4943 ex
598 4898 754 4958 parte
791 4890 1098 4946 canonibus
1123 4899 1177 4944 et
1213 4891 1422 4960 legibus
1457 4899 1542 4946 est
1576 4900 1826 4955 cautum,
1852 4899 1912 4946 ut
1941 4906 2079 4964 pro-

501 4990 624 5050 pter
655 4980 707 5033 id
745 4989 897 5035 extra
921 4982 1138 5052 culpam
1188 4998 1311 5037 esse
1369 4982 1663 5038 videatur?
1695 4983 1769 5039 De
1834 4991 2084 5054 tempore

503 5089 631 5137 vero
661 5072 804 5142 quod
839 5075 969 5128 vitio
999 5073 1350 5144 sutfragatur,
1386 5073 1497 5128 dici
1529 5073 1692 5130 facile
1721 5083 1899 5146 potest
1930 5073 2086 5143 ﬂagi-

504 5167 698 5220 tiosam
725 5175 778 5220 et
798 5167 1097 5236 improbam
1115 5168 1313 5239 degere
1331 5169 1641 5225 volentibus
1661 5170 1851 5234 vitam,
1873 5170 2084 5225 nullum

501 5259 730 5313 omnino
759 5275 823 5313 ex
857 5268 1102 5330 tempore
1159 5277 1282 5316 esse
1341 5262 1627 5316 auxilium.
1690 5261 1879 5334 Neque
1931 5264 2077 5318 enim

503 5348 792 5415 adulteris,
856 5350 1274 5420 expilatoribus,
1325 5350 1734 5419 effractoribus,
1793 5360 1889 5408 aut
1953 5353 2064 5407 alio

2262 4798 2372 4852 Ποῦ
2399 4797 2577 4850 τοίνυν
2600 4797 2659 4850 τὸ
2692 4797 2975 4860 πάντοθεν,
3022 4797 3097 4860 ὡς
3121 4796 3403 4866 ἀθέμιτον,
3451 4797 3548 4850 καὶ
3583 4799 3761 4851 κανόσι

2187 4889 2276 4942 καὶ
2309 4889 2495 4958 νόμοις
2529 4885 2882 4954 άσφαλισθὲν,
2911 4887 3011 4957 ἤδη
3063 4886 3523 4957 παραλέλειπται,
3557 4887 3632 4951 ὡς
3679 4888 3759 4941 καὶ

2187 4981 2276 5035 διὰ
2311 4981 2471 5034 τοῦτο
2497 4979 2645 5044 δόξαι
2671 4978 2988 5045 ἀνεύθυνον;
3026 4979 3162 5050 Περὶ
3195 4979 3252 5032 δὲ
3285 4977 3377 5031 τοῦ
3409 4979 3759 5052 συνηγοροῦν-
3829 5023 3833 5026 .

2189 5089 2280 5135 τος
2307 5071 2384 5142 τῷ
2417 5067 2796 5140 πάθειχρόνου
2837 5067 2996 5123 τοῦτό
3023 5071 3173 5122 ἐστιν
3222 5070 3399 5123 εἰπεῖν
3437 5070 3639 5140 ῥᾴδιον,
3686 5073 3756 5125 ὅτι

2192 5166 2304 5227 τοῖς
2370 5161 2718 5229 ἀσελγαίνειν
2774 5160 3019 5214 ἐθέλουσι
3069 5160 3165 5213 καὶ
3236 5162 3349 5224 τοῖς
3404 5160 3755 5232 διαμόχθηρον

2192 5257 2374 5327 έχουσι
2407 5255 2542 5326 βίον,
2583 5253 2809 5324 οὐδεμία
2863 5271 2948 5316 τις
2977 5253 3087 5306 ἀπὸ
3127 5254 3324 5324 χρόνον
3375 5254 3590 5314 πάντως
3619 5254 3754 5308 ἔσται

2193 5348 2440 5420 βοήθεια.
2477 5347 2612 5402 Οὐδὲ
2650 5346 2759 5418 γὰρ
2796 5347 3024 5418 μοιχοῖς,
3067 5343 3100 5418 ἦ
3132 5344 3486 5413 λωποδύταις,
3520 5345 3755 5417 ῆτοιχωο

1768 5486 2006 5543 VARI/E
2045 5481 2456 5540 LECTiONES.

572 5582 620 5615 ³⁸
648 5581 856 5660 τούτων
887 5580 987 5651 τὴν
1019 5581 1294 5653 ἁμαρτίαν
1323 5579 1560 5652 ἐλέγχων
1588 5581 1918 5654 προενομοθ.
1995 5581 2039 5613 ²¹
2063 5580 2171 5649 ἄρα
2186 5579 2265 5632 ὅτι
2297 5577 2373 5660 μί)
2447 5575 2495 5607 ¹¹
2535 5572 2803 5646 ἀκριϐῶς.
2884 5573 2932 5606 ⁸³
2947 5570 3244 5640 λογίζεται.
3322 5569 3368 5602 ³⁸
3385 5567 3750 5639 άρμόττονται.

502 5651 552 5687 ⁸⁸
575 5652 759 5722 σαρκί.

573 5777 616 5844 ξι
665 5767 1147 5844 Ito‘rttm‘percatum
1181 5788 1429 5843 arguens,
1485 5772 1603 5844 jam
1637 5779 1760 5844 ante
1806 5767 2056 5823 sancivit.
2135 5775 2160 5804 ⁸³
2195 5763 2448 5844 idecquis
2465 5763 2555 5830 qui
2585 5777 2704 5817 cum
2738 5759 2835 5817 hoc
2865 5755 3072 5814 nomine
3115 5767 3346 5824 accuset,
3377 5773 3477 5812 non
3511 5751 3750 5810 lubebit?

505 5847 532 5878 ο
553 5839 693 5902 tiret,
725 5840 911 5905 inquit,
933 5842 1005 5895 in.
1065 5851 1092 5893 ι’
1123 5860 1216 5907 pro
1246 5839 1356 5897 ima
1389 5858 1547 5898 came
1573 5840 1854 5895 habentur.
1937 5850 1964 5890 (ι
1994 5854 2153 5892 carne
2184 5839 2553 5907 propinquum.
