3950 6570
205 447 290 516 131
1439 445 1753 511 GR.£CO-l

1854 445 2145 511 MANUM.

3317 461 3422 524 738

210 556 443 634 ρύχοις,ῆ
495 554 697 630 ἐτέρως
726 573 840 620 πως
877 552 1181 622 ἀδικοῦσιν,
1219 553 1286 608 ἂν
1322 554 1408 607 ἐπ’
1441 555 1746 627 αὐτοφώρῳ

1854 556 2046 626 quovis
2092 556 2256 612 modo
2283 556 2762 630 delinquentibus,
2817 563 2860 618 si
2905 561 2958 618 in
3017 565 3137 636 ipso
3195 570 3424 629 crimine

207 653 402 716 ἁλῶσιν,
433 651 657 721 ἀρκέσει
686 649 817 722 πρὸς
854 652 1130 721 σωτηρίαν
1171 649 1232 702 τὸ
1260 648 1368 704 ἀπὸ
1415 650 1606 721 χρόνου
1643 665 1749 720 μα-

205 745 320 818 κροῦ
378 743 548 797 ταῦτα
617 739 1034 813 πραττομένους
1099 743 1298 805 αὐτοὺς
1342 743 1487 813 ἔχειν
1530 743 1749 797 ἀποδει-

203 839 392 894 κνύειν·
421 838 468 890 εἰ
503 837 689 907 μήπου
711 835 804 887 καὶ
826 835 1049 904 μείζονα
1084 835 1274 901 ἐπάξει
1298 835 1395 906 τὴν
1423 835 1744 906 καταδίκην,

203 932 318 1004 πρὸς
350 930 408 983 τὸ
435 928 621 981 δοῦναι
649 927 804 988 δίκας
829 925 938 978 τῶν
988 925 1393 997 τολμηθέντων,
1427 919 1502 980 ὧν
1532 942 1592 978 τε
1620 925 1747 995 ἀρτι

202 1026 280 1078 καὶ
301 1017 370 1076 ῶν
393 1020 530 1073 κατά
559 1020 655 1073 τὸν
686 1019 852 1073 πάλαι
888 1017 1082 1090 χρόνον
1142 1016 1676 1087 πεπλημμεληκότες
1701 1017 1747 1048 ⁸⁸

198 1112 734 1184 διαποδειχθήσονται.
763 1110 971 1173 Ἀλλως
995 1126 1052 1162 τε
1077 1109 1137 1161 τὸ
1165 1109 1362 1178 σεμνὸν
1385 1107 1478 1162 τοῦ
1509 1108 1746 1177 ἀσέμνου

198 1205 448 1278 πρωτεῦόν
487 1204 606 1254 ἐστι
643 1203 707 1263 ³⁷,
740 1203 830 1255 καὶ
864 1200 957 1255 τοῦ
997 1201 1164 1255 καλοῦ
1191 1200 1442 1271 δεύτερον
1469 1200 1516 1233 ³⁸
1549 1201 1580 1270 ἡ
1610 1202 1748 1253 ἀπο-

195 1296 334 1366 τυχέα
363 1312 375 1325 ο
406 1294 498 1346 καὶ
525 1295 558 1362 ἡ
591 1293 704 1356 ἕξις
731 1294 818 1346 ἀεὶ
854 1295 952 1362 τῆς
978 1296 1288 1363 στερήσεως
1317 1291 1746 1364 προτερεύουσα·

195 1388 344 1440 καὶτὸ
377 1389 680 1454 σωφρονεῖν
724 1384 815 1436 ἐπὶ
844 1385 1064 1454 γάμοις,
1093 1386 1186 1437 τοῦ
1220 1385 1328 1438 τῶν
1353 1385 1626 1454 ἀθεμίτων
1647 1402 1749 1437 κα-

196 1476 566 1548 τατολμᾷν,τῴ
632 1475 811 1546 χρόνῳ
870 1477 1351 1548 ἐπικρατέστερον.
1415 1477 1548 1528 Τίνα
1615 1475 1748 1545 γοῦν

197 1572 288 1634 ἕξει
315 1571 562 1639 βοηθείας
593 1569 766 1639 ῥοπὴν
789 1568 849 1622 τὸ
883 1570 1052 1622 κακὸν
1114 1571 1289 1640 χρόνῳ
1339 1569 1748 1640 ἐπικυλινδηθὲν

199 1661 369 1732 μακρῷ
393 1677 497 1713 τινι
557 1661 655 1713 καὶ
697 1661 1023 1731 ἀπερικόπιρ
1056 1663 1123 1726 ’⁸,
1184 1663 1279 1715 ἐπὶ
1323 1663 1470 1736 λύμῃ
1524 1663 1746 1734 ιξιυχῶκ

201 1753 341 1811 Τίνας
388 1751 442 1803 δέ
495 1751 719 1821 ἐτέρους
769 1751 915 1804 εἴποι
964 1770 1046 1816 τις
1076 1753 1366 1823 ἀθεμίτους
1401 1755 1506 1808 τῶν
1529 1757 1745 1826 γάμων,

193 1846 298 1906 τοὺς
319 1844 583 1910 παρόντας
613 1845 1153 1916 παραγραφόμενος;
1188 1845 1316 1900 Ἐπὶ
1347 1847 1458 1917 γὰρ
1487 1848 1598 1901 τῶν
1649 1851 1748 1902 ἀν-

197 1937 360 1990 ιόντων
395 1938 486 1990 καὶ
549 1939 870 2005 κατιόντων,
921 1941 1003 2002 εἰς
1034 1939 1360 2011 ἀπέραντον,
1418 1941 1494 2004 ῶς
1529 1944 1557 1996 ό
1583 1942 1747 2013 νόμος

196 2028 326 2096 φησι,
358 2027 425 2080 τά
471 2027 583 2081 τῶν
637 2029 836 2098 γάμων
865 2029 1206 2084 κεκώλυνται
1245 2047 1258 2061 ·
1298 2030 1393 2084 ἐπὶ
1418 2031 1476 2084 δὲ
1516 2031 1626 2085 τῶν
1683 2033 1748 2086 ἐκ

195 2121 420 2188 πλαγίου,
453 2119 728 2190 ἀδελφῶν,
760 2120 1086 2190 ἐξαδέλφων,
1122 2123 1215 2175 καὶ
1246 2122 1358 2176 τῶν
1397 2123 1505 2176 ἀπὸ
1537 2122 1746 2177 τούτων

194 2212 519 2280 τικτομένων,
582 2213 684 2266 καὶ
737 2213 932 2284 μόνων.
986 2213 1198 2268 Οὐκοῦν
1241 2213 1362 2269 οὐδὲ
1417 2214 1625 2286 βαθμός
1663 2232 1749 2280 τις

196 2303 460 2373 ἀνακράσει
484 2303 724 2370 αἵματος
758 2303 840 2367 είς
874 2305 1067 2357 ἐαυτὸν
1109 2305 1564 2376 συμπλεκόμενος
1584 2306 1744 2370 δλως,

197 2397 264 2457 εἰς
284 2395 556 2450 κοινωνίαν
577 2396 762 2466 γάμου
785 2395 938 2449 δυσὶν
987 2397 1236 2466 ἀδελφοῖς
1272 2397 1306 2469 ἢ
1339 2397 1594 2467 ἀδελφαῖς
1618 2398 1747 2452 ἀνα-

199 2487 521 2557 κραθήσεται,
557 2487 671 2558 πρὸ
698 2487 793 2540 τοῦ
819 2487 1140 2558 διαλυθῆναι
1161 2488 1340 2542 αὐτῶν
1369 2489 1469 2560 τὴν
1497 2487 1557 2553 ἐξ
1580 2488 1748 2559 αἵμα-

197 2591 273 2638 τος
300 2577 494 2631 ἄνωθεν
519 2577 980 2648 ἀναπλεκομὲνην
1024 2577 1232 2649 σειράν.
1266 2579 1410 2650 Πρὸς
1441 2579 1498 2631 δέ
1539 2579 1749 2642 τούτοις

199 2666 348 2722 ἐκεῖνο
377 2671 548 2723 εἰπεῖν
581 2669 760 2732 ἔστιν,
797 2671 880 2724 ὃτι
915 2673 1008 2725 ἐπὶ
1030 2670 1231 2735 παντὸς
1265 2670 1431 2742 ἔργου
1487 2675 1584 2726 καὶ
1608 2672 1751 2742 πράη-

199 2775 398 2826 γματος,
425 2761 486 2812 τὸ
525 2761 602 2833 μὴ
657 2761 928 2833 ἀποδοχῆς
990 2761 1158 2828 ἄξιον,
1195 2763 1272 2826 εἰς
1306 2762 1468 2833 ἔργον
1495 2762 1749 2819 ἐκϐαῖνον

201 2847 468 2904 ὑπεύθυνον
497 2867 514 2883 ο
545 2853 650 2906 καὶ
674 2854 734 2905 τὸ
765 2854 822 2906 ἐν
864 2854 1090 2907 ἐπαίνου
1117 2853 1280 2924 μοίρᾳ
1310 2855 1438 2918 τοὺς
1470 2853 1544 2925 μὴ
1572 2855 1748 2924 πράτ-

199 2953 363 3002 τοντας
409 2940 548 3011 ἕχον,
602 2939 702 2994 ὑπ’
764 2941 994 3010 εὐθύνην
1055 2942 1179 3010 ἄγει
1235 2944 1360 3006 τοὺς
1391 2943 1749 3014 αἱρουμένους

203 3034 369 3085 ποιεῖν.
395 3033 467 3085 Οὐ
497 3033 686 3087 τοίνυν
726 3034 910 3105 χώραν
945 3033 1058 3104 ἔχει
1087 3035 1147 3086 τὸ
1185 3034 1366 3102 λέγειν
1395 3033 1488 3086 τὸν
1505 3033 1748 3087 τοιοῦτον

201 3121 350 3190 γάμον
401 3124 714 3180 ἀνεύθυνον.
755 3127 888 3179 Οὐδὲ
943 3127 1049 3194 γὰρ
1081 3125 1142 3178 ού
1205 3127 1364 3196 μόνον
1413 3125 1745 3191 ἀνεύθυνος,

203 3211 300 3267 ἀλλ’
341 3215 390 3268 εί
444 3216 544 3270 πού
599 3235 690 3281 τις
749 3215 994 3282 ἐξετάσει
1053 3217 1381 3283 διασκοπῶν,
1441 3215 1624 3287 μεῖζον
1688 3216 1824 3308 τδρ

201 3303 371 3374 δεῖγμα
399 3311 452 3361 ἐν
477 3309 659 3379 τούτῳ
689 3309 788 3379 τῆς
818 3309 1114 3381 ἁμαρτίας,
1162 3312 1258 3365 καὶ
1309 3311 1370 3363 τὸ
1421 3309 1590 3363 κακὸν
1639 3309 1749 3362 τῶν

204 3394 350 3450 ἀλλων
383 3399 794 3471 ὀλεθριώτερον.
844 3401 950 3454 Καί
1015 3419 1105 3472 μοι
1161 3402 1236 3473 μὴ
1289 3400 1587 3472 θορυϐείστω
1619 3402 1751 3472 πρὶν

203 3485 383 3558 ἀκούσῃ
406 3489 616 3558 μηδείς.
640 3489 761 3542 Τῶν
789 3490 1089 3544 ἐλαττόνων
1146 3490 1502 3561 ἀδικημάτων
1536 3488 1602 3542 τὰ
1637 3489 1756 3560 μεί-

206 3577 316 3641 ζονά
363 3599 474 3643 πως
513 3583 752 3654 ἐφόλκια
805 3583 1036 3651 γίνεται.
1090 3584 1200 3637 Καὶ
1230 3582 1323 3635 τοῦ
1377 3583 1534 3652 φόνου
1586 3582 1753 3636 κακὸν

207 3669 397 3723 ἔλαττον
422 3676 449 3726 ὁ
472 3674 651 3742 θυμός
683 3690 698 3706 ο
739 3676 767 3727 ὁ
785 3674 828 3728 δ’
855 3673 1101 3744 εὐχερῶς
1123 3692 1204 3738 τις
1231 3675 1276 3706 ⁸ο
1331 3675 1424 3726 ἐπὶ
1455 3676 1630 3744 τούτῳ
1661 3674 1756 3727 καὶ

208 3763 377 3832 ῥᾳδίως
406 3766 483 3836 τῷ
510 3766 681 3821 πάθει
699 3765 1092 3838 κρατούμενος,
1122 3767 1260 3836 τάχα
1293 3783 1398 3818 που
1431 3767 1526 3818 καὶ
1544 3767 1756 3836 τυπτή-

209 3868 277 3905 σει
299 3869 312 3882 ’
343 3852 453 3910 εἶτα
493 3858 784 3928 προϊόντος
813 3857 909 3911 τοῦ
927 3859 969 3889 ³¹
1003 3859 1219 3928 χρόνου,
1241 3857 1336 3909 τοῦ
1355 3858 1568 3927 ἡνιόχου
1591 3859 1755 3910 ἐκκυο

207 3942 383 4010 λισθεὶς
415 3949 706 4020 λογισμοῦ,
746 3949 823 4021 τῷ
868 3949 1031 4003 πάθει
1083 3950 1372 4004 ἁλώσεται.
1421 3951 1583 4022 Ὁρᾷς
1640 3952 1758 4014 πῶς

208 4036 266 4090 τά
290 4039 528 4094 ἐλάττονα
552 4041 672 4095 τῶν
706 4040 1059 4112 ἀδικημάτων
1093 4041 1241 4094 αίτια
1270 4041 1482 4110 γίνεται
1515 4040 1623 4094 τῶν
1641 4058 1759 4111 μειο

210 4125 352 4190 {vivunt
395 4131 498 4197 ἀεὶ,
555 4130 658 4186 καὶ
720 4131 859 4201 θύρα
909 4129 1018 4184 τῶν
1053 4130 1461 4202 ὀλεθριωτέρων
1500 4130 1692 4184 κακῶν
1723 4131 1758 4201 ἡ

208 4218 289 4272 ἐπὶ
325 4222 523 4288 τούτοις
585 4224 776 4295 ἀρχή;
816 4224 926 4278 Καὶ
973 4222 1062 4276 διὰ
1108 4223 1285 4278 ταῦτα
1314 4223 1421 4276 ὑπὸ
1457 4222 1613 4293 δίκην
1651 4221 1760 4276 τῶν

209 4307 362 4364 ἄλλων
415 4315 482 4368 τά
511 4315 743 4369 τοιαῦτα
767 4315 967 4385 μᾶλλον
991 4314 1186 4384 ἄγεται
1208 4315 1277 4380 ³³,
1305 4315 1341 4369 ὃ.
1369 4315 1465 4370 καὶ
1501 4315 1762 4386 φυλάττε-

212 4401 317 4457 σθαι
344 4405 516 4462 πλεῖον
562 4408 676 4462 τῶν
707 4407 969 4478 μειζόνων
997 4407 1394 4478 ἐλαττωμάτων
1437 4409 1471 4479 ἡ
1506 4406 1760 4477 Κυριακὴ

212 4495 342 4567 φωνὴ
387 4497 758 4568 ἐγκελεύεται.
789 4498 1024 4569 Ἐρρέθη
1062 4499 1196 4569 γὰρ,
1224 4499 1378 4568 φησι,
1413 4497 1506 4567 Μὴ
1533 4495 1763 4568 πορνεύ-

1851 649 2358 720 deprehendantur,
2433 653 2665 709 sufliciet
2712 657 2779 709 ad
2833 657 3066 714 salutem
3115 662 3161 717 si
3226 664 3425 733 alonge

1853 752 2098 812 tempore
2149 741 2266 797 hate
2317 759 2378 800 se
2420 743 2620 800 fecisse
2673 745 3064 816 probaveri‘nt:
3115 753 3220 809 nisi
3278 759 3425 825 quod

1849 834 2158 907 graviorem
2193 835 2510 906 imporlabit
2547 837 3082 906 condemnationem,
3121 855 3175 898 ut
3215 845 3428 903 facino-

1851 940 1970 979 rum
2012 927 2128 982 luat
2162 943 2367 998 ptenas,
2408 937 2518 982 tam
2559 945 2680 1000 quae
2719 947 2932 999 recens,
2967 950 3130 1004 quant
3165 953 3284 1008 quae
3317 941 3426 1007 jam

1849 1016 2059 1086 pridem
2087 1017 2433 1074 commisisse
2483 1031 2770 1092 arguetur.
2839 1024 3108 1082 Praeterea
3150 1031 3294 1098 quod
3329 1032 3427 1086 lto-

1851 1117 2065 1163 nestum
2092 1116 2199 1170 est,
2223 1116 2349 1163 ante
2373 1111 2448 1173 id,
2481 1111 2628 1180 quod
2692 1121 2870 1184 turpe,
2932 1119 3138 1185 primas
3174 1122 3426 1176 obtinere

1849 1199 2053 1254 debet:
2097 1209 2151 1253 et
2198 1201 2488 1256 calamitas
2565 1203 2710 1258 bono
2769 1206 3026 1274 deterior,
3083 1222 3134 1264 et
3203 1213 3426 1272 habitus

1849 1307 2064 1362 semper
2097 1292 2456 1362 privationem
2514 1299 2765 1365 praecedit
2803 1315 2816 1350 :
2856 1311 2908 1354 et
2942 1302 2994 1354 in
3028 1305 3230 1373 nuptiis
3292 1318 3430 1362 tem-

1850 1393 2106 1452 peranter
2131 1398 2190 1436 se
2213 1397 2422 1453 gerere,
2468 1392 2712 1455 tempore
2735 1388 2973 1454 ﬁrmius,
3004 1407 3166 1460 quam
3205 1394 3428 1450 illicitas

1851 1474 2070 1528 audere.
2137 1474 2422 1540 Quodnam
2469 1475 2636 1546 igitur
2688 1478 2875 1532 auxilii
2933 1492 3264 1537 momentum
3319 1488 3425 1539 erit

1851 1566 2014 1630 malo,
2045 1565 2192 1634 quod
2247 1566 2408 1635 longo
2457 1567 2642 1632 aliquo
2675 1576 2919 1638 tempore
2952 1586 3052 1625 nec
3109 1573 3424 1643 interrupto

1851 1652 2154 1705 volutatum
2185 1654 2289 1706 erit
2339 1653 2392 1706 in
2423 1656 2729 1708 animarum
2773 1658 3114 1726 perniciem?
3162 1675 3425 1728 quasnam

1853 1745 1989 1798 alias
2051 1743 2253 1798 dixerit
2287 1745 2412 1814 quis
2446 1746 2671 1800 illicitas
2707 1749 2949 1817 nuptias,
3010 1750 3056 1802 si
3128 1762 3427 1818 praesentes

1853 1837 2169 1905 exceperit?
2201 1836 2334 1890 Nam
2365 1839 2505 1894 inter
2534 1840 2892 1896 ascendentes
2914 1853 2962 1895 et
2996 1843 3418 1908 descendentes,

1851 1929 1905 1982 in
1958 1927 2255 1991 infinitum,
2295 1939 2354 1982 ut
2387 1929 2467 1983 lex
2504 1930 2600 1994 ait,
2655 1930 2861 2000 nuptiae
2911 1937 3041 1984 sunt
3093 1934 3379 2002 prohibita:
3407 1949 3426 1988 ι

1849 2019 2018 2073 latere
2042 2029 2222 2074 autem
2256 2019 2508 2084 fratrum,
2546 2023 3025 2088 consobrinorum,
3075 2039 3168 2079 seu
3209 2034 3429 2093 patrne-

1847 2110 2073 2175 lium,et
2101 2124 2290 2164 eorum
2324 2113 2500 2180 quiex
2532 2113 2618 2167 his
2649 2116 2758 2166 nati
2783 2123 2988 2168 suntac
3010 2116 3164 2170 solis.
3189 2115 3428 2172 Proinde

1850 2217 1954 2256 nec
2009 2202 2212 2272 gradus
2259 2203 2404 2258 ullus
2461 2205 2849 2273 conjunctione
2912 2208 3195 2275 sanguinis
3254 2209 3308 2262 in
3366 2224 3426 2264 se

1848 2295 2076 2350 omnino
2110 2295 2444 2364 implicatus,
2477 2296 2544 2350 ad
2600 2297 2920 2365 nuptiarum
2980 2301 3423 2356 communionem

1849 2386 2064 2442 duobus
2090 2387 2356 2443 fratribus
2381 2396 2477 2442 aut
2532 2390 2819 2444 sororibus
2881 2390 3204 2444 miscebitur
3271 2394 3426 2462 prius

1850 2493 2018 2549 quam
2049 2481 2292 2550 ipsorum
2321 2481 2633 2550 cogitationi
2663 2482 2923 2536 continua
2960 2482 3134 2537 series
3171 2499 3266 2554 per
3291 2500 3428 2539 enu-

1850 2573 2215 2627 merationem
2248 2587 2488 2643 superne
2538 2575 2780 2628 resoluta
2817 2574 2908 2630 sit.
2970 2575 3237 2630 Pra-terea
3293 2577 3424 2630 illud

1849 2661 2146 2718 dicendum
2177 2672 2286 2733 est,
2343 2665 2399 2718 in
2433 2665 2581 2719 omni
2615 2681 2778 2734 opere
2814 2674 2868 2720 et
2906 2667 3150 2737 negotio,
3198 2666 3248 2722 id
3281 2668 3428 2738 quod

1851 2768 1962 2808 non
1997 2762 2082 2810 est
2121 2755 2602 2810 commendatione
2653 2757 2904 2827 dignum.
2953 2757 2998 2812 si
3029 2758 3280 2813 eli‘cctum
3308 2775 3430 2814 sor-

1850 2847 2042 2910 tiatur,
2074 2862 2250 2918 poma:
2277 2847 2576 2901 obnoxium
2606 2863 2750 2902 esse.
2778 2845 2844 2900 Et
2877 2850 3021 2917 quod
3076 2849 3289 2903 laudem
3331 2849 3426 2902 tri-

1852 2939 1971 2994 buit
2011 2957 2120 2995 non
2154 2939 2487 2996 facientibus
2512 2938 2686 3010 culpae
2710 2941 2935 3011 sultjicit
2985 2955 3079 2996 eos
3104 2944 3194 3010 qui
3247 2941 3429 2996 facere

1854 3033 2077 3088 audent.
2126 3030 2244 3085 Non
2307 3040 2392 3086 est
2444 3031 2611 3100 igitur
2664 3033 2808 3100 quod
2863 3032 3177 3099 ltujnsmodi
3225 3033 3431 3101 nuptiae

1852 3135 2006 3180 extra
2037 3126 2252 3193 culpam
2321 3139 2445 3180 esse
2498 3125 2776 3180 dicantur.
2832 3124 3020 3193 Neque
3073 3126 3217 3178 enim
3273 3134 3425 3181 extra

1854 3219 2069 3287 culpam
2100 3224 2311 3270 tantum
2338 3225 2424 3271 est
2462 3235 2478 3270 :
2517 3217 2613 3271 sed
2649 3217 2693 3270 si
2725 3217 2851 3286 quis
2884 3217 3286 3272 consideratius
3309 3233 3433 3287 per-

1857 3311 2076 3380 pendat,
2107 3309 2282 3379 majus
2313 3309 2367 3363 in
2402 3310 2506 3363 hoc
2536 3309 2797 3364 indicium
2838 3309 3070 3378 peccati,
3119 3320 3171 3364 et
3227 3311 3428 3363 malum

1855 3401 1976 3455 aliis
2015 3401 2390 3470 perniciosus.
2435 3399 2547 3455 Nec
2602 3401 2794 3456 turbas
2852 3401 2983 3455 mihi
3052 3401 3248 3456 excitet
3282 3401 3432 3472 quis,

1854 3492 2175 3562 priusquam
2232 3491 2491 3546 audierit.
2538 3489 2809 3546 Minorum
2845 3493 3167 3547 delictorum
3222 3492 3429 3561 majora

1855 3583 2092 3650 quodam
2112 3582 2274 3638 modo
2302 3594 2433 3638 sunt
2459 3586 2804 3639 attractoria.
2831 3583 2896 3637 Et
2925 3585 3002 3639 ira
3030 3586 3210 3638 minus
3229 3587 3430 3638 malum

1857 3673 2195 3729 homicidio:
2254 3675 2348 3729 sed
2378 3675 2424 3730 si
2466 3677 2594 3745 quis
2656 3677 2710 3730 in
2741 3677 2844 3731 hoc
2886 3686 3136 3748 prompte
3170 3687 3222 3732 et
3273 3678 3434 3733 facile

1856 3767 2138 3837 indulgeat
2160 3767 2411 3830 aliectui,
2447 3767 2681 3822 forsitan
2706 3776 2757 3822 et
2797 3771 3036 3838 pulsabit
3067 3771 3434 3840 :procedeute

1857 3857 2054 3912 deinde
2073 3867 2318 3927 tempore
2334 3860 2382 3908 ίι⁶
2407 3873 2436 3912 a
2459 3861 2669 3914 ratione
2687 3861 3008 3914 deturbatus
3026 3861 3430 3929 gubernatrice,

1859 3948 2147 4004 aﬂ‘ectibus
2196 3950 2464 4020 rapietur.
2515 3949 2683 4004 Vides
2750 3959 2808 4003 ut
2861 3951 3164 4019 majoribus
3217 3951 3435 4006 delictis

1859 4041 2074 4095 minora
2141 4039 2272 4095 dent
2319 4056 2536 4110 semper
2570 4056 2814 4106 causam,
2852 4051 2906 4097 et
2957 4043 3150 4098 horum
3217 4044 3434 4099 initium

1859 4134 1932 4187 sit
1956 4133 2224 4186 malorum
2255 4132 2570 4200 graviorum
2607 4142 2785 4201 porta.
2818 4133 2900 4188 Ob
2936 4147 3054 4188 eam
3112 4148 3228 4189 rem
3268 4135 3433 4190 etiam

1860 4224 2035 4280 eidem
2064 4239 2187 4280 cum
2237 4225 2358 4295 aliis
2393 4223 2770 4294 subjiciuntur
2814 4241 2992 4303 ptena:
3021 4229 3224 4297 potius,
3255 4242 3284 4281 a
3304 4228 3434 4297 qui-

1861 4317 1964 4372 bus
2005 4316 2180 4387 magis
2245 4318 2551 4372 cavendum
2617 4332 2781 4386 quam
2831 4334 2860 4372 ιι
2925 4318 3230 4388 majoribus
3287 4318 3434 4372 vitiis

1864 4407 2198 4464 Dominivox
2221 4409 2493 4464 hortatur.
2526 4409 2737 4465 Dictum
2755 4411 2899 4466 enim
2930 4420 3008 4466 est
3033 4429 3046 4465 :
3069 4411 3292 4481 (inquit;
3315 4408 3435 4464 Non

1865 4501 2254 4556 mmchaberis.
2304 4497 2416 4570 Ego
2439 4510 2622 4556 autem
2656 4501 2782 4558 dico
2810 4503 2988 4568 vobis,
3031 4518 3139 4556 non
3172 4503 3402 4569 concepi
3426 4531 3438 4542 -

211 4602 298 4659 σῃς
323 4605 338 4621 ⁶
377 4592 484 4660 ἐγὼ
514 4592 576 4645 δὲ
614 4591 759 4659 λέγω
789 4590 940 4660 ὑμῖν,
975 4590 1048 4661 μὴ
1094 4584 1430 4660 ἐπιθυμῆσαι
1452 4590 1607 4652 ὅλως.
1654 4588 1753 4642 Kal

1869 4607 2024 4649 scere
2053 4607 2302 4662 prorsus.
2346 4591 2412 4646 Et
2439 4594 2703 4664 scriptum
2723 4602 2842 4649 est:
2871 4595 3102 4649 Oculum
3132 4610 3230 4663 pro
3254 4595 3436 4660 oculo,

213 4673 516 4752 γέγραπται,
551 4681 867 4752 Ὀφθαλμὸν
905 4681 1028 4734 ἀντὶ
1077 4679 1379 4751 ὀφθαλμοῦ,
1426 4680 1522 4734 καὶ⁵
1572 4678 1760 4732 ὀδόντα

213 4769 316 4824 ἀντὶ
337 4773 559 4847 ὀδόντοςο
600 4773 711 4843 ἐγὼ
738 4772 797 4826 δέ
817 4773 962 4840 λέγω
993 4773 1144 4842 ὑμῖν,
1171 4773 1303 4842 μηδι
1321 4771 1494 4842 ἀρχὴν
1515 4771 1584 4804 ³³⁸
1609 4771 1763 4844 ὀργι-

214 4861 405 4935 σθῆναι.
430 4869 492 4922 Οἱ
516 4868 705 4923 τοίνυν
736 4865 832 4920 δύο
878 4864 1181 4934 ἐξαδέλφας
1219 4865 1554 4934 ἀγαγόμενοι
1605 4864 1762 4919 ἀδελ-

215 4957 311 5023 φοὶ,
345 4960 484 5030 ἅπαξ
543 4961 626 5033 τῷ
681 4961 967 5032 ἀγκίστρῳ
1019 4958 1437 5030 περιπαρέντες,
1501 4957 1597 5013 καὶ
1638 4955 1762 5011 ὁδοῦ

1863 4691 1918 4740 et
1937 4683 2152 4740 dentem
2180 4699 2278 4754 pro
2295 4684 2480 4740 dente.
2498 4685 2612 4755 Ego
2637 4692 2818 4738 autem
2840 4684 2966 4740 dico
2980 4685 3246 4750 vobis,s"
3263 4701 3440 4755 neque

1869 4775 2031 4832 initio
2055 4777 2243 4832 irasci.
2272 4775 2498 4832 Fratres
2529 4776 2696 4846 igitur
2721 4775 2864 4831 duas
2916 4777 3276 4834 consobrinas
3339 4779 3440 4833 du-

1867 4875 2075 4932 centes,
2096 4866 2266 4922 semel
2322 4865 2488 4921 hamo
2546 4867 2714 4935 capti,
2761 4873 2817 4921 et
2871 4866 3016 4923 viam
3079 4866 3314 4938 ingressi
3371 4869 3438 4923 ad

1871 4956 2126 5023 exitium,
2159 4965 2182 4994 ι·
2214 4955 2283 5010 ad
2302 4955 2510 5026 majora
2536 4953 2772 5012 fortasse
2801 4955 3000 5013 delicta
3067 4957 3442 5028 progredien-

1488 5114 1723 5173 VARIIE
1765 5113 2170 5172 LECTIONES.

280 5255 322 5335 ’ξ
358 5253 428 5314 ὧν
476 5258 646 5335 πάλαι
705 5256 958 5335 ιιιιιιιιξλημἶ
1031 5255 1079 5286 ³⁷
1121 5252 1687 5335 προτερεῦόνυέστι.“
1724 5253 1772 5335 ξ’
1818 5251 2069 5335 δευτέρα.
2147 5250 2621 5335 ³³βττεριξιόπτιρ.
2688 5253 3029 5335 ,πλερῦχερής
3073 5272 3177 5335 τις.
3227 5254 3296 5335 ’⁸³
3339 5255 3442 5335 τοῦ

223 5327 393 5396 χρόνου
413 5369 429 5394 ,
466 5329 708 5401 χωρήσει
737 5329 833 5381 καὶ
863 5322 1002 5396 πρὸς
1035 5322 1349 5396 μιαιφονίαν
1382 5323 1610 5446 ἑᾳδίως.
1645 5322 1756 5376 Καὶ
1785 5322 1846 5375 τδ
1874 5325 1932 5374 ἐν
1975 5322 2181 5404 ἄπεισιν
2209 5322 2520 5375 ἐπιϐάλλειν
2549 5322 2640 5408 τὸν
2678 5322 2991 5405 ὀφθαλμὸν,
3011 5326 3163 5395 παρὰ

223 5397 490 5446 ἀκώλυτον-
535 5401 597 5446 Et
639 5401 697 5446 δέ
726 5414 812 5446 τις
841 5399 908 5446 τῆ
940 5397 1131 5446 nodosi.
1175 5395 1247 5446 wh
1285 5398 1377 5446 ἐπι
1414 5398 1445 5446 ἦ
1473 5393 1714 5446 χαλινὸν.
1758 5391 1898 5446 τάγα
1925 5409 1979 5446 τι
2003 5410 2112 5445 των
2142 5393 2529 5446 προσηκόντων
2555 5393 2701 5446 ἰδων.
2747 5407 2961 5446 ποωτον
2995 5395 3163 5446 θαυμά

219 5395 499 5467 ἀκώλυτονῖ
535 5395 617 5455 Εἴ
639 5401 697 5454 δέ
726 5414 812 5461 τις
841 5395 1131 5467 τῇίόράσει
1174 5395 1248 5467 μὴ
1285 5395 1447 5467 ἐπιθῇ

3191 5327 3256 5394 τῇ
3285 5325 3445 5394 φύσει

1473 5393 1714 5472 χαλινὸν,
1758 5391 1898 5472 τάχα
1922 5409 1979 5472 τι
2003 5392 2125 5472 τῶν
2142 5393 2529 5472 προσηκόντων
2543 5389 2961 5472 ίδῲνίπρῶτον
2995 5389 3443 5472 θαυίμάσεὶζείτα

222 5464 486 5536 θαυμάσας
528 5462 1021 5540 ἐπιθυμήσειξκαὶ
1069 5462 1354 5534 προῖόντος
1379 5462 1483 5517 τοῦ
1512 5464 1729 5540 χρόνου,
1761 5462 1855 5515 τοῦ
1911 5462 2252 5533 ἡνιοχοῦντος
2276 5462 2464 5516 ἐκκυλ.
2541 5464 2584 5495 ³³
2622 5462 2943 5532 ἐπάγονται.

3050 5465 3114 5496 ³⁸·
3141 5467 3443 5535 τηναρχήν.

284 5636 327 5678 *ι’
351 5636 650 5699 procedente
691 5635 884 5690 deinde
916 5644 1162 5706 tempore,
1190 5637 1262 5706 qd
1287 5632 1624 5706 homicidium
1650 5642 1703 5706 et
1723 5632 1842 5706 ⁸ἱαιη
1887 5631 2044 5702 facile
2064 5632 2441 5706 progredietur.
2472 5633 2661 5706 Itidem
2697 5633 2901 5688 oculum
2928 5633 3162 5686 omnibus
3193 5629 3448 5706 adjicere,

225 5710 316 5774 non
363 5706 668 5772 prohibitum
725 5717 800 5761 est
840 5723 874 5760 α
928 5703 1146 5759 natura.
1197 5705 1304 5760 Sed
1363 5706 1523 5774 siquis
1575 5705 1709 5757 visui
1767 5703 1974 5771 [renum
2030 5720 2134 5756 non
2200 5703 2456 5774 infecerit,
2496 5705 2631 5772 forte
2665 5705 2789 5774 quid
2832 5713 3041 5774 gratum
3089 5703 3444 5770 conspicatus,

227 5769 430 5844 primum
459 5777 824 5831 admirabitur.
865 5775 1062 5830 Deinde
1100 5769 1776 5842 admiratum-concupiscet
1803 5788 1822 5826 :
1852 5789 1914 5827 ac
1956 5769 2264 5841 procedente
2308 5769 2536 5844 tempore
2586 5791 2619 5829 a
2667 5769 2892 5829 ratione.

2979 5776 3053 5822 «ν’
3073 5786 3288 5841 prorsus
3345 5790 3448 5831 nou

228 5834 555 5902 irascendum.
607 5856 629 5886 τ
659 5849 728 5902 ad
747 5845 1238 5930 majoresfortauie
1269 5834 1624 5903 absurditates'
1661 5855 1897 5915 prompte
1927 5834 2073 5916 p'rog.
