3950 6546
555 401 666 464 739

1857 397 1993 458 JUS
2021 397 2467 460 CANUNICUM

3694 398 3726 458 τ
3738 394 3800 459 50

551 524 644 568 tur
685 526 699 562 :
732 518 787 565 at
839 511 885 566 si
921 509 998 565 rei
1032 509 1264 566 minoris
1301 517 1587 580 peccatum
1611 507 1861 565 excisum
1907 507 2000 573 sit,
2033 522 2131 562 ma-

2246 509 2567 579 ἁπαγούσης
2595 509 2729 576 πρὸς
2760 509 2980 585 ὄλεθρον
3039 507 3351 574 ἐπιϐάντες,
3385 507 3527 578 τάχα
3558 525 3660 562 που
3722 512 3811 563 καὶ

544 614 727 666 Jorum
755 599 952 654 raritas
981 598 1228 668 quaedam
1255 599 1380 654 erit.
1410 597 1675 653 Voluntas
1709 597 1875 668 igitur
1920 596 2131 652 facien-

552 693 714 758 tium,
735 692 1250 748 condemnationem
1285 691 1541 746 acerbam
1569 700 1623 746 et
1663 705 1898 745 coronas
1931 689 2134 760 ubique

553 795 820 840 tueretur.
861 783 1012 840 Hanc
1054 785 1222 856 igitur
1247 782 1548 854 exquirens
1587 781 1886 853 quispiam,
1916 793 1972 837 et
2000 781 2134 836 deli~

553 884 850 930 tescentem
896 883 1271 946 perscrutans,
1337 889 1465 928 num
1502 883 1524 911 ι
1581 871 1979 928 contumaciter
2047 870 2134 927 his

554 965 768 1036 nuptiis
820 963 1151 1020 insilientem
1185 965 1446 1028 inveniet,
1476 962 1574 1020 sed
1602 979 1726 1019 cum
1777 963 1986 1034 pedicis
2009 963 2134 1032 qni-

556 1057 790 1113 busdam
824 1055 1037 1111 aﬂ‘ectis
1067 1056 1303 1122 invitati,
1349 1056 1621 1127 captivam
1673 1055 1728 1111 in
1761 1071 1857 1112 eas
1884 1055 2133 1126 praecipi-

501 1171 506 1212 ;
561 1151 686 1204 tari.
713 1150 821 1203 Ant
849 1150 994 1204 enim
1015 1150 1188 1219 gloria
1225 1149 1466 1220 generis,
1519 1156 1615 1205 aut
1672 1147 2002 1218 dignitatum
2054 1147 2134 1202 fa-

502 1229 508 1262 "
554 1250 695 1300 stus.
731 1249 825 1294 aut
856 1241 1046 1295 divitia
1076 1240 1206 1304 viri,
1250 1248 1345 1294 aut
1400 1239 1591 1295 forma:
1629 1239 2010 1310 pulchritudo,
2064 1238 2132 1292 ad

557 1328 780 1382 illicitas
807 1328 1222 1398 praecipitarunt
1277 1329 1498 1399 nuptias
1540 1327 1609 1382 ab
1658 1327 1728 1382 iis
1760 1341 1880 1397 qua:
1933 1327 2132 1397 ubique

561 1428 835 1471 terrarum
871 1427 998 1471 SUlll
1020 1415 1322 1485 permissae,
1356 1433 1455 1472 nec
1499 1417 1553 1470 in
1616 1415 1780 1469 ullam
1837 1415 2134 1486 reprehen-

555 1509 768 1564 sionem
862 1508 1317 1578 impedimentum
1374 1505 1688 1562 aﬂ‘erentem
1762 1505 2131 1577 impegerunt.

555 1601 668 1654 Has
699 1600 772 1654 ob
799 1614 996 1655 causas
1046 1599 1197 1654 venit
1226 1599 1448 1670 (inquit)
1485 1599 1566 1652 ira
1602 1597 1696 1652 Dei
1729 1598 1784 1652 in
1838 1599 1980 1654 lilios
2006 1597 2132 1654 ino'

553 1691 862 1757 bedientizn,
903 1691 974 1745 ob
1023 1691 1242 1746 easdem
1293 1705 1490 1745 causas
1614 1689 1775 1743 multi
1827 1689 2030 1744 inﬁrmi
2082 1696 2137 1744 et.

553 1783 764 1854 aegroti,
815 1791 869 1838 et
901 1782 1180 1836 dormiunt
1225 1780 1404 1834 multi.
1463 1779 1544 1836 Ob
1603 1780 1849 1849 easdem,
1901 1797 2133 1852 pavores

2238 600 2374 670 πρὸς
2431 601 2500 654 τὰ
2563 603 2788 670 μείζονα
2837 602 2946 656 τῶν
3001 601 3415 673 ἁμαρτημάτων
3480 601 3810 672 χωρήσουσι,

2236 694 2331 763 τῆς
2357 692 2402 724 ³³
2450 692 2506 746 δὲ
2537 691 2676 766 [τοῦ]
2732 694 3010 758 ἐλάττονος
3065 692 3342 765 ἁμαρτίας
3379 693 3810 762 ἐκκοπτομὲνης,

2237 781 2404 849 φειδώ
2428 800 2510 846 τις
2545 784 2680 855 πρὸς
2707 786 2774 838 τά
2825 785 3049 856 μείζονα
3099 783 3272 838 ἔσται.
3313 782 3377 837 Ἠ
3411 782 3607 855 γνώμη
3640 784 3813 838 τοίνυν

2235 873 2523 945 ἁπανταχῆ
2579 874 2688 928 τῶν
2731 877 3048 946 δρωμένων,
3075 876 3376 948 καταδίκης
3411 875 3457 908 ⁸⁸
3485 878 3694 946 πικρᾶς
3727 879 3814 931 καὶ

2239 965 2520 1031 στεφάνων
2544 965 2690 1031 ἀξία.
2717 967 2934 1038 Ταύτην
2959 967 3051 1022 οὖν
3078 968 3351 1036 ἐξετάζων
3398 986 3503 1036 τις,
3548 969 3650 1022 καὶ
3716 986 3794 1037 γω

2237 1054 2529 1118 νιάζουσαν
2594 1057 2855 1128 ἐρευνῶν,
2909 1059 3010 1114 οὐκ
3036 1059 3107 1094 ³⁸¹⁵
3139 1060 3382 1124 ἀπειθῶς
3441 1061 3668 1133 εὑρήσει
3708 1063 3811 1126 τοῖς

2237 1149 2498 1213 τοιούτοις
2530 1149 2730 1220 γάμοις
2759 1152 3138 1223 ἐπιπηδῶσαν,
3174 1154 3314 1224 μετὰ
3346 1151 3404 1207 δέ
3449 1169 3597 1216 τινος
3651 1153 3813 1223 πέδης

2240 1238 2450 1304 πάθους
2515 1241 2950 1313 δριμυττομένου
2978 1284 2994 1310 ,
3050 1244 3320 1314 δεσμῶτιν
3394 1244 3807 1316 κυλινδουμένηι

2238 1333 2446 1396 αὐτοῖς.
2473 1334 2542 1386 Ἢ
2573 1335 2682 1404 γὰρ
2707 1333 2832 1396 δόξα
2849 1334 3062 1404 γένους,
3096 1336 3189 1389 καὶ
3219 1335 3382 1404 ὄγκος
3406 1335 3758 1407 ἀξιωμάτων,
3780 1337 3810 1408 ἢ

2238 1423 2465 1489 πλοῦτος
2495 1426 2710 1498 ἀνδρὸς,
2745 1428 2776 1498 ἢ
2807 1428 3039 1492 κάλλους
3066 1427 3384 1500 φαιδρότης,
3416 1429 3517 1499 τῆς
3570 1428 3809 1482 ἅπαντας

2238 1514 2334 1586 χοῦ
2373 1516 2476 1586 γῆς
2498 1519 3002 1590 ἐπιτετραμμένων,
3052 1521 3148 1574 καὶ
3177 1521 3384 1592 μηδένα
3433 1519 3629 1591 μῶμον
3662 1536 3811 1592 προσο

2253 1608 2647 1680 επιτριὸόντων
2695 1610 3072 1680 ἐκκρούσαντα
3118 1613 3336 1681 γάμων,
3386 1612 3522 1683 πρὸς
3551 1612 3648 1664 τὸν
3689 1611 3810 1664 ἀθέ-

2241 1716 2397 1769 μιτον
2434 1699 2773 1765 ἐξεκύλισαν.
2805 1701 2906 1755 Διὰ
2933 1702 3104 1756 ταῦτα
3131 1703 3373 1775 ἔρχεται,
3395 1704 3582 1774 φησὶν,
3611 1705 3646 1773 ἡ
3677 1701 3807 1773 ὀργὴ

2239 1793 2332 1844 τοῦ
2363 1791 2497 1846 Θεοῦ
2527 1793 2620 1846 ἐπὶ
2643 1793 2770 1858 τοὺς
2802 1795 2954 1858 υἱοὺς
3002 1795 3102 1866 τῆς
3126 1793 3412 1858 ἀπειθείας
3440 1810 3454 1824 ο
3510 1793 3599 1848 διὰ
3644 1795 3810 1847 ταῦτα

557 1874 850 1940 terribiles,
918 1882 1075 1928 terra:
1141 1881 1327 1927 motus
1393 1872 1703 1943 quatientes
1777 1873 2131 1928 fundamenta

2242 1884 2426 1938 πολλοὶ
2453 1884 2699 1950 ἀσθενεῖς
2729 1886 2822 1940 καὶ
2850 1865 3144 1959 ἄρρωστοι,
3177 1887 3274 1942 καὶ
3295 1885 3595 1956 κοιμῶνται
3619 1886 3805 1940 ἱκανοίο

554 1973 733 2029 terrae,
759 1975 816 2018 et
839 1963 1120 2018 civitatum
1175 1962 1406 2017 aediﬁcia
1459 1964 1860 2030 convehentes,
1896 1962 2133 2018 horrida:

556 2055 852 2120 siccitates,
876 2055 1193 2110 morborum
1225 2055 1484 2110 incursus
1509 2056 1564 2108 in
1596 2069 1853 2124 corpora,
1888 2053 2131 2110 hostium

561 2147 823 2210 insultus,
881 2144 1056 2201 fames
1128 2145 1363 2216 denique
1419 2152 1474 2199 ct
1543 2145 1870 2216 pestilentiae
1915 2153 2132 2201 aetatem

551 2252 766 2292 omnem
800 2236 1141 2302 invadentes,
1174 2245 1228 2292 et
1263 2252 1362 2292 nec
1388 2236 1531 2290 unde
1563 2237 1898 2308 accipientes
1931 2251 2134 2294 conso-

556 2328 840 2383 lationem.
868 2327 1018 2383 llanc
1048 2329 1327 2383 hominum
1356 2328 1423 2382 ad
1449 2328 1673 2383 exitium
1699 2328 2126 2398 proclivitatem,

561 2419 831 2474 modeStia
861 2428 1051 2474 nostra
1084 2419 1250 2474 simul
1282 2433 1408 2473 cum
1445 2418 1725 2474 assidente
1761 2419 2136 2489 pientissimo-

551 2524 672 2564 rum
693 2510 1236 2580 metropolitanorum
1262 2518 1317 2566 et
1345 2511 1890 2580 archiepiscoporum
1924 2514 2136 2583 synodo

553 2602 746 2658 sistere
804 2603 1052 2672 cupiens,
1080 2613 1132 2657 et
1165 2618 1194 2654 a
1227 2603 1394 2672 turpi,
1451 2603 1772 2668 inhonesto,
1832 2603 2137 2675 infamique

551 2694 831 2764 conjugio,
901 2695 1230 2765 peculiarem
1276 2692 1484 2750 Christi
1526 2694 1790 2764 populum
1842 2695 2088 2754 liberans
2115 2738 2131 2762 ,

554 2787 733 2841 vetuit
756 2786 1067 2855 huiusmodi
1098 2786 1307 2856 nuptiis
1339 2788 1484 2841 inter
1527 2785 1874 2842 Christianos
1899 2789 2136 2859 amplius

551 2874 731 2929 locum
759 2890 906 2940 esse,
940 2883 994 2930 et
1029 2875 1096 2930 ab
1121 2875 1234 2929 ullo
1271 2891 1510 2946 unquam
1544 2875 1821 2930 contrahi.
1860 2877 2138 2934 Admonet

550 2976 730 3020 autem
765 2967 1129 3022 connnunitcr
1176 2981 1391 3032 omnes,
1449 2976 1505 3022 et
1561 2981 1628 3022 ex
1673 2968 1852 3022 sancti
1899 2968 2140 3039 Spiritus

551 3055 837 3122 facultate,
871 3059 1039 3126 patris
1067 3065 1119 3112 et
1143 3058 1348 3112 domini
1379 3056 1503 3128 jure
1532 3057 1744 3123 deﬁnit,
1799 3073 1868 3114 ne
1922 3074 1986 3113 ex
2035 3061 2139 3114 hoc

552 3155 798 3217 tempore
823 3149 1114 3219 quisquam
1149 3149 1197 3216 ί,
1233 3150 1347 3205 sive
1371 3149 1632 3219 juvennm
1666 3150 1875 3206 viribus
1897 3154 2137 3221 potentia

2235 1969 2322 2024 διὰ
2392 1971 2590 2038 ταῦτα,
2637 1973 2870 2044 δείματα
2927 1974 3175 2047 φοόερὰ,
3229 1977 3442 2046 σεισμοὶ
3497 1974 3804 2038 κλονοῦντες

2238 2063 2462 2135 θεμέλια
2527 2065 2633 2136 γῆς
2680 2067 2776 2120 καὶ
2826 2066 3038 2121 πόλεων
3099 2067 3452 2132 ἀνασπῶντες
3486 2068 3802 2138 οἰκοδομάςο

2238 2157 2437 2228 αὐχμοὶ
2470 2157 2762 2228 φρικώδεις
2783 2175 2800 2190 ·
2836 2159 3006 2214 νόσων
3038 2159 3178 2214 κατὰ
3210 2160 3479 2230 σωμάτων
3504 2159 3801 2230 ἐπιδρομαὶ·

2239 2248 2514 2318 πολεμίων
2531 2249 2952 2317 ἐπαναστάσεις,
2977 2249 3072 2303 καὶ
3096 2250 3157 2304 τὸ
3177 2249 3518 2315 τελευταῖον,
3543 2253 3696 2320 λιμοὶ
3722 2251 3804 2304 καὶ

2238 2338 2439 2409 λοιμοὶ,
2470 2337 2689 2410 ἠλικίαν
2738 2341 2922 2395 πᾶσαν
2967 2341 3296 2410 ἀπάγοντες,
3345 2341 3443 2396 καὶ
3503 2340 3804 2413 μηδαμόθεν

2240 2431 2600 2501 παραμυθίαν
2645 2430 3034 2502 λαμϐάνοντες.
3063 2431 3281 2486 Τούτων
3302 2432 3398 2506 τὴν
3422 2433 3480 2486 ἐν
3505 2432 3803 2504 ἀνθρώποις

2238 2521 2328 2572 ἐπὶ
2351 2520 2556 2591 ὀλέθρῳ
2587 2523 2759 2593 φοράν
2786 2521 2880 2592 ³⁸ή
2907 2522 3201 2594 μετριότης
3233 2523 3412 2594 ἡμῶν,
3453 2523 3572 2592 ἅμα
3598 2525 3664 2594 τῇ
3696 2541 3802 2577 συν-

2244 2610 2570 2682 εδριαζούσῃ
2599 2611 2710 2665 τῶν
2765 2611 3194 2682 θεοφιλεστάτων
3247 2613 3664 2684 μητροπολιτῶν
3718 2615 3800 2668 καὶ

2241 2704 2692 2776 ἀρχιεπισκόπων
2727 2705 2792 2771 ³⁸,
2821 2706 3018 2775 στῆσαι
3049 2707 3176 2776 περὶ
3234 2706 3430 2761 πολλοῦ
3484 2706 3796 2778 ποιουμένη,

2240 2795 2454 2849 καὶτοῦ
2484 2799 2843 2870 καταῤῥύπου
2873 2799 2968 2852 καὶ
3009 2799 3294 2870 ἀπρεποῦς
3323 2800 3420 2855 καὶ
3451 2801 3691 2870 ἀσέμνου
3715 2802 3801 2868 γά-

2245 2904 2347 2958 μου
2401 2888 2494 2941 τὸν
2535 2889 2846 2960 περιούσιον
2899 2889 3024 2943 λαὸν
3077 2888 3173 2944 τοῦ
3228 2890 3468 2961 Χριστοῦ
3526 2893 3756 2963 ῥυομένη
3782 2907 3796 2920 ο

2240 2978 2529 3050 διωρίσατο
2567 2981 2762 3051 μηκέτι
2789 2983 2918 3046 τοὺς
2947 2981 3218 3046 τοιούτους
3254 2983 3465 3052 γάμους
3519 2981 3702 3054 χώραν
3750 2985 3797 3035 ἐν

2239 3071 2351 3133 τοῖς
2369 3070 2718 3139 Χριστιανοῖς
2739 3069 2834 3123 τοῦ
2864 3069 3054 3125 λοιποῦ
3104 3069 3271 3140 ἐχειν,
3330 3069 3466 3142 μηδὲ
3497 3070 3650 3140 παρά
3673 3086 3798 3131 τινος

2245 3160 2515 3231 μηδέποτε
2545 3163 3028 3233 καταπραχθῆναι.
3060 3164 3375 3234 Είσηγεῖται
3404 3163 3501 3218 καὶ
3537 3165 3671 3216 πᾶσι
3699 3181 3797 3216 κοι-

536 3247 603 3294 -et
628 3238 835 3296 divitiis
877 3241 1158 3305 ell‘eratur,
1190 3253 1218 3281 ιι
1275 3243 1391 3297 sive
1435 3241 1805 3297 multitudinis
1833 3252 1887 3297 et.
1920 3247 2128 3314 populi,

2240 3250 2369 3315 νῶς,
2402 3253 2498 3304 καὶ
2530 3254 2598 3323 τῇ
2635 3252 2745 3306 ἀπὸ
2776 3251 2872 3304 τοῦ
2905 3251 3058 3320 ἁγίου
3108 3250 3421 3322 Πνεύματος
3443 3251 3663 3320 ἐξουσίᾳ.
3709 3265 3797 3300 πα-

537 3331 616 3385 .ad
641 3330 946 3401 huiusmodi
969 3333 1185 3402 nuptias
1219 3333 1465 3388 accedat.
1499 3333 1652 3400 Quod
1679 3335 1725 3390 si
1749 3335 1871 3403 quis
1894 3351 2015 3404 qua:
2047 3337 2131 3393 hic

2238 3345 2442 3417 τρικῶς
2473 3347 2568 3400 καὶ
2595 3346 2932 3410 δεσποτικῶς
2961 3345 3276 3417 διορίζεται,
3303 3345 3448 3399 ὥστε
3477 3344 3684 3414 μηδένα
3703 3343 3795 3397 τῶν

541 3421 774 3477 deﬁnita
815 3433 942 3477 sunt
968 3424 1123 3478 nihili
1180 3424 1408 3491 faciens,
1446 3440 1504 3480 se
1557 3425 1610 3479 in
1665 3427 1773 3479 tale
1813 3427 2130 3497 conjuginm

2238 3436 2505 3501 ἁπάντων,
2527 3438 2635 3490 ἀπό
2647 3455 2710 3505 γε
2726 3437 2819 3492 τοῦ
2841 3438 2956 3504 νῦν,
2987 3437 3092 3492 κᾶν
3108 3438 3217 3491 τῶν
3243 3437 3378 3492 νέων
3397 3437 3441 3469 ⁸⁷
3476 3437 3796 3498 δυναστείαις

555 3515 1000 3587 ριωοῐνίιονετὶι,
1029 3524 1123 3571 aut
1152 3516 1355 3574 liberos
1380 3518 1694 3582 elocaverit,
1722 3526 1840 3574 toto
1873 3522 1999 3576 vitae
2020 3537 2132 3576 sua:

551 3617 796 3677 tempore
850 3608 918 3663 ab
951 3608 1194 3664 Ecclesia
1259 3608 1468 3679 ejectus
1521 3610 1645 3664 erit.
1697 3607 1807 3664 Nec
1861 3611 2016 3680 prius
2061 3612 2129 3667 ad

549 3699 924 3771 paenitentiam
981 3700 1320 3768 admittetur,
1370 3716 1533 3771 quam
1577 3702 1796 3772 nuptias
1830 3701 2131 3770 diremerit,

549 3794 765 3850 etiamsi
816 3810 881 3851 ex
913 3795 980 3852 iis
1015 3796 1217 3852 liberos
1278 3797 1602 3867 procrearit.
1639 3796 1914 3852 Sacerdos
1941 3803 2125 3851 autem

534 3887 640 3958 qui
673 3887 837 3957 hujus
864 3889 1070 3958 nuptiis
1097 3904 1290 3960 preces
1321 3890 1679 3954 concesserit,
1711 3899 1987 3962 perpetuae
2036 3888 2132 3944 de-

548 3980 810 4050 positioni
836 3981 1182 4052 subjiciatur.
1237 3981 1618 4059 Quamobrem.
1662 3993 1717 4038 et
1749 3998 1875 4053 quae
1906 3982 2132 4038 deﬁnita

551 4072 658 4135 hic,
703 4075 951 4144 exposita
986 4082 1136 4141 sunt,
1176 4084 1230 4130 et
1285 4075 1502 4146 signata
1563 4075 1617 4130 in
1679 4075 2133 4146 chartephylacio

548 4164 642 4222 Dei
671 4168 822 4222 verbi
858 4169 1085 4238 sophiae,
1119 4169 1175 4221 in
1204 4176 1548 4238 posterorum
1575 4167 1896 4222 memoriam
1932 4181 2132 4221 recon-

549 4255 661 4310 dita
692 4267 840 4314 sunt.
879 4256 975 4313 Die
1028 4258 1091 4312 21
1125 4255 1436 4324 Februarii,
1473 4258 1540 4314 l0
1613 4249 1951 4321 indictionis,
1987 4271 2133 4312 anno

545 4371 712 4427 6505.

2230 3525 2264 3604 ᾖ
2322 3545 2428 3592 τις,
2486 3530 2582 3584 καὶ
2660 3529 2958 3596 ἐξουσίαις,
3011 3531 3108 3586 καί⁷
3167 3529 3384 3600 πλούτῳ
3433 3529 3658 3598 κομῶν,
3708 3528 3795 3581 κᾶν

2237 3622 2348 3676 τῶν
2380 3623 2592 3677 πολλῶν
2625 3623 2718 3676 καὶ
2774 3623 2868 3677 τοῦ
2901 3623 3098 3696 δήμου,
3151 3623 3287 3695 πρὸς
3333 3622 3581 3678 τοιοῦτον
3639 3623 3795 3692 γάμον

2236 3715 2434 3769 ἐλθεῖν.
2471 3715 2533 3768 Ei
2564 3715 2622 3768 δέ
2654 3731 2738 3778 τις
2765 3714 2875 3768 ἀπὸ
2911 3714 3007 3768 τοῦ
3056 3716 3323 3786 παρόντος
3350 3715 3418 3769 τὰ
3476 3715 3795 3786 διωρισμένα

2236 3805 2408 3859 ταῦτα
2439 3805 2665 3876 θέμενος
2696 3807 2827 3877 παρ’
2852 3805 3024 3870 οὐδὲν,
3044 3805 3181 3876 πρὸς
3211 3806 3306 3859 τὸν
3329 3804 3576 3860 τοιοῦτον
3616 3807 3789 3859 ἑαυτὸν

2235 3896 2544 3969 ἐπιρρίψειε
2569 3897 2824 3969 γάμον,ἢ
2878 3897 3046 3969 ἐπιδῷ
3097 3897 3286 3960 τέκνα,
3339 3900 3407 3968 τῇ
3444 3895 3793 3969 Ἐκκλησίᾳ³⁹

2236 3986 2391 4054 οὗτος
2424 3991 2766 4062 ἐκκήρυκτος
2803 3989 2958 4044 ἐσται
2985 3990 3164 4052 πάσας
3192 3990 3292 4053 τὰς
3333 3990 3548 4062 ἡμέρας
3577 3991 3670 4044 τοῦ
3694 3991 3791 4061 βίου

2235 4081 2403 4136 αὐτοῦ
2440 4098 2455 4113 ο
2498 4084 2594 4136 καὶ
2623 4082 2683 4134 ού
2726 4081 2991 4152 πρότερον
3041 4081 3365 4154 δεχθησεται
3409 4085 3493 4146 εἰς
3525 4085 3793 4154 μετάνοιαν

2236 4173 2369 4246 πρὶν
2425 4173 2492 4226 ἂν
2549 4173 2826 4246 διασπάσῃ
2855 4172 2948 4226 τὸν
2993 4171 3192 4242 γάμον,
3248 4173 3351 4228 κᾶν
3402 4173 3588 4246 φθάσῃ
3618 4173 3793 4235 παῖδας

2236 4264 2552 4318 ἀποτεκεῖν.
2608 4263 2669 4316 ⁸0
2728 4261 2787 4316 δέ
2818 4261 2896 4332 τῷ
2944 4261 3170 4335 τοιούτῳ
3193 4263 3358 4335 γάμῳ
3387 4263 3553 4336 εὐχὴν
3597 4264 3791 4326 ἐπιδοὺς

2243 4359 2445 4428 ἱερεὺς,
2479 4356 2805 4428 καθαιρέσει
2836 4355 3017 4426 τελείᾳ
3046 4357 3425 4412 ύποπεσείται.
3485 4357 3580 4410 Διὸ
3608 4358 3699 4411 καὶ
3735 4355 3792 4408 τὰ

537 4463 822 4534 ὡρισμένα
851 4463 897 4494 ⁸ο
941 4460 1188 4516 ἐνταῦθα
1214 4461 1458 4534 ἐξετέθη,
1494 4464 1593 4518 καὶ
1622 4461 2034 4534 σφραγισθέντα
2057 4460 2134 4531 τῷ
2166 4451 2591 4530 χαρτοφυλακίῳ
2621 4448 2718 4522 τῆς
2741 4449 2836 4504 τοῦ
2867 4449 3003 4504 Θεοῦ
3051 4448 3211 4518 λόγου
3279 4450 3495 4519 σοφίας,
3561 4452 3644 4514 εἰς
3685 4447 3792 4503 ὑπό.

541 4573 741 4630 μνησιν
757 4558 870 4620 τοῖς
906 4556 1208 4626 ἐσομένοις,
1241 4554 1642 4627 ἐπρυτανεύθη,
1671 4555 1816 4610 κατὰ
1841 4554 1940 4627 τὴν
1957 4554 2041 4609 κα¹
2071 4553 2165 4608 τοῦ
2199 4547 2568 4622 Φεϐρουαρίου
2611 4544 2779 4616 μηνὸς
2807 4543 2907 4614 τῆς
2936 4549 2965 4596 ι’
2988 4544 3388 4612 ἐπινεμήσεως,
3428 4541 3486 4596 ἐν
3515 4543 3627 4596 ἔτει
3649 4543 3690 4574 ⁸⁸
3722 4540 3786 4610 τῷ

538 4654 699 4718 ,ςφεὀ

535 4839 668 4886 runt
689 4839 743 4885 et
770 4838 1078 4886 statuerunt
1113 4832 1546 4903 metropolitani,
1575 4843 1703 4888 sunt
1731 4833 1819 4888 hi:
1856 4831 2118 4901 Joannes,

545 4921 841 4978 Heracleae.
881 4920 1144 4989 Joannes,
1177 4924 1430 4996 Ancyra.
1467 4924 1600 4989 Leo,
1657 4923 1933 4980 Sardium.
1999 4926 2119 4981 Ste-

539 5013 774 5083 phanus,
799 5012 1150 5070 Nicomediae.
1190 5017 1403 5082 Daniel,
1432 5016 1822 5072 Chalcedonis.
1855 5016 2114 5072 Theodo-

536 5119 654 5168 rus,
687 5103 970 5161 Melitenaa.
1021 5104 1284 5173 Joannes,
1335 5105 1670 5179 Tyanorum.
1731 5107 1944 5172 Petrus,
1971 5106 2117 5163 Gan-

532 5193 775 5265 grensis.
813 5193 1080 5260 Joannes,
1134 5195 1332 5250 Cariae.
1378 5196 1638 5260 Basilius,
1679 5195 1879 5250 lconii.
1933 5192 2115 5250 Theo-

531 5285 847 5357 phyiactus,
875 5286 1202 5343 Antiochiae.
1246 5286 1507 5355 Joannes,
1537 5285 2106 5359 Sylaei.'l'heodegius,

531 5377 894 5434 Athenarum.
927 5378 1228 5452 Slylianus,
1247 5379 1503 5436 Larissae.
1534 5379 1823 5450 Georgius,
1842 5377 2112 5449 Traiano-

609 4740 715 4808 Qui
748 4756 882 4796 vero
917 4741 1206 4797 nobiscum
1245 4741 1362 4797 haec
1412 4743 1774 4798 consultando
1827 4744 2128 4813 perpende-
2157 4777 2204 4836 ο

2306 4737 2370 4790 Οί
2403 4733 2460 4788 δέ
2493 4731 2613 4804 μεθ’
2637 4729 2795 4802 ἡμῶν
2826 4725 3350 4797 συνδιασκεψάμενοι
3383 4724 3480 4779 καὶ
3537 4725 3789 4796 συνδιορι’

2233 4831 2456 4898 σάμενοι
2476 4823 2650 4878 ταῦτα
2705 4818 3118 4891 μητροπολίται,
3152 4817 3292 4871 εἰσὶν
3329 4808 3500 4870 οὗτοι·
3556 4817 3787 4883 Ἰωάννης

2239 4917 2589 4990 Ἡρακλείας,
2646 4913 2925 4983 Ἰωάννης,
2970 4908 3266 4980 Ἀγκύρας,
3308 4907 3488 4971 Λέων,
3530 4908 3781 4978 Σάρδεων,

2225 5010 2496 5078 Στέφανος
2517 5001 2911 5075 Νικομηδείας,
2947 4999 3168 5070 Δανιὴλ,
3183 4999 3548 5070 Χαλκηδόνος,
3597 4997 3783 5052 θεόδω.

2226 5121 2338 5177 ρος,
2356 5100 2684 5170 Μελιτηνῆς,
2701 5096 2976 5164 Ἰωάννης,
3006 5095 3252 5158 Τυάνων,
3272 5093 3501 5166 Πέτρος,
3519 5089 3781 5160 Γαγγρῶν,

2238 5195 2499 5265 Ἰωάννης
2529 5190 2767 5262 Καρίας,
2799 5186 3079 5250 Βασίλειος
3126 5184 3372 5252 Ἰκονίου,
3420 5184 3780 5253 Θεοφύλακτος

2233 5285 2585 5356 Ἀντιοχείας,
2603 5281 2878 5350 Ἰωάννης,
2906 5277 3156 5344 Συλαίου,
3187 5276 3497 5346 Θεοδήγιος,
3537 5272 3778 5346 Ἀθηνῶν,

2222 5379 2533 5442 Στυλιανδς,
2562 5375 2840 5445 Λαρίσσης
2865 5411 2882 5438 ,
2931 5369 3202 5442 Γεώργιος
3237 5410 3254 5436 ,
3293 5368 3776 5441 Τραϊανουπόλεως,

1815 5492 2053 5552 νΑΒΙᾸΞ
2093 5489 2496 5549 LECTIONES.

600 5585 653 5660 ’ξ
677 5583 789 5640 τῶν
816 5585 1464 5660 ἀτοπημάτωνᾼέτοίμως.

529 5655 580 5689 ³⁸
613 5657 743 5726 άρχ.
774 5655 1012 5727 συνόδῳ.
1071 5657 1113 5689 ³⁷
1143 5658 1249 5712 τῶν
1277 5655 1340 5713 ἐν
1361 5661 1474 5714 δυν.

531 5727 592 5782 in
630 5729 777 5782 aliis.

1561 5591 1606 5624 ”
1640 5589 1956 5660 ἁπανταχοῦ
1978 5587 2088 5640 τῶν
2126 5584 2545 5660 δρώντωνηκα)
2605 5579 2798 5660 καταδ.

1562 5661 1608 5694 ⁸⁸
1637 5661 1740 5715 κᾶν
1769 5658 1985 5730 πλούτῳ
2015 5658 2222 5726 κομῶν.

2914 5578 2990 5658 ³ῒῖ
3009 5578 3111 5658 ἳῦκ
3133 5573 3380 5658 ἀπαθῶς·
3446 5574 3543 5658 ..⁸⁸
3568 5571 3772 5658 9θ⁰Ρξ¹Ἆ’

2314 5637 2357 5687 is
2381 5637 2478 5721 ἑῆς
2512 5651 2830 5722 ἐκκλησίας,
2945 5647 2991 5679 ⁵ο
3018 5637 3370 5720 διωρισμένα.
3445 5644 3488 5677 δ’
3527 5637 3603 5716 τῷ
3633 5637 3776 5710 ςῦιιθο

607 5875 638 5905 ⁸
657 5881 764 5920 non
798 5863 994 5936 absque
1015 5864 1287 5935 aﬂ'ectione
1308 5869 1407 5924 his.
1487 5870 1501 5904 ¹
1531 5870 1636 5925 sive
1658 5869 1774 5940 quis
1796 5867 2024 5940 dynasta
2062 5867 2151 5935 sit,
2172 5884 2252 5922 ac.
2336 5878 2362 5906 ιι
2390 5866 2497 5920 sive
2542 5880 2674 5920 unus
2707 5877 2770 5918 ex
2793 5859 2992 5927 multis,
3034 5867 3082 5913 et
3111 5857 3359 5929 plebeius.
