3950 6620
205 477 333 542 ’141

1500 451 2232 541 ΟΠλΕηΟ-ΒΟΜΑΝυΜξ

3391 470 3503 534 742

192 596 392 661 Λέων,
432 589 689 664 Κατάνης
717 630 733 659 ,
782 591 1080 664 Εὗθύμιος,
1107 593 1391 646 Φιλίππων
1421 633 1435 658 ,
1510 591 1801 664 ’Λρσεσὴρ,

1914 591 2218 663 politanus.
2279 588 2413 656 Leo,
2439 586 2682 644 Catenae.
2717 585 3071 658 Euthymius,
3095 585 3498 660 Philipporum.

202 683 926 758 Ίεραπόλεως,Βασίλειος,
950 686 1048 755 τῆς
1094 685 1254 755 ἁγίας
1289 685 1604 756 Σεὸερινῆς,
1637 684 1802 738 Νικό-

193 776 368 841 λαος,
386 775 824 847 Νέων,ῐΙατρῶν,
842 778 1135 847 Στέφανος,
1156 777 1478 839 Κοτυαείου,
1512 775 1792 842 Λεόντιος,

193 869 456 940 Σεῤῥῶν,
483 868 787 934 Βασίλειος,
811 871 1334 941 Πομπηϊουπόλεως,
1379 869 1647 934 Φίλιππος
1690 873 1804 924 Πα-

197 959 356 1033 ρίου,
375 958 553 1024 Λέων,
572 959 886 1030 nussum,
909 963 1342 1028 Κωνσταντίνος,
1363 962 1800 1032 Κίου,Ἰωάννης,

191 1052 439 1126 Δέρκου,
456 1051 738 1122 Ἰωάννης,
765 1052 1061 1120 Λευκάδος,
1093 1053 1393 1123 Θεόδωρος,
1409 1052 1600 1106 Ῥοῖων
1619 1052 1688 1119 ⁸⁸,
1709 1050 1805 1105 καὶ

191 1142 648 1210 Κωνσταντῖνος,
668 1141 987 1212 Σουγδαϊας.

635 1259 953 1328 Ἐρμηνεία
983 1257 1093 1312 τοῦ
1127 1259 1393 1328 Ζωναρᾶ.

287 1377 358 1429 Ὀ
386 1374 716 1440 συνοδικὸς
745 1371 925 1442 οὗτος
951 1377 1149 1443 τόμος,
1169 1377 1222 1429 εί
1237 1374 1337 1429 καὶ
1368 1374 1626 1441 πολλαῖς
1652 1389 1802 1445 παρ-

194 1445 509 1500 εκόἀσεσι
573 1446 883 1514 κέχρηται,
946 1446 1110 1500 ἀλλὰ
1149 1446 1217 1500 τὸ
1277 1445 1426 1499 ὅλον
1453 1446 1521 1500 ἐκ
1585 1448 1803 1502 τούτου

198 1516 490 1584 συνάγει.
529 1519 757 1570 κωλύει
795 1516 907 1584 γὰρ
944 1517 1058 1571 δύο
1088 1516 1398 1585 ἀδελφοὺς
1425 1516 1536 1570 δύο
1558 1515 1805 1580 ἐξαδέλ-

196 1604 331 1656 φας
362 1587 599 1651 λαϐεῖν,
636 1587 822 1657 καὶτὸ
841 1587 1169 1653 ἀνάπαλιν,
1200 1588 1310 1642 δύο
1339 1587 1678 1657 ἐξαδέλςρας
1694 1587 1803 1642 δύο

193 1657 541 1727 ἀδελεεούς.
573 1656 686 1712 Καὶ
719 1657 900 1727 θεῖον,
928 1658 1026 1711 καὶ
1056 1658 1335 1727 ἀνεψιὸν,
1359 1656 1630 1727 ἀδελφὰς
1651 1659 1762 1713 δύο
1786 1676 1800 1690 ·

196 1728 304 1781 καὶ
332 1723 534 1794 αὖθις,
567 1726 874 1796 ἀδελφοὺς
903 1729 1015 1782 δύο
1039 1723 1208 1784 θείαᾶ⁴
1244 1730 1340 1784 καί
1363 1723 1646 1798 ἀνεψιάν.
1693 1729 1803 1787 Καὶ

197 1798 407 1853 πλέον
431 1798 638 1853 οὐδέν.

197 1798 407 1854 πλέον
431 1798 638 1854 οὐδέν.

857 1981 1166 2038 ΣΕΡΓΙΟΥ.

197 2110 348 2178 Περὶ
379 2107 618 2178 δωρεῶν
639 2109 738 2164 καὶ
774 2109 1109 2165 ἐπιδόσεων
1143 2111 1260 2165 τῶν
1289 2114 1716 2182 μοναστηρίων
1763 2112 1801 2181 ἢ

759 2183 1256 2250 φροντισιηρίων.

287 2291 349 2344 ’0
383 2291 475 2360 μΘ’
509 2289 692 2345 κανὼν
711 2291 812 2361 τῆς
836 2293 894 2344 ὲν
924 2290 1002 2362 τῷ
1022 2291 1276 2365 Τρούλ).ῳ
1307 2294 1548 2359 συνόδου,
1578 2292 1648 2348 τὰ
1662 2292 1803 2346 αὐτὰ

197 2382 609 2453 διοριζόμενος,
639 2383 993 2456 προστίθησι,
1048 2384 1122 2456 μὴ
1153 2385 1461 2440 ἐκδίδοσθαι
1511 2389 1802 2456 κοσμικοῖς

198 2477 442 2547 ἀνδράσι
482 2479 550 2532 τὰ
587 2478 946 2550 μοναστήρια.
987 2477 1258 2552 Ἐλαλήοη
1289 2480 1418 2534 ποτὲ
1452 2480 1527 2544 ὼς
1550 2479 1801 2550 ὀφείλου-

200 2588 291 2624 σιν
321 2570 644 2634 ἀκολούθως
666 2569 744 2642 τῷ
777 2569 1009 2639 τοιούτῳ
1034 2573 1220 2626 κανόνι
1243 2573 1337 2626 καὶ
1365 2572 1442 2643 τῷ
1474 2574 1798 2645 παρόντι·’·’

198 2661 596 2735 ἀνατραπῆναι
619 2664 676 2716 αἱ
705 2664 1111 2734 προγενόμεναι
1169 2666 1568 2736 πατριαρχικαὶ
1599 2664 1801 2736 δωρεαὶ

203 2757 602 2828 μοναστηρίων
628 2755 766 2827 πρὸς
826 2756 1127 2826 κοσμικούς
1160 2772 1175 2788 ο
1234 2755 1371 2810 ἀλλὰ
1429 2757 1536 2827 μὴν
1593 2756 1688 2811 καὶ
1742 2758 1800 2810 αἱ

201 2846 491 2910 ἐπιδόσεις
515 2846 624 2900 τῶν
659 2845 1165 2918 προσκυρωοέντων
1221 2845 1439 2916 ἑτέραις
1477 2848 1668 2917 μοναῖς
1701 2864 1800 2917 μο-

202 2939 550 3011 ναστηρίων,
588 2943 680 2992 καὶ
708 2938 1127 3010 ὲπανασωθῆναι
1156 2939 1220 3009 τῇ
1264 2937 1476 3009 μεγάλῃ
1510 2939 1798 3010 ἐκκλησίᾳ.

213 3031 574 3104 Ἄνεγνώσθη
601 3032 658 3085 δὲ
702 3033 800 3085 καὶ
853 3032 1018 3099 τόμος
1063 3030 1157 3084 τοῦ
1213 3031 1552 3102 πατριάρχου
1591 3032 1800 3086 ἐκείνου

203 3125 408 3197 κυρίου
447 3125 738 3192 Σισιννίου,
766 3123 836 3178 τὰ
869 3123 1009 3178 αὐτὰ
1068 3121 1462 3195 διοριζόμενος.
1500 3123 1612 3180 Kal.
1662 3125 1802 3196 τάχα

203 3218 408 3289 ἔμελλε
439 3219 601 3272 τοῦτο
629 3217 723 3271 καὶ
745 3218 828 3282 είς
878 3217 1042 3289 ἔργον
1072 3217 1270 3274 ἐλθεῖν.
1308 3217 1434 3270 Ὅτι
1481 3217 1539 3270 δὲ
1569 3234 1800 3289 προεκο-

1911 681 2171 748 Arsebcr,
2226 679 2696 750 llierapolitanus.
2764 677 3029 745 Basilius,
3089 679 3148 734 S.
3201 678 3498 734 Severinus.

1909 773 2192 841 Nicolaus,
2223 772 2641 843 Neopatrensis.
2676 771 3015 844 Stephanus,
3047 770 3282 844 Cotyaii.
3317 770 3501 826 Leon-

1912 867 2047 934 tius,
2083 866 2396 923 Serrensis.
2441 866 2705 932 Basilius,
2738 864 3306 937 Pompeiopolitanus.
3361 863 3500 918 Phi-

1912 960 2114 1031 lippus,
2148 959 2320 1015 Parii.
2354 958 2487 1026 Leo,
2510 959 2916 1030 Cypsellorum.
2941 959 3366 1024 Constantinus,
3392 959 3499 1014 Cii.

1909 1051 2172 1116 Joannes,
2227 1051 2489 1107 Dercous.
2520 1049 2783 1115 Joannes,
2821 1051 3112 1108 Leucadis.
3147 1049 3502 1116 Theodorus,

1923 1143 2299 1199 Rhoiorum'.
2334 1143 2757 1207 Constantinus,
2788 1142 3058 1216 Sugdaiaz.

2409 1256 2684 1312 Scltalium
2715 1255 2759 1308 Ζ
2764 1272 2966 1311 onarte.

1988 1368 2182 1425 Tomus
2215 1369 2299 1442 hic
2339 1372 2648 1440 synodalis,
2674 1373 2885 1426 tametsi
2927 1371 3111 1427 multis
3153 1371 3498 1442 digressioni-

1911 1440 2006 1494 bus
2041 1442 2246 1506 utitur;
2279 1441 2333 1494 in
2361 1457 2566 1495 summa
2603 1451 2776 1494 tamen
2801 1444 2897 1495 hoc
2928 1440 3227 1496 concludit:
3251 1443 3498 1496 Pro/tiles

1910 1513 2072 1577 enim,
2099 1527 2162 1565 ne
2196 1511 2301 1564 duo
2335 1510 2553 1577 fratres,
2587 1514 2724 1566 duas
2764 1511 3105 1566 consobrinos
3138 1528 3326 1567 uxores
3356 1516 3501 1567 acci-

1909 1583 2093 1650 piant;
2126 1599 2188 1634 ac
2221 1583 2327 1635 vice
2347 1598 2518 1644 versa,
2543 1600 2608 1636 ne
2634 1584 2740 1635 duo
2774 1583 3105 1638 consobrina:
3133 1585 3335 1638 duobus
3385 1586 3500 1652 fra-

1912 1653 2298 1706 tribusnubant
2324 1668 2523 1721 :neque
2545 1664 2792 1721 patruus,
2816 1664 2911 1706 aut
2928 1655 3218 1708 avunculus
3247 1665 3293 1708 et
3307 1657 3498 1723 [ratrts

1912 1725 2173 1778 sororisve
2197 1723 2368 1793 ﬁlius,
2391 1741 2607 1776 sorores
2638 1726 2772 1776 u'uas
2803 1725 3001 1778 ducant
3032 1741 3049 1778 :
3082 1733 3132 1778 et
3172 1740 3405 1789 rursum,
3437 1741 3501 1778 ne

1912 1793 2174 1861 fratribus
2213 1793 2455 1865 duobus,
2510 1795 2680 1865 aurita
2733 1805 3080 1848 materterave
3134 1809 3252 1847 cum
3311 1795 3498 1865 fratris

1912 1866 2173 1920 sororisve
2189 1863 2304 1933 ﬁlia
2339 1864 2526 1918 nubat.
2578 1864 2788 1918 Prwter
2806 1881 2870 1918 ea
2913 1865 3046 1918 nihil
3068 1863 3320 1920 continet.

2521 1973 2747 2030 sensu
2785 1975 2884 2048 (ι).

1909 2110 1988 2166 De
2017 2112 2399 2168 donationibus
2424 2124 2474 2169 et
2500 2114 2882 2168 collationibus
2923 2114 3374 2169 monasteriorum
3403 2120 3498 2166 aut

2507 2195 2892 2239 conrentuum.

1979 2290 2147 2346 XLIX
2173 2306 2348 2348 canon
2374 2291 2574 2362 synodi
2619 2293 2676 2347 in
2720 2292 2909 2348 Trullo
2953 2292 3144 2350 eadem
3172 2293 3496 2360 decernens,

1905 2386 2121 2456 adjicit,
2163 2403 2277 2444 non
2305 2397 2334 2425 ι
2367 2387 2636 2443 tradenda
2661 2389 3021 2445 saecularibus
3040 2388 3361 2444 hominibus
3385 2403 3500 2444 mo-

1905 2481 2168 2538 nasteria.
2183 2480 2400 2538 Dictum
2421 2491 2508 2538 est
2527 2481 2841 2552 aliquando,
2856 2483 3054 2538 canoni
3071 2490 3126 2537 et
3145 2481 3496 2553 praesenti....

1909 2580 2340 2643 consequenter,
2374 2574 2572 2631 debere
2604 2574 2894 2631 subvertit
2921 2573 3500 2646 antiquiorespatriar-

1905 2663 2093 2722 chaies
2106 2665 2570 2722 monasteriorum
2588 2667 2945 2724 saecularibus
2958 2666 3130 2723 factas
3144 2667 3497 2723 donationes:

1906 2756 2040 2825 quin
2069 2756 2238 2812 etiam
2283 2758 2612 2815 traditiones
2640 2769 2662 2797 ι
2698 2760 3172 2816 monasteriorum
3205 2758 3332 2814 aliis
3374 2775 3496 2812 Inu-

1905 2845 2166 2906 nastcriis
2193 2849 2586 2908 attributorum
2605 2860 2661 2906 et
2682 2868 2893 2924 magna:
2932 2853 3183 2909 ecclesia:
3198 2852 3494 2908 reservari.

1903 2942 2107 2999 Lectus
2133 2949 2221 2999 est
2260 2952 2316 2999 ct
2355 2944 2684 3012 patriarchae
2730 2945 2880 3000 illius
2928 2945 3139 3000 domini
3207 2943 3438 3000 Sisinnii
3465 2955 3494 2983 ι

1905 3034 2061 3090 locus
2101 3034 2292 3091 eadem
2321 3034 2624 3092 decernens
2661 3043 2763 3091 :et
2813 3035 2865 3090 id
2911 3033 3149 3091 fortasse
3200 3035 3367 3090 etiam
3423 3035 3496 3090 ad

1904 3125 2160 3183 effectum
2200 3127 2565 3197 pervenisset.
2604 3125 2747 3192 Quia
2772 3135 2954 3182 autem
2981 3127 3324 3182 sanctissimi
3343 3125 3499 3181 illius

1905 3218 2235 3290 patriarcha:
2275 3219 2486 3275 domini
2536 3218 2718 3290 Sergii
2757 3219 2919 3273 allata
2971 3227 3059 3275 est
3099 3218 3330 3286 decisio,
3370 3233 3502 3288 quas

206 3309 383 3381 μίσθη
410 3310 598 3382 ἕτερος
620 3311 784 3382 τόμος
814 3309 909 3363 τοῦ
949 3309 1256 3380 ἁγιωτάτου
1282 3309 1622 3380 πατριάρχου
1651 3310 1799 3363 ὲκεί-

1909 3323 2095 3365 mense
2127 3307 2273 3378 Maio
2317 3308 2464 3366 facta
2517 3319 2622 3376 est,
2684 3309 2882 3369 indict.
2949 3309 3041 3376 14,
3113 3324 3263 3365 anno
3326 3308 3497 3376 6524,

202 3421 298 3458 νου
361 3405 555 3477 κυρίου
621 3405 875 3478 Σεργίου,
929 3406 1224 3477 γενόμενος
1255 3405 1398 3462 κατὰ
1450 3407 1596 3477 μῆνα
1623 3404 1799 3460 Μάῖον

205 3497 599 3570 ὲπινεμήσεως
642 3499 702 3553 ιδ’
729 3499 822 3553 τοῦ
851 3501 1043 3568 ,ςφκδ’
1071 3499 1244 3565 ἔτους,
1294 3500 1586 3571 ὑπογραφῇ
1649 3499 1802 3569 βασι-

200 3589 334 3662 λικῇ
368 3591 888 3663 κατησφαλισμένος
923 3609 938 3624 ο
984 3592 1307 3664 ἑρμηνεύων
1343 3611 1403 3646 τε
1457 3593 1548 3646 τὸν
1578 3592 1664 3663 μθ¹
1697 3609 1801 3646 κα-

202 3683 340 3736 νόνα.
370 3682 475 3751 τῆς
501 3685 559 3736 ὲν
579 3683 657 3753 τῷ
679 3684 936 3756 Τρούλλῳ
992 3684 1234 3750 συνόδου,
1283 3686 1376 3740 καὶ
1429 3683 1801 3756 γνωματεύων

146 3782 151 3786 ’
201 3776 308 3846 τὴν
343 3775 559 3830 ἔκδοσιν
586 3776 663 3849 μὴ
695 3777 1140 3850 ἑκλαμϐάνεσθαι
1191 3780 1272 3842 είς
1312 3779 1411 3843 τὰς
1439 3777 1649 3849 δωρεὰς
1703 3779 1804 3843 τὰς

206 3869 590 3942 συπθτηροὺσας
617 3870 716 3944 τὴν
742 3872 850 3926 τῶν
881 3874 1260 3943 μοναστηρίων
1285 3871 1641 3937 κατάστασιν,
1667 3869 1804 3925 ἀλλὰ

204 3963 288 4027 είς
322 3964 454 4026 τοὺς
479 3962 856 4034 λαμϐάνοντας
902 3963 1262 4034 μοναστήρια,
1301 3963 1386 4032 ἐφ’
1425 3956 1470 4031 ᾧ
1496 3962 1640 4033 ἔχειν
1664 3961 1805 4016 αὐτὰ

205 4055 462 4123 κοσμικὰ
490 4054 832 4124 καταγώγια.
872 4056 1033 4125 (Περὶ
1078 4055 1135 4108 δὲ
1177 4055 1240 4108 τὺ
1289 4055 1442 4118 τέλος
1491 4056 1586 4108 καὶ
1631 4053 1804 4109 ταῦτα

207 4147 397 4218 ῥητῶς
432 4147 664 4214 διεξιών.
744 4149 1148 4219 Ἀνατρέπομεν
1193 4143 1288 4201 οὖν
1344 4147 1658 4211 συνοδικῶς,
1716 4147 1804 4199 διὰ

204 4241 310 4311 τῆς
351 4241 600 4313 δοθείσης
633 4243 766 4314 ἡμῖν
798 4241 949 4314 παρὰ
979 4241 1072 4296 τοῦ
1105 4241 1262 4311 ἁγίου
1300 4239 1617 4310 Πνεύματος
1648 4239 1803 4305 ὲξου-

207 4335 362 4400 σίας,
416 4335 517 4407 τὴν
539 4336 638 4401 τὰς
671 4336 878 4407 δωρεὰς
904 4336 1000 4390 καὶ
1037 4335 1137 4398 τὰς
1181 4335 1454 4397 ἐπιδόσεις
1474 4333 1804 4404 ἀναιροῦσαν

206 4427 433 4499 ἐκείνην
461 4429 686 4499 πρᾶξιν,
711 4427 787 4493 ὡς
814 4428 873 4494 ἐξ
922 4428 1180 4499 οὐδεμιᾶς
1231 4425 1598 4494 ἐπισκοπικῆς
1623 4442 1806 4480 συναι-

204 4520 438 4584 νέσεως,
470 4519 529 4585 ἐξ
558 4520 862 4590 αὐτονόμου
892 4521 949 4574 δὲ
980 4519 1208 4590 γνώμης
1257 4517 1656 4588 γεγενημένην,
1708 4517 1803 4571 καὶ

208 4611 354 4682 μηδὲ
399 4610 611 4682 βασιλεῖ
635 4610 712 4682 τῷ
751 4611 1082 4682 φιλοχρίστῳ
1129 4610 1434 4681 δεχθεῖσαν,
1459 4607 1644 4671 καθὼς
1674 4609 1803 4677 φαί-

1900 3402 2255 3474 imperatoria
2285 3403 2692 3475 subscriptione
2731 3405 2944 3459 munita
2973 3421 2990 3460 :
3038 3418 3160 3474 qua:
3206 3402 3402 3474 synodi
3436 3403 3500 3459 in

1900 3493 2366 3551 Trullocanonem
2406 3494 2965 3565 xuvinterpretatur,
3027 3507 3082 3552 et
3117 3496 3334 3560 statuit,
3383 3510 3497 3554 non.

1899 3588 2074 3659 accipi
2111 3590 2461 3647 traditionem
2489 3591 2518 3631 ι’
2553 3592 2609 3646 in
2645 3591 3062 3656 donationibus,
3114 3606 3240 3662 qua:
3286 3599 3502 3647 statum

1900 3683 2367 3739 monasteriorum
2405 3691 2740 3740 conservant
2771 3699 2786 3736 :
2845 3686 2939 3739 sed
2963 3686 3018 3738 in
3063 3684 3149 3750 iis,
3184 3683 3280 3754 qui
3303 3698 3501 3740 mona-

1902 3777 2069 3832 steria
2121 3777 2420 3846 accipiunt,
2461 3786 2604 3832 utea
2655 3777 2900 3832 habeant
2959 3777 3248 3832 saecularia
3309 3776 3500 3832 diver-

1904 3867 2052 3922 soria
2085 3878 2135 3922 ο.
2157 3867 2340 3928 (Circa
2371 3866 2536 3922 ﬁnem
2587 3868 2701 3922 haac
2726 3883 2946 3937 quoque
2982 3883 3245 3938 expresse
3300 3884 3501 3939 prose-

1903 3973 2100 4030 quens.
2143 3960 2415 4030 Synodice
2459 3975 2591 4030 ergo
2663 3961 3042 4017 subvertimus
3069 3959 3097 4000 ά
3135 3976 3235 4030 per
3301 3960 3492 4015 datam

1903 4050 2070 4106 nobis
2103 4065 2132 4104 a
2163 4063 2355 4109 sancto
2385 4051 2596 4124 Spiritu
2626 4061 2978 4124 potestatem,
3010 4054 3284 4108 actionem
3312 4053 3496 4116 illam,

1903 4156 2026 4214 quae
2045 4141 2374 4199 donationes
2397 4153 2449 4198 ct
2483 4144 2812 4200 traditiones
2854 4155 2878 4185 ο
2916 4144 3099 4198 tollit:
3151 4153 3209 4196 ut
3249 4157 3372 4213 quae
3421 4158 3492 4198 ex

1903 4235 2056 4291 nullo
2077 4234 2373 4305 episcopali
2392 4250 2690 4300 consensu,
2716 4238 2812 4291 sed
2829 4253 2893 4292 ex
2910 4235 3131 4309 propria
3157 4235 3490 4289 auctoritate

1904 4324 2051 4381 facta
2076 4326 2169 4390 sit,
2206 4335 2380 4380 etnec
2401 4328 2469 4380 ab
2499 4327 2832 4397 imperatore
2856 4325 3065 4382 Christi
3097 4324 3490 4380 amantissimo

1905 4425 2163 4488 suscepta
2191 4417 2286 4482 sit,
2321 4419 2788 4486 quemadmodum
2819 4419 3036 4475 videtur
3052 4421 3242 4490 etipse
3269 4417 3483 4473 donare

1903 4509 2245 4566 monasteria
2276 4517 2476 4580 praeter
2506 4508 2626 4580 ejus
2657 4511 2924 4582 vigorem.
2953 4517 3008 4566 et
3033 4525 3155 4579 quae
3205 4525 3274 4565 οι
3321 4508 3491 4563 rebus

1908 4603 2049 4673 ipsis
2083 4612 2350 4675 appareat
2378 4619 2491 4659 non
2515 4619 2636 4661 esse
2673 4604 2741 4660 ad
2772 4604 3237 4659 monasteriorum
3272 4601 3490 4658 utilita-

203 4719 364 4755 νεται
403 4702 499 4756 καὶ
527 4703 689 4766 αὐτὸς
721 4702 1059 4774 δωρούμενος
1117 4703 1458 4775 μοναστὴρια
1508 4702 1662 4772 παρὰ
1707 4702 1801 4775 τὴν

1913 4709 2044 4768 tem,
2079 4702 2174 4758 sed
2223 4715 2495 4756 summam
2526 4701 2823 4772 perniciem
2886 4708 2942 4756 et
2982 4698 3234 4755 exitium.
3279 4696 3489 4753 Conﬁr-

203 4794 424 4866 ταύτης
453 4796 628 4866 ἰσχὺν,
655 4795 749 4849 καὶ
774 4796 999 4867 προσέτι
1037 4799 1299 4865 φανεῖσαν
1339 4796 1434 4850 ἀπ’
1465 4796 1645 4850 αὐτῶν
1694 4796 1805 4851 τῶν

207 4889 583 4961 πραγμάτων,
614 4891 674 4942 οὐ
709 4890 846 4960 πρὸς
901 4889 1174 4959 ὠφέλειαν
1222 4889 1332 4943 τῶν
1395 4890 1800 4960 μοναστηρίων,

208 4979 357 5034 ἀλλὰ
388 4982 526 5054 πρὸς
548 4979 752 5036 τέλειον
783 4983 1005 5054 ὄλεθρον
1061 4982 1154 5036 καὶ
1209 4982 1541 5054 ἀφανισμόν.
1581 4982 1800 5037 Ἐπιὸε-

211 5072 502 5138 ϐαιοῦντες
520 5075 578 5129 δὲ
613 5075 706 5128 καὶ
729 5073 1124 5146 ἐπικυροῦντες
1152 5074 1211 5126 τὸ
1264 5073 1498 5126 παλαιὸν
1527 5075 1620 5127 καὶ
1640 5074 1802 5130 καλὸν

204 5163 493 5229 λυσιτελὲς
517 5165 638 5231 ἔθος
666 5166 775 5221 τῶν
801 5165 1087 5238 μακαρίων
1116 5167 1207 5220 καὶ
1238 5165 1515 5237 θεοφόρων
1534 5167 1797 5234 Πατέρων

210 5257 400 5330 ήμῶν,
420 5258 676 5331 ὁρίζομεν
710 5259 962 5330 γίνεσθαι
998 5258 1208 5332 δωρεὰς
1231 5259 1329 5311 καὶ
1354 5257 1626 5322 ἐπιδόσεις
1653 5259 1799 5311 ἀκω-

1902 4810 2117 4854 mantes
2149 4809 2328 4854 autem
2343 4805 2396 4853 et
2412 4798 2843 4853 corroborantcs
2861 4796 3168 4866 antiquam,
3186 4801 3242 4848 et
3259 4793 3485 4857 bonam,

1901 4897 1956 4943 et
2013 4888 2204 4944 utilem
2247 4887 2707 4944 consuetudinem
2744 4886 3031 4942 beatorum
3081 4893 3136 4940 et
3168 4885 3485 4940 divinorum

1901 4981 2124 5036 Patrum
2155 4988 2471 5036 nostrorum
2500 5018 2516 5046 ,
2558 4980 2872 5047 statuimus,
2911 4977 3025 5034 fieri
3045 4978 3436 5032 donationeset
3465 4973 3484 5011 ί

1901 5073 2038 5128 citra
2075 5073 2241 5127 ullam
2261 5073 2714 5142 prohibitionem,
2751 5072 2817 5126 ad
2882 5069 3341 5127 constitutionem
3375 5068 3399 5108 ε
3431 5074 3488 5120 et

1907 5163 2346 5219 meliorationem
2371 5178 2810 5234 sacrorum,quae
2838 5163 3083 5220 danturh
3101 5177 3165 5218 ac
3185 5163 3482 5220 donantur.

1907 5255 2202 5326 locorum.)
2234 5254 2426 5310 Visum
2452 5265 2538 5312 est
2584 5256 2766 5326 itaque
2788 5254 2967 5313 dictos
2992 5269 3231 5311 canones
3285 5251 3489 5308 debere

1501 5413 1739 5470 VARLE
1783 5412 2189 5472 LECTIONES.

289 5529 338 5561 δ’
376 5529 622 5585 Ῥοδίων.

278 5655 307 5686 ν
337 5643 685 5700 Rhodiorum.
738 5656 764 5685 ι
793 5641 1042 5698 locanda.
1107 5653 1134 5692 J
1167 5641 1417 5696 rescindi.
1469 5649 1490 5676 ι
1515 5639 1824 5712 locationes.
1884 5652 1916 5712 γι
1939 5648 2134 5712 tomus,
2156 5642 2211 5696 id
2249 5651 2346 5705 est,
2387 5643 2661 5712 scripturn.
2710 5642 2740 5682 1³
2771 5657 2872 5696 non
2906 5637 3487 5712 intelligilocationem.

214 5727 237 5757 ο
272 5733 367 5786 pro
395 5714 746 5772 stacularibus
769 5715 1097 5769 diversoriis.
1186 5712 1215 5752 ἀ
1244 5712 1618 5767 rescindimus.
1681 5722 1704 5749 ο
1731 5711 2042 5767 locationes.
2103 5710 2124 5753 ί
2161 5709 2502 5770 ιοεαιίοηεδ.’
2537 5717 2563 5757 ε
2597 5711 2997 5770 stabilitioncm.
3053 5709 3093 5752 δ’
3109 5709 3372 5766 locantur.

1706 5826 1941 5888 NOTAE.

247 5955 325 6027 (ι)
354 5951 510 6010 Vixit
564 5949 757 6008 iisdem
792 5935 1193 6022 imperantibus
1233 5945 1434 6019 quibus
1466 5944 1746 6004 Sisinnius
1769 5943 1953 6018 (supra
1973 5947 2075 6005 col.
2113 5947 2264 6018 727).
