3832 6600
199 345 278 407 ἳιό
1358 327 2053 389 ϐΒᾸΞΟΟ-ΒΟΜΑΝΠΜ.

3260 321 3371 385 ἨΕ

192 443 506 513 Χαλκούτζης,
531 434 623 507 τήν
650 454 709 492 τε
738 438 977 507 γυναῖκά
1010 455 1111 510 μου
1141 439 1329 511 Καλὴν
1355 440 1448 495 καὶ
1475 442 1575 511 τὴν
1606 442 1693 495 ου.

1804 441 1929 495 liam
2000 439 2249 505 Mitzam,
2298 439 2521 495 domum
2572 452 2725 495 suam
2790 438 3090 503 deducens,
3156 453 3371 500 sacram

191 543 355 616 γιτέρα
379 531 579 603 Μιτξὴν,
611 531 694 593 εἰς
719 530 812 584 τὸν
840 525 989 584 οἷκον
1017 532 1184 586 αὐτοῦ
1215 532 1458 602 ἀγαγὼν,
1489 534 1690 605 ἱερολό-

187 649 311 703 γησε,
333 627 408 681 καὶ
433 621 699 686 συνέζευξε
720 622 820 693 τὴν
845 621 983 694 ἐμὴν
1009 623 1287 695 θυγατέρα
1312 626 1524 697 Μιτζὴν
1552 625 1692 698 μετὰ

185 725 349 781 δέοντος
368 716 469 769 υἱοῦ
496 712 739 784 ’Δνθίμου
760 713 879 747 ⁸⁸⁸⁸⁷
901 714 1073 771 ταῦτα
1094 718 1532 787 προτεινόμενος,
1571 718 1691 791 ᾔτει

181 808 439 877 διαλυθῆναι
458 803 513 857 τὸ
535 802 698 867 οὕτως
728 804 1070 874 ἐνομώτατον
1094 807 1445 863 συνοικέσιον.
1473 810 1536 862 Εἰ
1561 809 1691 878 γοῦν

183 903 301 973 παρὰ
337 896 535 967 γνώμην
549 894 595 926 ⁵³
643 895 737 948 τοῦ
786 896 1234 964 διεγκαλέσαντος
1276 900 1378 971 τὴν
1418 900 1694 971 θυγατέρα

176 993 309 1050 αὐτοῦ
346 989 467 1061 πρὸς
502 985 675 1057 γάμον
707 987 947 1057 ἠγάγετό
978 1006 1063 1053 τις
1085 1006 1098 1021 ⁸
1133 993 1228 1049 καὶ
1261 993 1386 1046 οὔτε
1425 994 1690 1064 πρότερον

176 1085 266 1139 οὔθ’
280 1082 474 1150 ὕστερον
490 1077 796 1148 εὑρίσκεται
824 1081 1141 1144 συναινέσας
1160 1081 1238 1153 τῷ
1262 1083 1688 1155 συναλλάγματι,

177 1169 495 1228 ἀλλ’ὰεὶτοῦτο
512 1169 957 1240 ἁπαρεσκόμενος
979 1171 1253 1241 φαίνεται,
1283 1172 1578 1229 διάσπασαι
1594 1174 1693 1247 τὴν

175 1263 326 1319 τούτου
350 1259 652 1325 ὑπεεουσίαν
674 1260 784 1315 άπὸ
804 1262 899 1315 τοῦ
927 1264 1113 1328 κακῶς
1142 1264 1504 1335 συναφθέντος
1528 1267 1689 1338 αὐτῇ.

176 1353 261 1415 Τάς
290 1350 385 1421 γὰρ
412 1349 843 1421 τοιουτοτρόπους
876 1354 1220 1422 συνοικήσεις
1255 1353 1476 1424 μισοῦσι
1512 1355 1611 1425 μὲν
1642 1355 1693 1408 οἱ

173 1445 293 1514 νόμοι
317 1444 400 1495 καὶ
427 1440 854 1511 ἀποτρέπονται,
885 1442 983 1498 καὶ
1010 1443 1133 1497 οὐδὲ
1160 1444 1369 1515 γάμους
1400 1445 1690 1515 ἡγοῦνται,

171 1536 230 1598 ὡς
254 1534 331 1588 καὶ
354 1535 383 1604 ή
410 1533 651 1603 άγχίνοιά
680 1550 774 1587 σου
807 1533 1096 1590 ἐπίσταται
1120 1552 1135 1568 ο
1170 1538 1362 1607 πὸρῤω
1389 1537 1445 1590 δὲ
1473 1537 1565 1591 τοῦ
1598 1553 1694 1591 πο-

171 1624 440 1695 λιτεύματος
470 1623 563 1678 καὶ
595 1624 645 1677 οἱ
682 1626 818 1697 ἱεροὶ
849 1629 1071 1690 κανόνες
1102 1628 1441 1684 ἐλαύνουσιν.
1473 1629 1531 1683 ’0
1563 1630 1694 1699 γοῦν

170 1719 222 1770 τὰ
245 1716 342 1769 θεῖα
370 1714 527 1778 πολὺς
558 1716 826 1786 βασιλέων
841 1717 907 1785 ⁸⁸,
936 1720 1192 1791 πορνείας
1216 1721 1369 1775 οὐδὲν
1394 1720 1693 1792 διενηνοχέ-

1797 532 2167 603 precationem
2215 531 2332 586 ﬁeri
2390 531 2640 593 curavit,
2690 539 2743 586 et
2794 531 2961 586 tiliam
3022 547 3198 588 meam
3255 534 3377 589 ltit-

1797 641 1915 680 zam
1966 640 2091 680 cum
2145 624 2328 680 Leone
2372 624 2482 679 ﬁlio
2531 624 2790 679 Anthimo
2823 631 2866 657 ³³
2914 624 3202 693 conjunxit
3257 624 3375 680 haec

1795 732 2128 789 preponens,
2169 718 2346 790 petiit,
2395 725 2456 772 ut
2505 727 2617 772 tam
2669 717 2934 788 injustum
2981 717 3374 772 dissolveretur

1796 808 2111 877 conjugium
2128 817 2177 861 ιι.
2202 808 2259 863 Si
2285 808 2451 876 igitur
2483 817 2679 879 przeter
2704 808 3093 878 conquerentis
3115 808 3371 863 volunta-

1796 905 1927 963 tem,
1954 897 2121 951 ﬁliani
2154 898 2275 968 ejus
2305 900 2462 954 duxit
2491 899 2763 969 quispiam
2798 914 3023 954 uxorem
3060 915 3076 954 :
3109 908 3165 954 et
3194 913 3374 970 neque

1797 990 1975 1055 initio,
2008 1006 2184 1062 neque
2218 999 2406 1062 postea
2439 992 2745 1048 eoutractui
2779 991 3129 1048 consensisse
3158 993 3373 1063 reperi-

1797 1090 1911 1148 tur,
1943 1084 2038 1137 sed
2084 1098 2206 1137 eum
2240 1096 2456 1153 semper
2491 1083 2829 1151 improbasse
2870 1083 3125 1153 apparuit
3156 1100 3171 1138 :
3208 1083 3373 1154 hujus

1795 1174 1963 1229 ﬁliam
2002 1173 2236 1228 familias
2266 1173 2334 1229 ab
2368 1189 2454 1241 eo,
2496 1175 2588 1245 qui
2633 1175 2772 1230 male
2809 1174 2857 1230 ei
2902 1175 3235 1244 eonjunctus
3264 1185 3371 1237 est,

1797 1273 2072 1335 separato.
2116 1264 2291 1336 Hujus
2327 1266 2471 1320 modi
2499 1268 2643 1322 enim
2675 1266 2927 1337 conjugia
2966 1268 3112 1338 leges
3139 1268 3373 1323 oderunt

1795 1368 1852 1414 et
1882 1365 2229 1421 aversantur,
2255 1372 2433 1427 neque
2466 1372 2564 1428 pro
2594 1358 2799 1430 nuptiis
2836 1358 3035 1412 habent
3078 1374 3091 1410 :
3142 1365 3202 1412 ut
3246 1374 3375 1429 pru-

1795 1449 1979 1504 dentia
2020 1458 2112 1504 tua
2152 1452 2328 1503 novit.
2351 1450 2506 1504 Sacri
2537 1453 2702 1504 etiam
2741 1465 2983 1506 canones
3018 1451 3207 1520 procul
3235 1466 3267 1504 a
3299 1451 3373 1505 ci-

1796 1541 1887 1597 vili
1913 1542 2682 1614 administrationerepellunt
2704 1545 2776 1599 η’.
2817 1542 3052 1614 Ideoque
3083 1544 3139 1597 in
3169 1542 3372 1598 divinis

1795 1635 2073 1691 excellens
2101 1635 2399 1706 imperator
2424 1644 2450 1673 ο
2476 1652 2540 1691 ea
2573 1637 2708 1691 nihil
2737 1652 2767 1692 a
2792 1637 3127 1693 scortatione
3154 1635 3374 1690 dill‘erre

1798 1728 1893 1780 ait.
1940 1725 2076 1781 Nam
2113 1728 2313 1797 nuptiae
2349 1743 2458 1783 non
2493 1728 2629 1783 ﬁunt
2671 1729 2894 1799 (inquit)
2942 1729 3093 1783 nisi?
3134 1742 3375 1782 consen-

170 1826 238 1862 ναι
273 1808 454 1870 ταύτας
502 1808 690 1879 φησίν.
737 1810 795 1863 Ὀ
849 1811 947 1880 μὲν
995 1814 1103 1882 γὰρ
1148 1812 1325 1883 γάμος
1374 1814 1433 1865 οὐ
1482 1815 1693 1883 γίνεται

1801 1819 1959 1885 tiant,
1989 1820 2080 1888 qui
2109 1820 2536 1891 ceiijunguntur,
2566 1821 2711 1891 iique
2744 1836 2978 1890 quorum
3013 1820 3066 1874 in
3106 1828 3376 1890 potestate

172 1900 339 1969 (φησὶν)
362 1898 421 1932 ’⁵⁸⁸
451 1901 498 1953 εἰ
524 1901 603 1972 μὴ
631 1902 971 1956 συναινοῦσιν
993 1904 1041 1956 οἱ
1067 1904 1489 1974 συναπτόμενοι,
1508 1905 1604 1958 καὶ
1644 1905 1693 1958 οἱ

169 1995 339 2063 ἔχοντες
362 1992 547 2056 αὐτοὺς
575 1993 954 2062 ύπεξουσίους,
977 1995 1072 2049 καὶ
1100 1996 1367 2066 πολλαχοῦ
1393 1996 1553 2067 δῆλός
1580 1998 1694 2051 ἐστι

168 2089 264 2150 τοὺς
299 2087 433 2158 παρὰ
472 2087 702 2159 γνώμην
735 2090 844 2144 τῶν
881 2092 1113 2165 ἑχόντων
1151 2091 1303 2156 τινὰς
1346 2092 1695 2159 ύπεξουσίους

167 2179 442 2249 γενομένους
478 2180 695 2251 γάμους
727 2182 849 2236 ἀντὶ
887 2183 1113 2254 μηδενὸς
1143 2182 1513 2254 λογιζόμενος.
1547 2184 1606 2238 Ὀ
1637 2185 1694 2237 δὲ

169 2269 305 2337 μέγας
328 2269 600 2332 Βασίλειος
631 2271 759 2324 ποτὲ
791 2272 912 2340 μὲν,
938 2272 1004 2324 Al
1033 2273 1192 2342 κόραι
1220 2273 1429 2345 (φησὶν)
1459 2276 1512 2328 αί
1542 2273 1695 2344 παρὰ

164 2358 346 2429 γνώμην
389 2361 493 2413 τῶν
542 2361 803 2432 πατέρων
854 2366 1269 2433 γεγαμηκυῖαι,
1322 2363 1647 2435 πορνεύουσι
1675 2380 1691 2396 ·

164 2449 501 2518 διαλλαγέντων
530 2452 595 2505 δὲ
631 2453 739 2507 τῶν
773 2454 1006 2523 γονέων,
1043 2454 1191 2509 δοκεῖ
1230 2454 1527 2526 θεραπείαν
1560 2456 1696 2522 λαμ-

164 2542 310 2595 ὖάνειν
339 2543 394 2596 τὺ
426 2545 655 2613 γεγονός
677 2562 693 2578 ο
725 2548 824 2600 οὐκ
868 2546 1028 2610 εὐθὺς
1064 2548 1121 2602 δὲ
1159 2549 1240 2611 είς
1274 2548 1372 2619 τὴν
1411 2548 1696 2603 κοινωνίαν

164 2634 603 2702 ἀποκαθίστανται,
629 2638 744 2693 ἀλλ’
763 2641 1254 2710 ἑπιτιμηθήσονται
1276 2640 1404 2712 τρία
1426 2640 1543 2713 ἐτη·
1565 2639 1694 2692 ποτὲ

160 2728 218 2793 δὲ,
236 2730 303 2783 ὅτι
323 2732 367 2783 οἱ
391 2731 515 2784 ἄνευ
544 2730 656 2786 τῶν
682 2732 1026 2804 κρατούντων
1049 2735 1239 2805 γάμοι,
1262 2736 1507 2806 πορνεῖαί
1532 2737 1692 2803 εἰσιν,

161 2819 218 2882 ὡς
247 2822 327 2874 ἐὰν
364 2825 725 2878 ὲπινεύσωσιν
759 2826 808 2879 οἱ
849 2825 1028 2897 κύριοι
1059 2827 1156 2899 τὴν
1195 2829 1536 2900 συνοίκησιν,
1571 2831 1695 2883 τότε

157 2912 380 2984 λαμϐάνει
406 2918 435 2970 6
463 2919 649 2989 γάμος
675 2918 735 2973 τδ
766 2919 1003 2990 βέϐαιον.
1044 2921 1251 2976 Ἐκεῖνο
1279 2922 1336 2976 δὲ
1369 2922 1533 2976 καλὸν
1563 2925 1697 2981 ὑπο-

161 3008 323 3078 μνῆσαί
347 3025 434 3062 σου
457 3009 560 3081 τὴν
584 3009 894 3084 λογιότητα,
917 3013 998 3066 ὅτι
1021 3012 1186 3082 νόμος
1212 3013 1361 3066 ἐστὶν
1382 3015 1409 3067 6
1435 3014 1695 3081 κελεύων,

156 3100 228 3155 ἐὰν
248 3101 327 3155 ἐπὶ
349 3103 596 3173 τριετίαν
622 3106 649 3157 6
679 3105 861 3175 πατὴρ
884 3105 1147 3176 ἠγνόηται
1174 3105 1277 3159 ποῦ
1303 3106 1501 3176 διάγει,
1524 3107 1620 3163 καὶ
1642 3109 1690 3162 εί

156 3193 377 3262 περίεστι,
402 3195 672 3250 δύνασθαι
696 3198 819 3261 τοὺς
845 3198 1111 3271 ἑκατέρας
1136 3202 1349 3269 φύσεως
1378 3200 1539 3254 αὐτοῦ
1570 3203 1694 3255 παῖ-

152 3283 225 3347 δας
242 3288 470 3356 νομίμως
496 3293 725 3361 γαμεῖν.
751 3290 813 3343 Et
839 3290 896 3345 δὲ
921 3291 1025 3363 πρὸ
1048 3295 1146 3364 τῆς
1170 3292 1413 3365 τριετίας
1434 3295 1481 3347 οἱ
1508 3293 1692 3359 παῖδες

152 3376 224 3429 τοῦ
248 3381 585 3449 αἰχμαλώτου
616 3381 648 3453 ἢ
672 3382 764 3435 τοῦ
795 3384 1026 3448 ἀπόντος
1052 3387 1384 3457 γαμήσουσι,
1412 3387 1507 3440 καὶ
1532 3387 1693 3457 δῆλόν

149 3467 241 3521 Im
273 3471 341 3539 μὴ
372 3471 719 3542 ἀπαρέσκειν
752 3471 831 3542 τῷ
865 3473 1031 3545 πατρὶ
1064 3475 1122 3526 τὸ
1159 3474 1447 3545 πρόσωπον
1468 3515 1483 3540 ,
1519 3474 1695 3549 ἐρρῶ-

151 3559 249 3612 σθαι
272 3562 352 3615 τὸν
372 3564 575 3634 γάμον.
637 3565 747 3618 Καὶ
780 3565 989 3637 μήποτε
1021 3566 1115 3620 καὶ
1140 3567 1198 3619 r6
1225 3567 1318 3620 τοῦ
1352 3560 1558 3638 Πέτρου
1585 3585 1695 3620 τοι⁴

145 3653 272 3705 οἰτόν
297 3657 440 3709 ἐστι·
471 3657 574 3711 καὶ
608 3657 765 3711 ἀπὼν
792 3659 1036 3734 ἠγνοεῖτο
1067 3661 1195 3722 ἴσως
1224 3659 1327 3712 πού
1358 3660 1567 3728 διάγει,
1600 3661 1696 3713 καί

146 3742 183 3792 εἱ
206 3745 480 3815 περίεστιν.
506 3749 579 3801 Ei
606 3748 717 3819 γὰρ
745 3747 886 3801 οὕτω
914 3749 1172 3813 πολλάκις
1202 3749 1314 3825 ἔχει
1339 3751 1405 3805 τὰ
1428 3751 1521 3804 τοῦ
1554 3752 1694 3822 πρά-

144 3852 349 3905 γματος,
381 3841 527 3895 κατὰ
555 3840 659 3911 τὴν
688 3830 917 3911 δύναμιν
945 3841 1040 3895 τοῦ
1071 3842 1237 3911 νόμου
1270 3844 1352 3897 δεῖ
1382 3844 1695 3913 περαιωοῆ-

144 3932 318 4001 ναιτὴν
340 3928 595 4004 ζήτησιν.
622 3935 697 3987 Οὐ
722 3934 975 3993 λανθάνει
1000 3935 1057 3989 δέ
1087 3954 1179 3989 σου
1201 3938 1300 4010 τὴν
1327 3937 1696 4005 πολυμάθειαν

140 4021 237 4074 οὐδὲ
254 4023 421 4078 ἐκεῖνο
450 4027 513 4080 τὸ
542 4025 812 4097 νόμιμον,
843 4026 904 4081 τδ
932 4027 1116 4096 λέγον,
1146 4029 1332 4083 Εῖτινι
1363 4028 1470 4080 τῶν
1496 4028 1698 4095 γονέων

141 4107 417 4185 βουλομένῳ
453 4119 523 4189 τῇ
574 4116 683 4187 ἰδίᾳ
719 4115 950 4189 θυγατρὶ
986 4117 1019 4188 ἦ
1060 4119 1258 4192 ἐκγόνῃ
1293 4117 1460 4189 ἄνδρα
1494 4116 1699 4183 δοῦναι,

139 4204 214 4256 καὶ
249 4210 441 4276 προῖκα
487 4209 639 4263 κατὰ
672 4207 771 4281 τὴν
806 4209 1035 4280 δύναμιν
1071 4211 1169 4280 τῆς
1213 4209 1346 4272 ἰδίας
1384 4207 1699 4280 περιουσίας

1798 1916 1944 1962 ευηι.
1984 1907 2050 1962 Et
2086 1909 2272 1964 multis
2311 1909 2365 1962 in
2406 1910 2543 1966 locis
2584 1912 2804 1985 nuptias
2834 1917 3146 1966 contractas
3176 1917 3377 1981 praeter

1797 2014 1983 2053 eorum
2022 2001 2373 2063 sententiam,
2399 2000 2493 2071 qui
2525 2002 2575 2055 in
2610 2010 2877 2072 potestate
2917 2002 3123 2056 habent
3169 2016 3377 2055 coeun-

1799 2098 1835 2144 ιε
1856 2106 1904 2157 ε,
1951 2102 2137 2162 aperte
2183 2108 2283 2162 pro
2332 2094 2500 2148 nullis
2530 2094 2713 2150 habet.
2749 2094 2976 2166 Magnus
3010 2103 3190 2149 autem
3222 2094 3377 2148 Basi-

1798 2184 1907 2241 lius
1945 2186 2146 2240 alicubi
2181 2203 2195 2240 :
2238 2185 2434 2242 Puellae
2483 2189 2705 2259 (inquit)
2744 2205 2864 2255 qum
2912 2200 3108 2258 praeter
3155 2196 3372 2257 patrum

1798 2276 2132 2331 voluntatem
2187 2286 2526 2347 nupserunt,
2586 2289 2924 2335 scortantur.
2983 2278 3377 2334 Reconciliatis

1800 2377 1980 2422 autem
2024 2369 2342 2437 parentibus
2387 2369 2652 2425 medelam
2694 2370 2913 2426 videtur
2948 2371 3195 2441 accipere
3228 2372 3375 2441 quod

1800 2458 2002 2515 factum
2032 2470 2138 2516 est.
2178 2460 2294 2519 Non
2326 2463 2587 2518 continuo
2619 2475 2799 2518 tamen
2832 2463 2901 2517 ad
2933 2464 3371 2519 communionem

1798 2553 2187 2619 restituuntur,
2221 2554 2317 2609 sed
2358 2555 2532 2610 tribus
2582 2556 2741 2610 annis
2782 2572 3031 2612 censura:
3079 2555 3377 2625 subjicien.

1800 2652 1908 2699 tur.
1937 2644 2077 2699 Alibi
2119 2654 2325 2713 autem,
2372 2647 2593 2717 nuptias
2629 2648 2748 2703 sine
2789 2648 2878 2710 iis,
2919 2648 3012 2718 qui
3054 2656 3374 2717 potestatem
3466 2662 3473 2667 ·

1798 2735 2005 2791 habent
2045 2741 2409 2794 scortationes
2444 2754 2568 2795 esse
2601 2757 2614 2794 :
2650 2741 2793 2811 quod
2828 2740 2872 2795 si
2900 2740 3105 2795 domini
3137 2739 3376 2809 conjun-

1801 2826 1968 2881 ctioni
1988 2836 2247 2894 anizuant,
2264 2835 2392 2883 tunc
2407 2837 2489 2878 (ιί
2507 2829 2708 2898 nuptia:
2726 2828 2894 2885 robur
2918 2828 3215 2897 accipiunt.
3240 2825 3375 2881 Illud

1801 2920 2028 2993 pulchre
2061 2922 2367 2976 monebitur
2392 2930 2482 2976 tua
2514 2921 2768 2976 facundia
2793 2924 2838 2986 ',
2868 2920 3038 2993 legem
3072 2934 3217 2982 esse,
3252 2934 3376 2989 quae

1799 3010 1974 3081 jubet,
2006 3012 2052 3067 si
2091 3029 2189 3084 per
2225 3012 2518 3069 triennium
2550 3021 2704 3082 pater
2736 3013 3019 3082 ignoretur
3052 3011 3145 3067 ubi
3188 3011 3371 3079 degat,

1803 3113 1856 3158 et
1894 3120 1961 3159 an
2005 3106 2262 3176 supersit,
2297 3120 2458 3176 posse
2500 3106 2785 3174 utriusque
2820 3119 2987 3159 sexus
3017 3103 3217 3159 liberos
3250 3103 3373 3171 ejus

1802 3196 2100 3267 legitimum
2136 3198 2545 3255 matrimoiiium
2588 3198 2934 3253 contrahere.
2977 3196 3131 3265 Quod
3167 3197 3211 3251 si
3246 3212 3376 3259 ante

1798 3290 2093 3345 triennium
2133 3289 2286 3343 liberi
2319 3289 2519 3359 captivi
2564 3299 2658 3343 aut
2694 3290 2937 3344 absentis
2977 3289 3197 3359 nuptias
3234 3304 3376 3345 con-

1798 3383 2083 3445 traxerint,
2110 3390 2163 3437 et
2191 3390 2403 3436 constet
2431 3397 2715 3452 personam
2750 3396 2857 3437 nou
2885 3382 3177 3452 displicere
3208 3383 3372 3453 patri,

1800 3484 1947 3529 ratas
1987 3488 2109 3527 esse
2158 3471 2399 3543 nuptias,
2440 3470 2585 3525 Petri
2629 3486 2796 3527 causa
2827 3473 2845 3509 ι
2902 3488 3247 3547 nequaquam
3292 3483 3376 3534 est

1798 3564 1964 3635 hujus
1996 3564 2141 3618 modi
2180 3583 2192 3617 :
2231 3572 2284 3618 et
2322 3563 2368 3618 si
2409 3562 2545 3618 forte
2577 3564 2932 3634 ignorabatur
2963 3567 3053 3619 uhi
3086 3576 3289 3636 ageret,
3321 3577 3377 3623 et

1801 3672 1870 3711 an
1898 3664 2234 3727 superesset.
2266 3653 2322 3709 Si
2355 3655 2498 3710 enim
2527 3669 2669 3725 saepe
2702 3657 2782 3710 sic
2806 3671 2863 3710 se
2894 3671 2979 3713 res
3013 3656 3194 3721 habet,
3221 3658 3377 3726 juxta

1802 3747 1909 3801 vim
1934 3748 2070 3818 legis
2094 3748 2323 3817 quzestio
2353 3746 2693 3801 terminanda
2723 3756 2826 3802 est.
2854 3745 3022 3805 Tuam
3057 3759 3236 3803 autem
3269 3764 3379 3804 non

1801 3838 1931 3892 latet
1959 3838 2317 3892 eruditionem
2348 3837 2440 3907 jus
2477 3836 2610 3893 illud
2644 3836 2788 3907 quod
2826 3837 2905 3891 ait
2935 3858 2947 3893 :
2984 3836 3142 3891 Sicut
3178 3853 3379 3908 paren-

1802 3939 1916 3983 tum
1947 3928 2150 3983 volenti
2190 3929 2364 3983 virum
2407 3928 2538 3983 dare
2583 3944 2695 3985 sua:
2728 3928 2850 3985 ﬁlia:
2881 3929 2963 3984 vel
2999 3932 3167 3999 nepti,
3194 3940 3245 3984 et
3273 3931 3375 3982 do-

1802 4026 1910 4073 tem
1963 4018 2265 4075 secundum
2325 4018 2614 4073 facultates
2664 4020 2869 4091 proprii
2928 4020 3240 4091 patrimonii
3282 4037 3380 4089 pro

1801 4127 1862 4168 ea
1896 4122 2176 4183 praestare,
2203 4111 2292 4167 illa
2319 4125 2426 4166 non
2457 4113 2820 4174 consenserit,
2851 4112 2946 4166 sed
2978 4121 3189 4180 turpem
3219 4128 3380 4182 agere

1802 4204 1912 4258 vita
1946 4203 2232 4269 maluerit;
2267 4203 2427 4258 licere
2462 4204 2600 4273 patri
2635 4204 2974 4258 exlneredem
3004 4219 3122 4258 eam
3159 4204 3375 4263 facere:

136 4290 254 4362 ύπὲρ
278 4297 445 4368 αὐτῆς
480 4300 812 4370 παρασχεῖν,
846 4297 1027 4369 ἐκείνη
1061 4299 1137 4370 μὴ
1164 4298 1452 4369 συναινέσῃ
1482 4297 1596 4351 ἀλλ’
1618 4300 1693 4351 αἰε

1804 4295 1948 4368 quod
1995 4296 2041 4351 si
2088 4296 2196 4350 tilia
2232 4295 2300 4353 ad
2330 4295 2653 4365 vigesimum
2683 4298 2935 4367 quintum
2971 4297 3149 4351 astatis
3176 4312 3378 4350 annum

137 4384 275 4453 σχρὸν
296 4386 410 4457 βίον
436 4388 758 4453 ἐπιλέξεται
777 4405 792 4422 ⁸
818 4389 1017 4456 ἐξεῖναι
1041 4390 1119 4460 τῷ
1146 4392 1312 4461 πατρὶ
1337 4390 1693 4461 ὰποκληρονό-

1806 4386 2145 4457 pervenerit,
2178 4396 2232 4440 et
2262 4396 2516 4456 parentes
2544 4402 2663 4441 eam
2692 4387 2811 4441 viro
2838 4387 3172 4457 conjungere
3208 4389 3383 4444 distu-

134 4490 217 4543 μον
247 4478 414 4544 αὐτὴν
459 4483 680 4534 ποιεῖνε
705 4483 753 4534 εἰ
792 4480 849 4533 δὲ
891 4481 1051 4551 μέχρι
1088 4481 1187 4549 τῆς
1222 4480 1329 4535 τῶν
1365 4480 1693 4534 εἰκοσιπέντε

1810 4478 1993 4544 let-int,
2037 4476 2288 4548 l‘orteque
2324 4477 2449 4533 inde
2485 4479 2766 4545 acciderit,
2798 4488 2859 4533 ut
2895 4480 2949 4533 in
2992 4495 3150 4535 suum
3180 4495 3381 4550 corpus

133 4562 370 4622 ἐνιαυτῶν
407 4571 635 4642 ἡλικίας
672 4573 708 4643 ή
770 4571 1017 4643 θυγάτηρ
1054 4571 1310 4642 γένηται,
1381 4572 1474 4625 καὶ
1525 4574 1693 4640 γονεῖς

1808 4579 2021 4642 peccet,
2057 4568 2322 4640 ﬂagitium
2356 4571 2462 4625 hoc
2500 4571 2548 4625 ei
2597 4585 2707 4626 non
2750 4571 3096 4640 imputari“:
3134 4571 3386 4643 quando-

131 4656 455 4730 ὕπέρθωνται
484 4663 699 4733 ταύτην
726 4663 881 4734 ἀνδρὶ
912 4663 1179 4735 συνάψαι,
1209 4663 1305 4717 καὶ⁵
1335 4663 1463 4726 ῐσως
1493 4664 1557 4717 ὲκ
1579 4663 1693 4716 τού‹

1809 4662 2028 4734 quidem
2059 4678 2166 4718 non
2199 4678 2317 4727 sua,
2353 4663 2443 4718 sed
2478 4673 2764 4733 parentum
2796 4663 2954 4737 culpa
2989 4664 3094 4721 hoc
3124 4672 3385 4720 noscatur

129 4766 207 4804 του
236 4756 485 4825 συμϐαίη
516 4759 601 4820 εἰς
626 4756 687 4810 τὺ
715 4757 917 4829 ἑαυτῆς
948 4756 1107 4827 σῶμα
1131 4756 1337 4828 ταύτην
1362 4755 1693 4827 άμαρτῆσαι,

1809 4754 2175 4827 commisisse.
2242 4752 2550 4809 Videndum
2616 4754 2783 4825 igitur
2835 4770 2966 4816 num
3036 4756 3178 4813 forte
3238 4753 3385 4809 Petri

124 4844 264 4897 τοῦτο
293 4850 375 4911 εἰς
414 4848 734 4919 ἀχρηστίαν
750 4848 837 4881 θ’θ’
856 4848 994 4919 αὐτῇ
1031 4847 1106 4919 μὴ
1138 4846 1480 4914 λογίζεσθαι·
1517 4846 1693 4916 ἐπειδῆ

1813 4846 1923 4901 Illia
1965 4845 2284 4900 vicesimum
2330 4845 2582 4915 quintum
2622 4861 2826 4901 annum
2870 4848 3192 4909 excesserit.
3227 4846 3386 4911 Tunc

126 4937 177 4990 οὐ
202 4943 264 5013 τῇ
294 4943 531 5013 ἑαυτῆς,
561 4941 700 4995 ἀλλὰ
725 4945 792 5013 τῇ
821 4940 930 4996 τῶν
956 4941 1158 5010 γονέων
1184 4941 1333 5011 αἰτίᾳ.
1357 4940 1515 4994 τοῦτο
1544 4940 1693 5009 γινὼ·

1812 4939 1957 4992 enim
1991 4938 2034 4992 si
2067 4937 2199 5007 quid
2230 4945 2429 5009 praeter
2462 4938 2632 5009 patris
2662 4938 2997 4996 voluntatem
3032 4940 3242 5003 fecerit,
3274 4956 3385 5003 non

125 5047 296 5086 σκεται
328 5032 810 5106 πλημμελήσασα.
842 5034 935 5086 Δεῖ
959 5032 1139 5086 τοίνυν
1174 5035 1395 5086 σκοπεῖν
1430 5031 1507 5101 μὴ
1542 5030 1635 5085 καὶ
1668 5031 1693 5101 ἡ

1811 5027 2179 5082 damnabitur.
2217 5027 2273 5081 Si
2308 5042 2437 5081 vero
2473 5026 2606 5086 nihil
2642 5028 2747 5085 tale
2786 5029 3033 5099 contigit,
3073 5029 3167 5085 sed
3195 5039 3386 5093 contra

1390 5144 1629 5201 VARle
1668 5144 2090 5210 LECTIONES,

177 5239 289 5274 te."
332 5242 606 5311 Ἀνθίμου
642 5242 735 5295 τοῦ
771 5238 1280 5311 πρωτοσπαθαρίου.
1309 5310 1329 5311 η
1357 5238 1402 5272 ⁸⁸
1435 5238 1696 5311 διὰντοῦτο
1728 5238 1924 5311 γράφω
1963 5242 2028 5311 τῇ
2061 5236 2315 5311 εὐλαβείᾳ
2347 5254 2462 5300 σου,
2488 5237 2716 5308 ζητῆσαι
2748 5239 2815 5291 τά
2848 5239 2945 5309 τῆς
2990 5238 3306 5311 ὑποθέσεως
3336 5243 3392 5293 ἐν

120 5313 374 5380 πιμελῶς,
407 5307 516 5367 καῖ
536 5329 586 5368 ει
614 5312 765 5384 παρὰ
788 5307 1030 5384 γνώμην.
1107 5307 1157 5343 ⁶⁶
1186 5310 1483 5375 Βασίλειος,
1529 5310 1573 5342 ⁸⁸
1597 5315 1612 5330 '
1644 5310 1672 5362 6
1704 5307 1804 5378 μὲν
1833 5309 1941 5378 γὰρ
1969 5310 2130 5379 νόμος
2160 5308 2220 5361 οὐ
2242 5307 2450 5375 γίνεται
2482 5307 2660 5379 (φησὶ)
2691 5307 2913 5379 γάμος(
2959 5310 3005 5341 δ’
3024 5310 3061 5328 ⁰’
3096 5312 3173 5371 είς
3195 5312 3390 5382 ἀχαρι-

115 5385 306 5441 στείαν.

176 5515 214 5543 ω
241 5505 359 5572 ﬁlio
387 5505 641 5561 Ant/rimi
671 5504 1087 5574 protospatharii
1127 5503 1420 5572 conjunxit.
1466 5502 1593 5558 "(ec
1623 5516 1935 5571 proponens.
2013 5509 2040 5537 η
2067 5500 2389 5569 conjugium.
2420 5498 2705 5574 Propterea
2730 5499 2918 5574 pietati
2965 5506 3071 5553 tua:
3099 5497 3294 5574 scribo,
3328 5507 3387 5574 ut

112 5569 369 5643 negotium
394 5569 1170 5646 hocdiligenter-perquiras,
1219 5569 1284 5627 uc
1308 5575 1579 5643 siquidem
1621 5569 1812 5646 prreter
1834 5574 2191 5646 conquerenda
2266 5574 2316 5646 αξ
2345 5587 2372 5623 e
2420 5571 2687 5646 republica
2716 5572 3002 5646 expellunt.
3080 5577 3105 5605 °
3131 5569 3393 5646 Basiluis,

113 5634 327 5716 ea'friihil
449 5658 482 5697 Ρ
506 5634 764 5699 Ναηιίω
790 5634 1022 5716 quidem,
1053 5634 1265 5711 Nuptia'
1298 5634 1396 5697 non
1428 5646 1584 5714 ﬁunt,
1621 5634 1820 5713 inquit,
1858 5634 1980 5716 nisi.
2058 5651 2136 5689 ‘l'l’
2172 5642 2381 5708 nuptias
2430 5634 2588 5693 robur
2631 5634 2884 5708 accipere.
2925 5712 2934 5716 _
2966 5645 2988 5676 '
3017 5649 3108 5693 tua
3138 5635 3387 5716 eruditio.

120 5715 234 5768 ‘An
272 5716 429 5771 Petri
463 5733 631 5770 causa
653 5717 778 5770 talis
796 5710 952 5782 iit,et
980 5710 1437 5780 aniqnorabatur,
1460 5716 1546 5768 ubi
1573 5710 1776 5784 degeret
1818 5713 2023 5774 absens,
2064 5724 2109 5764 et
2156 5729 2278 5765 num
2313 5722 2575 5778 superstes
2595 5721 2745 5767 esset.
2859 5723 2887 5750 ιι
2915 5712 3009 5763 hoc
3035 5727 3129 5781 pro
3168 5710 3394 5781 ingrati-

113 5790 281 5842 tudme
311 5788 515 5844 haberi
546 5804 647 5841 non
673 5803 843 5855 posse.

404 5886 687 5944 I’A'mOL.
718 5883 835 5943 GR.
865 5882 1066 5959 CXIX.
2841 5873 2916 5936 24
