3950 6590
268 372 367 434 749

1531 370 2233 437 ϐΙὶᾸΞΟΟ-ΒΟΜΑΝΙΙΜ.

3400 359 3504 423 750

269 483 436 554 ροῦσα-
473 480 565 536 τέιν
599 480 800 554 γάμον.
858 483 914 539 Ὀ
959 483 1057 556 μὲν
1108 484 1217 557 γὰρ
1264 484 1423 551 ἕκτος
1480 485 1687 557 βαθμδς
1742 486 1838 540 καὶ

1947 484 2146 554 gradus
2186 493 2239 537 et
2273 480 2417 537 inter
2447 493 2565 547 eos,
2597 478 2689 550 qui
2722 485 2848 534 sunt
2883 492 2946 533 ex
2982 487 3320 542 transverso,
3346 485 3401 531 ιι
3430 481 3513 530 in-

264 575 355 629 ὲπὶ
386 573 495 628 τῶν
529 574 594 626 ὲκ
618 574 852 643 πλαγίου
879 576 974 629 καὶ
998 577 1219 630 ἐπὶτῶν
1249 576 1309 644 ἐξ
1339 577 1654 648 ἀγχιστείας
1681 578 1833 648 πάμ-

265 684 371 721 παν
416 665 676 737 ἀπείργει
729 666 823 718 τὸν
852 667 1052 739 γάμον,
1104 669 1199 723 καὶ
1233 669 1325 723 τὸν
1382 670 1655 723 συστάντα
1706 668 1835 734 ἴσως

262 755 472 809 διαλύει
497 767 513 783 ⁸
561 757 589 809 6
618 755 664 809 δ’
699 752 766 810 αὖ
817 757 1001 824 ὄγδοος
1033 760 1142 812 τῶν
1193 759 1417 830 βαθμῶν
1438 800 1453 825 ,
1487 778 1837 833 συγκεχωρη-

266 848 435 919 μένην
462 847 575 920 ἔχει
606 848 704 919 τὴν
728 849 1058 917 συνέλευσιν,
1083 852 1194 905 εἴτε
1221 854 1328 907 τῶν
1350 854 1413 906 ἐκ
1446 853 1696 921 πλαγίου,
1726 855 1838 909 εἴτε

261 940 370 993 τῶν
403 939 464 1004 ἐξ
495 941 812 1009 ἀγχιστείας
864 943 1003 996 εἰσὶν
1032 945 1080 997 οἱ
1122 944 1446 1014 γαμοῦντες.
1488 947 1623 1016 Περὶ
1655 945 1839 1016 μέντοι

260 1035 352 1088 τὸν
381 1035 615 1104 ἕϐδομον
644 1033 852 1106 βαθμὸν
886 1036 946 1089 τὸ
966 1038 1072 1089 πᾶν
1103 1035 1447 1106 περιΐσταται
1474 1035 1716 1107 ζήτημα,
1738 1037 1839 1090 οὐκ

262 1124 439 1189 ἄλλως
472 1126 503 1196 ἢ
525 1129 591 1197 τῇ
616 1127 965 1198 νομικωτάτῃ
987 1127 1094 1179 τῶν
1116 1128 1437 1197 ἐπιστημῶν
1461 1127 1836 1197 διαλυόμενον,

263 1220 358 1272 καὶ
390 1218 737 1289 ἀνεπιφθόνῳ
769 1219 925 1290 φρενὶ
971 1218 1367 1290 διαιρούμενον.
1405 1218 1546 1274 Ὅσα
1592 1219 1690 1290 μὲν
1731 1220 1839 1291 γὰρ

262 1311 736 1365 τῶνσυνοικεσίων
760 1312 820 1376 ἐξ
849 1313 1201 1381 οἰκειότητος,
1228 1312 1396 1381 ἧγουν
1415 1313 1473 1379 ἐξ
1500 1312 1837 1382 ἀγχιστείας,

262 1401 519 1472 ἀλλήλοις
563 1403 929 1474 συνημμένων
983 1403 1090 1456 τῶν
1141 1405 1470 1473 προσώπων,
1510 1404 1587 1474 τῷ
1629 1404 1841 1474 ἑϐδόμῳ

262 1495 692 1565 περικλειόμενα
734 1495 951 1567 βαθμῷ,
986 1496 1082 1567 τὴν
1147 1497 1406 1551 σύστασιν
1459 1496 1633 1568 λάϐῃ,
1668 1496 1841 1550 ταῦτα

259 1588 355 1639 καὶ
390 1587 654 1641 ἀδιάλυτα
685 1588 878 1657 μένει,
911 1588 986 1651 ὡς
1039 1587 1097 1655 ἐξ
1144 1589 1454 1659 άμέμπτων
1502 1587 1840 1656 συναφθέντα

258 1676 368 1729 τῶν
398 1677 614 1745 γάμων.
652 1678 757 1731 Δύο
800 1679 909 1748 γὰρ
942 1678 1218 1748 ἐξάδελφοι
1264 1680 1473 1751 πρῶτοι
1523 1680 1658 1750 πρὸς
1690 1679 1840 1732 θείαν

263 1769 508 1837 μεγάλην
539 1768 633 1822 καὶ
654 1770 906 1839 ἀνεψιὰν,
944 1771 1142 1841 ἐτέρας
1168 1773 1358 1842 σειρᾶς
1388 1773 1481 1826 καὶ
1510 1772 1698 1839 γένους
1727 1771 1837 1841 Cup-

263 1875 339 1928 μη
349 1859 519 1928 μένας
544 1900 559 1925 ,

259 1951 444 2003 αὐτῶν
487 1952 588 2004 οὐκ
642 1951 965 2023 ἐπιθήσουσι
1016 1954 1254 2023 γραφάς.
1304 1954 1365 2007 Oi
1413 1954 1514 2025 μὲν
1549 1955 1658 2025 γάρ
1704 1954 1839 2025 πρξς

257 2041 526 2114 ἀλλήλους
580 2042 837 2115 τέταρτον
884 2046 1143 2116 ἐπέχουσι
1210 2046 1458 2118 βαθμὸν,
1508 2048 1557 2100 οι
1630 2047 1840 2118 πρῶτοι

257 2133 544 2203 ιξάδελφοι
571 2153 583 2165 ·
625 2138 659 2208 ἠ
697 2137 754 2190 δὲ
811 2137 931 2191 θεία
976 2138 1077 2208 τῆς
1122 2138 1351 2209 ἀνεψιᾶς
1394 2141 1540 2209 τρισὶ
1587 2138 1840 2210 διῄρηται

258 2224 516 2297 βαθμοῖς.
548 2229 657 2281 Καὶ
688 2227 860 2292 οὕτως
892 2230 920 2282 6
944 2230 1172 2301 ἕϐδομος
1215 2232 1305 2283 ἐπὶ
1336 2230 1545 2293 τούτοις
1587 2229 1833 2299 συναγό-

264 2336 430 2388 μενος
490 2319 698 2390 βαθμὸς
751 2323 849 2393 τὴν
909 2321 1118 2393 μέμψιν
1140 2323 1221 2386 είς
1272 2323 1426 2386 τέλος
1478 2323 1838 2391 ἐκπέφευγεν,

261 2410 478 2480 ἰσχναῖς
502 2412 768 2477 ἐπινοίαις
797 2416 890 2467 καὶ
921 2414 1140 2477 λεπτοῖς
1175 2413 1567 2485 διαλογισμοῖς,
1607 2415 1695 2469 διὰ
1745 2415 1842 2486 τὴν

254 2502 487 2575 ἐντολήν
519 2520 533 2533 ο
560 2505 618 2557 ἐν
668 2505 767 2575 μὲν
801 2508 912 2570 τοῖς
948 2506 1054 2577 πρὸ
1097 2506 1193 2559 τοῦ
1225 2506 1453 2576 ἑϐδόμου
1492 2507 1700 2578 ἑτέροις
1742 2506 1841 2576 βα·

255 2593 444 2663 θμοῖς,
476 2595 719 2660 ἐνοῦντος
750 2596 844 2650 τοῦ
894 2596 1171 2667 σώφρονος
1217 2599 1317 2668 τὴν
1360 2598 1467 2652 τῶν
1492 2599 1839 2670 διῃρημένων

265 2686 453 2756 γενῶν
489 2686 807 2755 συνάφειαν,
833 2688 925 2741 τὸν
975 2688 1035 2745 δέ
1084 2705 1146 2758 γε
1185 2689 1277 2743 ἐπὶ
1313 2690 1390 2761 τῷ
1420 2689 1634 2761 ὲὸδόμῳ
1666 2690 1845 2761 γάμον

253 2777 365 2831 οὐκ
400 2779 695 2848 εἴργοντος.
727 2781 846 2834 Τῶν
881 2782 938 2838 δὲ
988 2784 1053 2835 ὲκ
1104 2782 1332 2852 πλαγίου
1388 2783 1668 2853 συγγενῶν
1708 2785 1735 2838 6
1765 2783 1844 2853 τῷ

253 2871 479 2942 ἑῧδόμῳ
514 2873 1065 2944 καταλαμόανόμενος
1102 2875 1279 2929 διόλου
1311 2877 1605 2948 ἀπείρηται
1630 2877 1832 2948 γάμος,

256 2963 362 3015 καὶ
410 2963 780 3032 ἀποτρόπαιος
821 2959 960 3019 εἶναι
1000 2966 1302 3035 νομίζεται.
1341 2962 1478 3023 οὐδὲ
1524 2968 1631 3039 γὰρ
1670 2972 1696 3022 6
1732 2969 1846 3023 δισ-

253 3053 558 3124 εξάδελφος
600 3057 665 3125 τῇ
710 3058 805 3109 τοῦ
841 3055 1225 3128 δισεξαδέλφου
1281 3057 1515 3131 θυγατρὶ
1558 3076 1839 3130 συναρμο-

258 3147 535 3217 σθὴσεται
587 3147 830 3215 πώποτε,
876 3151 909 3221 ἢ
956 3151 1115 3222 ἡτοῦ
1155 3151 1537 3221 δισεξαδέλφου
1596 3151 1846 3223 θυγάτηρ

252 3239 360 3293 ἐπὶ
401 3239 494 3293 τὸν
528 3239 622 3293 τοῦ
665 3242 872 3313 πατρὸς
918 3243 1089 3313 αὐτῆς
1129 3244 1507 3299 ἀναποδίσασα
1547 3244 1843 3310 δισεξάδελ-

255 3349 390 3399 (ρον,
439 3330 629 3386 τοῦτον
678 3336 822 3404 πρὸς
871 3333 963 3388 τὸν
1014 3335 1217 3407 εαυτῆς
1277 3336 1456 3405 γάμον
1513 3336 1843 3390 καθελκύσει

254 3423 422 3477 ποτέ.
463 3426 753 3498 Μολυσμδς
783 3428 895 3497 γὰρ
925 3427 1086 3480 τοῦτο
1124 3428 1311 3496 γένους
1343 3429 1438 3482 καὶ
1475 3428 1650 3500 φθορά
1676 3468 1692 3493 ,
1750 3429 1846 3483 καὶ

255 3517 594 3584 συγγενείας
634 3518 869 3588 φυρμὸς.
925 3518 1019 3572 καὶ
1061 3518 1208 3588 μίξις
1258 3520 1578 3587 ἀκόλαστος,
1630 3520 1724 3574 καὶ
1777 3522 1843 3592 τῇ

255 3610 468 3678 νομικῇ
521 3607 799 3663 διαστάσει
852 3611 897 3644 ³³
926 3611 1223 3675 ὰντίθετος.
1272 3611 1425 3665 Ἐπεὶ
1467 3612 1578 3666 οὐδ’
1618 3615 1650 3684 ἡ
1704 3613 1843 3682 αὑτὴ

258 3697 489 3761 πάντως
539 3699 808 3770 οἰκειότης
851 3701 957 3754 τῶν
1008 3701 1069 3767 ἐξ
1114 3702 1435 3773 ἀγχιστείας
1478 3701 1845 3774 συνημμένων

255 3786 604 3857 προσώπων,
651 3790 882 3845 καὶτῶν
930 3793 994 3845 ἐκ
1039 3794 1136 3864 τῆς
1179 3794 1350 3863 αὐτῆς
1380 3792 1705 3862 συγγενείας
1754 3792 1851 3846 καὶ

257 3883 355 3937 τοῦ
392 3882 630 3953 αἵματος
652 3884 1117 3955 ἀπογεννωμένων
1151 3899 1165 3913 ·
1204 3886 1300 3940 ἵνα
1348 3887 1443 3941 καὶ
1495 3887 1725 3956 ἕϐδομος
1760 3885 1848 3937 ἐπ’

258 3976 605 4045 ἀμφοτέροις
640 3976 847 4047 βαθμὸς
869 3978 1066 4049 ἐπίσης
1096 3979 1128 4050 ἢ
1166 3979 1502 4051 συγχωρηθῇ
1539 3979 1571 4050 ἥ
1602 3977 1845 4050 κωλυθῇ.

259 4067 388 4119 Τῶν
432 4066 538 4136 μὲν
584 4066 693 4138 γὰρ
740 4068 807 4122 ἐκ
844 4069 1077 4135 πλαγίου
1118 4069 1452 4137 συγγενειῶν
1480 4070 1643 4139 μίαή
1699 4067 1844 4138 ῥίζα,

262 4160 362 4214 καὶ
396 4161 557 4230 πηγὴ
605 4160 704 4230 μία
736 4177 751 4192 ο
812 4160 916 4213 κᾶν
956 4160 1189 4231 διάφορα
1224 4162 1294 4214 τὰ
1327 4160 1704 4231 βλαστήματα,
1756 4160 1851 4213 καὶ

259 4251 333 4303 τὰ
358 4251 620 4321 ῥεύματα
652 4251 919 4322 μετρητὰ.
956 4254 1119 4305 Ὅσαι
1150 4252 1206 4305 δὲ
1250 4250 1360 4304 τῶν
1399 4252 1746 4321 οίκειοτήτων
1793 4250 1853 4317 ἐξ

261 4342 590 4412 ὲπιγαμιῶν
615 4344 711 4413 τὴν
743 4343 1003 4396 σύστασιν
1038 4343 1345 4413 είληφυῖαι,
1371 4343 1464 4396 δύο
1491 4342 1653 4406 ξένων
1681 4343 1852 4411 γενῶν

259 4435 572 4503 συνάφειαν
598 4435 974 4505 ἐπισύρονται,
999 4434 1191 4505 ὥσπερ
1223 4435 1784 4506 μετακεντριζόμεναι
1805 4433 1852 4466 δ”

1940 584 2022 631 ter
2046 573 2253 643 afﬁnes,
2285 573 2513 644 impedit
2544 572 2773 628 omnino
2802 570 3041 642 nuptias,
3067 577 3122 626 et
3148 570 3261 640 jam
3292 579 3514 626 contra-

1939 676 2057 725 ctas
2103 669 2331 724 dirimit.
2383 667 2598 723 Rursus
2651 664 2855 737 gradus
2903 673 3132 720 octavus
3186 661 3511 735 permissam

1942 760 2102 815 habet
2147 760 2633 829 conjunctionem,
2680 758 2795 815 sive
2843 757 2878 812 ii
2925 756 3017 828 qui
3058 762 3283 821 coeunt,
3326 754 3436 811 sint
3480 769 3511 803 ιι

1940 851 2111 906 latere
2137 850 2374 921 cognati,
2399 850 2511 905 sive
2536 848 2743 905 afﬁnes.
2772 848 2929 906 Circa
2964 847 3255 919 septimum
3282 848 3512 917 gradum

1940 941 2121 996 omnis
2145 940 2400 995 consistit
2422 940 2672 1009 quaestio,
2694 955 2814 1010 quae
2837 955 2943 994 non
2974 941 3155 1003 aliter,
3178 954 3343 1010 quam
3371 937 3515 1008 juris

1942 1033 2118 1090 civilis
2148 1033 2379 1089 scicntia
2403 1034 2730 1089 dissolvitur
2776 1041 2831 1089 et
2860 1033 3076 1090 sincera
3111 1042 3293 1089 mente
3322 1032 3516 1088 termi-

1942 1134 2123 1181 natur.
2149 1124 2282 1179 Narn
2313 1142 2649 1197 quarcunqtte
2682 1126 2933 1197 conjugia
2966 1140 3327 1199 personarum
3351 1126 3516 1182 simul

1941 1218 2254 1274 coeuntium
2284 1234 2350 1272 ex
2384 1218 2795 1289 propinquitate
2834 1220 2950 1275 sive
2987 1219 3251 1275 afﬁnitate
3278 1219 3515 1290 septimo

1943 1310 2155 1364 inclusa
2190 1310 2360 1379 gradu
2398 1310 2767 1377 constiterint,
2803 1326 2863 1365 ea
2906 1311 3232 1367 indissoluta
3269 1320 3513 1376 manent.

1942 1409 2001 1455 ut
2029 1417 2095 1456 ex
2128 1401 2422 1470 inculpatis
2446 1403 2698 1471 copulata
2730 1404 2956 1472 nuptiis.
2991 1402 3105 1459 Duo
3135 1405 3281 1460 enim
3313 1418 3514 1459 conso-

1940 1490 2082 1544 brini
2115 1491 2454 1560 patruelesve
2481 1491 2845 1547 instrumenta
2876 1493 3080 1548 dotalia
3118 1502 3515 1565 componentes

1944 1596 2069 1636 cum
2144 1590 2438 1636 matertera
2481 1581 2717 1637 amitave
2767 1598 2983 1653 magna,
3022 1592 3077 1639 et
3126 1583 3313 1638 fratris
3356 1598 3516 1639 soro~

1941 1675 2087 1730 risve
2118 1675 2249 1742 tilia,
2274 1678 2587 1747 progressis
2615 1691 2680 1732 ex
2709 1676 2811 1730 alia
2838 1678 2981 1732 serie
3009 1685 3063 1732 et
3094 1677 3373 1747 progenie,
3403 1692 3512 1734 non

1945 1762 2226 1833 imponent
2256 1765 2359 1819 sibi
2392 1765 2777 1821 accusationes
2810 1766 3129 1821 criminum.
3154 1766 3290 1821 Nam
3318 1781 3517 1823 CODSU-

621 1860 689 1914 τὰ
749 1860 999 1930 γαμήλια
1052 1861 1295 1932 θέμενοι,
1337 1862 1684 1933 κατηγοριῶν
1719 1859 1840 1913 κατ’

1947 1854 2088 1909 brini
2138 1864 2395 1926 quartum
2447 1870 2477 1911 a
2529 1872 2588 1912 se
2640 1857 2874 1912 invicem
2926 1859 3158 1929 gradum
3207 1858 3511 1918 obtinent:

1944 1948 2111 1999 amita
2144 1955 2326 2003 autem
2370 1963 2467 2003 seu
2502 1956 2794 2004 matertera
2827 1951 3004 2006 tribus
3038 1951 3302 2007 dividitur
3329 1953 3515 2021 gradi-

1942 2037 2045 2093 bus
2070 2055 2100 2093 ιι
2134 2038 2320 2094 fratris
2352 2042 2629 2096 sororisve
2668 2041 2799 2098 filia.
2853 2044 3033 2113 Atque
3066 2044 3139 2098 ita
3167 2056 3515 2115 computatus

1943 2131 2209 2200 septimus
2237 2132 2292 2186 in
2322 2131 2409 2189 his
2440 2133 2641 2202 gradus
2674 2142 2835 2189 acuta
2866 2134 3310 2193 consideratione
3338 2137 3516 2194 subti-

1943 2222 2089 2292 lique
2148 2223 2388 2288 ratione,
2452 2224 2937 2294 reprehensionem
3001 2227 3234 2297 effugit,
3291 2238 3516 2300 propter

1945 2321 2276 2381 praeceptum
2316 2328 2332 2367 :
2377 2328 2504 2369 cum
2552 2314 2607 2369 in
2665 2315 2791 2371 aliis
2842 2316 3064 2387 quidem
3114 2320 3373 2389 gradibus
3420 2323 3515 2393 qui

1944 2403 2235 2471 septimum
2271 2407 2605 2474 praecedunt,
2650 2406 3048 2477 disjunctorum
3082 2425 3343 2480 generum
3376 2428 3515 2469 con-

1945 2494 2234 2549 nexioucm
2263 2504 2592 2568 temperans,
2620 2499 2788 2566 uniat,
2816 2500 3050 2570 septimo
3082 2509 3262 2559 autem
3296 2507 3518 2576 nuptias

1945 2605 2057 2646 non
2097 2591 2379 2662 impediat.
2421 2592 2790 2664 Cognatorum
2831 2605 3011 2652 autem
3048 2612 3079 2653 a
3118 2598 3283 2655 latere
3313 2602 3520 2670 nuptias

1946 2683 2190 2753 septimo
2219 2686 2392 2754 gradu
2424 2686 2853 2759 comprehensae,
2884 2705 3112 2760 prorsus
3142 2693 3320 2750 vetita:
3354 2709 3517 2767 sunt;

1948 2775 2327 2849 fugiendteque
2369 2787 2694 2834 censentur.
2730 2778 2918 2850 Neque
2950 2782 3115 2836 enim”
3138 2784 3394 2841 sobrinus
3426 2802 3520 2842 so-

1948 2868 2107 2923 lirino
2135 2876 2275 2923 natae
2301 2869 2647 2938 copulabitur
2671 2887 2910 2940 unquam
2936 2888 2953 2939 ;
2986 2883 3082 2929 aut
3112 2876 3338 2933 sobrino
3367 2887 3518 2945 nata,

1949 2960 2017 3016 ad
2052 2962 2222 3032 patris
2254 2961 2338 3016 sui
2370 2963 2655 3018 sobrinum
2704 2967 3076 3034 retrocedens,
3119 2983 3243 3024 eum
3283 2969 3352 3025 ad
3389 2986 3521 3028 suas

1948 3052 2170 3119 nuptias
2202 3050 2408 3106 aliiciet
2436 3067 2706 3124 unquam.
2739 3055 2867 3110 Haec
2894 3055 3040 3109 enim
3076 3068 3158 3113 est
3190 3074 3405 3129 generis
3437 3062 3526 3118 in-

1949 3143 2203 3212 quinatio
2239 3151 2294 3199 et
2321 3144 2654 3214 corruptela,
2685 3152 2742 3200 et
2771 3148 3116 3215 cognationis
3144 3150 3424 3218 probrum,
3456 3169 3523 3209 ae

1950 3231 2135 3286 mistio
2188 3231 2554 3297 incontinens,
2606 3239 2721 3288 et!
2781 3234 2940 3306 legali
2991 3238 3242 3307 opposita
3266 3241 3517 3306 dissidio.

1945 3321 2134 3392 Neque
2168 3321 2313 3378 enim
2354 3322 2540 3379 eadem
2575 3324 2798 3379 omnino
2840 3327 3220 3399 propinquitas
3260 3346 3525 3400 personao

1947 3430 2068 3468 rum
2106 3429 2204 3484 per
2234 3412 2549 3469 afﬁnitatem
2588 3414 3015 3485 conjunctarum
3050 3433 3063 3471 :
3097 3427 3152 3475 et
3180 3435 3369 3478 earum
3402 3440 3523 3495 qua:

1946 3523 2014 3563 ex
2049 3507 2237 3562 eadem
2267 3508 2591 3579 cognatione
2617 3517 2670 3565 et
2702 3509 2974 3579 sanguine
3005 3513 3298 3584 progenita:
3326 3530 3341 3569 :
3375 3525 3434 3571 ut
3468 3518 3520 3573 in

1952 3600 2202 3670 utrisque
2231 3601 2496 3671 septimus
2529 3600 2731 3671 gradus
2781 3603 3084 3673 permissus
3134 3607 3209 3661 sit
3256 3616 3351 3662 aut
3391 3625 3517 3679 pro-

1953 3692 2182 3748 hibitus.
2220 3690 2619 3763 Cognationum
2670 3692 2814 3763 enim
2866 3709 2896 3748 a
2943 3695 3112 3752 latere
3164 3698 3318 3754 radix
3374 3716 3519 3767 una,

1954 3799 2208 3852 unusque
2258 3783 2401 3849 fons,
2450 3784 2579 3839 licet
2623 3785 2857 3841 diversae
2894 3788 3224 3858 propagines
3260 3799 3315 3846 et
3358 3794 3519 3849 rivuii

1950 3876 2192 3932 distincti
2240 3876 2564 3932 intervallis.
2605 3877 2735 3943 Quae
2777 3879 2922 3933 enim
2955 3881 3389 3950 propinquitates
3425 3900 3523 3954 per

1950 3970 2554 4043 nuptias'consritutte,
2600 3970 2831 4028 duorum
2875 3971 3215 4036 diversorum
3258 3991 3519 4047 generum

1951 4066 2397 4135 conjunctioncm
2433 4065 2678 4128 trahunt,
2712 4066 2794 4119 ha:
2818 4067 2967 4120 velut
2993 4081 3057 4122 ex
3090 4068 3196 4123 alio
3235 4086 3430 4140 genere
3465 4076 3519 4131 in

1954 4157 2100 4213 aliud
2141 4156 2319 4211 insitae
2352 4167 2405 4212 et
2441 4158 2838 4224 coalescentes,
2870 4158 3206 4228 prohibitum
3238 4167 3524 4221 continent
3590 4170 3594 4175 ’

1952 4249 2308 4313 connubium,
2353 4264 2462 4303 non
2509 4248 2633 4319 jure
2678 4252 3056 4322 cognationis,
3111 4256 3207 4315 sed
3258 4257 3524 4328 legalibus

1951 4342 2169 4405 edictis,
2207 4351 2260 4396 et
2291 4341 2475 4396 divina
2512 4357 2668 4407 voce,
2704 4342 2757 4397 in
2798 4360 2965 4399 unum
3003 4349 3294 4417 copulante
3322 4352 3391 4408 ab
3420 4353 3526 4408 ini-

1955 4434 2032 4489 tio
2080 4433 2222 4489 mari
2280 4434 2557 4492 feminam.
2632 4433 2752 4491 Non
2803 4438 2946 4492 enim
2997 4441 3141 4510 quod
3191 4440 3378 4500 fratris
3419 4446 3523 4501 mei

260 4529 361 4581 καὶ
399 4526 785 4597 συμφυόμεναι
812 4528 869 4594 ἐξ
906 4528 1093 4598 ἑτέρου
1115 4527 1309 4597 γένους
1333 4528 1472 4598 πρὸς
1509 4528 1720 4600 ἕτερον,
1758 4526 1843 4581 ’τὸςΙ

1961 4545 2098 4584 uxor
2135 4544 2239 4583 una
2282 4544 2412 4582 caro
2456 4534 2540 4583 est
2585 4544 2708 4584 cum
2753 4529 2874 4584 viro
2916 4546 3039 4594 suo.
3089 4531 3258 4589 fratre
3291 4550 3432 4599 meo,
3472 4546 3527 4597 ω

258 4620 449 4687 γάμον
486 4618 670 4687 ἔχουσι
721 4620 1124 4690 κεκωλυμένον·
1165 4620 1225 4672 ού
1261 4620 1351 4674 διὰ
1401 4619 1602 4689 θεσμὸν
1652 4612 1854 4686 συγγεί

263 4713 450 4777 νείας,
483 4710 600 4763 ἀλλ’
633 4714 697 4764 ὲκ
718 4712 825 4766 τῶν
850 4712 1089 4782 νομικῶν
1112 4712 1517 4780 διαταγμάτων,
1550 4711 1646 4766 καὶ
1669 4710 1855 4781 φωνῆς

260 4802 452 4865 θείας,
507 4803 585 4866 είς
634 4801 691 4855 ἓν
725 4803 784 4869 ἐξ
821 4804 997 4873 ἀρχῆς
1057 4802 1117 4856 τὸ
1164 4803 1295 4874 θῆλυ
1351 4802 1730 4871 συναπτούσης
1774 4800 1853 4871 τῷ

260 4895 491 4965 ἇρρενι.
524 4894 600 4946 Ού
629 4894 740 4964 γὰρ
781 4894 906 4948 ἐπεὶ
945 4895 978 4965 ἡ
1012 4894 1105 4948 τοῦ
1158 4894 1389 4964 ἀδέλφοῦ
1425 4912 1527 4965 μου
1560 4895 1714 4967 γυνὴ,
1756 4895 1854 4966 μία

258 4987 389 5040 ἐστὶ
407 4986 487 5056 τῷ
513 4986 666 5057 ἀνδρὶ
685 4986 887 5054 ταύτης
902 4989 996 5039 καὶ
1015 4986 1226 5057 ἀδελφῷ
1253 5005 1354 5056 μου
1384 4988 1539 5059 σὰρξ,
1557 4989 1650 5041 καὶ
1671 4986 1853 5058 λεπτῷ

259 5079 341 5150 νῷ
378 5078 482 5131 καὶ
506 5080 735 5148 νοήματι
767 5078 948 5148 κάμοῦ
984 5077 1296 5147 λελόγισται
1333 5079 1536 5150 ἀδελφὴ
1581 5078 1850 5149 ήνύμφη,

258 5172 364 5227 καὶ
398 5170 503 5241 τὴν
530 5169 736 5241 ταύτης
799 5171 928 5240 ὅλην
967 5170 1288 5240 συγγένειαν
1316 5172 1393 5232 είς
1428 5169 1486 5222 ἓν
1518 5169 1851 5237 συναλείφων

259 5262 602 5333 πρόσωπον,
678 5261 913 5328 ἀδελφὰς
962 5263 1052 5314 καὶ
1102 5260 1418 5329 συγγενίδας
1465 5259 1750 5329 λογίσομαι
1779 5260 1847 5312 ⁸⁸.

269 5354 508 5424 Ὀδηγεῖ
547 5353 655 5422 γὰρ
695 5354 723 5406 6
757 5354 942 5424 νόμος,
968 5353 1117 5415 τίνας
1146 5353 1345 5414 ταύτας
1376 5350 1481 5404 τῶν
1521 5350 1850 5418 συγγενίδων

1960 4618 2144 4676 subtili
2179 4625 2359 4673 mente
2397 4632 2463 4672 ac
2501 4618 2942 4676 consideratione
2981 4637 3182 4692 sponsa
3209 4634 3231 4662 ι
3272 4635 3527 4683 censetur

1956 4725 2119 4766 soror
2164 4725 2305 4775 mea,
2358 4711 2520 4765 etiam
2567 4709 2732 4780 hujus
2774 4726 2992 4767 omnem
3043 4716 3420 4785 cognationem
3471 4721 3523 4776 in

1958 4818 2122 4856 unam
2185 4815 2476 4872 personam
2513 4800 2832 4869 obliterans,
2865 4818 3082 4860 sorores
3109 4815 3164 4862 et
3195 4811 3528 4881 consangui-

1955 4907 2087 4948 neas
2118 4892 2403 4961 reputatio,
2432 4890 2683 4947 Ostendit
2715 4892 2858 4946 enim
2899 4892 3006 4956 lex,
3034 4908 3171 4964 quas
3198 4911 3384 4951 earum
3417 4914 3525 4955 non

1956 4981 2150 5037 ducam
2170 4993 2217 5044 ι,
2260 4988 2313 5034 et
2343 4995 2467 5036 cum
2495 4981 2690 5050 quibus
2717 4982 2835 5037 sine
2865 4983 3288 5052 reprehensione
3315 5003 3526 5044 coeam.

1955 5070 2076 5126 Non
2121 5070 2267 5125 enim
2316 5085 2440 5125 cum
2489 5071 2675 5126 uxoris
2720 5088 2851 5128 mea
2895 5089 3108 5145 sorore,
3152 5078 3236 5134 vel
3285 5078 3526 5150 ejusdem

1956 5164 2305 5227 consobrina,
2355 5173 2446 5218 aut
2493 5165 2656 5221 amita
2708 5175 3069 5224 materterave
3120 5171 3330 5241 majore
3372 5186 3388 5227 :
3431 5174 3527 5232 sed

1959 5270 2063 5310 nec
2090 5269 2215 5310 cum
2243 5254 2431 5311 fratris
2487 5257 2765 5313 sororisve
2796 5257 2928 5325 filia,
2948 5260 3160 5318 dotales
3183 5264 3528 5321 conscribam

1962 5345 2198 5400 tabulas.
2241 5344 2512 5412 Quoniam
2557 5350 2693 5405 sexti
2739 5351 2940 5423 gradus
2985 5364 3038 5409 et
3082 5355 3404 5412 inferiorum
3450 5358 3530 5411 la-

1520 5462 1749 5518 VARhE
1805 5456 2204 5516 LECTIONES.

338 5562 393 5594 ⁸⁸
426 5558 688 5644 διάτάξει.

261 5647 371 5702 της
421 5649 554 5685 των.

789 5559 835 5592 ⁸⁸
873 5553 1028 5613 αὗται
1059 5558 1250 5629 ὥσπερ
1306 5558 1943 5644 μετεγκεντριςόμεναι..
1993 5556 2039 5587 ⁵⁵
2074 5553 2385 5623 λογίζομαι.
2440 5553 2659 5626 Ὀδηγεῐ
2687 5556 2796 5630 γάρ
2831 5575 2898 5629 με
2948 5558 2976 5611 6
3019 5556 3361 5629 νόμος,τίνας
3393 5563 3526 5615 ταύ-

354 5736 387 5776 !
419 5727 590 5795 legum
618 5728 985 5782 constitutioni
1016 5727 1282 5783 udrersa.‘
1336 5736 1356 5763 ε
1387 5742 1548 5777 nurus
1623 5736 1646 5764 α
1686 5723 1791 5781 Lex
1823 5723 1960 5777 enim
1989 5734 2147 5774 manu
2176 5734 2255 5773 me
2292 5719 2487 5776 ducens
2520 5721 2767 5787 ostendit,
2802 5737 2933 5793 quos
2957 5721 3115 5791 hujus
3139 5729 3393 5791 cognatas
3426 5738 3527 5781 non

267 5798 500 5855 duram.
