3950 6570
486 281 576 345 151
980 242 986 255 ’
1772 284 1910 346 ms
1948 282 2390 347 CANONICUM

3620 277 3725 341 75?.

472 395 628 465 queis
684 391 929 449 irretitus
990 407 1132 449 sum.
1187 392 1256 446 At
1317 406 1439 447 cum
1489 390 1746 453 sobrinac.
1804 401 2036 461 paterna

2146 390 2245 443 οὐκ
2274 388 2494 457 ἄξομαι,
2545 386 2639 441 καὶ
2696 385 2838 440 τίσιν
2886 381 3196 457 ἀμέμπτως
3227 381 3534 454 προσέλθω.
3588 385 3724 438 Ούτε

471 490 798 538 maternaeve
845 482 1009 552 hujus
1056 481 1199 547 lilia;
1254 481 1337 537 vel
1399 495 1523 535 cum
1570 481 1884 550 propatrui,
1923 495 2036 551 pro-

2152 479 2261 550 γάρ
2283 478 2420 550 πρὸς
2457 478 2558 545 τὴν
2589 479 2688 547 τῆς
2743 476 2963 547 νύμφης
3001 493 3101 546 μου
3134 475 3392 545 ἀδελφὴν,
3432 475 3559 529 οὕτε
3592 478 3727 548 πρὸς

471 572 747 637 avunculi,
814 573 1116 642 proamitaa,
1179 582 1586 642 promaterterae
1655 579 1839 641 nepte,
1906 571 2045 625 irre-

473 666 848 735 prehensibile
873 673 1110 720 statuam
1145 664 1481 735 conjugium.
1508 663 1644 718 Nam
1678 664 1769 719 illa
1794 663 1859 717 ad
1891 668 2043 718 octa-

470 773 597 811 vum
655 758 882 827 gradum
946 763 1156 811 remota
1203 764 1288 812 est
1340 773 1355 810 :
1412 755 1529 810 haec
1587 764 1770 811 autem
1828 754 2045 809 excedit

455 858 712 915 sextum,
749 857 804 905 et
839 848 905 904 ad
941 848 1230 917 septimum
1263 848 1536 903 subsistit.
1570 846 1661 902 Sic
1697 857 1925 918 patruus
1958 846 2041 901 vel

467 939 773 994 avunculus
800 945 853 994 et
884 938 1072 994 fratris
1106 939 1382 994 sororisve
1415 939 1558 993 lilins
1585 937 1816 993 diversa:
1838 951 2042 1008 cogna-

469 1033 636 1087 tionis
670 1031 1020 1086 consobrinis
1054 1030 1305 1094 immisti,
1355 1031 1530 1098 iustas
1570 1030 1906 1085 constituent
1936 1044 2040 1083 nu-

468 1125 631 1194 ptias.
665 1121 958 1177 Intervallo
994 1136 1231 1192 namque
1268 1121 1508 1193 legitimo
1540 1120 1748 1177 distant
1782 1121 1926 1174 inter
1957 1135 2039 1186 se,

467 1232 535 1270 ne
588 1231 655 1271 ex
699 1215 785 1271 his
833 1216 1213 1285 cognationem
1268 1214 1383 1269 ullo
1433 1213 1592 1269 modo
1640 1213 2036 1269 contaminent.

466 1306 636 1361 Nemo
669 1307 834 1376 igitur
865 1314 1012 1361 recte
1046 1306 1265 1371 dixerit,
1298 1305 1568 1361 afﬁnitate
1602 1304 1958 1374 conjunctum
1986 1310 2040 1358 et

465 1401 912 1467 cognominatum
975 1397 1204 1453 abusive
1255 1406 1588 1468 cognatum,
1646 1396 2039 1467 proximiorem

466 1500 560 1543 aut
584 1490 845 1560 mqualem
870 1504 992 1545 esse
1019 1491 1067 1543 ei
1098 1489 1189 1559 qui
1215 1497 1298 1544 est
1323 1504 1390 1543 ex
1420 1503 1618 1559 genere
1645 1496 1698 1542 et
1730 1488 1994 1558 sanguine
2021 1502 2035 1540 :

467 1590 527 1635 ut
554 1597 672 1636 eam
709 1583 779 1636 ob
807 1596 1029 1635 causam
1071 1580 1263 1636 iisdem
1311 1580 1624 1650 nuptiarum
1660 1579 1945 1633 claudatur
1976 1576 2038 1631 ﬁ-

466 1673 652 1737 nibus,
670 1670 1127 1742 qnemadmodum
1157 1670 1406 1740 superius
1426 1671 1756 1740 explicatum
1779 1676 1882 1724 est.
1900 1670 2035 1723 Cum

2147 572 2247 639 τὴν
2301 570 2524 643 πρώτην
2575 569 2779 641 ταύτης
2834 569 3133 639 ἑξαδέλφην
3180 570 3213 641 ἢ
3270 568 3377 640 τὴν
3430 570 3583 623 Θείαν
3630 568 3728 641 τὴν

2150 663 2357 734 μείζω,
2407 666 2501 717 καὶ
2539 664 2721 735 μέντοι
2758 662 2881 717 οὐδὲ
2934 661 3070 733 πρὸς
3098 661 3199 732 τὴν
3245 661 3476 731 ἀνεψιὰν
3515 664 3730 731 γαμικά

2148 754 2448 825 συγγράφω
2479 755 2526 787 ⁵⁸
2552 753 2863 823 συμϐόλαια
2886 768 2899 781 ’
2938 753 3127 823 ἐπειδὴ
3169 754 3292 815 ταῖς
3314 750 3408 805 τοῦ
3433 752 3598 806 ἕκτου
3626 754 3728 808 καὶ

2144 848 2252 903 τῶν
2281 848 2373 902 ὑπ’
2406 847 2568 903 αὐτὸν
2602 847 2829 918 βαθμῶν
2859 846 3059 913 ἄρκυσι
3100 845 3536 916 περιείλημμαι.
3585 845 3735 917 Πρὸς

2143 941 2200 996 δὲ
2249 944 2348 1012 τὴν
2380 940 2763 1012 δισεξαδέλφην
2802 941 3028 1011 ταύτης,
3075 945 3171 993 καὶ
3198 938 3296 1011 τὴν
3346 941 3556 1009 μικράν
3600 941 3731 993 ἀνευ

2141 1031 2296 1103 ψιάν,
2325 1034 2717 1104 ἀνεπιτίμητον
2740 1033 2978 1102 θήσομαι
3004 1032 3065 1085 τὸ
3113 1032 3477 1085 συνοικέσιον.
3523 1031 3590 1083 Ἦ
3623 1032 3730 1100 μὲν

2143 1124 2253 1197 γὰρ
2304 1126 2441 1196 πρδς
2497 1126 2590 1179 τὸν
2639 1125 2826 1194 ὄγδοον
2884 1123 3227 1195 ἀπελήλαται
3285 1121 3534 1193 βατὶμάν·
3589 1124 3625 1190 ὴ
3675 1122 3736 1174 δὲ

2142 1218 2338 1288 ἀνεψιά
2367 1217 2685 1289 ὑπερϐαίνει
2719 1218 2810 1271 τὸν
2845 1216 3026 1280 ἕκτον,
3063 1217 3158 1269 καὶ
3210 1215 3303 1269 ἐπὶ
3361 1214 3454 1267 τὸν
3502 1214 3737 1283 ἕϐδομον

2145 1311 2382 1366 ίσταται.
2418 1311 2576 1364 Οὕτω
2601 1312 2696 1364 καὶ
2725 1309 2868 1372 θεῖος
2889 1308 2983 1362 καὶ
3013 1309 3231 1379 ἀνεψιὸς
3253 1307 3547 1377 ἀλλοφυέσι
3572 1306 3733 1378 πρώ-

2141 1418 2262 1466 ταις
2295 1401 2618 1471 ὲξαδέλφαις
2667 1400 3115 1471 ἐπιμιγνύμενοι,
3155 1399 3381 1468 ἔννομον
3434 1397 3735 1451 συνιστῶσι

2139 1493 2229 1549 τὸν
2260 1493 2461 1564 γάμον.
2492 1493 2748 1563 Χάσματι
2779 1494 2890 1563 γάρ
2918 1491 2994 1563 τῷ
3019 1490 3228 1562 νομικῷ
3260 1489 3736 1560 άποδιεστήκασιν

2139 1585 2406 1658 ἀλλήλων,
2443 1584 2545 1655 τὴν
2584 1584 2907 1652 συγγένειαν
2959 1586 3023 1636 ἐκ
3069 1581 3276 1636 τούτων
3337 1580 3737 1653 καταρρυπαί-

2140 1694 2320 1742 νοντες
2356 1678 2401 1709 ⁸⁷
2453 1675 2742 1747 μηδαμῶς,
2780 1676 2967 1740 Οὐδεὶς
2996 1674 3090 1729 οὖν
3142 1674 3317 1745 ὀρθῶς
3357 1673 3508 1745 εἴπῃ,
3537 1674 3630 1725 τδν
3673 1672 3736 1739 ἐξ

465 1763 611 1817 enim
681 1762 959 1834 legislator
1021 1763 1481 1819 consobrinorum
1555 1762 1697 1817 ﬁlios
1767 1760 2036 1815 connubio

2148 1767 2470 1839 ἀγχιστείας
2491 1767 2859 1839 συνημμένον,
2888 1769 2983 1821 καὶ
2999 1768 3237 1837 συγγενῆ
3268 1764 3737 1836 καταχρηστικῶς

462 1854 617 1925 jungi
667 1856 858 1920 vetuit,
904 1864 961 1910 et
1009 1855 1359 1910 sobrinorum
1417 1853 1544 1908 [iliis
1594 1854 2038 1923 congressionem

466 1946 737 2015 permisit,
789 1946 1033 2016 nihilque
1077 1945 1145 1999 de
1190 1946 1257 2000 iis
1292 1945 1385 2016 qui
1433 1953 1563 2001 sunt
1600 1945 1656 2000 in
1706 1944 1886 2000 medio
1927 1951 2040 1999 sta-

466 2039 593 2104 tuit,
622 2053 686 2094 ex
715 2038 885 2094 vetito
914 2046 967 2093 et
1011 2054 1120 2093 non
1164 2039 1335 2093 vetito
1378 2046 1617 2092 mentem
1660 2052 1815 2093 suam
1860 2039 2039 2092 mani-

468 2131 662 2185 festam
706 2130 855 2195 fecit,
907 2138 965 2184 ut
1014 2130 1215 2184 limites
1269 2130 1575 2200 transgredi
1623 2145 1726 2184 non
1766 2137 2037 2199 Oporteat.

463 2221 600 2275 Nam
635 2221 681 2277 si
716 2221 976 2277 sobrinus
1006 2220 1171 2275 tiliam
1209 2221 1417 2277 sobrini
1447 2220 1711 2276 amatorie
1741 2220 2036 2291 aspiciens,

463 2314 695 2385 legalem
743 2314 1034 2368 terminum
1081 2328 1191 2367 non
1242 2314 1401 2383 plane
1439 2312 1763 2376 observans,
1796 2310 2042 2368 lasciviet

465 2405 638 2477 (velut
669 2421 845 2476 equus
877 2405 946 2460 ad
989 2406 1073 2461 sui
1119 2405 1335 2475 generis
1380 2403 1582 2459 animal
1629 2404 1825 2475 hinnit)
1871 2421 1885 2460 :
1930 2419 2037 2458 non

466 2500 718 2560 maritus,
744 2497 839 2552 sed
873 2506 1151 2567 stuprator
1176 2512 1244 2553 ex
1275 2513 1339 2553 eo
1363 2496 1665 2567 iudicatur.
1691 2494 1910 2553 Sobrini
1939 2512 2039 2552 au-

466 2601 575 2646 tem
623 2591 834 2660 paterni
876 2592 1178 2645 maternive
1225 2590 1388 2655 filius,
1421 2590 1697 2645 exsistens
1730 2600 1883 2645 extra
1922 2607 2043 2662 gra-

465 2685 633 2737 duum
680 2697 966 2738 numerum
1007 2696 1037 2735 a
1078 2680 1389 2750 legislatore
1425 2680 1798 2745 interdictum,
1835 2682 1881 2736 si
1914 2682 2040 2752 qui-

466 2776 590 2832 dem
619 2776 967 2831 retroeedens
995 2789 1183 2845 sepem
1212 2774 1545 2847 egrediatur,
1564 2782 1617 2829 et
1649 2775 1839 2830 relicta
1872 2775 2039 2830 trisex

467 2869 718 2938 adelphis
761 2869 902 2922 intra
944 2867 1248 2937 probibitas
1291 2866 1499 2922 insiliat
1541 2867 1786 2937 nuptias,
1816 2874 1869 2921 ct
1912 2881 2038 2921 cum

468 2962 641 3033 patris
699 2961 921 3016 sobrina
982 2959 1254 3031 ﬂagitiose
1304 2969 1713 3029 corrumpatur,
1777 2959 2040 3015 insidiose

466 3055 625 3121 plane
655 3062 709 3107 et
737 3051 964 3107 latronis
998 3066 1150 3107 more
1172 3050 1219 3118 δ,
1248 3065 1349 3106 nec
1388 3051 1629 3121 legitime
1658 3066 1776 3105 eam
1809 3065 2034 3105 uxorem

2147 1862 2628 1931 ἐπωνομασμένον,
2679 1860 3009 1930 οἰκειότερον
3043 1860 3075 1930 ἢ
3116 1859 3228 1913 ἴσον
3270 1855 3507 1926 εἶναιτῷ
3534 1857 3599 1910 ὲκ
3632 1854 3734 1908 τοῦ

2147 1954 2338 2022 γένους
2370 1953 2466 2006 καὶ
2496 1952 2729 2023 αἵματος
2754 1969 2769 1985 ’
2804 1951 2892 2004 ἵνα
2930 1951 3018 2003 διά
3054 1949 3329 2004 τοῦτοκαὶ
3378 1953 3493 2012 τοῖς
3540 1948 3735 2012 αὐτοῖς

2146 2045 2255 2098 τῶν
2278 2044 2474 2115 γάμων
2515 2045 2777 2116 στοιχήσῃ
2813 2044 2926 2105 τοῖς
2948 2044 3114 2114 ὅροις,
3139 2041 3328 2113 ὥσπερ
3360 2042 3457 2095 καὶ
3488 2038 3735 2111 προδιεί-

2146 2138 2370 2205 ληπται.
2405 2134 2466 2190 '0
2494 2138 2600 2208 γάρ
2631 2136 2929 2205 νομοθέτης
2958 2138 3085 2196 τοὺς
3108 2134 3215 2188 τῶν
3243 2133 3553 2201 ἐξαδέλφων
3598 2134 3732 2185 παῖ·-

2148 2230 2242 2291 δας
2288 2228 2424 2298 πρὸς
2454 2227 2654 2297 ,γάμου
2691 2227 2976 2279 κοινωνίαν
3008 2224 3278 2288 κωλύσας,
3317 2227 3442 2291 τοῖςξ
3471 2224 3528 2278 δὲ
3570 2238 3735 2294 τρισ-

2146 2319 2455 2389 εξαδὲλφοις
2476 2318 2574 2390 τὴν
2605 2317 2919 2371 συνέλευσιν
2948 2315 3270 2386 ἐπιτρέψας,
3306 2314 3398 2369 καὶ
3419 2316 3496 2386 μή
3525 2331 3577 2366 τι
3599 2311 3736 2383 περὶ

2145 2413 2254 2465 τῶν
2285 2415 2344 2465 ὲν
2374 2412 2523 2482 μέσῳ
2561 2409 2974 2480 διαταξάμενος,
2999 2410 3062 2462 ἐκ
3088 2408 3183 2461 τοῦ
3211 2406 3595 2477 κεκωλυμένου
3629 2406 3733 2459 καὶ

2146 2505 2426 2559 ἀκωλύτου
2460 2507 2604 2575 σαφῆ
2623 2504 2714 2556 τὸν
2753 2502 2949 2556 ἑαυτοῦ
2976 2502 3278 2568 κατέστησε
3309 2501 3357 2535 ⁸⁸
3390 2500 3620 2565 σκοπὸν,
3652 2501 3733 2563 ὡς

2145 2595 2205 2649 οὐ
2249 2595 2330 2648 δεῖ
2357 2596 2749 2667 παρεκϐαίνειν
2777 2594 2837 2648 τὸ
2870 2592 3164 2664 όροθέσιον.
3210 2593 3271 2646 Ὀ
3315 2592 3412 2662 μὲν
3464 2593 3573 2660 γὰρ
3610 2592 3733 2645 δισ-

2146 2686 2435 2757 εξάδελφος
2451 2687 2499 2720 ⁸³
2535 2688 2670 2759 πρὸς
2691 2687 2789 2757 τὴν
2816 2686 2909 2740 τοῦ
2939 2686 3320 2753 δισεξαδέλφου
3351 2683 3519 2736 αὑτοῦ
3549 2683 3725 2749 θυγαο

2145 2781 2281 2852 τέρα
2323 2780 2601 2851 ἐρωτικῶς
2632 2778 2841 2835 ἀπιδὼν
2862 2820 2878 2846 ,
2908 2778 3298 2849 ὲπιγαυριάσει
3321 2818 3336 2843 ,
3366 2778 3461 2830 τὸν
3498 2776 3730 2846 νομικὸν

2144 2873 2269 2943 ὅρον
2301 2872 2375 2943 μὴ
2413 2871 2947 2944 παραφυλαξάμενος
2979 2869 3242 2940 καθαρῶς
3267 2909 3282 2932 ,
3314 2869 3391 2931 ὡς
3423 2870 3594 2931 ἵππος
3627 2868 3729 2921 ἐπὶ

2144 2966 2205 3020 τὸ
2240 2966 2497 3035 συγγενὲς
2528 2966 2897 3036 ἐχρεμέτισεν,
2931 2964 2990 3016 ού
3022 2964 3271 3035 γαμέτης
3320 2961 3455 3015 ἀλλά
3487 2961 3729 3031 φθορεὺς

2145 3058 2396 3111 ἐντεῦθεν
2446 3058 2786 3129 κρινόμενος.
2829 3056 2890 3109 '0
2915 3056 2971 3109 δέ
3012 3071 3076 3122 γε
3121 3055 3568 3123 τρισεξάδελφος,
3614 3053 3729 3107 τῶν

465 3117 650 3200 ducet.
680 3144 745 3198 Et
780 3143 902 3199 ideo
944 3142 1308 3215 ignominioso
1341 3143 1409 3196 ab
1437 3117 1540 3196 hac
1574 3141 1944 3211 separabitur,
1984 3148 2036 3195 et

2148 3117 2677 3218 καταριθμουμένων
2720 3117 2777 3199 ἐν
2820 3117 3056 3199 κωλύσει
3196 3117 3462 3216 νομοθέτῇ
3496 3143 3730 3214 βαθμῶν

464 3235 557 3306 qui
596 3235 785 3289 oscula
831 3234 960 3289 huic
998 3234 1264 3300 exhibuit,
1297 3233 1489 3288 velutc
1537 3233 1783 3302 quaedam
1824 3230 2036 3287 delecta

462 3328 790 3398 Sponsalitia
817 3342 1043 3382 munera
1075 3326 1473 3397 prohibitarum
1510 3326 1822 3396 nuptiarum
1850 3324 1896 3379 ei
1924 3325 2033 3377 lar-

464 3420 662 3490 gietur.
704 3417 966 3484 Quaenam
1000 3432 1127 3472 vero
1169 3419 1281 3472 haec
1314 3415 1832 3487 sunt?Perpetuum
1865 3415 2032 3470 dede-

464 3524 585 3572 cus,
618 3518 671 3564 et
702 3508 963 3562 illaudata
998 3506 1163 3561 fama.
1207 3506 1393 3577 ltaque
1424 3512 1648 3576 pr0pter
1682 3505 1782 3562 has
1817 3505 2031 3570 sordes,

465 3611 521 3659 et
556 3601 990 3671 inquinationetn
1024 3599 1515 3669 confusionemque
1548 3599 1761 3669 generis
1794 3607 1849 3652 et
1882 3613 2035 3652 corn-

464 3695 778 3750 mistionem
811 3692 1080 3761 cognatici
1112 3691 1417 3761 sanguinis,
1451 3690 1719 3759 piissime,
1751 3689 1806 3744 in
1843 3689 1911 3744 iis
1942 3689 2037 3759 qui

461 3785 681 3857 septimi
711 3792 838 3841 sunt
865 3784 1067 3855 gradus
1093 3798 1159 3839 ex
1191 3792 1508 3837 transverso
1530 3782 1735 3852 nuptiae
1764 3795 1872 3835 non
1901 3795 2037 3835 con-

466 3888 848 3946 numerantur,
884 3892 1060 3948 neque
1092 3892 1120 3932 a
1154 3878 1293 3932 bene
1327 3875 1693 3932 sentientibus
1726 3888 2038 3945 agnoscun-

464 3978 574 4036 tur,
604 3985 637 4025 e
666 3984 898 4025 numero
936 3968 1305 4039 legitimorum
1346 3967 1731 4039 coniugiorum
1779 3968 2035 4038 religiose

461 4064 723 4134 explosae.

2144 3240 2430 3310 τυγχάνων
2470 3238 2612 3302 ἔξω,
2668 3238 2823 3309 είπερ
2875 3236 3213 3299 ἀναποδίσας
3245 3236 3568 3307 ὐπεραναϐῇ
3629 3236 3726 3288 τὸν

2142 3332 2417 3402 φραγμὸν,
2449 3331 2544 3384 καὶ
2572 3330 2670 3400 τὴν
2711 3329 3151 3401 τρισεξαδελφίαν
3198 3330 3387 3398 ἀφεὶς,
3442 3330 3577 3382 είσω
3613 3329 3727 3382 τῶν

2140 3424 2535 3492 κεκωλυμένων
2567 3423 2887 3494 είσπηδήσει
2909 3423 3124 3491 γάμων,
3159 3423 3251 3475 καὶ
3283 3426 3348 3493 τῇ
3395 3421 3490 3474 τοῦ
3515 3422 3724 3493 πατρὸς

2135 3515 2487 3587 δισεξαδὲλφῃ
2557 3515 2972 3586 παρεισφθαρῇ,
3059 3513 3362 3577 ἐπιϐούλως
3441 3514 3553 3583 ἀρα
3628 3514 3722 3565 καὶ

2144 3606 2452 3679 λῃστρικῶς
2476 3609 2522 3642 ⁸⁸
2560 3608 2654 3661 καὶ
2692 3608 2751 3661 ού
2781 3606 3026 3677 νομίμως
3064 3608 3269 3676 ταύτην
3304 3607 3573 3676 γαμήσει.
3614 3607 3726 3658 Καὶ

2139 3700 2228 3753 διὰ
2259 3700 2427 3754 ταῦτα
2457 3699 2669 3770 ἀτίμως
2691 3698 2895 3768 ταύτης
2923 3698 3347 3770 διαιρεθήσεται,
3370 3697 3464 3749 καὶ
3496 3696 3568 3749 τὰ
3590 3696 3724 3763 πρὸς

2140 3792 2345 3862 ταύτην
2374 3791 2617 3862 αἰσχρῶς
2650 3790 2693 3823 ⁸⁸
2739 3789 3036 3860 συντρίψας
3081 3789 3298 3858 φίλτρα,
3350 3788 3490 3858 μόνα
3540 3786 3723 3859 ταύτῃ

2139 3881 2248 3937 τῶν
2291 3880 2755 3952 ἀπηγορευμένων
2788 3880 3012 3950 γάμων,
3043 3878 3229 3949 ὥσπερ
3261 3879 3385 3932 τινα
3429 3876 3563 3931 ἕδνα
3614 3894 3719 3945 χα-

2147 3974 2355 4045 ρίσεται
2371 3974 2439 4027 τὰ
2457 3973 2729 4044 ἐξαίρετα.
2751 3973 2882 4026 Τίνα
2899 3973 2963 4043 δὴ
2985 3971 3155 4024 ταῦτα
3175 3987 3190 4036 ;
3222 3968 3461 4031 Ὀνειδος
3479 3966 3723 4032 αἰώνιον,

2148 4066 2239 4117 καὶ
2277 4070 2464 4135 φήμην
2490 4067 2589 4118 ούκ
2620 4064 2887 4134 εὔφημον.
2918 4064 3016 4117 Διά
3054 4060 3228 4115 ταῦτα
3261 4058 3392 4127 γοῦν
3433 4060 3501 4111 τά
3548 4058 3726 4128 ρύπά-

462 4175 661 4226 σματα,
695 4157 906 4213 καὶτὸν
931 4156 1143 4229 φυρμὸν
1176 4157 1271 4212 καὶ
1291 4157 1391 4226 τὴν
1415 4156 1676 4226 σύγχυσιν
1692 4154 1787 4209 τοῦ
1814 4154 2024 4223 γένους,
2070 4160 2163 4210 καὶ
2210 4161 2309 4226 τὴν
2357 4158 2637 4227 ἐπιμιξίαν
2677 4156 2770 4209 τού
2804 4154 3127 4224 συγγενικοῦ
3195 4152 3429 4222 αἵματος
3450 4189 3467 4213 ,
3539 4151 3725 4217 θεοφι-

461 4252 713 4319 λέστατε,
747 4252 842 4306 ἐπὶ
873 4252 980 4306 τῶν
1016 4253 1079 4304 ὲκ
1104 4251 1338 4319 πλαγίου
1367 4250 1396 4302 ὀ
1427 4250 1522 4302 τού
1554 4250 1779 4318 ἑϐδόμου
1819 4248 2034 4319 βαθμοῦ
2080 4253 2142 4306 ού
2170 4251 2688 4322 συγκατηρίθμηται
2721 4252 2919 4320 γάμος,
2967 4249 3089 4301 οὐδὲ
3161 4248 3272 4310 τοῖς
3314 4245 3373 4298 εὖ
3459 4243 3725 4318 φρονοῦσι

460 4344 811 4416 γνωρίζεται,
842 4343 952 4396 τῶν
997 4343 1240 4414 ἐννόμων
1293 4340 1831 4410 ὲκφυλοφορούμενος
1880 4342 2247 4398 εὐσεϐέστατα
2301 4344 2668 4398 συνοικεσίων.

537 4438 630 4491 Sic
661 4436 1181 4507 jurisconsultornm
1226 4436 1620 4503 praeceptiones
1661 4436 1849 4488 volunt
1897 4452 1912 4488 :

460 4529 831 4601 antiquissimi
882 4528 1191 4597 sapientum
1234 4526 1480 4596 jndieum
1526 4528 1592 4579 ab
1626 4526 1784 4580 initio
1818 4526 1885 4579 ad
1930 4526 2035 4582 hoc

464 4638 637 4694 usque
680 4632 892 4692 tempus
913 4620 979 4675 de
1009 4620 1093 4677 his
1147 4620 1589 4690 pronuntiarunt,
1622 4628 1676 4673 et
1720 4619 2033 4688 liujnsmodi

461 4716 669 4787 nuptiis
704 4715 995 4769 terminum
1025 4720 1344 4782 posuerunt.
1381 4711 1532 4765 Talia
1564 4711 1727 4766 etiam
1753 4712 2027 4766 clarorum

462 4821 894 4877 magnorumque
925 4806 1164 4859 virorum
1197 4805 1497 4859 constituta
1546 4810 1677 4859 sunt
1724 4810 1779 4857 et
1820 4803 2029 4857 consti-

461 4904 681 4954 tuentur
736 4895 1011 4966 conjngia,
1062 4906 1114 4950 et
1168 4896 1348 4949 adhuc
1401 4895 1831 4960 constituuntur,
1896 4894 2031 4949 irre-

462 4989 881 5061 prehensibilem
919 4989 1172 5042 habentia
1208 4988 1539 5052 mistionem,
1599 4995 1654 5042 et
1688 4986 2031 5057 cognationis

459 5097 659 5138 cruore
684 5084 899 5136 thorun-
958 5083 1365 5135 inunaeulatnm
1421 5082 1569 5135 nullo
1640 5080 1802 5135 modo
1846 5079 2031 5149 inqui-

462 5178 668 5231 nantia.
701 5174 839 5230 Cum
864 5186 1041 5228 autem
1088 5175 1277 5228 beatus
1318 5176 1460 5227 inter
1490 5174 1831 5243 patriarchas
1858 5171 2031 5224 domi-

460 5280 565 5323 nus
603 5265 880 5321 Sisinnius
901 5264 1169 5318 inveniret
1204 5262 1285 5332 (ut
1316 5261 1553 5331 videtur)
1592 5277 1691 5316 sua
1723 5269 1901 5324 aetate,
1936 5264 2027 5329 qui

1957 4435 2037 4490 sic
2072 4442 2114 4496 D
2214 4437 2370 4491 Οὕτω
2391 4437 2502 4500 τοῖς
2524 4436 2765 4503 νομικοῖς
2784 4434 2853 4496 τά
2873 4432 3219 4503 διατάγματα
3238 4429 3541 4500 βούλονται*
3574 4428 3723 4483 οὕτω

2145 4529 2238 4582 καὶ
2257 4531 2305 4582 oi
2337 4528 2656 4582 παλαίτατοι
2682 4526 2789 4579 τῶν
2815 4526 3142 4595 σοφωτάτων
3163 4520 3433 4577 δικαστῶν
3454 4520 3516 4584 ἐξ
3543 4521 3723 4591 ἀρχῆς

2141 4620 2235 4672 καὶ
2266 4618 2392 4688 ἀχρι
2417 4617 2524 4671 τῶν
2551 4616 2646 4671 νῦν
2672 4615 2880 4687 καιρῶν
2908 4616 3035 4684 περὶ
3063 4613 3267 4666 τούτων
3289 4611 3717 4674 διετυπὼσαντο,

2141 4711 2237 4764 καὶ
2266 4697 2511 4763 τοιοῦτον
2536 4711 2648 4773 τοῖς
2682 4707 2881 4777 γάμοις
2921 4705 3231 4784 τεθείκασιν
3259 4703 3430 4774 ὄριον.
3462 4703 3574 4756 Καὶ
3606 4718 3723 4755 τοι·

2138 4801 2279 4856 αὕτα
2321 4799 2636 4872 περιφανῶν
2681 4800 2776 4854 καὶ
2816 4797 3069 4870 μεγάλων
3101 4796 3313 4869 ἀνδρῶν
3350 4795 3585 4865 συνέστη
3620 4792 3721 4847 καὶ

2141 4893 2499 4963 συστήσονται
2533 4889 2859 4953 συνοικέσια,
2891 4889 2987 4942 καὶ
3016 4887 3097 4940 ἔτι
3138 4886 3524 4951 συνίστανται,
3565 4883 3721 4953 ἀμῶ-

2142 4999 2311 5055 μητον
2345 4983 2443 5052 τὴν
2481 4982 2627 5051 μίξιν
2655 4980 2889 5034 λαϐόντα
2910 5019 2925 5044 ,
2958 4978 3052 5033 καὶ
3082 4977 3159 5049 τῷ
3190 4975 3499 5045 συγγενικῷ
3533 4974 3721 5045 λύθρῳ

2137 5078 2236 5147 τὴν
2287 5075 2551 5145 ἀμίαντον
2607 5073 2794 5143 κοίτην
2849 5071 3097 5143 μηδόλως
3157 5069 3475 5140 μολύνοντα.
3545 5068 3606 5120 '0
3658 5066 3716 5117 δὲ

2141 5170 2479 5241 μακαριστὸς
2506 5170 2562 5222 έν
2590 5168 2956 5239 πατριάρχαις
2986 5164 3171 5233 κύριος
3202 5163 3483 5226 Σισίννιος,
3510 5158 3714 5230 εὑρὼν.

2139 5263 2215 5324 ὡς
2247 5261 2443 5324 ἔοικεν,
2480 5260 2537 5312 ἑν
2565 5261 2677 5322 τοῖς
2707 5257 2825 5311 κατ’
2856 5256 3022 5312 αὐτὸν
3052 5254 3263 5326 χρόνοις
3290 5251 3517 5321 ἀναίδην
3542 5249 3589 5280 ιι
3619 5248 3712 5300 ἐπὶ

1740 5421 1971 5477 VARUS
1991 5422 2412 5499 .LECTIOBES.

528 5546 576 5578 τ’
617 5543 859 5614 σινάιῖιω.
935 5542 978 5575 ⁸⁷
1010 5542 1102 5614 ὲκᾲ
1132 5555 1321 5614 τουτου
1348 5538 1590 5614 μηδόλως
1615 5542 1928 5612 καταρρυπ.
2006 5539 2053 5573 ⁸⁸
2088 5541 2484 5610 κατεστήσατο.
2561 5541 2606 5572 ⁸⁸
2635 5540 2681 5593 εἰ
2712 5540 2809 5610 μὲν
2837 5538 2945 5609 γὰρ
2976 5539 3005 5592 ὁ
3037 5532 3438 5602 δισεξάδελφος.
3517 5531 3563 5563 ⁸⁸
3610 5525 3707 5585 καὶ

840 5614 882 5647 ⁶¹
910 5612 1131 5682 αἰσχρά.
1212 5611 1254 5641 ⁸³
1289 5610 1500 5679 ἀνέδην.

461 5633 527 5686 6';
537 5616 625 5669 αλε
638 5617 764 5685 ρῶς.

535 5735 561 5779 ι»
594 5744 639 5786 et
673 5730 981 5798 periculose.
1063 5740 1084 5768 ε
1125 5738 1172 5784 et
1205 5738 1407 5798 turpem
1434 5743 1557 5799 ergo
1589 5726 1737 5780 illam
1772 5739 2001 5779 amarem
2045 5721 2282 5791 abolens,
2323 5722 2481 5777 velut.
