3950 6572
226 520 341 586 753

1522 515 1788 577 GRAECO
1817 516 2218 577 ROMANUM.

3384 500 3492 568 751

228 637 346 689 τῶν
380 629 438 697 ἒξ
471 630 784 701 ἀγχιστείας
814 646 939 692 τους
974 627 1067 681 τοῦ
1110 629 1270 681 ἕκτου
1315 626 1677 698 μιγνυμένους
1718 626 1812 695 βα-

1927 624 2392 697 seimpudenterd
2426 630 2580 679 sexto
2635 619 2803 691 gradu
2855 616 3133 672 affinitatis
3171 614 3495 677 miscerent,

230 724 411 795 θμοῦ,
436 723 532 775 καὶ
573 720 963 791 ἁνεπιτξμητον
1008 720 1067 773 ὃν
1113 718 1372 787 ἀδελφοὺς
1412 711 1695 772 δύαδυσὶν
1725 718 1814 784 ἐξ·

230 817 496 884 αδέλφαις
531 813 776 884 πρώταις
820 813 1226 883 ἑτερογενέσιν,
1269 812 1301 881 ἦ
1335 811 1455 882 θείᾳ
1488 811 1693 881 μείζονι
1725 811 1816 863 καὶ

228 906 435 976 ἀνεψιᾷ
463 902 845 974 συνέρχεσθαι,
878 904 974 957 καὶ
995 902 1085 955 τὸν
1114 903 1291 973 γάμον
1317 903 1542 972 αἰσχρὸν
1571 897 1710 955 εῖναι
1742 902 1817 974 μὴ

226 995 614 1051 δοκεῖνοτοῦτο
642 995 740 1066 μὲν
767 995 856 1048 διὰ
885 992 1083 1061 νεαροῦ
1107 990 1388 1048 κεκώλυκε
1420 995 1815 1064 θεσπίσματος,

227 1089 299 1142 τά
338 1088 402 1142 δὲ
446 1088 603 1150 me;
645 1086 852 1141 τούτων
882 1086 1094 1155 ἀφῆκεν
1142 1086 1505 1157 ἀπεριόριστα
1539 1086 1633 1139 καὶ
1671 1084 1819 1139 ἀχώ·

226 1179 391 1233 λυτα.
424 1177 610 1232 Εἰπὼν
641 1179 751 1248 γὰρ
791 1178 866 1248 μὴ
900 1176 1161 1231 δύνασθαι
1190 1177 1332 1231 θεῖον
1358 1179 1451 1232 καλ⁵
1481 1177 1701 1248 ἀνεψιὸν
1726 1178 1820 1232 δύο

223 1269 476 1339 ἀδελφάς
494 1270 817 1341 λαμϐάνειν,
840 1269 873 1339 ἢ
892 1269 986 1323 δύο
1003 1269 1266 1339 ἀδελφοὺς
1282 1270 1433 1323 θείαν
1456 1270 1549 1323 καὶ
1569 1270 1815 1340 avertim-

228 1364 350 1428 καὶ,
380 1363 412 1416 ὃ
442 1364 593 1417 δοκεῖ
626 1361 812 1432 μεῖζον
847 1361 1156 1432 ἁμάρτημα
1184 1361 1260 1431 τῷ
1292 1361 1628 1433 πατριάρχῃ,
1658 1362 1818 1416 ἀπει-

227 1454 448 1527 ρηκὼς,
477 1455 573 1508 δύο
600 1454 865 1523 ἀδελφοὺς
891 1451 984 1506 δύο
1005 1452 1324 1522 έξαδέλφαις
1349 1452 1596 1522 πρώταις
1625 1454 1819 1525 μίγνυ-

226 1548 358 1601 σθαι
392 1547 674 1617 γαμικῶς,
709 1546 784 1608 ὡς
815 1549 878 1600 ὲκ
923 1546 1113 1600 τούτου
1150 1545 1465 1615 συγχύσεως
1500 1546 1608 1599 τῶν
1644 1547 1819 1616 γενῶν

224 1636 767 1709 ὲπισυμϐαινούσης,
793 1639 887 1691 καὶ
921 1637 1029 1690 τῶν
1069 1637 1357 1707 ὀνομάτων
1401 1636 1779 1708 συμπτώσεως
1803 1654 1816 1669 ο

232 1730 329 1783 καὶ
384 1732 557 1801 μέχρι
606 1729 797 1784 τούτου
854 1729 951 1793 τὰς
1007 1727 1358 1799 κωλυομένας
1386 1728 1431 1761 ⁸³
1474 1728 1821 1799 περιγραψά-

228 1840 395 1893 μενος
430 1823 542 1875 τῶν
576 1820 963 1883 συνελεύσεων,
998 1821 1092 1873 καὶ
1126 1822 1198 1890 μή
1231 1837 1283 1873 τι
1318 1823 1643 1891 ὲκφωνήσας
1682 1820 1821 1892 ὑπὲρ

228 1913 443 1976 ταύτας
466 1931 479 1943 ι
510 1914 658 1966 δοκεῖ
685 1913 1022 1981 σαφέστατα,
1053 1911 1145 1964 τὸν
1178 1911 1276 1981 μὲν
1298 1910 1389 1964 τοῦ
1414 1910 1571 1964 ἕκτου
1607 1911 1818 1983 βαθμοῦ

1919 726 1973 773 et
2022 726 2174 779 extra
2225 714 2702 785 reprehensionem
2757 726 2878 767 esse
2939 709 3140 764 fratres
3177 708 3316 763 dues
3366 723 3490 763 cum

1919 810 2133 864 duabus
2177 808 2529 863 consobrinis
2569 804 2793 861 alterius
2837 800 3199 872 cognationis,
3231 808 3325 855 aut
3368 814 3491 853 cum

1921 902 2086 955 amita
2117 908 2477 956 materterave
2505 898 2731 968 majore,
2761 905 2815 950 et
2869 894 3051 949 fratris
3080 894 3359 950 sororisve
3385 890 3493 946 (ilia

1920 993 2201 1066 congredi,
2255 1008 2354 1047 nec
2409 1001 2599 1062 turpes
2653 1006 2778 1046 esse
2854 991 3025 1045 videri
3085 987 3327 1059 nuptias,
3387 985 3494 1040 hoc

1920 1085 2139 1155 quidem
2174 1085 2386 1140 novella
2413 1082 2698 1141 sanctione
2729 1081 2901 1136 vetuit
2924 1094 2938 1138 :
2960 1091 3113 1134 extra
3138 1079 3253 1133 haec
3287 1085 3493 1143 autem,

1921 1183 2117 1231 cmtera
2151 1175 2436 1230 indefinita
2470 1190 2569 1230 nec
2596 1174 2871 1245 prohibita
2907 1173 3150 1243 reliquit.
3181 1170 3317 1227 Cum
3346 1169 3493 1225 enim

1921 1269 2060 1323 dixit
2083 1275 2335 1338 patruum
2388 1268 2472 1322 vel
2519 1266 2873 1332 avunculum,
2912 1274 2966 1322 et
2995 1264 3182 1321 fratris
3216 1262 3495 1320 sororisre

1923 1361 2091 1415 lilium
2122 1375 2231 1414 non
2258 1374 2418 1429 posse
2447 1358 2585 1415 duas
2635 1371 2855 1415 sorores
2889 1356 3161 1427 accipere,
3214 1364 3310 1410 aut
3354 1354 3496 1410 duos
3542 1339 3554 1349 ’

1921 1454 2121 1509 fratres
2169 1456 2390 1508 amitam
2432 1460 2867 1515 materteramre,
2921 1458 2974 1505 et
3010 1448 3194 1504 fratris
3219 1448 3497 1504 sororisve

1922 1548 2086 1603 filiam
2122 1565 2136 1602 :
2167 1558 2239 1610 et,
2262 1545 2402 1617 quod
2424 1545 2745 1617 patriarchae
2772 1544 2949 1615 majus
2970 1542 3186 1599 videtur
3212 1541 3493 1609 delictum,

1922 1656 2045 1695 cum
2109 1638 2384 1711 prohibuit
2420 1639 2560 1695 duos
2622 1638 2818 1693 iratres
2871 1635 3088 1691 misceri
3130 1649 3225 1705 per
3273 1633 3496 1703 nuptias

1922 1733 2133 1787 duabus
2160 1731 2509 1787 consobrinis
2541 1743 2555 1789 :
2587 1729 2745 1801 quasi
2770 1744 2834 1784 ex
2865 1727 2950 1782 his
2977 1741 3236 1798 generum
3258 1726 3497 1780 oriretur

1922 1822 2174 1879 confusio
2239 1830 2292 1878 et
2335 1823 2619 1876 nominum
2672 1819 3023 1875 conturbatio
3071 1826 3178 1872 :et
3231 1818 3498 1873 hactenus

1922 1916 2117 1969 vetitas
2184 1914 2618 1982 circumscripsit
2707 1910 2994 1974 coitiones,
3061 1909 3196 1963 nihil
3266 1908 3499 1978 amplius

227 2006 325 2059 καὶ
366 2006 469 2058 τὸν
519 2005 819 2059 κατωτάτω
857 2003 1047 2056 τούτευ
1088 2004 1283 2072 γάμων
1315 2002 1581 2068 κωλύειν,
1616 2005 1710 2057 καὶ
1744 2005 1820 2075 μὴ

1927 2008 1991 2063 de
2014 2009 2080 2062 iis
2110 2009 2421 2078 exprimens
2450 2021 2463 2065 :
2489 2007 2703 2061 videtur
2727 2004 3069 2075 apertissime
3106 2002 3244 2059 sexti
3278 2002 3500 2073 quidem

229 2100 548 2169 συγχωρεῖν
586 2096 768 2167 χώραν
796 2095 1185 2165 διαλαμϐάνειν
1209 2094 1277 2149 ⁸⁸.
1322 2095 1445 2149 Τῶν
1471 2096 1516 2150 δ’
1553 2096 1823 2168 ὐπερϐαιυ

231 2189 443 2242 υόντων
474 2190 566 2242 τὸν
599 2188 757 2240 ἕκτον
786 2187 911 2257 ὅρον
942 2185 1173 2256 θεμιτὴν
1200 2185 1299 2256 τὴν
1331 2187 1630 2256 συνάφειαν
1671 2188 1823 2259 ἠγεῖ-

234 2280 397 2334 σθαιο
433 2280 606 2333 ταύτὰ
646 2283 759 2342 τοῖς
791 2278 959 2332 πάλαι
992 2276 1298 2346 νομοθετῶν
1337 2278 1695 2348 νομοθέταις,
1733 2280 1826 2332 καὶ

234 2370 547 2436 κανονὶζων
572 2373 791 2443 ἱεροπρε
802 2369 1062 2424 πέσταταο
1090 2370 1187 2422 κα)⁸
1208 2369 1406 2441 μᾶλλον
1430 2370 1590 2424 πλέον
1619 2371 1825 2425 τούτων

232 2463 325 2517 τὸν
349 2462 418 2529 ἐξ
434 2463 752 2533 ἀγχιστείας
775 2461 1142 2533 περιστέλλων
1166 2463 1264 2515 καὶ
1283 2462 1599 2532 συσφίγγων
1625 2463 1822 2533 γάμον.

238 2557 304 2610 '0
334 2555 453 2628 γὰρ
499 2558 695 2611 ἐκεῖνοι
752 2557 914 2628 μέχρι
948 2557 1213 2628 τετάρτου
1246 2555 1481 2627 ἔστησαν
1514 2555 1757 2628 βαθμοῦ,
1789 2554 1824 2628 ἢ

231 2650 320 2703 διὰ
349 2651 421 2702 τὸ
460 2650 737 2720 εὐπρεπὲς
770 2651 1178 2722 ἀπειρήκασιν,
1213 2650 1459 2712 εἰπόντες
1502 2649 1677 2714 οὕτως
1700 2668 1713 2680 ·
1750 2652 1825 2704 Ού

232 2739 481 2809 δύναμαι
511 2740 805 2808 λαμϐάνειν
833 2740 934 2811 τὴν
971 2739 1034 2804 ἐξ
1065 2739 1224 2795 ἄλλου
1257 2738 1529 2808 θυγατέρα
1555 2740 1654 2808 τῆς
1687 2740 1826 2810 ὲμῆς

235 2832 496 2901 γαμετῆς
519 2847 530 2860 ·
579 2830 610 2901 ἢ
640 2831 737 2903 τὴν
786 2833 1048 2902 ἐγγόνην,
1087 2831 1119 2902 ἢ
1157 2832 1496 2902 προεγγόνην
1524 2847 1537 2862 ο
1571 2832 1691 2885 οὐδὲ
1727 2834 1825 2902 τὴν

236 2923 497 2993 γαμετὴν
527 2918 621 2976 τοῦ
652 2922 769 2976 υἱοῦ
801 2940 926 2994 μου,
959 2923 992 2995 ἢ
1022 2924 1114 2977 τοῦ
1146 2924 1392 2992 ἐκγόνου,
1432 2924 1465 2994 ἢ
1502 2922 1596 2977 τοῦ
1628 2941 1827 2994 προεκ-

236 3019 405 3085 γόνου
441 3032 568 3085 μουσ
601 3016 715 3069 ἀλλ’
751 3018 872 3070 οὐδὲ
905 3016 1005 3088 τὴν
1036 3016 1308 3086 πενθεράν
1338 3032 1459 3086 μου,
1491 3014 1524 3086 ἦ
1578 3015 1679 3086 τὴν
1722 3034 1825 3087 μη-

236 3111 442 3181 τρυιάν
472 3123 598 3178 μου·
624 3101 776 3172 οὗτος
802 3109 830 3161 ὁ
860 3108 1021 3178 σοφὸς
1050 3108 1119 3162 τὰ
1140 3107 1259 3161 θεῖα
1291 3107 1658 3178 πατριάρχης,
1691 3108 1827 3179 μηδὲ

234 3201 421 3255 ταῦτα
452 3200 486 3272 ἢ
518 3200 685 3254 τᾶλλα
709 3200 909 3271 νομικᾶ
941 3198 1247 3268 κωλύματα
1277 3197 1539 3269 παριδὼν,
1571 3197 1707 3252 ἀλλά
1735 3198 1828 3251 καὶ

236 3293 302 3346 τά
340 3292 543 3363 μέχρις
568 3293 728 3345 ἕκτου
759 3292 970 3362 βαθμοῦ
1002 3288 1254 3354 κωλύσας
1292 3290 1740 3362 ὲπεκτεινόμενα,
1768 3291 1826 3342 ἐν

235 3386 422 3455 τούτῳ
482 3385 631 3455 μόνῳ
681 3385 742 3436 τὸ
799 3384 1100 3437 κωλυτικὴν
1156 3383 1309 3435 ἔθετο
1362 3382 1530 3453 ὅριον.
1569 3383 1747 3452 Ὅπερ
1780 3382 1825 3415 ⁴³

239 3476 536 3547 παρελθὼν
553 3474 603 3508 ⁸⁵
632 3476 806 3539 οὐδεὶς
841 3475 929 3529 τοῦ
960 3475 1355 3546 Χριστωνύμου
1398 3475 1553 3539 λαοῦ,
1581 3476 1828 3530 ἀνεπιτί-

242 3587 320 3639 μη
330 3587 422 3632 τος
440 3568 772 3638 ὑποστρέφει
790 3555 943 3634 ποτὲ,
972 3568 1105 3621 ἀλλὰ
1122 3571 1186 3640 τῇ
1207 3568 1437 3641 αἰσχύνῃ
1455 3568 1515 3621 τὸ
1534 3568 1830 3640 πρόσωπον

239 3661 748 3731 ἐπικαλυψάμενος,
787 3661 1191 3733 καταθρηνήσει
1226 3662 1415 3716 πολλά.
1446 3662 1577 3715 "Ars
1611 3663 1719 3734 γὰρ
1750 3661 1829 3714 δι-

242 3753 570 3823 καστηρίοις
606 3754 671 3807 ἐκ
706 3753 913 3806 παίδων
947 3754 1386 3825 ἐντεθραμμένος
1420 3755 1649 3820 ἐκεῖνος,
1680 3756 1707 3807 ὁ
1738 3755 1832 3807 καὶ

240 3845 332 3898 τὸν
366 3844 565 3916 χρόνον
607 3846 701 3898 καὶ
728 3844 824 3915 τὴν
870 3845 1085 3900 σύνεσιν
1118 3846 1320 3910 πολιὸς,
1358 3846 1453 3898 καὶ
1482 3845 1579 3906 τὰς
1602 3846 1832 3914 νομικὰς

246 3938 349 4007 μὲν
387 3936 683 3991 ἀνελίττων
721 3936 939 4007 βίϐλους
974 3937 1100 3991 καθ’
1133 3939 1402 4008 ἑκάστην,
1439 3940 1747 3994 τελευταῖον
1776 3938 1832 3991 δὲ

245 4035 342 4087 καὶ
373 4033 469 4087 ἐπὶ
501 4034 561 4085 τδ
595 4035 738 4104 ἱερὸν
769 4032 1000 4097 καθίσας
1030 4032 1329 4103 συνέδριον,
1363 4033 1457 4086 καὶ
1490 4033 1556 4086 τά
1585 4033 1690 4086 τῶν
1718 4032 1834 4086 θεο-

247 4126 435 4195 φόρων
461 4124 670 4194 ἀνδρῶν
699 4122 935 4178 συνελὼν
961 4125 1029 4155 ⁶⁶’
1053 4125 1428 4193 κανονίσματα
1446 4163 1461 4187 ,
1499 4124 1594 4178 καὶ
1629 4139 1833 4177 παντα-

247 4216 415 4285 χόθεν
435 4214 499 4268 τὸ
521 4215 717 4284 σεμνὸν
744 4214 840 4269 καὶ
861 4215 1042 4284 τίμιον
1064 4214 1479 4284 συλλεξάμενος,
1497 4216 1597 4269 οὑκ
1619 4213 1833 4287 ὤκνησε

246 4307 361 4360 τῶν
398 4306 752 4360 συνοικεσίων
794 4306 1198 4377 ἀκριϐεστάτην
1236 4306 1390 4371 τάξιν
1423 4307 1698 4372 ἐκθεῖναι,
1738 4309 1836 4361 καὶ

246 4397 422 4466 τόμον
450 4394 570 4447 νέον
594 4413 657 4448 πε
669 4396 725 4466 ρὶ
755 4397 959 4449 τούτων
988 4396 1431 4468 συγγράψασθαι,
1457 4398 1552 4450 καὶ
1572 4399 1682 4461 τοῖς
1715 4396 1834 4467 μετ’

247 4489 419 4543 αὑτὸν
446 4488 798 4553 καταλιπεῖν,
831 4488 1237 4560 στηλογραφίαν
1277 4490 1446 4553 ὅντως
1495 4490 1702 4562 ἀψευδῆ
1738 4491 1835 4544 καὶ

248 4578 560 4649 ἀμώμητον
580 4618 595 4641 ,
627 4577 877 4650 καθαρὰν
909 4576 987 4648 τῷ
1027 4578 1255 4649 βροτείῳ
1294 4578 1442 4646 γένει
1472 4576 1570 4640 τὴν
1599 4577 1835 4651 ὓπαρξιν

1926 2102 2128 2171 gradus
2162 2111 2215 2156 et
2255 2101 2535 2155 inferioris
2576 2100 2794 2169 nuptias
2825 2107 3031 2162 vetare,
3066 2112 3164 2151 nec
3196 2096 3501 2153 concedere

1927 2194 2105 2248 locum
2162 2192 2363 2248 habere
2396 2207 2413 2246 ι
2456 2207 2646 2247 eorum
2681 2199 2863 2245 autem
2898 2191 2988 2261 qui
3023 2201 3235 2246 sextum
3272 2188 3502 2259 gradum

1926 2290 2215 2357 excedunt,
2262 2290 2466 2344 licitam
2513 2288 2829 2344 existimare
2861 2287 3110 2358 copulam
3153 2286 3341 2342 eadem
3373 2299 3499 2339 cum

1928 2382 2170 2453 antiquis
2207 2381 2617 2454 legislatoribus
2658 2381 2937 2446 sanciens,
2992 2387 3044 2436 et
3095 2393 3251 2434 sacra
3287 2378 3497 2432 consti-

1929 2482 2089 2529 tuens
2124 2475 2313 2545 regula
2353 2492 2369 2530 :
2402 2473 2578 2543 magis
2605 2474 2767 2527 etiam
2799 2487 2963 2543 quam
3000 2471 3054 2526 bi
3093 2469 3421 2526 contrahens
3444 2478 3499 2520 et

1928 2565 2308 2635 constringens
2332 2580 2399 2620 ex
2456 2564 2718 2619 afﬁnitate
2754 2564 2994 2633 nuptias.
3028 2561 3184 2629 Quod
3217 2560 3361 2616 enim
3422 2558 3503 2612 illi

1929 2668 2104 2721 usque
2136 2652 2204 2707 ad
2239 2659 2496 2720 quartum
2552 2651 2809 2707 stiterunt
2848 2649 3100 2721 gradum,
3141 2657 3236 2704 aut
3282 2655 3504 2719 propter

1930 2746 2266 2800 honestatem
2292 2744 2710 2815 prohibuerunt,
2741 2744 2812 2798 ita
2837 2743 3079 2798 dicentes
3103 2759 3117 2796 :
3138 2740 3255 2796 Non
3279 2755 3505 2809 possum

1929 2840 2179 2908 accipere
2209 2839 2398 2895 uxoris
2447 2854 2582 2893 mea;
2623 2853 2688 2893 cx
2719 2837 2828 2890 alio
2861 2836 3049 2900 tiliam,
3101 2843 3195 2889 aut
3259 2843 3500 2904 neptem,

1929 2937 2022 2984 aut
2056 2938 2396 3000 proneptem,
2454 2944 2632 3001 neque
2673 2942 2901 2983 uxorem
2957 2908 3053 2981 ﬁlii
3099 2927 3228 2988 mei.
3270 2938 3365 2980 aut
3409 2941 3506 2979 ne-

1930 3021 2075 3092 potis
2138 3031 2233 3076 aut
2286 3022 2604 3092 pronepntis
2660 3021 2761 3074 mei
2826 3017 2982 3074 :sed
3046 3032 3221 3088 neque
3284 3031 3507 3071 socrum

1928 3129 2127 3181 meam,
2164 3114 2245 3171 vel
2279 3130 2568 3170 novercam
2613 3128 2786 3166 meam
2822 3130 2835 3165 :
2891 3110 2981 3165 hic
3019 3111 3165 3165 circa
3195 3110 3379 3165 divina
3416 3127 3506 3165 sa-

1928 3208 2085 3279 piens
2118 3208 2455 3278 patriarcha,
2498 3223 2673 3277 neque
2701 3205 2800 3260 has
2830 3220 3007 3276 neque
3040 3204 3176 3259 alias
3196 3204 3504 3273 despiciens

1854 3334 1897 3394 Ο
1934 3297 2328 3369 prohibitiones
2362 3297 2458 3353 sed
2489 3308 2540 3353 et
2574 3312 2695 3369 qua:
2722 3296 2787 3351 ad
2815 3306 3027 3351 sextum
3059 3310 3231 3365 usque
3276 3295 3504 3366 gradmn

1930 3388 2285 3458 porriguntur
2342 3395 2533 3443 vetans
2597 3387 2648 3441 in
2705 3388 2808 3441 hoc
2890 3386 3008 3441 solo
3078 3385 3503 3456 prohibitorium

1932 3484 2113 3553 posuit
2147 3482 2441 3537 terminum
2481 3500 2494 3536 :
2531 3496 2691 3552 quem
2744 3495 2904 3534 nemo
2934 3495 3000 3534 ex
3046 3478 3361 3533 Christiano
3408 3494 3506 3547 po-

1930 3574 2059 3645 pulo
2090 3573 2432 3645 przeteriens,
2468 3573 2587 3627 sine
2619 3586 2852 3627 censura
2909 3585 3149 3642 unquam
3183 3578 3506 3636 revertetur,

1932 3669 2029 3725 sed
2089 3669 2297 3738 pudore
2351 3665 2615 3731 suli‘usus,
2649 3664 2855 3733 lugebit
2923 3663 3243 3734 plurimum.
3303 3660 3509 3732 Nempe

1932 3760 2198 3815 educatus
2222 3759 2310 3812 ille
2344 3758 2396 3812 in
2435 3757 2553 3812 foro
2582 3767 2637 3813 et
2669 3755 2894 3826 judieiis
2926 3771 2955 3808 a
2986 3754 3193 3826 pueris,
3223 3755 3318 3823 qui
3348 3762 3508 3810 aetate

1934 3862 1989 3908 et
2047 3852 2336 3923 prudentia
2379 3866 2572 3916 canus,
2633 3850 2941 3922 legalesque
2992 3863 3218 3903 versans
3263 3848 3511 3917 quotidie

1934 3945 2125 4011 libros,
2159 3945 2377 3999 tandem
2414 3945 2466 3996 in
2505 3957 2664 3998 sacro
2720 3956 2983 3996 consessu
3016 3943 3234 4005 sedens,
3271 3951 3323 3995 et
3367 3939 3508 3994 divi—

1934 4051 2128 4092 norum
2158 4036 2398 4090 virorum
2428 4033 2758 4088 contrahens
2795 4043 2819 4070 θ
2860 4031 3227 4094 definitiones,
3262 4037 3316 4083 et
3361 4029 3505 4097 quod

1934 4137 2145 4184 castum
2177 4129 2598 4195 honestumque,
2634 4123 2876 4194 undique
2908 4122 3191 4193 colligens,
3219 4119 3508 4175 exactissi-

1935 4238 2083 4278 mum
2115 4219 2492 4291 conjugiorum
2524 4217 2770 4272 ordinem
2818 4229 3092 4286 exponere
3135 4229 3246 4268 non
3287 4212 3507 4267 dubita-

1935 4317 2032 4381 vit,
2065 4322 2119 4370 et
2154 4328 2345 4368 novam
2376 4312 2553 4367 dehis
2576 4310 2927 4365 conscribere
2956 4306 3310 4371 decisionem,
3341 4321 3506 4376 quam

1936 4409 2174 4478 posteris
2205 4408 2561 4477 relinqueret,
2604 4403 2821 4457 titulum
2854 4401 2872 4440 ί
2906 4400 3129 4456 omnino
3157 4414 3406 4454 veracem
3453 4406 3509 4454 et

1937 4498 2509 4570 irreprehensibilem,
2573 4493 2895 4566 largientem
2949 4492 3263 4547 hominibus
3316 4505 3506 4561 puram

1937 4588 2150 4661 generis
2179 4587 2577 4650 exsistentiam,
2611 4599 2813 4654 eosque
2838 4582 2946 4637 Deo
2975 4589 3392 4637 conservantem
3416 4596 3508 4633 ca-

246 4672 346 4725 τοῦ
378 4672 575 4739 γένους
593 4668 978 4741 χαριζομένην,
1007 4670 1100 4743 κοαὶ
1123 4669 1241 4740 Θεῷ
1266 4670 1690 4742 καθαρωτάτους
1715 4673 1825 4735 ταῖς

1938 4680 2211 4736 stissimos
2249 4678 2647 4734 consuetudine
2677 4683 2730 4732 et
2773 4674 3165 4745 conjunctione
3195 4673 3508 4743 nuptiarum

246 4764 565 4834 ἐπιμιξίαις
620 4764 712 4817 κα)⁸
758 4763 1075 4831 συναφείαις
1129 4762 1239 4816 τῶν
1289 4763 1595 4834 ἀμέμπτων
1643 4763 1825 4835 γάμωι

1935 4774 2094 4843 culpa
2160 4772 2486 4828 carentium.
2518 4771 2640 4825 llaec
2671 4768 2792 4834 tibi,
2822 4766 3195 4824 sacratissime
3243 4780 3417 4836 pauca
3443 4781 3512 4821 ex

246 4859 380 4922 τοὺς
411 4856 737 4927 ἀνθρώπους
774 4855 1169 4925 φυλάττουσαν.
1207 4855 1395 4909 Ταῦτά
1444 4871 1523 4907 σοι
1546 4896 1560 4917 ,
1596 4848 1642 4909 ὧ
1673 4853 1836 4926 ἱερώ-

245 4969 408 5019 τατε,
452 4950 609 5020 ὀλίγα
644 4950 701 5018 ἐξ
739 4948 936 5018 ὀλίγων
968 4948 1105 5020 πρὸς
1142 4948 1210 5001 τά
1246 4949 1399 5023 παρά
1435 4947 1529 5001 σοῦ
1554 4948 1839 5019 γραφέντα

249 5043 387 5117 περὶ
406 5042 603 5113 γάμων
627 5041 1022 5113 ἀναλεξάμενοι
1046 5042 1141 5096 καὶ
1161 5039 1614 5113 διαχαράξαντες,
1633 5038 1838 5112 ἐκπέμ-

247 5152 431 5208 πομεν
458 5135 752 5207 Erreérw;
778 5134 845 5190 θ’.

1935 4866 2126 4938 paucis
2159 4866 2226 4919 ad
2254 4879 2341 4928 ea,
2365 4878 2487 4933 quae
2516 4877 2544 4914 a
2575 4873 2625 4917 te
2655 4859 2861 4928 scripta
2884 4865 3035 4922 sunt,
3056 4856 3124 4912 de
3155 4857 3362 4927 nuptiis
3389 4856 3528 4910 col--

1934 4957 2169 5029 ligentes
2197 4962 2253 5010 et
2284 4961 2577 5010 exarantes
2614 4951 2881 5006 mittimus
2912 4949 2969 5005 in
3000 4947 3222 5019 scriptis
3252 4949 3311 5007 ⁸..

1562 5311 1798 5370 VARUS
1833 5308 2233 5373 LECTIONES.

323 5462 372 5498 ⁸³
397 5463 817 5535 κεκωλυμέναςε
879 5462 926 5535 ⁵)
954 5461 1273 5535 λαμϐάνειν.
1349 5465 1394 5535 θὲ
1417 5465 1508 5518 τὸν
1537 5465 1669 5520 κωλ.
1699 5463 1851 5517 ἔθετο
1874 5532 1883 5535 _
1904 5465 2029 5535 ὅρον
2088 5464 2275 5534 ὅνπερ.

2385 5459 2748 5526 «segetem.
2870 5457 2914 5491 ον
2944 5455 3383 5525 ἐκπεπόμφαμεν
3416 5458 3505 5525 ὲγ·

255 5535 509 5607 γράφως.
551 5526 629 5607 gi}
661 5532 725 5607 δέ
740 5526 834 5588 καὶ
856 5526 1075 5607 πλείονα
1088 5533 1301 5607 Δτούτων
1331 5534 1407 5607 τῷ
1438 5536 1804 5607 ποριμωτάτῳ
1835 5526 2167 5607 ἐξευρίσκων
2209 5526 2307 5606 τῆς
2338 5532 2573 5607 φύσεως,
2599 5529 2803 5607 ⁸ὡραίῳ
2826 5526 3521 5607 τῆς-εὐσεϐείας-στεᾳάνφη

249 5595 321 5658 τὶ
358 5595 487 5675 περὶ
514 5605 623 5659 τῶν
662 5605 857 5676 γάμων
897 5603 1202 5677 ζητηθέντα
1241 5595 1525 5673 ὠράῐ’σον,’
1563 5595 1657 5659 καὶ
1701 5595 2238 5676 οὕτως’ὡραιοτάτην
2264 5595 2490 5667 ’πάντως
2535 5595 2680 5673 τῆν’
2715 5595 2992 5671 νυμφικὴν
3044 5595 3338 5664 ἀναδείξεις
3376 5595 3509 5651 ὑπό-

250 5677 425 5729 θεσιν.

327 5829 354 5868 δ
393 5846 585 5901 magna
638 5847 754 5883 cum
790 5832 1000 5885 licentia
1080 5843 1103 5871 ε
1151 5832 1412 5900 perlegens
1494 5832 1513 5871 ί
1545 5834 1765 5886 indicent
1842 5836 1867 5873 8
1920 5835 2158 5901 misimus
2217 5833 2412 5898 scripto
2472 5827 2863 5901 comprehenso.
2898 5821 3205 5901 Tit-autem
3238 5819 3318 5900 his
3348 5819 3510 5901 etiam

262 5899 422 5973 plura
451 5890 542 5969 ρὲι·
594 5901 788 5973 ingenii
829 5903 1103 5955 solertiam
1139 5890 1422 5966 inveniens,
1447 5903 1663 5973 pulchro
1693 5904 1904 5973 pietatis
1927 5916 2062 5962 serto
2097 5896 2160 5960 die
2193 5890 2389 5971 nuptiis
2417 5890 2667 5969 inquisita
2699 5894 3097 5961 condecorabis,
3122 5901 3275 5962 atque
3303 5891 3377 5944 ita
3408 5890 3506 5943 hoc

260 5969 322 6023 de
355 5971 709 6026 matrimoniis
738 5982 1102 6042 argumentum
1130 5973 1339 6028 omnino
1366 5969 1678 6044 permilitum
1693 5969 1901 6045 efficies.
