3950 6582
232 505 345 571 757

1513 507 2221 569 GRiECO-ROMANUM.

3389 514 3495 576 753

230 636 324 672 τον
354 618 779 690 παρεισάγεται,
809 621 1177 676 συνάπτεσοαί
1203 640 1262 676 τε
1288 622 1428 676 κατὰ
1456 622 1547 676 τὸν
1575 624 1805 695 νόμιμον

1920 618 2141 688 ιυοιίίιιη
2178 620 2337 674 modo
2383 619 2631 675 incestus
2679 619 3006 687 admittitur,
3063 622 3304 691 copulari
3346 626 3496 695 jttslt)

228 710 421 779 γάμον
465 709 557 763 καὶ
589 711 779 781 νόμοις
819 714 1198 783 ἐγνωσμένον,
1245 714 1277 785 ἢ
1317 715 1481 778 θείοις
1518 717 1706 770 κανόσι
1750 718 1812 771 τὸ

226 801 598 871 συνάλλαγμα
626 804 659 874 ἦ
690 804 790 876 τὴν
812 806 1124 877 συνοίκησιν
1149 807 1450 879 κεκλῆσθαί
1473 826 1532 864 τε
1557 810 1651 863 καὶ
1675 811 1812 874 ὅλως

224 892 639 950 καθίστασθαιο
696 897 797 966 τῆς
852 898 1089 968 νομίμου
1145 902 1437 971 μνηστείας
1489 903 1585 956 τοῦ
1630 904 1813 974 γάμου

226 985 391 1050 τάξιν
423 1004 480 1039 τε
504 988 599 1042 καὶ
628 990 965 1044 κατάστασιν
991 991 1240 1063 ἐχούσης.
1273 995 1372 1048 Διὰ
1398 996 1555 1049 τοῦτο
1582 995 1689 1067 γὰρ
1720 997 1814 1050 καὶ

222 1080 562 1150 προστίμων
610 1082 740 1136 ἄνευ
779 1082 1002 1138 λύεσθαι
1038 1086 1243 1156 ταύτην
1286 1087 1387 1140 οὐκ
1424 1087 1664 1155 ἔξεστιν,
1698 1088 1815 1143 ἀλλ’

219 1172 321 1223 ἐπὶ
361 1174 468 1243 μὲν
498 1173 609 1227 τῶν
641 1164 930 1247 ἀθεμίτων
951 1178 1175 1248 νομικὸς
1197 1180 1490 1249 διορίζεται
1517 1182 1716 1246 κανὼν,
1738 1181 1813 1246 ὡς

223 1260 366 1314 ἔνθα
424 1262 488 1317 τὸ
536 1264 892 1335 συνάλλαγμα
939 1268 1123 1338 νόμοις
1178 1271 1574 1340 ἀπρόσδεκτον,
1624 1271 1815 1343 ποινὴν

218 1350 589 1406 ἀπαιτεῖσθαι
645 1355 745 1408 οὐκ
780 1356 1011 1420 ἔξεστιν.
1073 1359 1193 1411 Ἐπὶ
1240 1359 1295 1413 δὲ
1332 1360 1441 1414 τῶν
1484 1363 1814 1433 ἐρρωμένων

220 1446 320 1497 καὶ
357 1446 636 1515 νομίμων,
670 1447 859 1517 ὥσπερ
890 1450 948 1501 ἐν
977 1452 1088 1512 τοῖς
1115 1452 1334 1521 γάμοις,
1368 1453 1423 1504 αί
1455 1454 1636 1506 ποιναὶ
1665 1452 1815 1505 ἀντι-

219 1533 506 1588 δίδονται·
535 1537 583 1588 εί
617 1535 718 1606 μὲν
750 1535 809 1602 ἐξ
848 1537 1027 1601 αἰτίας
1066 1532 1308 1609 δηλονότι
1339 1541 1440 1608 τῆς
1473 1539 1728 1607 γυναικὸς
1755 1538 1816 1592 τὸ

218 1627 518 1698 διαζύγιον
543 1629 862 1701 πέμπεται,
891 1633 986 1686 τοῦ
1016 1632 1208 1704 ἀνδρὸς
1236 1633 1629 1704 κερδαίνοντος.
1668 1633 1732 1685 Εἰ
1760 1633 1827 1687 δὲ

221 1721 360 1791 παρ’
390 1722 579 1775 αίτίαν
608 1723 702 1775 τοῦ
735 1723 948 1793 ἀνδρὸς,
977 1724 1077 1793 τῆς
1110 1724 1371 1793 γυναικὸς
1396 1725 1815 1795 ἀποφερομὲνης

219 1810 280 1863 τὺ
306 1813 535 1882 κέρδος.
561 1812 720 1867 Οὕτω
751 1816 847 1867 καὶ
871 1815 930 1868 ὲν
960 1817 1080 1878 ταῖς
1113 1817 1448 1887 μνηστείαις,
1480 1816 1579 1885 τῆς
1608 1817 1817 1880 λύσεως

226 1904 369 1973 μετὰ
413 1906 722 1975 προστίμου
758 1909 1179 1977 συνισταμένης,
1217 1908 1481 1979 πρόδηλον
1508 1907 1583 1972 ὡς
1617 1910 1644 1961 ὁ
1675 1926 1814 1979 μνη-

1918 711 2238 780 legibusque
2268 710 2627 781 comprobato
2679 712 3050 772 matrimonio.
3094 729 3161 769 ne
3189 730 3252 770 ve
3276 729 3372 787 per
3405 733 3495 772 sa-

1918 821 2041 859 eros
2065 820 2307 861 canones
2334 817 2649 861 contractus
2679 804 2777 860 hic
2802 806 2885 861 vel
2933 807 3250 879 conjugium
3284 826 3495 866 nuncu-

1918 906 2099 967 petur,
2141 907 2235 952 aut
2287 898 2401 953 ullo
2456 898 2619 953 modo
2679 898 2943 954 subsistat
3001 916 3016 954 :
3068 914 3193 955 cum
3257 901 3495 971 legitima

1920 991 2197 1058 sponsalia
2235 991 2566 1046 matrimonii
2618 990 2794 1046 locum
2826 1001 2882 1046 et
2936 992 3311 1048 conditionem
3345 996 3492 1050 obtio

1923 1091 2109 1136 neant.
2171 1080 2303 1135 Nam
2365 1090 2649 1152 propterea
2712 1098 2813 1139 nec
2882 1083 3087 1154 absque
3144 1086 3323 1155 ptenis
3382 1087 3496 1141 ham

1917 1172 2219 1227 dissolvere
2283 1172 2431 1238 licet,
2483 1187 2605 1227 cum
2646 1173 2714 1228 de
2772 1173 2998 1230 incestis
3048 1176 3235 1246 regula
3297 1175 3494 1246 juris"

1916 1264 2157 1328 deiiniat,
2184 1263 2273 1318 ubi
2312 1272 2628 1320 contractus
2662 1264 2873 1337 legibus
2896 1266 3221 1322 interdictus
3253 1268 3345 1332 sit,
3385 1283 3493 1321 non

1917 1356 2083 1411 licere
2112 1371 2327 1425 pinnam
2363 1356 2600 1424 exigere.
2634 1354 2692 1409 In
2726 1356 2791 1410 iis
2820 1367 3023 1422 autem,
3047 1373 3167 1427 quae
3194 1358 3318 1426 jure
3360 1358 3496 1427 legi-

1916 1447 2131 1518 busque
2188 1448 2388 1513 valent,
2421 1446 2876 1517 quemadmodum
2935 1449 2989 1503 in
3039 1449 3268 1520 nuptiis,
3321 1464 3497 1518 pwnae

1918 1540 2314 1611 persolvuntur
2369 1558 2382 1593 :
2444 1550 2503 1594 ut
2582 1541 2795 1595 lucrum
2862 1542 2947 1596 vir
2999 1551 3391 1612 consequatur,
3450 1543 3496 1598 si

1916 1629 2136 1702 quidem
2189 1646 2286 1701 per
2326 1647 2548 1687 causam
2600 1632 2844 1687 mulieris
2900 1633 3188 1702 repudium
3223 1633 3493 1697 mittatur,

1920 1724 2003 1778 sin
2065 1725 2224 1793 culpa
2274 1726 2399 1789 viri,
2447 1725 2658 1779 lucrum
2714 1724 2911 1779 mulier
2942 1725 3172 1780 auferat.
3208 1725 3300 1781 Sic
3332 1735 3386 1782 et
3439 1727 3495 1781 in

1919 1817 2287 1886 sponsalibus,
2323 1819 2593 1888 siquidem
2647 1833 2769 1873 cum
2804 1833 2963 1889 ptena
3015 1818 3278 1874 consistat
3305 1833 3495 1874 eorum

1920 1908 2230 1974 dissolutio,
2263 1909 2775 1966 manifestissimum
2805 1919 2910 1973 est,
2960 1925 3107 1974 eum,
3144 1909 3236 1980 qui
3268 1923 3498 1979 sponsa-

224 1996 422 2049 σεείαν
448 1998 860 2069 συστησάμενος
891 2000 988 2052 καὶ
1012 2001 1154 2054 κατὰ
1178 2001 1376 2069 νόμους
1399 2000 1815 2070 διαλυσάμενος,

1922 2001 1993 2055 lia
2027 2002 2322 2069 contraxit,
2382 2012 2435 2057 et
2494 2003 2794 2057 secundum
2851 2003 2997 2073 leges
3052 2003 3327 2067 dissolvit,
3391 2003 3494 2056 alia

222 2083 343 2142 εἶτα
383 2088 585 2159 ἑτέραν
618 2092 977 2161 ἀγαγόμενος,
1009 2093 1235 2163 δίγαμός
1273 2094 1335 2147 τέ
1371 2095 1509 2157 ἐστι,
1546 2095 1639 2148 καὶ
1673 2093 1818 2147 οὓτω

222 2177 319 2229 νῦν
361 2180 466 2230 καὶ
502 2179 585 2243 εἰς
613 2179 675 2233 τὸ
704 2181 830 2250 ἑξῆς
858 2181 1288 2253 ὀνομασθήσεταί
1326 2199 1383 2236 τε
1415 2184 1508 2236 καὶ
1536 2183 1707 2236 ἔσται.
1744 2182 1818 2236 Τὸ

224 2267 269 2321 δ’
307 2269 456 2323 αὐτὸ
487 2271 703 2335 πάντως
728 2272 821 2325 καὶ
847 2272 940 2326 ἐπὶ
968 2273 1077 2325 τῶν
1106 2272 1358 2345 θηλειῶν.
1405 2274 1556 2328 Ἐπεὶ
1586 2275 1652 2328 τὰ
1678 2273 1818 2330 αὐτὰ

224 2362 308 2430 ἐφ’
344 2364 632 2434 ἑκατέρας
659 2363 873 2432 φύσεως
916 2366 965 2419 οἱ
998 2366 1153 2434 νόμοι
1187 2368 1408 2438 κρατεῖν
1438 2370 1539 2422 κὰν
1567 2370 1680 2430 τοῖς
1712 2368 1815 2436 γά-

228 2471 353 2523 μοις
419 2455 523 2506 κάν
582 2457 694 2518 τοῖς
743 2455 951 2524 ἑτέροις
1011 2457 1421 2527 συναλλάγμασι
1475 2457 1815 2523 Θεσπίζουσι.

227 2546 548 2616 superam:
592 2547 771 2601 τοίνυν
808 2548 1243 2619 ἀποφαινόμεθα,
1280 2551 1383 2603 ὅσα
1423 2551 1520 2603 καὶ
1556 2548 1643 2604 οἷα
1676 2551 1816 2620 πρό-

227 2652 397 2690 σωπα
436 2637 546 2692 ἀπὸ
579 2638 686 2691 τῶν
719 2638 1011 2693 πολιτικῶν
1066 2641 1279 2711 νόμων,
1325 2641 1357 2712 ἢ
1386 2641 1493 2694 ἀπὸ
1527 2642 1635 2695 τῶν
1658 2643 1816 2697 θείων

228 2732 502 2794 κανίνων,
534 2730 567 2802 ἢ
597 2730 705 2785 ἀπὸ
738 2732 832 2786 τοῦ
864 2732 1191 2803 δηλωθέντος
1230 2733 1508 2787 συνοδικοῦ
1538 2734 1702 2801 τόμου
1724 2775 1738 2801 ,
1780 2734 1812 2806 ἢ

229 2822 338 2875 ἀπὸ
388 2824 581 2892 ἑτέρου
622 2825 713 2878 τοῦ
755 2826 880 2895 περὶ
926 2826 1220 2896 τριγαμῖας
1277 2825 1556 2879 συνοδικοῦ
1592 2843 1650 2879 τε
1699 2826 1815 2896 ἅμα

230 2916 326 2968 καὶ
387 2914 672 2986 βασιλικοῦ
725 2914 1133 2988 θεσπίσματος,
1187 2917 1269 2980 είς
1311 2917 1493 2988 γάμου
1530 2919 1814 2973 κοινωνίαν

234 3006 577 3073 κεκώλυται,
626 3008 692 3061 τὰ
727 3008 871 3062 αὐτὰ
921 3009 1014 3062 καὶ
1062 3009 1155 3061 ἐπὶ
1194 3007 1302 3062 τῶν
1360 3009 1667 3080 μνηστειῶν
1713 3010 1814 3080 τὴν

232 3099 477 3151 κώλυσιν
507 3101 907 3170 ἐναργεστάτην
935 3102 981 3132 ⁷⁸
1018 3100 1183 3172 ἔχειν,
1224 3100 1319 3154 καὶ
1349 3102 1513 3171 μηδὲν
1541 3095 1684 3154 εἶναι
1712 3101 1815 3169 γά-

235 3208 337 3259 μου
372 3207 435 3242 τε
485 3191 579 3243 καὶ
630 3191 925 3262 μνηστείας
953 3191 1211 3263 διάφορον
1233 3230 1249 3256 ,
1300 3193 1380 3256 είς
1420 3192 1679 3247 σύστασιν
1714 3191 1810 3248 τοῦ

233 3283 468 3353 δεμιτοῦ
506 3283 601 3336 καὶ
633 3283 969 3356 ἐρρωμένου.

607 3419 802 3489 Ἑτέρα
825 3420 1122 3491 συνοδικὴ
1153 3421 1481 3492 ἀπόφασις.

775 3532 909 3601 Περὶ
935 3533 1293 3601 μνηστείας.
1464 3506 1469 3517 ⁸

301 3641 461 3711 Μηνὶ
508 3642 736 3713 Μαρτίῳ
775 3643 866 3707 t0',
906 3645 1284 3715 ὲπινεμήσεως
1334 3645 1397 3711 δ’,
1431 3644 1583 3709 ἔτους
1623 3653 1815 3717 ,ις-(ρων,
1870 3606 1877 3615 ἣ

236 3731 670 3802 προκαθημένου
712 3734 960 3789 Ἰωάννου
985 3734 1077 3788 τοῦ
1109 3735 1415 3803 ἁγιωτάτου
1444 3738 1600 3807 ἡμείν
1626 3737 1821 3792 δεσπό-

234 3836 328 3875 του
367 3824 469 3877 καὶ
503 3821 884 3892 οίκουμενικοῦ
917 3823 1277 3894 πατριάρχου,
1310 3825 1367 3876 ὲν
1394 3822 1472 3893 τῷ
1516 3822 1697 3894 μικρῷ
1729 3840 1819 3876 σε-

240 3916 461 3982 κρέτῳ,
507 3912 961 3987 συνεδριαζὸντων
995 3915 1144 3985 αὐτῷ
1192 3916 1287 3968 καί
1328 3931 1492 3968 τινων
1537 3916 1817 3984 ἀρχόντων

237 3999 661 4070 συγκλητικῶν,
726 4003 863 4073 πρὸς
917 4002 1130 4068 τούτοις
1205 4002 1263 4056 δὲ
1327 4005 1819 4073 πανιερωτάτων⁷⁸

240 4092 686 4163 μητροπολιτῶν,
713 4094 807 4147 τοῦ
832 4095 1193 4167 Καισαρείας,
1219 4095 1313 4149 τοῦ
1370 4096 1699 4166 Ἡρακλείας,
1721 4094 1817 4149 τοῦ

234 4185 501 4250 Νικαίας,
535 4186 630 4239 τοῦ
657 4187 1016 4258 Χαλκηδόνος,
1042 4188 1137 4242 τοῦ
1170 4190 1410 4243 Τιτάνων
1433 4189 1498 4252 ⁷⁷,
1553 4189 1646 4243 τοῦ
1682 4190 1819 4243 Νεο-

235 4276 584 4348 κιισαρείας,
601 4278 696 4332 τοῦ
740 4280 1057 4351 ’Λμωρείου,
1083 4279 1177 4334 τοῦ
1201 4280 1490 4347 Κοτυαίου,
1516 4280 1611 4334 τοῦ
1648 4282 1818 4350 Ἀμά-

240 4370 484 4441 στριδος,
526 4370 622 4425 τοῦ
667 4371 999 4442 Κελεσηνῆς,
1032 4372 1463 4439 τοῦΚολωνίας,
1522 4374 1617 4427 καὶ
1665 4374 1818 4443 ἁρχιο

238 4460 587 4524 ιπισκόπων,
624 4462 719 4517 τοῦ
750 4463 1053 4536 Σηλυϐρίας
1078 4503 1094 4529 ,
1136 4463 1233 4518 τοῦ
1275 4464 1516 4520 Ῥουσίου
1539 4503 1556 4532 ,
1601 4463 1816 4518 καὶτοῦ

239 4553 498 4613 Γοτθίας.

1919 2092 2178 2163 deinceps
2240 2108 2410 2147 uxore
2452 2092 2638 2156 ducta,
2696 2091 2971 2162 digamum
3024 2108 3169 2156 esse,
3220 2102 3380 2162 atque
3420 2092 3496 2146 ita

1918 2198 2087 2247 nunc,
2120 2192 2173 2237 et
2206 2183 2259 2238 in
2294 2193 2569 2253 posterum
2610 2184 2950 2238 nominatum
2988 2183 3077 2247 iri,
3107 2191 3160 2238 et
3212 2183 3485 2239 futurum.

1921 2273 2061 2329 I.lem
2095 2291 2224 2330 vero
2270 2287 2325 2330 et
2377 2268 2430 2330 in
2466 2276 2684 2333 feminis
2736 2276 2957 2330 omnino
3016 2275 3196 2330 locum
3254 2275 3491 2340 habebit,

1917 2381 2040 2422 cum
2074 2368 2262 2422 eadem
2296 2369 2347 2421 in
2380 2377 2610 2438 utroque
2660 2383 2795 2424 sexu
2828 2376 2938 2421 tam
2973 2368 3030 2422 in
3071 2368 3297 2439 nuptiis,
3329 2382 3494 2437 quam

1918 2457 2133 2513 caeteris
2191 2459 2565 2515 contractibus
2645 2459 2932 2525 obtinere,
2991 2459 3141 2530 leges
3220 2460 3492 2513 sauciant.

1920 2546 2104 2618 Itaque
2136 2550 2339 2603 diserte
2371 2551 2812 2620 pronuntiamus,
2846 2565 2967 2621 quae
2999 2559 3053 2607 et
3084 2550 3496 2621 qualescunque

1917 2652 2165 2707 persome
2209 2654 2306 2709 per
2344 2642 2466 2709 jura
2502 2640 2704 2706 civilia,
2737 2642 2821 2695 vel
2854 2655 3041 2697 sacros
3093 2656 3350 2707 canones,
3410 2641 3494 2695 vel

1916 2729 2216 2785 indicatum
2276 2732 2591 2803 synodalem
2644 2739 2872 2800 tomum,
2906 2733 2989 2787 vel
3039 2733 3199 2787 aliam
3227 2733 3293 2789 de
3319 2733 3494 2789 tertiis

1917 2818 2104 2888 nuptis
2177 2819 2492 2890 synodalem
2546 2819 2753 2890 pariter
2807 2828 2856 2875 et
2912 2821 3314 2889 imperatoriam
3364 2835 3489 2875 san.

1916 2908 2175 2971 ctionem,
2231 2922 2262 2961 a
2318 2909 2602 2964 consortio
2680 2908 3067 2965 matrimoniali
3147 2917 3489 2964 arceantur:

1916 2997 2135 3053 easdem
2194 3005 2249 3054 et
2306 2999 2358 3053 in
2428 3000 2779 3069 sponsalibus
2827 3000 3251 3070 prohibitionem
3313 3002 3492 3054 mani-

1916 3087 2267 3144 festissimam
2299 3088 2519 3153 habere,
2576 3103 2675 3144 nec
2708 3087 2876 3142 ullum
2929 3104 3051 3144 esse
3081 3088 3393 3158 nuptiarum
3440 3097 3494 3141 et

1916 3182 2254 3251 sponsalium
2305 3182 2602 3237 discrimen
2661 3180 2715 3234 in
2770 3181 2894 3248 hoc,
2952 3191 3010 3237 ut
3068 3182 3492 3252 licitejusthue

1917 3274 2331 3330 contrahantur.

2322 3412 2506 3466 Altera
2535 3411 2805 3482 synodalia
2830 3411 3109 3467 sententia.

2482 3526 2559 3582 De
2584 3525 2941 3593 sponsalibus.

1986 3638 2185 3695 Mensis
2242 3637 2423 3692 Martii
2494 3637 2584 3692 die
2657 3651 2774 3699 ιιι,
2835 3633 3135 3688 indictione
3215 3646 3290 3697 tv,
3349 3648 3492 3689 anno

1916 3747 2057 3788 YtCiO
2086 3746 2136 3787 to
2165 3744 2327 3795 ωιτν,
2372 3728 2696 3799 praesidente
2747 3725 2979 3793 Joanne,
3019 3725 3368 3781 sanctissimo
3397 3725 3495 3780 do-

1917 3824 2065 3878 mino
2099 3834 2309 3885 nostro,
2342 3829 2398 3876 et
2457 3819 2753 3875 universali
2807 3819 3141 3889 patriarcha,
3176 3818 3229 3872 in
3280 3816 3494 3871 minore

1917 3922 2146 3979 secreto,
2183 3913 2552 3968 assidentibus
2578 3911 2683 3981 ipsi
2712 3910 3126 3981 magistratibus
3156 3907 3486 3977 quihusdam

1917 4008 2128 4063 ordinis
2157 4006 2443 4069 senatorii,
2491 4013 2798 4074 praeterque
2846 4005 2947 4058 hos
2979 4002 3349 4058 sanctissimis
3378 4015 3493 4054 me—

1918 4098 2285 4169 tropolitanis,
2359 4096 2708 4162 Caesariensi,
2787 4093 3149 4156 lleraeliensi,
3250 4092 3488 4155 Niemno,

1918 4190 2373 4257 Chalcedonensi,
2443 4188 2743 4261 Tyanensi,
2802 4186 3255 4253 Neoemsariensi,
3329 4187 3493 4239 Amo-

1920 4284 2110 4343 riensi.
2141 4284 2367 4354 Cotymi,
2412 4282 2764 4347 Amastridis,
2794 4279 3093 4345 Celeseuaa,
3128 4277 3440 4334 Coloniensi
3474 4295 3489 4331 :

1917 4383 1971 4429 et
2001 4372 2449 4442 archiepiscopis,
2484 4371 2735 4427 videlicet
2767 4369 3178 4440 archiepiscopo
3208 4366 3490 4440 Selybriae,

1919 4463 2126 4534 Russii,
2157 4476 2212 4520 et
2239 4463 2496 4520 Gotthiaa.

306 4646 391 4715 Τῇ
428 4645 565 4715 αὐτῇ
602 4646 783 4716 ἡμέρα
812 4647 919 4703 τῶν
954 4648 1335 4719 συγκλητικῶν
1373 4649 1628 4703 ἁπάντων
1683 4650 1814 4703 ὑπο·

1991 4646 2192 4702 Eodem
2223 4644 2329 4710 die,
2362 4659 2486 4700 eum
2518 4659 2709 4700 omnes
2740 4641 2954 4699 ordinis
2991 4639 3256 4697 senatorii
3297 4653 3491 4707 proce-

236 4737 640 4807 χωρησάντων,
693 4738 941 4804 ἐλθόντος
998 4740 1054 4793 δὲ
1109 4742 1203 4794 καί¹
1260 4742 1353 4795 τοῦ
1411 4741 1813 4812 μητροπολίτου

235 4824 512 4895 Πατρῶν,
549 4826 644 4880 καὶ
674 4828 967 4895 συγκέλλου
1008 4829 1222 4900 Νικήτα
1246 4871 1261 4898 ,
1294 4832 1562 4901 προετέθη
1605 4833 1667 4886 τδ
1715 4832 1815 4902 τῆς

239 4915 543 4986 μνηστείας
564 4918 1058 4991 άμφιὸαλλόμενον,
1108 4923 1170 4977 εἴ·
1188 4940 1249 4991 γε
1280 4924 1387 4994 χρὴ
1421 4925 1480 4977 ὲν
1510 4926 1625 4987 τοῖς
1648 4939 1815 4994 γαμι-

237 5010 360 5071 κοϊς
395 5008 860 5081 συναλλάγμασιν,
911 5012 1039 5066 ἔνθα
1092 5016 1415 5082 συγγενείας
1465 5018 1583 5069 ἐστὶ
1627 5015 1811 5085 νόμος,

234 5100 480 5154 κώλυσιν
500 5101 721 5170 ἐπάγων
763 5104 883 5157 ἀντὶ
912 5104 1091 5174 γάμου
1125 5104 1328 5174 ταύτην
1355 5104 1697 5173 λογίζεσθαι·
1723 5104 1816 5157 καὶ

236 5191 267 5260 ἢ
306 5191 701 5260 ἐπιτρέπεσθαι
726 5194 787 5247 τὸ
822 5194 961 5265 μετὰ
982 5195 1143 5249 τοῦτο
1173 5195 1365 5265 μέλλον
1393 5195 1662 5267 προϐῆναι
1689 5212 1816 5248 συν-

235 5282 501 5348 οικέσιον,
546 5281 580 5352 ἦ
630 5285 1055 5355 ἀποτρέπεσθαι.
1086 5287 1162 5349 ὡς
1198 5286 1434 5357 ἄθεσμόν
1500 5304 1557 5340 τε
1598 5289 1692 5341 καὶ
1730 5285 1817 5340 νό-

242 5390 370 5443 μοις
404 5374 846 5447 ἑναντιούμενον,
893 5379 987 5431 καὶ
1033 5379 1196 5441 θείοις
1225 5382 1413 5447 κανόσι
1445 5380 1814 5451 προσκόπτον.

242 5467 355 5519 Καὶ
379 5466 743 5536 ὴρωτήθησαν
796 5470 845 5521 οἱ
892 5470 1354 5540 παρουσιάζοντες
1407 5470 1647 5532 ἅπαντες
1676 5485 1815 5521 παν-

242 5557 528 5627 ιερὼτατυι
564 5559 872 5631 ἀρχιερεῖς,
907 5562 1001 5614 καὶ
1038 5557 1190 5615 εἷπον
1230 5565 1381 5633 κοινῇ
1431 5563 1625 5634 γνκύμῃ
1675 5561 1819 5615 κατᾶ

1921 4755 2010 4795 res
2039 4738 2430 4801 abeessissent,
2464 4746 2519 4792 et
2553 4736 2863 4792 advenisset
2902 4734 3357 4805 metropolitanus
3388 4731 3493 4785 Pa-

1925 4827 2149 4893 trensis,
2191 4835 2246 4882 et
2290 4825 2506 4883 Nieetas
2554 4826 2856 4898 syncellus,
2902 4825 2970 4880 de
3019 4824 3365 4894 sponsalibus
3410 4831 3495 4876 est

1919 4920 2197 4991 proposita
2242 4919 2471 4987 quaestio
2514 4935 2528 4972 :
2575 4933 2707 4971 num
2756 4917 2965 4972 scilicet
3017 4916 3071 4971 in
3116 4915 3493 4971 contractibus

1921 5012 2303 5082 nuptialibus,
2356 5011 2448 5065 ubi
2501 5010 2847 5080 cognationis
2904 5011 2989 5065 lex
3040 5007 3491 5078 impedimentum

1921 5103 2096 5168 alfert,
2136 5102 2408 5174 sponsalia
2445 5118 2544 5173 pro
2582 5103 2787 5172 nuptiis
2822 5101 3072 5157 habenda
3114 5101 3258 5164 sint;
3310 5106 3370 5153 ut
3406 5098 3489 5151 vel

1924 5197 2292 5267 permittatur,
2332 5195 2476 5264 quod
2518 5194 2936 5251 subsecuturum
2981 5201 3084 5257 est,
3131 5190 3492 5260 conjugium;

1925 5288 2007 5359 vel
2068 5286 2445 5357 prohibeatur,
2508 5294 2764 5355 tanquam
2820 5285 3115 5351 illicitum,
3173 5292 3227 5338 et
3282 5280 3492 5351 legibus

1925 5381 2285 5445 contrarium,
2328 5387 2379 5432 et
2429 5379 2481 5432 in
2522 5394 2709 5434 saeros
2749 5392 2992 5431 canones
3034 5375 3361 5444 impingens.
3402 5370 3491 5424 ln-

1925 5473 2184 5542 terrogati
2216 5487 2344 5525 vero
2383 5471 2590 5534 cuncti,
2625 5470 2717 5539 qui
2753 5484 2939 5524 coram
2974 5467 3218 5528 aderant,
3256 5464 3491 5518 sanctis-

1928 5564 2052 5618 simi
2080 5562 2388 5632 pontiﬁces,
2438 5561 2715 5618 communi
2766 5559 3032 5615 sententia
3079 5557 3145 5612 de
3186 5553 3491 5626 quaestione

1530 5696 1764 5753 VARUS
1804 5696 2209 5754 LECTIUNES.

329 5785 375 5815 "
399 5785 797 5857 ἐνεργεστάτῃν
873 5787 917 5818 ⁷⁸
951 5788 1395 5859 θεοφιλεστάτων.
1496 5793 1539 5825 ⁷⁷
1578 5791 1808 5847 τυάνων.

352 5927 378 5965 ι·
415 5926 489 5980 i.v
521 5926 581 5981 C.
613 5930 674 5981 de
712 5927 941 5996 apultsal.
