3950 6562
479 448 586 516 759

1774 465 1911 528 ms
1947 438 2388 530 CANONniUM

3623 462 3722 527 760

478 564 839 624 controversa
887 569 1295 641 respondeth
1316 542 1360 641 ς’
1382 571 1652 644 ejusmodi
1706 583 2045 630 contractum

2151 581 2212 634 τὸ
2247 580 2618 651 ἀναμφίσολον
2660 578 2729 644 ⁷⁸,
2762 576 3032 632 κωλυτέον
3062 566 3203 629 εῖναι
3256 570 3316 628 τδ
3351 568 3724 649 συνάλλαγμα,

478 659 880 730 prohibendum
918 675 1059 730 esse,
1087 663 1304 732 quoties
1341 666 1633 722 celebratis
1680 667 2051 737 sponsalibus,

478 765 583 806 nec
620 748 829 806 secutis
859 751 1088 821 nuptiis,
1125 769 1248 807 cum
1295 769 1532 825 persona
1564 756 1820 826 quapiam
1860 758 1944 813 vel
1979 757 2052 814 ob

477 842 880 911 cognationem,
910 843 994 898 vel
1033 844 1104 900 ob
1145 843 1456 902 aﬂlnitatem
1486 847 1828 905 manifestam
1861 850 2049 915 vetita,

476 940 793 987 contractus
824 931 966 987 alius
994 933 1302 990 instituitur
1329 952 1344 989 :
1372 937 1597 1007 partim,
1634 938 1783 1010 quod
1815 953 2051 1011 nonage-

475 1024 649 1078 simus
703 1032 939 1081 octavus
999 1039 1178 1081 canon
1233 1038 1438 1086 sanctae
1497 1030 1823 1087 universalis
1883 1041 2052 1089 sexta‘.

476 1115 669 1184 synodi
704 1117 784 1171 sic
813 1116 881 1170 ad
914 1116 1145 1173 verbum
1181 1127 1426 1176 statuat:
1470 1123 1576 1189 Qui
1622 1124 1719 1178 alii
1758 1124 2050 1195 desponsa-

477 1215 606 1272 tam,
643 1206 756 1262 viro
779 1208 957 1264 adhuc
977 1212 1296 1282 superstite,
1321 1214 1537 1271 duxerit
1562 1232 1809 1282 uxorem,
1835 1216 2049 1273 adulte-

474 1297 543 1351 ril
586 1299 817 1353 crimine
857 1308 1071 1356 tenetor
1112 1303 1337 1376 (quippe
1378 1305 1486 1360 nisi
1532 1315 1718 1377 patres
1756 1307 1834 1364 illi
1875 1307 2045 1364 divini

474 1389 753 1460 sponsalia
799 1390 1277 1464 loc0‘nuptiarum
1328 1396 1669 1465 habuissent,
1711 1399 1805 1455 sed
1854 1415 1955 1471 pro
1992 1415 2050 1455 re

472 1480 710 1547 quadam
759 1481 1012 1553 diversa;
1056 1500 1296 1557 quonam
1337 1488 1500 1545 modo
1543 1490 1795 1546 adulterii
1840 1492 2049 1548 crimen

473 1572 834 1642 impegissent
879 1575 950 1643 ei,
999 1577 1095 1647 qui
1144 1592 1268 1633 cum
1321 1578 1651 1651 desponsata
1704 1597 1828 1637 cum
1874 1584 2048 1640 altero

472 1664 882 1722 matrimonium
938 1671 1259 1726 contrahit?
1307 1672 1444 1728 Nam
1503 1674 1652 1730 haud
1706 1675 1871 1732 dubie
1920 1693 2046 1732 cum

472 1765 643 1827 nupta
669 1761 1028 1816 committitur
1057 1763 1410 1834 adulterium,
1450 1782 1553 1823 nec
1580 1768 1719 1824 citra
1751 1769 2048 1825 discrimen

470 1851 719 1907 eamdem
775 1869 1062 1925 poenarum
1117 1857 1384 1913 rationem
1438 1874 1501 1914 ac
1559 1861 1786 1916 modum
1837 1870 1946 1917 tam
1992 1863 2045 1916 in

472 1942 765 2013 adulterio,
789 1961 952 2017 quam
982 1950 1042 2004 in
1073 1952 1430 2017 scortatione,
1463 1967 1705 2009 canones
1732 1953 1999 2024 statuunt)
2030 1973 2045 2009 :
2078 1926 2123 1981 Β

472 2035 696 2103 partim,
725 2037 873 2105 quod
907 2047 962 2093 et
992 2039 1085 2109 jus
1119 2042 1282 2097 civile
1316 2042 1476 2098 titulo
1499 2059 1555 2113 v,
1594 2043 1718 2099 libri
1753 2060 1918 2100 xxwu
1945 2044 2047 2098 Ban

471 2122 776 2190 silicorum,
806 2126 861 2181 in
897 2129 1040 2184 hanc
1079 2131 1410 2187 sententiam
1446 2131 1723 2203 loquatur.
1761 2133 1937 2190 Patris
1968 2135 2045 2208 (4)

472 2215 726 2273 l'ratrisve
768 2218 875 2273 mei
918 2235 1211 2291 sponsam,
1259 2238 1485 2278 uxorem
1526 2224 1729 2281 ducere
1769 2241 1876 2280 non
1919 2242 2049 2297 pos-

470 2322 616 2372 sum,
645 2309 772 2365 licet
798 2326 989 2367 eorum
1023 2329 1221 2371 uxores
1254 2330 1363 2371 non
1397 2315 1619 2372 fuerint.
1651 2318 1789 2372 Nam
1827 2318 1918 2373 illa
1947 2334 2049 2374 no-

468 2414 667 2461 vercze,
701 2401 814 2456 haec
857 2418 1031 2460 nurus
1070 2404 1249 2459 locum
1291 2405 1477 2462 habet.
1523 2408 1675 2476 Item,
1717 2418 1839 2479 post
1866 2410 2049 2481 capita

471 2492 718 2560 quamam
750 2493 865 2562 (5):
896 2495 1157 2561 Quamvis
1203 2497 1405 2554 multas
1445 2508 1603 2570 pater
1643 2516 1799 2557 meus
1841 2501 2048 2567 habuit,

473 2584 675 2639 nullam
701 2601 889 2640 earum
932 2587 1078 2643 duco
1110 2589 1211 2659 (6).
1237 2589 1347 2646 Nec
1372 2600 1600 2646 matrem
1628 2608 1845 2663 sponsae
1864 2609 2045 2663 quon-

469 2675 595 2730 dam
629 2690 780 2731 meae.
809 2676 1021 2748 Quippe
1044 2695 1163 2735 mea
1196 2696 1392 2738 socrus
1420 2682 1544 2738 fuit.
1574 2683 1745 2752 igitur
1774 2693 1830 2739 et
1859 2685 1913 2739 in
1947 2686 2050 2740 hoc

470 2767 817 2838 perspicuum
842 2780 946 2837 est,
986 2772 1163 2843 legum
1195 2775 1508 2832 conditores
1535 2775 1793 2833 habuisse
1817 2792 2052 2848 sponsa-

472 2859 542 2913 lia
573 2875 673 2931 pro
702 2863 909 2932 nuptiis
932 2871 987 2918 et
1012 2864 1260 2921 illicitum
1290 2866 1640 2924 existimasse
1665 2869 1711 2933 ί,
1738 2869 1886 2939 quod
1915 2885 2051 2925 con-

470 2950 741 3021 sequitur,
782 2956 1162 3025 sanxisseque,
1207 2973 1315 3014 non
1357 2974 1520 3027 posse
1556 2961 1833 3033 conjungi.
1873 2963 2052 3034 Atque

470 3043 586 3099 haec
608 3046 675 3099 de
705 3046 1132 3104 aliinitate.Nam
1157 3058 1279 3120 post
1300 3061 1616 3107 enumerata
1643 3054 1926 3125 sanguinis
1946 3054 2050 3108 im-

470 3138 804 3207 pedimenta,
824 3141 1123 3210 subjiciunt
1149 3159 1163 3195 :
1186 3141 1327 3199 Sunt
1343 3153 1398 3200 et
1413 3146 1533 3200 alia:
1558 3147 1777 3217 nuptiae,
1797 3162 1916 3217 qua:
1938 3163 2049 3204 non

2158 671 2289 726 ἐνθα
2323 671 2619 743 μνηστείας
2640 668 2948 739 προϐάσης,
2969 667 3065 723 καὶ
3097 666 3276 738 γάμου
3309 664 3385 737 μὴ
3432 662 3726 716 ἐπακολου-

2159 765 2445 835 θήσαντος,
2477 764 2615 834 πρός
2653 781 2706 817 τι
2743 763 3033 834 πρόσωπον
3095 760 3128 829 ἢ
3176 758 3285 813 ἀπὸ
3315 756 3663 826 συγγενείας,
3695 756 3723 828 ἢ

2155 857 2267 913 ἀπὸ
2297 856 2610 929 ἀγχιστείας
2626 853 2936 927 προφανοῦς
2966 853 3305 924 εἰργόμενον,
3340 850 3530 921 μέλλει
3547 849 3725 920 ἕτερον

2154 951 2477 1022 τελεσθῆναι
2509 949 2859 1020 συνάλλαγμα
2883 963 2897 979 ο
2923 946 3084 1002 τοῦτο
3110 946 3230 1016 μὲν,
3259 942 3354 997 τοῦ
3376 940 3724 1013 ἐνενηκοστοῦ

2159 1043 2348 1112 ὀγδόου
2381 1042 2608 1105 κανόνος
2659 1042 2759 1111 τῆς
2794 1038 2957 1108 άγίας
2986 1035 3375 1106 οἰκουμενικῆς
3406 1035 3575 1102 ἕκτης
3604 1050 3723 1086 συν-

2156 1136 2278 1190 όδου
2303 1174 2321 1202 ,
2368 1134 2514 1189 οὕτω
2565 1133 2707 1187 κατὰ
2752 1132 2904 1204 ῥῆμα
2942 1127 3441 1198 διαλαμϐάνοντοςσ
3498 1125 3567 1178 ςὉ
3618 1123 3723 1190 τὴν

2154 1229 2335 1299 ἑτέρῳ
2346 1226 2841 1300 μνηστευθεῒσαν
2861 1224 2944 1279 ἐτι
2959 1223 3054 1278 τοῦ
3078 1222 3271 1294 ἀνδρὸς
3296 1219 3501 1287 ζῶντος
3524 1219 3607 1283 είς
3634 1218 3723 1286 γάρ

2158 1340 2258 1394 μον
2276 1323 2543 1393 ἀγόμενος
2571 1322 2643 1389 ⁷⁸.
2671 1318 2751 1391 τῷ
2777 1318 2878 1390 τῆς
2907 1316 3155 1388 μοιχείας
3187 1311 3500 1368 ὑποκείσθω
3533 1310 3723 1380 ἐγκλήο

2158 1431 2322 1487 ματι·
2367 1415 2437 1485 (εί
2470 1413 2581 1483 γάρ
2634 1411 2709 1483 μὴ
2743 1409 3049 1478 ἐλογίζοντο
3084 1407 3138 1460 oi
3185 1407 3318 1460 θεῖοι
3365 1402 3605 1475 πατέρες
3633 1402 3722 1471 τὴν

2157 1507 2452 1579 μνηστείαν
2510 1505 2592 1569 είς
2642 1505 2823 1575 γάμου
2852 1499 3026 1569 τάξιν,
3075 1498 3190 1555 ἀλλ’
3223 1497 3353 1553 ἄλλο
3401 1513 3479 1561 τι,
3520 1493 3641 1556 πῶς
3664 1493 3720 1546 ἂν

2156 1598 2401 1669 μοιχείας
2453 1595 2762 1666 ἐγκλήματι
2817 1593 2909 1647 τὸν
2964 1591 3373 1658 συναπτόμενον
3421 1587 3492 1655 τῇ
3542 1582 3721 1653 ἕτερον

2159 1689 2612 1763 μνηστευσαμένῃ
2637 1686 2940 1752 ὑπέϐαλονς
2972 1681 3119 1751 Πρδς
3155 1679 3427 1749 ὖπανδρον
3449 1675 3563 1749 γάρ
3594 1690 3718 1744 προ-

2153 1785 2393 1857 δήλωςη
2432 1781 2648 1854 μοιχεία
2699 1777 3144 1850 πλημμελεῖ-ται,
3202 1772 3302 1827 καὶ
3339 1770 3637 1839 ἀδιάφορον
3677 1767 3718 1820 οι

2154 1878 2378 1941 κανόνες
2403 1876 2497 1930 τδν
2519 1874 2626 1929 τῶν
2656 1871 2948 1942 ἐπιτιμίων
2992 1869 3151 1938 λόγον
3198 1866 3294 1920 καὶ
3314 1864 3519 1936 τρόπον
3551 1861 3645 1914 ἐπί
3668 1876 3717 1914 τε

2148 1973 2245 2045 τῆς
2278 1969 2527 2041 μοιχείας
2556 1965 2771 2035 καὶτῆς
2796 1962 3054 2036 πορνείας
3080 1961 3142 2014 ού
3171 1956 3432 2029 τίθενται)
3462 1953 3622 2045 τοῦτο
3648 1954 3714 2020 δὲ,

2150 2044 2245 2120 καὶ
2272 2061 2370 2117 τοῦ
2406 2059 2685 2115 πολιτικοῦ
2728 2058 2896 2129 νόμου
2940 2058 2999 2109 ἐν
3036 2054 3116 2124 τῷ
3157 2059 3197 2105 ε’
3225 2051 3391 2122 τίτλῳ
3418 2047 3514 2102 τοῦ
3536 2044 3624 2117 κη’
3650 2044 3716 2115 βι-

2150 2155 2299 2210 ϐλίου
2329 2153 2438 2208 τῶν
2464 2150 2771 2206 Βασιλικῶν
2795 2147 2939 2203 οὕτω
2966 2146 3238 2215 λέγοντοςο
3270 2142 3381 2213 Τὴν
3403 2140 3499 2194 τοῦ
3522 2138 3713 2208 πατρός

2152 2264 2291 2319 μου,
2347 2245 2380 2316 ἢ
2441 2242 2537 2298 τοῦ
2588 2240 2820 2312 ἀδελφοῦ
2874 2240 2920 2272 ⁸⁸
2970 2256 3072 2309 μου
3111 2234 3357 2308 μνηστὴν
3389 2233 3451 2287 οὐ
3490 2231 3711 2301 δύναμαι

2150 2339 2488 2410 λαμϐάνειν,
2522 2335 2625 2391 κᾶν
2651 2333 2894 2406 γαμεταὶ
2941 2330 3125 2386 αὐτῶν
3179 2328 3241 2382 ού
3284 2326 3592 2396 γεγόνασιν.
3652 2325 3711 2377 Ἠ

2154 2432 2253 2504 μὲν
2277 2429 2388 2501 γὰρ
2416 2428 2708 2501 μητρυιᾶς,
2741 2427 2777 2496 ἡ
2806 2425 2864 2480 δὲ
2898 2423 3118 2494 νύμφης
3162 2419 3316 2486 τάξιν
3360 2417 3566 2487 ἐπέχει.
3609 2415 3710 2468 Καὶ

2152 2523 2295 2593 μετά
2341 2539 2463 2576 τινα
2514 2520 2812 2590 κεφάλαιω
2853 2515 2975 2571 Κᾶν
3026 2513 3255 2609 πολλάςΔ
3273 2511 3439 2609 ἐσχεν
3540 2507 3708 2609 πατηρ

2154 2633 2281 2687 μου,
2332 2613 2587 2686 οὐδεμίαν
2615 2611 2794 2666 αὐτῶν
2846 2608 3129 2680 λαμϐάνω.
3191 2604 3325 2660 Ούδέ
3366 2602 3705 2701 {incipit-ﬁ;

2151 2707 2282 2760 ποτε
2318 2723 2420 2777 μου
2445 2702 2693 2775 μνηστῆς
2716 2718 2730 2733 ·
2764 2701 2957 2770 γέγονε
2986 2698 3096 2769 γάρ
3130 2714 3230 2769 μου
3262 2692 3522 2764 πενθερά.
3550 2689 3700 2760 Δῆλον

2151 2796 2244 2853 οὖν
2274 2796 2366 2850 καὶ
2391 2795 2485 2848 ἐπὶ
2506 2793 2721 2857 τούτου,
2757 2789 2832 2855 ὡς
2862 2788 2985 2845 ἀντὶ
3013 2787 3195 2858 γάμου
3222 2784 3319 2856 τὴν
3359 2780 3644 2855 μνηστείαν
3658 2780 3699 2833 oi

2150 2886 2436 2958 νομοθέται
2465 2885 2669 2950 ἔθεντο,
2707 2883 2803 2938 καὶ
2854 2882 3093 2952 ἄθεσμον
3138 2881 3200 2933 τὸ
3240 2877 3541 2947 συμϐαῖνον
3576 2875 3700 2946 ἡγή-

2153 2999 2335 3048 σαντο,
2370 2981 2465 3035 καὶ
2493 2979 2567 3051 μὴ
2594 2975 2709 3032 οἷόν
2742 2995 2806 3031 τε
2843 2974 3209 3031 συνάπτεσθαι
3236 2973 3552 3028 ἐθέσπισαν.
3604 2966 3701 3022 Καὶ

2150 3073 2325 3126 ταῦτα
2359 3072 2451 3125 ἐπὶ
2479 3070 2819 3141 ἀγχιστείας.
2868 3066 3023 3122 Μετά
3052 3065 3162 3137 γὰρ
3193 3064 3255 3118 τὺ
3310 3059 3699 3134 ἀριθμήσασθαι

2150 3164 2250 3227 τάς
2305 3162 2366 3228 ἐξ
2405 3162 2636 3232 αἵματος
2673 3159 2941 3222 κωλύσεις
3003 3157 3303 3226 ἐπάγουσιν
3330 3169 3346 3186 ο
3380 3154 3501 3207 Εἰσὶ
3541 3151 3593 3205 δὲ
3621 3150 3699 3203 καὶ

469 3228 542 3283 ob
564 3228 657 3296 jus
684 3233 1158 3302 cognationis,sed
1192 3246 1412 3307 propter
1434 3237 1749 3295 alIinitatem
1784 3256 1892 3296 non
1923 3255 2045 3310 pro-

2151 3258 2348 3327 ἕτεροι,
2375 3254 2436 3308 ού
2469 3228 2557 3307 ista
2581 3253 2780 3322 θεσμὸν
2810 3250 3129 3319 συγγενείας
3149 3289 3166 3315 ,
3201 3248 3287 3302 διά
3318 3246 3373 3300 δὲ
3413 3244 3698 3315 ἀγχιστείαν

468 3322 773 3377 cedunt.Et
797 3326 851 3378 in
880 3326 1198 3396 hujusmodi
1223 3329 1737 3401 impedimentorum
1762 3349 2045 3390 enumera-

470 3413 639 3478 tione,
665 3414 923 3484 przeiicta
958 3432 1178 3489 quoque
1201 3421 1379 3490 capita
1411 3422 1769 3480 collocantur.
1796 3423 1875 3479 Ac
1904 3440 2043 3495 pra:-

469 3511 655 3559 sentes
681 3520 788 3558 una
816 3508 1156 3563 sanctissimi
1178 3511 1463 3579 pontifices
1486 3513 1538 3567 in
1564 3514 1705 3568 hanc
1724 3517 2046 3572 canonicam

471 3595 809 3667 legalemque
838 3601 1168 3655 sententiam
1199 3617 1620 3673 consenserunt,
1645 3607 1716 3662 ita
1750 3623 1810 3663 se
1840 3611 2048 3666 sentire

469 3702 535 3742 ac
563 3687 746 3743 dicere
776 3688 1030 3759 professi,
1051 3707 1149 3747 nec
1172 3692 1449 3750 diversum
1481 3696 1613 3766 quid
1643 3713 1702 3754 se
1725 3700 1809 3753 vel
1838 3701 2049 3770 cogita-

469 3781 640 3848 tione,
674 3784 757 3837 vel
790 3781 937 3837 facto
964 3785 1218 3854 probare,
1242 3786 1390 3842 velut
1422 3803 1529 3844 una
1555 3805 1690 3846 voce
1719 3794 2047 3862 pronuntia-

471 3882 626 3927 runt:
647 3875 1089 3946 quandoquidem
1111 3888 1165 3933 et
1189 3878 1244 3933 in
1266 3880 1765 3940 renuntiationibus
1782 3885 1850 3940 ad
1870 3902 2047 3943 sacer-

468 3966 702 4031 dotium,
745 3967 818 4021 ita
864 3982 923 4023 se
965 3977 1078 4023 tum
1117 3968 1317 4038 facere,
1362 3979 1477 4027 tum
1524 3987 1719 4031 manus
1765 3976 2046 4046 imponere

466 4054 732 4125 dicerent,
748 4068 807 4113 ut
831 4073 955 4115 cum
972 4060 1095 4129 quis
1117 4063 1297 4132 aliqua
1314 4064 1417 4119 sibi
1438 4065 1788 4136 desponsata,
1807 4083 1909 4124 nec
1928 4084 2046 4124 ma-

467 4147 728 4202 trimonio
756 4151 1032 4220 copulata,
1066 4167 1395 4225 quocunque
1419 4155 1581 4211 modo
1608 4172 1727 4212 eam
1756 4157 2040 4229 deserens,

465 4243 615 4298 aliud
647 4244 843 4302 deinde
877 4247 1179 4317 legitimum
1222 4252 1633 4307 matrimonium
1669 4259 2040 4327 contraxerit;

464 4352 567 4392 nec
601 4340 860 4395 sacerdos
890 4340 1196 4406 ordinetur,
1231 4358 1335 4398 nec
1374 4344 1514 4401 forte
1544 4361 1639 4416 per
1669 4348 2039 4419 ignorantiam

463 4429 773 4497 ordinatus,
806 4432 1104 4502 quidquam
1142 4433 1353 4490 fructus
1390 4437 1516 4493 inde
1548 4440 1783 4509 referat;
1821 4444 1916 4499 sed
1952 4461 2042 4501 sa-

461 4520 727 4586 cerdotio,
766 4523 933 4578 veluti
966 4524 1238 4594 digamus,
1272 4527 1509 4584 excidat.
1545 4529 1682 4587 Nam
1721 4542 1775 4588 et
1810 4536 1902 4606 qui
1941 4539 2038 4594 de-

2151 3345 2228 3418 μὴ
2255 3344 2661 3417 προϐαίνοντες.
2690 3343 2801 3396 Καὶ
2834 3342 2893 3395 ἐν
2917 3341 2996 3412 τῷ
3023 3338 3308 3410 καταλόγῳ
3322 3337 3430 3392 τῶν
3459 3335 3696 3388 τοιούτων
3742 3423 3747 3427 ι

2149 3437 2509 3509 κωλυμάτων,
2544 3436 2932 3490 συντάττονται
2965 3434 3061 3487 καὶ
3113 3431 3183 3484 τὰ
3234 3429 3503 3502 εἰρημένα
3544 3425 3697 3495 scepti-

2148 3529 2296 3584 λαια.
2350 3528 2462 3584 Καὶ
2492 3529 2543 3581 oi
2588 3525 2974 3597 συμπαρόντες
3024 3522 3427 3594 πανιερώτατοι
3454 3521 3497 3553 ³¹
3528 3521 3697 3591 ἀρχιε-

2153 3625 2264 3696 ρεῖς
2286 3624 2351 3693 τῇ
2378 3620 2605 3694 τοιαύτῃ
2631 3621 2888 3690 κανονικῇ
2914 3635 2975 3671 τε
2998 3618 3092 3671 καὶ
3124 3617 3322 3686 νομικῇ
3351 3614 3542 3684 γνώμῃ
3568 3614 3698 3681 ὡμο-

2147 3714 2531 3785 γνωμόνησαν,
2567 3712 2665 3766 καὶ
2708 3710 2852 3764 οὕτω
2893 3712 3114 3782 φρονεῖν
3152 3725 3212 3762 τε
3249 3707 3341 3763 καὶ
3389 3708 3565 3776 λέγειν
3615 3708 3696 3757 ἁν-

2148 3792 2528 3877 ωμολόγησαν,
2564 3803 2660 3859 καὶ
2682 3802 2849 3873 μηδὲν
2873 3819 2924 3855 τι
2959 3799 3201 3854 ἐναντίον
3235 3800 3453 3869 φρονεῖν
3481 3797 3513 3868 ἢ
3543 3795 3693 3865 πράτ-

2147 3913 2283 3964 τειν,
2313 3894 2613 3966 ὁμοφώνως
2645 3895 2692 3927 ⁸³
2732 3892 2967 3958 ἐξεῖπον.
3023 3890 3175 3944 Ἐπεὶ
3232 3889 3329 3943 καὶ
3377 3890 3436 3941 ἐν
3482 3890 3590 3950 ταῖς
3631 3888 3700 3948 είς

2152 3989 2451 4059 ἱερωσύνην
2475 3985 2878 4058 παραγγελίαις
2900 3983 3042 4037 οὕτω
3070 3984 3243 4036 ποιεῖν
3268 3983 3363 4037 καὶ
3391 3979 3699 4053 χειροθετεῖν

2147 4079 2378 4150 ἔφασαν,
2433 4079 2510 4142 ὡς
2557 4079 2646 4131 ὅτε
2702 4094 2785 4140 τις
2812 4073 3289 4148 μνηστευσάμενός
3318 4089 3462 4138 τινα,
3500 4072 3588 4125 καὶ
3631 4067 3697 4140 μὴ

2148 4172 2291 4227 κατά
2317 4172 2498 4242 γάμον
2528 4169 2818 4238 συναφθεὶς
2842 4207 2858 4232 ,
2890 4165 3165 4235 ἀποσταίη
3202 4164 3407 4236 ταύτης
3422 4163 3697 4235 οίῳδήποτε

2144 4266 2353 4339 τρόπῳ,
2413 4260 2532 4318 εἶτα
2590 4263 2762 4333 ἑτέρῳ
2804 4259 3024 4330 νομίμῳ
3050 4258 3215 4329 γάμῳ
3256 4256 3502 4326 συναφθῇ
3533 4297 3545 4315 .
3589 4252 3696 4305 οὔτε

2145 4359 2336 4430 ἱερέως
2369 4356 2709 4428 χειροτονίαν
2754 4353 3011 4423 δέχεται,
3068 4349 3193 4404 οὔτε
3242 4346 3695 4420 χειροτονούμενος

2146 4452 2277 4515 ἴσως
2306 4449 2366 4515 ἐξ
2394 4447 2616 4517 ἀγνοίας
2636 4446 2905 4515 ὠφέλειαν
2934 4444 3056 4497 τινὰ
3082 4441 3221 4512 ἔχει,
3255 4440 3396 4495 ἀλλά
3428 4438 3526 4509 τῆς
3553 4440 3694 4506 ἱερω-

2149 4544 2333 4610 σύνης,
2369 4542 2445 4606 ὡς
2493 4540 2760 4611 δίγαμος,
2804 4535 3205 4606 ἀλλοτριοῦται.
3270 4535 3424 4587 Ἐπεὶ
3469 4533 3561 4586 καὶ
3605 4530 3693 4599 τὴν

461 4624 778 4685 sponsatam
803 4616 893 4670 alii
916 4616 1156 4685 duxerit,
1190 4620 1256 4675 ad
1280 4623 1568 4678 sacerdotii
1593 4627 1818 4694 gradum
1845 4645 2038 4686 ascen-

2151 4601 2331 4706 ἐτέριρ
2353 4601 2782 4704 μνηστευθεῖσαν
2803 4630 2855 4682 εῐ
2880 4601 3295 4697 τιςτάγάγηται,
3317 4628 3396 4689 είς
3416 4622 3691 4695 ἱερωσύνης

459 4707 590 4761 dere
620 4707 960 4775 prohibetur.
995 4708 1087 4766 Sic
1126 4728 1187 4768 se
1224 4721 1338 4768 tum
1369 4715 1637 4783 judicare,
1675 4729 1790 4774 tum
1827 4721 2031 4789 dicere,

459 4798 666 4869 pariter
698 4815 890 4857 omnes
932 4803 1307 4873 deposuerunt
1333 4806 1346 4857 i
1377 4823 1391 4874 ;
1451 4819 1507 4866 et
1544 4811 1624 4867 sic
1660 4812 1731 4869 ab
1773 4815 2034 4872 omnibus

459 4891 795 4959 faciendum,
831 4896 1287 4964 pronuntiarunt.

720 4984 804 5040 Ill.
850 4986 925 5042 De
959 4988 1161 5046 clericis
1195 5008 1387 5048 causa:
1427 4996 1702 5066 agentibus
1722 4998 1771 5052 ι.

529 5077 860 5136 Subnotatio
901 5082 1247 5152 patriarchas,
1283 5087 1489 5144 domini
1517 5088 1768 5158 Joannis,
1803 5094 1882 5150 sic
1924 5096 2025 5151 ba-

457 5176 567 5230 bet.

525 5264 713 5325 Mense
756 5267 1079 5339 Februario,
1112 5289 1204 5330 xu
1236 5275 1345 5342 die,
1386 5293 1449 5333 ut
1494 5279 1857 5337 indictionel.
1893 5283 2031 5339 Cum

2146 4725 2354 4798 βαθμὸν
2384 4723 2735 4795 ἐμποδίζεται
2759 4720 3092 4774 ἀναϐαίνειν.
3128 4719 3286 4772 Dii-rei
3317 4720 3410 4773 καὶ
3426 4715 3689 4786 γινώσκειν

2142 4819 2235 4872 καὶ
2282 4818 2466 4885 λέγειν
2496 4812 2633 4886 ὁμοῦ
2660 4814 2859 4877 πάντες
2891 4810 3178 4866 κατέθεντο
3197 4851 3213 4876 ,
3244 4810 3339 4863 καὶ
3375 4808 3515 4865 οὕτω
3544 4806 3691 4875 πράτ-

2138 4907 2327 4964 τεσθαι
2353 4909 2416 4962 ἐκ
2445 4905 2646 4970 παντὸς
2666 4905 2860 4978 χρεὼν,
2886 4904 3256 4974 ἐξεφώνησαν.

2353 5000 2427 5056 Γ.
2464 5000 2605 5069 Περὶ
2645 4996 2946 5069 κληρικῶν
2976 4993 3497 5065 συνηγορούντων.

2209 5097 2284 5151 Τὸ
2333 5096 2629 5166 σημείωμα
2677 5092 2772 5146 τοῦ
2824 5088 3165 5162 πατριάρχου
3221 5086 3417 5158 κυρίου
3466 5081 3684 5137 Ἰωάννου

2137 5189 2740 5357 εχῗίζῗῖῑέιεϐρουαρίῳ
2774 5276 2848 5345 ς’,
2893 5276 3083 5350 ἡμέρᾳ
3105 5280 3177 5345 γ’,
3222 5272 3593 5345 ἐπινεμήσεως
3619 5266 3677 5333 η’·

1663 5416 1899 5476 γΑΒΙΑς
1937 5422 2342 5481 LECTIONES.

527 5491 574 5529 ’⁸
597 5497 924 5571 ἀμφίϐολον.
996 5509 1043 5540 ⁷⁸
1073 5509 1428 5581 ἀναγόμενος.
1504 5511 1550 5544 ⁸³
1573 5512 1667 5567 τοῦ
1718 5516 1857 5571 υίοῦ.
1934 5518 1978 5549 ’ί
2012 5518 2438 5588 θεοτιλέστατοι.

2551 5516 2597 5548 δ’
2620 5513 2965 5585 όμοφρόνως.

534 5593 922 5682 ξραὶειίιζιὶαεεε
949 5601 1090 5657 hunc
1123 5619 1328 5658 casum.
1408 5615 1423 5654 ι
1476 5608 1656 5661 testati
1710 5618 1852 5663 sunt.
1932 5609 2268 5668 "causarum
2315 5611 2555 5682 patronis
2634 5605 2654 5649 ι
2695 5608 2892 5663 Mensis
2935 5604 3196 5662 [νεότατινὶ
3247 5602 3333 5656 die
3371 5600 3430 5665 6,
3476 5594 3670 5668 [ti-iaﬁ,

459 5663 745 5721 indictione
774 5667 831 5722 2.

1972 5766 2201 5825 ΝΟΤλΕ.

631 5849 764 5927 Filii
799 5853 1022 5927 νει-ΑΗ.
1064 5853 1091 5926 §
1227 5854 1286 5907 I).
1316 5854 1380 5927 de
1412 5856 1500 5927 rit.
1544 5866 1690 5922 nttpt.

633 5924 664 5978 ι.
705 5924 782 5978 li.
825 5925 850 5996 ς
884 5923 1035 5980 Nunc
1071 5923 1357 5982 rideamus.
1408 5925 1469 5983 Ι).
1506 5928 1627 5983 cod.

2205 5866 2280 5936 (6)
2306 5864 2359 5919 d.
2397 5865 2433 5918 ι.
2474 5865 2556 5927 tt,
2586 5864 2612 5936 ς
2639 5864 2738 5918 ult.
