3950 6578
180 480 185 484 .
211 430 322 496 765

1451 442 2170 510 GRECO-ROMANUM.

3373 441 3483 505 7'66

275 550 447 620 Μηνὶ
469 552 692 622 Ἰουλίῳ,
719 558 825 620 κα⁹,
851 552 1035 625 ἡμέρᾳ
1061 552 1123 619 δ’,
1150 553 1525 625 ἐπινεμήσεως
1558 548 1639 619 ιε’,
1668 570 1800 624 προσ

1981 555 2179 610 Mensis
2201 552 2332 609 Julii
2364 553 2453 610 die
2472 562 2503 603 γ
2531 553 2585 622 4,
2612 551 2907 608 indictione
2933 550 3019 618 15,
3045 568 3168 609 cum
3200 551 3485 609 sanctissi-

200 641 537 712 καθημένου
565 644 659 697 τοῦ
694 645 996 712 άγιωτάτου
1028 646 1184 716 ἡμῶν
1210 645 1472 698 δεσπότου
1502 646 1596 699 καὶ
1623 646 1803 697 οἰκου-

206 734 453 802 μενικοῦ
488 735 823 806 πατριάρχου
857 735 1124 788 Νικολάου
1157 737 1212 788 ἐν
1242 735 1319 806 τῷ
1351 736 1644 805 Θωμαῖτῃ,
1679 752 1806 786 συν-

202 825 581 894 εδριαζὸντων
608 826 755 897 αὒτῷ
785 827 1214 895 θεοφιλεστάτων
1245 825 1680 898 μητροπολιτῶν.
1709 825 1804 878 τοῦ

201 914 388 979 δεῖνος
418 918 515 969 καὶ
540 917 710 981 δεῖνος
729 931 743 948 ⁸
768 918 794 970 ὁ
818 916 1231 986 θεοφιλέστατος
1261 917 1663 989 μητροπολίτης
1691 917 1805 969 Κυ-

204 1005 371 1069 ζίκου
409 1005 642 1076 Συμεὼν
676 1006 1036 1079 συνεδριάζων
1066 1011 1128 1077 τῇ
1168 1008 1324 1078 ἡμῶν
1358 1008 1692 1077 μετριότητι,
1729 1002 1806 1059 εἴη

204 1112 313 1148 πεν
344 1097 431 1160 ὡς
462 1098 721 1167 κληρικὸς
749 1097 850 1168 τῆς
880 1099 997 1152 κατ’
1020 1099 1184 1150 αὑτὸν
1215 1097 1605 1170 μητροπόλεως
1621 1097 1810 1152 Ἰωάν-

205 1206 331 1259 νης,
358 1190 701 1261 Διαὸατηνὸς
723 1190 1141 1261 ὀνομαζόμενος,
1164 1190 1571 1261 ἐμνηστεύσατο
1592 1193 1809 1261 Μαρίαν

203 1282 336 1335 τινὰ
364 1282 472 1337 τοῦ
503 1283 765 1353 Θεοφίλου
798 1283 1162 1353 καλουμένην,
1194 1283 1410 1351 ἡλικίας
1442 1280 1607 1337 οὖσαν
1640 1284 1810 1336 ἑπτα-

210 1371 402 1435 ετοῦς.
435 1371 639 1427 Μαθὼν
665 1372 722 1425 δὲ
747 1372 846 1443 τὴν
873 1373 1167 1445 μνηστείαν
1193 1368 1331 1426 εἶναι
1360 1372 1696 1444 παράνομον,
1723 1371 1811 1425 διὰ

208 1463 313 1535 τὴν
345 1465 461 1534 τῆς
506 1464 751 1536 μνηστῆς
786 1464 1113 1535 άνηόότητα,
1144 1464 1267 1518 τότε
1309 1466 1408 1536 μὲν
1440 1464 1650 1533 ἀπέστη
1683 1463 1813 1517 ταύ-

208 1568 335 1625 της,
373 1555 524 1624 μετὰ
548 1554 605 1608 δὲ
630 1555 853 1626 χρόνους
881 1555 1025 1609 ὀκτὼ
1049 1555 1294 1626 νομίμως
1321 1556 1523 1624 ταύτην
1546 1556 1684 1625 πρὸς
1712 1554 1814 1622 γά-

211 1662 317 1715 μον
356 1647 628 1717 ἠγάγετο.
666 1647 776 1701 Καὶ
811 1647 984 1701 ταῦτα
1022 1647 1228 1715 λέγων,
1268 1647 1428 1717 ἤθελε
1463 1648 1523 1700 τὸ
1561 1646 1813 1717 ποιητέον

210 1741 306 1790 ἐπὶ
339 1737 430 1808 τῷ
460 1737 708 1810 κληρικῷ
741 1738 954 1808 μαθεῖν.
979 1740 1249 1792 Ἤκουσεν
1277 1738 1368 1792 οὖν
1397 1738 1503 1792 άπὸ
1531 1738 1630 1809 τῆς
1659 1736 1814 1807 ἡμῶν

213 1829 583 1899 μετριότητος
611 1829 705 1881 καὶ
729 1829 826 1899 τῆς
854 1828 1306 1899 συνεδριαζούσης
1335 1827 1713 1898 ἀδελφότητος,
1738 1827 1814 1891 ὡς

209 1922 317 1975 οὐκ
349 1921 455 1974 ἐπὶ
490 1922 652 1992 μόνου
681 1920 775 1974 τοῦ
806 1920 1046 1992 γαμικοῦ
1084 1922 1529 1991 συναλλάγματος
1560 1920 1810 1991 ἀρραϐῶ-

211 2033 314 2078 νας
349 2016 679 2086 νενόμισται
717 2014 973 2079 δίδοσθαι,
1012 2013 1147 2068 ἀλλὰ
1188 2015 1283 2068 κα)⁵
1317 2014 1409 2067 ἐπὶ
1451 2011 1668 2065 πάντων
1701 2011 1811 2064 τῶν

214 2108 696 2180 συναλλαγμάτων
720 2122 733 2135 ·
762 2106 901 2178 πλὴν
928 2109 1027 2161 οὐκ
1054 2107 1517 2177 ὴναγκασμένως,
1546 2103 1660 2158 ἀλλ’
1684 2103 1814 2157 αὐθ-

215 2201 484 2274 αιρέτως.
507 2202 719 2271 Ὥσπερ
751 2201 929 2254 τοίνυν
961 2200 1054 2253 ἐπὶ
1083 2200 1189 2253 τῶν
1224 2199 1396 2254 ἄλλων
1434 2196 1811 2267 συναλλαγμά-

216 2312 326 2347 των
348 2294 422 2346 οὐ
447 2294 681 2364 λέγομεν
703 2294 905 2364 ἄκυρον
927 2291 1066 2348 εἶναι
1090 2293 1148 2345 τὸ
1173 2292 1394 2361 γεγονὸς
1413 2331 1426 2353 ,
1456 2290 1530 2361 μὴ
1552 2288 1813 2342 δοθέντων

218 2384 588 2457 ἁρῤαεὼνων,
619 2383 763 2439 οὕτω
791 2387 883 2439 καὶ
912 2384 1005 2438 ἐπὶ
1034 2384 1126 2439 τοῦ
1158 2384 1397 2454 γαμικοῦ
1432 2383 1815 2451 συναλλάγμα-

220 2492 353 2543 τος,
395 2476 502 2529 κᾶν
538 2476 792 2550 ἀρραϐὼν
826 2478 944 2549 ἦτοι
986 2477 1249 2548 μνηστεία
1288 2475 1461 2547 προϐῇ
1491 2478 1559 2539 ³³,
1599 2475 1814 2545 βέϐαιον

222 2568 387 2622 ἔσται
436 2570 533 2623 καὶ
580 2569 965 2624 ἀδιάσπαστον.
1011 2569 1121 2638 Τῆς
1171 2568 1301 2638 γοῦν
1348 2568 1629 2640 προδάσης
1682 2586 1815 2639 μνη-

113 2708 134 2731 ,
221 2659 440 2726 στείας,
468 2659 545 2723 ὥς
570 2660 807 2730 εἴρηται,
841 2660 1006 2730 μέσον
1030 2661 1123 2715 τοῦ
1152 2659 1413 2732 κληρικοῦ
1444 2660 1537 2714 καὶ
1563 2661 1659 2731 τῆς
1690 2661 1810 2713 Μα-

224 2755 378 2820 ρίας,
419 2753 587 2823 οὔσης
631 2754 1027 2819 άνυποστάτου,
1070 2755 1273 2807 ἐσεῖται
1310 2754 1337 2806 ὁ
1378 2753 1637 2825 κληρικὸς
1676 2752 1815 2822 ἔχων

224 2842 594 2908 άδιασείστως
616 2845 713 2915 τὴν
737 2846 823 2901 διὰ
853 2845 1017 2918 μόνης
1042 2845 1288 2917 γαμικῆς
1315 2846 1617 2916 ίερολογίας
1643 2845 1815 2915 ἁρμο-

226 2938 456 2991 σθεῖσαν
484 2937 633 3008 αὐτῷ
665 2937 917 3007 σύζυγον,
949 2938 1023 3003 ὡς
1051 2939 1378 3010 διείληπται.
1411 2938 1523 3008 Πρδ
1550 2938 1730 3008 γάμου
1759 2937 1815 2990 δὲ

224 3029 434 3103 δωρεά,
467 3028 534 3085 δι’
559 3034 624 3103 ἢν
654 3033 749 3087 καλ⁴
777 3033 873 3103 τὴν
906 3033 1197 3104 μνηστείαν
1228 3032 1642 3102 νενομοθέτηται
1673 3032 1818 3100 γίνε-

230 3121 399 3190 σθαι,
440 3122 611 3192 μέσον
646 3124 752 3178 τῶν
786 3125 1069 3194 ὁμοζύγων
1105 3125 1138 3197 ἢ
1176 3116 1285 3178 τῶν
1325 3124 1507 3196 μερῶν
1542 3125 1719 3179 αὐτῶν
1754 3127 1814 3180 οὐ

1907 663 2026 702 mus
2079 655 2267 703 noster
2322 647 2580 701 dominus
2633 652 2686 699 et
2737 644 3114 698 meumenicus
3168 642 3483 714 patriarcha

1904 738 2162 794 Nicolaus
2191 739 2246 792 in
2280 736 2570 792 Thomaita
2608 736 2946 806 praasideret,
2979 751 3043 791 ac
3073 751 3200 790 cum
3233 736 3351 805 ipso
3386 731 3483 789 Dei

1906 831 2276 886 amantissimi
2310 827 2719 901 metropolitani
2760 828 2854 882 ille
2898 835 2951 882 et
2990 827 3079 882 ille
3111 825 3482 892 considerem,

1908 922 2001 977 Dei
2054 921 2466 977 amantissimus
2515 920 2975 990 metropolitanus
3034 919 3216 990 Cyzici
3263 917 3485 973 Simeon

1909 1025 2032 1066 cum
2081 1018 2268 1064 nostra
2317 1010 2737 1063 moderatione!
2783 1008 3103 1075 considens,
3145 1008 3303 1075 dixit,
3339 1023 3479 1076 quo-

1909 1100 2071 1154 modo
2093 1101 2311 1171 quidam
2340 1100 2581 1154 matricis
2610 1116 2721 1154 sum
2749 1108 2768 1131 '
2794 1099 2946 1152 urbis
2976 1099 3231 1163 clericus,
3259 1097 3480 1153 nomine

1908 1187 2147 1246 Joannes
2173 1191 2528 1256 Diabatenus,
2554 1191 2831 1261 sponsalia
2859 1190 3057 1245 inierat
3091 1205 3214 1244 cum
3242 1190 3478 1259 quadam

1914 1284 2080 1338 Maria
2113 1283 2400 1351 Theophili
2432 1284 2598 1348 dicta,
2641 1299 2764 1354 quae
2796 1291 2939 1339 esset
2975 1290 3133 1337 aetate
3162 1280 3480 1350 septennis:

1911 1388 2073 1446 atque
2129 1376 2429 1439 intellecto,
2487 1385 2710 1446 propter
2769 1388 2986 1444 sponsa}
3041 1372 3485 1442 impubertntem,

1913 1475 2110 1541 praeter
2136 1469 2227 1538 jus
2262 1466 2539 1536 Sponsalia
2570 1482 2692 1522 esse
2732 1467 2885 1530 inita,
2922 1474 3050 1518 tunc
3089 1463 3158 1518 ab
3188 1463 3279 1517 illa
3311 1476 3489 1516 reces-

1915 1567 2083 1627 serat,
2113 1575 2177 1614 ac
2205 1567 2328 1629 post
2367 1558 2542 1614 annos
2572 1567 2698 1613 octo
2731 1558 2975 1627 legitime
3008 1555 3181 1625 ipsam
3216 1555 3271 1609 in
3297 1552 3490 1607 matri-

1917 1651 2159 1705 monium
2186 1659 2583 1720 assumpscrat.
2605 1649 2783 1719 Atque
2805 1649 2920 1702 hmo
2938 1661 3060 1701 cum
3089 1646 3334 1708 dixisset,
3359 1644 3495 1714 quid

1916 1743 1983 1797 de
2010 1742 2211 1797 clerico
2245 1741 2339 1796 illo
2372 1740 2681 1797 faciendum
2718 1747 2888 1804 esset,
2924 1738 3135 1792 discere
3157 1737 3351 1791 voluit.
3384 1738 3494 1789 Au-

1919 1833 2054 1888 divit
2082 1833 2252 1905 igitur
2280 1848 2309 1886 a
2340 1840 2533 1888 nostra
2566 1831 2965 1892 moderatione,
2995 1827 3495 1895 conﬁdentiamque

1856 1892 2154 1981 l3fratrum
2206 1934 2375 1992 ccetu,
2432 1941 2541 1980 non
2594 1925 2771 1980 solum
2821 1923 2876 1978 in
2931 1921 3162 1992 nuptiali
3211 1928 3493 1974 contractu

1922 2019 2114 2073 arrhas
2143 2019 2258 2072 dari
2294 2026 2573 2087 receptum
2609 2030 2750 2081 esse,
2775 2029 2964 2068 verum
3001 2014 3161 2066 etiam
3197 2011 3250 2065 in
3283 2010 3494 2064 cmteris

1921 2109 2302 2165 contractibus
2326 2108 2618 2163 omnibus:
2646 2115 2807 2175 atque
2835 2107 2885 2161 id
2912 2105 3133 2174 quidem
3156 2120 3262 2159 non
3286 2112 3493 2168 coaete,

1922 2200 2014 2255 sed
2044 2209 2257 2270 sponte.
2282 2199 2753 2266 Quemadmodum
2782 2201 2947 2269 igitur
2973 2201 3025 2254 in
3056 2199 3178 2252 aliis
3201 2197 3499 2252 contracti-

1923 2294 2024 2348 bus
2048 2308 2155 2347 non
2179 2293 2433 2354 dicimus,
2453 2292 2597 2361 quod
2626 2300 2803 2345 actum
2828 2301 2929 2358 est,
2951 2296 2992 2348 si
3021 2292 3196 2347 ari-hae
3221 2289 3361 2344 datae
3389 2303 3494 2343 non

1925 2385 2150 2449 fuerint,
2203 2399 2326 2439 esse
2382 2384 2598 2438 irritum
2645 2400 2661 2438 :
2720 2386 2793 2440 ita
2838 2399 3058 2456 quoque
3108 2384 3160 2437 in
3211 2390 3495 2437 contractu

1923 2476 2179 2546 nuptiali,
2206 2478 2422 2531 tametsi
2454 2490 2579 2531 arra
2609 2477 2724 2532 sive
2755 2476 3032 2547 sponsalia
3064 2490 3174 2530 non
3208 2488 3497 2544 processe-

1923 2574 2056 2635 rint,
2108 2568 2255 2639 quod
2300 2579 2480 2624 actum
2530 2567 2718 2635 fuerit,
2775 2569 2991 2624 ﬁrmant
3045 2574 3211 2637 atque
3255 2565 3495 2621 indivul-

1925 2679 2043 2719 sum
2087 2662 2213 2718 erit.
2284 2660 2474 2730 itaque
2523 2676 2837 2733 quanquam
2887 2676 3008 2732 quae
3053 2661 3195 2714 inter
3236 2658 3495 2713 clericum

1922 2767 1976 2811 et
2003 2754 2259 2821 Mariam,
2294 2763 2354 2809 ut
2385 2754 2592 2809 dictum
2629 2762 2737 2823 est,
2774 2755 3051 2825 sponsalia
3089 2760 3495 2824 processerunt,

1923 2847 2221 2902 subsistere
2263 2853 2538 2917 nequeant
2570 2863 2583 2900 :
2619 2846 2842 2903 habebit
2876 2855 3058 2901 tamen
3101 2842 3499 2900 indissolubili-

1924 2946 2007 2994 ter
2057 2938 2292 2993 clericus
2345 2953 2605 3005 uxorem,
2674 2940 2777 3007 ipsi
2835 2955 2930 3009 per
2975 2939 3145 2994 solam
3199 2936 3494 3005 nuptialem

1923 3030 2417 3095 consecrationem,
2447 3040 2504 3086 ut
2535 3032 2864 3103 explicatum
2892 3039 2996 3097 est,
3023 3029 3392 3100 coniunctam.
3424 3026 3498 3083 De

1924 3122 2223 3177 donatione
2273 3131 2454 3177 tamen
2504 3131 2726 3194 propter
2781 3124 3025 3192 nuptias,
3072 3132 3295 3191 propter
3332 3134 3495 3188 quam

226 3218 758 3289 τρακταῖσθήσεται,
798 3218 1120 3289 ἀλλ’ὥσπερ
1163 3219 1212 3271 εί
1253 3219 1386 3288 μηδὲ
1426 3218 1631 3290 προέϐη
1680 3237 1813 3289 μνη-

1926 3214 2206 3282 sponsalia
2262 3213 2429 3267 etiam
2481 3214 2599 3268 ﬁeri
2652 3229 3004 3278 consuevere,
3042 3215 3184 3268 inter
3233 3210 3498 3280 coniuges

230 3309 416 3375 στεία,
462 3310 597 3381 μηδὲ
637 3310 744 3381 πρὸ
783 3312 960 3380 γάμου
1000 3310 1448 3381 παρηκολούθησε
1486 3312 1685 3382 δωρεά,
1727 3309 1816 3381 βέ-

230 3401 387 3468 ϐαιος
417 3402 448 3456 ὁ
478 3404 654 3475 γάμος
685 3402 835 3457 ἔσται
864 3403 960 3458 καὶ
987 3403 1371 3476 ἀδιάρρηκτος.

633 3662 866 3718 ΣΤΥΠΠ
901 3664 1019 3716 ΚΑΙ
1051 3661 1415 3718 ΑΡΣΕΝΙΟΥ.

232 3759 375 3830 Περὶ
407 3755 601 3829 γάμου
665 3758 775 3812 δύο
818 3755 1099 3830 dde/235w
1133 3754 1284 3824 μετὰ
1317 3755 1560 3824 νύμφης
1584 3754 1684 3809 καὶ
1710 3754 1815 3810 ἀνα

836 3826 1201 3895 δραδέλφης.

306 3923 389 3977 To
417 3920 514 3975 τοῦ
574 3920 918 3990 πατριάρχου
981 3917 1170 3986 Στυπῆ
1198 3917 1482 3987 ψήφισμα,
1514 3916 1608 3969 καὶ
1633 3916 1694 3969 τὸ
1723 3915 1817 3969 τοῦ

241 4014 594 4086 πατριάρχου
644 4011 943 4083 Ἀρσενίου,
966 4009 1058 4062 δύο
1086 4008 1347 4077 ἀδελφοὺς
1379 4008 1599 4077 νύμφην
1627 4006 1817 4059 λαϐεῖν

240 4110 339 4162 καί¹
365 4105 761 4177 άνδραδέλφην,
790 4101 1067 4157 ἀκώλυτον
1094 4096 1237 4154 εἶναι
1265 4101 1529 4171 κρίνουσι.

516 4214 871 4270 ΝΙΚΟΛΑΟΥ
893 4215 1028 4267 ΤΟΥ
1054 4210 1542 4268 ΜΟΥΖᾹΛΩΝΟΣ.

241 4308 387 4379 Περὶ
419 4308 753 4378 μνηστείας
790 4303 961 4379 δυοῖν
989 4303 1245 4379 aptarat?
1268 4300 1635 4370 ἐξαδέλφοιν
1664 4300 1817 4370 μετὰ

776 4376 952 4430 δυαῐν
970 4372 1285 4440 ἀδελφιῖῖν.

314 4470 427 4525 Τοῦ
489 4468 752 4523 σεόαστοῦ
784 4468 996 4522 ἐκείνου
1051 4468 1145 4519 καὶ
1175 4465 1413 4535 μεγάλου
1454 4462 1817 4534 δρουγγαρίου

241 4563 439 4634 κυρίου
483 4562 755 4631 Στεφάνου
797 4559 1084 4629 Κομνηνοῦ
1139 4558 1424 4628 μέλλοντος
1455 4555 1817 4627 συζευχθῆναι

241 4654 312 4721 τῇ
347 4650 516 4721 κυρία
567 4650 816 4721 Εὑδοκίᾳ,
863 4652 929 4719 τῇ
965 4648 1198 4717 θυγατρὶ
1227 4646 1322 4699 τοῦ
1368 4646 1633 4700 σεϐαστοῦ
1674 4646 1821 4701 ὲκεί-

243 4761 341 4797 νου
401 4743 496 4795 καὶ
554 4742 790 4812 μεγάλου
833 4742 1166 4812 Δομεστίκου
1198 4739 1390 4810 κυρίου
1416 4737 1695 4805 Ἰωάννου,
1730 4741 1823 4794 καὶ

244 4838 596 4908 κωλυομένου
648 4838 736 4891 διὰ
760 4839 820 4890 τὸ
839 4839 938 4909 τὴν
991 4836 1332 4904 αὐταδέ).φην
1397 4835 1568 4905 αὐτῆς
1624 4835 1823 4907 κυρίαν

245 4929 494 5000 Εἰρήνην
563 4930 967 5000 μνηστευθῆναι
1003 4928 1082 4998 τῷ
1109 4927 1357 4997 σεϐαστῷ
1405 4928 1600 4997 ἐκείνῳ
1648 4926 1823 4998 κυρίῳ

259 5017 513 5089 Ἀλεξίῳ,
537 5020 615 5091 τῷ
646 5020 745 5091 υίῷ
776 5019 872 5074 τοῦ
904 5019 1357 5092 πρωτοσεσαστοῦ
1386 5019 1594 5072 ἐκείνου
1624 5019 1815 5086 κυρίου

261 5109 511 5164 Ἰωάννου
563 5110 659 5165 τοῦ
706 5111 957 5181 ἀοιδίμου
1008 5111 1528 5181 σεδαστοκράτορος,
1597 5108 1674 5180 τῷ
1703 5109 1817 5163 ὅντι

1925 3306 2240 3375 ipsorumve
2284 3315 2497 3375 partes
2536 3321 2646 3359 non
2684 3305 3011 3360 tractabitur
3053 3322 3068 3359 :
3113 3303 3208 3359 sed
3274 3300 3499 3374 perinde

1925 3405 2087 3465 atque
2130 3396 2176 3453 si
2229 3397 2510 3466 sponsalia
2549 3413 2658 3452 non
2701 3395 3124 3467 processissent,
3158 3409 3337 3463 neque
3373 3403 3498 3446 ante

1924 3489 2146 3559 nuptias
2176 3488 2401 3543 donatio
2432 3489 2730 3544 subsecuta
2778 3495 2961 3553 esset,
2996 3485 3213 3540 ﬁrmum
3248 3484 3355 3539 erit
3387 3497 3501 3535 ma-

1925 3580 2245 3635 trimonium
2277 3590 2440 3650 atque
2471 3580 2868 3650 indisrnptum.

2280 3684 2307 3713 ι
2332 3669 2592 3745 ,δτυριιΕ
2622 3670 2712 3725 ET
2741 3668 3019 3725 anssnu
3050 3667 3151 3738 (9).

1961 3763 2033 3819 De
2062 3766 2256 3831 nuptiis
2277 3764 2504 3818 duorum
2525 3762 2752 3831 fratrum
2784 3778 2902 3815 cum
2932 3757 3174 3830 sponsalt
3204 3764 3254 3813 et
3293 3754 3457 3827 glore.

1997 3918 2284 3974 Decretum
2316 3918 2641 3987 patriarchae.
2698 3915 2902 3986 Stupae,
2932 3915 3061 3969 item
3093 3923 3147 3968 et
3176 3912 3503 3981 patriarcha:

1922 4012 2159 4076 Arsenii,
2197 4026 2538 4080 nequaquam
2566 4009 2902 4078 prohibitum
2941 4006 3211 4074 indicant,
3268 4012 3326 4058 ut
3383 4003 3494 4057 duo

1932 4102 2132 4159 fratres
2163 4117 2422 4173 sponsam
2470 4089 2672 4155 ducant
2696 4108 2749 4154 et
2773 4100 2875 4153 viri
2912 4113 3185 4154 sororem.

2274 4213 2551 4270 NlCOLAl
2587 4210 2990 4267 MUZALONIS
3014 4210 3147 4282 (ιο).

1995 4305 2075 4362 De
2101 4308 2436 4378 sponsalibus
2494 4307 2718 4361 duorum
2755 4305 3189 4378 consobrinorum
3214 4309 3504 4371 [ratrumre

2212 4379 2533 4448 patruelium
2560 4393 2678 4429 cum
2707 4376 2910 4428 duabus
2931 4374 3218 4428 sororibus.

1992 4468 2127 4524 Cum
2163 4470 2508 4524 venerandus
2532 4468 2583 4509 δ’
2609 4469 2719 4533 ille,
2750 4476 2805 4522 et
2871 4482 3097 4535 magnus
3151 4463 3503 4533 drungarius,

1926 4560 2180 4617 dominus
2230 4563 2540 4633 Stephanus
2588 4560 2903 4616 Comnenus
2951 4567 3096 4614 esset
3159 4557 3505 4611 matrimonio

1924 4654 2234 4724 jnugendus
2256 4653 2492 4709 domina:
2527 4652 2803 4710 Eudocize.
2854 4650 3152 4705 venerandi
3189 4660 3213 4688 ο
3255 4649 3404 4704 illius
3453 4656 3506 4702 et

1937 4746 2118 4815 magni
2145 4745 2433 4799 domestici
2471 4743 2677 4797 domini
2712 4741 2939 4797 Joannis
2977 4742 3118 4806 ﬁliae,
3159 4749 3213 4795 et
3244 4739 3504 4809 prohibe-

1929 4846 2101 4901 retur,
2139 4854 2205 4893 eo
2244 4838 2389 4908 quod
2421 4853 2586 4893 soror
2623 4839 2743 4904 ejus
2790 4836 3011 4891 domina
3036 4837 3191 4891 lrene
3231 4836 3503 4903 desponsa
3554 4902 3560 4909 .

1931 4937 2076 4983 esset
2128 4928 2204 4983 illi
2248 4925 2542 4997 Augusto‘l
2575 4929 2799 4981 domino
2856 4927 3067 4991 Alexio,
3141 4924 3504 4997 protosebasti

1926 5019 2135 5074 domini
2183 5017 2414 5074 Joannis
2472 5019 2661 5090 inclyti
2724 5018 3182 5073 sebastocratoris
3222 5018 3354 5078 ﬁlio,
3414 5013 3509 5084 qui

1930 5120 2049 5167 erat
2075 5110 2291 5182 primus
2320 5112 2586 5181 patruelis
2619 5110 2798 5182 magni
2828 5110 3108 5181 drungarii
3135 5128 3149 5165 :
3184 5117 3237 5165 et
3256 5107 3369 5163 ﬁeri
3398 5122 3505 5161 non

1517 5289 1747 5345 VARle
1802 5289 2209 5349 LECTIONES.

353 5364 402 5400 ”
435 5366 509 5436 μὴ
539 5364 735 5436 προσῇ·

323 5454 571 5513 1Μεηεὶε
621 5457 759 5512 Julii
811 5458 896 5512 die
936 5473 1026 5513 nt
1076 5458 1209 5527 feria
1241 5475 1311 5513 Iv.
1393 5468 1416 5495 ι
1441 5456 1825 5527 mediocritate
1873 5470 1897 5497 α
1933 5458 2235 5525 metropolis
2260 5474 2370 5512 sua:
2398 5458 2524 5527 cler.
2601 5458 2629 5498 ι)
2652 5474 2788 5511 nuru
2859 5458 2909 5497 δ’
2940 5456 3209 5511 δεὺαςιιιε.
3243 5452 3339 5504 hoc
3366 5446 3506 5503 enim

251 5530 501 5596 palatina:
530 5529 804 5600 dignitatis
828 5539 905 5584 est
933 5526 1140 5593 nomen,
1177 5540 1233 5583 ut
1258 5545 1419 5598 supra
1449 5529 1505 5582 in
1537 5538 1772 5585 extremo
1807 5526 1947 5583 libro
1979 5545 2038 5584 ll.
2117 5539 2138 5568 ο
2177 5529 2405 5584 Sebasti.
2480 5526 2507 5565 ά
2542 5528 2788 5584 Sebasto.

1748 5668 1986 5727 ΝΟΤίΕ.

322 5786 396 5857 (9)
426 5785 535 5841 Leo
599 5784 843 5860 Stypiota
895 5787 1048 5860 vixit
1117 5789 1219 5845 sub
1253 5788 1626 5845 Calooloanne
1677 5805 1801 5860 aug.

251 5860 515 5915 Arseuius
540 5872 668 5914 vero
715 5858 1071 5923 Autorianus,
1106 5861 1262 5931 longe
1294 5872 1432 5930 post,
1467 5862 1569 5917 sub
1605 5858 1813 5915 Laeca-

1917 5789 2035 5843 riuo
2063 5794 2114 5839 et
2141 5783 2505 5851 i‘alaeologiuo
2538 5783 2672 5836 vixit
2700 5781 2954 5847 impavio.

1994 5857 2109 5930 (10)
2141 5854 2283 5911 Vim
2316 5858 2417 5910 sub
2449 5854 2694 5909 Manuelc
2732 5855 3031 5907 (lontucno.
