3950 6576
223 295 337 360 ’ίίῖ9

1375 294 1387 303 ’
1472 302 2182 368 (ἰΙῖιἨΟΟ-ΒΟΜΑΝΗΜ.

3381 308 3487 372 770

222 412 440 482 μένους
462 410 569 474 τοῖς
588 408 837 482 λῃσταῖς,
857 412 1109 476 καὶτοὺς
1139 412 1225 467 διὰ
1254 414 1313 467 τὸ
1339 420 1493 488 κοινῇ
1535 419 1812 487 συμφέρον

1918 419 2113 474 blieam
2183 421 2496 483 utilitatem.
2549 421 2936 493 deprecatione
3003 421 3348 492 interposita,
3408 423 3491 476 la-

218 505 285 555 ὲκ
328 502 736 574 παρακλήσεως
789 501 1160 572 φονεύσαντας
1191 504 1414 576 λῃστὰς,
1449 508 1809 576 ἐπιτιμᾶσθαι

218 595 417 659 καθὼς
460 596 818 665 ὲπιτιμῶνται
869 597 964 651 καὶ
985 598 1035 649 οί
1062 599 1120 650 ἐν
1164 598 1387 669 πολέμῳ
1427 600 1807 667 φονεύσαντες.

217 691 329 743 Τὸν
352 691 415 744 δὲ
459 689 799 759 φονεύσαντα
845 689 1070 763 λῃστὴν,
1101 691 1305 744 ὁπόταν
1329 692 1427 761 τὴν
1451 690 1560 743 ἀπὸ
1617 691 1810 745 τούτου

216 785 489 855 λῃστείαν
551 784 786 854 ἠδύνατο
841 784 1145 853 διαφυγεῖν,
1201 783 1297 836 ἐπὶ
1348 785 1509 837 πλέον
1556 784 1809 854 ἐπιτιμᾶ-

218 874 373 927 σθαι.
450 874 609 927 Κατά
673 874 856 942 μέντοι
881 875 947 927 τά
991 875 1202 944 νόμιμα
1251 872 1498 944 δίκαιαί)
1553 875 1811 944 ἀνωτέρω

220 969 466 1037 ρηθεῖσα
484 966 751 1037 διαίρεσις
791 967 891 1020 οὐκ
917 969 1299 1036 ἀπεπέμπετο.
1357 968 1468 1025 Καὶ
1502 969 1676 1022 ταῦτα
1713 969 1812 1039 μὲν

216 1063 354 1131 περὶ
412 1061 641 1114 λαῖκῶν.
667 1064 731 1115 0!
752 1062 858 1132 γὰρ
882 1062 1137 1132 κληρικοὶ
1161 1063 1514 1132 ὁπωςδήποτε
1546 1063 1809 1132 φονεύον-

214 1172 310 1216 τες
337 1153 765 1226 καθαιροῦνται,
837 1156 1107 1226 μηδεμιᾶς
1135 1155 1395 1226 διαφορᾶς
1454 1154 1621 1226 οὔσης
1660 1155 1814 1209 πολε-

218 1247 389 1315 μίων,
418 1248 452 1319 ἦ
480 1247 717 1320 λῃστῶν,
750 1248 783 1320 ἢ
806 1250 1008 1319 ἐτέρων
1031 1248 1214 1302 τινῶν.

888 1364 1147 1418 ΛΟΥΚΛ.

216 1480 301 1531 A’.
335 1478 658 1545 Σημείωμα
698 1478 1027 1532 συνοδικιῗιν
1077 1479 1175 1531 ἐπὶ
1212 1477 1322 1545 τῆς
1350 1479 1674 1544 βασιλείας
1704 1479 1810 1534 τοῦ

289 1549 619 1616 Κομνηνοῦ
653 1551 861 1615 κυρίου
887 1548 1195 1615 Μανουὴλ,
1233 1549 1598 1617 πατριάρχου
1624 1551 1801 1615 ὄντος

288 1620 537 1697 40:32:61
578 1620 735 1697 scapi“
756 1619 861 1672 τοῦ
895 1618 981 1687 μὴ
1010 1620 1285 1688 γίνεσθαι
1317 1620 1509 1690 τάμον
1554 1618 1809 1689 ἑϐδόμου

281 1689 541 1757 ,βαθμοῦ
576 1689 644 1752 ἐξ
672 1690 941 1757 αἵματος.

288 1800 453 1870 Μηνὶ
512 1799 806 1871 Ἀπριλλίῳ
858 1798 948 1863 ια’,
979 1801 1358 1873 ἐπινεμήσεως
1380 1802 1428 1834 ’⁸
1456 1800 1537 1867 ιδ’,
1566 1801 1811 1872 προκαθ-

217 1895 437 1963 ημένου
516 1892 702 1946 Λουκᾶ
761 1893 854 1946 τοῦ
912 1893 1225 1960 ἀγιωτάτου
1267 1895 1361 1947 καὶ
1423 1894 1809 1964 οίκουμενικοῦ

218 1984 578 2055 πατριάρχου
603 1985 659 2036 ὲν
686 1987 798 2047 τοῖς
845 1985 1039 2051 δεξιοῖς
1085 1984 1415 2050 Ἀλεξιακοῖς
1453 1986 1809 2056 κατηχουμὲ-

219 2093 333 2136 νοις
355 2078 434 2135 ³⁵.
485 2076 938 2145 συνεδριαζόντων
971 2080 1038 2148 τῇ
1077 2077 1288 2149 μεγάλῃ
1338 2077 1617 2149 ἁγιωσύνῃ
1645 2074 1808 2130 αὑτοῦ

223 2166 549 2237 ἱερωτάτων
614 2165 937 2235 ἀρχιερέων,
967 2167 1060 2218 τοῦ
1096 2167 1458 2237 Καισαρείας,
1497 2166 1592 2218 τοῦ
1635 2166 1808 2236 Ἥρα-

221 2259 441 2320 κλείας,
476 2257 570 2310 τοῦ
598 2258 856 2322 Κυζίκου,
892 2258 986 2311 τοῦ
1021 2258 1523 2328 Νικομηδείας,τοῦ
1548 2260 1807 2322 Νικαίας,

221 2346 318 2400 τοῦ
373 2346 713 2416 Μελιτηνῆς,
753 2346 848 2399 τοῦ
876 2346 1164 2416 Γαγγρῶν,
1196 2346 1291 2400 τοῦ
1314 2348 1541 2419 Μύρων,
1569 2348 1662 2400 τοῦ
1698 2349 1811 2401 Κα-

225 2439 375 2507 ρίας,
410 2437 505 2490 τοῦ
541 2438 785 2500 Ἰκονίου,
835 2437 927 2490 τοῦ
960 2437 1248 2508 Κορίνθου,
1274 2438 1368 2491 τοῦ
1419 2436 1681 2508 Ἀθηνῶν,
1716 2437 1808 2491 τοῦ

222 2529 516 2592 Μωκισοῦ.
576 2529 667 2583 τοῦ
702 2530 950 2602 Κρήτης.
976 2530 1073 2583 τοῦ
1099 2530 1403 2601 Λαρίσσης,
1431 2529 1524 2582 τοῦ
1560 2529 1810 2600 Μιτυλή-

224 2637 349 2690 νης,
379 2622 477 2674 τοῦ
501 2621 777 2692 Σμύρνης,
796 2622 891 2674 τοῦ
926 2621 1083 2674 Νέων
1123 2622 1377 2691 Πατρῶν,
1405 2620 1499 2675 τοῦ
1516 2621 1812 2692 ’Λμὰστρι-

226 2712 341 2777 δος,
372 2712 471 2766 τοῦ
507 2714 796 2785 Δρίστρας,
832 2712 927 2767 τοῦ
960 2712 1285 2782 Κερκύρων,
1305 2713 1400 2766 τοῦ
1443 2713 1808 2784 Παροναξίας,

226 2805 320 2858 τοῦ
353 2805 623 2877 Μιλήτου,
659 2804 752 2857 τοῦ
786 2804 1301 2874 Ἀρκαδιουπόλεως,
1334 2805 1430 2858 τοῦ
1459 2806 1688 2873 Παρίου,
1715 2807 1809 2861 τοῦ

225 2898 565 2968 Σηλυϐρίας,
603 2896 698 2951 τοῦ
733 2898 1124 2969 Προικονήσου,
1150 2899 1243 2952 τοῦ
1281 2898 1556 2970 Βρύσεως,
1593 2899 1685 2953 τοῦ
1714 2900 1811 2952 Νί-

227 3008 358 3061 κης,
393 2991 490 3044 τοῦ
528 2990 839 3059 Ἀγχιάλου,
902 2991 1325 3061 παρισταμένων
1353 2991 1447 3044 καὶ
1472 2990 1811 3046 δεσποτικῶν

1912 518 2102 567 trnnes
2162 512 2572 581 interfecerunt,
2636 514 2966 584 puniantur,
3029 512 3488 584 quemadmodum

1912 603 2238 671 puniuntur,
2273 607 2364 674 qui
2403 606 2456 661 in
2492 607 2634 661 bello
2667 606 2991 661 occiderunt
3026 626 3041 661 :
3076 608 3122 661 is
3161 614 3363 669 autem.
3394 605 3488 674 (ιιιί

1912 693 2175 750 latronem
2234 696 2529 764 interfecit,
2556 697 2780 766 quando
2815 705 3025 766 poterat
3052 711 3213 753 suum
3250 695 3276 736 Ιι
3313 695 3485 748 latro-

1912 785 2118 838 cinium
2161 786 2420 856 effugere,
2456 787 2690 856 amplius
2718 787 2995 857 puniatur.
3028 785 3234 840 Tamen
3287 798 3490 840 secun-

1911 875 2039 928 dum
2083 877 2208 944 jura
2260 877 2519 947 legitima,
2574 880 2829 948 superius
2894 879 3041 934 dicta
3093 878 3294 934 divisio
3374 890 3487 931 non

1913 969 2308 1036 repudiabitur.
2378 968 2447 1022 Et
2492 970 2605 1024 haec
2659 970 2882 1039 quidem
2952 970 3020 1026 de
3064 970 3237 1024 laieis.
3288 967 3487 1024 Clerici

1911 1060 2099 1124 enim,
2163 1049 2660 1131 quomodocunque
2711 1062 3049 1127 occidentes,
3109 1060 3488 1131 deponuntur,

1912 1154 2060 1208 nulla
2093 1152 2277 1208 habita
2311 1154 2618 1209 diderentia
2650 1154 2912 1221 hostium,
2956 1156 3041 1211 vel
3075 1156 3371 1216 latronum,
3402 1150 3487 1206 vel

1912 1250 2220 1320 aliquorum
2247 1250 2503 1305 aliorum.

2510 1362 2719 1419 LUCAS
2754 1362 2888 1435 (tl).

1915 1477 1953 1533 l.
1985 1478 2598 1549 Snbnotatioisynodalis
2620 1477 2715 1532 sub
2748 1477 2968 1547 imperio
2997 1474 3200 1530 domini
3220 1471 3484 1549 ﬂanuelis

1982 1549 2257 1612 Conmeni,
2290 1542 2435 1604 Lu'ca
2471 1542 2894 1618 patriarchatam
2925 1548 3206 1611 obtinente,
3243 1542 3326 1599 Ne
3347 1544 3481 1611 ﬁant

1983 1621 2181 1690 nuptiw
2209 1623 2413 1688 septimi
2440 1620 2638 1690 gradus
2667 1618 3019 1689 cognationis.

1983 1797 2169 1855 Mense
2193 1797 2368 1870 Aprili
2396 1796 2442 1865 1,
2477 1795 2777 1852 indictione
2819 1794 2905 1857 14,
2940 1792 3274 1864 praesidente
3333 1789 3484 1846 Luca

1911 1891 2262 1947 sanctissimo
2322 1897 2379 1946 et
2420 1888 2763 1945 aecumenico
2804 1885 3120 1957 patriarcha
3173 1884 3227 1939 in
3277 1882 3486 1938 dextris

1909 1984 2189 2038 Alextacis
2211 1982 2646 2037 catechumeniis
2677 1980 3047 2035 assidentibus
3074 1992 3284 2047 magna:
3316 1976 3489 2046 ipsius

1911 2073 2191 2129 sanctitati
2241 2070 2629 2127 sacratissimis
2701 2068 3064 2134 antistitibus,
3122 2065 3484 2128 Caesariensi,

1908 2164 2271 2228 Heracliensi,
2325 2163 2624 2233 Cyziceno,
2688 2159 3137 2222 Nicomediensi,
3223 2157 3485 2222 Niczeno,

1911 2255 2240 2320 Melitenico,
2269 2253 2596 2322 Gangrensi,
2633 2252 2894 2324 Myrensi,
2927 2250 3197 2313 Cariensi,
3234 2250 3487 2303 lconien-

1910 2347 2308 2414 si,Coriuthio,
2338 2345 2686 2408 Atheniensi,
2721 2344 2966 2403 Mocisio.
2998 2343 3270 2407 Cretensi,
3306 2340 3486 2395 Laris-

1913 2455 2066 2505 seno,
2104 2439 2434 2511 Illitylenaao,
2475 2438 2777 2509 Smyrnaeo,
2806 2434 3191 2505 NeOpatrensi,
3218 2431 3487 2488 Amastri-

1910 2534 2021 2598 dis,
2050 2532 2292 2597 Dristrae,
2323 2529 2676 2603 Corcyrensi,
2715 2525 3281 2589 Parouaxio,Milesio,
3310 2523 3486 2580 Arca-

1910 2627 2269 2697 di0politano,
2336 2622 2610 2687 Pariensi,
2689 2621 3044 2692 Selybriensi,
3113 2618 3484 2679 Praeconesio,

1912 2719 2195 2791 Brysensi,
2227 2718 2474 2781 Nicensi,
2529 2714 2853 2770 Anchialino
2896 2732 2910 2768 :
2965 2712 3271 2768 astantibus
3301 2717 3356 2765 et
3384 2710 3487 2765 do-

1914 2813 2128 2867 minicis
2185 2809 2616 2879 magistratibus.
2674 2805 2964 2875 Eleganter
3045 2801 3486 2871 sapientissimus

1912 2904 2172 2960 Solomon
2214 2905 2268 2957 in
2304 2902 2615 2957 Proverbiis
2640 2900 2778 2955 dixit
2829 2897 3152 2967 sapientiam
3190 2894 3242 2949 in
3296 2894 3480 2964 lingua
3514 2928 3526 2940 ι

1915 2997 2056 3051 ferre
2089 2996 2261 3067 legem
2292 3003 2346 3049 et
2376 2992 2831 3047 misericordiam.
2891 2987 3129 3055 Benigna
3161 2987 3305 3040 enim
3362 2985 3485 3054 ejus

227 3084 534 3155 ἀρχόντων.
591 3084 870 3152 Εὑστόχως
909 3086 936 3136 ὁ
966 3085 1277 3152 σοφώτατος
1339 3082 1590 3153 Σολομῶν
1646 3082 1810 3153 νόμον

1918 3089 2021 3151 lex,
2061 3096 2117 3143 et
2148 3086 2537 3141 misericordia:
2565 3083 2852 3138 commista
2878 3087 2982 3143 est,
3008 3092 3309 3148 suggerens
3360 3076 3486 3147 qui-

227 3175 325 3228 καὶ
369 3173 521 3226 ἔλεον
554 3175 643 3226 ἐπὶ
667 3173 914 3245 γλώττης
938 3176 1124 3243 φορεῖν
1163 3173 1261 3244 τὴν
1298 3173 1492 3242 σοφίαν
1525 3174 1581 3225 ἐν
1614 3189 1812 3244 παροι-

230 3262 393 3335 μίαις
447 3264 768 3332 ἐφθέγξατο.
821 3263 1206 3336 Φιλάνθρωπος
1243 3264 1352 3335 γὰρ
1384 3264 1557 3333 αὐτῆς
1578 3264 1810 3334 ὀνόμος,

229 3358 324 3410 καὶ
348 3356 431 3425 τῷ
460 3358 593 3427 ἐλέῳ
618 3356 1010 3428 συγκέκραται,
1043 3357 1152 3410 πᾶν
1202 3358 1446 3410 συνοῖσον
1487 3356 1816 3426 ὑποτιθέμε-

229 3465 341 3512 νος,
399 3448 497 3501 καὶ
524 3448 622 3517 τῆς
678 3447 789 3501 τῶν
822 3448 1123 3519 ἀνθρώπων
1175 3447 1452 3520 σωτηρίας
1487 3447 1810 3519 κηδόμενος,

231 3542 327 3594 καὶ
385 3541 458 3593 τὰ
515 3540 819 3610 βλάπτοντα
873 3542 1065 3613 πόρρω
1115 3540 1549 3611 ἀποκρινόμενος
1575 3541 1623 3573 ⁸⁷
1661 3556 1677 3572 ο
1716 3544 1811 3594 καὶ

232 3620 588 3703 παρανομίαν
642 3634 946 3704 ἀπείργων,
1008 3634 1103 3686 καὶ
1161 3633 1395 3704 ἀνομίαν
1448 3631 1813 3699 ἀναστέλλων,

233 3727 333 3783 καὶ
392 3727 645 3796 συνάγων
692 3729 897 3791 πάντας
961 3728 1098 3798 πρὸς
1136 3727 1227 3780 τὸν
1264 3727 1417 3793 Θεὸν,
1464 3728 1560 3781 καὶ
1596 3726 1817 3795 θεσμοῖς

231 3819 561 3873 ὑποκεῖσθαι
613 3820 707 3873 τοῦ
746 3818 914 3873 καλοῦ
968 3820 1187 3873 καὶτοῦ
1226 3820 1439 3873 δικαίου
1466 3819 1819 3888 διαταττόμε-

233 3930 347 3976 νος.
392 3912 459 3965 Ἦ
507 3911 669 3982 σοφία
721 3912 900 3965 τοίνυν
957 3911 1052 3965 καὶ¹
1106 3912 1346 3982 σήμερον
1405 3910 1815 3983 χρηστευομένη

237 4009 340 4079 μὲν
387 4008 521 4077 περὶ
566 4009 693 4071 τοὺς
723 4006 798 4079 μὴ
821 4007 947 4070 τοὺς
979 4006 1156 4070 θείους
1176 4005 1417 4077 θεσμοὺς
1444 4005 1821 4075 παραϐαίνον-

233 4119 359 4166 τας,
413 4102 512 4155 καὶ
538 4101 624 4152 ἐπ’
659 4101 855 4163 αὐτοὺς
882 4100 975 4153 τὸν
1004 4099 1203 4167 ἑαυτῆς
1236 4097 1506 4168 ἐκχέουσα
1544 4096 1713 4159 ἔλεον,
1742 4093 1819 4165 τῷ

234 4194 391 4266 νόμῳ
410 4192 469 4246 δὲ
501 4191 577 4261 τῷ
636 4191 765 4262 θείῳ
812 4192 938 4254 τοὺς
990 4189 1447 4260 παρανομοῦντας
1505 4190 1816 4257 ὑπάγουσα,

240 4286 386 4358 μετὰ
414 4284 511 4339 τοῦ
535 4283 699 4339 Δαόὶδ
724 4282 990 4355 ψαλτῳδεῖ
1005 4280 1295 4345 συνοδικῶς
1316 4280 1383 4335 δι’
1408 4280 1589 4351 ἡμῶν,
1617 4275 1759 4334 Εἴποι
1770 4279 1818 4312 ⁸⁸

235 4382 354 4442 τοῖς
384 4376 788 4449 παρανομοῦσι,
825 4375 899 4447 μὴ
932 4378 1324 4447 παρανομεῖτε’
1359 4375 1454 4428 καὶ
1497 4376 1610 4437 τοῖς
1637 4374 1820 4443 ἀμαρο

236 4473 490 4535 τάνουσι,
546 4468 621 4540 μὴ
656 4466 855 4539 ὑψοῦτε
905 4466 1095 4538 κέρας,
1130 4467 1223 4521 τὸν
1270 4466 1413 4520 θεῖον
1443 4466 1608 4536 νόμον
1637 4482 1818 4536 παρα-

239 4562 670 4633 γραφόμενοιθθ.
701 4560 818 4615 Ἵνα
846 4560 904 4613 δὲ
933 4561 1033 4627 τὴν
1064 4558 1157 4613 τοῦ
1184 4559 1345 4628 λόγου
1388 4559 1646 4631 πρόθεσιν
1670 4559 1820 4628 σαφῆ

240 4654 690 4725 παραστήσωμεν
710 4655 752 4717 ³,
805 4652 937 4723 φέρε
985 4651 1076 4705 τὸν
1136 4652 1294 4720 λόγον
1354 4651 1820 4720 διαλευκάνωμεν.

251 4750 315 4802 ὐ
344 4746 637 4818 ἱερώτατος
684 4745 1107 4816 Μητροπολίτης
1177 4744 1417 4813 Ἀθηνῶν
1478 4744 1743 4809 Νικόλαος
1793 4747 1821 4799 ὁ

240 4845 724 4917 ἀγιοθεοδωρίτης,
758 4842 854 4896 τοῦ
896 4841 988 4895 ὑπ’
1013 4840 1177 4895 αὐτὸν
1219 4840 1472 4909 ποιμνίου
1500 4839 1819 4910 κηδόμενος,

240 4941 344 4993 καὶ
398 4935 797 5008 φροντιστικῶς
844 4934 983 5005 ἔχων
1030 4933 1125 4986 καὶ
1148 4932 1524 5004 ἐμμερίμνως,
1556 4931 1632 5002 μὴ
1660 4932 1822 5001 μόνον

239 5033 373 5094 τοὺς
402 5029 483 5084 ἔτι
508 5028 795 5100 περιόντας
826 5029 894 5099 τῇ
921 5024 1310 5096 πανευδαίμονι
1329 5023 1482 5096 χώρᾳ
1506 5023 1607 5094 τῆς
1643 5024 1821 5077 ’Δττι-

1913 3182 2045 3252 quid
2081 3180 2483 3235 couducturum
2515 3186 2622 3242 est,
2658 3185 2712 3229 et
2740 3172 3025 3228 hominum
3054 3171 3250 3225 salutis
3294 3183 3482 3223 curam

1914 3274 2142 3336 habens,
2172 3286 2572 3339 sccernensque
2594 3278 2632 3299 π’
2663 3266 2847 3336 procul
2869 3279 2954 3330 ea,
2985 3279 3105 3334 qua:
3139 3261 3400 3324 ofﬁciunt,
3430 3268 3488 3316 et

1915 3365 2259 3436 iniquitatem
2351 3362 2646 3432 prohibens
2704 3358 2994 3427 scelusque
3066 3368 3350 3416 coercens,
3428 3358 3487 3406 et

1915 3472 2254 3527 emigregans
2282 3470 2473 3510 omnes
2513 3451 2580 3506 ad
2630 3450 2821 3512 Deum,
2855 3462 2918 3502 ac
2978 3454 3040 3500 ut
3069 3445 3208 3513 aequi
3250 3452 3302 3498 et
3356 3443 3488 3499 bont

1918 3547 2281 3616 subiiciantur
2321 3540 2619 3605 institutis,
2655 3536 3001 3608 praecipiens.
3053 3531 3334 3603 Sapientia
3385 3530 3490 3599 igi-

1918 3645 2008 3691 tur
2034 3636 2217 3690 divina
2244 3634 2406 3688 etiam
2441 3632 2602 3687 hod'e
2621 3629 2848 3698 benigne
2882 3640 3049 3696 agens
3081 3627 3227 3678 circa
3251 3637 3367 3685 eos,
3394 3620 3490 3689 qui

1917 3729 2101 3784 divina
2126 3742 2232 3781 non
2256 3724 2742 3795 transgrediuntur
2768 3720 3040 3780 instituta,
3062 3717 3185 3769 etin
3210 3730 3304 3770 eos
3331 3727 3487 3768 suam

1918 3820 2204 3875 ell'undcns
2234 3817 2695 3879 misericordiam,
2721 3814 2821 3884 legi
2860 3820 3043 3865 autem
3082 3808 3281 3862 divinae
3312 3804 3492 3870 subji-

1917 3912 2276 3980 ciensinique
2296 3919 2521 3979 agentes
2548 3924 2562 3961 :
2587 3922 2710 3961 cum
2740 3904 2943 3958 Daviile
2971 3917 3067 3971 per
3089 3916 3190 3955 nos
3231 3896 3492 3969 synodico

1919 4005 2066 4060 canit
2101 4016 2343 4065 carmen,
2383 4001 2501 4055 Dixi
2538 4009 2565 4036 ιι
2603 3999 2790 4068 inique
2832 3994 3143 4065 agentibus.
3195 3990 3273 4045 Ne
3304 3989 3492 4058 inique

1919 4098 2133 4168 agatis:
2172 4106 2225 4151 et
2281 4093 2686 4165 peccatoribus,
2759 4087 2842 4142 Ne
2887 4086 3108 4157 erigatis
3152 4098 3359 4138 cornu:
3393 4080 3492 4135 ad~

1920 4204 2112 4243 versus
2146 4187 2387 4242 divinam
2409 4186 2581 4255 legem
2615 4178 3033 4252 prmscriptione
3091 4183 3311 4230 utentes
3338 4179 3387 4226 °.
3420 4167 3492 4225 Ut

1921 4291 2103 4335 autem
2138 4279 2407 4333 orationis
2464 4274 2898 4347 propositionem
2958 4268 3303 4340 perspicuam
3334 4263 3491 4317 exhi-

1922 4374 2168 4439 beamus,
2185 4387 2303 4441 age,
2330 4385 2449 4426 eam
2468 4368 2825 4423 elucidemus.
2853 4359 3496 4417 Sacratissimusmetro-

1925 4468 2197 4539 politanus
2228 4465 2565 4519 Athenarum
2630 4460 2890 4515 Nicotaus
2944 4450 3491 4524 Hagiotheodoritus,

1921 4562 2004 4615 sui
2027 4560 2206 4631 gregis
2234 4572 2423 4614 curam
2441 4556 2668 4617 habens,
2691 4561 2744 4607 et
2769 4549 3001 4607 sollicite
3022 4540 3495 4631 cogitabuﬁndeque

1923 4666 1983 4708 se
2012 4625 2226 4721 gerens.
2257 4662 2368 4703 non
2392 4647 2567 4701 solum
2596 4653 2658 4698 ut
2718 4639 3047 4710 superstites
3068 4633 3245 4690 adhuc
3269 4630 3323 4686 in
3351 4625 3495 4683 felici

1924 4719 2108 4797 Attica
2156 4741 2383 4811 regione
2433 4748 2489 4792 et
2542 4734 2771 4791 Athenis
2812 4742 2838 4782 tt
2882 4728 3144 4785 educatos
3175 4735 3227 4789 ιι,
3261 4719 3498 4778 mundos

1927 4833 2088 4890 sistat
2147 4832 2278 4898 Deo,
2332 4829 2430 4886 sed
2493 4836 2547 4883 et
2581 4835 2643 4882 ut
2695 4822 2902 4895 posteri
2941 4836 3038 4890 per
3088 4813 3496 4889 generationem

1928 4941 2054 4982 esse
2086 4924 2372 4993 incipiant,
2405 4919 2678 4990 legitimas
2699 4914 2939 4970 habeant
2985 4907 3355 4982 generationis
3386 4902 3498 4973 pri-

1930 5019 2137 5084 mitias,
2171 5023 2227 5072 et
2251 5015 2432 5085 justas
2459 5010 2663 5081 primas
2697 5009 3010 5079 nuptiarum
3068 5001 3496 5066 conventiones,

1531 5181 1764 5238 VARIIE
1798 5177 2203 5238 LECTIONES.

318 5288 370 5321 "
401 5284 470 5341 ια’
498 5283 725 5356 ἡμέρῃ
744 5282 788 5354 β’
818 5282 1194 5355 ὲπινεμήσεως
1221 5280 1304 5335 ιδ’.

253 5374 429 5430 μενοι.
509 5354 529 5387 ί
546 5354 968 5426 παραθήσομεν.

324 5477 352 5517 ι
391 5475 507 5545 ejus
585 5471 603 5513 ι
639 5471 835 5527 Mensis
860 5470 1184 5545 Aprilis_die
1212 5484 1289 5534 xi,
1317 5468 1455 5538 feria
1485 5466 1737 5545 secunda.
1810 5475 1849 5498 ’³
1880 5479 2246 5533 removensqne
2319 5470 2347 5499 ³
2375 5461 2535 5545 Dicit.

1382 5278 1430 5313 ”
1469 5278 1969 5351 κατηχουμενείοις.

2083 5274 2130 5309 ’τ
2158 5265 2624 5338 ἀποκρουόμενος.
2700 5263 2747 5298 ’⁸
2786 5261 2998 5316 εἴπατε.
3075 5258 3125 5292 ’⁸
3165 5250 3503 5324 περιγραφό-

2627 5475 2650 5499 ο
2698 5460 2859 5533 legem
2900 5456 3137 5513 divinam
3171 5447 3505 5506 circumscri-

255 5530 457 5602 bentes.
537 5554 564 5594 ι)
596 5555 861 5599 versantes
907 5530 963 5593 ἰι
988 5541 1078 5595 sed
1101 5530 1352 5594 etiam'ut
1381 5554 1474 5610 per
1491 5550 1662 5592 ortum
1695 5539 1749 5592 in
1783 5553 1961 5591 rerum
2006 5530 2256 5590 naturam
2308 5530 2634 5603 producendi

1749 5654 1962 5711 NOTAE

334 5762 376 5834 (l
396 5762 444 5831 Ι)
468 5760 781 5831 Cognomeu
805 5758 927 5812 huic
951 5755 1355 5825 Chrysoberges,
1393 5752 1482 5823 qui
1510 5751 1612 5806 sub
1654 5749 1932 5806 Coumeno
1955 5749 2106 5804 vixit.
