3950 6618
434 316 443 324 ’
506 319 610 385 Τῖι

504 522 854 592 fragilitatem
888 519 1035 582 licet,
1081 517 1347 587 inculpati
1377 517 1510 580 sint,
1552 516 1646 571 sed
1675 525 1729 569 et
1769 515 1822 569 in
1859 515 2079 583 nuptia-

504 614 651 669 libus
717 611 1097 667 contractibus
1127 610 1178 662 id
1230 618 1661 677 consequantur,
1718 622 1786 662 ne
1836 607 2078 661 divinam

502 703 674 774 legem
729 710 783 758 et
842 701 1011 756 Deum
1073 699 1373 763 offendant,
1448 700 1738 767 requirens
1802 697 2079 767 prohiberi

503 797 722 867 nuptias
753 793 971 864 septimi
1006 792 1209 862 gradus
1240 789 1584 862 cognationis
1616 790 1896 860 illegitime
1944 805 2079 843 cott-

503 900 707 945 traetas
728 904 742 942 :
765 885 1103 958 synodaliter
1124 884 1306 938 retulit
1331 892 1532 937 nostra:
1547 882 1825 938 modestiae
1845 891 1893 945 ι’,
1915 897 2081 952 quos-

503 982 629 1035 dam
658 993 746 1044 ea,
777 993 897 1047 quae
931 991 959 1030 a
991 977 1163 1030 beatae
1197 975 1475 1029 memoria:
1501 974 1854 1030 sanctissimo
1904 974 2077 1044 patri—

503 1069 668 1124 archa
703 1069 799 1123 illo
820 1067 1044 1122 domino
1077 1065 1290 1132 Alexio,
1318 1066 1583 1136 synodice
1613 1067 1918 1121 constituta
1950 1074 2082 1120 sunt

502 1161 570 1215 de
596 1158 1061 1214 contrahentibus
1095 1156 1507 1211 matrimonium
1536 1157 1588 1210 in
1625 1156 1856 1223 septimo
1884 1172 2084 1227 cogna-

503 1253 670 1306 tionis
710 1250 903 1322 gradu,
938 1250 1066 1304 data
1130 1263 1297 1319 opera
1332 1249 1658 1318 depravare,
1691 1248 1819 1302 dum
1851 1264 1959 1304 non
2012 1248 2080 1303 ad

502 1357 692 1396 eorum
724 1340 1056 1395 sententiam
1082 1340 1410 1409 respiciunt,
1443 1339 1540 1395 sed
1564 1340 1750 1396 verbis
1781 1340 2083 1395 oscitanter

501 1436 787 1490 inhaerent.
850 1431 985 1487 Nam
1053 1432 1148 1486 illo
1225 1432 1448 1501 quidem
1533 1432 1796 1503 synodice
1859 1432 2083 1502 nuptias

501 1527 717 1596 septimi
760 1526 964 1595 gradus
994 1523 1346 1594 prohibente,
1378 1524 1423 1579 si
1473 1537 1660 1578 earum
1698 1523 1868 1592 petita
1919 1522 2084 1576 fuerit

500 1625 698 1676 venia:
731 1620 814 1675 sin
856 1621 1066 1684 minus,
1093 1633 1190 1674 eas
1217 1618 1527 1673 indivulsas
1576 1632 1799 1671 manere
1853 1616 2082 1686 permit-

501 1713 770 1776 tente,sed
788 1727 883 1767 eos
901 1713 992 1781 qui
1010 1719 1424 1775 contraxerunt,
1446 1709 1988 1780 pccnissubjiciente;
2010 1708 2085 1761 id-

500 1822 608 1879 que
627 1808 851 1860 omnino
868 1806 947 1861 sic
962 1805 1075 1859 lieri
1089 1804 1466 1871 deliniente,et
1480 1805 1525 1859 si
1547 1803 1638 1874 qui
1657 1812 1857 1858 coeunt
1871 1813 1918 1866 ³,
1939 1804 2085 1874 igno-

511 1908 700 1953 rantes
741 1909 910 1968 quoto
970 1897 1140 1968 gradu
1199 1911 1229 1950 a
1285 1912 1345 1952 se
1391 1896 1627 1950 invicem
1671 1896 1901 1962 distent,
1951 1897 2084 1951 tales

501 1991 721 2058 nuptias
767 1988 1179 2043 contraxerint:
1210 1987 1471 2057 (quonam
1497 1988 1643 2041 enim
1686 1986 1868 2050 modo,
1892 1986 1940 2041 si
1974 2001 2083 2041 non

502 2080 577 2133 ita
599 2079 702 2132 hoe
723 2077 797 2131 illi
824 2077 1174 2132 sanctissimo
1198 2076 1521 2146 patriarcha:
1545 2075 1913 2143 excogitatum
1942 2075 2014 2130 sit
2037 2075 2081 2141 ί,

504 2171 571 2227 de
598 2186 708 2226 una
738 2171 1041 2240 eademque
1105 2184 1165 2224 re
1218 2169 1366 2223 velut
1403 2167 1678 2223 contraria
1715 2167 1965 2238 qua-dam
1992 2167 2087 2222 de-

504 2262 657 2316 [inita
699 2262 852 2317 sint?
888 2277 1127 2332 quonam
1170 2269 1352 2316 autem
1382 2261 1546 2315 modo
1578 2259 1724 2330 quod
1776 2275 1902 2314 cum
1956 2259 2085 2315 dolo

503 2352 642 2408 clam
671 2353 989 2413 lactumest,
1021 2351 1358 2407 indivulsum
1392 2364 1614 2406 manere
1642 2350 1955 2415 constituit,
1989 2351 2084 2422 qui

504 2462 615 2502 non
661 2447 934 2518 permittit
969 2446 1107 2510 ﬁeri,
1143 2446 1190 2500 si
1241 2449 1360 2514 ejus
1410 2446 1567 2499 venia
1603 2444 1886 2515 petatur?)
1918 2459 2086 2515 quos-

505 2538 630 2593 dam
666 2539 833 2609 igitur
864 2537 998 2592 illud
1037 2538 1308 2604 videntes,
1365 2536 1832 2607 quemadmodum
1880 2544 2086 2591 nostrae

506 2633 876 2690 mediocritati
934 2633 1166 2687 relatum
1227 2639 1335 2696 est,
1389 2645 1559 2700 seque
1610 2630 1827 2699 septimi
1884 2630 2085 2700 gradus

508 2740 633 2780 esse
657 2725 913 2790 scientes,
939 2731 1016 2789 et,
1043 2724 1088 2778 si
1123 2721 1289 2792 hujus
1313 2721 1459 2776 modi
1487 2729 1804 2777 contractus
1841 2724 1945 2777 sub
2003 2723 2086 2776 in-

507 2816 934 2884 termgationem
992 2817 1173 2881 cadat,
1208 2815 1360 2870 nullo
1392 2814 1557 2870 modo
1598 2815 1929 2886 permissum
1975 2814 2082 2869 iri:

507 2908 577 2963 de
601 2908 903 2973 industria,
938 2909 1173 2979 maligne
1205 2909 1578 2980 agere,timori
1604 2908 1698 2964 Dei
1726 2916 1781 2964 et
1808 2908 2087 2964 canonica:

1811 316 1845 376 Ι
1850 314 1948 376 US
1985 311 2429 376 CANONICUM
3636 313 3726 376 ’1τὲ

504 439 563 484 ιιι
578 442 686 483 non
708 434 884 484 solum
902 424 958 481 in
980 423 1104 481 vitae
1117 423 1467 484 commercio.
1488 430 1649 493 prout
1672 438 1766 493 per
1789 423 2081 478 humanam

2188 422 2289 490 κῆς
2319 422 2409 475 καὶ
2434 421 2803 492 τρεφομένους
2823 421 2844 453 ⁸
2887 419 3173 492 Ἀθήναζε,
3197 420 3396 490 ἁγνοὺς
3413 428 3726 496 παραστῆσαι
3812 458 3825 477 ο

2182 512 2465 583 Θεῴ,ἁλλὰ
2492 514 2585 568 καὶ
2596 514 2724 577 τοὺς
2745 513 3040 583 μέλλοντας
3059 514 3135 576 εἰς
3148 512 3208 566 τὸ
3221 510 3365 568 εἶναι
3384 513 3472 568 διὰ
3492 518 3729 586 γενέσεως

2181 605 2460 677 ἔρχεσθαι,
2488 607 2746 676 ἐννόμους
2763 606 2849 676 ἔχε
2859 624 2904 659 ιν
2918 605 3013 669 τὰς
3033 608 3287 677 ἀπαρχὰς
3303 607 3406 677 τῆς
3426 610 3725 679 γεννήσεως,

2181 700 2276 753 καὶ
2307 698 2602 769 ἔνθέσμους
2626 698 2725 761 τὰς
2753 698 2976 770 πρώτας
3006 698 3142 770 πρὸς
3159 700 3338 770 γάμον
3370 703 3726 771 συναγωγὰς⁸,

2181 789 2257 854 ὡς
2299 790 2373 862 μὴ
2411 791 2571 862 μόνον
2603 791 2660 842 ὲν
2687 794 2805 854 ταῖς
2858 789 3138 860 βιωτικαῖς
3199 791 3564 860 συναλλαγαῖς
3607 796 3728 865 ἔχειν

2181 880 2258 946 ὡς
2291 881 2418 954 ὲξῆν
2459 881 2769 954 ἀνθρώποις
2826 882 2887 936 τὸ
2933 882 3243 952 ἄμεμπτον,
3305 883 3447 936 ἀλλά
3507 885 3604 938 κάν
3635 892 3729 951 τοῖς

2183 974 2447 1042 γαμικοϊς
2478 972 2892 1043 συναλλάγμασι
2913 972 3212 1043 κεκτῆσθαι
3240 973 3383 1044 πρός
3407 991 3468 1026 τε
3495 975 3582 1029 τὸν
3609 976 3728 1031 θεῖον

2183 1064 2350 1133 νόμον
2409 1055 2512 1119 καί(
2565 1065 2700 1134 πρὸς
2749 1064 2885 1117 Θεὸν
2911 1063 2970 1117 τὺ
3000 1064 3376 1135 ἀπρόσκοπον,
3427 1064 3518 1117 τὸν
3571 1068 3629 1119 ὲκ
3650 1068 3726 1121 τοῦ

2183 1155 2412 1225 ἑϐδόμου
2443 1156 2503 1221 ἐξ
2537 1157 2766 1228 αἵματος
2790 1158 2807 1187 ⁸
2834 1155 3044 1225 βαθμοῦ
3071 1158 3466 1227 συνιστάμενον
3490 1158 3652 1227 γάμον
3676 1160 3727 1213 ὰ-

2185 1248 2422 1319 θέσμως,
2450 1248 2628 1318 ζητῶν
2658 1250 2967 1318 κωλυθῆναι
3018 1249 3340 1313 συνοδικῶς,
3371 1252 3439 1321 τῇ
3468 1250 3615 1319 ἡμῶν
3649 1252 3728 1305 άν-

2184 1338 2381 1408 ήνεγκε
2412 1340 2739 1409 μετριότητι,
2766 1339 2838 1404 ὥς
2878 1357 3025 1403 τινες
3049 1340 3115 1394 τὰ
3128 1341 3280 1411 παρὰ
3311 1341 3406 1394 τοῦ
3432 1343 3488 1393 ὲν
3513 1345 3728 1415 μακαρία

2183 1435 2251 1503 τῇ
2280 1432 2431 1499 λήξει
2459 1433 2552 1485 τοῦ
2576 1433 2879 1499 άγιωτάτου
2914 1432 3122 1503 πατριά
3149 1450 3279 1503 ρχου
3319 1433 3529 1487 ἐκείνου
3564 1435 3726 1505 κυρίου

2197 1524 2434 1589 Ἀλεξίου
2461 1525 2755 1588 συνοδικῶς
2787 1526 3213 1595 οἱκονομηθέντα
3244 1526 3341 1578 ἐπὶ
3376 1530 3488 1590 τοῖς
3509 1526 3564 1592 ἐξ
3583 1529 3726 1596 αἷμα-

2183 1636 2274 1683 τος
2293 1619 2518 1689 ἑϐδόμου
2545 1618 2754 1690 βαθμοῦ
2786 1621 3021 1689 γαμικὸν
3055 1619 3355 1672 συνιστῶσι
3385 1619 3727 1691 συνάλλαγμα,

2186 1713 2704 1785 παραχαράττουσιν
2751 1714 2949 1773 ἑκοντὶ,
2990 1711 3064 1784 μὴ
3097 1712 3234 1780 πρὸς
3300 1711 3394 1764 τὸν
3447 1712 3727 1782 ἐγκείμενον

2187 1804 2399 1867 τούτοις
2450 1802 2573 1857 νοῦν
2608 1803 3031 1867 ἀποϐλέποντες,
3052 1806 3173 1867 ταῖς
3203 1802 3263 1856 δὲ
3288 1803 3468 1869 λέξεσι
3500 1820 3728 1874 κακοσχεη

2185 1897 2352 1957 λαίως
2394 1896 2844 1965 ὲναπομένοντες,
2882 1895 3118 1949 Ἐκείνου
3177 1896 3291 1963 γάρ
3343 1895 3619 1959 συνοδιιιῶς
3654 1896 3726 1948 τὸν

2187 1988 2246 2053 ἐξ
2272 1988 2498 2057 ἑϐδόμου
2512 1989 2686 2058 γάμον
2709 1986 2920 2058 βαθμοῦ
2950 1988 2998 2040 εἰ
3032 1987 3130 2057 μὲν
3160 1985 3493 2057 ὲρωτηθείη,
3523 1986 3725 2039 κωλῦον.

2186 2099 2276 2144 τος
2306 2082 2551 2150 γίνεσθαι
2576 2097 2591 2113 ⁸
2626 2082 2673 2134 εί
2697 2082 2753 2135 δὲ
2778 2080 2886 2152 πρὸ
2930 2081 3254 2151 ἐρωτήσεως
3279 2080 3525 2149 γένηται,
3573 2080 3722 2149 μένειν

2191 2176 2289 2245 μὲν
2334 2175 2707 2228 ἀδιάσπαστον
2754 2174 3161 2243 ἐπιτρέποντος,
3214 2172 3517 2242 ἐπιτιμίοις
3542 2172 3594 2225 δὲ
3620 2174 3721 2236 τοὺς

2190 2266 2624 2334 συναλλάξαντας
2670 2266 3065 2329 ὑποϐάλλοντος
3094 2305 3109 2331 ,
3174 2266 3274 2318 καὶ
3331 2266 3490 2319 τοῦτο
3535 2265 3721 2328 πάντως

2187 2359 2329 2413 οὕτω
2348 2359 2719 2431 διοριζομένου
2759 2359 3030 2429 γίνεσθαι,
3066 2358 3177 2412 εἴτε
3201 2358 3222 2390 ⁸
3258 2358 3312 2413 οἱ
3347 2358 3720 2428 συναπτόμενοι,

2188 2451 2508 2520 ἀγνοοῦντες
2562 2452 2747 2506 ὁποίου
2806 2452 2932 2523 προς
2967 2452 3232 2521 ἀλλήλους
3268 2448 3380 2507 εἷεν
3412 2450 3624 2521 βαθμοῦ,
3649 2452 3720 2503 τὸν

2186 2544 2426 2597 τοιοῦτον
2469 2545 2647 2615 γάμον
2705 2546 3104 2614 συστήσονται⁶
3128 2561 3144 2576 ο
3172 2544 3294 2608 πῶς
3337 2544 3445 2614 γὰρ
3476 2542 3554 2608 ἂν,
3597 2546 3638 2595 εί
3663 2540 3722 2615 μὴ

2184 2634 2327 2688 οὕτω
2378 2636 2536 2689 τοῦτο
2566 2636 2759 2705 ἐκείνῳ
2784 2636 2862 2706 τῷ
2897 2637 3186 2707 ἁγιωτάτῳ
3228 2637 3543 2708 πατριάρχῃ
3568 2637 3721 2706 νενόη-

2185 2728 2318 2781 ται⁷
2367 2729 2498 2799 περὶ
2539 2729 2657 2793 ἐνὸς
2685 2730 2779 2783 καὶ
2798 2729 2894 2783 τοῦ
2929 2728 3095 2783 αὐτοῦ
3127 2729 3458 2800 πράγματος
3486 2722 3588 2781 οἷον
3640 2728 3721 2780 ὐπ-

2188 2820 2408 2873 εναντία
2465 2820 2587 2874 τινὰ
2644 2821 3045 2887 κεκανόνιστο;
3097 2820 3221 2884 Πῶς
3272 2820 3332 2873 δὲ
3359 2819 3420 2873 τὸ
3469 2818 3721 2884 ἐπιϐούλως

2187 2913 2374 2983 κρύφα
2403 2914 2801 2984 πραττόμενον,
2836 2915 3019 2985 μένειν
3052 2915 3426 2968 ἀδιάσπαστον
3457 2911 3714 2978 διετάξατο.

510 3001 898 3057 constitutioni
955 3003 1305 3071 propriarum
1377 3001 1670 3056 libidinum
1718 3001 2084 3072 expletionem

2188 3008 2213 3059 ὁ
2246 3005 2380 3076 μηδὲ
2425 3006 2673 3075 γίνεσθαι
2724 3008 3030 3078 συγχωρῶν
3057 3007 3215 3059 τοῦτο
3238 3008 3410 3059 πεσὸν
3436 3003 3521 3058 ὑπ’
3546 3002 3720 3074 sphin;-

505 3092 890 3162 praeferentes.
924 3095 1068 3165 quod
1091 3095 1174 3150 vel
1216 3094 1445 3151 ﬂorente
1482 3096 1894 3165 pulchritudine
1926 3093 2080 3159 victi,

2190 3099 2349 3165 σινς)
2390 3095 2549 3149 τοῦτο
2606 3095 2739 3165 γοῦν
2792 3098 2937 3159 τινὲς
2987 3096 3206 3162 εἰδότες,
3245 3096 3328 3160 ὡς
3380 3093 3719 3166 άνήνεκταιτῇ

507 3193 602 3237 aut
637 3184 936 3242 ﬂuentibus
960 3187 1171 3243 divitiis
1192 3187 1435 3255 adducti,
1465 3196 1558 3243 aut
1588 3188 1803 3260 generis
1830 3188 2080 3243 sublimi-

2191 3187 2349 3258 ἡμῶν
2381 3187 2715 3259 μετριότητι,
2740 3190 2831 3242 καὶ
2860 3189 2933 3252 ὡς
2956 3186 3181 3257 ἑϐδόμου
3209 3186 3426 3258 βαθμοῦ
3469 3184 3721 3255 τυγχάνου-

508 3284 621 3329 ι.ιιρ
643 3280 901 3347 pertrarti
936 3277 1160 3335 fuerint.

2195 3297 2281 3333 σιν
2338 3280 2715 3350 ἐπιστάμενοι,
2757 3281 2850 3333 καὶ
2896 3280 2973 3343 ὡς
2996 3281 3045 3332 εἰ
3070 3280 3213 3352 πέσῃ
3242 3282 3309 3333 τὸ
3351 3277 3580 3333 τοιοῦτον
3619 3291 3720 3328 συν-

509 3368 761 3440 ἁλλαγμα
790 3369 882 3424 ὑπ’
904 3371 1197 3445 ἐρώτησιν,
1241 3374 1460 3439 πάντως
1482 3373 1592 3430 οὐδ’
1619 3374 1758 3439 ὅλως
1825 3372 2100 3447 προϐῆναι
2141 3373 2629 3446 συγχωρηθήσεται
2661 3390 2676 3406 ⁶
2732 3372 3132 3445 κακουργοῦσιν
3216 3372 3474 3444 ἐπίτηδες
3499 3410 3513 3435 ,
3589 3370 3719 3437 φόϐου

509 3464 656 3521 θείου
691 3469 783 3521 καὶ
817 3471 1107 3540 κανονικῆς
1130 3472 1462 3543 ἐπίπροσθεν
1493 3473 1790 3537 διατάξεως
1833 3474 1934 3542 τὴν
1995 3473 2104 3525 τῶν
2178 3474 2398 3525 οἰκείων
2452 3471 2800 3543 ἐκπλήρωσιν
2881 3470 3201 3541 θελημάτων
3254 3470 3558 3539 τιθέμενον
3598 3464 3660 3527 ὡς
3694 3463 3720 3533 ἢ

507 3561 601 3614 τοῦ
652 3562 967 3632 ἀμαράντου
1025 3563 1255 3626 κάλλους
1300 3564 1683 3635 ήττώμενοι,ῆ
1727 3564 1945 3637 πλούτῳ
1994 3563 2074 3635 τῷ
2118 3565 2293 3637 ῥέοντι
2389 3565 2754 3636 ὑπαγόμενοι,
2804 3564 2838 3629 ἢ
2910 3565 3003 3618 καὶ
3056 3563 3249 3633 γένους
3310 3562 3541 3633 ὑπεροχῇ
3594 3556 3722 3629 ὑφελο

480 3675 486 3681 ·
508 3657 749 3726 κόμενοι.

580 3746 775 3803 Nostra
825 3747 1041 3819 igiturt-
1092 3749 1420 3817 moderatio,
1472 3750 1668 3821 partim
1742 3766 1841 3821 pro
1904 3751 2088 3806 divina

510 3842 629 3911 lege
663 3855 1037 3911 propugnans,
1072 3842 1268 3911 partim
1301 3842 1616 3913 hujusmodi
1651 3843 1957 3898 facinorum
1994 3857 2090 3913 pa-

513 3941 722 3988 lernam
754 3947 942 3987 curam
1008 3928 1226 3988 habcs’:
1290 3934 1357 3989 iis
1413 3934 1557 3989 enim
1602 3934 1866 3991 divinitus
1913 3935 2093 3989 innui-

511 4035 622 4089 Let,
661 4036 719 4079 ut
746 4025 1132 4083 inobedientia:
1170 4025 1320 4094 ﬁliis,
1354 4028 1719 4084 intolerabilis
1767 4028 1870 4095 ira,
1900 4038 1960 4082 ut
1987 4043 2089 4082 au-

512 4126 618 4172 tem
655 4118 840 4173 horam
896 4119 1192 4188 aliquando
1235 4129 1288 4175 et
1314 4120 1474 4175 ambo
1517 4120 1644 4175 talia
1683 4121 2091 4176 committentes

513 4210 707 4265 mortis
735 4210 916 4281 gladio
943 4212 1359 4273 exscindantur,
1396 4220 1490 4267 aut
1525 4229 1622 4283 per
1647 4221 1876 4269 mortem
1908 4213 2089 4268 omni-

511 4315 584 4356 no
615 4301 750 4354 alter
779 4301 846 4355 ab
873 4301 1045 4357 altero
1086 4311 1390 4371 separetur,
1459 4304 1605 4374 quod
1666 4305 1804 4358 tales
1862 4304 2083 4375 neptim,

512 4394 753 4447 nousint
798 4393 1021 4462 nuptiae,
1065 4395 1157 4448 sed
1212 4395 1522 4464 nuptiarum
1554 4395 1944 4449 dissolutiones
1979 4416 1992 4451 :
2034 4403 2089 4450 et

491 4485 638 4539 ’talis
683 4485 1023 4554 coniunctio,
1076 4488 1350 4555 separatio
1391 4488 1574 4555 potius
1603 4495 1658 4541 et
1720 4488 1981 4554 exitium;
2033 4496 2087 4542 ct

2281 3750 2344 3803 Ἥ
2373 3750 2552 3804 τοίνυν
2578 3751 2869 3820 μετριότης
2902 3748 3079 3819 ἡμῶν,
3127 3744 3291 3800 τοῦτο
3322 3746 3439 3818 μὲν,
3491 3743 3575 3798 τοῦ
3607 3741 3719 3795 θείου

2199 3845 2365 3913 νόμου
2397 3842 2816 3912 ὑπερμαχοῦσα,
2852 3841 3007 3894 τοῦτο
3040 3840 3117 3905 δὲ,
3148 3838 3242 3893 καὶ
3273 3839 3384 3891 τῶν
3426 3837 3542 3890 οῦτο
3561 3834 3717 3889 τοῦτο’

2199 3933 2669 4005 κατατολμὼντων
2711 3932 2994 4002 πατρικῶς
3042 3929 3318 4001 κηδομένη
3378 3928 3599 4001 (ἔρχεται
3637 3926 3719 3992 γὰρ

2196 4028 2283 4082 ἐπ’
2320 4026 2520 4089 αὐτοὺς
2548 4026 2593 4087 ⁸,
2636 4024 2712 4087 ὡς
2743 4026 2888 4084 υἱοὺς
2920 4023 3223 4085 ἀπειθείας,
3269 4021 3453 4074 θεόθεν
3500 4018 3620 4089 ὀργὴ
3645 4017 3718 4069 ἁν-

2195 4122 2520 4182 υπόστατος,
2552 4118 2627 4181 ὡς
2667 4118 2775 4189 πρὸ
2821 4115 2968 4187 ὥρας
2998 4115 3143 4168 ἔστιν
3189 4109 3250 4169 οῦ
3305 4116 3395 4169 καὶ
3442 4114 3594 4184 ἄμφω
3622 4110 3717 4169 τοὺς

2194 4210 2521 4283 δεδρακότας
2549 4208 2774 4263 τοιαῦτα
2813 4208 2888 4279 τῷ
2910 4207 3003 4261 τοῦ
3060 4207 3294 4261 θανάτου
3323 4206 3460 4276 ξίφει
3505 4202 3716 4270 ἐκτέμνε-

2197 4298 2345 4364 σθαι,
2379 4298 2410 4368 ἢ
2440 4297 2657 4360 πάντως
2701 4296 2930 4368 θάτερον
2963 4296 3055 4350 τοῦ
3114 4297 3304 4368 ἑτέρου
3353 4289 3715 4349 ἀποδιίστασθαι

2193 4390 2281 4444 διὰ
2315 4392 2547 4445 θανάτου
2580 4390 2645 4445 ίο.
2687 4391 2808 4443 Ὀτι
2850 4389 2981 4460 μηδὲ
3028 4388 3205 4458 γάμος
3229 4390 3256 4441 ὁ
3285 4387 3512 4449 τοιοῦτος
3554 4384 3714 4451 γάμος,

2189 4482 2329 4535 ἀλλὰ
2361 4482 2539 4552 γάμου
2575 4482 2868 4545 κατάλυσις
2902 4498 2918 4514 ο
2953 4482 3046 4535 καὶ
3112 4483 3145 4550 ή
3199 4463 3422 4550 τοιαῦτη
3472 4478 3714 4545 συνάφεια,

513 4577 638 4631 talis
669 4576 1035 4640 converSutio,
1073 4580 1286 4631 eversio
1316 4580 1496 4646 potius
1553 4587 1605 4633 et
1637 4579 1911 4634 interitus.
1964 4579 2084 4633 Pul-

2194 4574 2480 4637 διάστασις
2514 4574 2845 4643 μᾶλλον-καί
2888 4573 3107 4644 ὄλεθρος
3134 4590 3149 4605 ο
3193 4574 3289 4626 καὶ
3329 4574 3363 4639 ἠ
3416 4572 3615 4638 τοιαύτη
3645 4563 3713 4617 διὰ

512 4665 843 4719 chrituditris
877 4666 1039 4720 etiam
1060 4666 1280 4732 'fruitio,
1309 4667 1471 4736 hujus
1499 4668 1622 4723 vitae
1657 4667 2050 4724 dissolutiones
2076 4685 2090 4723 :

513 4757 726 4828 generis
753 4758 1033 4823 exaltatio,
1068 4759 1367 4815 destructio
1394 4760 1603 4830 potius,
1636 4769 1693 4816 et
1724 4760 1777 4816 in
1814 4761 2087 4817 infernum

511 4845 721 4901 ducens
755 4847 894 4901 viam
933 4865 949 4916 ;
984 4854 1037 4902 et
1064 4847 1379 4903 divitiarum
1414 4851 1660 4913 satietas,
1689 4864 1877 4905 eorum
1909 4850 2093 4921 potius

512 4950 632 5003 quae
678 4947 999 5003 cernuntur,
1068 4939 1300 5007 privatio
1350 4939 1598 4994 constitit
1628 4947 1674 4992 ν.
1709 4952 1928 5010 propter
1978 4941 2093 4995 haec

515 5024 684 5088 igitur
714 5027 1018 5082 moderatio
1053 5038 1266 5093 nostra,
1310 5045 1434 5085 cum
1469 5039 1825 5085 sacrosancta
1888 5031 2088 5087 frater-

514 5115 706 5184 nitate,
742 5115 940 5172 factam
978 5133 1007 5171 a
1038 5121 1385 5174 sanctissimo
1421 5122 1731 5190 patriarcha
1757 5123 1980 5177 domino
2010 5124 2081 5175 A-

520 5204 664 5261 lexio
716 5208 1037 5279 synoualem
1070 5209 1535 5281 dispensationem
1568 5212 1622 5267 in
1655 5214 1864 5283 nuptiis
1917 5215 2085 5282 εονιίο

2196 4668 2376 4737 γάμου
2410 4665 2847 4735 συναναστροφὴ,
2881 4665 3237 4735 καταστροφὴ
3275 4663 3470 4735 μᾶλλόν
3499 4665 3602 4716 ἐστι
3641 4655 3713 4708 καὶ

2194 4756 2440 4809 ἀπώλεια
2472 4756 2545 4825 ’ἡ
2584 4772 2642 4808 τε
2674 4756 2768 4808 τοῦ
2792 4753 3025 4817 κάλλους
3067 4755 3389 4815 ἀπόλαυσις,
3424 4751 3513 4805 τοῦ
3563 4746 3710 4801 ἐνθάδε

2198 4845 2313 4915 βίου
2348 4846 2609 4909 ἀπόλυσις
2636 4861 2650 4875 ’
2677 4846 2711 4915 ἦ
2734 4863 2795 4898 τε
2824 4845 2919 4902 τοῦ
2948 4845 3141 4915 γένους
3175 4845 3466 4915 άνὺψωσις,
3497 4838 3710 4905 καθαίρε-

2197 4955 2282 5001 σις
2317 4938 2517 5007 μᾶλλον
2567 4939 2664 4990 καὶ
2711 4937 2830 4998 ὁδὸς
2870 4939 2947 4999 είς
2980 4936 3116 5009 ᾅδην
3167 4935 3509 5005 άπάγουσα¹¹
3538 4949 3550 4964 ·
3586 4927 3710 4992 καὶὴ

2193 5030 2286 5083 τοῦ
2313 5029 2543 5083 πλούτου
2576 5030 2875 5100 πλήρωσις,
2926 5028 3037 5082 τῶν
3065 5029 3358 5099 ὁρωμένων
3393 5025 3578 5096 μᾶλλον
3603 5018 3685 5073 καθ

2192 5122 2387 5192 έστηκε
2417 5123 2713 5194 στέρησις.)
2736 5123 2837 5174 Διὰ
2868 5122 2995 5190 γοῦν
3023 5122 3196 5176 ταῦτα
3218 5123 3250 5194 ἡ
3273 5120 3544 5192 μετριότης
3565 5110 3706 5184 ἡμῶν.

2198 5216 2334 5285 μετὰ
2364 5216 2461 5286 τῆς
2519 5216 2670 5287 ἱεράς
2708 5214 3092 5285 ἀδελφότητος,
3121 5214 3223 5287 τὴν
3269 5214 3541 5284 γεγονυῖαν
3579 5203 3705 5271 ποιρά

1799 5419 2033 5476 Vitlile
2092 5418 2493 5477 LECTIONES.

588 5534 1045 5606 Ἀστρειρομένους.
1123 5537 1142 5568 ³
1174 5536 1530 5605 συναλλαγὰς.

562 5604 705 5658 οὕτω
741 5604 951 5660 τούτου.
1029 5608 1050 5638 ⁹
1080 5607 1173 5661 ἐπὶ
1210 5609 1333 5672 τοὺς
1366 5607 1536 5671 υἱούς.

592 5745 612 5774 τ
646 5738 1015 5793 medim-itali.
1097 5748 1118 5775 ⁸
1160 5742 1416 5812 siquidem
1448 5742 1507 5808 ii,
1545 5741 1634 5812 qui
1660 5748 1868 5794 coeunt.

1612 5534 1633 5566 ’⁸
1664 5536 1754 5589 τὸν
1768 5534 1862 5588 τοῦ
1878 5537 2037 5588 ἕκτου
2072 5535 2281 5606 βαθμοῦ
2314 5536 2371 5602 ἐξ
2402 5538 2649 5605 αἵματος.

1616 5606 1658 5639 ¹⁰
1686 5606 1902 5677 θανάτῳ
1923 5605 2247 5660 διίστασθαι.

2728 5540 2750 5569 ⁸
2773 5538 2825 5592 ei
2849 5555 2931 5607 γε.
3014 5540 3034 5570 ⁸
3054 5541 3393 5610 συστήσαιεν.
3464 5536 3484 5568 ⁷
3508 5530 3701 5598 νενόητοσ

2326 5609 2364 5638 ⁸⁸
2390 5608 2724 5676 κατάγουσα.

1952 5740 1971 5777 ⁸
2008 5740 2330 5794 intellectum
2361 5740 2445 5794 sil.
2528 5753 2553 5781 ιι
2582 5742 2945 5797 mediocritas.
3023 5752 3049 5778 τ
3074 5744 3279 5798 exsistit
3306 5754 3324 5794 :
