3950 6576
214 307 326 370 77%

1478 309 1746 371 GR/ECO
1771 310 2173 373 ROMANUM.
3378 322 3447 385 77

212 413 313 467 τοῦ
368 412 676 481 άγιωτάτου
718 412 1059 484 πατριάρχου
1107 414 1302 486 κυρίου
1368 414 1608 479 Ἀλεξίου
1680 434 1805 470 συν-

1916 420 1983 472 mi
2012 419 2215 488 gradus
2247 419 2600 492 cognationis
2644 422 2969 479 nominatim
3029 441 3139 483 non
3193 428 3487 499 prohibitis

211 505 412 577 οδικὴν
440 508 477 537 ¹¹
498 505 821 574 οἰκονομίαν,
844 507 937 558 ἐπὶ
951 505 1026 577 τῷ
1044 508 1087 539 ⁸³
1105 508 1283 579 ῥητῶς
1301 508 1392 560 ἐπὶ
1409 507 1504 559 τοῦ
1523 508 1801 561 πολιτικοῦ

212 594 393 664 νόμου
431 594 503 665 μὴ
532 594 829 648 κωλυθέντι
867 596 962 650 ἐπὶ
991 597 1086 650 τοῦ
1125 599 1183 664 ἐξ
1210 599 1254 630 ιδ
1302 598 1534 669 αἵματος
1574 599 1801 668 ἑϐδόμου

215 686 443 757 βαθμοῦ
470 687 632 757 γάμῳ
665 687 735 750 ’⁵,
764 690 902 756 μήτε
938 689 1193 758 καθαρῶς
1240 690 1616 759 ἔπιτραπέντι,
1668 707 1804 760 κρα-

213 781 465 834 τύνουσα
500 781 593 833 καὶ
631 779 990 849 στηρίζουσα,
1042 781 1137 835 καὶ
1186 776 1299 834 οἷον
1353 780 1808 851 ἐφερμηνεύουσά

213 891 272 925 τε
293 874 398 925 καὶ
430 873 804 942 σαφηνίζουσα
827 887 842 902 ⁶
873 872 990 942 ἅμα
1012 871 1068 925 δὲ
1099 872 1195 926 καὶ
1224 872 1283 925 τὸ
1315 872 1423 925 τῶν
1466 872 1675 926 πολλῶν
1707 892 1806 927 κα-

215 964 462 1035 κοῦργον
492 981 551 1015 τε
582 964 676 1016 καὶ
729 963 1025 1034 περίεργον
1060 964 1492 1034 περικόπτουσα,
1548 966 1643 1019 καὶ
1693 961 1805 1019 οἷον

214 1055 279 1108 ἐκ
316 1055 482 1126 ῥίζης
506 1056 673 1125 αὐτῆς
709 1056 1029 1121 ἀνασπῶσαι,
1064 1056 1151 1108 ίνα
1184 1057 1257 1126 μὴ
1294 1057 1388 1110 καὶ
1404 1056 1483 1110 ἔτι
1506 1056 1547 1089 ⁸⁸
1566 1074 1805 1129 παρανο-

218 1145 356 1216 μίας
415 1146 736 1216 ἐξανατείλῃ
795 1145 1175 1217 βλαστήματα,
1223 1146 1320 1199 καὶ
1364 1147 1532 1201 τέκνα
1568 1147 1807 1219 μωμητὰ

214 1237 532 1309 πληθυνθῇ,
558 1238 653 1291 καὶ
685 1236 792 1290 υίοὶ
814 1236 924 1293 τῶν
955 1235 1117 1291 θείων
1142 1237 1320 1308 νόμων
1372 1237 1682 1311 αὐξηθῶσιν
1711 1239 1807 1291 άλ-

212 1327 431 1397 λότριοι
454 1344 468 1359 °
498 1329 588 1383 τὸν
617 1332 680 1382 ἐκ
704 1327 798 1382 τοῦ
832 1328 1076 1382 τοιούτου
1099 1328 1276 1399 γάμον
1313 1327 1525 1400 βαθμοῦ
1555 1329 1616 1382 οὐ
1645 1329 1807 1401 μόνον

214 1420 585 1491 ἐρωτώμενον
618 1419 933 1493 προϐαίνειν
954 1420 1177 1486 κωλύει,
1211 1420 1347 1474 ἀλλά
1374 1422 1469 1474 καὶ
1513 1422 1619 1492 πρὸ
1668 1423 1808 1492 ἔρω-

214 1514 441 1583 τήσεως
464 1513 834 1582 γεγενημένον
873 1511 1206 1567 διασπᾶσθαι
1246 1512 1641 1567 διακελεύεται’
1672 1531 1808 1566 παν-

216 1603 349 1671 τελῆ
410 1602 508 1655 τοῦ
568 1603 814 1655 τοιούτου
870 1603 1049 1674 γάμου
1090 1603 1288 1674 ἀργίαν
1322 1604 1806 1676 καταψηφιζομὲνη

215 1693 327 1746 ἀπο
361 1692 471 1764 τῆς
512 1694 758 1764 σήμερον
788 1709 803 1723 ·
844 1694 953 1746 τῶν
990 1694 1314 1765 φθασάντων
1347 1696 1601 1763 γενέσθαι
1631 1696 1808 1750 τοιού-

1906 510 2024 579 lege
2052 512 2223 577 civili,
2258 528 2437 583 neque
2466 513 2758 571 manifeste
2781 519 3085 589 permissis,
3115 523 3486 587 corroborans

1904 611 1958 655 et
1986 600 2234 668 firmans,
2266 618 2329 658 ac
2362 606 2524 660 veluti
2556 607 2924 677 interpretans
2972 623 3027 669 et
3070 616 3381 687 declarans,
3408 624 3488 680 si-

1907 691 2017 744 tnnl
2064 693 2226 746 etiam
2290 694 2585 751 multorum
2651 697 2894 757 fraudetn
2920 713 2976 758 et
3001 709 3300 765 versutiam
3334 728 3486 771 rese-

1905 796 2064 843 cans.
2095 785 2319 853 etquasi
2353 787 2421 841 ab
2443 789 2631 845 radice
2649 795 2983 862 exstirpans,
3008 812 3077 852 ne
3103 801 3225 854 ulla:
3251 805 3486 871 amplius

1907 871 2215 943 iniquitatis
2248 879 2574 935 exoriuntur
2606 886 2941 955 propagines
3000 896 3055 943 et
3096 894 3488 959 reprehensio-

1906 979 2030 1019 nem
2120 968 2460 1025 merentibus
2538 973 2724 1029 liberis
2790 979 3102 1047 respublica
3171 983 3484 1057 impleatur,

1907 1055 2257 1129 ﬁliorumque
2286 1076 2317 1116 a
2347 1062 2548 1120 divinis
2578 1065 2789 1136 legibus
2815 1071 3116 1129 alienorum
3148 1088 3360 1134 crescat
3386 1055 3489 1139 nus.

1909 1165 2133 1207 merus:
2176 1158 2402 1225 nuptias
2439 1161 2659 1228 septimi
2693 1163 2896 1232 gradus
2931 1181 3041 1221 non
3075 1170 3252 1224 solum
3294 1185 3487 1243 postu-

1907 1242 2046 1300 latas
2083 1248 2379 1315 procedere
2430 1260 2592 1319 vetat,
2625 1254 2721 1309 sed
2778 1266 2833 1311 et
2887 1268 3013 1313 ante
3064 1264 3484 1330 postulationem

1908 1346 2224 1395 contractas
2249 1341 2653 1414 distrahijubet
2687 1350 2798 1406 :ab
2824 1351 3090 1409 hodierno
3129 1357 3219 1411 die
3276 1360 3487 1415 discer-

1907 1445 2067 1494 nens,
2095 1442 2151 1486 ut
2172 1434 2337 1502 hujus
2363 1438 2506 1491 modi
2535 1442 2738 1509 nuptim
2779 1445 3007 1499 omnino
3041 1446 3155 1501 ﬁeri
3187 1449 3443 1507 desinant
3468 1470 3484 1508 :

1907 1538 2031 1592 quae
2059 1534 2238 1580 autem
2262 1526 2380 1598 jam
2415 1529 2570 1584 facta:
2618 1541 2768 1600 sunt,
2831 1551 3055 1592 manere
3109 1539 3340 1595 debeant
3400 1543 3487 1596 in-

1907 1615 2156 1672 divulsaa.
2190 1617 2293 1685 Qui
2322 1620 2489 1690 igitur
2539 1624 2678 1678 tales
2728 1628 2945 1696 nuptias
2995 1630 3063 1684 ab
3093 1631 3194 1686 hoc
3243 1640 3489 1704 tempore

1909 1711 2237 1765 contrahere
2267 1715 2384 1767 ausi
2425 1713 2652 1776 fuerint,
2683 1732 2793 1774 non
2847 1728 3055 1775 tantum
3105 1740 3202 1779 sua
3248 1724 3488 1782 frustra-

213 1803 325 1839 των
380 1787 606 1855 γάμων,
658 1788 839 1858 μένειν
879 1788 1098 1850 πάντως
1148 1788 1473 1858 ὀφειλόντων
1541 1787 1809 1843 άδιασπά-

1916 1800 2117 1855 buntur
2159 1804 2287 1873 ipsi.
2330 1806 2424 1859 sed
2453 1814 2509 1860 et
2574 1821 2701 1864 cum
2758 1809 2920 1881 hujus
2971 1814 3117 1868 modi
3171 1827 3488 1875 contractus

215 1895 386 1932 στων.
431 1877 504 1932 Τὸ
557 1879 688 1947 γοῦν
751 1879 860 1933 ἀπὸ
911 1880 1067 1933 τοῦδε
1099 1881 1148 1934 οἱ
1193 1878 1433 1933 τοιοῦτον
1482 1881 1659 1952 γάμον
1706 1898 1806 1936 συ-

217 1969 441 2038 στῆσαι
472 1970 859 2041 τολμήσοντες,
890 1968 953 2023 οὐ
1016 1969 1177 2039 μόνον
1207 1969 1302 2022 τοῦ
1336 1969 1537 2023 οἰκείου
1601 1970 1805 2024 σκοποῦ

215 2061 483 2131 οὐδαμῶς
502 2060 928 2125 ἀπολαύσουσιν,
951 2060 1089 2115 άλλά
1114 2062 1207 2115 καὶ
1238 2061 1378 2133 μετά
1400 2063 1497 2132 τῆς
1522 2062 1614 2116 τοῦ
1632 2062 1807 2116 τοιού-

218 2169 311 2205 του
353 2152 809 2222 συναλλάγματος
844 2153 1213 2218 διασπάσεως,
1238 2153 1333 2207 καὶ
1363 2151 1657 2225 ἀφορισμῷ
1709 2171 1808 2208 κα-

219 2243 764 2314 θυποϐληθήσονται,
799 2244 874 2308 ὡς
907 2245 1207 2314 συγγενικὰ
1235 2245 1556 2315 συγχέοντες
1574 2245 1807 2318 αἵματα,

221 2336 315 2389 καὶ
347 2335 432 2399 ὡς
458 2337 553 2391 τοῦ
609 2334 875 2407 παρόντος
926 2335 1204 2388 συνοδικοῦ
1254 2333 1483 2407 ὁρισμοῦ
1533 2352 1811 2407 καταφροσ

220 2426 413 2496 νηταί·
446 2426 500 2480 oi
522 2444 581 2479 τε
612 2430 725 2489 τοῖς
761 2425 904 2480 οὕτω
942 2426 1339 2481 συναλάττουσι
1378 2425 1808 2494 συναινέσοντες,

221 2517 536 2588 αὐστηρίας
567 2520 854 2589 κανονικῆς
907 2519 1355 2589 πειραθήσονται,
1389 2517 1487 2571 καὶ
1520 2520 1570 2571 οί
1608 2519 1811 2591 ἱερολο-

222 2612 399 2679 γῆσαι
420 2608 787 2679 τολμήσοντες
812 2607 1135 2680 καθαιρέσει
1167 2609 1661 2681 ὕποϐληθήσονται.

292 2701 492 2753 Ταῦτα
525 2701 632 2754 ἀπὸ
657 2701 766 2755 τῶν
797 2701 1094 2755 συνοδικῶν
1134 2702 1439 2774 σχεδαρίων
1496 2704 1812 2775 παρεκϐλη-

227 2792 500 2865 θέντα,τῇ
522 2793 779 2865 σφραγῖδί
808 2811 868 2847 τε
903 2796 999 2847 καὶ
1023 2795 1314 2866 ὑπογραφῇ
1349 2794 1442 2848 τοῦ
1477 2799 1809 2865 τιμιωτάτου

226 2887 616 2958 ἀρχιδιακόνου
646 2888 740 2941 καὶ
770 2888 1185 2958 χαρτοιρύλακος
1212 2891 1315 2959 τῆς
1354 2892 1668 2962 ἁγιωτάτης
1716 2893 1810 2947 τοῦ

224 2976 367 3031 Θεοῦ
410 2978 655 3048 μεγάλης
724 2979 1051 3051 Ἐκκλησίας
1116 2982 1361 3051 συνήθως
1422 2982 1810 3051 βεϐαιωθέντα,

1909 1895 2270 1950 dissolutione
2296 1900 2862 1955 excommunicationi
2888 1919 2950 1958 su
2964 1903 3281 1976 bjicientur,
3342 1912 3490 1966 velut

1909 1987 2255 2055 cognationis
2280 1989 2601 2057 sanguinem
2625 1997 2653 2027 ι
2680 1990 3104 2058 confundentes.
3126 2005 3175 2052 et
3204 2000 3489 2068 praesentis

1909 2077 2186 2147 synodica:
2214 2078 2552 2136 deﬁnitionis
2574 2091 3019 2153 contemptores,
3055 2087 3101 2141 si
3153 2089 3339 2156 etiam,
3393 2093 3488 2161 qui

1909 2176 2033 2215 eum
2065 2172 2409 2219 contractum
2470 2168 2790 2225 ineuntibus
2850 2186 3180 2229 consensum
3218 2181 3490 2247 praestite-

1908 2251 2042 2320 rint,
2104 2256 2449 2311 severitatem
2509 2261 2833 2315 canonicam
2868 2265 3243 2334 experientur,
3293 2276 3345 2323 et
3394 2271 3486 2339 qtti

1911 2359 2123 2400 sacram
2155 2347 2583 2405 benedictionem
2613 2350 2790 2409 facere
2833 2356 2951 2411 ausi
2979 2356 3203 2425 fuerint,
3262 2360 3486 2432 deposi-

1915 2439 2048 2493 tioni
2085 2440 2470 2511 subjiciuntur.

1983 2714 2109 2771 Ilaec
2147 2732 2212 2771 ex
2263 2717 2545 2789 synodicis
2606 2718 2873 2776 chartulis
2938 2732 3171 2793 proata,
3231 2724 3413 2797 sigillo
3438 2734 3492 2782 et

1913 2809 2317 2879 subseriptione
2349 2813 2401 2864 in
2428 2812 2619 2881 primis
2663 2814 2958 2868 venerandi
3006 2816 3381 2873 archidiaconi
3436 2828 3492 2872 et

1914 2899 2356 2972 charmphylacis
2407 2905 2770 2959 sanctissimas
2829 2921 3039 2976 magna:
3094 2908 3186 2963 Dei
3246 2911 3492 2966 ecclesia:

1914 3004 2010 3059 pro
2040 3006 2188 3047 more
2209 2993 2547 3055 COnlirtnala,
2582 2994 2708 3047 data
2739 3004 2868 3049 sunt
2895 3012 3080 3051 mense
3099 3007 3152 3051 et
3192 2999 3494 3056 indictione

227 3067 465 3138 ἐπεδόθη
494 3068 623 3136 μηνὶ
670 3069 762 3120 καὶ
789 3070 1110 3139 ὲπινεμήσει
1135 3072 1244 3133 τοῖς
1274 3073 1808 3142 προγεγραμμένοις,

1916 3098 2079 3150 supra
2106 3084 2351 3151 scriptis,
2382 3086 2511 3138 anni
2540 3085 2701 3139 0674.
2727 3085 3094 3159 Cartophylax
3127 3093 3489 3147 sanctissima:

227 3157 391 3219 ἔτους
421 3156 629 3228 τςχοδ’.
670 3156 728 3209 '0
754 3158 1099 3228 χαρτοερύλαξ
1121 3158 1220 3228 τῆς
1233 3159 1543 3231 ἁγιωτάτης
1567 3161 1809 3231 μεγάλης

229 3248 534 3318 ἐκκλησίας
571 3248 663 3301 καὶ
715 3249 1093 3319 ἀρχιδιάκονος
1144 3238 1399 3322 Ἰωάννης
1428 3253 1456 3306 ὁ
1512 3250 1809 3322 Ἀγιοφλω-

233 3339 416 3408 ρίτης,
450 3337 767 3408 ὑπέγραψε.

229 3398 302 3483 θ’.
337 3398 485 3497 ᾖερὶ
510 3398 824 3504 xin-minans
860 3398 1180 3498 κοσμικιίῖς
1208 3430 1488 3504 Δἑαυτοὺς
1536 3436 1811 3504 συμπλεο

750 3500 983 3552 κόντων
1001 3502 1302 3569 φροντίσι.

298 3591 382 3644 Τὸ
429 3590 723 3661 σημείωμα
746 3591 841 3644 τοῦ
878 3593 1187 3659 άγιωτάτου
1238 3593 1579 3665 πατριάρχου
1622 3596 1810 3667 κυρίου

230 3681 425 3736 Δουκᾶ
454 3682 567 3753 ἔχει
604 3682 812 3746 οὓτως·
861 3685 1009 3754 Μηνὶ
1047 3684 1366 3755 Δεκεμϐρίῳ
1403 3691 1477 3757 η’,
1509 3688 1693 3759 ἡμέρᾳ
1740 3685 1811 3756 α’,

232 3775 617 3845 ὶπινεμήσεως
640 3780 716 3840 ς’.

300 3868 370 3920 Et
403 3867 498 3919 καὶ
543 3867 703 3930 ὐζᾶν
768 3868 995 3934 ἐκεῖνος,
1035 3869 1136 3938 τῆς
1173 3868 1323 3932 θείας
1373 3868 1606 3921 κιϐωτοῦ
1644 3885 1815 3939 παρα-

230 3956 542 4027 τραπείσης
572 3957 872 4026 ἁψάμενος,
905 3959 964 4009 οὐ
1000 3958 1193 4028 μικρὸν
1226 3958 1527 4028 κατεκρίθη
1583 3959 1645 4011 τὸ
1685 3960 1810 4011 ἐπι-

233 4049 419 4120 τίμιον
458 4064 474 4080 °
513 4047 689 4100 καίτοι
747 4049 947 4112 σκοπὸς
998 4046 1067 4120 ἦν
1130 4049 1279 4119 αὐτῷ
1328 4049 1466 4119 πρὸς
1514 4049 1815 4120 ἀνόρθωσιν

236 4142 469 4212 ταύτης,
497 4142 556 4194 οὐ
609 4142 746 4213 πρὸς
784 4140 1143 4212 καθαίρεσιν
1196 4142 1280 4205 τίς
1330 4141 1474 4195 οὕτω
1521 4142 1812 4213 τολμηρὸς,

237 4234 331 4286 καὶ
362 4236 445 4294 εἰς
489 4233 725 4303 ἐσχάτην
765 4233 1043 4287 ἀναίδειαν
1075 4234 1168 4287 καὶ
1215 4233 1595 4304 ὑπερηφανίαν
1649 4234 1819 4298 ἐξενε-

236 4323 410 4394 χθεὶς,
443 4322 720 4393 πνεύματι
753 4325 971 4388 πάντως
1014 4324 1282 4395 ἀγόμενος
1316 4324 1538 4395 πονηρῷ
1563 4341 1578 4355 ’
1646 4324 1704 4389 ὃς
1738 4326 1813 4396 μὴ

1916 3189 2109 3242 magna
2138 3175 2383 3229 ecclesi:e
2428 3184 2483 3230 et
2543 3178 2966 3233 archidiaconus
3008 3179 3250 3239 Joannes
3299 3182 3490 3255 ﬂagic-

1912 3263 1947 3318 ll
1974 3266 2112 3329 rita,
2138 3266 2481 3334 subscripsit.

1914 3440 1979 3496 ll.
2015 3439 2091 3496 De
2138 3440 2345 3497 clericis
2389 3460 2445 3498 se
2497 3443 2919 3525 immiscentibtts'
2944 3447 3290 3503 sccularibus
3332 3465 3492 3520 nega-

2658 3525 2769 3570 ιιισ.
3394 3534 3402 3541 ⁸

1986 3602 2337 3674 Subsignatio
2370 3604 2698 3662 sanctissimi
2726 3606 3051 3676 patriarchae
3067 3608 3273 3665 domini
3334 3611 3492 3667 Luca:

1914 3694 1993 3749 sic
2026 3695 2219 3752 habet:
2245 3694 2428 3751 Mense
2448 3694 2805 3765 Decembri,8
2838 3697 2946 3763 die,
2983 3698 3009 3751 1
3056 3699 3356 3755 indictione
3386 3700 3487 3757 61.

1985 3872 2038 3928 Si
2070 3885 2119 3927 et
2144 3872 2292 3927 Ozan
2324 3872 2435 3937 ille,
2456 3872 2549 3941 qui
2582 3872 2822 3943 divinam
2856 3888 3064 3942 arcam,
3130 3890 3251 3944 quin
3275 3882 3492 3930 everte-

1915 3966 2099 4026 batur,
2142 3965 2344 4035 attigit,
2391 3980 2499 4019 non
2560 3966 2715 4034 pario
2762 3966 3033 4035 supplicio
3086 3965 3313 4022 affectus
3367 3976 3491 4026 est:

1917 4057 2065 4128 atqui
2088 4057 2207 4126 ejus
2233 4064 2349 4110 erat
2385 4065 2408 4091 ι
2442 4055 2747 4109 institutam
2774 4057 2920 4109 illam
2948 4058 3180 4124 erigere,
3218 4072 3326 4112 non
3364 4073 3492 4127 per-

1917 4149 2047 4204 dere
2075 4160 2091 4206 :
2121 4148 2245 4217 quis
2268 4155 2351 4201 est
2375 4147 2511 4201 adeo
2541 4148 2739 4207 audax,
2773 4154 2826 4201 et
2857 4147 2923 4200 ad
2977 4156 3275 4202 extremam
3317 4164 3492 4219 usque

1919 4241 2307 4312 impudentiam
2335 4241 2815 4309 arrogantiamque
2850 4240 3052 4305 elatus,
3093 4240 3237 4294 malo
3267 4242 3491 4293 omnino

1920 4334 2117 4401 spiritu
2146 4331 2365 4392 ductus,
2393 4330 2485 4399 qui
2524 4345 2631 4383 non
2670 4331 2846 4384 soluat
2884 4346 2992 4383 non
3027 4329 3140 4382 vult
3195 4328 3380 4383 divina
3437 4341 3493 4385 et

241 4419 405 4487 μόνον
450 4417 552 4468 οὐκ
586 4416 921 4486 ἐπανορθοῦν
975 4418 1210 4488 αἱρεῖται
1250 4417 1318 4470 τὰ
1350 4417 1470 4471 θεῖα
1509 4419 1600 4471 καὶ
1651 4435 1809 4471 πνευ-

1919 4422 2186 4491 Spiritalia
2216 4421 2471 4474 mandata
2500 4420 2731 4489 erigere,
2755 4418 2851 4473 Sed
2881 4418 3116 4472 etiamin
3149 4419 3487 4473 contrarium

240 4507 457 4578 ματικά
481 4506 851 4574 διατάγματα,
893 4505 1030 4560 ἀλλὰ
1063 4509 1155 4561 καὶ
1192 4510 1292 4578 τὴν
1319 4508 1567 4561 ἐναντίαν
1614 4510 1812 4576 τρεπό-

239 4617 427 4671 μενος,
468 4598 874 4669 παρασαλεύειν
894 4599 1069 4653 ταῦτα
1104 4602 1197 4654 καὶ
1220 4600 1506 4669 καθαιρεῖν
1537 4601 1814 4654 ἀναιδεύε-

236 4710 351 4757 ται,
378 4693 479 4746 καὶ
517 4690 820 4762 παραλύειν
848 4693 919 4746 τά
957 4693 1170 4761 παγίως
1198 4693 1532 4764 ήδρασμένα,
1580 4694 1673 4747 καὶ
1710 4710 1815 4748 πα-

242 4786 492 4854 ρακινεῖν
516 4784 585 4838 τὰ
619 4784 914 4848 ἀσάλευτα,
949 4784 1347 4856 ᾠκοδομημένα
1382 4784 1588 4857 (καθώς
1622 4785 1808 4856 φησιν)

238 4875 333 4930 tul.
353 4873 435 4944 τῷ
467 4874 705 4945 θεμελίῳ
730 4874 842 4928 τῶν
875 4876 1196 4930 ἀποστόλων
1225 4879 1318 4929 καὶ
1374 4877 1689 4948 προφητῶν.
1714 4877 1814 4929 Διὰ

237 4965 405 5019 τοῦτο
436 4966 591 5036 καὶή
639 4966 928 5037 μετριότης
959 4967 1139 5038 ήμῶν,
1180 4967 1282 5021 οὐκ
1336 4968 1635 5039 ἀνασχετὸν
1676 4970 1816 5038 ἡγηο

240 5062 459 5132 σαμένη
477 5063 720 5133 πονηράν
739 5062 1033 5133 συνήθειαν
1055 5064 1151 5117 καὶ
1168 5063 1245 5116 ἔτι
1273 5067 1516 5131 κρατεῖν,
1547 5063 1816 5133 μιγνῦσαν

240 5152 364 5206 θεῖά
389 5168 453 5206 τι
475 5154 571 5207 καὶ
595 5153 911 5225 ἀνθρώπινα
935 5154 1033 5208 καὶ
1060 5158 1126 5226 τῇ
1151 5155 1251 5223 τῆς
1278 5152 1608 5218 Ἐκκλησίας
1648 5169 1820 5206 κατα-ο

241 5244 459 5312 στάσει,
485 5246 587 5315 τῆς
617 5247 923 5318 ἀμωμήτου
953 5246 1172 5318 νύμφης
1216 5246 1473 5318 Χριστοῦ,
1508 5246 1731 5309 σπίλους
1755 5245 1815 5299 οὐ

1914 4515 2269 4582 detorquens,
2303 4526 2365 4565 ea
2398 4508 2726 4564 labefactare
2742 4524 2806 4563 ac
2844 4508 3124 4563 destruere
3146 4506 3492 4578 impudenter

1918 4606 2163 4670 molitur,
2192 4617 2363 4673 eaque
2388 4601 2705 4665 dissolvere,
2765 4616 2888 4671 qua:
2941 4600 3093 4655 firme
3126 4614 3191 4654 ac
3218 4601 3494 4655 stabiliter

1914 4697 2091 4751 locata
2122 4705 2250 4752 sunt
2284 4714 2298 4751 :
2320 4703 2371 4750 et
2395 4710 2458 4749 ea
2481 4708 2843 4759 commovere,
2867 4708 2985 4763 qua:
3001 4691 3360 4763 conquassari
3384 4708 3491 4748 non

1917 4795 2147 4858 possunt
2181 4795 2279 4840 :ut
2323 4801 2443 4855 quae
2474 4785 2583 4840 sint
2610 4783 2877 4838 aedificata
2917 4781 2998 4853 (ut
3031 4781 3186 4835 aiunt
3213 4793 3237 4822 ι
3266 4783 3286 4852 3
3324 4798 3492 4852 supra
3528 4820 3535 4826 ο

1918 4882 2327 4934 fundamentum
2361 4877 2727 4946 apostolorutn
2780 4884 2834 4929 et
2889 4875 3299 4946 prophetarum.
3357 4875 3491 4929 Pro-

1916 4980 2101 5039 pterea
2152 4976 2339 5024 nostra
2397 4981 2616 5038 quoque
2675 4965 2977 5021 moderatio
3007 4967 3051 4997 ·“
3082 4981 3190 5022 non
3224 4965 3490 5020 ferendun

1913 5077 2034 5117 esse
2069 5069 2209 5123 rata,
2279 5057 2472 5111 malam
2537 5056 2989 5110 consuetudinem
3028 5055 3207 5110 adhuc
3258 5054 3492 5111 servari.

1915 5168 2035 5224 qua:
2064 5153 2246 5207 divina
2280 5157 2332 5204 et
2362 5149 2598 5202 humana
2635 5148 2941 5213 confundit,
2976 5155 3030 5203 et
3060 5148 3315 5203 Ecclesiae
3349 5147 3493 5218 (qua:

1915 5257 1999 5301 est
2058 5244 2125 5299 ab
2183 5242 2329 5298 omni
2395 5240 2821 5311 reprehensione
2882 5240 3060 5293 aliena
3112 5237 3202 5294 Dei
3262 5244 3491 5309 sponsa)

1504 5400 1737 5459 VARUE
1768 5399 2062 5458 LECTION
2071 5400 2176 5457 ES.

317 5523 360 5554 ¹²
402 5518 715 5582 συνοδικῶς.
796 5519 838 5551 ¹⁸
863 5515 968 5571 ὑπὸ
1013 5515 1127 5571 τοῦ.
1209 5517 1253 5548 ⁸⁸
1282 5517 1376 5570 ἐπὶ
1405 5515 1514 5570 τῶν
1548 5516 1628 5582 ἐξ.

315 5666 342 5695 ι
378 5666 658 5728 cognatum
694 5656 1002 5725 sanguinem
1073 5661 1107 5728 χ
1135 5652 1331 5728 Mensis
1390 5653 1688 5710 Decembris
1720 5656 1802 5710 die
1848 5668 1968 5721 vm,
2000 5653 2136 5723 feria
2173 5652 2368 5722 prima,
2404 5652 2694 5707 indictione
2748 5657 2920 5704 sexta.

247 5740 274 5770 ⁸
304 5724 569 5787 εἰειιίίιίε
613 5724 807 5798 inquit,
881 5730 929 5766 ι’
968 5724 1304 5779 mediocritas

1709 5517 1751 5550 “
1782 5516 1994 5588 γάμων.
2071 5516 2116 5547 ⁸⁸
2149 5514 2233 5567 ἵνα
2276 5512 2475 5584 μηκέτι
2514 5528 2717 5585 παραν.

3000 5653 3024 5682 ι
3048 5643 3170 5699 licet
3216 5641 3331 5712 ejus
3361 5646 3496 5695 esset
