3950 6606
491 336 601 400 775

1815 320 1953 384 IUS
1980 315 2424 380 CANONICUM

3652 316 3740 384 776

493 443 911 508 constitutionib
927 459 1037 501 non
1055 442 1306 515 vulgares
1328 439 1570 495 maculas
1589 438 1831 503 inurere,
1853 448 2081 505 quaeque

2198 429 2309 492 ποὺς
2356 426 2618 499 τυχόντας
2670 425 3206 497 προσεπιτρίδουσαν
3251 443 3266 459 ·
3304 427 3404 483 καὶ
3452 429 3604 501 τύφῳ
3655 442 3737 491 καὶ

492 540 775 613 superbia,
806 547 859 593 et
884 551 1021 592 vana
1052 533 1424 605 negotiatione
1453 541 1507 598 ο,
1547 539 1600 586 et
1633 528 1687 583 in
1723 527 1790 582 iis
1813 539 1935 596 qua:
1952 530 2083 578 sunt

492 636 726 706 abjecta,
768 638 822 687 et
846 645 910 685 ea
938 627 1159 697 indigna
1190 642 1205 680 :
1239 623 1425 679 studio
1465 630 1519 677 et
1570 620 1781 683 labore,
1806 627 1862 672 et
1907 613 2085 682 turpi-

495 729 599 784 bus
628 735 887 795 praeterea
914 720 1085 776 lucris
1108 715 1227 785 ejus
1264 717 1604 770 honestatem
1631 709 2086 782 splendoremque

493 817 706 888 potuit:
747 816 924 870 visum
955 818 1041 866 est
1090 822 1208 863 eam
1237 820 1362 862 esse
1403 804 1672 859 radicitus
1720 798 2083 863 evellendam,

497 917 559 962 ut
598 924 709 963 non
758 904 994 974 amplius
1040 906 1334 956 enascatur
1386 895 1536 950 radix
1589 889 2088 951 amaritudinis,se-

494 1003 733 1058 cundum
782 998 1029 1055 divinum
1086 993 1415 1064 apostolum,
1439 999 1756 1060 praesentem
1790 982 1818 1022 ⁸
1842 992 2085 1039 nostrain

495 1094 800 1165 spiritalem
866 1100 920 1146 et
970 1098 1253 1161 paternam
1288 1084 1621 1149 doetrinam,
1656 1092 1682 1121 ο
1708 1095 1829 1150 quae
1860 1089 2086 1165 scopum

493 1162 713 1253 quidem
750 1187 934 1250 aperte
967 1177 1216 1231 declarat
1267 1187 1449 1230 causae
1510 1168 1809 1241 proposita:
1868 1164 1935 1219 de
1992 1162 2084 1215 iis.

494 1277 588 1348 qui
623 1290 835 1330 sacram
859 1273 1241 1327 auctoritatem
1277 1265 1454 1322 sortiti
1481 1269 1629 1327 sunt,
1654 1268 1709 1316 et
1731 1254 2087 1315 saecularibus

495 1366 708 1435 seipsos
759 1359 1172 1432 magistratibus
1221 1366 1276 1411 et
1322 1352 1682 1424 dignitatibus
1713 1349 1974 1417 curisque
2020 1359 2086 1400 ac

496 1455 732 1528 negotiis
758 1454 1063 1523 implicant.
1100 1448 1180 1502 Ad
1213 1446 1440 1501 verbum
1472 1450 1653 1497 autem
1690 1440 1771 1495 sic
1799 1439 1961 1493 habet
1994 1455 2007 1491 :
2041 1435 2084 1491 Ii

502 1549 595 1619 qui
626 1545 1020 1603 sacerdotalem
1046 1539 1325 1611 (inquiunt
1345 1534 1513 1592 divini
1534 1531 1745 1601 Patres)
1764 1530 2083 1600 dignitatem

503 1639 685 1697 sortiti
755 1644 907 1700 sunt,
959 1630 1275 1688 testimonia
1333 1635 1391 1683 et
1442 1625 1708 1697 praeclara
1763 1622 1905 1676 facta
1955 1627 2086 1674 sunt

499 1728 893 1785 canonicarum
934 1721 1396 1778 constitutionum
1449 1712 1873 1770 informationes
1902 1724 1917 1764 :
1944 1722 2084 1778 quas

500 1821 665 1876 etiam
744 1817 998 1871 lubenter
1030 1813 1409 1876 admittentes,
1457 1806 1527 1862 ad
1588 1805 1875 1861 Dominum
1918 1803 2085 1857 Deum

500 1927 624 1968 cum
663 1908 828 1962 David
854 1905 947 1961 Dei
983 1916 1229 1973 prazcone
1270 1901 1551 1961 canimus,
1610 1897 1670 1952 ln
1711 1897 1796 1951 via
1847 1893 2089 1950 testimo-

503 1985 722 2055 niorum
759 2007 975 2051 tuorum
1011 1994 1318 2048 delectatus
1349 2006 1492 2055 sum,
1547 1996 1807 2057 tanquam
1862 1986 1916 2039 in
1973 1998 2091 2040 om-

502 2094 670 2148 nibus
699 2090 923 2144 divitiis.
952 2085 1016 2140 Et
1044 2100 1263 2151 rursus,
1304 2080 1570 2136 Mandasti
1611 2080 1875 2149 justitiam
1904 2093 1921 2132 :
1946 2075 2115 2147 testi-g

507 2183 688 2237 monia
710 2188 801 2233 tua
833 2179 885 2233 in
913 2192 1083 2232 aevum
1123 2191 1140 2229 :
1169 2175 1306 2229 doce
1354 2188 1461 2235 me,
1489 2181 1544 2226 et
1578 2173 1779 2225 vivam.
1832 2167 1985 2235 Quod
2043 2166 2088 2222 si

506 2252 614 2331 vox
646 2273 970 2345 prephetica
1001 2283 1101 2323 nos
1124 2267 1281 2336 jubet
1312 2265 1367 2319 in
1400 2280 1572 2319 aevum
1628 2263 1723 2318 Dei
1781 2261 2090 2317 testimonia

507 2368 811 2428 custodire,
843 2375 899 2419 et
936 2365 992 2417 in
1026 2362 1162 2432 ipsis
1186 2362 1389 2424 vivere,
1425 2374 1489 2415 ea
1512 2358 1725 2415 scilicet
1754 2356 2091 2410 inconcussa

508 2469 564 2515 et
627 2457 774 2511 nulla
824 2456 1034 2510 ratione
1117 2450 1502 2507 labefactanda
1564 2454 1902 2520 permanent.
1958 2445 2091 2499 Nam

510 2548 731 2602 divinus
786 2561 1008 2616 quoque
1065 2542 1244 2598 Moses
1278 2541 1359 2598 sic
1414 2539 1610 2612 inquit,
1673 2539 1791 2594 Non
1840 2538 1966 2594 licet
2011 2536 2093 2593 eis

515 2639 740 2705 addere,
787 2652 889 2691 nec
917 2635 1223 2691 detrahere.

591 2727 729 2783 Cum
757 2728 872 2781 haec
901 2726 1088 2796 itaque
1134 2725 1209 2778 ita
1254 2722 1386 2787 sint,
1414 2729 1470 2778 et
1515 2720 1673 2777 nobis
1720 2719 2092 2776 testimonium

516 2820 714 2884 terant,
754 2821 809 2873 in
851 2818 934 2874 eis
979 2817 1345 2880 exsultantes,
1391 2821 1649 2883 tanquam
1694 2812 1741 2868 si
1772 2813 1898 2882 quis
1925 2812 2095 2867 multa

525 2916 708 2988 spolia
754 2912 1048 2976 invenerit,
1088 2909 1308 2964 divinos
1341 2908 1590 2963 lubenter
1618 2920 1857 2961 canones
1889 2904 2095 2974 ample-

525 3006 747 3071 ctimur,
777 3012 830 3059 et
870 3017 1060 3059 eorum
1099 2999 1551 3056 constitutionem
1595 2997 1862 3068 integram
1909 3004 1963 3051 et
2012 2997 2096 3048 ii.-

2185 517 2413 590 ἀσχολίᾳ
2445 516 2675 589 ματαίᾳ,
2706 517 2801 571 καὶ
2825 520 2890 589 τῇ
2938 517 3160 589 περὶτὰ
3190 520 3399 575 εἰκαῖα.
3439 522 3549 576 Kal
3592 528 3740 602 ταί-ιη

2185 610 2466 681 ἀπᾴδοντα
2496 610 2820 680 διαπονήσει
2841 627 2900 664 τε
2937 610 3032 664 καὶ
3057 610 3285 681 σπουδῇ,
3324 612 3411 666 ἔτι
3437 630 3502 681 γε
3539 616 3640 686 μὴν
3662 624 3742 675 καὶ

2185 702 2439 773 ἀκερδέσι
2491 700 2553 754 τὸ
2609 701 2807 770 σεμνὸν
2871 700 3082 773 ταύτης
3144 706 3696 775 καταρρυπαίνουσαν
3725 731 3738 746 ·

2187 795 2454 866 ηὐδόκησε
2480 794 2691 866 ῥιζόθεν
2721 793 2925 866 ταύτην
2959 795 3262 865 ἀποτεμεῖν
3291 813 3303 829 ·
3348 799 3443 851 ῖνα
3502 799 3577 869 μὴ
3635 804 3742 873 ῥίζα

2188 886 2413 959 πικρίας
2454 890 2548 941 καὶ
2576 886 2656 940 ἔτι
2685 891 2794 958 φυῇ
2839 886 2980 941 κατὰ
3012 888 3107 941 τὸν
3140 888 3285 942 θεῖον
3309 889 3630 956 ἀπόστολον,
3668 895 3742 949 διὰ

2187 979 2286 1050 τῆς
2322 978 2603 1048 παρούσης
2627 979 2906 1050 ἡμετέρας
2931 980 3307 1051 πνευματικῆς
3337 983 3437 1036 καὶ
3493 988 3744 1057 πατρικῆς

2189 1070 2491 1135 διαλαλιᾶς,
2522 1071 2619 1141 τῆς
2659 1069 2930 1141 δηλούσης
2971 1070 3070 1141 μὲν
3117 1072 3208 1125 τὸν
3263 1072 3472 1125 σκοπὸν
3520 1077 3743 1145 φανερῶς

2187 1163 2291 1233 τῆς
2317 1163 2675 1234 προτεθείσης
2712 1163 3044 1230 ὑποθέσεως,
3087 1165 3215 1234 περὶ
3264 1164 3379 1217 τῶν
3414 1165 3568 1236 ίεράν
3607 1169 3742 1234 ἀξίαν

2189 1255 2488 1327 λαχόντων,
2538 1255 2634 1308 καὶ
2694 1258 2992 1325 κοσμικαῖς
3038 1256 3266 1319 ἑαυτοὺς
3340 1258 3741 1326 συμπλεκόντων

2189 1348 2411 1419 ἀρχαῖς,
2441 1348 2537 1401 καὶ
2560 1347 2761 1415 ἀξίαις,
2795 1348 2891 1401 καὶ
2948 1349 3220 1418 φροντίσι,
3250 1349 3350 1402 καὶ
3395 1351 3699 1420 πράγμασιν
3723 1370 3737 1385 ο

2186 1438 2328 1493 οὕτω
2358 1439 2415 1494 δὲ
2467 1438 2609 1493 κατὰ
2658 1440 2811 1511 ῥῆμα
2861 1439 3131 1510 ἐχούσης·
3168 1440 3296 1502 Τοῖς
3347 1439 3452 1511 τὴν
3488 1441 3740 1514 ἱερατικὴν

2190 1531 2377 1605 (φασὶν
2405 1532 2455 1586 οἱ
2486 1532 2618 1585 θεῖοι
2651 1533 2915 1602 Πατέρες)
2949 1531 3205 1604 λαχοῦσιν
3253 1531 3438 1597 ἀξίαν,
3496 1535 3740 1605 μαρτύριά

2186 1642 2247 1681 τε
2274 1627 2370 1680 καὶ
2397 1624 2799 1697 κατορθώματα
2855 1627 2909 1680 al
2963 1625 3075 1680 τῶν
3120 1626 3432 1680 κανονικῶν
3472 1626 3739 1695 διατάξεων

2190 1718 2571 1781 ύποτυπώσεις
2612 1719 2773 1773 εἰσίν.
2830 1719 2932 1782 Ἀς
2993 1718 3088 1773 καὶ
3149 1718 3410 1788 ἀσμένως
3469 1719 3735 1790 δεχόμενοι,

2189 1811 2327 1884 πρὸς
2353 1811 2444 1865 τὸν
2488 1811 2758 1883 δεσπότην
2805 1811 2938 1865 Θεὸν
2997 1812 3137 1883 μετὰ
3171 1808 3342 1866 Δαϐἱδ
3385 1811 3483 1865 τοῦ
3540 1813 3738 1882 amav-

2189 1922 2344 1974 τορος
2378 1904 2600 1975 ᾄδομεν,
2639 1904 2731 1959 Ἐν
2764 1906 2830 1975 τῇ
2856 1903 2959 1975 ὁδῷ
2992 1905 3101 1957 τῶν
3133 1903 3457 1977 μαρτυρίων
3488 1920 3577 1957 σου
3603 1906 3733 1976 ὲτέρ·

2190 1997 2355 2069 φθην,
2386 1996 2462 2061 ὡς
2496 1997 2590 2052 ἐπὶ
2618 1996 2782 2052 παντὶ
2820 1996 3058 2069 πλούτῳ.
3110 1998 3221 2051 Καὶ
3255 1995 3441 2062 αὖθις,
3483 1998 3731 2051 Ἐνετείλω

2190 2088 2559 2160 δικαιοσύνην.
2586 2089 2667 2143 Τά
2698 2087 2979 2159 μαρτύριά
3003 2105 3095 2143 σου
3136 2089 3217 2153 είς
3265 2088 3361 2144 τὸν
3411 2089 3598 2143 αίῶνα.
3627 2090 3732 2143 Συν-

2192 2181 2371 2236 ἐτισόν
2419 2199 2507 2253 με,
2541 2182 2638 2235 καὶ
2674 2180 2933 2252 ζήσομαι.
2989 2181 3102 2234 Καὶ
3121 2181 3283 2251 εἴπερ
3319 2181 3400 2244 είς
3439 2181 3527 2235 τὸν
3565 2181 3731 2247 αἰῶνα,

2194 2271 2488 2341 φυλάττειν
2527 2273 2659 2342 ἡμῖν
2691 2271 2997 2326 ἐντέλλεται
3032 2272 3067 2342 ἡ
3123 2270 3448 2342 προφητικὴ
3494 2273 3634 2342 φωνὴ
3674 2275 3728 2325 τά

2196 2362 2476 2435 μαρτύρια
2526 2364 2621 2417 τοῦ
2649 2362 2808 2427 Θεοῦ,
2843 2364 2935 2416 καὶ
2979 2362 3079 2434 ζῇν
3126 2363 3185 2417 ἐν
3236 2363 3450 2427 αὐτοῖς,
3484 2362 3627 2433 δῆλον
3672 2362 3730 2427 ὡς

2194 2455 2534 2528 ἁκράδαντα.
2582 2456 2694 2509 Kal
2749 2455 3027 2509 άσάλευτα
3061 2454 3419 2524 διαμένουσιν
3448 2472 3461 2486 ·
3496 2456 3573 2508 ὅτι
3613 2454 3729 2508 οὕτω

2196 2548 2331 2617 φησὶ
2347 2550 2440 2601 καῖ
2457 2550 2485 2602 ὁ
2506 2546 2735 2617 θεόπτης
2761 2548 3020 2619 Μωῦσῆς,
3038 2546 3127 2604 Ἐν
3144 2548 3329 2612 αὐτοῖς
3347 2547 3445 2601 οὐκ
3461 2547 3569 2600 ἔστι
3594 2563 3731 2618 προσ-

2198 2639 2390 2704 θεῖναι,
2420 2640 2517 2693 καὶ
2536 2639 2629 2692 ἀπ’
2663 2638 2842 2692 αὐτῶν
2866 2638 2966 2692 οὐκ
2989 2637 3134 2691 ἐστιν
3158 2638 3408 2707 ἀφελεῖν.

2268 2732 2486 2787 Τούτων
2522 2732 2702 2787 τοίνυν
2753 2730 2922 2796 οὕτως
2953 2731 3123 2785 ὄντων
3156 2731 3249 2784 καὶ
3282 2731 3727 2803 διαμαρτυρουμέ·

2196 2843 2303 2880 νων
2342 2827 2492 2897 ἡμῖν,
2532 2823 2930 2894 ἀγαλλιώμενοι
2982 2824 3070 2877 ἐπ’
3100 2825 3308 2890 αὐτοῖς,
3342 2824 3418 2889 ὡς
3443 2824 3498 2877 εἴ
3519 2842 3595 2888 τις
3617 2824 3726 2896 εὖρη

2198 2916 2371 2971 σκῦλα
2398 2916 2589 2982 πολλὰ,
2611 2916 2737 2981 τοὺς
2764 2915 2942 2979 θείους
2972 2916 3260 2978 ἀσπασίως
3293 2915 3525 2980 κανόνας
3544 2918 3728 2985 ὲνστερε

2198 3009 2479 3081 νιζόμεθα,
2510 3010 2604 3062 καὶ
2656 3009 2755 3078 τὴν
2807 3008 2985 3062 αὐτῶν
3031 3007 3296 3079 διαταγὴν
3351 3007 3624 3079 ὁλόκληρον
3652 3011 3726 3062 καὶ

514 3111 844 3154 concussam
872 3109 1093 3150 manere
1121 3101 1236 3148 toto
1263 3092 1447 3146 animo
1472 3091 1724 3162 eligimus
1746 3088 1790 3145 τ.
1823 3088 2089 3156 Quoniam

2200 3103 2496 3156 ἀσάλευτον
2548 3099 2731 3171 μένειν
2760 3099 3042 3170 όλοψύχως
3083 3099 3410 3169 αἱρούμεθα.
3444 3102 3546 3155 Καὶ
3572 3100 3727 3168 ἐπειδὴ

518 3199 700 3245 autem
747 3186 1047 3243 nonnullos
1086 3200 1301 3251 eorum,
1330 3183 1423 3255 qui
1454 3192 1583 3239 sunt
1617 3185 1670 3237 in
1702 3184 1850 3237 clero
1885 3181 2094 3236 consti-

521 3282 643 3347 tuti,
669 3282 927 3342 novimus
954 3277 1315 3334 saecularibus
1355 3276 1591 3346 negotiis
1622 3287 1813 3329 contra
1854 3288 2095 3330 canones

522 3386 584 3428 se
636 3371 949 3441 implicare;
1000 3370 1101 3423 bos
1150 3368 1392 3437 quidem,
1440 3369 1753 3432 domorum,
1802 3368 2097 3437 magistra-

526 3471 702 3525 tuum,
740 3463 822 3517 vel
860 3461 1279 3531 posscssionum
1315 3460 1631 3517 curationes
1666 3460 2098 3515 administratio-

524 3567 732 3621 nesque
778 3550 1181 3619 suscipientes;
1219 3551 1343 3606 illos
1377 3564 1529 3613 vero,
1558 3550 1722 3603 etiam
1757 3550 2095 3620 publicorum

523 3642 871 3711 vectigalium
915 3641 1253 3707 exactiones,
1300 3641 1383 3696 vel
1430 3642 1662 3695 aliorum
1710 3641 1976 3710 capitum,
2011 3639 2099 3694 vel

523 3749 736 3796 earum,
774 3748 896 3805 quae
936 3732 1165 3788 navibus
1213 3740 1503 3803 portantur
1561 3732 1868 3802 specierum
1921 3732 2100 3802 inqui-

524 3827 754 3882 sitiones
776 3828 824 3892 ε,
883 3826 968 3881 vel
1027 3825 1458 3896 colligendarum
1521 3826 1873 3896 pecuniarum
1934 3826 2103 3879 ratio-

526 3932 768 3988 nuntque
806 3917 1207 3973 reddendarum
1257 3931 1507 3984 munera,
1535 3917 1619 3971 vel
1655 3916 1878 3988 aliquod
1909 3915 2103 3987 hujus-

523 4012 674 4067 modi
704 4010 962 4075 oﬂieium,
1004 4026 1111 4065 non
1143 4010 1197 4065 in
1229 4010 1647 4074 ecclesiasticis,
1678 4009 1774 4065 sed
1827 4008 2104 4065 saeculari-

526 4105 630 4165 bus
671 4106 926 4176 negotiis,
963 4104 1354 4173 nonnullisque
1391 4102 1420 4143 ιι
1465 4117 1655 4158 eorum
1705 4103 1895 4159 civiles
1939 4103 2101 4157 etiam

528 4196 884 4267 magistratus
958 4195 1366 4267 dignitatesque
1426 4210 1550 4251 esse
1612 4195 1903 4251 attributas
1957 4213 1972 4251 :
2023 4195 2104 4251 eis

527 4290 879 4365 praecipimus
928 4297 982 4343 ut
1033 4289 1291 4357 deinceps
1335 4297 1556 4343 cessent
1592 4304 1623 4343 a
1664 4289 1938 4360 praedictis
1982 4305 2103 4345 om-

529 4383 728 4447 nibus;
767 4380 820 4440 in
869 4379 1262 4439 ecclesiasticis
1300 4387 1483 4435 autem
1527 4382 1760 4451 negotiis
1805 4381 2105 4453 oﬂiciisque

527 4483 860 4535 versentur,
906 4469 1014 4523 nisi
1069 4468 1241 4523 velint
1280 4470 1366 4532 ei,
1413 4484 1534 4538 quae
1578 4472 1755 4526 sacris
1794 4472 2105 4543 divinisque

529 4561 843 4617 canonibus
884 4560 1113 4630 placuit,
1160 4562 1365 4631 gradus
1408 4576 1569 4629 quem
1612 4562 1810 4625 habent
1852 4566 2106 4620 ecclesia-

530 4653 680 4720 stici,
711 4652 1046 4724 depositioni
1094 4652 1313 4720 subjici.
1343 4651 1458 4707 Etsi
1495 4653 1639 4708 enim
1671 4654 1830 4724 longa
1873 4669 2105 4711 consue-

532 4744 724 4800 tudine
787 4743 1012 4814 quidam
1069 4759 1127 4799 se
1168 4743 1479 4799 conﬁrmari
1533 4745 1872 4815 stabilirique
1913 4747 2105 4806 existi-

535 4848 710 4905 mant,
752 4836 897 4910 quod
944 4852 1054 4893 non
1099 4837 1257 4911 pauci
1291 4845 1422 4891 ante
1450 4853 1547 4893 eos
1579 4837 1670 4891 illa
1710 4840 2099 4912 susceperint:

538 4942 802 5006 praeterea
861 4937 1042 4985 autem
1090 4930 1282 4983 dicunt
1327 4928 1634 4998 imperiales
1676 4930 2111 4987 administratio-

537 5038 658 5088 nes,
686 5022 1087 5091 saacularesque
1125 5021 1446 5092 dignitates,
1487 5033 1543 5077 et
1573 5020 1771 5089 olIlcia,
1799 5024 2110 5095 similiaque

535 5131 765 5176 munera
815 5124 870 5171 et
922 5115 1298 5187 magistratus,
1334 5114 1566 5171 sacratis
1610 5115 1928 5173 hominibus
1971 5133 2112 5174 com-

538 5206 777 5269 missos,
835 5204 1177 5276 processisse
1228 5221 1243 5259 :
1299 5220 1409 5258 non
1465 5211 1646 5260 tamen
1701 5208 1987 5262 trahentur
2044 5208 2111 5262 ad

534 5297 869 5368 exemplum.
915 5297 1054 5364 Quia
1094 5297 1276 5351 enim1
1332 5306 1418 5352 est
1467 5297 1603 5352 citra
1651 5300 2109 5366 controversiam,

537 5402 638 5444 nec
682 5402 876 5445 saeros
913 5402 980 5443 ac
1005 5387 1222 5443 divinos
1247 5388 1315 5445 de
1342 5389 1410 5446 iis
1439 5403 1681 5447 canones
1710 5390 2055 5447 intercidisse
2089 5410 2104 5448 :

2194 3194 2302 3249 τῶν
2332 3196 2391 3247 ὲν
2414 3193 2601 3266 κλήρῳ
2637 3194 2987 3264 τεταγμένων
3015 3192 3167 3257 τινὰς
3195 3193 3446 3266 ἔγνωμεν
3478 3194 3725 3264 πράγμασι

2196 3289 2481 3357 κοσμικοῖς
2529 3286 2907 3357 ἐμπλέκοντας
2962 3286 3336 3353 ἀκανονίστως
3380 3286 3610 3344 ἑαυτούς·
3651 3284 3726 3345 οὓς

2200 3381 2324 3454 μὲν,
2373 3380 2786 3452 κουρατωρείας
2832 3381 2926 3434 καὶ
2974 3382 3304 3453 προνοήσεις
3330 3380 3493 3434 οἴκων
3518 3380 3727 3450 άρχοντι·

2196 3474 2311 3528 κῶν
2343 3474 2377 3546 ἢ
2412 3473 2706 3544 κτημάτων
2760 3471 3261 3544 ἀναλαμϐάνοντας·
3297 3472 3395 3535 οὓς
3434 3473 3510 3536 δὲ,
3545 3472 3630 3523 καὶ
3653 3468 3726 3535 δῃ-

2201 3570 2410 3640 μοσίων
2452 3565 2625 3620 τελῶν
2675 3564 3080 3637 είσπράξεις,ἢ
3124 3565 3448 3634 κεφαλαίων
3478 3558 3719 3633 ἑτέρωνῂ

2201 3660 2477 3727 ἐξελάσεις
2528 3659 2790 3729 πλωῖμων
2815 3698 2830 3723 ,
2893 3658 2925 3730 ἢ
2960 3658 3024 3729 δὴ
3048 3659 3141 3712 καὶ
3176 3658 3521 3729 ἀναγραφὰς,
3556 3654 3727 3723 ἠλογο-

2203 3751 2468 3822 ποιίας,ἢ
2519 3752 2613 3805 καὶ
2666 3752 2856 3822 ἑτέραν
2890 3751 3081 3820 ὁμοίαν
3136 3750 3479 3821 ἐνέργειανοο
3515 3750 3606 3801 ούκ
3654 3745 3726 3797 ἐπὶ

2204 3846 2522 3917 πράγμασιν
2552 3843 3045 3914 ἐκκλησιαστικοῖς,
3091 3843 3228 3897 ἀλλὰ
3262 3846 3560 3914 κοσμικοῖς·
3587 3839 3725 3899 ἐνίους

2203 3935 2261 3990 δὲ
2291 3934 2386 3988 καὶ
2409 3933 2568 3997 ἀξίας
2599 3950 2659 3986 τε
2691 3932 2786 3986 καὶ
2828 3932 3021 4002 ἀρχὰς,
3055 3934 3167 3995 τοῖς
3201 3932 3306 4002 τῆς
3338 3929 3597 3993 πολιτείας
3621 3930 3727 3981 ἀπο-

2206 4026 2598 4098 νενεμημένας·
2643 4026 2754 4087 τοῖς
2784 4027 3047 4089 τοιούτοις
3086 4024 3526 4096 παρεγγυώμεθα
3550 4060 3564 4084 ,
3615 4020 3725 4073 παῦε

2207 4119 2403 4173 σασθαι
2458 4116 2551 4172 τοῦ
2605 4115 2796 4173 λοιποῦ
2851 4116 2961 4171 τῶν
3012 4117 3321 4188 εἰρημένων
3354 4117 3609 4175 ἁπάντων,
3633 4113 3726 4165 ταῖς

2205 4212 2685 4284 ἐκκλησιαστικαῖς
2736 4209 2793 4263 δὲ
2841 4210 3054 4281 χρείαις
3104 4211 3538 4281 προσευκαιρεῖν.
3576 4207 3630 4260 El
3667 4205 3724 4274 μὴ

2209 4304 2488 4375 βούλοιντο
2534 4306 2602 4375 τῇ
2658 4303 2956 4376 δεδογμένῃ
2988 4305 3102 4366 τοῖς
3143 4302 3310 4366 θείοις
3343 4303 3435 4356 καὶ
3474 4303 3622 4371 lepor:
3652 4311 3728 4349 κα·

2207 4396 2324 4451 νόσι
2358 4394 2675 4465 καθαιρέσει
2701 4392 2795 4448 τοῦ
2844 4394 3140 4465 προσόντος
3166 4394 3352 4458 αὐτοῖς
3386 4391 3726 4460 ῖκκλητιαστι·

2211 4487 2309 4542 κοῦ
2342 4484 2553 4557 βαθμοῦ
2602 4486 2910 4555 ὑπαγαγεῖν
2944 4484 3193 4550 ἑαυτούς.
3235 4485 3300 4539 Et
3328 4483 3437 4554 γάρ
3461 4483 3548 4537 καὶ
3575 4473 3727 4550 μακρᾷ

2211 4578 2470 4651 συνηθείᾳ
2494 4577 2819 4649 ἑδράζεσθαί
2849 4595 2993 4641 τινες
3024 4578 3248 4646 οῐονται,
3275 4575 3493 4632 τοιαῦτα
3522 4572 3726 4645 μετιέναι

2209 4672 2305 4726 καὶ
2336 4671 2444 4742 πρὸ
2488 4671 2669 4725 αὐτῶν
2700 4671 2801 4724 ούκ
2830 4670 3070 4739 ὀλίγους,
3103 4669 3240 4741 πρὸς
3272 4670 3330 4725 δὲ
3362 4668 3455 4722 καὶ
3486 4659 3726 4735 βασιλικάς

2209 4780 2344 4834 φασι
2383 4763 2655 4834 προϐῆναι
2683 4762 3018 4834 οἰκονομίας,
3058 4762 3411 4823 ἀνατεθείσας
3435 4754 3723 4828 ἱερωμένωςν

2207 4859 2362 4925 ἀξίας
2388 4874 2450 4909 τε
2491 4858 2763 4926 κοσμικὰς
2794 4854 2890 4912 καὶ
2914 4853 3166 4924 όφφίκια,
3194 4852 3229 4924 ἢ
3256 4851 3525 4924 ἐνεργείας
3550 4844 3723 4915 ὁμοίας.

2210 4951 2319 5009 εἴτε
2355 4945 2550 5018 ἀρχάςο
2573 4944 2692 5005 αλλ’
2718 4945 2818 5016 οὐχ
2847 4944 3270 5014 ἑλκυσθήσονται
3295 4944 3426 5013 πρὸς
3447 4938 3722 5003 ὑπόδειγμα.

2220 5039 2441 5109 Ἐπειδὴ
2472 5036 2580 5106 γάρ
2604 5034 2718 5095 οὐθ’
2771 5035 2862 5088 ὑπ’
2918 5034 3248 5105 άμφιὸολίαν
3284 5037 3333 5089 ot
3394 5032 3515 5101 περὶ
3555 5024 3724 5079 τούτων

2213 5131 2352 5202 ἱεροὶ
2407 5129 2504 5181 καὶ
2551 5128 2687 5182 θεῖοι
2732 5126 2956 5189 κανόνες
2981 5126 3198 5191 ἔπεσον,
3223 5124 3347 5181 οὕτε
3379 5116 3641 5191 δοκιμασία
3660 5126 3722 5171 τις

2208 5222 2306 5276 καὶ
2330 5221 2621 5290 διάγνωσις
2663 5218 2940 5293 ἔγγραφος
2989 5219 3329 5290 προϐεϐήκει
3368 5214 3510 5290 παρά
3554 5228 3608 5269 τι
3650 5204 3722 5260 τοῦ

2213 5312 2353 5366 κατὰ
2378 5311 2569 5382 καιρὸν
2584 5312 2651 5363 τά
2668 5314 2766 5383 τῆς
2791 5310 3071 5382 βασιλείας
3103 5313 3354 5383 σκῆπτρα
3369 5310 3637 5366 διέποντος.
3660 5297 3722 5351 ἔτι

2212 5402 2268 5455 δὲ
2286 5402 2380 5455 καὶ
2411 5401 2730 5471 ἁγιωτάτων
2765 5402 3119 5475 πατριαρχῶν
3152 5402 3248 5457 καὶ
3271 5402 3512 5465 συνόδων,
3539 5393 3721 5451 τούτους

1870 5533 2104 5591 VARUS
2144 5537 2553 5596 LECTllﬂN’ES.

610 5619 833 5697 ltuatui
894 5636 931 5697 γε
964 5628 1323 5697 occupatione,

1428 5627 1455 5669 δ
1488 5644 1581 5698 per
1636 5640 1947 5699 promentem
2041 5644 2065 5672 ο
2102 5635 2574 5702 interlocutionem,

2691 5639 2710 5679 ί
2735 5652 2982 5710 optamus
3058 5643 3086 5683 ε
3116 5642 3508 5711 descriptionum
3543 5633 3593 5711 ⁸ιι
3614 5643 3722 5682 non-

541 5691 716 5782 rtullos
762 5696 1020 5782 fluviique.
1090 5691 1229 5782 tam.
1267 5691 1592 5782 dignitates,_
1625 5691 1782 5782 quam
1840 5704 2205 5782 magistratus,
2268 5711 2337 5760 ad
2390 5691 2620 5782 homines
2679 5691 3581 5782 ροιῖιὶὶὁῖρετιίιὶέῐῖἱέεΐ’⁷ί⁷ρατσ
3612 5711 3718 5754 ""m

540 5776 632 5814 nec
662 5767 712 5816 in
749 5766 965 5820 dubium
1005 5772 1173 5824 :anctt’
1196 5771 1258 5825 de
1296 5766 1359 5824 iis
1390 5789 1452 5825 ac
1483 5766 1650 5825 dirini'
1680 5789 1903 5827 canones
1931 5766 2122 5827 'vocatt‘
2175 5766 2322 5843 sunt,
2361 5794 2452 5832 nec
2486 5781 2619 5834 ulla.
