3950 6648
173 467 265 536 ’131

1465 420 2191 520 οιιΑιρο-ιιοιιΑΝυΜζ

3317 457 3423 520 782

175 582 414 653 ἑνορίαν,
453 575 824 648 κατεχομένην
878 574 986 629 ύπδ
1035 572 1131 626 τοῦ
1188 569 1513 624 ἐπισκόπουο
1546 569 1581 639 ἡ
1616 566 1743 620 σύν-

1881 565 2137 621 essoris!
2167 578 2276 619 non
2305 563 2423 619 lmdi
2455 561 3018 636 archiepiscopatum,
3057 574 3254 637 praeter
3294 583 3424 624 scn-

175 675 287 741 οδος
323 674 668 743 ἀπεφήνατο,
721 669 796 738 μὴ
852 664 1334 737 καταρλάπτεσθαι
1365 662 1463 734 τὴν
1492 663 1748 731 ἁρχιεπι-

179 764 385 835 σκοπὴν
414 764 473 830 ἐξ
504 754 583 815 ὧν
609 764 636 814 ό
659 759 865 827 ταύτης
899 755 1163 827 πρόεδρος
1187 755 1390 826 ἔπραξε
1425 752 1576 824 παρᾶ
1603 747 1748 819 γνώ-

1854 657 2081 710 tentiam
2141 670 2368 711 suorum
2427 656 2775 723 clericorum,
2831 664 2887 711 et
2942 671 3152 729 magna:
3207 660 3423 730 synodi.

1854 744 2100 803 Fuerunt
2120 757 2143 786 ι
2164 757 2217 803 et
2241 749 2407 802 multa
2430 748 2745 816 hujusmodi
2772 751 2875 805 alia
2895 751 3425 823 synodaliajudicia.

178 875 280 931 μην
305 857 417 912 τῶν
457 856 678 909 οἰκείων
729 851 1009 924 κληρικῶν
1063 851 1157 905 καὶ
1205 850 1303 920 τῆς
1344 849 1587 920 μεγάλης
1628 844 1863 902 συνόδου.
1893 844 2154 912 Γεγόνασι
2192 843 2249 897 δὲ
2307 844 2403 897 καὶ
2464 843 2617 897 ἄλλαι
2682 844 2872 898 πολλαὶ
2913 844 3158 899 τοιαῦται
3218 846 3427 917 κρίσεις

180 944 479 1001 συνοδικαί.

181 1042 250 1095 Z'.
277 1038 422 1107 Περὶ
468 1035 588 1090 τῶν
626 1012 1092 1157 μαρτυρούνέἑυν
1132 1033 1281 1087 κατὰ
1344 1027 1754 1102 πνευματικοῦ

847 1119 951 1157 παι
1028 1123 1081 1157 c.

847 1119 1081 1169 παιοος.

257 1201 320 1253 Ὅ
368 1197 674 1268 άγιώτατος
711 1195 1054 1268 πατριάρχης
1084 1192 1271 1263 κύριος
1312 1195 1551 1260 Λουκᾶς,
1578 1192 1755 1246 ἐπιτι-

184 1291 289 1363 μίῳ
321 1286 781 1357 άλειτουργησίας
824 1285 1171 1340 καθυπέϐαλε
1219 1285 1312 1339 τὶν
1344 1284 1759 1356 καθηγούμενον

179 1384 275 1454 τῆς
303 1382 477 1452 μονῆς
516 1377 614 1432 τοῦ
643 1377 1066 1448 γηροτροφείου,
1096 1377 1187 1430 τὸν
1220 1377 1481 1446 γεγονότα
1506 1376 1759 1447 ἁρχιεπί-

182 1489 384 1528 σκοπον
417 1468 771 1542 Ἡρακλείας,
798 1468 1041 1523 τοιοῦτόν
1068 1485 1120 1523 τι
1148 1469 1578 1539 μαρτυρήσαντα
1620 1463 1763 1520 κατᾶ

182 1563 561 1637 πνευματικοῦ
594 1561 784 1627 παιδὸς
827 1559 1015 1615 αὐτοῦ.

179 1655 259 1713 Η’.
294 1656 435 1725 Περὶ
460 1655 567 1710 τοῦ
600 1654 750 1707 κατὰ
772 1653 922 1718 ,Βίαν
948 1649 1362 1719 ἁποκαρέντος
1400 1648 1760 1704 ἐπισκόπου.

247 1748 358 1802 Τοῦ
387 1745 828 1819 χρηματίσαντος
864 1743 1163 1796 ἐπισκόπου
1206 1743 1531 1812 ⁹Αμυκλιείου
1562 1741 1756 1813 κυρίου

180 1840 450 1896 Νικολάου
499 1836 594 1892 τοῦ
640 1835 998 1900 Μουζάλωνος
1046 1834 1187 1888 κατὰ
1219 1833 1336 1891 βίαν
1387 1834 1764 1906 πρακτορικὴν

1855 1022 1968 1078 VII.
2018 1022 2094 1078 De
2141 1022 2247 1088 iis,
2291 1022 2381 1091 qui
2430 1022 2778 1145 testificlantar
2824 1030 3010 1077 contra
3050 1023 3223 1093 [ilium
3267 1026 3429 1095 spiri-

2571 1110 2600 1145 a
2626 1110 2727 1145 em.

2571 1110 2727 1146 atem.

1931 1183 2330 1240 Sanctissimus
2359 1183 2669 1255 patriarcha
2707 1183 2963 1239 dominus
3003 1185 3180 1242 Lucas
3207 1202 3432 1244 excom-

1860 1275 2254 1333 municationis
2338 1291 2511 1347 poena:
2576 1276 2812 1344 subjecit
2891 1280 3209 1333 monasterii
3275 1295 3433 1349 geru-

1861 1370 2066 1440 trophii
2128 1368 2495 1439 praefectum,
2551 1369 2645 1439 qui
2700 1366 2881 1423 fuerat
2934 1372 3430 1443 areltiepiscopus'L

1860 1461 2155 1526 Heracleae.
2187 1462 2331 1532 quod
2371 1463 2475 1515 tale
2507 1460 2881 1516 testimonium
2919 1463 3135 1520 tulisset
3165 1466 3433 1524 adversus

1858 1568 2020 1608 suum
2058 1552 2361 1622 spiritalem
2396 1552 2586 1606 ﬁlium.

2157 1644 2289 1698 Vlil.
2331 1642 2403 1697 De
2434 1645 2671 1713 episcopo
2698 1661 2792 1715 per
2821 1647 2926 1700 vim
2957 1654 3127 1702 tonso.

1932 1736 2067 1792 Cum
2100 1736 2357 1791 dominus
2388 1734 2648 1792 Nicolaus
2694 1737 2968 1800 Muzalon,
2998 1739 3090 1808 qui
3127 1740 3434 1811 Amyclaeos

1858 1831 2152 1901 episc0pus
2178 1829 2358 1884 dictus
2389 1836 2493 1892 est,
2521 1829 2571 1882 vi
2600 1843 2629 1882 a
2661 1829 3026 1898 magistratub
3053 1841 3243 1887 tonsus
3266 1843 3433 1901 esset,

184 1932 575 2004 ἁποκαρέντος,
607 1931 701 1984 καὶ
731 1926 900 1981 πολλὰ
938 1926 1483 1999 παρακλητεύσαντος
1516 1928 1601 1980 τὸ”
1624 1926 1762 1980 κατὰ

1878 1932 1923 1978 at
1954 1924 2183 1993 supplex
2211 1921 2592 1987 contenderet,
2633 1931 2690 1976 ut
2718 1923 2864 1992 quod
2894 1924 2944 1978 vi
2968 1926 3024 1979 in
3059 1941 3183 1980 eum
3221 1926 3431 1983 factum

186 2024 307 2095 βίαν
328 2021 552 2092 γεγονὸς
568 2023 647 2084 είς
666 2018 846 2084 αὐτὸν,
865 2017 1303 2090 περιαιρεθῆναι,
1322 2018 1415 2072 καὶ
1432 2017 1595 2071 πάλιν
1612 2019 1694 2071 ὲνε
1703 2035 1760 2088 ρ-

184 2119 301 2186 γεῖν
330 2116 401 2170 τὰ
449 2113 807 2168 ὲπισκοπικά’
854 2114 881 2165 6
921 2112 1223 2181 ἁγιώτατος
1254 2114 1459 2177 ἐκεῖνος
1495 2111 1763 2183 πατριάρ-

186 2226 289 2281 χης
329 2207 530 2281 κύριος
570 2209 821 2269 Λουκᾶς,
864 2205 1074 2276 βλέπων
1109 2207 1295 2260 τοῦτον
1326 2205 1773 2278 παρουσιάζοντα

190 2302 330 2372 μετὰ
384 2301 766 2354 ὲπισκοπικῶν
798 2300 1021 2369 ἁμερίων
1071 2299 1385 2363 συνοδικῶς,
1421 2299 1481 2351 ού
1523 2297 1764 2370 παρεδέο·

189 2390 319 2457 ξατο
355 2390 540 2444 αὐτόν’
593 2387 785 2452 εἰπὼν,
816 2389 891 2450 ὡς
924 2392 972 2441 εί
1007 2388 1106 2459 μὲν
1145 2389 1243 2460 τὴν
1290 2387 1571 2461 συνοδικὴν
1617 2388 1762 2443 ἐκδί-

188 2497 349 2551 κησιν
384 2480 483 2534 καὶ
528 2478 811 2551 διόρθωσιν
868 2478 1171 2547 ἀνέμεινεν.
1203 2482 1232 2533 6
1262 2478 1579 2546 ἐπίσκοπος,
1606 2473 1765 2552 εὗρεν

189 2573 254 2625 ἂν
285 2571 579 2640 κανονικὴν
614 2570 887 2642 βοήθειαν·
916 2570 1037 2622 ἐπεὶ
1073 2568 1131 2624 δὲ
1172 2568 1241 2623 τὰ
1269 2570 1407 2623 κατᾶ
1445 2570 1566 2640 βίαν
1610 2588 1758 2641 περι-

189 2664 456 2733 ϐληθέντα
518 2661 670 2735 αὐτῷ
727 2661 1001 2733 μοναχικά
1033 2661 1234 2730 ἄμφια,
1273 2662 1626 2725 ἀσυντάκτως
1655 2664 1764 2715 ἀπο

190 2756 365 2822 έθετο,
402 2756 501 2810 καὶ
532 2755 922 2825 αὺτεκδίκητος
975 2753 1221 2822 γέγονεν,
1259 2753 1322 2808 ού
1355 2752 1602 2818 τεύξεται
1642 2756 1767 2825 βοη-

191 2847 362 2910 θείας.
408 2846 572 2900 Ἀλλὰ
602 2846 696 2899 τοῦ
727 2845 1033 2913 άγιωτάτου
1063 2844 1405 2915 πατριάρχου
1448 2844 1639 2898 τούτου
1670 2862 1761 2915 μευ

192 2939 492 3000 διαστάντος
525 2936 667 3007 πρὸς
704 2935 930 3007 Κύριον,
988 2937 1016 2989 ὁ
1074 2936 1190 3005 μετ’
1224 2937 1434 2987 ἐκεῖνον
1466 2933 1766 3001 άγιώτατος

194 3029 546 3099 πατριάρχης
575 3025 763 3096 κύριος
796 3024 1037 3095 Μιχαὴλ,
1076 3023 1176 3094 τὴν
1227 3024 1324 3092 μὲν
1353 3021 1495 3076 κατὰ
1528 3022 1647 3092 βίαν
1677 3039 1769 3091 γε-

194 3123 430 3192 νομένην
457 3119 786 3189 ἁπόκαρσιν,
811 3119 885 3181 ὡς
917 3116 1050 3188 μηδὲ
1069 3114 1366 3188 γενομένην
1389 3114 1763 3186 λογιζομένην,

199 3214 485 3283 ὲσχόλασε’
520 3212 610 3265 τὸν
654 3211 711 3264 δὲ
762 3210 1081 3273 ἐπίσκοπον,
1112 3208 1188 3270 ὡς
1236 3207 1648 3279 ὁλιγωρὴσαντα
1676 3207 1770 3260 καὶ

1865 2023 2003 2077 erat,
2035 2014 2345 2078 tolleretur;
2375 2019 2429 2066 ct
2476 2013 2791 2083 episcopale
2838 2029 3034 2070 rursus
3078 2030 3278 2070 munus
3318 2016 3438 2072 obi-

1863 2114 1948 2159 ret
1978 2121 1991 2158 :
2027 2101 2410 2157 sanctissimus
2445 2100 2538 2154 ille
2578 2103 2893 2171 patriarcha
2941 2102 3195 2159 dominus
3240 2103 3436 2169 Lucas,

1867 2192 2078 2257 videns,
2108 2206 2232 2246 eum
2259 2205 2383 2245 cum
2410 2191 2659 2247 vestibus
2688 2191 3091 2263 episcopalibus
3113 2210 3436 2267 praesentem

1865 2283 2192 2353 synodiceC,
2223 2296 2333 2336 non
2382 2281 2606 2336 admisit
2636 2298 2651 2336 :
2690 2283 2903 2346 dicens,
2932 2285 3077 2352 quod
3116 2286 3164 2341 si
3201 2289 3440 2358 synoda-

1865 2377 1969 2431 lcm
1998 2377 2214 2448 quidem
2244 2372 2611 2430 sententiamd
2632 2384 2685 2430 et
2708 2376 3106 2433 correctionem
3127 2389 3440 2449 exspectas-

1864 2478 1947 2525 set
1992 2469 2283 2540 episcopus
2314 2510 2330 2534 ,
2379 2468 2705 2524 canonicum
2762 2450 3026 2524 auxilium
3080 2469 3383 2528 invenisset
3423 2490 3439 2529 :

1868 2562 1960 2617 sed
2016 2561 2145 2633 quia
2195 2567 2378 2615 vestes
2426 2562 2807 2628 monasticas,
2856 2560 3059 2631 quibus
3110 2563 3161 2616 vi
3214 2564 3443 2621 indutus

1869 2653 2067 2719 fuerat,
2098 2651 2409 2706 inordinate
2439 2651 2612 2717 exuit,
2642 2664 2697 2707 et.
2728 2652 2831 2707 sibi
2860 2651 2962 2721 ipsi
2988 2651 3080 2722 jus
3104 2654 3262 2720 dixit.
3285 2660 3444 2711 auxi-

1868 2741 2000 2798 lium
2047 2758 2157 2798 non
2199 2725 2549 2811 assequetur.
2582 2741 2689 2798 Sed
2737 2759 2860 2798 cum
2904 2746 3293 2803 sanctissimus
3341 2749 3447 2804 iste

1867 2837 2183 2905 patriarcha
2229 2835 2296 2890 ad
2339 2834 2630 2890 Dominum
2673 2839 2981 2907 migrasset,
3014 2839 3064 2893 vi
3099 2840 3319 2911 quidem
3359 2844 3444 2897 fa-

1867 2936 2010 2982 ctam
2065 2937 2348 2982 tonsuram
2396 2937 2656 2999 tanquam
2726 2945 2835 2985 non
2897 2931 3096 2987 factam
3144 2943 3444 3004 reputans,

1869 3038 2159 3079 successor
2202 3025 2325 3093 ejus
2395 3025 2783 3082 sanctissimus
2826 3028 3144 3097 patriarcha
3188 3030 3448 3089 dominus

1869 3112 2120 3185 Michael,
2153 3118 2438 3172 abolevit:
2471 3118 2793 3190 episcopum
2851 3128 3057 3186 autem,
3105 3131 3162 3176 ut
3205 3124 3300 3195 qui
3340 3139 3442 3181 ne-

1871 3208 2077 3278 gligens
2102 3208 2315 3274 fuisset,
2341 3219 2391 3264 et
2422 3209 2527 3265 sibi
2549 3210 2643 3280 jus
2670 3211 2924 3281 dixisset,
2954 3212 3024 3269 ad
3057 3221 3273 3287 tempus
3298 3218 3450 3276 cele-

199 3288 399 3358 ιαυτδν
418 3302 811 3369 δικαιώσαντα,
843 3301 1109 3375 καιρικῆς
1136 3299 1599 3372 ,ἀλειτουργησίας
1650 3300 1770 3353 ἑπι-

1878 3300 2070 3356 brandi
2105 3302 2281 3358 oli'icio
2317 3305 2619 3376 privavit‘.

200 3398 370 3466 τιμίῳ
407 3393 667 3449 ὑπέϐαλε.

192 3490 274 3543 8‘.
323 3487 466 3558 napi
506 3487 612 3543 τοῦ
647 3484 733 3557 μὴ
765 3483 1180 3611 ﬁgitﬁgit:
1255 3483 1436 3553 ὅρκον
1460 3481 1569 3537 τὸν
1627 3481 1775 3538 ὄντα

808 3574 839 3610 κ
1173 3596 1186 3610 .

808 3574 1060 3610 κανονισ
1063 3574 1168 3609 τον
1173 3596 1186 3610 ι

268 3649 430 3715 me;
481 3646 734 3718 εὐγενοῦς
768 3649 826 3701 ὲν
870 3647 1055 3719 ἡμέρᾳ
1100 3645 1261 3720 τρίτῃ
1309 3646 1440 3718 μιᾶς
1473 3644 1770 3718 ἑϐδομάδος

195 3742 448 3804 είπόντος
493 3740 629 3812 πρὸς
673 3738 762 3792 τὸν
804 3740 1063 3806 κραταιὸν
1099 3739 1193 3791 καὶ
1238 3736 1390 3805 ἆγιον
1430 3738 1586 3807 ἡμῶν
1616 3737 1773 3808 βασι-

194 3835 317 3897 λέα.
378 3833 455 3906 μὴ
510 3832 746 3904 ὀφείλειν
784 3830 1179 3904 κρεωφαγῆσαι
1214 3868 1229 3895 ,
1287 3827 1616 3898 τελουμένης
1680 3830 1773 3883 καὶ

195 3928 377 3982 ταῦτα
410 3925 505 3996 τῆι
550 3925 858 3996 γεννήσεως
906 3924 999 3977 τοῦ
1032 3921 1267 3996 Χριστοῦ
1304 3922 1396 3974 καὶ
1425 3919 1560 3973 Θεοῦ
1594 3919 1772 3990 ἡμῶν,

191 4019 289 4074 διὰ
339 4018 397 4071 :6
437 4016 813 4095 επομισρσθαι
867 4014 1148 4083 νηστεύειν
1192 4014 1289 4076 τὰς
1333 4011 1518 4083 τρίτας
1562 4013 1776 4081 ἡμέρας

198 4112 312 4165 τῶν
342 4110 478 4162 ὅλων
507 4108 613 4162 ὲϐδν
636 4109 821 4178 μάδων
874 4108 967 4162 τοῦ
1016 4106 1210 4177 χρόνου
1251 4106 1330 4167 είς
1371 4103 1536 4173 τιμὴν
1573 4103 1666 4156 τοῦ
1696 4121 1776 4156 τι·

204 4200 333 4273 μίου
367 4198 706 4269 Προδρόμου·
762 4194 961 4266 ὥρισεν
1017 4196 1044 4246 6
1093 4189 1382 4261 θεοστεφὴς
1418 4190 1571 4260 ἡμῶν
1618 4191 1776 4243 αύτο-

202 4292 436 4362 ιιρᾰτωρ
499 4286 795 4351 συνοδικῶς
833 4283 1178 4358 ἐρωτηθῆναι
1232 4283 1281 4335 εί
1339 4281 1620 4335 κανονικόν
1657 4284 1776 4334 ἐστι

199 4385 297 4432 τὸν
346 4381 511 4449 ὅρκον
538 4375 728 4430 τοῦτον
785 4375 1144 4446 φυλαχθῆναι,
1180 4371 1277 4427 καὶ
1312 4371 1410 4444 τὴν
1441 4373 1776 4443 Δεσποτικὴν

202 4471 404 4540 ἑορτὴν
458 4467 766 4538 πασχαλίαν
809 4467 993 4532 οὖσαν,
1043 4464 1491 4537 ἀπανηγύριστον
1524 4465 1771 4536 ὲαθῆναι.

202 4564 318 4616 Καὶ
344 4561 646 4630 γενομένης
697 4560 798 4629 τῆς
855 4561 1194 4631 ἐρωτήσεως,
1255 4560 1282 4611 6
1335 4555 1635 4626 ἁγιώτατος
1669 4574 1776 4611 πα-

2016 3479 2106 3536 ΙΧ.
2132 3479 2215 3536 Ne
2230 3482 2618 3552 jusjurandum
2647 3484 2944 3557 irregulare
2969 3497 3202 3545 servetur
3236 3494 3305 3549 θ’.

1945 3639 2082 3697 Cum
2106 3638 2329 3712 quidam
2362 3641 2564 3698 nobilis
2583 3644 2746 3700 tertio
2764 3644 2853 3701 die
2869 3649 2943 3686 0“
2967 3648 3134 3705 unius
3155 3650 3451 3707 hebdoma-

1876 3734 1962 3791 dis
1986 3734 2216 3790 dixisset
2256 3736 2464 3806 potenti
2484 3743 2539 3792 et
2559 3745 2753 3793 sancto
2784 3749 2979 3796 nostro
3016 3742 3357 3813 imperatori,
3391 3760 3451 3802 se

1878 3843 1990 3882 non
2039 3826 2238 3883 debere
2265 3842 2486 3885 carnem
2517 3830 2822 3895 comedere,
2853 3836 3106 3900 quamvis
3138 3834 3335 3891 festum
3365 3854 3454 3893 es-

1882 3925 1967 3975 set
2006 3918 2311 3975 nativitatis
2356 3919 2561 3976 Christi
2592 3929 2645 3975 et
2674 3919 2769 3976 Dei
2803 3925 3002 3989 nostri,
3032 3928 3177 3995 quod
3207 3928 3452 3996 jurasset

1878 4010 2074 4065 tertias
2105 4010 2270 4065 ferias
2308 4013 2550 4067 omnium
2581 4014 2709 4068 anni
2753 4014 3180 4084 hebdomadum,
3207 4035 3237 4072 a
3267 4024 3455 4075 carni.

1879 4102 1984 4157 bus
2013 4102 2290 4158 abstinere
2328 4103 2383 4158 iu
2415 4104 2672 4159 honorem
2703 4108 3035 4162 venerabilis
3063 4110 3450 4181 Praecursoris,

1881 4193 2075 4250 statuit
2108 4210 2137 4248 a
2165 4191 2278 4250 Deo
2305 4207 2606 4252 coronatus
2633 4211 2822 4255 noster
2863 4200 3183 4270 imperator,
3220 4206 3457 4275 synoda-

1881 4287 2009 4341 iiter
2041 4288 2397 4356 interrogari,
2422 4302 2492 4342 an
2536 4289 2608 4344 sit
2658 4291 3008 4356 canonicum,
3044 4293 3146 4348 hoc
3180 4295 3460 4365 jusjuran-

1880 4377 2011 4432 dum
2073 4378 2324 4445 servari,
2373 4388 2428 4434 et
2482 4379 2821 4437 Dominicum
2872 4383 3105 4449 festum,
3168 4388 3312 4456 quod
3372 4395 3458 4443 est

1880 4468 2167 4535 Paschale,
2202 4469 2600 4526 incelebratum
2650 4474 2944 4531 dimittere.
2982 4475 3050 4530 Et
3101 4476 3243 4535 facta
3281 4480 3458 4535 inter-

1884 4562 2190 4631 rogatione,
2241 4565 2629 4621 sanctissimus
2682 4567 2773 4623 ille
2818 4570 3157 4638 patriarcha,
3199 4573 3459 4630 dominus

203 4628 491 4724 τριόρχης
529 4628 761 4716 ἐκεῖνος
787 4628 974 4724 κύριος
1027 4651 1266 4713 Λουκᾶς.
1306 4650 1446 4720 μετὰ
1471 4650 1570 4719 τῆς
1601 4667 1770 4721 παρα·

1886 4628 2086 4720 Lucas,
2111 4668 2236 4708 cum
2277 4655 2508 4726 synodo,
2538 4672 2660 4726 quae
2700 4628 2906 4722 aderat,
2929 4674 3054 4715 cum
3093 4628 3323 4718 dixisset
3354 4628 3459 4720 ho;-

204 4744 481 4815 τυχούσης
518 4744 760 4808 συνόδου,
800 4742 970 4796 εἰπὼν
1031 4742 1232 4812 ἀγαθὸν
1271 4736 1409 4795 εἶναι
1458 4742 1552 4795 καὶ⁸
1583 4741 1644 4794 τὸ
1684 4754 1780 4813 v11—

207 4838 428 4893 στεύειν
459 4838 517 4891 ὲν
556 4838 717 4890 παντὶ
756 4836 963 4907 καιρῷ,
999 4839 1274 4906 ἐπήγαγεν
1312 4833 1387 4898 ὡς
1417 4834 1488 4887 .ού
1535 4834 1642 4906 χρὴ
1690 4835 1781 4889 τὸν

204 4930 453 4983 τοιοῦτον
484 4927 892 4999 προτιμηθῆναι
926 4926 1018 4979 τοῦ
1059 4926 1262 4995 Κυρίου
1297 4924 1393 4977 καὶ
1432 4923 1565 4977 Θεοῦ
1598 4925 1777 4994 ἡμῶν.

206 5020 275 5076 Εἰ
306 5022 417 5091 γὰρ
448 5020 498 5073 οἱ
526 5019 872 5072 ἀποστολικοὶ
914 5017 1135 5079 κανόνες
1169 5013 1452 5076 κολάζουσι
1489 5012 1581 5065 τὸν
1616 5016 1672 5068 ὲν
1708 5014 1787 5084 τῷ

206 5114 432 5181 τυχόντι
481 5110 745 5179 Σαίϐάτῳ
796 5108 916 5181 ἧτῇ
955 5109 1203 5178 κυριακῇ
1260 5104 1702 5173 γονυκλιτοῦντα,
1753 5105 1786 5177 ἢ

207 5199 567 5269 νηστεύοντα,
606 5197 785 5266 πολλῴ
819 5197 980 5249 πλέον
1020 5195 1413 5263 κολασθήσεται
1459 5194 1487 5247 6
1515 5194 1789 5264 νηστεύων

210 5290 358 5341 κατὰ
388 5288 490 5358 τὴν
522 5288 824 5359 πασχαλίαν
856 5288 945 5341 τοῦ
984 5286 1220 5357 Χριστοῦ
1253 5286 1466 5360 ἑορτήνο
1497 5286 1586 5340 διὰ
1617 5287 1675 5339 τὸ
1714 5286 1790 5357 μὴ

214 5378 601 5450 παροραθῆναι
643 5379 734 5432 τὸν
765 5379 1085 5451 αὐθαίρετον
1118 5378 1277 5448 ὅρκον
1328 5377 1515 5431 αὑτοῦ.
1556 5379 1663 5431 Καὶ
1699 5378 1786 5444 ἐξ·

213 5472 470 5542 εχώρησε
498 5470 573 5541 τῷ
607 5470 819 5541 εὐγενεῖ
844 5474 1254 5543 κρςιυφαγῆσαι.
1294 5470 1350 5523 ’0
1391 5469 1549 5534 αὐτὸς
1587 5471 1644 5523 δὲ
1687 5487 1794 5524 πα-

1888 4760 2018 4800 num
2070 4760 2193 4800 esse
2239 4747 2388 4800 omni
2438 4756 2682 4817 tempore
2719 4747 2985 4817 jejunare,
3022 4750 3318 4822 subjunxit'
3348 4770 3458 4811 non
3545 4777 3553 4781 ·

1888 4843 2144 4905 Oportere
2178 4838 2282 4891 hoc
2322 4837 2711 4908 jusjurandum
2758 4838 2987 4897 Domino
3029 4854 3084 4899 ct
3121 4844 3233 4901 Deo
3270 4857 3462 4903 nostro

1891 4928 2170 4998 praeferre.
2201 4928 2259 4984 Si
2283 4929 2431 4984 enim
2463 4933 2749 5001 apostolici
2788 4949 3030 4990 canones
3069 4938 3306 5005 puniunt
3332 4955 3460 4994 eum

1890 5017 1985 5086 qui
2015 5018 2070 5071 in
2114 5018 2313 5087 quovis
2346 5018 2609 5084 Sahbato,
2644 5022 2728 5076 vel
2759 5022 2849 5078 die
2880 5023 3163 5081 Dominico
3205 5042 3344 5099 genu
3370 5026 3465 5084 lic.

1891 5110 2011 5175 etit,
2050 5110 2131 5163 vel
2161 5110 2395 5178 jejunat,
2428 5115 2599 5166 multo
2631 5116 2806 5183 magis
2838 5118 3112 5185 punietur,
3145 5120 3236 5188 qni
3268 5110 3320 5173 in
3357 5119 3464 5175 Pa-

1893 5200 2067 5254 scltali
2116 5200 2322 5255 Christi
2365 5202 2503 5256 festo
2542 5203 2779 5272 jejunat,
2820 5221 2889 5261 ne
2914 5208 3300 5277 jusjurandum
3342 5225 3371 5263 a
3406 5226 3467 5267 se

1892 5292 2202 5346 voluntarie
2244 5303 2561 5362 susceptum
2607 5307 2941 5353 contemnat.
2973 5299 3037 5353 Et
3081 5301 3249 5355 nobili
3281 5301 3468 5354 carni-

1900 5383 2004 5438 bus
2037 5384 2180 5439 vesci
2228 5384 2498 5453 permisit.
2533 5387 2678 5442 ldem
2708 5400 2890 5444 autem
2923 5392 3232 5460 patriarcha
3258 5390 3467 5445 'l‘zitam

1903 5487 2123 5542 quoque
2174 5472 2512 5540 eunuchum,
2539 5474 2804 5546 juratum,
2832 5494 2892 5535 se
2933 5480 3003 5534 ad
3033 5488 3348 5537 sanctorum
3385 5480 3471 5534 lo-

1532 5611 1765 5668 VARUE
1805 5608 2210 5668 [.ECTIONES.

331 5772 361 5812 1
391 5762 633 5831 pra'sidis
649 5763 752 5818 sui.
902 5771 925 5801 ²
954 5759 1128 5815 Facta
1167 5768 1311 5816 sunt.

1463 5773 1486 5802 ⁸
1515 5777 1682 5831 parua:
1721 5763 2076 5831 suspensionis
2111 5780 2144 5817 a
2172 5763 2470 5818 ministerio
2503 5779 2655 5819 sacra
2677 5764 2895 5833 subjecit
2916 5766 3155 5821 abbatem
3179 5765 3475 5822 mansionis

229 5832 590 5899 Cerotrophii,
619 5835 707 5903 qui
746 5833 922 5902 factus
952 5842 1029 5888 est
1063 5832 1292 5899 archiep.
1369 5830 1398 5871 ι’
1448 5834 1495 5886 vi
1518 5830 1820 5903 'qua'sloria

1933 5844 1953 5872 ο
1992 5846 2309 5902 praesentem
2339 5836 2393 5905 in
2425 5836 2625 5902 synodo
2733 5835 2763 5905 ά,
2786 5837 3141 5905 defensionem

3255 5846 3475 5907 ,ραη

228 5906 591 5973 suspensionis
615 5919 645 5956 a
672 5904 968 5959 ministeria
1002 5918 1157 5958 sacro
1176 5903 1245 5957 ad
1266 5916 1465 5972 tempus
1498 5903 1740 5972 subjecit.
1769 5902 1829 5943 α*
1851 5915 2040 5957 contra
2074 5921 2298 5960 canones
2321 5903 2648 5973 facturus"
2667 5904 2801 5972 [cria
2835 5902 3008 5963 tertia.
