3950 6580
480 420 584 483 783

1786 425 1922 485 JUS
1954 423 2397 486 CANONICUM

3628 420 3730 484 τει

480 551 671 591 corum
727 536 1101 592 adorationezu
1148 536 1389 605 iturum;
1444 552 1568 595 cum
1621 539 1898 609 profectus
1942 555 2049 594 non

2161 538 2425 611 τριάρχης
2454 538 2547 593 κα)⁵
2582 538 2674 592 τῖιν
2707 536 2905 602 Τζίταν
2936 538 3027 593 τὸν
3054 536 3308 611 εὐνοῦχον
3347 538 3624 610 ὀμόσαντα
3652 543 3730 605 είς

481 637 646 689 esset,
688 637 749 682 nt
792 627 885 700 qui
921 629 1239 699 pauitantia
1283 629 1483 686 ductus
1518 640 1682 697 esset,
1720 632 2055 703 synodalitcr

483 735 511 773 a
546 720 788 791 perjurio
817 720 1087 785 absolvit;
1124 720 1384 776 mediocri
1415 737 1571 792 pmna
1621 723 1902 794 imposita,
1929 739 2053 779 cum

482 812 805 868 eun-ndans.

854 995 924 1049 X.
961 994 1039 1050 De
1066 996 1355 1052 homicidio
1384 998 1699 1055 voluntario.

551 1106 682 1158 Cum
714 1102 937 1173 quidam
974 1102 1130 1159 miles
1171 1104 1226 1160 in
1274 1106 1598 1163 voluntariae
1646 1108 1810 1165 caedis
1849 1110 2055 1167 crimen

481 1194 787 1259 incidisset,
817 1203 870 1250 et
899 1209 929 1250 a
969 1195 1207 1265 quodam
1234 1199 1506 1255 antististe
1541 1209 1663 1271 post
1695 1201 1850 1257 valde
1884 1202 2058 1258 modi-

481 1300 603 1338 cum
637 1295 851 1357 tempus
884 1285 1028 1341 datis
1068 1287 1288 1358 scriptis
1327 1288 1615 1346 absolutus
1663 1300 1833 1357 esset,
1863 1301 2057 1362 potens

481 1384 535 1430 et
560 1385 788 1433 sanctus
828 1387 1017 1433 noster
1051 1379 1350 1451 imperator
1382 1389 1435 1438 et
1463 1382 1740 1448 dominus,
1769 1383 1820 1439 id
1851 1383 2055 1441 factum

481 1486 622 1541 τετε
659 1472 857 1535 ferens,
890 1478 1083 1529 statuit
1126 1482 1371 1544 tempore
1403 1477 1736 1533 sanctissimi
1773 1478 1918 1534 illius
1960 1493 2057 1548 pa-

480 1565 737 1619 triarchae
766 1565 974 1619 domini
1013 1565 1191 1633 Lucae,
1222 1577 1279 1622 ut
1309 1567 1644 1638 synodaliter
1675 1569 2056 1625 considerare-

482 1663 592 1715 tur,
639 1671 708 1709 au
762 1664 911 1710 recte
956 1657 1032 1710 illi
1081 1658 1241 1712 militi
1293 1672 1552 1716 concessa
1603 1668 1750 1717 esset
1801 1676 1829 1715 a
1878 1661 2057 1733 pmnis

480 1747 775 1811 absolutio,
814 1757 965 1803 tanto
1018 1749 1071 1804 in
1120 1764 1244 1805 eum
1291 1752 1495 1816 studio,
1524 1760 1579 1808 et
1634 1768 1730 1823 per
1764 1754 2056 1824 quamdam

481 1852 589 1893 non
637 1839 1088 1906 misericordiam,
1118 1841 1214 1897 sed
1252 1843 1435 1915 potius
1479 1844 1646 1899 animi
1683 1841 2053 1900 affectionem.

2160 631 2530 703 προσκύνησιν
2574 630 2833 686 ἀπελθεῖν
2862 629 2969 685 τῶν
3014 632 3072 684 ἐν
3116 630 3513 701 Ἰεροσολύμοις
3562 630 3730 699 ἁγίων

2158 724 2363 787 τόπων,
2397 723 2491 776 καὶ
2533 722 2607 793 μὴ
2633 721 2961 783 ἀπελθόντα,
2994 722 3291 785 συνοδικῶς
3319 723 3383 775 ἐκ
3413 723 3514 792 τῆς
3544 723 3726 792 ἐπιορ-

2157 813 2283 877 κίας
2307 813 2581 880 ἀπέλυσε,
2638 813 2727 868 διὰ
2781 814 3003 886 μετρίου
3052 814 3326 885 ἐπιτιμίου
3385 814 3734 886 θεραπεύσας

2158 904 2339 959 αὐτόν.

2542 992 2600 1047 1⁸.
2635 994 2771 1062 Περὶ
2808 992 3094 1047 ἑκουσίου
3129 993 3341 1062 φόνου.

2230 1104 2570 1177 Στρατιώτου
2620 1104 2765 1169 τινὸς
2831 1106 3220 1178 περιπεσόντος
3271 1105 3521 1159 ἐκουσίου
3571 1107 3732 1175 φόνου

2158 1197 2325 1267 ἐγκλή
2338 1214 2489 1268 ματι,
2522 1199 2616 1249 καὶ
2643 1195 2796 1266 παρά
2825 1194 3126 1266 ἀρχιερέως
3152 1195 3298 1259 τινὸς
3341 1195 3481 1264 μετά
3510 1197 3733 1267 μέτριον

2160 1292 2302 1345 πάνυ
2333 1289 2520 1360 καιρὸν
2552 1290 2847 1359 ἐγγράφως
2874 1287 3248 1352 ἁθωωθέντος,
3279 1290 3306 1341 ὁ
3339 1288 3604 1359 κραταιὸς
3638 1288 3732 1342 καὶ

2159 1383 2317 1450 ἅγιος
2359 1381 2517 1452 ἡμῶν
2555 1381 2807 1451 βασιλεὺς
2840 1379 3170 1451 δυσχεράνας
3197 1378 3289 1432 ἐπὶ
3318 1380 3393 1449 τῷ
3430 1380 3729 1450 γενομένῳ,

2157 1473 2449 1544 διωρίσατο
2499 1474 2592 1527 ἐπὶ
2643 1473 2750 1527 τῶν
2784 1473 3011 1544 ἡμερῶν
3042 1470 3136 1524 τοῦ
3165 1472 3472 1539 ἀγιωτάτου
3519 1471 3731 1525 ἐκείνου

2160 1567 2500 1638 πατριάρχου
2554 1565 2744 1635 κυρίου
2771 1565 2977 1631 Λουκᾶ,
3030 1562 3371 1635 σκοπηθῆναι
3417 1563 3734 1628 συνοδικῶς,

2159 1655 2207 1709 εί
2241 1656 2422 1720 καλῶς
2452 1654 2529 1726 τῷ
2571 1653 2881 1728 στρατ.ὡτῃ
2929 1652 3362 1724 ἐπεφιλοτιμήθη
3396 1655 3430 1723 ἡ
3470 1653 3583 1706 τῶν
3611 1655 3736 1707 ἐπι-

2157 1750 2357 1819 τιμίων
2397 1747 2665 1814 ἀοὼωσις,
2692 1746 3254 1817 κατεσπουδασμένως
3280 1745 3445 1814 οὕτω,
3469 1746 3588 1812 καὶ,
3620 1742 3735 1801 οἷον

2160 1845 2358 1904 εἰπεῖν,
2409 1842 2471 1894 οὐ
2534 1841 2870 1912 συμπαθῶς,
2928 1841 3064 1895 ἁλλά
3099 1838 3455 1911 πῳσπαθῶς.
3514 1840 3624 1893 Τοῦ
3675 1840 3734 1892 δὲ

479 1933 616 1986 Cum
658 1941 840 1987 autem
889 1935 1124 1990 antistes
1168 1935 1259 1990 ille
1296 1952 1560 1992 canonem
1602 1945 1953 2008 proponeret,
1999 1946 2054 1992 et

2161 1934 2461 2004 ἀρχιερέως
2503 1932 2593 1985 τὸν
2618 1932 2842 1998 κανόνα,
2872 1931 3342 2002 προσαλλομένου,
3385 1932 3480 1985 καὶ
3507 1932 3735 2001 ἐτέρους

478 2026 640 2092 alios,
666 2025 1018 2083 moderantes
1046 2029 1230 2099 utique
1252 2044 1393 2093 eam,
1420 2045 1541 2098 qua:
1565 2030 1643 2085 illi
1668 2029 2052 2102 objiciebatur,

479 2120 705 2177 nimiam
742 2136 917 2192 preme
957 2122 1267 2190 levitatem;
1300 2132 1488 2180 sancta
1536 2125 1779 2197 synodus
1818 2140 2057 2181 canones

480 2209 749 2265 limitibus
807 2212 1271 2271 circumscribens
1316 2212 1377 2279 τ.
1421 2215 1728 2271 secundum
1776 2214 2056 2271 divinissi-

482 2317 630 2358 mam
681 2302 1125 2376 inspirationcm,
1171 2322 1294 2378 qua:
1337 2322 1403 2363 ex
1450 2314 1644 2364 sancto
1691 2308 1799 2363 illis
1847 2306 2054 2378 Spiritu

478 2395 661 2450 inerat
696 2435 711 2463 ,
769 2397 999 2452 militem
1056 2399 1277 2468 quidem
1328 2400 1718 2454 canonicarum
1766 2414 2054 2471 ptenarum

481 2502 679 2543 rursus
713 2488 1074 2559 compedibus
1109 2488 1346 2563 subjecit
1382 2507 1396 2545 :
1433 2490 1733 2546 antistitem
1766 2498 1948 2545 autem
1988 2488 2054 2546 ad

482 2578 819 2651 aliquantum
866 2580 1133 2651 temporis
1177 2581 1248 2636 ab
1297 2579 1455 2636 oliieii
1505 2597 1570 2636 ac
1605 2582 1896 2637 ministerii
1932 2596 2051 2636 sus~

481 2670 743 2741 pensione
781 2669 1043 2742 punivit:
1083 2670 1295 2736 dicens,
1345 2670 1683 2728 antistitibus
1729 2658 1948 2744 quidem
1992 2672 2057 2728 li-

482 2777 607 2819 cere
654 2777 850 2834 ptenas
897 2764 1196 2820 canonicas
1239 2779 1439 2837 augere
1468 2774 1523 2819 et
1568 2764 1908 2831 diminucre;
1941 2780 2059 2821 ara-

480 2867 709 2930 nearum
771 2861 955 2910 autem
1011 2853 1117 2911 filis
1171 2855 1382 2928 ligare,
1452 2869 1575 2926 quae
1624 2855 1822 2911 debent
1881 2855 2058 2911 tribus

481 2944 811 3001 rudentibus
862 2945 1115 3016 alligari,
1161 2959 1272 3000 non
1320 2962 1645 3003 concessum
1700 2962 1843 3002 esse.
1887 2947 2057 3013 Quin-

482 3038 647 3092 etiam
685 3044 910 3109 propter
948 3036 1097 3093 illius
1124 3038 1316 3094 militis
1344 3054 1593 3106 causam,
1625 3050 1819 3110 potens
1849 3048 1901 3093 et
1928 3054 2058 3093 san-

482 3139 605 3185 itus
641 3140 829 3187 uoster
872 3136 1168 3201 imperator
1206 3131 1353 3185 illam
1381 3130 1447 3186 de
1473 3130 1797 3187 voluntariis
1829 3128 2058 3186 homici-

482 3221 570 3277 dis
596 3220 875 3278 Novellam
915 3220 1156 3278 edidisse
1187 3220 1391 3277 dicitur
1406 3222 1455 3277 ε.

997 3333 1093 3390 XI.
1127 3333 1204 3390 De
1234 3334 1529 3390 advocatis.

556 3446 827 3501 Diacouus
867 3444 1084 3516 quidam
1112 3458 1144 3499 a
1185 3442 1360 3500 felicis
1411 3444 1693 3501 memoriae
1745 3445 2054 3516 patriarcha

483 3539 706 3595 domino
754 3535 923 3602 Luca,
971 3536 1419 3591 commemoratis
1453 3538 1754 3595 canonibus
1804 3539 2061 3610 reliquis-

484 3646 590 3702 que
630 3629 1068 3701 lcgislationibus
1126 3635 1336 3696 uteute,
1396 3628 1717 3686 advocatum
1767 3645 1929 3701 agere
1958 3630 2059 3686 ali-

484 3723 703 3793 quando
771 3723 1100 3794 probibitus,
1148 3737 1334 3779 coram
1378 3724 1727 3794 imperatorio
1770 3724 2056 3793 tribunali,

485 3824 753 3886 prasente
788 3814 1123 3884 patriarcha,
1156 3815 1297 3871 dixit
1386 3830 1631 3872 canones
1682 3816 1828 3881 illos,
1892 3825 2057 3887 atque

487 3909 654 3978 leges,
683 3907 737 3963 in
767 3906 1051 3964 hodiernis
1074 3907 1359 3963 advocatis
1403 3923 1511 3963 non
1558 3907 1763 3964 habere
1824 3907 2003 3964 locum
2038 3926 2054 3962 :

484 3996 580 4053 sed
612 3997 666 4053 in
701 3998 848 4054 illius
902 3998 1168 4069 temporis
1210 3999 1513 4066 advocatis,
1555 4002 1649 4070 qui
1686 4001 1740 4055 in
1801 4000 2057 4058 civilibus

484 4089 707 4159 iudiciis
732 4090 1000 4146 stationes
1054 4090 1348 4157 habebant,
1402 4092 1712 4163 imperiales
1756 4094 2059 4149 frumenta-

483 4182 595 4237 rias
626 4189 866 4238 tesseras
899 4183 1268 4255 accipiebant,
1317 4184 1421 4239 sub
1482 4185 1813 4255 primiceriis
1875 4192 2054 4251 erant,

484 4280 646 4345 atque
678 4289 711 4330 a
740 4274 1037 4330 mundanis
1089 4274 1503 4347 magistratibus
1535 4275 2053 4333 confirmabantur:

356 4408 361 4411 -
458 4382 593 4437 quo
611 4372 857 4436 tempore
875 4368 1101 4422 omnino
1125 4370 1274 4421 recte
1298 4365 1791 4423 clericimundanis
1817 4368 2056 4424 advoca-

488 4465 671 4510 torum
705 4453 900 4510 ofIiciis
916 4454 1068 4524 fungi
1100 4454 1558 4525 prohibebantur.
1577 4457 1647 4511 At
1674 4458 1932 4527 quoniam
1961 4458 2056 4529 qui

486 4544 648 4600 hodie
679 4543 930 4599 advocati
963 4551 1112 4607 sunt,
1156 4553 1416 4615 tanquam
1479 4545 1754 4601 liberalem
1819 4547 2055 4617 aliquam

487 4645 684 4701 artem,
739 4635 1153 4692 advocationem
1184 4645 1478 4692 exercent:
1526 4654 1699 4708 neque
1726 4639 1869 4694 sacri
1903 4641 2053 4694 ordi-

2078 3289 2126 3355 Ο

2162 2022 2594 2094 μετεωρίζοντας
2632 2024 2774 2094 τάχα
2796 2023 2894 2094 τὴν
2931 2023 3423 2095 ἐπιφορτιζομένην
3454 2023 3600 2091 αὐτῷ
3627 2022 3733 2093 βα-

2137 2117 2311 2185 ρεῖαν
2352 2114 2679 2187 κουφότητα,
2709 2114 2743 2186 ἡ
2780 2114 2911 2183 ἀγία
2963 2114 3178 2179 σύνοδος
3224 2116 3351 2180 τοὺς
3378 2115 3608 2179 κανόνας
3638 2117 3735 2186 ὀρ-

2157 2207 2510 2280 θοτομήσασα
2552 2207 2691 2261 κατά
2746 2206 2846 2279 τὴν
2897 2206 3128 2262 ἐνοῦσαν
3158 2207 3296 2278 αὐτῇ
3346 2209 3411 2261 ἐκ
3459 2205 3555 2260 τοῦ
3588 2224 3732 2260 παν·

2159 2301 2467 2370 αγιωτάτου
2518 2299 2831 2370 Πνεὺματος
2861 2296 3143 2371 θειοτάτην
3172 2297 3458 2370 ἐλλαμψιν,
3506 2297 3597 2352 τὸν
3630 2297 3734 2369 μὲν

2160 2391 2500 2465 στρατιώτην
2534 2393 2628 2448 καὶ
2658 2389 2812 2455 αὖθις
2851 2392 3249 2456 ἀλυκτοπέδαις
3293 2391 3587 2462 ἐπιτιμίων
3631 2406 3737 2442 κα-

2157 2484 2387 2539 νονικῶν
2425 2483 2793 2538 καθυπέῦαλε·
2827 2484 2916 2538 τὸν
2959 2483 3015 2538 δὲ
3058 2484 3318 2555 ἀρχιερέα
3385 2482 3594 2553 μετρίῳ
3626 2483 3737 2551 ἀφ-

2158 2576 2379 2649 ορισμῷ
2406 2575 2858 2648 ἀλειτουργησίας
2897 2574 3351 2647 ἐστενοχωρησενο
3375 2575 3627 2639 εἰποῦσα,
3656 2573 3736 2637 ὠς

2154 2671 2267 2735 τοῖς
2299 2668 2614 2742 ἀρχιερεῦσι
2650 2669 2749 2740 μὲν
2794 2669 3002 2740 ἐφεῖται
3044 2666 3225 2733 αὔξειν
3282 2667 3379 2722 καὶ
3438 2665 3629 2737 μειοῦν
3664 2667 3736 2718 τὰ

2156 2762 2417 2816 κανονικά
2447 2761 2721 2831 ἐπιτίμια,
2749 2761 3089 2832 ἀραχνιαίοις
3127 2760 3185 2813 δέ
3216 2760 3396 2828 μίτοις
3416 2759 3638 2829 δεσμεῖν
3665 2757 3736 2809 τὰ

2158 2850 2437 2916 καλωδίοις
2472 2851 2737 2923 ἐντρίτοις
2775 2848 3235 2919 καταδεσμεῖσθαι
3279 2846 3586 2915 ὀφείλοντα,
3631 2846 3737 2899 οὐκ

2156 2944 2396 3017 ἐνεδόθη.
2427 2944 2659 3015 Λέγεται
2703 2942 2784 3006 δὲ,
2827 2944 2911 2997 ὅτι
2959 2941 3055 2997 καὶ
3103 2941 3192 2996 διά
3228 2941 3327 3012 τὴν
3357 2938 3454 2993 τοῦ
3485 2938 3734 2992 τοιούτω

2160 3036 2492 3110 στρατιώτου
2525 3036 2783 3090 ὑπόθεσιν
2814 3035 3028 3100 ἐξέθετο
3076 3034 3107 3089 ό
3159 3031 3419 3102 κραταιὸς
3454 3030 3554 3084 καὶ
3581 3032 3734 3100 ἅγιος

2156 3130 2317 3203 ἡμῶν
2343 3129 2598 3202 βασιλεὺς
2645 3129 2745 3198 τὴν
2785 3127 2917 3200 περὶ
2946 3128 3052 3182 τῶν
3082 3125 3344 3180 ἑκουσίων
3368 3122 3579 3192 φονέων
3606 3139 3735 3177 νεα-

2160 3225 2280 3297 ράν.

2601 3337 2705 3396 1Ᾱ’.
2743 3337 2879 3408 Περὶ
2908 3337 3282 3407 συνηγόρων.

2225 3450 2481 3515 Διάκονός
2499 3468 2582 3515 τις
2616 3448 2879 3511 κωλυθείς
2907 3464 3039 3502 ποτε
3086 3446 3241 3518 παρά
3264 3444 3360 3499 τοῦ
3420 3444 3727 3516 μακαρίτου

2155 3541 2501 3612 πατριάρχου
2517 3539 2710 3610 κυρίου
2733 3540 2923 3593 Δουκᾶ
2948 3537 3041 3591 τοῦ
3069 3539 3415 3608 συνηγορεῖν,
3440 3537 3727 3605 χρωμένου

2153 3633 2269 3694 τοῖς
2309 3629 2655 3699 διαληφθείσι
2687 3629 2879 3682 κανόσι
2930 3627 3027 3680 καὶ
3062 3628 3276 3689 λοιπαῖς
3331 3625 3684 3696 νομοθεσίαις
3710 3638 3727 3653 ⁸

2155 3719 2310 3778 εἶπεν
2334 3724 2427 3778 ἐπὶ
2465 3720 2747 3795 βασιλικοῦ
2772 3721 3036 3793 βήματος,
3070 3720 3335 3790 παρόντος
3374 3721 3473 3774 καὶ
3508 3719 3607 3773 τοῦ
3631 3737 3732 3772 πα-

2153 3816 2441 3890 τριάρχου,
2473 3814 2546 3887 μὴ
2580 3815 2726 3886 ἔχειν
2753 3814 2937 3887 χώραν
2965 3814 3035 3867 τά
3063 3813 3169 3867 τῶν
3208 3812 3468 3867 τοιούτων
3491 3814 3730 3867 κανόνων

2156 3909 2252 3965 καὶ
2285 3909 2466 3980 νόμων
2500 3909 2579 3972 είς
2603 3908 2729 3970 τοὺς
2748 3910 2991 3979 σήμερον
3025 3906 3485 3978 συνηγοροῦντας,
3514 3904 3634 3960 ἀλλ’
3652 3905 3728 3970 εις

2155 4002 2283 4066 τοὺς
2309 4000 2431 4054 τότε
2464 4000 2820 4069 συνηγόρους,
2865 3998 2995 4062 τοὺς
3041 3998 3412 4069 τεταγμένους
3458 3999 3543 4062 είς
3582 3996 3731 4051 πολι-

2155 4092 2285 4148 τικά
2311 4092 2660 4162 δικαστήρια,
2694 4090 2787 4145 καὶ
2829 4090 3203 4160 λαμϐάνοντας
3271 4088 3532 4160 βασιλικὰ
3584 4106 3729 4159 utrq-

2168 4184 2346 4258 ρέσια,
2378 4183 2475 4236 καὶ
2511 4182 2617 4236 ὑπὸ
2644 4181 3039 4255 πριμικῃρίους
3076 4181 3257 4246 ὄντας,
3296 4181 3393 4236 καί⁵
3436 4187 3729 4253 σφραγιςο-

2163 4276 2358 4348 μένους
2382 4275 2487 4329 ὑπὸ
2539 4275 2821 4345 κοσμικῶν
2847 4273 3148 4345 ἀρχόντων,
3179 4274 3268 4328 ὅτε
3302 4274 3526 4336 πάντως
3556 4274 3729 4337 καλῶς

2158 4369 2209 4421 oi
2236 4366 2493 4437 κληρικοὶ
2523 4363 2824 4419 ἐκωλύοντο
2855 4364 3173 4434 συνηγόρων
3227 4364 3458 4431 ὀφφίκια
3492 4364 3728 4434 κοσμικά

2159 4460 2427 4530 ἐνεργεῖν.
2487 4457 2641 4509 Ἐπεὶ
2668 4456 2729 4509 δὲ
2771 4456 2820 4509 oi
2874 4455 3116 4526 σήμερον
3169 4453 3619 4524 συνηγοροῦντες,
3658 4454 3728 4516 ὡς

2157 4549 2462 4621 ἐλευθέριόν
2490 4566 2542 4602 τι
2569 4547 2890 4618 σπουδασμα
2916 4546 2978 4600 τὸ
3007 4547 3328 4616 συνηγορεῖν
3351 4546 3723 4618 μετέρχονται,

2159 4640 2281 4694 οὐδὲ
2307 4640 2355 4693 οἱ
2391 4640 2678 4712 ίερωμένοι
2711 4637 3199 4711 ἐμποδισθήσονται
3230 4639 3575 4708 συνηγορεῖν.
3621 4637 3725 4689 Καὶ

489 4729 575 4785 nis
609 4728 859 4786 homines
885 4728 940 4783 iu
970 4727 1096 4799 jure
1127 4728 1490 4799 patrocinari,
1521 4729 1774 4800 impediri
1831 4730 2053 4786 debere.

2164 4732 2595 4796 κατασκευάζων
2642 4730 2734 4784 τὸν
2779 4731 2979 4783 οἰκεῖον
3031 4729 3211 4799 λόγον,
3254 4730 3725 4801 ἐδικαιολογήσατο

490 4819 555 4874 iit
593 4834 898 4875 sermonem
920 4835 1089 4874 suum
1127 4829 1410 4887 astruens,
1454 4836 1563 4875 non
1613 4822 1910 4890 actionem,
1957 4823 2051 4878 sed

488 4911 708 4965 modum
760 4926 789 4965 a
850 4912 1156 4967 canonibns
1207 4913 1436 4982 puniri,
1503 4916 1860 4967 causabatur.
1935 4911 2056 4968 Non

488 5002 664 5056 solum
692 5002 860 5067 enim,
897 5002 1098 5072 inquit,
1135 5002 1347 5067 clerici,
1382 5018 1574 5058 verum
1608 5003 1776 5058 etiam
1811 5005 2055 5075 episcopi

488 5109 589 5164 pro
627 5094 822 5150 amicis
856 5094 910 5149 in
930 5096 1056 5165 jure
1087 5103 1384 5160 certantes,
1446 5095 1663 5151 veniam
1713 5109 2057 5165 consequen-

489 5198 621 5240 tur:
658 5199 836 5261 neque
863 5186 955 5255 qui
997 5186 1051 5240 in
1106 5186 1484 5242 controversia
1534 5187 1618 5241 rei
1668 5186 2063 5243 ecclesiastica:

491 5280 857 5352 patrocinium
890 5288 1176 5351 praestant,
1202 5281 1540 5337 n0tabuutur
1566 5281 2061 5351 :quemadmodum

491 5373 669 5441 ipsum
699 5371 863 5426 etiam
889 5369 982 5440 jus
1036 5370 1142 5426 hoc
1192 5371 1474 5427 evidenter
1521 5371 1698 5427 docet.
1750 5369 1828 5427 {it
1879 5383 2059 5426 autem

490 5464 745 5531 clericus,
787 5462 1250 5533 quemadmodum
1282 5463 1542 5519 mundani
1573 5463 1858 5532 ofﬁciales,
1893 5463 2061 5519 advo-

490 5565 672 5612 catum
702 5566 845 5625 agat,
881 5563 930 5612 et
982 5570 1013 5611 a
1058 5556 1201 5614 laico
1230 5555 1625 5624 confirmetur;
1672 5557 1925 5614 odiosum
1953 5563 2040 5611 est

2169 4823 2243 4893 μὴ
2273 4822 2370 4892 τὴν
2403 4821 2622 4892 πρᾶξιν,
2654 4820 2790 4874 ἀλλά
2838 4820 2928 4872 τὸν
2954 4820 3156 4889 τρόπον
3206 4817 3535 4883 κολάζεσθαι
3583 4816 3725 4889 παρά

2164 4915 2275 4968 τῶν
2334 4915 2601 4970 κανόνων.
2639 4914 2712 4967 Οὐ
2750 4914 2913 4984 μόνον
2962 4912 3072 4981 γάρ
3123 4912 3397 4982 κληρικοὶ,
3450 4910 3586 4964 ἀλλά
3635 4907 3723 4962 καὶ

2164 5006 2456 5061 ἐπίσκοποι
2499 5007 2639 5077 ὑπὲρ
2680 5005 2848 5075 φίλων
2900 5004 3334 5074 ἀντιποιούμενοι
3369 5001 3720 5071 συγγνωσθή-

2167 5116 2372 5166 σονται,
2428 5098 2683 5170 καὶπερὶ
2727 5095 3185 5165 ἐκκλησιαστικῆς
3240 5094 3553 5156 ὑποθέσεως
3602 5109 3718 5146 συνο

2163 5192 2493 5264 ηγοροῠντες
2521 5192 2621 5246 οὐκ
2673 5188 3146 5261 αἱσχυνθήσονται,
3216 5188 3292 5251 ὡς
3341 5187 3438 5240 καὶ
3491 5184 3629 5241 σὺτά
3661 5182 3723 5235 τά

2161 5284 2371 5354 νόμιμα
2394 5281 2551 5335 τοῦτο
2592 5280 2966 5352 διατρανοῦσι.
3001 5280 3077 5332 Τὸ
3106 5279 3163 5332 δὲ
3197 5278 3567 5349 ωνηγορῆσαι
3596 5274 3723 5346 κλη-

2166 5374 2337 5445 ρικδν,
2378 5373 2453 5435 ὡς
2497 5374 2548 5425 oi
2604 5373 2862 5443 κοσμικοὶ
2918 5370 3280 5441 ὸφφικιάλιοι,
3347 5371 3443 5423 καὶ
3482 5365 3722 5434 δέξασθαι

2160 5462 2433 5535 σφραγῖδα
2459 5461 2671 5525 λαῖκοῦ,
2704 5463 2940 5531 μισεῖται
2976 5461 3071 5513 καὶ
3100 5458 3413 5524 κολάζεται.
3441 5459 3565 5513 Ὀτι
3598 5452 3723 5511 δὲτὸ

2171 5557 2512 5627 συνηγορεῖν,
2540 5552 2791 5624 ὀςρφίκιον
2819 5546 2887 5623 ἦν
2939 5568 3067 5605 ποτε
3100 5552 3385 5623 κοσμικόν,
3437 5552 3533 5606 καὶ
3584 5563 3724 5620 attn-

1762 5687 1999 5744 VARUE
2041 5685 2450 5743 LECTIONES.

607 5834 627 5875 ί
657 5832 953 5890 canonibus
984 5844 1122 5890 recte
1148 5835 1435 5890 distinctis.
1517 5836 1542 5874 ⁸
1570 5849 1728 5905 quam
1784 5833 2077 5903 expositam
2126 5832 2281 5886 habes
2367 5833 2500 5885 inter
2548 5831 2685 5885 alius
2730 5827 2996 5908 .lfauuelis
3039 5824 3298 5883 Calumni
3337 5822 3584 5878 norellas.
