3950 6584
210 396 311 463 735

1541 401 1643 462 GR
1655 399 2047 460 .ECO—ROMA
2058 401 2248 463 NUM.

3366 370 3470 470 τέδ

212 518 370 586 ρέσια
399 516 706 588 ἐλάμϐανον
735 518 992 590 βασιλικὰ
1025 520 1077 574 οἱ
1108 521 1436 592 τεταγμένοι
1470 522 1782 592 συνήγοροι,

1910 525 2052 586 itque
2085 520 2329 588 punitur.
2366 518 2564 574 Verum
2597 517 2744 590 quod
2799 519 3044 578 advocati
3075 520 3101 562 ιι
3133 520 3472 577 mundanum

212 607 304 662 καὶ
337 610 445 662 ύπὸ
491 613 885 682 πριμικηρίους
914 608 1054 683 ἦσαν
1080 652 1094 676 ,
1125 613 1286 684 δῆλόν
1324 615 1470 667 ἐστιν
1500 614 1608 668 ἀπὸ
1655 613 1786 667 πολ-

211 700 338 754 λῶν.
369 702 481 754 Καὶ
513 704 786 770 ἀνάγνωθι
817 704 876 756 τὸ
910 706 1218 759 τελευταῖον
1258 705 1556 776 κεφάλαιον
1611 707 1704 760 τοῦ
1739 706 1789 760 α’

209 792 393 844 τίτλου
421 792 515 846 τοῦ
549 801 599 863 η’
636 795 841 862 βιϐλίου
873 797 981 849 τῶν
1007 797 1334 865 Βασιλικῶν,
1369 800 1462 854 καὶ
1503 801 1571 854 τὰ
1596 801 1654 853 ἐν
1711 801 1789 870 τῷ

211 881 402 954 βιϐλίῳ
437 885 478 916 ¹⁷
515 884 610 938 τοῦ
651 888 915 957 ἐπάρχου,
957 889 1086 960 περὶ
1123 891 1440 962 συνηγόρων
1489 893 1788 948 ἀναταττό-

215 990 374 1042 μενα.
415 975 856 1044 Διαλαμϐάνουσι
878 979 985 1048 γὰρ
1013 982 1137 1044 τοὺς
1172 982 1504 1054 συνηγόρους
1534 985 1789 1057 σύστημα

213 1059 380 1130 εἶναι,
412 1066 506 1118 καὶ
552 1066 656 1119 ὑπὸ
690 1067 782 1120 τού
821 1070 964 1124 κατὰ
999 1072 1224 1142 καιροὺς
1267 1075 1511 1146 ἐπάρχου
1549 1077 1788 1147 σφραγί-

206 1156 424 1219 ζεσθαι.
454 1158 640 1210 Ταῦτα
679 1160 871 1228 εἰπὼν,
898 1166 991 1216 καὶ
1023 1165 1412 1235 παραδεχθεὶς,
1468 1168 1786 1240 ὲξεχωρῆθη

207 1249 306 1301 καὶ
337 1250 488 1320 παρά
514 1250 608 1304 τοῦ
633 1253 976 1325 πατριάρχου
1005 1259 1353 1328 συνηγορεῖν,
1388 1258 1464 1323 ὡς
1512 1262 1606 1314 καὶ
1657 1263 1779 1332 πρό·

205 1357 391 1412 τερον.

209 1433 312 1488 lB'.
346 1435 488 1504 Περὶ
518 1437 625 1492 τοῦ
641 1439 1034 1515 ,βαπτίζεσθαι
1056 1443 1245 1511 νήπια
1283 1448 1793 1515 αἰχμαλωτισθέν-

546 1526 640 1571 ra,
665 1511 918 1580 καὶπερὶ
946 1514 1069 1568 τῶν
1103 1511 1464 1587 Ἀγαρηιέῶν.

284 1601 442 1666 Τινὲς
461 1602 525 1655 οὐ
559 1603 939 1675 παρεχώρουν,
965 1606 1055 1661 διὰ
1085 1609 1184 1679 τὴν
1207 1611 1561 1682 ἀμφιϐολίαν,
1597 1613 1795 1684 βαπτί-

207 1693 406 1758 ζεσθαι
455 1696 586 1757 τοὺς
624 1699 1242 1769 παῖδαςαιχμαλώτους,
1306 1704 1393 1757 ἵνα
1435 1705 1508 1776 μὴ
1565 1705 1792 1771 δόξωσιν

208 1789 614 1856 ἀναδαπτίζειν
637 1793 766 1855 τοὺς
791 1792 1322 1864 προσαπτισθὲντας.
1348 1799 1483 1869 Περὶ
1518 1798 1575 1852 δὲ
1597 1800 1791 1855 τούτου

212 1882 482 1946 πολλάκις
517 1885 929 1958 ἀμφισϐήτησις
959 1888 1151 1957 γέγονε
1212 1891 1505 1956 συνοδικῶς
1567 1893 1798 1964 Νηπίων

211 1976 325 2044 γὰρ
365 1975 475 2028 ἀπὸ
540 1978 936 2049 Χριστιανικῆς
1004 1981 1188 2055 χώρας
1256 1983 1798 2054 αἰχμαλωτισθέντων

211 2065 372 2135 παρὰ
422 2066 646 2120 Σκυθῶν
698 2069 793 2122 καὶ
841 2071 1182 2141 Ἀγαρηνῶν,
1246 2075 1339 2127 καὶ
1386 2076 1798 2148 διαπραθέντων

214 2158 356 2226 πρὸς
408 2155 728 2228 Ῥωμαίους,
789 2161 1088 2229 ἀμφιὸολία
1142 2163 1389 2234 γέγονεν,
1443 2168 1492 2219 εί
1522 2166 1626 2238 χρὴ
1675 2169 1800 2231 τοὺς

213 2248 576 2317 πωληθέντας
598 2250 982 2322 βαπτισθῆναι.
1019 2255 1244 2324 Ἔλεγον
1276 2258 1384 2328 γάρ
1404 2276 1547 2322 τινες
1571 2259 1646 2323 ὡς
1679 2261 1800 2314 ἐπεὶ

211 2341 324 2394 ἀπε)
373 2343 769 2414 Χριστιανικῆς
815 2344 997 2416 χώρας
1053 2350 1594 2420 αἱχμαλωτίσθησαν,
1625 2354 1800 2426 πρόσ-

211 2434 380 2503 ληοζλς
414 2439 530 2489 ἐστι
563 2439 604 2467 ⁸⁸
627 2437 987 2509 βαπτισθῆναι
1011 2443 1151 2496 κατὰ
1205 2443 1388 2513 χώραν
1411 2445 1468 2498 ἐν
1489 2445 1797 2518 νηπιότητι,

214 2527 310 2577 καὶ
336 2525 400 2578 ού
430 2529 535 2596 χρὴ
569 2527 722 2591 αὖθις
746 2529 1239 2602 ἀναὸαπτισθῆναι.
1277 2535 1481 2606 Ἵῐρεσε
1513 2535 1568 2589 δὲ
1595 2537 1802 2606 μᾶλλον

213 2616 462 2684 ὀφείλειν
501 2617 884 2689 βαπτυτθῆναι,
937 2622 1024 2674 διὰ
1092 2623 1151 2675 τὸ
1205 2625 1279 2694 μὴ
1339 2623 1537 2678 εἰδέναι
1572 2625 1802 2691 τούτους

215 2712 266 2762 εἰ
302 2712 360 2762 ὲν
402 2712 690 2783 νηπιότητι
758 2715 1188 2784 ἐϐαπτίσθησαν,
1248 2718 1387 2787 μήτε
1443 2717 1597 2782 τινὰς
1649 2719 1800 2790 εὑρί-

218 2802 454 2857 σκεσθαι
474 2803 988 2878 διασεόαιουμένους
1011 2810 1077 2880 τὸ
1113 2808 1415 2878 βάπτισμα.
1443 2811 1578 2881 Περὶ
1611 2811 1667 2865 δὲ
1694 2811 1804 2865 τῶν

219 2893 334 2945 ἀπὸ
390 2893 574 2967 χώρας
620 2897 866 2951 ἀπτίστων
938 2898 1522 2970 αἰχμαλωτιζομένων,
1571 2899 1802 2973 ὡρίσθη,

221 2985 592 3053 ἀδιαστίκτως
623 2990 822 3054 αὐτοὺς
877 2991 1272 3063 βαπτίζεσθαιο
1325 2993 1372 3045 εί
1413 2993 1490 3064 μὴ
1525 2995 1806 3066 μάρτυρες⁹

220 3078 575 3148 ὁμολογοῦσι,
609 3081 973 3154 βαπτισθῆναι
1017 3083 1241 3146 τούτους
1293 3082 1433 3154 μετὰ
1479 3083 1578 3154 τὴν
1637 3087 1807 3156 αἰχμο

222 3169 492 3225 αλωσίαν.

1891 608 2123 664 cilicium
2155 611 2451 684 aliquando
2482 609 2668 678 fuerit,
2696 619 2748 667 et
2777 611 3048 668 ordinarii
3075 613 3333 668 advocati
3371 615 3476 668 im-

1891 703 2190 771 peratorias
2240 719 2467 758 annonae
2499 705 2792 775 pensiones
2838 705 3104 774 ceperint,
3152 713 3318 775 atque
3371 706 3476 761 sub

1893 794 2218 862 primiceriis
2244 796 2465 860 fuerint,
2491 812 2555 851 ex
2584 796 2771 852 multis
2835 804 3070 850 constat.
3107 795 3247 867 Lege
3288 806 3472 850 autem

1895 896 2226 953 postremum
2260 897 2424 958 caput
2451 889 2535 944 lit.
2569 906 2607 954 ι,
2631 889 2723 944 lib.
2759 905 2894 943 vtn
2941 888 3110 943 Basil.
3140 897 3193 943 et
3241 905 3363 958 quze
3421 891 3474 944 in

1893 979 2144 1036 Praefecti
2175 981 2314 1036 libro
2344 981 2410 1038 de
2442 983 2720 1038 advocatis
2775 983 2986 1052 digesta
3049 991 3199 1040 sunt.
3231 983 3477 1037 Tradunt

1895 1074 2064 1138 enim,
2113 1073 2406 1130 advoeatos
2461 1077 2750 1146 collegium
2805 1091 2950 1142 esse,
2988 1083 3153 1145 atque
3205 1090 3234 1128 a
3287 1075 3478 1143 cujus-

1897 1183 2112 1238 cunque
2137 1169 2414 1238 temporis
2451 1170 2710 1240 praefecto
2770 1170 3106 1224 conﬁrmari.
3170 1170 3294 1223 “me
3351 1185 3474 1222 cum

1898 1260 2158 1324 dixisset,
2191 1259 2628 1332 applausumque
2662 1262 2764 1332 ipsi
2825 1269 2996 1324 esset,
3047 1261 3210 1315 etiam
3248 1277 3275 1314 a
3310 1261 3481 1330 patri-

1895 1353 2084 1416 archa,
2141 1355 2473 1423 patrocinari
2507 1354 2588 1425 (ιιι
2624 1356 2804 1422 antea)
2871 1354 3201 1424 permissum
3263 1355 3338 1407 illi
3372 1362 3476 1407 est.

1893 1444 2011 1500 ΧΠ.
2055 1445 2130 1501 De
2163 1446 2456 1517 infantibus
2496 1449 2726 1534 captivis
2754 1450 3119 1518 baptizandis,
3151 1450 3287 1504 etde
3337 1449 3480 1519 Aga-

2611 1536 2776 1574 rents.

1963 1611 2081 1668 Non
2113 1613 2503 1682 permittebant
2534 1613 2732 1683 aliqui,
2759 1620 2818 1666 ut
2873 1613 3074 1683 captivi
3140 1615 3290 1682 pueri
3357 1629 3482 1684 pro-

1897 1712 2020 1774 pter
2047 1702 2443 1759 dubitationem
2473 1705 2911 1774 baptizarentur,
2943 1719 3011 1758 ne
3047 1719 3165 1766 eos,
3188 1704 3280 1773 qui
3319 1713 3479 1759 antea

1902 1796 2160 1866 baptizati
2190 1795 2426 1861 fuerant,
2459 1795 2803 1866 rebaptizare
2855 1795 3192 1850 viderentur.
3229 1795 3301 1849 De
3323 1811 3386 1849 ea
3426 1811 3484 1849 re

1900 1898 2082 1945 autem
2117 1904 2258 1959 saepe
2287 1891 2546 1960 synodico
2570 1889 2956 1944 controversia
2983 1898 3170 1942 exorta
3205 1895 3308 1941 est.
3346 1886 3481 1939 Cum

1901 1982 2046 2038 enim
2089 1981 2329 2038 infantes
2365 1997 2429 2036 ex
2453 1981 2898 2036 Christianorum
2955 1981 3179 2052 regione
3207 1995 3234 2058 ο
3265 1977 3484 2050 Scythis

1900 2083 1954 2130 et
1975 2074 2240 2144 Agarenis
2276 2073 2417 2128 bello
2447 2073 2589 2142 capti
2621 2082 2830 2132 essent.
2857 2082 2911 2128 et
2940 2073 3106 2142 empti
3135 2088 3160 2123 a
3197 2071 3480 2130 Romanis.

1902 2164 2210 2219 dubitatum
2238 2172 2341 2228 est,
2369 2177 2436 2217 an
2461 2171 2713 2232 oporteat
2750 2162 3096 2217 venundatos
3130 2159 3481 2230 rebaptizari.

1902 2254 2163 2309 Dicebant
2219 2255 2362 2310 enim
2426 2254 2703 2318 nonnulli,
2760 2254 3022 2324 quoniam
3055 2269 3119 2308 ex
3171 2252 3484 2307 Christiana

1903 2350 2126 2422 regione
2193 2349 2340 2418 capti
2409 2357 2561 2410 sunt,
2618 2345 2976 2417 praesumptio
3004 2353 3107 2410 est,
3165 2359 3262 2398 eos
3317 2343 3487 2398 fuisse

1903 2442 2210 2511 baptizatos
2239 2440 2293 2494 in
2321 2439 2494 2510 patria
2536 2446 2694 2493 aetate
2727 2435 2992 2501 infantiii,
3043 2449 3144 2488 nec
3189 2433 3367 2487 denuo
3401 2447 3486 2488 ro-

1903 2536 2262 2606 baptizandos
2307 2548 2452 2589 esse.
2492 2531 2661 2602 Magis
2695 2539 2876 2586 tamen
2911 2529 3134 2599 placuit,
3158 2543 3252 2583 eos
3288 2527 3489 2582 debere

1904 2627 2195 2698 baptizari,
2220 2626 2363 2698 quod
2400 2625 2675 2688 nesciant,
2711 2639 2778 2676 an
2805 2623 2860 2676 in
2893 2621 3124 2676 infantia
3157 2621 3359 2675 fuerint
3389 2623 3488 2674 ba-

1905 2721 2115 2790 ptizati,
2145 2734 2244 2774 nec
2276 2719 2370 2773 ulli
2406 2716 2779 2781 inveniantur,
2817 2716 2908 2785 qui
2977 2714 3289 2784 raptismum
3345 2711 3488 2766 adir-

1908 2821 2076 2868 ment.
2100 2812 2206 2868 Eos
2227 2821 2431 2873 autem,
2465 2809 2558 2880 qui
2594 2825 2658 2862 ex
2693 2807 2995 2863 infidelium
3024 2807 3246 2874 regione
3271 2805 3492 2874 capiun-

1908 2912 2020 2970 tur,
2075 2903 2390 2957 indistincte
2434 2899 2793 2971 baptizandos
2853 2907 3118 2954 statutum
3181 2905 3310 2952 est:
3383 2896 3486 2950 nisi

1911 3006 2078 3051 testes
2120 2993 2501 3064 proﬁteantur,
2558 3007 2653 3048 eos
2717 3000 2841 3062 post
2879 2989 3250 3061 captivitatem
3316 2988 3490 3044 fuisse

1911 3089 2237 3160 baptizatos.

312 3261 440 3314 Ἐπὶ
461 3262 518 3316 δὲ
549 3264 657 3318 τῶν
686 3267 911 3340 ἡμερῶν
959 3267 1053 3321 τοῦ
1085 3268 1397 3337 ἀγιωτάτου
1455 3271 1803 3342 πατριάρχου

1981 3263 2248 3336 Tempore
2288 3272 2468 3320 autem
2511 3261 2846 3320 sanctissimi
2878 3258 3223 3332 patriarchae,
3282 3259 3490 3316 domini

225 3354 430 3425 κυρίου
479 3357 664 3411 Λουκᾶ
716 3359 1072 3430 παρέστησαν
1123 3362 1418 3434 Ἀγαρηνοὶ
1467 3364 1762 3428 συνοδικῶς
1793 3380 1807 3394 ⁸

227 3445 332 3498 καὶ
379 3448 772 3520 ἀπαιτούμενοι
816 3450 1205 3524 βαπτισθῆναι,
1249 3451 1402 3508 εἷπον
1432 3455 1508 3521 ὡς
1566 3455 1810 3528 ἔφθασαν

227 3537 316 3596 εἰς
351 3537 448 3600 τὰς
482 3537 666 3609 χώρας
684 3540 867 3594 αὐτῶν
898 3542 1284 3614 βαπτισθῆναι.
1316 3547 1425 3600 Καὶ
1464 3548 1812 3620 ἐρωτώμενοι

228 3629 408 3693 ὅπως,
446 3631 889 3703 ἀπελογήσαντο,
927 3636 1008 3688 ὃτι
1043 3637 1301 3706 συνήθειά
1348 3641 1466 3693 ἐστι
1522 3642 1698 3696 πάντα
1743 3643 1814 3697 τὰ

229 3721 409 3791 νήπια
442 3723 549 3776 τῶν
597 3724 912 3796 Ἀγαρηνῶν
948 3726 1306 3797 βαπτίζεσθαι
1337 3730 1490 3802 παρὰ
1517 3731 1814 3804 ὀρθοδόξων

218 3813 434 3889 ρερέων
467 3831 482 3846 ο
512 3815 626 3868 ἀλλ’
666 3817 728 3869 οὐ
762 3818 1199 3890 παρεδέχθησαν.
1253 3824 1534 3886 Ἤκουσαν
1579 3828 1708 3898 γὰρ,
1739 3828 1816 3892 ὡς

228 3903 298 3957 τὸ
337 3907 491 3976 παρά
536 3908 645 3962 τῶν
693 3909 939 3966 ἀπίστων
986 3911 1320 3984 ζητούμενον
1358 3915 1466 3968 ἀπὸ
1518 3916 1628 3970 τῶν
1675 3920 1815 3990 Χρι-

234 3997 474 4050 στιανῶν
510 3999 815 4071 βάπτισμα,
844 4004 907 4058 οὐ
955 4005 1097 4058 κατὰ
1150 4006 1394 4060 διάθεσιν
1442 4009 1654 4080 ἀγαθὴν
1721 4013 1820 4067 καὶ

235 4087 564 4160 προαίρεσιν
586 4092 866 4161 ὀρθόδοξον
915 4096 1182 4166 ζητεῖται,
1223 4097 1361 4152 ἀλλὰ
1400 4099 1488 4152 διὰ
1520 4099 1818 4170 θεραπείαν

238 4183 588 4253 σωματικήν.
611 4185 872 4240 Δέδοκται
901 4190 1011 4259 γὰρ
1042 4191 1194 4259 παρὰ
1224 4194 1338 4254 τοῖς
1380 4191 1726 4264 ’Δγαρηνοτς,
1746 4195 1818 4249 τὰ

235 4269 412 4325 τέκνα
439 4271 646 4327 τούτων
689 4274 974 4349 δαιμονᾷν,
1026 4282 1120 4333 καὶ
1163 4280 1308 4334 κατὰ
1355 4281 1524 4348 κύνας
1565 4283 1734 4349 ὄζειν,
1770 4287 1819 4339 εί

243 4363 320 4433 μὴ
343 4362 726 4435 βαπτίσματος
762 4369 967 4440 τύχωσι
1024 4373 1434 4444 Χριστιανικοῦ.
1486 4376 1818 4446 Κάντεῦθεν,

239 4454 342 4526 οὐχ
371 4455 449 4519 ὡς
467 4457 838 4530 καθαρτήριον
869 4461 1073 4527 παντὸς
1103 4465 1276 4534 ῥύπου
1301 4465 1558 4536 ψυχικοῦ,
1585 4469 1680 4520 καὶ
1709 4486 1820 4536 φω-

1915 3358 2098 3424 ιιιοτε,
2130 3356 2395 3429 synodice
2422 3357 2723 3413 adfuerunt
2772 3353 3048 3426 Agareni:
3086 3360 3292 3410 etcum
3325 3353 3492 3410 abeis

1910 3451 2304 3523 postularetur,
2356 3457 2414 3503 ιιι
2465 3449 2898 3518 baptizarentur,
2931 3446 3186 3502 dixerunt
3209 3461 3270 3503 se
3304 3446 3358 3500 in
3379 3445 3496 3502 suis

1909 3544 2250 3616 regionibus.
2276 3551 2433 3598 antea
2488 3541 2661 3598 fuisse
2690 3541 3016 3611 baptizatos.
3071 3539 3136 3594 Et
3169 3540 3491 3610 interrogati

1914 3632 2188 3706 quomodo
2245 3633 2668 3703 responderunt,
2719 3645 2843 3686 csse
2895 3628 3378 3694 consuetudinem,
3436 3636 3497 3682 ut

1915 3744 2110 3786 omnes
2131 3729 2510 3797 Agarenorum
2542 3723 2780 3779 infantes
2825 3721 2894 3776 ab
2939 3719 3263 3776 ortbodoxis
3309 3732 3498 3774 sacer-

1919 3821 2168 3886 dotibus,
2207 3819 2622 3889 baptizarentur
2655 3835 2669 3871 :
2704 3832 2812 3871 non
2875 3823 3056 3870 tamen
3110 3813 3335 3870 admissi
3381 3814 3499 3868 fue-

1917 3924 2068 3972 runt.
2107 3913 2412 3968 Audierant
2435 3911 2580 3966 enim
2635 3911 2998 3980 baptismum,
3032 3922 3192 3977 quem
3251 3907 3498 3962 inﬁdeles

1921 4025 1951 4065 a
1978 4007 2310 4065 Christianis
2338 4013 2531 4074 petunt
2567 4017 2672 4058 non
2708 4003 2849 4057 bona
2878 4001 3188 4064 aﬂ'ectione,
3221 4010 3270 4055 et
3299 4000 3494 4053 ortho-

1918 4101 2062 4157 doxo
2106 4097 2388 4168 proposito
2420 4095 2553 4164 peti,
2610 4093 2704 4149 sed
2737 4102 2961 4162 propter
2998 4092 3343 4160 corporalem
3383 4106 3498 4144 me-

1923 4193 2185 4249 dicinam.
2244 4188 2575 4244 Persuasum
2610 4195 2697 4243 est
2741 4186 2911 4252 enim,
2963 4183 3252 4254 Agarenis,
3276 4181 3388 4237 fore
3443 4193 3500 4236 ιιι

1923 4284 2010 4340 sui
2044 4282 2206 4337 liberi
2249 4297 2278 4334 a
2336 4281 2585 4336 daemone
2614 4285 2901 4342 vexentur,
2935 4285 2990 4333 et
3023 4284 3281 4345 tanquam
3335 4289 3502 4328 canes

1925 4375 2065 4430 male
2118 4375 2346 4438 oleant,
2404 4371 2510 4426 nisi
2563 4370 2893 4441 baptismum
2931 4367 3308 4422 Christianum
3350 4381 3502 4421 asse-

1925 4477 2184 4539 quamur.
2215 4464 2582 4531 Quamobrem
2619 4478 2728 4517 non
2769 4469 2829 4515 ιιι
2863 4460 3105 4514 omnium
3139 4458 3336 4513 animae
3379 4473 3500 4512 sor-

237 4546 333 4609 τὸς
366 4546 514 4601 θείου
563 4549 658 4602 καὶ
696 4553 971 4624 ἀγιασμοῦ
1018 4555 1278 4627 πάροχον,
1330 4557 1728 4613 ἀνακαλοῦνται
1757 4560 1806 4612 τὲ

1924 4561 2073 4617 dium
2103 4556 2507 4618 mundatorem,
2535 4555 2841 4624 divinaeque
2866 4552 3002 4607 lucis
3028 4559 3082 4605 et
3111 4550 3503 4605 sanctiﬁcatio-

242 4636 554 4708 βάπτισμα,
586 4642 700 4695 ἀλλ’
729 4643 805 4708 ὠς
831 4647 1201 4725 φαρμακείαν,
1231 4651 1263 4718 ἢ
1293 4649 1529 4720 ἐπῳδήν.
1573 4651 1729 4716 Τινὲς
1762 4651 1820 4706 δὲ

240 4729 303 4796 ἐξ
334 4731 516 4786 αὐτῶν
553 4735 804 4804 μητέρας
831 4733 984 4792 εἷπον
1030 4740 1177 4810 ἔχειν
1207 4740 1546 4812 ὀρθοδόξους,
1579 4745 1674 4798 καὶ
1715 4744 1824 4798 ἀπὸ

243 4823 492 4893 σπουδῆς
514 4825 724 4880 τούτων
763 4827 1130 4902 βαπτισθῆναι
1173 4835 1372 4897 αὐτοὺς
1425 4835 1577 4904 παρὰ
1617 4835 1827 4907 ὀρθοδό-

245 4913 376 4978 ξων.
425 4915 569 4969 Ἀλλ’
598 4919 720 4971 οὐδὲ
777 4913 922 4975 οὗτοι
962 4923 1418 4996 εἰσηκούσθησαν,
1469 4927 1635 4980 ὅτιού
1688 4945 1828 4999 παρ·

246 5006 489 5078 έστησαν
545 5010 824 5082 μάρτυρες
860 5016 925 5081 ⁸⁸,
977 5017 1137 5070 τοῦτο
1188 5019 1321 5072 αὐτὸ
1396 5020 1824 5090 μαρτυροῦντες.

247 5099 473 5154 Μᾶλλον
494 5102 594 5170 μὲν
624 5100 717 5158 οὖν
745 5107 840 5160 καὶ
872 5109 1349 5179 κατεγνώσθησαν,
1380 5110 1456 5174 ὡς
1509 5112 1582 5181 μὴ
1618 5110 1830 5182 ἀγαθὴν

249 5193 562 5262 πρόσληψιν
588 5197 634 5227 ³⁸
661 5197 895 5264 διδόντες
948 5200 1070 5254 καθ’
1097 5201 1330 5269 ἑαυτῶν,
1355 5203 1436 5265 είς
1483 5201 1545 5254 τὸ
1593 5200 1667 5272 μὴ
1698 5219 1831 5270 προ-

254 5282 547 5354 σέρχεσθαι
592 5291 658 5359 τῇ
715 5289 896 5344 πίστει
947 5291 1143 5360 ὀρθῶς.
1209 5293 1302 5348 Διὸ
1351 5295 1446 5347 καὶ
1487 5291 1826 5364 ὲξεχωρήθηο

255 5376 475 5442 πάντως
505 5381 728 5446 τούτους
762 5382 1150 5455 βαπτισθῆναι.

1922 4653 2011 4709 nis
2043 4652 2390 4722 praebitorem
2419 4689 2432 4712 ,
2476 4647 2807 4716 baptismum
2858 4645 3138 4713 postulant
3186 4643 3326 4711 ;scd
3380 4653 3500 4696 tau-

1923 4761 2087 4816 quam
2116 4743 2437 4798 veneficium
2466 4750 2522 4794 et
2544 4739 3000 4794 inmutationem.
3036 4738 3269 4803 Quidam
3318 4745 3499 4790 autem

1924 4852 2112 4893 eorum
2136 4834 2414 4898 dicebant,
2439 4847 2496 4886 se
2512 4839 2716 4886 matres
2732 4831 2931 4885 habere
2953 4829 3310 4889 orthodoxas,
3337 4845 3491 4898 seqm

1926 4945 2114 4986 earum
2145 4943 2278 4982 cura
2314 4941 2378 4982 ac
2402 4926 2586 4981 studio
2615 4924 2784 4978 fuisse
2810 4923 3129 4990 baptizatos.
3162 4922 3266 4976 Sed
3317 4938 3415 4976 nec
3469 4923 3498 4976 ii

1931 5020 2171 5077 exauditi
2207 5026 2338 5075 sunt
2368 5017 2628 5088 quoniam
2662 5023 2831 5070 testes
2853 5029 2967 5072 non,
2999 5014 3362 5079 adducebant,
3413 5016 3504 5084 qui

1933 5108 2038 5162 hoc
2069 5107 2250 5176 ipsum
2302 5119 2402 5173 pro
2441 5103 2752 5158 testimonio
2790 5103 3036 5158 dicerent
3073 5119 3088 5157 :
3157 5104 3269 5157 imo
3319 5105 3502 5174 potius

1931 5197 2276 5252 condemnati
2305 5203 2456 5261 sunt,
2488 5196 2633 5264 quod
2659 5209 2766 5249 non
2810 5195 3008 5249 bonam
3045 5195 3114 5251 de
3142 5211 3201 5252 se
3223 5197 3508 5252 existima-

1931 5290 2138 5344 tionem
2168 5286 2380 5353 darent,
2413 5286 2557 5357 quod
2585 5299 2733 5343 recte
2763 5287 2829 5342 ad
2856 5287 3015 5342 (idem
3067 5288 3390 5344 accederent
3414 5305 3428 5344 :
3451 5298 3508 5342 et

1935 5379 2059 5436 ideo
2081 5393 2272 5435 omnes
2304 5377 2404 5434 hos
2443 5377 2609 5434 etiam
2644 5377 2924 5449 baptizare
2961 5379 3288 5449 permissum
3309 5385 3415 5433 est.

1529 5545 1762 5604 VARUE
1817 5541 2220 5602 LECTIONES.

331 5656 376 5689 η
399 5654 654 5734 geuge);
685 5659 970 5734 αὐθέντης.

257 5725 303 5758 ³.
331 5661 654 5758 Ἰλβξασιῇεὺς
685 5661 970 5734 αὐθέντης.
1074 5665 1116 5697 ³⁷
1149 5663 1352 5736 βιὸλίον
1399 5662 1494 5718 τοῦ
1543 5661 1811 5734 ὑπάρχου.

335 5727 622 5800 πρόληψιν.

365 5843 390 5883 h
419 5843 698 5899 adrocatis

1911 5661 1955 5692 "
1985 5660 2252 5733 πρόληψίς
2302 5661 2439 5714 ἐστι.

2541 5659 2583 5691 ¹⁹
2606 5659 2908 5730 μάρτυρας,
2969 5665 3022 5712 et
3073 5652 3505 5726 μαρτυροῦντας.
