3950 6600
262 460 379 525 τ89

1581 455 2299 520 GRKECO-ROMANUM.

3365 465 3373 481 '
3413 455 3525 518 ’ἵΰο

249 574 566 649 ῖερωτάτων
610 570 935 644 ἀρχιερέων,
970 572 1021 624 οἳ
1060 571 1154 625 καὶ
1208 570 1445 643 μάλιστα
1478 572 1705 639 ἔγγιστα
1731 572 1831 642 τῆς

1956 574 2129 629 trbem
2183 572 2520 643 imperialem
2553 571 2713 629 sedes
2737 571 3082 641 episcopales
3149 572 3331 628 sortiti
3365 587 3517 636 sunt,

250 662 530 735 βασιλίδος
595 662 801 731 ταύτης
854 661 962 714 τῶν
1015 661 1224 715 πόλεων
1259 662 1383 723 τοὺς
1411 662 1836 733 ἀρχιερατικοὺς

250 756 481 828 θρόνους
514 756 729 826 ἔλαχον,
752 755 1149 827 ἀσυντηρήτως
1176 754 1460 819 ποιοῦντες
1499 755 1840 826 χειροτονίας

247 848 520 903 διακόνων
569 848 663 902 καὶ
715 847 928 918 ἱερέων,
999 849 1075 918 μὴ
1142 848 1519 919 ὑποκειμένων
1571 850 1690 911 ταῖς
1748 848 1840 900 ὑπ’

247 942 454 1005 αὐτοὺς
522 940 779 1013 ὲνορίαις.
828 939 1093 1004 πολλάκις
1144 939 1415 995 ἑάλωσαν.
1454 942 1517 993 Οἱ
1564 941 1674 1011 γὰρ
1714 941 1844 1012 περὶ¹

248 1033 448 1087 τούτου
506 1030 1017 1103 προταγγελθέντες
1045 1030 1123 1102 τῷ
1181 1032 1286 1101 πρὸ
1343 1031 1499 1102 ἡμῶν
1552 1032 1842 1104 ἁγιωτάτῳ

247 1125 574 1199 πατριάρχῃ
606 1126 782 1199 κυρίῳ
820 1128 1027 1197 Λουκᾷ,
1062 1129 1156 1181 καὶ
1185 1114 1671 1200 παρεγγυηθέντες
1704 1128 1842 1184 παύ-

250 1219 455 1273 σασθαι
500 1219 595 1272 τοῦ
651 1219 876 1273 τοιαῦτα
925 1222 1102 1274 ποιεῖν
1155 1220 1487 1274 ἀκανὸνιστα
1516 1238 1529 1251 ο
1564 1222 1747 1296 φαμὲν
1779 1221 1843 1292 δὴ

246 1312 352 1366 τοῦ
404 1315 734 1384 χειροτονεῖν
791 1313 1081 1384 ὑπερόρια,
1139 1315 1234 1368 καὶ
1256 1316 1383 1377 τοὺς
1408 1312 1466 1380 ἐξ
1496 1315 1691 1387 ἐτέρας
1760 1316 1846 1369 sv-

250 1405 413 1474 ορίας
443 1407 526 1468 εἰς
562 1405 785 1467 αὐτοὺς
831 1406 1172 1483 ἀφιγμένους
1200 1448 1213 1468 ,
1269 1409 1652 1477 ἀνυποστόλως
1700 1408 1844 1463 οὕτω

250 1499 630 1571 χειροθετεῖν·
694 1499 1011 1570 ἀμνηστίαν
1042 1500 1150 1555 τῶν
1211 1501 1396 1567 αὐτοῖς
1453 1503 1585 1574 περὶ
1648 1505 1843 1559 τούτου

253 1592 739 1663 παρηγγελμένων
790 1593 891 1645 οὐκ
947 1593 1258 1649 ἐπαύσαντο
1313 1596 1561 1650 τίθεσθαι
1595 1638 1609 1659 ,
1675 1599 1843 1669 μέχρι

256 1684 402 1753 δῆτα
457 1685 550 1738 καὶ
596 1684 862 1757 τήμερον.
908 1686 1128 1759 Ἐπειδὴ
1186 1688 1369 1742 τοίνυν
1398 1689 1715 1761 ἀνηγγέλθη
1751 1690 1847 1744 καὶ

251 1779 329 1849 τῇ
365 1776 521 1848 ήμῶν
553 1778 870 1850 μετριότητι
919 1780 1071 1851 παρά
1114 1781 1211 1834 τοῦ
1267 1783 1545 1855 ἡμετέρου
1595 1784 1845 1854 θεοφιλε-

254 1871 463 1929 στάτου
507 1872 943 1944 χαρτοφύλακος,
1004 1874 1235 1938 πολλούς
1277 1894 1432 1939 τινας
1491 1876 1598 1930 τῶν
1652 1879 1715 1930 ἐκ
1750 1879 1846 1946 τῆς

253 1965 539 2035 ⁴ἡμετέρας
602 1966 815 2037 ὲνορίας
859 1966 1008 2038 παρά
1038 1968 1267 2040 γνώμην
1328 1967 1494 2022 αὐτοῦ
1538 1969 1675 2040 πρὸς
1719 1970 1845 2033 τοὺς

252 2055 429 2129 πέριξ
498 2060 731 2128 ταυτησὶ
783 2059 884 2128 τῆς
962 2059 1380 2131 μεγαλοπόλεως
1434 2061 1845 2131 ἀπερχομένους

254 2152 597 2212 ἐπισκόπους
624 2168 685 2204 τε
730 2153 822 2204 καὶ
853 2152 1337 2223 ἀρχιεπισκόπους,
1392 2153 1664 2224 ἱερατικοῦ
1712 2153 1844 2225 παρ’

255 2242 446 2298 αὐτῶν
493 2241 776 2306 ἀξιοῦσθαι
822 2244 1182 2314 χαρίσματος,
1205 2238 1304 2297 εἶτ’
1325 2244 1479 2307 αὖθις
1511 2247 1847 2317 ἐπαναστρέ-

256 2354 387 2408 φειν
416 2338 494 2399 εἰς
525 2335 684 2405 τήνδε
715 2335 813 2407 τὴν
840 2335 963 2390 καθ’
997 2337 1148 2407 ἡμᾶς
1177 2337 1415 2410 ὲνορίαν,
1450 2339 1588 2408 μετά
1615 2339 1679 2410 δὴ
1705 2341 1846 2411 τάχα

257 2430 363 2485 καὶ
388 2430 734 2500 γραμμάτων
795 2429 1167 2483 συττατικῶνο
1197 2429 1258 2482 τὸ
1284 2431 1536 2500 ποιητέον
1565 2430 1717 2501 αὐτῷ
1749 2434 1845 2486 ἐπὶ

256 2521 477 2583 τούτοις
506 2520 689 2589 ἐζήτει
733 2520 922 2590 μαθεῖν
958 2520 1111 2593 παρὰ
1138 2521 1236 2592 τῆς
1269 2521 1425 2592 ἡμῶν
1468 2524 1846 2594 μετριότητος.

272 2608 667 2679 Ἀμφιϐἀλλειν
716 2607 824 2680 γὰρ
907 2611 968 2662 οὐ
1024 2610 1240 2683 μικρῶς
1315 2610 1521 2681 ἔφασκε
1555 2652 1569 2675 ,
1630 2614 1847 2684 μήποτε

258 2702 534 2773 κρίμασιν
621 2700 925 2773 ἀλλοτρίοις
1006 2702 1428 2772 ὲπικοινωνοίη,
1501 2706 1850 2777 παραχωρῶν

262 2793 540 2865 ἱερᾶσθαι,
577 2794 673 2858 οὓς
725 2795 885 2857 αὐτὸς
934 2792 1196 2864 ὲξήτασευ
1223 2797 1353 2866 περὶ
1371 2789 1446 2852 ὧν
1476 2796 1601 2851 οὔτε
1638 2797 1852 2870 μαρτύ-

264 2904 405 2961 ρων,
436 2888 512 2952 ὡς
552 2888 672 2952 ἔθος
703 2889 872 2959 αὐτῷ,
934 2889 1329 2962 παραστάντων
1359 2891 1615 2956 ἐπύθετο,
1657 2893 1753 2945 καὶ
1796 2893 1845 2945 εί

264 2982 478 3053 χρόνων
532 2978 644 3037 εἷεν
671 2982 777 3036 τῶν
801 2983 1143 3054 ὡρισμένων,
1187 2983 1692 3056 πεπληροςςόρηται·
1725 2983 1852 3039 οὔτε

263 3074 602 3148 δοκιμασίαν
660 3076 920 3143 περὶτοῦ
976 3077 1092 3153 βίου
1151 3078 1354 3131 τούτων
1404 3078 1723 3145 πεποίηται,
1760 3080 1854 3133 κα)⁸

263 3167 333 3222 τὸ
352 3167 542 3221 πιστὸν
566 3168 661 3222 τοῦ
689 3168 872 3233 ἀξίους
906 3168 1040 3223 εἶναι
1076 3170 1168 3223 τοῦ
1201 3171 1622 3241 ἐπαγγέλματος
1652 3173 1715 3224 ἐκ
1756 3172 1854 3243 τῆς

266 3262 656 3334 ἐνυπογράφου
707 3263 1015 3337 μαρτυρίας
1054 3262 1161 3318 τῶν
1188 3264 1329 3317 κατά
1379 3263 1602 3334 πνεῦμα
1628 3262 1854 3326 τούτους
1880 3283 1924 3346 C

266 3352 660 3424 ὡδινησάντων
719 3355 1029 3425 παρείληφε
1074 3371 1091 3388 ο
1139 3356 1233 3411 καὶ
1319 3357 1494 3410 ταῦτα
1524 3398 1539 3421 ,
1589 3356 1853 3420 πολλάκις

268 3443 367 3499 ἐπί
407 3462 569 3499 τινων
597 3449 889 3517 προφανῶς
922 3448 1346 3520 ἐναντιουμένης
1376 3451 1476 3520 τῆς
1504 3448 1682 3517 ὅψεως
1727 3450 1855 3523 περὶ

267 3539 372 3607 τὴν
434 3538 543 3591 τῶν
609 3539 816 3610 χρόνων
843 3540 980 3606 τέως
1010 3542 1306 3597 ἐντέλειαν·
1339 3544 1434 3597 καὶ
1476 3543 1573 3597 τὸν
1603 3560 1856 3612 τριακονο

268 3631 474 3702 ταύτην
526 3627 669 3686 εἶναι
718 3634 1024 3704 ὀφείλοντα,
1090 3636 1270 3707 πολλῷ
1316 3637 1416 3706 τῆς
1467 3636 1725 3707 τοιαύτης
1751 3636 1858 3690 λεί-

270 3725 476 3780 πεσθαι
538 3725 884 3796 προθεσμίας
921 3743 935 3758 ο
988 3727 1529 3799 προσμαρτυρούσης
1577 3729 1859 3801 προδήλως

270 3819 340 3873 ἐκ
361 3836 423 3871 τε
452 3819 553 3889 τῆς
586 3820 729 3873 κατὰ
753 3819 850 3888 τὴν
879 3819 1093 3890 ἠλικίαν
1125 3819 1219 3874 τοῦ
1244 3821 1501 3889 σώματος
1524 3807 1860 3892 (ῥαινομένης

270 3911 505 3975 ἀτελοῦς
558 3912 989 3990 καταστάσεως,
1019 3913 1115 3967 καὶ
1148 3913 1208 3980 ἐξ
1240 3914 1412 3985 αὐτῆς
1463 3914 1558 3968 τοῦ
1591 3913 1860 3982 πώγωνος

270 4006 376 4076 τῆς
409 4003 811 4074 ὲπιψιλώσεως,
879 4007 968 4076 ἐφ’
1013 4000 1090 4062 ὧν
1133 4007 1190 4062 δὲ
1248 4007 1512 4079 βραχείας
1570 4010 1712 4064 πάνυ
1763 4010 1860 4064 καὶ⁹

272 4099 633 4169 ἔνδεεστέρας
688 4100 870 4171 πολλῴ
924 4102 1019 4155 τοῦ
1044 4103 1419 4173 προσήκοντος
1464 4102 1861 4175 τριακοντούτῃ

272 4193 617 4262 πωγωνιήτῃ
666 4190 1040 4262 τριχώματος.
1094 4192 1283 4247 Ταῦτα
1339 4194 1539 4263 λέγων,
1605 4195 1704 4250 καὶ
1760 4196 1861 4267 τήν

276 4283 637 4356 ὖςὲρπουσαν
694 4283 885 4337 τοῦτον
930 4284 1261 4354 ἀμφιϐολίαν
1329 4286 1423 4341 καὶ
1470 4288 1742 4359 ἀπορίαν,
1786 4286 1862 4353 ὡς

274 4376 379 4430 οὐκ
403 4374 718 4445 ἀνεύλογον,
750 4377 807 4445 ἐξ
830 4377 1008 4449 ἔργων
1040 4379 1218 4433 αὐτῶν
1250 4382 1607 4453 παρεδήλωσε
1631 4397 1644 4411 ·
1679 4399 1862 4454 παρα·-

278 4470 631 4538 στησάμενος
676 4472 743 4541 τῇ
794 4471 952 4540 ἡμῶν
1006 4472 1324 4543 μετριότητι
1378 4474 1674 4538 συνοδικῶς
1736 4493 1864 4547 προ·

277 4559 597 4631 καθημένη,
628 4559 728 4631 τήν
761 4560 1000 4631 σήμερον
1033 4561 1129 4616 δύο
1151 4564 1246 4617 καὶ
1277 4567 1426 4634 τρεῖς
1446 4564 1618 4629 οὕτως
1641 4566 1863 4638 ἔχοντας

1940 666 2303 722 diaconorum
2354 674 2409 723 et
2443 668 2791 743 sacerdotum
2846 667 2966 723 suis
3021 665 3355 723 diceeesibus
3414 683 3523 723 non

1943 760 2320 828 subjectorum
2344 761 2720 816 ordinationes
2738 760 2877 815 citra
2898 760 3060 813 ullam
3083 761 3524 821 observationem

1946 850 2125 906 facere
2156 854 2481 923 deprehensi
2545 864 2689 909 sunt.
2742 853 2844 920 Qui
2883 854 3048 907 etiam
3081 854 3147 906 de
3176 868 3264 919 oo,
3305 855 3452 921 quod
3495 871 3523 907 a

1946 945 2299 999 sanctissimo
2364 946 2679 1015 patriarcha
2760 955 2973 1013 nostro,
3044 946 3268 1001 domino
3352 945 3523 1011 Luca,

1945 1034 2330 1088 aununtiatum
2364 1043 2473 1096 est,
2505 1043 2559 1089 et
2608 1035 2872 1089 admoniti
2928 1045 2978 1099 ιι,
3037 1044 3095 1090 ιιι
3154 1035 3268 1090 htec
3333 1051 3529 1091 contra

1946 1137 2185 1179 canones
2231 1122 2410 1178 facere
2460 1122 2781 1178 desinerent
2828 1141 2843 1179 :
2883 1134 3061 1189 extra,
3114 1126 3358 1196 inquam.
3415 1143 3529 1182 sua:

1947 1213 2188 1284 regionis
2217 1202 2419 1269 limites
2445 1208 2724 1281 ordinare,
2758 1224 2812 1271 et
2846 1217 2938 1281 iis,
2973 1219 3065 1286 qui
3093 1233 3158 1272 ex
3211 1218 3388 1272 aliena
3442 1233 3523 1272 re-

1948 1308 2111 1379 gione
2147 1307 2214 1362 ad
2245 1325 2304 1364 se
2336 1311 2582 1375 veniunt,
2615 1318 2725 1365 tam
2760 1311 2930 1366 libere
2962 1328 3155 1389 manus
3203 1312 3528 1383 imponere:

1947 1394 2278 1457 oblivionem
2305 1419 2521 1468 eorum,
2555 1419 2678 1475 qua:
2708 1412 2835 1460 ante
2882 1403 3039 1459 facta:
3070 1416 3257 1467 erant,
3277 1406 3528 1459 declara-

1951 1496 2162 1552 tionum
2192 1504 2241 1563 ο,
2307 1511 2415 1552 non
2471 1505 2836 1553 cessaverunt
2897 1500 3180 1568 imponere
3240 1514 3417 1568 usque
3475 1500 3529 1553 in

1916 1582 2276 1644 hodiernum
2308 1587 2478 1644 diem.
2512 1589 2650 1655 Quia
2686 1601 2869 1651 autem
2901 1601 3105 1644 nostra:
3164 1589 3530 1645 mediocritati

1950 1696 1979 1735 a
2012 1687 2201 1735 nostro
2242 1680 2332 1752 pio
2356 1680 2784 1751 chartopltylai-e
2817 1683 3192 1737 renuntiatum
3240 1690 3345 1748 est,
3393 1684 3533 1737 mul-

1951 1783 2037 1832 tos
2065 1791 2129 1830 ex
2159 1783 2346 1831 nostra
2382 1776 2609 1846 regione
2660 1789 2858 1849 praeter
2915 1778 3037 1848 ejus
3085 1779 3418 1835 voluntatem
3448 1779 3532 1835 ,ad

1950 1868 2240 1938 episcopos
2271 1873 2326 1921 et
2356 1868 2827 1939 arcltiepisropos,
2861 1870 2954 1941 qui
2980 1879 3107 1926 sunt
3138 1871 3348 1926 circum
3389 1870 3534 1928 circa

1952 1976 2204 2029 magnam
2260 1962 2403 2016 hanc
2451 1962 2747 2029 civitatem,
2804 1964 3152 2032 accedentes,
3207 1963 3535 2033 sacerdotali

1952 2068 2182 2109 munere
2206 2053 2275 2107 ab
2303 2053 2386 2108 eis
2413 2053 2611 2126 dignos
2643 2052 2856 2120 haberi,
2877 2054 3078 2110 deinde
3112 2070 3305 2111 rursus
3337 2055 3536 2111 reverti

1949 2144 2017 2200 ad
2053 2146 2189 2201 hanc
2227 2156 2467 2201 nostram
2501 2148 2776 2217 regionem
2805 2161 2929 2201 cum
2962 2147 3158 2203 litteris
3208 2147 3349 2203 forte
3383 2163 3535 2203 com-

1953 2236 2325 2294 mendatitiis:
2368 2238 2498 2308 quid
2529 2238 2635 2293 sibi
2661 2240 2935 2310 agendum
2981 2241 3054 2295 sit
3090 2241 3145 2294 in
3175 2239 3265 2305 iis,
3294 2256 3325 2296 a
3351 2249 3535 2296 nostra

1948 2318 2260 2398 intelligere
2344 2329 2722 2407 mediocritate
2808 2333 3134 2403 postulavit.
3191 2331 3335 2388 Dixit
3387 2334 3534 2387 enim

1953 2436 2013 2478 se
2043 2436 2150 2476 non
2184 2438 2375 2492 parum
2407 2422 2689 2491 dubitare,
2722 2441 2789 2481 ne
2828 2425 2948 2497 ipse
2975 2427 3173 2482 alienis
3207 2425 3350 2482 forte
3389 2425 3539 2494 judi-

1953 2516 2054 2572 ciis
2081 2516 2471 2580 communicet,
2503 2518 2826 2587 permittens
2854 2535 2952 2576 eos
2976 2520 3044 2575 ad
3100 2535 3260 2575 sacra
3296 2519 3536 2583 admitti,

1952 2625 2093 2680 quos
2128 2609 2245 2680 ipse
2283 2624 2391 2671 non
2409 2611 2778 2681 examinavit:
2811 2614 2880 2668 de
2908 2614 3116 2683 quibus
3136 2627 3239 2668 nec
3268 2620 3540 2678 testes,ut

1954 2703 2060 2774 ipsi
2092 2719 2213 2759 mos
2243 2711 2348 2769 est,
2406 2712 2651 2760 astantes
2695 2705 3057 2774 interrogavit
3088 2722 3102 2772 ;
3136 2720 3237 2761 nec
3284 2720 3363 2767 an,
3405 2720 3543 2774 pra!-

1956 2796 2140 2851 linitos
2172 2811 2345 2851 annos
2378 2797 2640 2864 natisint,
2664 2798 2868 2853 certior
2891 2799 3186 2864 metusest,
3225 2814 3326 2857 nec
3348 2812 3538 2855 eorum

1958 2887 2122 2941 vitam
2149 2870 2484 2941 exatninavit
2515 2905 2528 2942 :
2551 2903 2655 2942 nec
2685 2887 2822 2944 lides
2848 2889 2955 2943 sibi
2978 2888 3122 2944 facta
3146 2898 3235 2943 est
3248 2905 3312 2945 ex
3331 2889 3541 2958 scripto

1956 2992 2147 3034 eorum
2198 2981 2515 3035 testimonio
2556 2981 2700 3051 :qui
2761 2980 2882 3036 illos
2929 2980 3233 3036 secnndunt
3285 2981 3538 3055 spiritum

1956 3082 2311 3141 pepererunt,
2345 3088 2439 3129 eos
2466 3088 2586 3129 esse
2609 3089 2708 3129 sua
2732 3072 3081 3143 professione
3103 3073 3323 3144 dignos,
3355 3075 3538 3144 idque.

1958 3178 2082 3219 cum
2149 3180 2293 3235 saepe
2365 3165 2420 3219 in
2486 3167 2771 3223 nonnullis
2856 3166 3151 3229 manifeste
3216 3168 3542 3231 adversetur

1958 3266 2236 3326 aspectus,
2268 3258 2414 3328 quod
2439 3259 2505 3313 ad
2534 3274 2805 3312 annorum
2834 3262 3299 3330 complementum
3321 3262 3540 3328 attinet,

1950 3357 2011 3411 ,et
2037 3349 2131 3419 qui
2155 3365 2262 3403 xxx
2293 3365 2469 3405 annos
2499 3360 2667 3406 natus
2690 3366 2815 3407 esse
2841 3351 3088 3418 deberet,
3117 3352 3186 3407 ab
3205 3367 3272 3409 eo
3296 3361 3542 3423 tempore

1960 3440 2119 3513 longe
2149 3442 2314 3511 absit,
2371 3443 2622 3514 corporis
2657 3446 3084 3509 constitutione,
3113 3460 3223 3515 qua
3273 3448 3541 3509 cernitur,

1957 3546 2174 3592 aetatem
2236 3547 2426 3609 aperte
2468 3546 2753 3604 testante”
2785 3540 3018 3609 ipsaque
3050 3540 3235 3596 barba:
3278 3541 3541 3596 raritate:

1961 3643 2082 3683 cum
2122 3631 2177 3684 in
2205 3631 2329 3685 aliis
2358 3631 2580 3701 quidem
2608 3632 2705 3700 pili
2739 3634 2897 3699 nullo
2928 3632 3097 3688 modo
3126 3644 3451 3704 appareant,
3486 3634 3542 3689 in

1963 3722 2084 3776 aliis
2120 3738 2249 3777 vero
2278 3724 2485 3793 brevis,
2522 3733 2577 3779 et
2631 3726 2809 3791 multo
2864 3725 3049 3781 minor
3113 3742 3276 3795 quam
3325 3727 3544 3797 triginta

1963 3826 2234 3867 annorum
2264 3816 2405 3885 pilos
2428 3832 2556 3872 esse
2588 3825 2860 3885 oporteat.
2897 3816 3021 3872 llaec
3050 3816 3263 3882 dicens,
3297 3819 3463 3873 etiam
3492 3819 3543 3874 ei

1963 3916 2348 3960 occurrentem
2381 3909 2786 3965 dubitationem
2822 3926 2937 3967 non
2977 3926 3102 3967 esse
3142 3911 3403 3981 injustam
3464 3912 3547 3968 fa-

1963 3996 2067 4050 ctis
2124 3997 2259 4065 ipsis
2312 4000 2575 4070 ostendit,
2610 4014 2817 4057 nostra:
2867 4002 3231 4059 mediocritati
3283 4004 3546 4074 synodico

1960 4088 2125 4165 hodie
2160 4090 2493 4160 praesidenti,
2521 4094 2662 4148 duos
2694 4096 2776 4149 vel
2823 4104 2955 4161 tres,
2983 4096 3074 4165 qui
3112 4096 3215 4152 hoc
3250 4104 3412 4151 erant
3459 4112 3546 4151 as-

1965 4189 2124 4254 pectu
2150 4192 2204 4253 et
2230 4185 2655 4248 constitutione.
2686 4197 2742 4241 et
2766 4188 2834 4247 ad
2860 4203 3050 4244 sacros
3073 4188 3297 4246 ordines
3322 4202 3546 4259 promo-

1966 4275 2006 4329 ti
2039 4284 2219 4343 erant,
2250 4275 2516 4334 exhibens
2542 4296 2557 4333 :
2587 4279 2687 4336 hos
2712 4280 2956 4350 quidem,
2981 4296 3011 4335 a
3048 4282 3137 4337 Dei
3168 4282 3546 4337 amantissimo

1962 4366 2125 4424 Derci
2182 4371 2479 4439 episcopo:
2513 4371 2640 4427 illos
2672 4388 2827 4437 vero,
2861 4387 2891 4426 a
2918 4373 3024 4433 Dei
3072 4376 3387 4431 amantibus
3432 4377 3549 4446 epi-

1964 4461 2145 4527 scopis
2173 4461 2403 4517 Pra-neti
2428 4471 2482 4518 et
2505 4462 2820 4529 Chalcidis;
2839 4473 2894 4520 et
2917 4466 3126 4529 dicens,
3147 4467 3284 4522 alios
3306 4467 3546 4523 adiver-

1968 4554 2046 4609 sis
2084 4553 2164 4609 sic
2199 4556 2480 4610 ordinatos
2504 4556 2595 4610 hic
2624 4571 2747 4612 esse
2795 4566 2851 4615 et
2902 4558 3133 4623 versari,
3164 4568 3220 4613 et
3267 4561 3406 4615 vello
3467 4562 3547 4616 uti

277 4650 457 4720 ὂψεως
514 4652 611 4705 καὶ
668 4653 1082 4721 καταστάσεως,
1116 4656 1213 4709 καὶ
1249 4658 1330 4721 εἰς
1355 4658 1632 4729 ἱερατικὸν
1661 4659 1852 4730 προὸισ

1964 4647 2280 4703 sacerdotes
2344 4663 2501 4704 sacra
2531 4649 2834 4709 celebrare.
2870 4651 3021 4708 Haec
3052 4662 3188 4722 ergo
3250 4654 3551 4725 religiosis-

278 4743 588 4809 ϐασθέντας
654 4743 862 4817 βαθμόν
885 4761 896 4774 °
926 4746 985 4800 ὃν
1022 4746 1142 4817 μὲν,
1190 4749 1342 4819 παρά
1369 4749 1464 4802 τοῦ
1507 4750 1860 4819 θεοφιλεστά-

276 4854 376 4890 του
425 4836 733 4891 ἐπισκόπου
790 4838 1040 4909 Δέρκου·
1093 4839 1189 4905 οὓς
1236 4841 1314 4905 δὲ,
1357 4842 1510 4912 παρὰ
1565 4842 1677 4896 τῶν
1736 4842 1855 4897 θεο-

280 4926 457 4993 φιλῶν
490 4927 829 4992 ἐπισκόπων,
860 4929 952 4983 τοῦ
973 4947 1033 4983 τε
1067 4931 1372 5002 Πραινέτου
1401 4933 1498 4987 καὶ
1534 4933 1628 4987 τοῦ
1657 4933 1866 4987 Χαλκί-

278 5017 403 5082 δοςο
435 5019 535 5072 καὶ
556 5018 751 5084 ἄλλους
774 5021 832 5074 δὲ
869 5021 1018 5093 παρὰ
1064 5020 1340 5093 διαφόρων
1371 5023 1515 5079 οὕτω
1550 5042 1862 5097 κεχειροτοο

280 5109 555 5178 νημένους
615 5112 859 5180 φάμενος
912 5106 1074 5179 εἶναι,
1132 5114 1227 5168 καὶ
1261 5114 1560 5186 διατρίϐειν
1607 5117 1864 5183 ἐνταῦθα,

278 5200 379 5252 καὶ
409 5201 720 5272 ἱερουργεῖν
760 5204 966 5259 ἐθέλειν
995 5206 1072 5270 ὡς
1094 5208 1283 5276 ἱερεῖς.
1337 5209 1410 5262 Τὸ
1440 5209 1574 5278 γοῦν
1620 5208 1865 5265 τοιοῦτον

277 5290 376 5347 τοῦ
399 5292 819 5363 θεοφιλεστάτου
848 5300 883 5369 ή
893 5297 1010 5368 μῶν
1038 5300 1466 5370 χαρτοφύλακος
1499 5301 1866 5374 ἀξιοζήτητον

281 5383 605 5455 πρόϐλημα,
673 5387 795 5442 οὐδὲ
849 5390 883 5461 ἡ
948 5392 1242 5463 μετριότης
1308 5392 1471 5463 ἡμῶν
1530 5394 1861 5451 καταλιπεῖν

279 5474 548 5528 ἐθέλουσα
603 5476 821 5544 ἄλυτον,
855 5480 950 5533 ἐπὶ
998 5480 1180 5535 κοινοῦ
1249 5482 1761 5557 συνδιασκεψαμένη
1787 5488 1858 5558 τῇ

279 5565 589 5639 ἐνδημούσῃ
639 5567 759 5640 θείᾳ⁴
809 5572 903 5626 καὶ
992 5573 1114 5645 ἱερᾷ
1174 5575 1474 5645 ἐπέτρεψεν
1508 5575 1853 5648 ἀδελφότητι.

279 5655 476 5711 Τοίνυν
539 5660 634 5714 καὶ
679 5663 807 5733 περὶ
854 5663 948 5717 τοῦ
997 5666 1362 5738 προκειμένου
1401 5666 1850 5740 διαγνωμονῆσαι

1965 4742 2089 4797 simi
2127 4742 2303 4798 nostri
2332 4742 2779 4814 chartophylacis
2804 4747 3041 4813 quaesito
3070 4744 3291 4815 dignam
3344 4761 3548 4818 propo-

1965 4835 2218 4890 sitionem
2243 4850 2346 4892 nec
2375 4844 2570 4891 nostra
2605 4836 2957 4892 mediocritas
3003 4838 3197 4893 volens
3249 4841 3548 4896 insolutam

1963 4928 2301 4997 relinquere.
2334 4929 2702 4985 communiter
2729 4928 3190 4986 considerandam
3242 4932 3443 4988 divinae
3495 4947 3551 4989 et

1965 5036 2158 5086 sacrae,
2187 5037 2312 5090 quae
2346 5021 2437 5076 hic
2465 5022 2579 5091 agit
2629 5021 2961 5078 fraternitati
3016 5026 3284 5095 permisit.
3322 5028 3467 5096 Ergo
3497 5041 3549 5082 et

1965 5114 2035 5171 de
2059 5116 2347 5184 proposito
2376 5115 2691 5185 disci-plan:
2726 5118 2995 5179 volentes.
3026 5120 3179 5187 prius
3234 5128 3296 5173 ut
3340 5120 3550 5175 discer-

1966 5219 2130 5263 natur
2151 5207 2466 5276 petivimus,
2499 5224 2750 5277 quatnam
2773 5220 2900 5264 sunt
2934 5213 3268 5278 antistitum,
3306 5213 3398 5282 qui
3419 5221 3548 5267 sunt

1968 5299 2191 5369 ubique,
2224 5301 2541 5355 communia
2574 5310 2632 5355 et
2688 5317 2811 5370 quae
2867 5307 2977 5358 sint
3027 5306 3307 5373 spectatio,
3361 5306 3410 5360 id
3442 5314 3544 5371 est,

1966 5406 2217 5463 quantum
2242 5393 2491 5462 ejusdem
2532 5394 2773 5463 regionis
2820 5397 3060 5466 episcopi
3114 5410 3380 5467 peragere
3437 5413 3545 5452 non

1966 5484 2325 5555 prohibentur
2355 5486 2408 5540 in
2438 5486 2526 5553 iis,
2577 5488 2672 5558 qui
2699 5489 2767 5543 ad
2800 5490 2920 5545 illos
2975 5490 3358 5561 undecumque
3389 5506 3551 5546 aece~

1967 5579 2123 5643 dunt,
2178 5586 2233 5633 et
2291 5594 2541 5649 quamam
2590 5589 2745 5637 extra
2806 5598 2919 5638 sure
2972 5583 3225 5639 ditecesis
3284 5584 3549 5640 terminas-

1966 5668 2146 5725 facere
2177 5669 2558 5739 prohibentur.
2776 5708 2781 5713 ι
3030 5690 3035 5695 '

1588 5754 1820 5843 vimus
1861 5785 2271 5844 LEC'I‘IONES.

345 5878 682 5962 felt-etram
711 5879 807 5935 hoc
834 5884 1041 5937 nomine
1093 5883 1418 5952 interpellati
1450 5902 1481 5937 a
1513 5884 1786 5940 decessore
1825 5892 2027 5949 nostro,
2068 5886 2317 5942 sancriss.
2369 5889 2597 5957 patriar.
2663 5892 2876 5950 domino
2927 5892 3093 5962 Lucd,
3148 5899 3197 5947 et
3262 5895 3542 5955 admoniti.

284 5951 310 5981 ο
341 5944 742 6003 interdicturum
754 5992 766 6006 .

812 6028 841 6039 ,ο
