3950 6588
469 441 573 509 791

1772 457 1909 520 JUS
1934 457 2376 522 CANONICUM

3612 464 3722 529 792

469 567 735 634 θέλοντες,
783 567 1133 639 διακριθῆναι
1186 571 1448 645 πρότερον
1488 573 1857 647 ἐζητήσαμεν,
1943 575 2066 629 τίνα
2110 575 2209 646 μὲν
2241 577 2309 631 τὰ
2387 577 2496 630 τῶν
2552 576 2867 650 ἁπανταχοῦ
2899 577 3205 648 ἀρχιερέων
3243 577 3352 630 εἰσὶ
3427 579 3716 650 κοινότερα

467 662 838 734 ἐνεργήματα,
893 665 1017 719 τίνα
1062 665 1118 720 δὲ
1181 666 1510 739 ίδικώτεραο
1567 670 1840 734 τουτέστι,
1907 668 2036 722 ποία
2078 666 2178 737 μὲν
2209 669 2262 722 oi
2290 669 2546 742 ἐγχώριοι
2589 671 2698 725 τῶν
2748 671 3046 747 ἀρχιερέων
3075 671 3138 724 ού
3175 669 3509 724 ’κωλύονται

466 759 825 829 πράττεσθαι,
889 760 983 814 ἐπὶ⁵
1036 763 1152 825 τοῖς
1211 763 1548 835 όθενδήποτέί
1593 783 1751 836 σφισι
1795 761 2290 836 προσερχομένοις·
2330 766 2452 820 τίνα
2483 764 2540 820 δέ
2571 765 2925 837 ἀπείργονται
2959 765 3131 818 ποιεῖν
3165 757 3462 837 ὑπερόριαζ

539 855 741 909 Deinde
763 865 791 905 Ρ
809 856 875 910 ale
900 871 962 909 ea
984 872 1040 910 re
1053 859 1385 912 sententiam
1399 859 1541 915 ferre
1563 876 1627 916 eu
1639 861 1868 931 pientes,
1885 860 2007 914 inve

2208 861 2318 914 Καὶ
2349 860 2536 930 ἐπειδὴ
2569 859 2637 914 τά
2665 861 2793 932 περ)⁸
2828 860 3032 914 τούτων
3064 857 3502 929 φιλοκρινοῦντες
3549 857 3715 927 ἐφεύ-

465 947 645 1003 nimus
675 964 771 1004 eos
799 949 1042 1019 quidem,
1075 950 1166 1019 qui
1186 951 1460 1022 mysteriis
1491 968 1600 1008 non
1634 962 1766 1010 sunt
1806 951 2031 1017 initiati,

464 1038 588 1094 ﬁdei
643 1041 909 1095 rationem
966 1041 1185 1107 docere,
1217 1053 1272 1098 et
1301 1043 1640 1100 eatecliizare
1672 1063 1687 1100 :
1715 1044 1912 1100 deinde
1961 1045 2034 1100 sit

460 1135 624 1187 etiam
653 1133 1050 1190 illuminatione
1078 1134 1311 1207 dignari,
1353 1151 1415 1193 ac
1444 1137 1625 1192 divina
1669 1139 1832 1196 etiam
1866 1146 1921 1195 et
1951 1137 2034 1193 vi-

459 1225 618 1278 vilica
651 1227 917 1296 mysteria
948 1228 1357 1284 communicare
1386 1229 1663 1296 ﬁdelibus,
1683 1231 1775 1302 qui
1802 1241 1933 1287 sunt
1962 1248 2030 1288 ex

456 1331 784 1388 quacunque
824 1318 1079 1390 regione;
1129 1320 1234 1376 hoc
1266 1336 1391 1378 esse
1434 1337 1726 1380 commune
1787 1323 2026 1379 omcium

454 1408 844 1478 indicavimus,
880 1419 936 1466 et
979 1411 1074 1475 iis,
1101 1410 1194 1482 qui
1225 1427 1292 1469 ex
1341 1415 1557 1485 propria
1609 1416 1833 1488 regione
1872 1430 2030 1472 acce-

455 1505 614 1568 dunt,
651 1512 706 1558 et
740 1504 809 1560 iis
840 1504 1004 1559 etiam
1033 1505 1126 1574 qui
1171 1519 1239 1560 ex
1286 1506 1462 1562 aliena
1505 1509 1727 1580 regione
1777 1509 2028 1564 veniunt.

453 1592 646 1651 Manus
677 1604 858 1652 autem
888 1596 1188 1666 imponere,
1217 1608 1271 1654 et
1293 1613 1482 1655 saeros
1509 1600 1728 1656 ordines
1746 1599 2023 1670 conferre,

451 1705 560 1743 non
595 1689 683 1753 iis,
718 1691 812 1759 qui
843 1693 1208 1763 undequaque
1233 1694 1480 1758 veniunt,
1513 1694 1608 1750 sed
1640 1695 1708 1751 iis
1738 1695 1894 1763 solis,
1927 1697 2021 1767 qui

451 1789 580 1835 sunt
595 1781 712 1849 ejus
728 1782 1004 1849 dimcesis,
1022 1784 1318 1856 unicuique
1333 1785 1563 1842 antistiti
1578 1801 1786 1842 canone
1799 1795 2018 1842 cautum

449 1882 534 1929 est
567 1893 580 1929 :
629 1889 694 1930 ne
723 1875 880 1930 'inter
910 1893 1007 1933 eos
1043 1877 1291 1934 conlusio
1329 1879 1632 1950 seditioque
1672 1891 1944 1946 versetur,
1990 1895 2020 1934 a

449 1965 648 2031 quibus
687 1976 742 2021 et
767 1967 900 2022 ordo
929 1976 983 2023 et
1017 1968 1169 2039 pacis
1202 1967 1406 2024 bonum
1453 1969 1576 2025 aliis
1607 1985 1828 2042 quoque
1866 1979 2019 2029 certa

447 2056 608 2111 debet
637 2058 822 2128 regula
851 2057 1011 2114 tradi.
1048 2058 1316 2126 Quoniam
1346 2075 1476 2132 ergo
1505 2062 1620 2116 haec
1646 2061 1908 2133 inquisita
1935 2065 2018 2120 sic

446 2149 645 2205 habere
693 2164 754 2204 se
796 2150 1134 2216 invenimus,
1186 2166 1281 2208 eos
1332 2153 1578 2224 quidem,
1619 2153 1865 2225 quiante
1894 2157 2014 2212 fue-

443 2248 593 2303 runt,
628 2243 1023 2314 propemodum
1086 2243 1458 2300 condemnare
1485 2287 1500 2313 ,
1557 2252 1614 2301 et
1653 2248 2014 2303 sacerdotalia
2050 2228 2094 2285 Β

442 2349 692 2397 munera,
727 2350 849 2406 quae
871 2335 984 2404 jam
1023 2335 1302 2402 obierunt,
1337 2337 1621 2395 inﬁrmare
1663 2348 1719 2396 et
1765 2342 1849 2396 vel
1895 2357 2012 2410 eos,

443 2426 536 2496 qui
598 2425 947 2496 ordinarunt,
992 2430 1357 2500 segregationi
1405 2429 1714 2500 subjicere,
1755 2433 1838 2488 vel
1893 2447 2011 2499 eos,

441 2519 536 2588 qui
594 2520 834 2575 ordinati
897 2531 1048 2588 sunt,
1088 2523 1418 2579 sacerdotali
1459 2525 1672 2581 nudare
1705 2525 1969 2597 dignitate
1993 2567 2010 2592 ,

441 2608 637 2664 durum
665 2611 888 2666 omnino
923 2620 977 2666 et
1017 2611 1373 2668 inhumanum
1403 2616 1838 2672 existimavimus
1875 2618 2011 2673 :sed

439 2716 537 2757 eos
575 2715 684 2756 non
731 2704 967 2773 amplius
998 2703 1163 2772 ferre,
1197 2706 1290 2775 qui
1321 2706 1374 2761 in
1418 2716 1666 2764 nostrum
1698 2709 2012 2780 q‘praejudi-

439 2793 584 2849 cium
621 2800 734 2849 tam
763 2810 794 2850 a
827 2796 1042 2852 ratione
1077 2797 1254 2853 aliena
1286 2798 1538 2854 fecerunt
1571 2841 1588 2869 ,
1619 2809 1674 2856 et
1698 2817 1821 2872 quae
1849 2803 2006 2873 prius

437 2887 656 2954 quidem
684 2888 824 2942 facta
857 2899 1006 2954 sunt,
1028 2890 1266 2948 humane
1284 2893 1688 2962 transmittere;
1723 2895 1773 2950 id
1803 2903 2006 2962 autem,

436 2979 582 3051 quod
616 2979 861 3037 futurum
915 2994 1022 3051 est,
1055 2983 1386 3057 corrigendo
1446 2994 1625 3042 tutum
1671 2987 1906 3044 reddere
1947 2995 2010 3044 ut

436 3071 580 3140 quod
612 3071 767 3129 nobis
793 3072 1038 3144 ipsisque
1067 3075 1344 3144 conferat,
1369 3081 1689 3136 censuimus
1723 3097 1738 3134 :
1772 3087 1825 3136 et
1849 3079 2008 3134 dein-

434 3177 566 3232 ceps
624 3165 912 3221 unanimes
949 3175 970 3204 τ
1001 3182 1197 3224 omnes
1247 3171 1694 3238 pronuntiamus,
1754 3187 1823 3228 ne
1877 3171 2004 3243 quis

434 3252 697 3324 deinceps
731 3269 795 3310 ex
836 3255 1088 3313 ﬁnitimis
1135 3258 1334 3314 audeat
1367 3260 1733 3326 antistitibus,
1789 3275 1891 3316 nec
1937 3276 2005 3316 ex

435 3345 815 3411 ulterioribus,
871 3347 989 3404 sive
1046 3364 1114 3403 ex
1162 3359 1354 3405 nostra
1406 3351 1539 3418 sint,
1580 3353 1702 3407 sive
1724 3367 1789 3407 ex
1823 3353 2002 3408 aliena

434 3435 670 3501 synodo,
695 3450 916 3490 manum
957 3451 1148 3494 sacros
1170 3441 1394 3497 ordines
1423 3441 1802 3498 conferentem
1828 3445 2004 3516 impo—

435 3540 566 3582 nere
590 3525 756 3581 alicui
787 3541 999 3594 eorum,
1033 3529 1126 3600 qui
1192 3540 1324 3587 sunt
1378 3533 1546 3605 hujus
1600 3534 1903 3606 imperialis
1948 3545 2002 3595 et

2142 953 2328 1022 ρομεν,
2357 951 2419 1005 τδ
2453 952 2551 1022 μὲν
2583 953 2865 1023 ἀμυήτους
2892 952 2982 1005 τὸν
3014 950 3143 1021 περὶ
3172 951 3411 1014 πίστεως
3439 951 3602 1020 λόγον
3636 954 3717 1004 δι-

2135 1040 2376 1106 δάσκειν,
2413 1041 2506 1094 καὶ
2553 1043 2833 1112 κατηχεῖν,
2885 1035 2986 1093 εἷθ’
3035 1039 3180 1092 οὕτω
3209 1039 3304 1092 καὶ
3354 1040 3711 1110 φωτίσματος

2135 1128 2340 1196 ἀξιοῦν,
2377 1128 2514 1184 ἀλλά
2559 1131 2655 1183 καὶ
2703 1128 2806 1199 τῆς
2833 1128 2944 1182 τῶν
2977 1127 3138 1182 θείων
3166 1127 3262 1182 καὶ
3293 1127 3576 1193 ζωοποιῶν
3606 1146 3709 1199 μυ-

2135 1223 2374 1294 στηρίων
2423 1221 2780 1294 μεταλήψεως
2829 1218 3170 1292 μεταδιδόναι
3211 1222 3327 1285 τοῖς
3381 1218 3440 1285 ἐξ
3484 1219 3708 1274 οίασοῦν

2133 1312 2350 1383 ἐνορίας
2387 1314 2634 1378 πιστοῖς,
2673 1313 2956 1384 ἐνέργημα
2993 1307 3132 1365 εἶναι
3184 1310 3343 1364 τοῦτο
3399 1311 3710 1381 κοινότερον

2130 1406 2540 1477 διεγνώκειμεν,
2593 1406 2686 1461 ἐπί
2728 1423 2789 1460 τε
2837 1405 2946 1459 τῶν
2994 1406 3058 1459 ἐκ
3099 1403 3199 1474 τῆς
3242 1402 3449 1465 οίκείας
3491 1401 3711 1474 ἐνορίας

2129 1497 2500 1571 ὡρμημένων,
2531 1499 2668 1552 ἀλλά
2699 1497 2795 1554 καὶ
2838 1496 2932 1553 ἐπὶ
2961 1495 3068 1552 τῶν
3105 1495 3164 1564 ἐξ
3197 1495 3503 1567 ἀλλοδαπῆς
3549 1495 3713 1565 ἐρχο-

2132 1593 2328 1664 μένων.
2379 1591 2732 1664 Χειροθεσίας
2779 1591 2837 1646 δέ
2889 1589 3174 1662 ἱερατικῆς
3226 1588 3436 1657 ἀξιοῦν,
3481 1587 3543 1640 οὐ
3573 1588 3708 1650 τοὺς

2129 1685 2502 1756 ἁπανταχόθεν
2541 1686 2890 1757 ἐρχομένους,
2931 1684 3048 1738 ἀλλ’
3071 1685 3106 1755 ῆ
3137 1683 3330 1756 μόνους
3357 1684 3484 1748 τοὺς
3506 1683 3572 1738 ἐκ
3605 1685 3706 1750 τῆς

2125 1779 2335 1842 οίκείας
2377 1777 2589 1849 ἐνορίας
2635 1777 2715 1831 ενι
2738 1778 2952 1845 ἑκάστῳ
2989 1776 3239 1848 ἀρχιερεῖ
3277 1776 3660 1830 κεκανόνισται
3683 1791 3702 1806 ο

2127 1871 2212 1924 ἵνα
2260 1872 2334 1943 μὴ
2371 1872 2432 1925 τὸ
2472 1873 2710 1926 ἄτακτον
2748 1869 2960 1934 τούτοις
3006 1871 3100 1923 καὶ
3145 1870 3440 1931 στασιῶδες
3466 1869 3703 1939 ἐμπολι-

2122 1962 2353 2028 τεύοιτο,
2384 1965 2445 2032 ἐξ
2481 1956 2556 2019 ὧν
2583 1963 2643 2016 τὸ
2670 1962 2933 2016 εὔτακτον
2965 1963 3058 2016 καὶ
3103 1961 3163 2016 τὸ
3205 1963 3304 2032 τῆς
3333 1963 3556 2033 εἰρήνης
3601 1978 3699 2014 κα-

2120 2055 2212 2110 λὸν
2254 2057 2348 2110 καὶ
2392 2058 2504 2119 τοῖς
2549 2055 2730 2119 ἄλλοις
2768 2053 3046 2124 ὀφείλεται
3091 2051 3490 2117 κανονίζεσθαι.
3542 2051 3700 2106 Ἐπεέ

2120 2149 2213 2203 οὖν
2239 2149 2383 2203 οῦτω
2409 2147 2584 2203 ταῦτα
2607 2147 2965 2219 ζητήσαντες,
2990 2147 3246 2219 εὕρομεν,
3271 2148 3333 2201 τὸ
3365 2147 3465 2219 μὲν
3501 2145 3700 2217 σχολὴν

2119 2241 2229 2296 τῶν
2271 2240 2682 2312 προγεγονότων
2722 2240 3231 2312 καταψηφίσασθαι,
3270 2243 3363 2294 καὶ
3405 2241 3698 2310 ἀκυρῶσαι

2121 2334 2219 2399 τὰς
2256 2335 2359 2406 ήδη
2391 2334 2538 2403 σφίσι
2565 2334 3061 2406 προτετελεσμένας
3089 2333 3367 2404 ίερατικάς
3391 2331 3695 2403 ἐνεργείας,

2121 2427 2216 2481 καὶ
2249 2429 2366 2482 εἴτε
2388 2426 2678 2498 ἀφορισμῷ
2707 2426 2834 2490 τοὺς
2861 2426 3352 2496 χειροθετήσαντας
3373 2424 3700 2478 καθυποϐα-

2119 2519 2252 2584 λεῖν,
2279 2520 2389 2573 εἴτε
2417 2519 2544 2583 τοὺς
2574 2517 3054 2590 χειροτονηθέντας
3083 2519 3183 2586 τῆς
3221 2517 3506 2587 ἱερατικῆς
3535 2514 3699 2580 ἀξίας

2117 2611 2534 2682 ἀτεογυμνῶσαι,
2574 2610 2809 2682 σκληρόν
2831 2627 2884 2663 τι
2909 2610 3005 2664 καὶ
3031 2609 3241 2680 ἀπηνὲς
3275 2610 3412 2672 ὅλως
3438 2607 3696 2676 ἐλογισά-

2121 2706 2259 2778 μεθα
2282 2721 2296 2735 ·
2333 2705 2394 2758 τὺ
2423 2703 2479 2758 δέ
2508 2703 2600 2758 καὶ
2633 2703 2714 2757 ἔτι
2745 2704 2803 2736 η
2825 2703 3166 2773 ἀνασχέσθαι
3189 2702 3297 2755 τῶν
3329 2702 3424 2755 ἐπὶ
3457 2701 3696 2772 κρίματι

2119 2798 2368 2870 σφετέρῳ
2395 2797 2464 2850 τὰ
2491 2794 2716 2851 τοιαῦτα
2745 2795 3202 2867 διαπραξαμένων
3242 2795 3555 2867 παράλογα,
3601 2796 3698 2848 καὶ

2114 2891 2185 2944 τὰ
2209 2889 2308 2959 μὲν
2335 2889 2750 2960 προτετυγμὲνα
2774 2887 3170 2962 φιλανθρώπως
3200 2889 3605 2960 παραδραμεῖν,
3635 2886 3698 2938 τὸ

2113 2985 2168 3040 δὲ
2196 2983 2388 3056 μέλλον
2418 2980 2900 3052 ἐπιδιορθωτικῶς,
2935 2979 3359 3048 ἀσφαλίσασθαι,
3400 2978 3501 3032 ἀτε
3533 2981 3692 3050 κοινῇ

2115 3077 2396 3148 συμφέρον
2429 3075 2526 3130 καὶ
2549 3075 2684 3146 ἡμῖν
2715 3074 2903 3136 αὕτοτς
2934 3072 3303 3144 ἐπεκρίναμεν
3325 3089 3339 3102 ο
3368 3070 3558 3125 λοιπὸν
3593 3071 3694 3123 καὶ

2112 3169 2546 3242 ὁμοφρονοῦντες
2596 3163 3011 3236 ἀποφαινόμεθα
3069 3165 3329 3228 ἅπαντες,
3379 3163 3584 3233 μηκέτι
3629 3161 3694 3216 rb

2111 3263 2218 3318 ἀπὸ
2239 3262 2391 3317 τοῦδε
2413 3260 2696 3332 τολμῆσαί
2715 3277 2836 3316 τινα
2871 3257 2980 3312 τῶν
3018 3255 3409 3330 πλησιοχώρων
3451 3257 3561 3309 είτε
3592 3255 3690 3308 καί

2111 3355 2479 3427 ποῤῥωτέρων
2533 3353 2856 3424 ἀρχιερέων,
2911 3351 3019 3404 τῶν
3065 3366 3124 3403 τε
3160 3350 3222 3402 ἐκ
3269 3347 3366 3419 τῆς
3405 3347 3688 3418 ἡμετέρας

2112 3446 2352 3512 συνόδου,
2385 3445 2495 3498 τῶν
2533 3462 2594 3499 τε
2635 3444 2693 3514 ἐξ
2739 3443 2952 3513 ἐτέρας,
3003 3443 3164 3512 χεῖρα
3207 3439 3535 3508 τελεστικὴν
3565 3441 3690 3491 ἐπιδ

2112 3541 2285 3596 θεῖναι
2315 3538 2408 3594 ἐπί
2428 3555 2534 3592 τινι
2577 3536 2685 3592 τῶν
2717 3537 2814 3606 τῆς
2841 3535 2944 3589 ύπδ
2968 3533 3066 3606 τὴν
3091 3531 3334 3604 βασιλίδα
3355 3530 3560 3600 ταύτην
3591 3530 3692 3584 καὶ

434 3633 646 3689 magnae
668 3620 912 3676 civitatis
933 3621 1212 3689 dimcesis,
1245 3641 1346 3682 nec
1375 3629 1488 3683 ullo
1511 3636 1854 3685 sacratorum
1881 3630 2003 3686 loco

2113 3631 2474 3705 μεγαλόπολιν
2524 3631 2695 3684 ὅντων
2743 3627 2958 3698 ὲνορίας
2985 3668 2998 3692 ,
3035 3626 3128 3679 καὶ
3158 3623 3488 3694 οἰουδήτινος
3522 3622 3691 3677 αὑτὸν

432 3722 484 3764 et
519 3711 698 3781 gradu-
721 3727 816 3767 eos
847 3711 1043 3786 dignos
1065 3715 1315 3786 judicare
1347 3759 1364 3785 ,
1399 3719 1495 3775 sed
1529 3721 1669 3776 sciat
1709 3722 2003 3792 unusquis-

431 3819 537 3872 que
565 3819 664 3858 sua
693 3805 840 3874 jura,
871 3815 926 3862 et
961 3807 1029 3863 iis
1053 3808 1136 3864 vel
1160 3809 1294 3866 solis
1333 3810 1405 3867 sit
1427 3821 1743 3871 contentus.
1777 3812 2003 3883 Episco-

430 3897 574 3966 palia
609 3906 791 3953 autem
815 3898 962 3968 jura,
1007 3916 1130 3972 qua:
1163 3902 1230 3958 ad
1277 3903 1417 3960 alios
1452 3908 1750 3977 pertinent,
1791 3924 1862 3964 ne
1895 3910 1999 3962 im-

429 3993 702 4062 pudenter
763 4001 819 4048 et
867 3994 1093 4050 omnino
1147 3998 1503 4066 contemptim
1560 3997 1841 4054 invadant.
1876 3998 1996 4056 Μο-

428 4085 702 4154 nendique
733 4093 861 4141 sunt
888 4087 979 4156 qui
1013 4101 1043 4141 a
1073 4088 1234 4145 nobis
1269 4089 1349 4144 sic
1381 4091 1648 4146 canonice
1674 4095 1996 4159 constituta,

429 4179 706 4234 inﬁrmare
727 4186 782 4234 et
812 4180 1087 4251 negligere
1115 4181 1235 4236 ausi
1266 4181 1490 4247 fuerint,
1537 4191 1592 4237 et
1633 4185 1725 4254 qui
1790 4185 1856 4239 ad
1903 4201 1999 4241 eos

425 4271 716 4336 accedunt,
770 4280 828 4327 et
873 4273 1187 4329 sacerdotio
1246 4273 1398 4344 digni
1457 4275 1631 4329 habiti
1683 4286 1857 4344 sunt;
1901 4294 1996 4334 eos

425 4365 656 4429 quidem
674 4364 775 4433 qui
799 4374 994 4435 praeter
1011 4379 1251 4420 canones
1269 4365 1503 4433 ordinati
1532 4367 1757 4430 fuerint,
1788 4369 1994 4423 nullam

424 4455 515 4509 hic
573 4471 776 4511 munus
821 4455 1164 4512 sacerdotale
1205 4459 1552 4514 exerciturus
1586 4475 1600 4512 :
1632 4459 1726 4515 sed
1774 4460 1828 4514 in
1889 4461 1995 4517 illis

422 4545 748 4614 regionibus
791 4560 986 4601 secure
1031 4561 1193 4601 sacra
1233 4547 1632 4614 celebraturos,
1684 4550 1740 4604 iit
1793 4551 1996 4622 quibus

421 4640 587 4692 etiam
613 4637 907 4692 sacerdotii
932 4637 1246 4694 unctionem
1270 4649 1601 4710 acceperunt
1637 4659 1649 4696 :
1684 4642 1778 4712 qui
1809 4650 1990 4699 autem

419 4728 838 4791 ordinaverunt,
901 4745 968 4785 ex
1029 4745 1378 4802 quacumque
1432 4733 1547 4788 sint
1596 4733 1826 4806 synodo,
1881 4751 1991 4790 non

419 4821 873 4894 celebrandarum
904 4838 1189 4879 sacrorum
1219 4825 1798 4898 pmuaaioredeinceps
1818 4829 1990 4884 obno-

419 4912 562 4975 xios,
595 4921 656 4966 ut
686 4915 780 4982 qui
811 4929 909 4969 nec
933 4924 1056 4986 post
1089 4918 1318 4987 primam
1352 4919 1436 4974 vel
1466 4921 1762 4976 secundam
1795 4922 1986 4978 admo—
2020 4955 2064 5010 Β

419 5005 682 5060 nitionem
739 5006 992 5078 (primam
1039 5020 1220 5064 autem
1259 5009 1515 5077 dicimus,
1545 5029 1719 5082 quaea
1759 5015 1994 5068 sanctis-

419 5093 564 5148 simo
585 5099 1203 5166 nostropraadecessore
1227 5099 1451 5156 domino
1468 5100 1631 5158 Luca:
1657 5104 1992 5175 synodaiiter

417 5183 559 5240 facta
590 5192 698 5253 est,
729 5186 1225 5261 denuntiationem)
1247 5192 1318 5247 ab
1348 5207 1410 5248 ea
1445 5195 1663 5250 actione
1685 5198 1989 5252 canonibns

418 5287 756 5346 repugnante
830 5279 1040 5350 seiungi
1113 5283 1411 5338 voluerint.
1478 5283 1746 5351 Quocirca
1819 5290 1983 5341 etiam

414 5376 635 5423 cautum
684 5377 790 5433 est,
843 5371 982 5426 hanc
1025 5373 1222 5438 emitti,
1269 5384 1320 5429 et
1370 5373 1488 5430 dari
1530 5375 1978 5433 declarationem.

2105 3725 2336 3791 ἀξιώσαι
2379 3725 2490 3779 τῶν
2530 3722 2842 3793 ἱερωμένων
2880 3721 3045 3773 τόπου
3071 3735 3128 3772 τε
3160 3719 3252 3772 καὶ
3280 3715 3493 3786 βαθμοῦ
3519 3733 3534 3747 ·
3567 3716 3689 3771 ἀλλ’

2106 3819 2339 3872 ἕκαστον
2383 3816 2583 3872 εἰδέναι
2627 3814 2696 3869 τὰ
2729 3812 2922 3868 ἐαυτοῦ
2966 3812 3170 3876 δίκαια,
3213 3811 3308 3864 καὶ
3344 3809 3558 3872 τούτοις
3585 3811 3690 3878 ἀρ-

2103 3909 2316 3964 κεῖσθαι
2345 3909 2450 3963 και
2478 3908 2662 3980 μόνοις
2688 3925 2700 3938 ·
2731 3905 2840 3959 τῶν
2861 3905 2906 3959 δ’
2935 3905 3116 3964 ἄλλοις
3147 3901 3463 3973 ἀνηκόντων
3493 3903 3694 3981 ἀρχιενο.

2107 4003 2343 4075 ρατικῶν
2385 4002 2610 4055 δικαίων
2656 3998 2732 4070 μὴ
2773 3996 3234 4066 κατεπεμϐαίνειν
3273 3993 3528 4057 ἀναιδῶς,
3585 3993 3685 4046 καὶ

2101 4097 2162 4151 τὸ
2191 4097 2311 4151 ὅλον
2367 4091 2877 4165 καταφρονητικῶς.
2938 4089 3147 4142 mem
3194 4085 3522 4156 ὀφειλόντων
3563 4085 3680 4140 τῶν

2101 4189 2366 4260 ἀθετῆσαι
2419 4187 2803 4256 τολμησόντων
2860 4182 2945 4238 τὰ·
2985 4179 3128 4234 οὕτω
3181 4175 3485 4240 κανονικῶς
3545 4177 3682 4245 παρ’

2098 4283 2261 4353 ἡμῶν
2283 4277 2709 4349 διατεταγμένα,
2761 4275 2897 4330 ἀλλά
2927 4275 3021 4328 καὶ
3071 4273 3183 4327 τῶν
3219 4273 3682 4345 προσερχομένων

2100 4373 2283 4435 αὐτοῖς
2307 4371 2402 4424 καὶ
2428 4367 2728 4440 ἱερωσύνης
2758 4365 3113 4436 ἀξιουμένων,
3148 4364 3225 4426 ώς
3263 4359 3408 4418 οὗτοι
3451 4363 3573 4432 μὲν,
3599 4363 3680 4426 ώς

2099 4465 2252 4536 παρά
2292 4465 2524 4525 κανόνας
2549 4459 3037 4532 χειροτονηθέντες,
3063 4456 3214 4512 οὐδὲν
3249 4456 3526 4527 ἱερατικὸν
3563 4456 3678 4509 λειω

2097 4558 2386 4628 τούργημα
2421 4553 2655 4609 ἐνταῦθα
2688 4552 3152 4622 διενεργήσσυσιν,
3196 4548 3314 4602 ἀλλ’
3348 4548 3405 4601 ἐν
3436 4549 3678 4612 ἐκείναις

2097 4652 2215 4711 ταῖς
2245 4647 2481 4717 ἐνορίαις
2511 4644 2678 4708 ἀδεῶς
2708 4643 3036 4713 ίεράσονται,
3065 4641 3125 4693 ἐν
3145 4633 3233 4703 αῖς
3263 4639 3358 4693 καὶ
3379 4639 3440 4692 ἐὖ
3462 4638 3677 4709 χρίσμα

2095 4741 2192 4811 τῆς
2227 4735 2523 4806 ἱερωσύνης
2555 4734 2804 4799 ἐδέξαντο
2833 4749 2849 4764 ο
2881 4734 2929 4786 οἱ
2967 4731 3024 4785 δέ
3053 4730 3558 4803 χειροτονήσαντες,
3612 4726 3672 4793 ἐξ

2095 4831 2212 4891 οἵας
2240 4828 2306 4881 ἂν
2328 4823 2438 4879 εἷεν
2471 4825 2712 4888 συνόδου,
2743 4821 3194 4894 ἀλειτουργησίας
3217 4819 3480 4888 ἐπιτιμίῳ
3510 4819 3675 4871 desv-

2095 4921 2285 4976 τεῦθεν
2320 4919 2534 4974 ἔσονται
2573 4918 2921 4987 ύποκείμενοι
2944 4933 2958 4948 ·
2999 4916 3073 4977 ὡς
3105 4915 3236 4984 μηδὲ
3270 4912 3410 4982 μετά
3445 4910 3672 4982 πρώτην

2099 5011 2410 5082 ἢδευτέραν
2439 5009 2758 5078 παραίνεσιν
2802 5005 3047 5078 (πρώτην
3097 5005 3154 5058 δέ
3203 5019 3388 5071 φαμεν
3433 5002 3534 5073 τὴν
3575 5001 3672 5054 καὶ

2100 5104 2252 5175 παρὰ
2280 5102 2372 5154 τοῦ
2427 5102 2533 5171 πρὸ
2559 5099 2716 5169 ἡμῶν
2755 5099 3057 5165 ἀγιωτάτου
3083 5096 3271 5168 κυρίου
3297 5095 3484 5148 Λουκᾶ
3541 5110 3667 5147 συν·

2096 5194 2291 5257 οδικῶς
2321 5192 2446 5263 περὶ
2465 5191 2656 5244 τούτου
2683 5189 2980 5259 γενομένην
3007 5187 3282 5259 ἔγγραφον
3303 5184 3662 5255 ἐπιφώνησιν)

2093 5284 2428 5356 ἀποσχέσθαι
2487 5284 2584 5354 τῆς
2644 5280 2901 5362 τοιαύτης
2949 5279 3301 5334 ἀκανονίστου
3329 5277 3658 5349 θελήσαντες

2091 5379 2362 5451 πράξεως.
2419 5377 2511 5431 Διὸ
2555 5375 2649 5432 καὶ
2691 5375 3002 5429 τετύπωται
3060 5371 3512 5445 παρεκσληθῆναι
3564 5371 3664 5424 καὶ

1710 5511 1942 5571 νΑιιιιΕ
1978 5515 2382 5572 LECTIONI'S.

520 5626 562 5659 ⁸³
596 5627 690 5680 καὶ
717 5627 928 5683 ἔπειτα.
1004 5630 1050 5664 ¹¹
1080 5629 1138 5684 δὲ
1172 5630 1392 5702 μηκέτι.

514 5777 545 5821 ι’
576 5767 774 5824 Deinde
799 5771 1087 5848 studiosius
1127 5773 1239 5848 [itte
1275 5775 1616 5848 inquirentes,
1662 5780 1949 5834 invenimus
1974 5797 1993 5834 :
2055 5780 2270 5834 tradere
2301 5793 2401 5833 non
2454 5781 2680 5834 initiatis
2729 5777 2854 5848 ﬁdei
2885 5777 3228 5848 doctrinam,
3253 5786 3302 5829 et
3360 5772 3644 5848 ealecliesin

406 5855 668 5902 exercere.
702 5850 862 5922 atque
887 5843 962 5894 ita
991 5842 1312 5922 baptismum
1346 5845 1624 5922 impertiri.
1661 5866 1722 5904 ac
1745 5850 1946 5906 divina.
2023 5861 2060 5902 ς
2079 5851 2373 5922 proprium.

410 5919 586 5964 utrum
622 5914 918 5966 (timuimus
951 5927 968 5966 :
1008 5929 1068 5965 ac
1094 5914 1312 5980 proinde
1345 5917 1641 5972 unanimes.

2460 5862 2480 5888 ι’
2521 5853 2573 5904 id
2603 5844 2739 5906 rcro'
2766 5848 2971 5920 publica
3005 5865 3068 5901 ac
3110 5847 3259 5902 nobis
3288 5847 3416 5913 ipsis
3458 5844 3638 5912 profu-

3601 671 3716 725 δια-
3811 738 3814 739 ν
