3950 6574
237 395 353 460 793

1516 403 2224 469 GRECO-BOMANUM.
3391 406 3494 472 7M

239 512 472 583 δοθῆναι
520 514 620 587 τὴν
664 519 923 591 τοιαύτην
972 522 1292 592 σημείωσιν.
1359 523 1698 596 Ἀφορισμοῦ
1758 527 1853 583 δέ.

1964 519 2338 594 «πενοειιιῑοηίς
2383 529 2566 580 autem
2617 535 2834 594 ptumam
2894 529 2953 580 et
3009 523 3361 594 imponimus,
3403 524 3494 592 qui

240 606 752 675 προσεπιτιθέαμεν
814 610 1110 682 ἐπιτίμιον,
1145 615 1240 667 καὶ
1268 614 1328 678 ὃς
1367 616 1432 670 ἂν
1461 615 1676 687 πρῶτος
1712 618 1822 673 τῶν

241 694 347 756 τὰς
399 697 654 760 τοιαύτας
689 701 1112 771 διενεργούντων
1162 708 1546 772 ἀκανονίστους
1585 728 1825 781 χειροτο-

241 787 367 850 νίας
400 789 470 840 τὰ
499 789 629 860 παρ’
662 792 820 860 ήμῶν
853 792 1189 864 διωρισμένα
1234 795 1386 848 ταῦτ’
1432 796 1821 865 ἐπιγνώσεται,

240 880 292 929 εἰ
339 879 421 950 μὴ
455 882 546 932 καὶ
572 882 684 943 τοῖς
714 883 942 953 πλησίον
965 885 1129 938 αὐτοῦ
1165 887 1477 954 ἱερωτάτοις
1509 889 1824 959 ἀρχιερεῦσι

242 968 314 1020 τὰ
357 971 651 1040 ὁρισθέντα
690 974 1037 1042 γνωρίσειεν·
1067 977 1102 1030 ἃ
1131 977 1194 1046 δὴ
1236 980 1330 1032 καὶ
1372 980 1465 1031 ἐπὶ
1494 980 1683 1033 πασῶν
1716 981 1824 1032 τῶν

242 1059 480 1130 ἐνοριιῖιν
509 1062 615 1114 τῶν
642 1063 744 1116 ὑπὸ
777 1064 874 1128 τὰς
892 1067 1207 1137 ἅπανταχοῦ
1247 1069 1557 1140 ἁγιωτάτας
1599 1069 1828 1141 Ἐκκλη-

244 1151 398 1216 σίας,
436 1153 608 1224 ἦγουν
641 1157 1023 1226 μητροπόλεις,
1060 1160 1518 1228 άρχιεπισκοπὰς,
1570 1160 1632 1214 τὸ
1680 1164 1830 1230 ἐνερ-

243 1245 348 1311 γόν
414 1262 475 1300 τε
539 1248 636 1301 καὶ
701 1249 1061 1304 ἀναλλοίωτον
1122 1251 1327 1316 ἕξουσι.
1380 1254 1490 1306 Καὶ
1515 1251 1691 1316 οὐδεὶς
1719 1253 1829 1307 τῶν

247 1336 514 1405 ἱερᾶσθαι
553 1337 614 1390 τὸ
647 1338 752 1390 ἀπὸ
783 1338 940 1392 τοῦδε
990 1340 1290 1410 μελλόντων
1324 1342 1404 1405 εἰς
1425 1342 1613 1412 ἓτερον
1645 1343 1832 1412 ἀρχιε-

248 1427 357 1496 ρέα
393 1429 530 1500 παρ’
557 1430 772 1499 ὲνορίαν
801 1431 1073 1499 ἀφίξεται,
1104 1433 1195 1486 καὶ
1220 1435 1351 1503 παρ’
1371 1435 1580 1488 ἐκείνου
1609 1434 1704 1487 τοῦ
1731 1437 1830 1506 τῆς

250 1518 566 1591 ἱερωσύνης
618 1521 980 1593 ἀξιωθήσεται
1035 1525 1398 1598 χαρίσματος.
1476 1527 1832 1582 Ἀπεντεῦθεν

251 1611 369 1682 γὰρ
404 1612 652 1668 ὑπόδικοι
700 1615 914 1668 ἔσονται
955 1617 1050 1670 καὶ
1087 1617 1406 1690 ἀμφότεροι,
1435 1620 1462 1673 ὃ
1487 1637 1544 1674 τε
1589 1638 1834 1692 χειροτο-

251 1703 447 1773 νηθεὶς
481 1704 682 1777 ἱερεὺς.
714 1704 808 1758 καί
834 1707 862 1759 δ
894 1709 1278 1778 χειροτονήσας
1299 1709 1485 1764 τοῦτον
1518 1713 1830 1782 ἀρχιερεὺς,

1927 615 2140 685 primus
2161 623 2354 669 contra
2402 614 2501 671 has
2525 615 2822 671 canonicas
2881 614 3257 670 ordinationes
3292 613 3496 667 faciens

1926 707 2084 774 tium,
2124 707 2286 762 bacca
2316 707 2475 763 nobis
2503 707 2726 762 deﬁnita
2773 709 3113 778 cognoverit,
3177 708 3283 762 nisi
3333 707 3503 760 etiam

1926 799 2172 855 ﬁnitimis
2213 799 2327 855 suis
2368 799 2730 862 antistitibus,
2773 816 2894 870 qua:
2924 799 3142 854 decreta
3192 806 3338 860 sunt,
3367 805 3498 849 nota

1928 890 2142 944 fecerit.
2191 889 2325 956 Quae
2376 891 2597 960 quidem
2635 891 2688 944 in
2732 891 2990 945 omnibus
3021 889 3333 960 regionibus
3379 900 3501 950 quae

1929 988 2059 1038 sunt
2092 981 2198 1036 sub
2227 981 2601 1037 sanctissimis
2660 984 2862 1052 ubique
2903 983 3185 1046 Ecclesiis,
3237 981 3498 1036 nimirum
3559 985 3567 994 '

1928 1072 2338 1141 metrOpolibus,
2383 1070 3024 1143 archiepiscopatibus-et
3069 1072 3498 1143 episcopalibus,

1929 1164 2374 1230 exercebuntur,
2431 1175 2484 1220 et
2546 1165 2910 1220 immutabilia
2963 1165 3380 1235 permanebunt.
3436 1161 3501 1214 Et

1935 1268 2098 1308 nemo
2146 1269 2364 1320 eorum,
2399 1254 2496 1324 qui
2545 1255 2805 1325 deinceps
2859 1265 2994 1310 sunt
3054 1255 3305 1310 sacramli
3342 1264 3388 1316 ο,
3434 1249 3502 1304 ad

1931 1346 2099 1402 alium
2129 1345 2429 1400 antistitem
2452 1347 2594 1402 ultra
2616 1347 2891 1417 regionem
2924 1348 3179 1415 accedet,
3201 1358 3254 1402 et
3289 1347 3360 1402 ab
3407 1345 3502 1400 illo

1932 1435 2258 1493 sacerdotali
2292 1435 2551 1491 unctione
2583 1436 2784 1507 dignus
2814 1436 3177 1507 judicabitur.
3236 1435 3503 1504 Deinceps

1932 1527 2077 1583 enim
2114 1525 2314 1582 abhinc
2353 1533 2518 1581 erunt
2563 1527 2788 1582 obnoxii
2824 1528 3047 1598 utrique
3091 1537 3216 1582 tam
3235 1527 3328 1597 qui
3356 1526 3501 1582 ordi-

1934 1619 2089 1674 navit
2119 1617 2377 1684 antistes,
2429 1633 2590 1688 quam
2621 1620 2714 1689 qui
2765 1617 3054 1677 ordinatus
3085 1631 3167 1676 est
3221 1619 3503 1677 sacerdos.

1933 1712 2004 1767 iis
2026 1725 2148 1781 quae
2181 1710 2247 1766 de
2275 1709 2362 1766 his
2388 1710 2500 1780 jam
2525 1711 2675 1780 prius
2708 1711 3042 1782 synodaliter
3075 1711 3390 1768 statuimus.
3427 1708 3520 1763 Ne

250 1798 374 1858 τοῖς
416 1791 503 1857 οἷς
537 1798 665 1867 περὶ
711 1798 918 1852 τούτων
965 1799 1064 1870 ἤδη
1118 1801 1410 1864 συνοδικῶς
1459 1801 1831 1872 διωρισάμεθα

1960 1812 2118 1858 tutcm
2155 1803 2228 1859 sit
2265 1810 2586 1874 praetextus,
2630 1802 2789 1872 isque
2813 1803 2948 1857 satis
2991 1803 3229 1872 elegans,
3277 1801 3367 1865 iis,
3413 1800 3506 1868 qui

252 1887 597 1954 φθάσαντες.
645 1888 762 1939 ’Ίνα
813 1888 868 1941 δὲ
929 1868 1004 1958 μὴ
1049 1868 1318 1958 πρόφασις
1356 1889 1476 1960 εἴη,
1528 1868 1624 1942 καὶ
1677 1868 1830 1942 τοῦτο

1960 1896 2130 1950 iolunt
2169 1895 2258 1950 hic
2288 1894 2552 1960 ordinari,
2587 1893 2652 1947 ad
2688 1894 2998 1962 religiosum
3041 1903 3291 1948 nostrum
3344 1891 3506 1946 char-

253 1980 423 2050 δῆθεν
483 1967 828 2050 εύάςρορμος,
888 1984 998 2043 τοῖς
1058 1983 1132 2051 μὴ
1199 1982 1545 2052 βουλομένοις
1603 1982 1836 2036 ἐνταῦθα

252 2073 733 2142 χειροτονεῖσθαι,
782 2076 1240 2144 προσερχομένοις
1293 2077 1372 2146 τῷ
1438 2075 1839 2148 θεοφιλεστάτῳ

256 2168 427 2237 ἡμῶν
450 2168 854 2238 χαρτοφύλακι,
892 2167 950 2220 τὸ
980 2169 1330 2238 καινοτομίαν
1358 2170 1485 2230 ἴσως
1514 2170 1838 2237 ὑφίστασθαι

257 2260 494 2313 πλείονα
533 2261 630 2330 τῆς
681 2261 936 2326 εἰωθυίας
968 2261 1256 2333 συνηθείας
1293 2261 1526 2315 ἔκπαλαι
1561 2263 1796 2316 δίδοτθαι
1823 2278 1837 2293 ⁸

261 2353 358 2403 καὶ
401 2353 561 2405 τοῦτο
601 2353 752 2424 παρὰ
804 2355 899 2423 τῆς
947 2353 1102 2424 ἡμῶν
1147 2354 1497 2424 μετριότητος
1550 2354 1842 2418 συνοδικῶς

256 2443 669 2513 διῳκονόμηται
721 2446 982 2516 σήμερον.
1039 2447 1423 2516 Διωρισάμεθα
1471 2446 1600 2517 γὰρ,
1649 2447 1844 2518 reﬁg-

260 2538 428 2606 χαῖον
489 2535 608 2600 ἔθος
646 2537 739 2590 ἐπὶ
788 2537 998 2601 τούτοις
1067 2539 1142 2609 μὴ
1194 2539 1670 2608 παραϐαίνεσθαι’
1727 2540 1840 2595 ἀλλ’

259 2629 458 2682 ἐκεῖνα
491 2628 724 2683 δίδοσθαι
766 2631 902 2700 μόνα
936 2632 1050 2694 τοῖς
1075 2647 1134 2684 τε
1169 2632 1606 2697 ἐπισκοπειανοϊς
1645 2631 1841 2703 καὶτῷ

1939 1989 2278 2060 tophylacem
2314 1988 2728 2052 accedentibus,
2770 1986 2916 2057 quod
2953 1986 3213 2056 majorem
3250 1983 3389 2038 forte
3421 1997 3511 2036 su-

1936 2082 2104 2138 beant
2150 2082 2591 2145 innovationem,
2643 2096 2806 2150 quam
2843 2081 2972 2135 olim
3009 2079 3128 2132 dari
3169 2077 3334 2132 fuerit
3379 2090 3507 2128 con—

1939 2174 2172 2230 suetudo
2236 2192 2249 2228 :
2296 2174 2350 2229 ei
2397 2188 2614 2243 quoque
2677 2173 2753 2226 rei
2815 2187 2844 2225 a
2898 2181 3089 2226 nostra
3135 2168 3514 2224 mediocritate

1943 2270 2102 2326 hodie
2133 2270 2406 2340 provisum
2437 2278 2544 2324 est.
2577 2268 2808 2322 Cautum
2838 2273 2921 2321 est
2956 2265 3124 2329 enim,
3170 2277 3238 2318 ne
3283 2261 3520 2328 antiqua
3609 2304 3617 2312 .

1949 2363 2002 2417 in
2035 2361 2106 2418 iis
2131 2360 2467 2417 consuetudo
2497 2359 2842 2414 transiliatur
2871 2373 2886 2410 :
2921 2355 3014 2412 sed
3048 2355 3137 2408 illa
3168 2352 3285 2407 sola
3312 2350 3516 2404 dentur

1949 2451 2192 2523 episc0pi
2217 2451 2508 2516 ministris,
2533 2459 2584 2506 et
2616 2447 3036 2520 religiosissimo
3064 2445 3226 2512 hujus
3254 2439 3524 2511 temporis

1949 2541 2386 2613 chartophylaci,
2415 2555 2538 2610 qua:
2598 2540 2667 2595 ab
2707 2541 2797 2605 iis,
2846 2537 2939 2608 qui
3002 2536 3351 2600 ordinantur,
3394 2532 3509 2598 jam

1948 2634 2089 2691 olim
2101 2634 2228 2689 dari
2253 2648 2607 2689 consuevere.

261 2721 418 2777 κατὰ
448 2724 673 2796 καιροὺς
704 2724 1101 2797 θεοφιλεστάτῳ
1139 2726 1559 2798 χαρτοφύλακι,
1597 2727 1669 2782 τὰ
1713 2726 1943 2784 εἰωθότα
1977 2729 2129 2800 παρὰ
2192 2727 2302 2783 τῶν
2372 2724 2865 2801 χειροτονουμένων
2928 2721 3191 2777 ἀνέκαθεν
3247 2717 3524 2772 καταϐάλ-

262 2816 488 2870 λεσθαι.

268 2911 346 2970 l".
397 2915 539 2985 Περί
583 2917 916 2998 συνηθείας
961 2917 1048 2998 Kh
1085 2917 1517 2998 βεᾷαιωθείσης
1548 2919 1646 2976 διὰ
1678 2920 1849 2977 δικα-

735 2988 953 3056 στικῆς
983 2988 1380 3059 διαγνώσεως.

344 3105 654 3175 Συνηθείας
698 3105 865 3176 οὔσης
885 3143 901 3169 ,
941 3107 1068 3171 τοὺς
1093 3106 1201 3159 ἀπὸ
1228 3105 1415 3177 ἱερέων
1445 3104 1648 3159 λαῖκῶν
1683 3104 1851 3175 μονά-

1956 2920 2046 2978 Ill.
2075 2918 2147 2976 De
2181 2913 2561 2973 consuetudine
2605 2931 2709 3038 m‘m
2739 2911 3053 3036 fonﬁrmata
3097 2902 3354 2976 judiciali
3404 2915 3526 2954 seu-

2672 3001 2734 3038 en
2763 2999 2836 3037 ia.

2672 2999 2836 3039 entia.

2024 3104 2164 3160 Cum
2187 3103 2368 3159 mo'ris'
2387 3102 2618 3165 fuisset,
2639 3104 2700 3152 ut
2729 3094 2822 3164 qni
2856 3106 2922 3147 ex
2951 3088 3110 3144 laicis
3140 3081 3526 3141 sacerdotibus

275 3172 511 3266 dav-ras,
540 3199 636 3252 καὶ
677 3172 836 3264 ὄντας
863 3199 1128 3271 πρότερον
1153 3172 1718 3270 καταγεγραμμένον-ς
1774 3199 1853 3262 εἰς

1960 3195 2212 3251 monachi
2263 3193 2396 3250 facti
2431 3199 2635 3254 essent,
2684 3185 2947 3258 quoniam
3008 3179 3164 3252 prius
3221 3172 3533 3231 ministerio

275 3294 565 3347 διακονίαν
596 3293 803 3361 ἱερέων,
837 3294 930 3348 καὶ
964 3293 1101 3363 μετὰ
1131 3294 1222 3348 τὸν
1252 3294 1456 3364 μονάδα
1508 3292 1620 3362 βίον
1641 3291 1718 3362 τῷ
1747 3293 1856 3345 τῶν

275 3385 554 3440 διακόνων
581 3385 1079 3456 συγκαταλέγεσθαι
1113 3387 1346 3457 σώματι,
1377 3386 1470 3440 καὶ
1496 3385 1634 3456 μετὰ
1651 3385 1855 3440 λαῖκῶν

280 3482 482 3552 ἱερέων
510 3483 527 3502 ⁶
574 3479 948 3549 πειρωμένους
1027 3477 1598 3550 συναναστρέφεσθαι·
1650 3477 1678 3529 ὁ
1722 3493 1857 3530 παν-

291 3571 609 3638 αγιώτατος
645 3571 802 3640 ἡμῶν
837 3570 1124 3642 δεσπότης,
1163 3571 1348 3642 κύριος
1371 3572 1610 3642 Μιχαὴλ,
1630 3571 1728 3642 τὴν
1756 3588 1860 3642 μα-

282 3663 435 3734 κρὰν
469 3661 725 3731 τοιαύτην
777 3661 1064 3732 συνήθειαν
1111 3662 1186 3725 ὡς
1230 3663 1382 3716 οὐδὲν
1407 3664 1686 3732 ἐλογίσατο
1716 3679 1731 3694 °
1765 3662 1861 3716 καὶ

281 3748 605 3825 διωρίσατο.
661 3754 767 3808 άπὸ
802 3754 979 3826 μόνων
992 3754 1220 3834 ,λαῖκῶν
1251 3754 1439 3824 ἱερέων
1468 3753 1563 3818 τὰς
1588 3753 1862 3817 διακονίας

287 3845 670 3912 συνίστασθαι,
714 3847 810 3900 καί⁵
841 3845 966 3910 τοὺς
991 3842 1259 3916 ιῖοναχοὺς
1290 3844 1443 3916 παρὰ
1479 3846 1600 3908 ταῖς
1635 3842 1864 3905 οἰκείαις

289 3935 682 4010 προσεδρεύειν
718 3938 926 4007 μοναῖς.

289 4050 376 4110 Δ’.
426 4050 567 4107 Πεοί
609 4051 803 4121 γάμου
855 4065 1006 4121 μετα
1055 4047 1394 4119 συγγενοῦς
1448 4045 1558 4116 τῆς
1605 4059 1869 4115 προμνη-

889 4121 1269 4188 στευθείσης.

370 4216 573 4281 Κακῶς
608 4214 924 4287 ἐξεχωρήθη
969 4216 998 4268 ό
1021 4214 1267 4285 Πλευρῆς
1297 4210 1487 4282 κύριος
1524 4208 1747 4280 Μιχαὴλ
1775 4225 1870 4262 συ-

296 4313 540 4382 ζυγῆναι
563 4313 629 4381 τῇ
653 4307 1047 4378 Σπανοπωλίνῃ
1076 4310 1244 4379 κυρίᾳ
1282 4307 1467 4378 Ἀννῃ.
1513 4302 1708 4375 πρώτῃ
1733 4299 1872 4372 οὔσῃ

296 4403 578 4474 ἐξαδέλφῃ
598 4401 697 4471 τῆς
745 4397 1284 4470 προμνηστευθείσης
1329 4395 1478 4467 αὐτῷ
1509 4392 1728 4465 Μαρίας
1774 4393 1873 4463 τῆς

295 4494 398 4548 τοῦ
427 4492 731 4567 ξερδιλίον.
771 4490 891 4546 Κᾶν
918 4489 1028 4561 γάρ
1060 4487 1211 4560 νόμῳ
1239 4486 1470 4540 θανάτου
1506 4483 1613 4556 πρὸ
1640 4481 1737 4536 τοῦ
1769 4481 1874 4550 γά-

305 4604 412 4658 μου
455 4584 678 4656 διεζύγη
724 4587 825 4654 τῆς
875 4583 1130 4653 τοιαύτης
1162 4579 1428 4652 μνηστῆς,
1453 4579 1548 4634 καὶ
1574 4577 1696 4631 οὐδὲ
1719 4593 1875 4629 συνε-

307 4681 446 4749 μίγη
475 4681 632 4750 αὐτῇ
672 4679 784 4732 ἀλλ’
814 4677 913 4731 οὐκ
942 4676 1175 4747 ὠφειλεν
1207 4672 1509 4742 ἐξαδέλφην
1537 4671 1706 4740 αὐτῆς
1730 4665 1883 4740 πρώ-

306 4787 408 4840 την
438 4768 645 4822 λαϐεῖν.
699 4767 833 4854 Οὐδὲ
866 4767 975 4838 γὰρ
1004 4769 1036 4836 ἡ
1063 4765 1349 4834 συνάφεια,
1380 4760 1496 4815 ἀλλ’
1522 4761 1557 4829 ἡ
1588 4758 1688 4829 τῆς
1716 4757 1883 4828 εὐχῆς

1957 3283 2303 3341 sacerdotum
2361 3279 2590 3352 ascripti
2629 3277 2886 3340 fuissent,
2924 3277 3046 3343 post
3099 3274 3407 3335 susceptam
3445 3263 3534 3320 vi-

1956 3386 2067 3434 tam
2101 3374 2476 3436 monachicam
2510 3373 2566 3428 in
2597 3382 2827 3440 corpore
2849 3377 2903 3422 et
2927 3361 3164 3431 collegio
3187 3354 3533 3414 mi'aislerio-v

1958 3487 2078 3528 rum
2107 3478 2548 3532 recenserentur,
2572 3474 2627 3520 et
2657 3477 2782 3517 cum
2814 3454 3194 3516 sacerdotibus
3214 3451 3367 3505 laicis
3395 3461 3532 3501 con-

1959 3571 2312 3622 versarentur
2364 3579 2379 3616 :
2445 3552 2988 3616 sacrosanctissitnus
3039 3544 3296 3603 dominus
3346 3546 3532 3594 noster

1961 3657 2195 3713 Michael
2252 3655 2394 3709 hanc
2444 3652 2666 3718 longam
2721 3640 3177 3700 consuetudinem
3228 3647 3325 3705 pro
3363 3629 3536 3685 nihilo

1963 3748 2280 3820 reputavit,
2347 3758 2411 3798 ac
2455 3739 2696 3796 decrevit
2737 3747 2798 3791 ut
2839 3750 2906 3791 ex
2947 3732 3105 3788 laicis
3156 3722 3536 3783 sacerdotibus

1966 3818 2144 3900 solum
2175 3836 2482 3894 ministeria
2521 3831 3017 3891 constituerentur,
3066 3818 3320 3877 monachi
3355 3821 3536 3870 autem

1965 3935 2023 3992 in
2050 3933 2364 3990 recessibus
2403 3927 2525 3983 suis
2543 3922 2752 3980 assidui
2793 3924 3004 3975 essent.

2071 4044 2164 4102 IV.
2198 4043 2275 4098 De
2303 4040 2506 4110 nuptiis
2528 4053 2646 4092 cum
2665 4040 2890 4106 cognata
2917 4030 3066 4100 prius
3090 4028 3433 4095 desponsata.

2040 4204 2179 4260 Male
2213 4201 2544 4274 permissum
2574 4195 2680 4251 fuit
2711 4189 2937 4248 domino
2994 4184 3246 4245 Michaeli
3303 4181 3540 4247 Pleum,

1971 4296 2325 4356 matrimonio
2355 4288 2619 4360 conjungi
2645 4301 2771 4343 cum
2796 4283 3020 4340 domina
3049 4279 3204 4334 Anna
3249 4275 3546 4346 Spanopo-

1973 4391 2111 4455 lina,
2149 4402 2271 4459 quae
2302 4382 2570 4457 patruelis
2597 4381 2614 4417 ί
2653 4385 2772 4434 erat
2817 4373 3002 4430 Maria:
3027 4369 3248 4427 Serbilii
3279 4367 3422 4431 lilite,
3446 4381 3548 4420 an-

1975 4481 2164 4540 teailli
2192 4481 2500 4550 desponsae.
2561 4470 2700 4527 Nam
2756 4466 2972 4524 tametsi
3005 4465 3122 4534 lege
3186 4459 3376 4516 mortis
3421 4466 3550 4512 ante

1896 4552 1952 4611 D
1978 4576 2197 4646 nuptias
2220 4549 2376 4627 abiea
2407 4581 2613 4638 sponsa
2639 4567 2926 4634 separatus
2957 4567 3064 4620 est,
3097 4568 3278 4623 neque
3307 4567 3432 4606 cum
3457 4549 3551 4604 illa

1980 4683 2041 4724 se
2072 4661 2425 4721 commiscuit
2458 4678 2472 4716 :
2507 4666 2749 4712 attamen
2779 4653 2956 4724 ipsius
3003 4647 3306 4720 patruelem
3345 4656 3372 4685 ιι
3402 4657 3549 4697 uxo-

1982 4773 2097 4813 rem
2125 4756 2328 4810 ducere
2379 4765 2488 4805 non
2541 4745 2750 4803 debuit.
2801 4741 2990 4812 Neque
3032 4739 3178 4794 enim
3215 4733 3551 4804 conjunctio,

307 4827 500 4930 τελετὴ
529 4863 648 4914 τιοεί
671 4861 770 4932 τὴν
791 4827 1095 4930 μνηστείαν
1126 4827 1422 4925 ὡς’γάμον
1437 4827 1773 4921 λογίζεσθαι.
1821 4847 1853 4901 Ε

1987 4850 2080 4906 sed
2125 4844 2505 4918 precationum
2561 4835 2923 4898 eaaremonia,
2980 4839 3040 4886 ut
3088 4827 3364 4899 sponsalia
3430 4831 3555 4877 tan-

307 4953 442 5022 γοῦν
466 4953 649 5015 λαῖκὸς
664 4950 902 5004 τοιοῦτόν
919 4968 968 5003 τι
997 4951 1168 5002 ποιειιν
1196 4945 1520 5008 κεκώλυται,
1550 4941 1728 5012 πολλῷ
1755 4940 1892 5011 μᾶλ-

307 5047 401 5099 λον
428 5045 742 5116 ίερωμένος.
771 5044 830 5096 Ὀ
855 5043 1094 5106 τοιοῦτος
1114 5041 1221 5112 γὰρ
1245 5037 1491 5106 ἐκωλύθη
1525 5037 1614 5088 διὰ
1645 5051 1881 5104 σημειω-

319 5155 488 5207 ματος
520 5135 795 5190 συνοδικοῦ
841 5137 934 5188 ἐπὶ
980 5135 1079 5205 τῆς
1122 5133 1425 5202 ἐφημερίας
1450 5129 1542 5183 τοῦ
1577 5129 1880 5196 ἁγιωτάτου

317 5229 528 5284 ἐκείνου
576 5228 920 5300 πατριάρχου
965 5226 1153 5298 κυρίου
1175 5221 1392 5293 Μιχαὴλ
1423 5221 1516 5275 τοῦ
1571 5218 1881 5288 Ἀγχιάλου,

319 5319 684 5374 συνάπτεσθαι
715 5320 961 5389 νομίμως
989 5316 1207 5386 γυναικὶ
1239 5313 1488 5380 συγγενεῖ
1519 5307 1674 5379 οὗσῃ,
1705 5308 1772 5376 τῇ
1800 5303 1889 5358 διὰ

318 5411 671 5482 δεσμωτικῶν
703 5410 880 5480 μόνων
903 5407 1194 5478 ἐγγράφων
1228 5400 1666 5472 κατεγγυηθείσῃ
1688 5397 1886 5466 τούτῳ,

321 5505 418 5560 καὶ
459 5505 535 5576 μὴ
567 5503 820 5576 φθασάσῃ
869 5501 1054 5555 λαϐεῖν
1088 5499 1384 5571 μνηστείας
1432 5495 1598 5565 εὐχὴν
1641 5491 1758 5564 μετ’
1789 5491 1889 5544 αύ-

321 5597 439 5660 τοῦ,
476 5597 510 5668 ἢ
557 5595 632 5656 ὡς
677 5593 935 5666 θανούσῃ,
966 5593 1000 5662 ἦ
1040 5592 1113 5655 ὼς
1145 5591 1316 5662 ἑτέρῳ
1352 5587 1505 5658 ἀνδρὶ
1533 5582 1888 5654 συναφθείσῃ,

1991 4916 2154 5011 quam
2186 4936 2388 5004 nuptiae
2435 4936 2781 5000 repntentur,
2818 4924 3046 4978 faciunt.
3080 4921 3137 4974 Si
3189 4919 3354 4990 igitur
3383 4916 3555 4969 laicus

1989 5033 2096 5086 tale
2130 5027 2412 5099 quidpiam
2457 5023 2638 5075 facere
2671 5015 3010 5087 prohibetur,
3072 5011 3319 5082 profecto
3365 5021 3559 5061 conse—

1992 5098 2178 5178 cratus
2207 5128 2232 5157 ν
2271 5116 2472 5171 multos
2543 5111 2736 5180 magis.
2767 5105 2885 5160 Tali
2925 5119 3160 5173 namque
3223 5098 3560 5168 temporibus

1995 5207 2328 5270 sanctissimi
2358 5205 2506 5260 illius
2529 5199 2878 5272 patriarchae,
2899 5194 3104 5251 domini
3144 5191 3421 5247 Michaelis
3451 5188 3562 5243 An-

1997 5303 2182 5367 chiali,
2217 5315 2312 5370 per
2354 5294 2672 5368 synodalem
2721 5287 3174 5345 commentarium
3228 5282 3455 5336 vetitum
3479 5287 3564 5332 est

1998 5395 2238 5465 legitime
2271 5386 2532 5458 conjungi
2583 5399 2707 5438 cum
2749 5397 2812 5437 ea
2869 5379 3119 5438 muliere,
3179 5388 3300 5445 quin
3334 5377 3561 5440 cognata

1998 5458 2118 5554 ejus
2150 5484 2352 5548 fuerat,
2390 5493 2514 5552 qua:
2551 5472 2896 5548 obligatoriis
2929 5469 3152 5539 scriptis
3184 5466 3451 5520 duntaxat
3483 5458 3564 5514 illi

2000 5577 2263 5633 obstricta
2296 5573 2518 5638 fuisset,
2556 5581 2732 5638 neque
2763 5561 3168 5634 sponsaliorum
3208 5569 3400 5627 preces
3437 5565 3570 5608 cum

1588 5757 1827 5815 VARUE
1856 5750 2259 5809 LIZCTIONES.

401 5873 624 5926 ’σαυνία
671 5869 920 5926 ἐηὶιὲαιιιίὲ
969 5875 1110 5922 διιιιι.
1193 5865 1208 5901 ⁸
1263 5859 1597 5916 consobrina.
1676 5867 1702 5895 ιι
1763 5851 2156 5909 curta-obrutam.
2236 5856 2261 5887 ν
2311 5841 2578 5901 sacerdos.
