3950 6628
407 411 513 473 799

1711 409 1741 470 ι
1755 408 1848 469 US
1869 404 2313 468 CANONICUM

3569 400 3688 462 800

410 519 647 593 nopolis,
695 523 949 579 Demetrli
1015 521 1284 578 Buthroti.
1357 523 1600 590 Quorum
1663 521 1863 592 singuli
1929 526 1985 574 et

2092 517 2155 571 δι’
2184 516 2610 590 ύποσημανσιῶν
2635 519 2680 552 ’⁸
2701 519 2810 573 τῶν
2841 516 2934 572 ὑπ’
2978 517 3140 571 αὑτὸν
3187 515 3544 573 ἐπισκόπων,
3589 513 3688 566 τι»)

409 628 534 668 cum
567 613 846 675 additione
872 616 1337 686 subscripserunt,
1362 618 1505 669 hanc
1522 613 1842 684 synodalem
1894 612 1985 683 ju-

2092 611 2375 684 Βονδίτζης
2413 611 2800 678 Ἰωάννου,τοῦ
2835 609 3020 665 Ἀετοῦ
3044 610 3378 680 Νικοδήμου,
3411 607 3524 660 τοῦ
3550 607 3692 657 Βελ-

409 704 788 760 risdictionem
841 708 1099 776 optimam
1165 705 1354 771 videri,
1412 713 1599 775 utpote
1629 705 1978 760 canonicam.

413 796 491 852 De
528 798 952 868 metropolitano
985 806 1166 852 autem
1205 796 1299 867 qui
1337 813 1484 852 nunc
1531 805 1617 851 est
1645 796 1982 867 Naupactio-

413 903 535 942 rum
569 891 787 958 gravius
817 899 1151 958 conquestus
1198 898 1304 946 est.
1345 889 1633 961 ingressus
1688 899 1773 946 est
1835 892 1981 947 enim

413 979 637 1048 (inquit)
673 987 727 1033 et
757 981 806 1034 vi
843 981 984 1034 facta
1029 981 1357 1036 sacriﬁcavit
1389 983 1416 1022 ε
1439 983 1491 1036 in
1547 983 1678 1038 mihi
1734 983 1983 1053 subjecto

414 1071 748 1121 monasterio
778 1068 1046 1135 Catzurze,
1079 1076 1134 1124 et
1171 1069 1392 1140 quidem
1427 1079 1548 1138 post
1611 1074 1981 1142 cognitionem

423 1159 779 1227 provincialis
812 1161 1076 1217 sessionis
1123 1163 1419 1232 synodicae,
1477 1178 1598 1230 qua:
1653 1165 1789 1220 mihi
1849 1182 1983 1222 mete

413 1248 717 1306 dimceseos
764 1253 1097 1308 monasteria
1135 1253 1288 1323 juxta
1346 1270 1587 1313 canones
1628 1259 1886 1323 restituit,
1929 1267 1982 1315 et

409 1341 780 1412 episcopalem
838 1345 1156 1400 relationem
1203 1347 1354 1402 illinc
1412 1350 1687 1406 sustulit:
1741 1351 1982 1420 praefecit

410 1434 577 1489 etiam
607 1436 846 1506 priorem
873 1438 924 1503 ιι,
950 1439 1139 1496 dicens
1167 1441 1483 1514 synodalem
1526 1443 1670 1497 illam
1708 1444 1981 1500 actionem

413 1525 611 1581 factam
697 1542 844 1594 esse,
925 1545 1050 1584 cum
1131 1535 1587 1604 nietropolitanus
1653 1545 1980 1604 moreretur,

413 1617 734 1692 nnlliusque
767 1621 1029 1676 momenti
1068 1635 1212 1678 esse.
1264 1623 1564 1694 Occupavit
1590 1626 1754 1681 etiam
1788 1642 1982 1683 mona-

413 1709 645 1764 sterium
676 1714 974 1769 venerandi
998 1714 1382 1779 Praecursoris.
1418 1725 1471 1772 et
1506 1720 1683 1774 sancti
1722 1718 1982 1776 Demetrii

415 1803 833 1869 monasterium,
902 1804 956 1859 in
996 1822 1106 1876 quo
1155 1809 1463 1878 adjudicata
1509 1819 1595 1866 est
1636 1819 1691 1866 et
1732 1815 1983 1869 restituta

417 1893 549 1948 milii
575 1894 818 1962 subjecta
842 1898 1070 1954 ceclesia
1099 1915 1197 1968 per
1213 1903 1567 1970 provincialis
1589 1905 1780 1975 synodi
1806 1909 1984 1961 actio-

418 2000 585 2042 nem:
626 1987 947 2044 del‘ensione
986 1991 1241 2046 videlicet
1274 1993 1363 2046 illa
1397 2005 1578 2061 utens,
1617 1997 1762 2067 quod
1816 1998 1983 2068 hujus

417 2079 670 2144 repetitio
704 2090 948 2149 tempore
983 2083 1114 2136 mihi
1150 2086 1371 2139 exclusa
1403 2087 1496 2151 sit,
1521 2098 1574 2142 et
1605 2093 1656 2143 ln
1682 2107 1748 2145 eo
1780 2093 1980 2162 praefe-

415 2176 565 2222 ctum
597 2171 856 2238 sigillavit
881 2175 923 2228 ί.
957 2173 1340 2243 Dejecitetiam
1359 2179 1764 2236 ecclesiasticas
1786 2200 1980 2242 cruces

417 2275 445 2312 a
483 2259 618 2315 meis
651 2266 1021 2328 monasteriis,
1082 2266 1306 2323 inclusae
1341 2277 1396 2323 et
1452 2283 1656 2328 sanctae
1709 2273 1984 2333 Resurre-

415 2349 638 2404 ctionis.
681 2351 904 2423 Propria
927 2372 1074 2412 nunc
1104 2355 1232 2413 ferit
1259 2363 1604 2432 stauropegia
1642 2383 1655 2418 :
1683 2365 1736 2420 in
1767 2367 1985 2426 duobus

417 2442 742 2508 quibusdam
779 2448 1034 2502 oratoriis
1061 2449 1271 2520 erigere
1299 2453 1610 2511 volentibus
1633 2472 1729 2525 per
1751 2459 1981 2515 chartu-

418 2532 505 2588 las
545 2531 559 2584 i
624 2537 894 2604 permisit.
928 2538 994 2593 Et
1025 2540 1260 2596 ordinati
1311 2555 1439 2600 sunt
1477 2549 1791 2607 sacerdotes
1831 2557 1988 2610 terri-

418 2626 683 2680 turiorum
709 2626 731 2664 ι
760 2643 892 2683 meae
921 2631 1241 2696 dioeceseos.
1270 2633 1488 2695 Nisista':
1511 2640 1780 2707 videlicet,
1814 2643 1990 2700 Prini-

419 2727 519 2771 sta:
552 2717 873 2776 Dobrolistte
919 2731 971 2778 et
1022 2724 1424 2792 Planicobistaz,
1497 2749 1724 2790 numero
1771 2738 1990 2794 circiter

419 2810 530 2863 duo
564 2809 607 2874 ι,
641 2822 836 2882 praeter
855 2831 972 2881 eos.
1010 2835 1242 2888 quorum
1272 2825 1520 2879 notitiam
1552 2839 1592 2866 ω
1634 2844 1742 2884 non
1802 2830 1987 2892 habet.

421 2898 762 2959 Ordiuarnnt
791 2916 972 2963 autem
1024 2926 1091 2966 ex
1133 2912 1356 2970 dioecesi
1392 2933 1508 2973 mea
1532 2923 1824 2990 etquidam
1882 2929 1988 2982 mci

422 2993 754 3066 coepiscopi.
813 2998 920 3054 Sed
984 3009 1038 3057 et
1111 3007 1520 3066 sacratissimus
1578 3011 1846 3072 Leucadis
1896 3033 1987 3071 ar-

421 3082 810 3158 chiepiscopus
842 3104 988 3160 stepe
1031 3091 1312 3161 ingressus
1368 3107 1474 3162 est,
1535 3106 1590 3154 et
1641 3101 1783 3156 intra
1837 3121 1988 3162 meos

2083 702 2183 768 λᾶς
2211 705 2490 778 Μανουὴλ,
2523 704 2618 760 τοῦ
2643 703 3081 776 Δρυῖνουπὸλεὼς
3105 721 3163 756 τε
3203 703 3398 773 Θωμᾶ,
3433 701 3548 754 καὶ
3588 696 3690 750 τοῦ

2085 795 2370 868 Βοθρωτοῦ
2434 797 2747 868 Δημητρίου
2771 813 2786 827 ο
2821 789 2896 850 ὧν
2927 799 2954 850 ό
2987 795 3330 858 καθέκαστος
3379 791 3539 864 μετὰ
3590 791 3694 842 καὶ

2085 885 2405 957 προσθήκης
2445 885 2754 955 ὑπέγραψε,
2789 884 2882 939 τοῦ
2930 883 3171 954 ἀρεστὴν
3214 882 3550 954 ἡγήσασθαι
3583 879 3694 951 τὴν

2082 978 2340 1049 τοιαύτην
2373 978 2658 1047 συνοδικὴν
2700 977 3086 1043 δικαιοδοσίαν,
3129 975 3202 1038 ὡς
3259 973 3400 1046 [ἅτε]
3440 990 3693 1028 κανονι-

2084 1069 2208 1140 κήν.
2239 1068 2328 1138 Τῷ
2361 1067 2418 1121 δὲ
2453 1068 2548 1122 νῦν
2578 1066 2954 1140 μητροπολίτῃ
2989 1066 3086 1136 τῆς
3136 1065 3528 1119 Ναυπακτίων
3574 1064 3690 1134 μά·

2082 1162 2240 1216 λιστα
2268 1162 2622 1233 ἐπεμέμφετο
2650 1159 3003 1230 ἐξοχώτερον.
3051 1157 3284 1226 Εἱσῆλθε
3311 1158 3420 1225 γὰρ
3484 1153 3688 1224 (φησὶ)

2085 1255 2181 1310 καὶ
2203 1253 2562 1325 ἱερούργησεν
2592 1250 2931 1314 ἐπιϐατικῶς
2953 1251 3012 1304 ἐν
3053 1251 3120 1320 τῇ
3150 1249 3242 1302 ὑπ’
3267 1250 3367 1317 ἐμὲ
3399 1250 3554 1318 μονῇ
3582 1245 3686 1298 τοῦ

2083 1345 2401 1416 Κατζούρη,
2430 1345 2571 1416 μετὰ
2600 1344 2700 1415 τὴν
2736 1342 3037 1410 ἐπίγνωσιν
3064 1341 3159 1394 καὶ
3181 1340 3354 1393 ταῦτα
3397 1341 3511 1406 τῆς
3552 1355 3691 1392 συν-

2083 1437 2270 1507 οδικῆς
2307 1434 2700 1507 ἐπαρχιὼτιδος
2739 1435 3015 1505 πράξεως,
3050 1434 3151 1503 τῆς
3202 1428 3690 1500 ἀωκαθιστὼσης

2088 1544 2180 1600 μοι
2235 1529 2377 1583 κατὰ
2404 1528 2638 1591 κανόνας
2667 1526 2736 1581 τὰ
2769 1529 2867 1597 τῆς
2909 1525 3124 1597 ἐνορίας
3155 1541 3258 1596 μου
3295 1526 3685 1594 μοναστήρια.

2083 1621 2195 1676 Καὶ
2216 1620 2316 1692 τὴν
2340 1620 2440 1692 μέν
2458 1616 2821 1690 ἐπισκοπικὴν
2851 1617 3130 1686 ἀναφορὰν
3188 1615 3399 1669 ἐκεῖθεν
3422 1614 3687 1684 ἐσχόλα-

2086 1731 2145 1768 σε
2168 1729 2183 1746 ο
2220 1712 2635 1784 προεχειρίσατο
2698 1709 2756 1765 δὲ
2789 1711 2882 1764 καὶ
2925 1709 3246 1780 ἡγούμενον,
3301 1708 3484 1776 λέγων
3536 1707 3622 1769 ὡς
3649 1707 3684 1776 ή

2088 1805 2288 1878 πρᾶξις
2309 1803 2448 1874 αὕτη
2473 1806 2530 1858 ἐν
2547 1801 2626 1874 τῷ
2644 1803 2900 1874 τελευτᾷν
2921 1802 3010 1854 τδν
3035 1800 3684 1872 μητροπολίτην,ἐκεῖνον

2087 1896 2300 1965 γέγονε,
2335 1894 2427 1948 καὶ
2453 1894 2555 1948 οὐκ
2583 1893 2846 1964 ἔρρωται.
2891 1891 3238 1959 Ἐξιδιώσατο
3265 1891 3319 1944 δέ
3348 1890 3447 1960 τὴν
3498 1887 3684 1960 μονὴν

2084 1986 2180 2040 τοῦ
2205 1985 2384 2056 τιμίου
2427 1984 2769 2057 Προδρόμου,
2808 1983 2902 2036 καὶ
2937 1982 3035 2054 την
3069 1983 3126 2035 ἐν
3161 1975 3520 2055 ᾖέδικαιὼθη
3579 1979 3684 2031 καὶ

2084 2079 2432 2147 ἀποκατέστη
2483 2079 2516 2148 ή
2566 2076 2687 2130 κατ’
2717 2076 2816 2146 ἐμὲ
2845 2076 3130 2146 ἐκκλησία,
3177 2075 3374 2146 πράξει
3409 2074 3679 2143 caveat-af;

2086 2168 2435 2242 ὲπαρχιώτιδι
2459 2167 2553 2221 τοῦ
2595 2166 2754 2234 ἁγίου
2793 2168 3107 2238 Δημητρίου
3155 2167 3322 2237 μονήν
3346 2183 3359 2196 ·
3392 2165 3682 2218 δικαιολο-

2086 2261 2351 2331 γούμενος
2380 2261 2538 2331 δῆθεν
2582 2258 3006 2314 ἁποκεκλεῖσθαί
3045 2275 3135 2329 μοι
3159 2258 3258 2330 τὴν
3292 2257 3504 2328 ταύτης
3533 2258 3674 2310 ἀνά-

2087 2357 2280 2426 κλησιν
2305 2356 2368 2408 ἐκ
2398 2353 2493 2408 τοῦ
2522 2353 2715 2424 χρόνου
2743 2371 2757 2385 ο
2784 2353 2877 2406 καὶ
2915 2351 3217 2420 ἐσφράγισε
3268 2351 3358 2403 καὶ
3399 2351 3452 2400 ἐν
3490 2348 3674 2418 ταύτῃ

2088 2445 2428 2518 ἡγούμενον·
2454 2444 2678 2513 ἐξέϐαλε
2719 2445 2815 2498 καὶ
2868 2442 3296 2512 ἐκκλησιαστικὰ
3346 2441 3673 2511 σταυροπήο

2087 2555 2182 2607 για
2210 2537 2320 2592 ἀπὸ
2339 2539 2448 2590 τῶν
2484 2535 2869 2607 μοναστηρίων
2913 2554 3038 2606 μου,
3067 2534 3161 2588 τοῦ
3197 2535 3293 2606 τῆς
3339 2534 3674 2602 ἐγκλειστῆς

2090 2631 2324 2702 καὶτῆς
2374 2630 2537 2699 ἁγίας
2594 2628 2963 2692 ἀναστάσεως.
3011 2627 3265 2698 Ἐποίησε
3327 2628 3423 2682 νῖν
3488 2631 3673 2682 οἰκεῖα

2093 2722 2492 2793 σταυροπήγια.
2525 2721 2629 2774 Δύο
2675 2721 2785 2774 τισὶ⁹
2817 2721 2926 2773 τῶν
2974 2719 3279 2790 εύκτηρίων
3315 2719 3484 2774 οἴκων
3542 2721 3671 2790 μέ).-

2089 2815 2272 2870 λουσιν
2294 2817 2574 2886 ἀνεγεῖραι
2599 2812 2900 2886 προέτρεψε
2922 2812 3010 2866 διὰ
3032 2813 3330 2867 πιττακίων
3356 2831 3370 2846 ·
3406 2814 3502 2866 καὶ
3525 2815 3664 2884 ἐχει-

2095 2907 2462 2979 ροτονήθησαν
2497 2908 2663 2976 ἱερεῖς
2714 2905 2822 2958 τῶν
2850 2906 3068 2976 χωρίων
3125 2905 3225 2977 τῆς
3262 2906 3480 2977 ἐνορίας
3533 2924 3665 2976 μου,

2091 3000 2258 3071 ἤγουν
2279 2998 2378 3068 τῆς
2399 2995 2684 3065 Νισίστης,
2700 2995 2800 3064 τῆς
2824 2995 3144 3065 Πρινίστης,
3166 2995 3266 3066 τῆς
3285 2995 3669 3067 Δοσρολίστης,

2092 3091 2187 3146 καὶ
2212 3091 2308 3162 τῆς
2345 3088 2779 3156 Πλανικοϐίστης
2805 3103 2818 3116 ·
2852 3086 2955 3139 ἀνὰ
2979 3085 3072 3140 δύο
3105 3086 3196 3140 τὸν
3225 3088 3459 3159 ἀριθμόν
3483 3105 3498 3119 ο
3531 3105 3670 3157 παρ-

421 3175 560 3231 tiucs
598 3180 816 3249 propria
847 3183 1179 3240 auctoritate
1233 3202 1390 3242 sacra
1426 3190 1743 3247 celebravit.
1809 3195 1980 3251 Velim

2092 3183 2248 3246 εκτὺς
2269 3177 2344 3238 ὧν
2374 3183 2474 3236 ούκ
2520 3181 2723 3251 ἔφθασε
2775 3178 2960 3232 λαϐεῖν
3016 3179 3243 3249 εἴδησιν.
3288 3180 3667 3251 Ἐχειροτόνη·

423 3267 592 3337 igitur
628 3284 658 3322 a
716 3280 898 3328 vestra
946 3277 1239 3334 sanctitate
1294 3281 1592 3350 percipere,
1646 3299 1766 3354 quae
1818 3288 1890 3342 sit
1935 3290 1988 3344 in

423 3363 764 3416 enumeratis
803 3363 1079 3433 capitibus
1107 3368 1339 3438 singulis
1393 3386 1677 3428 sacrorum
1715 3392 1986 3432 canonum

423 3455 480 3503 et
511 3448 886 3508 institutormn
925 3454 1179 3513 Ecclesiae
1211 3465 1504 3517 sententia.
1525 3465 1570 3516 A
1598 3475 1786 3520 sancta
1807 3479 1990 3544 nostra

425 3542 636 3611 synodo
656 3545 968 3612 hujusmodi
1003 3553 1388 3620 responsiones
1402 3558 1583 3612 statim
1601 3561 1822 3617 tulitzUI
1847 3542 1993 3617 vide-

426 3632 574 3698 licet,
598 3636 720 3690 etsi
751 3635 892 3693 l'orte
930 3639 1074 3695 facta
1105 3643 1176 3696 sit
1206 3645 1272 3699 ab
1302 3645 1422 3716 ejus
1473 3652 1732 3718 temporis
1785 3663 1993 3709 metro-

428 3725 673 3793 politano
707 3730 1286 3790 morienteredhibitio
1323 3742 1714 3808 episcopalium
1744 3743 1994 3803 Artensis

425 3818 696 3885 crueium,
730 3837 868 3891 quas
897 3824 1003 3880 sibi
1039 3829 1388 3898 attribuerat,
1421 3842 1475 3889 et
1508 3835 1684 3904 ipsius
1717 3851 1990 3896 monastev

427 3907 493 3963 rii
525 3911 702 3966 sancti
734 3912 995 3973 Demetrii
1027 3927 1055 3956 ³
1093 3938 1108 3976 :
1149 3923 1242 3977 sed
1261 3938 1408 3989 cum,
1447 3935 1506 3981 ut
1539 3928 1654 3998 ipse
1703 3932 1994 3990 confessus

427 4008 532 4070 est,
558 4003 612 4056 in
656 4019 847 4062 sacros
879 4023 1120 4067 canones
1171 4013 1454 4073 incurrere
1503 4034 1563 4075 se
1616 4021 1885 4079 intellexit
1941 4034 1995 4080 et

427 4092 620 4150 vitium
649 4099 919 4162 correxit.
947 4100 1259 4159 ﬁrmitatem
1285 4107 1448 4164 habet
1479 4110 1626 4179 quod
1655 4111 1855 4168 factum
1886 4116 1994 4188 est)

429 4191 486 4240 et
551 4188 884 4260 episcopalia
923 4199 949 4228 ο
1007 4197 1339 4250 monasteria
1397 4199 1512 4253 haec
1558 4201 1612 4256 in
1668 4212 1991 4274 perpetuum

426 4285 706 4345 maneant,
753 4291 1009 4338 cessante
1039 4286 1458 4355 praescriptione
1493 4294 1777 4359 temporis,
1816 4295 1869 4347 in
1903 4311 1990 4360 eo,

428 4369 573 4437 quod
593 4369 736 4425 circa
763 4373 938 4428 sancti
974 4371 1228 4430 Demetrii
1249 4381 1636 4433 monasterimn
1673 4383 1994 4441 innovatum

429 4467 514 4512 est
555 4478 569 4512 :
608 4461 735 4531 quia
787 4463 1224 4527 cruciﬁxionum.
1257 4482 1380 4536 qum
1403 4479 1531 4522 sunt
1567 4487 1662 4540 per
1691 4473 1994 4544 dimcesim,

2091 3293 2192 3331 σαν
2223 3275 2281 3328 δὲ
2308 3273 2418 3328 ἀπὸ
2449 3273 2548 3343 τῆς
2583 3274 2798 3342 ἐνορίας
2846 3288 2948 3341 μου
2991 3271 3086 3325 καί
3115 3268 3261 3335 τινες
3299 3273 3407 3326 τῶν
3443 3289 3667 3324 συνεπι-

2099 3369 2318 3423 σκόπων
2367 3384 2490 3438 μου.
2529 3365 2689 3419 Ἀλλὰ
2712 3365 2858 3418 καὶὸ
2901 3363 3193 3436 ἱερώτατος
3243 3365 3341 3435 τῆς
3393 3366 3668 3428 Λευκάδος

2092 3457 2523 3530 ἀρχιεπίσκοπος
2581 3455 2799 3524 εἰσῆλθε
2852 3454 3136 3519 πολλάκις,
3174 3455 3270 3510 καὶ
3308 3455 3666 3527 ἱερούργησεν

2094 3553 2152 3605 ἐν
2173 3552 2240 3620 τῇ
2268 3548 2454 3619 ἐνορῳ
2493 3565 2594 3618 μου
2636 3545 3002 3613 αύτοὸούλως.
3039 3547 3240 3616 Δέομαι
3265 3548 3372 3615 ξουν
3410 3545 3666 3617 παραλα-

2094 3644 2210 3697 σείν
2233 3644 2296 3695 ἐκ
2320 3641 2419 3712 τῆς
2443 3639 2599 3706 ὑμῶν
2631 3639 2920 3709 ἁγιότητος
2956 3640 3016 3693 τὸ
3059 3639 3144 3708 ἐφ’
3173 3638 3388 3708 ἑκάστῳ
3421 3639 3532 3691 τῶν
3561 3638 3665 3691 ἁπ-

2094 3735 2516 3806 αριθμουμὲνων
2544 3731 2854 3800 κεφαλαίων
2885 3731 3079 3786 δοκοῦν
3115 3735 3227 3794 τοῖς
3265 3733 3429 3800 ἱεροῖς
3457 3731 3663 3794 κανόσι,

2096 3831 2191 3885 καὶ
2213 3831 2280 3900 τῇ
2301 3825 2626 3897 θεσμοθεσία
2641 3826 2742 3896 τῆς
2776 3826 3125 3897 Ἐκκλησίας.
3151 3825 3259 3878 Kal.
3291 3824 3356 3894 δὴ
3395 3825 3666 3894 ἀποφέρε-

2097 3939 2185 3976 ται
2208 3918 2422 3974 τοιὰσδε
2473 3917 2570 3980 τὰς
2595 3918 2916 3987 ἀποκρίσεις
2938 3917 3045 3970 ἀπὸ
3071 3917 3170 3984 τῆς
3193 3916 3316 3970 καθ’
3335 3918 3483 3987 ἡμᾶς
3509 3917 3666 3985 ἁγίας

2098 4012 2316 4064 συνόδου
2339 4027 2353 4041 ο
2388 4011 2476 4064 ἵνα
2503 4009 2704 4081 δηλαδὴ
2745 4009 2850 4062 κᾶν
2899 4009 3030 4071 ίσως
3065 4008 3434 4068 ἐπιτελεύτιος
3479 4009 3665 4076 γέγονε

2095 4102 2174 4173 τῷ
2199 4103 2318 4156 τότε
2357 4101 2778 4172 μητροπολίτηή
2815 4099 2925 4154 τῶν
2957 4100 3332 4153 ἐπισκοπικῶν
3363 4117 3670 4168 σταυροπη-

2096 4196 2232 4266 γίων
2278 4195 2373 4249 τοῦ
2407 4196 2614 4265 Ἀρτης
2651 4193 2760 4246 τῶν
2807 4193 3003 4264 ἐκείνῳ
3063 4192 3525 4262 σφετερισθέντων
3575 4195 3667 4247 ἁν-

2097 4286 2385 4358 τιστροφὴ,
2412 4286 2506 4338 καὶ
2541 4285 2712 4356 αὐτῆς
2755 4285 2852 4354 τῆς
2906 4284 3001 4338 τοῦ
3043 4285 3198 4353 ἁγίου
3233 4285 3546 4355 Δημητρίου
3573 4304 3666 4356 μο-

2098 4381 2235 4450 νῆς·
2273 4380 2388 4434 ἀλλ’
2418 4378 2631 4447 ἐπειδὴ.
2679 4377 2754 4439 ὡς
2810 4378 2906 4429 καὶ
2960 4375 3121 4440 αὐτὸς
3175 4375 3550 4446 ὡμολόγησεν,
3595 4377 3669 4438 εἰς

2099 4477 2225 4536 τοὺς
2249 4473 2428 4539 ἱεροὺς
2454 4471 2679 4532 κανόνας
2705 4469 2883 4522 παίων
2909 4468 3132 4537 συνῆκε,
3157 4469 3249 4520 καὶ
3267 4465 3334 4520 τὰ
3362 4467 3455 4520 τοῦ
3520 4469 3670 4520 πταί-

429 4549 530 4603 soli
567 4553 921 4621 patriarchali
955 4555 1303 4624 amplitudini
1350 4562 1602 4616 relictura
1650 4574 1734 4620 est
1771 4568 1988 4636 privrle-

2107 4534 2314 4634 σματος
2377 4559 2754 4630 διωρθώσατο,
2793 4559 2854 4612 τὸ
2896 4534 3065 4630 κῦρος
3095 4557 3204 4628 ἔχει
3235 4557 3295 4610 τὸ
3311 4558 3556 4626 γεγονὸς,
3580 4559 3671 4611 καὶ

429 4639 600 4710 gium,
639 4644 1178 4712 metropolitanorum
1215 4657 1394 4704 autem
1428 4653 1652 4710 nemini.
1703 4656 1858 4723 Quod
1897 4675 1995 4715 au-

430 4739 536 4786 tem
575 4732 629 4786 in
659 4732 906 4792 Catzura':
937 4742 1277 4795 monasterio
1309 4757 1465 4796 sacra
1494 4746 1812 4812 celebravit,
1869 4762 1990 4820 post

429 4822 664 4878 actionis
689 4828 968 4896 synodalis
995 4830 1272 4899 notitiam,
1293 4834 1562 4906 siquidem
1597 4853 1732 4894 cum
1761 4850 1816 4896 tu
1850 4843 1996 4899 Artze

430 4913 724 4986 episcopus
755 4919 868 4974 otio
901 4920 1216 4992 indulgeres
1241 4933 1291 4991 Ρ,
1325 4941 1421 4996 per
1476 4929 1916 4989 subnotationem
1965 4952 1994 4989 a

430 5005 866 5071 provincialibus
891 5011 1165 5081 episcopis
1205 5016 1269 5070 ad
1315 5017 1368 5072 id
1409 5018 1666 5078 inductus
1691 5033 1810 5101 est,
1843 5036 1995 5081 extra

430 5093 648 5165 culpam
680 5099 807 5164 erit,
840 5117 935 5172 per
986 5105 1051 5160 M
1081 5109 1445 5176 apostolicum
1489 5127 1779 5182 canonem,
1803 5093 1998 5172 Idiceno

432 5199 538 5244 tem
585 5193 842 5265 episcopo
881 5198 975 5268 qui
1009 5215 1166 5255 suam
1201 5205 1496 5274 paroreiam
1533 5207 1842 5278 reliquerit,
1889 5225 1996 5265 non

431 5279 597 5334 licere
629 5282 683 5337 in
740 5287 970 5342 alienam
1004 5289 1239 5359 insilire,
1277 5297 1530 5365 quamvis
1559 5313 1591 5352 a
1615 5299 1801 5354 multis
1848 5315 2000 5355 com-

433 5372 665 5442 pellatur
695 5393 709 5430 :
744 5378 846 5432 nisi
880 5378 1029 5448 justa
1057 5382 1240 5455 aliqua
1301 5401 1472 5446 causa
1512 5405 1637 5445 eum
1689 5399 1852 5462 cogat
1889 5411 1903 5446 :
1943 5402 2001 5447 ut

2102 4653 2439 4710 ἐπισκοπικᾶ
2465 4653 2533 4706 τὰ
2559 4651 2802 4713 τοιαῦτα,
2839 4652 3179 4721 μοναστήρια
3223 4650 3302 4713 εἱς
3343 4651 3430 4703 ἀεὶ
3461 4651 3669 4721 διαμεί·

2103 4766 2292 4808 νωσιν,
2332 4745 2608 4814 ἁργούσης
2662 4743 2887 4812 καὶτῆς
2934 4743 3042 4796 ἀπὸ
3089 4743 3280 4813 χρόνου
3324 4744 3670 4814 περιγραφῆς

2102 4842 2195 4895 ἐπὶ
2230 4842 2294 4910 τῇ
2347 4837 2489 4891 κατὰ
2538 4837 2638 4902 τὴν
2672 4835 2838 4905 μονὴν
2878 4835 2972 4888 τοῦ
3017 4834 3170 4902 ἁγίου
3207 4837 3522 4906 Δημητρίου
3557 4854 3672 4888 και-

2103 4933 2330 5002 νοτομία
2355 4947 2368 4962 ⁸
2402 4929 2491 4983 διὰ
2523 4927 2583 4980 τὺ
2621 4925 2917 4996 προνόμιον
2950 4925 3058 4978 τῶν
3104 4927 3235 4996 παρ’
3267 4927 3478 4995 ἐνορίαν
3511 4943 3670 4978 σταυ-

2107 5021 2390 5096 ροπηγίων
2428 5018 2565 5089 μόνη
2596 5020 2660 5087 τῇ
2709 5018 3080 5086 πατριαρχικῇ
3105 5014 3351 5083 ἐφεῖσθαι
3387 5015 3668 5084 μεγαλειό-

2104 5133 2247 5186 τητι,
2287 5113 2396 5166 τῶν
2435 5111 2492 5166 δὲ
2529 5107 2942 5181 μητροπολιτῶν
2987 5106 3183 5162 οὐδενί.
3217 5106 3341 5159 Ὀτι
3370 5107 3425 5160 δὲ
3461 5107 3556 5158 καὶ
3594 5107 3666 5158 ἰε-

2106 5209 2410 5280 ρούργησεν
2444 5203 2521 5267 εἱς
2553 5203 2652 5272 τὴν
2699 5199 2795 5253 τοῦ
2837 5197 3124 5269 Κατζούρη
3181 5195 3346 5267 μονὴν
3395 5197 3534 5265 μετὰ
3578 5196 3667 5264 τῆς

2105 5299 2358 5370 πράξεως
2386 5296 2487 5364 τὴν
2523 5293 2841 5360 ἐπίγνωσιν,
2873 5291 2922 5341 εἰ
2959 5287 3060 5357 μὲν
3099 5288 3156 5337 ἐν
3182 5285 3260 5355 τῷ
3297 5287 3578 5354 σχολάζειν
3614 5301 3666 5335 σε

2103 5392 2195 5446 τὸν
2225 5391 2526 5444 ἐπίσκοπον
2569 5386 2795 5456 Ι’Δρτηςχ
2826 5382 2931 5436 ὑπὸ
2968 5380 3077 5433 τῶν
3110 5379 3286 5434 ἄλλων
3317 5380 3667 5449 exarmato:th

1663 5499 1899 5559 VARIIE
1936 5502 2346 5566 LECTIONES.

525 5584 572 5618 ³⁸
599 5587 1010 5657 ύποσημασιῶν.

511 5686 536 5758 β
569 5679 660 5746 per
692 5683 1089 5758 usurpationem
1123 5703 1280 5741 sacra
1335 5687 1552 5758 peregit.
1634 5686 1657 5726 ιι
1698 5685 1962 5741 abbatem.

439 5747 746 5827 lliccat-“uin.
824 5747 868 5790 ⁷1
917 5755 969 5806 in
1010 5757 1233 5827 singulis
1286 5747 1412 5812 duo.

439 5832 464 5856 ο
491 5819 631 5889 quod
667 5821 863 5889 factum
895 5835 990 5893 est,
1018 5838 1064 5882 et
1097 5819 1439 5899 cpiscopulia.
1517 5837 1545 5878 ι’
1574 5844 1806 5882 t‘m'at'cs.

2046 5688 2057 5726 ί
2110 5687 2165 5739 in
2207 5702 2264 5737 ro
2312 5698 2514 5751 quoque
2567 5687 2900 5754 conﬁrmavit
2945 5685 3206 5739 abbatem.

1517 5766 1556 5794 ιη
1601 5758 1818 5810 necdum
1872 5758 2044 5812 habet.

3287 5681 3301 5733 3
3359 5699 3451 5749 per
3504 5684 3667 5737 brc't'es

2153 5767 2180 5793 ιι
2219 5755 2505 5819 Iletrtetrt'i;
2547 5756 2672 5825 quia
2709 5767 2905 5821 tamen,
2944 5767 3002 5810 ut
3056 5758 3191 5840 ipse.
3221 5756 3519 5822 confessus,
3567 5765 3664 5811 etc.
