3950 6586
263 411 381 477 θοι

1543 403 1808 464 CIL/[C0
1846 401 2250 464 RCMANUN.

3409 403 3514 468 802

264 525 590 580 ἐπισκόπων
615 524 702 579 διὰ
736 524 1116 594 σης,ν.ει‹ἔ›ματο;
1141 523 1220 587 εἰς
1253 521 1408 575 τοῦτο
1449 518 1844 591 προ;ϐιϐἀσθη,

1965 517 1999 571 si
2049 517 2136 579 iis,
2180 518 2270 586 qui
2312 515 2381 569 ibi
2417 527 2565 581 sunt,
2631 517 2804 586 possit
2854 517 3067 587 pietatis
3130 519 3341 575 ratione
3397 521 3516 590 plus

265 617 566 679 ἀνεύθυνος
595 615 762 680 ἔσται,
789 617 873 669 διὰ
905 617 992 668 τὸν
1029 615 1090 668 ιδ’
1121 613 1474 670 ἀποστολικδν
1504 612 1728 676 κανόνα,
1753 611 1846 663 τὸν

264 709 522 776 λέγοντα,
571 707 874 760 ἐπίσκοπον
930 707 1004 776 μὴ
1043 705 1262 770 ἐξεῖναι,
1310 703 1712 774 καταλείψαντα
1745 701 1845 772 τὴν

262 799 468 852 ἑαυτοῦ
512 799 827 868 παροικίαν,
864 797 1028 868 ἐτέρᾳ
1077 796 1368 867 ὲπιπηδᾷν,
1404 795 1508 848 κᾶν
1537 794 1640 847 ὑπὸ
1669 793 1845 847 πλειὸ·

265 911 384 944 νων
411 895 818 962 ἀναγκάζηται·
852 893 900 944 εἰ
934 893 1008 962 μή
1051 908 1138 954 τις
1174 891 1396 959 εὔλογος
1430 891 1576 944 αἰτία
1611 888 1697 959 εἴη
1722 889 1846 943 τοῦ-

266 1001 362 1036 τον
395 984 692 1055 βιαζομένη
721 1003 732 1016 -
763 985 836 1047 ὡς
865 985 914 1036 εξ
957 984 1122 1036 πλέον
1165 1001 1218 1036 τι
1277 983 1470 1054 κέρδος
1514 983 1846 1054 δυναμένους

260 1075 439 1126 αὐτοῦ
473 1079 589 1137 τοῖς
631 1077 807 1128 ἐκεῖσε
858 1075 1002 1144 λόγῳ
1049 1075 1334 1138 εὐσεϐείας
1365 1074 1717 1144 ἐμϐαλέσθαι,
1753 1075 1847 1127 καὶ

258 1164 428 1218 τοῦτο
451 1167 554 1217 οὐκ
603 1167 695 1233 ἀφ’
727 1166 946 1230 ἑαυτοῦ,
985 1164 1118 1218 ἀλλὰ
1151 1166 1329 1236 κρίσει
1363 1165 1572 1218 πολλῶν
1624 1166 1846 1219 ἐπισκό-

259 1271 409 1314 πων,
436 1257 532 1306 καὶ
556 1253 900 1323 παρακλήσει
936 1253 1188 1324 μεγίστῃ.
1228 1253 1290 1306 Et
1329 1251 1374 1304 δ’
1401 1252 1575 1315 ἄλλως
1599 1260 1714 1316 πως
1747 1251 1845 1304 αὐ·-

259 1344 633 1406 τοκέλευστος
682 1345 762 1408 είς
794 1345 951 1397 τοῦτο
985 1344 1078 1396 καὶ
1129 1345 1500 1415 παρωρμήθη,
1525 1345 1662 1408 τέως
1696 1345 1796 1414 μὲν
1819 1347 1848 1399 ὀ

259 1436 302 1488 ε’
333 1439 434 1490 καὶ
473 1436 518 1490 λ’
553 1440 581 1491 ὁ
612 1438 967 1500 ἀποστολικδς
990 1437 1168 1492 κανὼν
1194 1437 1591 1508 παραιτείσθω,
1611 1437 1697 1491 διὰ
1713 1454 1846 1507 συγ-

259 1529 503 1596 γνώμην
527 1546 541 1559 ο
575 1530 1033 1600 παρῤησιαζέσθω
1060 1531 1114 1582 δὲ
1145 1532 1176 1582 ὁ
1208 1536 1255 1583 κ’
1279 1530 1371 1582 καὶ¹
1394 1533 1420 1583 ὁ
1451 1527 1495 1600 β’
1515 1529 1614 1599 τῆς
1643 1531 1700 1583 ἐν
1728 1531 1847 1584 Ἀν-

257 1621 502 1692 τιοχεὶᾳ,
532 1621 828 1674 ἐπίσκοπον
873 1626 946 1693 μὴ
998 1621 1300 1676 ἐπιϐαίνειν
1338 1622 1537 1692 ὁρίζων
1591 1621 1848 1695 ἀλλοτρίᾳ.

259 1711 424 1764 πόλει
482 1715 548 1782 τῇ
593 1713 666 1782 μὴ
699 1712 1037 1784 ὑποκειμένῃ
1073 1713 1242 1784 αὐτῷ,
1277 1713 1412 1783 μηδὲ
1461 1712 1615 1785 χώρᾳ
1651 1717 1716 1786 τῇ
1773 1714 1848 1787 μὴ

259 1801 424 1872 αὑτῷ
464 1802 822 1874 διαφερούσῃ,
860 1805 953 1856 ἐπὶ
990 1805 1296 1876 χειροτονία
1322 1805 1465 1869 τινός
1488 1820 1505 1838 ⁸
1545 1805 1676 1877 μηδέ
1711 1805 1845 1860 καθ-

1955 607 2088 659 lucri
2117 605 2328 669 aﬂ‘erre,
2373 607 2537 676 idque
2600 623 2708 661 non
2744 624 2772 662 a
2830 609 3032 678 seipso.
3071 611 3162 664 sed
3223 612 3516 668 multorum

1954 699 2337 770 episcoporum
2369 700 2603 770 judicio,
2657 701 3020 772 maximisque
3075 703 3352 772 precibus.
3418 706 3515 759 Sin

1953 800 2133 844 autem
2165 792 2322 846 aliter
2351 793 2586 847 memine
2627 794 2938 862 impellente
2960 793 3026 848 ad
3062 795 3112 849 id
3141 795 3402 850 incitatus
3422 798 3517 861 sit,

1953 891 2084 939 tunc
2114 899 2253 938 xxxv
2283 894 2310 936 ιι
2337 887 2872 955 canon.apostolicus
2904 901 2998 957 per
3023 897 3045 924 ι’
3073 886 3516 958 deprecationem

1951 977 2218 1047 placetur.
2294 976 2570 1032 Audacter
2643 985 2823 1033 autem
2919 980 3148 1049 prodeat
3231 981 3520 1036 vicesimus

1955 1063 2234 1121 secundus
2303 1067 2664 1122 Antiocbeme
2759 1068 2974 1138 synodi,
3057 1050 3348 1135 definiens,
3453 1087 3522 1126 ne

1953 1158 2248 1228 episcopus
2326 1158 2550 1213 invadat
2629 1159 2860 1214 alienam
2926 1162 3200 1216 civitatem
3252 1179 3360 1217 non
3413 1164 3519 1218 sibi

1955 1251 2284 1320 subiectam,
2333 1267 2508 1323 neque
2543 1255 2814 1324 regionem
2869 1256 2934 1309 ad
2999 1272 3057 1312 se
3092 1273 3196 1311 non
3241 1259 3521 1328 pertinen-

1956 1349 2118 1398 tem:
2179 1358 2279 1398 nec
2327 1347 2724 1417 presllyteium,
2784 1349 2872 1402 vel
2950 1349 3241 1404 diaconum
3310 1352 3526 1406 ordinet

1954 1447 2282 1502 quemquam
2313 1435 2377 1486 ad
2412 1435 2528 1490 loca
2558 1436 2646 1490 alii
2671 1437 2927 1506 episcopo
2979 1439 3363 1507 subjecta,nisi
3387 1441 3522 1495 forte

1955 1539 2077 1580 cum
2138 1526 2410 1582 sententia
2444 1529 2652 1598 proprii
2686 1530 2923 1600 regionis
2957 1531 3221 1601 episcopi.
3270 1532 3424 1597 Quod
3473 1533 3521 1586 si

1955 1632 2124 1671 ausus
2155 1618 2224 1672 sit
2249 1619 2526 1689 quidpiam
2560 1621 3019 1690 ejusmodi,irrita
3044 1624 3115 1677 sit
3153 1625 3446 1692 ordinatio,
3467 1639 3523 1681 et

1956 1706 2072 1776 ipse
2089 1723 2374 1763 censuram
2400 1711 2714 1782 synodalem
2746 1713 3013 1780 patiatur:
3041 1722 3094 1766 et
3122 1729 3408 1769 censuram
3427 1733 3524 1785 per

1957 1797 2348 1869 benignitatem
2398 1801 2620 1855 modum
2680 1803 2908 1874 accipiat
2934 1803 2999 1856 ad
3031 1820 3266 1858 annnam
3303 1812 3525 1861 asaCris

265 1895 436 1964 ιστᾷν
463 1895 888 1966 πρεσϐύτερονῆ
921 1875 1165 1950 διάκονον
1191 1875 1281 1960 εἰς
1299 1896 1498 1960 τόπους
1529 1875 1701 1970 ἑτέρῳ
1725 1899 1848 1951 ἐπι-

1965 1893 2322 1948 vacationem.
2360 1893 2680 1964 Lieebitque
2708 1895 2806 1949 tibi
2839 1897 3073 1951 retinere
3103 1901 3173 1958 τ’,
3194 1906 3246 1950 et
3282 1913 3379 1968 pro
3399 1898 3523 1953 aliis

263 1983 472 2054 σκόπῳ
511 1986 908 2052 ὑποκειμένους
931 2001 948 2018 ο
984 1988 1032 2039 εἰ
1086 1986 1161 2058 μὴ
1197 1989 1304 2058 ἄρα
1339 1988 1475 2057 μετα
1504 1988 1728 2058 γνώμης
1753 1988 1845 2042 τοῦ

259 2075 482 2128 οἰκείου
529 2076 629 2146 τῆς
659 2077 844 2148 χώρας
895 2079 1220 2134 ἐπισκόπου.
1263 2078 1326 2132 El
1353 2080 1406 2132 δὲ
1437 2080 1734 2150 τολμήσειέ
1766 2097 1850 2143 τις

259 2165 526 2220 τοιοῦτον
548 2186 622 2231 τι,
655 2170 857 2240 ἄκυρον
899 2167 1039 2224 εἶναι
1069 2172 1168 2241 τὴν
1211 2170 1575 2242 χειροθεσίαν,
1606 2171 1702 2224 καὶ
1751 2172 1849 2224 αὐ-

259 2255 359 2308 τὸν
393 2258 687 2328 ἐπιτιμίων
745 2259 850 2312 ὑπὸ
895 2260 994 2330 τῆς
1051 2260 1272 2313 συνόδου
1314 2260 1623 2330 τυγχάνειν.
1664 2261 1772 2313 Καὶ
1814 2263 1847 2333 ἡ

264 2348 528 2417 ἐπιτιμία
555 2350 611 2402 δὲ
643 2350 1066 2420 συμμετρεῖσθαι)
1085 2353 1164 2415 εἰς
1185 2351 1637 2422 ἁλειτουργησίαν
1669 2353 1850 2406 ἐνιαυ-

265 2439 462 2493 σιαίαν
499 2439 616 2493 κατ’
651 2441 971 2498 ἐπιείκειαν.
1010 2443 1119 2495 Καὶ
1151 2445 1278 2505 τοὺς
1316 2445 1652 2514 ἡγουμένους
1672 2445 1726 2498 δὲ
1758 2445 1850 2510 οὓς

263 2532 292 2582 ὁ
322 2530 739 2602 μητροπολίτης
780 2534 1199 2603 προεχειρίσατο
1242 2535 1322 2597 είς
1360 2533 1430 2586 τὰ
1470 2534 1539 2586 σὰ
1585 2538 1852 2607 μοναστὴ-

267 2637 396 2691 ρια,
429 2621 640 2688 ἐξέσται
679 2639 762 2678 σοι
802 2626 1182 2694 παραστεῖλαι,
1219 2626 1309 2679 καὶ
1335 2626 1656 2698 ἁνθετέρους
1679 2645 1852 2698 σφρα-

265 2714 431 2781 γίσαι
455 2731 470 2744 ο
503 2717 552 2767 εί
581 2715 655 2786 μή
699 2734 816 2780 πως
842 2718 1062 2789 ἀρεστοί
1089 2735 1171 2772 σοι
1194 2719 1427 2773 δοκῶσιν
1452 2721 1503 2774 οἱ
1541 2739 1855 2794 προεσφρα-

267 2806 528 2875 γισμένοι
557 2808 644 2860 διὰ
688 2810 1065 2881 πνευματικὴν
1102 2811 1419 2881 ἱκανότητα.
1458 2813 1847 2886 Σταυροπήγια

268 2898 328 2950 δὲ
388 2898 458 2950 τὰ
505 2897 602 2967 μὲν
657 2899 991 2972 ἐκϐληθέντα
1035 2902 1144 2956 ἀπὸ
1181 2901 1290 2956 τῶν
1325 2907 1704 2976 μοναστηρίων
1736 2925 1850 2974 σου,

270 2987 444 3049 αὖθις
491 2991 550 3047 ἐν
609 2989 797 3055 αὐτοῖς
843 2993 1424 3062 ἀποκαταστήσονταιο
1454 2997 1522 3049 τὰ
1572 2998 1626 3050 δὲ
1678 3016 1854 3052 καινιο

273 3079 482 3129 σθέντα
523 3079 652 3148 παρ’
691 3080 929 3148 ἐνορίαν,
969 3083 1464 3154 ὑπαλλαγήσονται.
1511 3089 1752 3161 Μελήσει
1796 3091 1852 3146 δέ

278 3182 366 3218 τοι
395 3170 490 3220 καὶ
529 3170 658 3240 περὶ
689 3169 801 3223 τῶν
833 3173 1056 3242 ἐνορίως
1094 3177 1587 3247 χειροτονηθέντων
1623 3181 1727 3234 ἀπὸ
1756 3182 1855 3253 τῆς

281 3259 390 3311 ὕπ’)
412 3261 470 3313 σὲ
513 3262 729 3330 ἐνορίας
751 3281 764 3294 ο
803 3263 880 3325 ὡς
919 3264 985 3319 ἂν
1019 3265 1263 3336 ἀκριϐῶς
1301 3267 1600 3341 δοκιμάσῃς
1634 3273 1850 3338 αὐτοὺς,

279 3353 447 3421 εἰπερ
480 3354 850 3424 ἁνεπιλήπτου
883 3355 996 3426 βίου
1029 3359 1375 3428 τυγχάνουσι,
1409 3361 1498 3414 καὶ
1524 3362 1590 3414 τὰ
1622 3363 1741 3433 ίερὰ
1763 3380 1856 3433 με·

1954 1985 2197 2056 sigillare
2280 1986 2587 2055 praefectos,
2654 2002 2794 2055 quos
2879 1989 3336 2058 metropolitanus
3412 1992 3521 2044 tuis

1957 2077 2201 2148 praefecit
2238 2079 2608 2134 monasteriis.
2645 2077 2760 2134 Nisi
2793 2088 3016 2149 propter
3039 2081 3376 2150 spiritualem
3403 2081 3525 2135 suf-
3596 2071 3620 2086 “

1958 2169 2280 2234 ticientiam,
2313 2171 2402 2240 qui
2438 2170 2589 2237 prius
2649 2169 2920 2239 designati
2967 2182 3119 2239 sunt,
3155 2174 3364 2242 accepti
3390 2188 3516 2229 esse

1959 2261 2053 2317 tibi
2090 2263 2396 2317 videantur.
2429 2262 2635 2318 Cruces
2666 2271 2869 2329 autem,
2907 2279 3029 2333 quae
3053 2264 3273 2335 quidem
3321 2281 3385 2321 ex
3414 2267 3525 2321 tuis

1960 2355 2310 2408 Innnasteriis
2338 2362 2468 2408 sunt
2497 2355 2741 2424 dejeetac,
2779 2355 2974 2408 iterum
3039 2355 3093 2409 in
3133 2355 3202 2412 iis
3228 2359 3525 2412 restituet»

1960 2455 2047 2498 tur
2079 2465 2092 2499 :
2121 2460 2240 2514 quae
2278 2453 2460 2498 autem
2513 2459 2607 2512 per
2660 2442 2939 2520 dimcesim
2976 2449 2998 2478 ³
3065 2442 3321 2498 iunovata
3375 2452 3524 2510 sunt,

1957 2537 2430 2591 reformabuntur.
2483 2535 2626 2591 Cura
2661 2545 2841 2590 autem
2900 2536 2997 2591 tibi
3028 2537 3132 2591 erit
3185 2537 3366 2601 deiis,
3431 2537 3524 2608 qui

1959 2627 2100 2680 intra
2137 2625 2336 2680 limites
2364 2641 2426 2680 ex
2458 2637 2547 2680 tua
2575 2625 2798 2680 dioecesi
2853 2627 3022 2680 creati
3052 2635 3202 2694 sunt,
3241 2636 3300 2683 ut
3353 2627 3520 2681 etiam

1959 2717 2251 2786 diligenter
2315 2716 2620 2783 cxamim-s,
2669 2732 2798 2770 num
2872 2716 3164 2788 inculpata:
3214 2719 3340 2772 vita:
3393 2719 3526 2786 sint,

1960 2818 2014 2863 et
2048 2809 2221 2862 sacris
2263 2807 2457 2861 imbuti
2509 2808 2726 2862 litteris.
2764 2806 2828 2861 Et
2854 2823 2950 2862 eos
2980 2808 3195 2875 quidem
3228 2808 3316 2878 qui
3342 2806 3532 2879 hujus-

1960 2899 2105 2954 modi
2130 2899 2331 2952 inventi
2363 2897 2586 2964 fuerint,
2614 2914 2642 2950 a
2674 2913 2836 2952 sacro
2868 2899 3176 2953 ministerio
3216 2915 3526 2965 removeas,

1961 3000 2236 3060 quatenus
2271 2989 2367 3043 tibi
2413 2991 2588 3044 visum
2621 2988 2788 3042 fuerit
2821 3007 2836 3042 :
2866 2988 3003 3042 alios
3034 3000 3212 3044 autem
3247 2989 3402 3059 plena
3433 2991 3526 3044 de-

1961 3083 2235 3156 positione
2267 3083 2618 3136 condemnes.
2684 3080 2742 3135 ln
2776 3081 3049 3150 episcopis
3081 3089 3283 3145 autem,
3339 3091 3390 3134 et
3438 3096 3528 3135 ar-

1960 3175 2316 3246 chiepiscopo
2366 3171 2654 3237 Leucadis,
2685 3172 2876 3226 eadem
2907 3171 3177 3226 obtinebit
3197 3170 3526 3242 dispositio;

1962 3285 2085 3339 quae
2145 3267 2302 3322 etde
2361 3263 2714 3321 sanctissimo
2770 3261 3038 3335 Naupacti
3083 3261 3335 3334 superius
3356 3277 3532 3316 enun-

1969 3363 2097 3414 tiata
2131 3368 2237 3414 est.

280 3444 528 3516 μύηνται
585 3447 909 3518 γράμματα.
953 3451 1061 3504 Καὶ
1106 3451 1235 3514 τοὺς
1279 3453 1376 3522 μὲν
1431 3455 1855 3526 εὑρισκομένους
1894 3458 2171 3518 τοιούτους
2247 3451 2572 3521 ἐπιτιμῆσαι
2628 3446 3072 3520 ἀλειτουργησίᾳ,
3133 3445 3220 3519 ἐφ’
3271 3449 3394 3502 ὅσον
3467 3449 3533 3504 ἄν

278 3555 370 3591 σοι
427 3543 520 3592 καὶ
567 3539 737 3607 δόξειε
762 3557 777 3572 ο
809 3541 917 3594 τῶν
949 3541 1005 3596 δὲ
1052 3542 1124 3612 μὴ
1163 3542 1334 3606 οὕτως
1372 3545 1627 3614 ἐχόντων,
1657 3549 1858 3618 ἀργίαν
1891 3549 2106 3604 τελείαν
2162 3540 2671 3613 καταψηφίσασθαι.
2749 3540 2872 3594 Ἐπὶ
2914 3539 2970 3593 δέ
3023 3541 3136 3602 τοῖς
3211 3540 3546 3604 ἐπισκόποις,

276 3635 381 3685 καὶ
409 3631 490 3701 τῷ
539 3635 956 3707 ἀρχιεπισκόπῳ
997 3636 1274 3700 Λευκάδος
1307 3639 1340 3709 ἠ
1375 3641 1514 3713 αὑτὴ
1593 3645 1920 3715 κρατήσειεν
1959 3641 2332 3702 ὑποτύπωσις,
2367 3637 2486 3707 ἥτις
2513 3625 2766 3706 καὶπερὶ
2807 3631 2902 3687 τοῦ
2954 3633 3252 3704 ἱερωτάτου
3299 3632 3532 3687 Nanni-

279 3744 419 3780 κτου
452 3727 706 3797 ἀνωτέρω
731 3727 1071 3801 ὲξειρωνήθη.

364 3820 486 3874 Ἔτι
519 3819 570 3871 δὲ
599 3818 862 3890 ἐξῄτησεν
908 3823 936 3875 ὁ
973 3823 1180 3892 Ἀρτης
1226 3823 1544 3891 ἐπίσκοπος,
1576 3829 1860 3900 ὁρισθῆναι

278 3912 348 3965 τὸ
384 3912 640 3981 ποιητέον
659 3913 757 3966 καὶ
793 3913 885 3966 ἐπὶ
921 3913 998 3983 τῷ
1034 3915 1435 3987 ἱερολογηθέντι
1465 3918 1570 3988 πρὸ
1592 3922 1691 3990 τῆς
1719 3922 1860 3994 ἥϐης

282 4004 505 4057 τελείαν
531 4003 838 4075 ιὶερολογίαν
866 3999 1106 4077 κορασῖῳ
1137 4009 1195 4060 ἐν
1219 4009 1282 4078 τῇ
1308 4008 1431 4062 κατ’
1460 4009 1623 4063 αὐτὸν
1653 4013 1859 4083 ἐνορία,

284 4098 387 4150 καὶ
428 4097 822 4168 παιδοφθορίαν
878 4099 1140 4153 παθόντιο
1166 4101 1261 4153 καὶ
1311 4100 1416 4171 μὴν
1459 4101 1594 4156 ἀλλὰ
1627 4105 1720 4158 καὶ
1770 4104 1862 4159 ἐπὶ

284 4189 373 4257 τῷ
415 4189 822 4260 ίερολογήσαντι
846 4191 1000 4262 ἱερεῖ.
1032 4192 1140 4244 Καὶ
1168 4193 1401 4262 ἤκουσεν
1421 4193 1498 4257 ὡς
1527 4196 1561 4265 ἡ
1593 4196 1692 4266 τὴν
1724 4213 1863 4267 παρη

287 4280 512 4351 θενικὴν
536 4281 755 4335 λυθεῖσα
771 4281 948 4354 ζώνην
977 4286 1034 4336 ἐν
1056 4283 1220 4354 ἀώρῳ
1249 4287 1314 4356 τῇ
1356 4285 1564 4358 ἡλικίᾳ,
1603 4286 1698 4342 τοῦ
1732 4287 1865 4358 φθο-

293 4378 437 4444 ρέως
495 4372 904 4445 διαζυγήσεται,
941 4377 1037 4429 καὶ
1085 4378 1113 4429 ὁ
1169 4376 1522 4447 ίερολογήσας
1572 4379 1770 4444 αὐτοὺς
1805 4380 1863 4434 ἐν

288 4465 515 4532 γνώσει,
543 4465 1015 4536 καθαιρεθήσεται.
1057 4465 1241 4520 Ταῦτα
1269 4467 1723 4540 παρεκϐληθέντα
1749 4470 1859 4524 ἀπὸ

290 4555 405 4607 τῶν
433 4554 750 4625 ἡμερησίων
775 4555 1067 4609 συναδικῶν
1105 4557 1639 4628 παρασημειὼσεων,
1664 4561 1760 4614 καὶ
1791 4563 1858 4632 τῇ

2045 3827 2298 3898 Amplius
2329 3833 2509 3878 autem
2540 3819 2793 3892 qucesivit
2828 3817 3078 3872 Artensis
3130 3817 3444 3887 episcopus,
3475 3825 3535 3871 ut

1970 3923 2264 3979 deﬁniatur
2370 3919 2499 3988 quid
2539 3917 2848 3969 faciendum
2902 3912 2972 3966 sit
3025 3910 3090 3964 de
3161 3911 3358 3980 puclla,
3412 3926 3535 3980 qua:

1969 4021 2097 4066 ante
2177 4009 2518 4080 pubertatem
2577 4007 2629 4058 in
2699 4001 2872 4074 ipsius
2933 4000 3157 4054 dimcesi
3213 3998 3534 4068 perfectam,

1968 4103 2408 4161 benedictionem
2472 4095 2709 4167 accepit,
2763 4100 2820 4149 et
2886 4091 3292 4161 corruptionem
3374 4104 3538 4160 passa

1971 4204 2055 4251 est
2095 4211 2110 4249 :
2151 4191 2282 4264 quid
2307 4191 2471 4245 etiam
2523 4186 2592 4241 de
2649 4184 2953 4243 sacerdote,
2983 4181 3078 4252 qui
3126 4193 3312 4236 sacras
3337 4196 3532 4251 preces

1969 4282 2245 4353 concepit.
2283 4281 2350 4336 Et
2389 4277 2598 4332 audivit
2653 4290 2798 4338 eam,
2831 4288 2954 4345 qua:
3008 4272 3306 4345 virgineam
3376 4271 3542 4326 solvit

1969 4390 2164 4434 zonam
2193 4389 2297 4428 non
2341 4379 2556 4426 matura
2582 4376 2763 4432 actate,
2792 4371 3158 4434 acorruptore
3178 4364 3538 4433 separandum

1968 4482 2129 4534 esse;
2187 4479 2424 4536 eumque
2493 4461 2585 4532 qui
2637 4459 2820 4516 sciens
2892 4471 3101 4512 sacram
3169 4456 3539 4526 precationem

1969 4555 2448 4631 pronuntiaverit,
2507 4549 2916 4622 deponendum.
2998 4550 3124 4602 Haec
3189 4547 3389 4601 emissa
3475 4561 3543 4600 ex

296 4648 592 4716 ὑπογραφῇ
634 4647 730 4700 καὶ
763 4646 1017 4717 σφραγὶδι
1074 4646 1168 4699 τοῦ
1221 4650 1554 4718 τιμιωτάτου
1587 4651 1854 4722 χαρτοφύ-

1973 4650 2186 4706 diurnis
2216 4645 2574 4719 synodalibus
2616 4641 3126 4702 iannotationibus,
3159 4649 3214 4693 et
3258 4655 3358 4710 pro
3391 4653 3542 4691 more

294 4736 466 4798 λακος
497 4739 591 4806 τῆς
620 4739 930 4808 ἁγιωτάτης
965 4737 1058 4790 τοῦ
1081 4737 1214 4790 Θεοῦ
1259 4739 1518 4811 Μεγάλης
1543 4740 1872 4810 Ἐκκλησίας

300 4829 553 4900 συνήθως
585 4831 972 4901 βεϐαιωθέντα,
1006 4831 1234 4900 ἐπεδόθη
1265 4835 1395 4902 μηνὶ
1431 4833 1525 4886 καὶ
1549 4834 1873 4904 ἐπινεμήσει

297 4926 416 4984 τοῖς
497 4924 1008 4994 προγεγραμμένοις
1059 4964 1074 4989 ,
1135 4923 1288 4988 ἔτους
1350 4925 1563 4995 ,ςψμγκ
1617 4926 1681 4978 Ἡ
1738 4926 1874 4979 ὑπο-

300 5016 514 5085 γραφήο

386 5107 448 5158 ὐ
485 5107 750 5177 χαρτοφύ)
763 5109 830 5174 αξ
859 5107 960 5178 τῆς
997 5107 1309 5177 ἁγιωτάτης
1331 5108 1426 5162 τοῦ
1449 5107 1579 5161 Θεοῦ
1611 5108 1873 5178 Μεγάλης

316 5199 666 5270 Ἐκκλησίας,
715 5201 1125 5275 Κωνσταντίνος
1154 5203 1183 5253 ὁ
1217 5200 1478 5271 Αὑληνός.
1511 5199 1581 5252 Ἦ
1633 5198 1873 5269 συνήθης

308 5291 590 5362 μολιϐὁίνη
625 5291 838 5361 βοῦλλα.
873 5292 984 5344 Καὶ
1007 5291 1232 5346 ὄπισθεν
1259 5293 1318 5344 ἐν
1366 5293 1434 5362 τῇ
1469 5291 1743 5361 συμπήξει
1773 5291 1873 5360 τῆς

308 5383 558 5454 βούλλης,
585 5384 679 5455 τῷξ
697 5385 826 5455 μηνὶ
857 5382 1081 5455 Ἰουλίῳ,
1110 5384 1519 5455 ἐπινεμήσειττ.

1978 4739 2300 4797 conﬁrmata
2318 4733 2752 4803 subscriptione,
2802 4746 2864 4784 ac
2899 4730 3056 4800 signo
3084 4729 3354 4798 imprimis
3386 4744 3546 4781 vene-

1979 4832 2137 4886 randi
2206 4827 2648 4898 cliartophylacis
2721 4821 3087 4878 sanctissima:
3140 4818 3234 4873 Dei
3333 4817 3544 4886 Magna:

1976 4921 2255 4984 Ecclesia,
2321 4919 2446 4972 data
2488 4925 2617 4971 sunt
2667 4929 2854 4968 mense
2919 4921 2972 4965 ct
3015 4912 3312 4966 indictione
3379 4923 3544 4978 supra

1975 5013 2220 5082 scriptis,
2287 5025 2432 5064 anno
2463 5006 2626 5062 6745.
2675 5003 3044 5072 Subscriptio.

2051 5101 2454 5174 Chartopbylax
2485 5097 2850 5154 sanctissima!
2881 5095 2971 5150 Dei
3007 5093 3209 5163 Magna:
3255 5090 3542 5155 Ecdesiae,

1979 5194 2370 5252 Constantinus
2421 5191 2684 5245 Aulenus.
2736 5185 2906 5240 Solita
2957 5184 3202 5254 plumbea
3259 5181 3428 5244 bulla,
3493 5187 3548 5233 et

1984 5297 2147 5349 retro,
2184 5303 2289 5356 qua
2308 5284 2448 5340 bulla
2476 5279 2788 5337 cohaerebat
2818 5292 3039 5335 :mense
3064 5274 3230 5340 Julio,
3254 5271 3550 5327 indictione

1983 5388 2198 5433 octava.

1618 5527 1854 5585 VARUS
1887 5524 2298 5584 LECTIONES.

397 5646 441 5678 "
474 5661 539 5698 συ
548 5642 906 5716 μϐἀλλεσθαι.

381 5764 410 5805 (Ι
444 5773 564 5814 tunc
589 5777 641 5822 ν,
670 5771 757 5814 etc
784 5773 926 5812 xxxv
953 5767 972 5795 τ
1001 5765 1272 5811 recusatur
1308 5752 1640 5824 ignoscendo,

306 5846 488 5887 una.
571 5833 586 5868 ι
623 5832 883 5900 descripta
938 5843 999 5881 ex
1034 5829 1222 5881 diariis
1252 5823 1613 5897 synodalibus.

1724 5756 1770 5791 τ’
1795 5749 2023 5806 inhibere
2039 5747 2278 5817 abbates,
2311 5759 2357 5801 et
2391 5763 2487 5817 pro
2510 5747 2581 5800 eis
2601 5745 2737 5799 alius
2755 5759 2848 5797 con
2858 5741 3090 5808 ﬁrmare,
3111 5751 3262 5806 quos.
3337 5742 3360 5774 ⁸
3397 5747 3512 5804 παρ
3533 5767 3554 5801 ,
