3950 6554
519 336 626 399 897

1804 335 1942 396 ws
1974 331 2428 394 CANONICUM
3659 343 3749 407 303

518 449 611 517 qui
645 449 695 501 in
721 446 797 502 .lis
829 457 911 502 est
951 447 1232 517 populum,
1263 454 1356 500 aut
1386 445 1648 508 oratoria,
1681 461 1802 516 qua:
1859 445 2088 515 patriar—

2197 443 2451 507 ἐξουσίαν
2487 445 2612 506 τοὺς
2649 445 2758 498 τῶν
2797 443 3101 515 ἑκασταχοῦ
3141 447 3556 518 πατριαρχικιῗσν
3595 453 3748 518 μονῶν

514 543 702 597 chales
741 556 935 595 cruces
986 543 1178 596 sortita
1203 557 1309 595 non
1344 551 1501 602 sunt,
1558 540 1652 592 sed
1681 555 1855 606 neque
1893 539 2076 592 susci-

519 632 704 703 piendi
733 649 850 695 eos,
889 633 982 701 qui
1011 633 1162 686 illinc
1186 630 1546 685 consecrandi
1582 638 1730 693 sunt,
1764 639 1817 682 et
1864 637 1921 682 ut
1965 645 2093 698 pro--

519 728 669 796 prios
706 727 770 782 ad
797 728 1089 782 sacerdotii
1125 727 1445 795 dignitatem
1472 725 1804 793 provehendi
1832 764 1846 788 ,
1893 725 1986 779 sed
2015 723 2085 777 ab

520 818 589 872 iis
645 818 877 873 omnino
934 819 1231 882 abstinere,
1308 826 1367 871 ιιι
1445 832 1475 871 a
1545 816 1790 887 regionis
1832 817 2092 886 episcopo

519 911 999 966 administrentur.
1033 909 1095 963 Et
1125 919 1312 964 secuta
1341 919 1423 964 cst
1447 911 1741 964 actionem.
1777 908 2092 976 Eademque

519 1012 573 1056 et
611 1003 750 1072 ipsa,
799 1016 920 1055 eum
968 1002 1248 1055 assidente
1290 1000 1654 1064 fraternitate,
1711 1001 1766 1054 in
1824 1009 2092 1070 praesente

517 1109 682 1148 causa
710 1093 1121 1163 pronuntiavit,
1149 1094 1338 1148 dicens
1355 1134 1372 1160 ,
1396 1109 1501 1148 non
1523 1108 1645 1148 esse
1659 1104 2091 1149 consentaneum

518 1195 579 1240 ut
609 1186 898 1255 episcopus
927 1201 957 1238 a
996 1185 1220 1254 proprio
1249 1185 1555 1255 expellatur
1590 1185 1816 1255 papulo,
1845 1200 1912 1240 eo
1944 1184 2093 1256 quod

517 1278 980 1350 patriarcbalibus
1066 1277 1457 1342 monasteriis,
1529 1277 1732 1350 quibus
1811 1276 2094 1333 adhaerent

518 1371 746 1440 pradia,
777 1371 857 1424 vel
907 1369 1221 1426 suburbana
1277 1371 1526 1440 subjecta
1583 1370 1716 1426 sint.
1771 1369 1878 1426 Sed
1932 1383 2092 1425 neca

517 1463 632 1516 suis
661 1461 1079 1524 oratoniis,.nisi
1104 1461 1208 1517 sub
1235 1461 1702 1532 patriarchalibus
1727 1460 2093 1531 stauropegiis

518 1564 574 1609 ct
615 1555 732 1626 ipsa
783 1553 1020 1609 fundata
1059 1555 1194 1618 sint,
1227 1553 1344 1608 sive
1379 1554 1548 1608 etiam
1586 1552 1897 1624 paralauria
1951 1551 2094 1607 forte

517 1647 654 1708 sint,
686 1653 784 1699 aut
813 1645 1108 1700 mctochia.
1154 1644 1521 1709 Quamobrem
1575 1643 1894 1714 praedictam
1944 1641 2090 1696 illam

515 1739 791 1792 actionem
839 1735 966 1791 inde
1023 1735 1364 1807 synodaliter
1411 1735 1706 1804 abrogans,
1757 1749 1879 1804 quite
1927 1733 1984 1788 in
2027 1747 2090 1788 ea

515 1829 892 1900 Conprehensa
931 1839 1083 1894 sunt,
1120 1828 1270 1882 omni
1316 1827 1732 1882 modoeessare
1774 1825 2088 1889 constituit,
2125 1797 2165 1852 Β

517 1931 572 1978 et
595 1937 759 1992 quam
784 1919 1166 1992 pronuntiavit
1193 1918 1782 1973 excommunicationis
1809 1917 2088 1972 vinculum

516 2013 701 2068 solvit.
729 2011 1119 2083 Paphlagonize
1152 2011 1320 2081 igitur
1351 2010 1628 2064 antistites
1661 2009 1776 2063 inec
1799 2008 2001 2078 pradia
2037 2016 2091 2062 et

517 2103 836 2159 suburbana
886 2104 1007 2157 sine
1060 2101 1457 2170 interruptione
1508 2100 1934 2171 gubernabunt,
2001 2100 2089 2154 illa

519 2195 708 2264 utique
739 2208 860 2263 qua:
909 2208 1017 2248 non
1044 2194 1144 2248 sub
1196 2191 1568 2262 stauropegiis
1623 2191 2091 2262 patriarchalibus

514 2295 795 2339 exstructa
833 2291 982 2339 sunt.
1021 2282 1620 2352 lnveniunturquidem
1655 2292 1708 2336 et
1736 2283 1916 2352 aliqua
1943 2282 2092 2352 ejus-

515 2375 684 2439 modi,
712 2390 846 2430 cum
881 2373 956 2430 iis
1007 2383 1187 2428 autem
1244 2386 1298 2428 et
1325 2374 1568 2430 oratoria
1630 2374 2091 2443 patriarchalibus

512 2466 604 2521 his
639 2467 990 2522 monasteriis
1015 2464 1254 2532 subjecta
1280 2505 1296 2531 ,
1334 2463 1441 2519 nisi
1475 2463 1582 2519 sint
1625 2463 1824 2533 quibus
1858 2465 2092 2535 patriar-

515 2559 689 2613 cbicte
719 2573 916 2614 cruces
941 2557 1361 2612 fundamentum
1395 2557 1773 2626 praestiterint.
1794 2556 2008 2611 Etenim
2039 2563 2092 2611 et

517 2651 586 2705 ab
615 2650 702 2704 bis
729 2649 925 2705 debent
951 2665 1073 2719 qua:
1100 2659 1229 2703 sunt
1255 2664 1369 2704 suae
1401 2647 1668 2718 pastionis
1688 2646 2014 2712 transferre,
2037 2655 2092 2702 et

519 2739 876 2812 patriarcbali
909 2743 1148 2797 exarcbo
1174 2742 1468 2796 transitum
1521 2741 1588 2796 ad
1649 2757 1715 2798 ea
1761 2741 2089 2798 concedere.

515 2831 621 2898 Qui
654 2843 834 2888 autem
865 2847 928 2886 ea
958 2833 1039 2888 sic
1074 2848 1262 2904 regere
1287 2833 1872 2904 probabuntur,neque
1897 2833 1966 2888 ab
2000 2833 2088 2903 iis,

516 2924 609 2991 qui
646 2923 1109 2993 patriarcbalibus
1143 2925 1491 2979 monasteriis
1515 2933 1760 2995 praesunt
1801 2926 1849 2990 ι,
1896 2925 2088 2980 turba-

517 3015 722 3070 buntur
757 3031 935 3087 neque
971 3031 1002 3070 a
1036 3017 1418 3088 patriarchicaa
1449 3017 1737 3087 potestatis
1778 3018 2088 3076 metochiis.

517 3103 728 3161 Debent
758 3107 904 3162 enim
944 3107 1034 3172 iis,
1081 3123 1202 3176 qua:
1233 3107 1454 3163 definita
1501 3119 1651 3173 sunt,
1709 3108 2087 3178 acquiescere,
2117 3141 2160 3199 ο

514 3212 620 3252 nec
652 3198 763 3253 ullo
815 3197 977 3254 modo
1037 3199 1226 3254 conari
1285 3199 1542 3270 cuiquam
1593 3199 1897 3254 antistitum
1946 3201 2085 3270 parti

519 3290 740 3346 molesti
813 3303 958 3357 esse,
1023 3290 1095 3347 ob
1159 3291 1696 3348 administrationem
1767 3299 1822 3346 et
1895 3306 2085 3346 curam

518 3381 909 3452 praedictorum
967 3382 1318 3452 praediorum,
1374 3391 1676 3448 eteorum,
1740 3383 1834 3454 qui
1886 3382 1944 3439 in
2002 3383 2088 3440 bis

517 3473 680 3528 sedes
715 3474 1098 3529 collocarunt:
1160 3483 1423 3545 przeterea
1467 3477 1630 3529 etiam
1691 3478 2084 3540 oratoriorum,

519 3565 916 3618 inetocbiorum
950 3575 1002 3620 et
1032 3566 1495 3635 paralauriorum,
1525 3583 1646 3636 qua:
1696 3568 1801 3624 sub
1849 3569 2086 3638 patriar-

515 3655 770 3711 chalibus
811 3659 1174 3729 stauropegiis
1205 3659 1633 3713 exstructionem
1660 3676 1766 3714 non
1793 3668 2082 3731 ceperunt.

2196 535 2615 607 ὲξαρχεύοντας,
2669 536 3052 590 ὑποποιεῖσθαι
3095 541 3190 590 καὶ
3237 539 3302 591 τὰ
3354 538 3748 610 ὑποϐεελημένα

2193 627 2422 692 ταύταις
2451 629 2650 699 χωρία,
2675 627 2707 698 ἢ
2733 629 2825 682 τὸν
2859 631 2914 681 ὲν
2945 629 3153 692 τούτοις
3179 630 3326 692 λαὸν,
3355 631 3389 700 ἢ
3416 633 3485 684 τὰ
3513 633 3750 702 εύκτήρια

2193 721 2294 774 ὅσα
2329 722 2404 790 μὴ
2440 721 2867 792 σταυροπηγίων
2899 723 3316 794 πατριαρχικῶν
3342 714 3747 797 ηύμοιρήκασιν.

2207 812 2369 866 Ἀλλὰ
2411 811 2546 884 μηδὲ
2589 812 2714 874 τοὺς
2745 811 2955 865 ἐκεῖθεν
2985 814 3232 884 ἱερᾶσθαι
3266 816 3560 885 μέλλοντας
3585 819 3750 870 ἀναδέ-

2194 903 2408 975 χεσθαι,
2450 905 2546 957 κα)⁸
2597 905 2672 967 ὡς
2711 905 2875 970 ἰδίους
2924 905 3060 974 πρὸς
3089 906 3151 958 τδ
3179 907 3274 976 τῆς
3310 906 3609 978 ἱερωσύνης
3637 910 3750 962 ἀνά-

2194 1014 2314 1067 γειν
2339 996 2556 1065 ἀξίωμα
2585 1011 2599 1023 ·
2637 996 2773 1050 ἀλλὰ
2802 997 3028 1067 ἀπέχειν
3059 997 3234 1068 πάντη
3275 998 3483 1062 αὐτῶν,
3523 999 3594 1063 ὡς
3622 1004 3751 1070 παρά

2191 1086 2288 1138 τοῦ
2319 1085 2622 1138 ἐπισκόπου
2654 1085 2752 1155 τῆς
2803 1086 2988 1156 χώρας
3042 1086 3330 1140 διέποιντο.
3391 1087 3504 1141 Καὶ
3553 1089 3750 1158 ἠκολού-

2195 1176 2327 1248 Θησε
2355 1179 2421 1248 τῇ
2451 1176 2650 1248 πράξει
2680 1193 2694 1206 ο
2753 1179 2849 1230 καὶ
2893 1177 2960 1230 τὰ
3014 1179 3157 1231 αὐτὰ
3207 1182 3303 1232 καὶ
3339 1178 3480 1250 αὕτη
3509 1183 3639 1250 μετὰ
3663 1183 3747 1251 τῆς

2195 1270 2657 1340 συνεδριαζούσης
2711 1270 2848 1340 αὐτῇ
2909 1270 3274 1341 άδελφότητος
3331 1271 3473 1342 πρὸς
3508 1275 3603 1341 τὴν
3638 1275 3748 1328 ύπό-

2194 1360 2344 1414 θεσιν
2369 1362 2708 1432 ἀπεφήνατο,
2735 1359 2810 1432 μὴ
2833 1359 2950 1414 δέον
2981 1354 3121 1415 εἶναι
3153 1360 3407 1424 εἰποῦσα,
3439 1363 3746 1419 ἀπωθεῖσθαι

2194 1451 2291 1505 τοῦ
2341 1451 2472 1505 ἰδίου
2515 1451 2648 1507 λαοῦ
2675 1451 2766 1506 τὸν
2797 1450 3120 1518 ἐπίσκοπον,
3149 1453 3427 1522 προφάσει
3459 1453 3550 1508 τοῦ
3573 1472 3746 1528 πατριο

2194 1544 2450 1614 αρχικαῖς
2510 1545 2698 1613 μοναῖς
2729 1541 3049 1595 ὑποκεῖσθαι
3097 1541 3167 1596 τά
3222 1541 3423 1612 χωρία,
3463 1543 3496 1613 ἢ
3543 1545 3608 1598 τά
3634 1562 3745 1616 προ-

2195 1633 2388 1688 άστεια
2448 1633 2581 1688 ἔνθα
2635 1633 3048 1705 προσκάθηνται
3081 1648 3096 1664 ’
3164 1632 3301 1686 ἀλλὰ
3364 1633 3502 1705 μηδὲ
3560 1635 3658 1688 τῶν
3695 1637 3744 1691 ιν

2195 1726 2379 1788 αὐτοῖς
2409 1725 2736 1796 ιύκτηρίων,
2785 1725 2880 1779 ἐὰν
2928 1724 3005 1797 μὴ
3052 1723 3147 1778 ἐπὶ
3186 1727 3610 1798 σταυροπηγίοις
3651 1747 3743 1783 πα·-

2192 1820 2536 1888 τριαρχικοῖς
2611 1821 2710 1872 καὶ
2767 1817 2908 1872 αὐτὰ
2975 1817 3399 1890 ὲφηδράσθησαν
3429 1835 3445 1851 ·
3503 1819 3602 1874 κᾶν
3662 1823 3740 1876 καὶ

2193 1909 2544 1982 παραλαύρια
2564 1910 2728 1982 τυχὸν
2747 1909 3076 1981 τυγχάνουσι
3100 1911 3209 1964 τῶν
3231 1910 3436 1980 μονῶν,
3461 1911 3493 1982 ἢ
3525 1913 3737 1982 μετόχια.

2195 2002 2469 2055 Ὅθενκαί
2494 2001 2594 2074 τὴν
2623 2003 2928 2074 εἰρημένην
2959 2003 3178 2074 ἐκείνην
3204 2001 3411 2074 πρᾶξιν
3446 2005 3738 2060 ἁπεντεῦθεν

2194 2095 2490 2159 συνοδικῶς
2541 2095 2898 2172 ᾴκυρώσασα.
2936 2095 3212 2165 ἀπραξίαν
3266 2113 3330 2150 τι
3379 2097 3604 2168 παντελῆ
3651 2101 3736 2151 τῶν

2193 2186 2251 2240 έν
2291 2185 2427 2256 αὐτῇ
2465 2184 2882 2256 διειλημμένων.
2916 2184 3370 2256 κατεψηφίσατο,
3415 2189 3506 2238 καὶ
3538 2185 3609 2256 τῷ
3654 2185 3740 2252 ἀφ.

2191 2277 2406 2348 ορισμῷ
2426 2277 2480 2330 δὲ
2501 2276 2654 2331 λύσιν
2684 2277 2989 2347 ἐπήγαγεν,
3019 2277 3078 2332 ὃν
3109 2277 3433 2348 ἑκφωνοῦσα
3454 2277 3735 2348 ἐτύγχανεν.

2195 2370 2450 2424 Ἔσονται
2475 2367 2567 2424 οὖν
2595 2369 2644 2422 οἰ
2676 2369 2820 2425 κατὰ
2872 2369 2972 2441 τὴν
3017 2368 3407 2439 Παφλαγονίαν
3451 2363 3589 2424 οὗτοι
3625 2370 3738 2440 ἀρχι-

2196 2463 2358 2531 ιερεῖς
2389 2461 2457 2515 τὰ
2499 2461 2676 2534 χωρία
2717 2462 2888 2516 ταῦτα
2919 2461 3010 2515 καὶ
3041 2463 3111 2515 τὰ
3139 2461 3446 2534 προάστεια
3479 2462 3733 2534 άπεριςκό-

2192 2571 2312 2618 πως
2350 2553 2652 2619 διέποντες.
2701 2555 2916 2609 Ἐκεῖνα
2952 2554 3203 2626 μέντοιγε
3231 2555 3327 2609 ὅτε
3366 2553 3443 2626 μή
3487 2554 3573 2608 ἐπὶ
3601 2572 3733 2608 σταυ-

2193 2649 2482 2720 ροπηγίοις
2509 2651 2934 2719 πατριαρχικοῖς
2955 2647 3398 2721 συνῳκίσθησαν,
3427 2648 3731 2722 εὑρίσκονται

2195 2745 2295 2816 μὲν
2350 2744 2446 2798 καί
2487 2743 2610 2797 τινά
2660 2758 2763 2795 που
2817 2739 3062 2806 τοιαῦτα,
3116 2741 3215 2795 σὺν
3252 2742 3441 2805 αὐτοῖς
3488 2741 3540 2795 δὲ
3572 2741 3654 2794 καί
3677 2741 3732 2794 τά

2192 2833 2592 2904 ύποτεθειμένα
2617 2834 2729 2896 τοῖς
2768 2833 3189 2903 πατριαρχικοῖς
3236 2833 3609 2904 μοναστηρίοις
3630 2830 3728 2885 τού-

2190 2943 2304 2991 τοις
2339 2926 2602 2996 εύκτήρια
2625 2940 2640 2955 ο
2666 2923 2804 2994 πλὴν
2838 2927 2890 2978 εἰ
2926 2925 3002 2996 μή
3033 2941 3144 2978 τισι
3171 2924 3267 2979 καὶ
3297 2924 3477 2980 αὐτῶν
3500 2939 3730 2996 πατριαρο

2190 3022 2322 3091 χικὰ
2372 3016 2772 3088 ὑποϐέϐληνται
2827 3017 3228 3087 σταυροπήγια.
3253 3017 3386 3073 Kay.
3414 3015 3602 3070 τούτων
3640 3017 3726 3086 γὰρ

2192 3111 2469 3182 ὀφείλουσι
2515 3111 2587 3164 τὰ
2638 3110 2741 3180 τῆς
2793 3109 3004 3163 ἑαυτῶν
3063 3109 3352 3181 μεταίρειν
3403 3108 3724 3177 ποιμάνσεως,

2195 3204 2290 3260 καὶ
2324 3202 2401 3274 τῷ
2433 3200 2819 3273 πατριαρχικῷ
2875 3199 3094 3273 ὲξάρχῳ
3141 3201 3240 3272 τῆς
3289 3202 3374 3266 είς
3428 3200 3494 3254 τά
3539 3198 3724 3254 τοιαῦτα

2194 3295 2431 3366 παρόδου
2463 3295 2838 3366 παραχωρεῖν.
2870 3293 3089 3346 Διέπειν
3108 3292 3166 3347 δὲ
3193 3291 3342 3348 οὕτω
3364 3292 3530 3346 ταῦτα
3548 3290 3725 3345 δικαιω-

2195 3387 2404 3450 θέντες,
2439 3385 2563 3439 om:
2617 3385 2768 3456 παρὰ
2817 3385 2926 3439 τῶν
2971 3388 3083 3450 τοῖς
3139 3388 3551 3458 πατριαρχικοίς
3591 3400 3724 3454 μονα-

2198 3477 2436 3546 στηρίοις
2464 3475 2947 3547 ήγουμενευόντων
2997 3478 3076 3539 εἰς
3119 3474 3278 3530 τοῦτο
3324 3474 3720 3545 ὲνοχληθήσεται,

2194 3566 2318 3620 οὔτε
2359 3569 2507 3638 παρὰ
2540 3567 2648 3620 τῶν
2685 3566 2788 3638 τῆς
2837 3569 3239 3638 πατριαρχικῆς
3304 3566 3546 3635 ἐξουσίας
3584 3563 3720 3616 ὄντων

2197 3658 2479 3730 μετοχίων.
2519 3660 2822 3729 Ὀφείλουσι
2842 3660 2948 3730 γάρ
2972 3659 3022 3713 οἱ
3046 3659 3281 3713 τοιοῦτοι
3308 3662 3419 3722 τοῖς
3445 3655 3720 3729 ὡρισμένοις

514 3753 800 3824 ἐμμένειν,
831 3754 925 3807 καὶ
953 3766 957 3770 ‘
985 3753 1230 3824 μηδόλως
1280 3754 1573 3825 πειρᾶσθαί
1623 3773 1730 3808 τινι
1765 3755 1860 3809 τοῦ
1910 3757 2116 3827 μέρους
2150 3756 2262 3810 τῶν
2299 3756 2597 3827 ἀρχιερέων
2631 3754 3006 3826 παρενοχλεῖν,
3043 3755 3142 3808 ἐπὶ
3201 3758 3268 3826 τῇ
3319 3753 3605 3821 διεξαγωγῇ
3649 3747 3720 3800 καὶ

519 3846 814 3914 ποιμάνσει
865 3845 975 3899 τῶν
1038 3846 1339 3915 εἰρημένων
1389 3846 1626 3917 χωρίων,
1687 3847 1784 3900 καὶ
1841 3849 1951 3902 τῶν
2005 3850 2062 3903 ὲν
2101 3847 2314 3912 τούτοις
2345 3847 2820 3919 προσκαθημένων
2856 3862 2870 3876 °
2907 3847 3043 3916 πρὸς
3073 3846 3130 3899 δὲ
3170 3847 3265 3900 καί⁷
3307 3845 3414 3899 τῶν
3439 3839 3718 3910 εύκτηρίων,

515 3938 783 4011 μετοχίων
854 3954 916 3992 τε
970 3938 1064 3992 καὶ
1135 3939 1546 4012 παραλαυρίων,
1593 3941 1693 3995 ὃσα
1753 3945 1829 4014 μὴ
1881 3944 1974 3996 ἐπὶ
2023 3941 2448 4014 σταυροπηγίοις
2485 3943 2904 4014 πατριαρχικοῖς
2944 3941 3198 4013 εἰλήφασι
3282 3940 3386 4010 τὴν
3450 3937 3716 4008 ἀνέγερσιν.

1041 4068 1392 4126 uANUELts
1424 4072 1558 4145 (Π).

709 4181 752 4238 l.
782 4181 1082 4239 Sofutioncs
1117 4186 1472 4255 quarumdam
1520 4190 1894 4257 qutestionum.

585 4275 1005 4332 Sacratissiutus
1048 4275 1330 4347 Dyrrachii
1378 4283 1720 4350 metrOpolita
1783 4285 2087 4352 Romanus,

513 4367 748 4424 dilectus
788 4365 843 4420 in
885 4366 1117 4420 Domino
1149 4365 1341 4434 frater,
1369 4378 1424 4424 et
1447 4379 1652 4427 nostra;
1688 4375 2085 4432 mediocritatis

2791 4079 3156 4141 ΜΑΝΟΥΗΛ.

2507 4191 2586 4248 A'.
2620 4194 2841 4261 Λύσεις
2871 4191 3221 4263 ἑρωτήσεών
3248 4211 3444 4250 τινων.

2276 4285 2335 4340 '0
2359 4285 2654 4358 ἱερώτατος
2691 4284 3094 4358 μητροπολίτης
3121 4287 3425 4357 Δυρραχίου
3461 4282 3714 4354 Ῥωμανδς.

2190 4377 2333 4432 κατὰ
2357 4378 2562 4450 Κύριον
2579 4377 2862 4448 ἀγαπητὸς
2885 4378 3109 4445 ἀδελφὸς
3125 4377 3220 4431 καὶ
3237 4379 3500 4431 συλλειτου
3509 4377 3619 4448 ργδς
3639 4373 3715 4441 τῆς

515 4457 913 4524 eomminister,
972 4465 1174 4514 nostrae
1214 4460 1376 4516 hodie
1429 4464 1678 4519 assidens
1726 4469 2088 4524 mediocritati

517 4546 774 4568 -..-..._.I‘.--_
809 4545 1118 4568 -...._21-_.!
1162 4562 1274 4568 -____
1317 4565 1330 4568 Α
1417 4553 1508 4568 ,,--
1578 4555 1588 4565 ο
1655 4554 1666 4567 ο
1815 4558 1827 4568 α
1906 4559 1926 4568 -
2042 4561 2054 4568 .

2193 4469 2351 4543 ἡμῶν
2386 4469 2762 4542 μετριότητος,
2804 4472 2870 4542 τῇ
2919 4469 3078 4540 ήμῶν
3126 4469 3368 4540 σήμερον
3401 4465 3714 4537 συνεδριάζων

515 4546 776 4617 synodica
807 4545 1120 4616 praesidenti
1155 4562 1280 4603 cum
1311 4553 1702 4610 sacratissimis
1745 4558 1860 4612 suis
1903 4559 2086 4614 fratri-

515 4635 641 4698 bus,
675 4636 956 4702 Caesareae,
975 4636 1359 4708 Cappadocia,
1387 4642 1774 4712 Metropltane;
1800 4649 2082 4720 Sardium,

515 4727 870 4782 Andronico:
908 4728 1317 4802 Philadelphia,
1350 4734 1568 4790 Pltoca:
1618 4735 2080 4810 Pontolteracieaé,

515 4815 864 4890 Nieepltoro:
919 4820 1189 4891 Smyrnae,
1245 4825 1515 4897 Georgio:
1552 4827 1902 4902 Methymnam
1953 4833 2084 4890 Mic-

515 4910 703 4966 haele:
737 4917 984 4967 chartam
1027 4914 1080 4968 in
1121 4916 1382 4983 medium,
1416 4927 1476 4973 ut
1501 4919 1792 4990 legeretur,
1822 4927 2082 4994 protulit,

515 5002 572 5056 in
604 5017 711 5071 qua
771 5013 929 5058 erant
963 5005 1420 5079 interrogationes
1469 5013 1707 5082 piissltni
1750 5015 1911 5072 Bellze
1941 5019 2088 5088 epis-

515 5093 660 5162 copi,
749 5104 1060 5163 quaarentes
1139 5101 1432 5169 synodicas
1510 5107 1833 5163 solutiones.
1919 5107 2088 5166 Erant

517 5193 701 5240 autem
731 5183 1194 5259 interrogationes
1227 5193 1565 5264 bujusmodi.

2194 4561 2516 4634 μετριότητι
2583 4558 3028 4631 προσκαθημένῳ
3103 4559 3399 4622 συνοδικῶς
3456 4557 3580 4628 μετὰ
3629 4554 3714 4608 τῶν

2194 4653 2503 4726 ἰερωτάτων
2563 4652 2732 4722 αὐτῆς
2765 4649 3030 4720 ἀδελφῶν,
3081 4649 3175 4703 τοῦ
3206 4650 3549 4722 Καισαρείας,
3589 4648 3716 4700 [iam

2193 4747 2458 4810 παδοκίας
2495 4743 2914 4816 Μητροφάνους,
2975 4741 3070 4795 τοῦ
3102 4742 3351 4813 Σάρδεων
3397 4738 3710 4810 Ἀνδρονίκου,

2190 4836 2286 4890 τοῦ
2307 4835 2689 4906 Φιλαδελφεῐας
2717 4835 2899 4893 Φωκᾶ,
2946 4830 3038 4889 τοῦ
3075 4831 3528 4904 Ποντοηρακλείας
3570 4828 3710 4893 Νικη·

2195 4927 2402 5000 φόρου,
2464 4926 2559 4981 τοῦ
2619 4927 2873 4998 Σμύρνης
2923 4925 2963 4977 Γ
2966 4924 3234 4994 εωργίου,
3293 4922 3386 4977 τοῦ
3449 4917 3708 4991 Μηθύμνης

2193 5019 2434 5091 Μιχαὴλ,
2477 5019 2685 5092 χάρτην
2730 5017 2824 5070 ἐπὶ
2871 5015 2965 5069 τοῦ
3009 5015 3176 5086 μέσου
3213 5015 3480 5087 προέτεινε
3512 5012 3581 5072 εἰς
3607 5006 3703 5060 ἀνά·

2193 5129 2416 5180 γνωσιν.
2459 5113 2568 5166 Καὶ
2602 5114 2630 5166 ό
2657 5112 2869 5184 χάρτης
2915 5109 3214 5179 ἐρωτήσεις
3244 5103 3312 5179 ἦν
3365 5103 3454 5158 τοῦ
3507 5099 3706 5170 θεοφιλε·

2195 5207 2392 5260 στάτου
2476 5205 2782 5257 ἐπισκόπου
2854 5200 3028 5253 nam
3051 5240 3068 5267 ,
3145 5197 3432 5252 συνοδικῶν
3495 5194 3703 5264 δεόμεναι

2189 5291 2416 5344 λύσεων.
2445 5286 2570 5361 Εἶχε
2598 5291 2654 5344 δὲ
2680 5289 2822 5344 οὕτω
2843 5289 2910 5342 τὰ
2929 5286 3037 5342 τῶν
3065 5286 3401 5360 ἑρωτήσεων.

1791 5427 2016 5483 VARUS
2055 5427 2456 5486 LECTIONES.

593 5530 610 5572 ι
641 5527 856 5584 abbate:
877 5537 1021 5584 sunt.

1990 5625 2227 5688 ΝΟΤᾸΕ.

584 5711 700 5783 (l7)
739 5710 1079 5782 Charilopult'
1103 5719 1525 5784 cognomentum
1555 5713 1647 5771 hic
1669 5715 1882 5778 habuit.
