3950 6588
254 425 366 489 809

1532 403 1831 467 GRAECO'
1844 396 2251 461 BOMANUM.

3408 389 3515 453 810

328 535 478 597 Τινὲς
506 533 618 586 τῶν
652 529 872 585 οἰκείων
909 526 1187 599 γυναικῶν
1234 521 1696 596 ὑποχωρήσαντες
1743 512 1832 568 δ;ἀ
1858 516 1878 577 1

2008 507 2240 576 Quidam
2277 520 2403 562 cum
2435 519 2531 576 per
2565 501 2755 557 odium
2787 507 2881 556 aut
2921 499 3084 555 aliam
3121 498 3423 571 quamlibet
3446 500 3517 555 0b

264 633 434 703 μῖσος,
527 624 694 698 ἄλλην
725 594 932 679 ὁποίαν⁷
948 622 1012 694 δή
1044 637 1168 675 τινα
1197 594 1396 684 αἰτίαν,
1434 613 1529 670 καὶ
1573 614 1630 666 ὲν
1679 608 1835 663 ἀλλο-

2006 617 2163 658 usam
2214 617 2245 656 a
2302 599 2421 656 suis
2476 597 2744 653 uxoribus
2823 594 3252 661 discessissent,
3297 607 3523 664 peregre

257 690 383 797 τρία
433 721 736 790 διάγοντες,
785 716 1040 789 μένουσιν
1102 712 1277 776 οὕτως
1324 712 1380 764 αἰ
1440 708 1711 797 γυναῖκες
1728 704 1835 797 τίὲν

1997 702 2220 767 gentes,
2259 709 2369 750 non
2409 697 2801 747 revertuntur:
2872 697 2926 744 et
2956 703 3081 745 cum
3114 690 3385 744 incertum
3426 690 3521 750 sit,

255 783 511 869 τοιούτων
534 810 631 865 ἐπὶ
655 809 817 863 πέντε
841 807 874 879 ἢ
903 809 996 861 καὶ
1023 805 1265 860 πλείοσιν
1286 801 1457 868 ἔτεσι,
1485 799 1595 854 τῶν
1627 793 1838 864 ἀνδρῶν

1997 789 2030 843 ›ἰ
2063 795 2252 858 agant,
2277 786 2360 842 sic
2409 800 2600 842 eorum
2660 798 2859 840 uxores
2891 783 3095 838 durant
3126 797 3224 853 per
3279 783 3526 852 quinque

262 905 436 961 αὐτῶν
467 874 886 975 ἀνεπιστρόιρων
944 900 1138 966 ὅντων,
1195 897 1291 951 καὶ
1349 896 1560 965 ἀδήλων
1592 892 1696 947 ποῦ
1730 896 1840 965 ἄρα

1997 894 2120 935 mos
2155 878 2242 934 vel
2272 878 2481 950 plures.
2538 877 2622 932 An
2653 891 2752 933 eas
2802 883 3057 947 oporteat
3092 874 3217 931 aliis
3267 874 3526 944 conjungi

259 996 495 1065 διάγοιεν
524 1011 542 1028 ⁸
589 996 638 1047 εἰ
696 970 791 1047 δεῖ
827 989 1323 1060 τοίνυνάνδράσιν
1379 986 1589 1059 ἑτέροις
1637 985 1842 1051 ταύτας
1939 970 2120 1027 νίῒίεῖ

261 1085 665 1155 συζεύγνυσθαι
687 1102 703 1153 ;

328 1176 491 1242 Τινὲς
515 1178 630 1233 τῶν
681 1176 999 1250 ἱερωμένων
1030 1176 1088 1230 ὲν
1118 1178 1186 1247 τῇ
1242 1175 1459 1249 μεγάλῃ
1488 1172 1847 1245 Τεσσαρακο-

2017 1155 2252 1224 Quidam
2322 1156 2621 1213 sacrificuli
2670 1156 2684 1209 i
2746 1159 2803 1213 in
2853 1174 3049 1230 magna
3098 1158 3528 1231 Quadragesima

262 1273 382 1340 στῇ,
430 1268 914 1341 προηγιασμένους
965 1268 1143 1330 θείους
1170 1267 1369 1339 ἄρτους
1423 1265 1736 1336 κρύψαντες
1788 1265 1846 1315 ἐν

1997 1250 2441 1306 raesanctiiicatos
2502 1251 2716 1307 divinos
2742 1266 2914 1322 panes
2953 1253 3012 1307 in
3051 1253 3297 1323 panariis
3334 1267 3533 1307 recon-

261 1360 635 1434 ἀρτοφορίοις,
673 1355 792 1413 εἶτα
834 1358 1098 1430 συνεργίᾳ
1136 1358 1391 1430 δαίμονος
1424 1359 1490 1411 ὲκ
1542 1356 1635 1410 106
1677 1353 1847 1426 σηκοῦ

260 1457 353 1512 τοῦ
381 1459 531 1511 θείου
564 1438 919 1529 συληθέντων
960 1456 1064 1510 ὑπὸ
1118 1456 1291 1526 μυῶν,
1330 1455 1423 1508 καὶ
1456 1455 1616 1519 κυνὸς
1643 1470 1855 1524 παραν-

263 1550 509 1616 οίξαντος
559 1548 660 1621 τὴν
717 1548 911 1617 θύραν,
980 1548 1014 1619 ἢ
1066 1548 1160 1601 καὶ
1190 1549 1247 1600 ὲν
1277 1547 1355 1617 τῷ
1412 1547 1713 1618 ἱερουργεῖν
1760 1544 1853 1599 τὸν

264 1643 415 1715 ἱερέα
468 1642 565 1695 καί
615 1645 672 1696 ὲν
729 1644 795 1714 τῇ
845 1638 1095 1712 τραπέζῃ
1144 1639 1245 1701 τὰς
1289 1638 1453 1709 εὐχὰς
1512 1635 1857 1706 ὑπαναγινὼι

265 1753 441 1803 σκειν,
472 1732 653 1789 λαθὼν
695 1733 800 1806 μῦς
834 1751 916 1798 τις
951 1736 1088 1805 μετά
1137 1723 1235 1804 τήν
1279 1732 1654 1804 προσκομιδὴν
1680 1732 1859 1802 ἀφήρ-

266 1847 406 1884 πασε
439 1830 505 1884 τὸ
538 1828 1005 1901 ίερουργούμενον
1043 1826 1187 1881 θεῖον
1230 1824 1389 1896 σῶμα
1416 1841 1431 1859 ο
1472 1823 1591 1888 πῶς
1631 1823 1738 1896 χρὴ
1776 1825 1859 1887 εἰς

266 1922 333 1977 τὰ
363 1921 598 1976 τοιαῦτα
627 1920 1018 1993 ἐπιτιμηθῆναι
1041 1919 1168 1985 τοὺς
1203 1917 1394 1990 ίερεῖςέ

342 2015 543 2086 Ἵερεῖς
571 2031 715 2077 τινες
738 2011 1126 2084 ἀφοριζόμενοι
1161 2012 1312 2079 παρά
1339 2010 1449 2065 τῶν
1478 2010 1696 2064 οἰκείων
1721 2010 1858 2082 ἀρχ-

271 2104 470 2175 ιερέων
505 2104 602 2157 τοῦ
659 2101 970 2174 ἀφορισμοῦ
1012 2102 1419 2173 καταφρονοῦσι
1446 2119 1461 2134 ο
1517 2102 1613 2157 καὶ
1678 2103 1860 2156 ἐπιτε-

270 2191 569 2267 τιμημένοι
594 2193 768 2257 ὄντες.
811 2192 1153 2264 εἰσέρχονται
1192 2191 1287 2247 καὶ
1332 2189 1700 2265 ἰερουργοῦσι.
1735 2189 1862 2254 Πῶς

271 2286 350 2341 δεῖ
372 2284 608 2349 τούτους
645 2283 1000 2354 κολασθῆναι;
1221 2283 1244 2309 ⁸

341 2376 547 2432 Δαῖκοί
577 2377 987 2448 διγαμήσαντες
1025 2375 1120 2430 καὶ
1159 2375 1675 2446 παιδοποιήσαντες,
1696 2373 1866 2447 ὑπερ-

276 2469 478 2535 ϐάντες
516 2469 583 2523 τὰ
612 2468 1024 2541 τεσσαράκοντα
1052 2466 1148 2538 ἔτη
1171 2509 1185 2532 ,
1224 2466 1615 2539 παρενοχλοῦσι
1647 2467 1742 2520 καὶ
1785 2467 1867 2530 εἰς

275 2562 465 2635 τρίτον
494 2562 669 2617 ὲλθεῖν
703 2562 1064 2630 συνοικέσιον,
1102 2561 1269 2615 ’ἑνεκα
1291 2561 1394 2632 τῆς
1419 2561 1731 2632 ἀνατροφῆς
1759 2560 1869 2613 τῶν

279 2655 753 2728 προΰπαρχόντων
804 2655 1016 2710 παίδων
1074 2654 1280 2722 αὐτοῖς,
1339 2655 1436 2708 καὶ
1474 2654 1569 2708 τοῦ
1596 2653 1673 2725 μὴ
1701 2652 1869 2725 χύδην

282 2749 647 2821 ἁμαρτάνειν,
679 2750 727 2802 εἰ
753 2748 1087 2819 ἀνέγκλητον
1111 2749 1295 2811 αὐτοῖς
1321 2748 1699 2819 τριγαμῆσαι;

362 2837 714 2908 Ἀντιμίνσια
758 2837 917 2907 ίσμεν
951 2836 1236 2908 γινόμενα,
1266 2838 1405 2891 ὲπάν
1425 2837 1453 2890 ὁ
1478 2836 1770 2907 ἀρχιερεὺς
1803 2834 1871 2888 δι’

283 2931 486 2989 ἑαυτοῦ
543 2932 817 3003 ὲνεργήσῃ
868 2929 962 2985 τὸν
997 2930 1375 3000 ὲγκαινισμδν,
1417 2930 1513 2985 καὶ
1551 2930 1614 2982 ὲκ
1646 2929 1741 2982 106
1770 2945 1877 2982 πα-

281 3026 398 3082 νίου
425 3025 521 3079 τοῦ
552 3023 992 3095 ὑποστρωθέντος
1016 3023 1112 3078 καὶ
1133 3039 1199 3076 πε
1211 3021 1577 3094 ριειλήσαντος
1610 3021 1710 3092 τήν
1738 3020 1876 3092 τρά-

286 3119 490 3184 πεζαν,
529 3117 609 3180 εἰς
635 3113 843 3186 βραχέα
880 3114 1215 3185 τεμνομένου
1249 3112 1343 3167 καὶ
1363 3112 1735 3184 γραφομένου,
1764 3114 1877 3177 τοῖς

1950 1343 2167 1410 dentes,
2210 1343 2279 1400 iis
2313 1344 2514 1399 deinde
2546 1360 2710 1415 opera
2743 1345 3009 1401 daemonis
3048 1361 3115 1401 ex
3147 1356 3306 1416 septo
3342 1345 3534 1400 divino

1953 1437 2232 1508 subreptis
2269 1451 2301 1491 a
2332 1436 2602 1503 muribus,
2635 1446 2691 1493 et
2715 1454 2850 1493 cane
2877 1438 3078 1493 ostium
3123 1438 3426 1508 aperiente,
3450 1436 3534 1493 vel

1953 1529 2121 1584 etiam
2177 1545 2303 1584 cum
2356 1529 2620 1585 sacerdos
2668 1529 3030 1595 sacrificaret,
3088 1539 3141 1584 et
3193 1529 3260 1583 ad
3315 1543 3537 1583 mensas

1956 1619 2306 1690 precationes
2361 1622 2589 1692 legeret,
2632 1622 2962 1678 delitescens
3001 1637 3145 1686 unus,
3190 1629 3324 1690 post
3381 1619 3533 1675 obla-

1960 1711 2198 1780 tionem,
2238 1722 2624 1768 consecratum
2677 1714 2922 1769 divinum
2975 1728 3176 1784 corpus
3232 1712 3540 1782 subripuit;

1961 1801 2139 1870 Quam
2179 1819 2472 1862 censuram
2508 1815 2788 1862 merentur
2815 1806 3173 1864 sacerdotes?

2035 1985 2366 2047 Sacerdotes
2417 1990 2643 2062 quidam
2690 2006 2721 2046 a
2751 2007 2868 2047 suis
2926 1992 3273 2051 antistitibus
3325 2010 3546 2051 excom-

1964 2080 2232 2136 municati
2275 2082 2899 2140 excomtnunicationem
2933 2093 3332 2153 contemnunt;
3363 2096 3419 2143 et
3446 2089 3550 2146 sub

1968 2173 2147 2243 pomis
2182 2189 2308 2230 cum
2338 2176 2473 2241 sint,
2506 2175 2897 2247 ingrediuntur
2925 2184 2981 2233 et
3016 2177 3356 2234 sacriﬁcant.
3396 2178 3547 2247 Quo-

1966 2280 2093 2320 nam
2125 2264 2289 2321 modo
2320 2267 2432 2323 sint
2454 2267 2511 2322 hi
2541 2266 2856 2337 plectendi?

2039 2357 2190 2414 Laici
2234 2375 2358 2415 cum
2396 2362 2669 2419 secundas
2709 2371 3105 2421 contraxerunt
3127 2366 3372 2438 nuptias,
3417 2366 3555 2422 libe-

1971 2451 2049 2508 ris
2082 2453 2388 2523 procreatis
2418 2463 2541 2526 post.
2572 2455 3053 2527 quadragesimum
3095 2474 3326 2527 annum,
3361 2469 3554 2530 postu-

1966 2542 2087 2599 lant
2119 2543 2187 2599 ad
2242 2546 2434 2602 tertias
2467 2549 2782 2615 convolare,
2808 2550 2878 2606 ob
2912 2552 3387 2621 praeexsistentem
3421 2555 3559 2609 libe-

1974 2650 2165 2691 rorum
2207 2636 2614 2707 educationem,
2667 2649 2722 2696 et
2753 2658 2820 2697 ne
2851 2643 3060 2714 passim
3089 2652 3116 2686 κ
3165 2655 3417 2717 peccent.
3474 2648 3557 2704 An

1974 2730 2095 2788 sine
2125 2732 2556 2802 reprehensione
2584 2735 2638 2791 id
2669 2733 2919 2792 faciant?

2045 2825 2446 2883 Antimensia1
2482 2828 2689 2884 scimus
2752 2828 2919 2896 facta,
2980 2839 3277 2903 postquam
3326 2834 3563 2891 antistes

1978 2932 2075 2988 per
2105 2932 2165 2974 se
2191 2927 2453 2989 cperatus
2478 2918 2649 2974 fuerit
2685 2920 3114 2990 dedicationem,
3158 2931 3217 2979 et
3260 2938 3328 2980 ex
3373 2941 3562 2996 panno

1981 3012 2263 3067 substrata
2307 3012 2884 3084 circnmvolventeque
2946 3030 3218 3083 mensam,
3277 3016 3335 3072 i‘n
3386 3016 3563 3074 frusta

1981 3102 2220 3160 dissecto
2251 3113 2305 3160 et
2330 3105 2542 3175 scripto
2567 3115 2628 3170 ω,
2662 3104 3045 3161 sacerdotibus
3077 3105 3196 3161 dari
3228 3121 3245 3161 :
3278 3121 3382 3162 nec
3400 3122 3564 3178 posse

289 3209 506 3282 ἱερεῦσι
556 3207 836 3262 δίδοσθαι*
886 3208 981 3262 καὶ
1042 3206 1171 3261 ἄνευ
1232 3207 1438 3259 τούτων
1495 3205 1570 3277 μὴ
1618 3204 1877 3259 δύνασθαι

1997 3196 2105 3251 sine
2128 3196 2214 3252 his
2248 3196 2588 3253 sacriﬁcare.
2622 3195 2727 3253 Ubi
2757 3198 2921 3268 igitur
2944 3198 3143 3253 horum
3173 3206 3259 3255 est
3294 3198 3565 3266 defectus,

289 3299 802 3374 ίερουργεῖν.Ἔνθα
827 3299 919 3355 οὖν
947 3302 1064 3354 ἐστι
1082 3298 1289 3354 τούτων
1325 3300 1523 3365 ἔνδεια,
1544 3300 1595 3353 τί
1634 3299 1716 3353 δεῖ
1741 3316 1876 3371 πρα-

288 3396 529 3471 χθῆναι’
566 3394 654 3447 ἵνα
678 3393 753 3464 μή
798 3393 1032 3463 μένωσιν
1066 3394 1115 3446 οἱ
1168 3394 1332 3464 ἱερεῖς
1358 3392 1485 3446 ἄνευ
1531 3392 1882 3464 ίερουργιῶν;

358 3484 529 3548 Τινὲς
587 3484 754 3554 ἱερεῖς
807 3480 1184 3546 λανθανόντως
1235 3483 1499 3548 ἐποίησαν
1548 3484 1615 3552 τῇ
1675 3481 1887 3555 μεγάλῃ

290 3578 732 3651 Τεσσαρακοστῇ
787 3577 1137 3648 εύλογήσεις*
1212 3575 1454 3638 ποταπδς
1501 3576 1607 3643 ἄρα
1634 3576 1663 3628 ὁ
1710 3586 1888 3644 γαμος

294 3667 478 3739 οὗτος,
535 3672 632 3727 καί⁹
689 3671 868 3734 ποίοις
924 3668 1223 3741 ἐπιτιμίοις
1271 3668 1584 3723 ἁλίσκονται
1635 3671 1684 3723 οἰ
1715 3669 1887 3733 οὕτως

296 3766 754 3839 ίερολογήσαντες
788 3765 956 3836 ἱερεῖς
975 3782 989 3831 ;

369 3858 520 3929 Πρὸς
575 3856 711 3926 γοῦν
738 3856 966 3921 ταύταις
996 3859 1114 3920 ταῖς
1168 3857 1470 3927 ἐρωτήσεσι
1528 3857 1561 3928 ή
1598 3856 1890 3928 μετριότης

298 3948 465 4021 ήμῶν
490 3947 749 4013 τοιαύτας
784 3948 883 4012 τάς
915 3946 1098 4011 λύσεις
1126 3948 1452 4018 ἐπήνεγκεν.

370 4044 438 4096 0i
465 4041 575 4095 ἀπὸ
604 4040 713 4097 τῶν
745 4040 962 4095 οἰκείων
997 4041 1454 4110 ὑποχωρήσαντες
1483 4041 1762 4111 γυναικῶν
1795 4042 1890 4097 ἆν-

300 4135 428 4201 δρες
476 4131 548 4184 δι’
595 4131 984 4200 όποιανδήτινα
1031 4130 1234 4192 αἰτίαν,
1270 4129 1367 4182 καὶ
1402 4132 1462 4183 ὲν
1494 4129 1753 4203 ἀλλοτρίᾳ
1782 4131 1893 4185 διά-

302 4242 520 4295 γοντες,
578 4222 891 4295 ἀφορισμοῦ
951 4225 1091 4277 εἰσιν
1158 4222 1334 4289 ἄξιοι,
1386 4225 1435 4275 εἰ
1475 4224 1892 4296 ἀνεπιστρόφως

305 4317 516 4388 ἔχουσι,
561 4317 659 4370 καὶ
700 4316 840 4387 πρὸς
894 4315 994 4378 τὰς
1039 4315 1251 4378 οἰκείας
1296 4317 1559 4382 γυναῖκας
1596 4315 1657 4368 οὐ
1700 4331 1893 4384 προαι-

308 4409 531 4479 ροῦνται
557 4406 719 4461 πάλιν
750 4407 1007 4477 νοστῆσαι
1032 4422 1048 4438 ο
1086 4407 1137 4459 εἰ
1166 4406 1224 4459 δὲ
1254 4405 1442 4476 ἄδηλοι
1468 4402 1599 4469 εἷεν,
1633 4405 1727 4459 καί
1758 4422 1894 4477 προ-

306 4500 408 4569 έϐη
452 4501 547 4552 καὶ
578 4497 776 4566 ἔρευνα
804 4496 1011 4552 τούτων
1038 4495 1096 4562 ἐξ
1125 4497 1426 4568 ἀποστολῆς
1460 4498 1570 4551 τῶν
1613 4497 1892 4567 γυναικῶν

1984 3289 2115 3356 quid
2140 3286 2479 3355 faciendum,
2510 3305 2581 3345 ne
2612 3290 2732 3346 sine
2762 3304 3049 3347 sacrorum
3072 3291 3444 3349 celebratione
3474 3308 3567 3349 sa-

1990 3380 2247 3435 cerdotes
2277 3381 2576 3439 maneant?

2058 3473 2291 3540 Quidam
2324 3475 2643 3531 sacerdotes
2663 3475 2716 3530 in
2737 3490 2935 3548 magna
2957 3475 3385 3550 Quadragesima
3403 3480 3572 3538 bene-

1989 3565 2262 3621 dictiones
2304 3566 2446 3622 clam
2485 3566 2739 3624 fecerunt
2774 3570 3010 3639 :quales
3042 3570 3263 3628 tandem
3301 3582 3433 3628 sunt
3466 3591 3571 3629 nu-

1988 3656 2141 3727 ptiae,
2174 3665 2229 3713 et
2255 3658 2457 3729 quibus
2480 3667 2740 3716 tenentur
2761 3662 2942 3733 pmnis
2989 3666 3326 3734 sacerdotes,
3361 3669 3457 3737 qui
3488 3668 3569 3724 sic

1991 3765 2179 3806 sacras
2218 3766 2411 3821 preces
2442 3755 2855 3824 conceperunt?

2061 3843 2143 3896 Ad
2172 3843 2272 3899 has
2303 3845 2471 3914 igitur
2505 3846 2967 3919 interrogationes
2993 3850 3349 3909 mediocritas
3382 3860 3577 3909 nostra

1994 3938 2131 3993 tales
2157 3938 2461 3994 solutiones
2487 3940 2732 4010 protulit.

2062 4029 2168 4097 Qui
2196 4031 2267 4087 ob
2296 4032 2597 4102 quamlibet
2624 4048 2846 4089 causam
2874 4035 2945 4091 ab
2963 4037 3229 4094 uxoribus
3250 4041 3365 4095 suis
3394 4055 3577 4097 reces-

1995 4130 2211 4192 serunt,
2245 4132 2302 4179 et
2326 4124 2457 4180 alibi
2508 4126 2738 4197 degunt,
2787 4131 3413 4187 excommunicationem
3462 4150 3579 4191 me-

1995 4227 2212 4283 rentur,
2247 4217 2292 4273 si
2323 4227 2702 4287 perseverent,
2728 4234 2832 4276 nec
2857 4222 3029 4277 velint
3046 4224 3114 4279 ad
3132 4240 3336 4281 uxores
3354 4228 3576 4282 reverti.

1995 4311 2056 4366 Si
2087 4326 2219 4368 vero
2273 4312 2544 4368 incertum
2577 4313 2668 4370 ubi
2703 4314 2833 4382 sint,
2866 4325 2925 4372 et
2956 4320 3215 4373 mandato
3259 4333 3450 4376 earum
3492 4321 3580 4375 in-

1994 4405 2225 4475 quisitio
2263 4408 2623 4477 processerit,
2659 4410 3094 4481 praeterieritque
3115 4412 3577 4482 quinquennium,

1995 4514 2066 4554 ex
2101 4513 2211 4570 quo
2238 4499 2343 4555 viri
2372 4500 2874 4571 disparuerunttin
2906 4503 3050 4559 bello
3080 4504 3226 4562 forte
3269 4507 3437 4577 capti,
3483 4517 3582 4563 aut

307 4592 513 4655 αὐτῶν,
550 4592 644 4643 καί
678 4590 973 4644 πενταετία
1018 4589 1300 4661 παρῆλθεν
1346 4589 1530 4657 ὲξότου
1565 4589 1796 4659 ἀφανεῖς
1843 4593 1878 4643 0?

1998 4606 2109 4665 quo
2141 4591 2251 4648 alio
2293 4592 2456 4648 modo
2511 4591 2581 4648 de
2634 4590 2816 4649 medio
2849 4593 3050 4649 sublati
3090 4612 3104 4650 :
3139 4610 3338 4652 uxores
3387 4610 3581 4653 eorum

308 4683 505 4754 ἀνδρες
536 4682 745 4737 τούτων
778 4682 1046 4750 ἐγένοντο,
1098 4682 1436 4753 αἰχμάλωτοι
1475 4683 1634 4753 τυχὸν
1664 4680 1891 4751 γεγονό-

307 4793 422 4840 τες,
461 4776 495 4845 ἢ
523 4774 664 4842 ἀλλῳ
691 4776 800 4828 τινὶ
830 4776 1023 4846 τρόπῳ
1053 4774 1474 4843 ἀφανισθέντεςι
1503 4775 1613 4828 τῶν
1634 4774 1893 4828 τοιούτων

309 4868 368 4921 αῖ
406 4869 666 4936 γυναῖκες
720 4866 1017 4928 ἀκωλύτως
1042 4865 1184 4919 κατά
1225 4864 1316 4919 τδν
1347 4865 1698 4939 ἑκχωροῦντα
1729 4865 1895 4938 νόμον

1999 4700 2099 4755 per
2129 4685 2302 4756 legem
2334 4699 2449 4741 non
2504 4686 2874 4756 prohibentur
2935 4686 3059 4743 aliis
3116 4680 3377 4760 conjungi
3427 4689 3583 4745 viris.

2000 4775 2134 4829 Aliae
2160 4786 2367 4843 autem,
2395 4790 2635 4846 quarum
2674 4778 2858 4833 adhuc
2918 4779 3020 4834 viri
3066 4789 3387 4850 supersunt.
3452 4794 3586 4836 suos

1999 4867 2149 4921 viros
2176 4873 2446 4936 quaerant.

238 4976 247 4982 ·
312 4962 523 5035 ἑτέροις
576 4958 901 5028 συναφθεῖεν
957 4956 1217 5028 ἀνδράσιν
1248 4971 1261 4985 ·
1327 4957 1385 5012 αί
1423 4957 1469 5013 δ’
1526 4958 1683 5013 ἄλλαι
1727 4952 1803 5013 ὧν
1852 4958 1902 5012 οἰ
1939 4957 2132 5029 ἄνδρες
2194 4956 2276 5013 ἔτι
2330 4960 2591 5032 περίεισι,
2641 4960 2769 5026 τοὺς
2819 4961 3054 5027 οἰκείους
3133 4962 3334 5035 ἄνδρας
3404 4963 3590 5035 ζητεί-

309 5074 510 5111 τωσαν.

387 5151 452 5202 Οί
493 5148 819 5214 πταίσαντες
875 5149 1077 5221 ἱερεῖς,
1126 5152 1176 5204 οἰ
1232 5151 1359 5216 τοὺς
1417 5151 1899 5222 προηγιασμένους

312 5244 516 5316 ἄρτους
549 5244 915 5312 πεποιηκότες
950 5246 1078 5308 τοὺς
1120 5243 1226 5298 ὑπὸ
1265 5243 1445 5299 κυνῶν
1489 5244 1598 5298 τῶν
1627 5261 1893 5315 παρανοιο

315 5334 522 5400 ξάντων
579 5333 678 5404 τὴν
711 5334 803 5388 106
830 5334 957 5389 ναοῦ
1000 5335 1179 5405 πύλην
1225 5333 1645 5405 ἀφανισθέντας,
1690 5336 1792 5406 τῆς
1822 5336 1899 5390 ἰε-

317 5426 580 5500 ρουργίας
601 5427 738 5498 πρὸς
766 5426 959 5498 καιρὸν
985 5427 1076 5480 τὸν
1114 5428 1262 5495 παρὰ
1285 5428 1385 5499 τήν
1411 5428 1680 5499 διάκρισιν
1715 5430 1904 5500 κείμε-

316 5538 407 5575 νον
436 5521 531 5575 τοῦ
564 5519 744 5575 αύτῶν
783 5519 1086 5589 ἀρχιερέως
1118 5522 1545 5586 παυσάσθωσαν,
1592 5522 1668 5586 ὡς
1705 5523 1781 5594 μὴ
1801 5524 1902 5595 τὴν

319 5612 511 5685 ἱκανὴν
546 5611 907 5685 πεποιηκότες
957 5611 1279 5683 ἀσφάλειαν.
1334 5615 1397 5669 Oi
1441 5613 1489 5668 δ’
1518 5614 1670 5672 ἄλλοι
1698 5616 1749 5669 οἰ
1774 5618 1900 5682 τοὺς

2080 5149 2185 5216 Qui
2206 5149 2288 5205 sic
2315 5147 2669 5221 deliquerunt
2692 5150 3033 5213 sacerdotes.
3071 5160 3129 5207 ut
3156 5150 3591 5222 prtesanctiiiea-

2004 5251 2096 5299 tos
2121 5258 2314 5314 panes,
2346 5258 2375 5297 a
2397 5259 2458 5300 se
2488 5244 2684 5309 factos,
2711 5244 3083 5315 canestempli
3108 5247 3309 5300 Ostium
3330 5247 3588 5314 aperien-

2006 5344 2093 5393 tes
2127 5337 2194 5393 de
2220 5337 2404 5393 medio
2430 5337 2793 5403 sustulerint,
2828 5337 2896 5392 ad
2928 5347 3147 5408 tempus
3182 5340 3236 5392 in
3268 5340 3589 5410 cognitione

2008 5430 2277 5485 antistitis
2310 5430 2574 5501 positum,
2608 5444 2639 5484 a
2669 5444 2957 5485 sacrorum
2994 5414 3316 5501 op'eratione
3347 5441 3583 5497 tesseiit,

2013 5527 2162 5596 quod
2190 5525 2486 5595 diligenter
2514 5541 2620 5581 non
2656 5525 2928 5581 caverint.
2960 5525 3065 5580 Alii
3119 5532 3327 5590 autem,
3352 5526 3447 5594 qui
3489 5540 3589 5594 pa-

2008 5632 2107 5673 ncs
2150 5617 2207 5673 in
2237 5619 2520 5678 oblatione
2563 5635 2661 5694 per
2707 5634 2895 5677 mures
2944 5619 3286 5688 amiserunt,
3324 5619 3589 5692 inculpati

1628 5770 1867 5830 VARIIE
1900 5772 2312 5834 LECTIONES.

395 5883 742 5944 lsaceraotes
815 5882 843 5926 ιι
885 5885 1200 5955 promiscue.
1280 5883 1300 5924 ι
1330 5886 1489 5944 Suid.
1515 5887 1824 5961 ἀντιμίσιον
1915 5899 1957 5931 ιι
1979 5889 2146 5963 picto.

605 5978 881 6041 Parnm.
909 5978 1022 6041 Gn.
1071 5979 1298 6043 CXIX.

3118 5977 3199 6049 26
