3798 6558
433 436 539 502 811

1739 435 1876 496 JUS
1909 430 2360 495 CANONICUM
3549 440 3633 507 812

438 560 697 607 maneant
720 548 920 624 (multa
947 548 1090 605 enim
1132 546 1401 619 ejusmodi
1428 561 1570 617 smpc
1596 544 1900 612 accidunt),
1925 541 2011 613 qui

2125 541 2324 611 ἄρτους
2360 540 2462 595 ὑπὸ
2492 540 2644 612 μυῶν
2680 542 2739 594 ὲν
2763 544 2828 614 τῇ
2863 541 3195 615 προσκομιδῇ
3230 541 3510 612 ὀλέσαντες,
3537 554 3634 608 ave.

438 646 601 698 etiam
636 643 798 698 aliam
826 642 1159 697 oblationem
1223 654 1426 695 mensa:
1482 652 1659 693 sacrm
1715 644 1993 708 apponcnt

436 735 825 807 oblatioucque
852 734 991 789 facta
1022 732 1352 790 sacriﬁcium
1392 730 1697 802 perﬁcient.

509 1001 1115 1073 Excommunicati,qui
1148 1000 1485 1067 sacriﬁcant,
1512 998 1856 1070 depositione
1886 1008 2016 1055 sunt

437 1095 611 1163 digni,
643 1093 803 1163 idque
847 1092 905 1147 in
945 1092 1189 1163 episcopi
1224 1093 1468 1162 ipsorum
1517 1090 1836 1163 cognitione
1865 1090 2015 1161 posi-

435 1193 550 1240 tum
582 1194 721 1238 esto.

509 1277 607 1343 Qui
639 1274 819 1330 tertiis
862 1276 1068 1346 nuptiis
1110 1274 1380 1344 implicari
1408 1274 1617 1339 Volunt,
1650 1282 1773 1344 post
1807 1289 2013 1329 annum

433 1369 611 1423 aetatis
646 1366 1154 1438 quadragesimum,
1189 1376 1246 1419 ut
1283 1366 1650 1437 poiygamiam
1683 1366 2013 1422 Christianis

433 1477 544 1516 non
592 1460 1011 1516 convenientem
1076 1474 1408 1530 quaerentes,
1463 1475 1524 1514 re
1582 1458 1781 1515 infecta
1831 1462 2015 1516 dimit-

432 1561 621 1609 tentur
650 1572 665 1609 ι
702 1554 847 1624 quod
876 1555 920 1608 si
940 1554 1227 1609 etiamvim
1255 1551 1827 1619 inferant,censuram
1858 1555 2013 1610 Subi-

432 1645 591 1700 bunt.
992 1638 995 1641 ’

504 1734 849 1791 Antimensia
881 1734 935 1788 in
965 1733 1223 1789 omnibus
1254 1734 1464 1789 sanctis
1491 1731 1696 1789 mensis
1740 1748 1867 1803 pom
1917 1747 2012 1789 ne-

436 1840 589 1880 cesse
620 1841 725 1879 non
750 1835 849 1891 est,
883 1824 982 1879 sed
1017 1825 1070 1878 iu
1106 1825 1193 1887 iis,
1219 1823 1288 1879 de
1321 1825 1523 1895 quibus
1569 1825 1842 1879 incertum
1877 1839 2010 1879 con-

2120 635 2402 703 πιτίμητοι
2453 633 2933 706 διαμεινάτῳσανο
2998 634 3122 686 ἐπεὶ
3188 635 3407 689 πλεῖστα
3452 643 3636 701 τοιαῦτα

2119 725 2376 789 πολλάκις
2414 725 2660 793 γίνονται
2683 742 2696 756 ο
2756 727 2805 779 οἳ
2838 727 2935 780 καὶ
2964 727 3158 797 ἑτέραν
3190 730 3488 799 προσφορὰν
3517 737 3563 786 ὲν
3586 741 3637 809 τῇ

2119 816 2254 888 ἁγίᾳ
2297 818 2546 889 τραπέζῃ
2587 818 2897 883 είστάξουσι
2961 819 3057 872 καὶ
3118 822 3470 893 προεκομιδὴν
3510 830 3639 899 ποιῇ.

2121 924 2294 973 σουσι,
2332 908 2427 961 xui
2458 907 2554 980 τὴν
2589 911 2904 982 ἱερουργίαν
2929 909 3326 964 τελειώσουσιν.

2189 1004 2254 1056 Ui
2285 1002 2662 1075 ἀφωρισμένοι
2719 1014 2813 1059 καὶ
2854 1002 3285 1075 ἱερουργοῦντες,
3322 1005 3639 1079 καθαιρέσειῖκ

2119 1095 2260 1148 εἰσιν
2294 1092 2468 1158 ἄξιοι·
2502 1094 2600 1149 καὶ
2626 1096 2706 1159 είς
2738 1095 2836 1165 τὴν
2866 1095 2960 1149 τοῦ
2988 1094 3292 1149 ἐπισκόπου
3321 1099 3489 1153 αὐτῶν
3515 1103 3641 1159 τοῦτο

2116 1184 2322 1238 κείσθω
2353 1184 2647 1254 διάκρισιν.

2190 1280 2254 1332 Οί
2309 1279 2458 1350 τρισὶ
2513 1280 2715 1348 γάμοις
2775 1278 3165 1349 συμπλακῆναι
3195 1278 3496 1350 βουλόμενοι
3533 1289 3642 1354 μετὰ

2113 1369 2212 1441 τὴν
2235 1370 2819 1441 τεσσαρακονταετίαν,
2836 1371 2909 1435 ὡς
2930 1370 3274 1440 πολυγαμίαν
3300 1375 3409 1436 τοῖς
3427 1375 3641 1445 Χριστια-

2115 1463 2223 1525 vei;
2275 1463 2376 1515 οὐκ
2426 1463 2736 1533 ἀνήκουσαν
2802 1461 3088 1532 ζητοῦντες
3119 1503 3135 1529 ,
3233 1462 3488 1532 ἄπρακτοι
3533 1469 3642 1523 ἀπο·

2116 1570 2181 1607 πε
2192 1555 2535 1624 μφθήσονται
2560 1572 2573 1585 ο
2604 1556 2651 1608 εί
2681 1554 2738 1607 δὲ
2766 1554 2863 1608 καὶ
2902 1555 3021 1626 βίαν
3046 1555 3335 1623 ἐπάγουσι,
3373 1558 3460 1611 xui
3496 1560 3641 1614 ὲπιτιυ

2118 1648 2481 1718 μηθήσονται.

2187 1741 2267 1794 Τὰ
2297 1741 2614 1811 άντιμίνσια
2641 1740 2743 1793 οὐκ
2768 1741 2848 1804 είς
2879 1739 3059 1803 πάσας
3091 1737 3310 1806 ἀνάγκη
3337 1739 3529 1792 κεῖσθαι
3566 1744 3642 1807 τὰς

2118 1832 2277 1901 ἁγίας
2340 1833 2639 1904 τραπέζας,
2699 1832 2812 1887 ἀλλ’
2848 1834 2928 1895 εἰς
2976 1831 3042 1896 ἃς
3089 1831 3151 1885 οὐ
3216 1830 3480 1901 γνώριμον
3524 1834 3640 1887 ἐστιν

436 1924 665 1971 se‘crata:
687 1917 821 1983 sint,
860 1931 1053 1971 necne.
1107 1916 1241 1970 Nam
1281 1917 1608 1971 autimeusia
1664 1927 2009 1972 consecrata-

2125 1896 2223 1979 εἴτε
2260 1896 2664 1997 καθιερωμέναι
2694 1926 2853 1987 εἰσὶν,
2888 1926 2999 1980 εἴτε
3032 1896 3349 1994 οῦητᾶνγὰρ
3377 1896 3640 1994 άντιμίνοια

437 2023 558 2062 rum
585 2016 900 2062 sanctarum
937 2023 1250 2062 mensarum
1318 2009 1498 2062 locum
1544 2009 1795 2064 obtinent
1845 2026 1860 2063 :
1908 2023 2012 2065 nec

438 2100 512 2153 iis
560 2111 700 2169 opus
738 2108 842 2165 esu,
898 2099 989 2153 ubi
1026 2114 1244 2155 mensas
1289 2109 1642 2156 consecratas
1695 2116 1819 2157 esse
1876 2115 2010 2157 con-

434 2196 562 2243 stat.

506 2278 974 2346 Sacerdotes,qui
1029 2278 1084 2333 iu
1125 2294 1325 2350 magna
1367 2280 1609 2337 Carrena
1655 2289 1683 2317 ιι
1736 2280 2011 2352 nuptiales

436 2370 683 2427 fecerunt
704 2371 1139 2437 benedictioncs,
1169 2374 1212 2428 si
1242 2375 1756 2444 persimplicitatem
1786 2374 1840 2429 id
1873 2374 2014 2431 fece-

435 2467 566 2531 rint,
596 2466 852 2521 mediocri
876 2469 1215 2522 correctlone
1238 2479 1361 2522 sunt
1390 2466 1574 2538 digni;
1601 2470 1682 2523 sin
1711 2477 1890 2523 autem
1914 2484 2013 2539 per

436 2562 700 2613 malitiam
727 2570 780 2614 et
814 2561 958 2616 clam
1022 2563 1423 2625 commiserint,
1457 2563 1663 2632 majore
1690 2577 1869 2633 pinna,
1892 2576 2013 2632 qua:

437 2651 705 2705 antistitis
750 2650 962 2722 judicio
1006 2652 1365 2725 irrogabitur.
1421 2656 1504 2709 Ab
1536 2656 1604 2709 iis
1645 2663 1825 2709 autem
1870 2654 2012 2708 fama

436 2743 733 2811 connubia,
767 2752 826 2798 nt
850 2761 1007 2800 sacra
1037 2750 1359 2817 precatione
1386 2748 1620 2815 munita,
1671 2757 1787 2803 rata
1821 2749 2014 2802 incon-

436 2851 713 2905 cussaquc
736 2841 1060 2893 manebunt.
1123 2838 1328 2894 Habuit
1384 2841 1542 2907 illud,
1606 2856 1795 2897 mense
1841 2839 2010 2906 Julio,

435 2929 625 2984 indict.
647 2928 703 2995 8,
729 2940 787 2986 et
818 2930 1008 2988 viridis
1038 2947 1175 2988 certe
1208 2932 1467 3004 sigillum.

726 3108 809 3167 ΙΙ.Δ
839 3109 912 3164 De
943 3108 1292 3164 translatione
1344 3110 1730 3180 episcoporum.

510 3206 694 3263 Mense
716 3204 883 3268 Iulio,
919 3203 1131 3259 decima
1172 3203 1260 3258 die
1290 3210 1339 3268 ο,
1373 3203 1425 3267 1,
1458 3203 1644 3257 imlict.
1686 3201 1776 3268 20,
1826 3218 2012 3273 praesr-

435 3298 596 3352 dente
632 3297 986 3353 sanctissimo
1016 3294 1241 3347 domino
1299 3301 1490 3348 nostro
1519 3295 1864 3348 mcumenico
1910 3310 2005 3364 pa-

442 3391 708 3454 triarcha,
736 3390 960 3443 domino
984 3385 1253 3451 Manuele,
1284 3385 1339 3440 in
1362 3386 1722 3440 celeberrima
1751 3395 1805 3441 ct
1847 3402 2014 3458 super

440 3484 642 3539 illustri
674 3480 883 3553 synodo
934 3477 1233 3549 imperialis
1264 3488 1291 3528 ι)
1319 3477 1642 3543 mansionis,
1687 3493 1807 3548 qum
1842 3478 2015 3533 hono-

438 3586 559 3629 rata
589 3582 673 3628 est
698 3571 918 3625 nomine
946 3568 1311 3624 immaculata:
1349 3566 1446 3622 Dei
1485 3565 1676 3622 Matris
1736 3567 2012 3639 Gorgope-

439 3668 544 3734 coi,
584 3665 920 3721 Saudrorum
952 3662 1337 3733 cOguomiuata
1372 3661 1784 3716 :assidentibus
1807 3676 2013 3732 magna

439 3758 845 3826 sanctitatiejus
873 3765 927 3811 et
948 3754 1336 3811 sacratissimis
1361 3752 1723 3816 antistitibus.
1747 3754 2014 3810 Caesarea:

438 3850 816 3922 Cappadociae,
848 3838 1207 3917 Metrophane
1233 3864 1246 3902 :
1274 3843 1530 3900 Sardium
1561 3854 1614 3900 et
1637 3847 1804 3903 totius
1832 3844 2014 3919 Lydia:

439 3944 702 4006 exarcho,
729 3940 1050 3995 Andronico
1078 3957 1091 3994 :
1126 3937 1519 4009 Philadelphia:
1546 3945 1600 3993 et
1622 3937 1799 3994 locum
1850 3938 2013 4012 Syra-

439 4036 631 4091 cusani
665 4034 944 4090 obtinente
960 4030 1140 4087 Pboca
1176 4046 1192 4086 :
1223 4030 1665 4085 Pontoberacleee
1680 4037 1733 4085 et
1760 4030 2016 4087 Claudio-

438 4128 672 4198 politani
744 4127 927 4195 legato
984 4121 1294 4193 Niccplioro
1342 4139 1356 4175 :
1408 4122 1676 4194 Smyrnae,
1730 4121 2011 4193 Georgio:

444 4217 773 4292 Dyrrachii,
836 4212 1089 4268 Romano
1150 4230 1165 4268 :
1226 4213 1594 4284 Methymna,
1664 4210 1927 4270 Michaelc
1996 4231 2010 4269 :

441 4308 829 4367 assistentibus
868 4318 922 4364 et
979 4306 1244 4379 piissimis
1317 4305 1615 4362 dominicis
1672 4307 2014 4379 magistrati-

442 4405 563 4460 bus.

509 4697 667 4768 Quod
698 4695 755 4751 in
778 4692 1108 4764 eorpm'ibus
1139 4686 1356 4752 animae,
1401 4682 1456 4739 id
1506 4684 1561 4739 in
1594 4682 1832 4753 negotiis
1871 4691 2008 4739 tem-

439 4807 636 4866 porum
681 4788 1054 4845 occasiones:
1087 4790 1143 4837 et
1177 4780 1270 4835 illa
1314 4777 1429 4833 haec
1480 4787 1722 4842 movent,
1766 4786 1820 4833 et
1852 4779 2013 4834 aliter

440 4882 716 4937 interdum
780 4881 1015 4938 mutant,
1066 4869 1440 4942 probabilibus
1485 4867 1668 4923 causis
1730 4868 2010 4927 cedentes.

439 4975 713 5042 Quorsum
737 4982 866 5023 vero
892 4960 1211 5034 temporalis
1260 4959 1360 5016 ista
1390 4959 1765 5030 transpositio,
1800 4976 2013 5016 rerum-

440 5082 547 5139 que
577 5061 807 5120 mutatio
822 5068 875 5113 et
910 5055 1213 5112 transitus?
1236 5052 1444 5120 Oratio,
1467 5060 1712 5125 tempore
1742 5055 2015 5125 exigente,

442 5162 544 5216 bas
593 5152 910 5215 transferat,
947 5159 1000 5203 et
1046 5149 1100 5201 in
1154 5148 1400 5216 apertius
1445 5146 1716 5201 immulel.
1774 5145 2016 5203 Joannes

441 5248 818 5325 pontiﬁcatum
839 5243 1070 5311 adeptus
1103 5238 1443 5294 sanctissimi
1463 5238 1811 5308 episcOputus
1834 5237 2012 5305 Ezeri,

439 5344 535 5418 qui
565 5348 650 5400 est
693 5337 795 5396 sub
824 5334 1043 5390 Larissa
1074 5330 1386 5400 metropoli,
1425 5330 1757 5400 longumque
1788 5346 2014 5401 per-pes-

444 5453 541 5494 sus
587 5436 716 5500 iter,
772 5435 1134 5502 praeruptum,
1169 5431 1223 5478 et
1258 5421 1538 5492 equitibus
1568 5421 1806 5487 diﬁicilc,
1841 5432 1892 5475 et
1925 5437 2014 5477 se-

439 5541 569 5593 nex,
618 5524 957 5582 mundanum
1010 5519 1201 5574 adiens
1247 5512 1583 5580 Luciferum,
1641 5515 1909 5585 Optimum
1962 5524 2015 5569 ct

2113 2016 2537 2090 καθιερωμένων
2570 2018 2738 2087 ἁγίων
2766 2015 3055 2087 τραπεζῶν
3077 2014 3247 2068 τόπον
3272 2013 3537 2084 ἐπέχουσι’
3567 2017 3639 2070 καὶ

2113 2107 2239 2162 ἔνθα
2272 2109 2379 2162 είσί
2406 2109 2671 2179 γνώριμοι
2700 2106 3106 2180 καθιερωμέναι
3130 2105 3422 2179 τράπεζαι,
3443 2108 3496 2161 ού
3516 2112 3639 2179 χρεία

2114 2201 2469 2272 ἁντιμινσίων
2499 2204 2636 2254 ἐκεῖ.

2185 2292 2249 2344 Οἱ
2310 2293 2673 2363 πεποιηκότες
2722 2291 2823 2355 τὰς
2888 2290 3135 2361 γαμικέις
3194 2290 3640 2361 ἱερολογίαςίερεῖς

2113 2385 2170 2437 ὲν
2191 2386 2255 2455 τῇ
2275 2385 2487 2455 μεγάλῃ
2517 2385 2966 2454 Τεσσαρακοστῇ,
2989 2386 3037 2437 εί
3069 2383 3174 2454 μὲν
3200 2383 3259 2447 ἐξ
3286 2383 3519 2452 ἀφελείας
3542 2384 3639 2437 τοῦ.

2111 2493 2173 2529 το
2205 2478 2562 2546 πεποιήκασι,
2619 2478 2859 2547 μετρίων
2908 2475 3208 2546 ἐπιτιμίων
3261 2479 3393 2529 εἰσὶν
3420 2476 3574 2543 ἄξιοι·
3602 2479 3639 2531 εἱ

2113 2569 2159 2623 δ’
2189 2570 2251 2621 ὲκ
2293 2569 2687 2639 σκαιοτροπίας
2720 2569 2814 2621 καὶ
2869 2568 3089 2639 κρύφα,
3143 2566 3466 2638 μειζοτέρων
3502 2570 3638 2621 ἐπιτι-

2118 2660 2280 2732 μίων,
2322 2661 2431 2714 τῶν
2487 2659 2640 2732 παρὰ
2667 2664 2733 2732 τῇ
2767 2660 3039 2731 διακρίσει
3080 2660 3352 2730 κειμένων
3381 2658 3466 2712 τοῦ
3496 2661 3642 2729 ἀρχιε-

2115 2752 2252 2823 ρέως
2282 2752 2481 2807 αὐτῶν.
2508 2753 2588 2805 Τὰ
2612 2752 2666 2805 δὲ
2698 2755 2826 2824 παρ’
2853 2753 3032 2806 αὐτῶν
3061 2754 3328 2821 γινόμενα
3359 2752 3641 2820 συνοικέσια,

2111 2842 2186 2907 ὡς
2213 2843 2513 2916 ίερολογίαν
2544 2846 2834 2916 δεξάμενα,
2873 2846 2935 2898 τὸ
2970 2844 3204 2915 στέργον
3228 2843 3406 2907 ἕξουσι
3433 2845 3515 2896 xui
3538 2845 3643 2897 ἀπι-

2118 2936 2456 3007 ρικλόνητον.
2488 2932 2611 3007 Εἶχε
2652 2940 2734 3001 τὸ,
2762 2937 2891 3007 μηνὶ
2938 2936 3168 3006 Ἰουλίῳ,
3213 2935 3561 3006 ἔπινεμήσεως
3583 2940 3640 3005 η’,

2115 3028 2209 3082 xui
2238 3028 2336 3100 τὴν
2364 3028 2596 3099 κηρίνην
2628 3030 2902 3101 πρασίνην
2936 3029 3236 3100 σφραγῖδα.

2383 3117 2443 3174 Β.
2487 3118 2625 3187 Περὶ
2650 3119 3027 3189 μεταθέσεως
3054 3118 3428 3171 ἐπισκόπων.

2188 3212 2335 3282 Μηνὶ
2376 3212 2580 3282 Ἰουλίῳ
2608 3218 2660 3275 ι’,
2694 3213 2878 3284 ἡμέρα
2918 3218 2988 3273 α’,
3033 3213 3418 3281 ὲπινεμήσεως
3457 3214 3516 3273 κ’,
3538 3225 3645 3279 προσ

2117 3303 2426 3375 καθημένου
2468 3301 2563 3356 τοῦ
2614 3302 3029 3371 παναγιωτάτου
3082 3300 3252 3371 ἡμῶν
3297 3300 3535 3353 δεσπότου
3574 3297 3645 3352 τοῦ

2114 3395 2493 3466 οἱκουμενικοῦ
2528 3396 2871 3466 πατριάρχου
2899 3395 3092 3463 κυρίου
3115 3392 3380 3462 Μανουὴλ
3408 3392 3541 3454 ὲντδς
3570 3390 3648 3459 τῆς

2117 3488 2468 3559 περιωνύμου
2516 3488 2612 3542 καὶ
2667 3486 3173 3557 πανυπερλάμπρου
3229 3484 3496 3538 συνόδου³⁶
3526 3483 3649 3554 βασι-

2115 3580 2271 3652 λικῆς
2332 3581 2521 3652 μονῆς,
2571 3582 2668 3651 τῆς
2699 3581 2791 3633 ἐπὶ
2836 3579 3061 3649 ὀνόματι
3095 3580 3198 3648 μὲν
3247 3578 3545 3649 τιμωμένης
3572 3577 3648 3647 τῆς

2116 3671 2489 3744 ύπεραμώμου
2535 3671 2880 3742 Θεομήτορος
2944 3670 3045 3740 τῆς
3095 3670 3515 3741 Γοργεπηκόου,
3565 3668 3647 3720 τῶν

2116 3766 2369 3837 Σάνδρων
2389 3765 2445 3820 δὲ
2473 3764 2913 3833 έπικεκλημένης
2937 3779 2952 3793 ·
3003 3762 3463 3833 συνεδριαζόντων
3491 3764 3547 3832 τῇ
3574 3778 3649 3831 με·

2114 3861 2256 3932 γάλῃ
2304 3858 2581 3930 ἁγιωσύνῃ
2626 3858 2790 3912 αὐτοῦ
2847 3857 2937 3909 xui
2998 3856 3317 3925 ίερωτᾱιτων
3370 3857 3646 3924 ἀρχιερέων,

2113 3936 2211 4005 τοῦ
2248 3950 2604 4021 Καισαρείας,
2656 3936 3079 4011 Καππαδοκίας,
3109 3932 3504 4017 Μητροφάνους
3531 3962 3543 3976 ·
3577 3944 3649 3997 τοῦ

2114 4042 2363 4114 Σάρδεων
2397 4041 2494 4095 καὶ
2539 4041 2768 4111 ἐξάρχου
2815 4041 2995 4107 πάσης
3029 4037 3258 4101 Λυδίας,
3318 4038 3648 4106 Ἀνδρονίκου·

2114 4131 2207 4185 τοῦ
2250 4129 2606 4198 Φιλαδελφίας
2627 4169 2643 4193 ,
2689 4129 2783 4181 xui
2824 4127 2915 4181 τὸν
2966 4126 3131 4180 τόπον
3161 4126 3451 4198 ἐπέχοντος
3476 4124 3555 4179 τοῦ
3576 4124 3654 4176 2-i-

2118 4222 2417 4296 ρακούσης,
2450 4223 2616 4275 Φωκᾶ
2636 4236 2651 4252 ο
2699 4221 2795 4274 τοῦ
2848 4218 3349 4289 Ποντοηρακλείας,
3379 4219 3466 4271 καὶ
3490 4219 3568 4269 τὸν
3587 4215 3653 4266 τό·

2116 4340 2219 4377 πον
2269 4320 2560 4391 ἐπέχοντος
2620 4316 2710 4370 τοῦ
2760 4314 3272 4378 Κλανδιουπὸλεως,
3331 4311 3651 4382 Νικηφόρον·

2113 4415 2210 4469 τοῦ
2241 4412 2519 4484 Σμύρνης,
2544 4408 2819 4480 Γεωργίου
2839 4424 2852 4437 ·
2879 4407 2971 4460 τοῦ
3004 4406 3340 4477 Δυρραχίου,
3384 4401 3655 4472 Ῥωμανοῦο

2120 4506 2214 4560 xui
2262 4504 2358 4556 τοῦ
2410 4499 2754 4571 Μηθύμνης,
2808 4496 3061 4567 Μιχαήλ’
3125 4495 3542 4566 παρισταμένων
3585 4492 3659 4543 καὶ

2040 4610 2088 4669 ι)
2122 4593 2555 4665 θεοφιλεστάτων
2583 4589 2918 4643 δεσποτικῶν
2946 4586 3244 4658 ἀρχόντων.

2196 4689 2262 4741 Ὃ
2301 4687 2357 4739 ὲν
2406 4683 2651 4753 σώμασιν
2678 4680 2948 4750 αίψυχαὶ,
2994 4677 3141 4731 τοῦτ’
3195 4679 3257 4730 ὲν
3297 4676 3594 4748 πράγμασιν
3619 4688 3657 4726 οι

2112 4778 2298 4852 καιροί
2325 4794 2339 4809 ο
2372 4777 2465 4830 καὶ
2499 4774 2739 4830 κινοῦσιν
2774 4773 2936 4837 αὐτά,
2972 4770 3065 4824 καὶ
3094 4769 3273 4831 ἄλλως
3308 4769 3492 4823 ἄλλοτε
3518 4765 3660 4819 ταῦτα

2119 4870 2521 4947 μετατιθέασιν,
2564 4866 2943 4938 εὐπροσώποις
2983 4865 3183 4926 αἰτίαις
3210 4863 3545 4921 ὑπείκοντες.
3585 4859 3659 4921 El;

2118 4966 2170 5019 τί
2202 4962 2257 5017 δὲ
2283 4965 2316 5034 ή
2344 4959 2570 5031 καιρικὴ
2597 4957 2734 5029 αὕτη
2768 4956 3080 5028 μετάθεσις,
3106 4954 3200 5007 καὶ
3222 4956 3256 5025 ἡ
3289 4952 3403 5007 τῶν
3436 4950 3661 5022 πραγμάο

2120 5075 2228 5113 των
2279 5052 2549 5123 ὲναλλαγὴ
2570 5052 2663 5104 xui
2698 5048 3029 5120 μετάϐασις
3070 5045 3132 5099 '0
3160 5044 3339 5113 λόγος,
3366 5040 3547 5112 καιροῦ
3577 5055 3660 5092 κα-

2120 5148 2375 5211 λοῦντος,
2437 5142 2811 5214 μετατιθέσθω
2860 5138 3104 5201 ταύτας,
3147 5137 3241 5190 xui
3290 5128 3662 5188 ὲναλλαττέσθω

2123 5240 2258 5311 πρὸς
2284 5238 2343 5291 τὸ
2370 5236 2721 5305 σαφέστερον.
2787 5232 2847 5284 '(l
2873 5231 2970 5300 τῆς
3009 5228 3113 5282 ὑπὸ
3148 5228 3248 5297 τὴν
3283 5226 3382 5295 τῆς
3415 5222 3661 5295 Λαρίσσης

2124 5328 2458 5403 μητρόπολιν
2482 5326 2799 5395 ἁγιωτάτης
2825 5321 3131 5392 ἐπισκοπῆς
3175 5317 3403 5390 Ἑζεροῦ
3436 5320 3663 5389 ἀρχιερα-

2118 5425 2286 5487 τικῶς
2337 5422 2739 5493 προῖστὰμενος
2798 5416 3053 5482 Ἰωάννης
3076 5455 3091 5479 ,
3131 5411 3352 5482 μακράν
3384 5410 3432 5462 τ’
3458 5403 3662 5464 ἀνατλὰς

2121 5514 2430 5591 ὁδοιπορίαν
2464 5510 2701 5581 έγκοπόν
2738 5526 2795 5562 τε
2837 5507 2934 5561 καὶ
2986 5504 3276 5570 δύσιππον,
3316 5500 3413 5555 xui
3452 5495 3661 5569 πρέσΰυς

1728 5651 1960 5708 VARle
1988 5649 2395 5707 LEGTIONES.

513 5788 562 5823 ³⁸
590 5784 901 5856 σεεασμίαι.

513 5915 546 5948 ιι
581 5903 987 5972 quadraqesima
1063 5908 1083 5930 ⁶
1110 5897 1305 5955 mensis
1339 5895 1476 5954 Julii
1495 5895 1586 5951 die
1622 5910 1676 5962 ι,
1712 5892 1847 5965 [cria
1874 5900 2069 5963 prima.
2145 5898 2173 5941 Ρ
2198 5897 2245 5945 ει
2276 5885 2707 5958 splendidissima
2738 5879 3022 5939 t'encrabitt
3066 5877 3338 5935 mansione
3377 5871 3538 5946 regia.
