3950 6588
405 436 517 503 815

1720 439 1753 499 J
1762 439 1858 501 US
1887 438 2334 506 CANONICUM

3585 442 3686 509 816
3746 430 3753 435 ’

422 552 772 607 adversetur.
794 549 1073 605 Canoniea
1099 548 1245 605 enim
1273 549 1587 607 observatio
1605 552 2000 611 novitdiversis

2109 556 2280 628 οὔσης
2312 555 2408 612 καὶ
2442 555 2614 629 ’παρά
2653 559 2719 631 τῇ
2756 558 2917 631 ἡμῶν
2966 560 3286 635 μετριότητι
3319 563 3411 616 καὶ
3445 566 3515 634 τῇ
3567 565 3690 637 ἱερᾷ

414 643 756 714 temporibus
790 643 1180 698 translationes
1206 644 1540 710 antistitum,
1591 646 1997 716 episcoporum,

416 744 469 789 et
500 736 1054 807 metropolitmtorum
1083 736 1283 798 factas,
1325 750 1433 790 non
1470 736 1525 791 in
1551 738 1792 807 aequales
1819 739 1997 801 sedes,

2106 653 2277 722 αὐτῆς
2310 652 2659 725 ἀδελφότητι.
2695 652 2859 707 Ὅθεν
2900 653 2994 708 καὶ
3024 652 3189 726 δεκτὴ
3237 654 3685 727 λογισθήσεταιή

2109 744 2417 816 μετάθεσις,
2455 746 2542 799 διὰ
2574 745 2674 817 τὴν
2737 747 3040 818 εἰρημένην
3076 747 3277 812 αἰτίαν,
3334 747 3428 802 καὶ
3474 748 3591 813 ἕξει
3631 751 3689 803 τὸ

413 826 508 881 sed
561 835 615 881 et
666 828 717 882 in
778 828 1134 883 sublimiores
1197 836 1252 881 et
1287 828 1729 895 excellentiores,
1780 840 2000 902 prepter

2109 834 2357 907 στέργον,
2394 836 2487 889 καὶ
2533 836 2757 905 ἐνεργὸν
2785 837 2862 902 ὡς
2911 839 3078 910 μηδὲν
3130 840 3191 892 τὸ
3246 840 3689 910 προσιστάμενον

414 922 766 976 rationalium
794 920 1051 975 Ecclesia:
1079 920 1287 975 Christi
1314 922 1499 976 ovium
1520 922 1997 988 refocillatione-m,

411 1024 463 1068 ct
499 1014 1003 1069 ecclesiasticarum
1056 1029 1241 1068 rerum
1297 1015 1777 1086 gubernationem.
1818 1017 1943 1072 llzec
1969 1034 1999 1071 e

414 1105 606 1160 diariis
634 1105 919 1177 synodicis
938 1105 1390 1160 annotationibus
1417 1107 1637 1171 emissa,
1661 1115 1718 1162 et
1749 1108 1997 1163 subscri—

414 1198 603 1264 ptione
632 1199 908 1267 signoque
944 1198 1286 1252 sanctissimi
1323 1196 1531 1251 domini
1558 1199 1736 1255 nostri
1762 1209 1816 1254 et
1846 1216 1997 1255 mru-

413 1290 610 1344 mcnici
660 1291 1009 1360 patriarchas,
1043 1291 1249 1345 domini
1303 1290 1593 1359 Mannclis,
1625 1294 1944 1347 conﬁrmata
1980 1312 1991 1347 :

411 1384 537 1437 data
557 1395 685 1438 sunt
711 1400 899 1440 mense
922 1395 971 1438 et
992 1385 1294 1438 iudieiione
1319 1384 1649 1455 subscriptis
1674 1385 1801 1440 anni
1829 1385 1992 1441 6758.

412 1472 735 1529 llalmcrunt
769 1476 893 1541 hoc,
933 1492 1123 1531 mense
1154 1475 1323 1543 Julio,
1358 1477 1661 1532 indictione
1683 1478 1737 1542 8,
1769 1493 1865 1548 per
1896 1492 1992 1547 pa-

411 1568 758 1622 triarchalem
787 1568 1143 1640 divinumque
1181 1585 1428 1637 manum,
1468 1578 1523 1626 et
1555 1570 1776 1626 solitam
1812 1570 1994 1641 plum-

410 1660 567 1714 l-eam
598 1661 822 1717 bullam.

411 1751 575 1805 τάτου
608 1752 767 1821 ἡμῶν
807 1751 1075 1807 δεσπότου
1118 1755 1215 1808 καὶ
1242 1754 1627 1825 οίκουμενικοῦ
1688 1754 2032 1826 πατριάρχου
2074 1753 2266 1825 κυρίου
2329 1756 2590 1828 Μανουὴλ
2641 1757 3035 1829 βεδαιωθέντα,

2103 928 2443 999 κεκτημένη.
2488 927 2764 1003 ΔἙττείπερ
2807 925 2939 984 οἶδει
2996 933 3028 1001 ἡ
3084 932 3377 1000 ἐγκάνονος
3436 934 3689 1004 παρατή·

2104 1037 2264 1091 ρησις
2297 1020 2439 1075 κατά
2464 1021 2755 1094 διαφόρους
2782 1025 3010 1092 καιροὺς
3039 1023 3359 1093 μεταθέσεις
3383 1024 3687 1093 γενομένας

2103 1113 2429 1185 ἀρχιερέων,
2461 1115 2779 1168 ἐπισκόπων
2822 1116 2917 1169 καὶ
2955 1116 3393 1187 μητροπολιτῶν,
3448 1117 3555 1169 οὐκ
3610 1120 3686 1180 εἰς

2105 1204 2444 1269 ίσοστασίους
2476 1205 2721 1274 θρόνους,
2759 1206 2893 1260 ἀλλὰ
2936 1224 2998 1271 γε
3029 1206 3093 1278 δὴ
3146 1208 3241 1261 καὶ
3299 1209 3376 1270 εἰς
3418 1207 3686 1276 ὑψηλοτέ-

2107 1315 2231 1369 ρους
2265 1300 2357 1350 καὶ
2382 1298 2773 1368 ὑπερέχοντας,
2805 1290 2890 1352 διᾶ
2917 1298 3294 1368 καταρτισμὸν
3317 1299 3426 1350 τῶν
3449 1297 3686 1366 λογικῶν

2102 1385 2435 1455 θρεμμάτων
2497 1390 2594 1459 τῆς
2652 1389 2978 1458 Ἐκκλησίας
3018 1388 3293 1459 Χριστοῦ,
3335 1389 3430 1442 καὶ
3483 1388 3682 1456 ἐκκλη-

2104 1478 2402 1532 σιαστικῶν
2424 1480 2766 1551 πραγμάτων
2787 1480 3139 1553 κυϐέρνησιν.
3159 1480 3342 1534 Ταῦτα
3363 1481 3684 1551 παρεκὸιη-

2104 1569 2267 1624 θέντα
2295 1571 2404 1625 ἀπὸ
2433 1574 2540 1625 τῶν
2571 1573 2896 1645 ἡμερησίων
2939 1574 3236 1627 συναδικῶν
3277 1572 3686 1646 παρασημειὼ-

2106 1680 2265 1731 σεων,
2314 1666 2410 1718 καὶ
2441 1668 2507 1737 τῇ
2534 1666 2827 1738 ὑπογραφῇ
2861 1668 2953 1721 καὶ
2996 1668 3253 1739 σφραγῖδι
3279 1668 3374 1721 τοῦ
3402 1684 3683 1734 παναγιω-

3119 1758 3351 1828 ἐπεδόθη
3403 1757 3534 1829 μηνὶ
3592 1760 3685 1811 καὶ

412 1848 743 1916 ἑπινεμήσει
796 1849 913 1912 τοῖς
975 1851 1520 1920 προγεγραμμένοις,
1569 1849 1725 1913 ἔτους
1769 1847 1972 1923 ,ς-ψνηκ
2014 1843 2142 1921 Εἶχε
2185 1849 2267 1914 τὸ,
2301 1851 2431 1921 μηνὶ
2475 1851 2679 1923 Ἰουλίῳ
2713 1852 3091 1924 ἐπινεμήσεως
3124 1852 3194 1924 η’,
3262 1853 3352 1908 διά
3420 1855 3522 1925 τῆς
3579 1870 3685 1909 πα-

412 1938 743 2012 τριαρχικῆς
772 1939 870 1993 καὶ
923 1940 1079 2004 θείας,
1114 1942 1317 2013 χειρὸς,
1363 1941 1459 1995 καὶ
1509 1942 1610 2011 τὴν
1651 1941 1854 2012 συνήθη
1897 1940 2207 2014 μολιϐδίνην
2231 1940 2479 2013 βοῦλλαν.

841 2057 931 2112 lll.
983 2057 1060 2113 De
1076 2059 1201 2128 jure
1227 2067 1566 2128 patronatus.

484 2150 849 2206 Moderationi
904 2162 1110 2207 nostra:
1146 2161 1169 2191 ι
1224 2154 1459 2208 relatum
1512 2164 1597 2210 est
1654 2168 1684 2208 a
1744 2154 1998 2226 piissimo

414 2243 675 2314 episeopo
710 2243 1004 2299 Dominico
1054 2244 1351 2311 Demetrio,
1409 2248 1505 2315 qui
1555 2248 1657 2301 sub
1715 2246 1995 2317 provincia

413 2339 825 2409 metropolitani
852 2337 1137 2408 Larissaei,
1165 2355 1262 2396 eos
1296 2340 1507 2411 quijus
1535 2339 1878 2398 fundatiouis
1913 2355 1998 2396 re-

414 2437 617 2485 vocant
653 2443 679 2472 ι
718 2432 771 2485 iu
801 2432 1164 2498 monasterio,
1216 2431 1367 2503 quod
1414 2433 1483 2488 ab
1524 2434 1685 2488 initio
1724 2433 1829 2489 sub
1878 2432 1997 2503 ejus

415 2521 672 2591 cpiscope
722 2521 848 2586 fuit,
885 2527 1068 2594 magni
1098 2524 1242 2581 inter
1275 2535 1500 2583 sanctos
1530 2527 1788 2598 martyris
1809 2526 2001 2581 Deme-

420 2614 531 2681 trii,
581 2612 882 2670 Procovico
932 2615 1318 2686 indigenarum
1363 2619 1552 2688 lingua
1586 2619 1997 2690 cognominata,

417 2705 706 2777 cupientes
743 2708 965 2778 quidem
1007 2709 1324 2780 liujusmodi
1353 2712 1749 2768 monasterium
1769 2712 1825 2766 in
1843 2725 1999 2767 suam

419 2807 751 2870 potestatem
800 2801 1078 2872 redigere,
1104 2813 1157 2858 et
1183 2805 1526 2862 consecratis
1574 2807 1657 2863 eis
1716 2806 1883 2863 rebus
1942 2813 2001 2860 ut

416 2893 661 2964 propriis
688 2894 788 2960 uti,
820 2895 918 2951 sed
947 2912 1050 2967 per
1078 2898 1405 2968 praedictum
1438 2900 1754 2971 episcopum
1791 2915 1879 2966 co,
1908 2898 2002 2968 qui

418 2978 625 3058 praeter
679 2988 951 3044 rationem
1000 2998 1142 3057 erat,
1202 2991 1413 3062 impetu
1462 2992 1747 3060 inhibitos,
1788 3000 1844 3049 et
1892 3002 2001 3049 non

420 3080 547 3134 data
601 3078 860 3135 facultate
907 3080 1225 3151 hujusmodi
1261 3084 1563 3141 absurdum
1620 3088 1997 3158 perpelrandi,

421 3171 489 3227 ad
520 3172 781 3228 ultionem
803 3172 925 3243 ejus
962 3176 1217 3231 videlicet
1246 3178 1541 3244 excitatos,
1564 3180 1826 3250 templum
1854 3180 2002 3235 aliud

421 3273 711 3321 exstruere
731 3266 918 3321 conari
950 3267 1053 3323 sub
1096 3270 1458 3339 patriarchali
1517 3272 1867 3343 stauropegio
1899 3290 1915 3327 :
1949 3279 2004 3327 et

421 3356 492 3412 ab
525 3348 823 3430 episcOpali
878 3360 1222 3416 monasterio
1290 3363 1552 3421 divellere
1599 3367 1999 3436 possessiones,

422 3465 544 3520 qua:
573 3465 601 3503 a
636 3450 941 3520 majoribus
974 3467 1192 3519 eorum,
1252 3463 1349 3509 aut
1408 3457 1740 3526 quibusdam
1794 3457 1999 3514 Christi

422 3540 739 3596 amantibus
762 3544 1012 3614 cognatis
1046 3544 1289 3611 illorum,
1314 3548 1363 3603 ei
1402 3549 1624 3604 tributae
1653 3558 1783 3605 sunt
1816 3568 1831 3605 :
1865 3558 2001 3607 tem-

424 3634 514 3704 plo
546 3640 727 3687 autem
757 3633 826 3688 ab
848 3634 928 3690 eis
956 3636 1059 3690 sub
1085 3638 1435 3706 patriarcbali
1466 3655 1633 3696 cruce
1669 3643 2002 3699 exstruendo

421 3739 776 3780 consecrare.
805 3722 1003 3780 Nostra
1035 3726 1199 3798 igitur
1226 3729 1524 3788 moderatio
1544 3733 1786 3803 iniquam
1804 3734 2001 3805 hujus-

425 3815 574 3870 modi
624 3816 871 3887 ipsorum
931 3820 1322 3888 cogitationem
1374 3823 1643 3882 radicitus
1680 3826 2002 3883 exscindere

426 3909 633 3975 volens,
666 3916 724 3963 ut
752 3912 928 3965 sacris
951 3914 1258 3970 canonibus
1274 3916 1421 3971 omni
1451 3919 1608 3972 modo
1642 3920 1996 3990 prohibitam,

422 4018 534 4072 per
593 4010 900 4073 praesentes
945 4021 1077 4061 suas
1133 4007 1344 4065 litteras
1386 4010 1597 4078 deﬁnit,
1643 4029 2004 4085 quascunque

430 4096 843 4163 possessiones,
866 4098 949 4153 vel
988 4114 1098 4165 res,
1132 4102 1433 4172 episcopali
1463 4105 1799 4177 monasterio
1825 4111 2003 4161 sancti

426 4186 685 4242 Demetrii
724 4202 945 4259 semper
979 4192 1048 4244 ab
1080 4205 1147 4246 eo
1177 4192 1485 4249 iudi‘vulsas
1512 4194 1540 4234 ιι
1561 4210 1809 4263 manere,
1838 4196 2006 4268 idque

436 4277 507 4334 ab
524 4279 786 4351 episcopo
810 4279 1103 4337 Dominieo
1121 4283 1528 4350 administrari,
1559 4300 1615 4342 et
1646 4289 2005 4359 spiritualiter

427 4372 590 4444 dirigi
611 4373 685 4428 ι’.
720 4374 833 4430 Nec
873 4376 1021 4431 enim
1066 4376 1517 4443 aediﬁcatoribus,
1544 4397 1724 4448 neque
1757 4383 1852 4437 alii
1883 4384 2005 4438 cui-

426 4479 591 4536 quam
624 4466 755 4523 licet
786 4468 855 4522 ab
886 4469 1191 4539 epiSCOpali
1240 4475 1576 4528 monasterio
1621 4476 2005 4545 possessiones

427 4557 714 4625 divellere,
755 4575 965 4631 easque
1017 4561 1373 4631 patriarchali
1404 4566 1742 4622 monasterio
1769 4569 1852 4623 vel
1876 4583 2003 4622 ora-

428 4654 572 4709 torio
585 4654 795 4726 templo
817 4654 943 4726 jure
962 4656 1316 4728 pr0prietatis
1338 4659 1600 4716 tribuere.
1627 4660 1782 4728 Quod
1806 4665 1853 4718 si
1880 4664 2004 4734 quis

2131 2135 2134 2138 ῃ
2360 2062 2437 2119 1".
2471 2062 2608 2131 Περὶ
2635 2061 3051 2131 οίκτητορικοῦ
3084 2061 3127 2095 ³⁸
3159 2061 3422 2117 δικαίου.

2184 2155 2482 2228 Ἀνηνέχθη
2512 2159 2579 2227 τῇ
2611 2155 2769 2227 ήμῶν
2803 2156 3121 2227 μετριότητι
3154 2154 3306 2225 παρὰ
3327 2151 3424 2208 τοῦ
3453 2153 3560 2208 ὑπὸ
3581 2154 3677 2228 τὴν

2098 2246 2370 2317 ἐπαρχίαν
2403 2249 2502 2317 τῆς
2535 2245 2924 2318 μητροπόλεως
2956 2247 3239 2318 Λαρίσσης
3261 2244 3675 2313 θεοφιλεστάτου

2098 2336 2399 2388 ἐπισκόπου
2433 2334 2722 2405 Δομινίκου
2747 2336 3087 2407 Δημητρίου,
3122 2334 3197 2399 ὡς
3227 2335 3610 2407 οίκτητορικδν
3636 2336 3679 2369 ³⁸

2099 2424 2308 2479 δίκαιον
2361 2425 2798 2496 ἀνακαλούμενοι
2843 2428 2901 2480 ἐν
2937 2425 3016 2496 τῷ
3067 2426 3173 2479 ὑπὸ
3228 2426 3328 2498 την
3372 2427 3679 2498 ἐπισκοπὴν

2100 2515 2267 2569 αὐτοῦ
2302 2516 2547 2570 τελοῦντι
2579 2517 2844 2571 ἀνέκαθεν
2895 2517 3250 2588 μοναστηρίῳ
3276 2517 3370 2570 τοῦ
3416 2520 3475 2571 ἐν
3508 2519 3679 2587 ἁγίοις

2105 2605 2591 2678 μεγαλομάρτυρος
2612 2606 2952 2678 Δημητρίου,
2976 2605 3055 2676 τῷ
3077 2608 3118 2659 Il
3127 2605 3679 2678 ροκοόίκῳέγχωρίως

2103 2698 2563 2769 ἐπονομαζομένῳ
2588 2713 2602 2727 ο
2635 2697 2957 2768 ὀρεγόμενοι
2980 2685 3086 2767 μὲν
3120 2696 3566 2763 κατεξουσιάζειν
3593 2699 3678 2751 τέ-

2102 2789 2354 2860 λεοντῆς
2412 2789 2670 2861 τοιαύτης
2716 2789 2909 2862 μονῆς,
2962 2790 3056 2843 καὶ
3116 2792 3228 2854 τοῖς
3279 2791 3679 2861 ἀφιερωμὲνοις

2105 2886 2243 2957 αὐτῇ
2271 2884 2594 2957 πράγμασιν
2625 2884 2700 2948 ὡς
2734 2885 2955 2948 οἰκείοις
3005 2883 3267 2956 χρῆσθαι,
3292 2888 3393 2957 τῆς
3415 2884 3473 2939 δέ
3505 2903 3679 2958 παραι-

2103 2978 2264 3047 λόγου
2292 2978 2500 3049 ταύτης
2523 2978 2701 3050 ὁρμῆς
2748 2977 2902 3047 παρά
2943 2977 3039 3032 τοῦ
3088 2978 3348 3049 ῥηθέντος
3375 2979 3676 3033 ἐπισκόπου

2105 3071 2562 3141 ἀνακοπτόμενοι,
2615 3072 2710 3125 καί¹
2762 3070 2838 3141 μὴ
2882 3070 3292 3142 ἐγχωρούμενοι
3329 3070 3393 3124 τὸ
3442 3070 3678 3125 τοιοῦτον

2106 3163 2305 3218 ἄτοπον
2331 3163 2786 3235 διαπράττεσθαι,
2824 3165 2905 3226 είς
2944 3165 3164 3233 ἄμυναν
3192 3163 3383 3217 τούτου
3417 3163 3575 3234 δῆθεν
3600 3164 3678 3218 δι-

2107 3257 2469 3328 εγειρόμενοι,
2520 3255 2817 3327 πειρῶνται
2865 3256 3053 3326 ἕτερον
3096 3256 3380 3327 ἀνεγεῖραι
3409 3256 3535 3308 ναὸν
3586 3255 3676 3307 ἐπὶ

2110 3349 2497 3423 σταυροπηγίῳ
2526 3349 2935 3420 πατριαρχικῷ,
2973 3349 3068 3402 καὶ
3103 3348 3425 3402 ἀποσπᾶσαι
3460 3348 3562 3400 ἀπὸ
3585 3346 3676 3400 τοῦ

2110 3444 2303 3496 ἐπισκο
2315 3441 2469 3496 πικοῦ
2492 3441 2857 3512 μοναστηρίου
2881 3442 2948 3494 τὰ
2968 3442 3119 3511 παρὰ
3136 3441 3244 3494 τῶν
3273 3440 3554 3511 προγόνων
3587 3440 3677 3494 αὒ-

2110 3537 2243 3602 τῶν,
2269 3536 2303 3607 ἦ
2335 3553 2498 3590 τινων
2530 3534 2850 3606 προσγενῶν
2870 3534 3050 3588 αὐτῶν
3082 3534 3465 3604 φιλοχρίστων,
3515 3549 3675 3605 προσ-

2109 3630 2426 3700 κυρωθέντα
2469 3629 2607 3700 αὐτῇ
2655 3629 2951 3698 κτήματα·
3005 3628 3314 3698 ἀφιερῶσαι
3342 3627 3388 3680 δ’
3445 3626 3580 3680 αὐτὰ
3602 3623 3677 3695 τῷ

2112 3723 2244 3796 παρ’
2278 3722 2457 3778 αὐτῶν
2488 3723 2583 3775 ἐπὶ
2608 3721 3002 3793 σταυροπηγίῳ
3040 3721 3431 3793 πατριαρχικῷ
3463 3723 3680 3791 ἀνεγερ-

2110 3814 2399 3886 θησομένῳ
2420 3812 2554 3882 ναῷ.
2595 3812 2661 3866 Ἦ
2680 3812 2814 3881 γοῦν
2845 3812 3138 3883 μετριότης
3169 3815 3325 3883 ἡμῶν
3353 3813 3414 3866 τὺ
3442 3813 3676 3866 τοιοῦτον

2111 3905 2291 3959 αὐτῶν
2352 3904 2979 3977 παράλογονδιανόημα
3033 3903 3332 3976 πρόρριζον
3390 3907 3678 3975 ἀποτεμεῖν

2113 3998 2437 4071 βουλομένη,
2471 3998 2548 4061 ὡς
2597 4001 2710 4061 τοῖς
2760 3999 2927 4069 ἱεροῖς
2974 3998 3196 4051 κανόσιν
3234 3998 3678 4068 ἀπηγορευμένον

2115 4092 2449 4155 παντάπασι,
2483 4090 2778 4162 διορίζεται
2799 4090 2887 4145 διὰ
2907 4089 2999 4146 τοῦ
3026 4091 3293 4160 παρόντος
3319 4091 3487 4162 αὐτῆς
3510 4091 3682 4161 γράμ-

2117 4204 2286 4257 ματος
2314 4185 2715 4239 ἁναπόσπαστα
2759 4183 2923 4256 μέχρι
2961 4185 3162 4247 παντὸς
3217 4184 3399 4254 μένειν
3439 4185 3588 4255 παρὰ
3616 4184 3675 4253 τῇ

2113 4280 2442 4351 ὲπισκοπικῇ
2474 4280 2613 4349 μονῇ
2650 4276 2744 4332 τοῦ
2769 4278 2928 4346 ἁγίου
2970 4277 3287 4349 Δημητρίου
3316 4278 3386 4330 τὰ
3415 4278 3677 4347 προσόντα

2113 4372 2252 4443 αὐτῇ
2286 4371 2513 4442 όποιαδή
2562 4388 2687 4425 τινα
2718 4372 2977 4441 κτήματά
3004 4388 3062 4424 τε
3087 4372 3181 4424 καὶ
3216 4371 3525 4441 πράγματα
3549 4387 3561 4400 ·
3594 4371 3679 4421 καὶ

2115 4466 2266 4532 παρὰ
2291 4461 2385 4516 τοῦ
2418 4464 2722 4516 ἐπισκόπου
2757 4461 3048 4531 Δομινίκου
3082 4461 3429 4531 διεξάγεσθαι
3460 4459 3676 4531 ταὲτην,

2114 4556 2207 4608 καὶ
2238 4556 2623 4625 πνευματικῶς
2654 4555 3014 4609 διῖθύνεσθαι.
3043 4554 3181 4609 Οὔτε
3229 4557 3336 4626 γὰρ
3374 4557 3487 4617 τοῖς
3525 4554 3681 4623 δομή-

2113 4666 2317 4720 τορσιν,
2375 4649 2490 4702 οὗθ’
2534 4650 2704 4719 ἑτέρῳ
2739 4650 2847 4702 τινὶ
2902 4649 3110 4716 ἔξεστιν
3161 4650 3269 4705 ἀπὸ
3322 4646 3677 4713 ἐπισκοπικῆς

430 4746 827 4801 monasterium
856 4749 1277 4804 veloratorium
1335 4759 1550 4822 septum
1607 4753 1716 4808 sub
1769 4758 2000 4826 patriar-

2118 4741 2286 4811 μονῆς
2341 4741 2599 4812 ἀποσπᾷν
2648 4742 2928 4811 κτήματα,
2968 4741 3063 4794 καὶ
3130 4743 3478 4810 προσκνλροῦν
3516 4739 3679 4792 ταῦτα

427 4839 573 4907 chali
594 4849 615 4878 ο
644 4843 999 4914 stauropegio
1022 4853 1307 4899 exstruere
1339 4844 1487 4910 velit,
1507 4861 1536 4901 a
1555 4848 1771 4905 nemine
1786 4850 2005 4920 quidem

430 4926 821 5002 prohibebitur
849 4952 863 4990 :
892 4935 1049 5005 prius
1082 4942 1268 4992 tamen
1291 4937 1341 4993 ei
1365 4942 1751 5008 possessiones
1780 4956 1844 4999 ex
1878 4959 2007 5013 pro-

434 5022 569 5091 priis
631 5023 907 5093 assignari
969 5035 1154 5083 curet.
1213 5026 1364 5092 Quas
1420 5030 1566 5084 enim
1627 5035 2006 5102 possessiones

431 5112 741 5182 episcopale
796 5117 1193 5171 monasterium
1249 5118 1435 5184 habet,
1470 5120 1540 5175 ab
1583 5136 1650 5176 eo
1690 5121 1873 5178 divelli
1907 5126 2005 5195 (ut

432 5206 643 5258 dictum
680 5210 806 5273 est)
839 5207 994 5260 nullo
1040 5223 1301 5280 umquam
1331 5218 1578 5281 tempore
1625 5222 1901 5284 poterunt.
1942 5214 2005 5268 Et

432 5294 549 5351 haec
585 5294 806 5366 quidem
837 5296 903 5351 de
933 5312 1021 5353 eo.

2118 4834 2494 4903 πατριαρχικῇ
2533 4834 2693 4903 μονῇ,
2729 4832 2761 4903 ἦ
2803 4832 3082 4903 εὐκτηρίῳ
3105 4830 3239 4903 ναῷ.
3274 4832 3336 4884 Ei
3365 4831 3421 4884 δέ
3454 4849 3535 4893 τις
3568 4829 3679 4898 βού-

2110 4926 2261 4978 λεται
2291 4926 2571 4994 ἀνεγεῖραι
2610 4923 2833 4995 μονὴνῆ
2869 4926 3160 4995 εὐκτὴριον
3191 4925 3358 4996 σηκὸν
3389 4926 3480 4977 ἐπὶ
3519 4941 3677 4977 σταυ-

2113 5018 2363 5089 ροπηγίῳ
2398 5015 2803 5087 πατριαρχικῷ,
2837 5017 2918 5080 είς
2942 5017 3042 5086 μὲν
3072 5017 3261 5069 τούτου
3304 5017 3589 5086 ἀνέγερσιν
3620 5014 3673 5066 οὐ

2110 5110 2485 5179 κωλυθήσεται
2532 5109 2687 5179 παρὰ
2718 5125 2901 5173 τινος·
2946 5109 3291 5178 φροντισὰτω
3340 5109 3397 5161 δὲ
3428 5109 3675 5178 πρότερον

2115 5203 2512 5273 προσκυριῖρσαι
2541 5200 2691 5271 αὐτῷ
2727 5204 2985 5273 κτήματα
3032 5201 3143 5256 ἀπὸ
3186 5201 3294 5254 τῶν
3336 5201 3571 5255 οἰκείων.
3602 5200 3673 5251 Τὰ

2115 5297 2224 5366 γὰρ
2255 5300 2318 5365 τῇ
2350 5297 2683 5366 ἐπισκοπικῇ
2706 5296 2841 5365 μονῇ
2870 5294 3143 5364 προσόντα
3175 5296 3455 5363 κτήματα,
3486 5294 3675 5348 ἀναπό-

2118 5406 2335 5442 σπαστα
2363 5388 2493 5460 παρ’
2524 5389 2686 5459 αὐτῇ,
2716 5387 2790 5451 ὠς
2819 5386 3059 5458 εἴρηται,
3100 5388 3158 5450 ἐς
3190 5388 3251 5439 τὸ
3280 5386 3525 5458 διηνεκὲς
3544 5388 3676 5441 ἔσον-

2117 5499 2228 5535 ται.
2258 5483 2369 5537 Καὶ
2392 5482 2562 5534 ταῦτα
2602 5482 2701 5550 μὲν
2743 5480 2871 5551 περὶ
2888 5478 3103 5534 τούτου.

1707 5611 1945 5670 ῩΑΒΙΑΞ
1988 5614 2396 5674 LECTIONES.

522 5695 570 5727 “
602 5696 953 5771 κτητορικοῦ.
1001 5700 1077 5783 ,³³
1107 5702 1456 5776 κτητορλκόν.

505 5808 961 5906 ἱερέως-ἕξιςτέ
983 5828 1011 5859 α
1041 5829 1304 5890 repetant.
1340 5820 1368 5859 δ
1395 5823 1539 5894 ιη)αά
1559 5824 1855 5896 episcopale
1889 5829 2272 5885 monasterium
2303 5827 2366 5888 S.
2404 5827 2660 5887 Demetrii
2689 5845 2895 5902 semper
2922 5827 3242 5890 indicabas.
3306 5831 3360 5875 δ’
3377 5828 3667 5906 gubernari.

428 5890 454 5920 ⁸
487 5886 776 5939 oratoriam
800 5886 986 5942 edem.
