3950 6572
322 312 434 378 827

1598 318 2161 387 GRiECO-ROMAN
2172 328 2301 389 UM.

3475 342 3580 410 818

414 428 642 482 Ἕπεὶὸἐ
673 429 926 501 καὶπερὶ
966 431 1161 502 ἐτέρας
1212 435 1381 505 μονῆς
1423 432 1666 505 ἀρχῆθεν
1713 432 1900 500 διαφε-

2079 433 2213 491 Cum
2241 444 2425 493 autem
2459 448 2508 495 et
2535 440 2604 496 de
2633 442 2745 498 alio
2776 446 3117 503 monasterio
3168 450 3481 521 pertinente
3513 460 3582 515 ab

327 522 530 591 ρούσης
557 524 624 594 τῇ
662 523 758 577 τοῦ
792 524 1082 594 Δομινίκου
1130 527 1430 599 ἐπισκοπῇ,
1476 530 1558 591 εἰς
1604 529 1907 599 Κρομποὺς

326 614 433 681 μὲν
458 611 647 686 οὔσης,
688 617 774 670 ἐπ’
795 617 1021 689 ὀνόματι
1050 618 1106 672 δέ
1137 619 1244 673 τῶν
1273 620 1447 690 ἁγίων
1477 621 1729 692 μεγάλων
1763 639 1907 693 μαρ-

319 707 506 778 τύρων
532 707 827 778 Θεοδώρων
857 712 1177 781 τιμωμένης
1231 712 1464 784 ἀνέφερε
1507 716 1573 785 τῇ
1608 713 1764 784 ἡμῶν
1811 732 1906 786 με-

318 802 568 871 τριότητι
601 804 629 855 ὁ
658 803 821 867 αὐτὸς
850 804 1168 872 ἐπίσκοπος,
1197 804 1274 868 ὡς
1302 806 1529 875 φθάσειε
1573 807 1669 861 καὶ
1695 808 1905 878 ταύτην

318 893 348 944 ὁ
383 892 654 962 δεσπότης
682 895 888 958 ἐκεῖνος
942 896 1133 967 κύριος
1190 898 1450 970 Μανουὴλ
1494 900 1775 955 ὑποθεῖναι
1824 903 1905 965 εἰς

322 985 579 1054 μετόχιον
609 987 676 1056 τῇ
711 988 768 1038 ἐν
809 987 888 1059 τῷ
939 987 1141 1057 θέματι
1190 989 1301 1043 τῶν
1339 992 1581 1061 Σερὸίων
1636 1010 1907 1066 πατριαρ-

318 1076 454 1144 χικῇ
492 1077 629 1145 μονῇ
660 1074 765 1128 τῶν
786 1077 958 1144 ἁγίων
988 1077 1285 1151 Θεοδώρων
1307 1095 1321 1111 ·
1373 1085 1425 1135 οἱ
1455 1081 1512 1135 δὲ
1537 1085 1765 1155 μοναχοὶ
1805 1082 1905 1156 τῆς

315 1166 584 1232 τοιαύτης
617 1170 1025 1241 πατριαρχικῆς
1072 1172 1264 1243 μονῆς,
1296 1172 1392 1228 τοῦ
1436 1174 1741 1230 ἐπισκόπου
1773 1193 1907 1230 κατ-

314 1256 868 1329 εξανιστάμενοι,καὶ
900 1262 998 1333 τὴν
1025 1264 1190 1318 αὐιτοῦ
1219 1267 1646 1338 ἀπαναινόμενοι
1670 1268 1906 1340 ποίμαν-

315 1366 431 1415 σιν,
464 1351 568 1418 τὴν
598 1352 697 1420 μὲν
721 1353 999 1425 ἀναφορὰν
1028 1355 1194 1408 αὐτοῦ
1229 1356 1337 1410 ἀπὸ
1362 1358 1457 1411 τοῦ
1505 1359 1761 1430 ῥηθέντος
1792 1363 1906 1415 ἐπι·

317 1441 594 1495 σκοπικοῦ
623 1447 1015 1516 μοναστηρίου,
1033 1449 1127 1502 τοῦ
1147 1452 1226 1513 εἰς
1249 1452 1518 1522 μετόχιον,
1551 1454 1626 1518 ὡς
1660 1453 1900 1526 εἴρηται,

313 1531 636 1598 ἐκδοθέντος
668 1537 871 1604 αὐτοῖς,
902 1539 1086 1593 τέλεον
1117 1539 1418 1612 ἐξώθησαν,
1452 1545 1550 1616 τὴν
1577 1563 1905 1619 πατριαρχι-

314 1621 422 1693 κὴν
440 1623 500 1676 δὲ
528 1629 948 1699 ἀντεισήγαγον·
969 1636 1063 1687 καί
1088 1634 1150 1689 τὸ
1177 1637 1419 1691 τοιοῦτον
1445 1638 1521 1702 ὼς
1554 1632 1904 1699 ἀκανόνιστον

316 1714 507 1788 πάντη
529 1719 869 1790 ἀπείργουσα
898 1727 930 1794 ὴ
961 1729 1256 1799 μετριότης
1277 1732 1452 1802 ἡμῶν,
1486 1733 1800 1805 διορίζεται,
1825 1735 1902 1802 ὡς

312 1808 413 1861 ἐὰν
447 1810 591 1878 (ὼςό
620 1814 919 1881 ἐπίσκοπος
954 1819 1245 1893 ἀνήνεγκε)
1278 1825 1384 1895 πρὸ
1416 1825 1510 1878 τοῦ
1536 1829 1615 1892 εἰς
1651 1831 1900 1901 μετόχιον

313 1900 658 1974 ὑπερτεθῆναι
676 1911 741 1979 τῇ
763 1907 1075 1983 πατριαίρχῇ
1105 1919 1263 1987 μονῇ,
1298 1918 1357 1971 τδ
1375 1920 1454 1983 εἰς
1473 1900 1791 1992 Κρομποὺς
1809 1943 1905 1996 μο-

312 1998 622 2068 ναστήριον
648 2001 1005 2059 ἐπισκοπικὺν
1039 2003 1129 2078 ἦν,
1154 2009 1250 2062 καὶ
1289 2012 1441 2082 παρά
1482 2013 1576 2066 τοῦ
1614 2016 1755 2069 κατὰ
1782 2036 1904 2072 και-

318 2088 454 2153 pob;
477 2092 780 2148 ἐπισκόπου
797 2104 864 2149 Δο
872 2116 962 2168 μιν
973 2099 1085 2152 ίκου
1099 2100 1398 2173 διεξήγετο,
1419 2105 1506 2159 ἵνα
1524 2106 1621 2177 ἔχῃ
1641 2110 1732 2162 καὶ
1747 2107 1904 2176 αὖθις

312 2181 341 2231 ό
358 2179 672 2247 ἐπίσκοπος
686 2185 784 2256 τὴν
801 2190 1009 2243 οἰκείαν
1027 2192 1305 2272 ἀναφορὰν
1322 2198 1377 2248 ἐν
1393 2197 1562 2268 αὐτῷ,
1585 2200 1659 2262 ὠς
1681 2203 1906 2272 γνήσιος

310 2270 639 2345 ἀρχιερεύς.
669 2274 728 2331 '0
759 2281 868 2352 γὰρ
888 2266 1204 2349 ἐκδεδωκὼς
1221 2287 1379 2342 τοῦτο
1402 2266 1523 2354 τοῖς.
1547 2266 1801 2364 μοναχοῖς
1821 2297 1903 2360 εἰς

314 2365 600 2436 μετόχιον,
625 2369 722 2440 τὴν
749 2389 853 2444 χρη
864 2377 1098 2448 ματικὴν
1122 2379 1290 2449 μόνην
1317 2381 1634 2439 δεσποτείαν
1655 2388 1903 2442 ἐκδοῦναι

310 2457 578 2526 ἠδύνατο,
601 2465 660 2516 οὗ
688 2466 794 2536 μὴν
828 2467 999 2522 δὲκαὶ
1027 2471 1129 2542 τὴν
1159 2477 1537 2549 πνευματικὴν
1557 2479 1652 2532 τοῦ
1682 2483 1906 2536 ἐπισκό-

312 2565 422 2603 που
446 2553 752 2625 ἀναφορὰν,
777 2559 870 2611 καὶ
892 2560 990 2631 τὴν
1013 2563 1122 2617 τῶν
1138 2563 1388 2635 ψυχικῶν
1414 2569 1748 2641 σφαλμάτων
1772 2574 1904 2628 ἀνά-

311 2658 527 2711 κρισιν.
556 2649 794 2704 Ἐσεῖται
823 2653 1002 2725 γοῢνὴ
1036 2657 1265 2726 ρηθείσα
1287 2660 1395 2713 τῶν
1415 2662 1584 2730 ἁγίων
1610 2663 1903 2737 Θεοδὼρων

314 2736 461 2830 porri;
475 2739 509 2808 ἠ
527 2740 606 2803 είς
621 2743 921 2812 Κρομποὺς
939 2746 1280 2821 διακειμένη,
1298 2754 1404 2806 ὑπὸ
1414 2754 1513 2826 τὴν
1533 2736 1902 2830 ἐπισκοπικὴν

312 2826 580 2892 ἐξουσίαν
616 2835 709 2887 καὶ
750 2836 1016 2909 διοίκησιν
1042 2857 1055 2871 ⁸
1109 2844 1159 2895 εἰ
1213 2845 1287 2914 μή
1331 2863 1448 2910 πως
1509 2848 1815 2919 δυνηθῶσιν
1850 2826 1900 2907 οἰ

309 2919 420 2989 τῆς
455 2930 867 2998 πατριαρχικῆς
902 2932 1072 3003 μονῆς
1110 2937 1337 3006 μοναχοὶ
1379 2938 1549 3005 δεῖξαι
1596 2941 1676 3006 ὡς
1714 2944 1903 2998 καὶτὸ

311 3011 567 3067 τοιοῦτον
612 3020 977 3092 μοναστήριον
1036 3025 1313 3098 ἀνηγέρθη
1360 3029 1453 3084 ἐπὶ
1509 3036 1900 3107 σταυροπηγίῳ

2010 527 2169 583 initio
2205 528 2272 584 ad
2304 529 2576 589 Dominici
2624 535 2943 607 episcopen,
2988 538 3043 594 in
3075 539 3329 614 Crompis
3357 550 3578 616 quidem

2007 621 2329 689 cxsistente,
2392 635 2589 681 ornato
2646 642 2828 685 autem
2889 641 3207 687 sanctorum
3260 653 3581 708 magnorum

2010 724 2311 787 martyrum
2341 716 2689 775 Theodorum
2718 722 2962 789 nomine,
2987 726 3350 783 mediocritati
3380 741 3584 788 nostra:

2008 807 2150 861 idem
2186 811 2482 882 episcopus
2513 814 2785 882 retulerit,
2828 816 3019 870 herum
3057 819 3209 872 illum
3242 820 3269 861 ά
3298 822 3579 879 dominum

2009 899 2312 957 Manuelem
2365 902 2471 959 hoc
2512 905 2814 974 subjecisse
2862 910 2915 962 in
2967 910 3303 965 metochium
3346 915 3584 983 patriar—

2006 991 2149 1047 cltali
2173 996 2507 1051 monasterio
2528 985 2847 1054 sanctorqu
2874 1000 3308 1071 Theodororum,
3327 1007 3468 1074 quod
3499 1017 3583 1060 est

2007 1079 2063 1135 in
2117 1082 2432 1139 Serviorutn
2489 1089 2769 1157 provincia
2801 1106 2815 1143 :
2846 1091 3149 1146 monachos
3200 1102 3379 1146 autem
3432 1092 3582 1147 illius

2005 1177 2396 1248 patriarchalis
2413 1182 2734 1238 monasterii
2767 1183 2823 1238 in
2856 1185 3176 1255 episcopum
3210 1186 3580 1255 insurgentes,

2004 1270 2235 1340 ejusque
2261 1273 2574 1341 passionem
2610 1285 2905 1334 renuentes
2937 1290 2983 1344 ο,
3013 1280 3339 1336 relationem
3360 1281 3579 1351 quidem

2006 1362 2125 1433 ejus
2156 1379 2186 1417 a
2218 1365 2485 1434 praedicto
2537 1370 2844 1438 episcopali
2901 1373 3262 1438 monasterio,
3319 1374 3456 1444 ipsis
3485 1375 3583 1443 (ut

2005 1455 2216 1510 dictum
2252 1459 2378 1529 est)
2407 1459 2462 1513 in
2497 1462 2838 1516 metochium
2869 1478 3153 1531 concesso,
3188 1466 3408 1522 tandem
3443 1469 3584 1538 reje~

2006 1547 2183 1610 cisse;
2218 1551 2645 1619 patriarcltalem
2700 1563 2883 1609 autem
2920 1572 3020 1626 pro
3061 1573 3126 1611 ea
3158 1559 3536 1616 introduxisse
3566 1579 3581 1614 :

2007 1654 2122 1692 rem
2171 1640 2509 1710 hujusmodi,
2554 1654 2613 1698 ut
2642 1647 2954 1703 canonibus
3004 1649 3411 1716 adversantem,
3465 1666 3584 1707 om-

2009 1732 2140 1787 nino
2180 1734 2479 1802 prohibens
2529 1747 2720 1792 nostra
2787 1741 3091 1795 moderatio
3145 1741 3359 1808 definit,
3403 1743 3447 1799 si
3484 1744 3585 1813 (ut

2009 1827 2300 1897 cpiscopus
2329 1830 2549 1900 retulit)
2578 1833 2942 1903 Cromporum
2975 1837 3393 1899 monasterium,
3427 1848 3585 1891 ante-

2007 1937 2168 1990 quam
2195 1922 2252 1976 in
2296 1924 2633 1979 metocbinm
2669 1928 3026 1993 patriarchali
3063 1930 3431 1999 subjiceretur
3466 1947 3581 1984 uto-

2006 2015 2275 2081 nasterio,
2299 2016 2613 2087 episcopale
2642 2019 2768 2083 fuit,
2797 2028 2851 2074 et
2876 2021 2943 2076 ab
2979 2020 3127 2077 illius
3171 2024 3439 2093 temporis
3476 2025 3580 2078 Do-

2007 2108 2210 2163 minico
2295 2110 2634 2179 regebatur;
2706 2113 2904 2167 habeat
2983 2130 3203 2169 rursum
3286 2116 3581 2185 episcopus

2007 2200 2287 2270 propriam
2327 2200 2381 2255 in
2411 2217 2477 2256 eo
2512 2203 2856 2271 relationem,
2891 2213 3078 2274 utpote
3127 2206 3406 2276 legitimus
3440 2209 3579 2262 anti-

2007 2296 2140 2346 stes.
2170 2288 2308 2345 Nam
2342 2294 2435 2362 qui
2470 2294 2602 2349 illud
2638 2297 2929 2352 monachis
2961 2298 3015 2351 in
3052 2300 3384 2355 metochium
3419 2300 3438 2339 ι
3467 2301 3578 2355 lar-

2007 2382 2155 2451 gitus
2187 2392 2293 2448 est,
2350 2386 2733 2453 pecuniarium
2787 2390 2962 2443 solum
2997 2390 3303 2446 dominium
3340 2391 3581 2448 tribuere

2010 2474 2206 2543 potuit,
2245 2489 2356 2529 non
2390 2484 2573 2532 autem
2617 2480 2919 2549 spiritalem
2950 2484 3197 2553 episc0pi
3234 2485 3577 2551 relationem,

2006 2571 2060 2617 et
2093 2564 2410 2618 animalium
2463 2580 2817 2637 peccatorum
2878 2573 3254 2642 cognitionem
3282 2576 3328 2626 8.
3375 2574 3578 2630 Praedi-

2006 2663 2151 2707 ctum
2181 2654 2343 2723 igitur
2374 2664 2692 2710 sanctorum
2729 2657 3142 2714 Theodororum
3182 2662 3578 2717 monasterium

2007 2745 2060 2799 in
2099 2745 2351 2817 Crompis
2386 2748 2578 2815 situm,
2613 2752 2718 2806 sub
2748 2752 3044 2823 episcopali
3078 2761 3350 2823 potestate
3398 2762 3453 2809 ct
3483 2755 3578 2811 ad-

2007 2835 2413 2893 ministratione
2447 2839 2753 2895 dimittetur
2786 2858 2800 2896 :
2837 2843 2945 2897 nisi
2984 2845 3370 2913 patriarchicae
3422 2861 3579 2900 man-

2006 2927 2182 2983 sionis
2206 2931 2459 2985 monachi
2490 2934 2784 2988 ostendere
2809 2937 3104 3002 potuerint,
3151 2938 3259 2991 tale
3299 2947 3579 2995 monaste-

2005 3014 2147 3075 rium
2175 3022 2277 3076 sub
2298 3038 2459 3077 crure
2481 3025 2845 3093 patriarehica
2882 3036 3223 3082 exstructum
3247 3029 3436 3085 fuisse.
3467 3029 3575 3086 Hae

312 3111 732 3200 πατριαρχικῷ.
767 3110 895 3185 Εἶχε
912 3118 993 3183 τὸ,
1019 3119 1151 3188 μηνὶ
1180 3120 1409 3192 Ἰουλίῳ,
1430 3124 1807 3196 ἐπινεμήσεως
1827 3129 1899 3200 η’,

2008 3112 2128 3167 buit
2156 3112 2587 3185 .subscriptum,
2631 3132 2818 3172 mense
2846 3116 3014 3182 Julio,
3038 3118 3338 3176 indictione
3360 3129 3575 3186 octava,

312 3192 409 3247 διὰ
442 3198 543 3264 τῆς
582 3205 992 3274 πατριαρχικῆς
1020 3206 1174 3271 θείας
1221 3210 1439 3282 χειρὸς,
1488 3192 1596 3267 καὶ.
1621 3192 1719 3287 την
1744 3192 1904 3288 κηρί-

313 3301 422 3357 νην
448 3291 727 3363 πρασίνην
752 3298 1051 3365 σφραγῖδα.

711 3388 991 3443 ΛΔΗΛΩΝ
1029 3393 1494 3452 ΠΑΤΡῙΑΡΧΩΝ.

313 3476 404 3530 A'.
443 3476 556 3565 To?
600 3477 933 3565 (irtwtdnr'o‘v
988 3485 1602 3565 xarptdfpzoztxvpiov
1634 3495 1765 3562 περὶ
1792 3497 1903 3565 τῆς

389 3547 695 3629 κατὰ.τὴν
726 3550 1023 3629 καθέδραν
1058 3547 1280 3629 diﬁcia;
1308 3559 1429 3613 τῶν
1446 3547 1904 3629 ίιητροπὸλιτῶἷ·

529 3617 1041 3705 ᾁρχιεπισξιόὶτων,
1082 3617 1275 3695 καθὼξ
1309 3629 1379 3683 ἐν
1410 3617 1489 3695 τῷ
1516 3617 1901 3705 χαρτοερυξίιιλ

389 3687 505 3752 κίφ
531 3689 1073 3760 ἐπαναπράρονται.

395 3779 544 3834 Ἔδει
578 3781 678 3845 τὰς
714 3783 900 3847 πόλεις
944 3786 1004 3839 αἳ
1048 3787 1127 3858 τῷ
1158 3788 1260 3857 τῆς
1293 3792 1707 3867 ἀρχιερωσύνης
1760 3800 1904 3853 τετί-

319 3886 528 3941 μηνται
558 3871 829 3942 ἀξιώματι
864 3875 957 3928 καὶ
1006 3871 1094 3940 αἷς
1145 3880 1280 3949 ἱεροὶ
1312 3886 1570 3952 ποιμένες
1620 3888 1772 3958 παρά
1804 3890 1903 3959 τῆς

280 4007 286 4013 .
316 3965 736 4034 πατριαρχικῆς
782 3968 1221 4038 προχειρίζονται
1263 3972 1443 4037 δεξιᾶς
1463 4015 1478 4041 ,
1512 3978 1761 4032 ἐνταυθοῖ
1787 3985 1903 4036 δια-

315 4055 654 4125 γράφξσθαι,
688 4059 877 4131 ὥσπερ
924 4060 1031 4114 τινὶ
1081 4064 1372 4137 οἰκουμένῃ
1427 4066 1656 4142 βραχείᾳ
1683 4089 1902 4143 συνεχο-

320 4150 517 4217 μένας,
543 4152 638 4203 καὶ
682 4150 761 4222 τῷ
801 4153 1108 4226 βουλομένῳ
1141 4158 1541 4232 ἀταλαιπώρως
1566 4181 1901 4236 προσφαινο-

320 4241 513 4311 μένας.
542 4241 621 4313 Τῇ
676 4244 783 4316 γὰρ
833 4247 1157 4318 ἀναιμάκτῳ
1196 4251 1504 4322 ἀνηκούσας
1554 4256 1697 4328 ἀρχῇ
1752 4258 1900 4324 ἀξιό-

318 4351 503 4405 χρεων
534 4334 741 4400 ταύτας
772 4337 850 4407 τῷ
875 4340 990 4409 ἰδίῳ
1034 4342 1189 4412 σηκῷ
1220 4347 1652 4402 κατατάττεσθαι
1672 4367 1684 4380 ·
1715 4352 1899 4407 ὡσαύ-

2006 3205 2366 3275 palriarcbali
2439 3207 2626 3261 divina
2695 3224 2882 3274 manu,
2935 3218 2988 3265 et
3051 3226 3212 3266 cereo
3266 3212 3427 3267 viridi
3500 3214 3578 3270 si-

2044 3298 2136 3338 illn
2162 3299 2187 3338 h

2044 3299 2055 3309 '
2162 3299 2187 3338 h

2005 3299 2136 3369 gmo
2196 3341 2211 3356 ο
2237 3388 2692 3446 INCERTORUM
2724 3391 3341 3454 PATRIARCIMRUM.

2004 3481 2049 3536 l.
2077 3480 2754 3553 Sanctissimipatriarr/zw
2776 3487 2976 3540 domini
2998 3488 3090 3541 'de
3125 3490 3375 3542 sessionis
3394 3490 3580 3544 ordine

2075 3555 2601 3628 metropolitanorum
2633 3568 2681 3611 et
2709 3558 3238 3628 archiepiscoporum,
3258 3571 3312 3613 ιιι
3340 3561 3393 3614 in
3428 3560 3584 3614 altar-

2076 3625 2379 3695 topltylacio
2420 3627 2792 3682 describuntur

2074 3779 2371 3851 Oportebat
2418 3783 2689 3847 civntates,
2750 3799 2871 3853 quae
2922 3785 3183 3841 antistitis
3216 3787 3580 3857 i,dignitates

2004 3872 2276 3928 decorata»
2308 3883 2457 3940 sunt,
2490 3885 2543 3929 et
2580 3876 2779 3945 quibus
2811 3878 2955 3931 sacri
2986 3888 3232 3946 pastores
3267 3878 3454 3934 dextra
3480 3895 3577 3949 pa-

2002 3964 2283 4018 triarchali
2320 3964 2716 4033 praeﬁciuntur,
2757 3966 2845 4020 hic
2878 3968 3132 4031 describi,
3163 3968 3311 4022 velut
3340 3970 3577 4038 quodam

2002 4053 2152 4109 brevi
2200 4055 2334 4110 orbe
2371 4057 2828 4126 comprehensas.
2866 4065 2920 4112 et
2971 4060 3188 4114 cuilibet
3231 4061 3351 4114 sine
3392 4061 3578 4116 labore

2002 4151 2355 4220 conspicuas.
2392 4149 2551 4214 Nam,
2578 4159 2635 4203 ut
2665 4166 2786 4218 qua:
2825 4150 2891 4203 ad
2927 4151 3272 4205 incruentum
3307 4154 3580 4223 pertinent

2005 4243 2391 4314 principatum,
2420 4243 2640 4312 proprio
2662 4250 2817 4311 septo
2841 4243 3111 4297 recenseri
3143 4253 3576 4300 consentaneum

2001 4345 2085 4391 est
2122 4353 2134 4390 :
2168 4336 2249 4390 sic
2277 4335 2533 4389 omnibus
2559 4334 2680 4389 aliis
2708 4343 3051 4403 potestatem,
3082 4350 3205 4415 quae
3233 4336 3285 4390 in
3329 4337 3461 4415 ipsis
3493 4349 3577 4393 est

315 4442 428 4487 τως
455 4443 515 4478 τε
547 4427 640 4481 καὶ
677 4431 810 4481 πᾶσι
840 4433 950 4493 τοῖς
984 4432 1166 4496 ἄλλοις
1194 4434 1290 4506 τὴν
1322 4439 1408 4489 ἐπ’
1431 4440 1623 4502 αὑταῖς
1645 4443 1894 4507 ἐξουσίαν

2006 4442 2296 4498 earumque
2328 4427 2575 4482 ordinem
2612 4426 2961 4481 manifestum
2995 4441 3116 4482 esse
3144 4436 3197 4483 et
3240 4430 3460 4498 cognitu
3492 4431 3577 4489 Ia-

319 4518 418 4568 xal.
444 4517 545 4582 τὴν
576 4518 730 4583 τάξιν
756 4520 932 4572 αὐτῶν
956 4520 1286 4577 εὐσύνοπτον
1316 4521 1455 4580 εἶναι
1482 4530 1575 4582 καὶ
1601 4532 1901 4603 εὐεπίγνωο

321 4622 469 4662 υτον.
503 4608 609 4661 Σὺν
630 4611 750 4672 ταῖς
779 4612 912 4681 πρὸς
942 4613 1232 4685 ἀνίσχοντα
1256 4617 1313 4670 δὲ
1355 4618 1527 4688 ἥλιον,
1559 4624 1656 4676 καὶ¹
1681 4627 1737 4679 αἱ
1764 4628 1901 4699 πρὸς

318 4698 582 4768 δυόμενον
638 4704 1105 4773 καταγράφονται.
1172 4709 1266 4762 Ἐκ
1306 4710 1536 4766 παλαιοῦ
1579 4715 1687 4787 γὰρ
1729 4698 1900 4784 αὐτὰς

317 4788 477 4880 οὔπω
520 4791 683 4864 μέχρι
728 4794 829 4863 τῆς
878 4795 1039 4867 δεῦρο
1088 4801 1206 4863 ταῖς
1230 4802 1421 4867 ἄλλαις
1459 4809 1898 4880 συντετάχαμεν,

316 4874 398 4936 ὧν
445 4886 494 4937 οἰ
536 4884 635 4955 τὴν
677 4888 932 4958 ἐφορείαν
964 4893 1391 4963 πεπιστευμένοι
1422 4897 1588 4966 ἡνίκα
1630 4874 1897 4973 καθέδρας

320 4976 513 5048 καιρὸς
542 4977 750 5043 ἐκάλει,
783 4982 933 5051 παρά
986 4983 1093 5035 τῶν
1128 4986 1416 5055 ὁμοταγῶν
1461 4989 1769 5058 διωθοῦντο,
1802 4996 1898 5050 καὶ

318 5065 598 5119 ἀντώθουν
647 5069 893 5135 τούτους,
921 5072 1022 5139 φεῦ
1053 5073 1154 5144 τῆς
1200 5074 1409 5146 ὕϐρεως
1437 5079 1449 5131 !
1475 5078 1551 5149 τῷ
1576 5082 1675 5152 ίσῳ
1712 5087 1897 5156 μέτρῳ

317 5158 419 5228 τῆς
449 5160 814 5233 ἐπιπλήξεως.
859 5164 1000 5218 Ἀλλ’
1026 5167 1120 5234 ὅγε
1171 5168 1514 5240 φιλόχριστος
1557 5179 1897 5249 πανευσεὸὴς

321 5251 577 5320 βασιλεὺς
626 5255 783 5345 ἡμῶν
808 5259 1163 5332 προύκὰθητο
1216 5262 1319 5332 μὲν
1370 5264 1485 5335 ἅμα
1540 5269 1672 5338 ἡμῖν
1716 5271 1777 5324 ὲν
1816 5273 1897 5345 τῷ

322 5343 605 5416 σεϐασμίῳ
653 5344 768 5419 ναῷ
818 5350 917 5418 τῆς
961 5353 1122 5419 ἁγίας
1179 5354 1451 5425 Εἰρήνης,
1488 5359 1652 5428 ἡνίκα
1694 5378 1754 5434 τε
1786 5343 1897 5418 τῶν

320 5435 583 5507 ἀοιδίμων
643 5445 999 5513 πατριαρχῶν
1055 5447 1276 5517 μνήμην
1340 5450 1744 5524 ἐπιτελοῦμενο
1798 5458 1896 5511 σὺν

1999 4521 2182 4577 cilem.
2214 4522 2347 4575 Cum
2385 4521 2452 4576 iis
2484 4528 2663 4574 autem
2691 4558 2706 4582 ,
2743 4534 2863 4588 qua:
2890 4520 2955 4572 ad
2992 4519 3254 4574 orientem
3281 4522 3473 4587 solem,
3500 4538 3579 4579 ea:

1999 4631 2120 4686 quae
2150 4614 2216 4668 ad
2240 4628 2519 4679 occasum,
2552 4611 2955 4666 describuntur.
2976 4610 3307 4679 Jampridem
3333 4615 3476 4668 enim
3508 4616 3573 4670 ad

2001 4709 2325 4765 hodiernum
2347 4709 2489 4763 diem
2522 4705 2761 4760 nondum
2783 4704 2902 4759 aliis
2923 4707 3406 4761 annumeravimus
3431 4707 3573 4769 illas.

2001 4817 2232 4873 quarum
2278 4803 2371 4870 qui
2424 4798 2644 4853 tutelam
2708 4803 3098 4865 Susceperunt,
3148 4812 3273 4851 cum
3313 4800 3576 4860 sessionis

2002 4908 2218 4964 tempus
2258 4893 2507 4957 vocabat,
2551 4891 2621 4944 ab
2673 4890 2917 4959 ejusdem
2967 4888 3179 4943 ordinis
3236 4890 3575 4946 antistitibus

1999 4988 2212 5059 expulsi
2241 4996 2390 5048 sunt,
2418 4994 2470 5039 et
2498 5000 2593 5039 eos
2624 4983 3044 5053 vicissim,proh
3070 4981 3230 5036 dolor
3254 4985 3266 5038 ἰ
3291 4984 3407 5052 pari
3430 4984 3574 5037 indi-

2001 5080 2274 5154 guationis
2309 5093 2568 5132 mensura
2594 5076 2945 5143 expulerunt.
2981 5074 3086 5130 Sed
3123 5074 3575 5145 religiosissimus

1999 5174 2201 5231 Christi
2222 5173 2421 5235 cultor,
2442 5170 2737 5237 imperator
2753 5175 2956 5234 noster,
2974 5167 3028 5221 in
3048 5169 3358 5223 venerando
3370 5178 3574 5224 sancta:

1999 5266 2204 5325 [renati
2245 5266 2447 5337 templo
2467 5264 2631 5320 simul
2658 5261 2942 5317 nobiscum
2971 5261 3317 5333 praesidebat,
3351 5263 3572 5331 quando

2003 5361 2164 5415 etiam
2186 5357 2509 5428 inclytorum
2540 5353 2975 5424 patriarcharum
3007 5352 3336 5407 mentionem
3360 5351 3570 5409 facere-

2003 5464 2132 5504 mus
2159 5466 2172 5503 :
2213 5461 2337 5503 cum
2364 5458 2431 5500 eo
2462 5452 2641 5500 autem
2669 5451 2722 5499 et
2760 5440 2871 5497 Deo
2903 5441 3267 5512 acceptissimi
3297 5449 3571 5514 metrolm-

1618 5608 1704 5663 VA
1714 5610 1854 5666 RIIE
1908 5612 2293 5672 LEC'I‘IONES

397 5704 442 5795 ᾖ,
468 5708 742 5795 Πιθροιιιηι
770 5716 978 5795 illum.“
1032 5731 1055 5758 ο
1084 5724 1408 5791 pastoralem
1438 5726 1886 5795 gubernationem.

327 5778 356 5819 ιι
400 5779 620 5837 Cereum
647 5786 809 5842 viride
836 5778 1094 5860 sigillum:
1177 5794 1192 5834 ἱ
1223 5778 1522 5853 pontiﬁciis.
1545 5778 1836 5857 [iV-“Pacis.

1971 5730 1992 5773 τ
2034 5735 2115 5788 Ad
2150 5733 2569 5804 ttsumfruclum.
2685 5734 2709 5772 ⁸
2740 5730 2951 5787 Anima:
2984 5728 3295 5785 delictorum
3320 5743 3563 5786 exantcn.
