3950 6556
499 337 606 402 823

1804 350 1943 414 JUs
1975 352 2424 417 CANONICUM
3075 323 3086 334 ’
3643 374 3730 439 8%

494 455 664 558 iet-ius
710 459 1024 530 Tarsensis,
1085 461 1290 523 Lucius
1315 463 1785 538 Hierapolitanus,
1819 467 2063 538 Elpidius

2178 469 2478 541 ’Ἄμμωνος
2543 474 3080 546 Ἀδριανουπόλεως,
3149 481 3419 554 Φαλερίου
3493 485 3723 558 Θαρσοῦ,

493 548 867 616 Laodicensis,
908 553 1114 614 Paulus
1153 555 1411 626 Xeensis,
1444 557 1742 615 Dioscorus
1777 557 2075 631 Hermopo-

493 640 722 707 litanus,
774 643 1064 704 Probatius
1117 648 1521 719 Beronicensis,
1579 648 1902 708 Theodorus
1962 651 2072 707 Mo-

491 747 844 806 psuestenus,
871 739 1034 796 Bizus
1054 740 1446 809 Seleuciensis,
1471 745 1788 817 Epagatbus
1839 745 2070 801 Marcia-

493 833 872 903 nopolitanus,
929 833 1226 891 Gerontius
1279 835 1816 908 Claudiopolitanus,
1869 839 2073 909 aliique

493 925 697 982 diversi
737 925 1003 1000 episcopi,
1030 934 1084 982 et
1129 928 1478 984 sacerdotum
1509 936 1686 985 cattus
1727 931 2021 987 universus
2055 951 2068 986 :

493 1022 762 1090 ingressis
798 1021 1043 1076 Gabadio
1089 1032 1143 1077 et
1189 1023 1422 1094 Agapio,
1452 1021 1739 1080 Nectarius
1777 1026 2072 1096 episcopus

493 1115 1146 1187 Constantiuopolitanus
1174 1115 1315 1172 dixit
1348 1135 1363 1173 :

558 1300 699 1357 Cum
749 1303 864 1357 haec
907 1317 1068 1359 sacra
1109 1303 1354 1373 synodus
1393 1319 1489 1374 per
1550 1302 1645 1361 Dei
1678 1304 1915 1376 gratiam
1943 1320 2070 1359 rur-

491 1409 588 1449 sus
636 1394 691 1449 in
738 1394 840 1450 hoc
880 1402 1074 1450 sancto
1123 1396 1245 1451 loco
1273 1396 1499 1452 collecta
1539 1398 1632 1461 sit,
1690 1397 1940 1468 plaeetne
1994 1397 2074 1452 ei-

491 1489 614 1542 dem
646 1498 962 1543 sanctorum
997 1489 1228 1544 fratrum
1258 1500 1311 1546 et
1343 1490 1852 1546 comministrorum
1883 1491 2072 1546 conci-

490 1578 587 1644 lio,
608 1579 1053 1650 quandoquidem
1077 1588 1287 1636 stantes
1315 1581 1405 1637 bic
1446 1582 1604 1637 video
1628 1581 1825 1638 fratres
1852 1592 2071 1639 nostros

491 1673 794 1728 Gabadium
844 1682 898 1728 et
943 1674 1209 1744 Agapium
1263 1675 1355 1746 qui
1412 1675 1477 1731 de
1519 1674 1911 1731 Bostrenorum
1955 1677 2074 1746 epi-

491 1774 690 1832 cnpatu
724 1764 866 1820 inter
895 1779 954 1821 se
979 1764 1270 1830 dissident,
1303 1775 1362 1820 ut
1397 1766 1464 1821 de
1503 1765 1723 1838 juribus
1762 1766 1879 1823 suis
1910 1781 2072 1839 agere

489 1854 800 1925 incipiant?

559 1951 641 2006 Ac
689 1959 973 2021 postquam
1021 1959 1142 2005 acta
1195 1951 1441 2022 quaedam
1495 1950 1564 2006 ab
1617 1950 1700 2007 eis
1737 1958 1944 2020 essent,
2003 1951 2073 2007 ad

488 2044 735 2099 eamdem
767 2057 989 2098 causam
1029 2043 1384 2113 pertinentia,
1447 2052 1503 2100 et
1545 2045 1826 2102 insinuata
1857 2045 2078 2115 deposi.

493 2139 570 2195 tio
605 2138 739 2194 dicti
787 2137 1042 2203 Gabadii,
1073 2136 1216 2193 facta
1259 2155 1358 2210 per
1389 2139 1526 2194 duos
1555 2138 1828 2194 duntaxat
1859 2139 2074 2209 episco-

491 2246 612 2300 pos,
648 2244 886 2300 eosque,
931 2229 1042 2297 jam
1097 2229 1207 2284 vita
1263 2230 1511 2293 functos,
1559 2229 1807 2300 ejusdem
1853 2228 2074 2285 concilii

487 2331 736 2394 tempore
765 2338 780 2378 :
809 2321 1119 2376 Arabian-us
1158 2321 1450 2394 episcopus
1470 2321 1798 2394 Ancyranus
1823 2320 1996 2376 dixit:

557 2504 681 2562 Non
725 2505 794 2561 de
835 2507 1098 2578 praesenti
1145 2504 1419 2560 duntaxat
1470 2505 1599 2572 lite,
1652 2504 1749 2562 sed
1795 2505 1961 2561 etiam
2003 2501 2073 2559 de

488 2601 640 2654 omni
684 2599 1010 2669 posteritate
1041 2598 1332 2663 sollicitus,
1370 2596 1451 2652 uti
1480 2597 1548 2652 de
1578 2599 1682 2653 boc
1711 2606 1902 2653 sancta
1941 2612 2070 2669 syn-

487 2693 629 2747 odus
669 2692 964 2755 decernat,
1002 2697 1148 2761 peto.
1190 2689 1451 2746 Liceatne
1505 2689 1623 2746 ﬁeri
1663 2690 2068 2761 depositionem

488 2799 518 2838 a
560 2784 776 2839 duobus
817 2783 1111 2854 episcopis,
1143 2783 1347 2838 necne?
1373 2797 1503 2838 num
1557 2782 1821 2840 adversus
1866 2785 2068 2838 absen-

487 2883 597 2930 tem
649 2875 706 2930 id
756 2875 870 2929 fieri
921 2874 1104 2941 liceat,
1143 2874 1358 2929 necne?
1415 2871 1636 2928 Nullum
1679 2874 1783 2928 hoc
1817 2874 2075 2945 praejudi-

485 2970 633 3023 eiu-m
701 2965 774 3021 ad»
829 2981 1053 3021 causam
1111 2972 1436 3036 praesentem
1514 2965 1779 3021 attulerit.
1865 2965 2073 3022 Vereor

487 3068 710 3126 autem,
768 3075 836 3115 ne
889 3059 976 3116 bis
1027 3074 1095 3116 ex
1145 3059 1519 3116 monumentis
1575 3059 1746 3130 aliqui
1800 3069 2070 3130 potestate

488 3163 774 3224 usurpata,
808 3153 1084 3226 ejusmodi
1145 3163 1380 3212 tentent.
1419 3155 1573 3228 Rogo
1609 3171 1714 3213 vos
1740 3164 1799 3211 ut
1838 3171 2068 3227 respon-

484 3245 681 3304 deatis.

554 3338 1149 3410 Nectariusepiscopus
1178 3339 1687 3411 Constantinopolis
1720 3339 1892 3396 dixit:
1922 3339 2035 3394 Lau

487 3430 736 3487 dabiliter
784 3429 998 3484 monuit
1045 3429 1538 3487 reverendissimus
1591 3431 1883 3501 episcopus
1929 3433 2066 3485 Ara-

493 3523 719 3578 bianus.
804 3520 913 3576 Sed
979 3537 1105 3576 cum
1176 3523 1246 3578 lis
1307 3538 1406 3594 per
1467 3522 1874 3580 confessionem
1948 3525 2062 3579 tolli

485 3619 757 3684 nequeat,
809 3613 1146 3684 praeteritum
1208 3629 1320 3672 non
1373 3617 1835 3683 condemnantes,
1879 3616 2064 3674 futuro

483 3723 801 3764 caveamus.

552 3799 867 3857 Arabianus
933 3801 1226 3874 episcopus
1282 3803 1607 3877 Ancyranus
1671 3805 1804 3861 dixit
1850 3825 1864 3861 :
1907 3805 2062 3874 Quod

485 3892 782 3964 praeteriit,
844 3904 1161 3952 sanctorum
1217 3896 1415 3953 Nicaeae
1466 3908 1786 3956 coactorum
1838 3899 2062 3956 Patrum

484 3987 726 4058 synodus
769 3988 1122 4056 condemnat,
1166 4006 1288 4064 qua:
1323 3994 1587 4064 praecipit,
1659 4010 1726 4050 ne
1774 3996 2064 4066 pauciores

482 4085 594 4138 sint
641 4083 855 4148 tribus,
900 4085 991 4154 qui
1037 4085 1294 4141 ordinant
1339 4101 1437 4142 nec
1486 4087 1539 4142 id
1588 4086 1798 4143 faciant
1837 4090 2064 4147 absente

484 4177 928 4248 metropolitano.
957 4177 1070 4250 Ego
1104 4195 1234 4234 vero
1271 4179 1340 4236 de
1375 4179 1563 4236 futuro
1595 4182 1887 4246 sollicitus,
1919 4183 2063 4240 banc

483 4269 965 4340 interrogationem
1030 4270 1313 4341 proposui.
1378 4271 1722 4342 Quapropter
1779 4289 1948 4346 rogo,
2002 4281 2064 4330 ut

482 4361 772 4431 perspicue
818 4369 1145 4426 statuamus,
1177 4378 1288 4417 non
1319 4379 1585 4434 suspense
1625 4379 1725 4420 nec
1771 4366 2058 4437 ambigue,

480 4452 628 4522 quod
676 4468 788 4508 non
837 4454 1001 4510 liceat
1046 4469 1078 4508 a
1125 4454 1344 4511 duobus
1388 4455 1704 4512 hominibus
1739 4457 2057 4529 episcopum

2180 561 2414 617 Λουκίου
2449 566 2823 635 Ἱεραπόλεως.
2864 573 3136 628 Ἑλπιδίου
3166 576 3511 643 Λαοδικείας,
3538 581 3727 636 Παύλου

2179 655 2345 724 Ξέως,
2382 661 2674 728 Διοσκόρου
2717 663 3164 735 Ἐρμουπόλεως,
3199 671 3508 740 Προϐατίου
3542 672 3730 744 Βερονίο

2179 771 2306 824 κης,
2375 755 2650 828 Θεοδώρου
2719 760 3100 830 Μοψουεστίας
3136 803 3150 828 ,

2191 846 2501 916 Ἐπαγάθου
2531 852 3094 923 Μαρκιανουπόλεως,
3140 857 3432 927 Γεροντίου
3490 859 3732 915 meum.

2180 943 2508 1009 νουπόλεως,
2562 948 2656 1001 καὶ
2707 948 2916 1021 ἐτέρων
2966 950 3238 1021 διαφόρων
3288 953 3614 1011 ἐπισκόπων.
3653 958 3729 1009 καὶ

2179 1037 2385 1102 παντὸς
2407 1039 2502 1092 τοῦ
2530 1040 2801 1112 ίερατείου
2824 1059 2836 1073 ·
2867 1043 2962 1097 καὶ
2986 1041 3340 1098 εἰσελθόντων
3369 1045 3410 1097 Γ
3413 1046 3626 1101 αεαδίου
3653 1053 3729 1103 καὶ

2192 1129 2482 1200 Ἀγαπίου,
2529 1133 2838 1206 Νεκτάριος
2887 1136 3188 1198 ἐπίσκοπος
3235 1138 3726 1194 Κωνσταντινουπό-

2179 1221 2316 1285 λεως
2349 1218 2490 1276 εἷπε·

2249 1314 2362 1384 Τῆς
2386 1315 2547 1380 ἁγίας
2577 1317 2781 1388 ταύτης
2816 1320 3036 1373 συνόδου
3071 1320 3214 1374 κατά
3243 1318 3383 1374 Θεοῦ
3416 1321 3570 1392 χάριν
3591 1325 3728 1378 πάλιν

2178 1404 2237 1457 ἐν
2274 1403 2351 1475 τῷ
2380 1407 2518 1477 ἁγίῳ
2543 1407 2692 1480 τόπῳ
2722 1411 2897 1482 τούτῳ
2935 1412 3391 1485 συνειλεγμένης,
3460 1415 3506 1466 εί
3535 1415 3730 1486 δοκιμά-

2179 1495 2262 1561 ζει
2303 1498 2336 1568 ἡ
2381 1498 2520 1570 αὐτὴ
2563 1500 2672 1556 τῶν
2699 1503 2871 1570 ἁγίων
2903 1505 3150 1574 ἀδελφῶν
3194 1506 3287 1558 καλ
3330 1505 3726 1579 συλλειτουργὼν

3203 765 3367 828 Βίζου
3420 766 3730 837 Σελευκείας,

2179 1587 2417 1653 σύνοδος,
2466 1591 2655 1661 ἐπειδὴ
2707 1593 2801 1646 καὶ
2836 1595 3078 1658 ἑστῶτας
3126 1595 3240 1667 ὁρῶ
3276 1597 3406 1659 τοὺς
3436 1597 3730 1669 διαφερομέ-

2177 1697 2304 1744 νους
2341 1683 2474 1752 πρὸς
2508 1684 2738 1748 ἑαυτοὺς
2781 1687 2911 1754 περὶ
2944 1687 3043 1755 τῆς
3090 1688 3420 1758 Βοστρηνῶν
3455 1692 3726 1760 sumam];

2176 1777 2304 1840 τοὺς
2357 1776 2625 1846 ἀδελφοὺς
2668 1779 2825 1848 ἡμῶν
2866 1780 3130 1835 Γασάδιον
3187 1783 3284 1835 καὶ
3331 1782 3604 1850 Ἀγάπιον,
3639 1785 3726 1836 τῶν

2175 1867 2312 1938 πρὸς
2346 1869 2612 1940 ἀλλήλους
2645 1871 2978 1942 ἐνάρξασθαι
3007 1873 3277 1941 δικαίων;

2247 1963 2358 2016 Καὶ
2391 1964 2530 2033 μετά
2561 1964 2622 2017 τὺ
2665 1965 2980 2036 πραχθῆναί
3029 1983 3154 2020 τινα
3189 1967 3326 2039 παρ’
3359 1967 3552 2033 αὐτῶν,
3589 1970 3724 2042 χάριν

2172 2056 2275 2126 τῆς
2310 2057 2482 2128 αὐτῆς
2509 2058 2841 2125 ὑποθέσεως,
2878 2063 2967 2113 καὶ
3003 2060 3413 2131 ἐμφανισθῆναι
3444 2062 3723 2134 καθαίρεσιν

2174 2151 2270 2204 τοῦ
2317 2151 2578 2224 ῥηθέντος
2622 2152 2912 2214 Γαϐαδίου,
2941 2153 3249 2223 γενομένην
3278 2153 3384 2207 ὑπὸ
3409 2154 3499 2207 δύο
3528 2155 3616 2207 καλ⁵
3649 2155 3726 2224 μό-

2174 2258 2282 2296 νων
2312 2243 2651 2308 ἐπισκόπων,
2682 2242 2790 2296 τῶν
2836 2242 2932 2296 καὶ
2954 2243 3432 2312 τετελευτηκότων
3462 2243 3577 2315 ἤδη,
3607 2242 3722 2296 κατὰ

2175 2335 2265 2389 τὸν
2289 2335 2483 2407 καιρὸν
2505 2336 2604 2406 τῆς
2637 2336 2810 2406 αὐτῆς
2832 2335 3074 2391 συνόδου.
3095 2335 3422 2408 Ἀραδιανδς
3459 2336 3723 2399 ἐπίσκοπος

2187 2427 2461 2500 Ἀγκύρας
2494 2425 2651 2482 εἶπεν
2675 2444 2689 2459 ·

2243 2518 2318 2570 Οὐ
2347 2519 2444 2587 τῆς
2484 2517 2772 2590 παρούσης
2821 2520 2984 2574 ἕνεκα
3037 2520 3217 2589 δίκης,
3255 2521 3394 2574 ἀλλὰ
3424 2519 3515 2573 τοῦ
3553 2518 3719 2586 ἐφεξῆς

2177 2608 2293 2681 βίου
2327 2611 2529 2673 παντὸς
2556 2610 2831 2676 δεδοικὼς,
2857 2611 3014 2665 τοῦτο
3043 2612 3181 2676 ἀξιῶ
3221 2613 3324 2682 τὴν
3350 2611 3511 2678 ἁγίαν
3537 2609 3719 2664 σύνοδον

2174 2697 2498 2769 διαλαλῆσαι
2521 2715 2534 2729 ’
2564 2700 2782 2766 Ἔξεστι
2809 2700 3066 2786 γενέσθαι
3100 2701 3434 2774 καθαίρεσιν
3475 2701 3611 2772 παρὰ
3644 2701 3719 2754 δύο

2172 2793 2514 2856 ἐπισκόπων,
2548 2792 2580 2863 ἢ
2617 2791 2714 2857 ob;
2749 2794 2843 2846 ml
2879 2793 3021 2848 κατὰ
3062 2795 3302 2858 ἀπόντος
3329 2795 3550 2862 ἔξεστιν,
3577 2795 3605 2866 ἢ
3636 2793 3715 2859 οὕς

2175 2883 2343 2938 Οὐδὲν
2377 2883 2663 2955 πρόκριμα
2703 2884 2839 2954 πρὸς
2872 2885 2972 2954 τὴν
3020 2885 3314 2956 παροῦσαν
3343 2885 3606 2940 ὑπόθεσιν.
3639 2884 3720 2937 Δέ-

2173 2973 2330 3029 δοικα
2353 2973 2432 3040 δὲ,
2465 2973 2542 3046 μὴ
2567 2976 2629 3028 ἐκ
2656 2975 2766 3029 τῶν
2807 2977 3224 3048 ὑπομνημάτων
3249 2979 3456 3034 τούτων
3485 2981 3616 3044 τινὲς
3642 2979 3718 3033 λα·

2173 3067 2393 3138 δόμενοι
2429 3068 2702 3136 ἐξουσίας,
2744 3068 2970 3124 τοιαῦτα
2998 3070 3374 3143 τολμήσωσιν.
3410 3071 3561 3138 ’Δξιῶ
3598 3073 3714 3144 ὑμᾶς

2172 3161 2594 3234 ἀποκρίνασθαι.

2246 3349 2556 3421 Νεκτάριος
2586 3347 2887 3415 ἐπίσκοπος
2913 3350 3543 3413 Κωνσταντινουπόλεως
3567 3343 3709 3402 εἶπεν.

2187 3442 2520 3505 Ἐπαινετῶς
2562 3443 2898 3514 είσηγήσατο
2953 3444 2981 3496 ὁ
3023 3443 3425 3506 εὐλαϐέστατος
3461 3442 3712 3501 ἐπίσκοπος

2186 3533 2528 3606 Ἀραδιανός.
2553 3533 2628 3587 Οὐ
2651 3534 2756 3605 μὴν
2777 3534 3080 3605 δυναμένης
3107 3534 3268 3604 δίκης
3290 3531 3710 3605 ἐξωμολογῆσθαι,

2172 3628 2234 3679 τὸ
2275 3625 2544 3696 παρελθὸν
2591 3625 2665 3698 μὴ
2691 3627 3139 3698 κατακρίνοντες,
3176 3631 3240 3681 τὸ
3271 3628 3397 3698 ἑξῆς
3439 3611 3710 3696 ἀσφαλισώ-

2177 3717 2337 3788 μεθα.

2255 3810 2579 3882 Ἀραϐιανδς
2627 3809 2927 3873 ἐπίσκοπος
2970 3809 3243 3883 Ἀγκύρας
3284 3805 3430 3865 ε’ίπε·
3480 3810 3546 3862 Τὸ
3591 3823 3707 3876 παρ-

2174 3902 2328 3956 ελθὸν
2355 3905 2386 3972 ὴ
2416 3903 2525 3958 τῶν
2563 3903 2848 3975 μακαρίων
2873 3903 3134 3974 Πατέρων
3163 3903 3275 3958 τῶν
3303 3905 3363 3957 ἐν
3387 3900 3579 3972 Νικαία
3607 3897 3704 3951 σύνο

2172 3996 2290 4059 οδος
2333 3996 2674 4068 κατακρίνει,
2734 3998 2769 4067 ’ἡ
2829 3993 3129 4048 κελεύουσα
3176 3995 3253 4066 μὴ
3309 3995 3552 4056 ἐλάττους
3589 3988 3704 4044 εἶναι

2170 4089 2339 4160 τριῶν
2373 4091 2504 4152 τοὺς
2551 4088 3016 4159 χειροτονοῦντας,
3067 4089 3206 4158 μηδὲ
3259 4088 3488 4150 ἀπόντος
3539 4099 3708 4156 μητρο-

2173 4181 2415 4234 πολίτου.
2440 4180 2548 4233 Τοῦ
2579 4180 2636 4233 δὲ
2669 4180 2956 4251 μέλλοντος
2990 4181 3178 4234 ἕνεκεν
3211 4179 3466 4242 δεδοικὼς
3492 4175 3705 4245 ἐγὼ.τὴν

2172 4272 2441 4344 ἐρώτησιν
2488 4273 2858 4344 ἐποιησάμην.
2905 4270 3067 4336 Ἀξιῶ
3111 4267 3203 4325 οὖν
3241 4273 3387 4342 ὑμᾶς
3415 4269 3587 4338 σαφῶς
3619 4267 3707 4320 δια-

2170 4366 2425 4436 λαλῆσαι,
2475 4366 2569 4419 καὶ
2613 4366 2752 4436 μήτε
2801 4365 3158 4436 ἡρτημένως,
3209 4365 3350 4435 μήτε
3404 4357 3702 4432 ἀμφιδὸλωςν

2170 4461 2311 4513 ὥστε
2342 4459 2417 4530 μὴ
2453 4458 2652 4523 ἐξεῖναι
2699 4459 2801 4511 ὑπὸ
2848 4459 2943 4512 δύο
2987 4456 3292 4528 ἀνθρώπων
3327 4458 3460 4528 μήτε
3493 4467 3702 4524 χειροτο-

481 4543 762 4610 ordinari,
817 4559 918 4600 nec
973 4544 1207 4615 deponi,
1256 4546 1491 4603 Nicaeuae
1538 4548 1771 4620 synhodi
1819 4552 2062 4606 auctori-

2173 4552 2375 4606 νεῖσθαι
2406 4552 2545 4622 μήτε
2569 4551 2952 4622 καθαιρεῖσθαι
2986 4549 3305 4615 ἐπίσκοπον,
3345 4546 3627 4607 ἀκολούθως
3648 4543 3701 4613 τῇ

486 4647 656 4692 tatem
686 4639 739 4693 in
777 4638 882 4694 boc
905 4640 1209 4710 sequendo.

549 4728 683 4786 Post
733 4732 884 4800 alia,
930 4732 1271 4805 Theophilus
1313 4734 1608 4808 episcopus
1661 4736 2060 4795 Alexandrinus

477 4823 613 4880 dixit
637 4842 651 4880 :

547 4917 627 4974 De
675 4920 910 4976 mortuis
962 4919 1076 4977 fieri
1139 4922 1329 4993 nequit
1375 4931 1435 4978 ut
1480 4922 1878 4994 indignationis
1927 4939 2058 4980 sen-

477 5009 648 5066 tentia
688 5009 916 5078 feratur,
941 5013 1385 5084 quandoquidem
1430 5029 1541 5070 non
1587 5025 1883 5085 praesentes
1927 5023 2058 5072 sunt

474 5103 852 5159 condemnati.
902 5103 1107 5161 Verum
1158 5106 1205 5161 si
1265 5105 1449 5162 futura
1511 5107 1637 5178 quis
1703 5107 2055 5172 considerat,

475 5195 738 5251 nimirum
805 5197 900 5268 qui
957 5198 1229 5268 deponere
1283 5199 1565 5266 debeant,
1635 5199 1769 5255 mihi
1835 5200 2054 5272 quidem

473 5286 694 5343 videtur
721 5326 736 5352 ,
793 5303 903 5344 non
952 5290 1131 5345 solum
1174 5296 1287 5346 tres
1331 5292 1527 5348 adesse
1575 5290 1774 5348 debere
1802 5334 1817 5358 ,
1861 5305 2055 5346 verum

473 5379 639 5437 etiam
673 5380 744 5452 (si
774 5379 892 5437 ﬁeri
927 5382 1122 5453 possit)
1163 5383 1455 5441 universos
1493 5385 1788 5456 episcopos
1825 5383 2055 5455 provin-

471 5475 673 5539 ciales,
716 5482 778 5530 ut
821 5475 1059 5546 plurium
1112 5475 1326 5531 calculo
1384 5477 1772 5533 condemnatio
1819 5477 2056 5533 hominis

471 5566 818 5637 depositione
877 5566 1029 5638 digni
1076 5567 1271 5638 majori
1327 5583 1453 5625 cum
1508 5570 1863 5627 accuratione
1919 5571 2052 5635 fiat,

470 5657 636 5712 etiam
668 5671 765 5714 reo
793 5667 1085 5728 praesente.

537 5749 825 5807 Nectarius
913 5752 1206 5824 episcopus
1288 5752 1798 5824 Constantinopolis
1853 5756 2057 5813 dixit:

467 5843 650 5913 Quum
689 5841 1135 5924 legium-tertium
1179 5846 1556 5919 expositiones
1601 5857 1764 5918 atque
1810 5846 2048 5914 decreta,

2162 4645 2220 4697 ἐν
2247 4642 2450 4712 Νικαία
2483 4643 2704 4713 συνόδῳ.

2232 4735 2346 4789 Καὶ
2378 4733 2500 4807 μεθ’
2525 4735 2712 4807 ἕτερα,
2733 4734 2993 4805 Θεόφιλος
3020 4736 3316 4802 ἐπίσκοπος
3332 4729 3699 4802 Ἀλεξανδρείας

2163 4824 2340 4883 εἶπενο

2243 4921 2367 4976 Ἐπὶ
2394 4921 2502 4975 τῶν
2525 4922 2868 4976 ἀπελθόντων
2897 4940 2957 4977 ου
2997 4923 3223 4977 δυνατὸν
3252 4923 3428 4992 ψῆφον
3470 4916 3691 4986 ἐκφέρειν

2162 5014 2866 5086 ἀγανακτήσεωςςέπείπερ
2901 5015 2974 5084 μὴ
3010 5015 3278 5086 παρόντες
3299 5009 3688 5080 κατεκρίθησαν.

2162 5104 2225 5158 Et
2263 5105 2511 5174 μέντοιγε
2540 5105 2668 5174 περὶ
2688 5105 2796 5159 τῶν
2829 5104 3133 5174 μελλόντων
3163 5103 3480 5171 διασκοποίη
3509 5115 3583 5160 τις
3603 5094 3692 5147 τῶν

2158 5194 2484 5264 ὀφειλόντων
2512 5194 2782 5259 καθελεῖν,
2824 5194 3079 5264 φαίνεταί
3115 5213 3244 5262 μοι,
3283 5193 3359 5265 μὴ
3388 5191 3537 5261 μόνον
3569 5183 3692 5254 τρεῖς

2159 5291 2416 5360 παρεῖναι
2469 5287 2794 5358 προσήκειν,
2854 5287 2990 5342 ἀλλά
3029 5289 3123 5341 καὶ
3181 5289 3252 5358 (εί
3297 5280 3529 5346 δυνατὸν)
3587 5275 3690 5335 τοὺς

2158 5379 2367 5442 πάντας
2393 5375 2774 5448 ἐπαρχεώτας,
2802 5377 2891 5432 ἵνα
2916 5381 2982 5448 τῇ
3011 5378 3121 5430 τῶν
3154 5375 3362 5431 πολλῶν
3381 5373 3535 5442 ψήφῳ
3563 5370 3688 5433 ἀκρι-

2157 5472 2390 5544 δεστέρα
2429 5472 2461 5542 ἡ
2495 5471 2823 5540 κατάκρισις
2869 5469 2964 5524 τοῦ
3009 5469 3160 5536 ἀξίου
3207 5471 3304 5541 τῆς
3351 5461 3684 5534 καθαιρέσεως

2157 5567 2494 5639 δεικνύηται,
2527 5565 2796 5639 παρόντος
2822 5566 2918 5619 καὶ
2958 5564 3308 5636 κρινομένου.

2224 5751 2529 5825 Νεκτάριος
2565 5751 2865 5816 ἐπίσκοπος
2894 5745 3506 5806 Κωνσταντινουπόλεως
3529 5735 3674 5792 εἶπενο

2158 5846 2513 5917 Εἰσηγήσεων
2546 5843 2795 5916 νομίμων
2846 5847 2938 5898 καὶ
2987 5842 3274 5914 δογμάτων
3309 5825 3672 5909 πρυτανενομιι
