3798 6562
106 376 187 445 395
1296 360 1619 423 GRIECO-J

1773 358 2016 423 ANUM.

3183 359 3292 425 εἶθ

102 508 202 551 νων,
231 478 489 539 ἀκόλουθον
524 474 585 529 οὐ
624 473 712 528 διά
764 472 1073 545 προσώπων
1117 471 1271 536 τινὰς
1316 470 1500 532 αἰτίας
1532 466 1601 522 τὰ

1775 478 2138 525 nsentaneum
2188 475 2275 527 est
2322 468 2450 524 talia
2495 483 2602 525 non
2644 469 2813 525 statui
2853 477 3072 540 propter
3101 472 3292 540 culpas

99 577 283 635 τοιαῦτα
305 565 729 639 δογματίζεσθαι.
758 565 1072 638 Τοιγαροῦν.
1088 562 1349 637 καθάπερ
1376 565 1405 618 ό
1433 560 1607 634 ἀγιώ·

100 685 227 732 raro;
264 658 892 729 ἐπίσκοποςηἊρασιανὺς
939 659 1301 730 εἰσηγήσατο,
1353 659 1423 711 τὰ
1474 656 1605 727 μὲλ-

99 763 224 815 λοντα
246 750 622 822 ἀσφαλίσασθαι
659 748 1005 819 βουλόμενος,
1036 748 1329 813 ἀκόλουθος
1359 747 1457 803 καὶ
1480 749 1605 816 φιλ-

97 852 332 921 άνθρωπος
361 845 392 915 ἡ
421 842 511 895 τοῦ
540 841 845 909 ἀγιωτάτου
869 839 1174 895 ἐπισκόπου
1201 839 1462 909 Θεοφίλου
1495 837 1608 909 ψῆ-

96 960 189 1014 φος,
230 935 557 1008 διορισαμένη
611 933 684 1004 μὴ
727 933 931 1004 χρῆναι
988 933 1127 1004 πρὸς
1165 932 1227 987 τὸ
1274 932 1425 1003 ἑξῆς,
1473 931 1610 1003 μηδὲ

97 1032 217 1102 παρὰ
237 1029 408 1101 τριῶν,
440 1027 632 1098 μήτιγε
680 1025 831 1096 παρὰ
866 1024 980 1091 δύο,
1012 1025 1103 1079 τὸν
1129 1023 1431 1078 ὑπεύθυνον
1460 1024 1609 1077 δοκι-

100 1123 357 1196 μαζόμενον
391 1116 802 1189 καθαιρεῖσθαιο
849 1117 986 1171 ἀλλά
1027 1117 1140 1189 γάρ
1188 1115 1437 1181 πλείονος
1480 1134 1611 1171 συν-

95 1217 190 1268 όδου
222 1212 393 1282 ψήφῳ,
428 1209 521 1263 καί.
564 1207 675 1261 τῶν
718 1209 819 1279 τῆς
867 1209 1174 1280 ἐπαρχίας·
1206 1206 1391 1272 καθὼς
1430 1210 1524 1263 καὶ
1559 1207 1610 1261 οἰ

96 1301 388 1362 ἀποστολικοὶ
419 1301 638 1363 κανόνες
664 1300 1014 1371 διωρίσαντο.

147 1395 407 1457 Φλασιανδς
464 1394 762 1458 ἐπίσκοπος
820 1394 1153 1465 Ἀντιοχείας
1198 1391 1354 1449 εἶπεν
1379 1411 1394 1427 ⁸
1431 1395 1612 1467 ’Δπερ

97 1487 338 1544 κατέθεντο
390 1486 437 1539 οἰ
496 1485 625 1554 περί
672 1485 766 1538 τὸν
810 1484 1116 1554 ἁγιώτατον
1172 1485 1271 1539 καὶ
1320 1484 1614 1539 όσιιὶιτατον

97 1580 346 1634 ἐπίσκοπον
387 1576 666 1646 Θεόφιλον,
702 1576 860 1649 δῆλα.
903 1578 1015 1633 Καὶ
1064 1577 1368 1650 στέργομεν
1410 1576 1615 1639 πάντες

97 1675 135 1727 οἱ
157 1670 587 1743 ἰκκλησιαστικοί.

373 1805 735 1862 ΝΙΚΟΛΑΟΥ
766 1805 907 1863 ΤΟΥ
941 1808 1251 1862 ΠᾹΛᾹΙΟΥ

99 1900 204 1968 Περί
244 1898 356 1961 τοῦ,
406 1898 510 1961 τὰς
560 1901 991 1965 πατριαρχικὰς
1039 1897 1373 1964 ἐπιστολὰς
1405 1899 1613 1968 ἀμισθί

148 1970 383 2025 δίδοσθαι
420 1968 544 2033 τοῖς
604 1969 915 2024 αἰτοῦσινο
944 1972 1026 2038 ὡς
1077 1970 1403 2041 γέγραπται
1431 1972 1502 2025 ἐν
1535 1969 1616 2036 τῷ

149 2041 585 2111 χαρτοεσυλακίῳ.

150 2133 359 2187 Χαλεπὸν
391 2133 510 2202 μὲν,
538 2133 716 2197 πάθος
756 2135 979 2207 σαρκός,
1012 2134 1227 2207 χρόνιον
1255 2135 1356 2206 ἤδη
1387 2135 1618 2204 γενόμε-

101 2244 184 2289 νον,
208 2225 563 2295 ἐκμοχλιῦσαι.
598 2226 998 2300 Χαλεπὼτερον
1028 2229 1085 2282 δὲ
1113 2232 1339 2300 χρονικῇ
1397 2229 1617 2301 παρόδῳ

104 2315 340 2386 βεϐαιωθὲν
368 2315 484 2378 ἔθος
532 2317 1041 2373 ἀποσκευάσασθαι.
1086 2320 1290 2389 Ἄμφω
1328 2321 1439 2389 γὰρ
1479 2318 1619 2390 πρὸς

103 2410 186 2472 ἕξιν
206 2409 311 2462 τινὰ
337 2409 889 2480 μεταστοιχειοῦνται,
920 2413 1155 2481 πρᾶγμα
1177 2412 1438 2483 γινόμενα
1466 2428 1620 2481 μονι-

104 2500 313 2570 μώτερον,
356 2498 443 2552 καὶ
478 2499 684 2571 ῥᾳδίως
730 2500 933 2570 ἥκιστα
981 2500 1279 2571 δυνάμενον
1338 2499 1620 2573 μεθαρμό-

100 2592 263 2655 ζεσθαι.
318 2591 448 2645 Ἀλλ’
476 2594 524 2645 εἰ
556 2592 661 2646 καὶ
709 2592 863 2648 ταῦθ’
894 2592 1037 2647 οὕτω
1067 2593 1146 2663 τῷ
1170 2592 1284 2646 δντι
1305 2593 1472 2655 δοκεῖ,
1504 2590 1619 2647 ἀλλ’

99 2686 222 2755 ἡμεῖς
269 2702 328 2751 γι
356 2686 480 2755 ῥᾷον
512 2684 766 2740 παλαιὰν
802 2686 1113 2753 συνήθειαν,
1152 2685 1214 2739 τὸ
1246 2685 1450 2754 φαῦλον
1481 2683 1618 2756 πρό-

100 2778 215 2847 δηλον
234 2778 460 2847 ἔχουσαν,
492 2797 552 2833 το
573 2780 602 2833 ὗ
635 2780 872 2849 εὐαγοῦς
904 2780 1059 2834 τοῦδε
1082 2781 1248 2834 τόπου
1277 2779 1616 2850 ἐξεφορήσα-

103 2887 188 2937 μεν,
212 2870 657 2939 τδάκαπήλευτον
676 2870 825 2942 αὐτῷ
858 2872 1349 2943 μνηστευσάμενοι.
1376 2873 1485 2925 Καὶ
1511 2872 1621 2943 γάρ

101 2961 260 3015 ότοῦδε
292 2964 381 3032 τὴν
410 2960 672 3033 φυλακὴν
703 2962 1311 3033 ἑμπεπιστσυμένος,ὂν
1345 2963 1621 3033 όστιάριον

101 3051 412 3122 ήῬωμαίων
477 3052 714 3121 γλῶσσα
785 3054 979 3119 καλεῖ,
1034 3055 1164 3118 τοὺς
1216 3055 1622 3126 πατριαρχικάς

1706 561 1973 631 quasdam
2016 576 2405 633 personarum.
2449 561 2638 631 Itaque
2683 561 2828 617 sicut
2871 560 3125 631 exposuit
3166 576 3298 616 san-

1707 655 1994 711 ctissimus
2053 654 2351 726 episcopus
2420 654 2783 720 Arabianus,
2847 653 3051 710 futuris
3102 668 3299 709 cavero

1707 746 1899 804 volens
1933 786 1949 813 ,
2009 756 2376 803 consentanea
2453 747 2802 819 benignaque
2866 748 3140 803 sententia
3216 757 3301 801 est

1708 840 2045 897 sanctissimi
2095 840 2338 912 episcOpi
2383 839 2709 911 Theophili,
2757 855 2881 909 quae
2920 840 3145 903 statuit,
3189 854 3297 892 non

1710 934 1912 991 debere
1944 934 2002 989 in
2048 944 2331 1005 posterum
2400 935 2697 1005 nequidem
2731 950 2762 988 a
2799 934 2993 995 tribus,
3026 931 3230 987 nedum
3268 945 3300 986 a

1710 1025 1950 1091 duobus,
1989 1041 2142 1081 reum
2188 1025 2493 1082 examinari
2540 1041 2605 1081 ac
2640 1026 2872 1096 deponi;
2902 1025 2998 1079 sed
3040 1024 3301 1094 frequen-

1713 1118 1871 1175 tioris
1913 1117 2156 1184 concilii,
2181 1127 2237 1174 et
2271 1118 2690 1189 provincialium
2729 1117 3115 1189 episcoporum
3146 1131 3301 1171 eom-

1712 1211 1867 1267 muni
1914 1210 2188 1267 sententia
2224 1228 2242 1271 :
2278 1210 2742 1283 quemadmodum
2781 1218 2836 1266 et
2878 1208 3165 1280 apostolici
3207 1222 3301 1264 ca-

1714 1319 1889 1360 nones
1921 1303 2311 1359 definiverunt.

1784 1395 2080 1452 Flavianus
2138 1396 2430 1466 episcopus
2494 1391 2871 1449 Antiochenus
2932 1390 3118 1447 dixit:
3161 1388 3294 1456 Quae

1716 1490 2092 1560 deposuerunt
2135 1489 2405 1560 episcopi,
2443 1489 2536 1558 qui
2580 1488 2997 1546 sanctissimum
3040 1492 3094 1540 et
3125 1484 3309 1554 piissi-

1717 1599 1865 1640 mum
1895 1582 2213 1653 episcopum
2256 1581 2617 1651 TheOphilum
2652 1588 2980 1649 sequuntur,
3013 1576 3307 1631 manifesta

1718 1685 1868 1733 sunt.
1900 1675 1977 1729 Ea
2014 1674 2311 1747 probamus
2340 1688 2532 1728 omnes
2572 1670 2958 1729 ecclesiastici.

2024 1807 2301 1867 NICOLA'I
2346 1807 2572 1862 ILLIUS
2603 1806 2831 1862 PRISCI
2866 1805 3007 1875 (i9).

1718 1905 1873 1974 Quod
1915 1904 2110 1958 littera:
2164 1900 2561 1974 patriarcltales
2609 1900 2782 1970 gratis
2835 1894 3196 1974 conredantur
3227 1907 3314 1963 pc-

1820 1976 2049 2031 temibus
2078 1967 2305 2040 eas,‘uti
2337 1967 2657 2041 descriptum
2683 1978 2855 2025 exstat
2888 1969 2942 2022 in
2976 1967 3196 2022 scrinio.

1789 2136 2017 2192 Diﬂicile
2061 2135 2280 2206 quidem
2326 2141 2413 2189 est
2464 2132 2657 2187 vitium
2708 2130 2967 2192 carnale,
3016 2127 3162 2196 quod
3216 2125 3309 2181 diu

1720 2229 1961 2295 duravit,
1990 2226 2314 2283 exscindere
2343 2243 2358 2279 :
2400 2224 2496 2280 sed
2529 2222 2829 2286 diliieilius,
2855 2219 3310 2275 consuetudinem

1720 2321 1868 2391 longi
1899 2319 2161 2390 temporis
2191 2318 2489 2388 irreptione
2516 2316 2784 2370 firmatam
2822 2312 3057 2367 amoliri.
3099 2311 3314 2364 Etenim

1722 2414 1887 2469 ambo
1921 2413 1976 2467 in
2007 2411 2251 2467 habitum
2286 2407 2578 2479 quemdam
2620 2413 2948 2468 transeunt,
2984 2411 3039 2457 et
3062 2399 3316 2455 durabile

1723 2508 1983 2581 quiddam
2019 2505 2178 2571 fiunt,
2203 2502 2349 2574 quod
2382 2500 2810 2569 haudquaquam
2841 2492 3130 2550 reformari
3158 2492 3318 2546 facile

1724 2600 1923 2672 possit.
1953 2597 2085 2664 Qua:
2113 2596 2241 2650 licet
2276 2595 2352 2647 ita
2396 2607 2458 2648 se
2521 2590 2724 2644 habere
2789 2602 2980 2657 reapse
3009 2586 3267 2640 videntur
3291 2620 3313 2647 ,

1723 2710 1826 2751 nos
1854 2703 2037 2747 tamen
2065 2688 2211 2745 facili
2256 2695 2534 2741 momento
2561 2680 3017 2738 consuetudinem
3052 2688 3316 2742 veterem,

1724 2802 1846 2859 quae.
1870 2784 2229 2840 vitiositatem
2252 2776 2599 2833 manifestam
2616 2773 2853 2829 habebat
2873 2786 2939 2826 ex
2964 2771 3070 2824 hoc
3091 2767 3317 2838 religio-

1725 2893 1787 2935 so
1812 2879 1932 2932 loco
1950 2865 2655 2939 removimus,cauponandi
2678 2864 2953 2919 licentiam
2976 2866 3315 2915 eoercentes.

1728 2973 2010 3025 Hactenus
2058 2966 2205 3021 enim
2257 2965 2325 3031 is,
2374 2962 2459 3018 cui
2513 2960 2721 3016 credita
2769 2965 2853 3013 est
2894 2954 3015 3025 ejus
3064 2949 3317 3005 custodia

1728 3059 1984 3135 (Romani
2002 3057 2289 3116 ostiarium
2322 3055 2505 3124 lingua
2541 3067 2641 3107 sua
2680 3046 2923 3115 vocant),
2951 3044 3022 3099 ab
3055 3044 3186 3105 illis,
3221 3041 3315 3111 qui

101 3142 388 3214 αἰτουμένους
431 3143 757 3210 ὲπισ-τολάς,
801 3144 1026 3216 μισθοὺς
1236 3147 1336 3199 οὐκ
1387 3145 1618 3217 ὤφελεν)

1771 3166 1939 3213 tteras
1957 3149 2356 3224 patriarchales
2379 3146 2657 3218 petebant,
2677 3158 2743 3198 eo
2764 3141 2988 3195 nomine
3006 3135 3315 3191 mercedem

100 3235 250 3306 ἀπῄτει
273 3234 366 3305 τῆς
420 3236 828 3309 παραλήψεως.
860 3239 968 3291 Καὶ
1016 3232 1085 3310 ἦν
1117 3238 1179 3291 τὸ
1209 3239 1444 3309 πρᾶγμα
1497 3239 1621 3293 λίαν

101 3328 363 3396 ἰφύϐριστόν
404 3347 463 3385 τε
516 3332 626 3385 καὶ
649 3330 1093 3399 καταγέλαστον,
1146 3332 1208 3385 οὐ
1271 3332 1433 3402 μόνον
1488 3332 1624 3387 Θεὸν

99 3417 385 3486 παροργίζον,
426 3418 579 3472 ἀλλὰ
623 3418 719 3491 καὶ
748 3418 843 3472 τὸν
879 3419 1076 3489 σεμνὸν
1102 3419 1266 3473 τόπον
1297 3419 1620 3491 ἐξατιμοῦν,

100 3507 167 3559 καί
201 3509 313 3562 αὐτὸ
330 3509 386 3562 τὸ
431 3511 532 3581 τῆς
605 3510 905 3582 ἰερωσύνης
946 3510 1277 3581 ὲκφαυλίζον
1316 3512 1620 3582 αἰδέσιμον.

107 3598 211 3655 Ἀλλ’
237 3601 380 3673 ἡμεῖς
411 3619 473 3671 γε
506 3602 624 3674 τὴν
644 3600 924 3671 όστιαρίου
957 3602 1158 3671 σκῆψιν
1188 3602 1624 3673 ἰκφυλοφοροῦν-

96 3708 175 3756 τες,
196 3693 347 3764 τούτῳ
391 3693 488 3764 μὲν
539 3694 724 3766 ρόγαν
768 3693 987 3763 ἐτήσιον
1041 3692 1279 3746 δίδοσθαι
1310 3694 1581 3764 ἐτάξαμεν
1605 3709 1621 3726 ο

95 3786 166 3857 τὴν
190 3787 406 3859 πονηράν
435 3788 491 3842 δὲ
522 3784 847 3856 συνήθειαν,
870 3784 1010 3856 λήθῃ
1060 3784 1275 3855 βαθείᾳ,
1326 3785 1419 3839 καὶ
1468 3785 1626 3855 ἀϊδίῳ

95 3881 309 3951 ὑπερορίᾳ
364 3877 863 3953 παρεπεμψάμεθα
901 3892 918 3908 ’
963 3878 1029 3948 ἣν
1108 3875 1375 3947 μηδαμῶς
1440 3875 1625 3947 χώραν

92 3971 201 4043 ἔχειν
234 3974 322 4041 ἔτι,
349 3977 406 4029 ὲν
451 3975 607 4044 ἁγίῳ
637 3969 986 4043 διοριζόμεθα
1037 3970 1320 4040 Πνεύματι
1341 3986 1356 4001 ο
1385 3971 1627 4024 ἐντελλό-

97 4081 209 4134 μενοι
231 4070 329 4131 τοῖς
374 4084 431 4121 τε
472 4067 626 4121 κατὰ
665 4066 891 4137 καιροὺς
949 4062 1340 4136 χαρτοφύλαξι,
1369 4064 1465 4118 καὶ
1514 4067 1627 4127 τοῖς

36 4238 43 4243 Α
94 4159 401 4228 ἀμφάὐτοὺς
446 4161 747 4233 νοταρίοις,
779 4160 1087 4231 ἄθραυστον
1123 4158 1216 4213 τὸν
1245 4159 1491 4230 παρόντα
1534 4158 1628 4213 τύ-

94 4268 168 4304 πον
195 4254 472 4326 διατηρεῖν,
518 4257 618 4309 καὶ
658 4252 1266 4323 τούτου-ἐπιμελεῖσθαι
1289 4253 1410 4307 ἀεί·
1438 4253 1513 4317 ὡς
1552 4254 1627 4325 μὴ

92 4344 297 4420 ῥᾳστώνῃ
325 4346 432 4400 τινὶ
462 4347 558 4400 καὶ
588 4344 855 4417 ὀλιγωρίᾳ
892 4343 940 4417 (δ
970 4345 1032 4415 δὴ
1066 4345 1160 4399 καί
1191 4344 1625 4414 ὐπολαμσάνειν,

93 4437 250 4505 μήτιγε
308 4442 595 4510 πράττειν,
657 4440 995 4510 ὲφάμαρτον)
1044 4438 1149 4491 κᾶν
1193 4438 1254 4491 τὸ
1284 4438 1626 4509 βραχύτατον

1728 3248 1896 3320 (quod
1926 3243 2150 3301 minime
2183 3242 2393 3297 factum
2426 3235 2693 3308 oportuit)
2724 3232 3008 3305 poscebat.
3035 3227 3168 3296 Qua:
3196 3225 3320 3296 qui~

1726 3315 1851 3395 dem
1881 3351 1970 3393 res
1997 3341 2116 3391 erat
2150 3332 2366 3403 injuria:
2406 3327 2739 3396 ludibriique
2767 3325 2924 3396 plena
2953 3361 2969 3386 ,
3011 3334 3192 3389 neque
3223 3315 3318 3371 Dei

1727 3432 1999 3487 duntaxat
2026 3427 2291 3483 olfensam
2339 3420 2755 3493 commovebat;
2787 3431 2976 3472 verum
3003 3413 3168 3469 etiam
3189 3408 3319 3463 huic

1728 3532 1963 3597 augusto
2015 3522 2137 3576 loco
2185 3517 2437 3590 pariebat
2487 3513 2793 3577 infamiam,
2840 3516 2894 3565 et
2949 3502 3319 3562 venerandam

1728 3619 1905 3691 ipsius
1933 3611 2229 3670 sacerdOtii
2252 3608 2571 3681 dignitatem
2597 3600 2983 3659 imminuebat.
3001 3597 3113 3652 Nos
3132 3603 3316 3650 autem

1729 3686 1835 3764 hoc
1863 3707 2176 3761 institutum
2203 3699 2418 3757 ostiarii
2440 3700 2508 3754 de
2526 3696 2705 3751 medio
2736 3694 3013 3755 tollentes,
3050 3687 3157 3757 ipsi
3190 3686 3319 3756 qui-

1730 3801 1852 3857 dem
1884 3812 2131 3853 anuuum
2173 3793 2435 3849 salarium
2467 3787 2857 3845 constituimus
2891 3799 2905 3835 :
2957 3782 3154 3836 malam
3186 3793 3319 3833 vero

1729 3891 2182 3949 consuetudinem
2241 3884 2504 3942 oblivioni
2570 3877 2884 3952 profundae,
2936 3888 3002 3929 ac
3053 3878 3321 3942 perpetuo

1730 3984 2057 4042 tradidimus
2101 3978 2298 4035 exsilio
2336 3992 2352 4030 :
2396 3990 2499 4030 nec
2534 3989 2652 4028 eam
2686 3972 2866 4026 locum
2908 3965 3166 4033 deinceps
3208 3960 3323 4015 ullo

1730 4077 2045 4133 habituram
2087 4069 2273 4134 modo,
2318 4068 2372 4123 in
2425 4065 2633 4135 Spiritu
2681 4067 2875 4116 sancto
2924 4054 3318 4111 decernimus:

1731 4170 2054 4228 mandantcs
2070 4173 2179 4220 tam
2202 4160 2571 4235 quorumlibet
2612 4166 2920 4226 temporum
2945 4145 3318 4211 chartulariis,

1731 4277 1895 4335 quam
1923 4273 2115 4315 eorum
2148 4253 2403 4319 notariis,
2434 4258 2495 4305 ut
2531 4249 2873 4306 sanctionem
2918 4245 3060 4298 hanc
3089 4236 3321 4294 inviola-

1731 4364 1842 4410 tam
1883 4358 2123 4415 servent,
2155 4347 2383 4417 ejusque
2419 4357 2607 4399 curam
2656 4346 2921 4409 perpetuo
2960 4340 3151 4405 gerant
3194 4346 3207 4383 :
3252 4341 3322 4381 ne

1732 4442 1985 4504 socordia
2031 4440 2267 4511 quadam
2337 4443 2392 4492 et
2448 4431 2774 4505 negligentia
2834 4425 3002 4498 (quod
3041 4436 3175 4479 sane
3233 4420 3320 4475 vel

91 4526 493 4596 περιτρέπεσθαι.
530 4529 595 4581 Εἰ
632 4527 688 4581 δὲ
723 4527 1004 4598 παρόπται
1054 4529 1196 4591 τινὲς
1230 4528 1322 4581 τοῦ
1364 4528 1619 4582 τοσούτου

1771 4537 2000 4611 ogitare,
2024 4532 2225 4589 nedum
2255 4526 2658 4601 agere,delicto
2686 4537 2795 4577 non
2828 4517 3031 4588 vacat),
3057 4514 3141 4569 vel
3160 4511 3324 4566 mini-

88 4619 252 4684 ἀγαθοῦ
280 4624 341 4676 ὲκ
369 4624 623 4694 μεγάλης
658 4622 790 4694 περί
822 4622 889 4676 τὰ
920 4625 1039 4675 θεῖα
1093 4622 1401 4693 φωραθεῖεν
1450 4640 1623 4678 κατα-

86 4714 390 4783 φρονήσεως,
419 4716 617 4769 τοῦτον
650 4715 750 4787 μὲν
803 4715 997 4786 γνώμη
1056 4715 1303 4784 φιλόθεος
1344 4717 1481 4787 πρὸς
1524 4717 1622 4789 τὴν

80 4803 350 4865 ἀξιέπαινον
381 4809 648 4875 ὲπανάξει
673 4809 970 4878 εὐγένειαν.
997 4810 1153 4863 αὐτοὶ
1179 4809 1226 4863 δ’
1256 4804 1314 4864 εὖ
1351 4810 1621 4877 ἴστωσαν,

80 4892 138 4954 ὡς
164 4897 302 4964 δίκας
328 4901 448 4973 Θεῷ
477 4901 734 4967 δώσουσι,
772 4884 871 4954 ’νῦν
918 4919 978 4955 τε
1034 4903 1128 4955 καί
1162 4903 1401 4974 ὁπηνίκα
1454 4905 1515 4957 οὐ
1554 4905 1623 4959 τά

82 4987 222 5052 μείζω
272 4992 433 5061 μόνον
484 4992 598 5046 τῶν
626 4992 1065 5063 ἁμαρτημάτων,
1098 4992 1235 5047 ἀλλά
1259 4998 1354 5047 καὶ
1384 4994 1528 5047 αὑτά
1559 5011 1624 5064 γε

79 5076 130 5128 τὰ
158 5079 339 5150 μέτρια
371 5084 513 5155 πυρὶ
566 5084 962 5139 ταλαντεύεται
1000 5086 1094 5139 καὶ
1136 5084 1498 5156 διακρίνεται.
1540 5086 1630 5150 Ὠς

76 5169 166 5239 γὰρ
186 5172 250 5225 τὰ
275 5173 393 5229 θεῖα
422 5176 531 5245 τῆς
553 5176 839 5245 ἀξιολόγου
869 5176 1277 5248 καθεστήκασιν
1308 5177 1632 5241 ἀντιδόσεως

79 5260 199 5326 ἀξια,
229 5267 367 5321 οὕτω
418 5269 521 5323 καὶ
573 5269 643 5323 τά
689 5270 788 5340 τῆς
838 5269 1087 5333 ἐναντίας
1137 5268 1354 5342 μοίρας,
1390 5268 1491 5341 τὴν
1522 5270 1631 5323 ἰσο·

78 5356 199 5428 παλῆ
224 5363 329 5425 τοῖς
350 5360 549 5434 ἔργοις
580 5363 881 5435 παρέχεται
911 5362 1175 5434 ἀμοιϐήν.

1741 4604 1830 4688 ιιιά
1862 4646 1926 4685 ex
1949 4635 2103 4699 parte
2122 4625 2495 4682 subvertatur.
2525 4616 2679 4684 Quod
2716 4616 2760 4669 si
2784 4614 2876 4684 qui
2904 4619 3114 4665 tantum
3148 4604 3323 4677 negli-

1739 4740 1866 4798 gere
1904 4724 2103 4779 bonum
2146 4716 2399 4788 deprensi
2444 4712 2683 4774 fuerint,
2727 4723 2792 4762 ex
2831 4717 3029 4774 magno
3060 4716 3188 4770 erga
3232 4714 3322 4755 res

1740 4794 1956 4876 divinas
2016 4820 2332 4882 contemptu
2369 4849 2384 4874 ,
2450 4804 2791 4861 sanctionem
2851 4797 3072 4867 quidem
3139 4794 3315 4863 ipsam

1741 4908 1998 4978 religiosa
2053 4918 2210 4959 mens
2273 4897 2437 4955 nitori
2499 4910 2600 4951 suo
2646 4889 2995 4946 laudabiliter
3042 4884 3317 4945 restituet,

1739 4977 1929 5057 verum
1973 4995 2076 5067 ipsi
2120 4994 2283 5064 plane
2324 4990 2525 5053 norint,
2563 5000 2620 5041 se
2658 4995 2850 5054 pinnas
2906 4979 3015 5032 Deo
3064 4977 3317 5035 daturos.

1734 5101 1847 5149 tam
1877 5104 2049 5155 nunc,
2080 5069 2245 5157 quam
2282 5082 2335 5137 id
2366 5079 2652 5149 temporis,
2684 5088 2793 5145 quo
2817 5087 2923 5126 non
2954 5068 3162 5138 majora
3198 5076 3320 5118 tau-

1737 5184 2021 5244 tummodo
2052 5187 2297 5252 peccata,
2327 5189 2517 5231 verum
2558 5172 2720 5226 etiam
2754 5167 2959 5222 leviora
3003 5177 3100 5233 per
3136 5160 3315 5228 ignem

1736 5248 2205 5335 examinabuntur
2258 5278 2312 5323 et
2344 5263 2815 5334 dijudicabuntur.
2852 5254 2922 5312 Ut
2946 5254 3089 5309 enim
3130 5248 3319 5303 divina

1735 5369 1983 5428 facinora
2023 5380 2084 5423 se
2113 5364 2331 5433 dignam
2368 5355 2863 5415 remunerationem
2902 5355 3199 5403 merentur.
3236 5339 3319 5393 sic

1737 5462 1902 5520 etiam
1938 5461 2009 5515 iis
2037 5455 2317 5514 contraria
2347 5450 2772 5521 respondentem
2806 5442 2966 5498 factis
3000 5439 3136 5511 ipsis
3169 5446 3320 5489 com-

1741 5553 2115 5625 pensationem
2149 5548 2395 5605 tribuere
2422 5544 2621 5600 solent.

137 5733 240 5820 {19)
267 5734 474 5820 Fuerat
506 5737 597 5795 hic
628 5748 787 5797 antea
822 5745 1088 5811 mysticus
1113 5738 1167 5795 in
1192 5737 1337 5796 aula.
1375 5733 1525 5792 Vixit
1550 5647 1878 5820 :Ingfone
1902 5732 2258 5806 Philosophe,
2286 5725 2618 5793 Alexandro,
2649 5716 3018 5783 Constantino
3080 5720 3137 5773 et
3204 5708 3329 5769 ιον

78 5811 262 5863 θεουηο
289 5810 469 5880 Augg.
