3798 6564
470 317 582 386 827

1062 435 1296 495 ALEXII
1325 434 1461 511 (se).

1794 321 1831 385 Ι
1837 321 1933 385 US
1971 317 2415 383 CANONICUM
3618 320 3701 388 8‘28

2080 437 2136 499 Α

2778 423 3102 486 ΔΛΕΞῙΟΥ.

475 525 520 583 1.
564 520 964 599 Monumentum
1003 530 1330 585 sanctissimi
1377 527 1700 599 patriarcqu
1748 528 1954 591 Alexii,
1988 529 2050 584 de

2182 528 2225 584 ι.
2246 526 2585 599 Ὑπόμνημα
2632 523 2742 599 τοῦ
2781 520 3116 599 άγιωτάτου
3159 516 3547 599 πατριάρχου⁸
3574 519 3700 599 Ἀρ.

546 598 769 656 diversis
796 602 973 655 causis
1000 598 1392 657 ecclesiasticis;
1425 600 1804 667 pertinentibus
1838 599 1908 655 ad
1938 600 2059 654 uni-

547 688 727 729 versas
768 672 1081 742 metropoles
1112 681 1163 726 et
1198 669 1704 740 archiepiscopatus.

549 811 774 870 Alexius
808 810 1169 867 miseratione
1198 809 1290 865 Dei
1318 810 1766 882 archiepiscopus
1790 810 2063 867 Constan-

481 903 761 974 tinopolis,
793 918 949 958 novae
985 900 1193 969 Rome,
1217 908 1272 959 et
1301 901 1626 979 universalis
1655 902 1988 974 patriarcha.

556 1086 691 1142 Cum
736 1086 903 1143 divini
948 1086 1203 1158 sacrique
1233 1101 1474 1144 canones
1502 1086 1804 1159 unicuique
1843 1088 2067 1160 religio-

485 1179 829 1235 sissimorum
866 1180 1258 1251 episcoporum
1295 1187 1622 1251 potestatem
1658 1196 1841 1238 rerum
1886 1180 2067 1237 eccle-

483 1271 833 1327 siasticarum
882 1273 1221 1343 permittant,
1254 1288 1319 1328 ea
1361 1280 1545 1327 tamen
1581 1272 1721 1343 lege,
1756 1280 1814 1327 ut
1845 1281 1898 1328 et
1920 1271 2068 1327 indi»

481 1367 741 1435 gentibus
775 1366 1019 1422 adhibita
1074 1368 1333 1423 cautione
1382 1367 1451 1422 de
1485 1366 1553 1422 iis
1597 1365 1973 1436 suppeditent,
2009 1374 2065 1422 et

484 1457 717 1527 ipsemet
742 1473 830 1513 res
843 1460 1190 1515 necessarias
1208 1460 1510 1532 percipiant
1535 1478 1550 1515 :
1582 1460 1826 1532 episcopi
1842 1459 2067 1530 quidam

484 1547 875 1614 indifferenter,
913 1559 973 1605 ut
1010 1551 1083 1606 ita
1113 1552 1368 1616 dixerim,
1408 1561 1463 1607 et
1497 1567 1690 1621 magna
1719 1551 1940 1607 licentia
1978 1565 2067 1607 res

486 1654 581 1695 eas
612 1640 954 1709 invadentes,
988 1652 1043 1700 et
1079 1644 1203 1701 usui
1250 1661 1351 1701 suo
1379 1644 1744 1709 vindicantes,
1779 1660 1889 1699 non
1921 1643 2070 1714 ipsos

486 1731 755 1789 duntaxat
793 1736 1144 1805 episcopatus
1176 1753 1288 1809 per
1329 1738 1680 1793 occasionem
1732 1736 2069 1793 difﬁcultatis

489 1830 801 1892 temporum
836 1825 892 1879 in
925 1835 1225 1882 extremam
1266 1828 1564 1898 perniciem
1606 1828 2017 1898 praecipitarunt
2051 1842 2067 1893 ;

2237 587 2395 661 είουξ
2439 587 2573 664 ett-5p}
2620 587 2922 661 διαφόρων
2951 587 3496 664 Δἐκκαῖησιειοντιειιῶν
3520 592 3698 664 ὑποθέ-

2237 659 2425 730 σεων,
2476 659 2839 732 ἀὶρηκουο-ῶν·
2881 662 3108 730 πάσαις
3155 659 3288 726 ταῖς
3331 661 3698 731 μητροπόλεσι

2239 736 2339 793 καὶ
2368 734 2895 806 ἀρχιεπισκοπαῖς.

2253 829 2491 897 Ἀλέξιος
2531 830 2667 899 ἐλέῳ
2723 826 2860 881 Θεοῦ
2913 823 3353 898 ἀρχιεπίσκοπος
3390 824 3698 879 Κωνσταντι-

2169 921 2511 988 νουπόλεως,
2574 920 2705 985 νέας
2757 919 3007 990 Ῥώμης,
3078 916 3175 971 καὶ
3221 912 3589 985 οἰκουμενικδς
3620 933 3700 970 παρ

2166 1014 2460 1086 τριάρχης.

2243 1106 2366 1160 Τῶν
2402 1104 2562 1159 θείων
2587 1104 2683 1159 καὶ
2718 1102 2881 1177 ἱερῶν
2912 1102 3159 1159 κανόνων
3177 1103 3395 1176 ἑκάστῳ
3425 1104 3529 1158 τῶν
3549 1105 3700 1176 θεοφι-

2171 1197 2447 1255 λεστάτων
2471 1198 2786 1253 ἐπισκόπων
2813 1196 2914 1265 τὴν
2939 1195 3187 1262 ἐξουσίαν
3222 1198 3335 1250 τῶν
3361 1197 3703 1269 ἐκκλησιαστι-

2171 1288 2285 1342 κῶν
2331 1288 2736 1357 ἐπιτρεπόντων
2774 1286 3141 1357 πραγμάτων,
3165 1285 3310 1341 οὕτω
3368 1286 3564 1357 μέντοι,
3591 1288 3703 1346 ὥστε

2173 1380 2411 1445 καὶτοῖς
2456 1379 2733 1450 δεομένοις
2783 1379 2881 1434 σὺν
2934 1377 3193 1449 εὐλαϐείᾳ
3242 1378 3605 1450 ἐπιχορηγεῖν,
3629 1384 3703 1436 καὶ

2174 1471 2373 1535 αὐτοὺς
2430 1468 2539 1524 τῶν
2590 1468 2824 1523 δεόντων
2886 1468 3351 1540 μεταλαμϐάνειν,
3405 1470 3547 1534 τινὲς
3615 1474 3702 1529 τῶν

2173 1565 2491 1619 ἐπισκόπων
2523 1563 2854 1633 ἀδιαφόρως,
2890 1562 2965 1627 ὼς
2989 1563 3058 1619 ἄν
3088 1580 3175 1626 τις
3199 1565 3378 1631 εἴποι,
3433 1564 3526 1619 καὶ
3566 1565 3703 1630 ἀδεῶς

2173 1658 2289 1721 τοῖς
2313 1656 2601 1728 πράγμασι
2627 1653 3083 1728 προσφερόμενοι,
3115 1656 3212 1709 καὶ
3241 1658 3344 1724 τῆς
3373 1654 3577 1709 ἑαυτῶν
3598 1658 3706 1729 χρή.

2177 1766 2316 1813 σεως
2341 1748 2517 1802 ταῦτα
2540 1746 2880 1818 ποιούμενοι,
2920 1747 2977 1801 οὐ
3008 1745 3168 1817 μόνον
3193 1747 3365 1811 αὐτὰς
3401 1748 3498 1811 τὰς
3519 1749 3704 1803 imm

2176 1840 2287 1906 πάς
2318 1840 2591 1912 προφάσει
2637 1837 2798 1909 δῆθεν
2829 1840 2930 1904 τῆς
2962 1839 3070 1892 τῶν
3101 1837 3314 1908 καιρῶν
3347 1839 3615 1903 δυσκολίας
3642 1842 3705 1906 εἰς

489 1929 682 1969 verum
747 1917 911 1970 etiam
962 1885 1289 1989 metropoles
1340 1918 1501 1986 illas,
1557 1885 2044 1990 quibus'subsunt

2182 1885 2797 2003 ἐζτζιάέζ⁷ξαττῆνε⁷έζᾶᾁ
2839 1885 3086 2004 eam,
3103 1885 3280 1985 Et?
3288 1885 3707 2002 ;.1';;;‘;.;.;;

490 2006 849 2062 intolerandis
878 2009 1234 2065 detrimenti!
1247 2026 1311 2065 ac
1331 2010 1665 2065 novitatibus
1693 2009 2067 2079 subjecerunt,

492 2096 622 2152 dum
648 2113 815 2154 onera
846 2099 913 2154 ad
950 2101 1294 2171 episcopatus
1339 2102 1687 2171 pertinentia,
1740 2102 2072 2172 metropoles

491 2191 791 2253 sustinent,
840 2205 906 2247 ac
963 2191 1224 2262 paulatim
1276 2190 1344 2248 ad
1388 2192 1675 2249 interitum
1725 2192 2072 2249 consimilem

490 2279 804 2350 adiguntur.
836 2280 1200 2347 Quamobrem
1221 2293 1409 2339 nostra
1441 2283 1786 2341 mediocritas
1802 2300 1911 2340 una
1944 2300 2071 2341 cum

487 2372 792 2429 venerabili
851 2373 956 2428 hac
1006 2374 1075 2430 ad
1124 2375 1316 2433 urbem
1371 2375 1582 2448 synodo
1629 2390 1691 2432 re
1747 2376 2071 2445 deliberata,

490 2469 715 2529 omnino
762 2478 877 2525 rata
910 2484 1098 2541 grave,
1145 2468 1425 2541 dubioque
1471 2469 1660 2541 procul
1692 2469 1984 2539 injustum,
2011 2477 2073 2527 ut

489 2557 620 2612 talia
652 2565 914 2629 tantaque
944 2562 1139 2615 damna
1166 2561 1499 2631 metropoles
1527 2561 1943 2633 episcopatuum
1973 2576 2073 2619 no-

493 2646 643 2703 mine
673 2650 1005 2717 sustineant,
1035 2664 1067 2705 a
1097 2650 1297 2721 quibus
1329 2649 1537 2711 nullum
1573 2652 1639 2705 ad
1669 2650 1816 2720 ipsas
1856 2652 2073 2709 lucrum

492 2738 634 2793 redit
669 2757 683 2797 :
723 2739 944 2794 modum
990 2740 1379 2799 inveniendum
1412 2742 1627 2799 censuit
1666 2756 1697 2796 a
1726 2742 1902 2801 sacris
1940 2757 2075 2799 con-

491 2831 870 2889 stitutionibus
894 2833 1036 2888 haud
1054 2834 1445 2903 alienum,,itno
1468 2849 1797 2907 magnopere
1816 2834 1884 2891 ad
1910 2835 2073 2893 linem

490 2932 547 2980 et
566 2928 1017 2991 consentaneum,
1040 2940 1151 2996 quo
1169 2941 1353 2982 earum
1377 2926 1740 2992 indemnitati,
1770 2936 1824 2984 et
1845 2942 2074 2984 onerum

489 3018 837 3085 relaxationi,
869 3026 1134 3089 quantum
1165 3019 1287 3090 ejus
1316 3019 1433 3077 ﬁeri
1468 3020 1693 3091 poterit,
1728 3020 2071 3082 consulatur.

492 3106 652 3165 Unde
681 3126 747 3166 ex
775 3113 1107 3172 auctoritate
1136 3126 1418 3169 sacrorum
1462 3127 1734 3172 centenum
1776 3115 1988 3181 statuit,
2013 3121 2074 3173 ut

492 3217 524 3259 α
547 3200 977 3273 religiosissimis
1000 3203 1437 3272 metropolitanis
1457 3203 1727 3265 teconomi
1748 3204 1863 3260 sive
1886 3219 2070 3259 rerum

492 3294 971 3352 administratores
996 3311 1095 3367 pro
1115 3295 1522 3366 episcopalibus
1552 3295 1618 3351 iis
1645 3295 2073 3363 constituantur,

493 3399 527 3441 α
556 3384 757 3455 quibus
780 3384 997 3441 illorum
1022 3385 1180 3452 culpa
1204 3426 1220 3449 ,
1254 3385 1347 3454 qui
1380 3399 1476 3440 eos
1509 3383 1688 3455 adepti
1721 3390 1873 3450 sunt,
1905 3383 2077 3439 detri-

494 3485 741 3531 mentum
774 3476 1108 3546 metropoles
1137 3476 1361 3545 capiunt
1389 3493 1403 3544 ;
1430 3475 1610 3531 donec
1644 3483 1925 3545 acceptum
1955 3475 2074 3530 sin-

494 3567 751 3639 gulorum
785 3568 1007 3623 nomine
1044 3566 1302 3623 damnum
1354 3568 1748 3637 metropolibus
1803 3576 2074 3624 resartum

498 3660 690 3725 fuerit,
722 3666 777 3714 et
806 3657 1106 3730 iudiciaria
1136 3660 1407 3716 sententia
1440 3659 1753 3726 deﬁnitum,
1801 3658 2097 3715 undenam.

500 3751 567 3807 ad
588 3766 707 3809 eam
725 3761 1017 3823 egestatem
1036 3761 1092 3806 et
1112 3752 1347 3822 inopiam
1367 3751 1708 3824 redigantur.
1730 3750 1794 3806 Et
1816 3751 2076 3825 quoniam

499 3857 569 3901 ne
604 3843 836 3903 aliorum
869 3845 1243 3915 episcopatus,
1286 3845 1359 3901 ob
1390 3844 1794 3915 improbitatem
1828 3853 1882 3903 et
1918 3844 2078 3899 mali-

500 3935 631 3993 tiam
668 3936 910 4007 ipsorum
938 3935 1256 4007 praesidum,
1293 3936 1598 3992 consimilia
1634 3936 1938 4007 patiantur,
1979 3951 2076 3991 ve-

478 4028 607 4084 reri
630 4042 689 4085 se
717 4026 1009 4100 perhibent
1035 4027 1436 4099 metropolitani
1462 4043 1479 4094 ;
1506 4042 1807 4094 eorumque
1839 4028 2080 4083 nonnul-

495 4120 583 4179 lcs
632 4121 730 4197 qui
777 4136 1062 4179 sacrorum
1114 4136 1385 4177 canonum
1436 4130 1753 4193 contemptu
1806 4122 1865 4183 in
1916 4118 2095 4178 laude'

497 4223 731 4288 ponunt,
779 4213 1140 4271 nihilominus
1185 4213 1561 4276 imminentem
1594 4230 1660 4271 ex
1694 4214 1776 4271 eis
1810 4215 2078 4271 condem-

496 4308 777 4364 nationem
820 4316 1151 4377 metuentes,
1208 4315 1318 4363 tam
1369 4309 1599 4376 fructus,
1649 4323 1814 4379 quam
1871 4309 2079 4365 reditus

496 4400 860 4458 ecclesiarum
901 4407 1130 4456 caeteros
1171 4400 1326 4455 aiunt
1364 4399 1604 4469 auferre,
1647 4414 1868 4471 quoque
1912 4399 2081 4456 velint

496 4493 604 4566 ipsi
656 4501 1033 4565 transportare
1055 4531 1071 4560 ,
1105 4492 1409 4563 deﬁxisque
1449 4491 1504 4547 in
1530 4491 1825 4551 adventum
1859 4501 2080 4548 exacto-

2173 2026 2382 2090 πόλεις,
2412 2025 2502 2095 ὑφ’
2531 2024 2599 2091 ἃς
2641 2023 2909 2091 τελοῦσιν,
2946 2023 3247 2094 ἀφορήτοις
3278 2024 3394 2085 τοῖς
3423 2021 3702 2095 ζημιώμασι

2172 2117 2271 2174 καὶ
2290 2119 2410 2182 ταῖς
2443 2116 2824 2188 καινοτομίαις
2844 2115 3139 2182 ὁπέὸαλον,
3171 2115 3238 2170 ὲκ
3258 2115 3356 2170 τοῦ
3377 2117 3444 2170 τὰ
3471 2117 3703 2187 ἀνήκοντα

2170 2208 2413 2274 ἐκείναις
2444 2209 2585 2282 βάρη
2619 2207 2824 2273 ταύτας
2868 2206 3315 2280 είσπράττεσθαι.
3347 2210 3445 2262 καὶ
3488 2208 3706 2263 συνωθείο

2174 2301 2300 2358 σθαι
2327 2301 2472 2356 κατὰ
2504 2301 2702 2373 μικρὸν
2735 2302 2817 2366 είς
2859 2301 2960 2372 τὴν
2981 2299 3176 2372 ὁμοίαν
3203 2301 3595 2371 καταστροφήν.
3610 2300 3706 2355 Διό-

2110 2448 2115 2455 ,
2172 2411 2281 2467 περ
2307 2395 2342 2467 ἡ
2373 2394 2663 2467 μετριότης
2693 2393 2852 2467 ἡμῶν
2886 2393 3003 2466 ἅμα
3034 2396 3101 2466 τῇ
3135 2392 3447 2467 ὲνδημοῦσῃ
3476 2393 3709 2466 σεδασμίᾳ

2173 2485 2378 2558 συνόδῳ
2406 2485 2475 2540 τὰ
2499 2484 2597 2540 τοῦ
2645 2485 2974 2557 πράγματος
3016 2483 3458 2556 διασκεψαμένη.
3509 2485 3709 2555 χαλεπὸν

2173 2574 2344 2639 δντως
2390 2572 2626 2646 κρίνασα
2671 2574 2767 2629 καὶ⁵
2813 2571 3062 2644 ἀτεχνῶς
3102 2572 3310 2640 ἄδικον,
3333 2572 3394 2626 τδ
3418 2572 3711 2643 τηλικαύτας

2170 2666 2380 2739 ζημίας
2410 2665 2741 2739 ὑφίστασθαι
2782 2666 2884 2731 τὰς
2931 2665 3294 2738 μητροπόλεις
3329 2665 3470 2736 ὑπὲρ
3494 2665 3594 2720 τῶν
3615 2668 3711 2720 ἑπι-
3796 2688 3798 2693 ·

2172 2761 2419 2826 σκοπιῖιν,
2451 2760 2512 2827 ἑξ
2551 2754 2628 2818 ὧν
2677 2759 2831 2817 οὐδὲν
2879 2759 3069 2831 κέρδος
3090 2758 3320 2822 ταύταις
3372 2758 3708 2828 προσγίνεται,

2170 2851 2287 2909 δεῖν
2341 2851 2484 2921 ἔγνω
2520 2852 2724 2927 τρόπον
2774 2851 3039 2923 ἐξευρεῖν,
3112 2852 3175 2905 οὐ
3225 2848 3381 2917 ξένον
3423 2849 3527 2903 τῶν
3572 2850 3707 2923 ίερῶν

2175 2941 2494 3011 διατάξεων,
2547 2943 2688 2999 ἀλλά
2738 2942 2835 2999 καὶ
2875 2942 2998 2998 λίαν
3037 2943 3238 2996 οίκεῖον
3288 2940 3389 2997 καὶ
3440 2933 3709 3011 σῦμφωνον,

2175 3028 2221 3105 ᾦ
2274 3036 2339 3091 τὸ
2395 3036 2629 3108 ἀζήμιον
2679 3034 2909 3098 ταύταις
2958 3035 3055 3089 καὶ
3112 3032 3321 3107 ἀϐαρὲς
3380 3031 3522 3087 κατά
3564 3033 3712 3085 τδὲνο

2175 3126 2462 3198 δεχόμενον
2512 3125 3027 3199 περιποιηθήσεται.
3089 3122 3286 3178 Ἔνθεν
3313 3139 3397 3177 τοι
3429 3122 3518 3177 καὶ
3562 3122 3713 3192 διωρί-

2178 3235 2312 3274 σατο
2328 3220 2437 3275 ἀπὸ
2475 3219 2574 3290 τῆς
2607 3220 2716 3273 τῶν
2742 3217 2904 3288 ἱερῶν
2933 3217 3175 3274 κανόνων
3207 3215 3514 3280 αῦθεντίας,
3533 3214 3709 3269 οίκονό-

2179 3328 2315 3382 μους
2357 3309 2721 3369 καθίστασθαι
2766 3310 2919 3380 παρά
2950 3309 3060 3364 τῶν
3085 3307 3515 3378 θεοφιλεστάτων
3538 3322 3711 3377 μητροο

2177 3398 2441 3465 πολιτῶν,
2474 3397 2561 3468 ἐφ’
2604 3398 2760 3462 ὅσαις
2807 3396 2920 3451 τῶν
2981 3395 3322 3473 ἐπισκοπῶν,
3374 3392 3594 3464 ἀφελείᾳ
3624 3390 3710 3445 τῶν

2175 3488 2451 3549 λαδόντων
2482 3488 2674 3555 αὐτὰς,
2705 3490 2762 3545 αί
2798 3488 3164 3560 μητροπόλεις
3190 3485 3527 3559 ὲζημίωνται
3545 3528 3561 3551 ,
3588 3484 3712 3554 ἄχρις

2175 3572 2238 3634 οὗ
2266 3577 2327 3632 τὸ
2366 3578 2507 3648 ὑπὲρ
2534 3577 2765 3632 ἑκάστου
2790 3576 2971 3630 αὐτῶν
2996 3574 3264 3647 ζημίωμα
3308 3575 3429 3639 ταῖς
3474 3572 3713 3644 μητροπό·

2175 3664 2295 3720 λεσι
2326 3664 2585 3736 πορισθῇ,
2636 3665 2734 3719 καὶ
2779 3663 3071 3733 διάγνωσις
3127 3661 3381 3735 γένηται,
3428 3661 3615 3715 ὁπόθεν
3652 3660 3715 3721 εις

2177 3759 2412 3833 ἀπορίαν
2461 3758 2560 3814 καὶ
2598 3757 2860 3813 στένωσιν
2892 3753 3316 3825 καταφέρονται.
3365 3754 3518 3810 Ἐπεὶ
3544 3753 3599 3807 δὲ
3622 3752 3715 3806 itt-

2181 3869 2289 3925 ρων
2318 3847 2627 3915 ὲπισκοπὰς
2682 3848 2774 3904 διὰ
2804 3847 3111 3921 μοχθηρίαν
3138 3846 3234 3901 καὶ
3264 3844 3595 3914 κακοήθειαν
3635 3842 3717 3896 ain

2177 3943 2459 4016 προέδρων
2488 3943 2693 4007 αὐτῶν,
2718 3942 2883 4013 δμοια
2912 3939 3202 3995 πείσεσθαι
3231 3936 3562 3993 ὑποπτεύειν
3586 3935 3716 4004 φασὶν

2176 4035 2228 4088 oi
2284 4032 2711 4105 μητροπολίται,
2765 4029 2863 4085 καί
2918 4046 3074 4094 τινας
3132 4026 3317 4083 αὐτῶν
3370 4026 3718 4096 σπουδάσματα

2177 4124 2518 4201 ποιουμένων
2552 4123 2650 4196 τὴν
2679 4123 2789 4177 τῶν
2818 4121 2979 4178 θείων
3002 4120 3247 4178 κανόνων
3276 4119 3601 4191 παρόρασιν,
3624 4111 3719 4170 εἶτα

2178 4216 2276 4289 τὴν
2304 4216 2365 4283 ἐξ
2391 4215 2573 4272 αὐτῶν
2607 4213 2906 4286 καταδίκην
2934 4213 3342 4287 ὑφορωμένους,
3374 4210 3505 4275 τούς
3525 4226 3582 4263 τε
3608 4224 3719 4278 uap-

2179 4310 2316 4374 ποῦς
2349 4307 2570 4371 καὶτὰς
2605 4308 2770 4373 ἄλλας
2792 4308 3086 4379 προσόδους
3104 4306 3211 4361 τῶν
3245 4305 3550 4376 ἐκκλησιῶν
3585 4303 3720 4372 ὑφαι-

2182 4401 2395 4475 ρεῖσθαι
2429 4401 2526 4456 καὶ
2577 4401 2968 4473 μετακομίζειν
3002 4399 3133 4454 ἔνθα
3181 4398 3278 4452 καὶ
3317 4397 3576 4469 βουλητόν
3605 4397 3724 4449 ἐστιν

2178 4494 2384 4559 αὐτοῖς,
2426 4492 2525 4546 καὶ
2579 4491 2785 4546 σκοπὸν
2839 4493 3060 4561 ἔχοντας
3090 4485 3502 4558 ἐπιδημούντων
3522 4486 3724 4552 άπαιτηο

495 4604 621 4646 rum
678 4588 878 4655 oculis,
927 4586 1046 4646 suis
1090 4585 1340 4644 ecclesiis
1396 4584 1685 4650 excedere,
1748 4596 1913 4656 atque
1968 4585 2050 4641 alii

2184 4584 2315 4647 τῶν,
2349 4582 2652 4654 ἀποδημεῖν
2700 4581 2812 4635 τῶν
2870 4580 3182 4652 λαχουσῶν,
3226 4579 3321 4634 καὶ
3378 4576 3609 4650 ἀλλαχοῦ
3643 4591 3725 4628 που

495 4681 877 4754 commigrare,
936 4688 992 4738 et
1052 4680 1121 4739 ad
1182 4678 1512 4748 metropoles
1563 4676 1875 4733 debitorum
1923 4676 1989 4732 ad
2021 4692 2081 4733 se

495 4773 889 4846 pertinentium
932 4772 1275 4829 exactionem
1310 4769 1649 4826 defensionis
1693 4771 1853 4826 titulo
1894 4776 2076 4826 trans-

494 4866 763 4925 mittere:
799 4866 1167 4922 necessarium
1217 4871 1301 4921 est
1354 4871 1413 4919 ut
1454 4863 1511 4918 in
1562 4863 1646 4919 his
1681 4862 1846 4918 etiam
1901 4861 2076 4930 prius,

498 4972 664 5030 quam
702 4958 845 5026 quod
879 4957 1202 5023 moliuntur,
1240 4955 1308 5010 ad
1342 4956 1550 5011 exitum
1580 4953 1934 5025 perducatur,
1958 4967 2081 5008 cer-

502 5048 755 5105 titudinis
786 5049 986 5121 gratia,
1009 5049 1276 5119 quasique
1303 5045 1665 5102 correctionis
1697 5052 1754 5099 et
1779 5043 2076 5107 cautionis,

495 5141 689 5199 eadem
725 5141 864 5196 ratio
908 5148 1156 5194 servetur
1197 5137 1444 5210 adeoque
1484 5142 1773 5191 curatores
1825 5133 2080 5190 similiter

501 5247 534 5287 a
564 5230 1003 5303 metropolitanis
1032 5231 1232 5287 dentur
1258 5268 1276 5294 ,
1305 5229 1399 5300 qui
1438 5225 1689 5283 ecclesiis
1741 5226 1887 5279 omni
1922 5226 2079 5280 adhi-

500 5324 616 5385 bita
647 5322 1021 5380 sollicitudine
1041 5337 1165 5377 cum
1195 5319 1468 5392 episcopis
1496 5332 1686 5372 earum
1717 5316 2077 5386 prospiciant,

504 5422 561 5469 et
588 5414 1084 5471 administrationis
1111 5427 1308 5469 annua:
1332 5411 1570 5466 rationes
1600 5408 1820 5479 exigant
1860 5424 1875 5462 :
1908 5408 2082 5479 quod-

505 5522 616 5578 que
653 5505 990 5579 supertluum
1024 5515 1109 5563 est
1139 5520 1205 5561 ex
1231 5502 1518 5570 reditibus,
1552 5500 1823 5573 siquidem
1872 5500 2081 5573 aliquid

2187 4674 2570 4747 μεθίστασθαι,
2606 4672 2898 4729 κάντεῦθεν
2930 4671 3070 4744 πρὸς
3098 4671 3197 4736 τάς
3228 4670 3591 4743 μητροπόλεις
3619 4666 3730 4736 apti-

2181 4785 2279 4839 νης
2307 4766 2509 4839 τρόπον
2537 4765 2646 4819 τῶν
2672 4765 2856 4829 αὐτοῖς
2888 4762 3275 4835 προσηκόντων
3298 4761 3628 4841 ὀφλημάτων
3649 4758 3729 4827 τὴν

2180 4858 2469 4930 εἴσπραξιν
2498 4855 2916 4927 παραπέμπειν,
2940 4856 3241 4921 ἀναγκαῖον
3271 4855 3375 4908 κάν
3398 4840 3620 4914 ταύταις
3641 4849 3725 4919 πρὸ
3796 4840 3798 4905 ἶ

2178 4949 2275 5004 τοῦ
2303 4951 2381 5012 είς
2405 4947 2555 5011 τέλος
2590 4946 2824 5018 ἀχθῆναι
2861 4945 2922 5001 τδ
2952 4943 3415 5015 σπουδαζόμενον,
3456 4942 3727 5013 ἀσφαλείας
3796 4934 3798 4939 ’

2183 5040 2364 5114 χάριν,
2394 5038 2489 5094 καὶ
2530 5033 2644 5093 οἷον
2679 5037 2976 5110 θεραπείας
2995 5077 3011 5104 ,
3040 5037 3141 5092 καὶ
3172 5038 3442 5109 φυλακῆς,
3475 5035 3569 5091 τὸν
3596 5033 3726 5088 αὐτὴν
3796 5080 3798 5087 .

2184 5130 2490 5204 τηρηθῆναι
2526 5129 2720 5185 τύπονο
2754 5130 2851 5186 καὶ
2875 5129 3199 5201 φροντιστὰς
3227 5129 3432 5200 ὁμοίως
3474 5126 3620 5198 παρά
3640 5123 3727 5189 τῶν
3796 5168 3798 5171 .

2188 5221 2600 5295 μητροπολιτῶν
2654 5221 2896 5291 δοθῆναι,
2928 5221 3055 5286 τοὺς
3087 5222 3406 5292 ὀφείλοντας
3452 5220 3725 5277 ἄκασάντε

2184 5317 2284 5389 τὴν
2326 5317 2584 5387 πρόνοιαν
2636 5314 2748 5370 τῶν
2805 5312 3110 5384 ἐκκλησιῶν
3158 5312 3452 5378 ποιεῖσθαι,
3487 5310 3600 5383 ἃμα
3640 5311 3727 5369 τοῖς
3796 5312 3798 5373 ξ

2186 5410 2365 5465 αὐτῶν
2416 5410 2767 5474 ἐπισκόποις,
2814 5408 2910 5462 καὶ
2954 5406 3147 5476 λόγους
3194 5406 3296 5475 τῆς
3342 5403 3463 5459 κατ’
3515 5400 3727 5455 ἑνιαυτζν
3796 5404 3798 5459 ζ

2187 5501 2613 5575 εἰσπράττεσθαι
2655 5501 3008 5572 διοικήσεως*
3056 5497 3152 5555 καὶ
3195 5498 3259 5552 τὸ
3302 5491 3619 5569 περιττεῦον
3640 5490 3725 5546 τῶν

2015 5646 2250 5704 ΝΟΤΔΕ.

582 5768 698 5840 (20)
735 5767 808 5825 De
831 5768 994 5838 huius
1019 5775 1178 5824 actate
1216 5766 1423 5824 dictum
1448 5766 1542 5823 lib.
1575 5765 1913 5837 praecedente
1952 5764 2136 5835 (supra
2166 5763 2267 5820 col.
2302 5764 2451 5833 7-53).
