3950 6568
154 351 242 415 8’29
1392 346 2098 417 GR/ECO-ROMANUM.
2975 361 2995 372 ’
3277 373 3404 437 830"

158 459 430 533 προσόδων,
482 458 534 512 εί
559 475 621 527 γε
654 476 748 514 και
809 459 1148 532 περισσεύοι,
1183 460 1244 514 τὸ
1303 460 1438 532 μὲν,
1479 461 1544 513 ἐκ
1588 457 1698 511 τῶν

1821 473 2027 532 superat
2059 465 2256 536 partim
2279 465 2348 524 iis
2377 468 2720 542 ademptum,
2748 473 2842 544 qui
2875 477 3163 548 metropoli
3193 493 3407 538 aucto--

155 556 334 624 ζημίας
391 553 575 606 αἰτίων
643 553 946 624 γινομένων
996 557 1060 624 τῇ
1125 553 1478 624 μητροπόλει,
1527 550 1702 627 ταύτῃ

155 647 369 720 δηλονότι
386 646 726 700 ἀναδίδοσθαι
746 663 760 677 °
783 647 844 702 τὸ
865 647 911 701 δ’
940 649 1004 700 ἐκ
1036 645 1147 700 τῶν
1168 645 1375 701 λοιπῶν
1411 648 1700 717 συντηρεῖν

155 743 240 808 τὴν
267 739 555 808 ἐκκλησίαν
588 740 1045 811 άκιινοτόμητον.

221 835 332 884 Ὅτι
356 832 414 884 δὲ
451 833 739 903 κανονικῆς
767 832 980 903 ἔχονται
998 835 1287 906 ἀκριϐείας
1306 833 1373 889 τὰ
1395 830 1706 904 ὁρισθέντα,

155 924 205 988 ἐξ
230 923 398 978 αὐτῶν
422 924 530 976 τῶν
554 924 714 978 θείων
740 927 979 980 κανόνων
1008 928 1307 983 δείκνυται.
1335 927 1446 981 Καὶ
1475 925 1584 994 γὰρ
1607 927 1636 977 ὁ
1661 920 1706 976 ε’

155 1015 233 1066 καὶ
262 1019 306 1066 κ’
343 1014 441 1082 τῆς
480 1016 538 1067 ἐν
580 1017 884 1089 Ἀντιοχείᾳ
923 1020 1145 1073 συνόδου
1189 1019 1393 1084 κανὼν,
1422 1020 1536 1082 τοῖς
1587 1018 1710 1070 ἐπι-

157 1108 360 1170 σκόποις
390 1109 489 1178 τὴν
529 1109 782 1176 ἐξουσίαν
810 1113 916 1166 τῶν
955 1113 1432 1184 ἐκκλησιαπικῶν
1482 1109 1710 1181 ἐπιτρέ-

156 1216 256 1252 πων
282 1202 643 1269 πραγμάτων,
676 1202 874 1258 κωλύει
901 1205 1260 1276 μεταϐάλλειν
1291 1205 1432 1259 αὐτὰ
1455 1204 1536 1268 εἰς
1571 1201 1709 1266 ἰδίας

155 1293 341 1367 χρείας,
369 1294 469 1346 καὶ
501 1293 724 1358 οἰκείοις
754 1295 933 1348 αὐτῶν
971 1297 1264 1364 συγγενέσι
1310 1296 1599 1367 παρέχειν,
1628 1296 1710 1363 εἰς

154 1385 203 1436 τὸ
218 1383 294 1434 διὰ
315 1383 505 1435 τούτου
537 1381 840 1454 λεληθότως
865 1384 1201 1454 βλάπτεσθαι
1227 1388 1354 1450 τοὺς
1382 1387 1576 1456 λόγους
1601 1388 1711 1443 τῶν

155 1477 459 1544 ἐκκλησιῶν.
486 1476 580 1530 Διὸ
607 1478 701 1530 καὶ
736 1478 1067 1542 ὑπευθύνους
1103 1482 1223 1543 ταῖς
1273 1480 1397 1556 κατ’
1439 1481 1710 1553 ἐπαρχίαν

158 1567 373 1630 συνόδοις
401 1568 598 1631 τιθεὶς,
637 1569 698 1622 τὸ
731 1569 940 1643 πρέπον
978 1571 1178 1635 αὐτοὺς
1224 1569 1542 1641 δοκιμάζειν
1588 1575 1712 1626 ἐπιο

155 1659 342 1730 τρέπει.
381 1660 495 1713 Καὶ
525 1660 706 1715 τοίνυν
737 1662 1038 1727 κάνταῦθα,
1066 1663 1191 1717 ἐπεὶ
1225 1664 1368 1718 κατὰ
1403 1665 1465 1717 τὸ
1485 1663 1712 1733 λεληθὸς

155 1753 274 1821 πρὸς
315 1753 412 1814 τὰς
474 1753 840 1824 μητροπόλεις
873 1755 1093 1824 ἔρχεται
1123 1755 1192 1808 τά
1245 1755 1346 1826 τῆς
1395 1755 1621 1826 βλάϐης,
1650 1754 1711 1808 τὸ

1809 571 1898 614 res
1937 560 2140 629 accepti
2173 560 2490 619 detrimenti
2526 573 2676 632 sunt,
2709 565 2885 622 eidem
2920 570 3221 634 reddatur:
3258 576 3389 630 reli~

1809 667 1979 723 quum
2051 655 2311 726 ecclesia,
2371 659 2526 716 nulla
2603 661 2962 720 innovatione
3027 665 3194 734 facta,
3280 668 3388 723 sibi

1809 753 2014 801 servet.

1881 838 2035 906 Quod
2056 849 2238 897 autem
2268 843 2384 902 haec
2417 861 2446 900 a
2469 848 2630 906 nobis
2652 848 2726 904 ita
2739 840 2994 917 'deiinita,
3017 861 3386 908 consentanea

1811 928 1918 984 sint
1947 942 2218 988 accuratae
2258 950 2530 991 canonum
2564 941 2769 1006 menti,
2815 956 2880 997 ex
2907 941 3044 1011 ipsis
3067 943 3378 996 canonihus

1811 1022 1988 1077 sacris
2034 1033 2274 1082 constat.
2305 1025 2440 1081 Nam
2485 1029 2716 1099 quintus
2762 1040 2816 1086 et
2849 1033 3151 1088 vicesimus
3193 1033 3391 1086 Antio-

1810 1110 2001 1166 chenae
2029 1115 2224 1185 synodi
2251 1131 2452 1181 canon.
2483 1128 2811 1189 potestatem
2846 1122 2901 1176 in
2933 1137 3021 1177 res
3043 1122 3391 1178 ecclesiasti-

1811 1216 1906 1258 cas
1934 1204 2206 1272 episcopis
2239 1209 2583 1272 concedens,
2639 1211 2937 1281 quominus
2985 1227 3080 1268 eas
3139 1213 3194 1267 in
3253 1227 3388 1267 usus

1811 1309 1943 1350 suos
1962 1304 2306 1360 convertant,
2333 1302 2693 1371 cognatisque
2722 1304 2838 1358 suis
2859 1305 3160 1373 praebeant,
3193 1312 3252 1358 ut
3283 1303 3389 1358 hoc

1811 1384 1978 1440 modo
2019 1387 2262 1443 rationes
2288 1391 2649 1446 ecclesiarum
2679 1395 2848 1449 tacite
2878 1393 3268 1449 detrimentum
3292 1409 3390 1448 ca-

1811 1476 1988 1546 piant,
2038 1479 2315 1548 prohibet.
2380 1483 2617 1552 ldeoque
2673 1486 2987 1542 rationibus
3029 1487 3095 1541 ad
3149 1487 3390 1558 synodos

1811 1570 2181 1639 provinciales
2244 1573 2540 1632 reddendis
2587 1577 2865 1633 obnoxios
2914 1577 3145 1644 faciens,
3203 1578 3390 1634 decori

1812 1660 2130 1728 explorandi
2151 1676 2337 1716 curam
2351 1665 2430 1718 eis
2450 1665 2704 1736 injungit.
2730 1668 3075 1738 Quapmpter
3094 1669 3181 1724 hic
3199 1669 3389 1736 etiam,

1813 1765 1938 1807 cum
1985 1752 2149 1808 tacite
2177 1752 2442 1810 damnum
2487 1757 2555 1812 ad
2612 1757 2763 1828 ipsas
2797 1760 3129 1828 metropoles
3176 1760 3389 1826 redeat,

155 1844 340 1913 πρέπον
370 1844 402 1914 ἡ
423 1844 553 1896 καθ’
577 1846 724 1914 ἡμᾶς
740 1845 872 1913 ἁγία
904 1846 1122 1911 σύνοδος
1143 1847 1512 1918 δοκιμάσασα,
1540 1849 1710 1916 ἀναγ-

1821 1841 1933 1896 haec
1958 1853 2149 1898 sancta
2181 1847 2426 1917 synodus
2456 1860 2667 1918 nostra,
2693 1850 2879 1906 decori
2913 1851 3128 1906 ratione
3177 1851 3392 1916 habita,

156 1937 304 1999 καίως
357 1936 462 2008 τὴν
500 1937 610 1991 τῶν
647 1938 950 2008 οἰκονόμων
1011 1939 1353 2010 προχείρισιν
1400 1940 1708 2006 διετάξατο,

154 2029 278 2082 κατὰ
307 2029 396 2082 τὸν
428 2029 505 2083 ια’
540 2031 785 2102 δηλονότι
808 2032 910 2102 τῆς
950 2032 1189 2104 ἐῦδόμης
1221 2033 1444 2087 συνόδου
1485 2034 1710 2090 κανόνα.

158 2123 352 2178 ’Δδειαν
395 2123 512 2196 γὰρ
548 2125 757 2189 ἐκεῖνος
794 2125 979 2180 δίδωσι
1028 2126 1124 2178 καὶ
1165 2125 1244 2197 τῷ
1274 2126 1565 2198 ἁγιωτάτῳ
1605 2143 1712 2180 πα-

153 2216 384 2287 τριάρχῃ,
425 2217 524 2270 καὶ
576 2220 689 2282 τοῖς
729 2217 1047 2289 ἱερωτάτοις
1091 2219 1539 2290 μητροπολίταις,
1570 2221 1715 2274 οἰκο-

157 2307 328 2376 νόμους
363 2306 636 2379 καθιστᾷν
687 2310 746 2362 ἐν
777 2311 896 2374 ταῖς
938 2311 1279 2380 ἐκκλησίαις,
1303 2304 1380 2366 ὧν
1421 2311 1471 2363 οἰ
1507 2327 1715 2381 μητρο-

158 2398 348 2452 πολῖται
369 2401 471 2451 καὶ
493 2401 542 2452 οἱ
559 2400 849 2454 ἐπίσκοποι
867 2400 1025 2454 τοῦτο
1047 2403 1219 2454 ποιεῖν
1243 2401 1342 2454 οὐκ
1357 2401 1659 2470 ἀνέχονταιο
1677 2399 1712 2469 ἢ

159 2492 236 2544 καὶ
255 2492 437 2555 κακῶς
460 2491 530 2544 τὰ
560 2493 669 2545 τῶν
721 2492 1060 2562 Ἐκκλησιῶν
1103 2493 1398 2548 διέπουσιν.
1438 2492 1558 2545 Ὅτι
1597 2492 1654 2544 δὲ
1685 2492 1716 2544 ὁ

157 2587 374 2649 τοιοῦτος
405 2585 590 2640 κανὼν
619 2584 697 2655 τῷ
728 2584 822 2639 τοῦ
847 2585 1117 2658 προτέρου
1142 2586 1358 2658 συνᾴδει
1394 2583 1607 2655 σκοπῷ,
1629 2583 1718 2636 ού-

157 2677 262 2730 δένα
283 2674 436 2748 οἶμαι
469 2677 891 2748 διαμφιϐἀλλειν
924 2679 1034 2732 τῶν
1073 2679 1150 2749 μὴ
1195 2681 1492 2748 παρέργως
1530 2678 1716 2740 αὐτοῖς

157 2767 234 2819 τὸν
273 2767 388 2820 νοῦν
413 2767 784 2836 ἐφιστώντων.
839 2769 994 2822 Ἐπεὶ
1017 2767 1108 2822 οὖν
1137 2767 1393 2831 ἐνταῦθα,
1427 2767 1503 2833 ὡς
1529 2765 1718 2837 σαφῶς

160 2860 539 2925 ἀποδέδεικται,
558 2863 669 2923 τοῖς
687 2860 850 2924 θείοις
864 2863 1086 2916 κανόσιν
1103 2861 1361 2931 ἑπόμενοι
1380 2860 1449 2913 τὰ
1462 2859 1719 2931 ἀνωτέρω

161 2952 403 3020 εἰρημένα
461 2951 896 3022 διετυπὼσαμεν,
961 2952 1044 3004 δεῖ
1107 2951 1281 3004 ταῦτα
1324 2948 1718 3020 διενεργεῖσθαι

161 3039 581 3108 ἀναμφιλέκτως,
612 3040 703 3092 ἐπί
747 3056 806 3092 τε
832 3039 940 3092 τῶν
973 3038 1073 3110 ἤδη
1107 3038 1384 3107 προξένων
1413 3037 1718 3108 γεγονότων

161 3130 336 3201 ζημίας
363 3137 490 3194 ταῖς
521 3132 921 3204 μητροπόλεσιν
968 3132 1305 3196 ἐπισκόπων,
1352 3133 1446 3184 καὶ
1478 3131 1570 3184 ἐπὶ
1609 3129 1718 3184 τῶν

1815 1937 2132 1991 necessario
2161 1939 2585 1996 constituendos
2609 1941 3093 1998 administratores
3121 1943 3387 2007 decrevit,

1813 2028 2119 2082 secundum
2156 2045 2211 2085 ιι
2252 2031 2468 2087 scilicet
2493 2033 2715 2087 concilii
2747 2034 2971 2104 septimi
3005 2048 3298 2088 canouem.
3342 2031 3393 2088 ls

1813 2119 1960 2174 enim
1991 2119 2269 2186 licentiam
2307 2121 2400 2176 dat
2439 2132 2552 2178 tum
2609 2126 2970 2181 sanctissimo
3032 2126 3389 2196 patriarchae,

1814 2216 1931 2263 tum
1964 2211 2360 2267 sacratissimis
2400 2216 2844 2286 metropolitanis
2875 2228 3192 2270 meonomos
3231 2217 3287 2270 in
3326 2216 3394 2272 iis

1813 2301 2070 2357 ccclesiis
2123 2305 2535 2372 constituendi,
2595 2322 2831 2378 quarum
2885 2308 3292 2377 metropolitani
3340 2316 3394 2363 et

1813 2392 2057 2465 episcopi
2117 2395 2223 2451 hoc
2277 2395 2461 2452 facere
2515 2413 2626 2454 non
2659 2400 2956 2464 sustinent,
2993 2411 3088 2454 aut
3126 2401 3268 2456 male
3303 2415 3394 2456 res

1813 2487 2172 2543 ecclesiarum
2201 2489 2614 2547 administrant.
2651 2492 2806 2558 Quod
2845 2499 3029 2546 autem
3065 2507 3244 2546 canon
3288 2490 3385 2547 ille

1816 2595 1940 2635 cum
1972 2594 2144 2649 scopo
2172 2582 2376 2651 prioris
2411 2585 2745 2649 consentiat,
2779 2587 3057 2640 neminem
3085 2601 3150 2640 ex
3181 2585 3250 2639 iis
3275 2599 3392 2638 am-

1817 2675 2003 2744 bigere
2019 2676 2278 2741 arbitror,
2312 2677 2404 2747 qui
2427 2692 2538 2732 non
2566 2679 2744 2733 otiose
2772 2687 3017 2733 mentem
3042 2679 3096 2731 in
3131 2692 3228 2732 eos
3257 2676 3393 2732 deft-

1816 2777 1974 2836 gunt.
2008 2765 2145 2822 Cum
2183 2768 2350 2839 igitur
2400 2769 2512 2834 hic,
2563 2771 2643 2824 uti
2694 2771 2902 2839 liquido
2954 2771 3395 2826 demonstratum

1817 2867 1923 2924 est,
1957 2873 2245 2914 sacrorum
2274 2875 2551 2915 canonum
2578 2861 2828 2930 vestigiis
2852 2862 3203 2928 insistentes,
3241 2876 3400 2931 supe-

1818 2950 1936 3006 rius
1977 2950 2219 3006 imlicata
2245 2952 2672 3018 sanciverimus,
2729 2961 2950 3024 oportet
2984 2969 3047 3008 ea
3076 2954 3213 3006 citra
3266 2967 3396 3006 con-

1818 3040 2201 3100 tradictionem
2232 3043 2481 3113 exsequi,
2556 3051 2668 3097 tam
2726 3044 2778 3097 in
2831 3045 2898 3098 iis
2946 3044 3244 3112 episcopis,
3300 3043 3397 3113 qui

1820 3131 2086 3188 hactenus
2112 3141 2364 3186 auctores
2407 3133 2724 3187 exstiterint
2755 3134 2967 3202 accepti
2994 3133 3395 3202 metropolibus

161 3221 244 3291 ἤδη
267 3224 753 3292 προσδοκωμένων,
792 3225 887 3277 καὶ
932 3222 1118 3286 κακῶς
1151 3222 1220 3275 τὰ
1256 3221 1366 3274 τῶν
1407 3219 1717 3290 ἐκκλησιῶν

1822 3223 2033 3287 damni,
2067 3237 2229 3293 quam
2259 3223 2354 3293 qui
2410 3225 2669 3294 deinceps
2704 3232 3120 3295 exspectantur,
3169 3234 3223 3278 et
3257 3224 3399 3278 male

163 3317 733 3384 zacaxpmpévmv,xa‘t
783 3315 1214 3388 ἐκποιουμένων,
1247 3313 1354 3381 ξκαὶ
1395 3313 1716 3384 σκορπιζόν-

163 3422 252 3459 των
283 3406 673 3478 ἀνελευθέρως,
695 3406 731 3462 ἃ
775 3408 874 3462 οὐκ
905 3408 1312 3479 ὲπισυνήγαγον
1365 3406 1578 3470 αὐταῖς,
1623 3405 1718 3459 καὶ

168 3498 375 3566 μάλιστα
407 3501 518 3553 τῶν
544 3500 612 3553 τὰ
633 3500 892 3572 ἀλλότρια
914 3501 1171 3570 κτήματα
1201 3497 1716 3567 ἐκλαμϐανομένων,

165 3591 303 3661 ἢκαὶ
332 3593 610 3658 κοσμικὰς
645 3594 880 3660 ἀναξίως
919 3591 1454 3663 μεταχειριζομένων
1499 3589 1719 3661 φροντί-

163 3682 264 3747 δας,
300 3687 407 3740 τῶν
433 3687 489 3739 δὲ
530 3687 630 3758 τῆς
660 3686 933 3756 λαχούσης
980 3687 1176 3749 αὐτοὺς
1209 3682 1718 3755 καταφρονούντων.

177 3777 321 3834 me
360 3782 460 3834 zeal.
495 3781 604 3834 τῶν
632 3779 913 3844 τοιούτων,
949 3782 998 3834 εἰ
1043 3781 1120 3850 μὴ
1151 3778 1592 3850 μεταϐάλλοιντο,
1627 3775 1723 3829 καὶ

170 3873 466 3943 καθαίρεσιν
515 3872 729 3926 τελείαν
775 3873 824 3926 οἰ
867 3871 962 3924 τοῦ
999 3870 1158 3939 λόγου
1185 3869 1388 3939 μύσται
1417 3869 1513 3921 καὶ
1549 3882 1720 3936 μυστ-

167 3965 353 4032 αγωγοὶ
381 3962 491 4016 τῶν
521 3963 783 4033 Πατέρων
812 3963 908 4016 σὺν
937 3962 1122 4025 αὐτοῖς
1149 3960 1377 4022 ἐκείνοις
1408 3956 1724 4028 καταψηφί-

169 4049 346 4116 ζονται,
391 4051 620 4121 μηδενὸς
651 4051 909 4122 ἐμποδίου
940 4051 1089 4121 παρὰ
1121 4049 1230 4103 τῶν
1271 4048 1588 4103 ἐπισκόπων
1622 4049 1725 4101 ἐπ-

169 4145 419 4214 αγομένου
446 4147 558 4207 τοῖς
585 4144 930 4214 πράγμασιν,
947 4144 1107 4214 ἄχρις
1132 4135 1193 4196 οὗ
1217 4143 1283 4196 τά
1306 4159 1365 4195 τε
1385 4140 1722 4213 ζημιώματα

167 4237 272 4300 ταῖς
309 4237 710 4307 μητροπόλεσιν
765 4236 1031 4306 ἱκανωθῇ,
1064 4235 1124 4303 ἐξ
1160 4228 1235 4289 ὧν
1271 4237 1366 4289 καὶ
1421 4233 1720 4305 ἐπηνέχθη,

167 4331 250 4382 καὶ
263 4331 547 4399 διάγνωσις
573 4329 799 4400 γένηται
824 4328 917 4382 τοῦ
943 4328 1158 4392 λοιποῦ,
1190 4327 1304 4382 εἴτε
1329 4328 1467 4398 πρὸς
1495 4327 1564 4380 τὰ
1597 4327 1723 4379 ἐπι-

167 4422 377 4488 κείμενα
405 4422 636 4486 ταύταις
676 4420 968 4490 ἐξαρκοῦσι
1021 4419 1186 4491 βάρη,
1222 4419 1332 4472 εῐτε
1381 4421 1474 4472 καὶ
1511 4419 1608 4490 μή.
1657 4417 1722 4471 Εἰ

165 4513 214 4565 δέ
240 4531 298 4582 γε
340 4515 446 4586 πρὸ
479 4514 573 4568 τοῦ
608 4513 781 4568 ταῦτα
817 4512 1090 4582 γενέσθαι,
1152 4512 1443 4582 τολμήσειε
1492 4529 1577 4576 τις
1613 4511 1722 4564 τῶν

169 4606 465 4661 ἐπισκόπων
531 4607 807 4678 πρόφασιν
865 4604 1204 4676 ἐμποδισμοῦ
1258 4607 1368 4668 τοῖς
1420 4605 1727 4675 οἰκονόμοις

167 4695 487 4766 ἐπενεγκεῖν,
524 4697 558 4768 ἢ
617 4697 1019 4769 παρενοχλῆσαι
1071 4699 1186 4760 τοῖς
1233 4697 1548 4768 πράγμασι,
1583 4689 1725 4766 πλὴν

165 4789 249 4842 τοῦ
276 4791 650 4846 ἀναδιδάσκειν
687 4791 743 4843 εῐ
783 4809 835 4844 τι
865 4791 973 4845 τῶν
997 4791 1134 4862 πρὸς
1179 4791 1448 4860 ὠφέλειαν
1486 4791 1596 4844 τῶν
1629 4792 1726 4844 έκ-

167 4882 391 4951 κλησιῶν
429 4883 749 4938 ἐπίστανται
802 4883 1116 4948 συντελεῖν,
1179 4883 1340 4947 αὐτὸς
1399 4882 1576 4954 ἑαυτῷ
1625 4885 1727 4954 τῆς

169 4972 396 5040 μείζονος
425 4975 724 5044 καταδίκης
752 4977 1040 5045 γενήσεται
1069 4976 1348 5047 πρόξενος,
1368 4976 1443 5039 ὼς
1461 4980 1572 5039 τοῖς
1600 4993 1727 5030 συν-

168 5066 348 5131 οδικῶς
411 5069 506 5122 καὶ
572 5069 874 5134 κανονικῶς
935 5069 1236 5141 ὁρισθεῖσιν
1290 5068 1724 5140 ἐναντιούμενος.

179 5153 328 5210 ’Δλλὰ
357 5160 490 5230 μηδὲ
512 5160 610 5231 τῆς
642 5161 784 5213 κατὰ
803 5161 904 5232 τὴν
934 5160 1204 5230 ἐπαρχίαν
1237 5161 1456 5213 συνόδου
1485 5159 1725 5229 ἀπολιμ-

169 5249 418 5306 πάνεσθαι
460 5255 588 5318 τοὺς
617 5255 970 5326 ἐπισκόπους,
1014 5255 1184 5326 χωρὶς
1215 5255 1524 5323 ἀναγκαίας
1581 5255 1730 5319 τινὸς

168 5342 252 5392 καὶ
274 5342 647 5416 ἀπαραιτήτου
677 5346 881 5412 αἰτίας,
910 5341 1164 5418 συνοδικῇ
1204 5346 1372 5418 ψήφῳ
1420 5347 1514 5401 καὶ
1545 5348 1728 5418 κρίσει

168 5430 521 5508 διοριζόμεθα.
568 5440 658 5504 Ὠς
710 5439 821 5510 γὰρ
862 5441 958 5493 ἐπὶ
1014 5439 1322 5512 λυσιτελείᾳ
1393 5440 1606 5496 πολλῶν
1633 5440 1730 5496 καὶ

170 5526 438 5601 οἰκοδομῇ,
477 5534 621 5602 τάχα
660 5531 717 5586 δὲ
771 5533 867 5586 καὶ
905 5531 1190 5602 διορθώσει
1239 5534 1507 5590 ἐναντίων
1564 5535 1729 5590 τινῶν

173 5623 577 5688 συμπιπτόντων
610 5624 912 5695 ἐκασταχῆ,
959 5626 1041 5678 δεῖ
1085 5628 1150 5677 ὲκ
1200 5626 1399 5688 παντὸς
1427 5627 1592 5679 τόπου
1632 5627 1730 5699 τὴν

174 5710 473 5768 συνέλευσιν
501 5715 782 5783 γίνεσθαιο
827 5717 922 5770 καὶ
948 5718 974 5768 ὁ
1009 5716 1317 5784 ἀνευλόγως
1369 5715 1573 5786 ταύτης
1622 5718 1730 5785 ἀφ’

177 5805 419 5875 υστερῶν,
440 5806 471 5877 ἢ
495 5807 825 5881 καλούμενος
851 5810 1112 5875 ἀπειθῶν,
1135 5812 1180 5864 εἰ
1199 5811 1272 5882 μὴ
1297 5810 1728 5883 εὐπροφάσιστον

1820 3316 1987 3370 rebus
2029 3314 2392 3370 ecclesiarum
2443 3315 2772 3378 abutuntur,
2814 3330 3023 3384 easque
3053 3315 3314 3378 alienant,
3344 3322 3400 3369 et

1821 3408 2162 3464 illiberaliter
2195 3407 2488 3477 dissipant,
2504 3422 2627 3478 quae
2655 3423 2752 3478 pro
2789 3407 2871 3464 eis
2894 3409 2997 3478 ipsi
3025 3423 3132 3462 non
3165 3408 3398 3476 college-

1822 3509 1952 3556 runt
1971 3515 2064 3569 ;ac
2085 3502 2410 3571 praesertim,
2428 3501 2522 3570 qui
2541 3505 2721 3557 aliena
2747 3500 2949 3571 praedia
2969 3499 3281 3554 conducunt
3306 3506 3401 3552 aut

1822 3592 2105 3664 indignum
2141 3593 2199 3648 in
2239 3593 2465 3648 modum
2503 3593 2818 3651 mundanas
2842 3593 3161 3647 curationes
3195 3592 3248 3644 in
3277 3605 3400 3644 sese

1823 3685 2155 3754 suscipiunt,
2179 3697 2305 3738 cum
2336 3697 2422 3737 res
2443 3683 2695 3738 ecclesiae
2727 3682 2832 3738 sibi
2866 3682 3263 3740 commendatae
3303 3694 3403 3735 ne-

1823 3780 2046 3849 gligant.
2080 3775 2224 3841 Quin
2247 3775 2412 3830 etiam
2443 3777 2604 3840 tales,
2634 3775 2742 3830 nisi
2771 3781 3076 3838 mutentur,
3101 3771 3402 3842 depositio-

1825 3871 1912 3926 nis
1947 3870 2119 3940 plenze
2143 3867 2414 3924 sententia
2439 3877 2628 3938 mystae
2653 3867 2806 3921 verbi
2855 3866 3070 3929 Patres,
3102 3872 3157 3921 et
3196 3874 3399 3934 myste-

1825 3963 2034 4017 riorum
2071 3960 2352 4023 doctores,
2397 3974 2504 4014 una
2544 3975 2672 4015 cum
2725 3959 2864 4030 ipsis
2902 3958 3167 4014 damnant
3203 3976 3217 4011 :
3248 3957 3399 4012 nullo

1825 4055 2216 4127 impedimento
2250 4057 2416 4110 rebus
2438 4069 2536 4124 per
2557 4054 2847 4124 episcopos
2894 4050 3195 4116 atterendo,
3226 4051 3402 4104 donec

1825 4156 1879 4204 et
1915 4148 1984 4204 de
2010 4146 2232 4202 damnis
2263 4145 2608 4203 satisfactum
2661 4144 3064 4214 ietropolibus
3124 4141 3291 4197 fuerit
3335 4144 3402 4196 ab

1826 4243 1916 4310 iis,
1943 4257 1974 4297 a
1998 4242 2202 4314 quibus
2225 4241 2379 4297 illata
2418 4248 2589 4306 sunt,
2622 4247 2678 4295 et
2719 4239 3044 4311 cognitione
3073 4237 3238 4303 farta,
3270 4249 3405 4291 con-

1826 4335 2033 4394 stiterit
2059 4335 2117 4391 in
2149 4340 2455 4405 posterum,
2506 4346 2576 4388 an
2623 4331 3074 4387 incumbentibus
3115 4329 3221 4384 sibi
3257 4327 3406 4382 selli-

1826 4429 1978 4483 ciant
2005 4427 2272 4483 oneribus
2305 4426 2661 4497 metropoles,
2717 4439 2914 4480 necne.
2955 4421 3116 4490 Quod
3153 4421 3196 4476 si
3224 4422 3401 4491 prius,

1757 4563 1804 4622 D
1830 4533 1995 4589 quam
2028 4519 2145 4574 haec
2176 4516 2328 4584 ﬁant,
2369 4518 2751 4588 episcoporum
2799 4515 3071 4586 quispiam
3109 4513 3273 4568 fuerit
3303 4527 3406 4622 au:

1831 4626 1929 4668 sus
1976 4609 2356 4680 impedimenti
2412 4624 2636 4666 causam
2668 4609 2972 4664 teconomis
2999 4606 3263 4676 obiicere,
3315 4603 3404 4658 vel

1829 4703 2140 4759 molestiam
2202 4701 2440 4772 negotiis
2478 4700 2706 4757 aﬂ'erre:
2755 4709 2911 4754 extra
2932 4712 3094 4767 quam
3126 4697 3173 4752 si
3204 4695 3407 4750 docere

1828 4795 1961 4851 velit
2000 4792 2212 4864 aliquid
2270 4806 2489 4858 eorum,
2535 4807 2658 4861 quae
2702 4789 2994 4846 commodo
3042 4788 3402 4844 ecclesiarum

1829 4887 2104 4944 servitura
2139 4884 2325 4941 norint
2365 4901 2381 4938 :
2426 4884 2474 4938 is
2497 4883 2653 4952 ipsus
2687 4883 2795 4938 sibi
2828 4881 3106 4954 gravioris
3133 4880 3404 4936 condem-

1829 4980 2074 5036 nationis
2124 4977 2450 5033 conciliator
2504 4976 2633 5038 erit,
2683 4982 2742 5028 ut
2791 4976 2886 5045 qui
2929 4974 3172 5028 detlnitis
3202 4988 3267 5028 ex
3304 4987 3407 5024 au-

1829 5071 2090 5128 ctoritate
2115 5069 2457 5141 synodorum
2484 5075 2538 5123 et
2567 5081 2843 5123 canonum
2882 5066 3225 5123 adversetur.
3262 5063 3405 5130 Quin

1829 5169 1990 5223 etiam
2024 5180 2094 5222 ne
2127 5163 2562 5235 provincialibus
2591 5163 2837 5234 episcopi
2869 5160 3098 5234 synodis
3134 5161 3407 5216 interesse
3439 5145 3444 5149 ’

1830 5258 2133 5330 negligant,
2163 5257 2374 5327 absque
2416 5257 2730 5312 necessaria
2780 5257 3019 5326 quadam
3073 5263 3128 5310 et
3175 5253 3403 5308 minime

1831 5351 2055 5422 rejicula
2079 5364 2244 5405 causa
2273 5348 2525 5421 synodali
2549 5348 2775 5406 decreto
2793 5349 3176 5419 sententiaque
3200 5346 3399 5403 statui-

1833 5459 1978 5499 mus.
2011 5440 2225 5513 Quippe
2261 5451 2523 5514 tauquam
2548 5442 2616 5497 ad
2678 5442 2965 5498 utilitatem
3019 5441 3311 5496 multorum
3353 5447 3409 5493 et

1829 5536 2268 5603 aediﬁcationem,
2299 5550 2364 5591 ac
2388 5534 2639 5592 fortassis
2654 5535 2820 5591 etiam
2849 5531 3243 5589 correctionem
3273 5543 3410 5584 cutt-

1832 5630 2127 5686 trariorum
2157 5628 2546 5700 quorumdam,
2586 5628 2820 5699 singulis
2875 5623 3214 5695 temporibus
3266 5621 3403 5676 inei-

1832 5722 2097 5787 dentium,
2122 5736 2152 5776 e
2184 5723 2378 5792 quovis
2411 5719 2852 5776 conveniendum
2896 5725 2980 5772 est
3031 5717 3153 5770 loco
3180 5733 3194 5768 :
3227 5721 3282 5769 et
3311 5711 3444 5783 qui.»

1833 5815 2039 5886 absque
2069 5813 2218 5882 justa
2248 5827 2414 5870 causa
2453 5829 2480 5868 a
2514 5821 2798 5870 conventu-
2815 5808 2988 5874 abest,
3021 5817 3111 5864 aut
3173 5812 3448 5862 vocatus-2‘
