3950 6568
561 338 661 405 ΒἩ

1891 345 1928 408 J
1932 344 2029 410 US
2066 344 2504 408 CANONICUM
3670 357 3748 421 832

565 470 673 509 non
706 460 881 524 paret,
912 467 1025 514 ntst
1052 456 1390 529 probabilem
1423 457 1692 516 rationem
1741 458 2006 515 absentiae
2033 472 2148 515 suae

2250 457 2407 528 λόγον
2447 456 2720 515 ἀποδώσει
2761 458 2861 531 τῆς
2910 458 3107 515 ἐαυτοῦ
3153 456 3502 531 ἀπολείψεως,
3555 463 3635 517 καὶ
3677 468 3746 520 τοῦ

564 546 886 616 reddiderit,
941 556 997 605 et
1043 550 1417 622 impedimenti
1464 551 1712 610 futurum
1767 554 1927 621 sciat,
1976 562 2037 611 ut
2086 555 2144 611 in

565 652 689 693 eum
725 641 997 697 sententia
1041 643 1270 708 feratur,
1319 645 1463 700 sicut
1494 646 1641 702 inter
1682 655 1913 704 caeteros
1944 649 2145 706 inultos

566 730 730 783 etiam
764 746 946 787 Lxxvtt
1005 734 1198 805 synodi
1234 734 1690 807 Carthaginiensis
1735 754 1914 795 canon
1951 741 2141 797 decer-

564 821 665 879 nit.
700 822 888 894 Neque
911 842 1043 880 vvro
1074 827 1209 882 ﬁnes
1236 828 1446 885 alienos
1462 830 1514 885 hi
1539 832 1832 888 ambitiose
1858 832 2141 902 invadant,

565 920 792 969 etc-xtra
835 916 1037 972 limites
1086 934 1218 975 suos
1245 920 1519 988 ordinent,
1565 932 1732 993 atque
1789 922 1887 979 hac
1929 926 2145 983 ratione

568 1008 915 1065 confusionis
948 1021 1206 1070 auctores
1246 1016 1383 1083 sint,
1417 1017 1511 1086 qui
1547 1016 1675 1071 boni
1700 1017 1914 1074 ol‘dinis
1945 1034 2146 1074 exem—

567 1099 717 1168 plum
751 1101 841 1155 alii
878 1103 990 1158 lieri
1021 1105 1241 1173 debent,
1265 1118 1319 1164 et
1338 1110 1571 1179 primunt
1599 1110 1819 1167 virtutis
1847 1112 2145 1183 exemplari

567 1207 746 1263 neque
773 1181 1005 1252 clericos
1031 1198 1258 1255 alterius
1304 1202 1603 1272 provincia:
1631 1218 1960 1273 quocunque
1987 1205 2148 1260 modo

567 1282 880 1349 admittant,
915 1289 1127 1359 absque
1153 1294 1427 1349 sententia
1458 1303 1513 1349 et
1541 1297 1750 1365 scripto
1775 1297 2022 1367 episcopi
2059 1297 2149 1353 sui

567 1379 1033 1445 commendatitiu,
1064 1385 1526 1453 quemadmodum
1568 1388 1712 1443 sacri
1738 1388 2024 1459 divinique
2053 1403 2147 1443 ca-

569 1481 745 1523 nones
782 1473 1093 1542 requirunt.
1141 1477 1297 1543 Quod
1336 1481 1508 1549 magis
1540 1482 1704 1536 etiam
1734 1482 1787 1536 in
1814 1481 1919 1536 hac
1956 1491 2150 1539 custo-

567 1560 681 1615 dita
707 1563 971 1622 divinitus
1003 1569 1140 1625 urbe
1164 1571 1267 1626 rite
1297 1574 1631 1640 servabitur,
1660 1584 1851 1647 utpote
1880 1577 1949 1630 ad
1981 1591 2147 1647 quam

568 1653 856 1708 constituti
901 1657 1106 1729 ubique
1148 1671 1417 1716 terrarum
1472 1666 1680 1732 clerici,
1730 1668 1805 1721 rei
1849 1669 2055 1738 pariter
2093 1675 2148 1722 et

571 1754 680 1795 non
717 1744 817 1808 rei,
848 1748 1087 1803 ordinati
1116 1760 1168 1804 et
1194 1767 1304 1805 non
1332 1753 1593 1817 ordinati,
1630 1756 1937 1820 conﬂuunt,
1967 1756 2146 1812 nemi-

571 1847 748 1901 neque
779 1838 1101 1901 prohibente
1141 1856 1297 1898 sacra
1322 1854 1609 1915 peragunt.
1638 1847 1747 1903 Nec
1789 1849 1915 1903 item
1945 1865 2147 1906 sccun-
2174 1824 2222 1885 Β

571 1921 657 1978 dis
703 1925 897 1996 illigati
932 1932 1163 1999 nuptiis,
1191 1936 1337 2003 quod
1375 1937 1578 2004 passim
1620 1937 1733 2007 jam
1779 1939 1896 1993 ﬁeri
1934 1944 2151 2011 accepi-

569 2027 716 2079 mus,
773 2017 857 2071 vel
906 2020 1234 2077 criminibus
1300 2028 1484 2081 vetitis
1540 2029 1787 2094 obnoxii,
1842 2032 1922 2085 vel
1972 2033 2150 2089 adimo

566 2103 905 2175 impuberes,
936 2112 1022 2167 vel
1072 2116 1497 2173 accuratissime
1529 2122 1846 2176 testimonio
1875 2123 2147 2193 destituti,
2181 2125 2185 2129 ’

568 2197 654 2254 vel
685 2199 775 2268 qui
806 2202 959 2272 prius
983 2204 1117 2262 alias
1151 2206 1259 2267 sibi
1281 2210 1782 2281 desponderunt,ct
1806 2216 1931 2272 aliis
1961 2225 2149 2289 postea

564 2287 741 2359 juncti
772 2303 904 2350 sunt
926 2300 1278 2356 matrimonio
1310 2318 1536 2373 prorsus
1558 2304 1623 2358 ad
1649 2287 2020 2364 sacerdotium
2052 2311 2149 2366 ad-

568 2382 882 2443 mittantur.
939 2388 1073 2444 Nam
1137 2393 1231 2463 qui
1278 2394 1395 2450 bare
1425 2413 1535 2451 non
1563 2401 1860 2454 observant
1904 2402 2147 2474 episcopi

567 2471 697 2528 dum
729 2491 974 2537 canones
1018 2483 1248 2551 violant,
1290 2490 1653 2546 acanonibus
1715 2471 2147 2563 abdicabuntur,

566 2572 623 2618 et
652 2564 1022 2626 interminatis
1053 2587 1147 2641 per
1172 2590 1270 2630 eos
1322 2580 1501 2647 pmnis
1558 2580 1956 2639 inevitabiliter
1977 2585 2151 2655 subji-

570 2653 809 2712 cientur.
845 2659 1095 2718 Clericos
1132 2674 1315 2721 autem
1350 2685 1474 2723 cum
1505 2670 1720 2728 clericis
1749 2653 2147 2747 disceptantes,

570 2756 665 2800 aut
689 2751 988 2808 monachos
1007 2769 1133 2809 cum
1156 2760 1461 2826 monachis,
1485 2764 1628 2832 apud
1645 2764 1960 2836 episcopum
1988 2784 2152 2825 suum

568 2836 772 2893 debere
793 2841 886 2911 jus
928 2853 1135 2913 petere,
1166 2861 1356 2907 sacros
1407 2866 1651 2911 canones
1685 2858 1988 2927 sequendo,
2021 2876 2150 2930 pro-

567 2932 911 2990 nuntiamus.
938 2936 1139 2993 Clerici
1166 2955 1295 2998 vero
1321 2956 1445 2997 cum
1475 2946 1772 3017 episcopis,
1804 2950 1886 3005 vel
1906 2951 2151 3023 episcopi

568 3037 694 3076 cum
727 3025 1031 3097 episcopis,
1084 3030 1231 3101 apud
1292 3038 1778 3107 metropolitanum
1829 3043 2147 3112 provincia,

2247 549 2611 622 ἐμποδισμοῦ,
2666 549 2808 604 ἔστω
2857 548 3036 616 εἰδὼς,
3076 549 3256 621 ψῆφον
3313 550 3749 627 νομοθετησομένην

2246 648 2366 700 κατ’
2395 647 2583 709 αὐτοῦ,
2614 647 2690 710 ῶς
2715 647 2834 717 μεθ’
2862 647 3069 718 ἐτέρων
3119 646 3328 702 πολλῶν
3372 646 3463 700 καὶ
3497 650 3522 701 ό
3559 650 3609 701 ἐν
3637 651 3750 720 Καρ-

2249 736 2451 809 θαγένῃ
2485 737 2561 801 οζ¹
2592 738 2763 810 ὁρίζει
2786 736 2989 793 κανών.
3023 740 3177 808 Μήτε
3199 739 3256 792 δὲ
3276 736 3751 808 ἁλλοτρίαιςτούτους

2246 829 2484 899 ἐνορίαις
2517 828 2919 893 πλεονεκτικῶς
2958 829 3334 900 ἐπεμϐαίνειν,
3365 830 3455 882 καὶ
3484 836 3751 899 χειροτονεῖν

2248 920 2535 992 ὑπερόρια,
2571 922 2666 975 καὶ
2705 921 3017 989 νομοθετεῖν
3069 920 3241 986 οὕτως
3272 921 3379 991 τὴν⁴
3408 921 3633 988 ἀταξίαν,
3659 927 3753 988 τοὺς

2246 1016 2563 1085 ὀφείλοντας
2612 1014 2868 1082 εὐταξίας
2917 1016 3014 1069 καὶ⁸
3066 1016 3274 1086 ἑτέροις
3327 1013 3610 1083 ὑπόδειγμα
3641 1015 3753 1081 γίνε-

2251 1106 2375 1160 σθαι
2424 1107 2518 1160 καὶ
2555 1107 2867 1178 ἀρχέτυπον
2895 1105 3131 1177 ἀρετῆς*
3175 1106 3314 1175 μήτε
3370 1103 3642 1174 κληρικοὺς
3665 1106 3753 1160 ἐτέ·

2251 1212 2353 1269 ρας
2395 1197 2666 1269 ἐπαρχίας
2725 1198 3049 1270 προσίεσθαι
3099 1196 3219 1251 καθ’
3260 1195 3550 1264 οἱονδήτινα
3578 1197 3751 1267 τρόπον,

2249 1288 2427 1358 παρὲξ
2479 1288 2707 1360 γνώμης
2767 1289 2864 1344 καὶ
2904 1289 3185 1362 ἐγγράφου
3218 1287 3530 1341 συστατικοῦ
3555 1288 3634 1341 τοῦ
3657 1289 3754 1343 ibim

2247 1380 2427 1435 αὐτῶν
2446 1382 2771 1448 ἐπισκόπου,
2795 1380 2872 1446 ὡς
2893 1383 2942 1435 cl
2971 1382 3107 1452 ἱεροὶ
3128 1381 3228 1435 καὶ
3250 1380 3383 1433 θεῖοι
3404 1380 3608 1442 κανόνες
3627 1398 3755 1449 προσ-

2249 1470 2596 1528 απαιτοῦσιν.
2627 1472 2693 1526 ‘0
2732 1472 2826 1526 καὶ
2857 1472 3057 1543 μᾶλλον
3082 1473 3140 1525 ἐν
3180 1470 3352 1543 ταύτῃ
3377 1472 3441 1541 τῇ
3470 1470 3755 1542 θεοφυλάκτῳ

2251 1565 2405 1621 πόλει
2435 1565 2618 1629 καλῶς
2643 1566 3077 1638 φυλαχθήσεται,
3106 1564 3204 1618 az:
3233 1564 3343 1617 τῶν
3373 1562 3654 1632 ἁπανταχοῦ
3681 1569 3756 1634 γῆς

2249 1658 2556 1731 κληρικῶν,
2585 1659 2907 1713 ὑπευθύνων
2960 1674 3018 1712 τε
3074 1659 3193 1729 ἅμα
3233 1657 3328 1711 καὶ
3365 1654 3661 1720 ἀνευθύνων,
3688 1656 3756 1709 καὶ

2247 1752 2777 1824 κεχειροτονημένων
2801 1752 2895 1806 καὶ
2920 1750 3373 1822 ἁχειροτονήτων,
3398 1749 3475 1811 είς
3493 1748 3638 1817 αὐτὴν
3664 1764 3756 1799 συν.

2250 1843 2573 1914 τρεχόντων,
2603 1844 2697 1897 καὶ
2723 1843 3022 1907 ἀκωλύτως
3051 1844 3198 1914 ίερου
3210 1840 3499 1912 ργυύντων.
3522 1841 3653 1908 Μήτε
3674 1839 3754 1911 μὴν

2250 1931 2538 2002 διγάμους,
2590 1932 2617 1986 ὃ
2651 1931 2922 2003 πολλαχοῦ
2971 1931 3298 2001 ἀκηκόαμεν
3346 1929 3573 1999 γίνεσθαι
3604 1927 3696 1991 νῦν,
3728 1930 3751 1999 ἦ

2250 2023 2309 2075 ἐν
2348 2023 2549 2087 αἰτίαις
2604 2023 2747 2078 τισὶν
2782 2023 3273 2095 ἁπηγορευμέναις
3335 2018 3751 2090 γεγενημένουςυη

2251 2115 2330 2168 ἐτι
2370 2114 2666 2185 ἀφήλικας,
2695 2117 2728 2187 ἢ
2761 2117 2932 2187 χωρὶς
2976 2115 3290 2187 μαρτυρίας
3331 2113 3752 2187 ἀκριϐεστάτης,ἡ

2251 2210 2878 2279 προμνηστευσαμένους
2904 2209 3116 2280 ἐτέρας,
3155 2208 3255 2262 καὶ
3284 2208 3494 2279 ἑτέραις
3516 2205 3753 2276 συναφθέν-

2249 2318 2369 2367 τας,
2435 2304 2515 2367 είς
2554 2302 2859 2374 ἱερωσύνην
2912 2300 3322 2372 παραδέχεσθαι
3374 2301 3521 2362 ὅλως.
3582 2300 3754 2352 Ἐπεὶοί

2250 2395 2426 2451 ταῦτα
2457 2397 2532 2469 μὴ
2558 2395 3008 2467 παρατηροῦντες
3028 2397 3344 2461 ἐπίσκοποι,
3363 2393 3649 2454 ἀθετοῦντες
3663 2392 3754 2454 τοὺς

2251 2489 2503 2555 κανόνας,
2528 2488 2957 2560 ἀθετηθήσονται
2986 2486 3118 2559 παρ’
3152 2487 3360 2551 αὐτῶν,
3389 2487 3478 2540 καὶ
3511 2488 3616 2548 ταῖς
3638 2486 3754 2555 ἠπει-

2250 2581 2515 2653 λημέναις
2541 2580 2635 2634 ὑπ’
2665 2581 2894 2635 ἐκείνων
2917 2579 3173 2645 εὐθύναις
3200 2579 3487 2650 ἁφεύκτως
3505 2574 3753 2645 ὑποϐληθὴ-

2254 2689 2462 2728 σονται.
2507 2673 2826 2744 Κληρικοὺς
2868 2674 2925 2727 δὲ
2955 2673 3244 2745 κληρικοῖς
3271 2667 3753 2743 ὃιαμφισόητοῦντας.

2250 2765 2284 2837 ἦ
2315 2767 2412 2821 καὶ
2442 2767 2710 2837 μοναχοὺς
2736 2769 3013 2838 μοναχοτς,
3044 2768 3197 2838 παρὰ
3220 2765 3299 2836 τῷ
3337 2765 3514 2835 οἰκείῳ
3537 2760 3754 2834 κρίνεσθαι

2249 2857 2554 2927 ἐπισκόπῳ,
2587 2857 2899 2923 ἀκολούθως
2933 2860 3047 2923 τοῖς
3076 2857 3249 2922 θείοις
3273 2856 3490 2911 κανόσιν
3519 2850 3755 2923 ἀποφαινό-

2254 2950 2415 3021 μεθα.
2450 2951 2763 3023 Κληρικοὺς
2801 2950 2860 3005 δὲ
2892 2951 3239 3018 ἐπισκόποις,
3274 2951 3308 3022 ἢ
3341 2948 3641 3009 ἐπισκόπους
3664 2946 3751 2996 ἐπι-

2253 3043 2500 3108 σκόποις,
2527 3044 2680 3114 παρὰ
2707 3042 2786 3115 τῷ
2819 3044 2918 3115 τῆς
2948 3044 3226 3115 ἐπαρχίας
3283 3040 3622 3113 μητροπολίτῃ
3661 3052 3752 3089 συν-

569 3116 784 3186 synodo
809 3119 1235 3189 interveniente,
1268 3135 1457 3197 agant.
1496 3128 1595 3184 Sin
1642 3132 1869 3204 aliquod
1900 3136 2149 3195 incidens

2254 3136 2470 3199 οδικῶς.
2505 3136 2567 3191 El
2607 3136 2664 3191 δὲ
2690 3138 2985 3192 σκάνδαλον
3012 3135 3340 3208 ὑποτρέχον,
3364 3134 3580 3205 ὑποψίαν
3598 3130 3754 3227 θατέρῳ

569 3207 987 3279 ollendiculum,
1004 3217 1373 3287 suspicionem
1392 3222 1645 3278 alterutri
1664 3227 1897 3295 partium
1924 3229 2146 3300 gignat:

569 3299 637 3352 ad
666 3303 1078 3360 sanctissimum
1129 3308 1400 3380 cujusque
1429 3316 1694 3383 temporis
1750 3299 2147 3389 patriarcltam,

568 3399 623 3445 ct
646 3391 714 3446 ad
742 3408 965 3450 sacrum
997 3412 1370 3471 magnumque
1419 3405 1716 3462 concilium
1749 3419 2029 3465 reservata
2057 3413 2148 3478 lis,

568 3482 858 3540 decidatur
888 3503 903 3541 :
935 3502 1045 3542 non
1070 3497 1252 3547 tamen
1279 3494 1485 3564 absque
1499 3500 1768 3552 sententia
1796 3509 1847 3554 et
1866 3515 2151 3558 commen-

569 3573 763 3629 datitio
795 3578 1205 3647 metropolitani
1241 3583 1470 3655 scripto,
1493 3587 1686 3643 urbem
1741 3589 2150 3660 imperatricem

569 3667 865 3737 episcopus
930 3669 1293 3741 ingrediatur,
1355 3676 1443 3730 vel
1506 3678 1617 3734 alio
1659 3682 2150 3752 peregrinationem

570 3757 848 3827 instituat,
893 3761 938 3816 si
972 3777 1080 3832 qua
1108 3766 1423 3823 necessaria
1455 3784 1544 3825 res
1577 3770 1649 3825 ita
1684 3770 1907 3843 ﬂagitet.
1938 3775 2151 3848 Quippe

575 3850 879 3908 canonibus
916 3853 1214 3911 obnoxium
1240 3873 1504 3931 reumque
1537 3877 1658 3919 sese
1683 3865 1894 3923 reddet.
1922 3867 2151 3941 Episco-

575 3961 704 4016 pum
744 3954 951 4014 autem,
980 3948 1075 4020 qui
1102 3960 1306 4006 temere
1335 3956 1740 4025 metropolitani
1770 3973 1988 4028 plenam
2020 3976 2152 4018 con-

575 4039 770 4093 temnit
798 4080 812 4104 ,
846 4038 1094 4095 inaudita
1124 4057 1288 4099 causa
1320 4049 1586 4104 removeri
1618 4049 1902 4119 iubemus.

641 4129 708 4185 Et
743 4146 1037 4203 personam
1072 4136 1469 4194 sacerdotalem
1490 4142 1610 4207 ,vel
1641 4158 1932 4212 personam
1957 4162 2151 4203 mona-

571 4222 783 4279 chicam
808 4222 1124 4284 ‘mundanos
1150 4229 1303 4285 adire
1330 4230 1570 4301 judices,
1608 4244 1662 4292 et
1686 4246 1893 4307 petere,
1922 4242 1990 4297 de
2012 4259 2149 4313 qua-

569 4331 788 4387 cunque
814 4327 872 4373 ut
903 4319 999 4375 lite
1032 4336 1130 4391 per
1160 4322 1310 4392 ipsos
1343 4340 1746 4397 cognoscatur,
1778 4334 2006 4389 omnino
2033 4352 2148 4391 non

572 4411 950 4479 permittimus
982 4429 997 4467 :
1032 4412 1131 4468 sed
1182 4416 1238 4470 in
1277 4418 1594 4489 episcopos,
1646 4423 2048 4496 episc0patus;
2093 4430 2148 4485 in

2254 3232 2473 3301 ἐμποιεῖ
2495 3229 2603 3284 τῶν
2630 3230 2834 3302 μερῶν,
2869 3229 3021 3300 παρὰ
3043 3229 3121 3299 τῷ
3146 3232 3289 3282 κατὰ
3316 3228 3410 3299 τὴν
3432 3228 3618 3296 ἡμέραν
3633 3223 3753 3288 ἁγιωο

2252 3320 2399 3391 τάτιρ
2429 3320 2765 3392 πατριάρχῃ,
2802 3320 2897 3373 καὶ
2950 3322 3015 3390 τῇ
3062 3319 3184 3390 ἱερᾷ
3229 3318 3328 3372 καὶ
3384 3314 3576 3386 μεγάλῃ
3606 3307 3753 3375 συνόδῳ

2251 3411 2536 3483 τηρεῖσθαι
2570 3413 2665 3466 καὶ
2698 3411 2997 3485 τέμνεσθαι
3024 3411 3084 3465 τὸ
3107 3411 3526 3482 ἀμφισϐήτημα.
3550 3404 3669 3472 Πλὴν
3700 3399 3752 3471 μὴ

2252 3504 2383 3559 ἄνευ
2407 3503 2632 3574 γνώμης
2658 3505 2751 3558 καὶ
2782 3503 3116 3573 συστατικῆς
3142 3502 3240 3556 τοῦ
3270 3497 3634 3573 μητροπολίτον
3655 3508 3753 3561 τρι·

2256 3596 2385 3665 φῆς,
2414 3594 2716 3648 ἐπιϐαίνειν
2759 3594 2859 3664 τῆς
2898 3593 3300 3666 βασιλευούσης
3326 3594 3620 3689 ἐπίσκοπον,
3645 3583 3752 3689 ἰξάλ-

2251 3687 2418 3758 λαχοῦ
2440 3704 2543 3741 που
2572 3687 2897 3741 στέλλεσθαι
2928 3686 3269 3758 ἀποδημίαν,
3303 3686 3355 3739 et
3376 3702 3424 3738 τι
3447 3682 3491 3778 δῖ
3512 3682 3583 3778 ἂν.
3601 3679 3675 3731 καὶ
3693 3679 3752 3778 sit}

2252 3780 2313 3834 τὸ
2343 3778 2547 3834 καλοῦν
2582 3781 2904 3853 ἀναγκαῖον.
2954 3779 3109 3832 Ἐπεὶ
3138 3778 3327 3849 ἔνοχον
3350 3773 3530 3829 ἑαυτὸν
3563 3770 3752 3838 άπεργὰ-

2255 3888 2407 3926 σεται
2434 3873 2545 3935 τοῖς
2585 3873 2827 3926 κανόσιν.
2879 3871 3211 3924 Ἐπίσκοπον
3239 3871 3297 3925 δέ
3325 3864 3590 3939 προπετῶς
3621 3863 3753 3913 imi”

2256 3962 2380 4035 μίου
2424 3963 2803 4034 ὀλιγωροῦντα
2858 3962 3283 4034 μητροπολίτου,
3324 3953 3662 4029 καθαιρεῖσθαι
3690 3951 3754 4003 ἁν-

2253 4056 2618 4127 απολογήτως
2646 4055 3089 4126 προστάσσομεν.

2324 4125 2623 4217 Κοσμικοῖς
2669 4125 2726 4200 δὲ
2773 4145 3052 4207 δικασταῖς
3118 4142 3392 4214 ἱερατικὸν
3441 4125 3751 4238 πρόσωπονζη

2251 4240 2345 4294 καὶ
2394 4239 2684 4310 μοναχικδν
2713 4239 3005 4308 πρόσωπον
3057 4237 3362 4307 προσιέναι,
3395 4232 3481 4287 καὶ
3511 4228 3663 4297 ζητεῖν
3686 4222 3741 4310 δέπ

2251 4309 2475 4382 ἐκείνων
2496 4327 2813 4392 δικάζεσθαι
2863 4326 3022 4398 δίκην
3074 4327 3270 4397 ἥντινα
3315 4323 3486 4416 τύχῃ,
3527 4320 3644 4378 ὅλως
3676 4309 3754 4416 Ῡῦκ

2252 4418 2498 4489 ἐφίεμεν·
2533 4419 2668 4473 ἀλλὰ
2693 4419 2801 4472 τῶν
2835 4420 2935 4489 μὲν
2968 4420 3313 4482 ἐπισκόπων,
3346 4417 3440 4486 τῆς
3475 4415 3752 4473 ἐπισκοπῆς·

570 4503 820 4568 clericos,
850 4504 1179 4574 clericatus;
1216 4508 1270 4562 in
1301 4513 1625 4579 monachos,
1652 4515 1839 4573 amissi
1873 4518 1975 4575 lioc
2001 4519 2146 4577 l'acto

2256 4512 2360 4564 τῶν
2385 4510 2443 4565 δὲ
2475 4511 2772 4582 κληρικῶν,
2812 4512 2905 4564 το]
2960 4512 3164 4582 κλήρου
3191 4527 3204 4540 ·
3256 4511 3353 4564 καὶ
3387 4507 3489 4561 τῶν
3541 4503 3752 4572 μοναχῶνο

574 4596 897 4649 monasterii
916 4596 1123 4665 justam
1157 4603 1484 4657 sententiam
1504 4603 1736 4676 ferimus
1764 4626 1777 4663 :
1801 4618 1853 4663 et
1882 4611 2149 4671 adversus

570 4684 804 4755 judices,
839 4690 930 4758 qui
960 4690 1062 4748 hos
1085 4693 1414 4765 suscipiunt,
1456 4699 1541 4753 vel
1570 4697 1733 4754 etiam
1767 4702 1832 4757 ad
1854 4719 1913 4760 se
1941 4705 1991 4758 vi
2018 4722 2147 4776 per-

571 4779 818 4844 trahunt,
862 4793 1064 4853 praeter
1084 4785 1292 4856 justam
1322 4790 1569 4848 numinis
1627 4795 1786 4859 iram,
1853 4797 2150 4867 imperato-

579 4869 672 4924 ria:
726 4886 946 4943 quoque
998 4877 1307 4945 majestatis
1356 4880 1812 4953 indignationem,
1864 4887 2151 4959 legumque

572 4977 767 5030 poenas
827 4963 1268 5035 implorabimus.
1326 4970 1391 5025 Et
1427 4974 1733 5040 vinculum,
1781 4988 1889 5046 quo
1924 4994 2019 5049 per
2047 4994 2152 5036 nos

571 5056 950 5125 tlligabuntur,
1005 5060 1307 5118 insolutum
1347 5066 1429 5121 eis
1483 5068 1548 5123 ad
1599 5070 1760 5125 linem
1792 5087 1966 5142 usque
2023 5074 2149 5130 vita:

575 5147 920 5218 porrigetur;
959 5151 1004 5206 si
1046 5154 1303 5211 videlicet
1353 5158 1599 5214 animum
1643 5177 1753 5216 non
1790 5165 2146 5233 mutaverint,

571 5248 630 5293 et
659 5240 729 5295 ab
764 5242 870 5297 hoc
897 5243 1066 5314 impio
1092 5249 1373 5320 proposito
1403 5267 1510 5306 non
1552 5253 1892 5310 abstiteriut.
1925 5254 2060 5311 Nam
2089 5265 2177 5327 et,

572 5333 848 5404 religiosae
869 5334 1036 5404 leges,
1072 5348 1129 5393 et
1152 5350 1461 5411 praepotens
1483 5354 1650 5414 atque
1695 5354 1926 5402 sanctus
1973 5348 2147 5418 impe-

574 5438 727 5481 rator
746 5436 951 5491 uoster,
972 5429 1027 5483 in
1043 5430 1319 5504 Porphyra
1342 5443 1502 5489 natus
1519 5435 1677 5508 (20'),
1697 5452 1806 5492 una
1824 5451 1949 5493 cum
1976 5437 2149 5493 beatae

578 5519 857 5575 memoria:
885 5520 1054 5579 fratre
1078 5538 1181 5580 suo
1225 5540 1508 5596 germano,
1553 5529 1608 5582 in
1630 5529 1928 5599 publicatis
1955 5528 2150 5584 edictis

2248 4602 2343 4657 τοῦ
2385 4603 2745 4674 μοναστηρίου
2801 4603 3015 4657 δικαίαν
3068 4602 3292 4656 αὐτόθεν
3342 4586 3755 4666 καταψηφιξάἑιεθα

2252 4695 2561 4749 ἔκπτωσινο
2602 4697 2697 4749 καὶ
2749 4697 2891 4750 κατὰ
2936 4696 3046 4749 τῶν
3105 4692 3545 4767 παραδεχομένων
3585 4682 3755 4775 τούτους

2250 4788 2546 4857 δικαστῶν,
2586 4772 2619 4860 ἦ
2650 4790 2742 4842 καλ⁵
2771 4787 2959 4858 βιαίως
2989 4787 3275 4853 ἑλκόντων,
3304 4783 3438 4856 μετὰ
3462 4782 3553 4850 τῆς
3582 4779 3635 4828 ἐκ
3655 4772 3752 4822 Θεοῧ

2251 4881 2467 4946 δικαίας
2502 4882 2692 4953 ὀργῆς,
2725 4881 2805 4934 ἔτι
2837 4881 2933 4935 καὶ
2984 4880 3078 4951 τὴν
3105 4880 3203 4950 τῆς
3228 4876 3501 4950 βασιλικῆς
3528 4860 3753 4962 μεγαλειό-

2252 4991 2413 5045 τητος
2461 4974 2832 5045 ἀγανάκτησιν
2878 4972 3336 5042 ὲπικαλεσόμεθα,
3366 4968 3457 5024 καὶ
3485 4963 3575 5024 τὰς
3599 4962 3651 5011 ὲκ
3675 4966 3752 5056 ttat

2254 5068 2433 5139 νόμων
2455 5067 2704 5130 εὐθύνας.
2756 5067 2816 5120 Ὀ
2840 5066 2895 5120 δέ
2942 5066 3034 5135 ἀφ’
3063 5066 3220 5137 ἡμῶν
3267 5061 3473 5132 δεσμὸς,
3503 5056 3667 5157 diluto;

2249 5163 2362 5225 τοῖς
2395 5159 2586 5231 μέχρις
2606 5160 2786 5225 ἐξόδου
2827 5159 3330 5229 παρεκταθήσεται,
3364 5155 3513 5219 εἰπερ
3545 5143 3674 5213 δῆλον
3696 5143 3748 5204 μη

2253 5252 2792 5325 μεταϐουλεύσαιντο,
2817 5254 2911 5308 καὶ
2934 5246 3033 5322 τῆς
3062 5251 3275 5305 ἀνοσίου
3300 5245 3498 5367 ταύτηῖ
3521 5236 3750 5367 ἀπόσέῑὶνὲ

2253 5361 2303 5367 ’⁸
2336 5346 2663 5367 -Α-Α---ιΑ---
2688 5364 2700 5367 —
2764 5347 2883 5367 ’νημ
2927 5346 3014 5367 -ξμι
3051 5345 3096 5367 -I
3157 5342 3394 5367 -.!_-e-:-.
3445 5353 3472 5367 ..
3505 5348 3581 5367 um

2247 5321 2309 5399 το
2329 5346 2720 5417 προαιρέσεως.
2764 5347 2891 5401 Ὅτι
2926 5346 3020 5400 κα)⁸
3048 5345 3098 5398 οἱ
3154 5342 3394 5402 εὐσεϐεῖς
3445 5334 3601 5402 νόμθιν
3639 5321 3714 5417 καί

2255 5410 2516 5507 κραταιδὲ
2566 5438 2658 5490 καὶ
2705 5438 2862 5506 διγιος
2911 5435 3072 5508 ἡμῶν
3112 5430 3416 5529 MM"?
3446 5410 3749 5529 “euffffl'.

2256 5545 2439 5603 γητος,
2472 5528 2609 5601 μετὰ
2635 5529 2730 5584 τοῦ
2777 5530 2834 5584 ἐν
2884 5506 3133 5601 μακαρίᾳ
3181 5528 3246 5597 τῇ
3302 5521 3447 5595 λήξει
3484 5506 3747 5571 autem

2076 5666 2306 5730 NOTE.

685 5772 820 5845 (20⁸)
848 5772 1235 5833 Constantinus
1259 5774 1378 5834 scil.
1412 5774 1594 5833 Basilii
1621 5777 1857 5851 junioris
1895 5781 2082 5836 frater.
