3950 6568
213 430 314 496 833

1458 442 2166 517 GRfECO-ROMANUM.

3351 473 3459 537 834

208 544 383 610 αὐτου,
417 544 475 597 ἐν
505 546 616 609 τοῖς
644 546 950 620 ,ἐγγράφοις
984 552 1167 608 αὐτῶν
1203 559 1474 624 τυπικοῖς,
1509 560 1752 615 ἁναστέλ·

1870 564 1986 620 suis
2036 567 2253 635 iudices
2303 581 2589 642 coercent,
2628 575 2928 646 quominus
2959 578 3012 635 in
3059 595 3326 651 personas
3357 601 3459 642 ec-

207 646 343 688 Αουσι
370 635 491 699 τοὺς
537 635 799 705 δικαστὰς
857 643 1084 698 τοιαῦτα
1114 646 1193 710 είς
1217 646 1285 700 τὰ
1340 650 1769 719 ἐκκλησιαστικὰ

207 726 562 783 νεανιεύεσθαι
591 730 881 800 πρόσωπα.
923 734 1373 808 ’Υφαρπὰζεσθαι
1415 740 1524 810 γὰρ
1562 741 1630 796 τὰ
1670 744 1766 795 ὲκ-

206 819 573 889 κλησιαστικὰ,
619 827 715 878 καὶ
777 825 917 899 ίερὰ,
970 830 1062 882 καὶ⁹
1100 830 1220 884 θεῖα
1277 834 1568 902 προνόμια,
1613 834 1767 905 παρὰ

206 910 306 964 τῶν
345 912 729 987 θεματικῶνῆ
783 918 1079 973 πολιτικῶν
1133 921 1424 989 δικαστῶν,
1483 925 1618 989 ὅλως
1668 927 1768 980 οὐκ

208 1004 514 1074 ἀνεχόμεθα.
538 1007 699 1062 Ἀλλὰ
733 1012 826 1063 καὶ
861 1013 967 1082 πρὸ
1001 1014 1158 1084 ἡμῶν
1180 1017 1207 1068 ό
1234 1016 1338 1070 ὑπὸ
1375 1017 1580 1074 τούτων
1608 1037 1769 1075 κοιτα-

209 1097 553 1167 φρονούμενος
627 1103 725 1155 καὶ⁸
814 1106 1283 1177 μυκτηριζόμενος
1348 1110 1503 1177 Θεὸς,
1556 1111 1767 1169 ἔκδικον

216 1192 373 1254 ιύτοῖς
403 1193 610 1246 ἐποίσει
636 1195 734 1266 τὴν
768 1198 1165 1269 ἀγανάκτησιν,
1202 1203 1297 1256 καὶ
1328 1204 1429 1275 τὴν
1491 1208 1766 1276 ῥομφαίαν

208 1282 405 1335 δικαίαν
461 1284 749 1340 στιλϐώσει
794 1289 895 1359 τῆς
952 1291 1306 1363 ἐκδικήσεως.
1356 1295 1600 1368 Αίσχύνη
1656 1299 1767 1371 γὰρ

208 1373 292 1425 καὶ
328 1372 499 1443 ὕϐρις,
552 1378 678 1439 τοὺς
708 1378 806 1448 τῆς
853 1380 1130 1452 θειοτέρας
1161 1384 1255 1437 καὶ
1294 1387 1605 1456 κρείττονός
1647 1392 1767 1460 μοί-

211 1484 315 1537 ρας,
344 1464 432 1517 ἐπὶ
458 1468 739 1536 κοσμικῶν
760 1469 1264 1543 διαπληκτίζεσθαι,
1314 1481 1408 1532 καὶ
1450 1481 1551 1546 τὰς
1599 1481 1767 1537 λοιδό-

211 1575 321 1628 ρους
376 1557 695 1628 διερεθίζειν
752 1562 1002 1630 γλώσσας
1058 1569 1200 1621 κατὰ
1267 1573 1470 1637 παντὸς
1508 1574 1622 1627 .τοῢ
1669 1576 1766 1645 τῆς

218 1650 525 1720 Ἐκκλησίας
573 1653 964 1725 πληρώματος.
1014 1661 1079 1713 Ὃ
1132 1664 1228 1716 καὶ
1279 1666 1514 1734 μάλιστα
1561 1670 1610 1721 οἱ
1656 1671 1765 1725 τῶν

210 1741 480 1811 βασιλικῶν
526 1744 838 1816 λεγομένων
870 1750 1046 1818 μονῶν
1089 1757 1186 1808 καὶ
1238 1757 1457 1827 κλήρων
1512 1761 1766 1832 κλιιιρικοῖ⁹

210 1837 289 1887 καὶ
320 1835 636 1903 μονάζοντες
670 1840 984 1906 ἁνευλαὸῶς
1036 1849 1214 1900 ποιεῖν
1244 1852 1339 1904 καὶ
1375 1852 1607 1917 ἀνοσίως
1632 1856 1764 1927 θρα-

1877 656 2218 716 clesiastieas
2269 663 2399 718 talia
2449 665 2774 736 juveniliter
2799 671 3038 727 audeant
3089 678 3458 735 committere.

1879 745 2094 820 Quippe
2124 752 2333 825 subripi
2387 758 2545 813 nobis
2577 761 2976 828 ecclesiastica,
3004 772 3057 819 ct
3090 781 3271 834 sacra,
3301 768 3460 824 diva-

1876 854 1984 909 que
2018 844 2325 916 privilegia,
2354 848 2470 903 sive
2499 866 2528 904 a
2568 853 3024 920 provincialibus,
3056 857 3172 913 sive
3228 861 3457 917 urbanis

1854 932 2182 1003 iudicibus.
2217 940 2443 996 omnino
2474 957 2583 997 non
2635 947 2896 1014 patimur.
2936 948 3048 1003 lino
3107 951 3270 1006 ctiaut
3331 962 3460 1010 ante

1884 1041 1990 1083 nos
2013 1030 2133 1098 ipse
2163 1029 2328 1096 De’us,
2362 1034 2453 1103 qui
2479 1036 2548 1090 ab
2579 1037 2658 1091 eis
2683 1042 3059 1095 contemnitur
3113 1053 3168 1098 et
3221 1045 3460 1100 subsan-

1876 1127 2060 1184 natur,
2088 1122 2340 1178 ultricem
2371 1126 2423 1179 in
2462 1142 2560 1182 eos
2617 1130 3048 1201 indignationem
3108 1138 3371 1206 stringet,
3404 1144 3461 1194 et

1869 1210 2082 1281 justum
2144 1215 2405 1272 vindictae
2470 1220 2711 1289 gladium
2759 1239 3058 1280 coruscare
3122 1228 3307 1284 faciet.
3364 1231 3460 1286 Est

1874 1303 2019 1358 enim
2054 1314 2108 1359 et
2141 1306 2380 1362 dedecus
2401 1317 2454 1363 et
2491 1313 2772 1380 probrum,
2803 1314 3089 1373 divinioris
3119 1334 3182 1374 ac
3217 1322 3460 1378 melioris

1874 1397 2041 1452 sortis
2068 1397 2317 1455 homines
2337 1415 2521 1455 coram
2549 1405 2842 1463 mundanis
2874 1408 3109 1478 litigare,
3132 1412 3457 1480 linguasque

1874 1491 2305 1546 contumeliosas
2363 1493 2646 1549 hominum
2707 1497 2763 1550 in
2817 1500 3135 1555 universum
3196 1501 3457 1561 Ecclesiae

1873 1590 2080 1647 corpus
2107 1594 2323 1636 acuere.
2360 1582 2516 1648 Quod
2550 1600 2681 1641 sane
2738 1589 2820 1641 vel
2852 1588 3123 1658 imprimis
3154 1593 3455 1663 imperato-

1873 1670 2080 1725 riarum
2128 1672 2271 1743 (qua:
2306 1675 2592 1748 dicuntur)
2650 1680 2994 1735 mansionum
3053 1694 3108 1738 et
3159 1687 3454 1756 clerorum,

1875 1770 1984 1817 tam
2028 1764 2240 1831 clerici,
2283 1782 2447 1837 quam
2504 1772 2757 1825 monachi
2799 1773 3031 1843 profane
3078 1787 3242 1847 atque
3291 1781 3459 1852 impie

1874 1854 2057 1911 facere
2091 1872 2190 1926 per
2220 1874 2490 1914 summam
2552 1863 2840 1918 audaciam
2896 1868 3159 1937 gestiunt,
3213 1872 3341 1925 dum
3385 1874 3456 1930 ad

210 1928 457 1995 σύνονται,
497 1930 603 1983 ὐπὸ
632 1935 915 2004 κοσμικῶν
946 1939 1264 2011 αἱρούμενοι
1293 1945 1387 1998 ἐπὶ
1417 1949 1752 2016 καταγνώσει

1866 1949 2069 2004 suimet
2100 1951 2613 2008 condemnationem
2637 1955 2877 2023 judicari
2947 1959 3309 2032 damnarique
3340 1981 3457 2021 ma-

204 2019 400 2073 ἐαυτῶν
432 2022 713 2093 κρίνεσθαι
757 2029 852 2081 καὶ
885 2033 1334 2103 κατακρίνεσθαι,
1391 2037 1485 2102 οὓς
1519 2039 1761 2110 βελτιοῦν

202 2110 345 2164 αὐτοὶ
361 2113 453 2165 καὶ
476 2112 762 2185 ῥυθμίζειν
789 2120 1088 2192 ὲτάγησαν,
1122 2125 1153 2196 ἧ
1175 2128 1492 2202 ἀρχιερεῦσι
1521 2132 1657 2186 Θεοῦ
1681 2136 1762 2199 είς

201 2199 390 2268 γνῶσιν
404 2202 471 2255 τὰ
487 2203 720 2272 διάφορα
738 2214 1073 2281 προτιθέναι,
1093 2218 1187 2270 καὶ
1205 2221 1303 2282 τὰς
1322 2199 1526 2275 τούτων
1556 2224 1758 2292 αίτίας,

200 2292 288 2343 καὶ
340 2292 433 2356 τὴν
461 2294 809 2366 ἁρμόζουσαν
856 2303 1065 2358 ἐκεῖθεν
1117 2308 1417 2380 θεραπείαν
1454 2313 1530 2377 ὡς
1555 2313 1617 2381 ἐξ
1644 2318 1762 2371 ἐπι-

199 2387 466 2454 στημόνων
494 2390 821 2460 κομίζεσθαι
855 2397 1076 2469 ἰατρῶν,
1109 2403 1203 2454 καὶ
1237 2404 1374 2474 πρὸς
1405 2405 1507 2475 τὴν
1527 2408 1622 2462 τοῦ
1643 2426 1760 2463 κα-

196 2476 284 2528 λοῦ
312 2480 539 2553 μελέτην
561 2485 1026 2557 ἐπιθαρρύνεσθαι
1055 2492 1154 2564 τὴν
1183 2495 1406 2569 ἀρετήν.
1445 2498 1605 2556 Ἀλλὰ
1632 2503 1758 2568 τοὺς

192 2568 297 2622 τῶν
344 2573 599 2630 τοιούτων
633 2585 1020 2654 μοναστηρῖων
1053 2590 1320 2659 μοναχούς
1359 2592 1589 2650 τοιαῦτα
1627 2597 1752 2650 τολ-

196 2662 399 2732 μῶντας
448 2669 742 2735 συνοδικῶς
784 2676 1233 2748 ἀποφαινόμεθα,
1285 2683 1419 2755 μήτε
1469 2686 1599 2748 τοὺς
1658 2689 1760 2758 τῆς

192 2755 447 2827 ἐπαρχίας
475 2762 691 2833 ἐκείνης
722 2766 1080 2833 ἐπισκόπους,
1126 2774 1264 2842 μήτε
1307 2777 1437 2840 τοὺς
1483 2780 1616 2852 παρ’
1665 2755 1759 2837 ἐν-

190 2847 356 2914 ορίαν,
390 2849 423 2919 ἦ
472 2854 813 2925 χειροθεσίας
848 2861 1160 2930 καταξιοῦν,
1197 2865 1229 2936 ἢ
1277 2867 1529 2938 εὐλογίας
1565 2847 1759 2946 ἐτέρας

191 2942 281 2993 καὶ
310 2945 592 3009 κοινωνίας
626 2950 990 3015 μεταδιδόναι.
1021 2957 1095 3009 Οὐ
1122 2959 1230 3027 γὰρ
1265 2960 1498 3031 πάροδον
1542 2942 1757 3032 ἑαυτοῖς

188 3034 277 3085 ἐπὶ
294 3036 458 3090 ταῦτα
474 3045 1014 3115 πραγματευόμενοι,
1030 3050 1164 3105 ἀλλὰ
1180 3052 1240 3126 το
1260 3055 1456 3124 σεμνὸν
1477 3059 1541 3112 ἐκ
1556 3063 1757 3128 παντὸς

185 3126 380 3193 τρόπου
440 3131 536 3183 καὶ
579 3133 639 3185 τὸ
709 3138 890 3203 τίμιον
950 3139 1050 3207 τῆς
1129 3145 1421 3217 μοναδικῆς
1480 3126 1757 3219 πολιτείας

1865 2038 1985 2093 lunt
2016 2054 2046 2093 a
2077 2042 2395 2107 mundanis,
2419 2044 2623 2113 quibus
2649 2047 2994 2117 corrigendis
3021 2060 3075 2105 et
3106 2053 3161 2107 in
3198 2054 3453 2112 ordinem

1862 2132 2178 2204 redigendis
2234 2135 2336 2206 ipsi
2377 2136 2621 2206 praelecti
2664 2146 2831 2203 sunt,
2885 2157 3051 2211 quam
3089 2142 3184 2198 Dei
3232 2147 3455 2215 pontilic

1863 2225 2021 2280 cibus
2044 2225 2321 2287 variorum
2341 2228 2685 2299 negotiorum
2709 2231 3082 2300 cognitionem
3108 2237 3449 2305 permittere,

1862 2326 2029 2387 atque
2069 2319 2288 2373 illorum
2315 2334 2516 2375 causas
2550 2330 2604 2376 et
2649 2324 2993 2377 sanationem
3043 2324 3295 2381 idoneam
3328 2338 3451 2384 tan-

1862 2426 2027 2482 quam
2061 2426 2092 2466 a
2120 2412 2313 2481 peritis
2337 2412 2569 2468 medicis
2591 2415 2867 2484 accipere,
2888 2415 3245 2488 ipsorumque
3276 2420 3452 2476 virtu-

1864 2513 1971 2560 tem
2004 2506 2073 2560 ab
2109 2504 2304 2561 iisdem
2341 2506 2573 2561 excitari
2607 2508 2673 2561 ad
2708 2510 2840 2563 recti
2867 2510 3301 2569 meditationem.
3332 2514 3443 2569 Sed

1864 2600 2191 2654 auctoritate
2226 2599 2479 2670 synodali
2509 2598 2883 2667 decernimus,
2918 2612 2978 2656 ut
3006 2618 3107 2658 nec
3147 2604 3297 2659 illius
3327 2606 3451 2675 epi-

1864 2692 2017 2760 sc0pi
2048 2692 2368 2761 provincias,
2419 2707 2523 2747 nec
2567 2693 2775 2748 diversi
2818 2695 3103 2760 territorii,
3150 2699 3449 2755 monachos

1862 2784 2132 2855 ejusmodi
2168 2786 2653 2853 monasteriorum,
2678 2787 2775 2857 qui
2808 2787 2932 2843 talia
2960 2790 3333 2858 committunt,
3364 2794 3449 2848 vel

1860 2877 2212 2949 impositione
2232 2893 2494 2934 manuum
2521 2880 2838 2950 dignentur,
2871 2882 2953 2936 vel
2985 2882 3065 2937 eis
3088 2884 3250 2938 aliam
3278 2886 3447 2940 benc-

1859 2971 2154 3026 dictiouem
2190 2981 2284 3027 aut
2315 2974 2764 3027 communionem
2786 2975 3121 3044 impertiant.
3158 2975 3277 3032 Non
3297 2981 3446 3034 enim

1859 3061 1975 3116 haec
2004 3062 2126 3117 ideo
2173 3064 2471 3126 sancimus,
2523 3073 2580 3118 ut
2632 3065 3049 3137 nobismetipsis
3100 3068 3310 3124 aditum
3375 3071 3444 3125 ad

1861 3154 1990 3208 talia
2022 3154 2444 3224 patefaciamus;
2479 3155 2576 3211 sed
2601 3158 2750 3210 omni
2797 3165 2961 3215 modo
2982 3162 3104 3215 vita:
3127 3163 3446 3219 monasticm

180 3216 480 3285 διώκοντες,
506 3224 576 3277 τὰ
610 3228 856 3296 παρόντα
879 3231 1252 3304 διοριζόμεθα.
1286 3240 1447 3294 Ὥστε
1474 3245 1523 3296 εί
1558 3245 1631 3315 μὴ

1859 3216 2180 3319 dignitatem
2215 3257 2268 3302 et
2289 3247 2631 3303 honestatem
2657 3251 2977 3319 quaerimus.
3013 3252 3165 3307 Adeo
3194 3255 3441 3324 quidem,

181 3311 452 3386 ἀναφορὰν
474 3319 693 3384 ἐκεῖνοι,
720 3324 813 3377 καὶ
836 3326 932 3396 τὴν
955 3328 1121 3397 ἄλλην
1144 3331 1308 3403 τιμὴν
1328 3337 1441 3397 τοῖς
1458 3337 1556 3407 τῆς
1581 3340 1683 3392 ἐπα
1693 3358 1755 3412 ρ-

179 3405 300 3474 χίας
349 3411 721 3468 ἀποδώσουσιν
812 3419 1154 3486 ἐπισκόποις,
1214 3426 1316 3479 οὐκ
1368 3429 1753 3501 ἀντιλήψονται

182 3501 307 3571 παρ’
326 3504 505 3556 αὐτῶν
528 3505 560 3577 ἦ
588 3510 717 3578 παρ’
734 3509 934 3582 ἑτέρων
964 3515 1266 3588 ἱερωσύνης
1283 3520 1500 3591 ἀξίωμα
1524 3526 1644 3580 οὐδὲ
1668 3527 1748 3582 ἓν.

178 3591 480 3663 Κληρικούς
497 3598 553 3650 δὲ
568 3600 924 3664 ἀπειθοῦντας
938 3611 1048 3672 τοῖς
1060 3611 1284 3676 οἰκείοις
1303 3617 1748 3687 μητροπολίταις,

178 3685 451 3759 ἐπίταγμα
506 3693 689 3757 αὐτοῖς
744 3697 1202 3770 ἐκκλησιαστικὸν
1253 3710 1649 3779 ἀμνησικάκως
1689 3715 1750 3769 τὸ

175 3778 389 3835 δυνατὸν
420 3785 821 3855 ἐπιτάττουσιν,
853 3793 1172 3851 εὐθύνεσθαι
1229 3801 1620 3874 ἐπιτάσσομεν.
1663 3809 1739 3861 Οὐ

174 3870 276 3941 γὰρ
309 3873 679 3943 ἀνυποταξίαν
706 3890 799 3933 και
831 3883 1092 3954 ἀνηκοΐαν
1123 3891 1154 3957 ἡ
1187 3891 1441 3966 Κυριακὴ
1470 3870 1749 3968 νομοθετεῖ

174 3964 373 4037 ἐντολὴ,
423 3968 540 4021 ἀλλ’
593 3973 907 4031 εὐπείθειαν
948 3980 1041 4033 καὶ
1090 3981 1357 4056 ὑπακοήν.
1396 3964 1561 4043 ’Ὥστε
1611 3993 1637 4044 ὀ
1670 3992 1746 4064 μὴ

173 4059 340 4131 ταύτῃ
353 4063 603 4132 στοιχῶν,
629 4067 721 4119 καὶ
750 4068 849 4139 τῆς
879 4071 1127 4141 κλήσεως
1155 4078 1250 4129 καὶ
1279 4079 1375 4148 τῆς
1417 4080 1744 4154 Ἐκκλησίας

171 4149 463 4223 ἀλλότριος.
496 4158 634 4221 Τοὺς
657 4159 712 4213 δὲ
741 4160 1017 4229 διακονίας
1055 4168 1522 4239 ἐκκλησιαστικὰς
1572 4149 1745 4247 ἐμπε-

171 4247 582 4315 πιστευμένους,
620 4253 712 4304 καὶ
739 4251 932 4323 λόγους
971 4251 1048 4311 ὧν
1103 4262 1526 4335 ἐπιστεύθησαν,
1553 4268 1741 4324 δοῦναι

174 4336 241 4405 μὴ
272 4340 661 4410 ἀνεχομένους,
706 4352 1008 4416 κανονικῶς
1032 4353 1377 4420 εὐθύνεσθαι,
1401 4362 1495 4414 καὶ
1518 4364 1733 4434 ἐκλογι-

171 4434 319 4498 σμοίς
350 4436 446 4486 καὶ
491 4434 724 4501 ἄκοντας
760 4439 1161 4499 ὐποδάλλεσθαι
1198 4450 1336 4517 μετὰ
1387 4455 1739 4527 κληρονόμων

165 4524 252 4577 καὶ
279 4524 484 4579 λοιπῶν
512 4528 606 4581 τοῦ
655 4531 849 4599 γένους
898 4536 1182 4608 διαδόχων,
1224 4544 1364 4599 κατὰ
1402 4524 1527 4612 τούς
1560 4524 1739 4621 ἱεροὺς

168 4621 391 4683 κανόνας
418 4624 515 4675 καὶ
547 4623 859 4690 πολιτικοὺς
903 4629 1123 4698 νόμους,
1165 4635 1440 4706 ἐρίζομεν.
1493 4611 1646 4696 Ἐπεὶ
1682 4611 1739 4697 δέ
1772 4611 1816 4666 D

165 4713 408 4782 καὶπερὶ
447 4718 825 4787 μοναστηρίων
883 4719 1238 4793 ὲκδιδομένων
1292 4729 1379 4782 διὰ
1428 4731 1637 4802 δωρεᾶς
1687 4737 1736 4789 οἱ

150 4803 445 4874 είερώτατοι
481 4809 701 4879 ἀδελφοὶ
740 4813 1072 4882 ἀνήγγειλαν
1091 4818 1188 4870 καὶ
1213 4820 1639 4895 συλλειτουργοὶ,
1661 4828 1737 4894 ὡς

164 4897 473 4964 ἑπιϐλαῦῶς
499 4904 637 4974 πρὸς
690 4905 864 4958 ταῦτα
902 4906 1242 4975 διατεθέντες
1296 4916 1344 4967 οἱ
1381 4915 1482 4979 τὰς
1528 4917 1736 4989 δωρεὰς

163 4991 460 5062 εἰληφότες,
493 4996 572 5059 είς
605 4995 836 5067 ἔσχατον
885 5000 1027 5053 αὐτὰ
1052 5003 1359 5074 συνήλασαν
1400 5008 1730 5080 ἀφανισμὸν,

162 5081 250 5146 τὰς
270 5084 483 5139 τούτων
512 5089 808 5158 προσόδους
836 5090 976 5144 οἶκοι
1002 5095 1480 5165 μετακομίζοντες,
1506 5103 1599 5154 καὶ
1630 5119 1733 5171 γυ-

164 5179 263 5241 μνὰ
290 5178 403 5230 τῶν
436 5180 653 5235 οἰκείων
693 5183 892 5247 ἐῶντες
930 5186 1171 5253 ἀγαθῶν,
1220 5188 1384 5262 ἕτερα
1427 5193 1485 5246 δέ
1525 5195 1619 5247 καὶ
1653 5198 1734 5260 είς

161 5268 395 5335 κοσμικὰ
461 5269 681 5335 τελείως
743 5276 1138 5345 μεταμείὸουσι
1198 5275 1545 5350 καταγώγια,
1604 5286 1731 5351 τοὺς

159 5354 357 5410 τούτων
384 5362 650 5431 μοναχούς
684 5363 834 5438 πάσῃ
864 5367 1040 5437 ἐνδείᾳ
1070 5369 1164 5423 καὶ
1194 5374 1526 5446 στενοχωρίᾳ
1592 5393 1725 5447 μετ·

160 5450 481 5504 αναστεῦσαι
520 5454 614 5507 καὶ
643 5455 878 5522 ἄκοντας
921 5460 1131 5515 ἐκεῖθεν
1186 5467 1724 5536 καταναγκάσαντες,

158 5537 365 5605 ἐξέσται
389 5545 593 5611 αὐτοῖς,
630 5550 755 5614 τούς
798 5552 1077 5619 τοιούτους
1104 5555 1351 5611 εὐθύνειν
1370 5562 1513 5615 κατὰ
1542 5564 1725 5619 πᾶσαν
1762 5580 1771 5593 ’

160 5627 335 5686 ἄδειαν
364 5637 444 5698 είς
465 5635 559 5690 ὃτι
588 5638 656 5692 ἂν
688 5639 965 5713 εὑρεθεῖεν
992 5644 1061 5698 τὰ
1091 5650 1431 5720 μοναστήρια
1479 5667 1725 5706 καινοτο-

1860 3351 1920 3398 υι
1954 3343 2062 3398 nisi
2097 3341 2419 3397 relationem
2453 3340 2538 3382 ενι
2573 3343 2650 3397 illi
2679 3352 2842 3413 atqtte
2871 3344 3006 3401 alios
3041 3346 3277 3403 honores
3327 3348 3444 3420 epi-

1856 3436 2043 3505 scopis
2079 3449 2193 3490 suae
2232 3433 2531 3507 provinciae
2570 3434 2901 3502 tribuerint;
2963 3438 3205 3494 vicissim
3233 3446 3300 3494 ab
3335 3442 3440 3508 eis,

1852 3529 1939 3584 vel
1964 3532 2032 3584 ab
2072 3529 2221 3592 aliis,
2252 3543 2357 3582 nec
2389 3543 2555 3582 unam
2600 3529 2822 3599 quidem
2863 3532 3155 3586 sacerdotii
3196 3533 3441 3604 dignitav

1854 3631 1960 3677 tem
1983 3621 2279 3691 accipiant.
2313 3620 2559 3676 Clericos
2577 3629 2759 3676 autem
2783 3629 3139 3681 contumaces
3161 3642 3288 3693 erga
3326 3643 3442 3682 me-

1853 3713 2215 3783 tr0politanos
2236 3727 2390 3779 suos,
2432 3713 2527 3782 qui
2564 3712 2882 3767 mandatum
2916 3716 3139 3784 aliquod
3165 3720 3434 3776 ecclesia-

1851 3806 2053 3861 sticum
2079 3805 2185 3864 eis.
2209 3816 2320 3858 non
2346 3803 2648 3874 injuriandi
2681 3807 2888 3871 animo,
2915 3808 3171 3878 quodque
3188 3814 3438 3881 praestari

1850 3898 2051 3969 possit,
2079 3897 2392 3967 imponunt,
2432 3897 2487 3951 in
2540 3898 2790 3952 ordinem
2823 3901 2942 3970 cogi
2979 3901 3262 3971 iubemus.
3311 3905 3432 3962 Non

1848 3990 1998 4044 enim
2079 3988 2486 4043 contumaciam
2547 3996 2603 4042 et
2671 3988 3108 4046 inobcdientiam
3146 3994 3426 4051 dominico

1847 4090 2120 4154 praecepto
2149 4081 2433 4147 docemur,
2479 4079 2575 4135 sed
2610 4080 2930 4135 facilitatem
2979 4081 3033 4136 in
3070 4085 3334 4152 parendo,
3376 4098 3432 4142 et

1846 4176 2265 4242 subiectionem.
2304 4173 2424 4240 Quo
2479 4188 2611 4228 sane
2658 4177 2751 4243 qui
2804 4188 2862 4228 se
2890 4189 2999 4228 non
3052 4176 3260 4247 dirigit,
3318 4187 3429 4236 tam

1844 4270 2153 4336 vocatione,
2199 4283 2364 4339 quam
2429 4268 2677 4323 Ecclesia
2735 4269 2964 4323 excidit.
3048 4268 3158 4325 Eos
3219 4281 3427 4342 autem,

1844 4364 2046 4435 quibus
2101 4362 2474 4418 ecclesiastica
2507 4361 2812 4417 ministeria
2862 4362 3070 4418 credita
3112 4372 3265 4429 sunt,
3320 4383 3426 4423 nec

1844 4458 2085 4513 rationes
2123 4456 2225 4512 sibi
2256 4459 2676 4512 commissorum
2732 4457 2960 4512 reddere
2989 4458 3286 4527 sustinent,
3332 4477 3425 4517 se-

1844 4551 2087 4605 eundum
2130 4564 2369 4605 canones
2422 4550 2475 4604 in
2508 4550 2600 4620 jus
2634 4548 2837 4605 debere
2862 4551 3068 4617 vocari,
3106 4560 3162 4607 et
3194 4553 3262 4608 ad
3295 4554 3425 4609 red-

1845 4643 2054 4698 dendas
2086 4643 2327 4697 rationes
2344 4642 2509 4696 etiam
2547 4643 2768 4708 invitos,
2806 4657 2913 4696 una
2950 4659 3075 4697 cum
3113 4645 3227 4700 suis
3255 4645 3426 4703 haere-

1846 4736 2033 4801 dibtts,
2065 4750 2130 4790 ac
2170 4736 2384 4790 caeteris
2446 4735 2862 4790 successoribus
2895 4736 3059 4806 adigi,
3120 4738 3425 4795 secondum

1846 4844 2034 4885 sacros
2060 4844 2300 4884 canones
2326 4836 2382 4883 et
2422 4829 2568 4896 leges
2601 4827 2811 4888 civiles.
2855 4827 3230 4885 decernimus.
3287 4830 3426 4897 Quia

1843 4937 1973 4978 vero
2008 4921 2173 4976 etiam
2235 4921 2303 4975 de
2343 4920 2714 4982 monasteriis,
2763 4935 2887 4988 qua:
2920 4935 3018 4993 per
3066 4921 3423 4978 donationem

1843 5014 2120 5076 locantur,
2170 5013 2515 5067 sanctissimi
2570 5010 2772 5066 fratres
2818 5020 2873 5066 et
2925 5015 3293 5070 comministri
3352 5014 3422 5070 ad

1841 5121 1946 5161 nos
1973 5103 2303 5170 retulerunt,
2329 5101 2475 5173 quod
2505 5104 2599 5172 qui
2654 5102 2986 5158 donationes
3029 5103 3152 5158 illas
3186 5119 3421 5174 accepe-

1841 5205 1994 5259 runt,
2044 5195 2162 5266 ipsa
2200 5193 2529 5249 monasteria
2566 5209 2757 5263 parum
2785 5195 2959 5264 aequis
3006 5194 3186 5250 all‘ecti
3223 5196 3290 5249 ad
3322 5211 3420 5251 ex-

1841 5295 2073 5340 tremum
2114 5299 2178 5340 ea
2221 5285 2472 5354 redigant
2512 5284 2818 5352 interitum,
2866 5286 3089 5340 domum
3145 5300 3299 5340 suam
3329 5302 3419 5342 re-

1837 5355 1987 5431 ditus
2008 5391 2202 5431 eorum
2229 5376 2613 5447 deportantes,
2640 5376 2871 5447 ipSaque
2897 5377 3057 5433 bonis
3078 5378 3193 5433 suis
3212 5378 3419 5435 nudata

1839 5470 2233 5539 relinquentes,
2265 5470 2523 5540 quodque
2558 5469 2825 5524 nonnulla
2876 5484 3107 5541 prorsus
3137 5470 3190 5523 in
3226 5471 3417 5540 hospi-

1835 5562 1911 5615 tia
1941 5562 2216 5615 mundana
2249 5568 2613 5626 commutent,
2644 5561 2857 5616 coactis
2905 5574 3095 5615 eorum
3130 5560 3416 5617 monachis

1836 5668 1934 5724 per
1973 5655 2154 5713 omnis
2178 5655 2397 5727 generis
2431 5669 2619 5712 rerum
2653 5655 2898 5727 inopiam
2924 5663 2977 5710 et
2999 5654 3329 5725 angustiam,
3357 5661 3415 5709 ut

1426 5827 1660 5887 γΑιιιιΕ
1700 5830 2103 5892 ιειιτιοαιε.

219 5905 297 5949 Ν
355 5911 584 5967 nominis
615 5917 1165 5976 commemorationem
1202 5920 1255 5975 in
1283 5922 1472 6003 sacris.
