3950 6564
555 426 671 492 835

1904 432 1939 495 Ι
1946 430 2045 494 US
2082 423 2534 494 CANONICUM

3684 422 3763 489 836

561 540 689 597 inde
716 540 798 598 vel
828 539 984 596 inviti
1037 537 1336 596 abscedam
1372 556 1388 594 :
1431 538 1642 596 licitum
1690 540 1772 599 eis
1815 552 1959 609 esto,
1993 543 2145 615 ejus-

2252 537 2528 613 μήσαντές
2597 551 2657 589 τε
2707 532 2802 589 καὶ
2864 528 3339 601 καταϐλάψαντες·
3391 524 3507 585 εἶτα
3557 534 3640 589 καὶ
3683 543 3768 604 τοῖς

558 631 709 687 modi
739 632 990 688 homines
1029 630 1253 701 impune
1293 647 1421 687 reos
1456 648 1715 704 peragere
1746 635 1814 691 de
1857 636 2146 706 quibusvis

554 723 781 779 damnis
802 732 858 779 et
898 724 1357 781 innovationihus
1392 726 1596 795 quibus
1650 726 1910 783 nocuisse
1954 742 2146 782 mona-

556 819 748 877 steriis
772 816 1101 887 deprehensi
1144 815 1350 871 fuerint
1402 835 1417 873 :
1448 830 1617 889 atque
1648 821 1833 887 etiam,
1890 832 1950 875 ut
1986 820 2144 877 malis

556 926 749 970 eorum
780 910 1135 965 curatoribus
1160 925 1226 964 ex
1248 908 1332 964 eis
1364 926 1487 964 cum
1516 913 1848 967 contumelia
1870 913 2140 984 expulsis,

558 1004 731 1061 libere
753 1001 978 1072 jurihus
1019 1014 1083 1054 ea
1115 1002 1598 1068 metropolitanum
1653 1002 1952 1058 vindicent.
1982 1003 2142 1071 Quod

554 1094 607 1150 si
631 1093 867 1147 fortasse
898 1099 1182 1145 curatores
1213 1105 1402 1144 eorum
1436 1090 1646 1161 aliquid
1678 1092 1913 1148 habeant
1941 1094 2142 1163 proba-

557 1184 687 1248 bile,
727 1180 871 1252 quod
898 1181 984 1235 his
1019 1180 1287 1251 obiiciant
1323 1198 1337 1235 :
1370 1196 1480 1236 non
1511 1182 1713 1239 adeant
1741 1183 2015 1239 mundana
2039 1184 2144 1239 tri-

560 1276 809 1333 bunalia.
840 1274 1057 1344 Quippe
1094 1275 1198 1330 hoc
1238 1273 1385 1328 facto
1440 1274 1655 1344 seipsos
1709 1276 1860 1331 omni
1884 1276 2011 1346 jure
2042 1291 2142 1333 suo

556 1369 868 1425 excludent.
904 1366 1013 1422 Sed
1052 1367 1119 1421 ad
1149 1382 1363 1422 sacram
1397 1368 1671 1439 synodum
1702 1377 1949 1424 nostram
1984 1384 2143 1426 accc-

556 1459 712 1523 dant,
759 1459 1018 1529 quodque
1083 1457 1168 1514 fas
1228 1473 1446 1528 aequum
1498 1457 1686 1525 fuerit,
1747 1458 2140 1531 impetrabunt.

554 1553 752 1624 Neque
787 1562 920 1608 Vero
952 1552 1232 1608 credimus
1272 1566 1603 1621 quemquam
1635 1555 2141 1611 sacratissimorum

556 1646 1133 1713 metropolitanorum,
1173 1654 1228 1699 et
1261 1653 1589 1700 caeterornm
1620 1646 1970 1715 pontiﬁcum,
2010 1649 2142 1705 abs-

555 1754 663 1810 que
683 1752 850 1794 causa
884 1745 940 1792 et
962 1736 1262 1801 immerito,
1289 1753 1495 1808 perque
1523 1739 1696 1793 solam
1726 1737 2009 1808 injuriam,
2044 1741 2143 1798 be-

556 1830 897 1886 neliciorium
931 1830 1224 1885 mansione
1257 1830 1570 1900 expellere:
1605 1831 1712 1887 nisi
1757 1832 1884 1901 quis
1920 1833 2141 1905 indigne

2251 632 2483 692 δικαίοις
2511 628 2620 683 τῶν
2674 624 3061 697 μητροπόλεων
3109 621 3412 687 ἀνασώζειν
3445 623 3526 678 ἐπ’
3573 624 3765 702 ιξωσίᾳ,

2252 728 2377 791 τοὺς
2415 723 2619 788 κακοὺς
2641 719 2819 776 αὐτῶν
2838 716 3165 790 φροντιστὰς
3194 716 3311 787 μεθ’
3338 714 3539 787 ὕϐρεως
3562 718 3614 783 ἐξ
3630 720 3765 776 αὐτῶν

2250 818 2612 875 ἀπελάσασιν.
2642 812 2781 868 Είδέ
2810 829 2864 866 τι
2892 811 3052 880 τυχὸν
3100 809 3277 880 ἔχοιεν
3291 809 3426 879 πρὸς
3454 809 3614 864 ταῦτα
3653 812 3769 868 εὔλο-

2250 928 2347 981 γον
2399 906 2706 981 προτείνειν
2755 905 2807 958 οί
2839 902 3044 958 τούτων
3075 900 3397 973 προνοηταὶ,
3436 901 3509 972 μὴ
3535 909 3765 973 κοσμικαῖς

2250 1001 2598 1075 προσίτωσαν
2627 995 3025 1067 δικαστηρίοις.
3071 993 3222 1046 Ἐπεὶ
3251 992 3583 1046 ὲκκλείσουσι
3607 999 3761 1060 παντὸς

2247 1093 2458 1150 δικαίου
2484 1090 2729 1155 ἑαυτούς.
2768 1087 2932 1144 Ἀλλὰ
2966 1088 3032 1159 τῇ
3058 1085 3180 1140 καθ’
3214 1086 3365 1156 ἡμᾶς
3412 1085 3527 1156 ἱερᾷ
3561 1103 3767 1157 «posset.

2246 1188 2499 1243 τὰτωσαν
2534 1184 2756 1256 συνόδῳ,
2785 1184 2883 1238 καὶ
2925 1181 3023 1252 τῆς
3051 1180 3410 1251 ἐνδεχομένης
3456 1181 3552 1232 οὐκ
3578 1180 3766 1250 ἀμοιρήο

2249 1296 2405 1333 σουσι
2440 1276 2801 1339 δικαιώσεως.
2847 1270 3132 1335 Ἀναιτίως
3183 1269 3264 1335 δὲ,
3331 1269 3424 1322 καὶ
3452 1270 3763 1338 ἀνεγκλήτως,

2248 1374 2346 1428 καὶ
2393 1371 2483 1426 διὰ
2533 1370 2703 1441 μόνην
2751 1368 3039 1439 ἐπήρειαν,
3086 1364 3280 1419 οὐδένα
3330 1360 3635 1431 πιστεύομεν
3684 1363 3764 1416 τῶν

2251 1467 2565 1542 ίερωτάτων
2618 1462 3033 1538 μητροπολιτῶν
3089 1461 3187 1514 καὶ
3246 1457 3451 1512 λοιπῶν
3496 1457 3762 1528 ἀρχιερέων,

2246 1556 2675 1632 χαριπηκάριον
2704 1554 2975 1627 ὲξωθῆσαι
3017 1553 3220 1624 μονῆς’
3256 1550 3308 1603 εί
3351 1553 3426 1620 μή
3458 1567 3538 1613 τις
3578 1549 3765 1614 ἀναξίως

2246 1651 2440 1709 ἑαυτοῦ
2472 1649 2714 1721 βούλοιτο
2736 1646 3135 1709 πολιτεύεσθαι,
3164 1644 3263 1698 καὶ
3294 1642 3394 1714 τὴν
3417 1641 3613 1696 ἀδικίαν
3628 1641 3764 1696 ἀσπά-

2248 1742 2458 1809 ζεσθαι.
2492 1740 2633 1795 Είδέ
2673 1756 2797 1793 τινα
2844 1737 2954 1792 τῶν
3005 1734 3442 1809 φροντιστηρίων
3475 1734 3627 1787 τύπον
3652 1730 3761 1803 εἶχαν

2247 1836 2313 1889 ἐκ
2336 1833 2570 1888 παλαιοῦ
2600 1830 2958 1901 συνεισφοράν
3005 1847 3127 1884 τινα
3159 1825 3532 1898 συνεισφέρειν
3568 1828 3669 1889 ταῖς
3682 1842 3762 1895 μη-

555 1935 616 1976 se
648 1935 835 1990 gerere
858 1920 1008 1983 velit,
1029 1928 1083 1975 et
1112 1919 1435 1989 injustitiam
1459 1921 1739 1991 amplecti.
1769 1922 1925 1989 Quod
1956 1926 2002 1979 si
2025 1925 2147 1995 qui-

2252 1927 2600 1999 τροτιόλεσιν,
2632 1908 2742 1979 εἶτε
2776 1924 2872 1979 ἐπὶ
2924 1919 3374 1995 μονοπροσώπων
3420 1921 3638 1991 παροχῇ,
3679 1920 3760 1973 εἴτε

557 2014 660 2069 bus
691 2012 1039 2068 monasteriis
1076 2013 1290 2068 ratione
1335 2014 1530 2081 prisca:
1555 2015 1857 2070 sanctionis
1907 2017 2145 2088 alicujus

555 2114 674 2161 erat
701 2106 1037 2175 iniunctum,
1062 2114 1123 2159 ut
1165 2105 1513 2160 collationem
1554 2106 1794 2174 aliquam
1825 2112 2174 2181 metropoli-'

556 2199 661 2254 bus
691 2209 1058 2268 praestarent,
1109 2198 1225 2253 sive
1276 2199 1528 2268 personis
1590 2198 1964 2271 singularibus
2022 2216 2142 2259 eain

548 2291 868 2361 praebendo,
899 2290 1016 2345 sive
1043 2288 1293 2358 judicum
1318 2296 1372 2343 et
1395 2300 1716 2344 exactorum
1746 2289 1862 2345 ﬁsci
1902 2292 2141 2348 alimen-

559 2382 632 2436 tis
654 2382 1006 2449 exliibenilis,
1036 2383 1152 2435 sive
1174 2381 1423 2451 alioquin
1451 2400 1465 2447 ;
1496 2388 1664 2451 atque
1692 2382 1785 2436 illa
1808 2382 1951 2440 l'Orte
1979 2386 2142 2441 dein-

557 2488 689 2542 ceps
717 2487 887 2526 onera
924 2472 1156 2541 contigit
1181 2472 1304 2526 aliis
1331 2486 1454 2527 esse
1488 2472 1743 2542 imposita
1778 2491 1794 2528 :
1822 2479 2141 2544 statuimus,

560 2575 622 2618 ut
651 2580 712 2618 ea
739 2564 962 2619 collatio
996 2563 1116 2618 sine
1147 2561 1588 2629 del‘raudatioue,
1629 2582 1734 2623 nec
1767 2570 1876 2624 ulla
1911 2570 2143 2626 innova-

561 2658 711 2711 tione
738 2656 906 2717 l'acta,
968 2655 1368 2725 metropolibus
1417 2665 1729 2726 praestetur.
1778 2660 2144 2734 Quaecunque

559 2765 690 2805 vero
712 2749 948 2818 quadam
976 2763 1044 2803 ex
1077 2757 1232 2819 parte
1258 2763 1557 2806 commune
1589 2754 1723 2823 quid
1755 2770 1880 2811 cum
1936 2766 2146 2814 metro-

558 2842 781 2912 polibus
830 2840 1060 2903 habent.
1120 2849 1216 2894 aut
1245 2857 1367 2911 qua:
1418 2841 1513 2912 jus
1544 2844 1751 2914 aliquid
1801 2848 2015 2905 viciniae
2087 2858 2146 2906 et

559 2932 970 3006 permissionis,
1024 2948 1146 2989 cum
1193 2935 1279 2989 eis
1331 2937 1575 3006 copulat,
1629 2954 1731 2995 nec
1762 2948 1891 2997 ante
1922 2941 2024 2998 hac
2051 2943 2145 2998 ali-

558 3028 759 3097 quibus
778 3027 905 3097 jure
942 3026 1297 3083 beiiellciario
1349 3042 1620 3086 concessa
1665 3041 1799 3088 sunt
1834 3052 1849 3089 :
1884 3049 1948 3090 ea
1983 3036 2145 3093 nobis

561 3120 704 3173 liaml
750 3119 928 3190 placet
954 3121 1079 3174 ullis
1110 3120 1365 3192 personis
1393 3121 1608 3180 donari.
1637 3122 1747 3180 lino
1775 3141 1906 3182 vero
1935 3129 1981 3182 si
2022 3143 2143 3183 ma-

558 3207 706 3262 xime
733 3208 939 3263 (lunata
971 3210 1105 3274 sint,
1132 3225 1225 3264 eas
1265 3210 1593 3268 donationes
1626 3213 1837 3284 irritas,
1863 3223 1918 3270 et
1940 3217 2145 3275 nullius

2244 2021 2338 2074 ἐπὶ
2375 2021 2605 2090 τροφαῖς
2645 2018 2850 2090 κριτῶν
2873 2018 2969 2071 καὶ
3001 2016 3109 2070 τῶν
3139 2014 3236 2069 τοῦ
3286 2013 3541 2083 δημοσίου
3575 2015 3758 2080 emun-

2243 2114 2374 2177 τῶν,
2408 2114 2520 2168 εἴτε
2549 2113 2644 2166 καὶ
2661 2110 2919 2180 ἀλλαχοῦ,
2945 2111 3040 2163 καὶ
3065 2108 3221 2179 ἔτυχε
3250 2106 3427 2162 ταῦτα
3446 2106 3648 2176 ὖστερεν
3670 2107 3760 2157 ἀνα·

2242 2204 2471 2274 τεθῆναί
2507 2219 2644 2264 τισι.
2674 2201 2776 2274 τὴν
2807 2200 3169 2271 συνεισφορὰν
3191 2196 3537 2269 διοριζόμεθα
3552 2195 3759 2266 παρέχω
3820 2224 3823 2225 ν

3154 2252 3756 2362 ρήτώςσὰδιαινοτόμηζον.
3823 2290 3827 2295 ’

2248 2390 2389 2444 Ὅσα
2411 2388 2468 2441 δὲ
2504 2386 2749 2441 κοινωνεῖ
2771 2385 2913 2441 κατά
2936 2402 2990 2438 τι
3012 2387 3132 2448 ταῖς
3161 2383 3571 2455 μητροπόλεσιν,
3594 2381 3623 2452 ἢ
3652 2381 3757 2453 πλη-

2247 2481 2476 2553 σιασμὸν
2504 2483 2562 2536 ιν
2592 2480 2817 2543 ταύταις
2846 2480 2981 2551 ἔχει,
3024 2480 3121 2533 καί⁵
3155 2478 3531 2542 ἀνακοίνωσιν,
3567 2477 3648 2529 καὶ
3684 2477 3758 2528 οὐκ

2245 2574 2592 2648 ἀπεχαρίσθη
2630 2574 2739 2644 πρὸ
2779 2572 2970 2627 τούτου
2999 2577 3164 2638 τισὶν,
3204 2573 3293 2635 είς
3329 2571 3531 2642 δωρεὰς
3570 2567 3756 2623 δίδοσθαι

2246 2667 2560 2739 προσώποις
2614 2667 2717 2720 οὐκ
2771 2664 3121 2737 εὐδοκοῦμεν.
3197 2665 3344 2718 Ἀλλ’
3392 2665 3441 2717 εί
3497 2663 3584 2716 καὶ
3619 2659 3756 2730 ὲδόθη,

2243 2760 2485 2832 ἀκύρους
2514 2755 2653 2814 εἶναι
2679 2760 2774 2813 καὶ
2794 2760 2988 2829 ἀνισχύ
2998 2775 3126 2831 ρους
3143 2759 3242 2821 τὰς
3263 2756 3467 2829 δωρεὰς
3487 2752 3755 2826 βουλόμεθα⁸

2244 2854 2344 2908 καὶ
2369 2852 2439 2908 τὰ
2477 2854 2874 2925 φροντιστήρια
2902 2851 3133 2906 αὐτόθεν
3168 2848 3627 2923 ἀντιστριφεσθαι,
3656 2846 3756 2916 πρὸς

2244 2948 2343 3011 τὰς
2374 2944 2757 3018 μητροπόλεις,
2787 2945 2820 3016 ἢ
2877 2943 3200 3009 ὲπισκοπόις.
3231 2944 3319 2999 Τὰ
3344 2945 3451 3014 γὰρ
3471 2940 3671 3014 μήκοθεν
3688 2940 3756 2994 καὶ

2248 3040 2679 3111 ίδιοπεριόριστα
2700 3035 3015 3107 δωρεῖσθαι,
3051 3038 3148 3092 καὶ
3178 3039 3299 3100 τοῖς
3322 3035 3428 3109 πρὸ
3461 3034 3601 3105 ήμῶν
3626 3031 3756 3100 ἁγίοις

2246 3132 2490 3205 πατράσι
2524 3130 2708 3194 καλῶς
2740 3129 2911 3196 ἔδοξε,
2941 3130 3037 3184 καὶ
3068 3132 3230 3201 ἡμῖν’
3268 3131 3338 3185 τὰ
3364 3128 3421 3182 δὲ
3465 3122 3567 3181 οἷον
3609 3125 3757 3179 ὲνδιαιο

2244 3222 2470 3292 τήματα
2538 3222 2649 3275 τῶν
2711 3218 3129 3292 μητροπολιτῶν
3179 3218 3282 3273 καὶ
3347 3213 3757 3280 nuntiabunt

560 3314 697 3353 esse
725 3300 938 3355 roboris
969 3300 1262 3367 volumus;
1300 3301 1527 3372 ipsaque
1578 3308 1914 3362 monasteria
1940 3319 2143 3365 metro-

2251 3313 2630 3384 ὑπερείσματα
2658 3316 2754 3369 καὶ
2792 3314 3222 3385 συγκροτήματα
3258 3312 3373 3367 τῶν
3422 3310 3579 3380 ἁγίων
3611 3306 3758 3372 ἐκκλη-

562 3392 781 3461 pulihus
812 3408 842 3445 e
879 3393 1132 3462 vestigio,
1168 3393 1247 3448 vel
1293 3393 1702 3465 episcopalibus
1736 3399 1975 3457 restitui.
2005 3399 2141 3458 Nam

2254 3401 2407 3468 σιιῖιν,
2440 3402 2713 3474 οὐδαμῶςο
2740 3402 2862 3457 οὐδὲ
2902 3403 2938 3474 η
2960 3402 3119 3475 ἡμῶν
3141 3400 3309 3457 τοῦτο
3335 3399 3665 3473 παραδέχεται
3687 3411 3757 3468 με·

562 3481 722 3552 longc
741 3482 959 3546 dissita,
982 3485 1209 3555 suisque
1232 3485 1510 3556 descripta
1534 3488 1737 3544 ﬁnibus
1765 3499 1823 3544 ut
1850 3491 2142 3559 donentur,

2253 3497 2476 3568 τριότης
2496 3496 2559 3551 τδ
2599 3495 2839 3551 σύνολον.

560 3575 822 3646 praeclare
853 3585 966 3631 tum
1009 3576 1265 3635 Patrtbus
1295 3580 1388 3651 qui
1420 3592 1545 3636 ante
1595 3598 1697 3639 nos
1719 3588 2002 3653 exstitere,
2036 3597 2151 3644 tum
2193 3593 2353 3650 nobis
2382 3593 2629 3664 placuit:
2657 3593 2814 3648 nullo
2844 3599 3029 3649 autem
3073 3590 3237 3649 modo
3280 3607 3367 3659 ea,
3435 3606 3548 3662 quae
3602 3596 3757 3644 metro-

561 3671 927 3738 politanorum
955 3678 1010 3725 et
1036 3670 1418 3742 episcoporum
1458 3673 1617 3745 quasi
1687 3675 1970 3734 domicilia
2050 3692 2201 3753 sunt,
2272 3695 2330 3744 et
2402 3686 2581 3744 fulcro
2630 3686 3118 3759 sustentaculaque
3189 3692 3503 3743 sanctarum
3560 3681 3759 3741 ecclesia-

562 3776 682 3816 rum
724 3776 739 3813 :
787 3774 890 3814 nec
939 3767 1131 3814 nostra
1165 3760 1219 3815 id
1255 3779 1486 3834 prorsus
1533 3765 1776 3823 admittit
1810 3768 2189 3832 mediocritas.

630 3850 738 3897 Per
773 3853 1064 3897 locationis
1092 3861 1278 3897 mitem
1306 3867 1654 3897 nnnlrnnlnna
1709 3867 1762 3897 οι
1807 3860 1980 3897 (ποι-1ιῖ
2023 3880 2147 3897 mm,
2339 3871 2665 3897 νυ--›---..ρ.-
2698 3871 2753 3897 ει
2807 3871 2900 3897 --.Α
2960 3865 3071 3897 -7...
3127 3871 3215 3897 x_\
3272 3871 3483 3897 “-1”-.-
3526 3870 3663 3897 -ιν..-..
3691 3844 3759 3897 ...ὶ

630 3850 738 3908 Per
773 3853 1064 3908 locationis
1092 3861 1279 3909 autem
1306 3867 1680 3928 contractum,
1709 3867 1767 3916 et
1807 3860 1983 3935 (verbi
2021 3880 2149 3936 gra-

2339 3871 2665 3936 Ἐκδοτικῶς
2695 3871 2778 3937 δὲ,
2807 3871 2905 3927 καὶ
2957 3865 3071 3926 οἷον
3125 3871 3221 3926 hri
3272 3871 3483 3945 χρόνοις
3524 3870 3667 3924 είκοσι
3691 3850 3744 3923 κα

561 3946 658 4018 tia)
709 3944 777 4000 ad
829 3960 1005 4002 annos
1059 3962 1130 4000 xx
1162 3954 1220 4003 et
1271 3963 1327 4003 ix
1388 3954 1805 4020 monasterium,
1846 3956 1931 4012 vel
1985 3959 2149 4015 certis

2253 3963 2411 4018 ἐννέα
2448 3964 2829 4034 μοναστήριον,
2854 3962 2889 4035 ἢ
2916 3962 3204 4027 πακτικῶς
3260 3944 3583 4034 μητρόπολιν
3606 3960 3758 4014 ἐκδίδο-

561 4042 739 4114 pactis
777 4041 1122 4112 metropolim
1155 4051 1211 4098 et
1231 4044 1613 4115 episcopatum
1635 4047 1808 4104 locari
1839 4065 1856 4117 ;
1884 4059 2147 4122 tanquam

2254 4059 2404 4124 σθαι,
2484 4060 2580 4113 καὶ
2630 4056 2962 4128 ἐπισκοπὴν,
3003 4055 3081 4119 ὡς
3125 4053 3280 4122 ξένον
3332 4057 3431 4128 τῆς
3471 4052 3760 4124 εὐαγγελικῆς

563 4135 802 4189 alienum
862 4136 930 4189 ad
995 4136 1313 4205 evangelica
1363 4139 1644 4206 mandato,
1698 4150 1753 4197 et
1826 4145 2148 4214 apostolicis

2254 4152 2572 4220 διατάξεως,
2637 4153 2733 4206 καὶ
2815 4150 2924 4206 τῶν
2977 4150 3354 4206 ἁποστολικῶν
3430 4168 3487 4205 τε
3554 4149 3637 4204 καὶ
3680 4163 3757 4200 τα·

564 4224 873 4295 patriisque
936 4227 1326 4283 traditionibus
1404 4231 1632 4285 omnino
1701 4232 2089 4292 interdicimus
2129 4254 2148 4292 :

2251 4242 2455 4313 τρικῶν
2544 4241 2920 4313 παραδόσεων,
2985 4240 3165 4312 πάντη
3227 4240 3648 4311 ἁπαγορεύομεν·
3690 4235 3758 4288 καὶ

563 4326 619 4371 et
671 4317 877 4385 pariter
909 4325 1026 4371 tum
1084 4332 1201 4381 eos,
1240 4320 1335 4389 qui
1379 4320 1481 4377 hoc
1535 4325 1738 4379 audent
1786 4324 1991 4395 facere,
2034 4339 2149 4385 tum

2256 4334 2384 4399 τούς
2438 4352 2499 4389 τε
2532 4333 2850 4405 τολμῶντας
2914 4333 3056 4404 ἅμα,
3111 4333 3207 4387 καὶ
3262 4335 3387 4399 τοὺς
3445 4331 3502 4386 τδ
3541 4329 3759 4399 γινόμενον

565 4405 682 4476 qui,
736 4405 784 4460 si
842 4403 961 4472 ﬁat,
1012 4408 1337 4479 negligant;
1386 4411 1641 4483 indignos
1679 4417 1957 4486 pontiﬁcis
2026 4438 2149 4491 per-

2261 4403 2644 4498 παρορῶντας,
2675 4424 2931 4495 ἀναξίους
2957 4403 3056 4495 τῆς
3115 4423 3511 4496 ἀρχιερατικῆς
3559 4422 3760 4492 κρένομεν

566 4509 595 4563 τ
623 4499 808 4552 ctione
854 4499 1193 4568 iudicamus,
1227 4509 1283 4556 et
1319 4517 1606 4559 sacrorum
1654 4522 1927 4565 canonum
1963 4512 2149 4568 adver-

2260 4518 2618 4589 τελειότητος,
2650 4516 2861 4572 καὶτῶν
2901 4515 3067 4588 ιερῶν,
3092 4514 3335 4569 κανόνων
3367 4513 3757 4581 ὲναντιόφρθνας⁶

564 4591 743 4644 sarius
777 4606 790 4643 :
819 4604 920 4643 nec
968 4589 1123 4646 hisce
1166 4594 1332 4648 rebus
1367 4596 1632 4652 ultionem
1689 4602 2149 4660 convenientissi-

2263 4612 2492 4671 καὶτοῖς
2525 4608 2847 4680 πράγμασιν
2892 4608 3171 4676 ἐκδίκησιν
3221 4606 3319 4675 τὴν
3376 4601 3762 4679 πρεπωδεστάτην

568 4693 712 4734 mam
768 4683 1068 4737 secundum
1123 4700 1364 4742 canones
1412 4688 1673 4746 adhibere
1718 4694 1982 4764 singulari
2032 4712 2156 4752 cum

565 4773 917 4845 providentia
968 4777 1331 4836 cessabimus.
1382 4778 1503 4837 Non
1554 4785 1703 4840 enim
1758 4788 2030 4858 patiemur
2097 4800 2159 4847 ut

568 4879 728 4921 sacra
784 4865 878 4921 illa
926 4870 1100 4937 gratia
1163 4873 1375 4931 venalis
1435 4876 1726 4946 habeatur,
1762 4890 1817 4935 et
1865 4880 1970 4953 ipsi
2022 4898 2160 4940 con-

569 4968 751 5014 sortes
804 4975 992 5017 eorum
1046 4964 1244 5029 simus,
1299 4968 1393 5037 qui
1463 4983 1619 5026 sacra
1672 4982 1863 5027 contra
1916 4990 2159 5033 canones

569 5047 914 5120 profanant,
979 5062 1148 5123 utque
1209 5057 1350 5112 lucri
1422 5074 1589 5117 causa
1639 5062 1783 5121 dona
1842 5067 2152 5137 spiritualia

572 5139 929 5213 profanorum
967 5146 1141 5202 instar
1170 5149 1571 5208 distrahantur.
1596 5154 1673 5211 De
1707 5157 1956 5213 sessione
1976 5168 2158 5215 autem

574 5236 958 5306 episcoporum
983 5239 1287 5306 sancimus,
1313 5250 1373 5297 ut
1397 5245 1639 5317 episcopi
1668 5249 1973 5305 secundum
2006 5251 2162 5307 ordi-

576 5340 701 5381 nem
738 5341 966 5382 suorum
1023 5333 1574 5402 metropolitanorum
1627 5339 1876 5409 sedeant,
1912 5340 2076 5411 idque
2105 5343 2158 5397 in

573 5420 930 5477 consessibus
959 5422 1158 5490 sacris,
1196 5433 1251 5479 et
1286 5425 1342 5479 in
1394 5428 1623 5499 synodis
1657 5439 1713 5485 et
1757 5431 1813 5486 in
1844 5432 2113 5488 conviviis
2142 5449 2158 5488 :

574 5527 754 5582 neque
798 5515 1114 5582 superiores
1147 5515 1306 5571 sedes
1334 5530 1389 5573 et
1441 5522 1712 5589 primatus
1781 5523 2024 5579 studium
2074 5528 2156 5579 al'o

574 5601 784 5658 tentent
819 5604 1062 5677 indignis
1121 5622 1245 5665 sese
1294 5609 1472 5667 modis
1521 5613 1844 5669 inferiorum
1885 5627 2161 5686 metropo-

578 5693 712 5748 lium
757 5697 1046 5768 episcopi:
1080 5700 1178 5755 sed
1235 5699 1292 5755 in
1340 5716 1472 5759 suos
1532 5706 1995 5776 metropolitanos,
2042 5715 2162 5762 tan-

577 5800 741 5855 quam
775 5787 831 5842 in
878 5803 1118 5856 canones
1170 5801 1227 5848 et
1274 5796 1590 5853 sanctiones
1638 5796 1930 5868 quasdam,
1970 5799 2163 5857 oculos

577 5878 857 5951 dirigant;
930 5886 1235 5983 secundum
1323 5907 1464 5966 quos
1532 5892 1606 5969 in
1675 5894 2029 5953 consessibus
2108 5906 2163 5953 et

2260 4700 2562 4763 κανονικῶς
2607 4698 3099 4772 προμηθεύσασοαι
3154 4700 3255 4752 οὐκ
3310 4698 3674 4766 ἀποκνήσομιν.
3708 4690 3761 4743 οὐ

2258 4792 2368 4863 γὰρ
2391 4791 2798 4863 καπηλεύεσθαι
2830 4792 2928 4861 τὴν
2958 4790 3113 4863 ἱερὰν
3178 4792 3360 4861 χάριν,
3418 4789 3506 4843 καὶ
3545 4782 3762 4842 κοινωνεῖν

2258 4886 2369 4944 τοῖς
2401 4881 2674 4937 κοινοῦσιν
2713 4881 3084 4947 ἀκανονίστως
3115 4881 3186 4935 τὰ
3210 4880 3360 4949 ἅγια,
3393 4882 3482 4933 καὶ
3513 4878 3600 4940 τὰς
3639 4888 3761 4927 πνευ-

2262 4974 2499 5045 ματικὰς
2523 4973 2732 5046 δωρεὰς
2761 4974 2837 5036 ὡς
2868 4973 3055 5038 κοινὰς
3103 4970 3497 5045 ἔμπορεῦεσθαι
3524 4960 3761 5033 ἀνεξόμεθα

2259 5065 2530 5137 ἐμπορίας
2556 5067 2736 5136 χάριν.
2768 5065 2904 5136 Περὶ
2935 5064 2992 5118 δὲ
3013 5066 3111 5135 τῆς
3156 5065 3265 5118 τῶν
3316 5061 3612 5117 ἐπισκόπων
3662 5048 3751 5106 καθ’

2258 5156 2816 5230 ἑδρας,διοριζόμεθα
2850 5195 2864 5209 .
2889 5158 3046 5212 Κατὰ
3066 5158 3164 5228 τὴν
3192 5160 3344 5225 τάξιν
3366 5155 3549 5216 αὐτοὺς
3577 5148 3665 5204 τῶν
3702 5144 3761 5195 οἱα

2260 5252 2425 5306 κείων
2457 5251 2787 5317 καθέζεσθαι
2822 5249 3261 5322 μητροπολιτῶν,
3288 5251 3380 5303 καὶ
3410 5251 3466 5302 ιν
3492 5241 3758 5313 συνθρόνοιςο

2261 5344 2358 5397 καὶ
2395 5345 2455 5397 ὲν
2481 5342 2745 5406 συνόδοις,
2770 5342 2867 5396 καὶ
2894 5343 2955 5395 ὲν
2980 5340 3256 5395 ἑστιάσεσι
3274 5354 3289 5370 ο
3317 5337 3408 5392 καὶ
3441 5335 3511 5406 μὴ
3546 5331 3632 5393 τὰς
3664 5338 3761 5393 προσ

2260 5435 2442 5505 εδρίας
2470 5434 2761 5507 ἁρπάζειν,
2790 5433 2966 5488 καὶτὸ
3001 5432 3358 5503 φιλόπρωτον,
3412 5423 3622 5491 ἀναξίως
3669 5418 3762 5507 ἐνθ’

2260 5529 2392 5593 τῶν,
2424 5505 2551 5591 τοῧς
2591 5530 2693 5598 τῆς
2745 5525 3152 5595 ὑποδεδηκυίας
3194 5521 3558 5595 μητροπόλεως
3592 5505 3759 5566 ἐπισκό-

2264 5636 2398 5683 πους
2425 5635 2439 5652 ο
2468 5619 2582 5673 ἀλλ’
2611 5619 2687 5682 ὡς
2712 5619 2850 5689 πρὸς
2900 5617 3130 5680 κανόνας
3163 5617 3256 5670 καὶ
3295 5616 3465 5685 ὅρους,
3500 5609 3610 5667 τοὺς
3640 5599 3759 5689 ίδίοξδῖ

2262 5711 2397 5782 δρᾷν
2441 5711 2866 5781 μητροπολίτας,
2891 5710 2988 5762 καὶ
3014 5708 3218 5762 τυποῦν
3249 5704 3464 5765 ἑαυτοὺς
3493 5702 3542 5753 ἐν
3565 5714 3614 5749 τε
3659 5687 3756 5782 κσθς

2264 5772 2472 5873 ἐδραις,
2501 5772 2596 5855 καὶ
2627 5772 2926 5870 πανταχοῦ.
2973 5799 3126 5855 Ἐπεὶ
3159 5799 3217 5853 δὲ
3265 5797 3355 5851 καί
3382 5809 3513 5854 τινες
3536 5787 3628 5841 τῶν
3653 5772 3757 5831 κατά

2264 5895 2462 5962 τόπους
2485 5895 2729 5950 δυνατῶν
2756 5896 2815 5949 ἐν
2864 5894 2977 5959 τοῖς
3029 5892 3136 5948 τῶν
3188 5892 3346 5947 οίκων
3387 5879 3654 5954 εὐκτηρίοις
3686 5882 3756 5936 στί·
