3950 6556
533 387 643 452 839

1874 378 2013 439 ,ΙΙΞὸ
2052 376 2494 439 CANONICUM

3677 381 3769 447 840

531 501 741 560 nullum
786 507 1001 572 turpem
1040 506 1309 571 qutt'stttm
1340 497 1422 553 vel
1459 497 1667 549 lucrum
1719 492 1982 562 iniustum
2034 506 2122 545 rc-

2229 491 2377 561 αγῶν
2412 490 2615 561 ὁμοίως
2650 488 2829 561 ζητῶν
2861 489 3323 561 χρηματίζεσθαι.
3362 489 3449 555 Ὠς
3470 490 3770 548 κινδυνεύειν

534 596 793 667 pudiaus,
826 593 922 648 sed
965 609 1030 648 ex
1088 593 1359 661 religiosis
1394 590 1599 660 pariter
1632 604 1694 640 ac
1749 584 2120 656 piacularibus

533 687 805 741 ditescere
868 686 1121 756 cupiens.
1160 684 1278 749 Quo
1336 682 1395 735 iit
1462 690 1522 736 ut
1579 680 1882 751 periculum
1931 681 2022 742 sit,
2054 693 2121 732 ne

541 793 699 834 sacra
750 777 939 833 eodem
986 776 1291 831 habeantur
1339 774 1481 839 loco,
1532 788 1641 844 quo
1696 771 1932 842 inpura,
1973 779 2025 824 et
2055 784 2123 824 ne

540 875 732 923 sancta
774 866 1124 937 profanentur
1161 883 1175 933 ;
1224 872 1279 922 et
1322 868 1416 936 qui
1464 865 1763 919 discrimen
1816 863 1958 915 inter
2004 876 2119 914 rem

543 975 756 1015 sacram
797 959 1191 1028 profanantque
1221 957 1401 1021 faciat,
1447 957 1529 1011 vel
1574 956 1830 1009 virtutetu
1860 953 2023 1017 colat,
2069 960 2123 1005 et

537 1051 742 1115 videat,
778 1059 829 1103 et
865 1059 1011 1103 recte
1040 1049 1307 1113 ambulet,
1343 1063 1510 1118 prope
1558 1061 1717 1102 nemo
1746 1046 1819 1099 sit
1853 1046 1905 1098 in
1943 1044 2122 1097 homi-

537 1147 668 1197 tiutn
703 1142 811 1196 vita
845 1143 1106 1211 reliquus.
1143 1140 1222 1195 Ac
1258 1141 1405 1203 vide,
1442 1153 1651 1209 quaeso,
1685 1136 1814 1207 quid
1841 1136 1944 1191 sibi
1994 1135 2124 1190 velit

538 1232 643 1287 hoc
694 1248 873 1286 meum
924 1232 1231 1287 exordium.
1274 1230 1464 1286 (tinnis
1512 1230 1569 1285 in
1621 1228 1902 1283 hominum
1951 1228 2120 1281 vitam

542 1325 705 1380 modo
734 1326 1007 1380 vitiositas
1031 1326 1273 1395 irrepsit.
1304 1332 1357 1379 et
1389 1324 1681 1378 inhonesta
1723 1336 1819 1391 per
1849 1334 2121 1376 summam

538 1416 819 1471 licentiam
906 1416 1129 1486 impune
1196 1418 1639 1478 committuntur.
1701 1409 1991 1466 Simulatio
2069 1418 2123 1465 et

536 1506 710 1570 larva,
740 1519 842 1573 pro
891 1519 950 1557 re
999 1503 1228 1558 honesta
1291 1501 1666 1569 laudabilique
1715 1500 1981 1554 ducitur:
2019 1512 2121 1553 nec

541 1598 687 1652 aliud
716 1596 1018 1666 quidquam
1050 1596 1292 1650 universi
1325 1610 1493 1664 prope
1521 1592 1777 1647 mortales
1811 1590 1982 1662 magis
2010 1589 2124 1646 sol-

537 1689 693 1742 licito
736 1690 1175 1755 cetnplcctun‘tur
1212 1684 1415 1749 studio,
1472 1698 1636 1754 quam
1690 1684 1831 1737 unde
1873 1680 2021 1752 quis,
2069 1687 2123 1735 et

538 1781 813 1850 quomodo
840 1778 1044 1833 luetari
1083 1778 1275 1846 possit,
1306 1786 1360 1832 et
1393 1778 1631 1833 avaritia:
1650 1783 1920 1845 quaestum
1956 1773 2121 1827 inve-

2224 579 2571 635 ὲντειῖθεν.τά
2601 581 2723 650 ίερά
2750 581 2807 634 ἐν
2862 581 2965 651 ίσῳ
2994 581 3207 635 κεῖσθαι
3252 583 3367 645 rei;
3421 584 3649 653 μιαροῖς,
3693 588 3773 639 καί

2223 672 2542 728 κοινοῦσθαι
2575 672 2643 726 τὰ
2697 671 2864 742 ἀγια·
2895 674 2990 727 καὶ
3056 674 3148 727 τὸν
3206 672 3556 747 διακρίνοντα
3597 677 3771 743 μεταξῦ

2226 766 2377 838 ίεροῦ
2413 766 2508 821 καὶ
2545 765 2799 837 βεϐήλου,
2868 764 2901 836 ἢ
2957 764 3352 838 κατορθοῦντα,
3423 768 3517 820 καὶ
3566 767 3771 839 δρῶντα,

2224 857 2321 911 καὶ
2380 856 2790 927 περιπατοῦντα
2848 856 3046 924 ὀρθῶς,
3087 856 3161 928 μὴ
3217 851 3359 911 εἶναι
3407 857 3607 928 σχεδὸν,
3659 861 3771 929 μηδὲ

2225 945 2597 997 πολιτεύσυαι.
2618 947 2657 996 Κ
2669 946 2724 997 ai.
2742 947 2958 1008 σκόπει,
2974 945 3026 996 τί
3043 962 3132 1015 μοι
3150 946 3402 1014 βούλεται
3417 948 3477 998 τὸ
3492 948 3769 1017 προοίμιον.

2225 1037 2558 1107 Παρειροάρη
2591 1039 2668 1107 τῷ
2694 1038 2793 1109 βίῳ
2813 1040 2960 1091 πᾶσα
2977 1038 3252 1108 φαυλότης
3278 1039 3466 1103 τανῦν,
3490 1041 3583 1092 καὶ
3603 1042 3775 1104 το).μὶ-

2225 1146 2315 1184 ται
2333 1130 2527 1201 ἀνέδην
2547 1129 2617 1184 τά
2634 1131 2730 1185 ἇσε
2740 1149 2868 1202 μνα.
2895 1131 2955 1185 Ἢ
2972 1133 3027 1185 δὲ
3054 1132 3228 1204 σκηνὴ
3245 1131 3341 1185 καὶ
3369 1132 3429 1185 τὸ
3441 1149 3545 1201 προ
3554 1137 3772 1195 τωπεῖον,

2221 1221 2297 1284 ὡς
2320 1222 2500 1291 τίμιον
2527 1224 2886 1296 ἐπιτήδευμα,
2922 1227 3015 1278 καὶ
3039 1226 3323 1280 ἐπαινετόν
3342 1241 3357 1256 ο
3385 1226 3481 1278 καὶ
3501 1225 3643 1277 οὐδὲν
3668 1226 3774 1280 ἄλλο

2221 1303 2310 1366 διὰ
2337 1316 2805 1386 πεφροντισμένης
2825 1316 3123 1386 σπουδῆςοὶ
3145 1317 3347 1380 πάντες
3365 1316 3549 1386 σχεδὸν
3566 1317 3775 1370 τίθενται

2222 1404 2575 1476 ἀνθρωποι,ἢ
2614 1405 2777 1459 πόθεν
2812 1406 2879 1461 ἄν
2906 1424 3007 1470 τις.
3043 1409 3137 1461 καὶ
3191 1409 3341 1470 ὅπως
3396 1408 3665 1477 κερδήτοι,
3693 1412 3775 1463 καὶ

2221 1497 2289 1565 τῇ
2322 1495 2729 1570 φιλοχρηματία
2758 1498 2926 1571 πόρον
2954 1499 3184 1571 ἐξεύροι,
3227 1502 3322 1553 καὶ
3351 1503 3467 1564 τοῖς
3496 1500 3611 1554 οὖσι
3632 1519 3775 1573 προσ-

2223 1587 2399 1659 θήκην
2468 1591 3050 1663 ἐμπραγματεύσαιτο,
3106 1579 3198 1647 κα²ι
3249 1594 3495 1658 ἐπινοίας
3540 1595 3773 1670 ἐπινοήσῃ

2223 1678 2483 1751 ἄντικρυς
2501 1684 3014 1754 αίχμαλωτιζούσας
3046 1686 3154 1739 ἀπὸ
3210 1685 3367 1740 Θεοῦ.
3400 1686 3509 1739 Καὶ
3544 1687 3773 1756 ποιοῦμεν

2222 1770 2292 1824 τά
2309 1774 2567 1843 χρήματα
2586 1776 2684 1847 τῆς
2717 1777 2930 1830 ἑαυτῶν
2945 1778 3121 1849 ψυχῆς
3142 1778 3534 1849 προτιμότερα.
3556 1778 3770 1848 Ἥψαντο

538 1876 673 1936 niat,
709 1886 772 1927 te
818 1870 1186 1941 pt‘aasentibus
1234 1870 1441 1939 aliquid
1495 1866 1789 1937 adjiciendi
1830 1866 1971 1919 viam
2016 1864 2121 1919 sibi

2229 1866 2320 1917 καὶ
2336 1866 2444 1917 τῶν
2471 1867 2767 1937 ἀψαύστων
2787 1871 2996 1931 πολλοὶ,
3036 1872 3130 1924 καὶ
3153 1873 3253 1926 οὐκ
3289 1872 3592 1941 ἐφείσαντο.
3634 1873 3767 1926 Ἀ).λά

536 1967 767 2029 muniat,
812 1979 1019 2034 easque
1064 1963 1401 2017 subtilitates
1464 1962 1755 2031 excogitet,
1807 1973 1930 2028 quae
1976 1958 2123 2012 haud

535 2058 701 2113 dubie
754 2066 944 2127 captos
995 2056 1210 2110 animos
1254 2055 1529 2109 abducant
1563 2068 1595 2107 a
1642 2052 1780 2108 Deo.
1828 2050 2122 2106 Pecuniam

539 2150 757 2221 majori,
791 2166 954 2220 quam
988 2150 1202 2203 animas
1232 2158 1475 2213 nostras,
1526 2146 1581 2200 in
1623 2144 1804 2216 pretio
1834 2144 2121 2199 habemus.

539 2243 786 2312 Attigem
815 2244 924 2311 jam
959 2240 1211 2295 nonnulli
1257 2240 1421 2294 etiam
1453 2255 1560 2293 non
1596 2237 1888 2309 tangenda,
1919 2252 2016 2291 nec
2043 2238 2124 2293 eis

539 2349 876 2405 pepercere;
923 2333 1019 2388 sed
1063 2333 1446 2403 inexplebilem
1496 2330 1664 2384 animi
1718 2330 1802 2384 sui
1844 2328 2122 2383 libidinem

542 2434 908 2499 porrexerunt
938 2425 1005 2479 ad
1040 2425 1262 2479 minime
1290 2423 1631 2488 attentanda,
1652 2421 1870 2491 Deoque
1896 2419 2123 2475 dedica-

538 2524 609 2570 tts
666 2515 1022 2584 eupiditatem
1089 2528 1307 2567 avaram
1376 2520 1430 2567 et
1478 2504 1747 2565 infrenem
1814 2512 2118 2581 appetitum

2224 1956 2324 2027 τὴν
2340 1958 2548 2013 ἑαυτῶν
2578 1960 2886 2031 ἀπληστίαν
2932 1960 3027 2016 καὶ
3100 1963 3262 2033 μέχρι
3315 1949 3425 2016 τῖὖν
3481 1963 3766 2036 ἀτολμήτων

2227 2050 2525 2118 ἐξέτειναν,
2551 2054 2784 2115 καὶτοῖς
2832 2054 3220 2124 ἀνακειμένοις
3269 2053 3393 2124 Θεῷ
3448 2054 3760 2109 πλεονέκτιδι

2226 2139 2542 2209 ἐπιθυμίαν,
2577 2144 2674 2197 καὶ
2706 2144 3306 2198 ἀκόλαστονέπέσαλον
3338 2143 3525 2216 ὄρεξιν
3546 2160 3561 2175 ⁸
3613 2145 3762 2207 οἴκους

2226 2251 2288 2288 τε
2316 2235 2501 2299 ἁγίους
2544 2235 2870 2307 ὴχρείωσαν,
2901 2237 2997 2291 καλ⁸
3021 2237 3141 2307 ίερά
3160 2237 3465 2308 ὴρήμωσαν
3484 2239 3766 2307 φροντιστή.

2231 2345 2324 2399 ρια
2350 2343 2365 2358 ·
2403 2329 2498 2382 καὶ
2524 2330 2728 2399 τεμένη
2760 2331 2902 2397 θεῖα,
2935 2330 3097 2401 ἱερῶν
3124 2330 3425 2402 κειμηλίων
3490 2329 3759 2400 ἐψίλωσαν·

2228 2419 2324 2473 τὸν
2354 2421 2524 2495 ἀγνὸν
2543 2422 2638 2476 τοῦ
2672 2421 2809 2476 Θεοῦ
2835 2421 3017 2492 φόϐον,
3053 2423 3151 2477 καὶ
3199 2423 3299 2494 τὴν
3338 2423 3431 2477 ἐπὶ
3481 2423 3673 2486 τούτοις
3696 2422 3763 2475 νέ-

2232 2527 2414 2582 μεσιν,
2450 2512 2641 2586 πόρρω
2669 2530 2773 2568 που
2802 2515 2896 2567 καὶ
2930 2514 3148 2585 μακρὰν
3181 2514 3389 2569 ἑαυτῶν
3419 2515 3759 2581 ἐξοικίσαντες.

538 2608 867 2678 iniecerunt,
923 2606 1069 2660 mdes
1138 2614 1359 2662 sanctas
1431 2604 1789 2659 reddiderunt
1866 2602 2115 2667 inutiles,
2156 2604 2490 2660 monasteria
2543 2620 2701 2661 sacra
2754 2607 2811 2662 in
2876 2606 3231 2663 solitudinem
3274 2609 3551 2680 redegere,
3597 2608 3760 2678 templa

538 2701 721 2756 divina
748 2699 992 2753 donariis
1022 2697 1197 2752 sacris
1230 2696 1587 2767 spoliarunt:
1621 2695 1750 2751 dum
1777 2700 1993 2751 castum
2022 2691 2117 2749 Dei
2158 2692 2435 2763 timorem,
2477 2704 2534 2753 et
2575 2696 2771 2753 horum
2829 2698 3100 2755 scelerum
3159 2697 3481 2767 vindictam,
3554 2697 3659 2754 suis
3708 2699 3763 2753 ab

538 2799 717 2855 oculis
752 2798 909 2868 longe
950 2804 1212 2850 remotam
1251 2794 1473 2849 habent.

615 2897 693 2948 tta
727 2891 936 2946 factum
975 2898 1082 2954 est,
1147 2897 1206 2944 ut
1235 2896 1429 2944 sancta
1494 2885 1592 2944 Dei
1638 2886 1806 2944 verba
1852 2886 2130 2945 mendacii

549 2993 803 3057 arguant,
839 2993 894 3040 et
934 2984 1104 3055 legem
1136 2983 1258 3050 ejus
1302 2981 1590 3037 irrideant.
1621 2979 1932 3048 Quinetiam
1985 2996 2130 3036 non-

542 3080 681 3135 nulli
711 3079 782 3133 ob
824 3092 911 3140 ea,
948 3092 1067 3146 qua:
1101 3076 1482 3147 designantur,
1515 3074 1877 3145 ingemiscere
1910 3072 2129 3144 perspi-

542 3186 732 3227 cacem
768 3171 917 3225 illum
976 3169 1195 3223 oculum
1225 3169 1455 3238 justitize
1492 3183 1589 3239 per
1616 3182 1856 3222 errorem
1886 3182 1993 3221 nou
2030 3181 2131 3236 pu-

541 3272 742 3328 tantes,
765 3264 829 3317 ad
855 3261 906 3316 id
928 3275 1145 3331 operam
1172 3260 1459 3325 dederunt,
1478 3268 1537 3312 ut
1556 3257 1722 3312 animi
1744 3257 1959 3313 occulto
1976 3257 2124 3324 dolo,
2154 3294 2199 3355 ο

542 3365 600 3410 et
655 3357 839 3427 lingua
895 3352 1245 3408 fraudulenta
1300 3364 1615 3409 sanctorum
1646 3369 1866 3425 quoque
1893 3352 2127 3424 patriar-

545 3448 801 3512 charum,
830 3446 1280 3515 reliquorumque
1325 3447 1671 3501 sacerdotum
1704 3446 2044 3516 simplicitati
2074 3455 2129 3500 et

545 3547 753 3593 sancta:
816 3535 1095 3589 modestiae
1170 3536 1520 3601 insultarent,
1590 3553 1654 3592 ac
1703 3546 1950 3608 peterent
2023 3536 2129 3607 ipsi

545 3628 767 3699 quidem
802 3627 1132 3681 monasteria
1172 3642 1269 3697 per
1312 3626 1658 3682 donationem
1699 3629 1768 3684 ab
1805 3629 1886 3685 eis
1938 3644 2131 3685 conse-

546 3718 663 3790 qui,
716 3733 843 3773 cum
918 3718 1194 3789 promisso
1264 3720 1475 3774 nullunt
1562 3736 1673 3776 non
1757 3721 2131 3777 beneficentia:

548 3826 724 3883 genus
778 3810 831 3864 in
888 3824 952 3864 ea
1022 3808 1356 3875 declarandi,
1407 3821 1464 3867 et
1491 3811 1695 3867 illatam
1745 3812 1827 3870 eis
1883 3814 2129 3883 ipsorum

545 3903 758 3958 ratione
779 3909 1089 3973 temporum
1130 3911 1564 3975 caaterorumque
1619 3919 1847 3960 casuum
1901 3903 2133 3959 infelici-

550 4004 721 4051 tatem
750 3995 1079 4065 dissipandi,
1138 3993 1480 4066 formamque
1518 3996 1941 4068 pulcherrimam
1972 3995 2132 4051 resti-

551 4089 736 4143 tuendi
779 4104 792 4142 :
838 4089 930 4143 sed
985 4095 1199 4142 tantum
1249 4089 1447 4155 abfuit,
1502 4099 1562 4144 ut
1617 4105 1681 4145 ea
1727 4089 1912 4157 nacti,
1965 4089 2132 4143 verba

549 4179 710 4236 factis
736 4188 1079 4251 praestarent,
1112 4188 1165 4233 et
1212 4183 1480 4250 promissa
1513 4180 1838 4251 implerent,
1871 4190 1932 4237 ut
1966 4182 2129 4237 etiam

551 4272 929 4330 inverecunde
951 4273 1137 4326 omnia
1163 4273 1447 4327 contraria
1470 4276 1779 4343 designent,
1799 4275 2132 4329 etvastatio-
2176 4320 2177 4323 η

551 4384 652 4423 nes
679 4382 870 4420 eorum
899 4364 1304 4419 vastationibus
1330 4366 1609 4419 eumulent
1636 4384 1651 4420 :
1692 4366 1823 4420 dum
1860 4367 2017 4421 bouis
2041 4367 2131 4431 iis,

2309 2885 2467 2941 Οὕτω
2496 2888 2722 2960 ῥήματα
2757 2886 2824 2942 τά
2852 2887 2983 2957 ἅγια
3031 2888 3331 2958 ἐψεύσαντο
3370 2888 3467 2944 τοῦ
3517 2887 3659 2951 Θεοῦ,
3683 2886 3758 2942 καί

2233 2978 2325 3035 τδν
2350 2980 2517 3051 νόμον
2544 2980 2709 3037 αὑτοῦ
2742 2982 3137 3053 ὲμυκτήρισαν.
3174 2982 3314 3054 Ἤδη
3350 2982 3408 3036 δέ
3432 2998 3573 3045 τινες
3597 2980 3679 3035 καὶ
3699 2979 3757 3050 μὴ

2231 3073 2610 3138 ἐπιστενάζειν
2633 3076 2748 3138 τοῖς
2777 3075 3195 3145 πεπραγμένοις
3222 3074 3312 3130 τὸν
3349 3074 3449 3145 τῆς
3476 3073 3621 3143 δίκης
3659 3073 3761 3141 ἀλη-

2234 3182 2362 3219 στον
2408 3164 2821 3237 ἐξαπατώμενοι
2845 3165 3145 3238 ὀφθαλμὸν,
3178 3166 3453 3221 ἔσπευσαν
3501 3164 3614 3237 μεθ’
3648 3165 3755 3218 ὕπο·

2232 3258 2626 3331 κεκρυμμένου
2663 3261 3032 3333 φρονήματος,
3074 3259 3169 3313 καὶ
3190 3257 3446 3329 γλώσσης
3498 3255 3759 3328 ἀπατηλῆς,

2231 3354 2325 3407 καὶ
2350 3355 2704 3425 πατριαρχῶν
2735 3354 2909 3422 ἁγίων
2936 3354 3033 3407 καὶ
3063 3352 3250 3425 ίερέων
3280 3353 3484 3424 ἐτέρων
3507 3352 3763 3420 ἁπλότητος

2231 3444 2325 3496 καὶ
2390 3444 2692 3508 ἐπιεικείας
2754 3445 3130 3515 ἀγιοπρεποῦς
3190 3444 3650 3515 κατορχησασθαι,
3691 3442 3766 3495 καὶ

2231 3535 2556 3608 αἰτήσασθαι
2580 3538 2677 3610 μὲν
2694 3539 3082 3610 φροντιστήρια
3104 3538 3193 3592 διά
3215 3537 3426 3609 δωρεᾶς
3460 3538 3632 3592 λαϐεῖν
3658 3534 3762 3608 παρ’

2231 3630 2433 3696 αὐτῶν,
2469 3631 2556 3700 ἐφ’
2610 3632 2903 3703 ὑποσχέσει
2954 3630 3047 3685 τοῦ
3080 3632 3188 3685 πᾶν
3233 3631 3489 3696 εὐποιίας
3542 3626 3666 3695 εἶδος
3703 3632 3767 3692 εἰς

2232 3723 2374 3777 αὐτὰ
2408 3722 2801 3789 ἐπιδείξασθαι,
2832 3724 2928 3777 καὶ
2973 3724 3346 3778 ἀποσκεδάσαι
3378 3724 3480 3796 τὴν
3500 3722 3766 3795 ἐπισυμδί-

2234 3834 2333 3871 σαν
2379 3816 2590 3880 τούτοις
2621 3816 2916 3887 δυστυχίαν
2966 3815 3032 3870 ἐκ
3070 3832 3129 3870 τε
3176 3816 3285 3869 τῶν
3311 3817 3521 3888 καιρῶν
3551 3818 3639 3871 καὶ
3682 3814 3770 3872 τῶν

2232 3907 2409 3964 ἀλλων
2464 3907 2765 3979 ἐπιφορῶν,
2815 3905 2910 3960 καὶ
2954 3906 3078 3977 ὄψιν
3126 3906 3310 3970 αὐτοῖς
3360 3906 3771 3979 εὐπρεπεστάτην

2233 3998 2619 4053 ἐπισκευάσαι.
2678 3996 2961 4062 Λαϐόντας
3019 3997 3117 4063 δὲ,
3172 3983 3428 4052 τοσούτου
3484 3999 3662 4070 δεῆσαι
3708 3998 3770 4059 εἰς

2232 4089 2371 4162 ἔργα
2407 4092 2533 4155 τοὺς
2560 4089 2756 4159 λόγους
2808 4088 3161 4155 ἀποτελέσαι,
3190 4091 3288 4145 καὶ
3318 4090 3419 4155 τὰς
3476 4089 3772 4159 ἐπαγγελίας

2235 4183 2456 4255 ἁποπλη
2466 4182 2660 4254 ρῶσαι,
2680 4182 2762 4236 ὅτι
2784 4181 2881 4235 καὶ
2896 4181 3156 4236 τάναντία
3172 4181 3351 4235 πάντα
3371 4182 3772 4256 ἀνερυθριὰστως

2235 4275 2605 4331 νεανιεύονται
2633 4287 2649 4304 ⁸
2685 4275 2781 4329 καὶ
2808 4277 2929 4338 ταῖς
2968 4273 3284 4345 ἐρημώσεσι
3333 4274 3562 4340 τούτων,
3594 4272 3778 4345 ἐρημὼ-
3816 4343 3823 4351 ο

2239 4386 2353 4431 σεις
2374 4368 2778 4440 ἀπεργάζονται
2808 4381 2824 4397 '
2857 4365 2969 4419 τῶν
3006 4366 3127 4437 μὲν,
3157 4358 3235 4421 ὧν
3278 4365 3559 4438 φέρουσιν,
3587 4364 3773 4433 ἀγαθῶν

552 4474 676 4530 qua:
699 4455 978 4520 auferunt,
1002 4455 1069 4510 ad
1100 4455 1412 4509 satietatem
1445 4454 1729 4524 fruuntur,
1769 4474 1957 4512 eorum
1979 4473 2126 4525 vero,

2235 4462 2317 4524 είς
2362 4458 2524 4529 κόρον
2572 4455 2977 4519 ἀπολαύοντες·
3013 4455 3123 4508 τῶν
3162 4454 3242 4520 δὲ,
3284 4448 3360 4510 ὧν
3416 4455 3643 4520 δέονται,
3678 4453 3774 4508 οὐδὲ

553 4549 758 4621 quibus
813 4547 1058 4618 indigent
1086 4548 1214 4618 ipsi,
1262 4563 1332 4603 ne
1370 4548 1657 4604 minimum
1691 4549 1911 4619 quidem
1942 4566 2126 4621 repen-

2235 4554 2296 4607 τὸ
2322 4551 2542 4616 εὐτελὲς
2587 4550 3056 4620 ἀντεισφέροντες.
3090 4549 3240 4613 Ἕως
3274 4552 3353 4612 είς
3402 4552 3635 4621 ἐσχάτην
3664 4546 3775 4602 αὐτὰ

552 4643 708 4706 dant,
748 4639 924 4694 donec
975 4655 1039 4695 ea
1088 4640 1304 4694 tandem
1346 4640 1411 4693 ad
1438 4641 1780 4696 eversionem
1817 4656 1882 4697 ac
1913 4643 2126 4697 vastita-

2241 4644 2627 4716 καταστροφὴν
2661 4642 2757 4697 καὶ
2789 4643 3071 4713 ἐρήμωσιν
3111 4640 3519 4697 συνελάσουσιν.
3560 4639 3776 4695 Ἐπειδὰν

552 4738 665 4786 tem
694 4740 994 4785 extremam
1027 4732 1361 4802 redegerint.
1385 4732 1566 4803 Atque
1599 4735 1703 4788 hoc
1735 4734 1897 4789 modo
1922 4737 2126 4806 perdita

2233 4739 2293 4793 δὲ
2349 4737 2492 4792 οὕτω
2525 4736 2698 4790 ταῦτα
2747 4735 3236 4807 καταλυμήνηται,
3284 4735 3481 4807 ἐπίσης
3533 4733 3701 4804 κοινῆς
3742 4730 3776 4762 ⁸⁸

552 4824 891 4879 monasteria
949 4824 1176 4895 perinde
1225 4825 1552 4893 divendunt,
1592 4836 1758 4898 atque
1819 4828 2126 4883 communia

2236 4829 2565 4901 κτησειδίοις
2612 4827 3047 4900 ἀπεμπολοῦσιν,
3088 4828 3120 4900 ἢ
3175 4829 3387 4900 δωρεὰν
3431 4829 3609 4894 ἄλλοις
3662 4824 3777 4881 ἐκδι-

553 4916 891 4987 profanaque
918 4917 1250 4987 praedia,vel
1308 4920 1431 4977 aliis
1477 4935 1539 4976 ea
1589 4922 1761 4992 gratis
1812 4922 2037 4989 locant,
2073 4929 2126 4977 ul

2234 4923 2441 4988 δόασιν,
2468 4922 2540 4987 ὡς
2580 4922 2648 4978 ἀν
2696 4921 2764 4977 τὰ
2798 4921 3104 4976 κατὰλοιπα
3126 4921 3223 4992 τῆς
3248 4924 3477 4995 κάμπης
3509 4921 3776 4988 καταφάγοι

553 5022 738 5062 eruca:
760 5010 979 5064 residua
1014 5012 1237 5067 devoret
1261 5013 1494 5081 locusta,
1526 5024 1579 5069 et
1603 5017 1814 5085 plagam
1837 5026 2126 5071 extreman:

2237 5019 2271 5090 ἠ
2307 5017 2469 5089 ἅκρ“ις
2502 5015 2599 5069 καὶ
2616 5015 2713 5087 τὴν
2736 5016 2971 5086 ἐσχάτην
3002 5015 3216 5087 πληγὴν
3252 5019 3279 5070 ὁ
3312 5016 3587 5090 παντελὴς
3626 5012 3779 5068 διαδέ·

560 5098 755 5169 plenus
785 5101 1024 5169 excipiat
1056 5105 1349 5160 interitus:
1384 5121 1451 5161 ae
1483 5107 1529 5162 si
1583 5107 1716 5177 quid
1750 5107 1873 5162 illos
1928 5107 2126 5178 effugit,

2242 5108 2399 5179 ξηται
2436 5107 2696 5179 δλεθρος·
2744 5108 2840 5161 καὶ
2904 5108 2958 5161 εί
2998 5125 3051 5161 τι
3106 5108 3350 5172 ἐκείνους
3384 5109 3648 5178 διέφυγεν,
3694 5102 3774 5157 ὑπὸ

557 5192 627 5246 ab
655 5191 739 5245 his
768 5204 1163 5251 consumatur:
1197 5196 1253 5251 in
1286 5214 1395 5268 quo
1426 5215 1561 5255 sane
1585 5199 1803 5256 facinus
1835 5201 2126 5255 admittam

2239 5202 2447 5257 τούτων
2479 5199 2781 5271 ἀναλωθείη
2801 5217 2817 5233 ο
2844 5201 3103 5272 τόλμημα
3133 5200 3441 5271 τολμῶντες
3472 5197 3775 5274 βαρὸαρικῇς

558 5282 808 5339 incursui
873 5286 1163 5345 barbarico
1226 5292 1434 5356 simile,
1490 5293 1585 5349 sed
1644 5294 1960 5349 Christiana
2024 5305 2126 5349 tum

2250 5293 2555 5365 ἐπιδρομῆς
2594 5295 2800 5366 ὅμοιον,
2836 5293 3235 5366 Χριστιανικῆς
3258 5293 3317 5346 δὲ
3376 5289 3775 5365 σεμνοπρεπείας

562 5374 876 5441 honestate,
911 5386 1023 5433 tum
1056 5380 1326 5437 modestia
1352 5398 1579 5453 prorsus
1639 5384 1947 5456 indignum.
2008 5382 2127 5439 Jam

561 5467 708 5537 quod
734 5468 899 5522 etiam
940 5469 1027 5526 his
1057 5472 1189 5542 ipsis
1238 5484 1292 5528 et
1323 5473 1670 5531 inhonestius
1695 5486 1801 5545 est,
1832 5485 1886 5532 et
1919 5477 2133 5533 alienus

560 5573 597 5615 ει
628 5563 853 5630 decoro,
884 5562 1137 5621 virilibus
1192 5569 1548 5627 monasteriis
1579 5570 1835 5627 mulieres
1864 5578 2131 5642 praesunt,

2241 5389 2335 5442 καὶ
2372 5387 2730 5457 κοσμιότητος
2763 5386 2939 5457 πάντη
2968 5384 3205 5451 ἀνάξιον.
3242 5386 3354 5439 Καὶ
3381 5384 3442 5439 τδ
3490 5386 3568 5439 ἔτι
3605 5382 3773 5437 τούτων

2242 5477 2609 5549 ἀσεμνότερόν
2662 5493 2720 5531 τε
2774 5478 2869 5530 καὶ
2926 5475 3362 5546 ἀπρεπέστερον,
3411 5475 3655 5543 γυναῖκες
3696 5470 3773 5540 μὲν

2238 5566 2496 5639 ἀνδρῴων
2559 5565 2917 5621 ἐπιστατοῦσι
2973 5566 3412 5640 φροντιστηρίωθ
3442 5608 3458 5636 ,
3509 5565 3684 5637 ἄνδρες
3730 5557 3774 5611 δὲ

1824 5741 2063 5802 ‘VARUE
2089 5740 2493 5801 LECTIOAES.

713 5828 762 5863 ³⁸
801 5830 1021 5898 κοινοῖς.
