3950 6594
220 398 327 461 841

1475 342 2189 456 Gnaeo-neniarum.

3370 391 3479 455 843

223 500 551 577 γυναικείων
576 500 953 575 φροντίζουσιν
976 519 990 535 ο
1013 501 1191 569 λύκοι,
1251 502 1414 569 φασὶν
1436 544 1451 570 ,
1498 505 1697 577 ἄνδρας
1751 507 1796 540 ⁸⁸

1912 513 1955 559 at
1987 504 2091 559 viri
2146 501 2495 558 muliebrium
2534 514 2724 555 curam
2775 509 3012 572 gerunt:
3044 512 3074 557 a
3135 502 3300 574 lupis,
3330 506 3476 576 quoii

224 597 621 668 ποιμαίνοντες,
675 596 708 667 ἢ
748 597 845 650 κα)⁸
888 595 1001 668 πῦρ
1044 598 1125 661 είς
1163 599 1357 669 χόρτον
1409 597 1795 668 ὲπαφιὲμενοι.

223 691 395 743 Ὅπου
425 690 536 761 γὰρ
573 689 694 742 οὑδὲ
749 688 983 761 πάροδος
1014 690 1215 761 τυχαία
1253 690 1366 745 καὶε
1395 691 1801 764 ἀπερίσκεπτος

219 780 443 848 ἀνδράσι
467 780 567 850 μὲν
594 780 674 843 είς
698 782 986 847 γυναικεῖα
1024 783 1240 851 ἐφεῖται
1278 783 1432 854 παρὰ
1477 782 1586 838 τῶν
1638 782 1801 837 θείων

221 870 549 941 κανόνων,ἢ
605 871 917 925 τούναντίον
977 873 1228 941 γυναιξὶν
1283 875 1362 938 είς
1403 874 1616 945 ἀνδρῶν
1669 892 1803 929 κατ,-

218 959 436 1029 αγώγια
456 977 471 992 ’
504 961 699 1025 πολλοῦ
724 980 786 1031 γε
813 962 894 1019 δεῖ
918 963 1218 1034 ἐνδοθῆναι,
1254 964 1455 1038 ἄνδρας
1488 966 1589 1037 μὲν
1613 982 1803 1034 γυναι-

218 1053 331 1115 κῶν
398 1053 590 1124 ἄρχειν
661 1055 900 1125 τιμίων,
972 1054 1094 1127 Θεῷ
1132 1056 1280 1131 μόνῳ
1337 1057 1437 1130 ζῇν
1489 1056 1800 1130 ἑλομένων·

217 1146 484 1215 γυναῖκας
506 1144 566 1198 δὲ
590 1147 753 1200 ὁσίων
801 1149 1163 1216 προΐστασθαι
1182 1150 1414 1223 ἀνδρῶν.
1439 1151 1503 1205 El
1531 1152 1697 1223 μήπω
1722 1170 1806 1218 τις

218 1236 435 1305 ᾇμικτα
503 1239 753 1308 μιγνύειν
790 1240 989 1306 ἐθέλοι,
1021 1242 1117 1303 καὶ
1148 1242 1259 1303 τῶν
1288 1242 1449 1298 θείων
1497 1245 1681 1315 νόμων
1712 1244 1807 1299 καὶ

214 1324 317 1394 τῆς
373 1324 595 1400 ἐντολῆς
648 1331 1009 1397 καταπαίξειν
1084 1333 1486 1412 αὑθαδιὰςοιτο.
1564 1337 1706 1392 Ἀλλ’
1769 1341 1803 1412 ἡ

216 1416 520 1490 μετριότης
538 1420 697 1490 ἡμῶν
720 1422 821 1492 τῆς
851 1440 911 1485 τε
945 1425 1198 1496 φυλακῆς
1227 1427 1336 1482 τῶν
1356 1428 1517 1500 ίερῶν
1541 1430 1804 1498 κανόνων,

216 1510 312 1559 καὶ
340 1506 455 1562 τῶν
507 1508 668 1569 θείων
711 1512 1101 1585 δικαιωμάτων
1132 1519 1575 1591 παρατηρήσεως
1639 1521 1808 1592 μηδὲν

213 1620 267 1663 τι
292 1603 757 1680 προύργιαίτερον
785 1611 1106 1683 ποιουμένη,
1144 1613 1240 1667 καὶ
1267 1613 1336 1668 τὰ
1365 1614 1590 1668 τοιαῦτα
1620 1614 1809 1687 ὥσπερ

216 1693 505 1761 φθάνουσα
535 1699 630 1759 καὶ
668 1700 875 1755 ἱστῶσα
904 1701 1074 1770 δεινὰ,
1110 1707 1207 1760 καὶ
1230 1704 1331 1775 τῆς
1384 1707 1479 1759 ἐπὶ
1514 1705 1583 1759 τὰ
1622 1706 1810 1778 πρόσω

216 1787 398 1859 φορᾶς
453 1788 862 1858 ἀνακόπτουσα,
921 1792 1265 1865 διορίζεται,
1313 1799 1469 1869 ,μήτε
1523 1799 1808 1870 μετένεξιν

216 1876 328 1938 ἀπὸ
351 1877 450 1942 τοῦ
483 1881 772 1952 παρόντος,
794 1903 1035 1957 μοναστη
1045 1891 1161 1960 ρίου
1187 1890 1432 1959 γίνεσθαι
1457 1894 1801 1967 οἱανδήποτε,

216 1968 328 2020 ἀπὸ
385 1969 478 2024 τοῦ
535 1973 625 2027 διὰ
668 1974 880 2048 δωρεᾶς
917 1982 1243 2051 κατέχοντος
1280 1988 1439 2053 τοῦτο
1478 1989 1561 2052 είς
1618 1989 1805 2059 ἕτερον

216 2062 518 2130 πρόσωπον
547 2081 562 2096 ο
586 2066 703 2121 ἀλλ’
735 2070 785 2122 εἰ
825 2070 921 2125 καὶ
964 2072 1195 2146 γένηταί
1227 2093 1378 2143 ποτε,
1411 2078 1616 2150 ἄκυρον
1666 2079 1806 2136 εἶναι

212 2152 452 2222 ταύτην,
506 2158 601 2211 καὶ
657 2159 920 2230 ἄδεκτον,
967 2167 1061 2218 καὶ
1141 2166 1399 2234 εὑθύναις
1452 2169 1636 2241 ἔνοχον
1687 2175 1807 2238 ταῖς

214 2243 680 2313 ἁρμοδιωτὰταις.
722 2251 878 2321 Μήτε
927 2255 1184 2322 γυναῖκα,
1212 2255 1334 2320 οἵας
1387 2256 1457 2312 ἂν
1492 2259 1577 2328 είη
1609 2259 1804 2332 τύχης,

214 2334 470 2406 ἀνδρῴου
520 2337 805 2406 δεσπόζειν
889 2347 1296 2417 μοναστηρίοω
1350 2346 1386 2419 ἢ
1452 2350 1803 2419 τούναντίον,

211 2427 395 2497 ἄνδρα
422 2433 734 2499 γυναικείου
753 2451 770 2468 ο
801 2437 894 2500 καὶ
949 2437 1208 2507 μᾴλιστα,
1238 2438 1455 2510 ἡλικίας
1500 2440 1806 2496 ὑποπτευο-

214 2520 400 2589 μένης
445 2525 817 2608 τυγχάνοντα,
882 2531 977 2583 καὶ
1028 2531 1322 2589 σκανδάλου
1378 2532 1638 2606 ἀφορμὴν
1693 2537 1807 2602 τοῖς

211 2618 439 2677 πιστοῖς
469 2617 869 2690 ἐμπαρέχοντα.
900 2623 1012 2676 Καὶ
1039 2622 1199 2678 τοῦτο
1238 2624 1600 2695 φυλάττεσθαι
1631 2629 1725 2682 καὶ
1748 2629 1807 2684 ὲν

215 2707 594 2777 μητροπόλεσι
625 2748 640 2773 ,
688 2711 785 2763 καὶ
839 2713 898 2768 ὲν
946 2713 1304 2781 ὲπισκοπαῐς,
1358 2717 1454 2771 καὶ
1502 2719 1804 2791 πανταχοῦ.

225 2796 520 2852 Ἑκποδὼν
560 2799 668 2872 γὰρ
702 2801 785 2864 δεῖ
824 2804 1094 2868 ποιεῖσθαι
1147 2806 1248 2871 τὰς
1289 2810 1533 2885 πονηρὰς
1565 2811 1806 2882 ὑποψίας

214 2887 378 2961 πάσῃ
426 2892 667 2962 μηχανῇ,
696 2890 810 2956 ἀλλ’
867 2894 989 2965 οὑχὶ
1057 2896 1155 2951 καὶ
1215 2897 1493 2970 πτώματα
1546 2902 1804 2959 ἐντεῦθεν

215 2984 536 3052 συγχωρεῖν
571 2984 985 3051 ἀποτίκτεσθαι,
1018 2989 1112 3044 καὶ
1138 2989 1198 3044 τὸ
1228 2991 1410 3061 τίμιον
1448 2996 1547 3066 τῆς
1572 2995 1803 3070 Ἐκκλη-

214 3070 344 3139 σίας
404 3072 839 3144 καθυϐρίζεσθαι
893 3078 1185 3152 πλήρωμα.
1260 3083 1347 3148 Ὠς
1397 3084 1463 3139 ἂν
1514 3082 1608 3141 οὖν
1666 3092 1804 3162 μήτε

217 3164 518 3234 μεταφορὰ
549 3165 642 3219 τὸν
696 3168 960 3237 μέλλοντα
995 3171 1187 3242 χρόνον
1223 3174 1331 3227 ἀπὸ
1378 3175 1673 3246 προσώπου
1725 3182 1805 3244 ei;

214 3252 522 3332 πρόσωπον
589 3256 733 3329 ίεροῦ
805 3263 1224 3334 φροντιστηρίου
1270 3265 1806 3344 πλημμεληθείηνῆ

212 3346 609 3417 ᾁπεμπόλησις
663 3349 844 3421 (τοῦτο
875 3353 921 3407 δ’
967 3355 1200 3427 αἰσχύνη
1231 3359 1324 3413 καὶ
1363 3360 1806 3432 ὑπολογίζεσθαι,

218 3440 291 3508 μή
327 3456 389 3490 τι
422 3439 601 3507 λέγειν
640 3442 734 3496 καὶ
773 3445 1050 3501 πιστεύειν
1076 3452 1282 3523 γραφῇ)
1317 3452 1454 3523 μήτε
1481 3451 1588 3528 μὴν
1622 3473 1812 3525 γυναι·

217 3531 392 3581 κείων
446 3530 639 3602 ἄνδρες
698 3536 964 3605 σεμνείων
1023 3539 1409 3611 ἐπιστατοίεν,
1462 3546 1496 3619 ἢ
1552 3552 1811 3616 γυναῖκες

219 3621 494 3714 ἀνδρῴων
524 3628 901 3695 προῖσταιντο,
925 3630 985 3683 τὸ
1014 3632 1188 3714 παρὸν
1223 3633 1526 3714 ὑπόμνημα
1553 3639 1809 3714 ἐξετέθηρ

219 3713 367 3783 πρὸς
404 3716 520 3778 τοῖς
568 3718 882 3790 εἰρημένοις
921 3720 1002 3788 ἔτι
1044 3711 1137 3789 καὶ
1174 3726 1352 3793 πᾷσαν
1387 3711 1598 3797 ἔκδοσιν
1627 3711 1812 3804 παρά-

217 3806 472 3878 λαυρίων
501 3824 584 3874 τε,
634 3811 729 3863 καὶ
786 3813 948 3883 ἱερῶν
985 3818 1437 3899 φροντιστηρίων,
1465 3823 1556 3874 καὶ
1601 3824 1813 3895 κτημάη

213 3915 352 3963 των,
388 3900 485 3953 καί
533 3902 738 3957 τοπίων
776 3906 964 3969 ἁπλῶς
1017 3912 1110 3960 καὶ
1159 3908 1522 3979 ἀμπελώνων,
1558 3914 1681 3985 ἥτις
1734 3916 1810 3989 μὴ

215 3992 366 4044 κατὰ
422 3993 649 4068 γνώμην
702 4001 1130 4080 πατριαρχικὴν,
1198 4003 1228 4074 ἤ
1287 4004 1493 4073 εἴδησιν
1548 4007 1659 4060 τῶν
1713 4007 1808 4062 τοῦ

217 4084 490 4159 σεκρέτου
556 4087 652 4141 τοῦ
733 4091 966 4159 εύαγοῦς
1022 4097 1493 4165 χαρτοφυλακείου
1555 4100 1807 4171 προέϐη,

214 4177 553 4251 ἀναργύρως
599 4181 904 4253 ἁνατρέπον
938 4188 1031 4249 καὶ
1096 4187 1359 4257 ἀκυροῦν.
1395 4188 1554 4244 Οὕτω
1598 4193 1806 4261 μέντοι,

215 4268 368 4323 ὥστε
404 4273 679 4342 μηδεμίαν
719 4275 973 4331 ἐντεῦθεν
1010 4277 1215 4351 ζημίαν
1264 4283 1330 4336 τὰ
1377 4283 1548 4354 εὐαγῆ
1583 4287 1809 4355 σεμνεῖα

214 4361 592 4431 ὑφίστασθαι·
629 4367 747 4423 ἀλλ’
774 4371 970 4434 αὑτοὺς
1000 4373 1240 4437 ἐκείνους
1265 4375 1391 4436 τοὺς
1416 4356 1804 4444 ἐκδεδωκότας,

212 4454 437 4508 οἴκοθεν
464 4455 668 4530 ταύτην
701 4460 1109 4530 ἐπιγινώσκειν,
1145 4467 1241 4519 καὶ
1276 4466 1413 4535 πρὸς
1442 4466 1537 4531 οὓς
1583 4467 1807 4523 ὲκδεδὼτ-

1903 596 2078 659 aiunt,
2112 599 2421 663 pascuntur
2459 592 2620 662 agni;
2675 590 2758 646 vel
2791 590 2934 663 ignis
2969 590 3093 645 it-tto
3144 592 3477 661 immittitur,

1904 687 2116 756 Quippe
2149 699 2276 739 eum
2299 697 2365 737 ne
2387 682 2648 737 Fortuittts
2677 679 2924 751 quidem,
2972 694 3035 733 ac
3061 679 3284 736 minime
3314 680 3483 739 medii-

1907 790 2053 835 tatus
2084 779 2266 833 aditus
2294 776 2429 832 viris
2453 774 2525 831 ad
2557 773 2840 829 muliebria
2870 772 3207 829 monasteria
3255 771 3431 829 sacris
3455 788 3482 835 θ

1905 875 2218 929 canonibus
2253 872 2627 943 permittatur,
2660 877 2755 926 aut
2782 883 2813 924 e
2848 869 3133 924 contrario
3162 867 3485 928 mulieribus

1907 968 1975 1021 ad
2031 968 2278 1023 virorum
2355 964 2680 1021 domicilia:
2714 964 2948 1019 multum
3010 960 3259 1032 profecto
3307 962 3485 1031 abest,

1907 1071 2235 1115 concessum
2264 1071 2408 1122 esse,
2431 1064 2491 1109 ut
2514 1053 2568 1110 in
2594 1052 2932 1113 venerabiles
2987 1051 3216 1109 feminas
3246 1065 3366 1122 qua:
3388 1051 3488 1116 soli

1911 1152 2020 1207 Deo
2050 1152 2234 1206 vivere
2261 1150 2648 1213 decreverunt,
2696 1147 2986 1219 imperium
3023 1145 3124 1204 viri
3155 1153 3374 1218 gerant,
3425 1160 3491 1207 at:

1909 1244 2168 1301 mulieres
2207 1241 2344 1301 viris
2406 1239 2676 1312 religiosis
2728 1240 2975 1310 praesint,
3021 1237 3128 1296 nisi
3190 1237 3316 1309 quis
3351 1232 3491 1293 fet-te

1909 1351 2021 1392 non
2051 1333 2332 1391 miscenda
2356 1333 2592 1391 miscere
2617 1332 2770 1401 velit,
2787 1341 2842 1388 et
2863 1331 3267 1388 contumaciter
3288 1330 3492 1393 divinis

1910 1427 2123 1498 legibus
2152 1442 2216 1484 ac
2248 1436 2521 1498 praecepto
2554 1425 2771 1483 illudat.
2801 1424 3094 1482 Enimvero
3137 1424 3492 1498 mediocritas

1911 1527 2102 1575 nostra
2151 1518 2598 1575 comservatione
2646 1531 2933 1574 sacrorum
2985 1530 3279 1585 canonum,
3321 1526 3377 1574 et
3404 1515 3493 1586 ju—

1912 1611 2054 1675 rium
2088 1609 2403 1667 divinorum
2428 1610 2816 1667 observatione
2847 1608 2987 1664 nihil
3046 1608 3334 1680 antiquius
3395 1610 3493 1666 har

1914 1703 2050 1759 hens
2080 1719 2096 1770 ;
2152 1701 2320 1763 simul
2347 1709 2403 1758 et
2427 1705 2545 1762 haec
2572 1701 2715 1757 mala
2746 1701 2899 1758 velut
2928 1700 3245 1771 anticipans
3297 1715 3362 1755 ac
3418 1702 3494 1756 si-

1914 1800 2085 1854 stens.
2134 1799 2189 1847 et
2215 1791 2512 1862 quominus
2567 1789 2798 1850 ultertus
2840 1798 3087 1860 serpant,
3146 1789 3493 1848 retundens:

1912 1886 2108 1941 statuit
2160 1893 2223 1946 ut
2250 1901 2316 1940 ex
2342 1885 2446 1942 hoc
2499 1896 2744 1955 tempore
2772 1899 2951 1954 neque
2970 1883 3259 1941 translatio
3306 1898 3467 1952 mena

1912 1976 2064 2032 sterii
2122 1990 2463 2046 quaecunque
2514 1976 2608 2031 ﬁat
2673 1973 2753 2032 at?
2801 1989 2867 2031 ea
2904 1989 3162 2045 persona,
3226 1988 3349 2044 quae
3398 1989 3497 2044 per

1912 2067 2264 2124 donationem
2324 2065 2378 2122 id
2412 2064 2677 2136 possidet,
2727 2068 2795 2121 ad
2835 2066 3001 2123 aliam
3033 2081 3361 2137 personam:
3417 2078 3493 2135 et,

1912 2158 1958 2215 si
1989 2158 2131 2215 facta
2165 2159 2237 2216 sit
2256 2158 2414 2219 forte.
2444 2158 2516 2217 sit
2547 2160 2722 2226 irrita,
2751 2173 2851 2214 nec
2873 2157 3215 2225 admittatur,
3239 2168 3293 2215 et
3316 2158 3498 2229 penis

1913 2251 2369 2309 convenientibus
2422 2251 2777 2322 reprimatur.
2829 2248 2943 2306 Nec
3012 2258 3074 2305 ut
3125 2251 3254 2307 item
3301 2252 3494 2306 mulier

1912 2344 2292 2417 cujuscunque
2383 2344 2715 2401 conditionis
2767 2344 2878 2409 sit,
2936 2343 3110 2401 virilis
3174 2345 3494 2410 monasterii

1913 2436 2219 2493 dominium
2276 2436 2515 2492 habeat:
2548 2443 2644 2490 aut
2674 2438 2791 2491 vice
2844 2450 3026 2501 versa,
3062 2435 3144 2495 vit‘
3164 2420 3492 2505 muliebris;

1912 2530 2238 2601 praesertim,
2284 2528 2379 2602 qui
2410 2538 2682 2600 suspecta:
2729 2529 3023 2597 sitaatatis,
3045 2538 3101 2583 et
3147 2529 3495 2599 occasionem

1913 2621 2160 2679 scandali
2207 2621 2464 2685 ﬁdelibus
2495 2621 2759 2693 praebeat.
2808 2622 2989 2693 Atque
3042 2621 3148 2678 hoc
3189 2622 3497 2681 observan-

1914 2714 2045 2770 dum
2083 2725 2191 2771 tam
2216 2715 2270 2774 in
2326 2713 2728 2786 metropolibus
2756 2728 2921 2787 quam
2971 2713 3407 2786 episcopatibus,
3440 2728 3494 2772 et

1916 2809 2139 2881 ubique.
2176 2807 2312 2869 Nam
2343 2822 2494 2866 omnt
2530 2817 2732 2865 conatu
2758 2808 3107 2865 removenda:
3145 2815 3277 2875 sunt
3307 2810 3493 2878 suspi-

1912 2903 2102 2959 ciones
2153 2900 2330 2966 malae,
2368 2901 2655 2971 multoque
2701 2899 2885 2960 minus
2943 2901 3400 2972 permittendum,
3436 2912 3497 2957 ut

1914 2992 2109 3062 lapsus
2171 2991 2299 3048 inde
2356 2992 2704 3062 proveniant,
2765 3004 2823 3049 et
2883 2992 3109 3051 infamia
3185 2995 3496 3050 venerabile

1914 3100 2117 3156 corpus
2165 3084 2427 3143 Ecclesiae
2469 3083 2764 3146 afﬁciatur.
2798 3085 2870 3143 Ut
2915 3085 3082 3157 igitur
3109 3086 3165 3143 in
3212 3096 3492 3160 posterum

1916 3191 2093 3247 neque
2120 3176 2407 3235 translatio
2438 3176 2587 3235 sacri
2623 3176 2861 3246 alicujus
2889 3178 3210 3234 monasterii
3240 3193 3272 3234 a
3304 3195 3495 3251 pereo:

1912 3284 1981 3327 na
2033 3268 2087 3323 in
2128 3282 2421 3339 personam
2481 3269 2884 3334 committatur,
2924 3277 3023 3326 aut
3048 3268 3293 3327 venditio
3326 3274 3494 3342 (quod

1914 3359 2004 3413 vel
2039 3360 2283 3430 cogitatu
2314 3366 2476 3429 turpe
2510 3356 2701 3423 fuerit,
2738 3358 2941 3415 nedum
2971 3370 3032 3414 ut
3056 3360 3299 3426 dicatur,
3331 3370 3386 3418 et
3431 3363 3485 3418 in

1916 3450 2126 3505 litteras
2158 3447 2480 3519 referatur),
2507 3464 2691 3520 neque
2724 3449 2831 3505 viri
2866 3449 3232 3509 muliebribus
3286 3454 3496 3518 sobolis

1915 3541 2222 3600 honestatis
2250 3541 2496 3612 praesint,
2549 3552 2643 3597 aut
2669 3541 2922 3599 virilibus
2938 3544 3197 3613 mulieres
3222 3563 3233 3599 :
3256 3561 3499 3615 praesens

1917 3635 2026 3691 hoc
2059 3645 2475 3695 monumentum
2505 3635 2818 3706 expositum
2844 3643 2952 3705 est,
2982 3637 3131 3708 quod
3191 3648 3388 3708 prater
3432 3654 3497 3693 ea

1917 3744 2042 3800 quise
2071 3729 2220 3791 dicta
2249 3735 2398 3794 sunt,
2431 3728 2599 3787 etiam
2631 3742 2851 3784 omnem
2880 3729 3214 3787 locationem
3245 3732 3498 3801 paralaue

1920 3820 2129 3880 riorum
2168 3826 2225 3873 et
2270 3831 2557 3878 sacrarum
2610 3817 3095 3886 monasteriorum,
3155 3825 3210 3874 et
3262 3818 3496 3889 praedio-

1917 3926 2060 3974 rum,
2099 3918 2156 3966 et
2207 3908 2501 3965 fundorum
2555 3908 2899 3980 simpliciter,
2933 3923 2998 3966 ac
3027 3909 3342 3975 vinearum,
3374 3925 3497 3980 qua:

1918 4002 1985 4059 de
2040 4003 2316 4059 sententia
2376 4001 2730 4071 patriarchae,
2770 4015 2838 4057 ac
2886 4002 3192 4057 scientibus
3248 4001 3338 4069 iis,
3398 4006 3494 4073 qui

1917 4094 2220 4155 secretario
2247 4093 2582 4151 venerabilis
2617 4093 2807 4154 scrinii
2836 4101 3103 4164 prmum,
3133 4108 3242 4149 non
3267 4108 3496 4164 proces-

1918 4190 2033 4248 sit;
2071 4186 2279 4258 absque
2303 4187 2463 4258 pretii
2496 4186 2849 4242 restitutione
2887 4186 3156 4242 rescindit
3198 4193 3253 4241 et
3280 4187 3493 4243 abolet.

1917 4280 1995 4345 ita
2022 4288 2227 4347 tamen,
2255 4288 2317 4333 ut
2344 4277 2686 4338 venerabiles
2716 4276 3021 4338 honestatis
3056 4276 3260 4334 schola:
3282 4278 3495 4339 nullum

1915 4372 2042 4427 inde
2066 4372 2461 4428 detrimentum
2510 4369 2846 4436 sustineant,
2878 4370 2974 4426 sed
3030 4371 3244 4428 utillud
3275 4372 3343 4428 de
3392 4388 3497 4429 suo

1914 4467 2187 4532 locatores
2236 4470 2541 4534 agnoscant
2586 4472 2644 4518 et
2690 4460 3096 4520 conductores:
3127 4463 3208 4520 illi
3246 4464 3494 4534 quidem.

212 4561 375 4608 κασι,
416 4547 545 4612 τοὺς
575 4551 695 4621 μὲν,
718 4550 793 4615 ὡς
816 4554 1090 4623 δολεροὺς,
1123 4558 1216 4610 καὶ
1242 4556 1279 4612 ἃ
1308 4560 1385 4629 μὴ
1410 4560 1805 4631 ἐπετράπησαν

1918 4566 1979 4613 ιιι
2008 4555 2362 4620 fraudulenti,
2396 4561 2451 4612 et
2474 4552 2571 4625 qui
2608 4566 2720 4614 non
2751 4554 3021 4623 permissa
3054 4570 3085 4609 a
3123 4555 3495 4612 sanctissimis

214 4640 381 4709 παρὰ
443 4640 553 4703 τῶν
594 4643 915 4712 ἁγιωτάτων
952 4649 1282 4721 ἀρχιερέων,
1312 4652 1407 4704 ἐπὶ
1462 4652 1645 4723 κέρδει
1689 4652 1804 4725 ίδίῳ

215 4732 414 4797 κακῶς
445 4736 899 4807 ὲκποιουμένους·
916 4740 1042 4811 τοὺς
1062 4742 1504 4819 ἐκλαμϐάνοντας
1532 4746 1708 4812 δὲ,ὅτι
1728 4747 1804 4818 μὴ

211 4824 555 4894 ἐφρόντισαν
611 4829 1024 4899 ἀκριϐώσασθαι
1077 4838 1203 4907 παρ’
1254 4829 1329 4890 ὧν
1393 4837 1477 4891 δεῖ
1526 4839 1807 4911 ἐκλαμϐα-

216 4933 359 4981 νειν,
414 4920 512 4972 καὶ
559 4922 930 4991 ἠσφαλίσαντο
969 4928 1230 4994 ἑαυτεύς’
1295 4932 1389 4989 καὶ
1434 4932 1703 5003 μάλιστα,
1758 4936 1806 4985 εί

217 5010 300 5085 μὴ
337 5015 617 5080 προφανὲς
671 5018 755 5088 εἴη
807 5020 903 5073 καὶ
944 5021 1100 5092 δῆλον
1141 5024 1224 5077 ὅτι
1254 5025 1333 5087 εἰς
1380 5026 1661 5097 χρειώδεις
1711 5026 1809 5081 καὶ

217 5105 542 5173 ἀναγκαίας
562 5109 774 5177 ἐξόδους
811 5114 920 5167 τῶν
937 5120 1372 5190 φροντιστηρίων
1413 5119 1809 5190 προεχώρησαν

215 5196 291 5248 τὰ
347 5198 685 5258 είσδεκτικά.
750 5205 885 5260 ’Δπδ
938 5208 993 5261 δὲ
1041 5209 1137 5263 τοῦ
1192 5211 1482 5281 παρόντος,
1531 5212 1699 5281 μηδέν
1756 5229 1809 5264 τι

215 5286 436 5342 τούτων
462 5289 734 5359 γίνεσθαι.
794 5297 936 5352 Ἀλλ’
987 5302 1034 5353 εἰ
1082 5301 1178 5356 καὶ
1210 5304 1393 5373 δεήσει
1436 5304 1710 5373 γενέσθαι,
1742 5307 1810 5376 τῇ

219 5378 386 5449 ἡμῶν
417 5382 713 5457 ἀναφέρειν
755 5394 1093 5461 μετριότητι,
1119 5395 1152 5466 ἢ
1179 5397 1272 5449 καὶ
1297 5397 1376 5467 τῷ
1407 5397 1809 5466 θεοφιλεστάτῳ

212 5475 633 5545 χαρτοιρύλακι,
688 5484 785 5534 καὶ
831 5486 945 5547 τοῖς
997 5487 1125 5559 περὶ
1170 5488 1360 5557 αὑτὸνρ
1386 5488 1811 5551 εὐλαϐεστάτοις

210 5564 491 5631 διακόνοις
553 5571 648 5623 καὶ
710 5582 1133 5646 πατριαρχικοῖς
1172 5580 1476 5652 νοταρίοιςο
1523 5582 1619 5636 καὶ
1664 5597 1803 5634 ποο-

1908 4646 2269 4720 puntiﬁcihus
2325 4646 2534 4717 promii
2588 4643 2729 4703 lucri
2786 4660 2957 4701 causa
3023 4646 3166 4705 male
3210 4646 3494 4704 alienent;

1908 4743 2276 4800 conductores
2308 4754 2462 4806 vero,
2487 4737 2637 4809 quod
2660 4732 2851 4793 curam
2877 4737 3084 4797 nullam
3115 4739 3490 4802 adhibuerint,

1911 4842 1970 4889 ιιι
1998 4832 2264 4888 certiores
2317 4838 2585 4894 essent,a
2643 4828 2844 4897 quibus
2891 4829 3316 4889 conductiunem
3372 4832 3491 4888 ﬁeri

1910 4931 2186 4999 oporteat,
2221 4937 2321 4978 nec
2344 4936 2408 4976 eo
2428 4921 2590 4982 modo
2615 4919 2718 4985 sibi
2750 4920 3035 4976 caverint:
3067 4936 3132 4978 ac
3157 4922 3490 4999 praesertim,

1914 5018 1957 5072 si
1998 5032 2106 5070 non
2140 5014 2429 5071 manifesto
2448 5021 2659 5083 pareat,
2689 5010 2836 5081 quod
2863 5012 2930 5065 ad
2965 5014 3128 5068 utiles
3153 5022 3205 5068 et
3235 5029 3493 5071 necessa-

1911 5111 2027 5165 rias
2054 5121 2328 5178 expensas
2378 5106 2838 5169 monasteriorum
2893 5116 3115 5176 erogata
3181 5106 3315 5173 sint,
3370 5121 3492 5177 qur.-

1920 5211 2138 5280 recepta
2164 5213 2232 5254 es
2263 5197 2536 5257 reditibus
2565 5208 2744 5253 erant.
2776 5197 3045 5268 Deinceps
3072 5196 3294 5269 quidem
3350 5198 3489 5254 nihil

1917 5296 2116 5351 horum
2148 5291 2267 5347 ﬁeri
2301 5289 2483 5347 debet.
2516 5290 2594 5346 Ac
2625 5291 2669 5344 si
2698 5291 2934 5346 maxime
2986 5290 3101 5347 ﬁeri
3162 5291 3488 5361 oportuerit,

1918 5386 1984 5440 ad
2020 5383 2455 5441 mediocritatem
2494 5392 2742 5437 nostram
2802 5382 3098 5448 referatur,
3133 5383 3217 5438 vel
3254 5381 3325 5437 ad
3355 5382 3489 5438 reli-

1915 5478 2288 5552 giosissimum
2321 5476 2745 5543 chartulariutn,
2772 5484 2827 5532 et
2858 5476 3150 5546 adiunctos
3167 5476 3219 5531 ei
3259 5465 3493 5532 venera-

1919 5572 2058 5626 biles
2078 5570 2342 5628 diaconos
2367 5583 2430 5626 ac
2458 5569 2854 5642 patriarchales
2911 5570 3160 5628 notarios
3188 5570 3495 5649 horumque

1535 5755 1767 5819 VARUE
1802 5750 2202 5825 LECTIONES,

289 5834 337 5878 ”
359 5836 556 5909 ἄρνας.

459 5934 732 6017 Ρλτιιοιι.
774 5933 887 5996 GR.
934 5934 1158 6015 CXIX,

3015 5933 3092 6017 27
