3950 6648
217 549 318 614 845

1483 499 2168 611 GR/ECO-ROMANUM
2185 598 2188 602 Α

3346 549 3462 617 846

217 659 570 731 πράγματος,
628 651 724 710 καὶ
783 654 1048 728 διαμονὴν
1112 652 1207 708 τοῦ
1293 653 1484 724 γένους
1542 657 1622 725 τῷ
1679 655 1775 728 βίῳ

1883 672 2005 726 (litae
2027 654 2246 728 generis
2287 652 2706 726 perpetuitatem
2746 652 2868 708 vitae
2896 651 3150 726 largitur,
3193 651 3459 726 singulari

213 747 587 823 χαριζομένου,
643 750 1128 821 πεφροντισμένως
1177 747 1454 818 ὀφείλουσι
1505 749 1773 821 προϊέναι,

213 843 289 896 ἵνα
326 841 462 910 μήτε
513 839 582 894 τὰ
613 840 754 895 καλά
791 841 1101 912 λυμήνηται
1135 839 1197 894 τὸ
1244 841 1576 913 ἀμέριμνον,
1636 842 1778 914 μήτε

207 935 271 988 τὰ
301 931 477 1003 φαῦλα
509 933 813 1004 ῥυπαίνωσι
847 933 956 989 τῶν
990 934 1456 1004 συναλλαγμάτων
1484 933 1547 988 τὸ
1576 934 1776 1006 τιμιώ-

206 1044 380 1083 τατον.
446 1028 512 1081 Ἦ
535 1027 665 1094 γοῦν
691 1027 971 1094 ὑπόθεσις,
1007 1026 1137 1098 περὶ
1168 1020 1238 1098 ἦς
1269 1029 1298 1081 6
1332 1027 1490 1097 λόγος
1520 1025 1777 1099 ὥρμηται

207 1117 498 1178 διαλαὸεἰν,
521 1119 633 1190 ἔχει
647 1119 770 1173 τινὰ
785 1119 1018 1190 θεωρίαν
1035 1119 1133 1172 οὐκ
1153 1117 1414 1191 ἄμουσον,
1429 1119 1538 1173 οὐδ’
1560 1119 1774 1191 ἄχαριν,

208 1209 336 1266 ἀλλὰ
363 1210 459 1265 καὶ
489 1211 611 1264 λίαν
639 1210 814 1283 ἡδέως
851 1213 933 1275 εἰς
964 1211 1056 1266 τὸν
1080 1212 1206 1266 νοῦν
1257 1213 1368 1268 τῶν
1404 1212 1777 1284 πεπαιδευμέρ

205 1320 303 1354 νων
361 1301 744 1354 διαϐαίνουσαν
774 1318 788 1332 ·
849 1303 916 1372 ἢν
966 1301 1062 1356 καὶ
1081 1302 1396 1372 διηγητέον,
1422 1303 1510 1357 ῐνα
1549 1303 1778 1374 γένηται

201 1391 357 1461 δῆλον
386 1391 449 1445 τδ
495 1392 811 1462 λεγόμενον.
835 1392 1064 1462 Συμεὼν
1092 1393 1122 1445 6
1177 1392 1414 1466 ἐπίκλην
1466 1393 1776 1465 Σεμίδαλις,

201 1482 437 1546 ἑλκύσας
476 1483 555 1546 είς
583 1483 938 1553 δικαστήριον
967 1483 1057 1536 τὸν
1091 1485 1398 1555 Εὐφήμιον,
1441 1484 1779 1556 παρανόμων

202 1576 398 1644 γάμων
418 1574 608 1629 τοῦτον
636 1576 932 1645 ἐγράψατο.
955 1577 1064 1630 Καὶ
1086 1577 1118 1647 ἡ
1148 1577 1404 1648 διήγησις
1429 1593 1442 1605 ·
1473 1577 1776 1648 Εὐφήμιος,

199 1668 355 1737 φησὶ,
373 1668 466 1722 καὶ
491 1668 764 1739 Γεὼργιος
793 1667 854 1734 ἐξ
882 1669 1119 1740 ἀνεψιῶν
1140 1669 1447 1740 τεχθέντες,
1471 1669 1779 1738 δισεξαδέλ-

197 1777 308 1834 φων
331 1760 515 1830 ἔχουσι
544 1761 719 1828 τάξιν.
747 1761 965 1816 Τούτων
983 1763 1012 1816 6
1045 1760 1142 1830 μὲν
1159 1761 1432 1832 Γεὼργιος
1461 1760 1582 1831 μεθ’
1631 1762 1778 1832 ἱερο-

196 1852 386 1920 λογίας
416 1855 656 1924 ἠγάγετο
685 1853 950 1924 Θεοδότην
980 1852 1171 1924 ὄνομα,
1205 1853 1266 1906 ού
1292 1853 1452 1924 μόνον
1475 1852 1536 1905 οὐ
1559 1853 1776 1924 γάμων,

195 1944 304 1999 ἀλλ’
351 1945 473 1998 οὐδὲ
507 1944 808 2014 μνηστείας
845 1942 1081 2013 ὡραίαν.
1122 1941 1468 2013 Ἐπιζήοασα
1488 1941 1606 2014 δὲή
1638 1942 1775 2014 κόρη

195 2036 447 2090 ἐνιαυτὸν
493 2035 592 2094 ενα
647 2037 782 2108 πρὸς
832 2038 910 2109 τῷ
958 2039 1170 2111 ἡμίσει,
1239 2039 1487 2112 θνήσκει.
1545 2041 1778 2094 Ἔπειτα

196 2127 484 2198 nomen;
507 2129 730 2199 Μαρίαν
763 2131 862 2202 την
886 2131 1092 2204 ταύτης
1124 2133 1337 2206 μητέρα
1370 2133 1561 2204 γαμεῖ.
1597 2132 1778 2204 Ὁμέν

193 2222 503 2293 κατήγορος
534 2263 549 2287 ,
605 2227 766 2278 ταυτὶ
821 2224 1124 2295 διεξῆλθεν.
1201 2224 1260 2279 '0
1338 2225 1398 2280 δὲ
1444 2224 1779 2296 διωκόμενος

194 2315 603 2385 ἀπελογήσατο,
635 2317 898 2370 ἐνιαυτῶν
919 2315 1018 2388 μὲν
1051 2311 1195 2374 εἶναι
1221 2317 1386 2371 πέντε
1415 2317 1510 2372 καὶ
1534 2317 1779 2387 ἡμίσεως

191 2404 372 2474 λέγων
429 2406 530 2478 τὴν
593 2407 874 2478 Θεοδότην,
929 2409 1018 2464 ὅτε
1070 2411 1102 2478 ή
1161 2407 1438 2482 ίερολογία
1497 2407 1780 2463 συνίστατο

193 2500 338 2554 κατὰ
368 2501 462 2551 τὸν
513 2499 759 2571 Μάρτιον
814 2501 960 2573 μῆνα
1006 2501 1106 2571 τῆς
1156 2501 1346 2572 τρίτης
1374 2501 1774 2572 ἐπινεμήσεως.

203 2592 288 2644 Ἐν
319 2592 383 2644 δὲ
422 2591 501 2661 τῷ
558 2591 762 2664 Ἰουλίῳ
795 2593 928 2664 μηνὶ
958 2596 1058 2665 τῆς
1085 2593 1358 2666 τετάρτης
1397 2594 1779 2664 ἐπινεμήσεως

192 2685 403 2749 θανεῖν,
431 2685 526 2740 καὶ
562 2685 649 2739 διὰ
677 2687 836 2740 τοῦτο
866 2686 1028 2750 αὐτὸς
1068 2687 1136 2757 τῇ
1175 2685 1382 2755 ταύτης
1433 2684 1604 2757 μητρὶ
1641 2684 1780 2756 πρὸς

191 2780 376 2849 γάμον
446 2779 744 2836 συνελθεῖν.
783 2779 914 2833 Δέον
981 2779 1278 2851 τοιγαροῦν
1319 2781 1439 2842 ταῖς
1503 2777 1780 2839 τοιαύταις

191 2870 588 2936 δικιωλογίαις
616 2870 941 2940 παραθεῖναι
965 2870 1056 2925 τὸν
1087 2871 1274 2940 νόμον,
1311 2867 1407 2922 καὶ
1441 2867 1615 2930 οὕτως
1639 2866 1776 2920 ἀπό-

201 2979 375 3029 φασιν
421 2963 689 3032 ἐνεγκεῖν,
746 2960 1080 3026 ἐδικάσαμεν
1113 2961 1314 3032 χρῆναι
1362 2959 1629 3030 πρότερον
1691 2956 1780 3012 διὰ

194 3052 502 3123 μαρτύρων
535 3055 822 3123 συστῆσαι,
858 3054 1054 3106 πόστον
1084 3052 1201 3115 ἔτος
1228 3047 1364 3122 ἦγεν
1407 3052 1440 3120 ἠ
1474 3050 1611 3120 κόρη
1641 3048 1782 3102 κατά

189 3143 278 3197 τὸν
299 3143 502 3214 καιρὸν
524 3144 623 3213 τῆς
645 3142 950 3214 ίερολογίας
975 3160 988 3176 ·
1014 3142 1107 3196 καὶ
1125 3141 1238 3198 εἴτε
1261 3140 1524 3212 μνηστεία
1547 3139 1779 3208 συνέστη

188 3236 486 3306 πρότερον,
518 3230 618 3289 εἶθ’
645 3233 817 3298 οὕτως
841 3235 870 3288 6
899 3234 1108 3304 γάμοςο
1134 3233 1168 3303 ἢ
1201 3233 1252 3286 ει
1297 3231 1577 3302 τοπρῶτον
1611 3243 1784 3298 γαμι-

189 3328 286 3384 κὸν
356 3325 714 3397 συνάλλαγμα
751 3365 766 3392 ,

1881 763 2006 803 cum
2036 761 2168 802 cura
2206 745 2429 800 tractari
2462 744 2697 800 debent:
2758 753 2817 797 ut
2848 757 2949 798 nec
3005 744 3093 809 iis,
3131 759 3252 814 quae
3311 745 3458 802 bona

1882 847 2035 907 sunt,
2059 838 2258 897 ciliciat
2315 839 2569 905 incuria;
2600 851 2701 891 nec
2759 845 3106 892 contractum
3140 837 3465 895 honestissi-

1881 947 2029 987 mum
2057 933 2201 987 mala
2223 931 2526 988 sordident.
2553 932 2947 1003 Argumentum
2967 931 3188 1002 quidem
3214 929 3462 998 certe,de

1881 1039 1992 1094 quo
2016 1024 2296 1083 decretum
2319 1033 2405 1081 est
2430 1037 2611 1094 agere,
2639 1022 3134 1080 considerationem
3163 1022 3459 1094 quamdam

1881 1131 1994 1172 non
2036 1116 2346 1186 illepidam,
2407 1129 2511 1172 nec
2546 1115 2818 1186 ingratam
2880 1115 3164 1181 continet,
3204 1114 3299 1171 sed
3339 1129 3458 1170 ma.

1882 1224 1990 1282 gna
2024 1224 2152 1265 cum
2216 1209 2501 1279 voluptate
2533 1208 2590 1263 in
2639 1208 2985 1264 eruditorum
3020 1209 3238 1263 animos
3289 1223 3458 1278 pene-

1883 1309 2160 1358 trantem:
2215 1299 2362 1371 quod
2393 1299 2730 1356 narrandum
2764 1299 2942 1371 primo
3001 1300 3172 1367 venit,
3225 1309 3284 1354 ut
3313 1301 3461 1371 quod

1881 1393 2086 1450 dicturi
2126 1407 2340 1457 sumus,
2379 1392 2590 1462 liquido
2648 1392 2890 1464 perspici
2942 1391 3136 1463 possit.
3193 1390 3456 1465 Symeon,

1880 1493 2244 1557 cognomento
2305 1482 2618 1550 Semidalis,
2685 1492 3024 1555 pertraclum
3081 1483 3149 1539 ad
3219 1485 3461 1540 tribunal

1881 1577 2246 1651 Euphemium
2269 1578 2338 1635 de
2365 1579 2574 1651 nuptiis
2600 1577 2807 1635 illicitis
2840 1585 3161 1635 accusatum
3217 1577 3459 1649 inscrip.

1880 1677 1976 1736 sit.
2010 1675 2162 1732 Facti
2187 1675 2436 1732 narratio
2470 1675 2586 1731 haec
2633 1681 2737 1731 est.
2770 1673 3132 1744 Euphemius.
3177 1672 3375 1743 inquit,
3404 1679 3462 1736 et

1881 1768 2175 1840 Georgius,
2210 1782 2280 1824 ex
2315 1765 2670 1822 consobrinis
2728 1763 3026 1836 procreati,
3062 1777 3164 1832 pro
3216 1763 3462 1822 sobrinis

1881 1861 2172 1918 habentur.
2201 1859 2414 1917 Horum
2444 1860 2604 1924 alter,
2623 1856 2912 1928 Georgius,
2941 1846 3257 1928 quamdam,
3276 1855 3460 1910 nomi-

1882 1969 1950 2010 ne
1977 1954 2341 2019 Theodotem,
2372 1951 2632 2022 precibus
2657 1950 2831 2006 sacris
2861 1948 3123 2006 adhibitis
3151 1947 3330 2013 duxit,
3349 1963 3462 2008 non

1881 2049 2044 2102 modo
2111 2062 2220 2102 non
2278 2053 2552 2102 maturam
2608 2043 2839 2114 nuptiis,
2869 2041 2966 2098 sed
3018 2040 3462 2112 nesponsalibus

1879 2140 2122 2211 quidem.
2206 2137 2455 2209 Cumque
2537 2135 2716 2206 puella
2808 2141 3091 2206 superstes
3141 2148 3345 2189 annum
3399 2131 3462 2190 IS

1880 2231 2100 2296 luisset,
2133 2231 2391 2285 moritur.
2437 2226 2578 2284 Hinc
2621 2225 2958 2297 Euphemius
2988 2224 3238 2292 Mariam,
3267 2225 3461 2296 puella:

1880 2333 2133 2391 matrem,
2175 2321 2383 2395 nuptiis
2414 2321 2520 2376 sibi
2566 2320 2770 2391 jungit.
2825 2318 2893 2374 Et
2948 2319 3063 2373 haec
3114 2316 3336 2390 quidem
3389 2315 3460 2374 ab

1879 2425 2067 2472 actore
2108 2422 2238 2471 sunt
2289 2413 2560 2484 exposita.
2628 2411 2776 2468 Reus
2831 2418 3014 2466 autem
3060 2425 3120 2467 se
3166 2409 3459 2481 purgabat,

1879 2508 2217 2565 Theodotem
2290 2517 2525 2561 narrans
2579 2518 2848 2560 annorum
2907 2501 2996 2558 VS
3074 2501 3268 2568 fuisse,
3334 2515 3460 2559 cum

1879 2617 2049 2660 sacrae
2101 2615 2294 2672 preces
2352 2597 2764 2662 adhiberentur,
2812 2609 3007 2650 mense
3036 2591 3255 2660 Martio,
3316 2592 3460 2649 indi.

1878 2694 2082 2752 ctionis
2139 2708 2221 2748 tu.
2273 2690 2378 2746 Sed
2429 2703 2552 2744 eam
2606 2702 2797 2744 mense
2847 2684 2994 2743 Julio
3029 2684 3349 2742 indictionis
3409 2699 3464 2740 Iv

1879 2804 1999 2844 esse
2035 2795 2332 2849 mortuam,
2392 2784 2626 2853 ideoque
2649 2796 2710 2836 se
2757 2780 2814 2834 in
2862 2778 3278 2836 matrimonium
3330 2791 3459 2834 cum

1878 2880 1998 2952 ejus
2025 2888 2197 2934 matre
2243 2876 2502 2933 coivisse.
2541 2873 2991 2944 Quandoquidem
3021 2886 3155 2945 ergo
3184 2871 3462 2941 discepta.

1881 2972 2126 3028 tionibus
2172 2968 2490 3037 huiusmodi
2534 2969 2619 3020 lex
2661 2976 2746 3022 est
2791 2964 3129 3030 adhibenda,
3173 2971 3339 3034 atque
3384 2963 3461 3021 ita

1878 3062 2101 3120 ferenda
2133 3061 2402 3118 sententia
2441 3079 2454 3116 :
2487 3059 2994 3131 pronuntiavimus,
3020 3067 3275 3130 oportere
3305 3057 3462 3127 prius

1888 3164 2150 3211 constare
2177 3153 2247 3210 de
2284 3152 2449 3208 dictis
2478 3151 2728 3217 testium,
2755 3155 2986 3220 quotum
3027 3163 3234 3203 annum
3275 3146 3460 3220 puella

1884 3257 2128 3318 tempore
2153 3253 2545 3317 conceptarum
2572 3258 2796 3315 precum
2840 3241 3053 3312 egerit;
3094 3249 3146 3295 et
3176 3255 3244 3295 an
3290 3254 3459 3310 spon-

831 3327 906 3397 μὴ
973 3323 1407 3396 προῦπαρξάσης
1461 3321 1775 3395 μνηστείας.

1886 3341 2022 3397 salia
2086 3339 2236 3410 prius
2282 3345 2566 3394 contracta
2635 3335 2766 3401 sint,
2829 3333 3029 3390 deinde
3089 3331 3324 3401 nuptiae:
3389 3345 3457 3389 an

188 3419 566 3490 Παρήχθησαν
619 3418 914 3490 τοιγαροῦν
965 3418 1070 3470 ὑπὸ
1140 3416 1233 3470 τοῦ
1294 3413 1775 3486 κατηγορουμένου

1884 3433 2075 3490 statim
2110 3432 2178 3486 ab
2201 3429 2356 3484 initio
2387 3426 2823 3489 matrimonium,
2889 3423 3054 3478 nullis
3113 3421 3461 3492 sponsalibus

189 3514 500 3583 μάρτυρες.
544 3511 606 3563 Εί
653 3510 763 3580 γάρ
807 3509 900 3563 καὶ
961 3512 1072 3572 τοῖς
1117 3508 1446 3578 κατηγόροις
1501 3505 1780 3577 προσῆκον

186 3603 286 3667 τὰς
315 3601 631 3668 ἀποδείξεις
659 3599 1136 3671 ἐπιφορτίζεσθαι,
1186 3597 1337 3668 ὅμως
1366 3597 1540 3668 φειδοῖ
1566 3595 1660 3650 τοῦ
1699 3595 1774 3667 μή

187 3712 240 3747 τι
298 3692 819 3764 παρανενομῆσθαι,
853 3691 947 3749 καὶ
1006 3691 1106 3762 τὴν
1151 3690 1314 3760 φύσιν
1348 3688 1664 3759 ἠδικῆσθαι,
1697 3686 1776 3757 τῷ

182 3786 512 3856 διωκομένῳ
569 3785 670 3856 τὴν
744 3785 1072 3854 συγγένειαν
1135 3782 1511 3854 ὁμολογοῦντι,
1561 3780 1620 3834 τὸ
1666 3778 1777 3832 τῶν

185 3879 530 3944 ἀποδείξεων
573 3878 734 3949 ἄχθος
763 3878 1019 3946 ἐπετέθη.
1049 3875 1157 3932 Καὶ
1204 3876 1312 3930 τῶν
1353 3871 1776 3942 ἀναϐεϐηκότων

189 3973 519 4044 μαρτύρων,
545 3974 573 4026 6
595 3973 694 4042 μέν
719 3972 996 4038 Γελάσιος,
1021 3964 1065 4039 ᾦ
1105 3969 1392 4040 ἐπώνυμον
1405 3968 1650 4038 Θρᾴκης,
1681 3967 1776 4019 καὶ

189 4065 530 4136 Προκόπιος,
561 4063 788 4135 ἐπίκλην
833 4061 1367 4134 Στραῦοπροκόπιος,
1429 4057 1552 4112 καθ’
1573 4057 1668 4112 ἕνα
1697 4055 1774 4109 δι-

183 4158 592 4228 ερωτηθέντες,
615 4155 906 4226 σύμφωνον
937 4157 1034 4210 καὶ
1068 4157 1148 4218 είς
1176 4153 1271 4206 ἕνα
1309 4151 1510 4205 σκοπὸν
1561 4163 1775 4218 συμπε-

186 4250 518 4322 ραινόμενον
548 4248 848 4320 μαρτύριον
883 4248 1125 4318 ἔνειμαν.
1167 4246 1255 4308 Ὠς
1285 4241 1570 4314 γεννηθείη
1614 4241 1710 4311 μὲν
1737 4241 1770 4310 ή

182 4345 320 4406 παῖς
352 4343 484 4411 περὶ
509 4340 602 4394 τὸν
627 4339 936 4409 Αὔγουστον
960 4340 1105 4409 μῆνα
1142 4337 1243 4407 τῆς
1279 4333 1347 4406 ιβ’
1371 4333 1772 4404 ἐπινεμήσεως,

183 4433 487 4504 ὑπερῦἄσα
514 4425 572 4486 δὲ
618 4431 711 4487 τὸν
762 4431 1014 4500 πέμπτον
1056 4427 1321 4488 ἐνιαυτὸν.
1351 4425 1448 4480 καὶ
1475 4426 1568 4477 τὸν
1615 4423 1774 4476 ἐκτον

181 4526 455 4587 άνύουσα,
483 4523 617 4592 πρὸς
655 4523 833 4593 γάμον
876 4517 1176 4588 συναφθείη
1207 4516 1285 4587 τῷ
1327 4514 1604 4586 Γεωργίῳ,
1629 4512 1773 4582 ἀμφὶ

178 4619 278 4671 τὸν
303 4618 556 4688 Μάρτιον
583 4615 728 4685 μῆνα
745 4612 844 4682 τῆς
871 4611 1056 4684 τρίτης
1077 4609 1454 4679 ἐπινεμήσεως
1486 4623 1500 4635 ⁸
1524 4605 1618 4659 καὶ
1642 4620 1774 4674 ματη

175 4710 446 4775 αλλάξειε
489 4707 588 4776 τὴν
607 4705 754 4774 ζωὴν
782 4703 925 4758 κατὰ
956 4703 1101 4774 μῆνα
1129 4700 1368 4764 Ἰούλιον,
1387 4699 1487 4768 τῆς
1506 4698 1775 4768 τετάρτης
1805 4723 1852 4780 υ

177 4800 600 4868 ἐπινεμήσεως.
639 4796 696 4850 'O
718 4795 774 4847 δὲ
793 4794 1137 4858 Θεόκτιστος,
1171 4792 1266 4844 καὶ
1300 4790 1571 4859 Νικήτας,
1599 4789 1629 4841 6
1660 4787 1772 4851 υίὸς

172 4892 280 4946 τοῦ
313 4887 812 4960 πρωτοσπαθαρίου
855 4884 1130 4950 Ἰωάννου,
1159 4883 1256 4937 καὶ
1276 4881 1551 4950 Θεόδωρος
1599 4880 1628 4932 6
1658 4878 1774 4931 δαι-

179 4982 400 5054 μόνιος,
433 4977 532 5032 σύν
547 4993 612 5046 γε
647 4973 962 5048 ἰωάννῃτῷ
989 4972 1086 5045 τὴν
1104 4969 1424 5040 ἐπωνυμίαν
1444 4967 1770 5038 Κλασματᾶ,

175 5075 252 5127 τὰ
307 5074 408 5142 μὲν
442 5067 579 5122 ἄλλα
605 5067 816 5130 τούτοις
841 5068 1004 5136 ὅμοια
1060 5061 1554 5136 μεμαρτυρήκασι·
1585 5065 1678 5111 τὸν
1716 5057 1774 5111 δὲ

173 5165 289 5234 τῆς
323 5163 595 5231 τετάρτης
647 5158 1021 5229 ἐπινεμήσεως
1082 5154 1252 5226 μῆνα,
1283 5150 1406 5206 καθ’
1435 5149 1494 5204 ὃν
1557 5148 1773 5234 ἐξέλιπε

171 5233 278 5310 τδν
304 5253 422 5323 βίον
446 5252 482 5321 ἠ
507 5251 758 5318 Θεοδότη,
794 5249 868 5318 μὴ
895 5247 1092 5300 εἰδέναι
1123 5240 1296 5299 εἷπον.
1328 5241 1486 5297 Οΰτω
1505 5242 1602 5294 καὶ
1627 5233 1774 5294 οὗτοι

132 5393 136 5400 .
174 5345 409 5416 συνῳδὰ
435 5346 549 5406 τοῖς
579 5343 701 5398 δυσὶ
739 5341 1037 5411 διεξῆλθον.
1068 5340 1132 5394 Ei
1163 5339 1274 5409 γάρ
1307 5337 1404 5390 καὶ
1453 5333 1773 5405 διεχώρισεν

171 5445 204 5496 6
255 5441 420 5507 λόγος
476 5437 580 5490 ἀνὰ
641 5436 806 5506 μέσον
838 5433 946 5487 τῶν
975 5431 1094 5497 δύο,
1139 5432 1235 5484 καὶ
1280 5428 1386 5484 ἀνὰ
1435 5427 1598 5496 μέσον
1661 5426 1774 5479 τῶν

177 5533 498 5604 τεσσάρων,
559 5529 710 5598 ὅμως
753 5527 830 5590 ὡς
868 5525 968 5580 οὐκ
1007 5523 1362 5592 ἐναντιότητα
1409 5521 1510 5590 τῆς
1565 5535 1774 5590 μαρτυ-

171 5629 319 5701 ρίας
340 5621 599 5694 ἐχούσης,
623 5617 921 5690 εἰργάσατο
948 5615 1109 5670 τοῦτο
1131 5633 1146 5648 ·
1205 5613 1344 5669 ἀλλὰ
1381 5612 1482 5682 τῆς
1513 5610 1774 5683 ἀληθείας

171 5736 256 5771 πε
274 5717 616 5787 ριεχόμενος,
656 5714 748 5767 καὶ
784 5713 952 5784 μηδὲν
1000 5711 1110 5764 τῶν
1166 5709 1476 5780 εἰρημένων
1535 5709 1774 5777 ἄρρητον

170 5809 491 5879 παρελθεῖν
520 5807 866 5877 ἀνεχόμενος.
903 5804 1055 5860 Ἐπεὶ
1074 5805 1199 5859 ὅσον
1230 5819 1294 5870 γε
1331 5801 1469 5872 πρὸς
1510 5817 1570 5854 τε
1609 5801 1774 5854 πολυο

171 5902 716 5975 πραγμονούμενον,
741 5902 809 5954 δι’
843 5901 979 5955 ὅλων
1010 5901 1059 5954 οί
1087 5899 1366 5970 μάρτυρες
1398 5895 1770 5967 συμφωνοῦσι.

168 5999 310 6068 Τὴν
329 6000 434 6068 γάρ
465 5996 639 6066 ἀρχὴν
674 5995 768 6048 τοῦ
813 5993 1257 6064 συναλλάγματος
1305 5991 1598 6064 ζητοῦμεν,
1655 5991 1772 6046 ἀλλ’

1883 3526 2211 3600 praemissis.
2235 3521 2494 3579 Producti
2517 3526 2647 3577 sunt
2667 3518 2836 3589 igitur
2870 3532 2900 3570 a
2951 3530 3050 3570 reo
3085 3521 3274 3570 testes.
3306 3513 3462 3570 Licet

1879 3638 1989 3678 non
2023 3628 2235 3675 actores
2297 3617 2682 3688 prohationurn
2736 3625 2906 3666 onere
2940 3609 3157 3682 gravari
3209 3623 3309 3679 par
3362 3607 3456 3675 sit,

1877 3722 2061 3768 tamen
2085 3726 2150 3766 eo
2177 3717 2451 3779 respectu,
2475 3724 2543 3763 ne
2573 3706 2702 3778 quid
2732 3707 2947 3762 scilicet
2971 3705 3270 3760 admissum
3291 3701 3459 3757 illici-

1877 3818 1946 3866 tae
2000 3810 2078 3863 rei
2143 3806 2309 3871 foret,
2367 3820 2508 3860 neve
2557 3817 2724 3859 sexus
2783 3800 3020 3857 affectus
3080 3797 3308 3869 injuria,
3362 3809 3459 3852 reo

1877 3901 2260 3972 cognationem
2297 3895 2489 3952 fatenti
2527 3894 2917 3966 probationum
2951 3906 3090 3949 onus
3115 3899 3201 3946 est
3226 3887 3458 3959 imposi—

1877 4024 2018 4072 tum.
2053 4013 2133 4068 Ex
2165 4012 2400 4069 testibus
2428 4010 2522 4080 qui
2557 4023 2740 4063 coram
2774 4005 3036 4060 tribunali
3070 4017 3456 4072 comparuere.

1878 4109 2150 4171 Gelasius,
2169 4111 2533 4176 cognomento
2550 4099 2816 4161 Thraces,
2833 4104 2887 4153 et
2905 4095 3229 4166 Procopius,
3244 4107 3457 4164 cogno-

1878 4207 2066 4255 mento
2090 4194 2615 4266 Straboprocopius,
2669 4204 2920 4246 seorsqu
2947 4184 3287 4255 interrogati,
3319 4197 3458 4238 con-

1877 4293 2125 4349 sentiens
2159 4297 2216 4346 et
2253 4288 2322 4344 ad
2355 4303 2525 4342 unum
2552 4299 2780 4355 scopum
2809 4281 3042 4336 tendens
3078 4277 3456 4334 testimonium

1877 4385 2228 4457 perhibuere.
2263 4380 2532 4435 Nimirum
2574 4377 2808 4449 puellam
2840 4383 3023 4428 natam
3084 4368 3255 4425 fuisse
3307 4368 3458 4425 circa

1878 4492 2128 4533 mensem
2167 4475 2505 4545 Augustum,
2541 4467 2863 4525 indictionis
2898 4479 2976 4522 χιιι
3029 4475 3267 4530 cumque
3294 4473 3458 4529 supe.

1879 4579 2059 4628 rasset
2098 4584 2301 4624 annum
2361 4565 2614 4636 quintum
2648 4603 2664 4630 ,
2715 4568 2769 4616 et
2811 4568 3026 4616 sextum
3075 4556 3188 4627 jam
3250 4561 3457 4624 ageret,

1879 4661 2115 4732 Georgio
2144 4667 2379 4729 nuptum
2413 4656 2623 4720 datam,
2677 4651 2826 4707 circa
2875 4661 3121 4702 mensem
3175 4643 3457 4710 Martium,

1879 4753 2195 4811 indictionis
2255 4747 2696 4815 tu;'vitamque
2767 4755 2892 4797 cum
2957 4746 3134 4794 morte
3199 4749 3457 4792 commue

1877 4856 2027 4904 tasse
2085 4860 2275 4901 mense
2337 4842 2526 4904 Julio,
2583 4835 2904 4894 indictionis
2954 4849 3030 4890 tv.
3102 4829 3458 4886 Theoctistus

1876 4952 2082 5003 autem,
2111 4945 2164 4992 ct
2196 4934 2438 5000 Nicetas,
2467 4929 2699 4986 Joannis
2729 4923 3170 4996 Protospatharii
3191 4923 3361 4986 (ilius,
3401 4929 3459 4975 et

1877 5031 2200 5088 Theodorus
2256 5023 2592 5088 Daemonius,
2625 5036 2734 5078 una
2797 5033 2924 5074 cum
2971 5017 3186 5073 Joanne
3247 5028 3458 5083 cogno-

1877 5136 2063 5180 mento
2114 5121 2408 5182 Clasmata,
2459 5126 2655 5171 caetera
2712 5110 2936 5182 quidem
2993 5109 3081 5164 his
3137 5106 3454 5164 consimilia

1875 5215 2062 5271 testati
2141 5221 2269 5268 sunt
2327 5226 2344 5266 :
2419 5221 2608 5263 verum
2697 5200 3012 5259 indictionis
3071 5217 3126 5256 tv
3183 5212 3450 5264 mensem,

1876 5322 1986 5376 quo
2006 5306 2171 5360 rebus
2201 5300 2459 5356 humanis
2489 5296 2731 5353 excessit
2763 5291 3066 5354 Theodote,
3117 5289 3336 5345 nescire
3391 5303 3453 5343 se

1876 5419 2159 5474 dixerunt.
2195 5414 2288 5470 Sic
2315 5425 2369 5470 et
2398 5413 2452 5467 bi
2475 5409 2694 5466 duobus
2726 5408 2834 5462 illis
2863 5406 3053 5461 alteris
3077 5409 3449 5460 consentanea

1877 5511 2303 5583 perhibuerunt.
2350 5504 2615 5572 Quamvis
2667 5502 2814 5558 enim
2843 5499 3141 5556 diversitas
3200 5493 3448 5565 quaedam

1877 5625 2094 5680 exstitit
2121 5625 2175 5676 in
2206 5621 2469 5683 duorum,
2497 5627 2552 5673 et
2581 5619 2633 5671 in
2687 5613 3056 5687 posteriorum
3091 5616 3328 5680 quatuor
3367 5602 3451 5661 div

1877 5718 2006 5782 etis,
2026 5731 2135 5771 non
2153 5723 2334 5770 tamen
2357 5712 2458 5765 hoc
2479 5724 2546 5766 eo
2568 5708 2774 5763 factum
2792 5713 2900 5769 est,
2915 5703 3059 5774 quod
3084 5697 3449 5755 contrarietas

1876 5809 2080 5864 inesset
2137 5804 2498 5867 testimonio;
2563 5800 2659 5856 sed
2736 5796 2885 5869 quod
2936 5796 3209 5850 inhaerens
3256 5802 3449 5846 eorum

1877 5901 2056 5957 oratio
2077 5897 2314 5963 veritati,
2346 5894 2480 5948 nihil
2509 5907 2721 5955 eorum,
2745 5904 2867 5959 qua:
2910 5887 3054 5942 dicta
3087 5892 3236 5949 sunt,
3289 5879 3450 5934 omitv

1878 6003 1994 6056 tere
2028 5992 2209 6049 vellet.
2251 5987 2384 6044 Nam
2433 5984 2581 6060 quod
2643 5997 2754 6039 rem
2786 5982 2984 6052 ipsam,
3008 5979 3073 6035 de
3105 5990 3212 6054 qua
3245 5973 3446 6052 agitur,
