3950 6620
500 500 606 567 847

504 613 696 671 attinet
740 606 837 687 per
893 613 1080 672 omnia
1150 622 1318 672 testes
1375 615 1516 672 inter
1595 630 1655 674 se
1708 616 2085 673 consentiunt.

1849 502 1986 564 JUS
2026 501 2095 562 C.“

2200 500 2478 563 )NICUM
3613 511 3698 579 838

2199 614 2264 668 οὑ
2292 612 2391 685 τὴν
2420 612 2576 667 λύσιν
2600 628 2614 644 θ
2644 612 2783 684 ὅπερ
2805 612 2960 667 οὐδὲν
2990 613 3335 686 ἐπισημαίνει
3356 582 3427 689 τῷ
3448 620 3697 693 πράγματι.

501 705 716 778 Quippe
781 717 1101 765 contractus
1160 708 1491 782 principium
1524 710 1849 781 quaerimus,
1925 722 2035 764 non
2076 706 2410 764 solutionem
2456 705 2609 776 quod
2633 719 2771 763 sane
2806 704 3026 775 negotio
3051 705 3187 762 nihil
3215 707 3379 764 addit.

574 803 708 857 Nam
741 802 887 875 quod
931 818 1042 858 non
1077 810 1311 874 caeptum
1354 810 1441 859 est
1492 813 1663 868 recte,
1709 816 1813 859 nec
1844 801 2088 859 solutum
2121 806 2162 861 Α

501 893 705 949 dicitur
753 912 767 948 :
830 895 926 951 sed
972 911 1002 950 a
1057 894 1328 967 principio
1385 893 1665 952 vinculum
1713 895 1926 952 nullum
1994 895 2093 951 lia-

506 988 711 1043 huisse.
761 985 1034 1043 Caeterum
1085 996 1255 1043 testes
1301 997 1461 1042 actor
1515 986 1768 1054 idoneos,
1820 994 1875 1043 et
1924 1001 2089 1043 exce-

502 1081 692 1149 ptione
743 1080 1003 1150 maiores,
1053 1080 1225 1150 ipsam
1279 1080 1503 1150 quidem
1551 1080 1927 1146 indictionem,
1981 1094 2091 1149 qua

504 1171 710 1243 nuptiae
744 1179 1046 1227 contractae
1083 1173 1216 1237 sint,
1248 1181 1303 1227 et
1334 1172 1511 1240 puclla
1542 1169 1685 1227 diem
1721 1173 1940 1237 obierit,
1965 1185 2093 1229 vere

500 1278 971 1321 commemorasse
1000 1263 1140 1320 dixit
1176 1264 1307 1320 :scd
1339 1264 1486 1334 quod
1536 1264 1838 1319 nativitatis
1872 1271 2092 1335 tempus

503 1359 783 1422 attineret,
815 1371 1055 1413 errasse.
1090 1355 1225 1411 Nam
1261 1365 1455 1428 putare
1476 1372 1555 1417 se.
1582 1356 1821 1426 puellam
1843 1364 2093 1428 tempore

505 1459 917 1506 contractarum
988 1453 1307 1522 nuptiarum
1359 1466 1534 1506 annos
1586 1465 1705 1514 sex,
1759 1450 2093 1520 totidemque

502 1557 722 1598 menses
791 1540 963 1599 fuisse
1050 1553 1253 1599 natam.
1311 1542 1513 1600 Verum
1604 1544 1794 1601 istha‘c
1853 1544 2093 1614 obiectio

504 1632 638 1689 nihil
673 1632 972 1703 adiumenti
1015 1635 1224 1691 ferebat
1256 1635 1564 1691 rationibus
1590 1636 1733 1707 eius,
1773 1637 1867 1707 qui
1899 1643 1955 1692 et
1984 1634 2092 1690 im-

504 1725 766 1801 puberem
818 1734 1032 1783 mtatem
1073 1726 1356 1794 fateretur,
1393 1744 1496 1784 nec
1526 1728 1597 1784 ab
1635 1743 1694 1786 se
1724 1728 1890 1785 dictis
1918 1726 2088 1783 ﬁrmi-

502 1826 587 1873 ter
615 1818 899 1874 insisteret
946 1835 959 1871 :
1005 1817 1100 1873 sed
1152 1832 1277 1873 cum
1320 1818 1638 1889 conjectura
1669 1826 1724 1873 et
1750 1817 2093 1885 dubitatione

503 1910 691 1966 isthuc
719 1909 1037 1967 adversario
1078 1909 1366 1982 obiiceret.
1393 1909 1457 1963 Et
1487 1910 1579 1981 qui
1625 1910 1838 1982 primus
1864 1924 2093 1966 accusa-

499 2003 706 2059 tionem
735 2003 1044 2061 instituisse
1072 2002 1355 2060 lerebatur
1376 2002 1711 2064 Malacenus,
1743 2002 1798 2058 in
1826 2003 2092 2075 judicium

500 2092 803 2161 deductus,
847 2105 1034 2166 aperte
1073 2095 1252 2162 dixit,
1300 2097 1357 2151 in
1403 2103 1690 2151 contractu
1720 2111 1781 2153 se
1820 2095 1955 2152 nihil
1996 2096 2092 2151 ab-

501 2183 653 2240 surdi
682 2183 848 2251 scire,
878 2198 980 2240 nec
1006 2184 1109 2242 sibi
1140 2185 1352 2256 liquido
1381 2194 1641 2242 constare
1670 2185 1972 2257 quidquam
2005 2186 2088 2241 vel

501 2276 570 2330 de
627 2283 875 2346 tempore
924 2276 1232 2333 nativitatis
1289 2277 1501 2348 puellae,
1558 2278 1641 2335 vel
1699 2286 2088 2349 conceptarum

499 2381 750 2439 precum,
775 2368 861 2424 vel
912 2368 1116 2424 obitus.
1144 2368 1282 2424 Cum
1316 2369 1484 2441 igitur
1509 2383 1743 2426 examen
1775 2370 1883 2426 huc
1918 2384 2092 2440 usque

502 2462 886 2529 processisset,
938 2475 1003 2517 ac
1048 2469 1217 2519 testes
1266 2461 1587 2533 nuptiarum
1642 2470 1698 2518 et
1752 2463 2089 2534 sponsalium

505 2559 718 2619 tempus
744 2565 856 2605 non
896 2549 1300 2617 distinxissent,
1348 2551 1445 2608 sed
1477 2567 1703 2621 precum
1748 2553 1969 2626 quidem
2001 2569 2091 2609 sa-

501 2654 726 2696 crarum
756 2642 1172 2712 conceptionem
1216 2643 1431 2715 perlici,
1463 2643 1669 2700 vidisse
1708 2660 1769 2701 se
1801 2645 2091 2714 dicerent;

503 2731 761 2802 ignorare
794 2746 950 2799 vero,
991 2748 1123 2789 num
1175 2734 1368 2791 eodem
1414 2734 1504 2791 die
1547 2736 1824 2806 sponsalia
1856 2752 2094 2808 przeces-

502 2825 712 2883 sissent
749 2825 934 2882 :nibil
985 2836 1128 2892 erat,
1157 2829 1304 2899 quod
1356 2829 1645 2886 sententia:
1694 2828 1933 2887 ferenda:
1991 2832 2095 2887 im-

503 2916 879 2988 pedimentum
953 2917 1240 2989 obiiceret.
1337 2920 1548 2993 Quippe
1625 2922 1673 2979 si
1740 2921 1920 2994 puella
1980 2923 2094 2995 iam

502 3007 795 3078 septimum
849 3017 1167 3065 excesserat
1222 3024 1452 3076 annum,
1505 3026 1630 3068 cum
1680 3027 1874 3084 preces
1924 3028 2101 3091 sacrae.

506 3100 960 3170 ronciperentur,
1012 3115 1123 3172 par
1183 3111 1324 3170 erat,
1356 3104 1569 3175 nuptiis
1609 3105 1757 3161 intra
1797 3105 1909 3162 duo
1948 3106 2098 3162 deciu

505 3206 654 3247 mum
691 3204 896 3247 annum
941 3193 1211 3263 peractis,
1258 3193 1493 3266 inquiri,
1549 3212 1679 3252 num
1716 3205 1843 3253 ante
1872 3198 1928 3253 id
1956 3208 2097 3255 tem-

503 3302 608 3358 pus
682 3289 923 3360 legitima
986 3290 1265 3360 sponsalia
1328 3300 1608 3347 contracta
1656 3293 1917 3361 fuissent,
1976 3305 2099 3365 post

505 3394 710 3434 annum
756 3380 1053 3451 septimum
1087 3398 1102 3436 :
1136 3390 1197 3436 ut
1247 3382 1295 3438 si
1343 3385 1548 3457 nuptiae
1602 3400 1711 3442 non
1754 3396 2094 3453 constarent,

2271 802 2335 852 Ὀ
2362 799 2473 870 γὰρ
2491 799 2592 854 οὐκ
2615 794 2783 873 ἦκται
2799 801 2846 834 ’⁸⁸
2870 800 3072 868 καλῶς,
3103 800 3224 857 οὐδὲ
3245 800 3484 857 λελύσθαι
3495 804 3701 875 λέγεται·

2193 894 2313 945 ἀλλ’
2355 891 2613 964 ἀπαρχῆς
2636 892 2792 947 δόσιν
2818 892 2895 965 μὴ
2951 892 3280 964 ἑσχηκέναι’
3332 892 3360 947 ὁ
3391 893 3553 963 μέντοι
3602 914 3702 953 κατ-

2199 986 2403 1059 ήγορος
2421 984 2697 1057 ἀλήπτους
2719 985 2880 1049 ὄντας
2912 985 3039 1049 τοὺς
3074 985 3353 1056 μάρτυρας
3386 974 3476 1040 καὶ
3504 986 3699 1060 διαεολῆυ

2195 1076 2559 1150 ὑπερτέρους,
2588 1078 2688 1149 τὴν
2722 1077 2822 1150 μὲν
2851 1076 3202 1149 ἐπινέμησιν,
3246 1076 3364 1131 καθ’
3418 1077 3479 1148 ἢν
3505 1079 3532 1132 ὁ
3569 1080 3699 1151 τάμε,

2196 1172 2453 1242 συνέστη,
2477 1171 2573 1229 καὶ
2595 1170 2719 1228 καθ’
2771 1171 2839 1242 ἢν
2878 1171 3114 1242 ἐπῆλθεν
3143 1171 3178 1240 ἡ
3212 1168 3426 1241 τελευτὴ
3478 1173 3537 1242 τῇ
3584 1174 3702 1245 κόρῃ.

2192 1262 2408 1336 ἀληθῶς
2488 1263 2593 1335 ἔφη
2672 1261 2968 1329 διεξελθεῖν
3002 1279 3018 1295 ·
3052 1261 3214 1335 πρδςι
3252 1262 3309 1317 δὲ
3331 1262 3418 1316 τδν
3466 1263 3556 1331 τῆς
3589 1266 3701 1332 γενέ-

2197 1344 2336 1416 σέως
2371 1352 2570 1424 χρόνον
2605 1351 2906 1422 ἐσφάλθαι.
2939 1350 3162 1407 Οῐεαθαι
3194 1352 3303 1424 γὰρ
3321 1352 3562 1407 ἐνιαυτῶν
3579 1353 3707 1420 ἓξκαὶ

2198 1445 2389 1516 μηνῶν
2412 1444 2723 1517 ἰσαρίθμων
2748 1439 2894 1501 εἷναι
2928 1444 3074 1500 κατά
3104 1444 3200 1498 τὸν
3224 1443 3322 1498 τοῦ
3345 1444 3513 1514 γάμου
3538 1446 3707 1515 καιρόν.

2208 1536 2274 1590 Ἥ
2303 1535 2363 1590 δὲ
2390 1534 2619 1607 τοιαύτη
2658 1535 2938 1600 ἀντίθεσις
2995 1536 3122 1590 κατ’
3147 1533 3306 1591 οὐδὲν
3358 1534 3583 1605 ἐπήμυνε
3618 1538 3711 1600 τοῖς

2191 1629 2386 1684 τούτου
2397 1628 2812 1700 δικαιολογίαις,
2835 1628 3090 1684 ἀτέλειαν
3119 1626 3336 1700 ἡλικίας
3360 1626 3709 1698 ὁμολογοῦντος,

2193 1723 2291 1776 καὶ
2321 1723 2445 1794 μηδ’
2476 1721 2627 1794 αὐτῷ
2690 1721 2770 1792 τῷ
2829 1720 3052 1793 ῥηθέντι
3106 1718 3350 1793 στερρῶς
3401 1718 3709 1790 ἐμμένοντος·

2193 1812 2311 1869 ἀλλ’
2353 1812 2609 1883 είκασμῷ
2664 1812 2762 1867 καὶ
2815 1809 2935 1883 μετ’
2960 1808 3285 1881 ἐνδοιασμοῦ
3337 1808 3433 1879 τὴν
3493 1808 3714 1864 ἀντίθεσιν

2194 1905 2543 1975 ποιουμένου.
2567 1906 2679 1960 Καὶ
2706 1906 2736 1960 ό
2756 1903 3252 1976 προκατηγαρῆσαι
3274 1901 3547 1974 λεγόμενος
3565 1901 3716 1956 Mala-

2194 2000 2359 2070 κηνδς
2383 2000 2574 2071 ἀχθεὶς
2598 2000 2680 2063 είς
2699 1998 2761 2054 τὸ
2783 1997 3166 2070 δικαστήριον,
3215 1996 3311 2051 καὶ
3364 1994 3520 2067 μηδὲν
3556 1996 3714 2050 ἄτοπον

2197 2090 2499 2147 συνειδέναι
2536 2089 2616 2162 τῷ
2663 2089 3076 2162 συναλλάγματι
3105 2088 3322 2160 τρανῶς
3377 2088 3568 2151 ἀνεῖπε,
3608 2086 3714 2157 μήτε

2193 2202 2246 2238 τι
2281 2183 2469 2254 σαφῶς
2485 2182 2685 2238 εἰδέναι
2741 2183 2776 2255 ἢ
2826 2182 2956 2256 περὶ
2999 2182 3095 2236 τοῦ
3121 2181 3321 2252 χρόνου
3358 2181 3453 2252 τῆς
3501 2179 3714 2250 γενέσεως

2191 2278 2294 2347 τῆς
2315 2276 2506 2349 κόρης,
2532 2276 2566 2350 ἢ
2596 2276 2692 2331 τοῦ
2729 2276 2828 2348 τῆς
2882 2274 3212 2348 ίερολογίας,
3264 2275 3298 2346 ἢ
3349 2273 3446 2345 τῆς
3489 2272 3714 2344 τελευτῆς.

2194 2372 2304 2439 Τῆς
2328 2368 2662 2442 δοκιμασίας
2689 2368 2871 2423 τοίνυν
2922 2367 3003 2432 είς
3035 2366 3201 2422 τοῦτο
3263 2365 3714 2439 προκεχωρηκυίας.

2158 2534 2161 2537 ἢ
2193 2464 2289 2521 καὶ
2312 2461 2416 2534 τὴν
2455 2460 2761 2534 μαρτύρων
2793 2459 2872 2534 μὴ
2896 2459 3328 2516 διαστειλάντων
3365 2459 3543 2531 χρόνου
3562 2458 3597 2490 ⁶¹
3622 2474 3714 2511 καις

2198 2555 2290 2627 ρὺν
2321 2556 2419 2609 καὶ
2452 2553 2776 2627 μνηστείας,
2823 2552 2962 2609 άλλά
3000 2552 3269 2625 φαμένων
3317 2550 3592 2623 ίερολογίαν
3617 2549 3715 2604 θεά-

2196 2647 2395 2705 σασθαι
2417 2645 2754 2721 τελουμένην
2780 2662 2796 2679 ’
2818 2646 3036 2717 ἀγνοεῖν
3078 2644 3158 2713 δὲ,
3187 2645 3239 2698 εί
3275 2641 3571 2715 προῦπῆρξε
3614 2657 3716 2713 μνη-

2197 2739 2352 2794 στεία
2377 2738 2498 2792 κατ’
2536 2737 2710 2809 αὐτὴν
2742 2735 2843 2809 τὴν
2895 2736 3116 2811 ἡμέραν
3148 2751 3163 2768 ο
3195 2736 3353 2792 οὐδὲν
3373 2729 3441 2807 ἦν
3492 2735 3547 2788 τὸ
3587 2750 3716 2805 προσο

2197 2834 2487 2904 ιστάμενον
2507 2832 2576 2905 τῇ
2607 2831 2902 2902 ἀποφάσει.
2928 2831 2993 2887 Et
3066 2832 3168 2904 μὲν
3195 2830 3309 2903 γὰρ
3341 2829 3599 2901 ὑπερδᾶσα
3618 2822 3715 2899 ἧνή

2195 2924 2335 2997 κόρη
2362 2922 2455 2978 τδν
2478 2922 2709 2996 Ξδδομον
2745 2923 3017 2991 ἐνιαυτὸν,
3056 2924 3147 2978 δτε
3209 2924 3280 2979 τά
3332 2924 3431 2995 τῆς
3474 2918 3719 2993 [spolium

2201 3014 2581 3083 ὑπεθειάζετο,
2606 3016 2884 3089 προσῆκον
2928 3012 3005 3089 ἦν
3051 3015 3189 3089 ἀρα,
3238 3015 3334 3073 τοῦ
3390 3017 3556 3088 γάμου
3603 3011 3717 3074 ιγὼς

2197 3108 2294 3165 τοῦ
2319 3107 2627 3163 δωδεκάτου
2659 3107 2915 3163 ἐνιαυτοῦ
2943 3108 3263 3178 γεγονότος,
3294 3104 3719 3180 πολυπραγμονεῖ-

2201 3198 2347 3265 σθαι⁹
2388 3201 2439 3254 εί
2476 3200 2710 3271 συνέστη
2734 3199 2842 3271 πρὸ
2866 3196 3058 3255 τούτου
3089 3200 3317 3274 ἔννομος
3347 3198 3587 3273 μνηστεία
3614 3195 3718 3267 μιτὰ

2199 3292 2293 3346 τὸν
2320 3290 2552 3364 ¹(ὶδδομον
2578 3292 2829 3349 ἐνιαυτόν
2856 3308 2871 3324 ⁸
2909 3292 2996 3347 ἵνα
3023 3291 3120 3349 τοῦ
3145 3295 3333 3364 γάμου
3372 3293 3446 3364 μὴ
3477 3289 3720 3362 λαμϐάνον-

2201 3402 2292 3448 τος
2317 3385 2637 3451 ὑπόστασιν,
2658 3385 2799 3450 τέως
2818 3384 2953 3454 γοῦν
2974 3385 3024 3438 εί
3057 3386 3297 3457 νόμιμον
3355 3386 3500 3456 ίσχὺν
3522 3383 3652 3452 ἔσχεν
3692 3382 3718 3449 ἠ

505 3470 699 3525 saltem
732 3471 958 3541 planum
993 3473 1172 3539 ﬁeret,
1202 3490 1271 3529 an
1319 3476 1600 3547 sponsalia
1649 3478 1757 3533 vim
1793 3478 2093 3550 legitimam

2202 3476 2489 3548 μνηστεία,
2523 3476 2841 3550 κατασταθῇ
2872 3477 3053 3549 δῆλον.
3114 3479 3276 3533 Ἐπεὶ
3316 3478 3361 3532 δ’
3384 3479 3413 3532 ό
3440 3477 3607 3547 χρόνος
3647 3473 3720 3543 τῆς

506 3563 850 3623 habuissent.
882 3566 1022 3623 Cum
1053 3577 1238 3624 autem
1290 3584 1464 3626 saera:
1495 3571 1916 3642 benedictionis,
1951 3574 2098 3631 velut

506 3648 564 3713 in
605 3671 769 3713 scena
805 3667 1061 3730 peractae,
1092 3669 1308 3732 tempus
1336 3662 1500 3719 etiam
1550 3672 1706 3721 actor
1753 3665 1872 3738 ipse
1914 3666 2096 3725 fassus

507 3752 600 3817 sit.
633 3751 858 3808 minime
888 3754 1241 3824 sponsalibus
1285 3770 1408 3813 esse
1449 3756 1711 3815 idoneum
1748 3778 1762 3815 :
1792 3760 1975 3817 omnis
2011 3770 2098 3817 est

506 3842 722 3899 sublata
751 3843 1049 3914 dubitatio,
1090 3845 1312 3917 quando
1346 3864 1459 3904 rem
1490 3848 1785 3908 manifesto
1842 3852 2094 3908 illicitam

507 3951 670 3992 nemo
702 3952 808 3994 non
853 3942 1138 4011 perspicit.
1175 3939 1389 4011 Quippe
1439 3956 1564 3998 cum
1622 3944 1767 4015 leges
1819 3945 2092 4011 sauciant,

509 4031 859 4101 sponsalibus
889 4047 1093 4089 annum
1130 4042 1314 4103 aptum
1366 4053 1490 4092 esse
1539 4039 1855 4107 septimum,
1886 4041 2095 4110 nuptiis

510 4130 690 4177 autem
757 4124 1065 4193 mulierem,
1128 4127 1515 4182 duodecimum
1572 4145 1586 4182 :
1644 4129 1691 4184 si
1750 4131 1966 4201 quidem
2028 4150 2092 4187 ex

507 4214 781 4268 sententia
834 4215 1011 4288 legum
1050 4223 1373 4273 c0ntractus
1424 4217 1537 4285 ﬁat,
1572 4218 1720 4274 nulla
1766 4220 1912 4277 facto
1945 4224 2093 4280 labes

510 4304 772 4361 inuritur.
808 4307 905 4362 Sin
954 4308 1273 4380 praecipatio
1307 4310 1556 4379 quaedam
1594 4312 1853 4365 comitata
1906 4312 2092 4380 fuerit,

510 4394 596 4451 lex
629 4395 683 4450 in
714 4397 852 4451 hanc
883 4397 1214 4452 sententiam
1250 4397 1495 4468 loquitur
1529 4418 1542 4453 :
1572 4398 1676 4466 Qui
1713 4400 1948 4470 puellam
1987 4405 2093 4457 mi.

510 4501 700 4543 norem
733 4487 894 4542 anuis
927 4488 1220 4543 duodecim
1251 4489 1304 4544 in
1347 4505 1570 4547 uxorem
1624 4491 1793 4559 ducit,
1822 4493 2093 4564 siquidem

510 4578 787 4649 sponsalia
841 4590 1256 4650 praecesserunt.
1315 4581 1663 4649 custoditur,
1720 4583 1846 4638 licet
1908 4588 2094 4641 uxoris

491 4670 633 4725 .loco
669 4671 891 4725 domum
925 4670 1046 4741 ejus
1097 4672 1333 4728 deducta
1373 4673 1465 4729 sit.
1494 4671 1588 4729 Sin
1613 4676 1900 4743 sponsalia
1947 4677 2094 4731 nulla

516 4773 937 4830 praecesserunt,
970 4780 1069 4819 nec
1101 4766 1225 4819 eum
1282 4765 1470 4821 habuit
1504 4767 1570 4819 ah
1608 4766 1764 4821 initio
1808 4768 2091 4830 animum;

2205 3569 2394 3641 ὥσπερ
2422 3572 2483 3626 ὲν
2520 3572 2693 3643 σκηνῇ
2747 3571 3075 3644 παιχθείσης
3121 3572 3429 3644 ίερολογίας
3470 3566 3719 3637 συνωμολό-

2205 3676 2377 3731 γηται
2404 3660 2500 3716 καί
2526 3660 2680 3731 παρὰ
2735 3659 2835 3715 τοῦ
2899 3660 3213 3732 κατηγόρου
3287 3659 3421 3731 μηδὲ
3484 3653 3721 3728 μνηστείας

2204 3746 2343 3805 εῖναι
2367 3752 2637 3818 δεκτικδς,
2657 3751 3069 3825 ἀμφισϐήτησις
3092 3753 3247 3807 πᾶσα
3283 3751 3610 3823 περιῄρηται,
3647 3744 3721 3811 τηῆς

2203 3844 2473 3918 ἐναργοῦς
2504 3845 2852 3919 παρανομίας
2912 3848 3082 3901 πᾶσιν
3144 3846 3241 3901 ὑπ’
3271 3845 3395 3916 ὄψιν
3444 3837 3723 3897 ὑποπιπτού-

2205 3956 2328 4009 σης.
2360 3939 2697 4009 Μνηστείαις
2725 3938 2835 4010 γὰρ
2862 3938 3092 4010 ῑϐδομον
3147 3938 3403 3993 ἐνιαυτὸν
3453 3935 3629 3988 οἰκεῖον
3666 3923 3724 3980 εἴ·

2204 4050 2292 4084 ναι
2316 4030 2753 4101 παρεληλυθότα,
2789 4031 2991 4102 γάμοις
3047 4031 3105 4085 δὲ
3142 4029 3421 4100 γυναικῶν
3456 4026 3724 4082 δωδέκατον.

2203 4122 2568 4187 θεσπιζόντων
2587 4122 2693 4174 τῶν
2718 4123 2917 4191 νόμων.
2950 4123 3012 4175 Ei
3038 4122 3157 4192 μὲν,
3175 4120 3428 4188 καθάπερ
3447 4116 3722 4185 νενόμισται.

2205 4215 2431 4279 συσταίη
2470 4215 2847 4285 συνάλλαγμα,
2886 4214 3063 4278 οὐδεὶς
3095 4213 3441 4285 ἐπιτρίδεται
3495 4210 3561 4279 τᾷ
3592 4221 3727 4275 πρακ-

2210 4306 2360 4361 θέντι
2394 4305 2605 4377 μῶμος.
2636 4308 2697 4359 Et
2732 4308 2787 4358 δέ
2817 4324 2901 4371 τις
2940 4307 3381 4378 ἐπακολουθήσει
3408 4306 3722 4372 περιπέτεια,

2208 4401 2371 4471 νόμος
2392 4393 2494 4453 ὧδέ
2524 4416 2711 4471 φησιν’
2734 4398 2792 4451 '0
2812 4400 2977 4469 κόρην
3008 4399 3215 4470 ἥττονα
3234 4400 3344 4451 τῶν
3363 4396 3560 4449 δώδεκα
3584 4393 3728 4443 ἐνιαυ-

2202 4491 2310 4545 τῶν
2348 4492 2688 4561 ἑπαγόμενος
2717 4492 2853 4559 προς
2905 4491 3103 4561 γάμον,
3171 4492 3220 4544 εί
3285 4491 3386 4561 μὲν
3430 4484 3729 4558 προηγήσατο

2206 4582 2492 4653 μνηστεία,
2522 4584 2675 4652 μένει
2706 4584 3087 4653 φυλαττομένη
3108 4599 3125 4612 ·
3155 4582 3263 4635 κᾶν
3313 4581 3384 4635 τὰ
3439 4578 3644 4650 μάλιστα
3688 4573 3733 4621 ἐν

2202 4673 2354 4737 τάξει
2387 4675 2635 4743 γαμετῆς
2663 4674 2741 4734 είς
2762 4672 2851 4724 τὸν
2900 4670 3049 4725 οἷκον
3087 4672 3258 4724 αὐτοῦ
3286 4670 3329 4701 δ’
3357 4671 3653 4739 ἀνήνεγκεν.
3682 4659 3729 4711 Et

2201 4764 2259 4820 δὲ
2300 4764 2374 4834 μὴ
2399 4766 2757 4834 προηγήσατο
2789 4764 3056 4834 μνηστεία
3121 4764 3258 4833 μηδὶ
3323 4761 3567 4829 τοιαύτην
3608 4757 3734 4823 ἔξαρ-

512 4867 622 4905 ηοη
674 4862 962 4926 pr0pterea
999 4854 1111 4926 jam
1158 4871 1299 4910 uxor
1339 4872 1462 4913 esse
1508 4855 1645 4912 facta
1691 4858 1927 4913 videtur.
1971 4856 2095 4914 llaec

2201 4857 2301 4926 χῆς
2334 4856 2461 4924 ἔσχε
2492 4855 2754 4919 διάθεσιν,
2796 4858 2856 4907 οὐ
2884 4855 2978 4908 διὰ
3006 4854 3165 4907 τοῦτο
3199 4854 3300 4907 νῦν
3345 4852 3583 4921 γενέσθαι
3601 4848 3731 4905 δοκεῖ.

513 4958 638 4997 cum
673 4950 834 5000 verba
867 4947 1001 5019 legis
1045 4948 1178 5017 sint,
1220 4949 1355 5006 satis
1403 4949 1748 5021 intelligitur,
1787 4965 1909 5021 qua:
1955 4950 2102 5004 inter

514 5035 809 5105 Georgium
902 5045 956 5093 et
1028 5038 1349 5095 Theodoren
1433 5042 1851 5106 intervenerint,
1926 5054 2102 5110 neque

517 5130 858 5198 nuptiarum,
914 5145 1091 5200 neque
1122 5132 1461 5201 sponsalium
1511 5141 1850 5186 contractum
1885 5130 2053 5185 fuisse
2086 5146 2099 5181 :

517 5219 719 5290 quippe
770 5220 862 5289 qui
918 5237 1099 5291 neque
1150 5224 1465 5292 nuptiarum
1523 5224 1691 5293 legem
1742 5224 1997 5282 servarit,
2051 5232 2105 5276 et

520 5314 690 5381 legem
734 5314 1073 5383 sponsalium
1110 5314 1353 5369 violarit.
1386 5315 1539 5369 Solet
1571 5315 1714 5370 enim
1774 5316 1857 5368 lett
1898 5315 2099 5368 imitari

521 5406 799 5459 naturam.
832 5406 897 5457 Et
936 5404 1082 5476 quod
1133 5407 1384 5476 agnoscit
1433 5414 1651 5471 natura,
1687 5406 1772 5461 lex
1804 5407 1970 5460 etiam
2005 5400 2100 5459 ad;

521 5495 688 5548 mittit
722 5512 734 5548 :
771 5495 920 5565 quod
970 5505 1151 5550 autem
1191 5500 1437 5567 ignotum
1478 5506 1561 5552 est
1595 5508 1822 5562 naturae,
1872 5497 2099 5551 missum

524 5582 674 5640 facit.
715 5583 769 5640 Si
800 5600 931 5658 ergo
957 5603 1078 5658 quae
1114 5588 1294 5644 adhuc
1321 5590 1596 5658 pubescit,
1637 5591 1867 5644 necdum
1922 5590 2099 5658 partui

521 5687 609 5734 cst
640 5675 837 5733 idonea
864 5695 878 5744 ;
909 5681 1115 5750 nuptim
1146 5696 1273 5736 vero
1305 5682 1705 5750 procreationis
1728 5697 1891 5737 eausa
1926 5681 2059 5735 liunt
2084 5696 2101 5735 :

2206 4946 2393 5011 Οὕτως
2438 4949 2534 5001 τοῦ
2565 4950 2733 5019 νόμου
2763 4949 3084 5018 φράζοντος,
3131 4950 3369 5019 πάρεστι
3430 4937 3735 5014 καταμανθά-

2208 5057 2342 5104 νειν,
2369 5041 2451 5094 ὃτι
2486 5043 2579 5093 καὶ
2602 5042 2778 5110 γάμου
2798 5043 2894 5094 καὶ
2924 5040 3218 5112 μνηστείας
3242 5040 3352 5091 τῶν
3376 5035 3569 5105 μεταξὺ
3596 5033 3735 5096 Γεωρ-

2208 5131 2326 5198 γίου
2408 5132 2526 5183 καί
2559 5130 2843 5202 Θεοδότης,
2894 5131 3267 5202 ἀπεστέρηται
3323 5129 3384 5182 τὸ
3429 5123 3733 5186 συνάλλαγμα

2215 5223 2352 5292 μήτε
2384 5222 2474 5275 τὸν
2487 5222 2584 5276 τοῦ
2616 5226 2797 5295 γάμου
2833 5224 3082 5294 τηρῆσαν
3115 5225 3265 5295 ὅρον.
3284 5222 3380 5275 καὶ
3400 5220 3489 5275 τὸν
3515 5217 3606 5284 τῆς
3627 5226 3734 5280 im?

2211 5314 2394 5379 στείας
2427 5314 2839 5385 λωϐησάμενον.
2867 5315 2979 5367 Καὶ
3004 5315 3113 5385 γὰρ
3143 5314 3337 5367 εἴωθεν
3374 5314 3402 5365 ὁ
3461 5311 3611 5378 νόμος
3656 5299 3733 5368 τὴν

2212 5407 2376 5475 φύσιν
2437 5406 2742 5477 μιμεῖσθαι.
2776 5407 2882 5460 Καὶ
2922 5407 2957 5460 δ
3013 5408 3112 5477 μὲν
3188 5405 3333 5459 οίδεν
3393 5403 3547 5471 αὕτη,
3596 5407 3734 5465 προσ·

2213 5498 2373 5550 ιὲταιο
2404 5497 2465 5550 τὸ
2483 5497 2527 5550 δ’
2556 5498 2894 5570 ἠγνοημένον
2921 5498 3082 5567 αὐτῇ,
3113 5498 3557 5569 παραπέμπεται.
3578 5490 3631 5543 Εἰ
3651 5484 3737 5536 τοί-

2211 5607 2307 5643 νυν
2344 5592 2376 5661 ὴ
2415 5591 2513 5660 μὲν
2544 5592 2859 5662 ἡϐάσκουσα
2889 5592 3053 5663 γονῆς
3088 5596 3234 5645 ἐστιν
3269 5591 3622 5647 ἀνεπίδεκτοςν
3666 5576 3737 5632 διὰ

2212 5682 2268 5735 δὲ
2326 5684 2677 5750 παιδογονίαν
2735 5687 2763 5736 ὁ
2791 5686 3001 5757 γάμοςτ
3034 5687 3063 5738 ὁ
3118 5684 3509 5756 συνερχόμενος
3553 5677 3646 5746 ἄρα
3677 5669 3730 5738 τῇ

1819 5860 2053 5915 ΥΑΙΗᾹΞ
2109 5818 2517 5917 Ltzcrtonss.

596 5949 642 5983 ⁸ο
667 5951 889 6023 ἦρκται.
972 5951 1010 5981 θ’
1041 5950 1240 6020 γάμου.
1316 5950 1362 5981 δ’
1408 5950 1596 6020 αὐτήν.
