3950 6576
309 337 433 402 Εἷῦ

1604 335 2299 403 ῦῐὶᾹΞΩΟ-ΒΟΜΑΝΗΜ
2317 390 2322 399 .

3479 340 3586 405 850

316 452 407 520 μὴ
443 446 702 521 γεγονυίᾳ
737 447 1044 506 δωδεκάτου
1084 448 1362 518 ὶνιαυτοῠ,
1426 451 1661 522 φθορεύς
1727 457 1932 519 ἑστιν,,

2041 457 2276 526 squitur,
2323 468 2471 522 eum,
2507 452 2609 526 qui
2659 467 2781 511 cum
2827 454 3068 511 nondum
3119 463 3246 511 nata
3295 455 3583 514 duodecim

317 539 530 593 ἀλλὀὐ
559 538 825 611 γαμέτης.
858 541 967 595 Καὶ
1004 538 1300 595 διατοῦτοδ
1344 542 1446 612 τῆς
1503 544 1730 613 ἥττονος
1793 543 1906 598 τῶν

318 628 539 684 δώδεκα
567 631 831 685 ἐνιαυτῶν
869 629 1168 704 ἀπείρηται
1211 631 1409 703 γάμος.
1448 632 1560 687 Καὶ
1610 634 1640 686 δ
1702 633 1906 703 ἱερολο-

317 722 443 790 γῶν
483 724 679 804 ἱερεὺς,
702 722 986 793 αἰτιάματι
1026 723 1451 778 καθυποπίπτει.
1510 724 1591 778 Τά
1654 724 1797 779 αὐτὰ
1844 725 1906 779 δὲ

312 816 424 869 καὶ
455 816 585 887 περὶ
625 816 720 886 τῆς
755 815 1056 888 μνηστείας
1112 815 1556 887 ἑπιλογιζόμεθα.
1608 817 1698 882 Ὦς
1734 819 1768 890 ἠ
1808 820 1907 889 μὲν

317 910 510 981 ἥττων
561 908 675 962 τῶν
734 908 875 963 ἑπτὰ
933 909 1216 972 ἐνιαυτῶν,
1281 911 1605 982 διακρίσεως
1661 897 1908 979 ἐντελοῦς

317 1002 572 1074 ἀμοιρεῖ.
611 1002 670 1055 Ὀ
706 1000 765 1055 δὲ
825 1000 901 1072 μὴ
943 1001 1266 1074 διακρίνων,
1324 1005 1447 1059 οὐδὲ
1503 1005 1906 1079 λελογισμένως

308 1093 553 1150 δύναται
585 1082 877 1150 συναινέίν.
933 1095 1305 1161 Συναινέσεως
1333 1098 1396 1152 δὲ
1428 1099 1620 1171 χωρὶς,
1680 1101 1910 1172 συμφώ-

316 1204 437 1241 νων
487 1187 751 1251 σύστασις
814 1189 883 1243 οὐ
934 1188 1241 1261 προϐαίνει.
1312 1191 1457 1246 men
1502 1194 1668 1265 νόμος
1726 1195 1905 1266 φησί·

318 1278 633 1350 Σύμφωνόν
668 1281 785 1334 ἐστι
811 1280 906 1335 δύο
938 1283 1020 1346 είς
1054 1284 1252 1338 ταυτὸν
1297 1285 1525 1355 ἀρεστὸν
1580 1288 1906 1353 συναίνεσις.

322 1371 495 1425 Ὥστε
525 1373 576 1425 οἱ
606 1371 894 1444 νομοθέται
922 1374 1182 1444 ἑπόμενοι
1208 1377 1322 1440 τοῖς
1350 1379 1600 1444 φυσικοῖς
1622 1374 1823 1447 λόγοις,
1841 1381 1910 1434 τά

316 1464 466 1534 περὶ
492 1464 609 1519 τῶν
637 1467 833 1536 γάμων
854 1466 1105 1531 δεέταξαν
1138 1469 1408 1541 δόγματα.
1439 1466 1653 1525 Οὐκοῦν
1683 1471 1806 1526 ἐπεὶ
1849 1474 1911 1526 τὸ

320 1555 430 1626 τῆς
452 1556 716 1629 Θεοδότης
755 1558 850 1614 καὶ
894 1558 958 1613 τὸ
981 1559 1075 1614 τοῦ
1096 1561 1371 1632 Γεωργίου
1397 1562 1908 1633 συνάλλαγμα,οὕτε

320 1648 442 1712 τοῖς
476 1649 687 1720 νόμοις,
719 1650 849 1704 οὔτε
874 1653 940 1722 τῇ
973 1650 1136 1723 φύσει
1160 1653 1438 1727 γνὼριμόν
1463 1656 1610 1711 ἐστιν
1637 1670 1652 1685 ’
1702 1654 1912 1713 ἀκωλύ-

322 1756 440 1804 τως
484 1743 514 1794 ό
534 1741 629 1794 τοῦ
690 1742 971 1814 Γεωργίου
1046 1745 1426 1817 δισεξάδελφος
1471 1747 1753 1820 Εὐφήμιος
1809 1751 1910 1822 τὴν

323 1833 429 1904 τῆς
462 1832 727 1907 Θεοδότης
754 1837 967 1909 μητέρα
1000 1838 1135 1910 πρὸς
1189 1840 1366 1911 γάμον
1421 1842 1678 1914 ἠγάγετο.
1710 1843 1776 1898 '0
1813 1842 1921 1916 γὰρ

326 1926 455 1981 ἀντ’
484 1927 700 1991 οὐδενὸς
731 1929 901 1994 δοκεῖ,
932 1931 1090 1986 τοῦτο
1115 1933 1231 1997 πῶς
1262 1933 1417 1989 ἔσται
1468 1934 1549 2007 τῷ
1599 1935 1780 2000 καλῶς
1829 1936 1925 1991 καὶ

327 2014 584 2086 ἐννόμως
643 2021 914 2091 γινομένῳ
957 2020 1226 2092 κώλυμα;
1289 2023 1490 2079 πολλοῦ
1546 2043 1609 2095 γε
1668 2027 1764 2080 καὶ
1822 2027 1921 2082 δεῖ.

334 2104 541 2161 Ταῦτα
574 2110 969 2181 συνεδοκίμασε
992 2114 1113 2184 μεθ’
1143 2114 1305 2186 ήμῶν
1339 2118 1397 2170 ἐν
1429 2118 1496 2187 τῇ
1549 2116 1784 2187 βασιλίδι
1828 2118 1927 2173 πό-

330 2194 447 2261 λει,
499 2200 596 2251 καὶ
623 2204 1093 2273 συναπεφήνατος,
1124 2207 1224 2257 καὶ
1250 2203 1469 2277 Μιχαὴλ
1493 2206 1527 2259 δ
1575 2206 1928 2278 θεοφιλέστα-

331 2304 432 2353 τος
467 2291 869 2365 μητροπολίτης
913 2294 1177 2365 Ἀθηνῶν.
1209 2288 1380 2363 Οὗτος
1407 2298 1517 2370 γάρ
1544 2299 1641 2354 καὶ
1697 2300 1797 2370 τῆς
1845 2300 1927 2354 δί-

332 2397 451 2450 κης
480 2381 615 2454 παρ’
648 2384 799 2456 αὐτῷ
832 2384 1364 2461 προκαταρχθείσης,
1411 2391 1730 2463 προσήγατό
1766 2407 1825 2445 τε
1838 2391 1929 2445 τὸν

329 2473 548 2543 γάμον,
581 2477 675 2530 καὶ
700 2478 920 2549 γραφὴν
944 2479 1083 2551 πρὸς
1111 2480 1203 2534 τὸν
1223 2480 1529 2551 ἁγιώτατον
1580 2483 1927 2556 πατριάρχην

330 2567 501 2637 μάλα
527 2568 880 2643 δικαιοτάτην
919 2573 1012 2627 καὶ
1042 2573 1447 2647 ἀκριϐεστάτην
1477 2575 1778 2649 Ἀθήνηθεν
1832 2578 1929 2633 πέ-

336 2676 568 2731 πομφεν
596 2662 675 2725 εἰς
705 2661 881 2730 τοῦτο,
904 2665 998 2718 καὶ
1024 2665 1371 2737 ὑπέγραψεν.

1953 3131 1999 3192 ο

739 2843 951 2915 Σχῆμα
973 2845 1089 2903 τῶν
1111 2849 1537 2918 προλαϐόντων

635 2937 1016 3005 Δισεξάδελφοι

418 3027 734 3100 Ἑῦφήμιος,
762 3030 1052 3104 Γεὼργιος.
1489 3037 1679 3110 Μαρία
1719 3039 1925 3111 μήτηρ.

1402 3221 1636 3294 Θεοδότη
1660 3222 1929 3295 θυγάτηρ.

424 3300 704 3379 Τεώργιος
735 3309 763 3363 δ
799 3308 896 3363 τοῦ
933 3306 1222 3385 Εὐφημίου
1248 3313 1539 3384 ἐξάδελφος
1566 3315 1613 3353 ⁸³
1643 3313 1808 3368 ἔλασε
1835 3315 1936 3387 τὴν

339 3401 646 3473 θεοδότην,
673 3402 898 3469 ἀτελοῦς
919 3404 1087 3460 οὖσαν
1146 3406 1383 3478 ἡλικίας.
1430 3407 1712 3479 Θανούσης
1768 3409 1940 3479 αὐτῆς

355 3493 507 3565 μετὰ
540 3494 758 3566 μικρὸν,
777 3496 967 3552 ἔλασεν
993 3499 1022 3552 δ
1051 3499 1331 3570 Εὐφήμιος
1358 3500 1458 3570 τὴν
1495 3500 1717 3571 Μαρίαν
1766 3499 1941 3569 αὐτῆς

352 3585 605 3658 μητέρα.
636 3588 747 3642 Καὶ
769 3589 1011 3661 κρίνεται
1034 3589 1062 3643 δ
1091 3590 1332 3656 τοιοῦτος
1393 3591 1573 3664 γάμος
1623 3592 1801 3657 ἀθῶος
1847 3594 1945 3647 καί¹

354 3675 388 3729 ε
401 3692 607 3746 ανομος.

1017 3797 1311 3854 ΜΙΧᾹΗΛ.

362 3910 462 3969 A'.
513 3911 844 3995 :eqcrrolfp
895 3912 1000 3995 rei:
1034 3913 1421 3995 πατριάρχου,
1453 3916 1665 3995 κυρίου
1707 3923 1950 3995 ὶζιιχαλὴλ

444 3983 550 4037 τοῦ
592 3985 1029 4052 Κηρουλορνόυ,
1056 3984 1190 4051 περὶ
1216 3983 1409 4055 γάμου
1431 3983 1870 4060 κειέωᾶῑυμένδυ.

455 4097 719 4169 Ἀκήκοεν
748 4099 781 4170 ἡ
815 4097 1106 4170 μετριότης
1144 4098 1334 4170 ἡμῶν,
1388 4100 1767 4169 εὐκλεέστατε,
1802 4109 1953 4177 παρὰ

375 4192 609 4256 Λέοντος
669 4190 760 4245 τοῦ
818 4192 1148 4263 Κρεμνίτου,
1204 4192 1442 4261 γαμικὸν
1496 4193 1766 4267 προϐῆναι
1826 4214 1951 4253 συν-

360 4282 631 4349 οικέσιον,
674 4283 1048 4353 ἀναίσχυντον,
1105 4282 1204 4353 τὴν
1249 4282 1482 4354 ἀνομίαν
1538 4285 1952 4357 ἑπισυρόμενον.

374 4374 532 4430 Λέων
557 4374 686 4446 γὰρ,
719 4375 875 4447 φησὶ,
907 4375 1002 4429 καὶ
1024 4373 1356 4447 Νικηφόρος,
1381 4373 1622 4443 ἀδελφοί.
1650 4376 1899 4447 τούτων,
1926 4382 1956 4431 ὁ

2008 561 2186 603 annos
2209 547 2340 612 coit,
2361 555 2730 619 stupratorem
2749 562 2892 613 esse,
2916 562 3023 603 non
3049 547 3325 603 maritum.
3352 548 3588 620 ideoque

2011 639 2216 711 nuptiae
2265 655 2391 695 cum
2424 655 2509 704 ea,
2544 653 2662 709 qua:
2704 640 2887 695 minor
2937 648 3022 695 est
3066 640 3226 696 annis
3274 640 3583 705 duodecim,

2010 731 2301 803 prohibita:
2357 738 2508 788 sunt.
2552 730 2615 786 Et
2663 732 2756 803 qui
2804 729 3082 787 henedicit
3111 731 3189 786 eis
3225 731 3501 798 sacerdos,
3528 748 3589 786 se

2011 822 2185 894 culpa:
2226 821 2403 877 reddit
2430 821 2750 878 obnoxium.
2802 820 3003 878 Eadem
3043 830 3098 877 et
3142 822 3211 879 de
3239 825 3589 894 Sponsnlihus

2010 913 2429 969 ratiocinamur.
2474 911 2740 967 Nimirum
2768 927 2912 979 eam,
2950 928 3069 982 quae
3102 912 3283 968 minor
3325 912 3395 966 sit
3428 914 3591 967 anuis

2013 1013 2246 1075 septem,
2306 1004 2517 1075 judicio
2546 1004 2709 1074 pleno
2760 1004 3007 1060 destitui.
3059 1004 3162 1071 Qui
3207 1019 3337 1059 vero
3382 1002 3593 1075 judicio

2012 1106 2185 1167 caret,
2218 1098 2265 1155 is
2299 1114 2405 1172 nec
2436 1115 2501 1154 ex
2537 1115 2641 1171 usu
2686 1098 2920 1157 rationis
2949 1097 3263 1155 consentire
3289 1107 3489 1170 potest.
3524 1099 3594 1152 At

2014 1193 2222 1261 absque
2257 1204 2557 1256 consensu,
2612 1201 2771 1262 pacta
2815 1199 3068 1249 constare
3111 1201 3407 1263 nequeunt.
3453 1190 3592 1246 Cum

2015 1283 2128 1339 haec
2179 1284 2312 1354 legis
2345 1284 2508 1340 verba
2541 1284 2651 1340 sint
2680 1298 2694 1336 :
2734 1282 2960 1347 Paetum
2989 1291 3075 1341 est
3108 1282 3338 1339 duorum
3371 1282 3427 1339 in
3452 1282 3595 1339 idem

2012 1376 2275 1448 placitum
2320 1390 2646 1432 consensus.
2694 1375 2848 1433 Unde
2893 1386 3070 1448 paret,
3098 1376 3242 1447 juris
3284 1375 3598 1435 conditores

2015 1469 2289 1524 rationum
2339 1481 2551 1525 natura:
2604 1468 2834 1540 vestigia
2885 1476 3200 1540 sequentes,
3256 1467 3323 1524 de
3389 1468 3598 1538 nuptiis

2014 1569 2215 1619 statuta
2225 1562 2620 1634 promulgasse.
2633 1560 3085 1632 Quandoquidem
3102 1577 3235 1634 ergo
3252 1569 3598 1617 contractum

1989 1656 2160 1711 'lmuc
2195 1654 2489 1711 'l‘heodotae
2535 1669 2599 1710 ac
2629 1652 2846 1726 Georgii
2872 1668 3053 1724 neque
3086 1653 3233 1724 leges
3263 1659 3594 1723 agnoscunt.

2024 1761 2204 1816 neque
2237 1754 2433 1801 natura
2472 1762 2486 1799 :
2516 1744 2653 1800 citra
2700 1745 3152 1814 impedimentum
3185 1742 3354 1796 ullum
3382 1739 3604 1810 Georgii

2026 1837 2287 1895 sobrinus
2326 1836 2666 1907 Euphemius
2716 1834 3012 1892 Theodotae
3062 1842 3293 1889 matrem
3347 1830 3605 1902 coniugio

2028 1928 2133 1986 sibi
2161 1928 2366 2000 iunxit.
2398 1926 2555 1995 Quod
2587 1927 2731 1983 enim
2774 1942 2872 1996 pro
2901 1926 3052 1981 nullo
3080 1925 3319 1990 ducitur,
3364 1938 3604 1995 quonam

2030 2019 2194 2076 modo
2230 2018 2407 2091 possit
2448 2032 2574 2074 esse
2606 2017 2895 2074 obstaculo
2932 2018 2984 2072 ei
3016 2057 3031 2083 ,
3072 2016 3217 2087 quod
3267 2022 3417 2071 recte
3451 2012 3507 2068 lit
3543 2028 3608 2068 ac

2027 2112 2315 2186 legitime?
2343 2109 2566 2167 Minime
2607 2108 2851 2180 quidem.
2887 2108 3016 2165 Haec
3064 2107 3351 2164 nobiscum
3396 2106 3609 2162 exami-

2030 2208 2181 2263 navit
2235 2206 2290 2259 in
2348 2202 2482 2260 urbe
2530 2201 2898 2274 imperatrice.
2949 2216 3017 2258 ac
3068 2215 3176 2257 una
3232 2198 3609 2271 pronuntiavit

2031 2298 2196 2354 etiam
2247 2294 2476 2350 Michael
2510 2293 2644 2366 (21),
2686 2293 3133 2365 religiosissimus
3174 2293 3265 2349 ille
3294 2291 3609 2363 metropoli-

2031 2395 2196 2443 tanus
2231 2384 2606 2441 Atheniensis.
2661 2381 2764 2439 Hic
2817 2384 2985 2450 enim,
3022 2383 3117 2440 lite
3172 2398 3359 2439 coram
3405 2398 3467 2439 se
3521 2381 3609 2437 in-

2032 2481 2256 2545 choata,
2284 2486 2338 2535 et
2371 2477 2591 2547 nuptias
2624 2476 2774 2548 ipsas
2818 2477 3093 2547 probavit,
3126 2485 3181 2533 et
3211 2476 3279 2532 ad
3323 2476 3612 2532 sanctissi-

2034 2581 2184 2620 mutn
2216 2564 2585 2635 patriarcltam
2613 2561 2877 2633 scriptum
2898 2563 3273 2634 aequissimum
3305 2571 3361 2617 et
3384 2574 3614 2618 accura-

2033 2655 2309 2712 tissimum
2386 2654 2619 2709 Athenis
2698 2653 2801 2708 hoc
2898 2655 3122 2710 nomine
3199 2653 3367 2721 misit,
3450 2659 3617 2726 atque

2036 2745 2390 2817 subscripsit.

2495 2838 2701 2909 Figura
2729 2839 3142 2908 pmmiuorum.

2321 2929 2550 2987 Sohrini
2638 2956 2643 2961 -

2105 3023 2423 3096 Ephemius,
2451 3021 2737 3093 Georgius.
3184 3019 3378 3087 Maria,
3422 3027 3615 3080 mata.

3148 3201 3453 3270 Theodote,
3485 3201 3619 3263 tilia.

2110 3300 2378 3373 Georgius
2411 3282 2701 3371 Euphemii
2732 3295 2992 3355 sobrinus
3029 3294 3354 3354 Theodoten
3403 3292 3623 3364 accepit

2040 3393 2219 3451 adhuc
2269 3392 2629 3463 impuberem.
2665 3390 2741 3447 Ea
2800 3389 2962 3460 paulo
3013 3397 3139 3460 post
3188 3396 3424 3453 mortua,
3468 3385 3622 3442 duxit

2042 3483 2378 3556 Euphemius
2411 3481 2659 3547 Mariam.
2690 3478 2991 3537 Theodotat
3016 3488 3269 3535 matrem.
3310 3481 3489 3549 Atque
3521 3476 3624 3531 hoc

2045 3575 2457 3634 matrimonium
2489 3573 2623 3630 vitio
2665 3587 2860 3630 carere
2892 3571 3196 3644 iudicatur,
3236 3583 3290 3625 et
3337 3584 3462 3628 esse
3490 3564 3625 3639 legi-

2047 3673 2263 3727 timum.

2628 3775 3028 3833 MlCﬂAELIS.

2043 3890 2092 3953 l.
2119 3890 2362 3969 Epistula
2390 3894 2735 3969 patriam/ue,
2770 3891 2987 3969 Domini
3019 3888 3301 3969 yichaeiis
3335 3884 3627 3950 Cerulart'i,

2442 3966 2506 4020 de
2556 3962 2895 4019 matrimonio
2929 3959 3217 4030 prohibito.

2125 4082 2347 4138 Audivit
2365 4078 2719 4137 mediocritas
2738 4075 3044 4143 nostra,vir
3056 4073 3383 4138 clarissime,
3403 4086 3435 4126 a
3450 4070 3633 4129 Leone

2056 4175 2361 4239 Cremnita,
2425 4168 2840 4226 matrimonium
2885 4181 3011 4225 esse
3062 4173 3430 4231 contractum,
3480 4160 3635 4235 quod

2059 4287 2185 4328 cum
2206 4268 2524 4341 impudente
2551 4263 2759 4336 ﬂagitio
2790 4261 3144 4335 coniunctum
3199 4269 3303 4317 est.
3353 4259 3496 4316 Sunt
3526 4259 3636 4314 fra-

2062 4376 2199 4429 tres,
2225 4360 2422 4434 inquit,
2450 4356 2560 4413 Leo
2585 4367 2640 4414 et
2664 4353 3025 4426 Nicephorus.
3063 4353 3271 4409 Horum
3302 4352 3465 4416 alter,
3498 4350 3630 4417 ίιοο,

368 4464 485 4535 ,μὲν
510 4445 661 4539 ᾼὲων
689 4445 854 4535 γεννᾷ
900 4463 1002 4537 τὴν
1053 4445 1276 4537 Καλὴν·
1310 4468 1339 4521 ὁ
1370 4467 1685 4540 Νικηφόρος
1730 4469 1811 4532 δὲ,
1863 4445 1932 4526 τοι

2061 4459 2229 4517 Calen
2263 4459 2560 4527 procreat:
2585 4449 2948 4522 Nicepltorus,
2983 4446 3302 4519 Georgium.
3336 4445 3474 4502 Hine
3505 4446 3637 4502 Cale

379 4555 673 4628 Γεὼργιον.
695 4552 830 4611 Εῖτα
862 4555 1182 4628 συνέργεται
1220 4557 1357 4630 πρὸς
1384 4557 1566 4629 γάμου
1604 4561 1944 4633 κοινωνίανή

384 4647 538 4718 Καλὴ
569 4645 646 4718 τῷ
678 4645 918 4729 Μιχαὴλ,
966 4647 1061 4700 καὶ
1085 4647 1114 4701 ό
1134 4645 1409 4717 Γεώργιος
1436 4648 1464 4701 ό
1511 4647 1715 4720 ταύτης
1742 4648 1958 4716 ἐξάδελ-

387 4757 504 4805 φος,
538 4740 708 4811 γαμεῖ
747 4739 1005 4810 Εἰρήνην,
1038 4738 1136 4809 τὴν
1183 4738 1277 4792 τοῦ
1326 4739 1546 4812 Μιχαὴλ
1566 4740 1823 4814 ἀδελφήν.
1870 4743 1959 4809 ὀς

389 4830 778 4901 συμπλακῆναι
820 4829 915 4884 δύο
950 4828 1182 4901 πρώτων
1228 4831 1537 4902 ὲξαδέλφων
1587 4834 1787 4904 γάμον,
1823 4835 1960 4906 πρὸς

385 4923 481 4993 δοέο
513 4922 794 4992 ἀδελφοὺς,
823 4921 1011 4994 ἑτέρου
1042 4923 1252 4990 γένους,
1277 4923 1414 4994 ὅπερ
1429 4923 1586 4994 δῆλον
1634 4926 1812 4995 πάντη
1865 4927 1963 4982 καὶ

385 5018 498 5077 τοῖς
527 5015 824 5077 πολιτικοῖς
847 5014 1055 5084 νόμοις,
1083 5017 1180 5069 καὶ
1207 5016 1319 5079 τοῖς
1349 5016 1515 5088 ἱεροῖς
1558 5017 1780 5071 κανόσιν
1817 5019 1965 5073 άπα-

386 5107 646 5176 ρὶιδεκτόν
675 5110 813 5162 ἐστι.
845 5107 1162 5162 Κωλύονται
1205 5106 1335 5178 γὰρ,
1364 5106 1529 5177 φησὶν
1560 5108 1590 5161 ό
1615 5107 1801 5179 νόμος,
1823 5109 1962 5181 πρὸς

391 5201 572 5271 γάμου
597 5200 901 5264 κοινωνίαν,
940 5199 1178 5268 ἀδελφοὶ,
1209 5198 1511 5268 ὲξάδελφοι,
1541 5201 1638 5255 καὶ
1669 5202 1719 5255 οί
1741 5204 1807 5256 ὲκ
1833 5203 1960 5256 τού-

390 5309 499 5347 των
525 5294 884 5363 καταγόμενοι
916 5293 1011 5347 καὶ
1034 5292 1217 5363 μόνον.
1251 5288 1372 5345 Ἐπὶ
1400 5293 1455 5348 δὲ
1474 5293 1585 5347 τῶν
1613 5295 1678 5347 ὲκ
1706 5294 1959 5364 πλαγίου,

395 5385 511 5441 ﬁeri
536 5404 617 5450 τις
647 5386 898 5450 κώλυσις.
940 5384 1113 5440 Τοῦτο
1154 5383 1285 5456 γοῦν
1312 5384 1370 5439 τδ
1398 5384 1495 5452 τίς
1519 5385 1691 5455 ρἦαν
1729 5385 1961 5457 μερικὴν

2064 4550 2120 4607 in
2152 4545 2486 4605 matrimonii
2527 4543 2846 4600 societatem
2904 4556 3030 4596 cum
3089 4540 3351 4597 Michaele
3396 4539 3537 4604 coit,
3585 4545 3640 4596 et

2063 4641 2430 4700 consobrinus
2447 4637 2569 4708 ejus
2601 4632 2892 4701 Georgius,
2922 4631 3135 4689 lrenam
3158 4632 3331 4698 ducit,
3358 4629 3640 4688 Michaelis

2065 4750 2335 4792 sororem.
2369 4733 2444 4787 Ita
2476 4731 2725 4802 quidem,
2759 4739 2817 4785 ut
2848 4728 2959 4784 duo
3003 4727 3323 4786 consobrini
3345 4741 3469 4783 eum
3504 4725 3644 4783 duo-

2065 4828 2171 4884 bus
2202 4825 2485 4887 l'ratrihus,
2517 4822 2717 4879 diversi
2775 4820 3013 4893 generis,
3070 4820 3298 4891 nuptias
3353 4825 3643 4876 contraxe-

2068 4921 2179 4976 rint
2209 4917 2391 4985 :qnod
2430 4914 2578 4972 haud
2620 4913 2783 4969 dubie
2822 4928 2924 4970 nec
2945 4912 3158 4984 legibus
3218 4910 3497 4974 civilibus,
3540 4923 3644 4965 nec

2070 5009 2378 5068 canonibus
2405 5006 2584 5065 sacris
2630 5004 2966 5062 admittitur.
3002 5002 3161 5070 Nam,
3205 5011 3267 5059 ut
3301 5003 3387 5057 lex
3440 5000 3643 5071 inquit.

2073 5110 2386 5157 arcentura
2418 5096 2678 5155 societate
2734 5093 2980 5165 coniugii
3034 5092 3258 5156 fratres,
3302 5089 3643 5153 consobrini,

2069 5202 2125 5250 et
2153 5193 2248 5263 qni
2309 5206 2375 5245 ex
2420 5189 2506 5246 his
2544 5196 2909 5260 procreantur
2950 5192 3183 5240 tantum.
3219 5181 3277 5238 In
3323 5182 3393 5238 iis
3440 5191 3643 5245 autem,

2070 5288 2164 5358 qui
2194 5293 2323 5341 sunt
2373 5299 2440 5341 ex
2484 5290 2832 5344 transverso,
2887 5276 3186 5349 prohibitio
3236 5274 3486 5347 quaedam
3539 5283 3644 5330 est.

2072 5379 2199 5435 llaec
2224 5392 2366 5449 ergo
2397 5389 2523 5441 vox,
2564 5370 2834 5444 quadam,
2890 5370 3273 5442 particularum
3325 5367 3647 5438 prohibitio-

1693 5501 1777 5554 νει
1789 5498 1923 5555 RIAE
1946 5493 2248 5553 'LECTION
2257 5494 2358 5549 ES.

470 5599 518 5632 “
548 5596 979 5669 διστεξάδελφος.

1947 5699 2175 5759 NO'I‘IE.

471 5805 585 5877 (2i)
622 5804 717 5861 ﬂic
748 5805 1031 5875 proximus
1070 5798 1504 5875 praecedentibus
1531 5797 1691 5853 etiam
1724 5796 1956 5853 decretis
1995 5790 2345 5863 subscripsit.
