3950 6644
357 319 459 392 851
1701 326 1734 395 J
1745 333 1836 394 US
1869 333 1928 394 (Ξι

2036 329 2307 395 )NICUM
3541 327 3652 394 852

356 452 481 497 nem
518 435 782 513 inferens,
803 455 913 501 non
959 439 1012 502 in
1045 445 1320 504 inﬁnitum
1348 463 1409 506 se
1442 447 1713 520 porrigit;
1743 449 1838 503 sed
1871 448 1927 503 in

2036 447 2238 517 ἐπάγον
2281 446 2377 520 τήν
2409 444 2669 512 κώλυσιν,
2703 445 2805 502 οὐκ
2851 448 2932 512 είς
2963 446 3266 520 ἀπέραντον
3298 447 3653 515 ἐξικνεῖται.

353 533 543 589 eodem
577 547 794 606 genere,
832 537 1051 610 septimi
1084 555 1308 611 quoque
1335 538 1541 612 gradus
1563 539 1770 610 nuptiae
1800 554 1928 610 pro-

2036 542 2149 596 ἀλλ’
2177 542 2270 594 ἐπὶ
2302 541 2398 596 τοῦ
2431 539 2597 594 αὐτοῦ
2629 539 2820 609 γένους
2851 539 2948 594 καὶ
2971 541 3000 594 ὁ
3021 541 3114 594 τοῦ
3145 542 3388 613 ἑϐδόμου
3419 541 3649 613 βαθμοῦ

353 619 632 682 hibentur.
655 627 774 684 Non
806 631 952 686 enim
986 639 1168 701 potest
1191 631 1453 689 sobrinus
1495 631 1710 688 sobrini
1747 632 1836 688 sui
1863 633 1930 686 ll-

350 707 478 774 liam
511 721 732 788 ducere,
761 721 888 778 licet
921 741 984 780 ex
1013 725 1255 782 sobrinis
1281 731 1697 795 procreatarum
1725 724 1931 797 nuptias

351 817 460 866 non
494 813 603 870 sint
635 814 945 886 prohibitae.
980 817 1084 885 Qui
1125 825 1308 873 autem
1341 833 1406 873 ex
1436 826 1749 874 transverso
1777 822 1927 883 sunt,

350 897 421 960 iis
453 906 616 961 etiam
640 908 907 978 septimus
939 911 1144 981 gradus
1173 910 1534 982 permittitur.
1565 909 1636 965 At
1657 909 1711 965 in
1747 908 1928 965 delato

351 995 418 1051 ad
455 1011 558 1054 nos
587 1000 964 1066 matrimonio,
1003 1001 1209 1073 gradus
1238 1011 1428 1058 aestus
1460 1001 1762 1057 invenitur.
1791 999 1928 1055 Nam

351 1083 478 1140 Cale
502 1101 565 1140 ac
599 1088 890 1158 Georgius,
923 1105 1048 1144 cum
1080 1089 1292 1146 sobrini
1328 1092 1457 1157 sint,
1493 1090 1548 1144 in
1578 1097 1775 1161 quarto
1798 1101 1928 1161 erga

350 1191 412 1233 se
447 1179 682 1236 invicem
709 1183 880 1249 gradu
925 1185 1261 1241 consistunt.
1288 1184 1360 1240 At
1413 1185 1641 1241 Michael
1676 1185 1745 1238 ab
1774 1183 1928 1239 lrena

350 1271 522 1338 gradu
557 1271 729 1328 altero
761 1275 937 1340 abest,
983 1286 1040 1330 ut
1086 1277 1246 1348 gius
1275 1276 1393 1346 ipse
1426 1275 1595 1331 frater
1621 1276 1715 1331 sit.
1750 1275 1928 1346 Atque

351 1362 454 1416 hoc
504 1363 666 1420 modo
723 1380 849 1420 cum
908 1365 1109 1438 gradus
1163 1377 1352 1425 sextus
1402 1369 1710 1440 colligatur,
1763 1368 1930 1422 lrenaa

349 1455 763 1512 matrimonium
813 1460 1157 1530 prohibetur.
1221 1459 1378 1528 Quod
1438 1461 1657 1532 quidem
1705 1467 1760 1514 ιιι
1792 1501 1807 1527 9
1844 1460 1928 1514 νίι·

347 1545 720 1617 doctissime,
779 1553 865 1608 vel
919 1568 1028 1608 non
1085 1563 1432 1609 contractum
1499 1554 1773 1622 prohibe,
1845 1553 1926 1608 vel

346 1637 455 1706 iam
481 1647 825 1698 contractum
850 1645 1094 1700 dissolve
1127 1659 1142 1700 :
1177 1661 1299 1700 cum
1333 1661 1398 1700 ex
1423 1646 1693 1700 relatione
1722 1642 1923 1698 Leonis

348 1731 644 1805 intelligas,
675 1736 726 1791 id
757 1737 898 1792 intra
921 1750 1134 1795 sextum
1169 1741 1397 1811 gradum
1424 1741 1624 1796 claudi.
1678 1740 1787 1794 Nec
1840 1749 1925 1793 est

2034 633 2304 689 κωλύεται
2358 633 2557 702 γάμος.
2623 633 2701 687 Ού
2764 633 2874 706 γὰρ
2920 634 3146 689 δύναται
3180 638 3208 690 6
3238 635 3650 702 δισεξάδελφος

2029 727 2129 800 τὴν
2187 727 2609 799 τρισεξαδέλφην
2650 729 2881 798 γαμεῖν,
2915 727 3023 782 κᾶν
3057 729 3086 781 6
3115 728 3224 782 τῶν
3269 727 3656 801 τρισεξαδέλο

2032 833 2150 889 φων
2187 818 2367 887 γάμος
2408 817 2508 871 οὐκ
2557 818 2934 890 ἀπειρημένος
2967 819 3107 876 ἐστί.
3146 821 3287 892 Πρὸς
3311 821 3378 876 δὲ
3411 821 3556 881 τοὺς
3588 819 3655 872 ἐκ

2031 908 2266 978 πλαγίου
2303 910 2398 964 καὶ
2429 910 2456 962 6
2476 908 2707 980 ἕϐδομος
2733 914 3100 982 συγχωρεῖται
3127 911 3361 982 βαθμός.
3419 910 3564 965 Ἐπὶ
3597 911 3656 964 δὲ

2029 1001 2125 1054 τοῦ
2151 1001 2646 1071 προσαγγελθέντος
2681 1004 3040 1068 συνοικεσίου,
3093 1004 3250 1067 ἕκτος
3307 1004 3657 1076 εὑρίσκεται

2040 1089 2266 1161 βαθμός.
2314 1091 2376 1144 'H
2415 1091 2514 1161 μὲν
2555 1093 2663 1164 γὰρ
2688 1093 2847 1163 Καλὴ
2873 1090 3008 1166 πρὸς
3039 1093 3130 1146 τὸν
3160 1094 3452 1167 Γεὼργιον
3487 1093 3654 1161 πρῶο

2029 1199 2111 1237 τοι
2137 1184 2288 1248 ὄντες
2320 1183 2622 1255 ὲξάδελφοι,
2657 1184 2918 1255 τέταρτον
2949 1184 3130 1256 ἔχουσι
3159 1185 3297 1255 πρὸς
3346 1185 3650 1253 ἀλλήλους

2032 1273 2261 1345 βαθμόν.
2306 1270 2364 1328 Ὀ
2393 1275 2451 1329 δὲ
2491 1273 2713 1347 Μιχαὴλ
2743 1278 2878 1348 πρὸς
2907 1278 3007 1347 τὴν
3060 1278 3319 1349 Εἰρήνην,
3380 1277 3495 1331 δύο
3544 1278 3653 1330 ἀπο⁵

2031 1365 2147 1436 έχει
2191 1367 2464 1438 βαθμοὺς,
2511 1367 2607 1422 ἅτε
2663 1369 2890 1438 ἁδελφὸς
2915 1367 2992 1421 ὢν
3028 1369 3250 1440 ταύτης.
3280 1369 3398 1424 Καὶ
3465 1369 3657 1431 οὕτως

2029 1459 2122 1512 τοῦ
2153 1460 2314 1514 ἕκτου
2341 1459 2550 1530 βαθμοῦ
2572 1461 2964 1532 συναγομένου,
2991 1461 3261 1516 κωλύεται
3284 1462 3344 1516 τὸ
3362 1461 3647 1513 συνοικέ-

2031 1565 2145 1607 σιον
2171 1553 2270 1623 τῆς
2294 1552 2552 1625 Εἰρήνης.
2579 1556 2643 1610 ’Ὀ
2665 1553 2842 1626 δήκαὶ
2862 1553 3046 1620 αὐτὸς,
3075 1557 3103 1608 6
3125 1554 3492 1624 λογιώτατος,
3510 1555 3546 1626 ἢ
3572 1555 3652 1624 μὴ

2028 1646 2342 1716 γενόμενον,
2382 1644 2721 1718 κώλυσονοῆ
2781 1646 3096 1717 γενόμενον,
3151 1645 3444 1700 διάλυσον
3493 1645 3655 1713 cipi-

2032 1755 2180 1790 σκων
2244 1737 2405 1792 τοῦτο
2469 1737 2611 1792 κατά
2647 1737 2746 1809 τὴν
2795 1737 3204 1809 προσαγγελίαν
3248 1737 3344 1791 τοῦ
3371 1737 3648 1800 Λέοντος,

349 1828 494 1894 quod
520 1845 765 1886 vereare.
795 1831 928 1886 Nam
959 1833 1143 1903 plures
1176 1834 1349 1888 habeo
1390 1833 1484 1888 tibi
1522 1835 1926 1904 patrocinantes

2036 1829 2112 1900 τῷ
2139 1829 2286 1901 ἕκτῳ
2319 1829 2789 1901 περικλειόμενον,
2827 1830 2924 1883 καὶ
2974 1828 3142 1900 μηδὲν
3173 1827 3446 1899 φοϐηθῇς.
3492 1826 3646 1880 Πολ⁶

348 1919 404 1972 in
438 1919 539 1973 hoc
576 1919 738 1984 farto,
773 1930 881 1976 tam
913 1924 1053 1994 leges
1081 1925 1290 1989 civiles,
1342 1938 1506 1993 quam
1539 1938 1729 1980 sacros
1757 1940 1925 1980 eano-

349 2017 470 2075 Nes,
522 2011 812 2082 ipsumque
869 2017 1140 2070 novellum
1199 2026 1404 2070 tonmm
1474 2025 1734 2088 perpetuo
1783 2017 1926 2070 cele-

351 2097 567 2167 brandi,
609 2113 662 2158 et
706 2106 960 2176 religiose
1012 2098 1277 2172 defuncti,
1345 2109 1550 2164 domini
1606 2107 1794 2163 Sisinii
1831 2123 1924 2177 pa-

349 2193 625 2251 triarchte.

1016 2331 1228 2410 Figura.

451 2451 694 2510 Fratres.
1573 2455 1812 2513 Fratres.

557 2547 687 2615 Leo,
719 2548 1084 2620 Nicephorus.
1132 2562 1157 2591 α
1181 2550 1427 2614 Michael,
1476 2549 1702 2606 lllrena.

418 2731 600 2788 'Cale.
747 2733 776 2774 ι)
796 2733 1089 2805 Georgius.

348 2855 413 2924 ll.
449 2865 539 2922 Ea:
571 2867 814 2938 Epistula
845 2868 1146 2934 Michaelis,
1179 2872 1505 2927 sanctissimi
1531 2880 1581 2928 et
1609 2872 1923 2929 uniuersalis

963 2943 1304 3010 patriarchw.

419 3050 714 3121 Sacerdos,
749 3055 841 3126 qui
874 3056 1027 3111 novit
1049 3071 1272 3113 uxorem
1305 3070 1464 3114 suam
1507 3057 1780 3114 adulterio
1803 3059 1924 3129 polo

2029 1920 2154 1985 λοὺς
2179 1921 2288 1992 γὰρ
2315 1920 2423 1992 ἔχω
2443 1921 2564 1985 τοὺς
2599 1921 3020 1994 συναιρομένους
3067 1938 3151 1973 σοι
3179 1919 3275 1972 τοῦ
3313 1921 3493 1990 ἔργου
3536 1921 3642 1972 καὶ

2029 2013 2340 2078 πολιτικοὺς
2378 2012 2595 2083 νόμους,
2624 2012 2922 2083 καὶίεροὺς
2981 2013 3234 2078 κανόνας,
3301 2013 3394 2066 καὶ
3457 2011 3641 2066 αύτδν

2027 2105 2119 2159 τὸν
2155 2104 2350 2174 νεαρὸν
2377 2105 2544 2174 τόμον
2575 2103 2671 2158 τοῦ
2686 2105 3020 2175 ἀειμνήστου
3049 2103 3146 2158 καὶ
3169 2103 3332 2168 ὁσίως
3373 2104 3641 2157 ἀναπαυ-

2031 2198 2266 2266 σαμένου
2297 2197 2464 2270 κνροῦ
2507 2197 2744 2253 Σισινίου
2775 2198 2865 2251 τοῦ
2893 2199 3259 2270 πατριάρχου.

2699 2336 2930 2406 Σχῆμα.

2097 2455 2341 2526 Ἀδελφοὶ
3272 2447 3522 2519 ueneat

2026 2550 2199 2614 Λέων,
2309 2548 2645 2621 Νικηφόροε.
2903 2560 2928 2590 ι
2956 2545 3176 2619 Μιχαὴλ
3201 2545 3298 2600 καὶ
3330 2547 3355 2586 ι)
3384 2545 3626 2616 Εἰρήνη.

2097 2645 2136 2772 ³1
2153 2732 2328 2804 Καλη,
2555 2643 2897 2805 ΙἸΓεὼργιος.

2027 2870 2110 2923 B'.
2159 2869 2260 2935 Ἐξ
2298 2869 2655 2937 Ἐπιστολῆς
2689 2867 2952 2937 Μιχαὴλ,
2989 2868 3094 2940 τοῦ
3123 2867 3449 2940 ἁγιωτάτου
3503 2866 3606 2922 καί

2381 2940 2796 3008 οἱκουμενικοῦ
2839 2938 3230 3009 πατριάρχου.

2108 3049 2303 3122 Ἰερεὺς
2335 3052 2495 3118 γνοὺς
2535 3051 2634 3122 τὴν
2674 3051 2922 3104 σύνοικον
2967 3050 3366 3121 μοιχευθεῖσαν,
3417 3051 3618 3105 ἀπωσ-

350 3137 515 3200 Ιιιιιιιιι
545 3186 561 3211 ,
595 3147 786 3203 sicam
814 3149 1112 3218 expulerit,
1147 3165 1176 3203 a
1224 3164 1453 3205 munere
1488 3165 1592 3205 suo
1623 3165 1731 3204 non
1767 3166 1920 3206 arce-

2036 3144 2236 3213 άμενος
2292 3143 2411 3214 μὲν,
2451 3143 2751 3207 ἀκώλυτος·
2783 3143 3230 3215 παραδεξάμενος
3267 3143 3346 3206 δὲ,
3372 3143 3612 3214 ἀνίερος.

350 3244 442 3294 tur
473 3257 488 3295 :
521 3239 608 3296 sin
632 3241 922 3311 receperit,
955 3241 1324 3296 sacerdotium
1352 3242 1580 3296 amittit.
1623 3239 1779 3295 Datis
1831 3256 1923 3295 au-

349 3332 484 3398 tem,
513 3347 679 3403 quam
707 3349 806 3403 per
839 3333 1170 3390 adulterium
1204 3335 1426 3404 cOgnita
1451 3335 1755 3391 sacerdotis
1787 3349 1927 3390 uxor

349 3426 554 3481 tuarito
577 3427 783 3492 attulit,
819 3427 929 3482 duo
961 3428 1193 3483 trientes
1225 3442 1324 3498 pro
1349 3442 1480 3483 nato
1527 3430 1778 3497 utrisque
1811 3426 1925 3481 ﬁlio

344 3517 740 3577 retinebuntur
768 3537 782 3574 :
817 3520 1067 3591 reliquus
1095 3519 1198 3592 ipsi
1219 3521 1573 3586 concedetur,
1605 3519 1653 3574 ei
1681 3519 1928 3574 tribuen-

348 3609 456 3668 dus
486 3611 841 3676 monasterio,
869 3611 923 3667 in
956 3627 1069 3683 quo
1097 3611 1432 3668 tondebitur.

933 3737 1026 3802 lli.
1067 3739 1341 3815 Eiusdem.

423 3853 660 3924 Quidam
723 3845 985 3917 sacerdos
1038 3862 1304 3932 quosdam
1377 3869 1576 3933 praeter
1637 3868 1927 3932 parentum

350 3949 680 4005 sententiam
713 3949 765 4004 in
805 3951 1217 4007 matrimonium
1245 3961 1508 4014 coeuntes
1543 3953 1801 4023 precibus
1842 3966 1928 4009 sa-

351 4041 464 4095 cris
491 4039 754 4097 initiavit.
800 4041 933 4098 inde
964 4043 1200 4100 divulsis
1231 4060 1260 4098 a
1302 4060 1361 4101 se
1399 4045 1658 4111 invicem,
1719 4053 1776 4100 et
1823 4045 1930 4100 alia

352 4134 610 4207 conjugis
644 4135 1124 4204 contrahentibus,
1162 4138 1426 4195 sacerdos
1455 4139 1598 4194 alius
1635 4138 1773 4194 bene
1800 4153 1930 4209 pre-

351 4234 514 4283 Catus
559 4234 665 4283 est.
720 4225 1006 4299 Siquidem
1034 4230 1330 4301 ignoravit,
1367 4239 1626 4300 parentes
1660 4243 1766 4283 non
1800 4242 1932 4284 con-

353 4319 600 4386 sentire;
635 4327 848 4376 certum
897 4321 1175 4391 quoddam
1205 4318 1276 4375 ad
1302 4329 1519 4390 tempus
1547 4336 1578 4374 a
1617 4321 1932 4376 ministerio

353 4427 518 4468 sacro
538 4413 816 4469 abstinere
845 4412 1145 4482 iubebitur,
1163 4419 1217 4466 et
1247 4411 1468 4481 iejuniis
1496 4425 1560 4466 ac
1587 4411 1932 4466 orationibus

2027 3237 2138 3307 Τῆς
2160 3237 2215 3290 δὲ
2241 3235 2460 3306 προικὸς
2482 3235 2580 3305 τῆς
2603 3234 2979 3305 μοιχευθείσης
3002 3233 3094 3286 τοῦ
3117 3233 3307 3305 ίερέως
3329 3232 3613 3302 γυναικὸς,

2026 3329 2086 3382 τὸ
2109 3327 2208 3398 μὲν
2227 3327 2468 3399 δίμοιρον
2499 3329 2639 3396 ὑπὲρ
2669 3327 2760 3379 τοῦ
2781 3327 3068 3397 τεχθεντος
3094 3326 3276 3388 αὐτοῖς
3296 3327 3584 3396 ἀποκρατη
3601 3351 3619 3360 -

2031 3419 2257 3491 Θήσεται
2290 3419 2479 3482 παιδός
2500 3435 2515 3448 ·
2547 3418 2607 3470 τὸ
2645 3418 2702 3470 δὲ
2736 3416 2921 3488 τρίτον
2943 3414 3424 3487 παρασχεθήσεται
3451 3416 3610 3483 αὐτῇ,

2026 3511 2387 3583 δοθησόμενον
2456 3511 2538 3574 είς
2588 3510 2951 3581 μοναστήριον
2983 3509 3041 3563 ἐν
3081 3500 3124 3576 ᾧ
3177 3508 3612 3577 ἀποκαρὴσεται.

2593 3717 2666 3780 Γ’.
2697 3723 2807 3780 Τοῦ
2827 3718 3039 3778 αὑτοῦ.

2112 3837 2313 3914 Ἱερεύς
2331 3841 2486 3904 τινὰς
2507 3839 2655 3911 παρὰ
2682 3836 2909 3909 γνώμην
2934 3837 3042 3891 τῶν
3088 3834 3293 3906 γονέων
3349 3847 3610 3888 συναπτο-

2035 3936 2228 4008 μένους
2271 3934 2599 4008 ηὐλόγησεν.
2638 3929 2774 3986 Εἶτα
2804 3929 3127 3992 διαστάντας
3159 3925 3256 3982 ἀπ’
3289 3925 3492 3992 αὐτῶν,
3517 3927 3612 3980 καὶ

2034 4025 2475 4096 συναπτομένους
2523 4022 2730 4094 ἑτέροις
2766 4021 2906 4075 κατὰ
2923 4019 3150 4090 γνώμην
3189 4018 3298 4072 τῶν
3327 4019 3610 4081 τεκόντων,

2031 4116 2327 4188 εὐλόγησεν
2379 4115 2566 4186 ἕτερος
2613 4114 2810 4186 ἱερεύς.
2860 4113 2922 4166 El
2976 4113 3073 4184 μὲν
3121 4112 3358 4184 ἠγνόησε
3411 4111 3474 4164 τὸ
3509 4109 3614 4194 τῶν

2031 4212 2300 4266 τεκόντων
2350 4209 2670 4279 ἀϐούλητον,
2724 4209 2814 4261 ἐπὶ
2849 4207 3040 4280 χρόνον
3059 4207 3181 4260 τινὰ
3223 4207 3390 4276 ῥητὸν
3413 4204 3510 4273 τῆς
3542 4205 3614 4255 ἱε-

2036 4302 2299 4376 ρουργίας
2346 4301 2791 4374 ἐπισχεθήσεται,
2838 4297 2934 4355 καὶ
2963 4298 3062 4372 τὴν
3101 4301 3158 4352 ὲν
3197 4296 3477 4370 νηστείαις
3526 4292 3616 4349 καὶ

2033 4396 2366 4467 προσευχαῖς
2415 4392 2792 4464 ταλαιπωρίαν
2815 4393 3208 4463 ὖποστήσεται.
3241 4389 3304 4443 '0
3334 4390 3528 4459 χρόνος
3553 4404 3614 4455 γε

334 4511 531 4565 .semet
553 4505 771 4577 aﬂliget.
803 4478 984 4576 Ipsius
1005 4517 1183 4574 poenae
1205 4478 1422 4574 tempus
1457 4503 1524 4558 ad
1563 4502 1682 4558 dies
1708 4516 1796 4566 χι,
1843 4503 1928 4558 vel

2041 4489 2148 4560 μὴν
2165 4488 2262 4560 τῆς
2290 4487 2593 4558 ἐπιτιμίας,
2623 4483 2674 4554 μ’
2714 4485 2918 4556 ἡμέραι
2973 4483 3007 4556 ἢ
3043 4483 3124 4544 δὶς
3157 4480 3438 4535 τοσαῦται,
3475 4479 3535 4531 Εἰ
3561 4478 3614 4532 δὲ

356 4599 497 4654 alios
528 4599 756 4654 totidem
795 4613 918 4654 sese
949 4598 1212 4669 porriget.
1249 4595 1344 4650 Sin
1389 4605 1568 4662 norat,
1621 4596 1931 4652 sacerdotio

353 4688 593 4746 excidet.
618 4690 775 4758 Quod
801 4689 846 4747 si
879 4691 1236 4760 provectioris
1265 4698 1424 4744 erant
1455 4688 1632 4743 aetatis
1662 4687 1843 4754 liberi,
1878 4695 1934 4743 et

354 4780 483 4852 quia
513 4781 828 4838 dilationem
853 4792 1108 4854 parentes
1154 4784 1595 4853 interponebant,
1627 4780 1833 4838 idcirco
1853 4781 1934 4837 eis

355 4871 548 4927 invitis
603 4873 929 4929 contrahere
999 4873 1412 4930 matrimonium
1473 4874 1648 4929 coacti
1712 4873 1866 4927 fuere
1915 4889 1930 4927 :

356 4962 803 5034 quandoquidem
836 4963 890 5020 id
925 4964 1070 5036 leges
1119 4967 1283 5022 etiam
1336 4965 1591 5036 probant,
1642 4972 1696 5020 et
1726 4965 1792 5031 is,
1838 4964 1932 5034 qui

359 5069 554 5124 preces
581 5070 768 5111 sacras
806 5058 1080 5127 concepit,
1131 5059 1290 5129 culpa
1335 5065 1511 5123 caret,
1558 5067 1614 5112 et
1657 5057 1934 5113 secundus

361 5160 602 5216 quoque,
636 5147 728 5200 cui
776 5145 844 5201 de
876 5147 1062 5218 priore
1090 5150 1443 5205 matrimonio
1477 5164 1587 5204 non
1624 5149 1933 5216 constabat,

357 5246 675 5292 excusatur.
709 5235 804 5292 Sin
833 5237 1140 5308 constabat,
1180 5241 1361 5311 ptenis
1403 5241 1716 5298 mitioribus
1757 5241 1934 5312 subji-

359 5329 557 5394 cietur,
581 5329 727 5400 quod
747 5329 1016 5387 obnoxios
1033 5332 1246 5388 crimini
1269 5335 1642 5400 scortationis,
1671 5343 1932 5404 tanquam

359 5433 552 5490 puros,
584 5423 889 5479 coronarit.
935 5421 1094 5490 Quod
1125 5424 1173 5478 si
1202 5423 1270 5481 de
1314 5435 1601 5495 parentum
1659 5423 1933 5480 sententia

360 5509 554 5578 primae
584 5520 882 5569 contracta!
907 5519 1040 5569 sunt
1088 5513 1313 5583 nuptiae,
1349 5512 1547 5569 deinde
1575 5528 1679 5568 nec
1709 5513 1934 5583 opinato

353 5597 653 5657 divortium
673 5604 981 5661 intercessit
1012 5621 1026 5659 :
1061 5602 1320 5660 sacerdos
1343 5604 1556 5674 primus
1571 5605 1729 5673 culpa
1760 5610 1931 5669 caret,

355 5689 502 5746 alter
529 5695 894 5753 sacerdotium
917 5694 1122 5751 amittit
1159 5711 1173 5748 :
1207 5694 1325 5751 sive
1350 5702 1607 5766 parentes
1631 5693 1928 5759 adluerint,

356 5780 480 5836 sive
517 5797 648 5838 non.

2039 4579 2178 4654 ᾔδει,
2237 4583 2334 4652 τῆς
2387 4579 2687 4653 ἱερωσύνης
2731 4577 3064 4630 ἐκπεσεῖται.
3099 4573 3162 4627 El
3197 4573 3252 4626 δὲ
3287 4571 3617 4644 προσωτέρω

2038 4682 2140 4751 τῆς
2161 4675 2375 4753 ἡλικίας
2400 4676 2626 4750 ἦλασαν,
2659 4675 2767 4729 τῶν
2805 4673 3007 4742 γονέων
3036 4672 3135 4724 ύπε
3147 4669 3292 4740 ρτιθε
3302 4669 3502 4739 μένων,
3527 4669 3618 4720 καὶ

2039 4773 2191 4846 παρὰ
2253 4767 2414 4826 τοῦτο
2484 4767 2912 4840 ἡναγκάσθησαν
2968 4764 3305 4832 συναφθῆναι
3351 4762 3614 4822 ἀκόντων,

2040 4866 2165 4919 insi.
2218 4863 2280 4917 τὸ
2307 4861 2551 4916 τοιοῦτον
2580 4859 2674 4914 καὶ
2709 4861 2823 4922 τοῖς
2872 4858 3057 4927 νόμοις
3090 4855 3257 4920 δοκεῖ,
3291 4853 3388 4908 καὶ
3416 4855 3442 4905 ὁ
3468 4853 3618 4906 εύλοο

2039 4959 2216 5026 γήσας
2233 4953 2492 5016 ἀναίτιος,
2526 4953 2620 5004 καὶ
2665 4953 2693 5004 6
2713 4949 2966 5019 δεύτερος
2990 4944 3047 4998 δὲ
3070 4946 3280 5014 ἀγνοῶν
3307 4946 3369 4997 τὸ
3406 4944 3619 5014 πρῶτον

2043 5047 2394 5111 συνοικέσιον,
2429 5044 2761 5107 ἀναιτίατος.
2815 5039 2985 5104 Εἰδὼς
3026 5039 3102 5103 δὲ,
3165 5038 3464 5109 ἐπιτιμίοις
3517 5055 3620 5107 με-

2039 5139 2362 5212 τριωτέροις
2397 5135 2855 5207 ὑποδληύήσεται,
2883 5134 2964 5187 ὅτι
2988 5133 3110 5194 τοὺς
3143 5133 3402 5203 πορνείας
3419 5131 3619 5201 ante.

2045 5249 2175 5302 ματι
2199 5230 2450 5295 ἁλόντας,
2470 5228 2547 5291 ὡς
2576 5227 2876 5298 καθαροὺς,
2912 5223 3307 5292 ἐστεφάνωσεν.
3346 5221 3409 5274 Εἰ
3437 5221 3616 5292 μέντοι

2039 5321 2235 5393 γνώμῃ
2257 5321 2367 5375 τῶν
2406 5319 2609 5388 γονέων
2643 5319 2672 5371 6
2719 5317 2938 5388 πρῶτος
3000 5319 3228 5382 συνέστη
3278 5313 3476 5383 γάμος,
3502 5307 3616 5363 εἶτα

2040 5414 2368 5485 παραλόγως
2389 5413 2674 5480 διέστησαν
2695 5425 2710 5441 '
2743 5409 2772 5460 6
2801 5407 2900 5479 μὲν
2930 5407 3146 5480 πρῶτος
3179 5404 3376 5477 ἱερεὺς,
3411 5403 3611 5466 ἀΘῶος·

2039 5509 2067 5560 ὁ
2097 5505 2347 5575 δεύτερος
2369 5504 2446 5568 δὲ,
2471 5503 2567 5572 τῆς
2599 5499 2900 5573 ἱερωσύνης
2939 5498 3252 5570 ἀλλότριος
3286 5496 3397 5551 εῑτε
3467 5509 3611 5567 παρ-

2041 5600 2178 5670 ῆσαν
2205 5601 2253 5652 οἱ
2282 5598 2477 5665 γονεῖς,
2517 5595 2626 5648 εἴτε
2677 5593 2748 5664 μή
