3950 6568
253 408 379 475 853

1537 407 1804 469 GRECO
1842 404 2246 468 ROMANUM.

3425 394 3531 461 854

251 526 338 579 A'.
355 522 452 589 Ἐε
484 520 849 592 Ἐπιστολῆς
866 521 972 578 τοῦ
988 520 1557 593 αὐτοῦπατριάρχου
1574 521 1834 593 Μιχαὴλ.

2016 498 2125 575 Ν(
2148 519 2231 574 Ετι·
2257 516 2507 589 Epistola
2530 507 2762 587 ejusdem
2795 507 3119 584 paﬁ‘iarchw
3153 511 3453 569 Michaelis.

339 617 464 670 Ἐπὶ
492 615 603 670 τῶν
628 616 694 670 ἐκ
726 616 821 670 τοῦ
846 616 1016 671 αὑτοῦ
1058 617 1269 686 γένους,
1291 619 1387 671 καὶ
1414 618 1443 671 ό
1490 617 1586 672 τοῦ
1614 617 1844 688 ἑϐδόμου

249 705 476 779 βαθμοῦ
506 707 775 763 κωλύεται
805 709 999 779 γάμος.
1037 710 1113 763 Οὐ
1166 708 1275 781 γὰρ
1309 709 1537 764 δύναται
1563 711 1592 763 ὁ
1668 708 1846 773 δισεξ-

244 799 487 870 ἀδελφος
536 801 634 873 τὴν
665 800 761 855 τοῦ
817 800 1198 872 δισεξαδέλφου
1257 802 1537 875 θυγατέρα
1622 805 1841 875 γαμεῖν,

255 894 377 947 κᾶν
400 895 431 947 δ
463 892 577 948 τῶν
622 893 1057 966 τρισεξαδέλφων
1089 895 1269 967 γάμος
1303 897 1405 950 οὐκ
1445 895 1844 967 ἀπηγόρευται.

243 982 405 1053 Πρὸς
435 983 494 1038 δὲ
520 983 643 1048 τοὺς
671 986 740 1039 ὲκ
777 984 1009 1053 πλαγίου
1041 986 1101 1053 ἐξ
1131 987 1471 1057 ἀγχιστείας,
1498 988 1596 1042 καὶ
1627 990 1656 1043 ό
1692 986 1846 1042 E650-

248 1092 363 1145 μος
396 1079 767 1150 συγχωρεῖται
804 1078 1037 1150 βαθμός.
1091 1080 1306 1152 Πρῶτοι
1338 1080 1435 1135 οὖν
1476 1081 1762 1152 ἑξάδελφοι
1796 1082 1844 1135 st

244 1166 616 1240 συνήφθησαν
663 1169 921 1240 ἀδελφαῖς
951 1169 1013 1237 ἐξ
1041 1172 1232 1243 ἑτέρου
1292 1172 1509 1245 γένους,
1549 1175 1578 1227 ό
1616 1172 1843 1244 ὕστερος

240 1258 434 1330 γάμος
467 1260 744 1332 ἀθέμιτος.
776 1264 893 1316 Καὶ
912 1265 1207 1335 γενόμενος
1244 1265 1368 1336 μὲν,
1407 1265 1839 1338 διασπασθήτω·

242 1352 331 1422 μὴ
383 1354 682 1424 γενόμενος
736 1355 815 1420 δὲ,
856 1355 1179 1428 κωλυθήτω.
1242 1357 1520 1427 Τετάρτου
1579 1359 1680 1428 μὲν
1733 1358 1843 1429 γὰρ

240 1442 468 1513 βαθμοῦ
495 1447 545 1500 οἱ
571 1446 874 1516 ὲξάδελφοι,
911 1447 1167 1517 δευτέρου
1219 1447 1278 1503 δὲ
1310 1450 1362 1502 οί
1422 1449 1669 1519 ἀδελφοί.
1730 1450 1842 1505 Καὶ

238 1537 602 1608 εὑρίσκονται
641 1539 803 1595 ἕκτου
860 1540 1092 1614 βαθμοῦ,
1146 1541 1287 1614 ὅπερ
1337 1542 1433 1596 καὶ
1481 1544 1512 1597 ό
1566 1542 1844 1609 πολιτικὸς

237 1628 513 1701 ἀπείργει
547 1630 734 1702 νόμος.

462 1855 1007 1915 ΚΩΝΣΤΑΝΤῘΝΟΥ
1041 1861 1183 1917 ἝΟΥ
1208 1860 1622 1941 ΛΕΙΧΟΨΥΔΟΥ.

232 1966 318 2025 A'.
363 1969 675 2039 Σημείωμα
707 1972 1060 2029 συνοδικόνο
1097 1976 1234 2057 περὶ
1267 1977 1496 2033 διύλου
1531 1978 1837 2049 ἐγκλημα-

962 2061 1151 2101 τικου.

309 2131 733 2199 κωνσταντῖνσς
758 2133 897 2207 ἐλέῳ
921 2135 1056 2190 Θεοῦ
1084 2137 1516 2212 ἀρχιεπίσκοπος
1541 2141 1837 2194 Κωνσταν-

234 2223 631 2291 τινουπόλεως,
667 2228 794 2292 νέας
836 2227 1076 2302 Ῥώμης,
1107 2233 1203 2285 καὶ
1229 2233 1613 2305 οίκουμενικὺς
1642 2250 1838 2305 πατρι-

234 2316 453 2389 ﬁexa:-

312 2410 476 2466 Μετὰ
504 2412 612 2466 τῶν
635 2412 811 2469 ἄλλων
837 2414 1094 2470 ἁπάντων
1114 2414 1223 2471 τῶν
1252 2416 1350 2487 τῆς
1369 2415 1463 2471 τοῦ
1494 2415 1630 2471 Θεοῦ
1663 2418 1837 2490 μεγάυ

234 2500 348 2573 λης
385 2503 714 2576 Ἐκκλησίας
743 2506 969 2561 δικαίων
1009 2525 1067 2561 τε
1108 2506 1203 2561 καὶ
1231 2506 1432 2575 καλῶν,
1466 2509 1672 2563 οὐδὲτά
1707 2508 1836 2582 περὶ

236 2594 360 2649 τῶν
413 2593 618 2650 δούλων
668 2596 1036 2671 εὐδοκοῦμενά
1083 2616 1143 2653 τε
1191 2598 1287 2654 καὶ
1343 2599 1709 2672 διοριζόμενα,
1739 2601 1836 2656 τοῦ

236 2686 457 2743 δικαίου
485 2690 580 2743 καὶ
610 2691 914 2764 πρέποντος
941 2691 1353 2763 ὴλλοτρίωνται.
1402 2695 1559 2748 Ὅσοι
1594 2694 1702 2766 γὰρ
1736 2695 1832 2750 καὶ

236 2780 454 2836 τούτων
474 2782 637 2852 φόνου
670 2785 819 2854 μίσει
836 2784 883 2817 ⁸⁸
899 2786 1196 2856 χρανθῶσι,
1226 2785 1450 2840 καὶτῶν
1480 2784 1641 2840 θείων
1662 2787 1835 2859 αὐτῆς

239 2874 554 2945 περιϐόλων
609 2876 760 2941 ἐντὸς
814 2877 1118 2948 γένωνται,
1172 2879 1454 2951 προσίεται
1508 2879 1833 2949 συμπαθῶς.

314 2966 427 3020 Καὶ
458 2967 692 3023 θανάτου
722 2968 822 3041 μὲν
847 2970 1046 3042 ἐπίσης
1075 2971 1189 3034 τοῖς
1218 2968 1397 3034 ἄλλοις
1422 2969 1613 3041 ῥύεται
1640 2989 1839 3045 μητρι-

234 3058 380 3123 κῶς,
432 3059 647 3133 δουλείᾳ
675 3061 733 3115 δὲ
799 3062 1060 3133 διηνεκεῖ,
1123 3063 1704 3135 συμπαρεκτεινομένη
1767 3066 1834 3136 τῇ

235 3150 471 3205 ἐκείνων
491 3151 780 3225 {omnem
802 3153 900 3226 τὴν
916 3155 1157 3227 ἀρχῆθεν
1171 3154 1672 3227 ὲμπολιτευομένην
1696 3155 1833 3227 αὐτῇ

2022 616 2082 670 In
2116 614 2206 681 iis,
2246 613 2341 683 qui
2377 610 2572 668 eodem
2597 609 2703 666 orti
2738 616 2868 665 sunt
2896 623 3121 681 genere,
3149 607 3366 678 Septimi
3394 622 3517 678 quo

1947 722 2057 778 que
2091 705 2294 775 gradus
2339 704 2542 773 nuptiae
2578 700 2968 772 prohibentur.
3017 699 3216 771 Neqttit
3264 699 3409 753 enim
3440 710 3530 753 so-

1947 797 2091 854 brini
2125 797 2288 852 tiliam
2332 810 2558 851 uxorem
2607 792 2837 858 ducere,
2864 793 2991 849 licet
3032 798 3426 864 prognatorum
3463 805 3527 843 ex

1947 890 2192 945 sobrinis
2217 887 2637 943 matrimonium
2671 885 2899 942 minime
2925 886 2997 941 sit
3038 884 3292 941 vetitum.
3336 882 3405 936 At
3435 883 3526 942 iis.

1945 981 2040 1054 qui
2073 996 2139 1038 ex
2167 989 2486 1038 transverso
2515 987 2647 1036 sunt
2673 976 2884 1044 afﬁnes,
2929 977 3094 1034 etiam
3126 975 3333 1049 gradus
3358 974 3529 1043 Septi«

1947 1090 2071 1130 mus
2096 1073 2460 1146 permittitur.
2491 1073 2681 1144 Itaque
2701 1073 2746 1129 si
2778 1071 3100 1128 consobrini
3133 1069 3376 1140 copulati
3410 1069 3526 1123 fue-

1945 1165 2058 1221 rint
2086 1180 2210 1220 cum
2244 1164 2532 1221 sororibus
2556 1164 2694 1219 ortis
2722 1164 2832 1219 alio
2847 1174 3068 1234 genere,
3110 1158 3524 1215 matrimonium

1947 1261 2225 1332 posterius
2285 1267 2373 1315 est
2417 1259 2694 1325 illicitum,
2744 1273 2809 1313 ac
2852 1256 3124 1328 siquidem
3177 1263 3525 1310 contractum

1945 1352 2040 1415 sit,
2073 1348 2369 1404 divellatur
2405 1365 2419 1401 :
2460 1344 2695 1402 necdum
2728 1360 2857 1401 vero
2920 1352 3292 1410 contractum,
3337 1344 3527 1416 prohi—

1945 1443 2160 1497 beatur.
2186 1439 2320 1494 Nam
2356 1437 2529 1509 gradu
2554 1444 2749 1509 quarto
2798 1436 2979 1507 juncti
3014 1435 3118 1493 sibi
3153 1444 3283 1493 sunt
3325 1452 3525 1493 conso-

1944 1533 2112 1597 brini,
2143 1531 2388 1588 secundo
2438 1530 2660 1587 fratres.
2710 1529 2973 1600 Adeoque
3033 1539 3188 1586 sexto
3228 1528 3523 1585 constituti

1942 1626 2117 1698 gradu
2152 1624 2656 1696 deprehenduntur,
2699 1621 2844 1692 quod
2877 1621 3094 1694 quidem
3131 1622 3280 1677 civili
3308 1635 3526 1693 quoque

1940 1719 2067 1789 jure
2092 1724 2335 1775 vetatur.

2212 1852 2676 1913 CONSTANTINI
2736 1848 3061 1911 LICHUDIS
3116 1849 3253 1923 (22).

1942 1968 1982 2024 Ι.
2015 1966 2284 2038 Scriptum
2313 1968 2367 2022 in
2391 1965 2595 2038 synodo
2654 1966 3026 2087 subpatatum;
3067 1962 3133 2018 de
3157 1977 3305 2017 servo
3344 1962 3524 2015 crimi-

2667 2052 2736 2087 na
2761 2053 2801 2087 1.

2667 2052 2801 2091 mm.

2008 2110 2405 2187 Constantinus
2424 2129 2777 2185 miseratione
2793 2127 2901 2184 Deo
2918 2126 3372 2196 archiepiscopus
3389 2121 3528 2179 Con-

1938 2224 2352 2295 stantinopolis,
2377 2238 2533 2279 nova:
2568 2220 2780 2287 Romae,
2836 2229 2893 2276 et
2930 2217 3264 2276 universalis
3291 2217 3526 2288 patriar-

1938 2317 2064 2373 Cha.

2008 2410 2160 2466 Inter
2188 2408 2375 2464 omnia
2415 2407 2522 2462 alia
2580 2404 2807 2479 majoris
2855 2402 3118 2461 Ecclesiae
3163 2402 3261 2459 Dei
3296 2402 3423 2473 jura
3468 2409 3523 2457 et

1939 2504 2106 2572 bona,
2138 2519 2239 2559 nec
2262 2517 2326 2559 ea
2349 2517 2471 2572 quas
2518 2502 2585 2557 de
2642 2499 2819 2557 servis
2885 2506 3132 2556 statuere
3179 2496 3407 2568 placuit,
3455 2494 3524 2547 ab

1936 2598 2196 2671 aequitate
2223 2612 2287 2653 ac
2310 2596 2515 2652 decoro
2551 2603 2682 2653 sunt
2706 2594 2906 2651 aliena.
2935 2592 3072 2647 Nam
3123 2596 3398 2662 quotquot
3423 2590 3525 2643 ho-

1936 2705 2060 2745 rum
2090 2703 2312 2761 quoque
2346 2686 2515 2742 caedis
2554 2684 2778 2758 piacqu
2817 2682 3011 2756 polluti
3037 2682 3269 2746 fuerint,
3294 2690 3349 2737 et
3377 2681 3525 2738 intra

1938 2797 2098 2839 sacra
2123 2781 2245 2853 ejus
2278 2787 2429 2851 septa
2459 2778 2840 2851 pervenerint,
2885 2775 3134 2834 adhibita
3165 2772 3525 2830 commisera-

1938 2875 2090 2930 tione
2122 2871 2488 2943 recipiuntur.

2007 2966 2074 3021 Et
2116 2980 2144 3019 a
2178 2973 2357 3019 morte
2381 2961 2602 3033 quidem
2635 2960 2785 3033 ipsos
2809 2960 3075 3027 Ecclesia,
3125 2966 3373 3014 materna
3408 2956 3526 3027 pie-

1937 3064 2072 3123 tate,
2100 3056 2244 3112 sicut
2274 3063 2330 3110 et
2359 3054 2520 3123 alios,
2548 3052 2751 3109 liberat
2784 3068 2800 3107 :
2834 3068 3023 3109 verum
3050 3052 3277 3107 eosdem
3308 3050 3376 3106 ad
3405 3066 3523 3106 ser-

1936 3149 2165 3206 vitutem
2204 3154 2559 3220 perpetuam,
2606 3159 2727 3217 qua
2769 3159 2895 3201 cum
2936 3159 3127 3201 eorum
3169 3150 3285 3199 tota
3319 3158 3380 3200 se
3410 3143 3521 3197 vita

239 3242 559 3315 συνήθειαν,
601 3245 921 3317 κατακρίνει
976 3246 1326 3320 θεοπρεπῶς,
1387 3245 1557 3312 θείοις
1614 3264 1834 3319 φροντι-

1944 3240 2189 3314 porrigit,
2222 3254 2322 3313 pro
2350 3253 2451 3295 sua
2487 3236 2888 3298 consuetudine
2920 3235 3170 3308 antiqua,
3197 3249 3297 3290 ceu
3332 3234 3523 3289 divino

236 3337 492 3408 στηρίοις
514 3337 608 3393 καὶ
636 3337 892 3408 εὐαγέσιν
917 3337 1088 3403 οἴκοις
1112 3338 1528 3410 ἀπεμπολοῦσα,
1551 3340 1627 3405 ὡς
1647 3340 1714 3395 ἂν
1736 3340 1831 3396 καὶ

234 3425 337 3481 τὸν
365 3426 435 3481 δι’
468 3426 684 3492 ἐλπίδος
727 3429 1023 3484 ἀδέσποτον
1081 3427 1197 3499 βίον
1239 3430 1342 3500 τῆς
1384 3428 1622 3495 διανοίας
1665 3430 1831 3485 ἐκϐά-

235 3519 409 3589 λοιεν,
458 3521 553 3575 καὶ
606 3520 700 3575 τὸν
746 3521 849 3592 τῆς
905 3521 1137 3586 ἀτοπίας
1181 3522 1404 3596 ἔλεγχον
1427 3523 1830 3595 ἐγκαλούμενον

236 3609 419 3687 ἔχοιεν
445 3611 525 3684 τῷ
562 3612 664 3683 τῆς
699 3613 947 3678 δουλείας
982 3613 1231 3684 ὀνόματι,
1272 3614 1368 3668 καὶ
1410 3615 1499 3669 διὰ
1540 3616 1831 3687 μετανοίας

236 3705 305 3759 τὸ
332 3703 427 3759 τοῦ
459 3704 622 3775 φόνου
658 3706 862 3761 ἄτοπον
894 3707 1342 3779 ἀποκαθαίροιεν.
1381 3708 1493 3762 Καὶ
1521 3709 1700 3764 τοίνυν
1728 3712 1834 3786 Δητ-

241 3798 484 3870 μήτριον
544 3798 640 3853 τὸν
673 3800 898 3874 οἰκέτην
926 3799 1252 3866 τοῦ,δεῖνος,
1308 3799 1581 3871 μιάσματι
1625 3801 1834 3874 φονικῷ

234 3890 568 3962 χρανθέντα,
611 3892 708 3947 καὶ
746 3891 1215 3964 ἐξαγορεύσαντα,
1260 3893 1403 3947 κατὰ
1454 3892 1516 3946 τὸ
1563 3892 1833 3948 ἀνέκαθεν

235 3981 385 4048 ἔθος,
429 3982 643 4050 ἐξέδοτο
678 3984 753 4049 ὠς
786 3985 1149 4058 ἡμαρτηκότα
1170 3983 1365 4040 τοῦτον
1401 3985 1564 4056 φόνου
1599 3985 1770 4056 μῦσος
1798 3986 1833 4057 ἠ

239 4071 339 4126 τοῦ
380 4072 517 4127 Θεοῦ
557 4073 767 4146 μεγάλη
804 4075 1104 4145 Ἐκκλησία
1135 4074 1224 4131 διὰ
1260 4074 1370 4130 τῶν
1396 4073 1834 4135 θεοσεὸεστάτων

234 4162 493 4226 ὲκδίκων,
528 4165 828 4237 Δημητρίῳ
844 4165 1127 4235 ὲπισκόπῳ
1158 4166 1427 4239 Πριηῖνης
1458 4167 1525 4233 ⁸⁸,
1556 4167 1650 4221 ἐπὶ
1691 4185 1836 4239 παρ-

235 4257 339 4327 οχῇ
393 4255 749 4327 νομισμάτων
814 4257 932 4312 κδ”
990 4258 1134 4313 ὥστε
1178 4258 1361 4313 πᾶσαν
1422 4257 1591 4313 αὐτοῦ
1639 4259 1835 4314 δεσπο-

239 4347 396 4402 τείαν
430 4347 575 4419 ἔχειν
612 4352 707 4403 καὶ
741 4350 1064 4423 κυριότητα,
1100 4351 1193 4406 καὶ
1232 4351 1441 4423 μηδένα
1484 4349 1598 4406 τῶν
1652 4351 1828 4408 ἀπάν-

232 4455 346 4492 των
366 4437 557 4512 έτερον
580 4440 865 4497 αὐθεντεῖν
891 4441 1082 4498 αὑτοῦ.
1108 4441 1463 4512 Παραινοῦσα
1493 4442 1581 4498 διὰ
1600 4443 1835 4517 ταυτησὶ

1931 3331 2172 3405 quodam
2216 3332 2422 3403 rigore,
2478 3328 2722 3393 damnat,
2774 3324 2950 3382 sacris
2972 3325 3123 3396 ipsos
3167 3322 3522 3379 monasteriis

1933 3439 1997 3480 ac
2036 3422 2295 3480 domibus
2328 3420 2606 3493 religiosis
2636 3416 2923 3485 vendens;
2956 3424 3014 3470 ut
3050 3414 3214 3471 etiam
3253 3428 3351 3484 spe
3385 3428 3522 3467 con-

1933 3524 2149 3588 ceptam
2178 3515 2346 3571 vitam
2388 3513 2456 3568 ab
2480 3511 2640 3568 herili
2669 3510 2898 3567 liberam
2926 3507 3158 3580 imperio
3189 3508 3306 3564 suis
3334 3505 3525 3563 exclu-

1934 3609 2069 3666 dant
2099 3608 2318 3678 animis,
2351 3614 2406 3663 et
2436 3605 2556 3678 ipso
2586 3604 2811 3660 nomine
2842 3601 3131 3660 servitutis
3165 3606 3521 3655 accusantem

1936 3703 2153 3759 facinus
2204 3700 2493 3758 stimulum
2547 3697 2820 3763 habeant,
2880 3709 3084 3766 perque
3139 3690 3520 3764 paenitentiam

1934 3793 2101 3850 caedis
2147 3790 2543 3864 turpitudinem
2582 3796 2908 3860 expurgem.
2939 3787 3132 3856 Itaque
3182 3784 3521 3841 Demetrium

1937 3884 2068 3940 Titii
2097 3883 2341 3948 s'ervum,
2376 3880 2540 3935 caedis
2572 3868 2993 3951 inquinamento
3028 3876 3323 3948 pollutum,
3356 3872 3522 3944 idque

1936 3975 2288 4038 confessum,
2324 3973 2491 4030 veluti
2536 3972 2629 4042 qui
2681 3970 2960 4041 piaculum
3004 3968 3168 4025 ca‘dis
3211 3966 3519 4033 admiserit,

1934 4084 2001 4125 ex
2037 4080 2191 4121 more
2224 4065 2409 4137 prisco
2453 4061 2569 4118 haec
2608 4076 2805 4132 magna
2843 4059 2938 4115 Dei
2974 4058 3219 4115 Ecclesia
3257 4072 3355 4129 per
3389 4056 3520 4113 reli-

1935 4157 2280 4231 giosissimos
2341 4154 2682 4219 defensores,
2755 4152 3032 4209 Demetrio
3067 4150 3354 4207 Prienensi
3395 4149 3511 4221 epi-

1938 4266 2128 4323 scopo,
2157 4266 2286 4306 xxrv
2322 4263 2613 4304 aureorum
2653 4245 2831 4319 pretio
2867 4244 3172 4318 persoluto,
3214 4244 3295 4301 sic
3324 4243 3518 4300 vendi-

1938 4344 2040 4411 dit,
2092 4349 2153 4398 ut
2207 4342 2257 4398 is
2301 4355 2466 4395 omne
2518 4339 2824 4395 dominium
2870 4346 2924 4395 et
2969 4335 3363 4410 proprietatem
3397 4335 3518 4405 ejus

1939 4439 2160 4502 habeat,
2211 4449 2315 4492 nec
2354 4432 2496 4489 alius
2525 4433 2816 4505 quisquam
2863 4433 3179 4489 mortalium
3215 4430 3321 4487 sibi
3360 4429 3523 4501 quid-

233 4531 337 4603 τῆς
362 4531 836 4604 ὑπαγορευθείσης
882 4532 1104 4604 γραφῆς
1148 4533 1244 4587 καὶ
1272 4535 1388 4598 τοῖς
1420 4533 1566 4589 κατά
1606 4536 1832 4606 καιροὺς

1944 4544 2102 4602 quam
2147 4526 2289 4601 juris
2335 4527 2392 4581 in
2445 4541 2572 4581 eum
2612 4524 2877 4582 vindicet.
2914 4523 3092 4580 Simul
3128 4538 3230 4597 per
3260 4521 3404 4578 hanc
3436 4520 3519 4577 di-

236 4621 679 4693 θεοφιλεστάτοις
736 4624 1059 4688 ἐπισκόποις
1109 4624 1211 4696 τῆς
1256 4624 1433 4694 αὐτῆς
1487 4626 1823 4698 ἐπισκοπῆς,

236 4714 500 4786 κήδεσθαι
537 4715 637 4786 τῆς
681 4712 847 4769 αὐτοῦ
889 4715 1052 4769 πλέον
1100 4714 1400 4788 σωτηρίας,
1434 4716 1530 4771 καὶ
1586 4717 1657 4771 τά
1690 4720 1827 4792 πρὸς

234 4806 578 4861 λυσιτέλειαν
611 4805 708 4861 καὶ
756 4807 953 4875 ἄφεσιν
1003 4806 1099 4861 τοῦ
1144 4806 1387 4862 τοιούτου
1416 4807 1622 4880 μύσους
1663 4809 1821 4880 ἐγκε-

233 4899 494 4954 λεύεσθαι
544 4916 606 4954 τε
640 4900 734 4955 καὶ
773 4899 1068 4954 διδάσκειν.
1124 4900 1216 4971 Μὴ
1269 4900 1455 4971 μέντοι
1509 4902 1825 4976 πειρᾶσθαι,

235 4991 337 5061 τῆς
372 4989 626 5061 ὼυλικῆς
660 4990 824 5045 αὑτὸν
856 4989 1029 5062 τύχης
1067 4991 1412 5063 ἐλευθεροῦν,
1452 4994 1592 5066 μήτε
1620 4998 1827 5066 πιπρά-

238 5099 394 5138 σκειν
419 5084 501 5147 είς
545 5081 862 5152 πρόσωπον,
894 5082 956 5148 ἐξ
993 5075 1055 5138 οὗ
1104 5082 1206 5154 τῆς
1245 5084 1531 5155 διηνεκοῦς
1581 5085 1828 5150 δουλείας

236 5176 337 5232 καὶ
386 5174 485 5230 τοῦ
542 5174 1000 5245 ὲκκλησιαστικοῦ
1051 5176 1335 5247 ἐπιτιμίου
1390 5176 1710 5249 λυθήσεται.
1763 5181 1826 5233 Et

234 5265 347 5338 γάρ
387 5282 522 5321 ποτε
555 5265 907 5339 καταγγελθῇ
941 5268 970 5320 ὁ
1009 5267 1300 5339 εἰρημένος
1336 5267 1653 5341 ἐλευθερίαν
1702 5272 1828 5325 ἑπι-

234 5360 565 5431 ιρερόμενος,
596 5359 761 5423 αὐτὸς
799 5360 900 5432 μὲν
928 5359 1028 5430 τὴν
1055 5360 1284 5425 δικαίως
1326 5361 1478 5434 αὐτῷ
1511 5363 1828 5436 ὡρισμένην

236 5451 541 5537 καταδίκην
568 5452 669 5505 οὐκ
697 5450 1045 5521 ἐκφεύξεται.
1100 5451 1217 5506 ἀλλ’
1266 5452 1621 5526 ὲκδοθήσεται
1664 5453 1828 5509 πάλιν

1937 4632 2141 4678 ctatam
2202 4619 2270 4701 ab
2336 4635 2395 4675 se
2482 4618 2814 4689 scripturam
2895 4617 3344 4687 religiosissimos
3420 4629 3523 4687 pro

1934 4724 2181 4785 tempore
2218 4702 2504 4768 antistites
2556 4712 2914 4782 episcopatus
2958 4711 3105 4766 illius
3152 4709 3427 4773 hortatur,
3457 4715 3520 4763 ut

1934 4806 2205 4877 majorem
2245 4806 2301 4859 in
2341 4802 2565 4859 modum
2601 4804 2796 4860 salutis
2830 4801 2951 4873 ejus
2982 4817 3174 4857 curam
3212 4809 3428 4872 gerant,
3466 4811 3521 4857 et

1932 4913 2055 4969 quae
2091 4899 2157 4952 ad
2190 4895 2545 4953 commodum
2582 4896 2776 4966 ipsius,
2810 4903 2867 4951 e‘t
2898 4896 3100 4967 piaculi
3136 4894 3520 4951 remissionem

1936 4996 2213 5061 spectant,
2246 4987 2521 5057 imperent
2544 4995 2711 5058 atque
2739 4987 2994 5042 doceant.
3021 4984 3143 5041 Non
3179 4993 3359 5041 tamen
3392 4998 3519 5040 eum

1932 5082 2123 5139 servili
2152 5079 2471 5136 conditione
2499 5080 2758 5145 liberare,
2790 5093 2892 5135 nec
2920 5079 3015 5134 ulli
3047 5078 3234 5135 ausint
3268 5089 3521 5148 persona

1933 5170 2191 5237 vendere,
2240 5185 2341 5241 per
2366 5185 2532 5241 quam
2562 5185 2594 5226 e
2625 5160 2890 5226 servitute
2917 5179 3200 5239 perpetua,
3240 5176 3297 5223 et
3342 5165 3517 5221 eccle-

1933 5266 2159 5323 siastica
2190 5277 2356 5335 poma
2402 5263 2694 5335 eripiatur.
2739 5262 2955 5334 Quippe
2984 5261 3031 5318 si
3064 5260 3381 5317 nuntiatum
3412 5255 3483 5310 ali
3506 5290 3519 5298 ο

1933 5360 2159 5432 quando
2214 5356 2428 5423 fuerit,
2497 5355 2800 5413 indicatum
2861 5352 3199 5410 Demetrium
3259 5346 3517 5401 libertate

1935 5454 2169 5526 potitum
2202 5468 2221 5504 :
2258 5451 2377 5522 ipse
2403 5448 2624 5521 quidem
2651 5449 2954 5519 irrogatum
2995 5443 3101 5501 sibi
3136 5440 3262 5513 jure
3298 5435 3514 5506 suppli-

1563 5583 1798 5642 V’ARIAE
1837 5579 2243 5641 LECTIONES.

308 5676 361 5711 "
403 5674 587 5749 μύσει.
664 5675 710 5708 ⁵⁸
741 5675 1002 5749 πριήνης.

1767 5785 1998 5843 NOTAE.

314 5888 433 5955 (τε)
484 5886 767 5946 Successit
826 5887 1131 5953 Cerulario,
1192 5886 1381 5942 Isaacii
1450 5884 1718 5943 Comneni
1775 5895 1827 5941 et
1868 5881 2214 5940 Constantini
2248 5881 2411 5940 θυεερ
2444 5880 2801 5953 tenuioribus.
