3950 6570
203 413 310 485 857

1497 425 2206 490 ΟΙίίΕΟΟ-ἸωΜΑΝΠῦἱ

3362 421 3477 502 858.

204 539 306 591 οὐκ
328 535 486 607 οἶμαί
514 553 573 590 σε
603 535 840 604 ἀγνοεῖν,
872 535 1272 604 θεοφιλέστατε.
1317 535 1484 589 Ἔνθα
1517 537 1574 590 δὲ
1605 537 1785 608 ῥητῶς

1903 538 2032 605 ιιιοιι
2061 553 2145 592 res
2180 536 2404 592 minime
2434 537 2602 593 vetita
2622 535 2731 593 sit:
2756 534 3006 606 equidem
3042 543 3114 602 te,
3136 538 3219 592 vir
3253 539 3469 610 religio-

201 647 255 682 τι
285 629 366 698 μὴ
393 627 741 699 διηγόρευται
772 629 882 690 τοῖς
916 627 1102 698 νόμοις
1129 628 1223 680 καὶ
1246 630 1354 688 τοῖς
1381 628 1544 691 θείοις
1578 629 1788 693 κανόσι,

204 719 468 787 συνοδικὴ
491 717 580 772 διὰ
615 718 715 782 τὰς
742 720 984 787 συνεχεῖς
1023 719 1320 789 ἐρωτήσεις
1363 718 1644 788 οἰκονομία
1701 719 1793 771 ἐπὶ

204 812 298 864 τοῦ
335 811 647 881 μακαρίτου
676 810 1038 880 πάτριάρχου,
1075 809 1266 880 κυρίου
1305 809 1565 874 Ἀλεξίου,
1593 809 1793 879 γέγραδ

203 920 338 955 πται
376 919 390 932 ο
419 903 670 955 τυποῦσα
702 902 760 954 τὸ
795 901 1010 966 ὀφεῖλον
1041 903 1098 954 ἐν
1128 902 1238 962 τοῖς
1271 898 1534 963 τοιούτοις
1564 898 1794 970 προϐαίη

197 1010 339 1059 νειν,
394 994 564 1064 ἧγουν
598 992 836 1062 ἔνθαπερ
893 991 1123 1062 ἕϐδομος
1172 989 1272 1060 τῆς
1323 989 1646 1058 συγγενείας
1673 989 1793 1043 ἐστὶ

201 1085 422 1157 saepe;
453 1101 468 1114 ·
523 1085 617 1138 καὶ¹
651 1084 905 1156 δηλοῦσα,
935 1084 1011 1148 ὠς
1043 1086 1091 1137 εί
1122 1084 1221 1154 μὲν
1245 1081 1491 1156 ἐρωτηθῇ
1521 1083 1581 1137 τὸ
1614 1081 1794 1135 τοιοῦ-

197 1191 293 1232 τον
330 1178 445 1247 πρὸ
473 1178 568 1247 τῆς
602 1175 923 1236 αύτοθελοῦς
965 1176 1216 1247 πράξεως
1260 1177 1354 1230 καὶ
1398 1175 1492 1230 τοῦ
1533 1175 1796 1229 ἀποτελέ-

200 1275 442 1337 σματος,
469 1256 772 1319 κωλύεσθαι
801 1283 816 1298 ·
849 1267 898 1318 εἰ
926 1266 983 1318 δὲ
1008 1265 1160 1320 λάθοι
1188 1267 1264 1330 ὡς
1286 1265 1668 1335 ἀγνοούμενον,
1702 1265 1795 1318 καὶ

198 1357 631 1428 ἀποτελεσθείη,
665 1357 848 1428 μένειν
873 1357 974 1424 μὲν
1007 1358 1308 1428 ἀδιαίρετον
1340 1373 1354 1388 ⁸
1388 1358 1710 1413 ὑποκεῖσθαι
1739 1359 1795 1413 δὲ

197 1448 331 1511 τοὺς
367 1447 743 1517 συναφθέντας
770 1450 1090 1520 ἐπιτιμίοις,
1119 1449 1302 1513 καθὼς
1342 1449 1408 1504 ἂν
1451 1446 1479 1504 6
1503 1450 1597 1503 τοῦ
1626 1449 1793 1504 τόπου

201 1541 404 1610 συνξδῃ
441 1541 764 1604 ἐπίσκοπος.

281 1803 454 1857 Ἐπεὶ
480 1795 574 1858 οὖν
603 1804 699 1857 καὶ
732 1796 894 1875 ἡμεῖς
934 1795 1306 1875 ὴρωτῆθημεν
1334 1795 1486 1876 παρά
1513 1821 1663 1868 τινος
1683 1794 1794 1859 τῶν

1898 628 2137 692 sissime,
2180 644 2287 681 non
2331 628 2584 696 ignorare
2629 627 2886 683 arbitror.
2942 629 3003 683 ln
3044 629 3245 700 quibus
3286 637 3466 685 autem

1895 719 2113 773 casibus
2158 707 2291 772 nihil
2331 717 2536 774 diserte
2585 717 2800 789 legibus
2845 726 2900 775 et
2946 720 3252 774 c'anonibus
3293 721 3472 776 sacris

1893 824 2211 878 expressum
2244 819 2347 878 est,
2386 811 2454 867 de
2484 812 2553 868 iis
2585 813 2878 868 consilium
2926 812 3249 883 synodicum
3285 813 3353 867 ob
3387 813 3471 868 in--

1894 901 2291 970 termgationes
2317 901 2611 957 continuas
2649 911 2892 971 tempore
2926 901 3102 955 felicis
3135 900 3470 954 recordatio-

1896 994 1979 1050 nis
2018 995 2364 1064 patriarchze,
2408 994 2614 1049 domini
2676 995 2874 1058 Alexii,
2927 993 3293 1063 perscriptum
3342 1002 3467 1056 est;

1895 1084 2041 1152 quod
2084 1084 2280 1147 sancit,
2311 1085 2442 1154 quid
2473 1085 2525 1138 in
2561 1085 2761 1138 talibus
2792 1084 2968 1158 locum
3005 1083 3204 1136 habere
3252 1082 3465 1145 debeat,

1898 1175 2153 1230 videlicet
2184 1175 2275 1229 ubi
2311 1175 2578 1244 septimus
2615 1175 2966 1244 cognationis
2999 1175 3202 1243 gradus
3241 1181 3328 1227 est
3366 1191 3378 1225 :
3417 1181 3472 1225 et

1897 1267 2190 1338 signiﬁcat,
2233 1269 2276 1322 si
2323 1268 2389 1321 de
2437 1267 2529 1320 tali
2581 1267 2932 1320 matrimonio
2976 1267 3294 1320 consulatur
3343 1275 3471 1317 ante

1898 1372 2010 1411 rem
2045 1365 2237 1426 sponte
2271 1365 2547 1426 peractam
2589 1367 2645 1412 et
2685 1357 2987 1426 impletam,
3018 1356 3294 1426 prohiberi
3337 1369 3350 1406 :
3386 1355 3471 1411 sin

1895 1449 2061 1504 tacite
2110 1449 2268 1520 quasi
2325 1463 2421 1519 per
2473 1448 2872 1520 ignorationem
2920 1448 3230 1502 absolutum
3279 1444 3468 1509 fuerit,

1896 1537 2284 1608 indiremptum
2312 1539 2530 1609 quidem
2564 1553 2817 1595 manere:
2847 1537 2944 1594 sed
2971 1537 3258 1607 copulatas
3286 1550 3475 1604 perso-

1896 1641 1999 1684 nas
2021 1629 2198 1699 pmnis
2223 1629 2491 1686 obnoxias
2517 1643 2660 1697 esse,
2684 1638 2846 1702 prout
2877 1628 3135 1699 episcopo
3164 1626 3270 1682 luci
3298 1627 3474 1682 visum

1898 1720 2090 1778 fuerit.

1967 1814 2239 1882 Quoniam
2273 1829 2404 1886 ergo
2435 1822 2538 1869 nos
2573 1812 2738 1868 etiam
2770 1801 3011 1866 consulti
3049 1825 3244 1866 sumus
3273 1826 3303 1864 a
3333 1824 3476 1880 quo-

193 1897 256 1952 ιν
285 1901 369 1969 τῇ
422 1898 530 1952 ὑπὸ
560 1899 620 1951 σὲ
661 1897 868 1970 ἐνορία,
912 1898 988 1962 ὡς
1022 1900 1050 1951 6
1079 1897 1356 1970 Γεώργιος
1389 1899 1482 1952 καὶ
1513 1900 1545 1969 ἡ
1577 1897 1788 1970 Μαρία,

1903 1907 2022 1963 dam
2059 1906 2137 1962 tui
2173 1906 2460 1972 territorii,
2491 1912 2771 1970 narrante,
2808 1902 3101 1972 Georgium
3138 1909 3193 1957 et
3229 1899 3474 1965 Mariam,

196 1989 438 2059 ἀδελφοὶ
482 1988 658 2054 ὅντες,
707 1990 932 2044 ἔτεκον·
961 1993 989 2044 6
1020 1989 1143 2062 μὲν,
1188 1991 1287 2062 τὴν
1337 1991 1612 2062 Εἰρήνην·
1645 1991 1679 2058 ἠ
1714 1989 1793 2054 δὲ,

193 2081 292 2135 τὸν
323 2081 635 2136 Βασίλειον·
682 2084 712 2136 6
740 2083 797 2136 δὲ
819 2084 1100 2148 Βασίλειος
1143 2083 1402 2152 ἐγέννησε
1426 2081 1523 2153 τὴν
1551 2083 1792 2152 Μαρίαν·

193 2172 305 2240 ’τῆς
347 2173 409 2227 δὲ
442 2173 683 2245 Εἰρήνης
711 2175 790 2244 τῷ
841 2167 1145 2246 Ἐπιφανίῳ
1175 2175 1565 2245 συναφθείσης,
1603 2166 1794 2244 βούλε-

195 2274 291 2320 ται
327 2266 364 2319 6
389 2266 486 2320 τοῦ
528 2267 852 2337 Ἐπιφανίου
895 2269 1232 2338 αὐτάδελφος
1255 2268 1356 2338 τὴν
1392 2267 1611 2338 Μαρίαν
1656 2267 1795 2335 ἀγα-

195 2359 450 2427 γέσθαι·
483 2359 886 2431 ἀπεφηνάμεθα
931 2361 1020 2415 διὰ
1053 2362 1295 2432 γραφῆς,
1340 2363 1414 2423 ὡς
1441 2361 1543 2415 ούκ
1587 2359 1794 2427 ἔξεστιν

199 2453 366 2523 αὐτῷ
419 2453 688 2524 ἐνωθῆναι
723 2455 882 2524 αὐτῇ.
916 2453 1005 2507 διὰ
1039 2453 1134 2507 τὸν
1165 2451 1260 2506 τοῦ
1303 2451 1622 2521 Ἐπιφανίου
1658 2451 1796 2523 μετά

193 2543 301 2612 τῆς
338 2544 586 2614 Εἰρήνης
616 2543 718 2613 τῆς
754 2543 908 2606 θείας
952 2543 1123 2613 αὐτῆς
1162 2544 1264 2615 ήδη
1295 2542 1666 2612 γεγενημένον
1696 2542 1794 2610 γά-

199 2649 334 2702 μον.
370 2636 482 2688 Καὶ
497 2634 640 2688 οὕτω
667 2636 765 2706 μέν
793 2635 1145 2706 ἀνεχαιτὶσθη
1175 2636 1481 2706 τηνικαῦτα
1509 2636 1542 2706 ἡ
1567 2633 1792 2704 τοιαύτη

195 2726 318 2778 τῶν
371 2726 684 2798 εἰρημένων
715 2726 1026 2797 προσώπων
1057 2728 1275 2790 ἓνωσις.
1325 2727 1562 2798 Θάτερόν
1587 2744 1648 2793 γε
1687 2726 1794 2796 μὴν

197 2817 320 2871 τῶν
383 2818 589 2891 μερῶν,
638 2819 865 2872 σπεῦδον
899 2823 992 2873 ἐπὶ
1045 2820 1143 2891 τὴν
1192 2819 1286 2873 τοῦ
1337 2817 1792 2887 συναλλάγματος

201 2911 527 2980 ἐνέργειαν,
571 2911 667 2965 τοῦ
697 2912 961 2981 κραταιοῦ
1004 2913 1096 2966 καὶ
1139 2913 1294 2980 ἁγίου
1328 2910 1486 2982 ἡμῶν
1529 2909 1793 2980 βασιλέως

197 3002 434 3073 ἐδεήθη,
471 3003 546 3066 ὡς
577 3003 644 3057 ἂν
669 3005 696 3056 6
724 3003 1053 3072 λογιώτατος
1095 3003 1408 3072 νομοφύλαξ
1451 3003 1616 3072 κρίνῃ
1662 3001 1793 3070 περὶ

201 3094 410 3149 τούτου
442 3095 536 3146 καὶ
565 3093 897 3166 ψηφίσηται.
939 3095 1078 3148 Ἀλλ’
1099 3094 1254 3156 αὖθις
1277 3095 1306 3147 6
1329 3092 1617 3147 ἀντιδικῶν
1643 3092 1791 3159 αὐτῷ

197 3186 400 3256 δέησιν
430 3173 508 3256 τῷ
543 3185 806 3256 θειοτάτῳ
841 3186 1034 3256 κράτει
1088 3185 1605 3254 ὲπανατεινάμενος,
1642 3184 1792 3247 θείας

204 3240 548 3347 ε’ύμοίρησεν
579 3240 947 3346 ἀντιγραφῖγς,
978 3273 1153 3340 οὕτως
1205 3240 1436 3348 ἐχούσης
1456 3292 1468 3306 °
1503 3240 1796 3347 Τδσιριθέν
1825 3240 1866 3296 C

205 3369 368 3440 παρὰ
403 3369 496 3422 τοῦ
521 3371 856 3439 τιμιωτάτου
887 3369 1324 3440 χαρτοφύλακος,
1361 3370 1455 3423 καὶ
1480 3370 1682 3439 μᾶλλον
1707 3368 1800 3422 ἐπὶ

207 3459 514 3523 κωλύσεως
563 3460 765 3530 γάμου,
797 3459 943 3513 οῦτω
992 3461 1166 3530 μενεῖ,
1216 3459 1405 3530 ὥσπερ
1444 3458 1660 3531 ἐκρίθη.
1691 3460 1802 3528 Τὴν

208 3552 480 3616 τοιαύτην
509 3545 604 3604 οὖν
647 3551 933 3621 δεξάμενοι
976 3553 1344 3622 ἀντιγραφὴν,
1375 3552 1644 3622 δηλοῦμέν
1694 3569 1799 3618 σοι,

206 3643 236 3696 ὃ
272 3642 375 3695 καὶ
401 3643 666 3713 πρότερον
703 3643 795 3697 ἐπὶ
823 3644 921 3713 τῆς
949 3646 1212 3715 τοιαύτης
1239 3645 1551 3709 ὑποθέσεως
1593 3647 1802 3718 ἐρωτη-

209 3735 406 3797 θέντες
444 3734 862 3804 δεδηλώκαμεν·
896 3736 1037 3792 ὣστε
1074 3738 1150 3808 μὴ
1181 3739 1402 3804 ἐξεῖναι,
1455 3739 1545 3793 τὸν
1579 3740 1802 3810 Μιχαὴλ

210 3825 397 3896 ἑαυτῷ
425 3825 526 3897 τὴν
551 3826 770 3897 Μαρίαν
804 3828 1356 3894 συνοικίσασθαι,“διά
1401 3829 1490 3883 τὸν
1520 3829 1612 3884 τοῦ
1653 3832 1802 3883 Ἐπι-

210 3917 413 3985 φανίου
475 3917 614 3984 μετά
660 3920 762 3989 τῆς
799 3919 1038 3990 Εἰρήνης
1093 3921 1195 3990 ἢδη
1259 3921 1551 3975 ἐκτεθέντα
1601 3922 1802 3992 γάμον,

213 4009 615 4081 συγχεομένων
653 4011 765 4064 τῶν
815 4011 1101 4082 ὀνομάτων
1133 4013 1236 4081 τῆς
1291 4014 1614 4082 συγγενείας
1640 4029 1654 4043 ·
1713 4016 1807 4068 καὶ

211 4104 481 4174 μάλιστα,
519 4103 660 4156 κατὰ
700 4103 792 4157 τὸν
835 4103 930 4158 τοῦ
975 4104 1236 4177 θεοφόρου
1267 4107 1362 4159 καὶ
1394 4105 1634 4174 μεγάλου
1686 4104 1806 4160 Πα-

211 4194 346 4262 τρὸς
378 4194 662 4248 Βασιλείου
693 4194 850 4264 λόγον
868 4197 962 4250 καὶ
984 4196 1131 4268 ὅρον.
1156 4197 1268 4261 Τὰς
1291 4198 1402 4268 γὰρ
1425 4199 1532 4251 τῶν
1561 4197 1806 4268 ἀδελφῶν

213 4286 489 4351 γαμετὰς,
525 4285 678 4341 θείαν
708 4287 876 4352 οὔσας
918 4289 1011 4342 καὶ
1063 4289 1308 4359 ἀνεψιὰν,
1341 4291 1436 4343 καὶ
1485 4290 1806 4360 συννύμφας

207 4377 274 4427 ἐν
319 4376 508 4447 ταυτῷ
565 4378 857 4448 συμϐαίνει
915 4381 1221 4436 καλεῖσθαι.
1287 4381 1374 4444 Ὠς
1425 4382 1807 4452 κεκωλυμένον

219 4468 605 4538 συνάλλαγμα,
645 4472 926 4543 ἄπρακτον
950 4473 1246 4544 διαμεῖναι,
1279 4477 1376 4529 ’καὶ
1411 4476 1546 4546 μηδὲ
1579 4476 1808 4546 πρόστι-

1898 1998 1990 2068 qui
2021 1997 2220 2054 fratres
2245 2004 2450 2063 essent,
2484 1996 2634 2050 illum
2667 1993 2888 2065 quidem
2917 1993 3152 2054 lrenam.
3183 1993 3323 2046 hanc
3351 2006 3479 2046 vero

1899 2090 2156 2147 Basilium
2201 2105 2542 2159 procreasse,
2574 2103 2641 2142 ex
2671 2101 2778 2157 quo
2813 2086 2980 2141 Maria
3030 2093 3157 2139 nata
3205 2084 3299 2150 sit,
3347 2084 3478 2138 hinc

1897 2184 2052 2238 lrena
2089 2180 2388 2251 Epiphanio
2413 2179 2626 2251 juncta,
2660 2177 2796 2233 velle
2826 2191 3143 2247 germanum
3184 2174 3474 2245 Epiphanii

1898 2272 2146 2337 fratrem,
2185 2271 2405 2324 Mariam
2443 2284 2668 2324 uxorem
2713 2269 2914 2324 ducere
2952 2284 2966 2322 :
3011 2281 3109 2338 per
3145 2266 3475 2335 scripturam

1898 2364 2402 2435 pronuntiavimus,
2458 2378 2568 2417 non
2606 2363 2654 2416 ei
2702 2361 2786 2417 fas
2825 2375 2947 2417 esse
2983 2359 3236 2429 copulari
3272 2357 3474 2421 Mariae,

1894 2464 2119 2526 propter
2145 2455 2256 2525 jam
2289 2461 2602 2510 contractas
2642 2453 2934 2524 Eplphanii
2978 2466 3104 2506 cum
3149 2453 3326 2515 lrena,
3360 2449 3478 2518 ejus

1898 2547 2085 2611 amita,
2134 2547 2376 2616 nuptias.
2415 2549 2591 2616 Atque
2637 2545 2710 2601 ita
2751 2554 2883 2601 tunc
2921 2543 3181 2613 impedita
3216 2543 3316 2597 fuit
3357 2542 3480 2612 ejus

1898 2636 2040 2692 modi
2113 2637 2384 2692 dictarum
2455 2649 2814 2706 personarum
2873 2632 3216 2703 conjunctio.
3275 2631 3479 2686 Verum

1896 2737 2128 2798 utraque
2175 2742 2304 2798 pars
2349 2742 2571 2797 operam
2623 2727 2762 2782 dans
2820 2733 2881 2780 ut
2929 2732 3248 2780 contractus
3299 2725 3480 2794 reipsa

1897 2821 2240 2884 succederet,
2280 2819 2597 2889 praepotenti
2629 2833 2696 2873 ac
2727 2825 2922 2874 sancto
2947 2815 3262 2886 imperatori
3289 2821 3481 2869 nostro

1895 2926 2084 2979 preces
2116 2911 2334 2973 obtulit,
2371 2910 2569 2980 quibus
2599 2908 2838 2980 petebat,
2871 2916 2931 2962 ut
2966 2904 3323 2961 doctissimus
3372 2919 3474 2956 no-

1895 3003 2189 3072 mophylax
2230 3002 2299 3056 de
2347 3016 2407 3057 re
2444 3009 2826 3072 cognosceret,
2868 3011 3031 3069 atque
3075 2995 3477 3068 pronuntiaret.

1895 3095 2001 3150 Sed
2029 3095 2379 3151 adversarius
2392 3094 2511 3164 ejus
2531 3094 2774 3151 vicissim
2797 3090 3187 3149 sacratissima:
3209 3089 3481 3161 majestati

1904 3187 2170 3253 porrectis
2210 3185 2488 3256 precibus,
2525 3186 2853 3254 rescriptum
2891 3198 3112 3240 sacrum
3145 3182 3482 3250 impetravit,

1904 3280 1960 3332 in
1989 3279 2128 3335 hanc
2153 3278 2478 3335 sententiam
2506 3276 2699 3343 :Quod
2728 3277 3033 3347 iudicatum
3069 3282 3152 3330 est
3182 3289 3214 3330 a
3246 3273 3484 3328 maxime

1903 3371 2205 3426 venerabili
2254 3370 2623 3435 Chartulario,
2665 3385 2790 3425 cum
2831 3369 3006 3440 magis
3037 3368 3225 3423 tendat
3257 3367 3324 3421 ad
3358 3381 3486 3437 pro-

1903 3462 2226 3518 hibitionem
2254 3463 2611 3525 matrimonii.
2657 3463 2737 3518 sic
2772 3462 3032 3526 manebit,
3062 3462 3144 3516 uti
3176 3460 3482 3529 judicatum

1902 3563 2005 3609 est.
2038 3553 2206 3625 Igitur
2238 3564 2464 3624 accepto
2494 3553 2805 3624 huiusmodi
2847 3553 3114 3622 rescripto
3138 3595 3153 3616 ,
3211 3551 3488 3623 signiﬁca-

1904 3661 2030 3702 mus
2060 3647 2181 3711 tibi,
2225 3647 2370 3716 quod
2400 3647 2566 3702 etiam
2603 3647 2757 3717 prius
2803 3645 2856 3700 in
2909 3644 3001 3698 tali
3046 3657 3212 3699 causa
3245 3641 3484 3698 consulti

1905 3736 2340 3805 signiﬁcavimus
2376 3755 2390 3793 :
2432 3752 2542 3791 non
2579 3751 2703 3792 esse
2736 3734 2842 3799 fas,
2874 3741 2934 3790 ut
2967 3733 3218 3789 Michaeli
3259 3732 3484 3786 Mariam

1906 3827 2011 3883 sibi
2035 3828 2297 3896 coniugio
2327 3828 2567 3897 copulet,
2599 3837 2821 3898 propter
2851 3825 3141 3895 Epiphanii
3167 3833 3487 3880 contractas

1901 3920 2013 3990 jam
2051 3936 2176 3975 cum
2225 3919 2382 3975 lrena
2427 3920 2668 3990 nuptias,
2712 3933 2836 3972 cum
2879 3919 3102 3972 nomina
3142 3915 3487 3986 cognationis

1908 4012 2318 4068 confundantur
2350 4029 2364 4067 :
2400 4013 2568 4081 idque
2595 4012 2677 4066 vel
2708 4013 2760 4064 in
2795 4009 3008 4080 primis,
3051 4006 3355 4065 secundum
3387 4023 3487 4078 ευ-

1905 4106 2118 4161 bernati
2148 4103 2410 4159 divinitus
2443 4118 2506 4156 ac
2550 4102 2729 4172 magni
2765 4101 2938 4172 patris
2971 4099 3160 4154 Basilii
3189 4098 3396 4154 dictum
3431 4105 3486 4151 et

1905 4196 2263 4254 sanctionem.
2313 4195 2524 4265 Quippe
2584 4194 2816 4249 fratrum
2869 4206 3090 4256 uxores,
3147 4204 3270 4259 quae
3319 4189 3485 4242 amita

1906 4295 2057 4356 sunt,
2087 4296 2144 4344 et
2171 4288 2281 4344 illia
2313 4287 2519 4354 fratris,
2558 4287 2762 4358 pariter
2801 4300 3020 4356 quoque
3048 4284 3267 4340 fratrias
3297 4283 3488 4353 appel-

1905 4379 2009 4436 lari
2063 4379 2373 4452 contingit,
2427 4379 2674 4447 adeoque
2728 4383 3073 4432 contractum
3125 4375 3486 4445 prohibitum,

1907 4470 2172 4529 infectum
2225 4486 2470 4535 manere,
2519 4485 2621 4526 nec
2673 4485 2890 4542 poenam
2941 4485 3007 4524 ex
3047 4467 3490 4540 transgressione

219 4576 322 4628 μον
349 4561 416 4613 ὲκ
449 4562 803 4630 παραὸασίας
831 4566 1223 4636 ἀπαιτηθῆναι.
1266 4567 1423 4619 ϐὓτω
1456 4568 1568 4639 γὰρ
1596 4570 1690 4621 καὶ
1714 4569 1798 4622 ὅτε

1904 4572 2130 4636 oportet
2156 4566 2320 4635 exigi.
2349 4563 2441 4618 Sic
2463 4565 2610 4619 enim
2647 4571 2702 4617 et
2743 4577 2866 4617 cum
2902 4560 3061 4616 initio
3084 4559 3318 4616 consulti
3348 4558 3486 4614 fuis-

217 4652 507 4720 καταρχὰς
532 4653 920 4724 ἠρωτήθημεν,
957 4657 1428 4728 ἀπελογησάμεθα
1450 4675 1464 4689 ο
1498 4659 1592 4712 τοῦ
1625 4659 1800 4731 ζητή-

220 4760 396 4810 ματος
422 4744 546 4797 τότε
587 4746 686 4815 τῆς
732 4748 993 4818 τοιαύτης
1043 4743 1238 4803 ’ἕνεκεν
1277 4753 1455 4815 αἰτίας
1488 4753 1660 4816 ὄντος.
1697 4755 1806 4808 Καὶ

215 4833 468 4887 διδάσκει
499 4837 531 4904 ἡ
571 4837 910 4908 ὑποκειμένη
945 4840 1044 4909 τῆς
1090 4841 1178 4893 διὰ
1214 4845 1434 4912 γραφῆς
1462 4846 1504 4876 ⁸⁷
1541 4846 1642 4915 τῆς
1673 4849 1806 4898 ὑπο-

218 4926 426 4989 θέσεως
484 4929 728 5000 ἡμετέρα
783 4931 1059 5002 ἔγγραφος
1121 4935 1438 5006 ἀπόκρισις.
1494 4939 1555 4990 Εἰ
1604 4940 1661 4991 δὲ
1711 4944 1804 4994 καὶ

220 5022 429 5087 προῖκα
466 5021 595 5082 ἴσως
625 5021 685 5072 τὸ
715 5022 809 5074 τοῦ
855 5023 1046 5094 ἀνδρὸς
1082 5025 1285 5093 ἔφθασε
1323 5028 1577 5092 δέξασθαι
1611 5032 1800 5102 μέρος,

221 5113 252 5178 ἢ
291 5113 671 5178 προγαμιαέας
720 5114 931 5184 δωρεᾶς
980 5117 1296 5187 ὑπόσχεσιν,
1329 5120 1360 5189 ἢ
1393 5121 1560 5186 δόσιν,
1607 5125 1668 5175 τὸ
1705 5125 1802 5192 τῆς

222 5202 507 5266 γυναικὸς,
541 5204 602 5254 ού
636 5208 786 5272 παρὰ
817 5206 976 5258 τοῦτο
1007 5210 1485 5280 συντηρηθήσεται
1513 5215 1572 5265 τὸ
1610 5217 1804 5269 συνάλ-

225 5290 436 5360 λαγμα.
477 5294 629 5344 Ἐπεὶ
657 5295 790 5363 μηδὲ
831 5299 886 5349 αἰ
935 5301 1159 5366 προῖκες
1193 5301 1487 5355 συνιστῶσι
1539 5306 1666 5367 τοὺς
1706 5307 1805 5374 γά-

133 5385 147 5395 ⁹
223 5395 364 5452 ’μους
397 5385 729 5454 δυναμένους
771 5392 861 5441 καὶ
884 5394 1052 5461 χωρὶς
1081 5391 1286 5446 τούτων
1317 5395 1688 5462 συνίστασθαι,
1713 5399 1802 5451 ὅτε

223 5478 472 5548 νομίμως
505 5480 980 5539 συναλλάττονται.
1011 5484 1093 5538 Τὰ
1121 5485 1178 5539 δὲ
1207 5487 1299 5540 ἐπὶ
1323 5490 1433 5552 τοῖς
1457 5487 1738 5556 ἀθεμίτοις
1767 5489 1800 5558 ἢ

297 5709 339 5740 ⁸⁷
370 5713 433 5780 τῇ
459 5710 735 5784 διαγραφῇ
768 5712 885 5779 τῆς.

297 5829 322 5858 τ
361 5819 695 5891 “ascriptum
752 5824 876 5890 imp.

1910 4671 2120 4720 scmus,
2143 4657 2550 4726 respondimus,
2604 4653 2910 4723 quastione
2939 4659 3069 4706 tunc
3094 4651 3164 4705 ob
3194 4649 3315 4718 ejus
3343 4648 3490 4703 modi

1909 4766 2135 4806 causam
2191 4751 2465 4805 instituta.
2519 4749 2577 4804 ld
2627 4748 2773 4818 quod
2827 4746 3078 4816 subjecta
3133 4743 3488 4801 delineationi

1908 4858 2091 4898 causae
2120 4843 2409 4912 responsio
2450 4850 2662 4905 nostra,
2695 4855 2790 4908 per
2817 4840 3148 4908 scripturam
3189 4836 3354 4900 facta,
3390 4836 3488 4890 de-

1910 4935 2100 4990 clarat.
2138 4934 2290 5001 Quod
2337 4935 2380 4989 si
2416 4934 2554 4988 forte
2582 4933 2765 4988 dotem
2798 4932 2900 4986 viri
2939 4947 3062 5001 pars
3094 4931 3205 4998 jam
3242 4938 3369 4984 ante
3398 4943 3488 4981 ac-

1913 5028 2138 5098 ceperit,
2172 5037 2266 5080 aut
2300 5027 2613 5080 donationis
2645 5035 2867 5096 propter
2905 5025 3130 5092 nuptias
3168 5022 3488 5093 promissio,

1916 5123 1996 5174 vel
2031 5121 2325 5190 prmstatio,
2360 5119 2605 5174 mulieris
2646 5119 2784 5188 parti
2830 5117 2969 5172 facta
3021 5119 3093 5173 sit
3140 5133 3153 5169 :
3206 5133 3314 5171 non
3365 5131 3492 5185 pro-

1916 5223 2100 5284 pterea
2130 5223 2450 5267 contractus
2482 5211 2810 5266 servabitur.
2845 5210 3293 5279 Quandoquidem
3335 5209 3491 5261 dotes

1914 5325 2022 5362 non
2081 5305 2285 5361 faciunt
2337 5305 2575 5376 nuptias,
2629 5321 2751 5374 quae
2804 5305 3012 5372 absque
3058 5303 3278 5356 dotibus
3323 5299 3486 5352 etiam

1911 5409 2167 5455 constare
2198 5408 2451 5466 possunt,
2475 5414 2598 5452 cum
2631 5397 2871 5468 legitime
2903 5393 3327 5449 contrahuntur.
3357 5388 3490 5456 Quae

1911 5507 2042 5548 vero
2063 5492 2292 5549 nefariis
2325 5493 2379 5548 in
2421 5492 2650 5564 nuptiis,
2688 5499 2782 5546 aut
2824 5487 3116 5561 prohibitis
3151 5483 3487 5556 promittun-

1523 5625 1754 5681 νΑιιιΑΞ
1790 5625 2196 5684 LECTIONES.
