3950 6586
149 390 236 460 861
696 404 699 407 ν
1417 380 2100 483 caeco-nonum!

146 505 382 576 τριάρχου
436 499 496 556 ὲν
528 495 608 573 τῷ
667 495 851 574 μικρῷ
908 501 1173 577 σεκρέτῳ,
1235 505 1684 575 συνεδριαζόντωι

1801 522 1934 565 nore
1961 509 2280 574 secretario,
2319 508 2685 566 assidentibns
2711 512 2759 569 ei
2803 511 3233 585 religiosissimis
3268 537 3382 578 me-
3491 581 3499 592 ,

143 597 275 668 αὑτῷ
299 595 406 649 τῶν
432 595 870 666 θεοφιλεστάτων
897 596 1332 669 μητροπολιτῶν,
1365 599 1461 654 τοῦ
1493 600 1698 669 Ἀγκύ-

144 711 245 768 ρας,
266 690 358 745 τοῦ
380 688 649 758 Κυζίκου,
679 690 771 746 τοῦ
789 678 1296 760 Κλαυδιουπόλεως,
1319 693 1415 749 τοῦ
1434 697 1697 768 Χριστιαο

138 783 444 849 νουπδλεως,
498 783 596 839 τοῦ
631 779 899 850 ⁸Ρωσίας·
935 786 1033 841 xal.
1075 787 1551 857 ἀρχιεπισκόπων,
1596 787 1694 845 τοῦ

137 876 544 941 Λεοντοπόλεως,
560 877 653 932 τοῦ
679 874 999 948 Σουγδαΐας,
1024 878 1120 935 τοῦ
1136 877 1366 935 Ῥωσίου
1393 897 1406 913 ο
1433 897 1698 954 παριστα-

141 969 296 1043 μένων
323 968 422 1023 καί
450 968 796 1025 δεσποτικῶν
817 972 1123 1044 ἀρχόντων.

197 1062 379 1134 ’ῼοντο
411 1060 682 1134 μέντινες
728 1063 840 1118 τῶν
873 1064 1016 1120 κατὰ
1047 1063 1234 1136 χώραν
1260 1059 1695 1133 θεοφιλεστάτων

135 1155 433 1210 ἐπισκόπων
468 1154 533 1209 ἐκ
564 1153 661 1209 τοῦ
692 1154 975 1211 συνοδικοῦ
1005 1151 1433 1229 ὲπιστάλματος,
1466 1154 1495 1211 ὃ
1528 1157 1695 1212 πάλαι

135 1248 218 1317 μὶν
239 1247 365 1319 περὶ
394 1246 498 1318 τῆς
530 1246 625 1302 τοῦ
658 1250 946 1305 κανονικοῦ
984 1251 1187 1315 δόσεως
1248 1252 1343 1306 ὲπί
1368 1248 1465 1305 τοῦ
1516 1267 1695 1320 μακα-

134 1337 265 1410 ρίτου
305 1339 652 1412 πατριάρχου
707 1340 877 1413 κυροῦ
922 1341 1164 1409 Ἀλεξίου
1213 1342 1459 1412 ἐξετέθη,
1486 1344 1546 1397 οὐ
1604 1362 1695 1414 μι-

133 1431 262 1503 κρῶς
287 1429 794 1500 καταϐλάπτεσθαι,
826 1430 903 1500 ὠς
958 1437 1081 1500 ταῖς
1128 1436 1433 1508 μετέπειτα
1464 1435 1689 1508 γενομέο

131 1543 235 1591 ναις
257 1525 429 1589 θείαις
458 1528 557 1583 καὶ
603 1528 914 1600 βασιλικαῖς
948 1529 1091 1585 κατὰ
1117 1530 1218 1595 τὰς
1268 1531 1451 1601 πάσης
1479 1528 1581 1601 τῆς
1613 1533 1694 1586 οἰ-

129 1620 385 1690 κουμένης
407 1620 595 1687 πόλεις
625 1623 1002 1678 ἐναντιοῦσθαι
1026 1622 1314 1688 δοκοῦντος
1360 1621 1693 1694 χρυσοϐοὖλ-

128 1713 228 1778 λοις
274 1712 596 1781 διαταγαῖς·
651 1712 891 1785 παρόσον
940 1716 1001 1771 τὸ
1061 1714 1162 1787 μὲν
1211 1715 1488 1770 συνοδικὺν
1551 1712 1693 1787 ὑπὲρ

128 1803 422 1867 κανονικοῦ,
449 1804 695 1876 νόμισμα
729 1806 789 1861 ἓν
810 1802 1050 1879 χρυσοῦν
1079 1807 1144 1860 ὲκ
1178 1808 1341 1878 μόνου
1368 1802 1465 1862 τοῦ
1501 1807 1692 1878 ἱερέως

3274 407 3383 472 862

1807 603 2176 669 tropnlitanis.
2205 602 2518 675 Ancyrano,
2554 603 2846 676 Cyziceno,
2875 604 3381 679 ClaudiOpolitano,

1804 692 2393 765 Cbristianopolitano,
2408 693 2608 762 Rosiac,
2623 705 2787 766 atque
2803 697 2932 753 item
2959 699 3380 773 archiepicoms,

1804 783 2280 856 Leontopolitano,
2297 786 2568 856 Sugdaiae,
2599 788 2772 857 Rosii,
2795 792 3103 850 astantibus
3124 801 3183 850 et
3204 795 3382 851 domi-

1803 877 1945 934 nicis
1972 879 2381 952 magistratibus
2404 881 2449 938 ‘.

1874 1056 2275 1113 Existimabam
2336 1060 2556 1131 quidem
2622 1064 2869 1120 nonnulli
2905 1080 3004 1137 per
3038 1068 3377 1137 provinciam

1803 1150 2211 1223 religiosissimi
2241 1154 2508 1226 episcopi,
2539 1170 2599 1212 se
2629 1172 2739 1212 non
2775 1172 2965 1228 parnm
2994 1176 3060 1215 ex
3128 1163 3378 1233 synodali

1800 1259 2074 1318 praecepto
2108 1287 2124 1314 ,
2193 1250 2338 1319 quod
2395 1248 2523 1306 olim
2584 1253 2653 1307 de
2702 1255 2950 1310 canonici
3030 1259 3382 1327 praestatione

1800 1337 1903 1394 sub
1959 1340 2129 1396 beatae
2188 1341 2465 1397 memoria:
2494 1344 2844 1411 patriarcha,
2878 1346 3101 1403 domino
3163 1349 3381 1416 Alexio,

1801 1427 1904 1483 fuit
1928 1429 2261 1499 expositum,
2296 1430 2481 1487 damni
2546 1435 2827 1504 percipere
2858 1453 2875 1502 ;
2918 1437 3087 1492 veluti
3120 1440 3263 1506 quod
3298 1439 3379 1494 l'a-

1800 1522 1908 1576 ctis
1940 1520 2201 1592 deinceps
2234 1522 2411 1578 sacris
2441 1531 2494 1579 et
2525 1524 2895 1594 imperatoriis
2927 1526 2994 1582 ad
3051 1530 3202 1586 orbis
3260 1532 3379 1585 uni—

1801 1611 2219 1676 versicivitates
2249 1615 2657 1679 sanctionibus.
2693 1632 2791 1687 per
2821 1632 3016 1673 aureas
3050 1620 3226 1677 bullas
3257 1638 3380 1676 tnu-

1800 1702 1955 1770 nitis,
1980 1704 2262 1761 adversari
2289 1705 2566 1762 videretur
2594 1726 2608 1763 :
2639 1715 2911 1778 quatenus
2934 1710 3066 1766 illud
3100 1715 3377 1769 decretum

1801 1795 2064 1866 synodale
2133 1799 2387 1855 canonici
2463 1803 2686 1858 nomine
2775 1820 3063 1862 nummum
3150 1822 3379 1863 aureum

126 1869 540 1966 εἰσπράττεσθαι
590 1869 909 1970 διορίζεται,
967 1899 1076 1954 τῶν
1138 1869 1404 1954 διακόνων
1436 1869 1684 1956 autem:

1797 1904 1964 1942 unum
2030 1891 2381 1946 asacerdote
2447 1893 2717 1952 duntaxat
2779 1898 3108 1970 exigendum
3165 1903 3379 1966 statuit,

124 1989 375 2043 διακόνων
432 1989 600 2060 μηδέν
630 2008 682 2044 τι
734 1987 1132 2063 παρεχομένων
1155 2009 1167 2023 ⁸
1206 1991 1302 2045 καὶ
1327 1993 1419 2061 ἀφ’
1447 1990 1688 2047 ἑκάστου

128 2079 228 2133 τῶν
261 2082 780 2151 χειροτονουμένων,
813 2085 862 2138 εἰ
897 2084 999 2154 μὲν
1046 2082 1404 2157 άναγνώστης
1438 2086 1548 2155 εἵη,
1599 2085 1689 2140 νό-

125 2189 290 2240 μισμα
318 2172 377 2226 ἓν
397 2173 634 2243 χρυσοῦν
655 2189 669 2204 ⁶
702 2177 752 2228 εἰ
780 2174 839 2229 δὲ
886 2175 1163 2239 διάκονος,
1194 2177 1510 2248 νομίσματα
1560 2174 1688 2249 τρία

121 2264 271 2328 ὅμοια
293 2280 308 2295 ⁶
340 2266 391 2320 εἰ
447 2265 507 2320 δὲ
540 2266 939 2340 πρεσϐύτερος,
990 2268 1158 2341 ἕτερα
1189 2271 1507 2341 νομίσματα
1561 2271 1689 2342 τρία

120 2357 289 2428 ὃμοια.
313 2359 406 2414 τδν
429 2362 840 2430 χειροτονοῦντα
874 2360 1016 2433 ὑπὲρ
1061 2360 1361 2435 διατροφῆς
1387 2365 1689 2434 λαμϐάνειν

119 2446 479 2506 διατάττεταν
505 2451 588 2505 ὅτι
643 2453 777 2523 μηδὲ
824 2454 1122 2520 ἀδάπανον,
1169 2455 1274 2510 κᾶν
1304 2454 1538 2526 ἄμισθον
1569 2458 1688 2511 ἐστὶ

118 2540 172 2594 τὸ
205 2541 555 2611 Εὐαγγέλιον.
612 2545 675 2597 Οἰ
702 2542 759 2599 δὲ
792 2547 943 2615 παρὰ
982 2548 1093 2601 τῶν
1146 2549 1388 2603 εὐσεϐῶν
1439 2550 1688 2614 τεθέντες

116 2632 487 2704 χρυσόϐουλλοι
526 2636 698 2705 λόγοι,
750 2639 1074 2711 προσθήκην
1105 2638 1166 2695 τέ
1196 2658 1316 2695 τινα
1375 2644 1491 2708 τοῖς
1533 2642 1688 2715 παρά

115 2723 217 2778 τῶν
262 2727 759 2800 χειροτονουμένων
825 2731 1223 2803 παρεχομένοις
1277 2733 1499 2805 ἐξεῦρον
1545 2753 1683 2806 μετ-

117 2814 315 2881 έπειτα,
346 2817 445 2872 καὶ
479 2818 578 2879 τάς
601 2819 709 2873 ἀπὸ
736 2819 847 2872 τῶν
867 2818 1073 2876 λαῖκῶν
1099 2822 1362 2897 ἀπαρχὰς
1401 2824 1686 2879 κανονικὸν

116 2907 490 2978 ὀνομάσαντες,
515 2911 788 2984 ὡρίσαντο
829 2916 959 2985 παρ’
997 2916 1234 2972 ἑκάστου
1266 2918 1473 2973 τούτων
1492 2917 1687 2973 ἀναλό-

116 3018 220 3071 γως
268 3006 331 3073 τῆ
384 3004 568 3059 αὐτῶν
623 3007 856 3081 εὐπορίᾳ
901 3010 1353 3078 είσπράττεσθαι,
1415 3013 1511 3067 καὶ
1563 3015 1685 3076 τοῖς

116 3092 516 3160 εὖλαϐεστάτοις
542 3094 751 3168 ἱερεῦσι
779 3099 1143 3172 παρέχεσθαι.
1180 3100 1347 3156 Ἀλλὰ
1387 3101 1684 3165 συνοδικῶς

1790 1979 2041 2038 diaconis
2103 1991 2159 2037 et
2224 1984 2580 2043 subdiaconis
2629 1990 2763 2043 nihil
2830 1992 3196 2061 prmbentibus
3251 2013 3265 2050 :
3325 2003 3381 2051 et

1792 2087 1821 2126 a
1859 2074 2104 2144 quolibet
2161 2091 2378 2145 eorum,
2422 2080 2515 2149 qui
2577 2081 2926 2148 ordinantur,
2971 2086 3017 2140 si
3072 2086 3245 2142 lector
3281 2089 3378 2154 sit,

1790 2181 2075 2222 nummum
2125 2184 2354 2225 aureum
2418 2186 2585 2226 unum
2620 2188 2637 2241 ;
2669 2174 2716 2230 si
2777 2177 3064 2243 diaconus,
3123 2195 3378 2237 nummos

1791 2266 1904 2315 tres
1939 2259 2146 2318 similes
2176 2263 2260 2326 ;si
2298 2265 2607 2336 presbyter,
2637 2267 2777 2322 alios
2813 2279 2925 2325 tres
2949 2286 3203 2328 nummos
3248 2288 3379 2328 con-

1789 2354 2002 2410 similes
2028 2356 2349 2422 snmendos,
2382 2358 2626 2415 alimenti
2660 2361 2905 2429 nomine,
2950 2363 3197 2420 decernit
3241 2366 3378 2422 abeo

1789 2448 1882 2518 qui
1913 2448 2133 2504 ordinat
2162 2465 2176 2504 :
2207 2451 2656 2522 quandoquidem
2694 2455 2740 2510 si
2774 2458 3014 2513 maxime
3043 2461 3375 2524 mercedem,

1788 2554 1898 2595 non
1923 2549 2101 2597 tamen
2123 2549 2176 2597 et
2201 2543 2419 2599 vivendi
2446 2554 2696 2616 sumptus
2722 2549 2964 2604 excludit
2993 2549 3373 2622 Evangelitnn.

1786 2632 1980 2688 Aureae
2002 2649 2131 2690 vero
2181 2635 2343 2693 bulla:
2394 2636 2501 2707 piis
2533 2653 2562 2691 a
2595 2640 2938 2709 principibus
2996 2645 3373 2715 promulgatae,

1787 2734 1906 2781 tum
1938 2727 2300 2798 appendicem
2347 2731 2641 2801 quamdam
2680 2734 2939 2790 invenere
2994 2737 3258 2807 deinceps
3309 2740 3374 2794 ad

1786 2832 1874 2877 ea,
1900 2833 2023 2887 quae
2057 2818 2127 2874 ab
2153 2819 2478 2876 ordinandis
2509 2831 2882 2890 praestantur;
2916 2833 3031 2880 tum
3088 2828 3305 2885 debitas
3347 2846 3376 2887 a

1790 2910 1948 2965 laicis
1981 2911 2277 2980 primitias,
2305 2914 2563 2969 canonici
2599 2917 2819 2971 nomine
2845 2918 2913 2972 iis
2936 2919 3129 2984 indito,
3163 2931 3376 2975 statue-

1788 3011 1915 3058 runt
1948 3001 2017 3057 ab
2044 3017 2235 3058 eorum
2273 3003 2517 3075 quolibet
2551 3006 2870 3079 exigendas,
2924 3024 3023 3078 pro
3079 3012 3245 3066 modo
3295 3013 3377 3067 fa-

1785 3094 2053 3151 cultatum
2119 3094 2259 3164 ejus,
2323 3109 2389 3152 ac
2439 3097 2915 3154 rererendissimis
2992 3101 3374 3161 sacerdotibus

117 3185 504 3254 παραστάντες,
538 3187 636 3241 καὶ
656 3189 725 3244 τά
753 3190 1008 3261 βασιλικὰ
1035 3192 1385 3264 διατάγματα
1408 3194 1489 3259 εἰς
1517 3192 1683 3263 μέσον

1790 3185 2146 3256 prrestandas.
2174 3185 2278 3242 Sed
2310 3202 2435 3243 cum
2462 3188 2517 3242 in
2558 3190 2772 3260 synodo
2828 3190 2882 3245 hi
2940 3196 3376 3262 comparuissent

117 3280 448 3352 προθέμενοι.
481 3283 578 3338 καὶ
603 3284 732 3348 τοὺς
763 3285 1162 3357 παλαιοτέρους
1226 3286 1540 3351 συνοδικοὺς
1567 3289 1683 3358 ὀρι-

116 3374 276 3440 σμοὺς
299 3375 720 3447 ἀναγνωσθῆναι
751 3377 890 3449 πρὸς
918 3379 1131 3441 τούτοις
1165 3378 1680 3444 καθικετεύσαντες,

114 3463 376 3538 ἰφάνησαν
408 3470 534 3541 μηδ’
568 3471 748 3525 ὁτιοῦν
764 3470 1016 3528 ἐντεῦθεν
1045 3472 1135 3527 ἐπὶ
1151 3475 1217 3543 τῇ
1239 3474 1348 3528 τῶν
1377 3472 1683 3528 κανονικῶν

113 3558 380 3628 εἰσπράξει
409 3560 696 3633 πρόκριμα
712 3560 1093 3633 ὑφιστάμενοι.
1125 3560 1252 3617 Ὀτι
1282 3564 1349 3621 τά
1387 3562 1487 3633 μὲν
1523 3579 1682 3617 συνο-

112 3650 228 3705 δικά
260 3651 358 3723 τὴν
390 3653 457 3707 ὲκ
494 3653 605 3708 τῶν
653 3652 861 3709 λαίκῶν
899 3652 996 3708 τοῦ
1052 3652 1341 3709 κανονικοῦ
1391 3650 1681 3726 εἴσπραξιν

109 3740 430 3817 ἀπείργοντα
459 3745 735 3814 φαίνεται.
767 3745 837 3801 δι’
870 3745 899 3799 ὂ
921 3747 1043 3801 οὐδὲ
1078 3747 1300 3818 μνήμην
1318 3748 1442 3803 τινὰ
1474 3746 1682 3801 τούτων

110 3829 178 3899 ὥς
207 3837 727 3909 ἀπαγορευομένων,
765 3836 824 3892 ἒν
854 3838 1100 3910 Γραφαῖς
1124 3838 1354 3894 τίθεται.
1412 3838 1494 3894 Τά
1521 3839 1579 3894 δὲ
1606 3839 1680 3908 μὴ

110 3928 335 3983 κώλυσιν
373 3927 595 3984 ὁθενοῦν
637 3928 932 4000 δεξάμενα,
987 3930 1104 3993 πῶς
1142 3930 1499 3999 ὲναντιότητά
1554 3946 1680 3988 τινα

110 4019 303 4086 εἰσάξει
338 4021 608 4092 γινόμενα
640 4038 658 4087 ;
700 4023 764 4077 Oi
783 4022 843 4076 δέ
870 4039 934 4091 γε
967 4018 1237 4079 θειότατοι
1269 4022 1510 4095 βασιλεῖς
1539 4021 1679 4094 πρὸς

110 4108 190 4163 τὸν
218 4110 413 4182 καιρὸν
461 4110 562 4181 (ὡς
590 4109 790 4183 ἔοικεν)
821 4110 1257 4182 ἀποϐλέψαντες,
1302 4113 1400 4167 καὶ
1429 4113 1495 4183 τῇ
1537 4110 1679 4183 πρὸς

107 4202 225 4266 τοὺς
249 4202 531 4275 ἀρχιερεῖς
564 4206 725 4274 τιμῇ,
759 4202 852 4259 διὰ
903 4202 1002 4275 τῆς
1033 4204 1144 4259 τῶν
1184 4203 1534 4275 πραγμάτων
1564 4205 1679 4259 εἰσ-

107 4298 267 4365 φορᾶς
297 4296 482 4368 χώραν
513 4298 869 4368 παρέχοντες,
910 4298 1006 4352 καὶ
1026 4298 1153 4363 τοῦς
1185 4296 1410 4361 λαῖκοὺς
1426 4299 1495 4367 τῇ
1524 4312 1676 4364 παρ-

105 4391 193 4460 υχῇ
240 4389 451 4462 ταύτης
495 4387 782 4445 ὑπέθεντο.
849 4388 1043 4446 Ἔνθεν
1070 4408 1155 4445 τοι
1188 4391 1284 4445 καὶ
1310 4388 1674 4455 δικαιότατον,

104 4478 293 4548 ἔδοξεν,
320 4482 717 4553 ἀμφοτέρωθεν
739 4481 866 4547 τοὺς
895 4483 1198 4555 ἀρχιερεῖς,
1256 4482 1321 4537 ἐκ
1343 4499 1405 4539 τε
1456 4480 1568 4537 τῶν
1601 4482 1677 4536 ἰε-

1790 3285 1846 3332 et
1876 3277 2258 3347 imperatorias
2292 3279 2619 3337 sanctiones
2649 3281 2705 3337 in
2757 3283 2999 3339 medium
3057 3288 3377 3356 proposuis-

1790 3378 1933 3432 sent,
1968 3377 2339 3442 praetereaque
2371 3373 2675 3430 vetustiora
2709 3373 2927 3431 decreta
2958 3378 3241 3450 synodalia
3282 3396 3374 3437 re-

1789 3460 1894 3529 legi
1925 3460 2253 3533 petiissent:
2308 3464 2521 3520 nullum
2576 3465 2658 3523 eis
2724 3470 2922 3538 paruit“
2968 3471 3022 3524 in
3087 3471 3376 3527 exactione

1789 3554 2179 3609 canonicorum
2214 3554 2589 3625 praeiudicium
2634 3558 2763 3616 inde
2791 3559 2992 3616 aﬂ‘erri.
3030 3562 3241 3635 Quippe
3286 3580 3372 3635 sy-

1789 3647 2012 3703 nodalia
2071 3648 2294 3717 quidem
2368 3651 2590 3706 decreta
2647 3654 2991 3710 exactionem
3059 3657 3309 3712 canonici
3343 3672 3371 3710 a

1789 3739 1949 3799 laicis
1979 3741 2272 3811 prohibere
2304 3742 2585 3811 videntur,
2608 3744 2739 3801 dum
2785 3747 3117 3803 mentionem
3175 3749 3369 3804 horum

1783 3829 1994 3886 nullam
2028 3830 2262 3898 faciunt,
2291 3834 2458 3889 veluti
2478 3836 2652 3891 sacris
2676 3834 2904 3894 Litteris
2926 3838 3370 3894 interdictorum.

1785 3920 1921 3987 Quae
1941 3931 2123 3981 autem
2153 3924 2306 3980 nulla
2365 3925 2739 3995 prohibitione
2785 3934 3066 3993 vetantur,
3128 3942 3369 3999 quonam

1784 4024 1947 4086 pacto
1980 4016 2027 4073 si
2060 4016 2214 4079 tiant,
2245 4017 2617 4074 adversationi
2646 4034 2871 4075 causam
2926 4021 3167 4091 aliquam
3231 4035 3371 4090 prae-

1785 4108 2137 4165 bebuntiAt
2190 4123 2321 4166 vero
2346 4109 2713 4166 sacratissimi
2770 4111 3049 4182 principes
3104 4112 3370 4182 temporis

1784 4198 1890 4266 (uti
1944 4201 2169 4271 quidem
2224 4202 2474 4274 apparet)
2530 4205 2745 4260 ratione
2796 4203 3004 4268 habita,
3064 4210 3123 4259 et
3171 4204 3369 4260 honori

1785 4292 2142 4363 pontiﬁcibus
2200 4293 2538 4358 exhibendo,
2600 4309 2702 4366 per
2758 4294 3092 4350 oblationem
3158 4310 3368 4361 rerum,

1780 4385 2131 4441 occasionem
2158 4393 2481 4457 praebentes,
2502 4384 2669 4440 etiam
2701 4385 2875 4441 laicos
2896 4384 3235 4455 praestationi
3266 4386 3369 4439 hu.

1778 4475 1873 4545 jus
1893 4477 2164 4534 obnoxios
2179 4476 2639 4535 essevoluenmt.
2678 4477 2867 4549 anue
2889 4477 2961 4533 de
2991 4491 3158 4534 causa
3188 4477 3369 4533 visum

105 4574 252 4641 ρέων,
275 4570 507 4630 καὶτῶν
535 4573 766 4638 λαϊκῶν,
790 4576 859 4629 τὰ
877 4574 1020 4648 ὑπὲρ
1048 4574 1144 4630 τοῦ
1171 4574 1458 4630 κανονικοῦ
1486 4592 1673 4629 τυπω-

1790 4577 1865 4624 est
1888 4569 2265 4640 aequissimum
2298 4584 2443 4637 esse,
2496 4578 2557 4625 ut
2588 4572 2848 4641 utrinque
2896 4572 3207 4642 pontiﬁces,
3255 4576 3369 4627 tam

101 4660 273 4726 θέντα,
309 4663 674 4732 κομίζεσθαι·
711 4665 796 4721 ὅτι
844 4665 978 4739 μηδὲ
1008 4662 1366 4736 στρατεύεταί
1400 4682 1508 4731 τις,
1533 4663 1675 4719 κατὰ

100 4754 183 4807 τὸν
210 4754 358 4809 θεῖον
373 4755 723 4824 ’Δπόστολον,
745 4755 998 4826 ὀψωνίοις
1025 4757 1198 4821 ἰδίοις.
1241 4756 1404 4813 Ἀλλὰ
1431 4756 1529 4813 καὶ
1552 4757 1674 4812 ποί-

103 4859 231 4913 μνην
284 4863 375 4909 τις
412 4847 746 4917 ποιμαίνων,
784 4849 849 4902 ὲκ
893 4847 989 4903 τοῦ
1042 4849 1313 4918 γάλακτος
1344 4849 1551 4905 ἐσθίειν
1576 4848 1678 4905 οὐκ

99 4934 545 5007 ἀποτετραπται·
596 4939 691 4993 καὶ⁸
750 4938 1058 5010 ἀμπελῶνα
1110 4941 1365 5011 φυτεύων
1458 4944 1524 4996 ἐκ
1577 4946 1676 5001 τοῦ

100 5027 307 5098 καρποῦ
340 5028 642 5100 δρέπεσθαι
666 5030 730 5085 οὗ
753 5031 1082 5088 κεκώλυται.
1113 5034 1223 5088 Καὶ
1251 5036 1281 5089 ὁ
1325 5036 1558 5105 παλαιὸς
1615 5041 1674 5095 δὲ

99 5117 276 5189 νόμος,
302 5122 567 5192 ἐμϐαλεῖν
618 5124 685 5178 ἐκ
730 5124 842 5179 τῶν
885 5126 1119 5196 καρπῶν
1168 5129 1250 5194 εἰς
1282 5129 1381 5199 τὴν
1407 5131 1675 5201 κάρταλιν

99 5210 549 5280 παρακελεύεται,
573 5214 668 5269 καὶ
692 5214 949 5270 εἰσοίσειν
971 5218 1051 5283 εἰς
1081 5218 1173 5272 τὸν
1198 5220 1293 5275 τοῦ
1320 5221 1458 5277 Θεοῦ
1485 5220 1636 5278 οἷκον
1658 5242 1672 5258 ο

98 5297 358 5371 λήψεσθαί
380 5322 441 5359 τε
474 5306 652 5361 ταῦτα
684 5308 748 5363 ἐκ
781 5310 893 5362 τῶν
912 5310 1118 5381 χειρῶν
1167 5310 1263 5366 τοῦ
1290 5315 1675 5383 προσοίσοντος

94 5393 181 5447 τὸν
211 5397 385 5467 ἱερέα,
420 5400 516 5454 καὶ
549 5401 772 5468 τεθῆναι
821 5403 1084 5458 ἀπέναντι
1108 5402 1205 5456 τοῦ
1241 5404 1632 5477 θυσιαστηρίου
1655 5425 1670 5441 ο

95 5486 385 5559 εὐλογῆσαι
418 5509 478 5546 τε
504 5487 601 5546 καὶ
640 5492 1055 5562 εὔξασθαι,καί
1099 5493 1275 5558 οὕτως
1302 5497 1675 5569 εὐλογημένοι)

1778 4676 1810 4716 a
1843 4661 2246 4719 sacerdotibus.
2266 4677 2429 4732 quam
2453 4679 2480 4718 a
2513 4663 2690 4727 laicis,
2718 4664 2967 4720 canonici
2994 4665 3214 4721 nomine
3242 4680 3369 4721 san-

1778 4753 1889 4809 cita
1953 4752 2181 4820 ferant;
2239 4753 2683 4824 quandoquidem
2746 4754 3040 4826 stipendiis
3102 4756 3366 4827 propriis,

1782 4844 2083 4901 secundum
2111 4844 2359 4901 divinum
2392 4845 2543 4900 illum
2569 4844 2919 4916 Apostolum.
2950 4861 3114 4902 nemo
3146 4848 3364 4914 militat,

1783 4938 1879 4995 sed
1918 4946 1973 4992 et
2001 4944 2190 5008 pastor
2242 4936 2465 5008 aliquis,
2525 4937 2878 5008 pastoriciam
2936 4916 3168 5001 faciens,
3227 4938 3369 4993 lacte

1783 5030 1931 5088 vesci
1959 5045 2069 5085 non
2100 5037 2348 5085 vetetur:
2379 5040 2434 5086 et
2463 5030 2556 5101 qui
2585 5032 2798 5085 vineam
2825 5029 3056 5100 plantat,
3089 5030 3157 5085 de
3188 5030 3365 5084 fructu

1781 5123 2075 5191 decerpere
2100 5136 2208 5176 non
2235 5120 2577 5191 prohibetur.
2605 5118 2876 5177 Praeterea
2903 5123 2987 5177 lex
3016 5122 3178 5178 etiam
3207 5129 3367 5176 vetus

1782 5216 1985 5286 conjici
2020 5213 2304 5272 fructuum
2380 5223 2591 5286 partem
2629 5215 2683 5270 in
2724 5230 2864 5285 quas
2893 5213 3045 5270 illum
3104 5214 3284 5285 jubet,
3309 5219 3367 5267 ct

1781 5311 1838 5367 in
1877 5309 1968 5367 Dei
2004 5310 2271 5382 templum
2299 5309 2577 5379 deportari
2610 5327 2624 5365 :
2662 5308 2755 5365 ubi
2790 5308 2860 5365 de
2913 5308 3172 5363 manibus
3229 5304 3366 5359 offe-

1780 5402 1955 5458 rentis
1985 5416 2050 5458 ea
2081 5398 2345 5459 sacerdos
2390 5400 2648 5470 accipiat,
2678 5407 2735 5455 et
2766 5415 2831 5456 ex
2888 5398 3123 5455 adverso
3175 5394 3365 5451 altaris

1782 5499 2042 5564 collocet,
2119 5499 2374 5568 votisque
2446 5498 2731 5568 conceptis
2782 5494 3109 5552 benedicat:
3161 5491 3364 5563 quibus

92 5570 231 5631 εἰναι
254 5579 347 5633 τὸν
370 5583 845 5655 προσενέγκαντα,
883 5586 980 5641 καὶ
1020 5584 1114 5641 τδν
1149 5578 1299 5644 οἷκον
1359 5587 1552 5655 αὐτοῦ,
1580 5592 1677 5648 καὶ

1790 5593 2045 5662 peractis,
2107 5591 2428 5650 benedictus
2463 5592 2555 5649 ille
2607 5590 2829 5647 futurus
2883 5588 2977 5655 sit,
3009 5585 3105 5659 qui
3136 5583 3360 5651 obtulit,

1383 5758 1619 5819 VARIJE
1657 5761 2073 5823 LECTIONES.

164 5843 186 5884 ι
229 5849 497 5918 οαετίαιίρι.
