3950 6624
216 424 352 494 365
1547 433 1890 495 GRECO-R
1900 431 2251 495 OMANUM.
3428 439 3541 504 866

221 537 491 612 ζητήσει
511 540 911 614 συγκλητικῶν,
937 544 1032 599 καὶ
1051 544 1149 617 τῆς
1171 543 1511 619 ἐνδημούσης
1537 547 1839 618 τηνικαῦτα

1948 546 2182 602 examini
2217 544 2476 601 destinati
2515 551 2695 610 erant,
2724 551 2778 600 et
2819 546 3052 618 synodo,
3109 563 3228 620 qum
3274 562 3405 608 tunc
3463 545 3537 607 ad

224 632 745 707 συναθροισθείσης
774 636 1016 701 συνόδου,
1052 638 1333 709 συνέδριον
1368 640 1584 708 γέγονε.
1610 641 1722 693 Καὶ
1744 640 1844 712 τῆς

1954 639 2142 693 urbem
2170 644 2313 702 erat,
2348 647 2682 709 congregata
2713 655 2728 705 ;
2770 639 3067 693 concilium
3120 651 3204 697 est
3255 654 3534 703 coactum.

220 722 567 792 ἐξετάσεως
615 727 790 798 ἀρχὴν
828 728 929 798 ήδη
974 729 1276 799 λαμϐάνειν
1313 731 1639 801 μελλούσης,
1671 732 1844 803 παρά-

1948 731 2195 801 Cumque
2240 730 2469 801 jamjam
2527 731 2783 788 habitura
2845 734 3177 805 principium
3238 746 3385 792 esset
3449 738 3534 791 in«

218 817 404 883 ὣξὸν
447 838 498 872 τι
531 822 680 888 παρὰ
716 820 1045 889 προσδοκίαν
1068 823 1349 898 ἁῄντησε
1372 838 1385 852 ·
1415 821 1524 875 τῶν
1561 823 1841 895 κληρικῶν

1948 824 2473 895 dagntio.quiddam
2505 824 2856 895 inopinatum
2909 839 3112 897 praeter
3165 831 3537 897 exspectatio~

219 909 340 982 τῆς
366 912 542 980 ἁγίας
574 911 667 966 καὶ
711 913 957 982 μεγάλης
978 914 1074 966 τοῦ
1113 912 1250 968 Θεοῦ
1294 915 1622 983 Ἑκκλησίας
1646 916 1840 970 αὐθαι-

1948 932 2070 971 nem
2104 918 2372 987 contigit:
2408 932 2530 972 cum
2589 918 2777 975 clerici
2812 930 3018 976 sanctae
3082 936 3403 992 tnagnreque
3438 923 3531 975 Dei

224 1002 433 1073 ρὲτως
465 1003 697 1081 ἐξάπινα
734 1008 1166 1072 στασιασάντων,
1216 1005 1291 1069 ὡς
1332 1005 1464 1076 μηδὲ
1512 1007 1843 1077 ἀνασχέσθαι

1948 1005 2205 1063 Ecclesiae
2233 1019 2425 1078 sponte
2451 1024 2551 1064 sua
2593 1010 2778 1065 subito
2823 1012 3143 1068 seditionem
3195 1015 3533 1066 Cutttnzovis-
3564 1004 3572 1021 ⁸

224 1093 490 1168 ζήτησιν
521 1096 658 1160 ὅλως
697 1097 824 1165 περὶ
856 1097 951 1157 τοῦ
978 1099 1295 1168 σκέμματος
1332 1100 1695 1170 προτεθῆναι·
1729 1099 1844 1154 ἀλλ’

1948 1107 2068 1156 sent
2102 1108 2338 1166 tantam,
2375 1108 2433 1155 nt
2466 1118 2532 1156 ne
2570 1103 2788 1173 quidem
2822 1114 3144 1173 paterentur
3201 1107 3429 1161 omnino
3465 1107 3533 1161 de

224 1188 326 1256 ἐφ’
359 1189 571 1255 ἱκανὰς
607 1188 757 1260 ὥρας
780 1189 1078 1243 κόπτεσθαι
1113 1191 1173 1243 τὸ
1209 1191 1485 1263 συνέδριον
1532 1193 1729 1264 μάτην,
1769 1194 1844 1267 μὴ

1948 1206 2007 1245 re
2070 1192 2475 1249 consideranda
2544 1193 3020 1266 investigationem
3089 1198 3367 1270 proponi,
3435 1202 3532 1254 Sed

219 1276 299 1330 δι’
332 1280 767 1352 ὑποδεχομένων
798 1280 906 1333 τῶν
943 1281 1421 1352 ἐκύησιαστικῶν
1454 1285 1553 1359 τὴν
1577 1287 1676 1356 τῆς
1709 1289 1843 1342 ὑποο

1948 1282 2195 1351 pluribus
2260 1284 2411 1340 horis
2465 1287 2757 1342 concilium
2815 1287 3021 1343 frustra
3080 1290 3376 1357 laboraret,
3430 1306 3532 1347 ncc

224 1371 461 1436 θέσεως
512 1374 772 1443 ἀγωνίαν,
838 1375 978 1446 μήτε
1043 1375 1150 1447 μὴν
1196 1378 1677 1449 ἁποκρουομένων.
1734 1377 1844 1437 Ἦν

1948 1375 2350 1444 accipientibus
2380 1378 2771 1434 ecclesiasticis
2823 1395 3007 1435 causa:
3049 1380 3531 1451 disceptationem,

222 1462 290 1523 δὲ
368 1466 540 1535 μόνον
582 1467 737 1536 φωνὴ
787 1467 1102 1538 παμμιγὴς,
1159 1468 1266 1522 ὑπὸ
1319 1468 1415 1523 τοῦ
1454 1471 1576 1529 λίαν
1631 1474 1844 1544 ἐνηχεῖν

1948 1480 2047 1519 nec
2076 1468 2239 1519 etiam
2267 1467 2665 1536 rcjicientihus.
2727 1466 2964 1525 Tantum
3032 1471 3241 1524 clamor
3305 1473 3529 1542 quidam

224 1558 369 1620 ταῖς
436 1557 671 1622 ἀκοαῖς,
732 1557 1065 1629 ἀδιάκριτος.
1132 1560 1220 1625 Ὠς
1272 1561 1368 1615 καὶ
1410 1565 1844 1634 κατασιγάζουσι

1948 1560 2294 1631 promiscuus
2325 1568 2463 1624 erat,
2495 1567 2550 1614 et
2574 1563 2714 1631 quod
2753 1561 3103 1622 vehementer
3133 1563 3315 1618 feriret
3345 1579 3534 1628 aures.

228 1650 370 1713 τοῖς
436 1648 755 1719 ἱεροκήρυξι
808 1647 907 1722 τὴν
954 1649 1169 1725 ἄσημον
1229 1651 1495 1724 κραυγὴν,
1548 1654 1644 1707 καὶ
1684 1654 1844 1727 σιγὴν

228 1741 761 1812 παραγγέλλουσιν,
791 1742 1148 1814 ἐπισχεθῆναι
1170 1743 1216 1776 δ’
1246 1742 1347 1807 τὰς
1371 1744 1577 1815 φωνάς.
1615 1746 1680 1801 '0
1718 1764 1841 1803 συν-

228 1834 537 1907 νενοηκὼς
569 1833 681 1902 ἐγὼ
714 1836 851 1906 μετὰ
877 1835 987 1889 τῶν
1016 1836 1278 1891 δοθέντων
1311 1856 1401 1909 μοι
1426 1839 1703 1911 συνεργῶν
1741 1840 1843 1911 τῆς

231 1926 540 1997 σκέψεως,
580 1928 675 1981 καὶ
705 1926 981 1999 τηνάλλως
1030 1928 1316 1999 τρίϐεσθαι
1364 1928 1457 1984 τὸν
1502 1931 1693 2003 καιρὸν
1743 1934 1844 1986 οὐκ

230 2017 550 2090 ἐθελήσας,
578 2019 740 2073 ἔλυσα
765 2020 862 2092 τὴν
896 2020 1217 2093 ἐκκλησίαν,
1242 2022 1337 2075 καὶ
1364 2024 1443 2087 είς
1474 2023 1665 2095 ἑτέραν
1688 2023 1845 2094 ἣκειν

158 2142 173 2155 ο
235 2113 630 2184 παρήγγειλα,
685 2114 1253 2183 παρεσκευασμένους
1300 2115 1482 2179 ὄντας,
1518 2118 1613 2169 καὶ
1635 2119 1843 2186 ἐπαγο-

235 2206 462 2275 μένους
495 2207 563 2265 τὰ
596 2207 717 2278 μεθ’
754 2200 830 2262 ὧν
870 2208 1075 2262 οἴονται
1107 2211 1289 2281 νικᾷν,
1324 2208 1644 2281 βοηθήματα
1671 2227 1684 2240 ·
1716 2213 1841 2264 ἐπι-

232 2301 465 2370 τιμίοις
498 2301 592 2357 κα.)⁵
637 2301 1008 2373 παλαμναίαις
1041 2303 1199 2374 ἀραῖς
1234 2304 1329 2357 καὶ
1372 2303 1843 2373 φρικωδεστάταις

236 2390 347 2461 (ὡς
381 2390 594 2464 ᾠόμην)
629 2394 1071 2465 ἀσφαλισάμενος
1115 2396 1241 2458 τοὺς
1269 2395 1349 2457 είς
1398 2395 1496 2466 τὴν
1540 2395 1843 2465 μέλλουσαν

236 2482 586 2554 θορυϐήσειν
626 2486 1107 2557 ἐπιχειρήσοντας,
1140 2486 1172 2558 ἢ
1226 2486 1563 2557 φθέγξασθαί
1616 2506 1666 2541 τι
1702 2487 1843 2541 κατᾶ

239 2575 476 2646 χρείαν,
510 2577 544 2648 ἢ
572 2577 758 2649 χάριν,
786 2576 819 2648 ἢ
856 2576 1026 2641 πάθος
1059 2577 1265 2649 ἓτερον,
1295 2578 1491 2642 κοινῶς
1523 2578 1555 2650 ἢ
1591 2580 1698 2650 ἰδία
1730 2578 1843 2632 δια-

247 2668 437 2737 φέρον
493 2668 701 2733 αὐτοῖς,
765 2668 874 2721 τῶν
918 2668 1205 2722 τεινόντων
1264 2671 1343 2731 είς
1383 2670 1692 2741 παράϐασιν
1734 2670 1843 2722 τῶν

243 2760 427 2816 θείων
458 2762 551 2820 καὶ
575 2762 861 2834 παρακοὴν
894 2762 1154 2827 κανόνων,
1186 2763 1282 2815 καὶ
1306 2761 1566 2816 σύστασιν
1589 2760 1840 2832 ψεύδους.

242 2844 443 2907 Ἧκεν
492 2854 572 2917 εἰς
600 2853 916 2925 δευτέρα⁸⁶.
960 2855 1068 2912 Καὶ
1104 2853 1264 2907 πάλιν
1318 2854 1579 2929 ἀφίκοντο
1633 2856 1683 2908 οἱ
1743 2858 1840 2926 τῆς

246 2946 564 3015 ἐκκλησίας
594 2949 872 3012 ἐνστάναι,
903 2946 995 3005 καὶ
1034 2946 1376 3017 ἐναγόμενοι,
1414 2947 1477 3000 Οἳ
1510 2946 1629 3007 οὐδὲ
1686 2965 1843 3019 περι-

250 3040 497 3110 έμειναν
533 3039 748 3108 πεῦσιν,
803 3039 920 3095 ἀλλ’
978 3038 1139 3103 εὐθὺς
1170 3039 1513 3110 ἐπίμπλαντο
1548 3040 1617 3093 τά
1663 3040 1841 3094 πάντα

247 3132 541 3203 ἀκοσμίας
565 3134 659 3187 καὶ
688 3132 956 3207 ταραχῆς,
986 3132 1082 3191 καὶ
1118 3129 1213 3189 τοῦ
1259 3132 1527 3203 προτέρου
1560 3132 1839 3203 συνεδρίου

1945 1647 2279 1708 indiscretus
2349 1650 2485 1709 adeo
2532 1652 2772 1721 quidem,
2845 1662 2903 1709 ut
2963 1655 3126 1710 etiam
3185 1656 3531 1725 praeconibus

1946 1744 2122 1800 sacris
2151 1746 2448 1805 obscurum
2481 1745 2778 1804 clamorem
2810 1750 3310 1818 compescentibus,
3352 1758 3405 1803 et
3453 1750 3530 1805 si-

1947 1836 2177 1892 lentium
2215 1839 2601 1906 iudicentibus,
2635 1839 2859 1897 minime
2891 1856 3052 1898 voces
3101 1843 3357 1896 cohibita:
3409 1842 3531 1897 tue-

1952 1930 2083 1988 rint.
2118 1929 2238 2000 Quo
2260 1947 2361 2002 ego
2390 1932 2774 1988 animadverso
2806 1948 2928 1988 cum
2963 1935 3050 1997 iis,
3086 1935 3183 2006 qui
3230 1935 3360 1990 mihi
3418 1936 3529 1989 dati

1946 2030 2102 2077 erant
2150 2023 2544 2093 investigandae
2575 2023 2652 2078 rei
2691 2025 2852 2088 socii,
2879 2025 3026 2095 quod
3073 2035 3287 2096 tempus
3325 2025 3532 2080 frustra

1947 2115 2157 2168 conteri
2187 2115 2409 2179 nollem,
2442 2117 2760 2170 concionem
2821 2115 3030 2183 dimisi,
3090 2126 3144 2172 et
3176 2120 3229 2170 in
3289 2117 3521 2174 alterum

1945 2204 2087 2259 diem
2125 2204 2473 2275 vcnirejussi
2510 2215 2753 2275 paratos,
2787 2221 2960 2276 caque
2989 2222 3174 2262 secum
3207 2206 3528 2271 afferentes,

1944 2297 2284 2367 adiumenta,
2338 2298 2536 2369 quibus
2561 2313 2620 2354 se
2687 2298 3004 2368 superiores
3063 2314 3329 2354 evasuros
3369 2310 3532 2369 puta.

1945 2398 2069 2445 rent
2104 2406 2118 2441 :
2151 2388 2328 2459 poenis
2359 2398 2413 2442 et
2459 2388 2936 2444 exsecrationibus
2991 2388 3127 2444 diris
3181 2390 3532 2461 maximeque

1946 2478 2238 2535 horrendis
2270 2481 2354 2548 (ut
2387 2479 2635 2553 equidem
2668 2479 2999 2548 arbitrabar)
3052 2480 3338 2550 implicans
3408 2496 3528 2547 eos,

1947 2571 2036 2642 qui
2070 2572 2332 2634 postridie
2359 2573 2549 2626 ausuri
2573 2581 2758 2627 essent
2805 2572 3150 2639 tumultuari,
3214 2582 3308 2628 aut
3363 2572 3530 2643 quid-

1945 2679 2109 2735 quam
2143 2664 2411 2734 proloqui,
2439 2665 2522 2719 vel
2550 2680 2612 2718 ex
2656 2680 2779 2725 usu,
2812 2665 2892 2720 vel
2939 2680 3002 2721 ex
3036 2667 3233 2735 gratia,
3274 2666 3356 2720 vel
3420 2664 3532 2724 alio

1947 2754 2165 2819 aﬂ‘ectu,
2198 2756 2341 2825 quod
2377 2756 2592 2826 publice
2642 2756 2726 2812 vel
2786 2757 3040 2824 privatim
3096 2771 3193 2812 eos
3254 2764 3529 2828 tangeret,

1945 2853 2108 2917 atque
2141 2846 2206 2901 ad
2234 2846 2579 2901 violationem
2611 2856 3094 2917 contemptumque
3114 2862 3400 2903 sacrorum
3435 2863 3532 2906 ca.

1948 2951 2174 3002 nonum,
2201 2946 2255 2992 et
2289 2936 2578 2991 mendacio
2633 2936 2964 2993 stabiliendo
3013 2937 3239 2993 faceret.
3293 2937 3527 2994 Ventum

1938 3043 2071 3100 ergo
2104 3029 2383 3098 postridie,
2411 3029 2630 3104 jamque
2660 3044 2853 3085 rursus
2878 3030 3233 3086 ecclesiastici
3300 3030 3531 3087 aderant

1945 3120 2011 3175 ad
2040 3120 2380 3182 inStandutn,
2409 3120 2574 3176 etiam
2607 3136 2732 3174 cum
2765 3122 2842 3176 rei
2885 3129 3091 3177 essent.
3151 3121 3262 3177 Nec
3309 3122 3422 3191 jam
3469 3131 3529 3180 ut

254 3220 472 3291 μείζων
506 3221 700 3295 ἀταξία
739 3222 975 3297 κατέσχε
1012 3223 1072 3274 τὸ
1121 3219 1398 3290 δεύτερον.
1443 3222 1645 3277 Λοιπὸν
1677 3222 1840 3277 ἔλυσα

1948 3215 2432 3284 interrogarentur,
2462 3216 2857 3284 expemabam;
2901 3216 2993 3270 sed
3030 3229 3153 3270 mox
3181 3216 3365 3269 omnia
3391 3229 3529 3270 con-

249 3313 362 3369 κιὶ
392 3313 556 3367 πάλιν
574 3308 673 3384 τὴν
692 3312 1008 3384 ἐκκλησίαν,
1040 3313 1133 3367 καὶ
1152 3313 1251 3383 τὴν
1273 3313 1501 3383 ζήτησιν
1536 3313 1634 3383 ἀνή
1646 3330 1840 3384 ρτησα,

251 3404 722 3476 προχειρίσασθαι
746 3403 1126 3477 παραγγείλας
1150 3405 1232 3467 είς
1262 3403 1562 3473 ἀπολογίαν
1592 3406 1687 3475 ἀφ’
1712 3406 1840 3464 ἐκά-

255 3516 396 3554 στου
431 3499 541 3553 τῶν
590 3497 1063 3572 ἐκκλησιαστικῶν
1111 3498 1431 3570 ταγμάτων,
1486 3498 1579 3553 δύο
1609 3500 1773 3571 τυχὸν
1807 3500 1841 3570 ἢ

257 3591 365 3644 καὶ
407 3592 580 3662 τρεῖς,
633 3591 760 3653 τοὺς
793 3589 951 3658 λόγον
995 3588 1350 3660 στρογγύλειν
1380 3587 1691 3659 είδήμονας,
1750 3591 1845 3643 καὶ

254 3682 445 3737 εἰπεῖν
476 3680 570 3734 καὶ
607 3678 842 3734 ἀκοῦσαι
870 3679 1306 3750 δοκιμωτάτουςο
1336 3678 1637 3748 ἐπάγεσθαι
1671 3696 1730 3732 τε
1760 3697 1847 3740 κε-

255 3765 466 3828 λεύσας
505 3767 600 3820 καὶ
629 3764 807 3831 θείους
829 3766 1082 3832 κανόνας,
1108 3767 1157 3820 εἰ
1187 3766 1404 3838 ἔχουσιν
1430 3766 1703 3831 ἐναντίους
1732 3770 1846 3832 τοῖς

259 3857 425 3928 παρὰ
458 3856 560 3909 τῶν
588 3856 919 3921 ἅπεναντίας
968 3856 1426 3929 προφερομένοις,
1464 3855 1497 3927 ἢ
1528 3857 1695 3925 ἕτερά
1724 3850 1845 3911 τινα

256 3949 640 4020 δικαιώματα.
688 3949 962 4020 Ἔπισχεῖν
995 3949 1051 4001 δὲ
1098 3947 1161 4001 τδ
1213 3947 1418 4017 πλῆθος
1467 3947 1682 4000 καὶτὸν
1718 3948 1847 4018 stip-

259 4058 422 4112 φακα
442 4041 619 4112 ὄχλον,
644 4042 706 4094 οὐ
743 4041 841 4097 σὺν
869 4039 944 4111 τῷ
980 4038 1195 4110 δικαίῳ,
1224 4040 1319 4100 σὺν
1350 4038 1440 4108 βίᾳ
1472 4037 1527 4091 δὲ
1554 4038 1655 4108 τῆς
1686 4039 1843 4107 δίκης

260 4131 744 4204 ἀποπειρώμενον,
798 4132 892 4185 καὶ
950 4132 1274 4200 συγχέοντα.
1325 4130 1420 4183 καὶ
1480 4126 1733 4182 θλίϐοντά
1784 4132 1845 4181 τὸ

260 4227 656 4297 ἀκροατήριον.
689 4223 1036 4295 Εὑτρεπίσθη
1060 4223 1158 4276 καὶ
1192 4224 1354 4277 πάλιν
1380 4221 1644 4289 ἐκκλησία
1663 4222 1844 4294 τρίτη.

262 4316 384 4370 Καὶ
412 4315 778 4385 συμπαρῆσαν
810 4314 1048 4378 ἅπαντες
1070 4314 1118 4365 οἱ
1151 4312 1609 4382 προτεταγμένοι,
1640 4314 1848 4383 ἠνεῳγ-

266 4406 443 4477 μένας
474 4405 686 4476 ἔχοντες
721 4405 817 4459 καὶ
851 4405 1091 4467 ἑστώσας
1126 4403 1200 4467 ὡς
1252 4404 1389 4475 πρὸς
1451 4405 1717 4473 ἀκρόασιν
1749 4405 1847 4467 τὰς

264 4499 480 4555 ἑαυτῶν
509 4500 698 4565 ἀκοὰς,
733 4502 828 4557 καὶ
849 4500 1083 4572 οίόμενοι
1137 4498 1466 4559 ἀκούσεσθαί
1499 4515 1552 4551 τι
1596 4497 1848 4568 λαμπρὸν

264 4591 373 4646 καὶ
397 4593 663 4660 γενναῖον,
701 4592 840 4651 Ἀλλ’
862 4586 929 4665 ἦν
959 4592 1113 4645 οὐδὲν
1131 4590 1368 4660 οὐδαμοῦ
1389 4588 1659 4645 τοιοῦτοψ
1693 4588 1850 4660 ὄχλος

264 4682 350 4744 δὲ,
392 4681 488 4734 καὶ
542 4679 732 4751 θροῦς,
788 4680 885 4736 καὶ
935 4679 1296 4750 ὲνθουσιὼδης
1344 4678 1508 4752 ὁρμὴ,
1543 4677 1849 4750 καὶδῆμος

268 4768 437 4821 πάλιν
468 4768 825 4839 παράϐακχόν
860 4787 910 4822 τι
939 4768 1154 4839 βλέπων
1175 4769 1271 4821 καὶ
1310 4769 1561 4839 μανικὸν,
1596 4767 1693 4822 καὶ
1724 4768 1850 4823 πολ-

265 4860 382 4912 λῶν
411 4859 584 4927 λόγων
605 4859 810 4929 ματαία
836 4860 1019 4930 τριϐὴ,
1040 4860 1115 4924 ὡς
1155 4859 1503 4933 τοπρότερον.
1529 4858 1850 4917 Τελευταῖον

268 4952 331 5005 δέ
361 4952 500 5022 μετὰ
528 4951 730 5015 πολλὰς
760 4952 857 5023 τῆς
914 4952 1125 5025 ἡμέρας
1156 4951 1325 5026 ὥρας,
1371 4952 1463 5004 καὶ
1494 4953 1621 5023 περὶ
1668 4950 1849 5021 δείλην

270 5044 451 5112 ὀψίαν.
474 5043 573 5113 ἢδη
606 5042 766 5109 δόξαν
797 5043 972 5107 οὕτως
1001 5042 1205 5109 αὐτοῖς,
1235 5043 1313 5105 είς
1357 5042 1523 5113 μέσον
1577 5042 1845 5112 προετέθη

270 5134 666 5211 χρνσὸϐουλλον
706 5133 1083 5205 προσκυνητὸν
1148 5132 1243 5188 τοῦ
1286 5133 1562 5187 θειοτάτου
1612 5133 1849 5201 κράτους

277 5242 394 5287 σου,
437 5228 503 5295 τῇ
567 5224 779 5299 μεγάλῃ
831 5226 1187 5295 φιλοτιμηθέν
1227 5223 1548 5295 Ἐκκλησία,
1593 5225 1685 5275 ἐπί
1735 5240 1847 5276 τισι

277 5317 377 5385 μὲν
405 5317 499 5369 καὶ
547 5315 726 5379 ἄλλοις
772 5315 1087 5384 κεφαλαίοις
1127 5315 1430 5385 διαφόροις,
1475 5312 1729 5383 περιέχον
1787 5312 1846 5367 δὲ

275 5407 373 5463 καὶ
419 5407 548 5480 περὶ
576 5406 676 5475 τῆς
709 5405 1046 5477 ζητουμένης
1078 5406 1303 5476 ταύτης,
1344 5406 1619 5476 προσέπος
1649 5407 1842 5460 ταῦτα’

281 5514 302 5547 ι
326 5496 490 5549 ’Ὅσαι
520 5495 576 5549 δέ
606 5496 843 5567 ἀρχῆθεν
875 5497 1177 5549 ἐπισκοπαὶ
1232 5497 1312 5557 εἰς
1370 5495 1503 5565 ῢψος
1532 5497 1848 5568 ἀνήχθησαν

274 5585 379 5658 ἢδη
413 5587 817 5657 μητροπόλεων,
852 5587 885 5660 ἢ
921 5580 1012 5641 καὶ
1048 5590 1342 5649 ἐπισκοπαὶ
1378 5590 1458 5657 εἰς
1491 5592 1849 5660 ἁρχιεπισκο-

1948 3306 2237 3376 ple-bantur
2267 3305 2521 3358 indecora
2556 3304 2693 3359 facie
2742 3319 2923 3359 rerum
2971 3318 3035 3357 ac
3086 3304 3529 3373 perturbatione,

1946 3400 2227 3469 majorque
2276 3397 2528 3457 coul‘usio
2569 3407 2687 3453 erat
2746 3399 2799 3453 in
2827 3398 3020 3461 altero,
3071 3413 3231 3466 quam
3263 3398 3532 3468 inpriore

1945 3491 2203 3549 concilio.
2260 3490 2629 3558 Quamobrem
2679 3492 2862 3551 denuo
2912 3492 3230 3546 concionem
3277 3490 3441 3556 solvi,
3472 3499 3531 3553 et

1946 3600 2175 3642 examen
2211 3585 2461 3651 sustuli;
2519 3599 2643 3641 cum
2697 3583 3014 3652 iussissem,
3076 3590 3138 3637 ut
3189 3584 3533 3654 exponenda

1946 3690 2126 3733 causa:
2157 3675 2266 3730 duo
2286 3675 2373 3730 vel
2405 3683 2517 3730 tres
2543 3689 2574 3730 e
2602 3674 2853 3746 quolibet
2906 3673 3406 3731 ecelesiasticorum
3437 3689 3532 3731 or,

1947 3767 2138 3823 dinum
2162 3767 2555 3837 scligerenrur,
2603 3765 2695 3838 qui
2759 3766 2994 3821 rotunde
3056 3781 3172 3821 rem
3223 3779 3531 3835 proponere

1950 3871 2203 3923 nossent,
2236 3875 2299 3915 ac
2326 3868 2442 3914 tum
2483 3859 2769 3929 loquendi,
2820 3868 2932 3913 tum
2992 3858 3248 3912 audiendi
3307 3858 3530 3917 modum

1948 3961 2095 4007 recte
2116 3959 2385 4006 tenerent.
2423 3950 2600 4005 Simul
2649 3951 2817 4014 edixi,
2857 3964 3047 4005 sacros
3077 3949 3410 4005 adducerent
3440 3965 3534 4005 ca.

1948 4056 2142 4100 nones,
2197 4042 2242 4096 si
2296 4054 2437 4109 quos
2505 4040 2762 4092 baberent
2810 4032 3136 4093 contrarios
3196 4038 3285 4101 iis,
3336 4039 3429 4106 qui
3463 4038 3532 4090 ab

1947 4131 2176 4184 adversa
2207 4136 2359 4198 parte
2381 4126 2778 4198 proferrentur,
2806 4135 2899 4181 aut
2925 4127 3030 4181 alia
3052 4124 3259 4196 jurium
3292 4127 3530 4184 adm‘nis-

1947 4223 2067 4277 cula
2099 4238 2113 4274 :
2140 4219 2540 4275 multitudinem
2567 4220 2784 4273 interim
2814 4220 3291 4288 promiscuamque
3311 4218 3526 4274 turbam

1949 4313 2295 4379 cohibentes,
2332 4326 2453 4381 qua:
2478 4324 2586 4363 non
2611 4325 2674 4364 ex
2703 4308 2843 4380 atqui
2881 4316 2934 4364 et
2966 4309 3095 4364 boni
3150 4308 3383 4372 ratione,
3431 4309 3527 4363 sed

1949 4407 1999 4460 vi
2032 4420 2258 4460 causam
2295 4404 2584 4472 disceptet,
2616 4402 2906 4472 ipsumque
2963 4399 3294 4454 auditorium
3348 4400 3529 4455 turbet

1956 4512 2020 4555 ac
2060 4504 2236 4551 vexet.
2260 4495 2454 4565 itaque
2482 4508 2677 4550 rursus
2725 4493 2975 4549 instituta
3019 4491 3287 4546 concione
3339 4490 3526 4552 tertio,

1884 4569 2332 4646 l’convenerunt
2360 4586 2598 4643 universi
2644 4588 2712 4642 de
2763 4584 2964 4656 quibus
3018 4583 3249 4648 dictum,
3308 4580 3530 4653 jamque

1951 4690 2165 4754 apertas
2189 4690 2244 4737 et
2290 4688 2502 4735 erectas
2553 4677 2619 4732 ad
2668 4675 3088 4731 auscultandum
3133 4688 3302 4731 aures
3358 4671 3529 4729 habe-

1952 4772 2104 4834 bant,
2134 4771 2280 4842 quod
2330 4768 2536 4840 aliquid
2580 4768 2656 4822 rei
2683 4764 2987 4838 splendida:
3028 4778 3095 4820 ac
3148 4763 3426 4839 praeclarae
3471 4774 3531 4814 se

1953 4865 2243 4927 audituros
2264 4870 2537 4934 putarent.
2583 4858 2779 4915 Verum
2822 4856 2959 4911 nihil
2989 4869 3223 4926 usquam
3255 4862 3373 4909 erat
3400 4856 3529 4918 talo,

1953 4956 2050 5013 sed
2081 4970 2266 5011 merus
2294 4954 2477 5011 omnia
2505 4951 2795 5015 tumultus,
2827 4958 2879 5004 et
2912 4947 3199 5017 strepitus,
3229 4955 3283 5001 et
3331 4945 3528 4999 incita-

1951 5056 2042 5105 tus
2066 5047 2372 5102 animorum
2428 5045 2685 5113 impetus,
2726 5050 2781 5096 et
2838 5040 3073 5111 populus
3128 5039 3325 5095 iterum
3382 5050 3532 5089 more

1951 5138 2338 5194 bacchantium
2397 5136 2643 5189 furentes
2669 5139 2954 5189 ostentans
3003 5130 3217 5193 oculos,
3266 5138 3321 5182 et
3385 5125 3530 5179 mul-

1954 5237 2134 5286 torum
2164 5229 2458 5284 verborum
2495 5241 2595 5282 ceu
2638 5225 2791 5296 prius
2811 5224 2979 5279 etiam
3039 5222 3340 5281 acciderat,
3392 5232 3532 5270 vana

1948 5321 2315 5390 consumptio.
2340 5318 2578 5379 Tandem
2611 5325 2732 5389 post
2770 5318 2968 5372 multas
2988 5312 3094 5371 diei
3122 5313 3303 5375 horas,
3331 5317 3383 5363 et
3408 5320 3534 5368 sero

1952 5415 2061 5487 jam
2083 5428 2333 5482 vespero,
2370 5413 2516 5483 quod
2548 5411 2629 5466 eis
2654 5412 2728 5466 ita
2759 5412 2941 5466 visum
2980 5414 3146 5467 esset,
3198 5403 3406 5474 prolata
3449 5408 3533 5451 cst

1960 5504 2013 5561 in
2052 5504 2288 5558 medium
2318 5502 2645 5558 venerabilis
2705 5515 2869 5555 aurea
2937 5496 3081 5552 bulla
3140 5490 3529 5547 sacratissime

1961 5595 2263 5664 majestatis
2295 5606 2417 5663 tua),
2443 5594 2636 5666 majori
2662 5604 2927 5648 concessa
2958 5585 3231 5649 Ecclesiae.
3280 5598 3403 5637 cum
3463 5580 3533 5637 de

1537 5769 1770 5825 VARUS
1806 5772 2209 5829 LECTliiNiiS.

352 5855 399 5889 ”
420 5858 520 5911 οὐκ
544 5858 916 5931 ἐπισχεθῆναι.
996 5861 1040 5892 ⁸ο
1069 5855 1200 5933 ἧκον
1226 5865 1303 5926 εἰς
1325 5861 1606 5933 δευτέραν.
