3950 6626
415 449 519 513 δϐτ
1740 445 1878 504 JUS
1915 442 2363 505 CANONICUM
3565 441 3669 505 868

413 564 539 618 :liis
570 557 900 631 quibusdam
946 558 1193 616 diversrs
1240 556 1524 639 capitulis,
1577 564 1694 613 tum
1729 556 1797 613 de
1851 572 2001 628 qua:-

2120 557 2224 611 πτῶν
2248 558 2281 627 ἢ
2314 555 2711 628 μητροπόλεων
2730 553 2952 625 ἀξίωμα
2981 551 3445 623 ἁνεϐιϐἁσθησαν,
3476 550 3678 611 ἔσονται

416 654 599 707 stione
657 651 934 722 proposita
993 650 1371 720 complectens
1424 651 1538 705 baac
1602 649 1670 706 ad
1722 650 1997 705 verbum:

2120 649 2193 700 ιαὶ
2229 641 2392 703 αὗται
2426 647 2519 699 ἐπὶ
2548 645 2651 714 τῆς
2680 645 2856 714 αὐτῆς
2885 643 3038 710 ἀξία,
3066 643 3308 696 ἑστῶσαι
3338 643 3435 695 καὶ
3458 640 3677 712 βάσεως,

423 764 441 797 ι
481 743 811 814 Quicunque
848 756 976 797 vero
1043 743 1395 811 episcopatus
1450 741 1771 812 iamdudum
1830 739 2003 796 evecti

2120 738 2197 790 ιαὶ
2232 739 2411 801 οὐδεὶς
2444 736 2649 800 ταύτας
2674 736 3026 799 ὑποϐιϐἀσει,
3056 735 3118 787 τὸ
3148 734 3554 805 ἀμετακίνητον
3582 739 3684 790 καὶ

417 843 547 892 sunt
578 834 645 888 ad
667 832 1049 903 metropolium
1079 832 1498 898 sublimitatem,
1530 832 1613 887 vel
1639 831 1683 887 si
1714 831 2006 903 episcopa-

2120 831 2269 884 πάλιν
2294 830 2617 900 ὀφειλούσας
2644 827 2966 898 κεκῆσθαι,
3004 827 3196 899 ὥσπερ
3217 826 3283 896 δὴ
3321 827 3420 879 καὶ
3441 826 3683 880 τετύπω-

419 943 507 984 tus
559 929 622 984 ad
664 928 1266 999 arcltiepiscopatuum,
1335 938 1431 980 aut
1482 927 1864 997 metropolium
1918 926 2006 981 di-

2120 940 2218 987 ιαι,
2262 924 2354 976 καὶ
2392 922 2714 992 γεγόνασιν·
2747 924 2797 974 εί
2832 922 2906 991 μή
2971 938 3075 974 που
3114 921 3369 991 χρονικὸν
3407 919 3558 982 ἴσως,
3592 920 3685 973 καὶ

415 1023 675 1088 gstitatem
729 1019 1095 1074 ascenderunt
1140 1035 1154 1073 :
1199 1021 1496 1073 manebunt
1545 1026 1600 1075 et
1648 1017 1752 1089 ipsi
1807 1016 1996 1075 eadem

2120 1014 2423 1086 προσώποις
2461 1012 2839 1085 περιγραπτὸν
2868 1014 2930 1065 τὸ
2981 1010 3226 1065 τοιοῦτον
3258 1009 3561 1082 δεδώρηται
3600 1028 3688 1081 9t-

417 1113 471 1166 in
513 1112 777 1182 dignitate
836 1125 900 1164 ac
945 1109 1139 1179 gradu,
1177 1124 1275 1162 nec
1310 1124 1406 1164 eos
1439 1108 1730 1179 quisquam
1761 1109 1828 1164 ad
1862 1106 2001 1164 inle—

2120 1109 2390 1180 λοτίμημα
2428 1108 2580 1180 παρά
2615 1124 2763 1171 τινος
2803 1106 3087 1179 βασιλέως.
3129 1123 3149 1157 ι

415 1206 615 1259 riorem
645 1201 1081 1271 redigetlocum,
1135 1204 1227 1255 sed
1283 1200 1487 1255 habere
1522 1199 1800 1256 debebunt
1860 1201 1964 1255 hoc
1996 1200 2135 1270 jus,
2175 1210 2235 1257 ut
2274 1201 2526 1256 innovari
2596 1208 2895 1271 nequeant,
2941 1194 3404 1268 quemadmodum
3460 1201 3514 1248 et
3559 1208 3687 1249 san-

416 1310 580 1352 tntum
615 1305 697 1352 est
726 1304 781 1351 et
804 1300 1095 1353 obtinuere
1130 1313 1144 1355 :
1179 1295 1282 1349 nisi
1317 1292 1456 1349 forte
1487 1295 1811 1350 beneﬁcium
1854 1295 2131 1365 ejusmodi
2193 1314 2294 1355 ceu
2374 1297 2770 1370 temporarium
2799 1335 2814 1361 ,
2868 1303 2925 1351 et
3000 1295 3251 1367 personis
3336 1289 3685 1347 circumscriv

416 1406 451 1463 p
480 1407 591 1455 tllll,
630 1390 698 1442 ab
732 1390 916 1458 aliquo
942 1390 1023 1443 eis
1064 1389 1395 1457 imperatore
1417 1402 1740 1443 concessum
1767 1388 1859 1445 sit.
1892 1407 1912 1439 ι

490 1480 695 1535 Ριηυῑει
727 1481 871 1535 hanc
902 1495 1032 1535 vero
1059 1495 1273 1536 sacram
1308 1480 1510 1534 bullam
1566 1495 1811 1545 auream,
1866 1481 2006 1537 insi-

2186 1484 2332 1557 Πρὸς
2362 1481 2443 1555 τῷ
2467 1482 2595 1553 θείῳ
2622 1482 2679 1537 δὲ
2708 1481 2886 1553 τούτῳ
2909 1476 3332 1551 χρυσοϐουλλίῳ,
3365 1471 3683 1544 ἑνεφανίσθη

416 1584 643 1629 nuatum
686 1583 769 1629 est
828 1574 993 1627 etiam
1054 1573 1318 1641 scriptum
1372 1574 1684 1627 constitutze
1744 1574 2009 1631 divinitus

2120 1580 2208 1634 καὶ
2246 1577 2308 1632 τδ
2367 1576 2661 1649 σημείωμα
2717 1574 2813 1628 τοῦ
2870 1570 3271 1644 θεοπροϐλήτου
3305 1566 3544 1639 κράτους
3568 1580 3684 1628 σου,

418 1666 871 1737 majestatistuae,
901 1664 993 1735 jus
1034 1664 1274 1720 dicentis
1321 1662 1464 1718 inter
1515 1665 1819 1720 indicatum
1883 1665 2006 1719 reli-

415 1774 450 1831 g
476 1775 630 1814 osum
672 1758 1154 1829 metropolitanum
1186 1756 1439 1824 Attryrm,
1499 1771 1563 1811 ac
1611 1758 2011 1813 reverendissi-

2114 1667 2322 1740 μεταξὺ
2338 1668 2664 1731 δικάσαντος
2693 1663 2788 1720 τοῦ
2822 1680 2882 1718 τε
2934 1661 3192 1736 ῥηθέντος
3234 1656 3521 1729 θεοφιλοῦς
3576 1673 3683 1729 μη·-

2110 1758 2436 1833 τροπολίτου
2480 1757 2781 1829 Ἀγκύρας,
2845 1757 2942 1811 καὶ⁵
2987 1754 3083 1811 τοῦ
3117 1751 3523 1809 εὐλαϐεστάτου
3557 1764 3688 1819 χαρ-

423 1867 570 1903 tuum
600 1850 1024 1913 cbartulari‘um,
1055 1859 1219 1919 atque
1273 1846 1569 1902 nonnullos
1599 1863 1630 1902 e
1666 1847 1871 1917 majore
1903 1846 2003 1903 Dei

2120 1852 2436 1922 τοφύλακος,
2475 1852 2573 1906 καί
2598 1868 2761 1906 τινων
2792 1850 2893 1919 τῆς
2914 1848 3007 1903 τοῦ
3038 1845 3173 1903 Θεοῦ
3212 1842 3461 1918 μεγάλης
3495 1840 3691 1913 ἔκκλη-

429 1941 691 2005 Ecclesia,
725 1939 1033 1997 decessoris
1060 1938 1429 2007 nostrijussu,
1459 1937 1659 1994 missos
1688 1939 1760 1993 ob
1784 1954 2008 1995 causam

422 2035 803 2106 propositam,
868 2035 1014 2104 quod
1086 2033 1307 2102 quidem
1377 2033 1679 2088 secundum
1738 2032 2007 2103 majorem

423 2128 721 2181 Eet-lesiam
755 2126 1094 2196 pronuntiat.

382 2240 403 2252 κ
490 2218 735 2288 Cumque
761 2229 870 2270 tum
901 2217 1015 2271 haec
1042 2218 1183 2287 ipsa,
1215 2225 1328 2269 tum
1360 2212 1503 2285 longi
1532 2214 1802 2286 temporis
1834 2213 2011 2270 dura-

2116 1946 2239 2009 σίας
2265 1946 2331 1999 ὲκ
2361 1944 2717 2016 προστάξεως
2754 1941 2850 1998 τοῦ
2892 1942 2998 2012 πρὸ
3024 1939 3183 2011 ἡμῶν
3220 1936 3291 1991 τά
3318 1923 3422 2006 τῆς
3460 1932 3687 2002 Ἐκκληο

2116 2038 2237 2101 σίας
2264 2038 2597 2103 οίακίζοντος
2612 2037 2747 2089 ὲκπε
2757 2033 3043 2107 μφθέντων
3063 2031 3193 2101 περὶ
3208 2032 3307 2101 τῆς
3326 2027 3689 2100 προκειμένης

2113 2129 2447 2194 ὑποθέσεως,
2481 2126 2726 2181 δικαιοῦν
2764 2127 2865 2196 τὴν
2902 2123 3148 2197 μεγάλην
3189 2118 3550 2189 Ἐκκλησίαν.

2187 2220 2285 2285 ’Ὧς
2312 2237 2366 2273 τι
2398 2219 2454 2273 δὲ
2483 2217 2648 2273 ὅπλον
2693 2215 3128 2289 προϐαλλόμενοι
3175 2212 3499 2286 πρόϐλημα,
3524 2207 3693 2265 ταῦτά

419 2309 650 2373 tionem,
691 2310 867 2364 instar
897 2309 1131 2376 alicujus
1181 2307 1274 2361 teli
1325 2306 1631 2375 objicercnt
1676 2323 1690 2361 :
1732 2305 2012 2376 negabant

2120 2330 2172 2367 τε
2208 2312 2303 2366 καὶ
2344 2311 2434 2365 τὸν
2457 2310 2671 2382 μακρὸν
2701 2310 2914 2381 χρόνον,
2945 2307 3021 2380 μὴ
3044 2307 3153 2362 δεῖν
3194 2306 3295 2376 τὴν
3324 2304 3416 2358 ἐπὶ
3444 2301 3692 2358 τοσοῦτον

422 2402 790 2473 abrogandam
839 2416 954 2455 rem
1007 2415 1129 2470 qua:
1173 2406 1325 2452 tanto
1360 2396 1473 2465 jam
1520 2398 1783 2468 temporis
1834 2398 2012 2453 inter-

425 2495 572 2548 vallo
604 2510 671 2548 ex
708 2494 868 2563 longa
915 2493 1248 2563 minimeque
1283 2493 1652 2548 interturbala
1717 2495 2014 2544 consuetu-

423 2587 552 2640 diue
595 2584 951 2639 obtinuisset.
994 2584 1127 2648 Quae
1167 2599 1291 2638 cum
1340 2584 1405 2637 ad
1451 2580 1725 2636 tollendos
1768 2592 2009 2634 canones

423 2677 585 2732 nobis
617 2675 762 2729 haud
796 2675 1047 2729 subicere
1088 2678 1206 2729 visa
1248 2674 1508 2738 fuissent,
1554 2672 1770 2742 ipsique
1810 2677 2014 2725 metro-

429 2768 656 2839 politani
710 2765 1044 2838 permoleste
1089 2765 1297 2821 ferrent
1338 2774 1446 2819 tam
1497 2764 1705 2818 alienas
1738 2777 1767 2815 a
1802 2764 2013 2816 ratione

423 2853 892 2909 contradictiones
932 2852 1476 2921 ecclesiasticorum;
1524 2867 1590 2906 ac
1633 2852 1873 2906 vicissim
1915 2865 2006 2906 ac-

425 2947 731 3000 clamarcnt
784 2943 1172 3010 ecclesiastici,
1222 2951 1278 2998 ct
1330 2943 1399 2999 ad
1441 2956 1659 3000 sacrum
1713 2942 2009 3013 impr-rato-

427 3039 569 3091 rium
622 3036 861 3092 tribunal
911 3044 1297 3108 provocarent,
1350 3051 1450 3091 nec
1485 3035 1638 3106 prius
1687 3051 1747 3090 se
1789 3046 2010 3089 causam

424 3146 581 3186 suam
609 3139 832 3185 acturos
865 3136 1271 3193 asseverarent,
1302 3128 1413 3183 nisi
1443 3127 1559 3182 hac
1586 3127 1848 3198 abrogata
1881 3119 2017 3181 fuis-

426 3232 549 3278 sent
592 3238 606 3273 :
650 3237 917 3292 suspensa
954 3221 1137 3277 denuo
1177 3221 1283 3276 fuit
1325 3219 1578 3290 quastio,
1624 3228 1841 3287 tua'que
1888 3230 2007 3269 rna-

421 3315 642 3385 jestatis
684 3313 922 3368 examini
955 3320 1256 3368 reservata.
1286 3309 1359 3366 Ut
1390 3319 1570 3365 autem
1604 3324 1761 3364 sacra
1791 3321 2010 3377 quoque

430 3405 688 3474 majestas
732 3413 825 3457 tua
865 3411 1197 3474 cognoscat,
1243 3416 1353 3457 non
1401 3402 1475 3457 ob
1521 3402 1736 3456 nullutu
1775 3401 2012 3470 pretium

427 3511 610 3567 opera:
640 3494 802 3549 nobis
834 3495 939 3548 boc
970 3493 1157 3548 datum
1186 3487 1740 3557 ‘l'uisse'mandatum,
1766 3506 1865 3546 nec
1896 3489 2016 3546 obi-

427 3596 515 3644 ter
570 3596 663 3641 aut
715 3585 1053 3656 negligenter
1091 3593 1406 3650 tractatum,
1453 3584 1629 3640 visum
1682 3591 1766 3639 est
1810 3583 2020 3639 rnedio-

430 3679 612 3735 critati
650 3687 873 3743 nostra),
901 3691 1117 3731 onmem
1151 3676 1351 3730 librum
1387 3690 1606 3730 sacrum
1639 3673 1707 3746 (si
1740 3674 1853 3728 ﬁeri
1888 3688 2018 3745 pos-

431 3770 538 3843 set)
567 3769 840 3833 evolvere,
871 3783 1173 3839 sacrosque
1202 3782 1447 3824 canones
1477 3766 1768 3822 universos
1795 3767 2017 3822 curiose

432 3861 773 3932 perquirere,
822 3860 998 3930 deque
1041 3859 1127 3916 liis
1167 3859 1311 3931 ejus,
1350 3875 1460 3930 quo
1498 3858 1567 3914 de
1602 3859 1803 3927 agitur,
1851 3859 2017 3913 intel-

431 3954 710 4024 ligentiam
762 3953 1065 4023 percipere,
1127 3961 1361 4024 postque
1406 3952 1777 4023 cognitionem
1851 3951 2017 4016 hanc,

431 4045 639 4114 scripto
681 4044 939 4100 exhibere
973 4045 1113 4100 divae
1158 4044 1431 4113 maiestati
1476 4052 1583 4099 tuae
1627 4058 1755 4115 quas
1794 4041 2017 4098 inventa

429 4146 640 4193 essent.
673 4136 806 4203 Quae
837 4152 970 4192 sane
1003 4136 1318 4193 recensenti
1367 4151 1397 4191 a
1437 4135 1710 4207 principio
1743 4134 1811 4190 ad
1851 4136 2013 4189 linem

435 4244 751 4299 usque......
796 4236 856 4282 ut
883 4237 936 4280 et
964 4228 1196 4298 singulis
1224 4235 1278 4282 et
1315 4227 1689 4297 particulatim
1721 4226 2019 4299 propositis

427 4321 651 4392 juribus
716 4320 986 4389 cujusque
1046 4318 1218 4390 partis
1279 4320 1549 4374 instructa
1604 4325 1698 4374 tua
1760 4317 2021 4388 majestas

432 4413 750 4484 aequissima
794 4420 848 4466 et
882 4412 1409 4480 incorrupta,‘certo
1445 4418 1746 4481 cognoscat
1799 4411 2019 4482 religio-

433 4518 528 4563 sos
562 4501 1033 4573 metropolitanos,
1061 4501 1155 4571 qui
1184 4501 1254 4556 de
1288 4501 1373 4556 bis
1407 4501 1644 4572 litigant,
1678 4516 1788 4555 non
1827 4500 1896 4556 de
1932 4513 2022 4556 re-

2114 2405 2306 2476 χρόνον
2344 2403 2703 2474 κρατήσασαν
2735 2403 2799 2454 ὲκ
2839 2400 3057 2472 μακρᾶς
3103 2398 3201 2451 καὶ
3251 2393 3692 2467 ἀπαραποδίστου

2117 2495 2410 2567 συνηθείας
2457 2495 2657 2564 πρᾶξιν
2686 2491 3021 2563 ἀθετηθῆναι
3060 2488 3270 2559 ελεγον.
3302 2481 3405 2542 Ἦν
3441 2485 3545 2556 οὐχ
3576 2485 3694 2538 ικα-

2114 2587 2221 2641 νῶν
2269 2590 2402 2658 ἡμῖν
2470 2587 2552 2649 είς
2598 2586 2840 2640 κανόνων
2899 2582 3220 2652 καθαίρεσιν
3284 2578 3692 2648 ἀναφανέντων,

2114 2677 2570 2749 ἀγανακτούντων
2599 2676 2657 2730 δὲ
2677 2675 2785 2731 τῶν
2819 2664 3233 2747 μητροπολιτῶν
3258 2672 3352 2729 επὶ
3370 2673 3494 2735 ταῖς
3518 2668 3697 2724 τοιαύο

2113 2788 2234 2834 ταις
2260 2771 2480 2839 ἀλόγοις
2503 2767 2612 2822 τῶν
2636 2765 3110 2837 ὲκκλησιαστικῶν
3134 2764 3545 2835 ἀντιρῤήσεσιν,
3576 2761 3695 2813 ἑπι-

2115 2863 2412 2933 ϐοωμένων
2439 2861 2495 2915 δὲ
2528 2860 2621 2917 καὶ
2644 2859 2753 2913 τῶν
2775 2855 3274 2929 ἑκκλησιαστικῶν,
3306 2855 3405 2909 καὶ
3434 2854 3530 2907 τὸν
3560 2853 3695 2907 θεῖον

2117 2953 2399 3026 βασιλικὸν
2451 2950 2906 3021 ἐπικαλουμένων
2946 2949 3120 3019 βῆμα,
3173 2947 3266 3001 καὶ
3314 2946 3391 3019 μὴ
3433 2943 3696 3016 πρότερον

2115 3042 2565 3117 ἀπολογήσασθαι
2624 3041 3052 3113 βιϐαιουμένων,
3082 3041 3133 3095 εἰ
3175 3037 3250 3111 μὴ
3283 3038 3462 3092 ταῦτα
3505 3037 3696 3106 eam-

2118 3137 2285 3200 θεῖεν,
2317 3134 2660 3208 μετεωρίσθη
2699 3134 2863 3190 πάλιν
2903 3133 2971 3188 τά
3000 3133 3103 3204 τῆς
3152 3133 3457 3203 ζητήσεως,
3491 3132 3587 3185 καὶ
3632 3131 3697 3202 τῇ

2115 3233 2211 3300 τῆς
2244 3231 2341 3296 σῆς
2381 3227 2801 3300 μεγαλειότητος
2828 3225 3073 3291 ἐξετάσει
3128 3222 3459 3294 ἑταμιεύθη.
3496 3221 3615 3276 Ἵνα
3644 3220 3699 3278 δὲ

2117 3323 2210 3375 καὶ
2242 3322 2303 3375 τὸ
2343 3321 2499 3389 ἀγιόν
2547 3337 2642 3374 σου
2692 3318 2894 3391 κράτος
2928 3317 3068 3388 γνῷ,
3114 3317 3192 3382 ὡς
3236 3316 3300 3369 bc
3327 3317 3386 3368 ἐν
3435 3314 3700 3385 παρέργῳ

2117 3416 2250 3485 ἡμῖν
2298 3412 2456 3483 ἐδόθη
2493 3413 2564 3466 τά
2612 3411 2713 3483 τῆς
2764 3410 3160 3480 προστάξεως,
3215 3407 3337 3461 οὐδὲ
3400 3405 3698 3477 παρέργως

2116 3506 2396 3581 ῆάμελῶς
2446 3506 2744 3577 ἐξητάσθη,
2789 3505 2899 3559 δεῖν
2947 3503 3091 3575 ἔγνω
3124 3506 3156 3577 ἡ
3188 3503 3486 3575 μετριότης
3543 3502 3697 3574 ημῶν

2118 3601 2300 3654 πᾶσαν
2333 3599 2488 3670 ίεράν
2542 3597 2726 3669 βίϐλον
2754 3596 2823 3669 (εί
2867 3591 2979 3650 οἷόν
3007 3599 3090 3667 τε)
3125 3594 3567 3659 ἀναπτύξασθαι,
3610 3594 3700 3649 καὶ

2118 3693 2298 3747 πάντα
2329 3691 2475 3745 θεῖον
2497 3690 2701 3745 κανόνα
2728 3688 3280 3760 πολυπραγμονῆσαι,
3313 3687 3411 3741 καί⁵
3438 3687 3501 3750 ἐξ
3525 3685 3699 3741 αὐτῶν

2118 3783 2307 3837 λαϐεῖν
2331 3782 2425 3837 τοῦ
2455 3781 2793 3852 ζητουμένου
2822 3779 3129 3851 κατάληψιν
3150 3794 3165 3810 ⁸
3195 3778 3291 3833 καὶ
3308 3777 3453 3848 μετὰ
3474 3776 3697 3845 γνῶσιν,

2120 3875 2408 3948 γράμματι
2455 3874 2811 3945 παραστῆσαι
2842 3872 2919 3943 τῷ
2955 3870 3233 3941 θεσπεσίῳ
3272 3870 3470 3941 κράτει
3503 3885 3599 3922 σου
3633 3867 3699 3921 τά

2118 3966 2413 4038 εὑρεθέντα
2446 3968 2636 4020 πᾶσιν.
2670 3965 2854 4036 ’Δπερ
2902 3961 3174 4030 ἐπεξιόντι
3226 3964 3341 4025 τοῖς
3376 3960 3474 4014 ἀπ’
3526 3959 3702 4031 ἀρχῆς

2122 4059 2285 4132 μέχρι
2317 4056 2620 4120 τέλους.....
2651 4056 2801 4119 ὅπως
2831 4055 2941 4109 ἀπὸ
2961 4053 3072 4108 τῶν
3094 4051 3408 4108 καθέκαστα
3433 4052 3535 4107 καὶ
3563 4052 3701 4105 κειτά

2123 4150 2287 4223 μέρος
2303 4147 2681 4216 δικαιολογιῶν
2698 4145 2931 4200 ἑκάστου
2944 4144 3055 4199 τῶν
3077 4146 3259 4215 μερῶν
3280 4141 3449 4197 λαϐοῦ
3460 4158 3529 4195 σα
3565 4140 3699 4211 εἰδη-

2124 4256 2208 4294 σιν
2236 4240 2270 4310 ἡ
2315 4235 2634 4308 δικαιοτάτη
2663 4235 2756 4289 καὶ
2794 4234 3047 4308 ἀρρεπὴς
3086 4234 3336 4305 βασιλεία
3381 4249 3503 4297 σου,
3538 4231 3699 4303 μάθοι

2121 4332 2216 4385 καὶ
2250 4330 2631 4403 πληροφορίαν
2678 4329 2860 4394 λάϐοι,
2892 4328 2969 4391 ὡς
3009 4329 3110 4382 οὐκ
3134 4328 3222 4380 ἐπ’
3259 4327 3467 4390 ἀδίκοις
3488 4327 3544 4380 οἱ
3574 4323 3701 4394 περὶ

2120 4422 2329 4475 τούτων
2360 4420 2660 4493 μαχόμενοι
2713 4421 2984 4490 θεοφιλεῖς
3028 4418 3427 4491 μητροπολίται
3463 4417 3703 4486 φιλονει-

2122 4511 2333 4566 κοῦσιν.
2364 4509 2576 4564 Οὐκοῦν
2606 4510 2702 4565 καὶ
2748 4511 3006 4575 ἄκουσον,
3058 4508 3394 4581 γαληνότατε
3456 4505 3698 4577 βασιλεῦ.

434 4597 539 4651 bus
573 4595 778 4666 iniquis
809 4591 1163 4649 contendere.
1195 4591 1543 4662 Quapropter
1582 4590 1750 4658 audi,
1799 4606 2013 4663 quaeso,

2127 4595 2346 4651 Πολλῶν
2380 4596 2623 4652 κανόνων
2657 4598 2738 4659 είς
2774 4597 2936 4669 μέσον
2968 4597 3236 4651 τεθέντων
3293 4596 3391 4651 καὶ
3420 4595 3584 4665 ἱερῶν
3618 4595 3702 4665 βία

436 4687 793 4744 serenissime
833 4686 1151 4757 imperator.
1191 4683 1328 4740 Cmn
1358 4683 1516 4738 multi
1542 4696 1782 4740 canones
1813 4685 1870 4741 in
1905 4698 2021 4741 me-

438 4779 591 4835 dium
646 4778 800 4833 allati
860 4775 1099 4832 fuissent
1144 4776 1410 4846 multique
1447 4774 1574 4831 libri
1618 4776 1787 4843 sacri,
1830 4790 2020 4848 reper-

435 4878 552 4925 tum
595 4885 660 4924 ex
698 4869 781 4924 eis
826 4878 932 4933 est,
981 4870 1062 4923 uti
1106 4866 1366 4938 deinceps
1412 4866 1774 4933 indicabitur,
1812 4870 2018 4925 multos

436 4976 629 5020 sacros
656 4977 720 5017 ac
750 4961 968 5019 divinos
997 4975 1260 5025 canones,
1292 4960 1545 5032 legesque
1573 4960 1785 5027 civiles,
1813 4969 1868 5017 et
1897 4969 2021 5016 acta

441 5065 757 5113 sanctarum
800 5055 1193 5110 universalium
1236 5055 1568 5126 synodorum
1601 5064 1808 5117 vetare.
1846 5071 1917 5110 ne
1951 5056 2019 5109 ad

439 5146 827 5217 metropolium
855 5146 1251 5201 sublimitatem
1285 5145 1642 5215 episcOpatus
1667 5145 2014 5200 evehantur:

439 5254 563 5297 cum
599 5239 846 5295 ordinem
876 5237 1107 5305 singulis
1136 5236 1465 5307 modumque
1491 5242 1758 5300 statuant,
1790 5250 1889 5290 nec
1924 5236 2019 5292 ulli

440 5348 627 5388 rerum
673 5333 808 5387 lines
835 5328 1135 5391 transilire,
1161 5328 1248 5383 vel
1278 5337 1534 5400 appetere
1558 5344 1668 5383 non
1693 5334 2021 5383 convenien-

440 5427 541 5490 tia,
596 5424 939 5496 permittant.
995 5400 1174 5492 Atque
1230 5421 1307 5475 uti
1370 5423 1597 5477 minime
1650 5420 2020 5492 producendis

441 5517 699 5573 omnibus
730 5517 1031 5571 orationem
1066 5512 1419 5585 prolixiorem
1455 5512 1682 5578 faciens,
1715 5512 1890 5568 sacris
1925 5528 2023 5568 au-

440 5608 594 5662 ribus
620 5607 729 5661 tuis
756 5607 1022 5660 molestus
1050 5604 1179 5667 sim,
1222 5603 1415 5658 saltem
1442 5601 1668 5671 prolatis
1695 5601 1751 5656 in
1779 5603 2020 5659 medium

445 5697 672 5766 majoris
702 5695 960 5751 metuenti
995 5694 1304 5750 canonibus
1332 5700 1386 5748 et
1417 5707 1484 5747 ex
1510 5693 1713 5761 quibus
1742 5693 1878 5750 solis
1905 5696 2022 5750 elu-

445 5803 662 5844 cescere
697 5789 901 5844 veritas
937 5788 1158 5858 poterit,
1186 5795 1418 5842 caeteros
1451 5785 1725 5840 omittam.
1758 5785 1892 5840 Cum
1927 5801 2021 5857 pa-

448 5881 688 5936 triarcha
735 5879 954 5950 quidam
1011 5878 1389 5935 Antiochenus
1433 5877 1563 5934 olim
1614 5877 2017 5935 ordinationem

2122 4687 2287 4752 ϐλων,
2312 4686 2511 4760 εὑρέθη
2547 4689 2614 4743 ἔκ
2639 4689 2869 4752 τούτων,
2901 4689 2978 4751 ὡς
3013 4689 3139 4758 ἑξῆς
3187 4687 3589 4758 δηλωθήσεται.
3628 4687 3703 4751 ὡς

2120 4779 2182 4833 τὸ
2210 4778 2309 4840 τὰς
2339 4780 2649 4844 ἑπισκοπάς
2680 4782 2760 4843 είς
2789 4780 3179 4852 μητροπόλεων
3218 4778 3350 4850 ὕψος
3377 4779 3700 4848 ἀνάγεσθαι,

2123 4869 2309 4923 πολλοὶ
2349 4869 2445 4924 καὶ
2497 4871 2635 4942 ἱεροὶ
2668 4872 2762 4925 καὶ
2814 4872 2949 4926 θεῖοι
2985 4871 3233 4936 κανόνες,
3283 4873 3379 4929 καὶ
3432 4872 3705 4925 πολιτικοὶ

2119 4962 2295 5031 νόμοι,
2342 4963 2440 5018 καὶ
2484 4962 2713 5033 πράξεις
2747 4962 3056 5017 καθολικῶν
3105 4963 3279 5032 ἁγίων
3327 4962 3568 5018 συνόδων
3599 4981 3706 5018 κω-

2120 5054 2330 5117 λύουσι,
2363 5055 2517 5120 τάξιν
2545 5056 2761 5127 ἑκάστῳ
2796 5058 2891 5110 καὶ
2918 5056 3091 5110 τύπον
3122 5054 3479 5120 ἐπιτιθέντες.
3510 5060 3603 5110 ml
3629 5055 3702 5127 μὴ

2122 5146 2301 5219 πηδᾷν
2332 5146 2624 5219 ὑπερόρια,
2664 5147 2789 5219 μηδ’
2816 5148 3065 5217 ἐφίεσθαι
3087 5148 3477 5218 ἐπιτρέποντες
3503 5150 3612 5202 τῶν
3641 5150 3698 5203 ού

2123 5239 2532 5311 προσηκόντων.
2562 5239 2674 5298 Καὶ
2715 5239 2806 5293 ινα
2851 5240 2925 5311 μὴ
2956 5238 3215 5311 μηκύνων
3244 5241 3311 5311 τῇ
3345 5240 3455 5293 τῶν
3486 5242 3702 5297 πάντων

2124 5333 2461 5401 παραγωγῇ,
2506 5332 2627 5394 ταῖς
2678 5333 2800 5395 σαῖς
2842 5332 3028 5399 ἁγίαις
3080 5331 3284 5402 ἐνοχλῶ
3327 5333 3541 5399 ἀκοαῖς,
3578 5335 3699 5396 τοὺς

2124 5422 2520 5492 καιριωτέρους
2570 5419 2794 5492 προθεὶς
2830 5423 2921 5500 ⁸είς
2973 5420 3158 5490 μέσον,
3213 5423 3309 5476 καὶ
3340 5421 3401 5488 ἐξ
3436 5415 3514 5475 ὧν
3544 5424 3699 5493 μόνον

2123 5512 2351 5567 δυνατόν
2391 5511 2509 5564 ἐστι
2532 5514 2634 5583 τὴν
2663 5511 2925 5582 ἀλήθειαν
2954 5513 3316 5583 ἀναφανῆναι,
3354 5515 3483 5577 τοὺς
3508 5513 3699 5577 ἄλλους

2122 5604 2550 5676 καταλιμπάνω.
2590 5605 2939 5677 Πατριάρχου
2982 5606 3094 5677 γάρ
3138 5623 3283 5671 τινος
3344 5607 3695 5678 ’Δντιοχείας,

2123 5696 2235 5751 τῶν
2262 5697 2318 5750 ὲν
2369 5695 2585 5768 Κύπρῳ
2638 5696 2975 5767 Ἐκκλησιῶν
3021 5697 3122 5768 τῆς
3165 5700 3503 5770 χειροτονίας
3538 5701 3696 5753 πάλαι

2124 5789 2512 5859 ἀντεχομένου,
2543 5789 2640 5844 καὶ
2676 5787 2962 5861 ζητήσεως
2986 5792 3115 5864 περὶ
3158 5790 3350 5844 τούτευ
3384 5793 3445 5844 ὲν
3471 5796 3538 5864 τῇ
3570 5792 3696 5862 ἁγίᾳ

2127 5882 2219 5934 καὶ
2276 5879 2537 5952 καθολικῇ
2595 5881 2754 5952 τρίτῃ
2796 5881 3000 5953 συνόδῳ
3042 5882 3366 5954 γενομένης,
3424 5883 3692 5953 ἁπόςρασις
