3950 6562
200 342 319 410 869

1495 354 2207 421 ῧΙὶιΕΟΟ-ΒΟΜΑΝΗΜ.

3377 358 3489 425 870

199 458 318 512 τῶν
371 456 529 513 θείων
550 457 709 531 ἐδόθη
748 459 1040 535 Πατέρων,
1093 463 1169 529 ὡς
1216 466 1244 519 ό
1288 466 1333 532 ξ’
1362 468 1568 542 ταύτης
1615 470 1783 526 κανὼι

1899 471 2258 529 ecclesiarum
2299 470 2467 546 Cypri
2514 470 2622 531 sibi
2670 472 3000 543 vindicaret,
3043 473 3221 545 deque
3270 474 3377 530 boc
3425 473 3484 530 in

198 551 531 624 παρίστησι,
570 553 834 626 τοιαύτη⁸
875 574 894 609 ι
943 556 1183 629 Πρᾶγμα
1221 561 1374 632 παρὰ
1410 563 1540 628 τοὺς
1587 565 1794 636 ἐκκλη-

207 662 225 692 ι
265 644 582 708 σιαστικοὺς
614 644 853 717 θεσμοὺς
890 649 1150 714 καὶτοὺς
1193 653 1427 716 κανόνας
1465 654 1575 709 τῶν
1615 656 1792 727 ἁγίων

203 756 222 786 ι
263 735 531 808 Πατέρων
562 742 1085 812 καινοτομούμενον,
1124 745 1223 799 καὶ
1256 746 1355 816 τῆς
1385 749 1606 803 πάντων
1637 749 1797 803 ἐλευ-

203 846 222 878 ι
264 827 464 897 θερίας
508 831 843 901 ἁπτόμενον,
881 836 1283 906 προσήγγειλεν
1317 840 1345 892 ό
1373 839 1795 908 θεοφιλέστατος

203 936 223 970 ι
265 919 575 985 ἐπίσκοπος
614 922 887 994 Ῥηγῖνος,
933 926 1030 980 καὶ
1053 928 1101 980 οί
1143 928 1239 982 σὺν
1273 930 1422 1000 αὐτῷ
1455 932 1793 988 εὐλαϐέστα-

200 1029 219 1063 ι
257 1028 348 1065 τοι
373 1013 667 1068 ἐπίσκοποι
698 1016 801 1087 τῆς
850 1018 1115 1089 Κυπρίων
1161 1021 1434 1093 ἐπαρχίας
1472 1026 1663 1095 Ζήνων
1695 1028 1793 1081 καὶ

200 1123 217 1155 ι
261 1105 562 1177 Εὑάγριος.
597 1109 764 1162 Ὅθεν
798 1112 988 1181 ἐπειδὴ
1034 1111 1105 1166 τά
1136 1114 1291 1168 κοινᾶ
1338 1116 1486 1189 πάθη
1543 1120 1793 1189 μείζονος

201 1216 217 1247 ι
255 1194 437 1251 δεῖται
472 1197 795 1270 θεραπείας,
827 1203 904 1267 ὡς
934 1202 1031 1257 καὶ⁹
1059 1203 1288 1273 μείζονα
1317 1207 1417 1280 τὴν
1456 1209 1664 1282 βλάϐην
1689 1212 1791 1282 φέ-

206 1315 215 1331 ι
260 1305 456 1360 ροντα,
514 1294 616 1347 καὶ
657 1294 918 1364 μάλιστα,
963 1299 1015 1350 εἰ
1052 1298 1188 1369 μηδὲ
1234 1299 1355 1365 ἔθος
1389 1304 1616 1374 ἀρχαῖον
1649 1319 1795 1378 παρ⁹

196 1403 214 1435 ι
258 1383 656 1453 ηκολούθησεν,
686 1385 829 1440 ὥστε
863 1387 957 1442 τὸν
986 1388 1287 1445 ἐπίσκοπον
1315 1393 1415 1464 τῆς
1467 1395 1789 1469 Ἀντιοχέων

199 1492 217 1522 ι
258 1474 479 1537 πόλεως
501 1476 600 1538 τὰς
627 1479 686 1530 ὲν
715 1479 928 1550 Κύπρῳ
951 1480 1223 1541 ποιεῖσθαι
1253 1483 1612 1553 χειροτονίας,
1646 1486 1790 1540 καθά

197 1582 214 1615 ι
252 1564 356 1619 διὰ
380 1566 492 1619 τῶν
517 1567 780 1623 λιδέλλων
807 1572 905 1624 καὶ
934 1571 1045 1624 τῶν
1066 1573 1286 1629 οἰκείων
1318 1576 1513 1644 φωνῶν
1539 1577 1788 1647 ἐδίδαξαν

196 1676 213 1711 ι
253 1659 309 1712 οί
338 1659 735 1715 εὐλαϐέστατοι
786 1662 1005 1734 ἄνδρες,
1040 1665 1089 1718 oi
1119 1665 1220 1739 τὴν
1249 1666 1517 1739 πρόσοδον
1542 1673 1608 1742 τῇ
1657 1670 1790 1743 ἁγίᾳ

194 1769 213 1802 ι
256 1750 474 1821 συνόδῳ
507 1753 903 1824 ποιησάμενοι,
942 1756 1127 1823 ἕξουσι
1156 1757 1218 1812 τὸ
1249 1759 1662 1832 ἀνεπηρέαστον
1694 1762 1791 1816 καὶ

1900 571 2092 621 sancta
2122 571 2176 620 et
2205 563 2506 621 universali
2549 566 2713 622 tertia
2771 566 2985 639 synodo
3024 566 3314 638 quaesitum
3355 563 3486 620 fuis-

1902 665 1986 712 set
2037 673 2052 711 :
2105 656 2383 712 sententia
2443 657 2692 713 divorum
2749 659 2978 714 Patrum
3032 658 3181 714 edita
3236 665 3325 713 est
3378 658 3486 713 ltu-

1895 748 2164 818 iusmodi,
2195 750 2361 807 sicuti
2398 755 2582 806 canon
2630 751 2838 813 eisdem
2886 752 3156 822 septimus
3191 750 3432 806 declarat
3464 765 3481 804 :

1903 858 1922 893 ι
1961 839 2095 897 Rem
2124 857 2247 912 qua:
2278 857 2425 899 novo
2454 858 2609 900 more
2638 856 2838 915 praeter
2872 844 3019 915 leges
3051 843 3482 911 ecclesiasticas,

1900 951 1920 986 ι
1963 941 2018 990 et
2051 942 2374 991 sanctorum
2426 935 2645 991 Patrum
2695 952 2939 993 canones
2982 936 3313 997 admittitur,
3356 948 3485 989 om-

1900 1046 1919 1079 ι
1961 1028 2226 1099 niumque
2254 1028 2565 1085 libertatem
2596 1030 2790 1100 tangit,
2822 1029 3098 1084 nuntiavit
3129 1026 3485 1098 religiosissi-

1900 1137 1920 1172 t
1960 1136 2082 1177 mus
2115 1121 2412 1194 episcopus
2440 1121 2705 1194 Reginus,
2749 1124 2910 1193 eique
2939 1120 3185 1192 adiuncti
3222 1135 3482 1177 reveren—

1898 1233 1917 1265 ι
1958 1213 2178 1270 dissimi
2247 1213 2493 1285 episcopi
2562 1214 2860 1284 provincia:
2904 1212 3278 1284 Cypriorum,
3332 1209 3483 1266 Zeno

1901 1323 1933 1355 ε.
1956 1315 2121 1375 atque
2142 1304 2427 1377 Evagrius.
2451 1304 2626 1372 Unde,
2648 1321 2773 1362 cum
2807 1306 2983 1361 morbi
3010 1320 3331 1360 communes
3364 1320 3483 1360 ma-

1900 1413 1920 1448 t
1953 1397 2093 1465 joris
2140 1398 2447 1454 curationis
2503 1408 2723 1469 egeant,
2775 1408 2835 1454 ut
2887 1399 2981 1469 qui
3033 1397 3217 1468 majus
3261 1411 3483 1468 quoque

1900 1506 1919 1540 ι
1956 1488 2217 1544 damnum
2244 1489 2762 1562 ferant,praesertim
2796 1490 2843 1544 si
2870 1505 3048 1560 neque
3074 1502 3195 1543 mos
3221 1489 3482 1560 antiquus

1900 1600 1917 1634 ι
1956 1583 2270 1646 accesserit,
2304 1591 2365 1638 ut
2395 1584 2691 1654 episcopus
2745 1583 2898 1638 urbis
2946 1580 3301 1638 Antiocheam.
3327 1581 3483 1636 ordi-

1900 1691 1919 1725 ι
1961 1673 2214 1729 nationes
2245 1673 2300 1727 in
2335 1673 2518 1746 Cypro
2551 1674 2739 1740 faciat,
2780 1672 3243 1745 quemadmodum
3282 1688 3379 1743 per
3414 1673 3481 1727 li-

1900 1780 1920 1814 ι
1961 1762 2133 1819 belles
2171 1774 2227 1818 et
2250 1764 2533 1837 orationes
2564 1779 2696 1821 suas
2724 1764 2964 1820 docuere
2992 1761 3093 1817 viri
3134 1762 3479 1817 reverendis-

193 1859 213 1891 ι
249 1839 523 1898 ἀδίαστον
548 1844 599 1896 οί
646 1843 755 1897 τῶν
795 1844 970 1914 ἁγίων
1008 1846 1345 1919 Ἐκκλησιῶν
1364 1825 1475 1904 τείν
1510 1852 1659 1907 κατά
1687 1851 1783 1925 τὴν

1897 1874 1916 1908 ι
1956 1856 2120 1922 simi,
2188 1857 2283 1927 qui
2351 1857 2644 1913 concilium
2710 1857 2815 1911 hoc
2878 1856 3105 1911 nomine
3163 1855 3481 1922 adierunt;

194 1951 212 1983 t
258 1934 496 2004 Κύπρον
513 1937 882 2009 προεστῶτες,
908 1939 1050 1994 κατά
1079 1943 1207 2006 τοὺς
1236 1943 1470 2010 κανόνας
1489 1945 1598 2000 τῶν
1624 1948 1789 2003 ὁσίων

196 2045 214 2076 ι
256 2027 556 2099 Πατέρων,
610 2031 702 2082 καὶ
728 2029 831 2103 τὴν
857 2033 1094 2103 ἀρχαίαν
1136 2034 1450 2106 συνήθειαν,
1475 2037 1544 2092 δι’
1576 2038 1791 2092 ἑαυτῶν

197 2137 214 2166 ι
253 2116 365 2181 τὰς
418 2120 757 2189 χειροτονίας
818 2122 928 2176 τῶν
1000 2125 1412 2181 εὐλαϐεστάτων
1470 2128 1788 2185 ἐπισκόπων

194 2233 213 2266 ι
254 2216 601 2285 ποιούμενοι.
649 2219 723 2271 Τὸ
763 2220 820 2273 δὲ
858 2221 991 2275 αὐτὸ
1051 2225 1145 2276 καὶ
1184 2225 1277 2277 ἐπὶ
1322 2224 1433 2278 τῶν
1478 2226 1657 2281 ἄλλων
1707 2226 1788 2281 δι-

194 2327 211 2359 ι
252 2309 534 2379 οικήσεων
564 2310 662 2364 καὶ
685 2311 795 2365 τῶν
822 2312 1113 2384 ἅπανταχῆ
1140 2316 1419 2387 ἐπαρχιῶν
1437 2318 1783 2391 φυλαχθήσε-

197 2419 214 2450 ι
254 2417 376 2467 ται,
401 2399 547 2453 ὥστε
594 2401 804 2470 μηδένα
832 2403 942 2456 τῶν
986 2404 1421 2474 θεοφιλεστάτων
1465 2410 1786 2466 ἐπισκόπων

196 2514 211 2545 ι
252 2494 536 2564 ἐπαρχίαν
574 2495 769 2566 ἑτέραν
808 2497 911 2550 οὐκ
951 2496 1121 2553 οὖσαν
1148 2499 1358 2554 ἀνωθεν
1405 2503 1502 2557 καὶ
1537 2503 1785 2576 ἐξαρχῆς

197 2608 213 2636 ι
254 2588 370 2641 ὑπὸ
391 2587 495 2657 τὴν
523 2587 711 2652 αὑτοῦ,
738 2588 907 2659 ἤγουν
927 2589 1035 2643 τῶν
1065 2592 1172 2661 πρὸ
1203 2592 1370 2646 αὑτοῦ
1402 2596 1585 2667 χεῖρα,
1612 2614 1784 2651 κατα-

195 2698 212 2729 ι
249 2679 578 2750 λαμϐάνειν.
624 2679 765 2734 Ἀλλ’
789 2683 838 2735 εί
866 2684 956 2736 καί
980 2701 1064 2750 τις
1092 2686 1382 2754 κατέλαϐε,
1411 2691 1508 2743 καὶ
1537 2689 1628 2759 ὑφ’
1652 2693 1783 2745 ἐαυ-

197 2792 214 2824 ι
255 2773 352 2827 τὸν
382 2774 681 2845 πεποίηται
719 2775 1076 2846 βιασάμενος,
1107 2780 1300 2835 τοῦτον
1326 2780 1664 2852 ἀποδιδόναι,
1697 2788 1784 2842 ἵνα

195 2882 211 2912 ι
257 2863 339 2934 μὴ
363 2863 474 2916 τῶν
501 2864 762 2935 Πατέρων
791 2867 841 2920 οί
875 2869 1101 2932 κανόνες
1138 2871 1611 2943 παραδαίνωνται,
1647 2879 1784 2950 μηδὲ

196 2977 212 3005 ι
248 2958 312 3008 ὲν
347 2957 670 3030 ἱερουργίας
705 2962 1081 3031 προσχήματι,
1115 2961 1365 3029 ἐξουσίας
1394 2969 1562 3038 τῦφος
1589 2988 1786 3043 κοσμι-

197 3067 213 3098 ι
252 3048 355 3111 κὸς
408 3050 829 3121 παρεισδύηται,
864 3052 1000 3124 μηδὲ
1030 3052 1285 3125 λάθωμεν
1323 3056 1421 3129 τὴν
1465 3059 1783 3131 ἐλευθερίαν

199 3158 215 3190 ι
254 3141 608 3240 ματαμικρδν
653 3143 1046 3240 άπσλεσαντες,
1076 3147 1145 3240 ην
1182 3148 1315 3218 ήμζν
1356 3148 1679 3240 ,ἐδωρήσατο
1706 3152 1784 3225 τῷ
1811 3182 1854 3240 c

200 3252 215 3281 I
257 3232 378 3303 ίδίῳ
422 3235 619 3304 αἵματι
662 3236 693 3289 ὁ
728 3235 933 3306 Κύριος
982 3238 1141 3308 ήμῶν
1199 3239 1411 3310 Ἰησοῦς
1456 3242 1721 3311 Χριστὸς,
1755 3247 1783 3298 ὁ

201 3344 217 3374 ι
256 3324 478 3379 πάντων
507 3325 881 3398 ὲλευθερωτὴς
908 3329 1240 3399 ἀνθρώπων.
1285 3331 1474 3401 Ἔδοξε
1502 3334 1687 3407 τοίνυν
1714 3339 1778 3407 τῇ

201 3434 220 3466 ι
259 3415 397 3488 ἁγίᾳ
433 3417 529 3472 καὶ
557 3419 916 3492 οίκουμενικῇ
972 3422 1210 3494 συνόδῳ,
1255 3423 1528 3491 σώζεσθαι
1574 3404 1780 3502 έλίάστίί

200 3526 219 3559 ι
257 3509 502 3580 ἐπαρχίᾳ
551 3510 771 3581 καθαρά
816 3512 914 3565 καὶ
959 3512 1196 3567 ἀϐίαστα
1220 3515 1290 3568 τὰ
1317 3518 1455 3590 αὐτῇ
1507 3523 1780 3588 προσόντα

201 3619 219 3650 ι
254 3599 448 3655 δίκαια
475 3600 714 3673 ιξαρχῆς
741 3601 837 3656 καὶ
866 3602 1094 3669 ἄνωθεν,
1127 3606 1270 3659 κατά
1291 3607 1350 3660 τὸ
1380 3609 1550 3663 πάλαι
1575 3612 1779 3683 κρατῆ·

199 3712 218 3743 ι
258 3710 362 3748 σαν
392 3692 534 3759 ἔθος,
577 3693 762 3749 ἄδειαν
800 3695 1019 3768 ἔχοντος
1066 3697 1301 3753 ἑκάστου
1352 3704 1778 3773 μητροπολίτου,

201 3804 219 3838 ι
256 3786 328 3839 τὰ
356 3784 450 3839 ίσα
475 3774 587 3840 τῶν
614 3790 1027 3858 πεπραγμένων
1049 3788 1187 3859 πρὸς
1216 3790 1277 3842 τὸ
1308 3793 1507 3846 οἰκεῖον
1536 3796 1781 3864 ἀσφαλὲς

202 3895 219 3926 ι
260 3876 537 3932 ἔκλασείν.
570 3876 631 3929 Ei
659 3876 717 3930 δέ
741 3894 824 3941 τις
857 3879 1167 3948 μαχόμενον
1198 3882 1369 3935 τύπον
1390 3886 1503 3947 τοῖς
1523 3884 1620 3937 νῦν
1645 3886 1779 3956 ὡρι-

201 3989 218 4020 ι
257 3968 480 4040 σμένοις
515 3969 872 4041 προκομίσοι,
907 3971 1113 4040 άκυρον
1147 3972 1343 4027 τοῦτον
1369 3971 1508 4028 εἶναι
1535 3976 1680 4043 ἔδοξε
1711 3982 1776 4051 τῇ

199 4082 217 4114 ι
257 4062 393 4134 ἀγίᾳ
430 4062 583 4134 πάσῃ
609 4063 705 4114 καὶ
747 4062 1103 4133 οἰκουμενικῇ
1151 4064 1378 4137 συνόδῳ.
1416 4085 1435 4118 ι
1471 4068 1581 4123 Καὶ
1618 4070 1779 4123 τοῦτο

195 4157 294 4241 μὲν
339 4156 574 4228 ὥρισται
618 4154 772 4227 παρὰ
811 4155 913 4225 τῆς
957 4157 1122 4224 ἁγίας
1155 4158 1347 4231 τρίτης
1390 4161 1631 4217 συνόδου.
1666 4164 1777 4218 Καὶ

195 4249 428 4326 δεήσεως
458 4247 630 4320 ταύτῃ
668 4247 1127 4320 προσενεχθείσης
1158 4253 1311 4321 παρά
1329 4269 1476 4317 τινος
1506 4249 1774 4321 Εὗνομίου

1896 1969 1915 2003 ι
1957 1949 2363 2005 immunitatem
2414 1949 2484 2004 ab
2534 1948 2683 2004 omni
2727 1947 3010 2005 habebunt
3044 1948 3243 2018 injuria
3277 1957 3331 2004 et
3364 1948 3484 2003 vio-

1897 2060 1916 2093 ι
1955 2041 2118 2096 lentia
2148 2047 2465 2096 sanctarum
2489 2040 2872 2103 ecclesiarum,
2896 2054 3015 2110 quae
3042 2040 3095 2094 in
3121 2037 3300 2111 Cypro
3322 2047 3475 2103 sunt,

1895 2150 1914 2183 ι
1952 2131 2212 2200 praesides
2230 2170 2245 2193 ,
2274 2130 2579 2186 secundum
2608 2144 2850 2186 canones
2876 2140 3194 2186 sanctorum
3229 2127 3481 2198 Patrum,

1896 2243 1915 2275 ι
1953 2234 2008 2279 et
2038 2225 2319 2294 antiquam
2351 2223 2803 2279 consuetudinem
2830 2262 2845 2288 ,
2880 2238 2980 2295 per
3008 2224 3221 2292 seipsos
3247 2223 3476 2278 ordina-

1895 2335 1914 2368 ι
1956 2316 2133 2372 tiones
2157 2316 2746 2372 reverendissimorum
2770 2315 3156 2385 episcoporum
3187 2314 3475 2371 facientes.

1894 2425 1914 2460 ι
1954 2406 2100 2462 Idem
2141 2422 2271 2461 vero
2314 2418 2368 2461 et
2405 2407 2460 2461 in
2505 2407 2631 2462 aliis
2665 2405 3003 2461 dimcesibus
3042 2405 3477 2475 provinciarum,

1894 2520 1915 2554 ι
1954 2516 2075 2572 quae
2105 2501 2306 2571 ubique
2341 2510 2494 2561 sunt.
2523 2500 2912 2555 observabitur
2964 2514 2979 2552 :
3018 2506 3077 2551 ιιι
3125 2498 3309 2552 nullus
3343 2497 3476 2552 reli-

1896 2614 1914 2647 ι
1953 2595 2394 2667 giosiss‘imorum
2425 2594 2810 2664 episcoporum
2846 2592 3184 2661 provinciam
3217 2590 3478 2656 alienam,

1893 2705 1912 2738 ι
1950 2702 2074 2757 quae
2111 2686 2242 2739 olim
2272 2692 2324 2739 et
2354 2685 2422 2739 ab
2454 2684 2607 2738 initio
2640 2683 2745 2739 sub
2776 2683 2919 2752 ejus.
2950 2681 3032 2737 vel
3066 2691 3477 2735 antecessorutn

1893 2801 1911 2834 ι
1949 2782 2122 2853 ipsius
2151 2796 2316 2835 manu
2355 2795 2462 2833 nott
2506 2779 2692 2841 fuerit,
2747 2784 3001 2845 occupet.
3070 2774 3381 2841 Quinetiam
3429 2774 3479 2829 si

1893 2891 1911 2924 ι
1951 2875 2077 2942 quis
2118 2870 2493 2941 occupaverit,
2522 2878 2576 2924 et
2620 2868 2724 2924 sibi
2756 2867 3074 2937 subjecerit.
3114 2866 3355 2919 adhibita
3397 2866 3472 2927 vi.

1895 2983 1913 3017 ι
1955 2964 2206 3017 restituat
2253 2977 2370 3016 eam
2399 3001 2415 3026 ,
2477 2975 2546 3015 ne
2615 2961 2839 3014 Patrum
2886 2971 3126 3012 canones
3180 2957 3478 3022 violentur,

1895 3072 1914 3104 ι
1956 3069 2053 3107 nec
2086 3053 2230 3107 sacri
2266 3052 2510 3107 muneris
2545 3059 2833 3120 praetextu,
2866 3050 3153 3120 potestatis
3186 3049 3480 3103 mundana

1894 3165 1912 3195 ‹
1953 3146 2126 3199 fastus
2178 3145 2409 3215 irrepat.
2462 3158 2599 3199 neve
2653 3142 2814 3197 nobis
2865 3141 3009 3195 baud
3057 3140 3478 3195 observantibus

1895 3255 1911 3286 ι
1956 3237 2263 3291 libertatem
2295 3250 2416 3288 eam
2454 3237 2718 3305 paulatim
2748 3234 3089 3298 amittamus,
3121 3248 3283 3302 quam
3318 3233 3477 3287 nobis

1890 3349 1909 3379 ι
1952 3330 2183 3397 largitus
2207 3337 2293 3383 est
2326 3345 2420 3399 per
2447 3329 2771 3399 sanguinem
2801 3342 2958 3381 suum
2996 3325 3260 3380 Dominus
3290 3333 3480 3379 noster

1890 3441 1908 3475 ι
1948 3421 2109 3478 Jesus
2135 3423 2413 3486 Christus,
2440 3422 2687 3475 omnium
2721 3419 2984 3475 liberator
3018 3420 3108 3473 ille
3139 3418 3472 3472 mortalium.

1890 3533 1908 3566 ι
1950 3513 2163 3568 Placuit
2217 3530 2347 3583 ergo
2397 3521 2591 3569 sancto
2649 3520 2704 3567 et
2755 3511 3054 3566 universali
3107 3510 3366 3573 concilio,
3419 3520 3478 3563 ut

1888 3625 1908 3658 ε
1945 3607 2142 3677 cuique
2192 3606 2491 3676 provinciae
2550 3619 2689 3676 pura
2748 3612 3042 3660 serventur
3094 3609 3152 3657 et
3207 3603 3474 3656 inviolata

1890 3720 1909 3754 ι
1944 3702 2087 3770 jura,
2118 3715 2241 3768 quae
2276 3715 2306 3753 a
2352 3698 2625 3768 principio
2653 3697 2847 3767 etiam
2876 3698 3005 3751 olim
3039 3696 3223 3760 habet,
3269 3710 3475 3749 secun-

1890 3814 1907 3846 ι
1944 3797 2073 3848 dum
2097 3792 2553 3848 consuetudinem
2587 3778 2857 3860 priscam;
2892 3788 3315 3859 metropolitano
3338 3802 3470 3856 quo.

1886 3904 1905 3938 ι
1948 3885 2079 3939 libet
2108 3883 2389 3939 licentiam
2421 3883 2704 3947 habituro,
2729 3889 2789 3934 ut
2819 3880 3007 3949 copias
3035 3887 3281 3933 actorum
3314 3892 3472 3934 suam

1888 3996 1906 4028 ε
1946 3978 1999 4030 in
2030 3974 2385 4031 securitatem
2420 3974 2678 4044 accipiat.
2702 3971 2859 4039 Quod
2889 3972 2935 4026 si
2962 3972 3090 4041 quis
3123 3969 3471 4025 sanctionem

1886 4089 1904 4121 ι
1943 4077 2275 4139 pugnantem
2303 4082 2432 4122 cum
2462 4067 2550 4132 iis,
2578 4081 2700 4138 qua:
2730 4064 2894 4120 modo
2921 4064 3140 4119 decreta
3167 4070 3318 4125 sunt,
3346 4075 3473 4131 pro-

1887 4182 1904 4214 ι
1946 4161 2156 4225 tulerit,
2219 4176 2340 4216 eam
2387 4160 2602 4215 irritam
2671 4174 2795 4216 esse
2837 4156 3043 4213 debere
3088 4155 3296 4226 placuit
3343 4155 3474 4210 huic

1889 4273 1905 4305 ι
1948 4253 2206 4308 universo
2239 4259 2434 4308 sancto
2472 4259 2528 4307 et
2572 4247 2872 4306 universali
2905 4247 3164 4303 concilio.
3194 4264 3212 4298 ι
3261 4244 3327 4300 Et
3366 4245 3472 4301 hoc

197 4339 291 4409 gi};
328 4339 693 4409 Νικομηδέων
737 4339 901 4408 ἁγίας
954 4340 1285 4413 Ἑκκλησίας
1328 4345 1772 4413 ἐπιστατοῦντος,

1892 4348 2096 4418 quidem
2150 4346 2432 4402 decretum
2490 4341 2596 4397 fuit
2649 4356 2680 4396 a
2731 4348 2922 4395 saneto
2991 4337 3159 4393 tertio
3211 4337 3468 4394 concilio.

206 4432 331 4484 ιατά
390 4431 748 4485 Ἀναστασίου
778 4432 882 4503 τῆς
930 4435 1077 4488 κατά
1145 4434 1388 4490 Νίκαιαν
1445 4437 1775 4510 Ἐκκλησίας

1892 4436 2018 4491 Cum
2048 4435 2224 4490 eidem
2257 4442 2452 4504 preces
2486 4438 2673 4487 essent
2707 4430 2903 4483 oblata:
2931 4429 3000 4483 ab
3033 4428 3299 4482 Eanomio
3329 4443 3470 4494 quo-

215 4521 583 4593 ιατάρχοντος,
614 4523 715 4595 τὴν
760 4524 1070 4598 ἐπισκοπὴν
1105 4524 1551 4592 Βασινουπόλεως
1593 4529 1772 4603 ὑφαρ-

1892 4526 2046 4588 lant,
2116 4536 2323 4581 saneta:
2380 4521 2818 4577 Nicomediensis
2873 4519 3125 4575 ecclesia:
3190 4518 3468 4589 praeside,

208 4614 486 4678 -;άσαντος,
502 4612 594 4668 διὰ
609 4613 670 4667 τὸ
694 4612 922 4686 ἔναγχος
933 4615 1036 4689 τὴν
1051 4616 1349 4688 εἰρημένην
1370 4620 1705 4690 μητρόπολιν
1726 4622 1772 4655 ⁸⁸

226 4709 285 4778 ῆς
308 4707 547 4771 Νικαίας
570 4709 721 4779 παρὰ
742 4710 1194 4766 υῦαλεντινιανοῦ
1217 4714 1314 4767 καὶ
1335 4713 1637 4779 Οὐάλεντος
1661 4714 1774 4772 τῶν

204 4794 553 4864 ⁵ιαιιιλέωνεί.ς
580 4803 971 4872 μητροπόλεως
989 4801 1293 4874 ἀναχθῆναι
1308 4803 1488 4871 τάξιν,
1512 4806 1774 4878 ἀναχθέν-

200 4908 277 4959 τος
290 4895 337 4927 ⁸²
353 4893 483 4965 ἄρτι
497 4895 556 4948 ὲν
571 4895 709 4967 αὐτῇ
728 4897 865 4967 πρὸς
886 4897 987 4968 τὴν
1003 4896 1096 4951 τοῦ
1116 4896 1388 4967 βασιλείου
1409 4898 1645 4972 κράτους
1679 4918 1775 4955 πε-

197 4982 429 5058 ὲιιωπὴν,
452 4988 549 5041 καὶ
571 4987 913 5053 ἀναϐοῶντος
942 4988 1019 5055 ὡς
1050 4989 1312 5056 ἀδικοῖτο,
1331 4992 1366 5062 ἡ
1399 4992 1532 5060 ἁγία
1555 4991 1775 5058 σύνοδος

202 5083 419 5156 ιξήτησε
463 5083 595 5156 περὶ
631 5083 850 5151 τούτου,
896 5083 1182 5155 παρόντων
1226 5085 1321 5138 καὶ
1348 5084 1460 5155 τῷν
1496 5081 1777 5157 προσώπῳ

201 5174 282 5231 ’.οὗ
301 5175 568 5247 βασιλέως
583 5176 906 5247 Μαρκιανοΰ
923 5176 1367 5247 συνεδρευόντων
1393 5174 1778 5247 συγκλητικῶν

201 5266 209 5319 '.
228 5269 494 5342 ρχόντωνο
513 5268 822 5340 κιὶδεῆσαν
832 5266 999 5331 οὕτω,
1016 5268 1079 5322 τὸ
1099 5268 1377 5340 βασιλικὸν
1392 5268 1695 5339 διάταγμα,
1710 5267 1774 5323 τὺ

202 5358 286 5434 ζὴν
315 5363 438 5433 είρη
448 5362 619 5433 μένην
635 5359 1042 5433 μητρόπολινιη
1055 5360 1157 5430 τῆς
1173 5359 1412 5424 Νικαίας
1436 5359 1775 5427 ἀναδιδάξον

225 5457 269 5517 ξς
282 5454 672 5528 μητροπόλεως
684 5454 855 5524 ὖψως,
871 5455 901 5508 ὑ
911 5452 1265 5524 πανεγνὼσθη
1275 5470 1288 5482 ο
1305 5454 1400 5505 καὶ
1412 5448 1561 5524 εἶχεν
1573 5453 1767 5519 οὕτως·

1882 4622 2148 4677 adversus
2173 4620 2524 4676 Anastasium
2564 4615 2798 4673 Nicatore
2839 4613 3156 4685 pontiﬁcem
3197 4612 3469 4675 ecclesias.

1882 4715 1975 4788 qui
2006 4712 2565 4783 Basinopolitanumu
2605 4708 2983 4781 episcopatum
3026 4721 3123 4777 per
3161 4707 3471 4774 surreptio-

1884 4824 2007 4865 nem
2053 4808 2333 4877 invaserat
2378 4810 2694 4875 pr0pterea,
2746 4798 2893 4870 quod
2943 4798 3087 4851 haud
3136 4797 3212 4851 ita
3255 4796 3468 4865 pridem

1882 4900 2027 4956 dicta
2061 4897 2256 4952 civitas
2289 4893 2509 4949 Nicaeua
2554 4907 2651 4962 per
2684 4888 3129 4944 Valentinianum
3173 4895 3225 4943 et
3266 4884 3470 4943 Valen-

1884 5000 1994 5047 tem
2052 4989 2413 5059 imperatores
2470 4984 2539 5040 ad
2596 4980 2917 5051 metropolis
2976 4982 3224 5036 ordinem
3277 4987 3469 5036 evecta

1881 5081 2100 5145 fuisset,
2139 5078 2234 5149 qui
2275 5091 2470 5133 recens
2510 5073 2578 5129 ad
2623 5072 2841 5144 imperii
2887 5073 3023 5145 regii
3058 5073 3275 5128 culmen
3310 5074 3366 5126 in
3400 5085 3467 5127 ea

1882 5176 2100 5231 fuerant
2144 5170 2318 5236 elati;
2357 5166 2706 5223 exclamante
2737 5162 3032 5231 Eunomio,
3063 5162 3323 5233 injuriatn
3357 5159 3465 5215 sibi

1885 5267 2001 5324 ﬁeri
2047 5283 2061 5319 :
2106 5259 2432 5333 perquisivit
2487 5273 2603 5313 rem
2671 5266 2861 5314 sancta
2899 5254 3169 5328 synodus,
3204 5252 3468 5309 iisetiam

1882 5355 2246 5433 praesentibus
2287 5350 2582 5408 senatoriis
2623 5348 3064 5418 magistratibus.
3098 5344 3193 5414 qui
3242 5342 3468 5397 nomine

1885 5448 2149 5508 Marciani
2181 5444 2413 5516 Augusti
2445 5444 2684 5499 concilio
2721 5443 3024 5497 intererant
3056 5455 3071 5494 :
3099 5436 3356 5507 quodque
3385 5434 3467 5491 sic

207 5556 331 5616 ‘pus
385 5555 530 5601 esset
616 5547 802 5614 iacto,
855 5546 1140 5603 decretum
1190 5546 1640 5616 imperatorium,
1693 5562 1804 5615 quo
1844 5547 1995 5602 dicta
2045 5541 2267 5596 Nicena
2318 5536 2513 5591 civitas
2595 5535 2663 5591 ad
2703 5534 3022 5603 metrOpolls
3072 5528 3466 5586 sublimitatem

227 5644 546 5709 vehebatur,
598 5644 896 5715 perlectum
958 5643 1105 5705 fuit;
1147 5642 1295 5714 quod
1344 5643 1398 5696 in
1443 5642 1585 5697 banc
1638 5643 2005 5714 perscriptum
2036 5645 2156 5694 erat
2189 5634 2521 5693 sententiam
2563 5649 2577 5686 :

1482 5758 1716 5816 VARI/[‘1
1770 5753 2181 5816 LECTIO‘NES.

264 5862 308 5930 δ’
344 5861 635 5933 πόλιντῆς.
666 5864 710 5896 ⁸⁸
746 5860 1114 5932 ἀναχθέντων.
1193 5857 1237 5890 ⁵³
1275 5856 1452 5912 πόλιν-

1782 5867 1806 5895 “
1857 5853 2520 5925 Constantinopolitanum.
