3950 6562
244 335 364 406 873

1524 324 2240 396 GRECO-ROMANUM.

3410 332 3518 399 874

240 472 263 506 1
297 467 394 514 τος
442 448 743 511 ἐπίσκοπος
812 446 1166 511 Νικοπόλεως
1235 445 1478 509 παλαιᾶς
1542 441 1825 514 Ἠπείρου,

1948 461 1961 495 ι
1997 446 2163 515 iiquae
2185 443 2358 516 Epiri,
2391 445 2533 502 dixit
2562 464 2576 500 :
2606 442 2851 502 Canonis
2882 444 2997 502 haec
3035 446 3200 503 verba
3233 455 3401 503 sunt:
3448 449 3519 505 Ut

237 559 260 594 1
304 538 457 594 εἶπεν
485 555 501 571 ⁶
560 538 620 592 '0
653 535 840 592 κανὼν
864 535 1007 591 οὕτω
1038 535 1369 607 διαγορεύει.
1427 535 1588 590 Ὥστε
1635 535 1693 588 ἐν
1729 534 1830 605 μιᾷ

239 652 259 685 1
294 634 505 703 ἐκάστῃ
537 629 646 685 τῶν
674 629 954 701 ἐπαρχιῶν
995 629 1058 682 τὸ
1093 629 1259 701 κῦρος
1289 627 1433 700 ἐχειν
1462 627 1555 681 τὸν
1583 626 1685 698 τῆς
1721 642 1829 696 μη-

238 745 259 779 1
295 726 633 798 τροπόλεως,
664 724 758 777 καὶ
779 723 943 776 αὑτὸν
985 722 1254 792 καθιστᾷν
1309 722 1519 785 πάντας
1553 721 1680 784 τοὺς
1723 716 1829 771 ὑπὸ

238 835 258 869 1
292 819 397 888 τὴν
437 815 610 885 αὐτὴν
643 812 915 884 ἐπαρχίαν
946 814 1108 872 ὄντας
1154 813 1510 876 ἐπισκόπους.
1537 810 1647 865 Καὶ
1687 808 1829 879 αὕτη

178 976 184 981 ,
239 925 260 958 ι
293 905 447 960 ἐστὶν
482 908 517 976 ὴ
556 904 767 959 διάνοια
793 904 885 958 τοῦ
925 904 1175 970 κανόνος.
1228 903 1318 975 Τῷ
1365 903 1425 957 δέ
1451 904 1550 973 τῆς
1581 902 1827 973 Νικομη-

233 1017 254 1051 ι
292 998 474 1063 δείας,
521 996 712 1066 ἐπειδὴ
755 997 817 1062 ἐξ
850 996 1077 1068 ἀρχαίου
1122 995 1262 1065 αὓτη
1311 994 1649 1067 μητρόπολίς
1686 995 1826 1059 ἐστι,

236 1108 256 1141 1
295 1088 735 1160 κεχρεώστηται,
790 1087 999 1152 πάντας
1049 1087 1177 1152 τοὺς
1236 1089 1342 1142 ὑπὸ
1391 1087 1493 1157 τὴν
1558 1085 1826 1157 ἐπαρχίαν

235 1200 257 1232 1
294 1182 468 1236 αὐτοῦ
489 1181 646 1244 ὄντας
684 1180 1022 1244 ἐπισκόπους
1048 1183 1396 1253 χειροτονεῖν.
1442 1179 1509 1234 Ἥ
1536 1178 1668 1247 ἁγία
1698 1177 1827 1231 σύν-

233 1290 255 1323 1
288 1273 418 1335 οδος
457 1270 581 1327 εἶπε
602 1290 619 1305 ’
672 1274 862 1328 Ταῦτα
884 1274 1086 1338 πάντες
1120 1272 1443 1343 βουλόμεθα.
1477 1271 1663 1326 Ταῦτα
1690 1287 1830 1324 παν-

233 1380 256 1414 ι
297 1364 475 1434 ταχοῦ
503 1366 805 1436 κρατείτω.
846 1365 1036 1420 Ταῦτα
1061 1366 1230 1420 πᾶσιν
1259 1364 1509 1436 ἀρέσκει.
1548 1362 1828 1434 Ἰωάννης,

234 1476 256 1509 1
292 1459 732 1524 Κωνσταντίνος,
758 1457 1063 1529 πατρίκιοι,
1087 1459 1182 1512 καὶ
1207 1458 1258 1512 οἱ
1287 1456 1468 1511 λοιποὶ
1498 1454 1829 1511 εὐλαϐέσταω

234 1571 259 1605 1
296 1570 388 1607 τοι
416 1552 710 1607 ἐπίσκοποι
738 1553 838 1622 τῆς
875 1553 1140 1622 Ποντικῆς
1169 1552 1511 1624 διοικήσεως,
1551 1544 1725 1603 εἶπον⁸
1766 1549 1828 1602 Oi

230 1663 256 1697 1
297 1645 530 1710 κανόνες
555 1646 654 1700 ἕνα
687 1647 838 1701 ίσασι
861 1644 1292 1718 μητρυπολίτην,
1332 1646 1425 1699 τὸν
1450 1644 1824 1715 ἀρχαιότερον.

232 1754 255 1788 1
296 1737 419 1791 Kal.
461 1737 640 1807 δῆλον,
676 1736 753 1801 ὡς
789 1736 869 1808 τῷ
906 1735 1310 1806 θεοφιλεστάτῳ
1337 1734 1622 1804 ἐπισκόπῳ
1664 1733 1829 1786 Νικο-

1943 551 1963 586 1
2004 535 2061 590 in
2111 537 2468 606 unaqualibet
2530 537 2814 606 provincia
2864 539 3184 610 etropolis
3226 541 3518 611 episcopos

1942 645 1963 678 1
1997 628 2381 685 auctoritatem
2431 630 2666 695 habeat,
2718 639 2885 703 atque
2941 631 2988 686 is
3045 632 3164 702 ipse
3216 633 3521 688 constituat

1942 736 1963 770 1
2000 735 2214 787 omnes,
2239 722 2330 792 qui
2359 723 2463 777 sub
2492 722 2682 779 eadem
2714 724 2998 794 provincia
3030 733 3182 791 sunt,
3205 726 3520 797 episcopos.

1945 828 1963 861 1
2000 811 2067 866 Et
2098 812 2213 869 hac
2244 815 2475 868 canonis
2508 830 2664 870 mens
2691 826 2797 871 est.
2835 814 2906 870 At
2945 815 3353 872 Nicomediensi
3398 820 3521 888 epi-

1944 921 1964 955 1
2001 918 2196 973 scopo,
2227 905 2490 974 quoniam
2518 906 2652 961 inec
2696 907 2829 963 urbs
2868 922 2900 961 a
2945 906 3146 978 priscis
3184 909 3401 965 saiculis
3439 917 3524 965 est

1940 1013 1961 1047 1
2000 997 2337 1065 metropolis,
2368 997 2472 1051 hoc
2509 999 2690 1068 ipsum
2723 1000 2975 1068 debetur,
3001 1010 3063 1056 ut
3086 999 3278 1057 omnes
3305 1002 3524 1072 episco-

1940 1105 1960 1139 1
1999 1103 2099 1157 pos
2153 1090 2246 1159 qui
2308 1090 2430 1161 ejus
2503 1092 2786 1162 provincia
2847 1095 3221 1162 continentur,
3279 1096 3518 1153 ordinet.

1941 1196 1960 1230 1
1999 1180 2198 1235 Sancta
2229 1181 2472 1252 synodus
2509 1183 2682 1239 dixit:
2708 1184 2836 1240 Ητεο
2859 1200 3054 1241 omnes
3080 1188 3358 1244 volumus.
3393 1188 3519 1244 litec

1946 1288 1965 1321 1
2006 1271 2211 1343 ubique
2241 1281 2360 1328 rata
2397 1282 2584 1330 sunto.
2626 1275 2750 1331 Hac
2780 1278 3003 1345 placent
3035 1280 3326 1336 universis.
3358 1276 3523 1334 Joan-

1942 1383 1962 1418 1
2000 1379 2100 1420 nes
2126 1373 2180 1419 et
2205 1365 2628 1435 Constantinus,
2674 1370 2912 1440 patricii,
2960 1372 3259 1442 caeterique
3301 1372 3522 1443 religio-

1942 1474 1964 1509 1
2001 1457 2206 1513 sissimi
2232 1459 2472 1530 episcopi
2502 1460 2743 1517 Pontica:
2772 1463 3053 1529 dimcesis.
3090 1463 3379 1521 dixerunt:
3413 1466 3521 1520 Ca-

1943 1566 1962 1601 1
2001 1565 2176 1607 nones
2224 1566 2395 1606 unum
2451 1553 2603 1608 illum
2662 1565 2972 1623 agnoscunt
3040 1556 3521 1626 metropolitanum

1940 1658 1962 1693 1
2004 1641 2097 1711 qui
2143 1642 2428 1712 antiquior
2474 1653 2577 1699 est.
2622 1646 2885 1715 Adeoque
2920 1645 3222 1701 manifesto
3252 1654 3421 1717 patet,
3456 1649 3523 1699 ad

1942 1750 1963 1786 ι
2011 1735 2488 1806 religiosissimum
2526 1736 3006 1793 Nicomedienscm
3043 1739 3363 1810 epismpum
3404 1755 3529 1811 per-

233 1845 257 1880 1
301 1828 537 1899 μηδείας
573 1828 925 1898 διαφέρουσιν
977 1827 1036 1880 αἱ
1071 1826 1416 1899 χειροτονίαι.
1465 1822 1685 1894 Ἐπειδὴ
1737 1821 1833 1875 καὶ

1948 1846 1962 1879 ι
2002 1827 2179 1883 linere
2217 1828 2615 1885 ordinationes.
2653 1828 3111 1901 Quandoquidem
3136 1832 3219 1886 ita:
3264 1832 3432 1903 leges,
3471 1834 3523 1885 id

234 1937 259 1972 1
297 1923 359 1975 αἱ
382 1919 725 1992 νομοθεσίαι,
770 1921 846 1984 ὡς
885 1920 1094 1974 σύνοιδε
1133 1919 1228 1974 καὶ
1265 1916 1569 1989 ἡὺμετέρα
1605 1916 1837 1989 μεγαλο-

237 2028 258 2063 1
299 2012 584 2082 πρέπεια,
636 2010 863 2082 ὀνόματι
923 2010 1315 2082 μητροπόλεως
1367 2009 1516 2080 μόνῳ
1568 2007 1836 2080 ἐτίμησαν

236 2123 257 2155 1
299 2104 406 2175 τὴν
424 2105 703 2159 Νικαέων*
733 2106 1072 2173 προτιμᾶται
1091 2104 1147 2158 δὲ
1163 2104 1271 2159 τῶν
1299 2103 1499 2157 λοιπῶν
1521 2102 1837 2156 ἐπισκόπων

239 2217 259 2249 1
301 2199 405 2269 τῆς
441 2198 711 2268 ἐπαρχίας
736 2200 802 2269 τῇ
835 2199 966 2268 τιμῇ
992 2198 1131 2267 μόνῃ
1159 2213 1172 2227 '
1203 2198 1237 2267 ἡ
1269 2197 1402 2264 ἁγία
1434 2195 1649 2259 σύνοδος
1686 2190 1832 2248 sine:

239 2310 260 2344 1
299 2290 628 2354 Κανονικῶς
697 2287 968 2354 ἐδίδαξαν.
1031 2289 1227 2354 Καλῶς
1295 2289 1564 2355 ἐδίδαξαν.
1629 2286 1837 2349 Πάντες

237 2403 257 2433 1
298 2384 373 2436 τά
409 2382 550 2437 αὐτά
587 2381 846 2452 λέγομεν,
880 2382 991 2436 Καὶ
1041 2380 1201 2444 αὖθις
1234 2382 1284 2435 οἱ
1334 2380 1563 2445 κανόνες
1612 2377 1836 2450 κρατεί-

239 2494 263 2530 1
299 2493 506 2532 τωσαν.
543 2476 667 2538 Τοῖς
699 2474 893 2530 κανόσι
927 2475 988 2528 τὸ
1018 2472 1203 2528 ίκανδν
1251 2472 1516 2543 γενέσθω.
1558 2467 1659 2525 Ὧν
1693 2470 1837 2524 οὕτω

238 2586 265 2618 1
302 2566 697 2632 συνδοξάντων,
729 2566 1109 2639 συμπέρασμα
1135 2565 1419 2637 ἐπήγαγον
1470 2565 1517 2619 οἱ
1552 2563 1836 2635 ἄρχοντες,

244 2679 266 2712 1
305 2660 406 2714 καὶ
442 2661 744 2731 ἀπόφασιν,
790 2659 1024 2731 ἔχουσαν
1057 2658 1254 2724 οὕτως·
1292 2657 1403 2730 Τὴν
1429 2657 1528 2729 μὲν
1547 2655 1837 2712 αὐθεντίαν

243 2771 266 2806 1
301 2752 401 2808 τοῦ
438 2752 842 2825 μητροπολίτου
866 2756 923 2807 ἐν
963 2754 1081 2817 ταῖς
1113 2751 1260 2807 κατά
1285 2750 1542 2805 Βιθυνίαν
1606 2749 1837 2819 Ἐκκλη-

244 2860 268 2897 1
308 2844 457 2909 σίαις
482 2847 511 2899 ό
545 2844 917 2916 Νικομηδείας
953 2844 1347 2907 εὐλαϐέστατος
1373 2843 1673 2906 ἐπίσκοπος
1701 2840 1836 2906 ἐξειο

245 2953 270 2990 1
304 2935 405 2991 τοῦ
448 2937 707 3002 Νικαίας,
747 2936 849 3008 τὴν
892 2936 1061 3008 τιμὴν
1105 2937 1274 3008 μόνην
1304 2936 1399 2989 τοῦ
1437 2933 1866 3015 μητροπολίτου.

245 3043 268 3079 1
312 3024 553 3095 ἔχοντος,
586 3025 955 3096 ὑποκειμένου
983 3025 1040 3079 δὲ
1069 3024 1215 3079 κατά
1262 3025 1495 3096 μίμησιν
1521 3023 1630 3078 τῶν
1660 3021 1838 3077 ἄλλων

240 3134 267 3169 1
310 3117 631 3171 ἐπισκόπων
680 3118 779 3187 τῆς
823 3117 1116 3189 ἐπαρχίας,
1176 3115 1271 3188 τῷ
1308 3116 1409 3187 τῆς
1441 3113 1834 3188 Νικομηδείας.

250 3226 272 3261 ι
308 3208 483 3262 Τοῦτο
512 3210 624 3281 γὰρ
648 3211 742 3264 καὶ
778 3213 849 3281 τῇ
881 3210 1017 3282 ἁγίᾳ
1046 3209 1297 3281 παρέστη
1330 3208 1556 3280 συνόδῳ.
1597 3227 1617 3262 ι

315 3295 397 3369 Τῇ
421 3296 648 3369 τοιαύτῃ
691 3297 857 3369 ψήφῳ
884 3299 979 3352 καὶ
1026 3299 1158 3368 ἀγία
1197 3297 1415 3362 σύνοδος
1463 3298 1839 3373 ἐπακολουθή-

247 3404 413 3461 σασα,
462 3395 554 3449 τὸν
607 3393 671 3465 ιβ’
720 3395 922 3450 κανόνα
971 3383 1376 3469 ὑπηγόρευσεν,
1421 3394 1840 3468 ἀπαγορεύοντα

240 3481 347 3554 τὴν
384 3482 517 3553 μίαν
546 3483 822 3555 ἐπαρχίαν
866 3485 947 3548 εἰς
978 3482 1075 3538 δύο
1105 3484 1566 3556 κατατέμνεσθαι,
1605 3483 1703 3537 καὶ
1735 3500 1842 3554 μη-

242 3575 573 3647 τροπολίτας
601 3576 697 3630 δύο
721 3579 778 3630 ἐν
814 3578 914 3648 μιᾷ
950 3576 1192 3651 ἐπαρχίᾳ
1216 3572 1358 3632 εἶναι
1390 3593 1405 3607 ο
1448 3577 1543 3632 καὶ
1578 3576 1840 3648 καθαίρεο

246 3685 336 3723 σιν
373 3668 705 3724 ἀπεντεῦθεν
735 3668 1037 3724 ἀπειλοῦσα
1082 3669 1162 3742 τῷ
1214 3671 1278 3725 ἐκ
1327 3668 1668 3745 περιδρομῆς
1710 3666 1836 3721 τολ-

246 3764 482 3833 μὴσοντι
516 3763 800 3836 ἐπισκόπῳ
828 3762 919 3818 διὰ
973 3762 1118 3818 θείου
1161 3763 1336 3819 τύπου
1388 3762 1547 3817 τοῦτο
1609 3761 1795 3817 λαϐεῖν
1820 3774 1837 3791 ⁸

246 3854 345 3908 καὶ
379 3855 740 3922 θεσπίζουσα,
787 3855 879 3909 τὸν
931 3855 1233 3910 ἐπίσκοπον
1283 3855 1375 3909 τὸν
1432 3857 1503 3910 ἐκ
1550 3854 1840 3927 βασιλικῆς

244 3947 498 4016 ἐξουσίας
537 3949 641 4020 ἤδη
672 3947 1135 4020 μητροπολιτικδν
1178 3947 1441 4019 είληιρότα
1465 3947 1698 4016 δίκαιον,
1738 3947 1839 4017 μό-

244 4058 348 4110 νης
385 4041 683 4096 ἀπολαύειν
709 4044 811 4115 τῆς
843 4042 1036 4114 τιμῆς,
1098 4041 1426 4113 σωζομένων
1459 4040 1740 4110 ἀκεραίων
1770 4043 1837 4112 τῇ

245 4131 392 4187 κατὰ
449 4134 713 4203 ἀλήθειαν
746 4133 1080 4206 μητροπόλει
1146 4133 1257 4188 τῶν
1302 4133 1523 4189 οἰκείων
1589 4132 1836 4188 δικαίων.

249 4228 406 4298 Ἔχει
431 4228 488 4281 δὲ
519 4230 548 4281 ό
585 4228 767 4282 κανὼν
792 4228 988 4292 οὕτως’

327 4337 349 4371 1
385 4313 595 4373 ’Ἦλθεν
646 4320 726 4384 εἰς
758 4321 927 4390 ἡμᾶς,
962 4320 1040 4385 ὥς
1087 4337 1235 4384 τινες
1285 4319 1437 4391 παρά
1465 4319 1592 4384 τοὺς
1641 4319 1839 4389 ἐκκλη-

249 4429 271 4462 1
309 4411 628 4475 σιαστικοὺς
676 4410 916 4480 θεσμοὺς
956 4411 1405 4483 προσδραμόντες
1468 4410 1834 4476 δυναστείαις,

1948 1939 1966 1970 1
2002 1919 2151 1989 quod
2179 1920 2345 1974 etiam
2367 1929 2562 1976 vestra:
2588 1929 2809 1976 constat
2834 1921 3276 1991 magniﬁcentiae,
3304 1922 3530 1977 nomine

1945 2031 1963 2064 1
2003 2011 2274 2066 duntaxat
2348 2014 2671 2083 metrOpolis
2742 2012 3019 2069 Nicaenam
3096 2015 3371 2069 civitatem
3433 2032 3529 2069 cc-

1944 2122 1964 2154 1
2001 2103 2369 2158 honestarum
2404 2122 2417 2157 :
2452 2105 2614 2173 cujus
2659 2106 2893 2163 antistes
2920 2106 3195 2175 episcopis
3230 2107 3528 2177 provincia:

1944 2211 1963 2244 1
2006 2196 2219 2248 caeteris
2258 2193 2466 2248 honore
2494 2196 2615 2250 solo
2659 2193 2951 2264 praefertur
2986 2212 3001 2249 :
3037 2206 3232 2250 sancta
3276 2198 3526 2266 synodus

1944 2302 1964 2336 1
2004 2283 2146 2338 dixit
2172 2301 2186 2338 :
2217 2283 2280 2337 Ili
2327 2286 2593 2340 canonice
2622 2301 2733 2340 rem
2765 2295 3160 2356 exposuerunt.
3207 2285 3375 2343 Recte
3406 2304 3524 2344 rem

1947 2393 1965 2427 1
2003 2386 2397 2445 exposuerunt.
2431 2376 2637 2432 Omnes
2683 2376 2876 2433 eadem
2910 2376 3171 2433 dicimus.
3206 2379 3271 2432 Et
3301 2395 3523 2435 rursum

1944 2486 1962 2518 1
2002 2456 2242 2523 canones
2281 2468 2385 2523 rati
2418 2480 2601 2524 sunto.
2648 2469 2970 2526 Cauonibus
3005 2471 3264 2526 satisﬁat.
3310 2470 3527 2538 Quibus

1945 2579 1964 2612 1
2005 2560 2082 2615 ita
2118 2563 2488 2621 communiter
2532 2563 2876 2634 approbatis,
2920 2565 3336 2621 conclusionem
3380 2566 3530 2621 intu-

1944 2672 1965 2706 1
2002 2653 2114 2709 lere
2156 2655 2421 2725 praesides
2456 2694 2474 2721 ,
2540 2664 2707 2726 atque
2771 2657 3099 2712 sententiam
3156 2656 3527 2725 huiusmodi:

1947 2765 1967 2800 1
2002 2747 2403 2803 Auctoritatem
2432 2748 2843 2820 metropolitani
2886 2749 2942 2804 in
2960 2747 3235 2806 Ecclesiis
3258 2749 3531 2821 Bithynia:

1947 2858 1967 2893 1
2008 2840 2463 2911 religiosissimus
2486 2842 2926 2899 Nicomediensis
2958 2844 3251 2914 episcOpus
3282 2842 3525 2903 habebit.

1950 2949 1970 2984 1
2009 2928 2234 2988 Nicasno
2290 2934 2704 3004 metropolitani
2754 2933 3027 2988 duntaxat
3072 2934 3334 2988 honorem
3386 2936 3530 2989 oliti-

1946 3044 1970 3079 1
2010 3034 2199 3093 nente,
2238 3026 2528 3097 nihiloque
2564 3028 2748 3083 minus
2787 3027 2857 3082 ad
2906 3027 3270 3082 imitationem
3305 3035 3531 3082 caetero-

1947 3132 1967 3166 1
2004 3128 2128 3169 rum
2180 3113 2479 3184 provincias
2506 3115 2917 3186 episcOporum,
2963 3114 3368 3171 Nicomedieusi
3395 3118 3529 3170 sub—

1948 3224 1968 3260 1
2005 3206 2142 3263 dito.
2192 3205 2328 3261 Nam
2362 3207 2468 3261 hoc
2509 3207 2587 3262 ita
2622 3221 2795 3263 saera:
2849 3207 3029 3263 visum
3059 3216 3146 3262 est
3174 3206 3406 3278 synodo.
3437 3223 3459 3258 ι

2013 3298 2133 3355 Hoc
2188 3300 2381 3355 eadem
2430 3308 2625 3355 sancta
2677 3299 2923 3368 synodus
2972 3307 3161 3355 secuta
3216 3299 3525 3363 decretum,

1940 3408 2207 3449 canonem
2256 3393 2641 3449 duodecimum
2705 3392 2958 3456 dictavit.
3003 3391 3410 3462 prohibentem,
3457 3406 3529 3446 ne

1941 3501 2050 3541 una
2084 3484 2372 3556 provincia
2413 3485 2698 3541 scindatur
2744 3483 2802 3538 in
2849 3482 3010 3549 duas,
3039 3496 3180 3538 neve
3212 3483 3530 3553 metmpoli-

1940 3575 2056 3631 tani
2093 3575 2206 3632 duo
2250 3577 2304 3632 in
2355 3591 2468 3632 una
2515 3575 2802 3646 provincia
2846 3575 2979 3631 sint.
3016 3574 3195 3629 Simul
3222 3573 3529 3629 abdicatio-

1940 3682 2066 3724 nem
2107 3667 2371 3737 episcopo
2416 3666 2788 3723 comminatur
2832 3664 2887 3720 in
2930 3674 3236 3734 posteram,
3277 3665 3373 3735 qui
3416 3666 3529 3720 cir-

1940 3760 2396 3817 cumcursitando
2423 3775 2521 3830 per
2540 3760 2753 3830 apicem
2788 3774 3008 3814 sacrum
3032 3758 3085 3814 id
3105 3767 3422 3815 tentaturus
3453 3760 3526 3814 sit

1941 3851 2207 3921 consequi
2243 3862 2260 3905 :
2297 3851 2580 3916 sanciens,
2606 3859 2667 3905 ut
2699 3851 2747 3906 is
2777 3850 3099 3921 episcopus,
3122 3850 3215 3920 qui
3251 3851 3322 3905 ab
3356 3852 3528 3919 imper

1945 3943 2153 3999 ratoria
2186 3950 2460 4013 potestate
2504 3942 2600 4012 jus
2645 3942 3115 4012 metropoliticum
3162 3941 3278 4011 jam
3325 3952 3524 3996 nactus

1943 4038 2036 4100 sit,
2101 4036 2310 4091 honore
2357 4034 2624 4089 duntaxat
2670 4034 2908 4100 fruatur,
2965 4033 3136 4091 salvis
3185 4042 3244 4087 et
3292 4033 3524 4103 integris

1941 4142 2086 4184 vera:
2133 4127 2427 4199 metropoli
2480 4128 2599 4184 suis
2646 4126 2890 4199 juribus.
2946 4125 3082 4202 Ejus
3121 4125 3356 4182 canonis
3408 4126 3525 4180 base

1940 4221 2107 4278 verba
2152 4230 2283 4277 sunt
2314 4237 2331 4279 :

2018 4330 2038 4364 1
2071 4309 2330 4367 Pervenit
2372 4310 2441 4366 ad
2474 4325 2599 4376 nos,
2644 4307 2914 4380 quosdam
2950 4316 3147 4379 praeter
3188 4307 3525 4363 ecclesiasti-

1948 4427 1967 4459 1
2003 4421 2102 4462 cas
2141 4406 2290 4477 leges
2325 4404 2392 4460 ad
2433 4419 2551 4470 eos,
2597 4404 2692 4476 qui
2740 4418 2926 4460 rerum
2975 4402 3285 4473 potiuntur,
3321 4416 3522 4458 accur.

248 4512 271 4545 1
307 4495 398 4549 διά
443 4498 847 4568 πραγματικῶν
886 4498 983 4568 τὴν
1030 4498 1160 4570 μίαν
1205 4498 1475 4572 ἐπαρχίαν
1501 4502 1579 4563 είς
1608 4500 1702 4554 δύο
1731 4517 1834 4555 κα-

1948 4517 1966 4551 ι
2001 4498 2175 4565 risse,
2207 4511 2412 4569 perque
2440 4496 2805 4568 pragmaticas
2835 4496 3150 4552 sanctiones
3196 4510 3360 4553 unam
3392 4510 3523 4565 pro-

248 4602 275 4638 ι
310 4585 558 4656 τέτεμον.
617 4588 706 4652 Ὠς
738 4590 802 4642 ἐκ
847 4588 1038 4643 τούτου
1094 4588 1188 4642 δύο
1243 4590 1645 4662 μητροπολίτας
1694 4587 1833 4646 εἶναι

250 4696 272 4729 1
310 4681 368 4733 ἐν
413 4683 478 4750 τῇ
511 4682 649 4752 αὐτῇ
699 4681 962 4753 ἐπαρχίᾳ.
996 4682 1191 4754 Ὢρισε
1226 4684 1406 4736 τοίνυν
1451 4684 1486 4753 ἡ
1539 4684 1671 4753 ἁγία
1704 4684 1832 4738 σύν-

251 4786 274 4820 1
303 4770 444 4834 οδος,
490 4772 585 4825 τοῦ
611 4772 799 4826 λοιποῦ
842 4773 1007 4843 μηδὲν
1050 4772 1293 4827 τοιοῦτον
1320 4772 1623 4841 τολμᾶσθαι
1683 4773 1834 4846 παρά

246 4876 276 4913 1
313 4860 635 4918 ἐπισκόπου.
689 4865 908 4935 Ἐπειδὴ
982 4866 1075 4919 τὸν
1145 4866 1377 4938 τοιούτῳ
1431 4867 1833 4940 ἐπιχειροῦντα,

255 4967 275 5001 1
316 4950 605 5005 ἐκπίπτειν
625 4956 717 5010 τοῦ
771 4957 900 5011 ἰδίου
936 4958 1169 5028 βαθμοῦ,
1217 4959 1382 5015 Ὅσαι
1431 4960 1489 5014 δὲ
1527 4960 1711 5025 πόλεις
1744 4959 1834 5014 διά

252 5058 277 5093 1
313 5043 661 5113 γραμμάτων
693 5043 987 5114 βασιλικῶν
1029 5048 1107 5121 τῷ
1136 5050 1235 5121 τῆς
1284 5051 1673 5122 μητροπόλεως
1720 5053 1833 5105 ἐτι-

256 5149 279 5183 1
321 5134 575 5206 μηθησαν
604 5137 853 5209 ὀνόματι,
881 5144 1048 5212 μόνης
1077 5143 1499 5199 ἀπολαυέτωσαν
1524 5145 1621 5215 τῆς
1648 5144 1834 5216 τιμῆς.

258 5242 280 5278 1
316 5230 411 5281 καὶ
435 5230 465 5281 ὁ
502 5231 602 5301 τὴν
638 5231 970 5302 Ἐκκλησίαν
1019 5236 1188 5308 αὐτῆς
1243 5237 1464 5292 διοικῶν
1511 5237 1834 5302 ἐπίσκοπος,

260 5338 280 5370 1
325 5322 651 5393 σωζομένων
672 5325 918 5396 δηλονότι
947 5330 1012 5399 τῇ
1038 5329 1182 5382 κατά
1210 5328 1472 5398 ἀληθειαν
1504 5331 1836 5400 μητροπόλει

256 5430 281 5465 1
314 5413 425 5467 τῶν
444 5416 660 5470 οἰκείων
678 5418 923 5475 δικαίων.
949 5440 968 5472 ι
1002 5415 1097 5482 Οἷς
1125 5420 1417 5493 σύμψηφος
1439 5422 1657 5490 ἐγένετο
1685 5422 1780 5476 καὶ
1807 5423 1836 5477 ό

258 5499 510 5571 βασιλεὺς
537 5507 870 5578 Μαρκιανὸς,
903 5510 1003 5581 τὴν
1034 5512 1183 5565 θείαν
1210 5512 1418 5586 ταύτην
1450 5512 1836 5584 ὑπαγορεύσας

257 5590 521 5661 διάταξιν.

333 5706 354 5738 1
396 5686 501 5741 Τὸν
541 5690 945 5765 ἀφαιρούμενον
994 5696 1203 5762 πόλεως
1254 5700 1617 5771 οίασδήποτε,
1672 5701 1842 5759 πάλαι

264 5798 285 5832 1
319 5777 509 5852 οὔσης,
542 5784 576 5855 ἢ
602 5782 696 5838 νῦν
723 5788 1094 5861 πολισθείσης.
1115 5792 1177 5845 τὸ
1204 5792 1305 5864 τῆς
1334 5795 1507 5866 ίδικῆς
1530 5796 1843 5870 ἐπισκοπῆς

545 5882 815 5942 ΡΑΤιιοι..
866 5884 982 5943 Gn.
1018 5886 1221 5957 CXIX

1945 4613 1966 4648 1
2007 4596 2244 4653 vinciam
2293 4594 2351 4648 io
2380 4594 2521 4650 duas
2558 4590 2835 4648 divisisse.
2857 4592 2981 4655 Quo
3024 4588 3120 4644 ﬁat
3154 4601 3214 4645 ut
3242 4589 3297 4644 in
3331 4588 3521 4645 eadem

1943 4709 1967 4744 1
2011 4688 2295 4760 provincia
2327 4689 2439 4744 duo
2469 4688 2581 4745 sint
2625 4684 3057 4754 metropolitani.
3107 4682 3522 4751 Decrevitcrgu

1948 4801 1967 4833 1
2006 4790 2197 4837 sancta
2240 4781 2510 4851 synodus,
2546 4781 2600 4836 in
2642 4786 2925 4849 posterum
2970 4775 3039 4831 ab
3087 4775 3346 4845 episcopo
3383 4774 3521 4829 nihil

1946 4892 1968 4926 1
2008 4873 2116 4929 tale
2177 4872 2524 4927 tentandum.
2608 4868 2821 4940 Quippe
2895 4867 2988 4939 qui
3062 4866 3169 4921 hoc
3242 4866 3516 4926 moiictur,

1950 4983 1970 5018 1
2009 4964 2185 5037 gradu
2239 4980 2342 5021 suo
2388 4962 2626 5020 excidet.
2665 4963 3020 5032 Qumnque
3081 4975 3215 5016 vero
3263 4960 3520 5015 civitates

1947 5077 1966 5112 1
2004 5073 2104 5130 per
2176 5056 2559 5127 imperatorias
2625 5055 2840 5112 litteras
2915 5053 3237 5124 metropolis
3296 5052 3521 5107 nomine

1945 5172 1964 5205 1
2003 5152 2363 5209 cohonestate
2414 5150 2641 5212 fuerint.
2693 5148 2921 5203 honoris
2959 5148 3223 5203 duntaxat
3277 5146 3517 5201 fructum

1948 5265 1968 5299 1
2008 5246 2337 5318 percipiant,
2395 5259 2503 5299 una
2560 5257 2687 5297 cum
2742 5242 3030 5313 episcopo,
3072 5240 3166 5310 qui
3225 5236 3523 5307 cujuslibet

1949 5359 1968 5393 1
2005 5338 2250 5396 civitatis
2298 5335 2603 5392 Ecclesiam
2663 5335 2850 5406 regit;
2909 5333 3076 5389 salvis
3127 5329 3340 5388 scilicet
3376 5342 3522 5382 vera:

1951 5449 1971 5484 1
2006 5428 2294 5500 metropoli
2336 5428 2456 5483 suis
2491 5427 2731 5497 jurilius.
2762 5445 2782 5479 ι
2815 5427 2993 5495 Atque
3034 5422 3121 5478 bis
3149 5432 3411 5475 assensus
3434 5425 3522 5473 est

1941 5523 2109 5579 etiam
2144 5520 2461 5576 Marcianus
2497 5519 2800 5590 imperator
2833 5515 2938 5572 hoc
2977 5526 3141 5570 sacro
3167 5510 3350 5568 edicto
3380 5523 3520 5565 con-

1934 5596 2082 5671 auo.

2035 5729 2055 5763 1
2089 5707 2252 5772 Eum,
2301 5705 2393 5780 qui
2425 5707 2739 5778 cuicunque
2772 5702 2978 5761 civitati
3006 5742 3022 5766 ,
3074 5700 3159 5757 vel
3197 5696 3521 5772 jamdudum

1957 5820 1978 5855 1
1999 5799 2314 5865 cxsistenti,
2341 5798 2426 5855 vel
2451 5798 2614 5855 modo
2644 5793 2904 5864 conditte,
2918 5792 3014 5865 jus
3036 5792 3386 5861 episcopatus
3410 5788 3523 5851 sui.
