3950 6600
456 346 569 410 8ἶ5

1799 355 1938 417 JUS
1976 355 2413 421 CANONJCUM
3612 365 3702 429 876

459 479 476 510 ι
517 458 602 514 vel
648 457 798 514 aliud
849 459 1149 533 quodpiam
1186 463 1535 538 privilegium
1593 466 1813 533 adimit,
1863 469 2033 524 etiam

2148 491 2162 524 ι
2207 473 2495 544 δίκαιον,ῆ
2527 473 2715 544 ἔτερόν
2736 492 2788 527 τι
2822 473 3136 546 προνόμιον,
3166 475 3271 530 κᾶν
3304 474 3416 528 ἀπὸ
3441 474 3704 547 βασιλικῆς

461 569 479 598 ι
517 549 872 620 imperatorio
903 553 1232 622 permissum
1260 555 1487 610 infamia
1507 565 1661 614 notat
1679 557 1795 615 haec
1817 559 2030 616 consti-

457 660 476 693 ι
519 643 680 707 tutio,
747 643 1132 716 honorumque
1173 645 1544 715 publicatione
1579 647 1807 718 multat,
1847 649 2030 721 ipsum

459 756 476 788 ι
512 737 675 792 etiam
711 746 967 792 conatum
989 739 1320 809 improbans.
1361 759 1382 793 ι

521 831 740 902 Excipit
805 841 986 887 autem
1027 833 1162 888 sitas
1217 835 1271 888 in
1331 833 1554 906 Scythia
1604 836 1920 906 provincias
1976 845 2031 892 et

452 922 1096 994 Leontopolimlsauriae.
1129 924 1241 981 Lex
1271 928 1404 981 item
1447 937 1628 984 exstat
1681 930 1810 996 alia,
1871 929 2033 1000 cujus

454 1017 569 1070 haec
600 1017 764 1071 verba
793 1025 962 1074 sunt:

529 1125 548 1157 ι
610 1107 795 1162 Firma
847 1111 960 1163 sint
983 1109 1360 1166 ecclesiastica
1389 1109 1670 1183 privilegia
1715 1112 2027 1167 universaa

525 1200 771 1270 Itemque
809 1215 1006 1258 rursus
1056 1203 1190 1258 alia.

525 1311 544 1342 ο
583 1292 784 1348 Sacros
805 1310 1047 1350 canones
1095 1311 1205 1351 non
1245 1297 1452 1362 minus,
1481 1312 1646 1367 quam
1677 1297 1834 1367 ipsas
1888 1297 2035 1369 leges

458 1405 474 1436 ι
506 1386 714 1452 valere,
749 1386 898 1456 leges
928 1389 1142 1445 volunt.
1170 1388 1237 1442 Et
1269 1389 1418 1460 quod
1447 1403 1692 1445 canones
1715 1389 2034 1462 prohibent,

457 1495 475 1528 ι
521 1476 574 1531 id
599 1478 762 1532 etiam
794 1479 1087 1548 prohibent
1130 1481 1299 1550 leges.
1332 1499 1351 1532 ι

524 1571 592 1625 Ει
625 1572 742 1627 haec
798 1573 1022 1642 quidem
1059 1574 1338 1630 sulIiciunt
1402 1576 1469 1630 ad
1521 1575 1886 1646 probandum,
1925 1590 2034 1631 non

452 1664 593 1720 duos
612 1665 1062 1734 metropolitanos
1091 1668 1143 1720 in
1178 1684 1284 1722 una
1315 1685 1436 1724 esse
1464 1670 1765 1738 provincia,
1789 1670 1882 1724 sed
1903 1677 2038 1724 tem-

454 1769 586 1821 pore
623 1755 884 1823 priorem,
909 1755 1148 1826 itemque
1187 1757 1302 1827 jam
1346 1769 1535 1827 pactos
1562 1759 2033 1830 nietropolitanos,

2146 584 2164 617 ι
2207 566 2541 635 ἐπιτροπῆς,
2575 569 2761 636 ἀτιμοί
2799 569 2893 620 καὶ
2926 566 3151 637 δημεύει
3196 570 3229 639 ἡ
3265 567 3545 635 διάταξις,
3583 571 3701 624 ἁκυο

2144 674 2163 708 ι
2213 657 2380 726 ροῦσα
2405 658 2500 711 καὶ
2525 657 2622 728 τὴν
2650 658 2983 729 ἐγχείρησιν.
3024 676 3045 710 ι

2221 837 2542 910 ’Υπεξαιρεῖ
2575 839 2633 893 δὲ
2676 840 2770 893 καὶ
2808 840 2907 906 τὰς
2939 842 2996 895 ὲν
3036 840 3242 912 Σκυθίᾳ
3273 840 3548 910 ἐπαρχίας
3570 881 3584 904 ,
3623 848 3704 896 καὶ

2135 931 2492 985 Λεοντόπολιν
2524 933 2623 1002 τῆς
2670 931 2961 1004 Ἰσαυρίας.
3012 935 3171 987 Ἐστι
3202 934 3260 988 δὲ
3294 935 3394 986 καὶ
3423 934 3603 1005 ἕτερος
3629 939 3704 989 v6—

2142 1040 2263 1094 μος,
2292 1023 2436 1076 οὕτω
2465 1024 2698 1090 διεξιών

2215 1136 2232 1168 ι
2272 1117 2621 1170 Βεΰαιούσθω
2643 1117 2709 1170 τὰ
2723 1116 3159 1188 ὲκκλησιαστικὰ
3185 1116 3369 1170 πάντα
3398 1117 3698 1189 προνόμια.»
3770 1191 3772 1194 ι

2213 1212 2326 1264 Καὶ
2361 1211 2522 1264 πάλιν
2553 1211 2733 1275 ἄλλος·

2217 1323 2235 1357 ι
2284 1305 2423 1367 Τοὺς
2475 1304 2654 1366 θείους
2702 1303 2940 1369 κανόνας
2967 1303 3067 1357 ούκ
3115 1302 3344 1356 ἔλαττον
3391 1300 3499 1353 τῶν
3547 1300 3704 1368 νόμων

2145 1415 2164 1448 ι
2208 1394 2432 1464 ἰσχύειν,
2469 1396 2518 1447 οί
2563 1394 2719 1462 νόμοι
2753 1393 3054 1464 βούλονται.
3093 1392 3205 1446 Καὶ
3233 1392 3380 1462 ὅπερ
3419 1392 3469 1444 oi
3502 1391 3703 1453 κανόνες

2145 1503 2165 1539 ι
2206 1485 2496 1549 κωλύουσι,
2524 1487 2682 1540 τοῦτο
2710 1487 2805 1540 καὶ
2834 1486 2884 1540 οἱ
2915 1486 3091 1556 νόμοι.
3127 1504 3147 1539 ι

2209 1577 2321 1630 Καὶ
2359 1576 2532 1630 ταῦτα
2588 1576 2687 1646 μὲν
2723 1577 2938 1649 ἀπόχρη
2981 1576 3119 1648 πρὸς
3166 1576 3229 1630 τὸ
3282 1574 3478 1640 δεῖξαι,
3521 1575 3581 1628 ού
3625 1574 3706 1627 δύο

2146 1669 2547 1740 μητροπολίτας
2585 1664 2724 1722 εἶναι
2759 1672 2818 1722 ὲν
2864 1671 2963 1740 μιᾷ
2995 1668 3275 1741 ἐπαρχίᾳ,
3314 1667 3454 1724 ἀλλὰ
3500 1666 3586 1720 τόν
3619 1670 3702 1737 ἀρ-

2141 1760 2446 1830 χαιότερον.
2471 1759 2583 1813 Καὶ
2605 1760 2688 1824 τὸ,
2713 1762 2840 1824 τοὺς
2861 1760 3174 1829 φθάσαντας
3199 1758 3486 1828 γενέσθαι,
3504 1762 3568 1830 τῇ
3589 1762 3700 1827 τιμῇ

454 1847 661 1901 honore
683 1847 948 1902 duntaxat
987 1848 1110 1903 aliis
1159 1851 1434 1922 episcopis
1480 1861 1764 1922 pra‘stare,
1808 1861 2033 1908 caeteros

2148 1852 2304 1922 μόνον
2324 1853 2432 1905 τῶν
2455 1853 2631 1907 ἄλλων
2652 1852 2971 1906 ἐπισκόπων
2989 1851 3311 1923 ὑπερέχειν
3335 1847 3701 1921 ὑποκειμένους

454 1940 550 2007 qui
578 1939 828 1993 subditos
853 1939 926 2003 ei,
978 1941 1067 2009 qui
1126 1957 1318 2010 reapse
1389 1943 1848 2013 metropotitanus
1908 1951 2034 2009 est;

455 2035 716 2104 deinceps
748 2049 900 2098 vero,
939 2051 1063 2090 cum
1100 2037 1218 2105 ipse
1252 2035 1329 2090 rei
1364 2046 1597 2090 conatus
1651 2037 1817 2090 etiam
1847 2037 2036 2106 prohi-

455 2125 670 2187 lzeatur,
706 2126 1028 2196 episcopum
1057 2126 1112 2180 id
1140 2143 1333 2182 ausum
1364 2128 1567 2193 facere,
1601 2129 1768 2198 gradu
1807 2143 1908 2183 suo
1939 2129 2034 2184 de-

449 2219 544 2286 jiei
585 2236 598 2270 :
629 2219 838 2272 nullum
879 2219 1114 2289 denique
1148 2221 1494 2290 privilegium
1527 2236 1593 2275 ex
1628 2222 1716 2284 iis,
1739 2237 1859 2290 qua:
1882 2221 2037 2291 prius

453 2311 614 2365 alicui
639 2311 985 2366 :itllirescrunt
1023 2313 1391 2383 episcopatui,
1419 2329 1447 2366 a
1481 2328 1756 2384 quoquam
1792 2316 2036 2368 adimen-

453 2403 604 2456 dum.
635 2403 792 2468 Quod
824 2413 1004 2458 autem
1036 2419 1144 2457 non
1177 2404 1261 2458 fas
1300 2407 1372 2460 sit
1402 2421 1487 2472 ea,
1521 2421 1644 2476 quae
1696 2413 2037 2460 c0neernunt

455 2495 773 2568 episcopos,
807 2495 1110 2550 secundum
1152 2513 1370 2552 sacram
1409 2499 1750 2555 sanctionem
1785 2513 2037 2568 pragma-

453 2567 617 2640 ti‘cam
647 2589 964 2657 procedere,
1001 2590 1094 2644 sed
1123 2589 1282 2659 juxta
1340 2587 1566 2643 Patrum
1614 2567 1900 2644 duntaxat
1935 2589 2034 2644 de-

457 2682 895 2746 terminationes,
953 2697 1095 2752 quos
1155 2692 1210 2737 et
1271 2697 1513 2739 canones
1569 2691 1821 2738 vocant:
1871 2683 1923 2737 id
1968 2698 2034 2738 ex

455 2775 561 2830 alia
593 2785 798 2830 sancta:
818 2775 982 2844 hujus
1008 2777 1338 2831 universalis
1361 2785 1572 2846 quartae
1599 2775 1791 2846 synodi
1821 2777 2037 2831 actione

452 2868 663 2938 percipi
689 2877 887 2938 potest.
922 2867 1057 2922 Nam
1087 2884 1214 2924 cum
1240 2870 1436 2925 civitas
1465 2870 1698 2940 Berytus
1718 2867 2035 2938 metropoli-

454 2960 624 3014 ticum
679 2960 774 3030 jus
823 2961 1176 3031 impetrasset
1243 2962 1313 3017 ab
1370 2977 1437 3018 eo
1507 2961 1820 3017 Theodosio
1879 2962 2031 3031 prin-

454 3051 574 3120 cipe
597 3053 690 3122 (ΞΔ
717 3053 836 3120 25),
865 3055 954 3122 qui
990 3052 1056 3107 ad
1081 3053 1377 3108 discrimen
1411 3055 1556 3112 illius
1591 3054 1838 3125 majoris,
1859 3054 2038 3107 tninor

2144 1947 2392 2016 μέντοιγε
2415 1945 2493 2017 τῷ
2523 1946 2666 2000 κατὰ
2692 1945 2952 2016 ἀλήθειαν
2980 1944 3364 2018 μητροπολίτῃ
3389 1957 3404 1974 δ
3429 1946 3506 2007 είς
3533 1942 3697 2010 τοεξῆς

2139 2038 2193 2091 δὲ
2229 2038 2324 2090 καὶ
2350 2037 2523 2108 αὐτῆς
2551 2038 2651 2109 τῆς
2682 2038 3052 2110 ἐγχειρήσεως
3081 2036 3444 2107 κωλυομένης
3465 2076 3478 2099 ,
3505 2035 3591 2088 καὶ
3623 2035 3697 2087 τὸν

2141 2126 2298 2180 τοῦτο
2348 2127 2701 2197 τολμήσαντα
2758 2129 2985 2200 ποιῆσαι
3055 2127 3400 2191 ἐπίσκοπον,
3454 2124 3696 2178 ἔκπτωσιν

2140 2221 2371 2290 πάσχειν
2403 2219 2498 2274 τοῦ
2527 2221 2732 2274 οἰκείου
2768 2219 3000 2292 βαθμοῦ·
3039 2221 3133 2273 καὶ
3162 2218 3225 2271 τὺ
3265 2217 3440 2289 μηδὲν
3464 2216 3565 2269 τῶν
3586 2214 3696 2284 σθαι

2143 2314 2353 2366 σάντων
2415 2311 2808 2382 προσπαγῆναι
2865 2313 3140 2381 ἐπισκοπῇ
3207 2327 3323 2363 τινι
3377 2307 3691 2378 προνομίων.

2140 2404 2495 2477 ἀφαιρεῖσθαι
2541 2405 2671 2474 παρ’
2697 2403 3049 2474 οἱουδήτινος.
3079 2403 3203 2456 ’Ὀτι
3239 2402 3299 2454 δὲ
3331 2401 3394 2452 ού
3419 2401 3552 2453 κατᾶ
3573 2414 3693 2468 πρα-

2139 2497 2410 2568 γματικὸν
2435 2497 2579 2550 θεῖον
2601 2496 2782 2562 ἔξεστι
2814 2495 2985 2548 τύπον
3013 2494 3085 2548 τὰ
3107 2493 3220 2547 τῶν
3251 2493 3560 2546 ἐπισκόπων
3581 2505 3693 2558 προ-

2140 2590 2368 2655 ϐαίνειν,
2403 2590 2546 2643 κατὰ
2579 2589 2775 2658 μόνους
2794 2588 2852 2641 δὲ
2872 2587 3000 2650 τοὺς
3033 2587 3349 2656 Πατρικοὺς
3375 2584 3528 2654 ὅρους
3547 2621 3561 2646 ,
3588 2581 3693 2641 τοὺς

2140 2681 2234 2734 καὶ
2267 2682 2521 2747 κανόνας,
2557 2682 2616 2749 eg
2647 2681 2842 2754 ἐτέρας
2869 2680 3122 2752 πράξεως
3145 2678 3250 2748 τῆς
3280 2675 3531 2744 τοιαύτης
3554 2672 3690 2739 ἁγίας

2138 2774 2525 2846 οίκουμενικῆς
2549 2773 2820 2845 τετάρτης
2853 2771 3076 2826 συνόδου
3103 2768 3452 2840 καταμαθεῖν
3479 2764 3688 2818 δυνατόν.

2139 2867 2254 2938 Τῆς
2284 2869 2395 2938 γὰρ
2426 2867 2636 2930 πόλεως
2662 2865 2934 2938 Βηρυτοῦ,
2975 2863 3368 2936 μητροπόλεως
3408 2861 3598 2914 δίκαιον
3625 2856 3690 2908 ei.

2137 2960 2376 3030 ληφυίας
2424 2960 2578 3032 παρὰ
2615 2960 2902 3014 Θεοδοσίου
2953 2959 3048 3012 τοῦ
3103 2958 3409 3029 βασιλέως,
3448 2952 3532 3006 τοῦ
3577 2949 3689 3018 πρὸς

2139 3053 2550 3124 ἁντιδιαστολὴν
2577 3052 2674 3107 τοῦ
2711 3052 2951 3124 μεγάλου
2974 3091 2988 3118 ,
3023 3051 3327 3123 λεγομένου
3372 3045 3575 3121 μικροῦ,
3599 3043 3687 3095 Eii-

451 3143 652 3196 dicitur
673 3186 688 3210 ,
725 3143 1070 3211 Eustathius,
1088 3146 1211 3215 ejus
1239 3146 1393 3202 urbis
1426 3149 1744 3217 episcopus,
1777 3147 1868 3201 illa
1892 3161 2024 3200 con-

2148 3145 2361 3211 στάθιος
2389 3147 2419 3200 ό
2449 3146 2656 3217 ταύτης
2690 3146 2788 3216 τῆς
2824 3146 3031 3211 πόλεως
3064 3146 3366 3206 ἐπίσκοπος
3394 3141 3470 3212 τῷ
3497 3136 3688 3205 τοιούτῳ

456 3237 710 3292 cessione
735 3240 1128 3309 metropolitici
1163 3239 1310 3308 juris
1345 3243 1549 3306 elatus,
1583 3239 1852 3295 adversus
1887 3237 2035 3295 Pho-

450 3328 586 3381 tium
625 3331 1104 3399 metropolitanum
1143 3330 1295 3402 Tyri,
1325 3346 1448 3402 qua:
1472 3331 1796 3386 Phoenicum
1830 3339 2036 3386 metro-

456 3422 597 3490 polis
658 3429 764 3487 est,
803 3424 1148 3477 insurrexit:
1201 3437 1440 3494 cumque
1485 3423 1625 3478 duos
1658 3423 1923 3493 quosdam
1985 3422 2035 3476 ei

453 3513 739 3580 subjectos
770 3513 1084 3583 episcopos,
1125 3513 1296 3569 veluti
1355 3514 1814 3582 metropolitanus
1862 3513 2035 3582 depo-

453 3604 684 3666 suisset,
719 3612 774 3656 et
807 3605 872 3656 ad
903 3608 1352 3674 presbyterorum
1398 3605 1629 3676 gradum
1677 3604 2033 3667 detrusisset,

452 3696 588 3750 alios
617 3696 912 3750 ordinavit.
961 3696 1118 3764 Quod
1173 3697 1401 3753 minime
1451 3698 1634 3754 ferens
1661 3696 1918 3761 Pliotius,
1966 3695 2034 3750 ad

450 3795 699 3842 sanctam
774 3789 1040 3860 synodum
1107 3806 1230 3847 sese
1279 3792 1535 3846 contulit.
1595 3794 1675 3846 Ac
1715 3791 1809 3845 lite
1861 3797 2033 3858 mota,

451 3879 780 3934 sententiam
813 3881 1116 3936 secundum
1153 3897 1212 3937 se
1241 3886 1652 3953 pronuntiatam
1708 3885 1856 3950 tulit,
1909 3899 2035 3939 cum

450 3971 585 4023 nihil
625 3969 914 4026 Eustathio
949 3972 1234 4045 Berytensi
1271 3976 1598 4046 profuisset,
1626 3978 1770 4048 quod
1807 3979 2038 4047 impera-

451 4064 608 4118 toriis
646 4079 703 4118 se
762 4065 961 4122 litteris
1029 4070 1300 4123 munitum
1339 4071 1568 4135 diceret,
1615 4087 1738 4142 qua:
1785 4071 1890 4128 sibi
1933 4086 2034 4140 po-

447 4165 700 4214 testatem
733 4163 856 4230 ejus
893 4159 972 4215 rei
1033 4159 1297 4216 lacerent;
1339 4160 1459 4217 Non
1511 4164 1658 4218 enim
1718 4163 2034 4218 attendebat

449 4251 517 4305 iis
545 4253 813 4322 synodus,
833 4268 954 4323 quae
972 4253 1040 4308 ab
1061 4254 1182 4324 ipso
1201 4255 1559 4320 dicebantur;
1580 4257 1673 4310 sed
1706 4257 1758 4310 in
1780 4256 2035 4310 examine

447 4355 649 4406 causae,
681 4359 806 4398 cum
833 4343 1120 4412 praesides,
1148 4346 1416 4414 synodum
1445 4347 1601 4415 prius
1628 4347 1852 4402 disertis
1876 4347 2031 4402 hisce

449 4433 633 4488 verbis
667 4435 1102 4505 interrogassent
1135 4453 1149 4490 :
1178 4455 1195 4487 ι
1235 4436 1446 4491 Placuit
1471 4439 1621 4492 orbis
1647 4439 2031 4494 sacratissimo

2141 3239 2540 3309 φιλοτιμήματι
2569 3240 2670 3310 τῆς
2712 3240 3104 3312 μητροπόλεως
3151 3233 3538 3307 κατεπαρθεὶς,
3574 3245 3683 3284 κατ-

2138 3331 2402 3401 εξανέστη
2432 3331 2638 3384 Φωτίου
2674 3330 2766 3383 τοῦ
2816 3328 3216 3402 μητροπολίτςνυ
3255 3329 3358 3398 τῆς
3392 3324 3577 3394 Τύρου,
3605 3318 3686 3388 τῆς

2137 3425 2247 3479 τῶν
2277 3423 2539 3478 Φοινίκων
2587 3421 2974 3494 μητροπόλεως
2999 3441 3012 3454 ·
3050 3403 3146 3476 καὶ
3194 3420 3294 3474 δύο
3319 3418 3465 3480 τινὰς
3495 3416 3681 3468 ύποκειο

2141 3519 2338 3588 μένους
2369 3516 2520 3586 αύτῷ
2544 3517 2880 3578 ἐπισκόπους
2917 3513 3187 3579 καθελὼν,
3217 3513 3299 3576 ὡς
3329 3509 3484 3580 δῆθεν
3514 3519 3683 3578 μητρο-

2139 3609 2364 3681 πολίτης
2383 3654 2397 3678 ,
2429 3609 2524 3664 καὶ
2555 3610 2638 3672 είς
2669 3607 3060 3680 πρεσϐυτέρων
3087 3605 3303 3677 βαθμὸν
3324 3598 3679 3659 κατασπάσας,

2140 3698 2363 3770 ἑτέρους
2405 3698 2878 3770 κεχειροτόνηκεν.
2911 3698 2979 3750 Ὃ
3013 3698 3088 3768 μὴ
3121 3696 3308 3768 φέρων
3345 3696 3372 3748 ό
3398 3692 3601 3753 Φώτιος,
3628 3685 3679 3752 τῇ

2136 3791 2271 3861 ἁγίᾳ
2313 3791 2661 3864 προσέδραμε
2708 3789 2931 3861 συνόδῳ.
2993 3789 3104 3843 Καὶ
3144 3787 3307 3858 δίκης
3343 3779 3680 3856 κρατηθείσης,

2137 3885 2238 3956 τὴν
2273 3883 2594 3938 δικαιοῦσαν
2635 3881 2910 3951 ἀπείληφε
2932 3919 2948 3946 ,
2996 3878 3165 3949 μηδὲν
3202 3875 3563 3947 ὠφεληθέντος
3592 3867 3677 3921 Εὗ-

2141 3976 2363 4031 σταθίου
2403 3975 2497 4030 τοῦ
2551 3977 2650 4046 τῆς
2679 3972 2929 4044 Βηρυτοῦ
2951 4013 2968 4040 ,
3002 3972 3066 4024 ἐκ
3099 3969 3196 4024 τοῦ
3237 3968 3524 4041 βασιλικοῖς
3558 3959 3678 4028 ὠχυ-

2141 4068 2351 4141 ρῶσθαι
2391 4068 2686 4140 γράμμασι
2717 4065 2901 4136 λέγειν
2926 4104 2942 4130 ,
2981 4067 3095 4128 τοῖς
3133 4062 3485 4133 ἐπιτρέπουσι
3527 4050 3673 4106 τοῦτο.

2139 4161 2215 4213 Οὐ
2259 4159 2368 4230 γὰρ
2399 4159 2704 4230 πρόσεσχεν
2737 4159 2770 4228 ἡ
2811 4155 3027 4220 σύνοδος
3064 4158 3176 4218 τοῖς
3206 4155 3340 4223 παρ’
3369 4143 3522 4205 αὐτοῦ
3548 4142 3674 4241 151:0-

2141 4251 2324 4322 μένοις
2347 4291 2362 4317 ι
2401 4250 2539 4304 ἀλλὰ
2587 4252 2686 4320 τῆς
2724 4248 3037 4312 ὑποθέσεως
3089 4242 3548 4330 δοκιμαζομένης,
3588 4245 3677 4330 ﬁt.“

2139 4342 2418 4414 ἀρχόντων
2448 4341 2718 4413 πρότερον
2742 4339 3141 4412 ὲρωτησάντων
3167 4337 3268 4409 τὴν
3300 4327 3675 4395 «omV-puro;

2140 4434 2352 4498 οὕτως·
2394 4451 2414 4485 ι
2477 4432 2569 4503 Τῷ
2623 4432 2886 4502 θειοτάτῳ
2943 4431 3178 4502 δεσπότῃ
3237 4430 3338 4500 τῆς
3390 4415 3673 4489 οἰκουμένης

452 4543 470 4576 ι
504 4528 750 4593 domino,
784 4543 851 4581 ne
885 4529 1191 4582 secundum
1220 4543 1409 4584 sacras
1435 4531 1723 4598 epistolas,
1760 4543 1853 4586 aut
1900 4547 2030 4586 san-

2148 4545 2164 4579 ι
2206 4529 2394 4599 ἤρεσε,
2422 4528 2498 4598 μὴ
2529 4527 2672 4580 κατὰ
2701 4527 2822 4581 θεῖα
2850 4526 3175 4597 γράμματα,
3208 4523 3242 4596 ἢ
3285 4518 3420 4575 κατὰ
3449 4521 3671 4584 πρᾶγμ’

453 4617 694 4670 tctioncs
727 4617 1114 4686 pragmaticas,
1151 4618 1539 4687 episcoporum
1583 4622 1802 4690 negotia
1829 4637 2027 4692 proce-

451 4725 469 4758 ι
500 4706 654 4768 dans,
678 4706 772 4760 scd
795 4707 950 4776 juxta
974 4706 1198 4762 Patrum
1226 4723 1488 4766 canones.
1517 4709 1672 4765 Dicat
1693 4727 1822 4781 ergo
1842 4722 2025 4767 sancta

454 4818 470 4851 ι
503 4800 844 4872 synodus,an
865 4799 946 4855 fas
962 4801 1052 4865 sit,
1071 4808 1130 4854 ut
1153 4817 1249 4870 per
1270 4817 1480 4857 sacram
1505 4806 1890 4874 pragmaticam
1913 4819 2034 4860 san.

407 4911 422 4923 -
455 4906 472 4940 ι
500 4892 733 4944 ctionem
756 4889 1116 4959 alteriusjura
1144 4893 1401 4948 Ecclesia:
1419 4895 1740 4964 aliirapiant
1759 4877 2029 4964 episc0pi?

453 4997 470 5029 (
499 4979 699 5033 Sancta
728 4982 973 5051 synodus
999 4985 1304 5052 respondit.
1322 4985 1604 5041 Adversus
1630 5001 1871 5042 canones
1895 4986 2028 5040 nihil

449 5089 467 5123 ι
505 5077 897 5142 pragmaticum
926 5077 1148 5134 valebit.
1181 5080 1436 5136 Canones
1460 5079 1683 5137 Patrum
1709 5083 1814 5137 rati
1837 5091 2023 5139 sunto.

446 5181 466 5216 ι
501 5165 752 5235 Cumque
785 5169 1048 5237 praesides
1075 5171 1272 5226 iterum
1301 5173 1578 5229 dixissent
1611 5192 1622 5228 :
1652 5172 1774 5228 Jam
1809 5181 2028 5243 tempus

447 5274 468 5310 ι
496 5267 600 5326 est,
628 5269 688 5313 ut
719 5273 748 5312 a
772 5262 982 5331 synodo
1015 5264 1361 5329 erudiamur,
1396 5282 1464 5320 an
1503 5267 1583 5322 fas
1625 5267 1719 5329 sit,
1745 5274 1806 5320 ιιι
1835 5282 2032 5322 serun-

1742 5424 1978 5480 VARI/E
2021 5424 2428 5482 LECTIONES.

531 5541 578 5572 ³³
607 5542 714 5594 τῶν
747 5545 1004 5600 κανόνων.

2147 4640 2164 4673 ι
2213 4621 2399 4683 τικοὺς
2435 4619 2676 4685 τύπους,
2725 4617 2796 4688 τᾷ
2844 4619 2953 4671 τῶν
2997 4615 3314 4670 ἐπισκόπων
3364 4601 3670 4680 προὸαίνειν,

2146 4732 2164 4766 ι
2212 4713 2348 4767 ἀλλὰ
2387 4711 2530 4766 κατὰ
2575 4713 2703 4776 τοὺς
2743 4711 2976 4772 κανόνας
3014 4709 3121 4763 τῶν
3157 4699 3440 4776 Πατέρων.
3487 4691 3673 4750 Είπάτω

2146 4827 2164 4858 ι
2206 4802 2298 4860 οὖν
2332 4808 2365 4876 ἡ
2396 4806 2526 4875 ἁγία
2557 4805 2794 4869 σύνοδος,
2821 4805 2869 4857 εί
2903 4803 3080 4868 ἔξεστι
3110 4801 3254 4855 κατὰ
3285 4799 3420 4852 θεῖον
3449 4797 3668 4876 πρᾶγμ’

2146 4918 2166 4950 ι
2212 4874 2364 4952 τικὺν
2398 4874 2567 4951 τύπον
2606 4896 2895 4968 ἀλλοτρίας
2937 4893 3236 4965 ἐκκλησίας
3271 4890 3446 4944 δίκαια
3487 4874 3667 4968 ἑτέρους

2147 5007 2166 5041 ι
2211 4989 2543 5051 ἐπισκόπους
2602 4985 3031 5058 παραιρεῖσθαι;
3078 4987 3111 5055 ἠ
3157 4981 3290 5052 ἁγία
3340 4967 3534 5028 σύνοδος
3575 4961 3665 5027 ,ἀπ’

2144 5101 2162 5133 ι
2205 5082 2478 5153 εκρίνατο.
2519 5082 2675 5134 Κατὰ
2705 5081 2833 5144 τοὺς
2869 5078 3099 5139 κανόνας
3119 5077 3166 5115 ⁵⁸
3189 5059 3546 5144 πραγματικὸν
3569 5067 3665 5153 ,μγ

2146 5194 2164 5227 t
2209 5146 2297 5229 δὲν
2334 5177 2595 5244 ἰσχύσειν.
2633 5173 2696 5227 Οί
2744 5171 2970 5233 κανόνες
2998 5166 3108 5222 τῶν
3135 5163 3389 5236 Πατέρων
3416 5146 3663 5255 κρατείτω-

2143 5286 2161 5320 ι
2211 5283 2332 5322 σαν.
2357 5268 2465 5320 Καὶ
2493 5265 2649 5330 αὖθις
2683 5264 2790 5320 τῶν
2816 5261 3092 5335 ἀρχόντων
3119 5257 3376 5312 εἰπόντων
3396 5267 3408 5282 ·
3440 5246 3540 5302 Νῦν
3565 5249 3661 5292 και·

3700 5381 3714 5440 ‘.

1973 5659 2184 5716 NOTAE

519 5820 733 5893 (ἓξ-25)
757 5821 941 5877 Exstat
963 5819 1202 5879 edictum
1236 5821 1272 5878 l.
1309 5837 1404 5877 un.
1433 5819 1496 5876 C.
1541 5821 1616 5876 De
1643 5830 1868 5887 metrop.
1894 5817 2110 5888 Beryto,
2151 5819 2248 5875 lib.
2285 5833 2371 5874 ιι..
