3950 6580
206 328 327 409 επ

1507 311 2222 416 ἐειεεοιεοιιΑΝωι

3387 353 3493 417 878

214 473 238 506 σ
283 456 390 526 pd;
432 456 548 510 ἐστι
588 457 902 531 διδαχθῆναι
954 461 1104 533 ἡμᾶς
1154 464 1308 535 παρά
1343 464 1447 535 τῆς
1497 467 1719 521 συνόδου
1761 485 1787 520 ε

1925 486 1943 520 ι
1975 469 2102 523 dum
2136 482 2346 522 sacram
2374 465 2714 522 sant-tionem
2745 467 3138 539 pragmaticum
3162 467 3287 540 jura
3319 473 3492 530 eccle-

213 569 234 598 ι
286 546 473 613 ἔξεστι
490 552 632 605 κατά
655 553 799 605 θεῖον
822 557 1233 626 πραγματικὸν,
1253 557 1542 630 ἀλλοτρίας
1577 561 1810 630 Ἐκκλη-

213 661 233 692 r
287 642 418 707 σίας
449 645 635 698 δίκαια
661 647 886 717 ἑτέρους
938 649 1277 714 ἐπισκόπους
1318 653 1740 724 παραιρεῖσθαιο
1775 655 1809 724 ή

215 749 235 782 r
283 733 426 796 ἁγία
459 733 680 798 σύνοδος
719 738 1020 808 ἀνεϐόησεν
1039 757 1051 770 ·
1081 742 1194 794 Οὐκ
1220 740 1418 806 ἔξεστι.
1454 743 1626 797 Τοῦτο
1655 743 1810 816 παρὰ

211 842 232 874 ι
280 827 417 888 τοὺς
467 827 701 892 κανόνας
748 830 888 882 ἐστί.
946 832 1102 885 Ἔστι
1143 833 1329 886 δὲκαὶ
1378 835 1544 905 νόμος
1584 838 1613 889 ὁ
1652 837 1809 890 τοῦτο

210 934 230 966 ‹
276 916 629 988 βουλόμενος.
666 920 810 973 οὕτω
835 921 1070 988 διεξιών
1115 926 1178 977 Οἱ
1229 927 1342 988 τοῖς
1391 927 1616 979 κανόσιν
1649 928 1806 980 ἐναν-

180 1015 226 1057 lc
281 1009 569 1078 ’πιούμενοι
602 1016 981 1083 πραγματικοὶ
1009 1017 1172 1070 τύποι
1195 1060 1210 1082 ,
1245 1018 1440 1088 ἄκυροί
1467 1020 1596 1073 εἰσι.
1637 1039 1656 1072 ›
1696 1019 1807 1073 Καὶ

197 1099 332 1166 ὅρα,
375 1102 604 1168 μέγιστε
630 1103 874 1173 βασιλεῦ,
897 1108 1046 1172 ὅπως
1069 1108 1158 1162 διὰ
1191 1111 1408 1164 πάντων
1434 1111 1640 1165 τούτων
1671 1114 1808 1166 ἀπο-

196 1189 487 1245 δέδεικται
528 1195 840 1264 τηλαυγῶς,
879 1199 939 1252 τὸ
975 1200 1050 1271 μὴ
1083 1199 1195 1254 δεῖν
1220 1201 1498 1256 αὐθεντεῖν
1527 1204 1618 1258 τὸν
1651 1204 1806 1275 βασι-

197 1282 298 1332 λέα
328 1286 391 1335 ἑν
418 1289 528 1348 τοῖς
553 1288 838 1352 τοιούτοις,
866 1292 1170 1356 κανονικῶς
1202 1293 1257 1346 δὲ
1281 1294 1350 1348 τά
1372 1295 1804 1366 ὲκκλησιοιστικά

193 1373 580 1444 διεξάγεσθαι.
616 1381 738 1434 Εἰσὶ
767 1383 865 1451 μὲν
897 1380 992 1438 οὖν
1027 1386 1124 1438 καὶ
1156 1387 1306 1441 ἄλλοι
1346 1388 1532 1443 πολλοὶ
1577 1393 1804 1456 κανόνες

194 1466 308 1518 τῶν
347 1467 694 1527 θεοστέπτων
732 1477 1072 1544 ἀποστόλων,
1109 1481 1202 1533 καὶ
1233 1482 1526 1553 ὑπηρετῶν
1576 1485 1670 1538 τοῦ
1714 1486 1803 1539 λό-

194 1573 324 1623 γου,
376 1562 471 1612 καὶ
519 1563 624 1615 τῶν
670 1566 868 1637 ἐφεξῆς
906 1568 1080 1637 ἁγίων
1117 1572 1388 1638 συνόδων,
1431 1575 1573 1628 αὐτὰ
1624 1575 1803 1630 ταῦτα

191 1650 625 1721 διατρανοῦντες
653 1697 667 1720 ,
714 1659 808 1722 οὓς
842 1663 1172 1731 παραθεῖναι
1202 1664 1339 1735 τῷδε
1376 1669 1452 1736 τῷ
1486 1668 1798 1740 γράμματι,

192 1741 404 1830 εὔηθες
445 1745 626 1812 ἔδοξε,
659 1752 753 1802 καὶ
786 1752 862 1824 μὴ
898 1754 1088 1826 πόρρω
1119 1757 1434 1830 φιλοτιμίας
1463 1762 1816 1830 ἀνωφελοῦς..

202 1832 447 1924 ’ίκανῶν
475 1840 582 1908 γὰρ
608 1841 716 1894 τῶν
743 1844 1166 1916 προϐληθέντων
1194 1851 1277 1914 είς
1305 1852 1582 1920 ἀπόδειξιν
1607 1855 1830 1924 δντων,,

190 1923 245 1973 τί
284 1925 379 1978 δεῖ
421 1928 519 1981 καὶ
564 1933 1210 2010 προσεπεξεργάζεσθαις
1266 1942 1360 1994 καὶ
1399 1944 1510 2013 τῆς
1538 1945 1800 2016 ἀληθείας

187 2017 514 2118 δυναμένης
545 2023 886 2096 ἀναλάμψαι,
911 2032 1005 2084 καὶ
1031 2033 1144 2096 τοῖς
1175 2035 1315 2088 πᾶσι
1335 2037 1589 2104 γενέσθαι
1609 2040 1797 2112 δήλης,

189 2114 304 2163 τῶν
374 2114 588 2166 πολλῶν
639 2119 896 2189 οὐδαμῶς
951 2123 1134 2193 χρεία.
1189 2127 1487 2201 Αὐτάρκης
1547 2131 1660 2204 γὰρ
1719 2135 1802 2198 εἰς

191 2205 538 2273 συνηγορίαν
569 2208 774 2280 ἑαυτῆς
823 2214 855 2283 ἡ
889 2214 1141 2286 ἀλήθεια.
1177 2220 1373 2290 Κοινῷ»
1404 2223 1503 2293 μὲν
1531 2223 1627 2282 οὖν
1655 2225 1802 2298 λόγῳ
1831 2242 1841 2256 '

191 2296 290 2347 καὶ
326 2299 640 2365 καθολικῶς
678 2304 873 2377 ἐλέχθη
903 2307 1101 2366 ταῦτα.
1144 2311 1274 2384 ’ἰδίᾳ
1296 2314 1373 2381 δὲ,
1404 2318 1498 2370 καὶ
1529 2320 1668 2373 κατὰ
1704 2296 1801 2391 μέέ-

197 2403 317 2455 ρος,
372 2393 467 2443 καὶ
501 2394 714 2464 ἑτέροις
769 2399 1002 2465 ἕκαστος
1053 2403 1362 2474 φράγνυται
1411 2409 1796 2482 δικαιώμασιν.

191 2479 376 2574 ᾼὺτὸς
413 2484 523 2553 μὲν
555 2487 664 2557 γάρ
711 2489 740 2540 ό
771 2493 866 2544 καὶ
895 2493 986 2546 τὸν
1018 2498 1148 2566 περὶ
1191 2497 1301 2550 τῶν
1334 2499 1472 2554 ὅλων
1519 2479 1800 2574 συστήσας

191 2573 415 2640 ἀγῶνα,
449 2581 546 2630 καὶ
574 2581 634 2633 τὸ
663 2582 872 2654 σμῆνος
908 2585 1018 2641 τῶν
1049 2587 1224 2657 λόγων
1255 2593 1519 2664 κινήσας,
1562 2596 1656 2651 τὸν
1683 2596 1800 2652 θεο-

192 2667 423 2737 φιλῆδὲ
463 2674 608 2740 λέγω
648 2681 1057 2752 μητροπολίτην
1109 2685 1406 2757 Ἀγκύρας,
1441 2691 1797 2763 ὑπομνήματι

191 2770 249 2810 τε
281 2762 607 2832 πέφρακται
635 2769 730 2822 τοῦ
775 2774 1088 2844 μακαρίτου
1123 2775 1394 2846 βασιλέως
1432 2781 1528 2834 τοῦ
1574 2783 1754 2838 Δούκα
1777 2826 1792 2852 ,

190 2852 353 2918 ὅστις
378 2857 479 2928 τὴν
509 2859 605 2913 τοῦ
636 2862 923 2922 Βασιλείου
951 2869 1260 2943 ἐπισκοπὴν
1293 2876 1373 2937 εἰς
1402 2877 1796 2945 μητροπολιτι-

193 2947 289 3001 κον
337 2950 582 3022 ἀνήγαγε
615 2957 856 3025 δίκαιον,
905 2962 1292 3038 διοριζομένῳ,
1329 2968 1408 3040 τῷ
1442 2970 1658 3042 θανάτῳ
1699 2973 1793 3026 τοῦ

192 3043 531 3112 τιμηθέντος
547 3052 970 3120 μητροπολίτου,
995 3057 1076 3119 εἰς
1093 3059 1400 3133 ἐπισκοπὴν
1417 3067 1796 3121 κατεσπάσθαι

1920 579 1938 612 ι
1974 560 2069 615 sise
2092 559 2448 623 alterius,alii
2466 560 2682 629 rapiant
2711 560 2958 630 episcopi
2985 579 2998 616 :
3030 573 3219 617 sancta
3250 565 3495 634 synodus

1921 669 1939 703 ι
1978 652 2305 706 exclamavit
2334 667 2348 706 :
2377 651 2494 706 Non
2527 653 2672 707 licet.
2717 651 2830 708 lloc
2861 663 3062 724 praeter
3089 670 3333 712 canones
3387 659 3487 710 ad-

1919 759 1938 795 e
1978 745 2237 798 mittitur.
2298 743 2392 798 Est
2425 745 2592 798 etiam
2637 745 2743 810 lex,
2780 763 2903 817 qua:
2955 747 3058 803 hoc
3105 750 3284 818 ipsum
3353 751 3487 819 vult,

1916 852 1937 885 r
1984 834 2069 890 his
2099 835 2280 891 verbis
2307 837 2585 907 exposita:
2619 835 2976 909 Pragmatica:
3005 841 3346 905 sanctiones,
3370 857 3494 910 quas

1918 944 1937 977 ι
1984 929 2294 984 canonibus
2333 929 2722 994 adversantur,
2754 932 2922 986 irrita:
2947 942 3095 986 sunt.
3140 951 3158 984 ι
3205 930 3355 999 Vide,
3391 934 3495 987 ob.

1910 1033 2090 1085 secro,
2114 1021 2350 1076 maxime
2383 1021 2707 1092 imperator,
2739 1023 3014 1092 quomodo
3042 1039 3139 1093 per
3160 1024 3275 1079 haec
3307 1025 3491 1079 omnia

1909 1111 2220 1168 clarissime
2251 1115 2688 1169 demonstratum
2719 1117 2812 1179 sit,
2839 1131 2948 1170 non
2977 1117 3178 1172 debere
3224 1119 3491 1189 principis

1908 1202 1963 1258 in
2002 1204 2319 1275 hujusmodi
2351 1206 2519 1262 rebus
2541 1207 2928 1263 auctoritatem
2949 1210 3154 1273 valere,
3188 1211 3282 1266 sed
3311 1213 3462 1266 cccle

1908 1295 2134 1350 siastica
2175 1299 2479 1354 secundum
2511 1313 2754 1357 canon-cs
2807 1304 3015 1373 peragi.
3053 1304 3132 1358 Ac
3191 1315 3321 1358 sunt
3367 1305 3492 1374 qui-

1906 1391 2029 1447 dem
2069 1399 2124 1447 et
2171 1393 2263 1447 alii
2301 1394 2460 1448 mulli
2504 1411 2743 1452 canones
2783 1411 3173 1453 coronatorum
3220 1400 3488 1456 divinitus

1907 1487 2806 1561 apostolorum,ministrorumque
2836 1493 3014 1556 verbi,
3058 1503 3112 1548 et
3169 1504 3484 1549 secutarum

1909 1579 2175 1650 deinceps
2210 1592 2529 1636 sanctarum
2580 1586 2940 1654 synodorum,
2979 1585 3094 1640 haec
3129 1588 3247 1654 ipsa
3299 1587 3488 1642 decla-

1906 1683 2092 1728 rantes
2118 1691 2132 1738 ;
2157 1691 2297 1743 quos
2316 1675 2443 1730 huic
2471 1678 2682 1746 scripto
2704 1677 3007 1748 adjungere
3040 1679 3202 1744 velle,
3225 1679 3485 1732 stolidum

1905 1769 2086 1825 visum
2119 1770 2246 1834 fuit,
2271 1787 2372 1826 nec
2401 1771 2472 1826 ab
2495 1773 2670 1826 inutili
2690 1773 3170 1845 ambitionelonge
3194 1781 3487 1830 remotum.

1905 1861 2040 1915 Nam
2071 1877 2197 1917 cum
2232 1879 2318 1928 ea,
2349 1879 2470 1933 quae
2522 1866 2785 1934 producta
2818 1871 2971 1928 sunt,
3003 1864 3072 1918 ad
3132 1863 3487 1919 demonstra-

1907 1959 2112 2010 tionem
2147 1956 2223 2011 rei
2259 1940 2534 2010 sufficiant
2560 1987 2578 2021 ,
2621 1971 2722 2011 cur
2752 1957 2990 2026 amplius
3048 1955 3378 2012 laboretur?
3423 1966 3478 2012 et

1904 2062 2029 2102 cum
2065 2049 2272 2103 veritas
2313 2050 2533 2104 elucere
2594 2050 2791 2120 possit,
2825 2061 2991 2120 atque
3023 2052 3284 2105 omnibus
3323 2050 3486 2104 inno-

1905 2147 2149 2198 tescere:
2179 2157 2285 2197 non
2329 2143 2518 2198 multis
2568 2157 2707 2213 opus
2751 2151 2835 2198 est
2870 2144 3078 2198 verbis.
3126 2143 3339 2213 Quippe
3389 2160 3484 2198 ve-

1903 2234 2040 2290 ritas
2075 2233 2142 2298 ad
2173 2236 2256 2288 sui
2304 2235 2671 2305 patrocinium
2707 2236 2940 2304 ipsamet
3007 2235 3226 2292 sullteit.
3297 2237 3484 2306 Itaque

1901 2326 2118 2378 ratione
2148 2325 2452 2391 communi,
2488 2334 2542 2380 et
2595 2326 2928 2395 generaliter
2978 2326 3097 2384 hanc
3139 2328 3286 2382 dicta
3332 2338 3480 2383 sunt.

1903 2416 2164 2473 Scorsum
2196 2434 2351 2482 vero,
2399 2427 2453 2473 et
2484 2419 2878 2490 particulatim,
2906 2421 3073 2474 etiam
3103 2421 3226 2476 aliis
3244 2422 3483 2491 quisque

1901 2509 2153 2564 munitus
2190 2517 2273 2564 cst
2295 2510 2532 2578 juribns.
2555 2508 2692 2563 Nam
2725 2517 2780 2565 ct
2811 2510 2859 2565 is
2895 2510 3017 2581 ipse
3064 2513 3158 2581 qui
3191 2523 3474 2567 certamen

1898 2599 2005 2655 hoc
2038 2600 2355 2655 universum
2419 2601 2651 2670 occepit,
2699 2607 2754 2655 et
2786 2600 3080 2656 verborum
3114 2599 3216 2654 hoc
3265 2601 3484 2657 alveare

1899 2691 2223 2758 commovit,
2265 2691 2580 2762 religiosus,
2619 2692 2869 2764 inquam,
2897 2695 3358 2764 metropolitanus
3392 2696 3484 2751 illo

1896 2784 2251 2854 Ant-,yranus,
2307 2784 2678 2840 instrumento
2728 2787 2975 2841 munitus
3005 2795 3090 2842 est
3129 2786 3309 2844 felicis
3357 2805 3478 2844 me-

1897 2876 2088 2930 morire
2119 2877 2388 2946 principis
2421 2877 2582 2931 Dura:
2603 2887 2654 2942 ν,
2697 2879 2792 2948 qui
2826 2879 3209 2949 episcopatum
3263 2881 3481 2936 Βεείιωί

1905 2967 2316 3035 metropolitico
2341 2966 2466 3036 jure
2493 2967 2741 3032 donavit,
2762 2971 2906 3038 quod
2951 2970 3316 3026 instrumento
3349 2987 3479 3026 san-

1897 3057 2063 3122 citur,
2084 3066 2142 3112 ut
2167 3058 2426 3112 honorem
2442 3058 2622 3130 adepti
2641 3063 3046 3132 metropolitani
3071 3073 3269 3129 morte,
3291 3065 3432 3119 dicta
3459 3081 3475 3118 :

192 3133 294 3203 τὴν
329 3137 634 3210 εἰρημένην
690 3145 1025 3214 ἐκκλησίαν·
1065 3149 1140 3220 μὴ
1189 3152 1644 3224 ὲπαισχυνθέντος
1670 3160 1791 3216 λίαν

1899 3147 2143 3205 Ecclesia
2197 3152 2382 3205 redeat
2429 3152 2493 3204 ad
2530 3159 2731 3206 statum
2765 3153 3083 3210 inferiorem
3128 3156 3478 3226 episcopatus

193 3231 469 3300 νουνεχῶς
499 3234 594 3286 τοῦ
623 3234 894 3305 βασιλέως
923 3241 983 3293 τὸ
1010 3244 1210 3298 οίκεῖον
1255 3245 1531 3320 ὀλίσθημα
1569 3253 1664 3306 καὶ
1693 3254 1792 3325 τὴν

195 3318 429 3386 ἄγνοιαν
462 3328 557 3377 καὶ
593 3326 963 3398 θριαμϐεῦσαι
985 3371 1001 3397 ,
1029 3335 1125 3388 καὶ
1169 3318 1568 3410 διορθώσασθαι
1592 3362 1605 3376 ’
1653 3318 1792 3401 ἀλλὰ

195 3414 339 3465 κατὰ
363 3416 456 3468 τὸν
483 3418 754 3473 Θετταλὸν
783 3426 1166 3495 μειρακίσκον,
1196 3431 1290 3484 καὶ
1327 3431 1660 3504 τρώσαντος,
1697 3439 1792 3491 καὶ

197 3507 510 3574 συμπαθῶς
534 3513 627 3565 καὶ
658 3515 1060 3588 φιλανθρώπως
1091 3523 1468 3590 ὲπεγνωκότος
1495 3527 1594 3600 τὴν
1623 3531 1787 3586 ἴασιν.

195 3598 312 3692 ιςαξ
349 3602 494 3670 πρὸς
540 3605 718 3678 τούτῳ
757 3611 1146 3684 χρυσοδοὺλλῳ
1185 3615 1458 3672 ὥπλισται
1498 3598 1644 3692 ἄλλῳ
1693 3623 1787 3676 τοῦ

194 3688 315 3741 υίοῦ
345 3692 542 3745 τούτου
571 3698 664 3748 καὶ
690 3697 980 3766 βασιλέως,
1011 3703 1074 3756 τὸ
1103 3705 1318 3772 φθάσαν
1343 3710 1786 3783 ὑποστηρίζοντισ

193 3781 284 3832 καὶ
314 3783 671 3857 ὑπομνήματι
703 3793 999 3863 συνοδικῷ,
1029 3795 1138 3850 τῶν
1166 3801 1290 3853 τότε
1323 3801 1543 3864 ζώντων
1584 3823 1787 3878 μητρο⁸

193 3873 453 3940 πολιτῶν,
484 3880 682 3948 ὀλίγων
712 3883 768 3936 δὲ
804 3885 974 3940 ὅντων
993 3890 1061 3954 ⁵⁵,
1095 3894 1216 3956 ταῖς
1250 3895 1619 3967 αὐτοχειρίοις
1653 3901 1785 3954 ὐπο-

194 3969 498 4035 σημασίαις
524 3973 584 4026 τὸ
617 3974 854 4045 ἔμπεδον
882 3981 1236 4054 ἁποφέροντι,
1262 3979 1338 4040 ὧν
1361 3990 1455 4041 καὶ
1484 3994 1532 4044 οἱ
1565 3995 1786 4058 πλείους

193 4060 472 4128 περίεισι,
507 4069 914 4137 στοιχησάντων
945 4073 1202 4128 ἁπάντων
1234 4081 1300 4149 τῇ
1343 4085 1604 4153 κανονικῇ
1647 4084 1784 4138 ἀπο-

193 4149 378 4239 φάσει.
416 4153 646 4223 Ἀτερος
677 4158 733 4209 δὲ
779 4161 806 4212 ὁ
864 4160 1195 4232 Ἡρακλείας
1235 4168 1374 4239 πρὸς
1418 4175 1533 4235 τοῖς
1579 4149 1783 4239 κοινοῖς

190 4237 724 4311 δικαιώμασιν,αὐτό
741 4267 798 4301 τε
814 4251 873 4304 τὸ
900 4256 1178 4310 συνοδικὸν
1203 4259 1506 4332 ὑπόμνημα
1535 4265 1780 4334 προϐάλ-

189 4329 339 4386 λεται
375 4337 457 4428 είς
491 4345 890 4414 συνασπισμὸν,
929 4349 1022 4401 καὶ
1061 4329 1446 4426 χρυσοϐούλλω
1477 4329 1782 4428 τεθωρακι-

192 4438 336 4489 σται,
371 4420 434 4479 οὗ
467 4429 802 4505 δημιουργὸς
830 4438 858 4488 ὁ
897 4420 1212 4514 μακαρίτης
1258 4420 1519 4516 βασιλεὺς
1549 4449 1577 4500 ὁ
1609 4420 1778 4504 [bora-

1897 3255 2023 3295 cum
2055 3241 2208 3295 valde
2243 3240 2541 3311 prudenter
2564 3242 2710 3298 hunc
2745 3243 3048 3315 principem
3085 3261 3190 3299 non
3223 3249 3478 3316 puducrit

1897 3333 2108 3403 lapsum
2131 3342 2183 3388 et
2206 3333 2573 3403 ignorantiam
2595 3350 2751 3390 suam
2778 3345 2892 3391 tum
2915 3338 3092 3406 palam
3123 3339 3474 3406 spectandam

1896 3427 2182 3491 exhibere,
2219 3435 2333 3482 tum
2365 3428 2682 3499 corrigere;
2724 3429 2982 3496 idemque
3015 3428 3259 3485 Thessali
3294 3431 3478 3484 adole-

1896 3518 2104 3572 scentis
2147 3519 2423 3588 exemplo,
2458 3527 2511 3572 et
2546 3517 2750 3574 vulnus
2795 3519 3080 3582 iullixerit,
3132 3528 3187 3575 et
3241 3520 3475 3592 benigne

1893 3608 2318 3676 humauiterque
2347 3611 2691 3666 sanationem
2741 3613 3047 3683 agnoverit.
3099 3611 3471 3669 Praterlianc

1893 3701 2100 3756 bullam
2171 3718 2420 3768 auream,
2469 3702 2718 3759 munitus
2787 3713 2872 3759 est
2944 3705 3052 3759 alia
3104 3720 3324 3777 quoque
3378 3706 3472 3759 lilii

1892 3793 2063 3865 hujus
2093 3804 2140 3862 κ,
2177 3807 2228 3850 et
2254 3796 2622 3865 imperatoris,
2655 3813 2776 3867 qua:
2824 3799 3061 3867 priorem
3116 3799 3406 3854 confirmat
3458 3819 3470 3853 :

1890 3885 2129 3955 itemque
2168 3897 2522 3944 monumento
2575 3889 2847 3959 synodali,
2912 3889 3060 3958 quod
3114 3888 3275 3945 factis
3307 3907 3469 3944 manu

1889 3980 2108 4049 propria
2143 3980 2638 4050 suliscriptionibus
2654 3989 2740 4036 est
2777 3981 3164 4036 confirmatum
3200 3982 3268 4035 ab
3291 3983 3471 4036 omni-

1888 4072 1992 4128 bus
2036 4085 2168 4128 tunc
2197 4076 2509 4130 viventibus
2566 4075 3031 4146 metropolitanis,
3058 4077 3102 4132 si
3148 4091 3352 4146 paucos
3379 4077 3473 4134 de-

1887 4182 2026 4234 mas,
2065 4183 2299 4238 quorum
2333 4177 2388 4222 et
2420 4169 2595 4238 major
2628 4184 2756 4239 pars
2785 4178 3073 4238 superstes
3102 4179 3212 4233 est,
3241 4173 3468 4226 univcr-

1887 4258 1966 4314 sis
1996 4259 2333 4315 sententiam
2400 4261 2731 4315 canonicam
2787 4262 3016 4315 secutis.
3081 4262 3234 4315 Alter
3285 4269 3468 4317 autem

1885 4353 1979 4408 ille
2030 4353 2276 4422 pontifex
2353 4351 2650 4420 llcraclew,
2709 4361 2908 4424 praeter
2940 4354 3057 4408 iura
3112 4355 3467 4418 communia;

1887 4445 2096 4514 profert
2129 4446 2196 4500 ad
2229 4445 2313 4499 sui
2363 4446 2742 4502 defensionem
2776 4447 2914 4501 illud
2959 4447 3140 4517 ipsum
3207 4448 3470 4518 synodalc

190 4521 436 4591 νειάτης,
471 4524 830 4599 διοριζομένῳ
867 4535 930 4604 τῇ
965 4535 1190 4608 τελευτῇ
1225 4537 1319 4592 τοῦ
1360 4543 1479 4595 νυν)⁸
1515 4544 1779 4616 ἀρχιερα-

1898 4547 2328 4606 monumentum,
2363 4548 2417 4596 et
2451 4541 2700 4597 munitus
2739 4550 2824 4595 est
2875 4556 3038 4596 aurea
3067 4540 3236 4606 bulla,
3309 4541 3470 4611 cujus

186 4613 436 4680 τευοντος
482 4619 539 4671 ἐν
569 4621 840 4695 Μαδύτῳ,
889 4630 950 4678 τὸ
986 4629 1079 4681 ὑπ’
1111 4631 1261 4701 αὐτῷ
1318 4638 1780 4708 μητροπολιτικὺν

187 4706 464 4760 παύεσθαι
497 4708 705 4765 δίκαιον
729 4754 742 4778 ,
778 4716 872 4767 καὶ
909 4717 1015 4771 ὑπὸ
1053 4720 1151 4790 τὴν
1197 4721 1526 4793 Ἡράκλειαν
1571 4729 1780 4784 ἐπανα-

191 4799 448 4894 στρέφειν
481 4803 578 4872 τὴν
604 4808 909 4880 εἰρημένην
951 4810 1301 4883 Ἐκκλησίαν.
1326 4817 1402 4880 ώς
1423 4822 1774 4894 τοπρότερον.

190 4887 650 4988 ίῖροσῖπιτούτοις
698 4902 794 4953 καὶ
839 4905 867 4955 ὁ
904 4902 1320 4972 θεοφιλέστατος
1371 4887 1778 4988 μητροπολίτης

191 4980 444 5050 Πατρῶν,
476 4987 688 5051 πολλοῖς
708 4994 801 5044 καὶ
825 4994 1105 5066 διαφόροις
1128 4980 1457 5073 τετείχισται
1476 4980 1782 5079 δικαιώμαέ

189 5087 298 5136 σιν,
327 5076 409 5138 εἰς
443 5077 504 5130 τὸ
535 5087 837 5150 συμφυεῖς,
871 5090 965 5142 καὶ
995 5091 1298 5162 άτμήτους,
1333 5100 1427 5151 καὶ
1453 5100 1778 5158 ἀναποσπά-

189 5179 348 5262 στους
379 5165 524 5234 ἔχειν
579 5172 676 5236 τὰς
703 5178 768 5245 τῇ
801 5179 922 5230 κατ’
957 5182 1120 5235 αὐτὸν
1147 5185 1414 5258 ἐκκλησία
1441 5189 1780 5262 δωρηθείσας

187 5257 535 5326 ἐπισκοπάς,
592 5267 743 5336 παρὰ
809 5270 1130 5343 Νικηφόρου
1193 5275 1459 5345 βασιλέως
1671 5284 1779 5337 ἀπὸ

187 5353 454 5446 γενικῶν,
503 5356 590 5411 διὰ
639 5361 699 5412 τὸ
731 5362 789 5415 ἐν
835 5367 899 5433 τῇ
949 5373 1306 5442 καταστροφῇ
1352 5374 1461 5424 τῶν
1526 5374 1776 5446 Ἀεάρων

190 5445 339 5512 παρὰ
369 5447 462 5501 τοῦ
495 5453 791 5521 κορυφαίου
818 5458 926 5510 τῶν
956 5459 1272 5516 ἀποστόλων
1315 5467 1408 5519 καὶ
1453 5469 1774 5540 πρωτοκλή-

1891 4641 2088 4689 auctor
2110 4642 2195 4689 est
2224 4633 2402 4688 felicis
2440 4635 2840 4689 recordationis
2884 4634 3184 4705 imperator
3213 4635 3471 4690 Botania—

1889 4735 1994 4789 tes,
2027 4741 2137 4795 qua
2179 4727 2452 4793 sancitur,
2489 4737 2545 4782 ut
2571 4727 2722 4782 illius
2752 4737 2949 4792 morte,
2973 4728 3064 4796 qui
3098 4743 3244 4782 nunc
3270 4727 3467 4799 Madyti

1887 4819 2268 4889 pontificatum
2305 4820 2464 4890 gerit,
2490 4818 2582 4888 jus
2629 4819 2750 4888 ejus
2795 4821 3254 4889 metropoliticum
3282 4823 3469 4892 exspi-

1887 4921 1990 4976 ret,
2035 4927 2097 4966 ac
2128 4911 2271 4965 dicta
2291 4912 2523 4966 ecclesia
2562 4911 2796 4981 pristino
2828 4927 2978 4966 more
3003 4913 3108 4968 sub
3147 4913 3466 4969 llcracleam

1884 5003 2095 5060 redeat.
2149 5001 2355 5057 Praater
2401 5003 2539 5067 hinc,
2595 5002 3046 5071 religiosissimus
3081 5021 3301 5076 qunque
3353 5023 3468 5061 n:e-

1883 5097 2258 5168 tropolitanus
2329 5096 2615 5151 Patrensis
2706 5096 3088 5166 compluribus
3149 5113 3214 5153 ac
3299 5099 3462 5153 variis

1883 5187 2132 5241 munitus
2153 5195 2238 5239 est
2274 5185 2490 5254 juribus
2529 5185 2583 5238 in
2625 5183 2752 5252 hoc,
2811 5197 2869 5238 ut
2903 5186 3006 5240 sibi
3054 5187 3369 5256 adjunctos,
3413 5199 3461 5242 et

1885 5282 2110 5335 minime
2140 5288 2449 5350 separatos,
2494 5278 2914 5350 inrlivulsosque
2956 5279 3464 5350 habeatepiscOpa-

1886 5382 1997 5440 tus,
2041 5372 2288 5428 ecclesia:
2318 5385 2433 5426 sua:
2462 5385 2490 5424 a
2514 5369 2825 5440 Nicephoro
2844 5372 3114 5443 principe,
3147 5372 3238 5440 qui
3269 5386 3335 5425 ex
3369 5385 3462 5441 ge-

1885 5468 2062 5526 nerali
2091 5473 2461 5536 procuratore
2499 5461 2676 5518 factus
2702 5474 2786 5520 est
2818 5464 3138 5534 imperator,
3167 5463 3460 5518 attributoa

1469 5623 1708 5683 ΥΑΙΗΑΞ
1745 5625 2038 5687 LECTIO‘A
2050 5623 2152 5679 ES.

261 5689 310 5722 ⁸⁸
337 5693 587 5751 δεόντων.

293 5818 326 5852 ν
353 5813 714 5871 Constantini.
796 5833 817 5859 κ
851 5818 1128 5877 Michaelis
1183 5821 1365 5878 υκαι).
