3950 6568
472 346 577 406 870

1841 345 1978 407 JUS
2016 346 2457 409 CANONICUM
3650 352 3740 421 εἴθ

472 457 594 526 ejus
621 452 873 509 miraculi
900 451 1099 525 gratia,
1131 453 1277 524 quod
1345 451 1643 508 oculariter
1700 451 1904 507 factum
1959 452 2035 507 l'ui

2164 471 2256 509 του
2300 455 2551 525 ’Δνδρέου
2582 453 3019 526 όφθαλμοφανῶς
3065 459 3363 529 γενόμενον
3402 457 3586 531 θαῦμα
3609 504 3624 528 ,
3655 464 3735 519 ἐπὶ

474 551 542 604 ab
578 550 673 605 illo
720 549 925 604 eximio
961 549 1247 620 primoque
1271 554 1466 601 vocato
1521 545 1773 617 apostolo
1817 545 2055 611 Andrea,

473 643 527 695 iu
569 642 806 695 Abarnm
841 643 1149 703 eversione,
1191 639 1281 710 qui
1321 639 1455 694 totis
1484 652 1681 693 ccxvut
1718 638 1877 693 annis
1900 639 2058 693 Pelo-

474 750 780 805 ponnesum
817 734 1195 798 obtinuerant,
1221 747 1397 801 usque
1425 732 1563 787 adeo
1593 732 1661 787 ab
1688 732 1918 801 imperio
1949 730 2058 788 Ro-

475 841 634 881 mano
682 826 881 891 avulsi,
929 835 989 880 ut
1023 839 1186 880 nemo
1214 822 1499 878 Romanus
1537 824 1590 876 in
1616 821 2054 893 Peloponnesum

474 922 557 973 vel
590 920 783 989 pedem
834 917 1039 974 inferre
1066 925 1285 987 posset;
1339 927 1472 971 tunc
1499 925 1682 970 autem
1715 917 1879 970 unius
1907 916 2056 970 horae

471 1015 654 1080 spatio
686 1011 909 1066 luerunt
935 1010 1281 1066 cxterminati
1320 1025 1413 1079 per
1448 1009 1620 1063 solam
1653 1007 2050 1077 apparitionem

472 1106 633 1175 huius
662 1105 838 1175 primo
862 1104 1037 1159 vocati
1074 1104 1331 1174 apostoli,
1368 1110 1423 1157 et
1457 1102 1574 1173 ipsa
1622 1103 1770 1169 regio
1804 1109 1917 1157 tota
1943 1101 2055 1155 Ro-

470 1201 646 1254 manis
687 1199 946 1253 rcstituta
980 1200 1237 1269 sceptris.

543 1289 621 1344 Ac
651 1290 889 1361 primum
944 1291 1164 1360 quidem
1205 1290 1417 1361 profert
1471 1303 1695 1346 auream
1733 1288 1935 1345 bullam
1965 1288 2053 1344 inv

468 1384 633 1438 dicati
669 1384 952 1454 principis,
993 1386 1083 1455 qui
1118 1395 1171 1440 et
1226 1386 1366 1440 hanc
1427 1384 1599 1456 ipsam
1634 1383 2042 1440 sanctissimam

468 1477 783 1532 l’atrensem
812 1478 1120 1532 Ecclesium
1150 1492 1213 1533 ex
1246 1475 1723 1547 archiepiscopatu
1757 1475 1825 1531 ad
1849 1484 2054 1531 metro-

2162 545 2460 611 διακοσίοις
2484 545 2769 601 δεκαοκτὼ
2802 548 3017 620 χρόνοις
3056 549 3198 614 ὅλοις
3237 552 3624 621 κατασχόντων
3652 557 3740 626 τὴν

2166 637 2610 707 Πελοπόννησον,
2643 639 2741 694 καὶ
2768 639 2869 710 τῆς
2914 640 3231 714 Ῥωμαῖκῆς
3252 644 3442 715 ἀρχῆς
3481 645 3736 715 ἀποτεμο-

2164 727 2364 799 μένων,
2438 730 2519 795 ὡς
2562 732 2698 803 μηδέ
2743 731 2883 786 πόδα
2943 733 3129 804 βαλεῖν
3185 736 3329 799 ὅλως
3385 734 3644 791 δύνασθαι
3689 741 3738 792 ἐν

2160 821 2296 895 αὐτῇ
2346 824 2619 896 Ῥωμαῖον
2652 825 2861 899 ἄνδρα·
2908 829 2966 881 ἐν
3003 830 3101 901 μιᾷ
3143 827 3198 882 δέ
3233 830 3361 900 ὥρᾳ
3401 829 3611 883 τούτων
3652 831 3740 898 μὲν

2160 918 2571 987 ἀφανισθέντων
2595 920 2659 973 ἐκ
2686 919 2857 996 μόνης
2878 921 3202 990 ἐπιφανείας
3215 920 3316 977 τοῦ
3342 923 3735 993 πρωτοκλητου.
3782 954 3791 985 ,-

2157 1008 2258 1080 τῆς
2281 1010 2340 1063 δὲ
2395 1009 2579 1082 χώρας
2620 1012 2844 1083 ἀπάσης
2891 1016 3006 1077 τοῖς
3058 1013 3403 1085 Ῥωμαϊκοϊς
3458 1013 3737 1084 σκήπτροις

2157 1103 2591 1177 ἐπανελθούσης.
3778 1102 3786 1169 ξ

2226 1285 2338 1339 Καὶ
2368 1286 2588 1357 πρῶτον
2625 1287 2724 1358 μὲν
2753 1287 3121 1359 προϐάλλεται
3148 1288 3212 1342 τὸ
3240 1288 3339 1342 τοῦ
3376 1287 3634 1359 ῥηθέντος
3654 1288 3735 1360 βα-

2158 1377 2350 1442 σιλέως
2376 1379 2797 1448 χρυσὸὄουλλον,
2835 1379 2933 1433 τοῦ
2967 1380 3061 1434 καὶ
3090 1378 3192 1451 τὴν
3215 1379 3394 1450 αὐτὴν
3448 1380 3736 1447 ἁγιωτάτην

2157 1472 2455 1543 ἐκκλησίαν
2485 1473 2736 1544 Πατρῶν,
2770 1472 2830 1537 ἐξ
2863 1473 3308 1545 ἁρχιεπισκοπῆς
3357 1472 3442 1535 εἰς
3475 1470 3728 1542 μητροπό-

468 1571 605 1639 polis
642 1569 869 1640 gloriam
892 1571 1074 1625 evexit
1096 1570 1165 1625 ob
1192 1571 1338 1626 illius
1361 1570 1547 1625 eximii
1579 1569 1891 1640 prodigium
1921 1583 2039 1638 apo-

2152 1564 2292 1628 λεως
2353 1566 2513 1632 δόξαν
2573 1567 2967 1634 ἀναγαγόντος,
3002 1566 3090 1620 διὰ
3124 1568 3185 1618 τὸ
3242 1563 3419 1637 ῥηθὲν
3472 1564 3734 1635 τεράστιον

465 1662 614 1724 sto'i,
648 1677 771 1731 quae
792 1662 1064 1730 diximus;
1097 1671 1149 1717 et
1179 1669 1294 1718 tres
1341 1663 1693 1737 episcopatus
1743 1661 1792 1718 ei
1823 1661 2051 1732 largitus

467 1759 574 1815 est,
604 1750 1040 1816 Methonensem,
1074 1752 1574 1819 Lacedaemonium,
1604 1761 1660 1808 et
1710 1752 2048 1810 Sarsocoro-

2152 1656 2247 1711 τοῦ
2281 1657 2603 1729 κορυφαίου,
2636 1661 2730 1711 καὶ
2765 1657 2948 1729 τρισὶν
2977 1659 3314 1721 ἐπιηοπαῖς
3344 1657 3521 1725 αὐτὴν
3567 1656 3733 1727 δωρη-

2162 1751 2426 1820 σαμένου,
2455 1754 2519 1820 τῇ
2551 1750 2808 1824 Μεθώνῃ,
2836 1753 2901 1821 τῇ
2943 1748 3341 1818 Λακεδαίμονι,
3380 1750 3477 1801 καὶ
3523 1751 3586 1818 τῇ
3610 1749 3732 1819 Σαρδ

469 1860 694 1900 neusem
727 1863 742 1901 :
785 1847 981 1901 deinde
1028 1847 1256 1901 alteram
1293 1848 1422 1902 huic
1491 1862 1817 1914 consonam,
1850 1846 2039 1903 Leonis

2158 1845 2436 1914 σοκορώνῃ
2463 1858 2476 1872 ·
2520 1844 2613 1898 καὶ
2654 1842 2844 1913 ¹ἕτερον
2875 1840 3053 1913 τούτῳ
3087 1842 3341 1913 συνᾷδον,
3378 1839 3604 1904 Λέοντος
3648 1838 3728 1892 καὶ

463 1947 517 1991 et
556 1938 853 1992 Alexandri
915 1949 1331 2009 augustorum:
1389 1954 1451 1994 ac
1518 1941 1735 1996 tertiam
1791 1939 2044 2002 Romani,

462 2030 871 2103 ChristOpliori,
927 2041 977 2087 et
1013 2031 1388 2100 Constantini,
1430 2034 1766 2104 reliquarum
1798 2034 2048 2104 vestigiis

464 2122 823 2177 inhaerentem
855 2139 870 2182 ;
902 2122 1141 2192 itemque
1174 2135 1371 2193 praater
1394 2124 1497 2180 has
1520 2125 1707 2189 aliam,
1741 2123 2040 2187 Nieephori

465 2213 663 2268 Phocm
694 2229 707 2265 :
743 2214 992 2283 quintam
1052 2216 1289 2286 denique
1347 2216 1648 2272 Botaniatze
1716 2218 1902 2283 illius,
1953 2219 2091 2288 qui-

460 2304 624 2375 paulo
658 2313 787 2359 ante
805 2319 986 2360 rerum
1017 2307 1221 2375 potitus
1258 2306 1510 2376 fuit,quae
1536 2308 1821 2364 recensitae
1855 2324 2048 2364 omnes

462 2398 855 2469 obsignantur.
884 2397 1356 2457 Neot'tcsarieusis
1389 2417 1613 2473 quoque
1645 2402 1899 2458 similiter
1928 2418 2041 2458 mo-

462 2500 725 2545 numento
756 2489 962 2545 domini
996 2493 1286 2548 Michaelis
1319 2494 1671 2564 patriarchas,
1722 2495 1897 2550 beata:
1930 2511 2046 2549 mc-

462 2583 649 2637 moriaa
679 2583 871 2637 nititur
897 2601 912 2651 ;
941 2594 992 2639 et
1020 2598 1185 2641 aurea
1223 2587 1369 2641 bulla
1387 2586 1593 2642 domini
1624 2587 1910 2644 Michaelis
1938 2587 2046 2643 Du-

465 2688 567 2729 cm.
601 2671 961 2730 Inveniuntur
986 2687 1039 2731 et
1070 2686 1212 2743 acta,
1247 2693 1370 2748 quae
1399 2679 1623 2734 tradunt
1649 2679 1796 2751 quod
1828 2681 2046 2751 episeo-

460 2769 966 2840 patus,quicunquc
1001 2769 1069 2823 ad
1123 2772 1505 2842 metropolium
1555 2772 1874 2844 dignitatem
1913 2787 2045 2843 pro-

456 2859 691 2917 vehendi
722 2871 905 2928 crant,
941 2880 1048 2919 non
1089 2865 1246 2920 aliter
1295 2867 1349 2920 id
1399 2868 1883 2935 assequebantur;
1937 2869 2045 2924 nisi

457 2954 691 3024 publica:
725 2956 981 3013 utilitatis
1027 2958 1081 3012 id
1151 2958 1410 3015 suaderet
1462 2961 1622 3026 ratio,
1681 2970 1736 3017 et
1798 2963 2043 3034 synodus

458 3046 841 3113 assentiretur,
891 3059 944 3103 et
996 3051 1249 3106 ecclesia:
1284 3051 1550 3108 honorem
1586 3061 1893 3124 acceptura:
1931 3071 2044 3110 mc-

457 3138 826 3207 tropoiitanus
852 3144 1330 3200 rcmunerationes
1362 3160 1423 3201 se
1451 3146 1647 3217 dignas
1700 3163 1765 3203 ex
1807 3148 2041 3219 impera-
2067 3183 2112 3242 ο

455 3233 597 3287 turis
634 3247 796 3288 manu
822 3246 1177 3298 consecutus.
1239 3253 1301 3293 ca
1356 3254 1479 3309 quae
1540 3250 1881 3310 gererentur,
1938 3256 2036 3310 ap-

454 3322 733 3390 probaret.
796 3322 901 3379 Tot
929 3327 1095 3394 igitur
1136 3336 1301 3398 atque
1332 3331 1461 3384 talia
1512 3345 1638 3385 cum
1700 3331 2036 3387 adminicula

455 3412 589 3474 sint.
628 3422 739 3469 tam
790 3416 1067 3474 universis
1102 3422 1443 3487 communia,
1474 3438 1640 3492 quam
1678 3424 1910 3496 singulis
1944 3442 2036 3496 pc-

454 3506 740 3561 culiaria:
791 3508 927 3562 mihi
971 3524 1124 3576 sane,
1192 3512 1412 3583 meique
1476 3514 1748 3572 similibus
1802 3517 2038 3584 videtur,

455 3600 856 3655 humanissime
924 3602 1204 3674 princeps,
1244 3620 1369 3660 esse
1426 3604 1634 3660 factum
1696 3606 1860 3678 hujus
1892 3610 2037 3664 modi

452 3698 506 3745 et
538 3691 787 3761 iniquum
843 3700 899 3748 et
949 3709 1197 3762 enorme,
1221 3705 1526 3766 contraque
1561 3715 1750 3757 sacros
1775 3716 2035 3764 canones.

449 3792 505 3837 et
559 3782 799 3839 decretis
852 3786 1240 3855 spiritualibus
1273 3803 1338 3845 ac
1389 3790 1604 3862 legibus
1677 3790 1978 3848 adversum
2018 3810 2035 3845 :

451 3889 552 3931 nec
588 3876 722 3931 satis
767 3876 972 3932 habere
1003 3878 1228 3944 virium,
1272 3895 1392 3950 qua:
1424 3882 1493 3937 ab
1537 3881 1849 3938 adversaria
1883 3892 2036 3955 parte

450 3980 820 4040 opponantur.
861 3970 996 4027 Nam
1022 3987 1202 4043 neque
1239 3988 1397 4029 sacra
1428 3976 1765 4047 pragmatica
1797 3978 2034 4041 sanctio.

451 4064 617 4120 veluti
644 4066 904 4136 superius
933 4075 1017 4123 est
1065 4067 1431 4136 declaratum,
1486 4070 1755 4127 adversus
1816 4071 2035 4127 divinos

449 4169 690 4212 canones
750 4158 989 4211 valebit:
1028 4173 1211 4229 neque
1267 4160 1675 4227 condemnatio,
1736 4177 1857 4231 quae
1900 4179 2038 4218 con-

448 4257 535 4303 tra
583 4251 729 4318 leges
784 4264 1027 4307 canones
1072 4250 1267 4317 tendit,
1320 4252 1616 4310 laudabilis
1645 4269 1768 4309 esse
1810 4255 2034 4324 poterit.

446 4336 709 4405 Quamvis
793 4342 941 4394 enim
1004 4343 1272 4410 scriptum
1338 4345 1705 4398 aconslituta
1766 4345 2034 4403 divinitus

447 4434 733 4503 majestate
764 4445 857 4488 tua
910 4434 1295 4502 subnotatum,
1330 4437 1653 4493 artiﬁciose
1709 4447 1874 4509 atque
1908 4456 2033 4496 ora-

2164 1935 2514 2007 Ἀλεξάνδρου
2549 1935 2659 1989 τῶν
2716 1936 2986 2006 βασιλέων
3007 1951 3022 1967 ·
3057 1935 3152 1989 καὶ
3175 1933 3367 2005 τρίτον
3442 1932 3729 2004 Ῥωμανοῦ,

2152 2029 2552 2100 Χριστοφόρου,
2608 2028 2702 2082 καὶ
2753 2028 3194 2094 Κωνσταντίνου,
3251 2026 3386 2080 κατ’
3440 2023 3580 2096 ίχνος
3634 2029 3728 2089 τοῖς

2150 2124 2329 2188 ἄλλοις
2367 2126 2548 2195 βαῖνον
2570 2141 2584 2153 °
2615 2126 2710 2178 καὶ
2736 2124 2864 2178 ἄλλο
2891 2122 2985 2176 ἐπὶ
3008 2121 3242 2188 τούτοις,
3276 2120 3598 2190 Νικηφόρον
3643 2118 3721 2172 τοῦ

2148 2219 2346 2271 Φωκᾶο
2378 2220 2473 2272 καὶ
2528 2218 2781 2289 πέμπτον
2820 2216 2913 2270 ἐπὶ
2965 2214 3199 2279 τούτοις,
3246 2213 3349 2267 τοῦ
3409 2212 3516 2284 πρὸ
3547 2208 3722 2283 μικροῦ

2150 2308 2600 2378 βεϐασιλευκότος
2660 2309 2754 2363 τοῦ
2808 2307 3190 2369 Βοτανειὰὒου,
3234 2305 3375 2368 τοὺς
3421 2303 3723 2375 εἰρημένους

2150 2400 2361 2457 πάντας
2407 2401 2920 2475 ἐπισφραγίζοντος.
2968 2401 3133 2454 Καὶό
3189 2395 3630 2467 Νεοκαισαρείας
3673 2393 3723 2445 δὲ

2150 2494 2471 2566 ἐστήρικται
2518 2496 2726 2565 ὁμοίως
2753 2494 3113 2565 ὑπομνήματι
3146 2490 3240 2546 τοῦ
3284 2492 3348 2544 ἐν
3376 2488 3618 2561 μακαρίᾳ
3660 2488 3716 2554 τῇ

2147 2586 2299 2657 λήξει
2337 2588 2702 2659 πατριάρχου.
2746 2585 2921 2658 κυροῦ
2947 2584 3190 2655 Μιχαὴλ,
3221 2584 3322 2637 καὶ
3356 2578 3714 2654 χρυσοϐούλλῳ

2148 2679 2320 2750 κυροῦ
2356 2679 2575 2751 Μιχαὴλ
2603 2677 2698 2733 τοῦ
2723 2678 2924 2734 Δούκα.
2960 2677 3328 2749 Εὑρίσκονται
3372 2676 3432 2729 δέ
3462 2676 3553 2729 καὶ
3596 2675 3696 2745 πρά

2149 2770 2258 2837 ξεις
2283 2771 2723 2843 διαγορεύουσαι,
2755 2771 2837 2825 ὃτι
2869 2787 2977 2841 περ
3002 2770 3122 2823 ὅσαι
3155 2767 3265 2821 τῶν
3307 2765 3623 2820 ἐπισκοπῶν
3647 2766 3715 2828 είς

2150 2863 2535 2936 μητροπόλεων
2564 2862 2791 2934 ἔμελλον
2814 2860 3253 2932 ἀναϐιϐασθῆναι
3281 2859 3470 2924 κλὲος,
3494 2860 3589 2913 οὐκ
3631 2859 3713 2913 ἄλο

2146 2956 2253 3020 λως
2286 2955 2477 3009 τούτου
2504 2956 2792 3027 ἐπέτυχον,
2826 2956 2874 3009 εί
2931 2953 3007 3027 μὴ
3071 2953 3424 3026 κοινωφελὴς
3451 2946 3717 3025 προῦκειτο

2147 3049 2451 3117 οἰκονομία,
2484 3048 2579 3101 καὶ
2610 3049 2645 3118 ﬂ
2678 3046 2896 3109 σύνοδος
2937 3045 3282 3114 κατεδέξατο,
3354 3047 3449 3101 καὶ
3472 3049 3500 3102 ὁ
3538 3063 3712 3117 μητρο-

2145 3138 2371 3208 πολίτης
2391 3140 2490 3208 τῆς
2514 3136 2818 3208 μελλούσης
2837 3137 3134 3209 τιμηθῆναι
3183 3136 3493 3207 ἐκκλησίας
3527 3135 3711 3191 ἀντιδό·

2147 3248 2259 3296 σεις
2293 3230 2455 3295 ἀξίας
2476 3229 2716 3299 εἰληφὼς
2738 3232 2840 3299 τῆς
2859 3230 3150 3301 βασιλικῆς
3180 3229 3394 3297 δεξιᾶς,
3426 3232 3534 3294 τοίς
3564 3245 3713 3299 πρατσ

2142 3323 2394 3392 τομένοις
2456 3322 2744 3394 συνῄνεσε.
2785 3323 3070 3377 Ἰὀσούτων
3098 3323 3285 3378 τοίνυν
3323 3322 3494 3377 ὄντων
3540 3319 3708 3393 βοηθη-

2145 3416 2353 3484 μάτων,
2389 3415 2484 3469 καὶ
2517 3416 2716 3472 κοινῶν
2743 3417 2857 3479 τοῖς
2909 3417 3071 3477 πᾶσι,
3104 3416 3201 3469 καὶ
3248 3415 3368 3471 τῶν
3399 3414 3706 3470 καθὲκαστον

2143 3510 2312 3572 ίδὶων,
2344 3510 2472 3579 ἐμοί
2503 3528 2561 3564 τε
2594 3512 2688 3564 καὶ
2716 3514 2830 3575 τοῖς
2884 3510 3093 3581 ὁμοίοις
3125 3510 3298 3577 δοκεῖ,
3349 3508 3701 3579 φιλανθρωπί-

2138 3615 2268 3656 τατε
2297 3601 2539 3673 βασιλεῦ,
2589 3602 2907 3675 παράνομον
2957 3596 3098 3656 εἶναι
3162 3603 3261 3656 καὶ
3302 3600 3579 3676 ἄρρυθμον
3620 3599 3704 3666 τὴν

2137 3696 2397 3768 τοιαύτην
2426 3695 2649 3769 πρᾶξιν,
2681 3697 2778 3751 καὶ
2803 3695 2908 3749 τῶν
2931 3695 3095 3766 ίερῶν
3114 3695 3361 3751 κανόνων
3383 3692 3701 3752 ἀπεναντία··ν

2139 3787 2380 3852 καὶτοῖς
2438 3789 2835 3860 πνευματικοῖς
2874 3787 3022 3859 ὅροις
3058 3790 3156 3842 καὶ
3187 3788 3384 3859 νόμοις
3433 3786 3695 3843 ἀντίθετον.

2140 3880 2233 3934 καὶ
2256 3881 2356 3951 οὐχ
2397 3879 2560 3935 ίκανὰ
2589 3879 2659 3934 τὰ
2693 3880 2846 3951 παρὰ
2873 3879 2967 3934 τοῦ
3005 3880 3340 3953 ἀντιρῤόπου
3379 3881 3571 3951 μέρους
3619 3879 3701 3933 ἀν·-

2137 3972 2481 4042 τιτιθέμενα.
2511 3972 2650 4028 Οὔτε
2669 3975 2780 4045 γὰρ
2813 3973 3206 4045 πραγματικὸς
3229 3974 3378 4038 θεῖος
3401 3972 3562 4035 τύπος
3580 3968 3697 4025 κατὰ

2136 4065 2247 4119 τῶν
2272 4065 2432 4120 θείων
2457 4066 2701 4121 κανόνων
2729 4065 2960 4137 ἰσχύσει,
2993 4066 3071 4131 ὡς
3109 4066 3321 4122 ἄνωθεν
3359 4063 3691 4135 διατετρὰνω·

2133 4175 2246 4225 ται,
2276 4158 2402 4213 οὔτε
2443 4159 2551 4232 μὴν
2600 4159 2891 4229 καταδίκη,
2922 4158 3088 4230 ὁμόσε
3121 4159 3314 4229 νόμων
3342 4159 3435 4211 καὶ
3483 4155 3696 4211 κανόνων

2134 4253 2408 4324 χωροῦσα,
2440 4253 2721 4323 ἐπαινετή.
2753 4252 2816 4305 Ei
2841 4251 2954 4323 γὰρ
2979 4252 3077 4305 καὶ
3104 4250 3165 4303 τὸ
3199 4250 3494 4321 σημείωμα
3525 4247 3613 4316 τῆς
3641 4244 3695 4294 ἐκ

2134 4346 2271 4400 Θεοῦ
2312 4345 2589 4417 βασιλείας
2622 4361 2740 4409 σου,
2773 4343 3036 4417 τεχνικῶς
3102 4343 3196 4397 καὶ
3250 4338 3552 4415 ῥητορικῶς
3584 4351 3696 4390 κατ’

2134 4437 2506 4503 εσκεύασται,
2559 4437 2653 4491 καὶ
2702 4436 2933 4491 πιθανὸν
2983 4436 3278 4499 δοκεῖτοῖς
3322 4434 3568 4495 πολλοῖς·
3595 4425 3692 4481 ἀλλ’

446 4525 587 4579 torie
622 4526 825 4579 factum
852 4534 958 4591 est,
1011 4540 1076 4581 ac
1104 4527 1265 4599 vulgo
1297 4526 1457 4583 fidem
1515 4530 1709 4585 mereri
1761 4532 1981 4587 videtur
2014 4551 2028 4587 :

2145 4528 2292 4583 οὔπω
2328 4529 2422 4582 καὶ
2454 4528 2706 4594 δυνατὸν,
2731 4528 2930 4599 νόμους
2958 4527 3171 4582 ἀνελεῖν
3202 4528 3302 4581 καὶ
3350 4526 3584 4585 κανόνας.
3614 4519 3692 4573 καὶ

446 4630 558 4670 non
596 4626 780 4670 tamen
813 4625 866 4672 et
897 4618 1045 4688 leges
1078 4628 1244 4689 atque
1278 4634 1519 4676 canones
1552 4631 1800 4679 evertere
1824 4633 2025 4696 potest,

445 4715 500 4764 et
542 4709 829 4765 veritatem
889 4720 1202 4767 succutere.
1237 4712 1372 4767 Nam
1414 4714 1700 4785 argutatio
1742 4727 1798 4771 et
1856 4719 2027 4775 ratio-

448 4800 777 4867 cinationes,
812 4816 875 4855 ex
908 4802 976 4857 iis
1010 4811 1267 4873 sumpta,
1311 4818 1433 4874 qum
1465 4805 1744 4860 hominum
1780 4802 2026 4878 opiﬁioni

389 4878 407 4894 ’
450 4899 831 4946 consentaneae
852 4892 1136 4961 videntur,
1182 4909 1306 4949 cum
1330 4910 1436 4950 non
1462 4896 1574 4949 sint
1600 4912 1615 4962 ;
1643 4897 1804 4969 longe
1825 4900 2027 4954 absunt

447 4999 475 5037 λ
511 4998 642 5037 vero
672 4992 834 5053 atque
865 4986 1118 5040 scientia.
1174 4983 1286 5040 Nec
1316 4986 1477 5057 longa
1536 4991 1879 5045 consuetudo
1908 4990 2027 5045 elli-

444 5075 548 5129 ciet
580 5090 838 5145 unquam,
877 5083 936 5130 ut
969 5076 1043 5141 id,
1078 5077 1233 5148 quod
1277 5079 1351 5134 ab
1386 5079 1548 5135 initio
1577 5080 1885 5138 subsistere
1915 5097 2023 5138 non

439 5168 642 5239 potuit.
673 5168 855 5222 locum
905 5169 1122 5224 habeat.
1178 5169 1335 5226 Tunc
1384 5172 1533 5227 enim
1587 5171 1746 5245 longa
1805 5188 2025 5246 quoque

438 5259 779 5315 consuetudo
816 5259 925 5313 vim
969 5259 1101 5330 legis
1141 5262 1374 5327 obtinet,
1410 5265 1636 5335 quando
1659 5273 2021 5336 praeterquam

437 5349 585 5420 quod
630 5350 912 5405 curatione
973 5366 1078 5406 non
1161 5362 1392 5425 pugnat,
1450 5370 1552 5410 nec
1610 5356 1782 5424 legem
1828 5360 2022 5411 everti.

438 5443 506 5495 At
559 5457 685 5497 cum
719 5444 821 5498 hoc
867 5445 1033 5499 modo
1065 5445 1210 5501 sacri
1238 5460 1484 5502 canones
1515 5453 1858 5513 evertantur,
1882 5463 2023 5518 qua-

437 5551 563 5589 nam
613 5535 827 5589 ratione
880 5534 1247 5602 consuetudo,
1310 5552 1434 5608 quae
1491 5538 1573 5594 sic
1628 5538 1874 5608 irrepsit,
1924 5540 2023 5591 ad-

439 5628 732 5683 mittetur?
755 5627 888 5681 Nam
918 5629 1041 5683 audi
1078 5629 1213 5700 legis
1242 5631 1406 5685 verba
1457 5650 1476 5684 ι
1522 5649 1534 5687 :
1569 5631 1727 5697 Quod
1761 5645 1868 5685 non
1898 5645 2019 5684 cum

436 5720 649 5775 ratione
678 5719 1055 5775 introductum
1099 5729 1205 5787 est,
1249 5724 1343 5778 sed
1380 5739 1477 5793 per
1508 5736 1757 5778 errorem
1804 5730 1860 5776 et
1888 5736 2022 5776 con-

436 5812 783 5870 suetudinem
809 5813 1117 5873 obtinuitin
1141 5816 1413 5873 similibus
1438 5816 1620 5874 valere
1654 5830 1766 5872 non
1794 5813 2013 5870 debet.»

2139 4622 2234 4693 τὴν
2255 4622 2518 4692 ἀλήθειαν
2557 4625 2903 4675 κατασεῖσαι.
2946 4619 3239 4688 Σοφιστεία
3273 4621 3405 4691 γὰρ,
3440 4619 3530 4672 καὶ
3579 4615 3690 4667 συλ-

2135 4714 2405 4783 λογισμοὶ,
2428 4715 2493 4767 ἐκ
2520 4712 2863 4783 φαινομένων
2888 4713 3138 4779 ἐνδόξων,
3170 4711 3246 4784 μὴ
3271 4712 3444 4766 ὄντων
3465 4708 3543 4770 δὲ.

2137 4811 2219 4879 ρω
2252 4807 2350 4862 τοῦ
2378 4808 2529 4871 ὄντος
2547 4810 2641 4860 καὶ
2668 4806 2983 4878 ἐπιστήμης
3011 4806 3173 4864 είσίν.
3206 4804 3348 4860 Ἀλλ’
3378 4803 3494 4858 οὐδὲ
3526 4795 3685 4873 μακρὶ

2137 4896 2416 4967 συνήθεια,
2449 4896 2507 4947 τὸ
2538 4894 2800 4965 ἀπαρχῆς
2854 4895 3253 4960 ἀνυπόστατον,
3298 4895 3381 4958 είς
3413 4890 3687 4946 ὑπόστασιν

2133 4988 2252 5053 ἄξει
2283 4989 2434 5042 ποτε.
2476 4986 2611 5041 Τότε
2665 4987 2774 5057 γὰρ
2815 4987 2912 5041 καὶ
2953 4990 2986 5060 ή
3024 4986 3213 5058 μακρὰ
3253 4983 3508 5055 συνήθεια
3546 4976 3679 5032 οὐδὲν

2132 5073 2298 5152 ἧττον
2326 5082 2493 5152 νόμου
2528 5082 2741 5151 κρατεῖ,
2771 5080 2903 5133 ὅταν
2927 5079 3065 5149 πρὸς
3100 5076 3189 5147 τῷ⁵
3220 5076 3293 5151 μὴ
3324 5074 3593 5143 ἀλόγιστος
3616 5060 3685 5118 εἷο

2133 5192 2243 5241 ναι,
2285 5175 2381 5228 καὶ
2409 5173 2575 5246 νόμον
2603 5175 2705 5227 οὐκ
2740 5174 2966 5245 ἀναιρῇ.
2995 5167 3126 5226 ’Ὧδε
3157 5172 3218 5226 δὲ
3245 5168 3353 5224 τῶν
3373 5166 3529 5221 Θείων
3559 5162 3674 5215 ἀνα·

2130 5267 2491 5340 τρεπομένων
2522 5266 2789 5330 κανόνων,
2826 5266 2966 5336 ποίῳ
3004 5261 3250 5333 λογισμῷ
3277 5257 3529 5327 συνήθεια
3552 5252 3675 5319 λαμ·

2130 5358 2369 5412 ὀὰνουσα
2398 5357 2756 5429 παρείσδυσιν
2788 5356 3289 5427 προσδεχθήσεται;
3330 5347 3554 5415 ’Δκούσῃ
3578 5341 3670 5412 γὰρ
3726 5349 3747 5413 λ,

2129 5447 2223 5500 τοῦ
2259 5448 2433 5517 νόμου
2462 5446 2717 5515 λέγοντος
2735 5459 2751 5474 ⁶
2795 5445 2898 5497 «Τὸ
2928 5443 3002 5515 μὴ
3039 5443 3181 5515 μετὰ
3210 5437 3468 5511 λογισμοῦ
3495 5436 3664 5488 είσενευ

2127 5538 2276 5607 Χθέν,
2316 5538 2454 5591 ἀλλὰ
2496 5537 2639 5592 κατὰ
2702 5535 2915 5606 πλάνην
2938 5536 3032 5589 καὶ
3078 5534 3366 5605 συνήθειαν
3398 5526 3666 5600 κρατῆσαν.

2127 5632 2189 5685 οὐ
2224 5631 2305 5684 δεῖ
2335 5634 2559 5702 κρατεῖν
2606 5630 2665 5683 ἐν
2694 5632 2805 5695 τοῖς
2858 5628 3085 5699 ὁμοίοις.
3118 5645 3137 5679 ι
3166 5626 3281 5682 Οὐκ
3315 5617 3596 5692 ἀγνοοῦμεν
3620 5610 3665 5661 εὶ

2129 5723 2321 5778 καὶτὰ
2358 5722 2485 5792 παρ’
2542 5722 2701 5775 ἐνίων
2756 5720 3180 5792 προσφερόμενα
3233 5715 3411 5806 πικρὰᾼ
3453 5710 3645 5806 “tu”?

2126 5816 2195 5869 τὰ
2228 5814 2603 5880 σπουδάζοντα
2633 5812 2849 5885 δωρεὰν
2874 5810 3257 5889 ἀποδεικνύειν
3280 5800 3564 5880 βααιλικὴνι
3582 5800 3656 5860 τηε
