3950 6620
192 503 291 567 881

1484 509 2192 571 GRJ’ECO-ROMANUM.

3349 514 3453 573 ξδ’)
3500 552 3507 560 .

188 614 297 669 τῶν
341 616 682 687 Ἐκκλησιῶν
720 617 1214 674 ἐπανάϐασιν·καὶ
1231 621 1305 693 μὴ
1357 621 1467 675 δεῖν
1495 626 1808 691 φάσκοντα,

1921 636 2059 692 eque
2104 635 2233 675 vero
2266 621 2582 692 ignoramus
2619 618 2819 675 acerba
2852 618 3043 673 isthmc
3099 623 3287 679 verba.
3334 640 3455 692 (μην

184 707 387 777 ταύτην
414 706 844 776 ἀνατρέπεσθαι,
871 710 1027 778 λόγου
1058 712 1414 784 ἀχαριστείας
1443 717 1516 784 μὴ
1547 730 1762 785 παρεμ-

186 800 490 863 πίπτοντος.
537 800 602 854 Εί
651 801 761 872 γὰρ
795 802 1094 876 ἀνθρώπῳ,
1133 805 1293 875 φησὶ,
1346 804 1689 876 δωρούμενος
1741 809 1769 861 ὁ

182 894 461 963 βασιλεὺς,
486 893 590 947 οὐκ
620 893 795 958 ἄλλως
823 896 1195 966 ἀναλαμϐάνει
1227 901 1330 967 τὴν
1358 897 1588 965 δωρεὰν,
1616 900 1665 949 εἰ
1695 896 1771 967 μὴ

180 985 515 1058 ἀχαριστίας
546 987 897 1058 παρεμπέσοι
950 988 1130 1056 λόγος,
1175 988 1356 1059 πολλῷ
1418 988 1619 1057 μᾶλλον
1679 989 1774 1041 ἐπὶ

179 1079 290 1134 τῶν
321 1079 500 1147 ἁγίων
543 1079 902 1149 Ἐκκλησιῶν,
948 1081 1035 1150 ἐφ’
1081 1073 1157 1134 ὧν
1199 1082 1521 1150 ἀχαριστίαν
1570 1082 1773 1149 λέγειν,

178 1174 284 1225 οὐκ
329 1171 577 1240 εὔλογον.
608 1172 832 1243 Πρῶτον
883 1171 982 1243 μὲν
1010 1173 1122 1241 γὰρ
1174 1175 1313 1242 πρὸς
1347 1175 1445 1236 τὰς
1474 1174 1679 1236 πόλεις,
1710 1176 1771 1226 ού

179 1266 317 1334 πρὸς
358 1265 458 1327 τὰς
505 1263 805 1334 ἐκκλησίας
863 1266 897 1336 ἡ
933 1264 1187 1335 βασιλικὴ
1227 1266 1428 1336 δωρεά.
1473 1266 1536 1318 Εἰ
1584 1265 1639 1319 δὲ
1681 1267 1774 1319 καὶ

181 1355 306 1423 θείη
344 1372 431 1418 τις
460 1355 620 1409 τοῦτο
657 1355 983 1427 βιαζόμενος
1015 1356 1227 1430 δωρεὰν
1252 1354 1416 1423 εἶναι,
1453 1359 1640 1413 ἄδικον
1675 1360 1776 1411 αὑ-

183 1448 284 1518 τὴν
323 1448 571 1518 εὑρήσει,
603 1449 698 1502 καὶ
760 1449 946 1519 νόμοις
1015 1450 1407 1522 ἀπρόσδεκτον.
1458 1445 1615 1505 Οὗτοι
1664 1452 1774 1522 γὰρ

182 1536 458 1592 κωλύουσι
492 1539 707 1604 καὶτὰς
752 1539 970 1603 ἀδίκους
1003 1542 1276 1612 αἰτήσεις,
1302 1541 1398 1594 καὶ
1415 1539 1514 1604 τὰς
1544 1540 1770 1610 προχεί-

185 1644 320 1699 ρους
372 1628 720 1699 εὐεργεσίας,
774 1632 856 1694 είς
916 1629 1095 1684 ἄλλων
1164 1629 1370 1700 βλάϐην
1424 1632 1773 1700 αἰτουμένας,

185 1721 671 1791 χαρίζεσθαιΛίαὶ
696 1721 799 1785 ἐτι,
858 1723 957 1776 οὐκ
1007 1722 1314 1791 ὀφείλουσιν
1366 1722 1573 1794 ἐτέροις
1634 1717 1775 1780 εἶναι

184 1812 479 1882 ἐπιζήμιοι
526 1814 584 1868 αί
641 1814 851 1882 ἐτέρων
893 1814 1080 1882 τιμαί.

1876 730 1905 768 a
1949 714 2229 769 nonnullis
2300 712 2651 783 proferuntur
2695 712 2900 779 quibus
2963 714 3201 783 probare
3268 725 3455 770 nitun-

1879 817 1993 873 tur,
2046 807 2410 863 ecclesiarum
2446 806 2513 862 ad
2563 806 2758 861 altiora
2796 808 3224 877 provectionem,
3258 826 3459 863 munus

1878 915 2001 955 esse
2034 898 2496 968 imperatorium;
2554 899 2701 969 quod
2764 899 3193 955 rescindendum
3234 910 3436 969 negant

1882 990 2099 1045 ratione
2144 988 2555 1060 ingratitudinis
2605 1005 2715 1045 non
2768 990 3193 1046 interveniente.
3230 988 3364 1044 Nam
3414 1005 3459 1045 si

1887 1081 2097 1135 homini
2132 1081 2372 1152 largiens
2426 1079 2637 1151 aliquid
2676 1082 3002 1152 imperatur,
3040 1082 3321 1151 inquiunt,
3354 1099 3461 1136 non

1883 1173 2045 1227 aliter
2101 1171 2427 1227 beneﬁcium
2459 1189 2620 1228 suum
2652 1184 2894 1242 revocat,
2931 1175 3036 1230 nisi
3082 1190 3249 1230 causa
3278 1175 3464 1242 ingra-

1880 1266 2132 1322 tttudinis
2166 1265 2443 1333 inciderit,
2490 1267 2662 1322 multo
2696 1269 2870 1339 magis
2931 1267 2985 1322 id
3043 1268 3226 1322 locum
3292 1268 3464 1322 habet

1881 1357 1933 1410 in
1961 1356 2139 1412 sacris
2197 1358 2405 1412 sanctis
2439 1358 2711 1424 ecclesiis,
2747 1375 2885 1429 quas
2930 1360 3344 1429 ingratitudinis
3374 1361 3457 1412 in-

1878 1450 2143 1507 simulare
2182 1449 2340 1516 velle,
2372 1450 2671 1505 absurdum
2732 1451 2919 1506 fuerit.
2954 1453 3172 1509 Atenim
3226 1452 3462 1523 primum

1877 1558 1986 1597 nun
2028 1541 2094 1597 ad
2149 1541 2430 1605 ecclesias,
2464 1545 2559 1598 sed
2596 1544 2666 1600 ad
2718 1545 2971 1601 civitates
3027 1546 3131 1602 hoc
3163 1545 3467 1614 imperato-

1881 1635 2023 1689 rium
2060 1633 2382 1690 beneficium
2435 1644 2669 1708 spectat.
2743 1636 2899 1704 Quod
2963 1637 3010 1692 si
3062 1637 3298 1692 maxime
3342 1637 3468 1706 quis

1886 1733 2073 1795 ponat,
2109 1741 2207 1795 per
2235 1728 2339 1781 vim
2374 1736 2733 1798 extorquens,
2794 1744 2917 1784 esse
2963 1728 3331 1784 donationem.
3370 1726 3474 1781 Rc-

1890 1821 2063 1890 periet
2101 1821 2388 1892 injustam.
2442 1832 2498 1878 et
2555 1824 2768 1894 legibus
2808 1824 3050 1878 vetitam.
3085 1821 3298 1892 Quippe
3328 1821 3473 1889 leges

188 1906 487 1975 prohibent
512 1904 752 1975 injustas
800 1921 1014 1976 preces,
1069 1922 1134 1961 ac
1171 1906 1364 1962 faciles
1417 1906 1770 1976 donationes,
1833 1912 1886 1966 in
1942 1915 2173 1970 aliorum
2240 1917 2440 1984 petitas
2497 1917 2930 1984 detrirnentmn,
2996 1916 3248 1971 concedi.
3321 1913 3471 1969 Prae.

187 2008 344 2055 terea
404 2014 515 2055 non
602 2000 802 2055 debent
862 2000 1098 2056 aliorum
1168 2002 1413 2057 honores
1478 2002 1603 2057 aliis
1662 2017 1782 2059 esse
1822 2004 2095 2063 damnosi.

261 2090 378 2161 Τῆς
408 2089 723 2155 ὑποθέσεως
756 2086 852 2145 οὖν
890 2090 1063 2155 οὓτως
1104 2090 1387 2163 ἐπιμελῶς
1434 2092 1790 2164 ζητηθείσης,

1967 2097 2316 2169 Quapropter
2376 2099 2482 2154 hac
2517 2112 2687 2154 causa
2754 2107 2861 2152 tam
2911 2098 3202 2168 diligenter
3269 2074 3476 2151 exami-

193 2181 375 2254 χρεὼν
413 2182 659 2249 πάντως,
692 2183 944 2238 θεσπέσιε
978 2184 1218 2255 βασιλεῦ,
1243 2185 1340 2256 τὴν
1358 2185 1643 2248 ἀλόγιστον
1663 2184 1795 2240 ταύ-

191 2294 297 2348 την
325 2276 423 2330 καὶ
448 2276 637 2332 ἄδικον
660 2277 862 2349 πρᾶξιν
888 2278 1027 2343 τέως
1066 2280 1146 2344 είς
1189 2280 1290 2349 τὴν
1324 2278 1453 2350 ἐξῆς
1499 2280 1793 2350 ἀνακόψαι,

192 2368 362 2423 θείων
400 2369 792 2440 θεσπισμάτων
831 2369 1204 2440 ἐκτιθεμένων
1236 2371 1387 2441 παρὰ
1410 2371 1510 2441 τῆς
1537 2374 1638 2439 σῆς
1662 2372 1799 2441 ἠμε-

197 2462 453 2532 ρότητος,
481 2460 732 2530 γίνεσθαι
754 2461 959 2532 ταύτην
984 2462 1275 2517 τουλοιποῦ
1306 2462 1626 2516 κωλυόντων
1657 2463 1796 2517 καθο
1830 2456 1831 2459 “

196 2551 358 2620 ἅπαξ
382 2570 399 2587 ·
431 2556 541 2609 τῶν
565 2557 1046 2628 προηγησαμένων
1060 2556 1120 2610 δὲ
1148 2558 1531 2629 προσήκουσαν
1550 2559 1644 2611 καὶ
1662 2574 1798 2610 κατ-

200 2646 439 2717 ἀλληλον
496 2649 561 2717 τῇ
606 2646 1044 2719 μεγαλεπηϐόλῳ
1092 2649 1309 2701 συνέσει
1369 2665 1466 2703 σου
1506 2690 1523 2714 ,
1578 2649 1801 2718 ποιῆσαι

198 2738 543 2809 οἰκονομίαν.
586 2740 696 2793 Kal
724 2740 846 2794 ὅσαι
877 2740 989 2795 τῶν
1025 2740 1335 2812 ἐκκλησιῶν
1392 2741 1452 2806 ἐξ
1516 2742 1804 2794 ἐπισκοπι·

204 2830 323 2885 κῶν
347 2830 576 2886 δικαίων
600 2832 683 2895 είς
708 2832 985 2904 ὑπεροχὴν
1045 2834 1436 2905 μητροπόλεων
1462 2834 1801 2904 ἀναχθεῖσαι,

208 2922 570 2995 ὑπερήλασαν
596 2923 912 2988 ἀδιακόπως
939 2925 1037 2979 καὶ
1057 2926 1157 2996 τὴν
1186 2925 1409 2998 χρονίαν
1434 2926 1806 2997 παραγραφὴν

208 3014 314 3082 τῆς
372 3016 947 3087 τριακονταετηρίδος,
977 3015 1301 3086 μενέτωσαν
1352 3017 1444 3069 ἐπὶ
1505 3017 1804 3087 σχήματος,

212 3109 310 3161 καὶ
329 3110 400 3179 τῇ
436 3107 571 3179 ἁγίᾳ
606 3109 701 3163 καὶ
747 3110 959 3181 μεγάλῃ
988 3108 1085 3163 τοῦ
1117 3108 1253 3162 Θεοῦ
1287 3107 1590 3179 Ἐκκλησία
1638 3106 1811 3161 ἔστω·

213 3217 317 3252 σαν
340 3199 733 3272 ὑποκείμεναι.
778 3200 1002 3273 Ἐπειδὴ
1027 3200 1310 3255 καὶτοῦτο
1353 3199 1651 3273 προνόμιον
1683 3200 1806 3252 ἐπι-

216 3292 508 3359 σκοπικόν,
539 3295 636 3348 καὶ
659 3294 884 3359 κανόνες
912 3296 1050 3349 εἰσὶν
1083 3294 1496 3366 ἐπιτρέποντες,
1519 3293 1810 3357 δεσπόζειν

217 3383 529 3438 ἐπίσκοπον
553 3386 856 3459 προνομίου
881 3387 1081 3460 ἐτέρας
1124 3386 1455 3456 Ἐκκλησίας
1493 3384 1579 3439 διὰ
1627 3400 1810 3455 παρα-

217 3474 431 3547 δρομῆς
459 3477 570 3531 τῶν
599 3477 910 3549 εἰρημένων
938 3477 1233 3533 ἐνιαυτῶν.
1255 3476 1397 3547 Φησὶ
1423 3475 1532 3547 γὰρ
1561 3477 1590 3529 ό
1620 3473 1684 3540 ις’
1714 3492 1808 3531 και

228 3565 339 3621 νὼν
381 3567 487 3639 τῆς
522 3571 579 3623 ἐν
613 3569 920 3638 Χαλκηδόνι
959 3569 1203 3637 συνόδου,
1250 3570 1352 3632 τὰς
1403 3570 1526 3625 καθ’
1576 3570 1815 3642 ἑκάστην

218 3657 524 3729 ἐκκλησίαν
558 3661 885 3732 ἀγροικικὰς
913 3661 1231 3731 παροικίας,
1261 3661 1294 3733 ἢ
1340 3662 1664 3733 ἐγχωρίους,
1705 3665 1804 3734 μέ-

221 3767 338 3802 νειν
401 3752 883 3827 ἁπαροσαλεύτους
939 3754 1090 3825 παρὰ
1143 3756 1260 3818 τοῖς
1318 3755 1642 3827 κατέχουσιν
1706 3757 1807 3808 αὺο

222 3847 325 3909 τὰς
355 3848 701 3915 ἐπισκόποις,
732 3867 766 3904 κ
787 3851 844 3902 αἱ
878 3848 1136 3920 μάλιστα,
1168 3850 1217 3902 εί
1256 3848 1655 3921 τριακονταετῆ
1697 3848 1823 3922 χρό-

226 3960 319 3996 νον
340 3942 549 4005 ταύτας
576 3941 850 4004 ἀϐιάστως
873 3940 1291 4011 διακατέχοντες
1350 3938 1730 4011 ὡκονόμησαν.
1760 3939 1822 3993 El

226 4034 286 4088 δέ
324 4032 478 4098 ἐντδς
507 4033 617 4087 τῶν
643 4033 938 4104 τριάκοντα
967 4033 1235 4088 ἐνιαυτῶν
1267 4032 1494 4101 γένηταί
1516 4048 1602 4095 τις
1657 4032 1689 4101 ἢ
1727 4032 1824 4100 γέ-

227 4127 537 4207 νοιτοοπερὶ
576 4126 758 4180 αὐτῶν
795 4126 1233 4197 ἀμφισϐήτησις,
1271 4124 1470 4188 ἐξεῖναι
1493 4126 1609 4187 τοῖς
1632 4122 1826 4191 λέγου-

232 4237 320 4272 σιν
348 4217 663 4289 ἠδικῆσθαι,
696 4219 824 4288 περὶ
877 4217 1085 4271 τούτων
1128 4218 1300 4271 κινεῖν
1331 4216 1481 4287 παρὰ
1512 4218 1578 4286 τῇ
1620 4216 1826 4284 συνόδῳ

231 4316 333 4382 τῆς
386 4312 681 4381 ἐπαρχίας.
735 4303 806 4383 Ὦ
866 4328 972 4364 τινι
1021 4309 1153 4380 θείῳ
1205 4309 1392 4363 κανόνι
1440 4308 1536 4362 καὶ¹
1579 4310 1701 4380 ἠὲν
1753 4309 1829 4378 τῷ

233 4404 496 4475 Τρούλλῳ
532 4402 629 4456 τοῦ
661 4404 930 4457 παλατίου
954 4403 1200 4457 συστᾶσα
1224 4403 1357 4472 ἁγία
1379 4401 1595 4466 σύνοδος
1615 4401 1706 4455 διὰ
1734 4401 1829 4455 τού

235 4503 318 4549 κε’
346 4496 574 4559 κανόνος
603 4494 1032 4565 ἐπηκολούθησε.
1064 4494 1178 4558 Τὰς
1200 4495 1257 4548 δὲ
1309 4493 1471 4547 τοῦτο
1524 4491 1827 4555 παθούσας,

238 4587 378 4659 μηδὲ
423 4589 604 4658 χρόνῳ
646 4584 1039 4657 βοηθουμένας,
1095 4583 1535 4654 ἐπαναστρέφειν
1593 4583 1831 4653 ἀναμφι-

170 4723 191 4743 ρ
235 4687 456 4747 λέκτως
486 4686 567 4748 είς
598 4685 668 4737 τὰ
699 4682 811 4737 τῶν
845 4680 1063 4737 οίκείων
1091 4680 1479 4753 μητροπόλεων
1511 4678 1713 4734 δίκαια.
1740 4678 1832 4749 Μὴ

1898 2198 2047 2257 nata,
2095 2199 2310 2262 oportet
2343 2190 2589 2256 omnino,
2651 2190 2834 2244 divine
2894 2191 3210 2258 imperator,
3271 2202 3478 2241 morem

1897 2281 2199 2338 absurdum
2231 2291 2293 2338 et
2315 2281 2580 2353 injustum
2613 2282 2807 2337 saltem
2836 2281 2889 2335 in
2925 2288 3204 2351 posterum
3234 2279 3476 2338 abolere.

1898 2387 2090 2430 sacras
2129 2374 2557 2431 mansuetudine
2614 2382 2707 2428 tua
2758 2374 3068 2429 sanctiones
3122 2378 3482 2442 proponente,

1899 2466 2099 2536 quibus
2133 2466 2384 2521 edicatur
2416 2466 2470 2521 in
2508 2466 2854 2528 universum,
2886 2481 2952 2519 ne
2983 2463 3244 2535 deinceps
3298 2461 3481 2516 locum

1903 2558 2138 2613 habeat:
2182 2572 2245 2612 ac
2278 2557 2344 2613 de
2374 2557 2466 2622 iis,
2509 2573 2631 2628 quae
2684 2568 2811 2611 ante
2852 2557 2955 2610 hac
2989 2555 3359 2623 contigerunt,
3387 2567 3485 2621 pro
3533 2596 3537 2599 .

1903 2665 2002 2706 sua
2028 2650 2295 2721 singulari
2358 2658 2412 2706 et
2475 2649 2703 2704 heroica
2766 2648 3078 2720 prudentia,
3135 2645 3482 2717 disponente.

1904 2742 2185 2813 Quotquot
2226 2743 2391 2797 etiam
2453 2741 2815 2812 ecclesiaejus
2862 2737 3177 2809 episc0pale
3221 2736 3374 2807 prius
3396 2735 3492 2789 ba-

1904 2836 2118 2902 bentes,
2151 2843 2205 2889 et
2234 2834 2300 2889 ad
2357 2834 2718 2890 eminentiam
2774 2830 3228 2902 metropoliticam
3270 2837 3491 2891 evecme,

1908 2928 2046 2982 citra
2079 2928 2224 2983 inter
2257 2928 2627 2982 turbationem
2651 2926 2819 2980 ullam
2847 2923 3161 2995 pra‘teriere
3195 2921 3491 2977 terminum

1908 3018 2082 3090 longae
2116 3019 2558 3089 pratscriptionis
2607 3032 2884 3073 annorum
2919 3017 3145 3087 triginta
3184 3032 3196 3068 :
3227 3013 3283 3067 in
3302 3012 3494 3067 eadem

1910 3111 2228 3166 conditione
2281 3121 2576 3175 maneant,
2633 3119 2687 3165 et
2745 3118 2973 3167 sancta},
3006 3119 3331 3177 magnaque
3400 3101 3496 3157 Dei

1911 3204 2172 3260 Ecclesia:
2200 3203 2430 3258 subdita:
2477 3203 2608 3256 sint.
2671 3198 3129 3270 Quandoquidem
3159 3199 3263 3251 hoc
3320 3194 3487 3249 etiam

1914 3296 2226 3366 episcopale
2277 3295 2627 3366 privilegium
2678 3305 2781 3358 est,
2847 3300 2903 3348 et
2965 3296 3187 3346 exstant
3234 3301 3497 3349 canones,

1922 3388 2016 3459 qui
2085 3389 2437 3459 permittunt,
2507 3396 2565 3441 ut
2619 3387 2909 3456 episcopus
2966 3383 3198 3438 alterius
3254 3378 3504 3436 ecclesia:

1923 3481 2337 3552 praerogativam
2395 3478 2667 3533 dictorum
2732 3491 3001 3531 annorum
3087 3476 3326 3530 decursu
3397 3471 3502 3526 sibi

1920 3573 2178 3629 vindicet.
2210 3573 2391 3642 Inquit
2428 3573 2574 3627 enim
2618 3588 2794 3627 canon
2857 3586 2964 3624 xvtt
3022 3569 3225 3641 synodi
3272 3566 3504 3623 Chalce-

1920 3664 2204 3726 donensis,
2242 3663 2461 3717 rurales
2485 3662 2568 3718 vel
2627 3660 2997 3732 provinciales
3026 3658 3296 3731 parmcias
3320 3659 3506 3727 singu-

1924 3756 2099 3808 larum
2167 3754 2525 3809 ecclesiarum
2561 3753 2925 3809 inconcussas
2963 3753 3018 3806 in
3064 3767 3254 3805 eorum
3285 3751 3505 3815 episco-

1925 3859 2118 3916 porum
2144 3853 2469 3915 potestatem
2508 3859 2757 3908 manere,
2780 3844 2874 3915 qui
2905 3859 3003 3897 eas
3046 3842 3363 3913 possideant
3397 3858 3411 3894 :
3443 3854 3509 3894 ac

1926 3938 2258 4009 presertim,
2291 3937 2337 3992 si
2379 3951 2473 3991 eas
2516 3951 2784 3991 annorum
2824 3935 3049 4005 triginta
3105 3933 3307 4002 Spatio,
3358 3932 3508 3983 nulla

1929 4029 2335 4085 interveniente
2377 4028 2453 4094 vi,
2507 4028 2877 4098 possidentes,
2947 4022 3408 4079 administrat-int.
3452 4020 3510 4077 Si

1929 4136 2062 4177 vero
2099 4120 2246 4174 intra
2294 4119 2418 4175 illos
2448 4134 2626 4174 annos
2651 4117 2720 4173 30
2761 4118 2841 4172 vel
2867 4117 3146 4178 inciderit,
3188 4115 3269 4169 vel
3304 4113 3511 4168 incid..t

1930 4214 2112 4283 aliqua
2148 4211 2216 4267 de
2244 4213 2325 4269 eis
2342 4211 2612 4268 dubitatio
2641 4228 2656 4279 ;
2687 4212 2857 4266 licere
2880 4208 3213 4274 dicentibus,
3240 4222 3299 4262 se
3317 4221 3512 4276 passos

1932 4305 2220 4377 injuriam,
2255 4315 2314 4361 ut
2364 4306 2430 4360 de
2474 4304 2562 4359 his
2593 4304 2738 4377 apud
2792 4302 3063 4375 synodum
3112 4299 3513 4373 provincialem

1933 4406 2119 4466 agant.
2150 4397 2322 4462 Quem
2360 4411 2578 4452 sacrum
2624 4410 2892 4452 eanonem
2919 4400 3112 4450 sancta
3172 4407 3393 4463 quoque
3426 4405 3517 4460 sy-

1935 4487 2113 4542 nodus
2166 4489 2219 4542 in
2260 4486 2449 4543 Trullo
2500 4488 2687 4558 palatii
2737 4488 2944 4551 habita,
3009 4500 3226 4542 canone
3275 4500 3380 4539 xxv
3432 4491 3519 4538 est

1937 4593 2147 4635 secuta.
2195 4577 2408 4646 Quibus
2460 4588 2641 4634 autem
2703 4580 2808 4634 hoc
2846 4579 3164 4649 contigerit,
3206 4580 3252 4632 si
3311 4586 3522 4646 tempo-

1939 4669 2015 4724 ris
2051 4668 2447 4723 adminiculnm
2493 4670 2705 4722 nullum
2764 4669 3049 4732 habeant;
3111 4667 3248 4721 citra
3295 4673 3518 4719 contra-

237 4774 560 4846 ταραττέτω
608 4773 666 4827 δὲ
724 4774 826 4843 τὴν
872 4772 1143 4844 κραταιὰν
1205 4770 1302 4824 καὶ
1343 4771 1511 4840 ἁγίαν
1556 4769 1803 4840 βασιλεία

1939 4761 2237 4816 dictionem
2268 4761 2335 4815 ad
2379 4775 2607 4816 suarum
2660 4758 3047 4830 metropolitim
3086 4758 3213 4829 jura
3270 4756 3516 4812 redeant.

242 4882 366 4929 σου,
381 4867 449 4918 τὸ
479 4865 619 4919 κατὰ
637 4864 940 4933 φαντασίαν
964 4862 1435 4935 παρεισαγόμενον
1455 4862 1674 4927 ἄτοπον,
1698 4863 1787 4913 καὶ
1802 4862 1837 4933 ἡ

241 4956 482 5010 δοκοῦσα
508 4956 895 5027 προσγίνεσθαι
930 4959 1047 5019 ταῖς
1089 4955 1406 5026 ἐκκλησίαις
1434 4954 1614 5026 ὕϐρις,
1637 4956 1836 5025 ἀτιμαο

244 5048 510 5119 ζομὲναις
564 5046 754 5119 ὥσπερ
776 5049 854 5120 τῷ
876 5048 1223 5119 ὑφαιρεῖσθαι
1252 5046 1346 5102 τοῦ
1377 5046 1835 5119 μητροπολιτικοῧ

247 5141 594 5212 ἀξιώματος.

323 5325 445 5378 οὐκ
511 5324 626 5377 ἐστι
695 5312 811 5393 γὰρ
861 5323 1018 5378 τοῦτο
1092 5322 1283 5391 ὕϐρις,
1345 5321 1406 5374 τὸ
1485 5316 1837 5390 ὑφαιρεῖσθαι.

249 5417 536 5486 ἐνθέσμως
561 5431 575 5444 ⁸
609 5418 921 5471 τούναντίον
964 5418 1021 5471 δέ
1058 5416 1257 5486 μᾶλλον
1297 5417 1359 5468 τό
1391 5414 1479 5468 ἓτε
1496 5432 1609 5485 ρον,
1653 5411 1713 5466 τὺ
1748 5415 1840 5466 ἐκ·

252 5510 442 5577 ςύλως
482 5511 579 5563 καὶ
610 5508 902 5580 ἐκθέσμως
932 5510 1239 5580 γινόμενον.
1282 5507 1498 5580 Εὐρέθη
1526 5508 1635 5577 γάρ
1660 5524 1712 5558 τι
1747 5506 1840 5558 καὶ

252 5601 501 5655 τοιοῦτον
544 5601 841 5670 γενόμενον
889 5600 1070 5672 κρίσει
1114 5601 1391 5669 συνοδικῇ,
1423 5598 1517 5653 καὶ
1570 5596 1845 5666 ἐπικρίσει

160 5721 172 5729 -
259 5692 521 5764 βασιλικῇ
554 5694 825 5763 κυρωθέν.
851 5695 960 5765 Τῆς
984 5695 1094 5764 γὰρ
1116 5693 1423 5763 ἐπισκοπῆς
1444 5691 1539 5745 τοῦ
1579 5689 1846 5753 Ῥοιςαίου

258 5783 368 5837 ὑπὸ
407 5784 501 5836 τόν
544 5783 885 5853 Καισαρείας
932 5782 1215 5852 τελούσης,
1263 5783 1359 5836 καὶ
1409 5782 1849 5852 ἀρχιεπισκοπῆς

264 5873 566 5946 γενομένης
606 5891 681 5928 πα
695 5874 764 5944 pit
787 5875 1072 5945 Γερμανοῦ
1107 5873 1203 5927 τοῦ
1229 5869 1567 5944 όμολογητοῦ
1606 5871 1700 5924 κα)⁹
1743 5887 1853 5923 πα-

264 5967 554 6038 τριάρχου,
597 5967 693 6021 καὶ
725 5966 820 6022 τοῦ
859 5969 943 6022 ἐπ’
976 5968 1185 6023 ἐκείνου
1214 5964 1613 6038 βασιλεύοντος,
1642 5961 1856 6033 χρόνοις

1937 4850 2128 4924 Neque
2154 4868 2283 4908 vero
2320 4860 2711 4923 praepotentem
2766 4862 3135 4921 sanctamque
3174 4852 3518 4921 maiestatem

1939 4954 2086 5000 tuam
2114 4960 2176 5000 ea
2196 4946 2378 5000 turbet
2407 4945 2743 5010 absurditas,
2772 4962 2895 5016 quae
2916 4945 3109 5015 specie.
3154 4956 3316 5000 tenus
3380 4958 3520 5014 pra:-

1942 5039 2206 5103 tenditur,
2244 5053 2346 5092 nec
2393 5039 2748 5104 contumelia,
2797 5052 2919 5107 qua:
2973 5036 3193 5092 videtur
3244 5032 3508 5090 Ecclesiis

1944 5132 2210 5202 irrogari;
2236 5147 2362 5185 cum
2401 5130 2625 5185 infamia
2654 5130 2814 5200 quasi
2842 5129 3023 5184 notari
3047 5128 3365 5194 vidcantur,
3394 5125 3531 5180 dum,

1944 5225 2303 5295 metropolica
2330 5223 2574 5294 dignitas
2609 5222 2659 5278 ci
2690 5221 2974 5277 adimitur.

2009 5314 2129 5373 Non
2157 5317 2305 5372 enim
2338 5317 2597 5386 probrum
2632 5321 2717 5370 cst
2762 5315 3002 5385 legitime
3022 5313 3305 5383 quidpiam
3362 5306 3525 5363 amit-

1945 5418 2058 5464 tere
2091 5425 2106 5462 :
2141 5409 2235 5464 sed
2267 5423 2298 5463 e
2351 5406 2633 5463 contrario
2660 5407 2843 5477 potius
2872 5406 3006 5461 illud
3066 5405 3324 5463 alterum,
3379 5395 3526 5467 quod

1950 5515 2102 5555 more
2133 5516 2299 5562 novo.
2328 5507 2382 5556 et
2409 5509 2605 5568 praeter
2639 5499 2786 5569 leges
2814 5494 3200 5551 committitur.
3233 5490 3299 5545 Et
3340 5489 3531 5557 depre—

1951 5592 2181 5647 hensum
2215 5590 2533 5659 estaliquid
2569 5590 2679 5644 tale
2717 5590 2923 5643 factum
2956 5586 3024 5641 de
3046 5582 3316 5638 sententia
3363 5591 3529 5649 syno-

1944 5685 2088 5751 ‘dali,
2123 5691 2177 5739 et
2221 5682 2581 5753 imperatorio
2620 5682 2845 5744 decreto
2905 5676 3349 5733 corroboratum.
3395 5669 3530 5749 N’am

1963 5792 2088 5831 cum
2114 5774 2470 5845 episcopatus
2504 5770 2743 5827 Rhmzrei
2811 5769 2914 5825 sub
2961 5768 3225 5822 Caesareae
3276 5759 3535 5835 pontiﬁce

1963 5869 2043 5936 ﬁt,
2083 5878 2137 5924 et
2170 5868 2677 5935 archiepiscomtus
2705 5863 2898 5919 luisset
2924 5879 2953 5915 a
2982 5860 3275 5916 Germano.
3320 5851 3539 5909 confes-

1965 5976 2091 6019 sore
2124 5975 2187 6015 ac
2209 5956 2559 6030 patriarcha;
2587 5954 2798 6024 subque
2832 5952 3081 6024 principe
3140 5949 3234 6021 qui
3276 5944 3536 6003 Germani
