3950 6584
255 455 356 523 385

1533 467 1802 528 GR/ECO
1832 469 2245 531 ROMANUM.

3402 462 3504 525 886

259 571 476 643 ιςιςύης,
509 570 606 627 τοῦ
629 572 980 644 Μαρωνείας,
1013 574 1107 628 τοῦ
1141 575 1375 646 Παρίου,
1406 577 1500 632 τοῦ
1540 580 1700 648 Κίου,
1733 580 1827 635 τοῦ

1954 584 2459 657 Sugdophulloruiu,
2520 589 2576 640 et
2725 580 2980 640 Herculis
3010 597 3031 636 :-
3079 581 3388 639 astantibus
3445 592 3500 640 et

258 668 472 736 Ἀπρω,
504 666 600 719 τοῦ
622 667 819 737 Νίκης,
849 666 943 720 τοῦ
971 668 1010 719 Γ
1013 668 1220 733 οτθίας,
1248 668 1342 722 τοῦ
1381 671 1710 742 Ματράχων,
1735 671 1828 726 τοῦ

255 758 727 828 Σουγδοφούλλων,
767 759 862 812 καὶ
899 758 994 814 τοῦ
1036 759 1145 813 τῶν
1195 760 1525 833 Ἡρακλέος·
1560 781 1829 835 παριστα-

256 850 432 919 μένων
464 854 561 904 καὶ
596 851 1035 921 θεοφιλεστάτων
1057 842 1396 908 δεσποτικῶν
1423 856 1721 926 ἀρχόντων.

336 940 394 994 '0
444 942 741 1013 ἱερώτατος
807 944 1240 1015 ἀρχιεπίσκοπος
1294 946 1394 1016 τῆς
1448 949 1834 1019 μητροπόλεως

252 1033 659 1104 θεσσαλονίκης
703 1037 1118 1100 Κωνσταντῖνος
1162 1039 1494 1110 περιηχήθη,
1524 1039 1606 1092 ὅτι
1642 1040 1711 1093 τὰ
1734 1039 1835 1110 τῆς

252 1122 527 1195 λαχούσης
567 1126 729 1177 αὑτὸν
796 1127 1185 1198 μητροπόλεως
1223 1129 1457 1199 διάφορα
1508 1131 1832 1202 πράγματα,

251 1215 350 1284 οὐχ
401 1211 570 1286 ἧττον
603 1217 658 1270 δὲ
703 1217 798 1272 καὶ
846 1219 917 1272 τὰ
963 1218 1042 1290 τῷ
1089 1221 1197 1291 πρὸ
1250 1221 1415 1275 αὐτοῦ
1467 1224 1836 1296 μητροπολίτῃ

249 1311 552 1378 ἀνήκοντα,
591 1311 928 1380 ἀφήρπασαν
973 1330 1121 1376 τινες
1163 1312 1272 1366 τῶν
1315 1314 1408 1366 ὑπ’
1437 1315 1599 1369 αὑτὸν
1645 1315 1836 1386 κληρι-

250 1399 384 1453 κῶν.
416 1401 528 1453 Καὶ
555 1402 720 1472 ἡρετο
749 1403 1045 1465 συνοδικῶς
1092 1403 1518 1474 προκαθημένης
1554 1409 1654 1473 τῆς
1678 1407 1709 1475 ἡ
1721 1406 1837 1476 μῶν

251 1491 633 1561 μετριότητος,
673 1492 726 1546 τί
770 1493 880 1565 ἄρα
921 1494 1106 1564 μέλλει
1147 1495 1544 1565 διαπράξεσθαι
1585 1498 1677 1550 ἐπὶ
1725 1501 1838 1562 τοῖς

247 1581 395 1635 οὕτω
438 1585 768 1654 παραλόγως
828 1588 910 1651 είς
955 1587 1055 1656 τὴν
1101 1588 1362 1658 τοιαύτην
1413 1589 1612 1658 πρᾶξιν
1659 1590 1837 1657 ἐξενε-

246 1673 446 1743 χθεῖσι.
479 1676 589 1729 Καὶ
618 1678 875 1746 ἤκουσεν,
901 1678 977 1740 ὡς
1012 1680 1136 1732 ἐπεὶ
1165 1680 1272 1732 ἀπὸ
1295 1680 1564 1752 διαφόρων
1594 1683 1837 1736 κανόνων

247 1767 348 1818 καὶ
381 1767 591 1836 νόμων,
625 1763 699 1822 ὧν
729 1769 826 1822 καὶ
859 1771 886 1824 ὁ
919 1769 1077 1838 λόγος
1112 1773 1409 1842 κατωτέρω
1435 1773 1836 1845 μνησθήσεται,

243 1858 296 1909 οἱ
329 1857 562 1914 τοιαῦτα
601 1861 936 1931 πράττοντες
971 1863 1227 1928 εὐθύναις
1253 1867 1665 1936 προσηκούσαις
1702 1870 1838 1923 ύπό-

249 1966 488 2013 κεινται,
516 1953 610 2004 καὶ
632 1953 682 2004 οἱ
717 1953 814 2020 τῆς
845 1955 968 2006 κατ’
998 1957 1164 2010 αὐτὸν
1205 1959 1534 2029 Ἐκκλησίας
1563 1961 1836 2033 κληρικοὶ,

246 2043 396 2112 μετά
420 2044 678 2110 ἐξέτασιν
710 2047 938 2117 ἀκριϐῆ,
974 2049 1070 2102 καὶ
1097 2049 1198 2115 τῆς
1229 2050 1488 2120 ἀληθείας
1527 2055 1838 2123 διάγνωσιν,

246 2135 538 2198 τοιαύταις
584 2136 852 2208 πράξεσιν
885 2139 1315 2211 εὑρεθησόμενοι
1344 2145 1542 2215 ἔνοχοι,
1577 2147 1720 2202 κατά
1741 2148 1840 2220 τὴν

247 2227 364 2280 τῶν
398 2228 661 2283 τοιούτων
689 2232 870 2302 νόμων
911 2233 1008 2287 καὶ
1036 2235 1279 2290 κανόνων
1307 2237 1620 2309 περίληψιν,
1649 2241 1839 2296 εὐθυν-

247 2318 534 2390 θήσονται.
586 2324 650 2376 Ol
681 2324 739 2377 δὲ
797 2325 1018 2389 κανόνες
1071 2328 1166 2382 καὶ¹
1207 2331 1258 2384 oi
1305 2331 1481 2402 νόμοι,
1525 2335 1573 2386 ot
1619 2335 1747 2400 τοὺς
1774 2336 1844 2391 τὰ

246 2412 478 2468 τοιαῦτα
504 2416 846 2486 πράττοντας
880 2419 1222 2486 εὐθύνοντες,
1259 2422 1474 2494 ἔχουσιν
1499 2425 1696 2490 οὕτως’

324 2596 528 2651 Κανὼν
565 2599 644 2670 οβ’
673 2601 781 2654 τῶν
797 2601 972 2669 ἁγίων
1001 2602 1342 2656 ἀποστόλων⁶
1377 2603 1444 2656 Εἴ
1464 2622 1546 2668 τις
1578 2605 1842 2678 κληρικὺς

249 2689 284 2760 ἢ
321 2689 511 2753 λαῖκδς
556 2692 664 2747 ἀπὸ
710 2693 810 2762 τῆς
847 2695 1009 2762 ἁγίας
1049 2695 1348 2764 ἐκκλησίας
1381 2697 1648 2768 ἀφέληται
1676 2703 1843 2773 κηρὸν

249 2778 282 2851 η
324 2778 528 2848 ἔλαιον,
576 2783 956 2854 ἀφοριζέσθω·
990 2784 1087 2839 καὶ
1133 2786 1193 2840 τὸ
1224 2786 1576 2857 ὲπίπεμπτον
1620 2808 1843 2863 προστι-

249 2869 434 2925 θέσθω
477 2874 599 2942 μεθ’
626 2866 688 2927 οὗ
717 2875 928 2930 ἔλαϐεν.

327 2964 444 3033 Τῆς
475 2966 534 3018 ὲν
572 2966 796 3038 Γάγγρᾳ
828 2969 1047 3022 συνόδου
1071 2969 1251 3025 κανὼν
1277 2972 1343 3036 ζ’·
1379 2974 1447 3028 Et
1469 2992 1552 3038 τις
1579 2977 1677 3040 τὰς
1710 2995 1845 3049 καρο

249 3056 531 3126 ποφορίας
579 3058 678 3121 τὰς
726 3059 1193 3131 ὲκκλησιαστικάς
1241 3062 1415 3118 ἐθέλοι
1460 3065 1839 3140 λαμϐάνειν,ἢ

251 3147 454 3202 διδόναι
481 3149 586 3216 ἔξω
618 3154 715 3221 τῆς
752 3152 1049 3224 ἐκκλησίας
1078 3194 1094 3219 ,
1152 3158 1304 3227 παρὰ
1331 3157 1558 3230 γνώμην
1588 3161 1680 3214 τοῦ
1721 3164 1842 3217 ἐπι-

1933 678 2367 750 religiosissimis
2394 675 2688 734 dominicis
2711 675 3129 748 magistratibus
3154 682 3206 728 7.
3238 688 3244 694 ‘

2006 954 2405 1012 Sanetissimus
2438 953 2886 1025 archiepiscopus
2917 950 3238 1022 metropolis
3265 950 3510 1008 Thessa~

1934 1048 2234 1104 louicensis
2273 1045 2909 1118 Constantiuusindigue
2934 1060 2992 1104 se
3032 1043 3177 1099 ferre
3215 1044 3510 1116 clamabat,

1935 1139 2083 1206 quod
2115 1139 2366 1195 diversas
2423 1137 2743 1207 metropolis
2772 1151 2888 1191 suae
2913 1151 3022 1199 res,
3055 1135 3352 1204 itidemque
3380 1150 3509 1205 per»

1939 1231 2172 1286 tinentes
2200 1231 2267 1284 ad
2298 1229 2773 1299 metropolitanum
2799 1228 3144 1284 decessorem
3173 1243 3355 1290 suum,
3397 1227 3508 1281 cle-

1937 1321 2037 1376 rici
2069 1319 2286 1390 quidam
2329 1321 2433 1376 sibi
2468 1318 2670 1376 subditi
2729 1319 3106 1391 diripuissent.
3157 1319 3220 1374 Et
3273 1321 3514 1374 interro~

1938 1415 2097 1482 gabat
2126 1412 2182 1466 in
2229 1411 2462 1483 synodo,
2514 1411 2842 1482 prmsidente
2873 1411 3250 1467 mediocritate
3301 1422 3514 1473 nostra,

1939 1507 2070 1578 quid
2121 1505 2390 1577 agendum
2427 1504 2648 1560 essetin
2699 1519 2817 1570 eos,
2869 1505 2964 1574 qui
2995 1514 3102 1558 tam
3143 1504 3395 1573 nequiter
3441 1503 3509 1556 ad

1938 1601 2057 1668 ejus
2079 1598 2227 1653 modi
2289 1596 2508 1653 facinus
2565 1597 2990 1651 exorbitassent.
3030 1595 3372 1665 Responsum
3428 1603 3512 1650 est

1947 1689 2119 1760 quod,
2149 1704 2276 1743 cum
2301 1703 2365 1756 ex
2401 1687 2637 1742 diversis
2677 1687 2978 1741 canonibus
3008 1696 3061 1741 et
3090 1686 3320 1756 legibus,
3375 1701 3515 1755 qua-

1942 1798 2062 1835 rum
2097 1780 2330 1836 inferius
2359 1781 2412 1834 in
2441 1779 2545 1834 hoc
2591 1778 2799 1848 scripto
2829 1777 2921 1833 ﬁet
2956 1777 3180 1842 mentio,
3209 1777 3340 1831 talia
3367 1791 3522 1830 com-

1941 1871 2219 1926 mittentes
2236 1869 2695 1926 convenientibus
2717 1869 2896 1939 pmuis
2928 1868 3149 1925 obnoxii
3182 1868 3325 1934 sint;
3351 1867 3516 1922 etiam

1943 1962 2454 2019 Thessalonicensis
2488 1961 2749 2018 Ecclesiae
2792 1960 2996 2026 clerici,
3048 1969 3309 2016 accurato
3364 1960 3518 2029 prius

1941 2053 2196 2109 examine
2251 2053 2463 2118 habito,
2521 2061 2576 2107 et
2635 2050 2867 2106 veritate
2919 2051 3160 2120 cognita,
3207 2050 3256 2106 si
3318 2051 3519 2104 talibus

1945 2145 2275 2201 facinoribus
2342 2143 2564 2199 obnoxii
2631 2143 2997 2213 reperiantur,
3047 2150 3212 2215 prout
3248 2143 3520 2212 ejusmodi

1943 2240 2156 2311 legibus
2215 2246 2270 2294 et
2303 2237 2621 2293 eanonibus
2662 2237 3031 2302 contineatur,
3087 2237 3166 2292 rei
3228 2235 3522 2307 peragendi

1942 2331 2072 2396 sint;
2093 2344 2365 2384 canonum
2399 2343 2552 2394 vero,
2575 2328 3095 2399 etlegum,quarum
3124 2328 3521 2396 ptenasincuvr-

1941 2429 2071 2476 runt
2130 2419 2450 2491 hujusmodi
2488 2418 2794 2476 facinorum
2821 2425 3094 2485 auctores,
3130 2417 3244 2480 haec
3281 2425 3363 2472 est
3395 2431 3524 2474 scn-

1942 2511 2137 2567 tentia.

2017 2601 2207 2657 Canon
2254 2617 2400 2656 ωιτη
2457 2611 2770 2657 sanctorum
2817 2600 3186 2672 apostolorum
3219 2611 3242 2658 ξ
3279 2598 3336 2654 Si
3396 2599 3521 2669 quis

1944 2692 2180 2749 clericus
2218 2701 2313 2747 attt
2361 2693 2533 2749 laicus
2559 2709 2622 2747 ex
2658 2702 2849 2748 saneta
2892 2693 3127 2748 ecclesia
3170 2706 3352 2748 ceram
3389 2692 3520 2746 abs-

1945 2786 2149 2852 tulerit,
2181 2785 2268 2841 vel
2322 2786 2504 2841 oleum
2556 2792 2910 2858 segregator;
2943 2793 2999 2842 et
3044 2791 3244 2856 praeter
3272 2784 3351 2850 id,
3374 2781 3519 2854 quod

1945 2880 2175 2948 accepit,
2202 2878 2648 2949 sesquiquintum
2701 2877 2946 2947 adjiciat.

2014 2969 2200 3024 Canon
2247 2987 2318 3024 vu
2361 2969 2556 3040 synodi
2608 2967 2981 3038 Gangren‘sis:
3020 2968 3079 3023 Si
3137 2967 3260 3038 quis
3309 2967 3524 3022 fructus

1945 3063 2355 3118 ecclesiasticos
2393 3063 2650 3132 accipere
2683 3061 2937 3124 voluerit,
2961 3073 3054 3114 aut
3086 3060 3218 3114 dare
3249 3068 3402 3115 extra
3433 3074 3525 3113 ee-

1945 3157 2192 3221 clesiam,
2231 3163 2428 3226 prmter
2447 3152 2778 3210 sententiam
2818 3153 3083 3223 episcopi,
3120 3153 3205 3206 vel
3233 3154 3376 3220 ejus.
3426 3151 3521 3221 qui

252 3240 486 3304 σκόπου,
521 3243 554 3312 ἢ
593 3243 687 3296 τοῦ
727 3246 1211 3316 ὲγκεχειρισμένου
1248 3248 1315 3302 τά
1348 3251 1596 3317 τοιαῦτα,
1640 3253 1733 3306 καὶ
1767 3254 1838 3324 μὴ

1954 3248 2073 3302 talia
2092 3246 2389 3302 commissa
2407 3254 2556 3308 sunt,
2596 3258 2697 3300 nec
2716 3257 2879 3316 agere
2913 3258 3038 3300 cum
3076 3243 3223 3297 illius
3245 3242 3524 3298 voluntate

249 3332 401 3478 ζιετά
471 3329 699 3407 γνώμης
768 3337 934 3392 αὐτοῦ
1004 3339 1178 3394 ἐθέλοι
1229 3342 1536 3413 πράττειν,
1594 3345 1842 3416 ἀνάθεμα

286 3443 423 3478 στω.

286 3443 423 3480 στω.

325 3520 440 3591 Τῆς
472 3521 530 3573 ὲν
572 3522 876 3590 Χαλκηδόνι
925 3526 1146 3580 συνόδου
1207 3528 1389 3583 κανὼν
1416 3531 1482 3601 β’·
1520 3530 1612 3604 Μὴ
1641 3532 1847 3597 ἐξεῖναι

253 3607 527 3678 κληρικῷ,
560 3610 697 3680 μετά
737 3611 968 3666 θάνατον
1018 3617 1114 3668 τοῦ
1156 3615 1288 3670 ἰδίου
1339 3619 1663 3686 ἐπισκόπου,
1692 3621 1844 3694 διαρ-

255 3699 452 3764 πάζειν
488 3701 559 3754 τὰ
595 3701 922 3774 διαφέροντα
962 3704 1114 3776 αὐτῷ
1169 3708 1496 3780 πράγματα,
1533 3711 1714 3776 καθὼς
1748 3713 1843 3767 καὶ

255 3792 364 3852 τοῖς
414 3791 585 3844 πάλαι
641 3795 864 3848 κανόσιν
918 3797 1321 3870 ἀπηγόρευται.
1386 3801 1458 3854 Ἢ
1509 3802 1632 3866 τοὺς
1684 3804 1842 3856 τοῦτο

250 3883 570 3944 ποιοῦντας.
596 3887 932 3943 κινδυνεύειν
963 3892 1041 3954 είς
1074 3892 1201 3954 τοὺς
1233 3893 1397 3956 ἰδίους
1433 3893 1698 3964 βαθμούς.

323 3975 441 4044 Τῆς
478 3977 534 4028 ἐν
585 3979 1166 4060 Κωνσταντινουπόλει
1213 3985 1272 4038 ὲν
1311 3984 1388 4054 τῷ
1444 3985 1700 4059 Τρούλλῳ
1747 3989 1840 4042 τοῦ

252 4067 522 4122 παλατίου
576 4072 793 4128 συνόδου
838 4075 1017 4127 κανὼν
1059 4076 1153 4128 λεΗ
1199 4077 1292 4146 Μὴ
1340 4076 1545 4142 ἐξέστω
1594 4081 1702 4134 τινὶ
1733 4081 1843 4136 τῶν

253 4162 699 4232 μητροπολιτῶν,
758 4167 1125 4232 τελευτῶντος
1196 4171 1500 4224 ἐπισκόπου
1562 4173 1842 4241 τελοῦντος

253 4253 362 4305 ὑπὸ
395 4253 488 4305 τὶν
517 4255 639 4308 κατ’
667 4256 830 4310 αὑτὸν
868 4258 1078 4328 θρόνον,
1107 4259 1175 4314 τὰ
1217 4260 1383 4315 αὑτοῦ
1441 4263 1745 4333 πράγματα
1805 4266 1838 4336 ἢ

249 4345 352 4412 τῆς
385 4347 512 4398 κατ’
551 4348 714 4401 αὑτὸν
764 4351 1118 4420 Ἑκκλησίας,
1173 4354 1532 4422 ἀναιρεῖσθαι
1575 4357 1609 4426 ἢ
1645 4373 1840 4426 σφετε-

251 4435 503 4504 ρίζεσθαι
524 4456 538 4468 ·
567 4439 684 4491 ἀλλ’
714 4440 820 4492 ὑπό
863 4441 1271 4514 παραφυλακὴν
1316 4444 1560 4498 ἔστωσαν
1584 4447 1678 4500 τοῦ
1709 4449 1842 4521 κλή-

250 4543 348 4596 ρου
376 4530 478 4598 τῆς
518 4532 874 4597 Ἐκκλησίας,
917 4536 1028 4605 ηςὸ
1056 4534 1388 4606 τελευτήσας
1411 4537 1676 4609 ἐτύγχανε
1701 4543 1838 4612 πρό-

1947 3340 2070 3396 velit
2101 3357 2115 3398 :
2159 3337 2448 3396 anathema
2481 3337 2574 3394 sit.

2016 3521 2258 3578 Canonu
2290 3519 2482 3594 synodi
2527 3517 3014 3574 Chalcedonensis.
3054 3515 3172 3572 Non
3221 3517 3380 3572 liccat
3409 3516 3519 3570 cle-

1949 3616 2086 3678 rico,
2139 3625 2263 3684 post
2314 3622 2545 3668 mortem
2570 3611 2816 3682 episcopi
2850 3611 2959 3675 sui,
2995 3624 3084 3666 res
3112 3610 3320 3665 adeum
3362 3609 3526 3678 perti-

1947 3714 2138 3760 nentes
2167 3705 2470 3774 deripere:
2524 3704 2989 3774 quemadmodum
3049 3702 3251 3772 priscis
3306 3704 3537 3769 quoque

1945 3797 2252 3852 cauonibus
2283 3806 2366 3851 est
2409 3796 2766 3865 prohibitum.
2809 3794 2904 3850 Vel
2927 3793 3022 3864 qui
3051 3793 3153 3847 hoc
3196 3791 3425 3854 faciunt,
3458 3793 3524 3845 de

1945 3890 2114 3961 gradu
2147 3905 2248 3943 suo
2274 3888 2680 3957 periclitentur.

2017 3981 2203 4036 Canon
2277 3993 2419 4033 xxxv
2482 3976 2677 4049 synodi
2763 3975 3407 4045 Constantiuopolitame,
3470 3976 3520 4028 iu

1945 4073 2133 4129 Trullo
2165 4070 2352 4142 palatii
2385 4069 2698 4124 celebratae.
2725 4065 2844 4122 Non
2896 4067 3060 4121 liceat
3096 4067 3262 4120 alicui
3326 4076 3525 4120 metro-

1943 4167 2208 4239 politauo,
2245 4180 2368 4220 cum
2419 4165 2719 4235 episcopus
2749 4163 2947 4218 throno
2987 4178 3085 4216 suo
3119 4162 3368 4216 subditus
3403 4176 3522 4215 m0-

1943 4261 2108 4326 ritur,
2151 4258 2275 4330 ejus
2324 4272 2412 4312 res
2456 4265 2623 4326 atque
2679 4256 2844 4322 bona,
2909 4255 2995 4309 vel
3044 4254 3208 4310 etiam
3279 4254 3524 4308 ecclesiae

1950 4353 2146 4423 ipsius,
2208 4351 2449 4416 auferre,
2514 4349 2690 4406 sibive
2733 4347 3014 4403 vindicare
3052 4365 3067 4403 :
3125 4345 3218 4403 sed
3259 4346 3362 4402 sub
3403 4345 3526 4415 ejus

1943 4445 2193 4502 ecclesiae
2219 4444 2351 4499 eleri
2383 4442 2636 4498 custodia
2677 4441 2810 4507 sint,
2844 4441 3005 4510 cujus
3049 4440 3097 4495 is
3131 4453 3336 4510 praeses
3381 4449 3522 4504 erat,

1944 4538 2038 4608 qui
2081 4537 2224 4593 diem
2264 4535 2450 4601 obiit;
2510 4533 2688 4589 donec
2735 4533 2878 4587 alius
2923 4532 3217 4603 episcopus
3265 4530 3526 4602 praeﬁcia-

247 4619 428 4689 εδρος,
457 4622 620 4693 μέχρι
647 4624 745 4695 τῆς
768 4626 957 4696 ἐτέρου
986 4628 1290 4681 ἐπισκόπου
1319 4606 1592 4700 προϐολῆς
1616 4649 1630 4664 °
1657 4606 1834 4698 ἐκτὸς,

1954 4640 2036 4685 tur
2072 4645 2084 4680 :
2120 4635 2368 4698 excepto,
2430 4626 2476 4681 si
2533 4624 2670 4680 nulli
2702 4624 2812 4678 sint
2839 4623 2894 4677 in
2946 4638 3008 4676 ea
3067 4623 3302 4678 ecclesia
3339 4622 3523 4677 clerici

245 4714 308 4791 ei.
361 4713 436 4783 μὴ
471 4714 725 4787 κληρικοὶ
757 4719 815 4772 ὲν
844 4722 912 4789 τῇ
965 4719 1230 4792 ἐκκλησίᾳ
1278 4724 1375 4793 οὐχ
1410 4723 1834 4796 ὑπελείφθησαν.

247 4804 567 4872 Τηνικαῦτα
629 4810 740 4881 γὰρ
805 4814 832 4863 ὁ
891 4814 1300 4886 μητροπολίτης
1361 4816 1535 4870 ταῦτα
1609 4818 1840 4887 φυλάξει

248 4895 524 4963 ἀμείωτα,
571 4899 650 4970 τῷ
707 4905 1287 4977 χειροτονηθησομένῳ
1328 4909 1613 4980 ὲπισκόπῳ
1662 4912 1839 4967 πάντα

246 4987 505 5053 ἀποδοῦς.

314 5081 530 5170 Βιόλίον
563 5080 625 5150 ξ’,
663 5085 840 5152 τίτλος
883 5097 986 5159 με’,
1024 5092 1319 5160 κεφάλαιον
1359 5093 1429 5160 α’,
1467 5096 1723 5167 θεμάτιον
1766 5101 1831 5170 β”

247 5169 322 5221 Τὸ
351 5169 408 5222 δὲ
437 5174 806 5241 πεκουλάτους
841 5183 1068 5235 κινεῖται
1099 5185 1240 5236 κατά
1268 5188 1362 5238 τοῦ
1395 5188 1732 5258 ἀφελομένου
1770 5169 1835 5245 ἐκ

247 5260 584 5354 τῶνᾼίερῶν,
626 5266 658 5336 ἢ
715 5273 1019 5340 μνημείων,
1053 5274 1085 5343 ἣ
1121 5274 1399 5345 δημοσίων
1445 5282 1767 5350 χρημάτων,
1799 5284 1832 5354 ἦ

250 5352 590 5420 στρέψαντος
621 5358 701 5422 είς
735 5361 872 5425 ίδίας
906 5364 1120 5432 χρείας.

322 5445 432 5497 Καὶ
467 5463 597 5516 κεφ.
628 5449 690 5516 δ’,
734 5451 828 5506 τοῦ
859 5455 1026 5508 αὑτοῦ
1061 5457 1244 5513 τίτλου
1273 5459 1364 5514 καὶ
1389 5460 1620 5532 βιϐλίου·
1659 5466 1746 5536 Τῷ
1773 5468 1829 5520 δὲ

250 5537 620 5604 πεκουλάτους
675 5542 982 5614 ὑπόκειται,
1021 5549 1114 5602 καὶ
1156 5553 1182 5603 ό
1226 5551 1370 5623 ἱερὰ,
1402 5554 1434 5624 ἢ
1466 5555 1529 5608 ὲκ
1564 5560 1829 5628 μνημείου

249 5628 511 5697 χρήματα
544 5631 860 5704 λαμϐάνων,
894 5638 925 5708 ἢ
960 5639 1020 5694 τὸ
1040 5641 1284 5713 δωρηθὲν
1314 5645 1454 5716 Θεῷ.

1941 4719 2292 4790 superstites.
2358 4715 2512 4770 Tunc
2574 4714 2722 4770 enim
2779 4712 3236 4783 metropolitanus
3301 4728 3363 4768 ea
3416 4727 3524 4768 non

1941 4810 2224 4867 deminuta
2263 4809 2525 4875 servabit,
2557 4822 2623 4865 ac
2656 4806 2962 4864 ordinando
2981 4807 3524 4878 episcopouniversa

1941 4904 2214 4960 restituet.

2015 5082 2180 5138 Liber.
2209 5082 2569 5137 Basilicarum
2611 5096 2701 5147 ex,
2733 5081 2894 5136 titulo
2925 5097 3048 5148 xcv,
3076 5079 3254 5150 capite
3312 5093 3350 5143 ι,
3407 5079 3521 5133 the-

1944 5175 2113 5230 matio
2145 5191 2200 5228 ιι,
2240 5173 2464 5227 Crimen
2498 5172 2784 5242 peculatus
2820 5173 3125 5229 intentatur
3169 5172 3243 5236 ei,
3280 5171 3373 5240 qui
3404 5185 3525 5226 sur-

1943 5270 2074 5339 nipit
2098 5284 2127 5322 e
2161 5266 2399 5336 templis,
2433 5271 2527 5318 aut
2550 5263 2845 5334 sepulcris,
2873 5275 2966 5318 aut
2990 5262 3238 5335 pecuniis
3266 5261 3522 5333 publicis,

1947 5365 2028 5418 vel
2056 5378 2151 5418 eas
2182 5363 2236 5416 in
2270 5376 2404 5416 usus
2439 5375 2572 5416 suos
2599 5360 2890 5416 convertit.

2012 5456 2144 5511 Item
2222 5469 2346 5523 cap.
2408 5469 2480 5520 tv,
2554 5453 2800 5523 ejusdem
2877 5451 3022 5508 tituli
3077 5462 3145 5509 et.
3188 5451 3363 5507 libri:
3406 5449 3524 5505 Cri-

1941 5549 2086 5603 miue
2123 5547 2408 5619 peculatus
2450 5554 2692 5611 tenetur,
2743 5553 2799 5602 et
2822 5545 2915 5616 qui
2957 5560 3166 5609 sacras,
3200 5544 3286 5599 vel
3331 5559 3394 5598 ex
3431 5557 3521 5598 se-

1939 5640 2134 5708 pulcro
2158 5637 2440 5708 pecunias,
2476 5636 2558 5691 vel
2593 5636 2700 5691 Deo
2731 5634 2971 5693 dicatum
3009 5632 3139 5703 quid
3176 5629 3397 5702 accipit.

1497 5828 1730 5882 VARLE
1791 5822 2195 5882 LECTIONES.

324 5911 353 5952 1
383 5905 712 5976 ofﬁriulibus.
