3950 6592
495 423 600 492 891

1803 420 1837 482 1
1842 420 1942 481 US
1975 416 2425 483 CANONICUM

3658 422 3751 485 89?.

497 529 1294 602 matrimoniojunctaInerat,
1338 529 1655 600 copulatum
1721 542 1848 585 esse
1874 544 2068 584 secun-

2181 528 2549 599 συναφθετσαν
2575 528 2723 600 αύτῷ
2749 531 3008 599 γυναῖκα,
3040 530 3318 602 συνεζύγη
3347 528 3589 602 δευτέρῳ
3604 533 3747 602 γάμῳ

497 628 583 681 (lis
618 622 1031 694 nuptiis,nulla
1087 620 1488 674 interveniente
1521 619 1593 686 vi,
1653 619 1868 674 mulieri
1928 632 2079 674 com-

500 723 813 772 memorata:
845 732 859 768 :
902 722 1271 783 prietereaque
1303 712 1644 767 adorandum
1680 712 1921 767 edictum
1973 711 2078 765 im-

500 810 862 879 peratorium,
899 822 1010 877 quo
1056 806 1431 869 sanciebatur,
1502 804 1772 875 siquidem
1838 803 2077 860 indicata

498 902 738 956 Eudoeia
783 901 931 955 nulla
976 899 1351 953 intercedente
1386 898 1459 964 vi,
1515 914 1610 968 per
1643 912 1832 952 sacras
1881 911 2076 967 preces

493 996 546 1049 ci
577 997 837 1062 copulata
888 971 1082 1046 [tussiat
1112 1009 1128 1057 ;
1187 1001 1245 1045 ttt
1297 1008 1477 1046 nemo
1510 978 1820 1046 molestias
1849 992 2077 1047 auderet

494 1086 753 1140 exltiltere
791 1084 937 1137 dicto
988 1083 1356 1152 Capaudtitaz.
1390 1084 1700 1138 Secundum
1750 1084 1916 1155 igitur
1962 1086 2078 1139 haec

495 1178 719 1241 omnia,
818 1176 1085 1247 synodale
1167 1186 1297 1229 tunc
1372 1176 1795 1230 instrumentum
1873 1177 2075 1231 factum

497 1269 620 1332 fuit,
692 1286 800 1339 quo
843 1270 998 1339 juxta
1055 1268 1400 1338 Capandritze
1452 1270 1767 1337 petitionem
1826 1285 2077 1339 pronun-

499 1361 693 1412 tiatum
733 1368 839 1423 est,
899 1374 962 1411 ac
998 1360 1306 1421 decretum,
1343 1360 1474 1427 quid
1511 1360 1564 1413 in
1597 1375 1659 1413 ea
1709 1374 1878 1413 causa
1932 1370 2078 1417 esset

499 1450 766 1521 agendum
824 1454 1003 1521 Atque
1052 1452 1181 1505 huic
1238 1452 1610 1506 instrumento
1630 1453 1879 1523 synodali
1909 1455 2073 1509 etiam

497 1543 777 1612 producta)
817 1543 935 1613 (ceu
972 1542 1179 1597 dictum
1211 1543 1317 1612 est)
1355 1558 1383 1596 a
1454 1544 1785 1613 Capandrita
1844 1546 2074 1613 chartae,

498 1635 753 1691 videlicet
798 1637 1137 1691 adorandum
1171 1637 1307 1691 illttd
1363 1636 1604 1691 edictum
1640 1638 2074 1707 imperatorium,

498 1737 554 1784 et
605 1730 1028 1784 instrumentum
1080 1730 1177 1783 abs
1219 1740 1306 1793 te,
1359 1729 1773 1800 religiosissimo
1823 1730 2076 1787 Deabolis

499 1822 775 1891 episcopo,
809 1822 1138 1890 profectum,
1161 1823 1224 1875 ad
1258 1824 1479 1877 verbum
1504 1832 1662 1877 erant
1689 1825 1917 1877 inserta.
1936 1822 2076 1889 Quia

498 1928 631 1967 vero
668 1929 816 1968 nunc
847 1929 1068 1968 rursum
1103 1914 1470 1968 mediocritati
1499 1923 1699 1969 n0sttaa
1730 1915 1957 1968 relatum
1990 1926 2075 1970 est

498 2020 562 2075 ex
598 2015 748 2074 parte
779 2006 1028 2062 mulieris
1057 2007 1240 2070 istius,
1280 2008 1488 2061 sororis
1545 2007 1754 2062 scilicet
1793 2008 2080 2062 venerabi-

501 2096 569 2149 lis
644 2096 792 2151 illius
858 2096 1176 2164 Boioannis,
1228 2100 1373 2169 quod
1425 2115 1549 2154 cum
1631 2101 1784 2170 prius
1841 2101 2079 2170 legitimo

494 2188 718 2258 junctus
752 2191 852 2260 ipsi
889 2195 1139 2256 maritus,
1186 2194 1533 2263 primicerius
1567 2194 1657 2248 ille
1712 2193 1920 2249 Bardas
1969 2194 2080 2248 Ma-

496 2290 782 2337 cromatus
827 2325 842 2347 ,
897 2293 1107 2338 natura:
1170 2284 1412 2339 debitum
1471 2286 1892 2355 persolvisset;
1949 2284 2066 2354 ipsa

496 2375 847 2442 quaestoriam
884 2378 1054 2431 verita
1099 2386 1447 2447 potestatem,
1483 2378 1626 2448 quod
1700 2380 1829 2433 talia
1880 2379 2080 2448 saepius

499 2463 553 2516 itt
588 2463 748 2519 rebus
802 2465 1118 2534 ltujusutodi
1166 2469 1393 2523 evenire
1447 2469 1679 2531 soleant,
1735 2468 1802 2522 ad
1863 2476 2079 2539 tempus

502 2557 556 2611 in
616 2558 878 2613 ditionem
928 2561 1315 2617 Coloniensem
1370 2564 1692 2632 migraverit
1746 2564 1810 2616 ad
1861 2565 2078 2635 cognati

499 2650 784 2719 cojusdatu
831 2652 917 2706 sui
954 2652 1202 2717 dotnum,
1249 2654 1502 2709 deferens
1544 2671 1609 2709 eo
1641 2670 1823 2709 secum
1842 2671 1929 2711 res
1947 2671 2078 2712 suas

499 2743 763 2810 potiores,
792 2754 849 2799 et
900 2746 966 2799 ad
1023 2748 1511 2815 transportandum
1547 2746 1844 2811 faciliores,
1908 2764 2076 2819 quas-

499 2851 720 2905 cunque
810 2840 1080 2908 potuissct
1165 2840 1417 2896 avehere.
1477 2838 1617 2894 Tum
1685 2842 2075 2912 Capandritam

502 2927 651 2983 ltunc
704 2946 812 2984 non
883 2933 1075 3003 paucis
1135 2935 1365 2990 annalis
1449 2933 1767 2989 hominibus
1821 2938 2028 2989 coactis
2061 2974 2077 3000 ,

501 3021 778 3089 pra‘donis
824 3023 879 3077 in
944 3040 1153 3079 morem
1229 3024 1541 3090 advenisse,
1604 3036 1935 3097 raptumque
1991 3027 2077 3082 sui

500 3113 868 3179 commisisse,
910 3115 1109 3172 ablatis
1140 3117 1304 3172 etiam
1353 3118 1519 3173 rebus
1580 3118 1670 3181 iis,
1712 3134 1849 3189 quas
1889 3134 2076 3174 secum

499 3202 823 3271 habuisset;
867 3214 1030 3275 atque
1058 3207 1130 3261 ita
1176 3208 1244 3264 de
1294 3210 1415 3264 loco
1452 3210 1506 3263 in
1541 3210 1720 3264 locum
1751 3225 1869 3264 eam
1904 3221 2082 3264 trans-
2107 3248 2149 3304 ο

499 3303 773 3364 portasse,
805 3298 1190 3369 captivamque
1245 3300 1479 3355 traxisse
1525 3314 1855 3371 quocunque
1895 3300 2075 3363 vellet,

498 3400 625 3440 cum
672 3402 739 3441 ne
770 3388 990 3456 quidem
1041 3399 1097 3444 et
1143 3393 1480 3459 permitteret
1546 3392 1792 3461 aspicere
1860 3405 2080 3446 sorores

501 3492 633 3532 suas
656 3494 980 3548 germanas;
1041 3497 1164 3551 quae
1198 3482 1301 3536 hoc
1333 3482 1478 3537 facto
1529 3483 1773 3552 cognito,
1827 3482 1894 3537 ad
1957 3496 2076 3537 eatn

501 3569 853 3638 quaerendam
925 3579 1208 3626 venerant.
1274 3572 1389 3626 lloc
1451 3573 1615 3627 modo
1690 3571 2077 3641 Capandritatn

505 3676 601 3730 per
631 3663 739 3715 vim
768 3671 1073 3734 contraque
1102 3665 1248 3728 leges
1287 3666 1336 3719 ei
1369 3663 1541 3721 fuisse
1568 3666 1885 3735 copulatum
1902 3664 2078 3719 haud-

501 3769 777 3822 quaquam
835 3756 1227 3825 consentienti,
1259 3768 1370 3811 tum
1426 3768 1647 3831 propter
1675 3758 1849 3828 ipsius
1879 3760 2078 3814 absur-

501 3846 724 3900 ditatetu
802 3846 955 3910 facti,
1006 3856 1119 3901 tum
1169 3850 1316 3919 quod
1380 3858 1639 3909 accurate
1704 3850 1821 3919 ipsa
1889 3858 2079 3906 nosset

501 3937 781 3991 sobriuam
830 3953 984 3992 suam
1038 3939 1210 3996 fuisse
1264 3942 1507 4011 priorem
1562 3941 1910 4012 Capandt‘itae
1943 3957 2080 3997 cou-

494 4028 701 4106 jugctn,
755 4046 916 4100 quant
950 4042 1126 4088 morte
1148 4034 1429 4090 amiserat.
1461 4034 1702 4105 Ideoque
1754 4036 1928 4106 ipsam
1986 4050 2082 4090 oc-

499 4104 718 4174 casione
771 4130 1010 4191 captata,
1081 4125 1342 4179 maluisse
1425 4125 1551 4196 fuga
1616 4104 2076 4181 eohabitationent

500 4213 623 4282 ejus
696 4215 972 4281 deserere,
1049 4232 1118 4271 ne
1176 4217 1585 4272 damnationem
1640 4220 1838 4274 anima:
1894 4218 2079 4274 sciens

501 4305 855 4375 prudensque
886 4307 987 4361 sibi
1031 4308 1356 4362 conciliaret
1388 4325 1457 4362 ex
1491 4309 1585 4363 tali
1614 4309 1739 4365 vitae
1773 4310 2077 4377 consortio,

500 4401 721 4462 propter
773 4397 1058 4465 sanguinis
1108 4413 1236 4451 cum
1298 4398 1419 4467 ejus
1469 4401 1653 4468 priore
1683 4400 1917 4471 conjuge
1951 4418 2078 4472 pro-

507 4485 893 4554 pinquitatem,
961 4502 1085 4557 quae
1142 4487 1397 4544 Eudocim
1458 4488 1907 4564 sobrina'(velut
1960 4494 2076 4564 ipsa

2183 620 2306 689 βίας
2347 622 2569 692 ἀπάσης
2632 623 2792 686 ἐκτὸς
2836 621 2901 699 τῇ
2944 622 3307 695 διαληφθείσῃ
3346 623 3598 692 γυναικί·
3629 625 3749 681 ἀλλά

2178 709 2242 781 δὴ
2261 713 2357 765 καὶ
2383 711 2664 782 βασιλικὸν
2684 713 3063 785 προσκυνητὸν
3085 714 3450 785 πρόσταγμα,
3465 713 3595 768 αὐτὸ
3606 714 3748 771 τοῦτο

2178 803 2574 875 διοριζόμενον,
2629 805 2711 869 τὸ,
2771 806 2935 878 εἴπερ
2987 808 3022 878 ἡ
3073 807 3312 877 ρηθεῖσα
3380 806 3615 860 Εύδοκία
3645 808 3747 878 βίας

2180 895 2398 968 ἀπάσης
2441 898 2619 963 ἐκτὸς,
2681 898 2803 968 μεθ’
2841 900 2993 971 ἱερᾶς
3053 900 3217 971 εὐχῆς
3275 899 3558 970 συνεζύγη
3592 899 3743 972 αὐτῷ,

2182 988 2386 1058 μηδένα
2411 990 2616 1061 τολμᾷν
2645 990 2898 1063 ὀχλήσεις
2933 991 3162 1059 ἐπάγειν
3188 992 3270 1062 τῷ
3304 992 3603 1056 δηλωθέντι
3646 995 3747 1047 Κα-

2179 1080 2472 1151 πανδρίτῃ.
2538 1082 2664 1134 Ἐπὶ
2706 1082 2918 1145 τούτοις
2962 1083 3093 1153 γοῦν
3143 1085 3284 1137 πᾶσι
3338 1082 3443 1136 καὶ
3478 1085 3745 1154 σημείωμα

2176 1172 2483 1242 τηνικαῦτα
2513 1173 2720 1245 προέϐη
2747 1167 3047 1241 συνοδικὸν,
3078 1168 3222 1229 δι’οὗ
3241 1176 3395 1229 κατά
3424 1174 3524 1251 την
3554 1176 3746 1229 Καπαν-

2176 1262 2358 1333 δρίτου
2395 1263 2740 1335 παράκλησιν
2775 1265 3062 1335 ἀπεφάνθη
3109 1267 3201 1318 καὶ
3243 1264 3661 1334 ἐγνωματεύθη,
3695 1266 3743 1319 τὸ

2179 1356 2272 1407 ἐπὶ
2304 1359 2368 1426 τῇ
2397 1356 2625 1431 τοιαύτῃ
2662 1358 2917 1411 ὑποθέσει
2972 1358 3245 1426 ποιητέον.
3278 1351 3355 1429 Ὅ
3399 1357 3466 1426 δὴ
3509 1358 3743 1427 omme

2180 1447 2527 1519 σημειὼματι
2542 1451 2634 1502 καὶ
2650 1449 2718 1502 τὰ
2733 1450 2879 1522 παρὰ
2894 1447 2986 1501 τοῦ
3005 1449 3422 1518 Καπανδρίτου,
3439 1448 3515 1509 ὡς
3528 1449 3737 1519 εἴρηται,

2177 1541 2616 1610 προκομισθέντα
2650 1542 2867 1613 χαρτία,
2891 1542 2952 1595 τό
2980 1559 3039 1594 τε
3078 1541 3361 1610 βασιλικὸν
3392 1542 3742 1610 προσκυνητδν

2177 1632 2419 1701 δηλονότι
2456 1634 2808 1704 πρόσταγμα,
2839 1634 2937 1688 και
2966 1633 3026 1687 τὸ
3064 1632 3182 1699 σοῦ,
3211 1632 3308 1687 τοῦ
3353 1632 3741 1699 θεοφιλεστάτου

2178 1729 2477 1781 ἐπισκόπου
2510 1727 2821 1791 Δεαὸὀλεως
2850 1728 3187 1809 σημείωμα,
3218 1725 3602 1795 ἐνεγράφησαν
3623 1727 3742 1781 κατά

2189 1821 2361 1892 ῥῆμα.
2400 1821 2551 1873 Ἐπεὶ
2576 1820 2631 1872 δὲ
2660 1819 2755 1874 νύν
2797 1820 2961 1873 πάλιν
2994 1818 3268 1889 ἀνηνέχθη
3300 1820 3369 1887 τῇ
3401 1816 3639 1889 ἡμετέρᾳ
3661 1835 3742 1885 με.

2117 1892 2158 1946 Β
2190 1912 2428 1982 τριότητι
2444 1912 2594 1981 παρὰ
2612 1912 2706 1966 τοῦ
2736 1912 2937 1981 μέρους
2958 1912 3057 1980 τῆς
3083 1909 3345 1979 τοιαύτης
3366 1910 3635 1976 γυναικὸς.
3656 1909 3739 1979 τῆς

2180 2004 2521 2076 αὐταδέλφης
2544 2004 2786 2075 δηλονότι
2820 2004 2914 2057 τοῦ
2944 2003 3331 2058 πανσεϐἀστου
3353 2001 3663 2064 Βοῖωάννου,
3679 2003 3739 2065 ὡς

2178 2094 2274 2149 τοῦ
2312 2096 2576 2167 πρότερον
2601 2094 2924 2164 συξυγέντος
2953 2096 3202 2165 νομίμως
3230 2093 3413 2169 ταύτῃ
3435 2095 3636 2165 ἀνδρὸς,
3657 2094 3733 2147 τοῦ

2183 2188 2595 2260 πριμμικηρίου
2626 2189 2834 2241 ἐκείνου
2874 2188 3057 2260 Βάρδα
3091 2189 3186 2243 τοῦ
3215 2188 3632 2260 Μακρομμάτου
3671 2188 3735 2258 τῷ

2180 2278 2358 2351 χρεὼν
2381 2280 2897 2351 λειτουργήσαντος,
2929 2281 3028 2349 τὴν
3061 2280 3451 2352 πρακτορικὴν
3495 2279 3733 2335 agema.

2181 2389 2249 2425 σα
2280 2372 2623 2437 δυναστείαν,
2647 2374 2807 2426 ὁποῖα
2843 2372 3104 2436 πολλάκις
3142 2373 3203 2425 ἐν
3238 2373 3358 2433 τοῖς
3387 2372 3639 2434 τοιούτοις
3657 2389 3732 2440 φι-

2184 2464 2270 2517 λεῖ
2299 2465 2574 2533 γίνεσθαι,
2602 2464 2739 2536 πρὸς
2802 2466 2995 2537 καιρὸν
3026 2467 3108 2528 είς
3137 2466 3199 2518 τὸ
3256 2464 3405 2535 θέμα
3464 2462 3734 2528 Κολωνείας

2184 2557 2551 2628 μετετοπίσθη
2583 2559 2720 2630 πρὸς
2749 2560 2929 2613 οἰκίαν
2947 2560 3093 2622 τινὸς
3108 2559 3220 2613 τῶν
3255 2559 3399 2629 αὐτῇ
3427 2557 3730 2627 προσγενῶν,

2186 2651 2562 2724 ἐπιφερομένη
2599 2653 2693 2706 καὶ
2718 2651 2820 2706 ὅσα
2835 2652 2975 2715 τέως
3002 2651 3225 2722 ἴσχυσεν
3258 2648 3558 2719 ἐπάγεσθαι
3584 2648 3730 2721 κρείτ·

2187 2760 2266 2795 τω
2295 2744 2391 2797 καὶ
2421 2743 2872 2815 εύμετακόμιστα
2910 2744 3019 2798 τῶν
3046 2742 3257 2814 ταύτης
3303 2742 3652 2814 πραγμάτων.
3681 2742 3731 2795 ’0

2181 2835 2237 2889 δέ
2266 2833 2511 2900 τοιοῦτος
2563 2836 2950 2908 Καπανδρίτης
2999 2835 3131 2889 λαδν
3181 2834 3413 2889 ἔνοπλον
3461 2833 3556 2886 οὒκ
3580 2831 3730 2899 ὀλίγον

2185 2929 2531 2999 συναγαγὼν,
2597 2929 2907 3003 λῃστρικῶς
2966 2927 3210 2982 ἐπελθὼν
3237 2972 3254 2996 ,
3302 2926 3553 2999 ἁρπαγὴν
3590 2925 3729 2993 αὐτῆς

2182 3019 2636 3091 ἐπλημμέλησεν,
2670 3018 3011 3088 ἀφελόμενος
3046 3017 3143 3071 καὶ
3178 3018 3285 3073 ὅσα
3317 3018 3590 3088 προσῆσαν
3613 3015 3723 3081 αὐτῇ

2182 3113 2511 3183 πράγματα.
2552 3113 2660 3166 ἀπὸ
2710 3114 2879 3167 τόπου
2914 3112 2996 3176 είς
3051 3113 3219 3164 τόπον
3260 3112 3516 3181 μετάγων
3565 3107 3724 3175 αὐτὴν,

2184 3204 2282 3260 καὶ
2312 3206 2663 3278 αἰχμάλωτον
2708 3204 2884 3259 ἕλκων
2913 3205 3048 3258 ὅπου
3105 3203 3399 3273 ἠϐούλετο,
3435 3202 3507 3273 μὴ
3552 3216 3726 3269 συγχω-

2185 3299 2459 3370 ρουμένην
2497 3300 2625 3352 ἰδεῖν
2669 3297 2806 3368 μηδὲ
2851 3297 2948 3360 τὰς
2976 3295 3323 3365 αὑταδέλφας
3367 3294 3553 3363 αὐτῆς,
3596 3290 3725 3345 τοῦτο

2184 3389 2484 3459 μαθούσας,
2515 3390 2608 3443 καὶ
2630 3391 2711 3453 είς
2745 3388 3079 3460 ἀναζήτησιν
3096 3387 3306 3457 ταύτης
3334 3385 3602 3446 ἐλθούσας.
3636 3380 3724 3436 Καὶ

2180 3481 2324 3535 οὕτω
2347 3482 2535 3553 βιαίως
2558 3482 2654 3536 καὶ
2671 3482 3006 3553 παρανόμως
3034 3478 3307 3552 συνεζύγη
3334 3480 3469 3549 αὐτῇ
3490 3475 3559 3547 μὴ
3579 3489 3724 3527 συντι-

2180 3574 2407 3648 θεμένῃ,
2437 3574 2526 3628 διά
2572 3591 2630 3627 τε
2666 3574 2727 3627 τὸ
2774 3572 3002 3629 αὐτόθεν
3046 3572 3143 3627 τοῦ
3176 3574 3507 3643 πράγματος
3537 3566 3720 3626 ἄτοπον,

2179 3667 2275 3720 καὶ
2290 3666 2379 3720 διὰ
2414 3665 2476 3719 τὸ
2504 3666 2749 3735 ἀκριϐῶς
2774 3665 2996 3731 εἰδέναι,
3014 3664 3090 3729 ὡς
3103 3663 3459 3733 δισεξαδέλιρη
3476 3659 3655 3727 ταύτης
3668 3648 3722 3723 ἦν

2179 3760 2213 3830 ἡ
2244 3759 2511 3829 πρότερον
2554 3758 2789 3825 σύζυγος
2846 3757 2942 3810 τοῦ
2972 3755 3217 3811 τοιούτου
3265 3742 3723 3821 Καπαιθδρίτου,ῆν

2180 3851 2396 3922 θανάτῳ
2424 3850 2590 3914 αὐτὸς
2624 3849 2951 3904 ἀπεόάλετο.
2973 3849 3062 3902 Διὸ
3083 3850 3179 3903 καὶ
3209 3845 3410 3919 καιροῦ
3431 3836 3719 3915 δραξαμένη.

2177 3944 2276 4015 τὴν
2296 3942 2585 4015 μετάύτοῢ
2637 3942 2952 4015 συνοίκησιν
3001 3943 3267 4010 ἐκφυγεῖν
3317 3939 3507 3998 είλετο,
3548 3934 3625 3985 ἵνα
3660 3929 3718 3998 μὴ

2181 4040 2361 4108 κρῖμα
2413 4035 2646 4107 ψυχικὸν
2666 4036 2725 4087 ἐν
2772 4034 3077 4104 συνειδήσει
3114 4031 3400 4086 ἐπισπῶτο
3419 4032 3480 4081 ἐκ
3506 4025 3595 4095 τῆς
3625 4016 3719 4090 μετ’

2177 4128 2342 4183 αὐτοῦ
2363 4128 2743 4199 συμϐιώσεως,
2758 4126 2847 4181 διὰ
2867 4126 2964 4197 τὴν
2988 4124 3112 4179 καθ’
3128 4121 3269 4195 αἷμα
3289 4121 3488 4190 ταύτης
3511 4110 3715 4183 ἐγγῦττΓ

2178 4239 2246 4275 τα
2263 4221 2400 4291 πρὸς
2425 4221 2524 4293 τὴν
2552 4223 2818 4293 πρότερον
2847 4220 3081 4289 σύζυγον
3102 4215 3437 4286 τούτου,τὴν
3461 4210 3546 4265 καὶ
3567 4201 3718 4260 δευτέ·

2183 4330 2285 4384 ραν
2303 4314 2401 4383 (ὣς
2419 4313 2606 4385 φησιν)
2628 4312 2927 4383 ἐξαδέλφην
2940 4311 3107 4365 οὖσαν
3135 4310 3327 4380 αὐτῆς.
3355 4304 3461 4362 Καὶ
3490 4299 3719 4397 ἐρώτηεζιν

2180 4405 2334 4459 ἔθετο
2358 4404 2451 4458 ἐπὶ
2480 4404 2695 4469 τούτοις
2708 4404 2798 4458 διὰ
2820 4419 2967 4467 τινος
2993 4403 3103 4456 τῶν
3123 4400 3302 4471 αὐτῆς
3332 4398 3462 4471 πρὸς
3477 4393 3569 4463 τὴν
3587 4390 3716 4481 fuit}?

2184 4494 2518 4566 μετριότητα
2570 4492 3002 4566 προκαθημένην
3052 4489 3375 4555 συνοδικῶς,
3422 4482 3511 4538 τοῦ
3537 4480 3617 4532 ἐπὶ
3654 4480 3717 4540 τῷ

500 4578 782 4648 ριάξιΙὶοειῑ)
816 4577 1007 4634 fuerit.
1080 4580 1292 4646 Quibus
1346 4584 1617 4652 expositis
1659 4601 1757 4655 per
1785 4586 2074 4655 quemdam

2182 4603 2424 4641 τοιουτοτ
2434 4587 2613 4658 ρόπως
2639 4586 2905 4659 προϐάντι
2928 4582 3247 4654 συνοικεσίῳ
3262 4577 3527 4649 ποιητέου.
3549 4566 3715 4659 Ἧκοξν

498 4684 563 4723 ex
633 4671 751 4725 suis
805 4671 1180 4742 interrogabat
1227 4677 1659 4732 mediocritatem
1717 4690 1986 4746 nostram,
2026 4680 2080 4736 in

498 4761 737 4816 concilio
789 4767 1191 4833 praesidentem,
1228 4768 1359 4837 quid
1427 4771 1493 4825 de
1535 4772 1794 4842 conjugio
1828 4775 1879 4826 in
1933 4773 2080 4830 hunc

501 4852 723 4905 modum
790 4864 1074 4913 contracto
1139 4858 1448 4915 iaciendum
1507 4874 1672 4919 esset.
1733 4864 2078 4935 Responsum

502 4950 587 4996 est
636 4952 747 4998 tum
788 4947 1172 5006 mediocritate
1214 4961 1400 5008 nostra
1435 4963 1551 5008 tum
1615 4970 1777 5011 sacro
1801 4967 1947 5012 ccetu
1969 4958 2083 5013 fra-

501 5046 682 5104 trum;
738 5040 1012 5110 siquidem
1076 5045 1150 5098 ita
1212 5054 1532 5116 comparata
1591 5048 1663 5103 sit
1712 5049 1791 5104 rei
1841 5051 2076 5117 veritas,

501 5131 621 5199 ipso
658 5131 801 5187 facto
851 5134 1186 5206 diremptum
1219 5152 1344 5194 esse
1395 5140 1809 5196 matrimonium
1845 5142 1925 5197 sic
1943 5156 2080 5197 con-

500 5232 753 5277 tractum.
806 5224 871 5279 Et
907 5228 999 5283 ille
1057 5231 1303 5298 quidem,
1361 5234 1454 5302 qui
1478 5233 1588 5286 vim
1622 5234 2077 5301 intulit,omuino

494 5327 561 5367 ea
628 5318 834 5385 perpeti
897 5330 1159 5386 meretur,
1239 5338 1362 5393 qua:
1434 5338 1605 5379 sacrae
1663 5327 1874 5396 piaeque
1935 5326 2082 5396 leges

500 5418 775 5472 statuunt,
853 5427 1162 5481 agnoscens
1243 5426 1297 5471 et
1362 5416 1483 5473 illas
1535 5432 1753 5487 poenas,
1815 5434 1940 5488 quae
1989 5435 2082 5488 per

501 5512 690 5552 sacros
723 5514 966 5559 canones
1000 5503 1319 5575 irrogantur
1344 5507 1438 5573 iis,
1470 5508 1562 5575 qui
1600 5509 1837 5564 scientes
1858 5522 1922 5562 ac
1951 5523 2082 5578 pru-

501 5587 695 5644 dentes
756 5608 881 5648 cum
960 5595 1174 5653 duabus
1233 5600 1477 5656 sobrinis
1542 5602 1891 5671 copulantur,
1951 5615 2076 5655 cum

506 5678 550 5731 is
575 5680 781 5749 gradus
833 5700 899 5741 ex
935 5689 1221 5760 sanguinis
1275 5691 1662 5761 conjunctione
1715 5704 1904 5749 sextus
1954 5707 2077 5747 esse

2187 4695 2281 4731 σεν
2308 4680 2416 4731 ἀπό
2434 4655 2492 4732 τε
2515 4678 2613 4747 τῆς
2635 4655 2790 4746 ἡμῶν
2806 4675 3181 4747 μετριότητος,
3209 4673 3308 4726 καὶ
3321 4665 3564 4740 τῆςιερᾶς
3588 4655 3716 4713 ἀδελ-

2184 4770 2439 4842 φότητος,
2451 4770 2526 4834 ὠς
2543 4771 2590 4822 εί
2606 4769 2778 4832 οὕτως
2791 4769 2904 4839 ἔχει
2915 4767 2984 4821 τὰ
2999 4770 3099 4838 τῆς
3118 4764 3395 4837 ἀληθείας,
3412 4755 3612 4814 αὐτόθεν
3622 4750 3711 4842 ἔχει

2183 4865 2247 4917 τὸ
2272 4864 2677 4934 διεσπασμένον
2707 4862 2768 4914 τὸ
2792 4861 2936 4914 οὓτω
2990 4858 3202 4930 προδὰν
3239 4852 3577 4911 συνοικέσιον.
3627 4838 3713 4894 καὶ

2183 4956 2212 5008 ὁ
2246 4956 2345 5027 μὲν
2382 4955 2504 5027 βίαν
2541 4953 2969 5025 πλημμελήσας,
2990 4954 3174 5004 ἐκεῖνα
3203 4953 3413 5010 πάντως
3447 4938 3578 5007 ἄξιός
3615 4934 3710 4984 ἐστι

2187 5047 2404 5111 παθεῖν,
2439 5047 2585 5116 ᾇπερ
2626 5047 2676 5099 ol
2715 5045 2848 5098 θεῖοι
2875 5044 2969 5098 καὶ
3015 5042 3355 5112 φιλευσεόεἶς
3388 5036 3531 5105 νόμω
3561 5030 3711 5116 δίᾳκθ

2187 5138 2459 5203 λεύςνται,
2502 5114 2761 5207 ἐπιγνοὺς
2783 5135 2876 5189 καὶ
2928 5135 2997 5189 τὰ
3046 5134 3156 5189 ἀπὸ
3183 5133 3292 5186 τῶν
3317 5128 3468 5200 ιερῶν
3510 5114 3707 5174 κανόνων

2188 5233 2575 5302 ἐπιτιμώμενα
2609 5233 2719 5293 τοῖς
2744 5230 2802 5283 ἐν
2836 5228 3139 5298 συνειδήσει
3185 5227 3307 5280 δυσὶ
3356 5211 3707 5302 δισεξαδέλφαιῖ

2193 5300 2680 5393 συζευγνυμένοις,
2713 5321 2791 5384 ὡς
2846 5322 3008 5374 ἕκτου
3041 5320 3100 5384 ἐξ
3119 5320 3352 5389 αἵματος
3371 5300 3702 5405 εὑρισκομξνῗιί

2192 5414 2423 5486 βαθμοῦ.
2479 5415 2543 5469 Ἡ
2574 5415 2631 5467 δὲ
2655 5414 2942 5467 ἀποστᾶσα
2979 5412 3171 5466 τούτου
3232 5409 3321 5464 διὰ
3352 5408 3442 5466 τάς
3491 5397 3702 5486 τοιαύτας

2191 5476 2392 5571 αἰτίας,
2433 5507 2587 5560 οὐδέν
2615 5523 2670 5560 τι
2696 5506 2985 5579 πρόκριμα
3026 5503 3415 5574 ὑποστήσεεται.
3452 5488 3592 5544 Ὅθεν
3628 5476 3700 5579 καλ
3734 5492 3737 5496 ’

2187 5616 2264 5651 πα
2273 5563 2500 5669 ραδηλοῦ
2508 5615 2608 5670 μεν
2622 5598 2651 5651 ύ
2661 5563 2772 5669 μῖν,
2792 5563 3063 5669 μετακαλέ
3070 5563 3270 5650 «ac:th
3285 5595 3373 5648 καὶ
3392 5579 3635 5670 ἀμφότξρα
3648 5563 3699 5618 τὰ

2187 5692 2353 5763 μέρη,
2385 5667 2480 5745 καὶ
2503 5667 2708 5763 ἀκριϐῆ
2738 5667 2880 5749 κατὰ
2915 5689 3185 5758 συστάδην
3229 5687 3278 5722 u
3309 5680 3479 5740 θέσθαι
3498 5667 3697 5736 ἐξέτασιν

1787 5804 2019 5862 VARUE
2050 5802 2453 5861 LECTIONES.

570 5888 616 5918 ”
647 5906 745 5944 κατ
758 5894 1080 5965 manilium
