3950 6552
325 440 426 506 893

322 646 522 701 θέντων
541 662 558 677 ο
608 648 703 701 καὶ
726 648 783 699 έν
812 646 913 717 οἴῳ
945 645 1151 700 τούτων
1202 646 1465 717 εὑρήσετε
1498 645 1597 717 τὴν
1644 647 1907 717 ἀλήθειαν

321 739 737 805 ἐπιφαίνουσαν,
798 739 1021 809 ποιῆσαι
1057 737 1200 792 κατὰ
1228 738 1328 809 τὴν
1361 739 1456 791 ἐπὶ
1512 736 1687 806 τούτῳ
1721 737 1903 803 ἐξενεο

320 834 540 901 χθεῖσαν
599 831 889 901 συνοδικὴν
917 832 1219 900 ἀπόφασιν.
1278 831 1587 904 Ἔρρωσθε.
1622 832 1772 899 Μηνὶ
1811 832 1907 885 tlte.

321 924 598 993 ερουαρίῳ
619 940 633 954 ·
668 923 994 994 ὲπινεμήσει
1015 922 1270 996 δευτέρᾳ.

318 1034 442 1087 quae
492 1019 563 1071 ab
593 1020 674 1073 eis
695 1018 978 1082 dicuntur,
1032 1027 1087 1073 et
1115 1023 1361 1088 exposita
1405 1029 1533 1075 sunt
1586 1021 1643 1075 in
1700 1019 1909 1092 synodo

1592 438 2293 506 GRAECO-ROMANUM

320 556 425 609 τῶν
462 556 594 626 παρ’
625 553 810 609 αὐτῶν
847 552 1186 625 λεγομένων,
1222 554 1311 607 καὶ
1345 552 1641 617 συνοδικῶς
1676 554 1901 626 ἀφηγη-

2032 556 2459 627 leprehendatur

3490 439 3602 507 894

2512 573 2526 612 :
2584 555 2705 617 hate
2771 573 2922 624 vero,
2981 573 3102 630 quas
3158 568 3382 631 propter
3441 559 3611 629 hujus

2022 648 2168 702 modi
2209 662 2403 703 causas
2433 648 2501 704 ab
2563 664 2631 705 eo
2676 649 2926 714 divertit,
2985 650 3196 705 nullum
3224 649 3605 720 prmjudicium

2019 739 2336 795 sustinebit.
2384 739 2756 806 Quamobrem
2787 742 2946 797 vobis
2975 742 3141 797 etiam
3202 741 3602 811 signiﬁcamus,

2018 842 2075 884 nt
2116 843 2410 903 utramque
2437 843 2644 903 partem
2674 835 2995 901 arcessatis,
3032 841 3087 889 et
3121 834 3391 901 ambobus
3422 847 3607 889 coram

2015 925 2361 989 constitutis,
2414 933 2733 980 accuratum
2780 940 3013 981 examen
3080 926 3331 982 habeatis
3387 940 3606 983 eorum.

1959 1036 1974 1072 :
2021 1035 2084 1073 ac
2144 1029 2266 1073 utra
2325 1002 2556 1075 tanleuf
2601 1022 2655 1075 in
2720 1030 2873 1092 parte
2929 1022 3215 1076 veritatem
3298 1020 3605 1076 evidentem

323 1109 665 1173 inveneritis,
714 1109 1016 1164 secundum
1086 1111 1495 1179 pronuntiatam
1556 1111 1624 1166 de
1689 1127 1752 1166 ea
1809 1111 2125 1183 synodalem
2181 1113 2508 1166 sententiam
2565 1114 2758 1185 agetis.
2804 1113 3006 1168 Valete.
3050 1111 3236 1169 Mense
3278 1110 3605 1180 Februario,

319 1203 621 1257 indictione
653 1219 715 1259 tt.

534 1318 855 1373 ΨΗΦΙΣΜΑ
896 1318 1280 1374 ΠΟΛΙΤΙΚΩΝ
1322 1319 1692 1376 ΔΙΚΑΣΤΩΝ.

319 1412 461 1480 Περὶ
499 1414 878 1482 συγγενείας,
909 1411 1008 1465 ὅτε
1042 1411 1153 1466 δύο
1193 1410 1639 1482 δισεξαδέέέρας
1666 1413 1769 1482 ,εἰς
1805 1411 1910 1481 rd-

387 1476 510 1551 jrov
542 1476 871 1537 κοινωνίαν
894 1482 1155 1551 ἠγάγετό
1187 1498 1298 1548 τις.
1329 1482 1436 1536 Καὶ
1468 1476 1584 1535 ὦδε
1605 1476 1723 1551 μὲν
1748 1476 1910 1549 παρὰ

392 1555 625 1607 τούτων
642 1552 1095 1622 συγκεχώρηται
1116 1552 1182 1607 τὸ
1205 1552 1503 1616 τοιοῦτον,
1526 1553 1689 1621 παρὰ
1708 1551 1776 1605 δὲ
1801 1552 1910 1621 τῆς

391 1623 666 1679 συνόδου
698 1622 1051 1678 κεκώλυται.

397 1716 470 1768 Τὸ
498 1716 664 1785 μέρος
693 1715 786 1769 τοῦ
819 1715 1430 1785 μεγαλεπιφανεστάτου
1463 1714 1633 1787 κυροῦ
1678 1714 1918 1780 Ἀλεξίου

312 1805 419 1859 τοῦ
468 1806 851 1877 Καπανδρίτου
910 1805 1036 1876 έσχε
1099 1806 1317 1876 πρῶτον
1375 1807 1608 1878 νόμιμον
1647 1811 1918 1876 γυναῖκα,

310 1902 419 1969 τὴν
447 1898 722 1968 θυγατέρα
745 1897 838 1951 τοῦ
866 1898 1127 1967 Προϐατᾶ
1146 1899 1357 1954 ἐκείνου
1380 1900 1551 1971 κυροῦ
1575 1901 1911 1969 Θεοφάνους.

2241 1345 2615 1403 DECRETUM
2656 1343 2961 1403 JUDlCUM
2989 1343 3321 1401 οινιιιωι.

2072 1448 2100 1491 e
2129 1437 2463 1506 cognatione,
2513 1452 2633 1489 cum
2672 1435 2807 1488 duas
2848 1435 3064 1506 quidam
3088 1434 3333 1506 sobrinus
3364 1434 3606 1489 insocia-

2094 1504 2254 1560 lutem
2280 1508 2619 1560 matrimonii
2653 1507 2944 1559 ιιεεὶυἱεεει.
2988 1504 3052 1557 Et
3077 1505 3170 1558 hoc
3203 1505 3414 1573 quidem
3447 1505 3513 1557 ab
3534 1507 3609 1559 eis

2091 1578 2408 1648 permissum
2468 1579 2592 1646 luit,
2654 1593 2887 1630 reruma
2923 1573 3123 1645 synodo
3190 1574 3541 1643 prohibitum.

2092 1712 2171 1765 Ex
2236 1722 2395 1781 parte
2447 1726 2545 1766 sua
2593 1708 3003 1765 illustrissimus
3054 1705 3311 1761 dominus
3376 1702 3604 1759 Alexius

2020 1803 2387 1874 Capandrites
2421 1803 2611 1857 habuit
2638 1802 2816 1872 primo
2845 1800 3145 1871 legitimam
3167 1812 3415 1861 uxorem,
3447 1796 3613 1850 filiam

2021 1896 2232 1953 domini
2299 1894 2657 1966 Theophanis
2730 1895 2879 1949 illius
2970 1892 3241 1946 Provatm.
3299 1888 3431 1944 Post
3491 1888 3616 1958 ejus

313 1996 479 2050 Μετὰ
506 1996 563 2049 δὲ
593 1995 824 2048 θάνατον
859 1995 1098 2066 ἐκείνης,
1136 1997 1161 2049 ὲ
1172 1995 1308 2067 μίγη
1338 1997 1458 2066 μεθ’
1496 1997 1801 2068 ίερολογίας
1832 2014 1912 2051 vo-

2031 2005 2154 2044 rero
2182 1997 2438 2052 mortem,
2499 2003 2621 2043 sese
2647 1987 3035 2050 commiscuit,
3094 1983 3505 2039 interveniente
3535 1981 3613 2035 le-

320 2088 500 2158 μξμου
552 2090 619 2157 τῇ
657 2087 887 2159 δευτέρᾳ
920 2088 1188 2163 ἐξαδέλφῃ
1240 2089 1480 2160 ἐκείνης.
1533 2090 1646 2144 Kal.
1684 2089 1919 2160 ἐζήτησε

320 2184 523 2251 μαθεῖν
562 2181 621 2247 ἐξ
669 2182 863 2251 ἡμῶν,
904 2181 1063 2251 εἴπερ
1100 2182 1130 2235 ὁ
1168 2180 1356 2251 ῥηθεὶς
1401 2183 1579 2251 γάμος
1628 2183 1693 2234 ὲκ
1739 2181 1919 2253 νόμων
1946 2192 1957 2197 “

320 2273 446 2345 ἔχει
482 2274 542 2328 τὸ
577 2273 797 2344 βέϐαιον
832 2274 924 2327 καὶ
960 2273 1201 2345 ἰσχυρόν.
1257 2273 1449 2344 Ἡμεῖς
1490 2270 1585 2327 οὖν
1630 2273 1920 2342 ὲξείπομεν

318 2364 467 2437 πρὸς
509 2365 708 2431 αὑτὸν,
753 2364 829 2429 ὡς
878 2367 906 2417 ὁ
942 2366 1105 2433 νόμος
1144 2367 1202 2418 ὲν
1241 2364 1432 2436 βιὸλίῳ
1469 2366 1578 2418 τῶν
1608 2365 1915 2419 Βασιλικῶν

320 2458 439 2528 κη’.
483 2458 618 2512 τίτλ.
654 2456 718 2525 ε’,
744 2475 869 2528 κεφ.
907 2457 973 2529 β’,
1016 2458 1207 2529 φησίν·
1252 2460 1316 2513 Οί
1342 2458 1713 2529 κεκωλυμένοι
1751 2458 1920 2528 γάμοι

316 2553 690 2622 γινώσκονται
720 2552 917 2619 οὕτως·
967 2554 1089 2607 Ἐπὶ
1114 2553 1223 2608 τῶν
1257 2555 1538 2621 ἀνιόντων,
1572 2559 1666 2609 καὶ
1702 2554 1921 2608 κατιόν-

315 2663 437 2700 των
460 2686 476 2711 ,
504 2646 581 2709 είς
608 2645 918 2716 ἀπέραντον
952 2648 979 2700 ὁ
1011 2646 1186 2716 γάμος
1219 2645 1527 2700 κεκώλυται
1553 2686 1569 2710 ,
1603 2644 1707 2699 κᾶν
1744 2643 1820 2714 μὴ
1854 2645 1920 2698 ὲκ

321 2737 581 2808 νομίμων
614 2732 716 2791 ὦσι
749 2738 966 2808 γάμων.
1000 2739 1076 2792 Οὐ
1110 2737 1337 2792 δύναται
1382 2738 1494 2809 γάρ
1532 2755 1616 2801 τις
1645 2736 1744 2805 τὴν
1782 2736 1920 2791 ίδίαν

316 2828 630 2899 λαμϐάνειν
659 2828 963 2901 θυγατέρα,
1000 2830 1032 2901 ἢ
1068 2829 1381 2899 ὲγγὸνην,ἦ
1421 2828 1658 2899 μητέρα,
1695 2827 1728 2897 ἢ
1767 2825 1920 2897 μάμ-

324 2938 465 2994 μην,
501 2919 613 2974 εἴτε
663 2922 891 2989 φυσικαὶ
928 2915 1064 2974 ὦσιν
1096 2921 1153 2975 αί
1208 2918 1549 2991 θυγατέρες,
1582 2918 1691 2971 εἴτε
1745 2916 1917 2970 θεταί.

323 3016 448 3068 Και
488 3014 691 3085 μεταξὺ
725 3012 780 3067 δὲ
828 3012 936 3067 τῶν
969 3016 1032 3067 ὲκ
1067 3012 1302 3081 πλαγίου
1346 3010 1656 3083 προσώπων
1686 3010 1804 3065 ἔστι
1836 3025 1922 3073 τις

319 3104 586 3168 κώλυσις.
617 3105 731 3177 Τὴν
767 3106 877 3176 γάρ
910 3105 1003 3159 τοῦ
1034 3104 1266 3174 ἀδελφοῦ
1304 3122 1406 3175 μου
1429 3146 1443 3170 ,
1474 3104 1507 3177 ἦ
1552 3105 1652 3174 τῆς
1687 3102 1923 3171 ἀδελφῆς

327 3215 437 3270 μου
462 3199 739 3268 θυγατέρα
765 3197 1067 3269 λαμϐάνειν
1096 3198 1233 3270 πρὸς
1257 3197 1438 3268 γάμον
1465 3199 1527 3250 οὐ
1558 3197 1738 3267 θέμις.
1779 3195 1921 3248 Ἀλλ’

322 3291 453 3347 οὐδὲ
471 3291 567 3361 τὴν
588 3290 795 3344 τούτων
818 3292 1071 3362 ὲγγόνην.
1103 3290 1347 3361 Ὀμοίως
1375 3290 1496 3342 οὐδὲ
1518 3290 1618 3359 τὴν
1640 3289 1921 3358 θυγατέρα

323 3382 425 3439 τοῦ
452 3382 621 3446 θείου,
657 3383 690 3455 ἢ
724 3383 820 3453 τῆς
854 3382 1025 3448 θείας,
1053 3382 1304 3438 τουτέστι
1334 3382 1432 3453 τὴν
1459 3379 1760 3452 ὲξαδέλφην
1791 3399 1918 3452 μου.

344 3474 489 3530 Ἀλλ’
520 3475 643 3528 οὐδὲ
684 3477 714 3530 ὁ
747 3474 863 3539 υίὸς
911 3493 1012 3546 μου
1044 3474 1144 3547 τὴν
1192 3475 1428 3545 ὲγγόνην
1475 3474 1658 3528 αὐτῶν
1680 3516 1695 3541 ,
1727 3475 1924 3539 οἵτινες

328 3566 591 3636 λέγονται
615 3567 1011 3636 δισεξάδελφοι.
1041 3569 1153 3622 Καὶ
1174 3567 1381 3639 βιῦλίον
1402 3568 1468 3634 ξ’,
1491 3566 1629 3622 τίτλ.
1662 3565 1763 3634 λζ’,
1797 3584 1923 3637 κεφ.

328 3656 439 3727 ογ’,
468 3657 640 3711 ταῦτα
673 3658 1085 3728 διαγορεύοντασ
1114 3660 1177 3713 Οἱ
1213 3659 1347 3731 πρὸς
1378 3658 1557 3728 γάμον
1585 3659 1929 3730 συναπτόμε-

329 3749 515 3820 νοι,ῆ
562 3749 844 3821 σαρκικῶς
890 3749 1067 3815 ἄλλως
1117 3750 1558 3822 συμπλεκόμενοι
1612 3749 1924 3821 ὲξάδελφοι,

332 3842 436 3895 καὶ
460 3842 510 3894 oi.
535 3839 595 3907 ἐξ
623 3841 805 3894 αὐτῶν
837 3843 1147 3913 τικτόμενοι
1181 3842 1369 3906 παῖδες
1401 3843 1494 3896 καὶ
1532 3842 1693 3911 μόνον
1714 3883 1728 3905 ,
1760 3842 1793 3911 ἢ
1824 3860 1928 3895 πα-

323 3933 441 4004 τὴρ
466 3933 560 3986 καὶ
583 3932 697 3997 υίὸς
724 3932 862 4003 πρὸς
896 3936 1117 4004 μητέρα
1148 3935 1243 3987 καί¹
1274 3933 1573 4003 θυγατέρα.
1599 3933 1751 4004 δύο
1775 3933 1929 3986 ἁδελ-

325 4028 431 4094 φο“ι
458 4026 537 4088 είς
568 4024 662 4078 δύο
700 4023 957 4095 ἀδελφάς,
998 4025 1032 4098 ἢ
1077 4024 1171 4078 δύο
1210 4023 1430 4094 ἀδελφοὶ
1462 4026 1542 4087 είς
1575 4024 1789 4096 μητέρα
1832 4026 1929 4079 καὶ

325 4116 649 4187 θυγατέρα,
702 4116 738 4188 ἢ
791 4117 1011 4187 ἀνεψιὸς
1071 4117 1153 4180 είς
1215 4115 1613 4188 γεγαμημένην
1670 4116 1750 4188 τῷ
1800 4115 1930 4187 θείῳ

324 4213 601 4281 γυναῖκα,
654 4210 765 4264 εἴτε
816 4210 960 4274 θεῖος
1009 4210 1089 4275 είς
1142 4210 1548 4281 γεγαμημένην
1600 4207 1679 4279 τῷ
1723 4207 1929 4280 ἀνεψιῷ

323 4306 571 4371 γυναῖκα
592 4341 607 4365 ,
640 4302 779 4373 πρὸς
809 4301 889 4371 τῷ
928 4302 1196 4374 χωρισμῷ
1230 4302 1327 4363 καὶ
1356 4300 1770 4357 τυπτέσθωσαν.
1817 4301 1929 4356 Καὶ

325 4402 395 4446 εν
428 4393 586 4465 μέρει
615 4393 671 4447 δὲ
696 4392 791 4446 τοῦ
819 4392 988 4463 τόμον
1019 4391 1114 4455 τοῦ
1143 4392 1451 4462 άγιωτάτου
1485 4391 1699 4449 ἐκείνου
1730 4408 1931 4464 πατρι-

328 4486 512 4555 άρχου
531 4485 814 4540 ’Σισιννίου
840 4525 855 4553 ,
895 4485 1274 4557 κεκωλυμένοι
1302 4486 1441 4541 εἰσὶν
1469 4486 1519 4540 οί
1553 4485 1725 4556 γάμοι
1758 4478 1927 4541 οὗτοι.

329 4572 488 4641 Οἷον,
510 4577 636 4631 ὅταν
658 4578 882 4648 ἀδελφοὶ
908 4578 1205 4649 έξαδέλφας
1230 4577 1519 4648 ἀλλοτρίας
1546 4577 1927 4649 λαμϐάνωσιν,

328 4667 804 4765 ᾗᾼδύο-άδελφοὺς
838 4670 1129 4741 ὲξάδελφαι
1156 4670 1271 4738 δύο,
1306 4670 1338 4741 ἢ
1382 4670 1527 4735 θεῖος
1562 4672 1659 4725 καὶ
1701 4669 1927 4740 ἀνεψιὸς
1960 4709 2004 4765 D

330 4760 575 4829 ἀδελφὰς
599 4761 716 4828 δύο,
747 4761 780 4832 ἢ
809 4761 1076 4833 ἀδελφοὺς
1105 4761 1199 4817 δύο
1227 4762 1348 4817 θεία
1379 4761 1475 4816 καὶ
1504 4760 1721 4832 άνεψιά.
1767 4761 1928 4816 Ἀλλὰ

330 4852 441 4907 καὶ
483 4853 591 4907 ἀπὸ
638 4854 937 4908 συνοδικῶν
987 4854 1244 4926 πράξεων
1296 4856 1391 4909 καὶ
1434 4854 1784 4921 διαγνώσεων
1831 4851 1926 4907 τοῦ

333 4945 652 5014 ἀγιωτάτου
688 4946 1062 5018 πατριάρχου,
1098 4948 1293 5018 κυρίου
1324 4949 1530 5009 Λουκᾶ,
1563 4948 1659 5001 καὶ
1690 4963 1928 5017 προστα-

332 5037 571 5105 γμάτων
607 5034 926 5105 βασιλικῶν,
959 5037 1052 5091 ἐπὶ
1087 5037 1185 5108 μὲν
1218 5037 1329 5099 τῶν
1358 5039 1422 5090 ὲκ
1445 5035 1702 5104 πλαγίου.
1729 5037 1757 5089 ὁ
1779 5034 1930 5087 €650-

339 5145 446 5201 μος
480 5126 687 5199 βαθμὸς
716 5127 1028 5197 κεκώλυται
1052 5143 1064 5159 ⁸
1098 5130 1193 5183 ἐπὶ
1233 5129 1291 5182 δὲ
1338 5128 1449 5182 τῶν
1495 5126 1554 5192 ἐξ
1584 5127 1927 5198 ἀγχιστείας.

334 5217 473 5270 ποτὲ
506 5219 604 5288 μὲν
634 5222 999 5290 συγχωρεϊται
1032 5220 1060 5273 ὁ
1100 5219 1293 5284 ἕκτος,
1322 5219 1453 5272 ποτὲ
1494 5218 1551 5271 δὲ
1591 5215 1920 5273 κεκώλυται.

334 5311 473 5363 ’Ὅτε
501 5309 612 5381 γάρ
645 5311 784 5364 εἰσιν
820 5313 885 5364 ἐκ
914 5310 1010 5366 τοῦ
1044 5312 1161 5377 ἑνὸς
1197 5310 1395 5383 μέρους
1440 5309 1643 5382 βαθμοὶ
1683 5308 1776 5363 δύο
1798 5348 1813 5374 ,
1857 5310 1924 5364 ἐκ

332 5400 398 5454 δὲ
421 5400 515 5456 τοῦ
540 5403 732 5475 ἑτέρου
762 5404 1052 5475 τέσσαρες
1080 5405 1178 5472 ὡς,
1210 5406 1341 5460 ὅταν
1363 5405 1455 5459 δύο
1480 5404 1701 5473 ἀδελφοὶ
1728 5402 1922 5463 θέλωσι

338 5496 682 5566 συναφθῆναι
716 5497 854 5569 πρὸς
886 5498 1065 5570 γάμον
1110 5499 1232 5553 δυσί
1283 5499 1529 5570 πρώταις
1563 5495 1882 5564 ὲξαδέλιραις
1906 5511 1919 5525 ·

338 5587 491 5642 ἔστιν
521 5591 548 5642 ὁ
574 5589 753 5661 γάμος
782 5592 1185 5660 κεκωλυμένος.
1233 5592 1362 5647 Ἐάν
1392 5591 1449 5646 δὲ
1492 5591 1634 5651 θεῖος
1663 5590 1760 5642 καὶ
1794 5588 1922 5639 ἁνεο

336 5681 465 5752 ψιδς
493 5681 655 5738 ἕλωσι
679 5684 728 5717 ⁸⁸
772 5685 1113 5758 ωναφθῆναι
1150 5685 1273 5758 θείᾳ
1302 5685 1397 5740 καὶ
1432 5684 1630 5755 άνεψιᾷ
1657 5682 1715 5749 ἐξ
1759 5679 1922 5734 ἄλλον

2021 2081 2211 2150 gitima
2267 2093 2494 2148 precum
2564 2076 2956 2145 conceptione,
3008 2088 3133 2128 eum
3185 2071 3307 2137 ejus
3363 2069 3610 2141 sohﬁna.

2026 2173 2181 2229 Scire
2202 2172 2352 2242 cupit
2379 2186 2447 2227 ex
2480 2169 2662 2231 nobis,
2700 2185 2767 2222 an
2810 2169 3018 2223 dictum
3057 2163 3470 2219 matrimonium
3543 2177 3613 2215 ex

2019 2269 2143 2339 jure
2180 2274 2358 2318 ratum
2390 2264 2463 2318 sit
2503 2278 2567 2318 ac
2593 2262 2833 2315 firmum.
2881 2259 3071 2326 Itaque
3099 2270 3199 2311 nos
3233 2254 3282 2310 ei
3325 2252 3614 2324 respondi—

2024 2374 2168 2422 mus,
2227 2354 2373 2426 quod
2435 2355 2518 2409 lex
2580 2354 2633 2407 in
2678 2352 2817 2407 libro
2863 2349 3223 2405 Basilicorum
3283 2361 3475 2410 xxvnl,
3527 2344 3616 2399 tit.

2023 2467 2076 2516 v,
2114 2465 2241 2519 cap.
2274 2448 2364 2503 Η.
2405 2447 2600 2502 dicat:
2651 2444 2864 2513 Nuptiae
2912 2440 3205 2513 prohibita:
3270 2439 3352 2494 sic
3414 2452 3619 2506 cogno-

2023 2552 2256 2600 scuntur
2288 2556 2303 2597 :
2338 2541 2394 2597 In
2427 2539 2877 2602 ascendentibus,
2937 2544 2992 2591 et
3030 2532 3492 2592 descendentibus
3561 2530 3617 2584 in

2023 2637 2297 2693 infinitum
2348 2636 2556 2706 nuptias
2612 2642 2741 2689 sunt
2800 2630 3113 2702 prohibita,
3147 2628 3274 2685 licet
3297 2627 3431 2695 ipsae
3489 2639 3619 2694 per-

2023 2745 2175 2785 sonte
2229 2745 2339 2785 non
2397 2730 2510 2784 sint
2547 2743 2611 2783 ex
2662 2725 2920 2797 legitimis
2948 2723 3158 2793 nuptiis
3201 2729 3356 2776 ortae.
3407 2717 3619 2788 Quippe

2024 2838 2131 2876 non
2182 2827 2361 2891 potest
2421 2819 2621 2888 aliquis
2669 2832 2824 2874 suam
2884 2815 3090 2870 ducere
3149 2811 3340 2872 filiam,
3370 2808 3456 2864 vel
3513 2821 3614 2862 ne-

2022 2922 2192 2983 ptem,
2230 2913 2315 2968 vel
2368 2918 2623 2971 matrem,
2662 2908 2746 2964 vel
2795 2907 2974 2960 aviam
3009 2905 3168 2959 :sive
3192 2900 3480 2957 naturales
3504 2898 3619 2953 sint

2026 3001 2173 3066 tiliae,
2227 3000 2346 3055 sive
2398 2996 2692 3067 adoptivae.
2747 2994 2942 3049 Itidem
3032 2993 3177 3048 inter
3220 3003 3493 3062 personas
3549 3001 3616 3042 ex

2026 3102 2346 3148 transverso
2379 3087 2681 3160 prohibitio
2703 3086 2952 3157 quaadam
2998 3094 3105 3141 est.
3135 3084 3255 3139 Non
3282 3082 3467 3136 fratris
3487 3078 3619 3144 mei,

2023 3185 2110 3240 vel
2145 3184 2356 3239 sororis
2412 3196 2550 3237 mea:
2600 3181 2790 3240 filiam,
2829 3193 2937 3233 non
2969 3177 3051 3231 fas
3108 3182 3195 3231 est
3230 3174 3362 3229 mihi
3415 3171 3620 3228 ducere

2026 3290 2277 3333 uxorem.
2325 3272 2437 3331 Nec
2478 3274 2643 3330 etiam
2684 3273 2881 3328 horum
2917 3277 3162 3347 neptem.
3201 3266 3470 3323 Similiter
3516 3280 3621 3320 nec

1948 3360 1993 3419 (ἶ
2032 3370 2196 3425 filiam
2224 3369 2404 3439 patrui
2449 3367 2533 3423 vel
2582 3365 2864 3427 avunculi,
2912 3370 3009 3417 aut
3061 3361 3244 3416 amita:
3277 3360 3360 3416 vel
3414 3367 3618 3414 mater-

2030 3473 2183 3526 teras,
2249 3463 2355 3517 hoc
2415 3471 2524 3525 est,
2583 3457 2977 3515 consobrinam
3051 3469 3253 3509 meam.
3315 3452 3430 3507 Nec
3488 3451 3619 3504 item

2031 3556 2181 3612 filius
2210 3568 2367 3609 meus
2392 3566 2590 3607 eorum
2640 3558 2858 3620 neptem
2904 3546 2995 3617 qui
3061 3543 3274 3601 sobrini
3333 3550 3620 3598 vocantur.

2028 3648 2161 3703 ltem
2208 3647 2303 3701 lib.
2353 3660 2445 3709 Ls,
2470 3644 2555 3699 tit.
2596 3657 2811 3704 xxxvn,
2856 3654 2983 3710 cap.
3018 3639 3087 3694 75
3146 3638 3262 3692 haec
3316 3635 3483 3690 verba
3541 3632 3624 3687 le-

2029 3748 2275 3812 guntur:
2312 3737 2417 3804 Qui
2470 3737 2776 3807 junguntur
2836 3729 3215 3793 matrimonio,
3263 3728 3348 3783 vel
3410 3722 3622 3793 alioqui

2030 3830 2328 3887 carnaliter
2388 3829 2722 3899 copulantur
2790 3822 3129 3884 consobrini,
3178 3827 3233 3875 et
3287 3817 3382 3886 qui
3430 3832 3495 3871 ex
3542 3813 3623 3868 eis

2030 3923 2299 3977 duntaxat
2344 3928 2653 3975 nascuntur
2693 3917 2875 3989 liberi,
2932 3915 3018 3968 vel
3068 3921 3225 3983 pater
3248 3922 3301 3966 et
3329 3909 3475 3964 filius
3497 3922 3620 3962 cum

2030 4022 2208 4069 matre
2278 4026 2342 4066 ac
2392 4012 2523 4076 filia,
2559 4010 2643 4065 vel
2687 4007 2797 4063 duo
2824 4006 3027 4061 fratres
3055 4019 3179 4059 cum
3216 4000 3431 4057 duabus
3465 4012 3625 4054 soro-

2031 4109 2185 4165 ribus
2257 4106 2347 4162 vel
2402 4107 2509 4161 dno
2561 4102 2761 4158 fratres
2807 4114 2933 4155 cum
2994 4104 3170 4151 matre
3237 4110 3302 4149 ac
3355 4093 3487 4153 filia.
3540 4089 3623 4145 vel

2033 4198 2223 4256 fratris
2264 4197 2547 4254 sororisve
2588 4194 2736 4249 filius
2756 4204 2882 4246 cum
2938 4188 3171 4242 muliere
3200 4194 3396 4256 patruo
3441 4195 3618 4236 avun-

2032 4291 2227 4347 culovc
2266 4296 2460 4357 nupta,
2513 4285 2597 4340 vel
2641 4290 2875 4354 patruus
2911 4278 3293 4334 avunculusve
3342 4288 3469 4329 cum
3499 4286 3621 4325 mu-

2034 4386 2167 4441 liere
2229 4389 2401 4454 nupta
2473 4378 2559 4435 sui
2617 4375 2809 4432 fratris
2888 4372 3168 4429 sororisve
3229 4368 3362 4431 lilio,
3422 4373 3624 4437 praeter

2032 4477 2327 4535 divortium
2385 4473 2711 4530 verberibus
2758 4482 2981 4541 quoque
3010 4463 3312 4520 caeduntor.
3344 4458 3615 4514 Praeterea

2034 4574 2089 4628 in
2127 4578 2286 4643 parte
2312 4568 2529 4638 scripti,
2566 4563 2715 4635 quod
2768 4569 2853 4617 est
2891 4555 3229 4616 sanctissimi
3290 4549 3626 4625 patriarcha:

2045 4663 2297 4728 Sisinnii,
2339 4661 2422 4716 ha:
2451 4667 2583 4715 sunt
2629 4653 2921 4729 prohibita:
2953 4650 3182 4720 nuptiae,
3211 4646 3463 4702 videlicet
3499 4658 3625 4699 cum

2034 4756 2237 4812 fratres
2287 4748 2654 4807 oonsobrinas
2688 4752 2982 4801 extraneas
3024 4740 3256 4801 ducunt,
3289 4736 3377 4791 vel
3405 4733 3624 4789 duobus

2034 4846 2298 4903 fratribus
2330 4840 2673 4898 consobrinae
2695 4838 2818 4892 duae
2847 4833 3100 4897 nubunt;
3131 4830 3217 4885 vel
3248 4843 3374 4885 cum
3398 4837 3628 4897 patruus

2036 4947 2092 4993 et
2135 4935 2324 4990 fratris
2382 4931 2504 5001 ejus
2549 4930 2694 4985 filius
2751 4928 2961 4983 ducunt
3013 4937 3232 4978 sorores
3306 4922 3465 4984 duas,
3532 4922 3628 4972 aut

2038 5027 2259 5083 duobus
2332 5020 2600 5077 fratribus
2654 5016 2824 5073 amita
2879 5013 3180 5083 fratrisque
3218 5010 3327 5066 filia
3388 5009 3624 5063 nubunt.

2036 5115 2349 5184 Quinetiam
2391 5128 2457 5168 ex
2512 5108 2874 5182 synodalibus
2920 5104 3060 5161 actis
3096 5111 3154 5160 et
3215 5099 3623 5173 cognitionibus

2033 5203 2381 5264 sanctissimi
2450 5199 2830 5273 patriarchae,
2909 5196 3120 5253 domini
3188 5194 3400 5258 Lucas,
3459 5199 3626 5258 atque

2028 5276 2402 5369 imperatoriis
2441 5292 2659 5355 edictis,
2685 5290 2741 5346 in
2770 5289 2863 5355 iis,
2907 5288 3004 5359 qui
3049 5292 3267 5343 suntex
3309 5292 3626 5336 transverso

2032 5390 2241 5463 gradus
2279 5386 2553 5457 septimus
2605 5391 2690 5439 est
2729 5381 3045 5453 prohibitus
3073 5397 3089 5434 :
3122 5379 3177 5433 in
3211 5375 3470 5430 afﬁnitate
3495 5371 3628 5441 jun-

2029 5485 2160 5547 ctis,
2194 5477 2498 5552 aliquaudo
2529 5486 2726 5534 sextus
2757 5473 3117 5546 permittitur,
3164 5466 3463 5540 aliquando
3493 5477 3624 5534 pro-

2033 5575 2373 5645 hibitusest.
2428 5569 2642 5642 Quippe
2667 5583 2795 5625 cum
2828 5582 2898 5623 ev
2958 5579 3065 5619 una
3131 5569 3285 5634 parte
3341 5567 3471 5615 sunt
3512 5556 3624 5611 duo

2036 5669 2261 5743 gradus,
2316 5681 2383 5723 ex
2413 5664 2586 5721 altera
2619 5668 2892 5735 quatuor;
2947 5656 3110 5714 veluti
3140 5669 3265 5711 cum
3294 5652 3400 5709 duo
3417 5650 3620 5707 fratres

1639 5815 1871 5875 ΥᾹΜΆΕ
1912 5805 2326 5872 LECTIONES,

411 5888 461 5925 ⁸⁸
499 5889 711 5962 θέλωσι.
