3798 6616
388 422 497 487 895
1704 429 1843 490 JUS
1878 428 2326 492 CANONICUM
3512 442 3592 508 8:715

390 532 744 590 matrimonio
774 534 1019 607 copulari
1056 537 1247 594 volunt
1278 553 1404 594 cum
1435 537 1651 597 duabus
1700 540 2013 605 consobriﬁ

2123 542 2286 607 ηένους
2305 583 2321 609 ,
2360 540 2507 594 ἔστιν
2543 542 2572 595 6
2616 542 2792 611 γάμος
2830 540 3128 605 ἀκώλυτος.
3159 540 3276 595 Ὅτι
3303 542 3419 609 γοῦν
3447 549 3523 603 καὶ
3550 556 3593 607 τὸ

390 626 480 681 nis
509 642 524 681 :
559 627 849 699 prohibita:
878 630 1086 701 nuptiae
1121 641 1272 687 sunt.
1307 630 1364 688 Si
1390 648 1519 688 vero
1548 642 1781 705 patruus
1803 650 1979 690 avun-

2123 636 2218 705 παρ’
2264 633 2430 687 αὐτοῦ
2471 633 2737 705 προτεθὲν
2787 632 3088 705 ἐρώτημα.
3132 635 3227 690 καὶ
3269 634 3499 706 ζήτημα,
3526 647 3595 697 ut,

390 722 649 787 cuiusve,
700 737 764 778 ac
796 723 985 780 fratris
1019 727 1300 782 sororisve
1327 727 1494 795 illius,
1530 729 1782 799 copulari
1812 730 1985 786 velint

2128 726 2401 800 ρόόλημα,
2434 727 2497 779 οὐ
2548 726 2971 796 συναριθμεῖται
3023 726 3118 779 καὶ
3164 729 3597 795 συγκατατάττεται

393 830 520 870 cum
549 816 718 871 amita
752 825 1136 886 materterave,
1162 836 1227 875 ac
1282 820 1472 877 fratris
1501 824 1784 880 sororisve
1842 825 1980 889 lilia,

2123 822 2195 883 οῖς
2227 819 2437 873 ἄνωθεν
2460 818 2819 889 δηλουμένοις
2845 818 3055 873 κεκωλυ
3065 819 3248 884 μένοις
3274 821 3469 889 γάμοις,
3493 825 3596 880 ἀλλὰ

397 906 621 961 diverso
644 922 848 979 genere
893 908 1087 963 natis:
1146 911 1560 967 matrimonium
1605 915 1815 970 licitum
1877 924 1983 971 est.

2125 912 2266 982 φορᾷ
2298 913 2378 974 εἰς
2416 910 2507 965 τὸν
2538 911 2598 977 ἐξ
2643 910 2965 980 ἁγχιστεξας
3007 910 3235 979 ἕϐδομον
3274 909 3492 982 βαθμὸν,
3526 916 3598 984 (αἱ

396 997 699 1053 Enimvero
722 1014 846 1053 cum
884 1003 1229 1070 propositum
1271 1003 1340 1058 ab
1389 1020 1456 1059 eo
1483 1006 1878 1076 interrogatum
1931 1019 1985 1062 et

2126 1005 2193 1073 ἂρ
2234 1002 2489 1073 δεύτεραι
2535 1002 2824 1071 ἑξάδελφαι
2884 1002 3045 1055 ἕκτου
3088 1002 3294 1072 βαθμοῦ
3327 1005 3473 1056 εἰσιν·
3499 1008 3601 1060 ἀλλὰ

395 1091 649 1157 quzcstio,
691 1105 798 1144 non
837 1102 1158 1148 muneretur
1218 1112 1320 1151 nec
1385 1099 1656 1152 referatur
1690 1101 1833 1154 inter
1857 1115 1988 1170 pro-

2123 1094 2186 1148 αὶ
2214 1092 2273 1147 τὸ
2304 1093 2713 1163 συναπτόμενον
2739 1092 3055 1165 πρόσωπον,
3096 1091 3299 1163 βαθμδς
3329 1092 3507 1163 ἕτερος,
3533 1101 3602 1151 καὶ

400 1181 605 1235 hibitas
639 1183 883 1252 nuptias,
913 1200 1040 1253 qua:
1069 1202 1235 1257 supra
1297 1200 1680 1256 recensentur,
1741 1191 1834 1246 sed
1858 1207 1987 1262 spe-

2123 1184 2439 1238 ιποτείνεται
2467 1186 2546 1244 εἰς
2572 1183 2800 1255 ἕϐδομον
2838 1183 2898 1249 ἐξ
2930 1183 3246 1254 ἀγχιστείας
3276 1183 3500 1254 βαθμὸν).
3525 1187 3605 1257 ψνμ

396 1279 509 1326 etet
577 1271 648 1327 ad
707 1274 936 1342 gradum
1009 1292 1072 1332 ex
1140 1277 1401 1334 aﬂinitale
1460 1282 1754 1351 septimum
1814 1283 1988 1353 (nam

397 1364 637 1419 sobrina:
675 1377 834 1422 sexto
887 1369 988 1424 sibi
1053 1373 1225 1441 gradu
1267 1372 1602 1443 junguntur,
1634 1383 1686 1429 et
1725 1392 1849 1445 qua:
1898 1392 1992 1432 co-

397 1457 624 1527 pulatur
684 1458 771 1516 his
822 1475 1081 1531 persona,
1141 1465 1375 1533 gradum
1449 1468 1621 1521 alium
1672 1469 1983 1535 constituit,

2123 1481 2230 1517 που
2280 1463 2375 1517 καὶ
2413 1462 2694 1518 ἀκωλύτου
2729 1461 2908 1534 πάντη
2951 1459 3129 1525 ὄντος.
3177 1460 3355 1515 Ταῦτα
3389 1462 3503 1534 πρὸς
3540 1463 3607 1518 τὸν

397 1561 448 1629 et
477 1551 543 1606 ad
579 1553 874 1622 septimum
917 1571 980 1610 ex
1026 1556 1290 1614 aﬂinitate
1335 1561 1562 1628 gradum
1627 1561 1985 1631 removetur),

2123 1555 2472 1626 ιφηγηθὲντα.

398 1642 747 1700 decernimus
793 1656 959 1717 atque
1016 1647 1254 1706 dicimus
1301 1651 1468 1718 hujus
1518 1653 1665 1707 modi
1691 1652 2101 1709 matrimonium
2135 1663 2245 1704 non
2311 1662 2436 1704 esse
2490 1648 2773 1714 vetitum,-
2849 1646 3071 1719 quando
3120 1645 3318 1718 gradus
3377 1663 3437 1701 ex
3480 1649 3608 1708 attint.

402 1742 516 1791 tate
578 1737 867 1807 septimus,
919 1739 1280 1797 indistinctus
1331 1755 1435 1809 est,
1476 1759 1541 1799 ac
1594 1745 1822 1800 omnino
1882 1759 1994 1801 non
2034 1738 2379 1813 prohibetur.
2407 1737 2535 1795 Haec
2562 1737 2632 1792 ad
2664 1753 2831 1808 supra
2860 1743 3368 1793 commemoratum.

979 1829 1438 1903 Subscripliones.
2079 1876 2083 1881 .
2666 1834 2737 1887 Al
2766 1830 3133 1899 ὺπογφαφαῐ.

477 1919 660 1977 Judex
718 1921 857 1989 Veli,
876 1921 1098 1982 Gabriel
1130 1928 1479 1998 Splenarius,
1516 1930 1754 1987 decretis
1804 1945 1994 1986 assen-

2175 1926 2242 1979 σο
2275 1924 2470 1996 κριτὴς
2497 1924 2592 1978 τοῦ
2624 1923 2823 1995 Βήλου,
2860 1920 3106 1992 Γαϐριὴλ
3136 1922 3165 1974 6
3188 1919 3511 1991 Σπὶηνάριος,
3535 1929 3615 1993 tu";

408 2013 553 2069 tiens
579 2015 907 2085 subscripsi.

2123 2015 2422 2086 faqtptcOsigt
2453 2014 2707 2085 στοιχῶν,
2744 2011 3062 2083 ὑπέγραψα.

474 2103 647 2181 {pdex
677 2103 817 2171 Veli,
856 2107 1100 2166 Joannes
1153 2111 1455 2185 Apotyras,
1488 2112 1730 2170 decretis
1792 2128 1990 2172 asseu-

2187 2110 2246 2161 '0
2279 2106 2473 2179 κριτὴς
2502 2105 2597 2160 τοῦ
2624 2107 2821 2175 Βήλου,
2866 2104 3123 2176 Ἰωάννης
3141 2106 3171 2158 ὁ
3224 2109 3511 2175 Δποτυρας,
3536 2111 3617 2172 τοῖς

409 2195 549 2252 tiens
566 2199 894 2269 subscripsi.

2123 2200 2423 2271 ’mrpreict
2455 2199 2705 2270 στοιχῶν,
2732 2195 3053 2268 ὑπέγραψα.

474 2284 651 2342 Judex
686 2288 827 2351 Veli,
880 2289 1120 2359 Nicetas,
1164 2291 1379 2363 primus
1440 2310 1505 2350 ac
1555 2308 1848 2366 supremus
1906 2296 1995 2353 ille

2189 2294 2247 2347 '0
2280 2292 2476 2365 κριτὴς
2514 2291 2610 2347 τοῦ
2656 2292 2829 2364 Βήλου
2855 2333 2869 2356 ,
2904 2290 3154 2359 Νικὴτας
3187 2290 3621 2361 Πρωτονωὼλλισι-

403 2377 790 2438 Nobilissimns
819 2391 866 2451 ⁸,
899 2382 1324 2455 Hispanopolus,
1355 2386 1548 2443 eadem
1590 2387 1837 2444 sentiens
1855 2390 1990 2445 sub-

2123 2385 2520 2455 ιουπὲρτατος,
2569 2386 2598 2439 6
2649 2383 3014 2448 Σπανοπῶλος
3032 2384 3107 2450 ⁵⁷,
3156 2384 3225 2438 τὰ
3266 2383 3398 2437 αὐτὰ
3438 2384 3620 2455 φρονιῖιν,

408 2473 631 2544 scripsi.

2123 2475 2424 2547 ϋπὲγραψα.

2096 1276 2371 1348 φιζόμεθα
2399 1277 2495 1329 καὶ
2545 1277 2780 1348 λέγομεν
2837 1276 2929 1329 τὸν
2956 1274 3197 1329 τοιοῦτον
3230 1276 3394 1345 γάμον
3430 1276 3596 1331 ἁκὼλυι

2095 1389 2186 1424 τον
2209 1387 2223 1401 ·
2258 1371 2334 1434 ὡς
2363 1370 2458 1424 τοῦ
2485 1370 2546 1435 ἐξ
2573 1368 2890 1440 ἀγχιστείας
2923 1369 3156 1439 ἑϐδόμου
3191 1368 3387 1438 βαθμοῦ
3418 1371 3605 1423 adtacti.

2698 2568 2809 2623 Kal
2835 2568 3115 2622 ὄπισθεν.

2196 2662 2469 2732 Ἰωάννης,
2501 2664 2531 2716 6
2551 2661 2748 2735 κριτὴς
2771 2660 2866 2714 τοῦ
2904 2661 3079 2731 Βήλου
3124 2659 3218 2713 καὶ
3247 2658 3337 2712 ἐπὶ
3370 2659 3453 2712 τοῦ
3481 2659 3620 2713 Ἰππο-

2106 2756 2311 2828 δρόμου
2333 2797 2347 2821 ,
2380 2757 2410 2808 6
2440 2755 2769 2818 Δισύπατος,
2802 2752 3033 2824 στοιχῶν
3071 2752 3168 2807 καὶ
3203 2751 3360 2815 αὐτὸς
3388 2751 3487 2814 τοῖς
3513 2753 3623 2817 ἐντὸς

2108 2848 2598 2918 γνωματευθεῖσιν,
2630 2845 2946 2916 ὑπέγραψα.

2725 2956 3090 3011 ΦΙΛΟΘΕΟΥ.

2116 3068 2228 3124 Τοῦ
2270 3066 2600 3138 ἁγιωτάτου
2647 3067 3020 3138 πατριάρχου
3048 3110 3063 3130 .
3119 3070 3329 3137 κυρίου
3375 3069 3624 3133 Φιλοθέου,

2182 3135 2496 3207 ἀνατροπὴ
2522 3135 2642 3192 τῶν
2671 3135 3098 3209 γεγραμμένων
3124 3135 3283 3208 παρὰ
3309 3137 3383 3204 τῷ
3420 3139 3625 3209 Ἆρμενοο

2181 3210 2391 3273 πούλῳ
2413 3208 2936 3279 ἀναθεματισμῶν.

985 2567 1125 2624 Item
1173 2587 1207 2624 a
1255 2579 1424 2641 tergo.

479 2659 745 2726 Joannes,
775 2661 944 2730 judex
978 2662 1099 2718 Veli
1161 2675 1217 2720 et
1264 2665 1408 2719 Circi
1454 2663 1768 2735 praefectus,
1808 2663 1971 2737 Dishy

410 2760 591 2822 ιιιιιιθ,
631 2753 939 2811 assentiens
985 2763 1043 2811 et
1103 2756 1222 2828 ipse
1250 2756 1487 2813 decretis
1521 2758 1674 2814 intus
1707 2759 1996 2829 expositis,

414 2844 749 2915 subscripsi.

1004 2959 1403 3018 PHILOTIlEl.

413 3070 763 3150 Sanclrissimt’
801 3077 1147 3150 patriarchtg,
1182 3078 1391 3132 domini
1437 3077 1724 3150 Philotltei.
1749 3079 2001 3150 refutatio

482 3139 812 3268 :criptarum
884 3148 1029 3218 apud
1086 3147 1542 3218 Harmenopolum
1588 3139 1723 3221 (97')
1766 3139 2004 3207 caesura-

508 3232 712 3268 tonum.

508 3232 712 3272 tonum.
2028 3247 2075 3310 c

2194 3321 2255 3376 '0
2280 3323 2409 3395 περὶ
2436 3323 2504 3379 τὰ
2525 3321 2755 3377 τοιαῦτα
2788 3325 2976 3392 σοφὸς,
3009 3323 3248 3377 σεδαστὶ
3273 3321 3543 3394 νομοφύλαξ
3561 3322 3628 3373 καὶ

2111 3415 2371 3472 καθολικὲ
2405 3418 2571 3489 κριτὰ
2608 3417 3034 3487 Ἂρμενόπουλε,
3070 3417 3197 3481 πῶς
3238 3417 3298 3471 οὗ
3335 3418 3527 3470 κάκεῖνο
3550 3417 3630 3476 τοῖς

2112 3513 2526 3584 γεγραμμένοις
2553 3514 2928 3585 προσέθηκας,
2957 3515 3041 3569 ὅτι
3069 3515 3166 3569 διὰ
3193 3514 3320 3576 τοὺς
3347 3513 3545 3585 χρυσοῦς
3565 3509 3631 3562 καὶ

2114 3604 2302 3673 ἁγίους
2319 3605 2519 3676 νόμους
2539 3603 2634 3659 τοῦ
2667 3606 2907 3676 μεγάλου
2929 3608 3027 3678 τῆς
3062 3604 3392 3675 Ἑκκλησίας
3411 3604 3632 3673 ςωστῆρος

2128 3692 2377 3747 Ἰωάννου
2404 3692 2500 3747 τοῦ
2527 3694 2628 3765 τὴν
2662 3693 2914 3761 γλῶτταν
2938 3694 3173 3766 χρυσοῦ,
3207 3695 3333 3765 περὶ
3360 3693 3446 3745 τοῦ
3476 3694 3535 3762 μὴ
3556 3692 3634 3743 δεῖν

2115 3788 2479 3858 Χριστιανοὺς
2516 3787 3019 3859 άναθεματίζεσθαι
3040 3828 3054 3851 ,
3086 3788 3197 3850 ἓως
3247 3785 3310 3841 ἂν
3337 3783 3542 3855 δηλονότι
3569 3783 3635 3846 τῆς

2117 3881 2289 3953 ὀρθῆς
2320 3880 2555 3952 ἔχωνται
2590 3884 2719 3952 περὶ
2750 3881 2886 3935 Θεοῦ
2917 3881 3096 3949 δόξης,
3143 3878 3488 3949 ῂπράχτησαν
3514 3876 3551 3925 οξ
3574 3873 3636 3923 τά.

2121 3988 2236 4042 μοι,
2264 3973 2313 4024 οἱ
2341 3973 2468 4031 τοὺς
2496 3970 2942 4033 ἀποστατοῦντας
2976 3970 3072 4024 καὶ
3101 3965 3543 4036 ἐπανισταμένους
3560 3964 3639 4023 τοῖς

483 3327 620 3383 Cum
673 3328 886 3398 peritus
914 3329 993 3386 sis
1059 3329 1377 3401 hujusmodi
1420 3348 1627 3399 rerum,
1666 3338 2004 3394 venerabilis

425 3419 805 3492 Nonmphylax
842 3431 896 3477 et
933 3422 1101 3492 judex
1139 3425 1416 3494 generalis
1457 3424 1883 3500 llarmcnopnle,
1909 3446 2010 3484 cur

422 3525 536 3565 non
589 3511 693 3565 hoc
714 3526 936 3582 quoque
985 3514 1207 3583 scriptis
1260 3513 1532 3584 adiecisti,
1565 3517 1711 3584 quod
1756 3516 2012 3572 videlicet

420 3614 653 3672 propter
730 3617 928 3658 aureas
1002 3609 1057 3658 et
1148 3613 1373 3659 sanctas
1425 3604 1573 3675 leges
1624 3605 1774 3663 illius
1830 3606 2013 3677 magni

425 3695 656 3751 luminis
688 3694 951 3752 Ecclesia
989 3696 1242 3763 Joannis,
1294 3698 1363 3753 ab
1419 3710 1586 3753 aurea
1636 3698 1828 3769 lingua
1881 3698 2012 3754 dicti

419 3786 823 3856 Chrysostomi,
861 3788 1067 3856 quibus
1101 3787 1467 3857 prohibentur
1495 3787 1837 3842 anathemati
1882 3787 2014 3842 sub-

417 3879 511 3946 jici
552 3879 877 3945 Christiani,
921 3896 1088 3951 quam
1117 3881 1211 3935 diu
1267 3889 1433 3935 recta:
1492 3879 1559 3935 de
1579 3881 1688 3935 Deo
1726 3880 2016 3937 sententiae

424 3969 723 4034 adhaerent,
794 3986 920 4027 esse
975 3972 1241 4028 desierint
1294 3971 1349 4026 in
1419 3988 1521 4027 usu
1582 3972 1661 4027 illi
1740 3972 1870 4027 tomi
1921 3972 2015 4041 qui

424 4062 794 4118 defectionum
827 4071 1110 4125 auctores.
1163 4072 1218 4118 et
1249 4063 1675 4133 imperatoribus
1704 4062 2013 4133 perduelles

425 4153 765 4209 anathemati
803 4153 1122 4209 devovent?
1181 4154 1298 4209 Hoc
1352 4155 1495 4209 enim
1552 4154 1722 4208 tradit
1767 4153 2020 4209 eruditus

432 4245 527 4301 ille
570 4244 971 4317 NomOphylax,
1031 4253 1086 4301 et
1128 4245 1497 4300 consimilium
1549 4245 1662 4300 tuis
1709 4245 2017 4301 studiorum

430 4338 707 4408 particeps
751 4336 1033 4403 Balsamo,
1085 4344 1197 4391 tam
1250 4338 1306 4392 in
1367 4337 1580 4408 legibus
1630 4352 1796 4408 quam
1844 4351 2013 4392 cano-

2127 4338 2468 4409 μαθέστατος
2502 4336 2600 4391 καὶ
2636 4335 2971 4406 σοφώτατος,
3006 4338 3034 4390 6
3076 4335 3173 4387 xui
3209 4330 3525 4402 πατριάρχης
3558 4323 3645 4377 ’Μ’

430 4428 596 4483 nibus
667 4429 960 4481 maximam
1031 4426 1264 4499 adeptus
1325 4427 1617 4482 scientiam
1676 4436 1845 4496 atque
1923 4426 2013 4482 do-

2123 4430 2365 4502 τιοχείας
2386 4428 2487 4500 τῆς
2515 4429 2760 4500 μεγάλης
2785 4426 3125 4497 ἀναδειχθεὶς
3159 4424 3401 4492 ὕστερον,
3421 4422 3538 4487 ὅπερ
3556 4411 3645 4468 οὐδὲ

428 4519 661 4573 ctrinam
718 4518 812 4586 qui
870 4527 925 4572 et
984 4534 1184 4589 magna
1233 4519 1387 4574 illius
1432 4516 1738 4572 Antiochia:
1784 4519 2013 4587 patriar-

2126 4540 2186 4576 σε
2232 4522 2613 4576 διαλανθάνειν
2661 4523 2877 4592 εἴποιμι
2926 4521 2993 4575 ἂν
3028 4518 3209 4588 ἐγωγὲ
3247 4532 3406 4578 ποτε,
3446 4509 3647 4577 σοῑξόντε

428 4609 533 4663 cha
580 4608 797 4664 tandem
831 4610 1154 4681 designatus
1212 4611 1314 4664 fuit
1345 4628 1358 4662 :
1394 4610 1446 4664 id
1499 4610 1643 4678 quod
1681 4626 1749 4665 ne
1806 4619 1858 4665 te
1896 4611 2013 4682 qui-

2123 4614 2252 4667 δντα
2278 4613 2378 4667 καὶ
2408 4613 2700 4667 σπουδαῖον
2730 4613 2799 4666 τὰ
2828 4612 3078 4679 τοιαῦτα,
3110 4611 3272 4679 εἴπερ
3306 4607 3438 4660 τινά.
3471 4603 3529 4655 Ἦ
3551 4593 3648 4661 γοῦν

431 4700 554 4754 dem
593 4700 848 4772 ignorare
902 4702 1158 4768 dixerim,
1189 4703 1371 4755 virum
1428 4700 1675 4767 doctum,
1723 4710 1780 4758 et
1823 4703 2013 4773 hujus-

2128 4707 2358 4759 κάκεῖνα
2403 4706 2758 4779 προσγράψαι
2809 4722 2869 4758 σε
2908 4708 3021 4767 τοῖς
3053 4703 3297 4775 ῥηθεῖσιν
3329 4696 3531 4755 ἐκείνοις
3554 4686 3648 4758 περὶ

433 4790 579 4846 modi
645 4808 837 4873 rerum
884 4795 937 4849 in
1013 4794 1209 4866 primis
1291 4792 1625 4850 studiosum.
1684 4796 1794 4851 Aut
1856 4797 2013 4868 igitur

2127 4797 2237 4851 τῶν
2266 4798 2450 4868 τόμων
2472 4798 2662 4869 ἐχρῆν,
2694 4798 2727 4867 ἢ
2772 4797 2907 4868 μηδὲ
2932 4797 3109 4850 ταῦτα
3141 4796 3255 4857 τοῖς
3286 4789 3565 4873 καλλίστοις
3580 4794 3647 4873 σου

432 4882 512 4936 et‘
549 4882 637 4938 illa
699 4870 1024 4940 ascribenda
1082 4891 1239 4939 erant
1297 4883 1387 4951 iis,
1455 4883 1580 4954 quis
1612 4885 1764 4943 hisce
1818 4888 1915 4944 abs
1969 4896 2013 4945 te

2130 4888 2223 4941 καὶ
2251 4889 2560 4953 σπουδαίοις
2596 4890 2817 4955 ἐντάξαι
2846 4890 3295 4960 συγγράμμασιν.
3340 4880 3470 4936 Ἀλλ’
3495 4871 3585 4943 ἐγὼ
3604 4870 3649 4924 τδ

432 4974 581 5030 dicta
610 4985 739 5032 sunt
790 4996 804 5032 :
859 4987 953 5032 aut
1007 4976 1124 5031 inec
1182 4975 1575 5046 pulcherrimis
1630 4987 1685 5032 et
1736 4979 2013 5035 accuratis

2129 4980 2377 5036 ἐλλεῖπον
2404 4983 2483 5056 τῷ
2523 4982 2619 5038 τοῦ
2659 4984 2815 5053 φίλου
2843 4984 3242 5054 συγγράμματι
3270 4963 3650 5056 προσαναπληῴ

434 5067 546 5123 illis
599 5069 823 5140 scriptis
871 5070 983 5123 tuis
1063 5083 1408 5140 nequaquam
1470 5069 1774 5125 inferenda.
1814 5069 2013 5126 Verum

2130 5072 2263 5143 ἤδη·
2320 5076 2415 5128 καὶ
2438 5075 2593 5146 οἶμαι
2630 5077 2705 5140 ὡς
2740 5077 2801 5129 οὐ
2843 5075 3121 5147 φορτικὸς,
3154 5072 3270 5126 ἀλλ’
3301 5067 3414 5122 οὐδὲ
3451 5054 3650 5131 περιττδέ

434 5176 534 5231 ego
562 5161 676 5231 jam
705 5163 986 5231 complere
1034 5161 1180 5227 volo,
1214 5161 1359 5231 quod
1385 5162 1546 5215 amici
1580 5162 1789 5232 scripto
1820 5163 2013 5219 deest:

2128 5183 2211 5229 τις
2237 5166 2376 5233 δόξω
2395 5209 2410 5235 ,
2430 5170 2743 5240 τάναγκαῖα
2767 5171 2861 5223 καὶ
2887 5170 3075 5224 δίκαια
3096 5164 3238 5222 κατὰ
3267 5163 3430 5216 πᾶσαν
3459 5152 3650 5219 ἀνάγην

435 5267 638 5323 meque
687 5253 917 5308 minime
970 5268 1293 5316 onerosum,
1349 5269 1451 5310 nec
1498 5253 1836 5324 superﬂuum
1907 5252 2023 5308 fore
2135 5258 2328 5312 ποιῶν.

435 5344 696 5412 arbitror,
722 5344 853 5400 dum
890 5346 1224 5402 ’necessaria
1253 5355 1310 5402 et
1363 5361 1539 5416 aequa,
1598 5347 1678 5403 sic
1709 5347 1823 5417 ipsa
1884 5357 2146 5416 poscente
2179 5352 2528 5423 necessitate,
2563 5355 2830 5428 SUSClplO.

1759 5459 1997 5517 VARUE
2039 5462 2452 5528 LECTIONES.

2123 4062 2437 4135 βασιλεῦσιν
2468 4061 2963 4133 ἀναθεματίζοντες
2997 4079 3012 4129 ;
3050 4061 3225 4114 Τοῦτο
3245 4059 3351 4129 γάρ
3376 4074 3517 4126 φησιν
3538 4056 3558 4107 ὀ
3581 4069 3642 4105 σο·

2121 4156 2222 4226 (pb;
2279 4155 2594 4225 νομοφύλαξ
2647 4157 2743 4209 καὶ
2803 4155 2913 4209 τῶν
2964 4154 3172 4223 ὁμοίων
3233 4170 3313 4207 σοι
3370 4146 3641 4214 σπουδαστῆς

2120 4245 2449 4317 Βαλσαμὼν,
2479 4248 2508 4300 6
2531 4246 2589 4300 ὲν
2628 4245 2816 4316 νόμοις
2841 4262 2901 4298 τε
2930 4246 3027 4298 καὶ
3057 4244 3253 4297 κανόσι
3286 4240 3497 4312 μάλιστα
3522 4232 3643 4287 πολυ-

508 5551 554 5585 ⁸¹
577 5554 606 5606 6
634 5553 997 5620 Σπανοπλὸος,
1032 5554 1197 5610 male.

513 5675 535 5705 ³
574 5667 863 5737 Dignilau‘s
904 5668 1173 5724 Palatina:
1209 5685 1416 5728 nomen.

1992 5787 2228 5846 ΝΟΤΑΞ.

516 5901 655 5976 (27')
678 5898 734 5958 In
773 5904 1004 5975 epitome
1031 5904 1176 5977 juris
1211 5904 1415 5961 civilis.
