3798 6602
165 418 249 483 897
1354 414 1624 477 GBIECO
1661 413 2066 478 ROMANUM.

3256 414 3372 478 899:

228 534 277 587 Ὅ
298 524 459 582 τοίνυν
502 519 829 593 προῤῥηθεὶς
877 525 1227 599 πατριάρχης
1274 528 1610 602 Ἀντιοχείας
1649 532 1677 585 ὁ

1865 528 2152 584 Praedictus
2186 526 2349 601 igitur
2375 524 2753 582 Antiochenus
2782 522 3121 595 patriarcha,
3154 524 3382 595 sapiens

162 623 298 692 σοφὸς
320 613 599 684 Βαλσαμὼν
631 614 757 677 τοὺς
807 616 987 688 ἱεροὺς
1028 618 1400 690 ἐξηγούμενος
1426 623 1684 688 κανόνας,

159 710 262 764 τάδε
288 705 437 776 φησὶν
464 706 519 760 ἑν
546 700 621 772 τῷ
651 703 927 775 προοιμίῳ
957 707 1057 777 τῆς
1091 709 1406 780 ἐξηγήσεως
1434 711 1545 764 τῶν
1577 729 1680 766 κα-

157 803 294 857 νόνων
328 799 419 868 τῆς
449 797 505 847 ἐν
534 794 756 864 Γάγγρᾳ
783 797 1030 851 συνόδουο

224 892 279 944 Ἦ
318 888 410 960 μὲν
447 884 690 955 παροῦσα
733 886 952 952 σύνοδος
992 891 1265 960 προῳάσει
1309 892 1418 947 τῶν
1456 894 1688 963 γενομέ-

154 1001 226 1039 νον
260 979 396 1051 παρὰ
442 976 533 1030 τοῦ
584 977 882 1032 Εὐσταθίου
929 984 1137 1050 κακῶν,
1193 984 1531 1049 ὑπεναντίως
1573 991 1689 1051 τοῖς

152 1071 540 1147 δογματισθεῖσιν
569 1069 744 1142 ὀρθῶς
782 1074 937 1145 ποιρά
980 1076 1084 1146 τῆς
1125 1077 1422 1149 καθολικῆς
1460 1078 1691 1153 Ἐκκλη-

152 1171 266 1233 σίας,
289 1161 764 1234 άναθεματίζεσθαι
799 1167 930 1230 τοὺς
956 1167 1270 1240 ὁμόφρονας
1295 1170 1491 1244 ἐκείνῳ
1516 1172 1688 1244 διορί-

152 1262 301 1326 ζεται.

658 1347 767 1402 Καί
795 1348 949 1418 μετά
974 1366 1130 1405 τινα.

213 1442 263 1497 '0
291 1443 342 1495 δὲ
384 1441 618 1513 χρυσοῦς
654 1444 755 1514 τὴν
791 1443 1039 1512 γλῶτταν
1074 1446 1169 1499 καὶ
1219 1447 1321 1516 τῆς
1360 1449 1691 1521 οἰκουμένης

142 1534 442 1596 διδάσκαλος,
497 1532 1014 1604 παρακελευόμενος
1063 1536 1139 1608 μὴ
1187 1537 1689 1608 ἀναθεματίξεσθαι

142 1626 385 1696 ἄνθρωπον
430 1624 640 1690 πιστὸν,
674 1626 807 1696 φησὶ
857 1626 1030 1681 ταῦτα
1063 1628 1268 1699 ῥητῶς*
1306 1646 1326 1683 ι
1360 1630 1425 1684 Τί
1451 1626 1546 1684 οὖν
1573 1633 1691 1686 ἐστι

146 1738 163 1771 ι
187 1717 340 1781 τοῦτο,
373 1717 400 1771 ὂ
430 1717 633 1786 λέγεις,
659 1718 719 1772 τὸ
751 1719 1036 1792 ἀνάθεμα;
1078 1721 1219 1775 Ἀλλ’
1237 1723 1320 1777 ὅτι
1351 1724 1690 1779 ἀνατιθέτθω

144 1803 322 1872 ιοῦτος
356 1809 430 1879 τῷ
466 1809 720 1883 διαϐόλῳ.
773 1813 867 1866 καί⁸
914 1815 1115 1885 μηκέτι
1177 1817 1454 1885 σωτηρίας
1506 1815 1689 1888 χώραν

1790 619 1881 675 ille
1911 618 2188 686 Balsamo,
2221 618 2350 674 dum
2392 632 2580 674 sacros
2614 616 2840 685 exponit
2879 630 3142 681 canones,
3172 615 3288 670 haec
3324 616 3381 671 in

1789 711 2113 783 prafatione
2134 712 2484 783 expositione
2513 726 2787 766 canonum
2823 708 3016 781 synodi
3042 706 3382 779 Gangrensis

1787 806 1961 860 dicit:

1867 895 2116 952 Praesens
2155 895 2262 951 ista
2310 893 2557 967 synodus
2602 908 2703 964 pro
2753 893 3046 949 occasione
3083 882 3380 946 'illatorum

1789 987 1862 1043 ab
1894 986 2179 1043 Eustathio
2211 987 2480 1043 malorum
2506 1024 2522 1049 ,
2556 987 2771 1042 ratione
2817 984 3051 1056 quadam
3101 984 3379 1040 contraria

1795 1088 1947 1135 recte
1978 1081 2203 1136 statutis
2233 1080 2301 1134 ab
2323 1080 2572 1138 Ecclesia
2609 1078 2899 1142 catholica,
2929 1093 3052 1132 cum
3090 1075 3383 1131 Eustathio

1790 1174 2097 1230 sentientes
2128 1172 2478 1228 anathemate
2504 1171 2789 1228 feriendos
2808 1169 3078 1227 decernit.

2362 1352 2429 1407 Et
2459 1352 2619 1422 paulo
2646 1361 2795 1421 post:

1866 1444 1934 1498 At
1968 1460 2136 1500 aurea
2165 1444 2534 1515 praiditusille
2556 1445 2763 1513 lingua,
2807 1443 3065 1514 orbisque
3104 1448 3377 1498 terrarum

1789 1536 2024 1603 doctor,
2065 1538 2195 1592 dum
2243 1537 2597 1591 anathemate
2640 1537 2849 1607 percuti
2903 1544 3051 1590 vetat
3099 1535 3375 1590 hominem

1790 1628 2025 1691 fidelem,
2050 1631 2231 1685 verbis
2267 1631 2490 1685 disertis
2525 1630 2640 1684 haec
2684 1629 2760 1683 ait
2793 1647 2807 1682 :
2846 1648 2862 1680 ι
2890 1628 3031 1694 Quid
3096 1628 3264 1698 igitur
3292 1638 3379 1683 est

1796 1739 1814 1773 ι
1854 1722 2006 1787 illud,
2049 1721 2193 1793 quod
2257 1722 2400 1778 dicis
2436 1722 2727 1778 anathema
2761 1721 2785 1776 ?
2829 1719 3098 1774 Nimirum
3129 1728 3186 1773 ut
3213 1720 3380 1775 devo-

1796 1834 1816 1868 ι
1855 1826 2047 1868 veatur
2074 1814 2184 1870 iste
2212 1814 2451 1879 diabolo,
2478 1829 2580 1867 nec
2616 1812 2811 1868 salutis
2844 1813 3075 1882 amplius
3110 1814 3180 1867 sit
3211 1814 3381 1881 parti-

143 1897 353 1967 ιὲχὲτω.
400 1898 651 1952 Γενέσθω
682 1899 964 1969 ἀλλότριος
1009 1902 1105 1956 τοῦ
1155 1904 1410 1975 Χριστοῦ.
1450 1907 1563 1959 Καὶ
1608 1905 1686 1970 τίς

1865 1921 2009 1976 seps.
2045 1904 2162 1961 Fiat
2187 1905 2400 1961 alienus
2432 1921 2461 1960 a
2496 1903 2989 1974 Christodenique.
3026 1903 3379 1974 thuisnam,

141 2006 156 2040 ι
184 1984 228 2041 τί
254 1988 341 2055 ad;
375 1990 548 2044 ταῦτα
575 1991 679 2060 τῆς
710 1991 962 2059 ἐξουσίας
992 1996 1087 2049 καὶ
1119 1997 1217 2066 τῆς
1252 1997 1496 2069 μεγάλης
1525 2000 1689 2053 δυνά·

141 2100 331 2152 «μεως.
386 2085 519 2137 Τότε
575 2084 688 2155 γὰρ
721 2086 939 2141 καθίσει
988 2091 1015 2141 ὁ
1049 2089 1326 2159 βασιλεὺς,
1367 2092 1462 2146 καὶ
1504 2096 1692 2164 στήσει

136 2192 153 2224 ι
180 2176 237 2226 τὶ
258 2175 351 2244 μὲν
379 2175 634 2246 πρόϐατα
661 2179 726 2230 ὲκ
755 2178 972 2245 δεξιῶν,
1003 2180 1073 2235 τὰ
1097 2182 1153 2234 δὲ
1179 2182 1367 2254 ἐρίφια
1398 2183 1459 2248 ἐξ
1486 2185 1690 2238 εὐωνύ-

134 2282 150 2318 ι
181 2284 300 2335 μων.
332 2268 394 2319 Τί
425 2264 519 2321 οὖν
550 2269 658 2340 τῆς
680 2271 948 2338 τοσαύτης
1009 2273 1278 2328 ὲπελάὅου
1320 2274 1509 2344 ἀξίαςς
1553 2294 1571 2328 ι
1597 2276 1693 2330 xat

127 2356 223 2425 μετ’
245 2356 389 2425 ὀλίγα
416 2361 587 2429 φησιν
618 2363 645 2413 ὁ
671 2363 833 2425 ads-’1;
863 2364 1250 2436 Χρυσόςτομος
1277 2381 1292 2397 ⁸
1323 2386 1345 2420 ι
1385 2366 1692 2438 Τοιγαροῦν

132 2468 145 2499 ι
179 2447 545 2516 όἊπόστολος
577 2455 647 2506 ἑν
678 2454 801 2508 δυσὶ
831 2456 1013 2526 μόνοις
1050 2458 1235 2521 τόποις
1263 2458 1567 2532 ἐξανάγκης
1595 2460 1692 2531 τὴν

128 2542 337 2612 «φωνὴν
378 2545 590 2616 ταύτην
650 2548 903 2616 φαίνεται
951 2547 1143 2606 είπὼν.
1182 2551 1295 2622 Οὐχ
1325 2551 1589 2623 ὁριστικῷ
1634 2553 1691 2606 δὲ

128 2648 144 2684 t
174 2634 341 2704 τρόπῳ
359 2636 568 2707 ταύτην
596 2640 951 2709 προήγαγεν,
983 2642 1042 2694 ὲν
1089 2642 1188 2712 μὲν
1221 2647 1286 2717 τῇ
1321 2645 1458 2714 πρὸς
1489 2646 1689 2716 Κοριν-

124 2743 141 2775 ι
174 2724 303 2789 θίους
355 2727 551 2780 είπὼνσ
591 2729 669 2782 I3!
693 2747 779 2793 τις
833 2732 892 2785 οὐ
944 2733 1089 2800 φιλεῖ
1139 2735 1228 2787 τὸν
1292 2734 1496 2805 Κύριον
1532 2736 1689 2806 ἡμῶν

127 2836 142 2868 ι
181 2813 371 2887 Ἰησοῦν
398 2820 675 2890 Χριστὸν,
723 2822 839 2893 ﬁrm
871 2823 1144 2893 ἀνάθεμα·
1176 2824 1290 2890 καὶ,
1323 2826 1377 2879 εί
1422 2843 1506 2889 τις
1544 2826 1690 2896 ὑμᾶς

123 2925 139 2958 ι
168 2906 565 2976 εὐαγγελίζεται
604 2912 742 2984 παρ’
768 2912 798 2964 ὃ
831 2914 1194 2984 παρελάϐετε,
1228 2915 1479 2986 ἀνάθεμα
1526 2916 1686 2972 ἔστω.

124 3016 138 3050 ι
166 2999 221 3052 Τί
253 3000 340 3054 οὖν
363 3019 377 3068 ;
403 3002 440 3056 ἃ
464 3005 677 3075 μηδεὶς
703 3005 815 3058 τῶν
844 3005 1149 3076 εἰληφότων
1180 3007 1432 3072 ἐξουσίαν
1461 3009 1690 3080 πεποίη-

120 3108 136 3141 ι
167 3109 269 3158 κεν,
295 3093 341 3146 εἰ
367 3094 443 3166 μὴ
472 3096 654 3165 μόνος
677 3096 736 3160 ὃς
757 3096 939 3163 ἔλασε,
974 3100 1040 3152 σὺ
1065 3098 1272 3172 τολμᾷς
1294 3100 1464 3153 ταῦτα
1492 3103 1686 3164 ποιεῖν,

120 3201 135 3234 ι
169 3186 409 3250 ἐναντίως
439 3188 523 3258 τῷ
551 3188 875 3260 δεσποτικῷ
916 3192 1373 3264 παραγγέλματι,
1421 3194 1517 3248 καὶ
1556 3212 1689 3266 προ-

115 3268 441 3348 ι“λαμ6άνεις
470 3280 579 3352 τὴν
627 3283 811 3353 κρίσιν
840 3284 936 3337 τοῦ
973 3285 1278 3356 βασιλέωςς
1327 3286 1400 3341 Τὸ
1438 3286 1688 3357 ἀνάθεμα
1718 3266 1760 3323 C

117 3383 132 3415 ι
166 3366 309 3424 τοῦτο
338 3370 436 3424 τοῦ
467 3372 730 3443 Χριστοῦ
780 3375 1109 3431 ἀποκόπτει.
1169 3375 1394 3442 Δίδαξον
1426 3378 1487 3431 ἐν
1515 3378 1689 3450 πραό-

114 3476 127 3508 ι
155 3475 282 3529 τητι.
317 3478 338 3513 ι
376 3463 491 3517 Καὶ
520 3462 593 3517 τὰ
636 3463 783 3535 ἑξῆς.

160 3640 259 3695 Καὶ
282 3645 465 3699 ταῦτα
499 3643 622 3716 μὲν
661 3646 730 3701 τά
765 3646 864 3703 τοῦ
911 3649 1305 3722 Χρυσοστόμου
1340 3651 1578 3725 Πατρός.
1631 3653 1691 3707 Ὀ

104 3728 151 3783 δὲ
176 3732 478 3808 Βαλσαμὼν
507 3739 804 3811 ἐπιφέρει·
832 3742 933 3794 Διά
964 3742 1146 3807 τοῦτο,
1180 3743 1256 3807 ὡς
1280 3743 1479 3811 ἔοικεν,
1512 3747 1691 3817 ἀπρα-

102 3827 203 3880 κτεῖ
234 3831 326 3884 καὶ
356 3828 389 3881 ό
423 3832 691 3902 γεγονὼς
738 3832 1017 3898 συνοδικδς
1046 3835 1215 3908 τόμος
1249 3837 1342 3891 ἐπὶ
1383 3838 1487 3909 τῆς
1532 3839 1689 3911 βασι-

98 3916 228 3983 λείας
264 3922 365 3977 τοῦ
425 3927 972 3998 πορφυρογεννήτου
1022 3929 1192 3999 κυροῦ
1253 3931 1691 4001 Κωνσταντίνου,

97 4010 284 4067 καὶτοῦ
313 4017 687 4090 πατριάρχου
716 4018 887 4088 κυροῦ
935 4019 1199 4088 ’Δλεξίου,
1234 4022 1397 4094 χάριν
1422 4023 1517 4078 τοῦ
1553 4025 1690 4079 ἀνα-

96 4103 472 4175 θεματίζεσθαι
496 4114 648 4176 τοὺς
677 4112 1013 4182 ἀποστάτας,
1040 4116 1133 4170 καὶ
1166 4118 1553 4191 μουλταρίους,
1594 4120 1692 4176 καὶ

93 4198 215 4254 κατὰ
237 4201 348 4255 τῶν
376 4202 679 4272 βασιλέων
706 4205 850 4260 ὅπλα
890 4207 1226 4277 ἀγείροντας,
1277 4212 1373 4264 καί⁵
1401 4213 1693 4282 τυραννίδα

95 4291 444 4359 μελετῶντας.
478 4298 548 4350 Εἰ
577 4296 646 4350 δὲ
677 4297 746 4351 τά
772 4299 925 4371 παρά
954 4298 1049 4353 τοῦ
1084 4301 1320 4372 μεγάλου
1354 4303 1569 4375 Πατρός
1599 4306 1694 4359 καὶ

89 4382 401 4441 δῶασκάλου
430 4388 615 4460 ἡμῶν
639 4389 735 4443 τοῦ
775 4391 1168 4462 Χρυσοστόμου
1197 4395 1479 4465 γραφέντα
1517 4397 1692 4467 ὑπερ-

87 4481 249 4544 τερεῖν
272 4480 577 4549 ὀφείλουσι
609 4481 711 4535 καὶ
736 4483 848 4535 τῶν
896 4483 1276 4554 διορισθέντων
1304 4486 1454 4557 παρά
1500 4487 1597 4557 τῆς
1632 4490 1692 4542 ἐν

1800 2015 1818 2045 ι
1858 2009 2066 2066 quaeso,
2094 2005 2150 2050 tu
2178 1996 2278 2051 es?
2308 1994 2613 2064 Maiestatis
2640 1998 2755 2051 haec
2778 1995 2899 2050 scil.
2935 2009 3252 2065 magnaeque
3279 2009 3378 2065 po-

1798 2108 1816 2141 ι
1859 2089 2072 2145 testatis
2120 2095 2270 2143 sunt.
2328 2087 2543 2159 Quippe
2591 2099 2725 2143 tunc
2790 2087 3103 2143 considebit
3157 2102 3271 2151 rex,
3325 2093 3380 2139 et

1797 2200 1816 2233 ι
1860 2189 2063 2236 statuet
2115 2194 2247 2236 oves
2298 2195 2330 2235 a
2385 2179 2616 2244 dextris,
2661 2179 2846 2235 hmdos
2888 2194 2916 2232 a
2958 2178 3219 2234 sinistris.
3267 2178 3383 2233 Cnr

1800 2293 1817 2325 ι
1857 2281 2062 2328 tantam
2100 2273 2216 2343 ipse
2249 2273 2347 2327 tibi
2385 2273 2705 2341 dignitatem
2739 2273 3064 2340 usurpas?»
3100 2270 3163 2323 Et
3188 2272 3380 2340 paucis

1794 2367 2116 2437 interjectis,
2142 2366 2284 2421 idem
2316 2366 2405 2420 ille
2434 2365 3058 2437 Chrysostomusinquit
3086 2382 3099 2416 :
3139 2382 3157 2414 ι
3193 2362 3380 2418 Enim-

1797 2477 1819 2513 ι
1858 2474 1987 2515 τοιιο
2034 2459 2251 2514 duobus
2301 2459 2567 2513 duntaxat
2617 2458 2671 2512 in
2732 2458 2870 2512 locis
2894 2455 3192 2525 Apostolus
3240 2454 3384 2507 hanc

1800 2570 1819 2603 ι
1858 2566 2049 2608 vocem
2078 2551 2396 2607 necessario
2422 2550 2642 2603 videtur
2672 2550 3033 2618 expressisse,
3062 2561 3163 2601 nec
3199 2554 3380 2600 tamen

1798 2658 1817 2691 ι
1859 2640 2022 2694 modo
2044 2639 2279 2710 quodam
2299 2638 2583 2695 delinitivo
2612 2655 2730 2693 eam
2762 2639 3087 2709 produxisse
3116 2649 3132 2689 :
3158 2637 3287 2690 dum
3324 2635 3382 2689 in

1799 2750 1818 2784 ι
1858 2732 2089 2803 epistola
2120 2732 2186 2787 ad
2218 2730 2538 2786 Corinthios
2566 2732 2643 2783 ait
2672 2748 2685 2783 :
2718 2727 2773 2783 Si
2808 2730 2931 2799 quis
2960 2743 3068 2782 non
3101 2737 3247 2781 amat
3275 2725 3386 2780 Do-

1798 2842 1817 2874 ι
1859 2824 2064 2876 minum
2082 2830 2332 2876 nostrum
2364 2819 2551 2877 Jesum
2587 2818 2895 2882 Christum,
2938 2817 3227 2873 anathema
3271 2817 3379 2869 sit:

1797 2932 1817 2965 ι
1861 2923 1937 2981 et,
1956 2913 2150 2984 Siquis
2167 2914 2509 2984 evangelium
2537 2912 2692 2967 vobis
2710 2913 2885 2965 tradat
2914 2918 3108 2980 praeter
3138 2908 3214 2974 id,
3234 2906 3381 2977 quod

1798 3024 1817 3057 ι
1856 3006 2173 3076 accepistis,
2197 3009 2487 3081 anathema
2518 3006 2611 3061 sit.
2645 3004 2788 3072 Quid
2818 3004 2989 3076 ergo?
3016 3020 3138 3074 qum
3162 3002 3382 3055 illorum

1798 3117 1816 3149 ι
1858 3112 2019 3152 uenio
2048 3097 2199 3163 fecit,
2223 3100 2317 3169 qui
2349 3107 2677 3170 potestatem
2704 3106 2835 3152 sunt
2857 3096 3061 3165 adepti,
3101 3094 3209 3148 nisi
3240 3093 3383 3147 dun-

1799 3208 1819 3241 ι
1859 3198 2007 3244 taxat
2056 3191 2126 3255 is,
2185 3193 2279 3263 qui
2321 3208 2441 3247 cam
2496 3193 2730 3262 accepit,
2772 3191 2860 3244 illa
2895 3201 2950 3244 tu
2983 3189 3153 3244 audes
3204 3188 3385 3243 facere

1800 3300 1819 3332 ι
1858 3292 2049 3338 centra
2075 3283 2393 3337 mandatum
2413 3281 2650 3345 Domini,
2671 3291 2724 3337 ct
2746 3282 2921 3352 ipsius
2939 3284 3085 3353 regis
3106 3278 3379 3349 judicium

1802 3394 1820 3426 ι
1860 3374 2182 3445 anticipas?
2223 3374 2492 3430 Nimirum
2555 3374 2662 3430 hoc
2715 3374 3005 3430 anathema
3052 3366 3385 3427 hominema

1800 3485 1820 3517 ι
1862 3466 2082 3521 Christo
2102 3465 2398 3522 abscindit.
2444 3466 2646 3524 Doceto
2691 3465 2750 3520 in
2778 3464 3226 3521 mansuetudine.
3264 3481 3282 3516 ι
3319 3461 3384 3515 Et

1793 3572 1914 3627 quae
1953 3566 2283 3628 sequuntur.
2321 3577 2341 3611 ι

1863 3649 2043 3720 Atque
2070 3653 2183 3707 haec
2201 3651 2422 3723 quidem
2445 3651 2609 3706 verba
2629 3661 2759 3706 sunt
2779 3649 2961 3706 Patris
2982 3648 3384 3721 Chrysostomi.

1795 3744 2032 3816 Subjicit
2078 3753 2261 3801 autem
2296 3745 2552 3801 Balsamo
2585 3762 2600 3800 :
2630 3745 2949 3817 Propterea,
2976 3759 3078 3799 ceu
3110 3742 3257 3798 credi
3290 3758 3388 3811 par

1792 3848 1898 3905 est,
1926 3838 2090 3896 desiit
2119 3855 2243 3895 esse
2272 3840 2328 3893 in
2353 3854 2455 3895 usu
2503 3847 2688 3894 tomus
2724 3839 2815 3894 ille
2857 3837 3157 3910 synodalis,
3209 3834 3394 3890 factus

1794 3931 1898 3987 sub
1928 3931 2160 4002 imperio
2198 3931 2410 3987 domini
2446 3929 2795 3986 Constantini
2831 3932 2886 3985 in
2934 3930 3215 4001 Porphyra
3245 3928 3389 3990 nali,

1796 4039 1922 4079 cum
1957 4033 2103 4081 esset
2127 4024 2440 4097 patriarcha
2462 4024 2725 4080 dominus
2755 4024 3005 4087 Alexius,
3031 4024 3098 4077 de
3124 4020 3387 4076 teriendis

1797 4117 2146 4172 anathemate
2178 4115 2551 4172 defeetionum
2586 4128 2651 4169 ac
2690 4115 3026 4168 tumultuum
3064 4110 3395 4165 auctoribus

1795 4217 1849 4266 et
1883 4211 2151 4266 adversus
2198 4210 2558 4279 imperatores
2588 4222 2740 4263 arma
2778 4204 3181 4263 suscitantibus
3208 4218 3271 4258 ac
3304 4212 3391 4270 ty-

1796 4302 2081 4358 rannidem
2108 4302 2481 4358 molientibus.
2501 4305 2582 4356 An
2608 4315 2737 4355 vero
2758 4300 2969 4370 potiora
2991 4298 3222 4353 debeant
3240 4311 3391 4358 esse,

1795 4411 1917 4466 qua:
1948 4395 2016 4449 ab
2060 4397 2165 4451 hoc
2198 4410 2398 4466 magno
2438 4394 2600 4449 Patre
2630 4394 2965 4461 doetoreque
3000 4397 3190 4445 nostro
3210 4387 3393 4457 Chry-

1796 4499 2043 4545 sostomo
2067 4489 2267 4558 scripta
2299 4497 2449 4552 sunt,
2484 4495 2593 4541 tam
2620 4483 2856 4541 decretis
2881 4499 2909 4535 a
2930 4476 3389 4537 Chalcedonensi,

86 4567 381 4644 Χαλκηδόνι
436 4575 709 4639 συνόδου,
773 4575 869 4629 καὶ
918 4576 1022 4647 τῆς
1056 4578 1116 4632 ὲν
1198 4578 1449 4651 Γάγγρᾳ,
1505 4581 1686 4653 ἐροῦσι

1873 4595 1959 4633 am
1997 4578 2306 4650 Gangrensi
2350 4579 2590 4633 concilio
2627 4592 2643 4631 :
2690 4574 2985 4631 dicendum
3027 4573 3136 4628 illis
3160 4569 3395 4656 omnino

85 4664 287 4731 πάντως
316 4669 372 4722 οἱ
395 4668 475 4722 τὰ
497 4667 746 4722 τοιαῦτα
767 4668 1065 4723 διευθετεῖν
1096 4670 1349 4738 ἐξουσίαν
1380 4673 1597 4744 ἔχοντες

137 4847 243 4900 Καὶ
271 4848 463 4902 ταῦτα
504 4848 621 4919 μὲν
649 4848 677 4900 ό
716 4848 1065 4919 πατριάρχης
1086 4850 1412 4921 Βαλσαμὼν.
1443 4852 1693 4908 Δείκνυσι

75 4935 195 5005 γοῦν
221 4940 290 4993 ὲκ
338 4940 461 4994 τῶν
495 4939 846 5011 εἰρημένων,
881 4942 1312 5012 προηγουμένως
1346 4943 1446 5013 μὲν
1476 4944 1533 5011 ἐξ
1552 4944 1697 4999 εκεί-

70 5046 177 5096 νου,
215 5034 437 5103 μᾶλλον
471 5033 540 5087 δὲ
587 5033 689 5086 καὶ
718 5031 827 5105 πρὸ
863 5033 974 5086 τῶν
998 5033 1193 5089 ἑαυτοῦ
1223 5035 1472 5108 ἡμερῶν,
1515 5036 1694 5107 ἄπρα-

70 5139 189 5179 κτον
214 5127 311 5181 τὸν
342 5125 768 5199 προρρηθέντα
801 5126 894 5178 ἐπὶ
921 5126 1014 5179 τοῦ
1057 5130 1571 5199 πορφυρογεννήτου
1601 5130 1695 5185 καὶ

76 5219 150 5271 τοῦ
181 5224 566 5295 πατριάρχου
604 5220 779 5291 κυροῦ
839 5219 1076 5285 ’Δλεξίου
1105 5224 1293 5293 τόμον.
1340 5222 1696 5293 Ἧπρὰκτησε

70 5310 187 5382 γάρ,
223 5316 429 5384 φησίν.
499 5313 766 5368 Ἐκείνου
801 5312 859 5366 δὲ
899 5313 1156 5384 καθάπερ
1182 5313 1327 5378 τινὸς
1374 5314 1696 5387 ἐρείσματος

61 5399 392 5473 ἢθεμελίου
424 5402 927 5469 ὑποσπασθέντος,
974 5403 1069 5456 καὶ
1106 5404 1156 5456 οἱ
1200 5406 1319 5473 μετ’
1358 5406 1568 5459 ἐκεῖνον
1603 5421 1697 5474 γε.

61 5496 276 5561 γονότες
320 5498 454 5560 δύο,
491 5498 527 5552 ὅ
563 5513 630 5549 τε
673 5498 767 5549 ἐπὶ
814 5496 910 5550 τοῦ
960 5497 1253 5567 Κομνηνυῦ
1307 5498 1474 5569 φημὶ,
1526 5500 1695 5571 κυροῦ

56 5588 344 5660 Μανουὴλ,
387 5591 506 5644 καὶ
554 5591 592 5641 ὁ
640 5590 731 5642 ἐπὶ
775 5590 871 5643 τοῦ
918 5591 1303 5659 Παλαιολόγου,
1355 5594 1698 5661 συγκαταπί-

58 5696 287 5737 πτουσιν
342 5684 716 5754 ἐξανάγκης.
764 5686 998 5737 Ἔπειτα
1035 5685 1132 5738 σὺν
1178 5686 1355 5756 τούτῳ
1399 5686 1694 5754 δείκνυσιν,

52 5774 131 5829 ὅτι
176 5776 311 5830 οὐδὲ
368 5778 429 5831 οἱ
511 5775 969 5848 ἀναθεματισμοὶ
1018 5778 1129 5831 τῶν
1184 5781 1421 5833 συνόδων
1473 5782 1698 5835 ἐκείνων

55 5866 241 5941 ἔχουσι
295 5871 366 5925 τὸ
398 5867 698 5938 ἀσφαλὲς,
736 5871 782 5925 εί
830 5871 927 5924 καὶ
964 5870 1058 5924 ἐπὶ
1097 5872 1354 5942 μεγάλοις
1390 5875 1484 5926 καὶ
1532 5875 1698 5941 ἀναγ-

1796 4672 2187 4743 relinquimus,
2221 4672 2316 4743 qui
2350 4671 2481 4726 talia
2512 4678 2662 4727 recte
2698 4666 3027 4740 disponendi
3059 4672 3391 4737 potestatem

1796 4764 2014 4821 habent.

1867 4856 1931 4911 Ει
1953 4855 2068 4911 haec
2099 4855 2318 4927 quidem
2335 4852 2663 4925 patriarchae
2682 4850 3026 4907 Balsamonis
3049 4849 3211 4904 verba
3235 4854 3390 4902 sunt.

1796 4947 2050 5005 Ostendit
2090 4960 2275 5005 autem
2308 4964 2407 5020 per
2445 4963 2533 5015 ea,
2555 4963 2677 5018 quae
2709 4947 2866 5012 dicit,
2902 4947 3138 5016 primum
3164 4942 3391 5014 quidem

1797 5044 1866 5097 ab
1897 5042 1990 5097 illo
2022 5054 2288 5112 tempore,
2316 5040 2397 5097 vel
2428 5041 2611 5113 petitis
2636 5041 2800 5096 etiam
2830 5048 2959 5095 ante
2987 5053 3143 5096 suam
3169 5045 3393 5093 aetatem

1797 5148 1923 5190 esse
1962 5134 2015 5188 in
2059 5148 2161 5189 usu
2195 5133 2433 5189 desiisse
2464 5133 2787 5203 praedictum
2819 5132 2973 5187 illum
3002 5142 3236 5194 tomum,
3282 5128 3395 5184 sub

1798 5225 2324 5298 Porphyrogenneta
2352 5234 2405 5281 et
2426 5226 2619 5282 Alexio
2644 5225 2958 5297 patriarcha
2985 5223 3209 5279 factum.
3246 5222 3391 5277 Dicit

1799 5318 1945 5371 enim
1980 5334 1994 5371 :
2040 5315 2211 5372 Desiit
2251 5331 2376 5372 esse
2407 5317 2461 5371 in
2489 5333 2614 5374 usu.
2650 5318 2731 5372 Eo
2764 5330 2896 5372 vero
2935 5332 3035 5371 ceu
3078 5315 3253 5369 fulcro
3300 5312 3392 5367 vel

1800 5410 2162 5466 fundamento
2201 5409 2438 5481 quodam
2471 5411 2727 5475 subruta,
2773 5410 2937 5464 etiam
2985 5408 3076 5462 alii
3112 5406 3220 5460 duo
3255 5403 3391 5459 tonui

1799 5513 1989 5571 postea
2044 5500 2192 5565 facti,
2246 5511 2357 5555 tum
2396 5502 2605 5557 domini
2635 5501 2904 5557 Mauuelis
2927 5497 3215 5562 Comneni,
3269 5507 3390 5553 tum

1799 5591 2089 5662 Palmologi
2145 5603 2411 5663 tempore,
2474 5597 2791 5650 neceSSario
2816 5610 2937 5648 cum
2984 5593 3063 5648 eis
3094 5601 3383 5646 corruunt.

1802 5683 2008 5740 Deinde
2042 5700 2236 5755 printer
2268 5686 2394 5748 hoc,
2428 5689 2590 5743 etiam
2624 5688 2752 5742 illud
2796 5689 2975 5741 innuit
3003 5702 3018 5753 ;
3058 5685 3203 5755 quod
3234 5685 3385 5737 vide-

1802 5779 1930 5834 licet
1959 5795 2025 5833 ne
2059 5780 2277 5835 illarum
2311 5781 2530 5851 quidem
2562 5781 2899 5852 synodorum
2940 5770 3378 5835 anathematismi

1802 5872 2017 5927 valeant
2045 5913 2061 5939 ,
2107 5873 2232 5929 licet
2259 5873 2472 5944 magnis
2505 5883 2562 5931 et
2591 5874 2920 5931 necessariis
2958 5870 3285 5945 quibusdam
3329 5870 3397 5947 int
