3950 6564
458 360 568 428 899

1759 356 1897 419 JUS
1934 348 2383 415 CANON-ICUM

3614 338 3703 406 900

459 471 695 544 negotiis
723 464 1056 542 promulgati
1089 464 1222 535 sint,
1268 464 1540 538 siquidem
1573 464 1859 521 communi
1904 464 2050 518 Patri

2171 461 2334 523 ιαίοις
2384 455 2530 511 τισὶν
2578 452 2828 524 ἐγένοντο
2883 450 3225 524 πράγμασιν,
3259 450 3421 521 εἴπερ
3466 445 3540 520 τῷ
3567 468 3706 525 κοινῳ

460 563 851 635 Chrysostomo
875 598 891 626 ,
921 568 979 616 et
1003 558 1128 614 aliis
1157 556 1364 615 sanctis
1387 555 1706 613 doctoribus
1737 556 2047 626 obsequen-

460 653 589 709 dum
618 655 712 718 sit,
754 653 849 725 qui
890 638 1081 708 eadem
1128 666 1254 706 cum
1291 649 1384 704 illo
1436 649 1683 704 sentiunt
1722 663 1786 703 ac
1830 648 2048 712 docent,

464 746 825 816 maximaeque
844 743 1049 799 Christi
1079 726 1382 798 clementia:
1400 745 1583 811 potius
1608 741 2049 811 patrocinantur.

468 836 572 891 Sed
605 838 751 893 enim
780 837 848 891 de
881 836 964 891 his
1004 834 1226 905 quidam
1266 833 1401 896 haec,
1439 833 1532 887 alii
1567 830 1799 887 fortasse
1834 833 2050 886 diversa

466 928 729 999 prolaturi
760 926 1181 989 suut,conciliis
1207 925 1313 1003 illis
1339 934 1511 980 semet
1541 923 2053 995 adjungentes.Ego

468 1037 597 1075 vero
630 1035 692 1075 ea
736 1019 906 1072 missa
935 1016 1143 1070 faciens
1192 1017 1324 1085 (non
1356 1016 1501 1070 enim
1535 1015 1589 1070 in
1616 1014 1867 1084 praesetia
1891 1013 2053 1068 alter-

466 1112 580 1167 cari
633 1107 801 1180 volo),
838 1110 1030 1164 saltem
1072 1109 1175 1163 hoc
1214 1108 1327 1168 aio.
1372 1108 1517 1164 clare
1551 1122 1615 1161 ac
1650 1106 1817 1161 dubio
1864 1104 2053 1176 procul

469 1202 736 1257 hactenus
774 1215 899 1256 esse
933 1200 1371 1255 demonstratum
1403 1239 1417 1263 ,
1451 1209 1505 1253 et
1539 1201 1762 1269 copiose
1806 1198 2053 1268 quidem,

466 1293 612 1363 quod
643 1294 857 1363 primus
898 1291 988 1346 ille
1023 1302 1226 1355 tomus,
1265 1298 1525 1359 tanquam
1556 1306 1663 1345 non
1700 1289 2054 1344 consentiens

466 1401 590 1440 cum
614 1384 873 1440 Ecclesiae
897 1398 1087 1452 scopo,
1115 1383 1461 1451 maximeque
1486 1397 1611 1436 cum
1648 1382 1742 1436 illo
1775 1382 2051 1436 communi

466 1480 691 1533 doctore
730 1478 1144 1548 Chrysostomo,
1194 1475 1439 1545 inquam,
1478 1484 1535 1529 et
1575 1476 1871 1529 cessaverit
1909 1481 1963 1525 et
1998 1475 2052 1526 in

472 1582 574 1621 usu
620 1566 869 1630 desierit,
912 1564 1213 1620 secundum
1253 1562 1556 1632 sapientem
1587 1563 1738 1617 illum
1776 1562 2056 1618 Balsama-

468 1673 591 1713 nem
622 1675 637 1712 :
676 1658 820 1728 quod
850 1655 1011 1711 nobis
1031 1655 1195 1708 etiam
1226 1653 1566 1723 propositum
1598 1662 1715 1709 erat
1746 1654 2051 1709 ostendere.

469 1746 615 1800 Illius
639 1757 823 1800 autem
852 1760 952 1801 usu
978 1745 1316 1814 exspirante,
1343 1744 1525 1799 caeteri
1552 1759 1770 1815 quoque
1793 1743 2053 1814 deinceps

473 1842 599 1898 facti
629 1841 943 1897 necessario
976 1841 1146 1895 robur
1189 1855 1346 1895 suum
1386 1840 1664 1894 consimili
1701 1839 1865 1894 modo
1899 1838 2059 1894 emit-

471 1940 590 1989 tent
621 1940 678 1989 et
709 1931 1094 2002 exspirabunt,
1133 1931 1208 1985 uti
1238 1929 1353 2001 jam
1388 1939 1547 1985 antea
1585 1930 1844 1985 diximus.

713 2127 1169 2187 INCERTORUM
1198 2129 1819 2188 PATRIAHCHARUM.

475 2243 517 2301 l.
580 2244 827 2314 Epistola
867 2245 1573 2318 scriptanonstantinopoli
1622 2247 1692 2300 ad
1741 2245 2065 2318 Martyrium

544 2319 844 2385 episcopum
887 2316 1269 2371 Antiochenam
1332 2318 1630 2385 explicans,
1654 2333 1756 2384 quo
1778 2316 1931 2386 pacto
1958 2319 2065 2370 sint

547 2388 830 2454 recipiendi
861 2387 1098 2441 haeretiii
1120 2387 1189 2440 ad
1213 2397 1459 2441 sauciam
1485 2385 1839 2442 uniuersalem
1883 2385 2066 2441 Eccle-

544 2458 684 2510 siam
703 2458 1032 2512 accedentes.
1416 2486 1423 2489 -

546 2568 862 2625 Collocutus
911 2577 997 2625 est
1048 2571 1297 2641 quadam
1360 2586 1576 2627 mecum
1620 2570 2069 2642 religiosissimus

479 2658 764 2731 presbyter
782 2660 1054 2717 Antonius
1073 2663 1139 2717 de
1154 2662 1241 2725 iis,
1255 2664 1346 2733 qui
1369 2663 1440 2718 ab
1460 2663 1734 2718 haereticis
1754 2663 2073 2717 desciscen-

484 2761 570 2805 tes
608 2768 666 2805 se
691 2764 842 2805 recte
866 2754 1197 2806 sentientum
1221 2753 1411 2821 coetui,
1443 2768 1748 2825 eorumque
1768 2755 2069 2819 consortio,

483 2840 577 2908 qui
616 2840 901 2894 salvantur
928 2882 946 2909 ,
974 2842 1284 2914 adiungunt
1309 2860 1322 2909 ;
1359 2859 1596 2914 quonam
1624 2859 1722 2899 eos
1747 2854 1907 2915 pacto
1934 2845 2072 2900 reci-

482 2932 720 3000 piamus.
739 2931 837 2985 Cui
856 2931 982 2986 licet
1003 2946 1188 2987 coram
1208 2935 1581 3002 exposuerim,
1605 2933 1875 3005 quidquid
1893 2935 1979 2989 hic
1992 2950 2078 2991 se-

486 3023 882 3092 quamur,etin
904 3038 1058 3080 more
1088 3026 1323 3095 positum
1347 3026 1677 3081 habeamus:
1700 3036 1879 3083 tamen
1909 3028 2073 3081 etiam

488 3123 681 3170 vestra:
727 3117 1004 3171 sanctitati
1052 3118 1368 3174 necessario
1434 3119 1851 3190 signiﬁcandum
1906 3118 2073 3183 duxi,

486 3206 634 3260 l‘atri
670 3206 923 3263 videlicet
952 3209 1200 3275 Patrum,
1224 3219 1277 3265 et
1302 3213 1608 3267 successori
1641 3213 1812 3268 sancti
1841 3210 2071 3270 Joannis

488 3295 774 3369 Theologi,
804 3301 897 3370 qui
929 3308 1113 3356 vester
1150 3303 1602 3374 archiepiscopus
1637 3304 1775 3373 luit;
1809 3306 1951 3375 quod
1984 3306 2073 3360 ni-

489 3392 687 3443 mirum
709 3391 966 3454 Arianos,
983 3400 1037 3445 et
1059 3391 1501 3459 Maecdoniauos,
1526 3404 1582 3448 et
1608 3393 2073 3467 Novatianos,qui

491 3481 706 3549 seipsos
757 3480 1033 3550 appellant
1071 3479 1249 3536 Puros
1296 3497 1360 3536 ac
1405 3482 1686 3548 Puriores,
1721 3495 1777 3539 et
1812 3484 2074 3542 Tessares

489 3572 757 3626 tlecatitas
805 3572 922 3625 sive
950 3569 1289 3638 'l'etraditas,
1312 3581 1367 3628 et
1396 3573 1818 3644 Apollinaristas
1841 3579 2074 3648 recipia-

493 3678 634 3727 mus,
666 3662 712 3716 si
741 3663 871 3717 dent
905 3663 1141 3730 libellos,
1178 3677 1231 3718 et
1254 3679 1469 3720 onmem
1500 3667 1751 3723 haeresim
1782 3685 2076 3725 exsecren-

492 3765 602 3819 tur,
656 3769 764 3807 non
817 3754 892 3808 ita
948 3756 1295 3821 sentientem,
1332 3757 1410 3811 uti
1451 3760 1618 3813 sentit
1665 3768 1854 3815 sancta
1884 3773 2074 3817 nostra

491 3847 761 3902 catholica
795 3846 1064 3911 Ecclesia,
1091 3848 1250 3918 cujus
1276 3856 1331 3903 tu
1360 3865 1564 3920 praeses
1590 3864 1643 3907 et
1674 3863 1839 3925 caput
1867 3870 1951 3923 es,
1995 3857 2076 3911 vir

492 3938 832 3994 beatissime.
866 3938 1026 3994 Prius
1060 3949 1239 3994 tamen
1273 3942 1354 3995 eis
1379 3946 1624 4014 signatur
1652 3944 1768 4000 sive
1794 3945 2077 4018 inungitur

494 4029 645 4085 frons
676 4038 962 4101 unguento
985 4044 1167 4097 sacro,
1192 4040 1248 4086 et
1269 4047 1451 4099 nares,
1477 4043 1531 4088 et
1558 4049 1742 4101 aures,
1771 4044 1826 4091 et
1863 4047 2074 4106 pectus,

493 4125 547 4171 ct
584 4133 777 4176 omnes
804 4136 1005 4177 sensus
1039 4139 1055 4177 :
1090 4134 1257 4193 atque
1289 4124 1432 4179 inter
1457 4125 1784 4195 signandum
1818 4128 2074 4197 dicimus,

497 4211 849 4280 Signaculum
889 4214 1202 4270 donationis
1241 4216 1482 4286 Spiritus
1522 4222 1722 4276 sancti.
1762 4220 2073 4278 Secundum

496 4300 611 4355 lure
635 4312 897 4372 tanquam
923 4306 1127 4374 egregii
1157 4306 1279 4360 laici
1301 4307 1367 4360 ad
1392 4322 1517 4363 eum
1555 4311 1781 4379 gradum
1820 4313 2080 4369 ordinan-

497 4399 607 4452 tur,
646 4392 700 4445 in
728 4407 838 4462 quo
868 4395 1019 4460 prius
1044 4394 1188 4462 apud
1221 4408 1352 4450 suos
1381 4404 1575 4452 erant:
1614 4401 1728 4453 sive
1750 4402 2075 4473 presbyteri,

497 4482 612 4537 sive
634 4483 876 4546 diaconi,
904 4483 1021 4538 sive
1035 4484 1384 4550 subdiaconi,
1415 4487 1531 4542 sive
1554 4489 2047 4563 psaltanagnostazi

499 4574 908 4639 Eununtianos,
949 4577 1043 4645 qui
1091 4591 1197 4631 una
1249 4580 1521 4635 mersione
1569 4583 1965 4654 baptizantur;
2020 4596 2075 4643 et

500 4661 881 4728 Montanistas,
918 4665 1011 4734 qui
1043 4667 1388 4735 appellantur
1417 4669 1506 4722 hic
1541 4667 1783 4742 Phryges
1810 4681 1862 4727 et
1889 4671 2081 4730 Sabel-

500 4759 699 4819 lianos,
723 4759 814 4825 qui
837 4757 1016 4814 Patris
1047 4769 1103 4814 et
1131 4757 1250 4813 Filii
1274 4759 1475 4817 docent
1502 4764 1746 4819 eamdem
1769 4782 2078 4834 personam,

498 4847 714 4916 aliaque
736 4849 921 4917 gravia
946 4849 1193 4918 quaedam
1225 4854 1582 4907 committunt
1612 4869 1626 4919 ;
1669 4865 1722 4910 et
1750 4872 1942 4912 omnes
1978 4863 2084 4914 bae-

500 4955 651 4995 rcses
684 4930 842 5007 alias,
882 4945 1104 5013 quando
1133 4947 1444 5015 complures
1471 4946 1560 5002 hic
1592 4960 1741 5013 sunt,
1772 4966 1835 5005 ex
1859 4950 2081 5006 Galata-

503 5045 624 5085 tutn
659 5036 961 5101 praesertim
998 5036 1219 5103 regione
1251 5039 1572 5094 venientes:
1603 5055 1795 5097 omnes
1815 5057 1965 5111 ergo,
1988 5045 2081 5114 qui

501 5139 569 5178 ut
611 5125 697 5179 bis
728 5126 795 5177 ad
824 5127 1108 5182 veritatem
1133 5130 1322 5183 volunt
1354 5132 1637 5197 accedere,
1690 5142 1946 5204 tanquam
1990 5151 2085 5205 pa-

500 5230 671 5285 ganos
702 5217 1018 5286 recipimus.
1052 5220 1128 5271 Ac
1162 5222 1339 5287 primo
1361 5222 1579 5291 quidem
1607 5226 1695 5280 die
1725 5227 1956 5284 facimus
1984 5245 2078 5287 eos

501 5309 872 5373 Christianos,
918 5311 1092 5365 altero
1130 5311 1590 5371 Catcchumenos.
1635 5316 1821 5373 Tertio
1858 5319 2081 5375 adbibe-

502 5423 626 5462 ntus
670 5407 753 5462 eis
795 5409 1190 5477 exorcismum,
1249 5418 1336 5466 ter
1388 5414 1703 5471 emittentcs
1752 5416 1991 5473 alllatum
2022 5419 2078 5474 in

502 5498 696 5554 faciem
718 5507 773 5553 et
793 5513 955 5554 aures
978 5515 1167 5557 eorum
1199 5519 1214 5557 :
1243 5513 1406 5576 atque
1435 5506 1508 5561 ita
1534 5509 1877 5579 reposcimus
1907 5511 1977 5568 ab
1999 5515 2080 5569 cis

2155 550 2333 623 Πατρὶ
2361 545 2755 621 Χρυσοστόμῳ,
2792 545 2886 599 καὶ
2914 546 3028 608 τοῖς
3067 542 3245 607 ἄλλοις
3282 543 3462 611 άγίοις
3483 540 3706 598 διδασκὰο

2153 645 2268 707 λοις
2293 639 2581 696 πείθεσθαι
2614 639 2717 702 δεῖ,
2755 635 2826 690 τὰ
2855 636 2995 690 αὐτὰ
3044 636 3141 689 καὶ
3183 633 3472 706 φρονοῦσιν
3519 635 3705 706 ἐκείνῳ,

2153 735 2249 788 καὶ
2277 732 2608 794 διδάσκουσι,
2639 728 2737 782 καὶ
2765 730 2832 798 τῇ
2878 725 2972 779 τοῦ
3008 726 3247 797 Χριστοῦ
3281 725 3511 796 μεγίστῃ
3539 724 3707 794 φιλαν-

2156 823 2373 897 θρωπίᾳ
2411 822 2611 894 μᾶλλον
2663 817 3077 889 συνηγοροῦσιν.
3126 817 3284 870 Ἀλλά
3336 818 3459 886 περὶ
3492 819 3581 886 μὲν
3618 818 3709 871 τῶν

2153 918 2431 981 τοιούτων,
2465 917 2515 968 oi
2548 915 2646 985 μὲν
2680 912 2876 975 ταῦτα,
2919 914 2968 965 οἱ
3006 909 3051 964 δ’
3086 910 3275 965 ἀλλοῖα
3319 910 3480 978 τυχὸν
3531 910 3707 979 ἐροῦσι,

2153 1013 2272 1072 ταῖς
2301 1007 2541 1071 συνόδοις
2576 1006 2813 1068 ἐκείναις
2862 1004 3267 1072 συνιστάμενοι.
3320 1000 3463 1069 Ἐγὼ
3503 1002 3546 1054 δ’
3584 1004 3709 1056 ἐκεί-

2154 1124 2261 1161 νων
2294 1105 2563 1175 ά’,ςέμενος
2601 1103 2742 1174 (οὐδὲ
2796 1101 2905 1170 γὰρ
2959 1100 3163 1170 ἐρίζειν
3224 1098 3322 1152 ἐπὶ
3370 1097 3465 1151 τοῦ
3532 1100 3707 1170 παρόν-

2155 1217 2247 1262 τος
2316 1198 2639 1269 βούλομαι),
2695 1196 2872 1249 ἐκεῖνό
2935 1211 3099 1264 φημι,
3157 1194 3238 1245 ὅτι
3299 1192 3435 1253 τέως
3475 1192 3709 1261 λαμπρῶς

2157 1290 2250 1342 καὶ
2294 1286 2682 1358 ἀναμφιϐόλως
2754 1284 3044 1355 ἐπεδείχθη
3106 1285 3172 1336 ὲκ
3230 1281 3580 1351 περιουσίας,
3642 1282 3707 1334 ὅτι

2155 1382 2183 1432 ὁ
2218 1379 2431 1448 πρῶτος
2464 1378 2673 1439 ἐκεῖνος
2702 1374 2888 1445 τόμος,
2931 1374 3005 1436 ὡς
3048 1371 3122 1443 μὴ
3174 1370 3414 1443 συνᾴδων
3435 1368 3505 1438 τιῖ.
3550 1369 3707 1439 σκοπῷ

2158 1470 2256 1538 τῆς
2299 1468 2652 1541 Ἐκκλησίας,
2693 1469 2790 1520 καὶ
2823 1466 3060 1535 μάλιστα
3099 1464 3178 1534 τῷ
3212 1460 3380 1531 κοινῷ
3418 1460 3705 1530 διδασκάλῳ,

2157 1563 2237 1635 τῷ
2280 1559 2869 1633 Χρυσοστόμῳ,φημὶ,
2900 1558 3068 1627 ἀργὸς
3100 1559 3195 1612 καὶ
3236 1558 3516 1627 ἄπρακτος
3565 1558 3709 1626 μεμέ-

2158 1673 2314 1727 νηκε,
2340 1654 2482 1709 κατὰ
2506 1654 2597 1707 τὸν
2625 1652 2787 1721 σοφδν
2831 1649 3159 1721 Βαλσαμὼν,
3207 1650 3349 1719 ὅπερ
3406 1648 3497 1701 καὶ
3537 1650 3650 1719 ἡμῖν
3687 1651 3710 1701 ό

2162 1746 2365 1809 σκοπὸς
2413 1741 2482 1816 ἦν
2539 1743 2733 1810 δεῖξαι.
2815 1742 3060 1794 Ἑκείνου
3106 1742 3153 1794 δ’
3186 1740 3709 1812 ἁπρακτοῦντος,καὶ

2089 1817 2131 1873 Β
2159 1841 2209 1893 oi
2263 1838 2379 1911 μετ’
2422 1838 2629 1891 ἐκεῖνον
2677 1833 2987 1904 ἐξανάγκης
3038 1832 3304 1896 ὡσαύτως
3346 1833 3408 1884 τὸ
3452 1832 3711 1903 ἀνενέργη-

2160 1949 2253 1986 τον
2301 1932 2396 1985 καὶ
2437 1930 2721 2000 ἄπρακτον
2758 1925 2978 1997 ἔχουσι,
3014 1924 3157 1979 καθὰ
3195 1923 3265 1996 δὴ
3317 1924 3411 1978 καὶ
3443 1922 3709 1994 φθάσαντες

2164 2025 2413 2095 εἴπομεν.

2562 2133 2841 2188 ΑΔΗΛΩΝ
2880 2130 3344 2187 ΠΑΤΡΙΔΡΧΩΝ.

2169 2258 2245 2308 Αο.
2306 2250 2635 2318 Ἐπιστολὴ
2681 2247 2980 2317 γραφεῖσα
3011 2246 3146 2318 ,ἀπὸ
3176 2245 3708 2318 Κωνσταντινουπότ

2238 2326 2391 2388 λεως
2443 2317 2758 2389 Μαρτινρίιρ
2801 2317 3111 2383 ἐπισκὸπῳ
3178 2317 3551 2389 Ἀντιοχείας,
3598 2317 3722 2389 περί

2240 2387 2379 2455 τοῦτ
2439 2387 2598 2457 ὅπως
2648 2387 2782 2460 ἠχρὴ
2842 2389 3125 2460 δέχεσθαι
3182 2387 3367 2460 τοὺς-
3395 2387 3707 2460 ᾳᾼΙρετικσίξς,

2242 2455 2777 2531 προσερχομένους(
2797 2458 2871 2529 τῇ
2900 2455 3038 2528 ἇγίᾳ
3067 2455 3367 2525 καθολικῇ
3408 2457 3707 2524 Ἑκκλησίᾳ.

2241 2574 2377 2628 Τινά
2406 2572 2672 2643 διειλέχθη
2715 2589 2808 2642 μοι
2854 2571 2883 2623 ὁ
2915 2569 3340 2637 θεοφιλέστατος
3383 2569 3710 2640 πρεσϐύτερος

2184 2666 2492 2731 ’Δντώνιος,
2543 2666 2672 2736 περὶ
2715 2666 2823 2718 τῶν
2873 2662 3324 2734 προστιθεμένων
3365 2664 3430 2733 τῇ
3475 2660 3710 2731 ὀρθοδοξία

2175 2762 2268 2814 καὶ
2314 2762 2380 2830 τῇ
2425 2757 2605 2828 μερίδι
2648 2756 2756 2809 τῶν
2802 2754 3130 2824 σωζομένων
3186 2756 3302 2809 ἀπὸ
3349 2753 3711 2824 αἰρετικῶν,τὸ

2175 2850 2292 2914 πῶς
2318 2849 2583 2921 δεχόμεθα
2604 2849 2822 2913 αὐτούς.
2847 2848 2958 2902 Καὶ
2988 2850 3130 2902 κατά
3158 2851 3452 2921 πρόσωπον
3480 2850 3569 2920 μὲν
3591 2846 3711 2917 αὐτῷ

2175 2944 2479 3015 διειλέχθην
2496 2944 2678 2997 πᾶσαν
2705 2942 2939 2996 ἐνταῦθα
2967 2944 3294 2998 ἀκολουθίαν
3321 2946 3413 2999 καὶ
3444 2942 3710 3013 συνήθειαν.

2176 3038 2286 3090 Καὶ
2304 3040 2370 3107 τῇ
2395 3037 2635 3107 ὑμετέρᾳ
2645 3036 2702 3089 δὲ
2719 3037 2998 3109 ἁγιωσύνῃ
3016 3041 3315 3107 ἀναγκαῖον
3331 3038 3545 3108 ἐνόμισα
3561 3037 3710 3107 σημάο

2180 3146 2267 3183 ναι
2296 3128 2371 3199 τῷ
2401 3128 2579 3199 [lupi
2604 3127 2711 3181 τῶν
2748 3129 3026 3199 Πατέρων,
3058 3130 3136 3201 τῷ
3174 3132 3430 3200 ἀπογόνῳ
3470 3129 3555 3184 τοῦ
3583 3131 3708 3196 ἁγίου

2190 3221 2437 3275 Ἰωάννου
2466 3220 2562 3273 τοῦ
2582 3220 2866 3290 Θεολόγου,
2890 3222 2984 3275 τοῦ
3008 3224 3308 3294 γενομένου
3329 3214 3710 3296 ἀρχιεπισκόπού

2172 3309 2353 3380 ἡμῶν,
2402 3310 2595 3382 ὅτιπερ
2628 3309 2968 3383 Ἀρειανοὺς,
3011 3314 3109 3368 καὶ
3151 3315 3598 3377 Μακεδονιανους,
3635 3312 3713 3365 καὶ

2171 3403 2551 3465 Ναυατιανοὺς
2572 3441 2588 3466 ,
2613 3403 2742 3467 τοὺς
2771 3403 3031 3473 λέγοντας
3069 3408 3304 3470 ἑαυτοὺς
3331 3408 3604 3478 Καθαροὺς
3638 3408 3711 3459 καὶ

2176 3493 2627 3567 Καθαρωτέρους,
2653 3497 2749 3550 καὶ
2776 3499 2902 3561 τοὺς
2931 3500 3584 3572 Τεσσαρεσκαιδεκατίτας
3617 3501 3710 3570 ἦτοι

2174 3587 2536 3660 Τετραδίτας,
2565 3590 2662 3643 καὶ
2686 3588 3145 3663 ’Δπολιναριστάς
3164 3633 3181 3658 ,
3215 3594 3482 3666 δεχόμεθα
3508 3592 3709 3652 διδόντας

2173 3679 2471 3745 λιδέλλους,
2497 3684 2593 3736 καὶ
2630 3682 3131 3755 ἁναθεματίζοντας
3161 3689 3346 3741 πᾶσαν
3372 3688 3588 3757 αἰρεσιν,
3633 3684 3711 3751 τὴν

2179 3773 2255 3845 μὴ
2288 3775 2597 3844 φρονοῦσαν
2616 3776 2692 3838 ὡς
2717 3781 2908 3849 φρονεῖ
2933 3781 2966 3848 ὴ
2997 3780 3131 3846 ἁγία
3150 3781 3311 3849 ἡμῶν
3336 3778 3581 3849 καθολικὴ
3617 3776 3715 3829 Ἐκ-

2175 3864 2396 3935 κλησία,
2422 3859 2489 3937 ἦς
2519 3867 2783 3939 πρόεδρος
2806 3869 2900 3923 καὶ
2918 3871 3128 3942 κεφαλὴ
3152 3871 3439 3944 ὑπάρχεις,
3472 3867 3713 3941 μακαριὼ·

2174 3972 2326 4023 τατε,
2380 3959 2857 4030 σφραγιιῖομένους
2903 3963 3022 4034 ἦτοι
3065 3965 3393 4035 χρωμένους
3421 3964 3618 4034 πρῶτον
3653 3958 3713 4027 τῷ

2176 4048 2320 4120 ἁγίῳ
2351 4048 2509 4120 μύρῳ
2531 4052 2589 4105 τὸ
2622 4052 2900 4121 μέτωπον,
2925 4055 3025 4108 καὶ
3049 4057 3148 4119 τὰς
3185 4057 3363 4126 ρῖνας,
3404 4056 3494 4109 καὶ
3520 4053 3581 4106 τὰ
3604 4046 3712 4115 ὦτα,

2176 4138 2274 4192 καὶ
2296 4139 2358 4192 τὸ
2384 4140 2601 4210 στῆθος,
2635 4141 2731 4194 καὶ
2776 4144 2957 4207 πάσας
2983 4143 3082 4208 τὰς
3108 4145 3393 4218 αἰσθήσεις
3411 4162 3425 4177 ·
3457 4146 3544 4198 καὶ
3573 4159 3716 4212 cepa-

2177 4234 2422 4304 γίζοντες
2455 4234 2651 4299 αὐτοὺς
2687 4235 2920 4308 λέγομεν
2945 4253 2960 4268 ·
2987 4239 3231 4308 Σφραγὶς
3270 4241 3474 4309 δωρεᾶς
3507 4237 3717 4306 Πνεύμα⁶

2176 4344 2270 4390 τος
2300 4328 2479 4396 ἁγίου.
2512 4329 2621 4381 Καὶ
2646 4330 2786 4399 μετὰ
2815 4330 2987 4384 ταῦτα
3019 4330 3094 4394 ὡς
3126 4334 3403 4387 σποιδαῖοι
3435 4330 3597 4386 λαῑκοὶ
3623 4345 3709 4399 χειλ-

2188 4418 2528 4487 ροτονοῦνται
2561 4420 2757 4488 ἐκεῖνο,
2784 4423 2813 4476 ὃ
2843 4418 2986 4496 ἦσαν
3014 4425 3143 4495 παρ’
3177 4427 3362 4490 αὐτοῖς
3404 4424 3712 4494 τοπρὸτερονο

2057 4534 2071 4548 ·
2105 4519 2150 4576 υ
2177 4511 2287 4564 εἴτε
2326 4511 2711 4585 πρεσϐύτεροι,
2763 4516 2873 4569 εἴτε
2927 4517 3189 4581 διάκονοι,
3238 4520 3350 4572 εἴτε
3388 4516 3713 4578 ὑποδιάκονοι,

2181 4613 2292 4664 εἴτε
2317 4610 2830 4681 ψαλταναγνῶσται.
2874 4613 3243 4684 Εὐνομιανοὺς
3283 4616 3481 4685 μέντοι,
3514 4613 3626 4673 τοὺς
3649 4610 3714 4670 εἰς

2184 4702 2315 4773 μίαν
2364 4704 2659 4757 κατάδυσιν
2713 4705 3167 4777 βαπτιζομένους,
3219 4711 3312 4762 καὶ
3360 4702 3712 4764 Μοντανιστάς,

2181 4795 2308 4857 τοὺς
2342 4793 2574 4848 ἐνταῦθα
2609 4794 2938 4866 λεγομένους
2967 4797 3209 4868 Φρύγας,
3240 4799 3336 4852 καὶ
3364 4791 3713 4851 Σαδελλιανοὺς

2181 4884 2307 4945 τοὺς
2333 4884 2687 4956 υίοπατορίαν
2709 4885 3084 4951 διδάσκοντας,
3110 4891 3204 4941 καὶ
3226 4890 3388 4960 ἕτερά
3407 4905 3519 4940 τινα
3536 4879 3714 4955 χαλεπὰ

2184 4972 2495 5036 ποιοῦντας,
2551 4975 2646 5028 καὶ
2692 4976 2874 5040 πάσας
2922 4977 3021 5040 τὰς
3053 4978 3221 5042 ἄλλας
3265 4978 3516 5048 αἱρέσεις,
3558 4970 3713 5038 ἔπειδῆ

2185 5062 2378 5116 πολλαί
2405 5066 2544 5117 εἰσιν
2570 5064 2829 5131 ἐνταῦθα,
2862 5067 3099 5136 μάλιστα
3121 5070 3229 5122 ἀπὸ
3247 5069 3344 5138 τῆς
3374 5068 3477 5120 τῶν
3497 5060 3713 5120 Γαλατῶν

2187 5152 2371 5225 χώρας
2408 5158 2715 5229 ἐρχόμενοι·
2759 5161 2969 5222 πάντας
3006 5161 3134 5224 τοὺς
3179 5162 3273 5214 ἀπ’
3299 5160 3472 5215 αὐτῶν
3499 5156 3713 5213 θέλοντας

2187 5248 2573 5319 προστίθεσθαι
2618 5254 2685 5323 τῇ
2740 5252 2991 5324 ἀληθεία,
3043 5253 3120 5312 ὡς
3164 5255 3429 5323 Ἕλληνας
3460 5245 3709 5319 δεχόμεθα.

2190 5340 2299 5393 Καὶ
2330 5342 2429 5411 τὴν
2460 5344 2684 5415 πρώτην
2713 5346 2928 5417 ἡμέραν
2964 5347 3226 5418 ποιοῦμεν
3272 5346 3466 5408 αὐτοὺς
3491 5344 3709 5412 Χριστια·

2187 5432 2335 5498 νοὺς,
2356 5434 2449 5488 καὶ
2476 5437 2575 5506 τὴν
2596 5432 2855 5509 δευτέραν
2873 5455 3116 5510 κατηχου
3126 5440 3340 5510 μένους.
3360 5435 3488 5494 Εἶτα
3504 5436 3593 5504 τὴν
3616 5426 3710 5500 τρί-

2186 5540 2289 5593 την
2314 5524 2668 5599 ὲξθρκίεῖομεν
2694 5529 2893 5595 αὐτοὺς
2915 5530 3057 5602 μετὰ
3081 5531 3174 5597 τοῦ
3202 5531 3444 5603 ἐμφυσᾷν
3461 5525 3621 5598 τρίτον
3641 5519 3704 5578 είς

1787 5690 2019 5751 νΑιιιιε
2056 5693 2456 5757 LECTIONES.

620 5786 645 5815 ι
683 5778 771 5847 qui
798 5791 988 5832 canunt
1020 5779 1259 5850 hymnos,
1295 5789 1343 5835 ct
1374 5780 1587 5839 lectores
1617 5795 1762 5842 sunt.
