3950 6596
231 509 339 572 905

1503 498 2236 578 ϐΙὶΑΞΕΟΊὶΟΜΑΝΠΜᾸ

3403 496 3510 558 903

237 621 574 705 μητρόπολιν
609 621 976 694 χηρεύουσαν,
1009 625 1104 680 καὶ
1150 624 1240 678 διὰ
1265 624 1381 695 βίου
1427 623 1528 693 τῆς
1565 621 1822 692 τοιαύτης

1935 633 2150 683 vacans,
2182 617 2482 673 translatus
2528 623 2612 669 cst
2661 628 2688 666 a
2737 613 2880 683 Papa
2927 610 3272 674 Corinthum,
3305 623 3508 665 metro.

231 715 478 787 προέστη
548 708 898 786 Ἐἰκλησίας.
977 716 1036 770 Ὀ
1112 717 1448 787 Ἀντιοχείας
1515 714 1817 776 ὲπίσκηπος

235 807 554 880 μετήγαγεν
606 808 686 872 είς
733 809 947 880 Ταρσὸν
993 810 1093 878 τῆς
1123 808 1400 873 Κιλικίας,
1435 806 1688 861 Δοσίθεον
1727 806 1818 858 τὸν

233 898 563 964 Σελευκείας
609 899 931 954 ἐπίσκοπον.
980 900 1227 964 Ῥεϐενὸς
1278 900 1608 966 ἐπίσκοπος,
1635 900 1820 969 ἄρχων

231 989 330 1058 τῆς
350 989 610 1060 Φοινίκης
627 990 769 1054 ⁵⁹ο⁶⁰,
808 989 1068 1062 μετετέθη
1103 992 1182 1054 είς
1203 989 1400 1062 Τύρον.
1418 990 1672 1061 Ἰωάννης
1701 989 1823 1043 επί-

234 1097 441 1145 σκοπος
483 1081 684 1152 Γόρδου
713 1081 814 1152 τῆς
853 1082 1076 1147 Λυδίας,
1115 1082 1378 1153 μετετέθη
1409 1083 1488 1145 είς
1521 1079 1824 1152 Προικόνη-

232 1191 345 1231 σον.
375 1176 679 1241 Παλλάδιος
709 1177 921 1231 Ἑλένου
945 1178 991 1210 ⁸⁸
1021 1176 1331 1250 μετηνέχθη
1357 1179 1437 1242 εἰς
1461 1178 1731 1231 ’Λππωνα
1755 1175 1818 1230 ⁸⁸.

241 1266 598 1340 Ἀλέξανδρος
660 1269 1097 1333 Ἐλενουπόλεως
1146 1268 1452 1341 μετηνέχθη
1507 1269 1589 1332 είς
1635 1269 1827 1341 Ἀδρα-

229 1358 383 1423 νούς.
409 1360 697 1426 Θεοσέόιος
721 1364 821 1434 τῆς
853 1363 912 1416 ὲν
955 1362 1112 1434 Ἀσίᾳ
1155 1362 1480 1434 Ἀπαμείας,
1519 1360 1826 1434 μετηνέχθη

229 1451 309 1514 εἰς
344 1451 800 1518 Εὐδοξιανόπολιν
827 1454 1148 1526 Καλαὸρίας
1177 1455 1521 1527 καλουμένην
1533 1456 1598 1508 ⁸³.
1633 1455 1828 1509 Ὄπτίο

231 1557 384 1612 μιος,
420 1543 532 1597 ἀπὸ
561 1544 857 1616 Γδαμάὸης
879 1528 926 1577 δι
973 1546 1077 1618 τῆς
1106 1546 1371 1618 Φρυγίας,
1412 1545 1718 1617 μετηνέχθη
1750 1546 1830 1609 εἰς

242 1633 585 1706 Ἀντιόχειαν
639 1636 737 1706 τῆς
775 1636 1043 1701 Πισιδίας.
1107 1637 1425 1710 ’ἱεροφύλαξ
1471 1636 1830 1709 Τραπεζοπό-

228 1724 373 1789 λεως
418 1727 520 1797 τῆς
550 1729 815 1798 Φρυγίας,
869 1730 1174 1802 μετηνέχθη
1219 1732 1298 1794 είς
1332 1729 1758 1785 Πλουτινόπολιν
1781 1731 1829 1762 ⁸⁸

230 1815 332 1884 τῆς
391 1817 638 1890 Θρᾴκης.
687 1818 815 1874 Ἐπὶ
842 1821 944 1892 τῆς
979 1821 1261 1892 βασιλείας
1293 1823 1709 1877 Κωνσταντίνου
1734 1821 1828 1876 τοῦ

231 1909 609 1977 Πωγωνάτου,
639 1910 750 1966 τῶν
794 1911 1115 1984 ’Δγαρηνῶν
1149 1915 1543 1984 κρατησάντων
1578 1911 1678 1984 τὴν
1712 1912 1829 1966 Κύκ-

1925 711 2092 782 polim
2128 721 2260 766 tunc
2290 710 2550 780 episcopo
2581 707 2885 773 viduatam,
2913 721 3189 776 quamque
3229 705 3320 759 diu
3349 705 3507 770 vixit,

1925 806 1973 861 ei
2023 804 2244 875 prazl‘uit
2271 802 2556 872 Ecclesiae.
2594 800 2969 856 Antiochenus
2999 799 3293 870 episcopus
3328 807 3509 855 trans-

1926 898 2050 950 tulit
2115 894 2349 953 Tarsum
2417 894 2622 949 Cilicia:
2703 892 3023 948 Dositheum
3100 889 3508 946 Seleucicnsem

1926 990 2269 1059 episcOpum.
2310 985 2570 1041 Rcbcuus
2619 984 2910 1054 episcopus
2929 984 2980 1049 ι),
3030 997 3155 1037 cum
3213 981 3512 1036 Phteniciac

1927 1091 2208 1154 prmesset,
2241 1080 2547 1135 translatus
2578 1085 2662 1133 est
2691 1076 2919 1148 Tyrum.
2951 1075 3196 1133 Joannes
3221 1078 3514 1148 cpiscopus

1927 1173 2095 1230 Gordi
2143 1172 2355 1244 Lydiae,
2400 1171 2700 1226 translatus
2745 1178 2832 1226 est
2871 1169 3286 1226 Proeconesum.
3337 1169 3515 1223 Palla-

1930 1268 2054 1322 dius
2105 1267 2399 1336 episcopus
2448 1263 2680 1328 Heleni,
2729 1262 3033 1318 translatus
3074 1271 3159 1318 est
3204 1261 3513 1332 Appoucm.

1929 1357 2239 1414 Alexander
2291 1355 2779 1427 llelenopolitanus
2833 1354 3134 1410 translatus
3196 1365 3284 1410 est
3339 1354 3518 1408 Adra-

1929 1437 2095 1506 tiosc.
2157 1431 2500 1505 Theosebius
2555 1449 2857 1518 episcopus
2918 1447 3176 1517 Apamea:
3237 1447 3290 1501 in
3347 1448 3513 1512 Asia,

1930 1544 2234 1597 translatus
2265 1551 2350 1597 est
2380 1541 2875 1612 Eudoxianopolim
2901 1538 3172 1594 Calabria:
3202 1549 3450 1595 vocatam
3465 1539 3514 1595 ά.

1932 1635 2180 1704 Optimus
2213 1648 2242 1688 a
2279 1632 2560 1689 Gdamaba
2584 1645 2607 1672 θ
2641 1632 2909 1704 Phrygiae,
2939 1632 3242 1687 translatus
3284 1641 3368 1687 est
3407 1635 3520 1686 An-

1932 1729 2194 1785 tiochiam
2244 1725 2486 1784 Pisidiae.
2546 1725 2920 1798 Hierophylax
2966 1726 3260 1796 episeopus
3308 1725 3519 1796 Trape-

1935 1820 2148 1890 zopolis
2203 1818 2260 1873 in
2320 1818 2582 1890 Phrygia,
2629 1819 2933 1874 translatus
2983 1825 3070 1872 est
3125 1816 3518 1888 Plotinopolim

1935 1910 2205 1967 Thraciae.
2264 1909 2572 1980 lmperante
2635 1909 3006 1966 Constantino
3065 1909 3337 1973 Barbat’o,
3392 1924 3518 1962 cum

227 2015 395 2070 προν,
430 2001 588 2073 ὲδόθη
620 2004 654 2074 ἡ
690 2003 1027 2075 μητρόπολις
1064 2004 1311 2070 Κυζίκου
1340 2005 1438 2058 σὺν
1460 2007 1581 2068 ταῖς
1608 2006 1830 2059 ἐπισκο-

1935 2005 2171 2077 Agareni
2212 2002 2455 2075 Cyprum
2507 2012 2898 2073 occupassent,
2928 2002 3056 2057 data
3101 2011 3188 2058 est
3240 2012 3518 2072 metropo-

228 2094 367 2155 παῖς
391 2092 567 2163 αὐτῆς
606 2095 685 2165 τῷ
717 2095 1142 2167 ἀρχιεπισκόπῳ
1172 2095 1427 2168 Κύπρου.
1457 2096 1614 2150 Μετὰ
1641 2097 1700 2150 δὲ
1728 2097 1828 2169 τὴν

228 2182 478 2256 ἑϐδόμην
508 2185 749 2252 σΰνοδον,
779 2188 874 2242 ἐπὶ
900 2189 1000 2258 τῆς
1030 2188 1311 2259 βασιλείας
1336 2189 1594 2261 Εἰρήνης,
1623 2189 1830 2260 παρόν-

228 2291 342 2328 των
397 2276 494 2328 καὶ
540 2276 870 2350 ἀρχιερέων,
921 2279 1207 2349 Ἀδριανοῦ
1255 2279 1416 2335 πάπα
1481 2279 1704 2352 Ῥώμης
1741 2278 1832 2334 διὰ

229 2364 655 2438 τοποτηρητῶν,
702 2366 797 2422 τοῦ
847 2368 1280 2442 Ἀλεξανδρείας,
1315 2369 1411 2425 τοῦ
1471 2370 1828 2442 Ἀντιοχείας,

238 2461 342 2513 καὶ⁹
373 2459 591 2514 πολλῶν
629 2461 1061 2533 μητροπολιτῶν,
1108 2464 1260 2536 ἑῴων
1302 2482 1364 2518 τε
1412 2465 1508 2520 καί⁹
1535 2465 1827 2536 ἑσπερίων,

229 2551 320 2606 διὰ
353 2552 462 2625 τὴν
501 2554 840 2624 χειροτονίαν
866 2556 964 2611 τοῦ
993 2559 1338 2630 πατριάρχου
1377 2559 1830 2614 Κωνσταντινου-

233 2643 454 2708 πόλεως
505 2645 782 2714 Ταρασίου
814 2646 909 2701 τοῦ
941 2648 1428 2718 Πρωτοσεϐαστοῦ,
1454 2651 1678 2720 γέγονεν
1725 2649 1830 2702 ὑπὸ

235 2735 460 2788 πάντων
495 2737 846 2810 πατριάρχης
900 2739 1313 2813 Ἀλεξανδρείας
1357 2745 1386 2796 6
1422 2742 1832 2814 μητροπολίτης

232 2824 668 2899 Θεσσαλονίκης,
723 2829 799 2892 ὥς
828 2847 964 2900 φησι
1005 2831 1285 2905 Θεοφάνης
1331 2834 1360 2886 6
1393 2835 1755 2906 ὁμολογητὴς,
1803 2837 1831 2889 6

237 2919 714 2992 μεγαλοαγρίτης.
748 2922 1110 2994 Πολύκαρπος
1149 2925 1638 2998 Δεξανταπριστῶν
1658 2929 1703 2960 ⁸⁸
1731 2929 1830 2998 τῆς

233 3008 484 3075 Μυσίας,
525 3011 830 3084 μετηνέχθη
863 3015 943 3078 είς
967 3015 1264 3071 Νικόπολιν
1293 3020 1390 3088 τῆς
1429 3019 1672 3091 Θρᾴκης.
1711 3019 1832 3072 Ἐπὶ

234 3099 337 3168 τῆς
370 3098 654 3169 βασιλείας
688 3102 973 3157 Βασιλείου
1005 3105 1100 3159 τοῦ
1133 3108 1470 3173 Μακεδόνος,
1497 3110 1779 3172 Βασίλειος
1804 3112 1832 3162 6

237 3189 471 3260 Κρήτης
510 3193 773 3264 μετετέθη
813 3194 894 3257 είς
935 3193 1338 3267 Θεσσαλονίκην
1372 3198 1522 3268 παρὰ
1567 3197 1828 3266 Ἰγνατίου

1933 2097 2002 2152 lis
2046 2096 2260 2167 Cyzici,
2289 2111 2414 2151 cum
2468 2095 2879 2166 episcOpatibus
2930 2095 3072 2166 ejus,
3103 2095 3520 2164 archiepiscopo

1932 2185 2121 2256 Cypri.
2150 2183 2283 2240 Post
2312 2184 2602 2255 septimam
2648 2201 2781 2240 vero
2814 2186 3109 2256 synodum,
3143 2187 3246 2240 sub
3284 2186 3518 2254 imperio

1932 2278 2123 2343 lrenae,
2159 2279 2524 2349 praesentibus
2575 2286 2631 2333 et
2677 2278 3052 2348 pontiﬁcibus,
3086 2278 3330 2334 Adriano
3377 2295 3519 2349 papa

1934 2371 2185 2426 Romano
2229 2387 2326 2441 per
2360 2372 2540 2426 locum
2578 2380 2848 2434 tenentes,
2887 2371 3288 2435 Alexandrino,
3327 2373 3520 2425 Antio-

1933 2464 2132 2530 cheno,
2166 2463 2466 2533 multisque
2509 2463 2968 2533 metropolitanis,
2997 2471 3108 2519 tam
3147 2463 3520 2520 Orientalibus

1933 2571 2096 2626 quam
2143 2553 2594 2611 Occidentalibus
2636 2556 2707 2610 ob
2747 2555 3153 2610 ordinationem
3192 2555 3522 2626 patriarchae

1934 2645 2536 2716 Constantinopolitani
2602 2644 2817 2700 Tarasii
2854 2684 2869 2709 ,
2931 2646 3086 2716 prius
3121 2645 3520 2711 _Protosebasti

1934 2732 2114 2791 factus
2166 2744 2251 2791 est
2297 2736 2366 2791 ab
2413 2733 2674 2790 ortinibus
2721 2735 3128 2790 Alexandrinus
3175 2735 3519 2805 patriarcha,

1933 2827 2026 2895 qui
2082 2823 2594 2880 Thessalonicensis
2648 2832 2768 2880 erat
2822 2826 3324 2899 metropolitanus,
3377 2827 3521 2881 sicut

1934 2925 2123 2970 narrat
2175 2914 2546 2986 Theophanes
2595 2916 2904 2981 confessor,
2963 2931 3197 2987 magnus
3250 2917 3340 2972 illc
3384 2917 3520 2987 Agri

1934 3009 2248 3080 praefectus.
2345 3009 2686 3081 Polycarpus
2776 3013 3071 3081 episc0pus
3162 3011 3522 3082 Dexantapri-

1935 3103 2142 3156 stensis
2164 3101 2184 3139 ί
2222 3103 2278 3156 in
2319 3101 2514 3173 Mysia,
2548 3103 2854 3158 translatus
2891 3113 2975 3159 est
3004 3104 3312 3174 Nicopolim
3341 3106 3519 3161 Thra-

1936 3193 2053 3246 ciae.
2096 3191 2401 3262 lmperante
2458 3195 2662 3250 Basilio
2721 3193 3055 3261 Macedone,
3107 3197 3346 3255 Basilius
3403 3202 3520 3271 cpi-

236 3282 613 3353 πατριάρχου,
674 3283 750 3348 ὡς
801 3287 1114 3359 γέγραπται
1169 3289 1228 3341 ὲν
1275 3288 1353 3359 τῷ
1383 3288 1484 3360 βίῳ
1528 3288 1621 3343 τοῦ
1662 3288 1828 3342 αὑτοῦ

1937 3297 2140 3354 scapus
2207 3283 2490 3350 Cretensis
2552 3286 2859 3342 translatus
2927 3299 3014 3344 εει
3066 3287 3518 3346 Thessalonicam

249 3352 543 3442 Ίγνατίου.
579 3352 834 3448 Ἰωάννης
1001 3380 1188 3450 Βαῖμᾶ
1225 3352 1525 3445 ἐπίσκοπος
1567 3382 1830 3453 μετετέθη

1938 3375 2006 3430 ab
2039 3352 2266 3447 ilgnatio
2313 3377 2670 3447 patriarcha,
2724 3381 2871 3435 sicut
2919 3381 2975 3436 in
3025 3381 3273 3452 ejusdem
3325 3382 3519 3455 lgnatii

239 3471 319 3534 είς
389 3470 802 3544 Ἀλεξάνδρειαν
851 3473 1201 3545 πατριάρχης
1257 3474 1352 3527 ἐπὶ
1407 3473 1508 3544 τῆς
1549 3472 1832 3543 βασιλείας

239 3560 479 3622 Λέοντος
527 3559 624 3614 τοῦ
679 3561 1008 3633 Φιλοσόφου,
1060 3564 1156 3616 καὶ
1205 3560 1412 3616 Φωτίου
1465 3563 1831 3635 πατριάρχου.

241 3651 552 3723 Γρηγόριος
611 3653 910 3719 ἐπίσκοπος
957 3654 1366 3726 Συρακουσίων,
1419 3655 1684 3726 μετετέθη
1751 3656 1833 3718 εἰς

239 3742 508 3798 Νίκαιαν.
543 3746 657 3799 Kal
711 3745 970 3817 Ἰωάννης
997 3747 1300 3817 Λαρίσσης,
1349 3747 1615 3818 μετετέθη
1659 3747 1740 3810 είς
1763 3745 1833 3800 τὰ

239 3835 482 3890 Σύναδα.
523 3838 634 3891 Καὶ
675 3838 1029 3909 ’Λμφιλόχιος
1062 3838 1328 3904 Κυζίκου,
1367 3841 1446 3903 είς
1468 3840 1725 3894 Νίκαιαν.
1774 3839 1832 3892 '0

239 3925 486 3996 Μάκρης
512 3925 791 4000 Θεόδωρος
823 3929 1086 4000 μετετέθη
1114 3930 1193 3993 είς
1220 3929 1564 3983 Λαοδίκειαν.
1591 3931 1703 3982 Kal
1730 3929 1833 3982 Νί-
1879 3962 1882 3965 -

240 4032 362 4070 κων
414 4017 516 4086 τῆς
571 4017 742 4089 αὐτῆς
797 4018 1010 4084 πόλεως
1067 4019 1398 4085 ἐπίσκοπος,
1450 4019 1714 4090 μετετέθη
1754 4022 1834 4083 είς

253 4109 582 4180 Ἰεράπολιν.
634 4112 746 4165 Kal
783 4115 813 4166 6
840 4113 938 4183 τῆς
971 4114 1031 4166 ὲν
1082 4113 1294 4168 Ἐλλάδι
1324 4111 1676 4174 Νικοπόλεως
1709 4113 1834 4166 ἐπί-

246 4217 456 4265 σκοπος
503 4203 731 4275 Δανιὴλ,
786 4205 1047 4277 μετετέθη
1096 4207 1178 4270 είς
1210 4207 1492 4276 ΙΙἈγκυραν
1531 4205 1632 4275 τῆς
1660 4205 1834 4260 Γαλα-

244 4293 396 4356 τίας.
429 4295 544 4348 Kal
578 4295 806 4367 Συμεὼν
835 4297 865 4349 6
895 4297 1052 4350 Νέων
1082 4297 1313 4365 Πατρῶν
1347 4298 1666 4363 ἐπίσκοπος,
1704 4315 1833 4368 μετ-

248 4385 418 4457 ετέθη
458 4387 539 4451 εἰς
565 4387 914 4444 Λαοδίκειαν.
956 4389 1081 4442 Ἐπὶ
1105 4389 1205 4460 τῆς
1237 4388 1516 4460 βασιλείας
1553 4388 1833 4458 Ῥωμανοῦ

247 4475 348 4529 τοῦ
379 4477 736 4547 Δακαπηνοῦ,
768 4479 992 4549 ἐγένετο
1018 4481 1369 4553 πατριάρχης
1397 4483 1836 4535 Κωνσταντινου-

250 4569 465 4635 πόλεως
495 4572 765 4642 Στέφανος
796 4573 1073 4644 εὐνοῦχος,
1105 4575 1134 4626 6
1176 4573 1471 4645 Ἀμασείας
1505 4575 1836 4646 μητροπολί-

1935 3465 2060 3521 Vita
2087 3468 2355 3540 scriptum
2385 3478 2488 3525 est.
2508 3467 2754 3527 Joannes
2783 3473 3078 3544 episcopus
3099 3473 3320 3542 Baimar,
3341 3487 3520 3532 trans.

1935 3561 2081 3616 latus
2136 3571 2222 3616 est
2269 3562 2682 3628 Alexandriam,
2727 3571 2784 3619 ut
2835 3575 2982 3622 esset
3027 3570 3364 3638 patriarcha,
3415 3574 3520 3628 sub

1935 3652 2168 3724 imperio
2212 3654 2414 3711 Leonis
2467 3655 2812 3728 Philosophi,
2847 3667 2901 3714 et
2947 3659 3127 3715 Photii
3172 3664 3519 3731 patriarchze.

1935 3744 2230 3817 Gregorius
2279 3749 2574 3818 cpiscopus
2620 3751 3036 3822 Syracusanus,
3086 3758 3386 3812 translatus
3433 3768 3520 3815 cst

1935 3835 2193 3892 Nicaeam.
2254 3837 2314 3891 Et
2365 3838 2607 3896 Joannes
2657 3841 3032 3909 Larisscnus,
3086 3848 3388 3904 translatus
3433 3860 3520 3904 cst

1938 3926 2178 3999 Synada.
2242 3929 2310 3983 Et
2367 3931 2786 4000 Amphilochius
2837 3931 3143 4004 Cyzicenus
3180 3977 3195 4000 ,
3254 3935 3516 3990 Nicaeam.

1936 4019 2242 4090 Episcopus
2287 4018 2485 4077 Macra:
2509 4021 2853 4089 Theodorus,
2905 4026 3207 4082 translatus
3244 4037 3328 4082 est
3374 4028 3516 4082 Lao-

1936 4112 2167 4167 diceam.
2241 4111 2308 4166 Et
2363 4114 2610 4182 ejusdem
2694 4116 2936 4171 civitatis
2990 4117 3283 4187 episc0pus
3341 4118 3516 4183 Nico,

1938 4204 2240 4260 translatus
2269 4213 2354 4260 est
2385 4204 2739 4275 Hierapolim.
2771 4207 2837 4260 Et
2865 4207 2917 4260 iu
2947 4208 3157 4264 Grmcia
3198 4211 3318 4265 sitae
3352 4210 3516 4267 Nico-

1939 4295 2080 4366 polis
2103 4297 2398 4367 episcopus
2431 4296 2641 4362 Daniel,
2674 4300 2976 4377 translatus
3003 4308 3088 4354 est
3109 4301 3383 4375 Ancyram
3414 4303 3522 4358 Ga-

1940 4386 2108 4441 latiae.
2136 4385 2204 4442 Et
2233 4387 2470 4459 Symeon
2511 4387 2908 4459 Neopatrensis
2934 4392 3249 4469 cpiscopus,
3283 4395 3522 4450 transla-

1937 4489 2030 4537 tus
2075 4489 2160 4537 est
2202 4481 2555 4538 Laodiceam.
2586 4483 2892 4555 lmperante
2927 4485 3178 4539 Romano
3204 4485 3518 4558 Lacapeuo,

1940 4571 2122 4629 iactus
2182 4583 2267 4630 est
2320 4575 2635 4644 patriarcha
2685 4575 3334 4647 Constantinopolitanus
3395 4578 3516 4635 Ste-

249 4678 376 4733 της.
423 4664 536 4716 Kal
581 4666 610 4718 6
659 4666 908 4736 ἀοίδιμος
948 4665 1203 4737 βασιλεὺς
1246 4666 1414 4736 κῦρος
1455 4668 1768 4738 Νικηφόρος
1807 4670 1830 4720 6

1944 4668 2160 4738 phanus
2213 4667 2546 4734 eunuchus,
2611 4669 2854 4725 Amaseat
2915 4673 3390 4742 metropolitanus.
3459 4673 3523 4726 Et

249 4755 470 4820 Φωκᾶς,
504 4755 613 4810 ἀπὸ
644 4757 744 4827 τῆς
785 4757 1090 4827 Φλαμιάδος
1107 4759 1150 4790 ⁸⁷
1173 4757 1396 4827 ἀγαγὼν
1421 4758 1512 4812 τὸν
1534 4759 1834 4812 ἐπίσκοπον

255 4846 578 4914 Εὐστάθιον,
638 4851 792 4920 κοινῇ
831 4848 996 4921 ψήφῳ
1040 4849 1264 4924 ἐποίησε
1303 4851 1652 4923 πατριάρχην
1711 4851 1833 4905 Ἀν-

253 4941 492 5012 τιοχείας
519 4942 622 5014 τῆς
654 4943 919 5014 μεγάλης.
959 4942 1082 4996 Ἐπὶ
1102 4943 1223 5012 τῆς.
1242 4941 1518 5012 βασιλείας
1548 4943 1835 4997 Βασιλείου

253 5033 348 5085 τοῦ
371 5034 889 5106 Πορφυρογεννήτου
917 5032 1073 5102 ἐδόθη
1098 5031 1178 5104 τῷ
1207 5033 1576 5105 μητροπολίτῃ
1605 5035 1838 5106 Πατρῶν

257 5124 291 5193 ἡ
327 5124 607 5194 ἑπισκοπὴ
641 5104 932 5196 Κορίνθου,
963 5124 1039 5188 ὡς
1067 5125 1272 5196 γράφει
1349 5104 1679 5188 Σεϐαστείας
1703 5104 1838 5180 Θεό-

257 5218 449 5290 δωρος,
477 5217 572 5272 καὶ
592 5218 746 5272 Λέων
767 5217 1037 5272 Συνάδων.
1067 5217 1190 5272 Ἐπὶ
1215 5220 1314 5288 τῆς
1339 5217 1511 5287 αὐτῆς
1534 5218 1836 5288 βασιλείας,

262 5307 406 5361 κατά
434 5307 536 5380 τὴν
571 5307 942 5378 τοῦαΣκληροῡ
966 5306 1324 5373 ἀποστασίαν,
1356 5307 1432 5370 ὡς
1455 5308 1657 5379 γράφει
1686 5309 1714 5362 6
1737 5308 1837 5362 αὐ-

257 5399 348 5462 τὸς
381 5399 676 5471 Θεόδωρος,
722 5399 986 5470 Ἀγάπιος
1027 5402 1056 5454 6
1098 5399 1419 5464 Σελευκείας
1459 5401 1558 5471 τῆς
1610 5401 1836 5472 Πιερίας

1944 4760 2180 4832 inclytus
2222 4761 2523 4830 imperator
2561 4761 2673 4821 ille.
2704 4761 2964 4818 dominus
3003 4761 3348 4834 Nicephorus
3384 4768 3527 4821 Pho-

1945 4861 2062 4911 cas,
2090 4845 2405 4900 Phlamiade
2423 4850 2448 4888 Β
2473 4847 2768 4903 deductum
2797 4849 3147 4906 Eusta’tltium
3180 4857 3522 4926 episcopum,

1944 4938 2223 4994 communi
2268 4938 2490 4993 decreto
2536 4941 2909 5008 patriarcham
2960 4957 3170 5014 magna:
3214 4946 3362 5000 illius
3408 4949 3523 5002 An-

1945 5029 2160 5085 tiochite
2196 5028 2348 5084 fecit.
2372 5028 2681 5098 lmperante
2710 5029 2913 5085 Basilio
2951 5033 3008 5087 in
3053 5035 3327 5108 porphyra
3371 5050 3522 5103 nam,

1945 5123 2108 5177 datus
2146 5131 2230 5177 cst
2270 5122 2694 5191 metropolitano
2737 5121 2988 5182 Patrensi
3029 5129 3380 5198 episcOpatus
3425 5133 3524 5186 Cn-

1947 5213 2206 5279 rinthius,
2243 5221 2304 5268 ut
2337 5214 2530 5269 scribit
2552 5214 2848 5285 episcopus
2877 5215 3152 5274 Sebasteae
3180 5220 3520 5281 Theodorus.

1945 5317 2000 5362 et
2030 5305 2141 5362 Leo
2169 5304 2526 5378 Syuadensis.
2569 5304 2685 5361 Sub
2711 5306 2958 5376 ejusdem
2986 5311 3242 5378 imperio,
3280 5321 3526 5381 tempore

1945 5398 2277 5454 defectionis
2317 5396 2509 5463 Scleri,
2540 5398 2684 5454 sicut
2733 5398 2876 5455 idem
2912 5400 3004 5456 ille
3031 5401 3354 5457 Theodorus
3402 5419 3518 5457 me-

1563 5565 1799 5625 VARIA‘J
1838 5567 2246 5626 LECTIONES.

334 5704 456 5786 "'1'
483 5705 856 5786 ςΡεὸερέντιος
875 5707 1173 5786 ἐπίσκοπος
1339 5711 1526 5786 ἀρκῶν
1555 5712 1656 5783 τῆς
1682 5715 1952 5786 φοινίκης.
2031 5713 2086 5786 ⁸¹Α
2108 5712 2556 5786 Ἐλενουπόλεως.
2631 5715 2676 5746 ⁸⁸
2710 5711 3014 5786 Ἀσπώνανξ
3080 5710 3341 5786 Δ⁶³ῌΕὐδοξ
3363 5715 3525 5772 06m-

265 5773 369 5844 λιν,
404 5773 710 5846 Σαλαὸρίαν
743 5780 1112 5852 καλουμένην.
1155 5773 1237 5814 ί⁶δ
1270 5773 1592 5854 Ἀγδαμίας.
1612 5773 1649 5783 ’⁷
1669 5773 1715 5817 ⁸⁵
1755 5773 2180 5839 Πλωτινόπολιν.
2259 5785 2303 5817 ⁸⁸
2327 5785 2385 5848 ἐξ
2406 5773 2812 5854 ἀνταπριστῶν.
2889 5784 2932 5814 ⁶⁷
2954 5781 3270 5847 Φλαὸιάδος.

339 5895 471 5973 bal.
490 5896 836 5973 Reverentia;
855 5900 1122 5973 episcopus
1148 5903 1213 5956 ab
1250 5903 1400 5959 Areis
1429 5899 1730 5968 thniciw,
1767 5914 1814 5957 et
1845 5915 1965 5959 cast.
2026 5915 2048 5942 ε
2072 5904 2306 5972 Αεροητι.
2382 5903 2408 5943 ἀ
2433 5903 2864 5970 Eudoxiopolim,
2901 5918 3016 5973 qua:
3040 5900 3292 5958 Salabria
3309 5906 3525 5966 dicitur.

277 5976 297 6003 ε
330 5970 405 6021 αι.
445 5969 509 6022 ab
535 5971 820 6038 Agdamia.
886 5969 918 6009 ⁷¹
955 5969 1386 6046 αί.νΡοΙῃεανριλε
1404 5991 1467 6030 ex
1508 5976 1830 6045 Antapristis
1872 5986 1894 6023 ε
1921 5977 1991 6030 al.
2031 5969 2302 6029 Flariadc.

533 6065 800 6121 ιἈτιιοι.
851 6065 968 6124 GR.
1019 6068 1213 6127 CXIX

3125 6065 3198 6126 '29
