3950 6564
499 471 619 535 "907

1849 469 1986 533 JUS
2025 471 2269 532 CANON
2281 473 2348 533 [C
2365 474 2472 534 ΠΜ

3660 483 3750 544 905

517 589 707 642 iniuria:
762 586 962 656 prodit,
1001 585 1246 656 Agapius
1293 586 1744 658 archiepiscOpus
1797 589 2080 656 Seleucete,

2197 593 2656 664 άρχιεπίσκοπος,
2707 589 2897 659 γέγονε
2950 590 3295 663 πατριάρχης
3365 591 3746 666 Ἰεροσολύμων.

515 678 757 733 civitatis
790 678 844 732 in
879 676 1060 732 Pieria
1087 678 1225 743 sitat,
1262 677 1439 733 factus
1469 689 1554 734 est
1591 679 2090 749 Hierosolymorum

513 770 826 842 patriarcha
862 789 875 823 :
909 769 1003 840 qui
1056 770 1198 824 hanc
1246 773 1299 824 in
1347 770 1533 826 urbem
1586 773 1884 842 profectus,
1932 774 2094 828 mini-

513 866 746 921 sterium
809 878 1029 920 sacrum
1082 863 1253 918 obivit
1292 879 1399 918 una
1449 880 1574 920 cum
1612 866 1927 922 beatissimo
1965 883 2092 924 san-

511 960 873 1028 ctissimoqtte
923 958 1258 1028 patriarcha,
1309 957 1536 1015 domino
1575 959 1818 1026 Nicolao,
1863 972 1918 1016 et
1963 977 2088 1017 cum

512 1067 669 1108 sacra
720 1051 950 1121 synodo.
995 1051 1313 1106 Celestinus
1362 1067 1500 1122 papa
1555 1051 1838 1110 Romanus
1897 1055 2091 1110 scribit

509 1144 760 1214 epistolis
791 1144 970 1198 tribus
1013 1141 1080 1197 ad
1128 1143 1392 1214 Cyrillum
1434 1144 1886 1211 Alexandrinum,
1917 1145 2086 1202 Joan-

510 1252 633 1291 nem
668 1236 1096 1300 Antiochenum,
1119 1235 1322 1290 Rufum
1338 1234 1912 1304 Thessalonicensem,
1936 1238 2087 1294 nullo

510 1327 671 1380 modo
720 1327 1026 1382 canouibus
1073 1327 1353 1382 adversari
1400 1328 1822 1382 translationem
1871 1327 2086 1397 episco-

509 1433 744 1485 porum,
788 1416 858 1472 ab
925 1432 1034 1471 una
1098 1416 1318 1472 civitate
1371 1416 1424 1470 in
1477 1416 1680 1480 aliam,
1731 1416 2087 1487 quemadmo-

505 1510 635 1564 dum
663 1509 954 1586 Soz'omeni
988 1509 1134 1566 ﬁlius
1162 1509 1412 1566 Hermias
1443 1509 1540 1565 ait.
1569 1509 1783 1580 Quippe
1831 1509 2086 1580 migratio

504 1602 781 1674 prohibita
829 1602 984 1666 esti,
1028 1617 1138 1656 non
1186 1603 1496 1657 translatio.
1539 1601 1798 1658 Silvanus
1845 1601 1937 1657 ille
1977 1600 2082 1656 mi-
2121 1645 2126 1650 .

504 1696 821 1750 raculorum
866 1693 1053 1764 opifex
1095 1707 1126 1746 a
1160 1693 1529 1764 Philippopoli
1560 1693 1812 1749 Thracia:
1845 1693 2083 1750 transla-

506 1794 596 1839 tus
631 1789 716 1839 est
751 1781 1044 1839 Troadem.
1080 1781 1362 1839 Eudoxius
1391 1785 1736 1840 Antiochiam
1783 1785 2084 1840 translatus

503 1866 601 1928 ex'
630 1870 978 1940 Germanica,
1028 1872 1208 1930 factus
1245 1885 1328 1931 est
1373 1875 1536 1930 etiam
1573 1875 1884 1946 patriarcha
1932 1873 2080 1930 Conv

2200 686 2298 750 ’ος
2326 682 2581 738 εἰσελθὼν
2598 681 2852 746 ἐνταῦθα,
2877 683 3367 755 συνελειτούργησε
3398 686 3475 755 τῷ
3495 704 3750 758 μακαριω-

2191 779 2336 844 τάτῳ
2372 777 2466 829 καὶ
2497 775 2790 846 ἁγιωτάτῳ
2834 775 3148 848 πατριάρχῃ
3187 777 3346 848 κυρῷ
3382 777 3644 849 Νικολάῳ,
3669 781 3750 835 καὶ

2189 870 2255 938 τῇ
2285 869 2406 939 ἱερᾷ
2446 867 2667 938 συνόδῳ.
2710 867 2768 920 Ὀ
2813 865 3036 939 Ῥώμης
3068 868 3258 932 πάπας
3283 869 3606 932 Κελεστῖνος
3625 886 3745 939 γρα-

2191 976 2281 1028 φει
2309 959 2376 1012 δι’
2407 958 2710 1012 ἐπιστολῶν
2738 959 2907 1028 τριῶν
2953 958 3092 1030 πρός
3138 975 3198 1012 τε
3225 958 3320 1012 τὸν
3365 955 3746 1032 Ἀλεξανδρείας

2191 1051 2480 1124 Κύριλλον,
2545 1051 2800 1122 Ἰωάννην
2848 1050 2941 1104 τὸν
2998 1051 3359 1122 Ἀντιοχείας,
3395 1053 3493 1106 καὶ
3545 1051 3748 1121 Ῥοῦφον

2184 1142 2608 1213 θεσσαλονίκης,
2663 1142 3036 1214 καταμηδέντι
3071 1143 3477 1214 προσίστασθαι
3516 1147 3622 1208 τοῖς
3657 1163 3744 1200 κα-

2187 1232 2304 1286 νόσι
2355 1231 2452 1303 τὴν
2501 1231 2836 1302 μετάστασιν
2883 1233 2993 1286 τῶν
3040 1233 3386 1299 ἐπισκόπων,
3438 1237 3545 1288 ἀπὸ
3575 1236 3742 1305 ἐτέρας

2187 1326 2395 1389 πόλεως
2419 1327 2500 1390 είς
2531 1326 2747 1398 ἑτέραν,
2779 1327 2854 1391 ὡς
2885 1327 2914 1380 6
2939 1326 3262 1398 Σωζομενοῦ
3291 1329 3446 1396 λέγει
3491 1329 3741 1399 Ἑρμείας.

2188 1419 2311 1473 Ὀτι
2349 1419 2383 1488 ἠ
2417 1417 2717 1488 μετάϐασις
2751 1417 3082 1483 κεκώλυται,
3125 1418 3186 1472 οὐ
3240 1420 3352 1490 μὴν
3381 1421 3414 1488 η
3459 1418 3741 1488 μετάθεσις.

2187 1509 2446 1575 Σιλϐανὸς
2475 1512 2503 1565 6
2532 1509 2948 1582 θαυματουργδς
2993 1511 3105 1565 ἀπὸ
3149 1510 3630 1575 Φιλιππουπόλεως
3660 1513 3742 1582 τῆς

2185 1601 2245 1654 ἐν
2294 1600 2510 1672 Θρᾴκῃ,
2544 1603 2624 1666 είς
2675 1601 2930 1672 Τρωάδα.
2981 1601 3238 1667 Εὑδόξιος
3273 1604 3304 1656 6
3350 1602 3652 1672 μετατεθεὶς
3684 1605 3739 1655 ἐκ

2185 1693 2534 1764 Γερμνικῆς
2579 1693 2659 1757 είς
2720 1693 3076 1764 Ἀντιόχειαν,
3108 1695 3337 1762 ἐγένετο
3369 1695 3464 1747 καὶ
3502 1693 3742 1765 πατριάρ-

2184 1804 2288 1858 χης
2329 1787 2992 1853 Κωνσταντινουπόλεως,
3045 1789 3305 1860 Ἰωάννης
3347 1792 3377 1842 6
3418 1788 3738 1854 Κωδωνᾶτος,

2188 1878 2454 1949 μετετέθη
2483 1879 2594 1933 άπὸ
2625 1879 2720 1933 τοῦ
2773 1880 3172 1950 πατριαρχείου
3222 1881 3328 1951 τῆς
3361 1880 3597 1949 μεγάλης
3640 1881 3740 1932 ‘Av-

505 1964 1056 2034 stantinopolitanus.
1106 1963 1346 2020 Joaunes
1399 1963 1715 2020 Codonatus
1758 1978 1790 2018 a
1843 1963 2080 2033 patriar-

2184 1967 2441 2037 τιοχείας,
2493 1968 2580 2031 είς
2619 1967 2718 2038 τὴν
2758 1969 3094 2040 μητρόπολιν
3134 1969 3330 2038 Τόρων
3352 1969 3419 2000 ⁸⁸⁸
3453 1970 3543 2022 καὶ
3581 1967 3736 2022 πολλοὶ

493 2054 673 2108 ιρΙιοιιι
720 2069 931 2124 magna:
985 2053 1132 2108 illius
1177 2054 1478 2110 Antiochiae
1527 2056 1831 2111 translatus
1875 2063 1961 2110 est
2011 2053 2082 2109 ad

493 2146 852 2216 .metropolim
898 2145 1267 2202 Torensemi.
1324 2147 1540 2218 Aliique
1590 2147 1776 2218 plures
1829 2146 1897 2201 ad
1944 2145 2083 2202 alias

489 2244 670 2306 atque
715 2236 874 2292 alias.
907 2236 966 2291 In
1005 2237 1202 2293 diebus
1245 2245 1425 2294 autem
1467 2239 1647 2294 sancti
1688 2239 1869 2295 Patris
1903 2242 2082 2297 nostri

502 2327 706 2384 Niceta:
729 2331 1069 2399 patriarchae
1103 2330 1725 2401 Constantitwpolitani,
1771 2334 2080 2390 monachus

505 2419 596 2471 ille
635 2416 995 2474 Pentactenes
1045 2427 1100 2475 et
1147 2419 1446 2484 Pentailas,
1493 2421 1728 2490 primum
1758 2437 1790 2478 a
1821 2421 2080 2480 Rosiauis

504 2512 808 2566 translatus
869 2518 954 2565 cst
1023 2509 1092 2565 ad
1140 2510 1677 2582 archiepiscopatum
1739 2512 2078 2570 Lemnium:

503 2600 704 2656 deinde
731 2601 855 2656 data
877 2609 963 2656 est
994 2601 1158 2656 etiam
1177 2602 1224 2656 ei
1246 2600 1525 2659 Maronea.
1552 2603 1859 2674 lmperante
1888 2607 2080 2663 Alexio

503 2695 830 2759 Cornneno,
883 2693 1059 2749 Sabas
1123 2695 1420 2766 episcopus
1477 2695 1741 2754 Caesarea:
1797 2697 2077 2770 Philippi,

501 2785 684 2842 factus
753 2794 836 2863 est
891 2785 1399 2858 Hierosolymorum
1467 2789 1784 2858 patriarcha
1851 2801 1908 2848 et
1971 2794 2080 2850 huc

503 2878 822 2948 profectus,
871 2879 1043 2934 obivit
1101 2879 1471 2936 ministerium
1507 2897 1734 2943 sacrum
1791 2899 1898 2940 una
1951 2900 2078 2941 cum

503 2970 861 3027 sanctissimo
906 2970 1220 3041 patriarcha
1267 2971 1514 3042 Nicolao,
1551 2983 1606 3031 et
1649 2975 1882 3048 synodo.
1913 2976 2078 3035 Nico.

504 3064 626 3120 laus
669 3064 906 3130 Muzalo,
947 3079 1072 3120 cum
1117 3075 1237 3121 erat
1281 3066 1730 3140 archiepiscopus
1765 3068 1954 3142 Cypri,
1986 3085 2077 3127 re-

503 3154 778 3211 nuntiavit
823 3154 876 3210 ei
922 3159 1124 3210 throno
1161 3170 1176 3208 :
1213 3155 1450 3226 dataque
1491 3167 1575 3212 est
1615 3158 1665 3212 ei
1710 3160 1923 3216 mansio
1943 3159 2080 3218 Cos-

499 3246 682 3312 midii,
715 3245 806 3302 cui
833 3244 1053 3318 praefuit
1113 3247 1344 3304 annis...
1376 3247 1574 3306 deinde
1600 3249 1778 3308 factus
1805 3263 1891 3310 est
1908 3256 2075 3308 etiam

2183 2052 2382 2124 ἕτεροι,
2431 2055 2513 2117 είς
2559 2053 2726 2118 ἄλλας
2773 2055 2867 2108 καὶ
2902 2054 3090 2118 ἄλλας.
3141 2049 3270 2107 Ἐπὶ
3295 2053 3357 2108 δέ
3387 2053 3497 2108 τῶν
3545 2053 3735 2126 ἡμερῶν

2183 2143 2278 2198 τοῦ
2307 2143 2456 2198 ὁσίου
2503 2144 2718 2216 Πατρδς
2767 2145 2926 2216 ἡμῶν
2969 2145 3186 2216 Νικήτα
3231 2145 3572 2216 πατριάρχου
3603 2148 3732 2200 Κων-

2184 2233 2710 2300 σταντινουπόλεως,
2755 2236 2784 2288 6
2813 2234 3047 2306 μοναχδς
3087 2235 3470 2306 Πεντακτένης
3501 2238 3588 2289 καὶ
3624 2237 3734 2289 Πεν-

2180 2324 2392 2388 ταῖλᾰς,
2442 2324 2552 2380 ἀπὸ
2600 2323 2910 2380 Ῥωσιάνων
2952 2327 3222 2398 πρότερον
3257 2327 3519 2398 μετετέθη
3561 2328 3632 2391 είς
3653 2327 3730 2397 τὴν

2181 2415 2616 2488 ἁρχιεπισκοπὴν
2646 2417 2871 2487 Λῆμνον
2893 2435 2908 2451 ·
2950 2413 3070 2472 εἷτα
3094 2419 3256 2490 ἐδόθη
3295 2418 3444 2489 αὐτῷ
3469 2419 3557 2472 καὶΙ
3579 2421 3608 2490 ἡ
3630 2420 3729 2472 Μα-

2185 2508 2404 2578 ρώνεια.
2449 2508 2571 2562 Ἐπὶ
2610 2512 2710 2579 τῆς
2741 2509 3020 2580 βασιλείας
3065 2511 3310 2578 Ἀλεξίου
3347 2512 3440 2565 τοῦ
3467 2511 3718 2582 Κομνηνοῦ

2180 2597 2360 2662 Σάϐας
2403 2599 2742 2672 Καισαρείας
2781 2600 2880 2672 τῆς
2925 2601 3233 2668 Φιλίππου,
3269 2603 3461 2672 γέγονε
3497 2602 3729 2674 πατριάρ-

2179 2706 2284 2760 χης
2325 2689 2716 2764 Ἱεροσολύμων
2735 2710 2748 2725 ο
2770 2694 2865 2746 καὶ
2895 2692 3065 2747 ἐλθὼν
3097 2694 3364 2763 ἐνταῦθα,
3402 2693 3726 2763 συνελειτούρ-

2179 2802 2318 2855 γησε
2382 2787 2462 2858 τῷ
2521 2787 2810 2859 ἁγιωτάτῳ
2861 2788 3179 2860 πατριάρχῃ
3232 2788 3488 2858 Νικολάῳ
3544 2789 3628 2842 καὶ
3670 2790 3730 2857 τῇ

2181 2877 2406 2950 συνόδῳ.
2446 2879 2717 2945 Νικόλαος
2749 2883 2777 2934 6
2818 2880 3142 2946 Μουζάλων,
3186 2882 3608 2953 άρχιεπίσκοπος
3633 2881 3724 2932 Κύ-

2181 2986 2321 3040 πρου
2364 2969 2675 3040 γενόμενος,
2727 2973 3084 3043 παρῃτήσατο
3130 2972 3226 3026 τὸν
3284 2973 3471 3044 θρόνον
3512 2973 3601 3041 τῆς
3635 2969 3724 3023 Κύ-

2180 3078 2320 3133 πρου
2340 3079 2356 3092 ·
2393 3061 2491 3116 καὶ
2523 3061 2680 3134 ἐδόθη
2712 3063 2862 3134 αὐτῷ
2906 3064 2940 3134 ἡ
2991 3063 3127 3136 μονὴ
3169 3064 3274 3118 τοῦ
3321 3063 3619 3134 Κοσμιδίου,
3649 3059 3724 3114 καὶ

2179 3152 2422 3225 προέστη
2470 3153 2646 3224 αὐτῆς
2683 3156 2778 3210 ἐπὶ
2828 3155 3064 3226 χρόνοις.
3099 3196 3115 3212 .
3164 3195 3180 3212 .
3222 3196 3240 3212 .
3277 3194 3295 3212 .
3335 3157 3520 3210 ἔπειτα
3566 3155 3721 3223 γέγονε

2179 3242 2277 3298 καὶ
2329 3243 2677 3316 πατριάρχης
2737 3245 3400 3311 Κωνσταντινουπόλεως.
3471 3246 3583 3299 Ἐπὶ
3643 3241 3720 3296 τοῦ

500 3339 811 3410 patriarcha
853 3336 1520 3410 Constantinopolitanus.
1565 3341 1678 3398 Sub
1720 3345 2076 3403 sanctissimo

2181 3337 2484 3406 άγιωτάτου
2506 3339 2870 3412 πατριάρχου,
2895 3340 3065 3413 κυροῦ
3085 3343 3337 3414 Μιχαὴλ,
3364 3339 3717 3412 συμπαρόντων

500 3429 839 3501 patriarcha,
884 3429 1112 3500 domino
1160 3428 1442 3497 Michaele,
1491 3435 1857 3503 praesentibus
1909 3438 2077 3493 etiam

501 3525 869 3592 Antiocheno,
923 3533 980 3582 et
1035 3524 1550 3598 Hierosolymitano,
1600 3535 1656 3582 et
1710 3511 2079 3598 imperatoriis

501 3615 938 3689 magistratibus,
971 3617 1026 3672 in
1065 3615 1294 3687 synodo,
1321 3617 1551 3673 Michael
1597 3618 1822 3690 quidam
1872 3635 2077 3677 renun-

501 3711 674 3767 tiatus
733 3707 1026 3780 episcopus
1074 3709 1357 3776 Amaseae,
1406 3713 1499 3782 qui
1555 3711 1753 3768 deinde
1818 3723 2077 3784 tanquam

499 3815 705 3858 vacans
731 3808 1021 3870 acceperat
1056 3800 1352 3873 Ancyram,
1384 3800 1504 3857 loco
1545 3801 1694 3857 illius
1719 3801 2076 3858 Cerasuntem

503 3891 804 3947 translatus
860 3889 986 3960 fuit,
1018 3893 1180 3962 cujus
1211 3893 1410 3948 throno
1450 3893 1654 3962 potitus
1698 3900 1802 3960 est,
1835 3894 1902 3948 ad
1937 3893 2076 3950 infe-

499 3985 646 4040 riora
669 3983 948 4041 detrusus.
973 3981 1314 4054 Nirephorus
1344 3984 1728 4055 metr0politan
1739 3999 1801 4040 us
1822 3983 2074 4056 Gangrae,

498 4077 680 4134 factus
715 4075 866 4148 prior
891 4075 1178 4142 Cosmidii,
1222 4085 1484 4147 tanquam
1512 4091 1735 4143 vacans,
1778 4077 1991 4146 accepit
2022 4087 2078 4133 et

497 4169 852 4240 metropolim
907 4169 1228 4226 Amastriin.
1275 4167 1766 4240 Leontopolitanus
1822 4169 2074 4242 accepit,

499 4269 562 4317 ut
611 4276 839 4326 vacans,
892 4260 1322 4330 Arcadiopolim.
1373 4259 1677 4332 Episcopus
1721 4261 1942 4334 Athyras
1985 4276 2079 4318 ac—

497 4355 646 4424 cepit
682 4353 1106 4425 Sergentzaml.
1155 4351 1592 4422 Axiopolitanok
1645 4355 1898 4420 vacanti,
1950 4355 2077 4412 data

499 4447 740 4512 primum
784 4453 870 4500 est
911 4444 1136 4514 Abydus
1172 4463 1188 4501 :
1232 4454 1421 4516 postea
1468 4463 1619 4513 vero,
1665 4449 1830 4504 etiam
1874 4448 2073 4520 Apros.

499 4535 778 4606 Episcopo
835 4535 1043 4590 Alanis:
1097 4534 1224 4590 data
1290 4545 1375 4592 est
1429 4536 1814 4608 Soteriopolis.
1880 4539 2077 4596 Petrus

499 4627 736 4698 Mongus
784 4625 1046 4680 mandan
1089 4625 1275 4682 Acacii
1317 4627 1643 4696 patriarchae
1685 4629 2074 4686 Constantino-

499 4717 753 4789 politani,
799 4719 1101 4773 translatus
1139 4727 1222 4774 est
1267 4717 1335 4773 ab
1382 4717 1669 4776 Euchaitis
1716 4720 1783 4775 ad
1837 4723 2074 4793 patriar-

499 4811 725 4866 chatum
757 4811 1207 4866 Alexandrinum.
1234 4809 1531 4868 Narcissus
1570 4811 2073 4887 Hierosolymorum

499 4903 856 4978 patriarcha,
909 4919 976 4960 ex
1028 4905 1341 4974 episcopatu
1398 4905 1681 4961 Fladiadil
1735 4908 1830 4979 qui
1886 4909 2076 4966 subest

406 5011 414 5019 ·
498 4997 788 5067 metropoli
811 4995 1092 5060 Navarzaa,
1112 4996 1340 5052 abduxit
1365 4997 1541 5052 virum
1565 5008 1816 5055 sanctum
1842 4998 2076 5056 Alexan-

498 5090 661 5144 drum
715 5097 771 5145 et
801 5088 1308 5160 Hierosolymorum
1361 5090 1728 5161 patriarcham
1775 5092 2071 5158 ordinavit,

498 5182 807 5252 imperante
875 5180 1187 5237 Alexandro
1228 5183 1466 5240 Mamaea:
1515 5185 1650 5249 lilio,
1696 5185 1839 5241 sicut
1900 5185 2076 5256 inquit

497 5273 775 5330 Eusebius
804 5273 1179 5345 Pamphilides
1225 5277 1342 5332 suis
1364 5277 1428 5332 in
1460 5277 1705 5334 historiis
1729 5277 2078 5333 ecclesiasti-

497 5364 605 5429 cis,
645 5379 709 5418 ac
736 5380 848 5421 non
880 5367 936 5420 in
962 5365 1106 5420 libro
1136 5365 1634 5423 Demonstrationis
1659 5367 2070 5424 ecclesiasticae.

496 5453 580 5510 Ex
625 5456 817 5512 eodem
867 5457 1186 5527 episcopatu
1268 5458 1546 5514 Fladiadis
1593 5458 1847 5514 dominus
1916 5459 2076 5514 Nice-

496 5548 704 5618 pliorus
758 5547 1011 5616 Phocas,
1075 5549 1352 5603 communi
1415 5549 1636 5604 decreto
1697 5565 1793 5618 per
1853 5561 2072 5604 auream

2179 3431 2274 3484 καὶ
2311 3431 2406 3486 τοῦ
2474 3432 2829 3504 Ἀντιοχείας,
2879 3435 2976 3488 καὶ
3017 3433 3115 3489 τοῦ
3183 3434 3591 3507 Ἱεροσολύμων,
3643 3428 3719 3483 καὶ

2177 3524 2457 3596 ἀρχόντων
2487 3524 2805 3595 βασιλικῶν,
2837 3525 3152 3592 συνοδικῶς,
3182 3526 3413 3598 Μιχαὴλ
3453 3543 3531 3587 τις
3558 3527 3715 3590 ἐπικη-

2181 3616 2405 3688 ρυχθεὶς
2442 3615 2764 3686 Ἀμασείας,
2796 3613 2917 3672 εἶτα
2941 3618 3018 3682 ὡς
3041 3615 3331 3688 σχολάζων
3358 3617 3457 3690 τὴν
3483 3615 3716 3682 ’Δγκυραν

2177 3707 2380 3773 λαϐὼν,
2437 3708 2533 3763 καὶ
2579 3709 2672 3764 τὸν
2701 3708 2866 3764 τόπον
2922 3710 3117 3781 αὐτῆς,
3147 3712 3218 3782 τῇ
3251 3709 3348 3764 τοῦ
3391 3705 3715 3779 Κερασοῦντος

2182 3798 2468 3870 μετετέθη.
2501 3800 2613 3856 Καὶ
2647 3799 2740 3855 τοῦ
2767 3801 2958 3872 θρόνου
2990 3801 3198 3874 ταύτης
3227 3802 3502 3873 ἐγκρατὴς
3531 3798 3714 3867 γέγονεν

2179 3890 2590 3956 ὕποϐιϐασθείς.
2639 3892 2960 3963 Νικηφόρος
3006 3894 3419 3964 μητροπολίτης
3469 3891 3712 3958 Γάγγραςο

2176 3981 2481 4054 ἡγούμενος
2525 3982 2767 4053 γεγονὼς
2806 3983 2902 4038 τοῦ
2948 3985 3274 4054 Κοσμιδίου,
3315 3982 3503 4038 ἐλαϐεν
3529 3981 3594 4042 ὡς
3619 3991 3714 4046 axo-

2177 4075 2357 4141 λάζων
2393 4078 2488 4131 καὶ
2529 4076 2629 4148 τὴν
2660 4076 2996 4149 μητρόπολιν
3028 4078 3361 4148 Ἄμαστριν.
3404 4076 3462 4130 ’0
3495 4075 3712 4128 Δεοντου-
3758 4079 3764 4091 ·

2179 4168 2388 4232 πόλεως
2413 4167 2608 4223 ἐλαϐεν
2633 4169 2709 4232 ὡς
2749 4168 3027 4240 σχολάζων
3048 4168 3148 4240 τὴν
3188 4165 3634 4239 Ἀρκαδιούπολιν.
3667 4159 3711 4212 '0

2179 4260 2481 4325 ἐπίσκοπος
2544 4260 2750 4330 Ἀθύρα
2813 4261 2974 4314 ἔλαϐε
3032 4261 3135 4334 τὴν
3187 4259 3519 4331 Σεργέντζην
3540 4258 3598 4308 ⁸³.
3641 4250 3711 4320 Τῷ

2191 4352 2657 4419 ’Δξιουπόλεωςτθ
2720 4351 3073 4424 σχολάζοντι,
3148 4351 3309 4423 ἐδόθη
3381 4349 3624 4422 πρότερον
3683 4343 3708 4410 ἡ

2182 4446 2440 4509 Ἄϐυδος·
2473 4444 2703 4518 ὕστερον
2743 4445 2836 4510 δὲ,
2875 4447 2972 4500 καὶ
3011 4447 3040 4500 6
3077 4445 3324 4516 ’Δπρως.
3371 4441 3459 4512 Τῷ
3505 4435 3710 4497 Ἀλανίας

2177 4539 2333 4612 ἐδόθη
2379 4540 2412 4612 ἡ
2460 4538 2917 4610 Σωτηριούπολις.
2970 4537 3178 4610 Πέτρος
3221 4539 3252 4591 6
3291 4533 3504 4605 Μογγδς
3552 4526 3706 4594 ἐντολῇ

2193 4629 2447 4684 ’Δκακίου
2497 4630 2840 4700 πατριάρχου
2887 4628 3549 4689 Κωνσταντινουπόλεως,
3607 4633 3710 4689 μετ’

2105 4686 2152 4743 D
2183 4722 2345 4793 ετέθη
2370 4721 2476 4776 άπὸ
2501 4686 2782 4793 Εὐχαῖτων
2823 4722 2907 4786 είς
2945 4719 3357 4791 ’Δλεξάνδρειαν
3385 4686 3706 4786 πατρίάρὶηςο

2195 4813 2254 4867 '0
2298 4812 2645 4885 πατριάρχης
2703 4809 3094 4882 Ἱεροσολύμων
3133 4810 3464 4880 Νάρκισσος,
3507 4801 3603 4855 ἀπὸ
3631 4795 3708 4860 τῆς

2180 4904 2486 4975 ἐπισκοπῆς
2514 4902 2810 4958 Φλαδιάδου
2829 4902 2899 4968 ⁷⁸,
2925 4902 3049 4973 ἥτις
3088 4899 3241 4953 ἐστὶν
3289 4897 3395 4951 ὑπὸ
3421 4895 3512 4962 τὴν
3542 4886 3708 4962 μητρό-

2183 4995 2340 5051 πολιν
2375 4995 2696 5066 Ναυάρζης,
2729 4995 2910 5064 ἧγαγε
2952 4992 3042 5047 τὸν
3077 4992 3134 5048 ἐν
3165 4990 3342 5059 άγίοις
3385 4981 3705 5049 Ἀλέξανδρον,

2181 5088 2276 5143 καὶ
2327 5087 2706 5158 ἐχειροτόνησε
2769 5084 3121 5158 πατριάρχην
3191 5078 3581 5153 Ἰεροσολύμων,
3637 5065 3708 5118 ἐπὶ

2179 5181 2278 5252 τῆς
2325 5180 2604 5246 βασιλείας
2655 5177 3010 5248 Ἀλεξάνδρου
3044 5175 3140 5229 τοῦ
3170 5171 3450 5244 Μαμαίας,
3477 5167 3546 5227 ὥς
3571 5173 3703 5252 lim":

2180 5251 2440 5336 Εὖσέὸιος
2463 5273 2490 5326 ὁ
2522 5271 2811 5342 Παμφίλου
2845 5273 2903 5326 ἐν
2931 5270 3052 5332 ταῖς
3076 5259 3544 5336 ἐκκλησιαστικαῖς
3571 5251 3702 5349 αὑτρυ

2184 5365 2470 5434 ἱστορίαις,
2504 5365 2600 5417 καὶ
2628 5364 2751 5435 οὐχὶ
2775 5365 2832 5416 ἐν
2865 5365 2932 5434 τῇ
2963 5361 3133 5434 βίϐλῳ
3164 5359 3266 5430 τῆς
3294 5351 3700 5444 ἐκκλησιαστιξης

2182 5457 2348 5513 αὑτοῦ
2379 5457 2728 5524 ἀποδείξεως.
2781 5455 2913 5510 Ἀπὸ
2939 5456 3040 5524 τῆς
3081 5454 3250 5522 αὐτῆς
3294 5444 3573 5510 ἐπισκοπῆς
3593 5436 3698 5524 QZ“:

2182 5551 2360 5613 διάδος
2393 5553 2420 5606 ὁ
2465 5519 2634 5620 κῦρος
2664 5519 2979 5620 Νικηφόρος
2997 5519 3035 5601 ’ὁ
3064 5519 3257 5608 Φωκάς
3288 5541 3434 5609 κοινῇ
3463 5534 3607 5604 ψήφῳ
3626 5519 3693 5576 διὰ

1806 5667 2040 5725 νΑΙίΙᾸΕ
2067 5668 2361 5725 LECTION
2373 5668 2474 5723 ES.

570 5760 616 5791 ⁸⁸
645 5759 886 5832 Τυρίων,
960 5760 1006 5794 ⁸⁸
1033 5758 1418 5831 Σεργενίτζην.
1495 5759 1538 5791 "°
1569 5759 2046 5825 ’Δλεξιουπόλεως.

566 5861 594 5900 h
633 5875 790 5930 quam
839 5869 1024 5930 sponte
1086 5859 1203 5930 quis
1257 5857 1508 5913 instituit.
1591 5870 1609 5899 ι
1658 5858 1978 5928 Tyriensem.

498 5930 796 5987 Flaviadis.

2123 5761 2167 5793 “
2189 5760 2500 5822 Φλαδιάδος,
2537 5751 2680 5813 forte
2712 5755 3030 5818 Φλαϐιάδος.

2091 5855 2104 5907 i
2140 5857 2527 5929 Sergeuitzam.

2653 5856 2678 5894 ι
2701 5852 3148 5923 Alexiopolitano.
3230 5848 3249 5888 ι
3281 5841 3541 5903 Fladiadis
3576 5833 3683 5905 forte
