3950 6572
349 421 463 486 909

1626 409 2325 473 GRECO-ROMANUM.

3496 400 3597 466 910

352 525 748 600 χρυσοὸούλλου
789 521 955 577 αὐτοῦ
983 518 1213 591 ἀγαγὼν
1238 521 1331 576 τὸν
1363 520 1663 575 ἐπίσκοπον
1687 520 1926 592 Εὐστράο

2051 518 2235 574 iullam
2286 529 2478 578 suam,
2523 512 2814 568 deductum
2868 512 3182 582 episcopum
3229 512 3595 581 Eustratium,

346 636 482 684 τιον,
502 615 728 687 ἐποίησε
749 614 1193 688 χειροτονηθῆναι
1214 611 1562 685 πατριάρχην
1594 612 1922 684 ’Δντιοχείας

349 709 448 778 τῆς
502 707 768 777 μεγάλης,
815 702 1269 775 ἀποσπασθείσης
1306 704 1407 773 τῆς
1431 702 1766 774 δηλωθείσης
1801 705 1926 757 ἑπι-

2026 611 2238 664 curavit
2278 606 2522 663 ordinari
2577 604 2948 677 palriarcham
2996 604 3300 661 Antiochia
3349 621 3598 676 magnae;

2024 715 2147 756 cum
2201 699 2249 755 is
2301 701 2652 769 episcopatus
2713 698 2942 754 avulsus
3007 704 3155 754 esset
3224 698 3296 753 ab
3357 699 3602 754 iudicato

352 797 564 866 σκοπῆς
593 796 940 868 Ναουάρςου,
971 795 1064 849 καὶ
1100 794 1395 865 ἐνωθείσης
1434 791 1514 864 τῷ
1549 794 1926 867 πατριαρχείῳ

2051 793 2344 864 :pisc0patu
2388 791 2670 856 Navarzze,
2705 799 2872 864 atque
2903 791 3092 848 unitus
3125 792 3474 852 Antiocheuo
3505 808 3602 864 pa-

360 887 714 958 Ἀντιοχείας.

383 1024 472 1077 ΤΟ
499 1022 846 1077 ΚΑΘΗΚΟΝ
887 1021 1008 1078 ΚΑΙ
1047 1021 1222 1078 ΟΡΟΣ
1252 1023 1391 1078 ΤΟΥ
1428 1021 1889 1079 ΠΑΤΡῘΑΡΧΟΥ.

357 1144 490 1196 Ἀπὸ
523 1140 628 1196 τοῦ
658 1141 914 1210 νομίμου
939 1140 1186 1204 ,βιϐλίου
1220 1140 1564 1210 Βασιλείου.
1601 1143 1924 1194 Κωνσταν-

423 1208 763 1335 rigua.de
798 1208 1082 1278 Λέοντος,
1130 1211 1250 1265 ἀπὸ
1299 1211 1406 1265 τοῦ
1435 1208 1500 1275 ,β’
1548 1210 1772 1278 τίτλου,
1825 1226 1926 1278 κρ-

423 1300 459 1336 cc
548 1322 562 1336 .
654 1320 670 1336 .

463 1300 562 1336 tu.
595 1300 670 1336 α.

416 1300 774 1461 ῗΙατριάρχης
823 1390 972 1443 ἐστὶν
1029 1388 1198 1445 είκὼν
1244 1390 1484 1461 Χριστοῦ
1537 1389 1800 1463 ἔμψυχος,
1859 1390 1926 1444 δι’

347 1482 532 1551 ἔργων
558 1481 654 1534 καὶ
678 1480 853 1549 λόγων
883 1482 940 1534 ὲν
969 1482 1141 1554 ἑαυτῇ
1167 1481 1651 1554 χαρακτηρίζουσα
1678 1483 1778 1553 τὴν
1800 1481 1930 1552 ἁλή-

350 1574 634 1729 θ-ἒ>ἴοπὸς
659 1665 738 1738 τῷ
764 1663 1104 1736 πατριάρχῃ,
1139 1663 1360 1734 πρῶτον
1407 1665 1526 1735 μὲν,
1571 1664 1665 1730 οὓς
1693 1665 1758 1719 ὲκ
1794 1667 1930 1720 θεου

345 1754 684 1824 παρέλαϐεν,
737 1759 795 1810 ὲν
835 1755 1088 1826 εὐσεὸείᾳ
1114 1757 1207 1809 καὶ
1252 1755 1546 1828 σεμνότητι
1583 1755 1700 1826 βίου
1738 1757 1930 1826 διαφυ-

2027 885 2371 941 triarcltatui.

2111 1021 2437 1080 OFFI‘CIUM
2495 1022 2587 1078 ΕΤ
2631 1023 2975 1081 DEFINITIO
3024 1019 3522 1080 PATRIARCHE.

2031 1131 2295 1206 Eelibro
2339 1133 2404 1189 de
2437 1133 2581 1206 jure,
2629 1136 2720 1205 qui
2766 1143 2844 1190 est
2886 1133 3102 1201 Basilii,
3149 1135 3514 1203 Constantini,
3553 1145 3604 1191 et

2501 1205 2710 1274 Leonis,
2739 1208 2822 1260 tit.
2857 1216 3061 1276 tt,'cap.
3092 1222 3132 1263 ι.
3415 1241 3418 1244 ~

2102 1387 2424 1443 Patriarcha
2474 1397 2559 1444 est
2607 1388 2788 1461 imago
2825 1388 3034 1445 Christi
3079 1388 3202 1446 viva
3247 1398 3301 1446 et
3342 1391 3604 1460 animata,

2033 1480 2294 1551 operibus
2323 1489 2377 1535 et
2413 1475 2619 1537 verbis’
2625 1479 2774 1540 in-se
2808 1483 2927 1552 ipsa
2954 1481 3240 1538 veritatem
3265 1485 3603 1555 exprimens.

2106 1660 2319 1732 Scopus
2355 1661 2683 1733 patriarchae
2711 1663 3050 1735 propositus,
3080 1671 3166 1722 est
3215 1639 3454 1736 primum
3489 1667 3609 1736 qui-

2032 1753 2178 1840 dem,
2215 1765 2276 1812 ut
2327 1771 2467 1828 quos
2521 1770 2551 1811 a
2599 1756 2712 1812 Deo
2750 1757 2981 1828 accepit,
3014 1757 3071 1813 in
3100 1759 3304 1829 pietate
3341 1775 3405 1816 ac
3438 1760 3610 1814 hone-

344 1843 530 1909 λάξαι.
562 1847 796 1901 Ἔπειτα
829 1847 886 1902 δὲ
914 1847 1012 1902 καὶ⁸
1048 1846 1261 1911 πάντας
1287 1847 1414 1911 τοὺς
1445 1849 1756 1919 αίρετικοὺς
1785 1848 1930 1903 κατά

2051 1854 2172 1901 state
2212 1847 2335 1902 vitae
2367 1855 2677 1904 conservet.
2719 1847 2954 1910 Deinde,
2989 1856 3050 1904 ut
3096 1863 3290 1906 omnes
3317 1849 3610 1908 haereticos

344 1939 412 1993 τὸ
433 1939 660 1994 δυνατὸν
686 1940 864 2011 αὐτῷ,
900 1939 1038 2012 πρὸς
1061 1940 1162 2012 τὴν
1191 1939 1506 2010 όρθοδοξίαν
1537 1940 1631 1994 καὶ
1669 1941 1768 2014 τὴν
1797 1940 1931 1996 ἕνω-

349 2048 437 2086 σιν
477 2032 580 2103 τῆς
629 2034 959 2105 Ἐκκλησίας
1005 2037 1376 2109 ἐπιστρέφειν.
1423 2037 1706 2108 Αίρετικοὶ
1737 2037 1796 2101 δὲ
1820 2039 1930 2102 τοῖς

346 2125 536 2195 νόμοις
565 2127 659 2180 καὶ
686 2129 802 2190 τοῖς
831 2127 1021 2182 κανόσι
1047 2127 1361 2195 καλοῦνται,
1387 2130 1436 2182 oi
1465 2131 1533 2199 τῇ
1560 2128 1822 2200 καθολικῇ
1856 2129 1930 2200 μὴ

347 2216 739 2282 κοινωνοῦντες
786 2218 1106 2290 Ἐκκλησία,
1157 2218 1237 2272 ἐτι
1267 2220 1324 2274 δὲ
1349 2218 1442 2272 καὶ
1483 2220 1610 2283 τοὺς
1639 2220 1929 2284 ἀπίστους,

346 2309 445 2362 διὰ
472 2311 568 2380 τῆς
596 2310 876 2382 λαμπρᾶς,
926 2312 1022 2366 καὶ
1053 2312 1557 2384 περιφανεστάτης,
1589 2313 1684 2366 κα)⁸
1718 2313 1934 2384 θαυμα-

351 2394 475 2458 σίας
515 2397 679 2450 αὑτοῦ
715 2402 968 2471 πράξεως
1025 2400 1367 2472 ἐκπλήττων,
1407 2400 1654 2472 μιμητὰς
1701 2405 1930 2476 ποιῆσαι

349 2487 451 2557 τῆς
485 2487 743 2554 πίστεως.

427 2581 596 2646 Τέλος
638 2583 716 2654 τῷ
746 2584 1096 2660 πατριάρχῃ,
1127 2588 1159 2656 ἠ
1188 2586 1298 2641 τῶν
1335 2589 1934 2660 καταπεπιστευμένων

349 2673 506 2744 αὐτῷ
530 2673 717 2747 ψυχῶν
740 2677 1002 2749 σωτηρία,
1026 2679 1201 2733 καὶτὸ
1224 2679 1323 2751 ζῇν
1351 2680 1448 2751 μὲν
1468 2681 1712 2752 Χριστῷ,
1744 2683 1938 2736 ἐσταυ-

354 2766 561 2837 ρῶσθαι
589 2768 644 2821 δὲ
669 2767 746 2839 τῷ
777 2769 984 2839 κόσμῳ.

433 2859 573 2913 ’ίδια
610 2861 974 2932 πατριάρχου,
1029 2861 1089 2915 τὸ
1127 2857 1267 2916 εἶναι
1321 2863 1652 2928 διδακτικδν,
1692 2865 1753 2919 τὸ
1799 2866 1938 2938 πρὸς

354 2949 589 3014 πάντας,
637 2950 876 3022 ὑψηλούς
902 2970 962 3006 τε
995 2953 1089 3006 καὶ
1127 2955 1436 3021 ταπεινοὺς,
1474 2957 1937 3028 ἀστενοχωρὴτως

354 3041 694 3106 ἐξισοῦσθαι.
731 3045 839 3098 Καὶ
867 3048 1044 3118 πρᾷον
1073 3046 1171 3118 μὲν
1205 3043 1346 3101 εἶναι
1375 3050 1510 3120 πρὸς
1539 3051 1784 3114 ἅπαντας
1811 3051 1938 3116 τοὺς

355 3134 806 3206 ἐντυγχάνοντας,
857 3139 959 3192 κάν
991 3141 1109 3202 ταῖς
1153 3140 1555 3206 διδασκαλίαιςο
1611 3141 1926 3212 ἐλεγκτικὸν

2033 1951 2130 2008 pro
2181 1938 2324 1993 virili
2375 1954 2477 1995 sua
2523 1947 2811 1996 convertat
2860 1939 2928 1994 ad
2961 1949 3166 1996 rectam
3199 1943 3447 1999 veritatis
3478 1957 3610 1998 sen-

2035 2029 2280 2096 tentiam,
2329 2039 2384 2086 et
2432 2030 2698 2085 unitatem
2744 2028 3027 2086 Ecclesiae.
3089 2008 3372 2087 Vocantur
3425 2041 3609 2087 autem

2032 2119 2278 2175 hieretici
2329 2129 2436 2182 tam
2480 2121 2532 2175 in
2572 2121 2780 2194 legibus
2834 2137 2996 2193 quam
3030 2123 3333 2180 canonibus
3372 2125 3466 2196 qui
3503 2125 3611 2181 Ec-

2032 2214 2214 2269 clesiae
2260 2211 2547 2270 catholicae
2591 2217 2858 2271 societate
2899 2231 3010 2270 non
3058 2216 3432 2273 continentur.
3463 2217 3612 2274 Prae-

2034 2312 2184 2360 terea
2234 2311 2293 2358 ut
2330 2302 2584 2360 inﬁdeles
2617 2319 2834 2376 quoque
2868 2304 3058 2372 claris,
3100 2313 3155 2362 et
3200 2305 3610 2376 illustrissiinis,

2033 2404 2088 2453 et
2131 2397 2548 2454 admirabilibus
2599 2397 2758 2456 factis
2788 2399 2909 2457 suis
2943 2399 3340 2471 stupefaciens,
3372 2401 3614 2457 imitato-

2035 2505 2123 2545 res
2155 2489 2280 2546 ﬁdei
2312 2492 2522 2547 reddat.
3509 2507 3514 2516 ’

2105 2579 2259 2638 Finis
2317 2583 2691 2654 patriarchae,
2757 2585 3091 2640 creditarum
3149 2584 3251 2641 sibi
3306 2584 3612 2640 animarum

2037 2673 2209 2740 salus,
2241 2685 2296 2730 et
2335 2675 2557 2731 Christo
2588 2673 2807 2746 quidem
2847 2675 3052 2744 vivere,
3092 2675 3296 2732 mundo
3328 2691 3458 2733 vero
3487 2691 3614 2732 cru-

2037 2764 2257 2820 ciﬁxum
2291 2781 2436 2824 esse.

2111 2857 2337 2930 Propria
2393 2859 2761 2930 patriarchae,
2797 2860 3058 2918 facultate
3102 2862 3334 2918 docendi
3374 2863 3614 2933 pollere,

2038 2958 2202 3020 atque
2229 2965 2356 3022 erga
2382 2951 2668 3007 universos
2695 2961 2802 3008 tam
2833 2953 3119 3019 sublimes,
3151 2969 3314 3024 quam
3346 2955 3612 3020 humiles,

2040 3039 2383 3110 aequabiliter
2431 3040 2640 3110 absque
2687 3041 2856 3096 animi
2900 3045 3278 3100 contractione
3313 3052 3485 3099 semet
3525 3060 3618 3115 ge-

2041 3145 2183 3187 rere.
2218 3130 2305 3187 Ac
2338 3139 2685 3187 mansuetum
2726 3131 2948 3204 quidem
2993 3149 3115 3191 esse
3157 3151 3286 3207 erga
3325 3151 3514 3191 omnes
3557 3151 3618 3192 se

353 3225 437 3291 δὲ,
468 3227 604 3298 πρὸς
627 3229 751 3292 τοὺς
781 3228 1164 3294 ἀπειθοῦντας.
1216 3233 1388 3304 ’Υπὲρ
1430 3233 1489 3288 δὲ
1515 3234 1615 3306 τῆς
1652 3236 1931 3306 ἀληθείας,

2051 3222 2454 3289 convenientes,
2491 3225 2655 3279 etiam
2703 3225 2761 3279 in
2799 3223 3050 3282 docendo
3079 3242 3094 3281 :
3120 3235 3174 3281 at
3201 3227 3259 3282 in
3289 3228 3619 3300 redarguen-

356 3317 459 3370 καὶ
495 3318 593 3389 τῆς
633 3322 1018 3392 συντηρήσεως
1063 3322 1159 3378 τοῦ
1202 3323 1434 3391 δικαίου,
1489 3327 1587 3380 καὶ
1628 3327 1730 3398 τῆς
1776 3327 1934 3382 εὐσε-

354 3407 544 3473 ϐείας,
578 3409 760 3466 λαλεῖν
804 3411 1037 3468 ἐνώπιον
1080 3413 1346 3484 βασιλέως
1371 3456 1387 3483 ,
1422 3416 1519 3472 καὶ
1565 3416 1641 3491 μὴ
1681 3417 1934 3490 αἰσχύνε-

358 3499 512 3554 σθαι.

432 3591 545 3662 Τῆς
568 3591 842 3658 πολιτείας
863 3594 927 3650 ἐκ
943 3591 1140 3670 ’μερῶν
1169 3597 1267 3653 καὶ
1291 3599 1516 3672 μορίων,
1550 3601 1830 3671 ἀναλόγως
1855 3602 1936 3674 τῷ

353 3682 654 3756 ἀνθρώπῳ,
690 3690 1090 3761 συνισταμένης
1108 3706 1122 3720 °
1163 3691 1231 3745 τὰ
1257 3692 1493 3761 μέγιστα
1522 3694 1616 3747 καὶ
1640 3694 1938 3764 ἀναγκαιό-

352 3791 496 3829 τατα
525 3777 666 3850 μέρη
697 3780 726 3832 ό
766 3779 1020 3850 βασιλεύς
1064 3785 1204 3848 ἐστι,
1235 3787 1332 3839 καὶ
1355 3787 1384 3839 ό
1427 3787 1802 3859 πατριάρχηςι
1845 3788 1938 3842 Atii

354 3869 515 3940 καὶὴ
558 3871 702 3925 κατά
741 3871 919 3946 ψυχὴν
963 3875 1060 3929 καὶ
1100 3875 1262 3947 σῶμα
1301 3877 1411 3931 τῶν
1450 3878 1705 3950 ὑπηκόων
1739 3879 1936 3952 εἰρήνη

355 3959 457 4012 καὶ
485 3960 820 4034 εὐδαιμονία,
853 3964 1136 4036 βασιλείας
1165 3969 1283 4022 ἐστὶ
1311 3969 1406 4023 καὶ
1435 3969 1846 4042 ἀρχιερωσύνης
1877 3971 1936 4025 ἐν

355 4047 513 4122 πάσῃ
533 4052 883 4125 ὁμοφροσύνῃ
917 4056 1231 4126 συμφωνία.

503 4234 656 4288 ΟΣΟΙ
693 4235 1250 4294 ΕΠΕΣΚΟΠΕΥΣΑΝ
1285 4239 1380 4295 EN
1413 4240 1782 4314 ΒΥΖΑΝΤῙῼ.

433 4323 654 4395 Πρῶτος
685 4327 714 4380 ό
742 4328 916 4398 μέγας
956 4330 1258 4394 ἀπόστολος
1289 4331 1544 4404 Ἀνδρέας
1579 4334 1636 4386 ὲν
1664 4333 1816 4405 αὐτῷ
1845 4333 1938 4388 τὸν

352 4413 520 4483 λόγον
547 4417 812 4489 κηρύξας,
843 4420 937 4474 καὶ
959 4421 1250 4493 εὐκτήριον
1271 4417 1419 4478 οἷκον
1447 4424 1624 4495 πέραν
1647 4425 1706 4480 ὲν
1741 4425 1940 4496 Ἀργυ-

352 4506 580 4577 ροπόλει
602 4509 948 4582 δειμάμενος,
981 4516 1278 4585 χειροτονεῖ
1307 4514 1608 4569 ἐπίσκοπον
1633 4517 1735 4588 τῆς
1766 4517 1940 4589 αὐτῆς

1971 4561 2018 4619 D

2035 3314 2124 3370 dis
2169 3314 2608 3380 contumacibus,
2650 3330 2856 3373 acrem.
2899 3315 3011 3373 Pro
3057 3317 3313 3386 veritate,
3351 3333 3416 3374 ac
3472 3319 3616 3390 arqui

2033 3405 2287 3478 jnstique
2319 3406 2763 3474 conservatione,
2796 3423 3008 3481 proque
3037 3409 3261 3480 pietate,
3293 3424 3477 3468 coram
3511 3411 3619 3467 im-

2037 3499 2354 3571 perantibus
2384 3500 2554 3572 loqui,
2589 3515 2690 3558 nec
2719 3503 3066 3560 erubescere.
3629 3573 3639 3586 .

2111 3592 2249 3648 Cum
2282 3585 2596 3664 respublica
2632 3610 2696 3651 ex
2734 3595 2987 3665 partibus
3030 3604 3087 3652 et
3127 3595 3412 3662 membris,
3443 3597 3509 3653 ad
3538 3597 3616 3653 si-

2041 3683 2412 3741 militudinem
2433 3687 2684 3757 corporis
2708 3687 2958 3755 humani,
2987 3695 3224 3757 constet,
3269 3689 3620 3760 amplissimae

2037 3773 2204 3845 hujus
2243 3776 2586 3848 maximeque
2637 3779 2964 3836 necessariae
3004 3789 3188 3852 partes
3228 3789 3380 3848 sunt,
3441 3782 3617 3854 impe-

2039 3881 2196 3924 rator
2227 3877 2282 3925 et
2309 3870 2644 3941 patriarcha.
2677 3871 2917 3942 Ideoque
2947 3872 3294 3930 subditorum
3326 3890 3428 3946 pax
3455 3883 3620 3946 atque

2039 3959 2298 4026 felicitas,
2342 3969 2454 4015 tam
2505 3962 2678 4016 animi
2729 3963 2970 4030 ratione,
3006 3978 3170 4036 quam
3225 3967 3494 4037 corporis,
3536 3974 3621 4024 est

2040 4052 2260 4122 imperii
2309 4062 2476 4125 atque
2526 4053 2882 4125 pontiﬁcatus
2939 4057 2996 4113 in
3053 4055 3208 4113 omni
3264 4060 3619 4116 unanimitate

2040 4159 2375 4201 CODSBRSUS.

2145 4230 2392 4294 SERIES
2443 4237 2932 4297 EPISCOPORUM
2999 4239 3320 4298 BYZANTH
3377 4242 3513 4316 (δυ).

2113 4330 2336 4388 Primus
2387 4331 2479 4389 ille
2531 4349 2765 4405 magnus
2817 4335 3102 4406 apostolus
3157 4338 3440 4406 Andreas,
3493 4353 3618 4395 cum
3707 4411 3713 4418 ε

2039 4421 2289 4494 Byzantii
2343 4423 2650 4480 doctrinam
2701 4424 3110 4501 [Christianam]
3156 4429 3526 4499 praedicasset,
3556 4444 3622 4485 ac

2044 4513 2266 4570 domum
2318 4531 2542 4586 precum
2593 4517 2970 4574 habendarum
3027 4521 3095 4576 ad
3148 4521 3527 4593 Argyropolim
3591 4537 3623 4578 c

352 4595 570 4661 πόλεως
595 4599 820 4670 Στάχυν,
849 4596 912 4657 οὗ
927 4604 1200 4677 μέμνηται
1224 4607 1253 4660 ό
1281 4607 1604 4672 Ἀπόστολος
1621 4611 1679 4664 ὲν
1700 4613 1766 4683 τῇ
1804 4611 1931 4684 πρὸς

2051 4600 2269 4671 regione
2318 4602 2471 4660 urbis
2533 4605 2914 4673 condidisset,
2960 4607 3135 4664 eidem
3185 4611 3309 4666 urbi
3363 4611 3622 4684 Stacliym

365 4685 677 4758 Ῥωμαίους
715 4692 1036 4768 Ἐπιστολῇ·
1071 4698 1286 4770 Στάχυς
1311 4696 1426 4770 οὖν,
1455 4699 1548 4773 ἔτη
1574 4707 1670 4768 ις’.

446 4955 761 5028 Ὀνήσιμος,
791 4959 888 5032 ἐτη
922 4961 1003 5016 ιδ’.

437 5046 578 5100 Πολύ
587 5065 819 5120 καρπος,
852 5051 948 5124 ἐτη
975 5058 1064 5123 ιη’.

435 5139 802 5213 Πλούταρχος,
835 5145 930 5212 ἔτη
958 5152 1058 5211 ις’.

435 5232 720 5301 Σεδεκίων,
753 5235 848 5308 ἐτη
883 5237 948 5292 θ’.

433 5324 708 5395 Διογένης,
742 5327 834 5400 ἔτη
867 5335 949 5384 ιε’.

448 5416 806 5487 Ἐλευθέριος,
838 5420 932 5493 ἔτη
963 5419 1030 5487 ξ’.

435 5504 620 5575 Φῆλιξ,
639 5505 733 5577 ετη
756 5507 819 5562 ε’.

446 5593 824 5667 Ἀθηνογένης,
853 5597 949 5671 ἔτη
979 5596 1044 5654 δ’.
1077 5601 1246 5666 Ουτος
1290 5602 1479 5673 ἕτερον
1523 5597 1672 5657 οἶκον
1725 5604 1938 5661 ἔκτισεν

2045 4691 2268 4749 ordinat
2314 4695 2656 4768 episcopum,
2708 4698 2868 4770 cujus
2926 4701 3175 4758 meminit
3226 4705 3509 4775 apostolus
3565 4705 3622 4761 in

2044 4785 2281 4855 epistola
2346 4786 2416 4842 ad
2485 4783 2786 4848 Romanos.
2856 4790 3046 4865 Itaque
3107 4793 3342 4869 Stachys
3408 4797 3624 4869 praefuit

2045 4877 2204 4934 annis
2235 4889 2348 4934 xvr.

2113 4967 2429 5036 Onesimus,
2456 4985 2548 5023 an.
2583 4986 2704 5025 xiv.

2111 5057 2465 5132 Polycarpus,
2499 5077 2590 5118 an.
2621 5078 2778 5119 xviu.

2115 5151 2469 5220 Plutarchus,
2502 5167 2594 5210 an.
2626 5170 2742 5211 xvr.

2113 5243 2364 5308 Sedecio,
2392 5260 2483 5300 an.
2520 5262 2598 5301 rx.

2114 5335 2414 5406 Diogenes,
2427 5351 2519 5394 an.
2551 5353 2641 5394 xv.

2116 5425 2486 5498 Eleutherius,
2519 5443 2611 5486 an.
2639 5447 2733 5487 vn.

2116 5514 2292 5584 Felix,
2325 5532 2418 5576 an.
2447 5537 2506 5575 v.

2125 5609 2526 5682 Athenogenes,
2560 5631 2652 5670 an.
2685 5632 2760 5671 tv.
2794 5617 2882 5674 hic
2916 5617 3144 5676 alteram
3179 5619 3402 5677 domum
3429 5618 3622 5679 condi-

437 5846 684 5919 (50)0ui
720 5850 920 5910 deinde
976 5853 1080 5910 sub
1126 5853 1489 5914 Constantino
1559 5858 1751 5932 Magno
2143 5872 2270 5922 sunt
2305 5866 2648 5936 patriarchae.
