3950 6572
315 442 417 510 9l3
1586 443 2266 509 GRuECO-ROMANUM
3460 442 3565 506 914

389 558 620 621 Σισίνιος
670 553 1039 627 πρεσϐύτερος
1113 552 1214 623 τῆς
1287 552 1455 622 αὐτῆς
1527 553 1949 625 Ἑκκλησίας,Α

2061 556 2299 611 Sisinius
2358 553 2646 626 presbyter.
2697 551 2940 622 ejusdem
2997 550 3277 610 Ecclesia».
3351 567 3440 610 an.
3512 575 3560 615 ι,

314 653 433 715 ἔτος
468 657 537 715 α’,
573 649 750 720 μῆνας
781 649 832 703 ι’.

695 667 750 714 ις
781 649 832 703 ι’.
1993 663 2164 703 mens.
2202 664 2255 702 ι.

387 745 680 810 Νεστόριος
710 744 739 796 6
771 741 1256 815 ἀνθρωπολάτρης,
1288 740 1661 814 πρεσϐύτερος
1680 741 1888 795 Ἀντιο-

2060 739 2369 805 Nestorius,
2403 739 2643 796 hominis
2683 740 2884 806 cultor,
2933 738 3214 810 presbyter
3261 738 3562 794 Antiochea

313 835 490 907 χείας,
532 831 651 889 εἶτα
675 834 1322 897 Κωνσταντινουπόλεως,
1355 834 1448 904 ἐτη
1484 840 1555 904 γ’,
1588 834 1764 904 μῆνας
1820 831 1873 904 βή

1998 845 2117 896 nus,
2159 839 2345 899 postea
2368 829 3030 900 Constantinopolitanus.
3071 843 3136 882 an
3169 844 3251 892 ιιι,
3288 842 3462 881 mens.
3503 844 3558 881 ιι.

314 920 487 992 οὗτος
515 927 864 999 καθαιρεθεὶς
885 925 1127 994 εὐλόγως
1160 924 1430 996 ἐξωρίσθη
1463 926 1520 980 ἐν
1571 927 1776 980 Ὀάσει.

2003 921 2089 975 Hic
2129 922 2276 991 justa
2304 923 2368 975 de
2401 937 2566 977 causa
2596 921 2898 992 depositus,
2932 920 2990 976 in
3027 918 3212 976 Oasim
3243 918 3563 990 deportatus

1989 1009 2112 1065 fuit.

380 1111 731 1183 Μαξιμιανδς
787 1109 1161 1184 πρεσϐύτερος
1218 1107 1884 1176 Κωνσταντινουπόλεως’,

2074 1096 2424 1156 Maximianus
2523 1100 2812 1172 presbyter
2873 1097 3561 1170 ConstantinOpolitanus,
3617 1166 3634 1175 _

305 1204 404 1274 ἐτη
445 1203 511 1272 β’,
547 1205 724 1274 μῆνας
751 1203 815 1259 ε’.
940 1208 944 1212 ’

940 1208 944 1212 -
1987 1203 2084 1244 an.
2111 1206 2169 1256 ιι,
2205 1207 2378 1248 mens.
2405 1208 2459 1248 ν.

377 1293 646 1364 Πρόκλος,
680 1292 788 1346 ύπδ
840 1292 1077 1346 Σισινίου
1137 1290 1539 1364 χειροτονηθεὶς
1589 1286 1886 1352 ἐπίσκοπος

2074 1278 2343 1346 Proculus,
2369 1296 2398 1335 a
2424 1279 2627 1336 Sisinio
2646 1279 2827 1354 Cyzici
2859 1279 3150 1350 episcopus
3170 1275 3476 1342 ordinatus,
3507 1285 3564 1332 et
3631 1304 3634 1315 ι

303 1386 573 1450 Κυζίκου,
603 1383 696 1437 καὶ
727 1383 802 1454 μὴ
834 1383 1065 1455 δεχθεὶς,
1091 1382 1376 1453 ἐσχόλασε.
1434 1380 1588 1435 Μετά
1635 1380 1692 1434 δὲ
1728 1379 1863 1435 θάνα

2003 1389 2098 1429 non
2131 1373 2430 1440 admissus,
2459 1375 2696 1430 vacavit.
2743 1377 2790 1429 Α
2822 1380 2999 1430 morte
3040 1388 3171 1428 vero
3218 1370 3563 1436 Maximiani,

300 1492 398 1529 τον
437 1475 808 1547 Μαξιμιανοῦ,
837 1477 1028 1545 γέγονε
1067 1472 1713 1538 Κωνσταντινουπόλεως,
1768 1489 1860 1526 κειι

1995 1466 2164 1522 lactus
2192 1475 2277 1522 est
2303 1467 2531 1522 antistes
2552 1465 3081 1536 Constantinopolis,
3119 1479 3242 1520 cum
3278 1464 3427 1519 illius
3459 1478 3555 1520 ca-

305 1567 472 1636 μένου
502 1566 598 1619 τοῦ
629 1565 884 1636 λειψάνου
912 1550 1081 1619 αὑτοῦ
1109 1565 1168 1617 ἐν
1199 1563 1278 1635 τῷ
1306 1563 1602 1634 διακονικῷ
1639 1581 1653 1595 ο
1695 1564 1865 1634 ἀρχιε·

1995 1558 2152 1614 darer
2218 1559 2273 1614 in
2336 1559 2622 1616 diaconico
2672 1559 2901 1630 jaceret.
2955 1556 3181 1613 Praefuit
3243 1553 3555 1612 sacerdotio

303 1657 581 1726 ρατεύσας
613 1656 710 1727 ἐτη
741 1655 829 1727 ιβ’.
1191 1721 1198 1727 λ

1191 1721 1198 1727 ι
1986 1650 2164 1719 primo
2195 1665 2285 1705 an.
2318 1665 2417 1706 xtl.

374 1721 710 1810 Φλαϐιανδς⁷
760 1721 1132 1820 πρεσϐύτερος
1191 1721 1876 1809 ’Κωνσταντινουπόλεωθ

2054 1737 2348 1796 Flavianus
2388 1739 2673 1811 presbyter
2705 1736 3364 1809 Constantinopolitanus,
3396 1751 3465 1792 an
3492 1751 3555 1800 ιι.

295 1837 400 1908 ἔτη
429 1838 702 1908 β’,.μῆνας
731 1845 808 1904 ς’.
840 1834 1006 1904 Οὗτος
1032 1838 1296 1912 ἐξεϐλήθη
1340 1839 1446 1892 ὑπὸ
1483 1837 1774 1908 Διοσκόρου
1823 1838 1855 1889 ἐ⁴

2001 1843 2156 1885 nens.
2193 1845 2270 1885 \‘l.
2306 1830 2410 1885 Hic
2432 1845 2462 1884 a
2492 1829 2760 1886 Dioscoro
2804 1829 2910 1886 luit
2955 1829 3165 1902 ejectus
3199 1829 3256 1885 in
3287 1827 3561 1900 Ephesino

294 1931 366 1999 τῇ
386 1895 917 2001 ’λῃστρικῇτσυνόδῳ
951 1895 1222 2000 ⁹ἐφέπου.⁸
1283 1895 1296 1912 ⁸
1679 1895 1692 1908 ⁸

977 1895 1222 2000 Εφέσου.⁸
1283 1895 1296 1912 ⁸
1679 1895 1692 1908 ι
1910 1895 1954 1952 Β
1984 1921 2258 1977 latronum
2286 1922 2537 1978 concilio.

373 2018 685 2084 Ἀνατόλιος
718 2020 1111 2092 πρεσϐύτερος,
1156 2019 1577 2092 άποκρισιάριος
1628 2016 1879 2082 Ἀλεξαν-

2053 2012 2340 2068 Anatolius
2372 2015 2676 2085 presbyter,
2711 2013 3088 2085 apocrisarius
3125 2011 3555 2078 Alexandrinus,

290 2107 510 2180 δρείας,
541 2111 634 2163 ἐπὶ
667 2111 1012 2183 Μαρκιανοῦ,
1038 2112 1133 2164 καὶ
1163 2112 1258 2164 ἐπὶ
1288 2111 1520 2174 Λέοντος
1551 2108 1644 2163 τοῦ
1701 2108 1849 2180 μεγά

2005 2121 2093 2160 am
2124 2105 2425 2176 imperante
2455 2104 2750 2171 Marciano,
2769 2121 2932 2176 quam
2964 2104 3147 2162 Leone
3174 2119 3389 2176 magno,
3421 2119 3565 2176 ροη-

290 2201 415 2254 λου.
462 2203 918 2276 Ἀρχιερατεύσας
954 2203 1046 2273 ἔτη
1067 2202 1136 2274 η’,
1177 2205 1354 2274 μῆνας
1386 2202 1462 2274 η’.

1985 2196 2367 2250 tiﬁcatum'an.
2394 2212 2511 2261 vm,
2545 2213 2724 2253 mens.
2753 2212 2875 2262 vm,
2911 2197 3104 2268 gessit.

365 2291 650 2355 Γεννάδιος
685 2293 1055 2366 πρεσϐύτερος
1100 2294 1745 2358 Κωνσταντινουπόλεως,
1778 2293 1876 2365 ἐτη

2056 2287 2378 2342 Gennadius
2481 2289 2767 2360 presbyter
2862 2287 3506 2359 ConstantinOpolitanus
3537 2330 3559 2356 ,

289 2389 389 2450 ιγ’,
414 2384 588 2452 μῆνας
617 2383 682 2454 β’.
709 2384 837 2439 Ἐπὶ⁸
868 2385 1062 2440 τούτου
1095 2388 1123 2440 6
1148 2385 1395 2450 Στούδιος
1420 2385 1605 2440 ἔκτισε
1641 2387 1730 2440 τὸν
1746 2385 1849 2440 ναὸε

1996 2393 2071 2433 ιιι.
2104 2394 2223 2444 xm,
2278 2394 2453 2434 mens.
2503 2394 2564 2434 ιι.
2623 2377 2738 2434 Hoc
2783 2379 3064 2450 pontiﬁce,
3115 2377 3342 2436 Studius
3385 2379 3556 2435 aedem

287 2477 392 2530 τοῦ
431 2478 588 2546 ἁγίου
620 2478 870 2535 Ἰωάννου
901 2481 995 2534 τοῦ
1025 2481 1364 2553 Προδρόμου,
1418 2483 1513 2535 καὶ
1540 2483 1772 2554 μοναχὸν
1809 2484 1847 2536 ἐς

1995 2471 2161 2526 sancti
2216 2469 2446 2528 Joannis
2496 2470 2862 2528 Praecursoris
2913 2472 3209 2538 exstruxit,
3261 2479 3316 2528 et
3363 2487 3555 2526 mona-

284 2568 405 2620 τῶν
439 2566 776 2642 ’Λκοιμήτων
838 2573 1242 2643 ἐγκατέστησεν
1287 2574 1368 2637 είς
1424 2573 1605 2628 αὐτόν.
1658 2573 1844 2629 Ἐϐασί

1998 2564 2141 2619 :hum
2160 2580 2190 2620 e
2215 2565 2448 2636 collegio
2471 2580 2665 2622 somno
2698 2565 3089 2621 abstinentium
3125 2565 3181 2620 in
3207 2579 3326 2622 eam
3353 2565 3558 2621 consti-

283 2658 421 2713 λευε
450 2661 508 2714 δὲ
537 2663 660 2716 τότε
687 2663 842 2717 Λέων
869 2665 898 2717 6
921 2663 1128 2733 Μέγας.

1977 2655 2100 2709 tuit.
2128 2655 2258 2710 Erat
2289 2663 2422 2710 tunc
2453 2655 2749 2738 imperator
2783 2653 2892 2711 Leo
2931 2670 3186 2726 magnus.

368 2753 634 2818 Φλαϐίτας
667 2755 1038 2826 πρεσϐύτερος
1067 2755 1166 2826 τῆς
1201 2755 1363 2824 άγίας
1401 2755 1728 2827 Ἐκκλησίας
1767 2758 1872 2811 Συς

2046 2744 2285 2802 Flavitas
2316 2748 2603 2819 presbyter
2639 2754 2844 2803 sanctae
2883 2746 3142 2804 Ecclesiae
3171 2747 3416 2818 Sycente,
3452 2746 3555 2802 im-

296 2845 433 2910 κῶν,
460 2848 552 2900 ἐπὶ
586 2847 857 2918 Ζήνωνος,
896 2847 1072 2918 μῆνας
1099 2853 1178 2916 γ’,
1203 2848 1416 2918 ἡμέρας
1437 2847 1502 2912 ζ’.

1977 2847 2207 2908 perante
2242 2837 2484 2906 Zenone,
2513 2839 2800 2895 mensibus
2834 2853 2918 2904 ιιι,
2945 2837 3138 2894 diebus
3172 2853 3269 2892 vn.

379 2939 635 3002 Ἀκάκιος
688 2939 1080 3011 πρεσϐύτερος.
1115 2939 1412 3010 αἰρετικδς,
1453 2921 1546 2995 ἐπὶ
1608 2939 1871 2994 Ἀναστα-

2049 2931 2286 2987 Aeacius
2308 2932 2616 3003 presbyter,
2646 2930 2959 2997 haereticus,
2991 2930 3299 3001 imperante
3317 2931 3555 2986 Anasta-

294 3029 431 3090 σίου,
463 3030 560 3099 ἐτη
593 3031 678 3096 ιζ’,
705 3032 881 3100 μῆνας
906 3029 978 3084 θ’.

1975 3022 2081 3088 sio,
2113 3037 2206 3076 an.
2241 3038 2375 3088 xvn,
2410 3037 2588 3079 mens.
2623 3037 2699 3077 Ix.

362 3122 644 3193 Εὐφήμιος
675 3122 1047 3194 πρεσϐύτερος
1094 3125 1739 3194 Κωνσταντινουπόλεως,
1775 3128 1871 3183 καὶ
2045 3111 2384 3183 Euphemus
2438 3113 2723 3185 Ρΐθεδῐιθΐ
2779 3110 3444 3184 σοηειθηιῑωρθιῖιθηυει
3495 3120 3554 3168 et

291 3214 677 3281 πτωχοτρόφος
735 3212 1080 3280 Νεαπόλεως,
1129 3212 1396 3285 ἐξεϐλήθη
1457 3215 1564 3272 ὑπὸ
1605 3217 1851 3273 Ἀναστα·

1992 3203 2411 3275 ptochotrophus
2458 3203 2873 3275 Neapolitanus,
2904 3203 3112 3274 ejectus
3156 3212 3242 3260 est
3294 3204 3364 3261 ab
3404 3203 3552 3260 Ana-

293 3301 433 3369 σίου,
463 3304 896 3375 ἀρχιερατεύσας
939 3304 1034 3377 ἐτη
1061 3311 1157 3372 ις’,
1188 3309 1364 3378 μῆνας
1391 3307 1454 3373 ζ’.

1986 3298 2138 3354 statio
2229 3313 2357 3354 cum
2429 3298 2691 3370 gessisset
2767 3295 3144 3369 pontiﬁcatum
3216 3311 3348 3353 ann.
3404 3311 3494 3354 χιιι
3527 3337 3546 3364 ,

1155 3424 1162 3428 -
1971 3407 2148 3448 mens.
2184 3408 2282 3450 VII.
2315 3419 2334 3440 ν

360 3479 715 3548 Μακεδόνιος,
749 3482 1012 3554 ἐξεϐλήθη
1041 3484 1136 3539 καὶ
1157 3485 1340 3552 αὐτός.
1728 3559 1732 3562 γ

1728 3559 1732 3562 γ
2041 3482 2412 3550 Macedonius,
2434 3484 2646 3556 ejectus
2671 3491 2727 3540 et
2764 3484 2903 3556 ipse.

363 3568 632 3638 Τιμόθεος
677 3571 1052 3644 πρεσϐύτερος
1083 3575 1735 3643 ,Κωνσταντινουπόλεως
1774 3581 1870 3635 καὶ

2041 3573 2364 3632 Timotheus
2419 3575 2705 3648 presbyter
2764 3571 3429 3644 Constantinopolitanus,
3485 3583 3541 3628 et

283 3660 655 3729 σκευοφύλαξ,
692 3663 786 3716 ἐπὶ
823 3664 1176 3721 Ἀναστασίου
1203 3669 1301 3724 καὶ
1341 3671 1650 3741 Ἰουστίνου,
1671 3672 1768 3745 ἐτη
1788 3681 1842 3740 ς’

1989 3680 2228 3722 vasorum
2249 3674 2460 3735 custos,
2486 3667 2889 3740 imperantibus
2914 3665 3208 3725 Anastasio
3233 3674 3288 3723 et
3305 3664 3549 3732 Justino,

279 3753 483 3822 ἥμισυ.
1527 3782 1544 3795 .

1527 3782 1544 3795 ο
1969 3773 2061 3815 an.
2092 3775 2144 3814 vr
2178 3758 2236 3814 S.

371 3843 626 3914 Ἰωάννης
649 3847 678 3899 6
695 3846 1092 3919 Καππαδόκης,
1123 3849 1496 3922 πρεσϐύτερος
1521 3852 1614 3906 καὶ
1639 3851 1870 3920 σύγκελ-

2035 3847 2274 3905 Joannes
2307 3847 2621 3920 Cappadox,
2670 3851 2958 3923 presbyter
2982 3857 3038 3906 et
3075 3849 3352 3922 syncellus
3392 3849 3542 3921 ejus-

277 3936 378 3999 λος
405 3939 504 4006 τῆς
536 3937 707 4010 αὐτῆς
765 3940 1116 4013 Ἐκκλησίας,
1161 3942 1256 3997 ἐπὶ
1299 3943 1705 4010 Ἰουστινιανοῦ,
1747 3944 1836 3999 ἐτο

1969 3939 2092 3995 dem
2122 3938 2400 4007 Ecclesiae,
2429 3951 2687 4011 regnante
2721 3940 2995 4008 Justiano,
3018 3956 3108 3997 an.
3129 3957 3171 4010 ι,
3201 3955 3380 3998 mens.
3415 3956 3493 4000 ι..

277 4025 356 4094 α’,
389 4029 564 4094 μῆνας
596 4029 649 4084 ι’.

433 4047 564 4094 τινας
596 4046 649 4084 ι’.

371 4046 692 4188 ’ἓπιφάνιος
716 4123 1086 4196 πρεσϐύτερος
1115 4124 1746 4193 Κωνσταντινουπόλεως
1774 4125 1869 4180 καὶ

2037 4125 2378 4196 Epiphanius
2431 4127 2718 4198 presbyter
2758 4124 3438 4198 ~‘Conttantinopolitanus
3487 4132 3564 4181 et:

282 4203 724 4284 σύγκελλος,’ἐτη
757 4223 855 4281 ις’,
889 4218 1064 4288 μῆνας
1089 4224 1159 4287 γ’.

1969 4218 2264 4290 syncellus,
2298 4235 2388 4275 an.
2416 4236 2527 4285 xvr,
2551 4235 2726 4276 mens.
2757 4233 2840 4276 ιιι.

362 4306 626 4376 Ἀνθιμος
651 4307 1065 4376 Τραπεζοῦντος
1089 4309 1391 4376 ἐπίσκοπος
1417 4311 1710 4385 πρότερον,
1744 4307 1866 4367 εἶτα

2039 4309 2357 4374 Anthimus,
2401 4312 2578 4381 primo
2608 4311 2973 4383 Trapezuntis
3008 4311 3322 4383 episcopus,
3346 4307 3544 4363 deinde

279 4399 929 4463 Κωνσταντινουπόλεως,
965 4400 1139 4470 μῆνας
1169 4399 1232 4457 δ’.
1262 4393 1430 4467 Οὗτος
1454 4402 1735 4476 καθῃρέθη
1761 4405 1837 4459 ὑπ

1984 4397 2636 4472 Donstantinopolitanus,
2664 4403 2897 4461 mensib.
2923 4421 2999 4462 ιν.
3039 4401 3334 4474 Depositus
3366 4400 3471 4456 fuit
3509 4414 3544 4455 a

278 4489 386 4557 τῆς
419 4491 562 4544 κατά
590 4491 685 4543 τοῦ
716 4490 956 4562 Σεϐήρου
983 4493 1351 4564 συνελθούσης
1380 4493 1621 4549 συνόδου.

1394 4493 1621 4549 ιυνόδου.
1968 4494 2204 4550 concilio
2231 4504 2424 4552 contra
2451 4496 2712 4553 Severum
2743 4505 2954 4554 coacto.

355 4581 550 4648 Μηνᾶς
579 4581 949 4654 πρεσϐύτερος
981 4583 1612 4651 Κωνσταντινουπόλεως
1635 4583 1732 4640 καὶ
1765 4583 1866 4638 Ξε-
1896 4655 1915 4660 _

2010 4612 2012 4614 τ
2039 4586 2229 4642 Menas
2274 4589 2562 4660 presbyter
2599 4588 3246 4660 ConstantinOpolitanus
3275 4595 3330 4642 et
3358 4585 3544 4643 Xeno-

277 4671 494 4744 νοδόχος
519 4673 628 4726 τῶν
658 4673 918 4743 Σαμψὼν,
947 4674 1040 4746 ἐτη
1067 4682 1166 4742 ις’,
1204 4676 1382 4747 μῆνας
1417 4683 1492 4742 ς’.

1891 4655 1941 4717 θ
1967 4677 2149 4735 dochii
2182 4678 2524 4749 Sampsonici
2561 4681 2874 4752 prml'ectus,
2901 4695 2993 4736 an.
3017 4697 3128 4747 xw,
3163 4695 3341 4736 mens.
3368 4695 3443 4734 vr.

352 4783 616 4852 Εὐτύχιος
647 4784 1019 4857 πρεσϐύτερος
1057 4788 1154 4842 καὶ
1199 4790 1430 4860 μοναχὸς
1459 4790 1553 4844 τοῦ
1589 4792 1648 4846 ἐν
1691 4793 1860 4862 Ἀμοιο

2036 4790 2340 4862 Eutychius
2387 4792 2673 4861 presbyter
2722 4800 2779 4848 et
2822 4791 3126 4847 monachus
3178 4791 3547 4848 inAmaseno

281 4871 407 4960 σεία
442 4875 828 4946 μοναστηρίου,
859 4875 954 4947 ἐτη
989 4875 1075 4947 ιβ’,
1106 4878 1282 4949 μῆνας
1305 4885 1368 4935 ε’.
1399 4875 1566 4945 Οὗτος
1589 4881 1841 4954 ἐξεϐλήθι

1980 4885 2319 4948 monasterio,
2342 4899 2434 4940 an.
2475 4900 2571 4952 xu,
2627 4900 2803 4942 mens.
2838 4901 2892 4941 γ.
2933 4884 3036 4941 Hic
3071 4885 3335 4956 expulsus
3377 4884 3479 4941 fuit
3505 4901 3540 4942 a

276 4963 387 5018 ὑπὸ
432 4965 806 5019 ἰουστινιανοῦ
834 4966 914 5038 τῷ
943 4965 986 5020 λ’
1016 4967 1127 5021 ἔτει
1155 4969 1256 5041 τῆς
1285 4970 1453 5025 αὐτοῦ
1483 4971 1784 5041 βασιλείας.

2039 4974 2270 5031 stiniano
2293 4991 2440 5031 anno
2461 4976 2670 5048 imperii
2695 4975 2816 5048 ejus
2845 4992 2974 5033 xxx.
3591 5012 3599 5058 ε

361 5079 615 5151 Ἰωάννης
644 5080 1014 5153 πρεσϐύτερος
1039 5081 1397 5155 Ἀντιοχείας,
1429 5085 1459 5137 6
1507 5086 1615 5138 ἀπὸ
1661 5087 1857 5158 σχολα-

2037 5086 2271 5144 Joannes
2293 5089 2577 5161 presbyter
2613 5089 3015 5157 Antiochenus,
3046 5089 3322 5161 quondam
3357 5097 3540 5161 patro-
3595 5071 3597 5076 I

277 5170 502 5236 στικῶν,
530 5169 626 5241 ἐτη
661 5169 746 5240 ιβ’,
781 5171 960 5241 μῆνας
992 5179 1066 5237 ς’.
1095 5167 1265 5238 Οὗτος
1296 5174 1390 5228 ἐπὶ
1418 5175 1708 5232 Ἰουστίνου
1738 5177 1837 5232 υίοῐ

1982 5194 2066 5234 ius
2096 5194 2407 5242 causarum,
2429 5195 2517 5235 an.
2545 5197 2643 5244 xu,
2669 5197 2843 5238 mens.
2873 5198 2949 5237 v1.
2984 5180 3209 5238 Praefuit
3237 5182 3542 5254 imperante

290 5262 696 5329 ’1ουστινιανοῦ,
725 5264 819 5318 καὶ
844 5265 942 5317 ἐπλ⁹
965 5263 1240 5337 Τιϐερίου.

1955 5268 2175 5325 Justino
2209 5268 2318 5324 ﬁlio
2353 5269 2651 5343 [adoptivo]
2677 5270 2993 5340 Justiniani,
3015 5281 3072 5328 et
3110 5271 3357 5330 Tiberio.

348 5376 612 5446 Εὑτύχιος
651 5376 814 5433 πάλιν
851 5377 1220 5450 ἀποκατέστη,
1250 5381 1278 5433 6
1309 5381 1595 5454 πρότερον,
1637 5384 1732 5437 ἐπὶ
1759 5383 1853 5438 τοῦ

2028 5382 2332 5455 Eutychius
2349 5384 2478 5439 olim
2503 5384 2758 5450 antistes,
2785 5385 2982 5440 iterum
3007 5385 3318 5451 restitutus,
3341 5383 3535 5440 eodem

279 5471 447 5526 αὐτοῦ
491 5472 768 5544 Τιϐερίουο
816 5475 1248 5547 ἀρχιερατεύσας
1284 5473 1442 5544 αὖθις
1498 5477 1594 5551 ἐτη
1632 5478 1695 5548 δ’,
1747 5481 1839 5554 μῆ·

1971 5477 2179 5534 l‘iberio
2211 5487 2492 5551 regnante,
2521 5478 2904 5551 pontiﬁcatum
2921 5492 3116 5534 rursus
3141 5492 3234 5535 an.
3255 5494 3330 5535 tv.
3355 5493 3531 5535 mens.

276 5581 373 5627 νας
405 5568 480 5628 ςθ.

1958 5587 2034 5638 ιν,
2064 5571 2252 5643 gessit.

358 5675 617 5750 Ἰωάννης
678 5678 924 5741 διάκονος
976 5680 1078 5750 τῆς
1136 5680 1382 5753 μεγάλης
1427 5682 1787 5756 Ἐκκλησίας,
1822 5687 1851 5740 6

2029 5683 2270 5742 Joannes
2317 5685 2580 5742 diaconus
2627 5685 2854 5757 majoris
2882 5685 3166 5752 Ecclesiae,
3203 5685 3532 5759 cognomine

275 5766 610 5840 Νηστευτὴς,
644 5771 737 5825 ἐπὶ
764 5772 1096 5844 Μαυρικίου,
1123 5772 1219 5844 ἔτη
1245 5780 1332 5843 ιγ’,
1371 5775 1546 5846 μῆνας
1573 5783 1636 5832 ε’.

1966 5778 2251 5847 iejunator,
2286 5778 2591 5848 imperante
2627 5778 2918 5844 Mauricio,
2953 5794 3044 5835 an.
3084 5794 3180 5836 xm
3205 5817 3222 5844 ,
3259 5793 3433 5834 mens.
3476 5795 3526 5832 ν.

348 5857 631 5928 Κυριακδς
665 5861 1038 5936 πρεσϐύτερος
1096 5863 1191 5935 τῆς
1221 5865 1389 5938 αὐτῆς
1439 5867 1682 5938 μεγάλης
1729 5869 1836 5922 Ἐκ·

2024 5867 2289 5942 (yriacus
2342 5871 2622 5941 presbyter
2659 5869 2900 5942 ejusdem
2935 5871 3158 5944 majoris
3191 5871 3435 5930 ecclesia:
3477 5897 3527 5942 οι
