3950 6620
322 423 454 490 91Ἰ

1601 375 1614 394 ’
1635 409 2348 474 amco—nonum;

3506 399 3610 467 91"i

319 535 356 588 ὁ
407 527 898 600 ἀποκεφαλισθεὶς,
944 522 1037 578 61:1
1067 522 1480 578 Κωνσταντίνου
1516 521 1610 576 :06
1650 519 1919 576 Καϐαλλίο

2076 519 2201 591 |pite
2245 518 2470 588 plexus,
2517 515 2818 588 imperante
2874 513 3238 571 Censtantino
3303 512 3586 569 Calalitno

320 643 456 690 νου,
490 624 585 693 ἐτη
608 620 696 694 ιβ’.

408 715 680 784 Νικήτας,
714 712 743 766 6
775 711 884 766 61:6
914 711 1190 774 Σολάϐων,
1227 707 1513 780 εὐνοῦχος,
1551 704 1924 778 πρεσϐύτερος

321 806 450 862 τῶν
475 803 646 874 ἁγίων
673 791 1036 864 ’Ᾱποστόλων,
1065 800 1160 854 καὶ
1175 797 1358 870 ἄρχων
1380 797 1491 850 τῶν
1527 793 1924 866 μοναστηρίων,

323 899 437 953 61:1
463 897 557 951 :06
590 893 756 950 αὐτοῦ
787 891 1223 957 Κωνσταντίνου,
1253 890 1348 943 καὶ
1371 889 1464 942 61:1
1491 887 1586 941 :06
1613 884 1734 939 υίοῦ
1760 880 1926 938 αὑτοῦ

325 990 592 1052 Λέοντος,
628 985 723 1040 τοῦ
751 987 816 1039 ὲκ
837 988 935 1056 τῆς
964 985 1250 1055 Χαζάρας,
1281 981 1375 1050 ἔτη
1405 985 1494 1049 ιγ’,
1531 978 1708 1050 μῆνας
1732 973 1795 1029 δ’.

417 1079 630 1142 Παῦλος
664 1079 692 1130 6
721 1075 994 1145 Κύπριος,
1029 1075 1300 1136 διάκονος,
1331 1072 1425 1125 καὶ
1450 1069 1701 1139 ἐλεήμων
1728 1068 1758 1121 6
1787 1064 1928 1129 νέος,

325 1172 434 1225 61:1
467 1169 564 1224 :06
593 1167 760 1222 αὑτοῦ
809 1167 1064 1232 Λέοντος,
1102 1158 1198 1218 καὶ
1239 1163 1333 1217 61:1
1366 1158 1782 1216 Κωνσταντίνου
1833 1156 1930 1210 καὶ

327 1265 604 1334 Εἰρήνης,
636 1263 736 1332 τῆς
767 1257 932 1313 αὐτοῦ
970 1257 1198 1329 μητρὸς,
1243 1256 1338 1325 ἐτη
1369 1251 1432 1318 ε’,
1472 1252 1650 1323 μῆνας
1689 1255 1766 1314 ς’.

315 1420 318 1421 ν
410 1353 687 1425 Ταράσιος
746 1353 776 1405 6
825 1349 934 1403 61:6
985 1345 1336 1418 ὰσηκρητῶν,
1377 1345 1407 1397 6
1460 1343 1691 1414 ἔξαρχος
1736 1341 1836 1414 τῆς
1884 1337 1929 1404 ζ’

331 1443 589 1506 συνόδου,
645 1440 742 1494 61:1
789 1439 900 1493 τῶν
953 1439 1134 1492 αὐτῶν
1193 1434 1462 1506 βασιλέων
1517 1429 1930 1484 Κωνσταντίνου

331 1536 439 1588 καὶ
468 1533 728 1606 Εἰρήνης,
767 1531 864 1585 καὶ
913 1530 1008 1583 61:1
1035 1529 1355 1599 Νικηφόρου
1400 1525 1494 1579 τοῦ
1529 1523 1638 1578 61:6
1675 1519 1929 1590 γενικῶν,

334 1623 786 1696 ἀρχιερατεύσας
813 1622 910 1692 ἐτη
943 1619 1050 1685 κα’,
1086 1622 1262 1690 μῆνας
1292 1616 1359 1689 β’.

415 1712 732 1784 Νικηφόρος
765 1711 795 1764 6
830 1711 941 1765 ἀπὸ
981 1707 1315 1782 ἀσηκρητῶν
1349 1706 1641 1777 γενόμενος
1675 1704 1930 1775 μοναχδς,

332 1802 436 1856 61:1
467 1801 566 1854 :06
611 1801 778 1855 αὐτοῦ
827 1800 1090 1872 βασιλέως
1137 1797 1475 1868 Νικηφόρου,
1511 1797 1606 1849 καὶ
1634 1797 1728 1849 61:1
1756 1795 1932 1848 Σταυ-

2029 630 2118 668 an.
2153 628 2250 668 XII.

2100 705 2340 767 Nicctas,
2391 703 2698 768 eunuchus,
2761 701 3046 756 Slavorum
3086 705 3246 770 gente
3295 706 3479 762 natus,
3511 696 3611 752 SS.

2031 795 2420 866 Apostolorum
2453 795 2760 865 presbyter,
2794 801 2847 846 et
2883 806 3085 862 praises
3131 789 3612 847 monasteriorum.

2029 886 2384 955 regnantibus
2407 883 2994 951 eodemConstantino,
3021 881 3252 952 ejusque
3273 879 3382 935 lilio
3410 877 3613 943 Leone,

2031 976 2124 1046 qui
2156 975 2398 1030 Clrazara
2433 982 2605 1029 matre
2627 972 2730 1027 fuit
2758 972 2957 1029 editus.
2985 986 3076 1025 an.
3109 983 3232 1033 xm,
3268 982 3442 1022 mens.
3466 981 3541 1020 ιν.

2102 1067 2304 1122 Paulus
2343 1065 2600 1138 Cyprius,
2640 1065 2906 1121 diaconus
2929 1104 2943 1130 ,
2973 1070 3030 1119 ct
3063 1062 3201 1118 alter
3250 1064 3616 1129 cognomento

2035 1155 2349 1212 misericors
2373 1196 2389 1221 ,
2415 1155 2608 1211 eodem
2650 1153 2832 1210 Leone
2871 1159 3154 1224 regnante,
3174 1159 3230 1207 et
3253 1148 3626 1206 Constantino,

2035 1254 2200 1316 atque
2232 1246 2387 1302 lrena
2416 1254 2609 1314 matre,
2647 1261 2740 1301 an.
2765 1263 2820 1313 ν,
2856 1259 3033 1301 mens.
3069 1260 3146 1300 vr.

2105 1340 2388 1406 Tarasius,
2417 1356 2560 1396 unus
2589 1355 2653 1396 ex
2685 1339 2998 1396 secretariis
3033 1351 3237 1409 praeses
3259 1352 3332 1390 vn
3369 1332 3614 1397 concilii,

2033 1431 2392 1501 regnantibus
2448 1431 2642 1488 iisdem
2681 1448 2842 1503 augg.
2893 1427 3261 1485 Constantino
3317 1434 3372 1482 et
3429 1426 3626 1489 Irena,

2034 1523 2274 1594 itemque
2293 1522 2618 1594 Niccpboro,
2639 1523 2914 1594 quondam
2936 1517 3209 1584 Generali,
3232 1517 3632 1590 pontificatum.

2035 1616 2206 1686 gessit
2236 1632 2326 1672 an.
2358 1633 2474 1682 xxi,
2499 1631 2676 1672 mens.
2711 1632 2774 1674 ιι.

2107 1705 2474 1776 Nicephorus,
2507 1721 2575 1762 ex
2609 1706 2906 1775 secretario
2932 1705 3112 1764 tactus
3147 1706 3447 1764 monachus
3468 1747 3484 1774 ,
3516 1704 3618 1760 sub

2035 1795 2279 1864 ejusdem
2311 1795 2605 1866 Nicephori
2644 1812 2768 1866 aug.
2801 1803 2856 1852 et
2882 1795 3151 1852 Stauracii
3174 1838 3190 1863 ,
3221 1806 3276 1853 et
3304 1794 3616 1856 Michaelis,

336 1892 568 1962 ρακίου,
601 1892 699 1946 καὶ
731 1864 1092 1960 ὲπὶυΜιχαὴλ,
1133 1889 1228 1942 καὶ
1393 1888 1624 1950 Λέοντος
1655 1884 1750 1938 :06
1806 1885 1932 1956 Ἀρ-

2076 1887 2348 1944 LArmenii
2379 1864 2578 1944 Leonis
2607 1864 2859 1959 imperio,
2905 1888 3280 1960 pontiﬁcatum
3327 1887 3496 1959 gessit
3526 1899 3637 1942 an...

345 1985 564 2055 μενίου,
624 1982 1059 2056 ἀρχιερατεύσας
1094 1981 1190 2053 ἔτη
1223 1980 1290 2047 θ’,
1345 1977 1614 2050 ἐξεϐλήθη
1679 1975 1786 2030 61:6
1833 1975 1928 2030 :06

339 2073 514 2129 αὐτοῦ
545 2076 776 2140 Λέοντος
802 2075 896 2130 τοῦ
925 2073 1242 2138 δυσσεϐοῦς.

417 2166 672 2231 Θεόδοτος
705 2165 734 2220 6
775 2164 1138 2234 Μελισσηνὸς,
1172 2166 1200 2218 6
1229 2163 1323 2217 καὶ
1365 2162 1744 2233 Κασσιτηρᾶς,
1784 2160 1932 2214 είκο-

335 2257 605 2330 νομὰχος,
641 2257 737 2312 61:1
766 2254 862 2312 :06
891 2253 1059 2312 αὑτοῦ
1084 2254 1338 2321 Λέοντος,
1373 2253 1470 2324 ἐτη
1500 2249 1577 2317 ς’.

429 2437 717 2504 Ἀντώνιος
759 2437 1059 2504 ἐπίσκοπος
1103 2437 1200 2492 τοῦ
1245 2435 1512 2501 Συλαίου,
1557 2435 1587 2489 6
1624 2434 1719 2488 καὶ
1761 2434 1937 2486 Κασι-

345 2534 554 2603 ματᾶς,
584 2533 677 2587 61:1
707 2532 800 2587 :06
831 2533 998 2588 αύτοῦ
1030 2531 1284 2597 Λέοντος,
1332 2531 1429 2586 καὶ
1464 2531 1559 2584 61:1
1587 2527 1811 2600 Μιχαὴλ
1839 2526 1934 2581 τοῦ

342 2623 623 2694 ’1³ραυλοῦ,
650 2623 745 2678 καλ⁵
773 2624 866 2678 61:1
897 2622 1179 2694 Θεοφίλου,
1221 2621 1318 2694 ἐτη
1345 2627 1434 2692 ιγ’.

422 2714 696 2786 Ἰωάννης,
726 2717 754 2768 6
793 2716 888 2769 καὶ
915 2717 1118 2787 Ἰανῆς,
1162 2715 1190 2769 6
1218 2711 1486 2785 δυσσεϐὴς
1516 2712 1613 2768 καὶ
1644 2709 1935 2782 είκονομά-

345 2825 467 2878 χος,
501 2806 594 2861 61:1
624 2806 720 2862 :06
750 2806 918 2862 αὐτοῦ
953 2806 1238 2878 Θεοφίλου,
1267 2806 1364 2860 καὶ
1387 2806 1479 2861 61:1
1527 2803 1811 2876 Θεοδῷρας
1839 2803 1936 2859 καὶ

348 2899 596 2970 Μιχαὴλ.
622 2899 944 2972 Καθῃρὲθη,
971 2896 1408 2972 ἀρχιερατεύσας
1438 2897 1535 2969 ἔτη
1563 2895 1634 2968 γ’.

425 2991 689 3056 Μεθόδιος
747 2992 981 3063 μοναχδς
1036 2992 1134 3047 καὶ
1186 2989 1582 3063 πρεσϐύτερος,
1637 2988 1936 3051 ἐπίσκοπος

352 3082 651 3152 γενόμενος
674 3083 940 3148 Κυζίκου,
970 3079 1091 3137 εἶτα
1125 3079 1781 3148 Κωνσταντινουπόλεως,
1839 3081 1935 3136 61:1

350 3177 464 3230 τῶν
485 3175 664 3229 αὐτῶν
696 3174 984 3246 βασιλέων,
1010 3173 1292 3247 Θεοδὼρας
1312 3175 1408 3230 καὶ
1435 3173 1678 3246 Μιχαὴλ,
1735 3173 1832 3246 ἔτη
1866 3171 1932 3240 δ’,
1959 3203 2006 3268 C

359 3267 540 3337 μῆνας
573 3264 640 3338 β’.

427 3356 688 3425 Ἰγνάτιος
725 3359 753 3412 6
778 3356 1106 3427 ἁγιώτατος,
1160 3357 1256 3411 61:1
1308 3355 1418 3411 τῶν
1443 3355 1630 3412 αὐτῶν
1671 3354 1938 3428 βασιλέων

359 3447 640 3519 Θεοδῶρας
670 3449 764 3504 καὶ
793 3449 1032 3521 Μιχαὴλ,
1073 3449 1170 3520 ἔτη
1199 3451 1264 3512 δ’,
1311 3449 1486 3520 μῆνας
1527 3447 1595 3520 β’.

427 3541 632 3604 Φώτιος
650 3540 679 3593 6
700 3539 808 3594 61:6
839 3541 1170 3612 ἀσηκρητῶν
1194 3539 1490 3612 γενόμενος
1525 3538 1779 3610 μοναχδς,
1842 3536 1938 3591 61:1

358 3631 596 3702 Μιχαὴλ,
620 3632 719 3685 καὶ
750 3633 842 3686 61:1
873 3632 1159 3688 Βασιλείου
1208 3632 1306 3686 τοῦ
1351 3629 1686 3696 Μακεδόνος,
1745 3628 1841 3704 ἔτη
1869 3628 1939 3698 0',

359 3724 455 3777 καὶ
484 3723 748 3795 ἐξεϐλήθη
788 3725 893 3780 ὑπὸ
924 3725 1016 3780 :06
1039 3727 1372 3790 Μακεδόνος.

445 3814 704 3882 Ἰγνάτιος
733 3814 916 3883 πάλιν,
947 3816 1039 3870 61:1
1066 3816 1160 3870 :06
1190 3816 1360 3871 αὐτοῦ
1387 3816 1653 3889 βασιλέως
1691 3813 1786 3871 :06
1815 3814 1940 3870 Μα-

361 3906 596 3970 κεδόνος,
627 3908 726 3977 ἐτη
761 3913 850 3964 ια’.

429 3999 636 4065 Φώτιος
665 4001 848 4065 πάλιν,
873 4001 967 4055 61:1
991 4000 1220 4067 Λέοντος
1253 4000 1348 4055 τοῦ
1378 4000 1693 4073 φιλοσόφου.

435 4092 705 4162 Στέφανος
732 4093 1009 4164 ὁάδελφὸς
1038 4095 1288 4160 Λέοντος,
1346 4094 1442 4148 61:1
1496 4093 1599 4166 τῆς·
1665 4091 1943 4164 βασιλείας

361 4180 457 4236 τοῦ
496 4183 662 4237 αὐτοῦ
693 4184 946 4251 Λέοντος,
979 4183 1076 4255 ἔτη
1109 4191 1181 4254 γ’.

433 4275 718 4338 Ἀντώνιος
778 4278 806 4329 6
852 4275 1124 4343 Καυλέας,
1173 4274 1267 4330 61:1
1315 4274 1412 4330 :06
1461 4273 1628 4330 αὐτοῦ
1687 4273 1938 4341 Λέοντος,

361 4369 459 4438 ἔτη
492 4368 556 4438 β’.

433 4461 698 4525 Νικόλαος
731 4462 760 4515 6
795 4461 902 4515 61:6
932 4461 1232 4531 μυστικῶν,
1268 4459 1362 4515 61:1
1386 4460 1481 4515 :06
1502 4459 1666 4516 αὐτοῦ
1689 4459 1940 4526 Λέοντος,

362 4553 459 4622 ἔτη
487 4561 576 4617 ια’,
610 4554 704 4607 καὶ
737 4553 1132 4624 κατεδιϐάσθη.

435 4643 708 4716 Εύθύμιος
731 4645 984 4716 μοναχδς,
1015 4639 1044 4702 6
1075 4645 1185 4701 61:6
1215 4644 1551 4716 συγκέλλων,
1577 4643 1672 4700 61:1
1697 4643 1949 4712 Ἀλεξάν-

363 4737 515 4809 δρου,
547 4737 643 4808 ἔτη
670 4743 732 4801 ε’,
765 4739 941 4810 μῆνας
963 4737 1040 4804 ς’.

434 4828 700 4892 Νικόλαος
734 4829 892 4894 αὖθις
920 4832 948 4884 6
991 4829 1100 4886 61:6
1151 4829 1454 4902 μυστικῶν,
1505 4829 1598 4885 61:1
1649 4827 1745 4883 :06
1781 4827 1946 4883 αὑτοῦ

365 4921 742 4993 Ἀλεξάνδρου,
775 4923 871 4976 καὶ
922 4922 1368 4989 Κωνσταντίνου,
1398 4921 1493 4977 καὶ
1534 4910 1820 4993 Ῥωμανοῦ
1851 4920 1944 4975 :06

365 5009 726 5082 Δακαπηνοῦ,
757 5011 856 5083 ἐτη
878 5017 970 5081 ιγ’.

438 5101 709 5172 Στέφανος
736 5101 1144 5175 μητροπολίτης
1184 5102 1502 5174 ’Δμασείας,
1539 5104 1631 5156 61:1
1658 5102 1751 5157 :06
1778 5102 1944 5158 αὐτοῦ

368 5192 634 5262 βασιλέως
665 5193 762 5248 τοῦ
800 5193 1104 5264 ⁹Ρωμανοῦ,
1138 5192 1232 5266 ἔτη
1271 5192 1336 5265 β’,
1369 5195 1545 5266 μῆνας
1571 5192 1660 5250 ια’.

438 5283 672 5356 Τρύφων
723 5285 978 5357 μοναχδς,
1011 5287 1105 5340 61:1
1138 5285 1453 5357 Ῥωμανοῦ,
1511 5285 1946 5358 ἀρχιερατεύσας

367 5377 460 5429 61:1
484 5379 658 5448 χρόνῳ
683 5377 851 5450 ῥητῷ,
883 5378 1075 5450 μέχρις
1122 5378 1190 5434 ἂν
1219 5379 1600 5448 Θεοφύλακτος
1654 5378 1683 5431 6
1713 5378 1807 5433 :06
1844 5377 1940 5448 βα-

370 5470 561 5534 σιλέως
615 5470 729 5535 υίὸς
782 5472 864 5532 εἰς
928 5471 1128 5545 μέτρον
1182 5470 1366 5546 φθάσῃ
1421 5471 1658 5544 νομίμου
1708 5470 1946 5543 ἡλικίας,

370 5560 463 5631 ἔτη
505 5568 573 5630 γ’.

2034 1996 2114 2048 1.x,
2151 1980 2220 2036 ab
2250 1980 2356 2036 hoc
2385 1979 2552 2050 impio
2583 1978 2767 2036 Leone
2799 1980 3018 2052 pulsus.

2104 2162 2420 2222 Theodotus
2466 2163 2835 2232 Melissenus,
2878 2170 3242 2236 cognomento
3287 2161 3618 2232 Cassiteras,

2033 2254 2460 2314 simulacrorum
2520 2273 2784 2327 eversor,
2833 2258 3043 2330 eodem,
3072 2257 3258 2318 Leone
3315 2265 3630 2332 regnante,

2035 2361 2130 2402 an.
2161 2362 2215 2402 VI
2242 2387 2257 2401 .

2104 2439 2378 2497 Antonius
2411 2440 2709 2513 episcopus
2741 2441 2901 2514 Sylaei
2925 2483 2940 2510 ,
2981 2448 3345 2516 cognomento
3373 2439 3623 2498 Casima-

2035 2539 2144 2597 tas.
2205 2533 2394 2590 eodem
2449 2533 2634 2591 Leone
2685 2535 3018 2606 imperante,
3074 2535 3315 2607 itemque
3358 2533 3642 2591 Michaele

2043 2624 2235 2690 Balbo,
2262 2633 2317 2682 et
2355 2625 2660 2697 TbeOphilo
2697 2642 2789 2683 an.
2818 2642 2943 2682 xm.
3321 2619 3324 2622 ’

2104 2714 2364 2782 Joannes,
2391 2717 2483 2787 qui
2506 2726 2560 2775 et
2588 2717 2777 2784 Janes,
2792 2719 2876 2774 vir
2893 2718 3184 2789 impius,et
3201 2719 3623 2778 simulacrorum

2035 2805 2233 2872 hostis,
2246 2808 2550 2878 imperante
2561 2809 2883 2880 Theophila.
2895 2807 3326 2876 et'l‘heodora,et
3341 2808 3624 2879 Michaele,

2035 2893 2320 2964 depositus
2355 2904 2460 2962 est,
2487 2896 2871 2954 administrato
2905 2897 3224 2970 pontiﬁcatu
3243 2914 3333 2955 an.
3362 2915 3449 2956 ιιι.

2111 2985 2424 3047 Methodius
2473 2991 2778 3048 monachus
2829 2999 2884 3048 et
2932 2993 3240 3065 presbyter,
3289 2992 3467 3049 factus
3499 2992 3627 3063 epi-

2039 3092 2247 3150 scopus
2272 3079 2483 3151 Cyzici,
2505 3096 2572 3137 ac
2595 3081 2794 3138 deinde
2827 3082 3356 3152 Constantinopolis,
3393 3097 3642 3153 regnaue-

2037 3169 2186 3226 tibus
2235 3169 2428 3227 iisdem
2463 3163 2636 3246 Augg.
2666 3172 2958 3231 Theodora
2999 3181 3059 3232 et
3099 3173 3384 3240 Michaele,
3417 3189 3510 3231 an.
3547 3189 3644 3243 ιι,

2040 3279 2218 3321 mens.
2248 3280 2310 3321 11.

2109 3355 2374 3426 lgnatius,
2418 3357 2507 3412 vir
2550 3357 2956 3426 sanctissimus,
3007 3356 3202 3416 iisdem
3253 3357 3429 3432 Augg.
3467 3355 3617 3415 The-

2040 3447 2210 3505 odora
2236 3458 2291 3506 et
2311 3449 2577 3508 Michaele
2601 3452 2970 3523 regnantibus
3000 3467 3092 3508 an.
3126 3466 3201 3519 Iv,
3235 3467 3409 3509 mens.
3440 3467 3506 3508 ιι.

2109 3539 2339 3601 Photius
2402 3559 2469 3598 ex
2503 3545 2806 3602 secretario
2835 3543 3018 3601 factus
3067 3544 3392 3609 monachus,
3449 3543 3626 3616 impe-

2041 3632 2294 3690 rantibus
2346 3632 2633 3700 Michaele,
2695 3650 2760 3692 ac
2815 3635 3022 3693 Basilio
3067 3633 3382 3702 Macedone,
3425 3651 3495 3691 an
3545 3649 3624 3702 Ix,

2042 3732 2098 3782 et
2118 3725 2333 3796 eiectus
2361 3741 2394 3782 a
2421 3710 2750 3784 Macedone:

2116 3821 2362 3891 lgnatius
2428 3821 2655 3886 iterum,
2707 3821 2898 3878 eodem
2975 3820 3270 3879 Macedone
3341 3815 3624 3894 regnante,

2042 3924 2134 3964 an.
2164 3925 2238 3965 XI.

2111 3986 2338 4054 Phbtius
2365 3998 2590 4062 iterum,
2623 3996 2886 4070 regnante
2915 3999 3099 4056 Leone
3126 3999 3484 4070 Philosdpho.

2115 4091 2450 4162 Stephanus,
2496 4091 2696 4148 Leonis
2743 4092 2936 4159 frater,
2993 4095 3097 4149 sub
3150 4091 3380 4163 imperio
3427 4089 3632 4146 Leonis

2042 4183 2311 4256 ejusdem,
2342 4198 2437 4239 an.
2475 4198 2564 4240 ιιι.

2113 4275 2384 4332 Antonius
2449 4274 2704 4344 Cauleas,
2771 4275 2963 4332 eodem
3048 4273 3231 4332 Leone
3299 4274 3627 4348 imperante,

2043 4382 2136 4423 an.
2167 4383 2231 4424 ιι.

2114 4459 2399 4526 Nicolaus,
2429 4466 2587 4516 antea
2616 4456 2886 4531 mysticus
2911 4457 3047 4532 (⁸51),
3081 4457 3275 4515 eodem
3313 4457 3497 4513 Leone
3540 4471 3630 4512 rc-

1977 4554 2026 4613 D
2048 4560 2272 4625 gnante,
2300 4567 2390 4608 an.
2421 4567 2502 4618 xi,
2535 4551 2754 4609 tandem
2783 4551 2922 4609 solio
2951 4551 3220 4622 dejectus.

2125 4644 2454 4716 Euthymius
2510 4643 2838 4709 monachus,
2895 4651 3056 4699 antea
3107 4641 3408 4716 syncellus,
3451 4640 3628 4712 impe-

2048 4743 2206 4792 rante
2229 4733 2562 4802 Alexandro,
2582 4749 2671 4792 an.
2689 4751 2745 4801 ν,
2775 4737 2953 4791 mens.
2979 4751 3053 4790 v1.

2119 4826 2378 4884 Nicolaus
2438 4827 2702 4898 mysticus
2767 4827 2991 4892 iterum,
3041 4825 3234 4888 eodem
3320 4825 3634 4881 Alexandro

2051 4920 2377 4991 imperante,
2430 4930 2486 4977 et
2513 4919 2918 4988 Constantino,
2954 4927 3010 4975 et
3041 4919 3288 4976 Romano
3316 4915 3625 4990 Lacapeno,

2050 5025 2144 5067 an.
2179 5027 2298 5066 XIII.
2758 5034 2762 5040 '

2123 5103 2435 5176 Stephanus
2473 5103 2932 5176 metropolitanus
2963 5103 3229 5171 Amaseae,
3257 5104 3499 5175 potiente
3539 5117 3627 5157 re-

2051 5212 2172 5252 rum
2202 5197 2390 5254 eodem
2428 5197 2678 5254 Romano
2707 5197 2848 5270 Aug.
2877 5213 2968 5253 an.
3003 5214 3064 5266 ιι,
3095 5213 3270 5254 mens.
3301 5212 3378 5251 ιι.

2123 5287 2345 5361 Trypho
2376 5290 2704 5357 monachus,
2742 5291 3050 5362 imperante
3092 5289 3364 5353 Romano,
3410 5281 3630 5356 pontiﬁ-

2053 5385 2236 5434 catum
2292 5378 2696 5435 administravit
2747 5379 2816 5434 ad
2872 5387 3083 5434 certum
3153 5382 3390 5444 tempus,
3454 5372 3629 5425 donec

2055 5469 2519 5542 Theophylactus,
2552 5471 2896 5542 imperatoris
2932 5469 3095 5531 filius,
3125 5464 3302 5522 aetatis
3319 5464 3482 5537 justas
3511 5475 3628 5518 mor

2058 5560 2186 5617 dum
2228 5563 2536 5635 attingeret.
2573 5561 2906 5618 Przefuitan.
2943 5577 3019 5616 ιιι.

1902 5734 2136 5791 NOTAE.

445 5827 553 5900 (3!)
586 5827 792 5886 Nomen
830 5829 1110 5903 dignitatis
1141 5831 1411 5903 palatinas.
