3950 6546
363 307 466 370 9ἷ9

1671 312 1807 372 JUS
1838 309 1977 369 CAN
1991 308 2284 371 ONICUM

3509 307 3621 368 920

431 417 898 488 Thcophylac‘us,
961 418 1233 488 Lucapeni
1315 419 1480 481 (ilius,
1541 417 1938 488 imperantibus

2115 416 2489 488 Θεοφύλακτος
2529 418 2556 470 6
2606 415 2698 469 τοῦ
2760 413 3093 485 Λακηναποῦ
3148 413 3285 476 υἱὸς,
3329 411 3422 465 ἐπὶ
3452 415 3626 468 Κων-

359 509 725 564 Constantino
756 510 809 562 in
852 511 1124 580 pm'phyra
1165 519 1311 574 nato,
1361 518 1414 564 et
1469 508 1588 579 ipso
1626 507 1936 578 Lacapeno,

357 600 521 655 annis
550 615 710 666 xxnt,
743 599 937 656 diebus
970 617 1096 656 xxv.

432 708 787 782 Polyeuctus,
826 711 1015 767 eodem
1068 710 1439 766 Constantino
1488 711 1816 782 imperante,
1877 723 1942 764 ac

358 803 669 874 Nicephoro
719 803 924 871 Phoca,
977 805 1216 876 itemque
1246 805 1313 860 ad
1352 801 1494 860 xxxv
1534 804 1676 859 diem
1727 819 1758 858 a
1792 803 1942 858 desi-

2045 507 2327 565 σταντῖνου
2355 510 2448 565 τοῦ
2484 507 3026 580 Πορφυρογεννήτου,
3055 506 3150 560 καὶ
3205 505 3295 558 ἐπ’
3321 505 3481 560 αὕτοῦ
3523 506 3624 560 τοῦ

2043 601 2402 674 Λακαπηνοῦ,
2431 601 2525 674 ἔτη
2555 599 2662 671 κγ’,
2681 601 2897 673 ἡμέρας
2918 599 3018 656 κε’.

2116 712 2482 779 Πολύευκτος,
2514 711 2608 764 ἐπὶ
2659 709 2755 764 τοῦ
2809 708 2974 764 αὑτοῦ
3043 705 3481 767 Κωνσταντίνου.
3527 708 3628 760 καὶ

2044 805 2359 876 Νικηφόρου
2411 803 2508 858 τοῦ
2561 803 2744 867 Φωκᾶ,
2780 801 2876 855 καὶ
2901 800 2993 854 ἐπὶ
3020 800 3258 870 ἡμέραις
3281 799 3362 865 λε,
3402 802 3498 869 τῆς
3533 801 3630 851 ἀνι

362 903 532 966 gnato
564 896 894 968 imperatore
922 896 1133 953 Joanne
1163 896 1434 968 Zymisce.
1461 895 1686 951 Pruzl'uit
1715 896 1943 951 omnino

2099 897 2392 970 repetisse);
2437 896 2686 951 Ἰωάννου
2725 895 2820 949 τοῦ
2875 894 3191 965 Τζυμισκῆ,
3227 891 3324 964 ἐτη
3389 890 3474 958 ιδ’,
3525 890 3628 962 μῆ-

361 1000 452 1043 an.
487 1003 602 1055 xtv,
645 1003 820 1043 mens.
864 1005 916 1045 ν.

434 1100 669 1156 Basilius
687 1100 1356 1168 Scamandrenus,eodem
1380 1099 1631 1157 vaisce
1652 1106 1940 1168 regnante,

360 1209 453 1250 an.
489 1210 562 1249 ιν.

431 1302 706 1358 Antonius
737 1302 1064 1368 monachus,
1120 1301 1390 1366 Studites,
1425 1301 1616 1356 eodem
1673 1300 1944 1372 Zymisce,

362 1410 425 1448 ac
454 1393 656 1450 Basilio
703 1395 756 1450 in
789 1397 1069 1467 porphyra
1102 1405 1249 1462 nato,
1291 1394 1569 1465 fratreque
1603 1393 1777 1463 ipsius
1800 1391 1947 1447 Con-

362 1489 612 1543 stantino
643 1489 1062 1558 imperantibus,
1098 1503 1188 1543 an.
1235 1505 1313 1544 νι.

430 1593 692 1652 Nicolaus
751 1595 1178 1668 Chrysoherges,
1237 1596 1434 1651 iisdem
1487 1593 1774 1667 Augustis,
1825 1608 1947 1650 cum

2046 1009 2142 1056 νας
2171 998 2235 1046 ε’.

2119 1104 2403 1168 Βασίλειος
2451 1104 2481 1157 6
2512 1094 2957 1174 Σκαμανδρὴνδς,
3017 1098 3113 1153 ἐπὶ
3161 1098 3255 1153 τοῦ
3291 1098 3457 1153 αὐτοῦ
3493 1099 3630 1165 Τζυ-

2053 1199 2245 1269 μισκῆ,
2288 1196 2386 1268 ἐτη
2407 1197 2472 1252 δ’.

2120 1305 2406 1370 Ἀντώνιος
2433 1302 2688 1377 μοναχδς,
2719 1303 2748 1356 6
2789 1302 3104 1373 Στουδῐτης,
3171 1301 3267 1357 ἐπὶ
3323 1299 3422 1355 τοῦ
3467 1300 3629 1354 αὑτοῦ

2049 1397 2363 1468 Τξῡμισκῆ,
2393 1398 2490 1452 καὶ
2515 1397 2609 1450 ἐπὶ
2629 1394 2916 1449 Βασιλεῑου
2945 1395 3042 1449 τοῦ
3075 1395 3623 1466 Πορφυρογεννήτου,

2051 1495 2147 1548 καὶ
2187 1489 2602 1546 Κωνσταντίνου
2624 1490 2721 1545 τοῦ
2745 1488 2983 1560 ἀδελφοῦ
3018 1488 3208 1556 αὐτοῦ,
3244 1488 3341 1558 ἐτη
3360 1493 3436 1552 ς’.

2121 1605 2390 1669 Νικόλαος
2418 1603 2884 1676 ὁΧρυσοὸἐργης,
2939 1603 3034 1656 ἐπὶ
3089 1602 3201 1655 τῶν
3237 1599 3418 1655 αὐτῶν
3479 1596 3632 1666 βασι-

363 1687 605 1744 Ecclesia
633 1696 852 1759 pastore
881 1689 1153 1744 caruisset
1185 1689 1255 1744 ad
1313 1703 1488 1745 annos
1536 1706 1588 1743 IV
1630 1687 1690 1746 S.
1722 1687 1950 1743 Praefuit

2099 1697 2190 1752 Em
2217 1739 2233 1764 ,
2283 1697 2381 1766 τῆς
2453 1694 2781 1767 Ἐκκλησίας
2833 1692 3176 1762 ἀποιμάντου
3246 1685 3632 1754 διατελεσάσης

373 1796 508 1834 ann.
547 1797 650 1844 Ill,
677 1796 854 1836 mens.
883 1797 1002 1836 Vill.

433 1889 674 1946 Sisinius
719 1890 1004 1961 magister,
1057 1889 1252 1946 iisdem
1308 1891 1704 1963 imperantibus
1743 1905 1834 1945 an.
1871 1905 1951 1973 In.

436 1998 664 2067 Sergius
695 1999 866 2056 abbas
915 1999 1367 2068 Manuelicorum,
1401 2001 1597 2058 iisdem
1628 2001 1955 2074 imperanti-

364 2092 486 2160 bus,
521 2105 588 2146 an
617 2108 710 2148 xx.

432 2201 760 2258 Eustathius
801 2205 1011 2274 primus
1045 2206 1489 2278 presbyterorum
1551 2205 1683 2261 aedis
1728 2204 1948 2271 a'ulicae,

363 2297 726 2366 regnantibus
757 2297 949 2353 iisdem
979 2297 1267 2371 Augustis,
1307 2314 1438 2356 ann.
1474 2316 1549 2356 ιν.

433 2408 659 2462 Alexlus
712 2409 1113 2466 ecclesiarches
1163 2410 1466 2466 mansionis
1513 2408 1817 2475 Studianaz,
1847 2409 1951 2466 sub

362 2499 562 2554 iisdem
603 2499 886 2571 Augustis,
929 2509 984 2556 et
1041 2503 1145 2556 sub
1203 2499 1434 2571 imperio
1481 2502 1654 2558 solius
1706 2501 1958 2573 ejusdem

362 2592 740 2660 Constantini,
777 2601 832 2648 et
885 2593 1120 2650 Romani
1173 2593 1520 2667 Argyropuli,
1568 2605 1623 2652 et
1667 2595 1953 2651 Michaelis

363 2682 758 2756 Paphlagonis,
795 2693 850 2742 et
882 2685 1166 2743 Michaelis
1198 2686 1483 2756 Calafatae,
1523 2697 1576 2743 et
1606 2687 1956 2744 Constantini

367 2775 731 2844 Monomacbi,
761 2793 854 2834 an.
890 2794 1006 2834 xix.

439 2994 667 3051 Michael
729 2997 1074 3065 Cerularius,
1144 3001 1248 3058 sub
1326 3001 1518 3059 eodem
1591 2997 1958 3057 Constantino

1988 1786 2030 1840 Β
2061 1791 2154 1863 ἔτη
2187 1789 2229 1844 δ’
2253 1789 2392 1862 πρὸς
2416 1789 2492 1860 τῷ
2525 1773 2756 1860 ἡμίσει,¹
2779 1786 2876 1858 ἐτη
2907 1784 2999 1856 ιβ’,
3029 1785 3124 1839 καὶ
3163 1784 3336 1856 μῆνας
3358 1779 3438 1853 ἠ’.

2131 1905 2366 1970 Σισίνιος
2394 1905 2720 1978 μάγιστρος,
2757 1904 2850 1958 ἐπὶ
2881 1901 2991 1957 τῶν
3021 1901 3204 1957 αὐτῶν
3239 1940 3255 1966 ,
3289 1900 3384 1973 ἔτη
3406 1898 3478 1969 γ’.

2133 2017 2359 2090 Σέργιος
2381 2016 2688 2089 ἡγούμενος
2723 2013 2834 2070 τῶν
2858 2014 3118 2070 Μανουὴλ
3168 2010 3264 2066 ἐπὶ
3298 2010 3408 2066 τῶν
3435 2008 3632 2075 αὐτῶν,

2063 2112 2162 2183 ετη
2194 2109 2264 2167 κ’.

2131 2222 2431 2288 Εὐστάθιος
2455 2221 2674 2293 πρῶτος
2705 2219 2814 2273 τῶν
2840 2215 3229 2286 πρεσϐυτέρων
3271 2212 3367 2268 τοῦ
3424 2214 3483 2266 ἐν
3527 2213 3637 2274 τοῖς

2065 2313 2358 2387 βασιλείοις
2385 2312 2542 2378 ναοῦ,
2573 2308 2808 2364 ἐπὶτῶν
2853 2307 3034 2362 αὐτῶν
3093 2304 3376 2378 βασιλέων,
3435 2301 3532 2372 ἔτη
3580 2302 3637 2354 δ’.

2143 2426 2378 2492 Ἀλέξιος
2421 2426 2451 2479 6
2507 2421 2920 2492 ὲκκλησιόιρχης
2967 2419 3068 2490 τῆς
3109 2417 3281 2489 μονῆς
3325 2413 3436 2468 τῶν
3480 2414 3642 2466 Στου-

2059 2520 2196 2586 δίου,
2228 2519 2322 2573 ἐπὶ
2346 2517 2456 2572 τῶν
2476 2515 2656 2571 αὐτῶν
2681 2512 2972 2585 βασιλέων,
2988 2511 3099 2582 ¹καὶ
3123 2509 3217 2564 ἐπὶ
3247 2507 3345 2577 τῆς
3369 2507 3639 2575 αὐτοκρα-

2059 2614 2248 2686 τορίας
2276 2609 2564 2666 τοῦάΰτοῦ
2583 2604 3000 2663 Κωνσταντῑνου
3023 2603 3212 2674 μόνου,
3243 2601 3340 2655 καὶ
3365 2595 3640 2668 Ῥωμανοῦ

2059 2707 2154 2762 τοῦ
2199 2701 2641 2784 Ἀργυροπορλου
2665 2740 2681 2767 ,
2721 2701 2816 2753 καὶ
2866 2695 3090 2768 Μιχαὴλ
3126 2693 3220 2748 τοῦ
3272 2689 3641 2784 Παφλαγόνος]

2059 2796 2280 2868 Μιχαὴλ
2329 2795 2422 2848 τοῦ
2495 2779 2828 2862 Καλαφάτου
2853 2830 2870 2858 ,
2921 2789 3017 2844 καὶ
3085 2783 3495 2842 Κωνσταντίνου
3545 2779 3639 2834 -τοῦ

2059 2891 2412 2963 Μονομάχου,
2440 2886 2538 2960 ἔτη
2563 2893 2658 2959 ιη’.

2133 3003 2354 3074 Μιχαὴλ
2390 3002 2419 3056 6
2442 2996 2844 3072 Κηρουλάριος,
2881 2993 2974 3048 ἐπὶ
3022 2991 3118 3047 τοῦ
3146 2990 3314 3046 αὐτοῦ
3352 2991 3640 3044 Κωνσταν-

368 3087 751 3157 Monomacho,
783 3100 838 3148 et
889 3095 994 3150 sub
1028 3092 1319 3152 Theodora
1374 3096 1428 3151 in
1487 3095 1764 3168 porphyra
1804 3102 1955 3159 nata,

2100 3096 2214 3152 ῑνου
2241 3093 2336 3150 τοῦ
2367 3091 2724 3164 Μονομάχου,
2759 3088 2855 3144 καὶ⁸
2886 3087 2980 3142 ἐπὶ
3018 3083 3301 3155 Θεοδώρας
3347 3081 3477 3180 τῆς-
3503 3078 3643 3188 Πρρῑ

368 3191 424 3240 el.
476 3185 580 3241 sub
614 3185 880 3243 Michaele
937 3203 1090 3256 sene,
1127 3189 1284 3260 prius
1354 3166 1697 3255 Stratiotico,
1759 3196 1813 3243 et
1856 3186 1955 3243 sub

2099 3187 2494 3261 ιυρογεννήτου.
2525 3183 2622 3238 καὶ
2653 3182 2750 3236 ἐπὶ
2799 3177 3021 3251 Μιχαὴλ
3075 3176 3335 3247 γέροντος
3383 3170 3480 3224 τοῦ
3540 3166 3644 3261 ἀπο

365 3276 591 3334 domino
620 3276 827 3337 lsaacio
857 3281 1158 3349 Comneno,
1185 3297 1278 3338 an.
1299 3297 1389 3338 xv.

438 3451 836 3509 Constantinus
889 3452 1181 3520 Lichudes,
1222 3453 1472 3526 ejusdem
1505 3455 1711 3511 domini
1767 3451 1963 3508 lsaacii

365 3544 657 3612 Comneni,
689 3555 744 3603 et
781 3545 990 3602 domini
1015 3547 1364 3605 Constantini
1393 3547 1557 3605 Daca:
1586 3546 1956 3618 temporibus,

369 3653 462 3693 an.
501 3654 558 3694 ιν
591 3639 650 3694 S.

433 3748 680 3808 Joannes
709 3748 1046 3822 Xiphilinus,
1085 3752 1334 3822 ejusdem
1377 3754 1723 3812 Constantini
1778 3755 1962 3823 Docte,

381 3857 448 3899 ac
477 3845 712 3902 dominae
750 3844 1028 3918 Eupociaz,
1073 3848 1628 3922 Romani“Diogenis,
1683 3850 1966 3909 Michaelis

371 3935 536 3994 Duca:
564 3937 662 3995 ﬁlii
689 3941 1052 4011 temporibus,
1087 3957 1178 3998 an.
1205 3957 1325 4010 xm,
1356 3958 1530 4000 mens.
1572 3959 1647 3999 νι.

445 4149 676 4209 Cosmas
733 4151 1288 4227 Hierosolymitanus,
1349 4156 1598 4226 ejusdem
1655 4157 1962 4222 Michaelis,

376 4252 433 4298 et
465 4242 762 4316 Nicephori
798 4244 1194 4315 Botaniataa,et
1230 4249 1437 4305 domini
1480 4248 1657 4305 Alexii
1697 4249 1963 4306 Comneni

369 4336 752 4405 temporibus,
784 4338 1167 4408 pontiﬁcatum
1204 4338 1397 4410 gessit.
1437 4354 1526 4395 an.
1560 4357 1613 4407 ν,
1665 4356 1844 4396 mens.
1871 4355 1964 4406 vt;

386 4425 588 4482 deinde
623 4427 976 4482 renuntiavit.

447 4531 786 4603 Eustratius,
819 4543 1183 4607 cognomento
1203 4533 1458 4603 Garidas,
1482 4537 1728 4610 ejusdem
1758 4540 1968 4598 domini

377 4625 555 4680 Alexii
589 4625 864 4698 tempore,
895 4641 988 4683 an.
1018 4643 1098 4684 ιιι.

443 4715 702 4774 Nicotaus
741 4718 1064 4786 monachus,
1121 4721 1532 4792 grammaticus,
1575 4723 1669 4794 qui
1741 4723 1963 4796 Lopha-

375 4811 529 4865 dium
563 4811 816 4879 incoluit,
850 4813 1138 4870 ordinatus
1178 4830 1209 4869 a
1262 4813 1370 4871 Deo
1415 4815 1684 4887 pontifex,
1712 4818 1958 4888 ejusdem

375 4907 586 4962 domini
617 4908 789 4964 Alexii
824 4919 1092 4982 tempore,
1127 4926 1218 4966 an.
1252 4927 1420 4978 xxvu,
1459 4928 1633 4968 mens.
1667 4929 1750 4969 ιιι.

445 4998 687 5060 Joannes
707 5003 1124 5062 hieromnemon
1162 5005 1708 5077 (5l‘),cognomento
1740 5008 1965 5065 Chalce-

376 5097 554 5162 donii,
609 5097 715 5154 sub
747 5099 938 5154 eodem
988 5099 1180 5154 Alexio
1227 5087 1620 5166 Comneno,°et
1667 5098 1878 5157 Joanne
1907 5102 1964 5157 in

378 5193 656 5260 porphyra
691 5197 841 5256 nato,
881 5205 975 5245 an.
1009 5205 1167 5244 χχιιι.

458 5283 568 5342 Leo
598 5285 866 5357 Stypiota,
917 5285 1108 5342 eodem
1131 5282 1360 5356 Joanne
1409 5285 1464 5339 in
1520 5285 1793 5358 porphyra
1832 5297 1960 5344 nato

381 5393 662 5456 regnante,
700 5399 791 5438 an.
825 5397 940 5447 VIII,
976 5397 1152 5437 mens.
1184 5397 1302 5436 VIII.

452 5475 677 5534 Michael
703 5473 1030 5542 monachus,
1055 5472 1508 5529 exercitationum
1537 5475 1648 5547 (52)
1674 5474 1964 5532 studiosis-

2064 3258 2160 3338 του
2209 3275 2636 3350 Στρατιωτικοῦ,
2687 3273 2783 3330 καὶ
2838 3273 2934 3328 ἐπὶ
2991 3267 3085 3325 τοῦ
3136 3261 3426 3338 Κομνηνοῦ
3480 3258 3644 3331 κυροῦ

2077 3371 2369 3440 Ἰσαακίου,
2396 3369 2491 3442 ἔτη
2529 3375 2610 3427 ιε’.

2135 3483 2544 3546 Κωνσταντϊνος
2565 3482 2594 3535 6
2627 3476 2922 3550 Λειχούδης
2977 3473 3072 3530 ἐπὶ
3109 3473 3204 3527 τοῦ
3259 3469 3427 3525 αὐτοῦ
3482 3465 3642 3535 κυροΰ

2078 3577 2351 3634 ἰσαακίου
2381 3574 2477 3629 τοῦ
2503 3570 2814 3644 Κομνηνοῦ,
2842 3569 2939 3624 καὶ
2958 3567 3051 3622 ἐπὶ
3095 3563 3266 3636 κυροῦ
3299 3558 3643 3618 Κωνσταντι-

2068 3687 2159 3726 νου
2175 3669 2270 3723 τοῦ
2301 3666 2502 3731 Δούκα,
2537 3664 2631 3736 ἔτη
2665 3663 2706 3717 δ’
2726 3663 2920 3734 ἣμισυ.

2152 3779 2407 3850 Ἰωάννης
2430 3777 2459 3831 6
2489 3774 2786 3845 Ξιφιλῐνος,
2833 3771 2926 3825 ἐπὶ
2951 3767 3046 3823 τοῦ
3075 3765 3240 3822 αὐτοῦ
3297 3759 3643 3818 Κωνσταντί-

2070 3890 2162 3929 νου
2187 3872 2284 3927 τοῦ
2314 3870 2516 3934 Δούκα,
2548 3867 2643 3923 καὶ
2693 3865 2790 3921 ὲπὶ
2838 3865 2937 3934 τῆς
2989 3861 3166 3931 κυρᾶς
3233 3855 3514 3920 Εὑδοκιας,
3558 3853 3646 3906 καὶ

2081 3963 2364 4035 Ῥωμανοῦ
2412 3962 2506 4016 τοῦ
2538 3960 2846 4030 Διογένους,
2876 3955 2974 4010 καὶ
3003 3951 3226 4025 Μιχαὴλ
3254 3949 3377 4004 υἱοῦ
3402 3949 3497 4002 τοῦ
3524 3945 3646 4000 Δού-

2071 4076 2164 4123 κα,
2197 4056 2291 4129 ἔτη
2330 4054 2422 4125 ιγ’,
2452 4058 2629 4128 μῆνας
2663 4058 2741 4118 ς’.

2142 4168 2373 4238 Κοσμᾶς
2405 4168 2434 4220 6
2461 4161 2920 4236 Ἱεροσολυμίτης.
2949 4157 3044 4212 ἐπὶ
3091 4153 3185 4210 τοῦ
3219 4151 3384 4208 αὑτοῦ
3417 4149 3645 4222 Μιχαὴλ,

2071 4264 2166 4319 καὶ
2189 4262 2281 4315 ἐπὶ
2310 4258 2628 4329 Νικηφόρου
2655 4256 2750 4309 τοῦ
2781 4251 3162 4312 Βοτανειάτου,
3182 4247 3280 4302 καὶ
3305 4247 3398 4300 ἐπὶ
3432 4245 3526 4299 τοῦ
3553 4260 3647 4297 κυο

2076 4357 2172 4431 ροῦ
2191 4353 2429 4420 Ἀλεξίου
2479 4351 2575 4406 τοῦ
2615 4347 2930 4419 Κομνηνοῦ,
2978 4339 3414 4419 ἀρχιερατεύσας
3461 4339 3553 4410 ἔτη
3588 4342 3646 4401 ε’,

1999 4472 2046 4528 ι)
2081 4449 2254 4522 μῆνας
2282 4445 2359 4512 ς’,
2388 4441 2507 4500 εἶτα
2537 4443 2914 4516 παρῃτήσατο.

2144 4556 2479 4625 Εὑστράτιος
2521 4554 2550 4607 6
2607 4549 2906 4621 τούπικλην
2943 4545 3202 4620 Γαριδᾶς,
3233 4542 3332 4596 ἐπὶ
3361 4538 3458 4596 τοῦ
3492 4535 3651 4594 αὐτοῦ

2074 4645 2244 4718 κυροῦ
2283 4644 2550 4711 Ἀλεξίου,
2582 4641 2678 4712 ἐτη
2707 4647 2778 4710 γ’.

2144 4736 2413 4800 Νικόλαος
2437 4734 2694 4806 μοναχδς,
2749 4733 2778 4787 6
2823 4725 3241 4803 Γραμματικδς,
3276 4727 3305 4779 6
3340 4725 3400 4778 ἐν
3438 4721 3518 4793 τῷ
3557 4719 3654 4774 Λο-

2073 4827 2268 4899 φαδῑῳ,
2290 4823 2688 4896 Θεοπρόὸλητος
2721 4821 3032 4893 ἀρχιερεὺς,
3065 4817 3160 4873 ἐπὶ
3177 4813 3274 4870 τοῦ
3297 4813 3467 4869 αὑτοῦ
3487 4807 3653 4883 κυροῦ

2075 4920 2342 4986 Ἀλεξίου,
2368 4917 2463 4990 ἐτη
2495 4916 2601 4983 κζ’,
2631 4914 2806 4986 μῆνας
2840 4911 2912 4982 γ’.

2144 5013 2400 5082 Ἰωάννης
2462 5011 2492 5063 6
2550 5008 2936 5080 ἱερομνήμων,
3008 5004 3038 5058 6
3103 5000 3495 5070 ἐπιλεγόμενος
3561 4993 3652 5050 τοῦ

2073 5103 2434 5174 Χαλκηδόνος,
2465 5102 2558 5155 ἐπὶ
2575 5100 2670 5154 τοῦ
2702 5098 2868 5154 αὐτοῦ
2923 5096 3167 5162 Ἀλεξίου
3195 5092 3290 5146 τοῦ
3342 5087 3650 5162 Κομνηνοῦ,

2074 5198 2164 5252 καὶ
2200 5196 2450 5250 Ἰωάννου
2503 5193 2599 5248 τοῦ
2628 5191 3172 5265 Πορφυρογεννήτου,
3192 5187 3289 5258 ἔτη
3321 5190 3429 5254 κγ’.

2141 5289 2296 5344 Λέων
2331 5289 2360 5340 6
2388 5287 2624 5357 Στυπῆς,
2651 5287 2744 5340 ἐπὶ
2765 5283 2863 5338 τοῦ
2896 5282 3065 5338 αὐτοῦ
3107 5281 3359 5337 Ἰωάννου
3400 5277 3496 5333 τοῦ
3524 5275 3653 5346 Πορ-

2071 5381 2494 5453 φυρογεννήτου,
2526 5378 2620 5450 ἐτη
2649 5385 2719 5450 η’,
2751 5376 2926 5449 μῆνας
2954 5394 2988 5449 η
3011 5414 3026 5430 .

2142 5473 2363 5546 Μιχαὴλ
2413 5472 2667 5544 μοναχδς.
2700 5472 2730 5525 6
2764 5467 3230 5543 ἀσκητικώτατος,
3273 5465 3304 5520 ὁ
3335 5461 3599 5535 Ὀξειτης.
3622 5458 3649 5512 ὅ

1896 5632 2125 5691 ΝΟΤᾸΞ.

455 5795 590 5848 (5ιί
617 5793 990 5852 Ecclesiastici
1013 5807 1208 5849 nomen
1238 5794 1422 5861 ofﬁcii,
1451 5794 1514 5849 de
1540 5809 1650 5864 quo
1680 5792 1842 5849 infra.

2137 5792 2248 5861 (52)
2283 5788 2708 5846 Monasucarum
2741 5787 2975 5845 scilicet.
