3950 6564
497 355 610 420 923
1659 324 1662 328 ’
1816 356 1956 419 rus
1985 324 2428 419 CANONICUM

3643 358 3737 422 ρει

495 481 619 542 post
653 483 868 546 captam
904 475 1098 532 urbem
1124 474 1286 532 annis
1320 489 1379 540 ιι,
1418 472 1653 530 mensib.
1689 487 1750 538 ιι,
1783 471 1931 528 dicb.
1968 488 2073 526 xiv.

2200 473 2240 528 se
2272 474 2366 527 καὶ
2399 461 2540 542 μετά
2570 472 2670 543 τὴν
2696 469 2900 527 ἅλωσιν
2956 468 3058 541 τῆς
3100 467 3347 540 μεγάλης
3385 466 3583 533 πόλεως
3627 474 3733 543 196.-

495 566 563 621 Et
595 579 752 638 capta
781 567 882 622 fuit
913 568 1048 623 urbs
1083 566 1196 640 (δέ)
1230 565 1533 622 indictione
1560 564 1817 636 septima,
1866 563 1956 620 die
1983 578 2079 618 xm

2200 581 2308 628 ιους
2347 562 2415 634 β’,
2457 563 2634 634 μῆνας
2670 561 2737 634 β’,
2795 561 3012 634 ἡμέρας
3063 560 3124 615 ιδ’
3132 603 3146 618 .
3185 561 3383 631 Γέγονε
3412 561 3525 633 δέή
3562 563 3732 628 ἀλωσις

497 658 718 727 Aprilis.
785 647 916 712 Post
967 657 1158 712 urbem
1216 673 1350 712 vero
1403 667 1639 728 captam,
1685 655 1834 728 quod
1880 654 2083 709 accidit

2200 650 2337 710 ιατά
2372 655 2471 726 τήν
2515 655 2559 719 ζ’
2607 655 2939 720 ινδικτιῶνα,
2998 657 3064 727 τῇ
3131 651 3217 723 ιγ’,
3287 654 3388 708 τοῦ
3461 655 3728 725 ’Δπριλῑου.

503 764 654 804 anno
689 749 878 803 mundi
909 764 1050 804 ViClD
1085 764 1220 804 loco.
1271 764 1372 816 xu,
1410 749 1670 820 quoniam
1719 749 1810 803 hic
1843 748 2084 820 patriar-

501 842 602 894 cha
642 842 695 895 in
753 838 1144 911 Didymoticho
1170 839 1311 894 diem
1343 838 1578 904 obierat,
1608 840 1824 895 vacavit
1851 839 2086 894 thronus

500 947 704 986 annum
761 948 953 996 unum,
1021 946 1199 988 mens.
1255 946 1310 996 κ,
1351 935 1541 1001 postea
1600 931 1780 987 factus
1834 938 1920 988 est
1987 944 2087 1002 pa-

501 1021 765 1077 triarcha.
1195 1045 1206 1054 ~
1481 1024 1484 1031 '

576 1113 842 1168 Dominus
864 1112 1096 1170 Michac.
1124 1114 1457 1180 baurianus,
1480 1125 1714 1185 magnus
1740 1112 2087 1178 sacellarius,

502 1204 559 1258 in
595 1205 808 1260 oriente
847 1206 1168 1278 designatus
1197 1206 1264 1261 ab
1293 1207 1625 1277 imperatore
1655 1205 1878 1260 domino
1910 1203 2093 1259 Theo‘

502 1297 637 1353 doro
684 1298 938 1355 Lascare.
996 1299 1312 1370 Habuitque
1363 1298 1549 1356 sedem
1580 1299 1797 1362 Niczeae,
1855 1311 2094 1368 cumque

501 1389 750 1460 pontifex
787 1391 983 1448 fuisset
1015 1392 1292 1448 annis.....
1335 1406 1609 1448 mens.....
1651 1391 1961 1448 diebus.....
1998 1388 2095 1444 de-

501 1482 692 1538 cessit.
720 1482 796 1538 Ac
839 1485 1050 1539 vacavit
1103 1486 1336 1540 thronus
1383 1500 1557 1542 mens.
1617 1499 1648 1539 χ
1679 1485 1739 1551 S,
1784 1491 2092 1556 propterea,

502 1575 650 1644 quod
692 1576 989 1646 imperator
1044 1577 1097 1632 in
1151 1593 1342 1648 agrum
1393 1576 1762 1633 Thracensem
1813 1575 2096 1648 profectus

501 1677 669 1724 esset.
705 1667 801 1724 Die
829 1685 955 1724 vero
987 1687 1052 1724 xx
1108 1671 1474 1742 Septembris.
1526 1655 1828 1727 indictione
1867 1679 1925 1736 ιι,
1962 1667 2096 1724 feria

504 1761 710 1829 prima,
752 1762 1106 1818 renuntiatus
1131 1761 1248 1820 est?

577 1853 844 1910 Dominus
888 1853 1213 1912 Theodorus
1268 1856 1556 1920 lrenicus,
1615 1853 1991 1910 chartularius
2041 1861 2098 1909 et

441 1931 447 1938 ί
507 1960 802 2015 supremus
834 1946 1312 2017 philosophorum,
1346 1947 1437 2019 qui
1470 1954 1524 2003 et
1555 1947 1758 2016 Cupas,
1787 1961 1911 2000 cum
1953 1960 2097 2001 anno

506 2051 618 2091 uno
642 2039 980 2106 pontiﬁcatui
1015 2039 1353 2110 praefuisset,
1393 2053 1456 2095 ac
1483 2037 1721 2095 mensib.
1744 2050 1815 2099 Iv,
1836 2037 1986 2092 dieb.
2016 2048 2094 2101 ιιι,

415 2168 422 2171 -
506 2127 782 2196 decessit,
842 2143 964 2183 cum
1029 2130 1328 2200 imperator
1385 2129 1441 2184 in
1513 2128 1734 2198 regione
1794 2125 2096 2182 Thracensi

504 2220 749 2290 degeret.
802 2219 1226 2293 Mandatumque
1286 2221 1388 2276 fuit
1441 2220 1857 2294 magistratibus
1907 2229 1936 2270 ιι
2004 2235 2099 2291 pa-

508 2311 793 2376 triarchze,
837 2312 1162 2382 ceterisque
1215 2311 1591 2384 pontiﬁcibus,
1646 2319 1708 2366 ut
1753 2311 1809 2365 in
1872 2309 2097 2381 scriptis

507 2403 816 2458 sententias
845 2411 1210 2474 exponerent.
1239 2403 1419 2475 Atque
1449 2402 1557 2459 hoc
1583 2402 1744 2474 jussu
1775 2401 2098 2471 designatus

509 2499 595 2546 est
623 2491 914 2557 Maximus,
937 2494 1106 2548 abbas
1125 2495 1432 2552 mansionis
1455 2510 1651 2551 somno
1672 2494 2095 2549 abstinentium.

509 2585 759 2654 Cumque
790 2586 1049 2657 princeps
1074 2587 1241 2641 etiam
1279 2587 1614 2652 advenisset,
1653 2587 1724 2644 ab
1757 2587 1852 2642 ilio
1877 2602 2099 2659 quoque

511 2677 861 2734 renuntiatus
921 2687 1027 2746 est,
1075 2679 1164 2736 diu
1223 2689 1334 2734 xvlt
1393 2681 1700 2740 mensis....
1746 2680 1965 2737 Potitus
2013 2689 2100 2738 est

510 2771 830 2840 pontiﬁcatu
863 2772 1098 2828 mensib.
1127 2787 1245 2841 vm,
1277 2788 1439 2843 quem
1470 2774 1686 2844 excepit

588 2862 855 2920 Dominus
890 2865 1108 2922 Manuel
1143 2865 1557 2938 Charitopulus,
1591 2866 1754 2923 annis

583 2957 714 3013 Inde
740 2959 824 3011 vir
853 2966 1106 3023 sanctus,
1149 2959 1418 3017 Arsenius
1459 2960 1824 3026 Autorianns,
1858 2973 1967 3031 quo
2002 2974 2101 3016 ex-

513 3049 694 3119 pulso,
725 3051 904 3107 factus
932 3058 1018 3107 est

2184 748 2339 804 Μετὰ
2395 747 2453 800 δέ
2500 746 2599 822 τὴν
2620 746 2855 816 ξάλωσιν
2883 746 2986 817 τῆς
3027 745 3272 818 μεγάλης
3306 745 3536 811 πόλεως,
3571 749 3621 799 ἐν
3647 748 3735 802 ἔτει

2187 839 2354 914 ,ςψιβ
2385 825 2709 911 γενομένην,
2735 841 2858 894 ἐπεὶ
2879 841 2908 894 6
2933 841 3278 912 πατριάρχης
3326 831 3480 903 οὗτος
3517 840 3569 892 ἐν
3606 840 3735 893 Διδυ-

2191 934 2428 1006 μοτείχῳ
2459 933 2839 1004 ἐτελεύτησεν,
2871 933 3137 1005 ἐχήρευεν
3167 934 3195 986 6
3218 931 3412 1003 θρόνος
3435 930 3611 1004 χρόνον
3638 933 3734 998 ἕνα,

2191 1028 2367 1100 μῆνας
2403 1033 2454 1082 ι’.
2484 1025 2624 1082 Εἶτα.
2650 1027 2870 1096 ἐγένετο
2902 1025 3275 1096 πατριάρχης,

2271 1119 2332 1173 '0
2363 1119 2540 1191 μέγας
2571 1117 2952 1190 σακελλάριος,
2988 1116 3156 1185 κῦρος
3183 1113 3409 1187 Μιχαὴλ
3451 1115 3479 1168 6
3534 1115 3733 1185 Σαυρια-

2191 1212 2300 1280 νδς,
2336 1213 2396 1268 ἐν
2438 1215 2505 1286 τῇ
2529 1213 2762 1285 ἀνατολῇ
2791 1209 3125 1284 προϐληθεὶς
3167 1208 3319 1281 παρά
3372 1208 3465 1261 τοῦ
3511 1208 3735 1278 βασιλέως

2192 1305 2362 1379 κυροῢ
2412 1305 2692 1378 Θεοδώρου
2749 1304 2844 1359 τοῦ
2904 1302 3180 1374 Λασκάρη
3219 1321 3234 1336 ·
3289 1300 3388 1356 καὶ
3419 1301 3650 1355 ἐκάθισεν
3672 1303 3734 1365 εἰς

2191 1400 2449 1467 Νίκαιαν,
2478 1395 2914 1470 ἀρχιερατεύσας
2955 1396 3011 1448 δὲ
3056 1393 3286 1465 χρόνους
3322 1432 3339 1448 .
3363 1431 3379 1446 .
3404 1433 3418 1448 .
3455 1393 3617 1463 μῆνας
3642 1433 3654 1446 .
3685 1431 3699 1447 .
3720 1431 3735 1448 .

2194 1492 2409 1566 ἡμέρας
2429 1529 2446 1546 .
2480 1531 2494 1546 .
2521 1529 2536 1545 .
2562 1488 2904 1560 ἐτελεύτησε.
2946 1489 3056 1542 Καὶ
3077 1487 3353 1558 ἐχήρευεν
3397 1486 3424 1540 6
3461 1484 3634 1556 θρόνος
3657 1489 3739 1557 μῆτ-

2194 1601 2292 1649 νας
2322 1581 2374 1649 ι’,
2409 1583 2720 1655 καὶήμισυ,
2744 1582 2836 1637 διὰ
2873 1579 2935 1635 τὸ
2964 1581 3056 1636 τὸν
3091 1579 3324 1651 βασιλέα
3365 1578 3648 1648 ἀποδημεῖν
3676 1581 3738 1640 εἰς

2195 1675 2258 1730 τὸ
2302 1675 2636 1746 Θρᾳκήσιον.
2667 1673 2776 1728 Καὶ
2833 1675 2976 1728 κατά
3002 1671 3100 1744 τὴν
3133 1677 3182 1726 κ’
3234 1669 3335 1724 τοῦ
3388 1667 3735 1740 Σεπτεμϐρίου,

2197 1762 2296 1833 τῆς
2333 1762 2376 1832 β’
2411 1761 2765 1826 ἰνδικτιῶνος,
2793 1760 2979 1833 ἡμέρᾳ
3005 1759 3218 1833 πρώτῃ,
3255 1758 3580 1830 προεϐλήθη.

2280 1856 2340 1909 '0
2368 1853 2720 1928 χαρτοφύλαξ
2745 1857 2838 1908 καὶ
2873 1852 3079 1952 biremi;
3123 1853 3236 1907 τῶν
3275 1851 3573 1921 φιλοσόφων
3603 1851 3742 1921 κῦρος

2197 1948 2471 2022 Θεόδωρος
2501 1950 2529 2003 6
2567 1946 2842 2020 εἰρηνικὸς
2862 1989 2877 2013 ,
2917 1945 3075 2001 ὁ”καὶ
3103 1947 3361 2010 Κουπᾶς,
3390 1946 3482 1998 καὶ
3520 1946 3739 2015 ἀρχιερα-

2196 2040 2394 2104 τεύσας
2445 2041 2640 2114 χρόνον
2667 2041 2786 2105 ἕνα,
2823 2039 2998 2111 μῆνας
3021 2037 3084 2104 ὅ,
3123 2039 3348 2108 ἡμέρας
3390 2043 3463 2106 γ’,
3495 2036 3736 2103 ἐτελεύτηο

2200 2155 2293 2191 σεν
2315 2153 2331 2168 ο
2355 2135 2508 2197 ὄντος
2527 2133 2624 2188 τοῦ
2653 2132 2919 2204 βασιλέως
2953 2133 3010 2186 ἐν
3047 2131 3127 2202 τῷ
3158 2130 3364 2201 θέματι
3421 2127 3525 2182 τῶν
3559 2127 3740 2197 09pm-

2200 2229 2354 2282 σίων.
2403 2226 2733 2299 Ὠρίσθησαν
2762 2225 2817 2278 δὲ
2847 2224 2899 2278 οἱ
2925 2224 3189 2296 ἄρχοντες
3253 2219 3354 2276 τοῦ
3417 2220 3737 2292 πατριάρχου,

2199 2323 2294 2376 καὶ
2363 2322 2412 2375 οἱ
2473 2321 2774 2391 ἀρχιερεῖς,
2827 2316 3122 2388 ἐγγράφως
3177 2314 3602 2386 γνωμοδοτῆσαι.
3650 2312 3738 2367 Καὶ

2200 2411 2515 2484 προεϐλήθη
2567 2411 2659 2466 διὰ
2707 2408 3148 2482 προστάγματος,
3171 2407 3431 2477 Μάξιμος
3458 2408 3485 2460 6
3519 2404 3741 2474 καθηγού-

2203 2524 2366 2576 μενος
2410 2505 2580 2576 μονῆς
2613 2505 2723 2558 τῶν
2747 2502 3117 2574 Ἀκοιμήτων.
3148 2499 3432 2565 Ἐλθόντος
3451 2499 3505 2554 δέ
3546 2499 3627 2552 καὶ
3666 2496 3738 2551 τοῦ

2201 2597 2488 2670 βασιλέως,
2543 2594 2856 2668 προεϐλήθη
2911 2594 3008 2649 καὶ
3073 2594 3204 2667 παρ’
3259 2591 3448 2661 αὑτοῦ,
3493 2589 3618 2646 κατὰ
3659 2585 3738 2659 τὴν

2203 2690 2269 2758 ιζ’
2285 2689 2381 2744 τοῦ
2411 2731 2425 2746 .
2463 2729 2479 2745 .
2509 2727 2526 2745 .
2569 2689 2761 2761 μηνός.
2807 2685 3227 2760 ’Δρχιεράτευσε
3258 2687 3437 2758 μῆνας
3475 2689 3541 2756 η’,
3577 2680 3739 2755 μεθ’ὃν

2272 2869 2458 2938 Κῦρος
2489 2865 2752 2939 Μανουὴλ
2779 2867 2808 2920 6
2840 2861 3281 2936 Χαριτόπουλος,
3312 2858 3409 2931 ἐτη
3440 2899 3455 2914 .
3483 2898 3498 2914 .
3527 2899 3540 2914 .

2273 2960 2407 3017 Εἶτα
2437 2963 2466 3017 6
2493 2961 2650 3030 ἀγιος
2705 2957 2983 3028 Ἀρσένιος
3027 2957 3058 3011 6
3098 2951 3496 3026 Αὑτωρειανόςο
3553 2947 3740 3018 Ἕκδλψ
3790 3007 3798 3030 ,

2203 3057 2392 3120 θέντος
2426 3055 2483 3109 δὲ
2507 3051 2696 3116 αὐτοῦ,
2709 3051 2928 3120 ἐγένετο
3790 3047 3794 3053 ’

587 3141 953 3212 Nicephorus.
1023 3152 1184 3200 antea
1258 3143 1503 3214 pontifex
1573 3125 1906 3216 Ephesinus.
1979 3144 2095 3211 Quo

2274 3149 2608 3220 Νικηφόρος,
2639 3149 2669 3202 6
2699 3145 2831 3218 πρὶν
2869 3143 3120 3214 Ἐφέσου.
3145 3130 3220 3195 Οἵ)
3257 3136 3631 3201 ἀποθανόντος,
3659 3131 3742 3227 πά-

516 3245 757 3297 mortuo,
811 3249 1008 3290 rursus
1055 3236 1326 3293 Arsenius
1358 3246 1579 3294 evectus
1625 3245 1730 3304 est,
1787 3238 2101 3310 iterumque

515 3324 734 3395 pulsus.
767 3323 906 3379 Hinc
931 3327 1243 3395 patriarcha
1278 3327 1460 3384 factus

588 3417 916 3485 Germanus,
989 3420 1289 3508 episcOpus
1364 3419 1910 3490 Adriauopolitanus.
1982 3419 2102 3488 Quo

517 3510 714 3580 eiecto,
754 3509 1009 3566 thronum
1046 3510 1294 3568 ascendit

588 3599 860 3670 Iosephus
915 3601 1086 3657 abbas
1116 3601 1344 3669 Galesii,
1377 3602 1462 3658 vir
1489 3611 1544 3660 et
1591 3601 1934 3662 admirabilis
1957 3604 2102 3675 vitm,

520 3703 574 3750 et
599 3693 971 3751 confessionis
997 3710 1206 3752 corona
1239 3704 1493 3754 ornatus.

801 3917 1077 3977 OFFICIA
1111 3919 1406 3979 MAIORIS
1434 3921 1820 3980 ECCLESUE.

1195 4035 1343 4094 Ordo
1375 4038 1428 4096 1.

523 4147 550 4200 l
593 4145 819 4217 Magnus
848 4163 1192 4209 (nconomus.

520 4239 558 4293 2
597 4237 828 4310 Magnus
856 4241 1204 4298 sacellarius.

521 4331 558 4386 3
593 4329 823 4402 Magnus
853 4346 1111 4387 vasorum
1137 4340 1351 4391 custos.

523 4423 558 4477 4
595 4421 823 4494 Magnus
855 4422 1244 4480 chartularius.

523 4511 558 4566 5
597 4511 798 4568 Sacelli
836 4513 1150 4585 praefectus.

525 4603 560 4660 θ
598 4606 818 4662 Primus
847 4605 1129 4665 defensor.

1201 4697 1348 4756 Ordo
1379 4697 1436 4754 2.

527 4789 562 4844 ’1
595 4789 1038 4850 Protonotarius.

527 4885 562 4940 8
599 4881 922 4957 Logotheta.

528 4975 564 5031 9
603 4977 936 5036 Castrensis.

532 5063 602 5120 10
641 5067 1090 5128 Referendarius.

533 5158 596 5214 Η
639 5160 684 5214 Α
719 5164 1154 5222 commentariis.

1199 5257 1344 5314 Ordo
1373 5261 1429 5315 3.
1455 5327 1463 5345 ί

538 5346 604 5402 12
643 5345 1089 5407 Hieromnemon.

2207 3243 2292 3298 λιν
2322 3243 2350 3296 6
2379 3241 2533 3311 ἅγιος
2588 3237 2924 3310 ἀνεϐιϐάσθη
2991 3233 3305 3308 ’Δρσένιος,
3344 3230 3439 3288 καὶ
3491 3228 3633 3284 πάλιν
3675 3223 3743 3288 ἐξ·

2209 3332 2439 3405 εϐλήθη.
2467 3319 2579 3386 Καὶ
2611 3331 2834 3400 γέγονεν

2290 3426 2352 3480 '0
2391 3421 2890 3495 Ἀδριανουπόλεως
2935 3416 3242 3490 Γερμανός.
3298 3415 3472 3472 Αὕτοῦ
3507 3413 3559 3469 δέ
3587 3409 3742 3480 ἐκϐλη-

2211 3519 2419 3583 θέντος,
2447 3514 2677 3586 ἀνῆλθεν
2706 3515 2786 3578 εἰς
2820 3512 2910 3567 τὸν
2946 3511 3135 3585 θρόνον

2294 3609 2494 3679 Ἰωσὴφ
2533 3609 2561 3662 6
2583 3607 2678 3661 τοῦ
2705 3603 2975 3677 Γαλησίου
3006 3603 3340 3676 ἡγούμενος,
3394 3599 3526 3672 ἀνὴρ
3572 3596 3742 3664 θαυμα-

2215 3698 2342 3762 στδς
2380 3698 2472 3752 τδν
2534 3698 2670 3770 βίον,
2732 3696 2827 3749 καὶ
2858 3693 3151 3765 ὁμολογίας
3213 3691 3466 3762 στεφάνῳ
3519 3698 3743 3754 κεκοσμη-

2218 3793 2403 3864 μένος.

2284 3929 2376 3982 ΤΑ
2417 3925 2554 3983 ΤΗΣ
2598 3923 2933 3982 ΜΕΓᾹΔΗΣ
2971 3918 3380 3974 ΕΚΚΑΗΣΙΔΣ
3429 3911 3690 3970 ΟΦΦΙΚΙΑ.

2872 4037 3048 4104 Τάξις
3089 4034 3164 4090 a'.

2217 4157 2266 4215 α’
2303 4159 2332 4214 6
2364 4161 2540 4230 μέγας
2562 4155 2873 4224 οἰκονόμος.

2221 4252 2265 4323 β’
2302 4250 2331 4304 6
2357 4249 2530 4322 μέγας
2561 4245 2935 4319 σακελλάριος.

2219 4348 2267 4412 γ’
2305 4341 2334 4395 6
2358 4341 2534 4413 μέγας
2570 4335 2936 4408 σκευοφύλαξ.

2218 4435 2261 4490 δ’
2305 4436 2334 4489 6
2366 4433 2542 4505 μέγας
2574 4428 2944 4504 χαρτοφύλαξ.

2140 4531 2186 4588 D
2213 4532 2256 4582 ε’
2293 4527 2322 4580 6
2349 4522 2659 4578 σακελλιου.

2219 4619 2275 4688 ς’
2301 4621 2330 4675 6
2350 4615 2749 4691 πρωτέκδικος.

2876 4705 3051 4774 Τάεις
3074 4699 3160 4772 βο

2218 4802 2262 4869 ζ’
2303 4804 2332 4857 6
2361 4799 2817 4874 πρωτονοτάριος.

2219 4902 2270 4968 η’
2303 4897 2332 4950 6
2364 4893 2678 4964 λογοθέτης.

2223 4984 2267 5041 θ’
2301 4987 2329 5040 6
2359 4985 2733 5055 κανστρῐσιος.

2224 5078 2257 5133 ι’
2301 5079 2329 5132 6
2367 5079 2498 5149 ρεφε
2507 5074 2808 5148 ρενὸἀριος.

2225 5175 2297 5226 ια’
2333 5172 2362 5224 6
2392 5165 2990 5242 ύπομνηματογράφος.

2863 5257 3041 5327 Τάξις
3063 5252 3136 5332 ι¹ο

2227 5351 2298 5426 ιβ’
2329 5356 2359 5408 6
2398 5353 2791 5426 Ἱερομνήμων.

1842 5486 2081 5546 VARUS
2135 5486 2428 5546 LECTION
2439 5488 2520 5544 ES

607 5585 635 5626 εἰ
655 5575 927 5646 o/ﬁciariis
942 5615 956 5630 .

2051 5687 2288 5746 NOTAE.

615 5785 805 5856 (τινες
834 5785 1086 5846 Flandris
1123 5797 1174 5844 ct
1201 5787 1446 5846 Venetis.
