3950 6554
411 355 512 416 927

1715 359 1748 420 Ι
1758 358 1852 420 US
1874 355 2318 422 CANONICUM

3563 354 3678 418 928

409 475 592 530 locum
621 450 870 533 binarius
893 474 1094 533 subiit:
1119 474 1364 533 laborem
1389 473 1621 530 multum
1655 482 1711 530 ct
1734 474 1976 529 studimn

2101 477 2397 544 ίπέστησαν
2426 475 2492 542 ⁷⁸,
2549 475 2645 531 καὶ
2680 475 2765 542 είς
2813 475 2907 532 τὸν
2969 475 3134 532 τόπον
3177 476 3275 549 τῆς
3339 474 3602 546 ένότητος
3650 475 3682 524 ὁ

408 566 504 637 qui
564 579 670 623 nos
743 575 1146 638 pmcesserunt
1208 569 1354 624 beati
1417 568 1565 624 Petri
1635 553 1986 624 successores

2101 569 2274 633 Ξυῖκὸς
2294 567 2582 638 ἐπεισῆλθε
2616 586 2631 602 ο
2660 569 2828 624 πολὺν
2849 569 3018 624 κόπον
3048 570 3145 624 καὶ
3191 567 3448 638 σπουδὴν·
3474 566 3526 620 oi
3565 565 3680 635 πρὸ

411 656 802 726 adhibuerunt,
856 667 916 714 ut
962 661 1202 716 schisma
1233 659 1302 716 de
1347 661 1525 717 medio
1582 661 1886 726 tolleretur,
1934 666 1988 716 et

414 748 614 804 unitati
647 747 928 816 Ecclesiae,
954 752 1048 821 qui
1081 765 1140 808 se
1169 751 1240 806 ab
1270 766 1332 806 ea
1382 761 1732 822 separarum,
1791 751 1988 808 redde-

403 851 627 896 rentur.
655 842 1019 909 Quamobrem
1078 854 1130 900 et
1159 859 1282 909 nos,
1317 846 1408 914 qui
1442 845 1546 900 hoc
1589 853 1833 914 tempore
1858 859 1989 914 apo-

417 935 626 988 stolicae
651 935 798 992 sedis
857 951 1047 990 curam
1093 939 1456 1006 suscepimus,
1518 947 1579 992 ut
1642 937 1752 994 Deo
1811 939 1992 1008 placet

419 1027 676 1082 omnibus
698 1025 985 1094 Ecclesiis,
1014 1044 1135 1098 quae
1155 1039 1282 1084 sunt
1310 1031 1452 1084 intra
1484 1039 1753 1086 terrarum
1775 1030 1988 1093 orbem,

415 1118 782 1184 constituere;
841 1120 1094 1188 quamvis
1148 1119 1296 1174 beati
1355 1121 1503 1176 Petri
1549 1122 1846 1177 virtutibus
1892 1137 1992 1192 par

414 1207 550 1262 nihil
589 1209 909 1275 habeamus,
950 1212 1260 1267 ministerio
1287 1222 1469 1268 tamen
1518 1214 1666 1283 fungi
1720 1215 1988 1283 COgimur.

414 1298 496 1352 Ad
530 1299 581 1352 id
615 1299 953 1356 credidimus
980 1297 1396 1371 attendendum,
1439 1321 1506 1359 ne
1533 1321 1994 1362 counumeremur

417 1389 584 1460 (quod
620 1391 786 1457 absit)
851 1392 944 1456 iis,
1000 1409 1137 1464 quos
1199 1412 1296 1466 per
1345 1397 1666 1466 prophetam
1729 1397 1993 1455 Dominus

415 1481 786 1550 reprehendit,
823 1485 1040 1540 dicens:
1079 1486 1234 1552 Quod
1263 1488 1496 1558 ejectum
1530 1497 1637 1554 est,
1675 1505 1784 1544 non
1817 1491 1994 1545 intro-

416 1572 692 1639 duxistis;
732 1575 878 1644 qund
938 1577 1242 1646 inﬁrmum,
1279 1596 1386 1635 non
1421 1582 1714 1637 sanavistis
1747 1590 1800 1635 et
1847 1583 1992 1652 quod

417 1664 602 1732 periit,
635 1681 746 1718 non
783 1668 1155 1736 qumsivisﬁs;
1187 1678 1239 1724 et
1285 1672 1428 1741 quod
1462 1672 1828 1736 confractum,
1885 1691 1992 1730 non

417 1757 726 1826 obligastis.
755 1759 994 1829 ideoque
1025 1760 1092 1815 ad
1121 1762 1582 1818 introductionem
1618 1765 1911 1821 liberorum
1938 1767 1991 1821 in

419 1850 600 1902 incum
671 1849 933 1907 Ecclesiae
996 1863 1052 1908 et
1131 1855 1358 1910 unitatis
1408 1867 1451 1922 τ,
1516 1858 1995 1928 inventionemque

421 1943 636 1998 amissa:
662 1943 939 2001 drachmae
987 1962 1384 2018 properemus:
1419 1958 1472 2005 et
1522 1952 1824 2020 apostolico
1858 1968 1996 2023 prae-

417 2042 578 2102 cepto
636 2033 849 2090 incitati
903 2039 951 2100 ',
1009 2039 1061 2092 in
1108 2055 1204 2094 eos
1253 2029 1345 2110 qui
1397 2041 1661 2096 doctrime
1713 2059 1996 2101 sermones

420 2134 821 2194 aspernantur,
863 2140 922 2186 ut
983 2145 1310 2199 persuasum
1369 2133 1667 2189 habeamus
1697 2136 1993 2202 moderari,

417 2224 473 2269 et
506 2215 744 2271 ﬁdelium
776 2217 1208 2277 admonitionem
1242 2226 1562 2294 tempestive
1613 2225 1996 2297 intempestive

421 2307 645 2361 factam.
682 2307 746 2363 Et
777 2308 928 2366 illius
959 2313 1212 2384 exemplo
1266 2315 1468 2380 edocti,
1505 2317 1598 2387 qui
1636 2327 1756 2372 erat
1805 2320 1996 2389 gloriae

419 2397 710 2466 Dominus,
742 2408 797 2456 et
820 2403 1003 2458 omnia
1037 2404 1090 2460 in
1129 2420 1226 2460 sua
1259 2416 1528 2477 potestate
1579 2409 1809 2474 habens,
1841 2410 1997 2466 incli-

417 2505 555 2545 nare
585 2489 711 2546 fecit
739 2494 932 2561 caelos,
995 2505 1050 2550 et
1083 2497 1400 2554 descendit:
1457 2510 1792 2572 acceptaque
1850 2504 1991 2559 servi

421 2582 597 2637 forma
665 2584 909 2654 seipsum
964 2588 1292 2656 exinanivit,
1355 2597 1413 2644 ut
1475 2592 1595 2646 ovis
1643 2593 1848 2648 amissa
1893 2610 1995 2650 suo

419 2675 570 2744 gregi
606 2677 1010 2734 restitueretur.
1047 2679 1223 2746 Unde,
1251 2679 1422 2736 frater
1483 2682 1538 2736 in
1575 2682 1819 2750 Christo,
1851 2686 1987 2742 dile-

419 2768 657 2822 ctionem
682 2777 828 2825 tuam
863 2771 947 2826 his
974 2772 1172 2828 litteris
1195 2773 1578 2842 admonemus,
1613 2788 1671 2830 ut
1693 2777 1835 2834 hanc
1877 2794 1992 2834 rem

419 2858 714 2930 diligenter
747 2878 930 2918 cures.
957 2865 1091 2920 Nam
1122 2880 1229 2920 una
1256 2865 1370 2920 sola
1400 2875 1484 2922 est
1510 2868 1776 2936 Ecclesia,
1811 2878 1994 2926 etuna

421 2951 540 3005 sola
572 2953 1030 3011 sanctificationis
1069 2970 1217 3022 arca,
1253 2957 1307 3011 in
1336 2972 1500 3027 quam
1551 2974 1996 3032 unumquemque

421 3041 660 3097 ﬁdelium
701 3046 961 3102 ediluvio
992 3049 1201 3102 servari
1239 3056 1483 3120 oportet:
1525 3058 1580 3105 et
1633 3051 1778 3107 Circa
1833 3055 1994 3109 unio-

2090 661 2249 732 ἡμῶν
2285 661 2523 732 διάδοχοι
2549 660 2643 715 τοῦ
2669 661 2939 734 μακαρίου
2964 661 3174 732 Πέτρου
3223 661 3553 730 ἀπένειμαν,
3586 657 3679 709 ἵνα

2091 755 2187 808 καὶ
2234 754 2296 807 τὸ
2345 754 2552 825 σχίσμα
2600 753 2742 826 ἀρθῇ
2819 754 2885 808 έκ
2941 753 3133 825 μέσου,
3181 752 3281 808 καὶ
3333 754 3402 823 τῇ
3455 750 3680 819 ἑνότητι

2091 847 2189 915 τῆς
2220 847 2553 919 Ἐκκλησίας
2591 849 2642 901 oi
2694 847 2788 901 ἀπ’
2833 848 3007 920 αὐτῆς
3047 848 3275 910 ἑαυτοὺς
3325 844 3680 915 χωρίσαντες

2093 939 2418 996 ἀποδοθῶσι.
2453 940 2544 994 Διδ
2573 940 2670 994 καὶ
2700 941 2855 1012 ἡμεῖς
2871 942 2919 994 ol
2951 940 3044 994 τοῦ
3073 940 3167 994 νῦν
3200 937 3393 1010 καιροῦ
3415 935 3512 990 τοῦ
3535 937 3681 988 ἀπο-

2095 1031 2340 1086 στολικοῦ
2373 1033 2562 1102 θρόνου
2581 1033 2680 1104 τὴν
2707 1031 2962 1103 φροντίδα
2982 1033 3288 1099 δεξάμενοι,
3329 1029 3408 1092 ὡς
3451 1027 3530 1097 τῷ
3552 1024 3680 1095 Θεῷ

2092 1125 2318 1196 ἀρέσκει
2343 1124 2677 1180 διατίθεσθαι
2697 1127 2898 1190 πάσαις
2917 1128 3034 1188 ταῖς
3049 1122 3405 1195 Ἐκκλησίαις
3429 1123 3552 1184 ταῖς
3569 1119 3680 1174 ὑπὸ

2093 1216 2194 1290 τὴν
2245 1219 2568 1289 οἰκουμένην
2598 1217 2809 1284 οὔσαις,
2846 1219 2896 1272 εί
2919 1218 3015 1272 καὶ
3032 1218 3152 1282 ταῖς
3175 1212 3470 1288 χάρισιτοῦ
3496 1230 3681 1282 μακα-

2097 1310 2214 1380 ρίου
2241 1309 2451 1381 Πέτρου
2487 1310 2655 1381 μηδέν
2677 1327 2732 1363 τι
2757 1309 2940 1374 ἰσάζον
2969 1308 3188 1380 ἔχομεν,
3207 1305 3344 1369 τέως
3370 1301 3680 1373 βιαζόμεθα

2094 1399 2193 1472 τὴν
2224 1401 2501 1455 διακονίαν
2531 1401 2798 1458 ἐκτελεῖν.
2821 1401 2968 1472 Πρδς
3005 1399 3164 1454 τοῦτο
3193 1397 3422 1459 ἑαυτοὺς
3470 1394 3678 1465 ἠγάγο-

2099 1511 2198 1564 μεν
2244 1493 2537 1564 προσέχειν
2596 1494 2794 1565 μήπως
2832 1490 3328 1563 συναριθμηθῶμεν
3377 1488 3538 1557 (ὅπερ
3600 1483 3677 1555 μὴ

2096 1584 2328 1656 γένοιτο)
2353 1588 2412 1639 ὲν
2439 1584 2517 1655 τῷ
2533 1584 2752 1656 ἀριθμῷ
2775 1583 2868 1647 οῦς
2887 1582 3139 1647 ὀνειδίζει
3160 1584 3190 1635 ό
3223 1580 3430 1650 Κύριος
3467 1577 3557 1631 διά
3583 1574 3677 1628 τοῦ

2098 1678 2403 1748 προφήτου,
2436 1676 2633 1745 λέγων,
2682 1677 2756 1730 Τὸ
2789 1675 3054 1747 ὲκϐληθὲν
3088 1673 3189 1728 οὐκ
3233 1670 3584 1741 είσηγάγετε,
3617 1667 3678 1720 τὸ

2098 1768 2323 1832 ἀσθενὲς
2362 1769 2463 1822 οὐκ
2541 1767 2973 1840 ὲθεραπεὺσατε,
3031 1765 3126 1820 καὶ
3161 1765 3222 1817 τὺ
3248 1759 3532 1822 ἀπολωλὸς
3577 1757 3678 1810 οὐκ

2097 1860 2417 1930 ἐζητήσατε,
2452 1860 2626 1914 καὶτὸ
2643 1859 2969 1914 συνθλασθὲν
2990 1857 3090 1912 οὐκ
3103 1854 3473 1926 ὲδεσμεὺσατε
3502 1853 3566 1905 τ’.
3587 1849 3676 1920 Τῷ

2095 1972 2178 2007 τοι
2213 1954 2348 2024 πρὸς
2370 1955 2466 2022 τὴν
2491 1953 2699 2019 είσαξιν
2740 1952 2850 2006 τῶν
2880 1953 3086 2006 τέκνων
3117 1948 3254 2019 πρὸς
3275 1947 3367 2002 τδν
3384 1945 3550 1999 τόπον
3578 1942 3675 2010 τῆς

2097 2047 2395 2114 ἐκκλησίας
2417 2047 2484 2112 ⁷⁸,
2510 2047 2605 2100 καὶ
2627 2045 2726 2117 τὴν
2752 2043 2975 2115 εὕρεσιν
2995 2043 3096 2113 τῆς
3113 2038 3497 2110 ἀπολλυμένης
3517 2037 3677 2105 δραχ-

2101 2139 2209 2209 μῆς
2244 2141 2595 2210 σπεύσωμεν,
2652 2137 2748 2191 καὶ
2779 2136 2875 2206 τῷξ
2903 2132 3248 2203 ἀποστολικῷ
3294 2129 3678 2203 προστάγματι

2099 2228 2522 2299 συνωθούμενοι,
2585 2228 2721 2299 πρὸς
2779 2228 2827 2259 ⁷⁸
2855 2226 2981 2290 τοὺς
3006 2225 3115 2278 τῶν
3180 2223 3279 2293 τῆς
3332 2218 3677 2280 διδασκαλίας

2097 2320 2268 2387 λόγων
2293 2318 2651 2390 ἀμελοῦντας,
2717 2319 3027 2372 ἐπιστατεῖν
3060 2316 3209 2386 ἡμᾶς
3259 2313 3472 2368 πείθειν
3500 2309 3678 2374 ⁸⁸,καὶ

2095 2411 2483 2481 τὴννουθεσίαν
2502 2409 2633 2482 [τῶν
2665 2407 2898 2480 πιστῶν]
2929 2407 3203 2478 εὐκαίρως
3219 2405 3286 2472 ⁸⁸,
3308 2404 3556 2472 ἀκαίρως
3587 2398 3679 2453 καὶ

2095 2502 2173 2572 τῷ
2195 2502 2600 2572 παραδείγματι
2643 2501 2855 2554 ἐκείνου
2891 2499 3253 2570 διδαχθέντες,
3285 2496 3345 2559 ὃς
3379 2491 3450 2564 ἦν
3479 2492 3680 2561 Κύριος

2095 2593 2196 2663 τῆς
2219 2593 2400 2662 δόξης,
2424 2592 2520 2646 καὶ
2538 2593 2719 2646 πάντα
2749 2593 2807 2645 ὲν
2823 2593 2890 2662 τῇ
2915 2589 3020 2660 ἰδίᾳ
3049 2588 3266 2658 ἐξουσίᾳ
3291 2585 3451 2656 ἔχων,
3476 2584 3680 2637 ἔκλινεν

2096 2685 2246 2755 ὅμως
2269 2682 2535 2752 οὐρανοὺς
2568 2681 2667 2735 καὶ⁵
2703 2681 2962 2751 κατῆλθε,
3015 2679 3114 2732 καὶ
3167 2676 3360 2731 ἑαυτὸν
3426 2675 3678 2768 exsurgo-5,

2101 2773 2314 2845 μορφὴν
2334 2771 2521 2827 δούλου
2555 2771 2756 2838 λαϐὼν,
2779 2771 2870 2828 ἴνα
2905 2774 2972 2844 τῇ
2997 2770 3105 2841 ἰδίᾳ
3142 2769 3352 2840 ποίμνῃ
3389 2766 3452 2820 τὸ
3477 2765 3680 2819 ἀπολωο

2095 2865 2186 2929 λὸς
2209 2865 2478 2936 πρόϐατον
2501 2863 2763 2935 ἀποδοθῇ.
2796 2863 2990 2916 Ἔνθεν
3005 2859 3322 2929 τοι,ἀδελφὲ
3353 2859 3412 2911 έν
3441 2855 3679 2927 Χριστῷ,

2096 2957 2196 3028 τὴν
2227 2956 2449 3026 ἀγάπην
2485 2973 2578 3008 σου
2609 2956 2655 2988 ⁸³
2686 2955 2777 3009 διά
2831 2953 2942 3008 τῶν
2992 2954 3280 3022 παρόντων
3333 2950 3680 3021 γραμμάτων

2097 3048 2500 3121 παραινοῦμεν,
2527 3048 2616 3102 ἵνα
2640 3047 2888 3119 ἀκριϐῶς
2919 3045 3244 3117 φροντίσῃς,
3279 3045 3405 3098 ἐπεὶ
3441 3043 3543 3114 μία
3572 3043 3684 3096 ἐστὶ

421 3146 547 3186 nem
588 3136 710 3203 ejus
744 3137 920 3190 modis
950 3138 1208 3193 omnibus
1253 3138 1510 3195 labores:
1553 3150 1753 3212 tuaque
1800 3145 1998 3214 cogitet

2109 3141 2244 3210 μόνη
2291 3137 2609 3208 Ἐκκλησία,
2631 3136 2726 3192 καὶ
2753 3136 2852 3206 μία
2883 3135 3019 3206 μόνη
3051 3135 3085 3205 ἡ
3113 3133 3208 3186 τοῦ
3265 3131 3543 3202 ἀγιασμοῦ
3598 3148 3681 3184 κι-

419 3227 711 3295 prudentia
764 3229 1092 3286 utEcclesia
1123 3229 1217 3286 Dei
1257 3248 1366 3288 non
1421 3235 1596 3304 possit
1646 3235 1822 3291 divisa
1874 3253 2008 3293 con-

425 3316 649 3384 sistere,
687 3330 746 3373 ut
789 3336 1006 3377 omnem
1052 3324 1288 3379 animam
1325 3325 1601 3381 viventem
1649 3343 1679 3381 e
1719 3332 2007 3398 praesentis

421 3406 613 3462 diluvii
670 3412 949 3481 procellis,
998 3413 1142 3468 intra
1209 3431 1374 3470 unam
1429 3431 1614 3472 arcam
1653 3419 1690 3455 ’ί
1748 3417 2008 3476 Ecclesiae

421 3503 743 3571 congregari
799 3514 1056 3573 oporteat
1102 3505 1172 3560 ad
1227 3507 1447 3562 beatum
1497 3513 1716 3567 Petrum
1762 3512 2006 3567 omnium

424 3591 666 3646 ﬁdelium
731 3597 1184 3665 gubernatorem.
1254 3597 1544 3654 Traditum
1615 3608 1700 3656 est
1767 3617 2006 3671 quonam

424 3683 593 3739 modo
643 3687 817 3740 sancti
878 3687 1070 3744 Patres
1091 3701 1138 3756 υ,
1197 3689 1385 3746 divino
1438 3691 1646 3762 Spiritu
1689 3693 2006 3764 illuminati,

424 3774 669 3830 omnium
752 3777 1123 3836 Ecclesiarum
1215 3783 1512 3854 primatum
1595 3797 2007 3845 sacrosanctam

425 3867 733 3925 Romanam
768 3871 1070 3930 Ecclesiam
1122 3876 1374 3934 absolute
1420 3879 1672 3936 obtinere
1715 3881 2004 3951 jusserint,

423 3967 480 4014 et
509 3960 576 4014 ad
626 3961 750 4030 ejus
811 3967 1143 4022 sententiam
1195 3970 1443 4025 omnium
1497 3973 1768 4042 judicium
1813 3974 2008 4030 referri

425 4057 888 4126 prmscripserint.
922 4059 987 4115 Et
1022 4063 1088 4117 ad
1137 4063 1432 4119 tollendam
1467 4066 1533 4121 de
1567 4066 1749 4122 medio
1779 4067 2008 4124 divisio-

424 4162 574 4212 nem,
632 4149 698 4204 ad
748 4152 1008 4208 unionem
1077 4155 1355 4220 Ecclesiae,
1407 4157 1474 4212 ad
1559 4159 2004 4228 conjunctionem

426 4234 589 4290 divisi
633 4239 880 4306 parietis,
932 4251 1156 4312 pr0pter
1208 4243 1300 4300 Dei
1348 4244 1726 4315 dilectionem,
1785 4257 2009 4320 propter

427 4328 625 4383 animae
653 4332 909 4395 salutem,
944 4340 997 4386 et
1033 4342 1256 4403 propter
1284 4335 1602 4391 lruitionem
1643 4338 1853 4408 gloriae,
1881 4353 2009 4408 quae

425 4433 536 4472 non
571 4423 884 4486 marcescit,
936 4425 1228 4493 vigilanter
1281 4425 1524 4482 adverte.
1570 4427 1812 4482 Primum
1861 4428 2005 4498 apud

2109 3233 2303 3295 ϐωτὸς,
2329 3233 2408 3292 είς
2437 3231 2506 3302 ἢν
2533 3231 2629 3284 ἕνα
2648 3229 2884 3284 ἕκαστον
2907 3229 3020 3282 τῶν
3057 3227 3266 3281 πιστῶν
3298 3226 3379 3279 δεῖ
3428 3224 3540 3279 ἀπὺ
3588 3224 3680 3277 τοῦ

2108 3323 2494 3394 κατακλυσμοῦ
2531 3323 2774 3393 σωθῆναι
2801 3336 2816 3352 ’
2838 3320 2936 3374 καὶΙ
2973 3319 3110 3391 πρὸς
3133 3319 3234 3390 τὴν
3264 3318 3495 3388 ἑνότητα
3515 3315 3681 3385 αὐτῆς

2111 3419 2247 3470 πᾶσι
2269 3414 2496 3486 τρόποις
2525 3413 2798 3486 κοπιάσῃς
2831 3429 2846 3444 ο
2875 3413 2970 3466 καὶ
2999 3409 3410 3479 διαλογισάτωὴ
3444 3407 3513 3479 σὴ
3550 3407 3679 3478 φρό-

2108 3525 2265 3579 νησις
2299 3507 2416 3570 πῶς
2449 3507 2483 3577 ἡ
2517 3503 2818 3574 Ἐκκλησία
2845 3501 2942 3556 τοῦ
2991 3501 3128 3555 Θεοῦ
3166 3500 3228 3554 οὐ
3258 3498 3486 3552 δύναται
3537 3512 3630 3549 συν
3654 3523 3677 3535 -

2112 3599 2360 3654 ίστασθαι
2397 3596 2706 3669 διῃρημένη
2737 3613 2752 3628 ·
2792 3597 2975 3650 πᾶσαν
3001 3593 3179 3664 ψυχὴν
3212 3592 3394 3657 ζῶσαν
3446 3589 3554 3645 ἀπὺ
3589 3589 3680 3658 τῆς

2107 3689 2410 3764 τρικυμίας
2432 3688 2526 3742 τοῦ
2562 3687 2832 3767 παρόντος
2872 3683 3265 3754 κατακλυσμοῦ
3318 3682 3526 3738 ἔσωθεν
3587 3681 3680 3749 τῆς

2113 3785 2242 3854 μιᾶς
2274 3781 2510 3835 κιϐωτοῦ
2539 3781 2587 3813 ⁸⁵
2619 3780 2718 3850 τῆς
2756 3777 3088 3848 Ἐκκλησίας
3105 3774 3187 3830 δεῖ
3213 3774 3677 3844 συναθροισθῖψαι·

2107 3876 2204 3930 ἐπὶ
2220 3873 2298 3946 τῷ
2326 3874 2583 3947 μακαρίῳ
2609 3874 2654 3907 ⁸³
2678 3873 2892 3945 Πέτρῳ,
2922 3871 3000 3942 τῷ
3017 3869 3325 3942 κυϐερνήτῃ
3340 3869 3559 3921 πάντων
3579 3867 3681 3919 τῶν

2109 3968 2342 4032 πιστῶν,
2376 3965 2688 4038 παρεδόθη·
2732 3966 2849 4028 πῶς
2902 3963 2951 4016 oi
3000 3962 3145 4032 ἅγιοι
3205 3960 3468 4030 Πατέρες,
3531 3958 3580 4011 οἱ
3609 3955 3682 4026 τῷ

2109 4063 2238 4133 θείῳ
2267 4060 2581 4131 ,Πνεῦματι
2635 4056 3063 4126 πεφωτισμένοι,
3123 4053 3314 4107 πασῶν
3381 4052 3494 4107 τῶν
3560 4051 3678 4102 Ἐκ·

2108 4149 2349 4222 κλησιῶν
2388 4149 2459 4202 τά
2487 4147 2735 4219 πρωτεῖα
2757 4143 2949 4207 ἀπλῶς
3009 4141 3108 4214 τὴν
3167 4140 3322 4212 ίεράν
3373 4140 3470 4194 καὶ
3529 4138 3681 4206 ἁγίαν

2120 4242 2402 4314 Ῥωμαίαν
2443 4239 2773 4310 Ἐκκλησίαν
2847 4238 2996 4308 ἔχειν
3053 4234 3349 4289 ἐκέλευσαν
3397 4234 3498 4286 καὶ
3551 4231 3682 4302 πρδς

2105 4338 2208 4410 τὴν
2245 4335 2420 4406 αὐτῆς
2451 4333 2680 4404 γνώμην
2710 4330 2931 4386 πάντων
2957 4328 3055 4401 τὴν
3091 4327 3275 4399 κρίσιν
3303 4324 3680 4380 τετυπὼκασιν

2108 4429 2403 4500 ἀναφέρειν
2434 4443 2449 4457 ·
2483 4426 2578 4480 καὶ
2615 4424 2753 4496 πρὸς
2779 4422 2842 4475 τὸ
2895 4421 3104 4476 ἀνελεῖν
3153 4419 3260 4492 ,τὴν
3313 4417 3578 4489 διαίρεσιν
3623 4417 3682 4468 ὲκ

426 4511 684 4580 teipsum,
719 4513 920 4569 deinde
967 4515 1020 4569 in
1080 4516 1226 4581 aliis,
1267 4529 1545 4588 quatenus
1599 4520 1782 4574 divina
1830 4521 1998 4589 gratia

2112 4522 2206 4577 τοῦ
2244 4521 2432 4592 μέσου,
2466 4519 2603 4591 πρὸς
2629 4516 2727 4586 τὴν
2747 4515 2976 4585 ἑνότητα
3000 4513 3098 4582 τῆς
3135 4509 3484 4581 Ἐκκλησίας,
3553 4506 3684 4578 πρὸς

426 4601 681 4670 largitur,
707 4604 775 4658 da
808 4620 1033 4673 operam
1072 4614 1132 4660 ut
1159 4623 1292 4677 grex
1319 4624 1442 4663 cum
1476 4609 1720 4665 Ecclesia
1751 4611 2001 4666 uniatur:

422 4701 479 4745 et
511 4691 604 4761 qui
626 4694 818 4762 seipsre
840 4694 1155 4752 Dominicas
1184 4713 1322 4754 oves
1384 4701 1740 4766 conﬁtentur,
1771 4701 1838 4756 ad
1885 4718 2010 4774 gre-

423 4799 548 4852 gem
605 4785 752 4840 beati
799 4785 948 4844 Petri
992 4798 1368 4858 revertantur,
1423 4793 1516 4864 qui
1573 4793 1790 4849 Domini
1843 4794 2007 4866 jussu

425 4869 619 4932 eorum
663 4895 849 4934 curam
905 4885 1170 4953 suscepit.
1222 4881 1334 4940 Nos
1375 4884 1594 4956 quidem
1638 4885 1692 4939 in
1733 4885 1840 4940 hoc
1894 4902 2004 4942 non

428 4972 816 5040 temporariam
846 4973 1061 5030 laudem
1085 4986 1420 5047 spectamus,
1450 4993 1560 5033 non
1583 4986 1997 5046 praetereuntem

2103 4613 2204 4686 τὴν
2274 4610 2527 4677 σύζευξιν
2597 4607 2694 4662 τοῦ
2764 4604 3096 4679 διῃρημένου
3153 4603 3387 4673 τείχους,
3443 4601 3532 4654 διά
3590 4598 3682 4669 τὴν

2105 4705 2202 4758 τοῦ
2232 4702 2367 4756 Θεοῦ
2403 4701 2651 4770 ἀγάπην,
2673 4699 2762 4753 διά
2792 4697 2891 4768 τὴν
2913 4697 3013 4767 τῆς
3039 4697 3137 4765 σῆς
3160 4693 3338 4766 ψυχῆς
3393 4691 3680 4761 σωτηρίαν,

2107 4797 2205 4852 καὶ
2250 4795 2338 4850 διὰ
2387 4793 2487 4865 τὴν
2526 4791 2835 4846 ἀπόλαυσιν
2895 4791 2997 4859 τῆς
3084 4787 3407 4858 ἀμαράντου
3508 4783 3679 4851 δόξης,

2113 4889 2433 4962 ὲγρηγόρως
2485 4885 2758 4956 πρόσχες·
2810 4883 2906 4937 καὶ
2953 4881 3201 4953 πρῶτον’
3231 4879 3387 4949 παρά
3457 4875 3679 4944 σεαυτῷ,

2110 4979 2410 5053 μετέπειτα
2458 4976 2516 5030 δὲ
2566 4975 2662 5030 ὲπί
2699 4976 2811 5038 τοῖς
2875 4971 3078 5040 ἄλλοις,
3151 4969 3284 5042 ὅσην
3355 4969 3404 5001 ³⁸
3465 4968 3500 5039 ή
3571 4966 3682 5021 θεία

1707 5143 1932 5200 νΑιιιΑε
1971 5142 2378 5200 LECTlONES.

502 5274 864 5349 "ﬁnemque.
937 5278 980 5310 ""
1004 5278 1360 5346 ἑδεσμήσατε.
1433 5279 1479 5311 ⁷⁸
1511 5277 1645 5349 πρὸς
1672 5277 1773 5349 τὴν
1798 5276 2026 5349 ένότητα
2053 5276 2152 5347 τῆς
2180 5275 2532 5349 ῘΕκᾼκλησίας.
2609 5265 2725 5349 ’⁸ρῷ
2751 5271 2907 5349 πρὸς.
2933 5272 3016 5349 __'°
3036 5271 3234 5349 πείθει.
3309 5273 3353 5304 ⁸⁸
3388 5272 3678 5349 νουθεσίαν,

431 5342 675 5416 ἐπείγειν
700 5342 992 5416 εὐκαίρως.

435 5413 485 5448 ⁸⁷
524 5413 743 5490 μακρὰν
783 5413 1039 5472 ἀπελθεῖν
1065 5413 1204 5474 ὁδόν,

1085 5341 1227 5420 “ivli,
1254 5349 1439 5420 ἀγάπῃ
1473 5341 1587 5406 σου.
1629 5341 1635 5342 ⁷
1664 5349 1710 5382 ³³
1728 5341 2121 5418 διαλογιστιταιξ
2174 5347 2221 5380 ⁸⁵
2239 5346 2340 5416 τῆς
2366 5341 2555 5415 τιμίας
2593 5341 2850 5398 κιϐωτοῦ.
2931 5345 2977 5376 ⁸⁵
3003 5342 3118 5406 πῶς
3145 5341 3222 5413 τῷ
3254 5360 3390 5413 μακ.
3469 5344 3514 5374 ⁸⁸
3556 5343 3680 5396 ίσον.

517 5559 542 5588 τ
577 5548 856 5632 liberorum
890 5550 959 5605 ad
1005 5552 1262 5632 unitatem
1302 5553 1580 5632 Ecclesia’,
1628 5553 2091 5632 inventionemque.
2172 5563 2194 5592 ι
2238 5561 2346 5632 tum
2403 5551 2694 5632 ᾳροειοιὶτο
2755 5559 3012 5620 prmceplo
3080 5548 3317 5632 impulsi,
3357 5564 3460 5632 quo
3487 5549 3682 5632 iis,in

438 5621 695 5675 dortrinw
734 5622 886 5675 verba
918 5625 1238 5693 negligenter
1303 5634 1513 5683 curant,
1561 5625 1760 5678 instare
1789 5625 2051 5687 hortatur,
2095 5633 2144 5678 et
2202 5624 2614 5678 admonitionem
2667 5639 2852 5692 urgere
2904 5621 3222 5693 tempestiue,
3288 5621 3679 5693 intempestiue;

445 5703 556 5744 lum
602 5692 747 5744 illius
795 5692 1070 5752 exenwlo.’
1164 5693 1183 5730 ‘
1239 5693 1605 5749 uenerabilem.

444 5763 678 5817 omnium
735 5762 990 5830 ﬁdelium,
1033 5765 1234 5819 tradila
1285 5768 1352 5818 sit
1401 5780 1412 5793 ·

1710 5707 1735 5733 υ
1803 5695 2110 5764 congregari
2158 5702 2453 5765 oporteat:
2518 5710 2620 5764 quo
2689 5688 2843 5748 modo
2911 5690 3060 5744 beato
3125 5688 3305 5760 Petro,
3349 5690 3681 5761 gubernatori

1475 5781 1699 5835 quanam
1728 5767 1880 5819 modo
1910 5766 2101 5819 sancti.
