3950 6584
204 437 332 502 929

1461 435 2168 500 GIl/ECO-ROMANUM.

3385 438 3490 502 930

203 547 379 619 χάρις
431 545 667 611 δίδωσιν,
726 543 986 616 ἐργάζου,
1039 543 1126 597 ἵνα
1197 543 1259 597 τὸ
1328 543 1578 614 ποίμνιον
1627 544 1806 616 ὲνωθῇ

1922 549 2137 618 gloriam
2194 546 2514 618 quaerimus,
2562 542 2655 617 qui
2700 544 2958 616 pascendi
2988 545 3338 616 suscepimus
3382 543 3498 600 oti-

195 641 280 708 τῇ
327 637 645 709 Ἐκκλησίᾳο
690 638 784 692 καὶ
815 639 863 690 οἱ
902 635 1292 706 ὁμολογοῦντες
1336 639 1563 700 ἑαυτοὺς
1608 637 1806 690 δεσποο

203 729 350 783 τικά
371 729 642 800 πρόϐατα,
679 729 816 800 πρὸς
841 729 902 782 τὸ
949 727 1045 783 τοῦ
1083 728 1355 800 μακαρίου
1431 730 1642 800 Πέτρου
1687 731 1808 783 επι-

210 823 497 893 στρέψωσι
531 821 806 892 βόσκημα,
841 819 901 885 ὃς
949 820 1047 892 τὴν
1097 820 1276 875 αὐτῶν
1313 823 1570 892 φροντίδα
1590 821 1808 887 ἐδέξατο

201 917 275 970 ὲκ
307 917 402 968 τοῦ
433 915 766 970 Δεσποτικοῦ
827 916 1276 987 προστάγματος.
1335 915 1525 986 Ἡμεῖς
1583 916 1681 985 μὲν
1715 915 1808 969 οῦν

207 1009 272 1061 ὲν
304 1008 482 1079 τούτῳ
515 1008 578 1061 οὐ
609 1009 710 1078 τήν
733 1007 1073 1080 πρόσκαιρον
1098 1007 1342 1072 εὐδοξίαν
1370 1007 1707 1080 θεωροῦμεν,
1745 1007 1808 1061 οὐ

207 1100 320 1170 τὴν
336 1101 764 1172 παρερχομέντρ
777 1099 936 1166 δόξαν
959 1098 1320 1170 ὲκζητοῦμεν,
1344 1099 1394 1154 οἳ
1411 1100 1472 1153 τὸ
1497 1101 1809 1171 ποιμαίνειν

207 1192 525 1264 ἐδεξάμεθα
557 1194 623 1246 ὲκ
653 1192 747 1246 τοῦ
775 1191 1054 1262 όφφικίου.
1081 1192 1317 1256 Δούλους
1370 1194 1519 1264 ήμᾶς
1588 1192 1810 1247 πάντων

204 1286 324 1337 τῶν
349 1285 450 1340 τοῦ
482 1285 620 1339 Θεοῦ
657 1283 860 1338 δούλων
921 1283 1316 1355 ὁμολογοῦμεν.
1387 1284 1526 1338 Ἀλλ’
1562 1285 1686 1337 ἐπεὶ
1718 1284 1810 1337 τὸν

207 1364 416 1447 κύριον
439 1378 533 1430 καὶ
556 1375 880 1431 διδάσκαλον
906 1375 1086 1448 ήμῶν,
1117 1376 1206 1430 ἴνα
1266 1375 1364 1429 ἕνα
1408 1375 1603 1448 νεκρὸν
1672 1377 1811 1429 ἀνα-

210 1472 422 1542 στήσῃ,
447 1474 505 1524 ὲν
537 1469 751 1540 σώματι
793 1470 1052 1524 ἀπελθεῖν
1108 1469 1228 1524 ὁδὸν
1284 1469 1330 1502 ⁸⁷
1383 1469 1481 1522 καλ⁴
1540 1469 1810 1538 δακρῦσαι

204 1561 670 1634 ἀναγινώσκομεν
701 1564 760 1617 ὲν
789 1562 867 1633 τῷ
891 1564 1161 1634 μνήματι,
1191 1563 1284 1616 καὶ
1309 1561 1564 1635 λαλῆσαι,
1589 1562 1811 1633 Λάζαρε

204 1651 376 1721 δεῦρο
419 1651 558 1718 ἔξωο
601 1653 818 1721 ἀνάξιον
844 1654 1127 1724 κρίνομεν,
1181 1653 1278 1706 ἐὰν
1331 1652 1394 1706 τὸ
1450 1653 1710 1706 τάλαντον
1751 1651 1814 1707 τὸ

202 1745 548 1798 Δεσποτικδν
585 1745 920 1817 ἐπισχῶμεν,
951 1746 1049 1800 καὶ
1096 1743 1462 1816 ἀμελήσωμεν
1512 1743 1606 1810 οῦς
1657 1744 1816 1799 δυνά-

212 1835 364 1906 μεθα
395 1837 454 1891 ὲν
483 1836 631 1907 ψυχῇ
657 1837 981 1907 ἀναστῆσαι.
1006 1834 1144 1904 Περὶ
1159 1834 1498 1914 τοῦῇλοιποῦ,
1517 1835 1644 1898 τοὺς
1673 1837 1809 1902 ἀγα-

1916 641 2060 696 cium
2097 650 2148 695 '.
2173 640 2373 697 Servos
2408 655 2508 694 nos
2541 639 2785 696 omnium
2824 638 2917 693 Dei
2948 654 3231 694 servorum
3265 639 3497 696 conﬁte-

1910 748 2054 787 mur.
2080 731 2186 788 Sed
2235 749 2359 788 cum
2395 731 2687 786 Dominum
2753 739 2808 784 ct
2854 729 3171 801 Magistrum
3218 742 3495 799 nostrum,

1909 834 1973 880 ut
2007 841 2176 880 unum
2209 837 2488 881 mortuum
2548 825 2903 879 resuscitaret
2960 824 3014 877 in
3069 838 3322 895 corpore,
3367 839 3496 893 pro-

1911 915 2118 972 fectum
2151 917 2321 971 fuisse
2348 925 2398 981 ι,
2431 924 2487 972 et
2527 915 2894 986 lacryrnatum
2927 914 3166 986 legimus
3197 915 3264 968 ad
3307 914 3506 984 svpttld

1912 1023 2092 1071 crum,
2126 1017 2180 1062 et
2229 1008 2436 1063 dixisse
2471 1025 2486 1062 :
2527 1006 2756 1072 Lazare,
2804 1007 2891 1062 exi
2943 1005 3125 1062 foras:
3153 985 3498 1076 .judicamus

1914 1099 2223 1170 indignum,
2257 1101 2303 1156 si
2336 1099 2550 1154 Domini
2582 1101 2919 1155 retineamus
2958 1098 3247 1161 talentum,
3278 1107 3332 1152 et
3358 1111 3498 1167 quos

1913 1207 2236 1262 possumus,
2261 1192 2318 1246 in
2351 1193 2532 1247 anima
2561 1193 2898 1248 resuscitare
2942 1191 3306 1260 negligamus.
3339 1187 3494 1255 Quod

1915 1292 2190 1354 superest,
2270 1283 2498 1340 dilectos
2560 1283 2701 1340 ﬁlios
2765 1292 2986 1338 nostros
3049 1281 3378 1336 Balduinum
3439 1287 3495 1333 et

1911 1375 2372 1431 Balditzioninum
2456 1384 2755 1446 praesentes
2825 1373 3192 1429 tabellariosy
3251 1374 3316 1426 ad
3359 1369 3498 1426 dile-

1917 1467 2226 1523 ctissimum
2261 1465 2430 1520 illium
2480 1475 2728 1521 nostrum
2758 1463 3495 1533 Emmanuelemiimperato-

1916 1573 2033 1614 rem
2061 1559 2737 1629 Constantinopolitanum
2757 1575 2786 1612 a
2814 1559 3070 1628 religioso
3098 1564 3243 1610 eaatu
3272 1557 3497 1618 missos,

1916 1652 2195 1708 dilectioni
2230 1660 2337 1706 ture
2368 1653 2619 1708 studiose
2676 1649 3164 1707 commendamus:
3214 1655 3495 1717 rogantes,

1914 1753 1976 1798 ut
2008 1760 2102 1815 per
2141 1755 2164 1781 ι
2197 1745 2552 1799 dilectionem
2587 1743 2682 1798 Dei
2737 1742 2998 1812 beatique
3037 1739 3211 1804 Petri,
3245 1746 3298 1794 et
3349 1739 3498 1793 sedis

1917 1837 2236 1906 apostolicae
2262 1843 2315 1891 et
2360 1835 2578 1905 pietatis
2614 1835 2826 1890 cultum
2865 1845 2915 1898 α,
2965 1841 3188 1903 aspectu
3255 1831 3499 1899 gratioso

205 1930 427 1998 πητοὺς
457 1929 760 2000 ἡμετέρους
789 1929 943 1992 υἱοὺς
1004 1915 1282 1982 Βαλδούῖνῗ
1317 1928 1412 1980 καὶ
1457 1926 1812 1991 Βαλδιζίονιν,

1922 1928 1973 1983 in
2007 1944 2199 1984 eorum
2245 1927 2678 1984 necessitatibus
2730 1926 3160 1982 consolationem
3213 1923 3498 1978 adhibeas.

204 2020 340 2083 τοὺς
371 2019 484 2073 τῶν
551 2020 843 2091 παρόντων
869 2021 1216 2092 γραμμάτων
1241 2018 1644 2089 ἀποκομιστάς,
1672 2018 1810 2089 πρὸς

203 2111 304 2166 τὸν
326 2113 830 2184 ἀγαπητικώτατον
859 2115 978 2168 υίὸν
998 2113 1154 2184 ἡμῶν
1195 2113 1551 2184 Ἐμμανουήλ
1593 2114 1686 2165 τδν
1715 2113 1813 2166 αὐ-

1920 2020 1996 2075 De
2019 2029 2114 2076 tua
2143 2021 2462 2076 valetudine
2503 2023 2760 2092 cupimus
2802 2035 2900 2091 per
2949 2020 3163 2074 litteras
3205 2019 3320 2074 ﬁeri
3380 2031 3502 2073 cer-

1919 2111 2106 2167 tiores.

205 2205 528 2277 τοκράτορα
577 2205 1208 2269 Κωνσταντινουπόλεως
1240 2205 1349 2260 ἀπὸ
1397 2205 1492 2258 τοῦ
1544 2204 1810 2267 εὐλαϐοῦς
1848 2205 2217 2277 ἀθροίσματος
2241 2205 2613 2277 πεμφθέντας,
2667 2207 2734 2277 τῇ
2793 2204 2986 2278 ἀγάπῃ
3041 2221 3134 2256 σου
3201 2219 3499 2274 προσεκτι-

207 2297 328 2361 κῶς
390 2300 762 2370 παραδίδομεν
791 2319 806 2332 ο
864 2301 1201 2373 ἐρωτῶντες,
1284 2302 1374 2357 ἴνα
1411 2303 1594 2366 αὐτοῖς
1649 2301 1740 2355 διὰ
1776 2301 1876 2373 τὴν
1910 2301 2135 2372 ἀγάπην
2167 2302 2262 2356 τοῦ
2287 2303 2447 2369 Θεοῦ,
2497 2302 2593 2356 καὶ
2641 2301 2733 2355 τοῦ
2789 2300 3061 2371 μακαρίου
3112 2300 3342 2368 Πέτρου,
3405 2299 3500 2352 καὶ

207 2391 308 2445 τοῦ
330 2393 699 2449 ἀποστολικοῦ
731 2393 945 2465 θρόνου,
970 2395 1065 2448 καὶ
1092 2395 1191 2465 τὴν
1226 2397 1324 2466 τῆς
1339 2394 1626 2457 εὐλαϐείας
1648 2394 1940 2448 εὐλάϐειαν
1968 2395 2033 2460 ⁸⁸,
2067 2395 2346 2466 βλέμματι
2402 2395 2646 2466 χαρίεντι
2701 2393 2758 2446 ὲν
2825 2395 2946 2456 ταῖς
3001 2391 3157 2454 ίδίαις
3223 2391 3498 2458 ἀνάγκαις

205 2486 312 2550 τὰς
337 2487 720 2560 παρακλήσεις
776 2487 1080 2553 ἀποδώσεις
1105 2503 1119 2518 ο
1148 2487 1248 2551 τὰς
1273 2487 1330 2541 δὲ
1364 2487 1464 2552 σὰς
1493 2487 1704 2557 ὑγιείας
1735 2486 1826 2542 διά
1861 2486 1971 2544 τῶν
2004 2488 2112 2543 σῶν
2132 2489 2361 2560 γραφῶν
2399 2489 2624 2560 θέλομεν
2645 2488 2778 2558 ἡμῖν
2811 2485 3180 2556 δηλώσασθαι.

603 2628 976 2683 ΒΛΣΙΛΕΙΟΥ
1010 2627 1434 2684 ΔΧΡΙΔΗΝΟΥ.

210 2737 296 2793 A’.
354 2739 718 2810 Ἀντιτραφὴ
741 2741 786 2773 ⁸⁸
831 2741 938 2796 τοῦ
965 2740 1291 2810 ἁγιωτάτων
1327 2742 1811 2812 ἁρχιεπισκόπου

290 2813 780 2883 Θεσσαλονίκης,
833 2813 1045 2881 κυρίου
1097 2812 1422 2883 Βασίλειον
1457 2814 1562 2867 τοῦ
1617 2816 1814 2883 Ἀκρι-

285 2880 505 3004 agr-of),
541 2881 691 2956 πρός
723 2884 831 2938 τὸν
849 2880 1060 2937 πᾱπαν
1095 2881 1325 2952 Ῥώμης
1353 2884 1563 2952 κύριον
1595 2880 1814 2952 Ἁδρια-

287 2969 328 3006 ν
369 2968 428 3008 r.

301 3067 652 3138 ’ἀνέγνωμέν
679 3083 774 3122 σου
796 3067 896 3138 τὴν
930 3066 1243 3140 ἐπιστολήν,
1295 3067 1568 3138 ἀγιώτατε
1627 3071 1806 3137 πάπα,

2357 2623 2607 2681 BASILII
2658 2621 3058 2680 ACHRIDEM.

1914 2746 1956 2804 Ι.
1988 2745 2322 2814 Rescriptum
2353 2741 2700 2814 sanctissimi
2729 2736 3114 2814 archiepiscopi
3151 2733 3498 2814 Thessaloni-

1988 2803 2185 2879 censis,
2211 2815 2415 2868 domini
2441 2812 2634 2866 Basilii
2669 2803 2978 2876 Achrideni,
3005 2809 3074 2861 ad
3089 2821 3285 2875 papam
3305 2803 3503 2857 Romae

1987 2904 2133 2954 num,
2169 2885 2445 2941 dominum
2483 2882 2804 2937 Adrianum.

1987 3069 2244 3142 Legimus
2282 3073 2434 3120 tuam
2472 3063 2783 3135 epistolam,
2815 3058 3162 3116 sanctissime
3206 3071 3371 3126 papa,
3428 3071 3498 3110 ex

217 3152 316 3216 vat
341 3163 764 3234 κατενοήσαμεν
795 3163 856 3227 ἐξ
910 3161 1086 3233 αὐτῆς
1116 3162 1180 3216 τὸ
1234 3161 1369 3233 ὕψος
1417 3162 1518 3233 τῆς
1569 3163 1809 3228 διανοίας

1922 3176 2023 3234 qua
2063 3159 2446 3232 perspeximus
2477 3155 2684 3227 ingenii
2717 3153 2794 3208 tui
2824 3149 3244 3214 sublimitatem,
3274 3146 3501 3201 humili-

217 3269 343 3318 σου,
376 3253 437 3306 τὸ
470 3224 636 3322 βάθος
661 3224 763 3322 τῆς
789 3224 1199 3320 ταπεινώσεως,
1231 3224 1295 3308 τό
1319 3224 1519 3316 πλάτος
1547 3252 1647 3322 τῆς
1666 3224 1810 3308 κατά

1922 3224 2561 3326 tatis'proiunditatem;
2586 3246 2932 3302 latitudinem
2965 3243 3125 3298 1uuae
3157 3257 3285 3313 erga
3320 3240 3497 3296 Deum

218 3346 362 3400 Θεὸν
389 3347 616 3417 ἀγάπης
638 3347 731 3400 καὶ
753 3345 1050 3410 διαθέσεως
1082 3348 1194 3417 ’ὑφ’
1216 3343 1284 3420 ἧς
1311 3347 1370 3400 οὐ
1399 3346 1812 3416 στενοχωρεῖταί

224 3455 326 3492 σου
363 3439 398 3508 ή
427 3435 766 3507 ἀποστολικὴ
809 3436 1031 3508 καρδία,
1063 3437 1202 3492 ἀλλά
1237 3435 1568 3492 πλατύνεται
1611 3435 1813 3509 μᾶλλον

217 3532 290 3583 τά
326 3530 618 3600 σπλάγχνα
676 3529 757 3593 είς
813 3529 1085 3600 ὑποδοχὴν
1120 3531 1214 3583 καὶ
1249 3529 1601 3601 περιποίησιν
1625 3529 1733 3583 τῶν
1755 3531 1813 3582 ἐν

221 3623 471 3686 άπάσαις
505 3624 626 3685 ταῖς
673 3621 1022 3693 Ἐκκλησίαις
1063 3622 1428 3692 Χριστιανῶν.
1467 3621 1814 3692 Ἐπέγνωμέν

224 3733 321 3769 σου
349 3716 448 3786 τὴν
479 3714 666 3787 φωνὴν
694 3715 784 3771 διὰ
811 3733 920 3770 των
946 3715 1295 3786 γραμμάτων
1339 3714 1655 3786 λαλήσασαν
1681 3717 1816 3786 ήμῖν

225 3805 308 3868 είς
329 3804 403 3856 τὰ
434 3799 551 3858 ώτα
581 3805 677 3860 καὶ
711 3804 810 3876 τὴν
843 3803 1111 3868 διάνοιαν.
1151 3803 1496 3875 Ἠκούσαμεν
1523 3804 1816 3870 λαλοῦντος

223 3895 300 3956 ὡς
338 3895 568 3966 πατρὸς,
601 3895 678 3960 ώς
702 3896 983 3966 ποιμένος,
1041 3895 1243 3967 μᾶλλον
1293 3896 1351 3950 δὲ
1403 3897 1813 3967 ἀρχιποίμενος.

235 3987 330 4048 Ὠς
366 3987 467 4056 μὲν
484 3987 592 4058 γὰρ
625 3988 834 4060 πατὴρ,
859 3992 956 4043 καὶ
991 3990 1120 4052 τοὺς
1169 3987 1647 4059 ἀπηλλοτριῶσθαί
1719 4005 1814 4041 σου

225 4079 528 4156 δοκοῦντας
560 4082 732 4149 υἱοὺς,
771 4082 876 4137 ὑπὸ
902 4082 1030 4148 τοὺς
1075 4080 1378 4154 πατρικούς
1438 4099 1533 4134 σου
1583 4071 1818 4146 κόλπους

226 4174 512 4242 συνάγεις,
545 4175 640 4230 καὶ
667 4175 969 4248 κηδόμενος
997 4174 1205 4230 τούτων
1260 4173 1524 4237 διατελεῖς
1552 4188 1568 4204 ο
1629 4174 1706 4237 ὼς
1759 4172 1817 4226 δὲ

227 4267 465 4336 ποιμὴν,
527 4261 617 4321 οἷα
661 4267 916 4340 πρόϐατα
952 4267 1347 4339 πεπλανημένα
1403 4265 1652 4337 ἀνακαλῇ
1678 4282 1693 4297 ο
1742 4265 1818 4329 ώς

227 4357 289 4411 δὲ
318 4359 598 4429 ποιμένων
622 4359 828 4432 ποιμήν
849 4361 949 4430 τὴν
965 4361 1336 4433 ποιμαντικήν
1365 4376 1459 4413 σου
1516 4361 1610 4412 καὶ
1651 4358 1820 4411 θεοδί-

225 4451 428 4505 δακτον
453 4453 767 4524 ἐπιστήμην
794 4453 1066 4517 διδάσκεις
1096 4454 1264 4524 ήμᾶς,
1282 4451 1378 4506 καὶ
1408 4450 1518 4505 τών
1551 4451 1820 4520 ποιμνίων

1916 3344 2225 3402 dilectionis
2256 3350 2312 3398 et
2362 3340 2690 3407 affectionis,
2752 3353 2849 3409 per
2884 3350 3050 3406 quam
3091 3348 3202 3389 non
3253 3347 3498 3402 coangu-

1914 3447 2092 3496 statur
2124 3435 2491 3508 apostolicum
2533 3447 2632 3488 cor
2659 3438 2838 3499 tuum,
2886 3429 3018 3500 quin
3068 3427 3254 3498 potius
3287 3425 3503 3478 viscera

1917 3533 2262 3596 dilatantur,
2355 3528 2423 3583 ad
2503 3523 2919 3594 suscipiendum
2995 3519 3506 3590 acquirendumque

1918 3625 2162 3682 omnium
2218 3619 2598 3678 Ecclesiarum
2654 3616 3026 3673 Christianos.
3096 3611 3294 3667 Vocem
3352 3616 3503 3661 tuam

1917 3719 2244 3791 agnovimus
2278 3731 2378 3788 per
2409 3716 2644 3777 litteras,
2675 3711 3047 3779 alloquentem
3095 3718 3198 3759 nos
3226 3701 3294 3756 ad
3339 3715 3504 3756 aures

1920 3810 2229 3880 mentisque
2256 3809 2470 3863 intima.
2503 3803 2829 3859 Audivimus
2851 3802 3164 3868 loquentem
3187 3806 3246 3849 ut
3270 3803 3504 3880 patrem,

1920 3913 1980 3958 ut
2043 3878 2345 3972 pastorem,
2404 3896 2491 3951 vel
2540 3893 2728 3964 potius
2784 3887 3219 3956 archipastorem
3260 3892 3309 3934 ο.
3365 3878 3504 3934 Nam

1921 3994 2081 4066 quasi
2109 3998 2288 4063 pater,
2321 3989 2486 4053 ﬁlios,
2529 3985 2624 4056 qui
2683 3999 2713 4037 a
2775 3989 2829 4036 te
2877 3976 3171 4033 abalienati
3227 3975 3502 4066 videntur,

1924 4065 2028 4142 sub
2053 4092 2316 4154 paternos
2338 4081 2496 4136 sinus
2525 4086 2648 4131 tuos
2676 4073 2855 4144 cogis,
2887 4082 3194 4138 eorumque
3226 4065 3506 4153 sollicitu-

1854 4173 1862 4187 “
1920 4145 2104 4234 dinem
2144 4175 2350 4231 habes:
2385 4170 2548 4242 quasi
2582 4174 2772 4239 pastor
2808 4169 3014 4229 autem,
3038 4168 3099 4214 ut
3146 4173 3278 4214 oves
3308 4145 3505 4212 erran-

1923 4282 2031 4337 tes,
2062 4283 2331 4335 revocas;
2375 4263 2536 4336 quasi
2568 4268 2856 4333 pastorum
2907 4261 3117 4325 pastor,
3175 4247 3503 4322 pastoralem

1921 4373 2072 4419 tuam
2114 4369 2168 4417 et
2191 4357 2460 4414 divinitus
2484 4353 2728 4411 infusam
2759 4345 3047 4405 scientiam
3079 4357 3182 4398 nos
3219 4342 3406 4404 doces,
3434 4353 3507 4393 ne

1923 4469 2118 4527 greges
2143 4451 2489 4522 negligamus
2541 4444 2634 4502 sed
2681 4443 2812 4498 totis
2837 4439 3050 4495 viribus
3077 4432 3504 4527 prospiciamus,

232 4544 314 4612 μὴ
353 4542 600 4612 ἀμελεῖν,
637 4519 781 4599 ἀλλά
809 4545 960 4618 πάσῃ
982 4519 1212 4614 δυνάμει
1243 4541 1618 4615 προνοεῖσθαι,
1644 4519 1738 4594 καὶ
1759 4540 1814 4593 τὸ

1925 4519 1984 4606 ut
2019 4519 2092 4613 ei,
2124 4519 2271 4618 quod
2300 4519 2450 4598 male
2481 4539 2668 4602 habet,
2715 4533 2909 4590 sedulo
2938 4528 3274 4624 medeamur.
3331 4519 3507 4576 Audi-

228 4635 421 4698 κακῶς
452 4635 576 4705 ἔχον
608 4635 938 4708 θεραπεύειν
954 4636 1250 4709 ἐπιμελῶς.
1299 4635 1644 4706 Ἠκούσαμεν
1684 4636 1821 4690 ἀναο

228 4727 578 4798 καλουμένου
649 4729 788 4800 πρὸς
817 4730 1032 4796 ἑαυτὸν,
1078 4730 1171 4783 καὶ⁵
1233 4728 1659 4799 ὲπεστράφημέν
1724 4744 1818 4781 σου

231 4819 377 4890 πρὸς
429 4819 530 4890 τὴν
589 4821 800 4892 φωνήν.
832 4822 1056 4886 Πάντως
1090 4821 1150 4874 δὲ
1203 4822 1252 4874 εί
1307 4821 1624 4891 ἀλλοτρίους
1671 4820 1822 4882 υἱοὺς

233 4910 365 4982 [τῆς
399 4913 500 4983 σῆς
566 4912 883 4986 ἁγιότητος]
914 4913 1272 4984 ἐλογιζόμεθα
1325 4914 1574 4976 ἑαυτοὺς,
1623 4911 1656 4981 ἢ
1722 4911 1821 4981 τῆς

232 5007 342 5074 σῆς
408 5006 781 5078 ποιμαντικῆς
839 5005 1331 5077 ἀπομακρύνεσθαι
1403 5003 1817 5076 προῃρούμεθα,

231 5097 340 5150 οὐκ
363 5097 433 5150 ἂν
487 5096 613 5152 οῦτε
660 5100 986 5170 ἐπέγνωμεν
1021 5099 1098 5162 ὡς
1147 5098 1423 5169 πατρικὴν
1451 5099 1551 5168 τὴν
1615 5096 1820 5166 φωνὴν,

231 5187 364 5243 οὔτε
394 5189 472 5254 ώς
499 5191 756 5261 ποιμένος
772 5191 833 5245 τὸ
851 5190 1213 5262 ἀνακλητικὸν
1243 5190 1458 5262 ᾅδοντος
1485 5187 1825 5258 ὲπανεστρά-

235 5297 448 5353 φημεν.
500 5284 659 5338 Κατά
716 5285 827 5356 γὰρ
879 5285 970 5339 τὸν
1001 5284 1096 5338 τοῦ
1150 5283 1352 5354 Κυρίου
1408 5282 1590 5349 λόγον,
1651 5279 1826 5342 οὐδείς

236 5391 375 5429 ποτε
402 5377 765 5445 ἐπιγνώσεται
801 5378 910 5433 τῶν
938 5376 1235 5448 ἀλλοτρίων
1268 5375 1364 5447 τήν
1419 5375 1625 5446 φωνὴν,
1688 5373 1824 5427 ἀλλά

1926 4643 2106 4696 vimus
2136 4642 2491 4693 revocantem
2525 4630 2593 4685 ad
2629 4629 2898 4698 seipsum,
2929 4629 2985 4677 et
3017 4619 3084 4674 ad
3128 4630 3316 4673 vocem
3354 4622 3506 4668 tuam

1927 4729 2184 4787 conversi
2214 4741 2432 4781 sumus.
2470 4723 2638 4778 Plane
2669 4719 2714 4774 si
2751 4718 2964 4771 alienos
3002 4727 3031 4764 a
3085 4717 3178 4763 tua
3213 4705 3506 4762 sanctitate

1926 4823 2068 4878 tilios
2093 4820 2350 4889 nosipsos
2405 4812 2907 4870 existimassemus,
2939 4813 3035 4858 aut
3061 4802 3219 4870 longe
3267 4812 3298 4850 a
3327 4802 3508 4865 pasto-

1926 4915 2026 4969 rali
2078 4926 2210 4966 cura
2265 4918 2360 4963 tua
2413 4901 2656 4974 separari
2710 4898 3102 4955 voluissemus,
3156 4900 3504 4960 nequaquam

1927 5005 2350 5078 agnovissemus
2372 5007 2432 5052 ut
2457 5004 2741 5066 paternam
2769 5003 2984 5051 vocem,
3027 4999 3202 5054 neque
3226 4981 3294 5034 ad
3321 4987 3510 5078 pasto-

1929 5067 2044 5153 rem
2077 5091 2324 5164 receptui
2355 5095 2647 5144 canentem
2675 5080 2705 5121 ἀ
2741 5077 2998 5136 conversi
3020 5075 3343 5130 fuissemus.
3371 5067 3506 5122 Nam

1927 5190 2081 5260 juxta
2113 5186 2339 5241 verbum
2372 5177 2614 5243 Domini,
2645 5189 2805 5230 nemo
2839 5183 3080 5241 unquam
3109 5171 3297 5260 noseet
3327 5169 3508 5260 citra:

1935 5245 2162 5338 neorum
2227 5288 2438 5338 vocem,
2489 5267 2586 5326 sed
2643 5265 2827 5338 potius
2895 5261 2966 5315 ab
3012 5272 3077 5312 ea
3136 5254 3327 5322 fugiet.
3361 5245 3506 5313 Quid

1933 5375 2102 5446 igitur
2128 5370 2194 5425 ad
2227 5384 2328 5426 nos
2357 5363 2602 5423 errantis
2625 5359 2747 5417 ovis
2795 5351 3122 5418 similitudo,
3154 5343 3508 5403 sanctissime

1511 5517 1746 5574 VAlllAS
1799 5513 2206 5574 LECTIONES.

311 5613 666 5680 υεῦσεϐείας
712 5615 908 5673 εὐλαΰ.
981 5615 1422 5686 ⁸⁸ἀντίγραμμα.

312 5746 342 5777 ν
369 5736 619 5806 pascendi
650 5750 839 5789 mtmus
870 5734 1197 5804 suscepimus
1241 5748 1305 5786 ex
1328 5730 1514 5812 oﬁicio.

243 5819 500 5863 terarum.
615 5817 962 5876 1'alpropter.
1042 5814 1448 5858 H'ct'ercnttam.

245 5892 485 5936 saliente.

1631 5738 1656 5768 ι
1680 5724 1890 5794 longum
1929 5722 2026 5775 iter
2056 5718 2357 5790 confecisse.
2455 5723 2483 5764 7
2520 5718 2932 5794 Ba-lditzionem),
2967 5718 3508 5794 lelgfefnf‘afffln‘ll‘:

1565 5801 1590 5837 δ
1625 5775 2048 5866 amplitudinem.
2129 5775 2167 5830 ε’
2201 5799 2465 5860 pastorem
2524 5784 2832 5856 principem.
2907 5775 2933 5816 ἀ
2963 5782 3020 5828 ut
3045 5779 3255 5844 pastore
3280 5775 3508 5836 receptui

2455 5723 2483 5764 7
2520 5711 2932 5772 Balditzionem,
2967 5702 3160 5757 latores
3213 5697 3402 5750 harum
3420 5694 3512 5772 litt
