3798 6560
453 383 555 449 931

1745 377 1887 438 JUS
1922 337 2372 436 CANONICUM'
3574 375 3663 438 922

451 492 622 566 papa?
661 489 791 562 quid
825 489 1004 561 imago
1044 489 1267 546 amissae
1308 487 1629 544 drachmte?
1664 484 1776 543 Nos
1829 487 1974 543 enim
1999 500 2029 541 e

2141 485 2338 557 μᾶλλον
2359 484 2452 538 καὶ
2483 481 2740 552 φεύξεται
2768 480 2863 534 ἀπ’
2885 477 3081 543 αὐτῆς.
3123 477 3188 532 Τί
3207 477 3302 532 οὖν
3325 477 3460 550 πρὸς
3485 482 3610 552 ἡμᾶς
3634 490 3660 559 il

452 588 579 643 sinu
598 595 706 640 .tuo
735 583 1008 639 excidisse
1053 597 1340 652 negamus,
1369 587 1424 636 et
1485 581 1724 636 ﬁliorum
1779 580 2022 650 appella-

453 678 681 742 tionem,
710 682 804 730 aut
825 674 1156 746 pastoralem
1202 665 1395 728 curam
1445 688 1554 728 non
1609 671 1936 743 refugimus,
1965 679 2026 727 ut

450 772 561 828 tale
591 769 900 826 convicium
942 767 1103 823 nobis
1134 766 1514 836 exprobretur.
1568 764 1710 821 Tuto
1735 775 1918 821 autem
1959 779 2025 820 ac

452 863 707 928 ﬁrmiter,
737 861 833 920 Dei
867 860 1044 932 gratia
1087 860 1344 914 stetimus
1375 869 1397 898 ο
1422 857 1478 912 in
1524 859 1668 914 beati
1699 858 1848 914 Petri
1893 873 2036 914 con-..

453 956 712 1012 fessione.
746 953 812 1010 Et
843 967 1006 1024 quem
1047 952 1138 1006 ille
1162 949 1452 1006 confessus
1479 958 1585 1018 est,
1608 959 1664 1006 et
1688 949 2023 1022 praedicavit,

451 1047 780 1102 conﬁtemur
810 1054 866 1099 et
918 1041 1314 1113 praedicamus;
1358 1042 1496 1098 nihil
1546 1057 1612 1098 ex
1669 1041 2026 1113 synodalibus

452 1147 770 1194 sanctorum
801 1134 1026 1192 Patrum
1085 1135 1325 1191 decretis
1362 1135 1709 1201 innovantes,
1742 1149 1840 1189 nec
1886 1133 2029 1204 adji-

452 1231 663 1285 cicntes
702 1226 1037 1298 evangelicis
1067 1236 1120 1282 et
1155 1227 1471 1296 apostolicis
1509 1227 1713 1292 verbis,
1746 1227 1811 1282 ad
1858 1242 2027 1282 unum

452 1321 663 1391 apicem
697 1335 892 1390 usque,
929 1319 1014 1374 vel
1055 1318 1166 1374 iota
1215 1334 1408 1374 unum.
1453 1318 1753 1376 Didicimus
1812 1321 1958 1374 enim
1997 1333 2029 1374 a

451 1413 694 1484 gentium
722 1427 995 1484 praecone,
1024 1427 1192 1483 quam
1215 1414 1398 1484 gravis
1422 1405 1821 1482 impendeat‘iis
1846 1428 2030 1484 paena,

450 1505 546 1576 qui
579 1505 708 1560 talia
736 1505 960 1560 audent.
1003 1503 1122 1559 Etsi
1190 1505 1339 1560 enim
1361 1520 1485 1576 ego,
1509 1505 1732 1576 (inquit)
1757 1507 1839 1561 vel
1869 1521 2032 1577 ange-

453 1597 540 1653 lus
569 1596 639 1653 de
666 1597 808 1654 cmlo
855 1597 1269 1654 annuntiaverit
1310 1596 1471 1652 vobis
1521 1607 1720 1667 praater
1767 1599 1842 1664 id,
1884 1597 2032 1668 quod

453 1688 770 1758 accepistis,
803 1689 1094 1744 anathema
1126 1699 1266 1744 esto.
1303 1687 1419 1744 Hoc
1468 1697 1799 1755 metuentes,
1859 1688 2033 1743 viviﬁ-

2127 577 2411 650 παραϐολὴ
2467 575 2562 628 τοῦ
2624 572 2989 643 πλανηθέντος
3066 570 3363 642 προϐάτου,
3432 572 3663 640 ἀγιὼτατε

2126 673 2322 738 πάπας
2354 669 2420 724 Τί
2466 669 2524 722 δὲ
2574 668 2608 738 ἡ
2662 664 2826 720 εἰκὼν
2871 667 2970 735 τῆς
3015 663 3362 727 ἀπολωλυίας
3416 662 3666 738 δραχμῆς,

2135 765 2331 835 Ἡμεῖς
2351 761 2459 832 γὰρ
2486 759 2609 815 οὔτε
2640 757 2975 823 ἐκπεσόντας
3017 757 3245 820 ἑαυτοὺς
3298 755 3410 808 τῶν
3441 755 3540 809 σῶν
3569 761 3670 813 κόλ-

2127 875 2247 912 πων
2278 855 2482 926 φαμὲν,
2513 851 2642 907 οὔτε
2679 851 2780 922 τὴν
2835 851 3058 920 υίὸτητα
3107 849 3140 920 ἢ
3187 848 3289 918 τὴν
3345 851 3670 921 ποιμαντικὴν

2127 947 2536 1018 ἀποφεύγομεν,
2567 946 2654 999 ῐνα
2675 945 2772 998 καὶ
2800 941 2975 1007 οὕτως
2997 937 3394 1010 ὀνειδιζὼμεθα
3414 955 3431 971 ο
3468 941 3670 1011 ἑστήκα-

2131 1060 2234 1114 μεν
2265 1041 2344 1107 δὲ,
2377 1039 2514 1094 Θεοῦ
2542 1039 2750 1110 χάριτι,
2784 1036 2877 1091 ἐπὶ
2906 1036 3007 1107 τῆς
3032 1033 3126 1090 106
3180 1031 3460 1104 μακαρίου
3498 1033 3670 1105 Πέτρου

2127 1131 2423 1205 ὁμολογίας
2444 1133 2488 1164 ⁸⁸
2523 1128 2783 1200 ἀσφαλῶς
2803 1145 2860 1184 τε
2888 1127 2984 1183 καὶ
3030 1125 3297 1190 ἀκλινῶς·
3330 1127 3429 1179 καί⁵
3476 1125 3530 1178 ὃν
3556 1127 3671 1180 Exsi-

2130 1243 2220 1291 νος
2246 1225 2568 1297 ὡμολόγησε
2591 1221 2689 1276 καὶ
2741 1220 3035 1292 ἐκήρυξεν,
3071 1216 3456 1290 ὁμολογοῦμέν
3506 1235 3558 1270 τε
3598 1220 3674 1272 καὶ

2130 1318 2482 1392 κηρύσσομεν
2515 1331 2530 1348 ο
2569 1313 2643 1388 μὴ
2693 1314 3031 1377 καινίζοντές
3107 1329 3161 1366 τι
3210 1311 3319 1365 τῶν
3367 1311 3483 1372 τοῖς
3532 1311 3674 1380 ἁγίοις

2131 1409 2377 1482 Πατράσι
2399 1406 2690 1470 συνοδικῶς
2717 1404 3074 1473 δεδογμένων,
3100 1403 3173 1474 μὴ
3196 1401 3572 1475 προστιθέντες
3589 1408 3676 1468 τοῖς

2133 1501 2514 1571 εύαγγελικοῖς
2541 1498 2636 1552 καὶ
2662 1496 3043 1560 ἀποστολικοῖς
3071 1494 3277 1564 λόγοις,
3317 1492 3450 1566 ἄχρι
3471 1492 3554 1546 καὶ
3575 1496 3677 1564 μιᾶς

2131 1592 2385 1663 κεραίας,
2411 1589 2446 1664 ἢ
2483 1587 2615 1644 ίῶτα
2641 1588 2778 1650 ἑνός.
2813 1586 3122 1656 Ἐμάθομεν
3153 1584 3264 1654 γὰρ
3289 1578 3404 1638 οἷόν
3425 1584 3536 1636 ἐστι
3559 1585 3679 1655 παρὰ

2131 1685 2212 1757 τῷ
2233 1685 2436 1756 κήρυκι⁹
2469 1682 2581 1737 τῶν
2611 1680 2784 1735 ἐθνῶν
2819 1679 2958 1750 βαρὺ
2985 1678 3045 1732 τὸ
3095 1676 3510 1748 ἔπικρεμασθέν
3537 1677 3680 1729 ἐπιτί-

453 1794 576 1834 cam
631 1788 686 1836 et
745 1779 1091 1834 incruentam
1131 1779 1369 1835 hostiam
1408 1778 1454 1843 ί,
1507 1790 1566 1834 ut
1618 1782 1710 1851 qui
1758 1782 1968 1850 accepit
1999 1793 2030 1833 a

2141 1796 2262 1848 μιον
2293 1778 2407 1840 τοῖς
2430 1776 2498 1830 τὰ
2537 1772 2764 1829 τοιαῦτα
2798 1771 3064 1842 τολμῶσι.
3095 1770 3218 1826 Κᾶν
3244 1769 3357 1841 γάρ
3374 1769 3488 1836 ἐγὼ
3507 1768 3678 1840 (φησὶν)

2141 1871 2163 1887 .
2208 1872 2229 1887 .
2341 1868 2391 1887 «μ
2425 1886 2428 1887 ,
2493 1866 2546 1887 ,η
2661 1883 2731 1887 ,ω
2759 1864 2813 1887 ,ξιτ
2882 1861 3296 1887 -.μωμηννημ
3527 1860 3634 1887 ---ι
3659 1860 3678 1887 ι

455 1871 687 1928 Domino
714 1871 874 1928 nobis
909 1871 1156 1936 tradidit,
1187 1871 1269 1928 sic
1295 1871 1620 1928 exhibemus
1648 1882 1674 1920 ε
1701 1890 1714 1926 :
1749 1870 2034 1928 Iudaicam

454 1963 678 2034 quidem
740 1963 1131 2028 humilitatem,
1180 1973 1235 2018 et
1295 1963 1431 2035 legis
1474 1965 1722 2020 umbram
1772 1979 2035 2035 superas-

456 2055 757 2111 cendentes
781 2055 851 2123 h;
882 2071 1007 2110 cum
1030 2054 1161 2111 Jesu
1185 2067 1392 2120 autem,
1428 2064 1482 2110 et
1505 2057 1626 2126 ejus
1670 2056 1954 2127 discipulis
1976 2057 2034 2112 in

457 2145 712 2202 sublimis
740 2131 930 2216 gratiae
961 2145 1222 2215 palatium
1257 2145 1691 2203 conscendentes
1715 2165 1728 2201 :
1757 2155 1811 2203 et
1838 2163 2033 2218 panem

452 2237 834 2300 comedentes,
865 2251 976 2291 non
1011 2235 1346 2300 atllictionis,
1375 2236 1460 2307 (ut
1484 2239 1570 2293 lex
1601 2237 1722 2308 ait),
1754 2239 1850 2294 sed
1897 2239 2036 2294 laeti-

454 2329 567 2395 tiae,
605 2335 662 2384 et
692 2343 788 2384 cor
814 2343 1006 2385 revera
1064 2329 1504 2384 conﬁrmantem.
1548 2327 1706 2396 Quod
1747 2331 1794 2385 si
1835 2339 1892 2386 ut
1942 2346 2038 2401 pa-

455 2431 643 2479 stores
683 2420 760 2476 illi
797 2421 1160 2492 desipuimus,
1196 2421 1363 2493 (quod
1405 2422 1571 2487 absit,
1604 2438 1705 2477 nec
1737 2433 1948 2477 tantum
1980 2423 2036 2476 in

456 2525 562 2567 nos
593 2511 774 2582 possit
804 2512 1103 2582 malignus)
1135 2513 1202 2568 de
1231 2513 1435 2583 quibus
1459 2510 1728 2568 Jeremias
1771 2515 2037 2584 prepheta

458 2601 771 2658 lamentans
804 2601 918 2657 ait:
957 2603 1283 2658 Sacerdotes
1332 2617 1440 2660 non
1471 2603 1770 2658 dixerunt:
1805 2605 1904 2659 Ubi
1953 2612 2038 2658 est

459 2691 727 2750 Dominus
744 2692 768 2748 2
787 2701 842 2749 et
861 2695 964 2764 qui
997 2694 1101 2766 legi
1129 2694 1507 2762 adhaerebant,
1535 2696 1887 2752 nesciverunt
1919 2710 2033 2750 me:

455 2791 514 2838 et
541 2791 791 2854 pastores
831 2785 886 2844 in
920 2800 1006 2841 me
1048 2786 1200 2856 impii
1253 2785 1502 2842 fuerunt.
1549 2785 1606 2841 Si
1641 2787 1780 2842 tales
1830 2786 1930 2841 tibi
1959 2786 2041 2840 vi-

456 2872 756 2939 debantur,
798 2874 1146 2930 sanctissime
1177 2874 1358 2942 Pater,
1389 2890 1622 2947 quonam
1655 2883 1815 2945 pacto
1849 2888 2040 2944 posses

459 2977 566 3020 nos
593 2965 751 3022 aliter
779 2965 1088 3030 nominare,
1115 2981 1279 3037 quam
1311 2981 1442 3023 oves
1461 2977 1734 3034 errantes,
1762 2976 1816 3023 et
1840 2967 2044 3022 dracbo

458 3071 606 3112 mam
645 3057 938 3128 perditam,
969 3066 1024 3114 et
1048 3059 1348 3116 multorum
1405 3060 1615 3116 dierum
1672 3068 1946 3116 mortuum
1985 3062 2041 3117 in

2135 1868 2432 1942 ἢᾶγγελος
2489 1866 2548 1932 ἐξ
2583 1864 2816 1938 ούρανοῦ
2879 1861 3302 1933 εύαγγελίζηται
3360 1861 3493 1931 ύμῖν
3526 1860 3681 1931 παρ“δ

2135 1961 2498 2031 παρελάϐετε,
2535 1959 2784 2029 ἀνάθεμα
2828 1958 2990 2012 ἔστω.
3036 1954 3208 2010 Τοῦτο
3228 1953 3574 2024 φοϐούμενοι,
3608 1957 3683 2006 γαί

2137 2053 2234 2125 τὴν
2267 2051 2530 2118 ζωοποιδν
2555 2049 2650 2104 καὶ
2676 2048 3016 2120 ἀναίμακτον
3069 2045 3259 2100 θυσίαν
3297 2045 3371 2109 ὡς
3406 2044 3438 2097 6
3478 2043 3682 2114 παραλα·

2137 2145 2250 2201 ϐὼν
2271 2146 2380 2199 ἀπὸ
2409 2144 2504 2199 τοῦ
2539 2142 2746 2216 Κυρίου
2779 2141 3098 2213 παρέδωκεν
3155 2141 3311 2210 ἡμῖν,
3360 2136 3535 2201 οὕτως
3585 2137 3684 2188 ἐπι.

2135 2239 2444 2310 τελοῦμεν·
2517 2237 2618 2308 τὴν
2683 2236 2781 2304 μὲν
2833 2233 3138 2304 Ἰουδαῖκὴν
3186 2233 3562 2302 ταπεινότητα,
3609 2230 3684 2283 καὶ

2136 2331 2236 2403 τὴν
2269 2331 2360 2385 106
2409 2330 2576 2401 νόμου
2636 2329 2794 2382 σκιὰν
2837 2327 3387 2398 ύπεραναϐαίνοντες,
3429 2326 3512 2387 είς
3555 2324 3604 2376 δὲ
3641 2322 3686 2374 τὸ

2139 2422 2387 2494 ὑπερῷον
2409 2422 2507 2493 τῆς
2547 2419 2758 2491 ὑψηλῆς
2805 2419 3027 2491 χάριτος
3089 2417 3224 2488 μετά
3267 2415 3364 2469 106
3407 2412 3576 2485 Ἰησοῦ
3613 2413 3688 2466 καὶ

2137 2515 2247 2569 τῶν
2271 2513 2437 2568 αὑτοῦ
2459 2512 2718 2585 μαθητῶν
2743 2511 3127 2574 ἀναϐαίνοντες
3162 2527 3177 2542 ο
3197 2510 3296 2564 καὶ
3322 2510 3489 2578 ἄρτον
3516 2507 3688 2560 ἐσθίον-

2138 2625 2250 2672 τες,
2284 2607 2406 2677 ούχὶ
2443 2606 2536 2659 τδν
2572 2608 2672 2676 τῆς
2725 2602 3046 2667 κακώσεως,
3093 2602 3171 2666 ὡς
3226 2603 3256 2655 6
3316 2602 3483 2671 νόμος
3533 2598 3686 2668 φησὶν,

2141 2699 2279 2754 ἀλλά
2311 2699 2403 2752 τὺν
2426 2699 2527 2768 τῆς
2563 2695 3055 2766 εὐφροσύνηςῖκαὶ
3111 2694 3282 2756 ὅντως
3307 2693 3537 2763 καρδίαν
3583 2708 3686 2758 στηο

2145 2791 2384 2861 ρίζοντα.
2415 2791 2479 2844 El
2511 2789 2569 2843 δὲ
2604 2790 2750 2844 κατὰ
2777 2791 2903 2852 τοὺς
2939 2786 3206 2858 ποιμένας
3234 2787 3485 2848 ἐκείνους
3542 2785 3692 2854 ἠφρο-

2142 2881 2460 2952 νευσάμεθα
2501 2881 2550 2950 (ὃ
2587 2880 2663 2952 μὴ
2714 2881 2946 2950 γένοιτο,
2979 2879 3114 2950 μηδὲ
3151 2882 3232 2942 είς
3295 2877 3546 2932 τοσοῦτον
3592 2874 3691 2929 καθ’

2139 2976 2299 3046 ἡμῶν
2329 2973 2571 3046 ίσχύσῃό
2591 2974 2849 3045 πονηρὸς)
2880 2973 3011 3043 περὶ
3049 2964 3125 3026 ὧν
3161 2973 3190 3025 6
3224 2971 3518 3040 προφήτης
3555 2969 3692 3038 Ἱερε-

2146 3067 2274 3139 μίας
2295 3065 2512 3138 θρηνῶν
2548 3064 2766 3135 ἐλεγενο
2808 3065 2872 3118 Οἱ
2899 3065 3066 3135 ἱερεῖς
3089 3062 3189 3116 οὐκ
3236 3059 3409 3124 εἶπον,
3444 3059 3546 3114 ποῦ
3599 3060 3694 3111 ἐστι

457 3148 718 3219 sepulcro
740 3149 1059 3221 iacentem?
1118 3149 1321 3208 Verum
1369 3167 1439 3208 ne
1471 3167 1590 3207 eam
1617 3153 1686 3208 de
1722 3153 1882 3210 nobis
1927 3154 2030 3226 opi-

2145 3155 2355 3228 Κύριος
2384 3174 2402 3225 ;
2427 3155 2525 3209 καὶ
2571 3157 2619 3208 οἱ
2650 3153 3002 3226 ἀντεχόμενοι
3029 3151 3124 3206 τοῦ
3184 3152 3377 3222 νόμου,
3440 3152 3541 3205 οὐκ
3585 3149 3694 3218 ﬂet-

457 3241 684 3296 nionem
714 3241 1024 3313 concipias.
1056 3239 1244 3314 Neque
1263 3243 1408 3299 enim
1435 3244 1583 3300 aliud
1635 3244 1892 3301 novimus
1916 3246 2040 3304 tun-

459 3330 803 3399 damentum,
836 3347 1003 3404 quam
1059 3335 1206 3406 quod
1240 3334 1621 3391 substructum
1661 3344 1767 3392 est.
1810 3335 2044 3393 Eadem-

460 3441 570 3497 que
612 3435 825 3493 tecum,
882 3427 1248 3500 praedicamus
1292 3436 1348 3483 et
1405 3427 1670 3485 docemus
1719 3445 1822 3501 ego
1894 3430 2044 3502 iique

461 3532 680 3584 omnes,
733 3519 830 3588 qui
886 3521 955 3576 ad
1015 3536 1270 3592 magnam
1325 3521 1799 3593 apostolicamque
1856 3523 2044 3580 sedem

462 3607 1134 3682 Constantinopolitanam
1177 3614 1541 3685 pertinemus.
1618 3611 1685 3668 Et
1738 3630 1904 3682 unus,
1949 3616 2044 3685 qui

465 3701 522 3757 in
554 3705 805 3776 utrisque
842 3705 1106 3763 Ecclesiis
1125 3715 1408 3778 personat,
1437 3723 1623 3764 sermo
1681 3709 1843 3764 ﬁdei:
1871 3709 2046 3765 idem-

464 3810 574 3866 que
603 3797 950 3852 sacriﬁcatur
999 3812 1196 3869 agnus.
1251 3798 1342 3869 qui
1389 3799 1533 3854 tollit
1579 3807 1803 3869 peccata
1856 3801 2048 3856 mundi

465 3869 748 3955 Christus,
804 3887 950 3945 inter
1013 3889 1388 3946 occidentales
1436 3891 1739 3955 antistites,
1806 3893 1902 3962 qui
1945 3893 2049 3949 sub

467 3986 626 4033 tuum
677 3979 986 4051 principale
1033 3981 1254 4036 culmen
1301 3991 1494 4052 agunt,
1551 3992 1605 4038 et
1652 3998 1774 4050 nos,
1827 3984 1923 4053 qui
1979 3984 2050 4039 ab

469 4069 687 4125 oriente
728 4071 856 4126 sole
907 4070 1133 4127 sublimi
1184 4073 1204 4114 ι
1254 4071 1870 4143 ConstantinOpolitana
1919 4075 2052 4130 sede

471 4161 772 4218 sacerdotii
795 4163 1110 4233 accepimus
1140 4161 1535 4234 splendorem:
1578 4165 1832 4234 quamvis
1881 4179 2050 4234 parva

469 4251 724 4322 quaedam
749 4253 1077 4309 oﬁ‘endicula
1109 4253 1164 4308 in
1189 4253 1369 4309 medio
1393 4254 1681 4324 interiecta
1701 4270 1802 4310 nos
1833 4271 2054 4325 separa-

448 4343 608 4409 ‘rint,
636 4353 690 4400 et
711 4360 777 4401 ex
818 4361 927 4402 uno
955 4345 1264 4416 eodemque
1296 4345 1495 4417 spiritu
1522 4350 1723 4402 multos
1753 4348 1978 4403 fecerint
2001 4347 2050 4404 l.

2147 3250 2344 3304 σταντό
2366 3263 2466 3319 με’
2501 3247 2597 3300 καὶ
2643 3247 2694 3300 οἱ
2737 3246 2998 3316 ποιμένες
3050 3246 3286 3317 ἠσέϐουν
3345 3246 3427 3308 είς
3480 3244 3593 3315 ἐμέ.
3643 3242 3696 3295 El

2143 3339 2378 3398 τοιοῦτοί
2421 3357 2505 3394 σοι
2533 3336 2996 3412 ἦμεν,ἀγιώτατε
3019 3339 3226 3410 Πάτερ,
3277 3338 3396 3402 πῶς
3439 3337 3505 3393 ἂν
3547 3335 3699 3398 ἄλλως

2147 3428 2295 3505 εἶχες
2327 3433 2617 3504 ὀνομάζειν
2649 3434 2801 3504 ἡμᾶς
2858 3431 3164 3505 ἧπρόϐατα
3203 3429 3562 3500 πλανηθέντι,
3621 3429 3700 3482 καὶ

2148 3525 2404 3599 δραχμὴν
2435 3524 2850 3595 ἀφανισθεῖσαν,
2885 3526 2985 3579 καὶ
3015 3523 3212 3595 νεκρὸν
3238 3525 3296 3577 ἐν
3343 3523 3502 3593 ταφῳ
3536 3521 3699 3591 κείμε-

2149 3632 2242 3670 νον
2281 3617 2624 3688 πολυήμερον
2657 3632 2672 3682 ;
2710 3615 2875 3670 Ἀλλά
2923 3613 2998 3685 μὴ
3024 3611 3200 3678 οὕτως
3227 3615 3342 3668 οῐου
3383 3614 3510 3685 περὶ
3543 3611 3698 3683 ἡμῶν.

2151 3711 2290 3766 Οὕτε
2320 3713 2427 3783 γὰρ
2452 3709 2706 3781 θεμέλιον
2718 3707 2878 3763 ἄλλον
2907 3708 3133 3777 οἴδαμεν
3157 3708 3311 3777 παρὰ
3341 3710 3436 3759 τὸν
3455 3705 3700 3776 κείμενον,

2151 3805 2245 3858 καὶ
2276 3804 2342 3857 τὰ
2375 3801 2516 3856 αύτά
2558 3817 2642 3855 σοι
2678 3799 3060 3872 πρεσϐεύομεν
3101 3797 3197 3851 καὶ
3233 3797 3555 3866 διδάσκομεν
3608 3792 3702 3860 ἐγώ

2150 3910 2212 3947 τε
2238 3893 2333 3946 καὶ
2355 3894 2558 3956 πάντες
2583 3891 2634 3945 οἱ
2669 3888 2765 3944 106
2807 3889 3050 3959 μεγάλου
3075 3889 3171 3942 καὶ
3200 3885 3562 3942 ἀποστολικοῦ
3617 3884 3703 3952 τῆς

2151 3982 2784 4046 Κωνσταντινουπόλεως
2815 3981 3006 4050 θρόνου
3035 3995 3049 4010 ⁸
3071 3981 3166 4034 καὶ
3195 3975 3280 4044 εἷς
3308 3981 3366 4032 ὲν
3391 3979 3702 4048 ἀμφοτέραις

2151 4078 2275 4140 ταῖς
2311 4075 2665 4146 Ἐκκλησίαις
2691 4075 2721 4127 6
2743 4073 2906 4128 λαλού
2917 4089 3078 4143 μενος
3101 4072 3261 4141 λόγος
3306 4071 3408 4141 τῆς
3447 4072 3668 4128 πίστεως
3693 4085 3705 4102 ⁸

2153 4167 2250 4221 καὶ
2286 4168 2316 4221 6
2343 4165 2506 4230 αὐτὸς
2537 4165 2710 4236 ἀμνὸς
2725 4164 2937 4231 θύεται,
2974 4165 3004 4218 6
3040 4163 3137 4218 106
3186 4165 3397 4234 κόσμου
3429 4164 3590 4234 αίρων
3623 4161 3706 4232 τὴν

2152 4259 2448 4332 ἁμαρτίαν,
2479 4257 2738 4330 Χριστὸς,
2771 4258 2830 4311 έν
2879 4273 2940 4310 τε
2977 4260 3091 4320 τοῖς
3145 4257 3294 4310 κατὰ
3345 4257 3494 4310 δύσιν
3541 4257 3711 4325 ἀρχιε-

2157 4349 2332 4422 ρεῦσι,
2358 4352 2469 4412 τοῖς
2495 4349 2600 4403 ὑπὸ
2623 4349 2722 4420 τὴν
2748 4349 2849 4421 σὴν
2867 4346 3410 4418 τελοῦσικορυφαίαν
3435 4347 3707 4417 ἀκρότητα,

474 4434 607 4502 Qua:
638 4438 868 4492 omnino
912 4439 1104 4494 tollere
1153 4437 1223 4492 de
1273 4437 1476 4503 medio,
1525 4445 1582 4493 et
1629 4439 1781 4494 velut
1823 4439 2028 4509 lapides

2158 4442 2255 4496 καὶ
2283 4444 2419 4514 ἡμῖν
2443 4443 2557 4506 τοῖς
2582 4439 2643 4506 ἐξ
2672 4441 2830 4512 ἡλίου
2875 4441 3192 4512 ἀνίσχοντος
3251 4439 3348 4494 106
3383 4437 3577 4509 ὑψηλοῦ
3624 4439 3713 4504 τῆς

471 4527 630 4600 juxta
661 4529 1045 4601 propheticum
1071 4543 1408 4596 sermonem,
1436 4544 1468 4585 e
1497 4532 1584 4586 via
1617 4532 1906 4602 projicere,
1927 4533 2030 4588 uni

2158 4503 2790 4598 Κωνσταντινουπϐλεως
2829 4503 3035 4604 θρόνού
3049 4503 3365 4603 δεχομένοις
3515 4529 3610 4597 τῆς

473 4628 753 4694 tatemque
776 4621 1151 4678 Ecclesiarum
1184 4620 1304 4676 sine
1323 4620 1654 4678 oﬁ'endiculo
1689 4623 2047 4693 constituere,

475 4719 590 4768 tua:
623 4712 936 4769 sanctitatis
964 4711 1106 4767 erit:
1136 4727 1260 4782 quae
1305 4712 1513 4769 Christi
1543 4716 1795 4787 exemplo
1842 4715 1989 4772 velut
2017 4733 2051 4774 e

475 4801 622 4857 cmlo
668 4800 1043 4872 prospiciens,
1077 4800 1339 4856 distantia
1385 4803 1445 4857 in
1494 4818 1663 4858 unum
1714 4819 2051 4877 congregare

472 4893 590 4948 vult
616 4893 642 4933 ιι
663 4901 720 4948 et
751 4898 954 4963 potest.
983 4889 1096 4950 Nos
1155 4895 1301 4948 enim
1334 4893 1531 4966 pauci1
1575 4911 1790 4963 sumus,
1812 4905 1866 4954 et
1883 4913 2052 4968 parvo

478 4985 629 5056 gregi
660 4998 992 5056 praesumus,
1012 4984 1345 5041 mediocrem
1373 4987 1617 5058 quidem,
1648 4997 1703 5044 et
1747 4997 1809 5045 ut
1837 4997 2048 5061 guttam

473 5075 694 5130 dicendi
767 5073 1084 5130 facultatem
1171 5075 1478 5144 habentes,
1565 5081 1789 5139 virtutis
1865 5091 2049 5138 autem

2159 4626 2410 4698 ρωσύνης
2439 4626 2615 4697 αὐγάς
2649 4642 2665 4658 ο
2699 4627 2749 4679 εί
2774 4627 2872 4680 καί
2893 4643 3016 4680 τινα
3073 4625 3286 4697 βραχέα
3333 4625 3715 4696 προσκόμματα

2155 4725 2237 4785 εἰς
2281 4721 2448 4793 μέσον
2481 4722 2900 4794 παραρριφέντα
2937 4720 3230 4790 διέστησαν
3264 4719 3434 4789 ἡμᾶς,
3473 4718 3556 4772 καὶ
3593 4715 3715 4768 πο).-

2154 4815 2283 4880 λοὺς
2317 4814 2674 4884 πεποιήκασι,
2707 4815 2834 4877 τοὺς
2860 4813 2981 4877 ἑνὸς
3008 4815 3104 4868 καὶ
3125 4812 3222 4866 τοῦ
3253 4813 3422 4866 αὐτοῦ
3481 4810 3716 4880 Πνεῦμα·

2156 4926 2270 4973 τος.
2307 4909 2375 4963 ’Δ
2407 4907 2628 4972 πάντως
2664 4906 2870 4972 ιξελεῖν
2901 4907 2967 4960 ὲκ
2985 4907 3080 4961 τοῦ
3111 4906 3302 4978 μέσου,
3335 4908 3431 4961 καὶ
3458 4905 3527 4968 ὡς
3546 4903 3713 4963 λίθους

2155 4998 2311 5061 τινάς
2337 4998 2403 5051 ἐκ
2427 4997 2527 5067 τῆς
2551 4995 2670 5051 ὁδοῦ
2711 4994 3014 5067 διαρρῖψαι,
3067 4994 3212 5048 κατὰ
3263 4994 3358 5046 τὸν
3401 4987 3713 5062 προφητικὸν

2156 5087 2338 5157 λόγον,
2369 5088 2462 5142 καὶ
2502 5088 2859 5159 ἀπρόσκοπον
2915 5086 3016 5157 τὴν
3082 5086 3315 5156 ἑνότητα
3367 5084 3476 5138 τῶν
3505 5078 3712 5143 Ἐκκλη-

471 5163 842 5236 nequidquam
906 5165 1258 5236 participes:
1312 5169 1477 5224 etiam
1542 5171 1588 5226 si
1631 5180 1724 5228 tua
1779 5174 2030 5230 sanctita:

2165 5180 2297 5234 σιῶν
2327 5179 2694 5250 καταστῆσαι,
2733 5181 2836 5250 τῆς
2883 5178 2986 5248 σῆς
3031 5178 3186 5232 ἔσται
3237 5175 3560 5246 ἁγιωσύνης,
3625 5167 3711 5235 τῆς

470 5252 783 5328 [contrarii]
814 5256 1174 5328 persuasione
1212 5257 1463 5331 decepta,
1518 5263 1754 5318 maxima
1798 5265 2030 5335 quaedan

2159 5271 2605 5343 χριστομιμήτως
2629 5269 2706 5334 ὡς
2723 5268 2786 5337 te
2808 5268 3040 5342 ούρανοῦ
3087 5265 3510 5338 διακυπτούσης,
3541 5260 3630 5316 καὶ
3655 5259 3709 5309 τέ

1815 5421 2050 5481 VARUS
2089 5424 2506 5484 LECTIONES.

457 5516 488 5548 \

540 5581 588 5618 “
617 5582 815 5655 πάτερ.
903 5582 1075 5650 ’⁸,ἑπὶ
1101 5585 1171 5656 τῇ
1203 5583 1298 5638 106
1333 5588 1612 5660 μακαρίου
1659 5591 1870 5664 Πέτρου
1895 5592 2178 5668 ὁμολογίᾳ.

481 5788 492 5807 2
548 5731 584 5807 °_
623 5733 847 5807 stamus.
872 5721 947 5807 ,ί
990 5725 1365 5807 σᾳετίβεὶμηιο,
1453 5727 1479 5768 ⁸
1511 5728 1588 5807 εἰς
1605 5732 1908 5807 ρεηῑείηιιιξ
1943 5748 1964 5788 :
2037 5734 2067 5774 ιι
2099 5735 2528 5792 transcendentes
2561 5751 2582 5789 :
2665 5738 2681 5777 ί
2714 5730 2805 5807 qui
2849 5735 2918 5791 ad
2943 5736 3110 5792 solem
3143 5737 3394 5792 orientem
3420 5752 3451 5789 α
3494 5726 3703 5807 ειιῌὶσιί.

475 5793 494 5846 3
535 5802 585 5848 et
618 5794 810 5851 multos
830 5793 1237 5869 eﬂ'ecerint,'qui
1272 5797 1428 5853 unius
1453 5808 1501 5854 et
1522 5793 1754 5869 ejusdem
1777 5804 1998 5872 spiritus
2024 5821 2231 5862 sumus.
2314 5807 2339 5846 Ιι
2365 5808 2629 5877 dirempta
2664 5793 2838 5862 de}in
2873 5809 3123 5879 copulare
3161 5809 3290 5864 vult.
3377 5807 3392 5848 1
3424 5804 3573 5874 parvi.
