3950 6586
227 430 263 494 9
286 435 348 497 23
1491 430 2200 494 GR/ECO-ROMANUM.
2579 457 2583 464 ι
3410 439 3517 506 9‘35

220 540 508 595 διεστῶτα
541 540 800 610 συνάγειν
826 540 873 574 ⁹⁹
909 537 1006 594 καὶ
1029 538 1362 612 βουλομένης
1399 539 1496 593 καὶ
1530 539 1829 610 δυναμένης

1939 540 2008 596 de
2031 542 2189 597 nobis
2225 541 2503 612 suspicata
2538 541 2631 607 sit,
2664 557 2731 598 ex
2779 542 3077 602 dilectione
3131 556 3496 618 quorumdam

224 633 316 697 εἰς
362 632 439 688 ἓν.
481 633 678 705 Ἦμεῖς
707 633 808 704 μέν
829 632 940 706 γάρ
976 633 1221 705 βραχεῖς,
1287 631 1383 687 καὶ⁵
1429 631 1658 703 βραχέος
1709 648 1829 686 ποι-

1936 632 2028 704 qui
2059 632 2150 687 hic
2184 633 2540 704 peregrinati,
2581 649 2684 690 nos
2719 635 2942 691 allocuti
2981 647 3132 694 sunt.
3172 639 3290 696 Tua
3331 651 3516 702 autem

226 731 401 802 μνίου
435 731 811 802 κατάρχομεν,
846 732 1071 814 μέτριον
1121 729 1221 801 μὲν
1252 728 1354 784 καὶ
1397 729 1542 783 κατὰ
1595 726 1829 795 σταγόνα

1936 724 2227 795 integritas
2265 736 2328 792 ω,
2377 727 2620 798 undique
2643 728 2874 798 perfecti
2904 730 3140 796 Christi,
3199 742 3310 789 tam
3365 740 3517 807 sede,

223 821 328 874 τὸν
351 823 512 892 λόγον
547 821 786 892 ἔχοντες,
828 822 1035 893 ἀρετῆς
1055 823 1114 876 δὲ
1130 822 1448 893 μετέχοντες
1476 818 1587 872 οὐδ’
1615 817 1792 872 ὁτιοῦν
1813 833 1828 849 ⁸

1936 830 2100 885 quam
2135 817 2352 886 peritia,
2380 826 2435 872 et
2470 819 2593 874 vitae
2620 821 2932 890 splendore,
2961 822 3255 895 imaginem
3287 836 3342 882 et
3365 829 3522 884 simi-

223 913 281 964 εί
329 912 424 968 καὶ
448 913 484 984 ἡ
519 914 588 984 σὴ
624 914 852 984 ἀγιότης
879 912 1120 984 μέγιστά
1167 928 1291 966 τινα
1347 911 1478 981 περὶ
1533 909 1690 979 ήμῶν
1731 908 1835 962 ὐπ-

226 1005 484 1073 ενόησεν,
517 1003 584 1056 ἐκ
644 1004 745 1070 τῆς
783 1019 946 1057 τινων
998 1003 1220 1071 ἀγάπης
1253 1000 1362 1054 τῶν
1392 999 1624 1054 ἐνταῦθα
1659 997 1839 1051 ἐπιδε-

225 1094 296 1166 δη
309 1095 590 1166 μηκότων,
629 1094 728 1149 καὶ
758 1096 892 1167 ἡμῖν
938 1094 1321 1166 ὡμιληκότων,
1382 1091 1602 1155 πάντως
1653 1107 1838 1162 παρατ-

227 1187 554 1242 πεισθεῖσα.
599 1186 666 1241 Ἥ
685 1187 751 1241 δέ
778 1203 844 1256 γε
883 1187 951 1257 σὴ
1005 1186 1303 1257 τελειότης,
1362 1185 1458 1238 καὶ
1490 1181 1585 1236 τοῦ
1635 1199 1838 1236 παντε-

224 1278 386 1332 λείου
397 1278 635 1350 Χριστοῦ
663 1279 845 1332 εἰκόνα
869 1279 1226 1350 καὶὸμοίωμα
1248 1276 1490 1346 φέρουσα
1508 1275 1649 1330 κατά
1663 1292 1720 1327 τε
1738 1273 1834 1327 τὸν

228 1370 433 1440 θρόνον
457 1371 600 1427 κατά
625 1388 685 1424 τε
715 1369 918 1440 γνῶσιν
952 1371 1046 1424 καὶ
1064 1371 1164 1440 τὴν
1187 1367 1280 1422 τοῦ
1318 1366 1435 1438 βίου
1450 1366 1838 1438 λαμπρότητα,

1939 907 2228 963 litudinem
2261 907 2530 976 referens,
2580 915 2786 980 poterit
2837 917 3064 970 omnino
3112 916 3345 976 dissidio
3380 935 3523 977 cau-

1939 1013 2057 1055 sam
2115 1000 2412 1069 praebentia
2465 1004 2728 1060 scandala
2786 1021 3092 1076 removere,
3153 1019 3208 1066 et
3256 1011 3528 1072 Ecclesiis
3579 1043 3584 1054 ι

1938 1090 2200 1145 unionem
2251 1093 2694 1164 soliditatemque
2739 1098 3048 1156 restituere.
3101 1100 3274 1158 Habet
3335 1114 3519 1163 autem

1940 1181 2009 1234 ad
2059 1180 2164 1235 hoc
2221 1182 2492 1238 sanctitas
2569 1171 2658 1240 tua
2716 1189 3029 1246 unanimem
3089 1195 3510 1265 etadjutorem

1941 1272 2410 1342 potentissimum,
2469 1283 2526 1329 et
2598 1275 2740 1332 inter
2799 1280 3158 1350 imperatores
3217 1289 3519 1345 maximum

1943 1377 2008 1416 ac
2031 1377 2308 1417 summum
2344 1363 2566 1433 pietate,
2599 1367 2695 1437 qui
2734 1377 2788 1426 et
2812 1373 3024 1430 viribus
3056 1364 3524 1450 inexpugnabilis,

225 1461 444 1535 δυνατὴ
473 1464 690 1527 πάντως
740 1462 896 1518 ἔσται
957 1461 1056 1516 καὶ
1114 1459 1186 1514 τὰ
1243 1459 1533 1514 διιστῶντα
1563 1457 1829 1513 σκάνδαλα

1942 1462 1998 1509 et
2026 1454 2312 1523 prudentia
2342 1457 2640 1523 excellens,
2670 1469 2726 1515 et
2771 1462 2918 1518 inter
2970 1481 3164 1524 omnes
3195 1470 3369 1528 bonos
3423 1476 3519 1543 qui

230 1559 544 1628 περιελεῖν,
607 1559 705 1614 καὶ
725 1559 849 1623 ταῖς
889 1555 1244 1627 Ἐκκλησίαις
1277 1551 1732 1622 ἀποκαταστῆσαι
1773 1549 1829 1603 τὸ

1940 1563 2180 1617 unquam
2208 1550 2565 1609 admirationi
2613 1555 2840 1613 fuerunt
2893 1562 3326 1635 celeberrimus,
3360 1569 3521 1639 cujus

226 1651 444 1706 ἑνιαῖον
467 1653 563 1706 καὶ
590 1651 948 1722 ἀδιάτμητον.
981 1650 1137 1720 Ἔχει
1171 1646 1230 1702 δὲ
1269 1645 1409 1719 πρὸς
1437 1644 1652 1715 τοῦτοὴ
1683 1642 1829 1713 ἁγιό-

1937 1643 2096 1696 nutui
2127 1650 2180 1696 et
2214 1658 2316 1698 nos
2350 1645 2690 1716 parebimus,
2721 1658 2776 1706 et
2817 1654 2964 1708 servi
2994 1655 3296 1713 Dominicm
3324 1661 3522 1715 volun-

223 1759 337 1813 της
367 1761 464 1798 σου
490 1744 538 1777 ⁸⁸
569 1745 854 1814 σύμπνουν
878 1743 972 1796 καὶ⁸
999 1741 1263 1812 συνεργὸν
1306 1740 1398 1794 τὸν
1427 1738 1827 1810 κραταιότατον

1936 1734 2032 1790 tati
2067 1735 2456 1806 obsequemur.
2510 1763 2514 1767 ·

225 1838 334 1893 καὶ
362 1839 622 1908 μέγιστον
659 1839 717 1893 ἐν
750 1837 1056 1908 βασιλεῦσι,
1085 1838 1185 1892 καὶ
1251 1835 1563 1908 ἀκρότατον
1621 1833 1723 1905 τὴν
1766 1831 2077 1898 εὐσέϐειαν,
2118 1831 2211 1887 τὸν
2272 1836 2372 1888 καὶ
2398 1833 2498 1908 τὴν
2531 1836 2750 1910 ’δίσχῦν
2807 1840 3191 1916 ἀπρόσμαχον,
3245 1847 3340 1901 καὶ
3389 1848 3491 1920 τὴν

229 1931 515 2005 φρόνησιν
548 1933 988 2005 ἀνυπέρϐλητον,
1021 1932 1118 1987 καὶ
1145 1934 1205 1988 ἐν
1255 1933 1432 1988 ἀπασι
1463 1932 1576 1995 τοῖς
1605 1929 1793 1992 καλοῖς
1821 1927 2043 1982 πάντων
2067 1927 2179 1982 τῶν
2219 1929 2318 1983 ἀπ’
2342 1931 2541 1997 αἰῶνος
2563 1933 3002 2008 θαυμαζομένων
3032 1941 3471 2014 ὀνομαστότατον
3502 1963 3521 1980 .

225 2019 295 2082 οὗ
359 2029 441 2102 τῷ
493 2029 726 2101 νεύματι
809 2029 908 2083 καὶ
977 2029 1141 2101 ἡμεῖς
1193 2025 1486 2098 ὑπείξομεν
1538 2024 1635 2078 καὶ
1661 2023 1740 2094 τῷ
1764 2021 2082 2091 Δεσποτικῷ
2119 2020 2386 2094 θελήματι
2419 2025 2472 2079 οἱ
2502 2026 2681 2080 δοῦλοι
2726 2029 3175 2105 ὑπηρετήσομεν,

229 2165 315 2226 Β’.
364 2167 701 2239 Ἀπόκρισις
744 2167 895 2237 πρὸς
916 2166 991 2245 τά
1048 2161 1608 2241 ἐρωτηθένταδπερί
1657 2177 1823 2228 τινος

1936 2157 1995 2213 ΙΙ.
2026 2157 2316 2215 Resnonsio
2347 2161 2417 2215 ad
2455 2127 2784 2236 interrogata
2815 2167 2880 2223 de
2920 2169 3242 2240 quibusdam
3288 2177 3515 2245 nuptiis.

920 2238 1133 2308 γάμον.

324 2347 385 2407 ’0
407 2353 698 2424 Πετρακᾶς
728 2350 988 2422 ἐγέννησε
1021 2349 1120 2422 τὴν
1155 2349 1569 2422 Ἀρχόντισσαν,
1601 2346 1697 2400 καὶ
1724 2343 1824 2417 τὴν

229 2445 842 2518 Καλὴν,όμομητρίους
879 2458 894 2474 °
930 2444 964 2514 ή
1012 2443 1368 2516 Ἀρχόντισσα
1409 2441 1668 2512 ἐγέννησε
1726 2439 1827 2510 τὴν

233 2534 482 2608 Ξανθήν.
515 2538 580 2590 Ἠ
614 2535 770 2608 Καλὴ
795 2535 1054 2606 ἐγέννησε
1103 2525 1196 2588 τὸν
1260 2533 1506 2604 Συμεὼν,
1567 2535 1600 2602 ἠ
1649 2529 1828 2601 Ξανθὴ

235 2629 509 2699 ἐγέννησε
530 2627 628 2699 τὴν
653 2628 876 2696 Σοφίαν.
911 2627 1128 2697 Ἐτεροι
1158 2626 1250 2679 δύο
1275 2626 1600 2694 αύτάδελφοι
1624 2623 1684 2690 ἐξ
1711 2624 1828 2676 ἐτέ-

240 2738 345 2793 ρου
394 2722 588 2789 γένους
637 2719 962 2790 ὁμοπάτριοι
1004 2723 1100 2772 καὶ
1139 2718 1488 2789 ὁμομήτριοι,
1545 2715 1830 2778 Ἰουλιανὸς

235 2813 342 2866 καὶ
381 2811 636 2866 Ἰωαννώ.
661 2811 852 2874 Ὅστις
878 2808 1169 2875 Ἰουλιανὸς
1203 2807 1496 2864 ἀνελάϐετο
1526 2809 1607 2870 είς
1645 2807 1832 2876 γυναῖο
1853 2859 1868 2864 ν

236 2920 318 2957 κα
368 2901 570 2970 Σοφίαν
621 2901 721 2973 τὴν
767 2900 1045 2972 θυγατέρα
1089 2901 1187 2971 τῆς
1224 2898 1459 2968 Ξανθῆς.
1530 2894 1832 2950 ’Δκὼλυτόν

236 2997 364 3048 ἐστι
396 2994 581 3047 λαϐεῖν
614 2993 715 3064 τὴν
759 2991 990 3047 Ἰωαννὼ
1017 2991 1271 3045 σύνευνον
1304 2986 1530 3060 Συμεὼν
1581 2987 1675 3040 τὸν
1716 2985 1832 3040 υἱὸν

233 3090 342 3157 τῆς
369 3086 581 3157 Καλῆς,
611 3085 646 3158 ἢ
673 3083 770 3152 οὖς
825 3083 973 3155 ζητῶ
995 3073 1478 3153 τοίνυνᾟνωρίσαι
1518 3080 1676 3132 τοῦτο
1730 3093 1831 3135 σα-

169 3219 180 3244 ,
242 3180 512 3249 τέστερον
537 3178 690 3249 παρά
717 3178 817 3250 τῆς
848 3176 950 3247 σῆς
977 3174 1400 3248 μεγαλειότητος
1428 3173 1748 3242 ἐγγράφως.

317 3272 466 3342 Πρὸς
500 3270 674 3325 ταῦτα
702 3269 995 3341 ἀπόκρισις
1043 3267 1259 3341 ἐπήχθη
1309 3264 1536 3337 τοιαύτη
1566 3281 1581 3297 ·
1615 3261 1834 3335 Ἐπειδὴ

241 3362 686 3432 ἀναφαίνεταιτδ
729 3360 993 3433 ἐρώτημά
1017 3377 1134 3426 σου,
1183 3353 1228 3414 ὧ
1268 3357 1650 3428 θεοφιλέστατε
1697 3356 1836 3428 Δυρο

1994 2341 2253 2400 Petracas
2301 2347 2488 2417 genuit
2535 2348 2976 2416 Arebontissam,
3019 2360 3073 2407 et
3119 2353 3310 2419 Calen,
3343 2357 3519 2411 nteri-

1926 2449 2029 2490 nos
2083 2455 2099 2493 :
2155 2437 2513 2495 Archontissa
2579 2443 2769 2511 genuit
2819 2441 3072 2498 Xantben
3112 2464 3125 2499 :
3165 2447 3293 2502 Cale
3333 2448 3520 2518 genuit

1928 2525 2253 2595 Symeonem
2272 2547 2285 2584 :
2307 2528 2526 2586 Xanthe
2545 2534 2734 2602 genuit
2771 2532 3057 2606 Sophiam.
3079 2536 3196 2591 Duo
3229 2536 3424 2595 fratres
3448 2554 3519 2595 ex

1927 2615 2038 2668 alio
2084 2631 2283 2685 genere
2323 2621 2721 2690 consanguinei
2769 2633 2824 2677 et
2879 2625 3114 2692 uterini,
3162 2624 3416 2683 Julianus
3464 2637 3521 2683 et

1925 2704 2160 2771 Joauna.
2193 2707 2295 2774 Qui
2325 2708 2582 2768 Julianus
2608 2699 2962 2785 n'accepit’in
3003 2734 3229 2773 uxorem
3259 2719 3519 2790 Suphiam

1931 2799 2162 2857 Xanlha:
2187 2803 2382 2858 filiam.
2417 2806 2502 2860 An
2541 2805 2798 2878 Symeoni
2829 2808 2989 2864 Cales
3027 2811 3136 2866 ﬁlio
3163 2813 3327 2868 licent
3361 2813 3521 2868 Joan-

1929 2901 2104 2946 nam°
2157 2909 2386 2950 uxorem
2438 2896 2666 2965 ducere,
2717 2901 2935 2956 necne?
2984 2900 3183 2969 Quaero
3234 2905 3403 2974 igitur
3452 2905 3520 2959 ab

1932 2983 2297 3054 amplitudine
2319 2995 2413 3042 tua
2439 2988 2544 3043 hoc
2574 2991 2822 3061 apertius
2851 2992 3068 3063 scripto
3087 3009 3446 3065 cognoscere.

2003 3257 2087 3316 Ad
2116 3267 2477 3332 quaestionem
2513 3261 2854 3332 huiusmodi,
2888 3265 3180 3336 responsio
3204 3268 3332 3324 talis
3375 3267 3518 3326 facta

1934 3359 2020 3407 est
2051 3369 2068 3406 :
2109 3351 2244 3408 Cum
2281 3360 2372 3408 tua
2401 3353 2694 3410 manifesta
2730 3355 2802 3410 sit
2830 3357 3210 3428 interrogatio,
3269 3359 3520 3429 piissime

243 3454 450 3528 ῥαχίτα
471 3454 617 3525 μέγα
642 3451 985 3524 σακελλάριε,
1011 3452 1060 3505 εί
1089 3450 1418 3506 ἀπολύονται
1458 3448 1553 3502 δύο
1611 3446 1829 3517 ἀδελφοὶ

1938 3443 2257 3516 Dyrracbita
2288 3459 2487 3517 magne
2543 3447 2852 3512 sacellarie,
2901 3462 2971 3503 an
3003 3448 3222 3504 duobus
3259 3452 3519 3507 fratribus

242 3547 392 3619 πρὸς
438 3546 592 3600 θείαν
633 3542 1088 3618 πρωτεξαδέλφην
1131 3541 1224 3596 καὶ
1272 3540 1500 3612 ἀνεψιὰν
1533 3539 1591 3608 ἐξ
1634 3539 1823 3608 ἐτέρου

241 3637 704 3710 πρωτεξαδέλφου
735 3635 871 3706 πρὸς
916 3633 1141 3705 ἔννομον
1186 3632 1387 3705 γάμον,
1439 3633 1615 3698 ἔξεστι
1665 3631 1826 3686 τοῦτο

243 3731 531 3801 γενέσθαι.
564 3728 704 3784 Οὔτε
733 3729 839 3799 γὰρ
864 3727 1104 3799 ἀθεσμόν
1141 3727 1314 3792 ἐστιν,
1347 3725 1471 3781 οὔτε
1511 3725 1829 3796 κεκωλυμέ-

244 3842 362 3880 νον.
398 3823 615 3877 Ἐκεῖνα
650 3823 760 3894 γὰρ
788 3820 1145 3892 κεκωλυμένα
1175 3821 1445 3889 λέγονται,
1466 3820 1559 3874 καὶ
1589 3819 1826 3890 ἄθεσμα,

243 3919 345 3972 καὶ
399 3917 717 3988 παράνομα,
763 3919 822 3970 ἐν
868 3912 950 3982 οἷς
999 3916 1068 3971 τά
1105 3913 1200 3967 τοῦ
1251 3913 1442 3982 γένους
1481 3912 1824 3983 συγχέονται.

244 4001 565 4078 Τουτέστιν,
624 4011 674 4062 εί
733 4009 872 4074 θεῖός
915 4011 1053 4076 ἐστι,
1098 4005 1410 4076 συνοικήσει
1444 4003 1544 4074 τῆς
1569 4003 1826 4072 γυναικὸς

246 4099 552 4154 κινδυνεύει
581 4099 800 4170 ἀνεψιὸς
828 4098 1084 4167 λέγεσθαι
1118 4096 1196 4168 τῷ
1247 4094 1392 4166 λόγῳ
1411 4094 1511 4165 τῆς
1543 4093 1680 4160 πρὸς
1730 4090 1828 4164 τὴν

250 4195 494 4264 γυναῖκα
521 4193 894 4264 συναρμογῆς.
946 4192 1057 4245 Καὶ
1086 4189 1154 4244 αὖ
1192 4187 1354 4243 πάλιν
1381 4189 1429 4241 εί
1473 4185 1827 4254 γυναικάδελ-

247 4285 352 4355 φός
375 4286 532 4350 ἐστι,
576 4283 866 4353 συμϐαίνει
916 4280 1078 4352 τυχὸν
1128 4277 1381 4348 λέγεσθαι
1438 4276 1829 4347 σύγγαμϐροςο

247 4377 349 4432 καὶ
411 4375 526 4431 ἀλλ’
572 4374 711 4430 ἄττα
733 4373 956 4442 τοιαύτη
985 4373 1018 4442 ἡ
1057 4369 1322 4440 σύγχυσις
1351 4368 1448 4422 καὶ
1474 4369 1535 4422 τὺ
1562 4367 1828 4439 ἀπρεπές.

248 4467 415 4521 Κατά
443 4467 549 4538 γάρ
580 4465 678 4519 τὸν
702 4463 1068 4534 θεοφύλακτον
1087 4461 1262 4532 μέγαν
1295 4458 1522 4530 βασιλέα
1541 4459 1610 4526 ’³,
1640 4461 1696 4512 ἐν
1720 4461 1832 4519 τοῖς

248 4560 454 4632 γάμοις
475 4561 537 4612 οὐ
559 4558 722 4630 μόνον
739 4558 802 4612 τὸ
849 4553 1322 4626 ἐπιτετραμμένον
1367 4550 1661 4623 ζητοῦμεν,
1695 4551 1832 4606 ἀλλὰ

251 4653 352 4707 καὶ
401 4651 463 4704 τὸ
503 4650 804 4721 εὐπρεπές.
847 4649 958 4704 Καὶ
1006 4646 1237 4719 ἑτέρωθι
1270 4647 1299 4700 ὁ
1323 4645 1507 4710 αὐτὸς,
1539 4645 1626 4698 Ἐν
1650 4639 1732 4708 οἷς
1763 4644 1832 4699 τὰ

207 4809 218 4826 κ
249 4743 351 4799 τοῦ
387 4742 578 4812 γένους
609 4741 953 4813 συγχέονται,
998 4739 1209 4794 ἐκεῖθεν
1264 4738 1294 4791 ό
1333 4737 1509 4807 γάμος
1549 4737 1830 4808 άθέμιτος.

1929 3537 2176 3608 legitimo
2222 3537 2502 3592 connubio
2550 3537 2705 3609 iungi
2759 3539 2921 3596 liceat
2966 3557 3090 3595 cum
3131 3542 3384 3613 pmpiore
3429 3561 3520 3600 so-

1927 3630 2086 3687 brina
2123 3641 2177 3690 et
2205 3631 2531 3689 consobrini
2588 3633 2923 3704 patruelisve
2975 3635 3104 3692 lilia.
3154 3636 3287 3692 Jure
3340 3637 3514 3700 licet;

1928 3737 2108 3795 neque
2153 3723 2312 3779 nefas
2351 3733 2402 3790 P,
2445 3739 2623 3794 neque
2654 3724 3008 3804 proltibitum.
3037 3726 3127 3780 llla
3156 3728 3300 3783 enim
3334 3728 3521 3799 prohi-

1929 3815 2044 3871 bita
2072 3815 2334 3872 dicuntur
2365 3825 2415 3884 (ι,
2458 3815 2695 3880 nefaria,
2730 3809 2787 3872 et
2831 3816 3058 3884 iniusta,
3093 3818 3146 3872 in
3182 3821 3386 3890 quibus
3417 3835 3517 3876 co-

1928 3907 2205 3980 gnationis
2235 3907 2360 3976 jura
2391 3907 2824 3962 confunduntur.
2873 3906 2926 3961 Id
2959 3918 3042 3963 est
3071 3909 3116 3966 si
3162 3919 3390 3980 patruus
3429 3911 3516 3966 vel

1931 3998 2240 4054 avunculus
2273 4007 2378 4064 est,
2409 3999 2480 4054 ob
2528 3998 2798 4054 rationem
2857 3999 3099 4070 conjugii
3146 4001 3516 4058 cohabitatio-

1929 4092 2129 4164 nisque
2165 4107 2292 4148 cum
2342 4107 2533 4158 uxore,
2571 4090 2814 4145 futurum
2848 4101 2950 4157 est,
2983 4101 3039 4146 ut
3060 4089 3247 4147 fratris
3276 4095 3518 4150 sororis-

1929 4198 1997 4238 ve
2048 4181 2192 4238 ﬁlius
2247 4181 2571 4252 appelletur.
2630 4178 2698 4234 Et
2746 4196 2942 4237 rursus
2966 4181 3012 4236 si
3069 4182 3260 4236 uxoris
3325 4181 3516 4248 frater,

1935 4273 2154 4329 accidet
2198 4273 2334 4328 forte
2370 4280 2429 4327 ut
2455 4286 2732 4344 congener
2761 4271 3019 4327 dicatur:
3049 4279 3102 4326 et
3146 4272 3273 4335 alia,
3306 4288 3425 4342 quae
3446 4289 3516 4329 ex

1931 4365 2250 4437 hujusmodi
2282 4363 2610 4420 confusione
2659 4373 2715 4420 et
2752 4363 3114 4435 turpitudine.
3147 4363 3281 4419 Nam
3315 4380 3516 4420 secun-

1931 4475 2060 4529 pum
2095 4457 2541 4529 theophylactum
2569 4455 2826 4528 magnum
2862 4456 3120 4511 Basilium
3154 4465 3200 4523 τ,
3226 4457 3281 4512 in
3307 4458 3516 4525 nuptiis

1932 4564 2041 4605 nou
2081 4550 2257 4604 solum
2308 4546 2452 4618 quod
2504 4549 2949 4618 permissumcst
2977 4546 3297 4618 quaerimus,
3339 4547 3433 4601 sed
3460 4556 3517 4600 et

1931 4637 2080 4709 quod
2141 4639 2452 4695 honestum.
2509 4638 2765 4708 Idemque
2824 4635 2978 4703 alibi,
3031 4636 3086 4690 in
3142 4636 3344 4708 quibus
3394 4651 3520 4704 quae
3575 4619 3592 4638 ⁸

1933 4739 2062 4786 sunt
2092 4731 2440 4802 cognationis
2474 4731 2912 4796 confunduntur,
2944 4727 3020 4784 ibi
3053 4728 3261 4798 nuptiae
3285 4727 3516 4782 illicitae.

253 4838 389 4890 ὐτι
403 4835 536 4904 γοῦν
561 4834 684 4888 οὔτε
707 4851 790 4898 τις
809 4832 1086 4904 ἀπρέπεια
1098 4829 1330 4887 ἐνταῦθα
1359 4828 1685 4894 ἀνακύπτει,
1706 4827 1829 4881 οὕτε

1936 4823 2092 4890 Quod
2123 4823 2289 4892 igitur
2309 4837 2487 4893 neque
2516 4821 2800 4893 turpitudo
2824 4821 2912 4875 hic
2936 4821 3166 4891 emergit
3187 4820 3316 4882 ulla,
3342 4835 3520 4890 neque

247 4929 349 4982 τοῦ
381 4927 576 4996 γένους
599 4925 862 4994 σύγχυσις
903 4922 1022 4995 (τοῦ
1069 4922 1179 4993 γὰρ
1217 4921 1404 4993 ἐτέρου
1447 4921 1648 4992 μέρους
1689 4921 1832 4990 πέμ-

253 5034 394 5080 πτος
453 5015 685 5089 βαθμὸς,
747 5013 842 5068 τοῦ
877 5012 934 5068 δέ
986 5012 1174 5083 ἐτέρου
1205 5010 1479 5082 δεύτερος,
1514 5011 1611 5064 καὶ⁸
1658 5009 1831 5073 οὕτως

247 5110 488 5180 ἓϐδομος
542 5107 604 5175 ἐξ
651 5104 967 5178 ἀγχιστείας
1029 5101 1450 5173 ὀνομαζόμενος)
1493 5101 1755 5171 ἔνθεσμος
1803 5102 1836 5153 ό

252 5199 500 5265 τοιοῦτος
523 5199 725 5271 γάμος,
751 5196 849 5252 καλ⁵
877 5197 1122 5268 ἔννομος,
1154 5193 1250 5248 καὶ⁵
1299 5193 1596 5256 ἀκώλυτος.
1653 5192 1835 5263 Ἀγχι-

257 5294 414 5349 στεία
436 5294 495 5349 δέ
527 5295 668 5358 ἐστι,
694 5293 838 5348 κατά
879 5290 971 5346 τὸν
998 5288 1314 5360 νομοθέτην,
1365 5285 1636 5356 οἰκειότης
1669 5300 1838 5355 προσ-

255 5385 427 5443 ώπων
463 5385 531 5442 ἐκ
554 5385 749 5459 γάμων
775 5384 914 5456 ἡμῖν
941 5379 1282 5454 συνημμένη,
1305 5377 1629 5448 συγγενείας
1645 5376 1802 5440 ἐκτός
1818 5392 1832 5407 ο

1938 4914 2156 4986 generis
2194 4915 2494 4980 confusio;
2531 4915 2620 4986 (ex
2671 4928 2780 4968 una
2835 4928 3069 4982 namque
3102 4920 3257 4983 parte
3291 4913 3519 4982 quintus

1937 5007 2162 5078 gradus,
2205 5019 2272 5061 ex
2302 5007 2474 5062 altera
2505 5004 2801 5070 secundus,
2853 5003 3191 5074 proindeque
3247 5003 3518 5074 septimm

1938 5099 2218 5156 aliinitatis
2267 5095 2610 5166 nominatus)
2666 5095 2832 5150 licitae
2892 5096 3027 5152 tales
3085 5096 3308 5165 nuptiae,
3349 5096 3523 5164 legiti-

1939 5207 2151 5263 maeque
2175 5206 2280 5247 nec
2313 5192 2512 5246 vetitae.
2542 5189 2789 5243 Afﬁnitas
2818 5194 3026 5252 autem,
3047 5187 3346 5243 secundum
3375 5186 3520 5256 juris

1941 5285 2306 5347 conditorem,
2361 5289 2448 5339 est
2523 5295 2882 5352 personarum
2959 5279 3337 5352 propinquitas
3425 5293 3524 5346 pr

1942 5375 2164 5446 nuptias
2214 5373 2376 5430 nobis
2425 5372 2739 5441 conciliata,
2791 5383 2949 5429 extra
2998 5370 3403 5442 cognationem.
3455 5368 3521 5421 Et

1571 5533 1808 5592 VARIIE
1847 5533 2257 5593 LECTIONES.

329 5645 377 5678 "
409 5641 721 5697 συνάπτειν.
795 5636 842 5672 ⁸³
863 5636 898 5708 ἠ
924 5631 1206 5706 ἀγιωσύνη
1239 5649 1357 5687 σου.
1432 5630 1481 5666 ’⁸
1507 5629 1600 5687 τὸν
1633 5629 1775 5686 κατά
1794 5632 1921 5702 τήν.
1993 5631 2040 5664 ’⁸
2071 5630 2374 5685 Βασίλειον.

329 5793 372 5822 ω
421 5780 695 5853 perfectio.
770 5786 800 5815 ’³
858 5741 1132 5832 .1οιιιιηο.χ

259 5850 460 5913 ciuitas
480 5850 822 5908 custoditum.

1206 5781 1228 5804 °
1255 5770 1586 5830 Joannonem
1683 5782 1712 5824 Ρ
1743 5775 2022 5840 incestum.
2097 5782 2126 5822 ιι
2161 5779 2209 5827 et
2244 5771 2530 5843 incesta,_et
2546 5765 2775 5838 nefaria,
2809 5763 2863 5820 in
2918 5760 3130 5835 quibus.
3205 5769 3230 5803 '
3259 5759 3413 5818 illum
3442 5761 3529 5816 di-
