3950 6556
458 398 570 462 935

1787 399 1926 461 JUS
1965 400 2107 463 CAN
2119 401 2421 465 ONICUM

3641 415 3733 477 936

461 510 772 568 ditl‘erentia
823 509 975 567 nulla
1025 511 1133 568 erit
1183 521 1507 583 agnatorum
1565 518 1621 567 et
1665 514 2049 583 cognatOrum,

2171 514 2251 568 ιαὶ
2285 513 2520 584 διαφορά
2549 530 2632 578 τις
2662 513 2762 568 ούκ
2795 513 2952 567 ἔσται
2997 513 3248 582 ἀγνάτων
3297 517 3391 570 καὶ
3462 523 3734 587 κογνὰτιιν

458 603 552 674 qui
608 600 862 659 videlicet
890 618 986 674 per
1033 618 1216 658 mares
1279 612 1373 657 aut
1419 603 1648 660 ieminas
1692 603 2054 670 descendunt,

460 694 700 762 septimo
746 694 1027 751 aﬂinitatis
1077 695 1250 765 gradu
1296 695 1646 752 intermedio.
1683 695 1834 752 Talis
1889 697 2058 767 igitur

459 797 779 842 contractus
845 787 961 854 ﬁet,
1014 803 1114 842 nec
1189 787 1534 858 prohibetur,
1599 789 1668 844 iis
1722 790 2053 856 rationibus,

459 895 599 949 quas
647 880 863 950 legibus
893 888 948 935 et
978 881 1284 935 canonibus
1337 880 1513 936 innixi
1559 881 1822 939 diximus.
1870 881 2057 938 Mense

463 967 796 1045 Septemb’ri,
856 974 1099 1032 indictus
1159 974 1400 1031 Basilius
1436 975 1660 1032 humilis
1678 987 1728 1044 ³,
1760 975 2052 1033 Thesalo-

459 1083 618 1124 meae.

562 1195 846 1259 ΝῙΕΕΤᾸΞ
896 1200 1471 1259 METROPOLITANI
1519 1201 1944 1270 HERACLEIE,

682 1314 964 1385 Responsa
985 1315 1054 1368 ad
1086 1313 1492 1384 Constantinum
1521 1313 1839 1382 episcopum.

542 1428 923 1501 Interrogatio.
983 1431 1065 1485 An
1139 1429 1233 1500 qui
1312 1429 1379 1483 ad
1451 1427 1724 1482 secundas
1796 1427 2054 1482 convolat

459 1523 704 1594 nuptias,
741 1524 993 1592 accipere
1039 1521 1218 1593 possit
1255 1520 1459 1593 bigami
1490 1519 1865 1592 precationem
1900 1535 1931 1574 a
1965 1535 2052 1598 re-

459 1615 642 1685 gionis
669 1615 938 1670 antistite.

533 1718 841 1788 Responsio.
907 1716 1113 1772 Exacta
1168 1715 1390 1788 quidem
1450 1716 1744 1787 disciplina
1796 1717 2048 1787 bigamos

464 1824 735 1864 coronare
767 1826 877 1864 non
910 1810 1062 1864 novit
1099 1827 1114 1864 :
1165 1824 1376 1880 magna:
1407 1789 1591 1865 autem
1623 1807 1881 1864 Ecclesize
1912 1825 2049 1863 con-

458 1903 694 1958 suetudo
717 1903 833 1957 haec
861 1917 970 1956 non
1002 1901 1282 1966 observat,
1306 1901 1399 1956 sed
1433 1900 1667 1972 bigamis
1686 1903 1850 1956 etiam
1884 1915 2050 1971 spon-

461 1997 673 2050 salitias
705 2010 944 2051 coronas
998 1995 1278 2064 imponit:
1319 2009 1418 2048 nec
1468 1995 1614 2049 ullus
1662 2009 1904 2064 unquam
1955 2010 2052 2066 per

460 2104 581 2145 eam
632 2103 856 2144 causam
913 2088 1201 2140 incusatus
1271 2093 1378 2140 est.
1433 2085 1666 2155 Ideoque
1717 2086 2048 2141 calumniam

458 2199 569 2239 non
626 2181 949 2237 formidabit
988 2182 1304 2252 quisquam,
1379 2180 1424 2236 si
1483 2181 1618 2237 tales
1675 2182 2050 2237 coronaverit.

457 2272 575 2329 Nisi
611 2275 756 2344 quod
809 2287 1016 2327 annum
1061 2287 1229 2326 unum
1277 2279 1371 2326 aut
1405 2272 1638 2327 alterum
1675 2287 1705 2326 a
1762 2287 2050 2329 sacrorum

459 2365 851 2435 mysteriorum
896 2362 1289 2419 communione
1351 2363 1526 2419 arceri
1577 2364 1814 2419 debeant
1865 2383 1879 2418 :
1947 2380 2052 2422 nec

457 2470 607 2519 eum,
661 2455 756 2525 qui
810 2457 1178 2524 precationem
1243 2456 1517 2526 concepit,
1576 2454 1742 2509 simul
1794 2470 1920 2510 cum
1981 2455 2052 2511 iis

459 2547 642 2602 cibum
675 2563 895 2604 sumere
923 2559 1173 2620 oporteat
1201 2549 1250 2605 ί.

527 2636 796 2710 lnterrog.
848 2639 934 2696 An
993 2641 1230 2710 puellam
1273 2647 1526 2711 Oporteat
1575 2638 1826 2708 accipere
1880 2639 2049 2694 alium

457 2727 661 2795 virum,
703 2743 828 2784 cum
872 2729 957 2784 vir
995 2729 1132 2799 ejus
1181 2738 1266 2784 est
1303 2731 1359 2783 in
1402 2734 1721 2783 extraneam
1770 2729 2049 2799 regionem

459 2818 761 2887 prolectus,
795 2820 978 2891 ibique
1010 2820 1376 2876 concubinam
1423 2827 1641 2886 nactus,
1701 2827 1756 2874 et
1800 2818 1918 2890 ipsa
1950 2818 2053 2874 viri

453 2910 694 2965 reditum
723 2913 898 2968 tribus
927 2912 1088 2968 annis
1119 2911 1480 2983 exspectavit.

527 3000 687 3072 Resp.
720 3002 824 3059 Hic
879 3005 1096 3075 quidem
1135 3021 1166 3060 a
1195 3004 1500 3060 concubina
1543 3004 1806 3073 discedet,
1859 3022 1962 3063 nec
1984 3006 2054 3063 ab

457 3109 631 3151 uxore
660 3096 1008 3166 separabitur
1042 3116 1056 3153 :
1093 3096 1190 3154 sed
1237 3113 1344 3153 nec
1384 3097 1503 3169 ipsa
1532 3097 1601 3152 ad
1651 3098 1789 3154 alias
1822 3097 2053 3154 festina~

455 3186 539 3284 bit
569 3189 808 3260 nuptias.
837 3187 1035 3244 Libera
1056 3192 1204 3245 enim
1253 3200 1358 3256 est,
1383 3198 1456 3284 Aut
1513 3191 1696 3263 inquit
1724 3191 2047 3264 Apostolus,
2075 3222 2122 3284 ρ

456 3279 579 3336 viro
616 3288 857 3348 mortuo,
895 3296 1003 3337 non
1034 3288 1218 3338 autem
1253 3296 1318 3337 eo
1345 3282 1580 3338 vivente.

531 3460 802 3534 Interrog.
888 3460 1078 3516 Puella
1132 3460 1382 3532 quaedam
1455 3462 1636 3517 virum
1702 3463 1933 3534 accepit,
1995 3475 2050 3522 et

460 3555 868 3626 sponsaliorum
922 3553 1067 3610 facta
1122 3561 1207 3610 est
1266 3554 1508 3624 precatio
1559 3563 1615 3610 et
1685 3555 2046 3614 benedictio:

459 3662 587 3702 cum
618 3647 860 3702 carnalis
883 3661 991 3702 non
1022 3645 1412 3702 intervenisset
1443 3646 1659 3717 copula,
1689 3647 1774 3702 vir
1806 3649 1861 3703 in
1892 3664 2049 3705 suam

461 3753 680 3793 socrum
737 3739 1024 3810 prolapsus
1069 3745 1186 3806 est,
1245 3739 1640 3812 gravidamque
1694 3739 1846 3796 fecit.
1897 3741 2042 3809 Quid

461 3829 772 3886 faciendum
799 3839 886 3887 est
913 3830 936 3885 ?

532 3921 691 3993 Resp.
747 3922 824 3978 De
891 3923 994 3979 hac
1051 3923 1234 3995 specie
1283 3929 1339 3980 et
1399 3923 1556 3995 prius
1613 3925 2045 3995 respondimus:

461 4031 606 4069 nunc
638 4023 818 4070 autem
851 4015 996 4084 quod
1033 4015 1296 4086 suppetit,
1350 4015 1808 4086 respondebimus
1840 4033 1855 4070 :
1882 4016 2049 4072 licere

461 4107 579 4161 viro
606 4122 762 4164 suam
800 4123 1029 4163 uxorem
1062 4107 1268 4162 habere
1299 4124 1314 4162 :
1344 4107 1440 4162 sed
1474 4107 1724 4179 procula
1765 4122 1925 4162 socru
1964 4123 2050 4162 re-

463 4199 794 4255 movendum
825 4215 970 4266 esse,
1007 4201 1078 4255 ob
1112 4201 1311 4256 malam
1345 4199 1822 4266 consuetudinem,
1849 4215 2048 4256 neam-

460 4291 607 4363 plius
637 4292 708 4348 ab
739 4306 803 4348 ea
830 4293 1162 4364 pelliciatur.

531 4489 800 4564 Interrog.
840 4490 900 4547 Si
935 4506 1046 4562 qua
1072 4489 1273 4546 mulier
1305 4500 1466 4563 partu
1522 4490 1695 4556 edito,
1737 4492 2044 4548 calumnie-

2157 608 2268 661 τῶν
2290 607 2348 674 ἐξ
2368 606 2761 679 ἀρῤενογονίας
2785 606 2986 678 δηλαδὴ
3015 609 3109 662 καλ⁸
3139 608 3488 680 θηλυγονίας,
3518 613 3731 684 ἑϐδόμου

2159 700 2218 765 ἐξ
2283 701 2600 771 ἀγχιστείας
2665 700 3098 770 μεσολαϐοῦντος
3148 701 3384 773 βαθμοῦ.
3463 705 3732 762 Ἐντεῦθεν

2157 791 2255 846 οὖν
2289 793 2514 863 γένηται
2540 793 2600 845 τὸ
2631 793 2876 847 τοιοῦτον
2909 795 3289 867 συνάλλαγμα,
3323 797 3420 848 καὶ
3475 796 3539 850 οὐ
3570 799 3734 851 κωλυ-

2159 883 2387 956 θήσεται
2423 884 2548 938 καθ’
2581 884 2675 948 οὓς
2713 885 2924 954 ἔφαμεν
2948 889 3207 958 τρόπους,
3235 886 3425 956 νόμοις
3457 887 3554 942 καὶ
3581 891 3733 943 κανό-

2158 993 2242 1029 σιν
2261 979 2356 1029 ἐπε
2368 978 2683 1048 ρειδόμενοι.
2707 980 2855 1049 Μηνὶ
2873 980 3254 1053 Σεπτεμϐρίῳ,
3281 983 3656 1054 ἑπινεμήσεως
3672 981 3731 1049 θ’,

2157 1065 2436 1132 Βασίλειος
2456 1072 2484 1122 ὁ
2513 1071 2772 1134 ταπεινὸς
2801 1071 3228 1144 Θεσσαλονίκης.

2295 1210 2569 1264 NlKHTA
2607 1211 3156 1266 ΜΗΤΡΟΠΟΛΙΤΟΥ
3186 1214 3604 1269 ΗΡΑΚΛΕΙΑΣ.

2196 1325 2581 1394 Ἀποκρίσεις’
2625 1328 2778 1396 πρὸς
2817 1329 3285 1385 Κωνσταντῖνον
3337 1331 3695 1386 ἐπίσκοπον.

2227 1435 2574 1506 Ἐρώτησις.
2609 1439 2750 1503 Τοὺς
2779 1441 2859 1503 εἰς
2887 1441 3142 1512 δεύτερον
3195 1442 3537 1497 συνοικέσιον
3587 1446 3730 1515 ἐρχο-

2157 1527 2352 1598 μένους
2389 1530 2435 1582 εί
2465 1530 2546 1583 δεῖ
2570 1529 2756 1585 λαϐεῖν
2785 1531 2884 1604 τὴν
2909 1532 3004 1587 τοῦ
3025 1533 3259 1606 διγάμου
3281 1535 3452 1606 εὐχὴν
3478 1537 3624 1609 παρά
3643 1537 3726 1590 τοῦ

2152 1620 2293 1674 κατά
2321 1621 2506 1692 χώραν
2535 1623 2858 1696 ἀρχιερέως.

2223 1708 2584 1778 Ἀπόκρισις.
2630 1711 2692 1765 'H
2725 1713 2824 1783 μὲν
2858 1713 3114 1786 ἀκρίϐεια
3157 1718 3284 1781 τοὺς
3334 1719 3605 1792 διγάμους
3641 1721 3727 1774 οὐκ

2153 1795 2259 1854 οἶδε
2284 1803 2606 1870 στεφανοῦν,
2631 1805 2665 1874 ἡ
2689 1804 2745 1858 δὲ
2766 1807 2822 1858 ἐν
2837 1808 3142 1880 τῇ¹μεγάλῃ
3159 1809 3462 1882 Ἐκκλησία
3489 1812 3726 1883 συνήθεια

2153 1892 2222 1946 τά
2250 1892 2478 1947 τοιαῦτα
2504 1895 2566 1946 οὐ
2613 1901 3016 1969 παρατηρεῖται
3043 1914 3058 1928 ·
3078 1899 3213 1953 ἀλλά
3234 1903 3331 1954 καὶ
3355 1905 3469 1966 τοῖς
3495 1894 3726 1972 διγάμοις

2152 1986 2278 2050 τοὺς
2305 1987 2612 2055 νυμφικοὺς
2645 1990 2945 2057 στεφάνους
2972 1992 3250 2061 ἐπιτίθησι
3271 2009 3286 2024 ’
3313 1995 3408 2046 καὶ
3443 1994 3621 2057 οὐδεὶς
3643 1997 3724 2047 οὐ·

2151 2077 2343 2132 δέποτε
2371 2078 2459 2133 διὰ
2488 2078 2645 2132 τοῦτο
2665 2081 2951 2154 ἐνεκλήθη.
2985 2082 3148 2138 Ὥστε
3197 2085 3322 2138 οὐδέ
3357 2103 3441 2150 τις
3504 2087 3727 2158 φοϐηθή-

2155 2191 2310 2228 σεται
2386 2176 2449 2228 τὸ
2511 2176 2811 2248 ἐπίκλημα,
2860 2180 2988 2243 τοὺς
3033 2182 3310 2245 τοιούτους
3363 2187 3722 2250 στεφανώσας.

2153 2266 2302 2338 Πλὴν
2331 2266 2642 2337 ὀφείλουσιν
2671 2268 2768 2322 ἕνα
2795 2270 2829 2342 ἢ
2856 2270 2949 2323 καὶ
2986 2269 3238 2342 δεύτερον
3265 2273 3520 2327 ἐνιαυτὸν
3574 2275 3726 2327 κωλυ-

2155 2357 2318 2428 θῆναι
2342 2360 2440 2428 τῆς
2465 2361 2574 2414 τῶν
2595 2359 2770 2428 ἁγίων
2821 2361 3140 2431 μυστηρίων
3194 2362 3556 2434 μεταλήψεως
3582 2381 3595 2394 ·
3642 2362 3723 2416 καὶ

2153 2452 2274 2506 οὐδὲ
2290 2451 2382 2507 τὸν
2406 2453 2832 2526 ίερολογήσαντα
2857 2455 2963 2527 χρὴ
2991 2453 3408 2527 συνεστιαθῆναι
3434 2456 3660 2519 τούτοις.

2239 2634 2357 2702 'Ep.
2394 2635 2458 2687 Εἰ
2485 2633 2568 2688 δεῖ
2592 2634 2764 2707 κόρην
2818 2634 3004 2689 λαϐεῖν
3029 2635 3216 2706 ἕτερον
3281 2634 3476 2706 ἄνδρα,
3524 2633 3614 2689 τοῦ
3644 2635 3725 2688 ἀν-

2152 2724 2278 2796 δρὸς
2297 2725 2470 2797 αὐτῆς
2499 2727 2816 2798 ἀπάραντος
2839 2728 2918 2791 είς
2943 2726 3251 2798 ἀλλοδαπὴν
3277 2726 3489 2798 χώραν,
3518 2729 3723 2781 κάκεῖσε

2155 2817 2441 2890 παλλακὴν
2487 2819 2861 2889 κτησαμένου,
2894 2820 2988 2872 καὶ
3027 2819 3198 2890 αὐτῆς
3245 2820 3723 2891 προσκαρτερησά-

2156 2927 2256 2982 σης
2294 2911 2393 2983 τὴν
2414 2911 2509 2964 τοῦ
2539 2913 2731 2982 ἀνδρὸς
2755 2913 2937 2983 ἄφιξιν
2975 2913 3199 2984 χρόνους
3228 2916 3401 2981 τρεῖς.

2227 3003 2360 3058 Ἀπ.
2407 3002 2466 3058 '0
2490 3005 2733 3066 τοιοῦτος
2755 3006 2854 3076 τῆς
2883 3005 2982 3076 μὲν
3019 3003 3304 3074 παλλακῆς
3345 3005 3720 3075 ἀποστήσεται,

2154 3096 2252 3168 τῆς
2273 3096 2332 3150 δὲ
2358 3098 2614 3166 γυναικὸς
2642 3098 2703 3150 οὐ
2767 3097 3192 3168 χωρισθήσεται.
3238 3096 3401 3150 Ἀλλά
3447 3097 3542 3150 καὶ
3600 3095 3723 3165 αῦτῆ

2156 3189 2293 3260 πρὸς
2314 3189 2502 3260 ἕτερον
2542 3188 2720 3261 γάμον
2745 3189 2846 3242 ούκ
2909 3190 3219 3243 ἀπονεύσει.
3287 3188 3578 3260 Ἐλευθέρα
3627 3189 3723 3258 γάρ

2151 3283 2298 3336 ἔστιν
2320 3283 2412 3352 (ὣς
2438 3300 2604 3354 φησιν
2619 3283 2648 3336 ὁ
2665 3283 3013 3356 Ἀπόστολος)
3035 3281 3394 3345 ἀποθανόντος
3407 3281 3500 3335 τοῦ
3524 3282 3722 3352 ἀνδρὸς,

2149 3374 2351 3440 ζῶντος
2374 3374 2453 3440 δὲ,
2483 3375 2586 3429 οὐκ
2617 3375 2720 3428 ἔτι.

2235 3469 2355 3536 Ἑρ.
2392 3468 2543 3540 Κόρη
2566 3484 2650 3532 τις
2675 3466 2968 3522 ἀνελάϐετο
3000 3466 3189 3537 ἄνδρα,
3219 3467 3311 3519 καὶ
3345 3465 3573 3536 γέγονεν
3604 3467 3721 3537 εὒχὴ

2153 3560 2449 3632 μνηστείας
2489 3562 2582 3614 καὶ
2610 3561 2906 3633 ίερολογία,
2935 3562 3066 3616 ἄνευ
3101 3559 3200 3630 τῆς
3247 3561 3572 3628 συναφείας.
3625 3543 3721 3614 Εἶθ’

2149 3656 2291 3710 οὕτω
2352 3657 2677 3728 περιέπεσεν
2722 3657 2750 3708 ὀ
2793 3655 2932 3727 ἀνὴρ
2985 3657 3064 3718 είς
3094 3654 3192 3726 τὴν
3222 3651 3388 3708 αὑτοῦ
3440 3653 3718 3725 πενθεράν,

2150 3751 2244 3804 καὶ
2281 3750 2660 3822 ὲνεγάστρωσε
2690 3751 2918 3819 ταύτην.
2942 3748 3008 3802 Τί
3037 3747 3118 3800 δεῖ
3148 3750 3362 3815 ποιεῖν;

2232 3930 2363 3985 Ἀπ.
2399 3928 2537 4000 Περὶ
2581 3927 2785 4000 ταύτης
2812 3928 2916 3999 τῆς
2952 3927 3263 3990 ὑποθέσεως
3318 3926 3418 3980 καὶ
3474 3927 3723 3998 πρότερον

2149 4020 2531 4093 ἀπεκρίθημεν
2565 4061 2580 4088 ,
2639 4022 2735 4076 καὶ
2777 4021 2872 4074 νῦν
2920 4020 2977 4073 δὲ
3038 4021 3099 4072 τὸ
3149 4020 3558 4090 παριστάμενον
3606 4021 3723 4088 ἡμῖν

2150 4112 2595 4184 ἀποκρινούμεθα
2624 4129 2638 4142 ·
2671 4114 2754 4166 ὅτι
2799 4111 2827 4164 ὁ
2853 4112 2994 4184 ἀνὴρ
3026 4111 3125 4182 τὴν
3154 4110 3349 4163 ἑαυτοῦ
3382 4111 3482 4180 μὲν
3508 4113 3723 4178 γυναῖκα

2150 4205 2294 4278 ἔχειν
2330 4206 2840 4278 συγχωρηθήσεται,
2871 4205 2970 4274 τῆς
2997 4205 3052 4257 δὲ
3084 4202 3354 4273 πενθερᾶς
3417 4203 3726 4274 μακρυνθή-

2150 4317 2324 4365 σεται,
2347 4299 2437 4352 διὰ
2461 4297 2557 4368 τὴν
2592 4296 2805 4368 φαύλην
2839 4295 3128 4366 συνήθειαν
3158 4311 3170 4324 ·
3207 4294 3294 4347 ἵνα
3328 4293 3406 4366 μὴ
3462 4295 3565 4348 ὑπὸ
3601 4293 3723 4347 ταὺ-

2149 4411 2246 4465 της
2269 4393 2364 4447 καὶ
2393 4391 2476 4446 ἔτι
2502 4392 2747 4463 ἕλκηται.

2234 4487 2346 4553 Ἑρ.
2409 4483 2537 4537 Ἐάν
2559 4499 2642 4547 τις
2688 4483 2828 4553 γυνὴ
2865 4479 3102 4536 τεκοῦσα
3173 4479 3420 4546 παιδίον,
3475 4477 3721 4546 διαϐάλλῃ

459 4595 553 4642 tur
589 4586 957 4650 sacerdotem,
1027 4583 1186 4656 quasi
1218 4599 1286 4639 ex
1337 4597 1405 4638 co
1438 4583 1734 4653 pepererit,
1801 4585 1930 4654 quid
1965 4585 2048 4648 fa-

2171 4577 2334 4649 ,epéa,
2370 4577 2446 4639 ὡς
2478 4576 2536 4642 ἐξ
2576 4575 2743 4630 αὐτοῦ
2783 4575 3018 4628 τεκοῦσα
3041 4573 3218 4640 τοῦτο,
3243 4576 3296 4628 τί
3336 4575 3418 4627 δεῖ
3457 4573 3718 4643 γενέσθαι,

459 4676 713 4734 ciendum
741 4677 788 4733 si
816 4675 1201 4747 probationum
1233 4675 1304 4730 sit
1325 4675 1508 4746 inopia
1530 4674 1554 4728 ‘I
1577 4689 1646 4728 an
1661 4675 2048 4746 jusjurandum

465 4768 744 4840 praestabit
779 4766 1000 4829 mulier,
1066 4775 1131 4821 ut
1191 4765 1454 4820 sacerdos
1501 4763 1806 4836 periculum
1848 4766 2050 4836 gradus

461 4857 657 4912 subeat
684 4857 707 4909 Ὶ

529 4949 689 5020 Resp.
711 4949 953 5004 Crimina
979 4964 1089 5004 non
1119 4963 1215 5018 per
1243 4945 1580 5002 calumniam
1602 4935 1640 4984 ἰι
1669 4955 1762 5000 aut
1793 4961 2055 5002 exsecra-

460 5041 664 5096 tionem
696 5038 1004 5103 diluuntur,
1036 5039 1131 5095 sed
1182 5038 1478 5108 inculpatae
1504 5037 1630 5092 vitae
1662 5037 1882 5092 testium
1917 5053 2048 5095 voce

453 5129 818 5200 jurejurando
892 5128 1216 5184 conﬁrmata
1272 5127 1725 5183 demonstrantur
1761 5135 1810 5182 '.
1874 5128 2048 5184 Mere-

459 5223 583 5277 trici
623 5229 807 5276 autem
855 5222 1005 5276 nulla
1035 5220 1174 5277 ﬁdes
1210 5209 1462 5276 lfabenda
1512 5238 1526 5274 :
1563 5219 1659 5275 sed
1706 5219 2049 5291 relinquatur

457 5320 720 5377 sacerdos
757 5318 968 5391 judicio
1011 5316 1129 5384 Dei,
1162 5316 1258 5386 qui
1304 5319 1488 5373 statim
1537 5316 1802 5372 ultionem
1848 5327 1934 5372 est
1961 5317 2046 5372 fa-

459 5423 674 5470 (ειιπιιε.

528 5505 797 5578 lnterrog.
852 5504 1030 5562 Vidua
1083 5502 1358 5576 quaedam,
1427 5515 1743 5574 germanam
1787 5501 2041 5570 babens,

2155 4670 2392 4739 ἀπορίας
2429 4668 2595 4742 οὔσης
2625 4667 2996 4734 ἀποδείξεωνς
3065 4667 3373 4721 Ἑκτελέσει
3430 4665 3522 4718 τὸν
3573 4666 3722 4734 ὅρκον

2153 4763 2188 4834 ἡ
2220 4762 2381 4832 γυνὴ,
2412 4761 2508 4816 καὶ
2537 4759 2868 4815 κινδυνεύσει
2899 4762 2978 4824 είς
3005 4760 3095 4812 τὸν
3135 4758 3345 4829 βαθμὸν
3383 4761 3412 4812 ὀ
3452 4757 3655 4830 ίερεύς;

2225 4942 2347 4996 Ἀπε.
2413 4941 2496 4994 Τὰ
2544 4940 2868 5012 ἐγκλήματα
2907 4942 2968 4994 οὐ
3025 4939 3114 4994 διὰ
3177 4939 3577 5008 συκοφαντικοῦ
3633 4938 3721 4992 καὶ

2153 5034 2358 5088 τελείου
2387 5034 2625 5100 λύονται,
2661 5035 2796 5088 ἀλλὰ
2821 5034 2911 5088 διὰ
2937 5034 3121 5104 φωνῆς
3152 5033 3446 5104 μαρτύρων
3480 5032 3722 5102 samem.

2155 5143 2263 5179 των
2281 5127 2429 5198 ὅρκῳ
2460 5127 2830 5197 πιστουμένης
2847 5127 3278 5180 ἀποδείκνυνται.
3318 5127 3398 5195 Τῇ
3451 5125 3506 5177 δὲ
3559 5125 3718 5196 πόρνῃ

2156 5216 2411 5288 οὐδαμῶς
2451 5219 2781 5287 προσεκτέον
2815 5233 2832 5250 ⁶
2867 5218 2984 5270 ἀλλ’
3009 5218 3190 5271 ὲάσθω
3225 5219 3254 5270 ὁ
3307 5219 3488 5288 ἱερεὺς
3529 5219 3592 5287 τῇ
3633 5214 3718 5267 τοῦ

2156 5307 2292 5362 Θεοῦ
2346 5309 2549 5381 κρίσει,
2615 5310 2713 5363 καὶ
2754 5310 2918 5374 αὐτὸς
2968 5312 3183 5382 ποιήσει
3237 5309 3336 5382 τὴν
3371 5309 3642 5380 ἐκδίκησιν
3668 5310 3720 5361 ἐν

2155 5401 2332 5472 τάχεα

2229 5496 2350 5566 Ἑρ.
2384 5495 2523 5567 Γυνή
2552 5511 2634 5558 τις
2657 5495 2826 5566 χήρα,
2847 5493 3050 5566 ἔχουσα
3079 5492 3424 5564 αὑταδέλφην
3469 5493 3717 5548 τεκοῦσαν

1745 5682 1982 5740 VARUE
2009 5680 2417 5740 LECTIONES.

527 5833 549 5862 ι
583 5819 1375 5898 humilisepiscopus_TItessnt.
1455 5821 1476 5860 ί
1520 5822 1754 5898 nuptiali
1787 5839 1969 5878 eorum
2001 5824 2234 5880 convivio
2273 5823 2541 5898 interesse.
2619 5828 2648 5856 ιι
2674 5836 2776 5874 non
2818 5835 2912 5889 per
2943 5817 3309 5888 juramentum
3354 5816 3421 5871 de
3443 5815 3713 5872 calumnia.

455 5909 618 5954 usque
666 5910 756 5948 ver
776 5894 1075 5950 absolutum
1105 5893 1482 5954 iuramentum.
1562 5904 1586 5933 ν
1620 5896 1935 5962 probantur.
