3950 6578
204 422 316 486 937

1460 415 1504 475 G
1518 415 1562 475 Il
1575 415 1636 474 ΚΕ
1647 409 2172 472 CO-ROMANUM.

3367 405 3472 471 938

202 537 304 594 δύο
356 538 557 602 παῖδας
599 537 858 610 άρῤενας.
925 536 1148 606 γέγονεν
1202 535 1458 606 ἀνάδοχος
1532 533 1642 589 ἀπὸ
1697 534 1791 585 του

1916 545 2018 600 pne
2061 528 2271 598 peperit
2309 525 2448 580 duos
2497 525 2638 582 nlios
2692 538 2893 591 mares,
2932 541 2996 582 es
3057 537 3246 585 sancto
3303 530 3476 603 hapii.

207 631 368 697 ἁγίου
415 630 792 702 βαπτίσματος
814 629 1230 684 Κωνσταντίνου
1272 627 1623 701 στρατιώτου.
1666 631 1794 684 Πει-

209 725 376 794 ρᾶται
401 722 537 792 γοῦν
571 722 825 794 ήάδελφὴ
864 725 960 792 τῆς
986 725 1158 794 χήρας
1187 723 1398 794 Μαρία,
1429 721 1792 778 ἀναλαϐέσθαι

205 819 286 880 εἰς
313 816 414 872 ἕνα
449 817 556 870 τῶν
587 815 786 886 ἑαυτῆς
833 815 963 869 υίῶν
1010 815 1287 885 θυγατέρα
1353 815 1446 869 τοῦ
1504 816 1794 869 Κωνστανο

205 927 235 962 τ
246 910 382 964 ίνου.

281 1003 406 1057 Ἀπ.
439 1003 513 1056 Ού
537 1001 877 1075 κωλύεταιή
928 1003 1118 1076 Μαρία
1170 1003 1447 1073 θυγατέρα
1506 1002 1596 1056 τοῦ
1640 1003 1792 1056 Κων-

207 1095 521 1163 σταντίνου,
573 1095 633 1149 δν
699 1097 733 1166 ἡ
771 1096 1078 1167 αὐταδέλφη
1139 1096 1309 1166 αὐτῆς
1345 1095 1452 1148 ἀπὺ
1491 1095 1587 1149 τοῦ
1637 1097 1793 1164 ἁγίου

205 1185 592 1258 βαπτίσματος
643 1187 952 1253 ἀνεδέξατο,
1016 1187 1116 1260 υἱῷ
1160 1187 1333 1259 αὐτῆς
1377 1188 1654 1260 ἁρμόσαιο
1703 1191 1795 1242 καὶ

205 1279 454 1346 γενέσθω
475 1280 538 1334 τὸ
562 1280 804 1336 τοιοῦτον
838 1282 1216 1354 συνάλλαγμα.

288 1371 414 1441 ’Ep.
446 1373 508 1426 Et
539 1373 630 1427 τὸν
679 1375 745 1427 ἐκ
797 1373 1046 1447 διγάμων
1097 1375 1362 1446 τεχθέντα
1408 1375 1489 1430 δεῖ
1545 1375 1795 1446 γενέσθαι

205 1466 390 1537 ἱερέα.

273 1559 415 1614 Ἀπ.
451 1559 509 1614 '0
564 1560 628 1614 ἐκ
672 1559 918 1632 διγάμων
969 1560 1004 1632 ἢ
1037 1559 1322 1633 τριγάμων
1364 1563 1397 1634 ἢ
1461 1561 1798 1632 πολυγάμων

199 1651 556 1722 ἀποτεχθεὶς,
587 1652 684 1707 ἐὰν
710 1653 801 1707 τὸν
824 1655 1026 1708 οἰκεῖον
1059 1653 1176 1724 βίον
1203 1653 1385 1718 καλῶς
1424 1652 1677 1726 διεξάγῃ,
1733 1653 1795 1706 ού

197 1743 480 1798 κωλύεται
511 1745 833 1819 ίερωθῆναι.
891 1746 965 1800 Οὐ
998 1745 1104 1818 γὰρ
1156 1746 1652 1818 προκριματίζεται
1707 1745 1796 1800 διὰ

196 1835 336 1901 τοὺς
363 1839 566 1906 γονεῖς.

225 1970 649 2025 ΔΗΜΗΤΡῙΟΥ
688 1972 828 2025 ΤΟΥ
858 1973 1394 2040 ΧΩΜΑἹῊΝΟΥιη,
1452 1973 1765 2029 ΑΡΧΙΕΠΙ-

629 2043 912 2098 ΣΚΟΠΟΥ
939 2044 1391 2101 ΒΟΥΛΓΑΡΙΑΣ.

480 2159 562 2216 Λ’.
629 2161 771 2230 Περὶ
816 2159 1071 2232 βαθμῶν
1137 2160 1517 2232 συγγενείας.

285 2272 351 2328 ’0
382 2272 486 2344 μὲν
519 2274 698 2343 λόγος,
723 2274 783 2328 δν
802 2275 1010 2347 ᾐτήσω,
1032 2275 1166 2346 ἡμῖν
1191 2274 1489 2344 τιμιώτατε
1540 2277 1799 2342 δέσποτα,

195 2363 300 2416 καὶ
334 2363 446 2417 τῶν
474 2364 692 2434 ἀληθῶν
717 2364 1038 2436 προσγενῶν
1064 2365 1132 2418 τὰ
1191 2365 1312 2419 λίαν
1349 2365 1689 2436 ύπερέχοντά
1739 2383 1796 2420 τε

199 2455 305 2510 καὶ
348 2457 643 2527 κράτιστα,
678 2456 872 2511 οὔκουν
909 2456 1089 2528 ῥᾴδιος
1117 2457 1238 2510 οὐδὲ
1286 2457 1536 2529 εὐχερὴς,
1602 2457 1801 2527 μᾶλλον

196 2548 258 2601 δὲ
286 2548 492 2619 πολλῆς
517 2548 774 2618 δεόμενος
838 2549 937 2621 τῆς
964 2549 1419 2620 ὲπιστημονικῆς,
1447 2550 1510 2602 ὲκ
1542 2550 1649 2604 τῶν
1705 2551 1798 2604 τοῦ

197 2642 378 2712 νόμου
411 2642 796 2714 ἀκριϐασμῶν,
840 2643 936 2698 καὶ
966 2644 1184 2715 πείρας.
1244 2643 1336 2697 rat
1381 2641 1661 2712 γνώσεως,
1723 2645 1802 2709 είς

197 2732 487 2804 τηλεφανῆ
555 2731 744 2786 τούτου
774 2733 1071 2804 σαφήνειαν
1113 2733 1206 2784 καὶ
1237 2731 1600 2803 παράστασιν,
1628 2731 1714 2784 διὰ
1743 2731 1802 2785 τδ

200 2823 332 2878 κατ’
362 2824 526 2878 αὐτὸν
548 2824 792 2878 ποικίλον
818 2841 881 2878 τε
938 2826 1035 2880 καὶ
1080 2823 1418 2895 πολυσχιδές.
1468 2823 1659 2877 Ἔνθεν
1711 2829 1804 2880 καὶ

200 2916 590 2988 ἀνεϐαλλόμην
627 2917 697 2971 τά
732 2917 962 2973 πλεῖστα
993 2918 1128 2991 πρὸς
1156 2917 1216 2971 τὸ
1253 2917 1586 2989 ἐγχείρημα.
1650 2916 1805 2972 Ἑπεὶ

200 3011 262 3064 δὲ
301 3011 565 3077 καθάπαξ
590 3011 838 3080 γίνεσθαί
880 3010 1264 3082 σοεπειθήνιοι
1295 3015 1352 3065 ἐν
1407 3011 1621 3075 ἑαυτοῖς
1679 3014 1804 3066 ἐκυ-

205 3104 498 3175 οὼσαμεν,
562 3104 652 3159 διά
703 3120 762 3157 τε
807 3103 870 3157 τὸ
928 3107 1026 3175 τῆς
1086 3105 1420 3177 συγγενικῆς
1473 3105 1804 3177 οἰκειότητος

1895 633 2070 680 smatc
2109 620 2527 676 Constantinum
2554 621 2780 678 militem
2811 623 3070 694 suscepit.
3103 623 3274 680 Maria
3303 627 3477 684 vidum

1899 731 2057 772 soror
2129 718 2220 770 uni
2283 715 2516 770 ﬁliorum
2594 725 2826 772 conatur
2903 715 3066 772 ﬁliam
3125 717 3475 777 Constantini

1898 810 2095 880 nuptui
2133 810 2400 878 accipere.

1973 989 2132 1059 Resp.
2166 988 2282 1045 Non
2336 991 2658 1062 prohibetur
2695 993 2862 1050 Maria
2905 997 3068 1052 tiliam
3105 997 3477 1066 Constantini,

1900 1098 2061 1152 quem
2095 1083 2214 1154 ejus
2262 1100 2521 1155 germana
2571 1101 2602 1142 e
2649 1101 2810 1144 sacro
2866 1088 3189 1160 baptismate
3233 1095 3477 1162 sustulit,

1903 1175 2014 1232 tilio
2045 1194 2144 1233 suo
2170 1180 2530 1253 co:-jnngere,
2589 1191 2643 1238 et
2673 1183 2766 1240 iiat
2794 1183 3104 1256 hujusmodi
3135 1198 3476 1248 contractus.

1974 1358 2354 1433 Interrogatio.
2379 1364 2457 1418 An
2478 1365 2669 1435 possit,
2701 1366 2795 1439 qui
2829 1377 2990 1425 natus
3013 1379 3094 1427 cst
3133 1387 3197 1428 ex
3223 1372 3479 1446 bigamis,

1901 1453 2158 1508 sacerdos
2189 1453 2322 1508 fieri.

1973 1545 2128 1614 Resp.
2163 1547 2264 1614 Qui
2300 1565 2332 1602 ιι
2357 1548 2610 1618 higamis,
2637 1560 2731 1607 aut
2755 1553 3028 1626 trigamis,
3065 1558 3146 1613 vel
3175 1559 3481 1634 polygamis

1899 1638 2224 1709 parentibus
2256 1651 2578 1711 procreatus
2609 1653 2715 1713 est,
2745 1646 2789 1701 si
2820 1648 2985 1702 vitam
3021 1649 3307 1708 honestam
3335 1665 3480 1726 agat,

1903 1743 2012 1783 non
2071 1729 2396 1799 prohibetur
2445 1733 2756 1790 consecrari
2798 1747 2866 1804 1I;
2927 1748 3182 1808 parentes
3249 1743 3398 1799 enim
3428 1745 3484 1800 ei

1903 1835 2012 1875 non
2043 1820 2401 1891 praejudicant
2435 1826 2504 1880 ι’.

1975 1953 2304 2012 DEMETRII
2335 1948 2738 2016 CHOMATENI
2785 1973 2834 2028 γ,
2889 1963 3417 2027 ARCHIEPISGOPI

2485 2031 2892 2090 BULGARUE.

2247 2143 2291 2198 Ι.
2351 2144 2428 2200 De
2481 2147 2732 2216 gradibus
2788 2152 3140 2220 cognationis.

1977 2255 2138 2314 Ratio
2193 2259 2439 2331 quidem,
2498 2278 2662 2333 quam
2733 2265 2966 2336 petiisti,
3029 2269 3488 2329 reverendissime

1905 2348 2148 2418 domine,
2199 2361 2253 2407 et
2304 2353 2446 2408 inter
2472 2369 2630 2411 veros
2672 2365 2938 2427 cognatos
2973 2359 3028 2414 in
3067 2361 3260 2430 primis
3289 2363 3490 2420 eximie

1913 2451 1966 2499 et
2001 2445 2228 2516 optime,
2273 2461 2382 2501 non
2415 2447 2614 2514 facilis,
2664 2465 2766 2506 nec
2815 2452 3088 2523 expedita,
3123 2453 3216 2510 sed
3261 2471 3326 2511 ex
3363 2457 3492 2512 dili-

1906 2537 2055 2607 genti
2083 2538 2264 2610 legum
2299 2543 2761 2611 perscrutatione,
2811 2547 3170 2615 experientia,
3205 2558 3260 2602 et
3300 2551 3493 2620 cogni-

1908 2630 2074 2699 tione,
2113 2631 2182 2687 ad
2238 2631 2535 2690 dilucidam
2585 2639 3036 2708 perspicuitatem
3092 2648 3148 2698 et
3199 2642 3494 2700 exhibitio-

1908 2737 2029 2776 nem
2066 2732 2113 2789 ι,
2177 2725 2406 2782 multam
2444 2728 3003 2799 potiussclentiam,
3060 2744 3286 2804 propter
3337 2749 3492 2791 suam

1907 2815 2228 2873 varietatem
2299 2828 2353 2875 et
2397 2821 2877 2894 multiplicitatem,
2930 2827 3179 2898 requirit.
3224 2825 3380 2883 Unde
3414 2827 3496 2884 fa-

1909 2913 2158 2971 ctum,ut
2185 2925 2294 2963 rem
2345 2913 2564 2983 aggredi
2589 2913 2681 2970 diu
2715 2916 3041 2973 distulerim.
3064 2917 3170 2974 Sed
3204 2928 3494 2990 postquam

1911 2999 2007 3054 tibi
2054 3001 2423 3074 obsequentes
2461 3022 2585 3063 esse
2635 3011 2804 3065 semel
2861 3012 3022 3068 nobis
3079 3014 3492 3084 proposuimus,

1909 3109 2032 3148 cum
2097 3105 2320 3168 propter
2367 3099 2798 3157 inescusabilem
2849 3105 3194 3175 cognationis
3273 3110 3498 3180 propin-

201 3200 622 3269 ἀπαραίτητον,
679 3199 774 3253 καὶ
798 3198 885 3252 διὰ
932 3198 1030 3270 τὴν
1081 3198 1232 3254 θείαν
1285 3199 1528 3270 ἐντολὴν,
1589 3199 1688 3271 τὴν
1727 3199 1801 3269 τῷ

1916 3185 2200 3255 quitatem,
2255 3199 2368 3244 tum
2437 3193 2508 3247 ob
2559 3191 2804 3249 divinam
2871 3197 3316 3268 praeceptionem,
3373 3217 3494 3273 quae

205 3291 466 3345 αἰτοῦντι
525 3292 630 3345 πᾶν
691 3289 872 3346 ὁτιοῦν
926 3291 1341 3346 διακελεύουσαν
1379 3291 1687 3347 ³⁷’τούτου
1745 3291 1801 3359 δὴ

1916 3279 2133 3348 quidvis
2184 3283 2391 3350 petenti
2425 3282 2558 3341 dare
2612 3286 2768 3357 jubet
2819 3263 2984 3346 :hac
3034 3263 3166 3348 sane
3219 3263 3496 3354 deica'nsa

203 3385 377 3440 ῑνεκα
417 3383 494 3456 τῷ
521 3383 675 3455 λόγῳ
691 3382 786 3438 τοῦ
813 3383 948 3438 Θεοῦ
985 3384 1384 3457 θαρρήσαντες,
1416 3384 1496 3456 τῷ
1542 3385 1638 3439 καὶ
1699 3387 1811 3450 ταῖς

203 3479 440 3547 ἀσόφοις
456 3480 552 3532 καὶ
580 3481 966 3551 ἀγραμμάτοις
1003 3479 1220 3533 σύνεσιν
1249 3481 1344 3533 κα)⁸
1379 3480 1572 3551 σοφίαν
1591 3480 1806 3533 τελείαν

205 3575 534 3645 παρέχοντι,
572 3576 668 3628 καὶ
697 3573 854 3643 λόγον
882 3577 939 3628 ὲν
973 3573 1172 3640 ἀνοίξει
1200 3573 1295 3628 τοῦ
1351 3575 1640 3646 στόματος,
1711 3575 1810 3626 οὐκ

202 3664 750 3734 ἀποδυσχεραίνομεν
781 3663 918 3734 πρὸς
951 3663 1011 3717 τὸ
1037 3664 1251 3734 αἴτημα
1281 3680 1294 3694 υ
1351 3663 1538 3732 σαφῶς
1600 3662 1798 3724 εἰδότες

202 3756 285 3820 ὡς
317 3756 493 3826 εἴπερ
523 3773 606 3819 τις
655 3757 800 3827 ἡμᾶς
833 3754 1076 3825 ἀμαθίας
1097 3757 1190 3809 καὶ
1217 3755 1420 3826 τόλμης
1451 3753 1807 3825 ἐγγράψαιτο,

204 3842 296 3897 διὰ
327 3844 390 3896 τὸ
417 3846 518 3913 τῆς
545 3843 745 3911 λέξεως
768 3844 904 3916 όμοῦ
947 3845 1203 3910 ἀκαλλὲς,
1230 3846 1324 3898 καὶ
1359 3844 1459 3915 τῆς
1497 3846 1702 3908 ἐννοίας
1749 3845 1812 3898 τὸ

207 3935 428 4002 ἀτελὲς,
457 3937 799 4008 συγγνώμων
835 3937 990 4002 αὖθις
1048 3938 1202 3992 ἔσται
1257 3937 1514 4009 ἡμῖν,ὼς
1557 3940 1658 3992 οὐκ
1713 3938 1808 4006 ἀφ’

207 4029 430 4084 ἑαυτῶν
459 4029 750 4102 ὁρμηθεῖσι
777 4030 913 4102 πρὸς
941 4029 1002 4084 τὸ
1033 4029 1366 4102 ἐγχείρημα,
1394 4029 1532 4084 ἀλλὰ
1588 4030 1649 4083 τὸ
1705 4030 1804 4099 τῆς

206 4122 557 4192 ἀκραιφνοῦς
606 4123 931 4192 συγγενείας
975 4123 1070 4176 καὶ
1120 4121 1454 4194 εἰλικρινοῦς
1514 4119 1807 4184 διαθέσεως

208 4215 660 4286 εἰσπράττουσιν.
721 4213 862 4268 Ἀλλ’
892 4217 948 4268 ὲν
975 4215 1182 4278 τούτοις
1220 4215 1320 4285 μὲν
1371 4214 1431 4266 τὺ
1482 4213 1641 4283 λόγου
1673 4229 1807 4284 προ·

207 4309 419 4376 σίμιον.
467 4307 725 4378 Ἀρκτέον
742 4307 800 4362 δὲ
829 4305 898 4360 τά
921 4309 1016 4378 τῆς
1041 4309 1312 4378 αἰτήσεως
1343 4305 1537 4370 οὓτωςο
1580 4305 1808 4376 Ἠθέλη-

213 4417 317 4464 σας
353 4399 548 4470 μαθεῖν
577 4399 638 4464 ἐξ
671 4399 852 4471 ἡμῶν,
875 4400 1026 4464 ὅπως
1051 4416 1110 4452 τε
1143 4398 1214 4453 τὰ
1237 4398 1333 4452 τοῦ
1366 4399 1559 4468 γένους
1607 4399 1806 4469 βαθμι-

210 4493 442 4548 δοῦνται
483 4492 778 4563 πρόσωπα,
805 4491 898 4545 καὶ
919 4491 1041 4547 τίνα
1074 4490 1173 4562 μὲν
1197 4492 1261 4544 ὲκ
1279 4490 1488 4546 τούτων
1515 4491 1654 4562 πρὸς
1695 4507 1808 4544 κοι-

1914 3372 2254 3430 conﬁdentes
2287 3377 2455 3434 verbo
2491 3378 2604 3444 Dei,
2637 3381 2728 3452 qui
2760 3390 2814 3436 et
2853 3382 3238 3455 insipientibus
3271 3394 3327 3444 et
3355 3387 3494 3445 illit-

1915 3469 2109 3523 tcratis
2189 3469 2628 3543 intelligentiam,
2686 3475 3094 3550 perfectamque
3171 3481 3497 3553 sapientiam

1913 3563 2142 3633 prmbet.
2190 3574 2244 3620 et
2293 3565 2348 3620 in
2387 3567 2502 3622 oris
2538 3582 2796 3638 apertura
2853 3587 3183 3640 sermonem,
3222 3575 3289 3630 ad
3341 3584 3494 3634 tuam

1914 3655 2230 3724 petitionem
2283 3673 2392 3714 non
2452 3658 2772 3717 bmsitamus
2803 3672 2830 3703 α
2873 3679 2887 3717 :
2922 3673 3108 3734 aperte
3153 3665 3412 3735 scientes,
3449 3669 3496 3725 si

1915 3749 2039 3819 quis
2069 3749 2137 3804 ob
2165 3751 2499 3808 elocutionis
2531 3753 2941 3810 deformitatem
2978 3755 3141 3812 simul
3181 3767 3235 3815 et
3267 3761 3500 3817 medita-

1914 3838 2120 3894 tionem
2155 3839 2529 3912 imperfectam
2561 3860 2662 3901 nos
2694 3845 2982 3916 imperitiae
3019 3848 3370 3923 audaciaeque
3399 3869 3500 3909 ac-

1914 3939 2091 3992 cuset,
2134 3932 2250 3986 vice
2276 3947 2432 3990 versa
2463 3934 2622 3990 nobis
2655 3937 2869 3992 veniam
2904 3936 3183 4006 daturum,
3209 3941 3353 4011 quod
3384 3959 3498 3999 non

1915 4039 1943 4077 a
1976 4024 2134 4078 nobis
2164 4024 2297 4094 ipsis
2331 4022 2399 4078 ad
2447 4024 2594 4081 hunc
2633 4035 2888 4082 conatum
2920 4028 3133 4085 incitati
3174 4031 3368 4099 simus,
3399 4033 3496 4091 sed

1915 4126 2084 4171 arctae
2133 4117 2482 4189 cognationis
2542 4119 2856 4192 sincerique
2894 4120 3125 4179 alTectus
3171 4140 3496 4198 peragamus

1914 4209 2176 4264 cilicium.
2213 4207 2318 4265 Sed
2353 4209 2408 4266 in
2462 4211 2547 4267 his
2580 4211 2798 4282 quidem
2838 4215 3104 4271 orationis
3143 4221 3494 4287 prommium.

1915 4299 2071 4368 Quod
2128 4309 2311 4358 autem
2366 4304 2430 4358 ad
2486 4304 2804 4376 petitionem
2864 4307 3079 4375 attinet,
3136 4307 3355 4364 initium
3414 4311 3496 4366 sic

1915 4395 2243 4450 sumendum
2275 4405 2359 4452 est
2401 4413 2416 4452 :
2448 4399 2660 4454 discere
2687 4399 2771 4455 vis
2804 4416 2833 4455 a
2864 4401 3043 4469 nobis,
3069 4417 3306 4474 quonam
3333 4405 3497 4461 modo

1913 4502 2012 4558 per
2043 4489 2246 4558 gradus
2282 4500 2652 4548 numerentur
2675 4494 2897 4565 generis
2942 4509 3212 4564 personas,
3243 4510 3494 4567 quaenam

213 4587 420 4642 νωνίαν
444 4584 626 4656 γάμου
691 4581 1016 4646 κωλύονται,
1078 4583 1201 4636 τίνα
1251 4583 1309 4637 δὲ
1367 4578 1523 4647 αὖθις
1549 4599 1801 4653 παραχω⁴

1916 4581 2082 4636 exiis
2129 4581 2196 4636 ad
2247 4584 2561 4654 nuptiarum
2608 4585 3007 4663 prohibeantur
3053 4589 3396 4655 societatem,
3439 4599 3496 4645 et

213 4679 444 4753 ροῦνται
466 4677 856 4743 συνάπτεσθαι,
887 4676 962 4740 ὡς
984 4676 1375 4748 ἀνεπιτίμητα.
1405 4676 1514 4729 Καὶ
1547 4675 1611 4748 δὴ
1665 4675 1808 4729 κατά

211 4773 320 4841 τὴν
376 4769 604 4825 ἐνοῦσαν
648 4770 784 4841 ἡμῖν
827 4769 1030 4838 γνῶσιν
1076 4769 1171 4823 καὶ
1235 4773 1452 4840 πεῖραν,
1506 4768 1600 4822 τοῦ
1669 4765 1806 4821 Θεοῦ

211 4864 454 4927 δΜντος
486 4864 663 4934 ἰσχὺν,
704 4865 768 4917 ὲκ
806 4862 918 4916 τῶν
941 4863 1180 4934 νομικῶν
1221 4862 1460 4932 ὲδαφίων
1497 4862 1566 4916 τά
1617 4861 1810 4932 λεχθη-

215 4957 429 5027 σόμενα
448 4955 862 5027 ἀναλεγόμενοι,
921 4954 1094 5008 ταῦτα
1145 4952 1319 5018 οὕτως
1348 4953 1755 5026 ἀποκρινόμεθα
1791 4970 1806 4984 υ

225 5050 296 5104 Ἠ
345 5049 440 5103 τοῦ
467 5050 657 5119 γένους
688 5050 847 5120 σειρά
873 5048 1020 5119 τρισὶ
1046 5048 1352 5119 συνείρεται
1395 5047 1603 5111 τάξεσι,
1634 5049 1700 5115 τῇ
1744 5062 1803 5098 τε

211 5143 330 5198 τῶν
363 5141 625 5196 ἀνιόντων
653 5140 921 5212 δηλονότι,
943 5139 1051 5193 τῶν
1082 5139 1398 5202 κατιόντων,
1443 5138 1540 5191 καὶ
1581 5138 1688 5192 τῶν
1739 5139 1804 5190 ὲκ

216 5235 480 5306 πλαγίου.
550 5235 818 5298 ’Δνιόντες
877 5233 935 5288 δέ
982 5235 1144 5299 εἰσιν,
1195 5232 1251 5286 οἵ
1295 5249 1355 5285 τε
1413 5232 1590 5299 γονεῖς
1614 5231 1706 5286 καὶ
1753 5231 1802 5284 oi

215 5331 442 5386 πάπποι
473 5326 568 5380 καὶ
596 5325 648 5380 οι
679 5325 1004 5396 πρόπαπποι
1033 5342 1046 5358 ο
1068 5325 1352 5388 κατιόντες
1383 5324 1461 5390 δὲ,
1506 5325 1554 5377 oi
1590 5323 1802 5387 παῖδες,

218 5426 319 5480 καὶ
350 5425 400 5477 οί
430 5419 493 5489 ἐξ
512 5418 694 5478 αὐτῶν
721 5417 1034 5490 τικτόμενοι
1054 5418 1266 5486 ἔκγονοι
1327 5419 1422 5472 καὶ
1472 5418 1799 5488 δισέκγονοι,

1913 4688 2035 4744 quae
2066 4689 2261 4731 rursus
2288 4677 2546 4750 conjungi
2580 4685 2734 4734 extra
2759 4678 3242 4749 reprehensionem
3266 4681 3494 4751 permit-

1910 4776 2120 4822 tantur.
2170 4767 2357 4840 itaque
2407 4769 2713 4826 secundum
2757 4785 2902 4836 eam,
2939 4785 3060 4841 qua:
3113 4771 3275 4828 nobis
3324 4773 3495 4839 inest,

1911 4857 2284 4927 cognitionem
2313 4867 2366 4914 et
2395 4859 2812 4930 experientiam,
2840 4859 2949 4917 Deo
2973 4869 3298 4934 suggerente
3326 4863 3496 4930 vires,

1914 4963 1981 5003 es
2035 4949 2302 5020 legalibus
2337 4951 2732 5019 fundamentis,
2781 4969 2904 5025 quae
2948 4953 3180 5011 dicenda
3213 4964 3365 5022 sunt,
3399 4957 3498 5016 de-

1915 5050 2247 5112 ccrpentes;
2303 5045 2420 5101 haec
2461 5045 2861 5117 respondemus
2899 5048 2967 5105 ad
3023 5049 3174 5106 hunc
3223 5049 3493 5107 modum:

1907 5133 2266 5205 Coguationis
2290 5137 2567 5193 vinculum
2594 5139 2775 5196 tribus
2799 5140 3154 5214 coniungitur
3179 5142 3496 5210 ordinibus,

1908 5229 2328 5286 ascendentium
2371 5231 2647 5302 videlicet,
2676 5235 3152 5304 descendentium,
3181 5247 3238 5294 et
3276 5252 3497 5324 eorum,

1910 5322 2008 5392 qui
2067 5331 2196 5378 sunt
2259 5339 2288 5378 a
2344 5325 2535 5383 latere.
2585 5328 2960 5386 Ascendentes
3014 5340 3145 5386 sunt
3189 5322 3492 5402 genitores,

1911 5418 2107 5487 avique
2180 5428 2233 5473 et
2271 5421 2510 5489 proavi;
2554 5422 2952 5478 descendentes
3007 5430 3216 5490 autem,
3271 5421 3391 5487 lilii,
3444 5431 3500 5478 ct

1519 5560 1605 5614 VA
1616 5560 1753 5615 RUE
1796 5561 2089 5619 LECTION
2099 5562 2203 5620 ES.

293 5709 340 5742 "
372 5704 788 5778 Χωματειανοῦ,
866 5705 912 5737 ⁸⁷
947 5705 1054 5757 πᾶν
1075 5703 1104 5756 ὅ
1131 5721 1182 5757 τι
1200 5703 1294 5756 οὖν
1313 5703 1496 5757 δοῦναι
1533 5705 1740 5762 διακελ.

295 5834 331 5898 ιν
363 5822 610 5877 sacerdos
635 5819 899 5898 ordinari.
971 5821 1020 5860 ι’
1043 5835 1166 5898 nam
1188 5829 1464 5898 parentum
1515 5835 1679 5898 causa
1715 5823 1924 5880 nullum
1954 5825 2330 5898 prwjudicium
2375 5821 2621 5882 sustinet.
2697 5831 2728 5874 7
2785 5819 3150 5878 Chomatiant.
3224 5829 3250 5862 τ
3311 5825 3497 5880 decla-

569 5904 596 5932 ι
626 5889 768 5945 haud
797 5900 1010 5960 gravate
1057 5891 1364 5958 petitionem
1397 5891 1749 5952 admittimus.

553 5989 825 6050 PATROL.
871 5987 992 6050 Gn.
1022 5985 1243 6050 CXIX.

228 5897 493 5953 rationem

3031 5980 3105 6049 30
