3798 6568
454 357 582 424 595.3

1785 356 1922 420 JUS
1945 356 2044 417 ΟΛ]

2154 351 2392 414 NICUM
3566 366 3654 431 '91!

458 470 685 528 obnoxii
710 482 836 527 sunt
864 485 1008 539 ;non
1031 470 1175 527 enim
1196 469 1477 541 judicatur
1496 469 1720 527 illlcitns
1737 467 2044 542 hujusmodi

2157 467 2324 520 πᾶσιν
2366 463 2693 536 ἐγνώρισαν.
2739 463 2897 528 Beloc
2949 462 3059 535 γὰρ
3110 463 3214 518 ’καὶ
3258 462 3476 534 ἀνεψιὸς,
3519 475 3653 544 τρίτου

459 571 801 629 contractus,
839 563 986 633 quod
1032 562 1098 617 ad
1139 570 1353 618 sextum
1391 563 1618 634 gradum
1652 563 1897 619 externis
1926 576 2050 633 por-

457 655 690 726 rigatur.
752 653 940 726 Neque
995 653 1184 710 eadem
1244 651 1476 708 fratrum
1529 655 1879 724 proximitas,
1925 667 2049 725 quae

458 752 637 819 patrui
686 750 1010 806 avunculive
1063 765 1185 804 cum
1244 747 1434 807 fratris
1485 749 1762 804 sororisve
1808 747 1944 810 filio,
1990 755 2048 802 et

384 836 388 840 ’
458 843 773 898 consobrini
803 844 1147 913 aliorumque
1168 851 1548 914 cegnatorum.
1575 840 1680 897 Sed
1703 856 1767 898 ex
1791 855 1903 896 uno
1921 841 2046 910 qui-

358 925 384 944 ”
461 933 779 990 dem'fonte
834 933 995 1003 primi
1052 935 1316 1004 genitoris
1382 933 1705 1006 procedunt,
1781 930 2044 1003 paulatim

362 1027 364 1030 ’
461 1033 641 1080 autem
689 1024 758 1078 ab
794 1023 1028 1078 invicem
1075 1024 1439 1095 elongantur,
1494 1023 1656 1078 veluti
1704 1021 1759 1076 in
1799 1022 2047 1076 diversos

461 1115 618 1172 scissi
669 1115 900 1171 rivulos.
939 1115 1038 1170 Est
1082 1125 1137 1171 et
1183 1117 1289 1170 alia
1332 1117 1547 1186 species
1597 1114 1942 1188 cognationis
1980 1127 2046 1168 ex

459 1208 738 1272 afﬁnitate,
786 1222 908 1278 quae
964 1207 1223 1280 gradibus
1284 1210 1502 1280 quidem
1557 1224 1666 1264 non
1711 1209 2046 1272 continetur,

445 1307 751 1371 propterea
802 1300 949 1370 quod
991 1301 1157 1355 trium
1191 1316 1452 1372 generum
1486 1300 1650 1357 habet
1677 1303 2044 1373 complexum.

447 1392 864 1447 'Prohibitarum
884 1400 1066 1449 autem
1107 1408 1464 1464 personarum
1497 1401 1706 1448 tantum
1740 1395 1823 1449 lex
1862 1396 2041 1450 nomi-

461 1485 632 1538 natim
664 1485 1000 1540 mentionem
1030 1486 1261 1550 faciens,
1292 1494 1588 1554 sequentes
1616 1493 1771 1539 extra
1801 1485 2046 1554 prohibi-

457 1578 660 1632 tionem
693 1589 747 1632 et
787 1576 1199 1632 accusationem
1226 1576 1374 1632 sivit.
1407 1575 1620 1630 Etenim
1651 1575 1684 1628 4
1714 1575 1838 1640 c.5,
1863 1576 1948 1631 tit.
1975 1576 2046 1630 28

457 1669 552 1725 lib.
580 1669 662 1724 sic
693 1667 770 1724 ait
796 1669 863 1723 ad
900 1667 1169 1723 verbum:
1204 1665 1394 1737 Neque
1431 1680 1577 1733 eam,
1618 1681 1741 1736 quae
1773 1663 1879 1721 fuit
1908 1681 2046 1722 uxor

457 1761 694 1832 privigni
727 1760 856 1828 mei,
891 1761 1124 1831 accipio,
1170 1774 1350 1831 neque
1384 1773 1618 1813 noverca
1649 1759 1824 1813 virum
1867 1775 2045 1830 quon-

2149 558 2304 622 ὄντες
2344 557 2444 630 βαθ
2455 557 2580 628 μού.
2607 557 2732 629 θείᾳ
2761 557 2853 611 καὶ
2881 555 3080 628 ἀνεψιᾷ
3121 554 3181 622 ἐξ
3208 555 3394 626 ἐτέρου
3414 560 3569 629 γένους
3591 571 3655 625 τὸν

2150 645 2314 702 αὐτόν
2349 646 2601 718 ἀκούσαις
2633 645 2840 716 βαθμὸν
2894 644 3151 716 γαμικῶς
3203 647 3657 720 συναπτόμενοι,οῡ.

2148 738 2315 801 δόλως
2344 736 2728 806 ἑπιτιμῶνται.
2771 735 2907 790 υύδὲ
2940 737 3052 806 γὰρ
3089 734 3351 804 ἀθέμιτον
3392 736 3447 790 τὺ
3478 743 3658 802 τοιοῦτον

2151 827 2508 900 συνάλλαγμα
2535 829 2799 900 κρίνεται,
2829 827 2905 893 ὡς
2935 829 3013 892 είς
3043 829 3200 881 ἕκτον
3233 826 3430 898 βαθμὸν
3460 833 3513 885 ἐκ
3535 843 3656 907 τριῶν

2148 922 2245 976 καὶ
2263 920 2432 993 τριῶν
2465 921 2826 992 ἀναγόμενον.
2873 920 3007 974 Οὐδὲ
3055 922 3165 991 γὰρ
3198 921 3231 991 ὴ
3277 919 3412 991 αὐτὴ
3436 923 3528 977 τῶν
3549 930 3660 985 ἀδελ.

2149 1014 2266 1083 φῶν
2296 1013 2533 1082 ὲγγύτης
2563 1014 2658 1067 καὶ
2693 1015 2727 1085 ἡ
2754 1013 2847 1067 τοῦ
2874 1012 3027 1068 θείου
3065 1014 3204 1088 πρὸς
3232 1013 3325 1066 τὸν
3355 1013 3557 1084 ἀνεψιὸν,
3593 1027 3659 1077 καὶ

2151 1107 2184 1174 ἡ
2214 1103 2308 1158 τοῦ
2339 1104 2636 1174 ὲξαδέλφου
2661 1105 2758 1158 καὶ
2789 1104 2898 1158 τῶν
2920 1104 3096 1159 ἄλλων
3148 1103 3455 1172 συγγενῶνο
3507 1110 3594 1162 ἀλλ’
3617 1117 3664 1169 ἐκ

2153 1197 2253 1266 μὲν
2291 1195 2478 1268 πηγῆς
2509 1199 2638 1268 μιᾶς
2666 1197 2759 1250 τοῦ
2785 1194 3005 1266 πρώτου
3045 1196 3372 1267 γεννήτορος
3400 1194 3660 1269 ἐξέρχονται,

2150 1289 2292 1343 κατὰ
2325 1290 2525 1363 μικρὸν
2572 1290 2629 1343 δὲ
2685 1290 2933 1362 ἀλλήλων
2983 1288 3378 1360 μακρύνουσιν,
3418 1290 3573 1363 ῶσπερ
3609 1302 3664 1361 tl;

2149 1381 2442 1454 διαφόρους
2499 1382 2810 1456 σχιζόμενοι
2877 1382 3106 1453 ῥύακας.
3165 1382 3324 1435 Ἐστι
3377 1382 3428 1435 δὲ
3470 1387 3664 1441 καὶᾶλλο

2153 1469 2294 1538 εἶδος
2334 1475 2656 1542 συγγενείας
2714 1473 2774 1539 ἐξ
2818 1472 3154 1544 ἀγχιστείας,
3191 1471 3329 1544 ὅπερ
3369 1471 3564 1544 βαθμοῖς
3595 1481 3662 1547 μὲν

2158 1565 2414 1636 οὐδαμῶς
2443 1566 2784 1639 περιέχεται,
2817 1565 2905 1618 διὰ
2943 1564 3006 1618 τὸ
3035 1563 3361 1636 συμπλοκὴν
3396 1565 3541 1634 τριῶν
3564 1569 3666 1640 ἔχειν

2149 1657 2322 1726 γενῶν
2358 1675 2374 1691 ·
2412 1659 2810 1729 κεκωλυμένων
2861 1658 2920 1712 δὲ
2957 1656 3136 1728 μόνων
3195 1655 3496 1729 προσώπων
3530 1662 3662 1731 ῥητῶς

2148 1749 2177 1800 ὁ
2207 1748 2369 1818 νόμος
2407 1749 2692 1820 μνησθεὶς,
2731 1751 2801 1802 τά
2830 1747 2959 1817 ἑξῆς
2985 1747 3240 1802 ἀκώλυτα
3297 1747 3396 1800 καὶ
3422 1748 3666 1822 ἀνέγκλητα

458 1855 579 1909 dam
615 1869 727 1909 suae
749 1854 1034 1925 privignae,
1065 1852 1283 1923 accipit.
1308 1850 1373 1906 Et
1396 1851 1510 1906 haec
1535 1849 1750 1920 quidem
1779 1850 2044 1908 habemus

2154 1837 2348 1890 είασεν.
2410 1838 2499 1891 Ἐν
2546 1838 2656 1909 γὰρ
2704 1837 2782 1908 τῷ
2810 1837 2851 1890 δ’
2881 1839 3166 1909 κεφαλαίῳ
3195 1837 3292 1892 τοῦ
3341 1835 3386 1890 ε’
3412 1838 3564 1893 τίτλον
3597 1843 3666 1896 τοῦ

459 1947 525 2001 de
577 1947 902 2017 cognatione
945 1960 1010 2000 ex
1071 1944 1362 2014 sanguine,
1406 1951 1462 1998 et
1513 1941 1778 1996 afﬁnitate
1835 1959 1848 1995 :
1887 1948 1940 1995 et
1985 1948 2046 1993 ut

451 2037 709 2109 equidem
740 2037 1000 2102 arbitror,
1027 2036 1183 2107 juxta
1202 2042 1452 2090 exactam
1474 2034 1616 2104 juris
1645 2032 1988 2103 disciplinam
2027 2050 2042 2086 :

460 2127 713 2198 qhamvis
755 2123 1005 2195 plurimae
1045 2124 1327 2178 canonica:
1373 2129 1427 2176 et
1471 2123 1660 2177 civiles
1705 2122 2040 2185 sanctiones,

457 2219 606 2288 quod
661 2217 716 2271 in
761 2217 1058 2270 multorum
1116 2229 1376 2269 versuum
1415 2214 1619 2284 scripta
1649 2212 2044 2278 diffundantur,

456 2309 566 2363 sint
597 2308 1000 2379 praetermissae.
1021 2305 1174 2373 Quod
1206 2313 1386 2360 autem
1411 2315 1464 2361 et
1496 2303 1672 2375 major
1694 2303 1952 2376 cognatio
1973 2317 2041 2358 ex

465 2400 702 2470 spiritali
739 2398 1131 2470 consequentia
1169 2411 1424 2462 nascens,
1468 2396 1614 2451 inter
1659 2410 1760 2450 nos
1802 2395 1920 2464 pios
1951 2395 2039 2448 in-

455 2491 728 2550 tercedit:
766 2492 831 2548 de
857 2505 922 2548 ea
957 2491 1037 2547 sic
1081 2490 1379 2546 summarie
1409 2487 1776 2544 tractandum.

2146 1935 2233 1998 κη’
2266 1928 2474 1999 βιϐλίου
2505 1931 2672 1999 φησὶν
2700 1929 2980 1998 αὐτολεξεὶ
3002 1931 3202 1984 οὑτωσί
3232 1948 3247 1962 ο
3277 1930 3417 1984 Οὐδὲ
3459 1932 3544 2002 τὴν
3577 1936 3673 1988 ποτὲ

2144 2023 2378 2091 γυναῖκα
2408 2021 2669 2093 λαμϐάνω
2700 2022 2794 2076 τοῦ
2843 2024 3106 2093 προγόνου
3165 2041 3290 2094 μου,
3358 2023 3474 2078 οὒτε
3526 2028 3554 2096 ἡ
3597 2045 3672 2097 μη-

2145 2112 2308 2183 τρυιὰ
2339 2111 2606 2181 λαμϐάνει
2649 2113 2738 2166 τὸν
2766 2114 3058 2182 γενόμενον
3089 2115 3259 2186 ἄνδρα
3307 2117 3413 2184 τῆς
3460 2119 3676 2186 προγόνης

2149 2205 2343 2278 αὐτῆς.
2402 2207 2514 2261 Καὶ
2539 2205 2683 2261 οὕτω
2715 2207 2814 2277 μὲν
2850 2207 3047 2278 ἔχομεν
3079 2207 3208 2278 περὶ
3265 2207 3370 2276 τῆς
3417 2205 3471 2270 ἐξ
3500 2207 3676 2277 αἵματος

2148 2299 2242 2352 καλ
2272 2297 2588 2370 ἀγχιστείας
2637 2299 2958 2368 συγγενείας
2989 2316 3003 2330 ο
3041 2299 3158 2365 καὶ,
3205 2299 3280 2362 ὠς
3309 2292 3547 2369 ἐγῷμαι,
3591 2302 3679 2370 ὲχο-

2151 2391 2330 2463 μένως
2363 2391 2465 2462 τῆς
2490 2390 2777 2462 ἀκριϐείας
2811 2406 2825 2422 ο
2851 2391 2899 2444 εί
2941 2391 3036 2444 καὶ
3062 2390 3132 2444 τὰ
3163 2390 3402 2444 πλεῖστα
3431 2390 3529 2443 τῶν
3554 2409 3679 2447 κανο-

2146 2485 2315 2539 νικῶν
2343 2487 2438 2539 καὶ
2485 2483 2728 2556 νομικῶν
2761 2484 3150 2554 θεσπισμάτων
3178 2484 3236 2538 ὲν
3282 2482 3512 2547 τούτοις,
3541 2484 3614 2540 διὰ
3635 2493 3683 2542 τὸ

455 2589 556 2660 τῆς
591 2587 968 2662 πολυγραφίας
1013 2587 1357 2657 πολύστιχον,
1401 2583 1856 2656 κατελείφθησαν.
1912 2583 2038 2637 Ὀτι
2074 2580 2132 2636 δὲ
2162 2581 2256 2636 καὶ
2292 2581 2497 2652 μείζων
2522 2580 2814 2652 συγγένεια
2872 2582 2936 2634 ὲκ
2969 2579 3352 2651 πνευματικῆς
3419 2577 3684 2637 ἀκολουθίας

439 2684 843 2739 ’ἀνακύπτουσα
876 2687 931 2737 ὲν
964 2686 1092 2756 ἡμῖν
1131 2686 1241 2746 τοῖς
1277 2683 1524 2736 εὐσεϐέσι
1563 2681 1874 2753 μεσολαϐεῖ,
1937 2683 2033 2736 καὶ
2067 2678 2200 2750 περὶ
2229 2678 2434 2750 ταύτης
2469 2678 2646 2750 χρεὼν
2666 2676 2810 2731 οὕτω
2842 2675 3135 2731 διαλαϐεῖν.

532 2779 725 2835 Canon
775 2778 843 2834 56
889 2777 1082 2849 synodi
1130 2775 1162 2831 6
1190 2815 1206 2841 ,
1255 2777 1319 2831 de
1364 2776 1676 2846 hujusmodi
1713 2775 2042 2847 cognatione

423 2871 930 2944 ‘baecpromulgat
970 2889 984 2926 :
1030 2869 1306 2937 Quoniam
1357 2870 1620 2941 spiritalis
1671 2869 2041 2934 necessitudo,

458 2976 556 3017 seu
590 2958 846 3023 allinitas,
881 2971 1171 3028 corporum
1204 2955 1603 3026 conjunctione
1637 2954 1811 3025 major
1831 2962 1914 3009 est
1943 2973 1956 3008 :
1985 2953 2040 3008 in

2229 2771 2288 2826 ’0
2330 2770 2418 2836 νς⁰
2443 2771 2623 2824 κανὼν
2669 2770 2769 2842 τῆς
2805 2775 2859 2835 ς’
2911 2769 3130 2824 συνόδου
3161 2770 3289 2840 περὶ
3350 2768 3453 2839 τῆς
3479 2769 3687 2840 τοιαύτης

2149 2863 2468 2932 συγγενείας
2488 2863 2660 2916 ταῦτα
2689 2861 2998 2935 διαγορεύει
3034 2879 3048 2894 ’
3093 2863 3314 2934 Ἐπειδὴ
3356 2862 3549 2934 μείζων
3576 2866 3692 2918 ἐστὶν

2148 2957 2182 3026 ή
2223 2955 2364 3011 κατά
2391 2955 2608 3027 πνεῦμα
2644 2956 2913 3026 οἰκειότης
2946 2955 3044 3026 τῆς
3091 2956 3200 3009 τῶν
3247 2955 3514 3026 σωμάτων
3559 2972 3690 3009 συνα-

461 3050 739 3108 nonnullis
772 3059 955 3104 autem
988 3043 1126 3104 locis
1152 3049 1513 3118 cognovimus
1537 3047 1824 3116 quosdam,
1851 3047 1944 3119 qui
1976 3061 2042 3101 ex

2154 3048 2324 3119 Ῥείας,
2357 3049 2604 3120 ἔγνωμεν
2638 3049 2694 3102 δὲ
2730 3049 2788 3101 ἐν
2809 3065 2917 3102 τισι
2950 3049 3136 3112 τόποις
3171 3049 3323 3113 τινὰς
3353 3053 3417 3102 ἐκ
3457 3047 3544 3102 τοῦ
3572 3049 3695 3117 ἀγίου

461 3152 660 3202 sancto
697 3149 752 3197 et
783 3141 1010 3196 salutari
1059 3141 1387 3210 baptismate
1423 3139 1662 3195 infantes
1708 3139 2041 3210 suscipiunt,

2151 3142 2244 3194 καὶ
2290 3141 2669 3212 σωτηριώδους
2727 3140 3098 3212 βαπτίσματος
3153 3142 3354 3205 παῖδας
3412 3139 3696 3210 ἀναδεχομέ-

381 3285 392 3295 .
433 3295 436 3299 ,
462 3246 652 3309 postea
683 3248 905 3306 quoque
935 3247 1060 3287 cum
1086 3232 1368 3287 matribus
1398 3231 1615 3288 illorum
1652 3231 1831 3286 viduis
1859 3229 2044 3286 matri-

2154 3249 2300 3296 νους,
2348 3234 2442 3286 καὶ
2506 3233 2645 3303 μετὰ
2691 3231 2852 3286 τοῦτο
2884 3233 3004 3296 ταῖς
3068 3232 3294 3286 ἐκείνων
3358 3232 3588 3304 μητράσι
3626 3250 3701 3302 χη-

459 3327 704 3384 monium
762 3323 1134 3380 contrahere:
1191 3323 1508 3385 statuimus,
1553 3330 1612 3377 ut
1665 3323 1720 3378 in
1762 3330 2044 3394 posterum

459 3418 594 3474 nihil
631 3419 725 3472 tlat
760 3413 1054 3486 ejusmodi.
1097 3413 1156 3468 Si
1183 3414 1276 3484 qui
1301 3422 1482 3468 autem
1523 3412 1542 3452 τ
1600 3429 1700 3485 per
1727 3424 2046 3484 praesentem

461 3525 728 3567 canonem
771 3506 1098 3564 hoc-facere
1135 3506 1459 3576 deprehensi
1493 3505 1715 3571 fuerint,
1756 3508 1792 3561 ii
1827 3509 2046 3577 quidem

448 3601 643 3672 primo
674 3600 739 3656 ab
756 3601 858 3655 hoc
886 3599 1076 3654 illicito
1109 3605 1163 3654 et
1206 3597 1412 3667 injusto
1452 3598 1867 3652 matrimonio"
1905 3599 2050 3655 desi-

467 3703 661 3752 szant:
695 3691 894 3748 deinde
931 3699 984 3746 et
1016 3689 1410 3745 lorniealorum
1446 3689 1623 3759 pmnis
1661 3689 2044 3759 subjiciantur.

461 3786 600 3840 Cum
639 3785 806 3855 igitur
844 3799 1083 3854 prtesens
1117 3798 1294 3838 canon
1329 3781 1592 3850 majorem
1627 3791 1785 3836 vocet
1830 3783 2048 3852 spirita-

461 3878 572 3933 lem
608 3879 1018 3948 cognationem,
1038 3890 1200 3946 quam
1222 3875 1497 3930 carnalem
1523 3891 1537 3933 :
1572 3891 1796 3931 necesse
1822 3877 2042 3940 habent,

462 3971 557 4041 qui
596 3984 689 4039 per
716 3983 836 4022 eam
869 3967 1104 4022 devincti
1137 3973 1286 4029 sunt,
1314 3966 1368 4020 in
1402 3975 1480 4020 tot
1512 3967 1714 4036 gradus
1738 3969 2046 4020 veneratio-

461 4075 587 4114 nem
615 4061 734 4130 ejns
781 4068 836 4113 ct
863 4057 1034 4112 decus
1079 4056 1390 4121 observare,
1422 4069 1554 4126 quot
1597 4067 1653 4112 et
1683 4073 1747 4112 ex
1781 4058 2047 4128 sanguine

467 4151 832 4222 cognationis.
861 4148 1006 4203 Nam
1044 4149 1178 4212 Deo,
1214 4148 1412 4217 inquit,
1452 4164 1545 4218 per
1582 4148 2045 4220 baptisma-inter-

445 4243 712 4308 cedente,
740 4253 930 4295 eorum
955 4238 1151 4292 anima:
1182 4237 1622 4308 conjunguntur,
1647 4246 1700 4292 et
1721 4253 1863 4292 unus
1883 4238 2048 4292 homo

463 4337 546 4401 ιιι,
571 4335 666 4404 qui
702 4348 766 4388 ex
790 4347 956 4388 sacro
993 4331 1320 4401 baptismate
1353 4329 1613 4384 infantem
1651 4330 1917 4398 suscepit,
1939 4331 2046 4384 huc

462 4426 665 4499 jusque
704 4424 975 4481 naturalis
1005 4433 1181 4494 pater.
1228 4421 1474 4478 Unde'et
1515 4433 1916 4492 consequenter
1949 4436 2046 4477 eo-

2151 3325 2436 3397 ρευούσαις
2510 3326 2749 3396 γαμικὸν
2815 3325 3278 3388 συναλλάττοντας
3349 3325 3697 3378 συνοικέσιον·

2148 3416 2426 3488 ὁρίζομεν,
2490 3417 2599 3470 ἀπὸ
2645 3416 2738 3470 τοῦ
2781 3417 3050 3487 παρόντος
3105 3417 3274 3488 μηδὲν
3321 3416 3560 3470 τοιοῦτον
3596 3432 3706 3486 πρα-

2151 3509 2371 3580 χθῆναι.
2427 3509 2488 3562 El
2521 3508 2577 3562 δέ
2623 3525 2768 3572 τινες
2802 3508 2896 3562 καὶ
2937 3509 3079 3579 μετά
3121 3509 3215 3561 τὸν
3261 3509 3508 3578 παρόντα
3539 3508 3704 3560 κανόνα

2149 3601 2454 3670 φωραθεῖεν
2513 3601 2671 3655 τοῦτο
2734 3601 3033 3665 ποιοῦντες,
3095 3600 3477 3674 πρωτοτύπως
3541 3599 3628 3670 μὲν
3664 3599 3706 3651 οι

2147 3693 2378 3747 τοιοῦτοι
2450 3693 2872 3764 ἀφιστάσθωσαν
2935 3693 3029 3746 τοῦ
3095 3695 3343 3747 τοιούτου
3419 3691 3703 3763 παρανόμου

2153 3787 2512 3848 συνοικεσίου,
2565 3787 2762 3840 ἔπειτα
2805 3787 2860 3840 δὲ
2901 3788 2994 3841 καὶ
3045 3789 3159 3849 τοῖς
3215 3787 3326 3839 τῶν
3365 3786 3710 3858 πορνευόντων

2151 3879 2446 3948 ἐπιτιμίοις
2507 3877 2989 3948 ὁποϐληθήτωσαν.
3053 3878 3177 3931 Ὅτι
3229 3877 3412 3931 τοίνυν
3465 3877 3494 3928 ὁ
3554 3875 3710 3945 παρὼν

2149 3971 2330 4024 κανὼν
2366 3971 2586 4040 μείζονα
2635 3972 2793 4024 καλεῖ
2821 3971 2920 4041 τὴν
2966 3971 3350 4042 πνευματικὴν
3422 3971 3712 4039 συγγένειαν

2150 4063 2300 4132 παρὰ
2329 4063 2428 4132 τὴν
2461 4062 2752 4134 σαρκικὴν,
2785 4063 3033 4132 ἀνάγκην
3075 4062 3293 4133 ἔχουσιν
3331 4064 3384 4115 οἱ
3423 4062 3514 4115 διὰ
3540 4060 3714 4128 ταύτης

2157 4155 2510 4217 συνδεθέντες
2559 4157 2638 4218 εἰς
2691 4154 2975 4214 τοσούτους
3031 4154 3276 4225 βαθμοὺς
3337 4156 3621 4225 συντηρεῖν
3670 4151 3717 4203 ab

2148 4247 2352 4316 ταύτης
2387 4247 2682 4317 σεϐάσμιον
2715 4248 2808 4301 καὶ
2859 4247 3151 4318 εὐπρεπὲς,
3208 4249 3289 4310 είς
3334 4247 3499 4309 ὅσους
3545 4246 3632 4298 καὶ
3671 4241 3718 4294 τὸ

2149 4337 2251 4407 τῆς
2281 4337 2338 4401 ἐξ
2365 4337 2595 4406 αἵματος
2620 4337 2956 4406 συγγενείας.
2981 4339 3077 4390 Διὰ
3097 4336 3205 4408 γὰρ
3229 4337 3323 4390 τοῦ
3345 4336 3720 4408 βαπτίσματος.

2152 4429 2311 4496 Θεοῦ,
2337 4431 2493 4500 φησὶ,
2519 4427 2864 4497 μεσάζοντος,
2891 4431 2947 4482 αἱ
2965 4429 3135 4500 ψυχαὶ
3155 4429 3335 4482 αὐτῶν
3352 4429 3718 4490 συνάπτονται,

463 4533 588 4573 rum
631 4517 808 4584 liberi,
846 4518 1045 4571 fratres
1077 4515 1459 4578 nominantur,
1498 4515 1956 4584 quemadmodum
1992 4525 2044 4569 et

2154 4521 2247 4575 καὶ
2291 4513 2374 4584 εἷς
2400 4519 2704 4590 ἄνθρωπος,
2737 4521 2786 4587 δ,
2828 4536 2886 4573 τε
2921 4521 2984 4574 ὲκ
3011 4519 3106 4574 τοῦ
3155 4521 3312 4588 ἁγίου
3363 4519 3722 4590 βαπτίσματος

461 4609 566 4677 illi,
591 4617 904 4680 compatres
947 4626 962 4662 :

468 4705 852 4775 producuntur
880 4715 1151 4771 personae,
1185 4699 1526 4770 cognationis
1552 4714 1615 4754 ex
1639 4700 1905 4770 sanguine
1929 4716 2048 4758 sor-

472 4793 687 4849 tiuntur
722 4794 1137 4865 appellationes.

1018 4607 1273 4664 similiter
1310 4616 1362 4662 et
1393 4622 1515 4677 quae
1549 4623 1615 4663 ex
1649 4607 1734 4662 his
1783 4608 2042 4679 deinceps

2154 4615 2238 4668 τὸν
2260 4614 2424 4668 παῖδα
2451 4613 2762 4685 δεξάμενος,
2781 4612 2875 4666 καὶ
2896 4613 2924 4665 ό
2943 4613 3082 4666 κατά
3108 4613 3285 4684 σάρκα
3311 4612 3509 4665 τούτου
3539 4608 3723 4677 πατὴρ,

2145 4707 2408 4774 γίνονται.
2446 4704 2611 4758 Ὅθεν
2654 4704 2962 4768 ἀκολούθως
3000 4704 3094 4757 καὶ
3148 4706 3199 4756 οἱ
3262 4703 3475 4757 τούτων
3538 4699 3726 4762 παῖδες,

2152 4798 2374 4867 ἀδελφοὶ
2417 4798 2794 4868 ὀνομάζονται,
2838 4797 2983 4850 καθά
3045 4798 3142 4850 καὶ
3181 4797 3402 4861 ¹ἐκεῖνοι,
3439 4793 3730 4858 σύντεκνοι,

467 4884 749 4950 Ὠσαύτως
808 4887 902 4939 καὶ
956 4885 1025 4939 τὰ
1057 4887 1121 4939 ὲκ
1185 4883 1390 4939 τούτων
1438 4885 1790 4957 καταγόμενα
1850 4887 2051 4961 ἑφεξῆς
2125 4893 2392 4964 πρόσωπα
2447 4891 2546 4955 τὰς
2599 4891 2699 4962 τῆς
2755 4891 2814 4958 ἑξ
2868 4890 3100 4960 αἵματος
3149 4889 3475 4960 συγγενείας
3530 4887 3730 4959 κλήσεις

463 4977 955 5051 μεταλαγχάνουσι,
983 4981 1079 5033 καὶ
1115 4979 1257 5031 εἰσὶν
1301 4976 1518 5046 ἀληθῶς
1571 4979 1665 5031 καὶ
1694 4978 2052 5049 ὀνομάζονται
2088 4983 2392 5054 συγγενεῖς.

537 5068 789 5139 Suntque
833 5082 980 5133 vere,
1033 5076 1088 5122 et
1141 5068 1495 5122 nominantur
1553 5071 1794 5138 cognati.
1851 5072 2047 5128 Sancti

464 5162 612 5218 enim
654 5159 893 5230 Spiritus
941 5158 1163 5212 uuiendi
1207 5168 1448 5229 potestas
1508 5173 1700 5215 omnes
1733 5163 2052 5218 conciliavit

466 5253 523 5308 in
550 5265 734 5308 veram
766 5251 1254 5322 propinquitatem,
1289 5264 1409 5320 qua:
1438 5251 1816 5308 contractibus
1842 5253 2050 5312 illicitis

469 5342 737 5398 confundi
773 5359 881 5397 non
927 5350 1124 5412 potest.
1178 5341 1583 5398 Prohibitorius
1618 5361 1748 5415 ergo
1784 5349 2050 5404 terminus

474 5437 530 5490 in
563 5435 685 5502 hac,
714 5446 773 5490 ut
805 5437 858 5489 in
887 5435 1172 5503 sanguinis
1200 5437 1527 5505 cognatione
1546 5478 1560 5500 ,
1585 5452 1760 5506 usque
1787 5438 1854 5492 ad
1882 5440 2050 5506 septi-

473 5543 620 5582 mum
665 5529 895 5596 gradum
931 5526 1335 5583 observabitur.
1387 5528 1484 5583 Est
1535 5535 1590 5584 et
1640 5528 1745 5583 alia
1793 5530 2048 5599 cognatio

2237 5072 2300 5126 'H
2333 5073 2444 5144 γὰρ
2475 5071 2570 5127 τοῦ
2610 5073 2766 5142 ἁγίου
2802 5073 3117 5144 Πνεύματος
3137 5070 3371 5142 ἑνωτικὴ
3404 5069 3651 5138 δύναμις
3669 5068 3733 5127 εἰς

2155 5163 2387 5234 γνησίαν
2417 5163 2692 5234 ἐγγύτητα
2721 5164 2930 5226 πάντας
2959 5164 3326 5234 συνήρμοσεν,
3358 5163 3425 5233 ἡν
3462 5160 3737 5214 συνθολοῦ-

2159 5253 2282 5306 σθαι
2309 5255 2754 5324 συναλλάγμασιν
2776 5255 3036 5325 ἀθέσμοις
3083 5256 3260 5324 πάντη
3314 5255 3609 5308 ἀδύνατον.
3646 5253 3735 5304 Πα-

2162 5349 2610 5420 ρατηρηθήσεται
2660 5348 2717 5401 δὲ
2778 5350 2836 5400 ὲν
2876 5347 3048 5418 ταύτῃ
3113 5347 3172 5400 τὸ
3203 5348 3516 5400 κωλυτικδν
3586 5349 3737 5416 ὅριον,

2159 5442 2303 5492 κατά
2336 5439 2432 5510 τὴν
2464 5441 2523 5506 ἐξ
2554 5440 2786 5510 αἵματος
2806 5441 3148 5508 συγγένειαν,
3188 5441 3352 5509 μέχρι
3383 5439 3489 5491 καὶ
3524 5437 3737 5504 ἑϐδόμου

2160 5531 2392 5602 βαθμοῦ.
2425 5534 2580 5585 Ἐστι
2607 5532 2662 5586 δὲ
2693 5533 2788 5586 καὶ
2833 5533 2994 5602 ἑτέρα
3053 5532 3347 5600 συγγένεια
3383 5531 3482 5584 διὰ
3532 5531 3739 5590 θέσεως.

1756 5681 1996 5738 ΥΑΒΙΑΞ
2028 5683 2438 5743 LECT’IONES.

553 5806 571 5846 ῐ
614 5807 781 5856 latum
811 5803 946 5860 hunc
973 5813 1094 5875 post
1139 5820 1424 5861 curionem.
1504 5807 1530 5846 ⁸
1561 5803 1624 5858 αθ
1659 5804 1756 5860 hac
1800 5808 2008 5875 nelan'a
2043 5807 2451 5866 cohabitatione.
