3950 6582
390 358 491 425 951

1703 366 1842 428 IUS
1869 367 2322 429 CANONICUM.

3551 367 3648 431 9-52

391 491 728 548 purpureum
757 462 1104 553 nequaquam
1127 482 1296 549 norit,
1316 481 1762 554 quandoquidem
1785 498 1971 540 saccus

2085 483 2214 556 ρῶν.
2273 481 2483 536 Σάκκον
2509 481 2566 536 δὲ
2619 479 2938 552 πορφυροῦν
2984 479 3216 547 οὐδόλως
3256 482 3606 554 ἐπιγινώσκει
3630 504 3645 520 ο

391 571 446 624 in
476 567 657 625 tribus
687 571 952 628 duntaxat
984 571 1112 628 anni
1143 573 1452 630 celebribus
1483 575 1782 631 Dominicis
1810 573 1967 632 festis

391 678 550 719 suum
604 680 761 722 usum
819 667 1057 740 praebet,
1114 667 1376 725 nimirum
1439 684 1636 739 magno
1682 667 1967 725 Paschalis

393 753 703 824 Dominico,
739 757 1084 826 Pentecoste,
1109 769 1161 814 et
1195 758 1367 815 Natali
1401 759 1626 817 Christi.
1658 759 1770 815 Hoc
1802 761 1968 831 igitur

388 849 522 904 satis
555 851 770 920 plenam
813 851 970 906 (idem
1017 851 1168 917 facit,
1207 866 1403 907 saccus
1433 861 1489 908 ut
1522 852 1593 907 sit
1631 868 1966 924 purpureus,

389 955 614 997 necesse
657 959 765 998 non
807 959 927 998 esse
955 961 968 998 :
1001 958 1123 997 cum
1156 944 1320 998 etiam
1363 943 1476 999 sint
1516 944 1696 999 luctus
1722 945 1965 1016 insignes

389 1049 663 1105 purpurea
710 1035 1020 1106 hujusmodi
1061 1036 1410 1092 vestimenta.
1445 1035 1499 1090 ln
1539 1037 1671 1092 solis
1703 1036 1847 1092 enim
1880 1037 1964 1106 jc~

384 1124 526 1194 junii
560 1125 771 1194 diebus,
802 1136 854 1182 et
892 1138 1233 1183 mortuorum
1271 1129 1568 1184 lllCIIIOI'ilS.

463 1395 840 1470 Interrogatio.
859 1401 1115 1470 Quojure
1127 1413 1420 1458 censentur
1437 1410 1755 1458 consecrata
1775 1418 1803 1455 a
1824 1401 1969 1456 Lati-

387 1489 475 1546 nis
501 1505 712 1564 azyma,
733 1491 981 1563 profana,
1000 1510 1069 1550 an
1084 1495 1436 1551 sancta?ltem
1456 1511 1645 1551 eorum
1662 1495 1967 1550 ministerio

388 1585 684 1641 serrientia
715 1603 862 1651 vasa,
891 1599 944 1643 ct
977 1590 1344 1645 sacerdotales
1377 1590 1634 1653 amictus,
1662 1596 1718 1644 et
1755 1588 1799 1643 si
1834 1588 1965 1658 quid

387 1677 728 1748 huiusmodi,
754 1691 804 1735 et
838 1697 905 1735 an
942 1691 1372 1738 consentaneum
1405 1683 1476 1737 sit
1508 1681 1768 1736 annulum
1798 1679 1868 1736 ab
1901 1681 1967 1736 iis

389 1769 590 1840 gestari
620 1779 669 1822 ι’.

462 1859 618 1930 Resp.
674 1861 1002 1918 Sanctorum
1034 1863 1254 1934 quidem
1286 1865 1657 1935 apostolorum
1685 1863 1750 1919 70
1777 1878 1974 1929 canon,

387 1963 443 2008 et
469 1953 558 2017 37,
584 1961 639 2008 et
674 1955 742 2010 58
777 1956 1098 2013 Laodicen:e
1136 1959 1348 2028 synodi.
1377 1965 1430 2012 et
1468 1957 1538 2012 60
1569 1957 1969 2027 Cat'tbaginen-

389 2047 488 2111 sis,
512 2062 829 2119 azymorum
869 2050 1235 2104 meminerunt
1265 2047 1648 2115 Judaicorum,
1677 2056 1730 2103 et
1764 2046 1970 2104 leSIivi-~

390 2149 562 2194 latum
589 2142 638 2207 li,
680 2157 801 2212 quae
845 2142 1096 2198 ﬁdelibus
1131 2147 1428 2200 mittuntur
1461 2143 1531 2198 ab
1569 2143 1860 2197 haereticis.
1903 2141 1969 2196 Et

391 2231 507 2287 hinc
546 2249 762 2289 sumere
795 2234 979 2290 lideles
1009 2235 1399 2302 dehortantur,
1432 2235 1708 2306 simulque
1739 2250 1865 2290 cum
1899 2235 1967 2289 iis

391 2323 588 2379 festum
635 2325 934 2381 celebrare.
985 2325 1356 2382 Latinicorum
1414 2335 1597 2382 autem
1648 2341 1965 2398 azymorum

389 2417 575 2472 nullus
605 2433 778 2472 canon
808 2420 1060 2473 meminit
1095 2435 1349 2491 usquam,
1382 2420 1579 2490 quippe
1608 2420 1747 2491 quod
1788 2428 1969 2488 postc-

393 2511 513 2565 tius
549 2513 629 2572 (ut
658 2511 943 2582 probabile
968 2512 1072 2581 est)
1104 2529 1291 2568 eorum
1334 2529 1450 2566 mos
1488 2513 1566 2568 lio
1593 2529 1746 2567 uanae
1781 2511 1835 2564 Εσ
1857 2511 1967 2566 cle-

391 2602 488 2657 sia:
535 2619 594 2659 se
643 2604 924 2660 luxuriose
971 2606 1352 2662 insinuaverit.
1406 2606 1479 2660 Ex
1526 2621 1635 2674 quo
1677 2620 1804 2659 vero
1848 2605 1970 2658 talis

394 2711 513 2752 mos
562 2697 828 2763 emersit,
889 2697 1044 2751 multi
1101 2706 1456 2763 nostrorum,
1513 2699 1714 2753 eximio
1771 2696 1967 2752 aﬂ'ecui

391 2790 566 2856 ducti,
594 2790 711 2845 suis
749 2791 968 2862 scriptis
1007 2806 1104 2862 per
1129 2806 1188 2845 se
1223 2793 1345 2856 hoc,
1381 2801 1439 2847 ut
1472 2791 1731 2854 alienum,
1775 2807 1968 2860 repro-

391 2883 680 2940 barerunt.
713 2881 900 2954 Neque
934 2883 987 2938 id
1026 2885 1209 2951 modo,
1251 2887 1345 2940 sed
1391 2893 1445 2938 et
1489 2883 1638 2954 quod
1681 2883 1748 2938 de
1793 2883 1967 2939 sancti

394 2974 633 3046 Spiritus
667 2977 1019 3048 processione
1061 2993 1087 3030 a
1142 2977 1354 3032 Latinis
1398 2979 1654 3043 traditur,
1699 2978 1967 3033 absonum

391 3069 913 3140 dissentaneumquc
941 3071 1092 3125 omni
1125 3070 1284 3126 niodo
1307 3079 1674 3142 coarguerunt
1702 3090 1716 3126 :
1745 3079 1800 3124 et
1833 3072 1971 3124 mul-

397 3172 480 3218 tas
513 3178 702 3218 eorum
737 3164 874 3219 alias
906 3165 1358 3232 consuetudines,
1389 3172 1446 3219 ut
1472 3164 1755 3220 catholicae
1783 3163 1971 3219 Eccle-

395 3253 489 3310 siae
531 3270 638 3310 non
688 3256 1098 3322 convenientes,
1141 3255 1536 3310 abominandas
1576 3267 1972 3327 reputaverunt

393 3360 446 3403 et
479 3347 806 3417 reiecerunt.
848 3345 1105 3402 Nonnulli
1143 3357 1318 3402 tamen
1352 3347 1640 3418 benignius
1675 3363 1786 3403 rem
1821 3347 1974 3402 exci-

395 3441 606 3511 pientes
636 3439 679 3506 ι,
701 3439 846 3510 quod
881 3440 946 3494 ad
976 3439 1079 3494 alia
1113 3440 1354 3509 quidem,
1388 3440 1438 3492 in
1469 3439 1714 3493 eamdem
1747 3455 1868 3492 cum
1905 3440 1972 3496 iis

395 3529 722 3587 sententiam
781 3530 1204 3594 descenderunt,
1252 3529 1507 3583 duritien:
1561 3537 1614 3584 et
1664 3530 1974 3598 superbiam

395 3632 792 3694 c0gnosccntes
822 3623 1081 3689 nationis,
1116 3629 1168 3676 et
1199 3622 1534 3692 frequentem
1562 3622 1975 3678 barbaricorum

395 3735 608 3774 morum
653 3720 1053 3788 contagionrm.
1129 3716 1187 3772 ln
1233 3717 1353 3774 solo
1401 3727 1580 3774 autem
1632 3718 1868 3773 articulo
1909 3718 1976 3775 de

396 3812 570 3867 sancti
601 3812 835 3882 Spiritus
870 3812 1220 3883 proccssione
1267 3827 1610 3883 nequaquam
1649 3811 1973 3882 adstipulati

396 3914 547 3968 sunt,
580 3913 672 3957 ant
715 3914 1138 3960 consenserunt.
1184 3903 1427 3971 Quorum
1475 3919 1618 3959 unus
1661 3913 1745 3959 est
1782 3914 1831 3958 et
1883 3919 1975 3958 sa-

395 3996 770 4066 pientissimus
809 3996 1076 4069 Bulgaria:
1116 3995 1312 4053 beatus
1367 3994 1830 4066 TbeOphylactus,
1879 3993 1972 4064 ilui

399 4089 451 4144 in
491 4088 738 4144 oratione
779 4105 808 4144 a
853 4105 913 4145 se
959 4090 1125 4146 missa
1161 4089 1226 4145 ad
1267 4087 1554 4144 Nicolaum
1594 4088 1887 4143 diaconum
1921 4095 1976 4142 et

397 4179 775 4244 Castrensem,
802 4182 895 4252 qui
950 4189 1138 4252 postea
1191 4179 1289 4235 fuit
1332 4180 1620 4236 Melesoba:
1659 4181 1971 4245 episcopus,

401 4281 688 4342 postquam
714 4287 808 4327 eos
839 4272 1206 4342 reprehendit,
1234 4271 1324 4340 qui
1354 4271 1669 4325 indistincte
1692 4271 1769 4324 eis
1793 4269 1976 4323 adhic-

398 4370 542 4430 rcnt,
576 4375 631 4419 et
669 4379 854 4418 comm
898 4379 1054 4418 sacra
1089 4363 1314 4416 oninino
1348 4362 1603 4430 rejiciunt
1627 4372 1666 4399 ιιι
1701 4380 1714 4414 :
1757 4370 1812 4414 et
1851 4368 1976 4429 post

399 4455 866 4509 enumerationem
909 4453 1288 4523 apparentium
1321 4452 1658 4515 defectuum,
1692 4452 1977 4521 persequi-

401 4553 490 4599 tur
531 4553 584 4599 et
629 4545 743 4599 lure
789 4547 840 4599 in
883 4544 1029 4598 hunc
1073 4543 1294 4597 modum
1339 4561 1351 4596 :

403 4635 510 4693 alia
534 4637 752 4706 quidem
779 4636 925 4691 nulla
951 4635 1422 4690 animadversione
1446 4635 1692 4706 indigere
1714 4635 1975 4701 arbitror,

404 4727 509 4781 alia
537 4736 718 4782 autem
757 4727 1043 4793 mediocri,
1070 4737 1122 4783 et
1157 4744 1277 4796 qua:
1307 4727 1499 4797 possit,
1525 4728 1569 4782 si
1602 4727 1818 4798 quidem
1851 4743 1980 4798 per-

404 4819 600 4876 fecerit
629 4819 922 4891 quispiam,
953 4835 1147 4892 parum
1182 4820 1441 4876 Ecclesia:
1476 4821 1762 4892 indulgere
1785 4831 1811 4859 η
1843 4841 1856 4877 :
1887 4822 1977 4879 sin

405 4913 612 4975 minus,
652 4928 829 4983 neque
870 4913 1128 4968 damnum
1163 4912 1377 4978 aﬂerre,
1410 4913 1553 4984 quod
1596 4914 1973 4984 imperfectum

406 5005 692 5060 remansit.
725 5005 883 5072 Quod
909 5015 1090 5062 autem
1136 5007 1374 5061 maxime
1413 5007 1544 5060 mihi
1583 5007 1796 5063 videtur
1827 5005 1978 5062 Latio

407 5113 608 5152 norum
642 5098 959 5154 societatem
1010 5099 1149 5154 bene
1191 5099 1555 5156 sentientibus
1585 5101 1977 5156 exsecrandum

406 5191 658 5254 reddere,
687 5199 739 5248 et
772 5192 918 5262 quod
949 5208 1058 5247 non
1092 5193 1468 5257 emendatum,
1508 5208 1763 5265 magnum
1799 5193 1982 5248 conci-

405 5281 549 5336 liat'
590 5281 849 5336 damnum
890 5281 984 5336 lilii
1040 5282 1362 5346 haereditati,
1407 5267 1572 5354 quam
1623 5285 1678 5338 in
1727 5284 1980 5354 gentibus

407 5373 618 5440 accepit
643 5389 656 5426 :
690 5374 794 5430 hoc
819 5373 918 5430 tibi
949 5375 1255 5439 ostendam,
1284 5384 1340 5431 et
1369 5376 1775 5442 demonstrabo,
1802 5391 1980 5447 quan-

407 5477 522 5522 tum
560 5469 613 5522 in
658 5482 742 5523 me
775 5468 896 5522 erit.
946 5466 1013 5522 Et
1062 5471 1224 5537 paulo
1263 5479 1378 5539 post
1411 5486 1428 5525 :
1474 5469 1564 5524 Est
1601 5469 1766 5539 igitur
1801 5469 1974 5523 maxi-

2078 575 2266 647 ὲπειδὴ
2297 577 2326 629 6
2359 575 2562 639 σάκκος
2585 575 2642 628 ἓν
2685 575 2833 650 τρισὶ
2857 575 3046 645 μόναις
3073 575 3166 630 τοῦ
3198 576 3353 641 ετους
3376 576 3648 650 λαμπραῖς

2077 646 2432 731 Δεσποτικαῖς
2471 646 2703 738 ἑορταῖς⁴
2739 666 2837 737 τὴν
2875 667 3072 721 ἑαυτοῦ
3123 670 3323 740 χρῆσιν
3373 646 3604 743 παρέξει
3629 691 3641 706 ο

2076 760 2244 830 ἧγουν
2300 759 2357 813 ἐν
2394 763 2460 831 τῇ
2503 759 2716 832 μεγάλῃ
2749 758 2843 812 τοῦ
2900 759 3086 830 πάσχα
3133 761 3429 832 κυριακῇ,
3488 763 3548 815 έν
3576 766 3640 834 τῇ

2077 853 2448 923 Πεντηκοστῇ,
2478 851 2574 906 καὶ
2619 851 2676 904 ἐν
2705 853 2770 922 τῇ
2807 854 3060 922 γεννήσει
3089 853 3184 906 τοῦ
3214 852 3478 924 Χριστοῦ.
3507 854 3642 909 am

2080 942 2208 1010 γοῦν
2239 943 2395 996 τοῦτο
2437 942 2798 1012 πληροφορεῖν
2842 941 3067 1014 ἐξαρκεῖ
3095 943 3170 1007 ὡς
3203 944 3262 996 οὐ
3297 942 3479 1013 χρεὼν
3508 938 3643 998 εἶναι

2083 1038 2286 1090 σάκκον
2318 1034 2650 1106 πορφύρεον.
2700 1036 2811 1089 Καὶ
2867 1034 2984 1106 ἅμα
3026 1036 3107 1089 ὅτι
3154 1036 3386 1100 πένθους
3419 1035 3529 1090 eisi
3578 1038 3641 1092 τά

2079 1129 2334 1199 πορφυρᾶ
2360 1124 2583 1180 τοιαῦτα
2605 1126 2913 1198 ἐσθήματα,
2944 1127 3279 1200 σήμαντρον.
3329 1129 3420 1182 Ἐν
3455 1128 3643 1199 μόναις

2075 1226 2184 1294 γάρ
2217 1224 2501 1296 νηστίμοις
2549 1225 2808 1298 ἡμέραις,
2841 1226 2936 1280 καὶ
2979 1227 3038 1281 έν
3069 1227 3436 1299 μνημοσύνοις
3481 1229 3644 1283 άπελ-

2077 1319 2297 1377 θόντων.

2160 1412 2493 1480 Ἐρώτησις.
2522 1411 2642 1476 Πῶς
2673 1411 2977 1482 λογίζονται
3005 1414 3074 1468 τά
3100 1415 3248 1485 παρά
3269 1413 3378 1467 τῶν
3405 1415 3646 1469 Λατίνιον

2078 1505 2507 1576 ἱερουργούμενα
2541 1503 2748 1574 ἄζυμα,
2778 1504 2956 1569 κοινά,
2989 1505 3020 1576 ἦ
3053 1504 3186 1574 ἆγια
3208 1523 3219 1535 °
3259 1506 3528 1570 ὡσαύτως
3555 1508 3646 1560 καὶ

2076 1595 2142 1648 τὰ
2172 1594 2592 1665 ὑπουργούμενα
2618 1596 2799 1659 αὐτοῖς
2828 1594 3018 1666 σκεύη,
3046 1597 3139 1648 καὶ
3169 1597 3419 1666 ίερατικὲ
3451 1599 3649 1668 άμφια,

2079 1689 2171 1740 καὶ
2203 1688 2256 1740 εἴ
2291 1705 2337 1741 τι
2371 1688 2612 1742 τοιοῦτον
2641 1706 2655 1721 ·
2697 1691 2789 1742 καὶ
2819 1691 2866 1742 εί
2915 1689 3133 1758 ἑλλογόν
3177 1691 3292 1745 ἐστι
3333 1691 3394 1744 τὸ
3432 1691 3648 1755 τούτους

2076 1778 2545 1851 δακτυλιοφορεῖν.

2163 1871 2281 1926 Ἀπί.
2338 1871 2396 1924 ’0
2429 1873 2528 1942 μὲν
2557 1873 2586 1926 6
2637 1871 2746 1926 τῶν
2776 1871 2946 1941 ἁγίων
2991 1872 3305 1927 ἀποστόλων
3337 1871 3522 1927 κανὼν
3558 1874 3647 1926 καὶ

2069 1967 2097 2017 6
2141 1963 2218 2028 λζ’
2245 1964 2340 2017 καὶ
2392 1965 2421 2019 ό
2447 1962 2528 2037 λη’
2562 1965 2663 2035 τῆς
2721 1966 2779 2018 ὲν
2825 1965 3121 2038 Λαοδικείᾳ
3154 1965 3400 2032 συνόδου,
3427 1967 3525 2020 καὶ
3555 1967 3581 2018 6
3608 1965 3647 2030 ξ’

2068 2057 2172 2126 τῆς
2228 2059 2286 2110 ἐν
2323 2057 2676 2130 Καρθαγένῃ,
2729 2057 2956 2129 ἀζύμων
3008 2059 3316 2130 μέμνηνται
3363 2058 3478 2112 τῶν
3515 2061 3646 2113 Ἰου-

2069 2148 2269 2202 δαϊκῶν
2317 2148 2413 2202 καὶ
2469 2150 2841 2220 έορταστικῶν
2864 2191 2879 2217 ,
2911 2150 3280 2222 πεμπομένων
3302 2152 3415 2214 τοῖς
3443 2153 3648 2214 πιστοῖς

2070 2241 2222 2312 παρὰ
2249 2241 2358 2294 τῶν
2391 2243 2690 2312 αίρετικῶν
2715 2261 2728 2274 ·
2759 2245 2853 2297 καὶ
2887 2242 3261 2316 ἀποτρέπουσι
3300 2245 3398 2298 καὶ
3428 2244 3492 2297 τὺ
3524 2244 3651 2311 λαμ-

2071 2333 2254 2386 ϐάνειν
2312 2332 2521 2398 ταῦτα,
2584 2338 2678 2389 καὶ
2729 2335 2788 2389 τὶ)
2845 2335 3228 2408 συνεορτάζειν
3285 2337 3478 2400 αὐτοῖς
3530 2339 3652 2402 τοὺς

2072 2423 2314 2489 πιστούς.
2345 2426 2648 2479 Λατινικῶν
2674 2426 2730 2480 δὲ
2755 2425 2981 2498 ἀζύμων
3002 2427 3177 2491 οὐδεὶς
3209 2426 3452 2497 οὐδαμοῦ
3479 2427 3658 2481 κανὼν

2075 2527 2356 2595 μέμνηται
2379 2541 2391 2552 ο
2434 2511 2520 2574 οἶά
2552 2519 2801 2591 ὕστερον,
2836 2519 2911 2582 ὡς
2942 2520 3086 2574 ἔοικε
3112 2566 3126 2586 ,
3167 2519 3260 2572 τοῦ
3296 2519 3405 2571 τῶν
3431 2519 3653 2587 ἀζύμων

2072 2614 2228 2675 ἔθους
2264 2618 2322 2669 έν
2351 2617 2418 2684 τῇ
2467 2614 2578 2668 τῶν
2631 2612 2919 2683 Ῥωμαίων
2957 2610 3264 2682 Ἐκκλησία
3300 2609 3656 2680 ἐπεισκωμά-

2076 2726 2288 2772 σαντος.
2331 2707 2420 2773 Ἐξ
2472 2702 2532 2762 οὗ
2593 2708 2778 2777 μέντοι
2821 2705 2882 2759 τὸ
2924 2704 3165 2759 τοιοῦτον
3207 2704 3328 2767 ἔθος
3383 2703 3654 2771 ἀνέκυψε,

2073 2800 2258 2854 πολλοὶ
2308 2800 2417 2854 τῶν
2465 2799 2773 2871 ἡμετέρων,
2826 2800 2967 2852 κατὰ
3021 2796 3183 2866 ζῆλον
3218 2796 3654 2862 ὑπερϐάλλοντα,

2076 2892 2510 2963 συγγράμμασιν
2537 2891 2689 2955 ίδίοις
2723 2891 2846 2946 καθ’
2880 2890 3108 2953 ἑαυτοὺς
3131 2889 3207 2951 ὡς
3231 2888 3469 2958 ἔκφυλον
3499 2887 3653 2941 τοῦτο

2071 2986 2540 3058 ἀπεσκοράκισαν.
2575 2986 2649 3040 Οὐ
2685 2984 2844 3054 μόνον
2864 2984 2942 3044 δὲ,
2975 2981 3111 3036 ἀλλὰ
3177 2981 3275 3034 καὶ
3313 2981 3373 3034 τὸ
3404 2980 3654 3052 περὶτῆς

2079 3077 2462 3150 ὲκπορεύσεως
2514 3076 2608 3130 τοῦ
2667 3076 2825 3144 ἁγίου
2873 3074 3197 3144 Πνεύματος
3242 3074 3356 3135 τοῖς
3406 3071 3654 3134 Λατίνοις

2079 3170 2543 3242 δογματιζόμενον
2573 3211 2587 3233 ,
2636 3169 2842 3240 ἀπᾷδον
2905 3167 3001 3221 κοιλ⁸
3056 3167 3400 3236 ἁπεμφαῖνον
3455 3165 3657 3218 παντά-

2076 3281 2240 3318 πασιν
2268 3262 2522 3334 ῆλεγξαν.
2552 3262 2664 3316 Καὶ
2688 3261 2858 3316 πολλὰ
2887 3260 2943 3314 δὲ
2977 3259 3140 3329 ἕτερα
3169 3257 3266 3328 ἔθη
3293 3255 3503 3310 τούτων
3527 3296 3541 3318 ,
3572 3255 3652 3321 ὡς

2075 3357 2140 3425 τῇ
2182 3354 2450 3426 καθολικῇ
2491 3351 2791 3423 Ἐκκλησία
2823 3351 2898 3423 μὴ
2938 3347 3359 3412 ἀκολουθοῦντα,
3393 3347 3653 3417 βδελυκτά

2078 3446 2416 3514 ἐλογίσαντο,
2453 3443 2546 3497 καὶ
2577 3441 2888 3497 ἀπώσαντο.
2935 3441 3106 3494 Ἔνιοι
3135 3439 3321 3510 μέντοι
3344 3438 3650 3508 φιλανθρω-

2079 3539 2307 3607 πότερον
2342 3536 2420 3608 τῷ
2459 3536 2747 3607 πράγματι
2802 3534 3182 3606 χρησάμενοι,
3239 3533 3333 3586 ἐπὶ
3392 3531 3491 3602 μὲν
3544 3534 3652 3594 τοῖς

2078 3630 2258 3694 ἄλλοις
2297 3629 2717 3700 συγκατέϐησαν
2752 3629 2957 3691 αὐτοῖς,
3003 3626 3064 3680 τὸ
3111 3625 3204 3679 τοῦ
3233 3624 3424 3688 ἔθνους
3455 3624 3651 3686 ειδότες

2081 3721 2313 3791 σκληρὸν
2343 3720 2436 3774 καὶ
2467 3719 2768 3790 ἀγέρωχον,
2808 3717 2904 3771 καὶ
2935 3714 3291 3788 βαρσαρικοῖς
3321 3714 3399 3776 ὠς
3419 3712 3652 3766 ταπολλά

2082 3811 2670 3884 συναναχρωννύμενον
2715 3809 2932 3882 ἠθεσιν,
2987 3809 3079 3862 ἐπὶ
3127 3807 3273 3878 μόνῳ
3309 3805 3365 3860 δὲ
3405 3804 3484 3873 τῷ
3529 3804 3652 3874 περὶ

2079 3910 2175 3978 τῆς
2225 3906 2318 3960 τοῦ
2381 3906 2541 3975 ἁγίου
2593 3903 2912 3972 Πνεύματος
2965 3899 3348 3972 ὲκπορεύσεως
3404 3899 3649 3968 οὐδαμῶς

2081 3999 2576 4069 σνγκεχωρήκεσαν
2622 3997 2716 4050 καὶ⁵
2741 3994 3066 4067 συνῄνεσαν.
3093 3989 3194 4046 Ὧν
3225 3986 3303 4055 εἷς
3333 3993 3451 4046 ἐστι
3490 3991 3581 4044 καὶ
3623 3987 3650 4041 6

2079 4089 2386 4156 σοφώτατος
2425 4086 2762 4158 Βουλγαρίας
2791 4087 2819 4139 6
2855 4084 3191 4155 μακαριστὸς
3220 4081 3433 4150 Θεοφύλ
3449 4098 3610 4144 ακτος
3633 4097 3648 4112 ·

2077 4179 2134 4242 ὃς
2171 4182 2229 4232 ὲν
2268 4179 2342 4249 τῷ
2383 4179 2519 4250 πρὸς
2552 4178 2821 4231 Νικόλαον
2850 4177 3116 4236 διάκονον.
3152 4175 3246 4229 καὶ
3273 4173 3649 4244 Κανστρίσιον,

2076 4272 2166 4326 τὸν
2202 4272 2427 4342 ὕστερον
2465 4271 2761 4325 ἐπίσκοπον
2790 4269 3125 4338 Μελεσόὸης,
3173 4267 3478 4338 πεμφθέντι
3529 4266 3650 4336 παρ’

2078 4363 2244 4417 αὐτοῦ
2297 4364 2460 4433 λόγῳ,
2515 4365 2652 4434 μετὰ
2705 4362 2765 4415 τὸ
2815 4360 3133 4432 μέμψασθαι
3171 4363 3282 4423 τοῖς
3328 4358 3653 4430 ἀδιακρίτως

2077 4457 2542 4527 προσφερομένοις
2569 4457 2774 4521 αὐτοῖς,
2793 4455 2886 4508 καὶ
2911 4454 2980 4507 τά
2998 4451 3177 4507 αὐτῶν
3200 4449 3653 4519 ἀποῦαλλομένοις

1396 4541 1508 4614 Ego
1556 4552 1736 4597 autem
1778 4543 1971 4597 borum

2083 4547 2313 4601 καθόλου
2338 4563 2352 4578 ·
2384 4547 2476 4601 καὶ
2496 4547 2632 4617 μετά
2666 4547 2762 4617 τὴν
2795 4543 3178 4616 ἀπαρίθμησιν
3217 4541 3327 4594 τῶν
3353 4540 3652 4594 δοκούντων

2077 4639 2473 4709 ἐλαττωμάτων
2504 4637 2699 4699 αὐτῶν.
2723 4636 3007 4692 καὶταῦτα
3034 4633 3176 4687 οὕτω
3197 4632 3476 4699 διέξεισιν·
3519 4629 3654 4696 Ἐγὼ

2077 4732 2135 4786 δὲ
2165 4733 2258 4786 καὶ
2289 4731 2497 4785 τούτων
2533 4731 2599 4784 τά
2631 4730 2730 4800 μὲν
2777 4729 3036 4798 οὐδεμιᾶς
3066 4725 3406 4797 ἐπιστροφῆς
3456 4721 3655 4776 δεῖσθαι

2078 4824 2307 4893 νομίζω,
2343 4823 2411 4876 τὰ
2446 4823 2529 4887 δὲ,
2577 4821 2829 4892 μετρίας,
2875 4819 2970 4872 κού⁹
3002 4819 3156 4883 οἵας,
3212 4820 3262 4869 εἰ
3314 4816 3413 4886 μὲν
3447 4813 3652 4867 άνύσειέ

2078 4935 2182 4981 τις.
2213 4918 2385 4989 μικρὰ
2422 4920 2488 4988 τῇ
2533 4914 2828 4985 Ἐκκλησία
2867 4910 3185 4984 χαρίζεσθαι
3208 4925 3224 4940 ⁸
3250 4908 3361 4962 είδ⁸
3383 4903 3497 4974 οὖν,
3527 4905 3652 4958 ἀλλὰ

2087 5009 2221 5080 μηδὲ
2257 5007 2461 5079 ζημίαν
2491 5025 2554 5075 γε
2601 5007 2809 5060 τιθέναι
2837 5005 2895 5060 τὸ
2924 5003 3304 5068 ἀνεξάνυστον.
3339 5001 3404 5053 Ὃ
3427 4996 3653 5068 μάλιστά

2085 5119 2176 5171 μοι
2225 5101 2284 5153 δὲ
2316 5101 2466 5153 δοκεῖ
2495 5101 2593 5170 τὴν
2630 5099 2766 5168 πρὸς
2810 5097 3073 5156 Λατίνους
3121 5090 3405 5146 κοινωνίαν
3462 5091 3572 5150 τοῖς
3595 5081 3649 5138 εὖ

2082 5192 2340 5263 φρονοῦσι
2370 5195 2542 5247 ποιεῖν
2573 5191 2886 5260 ἀπώμοτον,
2914 5189 3008 5242 καὶ
3031 5187 3058 5239 ὃ
3093 5185 3168 5256 μὴ
3197 5182 3649 5253 κατορθούμενον,

2085 5285 2328 5356 μεγάλην
2368 5286 2616 5357 προξενεῖ
2656 5286 2755 5355 τὴν
2783 5283 2986 5356 ζημίαν
3012 5283 3078 5352 τῇ
3112 5278 3205 5332 τοῦ
3248 5275 3367 5330 υἱοῦ
3397 5275 3648 5344 κληρονο-

2085 5378 2203 5448 μίᾳ,
2231 5377 2298 5449 ἣν
2331 5378 2389 5430 ὲν
2422 5381 2532 5441 τοῖς
2576 5376 2785 5431 ἔθνεσιν
2813 5373 2992 5428 ἔλασε.
3033 5370 3204 5425 Τοῦτό
3249 5387 3333 5422 σοι
3381 5367 3476 5420 καὶ
3502 5362 3647 5449 δείξω

2087 5447 2180 5522 καί
2205 5447 2481 5538 διελέγξω,
2514 5470 2744 5524 καθόσον
2767 5468 2960 5522 ἔνεστι.
2979 5464 3084 5520 Καὶ
3107 5461 3258 5532 μετὰ
3289 5475 3441 5514 τινα·
3475 5447 3646 5510 Ἐστιν

1723 5632 1956 5690 VARI/ﬁ
1995 5633 2396 5690 LECTIONES.

485 5767 499 5819 l
533 5787 598 5824 an
618 5772 851 5840 aliquam
875 5774 1129 5827 rationem
1160 5771 1369 5836 habeat,
1399 5770 1536 5840 quod
1559 5771 1813 5825 annulum
1851 5780 2076 5840 gestant.
2152 5769 2175 5808 ι
2207 5781 2256 5823 et
2279 5771 2604 5839 {cuit-orum.

504 5841 622 5892 illos
645 5849 923 5892 accedunt-
991 5857 1038 5892 et
1100 5860 1197 5892 sua
1238 5857 1449 5892 στω-ινδ
1497 5844 1768 5892 ubiiciunt.
1874 5851 1900 5878 ιι
1931 5840 2141 5892 ίαναίνῑ.
2215 5851 2236 5871 ⁸
2289 5842 2602 5892 conciliabit

1952 5857 2141 5910 argm.

413 5841 480 5896 ad
504 5841 622 5896 illos
645 5849 923 5914 accedunt,
991 5857 1038 5897 et
1100 5860 1197 5897 sua
1235 5857 1449 5912 prorsus
1497 5844 1768 5905 obiiciunt.

2688 5767 2704 5808 ι
2743 5785 2851 5824 rem
2909 5767 3161 5840 aggressi.
3241 5775 3280 5800 ⁸·
3311 5765 3424 5822 sine
3451 5761 3642 5832 judicio

2215 5851 2236 5871 ⁸
2289 5842 2622 5896 conciliabit.
