3950 6566
200 356 312 424 953
408 316 413 323 .

1481 372 1526 433 ϐ
1542 370 2179 437 ΒᾸΕΕΟ-ΒΟΜΑΝΗΜ
2191 425 2201 435 .

3365 387 3475 453 954

202 476 297 569 οὖν
324 476 388 532 τὸ
399 474 681 569 ῌμέγιστον
720 476 896 532 ἐκεῖνο
918 479 1164 553 σφάλμα,
1197 485 1292 541 καὶ
1318 484 1479 542 τοῦτο
1509 487 1575 560 δὴ
1599 487 1658 543 τὸ
1687 486 1782 543 τοῦ

1894 504 2040 544 mum
2072 490 2207 547 illud
2235 500 2504 561 erratum,
2536 503 2612 563 et,
2656 503 2717 552 ut
2756 494 3072 558 Salomonis
3112 508 3237 557 utar
3264 503 3471 569 verbis,

207 566 577 641 Σολομῶντος,
607 567 735 639 ᾅδου
770 572 1047 642 πεταύρου
1096 576 1286 631 ποιοῦν
1317 579 1615 651 συναντᾷν,
1658 581 1691 650 ἠ
1732 581 1791 634 ὲν

203 661 283 732 τῷ
344 660 442 733 τῆς
485 658 723 725 πίστεως
780 662 1035 736 συμϐόλῳ
1081 669 1406 741 καινοτομία
1424 686 1442 708 ε·
1477 672 1546 743 ἢν
1598 671 1791 742 ἐποιή-

204 770 389 819 σαντο,
416 752 890 826 άνακηρύττοντες
933 756 996 810 τὸ
1046 758 1273 832 Πνεῦμα
1326 763 1391 816 ἐκ
1434 761 1530 817 τοῦ
1574 762 1789 835 Harpe;

202 848 294 901 καὶ
336 847 400 901 ὲκ
436 845 534 900 τοῦ
587 846 717 902 Υίοῦ
759 848 1178 921 ἐκπορεύεσθαι.
1213 853 1321 908 Καὶ
1355 854 1508 924 μετὰ
1548 853 1772 910 παιλώ

211 938 367 993 Ἐπεὶ
388 938 446 993 δὲ
469 940 562 994 καὶ
594 941 724 1012 περὶ
747 944 848 1014 τῆς
879 945 1196 1015 προσφορᾶς
1226 945 1337 1000 τῶν
1362 945 1590 1017 ἀζύμων
1620 946 1790 1010 πολὺς

202 1029 233 1083 δ
264 1027 430 1100 ζῆλος
463 1032 578 1094 τοῖς
622 1031 862 1098 πολλοῖς,
910 1033 1007 1087 καὶ
1051 1032 1227 1107 πυρὸς
1257 1035 1609 1110 θερμότερος,
1650 1036 1679 1092 δ
1725 1035 1790 1109 δὴ

201 1121 422 1191 λέγεται
452 1138 467 1154 σ
504 1122 888 1195 καὶπρότερον
909 1122 977 1180 ἂν
998 1123 1099 1190 τάς
1119 1126 1299 1199 ψυχὰς
1330 1128 1602 1201 πρόοιντο,
1632 1126 1667 1200 ἦ
1690 1126 1789 1200 τὴν

201 1220 334 1290 περὶ
370 1216 580 1273 τούτων
610 1217 769 1286 δόξαν
796 1220 981 1275 αὐτῶν
1011 1222 1391 1295 παραλύσαιεν
1417 1239 1434 1256 ο
1463 1224 1511 1278 oi
1551 1221 1609 1277 δέ
1640 1239 1787 1287 τινες

199 1312 293 1366 καλ⁵
351 1310 541 1383 οἰκείῳ
585 1311 752 1366 πάθει
792 1314 1296 1388 καταχαρίζονται,
1344 1315 1440 1371 καὶ
1484 1317 1653 1386 παγὶς
1692 1313 1786 1369 τοῦ

196 1404 449 1459 διαϐῧλου
495 1406 574 1475 τῷ
610 1407 810 1479 Παύλῳ
842 1409 1027 1463 δοκεῖ’
1059 1408 1096 1464 ἃ
1128 1409 1229 1479 μὲν
1272 1408 1353 1462 δεῖ
1384 1408 1519 1479 πρὸς
1559 1406 1788 1470 τούτους

198 1500 393 1566 εἰπεῖν,
437 1502 495 1554 ὲν
527 1499 741 1572 ὑστέρῳ
780 1499 1030 1570 λέξομεν,
1076 1501 1139 1553 τὸ
1180 1500 1301 1571 μὲν,
1334 1500 1394 1553 τὸ
1423 1499 1666 1570 ἄμετρον
1693 1497 1786 1552 τοῦ

197 1589 361 1662 ζήλου
424 1590 772 1659 κολάζοντες.
807 1593 921 1656 τοῖς
967 1591 1025 1645 δὲ
1067 1591 1327 1646 ταπεινὸν
1372 1590 1680 1656 δεικνύντες
1725 1588 1786 1642 τὸ

195 1682 590 1739 ἀταπείνωτον.
617 1683 722 1739 Kal
736 1679 907 1751 αὖθις
916 1684 1068 1756 μετὰ
1085 1682 1309 1738 πολλοὶ·
1344 1683 1455 1738 Καὶ
1484 1684 1598 1745 τοῖς
1623 1684 1787 1735 Δυτι-

195 1776 310 1839 κοῖς
345 1778 527 1830 τοίνυν
565 1777 668 1830 εῖτι
721 1777 819 1847 μὲν
851 1777 981 1848 περὶ
1008 1775 1069 1828 τὸ
1100 1775 1283 1846 δόγμα
1327 1773 1783 1846 διαμαρτάνεται,

193 1863 289 1937 τὴν
353 1867 629 1942 πατρικὴν
679 1842 861 1923 πῖστιν
899 1842 1332 1938 σαλεύονίοῖον
1365 1842 1435 1941 δή
1483 1842 1544 1922 τὸ
1596 1869 1654 1921 ὲν
1704 1865 1783 1938 τῷ
1810 1842 1862 1903 Β

194 1958 457 2031 συμϐόλῳ
481 1962 607 2031 περὶ
633 1960 727 2015 τοῦ
765 1960 924 2029 ἁγίου
959 1961 1280 2033 Πνεύματος
1311 1960 1742 2035 προστιθέμενον
1764 1978 1782 1994 ο

191 2048 323 2104 ἔνθα
377 2053 406 2105 ὁ
459 2051 709 2117 κίνδυνος
764 2053 1024 2125 μέγιστος
1056 2070 1069 2086 ο
1127 2052 1291 2108 τοῦτο
1337 2053 1415 2126 μὴ
1444 2053 1787 2127 διορθώσεως

190 2144 520 2219 ἀξιούμενον
552 2148 878 2221 συγχωρῶν,
910 2147 1314 2221 ἀσυγχώρητος
1342 2163 1358 2179 ο
1394 2147 1501 2201 κᾶν
1540 2148 1654 2203 άπὸ
1692 2150 1786 2205 τοῦ

192 2236 391 2309 θρόνου
460 2239 585 2304 τοὺς
622 2239 814 2309 λόγους
866 2241 1169 2306 ποιῶνται,
1222 2239 1283 2294 ὃν
1332 2240 1536 2312 ὑψηλὸν
1592 2241 1789 2314 ὑψηλοὶ

193 2330 517 2403 προτιθέασι
542 2347 557 2364 ο
597 2331 700 2387 κᾶν
727 2331 824 2405 τὴν
853 2332 948 2387 τοῦ
973 2332 1183 2406 Πέτρου
1212 2332 1503 2405 ὁμολογίαν
1550 2335 1786 2408 προϐάλ-

191 2421 423 2490 λωνται,
445 2424 547 2479 κᾶν
563 2426 654 2480 τὸν
689 2426 778 2481 ἐπ’
802 2428 989 2501 ἐκείνῃ
1019 2430 1372 2499 μακαρισμὸν
1405 2431 1782 2502 περιφέρωσι·

189 2516 295 2571 κᾶν
316 2518 421 2583 τὰς
439 2518 583 2585 κλεῖς
594 2521 691 2592 τῆς
708 2519 983 2592 βασιλείας
1000 2523 1132 2592 ἡμῖν
1144 2522 1446 2577 ἑπισείωσι.
1467 2523 1578 2577 Kal
1602 2522 1791 2579 πάλιν

186 2610 343 2679 μετὰ
387 2615 614 2667 πολλά·
639 2613 712 2667 Ού
751 2615 930 2669 τοίνυν
966 2613 1090 2668 οὔτε
1130 2613 1385 2686 περὶτῶν
1401 2614 1789 2684 ἀζύμων,ούτε

194 2702 329 2775 περὶ
347 2701 459 2756 τῶν
484 2705 747 2776 νηστειῶν
771 2705 1416 2778 άντισκληρυνθησόμεθα
1437 2705 1517 2778 τῷ
1542 2709 1793 2779 ἀκαμπεῖ

193 2794 293 2849 τοῦ
316 2794 509 2861 ἔθνους
539 2798 871 2869 φρονήματι.
891 2796 1061 2852 Τοῦτο
1076 2796 1186 2870 γάρ
1217 2799 1366 2852 ἐστιν
1386 2798 1642 2870 ὀστράκῳ
1662 2815 1793 2868 συγ.

192 2885 396 2958 κολλᾷν
437 2887 726 2956 ὄστρακον,
766 2889 934 2961 μηδὲν
978 2885 1112 2962 ἦθος
1139 2890 1161 2922 ³
1197 2889 1503 2962 ύγροτέρου
1533 2907 1790 2963 παρεντι.

192 2978 390 3044 θέντας
414 3021 434 3047 ,
471 2980 664 3059 ῶσπερ
713 2982 922 3053 ἐγένετ’
984 2983 1052 3038 ἂν
1101 2984 1232 3047 ἴσως
1292 2982 1599 3055 ἐχέκολλον.
1655 2983 1791 3038 Οὐδὲ

192 3070 398 3126 πολλοῦ
427 3073 511 3128 δεῖ
560 3076 693 3146 περὶ
720 3076 830 3131 τῶν
860 3076 1341 3150 άπηριθμημένων
1368 3076 1579 3132 λοιπῶν
1602 3092 1617 3109 '
1644 3077 1789 3149 ἅπερ

1895 579 2186 641 incurrere
2231 583 2442 644 faciens
2494 589 2550 644 in
2605 590 2861 663 laqueum
2906 591 3133 661 inferni,
3194 594 3475 652 innovatio

1894 674 1951 730 in
1981 676 2107 733 fidei
2138 678 2410 750 symbolo,
2432 695 2597 753 quam
2629 680 2896 749 fecerunt,
2924 685 3323 755 promulgando
3351 686 3476 758 Spi-

1894 767 2060 823 ritum
2095 784 2163 825 ex
2192 769 2355 828 Patre
2382 780 2437 828 et
2470 772 2609 830 Filio
2634 774 2945 844 procedere.
2983 775 3052 831 Et
3095 786 3214 847 post
3254 778 3425 833 multa
3451 794 3474 835 :

1893 858 2166 927 Quoniam
2202 873 2386 920 autem
2420 873 2477 920 et
2507 864 2576 921 de
2614 880 2932 940 azymorum
2972 867 3252 924 oblatione
3284 868 3474 927 multis

1893 966 2129 1023 magnus
2157 961 2240 1011 est
2272 955 2446 1022 zelus,
2483 963 2541 1013 et
2583 957 2710 1030 igne
2754 959 3058 1025 ardentior,
3101 959 3248 1029 quod
3294 962 3470 1028 aiunt,

1891 1052 1946 1099 et
1977 1043 2130 1114 prius
2162 1045 2375 1103 animas
2403 1046 2717 1118 amiserint,
2742 1064 2909 1121 quam
2937 1050 3252 1124 opinionem
3285 1050 3355 1107 de
3385 1052 3475 1109 his

1892 1149 2049 1190 suam
2076 1137 2451 1196 destituerint.
2495 1138 2729 1208 Quidam
2758 1150 2942 1199 autem
2975 1153 3031 1199 et
3063 1146 3290 1215 proprio
3318 1144 3475 1200 blan-

1891 1227 2121 1286 diuutur
2150 1230 2398 1297 affectui,
2444 1242 2499 1290 et
2530 1234 2761 1306 laqueus
2791 1236 2996 1293 diaboli
3026 1238 3200 1293 Paulo
3233 1237 3451 1293 videtur

1890 1318 2023 1386 Qua:
2065 1319 2122 1375 in
2167 1320 2267 1377 hos
2304 1322 2539 1379 dicenda
2575 1336 2726 1391 sunt,
2760 1327 3033 1397 posterius
3068 1329 3467 1399 proferemus-3

1889 1413 2126 1468 aliorum
2172 1413 2396 1485 quidem
2442 1416 2866 1475 immoderatum
2899 1421 3077 1476 zelum
3112 1424 3403 1492 punientes
3421 1432 3472 1488 ι»,

1891 1503 2013 1559 aliis
2040 1513 2222 1560 autem
2255 1506 2530 1578 abiectum
2568 1511 2926 1568 ostendentes
2954 1515 3101 1583 quod
3140 1530 3247 1569 non
3277 1524 3362 1570 est
3387 1514 3477 1569 ab-

1886 1595 2092 1666 iectum
2118 1608 2147 1649 ει
2202 1597 2271 1653 Et
2299 1614 2488 1656 rursus
2530 1613 2650 1671 post
2698 1603 2871 1659 multa
2898 1620 2917 1659 :
2943 1605 3013 1662 Et
3043 1605 3477 1663 occidentalibus

1888 1689 2056 1761 igitur
2075 1690 2121 1746 si
2145 1691 2279 1762 quid
2303 1691 2360 1747 in
2391 1693 2645 1764 dogmate
2675 1704 2960 1766 peccatur,
2984 1698 3128 1768 quod
3147 1697 3216 1753 de
3236 1697 3398 1752 Patre
3418 1696 3481 1751 fl-

1890 1783 2012 1838 dem
2034 1793 2057 1821 ’
2086 1785 2364 1840 concutiat
2395 1787 2604 1858 (quale,
2633 1793 2778 1858 quod
2807 1790 2864 1845 in
2892 1790 3141 1862 symbolo
3164 1789 3231 1845 de
3264 1789 3477 1861 Spiritu

1887 1886 2077 1931 sancto
2100 1876 2399 1948 adjectum,
2421 1879 2512 1935 ubi
2546 1879 2850 1950 periculum
2883 1882 3231 1953 maximum),
3250 1880 3355 1937 hoc
3379 1883 3475 1951 qui

1885 1983 1996 2023 non
2010 1968 2237 2039 dignum
2255 1972 2625 2029 correctione'
2644 1972 3167 2038 concesserit,venia
3191 1973 3447 2045 indignus
3461 1989 3482 2030 ε.

1885 2061 1988 2117 etsi
2015 2076 2045 2115 a
2075 2061 2275 2118 throno
2302 2064 2465 2120 verba
2488 2063 2692 2121 faciant
2709 2066 2755 2131 ‘,
2782 2081 2949 2137 quem
2975 2067 3267 2124 sublimem
3303 2067 3480 2123 sublio

1888 2173 2006 2215 mes
2020 2169 2334 2230 proponunt
2351 2168 2403 2227 ιι,
2423 2169 2478 2217 et
2498 2161 2543 2218 si
2566 2160 2714 2218 Petri
2743 2162 3150 2220 confessionem
3172 2162 3479 2234 proferant,

1886 2256 1943 2303 et
1976 2250 2022 2305 si
2048 2249 2168 2317 ejus
2205 2250 2666 2308 beatificatiunem
2694 2252 3111 2318 circumferant,
3134 2261 3190 2307 et
3214 2253 3262 2308 si
3289 2254 3474 2309 claves

1889 2343 2045 2414 regni
2094 2344 2381 2401 minaciter
2437 2346 2600 2401 nobis
2649 2346 2921 2417 quatiant.
2995 2343 3069 2400 Et
3117 2361 3305 2401 rursus
3358 2357 3477 2417 post

1890 2435 2063 2490 multa
2087 2450 2107 2490 :
2138 2433 2310 2506 Igitur
2350 2452 2527 2508 neque
2565 2449 2786 2509 propter
2809 2451 3024 2511 azyma,
3056 2454 3234 2508 neque
3258 2437 3473 2509 jejunio

1889 2526 2324 2596 obdurescemus
2361 2537 2553 2584 contra
2586 2529 2818 2600 rigidam
2870 2527 3050 2599 gentis
3076 2528 3435 2599 pertinaciam
3465 2546 3479 2582 :

1893 2617 2030 2691 (Hoc
2052 2619 2198 2675 enim
2224 2627 2310 2676 est
2333 2629 2527 2676 testam
2558 2628 2714 2677 testae
2735 2619 3138 2691 conglutinare.
3153 2620 3198 2676 si
3224 2620 3359 2675 nihil
3383 2635 3487 2676 na-

1892 2721 2031 2768 tura:
2070 2711 2414 2769 ﬂexibilioris
2441 2713 2789 2785 interponas,
2818 2729 2942 2784 qua:
2974 2712 3208 2769 forsitan
3239 2713 3485 2785 glutino-

1892 2814 2011 2856 sam
2033 2800 2142 2855 vim
2169 2800 2425 2872 habeat):
2447 2815 2626 2872 neque
2648 2799 2763 2856 fere
2786 2808 3007 2872 propter
3027 2802 3235 2870 reliqua
3256 2816 3486 2857 enume-

1891 2900 2031 2957 rata,
2061 2907 2185 2962 quat
2215 2907 2275 2948 se
2303 2894 2598 2948 observare
2629 2894 2975 2958 confitentes,
3009 2899 3205 2962 praeter
3234 2890 3487 2949 suﬂ'ocati

1892 2998 2047 3039 esum
2069 2983 2259 3054 (huius
2286 2983 2431 3038 enim
2461 2999 2640 3054 neque
2669 2974 2867 3039 no'men
2891 2982 3104 3039 Latinis
3129 2983 3486 3052 temperanti-

1894 3075 1997 3132 bus
2022 3076 2312 3132 tolerabile
2329 3085 2378 3144 ν,
2401 3076 2548 3133 sicut
2574 3091 2677 3132 nec
2699 3076 2887 3145 nobis;
2907 3091 3085 3148 neque
3103 3073 3485 3131 fornicationis

191 3166 587 3237 ὁμολογοῦντες
618 3167 715 3223 καὶ
750 3169 906 3223 αὐτοὶ
935 3172 1146 3240 τηρεῖν,
1178 3170 1337 3235 ὲκτὺς
1361 3173 1463 3242 τῆς
1487 3186 1788 3238 πνικτοφα-

1894 3181 1946 3226 et
1970 3170 2187 3241 jejunii,
2207 3170 2374 3224 etiam
2397 3170 2445 3225 si
2470 3170 2630 3225 ferini
2654 3181 2711 3225 et
2733 3169 2989 3225 bestiales
3015 3168 3263 3224 homines
3294 3165 3346 3220 id
3370 3173 3488 3221 stu-

190 3260 321 3329 γίας
352 3259 583 3333 (ταύτης
622 3261 735 3334 γάρ
766 3262 889 3317 οὐδὲ
926 3261 1168 3333 τοῦνομα
1210 3263 1465 3328 Λατίνοις
1514 3263 1787 3336 σώφροσιν

1898 3261 2053 3318 diose
2089 3260 2296 3332 colant)
2329 3260 2585 3317 videntur
2617 3261 2806 3315 multis
2844 3275 2931 3323 ea,
2954 3275 3077 3330 qua:
3114 3259 3330 3315 veniam
3376 3273 3485 3313 non

189 3350 449 3427 ᾲνεκτδν,
489 3351 679 3426 ὥσπερ
727 3354 849 3409 οὐδὲ
895 3355 1028 3428 παρ’
1055 3357 1209 3427 ἡμῖν,
1243 3355 1365 3411 οὐδὲ
1403 3355 1464 3410 τὸ
1496 3356 1595 3427 τῆς
1643 3374 1782 3426 πορο

1894 3362 2191 3419 merentur,
2214 3367 2460 3425 peccare.
2476 3351 2723 3420 Quorum
2749 3350 2932 3408 verbis
2953 3366 3061 3407 non
3087 3349 3365 3417 assentiri,
3383 3348 3488 3406 viri

192 3444 372 3510 νείας,
428 3446 527 3500 καὶ
582 3446 684 3518 τῆς
745 3449 1040 3520 νηστείας·
1093 3448 1200 3503 κᾶν
1255 3449 1305 3502 oi
1358 3447 1646 3520 θηριώδεις
1698 3448 1791 3503 καὶ

1894 3446 2309 3517 est,utopinor,
2352 3446 2407 3500 in
2430 3444 2845 3502 ecclesiasttlcis
2889 3442 3135 3500 historiis
3181 3442 3488 3507 exercitati,

192 3535 499 3608 κτηνώδεις
563 3536 775 3610 ταύτην
836 3538 1224 3611 ὲπιτηδεύωσι)
1282 3538 1503 3593 δοκοῦσι
1572 3539 1791 3605 πολλοῖς

1896 3551 1951 3596 et
1979 3541 2069 3611 qui
2102 3539 2381 3601 didicerit,
2418 3554 2525 3593 non
2568 3551 2788 3593 omnem
2823 3551 3032 3593 morem
3058 3544 3085 3573 κ
3125 3535 3192 3590 ad
3225 3534 3490 3591 divellen-

192 3627 567 3698 άσύγγνωστα
632 3629 988 3699 σφάλλεσθαι.
1020 3624 1122 3685 Ὧν
1189 3630 1262 3703 μὴ
1305 3631 1652 3687 συντίθεσθαι
1680 3635 1796 3698 τοῖς

196 3721 405 3789 λόγοις,
427 3721 619 3795 ἀνδρός
649 3724 824 3787 ἐστιν,
852 3723 927 3788 ὡς
950 3721 1127 3794 οἶμαι,
1153 3726 1273 3789 ταῖς
1307 3727 1795 3798 ἐκκλησιαστικαῖς

194 3814 468 3886 ἱστορίαις
498 3815 992 3887 ὲγγυμνασθέντος,
1019 3819 1115 3873 καὶ⁵
1162 3818 1452 3890 μαθόντος.
1486 3820 1575 3883 Ὦς
1597 3820 1658 3874 οὔ
1685 3820 1795 3875 πᾶν

196 3908 324 3972 ἔθος
367 3908 690 3979 άποςχίζειν
730 3909 1062 3982 Ἐκκλησίας
1121 3911 1318 3982 ίσχύει,
1376 3909 1515 3966 ἀλλὰ
1554 3913 1616 3965 τὸ
1658 3912 1797 3983 πρὸς

195 4001 473 4072 διαφοράν
496 4002 629 4070 ἄγον
652 4000 946 4072 δόγματος.
981 4002 1122 4074 Ἔθη
1150 4001 1209 4057 δὲ
1238 4002 1460 4067 πάντως
1477 4000 1792 4067 καὶταῦτα,

196 4094 267 4148 τὰ
302 4092 462 4165 παρὰ
487 4095 601 4156 τοῖς
628 4092 966 4166 θαυμαστοῖς
983 4094 1200 4166 κριταῖς
1231 4093 1526 4165 σφάλματα
1543 4111 1558 4126 ο
1597 4094 1669 4148 τὰ
1695 4093 1797 4165 μὲν

196 4186 259 4252 ἐξ
289 4185 608 4252 εὐλαϐείας,
636 4186 714 4251 ὡς
744 4186 808 4241 τὸ
832 4187 1135 4259 προσάγειν
1159 4186 1288 4248 τοὺς
1328 4187 1660 4257 ἀσπασμους
1685 4187 1798 4249 τοῖς

199 4278 373 4342 θείοις
393 4279 618 4348 έδάφεσι
647 4276 751 4350 (μὴ
777 4279 884 4347 γὰρ
910 4278 977 4352 δὴ
1013 4276 1468 4359 παραδεξαίμεθα
1496 4276 1596 4349 τὴν
1628 4293 1802 4331 σατα-

196 4372 363 4444 νικὴν
394 4373 614 4445 ἐκείνην
635 4372 1023 4443 συκοφαντίαν,
1048 4373 1124 4439 ὡς
1147 4372 1258 4444 ἄρα
1274 4371 1525 4437 Λατίνοις
1539 4372 1600 4426 ού
1623 4389 1806 4443 ’παρα⁹

176 4465 410 4525 ,δεκτέα
442 4467 477 4536 ἡ
516 4465 652 4520 τῶν
710 4466 936 4521 εἰκόνων
985 4465 1382 4539 προσκύνησις)
1416 4465 1486 4520 τὰ
1520 4464 1579 4518 δὲ
1616 4463 1677 4530 ἐξ
1726 4466 1805 4518 ol-

1894 3634 2023 3691 dum
2054 3634 2122 3690 ab
2139 3632 2385 3693 Ecclesia
2401 3633 2602 3698 valere,
2629 3630 2724 3687 sed
2739 3629 2832 3701 qui
2853 3629 3163 3685 doctrinam
3183 3628 3238 3682 in
3260 3634 3489 3683 conten-

1897 3726 2108 3783 tionem
2135 3724 2377 3783 deducit.
2406 3724 2586 3781 Mores
2605 3732 2636 3772 γ
2659 3730 2843 3778 autem
2870 3722 3098 3777 omnino
3129 3729 3260 3777 sunt
3289 3729 3345 3775 et
3369 3719 3488 3774 haec

1900 3820 2048 3891 apud
2081 3819 2206 3875 illos
2247 3818 2548 3889 praeclaros
2587 3816 2800 3887 iudices
2837 3824 3023 3870 errata
3061 3831 3076 3869 :
3122 3813 3226 3868 alia
3265 3811 3490 3884 quidem

1902 3924 1972 3965 ex
2004 3908 2288 3979 religione,
2330 3916 2390 3962 ut
2420 3908 2680 3963 exhibere
2718 3906 2909 3962 oscula
2945 3906 3119 3962 sacris
3160 3901 3490 3975 pavimentis

1899 4000 2034 4073 (non
2072 4000 2219 4056 enim
2258 4015 2392 4055 sane
2437 3998 2796 4053 admittamus
2842 3997 3145 4054 satanicam
3204 3995 3352 4049 illam
3392 4007 3490 4048 ca-

1899 4093 2190 4160 lumniam,
2224 4105 2424 4162 nempe
2451 4100 2514 4145 ut
2545 4087 2761 4144 Latinis
2788 4097 2811 4125 ²
2845 4104 2953 4145 non
2981 4087 3320 4142 admittenda
3356 4085 3492 4139 ima.

1900 4188 2089 4261 ginum
2120 4183 2424 4254 veneratio)
2456 4182 2561 4236 alia
2592 4188 2773 4237 autem
2806 4195 2875 4236 ex
2907 4177 3341 4250 dispensatione,
3371 4190 3494 4247 qua:

1903 4276 2281 4334 inﬁmitatem
2337 4276 2549 4345 regitl,
2607 4271 2839 4329 forsitan
2893 4269 3115 4342 quidem
3166 4275 3221 4323 et
3272 4267 3491 4326 animae.

1904 4370 2132 4426 omnino
2162 4375 2348 4425 autem
2381 4364 2726 4437 corporalem
2753 4380 2768 4430 ;
2799 4370 2860 4418 ut
2897 4362 3197 4436 monachus
3228 4361 3282 4416 in
3314 4374 3489 4431 aegro-

1909 4459 2211 4517 tationibus
2243 4471 2464 4515 sumere
2493 4471 2694 4513 carnes
2725 4471 2737 4509 :
2773 4456 2938 4526 idque
2972 4452 3177 4520 sobrie,
3209 4458 3272 4510 et
3300 4466 3493 4507 revera

199 4557 494 4629 κονομίας,
516 4557 912 4630 οίκονομούσης
933 4557 1244 4624 ἀσθένειαν,
1275 4558 1419 4630 τάχα
1449 4557 1549 4629 μὲν
1571 4557 1672 4610 καὶ
1691 4557 1791 4627 ψυ-

1904 4554 2294 4628 spiritualiter.
2323 4550 2484 4620 Quod
2514 4548 2561 4606 si
2589 4548 2684 4621 qui
2727 4548 2779 4604 id
2820 4545 3173 4603 accumuleut
3209 4544 3373 4601 rebus
3407 4543 3496 4599 ino-

200 4652 331 4723 χῆς,
358 4652 584 4716 πάντως
637 4650 695 4706 δὲ
739 4651 841 4724 τὴν
874 4652 1200 4724 σωματικήν
1225 4668 1242 4685 ο
1289 4650 1367 4716 ὡς
1397 4650 1460 4705 τδ
1483 4654 1610 4715 τοὺς
1635 4668 1801 4722 μονα-

203 4743 341 4815 χοὺς
372 4744 433 4797 ὲν
452 4744 566 4808 τοῖς
584 4741 766 4807 νόσοις
802 4742 1241 4815 μεταλαμϐάνειν
1271 4743 1450 4814 κρεῶν
1471 4758 1486 4773 ·
1505 4742 1798 4806 καὶτοῦτο,

201 4835 650 4907 κεκολασμένως,
677 4837 773 4891 καὶ
799 4836 879 4909 τῷ
903 4836 1016 4891 δντι
1057 4854 1191 4890 πνευ
1201 4835 1469 4908 ματικῶς.
1488 4836 1552 4890 Ei
1569 4836 1627 4891 δέ
1651 4854 1801 4901 τινες

202 4927 343 4983 αὐτὸ
368 4928 654 5000 χυδαιοῦσι
685 4933 806 4994 ταῖς
836 4930 1204 5002 άδιαφορίαις,
1230 4930 1420 5003 ἕτερος
1460 4925 1613 4995 οὗτος
1644 4930 1804 4999 λόγος

204 5021 353 5093 πρὸς
377 5020 623 5088 τούτους,
662 5020 724 5074 οὐ
760 5021 898 5093 πρὸς
931 5024 1059 5085 τοὺς
1092 5021 1330 5093 πρώτως
1357 5022 1519 5076 τοῦτο
1545 5021 1686 5077 κατὰ
1711 5023 1805 5075 λό-

1899 4647 2315 4711 differentibus,
2348 4645 2493 4700 alius
2521 4642 2611 4698 hic
2642 4642 2698 4697 in
2736 4641 2874 4697 istos
2909 4653 3114 4704 sermo,
3148 4653 3256 4693 non
3290 4637 3344 4691 in
3371 4651 3494 4702 eos,

1901 4744 1996 4817 qui
2039 4744 2278 4813 primum
2319 4739 2457 4795 illud
2498 4738 2715 4793 ratione
2753 4732 3232 4822 dispensarunt},
3272 4740 3328 4787 et
3367 4730 3495 4797 alia,

1903 4850 2027 4908 quae
2060 4831 2394 4906 quibusdam
2425 4830 2551 4886 aliis
2582 4829 2894 4885 rationibus
2933 4825 3199 4883 Ecclesiis
3235 4823 3498 4881 occiden-

1905 4928 2109 4985 talibus
2148 4932 2280 4982 sunt
2326 4923 2517 4979 infixa.
2562 4920 2809 4989 Quorum
2859 4919 2994 4975 nihil
3040 4918 3350 4975 distrahere
3396 4930 3499 4972 nos

1903 5028 2107 5094 potest.
2135 5017 2465 5088 Neutiquam
2496 5031 2511 5070 :
2543 5015 2588 5071 si
2623 5014 2842 5084 quidem
2876 5011 3093 5086 iudices
3123 5011 3342 5076 haheat,
3367 5023 3500 5065 sen-

202 5131 313 5183 γον
376 5117 877 5187 οίκονομήσαντας,
929 5116 1024 5169 καὶ
1074 5115 1210 5170 ἄλλα
1258 5116 1379 5169 κατ’
1426 5115 1622 5179 ἄλλους
1653 5116 1791 5180 τινας

1907 5112 2142 5168 tentiam
2194 5109 2434 5165 ferentes
2480 5105 2725 5179 paternis
2780 5105 2993 5174 legibus
3040 5111 3490 5160 consentaneam.

203 5204 406 5275 λόγους
448 5207 770 5276 ὲμπαγὲντα
826 5209 949 5271 ταῖς
1003 5206 1250 5271 δυτικαῖς
1292 5207 1665 5277 Ἐκκλησίαις.
1701 5200 1791 5263 Ὧι

1906 5205 1974 5262 Et
2002 5204 2109 5260 nisi
2142 5203 2303 5273 longa
2339 5200 2476 5255 mihi
2505 5196 2690 5255 futura
2724 5206 2873 5255 esset
2904 5198 3103 5262 oratio,
3136 5202 3191 5251 et
3222 5196 3287 5249 ad
3323 5194 3501 5247 histo—

1523 5368 1757 5426 V'ARLE
1800 5368 2212 5428 LECTIONES.

285 5511 310 5545 ³
331 5508 516 5581 ἡθους.

286 5630 317 5672 ν
340 5631 654 5678 εοειτεηιεε.
732 5632 759 5673 ιι
782 5621 974 5691 objecti
1003 5637 1115 5677 esse
1139 5623 1331 5685 animi,
1360 5624 1686 5679 ostendentes
1712 5626 1851 5681 nolle
1884 5624 2181 5679 humiliari.

2262 5632 2282 5660 ι’
2308 5619 2446 5691 quod
2479 5637 2510 5673 α
2531 5618 2771 5691 patribus
2800 5627 3073 5691 Vacceptnm
3099 5617 3277 5691 ﬁdem.
3345 5625 3381 5691 Δ·
3407 5616 3498 5686 qui

212 5696 416 5763 corrigi
457 5709 559 5765 non
597 5702 798 5758 petens.
845 5687 895 5729 ἰ
931 5694 1182 5765 agt/mmo
1226 5693 1455 5747 rationes
1504 5696 1751 5764 aﬂ'erunt.
1829 5704 1853 5733 ιι
1888 5696 2012 5750 aliis
2069 5687 2441 5765 prmtuler'unt.
2486 5687 2760 5765 {Latinis
2788 5687 3089 5765 hominibus
3131 5688 3382 5741 modestis
3416 5697 3495 5739 cst

218 5763 513 5818 tolerabile.
627 5766 656 5796 ⁸
687 5763 1138 5819 consuetudinem.
1215 5772 1240 5811 7
1277 5763 1701 5820 consuetudines.

1783 5777 1804 5805 ι
1834 5757 2907 5831 Latinos'adoratiouem'imaginumnon
2940 5757 3241 5814 admittere.
3320 5770 3347 5800 ι
3381 5771 3501 5827 (ματ

215 5850 339 5888 cum
379 5835 689 5905 inﬁmitate
718 5836 1009 5905 dispensat.
1087 5836 1116 5876 δ
1149 5834 1303 5902 Quod
1332 5835 1378 5890 si
1411 5837 1501 5906 qui
1530 5837 1772 5892 licentius
1803 5837 2005 5909 agendo
2033 5838 2193 5893 nimis
2219 5838 2315 5889 hoc
2358 5829 2735 5903 pervulgatum
2767 5829 2996 5899 faciant.
