3950 6580
156 411 286 477 957
1447 415 2021 480 GRIECO-ROMAN
2031 419 2140 481 UM
2149 467 2166 484 .
3336 424 3442 491 958

159 525 318 581 Πνεύ
329 543 518 597 ματος.
565 527 686 582 Ὀτι
711 527 805 582 καὶ
841 528 870 582 ὁ
901 528 1092 600 Σωτὴρ
1117 529 1174 582 ἐν
1198 529 1471 602 δακτύλῳ,
1503 533 1745 590 τουτέστι

1862 535 1954 589 sed
1993 535 2310 599 carnaliter,
2338 548 2517 604 neque
2542 535 3010 606 supramundane,
3047 538 3144 595 sed
3172 543 3451 599 mundane

160 621 244 688 τῷ
277 622 424 691 ἁγίῳ
454 621 754 692 Πνεύματι,
781 621 849 676 τὰ
871 623 1123 695 δαιμόνια
1155 624 1440 679 ἐκϐάλλειν
1469 625 1607 696 πρὸς
1629 627 1745 690 τοὺς

1868 624 2055 678 annuli
2103 624 2522 695 appellationem
2569 625 2992 695 accipientibus,
3028 627 3208 683 studio
3252 643 3451 700 magno

159 715 427 778 ἀπειθεῖς
474 714 661 783 ἔλεγεν
703 716 1012 782 Ἰουδαίους,
1050 719 1101 772 οἳ
1153 718 1484 783 Βεελςεϐοὺλ
1536 719 1745 789 ἐκερτό-

1864 712 2179 769 aﬂ‘ectatum
2212 722 2297 770 est
2332 713 2536 768 annulo
2573 724 2808 784 gestare,
2852 723 3042 786 utpote
3083 715 3447 774 Ecclesiarum

163 823 312 872 μουν
349 805 492 875 ἔχειν
523 806 707 860 αὐτόν.
745 807 856 860 Καὶ
905 809 993 861 τὸν
1035 808 1401 863 ἐπανελθόντα
1436 808 1496 861 δὲ
1548 808 1745 862 ἄσωτοι

1864 807 2102 875 sponsis.
2140 805 2375 877 Ideoque
2407 823 2584 878 neque
2618 808 2720 862 hoc
2751 809 2860 864 illis
2893 819 3080 864 notam
3114 808 3287 864 inurit

159 897 284 949 υίὺν
347 897 614 970 δακτυλίῳ
670 899 858 972 χρυσῷ
906 903 1322 973 ἐπεκόσμησενο
1375 903 1496 957 ὅλον
1547 899 1750 972 δηλαδὴ
1784 899 1971 953 τοῦτον
2013 901 2305 964 ἐκτελέσας
2339 901 2726 973 πνευματικὸν,
2749 903 2900 968 ἀντὶῖ
2944 903 3228 973 σαρκικοῦ.
3303 901 3429 966 Τοῖς

159 1005 226 1054 γε
259 990 376 1059 μὴν
405 992 657 1055 Λατίνοις
697 991 761 1045 οὐ
792 993 1200 1063 πνευματικῶς,
1241 993 1378 1047 ἀλλά
1428 991 1742 1064 σαρκικῶς,
1783 991 1890 1044 οὐδ’
1918 992 2326 1062 ὑπερκοσμίως,
2361 994 2499 1048 ἀλλά
2557 995 2837 1064 κοσμικῶς
2865 994 2966 1066 τὴν
3019 994 3113 1049 τοῦ
3179 995 3435 1050 δακτυλίο

160 1083 551 1150 προσηγορίαν
590 1082 1114 1153 ἐκλαμϐανομένοις,
1148 1082 1616 1155 περισπούδαστον
1663 1081 1872 1149 γίνεται
1896 1081 1956 1133 τὸ
1993 1081 2435 1156 δακτυλιοφορεῖν
2461 1122 2476 1148 ,
2512 1084 2588 1148 ώς
2648 1083 2757 1139 τῶν
2830 1085 3165 1157 Ἐκκλησιῶν
3233 1086 3439 1158 δήπου-

160 1172 258 1224 θεν
296 1173 632 1246 μνήστορσιν
667 1191 682 1207 ο
711 1175 836 1228 ὅθεν
869 1175 990 1229 οὐδὲ
1020 1175 1182 1229 τοῦτο
1208 1176 1513 1247 προσάπτει
1539 1173 1746 1246 μέμψιν
1780 1171 1986 1236 αὐτοῖς.

245 1267 606 1334 Ἑμύτησις.
639 1267 1007 1339 Είπρόκριμα
1039 1270 1114 1338 τῷ
1171 1270 1418 1341 ἀρχιερεῖ
1462 1269 1524 1323 τὸ
1573 1269 1744 1340 εἰσέρ.

157 1357 360 1424 χεσθαι
394 1360 474 1421 είς
505 1359 604 1421 τὰς
634 1360 929 1424 Λατινικάς
959 1361 1274 1430 ἐκκλησίας,
1306 1361 1399 1414 καὶ
1429 1363 1754 1432 προσκυνεῖν

157 1449 342 1516 ἡνίκα
370 1449 437 1502 ἂν
465 1450 834 1522 προσκληθείη
869 1451 999 1522 παρ’
1024 1451 1228 1505 αὐτῶν.
1262 1452 1369 1504 Καὶ
1409 1453 1457 1504 εί
1515 1449 1754 1521 μεταδώ⁹

161 1554 247 1591 σει
277 1539 498 1601 τούτοις
552 1542 987 1605 κατακλαυστοῠ.
1028 1543 1158 1596 ὅταν
1197 1543 1277 1606 είς
1312 1541 1410 1613 τὴν
1452 1543 1612 1610 ἁγίαν
1659 1543 1756 1596 καὶ

154 1630 466 1701 καθολικὴν
490 1633 785 1702 ἐκκλησίαν
808 1634 868 1686 ἐν
893 1637 960 1704 τῇ
989 1634 1301 1705 λειτουργίᾳ
1318 1635 1752 1704 παραγίνωνται.

241 1722 387 1779 Ἀπ.
413 1724 568 1786 Τινὲς
588 1724 698 1778 τῶν
729 1725 976 1778 Λατίνων
1002 1726 1348 1796 εὑρίσκονται
1383 1725 1460 1796 μὴ
1514 1724 1747 1778 καθόλου

152 1814 700 1886 διαφερόμενοι-πρὸς
727 1816 794 1870 τὰ
813 1816 938 1870 καθ’
957 1818 1102 1888 ἡμᾶς
1124 1817 1240 1888 ἔθη,
1267 1817 1333 1870 τά
1369 1835 1431 1870 τε
1449 1816 1756 1888 δογματικέι

1936 1265 2320 1336 Interrogatio.
2364 1267 2447 1322 An
2487 1267 2866 1338 praejudieium
2925 1270 3180 1333 antistiti,
3230 1271 3439 1341 ingredi

1862 1359 2182 1415 Latinorum
2239 1359 2524 1425 ecclesias,
2565 1370 2620 1414 et
2683 1361 2756 1415 ibi
2831 1361 3084 1428 adorare,
3114 1377 3240 1418 cum
3275 1363 3344 1418 ab
3373 1363 3441 1418 iis

1860 1460 2118 1504 evocatus
2148 1447 2331 1504 fuerit.
2383 1448 2448 1503 Et
2491 1466 2558 1504 an
2607 1451 2674 1505 iis
2700 1449 3058 1505 fractioncmi
3111 1451 3436 1516 distribuet,

1861 1555 1984 1594 cum
2007 1541 2058 1594 in
2081 1548 2270 1594 sancta
2294 1549 2349 1596 et
2374 1542 2641 1598 catholica
2670 1543 2913 1598 Ecclesia
2945 1557 3103 1598 sacro
3132 1544 3439 1599 ministerio

1861 1630 2236 1685 interfuerint.

1927 1721 2044 1778 Res.
2087 1721 2407 1778 Latinorum
2453 1723 2698 1793 quidam,
2744 1740 2852 1780 non
2888 1725 3116 1780 omnino
3159 1741 3186 1779 a
3235 1727 3440 1782 nostris

1861 1816 2128 1880 moribus,
2165 1825 2272 1870 tam
2307 1815 2654 1887 dogmaticis,
2683 1833 2846 1886 quam
2880 1818 3298 1882 ecclesiasticis,
3329 1819 3439 1873 dif-

155 1907 254 1958 καὶ
281 1911 360 1959 τὰ
386 1908 823 1976 ἐκκλησιαστικὰ
853 1924 868 1940 °
911 1911 1002 1962 καὶ
1024 1911 1181 1974 εἰσὶν,
1239 1909 1314 1972 ὡς
1355 1910 1421 1964 ἄν
1449 1928 1530 1973 τις
1596 1911 1745 1981 εἴπῃ,

1852 1887 2011 1960 ’ίειτε
2030 1907 2446 1975 compcriuntur
2480 1926 2494 1961 :
2535 1918 2588 1962 et
2627 1918 2753 1963 sunt
2776 1912 2860 1978 (ut
2903 1909 3104 1965 dixerit
3140 1909 3436 1980 quispiam)

154 2003 306 2055 κατά
340 2002 501 2056 τοῦτο
523 2002 1076 2076 ἐπαμφοτερίζοντες.
1122 2004 1331 2075 ’Ὠσπερ
1363 2003 1548 2057 τοίνυν
1577 2003 1640 2057 τὸ
1656 2005 1751 2058 ἀν·-

154 2092 627 2164 τισκληρύνεσοαι
673 2097 783 2156 τοῖς
854 2095 1061 2148 ἐπίπαν
1110 2094 1529 2166 διαφερομένοις
1591 2096 1746 2166 ἡμῖν,

154 2184 462 2254 ἐξαιρέτως
487 2185 580 2239 ἐπὶ
611 2183 690 2256 τῷ
719 2185 949 2255 δόγματι
972 2186 1070 2254 τῆς
1105 2185 1200 2240 τοῦ
1231 2185 1392 2254 ἁγίου
1433 2185 1748 2255 Πνεύματος

157 2275 576 2347 ἐκπορεύσεως,
606 2276 844 2346 καθῆκον
875 2277 968 2330 καὶ
996 2277 1141 2330 ὅσιον
1166 2293 1180 2307 ο
1211 2275 1353 2330 οὕτω
1383 2277 1443 2330 τὸ
1471 2293 1749 2342 συγκατα-

156 2368 375 2422 ϐαίνειν
405 2371 520 2432 τοῖς
555 2367 629 2441 μὴ
660 2369 942 2435 τοιούτοις,
981 2370 1075 2422 καὶ
1117 2370 1496 2441 συνέρχεσθαι,
1530 2371 1592 2425 ού
1617 2387 1748 2442 προσ

155 2461 343 2527 κρινεί
367 2457 447 2528 τῷ
476 2459 742 2529 ἀρχιερεῖ,
770 2459 846 2523 ὡς
872 2459 1186 2530 οἰκονομίαν
1211 2461 1634 2531 πεπιστευμένῳ
1655 2461 1774 2515 καὶ·

158 2565 220 2614 με
231 2564 286 2600 τε
296 2565 399 2620 ρχο
406 2549 551 2620 μένῳ
571 2551 670 2620 τὴν
696 2550 1014 2622 πρέπουσαν
1038 2553 1340 2624 οἰκονόμοις
1357 2554 1568 2624 ψυχῶν.
1587 2553 1750 2608 Ὅθεν

154 2639 249 2692 καὶ
304 2650 388 2703 είς
433 2642 532 2704 τὰς
573 2642 869 2712 ἐκκλησίας
911 2642 1092 2697 αὐτῶν
1151 2645 1521 2715 προσκληθεὶς
1569 2639 1746 2712 οὗτος,

154 2732 558 2796 ἀνενδοιάστως
593 2732 863 2803 ἀφίξεται.
889 2733 1010 2788 Τῶν
1037 2733 1207 2804 ἁγίων
1257 2735 1366 2806 γὰρ
1391 2736 1617 2792 εἰκόνων
1637 2739 1747 2792 εἰσί

161 2823 259 2876 καὶ
317 2818 465 2878 οὗτοι
530 2827 929 2896 προσκυνηταὶ,
1000 2828 1096 2880 καὶ
1124 2829 1181 2882 ἐν
1236 2831 1348 2892 τοῖς
1394 2831 1514 2882 κατ’
1550 2831 1750 2894 αὐτοὺς

157 2919 313 2979 ναοῖς
346 2917 741 2988 ἀναστηλοῦσιν
772 2918 964 2984 αὐτάς.
994 2920 1106 2974 Καὶ
1151 2919 1451 2991 προθύμως
1512 2919 1748 2993 προσερ-

156 3009 416 3080 χομένοις
444 3011 657 3074 τούτοις
693 3011 990 3082 μεταδώσει
1015 3013 1416 3078 κατακ).αστοῦ,
1444 3015 1571 3067 ὅταν
1595 3016 1653 3067 ἐν
1679 3018 1744 3085 τῇ

157 3099 429 3170 καθολικῇ
462 3100 730 3172 ἐκκλησίᾳ
761 3102 1196 3172 παραγένωνται.
1238 3101 1304 3155 Ἦ
1357 3103 1582 3174 τοιαύτη
1636 3104 1746 3173 γὰρ

1852 1995 1904 2050 in
1943 2011 2008 2050 eo
2063 1996 2331 2065 ancipites
2381 1999 2429 2052 Ιί.
2478 1997 2947 2064 Quemadmodum
3024 2000 3194 2070 igitur
3237 2001 3308 2057 iis
3351 2017 3439 2056 re-

1852 2087 2069 2154 luctari,
2102 2089 2196 2158 qui
2234 2104 2462 2158 prorsus
2497 2106 2526 2144 a
2560 2091 2715 2146 nobis
2741 2091 3100 2157 dissentiunt,
3125 2094 3433 2163 praesertim

1857 2179 1910 2233 iu
1940 2179 2195 2249 dogmate
2223 2181 2289 2235 de
2323 2182 2500 2236 sancti
2535 2181 2772 2251 Spiritus
2809 2187 3187 2252 processione,
3234 2200 3439 2239 convc-

1851 2271 2007 2326 niens
2037 2281 2119 2327 cst
2150 2283 2203 2326 et
2231 2282 2482 2328 sanctum
2513 2291 2527 2330 :
2555 2275 2634 2328 sic
2674 2274 2728 2328 in
2760 2275 2897 2329 idem
2929 2290 3053 2328 cum
3088 2291 3192 2328 non
3233 2276 3437 2331 talibus

1850 2363 2188 2417 descendere
2234 2375 2288 2417 et
2328 2364 2623 2418 convenire
2657 2363 2697 2426 ι,
2747 2382 2852 2418 non
2907 2367 3286 2435 prmjmlicabit
3335 2383 3434 2420 an-

1853 2455 2031 2517 tistiti,
2060 2457 2150 2524 qui
2191 2455 2452 2510 creditam
2501 2457 2964 2525 dispensationem
3019 2458 3434 2513 convenientem

1853 2544 2159 2599 animarum
2199 2545 2654 2615 gubernatoribus
2691 2554 2931 2602 exercet.
2977 2545 3344 2612 Quamobrem
3377 2555 3432 2602 et

1852 2637 1942 2691 hic
1970 2639 2024 2692 in
2053 2639 2318 2694 ecclesias
2345 2654 2534 2694 eorum
2567 2640 2903 2707 accersitus,
2943 2639 3069 2694 sine
3097 2639 3437 2694 dubitatione

1853 2731 2054 2785 veniet.
2082 2729 2406 2785 Sanctarum
2441 2731 2586 2786 enim
2628 2731 2924 2800 imaginum
2963 2741 3094 2786 sunt
3128 2739 3181 2786 et
3221 2731 3277 2786 bi
3313 2731 3430 2785 cul-

1852 2831 2024 2889 tores,
2059 2815 2113 2879 et
2149 2825 2205 2879 in
2243 2824 2360 2880 suis
2391 2824 2609 2894 templis
2639 2839 2732 2880 eas
2759 2825 3088 2900 erigunt..Et
3115 2825 3434 2882 accedenti—

1851 2919 1959 2972 bus
2020 2917 2090 2973 iis
2149 2917 2480 2972 lractiouem
2545 2925 2801 2988 prompte
2865 2916 3147 2987 largietur,
3197 2932 3321 2972 cum
3375 2920 3433 2973 in

1853 3007 2103 3063 Ecclesia
2148 3007 2417 3061 catholica
2455 3007 2711 3061 aderunt.
2757 3005 3082 3074 llujusmodi
3112 3006 3258 3061 enim
3298 3021 3436 3062 con-

1851 3095 2086 3152 suetudo
2141 3104 2467 3166 potestatem
2522 3097 2688 3152 habet
2739 3096 3004 3166 paulatim
3058 3112 3155 3154 eos
3205 3100 3435 3153 omnino

158 3195 426 3268 συνήθεια
456 3196 687 3266 δύναμιν
718 3196 996 3267 ἔχεικατὰ
1030 3197 1223 3268 μικρὸν
1250 3198 1582 3267 μεθελκύσαι
1641 3199 1738 3250 αὑ-

1852 3187 2156 3243 ;ιιιιοίιοηι1ἰ
2206 3188 2272 3242 ad
2323 3202 2516 3244 sacros
2568 3195 2788 3242 nostros
2827 3202 3010 3243 mores
3049 3196 3104 3241 et
3140 3189 3421 3260 dogmata.

153 3290 282 3354 τοὺς
310 3288 542 3344 καθόλου
579 3289 715 3359 πρὸς
739 3289 808 3343 τὰ
844 3290 964 3344 καθ’
999 3291 1146 3361 ἡμᾶς
1193 3292 1312 3361 ἱερά
1368 3290 1465 3360 έθη
1506 3289 1602 3345 καὶ
1651 3291 1741 3345 δό⁴

155 3395 366 3449 γματα.
398 3380 702 3435 Πυκνοῦται
724 3381 780 3434 δὲ
809 3381 902 3434 καὶ
924 3383 958 3450 ἡ
1001 3381 1200 3434 Ἰταλία
1245 3381 1402 3436 θείων
1431 3381 1742 3435 ἀποστόλων
1786 3415 1788 3417 ›

157 3473 250 3526 καὶ
280 3473 580 3544 μαρτύρων
609 3476 759 3538 ναοῖς
782 3488 800 3506 ⁸
831 3467 905 3528 ὧν
949 3475 1247 3546 κορυφαῖος
1272 3474 1300 3526 ό
1322 3474 1380 3527 ἐν
1418 3475 1484 3545 τῇ
1550 3473 1740 3545 Ῥώμη

162 3563 493 3634 περίκλυτος
532 3563 628 3618 τοῦ
680 3565 741 3618 ἐν
797 3563 1117 3627 ἀποστόλοις
1171 3564 1471 3634 κορυφαίου
1529 3565 1738 3635 Πέτρου

161 3656 310 3721 ναός.
349 3656 438 3709 Ἐν
469 3654 551 3720 οἷς
580 3656 840 3728 ἡμέτεροι
870 3656 1246 3727 εἰσερχόμενοι
1282 3655 1344 3711 ἐκ
1381 3674 1440 3708 τε
1466 3657 1565 3721 τῆς
1589 3657 1741 3727 ίερα-

156 3749 315 3818 τικῆς
349 3747 569 3818 μερίδος
604 3747 700 3801 καὶ
727 3747 827 3818 τῆς
857 3747 1072 3816 λαῖκῆς,
1102 3747 1406 3818 προσευχάς
1435 3764 1493 3800 τε
1523 3747 1742 3801 ποιοῦνο

158 3854 243 3892 ται
266 3838 408 3908 πρὸς
460 3838 617 3905 Θεὸν,
646 3839 741 3892 καὶ
770 3841 882 3903 τοῖς
921 3839 978 3892 ἐν
1008 3838 1192 3901 αὐτοῖς
1213 3839 1540 3908 τιμωμένοις
1567 3838 1743 3906 ἁγίοις

157 3925 252 3996 τὴν
279 3925 540 3996 σχετικὴν
566 3926 940 3998 προσκύνησιν
993 3928 1086 3981 καὶ
1129 3927 1295 3996 τιμὴν
1355 3925 1694 3995 ἀπονέμουσι
1725 3939 1740 3954 ο

159 4019 246 4070 καὶ
275 4017 569 4088 πρόκριμα
603 4015 854 4071 ἐντεῦθεν
880 4017 1110 4082 οὐδόλως
1148 4016 1496 4086 ὑφίστανται,
1523 4015 1608 4085 ἐφ’
1659 4010 1739 4079 οἷς

158 4109 362 4181 δηλαδὴ
394 4109 500 4163 ὑπὸ
536 4111 664 4174 τοὺς
691 4110 956 4174 Λατίνους
983 4109 1092 4162 εἰσὶ
1112 4111 1282 4172 ναοῖς.
1310 4106 1657 4178 Μεμνήμεθα
1679 4107 1740 4160 δὲ

156 4199 229 4265 ὡς
264 4203 560 4270 γεγόνασιν
587 4203 881 4274 ἐρωτήσεις
913 4200 1020 4272 πρὸ
1051 4200 1188 4254 ἐτῶν
1227 4200 1329 4272 ἤδη
1365 4200 1565 4254 ἱκανῶν
1590 4200 1744 4270 παρά

159 4292 391 4363 Μάρκου
429 4290 525 4344 τοῦ
545 4292 644 4360 τῆς
666 4291 815 4353 ὁσίας
855 4290 1076 4361 μνήμης
1105 4288 1446 4360 πατριάρχου
1480 4287 1736 4356 ’Δλεξαν-

156 4379 338 4451 δρείας
373 4396 388 4410 °
447 4383 543 4434 καὶ
599 4381 689 4434 ἐπ’
735 4382 926 4444 αὑταῖς
979 4378 1299 4450 ἀποκρίσεις
1318 4377 1598 4450 Θεοδώρου
1652 4375 1743 4430 τοῦ

161 4472 469 4542 μακαρίτου
497 4473 835 4543 πατριάρχου
888 4471 1218 4541 Ἀντιοχείας
1267 4469 1362 4523 τοῦ
1392 4468 1694 4540 Βαλσαμών
1725 4484 1740 4500 ο

157 4556 240 4626 αἷς
270 4539 780 4635 συντεταγμένη
813 4563 907 4617 καλ⁵
942 4539 1350 4634 περίήΛατίνων
1378 4539 1742 4632 αἰχμαλώτων
1771 4539 1820 4598 D

160 4655 449 4726 ἐρώτησις,
470 4659 516 4708 εἰ
545 4656 650 4728 χρὴ
673 4656 871 4728 δηλαδὴ
893 4656 1118 4720 τούτους
1149 4655 1552 4727 προσδέχεσθαι
1593 4671 1745 4726 παρ-

158 4747 510 4812 ουσιάζοντας
546 4753 623 4810 εἰς
669 4749 768 4810 τὰς
806 4747 1097 4810 καθολικάς
1145 4746 1462 4816 ἐκκλησίας,
1516 4747 1609 4799 καί
1639 4745 1744 4816 ζη-

157 4837 389 4900 τοῦντας
456 4837 893 4908 μεταλαμϐάνειν
958 4839 1066 4891 τῶν
1127 4837 1289 4892 θείων
1358 4837 1735 4908 ἁγιασμάτων.

158 4924 263 4978 Καὶ
295 4925 611 4989 ἀκολούθως
644 4925 738 4978 ἐπὶ
768 4925 944 4996 ταύτῃ
968 4926 1280 4995 ἀπόκρισις,
1317 4926 1544 4978 καθόλου
1593 4927 1738 4978 ἀπα-

156 5017 464 5088 γορεύουσα
494 5018 620 5080 τοὺς
650 5017 972 5088 εἰρημένους
996 5018 1258 5080 Λατίνους
1288 5018 1377 5070 διὰ
1406 5018 1604 5088 χειρῶν
1630 5019 1738 5072 τῶν

157 5108 278 5161 καθ’
314 5109 467 5178 ἡμᾶς
528 5108 720 5179 ίερέων
758 5108 856 5178 τῆς
911 5107 1060 5171 θείας
1100 5107 1387 5171 κοινωνίας
1429 5107 1734 5173 ἀξιοῦσθαι.

160 5196 320 5261 Ἠτις
351 5199 417 5269 δὴ
447 5199 741 5268 ἀπόκρισις
773 5199 864 5252 τὸν
896 5201 1110 5252 οἰκεῖον
1140 5199 1298 5267 λόγον
1359 5198 1735 5270 συγκροτοῦσα

158 5291 264 5344 ἀπὸ
293 5291 397 5362 τῆς
425 5292 576 5356 θείας
628 5291 876 5362 Γραφῆς,
901 5290 979 5362 τῷ
1015 5289 1279 5361 Κυριακῴ
1331 5289 1526 5361 ἐκείνῳ
1573 5290 1739 5360 ἐχρή-

162 5397 292 5436 σατο
317 5384 524 5453 ῥήματι
546 5400 561 5414 ο
598 5383 656 5436 Ὀ
691 5381 766 5454 μὴ
797 5381 872 5436 ὢν
906 5381 1103 5452 (λέγον)
1139 5382 1256 5451 μετ’
1283 5378 1440 5451 ἐμοῦ,
1467 5379 1736 5450 κατ’ἐμοῢ

161 5475 275 5528 ἐστι
313 5491 330 5507 ο
379 5477 474 5528 καὶ
499 5477 528 5528 ό
563 5474 640 5546 μὴ
670 5476 920 5544 συνάγων
954 5475 1069 5546 μετ’
1106 5473 1264 5544 ἐμοῦ,
1301 5473 1606 5542 σκορπίζει.
1653 5473 1731 5542 Τῇ

160 5564 383 5638 τοιαύτῃ
416 5565 472 5618 δὲ
493 5566 782 5636 ἀποκρίσει
804 5564 1107 5636 τηνικαῦτα
1132 5564 1315 5617 πολλοὶ
1363 5563 1470 5617 τῶν
1517 5563 1727 5631 ἐλλογί-

1842 3279 2102 3350 Repletur
2131 3289 2310 3335 autem
2341 3288 2394 3336 et
2426 3281 2578 3336 Italia
2607 3279 2922 3336 divinorum
2962 3281 3336 3351 apostolorum
3366 3288 3421 3335 et

1845 3383 2142 3444 martyrum
2185 3373 2424 3442 templis.
2466 3373 2617 3427 Inter
2651 3388 2772 3442 quae
2807 3388 3080 3427 summum
3110 3372 3320 3427 obtinet
3350 3372 3432 3428 lo-

1849 3481 1975 3519 cum
2025 3465 2213 3519 Romte
2252 3466 2518 3534 inclytum
2559 3466 2706 3520 Petri
2749 3465 3118 3534 apostolorum
3152 3466 3432 3535 corypliazi

1844 3557 2122 3627 templum.
2149 3556 2204 3610 ln
2235 3572 2354 3626 qua:
2380 3564 2652 3611 nostrates
2686 3555 3080 3626 ingredientes,
3109 3562 3216 3608 tam
3248 3555 3430 3610 eccle-

1843 3649 2052 3703 siastici
2084 3649 2324 3713 ordinis,
2357 3662 2523 3716 quam
2564 3647 2711 3711 laici,
2739 3655 2864 3702 vota
2902 3644 3110 3701 faciunt
3141 3647 3207 3701 ad
3238 3645 3432 3713 Deum,

1843 3748 1896 3794 et
1939 3743 2165 3808 sanctis,
2216 3743 2309 3812 qui
2350 3743 2404 3798 iu
2456 3745 2537 3800 eis
2585 3745 2865 3809 coluntur,
2915 3744 3154 3800 debitam
3199 3759 3430 3800 venera-

1847 3831 2048 3886 tionem
2102 3841 2156 3886 et
2206 3833 2464 3889 honorem
2533 3837 2812 3891 exhibent.
2885 3833 2997 3891 Nec
3050 3834 3431 3905 prazjudicium

1846 3921 1972 3977 imle
2016 3923 2185 3976 ullum
2230 3925 2530 3990 sustinent,
2563 3942 2685 3982 cum
2723 3925 2971 3981 videlicet
3015 3927 3068 3981 in
3110 3925 3432 3981 Latinorum

1845 4020 1974 4068 sunt
2027 4014 2267 4084 templis.
2331 4015 2678 4072 Meminimus
2732 4027 2915 4072 autem
2966 4017 3432 4087 interrogationes

1846 4102 2027 4160 factas
2060 4121 2180 4162 esse
2215 4115 2338 4162 ante
2369 4109 2568 4164 multus
2589 4109 2704 4179 jam
2737 4124 2910 4164 annos
2943 4124 2972 4162 a
3007 4108 3193 4163 Marco
3224 4116 3434 4164 sanctze

1850 4197 2134 4251 memoriae
2172 4197 2482 4266 patriarcha
2525 4199 2916 4264 Alexandrino,
2947 4206 3002 4255 et
3035 4198 3429 4270 responsiones

1845 4288 1912 4341 ad
1954 4303 2089 4355 eas,
2144 4287 2416 4344 Theodori
2478 4290 2856 4357 Balsamonis,
2908 4291 3052 4347 beati
3113 4290 3435 4362 patriarchae

1847 4379 2174 4436 Antiochiae.
2207 4380 2419 4448 Quibus
2452 4383 2656 4439 inserta
2687 4394 2804 4440 erat
2834 4391 2889 4438 et
2922 4384 2988 4439 de
3017 4382 3228 4438 Latinis
3257 4382 3433 4452 capti-

1845 4473 1928 4529 vis
1955 4471 2315 4544 intcrrogatio
2348 4490 2362 4526 :
2398 4489 2466 4529 an
2507 4483 2754 4544 oporteat
2791 4475 3041 4530 videlicet
3083 4489 3176 4529 eos
3213 4474 3426 4528 admit-

1847 4571 1982 4628 tere,
2015 4563 2061 4620 si
2103 4579 2164 4620 se
2200 4564 2255 4618 in
2287 4564 2572 4620 catholicis
2632 4565 2882 4621 ecclesiis
2925 4573 3340 4636 repraesentem,
3372 4574 3428 4619 et

1845 4663 2094 4724 quaerant
2147 4656 2457 4712 divinarum
2515 4657 3080 4712 sanctiﬁcationumm
3131 4657 3425 4726 participes

1847 4744 1987 4808 ﬁeri,
2022 4753 2077 4799 et
2111 4753 2514 4815 consequenter
2554 4745 2622 4801 ad
2659 4747 2808 4800 hane’
2846 4747 2986 4800 facta
3027 4745 3342 4815 responsio,
3375 4744 3427 4798 in

1846 4837 2163 4891 universum
2198 4837 2556 4897 interdicens.
2588 4852 2657 4891 ne
2687 4837 2930 4906 prtedicti
2968 4838 3143 4892 Latini
3183 4851 3278 4907 per
3313 4851 3428 4888 ma-

1847 4943 1950 4982 nus
1978 4936 2294 4982 nostrorum
2330 4929 2678 4983 sacerdotum
2707 4929 2946 4982 divinam
2975 4930 3422 4982 communionem

1847 5029 2183 5074 mereantur.
2210 5019 2339 5084 Quae
2363 5035 2494 5073 sane
2524 5019 2812 5087 responsio
2845 5020 3120 5088 prepriam
3154 5019 3422 5072 rationem

1848 5113 2092 5182 aliegans
2127 5127 2191 5165 ex
2227 5126 2382 5165 sacra
2424 5111 2728 5179 Scriptura,
2762 5111 3045 5164 Dominico
3083 5110 3174 5163 illo
3212 5121 3309 5161 usa
3340 5115 3424 5158 est

1843 5203 2046 5257 verbo:
2081 5201 2183 5268 Qui
2238 5216 2342 5254 non
2389 5209 2474 5254 est
2527 5201 2750 5272 (inquit)
2811 5217 3046 5265 mecum,
3098 5207 3288 5252 contra
3336 5208 3426 5247 me

1844 5300 1932 5347 est
1971 5306 1984 5343 :
2026 5299 2080 5345 et
2120 5290 2212 5360 qui
2264 5305 2370 5344 non
2420 5289 2626 5358 colligit
2675 5305 2912 5356 mecum,
2951 5286 3235 5358 dispergit.
3283 5281 3420 5334 lluie

1846 5390 2029 5436 autem
2067 5395 2333 5452 responso
2365 5381 2610 5450 praeclari
2645 5381 2802 5435 multi
2836 5381 2935 5435 viri
2967 5387 3098 5432 tunc
3140 5389 3244 5428 non
3290 5376 3420 5425 sunt

1843 5471 2146 5543 sull‘ragati,
2187 5479 2247 5524 ut
2290 5471 2432 5539 quod
2475 5472 2704 5525 multum
2743 5471 2965 5526 duritici
3004 5476 3058 5521 et
3095 5460 3417 5518 acerbitatis

1838 5564 2084 5628 haberet,
2127 5577 2226 5616 nec
2269 5562 2644 5618 convenientis
2681 5555 3091 5632 reprehensioni
3136 5550 3408 5605 Latinica-

1466 5723 1696 5780 νΑιιιᾹε
1736 5719 2134 5779 LECTIONES.

233 5834 250 5890 ί
300 5853 486 5908 partem
545 5840 793 5910 fractum.
874 5842 898 5880 Ιι
932 5841 1215 5894 ncutrales.

1301 5840 1419 5893 ‘sic
1472 5855 1572 5892 non
1607 5839 1798 5892 talibus
1854 5848 2009 5891 semet
2055 5834 2467 5892 accmnnzodnre.

2587 5843 2618 5862 "‘
2654 5837 3129 5882 Sttt‘r'tti"ii(0l'lli?l.
