3950 6558
491 396 602 460 959

1770 388 1910 451 JUS
1951 382 2398 448 CANONICUM

3640 389 3741 453 950

478 524 602 565 rum
638 507 936 563 formarum
968 514 1024 563 et
1061 522 1296 562 morum.
1329 504 1396 562 Et
1427 504 1573 576 quod
1608 502 1909 576 (inquiunt)
1941 502 2054 556 haec

2165 514 2281 567 μων
2306 495 2408 549 οὐκ
2431 491 2635 558 ιθεντο,
2667 486 2755 546 οἷα
2779 492 2914 548 πολὺ
2937 490 3140 566 ἐχούσῃ
3181 492 3244 550 eo
3274 492 3481 566 ἀπηνές
3531 513 3590 550 τε
3651 502 3737 553 καὶ

480 602 819 678 synodaliter
847 602 1065 657 decreta
1110 618 1220 657 non
1261 600 1392 663 sint,
1430 613 1606 668 neque
1638 597 1764 668 ipsi,
1800 603 1861 651 ut
1891 594 2065 650 here-

482 694 594 757 tici,
622 692 841 765 publice
870 693 1061 763 rejecti
1096 691 1329 756 fuerint;
1361 689 1459 746 sed
1490 699 1546 745 et
1575 689 1742 745 simul
1775 687 2061 743 uobiscum

478 781 662 839 cibum
702 789 947 847 sumant,
990 791 1045 838 et
1095 788 1410 851 precentur.
1454 780 1519 833 Et
1571 785 1749 848 potest
1788 776 1915 848 quis
1950 776 2062 847 (in-

480 873 700 946 quiunt)
736 874 1209 930 ratiocinationem
1240 874 1382 926 banc
1409 871 1576 942 probe
1608 870 1873 939 colligere
1899 883 1966 923 ex
1994 881 2062 921 xv

477 978 691 1019 canone
745 962 1371 1032 Constantinopolitanae
1419 968 1625 1016 sancta:
1670 958 1892 1031 synodi.
1940 971 2063 1028 quas

476 1057 655 1126 prima
685 1064 739 1109 et
774 1054 1018 1110 secunda
1054 1055 1326 1126 appellata
1358 1062 1461 1109 est.
1507 1053 1570 1106 Et
1604 1051 1750 1122 quod
1782 1051 1960 1106 Latini
1993 1048 2061 1104 ad

477 1162 580 1203 nos
618 1146 906 1215 accedant,
949 1154 1273 1218 petautque,
1303 1156 1363 1202 ut
1409 1161 1442 1202 a
1473 1145 1630 1202 nobis
1679 1144 2058 1200 fermentatam

474 1246 721 1293 sanctam
769 1237 1106 1293 oblationem
1156 1238 1477 1305 accipiant:
1514 1235 1866 1290 manifestum
1905 1232 2057 1297 facit,

473 1346 590 1395 eos,
617 1330 723 1386 nisi
754 1345 947 1402 azyma
978 1338 1419 1393 contemnerent,
1449 1337 1505 1384 et
1534 1329 1687 1398 parvi
1718 1327 1961 1383 facerent
1992 1326 2059 1383 iis

472 1424 717 1479 contenti
758 1439 903 1489 esse,
941 1422 1007 1478 ad
1044 1424 1357 1479 divinorum
1401 1424 1811 1494 mysteriorum,
1849 1419 1992 1489 quod
2027 1434 2058 1474 a

471 1516 633 1571 nobis
696 1515 777 1581 iit,
833 1515 1168 1571 sacrificium
1219 1530 1328 1571 non
1372 1528 1718 1570 accessuros.
1772 1512 2057 1568 Rationem

473 1617 655 1664 autem
688 1623 842 1663 suam
873 1621 929 1662 et
958 1607 1012 1662 hi
1046 1622 1115 1663 ex
1146 1606 1442 1676 Evangelio
1474 1604 1884 1669 continuantes,
1912 1603 2057 1673 quod

474 1716 506 1755 a
535 1700 663 1755 divo
686 1700 902 1755 Joanne
933 1699 1137 1753 dicitur
1173 1697 1427 1761 Domino,
1463 1704 1869 1767 proposuerunt
1903 1713 1916 1749 :
1950 1694 2060 1751 No-

473 1794 678 1856 vitnus,
734 1793 932 1863 inquit,
968 1791 1260 1862 quemdam
1313 1790 1583 1846 damonia
1635 1790 1947 1860 ejicieutcm
1999 1790 2053 1843 in

475 1892 572 1939 tuo
617 1884 860 1950 nomine,
895 1893 950 1939 et
993 1885 1373 1957 prohibuimus
1416 1898 1563 1947 eum,
1595 1882 1722 1952 quia
1769 1881 2055 1937 uobiscum

473 1991 583 2032 non
621 1978 894 2046 sequitur.
924 1975 990 2031 Et
1020 1976 1158 2031 dixit
1188 1976 1255 2030 ad
1277 1991 1399 2029 eum
1431 1973 1629 2029 Iesus:
1663 1972 1741 2029 Ne
1769 1974 2059 2042 prohibea-

472 2068 568 2124 tis.
620 2068 724 2135 Qui
758 2069 906 2124 enim
952 2078 1143 2123 contra
1188 2082 1290 2123 nos
1323 2082 1430 2121 non
1471 2074 1576 2134 est,
1623 2081 1723 2137 pro
1758 2066 1917 2121 nobis
1951 2074 2057 2121 est.

472 2160 626 2228 Quod
645 2171 827 2216 autem
850 2160 1201 2232 subiecerunt
1233 2159 1365 2214 iilttd
1400 2177 1415 2213 :
1444 2158 1547 2227 Qui
1577 2174 1684 2213 non
1709 2168 1796 2214 est
1824 2173 2059 2225 mecum,

474 2266 666 2310 contra
720 2270 807 2312 me
861 2265 941 2310 est
996 2271 1013 2307 :
1082 2262 1267 2325 aperte
1316 2263 1371 2310 et
1428 2253 1752 2324 simpliciter
1793 2253 2059 2307 adversus

472 2344 751 2402 diabolum
819 2362 851 2402 a
913 2345 1200 2403 Salvatore
1260 2346 1534 2418 dirigitur,
1598 2344 2055 2415 quematltuodum

475 2451 609 2492 sane
648 2438 873 2501 indicat,
917 2454 1039 2510 qua:
1076 2439 1275 2495 ibidem
1327 2450 1431 2505 est,
1481 2437 1756 2510 Evangelii
1790 2436 2055 2493 clausula.

474 2527 545 2585 Ut
581 2530 727 2584 enim
771 2530 946 2587 hostis
1001 2539 1086 2587 est
1144 2532 1214 2585 ab
1257 2530 1415 2585 initio
1464 2529 1653 2595 Satan,
1698 2535 1753 2585 et
1787 2544 1818 2583 a
1853 2528 2057 2583 malitia

474 2620 743 2678 dimoveri
830 2639 940 2679 non
1037 2632 1253 2693 potest,
1334 2638 1671 2692 prorsusque
1739 2622 2056 2691 pmniteutia

475 2713 747 2784 spoliatus
784 2724 891 2779 est,
940 2714 995 2770 in
1036 2726 1155 2770 οοιι
1192 2732 1317 2771 cum
1365 2730 1473 2770 non
1524 2714 1596 2769 sit
1637 2731 1760 2769 cum
1804 2713 2054 2779 Domino,

475 2811 667 2859 contra
700 2806 876 2876 ipsum
908 2807 1202 2872 exsistens,
1228 2815 1281 2862 ct
1308 2815 1412 2870 est,
1436 2816 1489 2861 et
1520 2807 1837 2861 nominatur
1868 2824 1881 2861 :
1911 2806 2055 2877 quod

477 2905 790 2951 creaturam
847 2913 1004 2953 suam
1054 2908 1197 2953 amet
1245 2907 1299 2953 et
1347 2898 1572 2953 inducat
1622 2912 1637 2951 :
1687 2899 1835 2954 illius
1873 2908 2054 2954 autem

475 2986 692 3043 oderit-
722 2999 773 3042 et
804 2989 1106 3060 dispergat.
1130 2989 1263 3045 lllttd
1299 2997 1506 3057 autem,
1535 2988 1641 3057 Qui
1678 3004 1784 3044 uou
1812 2998 1897 3045 est
1924 3003 2059 3043 con-

478 3088 561 3135 tra
608 3096 732 3147 nos,
788 3096 886 3151 pro
928 3082 1088 3137 nobis
1123 3092 1229 3150 est,
1271 3084 1337 3138 ad
1384 3083 1660 3138 hominem
1699 3081 1921 3147 dicitur,
1963 3081 2055 3152 qui

2168 586 2383 659 ίταμδν,
2408 586 2504 641 καὶ
2538 585 2616 656 μὴ
2660 585 2940 657 προσῆκον
2983 584 3192 657 μέμψει
3221 588 3536 643 Δατινικῶν
3557 588 3737 644 τύπων

2164 696 2224 734 τε
2254 679 2346 733 καὶ
2374 676 2668 733 tecturum
2693 693 2753 730 τε
2777 674 2985 749 (φασὶν)
3005 678 3105 731 οὐκ
3129 678 3554 749 ἀνεγνώσθησαν
3575 679 3737 735 ταῦτα

2166 764 2478 834 σύνοόικῶς,
2505 767 2600 822 καὶ
2626 767 2737 821 οὐδ’
2761 768 2940 835 αὐτοὶ,
2962 767 3040 833 ὡς
3067 768 3413 840 αίρεσιῶται,
3442 770 3735 841 ἀπόϐλητοι

2162 860 2225 931 δη
2236 860 2397 930 μοσίᾳ
2419 859 2708 928 γεγόνασιν
2735 874 2750 889 ⁶
2778 858 2916 914 ἀλλὰ
2941 860 3039 914 καὶ
3064 861 3445 917 συνεσθίουσιν
3466 863 3605 932 ἡμῖν
3648 866 3734 919 καὶ

2177 950 2549 1021 συνεύχονται.
2580 952 2690 1006 Kal
2708 950 2934 1006 δύναταί
2984 969 3091 1020 τις,
3131 955 3287 1026 φησι,
3339 957 3431 1010 τὸν
3483 957 3734 1028 λογισμὸν

2162 1042 2351 1098 τοῦτον
2381 1046 2445 1097 ἐκ
2474 1043 2568 1097 τοῦ
2596 1050 2659 1097 ιε’
2686 1046 2909 1108 κανόνος
2937 1044 3045 1114 τῆς
3070 1047 3128 1101 ἐν
3162 1048 3734 1105 Κωνσταντινουπόλει

2163 1136 2326 1203 ἁγίας
2360 1136 2576 1189 συνόδου
2615 1136 2715 1204 τῆς
2752 1134 3055 1207 λεγομένης
3085 1138 3312 1210 πρώτης
3340 1142 3436 1194 καὶ
3485 1141 3731 1212 δευτέρας

2164 1225 2344 1290 καλῶς
2375 1223 2757 1288 ἀναδέξασθαι.
2796 1227 2905 1281 Kal
2934 1228 3018 1282 ὅτι
3069 1229 3203 1283 αὐτὸ
3229 1230 3389 1285 τοῦτο
3415 1231 3479 1285 τὸ
3508 1233 3730 1304 προσέρ-

2162 1319 2353 1391 χεσθαι
2382 1318 2643 1382 Λατίνους
2665 1322 2822 1390 ⁴ἡμῖν,
2861 1322 2958 1376 καὶ
2984 1320 3168 1392 ζητεῖν
3218 1322 3319 1392 τῆς
3371 1323 3611 1394 ἐνζύμου
3642 1344 3727 1396 με-

2160 1409 2531 1482 ταλαμϐάνειν
2570 1412 2731 1480 ἀγίας
2762 1414 3079 1485 προσφορᾶς
3101 1412 3161 1479 ἐξ
3199 1414 3376 1486 ἡμῶν,
3407 1416 3571 1487 δῆλον
3603 1422 3731 1472 ποιεῖ

2162 1503 2240 1569 ὡς
2260 1506 2306 1558 εί
2342 1504 2416 1574 μὴ
2459 1504 2855 1577 περιεφρόνουν
2917 1506 2985 1562 τά
3012 1507 3218 1576 ἄζυμα,
3267 1510 3363 1562 καὶ
3391 1509 3471 1573 ὡς
3509 1511 3574 1564 οὐ
3610 1514 3727 1584 περὶ

2163 1594 2359 1650 πολλοῦ
2393 1595 2674 1650 ποιοῦνται
2705 1598 2767 1651 τὸ
2796 1598 3051 1672 στέργειν
3076 1598 3283 1665 αὐτοῖς,
3312 1601 3414 1654 οὐκ
3467 1602 3540 1656 ἂν
3566 1620 3722 1673 προσ-

2162 1691 2392 1761 ήρχοντο
2445 1692 2513 1762 τῇ
2557 1689 2689 1761 παρ’
2735 1690 2896 1762 ἡμῶν
2916 1691 3179 1763 γινομένῃ
3202 1692 3315 1746 τῶν
3341 1692 3505 1747 θείων
3536 1712 3728 1767 pum-

2166 1782 2294 1854 ρίων
2327 1782 2626 1855 ἱερουργίᾳ.
2660 1783 2764 1836 Τὸν
2802 1783 3002 1838 οἰκεῖον
3034 1782 3092 1836 δὲ
3114 1783 3272 1853 λόγον
3310 1786 3405 1839 καὶ
3438 1778 3588 1840 οὗτοι
3618 1805 3729 1843 συνο

2169 1874 2425 1939 ιστῶντες
2479 1876 2546 1928 ἐκ
2597 1872 2691 1928 τοῦ
2719 1874 3078 1942 Εὐαγγελίου,
3124 1876 3186 1929 τὸ
3246 1878 3399 1947 παρὰ
3453 1878 3551 1931 τοῦ
3597 1880 3726 1935 θείου

2179 1965 2427 2018 Ἰωάννου
2461 1964 2596 2034 πρὸς
2623 1966 2716 2019 τον
2743 1967 3027 2036 Δεσπότην
3069 1968 3361 2039 εἰρημένον
3407 1972 3725 2043 προέτεινον,

2168 2057 2398 2126 Εῐδομεν
2427 2057 2718 2128 (είπόντος)
2757 2058 2882 2112 τινὰ
2902 2059 2996 2112 ἐπὶ
3020 2059 3098 2131 τῷ
3122 2061 3349 2131 ὀνόματί
3406 2080 3501 2117 σου
3551 2066 3721 2119 ἐκῦάλ-

2164 2149 2329 2204 λοντα
2349 2150 2417 2204 τά
2438 2150 2695 2219 δαιμόνια
2715 2165 2729 2180 ⁶
2773 2151 2868 2204 καὶ
2922 2150 3283 2222 ἐκωλύσαμεν
3316 2153 3508 2220 αὐτὸν,
3533 2157 3614 2210 ὅτι
3636 2160 3726 2211 οὐκ

2165 2241 2453 2297 ἀκολουθεῖ
2483 2241 2793 2313 μεθ’ήμῶν.
2834 2243 2940 2296 Kal
2969 2239 3091 2297 είπε
3113 2244 3250 2315 πρὸς
3274 2245 3442 2299 αὑτὸν
3464 2248 3493 2300 ό
3509 2245 3720 2318 Ἰησοῦς·

2164 2334 2257 2407 Μὴ
2310 2333 2571 2388 κωλύετε.
2633 2336 2729 2398 Ὃς
2753 2333 2863 2405 γὰρ
2912 2335 3015 2389 οὐκ
3070 2335 3190 2389 ἐστι
3224 2339 3355 2390 καθ’
3377 2339 3560 2409 ἡμῶν,
3599 2341 3724 2413 ὑπὲρ

2164 2428 2323 2499 ἡμῶν
2363 2430 2503 2484 ἐστι.
2557 2429 2984 2501 Προσεπήγαγον
3020 2429 3077 2483 δέ
3109 2430 3206 2485 xal
3233 2432 3315 2486 ὅτι
3341 2432 3403 2486 τὸ
3435 2434 3556 2505 μὲν,
3586 2436 3641 2490 ’θ
3657 2439 3723 2507 μὴ

2163 2519 2242 2575 ὢν
2275 2523 2393 2591 μετ’
2421 2521 2578 2592 ἐμοῦ,
2610 2524 2731 2576 κατ’
2777 2522 2918 2593 ἐμοῦ
2962 2525 3102 2589 ἐστι,
3157 2524 3447 2597 προδήλως
3503 2529 3595 2580 καὶ
3639 2545 3723 2596 γυ-

2167 2613 2317 2685 μνῶς
2347 2615 2487 2669 κατά
2517 2613 2613 2668 τοῦ
2645 2613 2895 2669 διασόλου
2918 2615 3066 2685 παρά
3109 2616 3207 2670 τοῦ
3232 2617 3489 2687 Σωτῆρος
3538 2621 3722 2673 ἀποτο-

2164 2707 2381 2772 ξεύεται
2408 2724 2421 2739 ο
2468 2707 2612 2762 καθά
2665 2708 2728 2779 δὴ
2758 2707 2918 2762 τοῦτο
2970 2710 3303 2781 παρίστησιν
3339 2713 3372 2782 ἡ
3423 2713 3611 2768 αὐτόθι
3639 2714 3720 2768 τοῦ

2162 2797 2503 2866 Εύαγγελίου
2539 2799 2832 2869 περικοπή.
2865 2799 3017 2853 Καθὸ
3046 2800 3152 2871 γὰρ
3200 2800 3396 2872 ἐχθρός
3444 2805 3593 2859 ἐστιν
3636 2806 3720 2859 ἀπ’

2164 2889 2341 2960 ἀρχῆς
2363 2890 2391 2942 ό
2426 2888 2625 2950 Σατὰν.
2653 2889 2747 2942 καὶ
2791 2890 3206 2961 ἀμετάτρεπτος
3234 2893 3344 2946 ἀπὸ
3388 2897 3490 2967 τῆς
3541 2897 3721 2959 κακίας

2168 2981 2341 3053 μένει,
2368 2982 2463 3034 καὶ
2493 2980 2721 3036 καθόλου
2752 2983 3043 3052 μετανοίας
3078 2983 3396 3055 ἐστέρηται,
3428 2986 3721 3041 κατὰτοῦτο

2167 3075 2242 3145 μὴ
2273 3073 2347 3128 ὢν
2376 3073 2514 3146 μετὰ
2543 3074 2635 3127 τοῦ
2663 3075 2957 3137 Δεσπότου,
2986 3076 3107 3131 κατ’
3135 3076 3302 3130 αὐτοῦ
3354 3076 3435 3130 ὢν
3485 3080 3578 3134 καὶ
3620 3081 3721 3134 εστι

476 3169 661 3228 Jesum
708 3174 926 3244 quidem
980 3190 1086 3229 non
1136 3175 1406 3246 sequitur,
1453 3175 1548 3230 sed
1598 3190 1695 3230 eos
1742 3173 2053 3239 mmulatur,

2164 3165 2256 3221 καὶ
2276 3165 2602 3235 ὀνομάζεται
2634 3181 2651 3196 ·
2685 3165 2761 3231 ὡς
2797 3167 2961 3220 αὑτοῦ
3002 3167 3100 3238 μὲν
3141 3167 3475 3235 ἀγαπῶντος
3498 3171 3558 3223 τδ
3607 3173 3720 3225 ἐαυ-

477 3265 569 3333 qui
608 3266 787 3333 ipsum
830 3276 1161 3336 sequuntur,
1196 3276 1249 3321 et
1288 3268 1339 3320 iu
1382 3266 1605 3322 nomine
1634 3265 1755 3335 ejus
1788 3264 2055 3320 daemonia

476 3356 630 3423 ejicit
662 3372 675 3409 :
710 3367 871 3425 atque
916 3358 986 3410 ita
1034 3368 1233 3427 potest,
1266 3359 1357 3426 qui
1403 3371 1432 3411 a
1478 3356 1639 3426 longe
1682 3356 1948 3422 ambulat,
1983 3354 2052 3410 ad

478 3449 819 3518 sequendum
874 3449 1035 3504 facile
1083 3450 1305 3505 mutari.
1374 3450 1559 3505 Solius
1608 3449 1755 3504 enim
1806 3448 2058 3503 humanas

478 3539 875 3596 imbecillitatis
918 3542 1247 3607 subsidium,
1285 3542 1579 3596 conversio
1620 3541 1963 3611 pmuitentia,
2002 3549 2058 3597 et

478 3648 511 3688 e
565 3631 934 3689 deterioribus
989 3636 1041 3688 iu
1098 3636 1323 3689 meliora
1380 3636 1632 3701 mutatio.
1699 3634 2057 3690 Proferebant

480 3723 645 3778 etiam
686 3723 739 3777 in
777 3724 879 3777 hoc
910 3722 1306 3795 Theophylacti
1355 3724 1743 3791 sapientissimi
1787 3723 2055 3793 Bulgaria

480 3814 876 3887 archiepiscopi
936 3817 1311 3882 sententiam,
1371 3815 1530 3886 cujus
1589 3816 1643 3871 itt
1700 3815 1808 3870 alia
1866 3823 2054 3870 nostra

479 3909 841 3978 responsione
885 3913 1275 3979 proposuimus
1332 3907 1740 3980 compendium,
1791 3907 2051 3978 praeclara

478 4016 757 4072 exponens
806 4001 873 4057 de
921 4003 1245 4058 assensione
1278 4011 1306 4053 Ρ
1363 4009 1417 4056 et
1474 4001 1886 4072 dispensatione
1940 4000 2057 4054 latt-

478 4094 656 4163 dcque
702 4094 887 4166 digna.
940 4095 1080 4150 Hinc
1118 4093 1236 4166 qui,
1276 4104 1335 4148 ut
1378 4094 1584 4148 dictum
1631 4105 1737 4154 est,
1776 4090 2057 4147 contradi-

478 4187 695 4251 ccbaut,
749 4196 899 4243 recte
948 4196 1003 4244 et
1063 4204 1188 4243 cum
1237 4187 1451 4241 ratione
1511 4186 1769 4243 insistere
1821 4182 2051 4255 judicati

478 4287 631 4345 sunt,
675 4280 843 4335 veluti
907 4280 1282 4350 protervitatis
1343 4287 1715 4350 proponeutcs
1763 4278 2050 4348 dispensa-

475 4372 679 4426 tionem
705 4380 755 4438 ς,
804 4372 870 4426 ad
910 4387 1017 4425 non
1069 4371 1427 4440 perdendum,
1470 4370 1562 4424 sed
1608 4368 1812 4425 sensim
1860 4367 2053 4438 paula-

475 4465 685 4533 timque
707 4464 841 4518 lucri
859 4461 1167 4517 faciendum
1189 4463 1510 4532 fratres,pro
1531 4462 1730 4531 quibus
1745 4457 2054 4515 communis

2158 3258 2252 3312 τοῦ
2289 3258 2536 3326 πλάσμα,
2569 3259 2666 3312 καῖ
2698 3259 3026 3328 συνάγοντος
3055 3276 3070 3293 ο
3094 3260 3306 3314 ἐκείνου
3332 3262 3414 3327 δέ,
3453 3262 3719 3332 μισοῦντος

2160 3350 2293 3405 αὐτὸ
2313 3350 2408 3405 καὶ
2438 3348 2946 3419 διασκορπίζοντος.
2977 3351 3051 3404 Τὸ
3083 3351 3159 3418 δὲ,
3203 3353 3300 3414 Ὃς
3329 3355 3431 3407 οὐκ
3461 3354 3578 3408 ἐστι
3612 3355 3720 3410 καθ’

2157 3444 2340 3515 ἡμῶν,
2365 3443 2508 3514 ὑπὲρ
2531 3443 2690 3514 ἡμῶν
2721 3445 2859 3508 ἐστι,
2902 3444 3038 3516 πρὸς
3082 3443 3370 3517 ἄνθρωπον
3396 3447 3607 3518 εἴρηται
3632 3448 3717 3501 οὐκ

2158 3534 2558 3590 ἀκολουθοῦντα
2584 3535 2685 3605 μὲν
2717 3534 2794 3603 τῷ
2833 3533 3033 3605 Ἰησοῦ,
3070 3534 3338 3604 ζηλοῦντα
3367 3538 3425 3592 δὲ
3456 3540 3581 3601 τοὺς
3604 3540 3717 3591 axo—

2157 3627 2483 3691 λουθοῦντας
2513 3627 2682 3698 αὐτῷ,
2710 3628 2806 3681 καὶ
2829 3628 2921 3681 ἐπὶ
2959 3628 3036 3699 τῷ
3062 3629 3291 3699 ὀνόματι
3320 3629 3515 3683 τούτου
3539 3628 3717 3685 ἐκϐάλ-

2157 3719 2317 3774 λοντα
2342 3720 2617 3789 δαιμόνια.
2651 3721 2760 3774 Kal
2784 3718 2926 3773 οὕτω
2947 3719 3266 3791 δυνάμενον,
3284 3722 3348 3774 ἐκ
3377 3721 3473 3775 τοῦ
3497 3722 3714 3776 ἀποστά-

2156 3812 2255 3884 δην
2285 3814 2629 3883 περιπατεῖν,
2683 3812 2879 3883 ῥᾳδίως
2934 3811 3264 3881 μεταθέσθαι
3297 3815 3377 3877 είς
3404 3813 3467 3867 τὺ
3511 3814 3718 3868 ἀκολου-

2160 3904 2290 3958 θεῖν.
2320 3903 2433 3970 Τῆς
2483 3902 2832 3974 ἀνθρωπίνης
2877 3904 2986 3976 γὰρ
3044 3904 3211 3975 μόνης
3258 3906 3542 3971 ἀσθενείας
3602 3910 3716 3977 βοήσ

2158 3993 2329 4064 θημα,
2371 3995 2404 4065 ἡ
2445 3993 2748 4067 ἐπιστροφὴ
2775 3995 2865 4047 καὶ
2904 3995 3185 4064 μετάνοια,
3249 3997 3343 4050 καὶ
3376 3999 3409 4069 ἠ
3471 3999 3578 4051 ἀπὸ
3620 3998 3716 4051 τῶν

2158 4085 2420 4155 χειρόνων
2470 4085 2550 4150 είς
2604 4085 2672 4139 τὰ
2728 4084 2963 4156 κρείττω
3007 4087 3302 4159 μεταϐολή.
3336 4088 3639 4162 Προέφερον
3665 4090 3716 4144 δὲ

2159 4175 2252 4229 καὶ
2276 4174 2505 4245 γνώμην
2530 4175 2623 4228 ἐπὶ
2653 4174 2825 4246 τούτῳ
2854 4176 3253 4245 Θεοφυλάκτου,
3277 4178 3374 4233 τοῦ
3413 4183 3710 4251 σοφωτάτου

2157 4268 2590 4338 ἀρχιεπισκόπου
2625 4266 2965 4340 Βουλγαρίας
2988 4286 3006 4301 ·
3040 4264 3107 4342 ἦς
3137 4270 3235 4342 τὴν
3254 4270 3477 4343 σύνοψιν
3502 4275 3557 4325 ἐν
3571 4273 3716 4345 ἑτέρᾳ

2158 4358 2318 4431 ήμῶν
2356 4358 2647 4431 ἀποκρίσει
2703 4360 2964 4431 ἀνωτέρω
3007 4362 3406 4432 ἐποιησάμεθα,
3452 4364 3718 4435 θαυμαστὰ

2159 4452 2289 4523 περὶ
2330 4451 2796 4520 συγκατασάσεως
2836 4452 2931 4505 καὶ
2991 4454 3303 4526 οἰκονομίας
3351 4456 3715 4527 ἐκτιθεμένην,

478 4556 738 4613 Servator
755 4563 807 4610 et
828 4555 1093 4612 Dominus
1117 4563 1302 4609 noster
1323 4554 1641 4624 sanguinem
1666 4566 1824 4606 suum
1848 4548 2054 4604 elfttdit.

2165 4543 2261 4599 καὶ
2294 4542 2601 4609 ἀξιέπαινα.
2642 4542 2919 4599 Ἐντεῦθεν
2949 4546 3248 4629 ἐκρίθησαν
3274 4549 3324 4602 οῖ
3353 4549 3708 4626 ἀντειπόντες,

475 4653 548 4715 ὡς
587 4654 822 4725 εἴρηται,
900 4651 1082 4715 καλῶς
1149 4652 1244 4704 καὶ
1288 4649 1524 4718 εὐλόγως
1570 4650 1844 4717 ἐνστῆναι.
1894 4645 1965 4708 ὡς
2022 4642 2123 4715 τῆς
2181 4640 2507 4712 ἰταμότητος
2560 4641 2941 4724 προτιθέμενοι
2987 4640 3088 4714 τὴν
3133 4642 3469 4710 οίκονομίαν,
3514 4643 3643 4715 πρὸς
3665 4641 3719 4693 τὸ

477 4746 551 4816 μὴ
582 4743 927 4807 καταϐαλεῖν,
983 4744 1117 4799 ἀλλά
1163 4744 1423 4814 κερδῆσαι
1470 4742 1651 4813 ἡρέμα
1700 4741 1793 4795 καὶ
1860 4736 1999 4793 κατὰ
2053 4733 2248 4808 μικρὸν
2295 4734 2421 4797 τοὺς
2471 4731 2755 4803 ἀδελφοὺς,
2797 4733 2938 4805 ὑπὲρ
2992 4726 3068 4787 ὧν
3122 4734 3152 4784 ὀ
3208 4735 3391 4800 κοινὸς
3421 4736 3606 4807 Σωτὴρ
3634 4733 3718 4786 καὶ

472 4837 750 4910 Δεσπότης
768 4838 923 4911 ἡμῶν
949 4837 1013 4893 τὸ
1038 4837 1236 4892 ἐαυτοῦ
1267 4833 1407 4908 αἷμα
1428 4837 1664 4909 ἐξέχεεν.

819 4954 1104 5012 JOANNIS
1150 4954 1457 5013 EPISCORI
1499 4953 1679 5011 (il'l'lil

475 5047 746 5111 Responsa
773 5048 840 5102 ad
850 5047 1262 5105 Constantinum
1284 5048 1606 5114 Cabasilam,
1622 5044 1933 5120 Dyrrhachii
1958 5062 2052 5099 nr-

1064 5121 1468 5190 chiept'swpum.

549 5211 926 5285 Interrogatio.
950 5211 1053 5269 Hie
1074 5212 1419 5269 consuetudo
1448 5222 1551 5276 est,
1580 5221 1638 5264 ut
1662 5212 1713 5264 iu
1738 5218 2053 5266 extraneam

476 5306 751 5378 regionem
780 5304 1029 5378 azymitte
1058 5304 1372 5361 sacerdotes
1411 5318 1441 5357 a
1475 5301 1818 5358 nostratibus
1841 5299 2055 5354 antisti-

483 5382 630 5454 ti'lus
660 5398 987 5454 ordinentur
1016 5416 1029 5452 :
1056 5396 1427 5466 recipiendum
1466 5393 1596 5449 iilttd
1625 5405 1706 5450 est
1740 5408 1913 5448 necne
1941 5391 1965 5444 ?

556 5486 678 5544 Res.
722 5489 838 5543 Non
869 5489 1126 5558 scriptam
1173 5484 1431 5539 Ecclesiw
1489 5482 1968 5547 consuetudinem,
2004 5488 2062 5535 ιιι

2325 4946 2630 5000 ΙΩΑΝΝΟΥ
2678 4945 2814 5001 ΤΟΥ
2858 4944 3254 5000 ΕΠΙΣΚΟΠΟΥ
3296 4944 3553 5000 ΚΙΊῬΟΥ

2168 5037 2545 5108 Ἀποκρίσεις
2577 5037 2728 5106 πρὸς
2779 5038 3237 5108 Κωνσταντῖνον
3255 5037 3718 5107 ἀρχιεπίσκοαον

2505 5105 2839 5178 Δυρῤαχίου
2880 5109 2990 5161 τὸν
3025 5105 3395 5162 Κασὰσααῦ.

2226 5202 2566 5273 Ἐρώτησις.
2610 5200 2879 5273 Συνήθεια
2909 5201 3059 5257 ἐστὶν
3096 5195 3224 5268 ὦδε,
3252 5204 3336 5267 εἰς
3363 5203 3464 5279 τὴν
3503 5202 3606 5271 ἔξω
3628 5200 3721 5273 χὼ-

2159 5313 2258 5365 ραν
2294 5294 2725 5366 χειροτονεῖσθαι
2755 5293 3027 5364 ἀζυμίτας
3062 5294 3229 5366 ίερεῖς
3259 5294 3411 5367 παρά
3439 5294 3551 5349 τῶν
3598 5296 3719 5366 ἠμε-

2156 5387 2332 5457 τέρων
2365 5387 2684 5458 ἀρχιερέων.
2740 5385 2937 5439 Λεκτόν
2967 5386 3081 5440 ἐστι
3112 5384 3292 5450 τοῦτο,
3322 5386 3356 5459 ἢ
3382 5386 3445 5440 οὔ
3477 5404 3497 5453 ;

2255 5480 2377 5534 Ἂπ.
2420 5480 2493 5533 To
2530 5479 2776 5549 ἄγραφον
2806 5478 2925 5543 ἔθος
2952 5477 3052 5548 τῆς
3091 5477 3435 5549 Ἑκκλησίας,
3479 5479 3552 5542 ὡς
3575 5478 3717 5547 νόμον

1779 5638 2013 5696 γΑιιιΑιὶ
2044 5639 2450 5697 LECTIONES.

562 5793 587 5821 η
619 5793 852 5837 eatenus.
927 5793 953 5855 ἰ
980 5783 1117 5855 quod
1148 5783 1163 5837 ἰ
1189 5800 1252 5838 se
1282 5780 1485 5849 quidem
1526 5779 1829 5851 ﬁgmentum
1869 5796 2023 5855 suum
2059 5792 2195 5855 amet
2218 5791 2265 5834 ct
2293 5780 2529 5850 colligat,
2556 5780 2642 5834 ille
2679 5796 2795 5835 vero
2824 5788 2873 5833 et
2904 5778 3099 5846 oderit,
3142 5789 3213 5834 et.
3291 5788 3321 5830 ι’
3346 5778 3411 5833 de
3437 5796 3709 5835 accommo-

492 5852 725 5910 (latione.

826 5865 852 5905 ει
879 5850 1034 5909 veluti
1058 5862 1142 5925 qut
1172 5857 1472 5923 pert't'cacta:
1503 5850 1869 5916 aut-'ptmerent
1905 5852 2362 5918 dispensationem.
