3950 6592
213 368 326 439 961

1462 365 2149 430 (ΞΒᾸΞΟΟοΒΟΜΑΝΗΜ

3347 368 3455 432 91ὶὲ

216 484 469 555 κρατεῖν,
502 481 531 534 ὁ
577 479 671 533 τοῦ
708 479 913 551 κόσμου
969 481 1195 553 φωστὴρ
1244 482 1274 534 ό
1323 482 1496 553 μέγας
1556 482 1802 548 θεσπίζει

1927 496 2100 550 ιιεθιιι,
2148 479 2438 545 obtinere;
2474 477 2749 534 luminare
2774 477 2962 536 mundi
2990 492 3218 550 magnus
3255 487 3488 540 sanctvit

216 575 522 638 Βασίλειος.
593 574 762 628 ὀταν
831 572 963 642 γοῦν
1014 573 1113 635 τὰς
1161 573 1416 637 τοιαύτας
1469 575 1804 645 χειροτονίας

218 665 322 718 οὐκ
366 661 708 734 ὲπιγινώσκῃ
748 664 776 716 ὁ
817 661 1106 733 νόμοςτῆς
1143 662 1494 734 Ἐκκλησίας,
1527 663 1620 716 διὰ
1645 663 1805 716 τοῦτο

216 757 338 810 οὐδὲ
383 758 547 827 ἡμεῖς
582 754 858 825 δυνάμεθα
889 756 989 826 τὴν
1034 757 1092 808 ὲν
1129 755 1301 826 ταύτῃ
1341 755 1630 827 συνήθειαν
1667 773 1807 824 γνω-

219 848 492 920 ματεῦσαι
538 846 614 910 ὡς
651 845 876 918 βεϐαίαν
909 848 1152 917 κρατεῖν.
1224 848 1289 901 Εἰ
1321 847 1428 918 γὰρ
1475 848 1567 901 καὶ
1618 847 1808 919 μακρά

217 946 348 1006 ἴσως
401 943 571 1004 ἐστὶν,
626 941 742 994 ἀλλ’
790 941 892 994 οὐκ
946 940 1170 1009 οἴδαμεν
1205 941 1453 1011 ἀκριϐῶς
1513 943 1563 995 εί
1597 942 1691 994 καὶ
1741 943 1799 994 ὲν

219 1033 490 1102 συνοδικῷ
536 1031 869 1103 δικαστηρίῳ
899 1032 1225 1103 κροτηθεῖσα
1256 1031 1584 1104 ἐδεσαιὼθη.
1635 1033 1809 1086 Ἐκεί-

217 1142 321 1194 νην
373 1124 484 1194 γὰρ
537 1123 635 1191 τὴν
678 1123 895 1193 μακρὰν
952 1123 1239 1196 συνήθειαν
1290 1123 1514 1194 βεϐαίαν
1561 1123 1612 1176 οἱ
1653 1123 1807 1194 νόμοι

212 1217 508 1288 τυγχάνειν
539 1216 958 1281 διακελεύονται,
999 1218 1096 1288 τὴν
1125 1217 1552 1286 δοκιμασθεῖσαν
1603 1218 1662 1270 ὲν
1724 1216 1805 1269 δι-

214 1309 506 1380 καστηρίῳ
569 1308 664 1363 καὶ
715 1309 1072 1379 κυρωθεῖσαν.
1148 1309 1260 1378 Τὴν
1317 1309 1391 1380 μὴ
1453 1310 1710 1380 τοιαύτην
1749 1308 1808 1362 δὲ

232 1399 547 1472 ὁλοσχερῶς
644 1400 1076 1456 ἀποϐάλλονται.
1158 1400 1546 1472 Ἐξετασθῆναι
1631 1401 1809 1454 τοίνυν

221 1489 407 1559 χρεὼν
454 1491 502 1542 εί
538 1489 633 1544 καὶ
685 1490 1010 1562 ήείρημένη
1039 1492 1300 1562 συνήθεια
1341 1492 1440 1562 τῆς
1478 1491 1812 1562 χειροτονίας

215 1582 332 1635 τῶν
397 1582 590 1653 ίερέων
666 1581 959 1646 συνοδικῶς
1020 1581 1334 1655 ὲιγυμνάσθη
1398 1582 1493 1634 καὶ
1549 1581 1802 1654 ἐκυρώθη

215 1674 376 1727 ποτε.
433 1673 551 1726 Κᾶν
583 1672 682 1742 μὲν
713 1671 903 1742 γέγονε
958 1672 1136 1739 τοῦτο,
1185 1673 1458 1745 κρατείτω
1491 1674 1585 1726 καὶ
1629 1674 1709 1735 είς
1751 1673 1813 1726 τὸ

213 1764 402 1834 ἐξῆςο
445 1763 577 1817 εἰδὲ
623 1763 720 1835 μὴ,
749 1764 962 1836 ἀνάγκη
997 1767 1063 1836 τῇ
1117 1766 1236 1836 ἱερᾷ
1271 1767 1366 1819 καὶ
1415 1764 1626 1836 μεγάλῃ
1688 1782 1814 1818 συν-

217 1855 332 1926 όδῳ
366 1855 439 1908 τά
499 1856 626 1927 περὶ
681 1857 886 1926 ταύτης
937 1857 1310 1927 ἀνενεχθῆναι,
1365 1855 1504 1910 ὥστε
1537 1857 1598 1910 τὸ
1649 1855 1807 1922 δόξαν

215 1945 411 2015 ἐκείνῃ
447 1944 720 2013 γενέσθαι.
755 1944 840 1998 Τά
879 1946 1168 2010 συνοδικῶς
1201 1947 1310 2018 γὰρ
1339 1948 1686 2015 σκεπτόμενα
1717 1947 1812 2001 καὶ

215 2033 714 2102 δια-γινωσκόμενα,
767 2033 876 2089 τῶν
941 2037 1254 2105 καταμόνας
1305 2037 1812 2108 γνωματευομένων

217 2126 516 2195 κρείττονά
536 2127 643 2178 είσι
676 2127 768 2178 καὶ
795 2127 1246 2197 ἐπικρατέστερα.

295 2217 417 2285 Ἕρ.
462 2218 769 2272 Θάπτονται
800 2217 1070 2289 όρθόδοξοι
1102 2219 1364 2290 Ῥωμαῖοι
1398 2221 1454 2274 ἐν
1480 2222 1806 2286 Λατινικαῖς

217 2309 546 2380 ἐκκλησίαις
603 2311 930 2381 ψαλλόμενοι
988 2314 1140 2382 παρά
1166 2329 1224 2364 τε
1265 2313 1552 2383 Ῥωμαίων
1581 2317 1675 2368 καὶ
1697 2317 1810 2368 Λα-

216 2402 390 2456 τίνων
438 2405 495 2456 ὲν
537 2403 745 2474 ταυτῷ.
806 2404 912 2457 Καὶ
965 2405 1185 2458 Λατῖνοι
1243 2404 1298 2456 δὲ
1353 2405 1810 2477 ἀποθνήσκοντες,

223 2495 497 2559 ὡσαύτως
553 2497 846 2566 ψάλλονται
886 2497 1020 2568 ὁμοῦ
1050 2497 1198 2567 παρὰ
1248 2483 1534 2568 Ῥωμαίων
1571 2501 1662 2553 καὶ
1703 2501 1814 2554 Λαο

218 2589 390 2643 τίνων
424 2590 773 2662 ἀδιακρίτως.
835 2591 1136 2660 Ἐπιτίμιον
1181 2589 1412 2662 ἕστιν,ἢ
1445 2591 1504 2644 οὗ
1538 2609 1554 2659 ;

314 2683 445 2737 Ἀπ’.
503 2681 606 2735 Δύο
663 2684 770 2735 sici
817 2684 1070 2754 προφανῆ
1127 2683 1221 2736 καὶ
1270 2685 1502 2752 μεγάλα,
1560 2687 1816 2742 ποιοῦντα

219 2773 496 2846 διαφορὰν
534 2775 699 2844 μέσον
736 2773 891 2845 ἡμῶν
925 2777 1020 2828 καὶ
1052 2775 1160 2828 τῶν
1196 2777 1464 2832 Λατίνων.
1495 2780 1567 2832 Τὸ
1598 2781 1815 2852 πρῶτον

214 2867 328 2919 καὶ
357 2869 561 2938 μεῖζον,
595 2867 654 2921 τὸ
690 2867 931 2938 περὶτοῦ
959 2869 1112 2936 ἁγίου
1157 2869 1470 2941 Πνεύματος
1498 2873 1672 2943 δόγμα
1702 2890 1717 2905 °
1756 2875 1817 2928 τὸ

220 2959 483 3030 δεύτερον
533 2959 610 3024 δὲ,
652 2962 746 3013 καὶ
783 2961 841 3013 ού
903 2959 995 3013 τοῦ
1035 2961 1148 3014 ἶσου
1169 2961 1353 3032 λόγου,
1385 2965 1492 3017 τῶν
1519 2967 1744 3036 ἀζύμων
1782 2970 1814 3040 ή

227 3049 548 3122 προσφορά.
620 3051 684 3104 Ἦ
732 3052 829 3121 τῆς
868 3051 1091 3124 Γραφῆς
1138 3055 1196 3108 δὲ
1243 3057 1568 3124 ἀνάγνωσις,
1629 3059 1730 3128 τῆς
1759 3077 1817 3112 τε

1908 571 2165 628 Basilius.
2201 570 2430 638 Quando
2463 570 2629 642 igitur
2657 569 2972 640 hujusmodi
3002 571 3373 630 ordinationes
3405 577 3488 630 lex

1909 663 2168 720 Ecclesia;
2226 677 2334 717 non
2397 662 2704 732 agnoverit,
2769 662 2840 716 ob
2870 676 2990 716 eam
3025 677 3140 717 rem
3166 678 3341 734 neque
3389 683 3491 722 nos

1909 771 2206 828 possumus
2241 764 2519 818 statuere,
2563 754 2684 823 ejus
2725 756 3186 811 consuetudinem
3233 765 3490 826 tanquam

1909 849 2117 904 ﬁrmam
2144 848 2412 903 obtinere.
2485 847 2602 901 Etsi
2638 848 2782 902 enim
2817 849 2959 903 forte
2987 848 3143 918 longa
3178 859 3284 913 est,
3317 852 3496 905 nesci-

1911 956 2033 994 mus
2058 955 2184 996 vere
2209 955 2339 994 num
2383 939 2626 1010 synodali
2661 939 2920 1009 applausa
2944 939 3154 1007 judicio
3173 941 3493 996 conﬁrmata

1908 1031 2097 1087 fuerit.
2135 1033 2280 1086 illam
2326 1033 2471 1087 enim
2506 1032 2722 1102 longam
2771 1033 3234 1088 consuetudinem
3283 1033 3492 1088 ﬁrmam

1911 1139 2034 1178 esse
2066 1123 2210 1193 leges
2243 1123 2459 1192 jttbcnt,
2491 1138 2614 1192 quze
2653 1123 2865 1192 judicio
2893 1125 3233 1182 contradicto
3269 1127 3462 1196 probat

1911 1215 2376 1285 corroborataque
2401 1215 2586 1270 fuerit.
2611 1215 2741 1281 Quae
2769 1226 2950 1271 autem
2973 1219 3096 1272 talis
3122 1233 3230 1272 non
3250 1227 3354 1282 est,
3373 1233 3493 1272 eam

1913 1307 2075 1376 plane
2110 1305 2388 1375 rejiciunt.
2423 1303 2818 1374 lnquirendum
2849 1318 2934 1362 est
2965 1306 3154 1377 igitur,
3190 1323 3316 1361 num
3359 1322 3496 1376 prae~
3564 1354 3573 1363 .

1914 1399 2059 1454 dicta
2085 1400 2447 1454 creandorum
2479 1400 2832 1453 sacerdotum
2867 1400 3212 1454 consuetudo
3237 1402 3496 1471 synodica

1914 1489 2220 1560 disceptata
2251 1498 2306 1544 et
2347 1490 2560 1543 ﬁrmata
2594 1488 2758 1544 fuerit
2789 1504 3050 1560 unquam.
3090 1490 3173 1557 Et,
3203 1492 3247 1545 si
3284 1493 3387 1546 boc
3415 1491 3496 1544 fa-

1915 1591 2064 1636 ctum
2108 1581 2178 1636 sit
2205 1621 2220 1646 ,
2244 1580 2427 1635 valeat
2458 1583 2620 1635 etiam
2646 1582 2701 1636 in
2729 1589 3030 1652 posterum.
3069 1583 3163 1637 Sin
3195 1583 3397 1648 minus,
3429 1583 3497 1637 ad

1916 1686 2128 1726 sacram
2160 1686 2523 1742 tnagnamque
2551 1671 2820 1742 synodum
2855 1673 2918 1726 de
2947 1687 3010 1726 ea
3058 1671 3246 1726 referri
3275 1686 3498 1727 necesse

1917 1772 2023 1828 est,
2081 1764 2312 1833 utquod
2346 1763 2393 1817 ei
2449 1762 2716 1832 placuerit
2751 1764 2866 1817 ﬁat.
2910 1761 3045 1816 Nam
3074 1776 3196 1833 quae
3235 1762 3499 1832 synodice

1914 1851 2263 1906 considerata
2287 1860 2340 1906 et
2371 1855 2588 1922 cognita
2611 1861 2760 1918 sunt,
2783 1853 3010 1908 meliora
3035 1861 3088 1908 et
3105 1852 3344 1908 ﬁrmiora
3369 1860 3498 1908 sunt

1914 1943 1984 1999 iis
2017 1985 2033 2010 ,
2073 1959 2195 2014 quae
2229 1944 2298 1999 ab
2329 1959 2441 1998 uno
2466 1944 2858 2000 decernuntur.

1985 2229 2366 2302 Interrogatio.
2389 2229 2688 2287 Ortbodoxi
2710 2230 2944 2287 Romani
2960 2231 3014 2286 in
3037 2231 3298 2289 Latinicis
3324 2232 3501 2290 eccle-

1914 2325 2013 2382 siis
2045 2326 2391 2395 sepelinntur
2411 2367 2426 2392 ,
2455 2326 2730 2382 decantati
2772 2342 2802 2381 a
2831 2325 3097 2382 Romanis
3111 2337 3164 2383 ct
3191 2327 3402 2385 Latinis
3425 2331 3500 2386 si-

1915 2412 2048 2474 mul.
2074 2423 2204 2473 Item
2221 2418 2398 2473 Latini
2426 2420 2744 2485 morientes,
2763 2433 2790 2472 a
2815 2405 3075 2475 Romanis
3089 2426 3141 2475 et
3164 2420 3370 2475 Latinis
3390 2435 3498 2475 una

1915 2510 2250 2566 carminibus
2311 2509 2628 2565 indistincte
2676 2511 3061 2566 celebrantur:
3112 2526 3361 2567 censura:
3395 2513 3500 2568 hoc

1917 2602 2210 2657 obnoxium
2243 2611 2347 2668 est,
2367 2603 2598 2657 annon?

1986 2691 2104 2748 Res.
2145 2693 2262 2747 Duo
2297 2704 2426 2748 sunt
2463 2693 2756 2750 manifesta
2796 2700 2852 2748 et
2893 2708 3088 2763 magna
3123 2711 3138 2750 :
3193 2707 3317 2765 quae
3358 2691 3502 2748 inter

1918 2801 2019 2841 nos
2075 2795 2129 2840 et
2188 2785 2420 2841 Latinos
2475 2786 2686 2841 faciunt
2728 2785 3112 2842 dili‘erentiam.
3153 2787 3398 2841 Primum
3447 2793 3502 2844 et

1921 2879 2119 2947 majus,
2189 2879 2438 2934 doctrina
2504 2881 2570 2935 de
2625 2889 2816 2935 sancto
2879 2880 3109 2948 Spiritu.
3186 2881 3501 2935 Secundum

1924 2979 2128 3036 autem,
2160 2987 2260 3026 nec
2289 2973 2425 3026 tanti
2460 2973 2741 3038 momenti,
2771 2987 3083 3042 azymorum
3108 2973 3329 3026 oblatio.
3353 2973 3504 3027 Scri-

1885 3093 1888 3096 ~
1923 3076 2096 3132 plura:
2128 3073 2309 3118 autem
2340 3064 2521 3129 lectio,
2552 3066 2761 3119 veteris'
2781 3073 2834 3118 et
2869 3079 3041 3127 novae,
3066 3063 3193 3117 item
3229 3063 3500 3130 precatio-

226 3139 474 3203 παλαιᾶς
522 3141 618 3194 καὶ
656 3141 758 3209 τῆς
810 3142 954 3208 νέας,
997 3147 1092 3197 καὶ
1136 3147 1193 3198 αἱ
1255 3149 1577 3218 προσευχαὶ,
1621 3151 1714 3203 καὶ
1758 3151 1816 3205 αἱ

1925 3171 2020 3209 nes
2052 3163 2106 3208 et
2137 3155 2333 3209 musici
2364 3163 2582 3221 cantus,
2627 3164 2681 3209 et
2713 3155 2897 3208 divina
2934 3154 3154 3223 templa,
3189 3152 3502 3207 veneratio-

227 3229 512 3305 μελῳδίαι,
539 3232 632 3283 καὶ
653 3232 700 3284 oi
726 3232 1005 3301 θεῖοιναοὶ,
1031 3238 1126 3288 καὶ
1146 3238 1202 3290 αἱ
1231 3239 1622 3311 προσκυνήσεις
1645 3240 1739 3295 τοῦ
1761 3259 1820 3294 τε

227 3323 420 3393 τιμίου
452 3324 684 3396 σταυροῦ
716 3327 808 3378 καὶ
846 3326 953 3379 τῶν
983 3328 1152 3392 ἁγίων
1188 3331 1436 3396 εἰκόνων,
1491 3333 1645 3386 κοινὰ
1694 3333 1821 3386 τού-

227 3433 350 3477 τοις
380 3417 490 3470 εἰσὶ
514 3419 608 3470 καὶ
636 3419 787 3488 ἡμῖν.
828 3419 945 3473 Ούκ
997 3421 1204 3491 ἀπᾷδον
1233 3423 1432 3487 τοίνυν,
1467 3424 1586 3478 οὐδὲ
1628 3429 1694 3496 τῇ
1729 3427 1818 3478 eia-

238 3505 433 3576 σεὸείᾳ
463 3507 709 3560 ὁπωσοῦν
745 3508 1162 3580 λυμαινόμενον,
1203 3512 1263 3564 τὸ
1297 3512 1600 3568 θάπτεσθαι
1651 3516 1822 3571 Λατί-

228 3615 360 3662 νους
392 3598 450 3650 ἐν
493 3599 822 3669 Ῥωμαϊκοῖς
886 3605 1054 3666 ναοῖς,
1115 3603 1208 3656 καὶ
1261 3603 1558 3674 ψάλλεσθαι
1619 3607 1824 3676 ὁμοθυο

242 3691 420 3763 μαδδν
456 3694 608 3764 παρὰ
665 3709 725 3745 τε
776 3694 1068 3765 Ῥωμαίων
1112 3696 1204 3750 καὶ
1232 3698 1477 3752 Λατίνων
1524 3699 1825 3770 ίερουργῶν

237 3787 544 3854 νεκριμαία
569 3784 814 3837 Λατίνων
861 3787 955 3839 καὶ
994 3787 1302 3858 Ῥωμαίων.
1361 3789 1498 3842 Οὔτε
1529 3792 1636 3860 γὰρ
1666 3791 1695 3843 ὀ
1740 3792 1827 3844 τό·

239 3891 346 3938 πος
398 3876 524 3937 τοὺς
556 3876 908 3942 ἀπελθόντας,
936 3877 1084 3948 παρὰ
1119 3878 1238 3950 Θεῷ
1266 3883 1412 3932 ποιεῖ
1437 3881 1783 3952 ἀποϐλήτους
1808 3898 1822 3913 ο

238 3968 337 4020 καὶ
367 3970 399 4038 ἡ
435 3969 519 4020 ἐπ’
551 3967 734 4032 αὐτοῖς
760 3967 1049 4041 ψαλμῳδίσι
1072 3971 1182 4024 τῶν
1227 3973 1492 4036 Λατίνων,
1525 3975 1625 4026 οὐκ
1678 3973 1827 4027 ἔστιν

239 4059 456 4130 eam},
497 4061 613 4113 ἀλλ’
654 4062 719 4114 ὲκ
753 4061 860 4114 τῶν
917 4063 1040 4117 καθ’
1069 4066 1215 4134 ἡμᾶς
1267 4064 1426 4119 θείων
1481 4067 1731 4136 Γραφῶν.
1765 4069 1828 4122 Ei

240 4149 302 4206 δέ
347 4166 432 4215 τις
495 4152 620 4216 ἴσως
673 4152 873 4206 ἄτοπον
923 4155 1136 4225 ἡγεῖται
1214 4158 1276 4210 τὸ
1319 4157 1606 4228 γιτόμενον
1663 4160 1827 4225 οὕτω,

242 4243 474 4296 αὐτόθεν
503 4245 724 4315 εὑρήσει
755 4247 846 4299 τὸν
870 4245 1130 4316 λογισμὸν
1157 4250 1344 4302 τοῦτον
1371 4251 1618 4319 μάταιον.
1654 4251 1830 4305 Πολλὰ

244 4333 359 4404 γὰρ
383 4334 610 4406 σώματα
648 4336 756 4390 τῶν
807 4337 979 4408 ἁγίων
1010 4341 1058 4393 oi
1093 4340 1258 4394 πάλαι
1305 4343 1448 4395 κατὰ
1476 4343 1704 4413 καιροὺς
1730 4344 1830 4414 τῆς

254 4425 520 4490 ἀσεϐείας
577 4427 639 4480 τὸ
684 4431 886 4500 κράτος
945 4429 1160 4502 ἔχοντες
1216 4433 1560 4502 θνησιμαίοις
1619 4433 1832 4504 ἀλόγοις

248 4518 583 4588 παρέμιξαν,
629 4498 735 4574 καὶ-
781 4521 840 4575 ἐν
887 4498 1072 4585 τόποις
1119 4498 1390 4594 βορϐόρου*
1440 4529 1656 4595 μεστοῖς
1707 4498 1830 4582 sva;
1866 4498 1905 4553 D

248 4609 528 4680 πέρῤιψαν
560 4625 575 4640 ⁸
620 4611 1075 4685 ἀλλ’ήδεδομένη
1123 4617 1234 4678 τοῖς
1267 4616 1443 4684 ἁγίοις
1497 4618 1677 4688 χάρις,
1741 4621 1829 4674 ὲν-

247 4698 443 4752 τεῦθεν
499 4700 778 4772 ἀλώϐητος
818 4702 1023 4773 ἔμεινε.
1091 4704 1202 4757 Καὶ
1249 4705 1428 4758 αὐτῶν
1479 4708 1626 4762 ἐστιν
1653 4710 1686 4778 ἡ
1719 4709 1831 4763 ἄνω

259 4791 651 4863 Ἰερουσαλὴμ,
714 4796 747 4866 ή
797 4794 906 4848 τῶν
973 4796 1332 4868 πρωτοτόκων
1401 4799 1750 4870 μητρόπολις,
1795 4803 1829 4872 ἠ

249 4885 364 4940 τῶν
409 4889 632 4956 πραέων
669 4887 762 4957 γῆ,
819 4890 888 4941 τά
939 4890 1272 4960 ἠγαπημὲνα
1325 4893 1677 4963 σκηνώματα.
1730 4894 1835 4946 Εὐ-

254 4979 537 5050 ρίσκονται
568 4979 623 5032 δὲ
670 4981 764 5033 καὶ
812 4981 1088 5036 δυσσεόὦν
1122 4983 1386 5054 βασιλέων
1423 4985 1584 5054 τάφοι
1635 4986 1693 5038 ὲν
1720 4987 1834 5049 τοῖς

252 5071 379 5124 καθ’
429 5073 576 5141 ἡμᾶς
627 5072 804 5138 ἁγίοις
854 5076 1025 5138 ναοῖς,
1081 5074 1157 5138 ὡς
1227 5075 1322 5128 καὶ
1372 5076 1466 5128 τοῦ
1515 5077 1835 5147 παραὸἀτου

266 5161 580 5225 Ὶονλιανοῦ,
633 5165 690 5216 ἐν
728 5165 804 5233 τῷ
842 5165 955 5234 ναῷ
984 5165 1090 5217 τῶν
1140 5165 1310 5233 ἁγίων
1337 5167 1430 5218 καὶ
1461 5167 1837 5237 πανευφὴμων

253 5255 592 5319 ἀποστόλων,
628 5256 772 5310 κατά
797 5258 893 5327 τὴν
929 5257 1501 5312 Κωνσταντινούπολιν
1528 5276 1541 5288 ·
1603 5262 1697 5312 καὶ
1730 5263 1836 5329 μὴν

256 5346 355 5399 καὶ
394 5347 568 5400 ἄλλων
601 5348 905 5412 κακοδόξων
937 5350 994 5401 ὲν
1033 5349 1242 5418 ἑτέροις
1293 5354 1459 5414 ναοῖςο
1496 5351 1590 5403 καὶ
1635 5353 1696 5403 ού
1735 5352 1832 5402 λυ-

259 5441 463 5494 σιτελεῖ
506 5442 714 5508 τούτοις
755 5445 998 5515 ήὲκεῖσσ
1051 5447 1220 5514 ταφή.
1277 5445 1445 5498 Μένει
1498 5445 1607 5515 γὰρ
1653 5445 1832 5497 αὐτῶν

1926 3261 2132 3314 nesqne
2181 3247 2433 3316 pretiosa:
2485 3245 2669 3300 crucis
2714 3255 3141 3312 sanctarumque
3176 3246 3498 3314 imaginum,

1926 3334 2035 3390 illis
2065 3345 2194 3389 sunt
2228 3337 2513 3390 nobiscum
2549 3338 2884 3390 communia.
2916 3334 3034 3388 Non
3070 3343 3154 3390 est
3189 3336 3356 3405 igitur
3384 3336 3501 3391 dis-

1925 3439 2270 3494 sentaneum,
2317 3445 2493 3498 neque
2536 3429 2792 3498 pietatem
2839 3428 2950 3482 ullo
2991 3427 3152 3481 modo
3195 3427 3500 3493 oﬁ‘endens,

1925 3519 2154 3575 Latinos
2177 3521 2397 3590 sepeliri
2430 3521 2483 3575 in
2519 3519 2780 3575 Romanis
2809 3520 3050 3590 templis,
3075 3527 3129 3574 et
3164 3527 3275 3573 uta
3305 3517 3505 3573 Roma-

1928 3613 2011 3667 nis
2041 3611 2364 3682 Latinisque
2396 3612 2868 3668 sacriﬁcatoribus
2904 3611 3276 3666 Romanorum
3309 3619 3362 3664 et
3401 3608 3506 3665 La-

1927 3707 2166 3759 tinorqu
2217 3704 2419 3758 mortui
2469 3705 2717 3758 unanimi
2768 3712 3090 3759 concentu?
3136 3703 3505 3759 celebrentur.

1930 3796 2118 3866 Neque
2148 3798 2293 3852 enim
2336 3798 2488 3851 locus
2528 3795 2657 3848 facit
2697 3804 2947 3850 mortuos
2988 3794 3131 3864 apud
3173 3796 3339 3850 Deum
3375 3795 3506 3865 reji-

1929 3888 2190 3941 ciendos:
2235 3894 2290 3939 et
2338 3884 2656 3938 Latinorum
2710 3885 2780 3938 de
2838 3884 2907 3938 iis
2951 3883 3250 3952 psalmodia
3278 3897 3384 3936 non
3421 3891 3508 3938 est

1932 3992 2160 4048 pagana,
2188 3977 2280 4030 sed
2299 3992 2364 4030 ex
2395 3975 2594 4028 divinis
2624 3985 2672 4038 ³,
2702 3983 2887 4029 nostra
2920 3975 3212 4038 sententia,
3241 3974 3508 4044 Scriptu-

1933 4070 2029 4121 ris.
2064 4065 2218 4132 Quod
2267 4065 2311 4120 si
2349 4065 2471 4133 quis
2516 4063 2655 4117 forte
2698 4078 2810 4117 rem
2855 4063 3168 4130 hujusmodi
3210 4063 3505 4118 absurdam

1931 4168 2106 4230 putet,
2135 4159 2276 4212 banc
2305 4155 2774 4210 ratiocinationem
2805 4170 2995 4208 vanam
3021 4155 3166 4210 illico
3185 4157 3505 4226 comperiet.

1933 4252 2036 4318 Qui
2068 4251 2213 4305 enim
2250 4247 2528 4318 quondam
2567 4247 2870 4317 impietatis
2909 4247 3195 4317 imperium
3227 4262 3326 4300 suo
3368 4253 3507 4300 tem-

1933 4361 2065 4417 pore
2097 4345 2116 4381 ³
2152 4344 2534 4406 obtinuerunt,
2571 4343 2740 4396 multa
2781 4349 3097 4397 sanctorum
3125 4355 3356 4410 corpora
3384 4341 3512 4393 mis-

1937 4443 2170 4492 cuerunt
2221 4435 2522 4490 bestiarum
2579 4434 2930 4499 morticiniis,
2983 4442 3038 4488 et
3082 4434 3136 4487 in
3183 4432 3300 4486 ioca
3346 4446 3506 4487 caeno

1935 4530 2092 4600 plena
2114 4527 2484 4600 projecerunt.
2513 4523 2616 4580 Sed
2635 4524 2762 4580 data
2789 4525 2996 4580 sanctis
3025 4525 3199 4595 gratia
3225 4523 3352 4579 inde
3380 4523 3511 4578 illa).

1935 4635 1996 4676 sa
2027 4620 2251 4676 mansit.
2284 4617 2596 4686 Eorumque
2633 4623 2719 4672 est
2757 4616 3012 4685 superius
3048 4613 3376 4680 Jerusalem,
3400 4612 3512 4684 pri-

1937 4713 2336 4784 mogenitorum
2373 4709 2716 4779 metropolis,
2751 4707 2962 4762 mitium
2992 4715 3174 4771 terra,
3211 4705 3404 4762 dilecta
3431 4715 3511 4760 ta-

1935 4801 2255 4859 bernacula.
2284 4800 2579 4870 impiorum
2608 4807 2790 4853 autem
2824 4813 3008 4869 regum
3040 4798 3314 4867 sepulcra,
3345 4796 3511 4850 etiam

1937 4895 1993 4948 in
2033 4894 2238 4948 nostris
2269 4893 2476 4947 sanctis
2510 4889 2728 4960 templis
2759 4890 3130 4956 inveniuntur,
3158 4897 3216 4944 ut
3244 4895 3514 4959 apostata:

1933 4984 2156 5047 Juliani,
2183 4983 2237 5039 in
2273 4983 2476 5052 templo
2505 4989 2822 5036 sanctorum
2849 4989 2904 5036 et
2931 4981 3348 5036 henedictorum
3377 4993 3514 5048 apo-

1935 5079 2224 5141 stolorum,
2281 5090 2452 5147 prOpe
2497 5074 3034 5144 ConstantinOpoiim
3065 5081 3094 5110 ιι
3125 5089 3140 5127 :
3193 5082 3248 5128 et
3280 5071 3510 5126 aliorum

1933 5183 2205 5239 perversa:
2239 5167 2361 5222 ﬁdei
2395 5168 2447 5220 in
2495 5166 2620 5238 aliis
2655 5166 2896 5235 templis,
2943 5166 3142 5236 quibus
3174 5165 3288 5218 illic
3327 5161 3513 5230 sepul-

1935 5272 2048 5316 tum
2069 5260 2235 5316 fuisse
2260 5275 2366 5315 non
2391 5259 2632 5330 prodest.
2651 5259 2848 5312 Eorum
2867 5258 3012 5314 enim
3033 5265 3214 5311 manet
3237 5254 3511 5324 impietas,

1939 5360 1994 5408 et
2051 5367 2238 5407 eorum
2295 5359 2380 5405 est
2440 5351 2582 5421 ignis
2645 5360 2886 5406 aeternus
2951 5350 3209 5420 gehennae
3234 5355 3280 5398 ν.
3325 5343 3515 5398 Restat

1942 5445 2108 5513 igitur
2139 5458 2260 5499 esse
2291 5442 2776 5514 irreprehensibilc
2805 5441 3247 5500 Christianorum
3278 5437 3331 5491 in
3365 5433 3516 5488 Lati-

1568 5603 1798 5659 γΑιιιΑιλ
1835 5601 2230 5658 [ΕίίΤΙΟΝΕδ.

344 5750 366 5777 ι’
408 5741 594 5814 nantia:
626 5742 945 5796 unanimiter
980 5752 1263 5814 canuntur.
1338 5755 1359 5782 ³
1390 5759 1455 5798 ex
1507 5746 1697 5798 nostris
1729 5746 1894 5800 sacris
1919 5743 2230 5814 Scriptum.

275 5820 529 5880 regnante
579 5813 854 5880 imperium
885 5813 1187 5868 obtinebant
1214 5829 1233 5868 :

2313 5744 2331 5781 ⁸
2366 5743 2468 5809 Qui
2506 5743 2645 5798 enim
2669 5740 2934 5811 quondam
2968 5735 3238 5807 impietate
3298 5749 3516 5811 pagana

1308 5825 1335 5852 α
1395 5815 1873 5884 Constantinopoli.
1949 5824 1977 5856 τ
2069 5816 2337 5886 supplicii.
