3950 6576
545 336 657 402 963

1835 331 1864 390 J
1879 330 1972 391 US
2013 325 2463 392 CANONILUM

3698 335 3780 396 9ῖὶ

545 449 630 503 nis
655 446 873 517 templis
897 446 1242 517 sepultorum
1269 442 1432 498 [unus
1458 462 1470 498 :
1501 441 1948 514 quandoquidem
1975 441 2129 498 etian‘

2245 443 2280 510 ἡ
2327 439 2638 503 δυσσέϐεια,
2688 439 2781 494 καὶ
2822 439 3003 493 αὐτῶν
3044 441 3162 494 ἐστι
3221 440 3282 493 τὸ
3309 441 3528 495 αἰώνιον
3582 445 3683 517 πῦρ
3711 455 3787 516 τῇς

542 538 656 595 illic
687 538 942 608 pretiosae
975 537 1181 601 crucis,
1213 535 1574 604 divorumque
1596 533 1892 604 cﬂigierum
1925 535 2132 588 erectio

542 638 599 685 ct
625 629 925 684 veneratio.
957 627 1083 682 Non.
1101 627 1442 695 ineleganter
1475 624 1602 679 huic
1639 638 1907 693 responso
1941 624 2136 694 adjici-

546 729 634 776 tur
660 720 789 776 illud
816 720 962 790 quod
992 719 1046 772 in
1076 717 1370 787 Evangelio
1399 717 1662 787 scriptum
1694 722 1777 771 est
1799 731 1813 769 :
1833 715 1958 770 Sine
1989 731 2136 770 mor-

545 826 662 866 tuos
695 813 920 882 sepelire
943 828 1068 864 suos
1093 819 1348 865 mortuos.
1384 807 1669 872 Sermone,
1704 807 1899 878 opinor
1923 807 2136 878 signiti-

543 915 710 960 cante.
747 904 1159 972 corruptionem
1207 918 1330 958 esse
1353 942 1370 967 ,
1409 901 1631 956 illorum
1664 900 2022 970 sepulturam.
2066 899 2135 954 Ut

542 998 613 1050 ob
668 996 719 1049 id
785 995 1094 1050 viventibus
1127 1009 1305 1064 supra
1351 992 1614 1048 mundum
1645 1000 1672 1027 ι
1724 993 1806 1048 vel
1847 991 2137 1061 exquisitis

548 1087 828 1156 exsequiis
856 1095 882 1136 γ
922 1096 1170 1143 mortuos
1211 1087 1262 1141 in
1292 1087 1576 1157 sepultura
1615 1085 1875 1156 prosequi
1911 1100 2133 1141 necesse

543 1194 650 1232 non
677 1182 768 1243 sit,
805 1187 900 1232 aut
927 1181 1090 1247 hujus
1122 1180 1297 1248 gratia
1339 1178 1583 1234 delectos
1617 1178 1906 1247 exquirere
1957 1177 2128 1232 locos.

2239 534 2538 596 κολάσεως.
2596 534 2920 602 Ἀμεμπτος
2971 533 3156 587 λοιπὸν
3193 535 3226 604 ἡ
3268 537 3417 605 ταφὴ
3459 534 3566 589 τῶν
3607 539 3660 590 ἐν
3700 547 3788 606 τοῖς

2241 627 2547 690 Λατινικοῖς
2572 628 2718 690 ναοῖς
2736 625 3199 698 ἑνσοριαξομένων
3221 628 3266 682 Χ
3276 629 3584 699 ριστιανῶν.
3616 631 3790 706 Ἐπειδὴ

2244 717 2468 770 κάκεῖσε
2498 718 2530 787 ἡ
2565 714 2658 769 τοῦ
2690 717 2874 786 τιμίου
2896 715 3132 788 σταυροῦ
3165 717 3390 771 καὶτῶν
3415 717 3572 772 θείων
3602 738 3788 791 pop-em.

2248 810 2435 880 μάτων
2467 811 2615 864 ἐστίν
2642 809 3019 881 άναστή’λωσις
3071 809 3166 862 καὶ
3207 811 3599 882 προσκύνησις.
3646 815 3791 885 Προτ-

2244 900 2388 970 θήκη
2415 901 2471 954 δὲ
2497 900 2599 954 οὐκ
2631 900 2984 972 ἀπρόσφορος
3005 903 3076 970 τῇ
3101 901 3394 970 ἀποκρίσει
3423 902 3615 976 ταύτῃ,
3639 908 3792 959 κάκεῖ-

2243 1010 2303 1048 νο
2340 993 2405 1062 δὴ
2451 994 2513 1046 τὸ
2573 993 3267 1064 εὐαγγελιογραφούμενον,
3313 996 3502 1064 Ἄφες
3547 999 3676 1064 τοὺς
3719 1018 3793 1053 γε.

2243 1085 2425 1153 κροὺς
2449 1085 2699 1140 θάπτειν
2729 1085 2878 1152 τοὺς
2910 1083 3110 1140 αὐτῶν
3165 1088 3444 1154 νεκρούς.
3494 1089 3598 1143 Τοῦ
3639 1091 3790 1160 λόγου,

2241 1173 2414 1249 οἶμαι,
2449 1177 2734 1248 δηλοῦντος
2765 1178 2828 1232 τὸ
2856 1177 2956 1248 τὴν
2985 1178 3285 1250 διαφθορὰν
3317 1174 3460 1232 εἶναι
3503 1181 3693 1235 τούτων
3718 1203 3793 1236 ταο

539 1278 667 1346 φήν.
711 1277 796 1338 Ὠς
827 1275 1074 1331 ἐντεῦθεν
1113 1275 1248 1345 μηδὲ
1279 1274 1586 1342 ἐπάναγκες
1645 1269 1787 1328 εἶναι
1819 1275 1932 1336 τοῖς
1959 1273 2126 1337 ζῶσιν
2167 1273 2556 1346 ὑπερκοσμίως
2593 1277 2732 1345 μήτε
2805 1275 3294 1344 περισπουδάστων
3366 1277 3686 1348 μελημάτων
3718 1283 3791 1338 ἐπὶ

539 1373 891 1443 ἐνταφιασμῴ
927 1372 1315 1440 τοὺς·νεκροὺς
1347 1370 1554 1438 ἀξιοῦν,
1590 1372 1727 1442 μήτε
1759 1370 1866 1441 μὴν
1897 1369 2219 1434 ἐπιλέκτους
2249 1370 2448 1434 τόπους
2473 1371 2664 1424 τούτου
2706 1371 2866 1442 χάριν
2892 1369 3197 1442 ἐπιζητεῖν.

610 1463 992 1535 Interrogatio.
1023 1462 1078 1517 Si
1101 1479 1326 1518 uxorem
1362 1461 1572 1518 habens
1595 1463 1877 1528 sacerdos,
1912 1461 1995 1517 vel
2019 1461 2128 1516 dia-

536 1573 732 1619 conus,
775 1561 855 1612 vel
875 1558 1374 1623 lector,tondeatnr
1396 1574 1409 1610 :
1434 1566 1648 1611 maneat
1664 1565 1843 1610 autem
1863 1556 1985 1626 ejus
2001 1572 2135 1612 con-

531 1653 629 1722 jnx
656 1652 708 1704 in
751 1649 960 1702 nmndo
995 1667 1007 1702 :
1047 1665 1114 1702 an
1170 1649 1262 1717 qui
1293 1655 1487 1702 tonsus
1524 1657 1607 1703 est
1638 1650 1811 1717 possit
1841 1648 1908 1702 ad
1949 1663 2133 1702 sacer-

535 1744 745 1797 dotium
767 1782 783 1806 ,
816 1743 898 1796 vel
925 1741 1664 1810 pontificatum.promoveri,
1690 1739 1817 1795 licet
1847 1755 1982 1794 uxor
2012 1739 2134 1810 ejus

538 1844 822 1889 tonsuram
853 1850 966 1888 non
989 1833 1242 1887 admittat
1275 1832 1298 1885 ?

611 2012 763 2082 Resp.
793 2012 996 2068 Divina:
1020 2023 1042 2050 ι
1061 2013 1272 2083 piaeque
1297 2013 1461 2082 leges,
1491 2026 1688 2066 causas
1718 2018 2129 2074 enumerantes,

535 2105 608 2158 ob
649 2121 786 2175 quas
841 2106 1166 2175 nuptiarum
1213 2105 1442 2159 dissidia
1487 2105 1645 2170 ﬁunt,
1692 2104 1777 2159 his
1832 2103 2129 2158 divortium

535 2206 761 2268 propter
793 2206 1082 2252 tonsuram
1116 2207 1502 2260 annumerant,
1551 2212 1713 2265 quam
1776 2196 2129 2251 occasionem

535 2290 871 2361 inculpatam
929 2301 984 2346 et
1031 2289 1568 2360 irreprcbcnsibilem
1628 2289 1934 2344 nominant.
1992 2287 2130 2342 Esse

535 2394 669 2435 sane
711 2379 873 2433 morti
922 2380 1200 2447 similem,
1231 2380 1532 2449 prudenter
1574 2386 1930 2439 censuerunt,
1982 2375 2130 2430 velut

536 2487 636 2541 pro
661 2471 766 2526 alia
794 2472 903 2526 vita
945 2473 1107 2526 aliam
1140 2473 1284 2526 viam
1328 2471 1562 2540 eligente
1595 2486 1679 2534 eo,
1715 2470 1810 2540 qui
1840 2469 1906 2524 ad
1937 2469 2130 2524 solita-

538 2566 676 2617 riam
709 2564 874 2617 vitam
920 2580 1042 2620 sese
1077 2565 1338 2620 destinat.
1384 2563 1442 2618 Si
1476 2563 1644 2633 igitur
1684 2563 1794 2617 tale
1834 2561 2128 2617 divortium

539 2663 626 2710 est
658 2655 960 2726 legitimum
1007 2665 1060 2712 et
1085 2657 1589 2727 irreprehensibile,
1613 2655 1682 2710 ob
1713 2665 1994 2710 tonsuram
2029 2671 2043 2721 ;
2076 2663 2131 2709 et

540 2747 586 2802 si
633 2764 768 2802 uxor
813 2750 957 2804 tonsi
1005 2758 1206 2820 potest,
1237 2751 1289 2805 si
1324 2750 1474 2815 velit,
1530 2764 1654 2803 cum
1712 2747 1820 2805 alio
1861 2748 1978 2801 viro
2011 2747 2130 2806 sine

540 2841 773 2896 crimine
833 2851 1177 2898 contractum
1241 2842 1426 2898 inire;
1489 2841 1655 2896 etiam
1721 2839 1995 2910 depilatus
2049 2839 2129 2892 vir

535 2932 679 3002 ejus,
714 2941 772 2987 ut
800 2933 856 2987 in
891 2934 1095 2988 mundo
1124 2944 1378 2990 mortuus
1407 2933 1572 2989 semel
1610 2934 1811 2996 factus,
1845 2940 2046 2999 potest,
2077 2932 2124 2988 si

536 3026 737 3096 dignus
758 3027 1100 3096 reperiatur,
1118 3026 1186 3080 ad
1208 3026 1508 3082 sacerdotis
1537 3026 1620 3081 vel
1651 3025 1918 3082 antistitis
1948 3024 2127 3096 digni-

537 3126 702 3172 tatem
734 3117 1066 3188 promoveri.
1102 3116 1217 3172 Hoc
1238 3133 1347 3172 non
1369 3132 1493 3173 esse
1519 3117 1882 3187 prohibitum,
1909 3115 2127 3172 discere

535 3208 664 3264 licet
693 3224 756 3264 ex
782 3217 931 3264 textu
959 3209 1139 3265 octavi
1165 3209 1394 3265 canonis
1419 3209 1888 3264 Neocaesariensis
1915 3209 2130 3280 synodi,

533 3302 839 3371 expressim
886 3302 1002 3358 hzec
1051 3302 1356 3360 sanciente.
1416 3300 1475 3356 Si
1519 3301 1754 3371 alicujus
1803 3315 1962 3363 uxor,
2004 3314 2130 3355 cum

535 3402 688 3452 esset
716 3395 908 3462 laicus,
933 3396 1236 3452 adulterata
1265 3395 1436 3452 fuisse.
1465 3396 1716 3456 convicta
1745 3395 2001 3450 luerit:is
2022 3409 2130 3448 non

537 3495 718 3556 potest
752 3485 821 3541 ad
869 3487 1240 3542 ministerium
1277 3487 1558 3543 accedere.
1585 3485 1695 3540 -Sin
1736 3495 1920 3541 autem
1963 3487 2128 3540 etiam

538 3589 665 3648 post
694 3577 1100 3634 ordinationem
1131 3578 1435 3636 adulterata
1464 3577 1652 3644 fuerit,
1693 3577 1852 3632 debet
1882 3591 2002 3633 eam
2044 3576 2124 3630 di-

538 3673 780 3728 mittere.
809 3671 965 3738 Quod
985 3672 1029 3728 si
1061 3673 1361 3738 colmbitet,
1389 3687 1496 3727 non
1525 3679 1704 3743 potest
1735 3670 1840 3727 sibi
1866 3671 2128 3725 commis-

538 3779 662 3820 sum
694 3765 1062 3822 ministerium
1099 3768 1345 3836 exsequi.
1385 3765 1442 3820 Si
1480 3765 1645 3836 igitur
1677 3765 1744 3831 is,
1769 3765 1862 3836 qui
1898 3780 2123 3819 uxorem

538 3873 696 3915 suam
720 3859 950 3925 dimisit,
973 3860 1130 3932 juxta
1156 3861 1386 3917 canonis
1425 3859 1837 3929 conceptionem
1857 3872 1906 3924 α,
1937 3871 2122 3932 utpote

537 3951 900 4008 adulteratam
927 3963 1054 4024 post
1092 3954 1269 4024 ipsius
1311 3953 1750 4019 ordinationem,
1787 3954 1893 4009 sibi
1931 3955 2119 4008 datum

537 4045 882 4101 sacerdotale
912 4046 1279 4102 ministerium
1311 4045 1429 4101 sine
1448 4045 1841 4115 impedimento
1869 4046 2070 4102 retinet
2107 4061 2120 4097 :

538 4136 714 4192 multo
740 4137 914 4208 magis
947 4147 1117 4203 certe,
1140 4139 1234 4209 qui
1261 4137 1413 4209 justa
1441 4137 1735 4193 occasione
1769 4153 1800 4192 a
1830 4152 1929 4192 sua
1958 4152 2127 4192 uxore

2167 1783 2209 1836 Β

2159 3151 2201 3208 (Σ

2329 1460 2672 1532 Ἐρώτησις.
2713 1463 2770 1517 '0
2797 1465 3032 1532 γυναῖκα
3086 1463 3228 1534 ἔχων
3262 1464 3460 1536 ίερεὺς,
3496 1465 3530 1536 ἢ
3562 1465 3790 1532 διάκονος.

2244 1553 2276 1624 ἢ
2313 1555 2689 1625 ἁναγνώστης,
2717 1555 2764 1606 εί
2817 1553 2979 1616 αὐτὸς
3023 1553 3122 1624 μὲν
3177 1554 3455 1626 άποκαρῇ,
3508 1556 3658 1626 μείνῃ
3696 1556 3790 1627 es

2245 1645 2477 1714 σύζυγος
2498 1647 2664 1700 αὑτοῦ
2696 1647 2754 1700 ὲν
2791 1645 2864 1715 τῷ
2924 1646 3134 1715 κόσμῳ,
3183 1642 3271 1716 ἆρ’
3327 1641 3422 1700 οὖν
3465 1647 3680 1701 δύναται
3729 1650 3790 1712 είς

2243 1740 2544 1810 ἱερωσύνην
2584 1739 2616 1808 ἢ
2681 1739 3095 1810 ἀρχιερωσύνην
3156 1741 3502 1810 προαχθῆναι
3532 1743 3560 1794 6
3604 1743 3786 1796 ἀποκα-

2235 1833 2375 1901 ρεὶς,
2429 1832 2476 1884 εί
2551 1831 2645 1884 καὶ
2695 1833 2728 1902 ἡ
2783 1831 3010 1901 σύμϐιος
3062 1831 3230 1885 αὑτοῦ
3257 1831 3702 1904 τὴνόπόκαρσιν
3742 1837 3788 1888 οὐ

2239 1921 2594 1986 καταδέξεται
2629 1938 2645 1987 ;

2320 2012 2441 2067 Ἁπ.
2483 2013 2546 2065 Ol
2579 2011 2712 2064 θεῖοι
2740 2011 2834 2065 καὶ
2885 2011 3226 2082 φιλευσεὸεῖς
3257 2014 3437 2084 νόμοι,
3500 2015 3598 2079 τὰς
3639 2017 3787 2080 αἰτίας

2237 2105 2652 2175 καταλέγοντες,
2678 2100 2754 2158 ὧν
2779 2105 2941 2158 ἕνεκα
2962 2105 3031 2158 τὰ
3051 2105 3160 2160 τῶν
3181 2093 3439 2177 γαμικῶν
3471 2111 3787 2164 συνοικεσίων

2236 2198 2490 2267 διαζύγια
2517 2199 2781 2267 γίνονται,
2819 2199 3048 2262 ταύταις
3075 2199 3388 2253 ἐπιτάττουσι
3443 2203 3540 2254 καὶ
3573 2204 3630 2255 τό
3663 2206 3786 2271 7W6-

2241 2309 2401 2362 μενον
2451 2291 2520 2344 δι’
2553 2291 2881 2362 ἀπόκαρσιν.
2951 2291 3129 2360 Ὅπερ
3183 2293 3276 2344 καὶ
3325 2293 3598 2364 πρόφασιν
3640 2295 3790 2364 ἆμεμο

2240 2398 2375 2434 πτον
2433 2382 2526 2434 καὶ
2563 2381 2981 2450 ἀκατηγόρητον
3044 2381 3426 2452 ὀνομάζουσιν.
3483 2384 3584 2436 Ἤν
3633 2384 3690 2454 δὴ
3715 2388 3788 2438 καὶ

2238 2473 2454 2546 θανάτῳ
2521 2473 2898 2546 παρεοικέναι,
2964 2473 3144 2542 σοφῶς
3219 2477 3677 2544 γνωματεύουσιν,
3727 2478 3787 2540 ὡς

2238 2569 2432 2639 ἑτέραν
2487 2565 2606 2619 ἀνθ’
2658 2566 2846 2636 ἐτέρου
2917 2565 3030 2636 βίου
3084 2566 3311 2636 πορείαν
3352 2568 3673 2639 αἱρουμένου
3703 2570 3780 2622 τοῦ

2236 2659 2314 2723 είς
2341 2659 2440 2730 τὴν
2476 2657 2768 2728 μοναδικὴν
2799 2658 2984 2729 βιοτὴν
3006 2659 3501 2729 παραγγέλλοντος.
3547 2659 3608 2712 Ei
3635 2662 3788 2714 τοίνυν

2235 2749 2297 2802 τδ
2352 2748 2552 2801 τοιόνδε
2595 2747 2874 2816 διαζύγιον
2930 2749 3160 2818 νόμιμόν
3220 2751 3335 2805 ἐστι
3383 2751 3478 2804 καὶ
3537 2751 3787 2820 ἄμεμπτον

2235 2840 2321 2894 διὰ
2350 2840 2447 2912 τὴν
2474 2840 2804 2911 ἁπόκαρσιν,
2833 2840 2928 2894 καὶ
2971 2841 3194 2895 δύναται
3233 2843 3265 2913 ἡ
3304 2843 3442 2913 γυνὴ
3500 2843 3592 2896 τοῦ
3626 2861 3781 2914 κειρα-

2239 2933 2424 3003 μένου,
2453 2934 2506 2986 ετ
2534 2949 2596 2999 γε
2642 2932 2920 3003 βούλεται,
2981 2935 3104 3004 μεθ’
3137 2935 3329 3005 ἐτέρου
3382 2935 3575 3004 ἀνδρὸς
3615 2938 3786 3005 ἀκατη-

2235 3025 2464 3096 γόρητον
2485 3023 2673 3078 θέσθαι
2704 3025 3056 3094 συνάλλαγμα
3082 3041 3095 3054 ·
3133 3025 3241 3095 ἄρα
3270 3025 3365 3079 καὶ
3393 3027 3421 3079 6
3453 3027 3786 3096 ἁποθριξὰμεο

2236 3134 2328 3181 νος
2371 3117 2509 3189 ἀνὴρ
2559 3117 2784 3187 ταύτης,
2838 3116 2914 3182 ὡς
2959 3116 3039 3188 τῷ
3077 3118 3269 3188 κόσμῳ
3319 3117 3579 3182 καθάπαξ
3625 3117 3784 3187 νεκρὸς

2233 3212 2545 3280 γενόμενος,
2579 3210 2826 3275 δύναται,
2885 3211 2934 3262 εί
3007 3210 3155 3276 ἄξιος
3185 3211 3459 3281 εὑρεθείη,
3496 3213 3589 3264 καὶ
3621 3212 3694 3272 είς
3737 3209 3784 3262 τὸ

2233 3303 2323 3357 τοῦ
2359 3305 2548 3374 ἱερέως
2597 3304 2690 3356 καὶ
2743 3304 2824 3367 είς
2878 3303 2937 3356 τὸ
3003 3302 3100 3356 τοῦ
3161 3303 3465 3373 ἀρχιερέως
3521 3302 3782 3372 ἀναχθῆναι

2231 3394 2466 3466 ἀξίωμα.
2510 3396 2582 3448 Τὸ
2607 3396 2686 3458 είς
2715 3394 2869 3448 τοῦτο
2915 3395 2971 3448 δὲ
3001 3394 3298 3459 ἀκώλυτον,
3349 3396 3470 3462 ἐξόν
3505 3395 3617 3447 ἐστι
3640 3411 3781 3447 κατα-

2233 3488 2425 3558 μαθεῖν
2462 3488 2573 3541 ἀπδ
2606 3487 2703 3558 τῆς
2735 3487 3079 3558 περιλήψεως
3110 3487 3204 3542 τοῦ
3233 3488 3420 3556 ὀγδόου
3466 3489 3679 3550 κανόνος
3701 3487 3780 3555 τῆς

2232 3582 2290 3632 ἐν
2321 3581 2722 3652 Νεοκαισαρείᾳ
2763 3581 3002 3644 συνόδου,
3036 3581 3384 3644 θεσπίζοντος
3416 3579 3588 3632 ταῦτα
3613 3579 3776 3650 ῥητῶς·

2243 3671 2370 3726 Ἐὰν
2403 3673 2540 3743 γυνή
2587 3691 2730 3736 τινος
2782 3673 3131 3744 μοιχευθεῖσα
3163 3672 3353 3726 λαῖκοῦ
3393 3673 3545 3736 ὄντος
3583 3670 3776 3740 ἐλεγχθῇ

2233 3767 2503 3836 φανερῶς,
2536 3767 2564 3818 6
2595 3765 2834 3829 τοιοῦτος
2869 3769 2952 3829 είς
2984 3766 3289 3838 ὑπηρεσίαν
3332 3765 3510 3818 ἐλθεῖν
3557 3765 3616 3818 οὑ
3649 3765 3777 3818 δύνα-

2228 3874 2316 3911 ται
2345 3873 2360 3888 °
2423 3858 2517 3910 ἐὰν
2551 3857 2609 3910 δὲ
2644 3857 2784 3926 μετά
2815 3859 2914 3928 τὴν
2949 3858 3282 3928 χειροτονίαν
3345 3857 3626 3928 μοιχευθῇ,
3657 3856 3775 3924 ὀφεί-

2226 3949 2308 4002 λει
2361 3949 2630 4004 ἀπολύσαι
2692 3951 2888 4022 αὑτήν.
2957 3951 3082 4004 Ἐὰν
3132 3951 3188 4004 δὲ
3240 3951 3410 4021 συζῇ,
3463 3952 3525 4003 ού
3587 3950 3773 4002 δύναται

2223 4042 2441 4114 ἔχεσθαι
2469 4044 2566 4114 τῆς
2598 4041 3030 4114 ἐγχειρισθείσης
3083 4041 3230 4111 αύτῷ
3260 4042 3552 4103 διακονίας.
3599 4041 3654 4094 Εἰ
3683 4041 3772 4092 voi-

2223 4153 2316 4188 νυν
2354 4135 2710 4200 ὁὰπολύσας,
2742 4136 2882 4188 κατὰ
2932 4135 3029 4204 τὴν
3078 4133 3175 4188 τοῦ
3223 4135 3448 4199 κανόνος
3497 4131 3766 4204 περίληψιν,

534 4227 840 4301 disjungitu
853 4247 897 4296 r,
915 4240 971 4286 et
989 4231 1384 4287 sacerdotalem
1403 4240 1462 4286 et
1473 4229 1840 4300 pontiﬁcalem
1862 4230 2129 4300 suscipiet

2235 4229 2324 4299 τὴν
2381 4228 2575 4282 ἑαυτοῦ
2634 4228 2900 4298 γαμετὴν,
2957 4227 3030 4290 ὡς
3095 4227 3473 4297 μοιχευθεῖσαν
3517 4227 3644 4296 μετά
3691 4224 3768 4291 τὴν

535 4320 878 4391 dignitatem.

2232 4322 2568 4392 χειροτονίαν
2604 4318 2791 4382 αὑτοῦ,
2828 4319 3009 4388 ἔχεται
3039 4318 3139 4389 τῆς
3185 4319 3433 4390 δοθείσης
3464 4319 3605 4384 αὐτῷ
3649 4318 3766 4384 lepa-

533 4418 693 4484 τικῆς
731 4413 1007 4476 διακονίας
1035 4413 1466 4483 ἀνεμποδίστως,
1501 4415 1609 4484 ἄρα
1652 4432 1717 4484 γε
1750 4415 1931 4486 πολλῷ
1998 4416 2160 4468 πλέον
2192 4417 2220 4469 6
2255 4415 2393 4468 κατὰ
2429 4413 2716 4483 πρόφασιν
2765 4413 3051 4483 ἄμεμπτον
3095 4409 3369 4498 διαζυγεὶς
3421 4411 3518 4481 τῆς
3593 4410 3766 4466 οἰκείας

535 4504 818 4574 γυναικὸς,
855 4503 1154 4566 ἀκωλύτως
1193 4503 1290 4557 καὶ
1325 4503 1418 4556 τὸν
1455 4505 1730 4576 ἱερατικὸν
1760 4505 1856 4558 καὶ
1899 4505 1961 4558 τὺ
1991 4505 2378 4577 ἀρχιερατικὴν
2417 4505 2634 4575 ἀξίωμα
2665 4505 2895 4571 δέξεται.

613 4596 1002 4668 Interrogatio.
1043 4594 1279 4662 Quinam
1329 4595 1695 4666 praferuntur
1735 4597 1802 4650 .in
1841 4598 2123 4652 creatione

2309 4597 2654 4665 Ἐρώτησις.
2704 4597 2860 4658 Τίνες
2914 4592 3291 4664 προτιμῶνται
3341 4594 3422 4657 είς
3448 4594 3506 4646 τὸ
3561 4590 3763 4662 ψηφίζε-

535 4692 836 4763 episcopi?
878 4689 1298 4760 ProtOpapa,.ct
1325 4690 1418 4759 qui
1455 4698 1584 4744 sunt
1607 4699 1729 4760 post
1777 4705 1903 4746 eum
1943 4705 2128 4746 sacer-

2229 4689 2352 4742 σθαι
2380 4691 2460 4752 είς
2501 4689 2837 4756 ἐπισκοπάς;
2877 4687 2936 4740 '0
2964 4687 3338 4756 πρωτοπαπᾶς
3366 4687 3460 4740 καὶ
3493 4687 3539 4738 οί
3570 4683 3762 4756 μετάὑ-

539 4782 722 4846 dotes,
750 4781 1062 4840 andiaconi
1087 4778 1366 4835 habentes
1391 4780 1713 4851 principalia
1733 4781 2123 4838 ecclesiastica

2235 4779 2320 4834 τὸν
2352 4781 2538 4849 ἱερεῖς,
2572 4779 2603 4849 ἢ
2633 4780 2680 4831 οί
2703 4779 2940 4832 διάκονοι
2969 4779 3020 4830 οί
3039 4775 3252 4846 ἔχοντες
3282 4777 3571 4847 ὀρχοντικᾶ
3594 4773 3757 4842 ὲκκληο

534 4873 714 4930 oﬂicia
743 4873 767 4926 7

626 4967 786 5036 Resp.
828 4965 1152 5022 Vacantium
1208 4966 1568 5023 ecclesiarum
1626 4967 1883 5037 sullragia
1950 4967 1978 5007 ιι
2041 4983 2129 5023 se-

539 5061 779 5116 cundum
830 5067 1076 5115 exactam
1124 5060 1391 5114 rationem
1435 5059 1824 5114 convenienter
1883 5058 2020 5113 locis
2074 5064 2169 5115 et'

538 5153 792 5223 personis
825 5151 1153 5221 procedunt.
1193 5148 1313 5206 Non
1343 5151 1487 5206 enim
1538 5150 1584 5206 si
1629 5152 1784 5206 locus
1834 5157 1921 5206 est
1976 5149 2125 5205 cele-

539 5245 679 5309 bris,
713 5251 768 5299 et
803 5253 1026 5314 pastore
1082 5243 1262 5313 perito
1313 5243 1630 5313 disertoque
1696 5258 1834 5314 opus
1893 5241 2125 5306 habens,

537 5337 698 5407 cujus
737 5344 794 5392 et
833 5337 946 5391 vita
998 5334 1240 5392 sermoni
1290 5345 1581 5404 congruat,
1643 5347 1878 5406 persona
1939 5341 2122 5388 autem

541 5440 789 5500 tempore
817 5427 960 5484 forte
996 5426 1082 5480 vel
1114 5426 1394 5481 voluntate
1422 5425 1720 5495 pontiﬁcali
1755 5424 1823 5479 ad
1850 5423 2119 5494 insignem

541 5524 770 5590 gradum
807 5519 1249 5576 ecclesiasticum
1297 5525 1575 5590 provecta,
1628 5516 1928 5573 snﬂiciente
1949 5531 2116 5586 expe-

2233 4875 2488 4926 σιαστικὰ
2519 4871 2754 4940 όφφίκια
2775 4889 2790 4938 ;

2313 4963 2430 5016 'Asz.
2466 4963 2529 5016 Αἱ
2557 4961 2666 5014 τῶν
2697 4960 3043 5031 χηρευουσῶν
3085 4959 3426 5030 Ἐκκλησιῶν
3457 4959 3619 5028 ψῆφοι
3648 4956 3759 5009 κατὰ

2225 5055 2318 5108 τὸν
2361 5053 2562 5125 ἀκριϐῆ
2604 5053 2762 5121 λόγον
2819 5053 3101 5122 ἀναλόγως
3133 5056 3244 5117 τοῖς
3304 5053 3492 5116 τόποις
3539 5051 3624 5104 καὶ
3670 5052 3759 5107 τοῖς

2228 5143 2545 5215 προσώποις
2583 5144 2992 5216 προϐαίνουσιν.
3054 5145 3130 5198 Οὐ
3175 5144 3284 5216 γὰρ
3335 5147 3383 5198 εί
3414 5148 3441 5198 6
3481 5145 3634 5204 τόπος
3680 5139 3755 5207 μὲν

2226 5236 2608 5308 περίϐλεπτος,
2650 5238 2742 5290 καὶ
2772 5236 3024 5306 δεόμενος
3075 5235 3332 5305 ποιμένος
3369 5225 3754 5304 ἐπιστημονικοῦ

2229 5330 2324 5382 καὶ
2360 5327 2543 5395 λογίου
2570 5367 2586 5393 ,
2621 5329 2718 5381 καὶ
2755 5326 2847 5381 τίον
2893 5326 3008 5396 βίον
3039 5325 3118 5397 τῷ
3148 5326 3290 5398 λόγῳ
3326 5325 3612 5397 σύνδρομον
3637 5321 3757 5389 ἔχον-

2225 5433 2337 5478 τος,
2364 5416 2424 5469 τὸ
2453 5413 2814 5486 πρόσωπονδέ
2845 5413 2905 5468 τὸ
2931 5415 3038 5468 ὑπὸ
3072 5415 3264 5486 χρόνου
3284 5415 3446 5486 τυχδν
3475 5415 3505 5485 ἢ
3544 5411 3750 5480 θελήμαο

2225 5527 2316 5575 τος
2347 5507 2736 5582 ἀρχιερατικοῦ
2773 5509 2853 5572 εἰς
2881 5509 3087 5580 βαθμὸν
3126 5509 3358 5581 ἀναχθὲν
3398 5509 3649 5579 ἐπίσημον
3674 5503 3751 5554 ἐκ·

1823 5690 2059 5748 VARUE
2099 5687 2505 5746 LECTIONES.

611 5800 641 5832 κ
671 5791 1104 5852 ultramundane.
1178 5799 1210 5843 1
1237 5789 1490 5848 modulis.
1569 5796 1593 5826 ³
1623 5803 1812 5846 sacrae.

1906 5799 1954 5855 _n
1987 5783 2325 5842 sententiam.
2399 5782 2428 5822 ι)
2454 5779 2752 5836 electiones.
