3950 6598
485 362 591 425 967

495 566 647 631 licet,
682 573 797 620 tam
839 572 1068 636 prapter
1102 564 1493 620 necessitatem
1531 560 1718 627 oﬂieii,
1768 575 1933 632 quam
1994 562 2081 617 lu-

493 673 616 715 rum
672 656 924 722 insidias,
974 655 1058 711 vel
1120 654 1495 721 elfractorum,
1554 653 1861 709 aliorumve
1914 654 2090 710 scele-

493 762 767 808 ratorum.
796 750 897 805 Cui
928 760 1109 804 autem
1146 748 1271 807 talis
1302 763 1438 802 cura
1470 763 1579 803 non
1605 746 1896 815 incumbit,
1933 746 2084 801 nullo

494 844 658 900 modo
691 844 743 898 id
780 856 1110 897 concessum
1140 847 1245 896 est.
1275 838 1471 894 (libum
1507 852 1637 893 vero
1686 851 1907 892 sumere
1938 837 2081 892 intra

495 936 779 1005 templum,
806 948 913 988 non
950 932 1128 989 solum
1150 932 1371 1001 quodie,
1408 929 1505 987 sed
1542 943 1643 985 nec
1673 944 1772 999 per
1801 929 1972 996 vices,
2007 944 2076 984 ne

496 1028 599 1099 ipsi
618 1026 838 1097 quidem
867 1025 1067 1080 :edituo
1114 1024 1474 1095 permittitur.
1524 1022 1589 1077 Et
1623 1023 1739 1077 haec
1793 1024 2084 1094 perspicue

493 1122 739 1176 declarat
774 1120 860 1174 lex
883 1117 1264 1174 ecclesiastica
1317 1124 1373 1172 et
1423 1114 1625 1172 civilis.
1684 1116 2082 1172 Ecclesiastica

494 1213 737 1284 quidem,
769 1212 824 1268 in
852 1210 1023 1267 variis
1049 1209 1399 1267 canonibus:
1430 1208 1526 1265 sed
1558 1208 1614 1263 in
1653 1208 1847 1280 primis
1883 1209 1939 1263 in
1993 1224 2084 1265 ca-

492 1321 638 1362 none
663 1305 731 1361 τι
750 1305 1104 1362 ωοιιιιιειιίοιε
1131 1314 1300 1360 sexta:
1333 1303 1525 1376 synodi
1571 1302 1689 1357 hmc
1720 1303 1889 1358 edicit
1915 1320 1928 1357 :
1962 1301 2082 1358 Non

492 1408 711 1470 oportet
740 1400 799 1454 in
838 1398 1142 1455 Dominicis
1190 1398 1348 1466 locis,
1379 1398 1464 1453 vel
1497 1397 1773 1463 ecclesiis,
1817 1412 1913 1454 eas
1964 1413 2086 1469 quin

493 1493 759 1548 dicuntur
808 1505 1032 1563 agapas,
1056 1491 1110 1546 id
1133 1498 1222 1546 est
1262 1491 1582 1556 charitates,
1622 1489 1823 1553 facere,
1849 1496 1903 1545 et
1935 1491 2085 1548 intus

494 1585 548 1640 in
576 1584 692 1641 aede
726 1583 1038 1649 comedere,
1069 1590 1123 1638 et
1160 1581 1451 1638 accubitus
1486 1589 1759 1642 sternere.
1779 1580 1884 1647 Qui
1904 1590 2083 1637 autem

493 1678 601 1733 hoc
629 1676 753 1732 ausi
816 1674 1045 1743 fuerint,
1116 1675 1203 1730 vel
1261 1684 1509 1740 cessent,
1568 1674 1655 1729 vel
1706 1682 2085 1745 segregantur.

1784 358 1925 419 JUS
1956 354 2333 418 CANONlCU
2347 356 2396 415 Μ

568 474 720 544 (lup.
752 472 1013 530 Habitare
1066 472 1312 527 divinum
1348 470 1606 542 templum
1665 471 1800 526 solis
1864 470 2083 526 aedituis
2112 479 2157 535 Α

3668 358 3769 424 963

2270 471 2404 526 Ἅι.
2431 469 2506 523 Τδ
2553 470 2738 542 μίντιν
2777 467 2928 534 ἐντὸς
2971 466 3066 524 τοῦ
3127 466 3275 523 θείου
3321 469 3450 523 ναοῦ
3486 472 3773 543 νεωκόροις

2192 562 2376 633 μόνοις
2415 561 2653 627 ἀνεῖται,
2688 560 2781 616 διά
2809 576 2871 615 τε
2915 560 3015 626 τὰς
3060 560 3371 630 ἀναγκαίας
3418 561 3604 632 τούτῳ
3640 563 3773 635 ύπη-

2191 654 2400 726 ρεσίας,
2431 652 2530 708 καὶ
2566 653 2635 707 δι’
2665 652 2963 725 ἐπιδουλὴν
2994 652 3267 721 κλεπτῶν,
3307 652 3339 723 ἢ
3387 654 3770 726 τοιχωρύχων,

2186 745 2220 818 ἦ
2256 745 2460 816 ἐτέρων
2495 744 2811 798 κακοποιῶν
2831 759 2846 774 ο
2872 741 3018 815 ἄλλῳ
3047 743 3104 798 δέ
3129 761 3259 810 τινι,
3294 742 3371 817 μὴ
3403 747 3771 817 περικειμένῳ

2186 836 2446 907 τοιαύτην
2478 835 2759 907 φροντίδα,
2786 835 3053 891 ἐνδέδοται
3078 835 3353 907 οὐδαμῶς.
3376 837 3452 890 T6
3473 836 3538 890 δέ
3571 837 3771 890 ἐσθίειν

2187 927 2336 983 ἔνδον
2369 927 2522 993 ναοῦ,
2573 928 2672 999 οὐχ
2720 929 2868 992 ὅπως
2924 928 3049 983 καθ’
3084 928 3346 999 ἑκάστην,
3385 929 3506 983 ἀλλ’
3559 930 3681 984 οὐδὲ
3714 934 3772 989 ἐκ

2185 1019 2597 1090 διαλειμμάτων
2624 1018 2873 1073 ὁπωσοῦν
2907 1021 3016 1073 τινὶ
3042 1060 3055 1085 ,
3086 1018 3204 1075 ἀλλ’
3234 1019 3347 1074 οὐδ’
3374 1019 3531 1090 αύτῴ
3582 1038 3769 1091 συγκε-

2187 1110 2432 1184 χώρηται
2472 1111 2747 1183 νεωκόρῳ.
2776 1112 2885 1166 Καὶ
2915 1112 2984 1166 τά
3004 1112 3133 1183 περὶ
3155 1111 3354 1165 τούτου
3402 1113 3624 1184 τρανῶς
3661 1115 3767 1170 δια-

2189 1205 2475 1275 σαφοῦσιν,
2520 1207 2549 1261 ὃ
2581 1222 2641 1259 τε
2684 1204 3146 1277 ἐκκλησιαστικὸς
3170 1206 3336 1277 νόμος
3365 1206 3465 1260 καὶ
3507 1208 3537 1260 6
3568 1207 3766 1262 πολιτι-

2188 1298 2304 1363 κός.
2348 1298 2408 1351 Ὀ
2442 1298 2544 1368 μὲν
2582 1296 3071 1368 ὲκκλησιαστικὺς,
3129 1298 3189 1351 ἐν
3224 1296 3512 1370 διαφόροις
3537 1301 3766 1359 κανόσιν.

2200 1391 2360 1445 Ἀλλὰ
2386 1390 2450 1464 δὴ
2490 1392 2581 1446 καὶ
2614 1390 2672 1445 ὲν
2702 1390 2779 1463 τῷ
2810 1391 2882 1445 οδ⁹
2915 1392 3014 1462 τῆς
3039 1393 3427 1465 οῖκουμενικῆς
3466 1399 3525 1459 ς’
3562 1396 3763 1450 συνόδου

2185 1482 2360 1537 ταῦτα
2388 1482 2719 1554 διαγορεύει,
2739 1485 2820 1538 ὅτι
2852 1485 2927 1537 Οὐ
2954 1484 3036 1538 δεῖ
3067 1486 3125 1539 ἐν
3149 1489 3264 1550 τοῖς
3294 1487 3626 1555 Κυριακοῖς,
3661 1487 3762 1560 ἢέν

2187 1578 2308 1641 ταῖς
2342 1575 2666 1649 ἐκκλησίαις
2701 1579 2799 1642 τὰς
2832 1578 3137 1658 λεγομένας
3173 1580 3401 1650 ἀγάπας
3450 1586 3651 1648 ποιεῖν,
3684 1586 3765 1639 καὶ

2188 1668 2337 1722 ἔνδον
2365 1670 2425 1723 ἐν
2448 1667 2528 1739 τῷ
2557 1669 2694 1740 οῖκῳ
2719 1670 2946 1733 ἐσθίειν,
2981 1671 3076 1725 καὶ
3110 1669 3379 1726 ἀκούδιτα
3418 1675 3761 1744 στρωννύειν.

496 1770 826 1824 Accubitum
860 1777 1043 1823 autem
1071 1767 1276 1821 dicitur
1300 1767 1483 1823 omnis
1533 1766 1654 1822 lecti
1688 1774 1986 1836 apparatus
2029 1766 2083 1821 in

2199 1761 2251 1816 Di
2301 1760 2360 1815 δὲ
2391 1760 2552 1817 τοῦτο
2607 1762 2785 1816 ποιεῖν
2822 1762 3153 1833 τολμῶντες,
3195 1765 3230 1837 ἢ
3281 1766 3693 1823 παυσάσθωσαν
3731 1767 3762 1840 ἢ

497 1862 669 1915 altum
702 1870 923 1916 erectus
952 1867 1007 1915 et
1038 1859 1240 1914 mollis.
1281 1858 1547 1913 Accumbo
1590 1860 1735 1914 enim
1769 1858 1911 1929 apud
1935 1857 2082 1913 Lati-

2199 1854 2683 1927 ιαθαιρείσθωσαν.
2728 1855 3044 1911 Ἀκούόιτον
3071 1858 3126 1912 δὲ
3162 1858 3381 1928 λέγεται
3416 1860 3571 1918 ἅπαν
3602 1881 3759 1937 στρω-

498 1972 598 2011 nos
625 1956 807 2025 jaceo.
874 1953 1142 2009 Similiter
1184 1963 1239 2008 et
1290 1955 1343 2007 in
1386 1952 1747 2023 nonagesimo
1791 1954 2084 2027 5"canone

497 2050 635 2106 haec.
678 2048 806 2111 Eos,
841 2048 935 2120 qui
960 2048 1046 2102 vel
1075 2061 1199 2102 eum
1236 2061 1409 2102 uxore
1446 2047 1879 2114 cohabitant,vel
1946 2047 2082 2101 alio-

494 2142 628 2213 quin
694 2140 1175 2196 indiseriminatim
1244 2141 1348 2188 δ”
1390 2154 1548 2195 sacra
1597 2139 1716 2195 loca
1766 2139 2084 2194 communia

496 2236 708 2290 faciunt
742 2235 834 2274 3'“
883 2240 937 2288 et
963 2234 1320 2303 contemptim
1364 2233 1419 2287 in
1463 2247 1524 2288 ea
1579 2232 2086 2298 alliciuntur,etsic

498 2329 551 2383 in
575 2327 656 2384 eis
680 2334 1002 2398 permanent
1023 2327 1188 2381 etiam
1212 2342 1278 2381 ex
1320 2326 1410 2394 iis,
1442 2341 1564 2397 qua:
1593 2328 1794 2383 suntin
1854 2341 2086 2381 venera-

496 2419 702 2475 hilibus
744 2420 986 2490 templis,
1048 2417 1574 2474 catcchumenorum
1642 2418 2026 2474 mansionibus
2056 2418 2083 2457 ιι

496 2512 718 2567 extrudi
749 2510 1030 2582 iubemus.
1060 2511 1119 2566 Si
1149 2512 1276 2583 quis
1312 2520 1406 2567 aut
1434 2512 1548 2567 haec
1598 2526 1708 2568 non
1758 2513 2083 2577 servaverit,

497 2603 768 2675 siquidem
795 2604 867 2659 sit
918 2602 1176 2668 clericus,
1222 2601 1572 2673 deponatur:
1631 2592 1675 2659 si
1727 2618 1860 2659 vero
1890 2603 2085 2667 laicus,

499 2703 837 2766 segregetur.
869 2692 978 2749 Lex
1008 2703 1190 2750 autem
1217 2695 1398 2750 civilis
1430 2695 1486 2750 in
1536 2696 1718 2765 capite
1771 2693 2086 2762 undecimo,

500 2786 665 2848 titulo
690 2787 888 2858 primo,
925 2786 1052 2842 libri
1084 2787 1262 2857 quinti
1284 2785 1561 2843 Basilicon
1599 2787 1714 2843 haec
1749 2788 1847 2843 ait.
1898 2785 2089 2859 Usque

504 2876 573 2932 ad
607 2878 857 2933 ecclesia:
888 2877 1176 2941 terminos,
1207 2877 1299 2947 qui
1333 2885 1465 2933 sunt
1499 2886 1628 2933 ante
1671 2876 1852 2934 forum
1907 2878 2089 2950 publi-

502 2985 627 3025 cum
660 2969 1022 3025 securitatem
1057 2968 1318 3036 habeant,
1351 2968 1453 3040 qui
1504 2970 1824 3042 profugiunt
1845 2971 1923 3037 δ’,
1947 2971 2091 3027 inte»

502 3064 755 3120 rioribus
794 3071 1013 3120 utentes
1058 3063 1317 3130 lavacris,
1356 3073 1451 3121 aut
1500 3064 1697 3132 hortis,
1734 3074 1831 3121 aut
1871 3064 2090 3121 habita-

506 3157 768 3224 tionibus,
793 3159 876 3214 vel
894 3157 1153 3226 stabulis,
1179 3165 1277 3214 aut
1326 3158 1655 3229 porticibus.
1685 3158 2091 3217 Probiheantur

505 3257 688 3306 autem
722 3251 777 3306 in
813 3251 1020 3322 templo
1047 3252 1235 3308 cibum
1276 3267 1523 3320 sumere,
1558 3253 1648 3309 vel
1692 3254 1955 3310 dormire.
1985 3252 2093 3312 Sed

504 3358 552 3395 et
579 3340 801 3398 Novella
832 3343 1240 3414 septuagesima
1268 3343 1433 3399 tertia
1479 3345 1856 3415 imperatoris,
1884 3344 2096 3400 domini

506 3432 707 3490 Leonis
732 3434 1072 3505 philosophi,
1143 3435 1401 3492 similiter
1427 3439 1584 3508 punit
1606 3451 1724 3506 eos,
1770 3440 1862 3508 qui
1889 3452 2095 3493 conce-

505 3527 647 3582 dunt
676 3529 758 3584 vel
795 3529 850 3583 in
894 3529 1331 3585 eatechumeniis
1388 3528 1811 3586 habitationem.
1844 3530 1925 3586 Ex
1966 3545 2098 3587 con-

510 3620 774 3690 ceptione
843 3620 873 3660 ιι
905 3621 961 3641 ⁸·
997 3620 1168 3692 igitur
1223 3620 1543 3692 hujusmodi
1631 3622 2095 3679 constitutionqu

507 3709 851 3766 omnimodo
911 3710 1268 3767 interdictum
1329 3719 1435 3781 est,
1467 3711 1611 3769 intra
1637 3713 2097 3785 templumcibum

507 3819 753 3872 sumere,
786 3812 843 3861 et
863 3803 1133 3861 habitare.

586 3979 967 4052 Interrogatio.
990 3979 1047 4037 In
1071 3982 1437 4055 dignitatibus
1454 3984 1960 4041 ecclesiasticarum
1984 3984 2101 4042 olli-

509 4074 749 4140 ciorum,
786 4073 912 4143 quis
937 4072 1148 4144 primus
1182 4081 1290 4142 est,
1319 4084 1376 4130 et
1405 4074 1531 4146 quis
1561 4074 1863 4141 secundus,
1895 4082 1949 4132 et
1976 4076 2102 4147 quis

512 4166 732 4232 tertius,
765 4174 821 4221 et
849 4165 975 4236 quis
1007 4164 1268 4237 deinceps
1296 4181 1488 4223 eorum
1519 4167 1704 4224 ordo?

584 4253 711 4312 Res.
742 4256 823 4325 Ex
858 4256 1085 4328 antiqua
1114 4257 1413 4315 traditione
1463 4260 1680 4331 primus
1729 4267 1817 4317 est
1865 4273 2102 4330 magnus

516 4349 867 4420 dispensator
907 4350 951 4403 ί.
983 4348 1297 4414 Secundus,
1362 4352 1456 4422 qui
1508 4358 1710 4423 praeest
1766 4366 1975 4423 magna:
2009 4368 2102 4409 sa-

515 4440 699 4507 cella,
738 4440 791 4494 id
822 4448 928 4506 est,
955 4454 1187 4513 magnus
1209 4441 1550 4498 sacellarius.
1595 4440 1839 4507 Tertius,
1872 4458 2103 4516 magnus

2189 1947 2328 2019 μνῆς
2359 1947 2799 2018 κατασκεύασμα
2831 1950 2913 2012 εἰς
2946 1948 3080 2019 ὕψος
3109 1952 3352 2022 ἡρμένον
3380 1954 3483 2009 καὶ
3520 1956 3763 2026 μαλακόν.

2197 2040 2502 2111 ,Λκούμσω
2530 2041 2639 2114 γὰρ
2664 2040 2836 2113 παρὰ,
2855 2042 3104 2109 Λατίνοις
3127 2042 3539 2114 τδ,ἀναπίπτω.
3555 2050 3765 2123 Ὁμοίως

2185 2131 2241 2186 δὲ
2277 2131 2372 2185 καὶ
2409 2131 2466 2184 ἐν
2493 2130 2571 2203 τῷ
2600 2132 2676 2197 οζ¹
2705 2131 2893 2187 κανόνι
2923 2133 3121 2188 ταῦτα·
3170 2135 3369 2208 Τοὺςῆ
3404 2144 3623 2213 γαμετῇ
3658 2160 3764 2197 συν.

2185 2223 2489 2289 οικοῦντας,
2542 2223 2779 2298 ante;
2820 2225 3151 2297 ἀδιακρίτως
3186 2229 3311 2294 τιὺς
3371 2231 3562 2303 ἱεροὺς
3588 2235 3766 2292 τόπους

2186 2316 2659 2385 κοινοποιοῦντας,
2708 2317 2805 2374 καὶ
2860 2322 3355 2392 καταφρονητικῶς
3404 2325 3542 2396 περὶ
3589 2328 3763 2393 αὐτοὺς

2187 2410 2542 2483 ἔχοντας,καὶ
2557 2410 2733 2478 οὕτως
2745 2410 2804 2467 ἐν
2819 2413 3002 2479 αὐτοῖς
3018 2416 3461 2487 καταμένοντας,
3482 2418 3583 2473 καὶ
3598 2420 3658 2473 ὲκ
3671 2421 3762 2476 τῶν

2188 2505 2246 2557 ἐν
2281 2506 2397 2569 τοῖς
2436 2503 2757 2575 σεϐασμίοις
2812 2510 2959 2573 ναοῖς
2998 2512 3485 2581 κατηχουμενείων
3506 2514 3761 2585 προστάσ·

2191 2610 2359 2668 σομεν
2389 2596 2735 2664 ἐξωθεῖσθαι.
2763 2598 2827 2653 Εί
2850 2599 2908 2654 δέ
2950 2601 3026 2672 μή
3061 2617 3145 2665 τις
3179 2600 3342 2657 τοῦτο
3372 2605 3759 2676 παραφυλάξει,

2189 2688 2368 2760 εἰμὲν
2420 2688 2684 2760 κληρικδς
2742 2690 2852 2760 εἴη.
2914 2690 3328 2764 καθαιρείσθω·
3380 2696 3432 2748 εί
3485 2695 3544 2749 δὲ
3575 2696 3761 2763 λαῐκδς,

2191 2779 2558 2851 ἀφοριζέσθω.
2589 2782 2647 2835 ’0
2660 2782 2716 2837 δέ
2735 2800 2799 2852 γε
2824 2783 3099 2848 πολιτικὸς
3117 2785 3281 2856 νόμος
3299 2788 3358 2841 ἐν
3393 2788 3675 2860 κεφαλαίῳ
3706 2795 3765 2842 ια’

2190 2872 2282 2927 τοῦ
2313 2880 2361 2927 α’
2412 2875 2613 2942 τίτλου,
2644 2873 2737 2929 τοῦ
2766 2882 2807 2929 ε’
2842 2874 3050 2946 βιϐλίου
3107 2876 3217 2931 τῶν
3273 2875 3588 2933 Βασιλιδῶν
3613 2881 3765 2935 ταῦτά

2195 2982 2353 3038 φησιν
2381 2966 2560 3038 Μέχρι
2603 2967 2714 3021 τῶν
2765 2967 2873 3039 πρὸ
2910 2968 3011 3039 τῆς
3082 2969 3349 3041 δημοσίας
3406 2973 3616 3042 ἀγοράς
3644 2974 3763 3043 ὅρων

2192 3055 2291 3127 τῆς
2320 3056 2618 3130 ἐκκλησίας
2661 3059 2723 3113 τὸ
2751 3059 2993 3129 ἀσφαλὲς
3023 3061 3301 3133 ἐχέτωσαν
3322 3065 3374 3117 οί
3434 3066 3760 3135 προσᾳυγόν-

2193 3164 2306 3214 τες,
2339 3149 2454 3212 τοῖς
2493 3148 2794 3220 ἐνδοτέροις
2823 3149 3098 3222 λουτροῖς,
3131 3150 3164 3222 ἢ
3202 3154 3424 3222 κήποις,
3475 3152 3509 3224 ἦ
3545 3154 3758 3223 οίκήμα-

2199 3257 2308 3303 σιν,
2335 3240 2368 3313 ἢ
2394 3239 2605 3307 αὐλαῖς,
2642 3242 2675 3313 ἦ
2706 3243 2892 3307 στοαῖς
2933 3243 3209 3315 χρώμενοι
3231 3262 3245 3276 ’
3292 3244 3690 3301 κωλυέσθωσαν
3712 3246 3760 3300 δέ

2197 3333 2357 3399 ἐντὸς
2389 3332 2485 3388 τοῦ
2514 3334 2645 3388 ναοῦ
2675 3334 2708 3405 ἢ
2740 3334 2944 3389 ἐσθίειν
2979 3336 3011 3409 ἢ
3042 3336 3265 3392 ὑπνοῦν.
3322 3337 3492 3392 Ἃ).λά
3518 3338 3661 3408 καὶὴ
3692 3334 3759 3405 ογ⁹

2198 3426 2373 3497 νεαρά
2399 3426 2494 3481 τοῦ
2529 3425 2799 3497 βασιλέως
2839 3429 3030 3500 κυρίου
3077 3429 3309 3493 Λέοντος
3358 3430 3457 3483 τοῦ
3496 3430 3759 3501 φιλοσόφου

2198 3520 2517 3592 παρομοίως
2557 3519 2777 3586 κολάζει
2827 3522 2924 3576 καὶ
2972 3522 3100 3585 τοὺς
3132 3523 3541 3594 ἐπιτρέποντας
3576 3522 3671 3592 τὴν
3690 3522 3758 3586 εἰς

2196 3613 2268 3667 τὰ
2295 3615 2737 3684 κατηχουμενεῖα
2765 3615 3107 3686 κατοίκησιν.
3169 3614 3265 3668 Ἐκ
3294 3618 3395 3686 τῆς
3436 3613 3761 3687 περιλήψεως

2199 3704 2293 3762 οὖν
2316 3709 2427 3771 τῶν
2453 3707 2715 3763 τοιούτων
2745 3710 3137 3780 θεσπισμάτων
3179 3711 3637 3782 ἀπηγορευμένον
3664 3708 3761 3762 ἐστὶ

2202 3800 2580 3869 παντάπασιν,
2628 3802 2726 3856 καὶ
2769 3801 2832 3856 τὸ
2887 3802 3115 3870 ἐσθίειν,
3158 3802 3255 3856 καὶ
3311 3802 3372 3856 τὲ
3425 3802 3612 3875 μένειν
3637 3800 3760 3856 ἔνδον

2204 3892 2351 3947 θείου
2384 3892 2538 3949 ναοῦ.
3620 3938 3634 3949 .

2285 3983 2409 4054 Ἑρ.
2446 3986 2539 4042 Ἐν
2588 3987 2705 4052 τοῖς
2738 3986 3083 4060 ἀρχοντικοῖς
3106 3986 3595 4059 ἐκκλησιαστικοῖς
3619 3985 3761 4053 disdi-

2207 4095 2343 4149 μασι
2385 4077 2472 4143 τίς
2502 4079 2742 4150 πρῶτος,
2779 4081 2876 4134 καὶ
2904 4078 2990 4144 τίς
3033 4079 3308 4152 δεύτερος,
3345 4082 3443 4135 καὶ
3477 4081 3565 4145 τίς
3590 4078 3760 4150 τρίτος·

2204 4171 2300 4225 καὶ
2337 4170 2454 4235 πῶς
2484 4169 2683 4241 ἐφεξῆς
2720 4172 2753 4242 ἡ
2792 4170 3001 4226 τούτων
3023 4171 3178 4239 τάξις
3205 4190 3221 4238 ;

2289 4263 2420 4319 Ἀπ.
2488 4262 2622 4318 Ἀπὸ
2690 4264 2792 4335 μὲν
2860 4263 3100 4328 παλαιᾶς
3158 4265 3523 4334 παραδόσεως
3571 4262 3760 4335 πρῶτός

2204 4360 2354 4414 ἐστιν
2380 4360 2410 4413 6
2453 4360 2627 4431 μέγας
2667 4361 2980 4432 οἰκονόμοςο
3020 4360 3297 4433 δεύτερος,
3337 4363 3367 4416 6
3398 4363 3497 4417 ἐπὶ
3551 4362 3646 4433 τῆς
3674 4376 3760 4433 μευ

2206 4452 2379 4524 γάλης
2407 4452 2700 4524 σακέλλης,
2730 4454 2899 4525 ἥγουν
2945 4456 2975 4509 6
3010 4457 3187 4527 μέγας
3235 4454 3627 4528 σακελλάριος·
3663 4452 3763 4524 τρί-

524 4532 760 4586 sacrista
794 4528 842 4585 i.
870 4528 1138 4597 Quartus,
1187 4531 1584 4604 chartophylax
1618 4532 1668 4587 ιι.
1699 4532 1960 4600 Quintus,
2006 4535 2094 4607 qui

2211 4564 2326 4611 τος,
2353 4546 2382 4598 6
2406 4547 2581 4615 μέγας
2617 4545 2963 4616 σκευοφύλαξ
2980 4564 2996 4579 ’
3022 4547 3306 4621 τέταρτος,
3344 4550 3373 4602 ό
3401 4544 3763 4620 χαρτοφύλαξ*

524 4631 727 4694 praest
756 4635 938 4692 parvae
980 4622 1219 4688 sacella,
1261 4623 1315 4678 id
1342 4632 1427 4679 est
1473 4625 1824 4682 sacellarius.
1880 4624 2104 4698 Sextus,

519 4713 819 4784 primarius
842 4721 999 4770 actor
1026 4711 1068 4781 ι,
1100 4715 1195 4786 qui
1225 4720 1279 4771 et
1308 4717 1641 4772 exocataceli
1665 4715 1945 4777 dicuntur.
1981 4720 2104 4777 Pri-

518 4806 682 4862 marii
716 4813 899 4862 autem
920 4809 1164 4864 auctoris
1188 4808 1425 4865 cilicium
1457 4825 1583 4865 cum
1608 4820 1768 4868 antea
1799 4815 2106 4873 essetiuter

530 4898 818 4969 inferiora,
858 4911 1048 4972 postea
1100 4904 1156 4956 in
1192 4902 1428 4958 aliorum
1457 4903 1708 4960 ordinem
1735 4914 1999 4961 statutum
2020 4915 2106 4964 est

521 5010 551 5049 a
590 4994 764 5049 beatae
817 4998 1100 5051 memoriae
1131 4997 1449 5067 patriarcha
1484 4996 2106 5069 Constantinopolitano

521 5086 760 5158 Georgio
779 5088 1083 5159 Xiphilino.
1117 5088 1274 5144 Hanc
1302 5098 1488 5147 autem
1515 5091 1788 5147 actionem
1811 5092 2111 5148 subsecuta

523 5188 610 5238 est
644 5180 909 5252 praeclara
940 5183 1216 5238 sententia
1248 5184 1425 5239 sancti
1475 5184 1888 5256 metropolitani
1930 5184 2110 5241 Thes-

522 5275 796 5330 salonices
828 5274 1119 5341 Eustathii,
1144 5276 1195 5331 id
1231 5277 1466 5334 laudans
1490 5285 1545 5333 et
1599 5280 1896 5346 extollens,
1923 5286 1983 5335 ut
2009 5279 2102 5351 ju-

523 5375 608 5423 ste
645 5374 701 5423 et
732 5379 890 5423 extra
922 5367 1405 5439 reprehensionem
1444 5370 1645 5427 factum
1674 5388 1688 5437 ;
1713 5387 1840 5428 cum
1868 5371 2115 5443 quidam,

524 5461 619 5532 qui
645 5461 917 5518 actionem
954 5476 1066 5517 non
1090 5460 1474 5530 admittebant,
1498 5474 1627 5520 tunc
1650 5466 2117 5523 contradicerent.

2216 4638 2488 4710 πέμπτος,
2553 4638 2582 4693 6
2630 4639 2724 4693 ἐπὶ
2755 4639 2855 4707 τῆς
2927 4639 3131 4711 μικρᾶς
3195 4638 3489 4709 σακέλλης,
3538 4640 3695 4711 ἤγουν
3743 4636 3767 4689 6

2218 4730 2578 4803 σακε).λάριος
2599 4746 2615 4763 ο
2646 4735 2739 4784 καὶ
2769 4729 2952 4794 ἐκτος,
2979 4732 3008 4783 ό
3037 4730 3414 4802 πρωτέκδικος
3440 4747 3455 4762 ·
3480 4730 3672 4794 οἵτινες
3689 4727 3767 4782 καὶ

2217 4824 2635 4896 ἐξωκατάκηλοι
2688 4822 2966 4892 λέγονται.
3029 4825 3105 4878 Τὸ
3156 4821 3251 4878 τοῦ
3308 4824 3677 4897 πρωτεκδίκου
3719 4820 3766 4874 δέ

2215 4916 2472 4987 όφφίκιον
2503 4916 2561 4969 ἐν
2596 4918 2707 4979 τοῖς
2736 4913 3141 4987 ὑποϐεϐηκόσιν
3185 4917 3245 4970 ὃν
3284 4916 3546 4983 ἔκπαλαι,
3570 4916 3768 4985 ὕστερον

2215 5011 2326 5073 τοῖς
2347 5005 2675 5078 ὑπερέχουσι
2700 5008 2973 5079 συνετάγη
3000 5009 3155 5081 παρὰ
3174 5008 3268 5062 τοῦ
3287 5013 3388 5082 τῆς
3404 5010 3675 5081 μακαρίας
3691 5005 3768 5073 λη’

2219 5100 2354 5168 ξεως
2376 5099 2721 5171 πατριάρχου
2752 5100 3385 5166 Κωνσταντινουπόλεως
3402 5085 3669 5173 Γεωργίου
3692 5092 3767 5150 τοῦ

2217 5192 2522 5264 Ξιφιλίνου.
2575 5193 2655 5263 Τῇ
2689 5192 2886 5264 πράξει
2927 5192 2986 5247 δὲ
3035 5193 3212 5270 ταύτῃ
3272 5195 3675 5268 ἐπηκολούθησε
3694 5189 3763 5245 ul

2216 5283 2413 5356 γνώμη
2446 5286 2675 5355 γενναία
2697 5283 2792 5339 τοῦ
2841 5287 2899 5338 ἐν
2937 5286 3116 5355 ἁγίοις
3159 5289 3560 5359 μητροπολίτου
3589 5286 3766 5340 Θεσσα·

2220 5376 2440 5447 λονίκης
2495 5375 2821 5441 Εὑσταθίου,
2869 5375 3175 5432 ἐπαινοῦσα
3224 5380 3322 5433 καὶ
3379 5378 3668 5452 ἐξαίρουσα
3717 5371 3763 5424 τί

2222 5466 2473 5535 γεγονὸς,
2508 5469 2583 5531 ὡς
2613 5465 2855 5535 εὐλόγως
2884 5467 2981 5520 καὶ
3032 5467 3344 5540 ἀμέμπτως
3397 5469 3654 5542 πραχθέν.
3681 5456 3763 5518 Οἷα

1810 5598 2051 5689 vitam
2115 5633 2522 5694 LECTIONES.
2602 5628 2611 5647 ’

615 5764 1096 5857 βξίερζιξασεεξιηο
1123 5788 1282 5827 ηθηο·
1363 5774 1388 5813 ⁸
1408 5771 1790 5857 ’ίρνοπιίιειιει
1870 5779 1977 5819 ⁸⁸⁵·
2004 5779 2337 5857 ρι’ρίαιιαηι.-
2392 5783 2422 5857 li
2450 5784 2786 5857 stationibus.
2859 5786 2912 5829 ιι·
2940 5786 3033 5857 qui
3050 5783 3122 5839 ad
3145 5784 3422 5843 ecclesiam
3440 5782 3761 5854 confugerunt.

529 5837 603 5879 δ”
629 5837 916 5897 sententia:
992 5844 1010 5885 ί
1049 5858 1366 5902 monemur.
1450 5837 1479 5900 ι’
1512 5861 1755 5903 vasorum
1790 5837 2017 5908 custos:
2070 5837 2509 5913 l{citat-tulerint.

2632 5856 2651 5897 ι
2674 5859 2880 5930 primus
2915 5856 3163 5918 defensor
