3950 6564
216 370 336 437 969

1498 359 2212 431 'GRECO-ROMANUM.

3372 358 3479 426 970

214 477 526 550 τηνικαῦτα
581 478 744 534 τινῶν
778 476 1168 543 ἀντειπόντων,
1219 474 1293 539 ὼς
1328 475 1403 549 μὴ
1451 477 1793 552 ἀποδεξαμέ-

1914 479 2030 536 Post
2081 473 2483 544 exocataeelos,
2517 474 2733 547 primus
2762 478 2848 529 est
2887 477 3304 545 'prottm‘otarius
3339 492 3354 531 :
3390 489 3479 531 se-

219 588 337 625 νων
363 569 461 640 τὴν
493 568 716 639 πρᾶξιν.
748 569 908 625 Μετά
938 568 1065 630 τοὺς
1094 566 1545 640 έξωκατακήλους
1569 569 1626 623 δὲ
1650 571 1802 643 πρῶ-

218 664 321 728 τός
349 665 502 718 ἐστιν
527 664 557 717 6
579 663 1016 735 πρωτονοτάριος
1040 679 1055 696 ·
1072 661 1346 734 δεύτερος,
1365 665 1394 717 6
1413 663 1804 735 ὑπομνηματο-

217 756 437 826 γράφος
456 770 471 786 ·
503 754 708 826 τρίτος,
736 755 766 808 6
791 753 1083 826 λογοθέτης
1106 771 1123 786 '
1153 755 1434 828 τέταρτος,
1484 758 1514 811 6
1543 758 1801 829 κανστρὶ-

219 864 341 911 σιος
364 864 381 879 ·
415 846 692 917 πέμπτος,
724 847 754 900 6
797 845 1148 918 ἱερομνήμων
1169 863 1184 876 ·
1239 846 1418 913 ἕκτος,
1451 848 1481 901 6
1514 848 1804 920 ραιφερεν-

212 940 444 1013 δάριος·
480 939 732 1010 Ξὸδομος,
766 939 796 994 6
837 938 1063 992 ἐπὶτῶν
1108 938 1351 1008 γονάτων
1372 956 1385 971 ·
1421 939 1635 1010 ὄγδοος,
1659 943 1688 995 6
1709 942 1804 996 ἐπὶ

218 1034 326 1099 τῆς
361 1032 517 1104 ἱερᾶς
548 1030 940 1095 καταστάσεως
959 1047 974 1062 ο
1002 1030 1243 1098 ἔννατος,
1271 1033 1301 1086 6
1326 1033 1766 1106 ὑπομιμνήσκων
1784 1049 1800 1067 ο

220 1123 476 1191 δέκατος,
515 1124 544 1178 6
575 1122 671 1177 ἐπὶ
700 1123 811 1177 τῶν
842 1123 1118 1195 σεκρέτων
1139 1138 1155 1155 °
1178 1124 1488 1191 ἑνδέκατος,
1524 1127 1552 1179 6
1564 1124 1666 1195 imi
1693 1125 1803 1181 τῶν

220 1217 501 1290 κρίσεωνο
547 1215 872 1284 δωδέκατος,
899 1219 929 1270 ὁ
974 1215 1308 1289 δευτερεύων
1351 1216 1460 1272 τῶν
1501 1217 1801 1273 διακόνιον*

222 1310 347 1382 μετ’
380 1307 664 1374 αὐτοὺςοοὶ
701 1309 853 1381 τρεῖς
896 1307 1184 1380 όστιάριοι,
1228 1309 1323 1364 καὶ
1363 1310 1479 1380 μετ’
1519 1311 1719 1375 αὐτοὺς
1754 1311 1804 1365 οἱ

218 1404 379 1475 τρεῖς
424 1402 690 1475 ἄρχοντες
711 1400 825 1455 τῶν
871 1401 1235 1474 Ἐκκλησιῶν.
1280 1399 1349 1457 Ἦ
1376 1403 1720 1477 προχειρισις
1744 1402 1804 1457 δὲ

217 1492 320 1547 τοῦ
347 1492 765 1564 δευτερεύοντος
787 1491 896 1546 τῶν
925 1492 1201 1549 διακόνων
1236 1493 1335 1565 οὐχ
1359 1493 1548 1560 ἁπλῶς
1571 1496 1802 1565 γίνεται,

219 1584 363 1638 ἀλλὰ
380 1583 506 1639 κατ’
528 1583 780 1656 ἐκλογήν.
815 1585 1000 1641 Δεῖται
1020 1584 1128 1658 γὰρ
1169 1585 1231 1639 τὸ
1258 1584 1498 1641 τοιοῦτον
1544 1586 1716 1657 όφφὶκ
1726 1604 1804 1642 ιον

218 1677 421 1750 ἀνδρὸς
454 1677 643 1732 ἱκανοῦ
675 1678 769 1732 καὶ
794 1678 1102 1752 ἐπιτηδείου
1126 1679 1206 1743 εἱς
1220 1679 1280 1733 τὸ
1295 1678 1603 1752 ἐκπληροῦν
1620 1680 1804 1751 ἀμέμ-

1904 571 2138 637 cundus,
2209 567 2493 625 actuarius
2533 584 2547 623 :
2585 566 2801 635 tertius,
2860 567 3139 639 logotheta
3171 585 3187 625 :
3219 576 3475 640 quartus,

1904 663 2203 722 castrensis
2227 663 2516 735 :-quintus,
2551 675 2834 719 sacrorum
2855 661 3188 717 memorialis
3220 677 3235 716 :
3265 668 3476 725 sextus,

1907 757 2325 815 referendarius
2368 755 2774 828 :septimus,'a
2801 754 3033 828 genibus
3087 769 3104 809 :
3149 762 3400 822 octavus,
3445 769 3476 808 a

1907 863 2068 905 sacro
2123 847 2320 904 ordine
2355 856 2442 903 ωε
2492 862 2694 915 nonus,
2750 848 3068 904 memoriam
3121 861 3423 920 suggerens
3459 862 3479 902 :

1906 937 2177 1003 decimus,
2203 951 2233 991 a
2251 936 2481 993 secretis
2502 944 2533 973 ι
2565 955 2580 991 :
2615 935 2960 1003 undecimus,
2978 951 3017 992 ia
3037 936 3263 1008 iudiciis
3294 954 3310 992 :
3340 935 3481 993 duo-

1907 1027 2175 1096 decimus,
2214 1027 2577 1086 sccundarius
2613 1026 2995 1084 diaconorum.
3022 1028 3157 1084 Post
3182 1042 3280 1085 eos
3316 1027 3484 1084 ostia-

1907 1122 1973 1176 rii
2016 1128 2130 1178 tres
2193 1121 2548 1192 magistratus
2604 1120 2993 1178 Ecclesiarnm.
3040 1119 3266 1179 Creatio
3293 1128 3481 1178 autem

1909 1213 2223 1271 secundarii
2251 1213 2470 1270 diaconi
2516 1228 2625 1270 non
2660 1212 2719 1269 ﬁt
2757 1212 3085 1285 simpliciter
3139 1212 3236 1271 sed
3291 1212 3481 1271 habito

1910 1305 2151 1364 delectu.
2187 1304 2521 1376 ‘Hnjusmodi
2546 1319 2785 1378 namque
2822 1304 3060 1362 cilicium
3100 1306 3343 1378 requirit
3399 1305 3483 1362 vi-

1908 1413 2028 1453 rum
2055 1406 2240 1470 aptum
2263 1406 2317 1453 et
2338 1398 2617 1467 idoneum,
2640 1401 2734 1472 qui
2763 1398 3146 1457 convenientia
3170 1400 3482 1458 ministeria

1911 1488 2191 1560 inculpate
2225 1489 2538 1562 adimpleat.
2593 1491 2726 1563 Ejus
2776 1491 2925 1549 enim
2960 1500 3047 1549 est
3083 1491 3395 1565 principum
3425 1499 3484 1549 et

1909 1581 2221 1638 antistitum
2248 1591 2371 1651 post
2401 1583 2711 1654 ingressum
2744 1584 3076 1652 benedictio,
3099 1584 3155 1640 in
3189 1584 3477 1656 supplica-

1909 1675 2194 1730 tionibus°
2241 1674 2597 1747 Evanchqu
2653 1685 2895 1748 portare,
2953 1676 3376 1734 connexioncsr
3427 1685 3487 1735 et

227 1784 384 1832 πτως
414 1771 515 1835 τὰς
553 1769 905 1843 ἁρμοζούσας
945 1771 1125 1844 τούτῳ
1163 1771 1458 1836 διακονίας.
1490 1772 1664 1826 Αὐτοῦ
1695 1772 1804 1845 γάρ

1914 1769 2269 1838 repetitiones
2301 1770 2356 1824 in
2383 1771 2465 1826 eis
2496 1769 2680 1827 facere
2719 1788 2735 1827 :
2766 1776 3014 1842 tempora
3040 1771 3268 1828 absente
3307 1769 3491 1827 archi-

221 1866 381 1918 ἐστιν
410 1865 445 1936 ἡ
482 1839 759 1936 μετά⁴τὴν
793 1863 995 1919 εῖσοδον
1016 1839 1266 1937 εύιρημὶα
1288 1864 1395 1921 τῶν
1424 1864 1687 1935 βασιλέων
1708 1839 1806 1919 καὶ

1914 1857 2148 1915 diacono
2199 1861 2332 1916 dare
2373 1861 2648 1926 diaconis,
2683 1862 2774 1932 qui
2800 1839 3021 1918 amboni
3056 1862 3307 1918 serviunt
3341 1871 3393 1930 ιι,
3425 1869 3482 1918 et

218 1956 338 2010 τῶν
367 1955 715 2028 ἀρχιερέωνο
766 1953 834 2008 τὸ
895 1956 952 2009 ὲν
989 1957 1112 2020 ταῖς
1163 1955 1340 2018 λιταῖς
1398 1954 1691 2025 βαστάζειν
1741 1954 1805 2010 τδ

219 2047 584 2117 Εὑαγγέλιον,
622 2045 717 2101 καὶ
745 2044 845 2111 τάς
894 2046 953 2101 ἒν
990 2047 1187 2110 ἀὐταῖς
1220 2047 1498 2110 συναπτάς
1529 2048 1622 2101 καὶ
1647 2047 1803 2119 αἰτή-

220 2156 344 2203 σεις
381 2141 591 2192 ποιεῖν·
635 2139 718 2205 τὸ,
752 2139 986 2202 ἀπόντος
1047 2137 1143 2192 τοῦ
1183 2138 1569 2210 ἀρχιδιακόνου
1594 2139 1801 2193 διδόναι

219 2232 459 2302 καιροὺς
488 2233 601 2296 τοῖς
631 2232 691 2286 ὲν
721 2230 799 2303 τῷ
831 2229 1047 2303 ἀμϐωνι
1075 2231 1364 2297 διακόνοις,
1392 2232 1490 2286 καὶ
1527 2230 1661 2286 ἄλλα
1684 2229 1806 2285 τινὰ

219 2323 426 2378 τούτου
453 2324 816 2396 ὑστερήματα
872 2323 1203 2396 ἐκπληροῦν.
1254 2326 1414 2381 Κατά
1462 2325 1626 2380 τοῦτο
1675 2324 1806 2394 γοῦν

219 2417 324 2471 καὶ
356 2415 580 2486 λέγεται
618 2415 977 2489 δευτερεύων,
1010 2419 1110 2488 οὐχ
1146 2419 1228 2473 ὃτι
1282 2418 1597 2492 δευτερεύει
1629 2419 1689 2473 ἐν
1737 2419 1803 2489 τῇ

227 2507 392 2574 τάξει
437 2507 545 2562 τῶν
572 2507 855 2564 διακόνων.
887 2507 1156 2580 Τοιαύτην
1189 2508 1289 2580 μὲν
1312 2508 1405 2564 οὖν
1435 2513 1467 2580 ἡ
1500 2509 1807 2582 παλαιτὲνρα

222 2597 537 2671 παράδοσις
561 2594 674 2671 εἶχε
698 2598 796 2672 τὴν
824 2600 937 2654 τῶν
964 2600 1324 2673 ἀρχοντικὶων
1353 2600 1509 2669 τάξιν
1536 2596 1633 2656 καὶ
1674 2600 1806 2655 στά-

224 2707 342 2746 σιν.
397 2689 521 2744 Ὅτι
556 2690 614 2745 δὲ
656 2692 714 2745 αἱ
752 2690 959 2746 τούτων
1018 2692 1314 2765 σφραγῖδες
1358 2692 1456 2747 τοῦ
1501 2692 1809 2764 θελήματος

221 2781 344 2835 τῶν
394 2781 697 2853 ἀρχιερέων
756 2782 1105 2854 ἑξήρτηνται,
1165 2784 1415 2854 διάφοροι
1448 2784 1507 2839 δέ
1562 2785 1669 2838 εἱσι
1711 2782 1809 2839 καὶ

222 2875 358 2935 ταῖς
384 2874 633 2943 γνώμαις
660 2874 759 2929 καὶ
789 2876 910 2937 ταῖς
946 2873 1190 2945 ὀρέξεσιν
1219 2876 1268 2929 οἱ
1295 2876 1590 2947 ἀρχιερεῖς,
1616 2874 1806 2930 τούτου

222 2965 400 3036 χάριν
422 2964 683 3036 συνεχέθη
704 2968 739 3037 ή
778 2965 930 3032 τάξις
959 2968 992 3038 ἡ
1019 2967 1244 3022 παλαιά.
1277 2967 1592 3023 Κάντεῦθεν
1615 2967 1739 3023 οὐδὲ
1771 2969 1807 3041 ἡ

225 3056 427 3120 στάσις
467 3057 575 3111 τῶν
599 3058 957 3130 ἀρχοντικῖων
989 3060 1081 3113 ἐπὶ
1112 3061 1210 3130 τῆς
1238 3059 1501 3132 ἱδρύσεως
1555 3060 1794 3132 ἔμεινεν,

222 3148 374 3204 eam
394 3151 824 3223 μετακεκίνηται
853 3151 999 3206 κατὰ
1023 3150 1087 3206 τὺ
1114 3155 1225 3218 τοῖς
1242 3151 1559 3226 ἀρχιερεῦσι
1587 3152 1802 3210 δοκοῦν.
1834 3191 1880 3258 C

241 3243 319 3296 Ἦ
350 3243 615 3314 σύγχυσις
659 3243 717 3298 δὲ
780 3244 920 3317 αῦτη
959 3245 1018 3300 ὲν
1059 3248 1171 3310 τοῖς
1225 3245 1436 3300 πλείοσι
1475 3244 1703 3312 τούτων,
1734 3246 1812 3311 ὡς

227 3334 426 3405 νόμος,
446 3334 632 3389 ὶοιπδν
657 3336 1057 3407 δπεκράτησεν.
1086 3335 1210 3390 ’Ότι
1242 3336 1301 3389 δὲ
1330 3337 1389 3392 έν
1413 3336 1623 3402 τούτοις
1658 3336 1810 3409 εὑρί-

236 3426 469 3480 σκονταὶ
494 3443 641 3491 τινες
674 3428 893 3500 μέτοχοι
921 3426 1171 3482 ὁπωσοῦν
1201 3427 1397 3500 πεῖρας
1430 3428 1814 3500 ἐκκλησιαστι-

230 3519 368 3588 κῆς,
401 3516 469 3570 τά
532 3517 631 3588 μὲν
678 3518 777 3589 τῆς
830 3518 1206 3591 ὑπερεχούσης
1257 3517 1465 3584 τάξεως
1492 3518 1813 3590 ἀρχοντὶκια

232 3608 335 3661 ἐπὶ
383 3607 485 3678 τῆς
513 3609 721 3674 οἰκείας
761 3609 946 3680 μένειν
984 3611 1116 3664 ὲῶσι
1150 3610 1561 3675 καταστάσεως,
1593 3610 1626 3681 ἢ
1662 3609 1813 3682 ἱδρύο

237 3716 414 3766 σεως*
442 3702 509 3755 τὰ
536 3703 592 3756 δὲ
626 3704 724 3773 τῆς
746 3703 1004 3773 δευτέρας
1030 3706 1080 3757 εἱ
1112 3707 1207 3759 καὶ
1227 3702 1632 3777 μετατιθέασιν,
1663 3705 1815 3772 ὅμως

233 3794 301 3845 οὔ
331 3794 506 3865 χωρὶς
520 3794 741 3864 εὐλόγου
771 3797 952 3859 αἱτῖας
981 3795 1138 3850 τοῦτο
1155 3795 1431 3860 ποιοῦντες
1451 3794 1813 3866 καταλαμϐά-

236 3900 450 3945 νονται,
500 3883 533 3955 ἢ
590 3884 792 3954 ἀρετὴν
854 3883 1055 3955 δηλαδὴ
1116 3884 1407 3955 τιμῶντες,
1462 3884 1495 3955 ἢ
1548 3884 1728 3952 λόγον,
1779 3884 1814 3955 ἢ

236 3972 413 4040 ἄλλην
441 3973 839 4043 ἐπαινουμένην
873 3973 959 4026 ὲνέ
970 3990 1177 4045 ργειαν.
1203 3974 1329 4041 Οῖγε
1355 3973 1461 4045 μὴν
1495 3975 1812 4031 παντάπασι

237 4066 443 4135 πεῖρας
492 4067 786 4139 ὰμέοεκτοι
817 4070 914 4122 καὶ
942 4070 1397 4138 ἀνεπιστήμονες,
1432 4067 1503 4126 τὰ
1523 4069 1638 4124 ἄνω
1663 4070 1814 4123 κάτω

239 4158 533 4222 ποιοῦντες
565 4159 915 4231 εὑρίσκονται
937 4149 957 4193 ί
977 4160 1072 4213 καὶ
1104 4161 1137 4229 ἡ
1160 4159 1428 4230 παροιμία
1457 4158 1666 4222 τούτοις
1684 4158 1818 4229 ὀμό-

240 4251 454 4313 στολος,
502 4251 616 4305 άνω
648 4250 907 4320 ποταμῶν
941 4251 1139 4322 χωρεῖν
1189 4241 1426 4318 λέγουσα
1459 4248 1561 4312 τὰς
1614 4249 1817 4321 πηγὰς,

239 4344 339 4397 καὶ
368 4344 439 4397 τά
466 4343 619 4415 ποιρά
662 4343 940 4406 Ἰουδαίοις
972 4342 1390 4413 δευτερόπρωτα
1426 4340 1692 4405 σάϐϐατα,
1723 4340 1821 4394 καὶ

1913 1951 1966 2005 in
2001 1951 2130 2007 aliis
2160 1954 2490 2022 quibusdam
2547 1954 2720 2008 vicem
2758 1954 2883 2024 ejus
2908 1954 3187 2026 supplere.
3221 1955 3302 2010 0b
3331 1969 3484 2010 eam-

1910 2059 2017 2115 que
2053 2058 2279 2101 causam
2312 2046 2520 2101 dicitur
2559 2045 2952 2111 secundarius,
2976 2063 3090 2102 non
3113 2049 3263 2119 quod
3302 2047 3356 2103 in
3385 2060 3482 2104 or-

1908 2136 2417 2193 dinediaconorum
2451 2138 2523 2194 sit
2557 2137 2855 2195 secundus.
2911 2138 3097 2196 Talem
3148 2140 3315 2211 igitur
3362 2139 3481 2196 oili-

1909 2229 2123 2283 ciorum
2154 2228 2405 2284 ordinem
2434 2239 2488 2285 et
2515 2238 2722 2285 statum
2748 2231 3030 2302 antiquior
3072 2231 3264 2287 habuit
3314 2232 3486 2288 tradi-

1913 2317 2012 2374 tio.
2047 2317 2153 2373 Sed
2172 2333 2296 2374 cum
2323 2319 2519 2375 horum
2556 2320 2733 2391 sigilla
2767 2330 2790 2360 ι·
2819 2322 3090 2392 pendeant
3111 2336 3173 2378 es
3202 2323 3483 2380 voluntate

1911 2409 2222 2466 antistitum
2250 2418 2300 2477 ³,
2336 2426 2569 2481 quorum
2599 2413 2889 2469 sententia:
2916 2414 3301 2482 et,voiuntates
3327 2415 3488 2473 diﬂ‘e-

1912 2512 2058 2570 runt,
2091 2512 2381 2575 propterea
2411 2515 2569 2564 vetus
2600 2508 2866 2565 confusus
2917 2517 3000 2565 est
3024 2510 3184 2566 ordo.
3240 2509 3484 2579 Indeque

1913 2610 2015 2651 nec
2043 2597 2351 2655 oiiiciorum
2381 2599 2623 2655 conditio
2661 2603 2676 2638 ι
2717 2601 2773 2656 in
2800 2592 2900 2657 sua
2938 2601 3202 2658 ﬁrmitate
3251 2603 3481 2669 mansit,

1913 2687 2008 2744 sed
2059 2688 2217 2759 juxta
2267 2689 2560 2760 praesidum
2613 2690 2873 2762 placitura
2933 2692 3262 2749 labefactata
3292 2703 3323 2734 ιι
3357 2693 3484 2760 fuit,

1916 2781 2172 2838 confusio
2210 2790 2394 2839 autem
2421 2783 2545 2854 ipsa
2574 2783 2632 2839 in
2661 2799 2851 2840 eorum
2882 2786 3070 2842 multis
3088 2787 3328 2859 vigorem
3363 2796 3485 2843 tan-

1914 2871 2039 2928 dem
2072 2872 2209 2944 legis
2233 2872 2493 2929 obtinuit.
2523 2872 2678 2941 Quod
2708 2882 2890 2931 autem
2923 2875 2977 2930 in
3003 2874 3072 2932 iis
3102 2877 3481 2944 inveniuntur,

1915 2963 2011 3035 qui
2050 2970 2328 3035 utcunque
2374 2974 2506 3020 sunt
2555 2965 2945 3022 ecclesiastica:
2971 2968 3324 3040 experientia;
3358 2984 3487 3041 par-

1918 3057 2130 3128 ticipes,
2165 3057 2547 3115 etnincntioris
2579 3059 2800 3129 quidem
2836 3060 3044 3117 ordinis
3066 3060 3242 3117 oﬂleia
3269 3062 3323 3117 in
3355 3078 3486 3132 pro-

1918 3148 2041 3220 prio
2070 3156 2214 3205 statu
2251 3163 2348 3206 seu
2387 3148 2643 3206 ﬁrmitate
2669 3159 2701 3192 ν
2725 3164 2948 3208 manere
2984 3152 3179 3209 sinunt
3211 3169 3226 3208 :
3262 3153 3486 3210 inferio-

1916 3238 1995 3294 ris
2015 3245 2223 3308 autem,
2256 3238 2366 3296 etsi
2395 3248 2628 3309 mutent,
2657 3248 2840 3299 tamen
2872 3257 2983 3298 non
3006 3243 3127 3300 sine
3149 3243 3299 3315 iusta
3320 3258 3485 3302 causa

1916 3330 1972 3386 id
2008 3329 2190 3388 facere
2235 3330 2744 3403 deprehenduntur,
2784 3334 2989 3390 .virtuti
3039 3342 3169 3407 puta
3221 3335 3486 3392 honorem

1918 3423 2207 3490 habentes,
2254 3425 2341 3480 vel
2388 3424 2603 3482 dicendi
2637 3426 2846 3495 peritiae
2872 3440 2922 3495 κ,
2953 3428 3042 3484 vel
3093 3427 3186 3483 alii
3226 3428 3491 3485 laudabili

1917 3514 2185 3573 facultati.
2220 3516 2327 3584 Qui
2382 3520 2917 3591 veroiexperientire
2935 3521 3162 3578 omnino
3216 3521 3386 3579 rudes
3434 3532 3493 3579 et

1915 3610 2176 3681 imperiti,
2219 3626 2342 3681 quae
2372 3625 2614 3680 sursum,
2650 3612 2907 3670 deorsum
2951 3628 3113 3687 agere
3145 3613 3494 3686 comperiun-

1921 3710 2012 3757 lur
2030 3720 2048 3758 :
2069 3710 2123 3757 et
2142 3702 2496 3775 proverbium
2519 3702 2589 3760 iis
2620 3706 2895 3770 convenit,
2923 3704 3215 3762 ﬂuviorum
3236 3706 3493 3779 inquiens

1920 3792 2102 3849 fontes
2132 3808 2352 3850 sursum
2380 3808 2691 3850 recurrere.
2722 3794 2856 3851 [tetu
2896 3793 3211 3851 Iudaeorum
3242 3795 3491 3852 secunda

1917 3885 2094 3955 prima
2121 3885 2366 3951 sabbata,
2396 3890 2455 3940 et
2489 3885 2737 3957 gravium
2767 3896 2798 3936 γ
2831 3886 3211 3957 sophistarum
3258 3888 3491 3958 prothy-

1918 3985 2065 4031 stera
2094 3985 2139 4030 ι.
2173 3974 2526 4044 Frequentati
2560 3989 2694 4046 ergo
2733 3987 2913 4031 mores
2944 3987 2972 4016 ιι
3000 3976 3131 4031 mihi
3172 3976 3291 4033 sine
3318 3976 3488 4032 dubio

1919 4067 2182 4138 sequendi
2213 4066 2488 4123 videntur.
2522 4065 2681 4132 Quod
2729 4065 2776 4122 si
2809 4066 2940 4137 quid
2991 4066 3045 4121 in
3084 4067 3170 4122 bis
3218 4068 3486 4124 innovare

1919 4172 2143 4214 necesse
2169 4158 2263 4225 sit,
2299 4157 2462 4228 iustis
2486 4157 2555 4213 de
2597 4157 2785 4213 causis
2843 4171 2955 4211 non
3005 4171 3104 4228 pro
3146 4157 3489 4229 singulorum
3550 4164 3565 4171 ‘

1922 4250 2152 4306 arbitrio
2183 4250 2240 4306 id
2271 4248 2604 4306 faciendum.
2657 4248 2798 4305 Sunt
2827 4261 3007 4306 autem
3051 4256 3107 4306 et
3132 4250 3240 4306 alia
3292 4250 3490 4317 omcia,

1920 4357 2041 4414 qua:
2068 4341 2449 4398 sacerdotibus
2494 4340 2734 4398 maxime
2776 4348 3107 4414 congruunt,
3165 4342 3488 4409 catechista,

240 4432 403 4503 παρὰ
440 4434 552 4495 τοῖς
583 4432 777 4495 δεινοῖς
810 4433 1094 4501 σοφισταῖς
1113 4433 1181 4484 τὰ
1202 4429 1587 4502 πρωούστερα.
1627 4428 1808 4501 Χρεὼι

1922 4432 2420 4503 orphanotrophus,
2475 4442 2711 4503 quatuor
2747 4429 3095 4499 defensores,
3140 4431 3489 4501 luminarius,

237 4517 339 4572 οὖν
375 4518 500 4589 ἐμοὶ
547 4519 717 4586 δοκεῖ,
753 4522 864 4584 τοῖς
911 4519 1125 4583 πολλοῖς
1171 4518 1351 4573 ἔθεσιν
1403 4521 1808 4591 ἀναντιρρήτως

1921 4523 2314 4589 nummidator,
2345 4531 2400 4579 et
2439 4521 2665 4579 eircitor
2703 4522 2755 4576 δ.
2788 4520 3079 4578 Lectorum
3107 4521 3284 4581 otiicia
3320 4524 3436 4581 hac
3472 4542 3489 4582 :

239 4611 597 4667 ἀκολουθεῖν·
634 4615 685 4667 εἱ
710 4612 768 4667 δέ
795 4629 848 4666 τι
875 4612 969 4667 καὶ⁹
994 4614 1334 4685 καινοτομεῖν
1359 4613 1577 4685 ἀνάγκη
1604 4612 1662 4666 ὲν
1688 4612 1808 4665 τούς

1924 4614 2263 4672 domesticus
2290 4614 2466 4672 dextri
2493 4614 2672 4681 chori,
2707 4614 3045 4672 domesticus
3075 4614 3287 4673 sinistri
3317 4632 3333 4671 :
3378 4629 3491 4687 po-

237 4720 384 4768 τοις,
445 4703 506 4768 ἐξ
554 4704 793 4773 εὐλόγων
835 4705 1043 4770 αἰτιῶν,
1100 4704 1216 4759 ἀλλ’
1269 4704 1371 4760 οὐκ
1398 4704 1462 4757 ὲκ
1494 4703 1808 4776 Θελημάτων

1922 4706 2039 4779 puli
2082 4714 2307 4762 coactor
2331 4716 2355 4746 ο
2387 4706 2642 4762 similiter
2674 4723 2690 4761 :
2736 4706 3072 4764 domesticus
3118 4716 3430 4777 cantorum.
3459 4725 3493 4769 a
3570 4710 3581 4721 ’

248 4796 403 4849 ἱδὶων
423 4795 584 4849 τοῦτο
607 4797 800 4851 ποιεῖν.
830 4796 950 4850 Εἰσὶ
969 4796 1025 4850 δὲ
1067 4797 1163 4851 καὶ
1193 4796 1358 4868 ἕτερα
1388 4795 1639 4867 όφφὶκια,
1669 4795 1808 4869 ἅπερ

1924 4797 2250 4868 quibusdam
2283 4796 2588 4869 appellatus
2633 4796 2969 4868 protOpsalta
3003 4815 3017 4853 :
3051 4797 3381 4868 primicerus
3408 4802 3489 4856 le-

246 4887 489 4959 μάλιστα
518 4890 629 4952 τοῖς
669 4888 909 4959 ἱερεῦσιν
956 4887 1324 4959 άρμόξουσιν·
1365 4889 1394 4942 6
1424 4888 1517 4942 ἐπὶ
1564 4887 1673 4942 τῶν
1717 4905 1820 4942 κα·-

239 4981 555 5051 τηχήσεων,
602 4979 633 5032 6
685 4979 1112 5050 όρφανοτρὸφος,
1146 4981 1195 5033 οἱ
1219 4979 1484 5050 τέσσαρες
1509 4978 1740 5048 ἐκδικοιζ·
1789 4979 1820 5031 6

241 5072 435 5144 ἄρχων
476 5073 586 5126 τῶν
626 5070 843 5143 φώτων,
873 5074 902 5125 6
926 5071 1317 5144 νουμμοδότης,
1344 5072 1439 5126 καὶ
1462 5074 1491 5126 6
1527 5072 1819 5142 περιοδεύ-

239 5167 371 5237 τῆς.
416 5166 806 5234 Ἀναγνωστῶν
833 5165 891 5220 δὲ
909 5166 1159 5235 ὀφιρὶκια,
1184 5165 1375 5222 ταῦτα.
1409 5166 1468 5219 Ὀ
1498 5165 1821 5236 δομέστικος

241 5256 344 5313 τοῦ
368 5256 542 5323 δεξιοῦ
559 5257 746 5330 χοροῦ,
766 5257 794 5309 6
809 5258 1130 5329 δομέστικος
1149 5256 1245 5310 τοῦ
1274 5257 1588 5329 ἀριστεροῦ,
1610 5255 1816 5311 ’λαὀσυ-

1927 4900 2160 4955 ctorum,
2211 4886 2501 4959 pmfectus
2560 4888 2938 4945 contaciorum
2968 4886 3025 4956 ιι,
3052 4898 3490 4960 protocanonar-

1927 4981 2086 5048 chus,
2117 4988 2173 5037 et
2197 4979 2518 5036 cbartularii
2540 4993 2747 5050 magna
2767 4979 3005 5049 sacella,
3036 4985 3370 5054 armariique
3394 4999 3491 5041 va.

1925 5087 2135 5129 eorum.
2196 5069 2398 5127 Theori
2473 5078 2693 5136 autem,
2756 5068 2890 5144 [seu
2950 5071 3370 5145 observatores]
3434 5083 3491 5130 et

1921 5163 2193 5236 deputati,
2223 5171 2280 5220 et
2307 5160 2584 5229 camisati,
2618 5176 2730 5218 non
2757 5171 2888 5219 sunt
2914 5162 3116 5231 otiicia,
3180 5165 3277 5221 sed
3319 5164 3490 5221 mini-

1920 5256 2086 5313 steria
2117 5253 2187 5312 iis
2226 5255 2293 5311 ad
2320 5253 2493 5311 altare
2521 5268 2742 5312 sacrum
2776 5256 3046 5329 iniuncta.
3084 5256 3318 5316 Theoris
3341 5256 3490 5313 enim

1536 5433 1769 5491 VARUS
1812 5433 2214 5492 LECTIONES.

319 5597 365 5620 -ι
392 5589 673 5658 praefectus
724 5604 891 5663 sacrae
920 5586 1189 5663 stationis.
1261 5598 1288 5625 ιι
1326 5587 1605 5663 ρνῳιεειιιε
1637 5595 1978 5663 secretorum.
2054 5597 2076 5620 °
2108 5580 2351 5663 inaniis.“
2396 5590 2444 5663 ,Ρ
2463 5581 2710 5639 collectas
2739 5592 2791 5663 et
2827 5598 3025 5654 preces.
3099 5581 3243 5663 {qui
3279 5580 3491 5663 suntin

246 5669 521 5731 suggestu.
552 5698 555 5705 ι
599 5668 621 5697 τ
655 5659 1100 5727 conﬁrmationes.

246 5733 459 5786 strnue.
534 5738 563 5779 1
599 5739 892 5785 acutorum.

247 5808 613 5872 songregator.
688 5796 1100 5869 “pugillarium.

576 5894 849 5956 ΡΑτιιοι..
884 5894 999 5956 Gtt.
1035 5895 1254 5958 CXIX.

1174 5669 1196 5697 ι
1224 5659 1555 5709 pontificum.
1636 5656 1654 5691 ί
1696 5656 1879 5709 statio.

972 5675 1100 5714 mes.
1174 5669 1196 5697 ο
1223 5659 1555 5729 pontiﬁcum.
1636 5659 1654 5691 ¹
1696 5659 1879 5709 statio.
1956 5662 1983 5689 ιι
2018 5661 2246 5707 mutata.
2324 5660 2351 5690 τ
2388 5659 2445 5707 in
2489 5668 2587 5708 sua
2624 5659 2852 5708 statione
2893 5669 2984 5708 seu
3017 5659 3267 5707 sessione.
3344 5659 3489 5731 lldp-
3606 5710 3607 5713 η

972 5739 993 5766 ³
1031 5728 1212 5796 priora
1241 5729 1454 5784 ultima.
1531 5738 1558 5768 ι
1587 5724 1985 5796 Freqttentieres
2012 5738 2134 5793 ergo
2166 5723 2589 5798 cppyetudincs.
2668 5726 2697 5768 δ
2727 5723 2986 5779 uisitator.
3065 5732 3087 5761 ο
3118 5721 3367 5779 collector
3386 5735 3498 5781 ml

1956 5662 1983 5689 ιι
2018 5661 2246 5707 mutata.
2324 5660 2351 5690 τ
2388 5652 2445 5707 in
2489 5668 2587 5708 sua
2624 5650 2852 5708 statione
2893 5669 2984 5708 seu
3017 5650 3267 5707 sessione.
3344 5650 3489 5705 lldo-

3070 5886 3147 5949 31
