3950 6592
468 349 577 419 975

1786 364 1821 425 Ξ
1830 364 1925 424 US
1955 364 2400 432 CANONICUM

3624 375 3718 442 976

475 477 630 525 extra
658 467 1022 540 provinciam.
1051 467 1118 526 Et
1159 471 1292 544 quid
1323 470 1644 549 bocGraece
1674 472 1971 547 signiﬁcet,
2000 491 2031 531 e

2156 478 2357 565 ταῦτα,
2398 479 2492 535 καὶ
2521 479 2580 534 οὐ
2623 480 2756 565 παρ’
2796 481 3031 555 ἐνορίαν.
3064 482 3174 539 Καὶ
3200 483 3253 565 τί
3296 480 3557 557 σημαίνει
3587 489 3723 545 τοῦτο

466 562 746 633 quomodo
775 561 1129 620 scribendum
1166 564 1260 632 sit,
1291 579 1390 635 per
1418 557 1527 637 ἦτα
1558 579 1626 620 an
1676 579 1775 636 per
1812 565 1965 620 ἰῶτα.
1994 563 2052 620 Si

462 654 697 723 penuria
726 653 799 710 sit
830 654 1118 725 unguenti,
1143 670 1211 712 an
1241 654 1407 713 liceat
1458 655 1744 713 inventum
1799 670 1899 730 per
1945 655 2053 713 olei

462 745 778 804 mistionem
807 762 1034 820 augere.

539 835 702 907 Resp.
740 835 1094 893 Antimensia
1152 838 1607 896 sanctiﬁcatoria
1656 837 2053 912 participantia

370 923 383 953 '
472 929 776 999 facultatis,
828 947 993 1003 quam
1053 941 1264 1004 septem
1329 931 1545 989 dierum
1595 936 2051 1007 consequentia.

464 1025 899 1082 consecrationis
927 1024 992 1081 de
1045 1040 1191 1082 novo
1237 1033 1651 1082 exstructorum
1699 1027 2050 1098 templorum,

463 1116 656 1188 posita:
685 1116 739 1171 in
765 1131 831 1172 eo
860 1116 1048 1185 altari,
1084 1117 1231 1188 quod
1271 1116 1385 1172 illic
1407 1124 1511 1186 cst,
1557 1133 1659 1189 per
1714 1118 2049 1174 sacriﬁcium

462 1207 698 1274 inducit,
734 1208 832 1264 ubi
878 1207 1078 1264 borum
1128 1225 1266 1267 usus
1320 1218 1428 1275 est,
1486 1209 1607 1267 sine
1656 1210 2051 1281 impedimento

460 1297 912 1356 distributionem
945 1300 1243 1359 admittunt
1277 1321 1291 1358 :
1327 1318 1431 1358 nec
1462 1302 1568 1359 hac
1599 1302 1682 1359 vel
1712 1302 1807 1358 illa
1833 1304 2053 1375 provin-

459 1394 568 1458 cia,
596 1390 758 1461 cujus
782 1392 1102 1463 jurisdictio
1129 1389 1318 1468 [forte]
1347 1394 1631 1468 obtigerit,
1694 1396 2050 1453 circumscri-

459 1483 685 1543 buntur.
738 1486 954 1543 Etenim
1026 1495 1183 1545 extra
1236 1490 1503 1546 terminos
1563 1487 1732 1557 facta,
1791 1489 1939 1546 sicut
1991 1495 2048 1546 et

414 1554 685 1634 'sacrum
720 1588 1085 1652 unguentum,
1145 1580 1363 1651 aliaque
1410 1590 1629 1650 sancta,
1685 1598 1846 1639 suum
1887 1597 2048 1638 usum

461 1678 622 1726 extra
653 1672 1147 1743 reprehensionem
1205 1674 1432 1742 habent,
1486 1675 1665 1732 solum
1724 1684 2049 1731 consecrata

456 1764 618 1831 juxta
644 1763 870 1820 Patrum
905 1764 974 1822 de
1002 1766 1093 1822 bis
1109 1767 1347 1837 positam
1384 1766 1404 1806 ί
1439 1767 1812 1825 traditionem.
1842 1767 2045 1838 Appel-

458 1854 592 1910 latio
621 1862 806 1911 autem
834 1857 955 1927 ipsa
988 1856 1280 1914 deducitur
1302 1872 1334 1912 a
1371 1873 1586 1927 mensa,
1639 1857 1787 1930 quod
1836 1873 2039 1915 secun-

460 1943 593 2001 dum
658 1946 880 2003 Graecos
942 1947 1221 2018 signiﬁcat
1271 1948 1485 2005 lancem
1530 1949 1576 2017 ε,
1636 1958 1691 2004 et
1738 1949 2041 2005 secundum

458 2026 707 2091 italicam
769 2035 1010 2108 linguam
1067 2024 1258 2094 venale
1306 2039 1694 2109 popinatorum
1772 2039 2041 2095 edulium.

458 2125 577 2187 Hac
608 2128 756 2186 enim
787 2130 1006 2186 ratione
1032 2139 1087 2185 et
1122 2130 1177 2186 in
1204 2131 1413 2187 mensis
1470 2130 1761 2203 explicatae
1812 2146 2040 2203 mappae,

457 2222 725 2280 mensalia
752 2222 1031 2290 dicuntur,
1058 2224 1125 2281 ad
1152 2235 1408 2281 ornatum
1434 2236 1568 2297 puta
1589 2241 1796 2283 mensa:
1817 2241 2041 2283 mensa-

457 2332 692 2389 rumque
722 2317 924 2388 posita.
953 2316 1180 2391 Vulgari
1205 2327 1389 2376 autem
1426 2335 1683 2377 sermone
1711 2320 2042 2376 antimensia

457 2409 740 2475 dicuntur,
769 2416 828 2464 ut
858 2410 913 2465 in
937 2410 1284 2468 vestimentis
1307 2412 1572 2482 antipana
1602 2411 1655 2477 ιι,
1688 2420 1744 2468 et
1779 2426 2041 2482 quaecun-

457 2517 567 2574 que
589 2502 658 2557 ab
678 2488 878 2557 eﬁ‘ectu
907 2502 1074 2559 talem
1112 2504 1130 2545 ί
1168 2502 1225 2559 in
1259 2504 1346 2561 bis
1392 2505 1817 2577 appellationem
1846 2506 2041 2561 sortita

457 2601 614 2649 sunt.
651 2590 776 2647 Haec
798 2600 981 2649 autem
1005 2594 1063 2649 in
1090 2596 1299 2652 sanctis
1330 2596 1441 2652 illis
1485 2606 1768 2668 ponuntur
1809 2597 2038 2664 mensis,

457 2697 598 2763 quas
625 2686 972 2742 consecratio
1002 2702 1113 2744 non
1170 2687 1556 2745 sanctiﬁcavit.
1596 2687 1731 2745 Nam
1779 2702 1845 2745 ex
1898 2687 2041 2743 anti-

458 2774 711 2840 mcnsiis,
754 2776 874 2847 ipsa
908 2778 1071 2836 nobis
1101 2789 1425 2850 consecrata
1479 2795 1694 2848 mensa,
1728 2787 1782 2836 ct
1827 2778 2040 2836 sacriﬁ-

460 2875 583 2924 cata
610 2870 836 2935 oblatio,
868 2871 1362 2933 sanctiﬁcationem
1424 2882 1673 2931 sumunt.
1724 2872 1857 2940 Quae
1890 2873 2035 2929 enim

461 2961 803 3017 sanctiﬁcata
834 2972 939 3030 est,
988 2979 1056 3020 ex
1105 2962 1288 3037 seipsa
1341 2964 1652 3022 sanctiﬁcat
1684 2963 1849 3030 dona,
1909 2980 2035 3019 cum

458 3069 558 3124 per
611 3069 808 3111 senon
848 3055 961 3110 sint
1010 3064 1223 3112 sancta.
1258 3055 1424 3128 quue
1480 3056 1769 3113 Dominica
1809 3072 1915 3114 vox
1979 3057 2036 3111 in

459 3142 774 3216 Evangeliis
810 3156 1062 3217 testatur,
1121 3150 1331 3221 majora
1364 3150 1523 3208 donis
1577 3160 1633 3208 et
1667 3168 1803 3209 auro
1844 3152 2035 3209 dicens
2062 3181 2105 3242 ο

456 3236 631 3292 altare
674 3246 727 3294 et
784 3240 1090 3311 templum,
1151 3251 1212 3298 ut
1265 3258 1375 3299 uno
1419 3245 1637 3315 quidem
1697 3244 1883 3312 dona,
1952 3244 2034 3299 al-

456 3340 576 3387 tero
622 3341 803 3388 autem
856 3348 1052 3389 aurum
1123 3335 1519 3393 sanctiﬁcante.
1580 3332 1640 3392 Si
1694 3336 1863 3410 igitur
1922 3353 2034 3394 non

455 3419 770 3479 dedicatum
815 3431 901 3480 est
940 3426 1227 3498 templum,
1262 3426 1410 3499 quod
1466 3428 1517 3485 ei
1556 3428 1730 3495 deest,
1792 3430 2036 3486 sanctiﬁ-

454 3512 667 3570 catoria
714 3516 1035 3573 antimensii
1100 3514 1187 3575 vis
1238 3520 1450 3594 implet.
1502 3521 1739 3594 ideoque
1813 3522 1867 3577 in
1923 3538 2033 3579 non

455 3616 779 3664 consecrato
844 3602 1047 3681 templo
1106 3612 1439 3671 sacriﬁcium
1508 3613 1629 3671 sine
1702 3613 2035 3673 antimensio

454 3700 638 3758 facere
662 3717 945 3774 nunquam
998 3703 1147 3762 licet.
1180 3708 1427 3775 Quonam
1463 3709 1611 3766 enim
1663 3707 1831 3766 modo
1860 3708 2037 3767 altare

455 3794 830 3851 sanctiﬁcabit
856 3795 1087 3865 donum,
1119 3799 1167 3857 si
1198 3801 1519 3858 sanctitatis
1551 3816 1663 3858 non
1713 3798 1882 3858 fuerit
1907 3816 2028 3872 par-

453 3884 664 3958 ticeps?
693 3886 759 3943 Et
802 3888 1078 3948 sacerdoti
1118 3892 1212 3963 qui
1263 3893 1369 3950 hoc
1415 3909 1586 3951 ausus
1622 3893 1810 3961 fuerit,
1870 3909 2033 3965 paena

453 3979 561 4036 erit
598 3976 889 4052 depositio.
947 3983 1051 4041 Per
1088 3985 1199 4040 iota
1259 3994 1441 4042 autem
1491 3987 1776 4056 scribitur,
1810 3996 2035 4060 propter

451 4074 836 4145 gentilitatem,
900 4091 1027 4132 nam
1071 4076 1227 4149 juxta
1288 4079 1706 4151 grammaticam
1760 4081 2029 4152 regulam,

450 4166 724 4238 gentilitia
792 4183 972 4239 neque
1029 4169 1422 4241 productiones
1468 4168 1516 4239 i,
1576 4185 1756 4243 neque
1814 4172 2031 4246 regulas

451 4261 679 4318 habent.
708 4254 900 4319 Solent
931 4271 1115 4318 autem
1145 4262 1493 4333 grammatici
1526 4278 1624 4335 per
1665 4265 1777 4321 iota
1804 4274 1861 4323 et
1886 4267 2032 4323 omi-

449 4367 586 4408 cron
620 4361 674 4411 et
723 4353 935 4425 epsilon
991 4352 1292 4423 gentilitias
1346 4368 1511 4411 voces
1559 4355 1824 4413 scribere.
1869 4355 2031 4415 Nullo

446 4455 629 4502 autem
670 4446 834 4501 modo
884 4453 1165 4515 receptum
1215 4453 1300 4501 est
1362 4454 1421 4501 ut
1487 4447 1645 4504 aliter
1699 4449 2028 4506 antimensia

2167 564 2515 647 ⁴1ᾷ>.).ηνικίῖ›ς,
2550 560 2647 623 καὶ
2697 568 2815 635 πῶς
2871 570 2954 624 δεῖ
2974 560 3307 644 γράφεσθαι,
3347 575 3416 628 δι’
3441 571 3549 648 ἦτα
3598 576 3632 647 ἦ
3669 577 3724 632 δι’

2159 655 2328 724 ίῶτα;
2359 657 2423 712 Ei
2453 659 2648 723 σπάνις
2681 658 2738 714 δέ
2769 662 2884 715 ἐστι
2943 661 3140 737 μύρου,
3172 665 3351 732 ἔξεστι
3375 666 3437 719 τὸ
3490 665 3724 737 εὑρισκό-

2157 764 2317 819 μενον
2337 748 2427 803 διὰ
2457 750 2730 824 μίγματος
2748 752 2933 807 ἐλαίου
2959 753 3332 826 πληθύνεσθαι
3367 775 3383 825 ;

2254 836 2380 897 ’Au.
2430 839 2513 894 Τὰ
2539 841 2876 913 ἀντιμίνσια,
2900 843 3000 915 τῆς
3056 846 3385 919 ἁγιαστικῆς
3448 847 3720 921 δυνάμεως

2158 930 2608 1005 μετασχόντα,ἥν
2659 934 2900 1007 αῦτοῖςή
2942 935 3045 1005 τῆς
3075 935 3464 1008 καθιερώσεως
3520 939 3630 993 τῶν
3668 942 3723 997 ἐκ

2151 1023 2274 1079 νέου
2304 1025 2744 1099 ἀνεγειρομένων
2796 1027 2942 1083 ναῶν
2973 1028 3321 1103 άκολουθίαή
3355 1032 3721 1105 ἐπταήμερος,

2153 1116 2212 1170 ἐν
2243 1116 2323 1189 τῷ
2367 1119 2544 1172 ἐκεῖσε
2592 1117 2965 1193 θυσιαστηρίῳ
3000 1123 3283 1194 κειμένης,
3304 1124 3590 1194 ἱερουργία
3635 1127 3721 1195 ἐμ·

2153 1212 2320 1279 ποιεῖ,
2337 1211 2752 1282 ἀνεμποδίστως
2785 1212 2917 1268 ἔνθα
2942 1214 2978 1285 ἡ
3005 1213 3209 1268 τούτων
3246 1215 3447 1287 χρῆσίς
3472 1217 3589 1271 ἐστι
3618 1217 3718 1274 διαί

2151 1302 2348 1375 δόσιμα
2372 1303 2612 1373 γίνονται
2646 1322 2662 1337 ·
2715 1304 2811 1360 καὶ
2837 1305 2900 1360 οὐ
2943 1307 3381 1378 περιγράφονται
3408 1310 3469 1363 ἐν
3500 1308 3630 1380 τῇδε
3662 1312 3718 1382 τῇ

2158 1395 2368 1467 ἐνορία,
2408 1396 2440 1467 ἦ
2470 1397 2528 1451 ἐν
2553 1396 2760 1470 ἐκείνῃ.
2794 1397 2938 1451 κατά
2977 1414 3102 1453 τινα
3132 1398 3496 1454 δικαιοδοσίαν
3535 1401 3717 1453 ἀποκε-

2155 1486 2701 1559 κληρωμένηνάὐτῇ.
2721 1488 2829 1543 Καὶ
2857 1489 3127 1562 ὑπερόρια
3147 1489 3258 1562 γάρ
3280 1490 3572 1561 γινόμενα,
3596 1491 3719 1547 καθὰ

2150 1578 2216 1651 δὴ
2247 1580 2343 1633 καὶ
2366 1579 2426 1633 τὸ
2458 1579 2602 1633 θεῖον
2665 1579 2974 1653 μύρον,καὶ
3017 1582 3153 1637 ἄλλα
3215 1583 3370 1652 ἅγια,
3397 1582 3498 1655 τὴν
3528 1583 3716 1638 ἑαυτῶν

2150 1671 2353 1744 χρῆσιν
2421 1672 2815 1745 ἀνεπιτίμητον
2838 1673 3047 1746 ἔχουσι,
3084 1673 3245 1746 μόνον
3308 1675 3717 1747 ίερουργηθέντα

2153 1763 2298 1819 κατὰ
2326 1764 2425 1835 τὴν
2456 1764 2721 1837 κειμένην
2771 1765 2900 1838 περὶ
2927 1765 3134 1820 τούτων
3174 1766 3285 1821 τῶν
3335 1766 3602 1839 ΙΙατέρων
3627 1786 3717 1821 πα-

2074 1828 2117 1885 B
2148 1828 2394 1927 ράδοσιν.
2439 1855 2504 1910 'H
2532 1828 2871 1929 προσηγορία
2903 1856 2963 1911 δὲ
2993 1856 3132 1931 αῦτη
3160 1828 3621 1930 παράγεται-άπὸ
3636 1859 3712 1914 τοῦ

2150 1946 2365 2018 μίνσου,
2403 1945 2499 2000 τοῦ
2524 1946 2647 2001 καθ’
2680 1946 2949 2019 ’Έλληνας
2980 1947 3081 2018 μὲν
3112 1948 3170 2002 τὸ
3202 1948 3401 2003 κανοῦν
3421 1949 3712 2020 δηλοῦντος,

2148 2039 2293 2093 κατὰ
2324 2037 2383 2092 δὲ
2411 2039 2510 2111 τὴν
2542 2038 2749 2110 Ἰταλὴν
2776 2038 3032 2109 γλῶσσαν
3060 2041 3120 2093 τὸ
3161 2041 3712 2113 πεπραγματευμένον

2145 2134 2259 2196 τοῖς
2284 2131 2563 2203 ὀψοποιοῖς
2607 2132 2843 2187 ἐδεστόν.
2877 2133 3039 2187 Κατὰ
3085 2132 3244 2187 τοῦτο
3300 2130 3411 2206 γὰρ
3434 2133 3536 2188 καὶ
3586 2134 3714 2188 τάέν

2150 2227 2271 2288 ταῖς
2311 2224 2621 2297 τραπέζαις
2651 2222 3048 2295 ἐφαπλούμενα
3098 2222 3315 2292 ὀθόνια,
3348 2225 3607 2296 μινσάλια
3642 2224 3714 2279 λέ-

2145 2334 2355 2389 γονται,
2387 2313 2475 2371 οἷα
2513 2317 2647 2389 πρὸς
2678 2318 2884 2388 κόσμον
2911 2318 3011 2386 τῆς
3032 2316 3315 2388 τραπέζης
3342 2318 3441 2372 καὶ
3471 2318 3581 2374 τῶν
3612 2322 3712 2390 μίν·

2147 2427 2257 2466 σων
2289 2410 2577 2482 τιθέμενα.
2614 2410 2777 2464 Κατὰ
2819 2406 3154 2475 κοινολεξίαν
3200 2393 3257 2463 δέ
3285 2410 3605 2481 ἀντιμίνσια
3642 2411 3711 2464 λέ-

2142 2518 2354 2573 γονται,
2413 2501 2603 2573 ὥσπερ
2623 2503 2682 2555 ἐν
2722 2503 2837 2566 τοῖς
2875 2503 3192 2573 ίματισμοίς
3215 2502 3282 2558 τὰ
3305 2502 3603 2569 ἀντίπανα,
3632 2502 3705 2557 καὶ

2141 2594 2244 2648 ὅσα
2270 2595 2335 2648 ἐκ
2361 2594 2459 2664 τῆς
2488 2592 2629 2647 κατὰ
2657 2592 2957 2648 ἀνάκλασιν
2993 2593 3274 2664 ἐνεργείας
3316 2593 3415 2665 τὴν
3473 2593 3708 2666 τοιαύτην

2143 2688 2201 2740 ἐν
2250 2686 2461 2750 τούτοις
2509 2687 2885 2758 προσηγορίαν
2928 2687 3234 2759 είλήχασιν.
3280 2687 3371 2740 Ἐν
3405 2684 3711 2751 ἐκείναιςόέ

2143 2780 2267 2843 ταῖς
2301 2779 2482 2849 ἁγίαις
2511 2779 2816 2851 τραπέζαις
2855 2780 3030 2834 ταῦτα
3071 2779 3333 2844 τίθενται,
3361 2777 3427 2842 ἃς
3464 2778 3709 2850 καθιέρω-

2141 2888 2227 2934 σις
2261 2871 2357 2942 οὐχ
2390 2872 2637 2942 ἡγίασεν.
2677 2871 2773 2925 Ἐκ
2798 2870 2907 2942 τῷν
2938 2870 3302 2942 άντιμινσίων
3331 2872 3445 2942 γάρ
3474 2871 3612 2943 αὐτή
3660 2887 3706 2923 τε

2144 2964 2275 3037 ἡμῖν
2302 2964 2699 3035 καθιερωθεῖσα
2716 2961 2966 3035 τράπεζα
2993 2964 3087 3017 καὶ
3106 2962 3544 3035 ἱερουργουμένη
3563 2978 3708 3033 προσ-

2139 3056 2282 3128 φορᾶ
2330 3055 2671 3128 λαμϐάνουσι
2722 3055 2812 3111 τὸν
2857 3056 3148 3127 ἁγιασμόν.
3197 3054 3263 3109 Ἠ
3295 3056 3405 3126 γάρ
3437 3072 3521 3109 τοι
3569 3056 3704 3123 ἁγια-

2141 3147 2351 3215 σθείσα,
2377 3144 2686 3218 ἀφ’ὲαυτῆς
2714 3148 2932 3218 ἁγιάζει
2956 3147 3027 3202 τὰ
3054 3148 3222 3220 δῶρα.
3255 3148 3331 3202 Οὐ
3370 3147 3483 3219 γὰρ
3515 3145 3703 3201 οἴκοθέν

2139 3241 2275 3296 είσιν
2302 3239 2451 3309 ἅγια.
2484 3239 2596 3296 Καὶ
2623 3241 2781 3295 τοῦτο
2829 3243 2887 3295 ἐν
2912 3243 3026 3305 τοῖς
3054 3239 3407 3309 Εὑαγγελίοις
3437 3241 3470 3313 ἡ
3513 3242 3701 3293 Δεσποο

2137 3333 2264 3406 τικὴ
2285 3333 2436 3405 φωνὴ
2483 3335 2770 3406 μαρτυρεῖ,
2822 3331 3047 3405 μείζονα
3099 3333 3207 3387 τῶν
3243 3331 3436 3405 δώρων
3490 3332 3702 3400 λέγουσα

2139 3429 2233 3483 καὶ
2262 3428 2356 3481 τοῦ
2388 3426 2613 3498 χρυσοῦ,
2644 3425 2705 3480 τὸ
2737 3426 3144 3497 θυσιαστήριον,
3166 3426 3263 3479 καὶ
3301 3426 3393 3481 τὸν
3446 3424 3572 3480 ναόν
3595 3440 3610 3455 ·
3632 3422 3699 3487 ὡς

2134 3516 2230 3571 τοῦ
2285 3516 2386 3588 μὲν
2441 3518 2510 3572 τὰ
2558 3516 2727 3590 δῶρα,
2758 3515 2852 3571 τοῦ
2906 3516 2965 3570 δὲ
3011 3516 3103 3570 τὸν
3131 3514 3333 3587 χρυσὸν
3380 3516 3696 3584 άγιάζοντος.

2136 3610 2200 3665 El
2228 3608 2358 3681 γοῦν
2383 3606 2752 3680 άκαθιέρωτός
2785 3609 2933 3663 ἐστιν
2956 3610 2984 3663 ό
3016 3607 3165 3673 ναὸς,
3201 3608 3261 3661 τὸ
3312 3606 3556 3663 ἐλλεῖπον
3586 3603 3697 3657 τοῦ·

2135 3721 2229 3759 του
2261 3703 2623 3774 ἀναπληροϊή
2653 3701 2960 3772 ἁγιαστικὴ
2982 3700 3075 3755 τοῦ
3106 3698 3447 3771 ἀντιμινσίου
3465 3696 3694 3767 δύναμις.

2138 3795 2304 3852 Ὅθεν
2340 3796 2460 3851 οὐδὲ
2485 3794 2696 3861 ἔξεστιν
2725 3795 2782 3849 ἐν
2825 3790 3183 3866 άκαθιερώτῳ
3216 3791 3331 3863 ναῷ
3356 3790 3525 3863 χωρὶς
3554 3790 3694 3844 am-

2139 3890 2353 3962 μινσίου
2384 3889 2696 3962 ἱερουργίαν
2720 3886 2978 3959 γενέσθαι
3004 3885 3157 3941 ποτέ.
3184 3885 3311 3950 Πῶς
3337 3884 3448 3955 γάρ
3504 3881 3561 3935 τὸ
3602 3880 3693 3933 θυ-

2137 3984 2453 4055 σιαστήριον
2506 3980 2726 4050 ἁγιάσει
2751 3980 2813 4034 τὺ
2843 3980 3034 4050 δῶρον,
3061 3978 3138 4050 μὴ
3176 3973 3450 4046 μετασχὸν
3491 3971 3693 4043 ἁγιότη-

2132 4087 2253 4138 τος;
2285 4070 2395 4122 Καὶ
2424 4069 2501 4142 τῷ
2528 4069 2864 4140 τολμήσαντι
2890 4068 3050 4124 τοῦτο
3083 4069 3220 4139 lapsi
3242 4065 3539 4137 πρόστιμόν
3559 4067 3690 4117 ἐστιν

2132 4162 2168 4236 ἡ
2198 4160 2533 4234 καθαίρεσις.
2563 4162 2642 4215 Δι’
2684 4161 2817 4216 ἰῶτα
2841 4161 2898 4214 δὲ
2950 4159 3221 4231 γράφεται
3243 4158 3333 4213 διά
3377 4155 3438 4211 τὸ
3481 4154 3687 4211 ἐθνικόν.

2133 4255 2216 4308 Τὰ
2235 4254 2343 4325 γὰρ
2374 4252 2582 4321 eam,
2613 4253 2757 4308 κατὰ
2793 4250 2885 4307 τὸν
2912 4248 3301 4323 γραμματικὸν
3339 4248 3538 4303 κανόνα
3579 4241 3689 4298 οὔτε

2135 4342 2493 4416 παραγωγὰς,
2521 4341 2646 4397 οὔτε
2678 4343 2907 4409 κανόνας
2943 4341 3160 4415 ἔχουσιν
3196 4357 3212 4373 ο
3253 4340 3485 4395 εἴθισται
3511 4336 3564 4391 δὲ
3587 4337 3686 4397 τοῖς

2132 4435 2630 4507 γραμματικοῖςξδϋ
2669 4435 2803 4490 ίῶτα
2829 4436 2923 4490 καὶ
2956 4452 2987 4489 ο
3011 4433 3208 4507 μικροῦ
3241 4433 3337 4487 καὶ
3371 4451 3398 4487 ε
3429 4429 3579 4503 ψιλοῦ
3603 4427 3688 4491 τὰς

447 4535 579 4591 ﬁant
609 4535 658 4603 ιι,
718 4551 882 4606 quam
943 4535 998 4590 in
1057 4536 1183 4593 novi
1244 4538 1429 4608 templi
1485 4538 1855 4597 dedicatione.
1913 4540 2025 4599 Nec

2138 4529 2355 4593 ἐθνικὰς
2384 4529 2566 4599 φωνὰς
2588 4527 2915 4600 γράφεσθαι.
2962 4529 3076 4582 Οὐκ
3129 4526 3241 4598 ἔχει
3269 4525 3327 4580 δὲ
3354 4523 3535 4596 χώραν
3567 4519 3687 4582 ὅλας

448 4628 914 4690 animadvertunt,
952 4628 1048 4698 qui
1076 4627 1183 4684 alio
1219 4629 1379 4685 tnodo
1403 4643 1594 4686 eorum
1622 4631 2023 4688 coniectionem

445 4720 736 4784 innovanl,
771 4733 827 4790 se
860 4718 1183 4777 traditiones
1232 4718 1639 4776 ecclesiasticas
1691 4722 2021 4793 transgredi,

445 4825 500 4868 et
526 4812 670 4868 dona
705 4826 813 4867 nou
849 4813 1012 4881 dona,
1042 4829 1145 4869 nec
1159 4813 1409 4885 juvantia
1438 4815 1517 4888 (ut
1550 4814 1641 4872 ille
1672 4814 1769 4887 ait)
1800 4815 2020 4873 oﬁ‘erre.

446 4902 560 4960 Nec
593 4905 728 4960 illud
760 4904 1246 4973 considerandum,
1313 4921 1383 4962 an
1441 4906 1509 4963 de
1562 4922 1708 4964 novo
1762 4910 1929 4985 simul
1975 4918 2031 4967 et

446 5005 700 5053 recentcr
731 4997 1059 5053 aediﬁcatum
1095 4999 1167 5052 sit
1189 4998 1476 5069 templum,
1512 5008 1575 5055 ut
1600 5000 1721 5071 ejus
1753 5001 2030 5060 dedicatio

444 5090 560 5144 ﬁat.
597 5088 717 5145 Etsi
748 5090 892 5149 enim
946 5088 1241 5159 quodpiam
1272 5089 1385 5160 jam
1441 5091 1649 5161 pridem
1697 5075 2026 5148 aediﬁcatum

442 5180 769 5250 reperiatur,
818 5181 963 5251 quod
1013 5181 1490 5236 consecrationem
1551 5197 1661 5237 non
1725 5184 2023 5253 acceperit,

444 5272 587 5330 hanc
620 5272 1462 5342 mort-bitursanctiﬁcationem,
1503 5283 1691 5346 utpote
1722 5275 1871 5347 quod
1900 5291 2022 5331 eam

444 5364 564 5421 sine
621 5365 1053 5435 reprehensione
1128 5362 1415 5433 suscipere
1471 5364 1671 5432 possit.
1747 5362 1904 5429 Quod
1977 5365 2024 5419 si

446 5457 711 5529 unguenti
741 5457 812 5512 sit
844 5456 1095 5529 paucitas
1120 5468 1160 5496 ω
1193 5457 1246 5512 in
1271 5455 1446 5513 sacris
1502 5453 1874 5527 baptismatis,
1911 5463 2005 5510 aut

2137 4620 2262 4677 καθ’
2288 4622 2475 4694 ἕτερον
2505 4622 2706 4693 τρόπον
2728 4621 2856 4675 ἄνευ
2899 4618 3281 4692 καθιερῴσεως
3311 4616 3433 4671 νέου
3480 4612 3598 4668 ναοῦ
3634 4610 3684 4663 τὸ

2135 4713 2379 4782 γίνεσθαι
2447 4711 2760 4783 άπιτιμίνσια
2790 4727 2807 4743 ο
2847 4711 2944 4767 καὶ
3002 4710 3361 4764 λανθάνουσιν
3397 4705 3609 4767 ἑαυτοὺς
3641 4701 3682 4753 oi

2135 4804 2478 4879 ἁλλοτρόπως
2523 4801 2972 4876 καινοτομοῦντες
3029 4801 3128 4873 τὴν
3190 4799 3397 4855 τούτων
3467 4795 3678 4865 ποίησιν,

2135 4900 2460 4971 παραϐάτας
2500 4897 2779 4961 ποιοῦντες
2824 4892 2934 4950 τῶν
2976 4892 3447 4965 ἐκκλησιαστικῶν
3475 4886 3680 4960 παραδό-

2129 5011 2289 5058 σεων,
2323 4994 2412 5047 καὶ
2438 4992 2622 5063 ἄδωρα
2669 4989 2817 5061 δῶρα
2849 4989 2945 5043 καὶ
2973 4989 3073 5042 οὐκ
3123 4987 3385 5056 ὀνήσιμα,
3415 4982 3554 5037 κατὰ
3604 4978 3679 5030 τὶν

2126 5085 2373 5151 εἰπόντα,
2409 5085 2795 5156 προσάγοντες.
2830 5081 2942 5133 Οὐκ
2961 5079 3183 5150 ἐφιστᾷν
3204 5077 3259 5130 δέ
3289 5076 3397 5149 χρὴ
3422 5079 3468 5129 εί
3492 5076 3553 5127 ἐκ
3575 5088 3678 5125 και·

2125 5180 2223 5251 νῆς
2260 5180 2377 5250 ἅμα
2421 5176 2517 5232 καὶ
2551 5176 2878 5245 προσφάτως
2917 5173 3065 5226 ἐστὶν
3095 5171 3533 5243 άνεγηγερμένος
3554 5164 3676 5228 ναὸς,

2126 5268 2216 5323 ἵνα
2237 5268 2426 5339 τούτου
2480 5263 2809 5335 καθιέρωσις
2832 5263 3058 5334 γένηται
3088 5275 3102 5290 ·
3139 5259 3255 5315 ἀλλ’
3309 5261 3358 5312 εί
3418 5256 3509 5312 καὶ
3550 5252 3674 5321 εὑρί-

2128 5359 2318 5415 σκεταί
2357 5350 2437 5423 τις
2460 5359 2523 5412 ἐκ
2543 5354 2737 5410 πολλοῦ
2766 5354 2863 5428 μὲν
2894 5351 3351 5424 ἀνεγηγερμένος,
3378 5348 3674 5418 καθιέρωσιν

2110 5452 2165 5506 δὲ
2199 5444 2616 5525 μὴνᾷέξάμενοέν
2648 5448 2745 5519 τῆς
2777 5444 3059 5516 ἁγιστείας
3088 5443 3294 5515 ταύτης
3337 5444 3432 5497 καὶ
3479 5431 3672 5493 ὀτοιοῦ-

1768 5614 2008 5674 nam
2032 5614 2441 5697 LEQTIONES.

490 5751 542 5777 ’δ
570 5739 747 5795 series.
828 5740 849 5780 τ
883 5741 1066 5797 latam.
1171 5742 1197 5782 ⁸
1227 5738 1542 5794 canistrum.
1618 5734 1646 5773 ιι
1680 5732 1983 5801 antipanui.

2044 5728 2053 5733 ’
2090 5735 2135 5805 i3
2232 5732 2281 5785 vi
2316 5727 2613 5805 reﬂemionis
2663 5726 2875 5805 talem._
2937 5725 2951 5774 l
3000 5725 3361 5783 deductiones.
3464 5721 3489 5765 ιι
3520 5719 3661 5777 locum

440 5809 715 5882 Ititbet,-ut
755 5813 945 5884 absque
968 5812 1085 5870 novi
1120 5804 1727 5884 tellgpli‘comecratione
1754 5797 2031 5892 antimeusi

2138 5797 2254 5867 ain.
2333 5797 2577 5856 fmilia.
2654 5797 2936 5868 “impia.
