3950 6588
212 415 321 483 9T1

1522 404 2216 470 GR/ECO-ROMANUM.

3352 346 3481 463 ἰιι

211 543 298 589 τος
333 523 734 595 ἀξιωθήσεται,
863 521 1119 592 δέξασθαι
1148 521 1354 594 ταύτην
1373 519 1679 593 ἀμέμπτως
1706 521 1778 574 δυι

1907 519 2232 590 templorum
2265 514 2702 580 consecratione,
2763 513 2940 572 aliove
2991 513 3165 585 Ipsius
3222 528 3364 580 usu;
3396 514 3471 579 ei,

218 619 458 688 άμενος.
494 619 564 672 El
603 617 801 682 σπάνις
822 617 880 672 δέ
911 618 1028 671 ἐστι
1058 615 1231 688 μύρου
1283 615 1340 670 ἐν
1386 631 1447 669 τε
1485 616 1598 678 τοῖς
1629 614 1794 679 θείοις

213 706 578 779 βαπτίσμασι,
608 711 704 765 καὶ
729 711 784 764 ἐν
821 712 886 781 τῇ
915 709 1023 763 τῶν
1051 708 1195 763 ναῶν
1224 707 1574 780 καθιερώσει,
1605 707 1702 761 καὶ
1733 707 1794 760 ιν

209 799 337 871 ἄλλῃ
366 800 567 854 τούτου
587 801 804 873 χρήσει,
833 801 910 872 τῷ
938 800 1310 871 εύρισκομένῳ
1345 798 1610 869 ὀλιγοστῷ
1641 797 1797 868 μύρῳ

1901 610 2062 682 cujus
2095 608 2399 680 pauxillum
2433 607 2716 664 inventum
2745 616 2850 673 est,
2883 606 3244 662 commiscere
3291 607 3470 660 oleum

1903 702 2260 760 conceditur:
2299 709 2358 756 ut
2388 700 2461 756 ita
2487 701 2825 771 suppletum,
2857 699 2926 756 iis
2963 699 3057 770 qui
3088 713 3229 770 opus
3252 697 3475 760 habent,

1903 793 2137 870 sulliciat
2164 792 2234 848 ad
2264 791 2760 849 sanetilicationem
2787 790 3140 864 implendam.

207 889 762 960 συγκαταμίγνύῖςθαι
785 892 962 946 ἔλαιον
980 892 1534 964 συγκεχώρηταιοὼς
1558 891 1624 946 ἂν
1652 887 1794 942 οὕτω
1833 886 2154 956 πληθυνθὲν,
2202 883 2414 958 ἀρκέσῃ
2472 883 2824 956 ἐκπληρῶσαι
2889 883 2979 938 τὸν
3037 882 3309 954 ἀγιασμὸν
3366 882 3481 946 τοῖς

207 980 479 1050 δεομένοις
510 982 709 1036 αὑτοῦ.

285 1073 648 1141 Ἐρώτησις.
691 1075 750 1128 El
779 1076 954 1140 ἔξεστι
983 1079 1095 1141 τοῖς
1139 1078 1444 1148 Ἀρμένιοις
1481 1079 1538 1130 ὲν
1571 1070 1657 1138 αἷς
1697 1073 1797 1127 πό·

207 1164 348 1215 λεσιν
384 1163 606 1216 οἰκοῦσι
627 1165 770 1218 κατὰ
801 1168 982 1219 πᾶσαν
1007 1168 1190 1220 ἄδειαν
1222 1168 1424 1232 κτίζειν
1477 1165 1791 1236 ἐκκλησίας,

207 1257 294 1306 καί
323 1253 433 1305 εἴτε
466 1253 579 1326 χρὴ
610 1255 937 1324 κωλύεσθαι,
959 1259 990 1329 ἢ
1012 1260 1105 1330 es;
1135 1259 1332 1322 αὐτοὺς
1366 1259 1541 1312 ποιεῖν
1567 1259 1641 1321 ὡς
1665 1257 1789 1328 βού-

207 1345 404 1399 λονται.

285 1437 417 1490 Ἀπ.
441 1435 536 1490 Ἐν
559 1441 684 1502 ταῖς
708 1441 1048 1512 Χριστιανῶν
1067 1439 1274 1513 χώραις
1295 1443 1620 1510 καὶιπόλεσιν
1649 1441 1794 1494 ἐνδέ-

204 1529 345 1581 δοται
377 1528 480 1599 μὲν
508 1529 760 1601 ἀρχῆθεν
790 1534 960 1586 οἰκεῖν
997 1534 1089 1587 καὶ
1113 1535 1538 1604 ἀλλογλώσσους,
1563 1533 1655 1588 καὶ
1678 1536 1795 1587 ἐτε-

1974 1065 2145 1120 Inler.
2172 1066 2254 1121 An
2285 1067 2446 1122 liceat
2467 1066 2762 1134 Armeniis,
2797 1066 2852 1121 in
2885 1065 3084 1136 quibus
3143 1073 3310 1136 agunt
3333 1068 3474 1122 civi-

1901 1158 2126 1222 t‘a’tibus,
2152 1158 2321 1213 libere
2351 1158 2623 1214 aediﬁcare
2650 1158 2937 1222 ecclesias,
2977 1166 3032 1213 et
3055 1173 3122 1213 an
3149 1159 3476 1230 prohibendi

1900 1249 2031 1316 sint,
2071 1264 2139 1303 an
2179 1259 2340 1320 prout
2369 1249 2644 1306 voluerint
2673 1249 2876 1315 facere,
2915 1248 3152 1305 sinendi.

1964 1429 2082 1486 Res.
2145 1430 2469 1487 Abinition
2515 1433 2737 1504 quidem
2803 1433 3084 1488 indultum
3141 1441 3247 1498 est,
3303 1441 3363 1487 ut
3413 1433 3469 1487 in

1892 1520 2335 1578 Christianorum
2386 1525 2700 1596 regipuibus
2748 1533 2772 1562 °
2807 1535 2863 1582 el.
2895 1526 3212 1582 civitatibus
3241 1526 3469 1582 diversae

209 1619 471 1690 ροδόξους,
531 1623 710 1692 ἤγουν
765 1625 1076 1693 Ἰουδαίους,
1129 1626 1468 1697 Ἀρμενίους,
1513 1626 1778 1697 ’Ῑσμαηλί-

1894 1613 2094 1685 linguae
2123 1623 2178 1671 et
2235 1616 2518 1688 religionis
2577 1619 2829 1674 homines
2884 1619 3214 1685 habitarent,
3273 1627 3467 1691 utputa

204 1731 317 1778 τας,
357 1714 726 1786 Ἀγαρηνοὺς,
760 1719 854 1772 καὶ
877 1719 1097 1784 λοιποὺς
1153 1721 1428 1784 τοιούτους
1453 1737 1467 1752 ο
1499 1719 1637 1790 πλὴν
1691 1721 1778 1774 οὑν

1895 1703 2096 1770 Judaei,
2127 1707 2390 1775 Armenii,
2425 1709 2729 1776 lsmaelitte,
2780 1709 3036 1781 Agareni,
3099 1719 3154 1765 et
3192 1712 3283 1765 alii
3317 1712 3469 1780 ejus-

203 1803 396 1875 ἀναμὶξ
442 1807 590 1876 μετὰ
623 1808 732 1862 τῶν
772 1811 1136 1881 Χριστιανῶν,
1179 1812 1317 1866 ἀλλά
1342 1812 1784 1884 κεχωρισμένως.

1895 1801 2044 1858 modi
2079 1817 2186 1858 non
2247 1804 2560 1874 promiscue
2601 1812 2807 1868 tamen,
2863 1805 2960 1860 sed
3017 1805 3272 1860 seorsim.
3313 1803 3470 1860 Unde

208 1895 362 1950 Ὅθεν
393 1897 492 1950 καὶ
525 1899 888 1970 ἀφορίζονται
942 1904 1095 1956 τόποι
1129 1905 1337 1979 ἑκάστῃ
1366 1905 1570 1959 τούτων
1617 1904 1778 1975 φυλῇ,

1892 1894 2056 1950 etiam
2091 1895 2282 1950 harum
2306 1895 2547 1951 tribuum
2575 1907 2605 1946 P
2634 1897 2834 1968 cuique
2866 1898 3006 1952 intra
3057 1897 3356 1963 civitatem,
3383 1898 3469 1952 vel

204 1985 306 2038 εἴτε
333 1988 485 2052 ἐντὸς
517 1991 751 2056 πόλεων,
784 1992 896 2045 εἴτε
936 1994 1116 2057 ἐκτός.
1148 1995 1310 2047 Ὥστε
1365 1995 1577 2059 τούτοις
1609 1997 1783 2066 ἐμπεσ-

206 2078 590 2148 ριγράφεσθαι,
628 2083 724 2134 καὶ
760 2083 833 2154 μὴ
867 2073 1122 2138 ὲπὲκεὶνα
1152 2086 1358 2142 τούτων
1406 2086 1505 2150 τὰς
1537 2087 1784 2159 οἰκήσεις

206 2169 375 2223 αὐτῶν
391 2172 764 2230 ὲκτείνεσθαι.
806 2176 1183 2250 Ἑπινενόηται
1211 2178 1268 2232 δὲ
1296 2179 1456 2233 τοῦτο
1480 2183 1593 2244 τοῖς
1615 2181 1782 2235 πάλαι

208 2259 529 2330 βασιλεῦσιν,
567 2265 648 2330 ὡς
679 2262 853 2338 οἶμαι,
894 2269 1060 2340 τριῶν
1089 2271 1295 2326 ἕνεκεν.
1356 2271 1504 2336 Ἐνδς
1533 2273 1656 2341 μὲν,
1691 2274 1783 2327 ἵνα

214 2353 288 2424 τῷ
314 2356 680 2432 ὲστενωμένῳ
720 2363 812 2416 καὶ
849 2364 1220 2436 ἀφωρισμένη)
1255 2365 1356 2435 τῆς
1381 2365 1586 2421 τούτων
1630 2368 1784 2439 οίκήα

209 2459 358 2509 σεως,
396 2446 760 2519 λαμϐάνωσιν
787 2454 1062 2524 αἴσθησιν,
1091 2454 1167 2520 ὡς
1197 2456 1492 2529 ἀπόϐλητοι
1549 2459 1638 2513 διὰ
1681 2459 1782 2532 τὴν

212 2538 324 2589 κατ’
351 2539 551 2606 αὐτοὺς
578 2543 798 2614 αἵρεσιν
831 2545 1124 2618 κρίνονται.
1168 2549 1386 2620 Ἑτέρου
1409 2550 1487 2617 δὲ,
1521 2551 1608 2605 ἵνα
1638 2553 1781 2607 κατά

214 2629 419 2698 μικρὸν,
451 2631 542 2686 διὰ
573 2634 638 2687 τὸ
665 2635 871 2706 συχνῶς
901 2637 1106 2708 ὁμιλεῖν
1125 2639 1616 2708 τοῖςΧριστιανοῖς,
1642 2643 1782 2707 πρὸς

214 2720 491 2785 μετάθεσιν
526 2725 982 2782 ἀπαλλάττωνται
1010 2743 1024 2758 ’
1057 2730 1106 2782 εξ
1149 2731 1245 2784 καὶ
1289 2732 1363 2804 μὴ
1391 2733 1614 2799 πάντες,
1643 2733 1779 2789 ἀλλά

211 2811 342 2874 τινὲς
371 2813 492 2882 μὲν,
527 2817 693 2883 ὅσους
731 2819 794 2890 δὴ
851 2821 884 2890 ἡ
932 2822 1173 2894 σωτηρία
1217 2825 1492 2896 ἠγάπησε.
1521 2828 1632 2882 Καὶ
1684 2828 1778 2882 τοῦ

212 2902 407 2972 τρίτου,
433 2907 522 2962 ἵνα
545 2911 678 2973 τοὺς
702 2915 944 2984 καρποὺς
977 2916 1083 2968 τῶν
1114 2917 1560 2989 ἐπιτηδευμάτων
1597 2921 1778 2974 αὐτῶν

211 2995 254 3046 oi
282 2998 416 3051 κατὰ
450 2999 566 3068 βίον
591 3002 890 3074 χρῄζοντες
938 3006 1117 3060 αὐτῶν
1145 3009 1546 3080 ἀποφέρωνται.
1584 3012 1627 3064 Τ
1630 3012 1778 3066 οὲνυν

215 3085 300 3137 καὶ
328 3089 374 3140 oi
417 3088 723 3163 Ἀρμένιοι,
755 3097 801 3148 εἰ
834 3097 892 3150 ὲν
938 3097 1108 3170 τόπῳ,
1139 3101 1270 3153 ἔνθα
1322 3104 1776 3174 περιγράφονται,

214 3179 299 3231 καὶ
323 3186 479 3248 ναοὺς
512 3188 782 3255 κτίζουσι,
823 3191 915 3245 καὶ
961 3193 1028 3247 τὰ
1062 3195 1161 3263 τῆς
1183 3195 1446 3267 αἱρέσεως
1483 3199 1661 3254 αὐτῶν
1685 3202 1780 3254 ex»

1891 1995 2068 2053 extra,
2096 1987 2200 2043 loci
2233 1988 2669 2044 determinantur
2703 2007 2718 2042 :
2771 2001 2829 2044 ut
2880 1991 2966 2046 bis
3001 1989 3466 2047 circumscriben-

1891 2088 2000 2146 tur,
2039 2095 2143 2136 nec
2175 2081 2414 2137 ulterius
2436 2095 2626 2136 eorum
2657 2082 3029 2138 habitationes
3073 2083 3462 2138 extendantur.

1890 2169 2030 2225 illud
2059 2177 2242 2226 autem
2304 2187 2333 2225 a
2387 2171 2666 2229 veteribus
2711 2173 3052 2244 principibus
3094 2172 3464 2244 excogitatum

1889 2268 1994 2328 est,
2026 2263 2227 2329 tribus,
2267 2272 2329 2318 ut
2365 2265 2584 2334 opinor,
2613 2263 2681 2320 de
2707 2265 2915 2320 causis.
2971 2263 3090 2319 Una
3123 2263 3365 2335 quidem,
3404 2273 3465 2318 ut

1888 2365 1955 2406 ex
1976 2352 2333 2409 habitationis
2375 2355 2644 2426 angustiis
2676 2363 2730 2411 et
2756 2355 3127 2412 delinitionem
3157 2365 3208 2421 ιι,
3235 2369 3458 2412 sensum

1890 2445 2130 2514 capiant,
2171 2461 2232 2502 se
2255 2456 2477 2518 propter
2500 2447 2750 2504 haeresim
2781 2447 3116 2519 rejiciendos
3143 2447 3380 2517 judicari
3413 2457 3457 2502 ι’.

1890 2535 2012 2590 Alia
2047 2547 2251 2605 autem,
2290 2547 2350 2593 ut
2377 2548 2600 2610 propter
2634 2539 2974 2609 frequentem
3032 2555 3155 2596 cum
3186 2538 3457 2594 Chrisﬁa-

1887 2626 1976 2684 nis
2003 2630 2460 2685 consuetudinem
2511 2631 2776 2701 paulatim
2812 2630 2880 2686 ad
2918 2631 3276 2685 mutationem
3325 2643 3461 2684 con-

1887 2725 2207 2776 vertantur:
2236 2721 2280 2776 si
2309 2737 2416 2776 non
2449 2736 2661 2788 omnes,
2695 2723 2864 2793 aliqui
2887 2724 3104 2788 saltem,
3134 2737 3273 2792 quos
3307 2721 3460 2776 salus

1887 2811 2161 2867 dilexerit.
2224 2813 2407 2870 Tertia
2466 2815 2673 2883 etiam,
2739 2824 2799 2870 ut
2856 2816 3142 2872 industria:
3207 2815 3455 2884 ipsorum

1887 2904 2098 2962 l‘ructus
2132 2907 2394 2975 referant,
2449 2908 2540 2978 qui
2592 2909 2661 2964 iis
2692 2907 2761 2962 ad
2814 2909 2981 2962 vitam
3037 2920 3175 2976 Opus
3227 2905 3452 2959 habent.

1886 2998 2129 3053 Armenii
2177 3014 2332 3069 ergo,
2391 2999 2583 3070 siquo
2642 2999 2765 3055 loco
2829 2998 3237 3067 circumscripti
3301 3005 3452 3059 sunt,

1887 3091 2081 3160 templa
2106 3091 2398 3158 aediﬁcant,
2425 3102 2476 3147 et
2509 3091 2716 3148 faciunt
2742 3107 2862 3162 quae
2889 3093 2959 3146 ad
2997 3091 3246 3147 haeresim
3300 3091 3453 3160 ipso-

1885 3197 2006 3236 rum
2040 3183 2335 3254 pertinent,
2365 3193 2520 3240 extra
2571 3185 2908 3240 calumniam
2956 3196 2977 3224 ι
3009 3191 3252 3238 manent.
3307 3183 3451 3238 Idem

215 3268 432 3338 τελοῦσι,
476 3277 740 3346 μενοῦσιν
774 3284 1170 3357 ἀνεπηρέαστοι
1197 3303 1212 3318 ο
1239 3289 1300 3341 τὸ
1353 3289 1481 3343 αὐτὸ
1511 3291 1618 3363 γὰρ
1685 3293 1778 3347 καὶ

1890 3278 2027 3334 enim
2052 3286 2105 3334 et
2132 3277 2336 3334 Judaeis
2367 3279 2513 3347 licet,
2545 3288 2598 3336 et
2625 3279 2940 3343 lsmaelitis,
2990 3279 3082 3350 qui
3127 3277 3454 3334 Christiani-

225 3357 482 3429 Ἰουδαίοις
541 3370 804 3441 πρόσεστι
859 3377 951 3429 καὶ
984 3377 1373 3448 Ἰσμαηλίταις,
1407 3383 1650 3438 οἰκοῦσιν
1720 3387 1777 3440 ὲν

1890 3384 1976 3426 ras
2008 3371 2258 3428 civitates
2289 3372 2560 3429 incolunt.
2598 3373 2757 3439 Quod
2777 3374 2823 3428 si
2873 3372 3112 3429 deﬁnitae
3158 3371 3265 3429 sibi
3300 3372 3454 3428 habi-

218 3450 391 3546 πύλεσι
415 3457 858 3528 Χριστιανικαίς.
884 3466 946 3519 Et
977 3467 1032 3520 δὲ
1057 3469 1183 3533 τοὺς
1210 3471 1368 3541 ὅρους
1387 3473 1776 3546 ὑπερϐαίνουσι

214 3540 302 3610 τῆς
328 3545 717 3624 ἀφορισθείσης
739 3555 922 3620 αὐτοῖς
945 3560 1334 3630 συνοικήσεως,
1363 3564 1424 3616 ού
1482 3564 1644 3635 μόνον
1675 3569 1775 3622 αύ-

215 3635 289 3686 sol.
318 3639 750 3716 κωλυθήσονται,
776 3649 910 3704 ἀλλά
958 3651 1051 3706 καὶ
1077 3655 1145 3707 τὰ
1197 3655 1606 3729 οἰκοδομήματα
1653 3662 1776 3715 τού-

215 3741 329 3796 των,
359 3733 520 3790 ὁποῖα
567 3737 617 3792 δ’
648 3741 714 3793 ἂν
763 3741 858 3795 καὶ
900 3736 1024 3810 ὦσι,
1066 3751 1638 3821 καταστραφήσονται.
1700 3755 1774 3808 Τὸ

215 3817 311 3906 γᾷρ
341 3820 544 3890 ἀνέτως
571 3827 720 3898 ἔχειν
743 3831 836 3882 καὶ
884 3817 1383 3906 εύπαρῤησιάστως
1413 3817 1470 3893 ἒν
1501 3843 1614 3903 τοῖς
1651 3857 1769 3894 τοις

216 3903 400 3975 ούτοις,
421 3914 589 3970 πάλαι
615 3916 928 3976 ἀπώλεσαν.

291 3996 632 4093 Ἐρώτησις.
676 4009 738 4061 Τί
775 4011 1029 4081 σημαίνει
1056 4013 1116 4068 τὸ
1153 4015 1228 4087 μὴ
1257 4016 1641 4093 ἐλευθεροδοᾷν
1680 4022 1772 4077 τὸν

213 4079 382 4140 δοῦλον
417 4106 431 4120 ·
452 4092 593 4167 ὅπερ
624 4098 733 4158 τοῖς
763 4079 1027 4166 δουλικοῖς
1055 4079 1379 4175 ὼνητηρίοις
1397 4079 1770 4166 οίταύελλίω-

221 4189 298 4239 νίς
335 4180 634 4257 ἐγγράφειν
664 4189 908 4246 εἰώθασι.

290 4359 415 4419 ‘Aa.
453 4366 518 4420 Ἦ
547 4367 656 4424 τῶν
689 4371 1203 4446 καταδουλουμένων
1235 4378 1538 4452 ἀνθρώπων
1559 4381 1771 4439 δουλεία

213 4452 449 4545 ⁴τοσοῦτον
473 4463 590 4523 τοῖς
626 4463 984 4532 κεκτημένοις
1009 4467 1347 4536 ἐμπέφυκεν,
1385 4469 1462 4535 ὡς
1494 4473 1570 4545 μὴ
1611 4473 1772 4530 δύναο

213 4539 325 4636 σθαι
354 4547 477 4611 τοὺς
506 4549 730 4614 δούλοκ
782 4552 857 4624 μὴ
887 4554 1046 4623 μόνον
1070 4557 1128 4610 ὲν
1155 4558 1341 4624 αὐτοῖς
1379 4539 1507 4627 τοῖς*
1547 4539 1767 4636 μέτροις

1879 3461 2106 3519 talionis
2145 3463 2508 3535 egrediuntur
2561 3466 2852 3533 terminos,
2911 3481 3030 3522 non
3072 3466 3180 3537 ipsi
3236 3471 3448 3520 tantum

1878 3553 2318 3623 probibebuntur
2342 3595 2356 3621 ,
2391 3555 2486 3612 sed
2509 3563 2568 3612 et
2591 3555 2824 3612 aediﬁcia
2879 3571 3095 3622 eorum,
3131 3555 3453 3627 qualiacun-

1878 3659 1984 3715 que
2013 3643 2233 3714 Iuerint,
2265 3647 2575 3704 diruentur.
2609 3647 3008 3721 lndulgentiam
3039 3649 3182 3707 enim
3232 3647 3446 3717 talium,

1877 3745 1926 3794 cl
1961 3738 2257 3808 licentiam,
2283 3739 2614 3812 jampridem
2639 3741 2970 3798 amiserunt.

1947 4018 2210 4088 [πίει-νος.
2244 4017 2385 4086 Quid
2417 4017 2693 4091 signiﬁcat
2741 4031 2960 4074 servum
3005 4031 3115 4072 non
3161 4013 3446 4088 ἐλευθερο-

1873 4109 2006 4182 6οᾷν
2059 4111 2138 4184 [id
2199 4120 2304 4178 est,
2369 4113 2425 4168 in
2494 4111 2804 4167 libertatem
2867 4107 3231 4182 proclamare]
3298 4110 3444 4180 quod

1873 4201 2257 4258 instrumentis
2278 4203 2616 4274 emptionum
2644 4217 2927 4260 servorum
2952 4199 3272 4256 tabelliones
3299 4199 3446 4258 inse-

1870 4309 1994 4352 rere
2021 4296 2220 4352 solent.

1945 4384 2064 4440 Res.
2100 4383 2417 4453 Hominum,
2455 4387 2550 4458 qui
2578 4389 2633 4442 in
2668 4387 2946 4458 mancipio
2993 4395 3145 4454 sunt,
3204 4386 3446 4445 servitus

1873 4477 2010 4535 adeo
2042 4481 2458 4550 possessoribus
2498 4479 2749 4546 inhaeret,
2791 4488 2852 4535 ut
2893 4481 3040 4537 servi
3070 4497 3182 4536 non
3235 4489 3447 4535 tantum

1871 4568 1929 4624 in
1959 4569 2094 4640 ipsis
2157 4571 2439 4628 servitutis
2489 4572 2784 4628 momentis
2815 4587 3003 4628 vocem
3035 4574 3053 4612 ι
3086 4571 3341 4642 ingenuis
3389 4579 3445 4628 et

213 4631 302 4725 ﬁt;
334 4636 574 4704 δουλείας
608 4645 791 4715 φωνὴν
840 4647 1020 4717 αἴρειν
1059 4653 1440 4721 προσήκουσαν
1490 4631 1762 4725 εύνγενεσι,

1893 4661 2064 4718 iberis
2096 4664 2511 4720 convenientem
2549 4664 2813 4721 adversus
2838 4663 3091 4722 dominos
3117 4665 3305 4722 tollere
3336 4680 3445 4721 non

211 4721 297 4816 καὶ
331 4726 675 4802 ἐλευθερίοις.
707 4733 848 4788 κατά
879 4734 986 4788 τῶν
1033 4737 1332 4803 δεσποτῶν,
1363 4741 1482 4797 ἀλλ’
1526 4721 1637 4799 ούδ’
1679 4721 1768 4816 ἂν,

213 4811 256 4862 εί
287 4816 378 4869 καὶ⁵
396 4819 1016 4895 ἐλευθερίαςάξιωθεῖεν,
1047 4829 1146 4901 τὴν
1176 4833 1428 4905 τοιαύτην
1478 4811 1772 4894 ἀναλαϐεῖν

212 4907 382 5002 φφνὴν
408 4913 650 4971 πώποτε.
689 4917 849 4974 Ὅθεν
883 4922 976 4976 καὶ
1001 4924 1272 4995 ἐπιτίμιον
1287 4929 1773 5002 τῆςὲλευθεροφωρ-

213 5000 321 5068 νίας
337 5008 532 5083 ταύτης
548 5014 598 5066 οί
630 5013 1095 5090 ἀπελεύθεροιτὴν
1125 5020 1488 5079 ἀναδούλωσιν
1517 5000 1766 5097 ἐκληρώ-

213 5107 384 5192 σαντο.
402 5101 512 5157 Καὶ
537 5105 810 5178 μάρτυρες
830 5108 1044 5181 οίνύμοι
1071 5113 1121 5165 οί
1150 5113 1390 5180 παλαιοὶ,
1419 5116 1514 5170 καὶ
1535 5119 1683 5174 αύτά
1698 5120 1766 5192 δὴ

211 5184 276 5280 ’ξὰ
300 5193 463 5264 νεαρὰ
479 5197 575 5251 τοῦ
603 5200 916 5269 σοφωτάτου
971 5203 1033 5257 ἐν
1065 5203 1344 5274 βασιλεῦσι
1393 5184 1764 5280 θεσπίσματα,

212 5275 360 5376 ἅτινα
383 5289 508 5353 τοὺς
530 5291 588 5344 ἐν
609 5291 800 5366 ἀγνοίᾳ
825 5294 935 5349 τῶν
959 5312 1125 5368 κεκτη
1136 5297 1310 5365 μένων
1333 5300 1552 5366 δούλους
1572 5275 1769 5376 κληριξ

214 5370 333 5435 κοῦς
354 5381 662 5448 γεγονότας,
692 5385 786 5438 καὶ
811 5385 872 5439 τδ
885 5385 986 5457 τῆς
1013 5387 1312 5461 ἱερωσύνης
1335 5393 1530 5463 σεμνὸν
1551 5370 1766 5466 ἀξίω-μα

215 5467 679 5544 περιϐαλομένους,
711 5477 744 5549 ἢ
792 5478 883 5533 τὸν
913 5481 1198 5551 μοναδικδν
1230 5484 1342 5555 βίον
1365 5485 1763 5559 ἀνῃρημένους.

1876 4753 2110 4823 possint,
2175 4755 2272 4811 sed
2325 4771 2424 4811 nee
2460 4758 2506 4812 si
2562 4757 2809 4813 libertate
2857 4757 3044 4813 donati
3099 4758 3233 4822 sint,
3280 4759 3444 4812 talem

1876 4859 2116 4914 unquam
2177 4845 2446 4916 recipiant
2507 4863 2716 4903 vocem.
2760 4848 2996 4919 Ideoque
3057 4849 3243 4905 liberae
3292 4849 3446 4906 vocis

1875 4935 2036 5005 hujus
2065 4951 2283 5006 poenam
2309 4935 2554 4994 libertini
2585 4940 2766 4994 sortiti
2809 4948 2962 5002 sunt.
2993 4941 3124 4996 dum
3161 4941 3218 4996 in
3265 4941 3444 4998 servi-

1873 5033 2042 5084 tutem
2076 5039 2424 5086 revocantur.
2469 5029 2636 5103 Leges
2675 5033 2841 5089 etiam
2891 5033 2948 5088 id
2975 5041 3250 5091 testantur
3291 5043 3447 5090 vete-

1873 5133 1964 5178 res
1985 5129 2040 5176 et
2061 5121 2370 5192 principum
2393 5124 2794 5195 sapientissimi
2821 5127 3052 5184 novellae
3077 5130 3211 5199 ipsa:
3232 5127 3450 5192 constiti

1879 5213 2141 5279 tutiones.
2171 5231 2294 5286 quae
2314 5230 2507 5274 servos
2532 5216 2771 5276 dominis
2800 5220 3183 5292 lgnorantibus
3211 5205 3449 5278 clericos

1868 5302 2070 5369 factos,
2096 5316 2151 5363 et
2186 5309 2552 5366 venerabilem
2584 5313 2879 5370 sacerdotii
2924 5313 3244 5386 dignitatem
3272 5313 3440 5369 indu.

1869 5403 1976 5462 tos,
2011 5405 2109 5454 aut
2133 5403 2498 5459 monasticam
2560 5405 2727 5462 vitam
2769 5407 3072 5478 amplexos,
3123 5407 3210 5464 vel
3270 5406 3438 5477 (quod

1869 5490 2050 5561 majus
2110 5493 2216 5564 est)
2272 5494 2342 5551 ad
2398 5496 2764 5568 episcopalem
2833 5499 3066 5571 gradum
3127 5507 3436 5572 provectos,

1521 5639 1602 5694 VA
1614 5639 1751 5696 ΒΙίΕ
1792 5641 2198 5704 LECTIONES.

284 5767 445 5848 “jam
467 5776 611 5832 olim.

221 5845 368 5889 005m
395 5857 534 5902 stult.

687 5790 706 5809 °
731 5782 872 5876 agris
942 5793 998 5876 ἰ)
1028 5786 1322 5876 ιιαιίοηιιηιἶ
1399 5796 1424 5835 τι
1456 5787 1739 5869 secretique
1771 5801 2111 5870 cognoscant.
2191 5799 2213 5828 τ
2248 5809 2354 5864 ριό⁷
2382 5795 2618 5853 reticulis
2652 5796 2852 5857 haberi.
2933 5807 2954 5838 ⁸
2994 5808 3148 5862 θείω
3182 5801 3435 5876 injuria};

654 5852 666 5884 ι
711 5868 810 5906 non
845 5861 1044 5906 tantum
1084 5852 1397 5910 «'Iuruntibus
1434 5858 1701 5913 servitutis
1747 5852 1930 5915 svaliis
1975 5877 2166 5918 vocem.
