3950 6580
250 368 362 442 981

1541 369 2252 439 GRECO-ROMANUM.

3385 370 3500 445 982

248 486 336 554 τῷ
366 483 532 556 πατρὶ
558 482 593 556 ἦ
619 484 682 557 τῇ
715 480 902 557 μητρὶ,
932 481 1115 555 Δῶρον
1150 481 1178 536 δ
1216 482 1311 537 ἐὰν
1343 479 1401 550 ἒξ
1433 481 1566 554 ἐμοῦ
1597 484 1814 556 ὠφεληα

1930 485 2070 554 Quos
2103 487 2396 545 liberorum
2415 499 2441 530 α
2458 487 2803 547 inveniebant
2828 488 3083 548 Pharisaei
3103 489 3296 563 opibus
3321 491 3495 549 abun-

254 575 386 649 θῇς.
415 574 588 630 Τοῦτο
618 575 678 631 δὲ
713 568 969 647 τοιαύτην
996 573 1112 647 ἔχει
1136 575 1236 647 τὴν
1265 575 1586 647 ἑρμηνείαν·
1614 578 1722 644 Οὓς
1754 580 1821 636 ἂν

246 667 368 723 τῶν
396 665 609 720 παίδων
659 664 915 738 ε’ύρισκον
943 667 993 722 oi
1041 667 1328 739 Φαρισαῖοι
1370 669 1824 741 περιουσιαξομέ-

248 759 432 831 νουςῆ
461 758 571 813 ἀπὸ
602 760 787 812 κόπων
821 759 991 825 ίδίων,
1024 759 1057 831 ἢ
1092 759 1203 815 ἀπὸ
1255 760 1572 832 φιλοτιμίας
1600 762 1701 833 τῆς
1725 763 1822 819 τό..

249 866 380 920 me,
408 849 444 921 ῆ
474 847 693 904 ὁθενοῦν
720 849 966 916 ἄλλοθεν,
997 851 1283 907 ἐπαίδευον
1320 853 1519 909 αὐτοὺς
1541 853 1823 921 εὐσεϐείας

247 942 608 1012 προσχήματι
628 942 940 997 ἀνατιθέναι
963 943 1042 1015 τῷ
1060 943 1179 1016 Θεῷ
1205 944 1238 1017 ἦ
1262 946 1444 1000 πᾶσαν
1469 946 1567 1017 τὴν
1594 963 1822 1018 περιου-

249 1031 386 1086 σίαν
412 1032 617 1098 αὐτῶν,
646 1034 680 1104 ἢ
701 1033 763 1088 τὸ
792 1034 1045 1090 πλεῖστον
1092 1036 1285 1105 αὐτῆς.
1335 1037 1446 1092 Καὶ
1477 1037 1573 1091 saw
1625 1037 1826 1103 ἐνδεεῖς

245 1118 394 1194 ἦσαν
420 1123 471 1178 oi
512 1124 719 1181 τούτων
759 1128 961 1196 γονεῖς,
1005 1128 1100 1183 καὶ
1132 1128 1344 1183 ἐδέοντο
1374 1129 1472 1200 τῆς
1516 1130 1667 1202 παρὰ
1718 1131 1826 1186 τῶν

246 1214 466 1270 παίδων
505 1215 869 1288 προμηθείας,
917 1218 1199 1274 ἐδίδασκον
1247 1220 1445 1286 αὐτοὺς
1474 1221 1658 1293 λέγειν
1688 1222 1827 1296 πρὸς

246 1307 382 1370 τοὺς
413 1311 617 1376 γονεῖς,
650 1309 728 1374 ὥς
776 1309 1001 1379 εθλογόν
1035 1329 1090 1366 τι
1140 1313 1236 1368 καὶ
1284 1314 1683 1387 ἀπαραίτητον,
1731 1319 1827 1372 καὶ

246 1398 588 1470 ἀποτρέπειν
615 1401 858 1466 ἐκείνους
890 1403 1201 1475 δυνάμενον,
1233 1405 1314 1460 ὅτι
1373 1407 1614 1478 Κορϐᾶν,
1671 1426 1828 1463 τουτ-

245 1490 370 1544 im
403 1490 576 1563 δῶρον
598 1493 1014 1566 ἀνατεθειμένον
1039 1498 1156 1551 ἐστὶ
1202 1497 1281 1568 τῷ
1314 1497 1453 1569 Θεῷ,
1481 1499 1510 1553 ὃ
1545 1498 1730 1572 ζητεῖς
1767 1500 1828 1565 ἐξ

246 1582 391 1651 ἐμοῦ
443 1583 817 1658 ὠφεληθῆναι,
869 1588 989 1659 ἦτοι
1042 1589 1321 1661 κερδᾶναι.
1381 1591 1470 1653 Ὠς
1518 1594 1582 1646 ὲκ
1633 1591 1826 1646 τούτου

246 1675 642 1732 συστέλλεσθαι
681 1678 779 1748 μὲν
801 1679 928 1745 τοὺς
951 1683 1153 1749 γονεῖς,
1185 1683 1277 1736 τὸν
1312 1683 1447 1738 Θεὸν
1477 1683 1590 1741 δεῖν
1631 1700 1826 1757 προτι-

246 1767 464 1836 μᾶσθαι
498 1768 902 1837 γινώσκοντας⁹
935 1772 1061 1837 τοὺς
1076 1773 1136 1827 δὲ
1164 1775 1495 1846 Φαρισαίους
1531 1775 1704 1842 ἀδεῶς
1728 1776 1822 1830 τοῦ

1926 578 2142 645 dantes,
2175 588 2271 635 aut
2297 596 2363 637 ex
2400 580 2682 639 laboribus
2717 581 2978 655 prepriis,
3026 591 3121 638 aut
3166 582 3496 649 liberalitate

1924 670 2180 739 fortunae,
2213 681 2308 729 aut
2346 673 2589 741 aliunde,
2620 674 2847 746 pietatis
2890 682 3183 746 praetextu,
3222 673 3521 731 docebant~
3606 698 3615 706 -

1925 779 2022 821 eos
2054 766 2082 806 ι»
2119 773 2176 821 ιιι
2206 772 2375 822 totam
2410 781 2565 824 suam
2613 767 3004 831 substantiam.
3063 767 3149 824 vel
3201 766 3495 822 maximam

1926 860 2044 930 ejus
2072 867 2309 932 partem,
2342 857 2455 916 Deo
2487 860 2807 917 tribuerent.
2835 859 2901 915 Et
2933 861 3064 917 licet
3090 860 3283 933 inopes
3312 868 3499 916 essent

1927 959 2182 1023 parentes
2213 967 2425 1020 eorum,
2464 952 2885 1024 indigerentque
2948 953 3250 1011 liberorum
3304 952 3496 1025 provi-

1927 1044 2136 1111 dentia,
2182 1044 2543 1102 instituebant
2560 1056 2610 1113 ο,
2631 1053 2689 1100 ιιι
2708 1047 3027 1117 parentibus
3048 1046 3318 1113 dicerent,
3340 1045 3499 1116 quasi

1923 1135 2134 1206 justum
2169 1134 2450 1207 quidpiam
2502 1143 2556 1191 et
2608 1135 3001 1203 inexcusabile,
3063 1147 3119 1192 et
3176 1135 3323 1207 quod
3376 1135 3498 1191 illos

1928 1232 2118 1299 posset
2158 1241 2438 1295 revocare,
2469 1227 2687 1289 Corhan
2725 1227 2803 1300 (id
2845 1235 2952 1299 est,
3005 1242 3209 1285 munus
3259 1236 3344 1285 est
3389 1227 3500 1283 Deo

1928 1318 2257 1391 repositum)
2306 1316 2452 1389 quod
2498 1318 2736 1391 requiris
2769 1334 2800 1374 a
2834 1333 2920 1376 me
2970 1320 3271 1391 percipere,
3308 1318 3362 1374 id
3393 1314 3498 1388 est,

1927 1408 2253 1467 lucrifacere
2281 1408 2333 1466 (ι.
2355 1410 2430 1469 Ut
2456 1427 2521 1468 ex
2552 1427 2619 1468 eo
2656 1422 2912 1483 parentes
2935 1412 3175 1484 quidem,
3205 1413 3298 1483 qui
3331 1396 3499 1466 Deum
3564 1448 3567 1451 -
3601 1426 3606 1435 ’

1930 1498 2138 1557 scirent
2165 1500 2568 1573 praeferendum
2597 1516 2741 1568 esse,
2766 1502 2954 1558 animo
2985 1500 3201 1572 deiecto
3236 1499 3503 1573 reprime-

1929 1599 2122 1648 rentur
2168 1590 2478 1647 :Pharisazi
2527 1599 2711 1647 autem
2777 1592 3010 1648 licenter
3036 1588 3319 1661 deinceps,
3379 1602 3504 1661 quas

1928 1680 2169 1751 reposita
2198 1687 2378 1745 erant,
2413 1678 2776 1748 devorarent;
2821 1687 3011 1752 utpote
3036 1678 3133 1750 qui
3164 1678 3369 1736 liberos
3410 1677 3501 1733 de-

1929 1773 2198 1845 ciperent,
2243 1771 2751 1844 persuaderentque
2783 1787 2882 1829 sua
2913 1769 3025 1828 Deo
3063 1769 3319 1827 dedicare
3344 1781 3391 1838 ο,
3416 1775 3503 1824 ιιι-

243 1856 445 1913 λοιποῦ
468 1860 780 1916 κατεσθίειν
798 1863 869 1916 τὰ
903 1863 1066 1935 δῆθεν
1114 1866 1510 1936 ἀνατεθειμένα
1530 1882 1545 1898 ’
1576 1861 1665 1920 οἷα
1691 1869 1821 1930 τοὺς

1930 1882 2037 1939 que
2058 1866 2135 1921 ita
2166 1872 2426 1938 parentes
2452 1864 2645 1936 inopes
2673 1871 3052 1929 contemnere,
3101 1860 3501 1933 simpliciorum

244 1951 453 2015 παῖδας
495 1953 595 2024 μὲν
642 1955 971 2021 ἀπατῶντας
1025 1958 1118 2013 καὶ
1163 1958 1568 2028 συμπείθοντας
1609 1960 1644 2014 ἃ
1674 1954 1823 2030 εἶχον

1929 1958 2224 2015 facultates
2254 1957 2323 2012 ad
2356 1972 2417 2015 se
2439 1956 2782 2013 attrahentes
2809 1969 2944 2012 voce
2977 1953 3220 2012 Corban.

243 2042 526 2115 δήπουθεν
544 2050 808 2122 ἀφιεροῠν
844 2053 925 2124 τῷ
953 2052 1094 2125 Θεῷ,
1132 2054 1224 2108 καὶ
1246 2053 1389 2108 οὕτω
1411 2056 1537 2119 τοὺς
1577 2054 1820 2124 πατέρας
1859 2055 2190 2125 πενομένους
2232 2053 2602 2123 περιφρονεῖν,
2646 2051 2784 2123 πρὸς
2826 2051 3054 2115 ἑαυτοὺς
3124 2049 3182 2103 δὲ
3213 2049 3310 2110 τὰς
3378 2044 3489 2102 τῶν

242 2138 634 2214 ἀφελεστέρων
669 2146 987 2217 περιουσίας
1017 2145 1414 2216 ἐφελκομένους
1441 2146 1528 2201 διὰ
1544 2147 1643 2213 τῆς
1674 2147 1854 2217 φωνῆς
1879 2146 1975 2200 τοῦ
2011 2146 2257 2213 Κορϐᾶν.

315 2232 671 2303 Ἐρώτησις.
704 2238 769 2290 Δί
820 2237 969 2308 παρά
993 2237 1086 2291 τοῦ
1127 2238 1428 2309 μακαρίτου
1485 2238 1828 2309 πατριάρχου

256 2322 600 2395 ’Δντιοχείας
627 2326 928 2399 Θεοδώρου,
957 2330 1053 2384 τοῦ
1081 2330 1471 2401 ὲπιλεγομένου
1500 2328 1828 2401 Βαλσαμὼν,

243 2419 535 2486 γεγονυῖαι
567 2419 893 2492 ἀποκρίσεις
928 2422 1064 2493 πρὸς
1110 2424 1209 2487 τὰς
1253 2423 1552 2495 ἐρωτήσεις
1596 2422 1828 2493 Μάρκου

241 2505 341 2561 τοῦ
372 2508 676 2565 όσιωτάτου
700 2512 1040 2584 πατριάρχου
1088 2513 1517 2585 Ἀλεξανδρείας,
1540 2513 1827 2586 εὑρίσκον-

242 2597 338 2651 ταί
374 2614 532 2665 τινας
566 2601 939 2672 παρεκϐάσεις
972 2604 1292 2675 ποιούμεναι
1328 2603 1385 2659 ἔν
1408 2621 1468 2658 τε
1514 2604 1826 2668 κανονικαῖς

241 2689 344 2744 καὶ
372 2695 625 2762 νομικαῖς
657 2693 956 2760 διατάξεσι.
995 2697 1087 2750 Δεῖ
1118 2690 1213 2751 οὖν
1240 2695 1470 2759 ταύταις
1505 2696 1819 2769 προσέχειν,

240 2779 411 2851 ἠοῦς

308 2874 446 2929 Ἀπ.
484 2874 544 2930 '0
582 2875 727 2947 ίερὺς
753 2871 911 2943 οὗτος
934 2878 1097 2954 ἀνὴρ,
1130 2882 1159 2936 ό
1201 2882 1557 2953 ’Δντιοχείας,
1614 2883 1818 2956 τρίϐων

243 2965 352 3036 μὲν
385 2961 456 3038 ἦν
490 2967 550 3032 ἐς
603 2968 832 3040 ἀκριϐὲς
873 2970 983 3025 τῶν
1035 2973 1310 3044 νομικῶντ
1369 2975 1467 3029 καὶ
1514 2976 1819 3030 κανονικῶν

240 3057 738 3131 νομοθετημάτων,
789 3062 886 3116 καὶ
932 3063 1084 3134 παρά
1127 3066 1293 3119 πᾶσιν
1324 3067 1382 3120 ἐν
1415 3066 1629 3133 τούτοις
1672 3083 1828 3140 περι-

241 3148 512 3222 ᾳδόμενος
534 3166 552 3184 ⁸
593 3152 663 3207 τά
691 3153 877 3226 μέντοι
902 3157 1314 3228 συγγράμματα
1332 3158 1545 3226 τούτου,
1567 3160 1667 3216 ὅσα
1689 3163 1828 3234 πρὸς

244 3243 518 3299 κανονικά
538 3245 636 3299 καὶ
661 3245 865 3317 νομικά
893 3248 1159 3320 λήμματα
1188 3248 1578 3324 ἐξηνέχθησαν,
1632 3255 1734 3308 οὐκ
1766 3256 1826 3320 ὲς

1998 2234 2169 2292 Inter.
2204 2238 2248 2292 Δ
2273 2236 2433 2293 beato
2464 2237 2485 2275 ί
2519 2232 2832 2307 patriarcha
2877 2230 3184 2286 Antiochia:
3211 2226 3504 2287 Theodoro

1928 2324 2255 2396 cognomine
2282 2322 2605 2390 Balsamon,
2635 2318 2794 2377 facta:
2824 2319 3213 2391 responsiones
3239 2319 3306 2375 ad
3337 2320 3505 2375 inter-

1928 2415 2244 2486 rogationes
2276 2415 2390 2488 (55)
2422 2413 2612 2481 Marci,
2644 2411 2987 2471 sanctissimi
3029 2411 3373 2468 Alexandria:
3401 2424 3503 2482 pa—

1929 2505 2206 2573 triarcha,
2227 2504 2649 2577 comperiantur
2673 2503 2947 2575 quasdam
2977 2500 3447 2572 transgressiones
3475 2498 3506 2541 ε

1931 2596 2116 2654 facere
2137 2598 2191 2654 in
2210 2596 2496 2654 canonicis
2510 2605 2565 2653 et
2585 2594 2842 2651 civilibus
2861 2590 3355 2649 constitutionibus
3389 2607 3404 2644 :
3432 2604 3503 2646 an

1932 2690 2002 2748 iis
2041 2688 2428 2747 adhaerendum
2453 2688 2545 2758 sit,
2585 2686 2794 2744 necne?

1999 2884 2120 2942 Res.
2137 2884 2363 2941 Divinus
2378 2881 2586 2949 illevir,
2602 2878 2904 2937 Antiochia:
2919 2876 3255 2949 patriarcha,
3272 2890 3506 2948 magnus

1928 2980 2148 3051 quidem
2181 2986 2300 3035 erat
2332 2977 2579 3033 civilium
2606 2980 2663 3031 et
2714 2970 3106 3028 canoniearum
3144 2969 3503 3026 constitutio-

1929 3088 2058 3129 num
2100 3080 2393 3135 veterator,
2409 3080 2464 3127 et
2495 3069 2564 3125 ab
2592 3071 2847 3127 omnibus
2879 3063 2943 3112 ε*
2962 3070 3019 3125 in
3043 3066 3131 3122 his
3149 3063 3461 3121 celebratus
3487 3081 3502 3118 :

1928 3163 2048 3233 ejus
2076 3174 2259 3221 autem
2283 3163 2512 3235 scripta,
2541 3177 2663 3234 qua:
2698 3162 2765 3219 ad
2797 3164 3065 3222 canonica
3104 3170 3159 3219 et
3190 3160 3372 3218 civilia
3401 3173 3504 3232 po-

1932 3256 2133 3313 stulata
2162 3255 2192 3297 ιι
2215 3253 2359 3312 edita
2396 3263 2549 3323 sunt,
2587 3270 2696 3311 non
2723 3255 2779 3312 in
2809 3254 3087 3320 omnibus,
3119 3251 3265 3326 quod
3298 3251 3501 3307 mirum

242 3332 305 3387 τδ
333 3335 450 3389 πᾶν
477 3335 764 3406 ἀκριϐείας
796 3340 1034 3411 ἐχόμενα
1065 3344 1517 3414 καταφαίνονται,
1552 3345 1616 3400 τὸ
1646 3348 1818 3419 παράο

1931 3355 2051 3415 est,
2098 3351 2509 3405 accurationem
2539 3348 2742 3406 habere
2793 3355 3100 3405 cernuntur
3134 3365 3148 3403 :
3198 3345 3294 3404 sed
3330 3342 3507 3400 Veluti

239 3425 435 3493 δοξον·
471 3427 590 3482 ἀλλ’
622 3428 935 3503 ὡσπερανεὶ
962 3433 1026 3487 ὲκ
1050 3433 1223 3506 λήθης
1260 3435 1499 3507 μάλιστα
1554 3437 1650 3491 καὶ
1685 3453 1826 3511 παρ-

240 3518 495 3589 οράσεως
533 3521 813 3592 προϊόντα,
852 3523 945 3578 καί
975 3540 1080 3579 που
1115 3527 1210 3580 καλ⁵
1235 3527 1324 3597 ἐφ’
1353 3528 1545 3583 ἑαυτὸν
1587 3529 1811 3602 μεριζό-

245 3625 419 3680 μενα’
448 3612 544 3665 καὶ
566 3612 670 3667 οὐκ
702 3614 770 3669 ἀν
795 3629 879 3678 τις
926 3616 1165 3685 ὲφιστῶν
1206 3617 1443 3684 τούτοις,
1481 3619 1582 3674 ούκ
1611 3621 1825 3693 ἀπορή-

244 3718 422 3770 σειεν,
473 3704 750 3775 εὑρίσκων
801 3709 869 3779 τῇ
922 3708 1135 3763 ἐκείνου
1188 3709 1445 3781 ἀκριϐείᾳ
1500 3712 1570 3768 τὰ
1627 3713 1824 3768 ἑαυτοῦ

243 3795 665 3867 συγγράμματα
689 3798 766 3869 μὴ
790 3800 1172 3873 συντρέχοντα.
1222 3801 1364 3871 Ἐγὼ
1412 3803 1470 3857 δὲ
1494 3804 1587 3858 καὶ
1621 3805 1826 3871 ζῶντος

240 3887 464 3942 ἐκείνου
496 3888 711 3945 πολλῶν
740 3890 798 3944 ὲν
850 3892 1425 3952 Κωνσταντινουπόλει
1468 3897 1823 3968 νομοτριϐουο

244 3981 434 4049 μένων
477 3980 715 4052 ἀκήκοα,
747 3984 1274 4058 ἐπιλαμϐανομένων
1306 3990 1469 4045 τινῶν
1507 3990 1601 4045 τοῦ
1629 3991 1824 4064 ἀνδρὸς

240 4072 457 4126 ἐκείνου
481 4075 1013 4147 γνωμοδοτημάτων,
1044 4078 1119 4143 ῶς
1149 4080 1225 4152 μὴ
1260 4082 1403 4136 κατά
1426 4085 1621 4156 μοῖραν
1645 4082 1824 4151 ἐξενε-

240 4162 509 4232 χθέντων,
549 4165 605 4218 ἐν
634 4184 691 4220 τε
721 4169 964 4224 κανόνων
996 4171 1340 4243 ἑρμηνείαις,
1363 4174 1462 4228 καὶ
1490 4175 1692 4247 νόμων,
1727 4176 1825 4231 καὶ

241 4253 435 4320 ἄλλοις
489 4258 716 4313 τοιοῖσδε
761 4262 1126 4334 συντάγμασι.
1176 4265 1438 4321 Λείπεται
1485 4267 1581 4322 οὖν
1645 4270 1824 4325 εἰπεῖν

240 4347 396 4418 ἡμᾶς
426 4349 570 4404 κατά
598 4349 753 4419 λόγον
783 4354 993 4420 εἰκότα,
1027 4356 1103 4421 ὡς
1130 4356 1202 4411 τά
1239 4359 1503 4430 εἰρημένα
1531 4361 1823 4433 συγγράμ-

244 4455 401 4508 ματα
421 4441 629 4495 ἐκεῖνον
663 4443 1061 4513 ἀναγινώσκειν
1105 4447 1304 4519 χρεὼν,
1338 4447 1431 4503 τὸν
1483 4449 1731 4523 ἀκριϐῶς
1761 4451 1823 4506 τὸ

240 4531 612 4602 πολυσχεδὲς⁸
641 4534 739 4605 τῆς
758 4538 988 4608 νοιμκῆς
1011 4539 1396 4610 ἐπιστάμενον,
1417 4541 1825 4615 κειιὲπιστημό⁴

1925 3454 1991 3496 ex
2029 3439 2304 3497 oblivione
2327 3439 2563 3497 maxime
2607 3448 2663 3497 et
2695 3438 3167 3497 inconsiderantia
3197 3436 3503 3511 proceden-

1927 3532 2021 3599 tia,
2053 3532 2183 3589 alibi
2207 3532 2373 3589 etiam
2406 3533 2462 3589 in
2491 3532 2692 3605 seipsis
2720 3532 2920 3591 divisa.
2943 3532 3057 3588 Nec
3085 3532 3154 3589 de
3174 3546 3239 3588 co
3262 3530 3503 3596 dubitet,

1926 3624 2020 3695 qui
2045 3622 2340 3697 diligenter
2368 3625 2761 3694 eonsiderarit,
2797 3624 3086 3681 inveniens
3136 3622 3258 3694 ejus
3294 3622 3499 3709 scripta

1925 3718 2226 3792 diligentia
2262 3719 2279 3761 ί
2313 3735 2424 3775 non
2490 3718 2903 3791 respondentia.
2939 3716 3053 3789 Ego
3100 3725 3283 3773 autem
3336 3715 3501 3773 etiam

1925 3809 2020 3866 illo
2045 3810 2168 3865 vivo
2190 3810 2395 3868 multos
2414 3810 2598 3866 audivi
2622 3808 3099 3879 Constantinopoli
3133 3807 3503 3881 legisperitos,

1925 3902 2018 3974 qui
2063 3905 2331 3975 quasdam
2383 3901 2487 3958 viri
2548 3902 2699 3957 illius
2752 3899 3089 3974 opiniones!
3130 3900 3501 3973 reprehende-

1924 4002 2067 4061 rent,
2123 3993 2271 4065 quod
2315 4008 2427 4050 non
2471 4000 2658 4050 essent
2715 4000 2865 4049 recte
2915 3992 3136 4049 emissa:
3167 3991 3194 4033 ι
3230 3991 3283 4045 in
3335 4006 3502 4048 cano-

1925 4102 2058 4143 num
2098 4094 2154 4144 et
2191 4085 2370 4159 legum
2420 4084 2993 4157 interpretationibus,
3042 4094 3098 4140 et
3141 4083 3267 4139 aliis
3302 4082 3499 4153 hujus-

1926 4179 2074 4234 modi
2126 4178 2524 4235 voluminibus.
2595 4177 2785 4234 Restat
2855 4176 3044 4248 igitur,
3107 4184 3165 4231 ut
3216 4173 3501 4231 verisimili

1926 4276 2137 4332 ratione
2163 4273 2433 4340 dicamus,
2491 4272 2750 4345 praedicta
2780 4271 2987 4344 scripta
3007 4269 3079 4327 ah
3102 4285 3168 4326 eo
3195 4270 3300 4342 legi
3332 4281 3497 4338 opor'

1925 4375 2061 4432 tere,
2083 4365 2179 4438 qui
2201 4372 2391 4422 exacte
2420 4363 2877 4437 jurisprudentiae
2899 4360 3363 4433 multiplicitatem
3398 4372 3500 4414 no-

1925 4456 2026 4525 vit,
2061 4456 2194 4515 etin
2231 4456 2400 4513 variis
2431 4456 2825 4513 canonicorum
2867 4462 3112 4511 textuum
3152 4448 3498 4507 anfractibus

1925 4549 2086 4605 docte
2133 4549 2469 4605 exercitatus
2517 4556 2624 4605 est.
2677 4545 2828 4603 Talis
2889 4546 2974 4602 vir
3026 4549 3282 4601 accurate
3335 4541 3494 4607 sciet,

238 4638 352 4686 νως
381 4625 496 4687 ταῖς
510 4626 842 4682 πολυειδέσιν
875 4628 1073 4694 ἑλίξεσι
1088 4629 1199 4686 τῶν
1224 4631 1820 4706 κανονικῶννὲγγυμνα-

1930 4641 2055 4712 quid
2083 4648 2234 4697 extra
2259 4639 2766 4712 reprehensionem,
2791 4638 2922 4710 quid
2950 4652 3058 4694 non
3076 4650 3141 4692 eo
3170 4634 3332 4690 modo
3358 4632 3498 4690 scri-

239 4716 486 4786 σάμενον
507 4718 868 4791 περιλήψεων.
900 4721 961 4775 '0
992 4721 1234 4787 τοιοῦτος
1259 4723 1503 4797 ἀκριϐῶς
1522 4725 1733 4781 εἴσεται
1758 4727 1822 4781 τό

1930 4743 2079 4805 ptum
2108 4742 2390 4807 appareat.
2436 4732 2575 4787 Eum
2620 4747 2774 4797 sane,
2805 4731 2899 4801 qui
2932 4729 3027 4785 tali
3070 4745 3180 4786 non
3230 4725 3497 4799 glorietur

236 4824 295 4862 τε
332 4808 741 4882 ἀνεπιλήπτως,
775 4814 869 4868 καὶ
893 4813 954 4868 τὸ
978 4816 1052 4886 μὴ
1081 4815 1341 4883 ὡσαύτως
1370 4819 1429 4872 ἐν
1445 4819 1654 4881 τούτοις
1677 4835 1818 4890 γρα-

239 4902 416 4973 φῆναι
451 4904 803 4974 φαινόμενον.
826 4907 933 4962 Τόν
956 4925 1019 4977 γε
1055 4907 1160 4981 μὴν
1198 4909 1273 4981 μὴ
1308 4913 1568 4983 τοιαύτην
1585 4912 1816 4985 αὐχοῦν-

236 5008 310 5047 τα
348 4994 567 5066 πεῖραν,
601 4995 866 5069 μηδαμῶς
899 4998 1081 5064 αὐτοῖς
1129 4998 1340 5072 ὁμιλεῖν
1364 5016 1379 5032 ο
1435 5001 1523 5057 ἵνα
1555 5002 1632 5074 μὴ
1669 5004 1813 5059 κατά

1924 4823 2283 4896 experientia,
2338 4824 2491 4879 nullo
2533 4822 2699 4879 modo
2730 4837 2854 4878 cum
2890 4822 2959 4879 iis
3012 4819 3275 4893 congredi
3332 4831 3497 4889 opor-

1924 4926 1999 4973 tet
2041 4915 2088 4984 ι,
2121 4932 2190 4972 ne
2219 4915 2440 4971 rudium
2476 4922 2848 4972 mercatorum
2874 4927 3052 4976 more,
3086 4913 3143 4967 in
3168 4909 3288 4968 auri
3318 4916 3375 4966 et
3406 4924 3496 4965 ar-

1917 5007 2066 5080 genti
2096 5008 2331 5081 speciem
2349 5005 2700 5075 hahentihus,
2725 5012 2778 5063 et
2808 5004 3118 5074 suhmratis,
3146 5017 3211 5061 ac
3244 5001 3491 5060 stanneis

1472 5137 1710 5196 VARUS
1769 5140 2173 5202 LECTIONES.

309 5223 331 5256 ⁷
363 5220 557 5276 τάτῶν
586 5222 845 5295 νομικῶν.
918 5224 1298 5300 ⁸πολυσχιδές.

312 5348 339 5377 ⁸
372 5335 583 5414 "(terea
659 5336 690 5378 ι’
723 5355 810 5414 eos
867 5339 1143 5411 docebant,
1183 5351 1242 5396 ut
1277 5343 1489 5413 pietatis
1541 5354 1799 5409 praetequ
1847 5357 2035 5405 totam.
2115 5360 2138 5390 ο
2175 5358 2349 5406 tamet:
2397 5351 2476 5407 sic
2537 5368 2627 5408 eos
2685 5350 3017 5414 erudiebant,
3082 5355 3164 5402 ut.
3237 5344 3265 5384 ἀ
3299 5353 3351 5400 et
3410 5348 3484 5402 ἕνα

237 5405 536 5488 recusabtle
561 5446 575 5470 ,
631 5409 870 5479 quodque
924 5423 1093 5488 posset
1129 5405 1231 5468 ἐἰς
1277 5405 1596 5488 ἀὺίρρᾳηιίίε
1671 5418 1902 5488 stt/ﬁcere

236 5484 377 5553 quoq
411 5481 572 5553 cupis_
591 5493 672 5553 eat
689 5495 771 5533 me
796 5482 1286 5553 Δεοηιιιιοαὶεαρεινε.

241 5616 457 5671 tentias.
539 5617 566 5656 κ
598 5616 853 5688 prolem:
925 5622 1033 5676 lin
1085 5625 1163 5678 eis
1205 5628 1408 5679 versari
1474 5616 1701 5695 oportet.

620 5493 771 5558 me
795 5484 1286 5558 _commodicapere.
1370 5484 1700 5541 ededicata.
1733 5484 1758 5488 ”
1781 5489 1801 5529 ί
1844 5491 1887 5544 Α
1924 5490 2092 5546 beata:
2123 5493 2410 5547 memoriae.

238 5546 452 5620 quidem
486 5547 755 5620 subtiliter
787 5549 960 5620 legum
1005 5562 1053 5605 et
1079 5546 1341 5608 canonum
1373 5565 1598 5618 statuta,
1629 5565 1680 5610 et
1728 5568 1805 5614 est
1839 5560 1905 5615 ab
1935 5546 2213 5617 omnibus.
2274 5563 2303 5603 ιι
2328 5546 2604 5618 lemmata.

1966 5435 1986 5473 :
2049 5419 2264 5476 Corium
2329 5430 2447 5490 est,
2495 5423 2552 5478 id
2615 5432 2714 5489 est,
2764 5439 2957 5477 munus
3010 5418 3121 5473 Deo
3168 5413 3490 5490 dedicatum,

2526 5488 2950 5566 'digrem'anes.
3046 5492 3080 5566 _5
3107 5488 3374 5566 tractabat
3398 5488 3492 5543 ille

2727 5567 2739 5604 ί
2770 5561 3057 5619 subtilitati
3082 5560 3200 5617 viri.
3322 5554 3337 5609 i
3368 5574 3491 5614 sen-

319 5798 432 5866 (55’l
462 5799 553 5856 liae
609 5809 738 5860 sunt
790 5804 984 5862 ultimo
1036 5807 1159 5864 loco
1196 5810 1389 5872 posiae
1442 5812 1499 5869 in
1546 5812 1652 5870 hoc
1684 5717 1982 5875 ίοῖιῗῖὶῗῗο
2014 5814 2178 5876 (intra
2205 5813 2310 5872 col.
2348 5812 2529 5876 l051l.
