3950 6586
1521 382 2244 450 (ἶΒΙΕΟΟοΒΟΜΑΝΠΜτ-

237 500 602 575 ὑπερϐαίνειν
636 499 936 573 δυνάμεθα.
981 498 1040 555 '0
1101 500 1159 556 δέ
1203 517 1268 572 γε
1308 501 1584 573 δεύτερος,
1637 500 1828 571 ἐπειδὴ

1945 499 2200 557 solemnis
2233 511 2518 557 sacrorum
2542 499 2872 571 celebratio,
2899 508 2971 560 ut.
2990 502 3261 571 recitatio,
3287 518 3398 561 non
3428 520 3521 563 se-

238 597 313 666 τῇ
344 592 651 649 συναινέσει
677 593 782 663 τῆς
800 594 1146 665 μνηστείαςή
1172 593 1414 666 συνήθης
1444 593 1832 665 ίεροτελεστία,

237 679 323 744 ὡς
349 682 388 753 ή
415 680 723 752 ἀφήγησις,
752 682 855 736 ούκ
906 682 1352 754 ἐπηκολούθησεν
1376 698 1394 715 ο
1450 682 1706 753 οὐδαμῶς
1753 683 1831 747 ὡς

239 771 483 843 δίγαμος
539 772 953 844 λογισθήσεται.
996 774 1182 845 Γάμον
1234 774 1344 847 γὰρ
1399 776 1461 830 ού
1489 775 1834 847 λογοπραγία

241 864 593 935 συνίστησιν,
636 864 753 919 ἀλλ’
787 865 910 919 οὐδὲ
945 866 1155 937 φανερὰ
1188 867 1221 939 ἢ
1257 866 1495 939 λαθραία
1563 866 1835 936 συνάφεια

242 959 503 1029 (πορνεία
533 958 645 1029 γάρ
684 960 831 1013 ἐστιν
853 959 1048 1030 αὕτη),
1078 960 1256 1031 εὐχῶν
1297 959 1355 1013 δὲ
1403 957 1565 1030 ἱερῶν
1595 958 1831 1031 ἐπῳδαὶ,

238 1049 343 1102 καὶ
364 1049 434 1103 τὰ
463 1049 668 1121 ταύτης
692 1051 982 1105 ἀκόλουθα.
1045 1052 1169 1116 Πῶς
1213 1051 1271 1105 δὲ
1302 1052 1396 1106 καὶ
1449 1050 1833 1123 λογισθήσεται

239 1139 506 1211 δίγαμος,
542 1141 1066 1213 ῆόνομασοήσεται,
1098 1145 1127 1197 ό
1157 1144 1231 1215 μὴ
1256 1143 1438 1214 γάμου
1489 1141 1834 1213 πεπειραμέ-

238 1248 361 1296 νος,
396 1231 663 1296 τοιούτοις
692 1233 1010 1305 προνομίοις
1062 1234 1542 1306 ἐγκοσμουμένου;
1584 1233 1832 1288 Καθόλου

239 1322 299 1376 δὲ
332 1323 406 1376 τὰ
438 1323 550 1378 τῶν
580 1325 945 1379 συναινέσεων
988 1325 1166 1397 μόνων
1219 1326 1314 1399 (ὡς
1346 1328 1405 1380 ἐν
1435 1325 1720 1397 κεφαλαίῳ
1754 1327 1832 1380 εί·

239 1415 398 1484 πεῖν)
434 1416 530 1468 ἐπί
578 1432 640 1469 τε
673 1418 931 1472 συστάσει
984 1418 1306 1490 μνηστείας,
1374 1419 1469 1473 καὶ
1507 1418 1602 1471 ἐπὶ
1649 1417 1832 1488 γάμου

239 1506 430 1574 λύσει,
475 1509 536 1563 τὸ
586 1511 870 1580 ἄπρακτον
919 1513 985 1567 ἐκ
1016 1511 1125 1566 τῶν
1174 1510 1573 1583 διαληφθεισῶν
1626 1509 1833 1580 νεαρῶν

239 1600 549 1666 διατάξεων
584 1603 994 1673 ἀπηνέγκαντο,
1030 1605 1079 1657 εί
1103 1604 1197 1657 καὶ
1242 1603 1337 1656 ἐπὶ
1368 1601 1478 1656 τῶν
1525 1601 1832 1672 πρεσϐυτέ-

244 1709 366 1762 ρων
388 1692 727 1762 νομοθεσιῶν
748 1695 809 1746 τὸ
839 1695 1042 1763 κράτος
1070 1694 1390 1762 ἐκέκτηντο.

378 1785 595 1838 ΗΛΙΟΥ
644 1786 781 1837 ΤΟΥ
807 1787 1356 1843 ΜΗΤΡΟΠΟΛΙΤΟΥ
1397 1785 1703 1840 ΚΡΗΤΗΣ.

247 1883 304 1936 ’,ι
317 1896 400 1935 :ro
413 1878 646 1945 κρίσεις
676 1879 825 1946 πρός
850 1896 982 1932 τινα
1008 1879 1284 1948 μοναχὸν·
1329 1879 1650 1933 Διονύσιον
1696 1875 1831 1945 περὶ

577 1948 878 2018 διαφόρων
915 1951 1101 2005 αὐτοῦ
1145 1948 1514 2018 ἐρωτήσεων.

310 2037 391 2090 Τὸ
427 2040 529 2111 μὲν
563 2042 790 2105 ἀσθενὲς
834 2044 932 2113 τῆς
990 2044 1131 2113 ἐμῆς
1185 2041 1429 2104 διανοίας
1475 2041 1571 2096 καὶ
1605 2039 1831 2111 ἄπορον,

238 2132 590 2204 πνευματικέ
617 2133 830 2201 ἀδελφέ,
865 2134 1051 2205 ἐπεῖχέ
1081 2151 1181 2204 μου
1206 2135 1305 2205 τὴν
1326 2134 1573 2204 γλῶτταν
1604 2134 1740 2204 πρὸς
1768 2132 1836 2186 τὰ

242 2224 404 2296 παρὰ
435 2225 528 2278 σοῦ
577 2224 985 2297 διαπορητικῶς
1027 2225 1424 2296 προτεινόμενα
1448 2239 1463 2255 ο
1492 2225 1585 2279 καὶ
1619 2223 1835 2294 ναρκῶ-

246 2335 350 2373 σαν
381 2315 500 2389 εἶχε
536 2317 674 2389 πρὸς
725 2317 884 2372 τοῦτο
924 2319 1027 2389 τὴν
1067 2320 1245 2389 χεῖρα,
1279 2318 1375 2371 καὶ
1424 2317 1561 2389 πρὸς
1615 2317 1837 2389 γραφὴν

247 2408 529 2479 μηδαμῶς
555 2407 907 2480 κινουμένην.
941 2407 999 2462 Ὀ
1032 2407 1090 2461 δὲ
1122 2409 1400 2472 ταπεινοῖς
1432 2407 1528 2461 καὶ
1570 2406 1837 2478 ὑπηκόοις

246 2499 616 2568 φωταγωγῶν
648 2499 825 2562 διδοὺς
855 2498 1037 2569 χάριν,
1068 2499 1163 2552 καὶ
1193 2499 1252 2553 ἐν
1274 2497 1478 2566 ἀνοίξει
1504 2496 1599 2552 τοῦ
1630 2498 1839 2569 στόμαο

243 2609 338 2657 τος
370 2593 472 2646 τοῦ
502 2594 632 2661 παρ’
663 2591 828 2647 αὐτοῦ
856 2591 1081 2663 πληρῶν
1108 2591 1440 2662 πνεύματος,
1473 2590 1748 2664 ἐρῤώννυέ
1774 2588 1837 2643 τὲ

252 2702 360 2756 μου
386 2684 451 2740 τὸ
479 2685 729 2749 ἀσθενὲς,
753 2686 848 2738 καὶ
877 2684 945 2738 τά
961 2684 1139 2753 δεσμὰ
1164 2685 1265 2756 τῆς
1294 2682 1544 2753 γλώττης
1592 2681 1796 2736 ύπέλυε
1821 2696 1835 2712 ·

250 2778 353 2833 xal.
380 2777 520 2848 πρὸς
550 2774 769 2847 γραφὴν
791 2773 1046 2846 ὀργῶσαν
1070 2774 1170 2844 τὴν
1196 2774 1326 2846 πρὶν
1353 2771 1646 2846 ναρκῶσαν
1679 2775 1838 2844 χεῖρα

244 2869 552 2925 ἐδείκνυεν.
589 2866 752 2921 Ὅθεν
798 2867 889 2920 διὰ
938 2864 1032 2919 σοῦ
1076 2865 1153 2937 τῷ
1189 2867 1247 2918 ἐν
1281 2864 1366 2920 σοὶ
1412 2863 1663 2919 λαλοῦντι
1718 2863 1839 2936 Θεῷ

246 2959 602 3031 πειθόμενος,
628 2958 912 3030 ἐπικλινὴς
946 2961 1056 3024 τοῖς
1085 2961 1196 3023 σοῖς
1218 2957 1560 3027 ἐπιτάγμασι
1587 2957 1835 3027 γίνομαι·

245 3053 345 3109 καὶ
371 3053 498 3117 ταῖς
542 3055 663 3116 σαῖς
721 3052 906 3121 εὐχαῖς
953 3051 1260 3124 θαρρήσας,
1298 3050 1501 3120 ἁνοίγω
1530 3050 1593 3104 τὸ
1639 3051 1837 3121 στόμα,

247 3146 340 3203 τὸν
367 3144 655 3216 ἐφεστῶτα
674 3142 851 3215 τούτῳ
886 3145 1053 3214 φόϐον
1111 3142 1561 3215 ἐκτιναξάμενος·
1592 3144 1690 3198 καὶ
1739 3144 1839 3198 λα-

246 3236 412 3309 λήσω
436 3236 572 3308 πρὸς
603 3240 673 3290 τὰ
707 3237 858 3308 παρὰ
900 3237 995 3291 σοῦ
1035 3236 1455 3307 προτεινόμενα,
1507 3237 1569 3290 ού
1612 3235 1838 3309 ῥήματα

246 3332 350 3401 τῆς
390 3331 534 3401 ἐμῆς
590 3330 830 3394 διανοίας
881 3330 1222 3403 γεννήματα,
1266 3330 1403 3384 ἀλλὰ
1453 3328 1547 3384 τοῦ
1607 3331 1841 3400 τυφλοὺς

250 3420 612 3491 φωτίζοντος,
650 3420 746 3475 καὶ
774 3422 901 3485 τοὺς
931 3422 1232 3484 ἀσυνέτους
1259 3420 1656 3487 συνετίςοντος.

332 3512 501 3567 Ἐπεὶ
526 3513 584 3568 δὲ
612 3512 719 3584 πρδ
746 3512 854 3567 τῶν
901 3513 1291 3585 ἠπορημένων,
1324 3513 1615 3586 ἐρμενείαν
1642 3512 1842 3585 ἐζήτη-

253 3622 356 3670 σας
414 3602 509 3658 τοῦ
550 3604 705 3676 παρᾶ
744 3604 824 3676 τῷ
865 3604 1088 3676 μεγάλῳ
1120 3604 1387 3676 Βασιλείῳ
1438 3603 1842 3677 ἑϐδομηκοστοῦ

250 3698 509 3764 κανόνος,
534 3695 593 3762 ὃς
625 3696 716 3750 τὸν
753 3697 813 3752 ἐν
844 3697 1048 3769 χείλεσι
1080 3696 1381 3765 μιανθέντα
1426 3696 1701 3762 διάκονον,
1745 3695 1843 3751 καὶ

255 3790 429 3861 μέχρι
458 3788 648 3844 τούτου
689 3789 1072 3862 ἡμαρτηκέναι
1104 3789 1521 3861 ὁμολογήσαντα
1543 3829 1560 3855 ,
1608 3789 1842 3860 διείργει

256 3883 362 3953 μὲν
396 3882 497 3954 τῆς
532 3883 685 3948 θείας
726 3882 1091 3954 λειτουργίας,
1146 3882 1398 3954 μετέχειν
1433 3880 1491 3935 δὲ
1539 3879 1650 3935 τῶν
1687 3881 1847 3949 ἁγια-

255 3974 495 4047 σμὰτων
552 3974 862 4045 μετὰτῶν
917 3973 1184 4029 διακόνων
1238 3972 1491 4045 ἀνίησιν’
1528 3971 1843 4038 ἀκολούθως

255 4068 372 4138 ἄρα
392 4068 486 4123 καὶ
512 4067 671 4139 ἡμεῖς
700 4066 799 4140 τὴν
819 4065 915 4121 τοῦ
939 4068 1162 4131 κανόνος
1190 4066 1463 4137 ἀσάφειαν
1489 4064 1840 4136 διαλύσομεν,

256 4159 358 4215 καὶ
391 4156 487 4212 τοῦ
518 4158 868 4231 ἠπορημένου
890 4159 991 4230 τὴν
1012 4157 1169 4213 λύσιν
1209 4159 1530 4230 ποιήσομεν.
1566 4157 1710 4211 Ὅσα
1743 4157 1846 4229 μὲν

256 4251 355 4309 οὖν
378 4267 549 4319 τινες,
578 4249 669 4306 τὸν
699 4251 901 4305 κανόνα
925 4251 1116 4305 τοῦτον
1137 4249 1462 4323 ἑρμηνεύειν
1487 4247 1842 4321 πειρώμενοι,

255 4343 349 4400 διὰ
390 4342 488 4398 τοῦ
528 4346 588 4398 ἐν
617 4343 822 4416 χείλεσι
874 4340 1118 4415 μιασμοῦ
1159 4341 1409 4414 κρυφίως
1440 4340 1845 4412 ύποδηλοῦσθαι

258 4435 546 4516 εζρήκασι,
581 4438 728 4506 σιγῇ,
747 4433 842 4489 νῦν
867 4433 1158 4505 παρελθεῖν
1185 4433 1325 4486 αὐτὰ
1372 4432 1588 4503 ἔκρινα,
1640 4430 1716 4494 ὠς
1746 4430 1847 4484 οὐκ

1937 599 2170 649 cutaest
2196 597 2225 630 ⁸
2247 609 2264 661 ;
2288 608 2631 666 nequaquam
2666 596 2918 668 bigatuus
2947 594 3264 651 habebitur.
3297 594 3532 668 Nuptias

1940 684 2092 741 enim
2122 699 2236 741 non
2267 686 2437 744 verba
2484 689 2854 756 constituunt,
2883 688 2978 747 sed
3020 703 3123 743 nec
3175 695 3399 759 apertus
3441 692 3533 745 vel

1936 776 2313 836 clandestinus
2353 781 2685 838 concubitus
2713 782 3028 855 (seortatio,
3078 780 3225 837 enim
3258 781 3376 836 haec
3397 781 3534 852 est),

1936 868 2033 925 sed
2048 884 2330 927 sacrarum
2356 888 2579 943 precum
2601 874 2847 929 carmina
2870 874 2918 941 ί,
2935 873 3166 947 quaehis
3183 886 3533 942 consequen-

1938 960 2034 1017 tia.
2071 960 2320 1027 Quonam
2368 970 2550 1019 autem
2601 965 2765 1022 modo
2809 976 2902 1021 aut
2948 965 3316 1023 aestimabitur
3364 964 3529 1034 biga-

1937 1068 2083 1120 mus,
2132 1062 2227 1110 aut
2261 1056 2497 1132 dicetur,
2539 1056 2633 1129 qui
2689 1073 2802 1114 non
2851 1067 2938 1114 est
2990 1066 3251 1129 expertus
3302 1057 3533 1126 nuptias

1937 1144 2042 1201 hac
2091 1147 2453 1220 praerogativa
2516 1157 2547 1185 ιι
2605 1148 3039 1225 exornataan
3067 1148 3386 1204 universum
3432 1163 3532 1204 au-

1936 1244 2045 1292 tem
2106 1238 2238 1294 solae
2290 1240 2687 1296 conventiones
2742 1240 2844 1311 (ut
2893 1240 2948 1296 in
2988 1256 3203 1297 summa
3225 1237 3430 1311 dicam)
3472 1246 3533 1295 ct

1935 1328 2006 1384 ad
2059 1330 2509 1387 constitutionem
2569 1333 2936 1403 sponsalium,
2980 1339 3035 1388 et
3068 1332 3384 1402 nuptiarum
3437 1344 3528 1386 so-

1934 1423 2221 1491 lationem,
2262 1439 2331 1481 ex
2390 1440 2558 1497 supra
2585 1435 2615 1465 ν
2674 1425 3090 1496 comprehensis
3126 1424 3357 1480 novellis
3398 1437 3535 1477 con-

1938 1517 2323 1573 stitutionibus
2353 1518 2499 1573 vires
2542 1516 2727 1578 nullas
2752 1516 2975 1583 habent,
3038 1517 3166 1571 licet
3197 1513 3525 1585 antiquiori-

1935 1610 2040 1666 bus
2064 1609 2549 1682 legumlationibus
2575 1610 2746 1668 robur
2795 1608 3188 1681 acquisiissent
3218 1616 3267 1661 ³.

2119 1786 2301 1845 ΕΗΔΕ
2331 1784 3184 1843 ΜΕΤΒΟΡΟΙΛΤΑΝΙΕΒΕΤᾹΞ
3236 1782 3351 1854 (56)

1937 1881 2205 1953 Responsa
2237 1881 2307 1935 ad
2337 1881 2651 1952 Dionysium
2687 1880 3024 1953 monachum,
3055 1879 3119 1934 de
3159 1877 3380 1932 diversis
3413 1880 3531 1946 ejus

2474 1952 2998 2021 interrogationibus.

2013 2040 2220 2113 Ingenii
2277 2042 2500 2113 quidem
2565 2043 2915 2099 imbecillitas
2969 2052 3026 2099 et
3081 2044 3286 2114 inopia,
3353 2042 3528 2099 frater

1936 2134 2222 2208 spiritalis,
2254 2134 2497 2205 linguam
2547 2135 2795 2190 cohibuit
2821 2151 2998 2191 meam
3034 2138 3100 2192 ad
3129 2153 3214 2199 ea,
3250 2153 3371 2208 quae
3405 2154 3433 2192 a
3467 2147 3533 2193 te

1937 2249 2061 2291 cum
2117 2233 2459 2289 dubitatione
2495 2234 2777 2304 proposita
2810 2243 2981 2290 sunt:
3012 2244 3065 2290 et
3100 2250 3322 2291 manum
3355 2234 3423 2290 ad
3472 2236 3529 2291 id

1938 2334 2248 2397 torpentem
2300 2326 2512 2392 habuit,
2565 2334 2621 2383 et
2676 2342 3023 2398 nequaquam
3064 2329 3131 2383 ad
3169 2327 3527 2385 scribendum

1938 2414 2217 2470 mobilem.
2255 2414 2361 2480 Qui
2398 2424 2582 2471 autem
2615 2414 2920 2471 humilibus
2949 2423 3003 2472 et
3029 2417 3321 2488 morigeris
3367 2417 3531 2471 lumi-

1938 2520 2069 2566 num
2102 2505 2253 2561 dedit
2282 2507 2516 2577 gratiam
2544 2513 2644 2562 γει
2675 2507 2729 2562 in
2763 2507 2878 2563 oris
2907 2516 3171 2578 apertura
3201 2524 3305 2565 suo
3332 2508 3531 2579 implet

1938 2599 2159 2670 spiritu,
2192 2599 2625 2656 imbecillitatem
2658 2615 2833 2656 meam
2864 2600 3231 2665 conﬁrmavit,
3256 2608 3309 2655 et
3331 2600 3533 2671 lingua:

1939 2691 2160 2747 vincula
2189 2691 2465 2756 dissolvit,
2494 2706 2829 2762 manumque
2864 2700 3030 2748 antea
3091 2699 3422 2763 torpentem,
3459 2691 3529 2746 ad

1940 2783 2294 2841 scribendum
2324 2783 2612 2840 incitatam
2637 2783 2882 2841 ostendit
2906 2795 2929 2822 ²
2966 2801 2980 2840 :
3019 2784 3164 2840 unde
3196 2798 3295 2856 per
3324 2790 3379 2839 te
3414 2783 3531 2838 Deo

1939 2878 1998 2933 in
2019 2887 2071 2934 te
2096 2877 2345 2948 loquenti
2376 2877 2789 2948 obtemperans,
2827 2878 2894 2933 ad
2932 2885 3099 2934 tuas'
3123 2892 3208 2932 me
3238 2884 3531 2946 prosterno

1935 2969 2238 3040 jussiones,
2265 2977 2320 3024 et
2350 2968 2462 3024 tuis
2507 2969 2923 3039 precationibus
2945 2967 3247 3034 conlidens,
3277 2982 3342 3023 os
3396 2982 3530 3038 ape-

1885 3119 1892 3126 _
1941 3061 2049 3126 rio,
2079 3068 2230 3115 metu
2257 3060 2351 3132 qui
2387 3076 2512 3116 eum
2554 3061 2850 3117 cohibebat
2888 3061 2919 3101 ι»
2955 3075 3192 3118 excusso
3223 3077 3238 3115 :
3265 3068 3321 3117 et
3346 3060 3412 3115 ad
3437 3070 3528 3123 ea‘.

1866 3199 1911 3261 Ο
1944 3167 2065 3224 quas
2096 3168 2127 3207 a
2157 3161 2211 3208 te
2240 3152 2521 3224 proposita
2552 3159 2703 3220 sunt,
2740 3153 2933 3224 loquar
2960 3192 2976 3219 ,
3010 3166 3119 3208 non
3172 3151 3361 3219 verba,
3421 3152 3531 3207 mei

1946 3240 2107 3261 ..-μη
2166 3241 2476 3261 ,Α.,..--.---
2557 3241 2646 3261 με
2689 3239 2802 3261 -2---
2878 3239 2964 3261 ---ε
3006 3253 3175 3261 __--_
3233 3238 3503 3261 ...ωε-η

1943 3240 2111 3297 fetum
2166 3241 2478 3298 intellectus
2506 3281 2522 3308 ,
2554 3241 2649 3296 sed
2682 3239 2826 3311 ejus,
2872 3239 2968 3312 qui
3000 3253 3178 3297 caecos
3233 3238 3529 3305 illuminat,

1948 3342 2001 3390 et
2027 3332 2218 3390 stultis
2248 3332 2344 3388 dat
2366 3330 2806 3405 intelligentiam.

2013 3517 2284 3584 Quoniam
2313 3524 2495 3574 autem
2523 3524 2650 3573 ante
2678 3530 2764 3585 ea,
2799 3515 2869 3572 de
2891 3514 3092 3587 quibus
3119 3513 3360 3580 dubitas,
3383 3529 3535 3584 quie-

1944 3610 2083 3668 siisti
2116 3612 2622 3683 interpretationem
2658 3607 3043 3681 septuagesimi
3074 3607 3303 3663 canonis
3344 3607 3527 3678 magni

1944 3700 2154 3766 Basilii,
2194 3702 2288 3773 qui
2315 3702 2607 3757 diaconum
2636 3699 2806 3756 labris
2835 3699 3128 3769 pollutum,
3177 3704 3236 3753 et
3295 3706 3533 3754 eatenus

1946 3809 2007 3850 se
2044 3808 2304 3865 peccasse
2335 3793 2671 3859 confessum,
2731 3802 2883 3849 arcet
2910 3805 2940 3846 a
2972 3804 3136 3847 sacro
3197 3788 3530 3856 ministerio,

1946 3885 2449 3943 sanctiﬁcationum
2481 3896 2504 3925 ο
2537 3892 2719 3939 autem
2742 3883 2859 3939 ﬁeri
2890 3883 3215 3954 participem
3246 3897 3372 3937 cum
3398 3882 3524 3937 dia-

1946 3977 2099 4034 conis
2130 3976 2263 4032 sinit
2294 3994 2308 4030 :
2337 3985 2740 4046 consequenter
2770 3982 2919 4031 ceste
2944 3981 2999 4031 et
3018 3988 3120 4029 nos
3151 3973 3384 4029 canonis
3410 3972 3514 4029 ob-

1946 4067 2262 4124 scuritatem
2292 4065 2658 4121 dissolvemus
2693 4073 2747 4121 et
2773 4063 3133 4121 dubitationis
3192 4063 3530 4121 solutionem

1946 4160 2233 4216 iaciemus.
2266 4156 2619 4228 Quaecunque
2642 4157 2811 4229 igitur
2832 4156 3053 4228 quidam
3082 4170 3347 4212 canonem
3374 4156 3523 4213 hunc

1948 4249 2295 4322 interpretari
2350 4257 2639 4315 conantes,
2692 4249 2911 4305 occulte
2948 4247 3532 4321 signiﬁcaridixernm

1945 4358 2045 4414 per
2068 4342 2338 4398 labiorum
2364 4340 2741 4412 pollutionem,
2786 4341 3009 4423 silentio
3061 4355 3209 4396 nunc
3253 4340 3536 4412 praeterire

1947 4435 2187 4501 decrevi,
2220 4441 2411 4506 utpote
2458 4449 2582 4506 quae
2609 4449 2718 4490 non
2750 4440 2862 4488 tam
2890 4433 3181 4498 aediﬁcare,
3236 4448 3401 4504 quam
3432 4432 3531 4489 de-

258 4527 591 4598 οἰκοδομεῖν,
629 4526 767 4581 ἀλλὰ
802 4525 1110 4598 καθαιρεῖν,
1136 4524 1416 4596 δυνάμενα
1447 4522 1576 4587 τοὺς
1608 4520 1838 4576 ἁκούονο

1949 4535 2164 4584 struere
2200 4525 2418 4597 possint
2455 4525 2760 4583 auditores.
2792 4525 2946 4594 Quod
2976 4534 3157 4581 autem
3187 4526 3321 4580 mihi
3351 4525 3534 4580 dicere

258 4638 388 4685 τας.
428 4622 493 4675 Ὀ
522 4619 577 4674 δὲ
605 4618 728 4691 ἐμοί
774 4636 833 4673 τε
866 4618 1046 4689 λέγειν
1097 4616 1337 4687 ἀσφαλὲς
1377 4615 1474 4670 καὶ
1517 4615 1580 4669 τὸ
1614 4612 1711 4669 τοῦ
1743 4631 1848 4670 κα-

259 4710 420 4777 νόνος
446 4710 654 4783 ἀσαφὲς
676 4711 814 4784 πρὸς
842 4709 1005 4765 ἑαυτὸ
1036 4709 1395 4781 συμδιὸάζειν
1421 4707 1664 4772 δύναται,
1685 4705 1845 4761 τοῦτο

259 4803 367 4861 καὶ
390 4805 570 4875 λέγειν
590 4806 949 4876 πειράσομαι.
973 4803 1315 4875 Συνεργήσει
1332 4802 1389 4856 δέ
1412 4818 1504 4873 μοι
1528 4800 1666 4873 πρὸς
1685 4798 1846 4855 τοῦτο

259 4903 367 4955 καὶ
390 4900 453 4954 τὸ
484 4901 542 4953 ἐν
570 4900 685 4964 τοῖς
708 4897 1067 4969 Εὑαγγελίοις
1096 4897 1203 4951 ὑπὸ
1234 4896 1330 4951 τοῦ
1359 4897 1569 4970 Κυρίου
1610 4893 1846 4965 λεγόμε-

261 5010 383 5048 νον.
420 4994 583 5047 Ποῖον
604 4992 798 5059 τοῦτος
846 4992 905 5048 '0
931 4989 1208 5062 ἐμϐλέψας
1244 4988 1424 5063 (φησὶ)
1462 4988 1688 5058 γυναικὶ⁵
1707 4986 1845 5059 πρὸς

262 5085 327 5144 τὸ
354 5084 702 5159 ἐπιθυμῆσαι
734 5084 931 5157 αὐτῆς,
970 5083 1071 5156 ήδη
1109 5082 1429 5155 ἐμοίχευσεν
1467 5079 1637 5152 αὐτὴν
1686 5081 1745 5135 ἐν
1769 5083 1840 5152 τῇ

1953 4627 2156 4689 tutum,
2183 4627 2239 4676 et
2260 4620 2498 4678 canonis
2551 4620 2948 4676 obscuritatem
2989 4634 3058 4675 ex
3087 4634 3149 4676 se
3175 4617 3486 4689 conjectare
3506 4614 3541 4657 d-

1950 4719 2154 4785 potest,
2171 4711 2226 4767 id
2247 4712 2429 4769 dicere
2459 4696 2723 4768 conabor.
2750 4709 3122 4766 Auxiliabitur
3186 4717 3371 4765 autem
3400 4706 3534 4761 mihi

1953 4800 2024 4857 ad
2047 4801 2150 4858 hoc
2172 4808 2229 4856 et
2258 4799 2405 4872 quod
2460 4798 2515 4856 in
2566 4798 2879 4872 Evangeliis
2933 4797 3140 4853 dicitur
3187 4812 3221 4854 a
3282 4795 3545 4853 Domino;

1953 4895 2254 4963 Qualenam
2288 4894 2393 4950 hoc
2420 4893 2444 4947 ῖ
2474 4892 2797 4964 Respiciens
2849 4890 3078 4964 (inquit)
3126 4889 3437 4957 mulierem,
3475 4895 3540 4943 ut

1955 4987 2312 5059 concupiscat
2336 4986 2670 5059 ipsam,'jam
2696 4985 3006 5045 moechatus
3035 4994 3122 5043 est
3149 5000 3272 5042 eam
3302 4986 3356 5040 in
3374 4983 3535 5039 corde

1952 5091 2076 5135 suo.
2118 5078 2176 5134 Si
2207 5077 2377 5150 igitur
2407 5092 2557 5145 eum,
2587 5077 2684 5149 qui
2703 5076 2773 5134 ad
2790 5076 3296 5149 concupiscentiam
3325 5081 3543 5130 tantum

1540 5231 1782 5292 VABIE
1825 5230 2237 5290 LECTIONES.

344 5345 369 5374 ⁸
393 5337 532 5391 sicut
558 5344 636 5391 est
662 5336 719 5390 in
749 5334 882 5404 [acti
908 5334 1237 5400 narratione,
1255 5349 1357 5387 non
1406 5339 1484 5387 est
1524 5339 1726 5404 secuta.
1807 5330 1828 5368 ί
1863 5329 2246 5404 recitationes._
2295 5338 2324 5367 ιι
2364 5327 2445 5404 Itis
2472 5329 2811 5404 privilegiis.‘
2862 5338 2891 5369 ν
2930 5345 2995 5385 ea:
3038 5326 3310 5385 indicatis.
3388 5333 3416 5362 ι
3442 5340 3547 5379 ro-

270 5407 374 5462 bur
409 5407 707 5462 habuerint.
782 5416 812 5456 1
840 5405 1189 5460 luminarith
1224 5404 1340 5459 dat.

268 5476 300 5518 ⁴
321 5494 501 5534 secum
524 5478 833 5533 conciliare.

1419 5412 1442 5440 ι
1474 5400 1726 5457 reddidit.
1803 5413 1829 5442 ι
1871 5403 1976 5455 tuis
2006 5399 2295 5454 mandatis.
2375 5398 2403 5437 1³
2438 5400 2528 5469 qui
2556 5411 2606 5455 et
2638 5398 2907 5457 obstabat.

2985 5410 3007 5437 c
3050 5406 3545 5454 sacramentorum.

1822 5565 2057 5625 NOTIE.

347 5683 463 5755 (56)
492 5681 622 5739 Elim
650 5683 927 5757 Cretensis
944 5686 1183 5757 episcopi
1214 5684 1552 5757 subscriptio
1580 5690 1765 5757 exstat
1784 5684 1838 5738 in

272 5752 496 5813 Actis)!
529 5755 720 5827 synodi
749 5752 997 5821 Nicaeum}
1026 5752 1227 5827 alioqui
1256 5752 1533 5827 anErgo
1567 5753 1672 5810 sub
1699 5752 1849 5808 lrcna

273 5837 337 5886 et
366 5825 726 5886 Constantino
756 5827 938 5898 Augg.
994 5825 1212 5885 vixerit.
1246 5857 1312 5867 -—
1340 5825 1489 5891 Ejus'
1511 5834 1848 5883 commenta-

1951 5686 2070 5743 rius
2098 5688 2150 5744 in
2167 5689 2592 5754 Nazianzenum,
2618 5696 2899 5754 numquam
2934 5679 3294 5740 anteaGrazcc
3323 5676 3545 5747 editus.

1950 5767 2128 5818 exstat
2153 5760 2477 5832 Patro/agit?
2512 5751 2643 5814 lout.
2681 5751 2931 5809 XXXVI.
