3822 6576
443 381 552 454 987

1720 384 1755 447 Ι
1763 382 1860 446 US
1892 381 2020 445 CM

2126 383 2341 447 lICUM
3517 396 3603 463 983

448 497 661 568 aspexit
676 496 982 558 mulierem.
1008 495 1339 555 mechatum
1360 508 1484 553 esse
1506 493 1561 551 in
1596 493 1761 551 corde
1788 507 1887 550 suo
1917 493 2020 548 Do-

2128 493 2324 564 καρδίᾳ
2350 491 2538 549 αὐτοῦ.
2563 492 2624 547 El
2653 483 2749 547 οὖν
2782 488 2918 562 πρδς
2967 488 3255 563 ιπιθυμίαν
3285 493 3427 565 μόνον
3451 498 3604 570 irim.

448 589 635 644 minus
650 589 1044 659 pronuntiavit.
1065 587 1212 660 quod
1233 582 1671 657 incorporalibus
1691 582 2025 639 taetionibns

448 689 506 737 et
537 681 915 752 complexibus
948 681 1002 736 in
1031 696 1095 737 ea
1127 689 1441 751 peccatum-
1468 676 1764 749 perfecerit
1798 693 1814 743 ;
1848 676 2026 732 multo

451 772 629 843 inagis
648 773 910 843 eum,qul
953 787 1059 828 non
1086 785 1262 842 usque
1290 770 1358 825 ad
1410 778 1636 842 spectra
1687 768 1873 835 modo,
1927 768 2028 825 sed.

450 872 506 918 et
538 879 636 934 per
654 864 993 936 corporalem
1023 873 1251 931 tactum,
1284 863 1579 932 labiorum,
1648 865 1901 934 inquam,
1961 878 2025 920 o-

452 958 618 1024 sculi,
657 958 891 1027 indeque
920 955 1076 1011 iactae
1105 955 1505 1027 inquinationls
1545 963 1829 1027 peccatum
1854 953 2023 1013 veluti

452 1048 848 1121 incorporavit,
882 1048 1006 1104 talis
1031 1049 1337 1120 inquinatio
1378 1058 1438 1106 ut
1461 1051 1734 1106 mmchum
1764 1051 2026 1107 condem-

453 1142 627 1196 nabit.
694 1140 1112 1210 Consequenter
1168 1142 1337 1213 igitur
1421 1140 1633 1198 doctori
1694 1154 1719 1184 ο
1778 1142 2021 1208 Christo,

455 1248 683 1302 magnus
713 1231 947 1288 Basilius
990 1233 1282 1289 diaconum
1339 1234 1427 1291 his
1479 1236 1744 1306 pollutum
1786 1244 2028 1292 removet

451 1323 670 1394 quidem
698 1338 727 1377 a
746 1339 905 1379 sacro
936 1324 1264 1393 ministerio,
1288 1327 1749 1382 sanctiﬁcationes
1785 1327 1804 1367 τ
1840 1336 2021 1384 autem

451 1427 574 1467 rum
595 1413 844 1469 diaeonis
882 1415 1212 1486 participare
1239 1417 1506 1487 permittit
1536 1436 1551 1471 :
1587 1419 1732 1490 quod
1767 1420 1816 1474 ei
1840 1418 2021 1475 adhuc

450 1506 596 1562 desit
627 1504 693 1561 ad
733 1505 1124 1575 perfectionem
1187 1509 1419 1579 peccati,
1481 1516 1534 1565 et
1594 1509 1934 1579 corporalem
2000 1511 2029 1551 ⁸

452 1597 889 1667 «ιι-ιιεεὶοτοιηίμιε
914 1598 1256 1654 mistionem:
1291 1614 1395 1670 qua
1420 1600 1596 1654 victus
1622 1598 1886 1656 diaconus
1918 1617 2024 1659 non

452 1686 686 1757 amplius
719 1702 841 1741 cum
893 1688 1141 1743 diaconis
1171 1690 1552 1745 communione
1585 1690 1816 1756 fruetur,
1846 1692 1939 1747 sed
1970 1691 2025 1746 in

454 1779 717 1834 la‘corum
746 1778 924 1832 locum
956 1779 1217 1849 expulsus
1269 1778 1351 1850 (ut
1380 1780 1456 1835 ait
1480 1796 1676 1837 rursus
1706 1781 1847 1837 idem
1905 1798 2025 1837 ma-

452 1886 593 1937 gnus
617 1870 898 1942 Basilius),
947 1873 1180 1943 benigne
1221 1873 1333 1927 illic
1360 1872 1524 1944 hujus
1580 1889 1703 1930 esse
1752 1874 2025 1945 particeps

453 1964 810 2032 permittitur.
841 1962 958 2018 .lam
992 1979 1120 2035 vero
1157 1965 1187 2005 ιι
1221 1972 1274 2020 ct
1318 1965 1385 2020 de
1434 1965 1525 2031 iis,
1580 1980 1702 2036 quae
1752 1966 2024 2024 solutione

453 2054 717 2126 indlgent,
753 2055 937 2112 dicere
963 2056 1269 2126 aggrediar.

523 2321 827 2388 Quaesiisti,
866 2336 934 2377 an
965 2330 1219 2394 oporteat
1245 2324 1458 2383 viribus
1484 2327 1707 2384 omnino
1762 2329 2015 2399 defectis,

450 2421 505 2468 et
539 2422 700 2469 tenue
722 2414 942 2484 quidem
983 2416 1161 2473 adhuc
1212 2417 1571 2487 spirantibus,
1609 2421 1704 2479 sed
1762 2426 1855 2495 qui
1913 2430 2024 2480 sint

450 2505 674 2561 omnino
699 2506 819 2562 sine
861 2522 1024 2564 sensu
1051 2516 1106 2564 et
1137 2523 1313 2580 neque
1365 2509 1575 2578 bibere,
1626 2529 1803 2586 neque
1862 2516 2025 2573 edere

453 2600 687 2668 possint,
761 2599 946 2671 largiri
1012 2600 1231 2660 divinas
1303 2604 1770 2663 sanctiﬁcationes
1813 2609 1859 2674 ί,
1908 2609 2019 2677 jam

449 2692 689 2747 animam
714 2691 994 2749 etllatnris.
1030 2691 1094 2747 Et
1116 2693 1374 2763 dicimus,
1406 2709 1531 2750 cum
1559 2710 1734 2753 canon
1757 2696 2023 2756 divinitus

450 2784 839 2855 inspiratorum
855 2794 1093 2854 patrum,
1117 2786 1207 2856 qni
1224 2785 1697 2859 Constantinopoli
1722 2789 2023 2861 imperante

447 2873 757 2932 Justiniano
818 2887 1216 2945 convenerunt,
1272 2879 1576 2949 expressim
1630 2880 2019 2944 vocitaretur:

447 2968 619 3023 Nemo
651 2970 975 3038 corporibus
999 2971 1351 3027 morientium
1380 2971 1786 3029 Eucharistiam
1819 2975 2021 3048 largia-

446 3066 577 3116 tur:
631 3060 894 3132 scriptum
943 3072 1029 3119 est
1068 3062 1260 3120 enim:
1308 3063 1574 3136 Accipite,
1627 3067 1952 3125 manducate
2003 3089 2019 3137 ;

448 3162 789 3208 mortuorum
878 3164 1058 3211 autem
1143 3171 1377 3226 corpora
1458 3173 1560 3215 nec
1642 3162 2016 3231 manducare,

447 3260 547 3299 nec
577 3246 830 3317 accipere
874 3256 1140 3317 possunt:
1179 3249 1313 3304 nihil
1346 3266 1448 3308 nos
1470 3261 1668 3323 praeter
1701 3253 1814 3311 haec
1838 3255 2020 3313 dicere

448 3351 631 3405 posse,
654 3338 783 3408 quia
814 3353 915 3394 nec
940 3339 1301 3409 adiectionem
1334 3340 1805 3403 detractionemve
1852 3347 2017 3403 ullam

446 3427 501 3481 in
537 3429 711 3484 sacris
743 3430 1050 3486 canonibus
1083 3433 1423 3490 comminisci
1456 3433 1503 3489 ἱ.
1533 3434 1801 3502 Quoniam
1838 3446 2019 3494 antem

446 3519 507 3582 ii,
542 3517 609 3573 de
634 3517 836 3588 quibus
869 3515 1243 3593 interrogasti,
1276 3538 1503 3580 suorum
1562 3526 1895 3598 negligentia
1938 3528 2020 3600 (ut

444 3609 656 3681 dixisti)
687 3612 1067 3668 ministrorum
1105 3612 1131 3654 ιι
1166 3627 1406 3672 extrema
1455 3617 1588 3671 hora
1641 3617 1707 3672 ad
1765 3619 1869 3676 hoc
1925 3636 2023 3691 per

445 3702 699 3758 morbum
726 3705 928 3760 redacti
952 3716 1100 3772 sunt,
1141 3715 1202 3762 nt
1231 3709 1505 3779 respirent
1542 3710 1762 3782 quidem
1819 3712 2018 3777 adhuc,

443 3810 609 3851 sensu
636 3803 815 3851 autem
834 3805 1079 3864 careant,
1096 3808 1150 3856 et
1169 3815 1346 3871 neque
1372 3800 1645 3872 accipere,
1663 3818 1840 3874 neque
1864 3819 2020 3859 man-

445 3889 650 3943 dncare
684 3889 931 3959 possint:
974 3890 1070 3947 sed
1094 3899 1148 3948 et
1177 3891 1324 3963 quod
1369 3891 1618 3959 oﬂ'ertur,
1650 3895 1720 3950 ob
1778 3896 2019 3952 insensi-

442 3979 731 4047 liilitatem,
784 3989 878 4036 aut
927 3982 1033 4039 alio
1088 3998 1198 4055 quo
1248 3984 1409 4041 modo
1438 3998 1703 4058 exspaant
1740 4006 1754 4044 :
1795 4005 2022 4048 necesse

442 4081 527 4125 est
555 4072 928 4141 sacerdotem,
989 4076 1082 4145 qui
1135 4090 1201 4131 eo
1262 4084 1509 4149 tempore
1572 4089 1773 4151 praesto
1831 4081 2017 4148 fuerit,

443 4180 552 4218 non
577 4164 851 4235 stupidum
890 4182 1032 4229 esse,
1071 4167 1165 4223 sed
1199 4171 1487 4226 consilium
1524 4173 1702 4242 sequi,
1729 4188 1826 4245 per
1875 4176 2018 4246 quod

441 4266 495 4311 et
508 4258 714 4315 sanctis
733 4261 1051 4318 muneribus
1068 4264 1370 4319 reverentia
1389 4276 1764 4332 conservetur,
1781 4276 1832 4323 et
1849 4282 2023 4338 aegro-

442 4351 921 4422 tantiacquiratur
952 4355 1258 4422 'securitas,
1294 4356 1439 4426 quod
1500 4372 1610 4412 non
1664 4358 1737 4415 sit
1790 4374 2022 4430 prorsus

443 4457 640 4513 expers
677 4443 994 4514 huiusmodi
1026 4445 1257 4501 subsidii
1294 4445 1314 4486 ι
1355 4462 1544 4504 eorum
1574 4448 1666 4517 qui
1721 4449 1803 4503 sic
1834 4458 2018 4505 trans-

2125 583 2305 655 ψαντα
2348 583 2594 653 γυναικὶ,
2647 582 2943 655 μοιχᾶσθαι
2999 582 3059 636 ὲν
3087 583 3153 654 τῇ
3198 584 3428 657 καρδίᾳ-ό
3454 589 3610 662 Κύριος

2137 677 2477 749 ἀπεφήνατο,
2498 677 2575 739 ὡς
2601 676 2916 747 ἀσωμάτοις
2936 674 3099 744 ἁφαῖς
3131 673 3222 728 καὶ
3241 677 3548 747 περιπλοκαῖς
3568 688 3611 739 ὲν

2126 770 2301 843 ταύτῃ
2334 769 2433 841 τὴν
2486 768 2766 841 ἁμαρτίαν
2814 766 3205 823 τελειώσανταθ
3251 768 3415 832 πολλῷ
3459 774 3612 854 μῶλον

2126 866 2218 918 τδν
2240 863 2431 935 μέχρις
2462 863 2505 895 η
2536 860 2794 927 εἰδώλων,
2828 859 2966 914 ἀλλά
2994 860 3088 914 καὶ
3122 858 3209 912 διὰ
3236 863 3326 930 τῆς
3351 868 3606 936 σωματικῆς

2129 957 2294 1027 ἁφῆς,
2319 955 2411 1009 τοῦ
2447 955 2507 1007 ὲν
2546 954 2753 1024 χείλεσι
2792 952 2939 1024 φημὶ
2971 950 3281 1019 ἀσπασμοῦ,
3329 952 3413 1006 καὶ
3440 955 3516 1008 τοῦ
3548 960 3609 1011 ὲν.

2127 1048 2318 1104 τεῦθεν
2347 1046 2611 1118 μιασμοῦ,
2633 1045 2733 1117 τὴν
2756 1044 3032 1116 ἁμαρτίαν
3051 1043 3197 1097 ὥσπε
3205 1059 3239 1112 ρ
3257 1042 3609 1113 σωματὼσαντα,

2127 1145 2156 1197 6
2188 1143 2428 1203 τοιοῦτος
2458 1140 2693 1210 μιασμὸς
2721 1140 2912 1209 ὥσπερ
2938 1136 3122 1207 μοιχὸν
3159 1136 3311 1191 αὑτὸν
3336 1144 3610 1211 κατακρινεῖ.

2143 1233 2482 1297 Ἀκολούθως
2516 1233 2609 1287 οὖν
2639 1232 2748 1302 ἄρα
2802 1229 2895 1284 καὶ
2922 1231 2951 1282 6
2984 1230 3157 1298 μέγας
3200 1227 3449 1292 Βασίλειος
3476 1232 3537 1303 τῷ
3558 1232 3614 1285 δι.

2128 1327 2384 1396 δασκάλῳ
2433 1323 2655 1396 Χριστῷ
2704 1322 2797 1377 τὸν
2838 1320 3049 1383 τούτοις
3103 1319 3379 1389 μιανθέντα
3427 1321 3614 1377 διάκονον

2128 1420 2391 1490 ἀφίστησι
2451 1418 2552 1486 μὲν
2585 1414 2684 1487 τῆς
2724 1415 2879 1478 θείας
2934 1412 3294 1481 λειτουργίας,
3351 1412 3614 1484 μετέχεινᾶ

2130 1512 2239 1566 τῶν
2264 1509 2626 1582 ἀγιασμάτων
2652 1508 2794 1579 μετά
2826 1506 2937 1560 τῶν
2967 1504 3230 1559 διακόνων
3267 1503 3457 1575 ἀφίησιο
3481 1505 3550 1559 διὰ
3572 1506 3616 1561 τὸ

2129 1605 2301 1659 ἐνδεῖν
2349 1602 2430 1656 ἔτι
2480 1601 2619 1674 πρὸς
2675 1600 2952 1655 ὲντέλειαν
2982 1597 3083 1667 τῆς
3139 1597 3512 1668 ἀμαρτίας,κσὶ
3546 1600 3616 1670 τὴν

2131 1694 2596 1767 σωματικωτέραν
2628 1692 2724 1746 καὶ
2756 1691 3071 1763 παχυτέραν
3103 1688 3276 1759 μίξιν·
3301 1684 3363 1761 ἧς
3382 1692 3406 1744 6
3425 1692 3617 1760 ἡττηθεὶς

2128 1787 2395 1850 διάκονος,
2435 1784 2747 1854 οὐκέτιτῆς
2786 1782 2925 1855 μετὰ
2961 1780 3071 1835 τῶν
3110 1781 3360 1834 διακόνων
3385 1781 3616 1837 ἀπολαύσει

2132 1880 2442 1946 κοινωνίας,
2477 1878 2594 1933 ἀλλ’
2626 1880 2708 1943 είς
2728 1877 2819 1930 τὸν
2840 1876 2950 1930 τῶν
2974 1874 3183 1930 λαῖκῶν
3199 1874 3350 1928 τόπον
3372 1875 3618 1942 ἀπελαθεὶς,

2131 1973 2206 2038 ὥς
2241 1990 2406 2044 φησιν
2438 1968 2595 2035 αὖθις
2617 1971 2646 2023 6
2674 1968 2845 2042 μέγας
2871 1962 3023 2031 οὗτος
3055 1965 3349 2029 Βασίλειος,
3386 1966 3621 2037 φιλανθρώ-

2132 2082 2250 2128 πως
2279 2066 2455 2118 ἐκεῖσε
2509 2062 2759 2134 μετέχειν
2789 2061 2993 2131 ταύτης
3032 2061 3399 2130 συγχωρεῖτσε.
3447 2058 3556 2130 ’Ῑίδη
3577 2058 3617 2112 δὲ

2133 2175 2215 2212 σοι
2240 2157 2335 2211 καὶ
2364 2155 2493 2229 περὶ
2546 2155 2657 2210 τῶν
2710 2153 3078 2227 ἠπορημένων
3122 2153 3220 2222 τῆς
3268 2151 3452 2215 λύσεως
3478 2150 3614 2220 λέγειν

2133 2248 2488 2320 πειράσομαι.

2212 2340 2519 2412 Ἐζήτησας
2553 2341 2602 2393 εἰ
2644 2340 2728 2394 δεῖ
2750 2340 2867 2400 τοῖς
2911 2336 3306 2407 ἑξασθενὴσασι
3350 2333 3520 2396 τέλεον,
3553 2334 3622 2387 καὶ

2129 2432 2302 2487 λεπτά
2334 2433 2432 2504 μὲν
2464 2432 2633 2486 εἰσέτι
2653 2430 3008 2502 ἐμπνέουσιν,
3035 2424 3413 2496 ἀναισθητοῦσι
3440 2425 3488 2479 δὲ
3504 2425 3620 2490 ὅλως,

2131 2526 2228 2579 καὶ
2268 2525 2408 2596 μήτε
2443 2526 2610 2592 πιεῖν,
2651 2524 2791 2595 μήτε
2818 2523 3015 2593 φαγεῖν
3043 2519 3378 2590 δυναμένοις,
3405 2517 3620 2589 μεταδιδό-

2129 2635 2216 2671 ναι
2244 2617 2352 2669 τῶν
2380 2616 2544 2670 θείων
2577 2613 2961 2687 ἀγιασμάτων,
3014 2611 3239 2666 ἐκπνεῖν
3275 2609 3368 2681 ἤδη
3407 2609 3621 2677 μέλλουσι.

2129 2706 2240 2762 Καί
2264 2723 2469 2778 φαμεν,
2499 2707 2583 2761 ὅτι
2603 2705 2699 2760 τοῦ
2730 2702 2822 2775 πγ⁹
2846 2704 3069 2767 κανόνος
3108 2701 3216 2756 τῶν
3253 2701 3307 2756 ὲν
3351 2700 3626 2754 Κωνσταντι-

2129 2804 2384 2859 νουπόλει
2434 2803 2797 2858 συνελθόντων
2820 2790 3100 2871 θεοφόρων
3154 2796 3419 2868 Πατέρων,
3461 2794 3625 2850 Ἰουστι-

2128 2894 2308 2949 νιανοῠ
2381 2892 2791 2964 βασιλεύοντος,
2872 2889 3179 2963 διαρρήδην
3257 2885 3623 2958 διακεκραγότος.

2129 2986 2337 3057 Μηδεὶς
2365 2988 2476 3050 τοῖς
2519 2985 2738 3056 σώμασι
2774 2983 2885 3040 τῶν
2920 2980 3306 3037 τελευτώντων
3334 2978 3425 3050 τῆς
3454 2978 3623 3049 εὗχιριυ

2130 3078 2283 3142 στίας
2316 3077 2679 3148 μεταδιδότω·
2710 3076 3022 3149 γέγραπται
3046 3075 3182 3145 γὰρ,
3215 3072 3428 3134 Λάϐετε,
3452 3071 3622 3140 φάγετε·

2126 3171 2196 3225 τὰ
2217 3169 2273 3224 δὲ
2299 3169 2409 3224 τῶν
2431 3167 2645 3240 νεκρῶν
2678 3166 2905 3239 σώματα
2954 3166 3079 3221 οὐδὲ
3117 3168 3329 3237 φαγεῖν,
3367 3164 3472 3218 οὐδὲ
3488 3162 3625 3217 λαόεῖν

2121 3264 2376 3320 δύνανται
2403 3280 2419 3295 ·
2451 3263 2603 3318 οὐδὲν
2624 3265 2791 3337 ἡμεῖς
2824 3264 2978 3334 παρὰ
3003 3261 3169 3316 τοῦτο
3191 3263 3364 3316 εἰπεῖν
3388 3256 3629 3329 δυνάμεθα,

2123 3357 2203 3411 ὅτι
2233 3356 2368 3427 μηδὲ
2393 3357 2734 3429 προσθήκην,
2762 3357 2796 3429 ἢ
2829 3355 3122 3429 ἀφαίρεσίν
3150 3372 3274 3409 τινα
3310 3354 3365 3407 ὲν
3386 3355 3483 3415 τοῖς
3508 3350 3629 3419 ἱεροῖς

2121 3450 2344 3503 κανόσιν
2383 3450 2427 3481 ¹¹
2457 3449 2717 3504 ἐπινοεῖν.
2758 3449 2914 3504 Ἐπεὶ
2932 3449 2991 3505 δὲ
3020 3450 3072 3503 οῖ
3106 3448 3239 3521 περὶ
3267 3441 3341 3503 ὧν
3373 3444 3623 3518 ἠρώτησας.

2122 3540 2352 3613 ἀμελείᾳ
2408 3540 2519 3596 τῶν
2570 3542 2703 3614 παρ’
2755 3543 2940 3607 αὐτοῖς
2975 3530 3353 3614 θεραπευτῶν,
3410 3537 3477 3602 ὡς
3510 3534 3629 3605 ἔφης.

2123 3632 2216 3685 ἐπὶ
2249 3632 2351 3702 τῆς
2390 3631 2710 3699 τελευταίας
2760 3634 2913 3708 ὥρας
2938 3635 3018 3698 είς
3068 3633 3233 3688 τοῦτο
3258 3630 3359 3686 ὑπὸ
3408 3629 3495 3699 τῆς
3518 3626 3632 3679 νόσω

2125 3723 2502 3796 συνηλάθησαν
2543 3724 2684 3779 ὥστε
2710 3726 2940 3797 ἐμπνεῖν
2972 3724 3075 3796 μὲν
3104 3724 3304 3788 εῖσὲτι,
3350 3718 3632 3789 ἀναισθητεῖν

2122 3816 2201 3883 δὲ,
2226 3816 2322 3870 καὶ
2355 3816 2493 3888 μηδὲ
2514 3816 2701 3872 λαϐεῖν
2733 3818 2869 3889 μηδὲ
2892 3819 3091 3888 φαγεῖν
3113 3816 3374 3872 δύνασθαι
3391 3830 3407 3847 ο
3438 3811 3550 3866 ἀλλὰ
3567 3811 3633 3864 καὶ

2122 3909 2183 3962 τὸ
2211 3910 2718 3980 προσενηνεγμένον
2759 3910 2853 3964 ὑπ’
2896 3908 3283 3982 ἀναισθησίας,
3314 3908 3349 3979 ἢ
3391 3908 3476 3961 καὶ
3505 3903 3634 3964 ἄλλως

2124 4020 2243 4067 πως
2275 4004 2622 4076 παραπτύειν
2641 4020 2654 4035 ·
2691 4004 2907 4075 ἀνάγκη
2947 4003 3039 4058 τὸν
3071 4000 3450 4075 παρατυχόντα
3477 3999 3525 4051 ὲν
3547 4013 3637 4051 και-

2126 4097 2238 4166 ροῖς
2264 4094 2529 4161 τοιούτοις
2556 4095 2707 4168 ἱερέα
2737 4096 2810 4168 μὴ
2845 4095 3187 4167 ἀπροθύμως
3208 4092 3514 4160 διατεθῆναι,
3535 4086 3635 4141 am

2126 4185 2321 4257 βουλῆς
2375 4186 2652 4255 γενέσθαι,
2690 4186 2758 4242 δι’
2784 4183 2853 4262 ἦς
2904 4188 3001 4242 καὶ
3052 4189 3171 4250 τοῖς
3222 4185 3393 4256 ἁγίοις
3413 4182 3575 4254 δώροις
3594 4177 3637 4231 τὸ

2124 4279 2420 4351 σεϐάσμιον
2463 4279 2984 4352 διαφυλαχθήσεται,
3046 4282 3145 4335 καὶ
3212 4278 3292 4349 τῷ
3344 4269 3638 4347 κάμνοντιτδ

2122 4368 2362 4439 ἀσφαλὲς
2409 4369 2922 4442 περιποιηθήσεται,
2983 4368 3057 4441 μὴ
3105 4368 3342 4440 ἀμοίρου
3379 4365 3531 4432 πάντη
3570 4359 3640 4413 τοῦ

2124 4460 2368 4514 τοιούτου
2428 4461 2645 4531 ὲφοδίου
2701 4461 2811 4516 τῶν
2875 4455 2977 4516 ὧδε
3030 4458 3448 4533 μεθισταμένου.
3496 4453 3638 4506 Ἔστω

443 4542 746 4591 mutantur.
800 4536 1031 4607 Fiatque
1053 4538 1207 4604 illud,
1241 4539 1287 4597 si
1314 4539 1466 4594 labra
1519 4547 1575 4593 et
1624 4539 1807 4608 lingua
1861 4548 2020 4597 tenue

2126 4552 2306 4620 τοῦτο,
2355 4555 2403 4621 εί
2436 4552 2505 4607 τά
2532 4571 2594 4607 τε
2650 4553 2806 4626 χείλη
2852 4554 2945 4608 καὶ
2987 4554 3019 4625 ἡ
3080 4551 3310 4621 γλῶσσα
3352 4546 3440 4602 τοῦ
3490 4539 3641 4598 λεπτὸν

442 4625 619 4681 adhuc
639 4629 915 4697 spirantis,
941 4647 1037 4686 nec
1063 4632 1287 4687 omnino
1313 4629 1589 4694 exstincti,
1609 4644 1704 4700 per
1725 4632 2016 4689 tactionem

439 4724 494 4769 et
521 4718 837 4773 unctionem
872 4734 1153 4775 sacrarum
1175 4719 1672 4777 sanctiticationum
1699 4732 1740 4762 ω
1770 4724 2016 4796 sigillen-

440 4815 698 4865 tnrzaut
734 4812 920 4882 petius
956 4813 1000 4869 si
1055 4812 1122 4867 ad
1182 4811 1555 4869 inﬁrmitatem
1613 4816 1735 4886 ejus
1788 4818 2012 4873 collatio

441 4900 634 4957 harum
657 4910 1004 4976 temperetur.
1029 4904 1121 4960 Sic
1141 4905 1306 4972 enim,
1327 4913 1388 4962 ut
1403 4906 1607 4963 dictum
1631 4918 1733 4975 est,
1767 4912 2013 4984 utrisque

441 4999 671 5063 utraque
703 4995 1199 5059 conservabuntnr,
1233 5003 1287 5051 et
1334 5000 1639 5054 reverentia
1682 5002 1889 5058 sanctis
1922 5019 2013 5059 re-

439 5085 564 5149 bus,
608 5102 730 5141 cum
775 5094 1013 5157 aegrotus
1045 5103 1110 5142 ex
1166 5088 1276 5155 his,
1330 5105 1449 5162 quae
1501 5091 1761 5161 diximus,
1797 5110 1859 5150 ca
1899 5113 2007 5153 non

436 5183 680 5246 respuat.
715 5177 806 5232 Sic
835 5179 980 5232 enim
1012 5185 1065 5233 et
1098 5194 1195 5235 sua
1226 5181 1331 5237 erit
1364 5183 1636 5242 stabilitas
1667 5189 1885 5253 canoni,
1913 5191 2006 5260 qui

2125 4644 2295 4697 εἰσέτι
2329 4645 2678 4715 ἐμπνέοντος,
2710 4645 2802 4699 καὶ
2838 4645 2914 4718 μὴ
2967 4642 3448 4716 ἀπονεκρωθέντος
3468 4635 3632 4695 τέλεον,

2121 4732 2210 4787 διὰ
2235 4732 2334 4804 τῆς
2361 4734 2577 4806 ἐπαφῆς
2605 4734 2697 4789 καὶ
2725 4734 3055 4805 ἐπικρίσεως
3084 4732 3198 4786 τῶν
3229 4729 3490 4801 πανιέρων
3515 4725 3637 4792 ἁγια-

2122 4826 2345 4894 σμὰτων
2372 4826 2861 4897 ὲπισιρραγίσονται
2885 4841 2899 4856 ’
2933 4826 2964 4897 ἦ
2995 4825 3202 4896 μᾶλλον
3231 4823 3425 4885 είπεῖν,
3464 4820 3505 4871 εί
3535 4813 3639 4881 πρὸς

2120 4916 2220 4988 τὴν
2249 4917 2537 4973 ἀσθένειαν
2560 4918 2727 4973 αὑτοῦ
2756 4920 2789 4991 ἡ
2815 4919 3103 4990 μετάδοσις
3130 4917 3343 4971 τούτων
3371 4919 3639 4981 cupps???

2120 5008 2364 5079 θήσεται.
2409 5010 2565 5065 Οὖτω
2613 5011 2743 5085 γὰρ,
2791 5010 2866 5075 ὡς
2915 5013 3155 5082 εῖρηται,
3216 5007 3313 5062 καὶ
3362 4997 3641 5074 ἀμφοτέροις

2116 5102 2406 5173 ἀμφότερα
2439 5102 2998 5175 περιφυλαχθήσεται,
3032 5101 3125 5157 καὶ
3155 5101 3278 5163 τοῖς
3303 5096 3471 5165 ἁγίοις
3500 5089 3552 5144 τδ
3576 5102 3639 5139 σεο

2116 5193 2371 5267 ϐάσμιον,
2406 5196 2473 5250 bc
2504 5194 2600 5251 τοῦ
2656 5196 2731 5268 μὴ
2759 5195 2852 5251 τὸν
2902 5195 3183 5266 κάμνοντα
3214 5191 3298 5265 (ἐξ
3344 5183 3417 5245 ὧν
3444 5179 3638 5255 εἴρηται)

1811 5324 2053 5384 νΑῐὶΙᾹζ
2091 5330 2502 5390 LECTIONES.

518 5432 558 5465 ¹¹
591 5432 684 5486 τὸν
713 5431 774 5486 οὔ
802 5432 1015 5504 μέχρις.
1095 5437 1136 5472 ¹¹
1169 5440 1391 5494 κανόσιν
1426 5442 1574 5497 ἐστὶν
1600 5443 1858 5502 ἐπινοεῖν.

549 5580 715 5666 ἱρείη]
735 5577 816 5666 ¹(ξά
843 5580 1133 5666 exemplum
1173 5584 1424 5666 doctoris.
1506 5585 1526 5625 ί
1560 5600 1914 5666 sacranunta.
1996 5594 2022 5633 ⁸
2046 5594 2206 5649 etiam
2237 5596 2407 5666 magis
2434 5597 2603 5650 adhuc
2635 5595 2927 5665 corporalis
2952 5604 3002 5650 et
3028 5597 3284 5652 crassior.
3358 5595 3385 5637 ¹ι
3413 5595 3517 5664 jam
3548 5602 3637 5665 ι’(ζο

432 5659 482 5704 et
509 5650 576 5704 dc
608 5650 870 5703 solutione
909 5663 1209 5708 vocatorum
1241 5656 1537 5713 indubiam.

435 5719 724 5774 canonibus
768 5723 1070 5789 excogitare
1103 5724 1243 5780 licet.

1623 5662 1639 5702 ί
1669 5674 2023 5739 sacrar_net_rta.
2102 5666 2117 5715 l
2155 5668 2296 5737 quod
2326 5658 2436 5720 ἠερ
2467 5658 2841 5739 αϋεειὸοηέιη,
2867 5683 2961 5722 nec
3005 5667 3387 5739 detractionem
3414 5658 3471 5719 in
3505 5658 3634 5739 sacri-

1358 5728 1384 5767 Ιί
1420 5731 1761 5786 medicorum.
1840 5730 1855 5770 ¹
1894 5732 2020 5785 dum
2057 5728 2400 5807 non'prorsus
2429 5728 2610 5806 cxpcrs
2642 5739 2767 5792 talis
2796 5737 2976 5791 riatici
3018 5737 3168 5792 rebus
3199 5738 3419 5792 terrenis
3454 5731 3631 5807 excedit

438 5798 477 5831 ιη
519 5804 610 5845 ver
638 5796 932 5845 contactum
975 5803 1021 5847 et
1053 5798 1347 5852 unctionem
1392 5811 1686 5854 sanctorum
1720 5796 2507 5876 sacramentorum'obsignetur
2540 5827 2556 5865 :
2589 5825 2767 5866 eorum
2798 5809 3203 5865 communicatio
3241 5802 3628 5863 accommodem“
