3950 6586
294 390 397 460 989

1553 387 2259 453 GRzECO-ROMANUM.

3443 332 3551 460 σεο

292 502 586 561 ἀποϐαλεῖν
611 499 772 559 αὑτά.
815 499 1003 566 Οὕτως
1034 500 1147 574 γὰρ
1177 499 1271 557 καὶ
1295 499 1376 573 τῷ
1405 500 1594 558 κανόνι
1619 500 1779 557 ἔσται
1805 501 1868 556 τό

2000 504 2203 571 Ioniis,
2258 503 2349 576 qui
2403 502 2586 561 adlmc
2632 505 2935 577 pauxillum
2981 505 3213 578 spirant,
3262 506 3552 568 interdixit

292 595 628 677 ἀδιάπτωτον
655 607 681 626 '
703 592 761 657 ὃς
784 593 845 649 οῦ
866 595 979 657 τοῖς
1014 593 1213 665 μικρὸν
1238 592 1320 648 ἔτι
1346 592 1678 666 ἐμπνέουσιν
1708 593 1867 648 ἀπεί-

290 705 428 762 ρηκε
451 687 552 760 τὴν
578 682 902 757 μετάληψιν,
932 684 1070 741 ἀλλὰ
1110 687 1228 750 τοῖς
1254 688 1469 757 νεκροῖς
1508 685 1750 757 σώμασι.
1785 685 1871 741 Τά

298 780 401 851 γὰρ
428 778 599 850 νεκρὰ
638 778 816 849 (φησὶ)
855 776 1089 847 σώματα
1123 776 1245 832 οὐδὲ
1272 776 1482 841 λαϐεῖν,
1520 776 1643 830 οὐδὲ
1673 777 1873 848 φαγεῖν

289 871 537 926 δύναται.
569 866 762 939 Νεκρὰ
783 866 865 930 δὲ,
895 859 972 921 ὧν
999 866 1103 939 ἤδη
1135 866 1358 938 άπὲπτη
1390 866 1424 939 ἠ
1449 864 1621 938 ψυχή.

291 1002 436 1073 Περὶ
466 1001 576 1056 τοῦ
604 998 948 1073 ἐπεισάκτῳ
982 998 1221 1073 γυναικί
1279 997 1717 1073 ςυνοικοῦντος
1763 996 1874 1064 ἕως

843 1069 1107 1124 θανάτου
1128 1068 1339 1124 αὐτοῦ.

365 1180 627 1254 Δεύτερον
651 1178 894 1235 τοιοῦτον
916 1179 980 1233 τὸ
1009 1176 1297 1251 ἐρώτημα,
1328 1179 1378 1232 εί
1426 1179 1510 1233 δεῖ
1547 1175 1625 1249 τῷ
1682 1175 1877 1246 μέχρις

292 1273 536 1343 ἐσχάτης
598 1272 836 1340 ἐκπνοῆς
863 1268 1228 1339 ,συνεισάκτῳ
1271 1267 1492 1336 γυναικὶ
1545 1264 1879 1337 συμφθειρο-

300 1365 449 1437 μένῳ
478 1363 816 1435 μεταδιδόναι
837 1361 947 1415 τῶν
965 1360 1127 1415 θείων
1177 1359 1560 1430 άγιασμάτων,
1592 1358 1627 1430 ἢ
1655 1359 1752 1428 μή.
1777 1356 1877 1413 Διὰ

297 1458 361 1512 τ’)
382 1454 798 1527 καταληφθῆναι
826 1453 1019 1508 τοῦτον
1040 1452 1144 1507 ὑπὸ
1170 1451 1263 1507 τοῦ
1294 1449 1611 1523 ἐκθεριστοῦ
1641 1449 1877 1504 θανάτου

300 1552 449 1622 ἐντῇ
484 1549 592 1620 ἰδίᾳ
622 1546 891 1618 ἁμαρτίᾳ.
933 1547 999 1601 Ἠ
1036 1545 1137 1617 μὲν
1173 1540 1269 1600 οῦν
1320 1540 1594 1616 ἐρώτησις
1632 1541 1877 1613 τοιαύτη.

300 1644 475 1709 Τίςδέ
499 1645 529 1698 6
560 1642 692 1713 περὶ
717 1639 910 1695 τούτου
957 1637 1119 1708 λόγος
1159 1636 1365 1708 ﬂuant;
1417 1636 1480 1689 Et
1534 1634 1634 1705 μὲν
1674 1635 1703 1686 ὁ
1745 1632 1881 1705 πρὸς

301 1738 497 1800 αὐταῖς
522 1737 644 1799 ταῖς
670 1732 929 1804 ἐσχάταις
942 1732 1240 1793 ἀναπνοαῖς
1260 1728 1574 1799 γενόμενος,
1596 1726 1674 1791 είς
1698 1725 1881 1779 συναί-

299 1830 497 1899 σθησιν
516 1826 686 1881 ἐλθὼν
708 1824 803 1879 τοῦ
826 1821 1269 1896 άπαραλογίστου
1302 1820 1635 1890 λογοθεσίου,
1666 1820 1759 1871 καὶ
1780 1817 1881 1884 τῆς

307 1919 611 1992 μελλούσης
632 1916 890 1987 κρίσεως,
920 1912 1293 1986 ἐθριάμϐευσέ
1317 1929 1376 1966 τε
1424 1910 1521 1983 τὴν
1582 1910 1877 1982 ἁμαρτίαν,

303 2010 404 2064 καὶ
434 2006 822 2078 ἐπηγγείλατο,
860 2006 909 2058 εί
962 2002 1303 2068 παλινζωΐας
1356 1999 1625 2067 τεύξεται,
1683 1999 1880 2072 μηκέτι

304 2100 447 2171 πρὸς
473 2098 572 2170 τὴν
600 2097 877 2169 ἁμαρτίαν
904 2093 1245 2166 ὑποστρέψαι
1268 2107 1281 2124 ο
1304 2092 1400 2146 καὶ
1416 2091 1554 2163 μετὰ
1587 2089 1882 2159 συντριϐῆς

304 2192 614 2264 καρδιακῖμς
648 2188 985 2260 θερμότερον
1018 2185 1390 2256 ἐξελιπάρησε
1430 2182 1524 2237 τοῦ
1550 2179 1882 2237 Δεσποτικοῦ

307 2283 567 2355 σώματός
586 2297 649 2336 τε
681 2281 779 2335 καὶ
823 2279 1056 2351 αἵματος
1077 2277 1402 2345 ἀξιωθῆναι,
1429 2274 1723 2346 ἁξιωθήτω
1754 2272 1878 2328 τού-

301 2392 425 2440 του,
458 2374 638 2428 πίστει
659 2373 761 2444 τῆς
781 2370 936 2441 παρὰ
958 2368 1096 2424 Θεοῦ
1121 2365 1552 2439 φιλανθρωπίας.
1582 2364 1754 2419 Τοῦτο
1778 2364 1887 2435 γὰρ

306 2461 466 2535 οἶμαι
489 2461 587 2518 καὶ
615 2462 708 2516 τὸν
742 2458 811 2530 ιγ’
845 2460 1050 2516 κανόνα
1078 2458 1188 2512 τῶν
1239 2459 1297 2512 ἐν
1345 2456 1555 2528 Νικαίᾳ
1606 2455 1889 2509 συνελθόν-

307 2571 420 2608 των
443 2553 705 2625 Πατέρων
727 2550 864 2624 πρὸς
892 2548 971 2621 τῷ
999 2549 1145 2603 τέλει
1169 2546 1640 2619 ἐπισημήνασθαι,
1692 2548 1751 2600 ἐν
1812 2544 1889 2617 τῷ

307 2646 502 2713 φάναι.
533 2641 777 2699 Καθόλου
810 2641 989 2696 δὲκαὶ
1009 2640 1138 2712 περὶ
1202 2637 1408 2703 παντὸς
1453 2634 1762 2692 οὑτινοσοῦν
1803 2635 1891 2702 ἐξ·

307 2736 612 2799 οδεύοντος,
662 2733 943 2798 αἰτοῦντος
980 2733 1042 2786 τὸ
1099 2731 1390 2802 μετασχεῖν
1434 2728 1817 2800 Εὐχαριστίας,
1862 2729 1891 2781 ὁ

310 2828 616 2890 ἐπίσκοπος
642 2823 782 2896 μετὰ
814 2824 1141 2894 δοκιμασίας
1196 2819 1527 2893 μεταδιδότω
1566 2818 1665 2891 τῆς
1717 2833 1890 2888 προσ·

312 2921 512 2993 φορᾶς.
536 2919 601 2973 Εἰ
629 2917 846 2973 δὀῦδὲν
889 2916 1150 2982 τοιοῦτον,
1189 2913 1300 2969 οὐδ’
1320 2914 1378 2967 ὲν
1436 2912 1615 2985 καιρῷ
1666 2910 1892 2981 τοιούτῳ

315 3011 654 3078 ἐπεδείξατο,
685 3008 841 3082 (ὅπερ
896 3001 1089 3077 ἀπείη)
1119 3009 1147 3059 ὁ
1172 3006 1272 3077 μὲν
1315 3005 1410 3059 ἐπὶ
1445 3004 1605 3059 τοῦτο
1650 3019 1890 3074 προσκε-

312 3105 421 3176 κλη
431 3104 590 3176 μένος
620 3101 822 3173 ἱερεὺς,
844 3099 1039 3171 πόρῤω
1055 3097 1394 3169 ἀφιστάσθω,
1423 3095 1778 3168 μνημονεύων
1797 3093 1893 3149 τοῦ

314 3195 592 3250 Δεσπότου
622 3192 862 3266 Χριστοῦ
877 3194 935 3246 ἐν
960 3194 1075 3256 τοῖς
1104 3189 1462 3260 Εὐαγγελίοις
1490 3188 1763 3256 λέγοντος,
1793 3189 1851 3240 Μ
1859 3185 1891 3255 ὴ
1918 3209 1965 3275 C

310 3291 563 3359 ρίειτετε
581 3286 655 3341 τὰ
681 3285 820 3355 ἅγια
865 3283 991 3351 τοῖς
1030 3282 1197 3349 κυσὶ,
1239 3279 1396 3353 μηδὲ
1443 3278 1712 3346 βάλλετε
1757 3276 1898 3343 τοὺς

314 3378 687 3448 μαργαρίτας
713 3375 1055 3447 ἔμπροσθεν
1081 3371 1199 3429 τῶν
1218 3372 1457 3440 χοίρων.
1501 3367 1613 3424 Καὶ
1664 3367 1898 3438 προσέτι

314 3468 415 3522 τοῦ
445 3467 681 3540 μεγάλου
714 3464 1062 3530 Ἀποστόλου,
1091 3462 1372 3517 κοινωνεῖν
1400 3458 1702 3531 ἀλλοτρίοις
1719 3459 1900 3530 ἁμαρ-

317 3562 564 3631 τήμασιν
604 3557 1067 3630 ἀπαγορεύοντος.
1108 3555 1169 3609 '0
1197 3555 1255 3610 δὲ
1282 3554 1384 3626 τὴν
1419 3552 1678 3623 τοιαύτην
1734 3569 1903 3607 κατα-

320 3652 481 3724 δίκην
505 3648 964 3720 καταψηφισθεὶς,
990 3646 1181 3701 ἐαυτὸν
1211 3644 1497 3700 αίτιάσθω.
1529 3643 1761 3716 Εἴρηται
1790 3643 1899 3712 γὰρ

320 3739 429 3794 ὑπὸ
444 3738 539 3794 τοῦ
559 3737 694 3793 Θεοῦ
711 3736 801 3793 διά
822 3754 964 3800 τινος
979 3736 1088 3790 τῶν
1116 3733 1432 3807 πρόρητῶν,
1479 3735 1568 3789 Ἐν
1595 3727 1638 3802 ᾧ
1658 3733 1805 3805 εὕρω
1819 3750 1901 3798 σε,

320 3834 382 3886 ἐν
410 3830 589 3903 τούτῳ
616 3831 681 3903 δὴ
705 3830 802 3885 καὶ
835 3829 1006 3901 κρινῶ
1040 3845 1125 3885 σε.
1169 3827 1412 3899 Εὕρηται
1450 3826 1507 3880 δὲ
1532 3820 1684 3888 οὗτος
1714 3827 1772 3878 ὲν
1833 3827 1901 3896 τῇ

324 3927 434 3998 ἰδία
467 3922 731 3997 ἁμαρτίᾳ.
751 3921 861 3976 Καὶ
882 3922 955 3993 μή
987 3919 1077 3993 μοί
1111 3937 1196 3984 τις
1247 3921 1339 3974 τὸν
1362 3919 1455 3974 τοῦ
1492 3918 1731 3991 μεγάλου
1759 3918 1905 3989 Γρη-

322 4017 517 4090 γορίου
533 4015 629 4070 τοῦ
660 4017 717 4069 ἐν
737 4013 980 4084 θαύμασι
1038 4010 1367 4082 περιϐοήτου
1409 4010 1613 4065 κανόνα
1665 4025 1906 4081 προσφε-
1944 4056 1947 4059 .

326 4110 492 4181 ρὲτω,
515 4107 576 4172 ὃς
601 4109 715 4171 τοῖς
769 4107 827 4161 ἐν
863 4104 1026 4160 παντὶ
1076 4102 1155 4174 τῷ
1197 4101 1376 4174 χρόνῳ
1426 4101 1531 4181 τῆς.
1567 4099 1725 4173 ιδίας.
1758 4096 1907 4168 ζωῆς

320 4177 723 4272 ἀκοινωνησίαν
750 4195 1184 4269 κατακριθεῖσιν,
1240 4196 1300 4249 ἐν
1349 4177 1531 4266 καιρῷ
1569 4194 1668 4265 τῆς
1725 4190 1906 4257 ἐξόδου

323 4291 615 4354 κοινωνίας
647 4290 940 4362 μετασχεῖν
969 4285 1371 4357 φιλανθρώπως
1406 4284 1647 4353 ἐφίησιν.
1692 4281 1766 4335 Οὐ
1793 4279 1903 4349 γὰρ

326 4385 463 4456 περὶ
484 4383 594 4439 τῶν
625 4381 1014 4453 ἁμετανοήτων
1033 4380 1280 4450 εἴρηκεν,
1305 4376 1441 4432 ἀλλὰ
1458 4375 1589 4446 περὶ
1615 4373 1721 4426 τῶν
1774 4374 1910 4426 ἀπο-

329 4480 581 4533 στάντων
618 4476 715 4548 μὲν
743 4475 844 4547 ἤδη
874 4476 974 4545 τῆς
1000 4472 1304 4546 ἁμαρτίας,
1336 4466 1677 4535 ἐξιλεοῦσθαι
1707 4466 1764 4519 δὲ
1817 4464 1910 4517 τόν

1974 598 2448 672 participatione;
2497 598 2590 656 sed
2655 600 2888 656 mortuis
2937 600 3282 665 corporibus.
3329 601 3546 658 Mortua

1972 694 2147 761 enim,
2180 692 2382 764 inquit,
2411 707 2645 763 corpora
2696 709 2874 764 neque
2909 709 3148 757 sumere,
3181 709 3359 766 neque
3386 696 3551 751 edere

1974 795 2228 861 possunt.
2264 787 2477 843 Mortua
2515 796 2692 843 autem
2738 795 2888 855 sunt,
2920 802 2950 841 a
2990 787 3193 858 quibus
3233 788 3417 843 anima
3434 787 3547 859 iam

1973 883 2233 939 avolavit.

1974 1023 2054 1079 De
2089 1037 2169 1088 eo,
2217 1021 2307 1095 qui
2350 1017 2421 1076 ad
2450 1026 2679 1147 mortem;
2706 1034 2870 1145 risque
2910 1027 3178 1074 extranea:
3219 1016 3432 1072 mulieri
3461 1033 3551 1072 co-

2684 1109 2714 1145 a
2753 1101 2873 1146 ttat.

2684 1101 2873 1146 abitat.

2050 1212 2303 1270 Secunda
2338 1208 2695 1283 interrogatio
2745 1205 3056 1279 huiusmodi
3100 1214 3206 1271 est,
3234 1219 3305 1260 an
3347 1203 3421 1268 ei,
3454 1203 3550 1273 qui

1977 1308 2043 1364 ad
2094 1316 2398 1364 extremum
2452 1319 2629 1376 usque
2673 1303 2928 1374 spiritum
2974 1314 3097 1355 cum
3138 1307 3398 1355 extranea
3429 1311 3553 1352 mu-

1979 1400 2115 1456 liere
2162 1405 2377 1467 turpem
2412 1393 2679 1465 transegit
2719 1393 2950 1456 vitam",
2995 1390 3107 1447 sint
3139 1387 3434 1461 largiendac
3470 1386 3555 1441 di-

1980 1493 2121 1549 vina:
2165 1471 2695 1552 sanctiﬁcationesO,
2729 1499 2937 1550 necne;
2972 1488 3259 1554 propterea
3305 1479 3446 1553 quod
3495 1479 3549 1534 in

1982 1583 2209 1658 preprio
2238 1590 2465 1654 peccato
2504 1594 2533 1633 a
2560 1576 2805 1634 falcifera
2847 1585 3022 1631 morte
3048 1573 3423 1644 deprehensus
3457 1570 3551 1625 sit.

1981 1678 2131 1734 Talis
2178 1684 2265 1733 est
2313 1675 2481 1745 igitur
2533 1670 2910 1741 interrogatio.
2959 1665 3219 1733 Quantam
3262 1670 3442 1719 autem
3489 1667 3556 1717 de

1983 1772 2090 1827 hoc
2118 1769 2276 1825 nobis
2302 1766 2523 1823 oratiop
2555 1764 2671 1820 est?
2702 1763 2757 1819 Si
2787 1759 3003 1832 quidem
3032 1758 3123 1829 qui
3154 1757 3221 1811 ad
3250 1763 3554 1811 extremum

1912 1877 1954 1932 Β
1983 1866 2164 1937 ipsum
2203 1863 2434 1917 halitum
2466 1858 2748 1921 redactus,
2783 1854 2850 1911 ad
2891 1851 3290 1910 conscientiam
3331 1848 3558 1905 veniens

1983 1973 2090 2013 non
2157 1948 2440 2031 fallaciuni
2492 1950 2948 2011 ratiociniorum,
2993 1944 3273 2015 futurique
3321 1941 3557 2014 iudicii.

1984 2048 2347 2124 publicaverit
2401 2053 2723 2117 peccatum,
2784 2049 2838 2097 et
2898 2040 3181 2111 professus
3238 2041 3311 2096 sit
3368 2055 3457 2105 se,
3513 2041 3560 2097 si

1984 2142 2297 2206 reviviscat,
2351 2138 2418 2193 ad
2460 2138 2514 2193 id
2563 2150 2670 2191 non
2722 2148 3091 2196 reversurum,
3140 2139 3193 2187 et
3232 2131 3560 2187 contritione

1986 2236 2169 2297 cordis
2220 2231 2505 2288 ardentius
2559 2226 2919 2299 postulaverit
2982 2222 3250 2279 Dominici
3309 2220 3559 2293 corporis

1987 2338 2043 2387 et
2091 2318 2872 2398 sanguinis’communionem
2926 2314 3169 2371 mereri!
3226 2332 3241 2369 :
3288 2322 3564 2369 mereatur

1987 2438 2086 2496 per
2140 2421 2335 2475 divina:
2398 2415 2702 2474 clementiae
2753 2412 2937 2468 ﬁdem.
2989 2410 3046 2466 ld
3111 2408 3257 2465 enim
3323 2406 3564 2462 arbitror

1990 2525 2043 2571 et
2090 2514 2160 2571 i5
2211 2513 2479 2569 canonem
2525 2511 2772 2571 Patrum,
2804 2505 2897 2577 qui
2945 2502 3124 2558 Nicca:
3168 2504 3562 2562 convenerunt,

1990 2609 2059 2666 ad
2106 2607 2269 2664 ﬁnem
2320 2603 2651 2675 signiﬁcare,
2680 2616 2802 2656 cum
2849 2597 2958 2654 ait:
2994 2596 3054 2652 In
3105 2606 3321 2651 summa
3355 2600 3562 2655 autem,

1992 2706 2100 2762 de?
2131 2701 2374 2775 quolibet
2407 2696 2725 2759 excedente,
2763 2701 2818 2750 et
2861 2688 3220 2746 Eucharistize
3264 2683 3565 2757 participa-

1997 2797 2201 2851 tionem
2228 2799 2470 2864 petente,
2502 2788 2795 2860 episcnpus
2823 2798 2947 2840 cum
2979 2778 3387 2839 examinatione
3419 2775 3566 2830 obla-

1994 2891 2197 2946 tionem
2233 2885 2534 2957 impertiat.
2569 2880 2725 2949 Quod
2777 2879 2823 2935 si
2870 2876 3006 2932 nihil
3055 2875 3183 2941 tale,
3213 2872 3297 2928 vel
3332 2884 3396 2926 eo
3434 2878 3570 2924 tem-

1996 2995 2133 3052 pore
2158 2978 2323 3051 (quod
2364 2974 2529 3045 absit)
2562 2968 2905 3036 ostenderit;
2950 2968 3041 3038 qui
3075 2964 3142 3020 ad
3182 2964 3236 3018 id
3267 2962 3569 3018 advocatus

1999 3071 2165 3128 fuerit
2218 3065 2501 3131 sacerdos,
2534 3062 2726 3135 procul
2779 3064 3125 3117 revertatur'
3159 3073 3174 3111 :
3204 3069 3412 3110 memor
3465 3052 3571 3106 Do-

1999 3166 2134 3223 mini
2163 3162 2387 3227 Christi,
2418 3158 2653 3217 diccntis
2683 3156 2738 3211 in
2776 3151 3109 3222 Evangelio:
3153 3146 3239 3203 Ne
3273 3143 3569 3216 prajiciatis

1997 3269 2188 3316 sancta
2241 3253 2461 3312 canibus
2495 3290 2514 3318 ,
2568 3264 2730 3320 neque
2786 3244 3015 3300 mittatis
3070 3236 3390 3311 margaritas
3450 3242 3571 3283 ante

2000 3364 2189 3422 porcos
2220 3361 2239 3401 :
2267 3353 2323 3402 et
2370 3350 2632 3414 prmterca
2674 3336 2858 3406 magni
2907 3327 3172 3402 Apostoli,
3210 3322 3466 3387 vetantis,
3503 3334 3572 3374 ne

2001 3417 2127 3516 quis
2157 3455 2281 3496 cum
2322 3435 2517 3493 alienis
2542 3430 2783 3505 peccatis
2813 3423 3199 3484 communicet.
3243 3417 3346 3486 Qui
3388 3420 3570 3470 autem

2002 3513 2319 3606 huiusmodi
2365 3526 2638 3586 sententia
2686 3523 2980 3579 damnatus
3026 3513 3434 3584 erit,seipsum
3483 3521 3575 3562 ac—

2003 3597 2179 3685 cuset.
2221 3625 2434 3680 Dictum
2478 3619 2623 3677 enim
2654 3632 2685 3672 a
2718 3613 2829 3670 Deo
2853 3619 2938 3668 est
2971 3624 3065 3681 per
3106 3604 3453 3677 prophetam,
3510 3597 3572 3653 In

2004 3735 2115 3794 quo
2166 3728 2222 3775 te
2270 3717 2552 3780 invenero,
2590 3711 2645 3766 in
2679 3723 2744 3765 eo
2776 3716 2828 3763 te
2854 3700 3137 3776 iudicabo.
3169 3698 3432 3754 Inventus
3476 3705 3576 3745 au-

2004 3782 2112 3871 tem
2163 3812 2253 3866 hic
2292 3817 2376 3865 est
2418 3807 2471 3861 in
2515 3801 2736 3875 proprio
2778 3802 3027 3871 peccato.
3058 3791 3246 3861 Neque
3278 3785 3413 3843 mihi
3454 3782 3580 3854 quis

2007 3905 2190 3978 magni
2250 3899 2498 3971 Gregorii
2562 3911 2659 3966 per
2716 3889 2982 3948 miracula
3043 3882 3279 3941 celebris
3341 3875 3581 3950 proferat

2007 3966 2298 4062 canvonem,
2330 3990 2423 4063 qui
2460 3998 2576 4044 toto
2614 3987 2738 4042 vitae
2782 3997 2897 4039 suas
2936 3990 3179 4047 tempore
3204 3966 3581 4029 excommuni-

2008 4093 2223 4153 catione
2265 4088 2579 4145 damnatos,
2628 4079 2683 4134 in
2731 4085 2976 4146 tempore
3013 4070 3194 4125 exitus
3241 4057 3583 4121 communio-

2008 4151 2133 4243 nem
2183 4180 2517 4254 participare
2559 4170 2793 4242 benigne
2837 4162 3101 4237 permittit
3131 4178 3147 4217 :
3178 4172 3287 4212 non
3327 4155 3474 4210 enim
3514 4151 3583 4208 de

2010 4282 2079 4336 iis
2120 4244 2401 4348 loquitur,
2422 4282 2565 4341 quos
2587 4262 2794 4337 peccati
2823 4275 2930 4314 non
2964 4254 3227 4327 pmnitet;
3256 4246 3351 4304 sed
3382 4246 3450 4300 de
3490 4244 3581 4306 iis,

2010 4373 2104 4445 qui
2153 4338 2373 4443 quidem
2420 4379 2451 4419 a
2509 4366 2730 4441 peccato
2774 4355 2884 4425 iam
2934 4351 3325 4407 recesserunt,
3367 4338 3584 4409 placare

2014 4432 2197 4522 autem
2277 4461 2447 4516 Deum
2514 4432 2624 4527 per
2699 4435 2839 4507 hanc
2933 4445 3147 4514 longam
3211 4432 3582 4509 paenitentiam

327 4572 467 4625 Θεδν
500 4569 589 4624 διὰ
633 4569 732 4641 τῆς
785 4568 1000 4640 μακρᾶς
1058 4565 1256 4635 ταύτης
1313 4560 1596 4636 μετανοίας
1643 4575 1894 4628 κατακρι¹

2015 4556 2258 4616 damnati
2290 4554 2535 4609 fuerunt.

329 4665 559 4717 θέντων.

329 4798 475 4866 Περὶ
490 4796 628 4879 τοῦ,
658 4799 708 4851 εὶ
753 4796 845 4879 δεῖ
885 4798 994 4876 {ar
1043 4794 1376 4879 ᾆπειρ-ἀκίῳ
1421 4790 1659 4872 γυναικί
1698 4805 1912 4879 fuerat:

407 4858 653 4928 Ξιοῦντιι,
686 4869 830 4939 μετὰ
856 4867 976 4939 τῶν
1003 4867 1118 4939 τὴν
1156 4858 1500 4939 ἀπρόίωσὶν.
1522 4862 1636 4929 τῆς
1689 4858 1912 4939 cautor)

407 4929 716 5008 γυναικὸξ,
782 4940 870 5005 εὶς
930 4929 1184 5009 διλάμου
1232 4936 1269 5005 ἢ
1334 4932 1621 5005 τριγάμου
1673 4929 1914 4999 ,βαθμὸν

413 5008 717 5078 δέχεσθαι.

422 5120 749 5193 Ἧρὼτησας
772 5121 906 5193 πρὸς
938 5121 1168 5186 τούτοις,
1203 5118 1320 5182 πῶς
1350 5117 1432 5171 δεῖ
1454 5116 1638 5169 καλεῖν
1657 5112 1749 5167 τὸν
1776 5109 1916 5181 μετὰ

335 5215 440 5285 τὴν
460 5211 716 5282 τελευτὴν
731 5215 827 5281 τῆς
848 5212 912 5265 ἐκ
932 5209 1150 5279 πρώτου
1182 5208 1360 5278 γάμου
1382 5204 1747 5273 συναφθείσης
1768 5200 1916 5272 αὑτῷ

343 5305 688 5375 συνειτάκτῳ
715 5304 1087 5364 συνοικοῦντα.
1152 5298 1452 5371 καὶταύτῃ
1502 5295 1919 5367 συμμολυνόμε-

341 5413 455 5451 νον.
482 5396 556 5450 Τὸ
578 5395 776 5449 αὐτὸδέ
792 5394 887 5449 καὶ
901 5394 1041 5466 μετὰ
1060 5395 1102 5426 ’⁸
1120 5393 1220 5465 τὴν
1251 5391 1555 5447 άποϐίωσιν
1580 5388 1681 5457 τῆς
1701 5388 1765 5438 ἐκ
1788 5384 1915 5438 δευ-

2016 4796 2099 4849 An
2129 4794 2366 4858 oporteat
2392 4798 2537 4858 eum,
2565 4780 2656 4848 qui
2685 4792 2801 4858 cum
2828 4757 3588 4858 esttrannef’muiiere'

2086 4826 2879 4931 pgiwué‘b'rumg'dﬂ“urbium,
2923 4841 2993 4895 ad
3045 4836 3225 4892 biuubi
3271 4833 3346 4888 uel
3392 4826 3589 4882 trinubt'

2087 4922 2311 5003 'gradum
2351 4922 2566 4991 suscipi.

2093 5103 2368 5176 Quaesiisti
2412 5098 2616 5162 adhazc,
2646 5107 2884 5166 quonam
2937 5086 3100 5144 modo
3143 5080 3423 5141 vocandus
3450 5077 3519 5131 sit
3547 5075 3590 5129 is

2022 5203 2140 5273 qui,
2168 5207 2293 5269 post
2324 5202 2555 5250 mortem
2591 5186 2842 5256 conjugis
2884 5199 2949 5238 ea
2996 5179 3172 5251 primo
3219 5167 3592 5235 matrimonio,

2022 5264 2237 5348 habitat
2279 5301 2402 5342 cum
2451 5290 2737 5341 extranea,
2782 5284 2837 5332 ct
2879 5289 3004 5329 cum
3044 5286 3108 5327 ea
3165 5264 3593 5335 coinquinatur;

2026 5385 2153 5437 item
2206 5377 2300 5450 qui
2344 5384 2470 5448 pest
2506 5373 2716 5429 obitum
2766 5366 3020 5425 secunda:
3067 5359 3253 5417 uxoris
3298 5355 3365 5410 ad
3416 5359 3590 5407 extra-

1624 5529 1857 5586 νΑιιιΑῑ
1891 5522 2294 5583 LEC‘l'tONES.

429 5651 475 5685 ¹³
501 5651 596 5705 καὶ
627 5652 753 5726 περὶ
778 5650 874 5707 τοῦ
912 5650 1080 5722 μετά.

423 5768 636 5835 nstupri
666 5766 1093 5823 consuetudinem
1120 5762 1297 5818 habet.
1324 5770 1389 5835 ﬂ?
1415 5766 1794 5835 sacrumeuta._
1852 5768 1880 5808 ι)
1915 5765 2095 5835 nostra
2128 5753 2286 5835 ratio.
2332 5760 2388 5835 Att
2418 5746 2701 5835 causaquijz
2736 5746 3104 5808 consequatur,
3140 5737 3296 5808 idque
3325 5747 3414 5805 per
3441 5728 3592 5801 ﬁdem

350 5839 407 5897 in
459 5815 567 5894 Dei,
596 5815 1083 5894 tepiidh'iiiiéiiifW
1111 5815 1436 5892 Generaliter
1465 5839 1663 5888 autent.
1696 5831 1847 5884 etde.
1928 5836 1950 5864 ¹
1977 5825 2246 5884 abscedat.
2332 5824 2347 5859 ί
2381 5819 2450 5876 ad
2467 5815 2783 5876 placandum
2823 5822 3018 5870 autem.
