3950 6570
400 403 505 478 991

1673 410 1708 471 Ι
1719 410 1809 473 US
1849 407 2293 469 CANONICUM

3549 399 3646 464 99%

403 527 563 570 leam
611 511 847 569 divertii-
893 512 971 566 Αη
1028 519 1116 576 ille
1159 521 1420 586 binubus,
1461 519 1548 574 hic
1599 521 1874 584 trinubus,
1922 535 1979 573 an

2095 514 2394 587 τέρου,ὲπὶ
2449 510 2803 567 συνείσακτον
2853 509 3264 572 ἀποκλίναντος.
3315 509 3429 563 Καὶ
3466 508 3513 562 εί
3565 511 3649 566 τδν

408 604 733 676 simpliciter
770 613 1135 669 scorla‘tores.
1183 612 1245 666 Et
1290 615 1458 666 miror
1487 612 1616 684 quid
1650 613 1705 667 in
1749 621 1986 667 tuentem

407 697 507 752 tibi
537 700 766 762 venerit.
796 710 856 750 ιιι
893 706 960 761 de
993 707 1077 759 liis
1109 686 1245 760 adeo
1275 706 1562 775 perspicue
1588 706 1986 771 dillcrcntibus,

409 789 567 858 quasi
615 790 1054 852 indill‘ereutilms
1098 799 1384 867 quazsieris
1445 816 1459 852 :
1506 815 1630 854 cum
1676 815 1869 869 magna
1915 800 1988 854 sit

410 881 745 950 bignmorum
779 898 906 939 cum
942 891 1337 944 scnrtatorilius
1363 888 1690 955 dillerentia,
1711 901 1763 944 et
1792 891 1985 944 horum

410 987 605 1024 rursus
641 987 770 1028 cum
818 978 946 1032 illis.
983 978 1136 1044 Quod
1187 982 1442 1035 omnibus
1486 982 1833 1037 manifestum
1881 995 1983 1048 est,

410 1069 464 1114 et
508 1062 745 1118 maxime
793 1083 897 1121 non
950 1069 1321 1136 perfunctorie
1352 1072 1701 1126 audientibus
1730 1089 1985 1144 magnum

412 1153 756 1220 Apostolum,
791 1159 881 1227 qui
932 1159 1220 1229 bigamiam
1270 1171 1418 1218 certa
1461 1165 1676 1219 ratione
1716 1167 1988 1234 reperitur

411 1247 774 1313 concessisse,
828 1252 1214 1306 seortationcm
1271 1269 1397 1308 vero
1455 1271 1823 1324 nequaquam.
1882 1258 1984 1313 Cui

412 1349 722 1404 congruens
779 1353 1008 1409 magnus
1049 1341 1284 1399 Basilius
1328 1345 1407 1398 sic
1447 1345 1524 1399 ait
1563 1347 1618 1400 in
1667 1348 1837 1402 ε.ιοι·ἱε
1869 1351 1985 1404 suis

410 1426 720 1505 «sationibus
751 1445 764 1480 :
795 1428 928 1493 Qua:
959 1431 1011 1484 iu
1041 1432 1308 1489 viduitate
1343 1443 1663 1504 potestatem
1691 1438 1774 1493 sui
1812 1439 1984 1507 ipsius

411 1497 593 1577 habet,
641 1526 698 1570 ut
733 1519 922 1585 nubat,
952 1531 1106 1577 extra
1151 1524 1355 1580 crimen
1405 1535 1523 1591 est,
1586 1543 1709 1582 cum
1746 1529 1985 1599 Aposto-

413 1607 497 1659 lus
529 1607 670 1662 dicat
700 1627 712 1663 :
749 1609 843 1665 Sin
872 1619 1052 1668 autem
1086 1615 1166 1670 vir
1209 1626 1458 1674 mortuus
1488 1620 1670 1685 fuerit,
1703 1620 1873 1678 libera
1900 1632 1985 1678 est

410 1699 496 1751 cui
534 1699 660 1754 velit
696 1702 925 1768 nubere,
957 1705 1121 1778 modo
1149 1708 1200 1761 in
1229 1707 1480 1764 Domino.
1525 1711 1638 1766 lloc
1675 1724 1856 1768 autem
1883 1716 1983 1770 ad-

410 1789 570 1853 didit,
609 1796 967 1850 scortatorios
1013 1806 1208 1853 vetans
1253 1799 1481 1856 allectus
1529 1809 1583 1856 et
1629 1817 1981 1874 congressus,

409 1883 602 1948 quales
657 1900 790 1940 sane
836 1897 964 1942 sunt
1017 1899 1070 1944 et
1116 1899 1498 1948 extranearum
1547 1897 1858 1954 mulierum.
1913 1900 1980 1954 Et

412 1972 643 2041 liigamia
679 1977 900 2046 quidem
937 1982 1250 2049 precatione
1285 1997 1639 2042 consecratur
1667 2009 1681 2044 :
1714 1993 1980 2047 scortatio

410 2077 592 2117 autem
644 2082 990 2139 nequaquam
1035 2090 1048 2126 :
1099 2083 1193 2128 aut
1242 2077 1504 2132 scortatio
1549 2093 1872 2151 non-esset.
1915 2084 1980 2140 Et

410 2156 627 2221 quidem
664 2159 896 2229 bigamia
932 2163 1410 2234 (quemadmodum
1455 2153 1688 2244 magnus
1726 2178 1799 2232 ait
1830 2177 1981 2233 Basi-

409 2245 539 2316 lius)
580 2266 760 2321 neque
815 2257 1224 2314 matrimonium
1267 2269 1374 2327 est,
1421 2279 1597 2335 neque
1647 2269 1979 2327 matrimonii
2001 2260 2016 2270 ”

410 2335 760 2410 priucipium.
789 2345 942 2410 Quod
973 2357 1152 2404 autem
1186 2350 1419 2421 bigamia
1442 2357 1514 2410 sit
1542 2361 1974 2430 matrimonium,

407 2442 474 2482 ex
523 2430 641 2500 ipso
692 2438 914 2494 nomine
948 2439 1135 2511 liquet.
1170 2442 1235 2498 Et
1269 2447 1470 2517 bigami
1510 2452 1728 2520 quidem
1765 2455 1980 2515 duobus

408 2522 571 2577 annis
620 2533 1250 2600 vacantcommunione,
1298 2538 1500 2607 quibus
1551 2542 1806 2612 impletis,
1855 2561 1974 2602 eam

410 2623 714 2670 merentur.
772 2619 1135 2690 Scortatores,
1187 2627 1233 2682 si
1287 2631 1502 2698 quidem
1562 2648 1592 2688 a
1645 2639 1979 2695 scortatione

408 2715 647 2769 cessent,
677 2723 773 2777 per
809 2724 982 2768 annos
1025 2726 1231 2786 septem
1271 2718 1512 2792 integros
1536 2731 1978 2784 eiteommunica-

409 2791 558 2848 tione
619 2797 967 2869 damnantur,
1019 2814 1141 2876 post
1201 2825 1339 2879 quos
1393 2791 1474 2866 ad
1534 2819 1978 2876 communionem

407 2887 794 2947 admittuntur.
828 2893 983 2960 Quod
1018 2899 1064 2953 si
1100 2902 1332 2958 scortari
1384 2921 1490 2960 non
1529 2907 1804 2974 desinant,
1838 2912 1890 2966 in
1921 2929 1979 2969 se

412 2973 513 3043 ipsi
555 2986 1142 3044 excommunicationis
1174 2995 1499 3048 sententiam
1536 2995 1739 3054 ferunt.
1771 3001 1834 3056 Et
1865 3003 1979 3059 hare

408 3065 476 3122 de
523 3070 827 3132 differentia
879 3082 1264 3151 nuptiarum],
1305 3095 1358 3140 et
1407 3099 1773 3148 scortatormn
1807 3114 1822 3151 :
1853 3113 1976 3154 cum

2096 607 2218 677 μὲν,
2239 606 2490 676 δίγαμον,
2529 606 2620 658 τὸν
2654 603 2731 668 δὲ,
2765 604 3034 676 τρίγαμον
3063 619 3079 633 ο
3113 603 3146 674 ἦ
3195 603 3422 673 πόρνομς
3451 602 3644 669 ἁπλῶς.

2094 696 2202 748 Καί
2234 713 2326 749 σου
2352 696 2614 766 θαυμάζω
2679 694 2777 765 τὴν
2834 694 3072 761 σύνεσιν,
3151 693 3300 757 ὅπως
3361 694 3492 765 περὶ
3546 695 3648 748 τῶν

2091 785 2233 838 οὕτω
2286 786 2552 856 πρόδτρον
2601 785 2833 853 ἑχόντων
2893 783 2991 856 τὴν
3073 784 3356 854 διαφορὰν,
3419 784 3492 847 ὡς
3532 787 3648 855 περὶ

2093 876 2423 948 ἀδιαερόρων,
2459 877 2667 947 ἐρωτᾷν
2695 875 2978 947 προήχθης
3003 893 3016 906 ·
3045 876 3127 930 ὅτι
3157 875 3326 946 πολλή
3353 891 3438 938 τις
3477 876 3509 944 ἡ
3550 876 3648 929 τῶν

2093 967 2342 1036 διγάμων
2375 968 2513 1037 πρὸς
2543 968 2670 1030 τοὺς
2706 968 2940 1036 πόρνους
2991 966 3245 1036 διαφορά,
3299 966 3394 1020 καὶ
3459 966 3646 1021 τούτων

2092 1059 2247 1123 αὖθις
2276 1060 2412 1128 πρὸς
2433 1059 2696 1123 ἐκείνους.
2717 1061 2896 1130 Ὅπερ
2917 1059 3090 1112 ἅπασι
3108 1058 3375 1130 πρόδηλον
3403 1075 3416 1089 ·
3435 1059 3525 1113 καὶ
3544 1061 3639 1130 μά-

2090 1149 2245 1204 λιστα
2267 1155 2379 1214 τοῖς
2409 1153 2484 1223 μὴ
2509 1153 2799 1223 παρέργως
2826 1152 3086 1206 ἀκούουσι
3115 1153 3208 1206 τοῦ
3235 1152 3474 1224 μεγάλου
3505 1153 3646 1208 Ἀπο-

2093 1245 2300 1305 στόλου,
2323 1245 2382 1306 ὃς
2414 1246 2516 1315 τὴν
2551 1246 2651 1314 μὲν
2709 1245 2970 1314 διγαμίαν
3005 1245 3366 1315 οἰκονομικῶς
3404 1262 3644 1316 παραχωο

2091 1338 2202 1409 ρῶν
2231 1338 2460 1408 εὕρηται
2485 1355 2499 1369 ·
2527 1339 2628 1408 τὴν
2649 1339 2905 1409 πορνείαν
2929 1338 2984 1390 δὲ
3013 1338 3284 1407 οὐδαμῶς,
3324 1333 3399 1406 *ῼ
3425 1337 3487 1407 δὴ
3519 1355 3644 1391 στοι-

2088 1430 2200 1500 χῶν
2227 1429 2324 1483 καὶ
2348 1431 2375 1482 6
2407 1429 2580 1500 μέγας
2602 1429 2904 1496 Βασίλειος,
2931 1428 3072 1482 οὕτω
3097 1428 3213 1492 πώς
3268 1436 3438 1499 φησιν
3465 1430 3519 1481 ἐν
3548 1432 3645 1491 τοῖς

2092 1523 2260 1592 ἱεροῖς
2295 1523 2518 1576 κανόσιν
2557 1522 2749 1578 αὑτοῦ·
2799 1523 2863 1576 Ἦ
2893 1525 2950 1576 ἐν
2982 1523 3178 1594 χηρείᾳ
3198 1522 3446 1590 ἐξουσίαν
3467 1525 3646 1596 ἑαυτῆς

2092 1612 2294 1680 ἔχουσα
2330 1616 2621 1679 συνοικεῖν,
2673 1614 3004 1685 ἀνέγκλητός
3030 1615 3176 1668 ἐστι·
3203 1613 3298 1666 τοῦ
3338 1615 3644 1668 ’Δποστόλου

2089 1705 2362 1774 λέγοντος,
2405 1707 2527 1760 Ἐὰν
2547 1707 2604 1760 δὲ
2639 1705 2891 1779 ἀποθάνῃ
2942 1709 2970 1760 6
2998 1706 3158 1776 ἀνὴρ,
3207 1707 3472 1777 ἐλευθέρα
3513 1707 3644 1763 ἐστὶν

2085 1790 2130 1864 ᾧ
2157 1797 2300 1851 ϐέλει
2323 1797 2658 1867 γαμηθῆναι,
2695 1797 2854 1867 μόνον
2885 1798 2944 1849 ὲν
2973 1797 3183 1867 Κυρίῳ.
3203 1795 3379 1852 Τοῦτο
3409 1797 3465 1850 δὲ
3492 1814 3643 1867 προσ·

2013 1861 2059 1917 Β
2092 1861 2281 1956 ἔθηκε,
2334 1861 2473 1948 ’τάς
2534 1861 2821 1957 ’πορνικὰς
2881 1861 3106 1940 κωλύων
3135 1861 3146 1867 ⁷
3173 1886 3519 1957 συμπαθείας
3564 1890 3646 1940 καί⁵

2091 1975 2412 2044 συναφείας,
2446 1979 2628 2031 ὁποῖαι
2653 1976 2716 2048 δὴ
2739 1979 2834 2030 καὶ
2899 1978 2953 2030 αἱ
2982 1978 3089 2032 τῶν
3127 1981 3515 2033 συνεισάκτων.
3551 1983 3645 2035 Καὶ

2087 2073 2119 2142 ἡ
2167 2072 2263 2140 μὲν
2288 2069 2520 2140 διγαμία
2549 2071 2713 2139 εὐχῆς
2739 2070 3004 2137 ἀξιοῦται,
3049 2071 3081 2141 ἡ
3124 2072 3350 2142 πορνεία
3407 2073 3463 2126 ὀὶ
3509 2074 3646 2128 0'36:-

2092 2160 2214 2231 μοῦ.
2250 2163 2318 2214 Ἢ
2348 2161 2457 2231 γὰρ
2491 2161 2557 2216 ἂν
2581 2163 2643 2214 οὐ
2681 2161 2907 2231 πορνεία
2930 2157 3022 2233 ἧν.
3054 2163 3166 2217 Καὶ
3219 2165 3250 2234 ἡ
3289 2162 3397 2234 μὲν
3438 2166 3645 2236 πορνεία

2089 2255 2293 2325 (καθώς
2317 2272 2482 2326 φησιν
2513 2255 2542 2308 6
2568 2255 2744 2324 μέγας
2771 2254 3068 2324 Βασίλειος)
3099 2254 3229 2309 οὔτε
3252 2257 3436 2328 γάμος
3492 2260 3643 2322 ἐστὶν,

2086 2344 2212 2398 οὔτε
2243 2345 2420 2416 γάμου
2452 2345 2594 2416 ἀρχή
2614 2361 2629 2376 ο
2665 2345 2698 2415 ἠ
2733 2345 2790 2398 δὲ
2813 2345 3068 2416 διγαμία,
3088 2347 3182 2405 ¹ὃτι
3209 2347 3414 2417 γάμος,
3475 2352 3564 2404 καὶ
3593 2351 3644 2415 ἐξ

2088 2437 2366 2491 αὐτοῦτοῦ
2397 2436 2662 2506 ὀνόματος
2706 2437 2962 2509 φανερόν.
2998 2438 3108 2493 Καὶ
3156 2440 3207 2492 oi
3262 2441 3362 2511 μὲν
3425 2441 3641 2512 δίγαμοι,

2087 2529 2179 2582 ἐπὶ
2207 2528 2360 2581 δυσὶν
2377 2528 2520 2580 ἔτεσι
2541 2527 2901 2597 σχολάσαντες
2926 2529 3026 2598 τῆς
3047 2531 3350 2595 κοινωνίας,
3389 2533 3524 2602 μετὰ
3551 2533 3639 2604 τὴν

2085 2619 2290 2674 τούτων
2317 2620 2712 2691 συμπ7ήρωσιν
2740 2619 3020 2686 ἀξιοῦνται
3050 2621 3244 2690 αὐτῆς,
3280 2625 3331 2674 οί
3352 2623 3416 2677 δὲ
3449 2627 3639 2692 πόρνοι,

2088 2711 2432 2782 παυσάμενοι
2467 2711 2567 2780 μὲν
2597 2710 2700 2781 τῆς
2736 2713 3016 2782 πορνείας,
3062 2707 3314 2781 ἑφ³ὃὶοις
3371 2715 3511 2768 ἑπτά
3541 2717 3642 2768 ἓτε-

2089 2821 2173 2857 σιν
2204 2805 2603 2876 ἀκοινωνησίαν
2628 2805 3070 2876 κατακρίνονται,
3119 2805 3237 2874 μεθ’
3264 2806 3301 2861 ἃ
3320 2807 3386 2877 δὴ
3417 2809 3640 2877 δέχονται

2088 2894 2167 2956 είς
2196 2894 2505 2948 κοινωνίαν.
2539 2893 2626 2964 Μὴ
2660 2895 2999 2965 παυσάμενοι
3040 2895 3120 2960 δὲ,
3171 2897 3326 2950 αὐτοὶ
3378 2899 3502 2952 καθ’
3526 2901 3638 2952 ἑαυ-

2087 2986 2196 3037 τῶν
2222 2985 2319 3057 τὴν
2349 2987 2446 3056 τῆς
2490 2987 2890 3057 ἀκοινωνησίας
2938 2983 3117 3058 ψῆφον
3175 2988 3492 3060 ἐκφέρουσι.
3544 2992 3639 3044 Καὶ

2088 3077 2260 3130 ταῦτα
2305 3079 2430 3148 περὶ
2479 3078 2742 3147 διαφοράς
2785 3079 2980 3149 γάμων
3030 3096 3090 3132 τε
3143 3079 3186 3112 ⁸⁸
3239 3081 3335 3134 καὶ
3396 3083 3596 3152 πύρνων
3625 3098 3637 3112 ·

409 3159 611 3225 quibus
653 3166 995 3225 collocantur
1022 3174 1185 3229 etiam
1221 3177 1356 3246 qui'
1385 3194 1510 3235 cum
1551 3187 1826 3244 extraneis
1861 3205 1978 3246 mu-

412 3248 624 3273 ,,A__,.-_,
669 3256 681 3273 .
896 3269 904 3273 _

2091 3167 2209 3238 μεθ’
2241 3161 2318 3222 ὧν
2362 3169 2428 3240 δὴ
2462 3169 2746 3223 τάττονται
2797 3171 2892 3223 καὶ
2924 3171 2975 3224 οἱ
3034 3171 3414 3236 συνεισάκτοις
3475 3188 3637 3225 συνοι-

410 3248 635 3311 lieribus
666 3256 931 3317 habitant.

412 3364 487 3421 De
537 3385 620 3437 eo,
659 3389 729 3428 an
774 3380 1068 3446 majoribus
1115 3387 1281 3465 pmufs
1326 3387 1622 3465 plectantur
1664 3403 1976 3465 scortantes,

987 3469 1143 3518 quam
1175 3457 1395 3512 triuubi.

484 3550 596 3608 lloc
629 3558 883 3627 amplius,
923 3569 977 3615 et
1030 3565 1280 3632 trigamia
1315 3586 1360 3624 .a
1403 3577 1758 3642 scortatione,
1793 3588 1847 3634 et
1883 3583 1979 3636 tri-

409 3641 550 3708 gami
584 3657 613 3696 a
654 3652 1050 3706 scortatorilms
1081 3655 1358 3713 dillerunt.
1396 3659 1561 3733 ldque
1591 3681 1656 3720 ex
1687 3667 1772 3722 liis
1801 3672 1978 3725 mani-

408 3730 607 3787 festum
657 3747 762 3792 est.
815 3741 895 3795 llli
947 3745 1088 3800 enim
1138 3764 1261 3804 cum
1319 3730 1566 3811 sordium
1618 3761 1974 3830 purgatione,

406 3823 570 3878 etiam
620 3831 885 3886 canonico
936 3837 1133 3908 rigore,
1176 3844 1547 3912 precationem
1597 3861 1974 3912 merenturx:

409 3911 461 3964 hi
507 3921 724 3982 autem,
766 3930 1100 3982 scortatores
1139 3911 1426 3998 videlicet,
1473 3936 1621 3992 nullo
1668 3941 1846 3996 modo.
1893 3943 1975 3998 Illi

405 4005 625 4072 quidem
689 4021 975 4084 postquam
1045 4021 1406 4094 quinquennii
1442 4031 1976 4099 {excommunicatio-

406 4111 550 4164 nem,
603 4116 711 4157 non
753 4119 780 4158 a
832 4121 1062 4177 canone,
1109 4123 1166 4170 ut
1218 4132 1448 4189 magnus
1497 4122 1674 4190 inquit
1718 4125 1976 4196 Basilius,

404 4189 502 4243 sed
542 4193 810 4264 majorum
855 4203 1151 4261 traditione
1195 4211 1539 4282 sustulerint,
1566 4189 1760 4272 deinde
1800 4189 1978 4289 paeni;

405 4284 588 4340 tentia:
616 4285 850 4346 fructum
883 4296 1249 4365 exliibuerint,
1277 4301 1329 4356 in
1361 4308 1766 4365 communionis
1793 4311 1972 4369 locum

407 4378 794 4437 restituuntur.
831 4385 897 4438 At
943 4397 1300 4458 scortatores,
1335 4395 1378 4448 si
1424 4411 1454 4449 a
1498 4401 1829 4458 scortatione
1884 4421 1973 4458 rc-

406 4471 697 4538 cesserint,
727 4485 921 4529 octavo
962 4491 1108 4532 anno
1139 4495 1256 4534 eam
1290 4495 1606 4542 merentur:
1638 4490 1683 4543 si
1730 4507 1835 4546 non
1884 4511 1971 4550 re-

2084 3259 2274 3314 κοῦντε
2283 3278 2328 3324 ς.

2081 3374 2220 3443 Περὶ
2261 3376 2389 3444 τοῦ,
2414 3377 2468 3431 εί
2507 3375 2777 3449 μείζοσιν
2825 3376 3152 3449 ἐπιτιμίοις
3193 3377 3565 3449 ἐπιτιμῶνται
3589 3382 3636 3433 cl

2434 3447 2830 3516 πορνεύοντες
2851 3446 2971 3500 τῶν
2990 3446 3300 3518 τριγάμων.

2154 3560 2274 3613 Ἔτι
2308 3559 2363 3612 δὲ
2390 3560 2484 3614 καὶ
2509 3561 2541 3630 ὴ
2568 3559 2834 3630 τριγαμία
2861 3561 2998 3624 πρὸς
3018 3561 3118 3632 τὴν
3144 3562 3426 3631 πορνείαν,
3458 3564 3547 3617 καί
3593 3566 3637 3616 oi

2080 3651 2478 3721 τριγαμοῦντες
2506 3652 2638 3722 πρὸς
2660 3653 2785 3715 τοὺς
2827 3653 3059 3723 πόρνους
3116 3655 3477 3725 διενηνόχασι.
3540 3657 3636 3709 Καὶ

2079 3744 2237 3813 δῆλον
2259 3745 2320 3796 ἐκ
2351 3743 2540 3799 τῶνδε.
2579 3745 2644 3796 Ol
2670 3744 2768 3813 μὲν
2801 3745 2909 3815 γὰρ
2936 3747 3030 3799 καὶ
3067 3747 3182 3816 μετ’
3209 3748 3514 3818 ἐκρύψεως,
3551 3750 3637 3802 καὶ

2081 3836 2232 3906 παρὰ
2263 3835 2360 3906 τὴν
2393 3836 2681 3906 κανονικὴν
2700 3837 3009 3907 ἀκρίϐειαν,
3039 3839 3202 3909 εὐχῆς
3251 3841 3382 3907 γοῦν
3411 3840 3635 3909 ἠξιώθη-

2082 3944 2203 3980 σαν.
2229 3930 2291 3980 Οί
2320 3927 2398 3991 δὲ,
2432 3928 2482 3980 οί
2509 3928 2698 3996 πόρνοι
2736 3928 2965 4000 δηλαδὴ,
2999 3931 3274 3999 οὐδαμῶς.
3328 3933 3438 3985 Καὶ
3472 3933 3518 3985 οί
3547 3937 3634 4001 μὲν

2081 4017 2402 4081 πενταετίας
2432 4018 2738 4088 ἀφορισμὸν
2764 4021 2862 4072 οὐκ
2885 4021 2992 4073 ἀπὸ
3021 4021 3246 4085 κανόνος
3272 4021 3366 4093 (ὡς
3417 4025 3444 4076 6
3474 4025 3636 4095 μέγας

2081 4113 2215 4183 φησὶ
2269 4111 2588 4182 Βασίλειος),
2636 4111 2753 4166 ἀλλ’
2796 4112 2903 4168 ἀπὸ
2954 4114 3053 4183 τῆς
3091 4115 3194 4168 τῶν
3241 4118 3635 4188 προειληφότων

2077 4206 2397 4270 ἀκολουθίας
2425 4206 2834 4275 ὑπενεγκόντες,
2871 4203 2986 4262 εἶτα
3009 4207 3220 4280 καρπὸν
3253 4210 3634 4282 ἐπιδειξάμενοι

2083 4296 2392 4368 μετανοίας,
2451 4297 2531 4360 είς
2575 4297 2664 4351 τὸν
2722 4297 2823 4367 τῆς
2872 4299 3156 4363 κοινωνίας
3200 4300 3364 4354 τόπον
3410 4301 3630 4356 άποκαθ·

2085 4390 2356 4446 ίστανται.
2386 4392 2449 4444 Ol
2495 4389 2552 4442 δὲ
2590 4390 2966 4462 πορνεύοντες,
2994 4393 3351 4462 ἀφιστάμενοι
3414 4395 3509 4464 μὲν
3545 4396 3632 4464 τῆς

2080 4485 2357 4554 πορνείας,
2378 4485 2436 4536 ὲν
2457 4482 2532 4554 τῷ
2554 4483 2726 4553 ὀγδόῳ
2757 4483 2864 4537 ἔτει
2888 4486 3056 4555 αὐτῆς
3085 4485 3386 4552 ἀξιοῦνται,
3418 4488 3489 4558 μὴ
3539 4489 3629 4554 ἀφ-

406 4561 694 4628 ecsscrint,
727 4581 1097 4636 nequaquam.
1135 4571 1532 4632 llatiociuando
1576 4579 1744 4649 igitur
1777 4586 1973 4657 collige

2086 4567 2360 4646 ιστάμενοι
2390 4575 2466 4636 δὲ.
2499 4575 2769 4644 οὐδαμῶς.
2803 4576 3124 4644 Συλλογίζου
3151 4577 3242 4632 οὖν
3265 4580 3361 4642 τὰς
3391 4580 3631 4650 διαφοράς

404 4647 503 4704 has
550 4651 906 4724 dill‘crentias,
936 4667 991 4713 ct
1032 4675 1138 4716 non
1187 4663 1482 4733 dubitabis,
1516 4647 1662 4727 sitne
1699 4647 1975 4733 scortator

403 4753 473 4793 an
517 4741 792 4812 trinubus,
825 4749 919 4817 qui
948 4759 1072 4820 post
1103 4755 1374 4812 secundas
1398 4761 1620 4831 nuptias
1648 4764 1767 4822 sine
1790 4783 1975 4838 preca-

400 4831 548 4884 tione
593 4849 716 4889 cum
762 4841 1016 4911 quapiam
1067 4847 1292 4904 muliere
1335 4857 1546 4922 turpem
1594 4856 1756 4912 vitam
1790 4831 1970 4930 agili.

2075 4667 2295 4733 ταύτας,
2327 4667 2420 4722 καὶ
2449 4669 2547 4720 οὐκ
2578 4669 2898 4740 ἀπορήσεις.
2947 4663 3073 4723 Οἴον
3134 4671 3183 4723 εἰ
3236 4672 3427 4741 πόρνος
3465 4672 3496 4742 ἢ
3527 4672 3629 4742 τρί⁸

2076 4776 2252 4829 γαμος
2283 4761 2310 4812 6
2339 4759 2479 4828 μετὰ
2496 4759 2594 4825 τὴν
2628 4759 2889 4830 διγαμίαν
2921 4761 3087 4831 εὐχῆς
3119 4762 3246 4816 ἀνευ
3281 4763 3497 4832 γυναικί
3533 4779 3634 4816 τινι-

2078 4851 2507 4920 συμιρθειρόμενε
2529 4869 2585 4914 ς.
2619 4851 2809 4916 Ὅπως
2835 4852 2890 4906 δὲ
2924 4854 3088 4907 πάλιν
3117 4853 3186 4908 τὰ
3206 4855 3315 4908 τῶν
3360 4857 3628 4927 τριγάμων

402 4918 615 4978 Rursus
647 4940 882 4993 quonam
931 4934 1092 4989 modo
1131 4937 1257 5007 jura
1295 4940 1642 5000 triuuborum
1683 4961 1968 5017 regantur,

2086 4918 2468 5012 οἰκονομεῖται,
2488 4959 2510 4995 τ
2524 4941 2568 5012 ᾧ
2587 4943 2686 5013 τῆς
2705 4943 2952 5008 ὲνὼσεως
2976 4947 3128 5017 τόμῳ
3155 4918 3409 5017 ἐντυχὼν
3424 4949 3628 5019 μαθήσῃ

397 5026 465 5066 ες
517 5019 735 5075 unionis
757 5030 778 5056 ι

475 5289 552 5348 De
575 5310 653 5362 eo,
676 5298 766 5370 qui
782 5301 1154 5358 auimadrertit
1181 5323 1332 5360 suum
1359 5310 1527 5380 ﬁlium
1551 5326 1890 5376 scortautem.

468 5452 740 5520 Quantum
787 5466 968 5515 autem
1008 5461 1073 5516 ad
1117 5462 1246 5517 illud
1293 5467 1563 5533 pertinet,
1612 5486 1677 5523 an
1719 5478 1968 5540 oporteat

467 5673 514 5705 "
543 5670 788 5741 διγάμων
815 5689 894 5726 τε.

465 5777 490 5804 υ
517 5763 874 5835 digamorum.

421 5850 568 5890 .nuen
618 5836 636 5889 ἰ
644 5845 927 5904 mpetrant.

955 5773 977 5800 ν
1009 5764 1146 5818 inter
1181 5782 1306 5832 quos
1356 5766 1654 5834 referuntur
1701 5781 1747 5819 ct
1785 5770 1892 5836 qui.

1033 5845 1060 5885 γ
1104 5837 1275 5904 stupri
1312 5837 1736 5892 rbusuctttdiuem
1777 5840 1945 5894 lin-(vet.

2075 5033 2412 5103 σαφέστατα.
2438 5035 2510 5088 Οὐ
2543 5035 2706 5108 σχολὴ
2737 5035 2844 5107 γὰρ
2896 5037 3030 5108 ἡμῖν
3081 5038 3200 5103 ταῖς
3229 5039 3407 5094 ικεῖσε
3436 5039 3623 5094 διαστί⁹

2075 5125 2188 5192 ξεσι
2219 5125 2532 5197 διατρίϐειν.
2622 5154 2624 5156 τ

2151 5309 2289 5366 Περὶ
2318 5308 2424 5364 τοῦ
2453 5307 2977 5398 ἐπινοοῦντοςβὸν
3004 5312 3223 5369 ἑαυτοῦ
3268 5313 3402 5371 ι’ίόν
3427 5331 3559 5384 πορ-

2760 5397 3034 5437 νευογτα.

2148 5477 2283 5545 Περὶ
2305 5474 2361 5527 δὲ
2399 5472 2492 5527 τοῦ
2536 5473 2582 5525 εί
2619 5471 2723 5544 χρὴ
2753 5471 2879 5536 τοὺς
2913 5473 3078 5544 ίερετς
3120 5480 3218 5545 τὰς
3247 5478 3354 5534 τῶν
3392 5477 3622 5547 πατέρων

1692 5586 1919 5644 VARUS
1955 5589 2352 5648 LECTIONES.

1975 5778 1996 5805 κ
2025 5771 2142 5825 licet
2191 5779 2384 5839 prwtcr
2423 5781 2731 5852 accuratam
2780 5789 3040 5828 canonum
3083 5771 3428 5839 sententiam,
3454 5775 3614 5840 prece!

2033 5851 2052 5877 ι
2088 5855 2152 5896 ex.
2177 5851 2314 5894 tomo
2342 5851 2574 5898 uutonts.
