3950 6576
304 333 414 411 ωθ

1554 355 2265 424 (ΞΗιΕΕΟοΒΟΜΑΝΙῙΜ.

3454 376 3564 444 994

306 453 526 509 ἐκείνων
551 451 801 526 δέχεσθαι
830 457 1171 530 προσφορὰς,
1192 452 1268 515 ὧν
1308 460 1515 534 εἰδήσει
1559 465 1607 517 oi
1645 466 1860 535 ὑπεξούι

1983 472 2299 559 sacerdotes
2345 476 2627 548 suscipere
2680 476 2989 538 oblationes
3041 491 3260 553 patrum
3309 487 3528 545 illorum
3554 532 3568 560 ,

305 562 408 600 αιοι
432 546 623 611 παῖδες
648 546 1021 618 πορνεύουσιν,
1062 551 1096 623 ἢ
1130 551 1206 627 μὴ
1243 552 1421 624 (τοῦτο
1450 555 1560 627 γάρ
1584 574 1665 612 σοι
1687 559 1882 632 τέταρ-

299 654 394 692 τον
420 636 713 710 ἐρώτημα)
734 653 749 668 ⁸
778 642 922 711 φημὶ
947 642 1025 705 ὡς
1053 644 1102 696 εί
1130 643 1213 699 δεῖ
1233 645 1333 710 τὰς
1358 646 1468 701 τῶν
1506 650 1881 718 πορνευόντων

297 730 399 783 καὶ
430 729 507 800 μὴ
544 731 939 804 ἀφισταμένων
986 734 1087 804 τῆς
1124 737 1385 807 πορνείας
1426 740 1770 810 προσίεσθαι,
1800 741 1884 796 δεῖ

296 820 521 886 πάντως
571 823 667 877 καὶ
714 823 814 887 τὰς
865 825 976 880 τῶν
1031 827 1307 898 πατέρων,
1362 821 1438 884 ὧν
1485 833 1769 904 προτροπῇ
1827 833 1879 887 οί

295 912 490 978 παῖδες
543 915 890 985 πορνεύουσι.
937 918 1012 971 Τὸ
1064 919 1173 989 γὰρ
1228 919 1441 986 εἰδότας
1492 922 1567 994 μὴ
1618 922 1879 992 κωλύειν,

292 1003 436 1058 ἀλλὰ
471 1007 651 1076 σιγᾷν,
692 1008 1026 1080 προτρέπειν
1069 1009 1332 1081 ἄντικρύς
1361 1013 1535 1067 ἔστιν.
1568 1013 1632 1067 Εἰ
1677 1012 1725 1067 δ’
1777 1014 1879 1069 οὐκ

289 1096 492 1163 ἐκεῖνο,
525 1097 642 1162 πῶς
664 1098 859 1167 τοῦτο;
890 1100 1031 1155 ἀλλὰ
1073 1100 1182 1173 μὴν
1225 1102 1326 1166 τὰς
1364 1102 1475 1157 τῶν
1503 1105 1876 1173 πορνευόντων

289 1186 353 1239 οὐ
403 1186 728 1256 προσίεσθαι
780 1189 879 1246 δεῖ.
938 1191 1054 1247 Οὐκ
1082 1193 1193 1265 ἄρα
1237 1194 1360 1249 οὐδὲ
1399 1195 1501 1259 τὰς
1544 1197 1653 1252 τῶν
1684 1215 1877 1253 κοινω-

288 1275 531 1334 νούντων
565 1281 769 1347 αὐτοῖς.
800 1284 923 1338 Ὀτι
952 1285 1008 1339 δὲ
1037 1287 1291 1352 κοινωνὸς
1320 1291 1348 1342 ὁ
1380 1288 1579 1360 πατὴρ,
1618 1292 1869 1363 φανερόν.

287 1372 384 1437 Ei;
413 1372 573 1428 τοῦτο
597 1376 707 1447 γὰρ
739 1375 895 1447 φέρει
927 1378 988 1431 τό
1012 1395 1027 1411 ο
1058 1379 1121 1432 Ei
1152 1380 1407 1450 ὲθεώριις
1443 1382 1709 1453 κλέπτην,
1742 1400 1873 1437 συν-

286 1463 510 1536 έτρεχες
538 1466 687 1538 αὐτῷ
710 1483 729 1500 ο
761 1468 856 1522 καὶ⁵
880 1470 1019 1540 μετά
1048 1470 1239 1543 μοιχοῦ
1273 1471 1373 1543 τὴν
1402 1474 1599 1544 μερίδα
1638 1492 1733 1528 σου
1759 1475 1872 1529 ἐτί-

285 1554 424 1617 Θεις.
453 1555 562 1608 Καὶ
595 1558 655 1610 ὲν
688 1555 768 1628 τῷ
793 1555 875 1612 οα¹
920 1559 1109 1614 κανόνι
1151 1561 1247 1615 τοῦ
1277 1563 1518 1632 μεγάλου
1561 1564 1869 1632 Βασιλείου,

284 1646 344 1711 δς
371 1648 584 1716 λέξεσιν
637 1650 832 1716 αὐταῖς
868 1652 1042 1717 οὔτως
1076 1651 1352 1718 διέξεισιν·
1397 1654 1456 1709 '0
1512 1656 1870 1727 συνεγνωκὼς

284 1738 506 1809 ἑκάστῳ
554 1738 663 1794 τῶν
726 1741 1172 1813 ἁμαρτανόντων,
1226 1745 1321 1800 καὶ
1376 1746 1453 1819 μὴ
1501 1746 1867 1821 ὁμολογήσας,

1979 552 2185 634 quibus
2207 565 2513 625 scientibus
2548 569 2643 625 lilii
2667 570 2721 625 in
2745 579 3021 641 potestate
3044 552 3214 646 positi
3241 552 3568 647 scortamur,

1978 668 2155 712 necne
2208 658 2377 724 (haec
2407 662 2552 717 enim
2596 669 2683 719 est
2721 661 3089 737 interrogatio
3151 680 3243 726 tua
3294 678 3567 744 quarta).

1979 744 2102 801 aio:
2131 745 2190 802 Si
2214 752 2600 820 scortautium,
2622 768 2724 811 nec
2764 770 2795 811 a
2815 760 3151 817 scortatione
3172 767 3566 833 recedentium,

1976 837 2293 898 oblationes
2313 844 2661 901 admittenda:
2677 858 2810 904 sunt
2834 866 2849 915 ;
2884 861 3103 920 patrum
3129 853 3291 909 etiam
3317 859 3567 925 omnino,

1982 944 2218 1000 quorum
2246 936 2521 1004 permissu
2543 938 2701 995 liberi
2720 948 3057 1000 scortantnr.
3085 944 3219 1000 Nam
3242 962 3352 1004 non
3381 957 3569 1006 \etare

1978 1022 2247 1092 scientes,
2284 1028 2377 1083 sed
2415 1036 2598 1086 tacere
2627 1050 2643 1100 ;
2684 1033 3003 1104 permittere
3036 1040 3228 1108 procul
3259 1040 3431 1097 dubio
3457 1053 3563 1100 est.

1975 1111 2132 1181 Quod
2159 1117 2205 1172 si
2230 1133 2341 1173 non
2381 1120 2538 1190 illud,
2571 1121 2676 1179 hoc
2699 1141 2939 1195 quonam
2972 1128 3137 1186 modo
3158 1131 3192 1215 ,τ
3216 1131 3378 1203 Atqui
3408 1149 3565 1191 scor-

1974 1208 2210 1261 tantium
2242 1224 2352 1265 non
2390 1219 2519 1267 sunt
2549 1214 2901 1273 admittenda;
2938 1236 2953 1274 :
2993 1234 3097 1275 nec
3136 1208 3304 1292 igitur
3346 1239 3560 1289 eorum,

1974 1299 2067 1367 qui
2091 1301 2302 1356 conscii
2334 1304 2680 1376 participant.
2716 1309 3010 1366 Conscium
3038 1322 3220 1369 autem
3253 1324 3307 1371 et
3337 1318 3562 1385 partici-

1973 1401 2097 1457 pem
2133 1404 2258 1444 esse
2284 1401 2520 1460 patrem,
2564 1398 2914 1468 perspicuum
2953 1411 3057 1458 est.
3102 1402 3180 1459 Eo
3224 1406 3373 1462 enim
3423 1409 3556 1464 illud

1974 1480 2212 1548 pertinet
2243 1502 2255 1537 :
2292 1482 2351 1539 Si
2375 1487 2752 1558 conspiciebas
2786 1492 2987 1561 furem,
3019 1510 3143 1551 cum
3167 1513 3233 1553 eo
3262 1515 3558 1557 concurre-

1972 1569 2072 1626 bas
2106 1587 2122 1636 ;
2153 1581 2209 1627 et
2241 1588 2364 1628 cum
2412 1578 2631 1634 moecho
2668 1589 2881 1651 partem
2916 1593 3065 1640 tuam
3102 1588 3363 1656 ponebas.
3400 1590 3467 1646 Et
3499 1592 3556 1646 in

1974 1660 2034 1717 7i
2063 1678 2275 1722 canone
2303 1670 2484 1740 magni
2507 1669 2718 1738 Basilii,
2748 1676 2842 1746 qui
2873 1676 2957 1732 his
2985 1678 3166 1734 verbis
3189 1685 3503 1750 pronuntiat
3533 1699 3548 1737 :

1971 1756 2239 1814 Conscius
2263 1774 2389 1814 cum
2425 1777 2760 1836 unoquoque
2794 1767 3258 1840 delinquentium,
3285 1788 3393 1828 non
3420 1788 3554 1829 con-

284 1828 403 1884 ἀλλ’
436 1830 734 1902 ἐλεγχθεὶς,
780 1833 840 1887 ὲν
867 1833 1106 1907 τοσούτῳ
1135 1838 1332 1909 χρόνῳ,
1364 1839 1446 1903 είς
1483 1839 1609 1893 ὅσον
1638 1842 1667 1894 ὁ
1699 1841 1860 1911 ἐργά-

1966 1847 2174 1913 i'essus,
2220 1851 2315 1907 sed
2365 1857 2678 1924 convictus,
2750 1865 2904 1914 tanto
2956 1828 3200 1933 tempore
3246 1865 3351 1920 sub
3390 1880 3553 1936 poena

280 1937 383 1991 της
415 1922 526 1977 τῶν
554 1924 743 1978 κακῶν
789 1926 1194 1999 ἐπιτετίμηται,
1246 1929 1341 1983 καὶ
1385 1930 1551 1995 αὐτὸς
1597 1931 1752 1986 ἔσται
1804 1936 1862 1988 ὲν

282 2012 568 2083 ἐπιτιμίῳ.
622 2013 816 2069 Καίτοι
864 2016 1099 2071 ἐνταῦθα
1149 2018 1243 2072 ἐπὶ
1296 2019 1393 2074 τοῦ
1427 2021 1485 2074 ὲν
1515 2021 1721 2093 είδήσει
1767 2024 1861 2078 τοῦ

284 2105 493 2174 πατρὸς
524 2109 884 2178 πορνεύοντος
917 2108 1033 2165 υἱοῦ
1067 2112 1161 2166 καὶ
1198 2111 1360 2166 πλέον
1392 2131 1444 2168 τι
1483 2112 1793 2186 Θεωρείται,
1827 2117 1860 2188 ἢ

281 2198 366 2265 ἐφ’
397 2192 474 2253 ὧν
505 2201 738 2273 εἴρηται.
776 2202 1043 2259 Τοσοῦτον
1068 2204 1177 2278 γὰρ
1199 2208 1248 2260 oi
1277 2208 1464 2272 παῖδες
1492 2209 1597 2263 ὑπὸ
1625 2212 1734 2264 τῶν
1757 2229 1861 2266 πα-

282 2289 459 2361 τέρων
510 2293 935 2362 ἐξουσιάζονται,
988 2295 1130 2353 ὥστε
1189 2299 1309 2353 οὐδὲ
1371 2301 1588 2373 νομίμῳ
1639 2305 1862 2372 γυναικὶ

281 2384 655 2440 συνάπτεσθαι
705 2387 833 2441 ἄνευ
880 2389 983 2461 τῆς
1032 2389 1258 2445 ἐκείνων
1301 2394 1659 2458 συναινέσεως
1697 2396 1859 2450 δύνα-

280 2476 432 2531 σθαι.
458 2478 520 2531 Οἱ
550 2480 658 2551 γὰρ
686 2480 816 2534 ἄνευ
848 2480 957 2535 τῶν
985 2484 1334 2553 κρατούντων
1369 2487 1535 2556 γάμοι
1569 2486 1665 2556 (ὥς
1695 2505 1859 2558 φησιν

278 2567 442 2634 αὖθις
472 2573 502 2624 ὁ
535 2574 706 2641 μέγας
742 2568 895 2638 οὗτος
924 2576 982 2628 ὲν
1029 2574 1109 2648 τῷ
1155 2574 1243 2648 μβ⁹
1276 2578 1462 2632 κανόνι
1496 2579 1687 2648 αὐτοῦ)
1723 2597 1857 2653 πορι-

281 2662 425 2716 νεῑαί
456 2664 617 2718 εἰσιν.
654 2664 791 2719 Οῦτε
819 2665 911 2720 οῦν
953 2667 1045 2721 τοῦ
1078 2670 1286 2740 πατρὸς
1326 2670 1549 2737 ζῶντος,
1591 2672 1717 2727 οὔτε
1763 2673 1856 2728 τοῦ

274 2755 564 2823 δεσπότου,
594 2758 643 2810 οἱ
675 2757 969 2822 συνιόντες,
1000 2759 1305 2817 ἀνεύθυνοι.
1340 2762 1406 2816 Αἱ
1432 2764 1538 2834 γὰρ
1592 2765 1858 2836 συνθῆκαι

274 2846 390 2900 τῶν
421 2848 757 2914 ύπεξουσίων
785 2850 934 2904 οὐδὲν
970 2850 1153 2922 ἔχουσι
1201 2853 1438 2924 βέϐαιον.
1477 2856 1541 2910 Εἰ
1575 2852 1669 2910 οὖν
1701 2857 1856 2911 ταῦθ’

275 2937 455 3003 οὕτως
497 2940 631 3010 ἔχει,
683 2942 766 3006 τίς
795 2945 824 2996 ὁ
852 2943 942 2997 τὸν
970 2945 1185 3014 πατέρα
1211 2946 1417 3000 τούτων
1455 2945 1552 3001 τοῦ
1578 2948 1688 3003 τῶν
1719 2950 1857 3020 πόρ-

274 3047 387 3084 νων
420 3024 841 3104 ἐξαιρησόμενος
883 3035 1197 3107 ἐπιτιμίου;
1241 3038 1435 3092 Ἔσται
1457 3038 1549 3093 οὖν
1581 3041 1672 3095 καὶ
1701 3035 1857 3106 οὗτος

190 3198 203 3209 ὁ
273 3121 479 3193 ὁμοίως
521 3124 598 3195 τῷ
626 3125 725 3195 υἱῷ
769 3126 1181 3199 ἀφωρισμένος·
1212 3130 1295 3184 ὅτι
1328 3131 1502 3203 παρὸν
1543 3133 1794 3200 κωλύειν,
1821 3134 1855 3204 ἢ
1886 3165 1928 3224 c

276 3214 380 3267 καὶ
425 3215 600 3279 ἄλλως
639 3216 886 3288 νομίμως
932 3220 1272 3291 ὲκγαμίζειν,
1325 3223 1477 3278 οὐδὲν
1518 3225 1726 3279 τούτων
1757 3243 1856 3279 πεσ-

276 3308 501 3378 ποίηκε.
532 3308 657 3373 Πῶς
683 3310 740 3365 δὲ
762 3312 822 3364 οὐ
856 3312 1149 3384 παροξυνεῖ
1170 3315 1372 3386 μᾶλλον
1395 3316 1545 3382 Θεὸν,
1573 3319 1602 3370 δ
1627 3317 1701 3391 μὴ
1727 3323 1856 3373 ἀνα-

275 3400 426 3455 λύων
461 3400 562 3471 μὲν
585 3403 683 3473 τῆς
717 3404 1011 3475 ἁμαρτίας,
1060 3407 1305 3477 οίόμενος
1336 3408 1394 3463 δὲ
1422 3408 1511 3464 διὰ
1543 3411 1652 3463 τῶν
1684 3404 1854 3481 προσ-ὲ

275 3491 464 3561 φορῶν
496 3493 591 3546 καὶ
628 3494 867 3565 δεήσεων
916 3494 1249 3562 ἐξιλεοῦσθαι
1292 3498 1458 3567 Θεόνς
1499 3500 1613 3554 ἴσον
1655 3503 1764 3571 γάρ
1799 3519 1852 3555 τι

274 3586 458 3638 ποιεῖν
506 3586 618 3648 τοῖς
673 3586 919 3642 ἀδικοῦσι
948 3589 1068 3659 μὲν,
1103 3592 1198 3644 καὶ
1225 3594 1297 3646 τά
1342 3591 1403 3657 ἐξ
1455 3592 1679 3647 ἀδικιῶν
1722 3611 1855 3647 κατ-

274 3675 517 3747 έχουσιν,
567 3677 777 3744 ἀξιοῦσι
821 3679 880 3733 δὲ
926 3681 1018 3735 τὸν
1068 3681 1331 3754 δικαστὴν
1385 3683 1580 3755 δώροις
1633 3686 1855 3754 ἀφεῖναι

271 3768 487 3831 τούτοις
514 3766 613 3839 τὴν
644 3769 783 3823 κατά
821 3769 931 3823 τῶν
977 3770 1352 3842 ἀδικησάντων
1381 3776 1594 3846 ποινήν.
1627 3776 1853 3841 Πάντως

275 3861 389 3931 γὰρ
422 3861 818 3932 παροξυνοῦσιν
855 3864 907 3916 οἱ
930 3864 1160 3918 τοιοῦτοι
1194 3866 1397 3936 μᾶλλον
1442 3867 1532 3921 τὸν
1569 3868 1850 3937 δικαστὴν,

272 3952 503 4008 τοιαῦτα
534 3954 832 4023 ἀξιοῦντες,
857 3957 904 4009 εί
938 3957 1044 4027 μὴν
1072 3958 1226 4028 τὴν¹⁵
1267 3958 1459 4029 κλῆσιν
1487 3960 1848 4030 διαψεύδεταιο

274 4045 378 4099 καὶ
399 4038 550 4099 οῦτοι
579 4046 732 4112 Θεὸν,
762 4048 857 4101 τὸν
890 4043 966 4120 μὴ
991 4048 1188 4113 ἄλλως.
1232 4049 1267 4120 ἢ
1311 4051 1399 4104 διὰ
1428 4053 1715 4121 μετανοίας
1739 4058 1854 4118 τοῖς

278 4139 633 4209 μετανοοῦσιν
660 4139 1091 4210 ἔπικλινόμενον.
1111 4140 1481 4196 Ἀκουέτωσαν
1513 4143 1628 4209 οὖν,
1657 4144 1733 4209 ὡς
1765 4147 1853 4216 μί·-

274 4229 473 4300 σθωμα
495 4232 699 4301 πόρνης
721 4231 782 4283 οὐ
807 4230 1090 4303 μερίζεται
1109 4233 1295 4300 ἁγνός.
1326 4234 1591 4304 ’ἰσχύουσι
1615 4236 1716 4306 μὲν
1744 4236 1852 4307 γὰρ

272 4322 416 4392 ὑπὲρ
446 4322 556 4376 τῶν
584 4322 1010 4395 ἁμαρτανόντων
1035 4326 1479 4396 προσφερόμεναι
1509 4327 1605 4379 καὶ
1634 4327 1742 4382 τῶν
1776 4328 1854 4383 δι-

273 4413 449 4468 καίων
496 4414 641 4487 ὑπὲρ
697 4415 903 4470 τούτων
952 4416 1182 4488 δεήσεις.
1246 4416 1386 4470 Ἀλλ’
1437 4417 1850 4489 ὲνεργούμεναι,

1964 1940 2090 2005 erit,
2130 1953 2336 2011 quanto
2393 1945 2463 2010 is,
2523 1947 2617 2016 qui
2675 1959 2762 2005 est
2810 1950 2938 2007 mali
2971 1962 3180 2019 auctor,
3208 1960 3549 2015 emendatur.

1964 2027 2285 2099 Quanquam
2317 2033 2407 2090 hic
2438 2035 2492 2089 in
2525 2036 2636 2091 tilio
2670 2041 2786 2109 qui,
2827 2041 3040 2098 sciente
3063 2053 3237 2113 patre,
3272 2057 3551 2105 scortntur

1964 2121 2086 2192 plus
2117 2123 2399 2194 quidpiam
2433 2128 2795 2197 conspicitur,
2824 2147 2987 2202 quam
3017 2135 3085 2189 de
3114 2136 3314 2206 quibus
3341 2138 3550 2197 dictum

1962 2221 2067 2269 est.
2093 2215 2246 2270 Adeo
2274 2217 2418 2272 enim
2448 2220 2677 2288 subjecti
2707 2233 2836 2277 sunt
2859 2226 3109 2294 patribus
3141 2227 3258 2293 lilii,
3283 2238 3341 2284 ut
3372 2246 3550 2303 neque

1962 2303 2223 2385 legitima:
2251 2307 2408 2360 uxori
2450 2307 2568 2362 sine
2590 2308 2806 2365 illorum
2835 2325 3106 2368 consensu
3140 2314 3394 2387 conjungi
3421 2332 3550 2388 pos-

1961 2377 2093 2450 sint.
2119 2394 2330 2466 Nuptiae
2354 2398 2498 2454 enim
2541 2401 2659 2456 sine
2692 2400 2784 2467 iis,
2816 2404 2909 2475 qui
2938 2405 3137 2461 habent
3165 2408 3218 2462 in
3254 2418 3543 2479 potestate,

1961 2499 2224 2544 coeuntes
2270 2488 2351 2557 (ut
2376 2490 2571 2546 iterum
2598 2507 2830 2565 magnus
2864 2496 2954 2551 ille
2988 2497 3255 2567 inquit42
3282 2500 3544 2574 canone).

1961 2588 2085 2634 sunt
2107 2583 2490 2638 scortationes.
2531 2581 2721 2654 Neque
2752 2584 2939 2657 igitur,
2978 2596 3135 2658 patre
3160 2592 3285 2645 viro
3311 2631 3324 2656 ,
3364 2608 3546 2664 neque

1958 2670 2204 2741 domino,
2231 2674 2324 2743 qui
2350 2682 2573 2741 coeunt,
2601 2679 2988 2735 suntcriminis
3002 2690 3271 2739 exsortes.
3296 2683 3545 2740 Comen-

1959 2761 2136 2817 tiones
2180 2764 2325 2817 enim
2384 2779 2597 2831 eorum,
2638 2767 2730 2837 qui
2771 2767 2825 2822 in
2871 2768 3048 2824 aliena
3093 2781 3362 2841 potestate
3391 2784 3545 2842 sunt,

1959 2853 2095 2923 nihil
2125 2854 2400 2910 iirmitatis
2436 2856 2656 2913 habent.
2697 2856 2752 2912 Si
2780 2858 2895 2914 haec
2934 2860 3100 2932 igitur
3124 2863 3200 2916 ita
3227 2878 3287 2919 se
3313 2863 3538 2930 habent,

1957 2944 2081 3014 quis
2139 2947 2332 3000 horum
2385 2955 2596 3017 patrem
2665 2963 2827 3018 pmna
2869 2952 3228 3007 scortantium
3288 2955 3542 3010 eximet?

1958 3031 2194 3103 ideoque
2234 3039 2290 3088 et
2329 3034 2442 3100 hic,
2487 3037 2946 3107 quemadmodum
2980 3038 3144 3109 ﬁlius,
3176 3043 3285 3096 erit
3315 3059 3540 3099 excarn-

1959 3125 2310 3192 municatus;
2347 3128 2475 3196 quia
2529 3143 2655 3183 cum
2688 3140 2880 3199 posset
2916 3133 3227 3201 prohibere,
3261 3144 3355 3190 aut
3382 3137 3541 3193 aliter

1960 3217 2200 3288 legitimo
2244 3218 2463 3274 elocare
2492 3223 2868 3291 matrimonio,
2902 3226 3040 3279 nihil
3086 3227 3282 3282 borum
3324 3226 3538 3285 fecerit.

1957 3307 2206 3374 Quonam
2233 3319 2411 3365 autem
2451 3312 2615 3367 modo
2642 3329 2754 3369 non
2783 3317 2954 3386 magis
2976 3320 3143 3372 Deum
3168 3322 3539 3386 exacerbabit,

1956 3401 2047 3471 qui
2070 3417 2193 3464 cunt
2218 3402 2428 3472 peccati
2452 3417 2678 3459 causam
2719 3420 2829 3461 non
2862 3409 3148 3479 praecidat,
3172 3412 3540 3469 oblationibus

1955 3502 2010 3548 et
2065 3494 2478 3563 precationibus
2516 3496 2723 3568 placari
2779 3498 2946 3555 Deum
2999 3503 3357 3577 arbitratur?
3389 3504 3537 3563 idem

1954 3585 2100 3639 enim
2128 3585 2332 3642 iaceret
2361 3602 2486 3642 cum
2517 3589 2606 3655 iis,
2634 3592 2729 3661 qui
2750 3590 3092 3662 iniquitatem
3113 3597 3537 3665 commiserunt,

1953 3686 2006 3732 et
2037 3677 2241 3746 injuste
2261 3687 2418 3749 parta
2448 3682 2734 3751 possident
2761 3700 2777 3748 ;
2807 3683 2903 3739 sed
2926 3686 3318 3743 maleﬁciorum
3338 3690 3537 3746 remitti

1954 3768 2056 3824 sibi
2093 3785 2309 3839 poenam
2347 3786 2377 3824 a
2409 3771 2595 3841 judice
2648 3775 2971 3831 muneribus
3019 3776 3404 3846 deprecantur.
3471 3779 3537 3835 lli

1954 3862 2099 3915 enim
2158 3863 2285 3916 talia
2331 3862 2729 3933 deprecantes,
2766 3867 3107 3923 acerbiorem
3158 3871 3383 3926 omnino
3431 3872 3537 3928 sibi

1953 3951 2136 4021 potius
2195 3951 2422 4007 reddent
2466 3954 2708 4021 judicem
2772 3956 2790 4023 (
2838 3955 2944 4010 nisi
3003 3956 3050 4010 is
3115 3972 3314 4013 nomen
3374 3975 3536 4015 suum

1952 4042 2327 4115 ementiatur),
2361 4052 2417 4098 et
2448 4044 2503 4098 bi
2530 4044 2720 4110 Deum,
2742 4046 2962 4116 quinon
2983 4047 3142 4103 aliter
3172 4049 3238 4104 ad
3266 4051 3536 4119 pcenitcnw

1954 4141 2059 4199 tes,
2095 4149 2256 4204 quam
2288 4149 2385 4206 per
2417 4136 2820 4206 pmnitentiam,
2863 4136 3122 4197 ﬂectitur.
3164 4141 3405 4196 Audiant
3439 4145 3536 4213 ἱεί-

1956 4234 2064 4293 tur,
2100 4235 2160 4282 ut
2210 4228 2515 4284 meretricis
2558 4231 2867 4286 mercedem
2904 4246 3017 4285 non
3060 4232 3330 4301 partiatur
3377 4251 3536 4290 mun-

1953 4319 2056 4374 dus
2090 4330 2141 4371 ι.
2206 4319 2401 4375 Valent
2457 4320 2605 4377 enim
2657 4331 2715 4377 et
2764 4338 2862 4394 pro
2907 4324 3295 4393 peccatoribus
3339 4327 3536 4383 oblatae

1950 4408 2226 4478 justorum
2251 4423 2466 4478 preces,
2498 4410 2593 4467 sed
2618 4410 2834 4467 eil'ectui
2866 4413 3098 4469 traditae.
3124 4412 3182 4468 ld
3207 4423 3312 4480 est,
3342 4416 3411 4481 si,
3437 4431 3536 4487 pro

272 4506 525 4562 τουτέστι
571 4508 683 4563 τῶν
723 4509 862 4578 ὑπὲρ
897 4502 973 4565 ὧν
1003 4510 1370 4580 προσάγονται
1421 4511 1847 4580 μετανοούντων,

1964 4503 2157 4574 quibus
2197 4502 2526 4572 oil‘eruntur,
2586 4507 2914 4577 pmnitentia
2961 4507 3257 4576 ducantur,
3306 4526 3539 4569 conver-

272 4599 372 4651 καὶ
422 4597 933 4669 ὑπαναχωρούντων
981 4600 1082 4670 τῆς
1132 4601 1424 4670 ἁμαρτίας.
1452 4594 1554 4653 ’Ὧν
1585 4602 1739 4657 οὐδὲν
1771 4604 1853 4655 ὲν-

273 4687 453 4741 ταῦοα
484 4688 596 4758 ὁρῶ
623 4689 931 4759 γινόμενον,
960 4690 1047 4743 ὅτε
1084 4690 1365 4761 πορνεύων
1395 4690 1667 4763 πορνεύει,
1699 4692 1793 4745 καὶ
1821 4694 1851 4745 δ

274 4780 461 4852 πατὴρ
493 4781 680 4848 σιγῶν,
706 4781 801 4836 καὶ
834 4781 908 4852 μὴ
932 4774 1314 4852 ἀναχαιτίζων,
1349 4784 1740 4855 προτρέπεται.

808 4891 947 4960 Περὶ
979 4892 1313 4962 ἁναδόχων.

346 5006 413 5059 Ol
459 5004 707 5076 ἀνάδοχοι
757 5002 910 5075 (περὶ
956 5003 1165 5058 τούτων
1212 5005 1320 5075 γάρ
1371 5021 1452 5058 σοι
1503 5003 1561 5056 τὸ
1603 5007 1853 5077 πέμπτον

272 5095 560 5168 ἐρώτημα)
592 5096 640 5148 εί
669 5094 915 5166 ἀκριϐῶς
942 5093 1139 5166 ᾔδεσαν
1188 5096 1258 5149 τὰ
1292 5094 1371 5166 τῷ
1412 5096 1632 5167 μεγάλῳ
1663 5099 1850 5151 Διονυ-

275 5189 380 5259 σίῳ
403 5188 759 5258 διωρισμένα,
794 5189 888 5240 καὶ
970 5187 1033 5258 δὴ
1059 5188 1157 5258 τὴν
1182 5188 1455 5257 μέριμναν
1485 5190 1577 5241 καὶ
1605 5188 1852 5257 φυλακὴν

272 5280 635 5336 ἀπαιτοῦνται
669 5281 797 5352 περὶ
829 5278 920 5334 τὸν
965 5280 1052 5334 διὰ
1085 5280 1184 5350 τῆς
1230 5279 1607 5350 πνευματικῆς
1635 5280 1853 5350 κολυμ-

272 5373 488 5446 σήθρας
522 5372 990 5444 ἀναγεννώμενον,
1017 5375 1115 5427 καὶ
1155 5372 1259 5427 ὑπὸ
1282 5372 1486 5427 τούτων
1516 5372 1850 5443 ἀναδεχόμεν

1958 4604 2254 4667 tanturque
2280 4612 2309 4650 a
2329 4607 2585 4667 peccato;
2613 4615 2846 4670 quorum
2865 4598 3001 4655 nihil
3024 4601 3115 4656 bic
3131 4602 3330 4658 factum
3352 4604 3533 4669 video,

1960 4703 2085 4743 cum
2115 4696 2368 4743 scortans
2396 4698 2693 4757 scortntur,
2724 4698 2778 4749 et
2801 4701 2958 4761 pater
2984 4699 3173 4748 tacens
3198 4732 3213 4758 ,
3249 4708 3355 4750 nec
3380 4708 3535 4750 coer-

1959 4796 2113 4848 cens,
2146 4782 2440 4854 permittit.

2489 4897 2567 4953 De
2587 4899 3003 4969 susceptoribm,

2036 5011 2393 5080 Susceptores
2429 5010 2534 5082 (de
2571 5011 2657 5068 bis
2698 5013 2843 5068 enim
2875 5022 3029 5068 tuum
3061 5014 3312 5085 quintum
3342 5027 3424 5073 cst
3450 5017 3534 5071 in-

1952 5100 2321 5172 terrogatum)
2351 5100 2396 5155 si
2428 5102 2597 5171 probe
2626 5111 2870 5169 nossent,
2911 5119 3032 5176 quin
3055 5119 3085 5158 a
3112 5121 3311 5175 magno
3341 5105 3536 5178 Diony-

1953 5197 2037 5251 sio
2068 5194 2293 5250 deﬁnita
2339 5204 2489 5259 sunt,
2537 5202 2592 5249 et
2633 5205 2906 5266 quatenus
2928 5214 3115 5253 curam
3156 5199 3448 5269 exiguntur
3480 5208 3533 5252 et

1953 5284 2385 5340 sollicitudinem
2414 5283 2555 5352 cjus‘,
2591 5286 2682 5357 qui
2725 5302 2821 5358 per
2855 5288 3103 5360 spiritale
3135 5288 3406 5343 lavacrum
3440 5305 3530 5343 rc-

1955 5382 2269 5445 geucratur,
2303 5374 2442 5431 etab
2473 5375 2558 5433 bis
2584 5379 2886 5450 suscipitur
2918 5395 2934 5436 :
2969 5366 3193 5452 segnius
3215 5380 3435 5453 quidem
3463 5381 3531 5436 ad

1544 5512 1781 5569 VARUS
1810 5513 2218 5571 LECTlONES.

364 5622 411 5655 “
436 5622 484 5674 ei
519 5637 592 5690 ρ,η
623 5622 745 5694 τήν.

330 5768 364 5806 ι
385 5774 489 5814 non
519 5776 702 5827 capere
726 5770 931 5825 partem
956 5761 1019 5817 de
1058 5762 1290 5818 mercede
1319 5764 1609 5821 meretricis
1639 5781 1776 5832 cum,
1802 5764 1896 5836 qui
1941 5780 2108 5835 purus
2135 5774 2214 5822 es!
