3822 6572
433 340 554 403 933

364 437 375 465 ³
434 461 822 526 susceptorum
855 451 1223 508 ministerium
1256 451 1565 523 prodirent,
1618 448 1783 507 etiam
1824 449 2024 505 arden-
2054 454 2101 510 Α

1689 334 1828 399 IUS
1886 333 2337 397 CANONICUM

2129 360 2337 397 unum
3528 360 3607 425 995

2129 466 2238 515 νον⁹
2271 448 2434 520 σχολῇ
2485 448 2537 517 γ’
2569 448 2635 504 ἂν
2677 448 3096 547 πρὸςᾼτὴνῌτῶν
3137 454 3385 531 ἀναδόχων
3420 466 3609 547 λειτουρ.

438 550 550 603 tius
580 545 816 601 invitati.
846 544 981 601 Cum
1017 559 1146 600 vero
1186 545 1463 614 ignorent,
1511 541 1792 597 videamus
1839 548 2022 595 autem

2125 541 2258 610 γίαν
2310 542 2589 612 ἀπήντων,
2658 542 2755 596 καὶ
2801 540 3132 617 θερμότερον
3191 540 3609 632 προσκαλούμενέι.

430 639 688 712 quotidie
728 646 784 696 et
829 638 1087 694 mulieres
1130 638 1249 693 sine
1291 635 1602 691 diderentia
1645 642 2023 703 susceptorum

440 750 581 790 onus
610 732 981 802 recipientes;
1016 731 1146 801 quid
1182 738 1346 797 vetat,
1364 730 1519 799 juxta
1543 726 2022 791 consuetudinem,

429 841 564 899 qua:
592 824 682 880 hic
721 824 981 888 obtinuit,
1011 825 1133 877 viro
1169 822 1579 894 peregrinante,
1620 819 1717 891 qui
1747 819 2024 890 primoge-

440 916 615 970 nitum
675 915 872 969 horum
926 920 1207 980 parentem
1260 911 1491 967 ﬁliolum
1553 909 1819 980 suscepit,
1873 908 2025 967 illius

442 1023 665 1064 uxorem
694 1007 974 1062 invitatam
1002 1005 1282 1076 suscipere
1298 1020 1446 1073 eum,
1475 1004 1570 1078 qui
1594 1003 1797 1061 eisdem
1838 1012 2027 1074 postea

445 1096 548 1152 fuit
587 1107 745 1151 natus
774 1095 799 1148 ἲ

513 1293 736 1350 Sextum
766 1305 972 1362 autem,
994 1296 1139 1367 quod
1168 1296 1236 1353 de
1260 1295 1470 1353 infante
1494 1299 1781 1368 quaesitum
1812 1305 1920 1366 est,
1965 1307 2025 1355 ut

443 1385 637 1457 paucis
667 1386 870 1453 dicam,
907 1395 991 1441 est
1030 1387 1386 1457 hujusmodi:

512 1479 726 1544 Infans,
764 1479 1021 1550 inquisti,
1068 1481 1263 1537 morbo
1293 1489 1602 1553 correptus,
1626 1490 1681 1539 et
1714 1483 1825 1554 jam
1859 1483 2024 1543 morti

440 1574 753 1642 proximus,
786 1573 1060 1628 sacerdoti
1086 1574 1304 1629 cuidam
1328 1575 1544 1633 oblatus
1568 1585 1654 1634 est
1679 1593 1777 1649 per
1807 1596 2020 1637 sacram

440 1662 535 1717 Dei
590 1664 996 1732 generationem
1042 1667 1468 1735 regenerandus.
1522 1668 1622 1726 Hic
1668 1685 1793 1728 cum
1827 1674 2021 1730 exilem

441 1753 698 1824 spiritum
721 1768 844 1809 eum
873 1754 1074 1812 ducere
1090 1756 1389 1824 videret,et
1422 1761 1649 1830 veritus,
1682 1771 1741 1817 ut
1761 1764 2025 1821 solemni-
2053 1795 2099 1856 Β

444 1847 547 1901 bus
570 1845 825 1917 precibus
846 1856 902 1901 et
937 1848 1378 1919 adjurationibus
1409 1869 1515 1910 non
1544 1854 1852 1913 decantatis
1880 1874 2023 1929 prae-

446 1935 735 2006 riperetur,
801 1944 1093 2008 antequam
1151 1940 1498 2011 baptismatis
1550 1947 2022 2015 regenerationem

442 2036 588 2083 esset
615 2029 887 2099 adeptus:
926 2031 1275 2100 precationes
1300 2042 1427 2090 ante
1456 2036 1789 2107 baptismum
1825 2040 2028 2097 decan-

438 2122 660 2186 tandas,
711 2132 766 2177 et
814 2122 1192 2193 adjurationes
1244 2128 1570 2197 prmcidens,
1633 2130 1813 2188 iuitiat
1870 2134 2023 2191 illum

436 2213 643 2282 triplici
674 2213 1040 2281 demersione,
1071 2228 1126 2273 et
1156 2219 1361 2289 triplici
1394 2219 1598 2290 Patris,
1648 2224 1771 2280 Filii
1798 2236 1858 2282 et
1895 2226 2022 2299 Spi-

442 2307 582 2361 ritus
620 2307 795 2361 sancti
838 2307 1207 2367 invocatione.
1256 2311 1399 2380 Quid
1450 2326 1574 2386 post
1616 2317 2024 2378 [1830?Cblwa-

444 2397 599 2452 lescit
630 2398 834 2465 infans,
863 2401 1099 2458 abeunte
1126 2406 1339 2460 morbo.
1366 2405 1591 2463 Accedit
1621 2410 1819 2465 iterum
1845 2427 2026 2469 sacer-

442 2486 562 2553 dos,
594 2488 996 2558 adiurationes,
1037 2509 1176 2564 quas
1204 2497 1544 2566 prteterierat
1564 2537 1580 2565 ,
1609 2509 1660 2555 et
1690 2516 1881 2570 preces
1917 2502 2024 2558 im-

434 2578 710 2646 pleturus.
745 2580 903 2646 Quod
930 2584 1123 2648 restat,
1175 2585 1445 2653 quasiisti
1477 2586 1710 2653 discere,
1753 2587 1941 2647 liceret
1968 2591 2024 2647 id

386 2674 389 2677 '
444 2668 647 2731 facere.
689 2685 885 2727 necne.
919 2673 987 2727 Et
1015 2680 1152 2744 puto
1184 2690 1269 2742 ea,
1301 2691 1423 2746 qua:
1461 2677 1792 2748 baptismum
1822 2696 2027 2752 praece-

444 2761 603 2825 dunt,
638 2771 759 2828 post
799 2763 1135 2834 baptismum
1171 2768 1471 2824 accinenda
1503 2785 1615 2825 non
1654 2785 1780 2828 esse
1816 2773 1889 2840 ei,
1928 2774 2023 2844 qui

440 2850 554 2918 jam
602 2851 872 2922 baptismo
924 2856 1175 2912 initiatus
1218 2867 1323 2925 est,
1352 2875 1452 2931 per
1487 2861 1759 2932 triplicem
1800 2864 2026 2920 immer-

445 2944 679 3011 sionem,
737 2953 791 3000 et
844 2948 1014 3003 trium
1068 2965 1434 3020 personarum
1495 2952 1917 3024 invocationem,
1966 2956 2024 3011 in

445 3033 645 3101 quibus
665 3042 750 3090 est
772 3036 1101 3113 baptismus.
1137 3038 1419 3112 Nusquam
1442 3043 1590 3099 enim
1621 3043 1691 3100 ab
1714 3044 1824 3100 ullo
1845 3060 2026 3103 sacro-

445 3139 564 3178 rum
620 3140 894 3184 canonum
948 3130 1056 3188 tale
1085 3131 1219 3202 quid
1255 3133 1542 3192 definitum
1593 3135 1924 3194 invenimus.
1957 3137 2025 3195 Et
2049 3138 2096 3201 α

444 3218 700 3276 “canon
728 3219 990 3277 divinitus
1011 3223 1316 3281 aﬂlatorum
1338 3225 1587 3295 Patrum,
1618 3229 1709 3300 qui
1735 3229 2023 3288 Laodicea:

444 3321 839 3380 convenerunt,
867 3313 934 3368 de
966 3315 1034 3370 iis
1058 3315 1304 3386 loquens,
1342 3320 1434 3389 qui
1458 3320 1529 3375 ob
1558 3322 1937 3377 necessitatem
1965 3323 2023 3379 in

445 3402 652 3457 morbis
674 3404 1046 3474 baptizantur,
1063 3407 1200 3463 nihil
1229 3409 1422 3465 horum
1462 3412 1731 3480 meminit,
1759 3429 1937 3484 neque
1965 3421 2025 3470 ut

444 3509 637 3565 preces
674 3495 949 3563 dicantur,
984 3514 1166 3568 neque
1196 3508 1255 3555 ut
1293 3501 1667 3571 adjurationes
1701 3515 1824 3574 post
1849 3505 2026 3576 bapti-

443 3601 564 3642 sma
593 3586 724 3641 [iant
752 3604 767 3641 :
792 3588 885 3644 sed
915 3589 1063 3645 illius
1099 3591 1281 3656 modo,
1306 3593 1449 3663 quod
1484 3593 1616 3649 tides
1640 3595 1928 3651 ediscenda
1954 3597 2025 3651 sit

444 3679 607 3733 etiam
651 3691 774 3748 post
803 3680 1104 3750 baptisma,
1140 3683 1209 3739 ab
1252 3698 1339 3749 eo,
1373 3687 1467 3755 qui
1493 3685 1685 3740 morbo
1715 3687 2024 3757 prohibitus

444 3779 549 3837 est,
580 3780 873 3843 antequam
906 3788 1025 3827 eam
1056 3775 1314 3833 disceret.
1353 3777 1442 3832 Ait
1473 3779 1645 3847 enim,
1677 3795 1773 3836 eos
1796 3821 1810 3845 ,
1836 3781 1928 3852 qui
1967 3785 2023 3837 in

445 3863 640 3919 morbo
681 3865 942 3936 baptizati
976 3875 1126 3933 sunt,
1165 3868 1324 3924 [idem
1363 3871 1605 3928 ediscere
1634 3883 1905 3944 oportere,
1970 3884 2025 3930 et

447 3970 779 4026 agnoscere,
840 3974 901 4017 se
960 3960 1146 4016 divina
1184 3961 1477 4034 largitione
1545 3965 1743 4037 dignos
1806 3966 2024 4023 habitos

447 4065 567 4105 esse
590 4049 645 4106 δ.

515 4213 816 4297 Septimam
846 4236 900 4285 et
924 4229 1175 4285 ultimam
1198 4230 1679 4301 interrogationem
1711 4232 2022 4304 huiusmodi

445 4321 797 4386 proposuisti.
827 4320 1012 4376 Puella
1035 4321 1305 4392 quaedam,
1329 4323 1577 4393 quintum
1610 4338 1776 4395 agens
1793 4341 2018 4393 annum,

446 4409 500 4463 in
544 4408 827 4480 impubere
867 4421 1025 4468 aetate
1064 4413 1436 4483 despondetur
1485 4414 1701 4469 cuidam
1745 4417 1883 4483 viro,
1926 4420 2018 4489 qui

442 4511 668 4570 propter
694 4510 905 4558 aetatem
937 4502 1271 4573 impuberem
1296 4503 1420 4574 jure
1445 4520 1560 4561 eam
1588 4508 1853 4577 repudiat.
1895 4485 2019 4564 llaec
2055 4485 2097 4542 θ

440 4599 629 4645 autem
674 4608 869 4650 rursus
928 4596 1162 4663 septimo
1221 4597 1399 4652 a-tatis
1456 4613 1605 4654 anno
1653 4602 2025 4672 despondetur

441 4684 647 4740 alteri:
692 4687 785 4756 qui
833 4686 1033 4740 iterum
1076 4687 1322 4742 eamdem
1371 4704 1594 4745 causam
1646 4692 1853 4748 habens
1899 4709 2020 4750 cum

441 4776 653 4845 priore,
685 4776 981 4833 dissidium
1010 4792 1132 4832 cum
1162 4794 1223 4833 ea
1266 4779 1418 4836 facit.
1450 4781 1595 4849 Quid
1636 4795 1747 4837 tum
1778 4785 1974 4842 deinde
2000 4787 2025 4842 i

441 4865 697 4922 Tertium
732 4869 1005 4924 decimum
1041 4884 1205 4938 agens
1236 4886 1440 4929 annum
1483 4875 1592 4929 vult
1628 4876 1718 4930 alii
1748 4878 1869 4932 viro
1893 4878 2024 4950 legi-

448 4958 580 5015 t-ime
620 4957 904 5029 conjungi,
946 4968 1000 5015 et
1038 4960 1416 5021 benedictione
1458 4980 1615 5022 sacra
1649 4968 1875 5024 initiari.
1898 4954 2025 5026 llaec

444 5066 549 5121 per
602 5051 972 5106 narrationem
1035 5070 1328 5123 exponens,
1391 5060 1693 5128 quaerebas,
1744 5062 2018 5131 prohibita

440 5149 630 5197 essent
656 5181 673 5206 ,
736 5155 928 5195 necne.
966 5142 1030 5195 Et
1069 5143 1337 5209 dicimus,
1379 5160 1489 5200 non
1537 5148 1811 5217 prohiberi
1851 5164 1971 5204 eam
1999 5140 2051 5216 ;⁷

448 5241 567 5287 tum
594 5233 737 5303 quod
775 5244 971 5303 praeter
1002 5243 1217 5291 artato“)
1250 5237 1577 5309 desponsata
1607 5240 1700 5307 sit,
1732 5249 1786 5296 et
1825 5241 2019 5310 hujus-

448 5323 600 5377 tnodi
634 5323 911 5394 sponsalia
951 5327 1101 5381 nullo
1146 5342 1611 5387 connumerentur
1651 5332 1814 5389 modo
1846 5348 2018 5404 spon-

449 5413 662 5470 salibus
711 5415 920 5470 novclla
952 5421 1344 5476 constitutione
1378 5423 1610 5493 cognitis
1644 5440 1658 5478 :
1714 5434 1827 5478 tum
1870 5425 2014 5494 quod

447 5505 699 5576 praedicti
736 5507 923 5579 sponsi
952 5508 1021 5579 (si
1048 5510 1267 5580 quidem
1300 5528 1532 5584 sponsos
1555 5514 1743 5570 vocari
1764 5524 2013 5586 oporteat

2125 634 2253 688 ὲπεὶ
2298 635 2353 687 δὲ
2389 633 2488 687 οὐκ
2542 632 2743 700 ἴσασιν,
2787 634 3007 724 δρῶμεν
3055 638 3112 692 δὲ
3158 642 3275 696 καθ’
3313 646 3513 724 ἑκάστην
3542 662 3614 715 καὶ

2127 723 2395 790 γυναῖκας
2439 721 2751 794 ἀδιαφόρως
2788 723 2850 777 τὸ
2896 726 3005 779 τῶν
3051 730 3310 801 ἀναὸὀχων
3337 721 3608 808 samem.

2126 813 2458 883 δεχομέναςο
2528 813 2583 867 τί
2637 815 2858 879 κωλύει,
2909 817 3050 871 κατὰ
3099 821 3194 891 τὴν
3243 824 3613 903 ἐπικρατήσασαν

2125 904 2304 977 ταύτῃ
2342 905 2657 977 συνήθειαν,
2705 907 2802 961 τοῦ
2834 908 3032 980 ἀνδρὸς
3079 914 3450 986 ἀποδημοῦντος
3475 926 3551 980 τοῦ
3571 933 3614 985 τὸ

2126 999 2472 1070 πρωτογενὲς
2511 1000 2726 1054 παιδίον
2764 1001 2933 1055 τῶνδε
2967 1002 3076 1058 τῶν
3120 1007 3311 1073 γονέων
3352 1012 3617 1090 ἀναδεξαμέ.

2125 1107 2243 1154 νου,
2285 1090 2386 1161 τὴν
2428 1091 2643 1144 ἐκείνου
2694 1096 2929 1160 γυναῖκα
2961 1095 3249 1165 κληθεῖσαν
3274 1102 3327 1156 τὸ
3357 1106 3457 1174 μετ’
3484 1108 3614 1169 iusim

2124 1180 2339 1246 τούτοις
2372 1182 2564 1254 τεχθὲν
2585 1183 2950 1249 ἀναδέξασθαι
2974 1202 2988 1252 ;

2201 1274 2274 1328 Τὸ
2306 1274 2364 1328 δὲ
2397 1276 2526 1344 περὶ
2552 1275 2649 1329 τοῦ
2679 1275 2871 1340 παιδὸς
2898 1276 3057 1331 ἕκτον
3088 1276 3353 1350 ἐρώτημα,
3383 1285 3447 1351 ὼς
3471 1287 3615 1363 βραχεῖ

2126 1366 2314 1436 φάναι,
2336 1365 2578 1420 τοιοῦτόν
2606 1367 2776 1421 ἐστιν’

2198 1457 2417 1510 Παιδίον
2444 1455 2627 1529 (ἔφης)
2674 1458 2817 1529 νόσῳ
2865 1456 3156 1530 κρατηθὲν,
3202 1460 3288 1514 καὶ
3320 1464 3512 1532 ἐγγίσαι)
3542 1471 3613 1541 ἤδη

2125 1549 2205 1620 τῷ
2242 1548 2479 1621 Θανάτῳ,
2515 1549 2801 1621 προσήχθη
2847 1549 2956 1603 τινὶ
2987 1550 3096 1603 τῶν
3126 1551 3326 1623 ἱερέων,
3361 1554 3438 1609 διὰ
3460 1558 3539 1628 τῆς
3560 1563 3616 1615 ξε.

2127 1642 2230 1713 ρᾶς
2279 1639 2622 1709 θεογενεσίας
2664 1638 3255 1714 ἁναγεννηθησὸμενον.
3307 1645 3358 1700 '0
3397 1647 3446 1701 δὲ
3471 1649 3615 1707 λεπτὸν

2125 1740 2286 1794 τοῦτο
2315 1740 2437 1796 ίδὼν
2476 1739 2734 1813 ἔμπνεον,
2769 1743 2867 1797 καὶ
2899 1743 3162 1816 φοϐηθεὶς
3197 1746 3378 1819 μήπως
3409 1750 3499 1805 τῶν
3523 1770 3614 1811 συν.

2127 1832 2275 1904 ήθων
2306 1834 2484 1904 εὐχῶν
2522 1837 2614 1888 καὶ
2655 1835 3009 1907 ὲφορκισμῶν
3039 1836 3372 1909 ἑπᾳδομένων
3402 1859 3613 1919 προαναρ.

2129 1924 2335 1997 πασθῇ,
2370 1925 2444 1999 μὴ
2473 1926 2640 1998 τυχὸν
2683 1928 2899 1999 τῆςοδιὰ
2931 1927 3026 1983 τοῦ
3064 1929 3419 2001 βαπτίσματος
3443 1935 3615 2007 ἀναγεν-

2126 2018 2336 2090 νήσεως
2358 2034 2374 2051 ⁸
2413 2019 2682 2093 περιελὼν
2734 2021 2834 2087 τὰς
2879 2021 3043 2093 εὐχὰς
3076 2021 3176 2087 τὰς
3216 2025 3315 2094 πρὸ
3342 2025 3429 2096 τῆς
3454 2028 3617 2083 τελειώ-

2128 2127 2266 2172 σεως
2287 2110 2629 2183 ὲπᾳδομένας
2650 2113 2747 2167 καὶ
2767 2115 2892 2176 τοὺς
2911 2113 3298 2186 ὲφορκισμοὺς,
3322 2116 3489 2171 τελειοί
3502 2121 3616 2174 τοῦτο

2125 2200 2213 2255 διὰ
2240 2201 2341 2273 τῆς
2391 2202 2582 2274 τρίτης
2607 2203 2975 2269 καταδύσεως,
3024 2205 3122 2260 καὶ
3146 2206 3238 2275 τῆς
3274 2207 3616 2279 ίσαρίθμουὲπιο

2125 2292 2372 2364 κλήσεως
2412 2290 2508 2347 τοῦ
2542 2292 2779 2366 Πατρὸς,
2830 2294 2924 2348 καὶ
2960 2294 3057 2350 τοῦ
3093 2295 3239 2362 Υίοῢ,
3273 2298 3357 2352 καὶ
3384 2298 3464 2352 τοῦ
3504 2300 3617 2370 ἁγίου

2126 2383 2465 2455 Πνεύματος.
2495 2384 2561 2437 Τί
2586 2385 2648 2438 τὸ
2674 2384 2769 2439 ἐπὶ
2804 2386 3058 2456 τούτοιςς
3094 2386 3350 2460 ῥώννυται
3366 2389 3420 2444 τὸ
3444 2392 3616 2458 παιδίον,

2124 2474 2223 2544 τῆς
2252 2474 2410 2528 νόσου
2437 2474 2905 2547 δραπετευσάσης.
2940 2478 3230 2551 Πρόσεισιν
3251 2478 3394 2544 αὖθις
3424 2482 3618 2554 ὁῑερεῢς.

2124 2565 2250 2631 τοὺς
2283 2566 2661 2637 ἀφορκισμοὺς
2684 2568 2730 2600 ¹⁶
2781 2565 2875 2632 οὒς
2911 2569 3299 2641 παραλέλοιπε,
3343 2570 3534 2637 καὶτὰς
3558 2575 3620 2628 ei.

2125 2658 2227 2730 χὰς
2256 2658 2689 2730 ἀναπληρώσων.
2736 2660 2938 2715 Λοιπὸν
2969 2662 3242 2734 ἐζήτησας
3291 2664 3475 2735 μαθεῖν,
3500 2667 3538 2720 εί
3558 2666 3621 2733 ἓξ-

2124 2763 2236 2801 εστι
2269 2747 2429 2802 τοῦτο
2478 2751 2675 2816 ποιεῖν,
2707 2750 2740 2821 ἢ
2775 2752 2875 2823 μή.
2916 2754 3031 2806 Kal
3057 2752 3210 2807 δοκεῖ
3254 2772 3358 2826 μοι,
3388 2756 3460 2810 ὅτι
3495 2756 3544 2810 οὐ
3565 2757 3625 2812 δεῖ

2127 2838 2265 2907 μετὰ
2287 2838 2389 2911 τὴν
2414 2839 2699 2894 τελείωσιν
2721 2841 2792 2896 τὰ
2819 2842 2927 2913 πρὸ
2955 2844 3055 2913 τῆς
3078 2845 3399 2911 τελειώσεως
3416 2848 3622 2920 προσᾴδεο

2125 2931 2251 2984 σθαι
2280 2930 2357 3002 τῷ
2389 2931 2493 3004 ἤδη
2524 2932 2930 3007 τετελειωμένῳ
2955 2935 3046 2992 διὰ
3080 2937 3184 3008 τῆς
3203 2938 3421 3009 φρικτῆς
3445 2940 3622 2994 καταδύ-

2125 3040 2287 3089 σεως,
2315 3024 2411 3079 καὶ
2446 3026 2547 3095 τῆς
2572 3025 2913 3099 ἐπικλήσεως
2938 3029 3050 3084 τῶν
3084 3029 3253 3099 τριῶν
3285 3030 3564 3099 προσώπων,
3582 3035 3623 3086 ἐν

2123 3109 2207 3180 οἷς
2249 3116 2283 3187 η
2313 3114 2612 3181 τελείωσις.
2646 3116 2900 3189 Οὖδαμοῦ
2950 3118 3060 3190 γὰρ
3101 3120 3194 3173 ὑπ’
3225 3119 3425 3183 οὐδενὸς
3461 3120 3548 3173 τῶν
3570 3120 3623 3172 is.

2128 3206 2238 3278 ρῶν
2281 3206 2523 3262 κανόνων
2568 3207 2810 3261 τοιοῦτόν
2854 3225 2904 3262 τι
2948 3209 3278 3281 εὑρίσκομεν
3318 3211 3621 3283 διωρισμένον.

2125 3298 2237 3352 Καὶ
2269 3298 2298 3351 ὁ
2337 3296 2448 3351 τῶν
2498 3298 2558 3352 ὲν
2603 3298 2898 3371 Λαοδικείᾳ
2927 3299 2985 3353 δὲ
3026 3300 3384 3355 συνελθόντων
3412 3300 3624 3370 θεοφόρων

2125 3393 2386 3466 Πατέρων
2423 3392 2513 3465 μζ¹
2542 3393 2745 3459 κανὼν,
2781 3394 2912 3467 περὶ
2938 3394 3050 3449 τῶν
3093 3395 3468 3467 περιστατικῶς
3495 3396 3543 3448 ἐν
3561 3394 3626 3448 νό-

2127 3502 2243 3550 σοις
2293 3484 2715 3557 βαπτιζομένων
2765 3485 2998 3551 διεξιὼν,
3048 3485 3264 3550 οὐδενὸς
3301 3484 3479 3539 τούτων
3501 3485 3626 3554 ἐμνη-

2128 3579 2411 3648 μόνευσεν,
2439 3577 2500 3632 οὐ
2538 3577 2634 3632 τοῦ
2671 3576 2937 3644 εὐλογεῖν,
2977 3576 3039 3631 οὐ
3071 3575 3173 3632 τοῦ
3220 3575 3500 3646 ἐφορκίζειν
3525 3578 3628 3645 μετὰ

2122 3670 2184 3723 τὸ
2210 3669 2492 3741 βάπτισμα
2511 3684 2525 3699 ο
2578 3669 2739 3740 μόνον
2777 3670 2834 3723 δὲ
2872 3668 2967 3722 τοῦ
3012 3668 3129 3723 δεῖν
3155 3668 3255 3739 τὴν
3287 3668 3453 3722 πίστιν
3473 3668 3630 3735 ἐκμαν-

2124 3761 2329 3827 θάνειν,
2357 3763 2453 3815 καὶ
2493 3760 2632 3832 μετά
2678 3761 2740 3814 τὸ
2776 3760 3081 3832 βάπτισμα,
3132 3760 3226 3815 τὸν
3254 3760 3354 3815 ὑπὸ
3385 3759 3476 3829 τῆς
3508 3758 3627 3811 νόσον

2123 3852 2441 3908 κωλυθέντα
2466 3853 2575 3924 πρὸ
2605 3851 2701 3907 τοῦ
2733 3852 2941 3923 ταύτην
2973 3852 3260 3919 ἐκμαθεῖν.
3288 3851 3415 3923 Φησὶ
3437 3850 3543 3918 γὰρ,
3568 3848 3627 3901 ὅτι

2122 3944 2204 3998 δεῖ
2239 3945 2369 4007 τοὺς
2410 3946 2470 3998 ὲν
2508 3944 2650 4015 νόσῳ
2700 3942 3122 4014 βαπτισθέντας,
3174 3944 3292 4015 ἢτοι
3336 3940 3627 3999 ἀναστάντας.

2120 4036 2483 4108 ἐκμανθάνειν
2536 4037 2636 4108 τὴν
2685 4037 2888 4102 πίστιν,
2936 4036 3031 4090 καὶ
3072 4036 3379 4106 γινώσκειν,
3410 4036 3479 4089 ὅτι
3516 4029 3629 4090 θείας

2118 4126 2333 4196 δωρεᾶς
2365 4126 2703 4198 ἠξιώθησαν.

2195 4219 2463 4290 Ἕϐδομον
2485 4219 2580 4274 καὶ
2601 4218 2911 4273 τελευταῖον
2939 4218 3118 4292 ἐρώτη
3128 4237 3204 4290 μα
3229 4215 3449 4275 τοιοῦτον
3469 4233 3512 4269 τι
3528 4228 3629 4287 προ-

2123 4313 2416 4385 ϐέϐληκας.
2471 4312 2624 4384 Κόρη
2684 4329 2792 4377 τις.
2845 4312 3101 4383 πέμπτον
3132 4310 3337 4377 ἄγουσα
3366 4307 3469 4371 lto;
3489 4307 3567 4377 τῆς
3588 4307 3631 4360 ὲν

2127 4406 2421 4477 ἀνηόὀτητι
2448 4403 2687 4475 ἡλικίας,
2734 4402 3095 4475 μνηστεύεται
3129 4403 3237 4456 τινὶ
3269 4399 3429 4472 ἀνδρί.
3454 4400 3534 4460 Ὃς
3558 4414 3632 4450 κα-

2125 4498 2231 4561 λῶς
2260 4497 2451 4561 ποιῶν,
2486 4495 2575 4549 διὰ
2619 4495 2717 4566 τὴν
2744 4494 2847 4564 τῆς
2890 4493 3322 4565 μνηστευθείσης
3358 4490 3631 4563 ἀνησότητα,

2121 4589 2415 4658 ἀφίσταται
2462 4585 2653 4657 αὐτῆς.
2719 4586 2784 4640 Ἦ
2822 4585 2887 4640 δὲ
2930 4586 3026 4640 καὶ
3060 4586 3225 4641 πάλιν
3270 4587 3327 4639 ἐν
3365 4582 3436 4654 τῷ
3468 4580 3634 4649 ἑϐδόμῳ

2121 4682 2299 4753 χρόνῳ
2338 4682 2437 4750 τῆς
2465 4680 2689 4751 ἡλικίας
2714 4678 2887 4749 αὐτῆς
2918 4679 3280 4750 μνηστεύεται
3309 4676 3451 4745 ἀνδρὶ
3472 4673 3629 4743 ἑτέρην

2120 4774 2180 4837 ὃς
2209 4773 2274 4845 δὴ
2328 4770 2490 4826 πάλιν
2539 4771 2608 4824 τὰ
2656 4773 2750 4824 ίσα
2790 4768 2869 4840 τῷ
2915 4768 3165 4841 προτέρῳ
3209 4767 3469 4841 φρονήσας
3504 4763 3636 4832 ἀπιορ-

2125 4867 2390 4937 ῥήγνυται
2416 4863 2603 4933 αὐτῆς.
2633 4858 2768 4916 Εἶτα
2797 4859 2886 4925 τίς
2918 4859 3363 4931 τρισκαιδέκατον
3393 4853 3634 4912 ἐλαύνουσα

2121 4963 2312 5035 χρόνον
2339 4959 2586 5031 βούλεται
2617 4956 2861 5029 νομίμως
2889 4957 3044 5028 ἀνδρὶ
3067 4958 3243 5029 ἑτέρῳ
3272 4951 3570 5024 ωναφθῆναί
3594 4966 3635 5001 ιε

2124 5055 2218 5109 καί⁵
2268 5051 2697 5124 ίερολογηθῆναι.
2760 5049 2948 5106 Ταῦτα
3008 5047 3416 5121 διηγηματικῶς
3460 5043 3634 5106 ἐκθεὶς.

2123 5146 2337 5217 ἐζήτεις
2369 5145 2579 5215 μαθεῖν,
2608 5144 2657 5198 εἰ
2683 5141 3009 5207 κεκώλυται,
3038 5142 3074 5212 ἢ
3124 5141 3201 5214 μὴ
3230 5137 3529 5194 κεκώλυται.
3552 5129 3636 5185 Kal

2119 5238 2373 5307 λέγομεν,
2417 5236 2492 5306 μὴ
2545 5231 2887 5289 κεκωλύσθαι
2938 5230 3168 5302 ταύτην,
3210 5230 3299 5285 διά
3338 5245 3394 5283 τε
3438 5225 3493 5280 τὸ
3537 5218 3634 5291 παρ’

2119 5329 2340 5401 ἠλικίαν
2372 5324 2799 5399 μνηπευθῆναι,
2847 5322 2942 5379 καὶ
2970 5323 3046 5396 μὴ
3075 5320 3507 5414 συναριθμεῖσθξι
3530 5316 3637 5414 δλωξ

2120 5421 2220 5484 τὰς
2242 5412 2498 5483 τοιαύτας
2531 5414 2828 5489 μνηστείας
2858 5416 2976 5480 ταῖς
3016 5413 3385 5486 ὲγνωσμέναις
3414 5411 3475 5481 τῇ
3503 5411 3636 5473 νεαρᾲ

2119 5512 2413 5586 νομοθεσίᾳ
2445 5508 2780 5583 μνηστείαις.
2823 5506 2934 5563 Kal
2979 5505 3205 5580 προσέτι
3238 5506 3315 5576 δὲ,
3350 5503 3431 5558 διὰ
3460 5502 3513 5553 τὸ
3537 5495 3634 5555 τοὺς

1704 5622 2389 5708 νΑιιιΑι-ιιεοτιοπεε.

522 5714 569 5749 ⁸⁸
586 5714 974 5787 ἑφορκισμούς.

542 5803 567 5852 ι
592 5807 731 5877 ηειοά
760 5807 1000 5866 divinum
1027 5826 1216 5868 manus
1250 5809 1427 5869 adepti
1450 5810 1578 5866 ιίκι.
