3948 6576
542 432 694 499 .1003
1853 433 1990 496 JUS
2030 435 2101 494 CA

2224 435 2475 498 'NICUM
3668 446 3783 511 ἰυθί

551 551 730 620 ipsum
760 558 868 600 non
897 541 1155 616 ignorare
1188 548 1454 614 oportuit,
1483 541 1555 598 ob
1583 555 1705 598 eam
1731 557 1954 601 causam
1984 561 2110 615 praet

2231 547 2393 602 αὐτὸν
2422 549 2524 602 οὐκ
2551 548 2720 621 ἐχρῆν
2741 548 2976 618 ἀγνοεῖν,
3005 549 3090 603 διὰ
3113 549 3273 604 τοῦτο
3296 553 3781 625 προκριματίζεται,

546 639 813 714 judicium
864 639 1091 710 patitur,
1125 637 1228 692 etsi
1275 645 1400 708 post
1445 635 1869 705 ordinationem,
1903 638 2100 694 benedi

2233 640 2342 695 κᾶν
2393 644 2533 711 μετὰ
2562 641 2662 713 τὴν
2712 643 3050 714 χειροτονίαν
3080 646 3174 698 καὶ
3224 643 3323 716 τὴν
3371 645 3665 716 ἰερολογίαν
3701 649 3782 702 τοῦ

550 737 786 794 ctionem
815 733 1132 806 nuptiarum
1160 731 1486 804 susceperit.
1516 731 1636 787 Duo
1657 733 1800 788 enim
1831 733 2103 803 ignoravit

2233 735 2410 803 γάμου
2435 735 2674 802 ἐδέξατο.
2691 736 2796 789 Δύο
2822 738 2930 806 γὰρ
2957 737 3245 806 ἡγνόησεν,
3265 738 3346 792 ὅτι
3368 739 3470 792 οὐκ
3486 739 3641 806 ἀρκεί
3655 742 3781 813 αὐτῷ

549 837 602 884 ct
633 829 804 884 solam
833 826 1239 898 sponsaliorum
1264 825 1633 895 precationem
1655 840 1763 881 non
1788 824 2036 884 sumcere
2060 841 2108 882 at

2235 828 2370 900 μόνη
2396 830 2429 900 ἠ
2461 829 2592 900 εὐχὴ
2615 829 2716 902 τῆς
2744 831 3037 901 μνηστείας
3064 834 3201 902 πρὸς
3226 831 3324 904 τὴν
3354 834 3641 902 συνάφειαν
3658 851 3672 868 ο
3704 840 3779 891 καὶ

531 907 826 992 copulam,
858 928 912 973 et
932 925 1056 988 post
1087 916 1492 972 ordinationem
1528 917 1910 975 benedictione
1936 919 2090 990 conju

2230 917 2312 970 ὁτι
2350 917 2489 986 μετὰ
2522 916 2622 988 τὴν
2672 919 3010 990 χειροτονίαν
3049 921 3222 986 οὐδεὶς
3268 921 3622 993 ἰερολογεῖται
3665 928 3779 998 μετί

551 1009 656 1081 gali
705 1023 816 1064 non
883 1007 1086 1062 initiari
1144 1022 1498 1078 quemquam.
1547 1008 1734 1064 Dicam
1786 1016 1842 1064 et
1885 1009 2100 1065 tertium

2231 1008 2510 1075 γυναικός.
2542 1007 2695 1064 Εἴπω
2724 1010 2782 1064 δὲ
2813 1012 2908 1066 καί
2938 1013 3141 1084 τρίτον,
3175 1014 3259 1068 ὅτι
3289 1016 3467 1081 οὐδεὶς
3498 1020 3564 1088 τῇ
3599 1023 3777 1093 μνηστῇ

549 1101 819 1157 neminem
853 1099 945 1171 qui
981 1114 1105 1154 cum
1152 1113 1353 1170 sponsa
1386 1107 1514 1156 ante
1547 1100 1766 1171 nuptias
1798 1115 2108 1174 congressu:

2233 1099 2529 1170 συναφθεὶς
2558 1102 2664 1174 πρὸ
2692 1101 2786 1156 τοῦ
2820 1103 3024 1176 γάμου,
3063 1107 3398 1178 χειροτονίας
3431 1107 3686 1175 ἀξιοῦται.

550 1194 642 1258 sit,
666 1193 1018 1248 ordinatione
1051 1190 1280 1263 dignum
1315 1191 1529 1248 haberi.

620 1285 774 1354 Resp.
811 1285 866 1340 5.
898 1284 1200 1355 Depulatus
1226 1299 1381 1352 vero,
1414 1285 1506 1358 qui
1549 1285 1823 1345 secundas
1857 1290 2129 1346 contraxit

2314 1269 2461 1324 Ἀπ’.
2495 1277 2564 1334 γ’.
2613 1269 2672 1325 '0
2727 1270 2912 1340 μέντοι
2959 1270 3446 1344 δευτερογαμήσας
3492 1274 3775 1338 δεποτάτος.

545 1381 793 1450 nuptias,
841 1390 1072 1432 servans
1115 1375 1199 1448 (ut
1245 1375 1466 1447 opinor)
1504 1377 1689 1432 hinubi
1724 1380 1960 1449 priorem
2008 1396 2104 1452 pte

2229 1363 2496 1434 φυλάξας,
2521 1359 2698 1434 οἶμαι,
2731 1364 2792 1416 τὸ
2816 1362 2911 1418 τοῦ
2943 1364 3180 1435 διγάμου
3213 1367 3480 1436 πρότερον
3507 1367 3774 1436 ἐπιτίμιον,

549 1483 695 1533 nam,
725 1481 848 1537 quae
887 1467 936 1520 ei
978 1467 1245 1521 canonice
1287 1466 1544 1538 imposita
1583 1478 1668 1524 est
1715 1470 1994 1541 (videlicet
2027 1487 2108 1527 cxi

2227 1459 2366 1527 ὅπερ
2386 1456 2535 1527 αὺτῷ
2559 1455 2862 1520 κανονικῶς
2888 1456 3192 1511 ἐπιτίθεται
3265 1459 3435 1530 ἤγουν
3480 1458 3576 1513 ἕνα
3623 1461 3777 1513 ἐνιαυ-

545 1559 992 1615 communicatus
1042 1573 1188 1613 anno
1243 1574 1354 1614 uno
1395 1568 1492 1613 aut
1536 1560 1748 1625 altero,
1795 1571 1956 1632 prout
2009 1563 2104 1634 ψει

2226 1546 2319 1601 τδν
2342 1547 2451 1600 εἴτε
2477 1544 2570 1600 δύο
2591 1546 2883 1616 γενόμενος
2935 1545 3322 1618 ἀκοινώνητος,
3381 1547 3459 1613 ὡς
3519 1548 3584 1603 ἂν
3638 1549 3776 1613 αὐτὸς

539 1649 929 1719 judicaveris),
964 1657 1155 1719 postea
1189 1663 1387 1706 rursus
1418 1649 1653 1720 benigne
1694 1653 2018 1709 restituetur
2056 1669 2098 1708 ac

2226 1639 2528 1711 δοκιμάσῃς
2586 1640 2727 1709 μετὰ
2753 1638 2913 1693 τοῦτο
2945 1639 3109 1694 πάλιν
3151 1639 3553 1711 φιλανθρώπως
3594 1642 3776 1696 dmu-

538 1739 792 1809 doputati
819 1738 1209 1794 ministerium.

2226 1734 2556 1804 ταστήσεται
2577 1734 2656 1796 εἰς
2674 1731 2774 1804 τὴν
2799 1731 2896 1786 τοῦ
2921 1732 3219 1788 δεποτάτου
3260 1735 3563 1806 ἐνέργειαν.

613 1832 816 1886 Interr.
845 1830 984 1887 Cum
1007 1830 1269 1886 donatum
1291 1839 1438 1888 esset
1468 1831 1706 1901 cuipiam
1731 1835 2122 1893 monasterium

2309 1824 2652 1894 Ἐρώτησις.
2685 1825 3036 1897 Δωρηθέντος
3075 1827 3183 1880 τινὶ
3239 1827 3602 1898 μοναστηρὶου
3643 1828 3773 1898 παρὰ

543 1939 575 1979 ιι
614 1925 850 1995 quodam
888 1938 1105 1991 eorum,
1137 1923 1234 1996 qui
1277 1931 1406 1980 ante
1449 1925 1808 1994 metuerant,
1841 1939 2102 2002 metropo‘

2223 1935 2366 1982 τινος
2394 1917 2505 1973 τῶν
2538 1917 2646 1990 πρὸ
2675 1917 2812 1989 ἐμοῦ
2857 1918 3298 1990 μητροπολιτῶν,
3353 1920 3570 1989 ἐγένετο
3608 1921 3773 1993 ἰπίςτῷ

542 2017 751 2080 litano;
797 2013 940 2070 facta
987 2022 1071 2069 est
1115 2015 1451 2070 monasterio
1501 2023 1557 2072 et
1602 2017 2020 2088 possessionis'
2054 2037 2101 2074 at

2225 2009 2581 2082 μοναστηρίῳ
2610 2013 2704 2066 καὶ
2739 2009 3024 2084 κτήματος
3085 2010 3331 2074 ἰπίδοσις
3355 2013 3422 2082 τῇ
3453 2012 3548 2066 ὑπ’
3571 2012 3664 2080 ipe
3689 2031 3774 2084 μη-

543 2120 720 2161 meam
772 2104 1120 2174 metropolim
1167 2105 1494 2174 pertinentis
1538 2109 1846 2165 concessio.
1890 2110 1974 2164 An
2020 2112 2102 2167 hor

2221 2106 2476 2179 τροπόλει
2506 2105 2879 2180 διαφέροντος.
2903 2105 2966 2159 Εἰ
2990 2100 3082 2160 οὖν
3108 2105 3334 2161 δύναται
3350 2105 3509 2160 τοῦτο
3532 2105 3771 2178 γίνεσθαι,

540 2199 717 2269 possit
767 2198 922 2262 tieri,
985 2206 1042 2255 et
1093 2199 1476 2269 possessiones
1530 2201 2076 2272 metropolitanorum

2221 2197 2406 2253 καὶτὰ
2434 2195 2546 2252 τῶν
2573 2194 2966 2268 μητροπόλεων
2990 2195 3324 2251 ἑπιδίδοσθαι
3371 2197 3486 2262 τοῖς
3532 2213 3772 2267 μοναστη-

541 2291 918 2358 monastcriis,
956 2289 1212 2358 concedi,
1244 2291 1466 2349 nomine
1494 2299 1706 2347 tantum
1751 2294 1832 2349 sic
1880 2296 2100 2366 appella.

2223 2290 2362 2363 ρίοις
2400 2291 2681 2361 κτήματα,
2703 2289 2934 2361 όνόμασι
2969 2289 3132 2360 μόνον
3153 2288 3538 2360 κεκλημένοις,
3573 2289 3630 2343 οὗ
3659 2289 3772 2361 πρά·

540 2385 630 2450 tis,
661 2399 766 2440 non
811 2399 889 2439 re.

860 2401 889 2439 ι.
2221 2397 2419 2453 γμασι.

610 2474 770 2546 Resp.
830 2474 1202 2531 Possessionis
1270 2474 1338 2531 ad
1407 2477 1753 2549 metropolim
1795 2479 2121 2550 pertinentis

2305 2472 2447 2528 Ἀπ’.
2497 2471 2563 2527 Ἦ
2598 2471 2696 2528 τοῦ
2734 2473 3016 2544 κτήματος
3065 2473 3164 2545 τῆς
3220 2473 3605 2546 μητροπόλεως
3655 2473 3771 2544 πρὸς

541 2569 878 2625 monasterio
910 2569 1052 2625 facta
1085 2569 1394 2636 concessio,
1424 2570 1525 2626 etsi
1568 2573 1967 2628 monasterium
2009 2589 2100 2630 me

2225 2565 2588 2637 μοναστήριον
2611 2565 2874 2630 ἐπίδοσις.
2901 2565 3009 2621 κᾶν
3050 2565 3158 2621 ὑπὸ
3188 2567 3290 2638 τὴν
3326 2567 3656 2640 μητρόπολιν
3701 2566 3771 2620 δε-

541 2661 739 2732 tropoli
789 2659 1068 2716 dominico
1135 2660 1354 2728 subsit,
1413 2671 1509 2717 aut
1555 2662 1704 2719 velut
1751 2665 1996 2720 domus'l
2046 2665 2100 2723 sil

2225 2653 2500 2718 σποτικῶς
2531 2655 2753 2730 ὑπάρχῃ
2779 2655 2840 2710 τδ
2866 2658 3254 2729 μοναστήριον,
3317 2658 3424 2712 κᾶν
3480 2656 3555 2721 ὡς
3596 2657 3770 2712 ἐνδιαί-

535 2752 975 2824 metropolitani,
1005 2739 1102 2807 aut
1148 2751 1300 2808 nullo
1347 2753 1511 2809 modo
1557 2753 1750 2811 donari
1792 2758 1988 2828 possit,
2023 2771 2090 2812 au

2220 2764 2372 2817 τημα
2417 2743 2451 2820 ᾗ
2508 2746 2603 2802 τοῦ
2651 2747 3071 2820 μητροπολιτου,
3130 2748 3234 2803 κᾶν
3281 2747 3420 2813 δλως
3463 2749 3768 2822 ἀδώρηστον,

531 2844 750 2902 reditus
776 2844 844 2900 ad
868 2843 1214 2915 metropolim
1237 2844 1522 2916 proveniat
1550 2847 1632 2918 (ut
1667 2845 1987 2918 plerumque
2013 2850 2090 2921 (it)

2221 2837 2322 2893 κᾶν
2349 2839 2418 2892 τὰ
2441 2840 2551 2893 τῶν
2609 2840 2886 2911 προσόδων
2908 2841 2988 2904 εἰς
3009 2840 3111 2912 τὴν
3140 2840 3480 2914 μητρόπολιν
3500 2841 3767 2912 εἰσοδιάζη-

532 2944 684 2992 recta
738 2935 957 2992 ratione
1003 2951 1107 2992 nec
1151 2937 1371 3008 cegnita
1422 2946 1506 2994 est
1537 2978 1552 3004 ,
1615 2954 1718 2995 nec
1771 2941 2087 3013 recipienda

2219 2951 2310 2989 ται
2343 2931 2454 3006 (οἷα
2489 2935 2750 2998 πολλάκις
2773 2933 3006 3006 γίνεται)
3036 2935 3116 3005 τῷ
3137 2935 3284 3007 ὀρθῷ
3307 2935 3451 3006 λόγῳ
3497 2936 3768 3004 ἀνεπίγνω·

536 3029 708 3084 Multo
753 3039 938 3085 autem
983 3029 1182 3102 magis,
1210 3029 1257 3085 si
1302 3029 1441 3084 nihil
1485 3029 1684 3086 horum
1717 3030 1902 3090 fuerit.
1936 3033 2095 3091 Mani-

2221 3028 2346 3092 στός
2375 3029 2492 3081 ἰστι
2518 3027 2611 3082 καὶ
2650 3027 3004 3093 ἁνεπίδεκτος
3036 3045 3052 3060 ο
3081 3027 3263 3101 πολλῷ
3279 3029 3336 3084 δὲ
3363 3029 3528 3085 πλέον
3569 3032 3657 3087 ἰὰν
3689 3030 3766 3084 οό-

533 3119 675 3178 Iesta
723 3120 872 3176 enim
925 3121 1186 3178 alienatio
1225 3129 1319 3176 aut
1350 3119 1555 3178 frustra
1604 3129 1659 3180 et
1705 3123 2092 3182 inconsiderati

2217 3119 2306 3174 δὲν
2360 3119 2568 3174 τούτων
2746 3119 3064 3190 Ἐκποίησις
3098 3119 3210 3190 γὰρ
3260 3121 3496 3192 φανερὰ,
3539 3122 3572 3193 ἢ
3617 3121 3769 3193 μάτην

531 3231 565 3268 a
620 3214 909 3286 metropoli
960 3215 1016 3268 in
1068 3215 1465 3270 monasterium
1517 3218 1799 3287 possessio
1853 3221 2090 3277 transiet:

2219 3213 2314 3267 καὶ
2335 3212 2638 3283 ἀλογίστως
2683 3212 2791 3268 ἀπὸ
2818 3213 2917 3286 τῆς
2951 3212 3339 3286 μητροπόλεως
3389 3215 3471 3278 εἰς
3520 3213 3581 3268 τὸ
3634 3231 3767 3284 μονα-

529 3307 814 3361 videtur'.
844 3303 1000 3372 Quod
1035 3316 1218 3362 autem
1255 3305 1460 3363 frustra
1493 3317 1547 3364 et
1571 3308 1624 3364 in
1651 3325 1852 3366 vanum
1891 3313 1982 3382 sit,
2011 3330 2088 3370 net

2219 3307 2440 3380 στηριον
2465 3305 2526 3360 τὸ
2549 3307 2732 3377 κτῆμα
2766 3306 3021 3377 μετατιθέ
3029 3323 3192 3378 μενον
3211 3307 3330 3341 ³⁹ο¹⁵⁶
3357 3309 3624 3378 φαίνεται.
3645 3307 3765 3361 Teii

527 3399 736 3456 rationi
771 3414 875 3455 nec
906 3399 1010 3470 legi
1045 3407 1132 3454 est
1169 3412 1624 3456 consentaneum.
1663 3402 1940 3476 Cujusque
1964 3408 2086 3463 enin

2221 3401 2474 3473 μάταιον,
2492 3399 2595 3453 οὐκ
2635 3397 2854 3467 ἔλλογον
2891 3398 3014 3453 οὐδὲ
3065 3398 3311 3470 ἔννομον.
3369 3400 3629 3456 Ἐκόιστου
3677 3399 3765 3468 γὰρ

534 3491 856 3547 monasterii
893 3490 1190 3560 peculiaris
1218 3499 1301 3548 est
1331 3493 1761 3561 administratio,
1793 3504 1848 3553 et
1879 3497 1947 3552 ad
1981 3515 2093 3570 pro

2219 3494 2588 3566 μοναστηρίου
2675 3492 2942 3564 διοίκησις
2997 3493 3284 3560 ἰδιάζουσά
3359 3494 3501 3560 ἐστι,
3575 3495 3664 3547 καὶ
3703 3495 3766 3554 εἰς

535 3585 712 3656 priam
777 3583 1235 3640 constitutionem
1303 3593 1628 3655 spectans‘.
1685 3581 1889 3644 Verum
1945 3593 2094 3647 etian

2217 3587 2315 3656 τὴν
2339 3587 2504 3641 αὑτοῦ
2541 3586 2806 3640 σύστασιν
2842 3585 3050 3656 δρῶσα,
3081 3585 3218 3640 ἀλλὰ
3246 3586 3338 3639 καί
3383 3586 3542 3657 ήτῆς
3587 3600 3763 3656 μητρο-

532 3675 829 3748 peculiaris
859 3675 1036 3747 ipsius
1079 3677 1422 3748 metropolis,
1453 3679 1562 3735 nisi
1604 3695 1669 3735 ex
1703 3681 1966 3754 synodica
1997 3684 2084 3741 dis

2217 3682 2451 3745 πόλεως,
2491 3680 2795 3745 ἰδιάζουσα,
2829 3679 2880 3732 εἰ
2910 3679 2986 3751 μὴ
3042 3679 3106 3732 ἰκ
3158 3677 3445 3750 συνοδικῆς
3487 3675 3762 3747 οἰκονομίας

531 3769 857 3839 pensatione
906 3767 974 3824 ad
1028 3769 1321 3826 utilitatem
1369 3769 1634 3828 Ecclesiae
1675 3773 1782 3829 tale
1825 3775 1955 3846 quid
2016 3777 2090 3832 da

2217 3773 2354 3844 πρὸς
2372 3771 2433 3826 τὸ
2456 3771 2734 3834 λυσιτελὲς
2757 3770 2858 3841 τῆς
2873 3771 3205 3841 Ἐκκλησίας
3230 3768 3473 3824 τοιοῦτόν
3491 3785 3543 3822 τι
3564 3770 3763 3823 δέδοται.

529 3874 644 3918 tum
681 3864 773 3920 sit.
810 3865 881 3917 At
908 3878 1038 3920 vero
1061 3864 1324 3921 alienatio
1353 3865 1477 3923 sine
1505 3867 1770 3939 synodica
1800 3870 2088 3942 cognitioni

2217 3865 2328 3921 Καὶ
2359 3864 2646 3937 ἐκποίησις
2675 3863 2733 3918 δὲ
2758 3863 2888 3918 ἄνευ
2905 3862 3190 3934 συνοδικῆς
3219 3859 3562 3934 διαγνώσεως
3587 3861 3643 3916 οὑ
3667 3876 3762 3928 συγ·

523 3952 643 4009 ﬁeri
678 3969 785 4008 non
828 3953 1185 4024 permittitur.

2214 3956 2528 4030 κεχώρηται
2553 3955 2816 4025 γίνεσθαι.

597 4041 796 4098 Interr.
834 4042 891 4098 Si
941 4045 1065 4114 quis
1113 4043 1392 4109 sacerdos,
1433 4052 1528 4100 aut
1573 4045 1738 4102 etiam
1787 4048 1982 4116 laicus,
2024 4047 2114 4106 de-

2299 4047 2644 4117 Ἑρώτησις.
2666 4046 2735 4100 Εἰ
2759 4062 2844 4111 τις
2871 4045 3188 4117 ίερωμένος,
3221 4045 3255 4118 ἢ
3282 4046 3375 4100 καὶ
3390 4046 3579 4111 λαῑκδς
3604 4063 3759 4116 φωρα-

519 4137 838 4209 prehensus
897 4138 970 4193 sit
1029 4145 1222 4193 contra
1277 4139 1561 4208 proprium
1614 4142 1972 4213 episcopum,
2017 4159 2078 4198 au

2215 4137 2334 4211 θείη
2359 4139 2501 4193 κατὰ
2529 4137 2625 4192 τοῦ
2653 4136 2856 4192 οἰκείου
2885 4137 3211 4203 ἐπισκόπου,
3239 4134 3273 4208 ἢ
3303 4139 3399 4191 καὶ
3434 4137 3702 4208 ἄρχοντος,
3733 4135 3756 4204 ἢ

525 4230 932 4300 magistratum,
967 4234 1062 4282 aut
1117 4228 1394 4298 privatum
1435 4229 1780 4300 simpliciter,
1828 4242 1884 4288 et
1924 4235 2083 4306 vulga

2215 4233 2312 4288 καὶ
2375 4231 2589 4286 ἰδιώτου
2625 4229 2836 4298 ἁπλῶς,
2884 4231 2981 4285 καὶ
3020 4229 3115 4284 τοῦ
3170 4230 3427 4302 τυχόντος
3482 4229 3756 4302 ἀνθρώπω,

523 4336 640 4376 rem
687 4321 962 4376 hominem
1012 4334 1209 4375 cruces
1249 4320 1304 4374 in
1342 4321 1535 4376 charta
1573 4339 1740 4379 manu
1781 4327 2001 4396 propria
2033 4326 2082 4382 fe

2216 4323 2486 4396 σταυροὺς
2535 4323 2594 4376 ἰν
2641 4321 2819 4395 χάρτῃ
2883 4316 3254 4392 οἰκειοχείρως
3285 4317 3478 4384 ποιῶν,
3509 4319 3544 4388 ἢ
3575 4317 3664 4372 καὶ
3687 4332 3757 4369 συ·

519 4415 692 4478 cissc,
729 4421 823 4468 aut
867 4411 1035 4467 etiam
1066 4412 1298 4468 insidias
1346 4415 1402 4469 in
1450 4415 1618 4485 ipsos,
1653 4418 1738 4471 vel
1763 4427 1978 4474 cattus!
2011 4435 2078 4498 po

2227 4413 2429 4478 σκευὰς
2504 4410 2627 4467 κατ’
2680 4409 2946 4482 αὐτῶν,ἢ
3015 4411 3110 4463 καὶ
3165 4407 3529 4472 λαοσυναξίας
3574 4405 3760 4477 ἐκμελε-

525 4503 638 4574 puli
675 4502 994 4568 meditatus,
1022 4502 1110 4557 cui
1147 4518 1322 4572 paenae
1356 4504 1684 4575 subjicitur?

2212 4507 2344 4572 τῶν,
2375 4506 2479 4560 τίνι
2501 4505 2609 4576 ἄρα
2643 4502 2906 4574 ἐπιτιμίῳ
2930 4501 3217 4556 ὑπόκειται
3244 4519 3258 4569 ;

595 4594 750 4668 Resp.
794 4596 898 4664 Qui
927 4596 1034 4651 tale
1075 4595 1361 4668 quidpiam
1391 4605 1730 4668 perpetrant,
1759 4600 1902 4656 etab
1926 4610 2102 4657 extra-
2139 4623 2154 4681 ι

2299 4598 2432 4653 Ἀπο
2511 4597 2575 4652 Ol
2658 4594 2900 4650 τοιοῦτόν
2965 4611 3019 4649 τι
3077 4593 3502 4664 διαπράττοντες
3523 4632 3540 4659 ,
3612 4587 3761 4648 καθὼς

522 4689 643 4743 neis
695 4688 910 4760 legibus
953 4727 968 4752 ,
1022 4697 1081 4744 ut
1134 4696 1193 4744 tu
1240 4689 1358 4760 ipse
1408 4690 1519 4747 scis
1569 4690 1683 4746 Deo
1739 4693 2068 4752 charissima

2215 4687 2365 4754 οἶδας
2416 4690 2512 4744 καὶ
2544 4688 2728 4755 αὐτὸς,
2761 4686 3163 4758 θεοφιλέστατε,
3202 4679 3298 4740 καὶ
3343 4685 3496 4758 παρὰ
3553 4684 3656 4738 τῶν
3681 4681 3761 4747 ἔξω

521 4777 865 4849 plectuntur,
894 4777 1045 4834 velut
1080 4779 1332 4834 criminis
1358 4779 1761 4850 conjurationis
1787 4788 1840 4837 et
1864 4785 2080 4839 sodaliti

2217 4783 2396 4853 νόμων
2425 4779 2814 4853 τιμωροῦνται,
2865 4778 2941 4843 ὡς
2974 4777 3269 4833 ὑπεύθυνοι
3295 4775 3372 4848 τῷ
3401 4779 3500 4848 τῆς
3550 4787 3759 4842 συνωμο·

522 4872 664 4927 rci'.
696 4871 867 4926 Multo
909 4879 1092 4927 autem
1125 4872 1300 4944 magis
1334 4874 1405 4928 ab
1445 4871 1693 4930 Ecclesia
1735 4877 2081 4934 emendation

2219 4877 2339 4940 σίας
2378 4875 2474 4931 καὶ
2529 4873 2800 4947 φρατρίας
2849 4873 3157 4946 ἐγκλήματι
3185 4889 3198 4902 ·
3269 4871 3454 4942 πολλῷ
3504 4871 3566 4926 δὲ
3633 4867 3757 4922 πλέον

522 4965 961 5037 subjiciunturI,
1007 4966 1165 5038 juxta
1208 4967 1489 5023 decimum
1536 4976 1794 5025 octavum
1841 4985 2081 5028 canonen

2216 4974 2370 5046 παρὰ
2393 4973 2493 5045 τῆς
2514 4971 2842 5044 Ἐκκλησίας
2862 4969 3198 5038 εὐθύνονται,
3229 4968 3375 5026 κατὰ
3425 4969 3517 5024 τὸν
3574 4974 3636 5040 ιη’
3687 4965 3755 5030 τῆς

512 5061 989 5118 Chalcedonensis
1037 5074 1240 5117 sanctae
1287 5063 1505 5134 synodi.
1550 5060 1618 5117 Et
1659 5063 1707 5118 si
1739 5064 1958 5134 quidem
1993 5066 2071 5121 cle

2216 5069 2276 5121 ὲν
2315 5065 2620 5136 Χαλκηδόνι
2676 5065 2837 5134 ἁγίας
2886 5062 3104 5118 συνόδου
3159 5062 3383 5118 κανόνα.
3449 5062 3564 5117 Καὶ
3610 5061 3651 5113 εἰ
3684 5057 3753 5128 μὲν

517 5153 623 5209 rici
673 5155 805 5221 sint,
851 5153 917 5210 de
964 5154 1187 5226 proprio
1233 5157 1406 5227 gradu
1447 5155 1711 5211 excidunt
1743 5157 1901 5228 juxta
1953 5157 2076 5214 tricc

2223 5160 2323 5230 κλη
2334 5158 2481 5233 ρικοὶ
2509 5155 2644 5226 εἷεν,
2670 5159 3001 5213 ἐκπίπτουσι
3026 5155 3120 5212 τοῦ
3145 5156 3352 5211 οἰκείου
3397 5153 3626 5227 βαθμοῦ,
3649 5149 3752 5204 κατά

515 5245 720 5300 simum
749 5254 1005 5316 quartum
1053 5260 1212 5302 conc.
1245 5243 1416 5301 Trull.
1449 5261 1714 5304 canonem
1749 5265 1764 5304 :
1798 5249 1885 5306 sin
1923 5261 2074 5306 auter

2215 5253 2308 5308 τὸν
2337 5253 2409 5307 λδ¹
2439 5253 2539 5324 τῆς
2567 5253 2625 5307 ἐν
2660 5250 2738 5323 τῷ
2763 5249 3020 5322 Τρούλλῳ
3040 5266 3056 5281 ·
3093 5250 3142 5304 εἰ
3169 5249 3227 5302 δὲ
3261 5247 3465 5312 λαῖκοὶ,
3508 5241 3753 5316 ἀφορίζων·

511 5339 648 5393 laici
677 5378 692 5404 ,
741 5339 1317 5393 excouununicantur.
1367 5338 1427 5394 In
1473 5340 1677 5410 quibus
1721 5343 1868 5398 enim
1922 5345 2070 5403 clerit

2219 5361 2332 5398 ται.
2383 5342 2471 5396 Ἑν
2497 5336 2580 5406 οἷς
2611 5340 2721 5413 γὰρ
2738 5341 2788 5395 οἰ
2810 5339 3064 5412 κληρικοὶ
3103 5338 3516 5407 καθαιροῦνται,
3543 5338 3590 5391 οἰ
3616 5330 3752 5388 luisti

516 5431 902 5501 deponuntur,
931 5431 1056 5485 laici
1086 5431 1662 5486 excommunicantur.

1041 5431 1056 5484 i
1086 5431 1662 5486 excommunicantur.
2218 5437 2594 5510 ἀφορίζονται.

1847 5570 2076 5629 ΥΔΒίᾹί
2103 5570 2508 5631 LECTIONES.

589 5661 710 5695 ⁸⁸·δθ
736 5660 1159 5732 μετατιθεμένη.

593 5757 855 5827 ’ρτωάὶἰο
887 5829 897 5832 _
933 5758 954 5795 ‘
1015 5754 1404 5832 metropolium.
1483 5767 1514 5796 ιι
1567 5757 1922 5832 domicitium.
1996 5773 2026 5804 τ
2058 5761 2202 5818 Nam
2253 5765 2652 5832 alienationem,
2680 5759 3022 5832 manifestam
3073 5775 3185 5815 esse
3225 5767 3397 5832 paret,
3437 5772 3552 5831 qua
3606 5763 3747 5832 ιειιιςη

519 5833 764 5902 citraque
795 5829 1050 5905 rationem
1077 5828 1346 5905 pradium
1395 5844 1426 5882 α
1458 5830 1756 5905 metropoli
1789 5833 1858 5905 ad
1891 5838 2269 5890 monasterium
2299 5835 2576 5905 transfert.
2624 5831 2778 5898 Quod
2815 5828 2991 5887 autent
3051 5828 3239 5905 temeti
3266 5831 3350 5905 ﬁt.
3391 5838 3424 5870 ⁸
3446 5828 3745 5905 conseruit?

523 5919 645 5958 nem
677 5898 980 5974 'spectans.__
1014 5898 1207 5955 Itidem
1249 5910 1300 5956 et
1355 5898 1664 5970 metropolis
1687 5901 2084 5962 administratio
2125 5905 2390 5964 uenturis
2439 5898 2538 5961 Est.
2617 5911 2642 5952 1
2668 5919 2982 5960 concursus.
3062 5911 3085 5940 ι
3105 5898 3384 5973 manu.
3439 5913 3471 5945 ⁸
3495 5898 3741 5971 νηίικην
