3948 6584
323 337 457 407 1005

1590 359 1856 422 GRAECO
1889 363 2290 430 RDMANUM.

3451 386 3586 452 1006

398 457 741 527 Ἐρώτησις.
772 461 840 516 Εί
855 468 936 525 τις
964 461 1258 536 ἱερωμένος
1283 465 1318 534 ἦ
1353 468 1447 522 καὶ
1479 469 1667 536 λαῖκὸς
1702 490 1879 564 (ρωρα⁴

2071 482 2270 538 lnlerr.
2328 485 2384 540 Si
2428 485 2554 555 quis
2595 493 3014 560 consecratusb,
3061 506 3156 551 aut
3200 498 3364 556 etiam
3413 503 3588 564 laicus

315 547 432 617 θείη
460 548 795 619 ὲπ-αοιδὸς,ἢ
845 553 938 606 καὶ
989 556 1303 626 φαρμακὶς,
1347 558 1381 629 ἢ
1440 561 1531 616 καὶ
1582 547 1892 634 τριοδεύιυν,

313 640 453 711 ποίῳ
481 642 744 714 ἐπιτιμίῳ
776 643 1158 715 ύποπεσεῖται;

395 732 531 786 Ἀπ.
575 733 686 788 Καὶ
715 733 784 790 τὰ
805 735 1032 791 τοιαῦτα
1072 738 1170 809 τῆς
1203 739 1424 812 ἐθνικῆς
1441 744 1550 798 εἰσὶ
1588 749 1894 819 συνηθείας,

308 824 368 874 ού
402 824 501 894 τῆς
524 826 920 898 Χριστιανικῆς
954 830 1252 898 πολιτείας,
1283 834 1407 889 οὕτε
1447 839 1554 911 μὴν
1605 842 1708 912 τῆς
1737 844 1896 916 ὀρθο-

305 913 462 980 δὸξου
507 916 852 989 Ἐκκλησίας.
881 921 1044 976 Ὀθεν
1075 926 1103 977 6
1131 925 1342 991 τούτοις
1373 930 1536 996 ἁλοὺς
1601 938 1715 997 τοῖς
1770 913 1894 991 ἔπι-

313 1007 609 1080 ιηδεύμασι
675 1013 770 1066 καὶ⁹
830 1019 1322 1088 κακοτεχνήμασιν,
1376 1024 1423 1076 εξ
1485 1025 1584 1095 μὲν
1637 1027 1896 1099 κληρικός

305 1100 447 1167 ἐστι,
477 1101 846 1172 καθαιρεῖται,
908 1108 1002 1161 καὶ
1039 1109 1140 1181 τῆς
1186 1111 1515 1185 Ἐκκλησίας
1556 1120 1894 1193 ἀπορρίπτε-

304 1205 417 1255 ται,
442 1189 589 1245 κατὰ
611 1190 704 1247 τὸν
735 1191 824 1256 λς’
849 1196 948 1265 τῆς
985 1198 1043 1250 ὲν
1082 1199 1376 1274 Λαοδικείᾳ
1403 1207 1623 1261 συνόδου
1651 1189 1853 1266 κανόνα
1877 1227 1892 1244 ·

304 1280 576 1346 ὡσαύτως
611 1283 667 1338 δὲ
701 1286 797 1340 καὶ
853 1288 882 1340 6
930 1288 1115 1355 λαῖκὸς
1153 1292 1477 1352 ἐκϐάλλεται
1505 1300 1606 1368 τῆς
1663 1302 1894 1373 Ἐκκλη-

305 1373 430 1437 σίας
484 1375 731 1442 τελείως.
775 1380 1184 1446 Μετανοοῦντες
1245 1386 1301 1440 δὲ
1353 1390 1766 1464 οῑκονομοῠνται
1824 1398 1892 1452 δι’

304 1465 580 1531 ὲξαετίας.
624 1469 1055 1540 ἢπενταετίαςο
1107 1477 1234 1548 τρία
1280 1479 1380 1550 μὲν
1429 1481 1524 1555 ἔτη
1559 1484 1894 1542 ὑποπίπτον-

302 1575 418 1624 τες,
456 1561 552 1615 καὶ
585 1579 654 1615 τα
680 1562 846 1619 λοιπὰ
871 1569 1256 1642 συνευχόμενοι
1287 1573 1470 1644 μόνον,
1524 1578 1696 1650 χωρὶς
1723 1599 1886 1653 προσ·

301 1654 501 1723 φορᾶς,
573 1653 719 1709 κατὰ
745 1657 836 1711 τὸν
859 1659 936 1712 κδ’
966 1663 1065 1732 τῆς
1097 1663 1157 1716 ὲν
1192 1663 1458 1738 Ἀγκύρᾳ.
1497 1666 1684 1734 Οὕτως
1698 1670 1756 1725 δὲ
1790 1689 1889 1743 με·

303 1748 675 1818 τανοήσαντες
706 1751 964 1822 γνησίως,
988 1753 1020 1826 ἢ
1048 1754 1125 1820 ὡς
1157 1757 1225 1812 ἂν
1253 1761 1281 1813 ό
1305 1760 1601 1831 ἀρχιερεὺς
1662 1767 1884 1839 συνορᾷ.

304 1837 444 1909 πρὸς
470 1837 569 1910 τὴν
597 1841 889 1910 μετάνοιαν
911 1845 1092 1901 αὐτῶν
1164 1847 1298 1920 (ἔχει
1349 1853 1458 1922 γὰρ
1513 1853 1761 1918 ἐξουσίαν
1797 1837 1879 1910 καῖ

1998 1837 2412 1936 ρυεηὶιίείιιίιιιῐι⁸
2459 1876 2916 1940 animadverterit
2952 1896 2974 1926 ο

306 1927 496 1996 μειοῦν
532 1931 623 2004 τὸν
645 1933 886 2004 καιρὸν),
919 1935 1021 2007 τῆς
1079 1936 1231 2005 Θείας
1276 1939 1661 2007 καταξιοῦνται
1718 1963 1887 2016 μετα-

300 2022 538 2091 λήψεως.

382 2115 730 2185 Ἐρώτησις.
768 2120 836 2172 Εἴ
857 2137 940 2186 τις
974 2121 1270 2195 ἱερωμένος
1297 2129 1794 2198 παραδυναστεύειν
1809 2132 1888 2203 τῷ

297 2203 398 2274 τῆς
421 2204 605 2277 χώρας
635 2207 858 2280 ἄρχοντι
884 2214 1129 2280 σπεύδει,
1191 2218 1489 2275 κάντεῦθεν
1545 2227 1886 2296 προσαγγέλ-

297 2313 380 2350 λει
441 2298 562 2353 τινὰ
614 2301 759 2357 κατά
807 2320 993 2372 τινων,
1050 2308 1146 2362 καὶ
1182 2309 1274 2364 τὸν
1312 2311 1549 2383 ἄρχοντα
1574 2317 1696 2370 κατ’
1734 2318 1886 2372 εκεί-

296 2407 408 2444 νων
441 2391 710 2467 διανιστᾷ,
767 2395 820 2450 τί
862 2402 1166 2466 κανονικῶς
1219 2405 1246 2457 6
1284 2405 1523 2471 τοιοῦτος
1581 2410 1880 2478 πείσεται;

385 2484 509 2538 Ἅπ.
571 2486 630 2541 '0
663 2489 967 2559 ἱπερωμένος
995 2492 1074 2563 τῷ
1106 2495 1239 2568 ἱερῷ
1299 2499 1686 2573 προσεδρεύειν
1735 2503 1884 2575 ὀφεί-

286 2575 404 2641 λει,
426 2577 522 2630 καὶ
559 2580 681 2643 ταῖς
706 2580 1190 2652 ἐκκλησιαστικαῖς
1222 2587 1548 2659 ὑπηρεσίαις
1578 2593 1883 2663 ἑνασχολεί-

296 2666 449 2735 σθαι,
475 2669 571 2723 καὶ
604 2670 665 2724 οὐ
711 2673 1213 2744 παραδυναστεύειν
1259 2685 1557 2751 κοσμικαῖς
1608 2684 1882 2752 ἐξουσίαις

295 2756 396 2810 καὶ
444 2757 726 2829 ἄρχουσιν.
761 2761 856 2815 Ἐκ
889 2762 947 2816 δὲ
985 2766 1083 2836 τῆς
1113 2766 1350 2838 νομίμου
1409 2774 1783 2842 παραγγελίας
1816 2777 1878 2831 οὐ

297 2848 604 2919 βλάπτεται
639 2854 695 2908 ετ
727 2871 856 2912 ποτε
899 2856 1059 2913 τοῦτο
1110 2862 1347 2931 ποιήσει,
1389 2866 1438 2918 εί
1489 2865 1564 2938 μὴ
1602 2871 1744 2923 κατὰ
1779 2869 1880 2939 τῆς

307 2943 641 3016 Ἐκκλησίας
671 2947 820 3002 ἐστὶν
847 2949 879 3021 ἡ
912 2955 1293 3024 προσαγγελία
1362 2957 1620 3031 ήψευδὴς
1651 2963 1746 3015 καὶ
1780 2980 1878 3016 συ-

293 3038 624 3110 κοφαντική.
653 3037 787 3093 Τότε
819 3043 982 3115 γὰρῆ
1015 3044 1090 3106 ὡς
1121 3047 1382 3120 ἀσεϐὴςῆ
1421 3050 1497 3114 ὼς
1532 3054 1878 3124 συκοφάντης

294 3132 777 3199 καταγινώσκεται
819 3135 1124 3209 ἐλεγχθείς.
1147 3141 1313 3212 Δῆλαι
1343 3143 1400 3198 δέ
1436 3147 1575 3200 εἰσιν
1625 3148 1682 3204 ai
1717 3165 1876 3203 κανοο

291 3223 444 3278 νικαὶ
465 3225 572 3278 τῶν
596 3226 854 3282 τοιούτων
873 3231 1158 3302 τιμωρίαι.

376 3315 723 3386 Ἐρώτησις.
771 3321 841 3374 Et
882 3339 966 3386 τις
992 3324 1310 3396 ἱερωμένος,
1339 3329 1489 3401 παρὰ
1519 3330 1582 3385 τὸ
1603 3334 1877 3405 προσῆκον

291 3407 660 3478 ἀμφιέννυται
718 3411 944 3484 ἔνδυμα,
996 3417 1091 3470 καὶ
1141 3420 1384 3489 κοσμικὰ
1415 3422 1877 3493 περιϐαλλόμενος

290 3503 549 3575 φωραθῇ,
604 3505 697 3558 καὶ
753 3506 1100 3580 ραϐδοφορῶν
1135 3510 1169 3582 ἢ
1224 3512 1319 3566 καὶ
1353 3515 1724 3587 νυκτοπορῶν,
1757 3517 1876 3582 πῶς

288 3587 448 3656 οὗτος
477 3597 776 3662 κανονικῶς
803 3599 1197 3672 συσταλήσεται
1228 3620 1244 3670 ;

375 3686 507 3742 Ἀπ.
535 3687 610 3742 Τὸ
640 3691 1034 3760 ἀμφιέννυσθαι
1064 3695 1414 3770 ἀκατάλληλα
1429 3699 1508 3770 τῷ
1529 3701 1715 3774 οἰκείῳ
1741 3703 1874 3775 σχή-

292 3795 449 3848 ματι,
487 3781 581 3833 καὶ
614 3782 989 3857 ραϐδοφορείν,
1041 3789 1136 3841 καὶ
1168 3795 1541 3863 νυκτοπορεῖν,
1593 3794 1718 3848 ὅσον
1771 3796 1873 3867 μὲν

291 3867 438 3922 κατὰ
462 3869 524 3922 τὸ
564 3873 909 3944 φαινόμενον,
938 3877 1039 3930 οὐκ
1071 3878 1358 3935 ἐπαινετόν
1385 3883 1553 3938 ἐστιν.
1574 3885 1741 3940 Οὐδὲν
1765 3886 1873 3956 γὰρ

291 3962 496 4031 αγαθὸν
526 3964 818 4020 ὑποϐάλλει
856 3972 1000 4024 νοεῖν
1033 3971 1178 4025 κατὰ
1210 3972 1305 4026 τοῦ
1347 3973 1490 4028 οὕτω
1515 3976 1868 4049 πράττοντος.

289 4055 452 4108 Μετὰ
481 4058 860 4134 παραγγελίαν
877 4059 919 4092 δ’
939 4061 1047 4134 γὰρ
1067 4064 1095 4115 6
1123 4063 1281 4119 τοῦτο
1313 4066 1505 4134 ποιῶν,
1531 4069 1868 4142 καθαιρεθή-

290 4162 448 4201 σεται
472 4131 690 4214 nam;
724 4169 739 4184 ο
769 4154 817 4206 εί
852 4154 926 4223 μὴ
960 4131 1029 4209 δέ
1065 4155 1309 4231 ἀνάγκην
1337 4131 1499 4224 τινὰ,
1537 4161 1572 4232 ἢ
1605 4131 1867 4234 περίστα-

291 4252 404 4301 σιν,
434 4236 467 4308 ἢ
496 4239 713 4308 πενίαν,
759 4242 792 4312 ἢ
837 4242 1004 4315 ἄλλην
1055 4247 1176 4301 τινὰ
1209 4248 1452 4318 εὔλογον,
1488 4251 1594 4322 νη
1632 4257 1726 4309 καὶ
1779 4253 1870 4309 διὰ

284 4327 388 4398 τὴν
409 4329 503 4383 τοῦ
554 4333 719 4386 τόπου
769 4337 1089 4408 ἀγριότητα,
1151 4341 1247 4393 καὶ
1287 4343 1716 4414 ἀκαταστασίαν,
1777 4347 1870 4402 καὶ

293 4413 596 4487 βάρϐαρον,
638 4422 776 4494 πρὸς
811 4424 1083 4494 ὠφέλειαν
1131 4429 1327 4488 ἑαυτοῦ
1372 4433 1406 4504 ἢ
1449 4435 1640 4508 ἑτέρου
1699 4413 1866 4504 τινὸς,

282 4507 345 4562 οὗ
385 4511 522 4580 πρὸς
548 4511 788 4588 ψυχικὴν
816 4517 1040 4590 βλάϐην.
1075 4522 1209 4577 Τότε
1234 4523 1343 4596 γὰρ
1359 4507 1862 4602 συγγνὼσθήσεται,

281 4599 364 4660 ὡς
390 4601 464 4674 μὴ
498 4604 836 4678 ἀρνούμενος
859 4610 920 4664 τδ
945 4613 1291 4687 ἐπάγγελμα,
1338 4619 1476 4690 μηδὲ
1518 4599 1866 4695 καταιρρονη-

281 4692 455 4754 τικῶς
509 4693 648 4765 ἔχων
701 4700 837 4769 πρὸς
891 4702 954 4758 τὸ
1005 4705 1212 4776 σχῆμα,
1269 4711 1406 4781 μηδέ
1450 4728 1595 4767 τισιν
1660 4692 1868 4787 ἑτέροις

279 4786 689 4858 ἐπιτιθέμενος.

369 4879 715 4952 Ἐρώτησις.
769 4887 837 4942 Εἴ
857 4907 942 4954 τις
1001 4890 1296 4965 ίερωμένος
1327 4901 1577 4974 συμμιγῆ
1617 4903 1747 4958 λαὸν
1789 4905 1866 4959 δι-

275 4967 614 5045 ανίστησινῆ
635 4977 777 5032 κατὰ
802 4978 896 5034 τοῦ
921 4983 1122 5038 οἰκείου
1148 4989 1473 5055 ἐπισκόπου,
1499 4993 1694 5064 ἢκατά
1719 5013 1864 5060 τινος

275 5059 473 5131 ἑτέρου
515 5063 738 5133 ἁπλῶς,
783 5074 878 5126 καὶ
920 5073 1226 5144 ὀχλοποιεῖ,
1279 5081 1375 5134 καὶ
1416 5059 1690 5158 ἐκμελετᾷ
1742 5059 1862 5140 κατζ

275 5151 450 5205 αὐτοῦ
469 5193 484 5220 ,
518 5156 572 5210 τί
600 5157 803 5227 ὀφείλει
833 5158 989 5231 οὗτος
1017 5169 1304 5226 πείσεσθαι
1333 5172 1444 5227 ἀπὸ
1477 5151 1732 5243 κανόνο’ς;

2007 575 2385 647 deprehensus
2438 581 2510 635 sit
2578 582 2890 640 incantator
2964 597 3059 642 aut
3119 591 3432 662 veneﬁcus,
3491 611 3587 657 aut

2009 669 2174 726 etiam
2213 672 2502 727 triviorum
2534 675 2855 745 circulator,
2889 679 2977 734 cui
3012 697 3186 752 pmnae
3219 689 3504 746 succidet?

2080 761 2403 833 Ηρσρ.11ειιε
2449 776 2578 824 sunt
2631 773 2909 841 paganica:
2963 781 3418 850 consuetudinis,
3476 802 3582 842 non

2005 854 2332 913 Christianae
2364 861 2704 931 reipublicae,
2743 874 2796 922 et
2829 867 3013 926 minus
3041 872 3362 932 orthodoxae
3391 879 3584 936 Eccle-

2008 949 2122 1002 siae.
2159 947 2316 1006 Unde
2345 953 2438 1023 qui
2481 955 2547 1011 de
2583 956 2669 1013 his
2701 960 2900 1018 studiis
2929 970 2981 1018 et
3012 966 3174 1022 malis
3210 970 3425 1028 artibus
3455 987 3586 1029 con-

2008 1039 2186 1096 victus
2233 1042 2420 1111 fuerit,
2467 1047 2512 1102 si
2560 1050 2778 1119 quidem
2830 1055 2902 1111 sit
2950 1057 3215 1128 clericus;
3267 1061 3583 1134 deponitur,

2008 1143 2061 1189 ct
2091 1135 2157 1190 de
2209 1136 2449 1196 Ecclesia
2479 1142 2718 1212 eiicitur,
2745 1145 2902 1216 juxta
2934 1165 3198 1210 canonem
3237 1157 3580 1217 tricesimum

2007 1233 2220 1280 sextum
2265 1229 2586 1290 Laodicenae
2635 1239 2852 1308 synodi.
2892 1239 3178 1315 Similique
3220 1249 3382 1306 modo
3405 1251 3582 1310 laicus

2005 1330 2233 1385 prorsus
2268 1320 2336 1375 ab
2369 1320 2612 1380 Ecclesia
2645 1330 2958 1399 expellitur.
2983 1334 3370 1396 Paenitentiam
3399 1354 3581 1400 autem

2005 1420 2233 1479 agentes
2278 1415 2646 1473 emendantur
2703 1437 2802 1492 per
2855 1429 3215 1497 sexennium,
3276 1444 3372 1490 aut
3421 1439 3582 1508 quin-

2003 1502 2302 1567 quennium
2342 1522 2355 1559 :
2392 1507 2570 1565 tribus
2611 1511 2830 1581 quidem
2876 1518 3037 1573 annis
3076 1526 3362 1591 prostrati,
3402 1502 3456 1582 et
3491 1543 3580 1584 rc-

2002 1589 2168 1660 liquis
2205 1608 2620 1666 cumprecantes
2660 1610 2896 1672 tantum,
2937 1609 3059 1666 sine
3078 1589 3390 1683 voblatione,
3419 1621 3578 1688 juxta

2001 1684 2322 1742 vicesimum
2373 1701 2628 1761 quartum
2691 1710 2958 1757 canonem
3012 1704 3338 1778 Ancyranaa.
3394 1713 3579 1785 Atque

2000 1775 2075 1828 ita
2115 1775 2351 1847 ingenue
2396 1784 2750 1852 pcenitentes,
2787 1790 2872 1844 vel
2918 1799 2976 1846 ut
3005 1775 3240 1855 antistes
3275 1801 3344 1856 ad
3385 1775 3576 1862 eorum

3026 1888 3046 1959 (
3069 1889 3232 1948 habet
3279 1897 3426 1950 enim
3478 1913 3579 1970 po-

1997 1965 2253 2015 testatem
2287 1964 2452 2018 etiam
2483 1968 2770 2026 minuendi
2801 1980 3121 2051 temporis),
3151 1984 3392 2044 divinam
3421 2004 3573 2046 com-

1996 2051 2424 2110 municationem
2449 2064 2934 2127 promerebuntur.

2067 2140 2266 2201 Interr.
2306 2149 2363 2203 Si
2397 2151 2521 2220 quis
2553 2157 2969 2216 sacerdotatusd
3005 2177 3133 2221 cum
3177 2171 3408 2239 praeside
3438 2189 3573 2246 pro-

1993 2232 2188 2290 vinciaa
2219 2247 2555 2306 potentatum
2588 2243 2794 2304 habere
2822 2253 3063 2324 studeat,
3089 2232 3324 2331 indeque
3357 2232 3572 2321 denun-

1993 2326 2210 2382 tiaverit
2235 2331 2518 2404 quidpiam
2544 2336 2614 2392 de
2644 2339 2957 2412 aliquibus;
2990 2356 3044 2402 et
3073 2326 3360 2419 praesidem
3391 2356 3446 2413 in
3471 2373 3570 2416 eos

1991 2419 2379 2491 excitaverite,
2413 2428 2542 2498 quid
2579 2434 2884 2490 secundum
2925 2453 3170 2500 canones
3201 2447 3480 2515 patietur?

2063 2512 2218 2585 Resp.
2261 2516 2532 2578 Sacerdos
2565 2525 2767 2596 templo
2795 2529 3040 2590 assidere
3081 2512 3262 2604 debet,
3293 2548 3344 2595 et
3385 2544 3567 2600 eccle-

1989 2605 2231 2664 siasticis
2247 2615 2506 2685 occupari
2526 2616 2872 2687 ministeriis,
2893 2639 3001 2680 non
3035 2635 3378 2701 potestatum
3403 2635 3566 2692 simul

1987 2712 2180 2770 gerere
2225 2719 2350 2760 cum
2396 2709 2691 2769 mundanis
2732 2719 3099 2784 potestatibus
3137 2729 3192 2778 et
3230 2728 3571 2798 magistrati-

1989 2793 2116 2848 bus.
2148 2794 2228 2850 Ex
2259 2797 2502 2870 legitima
2530 2812 2710 2861 autent
2745 2807 3158 2870 denuntiatione
3188 2831 3298 2872 non
3327 2793 3566 2886 laeditur,

1987 2885 2031 2939 si
2085 2889 2306 2954 quando
2350 2890 2404 2948 id
2450 2893 2653 2962 iaciat,
2699 2901 2806 2957 nisi
2855 2914 3047 2960 contra
3102 2907 3427 2979 Ecclesiam,
3475 2885 3568 2972 ﬁat

1991 2974 2122 3032 falsa
2153 2986 2207 3033 et
2233 2981 2578 3042 calumniosa
2609 2989 2836 3048 delatio.
2871 2993 3026 3052 Tunc
3056 2999 3202 3055 enim
3238 3012 3334 3059 aut
3371 2974 3430 3059 ut
3464 3007 3568 3061 im-

1990 3068 2134 3139 pius,
2168 3081 2264 3128 aut
2295 3075 2662 3136 calumniator
2705 3087 3019 3155 convictus,
3049 3091 3362 3153 damnatur.
3390 3097 3566 3157 Certae

1988 3167 2169 3217 autem
2207 3174 2334 3222 sunt
2365 3171 2648 3228 canonica:
2678 3172 2877 3232 borum
2907 3195 3103 3252 paenae.

2051 3346 2244 3405 Interr.
2284 3353 2338 3409 Si
2369 3354 2492 3426 quis
2521 3367 2793 3429 sacratus,
2824 3374 3020 3434 prmter
3049 3367 3315 3430 decorum
3358 3374 3557 3432 indua-

1981 3445 2071 3493 tur
2098 3450 2327 3510 vestem,
2359 3454 2414 3502 et
2460 3449 2755 3510 mundanis
2800 3458 3038 3517 amictus
3069 3461 3441 3534 deprehensus
3462 3469 3556 3536 sit,

1980 3539 2033 3586 et
2070 3533 2174 3589 tela
2223 3535 2406 3596 ferens
2433 3537 2480 3606 ί,
2528 3552 2804 3617 noctuque
2845 3564 3068 3623 vagans,
3116 3533 3355 3627 quonam
3397 3562 3560 3618 modo

1981 3628 2367 3685 coercebitur?

2047 3715 2205 3788 Resp.
2244 3719 2398 3778 lndui
2432 3739 2537 3782 non
2567 3726 2780 3786 docenti
2815 3733 3024 3802 habitu,
3050 3745 3102 3794 et
3134 3740 3300 3796 telum
3325 3744 3354 3784 ε
3392 3742 3555 3812 ferre,

1976 3818 2258 3882 noctuque
2304 3819 2508 3887 vagari,
2542 3829 2602 3874 ut
2653 3824 2827 3892 prima
2872 3831 3055 3898 specie
3093 3831 3331 3901 videtur,
3375 3837 3558 3894 lauda-

1978 3900 2089 3957 bile
2139 3920 2246 3960 non
2298 3916 2404 3962 est.
2436 3909 2570 3966 Nam
2615 3913 2684 3969 de
2723 3931 2810 3984 eo,
2842 3921 2935 3988 qui
2969 3922 3049 3977 sic
3088 3924 3221 3995 agit,
3252 3900 3381 3983 boni
3421 3931 3556 3988 nihil

1977 3996 2251 4066 suspicari
2303 3999 2447 4058 licet.
2497 4003 2628 4062 Post
2674 4009 3104 4072 admonitionem
3144 4021 3332 4075 enimh
3361 4025 3458 4095 qui
3501 4027 3556 4084 id

1977 4085 2129 4153 facit,
2184 4089 2488 4161 deponetur
2534 4100 2760 4157 omnino
2807 4120 2821 4158 :
2872 4105 2978 4161 nisi
3028 4123 3125 4178 per
3171 4116 3556 4176 necessitatem

1974 4179 2235 4251 aliquam,
2259 4193 2354 4240 aut
2392 4187 2776 4262 infortunium,
2805 4196 2890 4251 vel
2933 4211 3336 4276 paupertatem,
3372 4211 3559 4267 aliain-

1974 4285 2039 4327 νε
2082 4289 2244 4344 quam
2285 4276 2491 4346 justam
2543 4297 2791 4352 causam,
2821 4283 3117 4350 autetiam
3160 4297 3262 4354 loci
3297 4300 3559 4359 ferocita-

1976 4372 2106 4430 tem,
2133 4375 2183 4421 et
2221 4366 2662 4443 iustahilitatem,
2691 4391 2756 4433 ac
2795 4379 3129 4452 barbariem,
3158 4389 3226 4444 ad
3259 4389 3553 4451 utilitatem

1975 4470 2155 4522 suam,
2185 4459 2272 4512 vel
2305 4461 2536 4521 alterius
2568 4466 2903 4542 cujuspiam,
2932 4490 3038 4531 nou
3074 4478 3143 4533 ad
3175 4481 3372 4539 animae
3400 4482 3556 4540 dam-

1903 4567 1943 4623 D
1975 4560 2126 4600 num.
2160 4545 2316 4604 Tunc
2362 4554 2507 4609 enim
2549 4557 2599 4611 ei
2641 4561 2799 4616 venia
2843 4563 3083 4634 dabitur,
3121 4577 3180 4625 ut
3207 4573 3298 4643 qui
3333 4589 3443 4632 non
3479 4578 3552 4635 sit

1974 4636 2251 4695 iniiciatus
2297 4645 2653 4717 promissum,
2698 4659 2920 4724 neque!
2968 4664 3306 4735 contemptui
3351 4666 3551 4727 habeat

1974 4727 2249 4799 habitum,
2279 4749 2456 4807 neque
2493 4739 2618 4796 ullis
2649 4744 2774 4802 aliis
2803 4747 3116 4808 insidietur.

2072 4906 2268 4968 Interr.
2345 4914 2402 4972 Si
2476 4920 2601 4991 quis
2668 4936 2921 4985 sacratus
2991 4935 3367 5003 promiscuum
3425 4943 3550 4998 vul-

1975 5015 2102 5061 gum
2164 5005 2368 5060 excitet
2435 5010 2700 5070 adversus
2781 5031 2942 5074 suum
3019 5025 3382 5099 episcOpum,
3465 5033 3549 5088 vel

1973 5092 2139 5148 alium
2184 5099 2483 5166 quemlibet
2514 5103 2861 5176 simpliciter,
2915 5122 2971 5170 et
3009 5092 3544 5196 turbas-congreget,

1971 5199 2036 5240 ac
2113 5190 2373 5246 moliatur
2428 5193 2480 5248 in
2546 5211 2695 5266 eum,
2763 5203 3026 5273 quidnam
3092 5225 3122 5264 a
3177 5227 3387 5271 canone
3435 5218 3544 5286 pati

1969 5277 2170 5335 debet?

1548 5409 1782 5468 VARIAE
1826 5413 2228 5477 LECTIONES.

355 5521 397 5553 “
449 5530 830 5599 παραγγελίαν
863 5534 1014 5604 γοῦν.
1120 5538 1164 5570 ⁸⁸
1195 5540 1374 5595 αἰτίαν
1403 5525 1641 5616 εϐλογον.

449 5530 830 5599 παραγγελίαν
863 5534 1014 5604 γοῦν.

347 5662 376 5702 ι’
405 5667 674 5723 sacerdos.
754 5681 776 5710 ο
813 5689 926 5728 vere
975 5686 1095 5730 acta

273 5731 300 5771 ³
360 5735 417 5786 in
475 5739 774 5796 sacerdotio
824 5731 1164 5804 constitutus:

272 5817 335 5858 su
346 5819 426 5859 2m
452 5821 553 5861 non
583 5821 745 5880 118981.

1157 5681 1790 5796 cessassem?
1824 5692 2360 5796 τιςιιῑβξξλαέεέετυεο
2394 5699 2588 5796 nec
2652 5705 2972 5796 ρρηξεεριιετς
3019 5723 3293 5796 meum-

1276 5766 1299 5792 ε
1330 5755 1649 5812 lncitaverit.
1731 5760 1749 5798 ί
1819 5755 2236 5833 fustes'gerens.
2318 5755 2358 5808 ⁸⁷
2389 5755 2600 5839 fustem.
2652 5755 2878 5848 rhmergo.
2960 5780 2975 5846 ᾇ
3029 5755 3119 5850 qui
3163 5784 3542 5850 professionem
