3822 6560
377 351 529 416 1007

379 561 664 631 gationem
690 554 897 610 factum
919 560 1028 616 est,
1055 557 1110 605 et
1141 547 1208 605 ad
1243 547 1386 603 banc
1411 542 1669 608 suﬂiciet,
1699 557 1799 598 nec
1833 541 1954 610 plu-

385 652 540 708 ribus
574 662 714 720 opus
743 653 830 700 est
858 642 1058 698 verbis.

441 743 656 800 .lnterr.
729 739 786 796 Si
821 737 943 809 quis
983 738 1236 791 sacratus
1296 728 1526 785 edoctus
1595 723 1782 789 fuerit,
1820 736 1958 793 quo-

385 839 549 896 modo
600 833 806 898 omnia,
863 843 987 901 quas
1044 833 1174 882 sunt
1227 819 1527 878 secundum
1582 829 1847 880 canones,
1879 812 1960 868 fa-

386 947 512 988 cere
569 930 843 999 oporteat,
883 935 1006 991 qua:
1040 924 1220 972 autem
1264 922 1462 984 praeter
1519 905 1954 966 ecclesiasticam

388 1022 786 1080 institutionem
818 1025 871 1071 et
894 1011 1266 1072 traditionem,
1289 1003 1528 1061 aversari
1554 1020 1566 1056 :
1593 1010 1647 1058 et
1665 1009 1956 1072 postquam

389 1117 476 1173 vel
511 1113 664 1170 nullo
707 1107 890 1172 modo,
944 1103 1032 1160 vel
1099 1102 1166 1158 ad
1220 1109 1438 1169 tempus
1474 1093 1743 1167 paruerit,
1763 1105 1956 1148 rursus

385 1205 680 1278 aliquando
727 1201 796 1257 ad
843 1214 974 1256 suos
1023 1194 1351 1266 depravatos
1381 1203 1564 1245 mores
1621 1191 1958 1251 revertatur,

381 1311 439 1358 ot
472 1277 667 1372 praeter
729 1307 974 1351 canones
1026 1285 1579 1353 ecclesiasticamque
1607 1277 1959 1334 traditionem

383 1367 618 1450 alienisi
663 1387 930 1450 moribus,
962 1391 1014 1439 et
1069 1397 1167 1454 pro
1203 1393 1300 1435 sua
1351 1375 1578 1432 libidine
1617 1379 1825 1438 utatur,
1871 1367 1962 1425 cui

389 1496 564 1554 poenas
598 1476 896 1535 secundum
914 1485 1158 1528 canones
1185 1460 1542 1537 subjicieturi

458 1573 618 1641 Resp.
653 1569 808 1636 Quod
840 1575 1033 1621 contra
1085 1561 1303 1617 divinos
1342 1569 1583 1612 canones
1617 1547 1963 1608 ecclesiasti-

389 1681 626 1739 camque
678 1659 1026 1718 traditionem
1062 1655 1144 1718 ﬁt,
1178 1661 1273 1707 aut
1303 1646 1706 1706 emendandum
1725 1651 1830 1708 est,
1869 1648 1966 1694 aut

391 1772 617 1832 prorsus
648 1747 1130 1811 condemnandum
1175 1763 1189 1800 :
1224 1750 1278 1799 et
1307 1733 1746 1811 transgredienti
1800 1745 1963 1804 poena

391 1870 422 1906 a
483 1844 812 1917 competenti
839 1854 1048 1898 canone
1077 1835 1300 1892 deﬁnita
1333 1841 1437 1888 est.

462 1939 668 1995 Inierr.
721 1936 776 1992 Si
826 1934 951 2005 quis
1001 1929 1263 1988 sacerdos
1332 1924 1536 1980 donum
1593 1921 1968 1976 sacramento-

396 2050 516 2090 rum
548 2026 1088 2088 communicantibus
1115 2037 1222 2077 non
1254 2016 1498 2092 gratuito
1541 2013 1828 2084 largiatur,
1861 2022 1970 2081 qua

395 2138 633 2185 censura
675 2115 1097 2178 emendabitur?

465 2219 622 2288 Resp.
656 2214 712 2270 Si
738 2213 827 2268 hic
875 2217 1003 2282 post
1036 2219 1198 2262 unam
1249 2201 1334 2259 vel
1375 2199 1604 2255 alteram
1644 2192 1972 2251 admonitio-

397 2327 523 2370 nem
568 2323 682 2364 non
743 2305 1075 2373 corrigatur,
1124 2295 1359 2368 benigna
1405 2293 1620 2348 ratione
1663 2299 1976 2344 excommu-

400 2401 699 2461 nicabitur.
753 2393 911 2464 Quod
973 2390 1022 2449 si
1065 2399 1254 2462 postea
1309 2385 1600 2443 absolutus
1655 2393 1974 2436 excommu-

400 2497 679 2555 nicatione
704 2492 930 2548 cmleste
975 2487 1180 2543 donum
1214 2496 1324 2538 non
1369 2477 1558 2535 venale
1589 2472 1830 2530 vendere
1853 2482 1977 2540 per-

401 2593 636 2651 severet,
700 2583 1024 2654 deponetur.
1097 2575 1330 2632 Donatio
1380 2570 1526 2627 enim
1583 2566 1701 2634 Dei,
1752 2560 1978 2619 donatio

404 2695 517 2736 non
576 2675 786 2732 venalis
816 2673 866 2728 ιι.
903 2668 1104 2741 Siquis
1157 2673 1342 2722 autem
1409 2663 1462 2718 ei
1513 2667 1708 2732 sponte
1762 2655 1976 2720 olferat,

406 2775 463 2829 in
529 2769 786 2826 solatium
818 2764 964 2820 forte
999 2758 1365 2834 paupertatis,
1415 2755 1504 2811 vel
1533 2753 1761 2808 honoris
1788 2759 1978 2810 causa,

407 2865 492 2922 vel
524 2864 577 2918 in
611 2859 833 2916 modum
856 2851 1236 2918 liberalitatis;
1268 2848 1538 2918 accipere,
1571 2851 1626 2900 et
1684 2856 1784 2913 pro
1841 2835 1979 2894 olle-

408 2958 562 3008 rcnte
590 2956 716 3005 vota
743 2945 923 3002 facere
955 2957 1065 2999 non
1092 2937 1436 3010 prohibetur.

1685 337 1719 399 Ι
1723 335 1823 399 US
1862 331 2310 396 CANONICUM

454 465 616 535 Resp.
667 460 1044 532 Responsum,
1111 454 1257 529 quod
1318 453 1387 509 ad
1443 451 1674 524 primam
1724 450 2038 509 interro-A

3495 315 3604 382 1008

2146 447 2269 500 'Arz.
2313 443 2379 496 Ἦ
2407 439 2543 512 πρὸς
2585 437 2683 510 τὴν
2714 433 2938 507 πρώτην
2972 447 3066 486 σου
3100 427 3370 502 ὲρώτησιν
3409 426 3609 501 ἀποκριη

2069 558 2152 603 σις
2184 536 2408 612 ἀρκέσει
2442 533 2538 588 καὶ
2567 531 2705 602 πρὸς
2741 527 2841 601 τὴν
2874 525 2970 581 νῦν
2991 566 3005 592 ,
3047 522 3145 578 καὶ
3176 522 3238 575 ού
3271 518 3432 592 χρεία
3467 518 3612 588 λόγων

2064 630 2294 686 πολλῶν.

2148 721 2492 792 Ἐρώτησις.
2521 715 2591 772 Εἴ
2611 731 2694 778 τις
2721 709 3025 782 ἱερωμένος
3062 703 3349 776 ἐκδιδαχθῇ
3393 703 3463 758 τὰ
3502 705 3614 757 κατὰ

2067 816 2300 878 κανόνας
2346 805 2526 866 πάντα
2553 808 2629 873 ὡς
2675 807 2757 860 δεῖ
2800 799 3264 871 διαπράττεσθαι,
3291 797 3362 850 τὰ
3401 795 3461 849 δὲ
3495 797 3616 867 παρὰ

2067 911 2165 982 τὴν
2196 903 2660 975 ὲκκλησιαστικὴν
2689 898 3022 953 κατάστασιν
3049 893 3146 948 καὶ
3176 889 3477 963 παράδοσιν
3507 889 3615 942 ἀπο-

2069 1000 2435 1074 στρέφεσθαι·
2485 998 2513 1050 ὁ
2557 995 2678 1066 δὲῆ
2737 995 2990 1066 οὐδαμῶς
3032 994 3065 1066 ἢ
3111 992 3248 1065 πρὸς
3293 987 3487 1059 καιρὸν
3522 1005 3616 1042 πει-

2071 1096 2220 1158 σθεὶς
2243 1134 2258 1160 ,
2289 1093 2452 1146 πάλιν
2483 1088 2635 1162 παρὰ
2671 1089 2863 1160 καιρὸν
2895 1087 3031 1157 πρὸς
3058 1087 3126 1139 τά
3155 1083 3450 1157 παράλογα
3482 1080 3615 1134 αὑτοῦ

2068 1189 2176 1261 ἢθη
2208 1185 2541 1257 ὑποστρέφει
2562 1225 2577 1250 ,
2607 1181 2702 1236 καὶ
2731 1179 2885 1252 παρὰ
2915 1179 3145 1242 κανόνας
3184 1175 3279 1231 καὶ
3315 1173 3417 1245 τὴν
3453 1171 3620 1242 ἔκκλη-

2071 1279 2356 1350 σιαστικὴν
2395 1275 2695 1347 παράδοσιν
2745 1272 3056 1336 ἀλλοκότοις
3089 1271 3237 1324 ἔθεσι
3280 1269 3378 1323 καὶ
3415 1265 3526 1328 τοῖς
3552 1265 3618 1318 δο-

2070 1375 2260 1431 κοῦσιν
2291 1371 2442 1443 αύτῷ
2471 1369 2707 1442 χρᾶται·
2739 1366 2848 1421 τίνι
2876 1363 3134 1436 ἐπιτιμίῳ
3175 1359 3479 1422 κανονικῶς
3519 1357 3621 1410 ὑπο·

2071 1468 2316 1524 κείσεται
2335 1482 2350 1532 ;

2153 1560 2284 1615 Ἀπ.
2324 1555 2397 1610 Τὸ
2428 1555 2580 1625 παρὰ
2609 1552 2735 1617 τοὺς
2766 1550 2945 1614 θείους
2979 1548 3212 1611 κανόνας
3242 1536 3530 1616 γινόμενον
3553 1545 3623 1596 καὶ

2070 1653 2170 1725 τὴν
2203 1645 2663 1720 ὲκκλησιαστικὴν
2701 1643 3024 1716 παράδοσιν,
3059 1641 3091 1711 ἢ
3123 1637 3453 1712 διορθωτέον
3483 1636 3622 1695 ἐστὶν,

2072 1746 2106 1817 ἢ
2140 1743 2359 1805 τελείως
2390 1737 2803 1808 καταγνωστέον
2825 1753 2838 1768 ο
2881 1734 2978 1789 καὶ
3006 1732 3085 1804 τῷ
3118 1729 3518 1802 παραϐαίνοντι
3541 1728 3624 1781 ἀπὸ

2071 1839 2166 1892 τοῦ
2196 1833 2508 1908 προσφόρου
2538 1830 2764 1894 κανόνος
2790 1829 2851 1882 τὸ
2879 1826 3156 1895 ἐπιτίμιον
3183 1823 3441 1896 ὥρισται.

2153 1929 2500 2000 Ἐρώτησις.
2531 1925 2678 1989 Εῐτις
2702 1925 2887 1996 ἱερεὺς
2919 1923 2992 1994 μὴ
3017 1921 3161 1976 κατὰ
3189 1917 3400 1988 δωρεὰν
3427 1913 3526 1985 τὴν
3547 1913 3627 1967 6w-

2076 2017 2205 2084 ρεὰν
2245 2017 2354 2072 τῶν
2399 2013 2715 2088 μυστηρίων
2751 2013 2864 2073 τοῖς
2903 2007 3384 2083 μεταλαμϐάνουσι
3410 2003 3626 2068 δίδωσιν,

2072 2113 2218 2174 ὅπως
2249 2107 2702 2180 ὲπιτιμηθήσεται
2735 2098 2926 2170 οὗτος

2157 2202 2290 2257 Ἀπ.
2344 2199 2404 2254 ’0
2444 2196 2688 2262 τοιοῦτος
2719 2194 2862 2250 κατὰ
2906 2193 3290 2265 φιλάνθρωπον
3319 2190 3476 2258 λόγον
3517 2189 3630 2259 μετὰ

2079 2297 2210 2369 μίαν
2249 2293 2345 2349 καὶ
2373 2291 2633 2362 δευτέραν
2676 2286 3057 2362 παραγγελίαν
3098 2284 3276 2357 μένων
3309 2281 3630 2354 άδιόρθωτος,

2077 2386 2531 2459 ἀφορισθήσεται.
2558 2384 2623 2436 Ei
2649 2382 2706 2436 δὲ
2743 2379 2882 2452 μετὰ
2906 2379 3078 2434 ταῦτα
3109 2376 3291 2440 λυθεὶς
3327 2374 3420 2428 τοῦ
3460 2376 3629 2442 duopr-

2079 2478 2252 2549 σμοῢ,
2301 2475 2578 2546 ἐπιμένων
2627 2470 2933 2543 πιπράσκει
2976 2471 3078 2540 τὴν
3124 2469 3369 2538 ἄπρατον
3410 2464 3631 2534 οὐράνιον

2077 2567 2306 2639 δωρεὰν,
2337 2561 2816 2636 καθαιρεθήσεται.
2849 2560 3039 2632 Δωρεὰ
3069 2558 3179 2631 γὰρ
3208 2559 3242 2629 ἡ
3266 2555 3364 2611 τοῦ
3401 2553 3531 2609 Θεοῦ
3551 2555 3632 2608 δω-

2081 2661 2213 2735 ρεὰ,
2266 2659 2387 2731 οὐχὶ
2426 2656 2605 2712 ὢνιον.
2662 2657 2760 2711 Ἐκ
2784 2653 3154 2726 προαιρέσεως
3199 2651 3257 2704 δὲ
3300 2648 3359 2702 εἴ
3387 2665 3467 2712 τις
3507 2645 3632 2718 αὐτῷ

2081 2753 2385 2828 προσφέρει
2445 2752 2526 2814 εἰς
2579 2747 2924 2821 παρηγορίαν
2974 2745 3136 2817 τνχδν
3184 2744 3284 2814 τῆς
3341 2741 3557 2806 πενξας,
3603 2739 3631 2809 ἧ

2082 2846 2253 2917 τιμῆς
2295 2845 2518 2909 ἕνεκεν,
2549 2841 2582 2914 ἢ
2616 2839 2758 2895 κατὰ
2789 2838 2992 2912 τρόπον
3031 2835 3346 2907 φιλοτιμίας
3388 2831 3569 2888 τοῦτον
3597 2832 3632 2863 ⁸³

2083 2938 2386 3011 λαμϐάνειν
2408 2937 2501 2992 καὶ
2533 2933 2935 3008 ὑπερεύχεσθαι
2961 2931 3056 2986 τοῦ
3083 2927 3557 3002 προσενεγκόντος,
3583 2925 3630 2977 οὗ

2085 3033 2412 3088 κεκώλυται.

491 3127 687 3184 ιηιεντ.
754 3122 812 3179 Si
878 3122 1006 3194 quis
1062 3113 1320 3175 sacerdos
1379 3111 1550 3172 salem
1601 3107 1975 3172 benedicens,

2167 3124 2502 3195 Ἐρώτησις.
2549 3122 2616 3176 El
2637 3139 2721 3187 τις
2766 3121 2944 3195 ἱερεὺς
2976 3120 3150 3176 ἃλατα
3195 3115 3522 3185 εὐλογῶν,ἢ
3560 3114 3636 3168 καὶ

410 3237 502 3279 aut
558 3220 756 3277 ovibus
789 3224 845 3272 et
897 3213 1076 3269 bobus
1133 3222 1326 3282 preces
1350 3205 1586 3262 fundens
1645 3200 1981 3264 inveniatur,

399 3325 711 3381 eorumque
749 3302 1068 3378 pectuscnla
1093 3307 1148 3357 et
1190 3297 1338 3356 coria
1370 3297 1668 3367 recipiens,
1693 3299 1788 3348 aut
1817 3292 1986 3346 etiam

412 3404 698 3462 columbas
790 3397 857 3454 ad
929 3403 1276 3454 mortuorum
1329 3388 1580 3460 sepulcra
1655 3392 1710 3442 et
1780 3398 1989 3440 mento-

413 3499 528 3554 rias
595 3499 886 3554 mactans,
921 3487 1007 3543 cui
1073 3497 1251 3557 paena:
1320 3477 1658 3550 subjicitur?
1710 3475 1795 3530 An
1825 3475 1990 3529 liceat

416 3599 600 3645 autem
655 3586 704 3642 ei
776 3591 831 3639 et
887 3578 1166 3638 convivari
1226 3576 1281 3630 in
1351 3570 1654 3637 memoriis,
1710 3576 1766 3624 et
1838 3566 1992 3622 festis

418 3684 639 3748 diebus,
702 3685 758 3734 et
816 3674 1043 3746 nuptiis,
1099 3685 1225 3727 cum
1280 3665 1439 3724 laicis
1495 3664 1747 3722 convivia
1788 3662 1993 3718 haben-

419 3779 605 3842 tibus;
649 3769 862 3830 adbaac
891 3770 945 3825 in
977 3782 1043 3824 eo
1073 3762 1221 3838 quod
1279 3763 1490 3818 interea
1516 3771 1838 3830 responsum
1862 3755 1992 3822 erit,

422 3868 790 3942 acquiescam.

493 4057 656 4126 Resp.
698 4047 972 4109 Animalia
1027 4051 1081 4099 et
1133 4054 1266 4098 oves
1319 4037 1377 4093 in
1412 4030 1664 4090 ecclesiis
1691 4027 1908 4094 oﬂ'erre,
1936 4032 1997 4082 ut

427 4155 732 4206 mactentur
785 4159 813 4196 a
845 4133 1251 4197 sacerdotibus,
1304 4127 1403 4199 qui
1454 4126 1604 4181 velut
1641 4135 1832 4177 eorum
1861 4133 1993 4190 por-

2091 3219 2383 3292 προϐάτοις
2417 3217 2580 3289 εὐχὰς
2610 3216 2786 3281 διδοὺς
2835 3217 2930 3269 καὶ
2979 3212 3162 3284 βουσὶν
3189 3211 3421 3280 εὑρεθῇ,
3456 3209 3543 3263 καὶ
3579 3208 3637 3260 τὰ

2092 3313 2351 3384 στηθύνια
2377 3312 2604 3376 τούτων,
2635 3311 2728 3364 καὶ
2753 3308 2822 3362 τὰ
2847 3306 3093 3380 δέρματα
3109 3301 3635 3372 ἀναλαμϐανὸμενος,

2090 3405 2124 3476 ἢ
2158 3405 2252 3458 καὶ
2277 3401 2609 3475 περιστερὰς
2639 3403 2698 3454 ὲν
2729 3401 2841 3460 τοῖς
2865 3397 3056 3467 τάφοις
3083 3395 3195 3450 τῶν
3231 3393 3532 3448 τεθνεώτων
3557 3391 3638 3444 καὶ

2090 3497 2204 3558 τοῖς
2249 3489 2612 3565 μνημοσύνοις
2649 3487 2830 3543 αὐτῶν
2871 3483 3226 3554 σφαγιάζων,
3257 3480 3365 3534 τίνι
3407 3476 3640 3546 ἐπιτιμίῳ

2095 3586 2418 3649 ύπόκειται;
2457 3583 2519 3637 El
2558 3581 2734 3646 ἔξεστι
2776 3579 2833 3632 δὲ
2865 3575 3012 3647 αύτῷ
3042 3575 3134 3628 καὶ
3184 3569 3563 3642 συμποσιάξειν
3591 3567 3638 3617 ὲν

2092 3682 2206 3742 τοῖς
2239 3673 2625 3748 μνημοσύνοις,
2656 3671 2752 3726 καὶ
2781 3672 2841 3725 ὲν
2875 3671 2995 3732 ταῖς
3025 3663 3370 3736 ἐορτασίμοις
3409 3657 3637 3731 ἡμέραις,

2094 3772 2190 3826 καὶ
2219 3770 2310 3825 ἐν
2364 3769 2476 3830 τοῖς
2525 3765 2755 3836 γάμοις,
2818 3749 2958 3834 μετὰ
3017 3759 3128 3813 τῶν
3185 3750 3640 3826 συμποσιαζόντων

2095 3863 2328 3928 λαῖκῶν,
2380 3860 2516 3933 πρὸς
2561 3857 2732 3912 ταῦτα
2764 3857 2826 3910 ὲν
2866 3851 2945 3925 τῷ
2987 3851 3126 3915 τέως
3164 3845 3512 3920 ἀποκριθέντι
3551 3839 3642 3908 ἔχω

2098 3955 2301 4019 καλῶς.

2182 4045 2304 4098 Ἆπ.
2344 4042 2418 4096 Τὸ
2447 4042 2528 4104 είς
2576 4038 2677 4102 τὰς
2739 4034 3033 4108 ἐκκλησίας
3067 4030 3400 4104 προσφέρειν
3431 4022 3534 4088 ζῶα
3563 4019 3640 4072 καὶ

2100 4134 2382 4205 πράθατα,
2419 4133 2513 4187 καὶ
2549 4128 2949 4200 σφαγιάζεσθαι
2980 4123 3133 4195 παρὰ
3162 4123 3271 4176 τῶν
3327 4117 3539 4186 ἱερέων,
3563 4109 3642 4163 καὶ

425 4239 724 4298 tiunculam
768 4231 1063 4302 accipiant,
1119 4221 1294 4280 veteri
1348 4233 1522 4284 more,
1580 4213 1896 4285 pectuscula
1948 4227 1976 4267 e

2100 4203 2212 4280 οἷον
2260 4221 2615 4294 ἀφαιρέματα
2655 4219 2859 4274 τούτων
2912 4214 3242 4286 λαμϐάνειν,
3277 4206 3419 4262 κατὰ
3457 4203 3514 4255 τὸ
3555 4217 3644 4252 πα-

424 4337 600 4399 coria,
674 4333 804 4386 item
879 4321 1165 4381 colutnbos
1229 4313 1298 4368 ad
1353 4309 1604 4382 sepulcra
1661 4317 1980 4361 mortuorun

2101 4318 2274 4383 λαιὸν,
2305 4315 2372 4369 τὰ
2402 4311 2666 4384 στηθύνια
2695 4308 2882 4364 καὶτὰ
2905 4307 3172 4379 δέρματα,
3203 4302 3298 4356 καλ⁸
3327 4298 3394 4352 τὸ
3421 4305 3642 4364 περιστεο

427 4426 778 4489 sacriﬁcare,
843 4416 1133 4472 Judaicum
1189 4406 1549 4468 omninoest,
1589 4407 1644 4454 et
1697 4393 2000 4461 Graecuml,

2107 4411 2208 4484 ρὰς
2235 4410 2294 4463 ὲν
2318 4411 2431 4471 τοῖς
2460 4383 2653 4476 τάφοις
2677 4403 2787 4458 τῶν
2823 4399 3134 4456 τεθνεώτων
3169 4395 3339 4457 θύειν,
3389 4383 3645 4442 Ἰουδαϊκὸν

425 4533 481 4580 et
504 4531 742 4578 censura
779 4507 1238 4572 correctioneque
1277 4498 1525 4568 dignum.
1547 4491 1790 4568 Ratione
1814 4497 1980 4544 auten

2107 4474 2369 4572 διντικρύς
2401 4474 2554 4564 ἐστι,
2587 4496 2681 4552 καὶ
2719 4491 3065 4566 Ἑλληνικὸν,
3113 4486 3207 4542 καὶ
3234 4485 3384 4550 ἄξιον
3423 4474 3647 4545 ἐπιτιμῆ-

415 4610 674 4669 earentia
711 4600 930 4675 dignari
965 4596 1104 4658 sale,
1153 4602 1206 4648 et
1237 4603 1368 4645 oves
1407 4603 1467 4642 ac
1496 4586 1687 4647 boves,
1722 4582 1790 4636 ad
1847 4580 1998 4635 utili-

427 4713 598 4759 tatem
626 4691 1030 4755 assumentium
1062 4693 1125 4750 ³,
1160 4681 1564 4749 sanitatemque
1613 4677 1882 4746 ipsorum,
1946 4677 1999 4726 et

427 4792 775 4853 animalium,
851 4780 987 4838 nihil
1050 4776 1214 4832 habet
1271 4771 1550 4829 absurdi:
1606 4767 1743 4838 quin
1821 4764 2002 4836 potius

428 4890 594 4948 etiam
629 4865 754 4939 ﬁdei
777 4884 861 4934 est
891 4872 1048 4930 illud.
1082 4869 1156 4926 Ut
1193 4868 1451 4925 animalia
1495 4863 1662 4920 etiam
1696 4859 2002 4919 sacerdoti-

427 4983 537 5039 bus
591 4975 897 5031 oﬂ'erantnr
951 4963 1020 5020 ab
1071 4961 1216 5028 aliis,
1273 4959 1392 5016 sive
1418 4957 1566 5022 viva,
1598 4955 1712 5010 sive
1743 4957 2001 5014 mactata,

432 5072 490 5126 in
519 5071 779 5125 honorem
836 5067 866 5098 ιι
901 5056 1136 5128 aliquem
1170 5060 1224 5109 et
1251 5049 1644 5123 expiationem,
1673 5049 1871 5116 praeter
1911 5055 2004 5102 ra-

2103 4611 2242 4658 σεως
2271 4568 2366 4647 καὶ
2385 4589 2742 4662 διορθώσεως.
2775 4587 2847 4639 Τὸ
2869 4585 2927 4639 δὲ
2960 4584 3129 4649 άλογα
3162 4577 3348 4645 ἀξιοῦν
3371 4572 3477 4626 τῶν
3504 4568 3644 4627 ἀλῶν,

2105 4686 2201 4741 καὶ
2226 4657 2312 4737 τὰ
2344 4657 2594 4754 πρόϐατα
2625 4680 2722 4734 καὶ
2751 4677 2879 4739 τοὺς
2911 4675 3064 4746 βόας,
3097 4670 3235 4742 πρὸς
3264 4665 3524 4736 ὠφέλειαν
3556 4657 3646 4712 τῶν

2112 4749 2669 4848 μεταλαμϐανόντων,
2711 4769 2806 4824 καὶ
2853 4765 3041 4836 ὑγείαν
3097 4761 3278 4818 αὐτῶν
3326 4777 3387 4813 τε
3437 4749 3646 4811 καὶτῶν

2111 4843 2288 4932 ζώων,
2315 4843 2468 4920 οὐδὲν
2501 4865 2615 4936 ἔχει
2657 4863 2890 4926 ἄτοπον,
2925 4858 3060 4914 ἀλλὰ
3090 4855 3290 4928 μᾶλλον
3317 4851 3412 4906 καὶ
3443 4843 3647 4903 πίστεώς

2113 4958 2230 5011 ἐστι
2254 4955 2431 5010 τοῦτο.
2464 4933 2575 5010 καλ
2593 4954 2654 5007 τὸ
2681 4953 2750 5008 τά
2783 4950 2898 5017 ζῶα
2928 4949 2984 5004 δὲ
3012 4949 3124 5012 τοῖς
3157 4943 3367 5017 ἱερεῦσι
3397 4933 3648 5011 πειρατῶν

2110 5047 2286 5102 ἄλλων
2314 5045 2754 5120 προσφέρεσθαι,
2798 5042 2908 5097 εἴτε
2955 5039 3170 5106 ζῶντα,
3201 5036 3312 5090 εἴτε
3350 5033 3442 5088 καὶ
3503 5033 3647 5094 ἐσφα-

428 5163 636 5216 tionem
684 5167 804 5209 non
861 5117 1121 5214 esu-sed
1169 5152 1225 5200 et
1281 5117 1482 5214 pietate
1511 5138 1774 5208 plenum:
1840 5131 1980 5187 modi

2110 5137 2310 5210 γμένα,
2340 5117 2480 5193 κατά
2494 5117 2662 5209 τιμήν
2685 5134 2914 5190 τινακαὶ
2936 5130 3254 5200 ἀφοσίωσιν,
3281 5127 3341 5182 ού
3374 5117 3649 5194 παράλογόν

433 5266 502 5306 ne
533 5248 600 5304 ad
631 5246 824 5310 altare,
893 5239 978 5296 vel
1018 5237 1160 5293 intra
1187 5232 1496 5291 ecclesiam.
1523 5229 1760 5298 Ideoque
1789 5234 2006 5296 pectus-

427 5341 558 5398 cula
603 5346 658 5396 et
722 5333 873 5392 coria
911 5331 1075 5386 allata
1114 5323 1375 5385 sacerdos
1403 5319 1630 5379 omnino
1649 5319 1788 5375 citra
1815 5331 2004 5387 repre-

2113 5231 2293 5298 ἔστιν,
2329 5229 2462 5284 ἀλλὰ
2490 5229 2585 5283 καὶ
2621 5227 2868 5291 εὐσεϐές.
2897 5225 3042 5296 Πλὴν
3073 5221 3151 5295 μὴ
3179 5221 3259 5286 τίς
3290 5219 3350 5273 τὸ
3389 5210 3648 5278 Gesturi.-

2117 5339 2268 5394 ριον,
2310 5321 2345 5394 ἦ
2402 5323 2482 5385 εἰς
2529 5319 2627 5394 τὴν
2671 5317 2968 5390 ἐκκλησίαν
3025 5314 3198 5378 ἐντός.
3259 5311 3322 5367 El
3368 5309 3424 5364 δὲ
3484 5302 3648 5360 τοῦτο,

1735 5449 1970 5509 νΑιιιΑξὶ
2003 5452 2410 5514 LECTIONES.

501 5563 552 5602 υ
575 5563 752 5618 τοῦτο.

515 5722 538 5762 1
579 5707 890 5782 peregrinis.
964 5703 993 5744 ι
1025 5703 1165 5782 Nam
1191 5702 1394 5782 donum
1431 5697 1527 5753 hoc
1562 5697 1677 5765 Dei,
1705 5698 1902 5754 donum
1941 5707 2022 5754 est
2051 5713 2069 5755 :
2095 5713 2198 5754 non
2235 5714 2316 5754 res
2353 5697 2571 5755 venalis.

437 5773 591 5838 inu.‘
638 5793 668 5820 ιι
697 5773 911 5837 honoris
944 5785 993 5833 et
1024 5773 1325 5831 devotionis
1380 5787 1568 5827 causa.

2672 5695 2997 5766 ‘Puyanum.
3075 5699 3115 5729 ι-
3145 5685 3538 5761 percipientium.
3565 5692 3638 5730 sa-
