3822 6586
232 517 352 586 1009

1472 504 2036 568 ῦΒΑῑΟΟ-ΒΟΜΑΝ
2044 507 2179 569 UM.

3301 510 3442 574 1010

227 631 417 686 πάντως
445 616 531 673 καὶ
572 614 642 669 τά
683 613 945 688 στηθύνια
973 616 1066 670 καὶ
1100 615 1167 671 τά
1206 615 1451 687 δέρματα
1487 613 1763 689 προσιτά-

1876 615 2194 672 hensionem
2227 613 2483 687 accipiet.
2535 612 2638 683 Qui
2693 614 2838 671 enim
2866 618 3042 670 totum
3069 614 3314 684 exhibet,
3332 635 3441 674 non

233 734 370 792 μενα,
396 707 820 777 άκαταγνώστως
846 707 1078 780 λήψεται
1103 710 1131 763 ό
1149 707 1348 784 ίερεύς.
1373 706 1438 764 '0
1462 709 1570 780 γὰρ
1596 725 1764 780 προσ.

223 814 353 879 ἀγων
396 803 453 858 τὸ
506 799 624 854 ὅλον
645 838 662 864 ,
720 799 780 852 ού
836 798 1107 854 κωλύεται
1141 801 1307 872 μέρος
1344 800 1645 873 προσάγειν
1687 799 1765 871 τῷ

225 899 372 971 ἱερεῖ,
400 892 488 948 καὶ
523 891 686 962 μέρος
717 891 779 944 τὸ
819 891 1092 946 πιότατον.
1135 891 1246 946 Καὶ
1285 892 1360 964 μή
1397 909 1488 964 μοι
1521 892 1648 961 λέγε
1679 893 1762 946 ὅτι

219 989 302 1044 τοῦ
330 981 616 1042 Μωσαϊκοῦ
655 981 820 1052 νόμου
854 981 1012 1036 τοῦτὸ
1040 984 1208 1039 ἐστιν.
1243 985 1318 1038 Ού
1351 985 1460 1055 γὰρ
1487 983 1708 1049 τελείως
1736 985 1766 1038 ό

220 1081 363 1150 νόμος
386 1073 686 1146 ἀνῄρηται,
717 1073 832 1127 ἀλλ’
857 1072 950 1127 ἐπὶ
976 1072 1037 1128 τό
1062 1073 1271 1145 βέλτιον
1308 1075 1402 1130 καὶ
1430 1075 1766 1149 ὑψηλότερον

219 1165 641 1243 μετεσκεύασται.
684 1164 750 1217 Δί
780 1163 878 1234 μὲν
912 1165 1022 1238 γὰρ
1062 1163 1243 1234 θυσίαι
1269 1165 1378 1220 τῶν
1407 1165 1563 1231 ζώων
1587 1167 1763 1222 ἐπαύ-

219 1265 392 1334 θησαν,
428 1257 560 1330 πρδς
592 1257 685 1312 τὸν
717 1257 840 1311 τότε
877 1258 1316 1330 συγχωρηθεῖσαι
1353 1260 1581 1332 καιρόν·
1614 1262 1670 1315 at
1707 1260 1766 1314 δὲ

218 1354 338 1424 πρὸς
360 1352 480 1416 τοὺς
525 1351 696 1422 ἱερεῖς
733 1353 1093 1422 προσαγωγαὶ
1125 1353 1186 1406 ού
1213 1351 1532 1407 κωλύονται.
1563 1354 1674 1408 Καὶ
1706 1353 1766 1408 τὸ

217 1439 596 1514 Χριστιανικῶς
635 1443 913 1513 γινόμενον
962 1444 1101 1497 κατά
1127 1461 1180 1497 τι
1227 1443 1346 1508 ἔθος
1386 1443 1685 1517 ἐγχώριον,
1729 1447 1762 1518 ἢ

181 1525 298 1590 ’καὶ
343 1535 404 1587 ἐκ
446 1531 756 1604 φιλοτιμίας
803 1533 1158 1605 ἀγροικικῆς,
1198 1535 1296 1606 οὐχ
1336 1535 1412 1600 ὡς
1460 1537 1768 1603 Ἰουδαϊκῶς

211 1626 473 1696 γινόμενον
503 1623 910 1695 λογισθήσεται.
938 1627 1001 1680 Ei
1035 1627 1092 1680 δὲ
1125 1627 1220 1680 καὶ
1251 1628 1308 1681 ὲν
1337 1629 1450 1691 τοῖς
1483 1630 1769 1700 μνημοσύ-

212 1735 307 1782 νοις
340 1717 444 1771 τῶν
470 1716 785 1772 τεθνεώτων
823 1719 1191 1791 προσάγονται
1220 1723 1332 1785 τοῖς
1364 1721 1569 1793 ἱερεῦσι
1606 1741 1766 1796 περι-

211 1809 413 1882 στεραὶ,
443 1808 568 1862 ἀντὶ
600 1810 908 1884 ἁδροτέρων
951 1809 1136 1878 ζώων,
1180 1813 1330 1885 παρὰ
1372 1814 1479 1868 τῶν
1512 1817 1768 1870 πενεστέ-

208 1920 322 2011 pnis,
348 1901 432 2011 είς
463 1901 784 1974 ἀποτροφὴν
818 1902 998 1975 αὐτῷ,
1041 1904 1100 1958 ού
1151 1905 1294 1960 κατὰ
1333 1905 1491 1976 λόγον
1531 1906 1724 1972 θυσίας
1747 1947 1764 1976 ,
1799 1955 1841 2011 Β

205 1994 312 2047 ωδε
339 1993 475 2048 ὥστε
520 1995 927 2066 σφαχιασθῆναι
969 1997 1063 2051 ἐπὶ
1086 1997 1196 2052 τῶν
1226 1997 1412 2069 τάφων
1436 2014 1451 2031 °
1483 1998 1640 2053 τοῦτο
1661 2000 1762 2054 οὐκ

202 2086 261 2140 άν
283 2101 361 2146 τις
388 2083 678 2141 κωλύσειε.
709 2086 829 2159 Χρὴ
871 2088 980 2160 γὰρ
1011 2088 1100 2142 τὸν
1140 2090 1291 2162 ἱερέα
1325 2091 1433 2145 ἀπὸ
1469 2091 1567 2162 τῆς
1600 2093 1760 2161 ίερω-

203 2175 353 2247 σύνης
397 2175 734 2247 τρέφεσθαι,
760 2177 855 2232 καὶ
900 2180 1163 2250 τιμᾶσθαι
1204 2182 1355 2254 παρὰ
1382 2181 1492 2236 τῶν
1520 2183 1724 2239 λαϊκῶν
1743 2225 1758 2251 ,

200 2267 357 2330 ἄλλως
380 2283 440 2320 τε
469 2267 716 2334 πάντως,
759 2268 835 2333 ὥς
863 2271 928 2325 ἄν
959 2289 1046 2336 τις
1073 2273 1308 2339 δύναιτο,
1343 2276 1439 2329 καὶ
1467 2278 1586 2340 ταῖς
1621 2277 1764 2331 κατὰ

198 2357 410 2429 δύναμιν
441 2362 858 2430 προσαγωγατς.
893 2363 953 2415 Εί
997 2363 1070 2435 μὴ
1103 2365 1230 2436 βοῦν
1261 2366 1477 2421 δύναιτο
1519 2369 1763 2440 προσφέ-

203 2465 305 2518 ρειν
333 2447 656 2522 ὁλόκληρον,
693 2451 860 2524 μέρος
892 2453 958 2507 ἂν
999 2455 1426 2528 προσενέγκῃ,ἢ
1466 2457 1528 2511 τὸ
1565 2460 1766 2531 στηθύ-

198 2554 324 2618 νιον,
365 2537 565 2609 ἢάλλο
605 2558 691 2607 τι,
741 2541 774 2614 ἢ
828 2541 1005 2613 δέρμα
1048 2544 1207 2615 τυχὸν
1244 2546 1426 2616 μόνον.
1472 2548 1533 2602 El
1578 2548 1637 2602 δὲ
1689 2549 1766 2622 μὴ

197 2629 374 2699 τοῦτο,
416 2633 787 2704 περιστερὰν,
830 2635 861 2706 ἢ
906 2635 1072 2706 ἄλλην
1115 2637 1264 2710 ὄρνιν
1317 2639 1478 2694 τινά·
1533 2641 1593 2695 οὐ
1658 2642 1765 2714 μὴν

207 2723 496 2788 Ἰουδαϊκῶς
533 2725 576 2796 ἢ
625 2725 978 2798 Ἑλληνικῶς,
1016 2729 1153 2782 ἀλλὰ
1182 2729 1444 2800 φιλοθέως
1475 2733 1568 2787 καὶ
1607 2734 1765 2787 εὐσε-

201 2816 317 2880 ϐῶς.
364 2817 524 2872 Ἀλλά
567 2819 667 2874 καλ⁵
710 2821 771 2874 τὸ
813 2822 1148 2878 συνδειπνεῖν
1195 2826 1290 2879 καὶ
1330 2825 1630 2880 συνεσθίειν
1673 2828 1768 2884 καὶ

200 2908 524 2978 συμποσιάζε
535 2928 593 2965 ιν
617 2912 741 2976 τοὺς
765 2913 930 2984 ἱερεῖς
957 2918 1070 2980 τοῖς
1092 2915 1301 2982 λαῖκοῖς
1324 2918 1381 2971 ὲν
1407 2921 1526 2982 ταῖς
1551 2919 1768 2991 ἑορταῖς

199 3000 282 3052 καὶ
311 3001 366 3056 ὲν
393 3005 507 3067 τοῖς
537 3005 780 3074 γάμοις,
815 3006 1091 3073 εὐλαϐῶς,
1129 3009 1224 3063 καὶ
1260 3011 1398 3081 μετὰ
1441 3013 1769 3084 σεμνότητος

198 3093 501 3166 πρεπούσης
528 3097 753 3161 αὐτοῖς,
782 3098 1139 3168 εὐλογοῦντας
1167 3101 1257 3156 τὸν
1286 3101 1417 3156 Θεὸν
1437 3143 1452 3168 ,
1489 3103 1768 3160 ἀκώλυτόν

195 3187 350 3241 ἔστιν.
385 3189 444 3241 Ei
470 3189 550 3260 μὴ
586 3192 648 3244 ὲκ
672 3191 978 3264 συμϐουλῆς
999 3192 1044 3226 ⁸⁸
1075 3195 1275 3249 ἐστιτὰ
1307 3197 1604 3266 συμπόσια,
1623 3200 1671 3252 εί
1692 3199 1766 3273 μὴ

193 3273 740 3372 δευτερογαμούντων
777 3276 888 3334 εἶεν
919 3283 967 3334 οξ
999 3282 1204 3353 γάμοι,
1231 3285 1371 3354 εἰμὴ
1395 3286 1620 3354 παίγνιά
1645 3305 1771 3344 τινα.
1801 3311 1844 3372 C

191 3366 244 3418 ὲν
267 3367 476 3432 τούτοις
500 3369 844 3439 είσάγονται’
878 3373 946 3426 τὰ
988 3372 1095 3444 γὰρ
1130 3374 1194 3427 ἐκ
1225 3375 1533 3448 συμϐουλῆς
1550 3376 1596 3409 ⁸⁸
1631 3395 1772 3448 συμ-

193 3457 345 3511 πόσια
373 3459 519 3514 κατὰ
555 3460 654 3513 τὸν
675 3459 744 3514 νε¹
766 3462 865 3534 τῆς
893 3462 953 3516 ὲν
983 3463 1274 3537 Λαοδικείᾳ
1305 3466 1506 3522 κανόνα
1538 3467 1775 3523 κωλύον-

192 3566 292 3604 ται.
332 3551 443 3605 Kal.
482 3553 545 3606 ὲν
588 3553 665 3624 τῷ
693 3553 928 3625 δευτέρῳ
962 3554 1020 3608 δὲ
1055 3557 1220 3628 γάμῳ
1263 3558 1290 3612 ὁ
1329 3559 1509 3630 ἱερεὺς
1559 3562 1620 3615 ού
1653 3579 1777 3617 συν-

187 3643 376 3698 εσθίειν
413 3644 783 3715 ἐπιτρέπεται
812 3663 828 3678 ο
863 3647 999 3703 ἀλλὰ
1036 3650 1128 3703 καὶ
1164 3653 1220 3704 ὲν
1259 3653 1371 3716 τοῖς
1419 3652 1656 3725 πρώτοις
1677 3657 1777 3725 γά·

191 3754 304 3805 μοις
350 3739 419 3810 ἦν
448 3756 596 3792 ποτε
640 3741 987 3814 συμποσιάσῃ
1023 3742 1117 3796 καὶ
1147 3743 1614 3815 εὐφρανθήσεται,
1663 3747 1772 3814 ἕως

1869 708 2194 782 prohibetur
2246 715 2460 779 partem
2497 706 2782 764 sacerdoti
2815 705 3099 775 exhibere,
3137 715 3191 763 et
3221 709 3441 779 quidem

1866 811 2080 872 partem
2120 799 2572 872 pinguissimam.
2633 797 2712 855 Ne
2749 798 3094 855 dixeristhoc
3120 812 3245 855 esse
3302 798 3440 871 legis

1866 893 2138 952 Mosaicae.
2172 892 2292 950 Non
2332 893 2479 949 enim
2535 891 2623 948 lex
2676 906 2908 964 prorsus
2971 890 3177 947 abolita
3233 898 3341 957 est,
3392 899 3445 944 et

1867 986 1926 1042 in
1961 986 2179 1054 melius,
2231 984 2328 1043 sed
2383 994 2439 1042 et
2473 983 2772 1042 sublimius
2823 990 3216 1048 transmutata,
3251 981 3443 1038 Sacri-

1867 1079 1990 1136 ﬁcia
2015 1079 2158 1136 enim
2189 1079 2508 1136 animalium
2531 1077 2646 1134 ﬁeri
2665 1076 2972 1143 desierunt,
2998 1074 3294 1146 adtempus
3311 1082 3444 1130 tunc

1867 1170 2134 1242 permissa
2169 1189 2183 1226 :
2219 1180 2275 1226 at
2311 1169 2643 1234 oblationes,
2678 1182 2799 1238 quae
2847 1165 3229 1224 sacerdotibus
3282 1165 3441 1232 (inut,

1867 1276 1981 1317 non
2028 1266 2300 1317 vetantur.
2351 1259 2415 1315 Et
2477 1259 2625 1330 quod
2683 1258 2998 1315 Christiane
3046 1257 3106 1312 ﬁt
3156 1256 3347 1312 innato
3397 1263 3441 1322 ',

1868 1349 2106 1422 quodam
2140 1365 2316 1415 more,
2354 1349 2436 1405 vel
2477 1349 2641 1406 etiam
2690 1365 2756 1405 ex
2781 1349 3058 1406 rusticana
3091 1348 3441 1413 liberalitate,

1870 1451 1930 1498 ut
1959 1440 2186 1498 Judaice
2249 1439 2453 1496 factum
2514 1458 2624 1497 non
2681 1441 3016 1498 censebitur.
3085 1439 3240 1508 Quod
3283 1441 3328 1497 si
3387 1441 3443 1496 in

1869 1541 2212 1590 mortuorum
2253 1533 2533 1589 memoriis
2582 1533 2850 1589 columba:
2893 1532 3214 1600 animalium
3275 1546 3444 1602 gran-

1869 1628 2084 1683 diorum
2106 1627 2226 1684 vice
2254 1626 2986 1694 sacerdotibusexbibentur
3027 1641 3068 1682 a.
3090 1624 3443 1681 tenuioribus

1871 1719 1924 1774 in
1949 1733 2134 1774 eorum
2165 1719 2504 1786 alimoniam,
2532 1735 2646 1776 non
2695 1735 2794 1792 per
2840 1719 3110 1773 rationem
3161 1713 3444 1780 sacriﬁcii,

1871 1823 2048 1880 neque
2073 1815 2132 1863 ut
2161 1809 2229 1864 ad
2259 1809 2514 1879 sepulcra
2554 1815 2884 1872 mactentur,
2915 1808 3022 1862 hoc
3053 1821 3214 1861 nemo
3256 1803 3447 1874 prohi-

1871 1904 2067 1960 buerit.
2109 1900 2336 1972 Oportet
2361 1900 2510 1956 enim
2561 1899 2904 1959 sacerdotem
2931 1915 2997 1955 ex
3029 1898 3337 1955 sacerdotio
3350 1897 3448 1962 ali,

1869 2007 1921 2053 et
1946 1996 2206 2052 honorari
2237 2011 2268 2050 a
2327 1995 2508 2060 laicis,
2549 2001 2606 2050 et
2638 1994 2780 2050 alias.
2804 1993 3032 2049 omnino
3067 2003 3118 2056 Ρ,
3141 1992 3448 2067 proutquis

1869 2088 2552 2160 potueritexbibitionibus
2575 2097 2602 2138 ς
2636 2085 2937 2143 secundum
2962 2084 3248 2140 facultates
3266 2081 3443 2162 factis.

1873 2179 1929 2236 Si
1981 2183 2171 2236 bovem
2245 2179 2517 2251 integrum
2570 2177 2771 2234 oﬂ‘erre
2834 2193 2944 2232 non
2995 2176 3190 2246 possit,
3235 2181 3446 2246 partem

1871 2271 2082 2340 oderat,
2125 2272 2208 2328 vel
2238 2270 2642 2342 pectusculum,
2693 2276 2786 2326 aut
2843 2269 3124 2340 quidpiam
3159 2265 3330 2331 aliud,
3357 2265 3448 2321 vel

1871 2367 2082 2422 corium
2159 2364 2300 2421 forte
2345 2364 2544 2432 solum;
2597 2363 2642 2420 si
2697 2377 2875 2434 neque
2908 2362 3036 2428 hoc,
3081 2358 3394 2415 columbam
3424 2398 3442 2423 ,

1873 2467 1967 2513 aut
1996 2458 2157 2513 aliam
2183 2471 2340 2513 avem
2367 2455 2605 2528 aliquam
2635 2474 2651 2512 :
2677 2471 2785 2511 non
2817 2453 3036 2525 quidem
3069 2451 3296 2508 Judaice
3352 2458 3449 2505 aut

1872 2551 2058 2609 Graece
2078 2561 2124 2618 ι’,
2166 2550 2261 2606 sed
2293 2549 2382 2622 pie
2411 2564 2474 2606 ac
2509 2549 2781 2620 religiose.
2820 2549 3109 2604 Enimvero
3155 2546 3316 2600 etiam
3357 2557 3448 2600 sa-

1873 2641 2122 2699 cerdotes
2145 2641 2309 2699 simul
2338 2655 2462 2696 cum
2494 2638 2645 2695 iaicis
2673 2653 2885 2695 caenam
2917 2648 2971 2690 et
2997 2634 3180 2692 cibum
3206 2649 3447 2701 sumere,

1873 2749 1938 2790 ac
1967 2733 2246 2790 convivari
2295 2731 2352 2787 in
2432 2730 2609 2798 festis,

1874 2841 1997 2883 cum
2022 2824 2238 2882 decenti
2269 2821 2562 2897 gravitate,
2593 2822 2720 2877 -Deo
2775 2819 2980 2893 gratias
3034 2824 3282 2890 agentes,
3335 2831 3446 2874 non

1875 2919 2254 2990 prohibentur.
2285 2915 2400 2974 Nisi
2457 2915 2722 2971 collatitia
2758 2915 2870 2970 sint
2897 2909 3172 2976 convivia,
3210 2919 3306 2966 aut
3368 2925 3452 2968 se-

1875 3008 2069 3066 cunda:
2100 3007 2306 3078 nuptiae
2335 3017 2356 3046 ι
2387 3015 2483 3060 aut
2513 3006 2694 3077 aliqua
2726 3004 2788 3059 in
2833 3003 2918 3058 his
2947 3002 3159 3059 ludicra
3182 3001 3473 3078 inducan-g'

1878 3110 1965 3156 tur
1999 3115 2012 3152 :
2041 3114 2163 3154 nam
2180 3075 2304 3169 qua:
2331 3112 2399 3154 ex
2417 3075 2707 3153 collatione
2725 3095 2745 3133 ³
2795 3093 2932 3150 ﬁunt
2953 3092 3230 3158 convivia,
3258 3075 3446 3164 probi?

1875 3192 2075 3248 bentur
2127 3191 2196 3248 55
2252 3205 2463 3247 canone
2533 3188 2876 3245 Laodicenae.
2958 3187 3025 3243 Et
3086 3187 3143 3243 in
3193 3184 3451 3242 secundis

1877 3285 2084 3356 nuptiis
2137 3282 2419 3340 convivari
2452 3281 2726 3338 sacerdoti
2758 3295 2867 3334 non
2925 3278 3312 3350 permittitur;
3354 3276 3452 3332 sed

1879 3379 1924 3434 si
1958 3375 2180 3448 quando
2220 3375 2275 3430 in
2311 3374 2504 3446 primis
2535 3373 2740 3444 nuptiis
2793 3372 3137 3436 convivelur,
3171 3369 3452 3426 festivitati

1877 3471 2152 3536 intererit,
2201 3469 2379 3525 donec
2414 3467 2716 3540 thymelici,
2740 3465 2900 3537 juxta
2935 3461 3450 3535 quinquagesimum

1877 3572 2135 3635 quartum
2165 3574 2431 3617 canonem
2501 3556 2827 3613 Laodicena:
2851 3555 3072 3629 synodi)
3123 3564 3180 3612 et
3243 3554 3451 3612 ludicra

1878 3655 2314 3712 introducantur.
2366 3651 2470 3719 Qui
2495 3660 2691 3722 praeter
2734 3649 2850 3705 haec
2889 3648 3044 3716 facit,
3077 3646 3454 3726 excommuni-

1877 3758 2057 3812 catur,
2088 3756 2143 3804 et
2196 3744 2478 3802 canonica:
2515 3743 2808 3814 subjicitur
2835 3757 3102 3799 censurae.

187 3829 470 3898 μέλλουσιν
509 3830 843 3903 εἰσαχθῆναι
889 3833 1053 3900 (κατὰ
1100 3834 1191 3887 τὸν
1223 3833 1296 3888 νδ¹
1334 3838 1535 3892 κανόνα
1581 3841 1681 3910 τῆς
1710 3843 1768 3896 ἐν
1803 3840 2098 3913 Λαοδικείᾳ
2139 3838 2400 3909 συνόδου)
2440 3839 2490 3892 oi
2543 3835 2864 3907 θυμελικοὶ,
2902 3834 2999 3890 καὶ
3068 3834 3138 3889 τὰ
3205 3834 3451 3904 παίγνια.

194 3923 248 3978 Ὀ
267 3924 324 3978 δὲ
351 3924 509 3996 παρὰ
530 3923 713 3980 ταῦτα
740 3925 908 3978 ποιῶν
931 3927 1270 3997 ἀφορίζεται,
1303 3931 1397 3984 καὶ
1419 3933 1741 4004 ἐπιτιμᾶται
1767 3934 2100 3999 κανονικῶς.

259 4013 622 4088 ’Πρώτησας,
661 4016 1046 4085 εύλαϐἐστατε,
1076 4019 1156 4073 ὅτι
1203 4021 1438 4092 Τρύφων
1475 4042 1590 4092 τις,
1630 4025 1773 4081 οὕτω

183 4105 541 4178 καλούμενος,
585 4107 992 4179 ἐμνηστεύσατο
1029 4108 1198 4181 κόρην
1231 4110 1394 4183 ἀτελῆ
1427 4112 1524 4185 τὴν
1556 4115 1772 4187 ἡλικίαν

181 4198 378 4254 οὖσαν⁸
420 4201 524 4254 καὶ⁵
567 4200 736 4270 μήπω
786 4199 1086 4272 ἱερολογίας
1118 4203 1439 4273 γενομένης,
1481 4204 1615 4276 μηδὲ⁹
1649 4223 1773 4260 συν-

179 4287 405 4358 αφείας,
452 4290 824 4362 ἐτελεύτησεν
852 4293 884 4362 ἡ
915 4292 1052 4363 κόρη
1077 4309 1091 4324 ·
1124 4293 1221 4348 καὶ
1255 4293 1444 4350 ἔλαϐεν
1480 4297 1509 4349 ό
1537 4295 1772 4368 Τρύφων

179 4383 373 4456 ἑτέραν
399 4385 672 4455 γυναῖκα,
697 4385 790 4437 καὶ
809 4384 996 4438 τέτοκε
1020 4385 1319 4459 θυγατέρα.
1349 4389 1507 4460 Καὶή
1531 4390 1773 4464 θυγάτηρ

179 4474 318 4546 αὕτη
343 4477 446 4530 τοῦ
486 4474 794 4550 Τρύφωνος
829 4475 1192 4546 συξεύγνυται
1226 4478 1304 4549 τῷ
1339 4479 1774 4555 πρωτεξαδέλφῳ

179 4568 275 4638 τῆς
313 4569 495 4641 κόρης
530 4567 785 4637 ἐκείνης,
821 4569 944 4640 ἥτις
975 4571 1483 4642 προμνηστευθεῖσα
1511 4574 1586 4646 τῷ
1632 4576 1773 4648 Τρύ-

1952 4025 2328 4096 interrogasti,
2355 4022 2793 4098 religiosissime,
2817 4022 2884 4078 de
2905 4021 3196 4094 Tryphonc
3217 4019 3456 4092 quodam

1880 4118 1972 4190 qui
2008 4117 2088 4174 sic
2114 4117 2432 4179 vocabatur,
2499 4129 2624 4170 eum
2688 4113 2901 4168 scilicet
2940 4109 3302 4182 despondisse
3349 4107 3456 4164 sibi

1885 4207 2222 4280 imperfecta:
2249 4207 2425 4264 aetatis
2472 4205 2736 4277 puellam,
2769 4218 3005 4275 eamque
3059 4201 3304 4258 nondum
3363 4215 3455 4256 sc-

1882 4312 2008 4359 cuta
2055 4301 2433 4358 benedictione
2462 4299 2549 4356 vel
2585 4297 2782 4368 copula
2822 4295 3175 4364 discessisse,
3227 4304 3280 4350 et
3317 4293 3456 4364 Try-

1882 4395 2118 4465 phonem
2144 4393 2302 4448 aliam
2322 4392 2549 4448 duxisse
2575 4405 2828 4458 uxorem,
2877 4404 2999 4461 qua:
3024 4388 3233 4461 peperit
3265 4386 3454 4441 tiliam.

1883 4486 2056 4558 Ipsam
2087 4485 2398 4558 Tryphonis
2431 4485 2596 4540 tiliam
2623 4483 2898 4555 conjungi
2930 4496 3054 4537 cum
3084 4481 3284 4553 puellae
3308 4478 3455 4534 illius

1881 4580 2238 4646 consobrino,
2272 4595 2393 4652 qua:
2412 4579 2564 4650 prius
2599 4576 2879 4650 Tryphoni
2908 4576 3240 4644 desponsata
3275 4571 3330 4625 in
3351 4570 3456 4624 im-

177 4677 314 4729 φωνι
335 4704 350 4730 ,
389 4663 451 4715 ὲν
484 4659 678 4714 ἀτελεῖ
701 4663 766 4730 τῇ
798 4660 987 4732 ἡλικία
1017 4661 1372 4735 τετελεύτηκε
1398 4681 1413 4698 ο
1447 4667 1540 4720 καὶ
1570 4667 1766 4739 ἐζήτη-

1877 4672 2118 4745 perfecta
2171 4680 2332 4728 aetate
2373 4671 2527 4729 obiit.
2580 4669 2858 4737 Quaesiisti
2887 4669 3123 4733 discere,
3148 4678 3218 4719 an
3249 4663 3456 4718 vetitus

177 4769 276 4818 σας
309 4753 555 4824 μαθεῖν,
605 4754 656 4806 εί
707 4751 974 4807 κωλύεται
1019 4753 1079 4807 τὸ
1113 4754 1358 4811 τοιοῦτον
1397 4757 1771 4829 συνάλλαγμα.

178 4844 282 4896 Καὶ
321 4843 440 4897 ἰδοὺ
473 4842 771 4914 γράφομεν
809 4860 916 4909 σοι,
954 4843 1036 4897 ὅτι
1063 4843 1156 4900 ἐὰν
1185 4843 1382 4916 ἀτελὴς
1413 4840 1482 4916 ἦν
1527 4846 1707 4919 ἐκείνη
1739 4851 1773 4922 ἡ

173 4935 418 5008 μνηστὴ,
476 4935 582 4988 καὶ
627 4933 779 4990 οὔπω
817 4934 982 5008 δεκτὴ
1022 4934 1235 5007 γάμου,
1285 4937 1602 5008 παράνομος
1639 4935 1708 5012 ἦν
1741 4941 1774 5010 ἡ

175 5028 482 5098 μνηστεία,
514 5027 614 5080 καὶ
639 5025 756 5082 ἀντ’
783 5026 996 5090 οὐδενὸς
1026 5027 1436 5096 λογισθήσεται’
1470 5030 1564 5085 καὶ
1591 5032 1773 5085 οὐκέτι

175 5119 418 5190 κώλυμα
450 5118 615 5172 οὐδὲν
647 5119 726 5182 είς
773 5117 833 5172 τὸ
874 5118 1117 5173 τοιοῦτον
1156 5121 1544 5193 συνάλλαγμαο
1594 5123 1689 5176 καὶ
1738 5125 1772 5192 ἡ

171 5211 436 5284 θυγάτηρ
510 5209 609 5264 τοῦ
666 5211 961 5281 Τρύφωνος
1015 5210 1309 5276 ἀκωλύτως
1365 5213 1630 5285 λαμϐάνει
1684 5215 1775 5267 τὸν

171 5305 400 5376 πρῶτον
433 5303 662 5376 ἐκείνης
688 5303 998 5374 ὲξάδελφον.

1882 4769 1954 4824 sit
2005 4766 2132 4822 talis
2163 4772 2508 4822 contractus.
2543 4761 2610 4816 Et
2643 4760 3006 4818 rescribimus
3035 4775 3048 4814 :
3073 4756 3119 4813 si
3148 4754 3460 4828 sponsailla

1882 4874 1992 4914 non
2030 4857 2132 4913 fuit
2174 4855 2277 4913 viri
2307 4863 2531 4926 potens,
2584 4852 2818 4908 necdum
2883 4850 3197 4919 nuptiarum
3263 4858 3457 4915 capax,

1881 4950 2087 5021 injusta
2116 4963 2235 5004 esse
2271 4945 2546 5018 sponsalia
2583 4946 2626 4981 ι’
2659 4951 2714 4999 et
2753 4958 2856 5014 pro
2904 4942 3070 4998 nullis
3101 4937 3313 5004 haberi,
3339 4935 3462 4990 nul-

1884 5039 2107 5108 lumque
2145 5035 2366 5092 obstare
2399 5033 2449 5090 ei
2480 5033 2786 5089 contractui
2827 5030 3303 5102 impedimentum,
3325 5024 3460 5097 quin

1884 5127 2194 5202 Tryphonis
2222 5127 2333 5184 ﬁlia
2397 5126 2544 5183 licite
2568 5127 2738 5182 nubat
2806 5124 2955 5180 illius
2989 5119 3355 5180 consobrino.

2255 5361 2284 5381 Χ

1514 5532 1744 5589 νιιῐιιιΕ
1782 5531 2183 5591 LECTIONES.

239 5648 291 5684 ”
329 5645 653 5719 συμϐολῆς.
731 5651 775 5686 δ’
818 5649 1110 5720 συμϐολῆς.

237 5775 261 5796 ⁶
285 5763 652 5831 provinciali.

171 5846 190 5882 ι
236 5853 305 5890 ea:
345 5836 614 5891 collecta.
661 5836 702 5873 ι·
733 5836 1007 5908 illegitima
1032 5839 1197 5907 fuisse
1229 5837 1519 5907 sponsalia.

725 5774 753 5814 ιδ
784 5781 899 5819 cunt
931 5768 1051 5820 aliis
1099 5765 1308 5820 omnino
1342 5766 1512 5819 rebus.
1591 5775 1619 5814 τι
1651 5775 1758 5820 tunc
1787 5767 2158 5825 oblationibus.

2272 5776 2526 5838 rpagano
2564 5779 2722 5819 more.
2801 5762 3076 5819 "secundo
3130 5761 3456 5817 nubemium.

2665 2739 2722 2784 et
2782 2727 3017 2799 nuptiis,
3079 2724 3348 2792 modeste,
3395 2733 3452 2780 et
3545 2745 3547 2748 ⁴
