3948 6594
418 495 550 561 1011

875 583 1164 671 JOANNIS
1198 612 1526 684 zonam,

488 731 673 802 Magni
719 730 994 803 quondam
1054 731 1335 802 druugarii
1395 732 1584 803 rigida,
1646 743 1696 788 et
1750 735 1910 800 primi
1958 752 1989 788 a

417 801 655 868 secretis,
701 801 892 858 Oratio
919 801 987 854 ad
1029 801 1256 874 eos.q’ui
1295 801 1592 858 naturalem
1641 807 1855 861 seminis
1881 806 1987 874 ﬂu-

415 889 544 929 xum
565 873 951 928 immunditiam
989 873 1322 930 existimant.

489 988 611 1044 Noli
649 989 834 1060 justus
858 1003 982 1046 esse
1013 990 1245 1044 multum
1296 997 1349 1056 ιι,
1387 1005 1563 1062 neque
1623 992 1811 1062 regula
1870 991 1988 1062 ipsa

416 1081 641 1138 rectior.
672 1081 767 1136 Ha!
797 1087 928 1138 sunt
954 1084 1240 1138 sententiae
1272 1084 1676 1154 praestantioris
1703 1091 1759 1139 et
1787 1091 1988 1140 nostrae

417 1175 722 1246 sapientiae.
784 1175 1023 1244 Quodsi
1095 1187 1487 1236 extraneorum
1565 1180 1848 1252 quidpiam
1905 1182 1988 1237 eis

417 1268 746 1326 assuendum
789 1271 861 1327 sit
896 1269 1022 1343 (nec
1045 1272 1191 1327 enim
1223 1288 1344 1342 quae
1375 1273 1592 1329 illorum
1620 1281 1772 1342 sunt,
1798 1274 1981 1329 omnia

416 1359 677 1442 rejiciend
689 1359 735 1430 ιι)
759 1379 773 1416 :
792 1360 869 1418 Ne
881 1363 1010 1434 quid
1026 1364 1212 1420 nimis.
1229 1364 1506 1432 Quorsum
1527 1373 1704 1421 autem
1727 1367 1832 1420 hoc
1851 1365 1985 1421 mihi

415 1454 734 1523 pmiudium
775 1462 882 1521 est,
931 1457 1337 1528 quamprimum
1385 1458 1617 1513 dicetur.
1651 1457 1803 1512 Multi
1839 1460 1982 1512 enim

416 1561 630 1614 eorum,
661 1548 768 1617 qui
824 1549 1158 1604 exactiorem
1209 1548 1586 1604 monachicam
1635 1547 1982 1619 disciplinain

413 1636 614 1692 sectari
651 1637 931 1705 videntur,
965 1645 1020 1692 et
1052 1639 1220 1694 veluti
1257 1639 1323 1694 ad
1351 1639 1658 1710 spiritalius
1686 1640 1972 1701 inclinant,

414 1736 474 1782 ut
508 1727 913 1783 immunditiem
955 1728 1221 1799 aliquam,
1257 1729 1564 1785 naturalem
1600 1729 1829 1786 seminis
1882 1729 1982 1783 ilu-

409 1829 542 1873 xum
574 1820 960 1875 arbitrantur:
999 1835 1106 1874 non
1155 1820 1331 1875 solum
1361 1819 1584 1891 quando
1613 1835 1735 1875 cum
1790 1820 1980 1890 iungi-

411 1913 637 1968 natione
656 1913 838 1982 aliqua
864 1913 1177 1984 contigerit,
1227 1912 1320 1970 sed
1357 1920 1414 1967 et
1453 1912 1497 1970 si
1551 1911 1759 1982 absque
1791 1911 1982 1982 imagi-

1711 504 1846 564 JUS
1884 505 2328 567 CANONICUM

3531 506 3658 572 1012

2474 625 2777 679 ΙΩΛΝΝΟΥ
2817 626 2955 681 ΤΟΥ
2997 628 3264 682 ΖΩΝΑΡΛ
3277 667 3291 693 ,

2095 735 2210 790 Τοῦ
2239 739 2554 862 ἶεγιονότος
2571 738 2838 822 μεγάζίου
2872 739 3266 810 δρουγγαρίου
3290 739 3402 808 τῆς
3427 741 3665 809 ,ϐι⁹τ.1ας,

2163 825 2238 862 κα
2315 820 2873 862 ποωτοιισπκοητιο.
2925 813 3116 862 Λότοι*
3155 813 3305 862 πού(-
3351 811 3497 862 robo
3560 812 3665 862 rin-

2163 811 2258 862 καί
2315 811 2873 880 πρωτολιισηκρῆτις,
2925 813 3116 880 Λόγος
3155 813 3305 878 πρὸς
3351 811 3499 880 τοὺς
3560 812 3666 879 τὴν

2161 879 2438 948 φυσικὴν
2455 877 2564 946 τῆς
2583 879 2768 949 γονῆς
2785 880 3008 950 ἐκροὴν
3017 877 3254 952 μίασμα
3270 877 3664 952 ἡγουμένους.

2159 993 2251 1067 Μὴ
2298 995 2452 1064 γίνου
2495 995 2704 1060 δίκαιος
2734 996 2890 1065 πολὺ,
2931 997 3066 1070 μηδέ
3101 999 3254 1068 γίνου
3302 997 3400 1051 τοῦ
3451 997 3668 1061 κανόνος

2089 1085 2408 1159 εὐθύτερος.
2441 1088 2664 1160 Γνῶμαι
2691 1089 2866 1143 ταῦτα
2911 1091 3008 1160 τῆς
3056 1091 3452 1162 εὐγενεστέρας
3485 1091 3667 1160 σοφίας

2089 1179 2184 1233 καὶ
2220 1180 2500 1251 ἡμετέρας
2529 1180 2685 1234 είσίν.
2713 1182 2776 1235 Ei
2802 1181 2860 1235 δὲ
2889 1181 2971 1236 δεῖ
3005 1186 3329 1254 παρενεῖραι
3367 1180 3581 1244 τούτοις
3620 1199 3668 1236 τι

2087 1274 2181 1327 καὶ
2211 1275 2322 1328 τῶν
2351 1273 2551 1340 ἔξωθεν
2581 1275 2724 1345 (ceae
2772 1275 2881 1347 γὰρ
2928 1276 3106 1330 πάντα
3150 1275 3220 1329 τὰ
3269 1276 3500 1330 ἐκείνων
3541 1275 3667 1328 ἀπό-

2088 1367 2309 1438 ϐλητα),
2343 1367 2526 1438 Μηδὲν
2552 1367 2714 1437 ἀγαν.
2744 1368 2868 1437 Ἐφ’
2973 1368 3030 1422 δέ
3073 1386 3164 1438 μοι
3207 1368 3379 1422 ταῦτα
3425 1385 3664 1438 προανα-

2087 1460 2442 1531 κέκρουσται,
2464 1460 2670 1515 αὐτίκα
2703 1460 2766 1532 δὴ
2803 1461 2946 1528 μάλα
2981 1460 3303 1533 ῥηθήσεται.
3337 1459 3537 1516 Πολλοὶ
3563 1459 3666 1514 τῶν
3687 1512 3705 1530 ,

2085 1553 2481 1623 ἀκριϐέστερον
2509 1553 2652 1624 τάχα
2696 1553 2952 1624 μετιέναι
2981 1552 3286 1607 δοκούντων
3309 1553 3410 1622 τὴν
3442 1569 3662 1622 μοναχισ

2084 1645 2187 1716 κήν
2218 1645 2520 1709 πολιτείαν,
2558 1646 2654 1700 καὶ
2696 1646 2981 1716 ῥεπόντων
3012 1639 3125 1700 οἷον
3163 1645 3298 1716 πρὸς
3331 1645 3393 1698 τὸ
3423 1661 3665 1712 πνευμαο

2084 1737 2405 1809 τικώτερον,
2439 1737 2516 1803 ὡς
2569 1737 2787 1809 μίασμά
2826 1756 2880 1792 τι
2922 1738 3024 1809 τὴν
3075 1737 3311 1808 φυσικὴν
3356 1736 3461 1806 τῆς
3510 1736 3666 1806 γονῆς

2086 1828 2406 1900 νομίζουσιν
2441 1829 2664 1902 ἐκροήν.
2717 1830 2828 1882 Καὶ
2857 1829 2919 1883 οὐ
2967 1827 3128 1899 μόνον
3186 1829 3277 1882 ὅτε
3329 1826 3474 1898 μετά
3529 1843 3663 1890 τινος

2087 1919 2394 1988 φαντασίας
2428 1919 2637 1990 συμϐῇ,
2681 1919 2799 1974 ἀλλ’
2837 1917 3075 1988 ὁπηνίκα
3102 1917 3196 1971 καὶ
3220 1931 3530 1986 φαντασιας
3563 1933 3665 1984 χω-

412 2006 657 2062 natione.
715 2007 893 2077 Atque
949 2006 1087 2063 adeo
1137 2007 1405 2077 pollutum
1466 2005 1787 2061 existimant
1833 2020 1978 2069 eum,

2089 2012 2209 2083 ρίς·
2243 2012 2340 2066 καὶ
2369 2010 2628 2066 τοσοῦτον
2669 2011 2856 2074 αὐτοῖς
2881 2012 2909 2064 δ
2941 2007 3100 2063 τοῦτο
3141 2007 3330 2062 παθὼν
3366 2005 3662 2078 μεμιάνθαι

410 2099 500 2168 qui
532 2098 583 2151 id
618 2113 816 2168 passus
875 2108 994 2166 est;
1038 2106 1097 2153 ut
1142 2113 1250 2152 non
1289 2113 1412 2152 eum
1477 2097 1642 2152 modo
1696 2105 1922 2152 arceant
1952 2109 1982 2149 a

410 2189 911 2245 sanetiiicationum
947 2189 1444 2261 'participatione,
1491 2189 1586 2245 sed
1627 2189 1742 2259 jam
1809 2188 1980 2259 aliqui

407 2282 676 2354 attingere
709 2283 888 2354 ipsum
919 2282 1161 2338 divinam
1191 2291 1220 2320 ι
1248 2282 1539 2350 imaginem
1568 2281 1895 2353 prohibeant
1927 2289 1981 2337 Y.

408 2373 485 2429 ita
542 2375 942 2430 immunditiem
999 2374 1270 2445 judicant,
1354 2375 1662 2430 naturalem
1755 2372 1982 2430 seminis

407 2465 1225 2538 exeretionem..Disputandum
1252 2482 1384 2523 vero
1416 2481 1540 2522 cum
1590 2465 1698 2532 his,
1755 2465 1984 2522 demon-

412 2559 837 2630 ‘strandumque,
871 2561 1017 2615 hunc
1055 2559 1306 2616 affectum
1347 2575 1525 2630 neque
1559 2573 1775 2630 semper
1803 2557 1982 2614 incul-

411 2660 598 2721 patum
658 2668 806 2718 esse,
841 2667 1019 2723 neque
1071 2652 1413 2720 indistincte,
1456 2653 1549 2723 qui
1607 2667 1733 2708 eum
1782 2665 1982 2722 passus

411 2752 513 2807 Iest,
536 2742 896 2813 puniendum.
946 2742 1079 2798 Illud
1111 2743 1255 2799 enim
1289 2742 1602 2799 exhortatio
1629 2753 1653 2781 ι
1691 2743 1758 2798 ad
1793 2742 1980 2799 libidi-

414 2851 537 2892 nem
568 2854 582 2892 :
621 2837 894 2908 reliquum
933 2846 1142 2903 autem,
1175 2838 1275 2893 vite
1331 2837 1658 2908 praeparatio
1689 2837 1752 2892 ad
1783 2836 1979 2907 despe-

406 2931 700 2985 rationem.
735 2928 794 2985 Si
825 2929 971 2985 enim
1005 2929 1096 3001 qui
1130 2945 1238 2986 non
1291 2945 1390 2988 sua
1427 2940 1622 3001 sponte
1663 2929 1976 2986 necessitati

407 3025 618 3077 natura:
652 3022 961 3092 subjectus,
1026 3030 1080 3078 et
1133 3022 1251 3079 sine
1283 3023 1603 3094 perturbata
1633 3033 1660 3063 ι
1693 3021 1981 3076 all'ectione

406 3128 604 3184 passus
635 3112 971 3169 excrementi
1011 3113 1371 3185 egestionem,
1416 3113 1735 3169 immundus
1759 3112 1980 3181 judica-

407 3213 519 3272 tur,
561 3212 615 3260 et
644 3220 710 3260 ex
754 3205 1028 3260 sententia
1059 3204 1399 3260 exactiorum
1443 3204 1728 3260 doctorum
1761 3203 1980 3274 repelli-

407 3308 501 3352 tur
549 3313 580 3352 a
637 3297 1127 3354 sanctificatione:
1187 3295 1464 3369 quomodo
1517 3295 1795 3368 propriam
1867 3309 1977 3350 non

405 3389 792 3458 desperaverit
863 3389 1124 3455 salutem,
1182 3390 1275 3460 qui
1355 3389 1602 3444 libidinis
1656 3390 1860 3458 impetu
1925 3389 1980 3443 in

406 3481 588 3536 simile
617 3481 808 3535 vitium
840 3481 1119 3549 inciderit,
1144 3482 1228 3537 vel
1254 3491 1450 3553 sponte
1469 3481 1522 3536 in
1542 3481 1979 3536 commistionem

406 3573 682 3644 collapsus
718 3572 879 3629 fuerit
905 3574 931 3629 ί
958 3574 1014 3630 Si
1046 3575 1231 3646 igitur,
1257 3576 1385 3630 boui
1441 3573 1568 3640 viri,
1599 3589 1665 3628 ex
1711 3586 1982 3628 canonum

407 3666 746 3734 ignorantia,
778 3666 896 3722 haec
917 3667 1070 3724 vobis
1099 3669 1395 3724 constituta
1430 3676 1483 3722 et
1512 3667 1776 3737 disposita
1817 3673 1978 3721 sunt:

408 3757 628 3822 docere,
679 3766 734 3812 et
793 3758 1083 3813 ratiocinia
1113 3759 1142 3798 ι’
1199 3759 1466 3829 accipere,
1506 3765 1561 3814 et
1596 3757 1981 3830 peccatoribus

408 3849 656 3919 irrogare
688 3864 901 3919 ρωπος,
941 3849 1103 3906 vobis
1155 3864 1264 3906 non
1294 3852 1593 3906 convenit:
1628 3851 1984 3921 quemadmo-

406 3943 538 3996 dum
571 3957 672 3998 nec
697 3941 980 4006 medicari,
1019 3944 1155 3999 artis
1223 3944 1451 3999 medicae
1491 3943 1767 4014 imperito.
1824 3941 1978 4009 Quod

404 4033 453 4090 si
486 4035 746 4101 scientes,
779 4034 875 4091 ubi
925 4050 1170 4092 canones
1201 4035 1438 4103 genitale
1483 4035 1810 4107 proﬂuvium
1873 4050 1979 4105 pu-

405 4128 588 4193 niunt,
664 4135 718 4184 et
775 4128 866 4184 ubi
924 4143 1035 4184 non
1101 4129 1374 4198 puniunt,
1439 4144 1535 4184 eos
1590 4137 1772 4184 tamen
1829 4128 1980 4184 velut

401 4219 721 4278 Platonicas
763 4221 934 4293 leges,
999 4220 1184 4277 sinitis
1243 4221 1466 4292 negligi,
1500 4235 1530 4275 a
1587 4221 1746 4276 vobis
1795 4230 1976 4277 autem

401 4313 541 4383 ipsis
580 4329 772 4386 poenas
800 4314 1060 4385 irrogatis
1080 4313 1172 4379 iis,
1207 4314 1302 4384 qui
1331 4314 1486 4369 vobis
1543 4313 1778 4385 subjecti
1825 4321 1976 4380 sunt,

405 4413 459 4460 et
492 4405 903 4476 legislatoribus
959 4404 1237 4461 contraria
1289 4405 1543 4472 sancitis,
1586 4405 1900 4476 divinisque
1925 4413 1980 4461 et

401 4498 582 4554 sacris
630 4497 887 4553 Patribus
951 4497 1300 4553 adversantia
1359 4497 1578 4552 facitis:
1633 4512 1745 4554 non
1813 4499 1977 4554 modo

404 4589 716 4644 animarum
768 4587 1076 4645 curationis
1122 4589 1358 4660 privatio
1403 4589 1561 4646 vobis
1615 4589 1974 4661 irrogabitur,

2087 2102 2428 2171 νενόμισται,
2454 2101 2529 2166 ὡς
2560 2100 2636 2174 μὴ
2656 2103 2815 2172 μόνον
2833 2100 2935 2170 τῆς
2957 2099 3066 2153 τῶν
3089 2098 3452 2169 ἁγιασμάτων
3467 2098 3665 2166 εἴργειν

2087 2193 2254 2249 αὑτὸν
2289 2191 2672 2264 μεταλήψεως,
2705 2191 2822 2246 ἀλλ’
2862 2192 2962 2263 ἥδη
2991 2191 3136 2256 τινὲς
3182 2189 3278 2244 καὶ
3325 2188 3664 2259 προσψαύειν

2086 2285 2250 2340 αὑτὸν
2303 2285 2516 2349 εἰκόνος
2575 2285 2729 2349 θείας
2795 2284 3146 2355 ἀπείργουσι.
3197 2281 3354 2336 Οὕτω
3419 2280 3665 2352 κέκριται

2084 2374 2295 2439 τούτοις
2327 2374 2645 2447 ἀκαθαρσία
2683 2375 2718 2446 ἡ
2758 2373 2967 2446 φυσικὴ
3005 2371 3100 2427 τοῦ
3134 2371 3454 2444 σπέρματος
3487 2371 3665 2441 ἐκκρι-

2087 2485 2191 2532 σις.
2232 2467 2557 2523 Διαλεκτέον
2587 2467 2651 2537 δὴ
2688 2466 2924 2532 τούτοις,
2973 2466 3067 2520 καὶ
3125 2463 3389 2527 δεικτέον,
3441 2463 3521 2526 ὡς
3557 2460 3663 2515 οὔτ’

2083 2560 2172 2615 ἀεὶ
2206 2560 2264 2614 τδ
2315 2559 2490 2623 πάθος
2541 2559 2898 2630 ἀνέγκλητον,
2934 2557 3046 2612 οὔτ’
3085 2557 3402 2629 ἀδιαφόρως
3444 2557 3472 2608 δ
3512 2554 3662 2607 τοῦτο

2087 2652 2299 2720 παθὼν,
2337 2651 2444 2706 ὑπὸ
2473 2653 2816 2724 ἐπιτίμησιν.
2850 2651 2924 2704 To
2965 2651 3064 2723 μὲν
3086 2649 3216 2722 γάρ,
3247 2650 3329 2714 είς
3356 2632 3661 2721 ἐμπάθῖιαν

2087 2744 2373 2816 προτροπή
2397 2760 2411 2776 ’
2441 2743 2503 2797 τδ
2525 2742 2583 2797 δέ
2622 2759 2685 2812 γε
2729 2741 2937 2810 λοιπὸν,
2969 2740 3390 2813 προοδοποίησις
3418 2739 3662 2808 ἀπογνῶ-
3694 2741 3700 2746 ’

2089 2854 2249 2900 σεως.
2281 2837 2343 2890 Et
2378 2835 2489 2908 γὰρ
2511 2837 2540 2890 δ
2569 2833 2954 2907 ἀπροαιρέτως
2990 2834 3207 2905 ἀνάγκῃ
3236 2831 3536 2894 δουλεύσας
3568 2831 3661 2899 τῆς

2089 2925 2328 2996 φύσεως,
2374 2927 2469 2980 καὶ
2511 2924 2808 2988 διαθέσεως
2869 2923 3040 2994 χωρὶς
3088 2921 3371 2992 ἐμπαθοῢς
3424 2920 3660 2983 ὑποστὰς

2089 3015 2506 3089 περιττώματος
2553 3015 2827 3087 ἔκκρισιν,
2875 3012 3189 3086 ἀκάθαρτος
3238 3015 3516 3085 κέκριται,
3573 3013 3661 3066 καὶ

2087 3111 2188 3176 τῆς
2221 3109 2527 3178 ἁγιστείας,
2573 3108 2715 3163 κατά
2743 3107 2867 3172 τοὺς
2903 3105 3200 3170 δοκοῦντας
3225 3105 3480 3176 ἀκριϐεῖς
3509 3104 3659 3158 ἐκϐέο

2090 3201 2284 3271 ϐληται
2307 3201 2417 3256 τῶν
2454 3200 2808 3272 καθηγητῶν,
2842 3201 2870 3254 ὁ
2904 3198 3220 3272 περιπεσὼν
3261 3197 3320 3263 ἐξ
3360 3197 3658 3268 ἐμπαθείας

2087 3292 2260 3364 ὁμοίῳ
2304 3291 2616 3362 παθήματι,
2654 3292 2686 3364 ἢ
2718 3293 2813 3346 καὶ
2843 3293 3037 3364 γνώμῃ
3082 3292 3221 3362 πρὸς
3261 3289 3410 3360 μίξιν
3449 3288 3661 3342 κατολι-

2095 3382 2327 3455 σθήσας,
2387 3385 2504 3448 πῶς
2529 3385 2630 3439 οὐκ
2685 3383 2751 3438 ἂν
2797 3383 3061 3454 ἀπογνοίη
3111 3383 3210 3456 τὴν
3260 3381 3532 3451 σωτηρίαν
3567 3380 3659 3451 τὴν

2093 3477 2290 3530 ἑαυτοῦ
2314 3495 2328 3544 ;
2356 3479 2419 3530 Et
2445 3477 2544 3548 μέν
2588 3473 2705 3542 οὖν,
2747 3477 3037 3548 βέλτιστοι,
3062 3475 3171 3530 τῶν
3205 3474 3446 3528 κανόνων
3474 3473 3658 3543 ἀγνοίᾳ

2085 3571 2246 3624 ταῦθ’
2300 3571 2431 3640 ὑμῖν
2478 3569 2901 3642 νενομοθέτηται
2945 3587 3005 3624 τε
3052 3569 3146 3624 καὶ
3186 3567 3556 3640 ᾠκονόμηται,
3601 3565 3658 3617 τὺ

2089 3667 2491 3736 καθηγεῖσθαι,
2551 3667 2648 3720 καὶ
2689 3665 2941 3737 δέχεσθαι
3013 3665 3330 3734 λογισμοὺς,
3402 3680 3500 3716 και
3551 3663 3657 3721 τοῖς

2089 3758 2484 3830 σφαλλομένοις
2515 3760 2803 3830 ἐπιτιμᾷν,
2836 3759 2971 3828 ὑμῖν
3015 3757 3115 3810 οὐκ
3154 3756 3403 3809 ἐπέοικεν
3426 3771 3441 3786 ·
3477 3753 3656 3823 ὥσπερ

2089 3851 2198 3905 οὐδ’
2225 3851 2519 3923 ἰατρεύειν,
2540 3851 2618 3922 τῷ
2636 3850 2739 3922 τῆς
2762 3850 3015 3920 ἰατρικῆς
3036 3849 3230 3920 τέχνης
3247 3848 3652 3916 ἀνεπιστήμονι.

2087 3944 2152 3999 Ei
2177 3943 2235 3999 δὲ
2267 3943 2397 4006 τοὺς
2427 3943 2662 4007 κανόνας
2712 3943 2936 4009 ειδότες,
2972 3941 3068 3995 καὶ
3116 3941 3223 4012 ὅπη
3259 3939 3472 4001 τούτοις
3505 3935 3654 4007 ἠτῆς

2084 4037 2254 4106 γονῆς
2301 4034 2632 4090 κεκόλασται
2677 4033 2946 4101 ἔκκρισις,
2972 4032 3069 4086 καὶ
3096 4032 3204 4101 δπη
3235 4029 3648 4100 ἀνεπιτίμητος·

2087 4129 2246 4198 ὑμεῖς
2273 4127 2401 4190 τοὺς
2453 4126 2552 4197 μὲν
2585 4125 2779 4197 ἀργεῖν
2825 4125 2972 4190 ἐᾶτε,
3009 4124 3148 4179 κατά
3182 4121 3312 4186 τοὺς
3349 4121 3546 4191 νόμους
3564 4117 3652 4173 τοῦ

2087 4219 2400 4286 Πλάτωνος,
2435 4219 2528 4287 ἀφ’
2569 4219 2780 4271 ἑαυτῶν
2811 4216 2855 4271 δ’
2892 4217 3186 4287 ἐπιτιμᾶτε
3213 4215 3328 4277 τοῖς
3361 4214 3456 4282 ὐφ’
3491 4213 3651 4283 ὑμᾶς,

2087 4316 2183 4370 καὶ
2213 4313 2678 4385 ἀντινομοθετεῖτε
2707 4315 2820 4378 τοῖς
2854 4313 3196 4384 νομοθέταις,
3234 4313 3330 4366 καὶ
3358 4313 3472 4374 τοῖς
3497 4308 3654 4370 θείοις

2085 4407 2200 4461 Πατ
2213 4406 2336 4478 ράσι
2366 4407 2463 4460 καὶ
2486 4407 2658 4477 ἱεροῖς
2682 4403 3157 4459 ἀντιδιατάττεσθε
3176 4421 3190 4436 ·
3234 4405 3296 4457 οὐ
3322 4402 3654 4472 προστασίας

2083 4499 2272 4571 ψυχῶν
2317 4498 2593 4562 ἔκπτωσις
2640 4497 2801 4569 μόνον
2861 4497 3018 4568 ὑμῶν
3085 4495 3651 4567 καταψηφισθήσεται,

2084 4591 2220 4646 ἀλλά
2251 4590 2346 4645 καὶ
2377 4593 2679 4653 κανονικοῖς
2704 4589 2999 4660 ἐπιτιμίοις
3041 4590 3331 4644 ὑποπεσεῖν
3354 4587 3500 4656 ὑμᾶς
3536 4588 3654 4639 ἐπι-

403 4694 596 4734 verum
633 4679 796 4734 etiam
847 4679 1131 4736 canonicis
1185 4681 1366 4751 pinnis
1427 4681 1802 4752 subjiciendos
1855 4696 1978 4739 esse

2089 4680 2511 4753 ψηφισθὴσεται,
2564 4679 2706 4734 κατά
2734 4680 2806 4732 τὰ
2857 4681 2988 4751 περὶ
3038 4677 3244 4732 τούτων
3303 4677 3428 4748 ἱερά
3473 4677 3652 4730 διατά-

405 4786 506 4828 vos
534 4772 884 4839 decernetur,
911 4773 1070 4843 juxta
1101 4789 1294 4831 sacras
1316 4773 1384 4830 de
1413 4775 1499 4830 his
1523 4774 1977 4831 constitutiones.

403 4862 516 4918 Nec
573 4863 718 4919 enim
783 4863 1084 4936 quidquam
1152 4867 1220 4923 iis
1269 4867 1578 4924 addendum
1648 4876 1771 4934 est,
1822 4867 1979 4937 juxta

405 4951 645 5007 divinam
675 4953 1127 5026 Seripturam,et
1188 4958 1256 5013 ab
1304 4958 1372 5013 iis
1431 4956 1762 5013 demendum
1814 4958 1975 5012 nihil.

406 5043 636 5116 Magnus
660 5055 842 5102 autem
865 5047 1068 5104 Paulus
1091 5050 1436 5106 anathemate
1459 5051 1624 5107 etiam
1645 5049 1977 5107 condemnat

401 5152 554 5207 eum,
589 5139 681 5210 qui
713 5149 916 5210 praeter
949 5141 1026 5205 id,
1081 5143 1228 5212 quod
1286 5145 1623 5213 accepimus,
1688 5143 1974 5214 evangeli-

402 5230 608 5286 zaverit
663 5231 966 5302 quidpiam,
1027 5234 1193 5288 etiam
1251 5235 1297 5289 si
1355 5235 1583 5306 angelus
1647 5245 1814 5291 esset.
1867 5235 1976 5290 Vos

399 5331 608 5391 autem,
665 5327 921 5397 quamvis
955 5327 1024 5382 ad
1055 5327 1281 5383 virtutis
1305 5328 1600 5383 videamini
1658 5329 1975 5400 pervenisse

378 5403 707 5486 't‘astigium,
768 5418 928 5489 longe
987 5419 1056 5474 ab
1112 5421 1355 5489 angelica
1394 5421 1661 5491 dignitate
1727 5420 1968 5476 distatis.

401 5506 559 5574 Quod
587 5509 633 5564 si
671 5511 896 5579 angelos
922 5510 1066 5564 aliud
1092 5511 1370 5581 quidpiam
1403 5513 1725 5568 inducentes
1775 5519 1972 5581 praeter

400 5612 488 5662 ea,
523 5612 644 5667 quas
671 5597 872 5653 tradita
904 5597 1078 5666 fuere,
1107 5602 1438 5658 anathemati
1483 5602 1718 5672 subjecit
1747 5601 1968 5659 divinus

398 5688 718 5758 Apostolus,
744 5689 879 5746 nihil
913 5692 1164 5764 equidem
1197 5695 1509 5751 ominosum
1559 5695 1738 5751 dicam
1794 5714 1807 5750 :
1875 5709 1972 5749 vos

2080 4790 2290 4844 γματα.
2321 4772 2395 4826 Οὐ
2439 4772 2549 4843 γὰρ
2596 4770 2756 4842 ¹ἐστιν
2786 4771 2844 4824 ἐν
2883 4772 3067 4834 αὐτοῖς
3116 4769 3462 4841 προσθεῖναι,
3512 4765 3650 4822 κατὰ

2042 4880 2051 4890 ‘
2077 4869 2178 4939 τὴν
2229 4866 2382 4920 θείαν
2411 4866 2656 4938 Γραφὴν,
2681 4865 2779 4920 καὶ
2803 4867 2898 4919 ἀπ’
2921 4864 3104 4918 αὐτῶν
3126 4862 3387 4918 οὐκέστιν
3414 4863 3647 4932 ἀφελεῖν.

2091 4960 2149 5013 '0
2175 4959 2230 5012 δὲ
2259 4958 2433 5029 μέγας
2478 4958 2692 5024 Παῦλος
2722 4960 2819 5013 καὶ
2855 4958 3168 5029 ἀναθέματι
3217 4956 3538 5028 κατακρίνει
3563 4955 3649 5008 τὸν

2074 5049 2264 5120 ἐτερόν
2294 5067 2349 5102 τι
2375 5047 2511 5121 παρ’
2543 5049 2680 5120 ὅπερ
2703 5049 2976 5118 ἐλάϐομεν
3011 5046 3522 5118 εὐαγγελιζόμενον,
3551 5047 3650 5100 κᾶν

2081 5141 2312 5211 ἄγγελος
2427 5142 2618 5213 Ὑμεῖς
2648 5141 2724 5208 δὲ,
2752 5143 2856 5195 κᾶν
2891 5142 2970 5204 είς
2995 5140 3094 5212 τὴν
3115 5141 3211 5211 τῆς
3239 5139 3443 5212 ἀρετῆς
3463 5138 3648 5209 ἀκρώ-

2084 5252 2235 5305 ρειαν
2284 5233 2608 5304 ἐληλακέναι
2653 5234 2872 5304 δοκῆτε,
2916 5233 3052 5287 ἀλλὰ
3078 5233 3210 5286 πολὺ
3244 5233 3343 5301 τῆς
3367 5232 3522 5300 ἀξίας
3552 5233 3647 5302 τῆς

2079 5327 2382 5398 ἀγγελικῆς
2453 5327 2799 5397 διεστήκατε.
2844 5328 2906 5381 El
2958 5327 3004 5380 δ’
3049 5325 3318 5394 ἀγγέλους
3362 5326 3546 5397 ἕτερόν
3594 5342 3646 5377 τι

2079 5418 2229 5487 παρά
2284 5417 2354 5470 τὰ
2400 5416 2662 5488 δεδομένα
2711 5417 3035 5485 εἰσάγοντας
3073 5418 3380 5486 ἀναθὲματι
3437 5417 3646 5471 καθυπ-

2077 5509 2268 5564 έϐαλεν
2283 5511 2310 5562 ὁ
2327 5509 2467 5573 θεῖος
2487 5509 2831 5574 Ἀπόστολος,
2856 5510 2965 5580 ἐγὼ
2989 5512 3087 5582 μὲν
3110 5511 3259 5566 οὐδὲν
3291 5511 3492 5580 φαῦλον
3515 5511 3641 5579 ἐρῶ,

2081 5604 2239 5674 ὑμεῖς
2271 5602 2315 5655 δ’
2349 5596 2442 5655 οἷδ’
2475 5604 2558 5657 ὅτι
2595 5601 2827 5672 συνίετε,
2865 5603 2966 5658 κᾶν
2999 5603 3162 5668 αὐτὸς
3196 5602 3491 5673 φείδωμαι.
3527 5603 3644 5654 Ὅτι

2078 5697 2136 5751 δέ
2175 5694 2396 5750 κανόσιν
2420 5695 2784 5763 ἐναντιοῦσθε,
2810 5695 3119 5768 ἀδιαφόρως
3147 5696 3273 5760 τοὺς
3305 5692 3643 5766 ὀνειρασθένο

1658 5811 1893 5868 νΑιιιΑῑ
1922 5811 2327 5868 LECTIONES.
2420 5800 2425 5806 ’

467 5898 763 5976 “nimium.
839 5911 864 5942 τ
902 5914 1375 5960 sacramentorum.
1453 5919 1480 5948 κ
1515 5921 1741 5960 sacram.
1821 5915 1847 5955 γ
1897 5922 2055 5976 usque
2091 5903 2244 5961 adeo.
2325 5914 2348 5944 ι
2383 5906 2651 5964 excitatio.
2731 5917 2757 5946 ι
2793 5904 2905 5960 sine
2954 5903 3161 5959 ritiasa.
3242 5902 3633 5974 hconfessiones

403 5969 668 6038 excipere.
