3822 6624
273 367 397 433 1013

1510 315 2215 413 ottncond'MANUM.

3354 350 3495 417 10M"

267 500 354 545 τας
379 479 482 532 τῶν
536 473 891 544 ἀγιασμάτων
935 472 1292 546 απείργοντες
1346 469 1443 540 (ὲῶ
1473 469 1581 540 γὰρ
1633 467 1813 535 λέγειν

1921 474 2127 533 autem,
2165 477 2250 525 sat
2281 468 2417 534 scio,
2455 468 2786 542 intelligitis,
2840 470 2973 527 licet
3007 485 3117 524 non
3163 471 3486 540 exprimam.

268 576 349 630 καὶ
391 571 484 641 τῆς
537 567 647 622 τῶν
700 567 860 620 θείων
920 565 1334 635 ἑκτυπωμάτων
1391 559 1813 634 προσψαύσεως)

265 665 428 722 αὐτῶν
469 662 575 716 τῶν
608 661 765 733 ἱερῶν
805 660 1046 714 κανόνων
1095 656 1562 730 προστιθεμένων,
1607 658 1658 708 ot
1717 654 1816 726 μὲν

267 758 450 819 ειδότες
479 755 696 820 αὐτοὺς,
731 751 860 823 βοῦν
890 751 982 806 ἐπὶ
1024 751 1270 821 γλώττης
1301 750 1540 820 θέμενοι,
1570 746 1730 802 τοῦτο
1749 748 1814 817 δὴ

263 854 315 904 τὸ
339 847 718 920 παροιμιῶδες,
771 846 1028 915 σιγήσετε
1051 861 1067 877 ο
1110 847 1158 898 οἱ
1185 844 1230 898 δ’
1279 843 1604 913 ἀγνοοῦντες
1638 841 1812 912 μαθή-

264 940 426 996 σεσθε.
477 941 539 993 Οἱ
565 939 625 994 δὲ
660 937 900 1005 κανόνες,
935 939 1046 992 τῶν
1089 936 1501 1008 ἑγκεκριμένων
1532 934 1811 1006 Πατέρων,

263 1030 346 1082 καὶ
373 1026 466 1090 οὒς
499 1027 705 1080 σύνοδοι
728 1027 1128 1099 ἑπεκράτυναν,
1159 1027 1254 1081 καὶ
1291 1025 1530 1098 βασιλεῖς
1571 1025 1812 1089 εὐσεϐεῖς

259 1119 399 1183 τάξιν
422 1119 599 1188 νόμων
630 1118 848 1189 ἐπέχειν
877 1118 1198 1174 ὲθέσπισαν.
1224 1120 1298 1172 Ἤ
1331 1137 1389 1174 τε
1416 1120 1525 1190 γὰρ
1558 1121 1812 1188 οἰκουμεο

259 1213 371 1284 νικὴ
403 1211 535 1280 ἕκτη
567 1210 805 1275 σύνοδος,
839 1213 874 1284 ἡ
903 1213 960 1267 ὲν
984 1212 1062 1284 τῷ
1084 1213 1340 1284 Τρούλλῳ
1362 1213 1471 1267 τῶν
1499 1213 1813 1284 ἀνακτόρων

261 1303 700 1374 συγκροτηθεῖσα,
721 1304 926 1374 ἀπαρίθ
936 1322 1100 1375 μηνσιν
1116 1305 1224 1359 τῶν
1249 1308 1470 1378 κρατεῖν
1487 1305 1814 1375 ὀφειλόντων

258 1397 479 1452 κανόνων
510 1397 884 1466 ποιησαμένη,
918 1397 1014 1449 καὶ
1048 1396 1155 1450 τῶν
1195 1397 1391 1460 αὐτοὺς
1421 1396 1811 1450 έκτεθιικότων

258 1487 402 1542 θείων
427 1487 521 1541 καὶ
551 1486 714 1556 ίερῶν
744 1486 1026 1558 Πατέρων,
1061 1486 1199 1557 μετά
1225 1486 1332 1541 τῶν
1360 1487 1536 1541 ἄλλων
1566 1488 1660 1540 καὶ
1687 1487 1814 1549 τοὺς

257 1583 372 1652 περὶ
412 1581 510 1651 τῆς
537 1579 636 1633 νῦν
684 1579 1026 1652 ζητουμένης
1071 1579 1379 1644 ὑποθέσεως
1438 1579 1814 1650 ὲρωτηθέντας

256 1674 338 1726 nt
373 1671 845 1742 ἀποκριναμένους
871 1670 1206 1741 θεολήπτους
1233 1670 1433 1743 ἄνδρας
1471 1670 1809 1742 ἀπαριθμεϊο

255 1765 334 1817 τὸν
389 1761 562 1832 μέγαν
612 1762 814 1835 δηλαδὴ
867 1763 962 1818 καὶ
1003 1765 1072 1818 τά
1101 1763 1221 1818 θεῖα
1262 1762 1427 1834 σοφὸν
1473 1762 1809 1829 ’Δθανάσιον,

255 1856 337 1908 καὶ
363 1854 659 1919 Διονύσιον,
694 1857 789 1910 καὶ
825 1855 1108 1927 Τιμόθεον,
1159 1859 1258 1928 τῆς
1313 1859 1372 1910 ὲν
1431 1855 1810 1928 Ἀλεξανδρείᾳ

256 1947 753 2018 προστατεύσαντας
795 1950 1148 2022 Ἐκκλησίας.
1188 1953 1263 2005 Ἦ
1289 1969 1348 2006 τε
1372 1951 1433 2007 τὸ
1461 1951 1718 2024 δεύτερον
1753 1953 1810 2006 ἐν

258 2039 445 2111 Νικαίᾳ
472 2040 931 2112 συναθροισθεῖσα
968 2043 1186 2108 σύνοδος
1225 2046 1599 2117 οίκουμενικὴ,
1627 2047 1809 2101 ἀσπα-

257 2131 373 2196 σίως
399 2131 524 2195 τοὺς
559 2129 742 2198 θείους
794 2135 1026 2200 κανόνας
1074 2137 1512 2208 ὲνστερνίζεσθαι
1548 2137 1808 2209 λέγουσα,

255 2222 364 2285 τοὺς
394 2220 438 2274 θ’
471 2221 576 2277 ὑπὸ
604 2223 718 2278 τῶν
745 2225 907 2281 θείων
956 2227 1274 2298 σαλπίγγων
1323 2230 1418 2284 τοῦ
1458 2231 1614 2300 ἁγίου
1644 2231 1812 2284 Πνεύ-

258 2331 428 2382 ματος,
454 2314 562 2369 τῶν
609 2319 794 2386 σοφῶν
823 2320 1138 2375 ἀποστόλων
1170 2321 1614 2394 συντεθειμένους
1646 2325 1808 2396 φημὶ,

255 2406 477 2470 καὶτοὺς
511 2407 618 2460 ὑπὸ
647 2408 758 2464 τῶν
792 2408 852 2474 ἐξ
899 2409 1070 2479 ἁγίων
1116 2413 1214 2467 καλ⁸
1255 2413 1655 2483 οίκουμενικῶν
1685 2430 1812 2469 συν-

255 2496 392 2561 όδων,
425 2497 558 2567 πρὸς
588 2501 819 2566 ταύταις
854 2500 911 2554 δὲ
944 2503 1039 2558 καὶ
1069 2504 1309 2557 τοπικῶν
1331 2519 1342 2536 ’
1372 2505 1730 2576 προστιθεῖσα
1754 2505 1811 2559 δὲ

257 2590 340 2644 καὶ
365 2588 469 2644 τῶν
497 2591 672 2660 ἁγίων
703 2594 964 2664 Πατέρων
989 2595 1147 2667 ἡμῶν
1178 2596 1258 2666 (ἐξ
1289 2596 1405 2659 ἑνὸς
1431 2597 1540 2667 γὰρ
1570 2597 1811 2662 ἅπαντες

257 2681 442 2736 καὶτοῦ
467 2682 636 2737 αὐτοῦ
657 2684 969 2756 πνεύματος
987 2687 1606 2759 αὑγασθέντεςνῶρισαν
1626 2686 1810 2761 [φησὶ]

253 2774 312 2828 τά
363 2776 752 2848 συμφέροντα),
777 2778 996 2849 ἐπάγειο
1054 2781 1168 2835 Καὶ
1207 2778 1302 2845 οὓς
1356 2781 1456 2850 μὲν
1503 2781 1810 2851 ἀναθέματι

255 2867 693 2938 παραπέμπουσι,
729 2871 825 2924 καὶ
869 2873 1030 2943 ἡμεῖς
1075 2869 1554 2945 ἀναθεματίζομεν
1583 2889 1597 2904 °
1629 2872 1724 2938 οὓς
1755 2873 1812 2928 δὲ

255 2959 574 3031 καθαιρέσει,
609 2963 708 3018 καὶ
755 2965 920 3034 ἡμεῖς
976 2964 1385 3038 καθαιρούμενα
1447 2969 1542 3022 καὶ
1595 2965 1690 3032 οὓς
1733 2965 1814 3038 τῷ

254 3051 544 3123 ἀφορισμῷ,
574 3056 676 3110 καὶ
714 3057 874 3126 ἡμεῖς
906 3057 1241 3128 ἀφορίζομεν
1260 3075 1276 3090 ·
1306 3057 1400 3122 οὓς
1432 3059 1490 3113 δὲ
1516 3059 1814 3130 ἐπιτιμίοις

255 3145 616 3215 παραδιδόασι,
645 3147 739 3202 καὶ
770 3150 931 3218 ἡμεῖς
954 3149 1214 3214 ὡσαύτως
1238 3150 1635 3222 ὑποδάλλομεν.

315 3237 523 3295 Τούτων
554 3241 742 3296 τοίνυν
791 3241 902 3295 τῶν
932 3243 1039 3296 ὑπὸ
1069 3243 1178 3296 τῶν
1207 3243 1380 3312 άγίων
1413 3243 1647 3299 συνόδων
1676 3243 1814 3315 πρὸς

253 3325 352 3388 τοῖς
377 3325 576 3391 λοιποῖς
615 3328 984 3400 ὲγκριθέντων
1028 3331 1344 3403 θεολὴπτων
1386 3333 1617 3406 ἀνδρῶν,
1649 3334 1678 3386 ὁ
1713 3334 1813 3407 μὲν

257 3417 446 3484 κλεινὸς
481 3419 764 3487 Διονύσιος
795 3424 854 3477 έν
887 3425 952 3495 τῇ
995 3425 1136 3496 πρὸς
1185 3426 1504 3498 Βασιλείδην
1554 3428 1810 3501 ἐπιστολῇ

255 3512 398 3568 ταυτὶ
412 3512 785 3570 διατάττεται.
804 3518 867 3570 Ol
893 3519 952 3572 έν
974 3518 1325 3591 ἀπροαιρέτῳ
1352 3524 1642 3594 νυκτερινῇ
1659 3521 1815 3594 ῥύσει

255 3603 547 3676 γενόμενοι,
579 3607 663 3679 τῷ
696 3609 884 3680 οἰκείῳ
909 3610 1173 3666 συνειδότι
1201 3611 1810 3669 κατακολουθείτωσαψ
1859 3628 1869 3638 ‘

257 3697 340 3750 καὶ
362 3697 618 3764 ἑαυτοὺς,
642 3701 754 3756 εἴτε
796 3701 1187 3773 διακρίνονται,
1225 3703 1337 3757 είτε
1383 3703 1481 3777 μὴ,
1516 3706 1816 3760 σκοπείτω-

256 3804 362 3842 σαν.
402 3789 488 3856 ὀς
522 3794 552 3847 ὁ
593 3792 690 3848 ἐπὶ
723 3793 832 3847 τῶν
887 3793 1214 3866 βρωμάτων,
1277 3795 1338 3850 '0
1383 3797 1813 3868 διακρινόμενος,

254 3883 424 3950 φησὶν,
453 3884 547 3940 ἐὰν
587 3885 763 3958 φάγῃ,
808 3887 1232 3959 κατακέκριται.
1265 3889 1378 3945 Καὶ
1399 3889 1456 3944 έν
1487 3890 1699 3954 τούτοις
1727 3891 1814 3944 εὐ-

256 3975 550 4047 συνείδητος
588 3977 732 4032 έστω
775 3980 870 4034 καὶ
910 3980 1382 4052 ἀπαρρησίαστος,
1410 3981 1552 4037 κατά
1593 3981 1655 4035 τὸ
1685 3982 1817 4036 ῐδιον

255 4063 514 4137 ἐνθύμιον,
545 4070 659 4133 πᾶς
687 4072 716 4125 ό
742 4069 990 4141 προσιὼν
1020 4069 1098 4141 τῷ
1120 4071 1260 4144 Θεῷ.
1303 4071 1362 4126 Ὀ
1391 4071 1448 4126 δέ
1473 4089 1538 4141 γε
1560 4071 1818 4144 θεοφόρος

255 4157 500 4226 Τιμόθεος
554 4162 696 4234 πρὸς
743 4165 838 4217 τὸν
877 4162 1252 4236 ἐρωτήσαντα,
1308 4165 1358 4219 εί
1406 4165 1436 4219 ό
1481 4165 1817 4236 ὀνειρασθεὶς

254 4247 443 4315 ὀφείλει
469 4254 823 4324 κοινωνῆσαι,
853 4254 887 4326 ἡ
919 4255 1001 4319 οὒ,
1030 4255 1291 4328 τοιαύτην
1316 4255 1615 4326 ἀπόκρισιν
1656 4255 1818 4311 δέδωο

255 4355 360 4394 κεν·
399 4343 460 4396 Et
486 4344 586 4415 μὲν
613 4345 898 4400 ὑπόκειται
925 4347 1194 4419 ἐπιθυμίᾳ
1225 4348 1507 4418 γυναικὸς,
1538 4348 1640 4402 οὑκ
1671 4349 1818 4417 όφεί·

256 4435 354 4489 λει·
384 4439 431 4493 εί
474 4439 532 4495 δὲ
567 4441 598 4494 ὁ
627 4440 872 4505 Σατανᾶς
916 4440 1172 4512 πειράζει
1222 4441 1421 4507 αὑτὸν,
1459 4441 1551 4496 ῖνα
1599 4440 1691 4496 διὰ
1718 4440 1818 4505 τῆς

1918 559 2074 626 Quod
2138 568 2318 616 autem
2360 562 2666 618 canouibus
2707 562 3100 628 adversamini,
3135 576 3257 616 cum
3295 561 3492 632 imagi-

1917 661 2080 710 natos
2141 667 2171 706 a
2222 653 2754 714 sanctiﬁcationibus
2803 666 2826 695 ε
2861 651 3236 710 indifferenter
3285 654 3511 708 arcetis.

1919 747 2098 818 (mitto
2128 747 2273 803 enim
2321 757 2374 803 et
2425 748 2737 805 divinarum
2774 747 3074 820 etligierum
3123 749 3486 817 contactum).
3543 745 3546 748 ⁴

1918 837 2050 909 ipsis
2087 841 2262 898 sacris
2294 840 2601 896 canonibus
2641 839 2902 912 adjectis,
2935 841 3029 911 qui
3057 839 3282 911 quidem
3331 838 3489 896 scitis

1917 930 2090 1000 ipsos,
2133 933 2326 988 bovem
2361 933 2416 989 in
2446 933 2630 1005 lingua
2654 941 2942 1006 ponentes,
2978 943 3034 987 ιιι
3058 941 3142 989 est
3175 933 3230 987 in
3264 945 3487 1002 prover-

1914 1023 2028 1090 bio,
2065 1025 2354 1083 tacebitis:
2390 1027 2478 1097 qui
2504 1035 2686 1082 autem
2720 1025 3008 1097 ignoratis,
3033 1023 3278 1080 discetis.
3306 1022 3489 1078 Cano-

1914 1131 2014 1172 nes
2075 1127 2254 1174 autem
2309 1127 2438 1176 sunt
2492 1118 2875 1176 delectorumd
2934 1119 3181 1186 Patrum,
3238 1125 3292 1176 et
3349 1133 3488 1188 quos

1915 1210 2107 1280 synodi
2182 1211 2537 1278 roborarunt,
2620 1212 2807 1283 piique
2867 1213 3234 1283 imperatores
3303 1212 3484 1282 legum

1913 1302 2087 1358 vicem
2119 1303 2370 1360 obtinere
2399 1307 2776 1362 sanciverunt.
2811 1305 2977 1362 Sexta
2999 1320 3110 1361 non
3143 1304 3487 1362 oecumenica

1914 1395 2160 1466 synodus
2194 1395 2248 1451 in
2281 1395 2473 1453 Trullo
2501 1399 2692 1468 palatii
2740 1407 2954 1464 coacta,
3015 1397 3487 1454 enumerationem

1913 1485 2118 1542 faciens
2131 1502 2426 1554 canonum,
2443 1489 2536 1560 qui
2564 1491 2814 1547 obtinere
2846 1491 3068 1556 debent,
3098 1499 3152 1545 et
3167 1490 3480 1546 divinorum

1914 1595 2311 1652 sacrorumque
2371 1582 2620 1647 Patrum,
2691 1583 2786 1653 qui
2839 1598 2936 1639 eos
2991 1582 3302 1648 ediderunt,
3359 1598 3491 1640 cum

1913 1673 2035 1729 aliis
2059 1689 2155 1730 eos
2197 1675 2360 1730 etiam
2413 1675 2648 1731 Numine
2677 1675 2886 1732 amatos
2938 1676 3128 1732 Patres
3180 1686 3492 1742 enumerat,

1915 1764 2008 1835 qui
2052 1767 2119 1820 de
2147 1765 2404 1836 praesenti
2449 1767 2755 1836 quaestione
2813 1765 3154 1836 interrogati.
3183 1766 3483 1836 responde-

1917 1865 2066 1915 runt:
2102 1871 2360 1928 magnum
2405 1855 2681 1922 videlicet,
2720 1865 2776 1912 et
2824 1857 2880 1912 in
2935 1856 3140 1912 divinis
3184 1857 3492 1926 sapientem

1909 1949 2296 2013 Athanasium,
2362 1957 2416 2003 et
2478 1947 2826 2020 Dionysium,
2877 1956 2929 2004 et
2983 1947 3355 2012 Timotheum,
3393 1947 3490 2020 qui

1908 2039 2294 2102 Alexandrina:
2307 2038 2641 2110 praefuerunt
2665 2039 2945 2095 Ecclesiae.
2979 2037 3300 2095 Etsecunda
3314 2036 3461 2092 Nica:
3473 2067 3486 2076 ς

1912 2146 1981 2186 na
1994 2132 2236 2204 synodus
2255 2130 2546 2201 generalis,
2562 2130 3023 2187 Iibenterdivinos
3040 2129 3488 2186 canonesdicens

1910 2223 2338 2295 amplectendos,
2357 2239 2452 2279 eos
2467 2224 2559 2294 qui
2584 2238 2612 2277 a
2631 2223 2832 2280 divinis
2851 2223 3027 2278 sancti
3045 2221 3285 2293 Spiritus
3304 2223 3491 2278 bucci-

1912 2318 2018 2385 nis,
2049 2315 2412 2389 sapientibus,
2443 2317 2687 2387 inquam,
2717 2315 2981 2385 apostolis
3007 2315 3300 2387 compositi
3335 2324 3486 2379 sunt,

1912 2418 1966 2466 et
2000 2411 2094 2481 qui
2124 2425 2154 2464 a
2193 2410 2399 2466 sanctis
2425 2417 2477 2464 et
2510 2407 2868 2464 oecumenicis
2890 2407 3119 2481 synodis
3145 2419 3194 2472 ο,
3223 2415 3484 2478 praeterea

1915 2502 2082 2556 etiam
2111 2516 2143 2556 a
2174 2500 2612 2573 provincialibus
2639 2518 2651 2553 :
2681 2499 2886 2554 addens
2907 2505 3112 2567 autem,
3141 2505 3195 2553 et
3223 2513 3253 2553 a
3279 2498 3488 2554 sanctis

1913 2595 2168 2652 Patribus
2225 2595 2432 2650 nostris
2476 2596 2560 2666 (ex
2615 2608 2721 2650 uno
2755 2594 2901 2649 enim
2953 2606 3146 2646 omnes
3195 2590 3486 2645 illuminati

1915 2685 2146 2757 Spiritu,
2184 2687 2542 2753 deﬁnierunt,
2585 2686 2790 2758 inqttit,
2814 2686 3232 2755 conducibilia),
3260 2685 3443 2746 subdit
3472 2703 3486 2741 :

1915 2777 1984 2832 Et
2062 2793 2205 2850 quos
2261 2779 2600 2834 anathemati
2655 2779 2876 2850 quidem
2935 2779 3335 2842 transmittunt,
3391 2793 3492 2833 nos

1913 2887 2137 2942 quoque
2170 2871 2741 2929 anathematizamus:
2771 2887 2908 2944 quos
2960 2885 3091 2927 vero
3138 2869 3486 2937 depositioni,

1915 2981 2018 3022 nos
2049 2979 2270 3036 quoque
2301 2965 2628 3036 deponimus
2655 2982 2668 3018 :
2704 2979 2845 3035 quos
2875 2973 3056 3019 autem
3097 2962 3488 3033 segregationi,

1915 3072 2017 3114 nos
2038 3057 2225 3114 itidem
2251 3073 2604 3130 segregamus
2630 3075 2642 3112 :
2668 3073 2810 3129 quos
2832 3067 3013 3111 autem
3047 3069 3224 3127 poena:
3246 3056 3490 3118 tradunt,

1834 3158 1884 3223 α
1915 3165 2016 3207 nos
2053 3166 2272 3222 quoque
2303 3150 2556 3208 similiter
2579 3151 2928 3222 subjicimus.

1983 3244 2118 3299 Cum
2142 3244 2308 3316 igitur
2334 3244 2388 3299 bi
2418 3245 2642 3300 numine
2674 3243 2838 3300 adlati
2867 3243 2966 3298 viri
2999 3255 3029 3297 a
3062 3241 3271 3298 sanctis
3319 3254 3490 3312 syno-

1913 3335 2000 3392 dis
2053 3337 2219 3393 simul
2267 3350 2394 3392 cum
2439 3336 2670 3407 reliquis
2731 3335 3021 3406 approbati
3070 3334 3206 3398 sint,
3257 3332 3494 3390 celebris

1913 3426 2132 3498 quidem
2157 3427 2454 3500 Dionysius
2487 3429 2545 3485 in
2581 3444 2676 3484 sua
2705 3427 2773 3491 ad
2799 3426 3091 3484 Basilidem
3115 3425 3349 3497 epistola
3375 3425 3492 3480 haec

1915 3521 2232 3578 constituit.
2263 3523 2369 3588 Qui
2403 3522 2455 3578 iu
2512 3537 2620 3578 non
2657 3521 2970 3578 voluntario
3026 3527 3302 3576 nocturno
3337 3517 3486 3573 ﬂuxu

1917 3613 2090 3680 fuere,
2107 3616 2380 3686 propriam
2401 3613 3217 3686 subsequanturconscientiam
3256 3630 3269 3666 :
3301 3619 3357 3668 et
3389 3609 3496 3667 sei-

1916 3722 2046 3777 psos
2063 3708 2180 3764 sive
2207 3708 2524 3764 discernant
2555 3707 2604 3773 τ,
2637 3709 2751 3765 sive
2780 3723 2912 3774 non,
2952 3703 3383 3763 intueantur.Ut
3413 3705 3483 3768 is,

1916 3799 2010 3867 qui
2037 3798 2106 3856 de
2127 3801 2288 3868 cibis,
2305 3801 2633 3858 Discernens
2649 3804 2673 3842 ε
2695 3800 2918 3873 (inquit)
2941 3801 2986 3857 si
3019 3799 3340 3863 comederit,
3362 3812 3494 3852 con-

1920 3890 2210 3948 demnatus
2231 3899 2337 3946 est.
2362 3892 2430 3947 Et
2459 3892 2513 3947 in
2537 3891 2624 3948 his
2652 3892 2795 3947 bona
2833 3889 3100 3961 praeditus
3120 3889 3492 3956 conscientia,

1923 3998 2023 4040 nec
2084 3984 2426 4040 obtrectator
2491 3982 2546 4037 in
2636 3984 2857 4054 propria
2917 3981 3255 4050 cogitatione
3351 3989 3492 4047 esto,

1922 4076 2102 4134 omnis
2133 4076 2227 4147 qui
2270 4074 2442 4132 Deum
2508 4076 2740 4132 accedit.
2793 4073 2988 4129 Divino
3036 4083 3218 4128 autem
3271 4072 3496 4128 numine

1921 4169 2225 4239 inspiratus
2249 4168 2573 4224 Timotheus
2598 4165 2664 4221 ad
2707 4181 2856 4232 eum,
2897 4165 2992 4236 qui
3047 4165 3362 4234 qumsierat,
3424 4177 3494 4218 an

1918 4261 2014 4331 qui
2085 4259 2396 4315 libidinosis
2479 4257 2800 4316 stimulatus
2826 4265 2911 4312 est
2977 4255 3209 4311 somniis
3267 4254 3494 4311 deberet

1920 4351 2354 4417 communicare,
2414 4363 2608 4414 necne,
2670 4349 2779 4405 tale
2826 4361 3152 4417 responsum
3205 4345 3393 4408 dedit:
3437 4343 3493 4400 Si

1920 4441 2140 4513 quidem
2167 4441 2412 4497 mulieris
2431 4439 2708 4496 desiderio
2729 4438 3014 4509 subjectus
3036 4447 3142 4500 est,
3171 4451 3280 4492 non
3308 4437 3494 4492 debet.

256 4531 576 4598 προφάσεως
609 4529 813 4602 ταύτης
854 4531 1213 4602 ἀλλοτριῶται
1257 4531 1368 4586 τῶν
1403 4531 1564 4586 θείων
1605 4548 1813 4601 μυστη-

1924 4536 2078 4603 Quod
2107 4535 2154 4592 si
2182 4533 2414 4590 Satanas
2443 4546 2569 4590 eum
2633 4540 2832 4596 tentat,
2879 4547 2946 4586 ne
3001 4531 3104 4585 hac
3147 4530 3441 4588 occasione
3468 4543 3498 4582 a

259 4620 400 4690 ρῖων,
433 4623 638 4693 ὀφείλει
673 4625 1025 4694 κοινωνῆσαι,
1077 4625 1199 4678 ἐπεὶ
1243 4624 1304 4678 ού
1336 4623 1602 4678 παύσεται
1630 4624 1658 4676 ό
1685 4625 1822 4691 ἐπη-

259 4713 476 4780 ρεάζων.
506 4715 629 4772 κατ’
660 4717 864 4771 ἐκεῖνον
890 4717 981 4770 τὸν
1005 4716 1318 4788 καιρὸν,ὅτε
1331 4715 1537 4786 ὀφείλει
1558 4715 1820 4785 κοινωνῆ-

260 4819 358 4870 cat,
389 4806 764 4880 ἐπιτιθέμενος
795 4808 962 4877 αὐτῷ.

340 4897 395 4952 Ὀ
428 4899 484 4954 δὲ
521 4900 696 4971 μέγας
728 4903 822 4955 καὶ
877 4901 1020 4974 ἱερὸς
1067 4901 1383 4966 Ἀθανάσιος
1438 4904 1575 4971 πρὸς
1616 4895 1818 4968 Ἀμοῦν

261 4989 579 5048 ἐπιστέλλων
603 5011 668 5048 πε
679 4995 730 5066 ρ).
757 4994 945 5049 τούτου
974 4994 1296 5066 μονάζοντα,
1324 4993 1644 5063 πολύστιχον
1669 4989 1822 5044 ἔθετο

262 5079 353 5151 τὴν
389 5084 679 5158 ἐπιστολήν
709 5103 724 5119 ο
778 5082 847 5160 ἧς
893 5089 1055 5158 ἡμεῖς
1113 5086 1222 5141 τῶν
1267 5084 1642 5156 καιριωτέρων
1686 5083 1824 5153 πρὸς

265 5173 354 5244 τὴν
387 5177 642 5234 ὑπόθεσιν
679 5178 775 5235 νῦν
807 5179 1156 5251 μνησθέντες,
1185 5181 1511 5250 παρὴσομεν
1548 5176 1617 5230 τὰ
1636 5173 1821 5228 λοιπά.

263 5263 391 5338 Φησὶ
432 5271 476 5325 δ’
529 5271 708 5329 οὕτω.
745 5273 928 5328 Πάντα
969 5274 1070 5344 μὲν
1117 5272 1334 5344 καθαρὰ
1381 5275 1492 5336 τοῖς
1541 5268 1826 5340 καθαροῖς.

266 5359 368 5414 τῶν
413 5363 468 5418 δὲ
524 5365 850 5437 ἀκαθάρτων
896 5367 1055 5438 καὶὴ
1092 5366 1396 5435 συνείδησις
1443 5364 1586 5421 κατά
1645 5364 1826 5419 πάντα

270 5453 606 5522 μεμόλυνται.
657 5458 902 5528 Ἀγαμαι
939 5459 996 5512 δὲ
1031 5457 1124 5512 τοῦ
1177 5457 1420 5512 διαϐόλου
1467 5458 1528 5510 τὸ
1565 5459 1829 5526 σόφισμα,

266 5542 445 5620 ὅτιπερ
502 5549 678 5621 φθορά
712 5551 807 5606 καί⁹
855 5550 999 5622 λύμη
1043 5551 1323 5623 ὑπάρχων,
1370 5553 1663 5624 λογισμοὺς
1695 5554 1826 5606 ὑπο·-

1928 4629 2128 4686 divinis
2150 4629 2419 4685 alienetur
2443 4628 2827 4692 sacramentis,
2863 4625 3024 4682 debet
3051 4623 3497 4680 communicare:

1927 4712 2185 4793 quoniam
2215 4719 2582 4776 calumniator
2608 4734 2719 4774 non
2749 4718 2962 4784 desinet
3008 4715 3085 4772 illi
3113 4725 3332 4772 struere
3366 4713 3500 4770 insi-

1927 4818 2070 4882 dias,
2097 4830 2206 4884 quo
2231 4821 2473 4884 tempore
2495 4810 3004 4868 communicandum
3031 4808 3078 4864 ei
3111 4815 3214 4866 est.

1997 4909 2224 4980 Magnus
2252 4918 2433 4962 autem
2465 4916 2520 4961 et
2577 4918 2733 4960 sacer
2794 4901 3129 4957 Athanasius
3184 4900 3252 4954 ad
3304 4901 3499 4954 Amum

1921 5000 2250 5058 monachum
2281 4997 2349 5054 de
2375 4997 2476 5053 hoc
2497 4996 2768 5059 scribens,
2799 4996 3013 5064 longam
3050 4992 3498 5064 fecitepistolam,

1922 5093 2080 5163 cujus
2111 5105 2211 5146 nos
2245 5097 2737 5146 commemorantes
2763 5103 2846 5152 ea,
2881 5101 3003 5157 quae
3030 5086 3095 5139 ad
3148 5100 3264 5138 rem
3332 5085 3503 5152 perti-

1927 5195 2085 5253 nent,
2149 5185 2357 5254 reliqua
2428 5181 2932 5253 praetermittemus.
2995 5179 3087 5235 Sic
3141 5185 3322 5231 autem
3379 5175 3499 5230 ait:

1929 5279 2125 5336 Omnia
2195 5277 2414 5348 quidem
2489 5273 2694 5330 munda
2763 5272 3015 5328 mundis:
3092 5269 3500 5324 immundorum

1931 5381 2114 5428 autem
2145 5381 2198 5427 et
2219 5368 2558 5425 conscientia
2588 5382 2684 5438 per
2710 5367 2888 5422 omnia
2933 5363 3139 5434 polluta
3181 5368 3288 5422 est.
3336 5357 3503 5414 Miror

1938 5473 2119 5520 autem
2157 5465 2516 5533 imposturam
2549 5458 2778 5524 diaboli,
2809 5458 2936 5528 quia
2961 5471 3084 5512 cum
3129 5451 3407 5524 corruptio
3431 5451 3504 5505 sit

1937 5565 1990 5612 et
2015 5555 2307 5628 pernicies,
2340 5552 2702 5626 cogitationes
2744 5559 2925 5605 tamen
2971 5545 3237 5619 suggerit,
3276 5553 3331 5599 ut
3355 5542 3503 5598 vide-

1555 5709 1787 5764 VARI/E
1820 5710 2226 5768 LECTIONES.

335 5825 358 5854 °
411 5821 773 5877 sacramentis.
869 5822 894 5863 ἀ
933 5833 1272 5887 recepturum.

1352 5837 1374 5865 ο
1409 5836 1455 5879 ιι
1490 5826 1874 5885 universalibus
1906 5844 1996 5884 sea:
2016 5845 2132 5898 syn.
2217 5825 2234 5865 ί
2270 5841 2338 5880 an
2373 5823 2667 5895 ambigunt,
2701 5834 2878 5877 necne.

2985 5819 3010 5860 ῑ
3037 5815 3340 5886 Ambigua.
