3948 6562
392 345 530 412 1015

2009 193 2128 234 './

1943 241 2042 268 δί’

1689 351 1826 412 JUS
1863 325 2304 413 CA’NONICUM

3493 355 3620 421 1016

388 469 498 522 tur,
552 455 860 512 munditiei.
928 456 984 512 id
1050 473 1180 514 vero
1217 460 1363 529 quod
1415 442 1751 527 iit,‘insidia:
1786 464 1960 533 magis

2065 463 2273 530 ϐάλλει,
2319 461 2398 533 τῷ
2443 461 2639 528 δοκεῖν,
2692 462 3084 534 καθαρότητος.
3123 462 3280 516 Ἔστι
3317 463 3374 516 δὲ
3416 465 3476 516 τὸ
3505 469 3637 534 γινό-

387 556 536 615 sunt,
573 566 736 620 quam
771 553 1131 610 examinatio.
1169 553 1238 610 Ut
1274 555 1420 609 enim
1481 554 1718 611 athletas
1772 565 1966 612 avocet

389 657 711 704 aconsueta
765 658 820 705 et
864 651 1093 706 salutari
1157 651 1578 718 exercitatione,
1635 662 1690 706 ct
1746 654 1967 710 vincere

388 741 658 807 videatur,
691 745 900 814 pariter
959 747 1084 800 talia
1129 747 1376 816 quadam
1403 748 1604 802 excitat
1655 749 1961 821 bombycia.

388 831 530 898 Quid
572 834 744 902 enim,
781 836 891 902 dic,
919 837 1115 903 amice,
1149 838 1357 906 peccati
1383 839 1564 904 habet,
1603 851 1694 894 aut
1719 840 1958 895 immun-

388 923 563 992 ditiei,
624 928 898 984 naturalis
958 928 1142 999 aliqua
1199 930 1482 986 cxcretio?
1538 931 1767 1002 perinde
1819 948 1884 988 ac
1916 935 1963 988 si

387 1018 513 1087 quis
568 1020 730 1076 vellet
785 1021 837 1075 in
895 1020 1104 1076 crimen
1164 1023 1302 1078 verti
1363 1035 1584 1078 mucum
1651 1039 1748 1095 per
1803 1040 1966 1081 nares

386 1111 672 1176 emissum,
741 1121 796 1167 et
855 1113 969 1169 oris
1029 1122 1272 1183 sputum,
1305 1117 1409 1172 hoc
1438 1117 1709 1186 amplius,
1760 1119 1966 1174 ventris

388 1211 763 1259 excrementa.
795 1204 949 1271 Quod
993 1207 1037 1262 si
1091 1207 1183 1262 Dei
1228 1223 1488 1262 manuum
1519 1225 1660 1280 opus
1696 1225 1818 1266 esse
1848 1226 1968 1265 cre-

385 1293 568 1350 dimus
599 1294 895 1360 hominem,
921 1297 1070 1367 juxta
1095 1298 1308 1354 divinas
1337 1300 1967 1370 Scripturas,quomodo

388 1387 569 1454 potuit
597 1401 626 1441 a
663 1387 869 1442 munda
899 1389 1144 1458 potentia
1173 1405 1311 1460 opus
1339 1391 1564 1461 aliquod
1616 1391 1962 1462 inquinatum

386 1476 500 1532 fieri
523 1477 548 1530 ?
573 1477 638 1532 Et
674 1479 718 1535 si
757 1481 846 1535 Dei
878 1483 1166 1552 progenies
1199 1498 1413 1546 sumus,
1439 1482 1744 1538 secundum
1778 1483 1963 1538 divina

384 1570 758 1640 apostolorum
812 1573 970 1638 Acta,
1027 1574 1165 1628 nihil
1219 1574 1484 1630 habemus
1533 1575 1587 1628 in
1617 1573 1778 1630 nobis
1827 1575 1964 1645 ipsis

386 1661 751 1718 immundum.
780 1661 934 1719 Tunc
965 1664 1110 1719 enim
1165 1667 1342 1721 solum
1373 1666 1692 1735 polluimur,
1741 1667 1964 1735 quando

2071 573 2230 622 μενον
2282 555 2476 624 ἐνέδρα
2533 555 2734 626 μᾶλλον
2797 556 2831 628 ἢ
2873 555 3186 626 δοκιμασία.
3237 556 3358 609 Ἵνα
3403 557 3509 628 γὰρ
3554 560 3638 612 ἀπ.

2067 647 2342 719 ασχολήσῃ
2375 647 2500 710 τοὺς
2533 646 2776 717 ἀσκητὰς
2812 649 2907 717 τῆς
2941 647 3133 717 ὲθίμου
3153 647 3248 700 καὶ
3273 648 3638 718 σωτηριώδους

2070 740 2322 811 μελέτης,
2358 740 2456 794 καὶ
2514 740 2640 814 δόξῃ
2696 742 2942 810 κρατεῖν,
3008 739 3151 794 κατά
3203 738 3365 793 τοῦτο
3424 741 3637 797 τοιαῦτά

2057 841 2188 888 τινα
2242 836 2386 888 κινεῖ
2434 832 2729 905 βομσύκια.
2773 833 2839 886 Τί
2867 833 2976 904 γάρ
3029 832 3172 905 (είπέ
3227 850 3344 903 μοι,
3377 833 3638 904 ἀγαπητὲ)

2066 924 2182 995 ἔχει
2219 927 2526 1000 ἁμάρτημα
2560 927 2592 998 ή
2624 925 2934 997 ἀκάθαρτον
2966 926 3170 998 φυσική
3219 943 3304 990 τις
3355 925 3636 1004 ἔκκρισις;

2076 1022 2166 1086 Ὧς
2194 1022 2248 1075 ef
2298 1039 2382 1087 τις
2431 1024 2605 1077 ἐθέλει
2661 1025 2934 1078 ποιεῖσθαι
2983 1021 3234 1094 ἔγκλημα
3295 1023 3391 1077 καὶ
3436 1023 3533 1087 τὰς
3562 1025 3638 1078 διὰ

2069 1114 2232 1185 ῥινῶν
2267 1115 2697 1186 ἐπιπεμπομένας
2746 1115 2942 1186 μύξας,
3001 1114 3096 1168 καὶ
3132 1114 3202 1168 τά
3241 1115 3330 1168 διὰ
3381 1116 3638 1185 στόματος

2069 1204 2384 1276 πτύσματα,
2437 1207 2517 1260 ἔτι
2564 1208 2621 1261 δὲ
2674 1207 2770 1261 καὶ
2813 1206 2914 1270 τάς
2949 1207 3038 1260 όιά
3070 1205 3309 1277 γαστρὸς
3349 1207 3634 1278 ἐκκρίσεις.

2068 1297 2130 1349 Εἰ
2167 1297 2222 1350 δὲ
2248 1297 2474 1352 καὶτῶν
2498 1298 2591 1352 τοῦ
2622 1297 2759 1352 Θεοῦ
2795 1299 2995 1370 χειρῶν
3025 1297 3187 1369 ἔργον
3215 1292 3357 1351 εἶναι
3395 1298 3637 1351 πιστεύο-

2069 1401 2169 1454 μεν
2215 1385 2307 1438 τὸν
2359 1385 2665 1460 ἄνθρωπον,
2717 1389 2860 1441 κατὰ
2911 1387 3009 1449 τὰς
3057 1387 3209 1451 θείας
3238 1386 3490 1457 Γραφάς,
3535 1389 3638 1451 πῶς

2065 1475 2296 1546 ἠδύνατο
2341 1476 2404 1530 ὲκ
2462 1477 2712 1548 καθαρᾶς
2759 1478 3043 1547 δυνάμεως
3091 1476 3252 1545 ἔργον
3305 1494 3362 1530 τι
3398 1476 3636 1545 γενέσθαι

2069 1568 2524 1640 μεμολυσμένον;
2562 1569 2674 1622 Καὶ
2719 1571 2768 1624 εί
2817 1569 2976 1639 γένος
3001 1567 3096 1622 τοῦ
3131 1569 3265 1623 Θεοῦ
3305 1570 3636 1642 ύπάρχομεν,

2066 1661 2210 1715 κατά
2261 1661 2361 1726 τὰς
2425 1659 2577 1726 θείας
2629 1661 2736 1716 τῶν
2795 1662 3114 1716 ἀποστόλων
3181 1661 3443 1735 Πράξεις,
3500 1663 3680 1717 οὐδὲν·

389 1752 778 1824 impiissimum
865 1757 1259 1812 committimus
1346 1767 1651 1827 peccatum.
1729 1755 1958 1823 Quando

2065 1753 2260 1824 ἔχομεν
2316 1755 2374 1808 ἐν
2434 1753 2648 1817 ἑαυτοῖς
2698 1753 3030 1824 ἀκάθαρτον.
3101 1751 3234 1806 Τότε
3305 1754 3420 1824 γὰρ
3491 1753 3637 1824 μόνον

386 1855 570 1901 autem
631 1848 903 1903 naturalis
977 1848 1163 1919 aliqua
1237 1859 1434 1919 praeter
1511 1851 1848 1906 voluntatem
1903 1851 1960 1904 fit

384 1937 649 2002 cxcretio,
684 1945 816 1992 tunc
861 1947 1069 1994 natura:
1102 1943 1431 1996 necessitate
1455 1957 1579 1996 cum
1634 1943 1759 1998 aliis
1811 1950 1868 1997 et
1905 1941 1960 1996 id

385 2028 645 2098 patimur.
674 2029 736 2084 Et
761 2039 885 2099 post
912 2030 1056 2085 alia:
1089 2030 1297 2085 Dixerit
1323 2040 1502 2086 autem
1543 2034 1668 2102 quis
1703 2033 1960 2102 probabi-

387 2121 550 2176 liter:
588 2119 866 2178 Naturalis
888 2123 996 2177 ulla
1031 2125 1274 2178 excretio
1304 2140 1411 2179 non
1462 2125 1648 2180 subdit
1695 2141 1796 2181 nos
1827 2142 1959 2196 sup-

385 2213 570 2281 plicio.
600 2214 665 2269 Et
692 2213 926 2272 fortasse
959 2216 1297 2271 medicorum
1343 2217 1437 2271 filii
1467 2233 1564 2287 pro
1599 2217 1684 2274 his
1733 2235 1957 2273 causam

384 2304 593 2370 dicent,
625 2305 772 2376 quod
806 2306 1030 2361 animali
1057 2307 1197 2362 datm.
1218 2308 1324 2364 sint
1353 2311 1677 2366 necessariae
1707 2311 1956 2381 quadam

383 2397 506 2463 Vite,
571 2412 670 2468 per
733 2413 869 2468 quas
921 2399 1318 2466 membrorum,
1360 2417 1480 2472 qua:
1534 2402 1587 2456 in
1631 2417 1959 2474 unoquoque

385 2501 635 2548 nostrum
675 2491 1020 2556 coalescunt,
1057 2492 1332 2561 superflua
1368 2495 1680 2560 mittantur,
1722 2504 1781 2550 ut
1811 2496 1963 2564 capi-

386 2579 456 2634 tis
491 2590 861 2644 excrementa,
893 2580 1013 2650 pili,
1066 2589 1119 2636 et
1163 2597 1285 2651 quae
1341 2597 1375 2638 ο
1437 2586 1616 2654 capite
1664 2586 1960 2640 mittuntur

385 2685 617 2740 aquosa,
667 2679 722 2726 et
772 2671 880 2728 alvi
939 2673 1312 2743 deiectiones:
1353 2675 1523 2746 igitur
1575 2687 1630 2732 et
1687 2688 1961 2732 meatuum

392 2760 746 2816 seminalium
779 2761 868 2816 illa
897 2761 1269 2832 superﬂuitas.
1298 2763 1456 2830 Quod
1493 2781 1624 2836 ergo
1656 2773 1741 2822 est
1767 2767 1964 2821 adver-

382 2867 480 2906 sus
535 2848 703 2906 Deum
765 2861 1075 2922 peccatum,
1127 2868 1252 2908 cum
1279 2853 1542 2909 Dominus
1592 2855 1709 2924 ipse
1753 2855 1955 2910 animal

385 2942 630 3007 ﬁttxerit,
695 2941 998 3015 feceritque
1055 2944 1170 3002 haec
1235 2946 1482 3012 membra
1543 2947 1681 3004 tales
1751 2946 1955 3004 habere

381 3033 689 3094 decursus?

454 3219 562 3275 Sed
601 3219 719 3276 haec
775 3220 1163 3293 praedictorum
1220 3221 1442 3278 Patrum
1492 3230 1623 3278 sunt
1675 3223 1946 3279 instituta.
1981 3227 2027 3290 ο

382 3311 527 3381 Quid
577 3320 758 3368 autem
811 3329 938 3380 vos,
1019 3329 1248 3370 summa
1305 3315 1560 3385 puritatis
1619 3317 1799 3371 exacti
1870 3319 1952 3386 (ut

381 3403 749 3477 arbitramini)
813 3407 1111 3473 custodes,
1168 3407 1262 3477 qui
1325 3407 1492 3462 etiam
1561 3408 1953 3478 imaginatione

382 3499 674 3554 libidinosa
701 3505 980 3553 carentem
1007 3498 1210 3553 [luxum
1256 3499 1486 3568 punitis,
1539 3506 1594 3553 et
1650 3499 1950 3553 naturalem

381 3591 678 3662 spermatis
704 3590 1100 3651 excretionem,
1155 3589 1528 3657 impuritatem
1585 3589 1955 3647 existimatis?

380 3697 589 3754 eosque
615 3681 709 3752 qui
764 3681 816 3735 id
843 3682 1146 3752 patiuntur,
1189 3682 1344 3737 nullo
1391 3684 1560 3738 animi
1613 3683 1952 3754 praecedente

380 3783 554 3840 motu,
591 3789 617 3827 a
649 3773 1180 3830 sanctificationibus
1231 3776 1492 3845 repellitis
1526 3775 1701 3831 Il“‘Iet
1734 3777 1948 3832 interim

383 3884 492 3924 non
537 3866 868 3924 erubescitis
905 3882 1105 3938 magno
1160 3866 1462 3924 Athanasio
1515 3871 1792 3925 contraria
1840 3879 1954 3926 sta-

381 3969 597 4018 tuentes
673 3961 752 4032 (in
817 3961 1072 4031 praesenti
1130 3961 1276 4016 enim
1336 3970 1564 4018 caeteros
1630 3965 1945 4032 praetereo),

381 4057 582 4126 iisque,
613 4071 736 4126 qua:
767 4055 858 4110 ille
884 4052 1134 4126 scripsit,
1156 4055 1433 4110 contraria
1462 4055 1760 4112 facientes?
1781 4057 1952 4126 Cujus

385 4160 666 4202 sermones
721 4155 777 4202 et
829 4147 1010 4214 magni
1061 4145 1276 4210 Patres,
1306 4145 1514 4215 quique
1563 4145 1629 4200 ad
1675 4161 1952 4202 summum

1989 1815 2037 1874 B

2067 1843 2476 1916 μεμολύσμεθα,
2520 1845 2610 1898 ὅτε
2659 1843 2759 1916 τὴν
2807 1843 3179 1917 ἀσεὸεστάτην
3223 1844 3508 1916 ἁμαρτίαν
3553 1845 3636 1916 ἑρ-

2062 1937 2364 2007 γαζόμεθα.
2395 1937 2569 1991 Ὅταν
2595 1936 2651 1989 δὲ
2691 1937 2892 2008 φυσική
2935 1953 3018 2000 τις
3051 1937 3365 2008 ἀϐουλήτως
3399 1935 3636 2006 ἔκκρισις

2072 2031 2304 2099 γίνεται,
2331 2029 2452 2082 τότε
2476 2031 2542 2101 τῇ
2567 2029 2663 2098 τῆς
2688 2027 2903 2098 φύσεως
2925 2030 3141 2100 ἀνάγκῃ
3174 2029 3311 2100 μετά
3335 2029 3447 2082 τῶν
3474 2029 3636 2083 ἀλλων

2064 2120 2345 2174 καὶτοῦτο
2383 2120 2746 2190 ὑπομένομεν.
2784 2121 2896 2173 Καὶ
2950 2121 3089 2191 μετά
3135 2136 3278 2173 τινα’
3305 2119 3446 2190 Φαίη
3493 2119 3538 2172 δ’
3580 2121 3637 2174 ἀν

2063 2231 2143 2276 τις
2173 2213 2431 2281 εὐλόγως.
2463 2213 2672 2282 Φυσική
2705 2229 2788 2275 τις
2815 2211 3067 2282 ἔκκρισις
3096 2213 3242 2282 ἡμᾶς
3263 2211 3324 2264 ού
3351 2212 3638 2282 παρίστησι

2058 2305 2198 2376 πρὸς
2227 2304 2520 2376 τιμωρίαν.
2554 2303 2709 2374 Τάχα
2747 2303 2804 2357 δὲ
2854 2304 2946 2356 καὶ
3005 2302 3204 2373 ίατρῶν
3266 2303 3457 2365 παῖδες
3509 2303 3637 2372 ὑπὲρ

2056 2397 2262 2450 τούτων
2309 2396 2771 2465 ἀπολογήσονται,
2807 2396 2890 2449 ὅτι
2932 2394 3012 2466 τῷ
3051 2393 3174 2466 ζώῳ
3217 2393 3458 2447 δέδονται
3502 2410 3635 2458 τινες

2059 2491 2359 2556 ἀναγκαῖαι
2389 2487 2634 2554 διέξοδοι,
2657 2488 2794 2558 πρὸς
2816 2488 2876 2541 τδ
2905 2486 3163 2558 περιττὸν
3192 2487 3302 2540 τῶν
3341 2489 3399 2539 ὲν
3432 2486 3635 2555 ἑκάστῳ

2059 2579 2168 2632 τῶν
2203 2581 2261 2632 ὲν
2292 2582 2426 2650 ἡμῖν
2466 2580 2820 2652 τρεφομένων
2857 2579 3034 2650 μελῶν
3065 2580 3424 2650 ἀποπέμπειν
3457 2596 3472 2609 ·
3513 2571 3632 2641 οἷον,

2062 2670 2305 2739 κεφαλῆς
2345 2669 2761 2740 περιττώματα.
2795 2671 3002 2740 τρίχες,
3039 2672 3133 2725 καὶ
3164 2674 3232 2725 τά
3261 2671 3372 2724 ἀπὸ
3404 2671 3635 2740 κεφαλῆς

2063 2761 2308 2834 ύδατὼδη
2370 2763 2720 2835 πεμπόμενα,
2780 2766 2876 2820 καὶ⁷
2933 2765 3170 2834 γαστρὸς
3220 2765 3632 2835 διαχωρήματα.

2061 2855 2169 2908 Καὶ
2203 2855 2385 2908 τοίνυν
2427 2855 2536 2910 τῶν
2586 2857 2980 2928 σπερματικῶν
3011 2857 3196 2926 πόρων
3248 2856 3428 2908 ἐκεῖνο
3483 2853 3634 2923 περί-

2063 2961 2282 3016 πτωμα.
2316 2947 2456 3000 Ποία
2484 2947 2662 3001 τοίνυν
2687 2947 2806 3000 ἐστὶ
2835 2947 2971 3019 πρὸς
3005 2945 3140 3002 Θεὸν
3166 2946 3435 3018 ἁμαρτία,
3477 2945 3632 3000 αὑτοῦ

2061 3037 2156 3092 τοῦ
2185 3037 2491 3102 πλάσαντος
2521 3039 2582 3093 τὸ
2624 3039 2763 3104 ζῶον
2787 3039 3081 3106 Δεσπότου,
3121 3040 3445 3108 ποιήσαντος
3467 3037 3630 3091 ταῦτα

2057 3133 2125 3187 τὰ
2155 3132 2288 3202 μέλη
2315 3133 2574 3198 τοιαύτας
2604 3135 2746 3205 ἔχειν
2767 3135 3032 3211 διεξόδους
3059 3151 3074 3199 ;

2143 3224 2304 3280 ’Λλλά
2364 3226 2540 3279 ταῦτα
2597 3225 2698 3295 μὲν
2759 3227 2825 3280 τά
2885 3226 2990 3280 τῶν
3047 3225 3322 3299 ῥηθέντων
3383 3225 3632 3297 Πατέρων

2059 3317 2541 3388 θεσμοθετήματα.
2595 3316 2662 3370 Τί
2714 3315 2759 3370 δ’
2818 3317 2996 3387 ὑμεῖς,
3054 3319 3102 3369 οί
3154 3315 3256 3385 τῆς
3305 3316 3632 3387 ἀκραιφνοῦς

2061 3408 2432 3479 καθαρότητος
2491 3407 2744 3477 ἀκριϐεῖς
2804 3408 2900 3478 (ὡς
2934 3407 3135 3478 οίεσθε)
3171 3408 3428 3477 φύλακες,
3463 3409 3513 3460 οἱ
3545 3407 3632 3460 καὶ

2059 3499 2156 3570 τὴν
2187 3499 2533 3569 ἀφάνταστον
2571 3500 2725 3573 ῥύσιν
2755 3499 3097 3564 κολάζοντες,
3143 3501 3235 3553 καὶ
3272 3500 3374 3570 τὴν
3406 3499 3631 3569 φυσικὴν

2059 3592 2156 3646 τοῦ
2217 3595 2531 3664 σπέρματος
2577 3593 2828 3663 ἔκκρισιν
2882 3591 3224 3664 ἀκαθαρσίαν
3275 3591 3584 3661 νομίζοντες
3617 3631 3630 3653 ,

2059 3689 2154 3741 καὶ
2180 3689 2307 3750 τοὺς
2336 3686 2493 3741 τοῦτο
2523 3687 2856 3756 πάσχοντας,
2893 3685 2968 3756 μὴ
3005 3685 3488 3756 προϋποκειμένης
3537 3686 3630 3753 ὲμ-

2062 3777 2292 3842 παθείας
2323 3778 2490 3843 τινὸς,
2541 3776 2649 3831 τῶν
2700 3775 3060 3845 ἀγιασμάτων
3111 3774 3465 3841 ἀπάγοντες;
3508 3767 3631 3824 Εἶτα

2060 3874 2163 3926 οὐκ
2209 3869 2618 3940 ὲγκαλύπτεσθε
2650 3869 2729 3941 τῷ
2771 3868 2991 3940 μεγάλῳ
3038 3866 3344 3936 ’Δθανασίῳ
3405 3864 3631 3918 ἀντιδια-

2059 3963 2376 4034 ταττόμενοι
2409 3961 2504 4031 (ἐῶ
2530 3961 2640 4033 γὰρ
2667 3959 2811 4014 κατά
2844 3975 2905 4028 γε
2936 3959 2996 4012 τδ
3023 3957 3197 4027 παρὸν
3217 3957 3342 4018 τοὺς
3372 3953 3629 4023 λοιποὺς),

2062 4057 2159 4110 καὶ
2187 4050 2267 4119 οἷς
2319 4056 2526 4118 ἐκεῖνος
2574 4053 2825 4124 ἔγραψεν,
2860 4051 3356 4123 ἀντιπράττοντες;
3397 4041 3474 4100 Ob
3514 4047 3631 4108 τοὺς

2061 4150 2252 4217 λόγους
2274 4148 2368 4202 καὶ
2416 4149 2463 4201 oi
2498 4146 2723 4218 μεγάλοι
2774 4145 3018 4215 Πατέρες
3058 4145 3152 4197 καὶ
3189 4145 3269 4205 είς
3309 4143 3479 4210 ἄκρον
3508 4139 3629 4209 ἐλη-

379 4245 608 4294 externa
644 4237 950 4310 sapientiae,
1001 4245 1054 4292 et
1113 4237 1313 4291 divinae
1354 4245 1520 4306 atque
1562 4245 1785 4304 nostrae,
1825 4254 1953 4308 pro-

2065 4241 2288 4305 λακότες
2340 4240 2442 4311 τῆς
2481 4257 2542 4294 τε
2591 4239 2826 4310 θύραθεν
2861 4238 3072 4308 σοφίας,
3107 4237 3329 4304 καὶτῆς
3359 4233 3509 4296 θείας
3541 4231 3628 4284 καὶ

382 4328 520 4383 vecti
563 4335 734 4384 sunt:
772 4327 924 4383 orbis
959 4334 1226 4380 terrarum
1258 4327 1554 4381 luminaria
1591 4334 1644 4382 et
1675 4327 1948 4393 doctores,

2065 4335 2358 4406 ἡμετέρας,
2388 4334 2436 4386 οί
2468 4333 2566 4402 τῆς
2593 4331 2923 4401 οἰκουμένης
2951 4327 3239 4399 φωστῆρές
3279 4343 3340 4380 τε
3373 4326 3468 4378 καὶ
3497 4324 3630 4377 διδά-

381 4439 414 4475 η
448 4422 650 4491 quibus
684 4428 872 4476 nostra
905 4419 1146 4474 stabilita
1193 4427 1275 4473 est
1307 4418 1460 4483 fides,
1492 4434 1590 4490 pro
1618 4420 1954 4476 deﬁnitioni-

2065 4426 2274 4492 σκαλοι,
2311 4425 2401 4496 ὑφ’
2454 4419 2530 4478 ὧν
2575 4425 2609 4494 ἡ
2649 4423 2770 4478 καθ’
2800 4423 2947 4494 ἡμᾶς
2976 4421 3290 4493 ἐστήρικται
3319 4418 3522 4479 πίστις,
3559 4415 3628 4477 ὡς

390 4514 490 4568 bus
511 4518 567 4567 et
589 4510 880 4568 sententiis
903 4517 1252 4578 acceperunt.
1275 4506 1320 4562 0
1345 4510 1658 4564 vecordiam
1715 4520 1949 4566 vestram

2065 4521 2216 4591 ὅρους
2251 4520 2343 4572 καὶ
2373 4517 2659 4587 ἀξιώματα
2681 4518 2934 4588 ἥγηνται.
3053 4513 3150 4581 τῆς
3174 4510 3328 4582 ὑμῶν
3357 4507 3624 4568 ἀπονοίας.

383 4603 465 4658 vel
496 4603 880 4666 stoliditatem,
906 4610 982 4662 et,
1007 4609 1066 4655 ut
1095 4602 1277 4655 verius
1299 4601 1478 4656 dicam
1505 4603 1556 4668 λ,
1587 4602 1942 4673 imperitiam!

2065 4613 2086 4682 ἢ
2121 4614 2217 4679 τῆς
2249 4608 2598 4680 ἀδελτηρίας,
2637 4608 2732 4661 καὶ
2765 4605 3026 4678 ἀμαθίας,
3065 4604 3239 4658 εἰπεῖν
3269 4600 3622 4666 οίκειότερονί

381 4697 565 4766 Neque
588 4694 918 4763 intelligitis,
948 4708 1069 4748 meo
1093 4693 1314 4764 quidem
1335 4693 1544 4764 judicio
1575 4692 1618 4760 ί,
1649 4711 1747 4751 vos
1772 4695 1952 4765 judai-

2065 4703 2196 4757 Οὐδὲ
2249 4703 2460 4756 συνίετε
2495 4701 2638 4755 κατά
2675 4717 2738 4769 γε
2784 4699 2882 4770 τὴν
2933 4697 3160 4768 γνώμην
3191 4694 3398 4764 ταύτην
3435 4692 3625 4746 ἰουδαῖ-

381 4803 526 4853 zare,
573 4795 629 4841 et
685 4785 899 4842 Veteris
951 4785 1287 4842 Testamenti
1361 4801 1628 4842 renovare
1680 4787 1952 4854 instituta,

2065 4795 2264 4860 ζοντες,
2299 4797 2392 4849 καὶ
2421 4795 2520 4859 τὰς
2555 4795 2653 4864 τῆς
2691 4784 2932 4857 [Ιαλαιᾶς
2962 4791 3239 4861 Διαθήκης
3281 4786 3626 4847 ἀνανεοῦντες

379 4895 503 4946 qua!
527 4878 790 4934 Servatur
821 4887 1012 4934 noster
1040 4880 1204 4933 homo
1236 4877 1415 4934 factus
1469 4879 1650 4936 inania
1682 4881 1956 4936 reddidit?

2065 4887 2344 4956 διαταγὰς,
2401 4890 2580 4959 ἅσπερ
2632 4889 2660 4941 ό
2715 4887 2904 4958 Σωτὴρ
2962 4882 3390 4954 ὲνανθρωπήσας
3425 4880 3625 4949 κατήρ-

381 4971 533 5028 Illius
569 4971 716 5027 enim
752 4973 845 5040 jus
873 4981 977 5037 est,
1005 4971 1347 5028 seminitluos
1377 4973 1688 5029 immundos
1714 4975 1948 5031 censeri.

2065 4994 2272 5047 γηκενς
2317 4980 2563 5050 Ἐκείνης
2594 4978 2724 5050 γὰρ,
2767 4978 2892 5041 τοὺς
2927 4976 3244 5047 γονορῤυεῖς
3287 4971 3623 5040 ἀκαθάρτους

383 5062 496 5119 Vos
530 5070 737 5126 autem,
772 5072 832 5117 ut
863 5065 1079 5133 opinor,
1129 5079 1276 5128 eum,
1309 5063 1403 5134 qui
1462 5079 1584 5119 cum
1636 5081 1807 5120 uxore
1850 5081 1950 5120 sua

2065 5068 2373 5138 νομίζεσθαι
2397 5069 2630 5139 νόμιμον
2655 5084 2669 5098 ·
2703 5067 2867 5136 ὑμεῖς
2908 5065 2954 5118 δ’
2990 5059 3144 5134 οἴμαι
3193 5060 3406 5116 καὶτὸν
3443 5075 3620 5112 συνευ-

383 5155 762 5223 concubuerit,
795 5166 1083 5228 postquam
1114 5157 1416 5213 surrexerit
1458 5172 1488 5211 e
1525 5156 1688 5222 lecto,
1742 5157 1951 5226 judica-

2065 5159 2320 5214 νασθέντα
2360 5162 2426 5231 τῇ
2480 5157 2674 5215 ἑαυτοῦ
2727 5159 2964 5229 γαμετῇ,
2992 5155 3093 5226 τῆς
3135 5153 3320 5223 κοίτης
3349 5151 3620 5215 ἐξανιστά-

380 5246 513 5303 bitis
537 5247 912 5303 immundum:
943 5262 1042 5303 nec
1077 5249 1144 5302 ad
1175 5247 1479 5302 orationem
1507 5248 1828 5310 admittetis,
1853 5246 1950 5302 sed

2065 5269 2240 5320 μενον,
2280 5254 2518 5324 κρινεῖτε
2557 5251 2885 5322 ἀκάθαρτον,
2919 5248 3014 5302 καὶ
3077 5247 3157 5310 εἰς
3203 5241 3510 5315 προσευχήν
3557 5239 3616 5291 οὺ

384 5337 550 5396 etiam
605 5341 654 5397 ei
697 5341 884 5396 valvas
921 5340 1111 5412 templi
1165 5340 1486 5397 obstruetis.
1537 5339 1646 5396 Nec
1694 5339 1949 5410 cogitatis

2065 5347 2419 5418 προσήσεσθε.
2471 5345 2633 5402 Ἀλλά
2657 5344 2751 5398 καὶ
2783 5343 2881 5407 τάς
2915 5340 3010 5396 τοῦ
3044 5339 3174 5394 ναοῦ
3214 5339 3389 5411 θύρας
3448 5333 3614 5401 τούτῳ

1665 5587 1898 5645 VARle
1938 5585 2343 5644 LECTI‘MNES.

458 5777 508 5818 ε’
533 5791 560 5830 a
587 5778 956 5836 sacramentis.
1030 5778 1058 5821 ιι
1093 5777 1169 5836 rel
1222 5777 1574 5834 insulsitatem
1611 5786 1659 5832 et
1694 5778 2034 5838 imperitiam.
2067 5787 2124 5830 ut
2160 5776 2328 5832 verius
2359 5773 2555 5828 dicam.
2639 5772 2654 5814 ί
2693 5771 2744 5825 in
2781 5769 2878 5823 hac
2912 5764 3114 5826 quidem
3151 5763 3432 5818 sententia.
