3948 6576
215 449 356 517 ῙθῙἹ

1491 450 2062 519 ῦΒίΕΟΟοΒΟΜΑΝ
2075 452 2208 512 UM.

3346 445 3488 512 1018

213 568 606 637 ἐπιζυγὼσετε.
640 565 764 620 Οὐδ’
816 565 897 620 ὅτι
936 566 1117 639 τίμιος
1148 570 1176 623 6
1226 567 1401 638 γάμος
1434 567 1673 639 εἴρηται,
1708 567 1786 621 λοι

1899 567 2126 631 dictum,
2161 565 2383 636 nuptias
2421 579 2546 621 esse
2599 563 2978 630 honorandas,
3021 571 3078 620 et
3132 565 3333 620 lectum
3372 567 3492 622 siue

211 659 440 730 γιεῖσθε,
467 657 562 712 καὶ
585 659 619 728 ἡ
677 657 831 729 κοίτη
872 658 1134 729 ἀμίαντος
1171 676 1184 690 ο
1217 658 1336 712 ἀλλ’
1386 660 1466 712 ὅτι
1509 656 1795 712 κάνταῦθα

211 739 532 822 σπέρματος
560 751 753 824 ἐκροὴ,
783 752 878 804 καὶ
916 751 1118 822 μᾶλλον
1146 751 1244 805 σὺν
1270 753 1458 824 ἡδονῇ,
1489 751 1793 806 καταδικά-

212 862 331 898 σετε
364 844 460 898 τὸν
509 844 752 898 ἀναίτιον
782 860 797 874 ⁸
855 845 950 899 καὶ
991 844 1082 898 τὸν
1111 845 1306 917 νεκροῦ
1371 845 1794 916 προσαψάμενον

208 937 307 988 οὐκ
351 936 616 1005 ὀκνήσετε
668 935 1045 1006 μεμιασμένον
1075 935 1385 1007 ⁴ἡγήσασθαι
1415 953 1430 968 ο
1483 943 1578 989 καὶ
1627 929 1688 990 οὗ
1737 937 1794 989 ἐν

208 1027 283 1098 τῷ
317 1025 534 1096 σώματι
569 1027 747 1098 λέπρα
779 1028 1065 1100 ἐξήνθησε,
1105 1030 1203 1098 τῆς
1228 1029 1436 1093 πόλεως
1468 1029 1790 1099 ἐξωθήσετε.

219 1119 360 1172 Ἀλλ’
391 1119 450 1183 ὃς
484 1120 604 1190 μὲν,
636 1114 681 1173 ὦ
709 1113 877 1187 οὗτοι,
909 1121 1051 1174 κατὰ
1089 1121 1216 1183 τοὺς
1268 1121 1469 1186 ὕπνους
1507 1123 1792 1193 ἀποκρίνει

207 1211 395 1280 γονὴν,
423 1213 552 1282 ύμῖν
585 1214 684 1283 ούχ
722 1214 926 1284 ἥγηται
971 1213 1213 1286 καθαρός
1239 1231 1254 1246 ·
1283 1214 1335 1268 τί
1365 1214 1422 1267 δὲ
1460 1214 1590 1287 περὶ
1625 1217 1792 1285 ἐγρη-

206 1301 472 1373 γορότων,
530 1302 626 1356 καὶ
679 1304 834 1375 ῥύσιν
895 1304 1278 1374 ὑφισταμένων
1327 1303 1521 1375 αὐτῆς,
1554 1305 1682 1375 ύμῖν
1710 1303 1794 1358 δέ-

205 1390 397 1444 δοκταί
422 1409 482 1444 τε
532 1391 627 1444 καὶ
671 1393 1063 1462 διατέτακται;
1112 1395 1335 1460 Πολλοῖς
1384 1395 1493 1466 γάρ
1533 1395 1692 1449 τοῦτο
1731 1395 1793 1448 τὸ

209 1479 382 1542 πάθος
410 1480 804 1552 ἐπιπμῦαἰνόν
831 1485 1000 1549 ἐστιν,
1032 1483 1065 1556 ἢ
1098 1487 1210 1548 τοῖς
1238 1484 1420 1554 οὕροις
1448 1485 1789 1554 ἐφεπομὲπ.ου

205 1568 303 1621 τοῦ
330 1570 670 1639 σπέρματος,
711 1570 744 1642 ἦ
784 1571 948 1641 μόνου
979 1573 1074 1628 καὶ
1107 1573 1432 1644 αὐτομάτως
1485 1574 1788 1647 ἐκρέοντος.

207 1663 268 1716 ΕΞ
295 1662 396 1733 μὲν
444 1665 537 1717 καὶ
579 1663 806 1730 τούτους
834 1665 945 1720 τῶν
977 1666 1234 1738 καθαρῶν
1263 1667 1650 1738 ἀπροκρίνετε,
1691 1669 1792 1720 iou-

151 1748 165 1754 ’
204 1756 420 1822 δαῒζετε
457 1755 772 1828 προφανῶς.
824 1753 985 1812 Οὗτοι
1028 1759 1137 1829 γὰρ
1166 1758 1259 1823 οὒς
1291 1761 1608 1832 γονορῤυεῑς
1655 1760 1789 1814 ὠνό-

209 1867 387 1919 μασεν
425 1849 454 1901 6
482 1851 710 1921 Μωσῆς,
746 1851 843 1906 καὶ
880 1851 1231 1922 ἀκαθάρτους
1269 1851 1585 1922 νομίζεσθαι
1615 1853 1790 1908 διετά-

206 1939 337 2006 ξατο
365 1941 434 1995 ⁸⁸.
467 1939 532 1994 Εἰ
564 1941 620 1994 δὲ
659 1941 881 2006 τούτους
915 1944 1228 2012 προσίεσθε,
1281 1947 1376 1998 καὶ
1429 1945 1490 1998 οὑ
1553 1947 1787 2015 μιαίνειν

204 2033 404 2096 αὐτοὺς
429 2034 528 2104 τὴν
564 2033 810 2104 ἔκκρισιν
837 2035 1034 2101 οἴεσθε,
1073 2037 1156 2100 τίς
1189 2039 1217 2090 6
1247 2037 1426 2103 λόγος,
1467 2036 1537 2090 δι’
1587 2037 1648 2091 ὃν
1677 2041 1788 2101 τοῖς

208 2125 310 2194 μὲν
334 2125 681 2193 άφάνταστον
709 2124 942 2180 παθοῦσι
991 2126 1147 2197 ῥύσιν
1199 2127 1360 2198 γονῆς
1410 2128 1532 2182 καθ’
1564 2127 1785 2196 ὕπνους,

203 2215 505 2286 ἁπείργετε
562 2217 659 2288 τὴν
714 2217 824 2271 τῶν
876 2219 1236 2289 άγιασμάτων
1288 2219 1626 2291 μετάληψιν,
1674 2223 1788 2284 τοῖς

200 2308 246 2362 δ’
287 2310 346 2361 ἐν
397 2308 730 2380 ἐγρηγόρσει
777 2308 934 2364 τοῦτο
991 2310 1276 2376 παθοῦσιν,
1328 2312 1452 2364 ἐᾶτε
1504 2310 1566 2363 τὸ
1616 2311 1788 2376 πάθος

200 2400 643 2473 ἀνεπιτίμητον;
678 2402 786 2455 Καὶ
815 2402 983 2473 ἄμφω
1022 2403 1132 2474 γὰρ
1183 2404 1466 2474 ἐκκρίσεις
1527 2405 1632 2458 εἰσὶ
1687 2423 1789 2474 φυ-

201 2494 377 2558 σικαὶ,
410 2494 506 2548 καὶ
536 2493 705 2564 ἄμφω
753 2495 1136 2566 ἀπροαιρέτως
1185 2496 1605 2566 συμϐαίνουσαι.
1646 2497 1786 2551 Ἀλλ’

199 2584 248 2636 εί
279 2584 455 2638 ταῦτα
499 2585 726 2656 φήσειεν
782 2586 847 2641 άν
894 2603 979 2651 τις
1011 2586 1120 2639 τῶν
1152 2587 1621 2658 άνθρωπηθὲντων
1656 2588 1788 2660 περὶ⁹

197 2675 310 2729 τῶν
374 2677 734 2746 ἀφαντάστως
803 2677 956 2750 ῥύσει
1015 2681 1424 2750 περιπεσόντων
1472 2681 1635 2752 γονῆς
1664 2720 1679 2744 ,
1734 2680 1787 2734 τί

196 2770 243 2823 δ’
283 2768 350 2822 ἂν
380 2769 542 2840 εἴπῃς
575 2771 704 2842 περὶ
735 2772 842 2824 τῶν
879 2771 1306 2843 ὁνειρασθέντων
1329 2773 1426 2828 καὶ
1453 2775 1788 2844 φαντασθέν-

198 2879 310 2916 των
338 2862 485 2935 ἁφὴν
507 2863 790 2933 γυναικὸς,
823 2865 1070 2936 ἢέτερόν
1116 2883 1170 2920 τι
1224 2865 1488 2938 διεγεῖρον
1537 2867 1636 2939 τὴν
1679 2869 1785 2922 πύ-

201 2973 377 3025 ρωσιν
402 2956 499 3027 τῆς
534 2956 760 3027 σαρκὸς,
788 2957 885 3010 καὶ⁸
936 2958 1129 3028 μέχρις
1176 2958 1374 3029 ἐκροῆς
1428 2958 1786 3028 πεφθακότων

197 3045 298 3100 τοῦ
351 3049 717 3119 σπέρματος;
759 3050 834 3102 Ού
885 3051 1104 3112 πάντως
1156 3045 1300 3104 οὗτοί
1354 3067 1438 3104 σοι
1486 3051 1785 3122 μεμιάνθαι

196 3139 598 3211 κριθήσονται;
637 3141 702 3195 Et
742 3142 839 3211 μὲν
899 3144 927 3195 6
977 3143 1137 3197 τοῦτο
1187 3142 1396 3209 παθὼν,
1433 3137 1478 3197 ὦ
1517 3144 1781 3211 ἀντίθετε,

1897 659 2153 714 macula:
2187 659 2282 713 sed
2310 658 2440 728 quia
2471 664 2526 712 et
2577 656 2688 712 illic
2740 655 2976 713 seminis
3032 655 3236 720 ﬂuxus,
3286 655 3487 726 majori

1895 766 2020 806 cum
2051 750 2326 820 voluptate
2366 761 2380 800 ι
2413 749 2852 805 condemnabitis
2903 750 3218 812 insontem;
3268 757 3323 804 et
3340 764 3488 816 eum,

1896 845 1991 914 qui
2057 843 2296 898 cadaver
2368 844 2636 910 attigerit,
2708 857 2818 899 non
2899 841 3230 898 verebimini
3307 842 3492 896 dicere

1897 936 2188 1007 pollutum.
2242 934 2308 989 Et
2341 936 2500 1005 cujus
2555 936 2608 990 in
2679 949 2910 1007 corpore
2965 936 3115 1006 lepra
3170 935 3491 1001 etiloruit,e

1895 1031 2118 1085 civitate
2173 1030 2485 1098 expelletis.
2551 1029 2752 1084 Verum
2799 1029 2966 1100 agite.
3023 1027 3118 1098 qui
3182 1027 3237 1082 in
3278 1026 3489 1082 somnis

1895 1123 2150 1179 excernit
2181 1123 2420 1193 genitale
2479 1137 2688 1187 semen,
2745 1137 2869 1178 eum
2905 1137 3013 1177 non
3057 1120 3284 1176 creditis
3328 1135 3489 1173 mun-

1895 1217 2066 1272 dum?
2095 1215 2238 1283 Quid
2278 1232 2410 1272 vero
2435 1218 2500 1272 de
2527 1216 2598 1271 iis
2633 1216 2872 1280 videtur,
2897 1221 2952 1269 et
2978 1215 3342 1269 constitutum
3378 1220 3484 1273 est.

1893 1308 1990 1380 qui
2041 1309 2364 1363 exsuscitati
2424 1308 2672 1378 ejusdem
2733 1307 2942 1362 ﬂuxum
3005 1305 3327 1378 patiuntur?
3379 1304 3486 1358 huc

1892 1399 2038 1454 enim
2062 1397 2198 1452 vitio
2222 1399 2379 1451 multi
2410 1398 2686 1462 laborant,
2720 1399 2805 1452 vel
2832 1413 2956 1452 cum
2990 1397 3206 1451 urinam
3237 1396 3487 1465 sequitur

1894 1505 2136 1561 sperma,
2177 1489 2261 1544 vel
2307 1504 2433 1544 cum
2483 1491 2662 1545 solum
2717 1500 3023 1562 sponteque
3075 1487 3217 1544 ﬂuit.
3252 1486 3386 1542 Nam
3424 1485 3474 1542 si

1893 1583 1998 1638 hos
2033 1598 2063 1636 a
2096 1579 2320 1636 mundis
2349 1583 2644 1651 separatis,
2693 1580 2992 1636 manifesto
3037 1579 3256 1635 Iudaeos
3301 1579 3484 1633 imita-

1892 1675 2026 1729 mini
2059 1692 2072 1730 :
2107 1673 2144 1728 ii
2175 1674 2323 1729 enim
2357 1689 2500 1743 quos
2541 1671 2885 1729 seminiﬂuos
2916 1672 3223 1729 nominavit
3276 1670 3479 1737 Moses,

1893 1776 1946 1823 et
1973 1767 2290 1822 immundos
2333 1766 2646 1822 existimari
2701 1765 3070 1820 constituunt.
3106 1765 3262 1830 Quod
3294 1764 3338 1820 si
3381 1763 3482 1819 hos

1893 1858 2207 1926 admittitis,
2260 1873 2360 1914 nec
2429 1859 2598 1929 pollui
2659 1874 2754 1929 per
2805 1858 3180 1913 excretionem
3237 1855 3478 1927 putatis;

1893 1966 2001 2021 qua
2036 1950 2252 2006 ratione
2281 1967 2400 2017 eos,
2430 1951 2527 2022 qui
2559 1950 2789 2005 seminis
2813 1948 3020 2005 ﬂuxum
3083 1950 3293 2018 absque
3354 1947 3480 2002 libi-

1889 2045 2087 2098 dinoso
2143 2053 2360 2112 spectro
2405 2044 2556 2114 passi
2613 2053 2744 2100 sunt
2798 2044 2852 2097 in
2915 2043 3148 2105 somnis,
3211 2041 3476 2096 arcetisa

1891 2137 2388 2192 sanctiﬁcationum
2427 2140 2811 2206 perceptione:
2861 2134 3154 2206 vigilantes
3208 2141 3390 2188 autem
3423 2133 3470 2194 ιι,

1888 2231 1983 2302 qui
2019 2231 2212 2286 eodem
2264 2237 2395 2286 sunt
2449 2229 2626 2285 affecti
2661 2229 2816 2295 vitio,
2873 2235 3030 2282 extra
3085 2241 3304 2296 pmnam
3350 2238 3472 2280 esse

1887 2323 2112 2378 sinitis?
2141 2320 2354 2376 Etenim
2387 2327 2626 2390 utraque
2649 2317 2896 2374 excretio
2943 2324 3027 2370 est
3075 2312 3370 2376 naturalis,
3420 2319 3474 2363 et

1888 2423 2120 2484 utraque
2159 2420 2358 2482 praeter
2381 2409 2711 2464 voluntatem
2741 2406 2968 2462 accidit.
3006 2404 3161 2471 Quod
3217 2402 3260 2457 si
3297 2401 3476 2456 homi-

1889 2519 2017 2558 num
2078 2503 2355 2574 quispiam
2420 2501 2536 2556 bazc
2593 2499 2661 2555 de
2720 2499 2788 2554 iis
2845 2498 3068 2562 dixerit,
3121 2495 3214 2564 qui
3263 2493 3475 2562 absque

1889 2594 2106 2651 somnio
2133 2594 2434 2648 libidinoso
2463 2595 2516 2646 in
2575 2591 2803 2646 seminis
2856 2589 3062 2643 ﬂuxum
3121 2587 3470 2642 inciderunt:

1887 2686 2020 2758 quid
2065 2687 2133 2743 de
2195 2687 2263 2742 iis
2320 2686 2552 2753 dixeris,
2619 2684 2712 2754 qui
2778 2684 2832 2737 in
2884 2681 3116 2737 somniis
3172 2679 3472 2733 tat-tionem

1889 2780 2134 2836 mulieris
2197 2780 2477 2850 imaginati
2545 2789 2708 2843 sunt,
2778 2785 2874 2830 aut
2935 2773 3085 2829 aliud
3166 2771 3468 2843 quidpiam,

1888 2871 2162 2928 suscitans
2185 2871 2371 2926 carnis
2407 2869 2926 2929 inﬂammationem.
2955 2865 3036 2920 vel
3074 2865 3139 2918 ad
3173 2861 3472 2933 spermatis

1886 2964 2094 3020 ﬂuxum
2122 2977 2299 3033 usque
2356 2957 2764 3031 pervenerunt?
2806 2956 2944 3010 Num
2995 2955 3092 3009 tibi
3137 2941 3368 3024 prorsus
3416 2950 3470 3003 hi

1893 3053 2087 3123 polluti
2124 3067 2249 3107 esse
2302 3048 2708 3104 censebuntur?
2747 3044 3029 3115 Siquidem
3085 3043 3155 3107 is,
3220 3042 3314 3112 qui
3369 3041 3472 3095 hoc

1888 3160 2089 3218 passus
2125 3151 2232 3209 est,
2262 3141 2604 3208 adversaria,
2640 3137 3039 3210 praecedentem
3084 3133 3275 3188 habuit
3302 3133 3470 3187 atfeco

197 3233 342 3300 προῢ
354 3231 690 3302 ποκειμένην
717 3226 860 3302 εἶχεν
889 3231 1218 3301 ἐμπάθειαν,
1242 3233 1347 3286 κάν
1375 3235 1484 3296 τοῖς
1505 3232 1784 3304 λογισμοῖς

1890 3238 2091 3294 tionem
2139 3234 2388 3289 libidinis
2437 3240 2492 3288 et
2547 3229 2977 3302 cogitationibus
3037 3226 3174 3280 aluit
3225 3223 3471 3279 mulieris

195 3323 501 3392 ἐπιθυμίαν
557 3322 753 3396 ἔτρεφε
813 3325 1093 3393 γυναικὸς,
1141 3325 1236 3379 καὶ
1283 3325 1488 3398 ταύτην
1521 3326 1782 3398 ἔστρεφεν

193 3416 293 3468 ἐπὶ
321 3415 468 3484 νοῦν,
507 3414 598 3468 καὶ
649 3415 880 3488 οὖτωςή
946 3416 1214 3485 φαντασία
1260 3416 1384 3471 καθ’
1420 3415 1618 3482 ὕπνους
1648 3421 1784 3490 ἐπη-

195 3505 556 3578 κολούθησεν,
592 3506 702 3560 οὐδ’
728 3507 890 3571 αὐτὸς
931 3506 1100 3578 κρινῶ
1126 3506 1219 3562 τδν
1251 3507 1493 3563 τοιοῦτον
1516 3510 1777 3565 ἀναίτιον.

195 3601 376 3663 Αύτδς
397 3599 506 3670 γάρ
542 3599 723 3671 ἐαυτῴ
753 3599 849 3653 τοῦ
889 3599 1095 3664 πάθους
1123 3600 1271 3654 ἐστιν
1298 3599 1640 3671 αίτιὼτατος,
1689 3603 1783 3658 καὶ

199 3697 538 3768 μεμόλυνται
593 3695 656 3750 ού
712 3696 775 3748 τὸ
826 3696 986 3767 σῶμα
1021 3738 1036 3763 ,
1084 3697 1170 3751 διὰ
1221 3697 1320 3773 τὴν
1380 3700 1631 3770 ἔκκρισιν
1682 3700 1782 3772 τὴν

195 3790 585 3864 σπερματικὴν
633 3791 714 3858 (ού
766 3793 877 3860 γὰρ
925 3790 1239 3862 ἀκαθαρσία
1295 3792 1448 3845 τουτὶ
1486 3792 1548 3846 τὸ
1599 3793 1784 3864 περίτ-

193 3887 404 3955 τωμα),
461 3883 599 3936 ἀλλὰ
631 3885 720 3938 τὸν
768 3883 1051 3953 λογισμὸν,
1108 3884 1194 3938 διὰ
1246 3883 1346 3954 τὴν
1382 3884 1783 3952 συγκατάθεσιν

194 3980 298 4048 τῆς
335 3975 634 4048 ἐπιθυμίας
665 3976 765 4046 τῆς
813 3976 1105 4047 σαρκικῆς.
1155 3976 1218 4028 Et
1265 3975 1324 4028 δὲ
1357 3974 1599 4030 τοιοῦτον
1632 3977 1782 4030 οὐδὲν

193 4071 275 4141 τῷ
302 4071 403 4142 τὴν
430 4071 597 4139 γονὴν
644 4067 1007 4141 ἀποκρίναντι
1067 4066 1458 4138 προῦπέκειτο,
1509 4065 1633 4119 οὔτε
1676 4067 1782 4138 μὴν

193 4164 293 4217 τὸν
323 4162 589 4233 λογισμὸν
624 4158 768 4232 εἶχεν
827 4159 1106 4232 ἐμπαθεία
1162 4159 1383 4232 τοιαύτῃ
1440 4159 1778 4229 ἐγκείμενον,

196 4255 528 4324 αὐτομάτως
578 4253 622 4306 δ’
659 4254 693 4325 ἠ
733 4253 1004 4322 φαντασία
1035 4250 1258 4321 ἐπῆλθε,
1291 4253 1386 4305 καὶ
1426 4253 1459 4322 ἡ
1495 4251 1594 4320 τῆς
1620 4251 1782 4322 γονῆς

195 4347 434 4420 ἐκροὴῆ
490 4347 584 4400 καὶ
633 4345 693 4411 ἐξ
744 4347 1008 4416 ἐπηρείας
1055 4345 1350 4414 σατανικῆς
1403 4345 1778 4415 ἐπενήνεκται,

194 4439 342 4494 κατὰ
395 4438 526 4501 τοὺς
590 4437 766 4502 θείους
824 4437 1110 4509 Πατέρας,
1167 4435 1260 4491 τοῦ
1316 4436 1616 4507 δυσμενοῦς
1668 4439 1783 4500 τοῖς

197 4533 477 4603 άσκηταῖς
535 4531 952 4602 ἐνεδρεύοντοςο
1017 4531 1078 4584 ού
1138 4530 1455 4600 μιμήσομαί
1525 4547 1617 4583 σου
1685 4529 1782 4598 τὴν

1889 3327 2422 3398 concupiscentiam,
2473 3338 2706 3393 eamque
2740 3321 2927 3376 animo
2982 3317 3245 3381 versavit,
3305 3325 3471 3385 atque

1891 3422 1965 3478 ita
1997 3419 2311 3490 imaginatio
2359 3418 2414 3472 in
2456 3416 2674 3474 somnio
2715 3415 3010 3470 subsecuta
3064 3419 3175 3475 est,
3205 3423 3305 3463 nec
3353 3409 3470 3478 ipse

1890 3515 2039 3570 hunc
2074 3513 2421 3567 innocentem
2453 3510 2799 3579 judicavero.
2834 3505 2950 3560 Sibi
3007 3505 3150 3558 enim
3185 3501 3301 3570 ipse
3327 3515 3469 3569 prae:

1889 3607 2084 3678 cipuus
2111 3613 2197 3660 est
2231 3611 2424 3658 auctor
2455 3601 2604 3664 mali,
2634 3608 2690 3656 et
2715 3600 3034 3670 inquinatus
3069 3605 3174 3661 est,
3207 3613 3316 3652 non
3344 3609 3472 3649 cor-

1890 3715 2042 3771 pore,
2074 3705 2296 3768 propter
2331 3694 2651 3750 seminalem
2715 3691 3086 3746 excretionem
3129 3693 3277 3768 (non
3324 3686 3468 3742 enim

1890 3788 2263 3847 immundities
2329 3793 2412 3840 est
2475 3782 2792 3854 hujusmodi
2859 3783 3343 3847 excrementum),
3375 3779 3470 3834 sed

1890 3879 2248 3950 cogitatione,
2272 3884 2498 3947 propter
2523 3874 2758 3929 carnalis
2777 3872 3037 3927 desiderii
3067 3870 3468 3926 assensionem.

1889 3972 2044 4040 Quod
2074 3970 2120 4026 si
2153 3971 2208 4024 in
2237 3983 2322 4033 eo,
2378 3967 2472 4037 qui
2527 3965 2819 4035 genitalem
2853 3963 3060 4016 ﬂuxum
3114 3975 3311 4031 passus
3360 3969 3466 4024 est,

1890 4065 2026 4120 nihil
2049 4064 2156 4117 tale
2183 4058 2493 4132 praecessit,
2523 4072 2701 4126 neque
2729 4055 3118 4126 cogitationem
3153 4051 3467 4121 hujusmodi

1890 4158 2127 4213 deditam
2179 4153 2452 4208 all'ectioni
2489 4151 2716 4215 habuit;
2783 4148 2876 4202 sed
2941 4145 3262 4216 imaginatio
3324 4144 3468 4198 ultro

1889 4246 2136 4311 incessit,
2168 4253 2220 4298 et
2253 4243 2481 4298 seminis
2509 4240 2698 4305 ﬂuxio,
2729 4238 2814 4293 vel
2842 4239 3007 4292 etiam
3040 4253 3103 4290 ex
3132 4235 3468 4304 improperio

1890 4340 2137 4398 satanico
2173 4337 2186 4368 ¹
2225 4337 2374 4391 illata
2403 4345 2508 4399 est,
2535 4333 2841 4390 secundum
2887 4330 3044 4385 divos
3095 4327 3309 4393 Patres,
3358 4326 3466 4380 ini-

1891 4433 2036 4487 mico
2064 4428 2285 4485 athletis
2314 4428 2613 4483 insidiante
2646 4445 2659 4480 :
2686 4441 2793 4479 non
2826 4423 3084 4477 imitabor
3114 4422 3167 4476 in
3202 4420 3289 4474 his
3318 4427 3465 4472 tuam

1891 4522 2252 4591 irreligiosam
2287 4518 2629 4588 religionem.
2653 4516 2795 4570 Caro
2819 4515 2966 4569 enim
3000 4514 3210 4582 polluta
3241 4527 3349 4566 non
3381 4518 3467 4566 est

196 4625 479 4695 ἀνευλαὸἦ
519 4625 650 4696 περὶ
682 4623 854 4678 ταῦτα
886 4623 1197 4678 εὐλάϐειαν.
1237 4623 1300 4676 Ἦ
1331 4622 1430 4693 μὲν
1483 4623 1592 4693 γὰρ
1649 4623 1785 4694 σὰρξ

1890 4613 2200 4668 excretione
2233 4611 2484 4666 seminis.
2513 4608 2664 4662 Bona
2695 4607 2840 4662 enim
2862 4607 3042 4661 omnis
3075 4604 3166 4658 Dei
3191 4613 3463 4666 creatura,

195 4721 261 4773 οὗ
292 4719 592 4789 μεμίανται
625 4720 692 4789 τῇ
722 4718 969 4789 ἐκκρίσει
1016 4717 1110 4770 τοῦ
1157 4716 1492 4788 σπέρματος.
1539 4717 1653 4769 Πᾶν
1677 4719 1786 4786 γὰρ

1883 4718 1939 4763 ει
1965 4707 2188 4761 Christo
2222 4705 2399 4759 bonus
2429 4701 2565 4756 odor
2597 4715 2792 4754 sumus
2825 4698 2879 4750 in
2900 4697 2991 4763 iis,
3016 4698 3112 4766 qui
3151 4703 3465 4757 servantur,

197 4785 411 4882 κτιεμει
444 4809 579 4863 Θεοῦ
635 4785 841 4874 tam;
873 4812 967 4862 xui.
1017 4807 1238 4880 Χριστῷ
1269 4785 1489 4860 ἐὐωδία
1528 4807 1694 4872 ἐσμὲν
1727 4785 1786 4860 ιν

1890 4799 2038 4868 iuxta
2072 4810 2330 4866 magnum
2357 4791 2708 4862 Apostolum.
2737 4787 2896 4855 Quod
2920 4789 2967 4843 si
3002 4787 3171 4841 etiam
3199 4785 3466 4853 cogitatio

192 4905 314 4967 τοῖς
358 4903 707 4973 σωζομένοις,
766 4903 906 4956 κατὰ
935 4901 1026 4953 τὸν
1083 4901 1258 4972 μέγαν
1320 4899 1662 4954 ’Δπόστολον.
1725 4899 1786 4952 Ei

193 4996 256 5049 δὲ
297 4994 399 5049 καὶ
449 4997 478 5046 6
530 4994 792 5064 λογισμὸς
839 4992 932 5047 τοῦ
996 4992 1424 5062 ὁνειρασθὲντος,
1479 4991 1788 5062 ἐμπαθείας

195 5087 384 5151 ἐκτὸς,
421 5086 671 5150 κάκεῖνος
701 5085 984 5156 ἀμίαντος.
1015 5084 1081 5137 Τί
1124 5083 1303 5137 τοίνυν
1333 5083 1393 5137 τὸ
1434 5084 1525 5136 τὸν
1575 5083 1783 5152 ἄνθρω-

195 5195 303 5230 πον
338 5177 600 5248 ἀπεῖρξον
627 5180 726 5248 τῆς
779 5179 860 5240 είς
915 5175 985 5230 τὰ
1035 5176 1166 5244 ἅγια
1224 5174 1680 5246 προσελεύσεωςς
1719 5176 1782 5229 Et

198 5271 344 5342 μήτε
377 5271 405 5324 6
445 5269 704 5340 λογισμὸς
757 5270 816 5336 ἐξ
877 5267 1158 5339 ἐμπαθοῦς
1211 5266 1529 5337 ἐπιθυμίας,
1575 5267 1711 5338 μήτε
1748 5269 1780 5338 ἡ

197 5363 339 5432 σάρξ
375 5363 724 5434 ραντισθεῖσα
757 5360 834 5432 τῷ
876 5359 1186 5432 ἐκκριθέντι
1227 5359 1501 5432 σπέρματι
1552 5359 1783 5428 κέκραν-

195 5472 313 5514 ται.
345 5453 419 5508 Σύ
457 5472 548 5524 μοι
598 5455 798 5522 δοκεῖς,
854 5456 903 5507 εί
954 5456 983 5508 6
1029 5454 1128 5524 τὴν
1186 5453 1341 5525 ρύσιν
1402 5452 1593 5506 παθὼν
1625 5444 1782 5514 οὗτος

1885 4889 2168 4960 imaginati
2229 4884 2506 4940 somnium
2563 4881 2946 4946 libidinosum,
2995 4888 3150 4934 extra
3203 4875 3469 4946 concupi-

1888 4983 2153 5040 scentiam
2196 4978 2320 5042 fuit,
2354 4977 2462 5030 erit
2517 4983 2570 5030 ει
2599 4974 2690 5028 ille
2723 4974 3068 5043 impollutus.
3100 4971 3242 5038 Quid
3300 4971 3468 5042 igitur

1891 5073 2167 5131 hominem
2231 5077 2600 5126 asanctorum
2663 5079 2703 5108 In
2760 5067 2913 5121 aditu
2973 5066 3206 5131 arcebit,
3262 5065 3310 5119 si
3367 5079 3466 5118 nec

1888 5169 2153 5241 cogitatio
2211 5165 2507 5220 libidinoso
2556 5163 2856 5228 desiderio,
2921 5177 3023 5215 nec
3053 5174 3183 5214 caro
3240 5166 3467 5214 εχει-ειο

1889 5263 2100 5320 semine
2149 5270 2396 5329 aspersa,
2446 5256 2730 5327 inquinata
2782 5254 2906 5309 εειῖ
2961 5251 3174 5306 Videris
3226 5249 3359 5304 mihi
3416 5251 3463 5303 si

1888 5354 2094 5408 ﬂuxum
2153 5351 2244 5406 hic
2301 5364 2522 5420 passus,
2577 5347 2632 5402 in
2691 5346 3082 5418 imaginatione
3141 5341 3296 5396 fuitn
3336 5340 3463 5394 lecti

1888 5444 2138 5502 mulieris
2201 5442 2322 5500 viro
2383 5441 2720 5512 conjunctae,
2792 5439 2959 5495 etiam
3015 5434 3277 5492 adulterii
3329 5449 3457 5490 eum

1472 5607 1705 5664 V'ABl/E
1748 5602 2152 5662 LEC'I‘IONES.

271 5731 319 5763 ⁸³
353 5729 684 5794 διετάξαντο.

274 5828 290 5867 ι
341 5819 434 5888 qui
458 5820 666 5888 quidem
699 5817 901 5888 majore
950 5817 1010 5884 ﬁt
1043 5814 1324 5888 voluptate.
1405 5813 1432 5853 ιι
1460 5813 1548 5883 qui
1586 5809 1879 5883 vigilantes.

201 5896 231 5928 ⁸
259 5886 567 5945 εοιιίιιὸἰιιιε
597 5907 710 5944 cum
744 5886 957 5944 muliere
988 5889 1094 5941 viro
1119 5886 1416 5954 conjuncta.

1965 5806 2070 5864 lex
2127 5807 2416 5863 tentatioue
2468 5804 2732 5861 satanica.
2812 5817 2850 5844 ιη
2877 5823 2907 5859 a
2937 5821 3217 5860 sacrarum
3255 5820 3453 5859 rerum.
