3948 6572
177 474 331 536 1021

1472 468 1740 532 ΟΒΕΟΟ
1756 470 2182 537 -ΒΟΜΑΝΗΜ.

3308 472 3446 538 1022

170 587 474 659 λογισμὸς,
506 584 866 657 αὐτοκράτωρ
905 582 1036 654 ἡμῖν
1076 581 1250 645 δοθεὶς
1299 581 1364 635 ὲκ
1394 579 1551 650 Θεοῦ,
1579 581 1648 635 τὰ
1677 581 1770 652 τῆς

1903 585 1978 649 ἰο,
2005 585 2326 656 imperatrix
2370 583 2529 641 nobis
2564 597 2594 639 a
2646 582 2754 639 Deo
2786 581 2935 648 data,
2975 583 3163 639 carnis
3233 597 3446 641 resecat

177 686 394 760 σαρκὸς
427 683 727 740 ἀνακόπτει
757 679 1081 752 όρμήματα,
1129 677 1166 732 ἀ
1198 675 1287 732 διὰ
1313 675 1425 731 τῶν
1457 675 1772 747 ἀντικειμέ-

175 799 298 836 νων
324 779 604 850 λογισμῶν
633 777 774 848 αύτῇ
816 773 1195 845 ἐπεγείρονται
1221 811 1235 835 ,
1275 771 1373 826 καὶ
1401 768 1477 834 ὡς
1516 771 1575 823 ὲν
1611 768 1774 841 κημῷ

178 874 285 930 καὶ
315 871 524 944 χαλινῷ
557 869 654 932 τὰς
702 866 962 935 σιαγόνας
1006 864 1173 934 αὐτῆς
1227 863 1438 934 ἄγχων,
1475 859 1544 915 τὰ
1574 859 1775 928 ταύτης

181 961 478 1020 ἀτάσθαλα
528 955 879 1012 καταστέλλει
935 953 1293 1024 φρυάγματα.
1362 952 1427 1005 El
1483 949 1614 1020 γοῦν
1673 949 1776 1019 τῆς

181 1056 399 1127 σαρκὸς
461 1050 842 1125 πυρουμένης,
915 1046 1225 1118 ἀγχομένης
1287 1045 1344 1099 δὲ
1386 1044 1490 1098 ὑπὸ
1537 1043 1632 1098 τοῦ
1691 1042 1779 1096 λο-

182 1148 424 1221 γισμοῦ,
459 1148 554 1202 καὶ
579 1146 653 1216 μὴ
683 1139 1142 1213 συγχωρουμένης
1163 1136 1654 1210 καταφρυάξασθαι
1678 1135 1782 1206 τῆς

184 1243 400 1313 ψυχῆς,
440 1240 517 1312 μὴ
546 1238 842 1300 ἐνδιδόντος
872 1235 1008 1304 αὐτῇ
1039 1233 1133 1286 τὸν
1157 1231 1368 1304 ῥυτῆρα
1409 1230 1502 1284 τοῦ
1536 1227 1778 1300 χαλινοῦ,

189 1334 318 1390 ἀλλ’
359 1332 512 1393 ὅλαις
543 1329 698 1402 χερσὶ
750 1327 851 1393 τὰς
895 1325 1098 1394 ταύτης
1125 1322 1303 1395 ὁρμὰς
1331 1321 1781 1392 ἀνασειράζοντός

187 1444 254 1480 τι
310 1425 412 1479 καὶ
455 1420 894 1483 ἀναστέλλοντος,
948 1417 1023 1478 ὼς
1075 1417 1241 1470 τππον
1298 1413 1652 1487 έτερόγναθον
1689 1411 1784 1466 καὶ

188 1521 453 1591 δυσήνιον
485 1537 500 1551 ·
569 1514 898 1588 βιαζομένης
967 1512 1026 1566 δὲ
1099 1511 1242 1564 οῦτω
1285 1509 1382 1563 καὶ
1447 1506 1783 1581 γαργαλιζο-

194 1617 406 1686 μένης,
429 1612 464 1684 ἧ
495 1611 591 1665 καὶ
621 1608 719 1664 τοῦ
751 1605 992 1679 πονηροῦ
1021 1602 1423 1675 ἐπιτιθεμένου,
1447 1600 1784 1671 φαντασθείη

191 1705 331 1760 καθ’
371 1704 574 1767 ὕπνους
597 1719 652 1756 τι
691 1704 720 1756 6
765 1701 863 1771 τῆς
892 1699 1098 1770 σαρκὸς
1152 1697 1241 1751 τὸν
1275 1693 1511 1764 πόλεμον
1560 1691 1786 1762 ὑφιστά-

197 1815 395 1868 μενος,
448 1797 631 1851 ὁποῖον
683 1795 712 1847 6
771 1792 1028 1864 ἐμπαθὴς
1086 1788 1318 1842 ὑπέθετο
1370 1784 1660 1856 λογισμὸς,
1727 1782 1788 1838 ὃν

193 1892 224 1944 6
265 1886 648 1958 πνευματικὸς
696 1883 958 1939 ἀπώσατο
1014 1883 1109 1936 καὶ
1163 1881 1451 1950 σωτήριος,
1517 1877 1610 1930 καὶ
1643 1892 1791 1930 συνε-

198 1983 351 2052 κρυῇ
486 1932 964 2048 φαντέισῖςὶξᾷξήῖ
1158 1932 1484 2043 κᾷτάξριᾶζν
1509 1969 1622 2037 ’ἐξει
1653 1969 1790 2040 πρὸς
1821 1932 1862 1988 Β

198 2074 502 2146 ἀνθρώπου
555 2073 828 2142 διάκρισιν
884 2071 1140 2140 ἕχοντοςς
1181 2067 1246 2120 El
1302 2065 1376 2136 μή
1422 2081 1504 2128 τις
1553 2064 1646 2118 καὶ
1693 2057 1790 2131 τὴν

201 2167 523 2238 προσϐολὴν
581 2163 690 2219 τῶν
742 2161 1022 2232 λογισμῶν
1074 2159 1245 2228 αὐτὴν
1294 2156 1563 2228 αἰτιόῳτο.
1623 2154 1690 2208 0i
1733 2154 1791 2207 δὲ

207 2260 356 2313 θεῖοι
387 2257 634 2327 Πατέρες
666 2255 786 2310 οὐδὲ
815 2254 915 2324 τὴν
946 2253 1126 2322 πάλην
1146 2251 1238 2304 ὑπ’
1269 2249 1507 2305 αῑτίασιν
1532 2247 1789 2303 τίθενται.

203 2349 514 2420 Τεσσάρων
543 2347 653 2417 γὰρ
688 2344 781 2398 ἐπὶ
829 2343 930 2414 τῆς
968 2341 1245 2412 ἁμαρτίας
1294 2338 1606 2410 λεγομένων
1655 2355 1793 2407 συμ-

203 2440 448 2507 δαίνειν,
482 2437 792 2511 προσϐολῆς
854 2437 951 2489 κα)⁴
1000 2434 1183 2506 πάλης
1241 2434 1403 2503 φημὶ,
1458 2429 1794 2501 συγκαταθέ·

207 2526 361 2590 σεώς
395 2543 455 2579 τε
504 2526 600 2580 καὶ
641 2525 892 2596 πράξεως
925 2538 940 2554 ·
977 2523 1046 2577 τὰ
1079 2523 1176 2594 μὲν
1216 2521 1322 2577 τῶν
1365 2520 1794 2592 προηγουμένων

207 2619 446 2688 ἀμφοῖν,
481 2614 630 2686 παρά
662 2617 774 2679 τοῖς
813 2613 1094 2685 θεοφόροις
1129 2611 1406 2683 Πατράσιν
1437 2609 1748 2680 ἀνέγκλητα
1776 2625 1792 2641 ⁶

211 2711 246 2778 ἡ
283 2706 688 2776 συγκατάθεσις
721 2705 765 2759 δ’
794 2704 886 2760 ὑπ’
934 2704 1198 2772 αίτίασιν,
1252 2704 1328 2768 ὡς
1365 2703 1465 2774 τὴν
1515 2701 1658 2757 κατὰ
1687 2701 1798 2756 διά·

211 2817 373 2854 νοιαν
419 2798 694 2870 ἁμαρτίαν
729 2798 1045 2866 είσάγουσα.
1101 2795 1163 2849 Ἦ
1213 2794 1272 2849 δέ
1323 2811 1388 2864 γε
1439 2794 1659 2866 πρᾶξις,
1702 2792 1799 2847 κού⁸

213 2894 329 2948 ὑπὸ
381 2893 626 2949 κόλασιν.
686 2893 752 2945 Ὀ
801 2890 858 2944 δὲ
916 2891 1014 2944 καὶ
1077 2887 1390 2960 ἀμφοτέρας
1441 2887 1645 2950 ταύτας
1703 2883 1798 2938 τοῦ

214 2985 500 3059 σωτηρίου
529 2983 788 3056 λογισμοῦ
823 2982 1079 3045 νικῶντος
1101 2984 1463 3051 ἐκπέφευγεν,
1502 2979 1605 3034 ὐπὸ
1631 2978 1802 3033 κατά-

214 3096 411 3150 κρισιν
437 3078 524 3133 διὰ
551 3078 638 3145 τί;
672 3079 734 3131 Et
764 3077 864 3148 μὲν
919 3079 1030 3147 γὰρ
1087 3074 1182 3128 τοῦ
1242 3071 1506 3143 λογισμοῦ
1557 3072 1802 3143 προσδα-

213 3174 432 3237 λόντος,
481 3172 578 3227 καὶ
621 3172 758 3242 πρὸς
812 3170 1062 3238 ἀσελγεῖς
1104 3167 1399 3238 ἐπιθυμίας
1453 3166 1800 3237 κινήσαντος,

1876 680 2138 749 impetus,
2193 678 2286 750 qui
2350 693 2450 749 per
2497 676 2780 748 oppositas
2843 675 3211 746 cogitationes
3283 676 3338 732 in
3383 695 3447 732 ea

1877 771 2313 836 exsuscitantur,
2351 779 2410 826 ιιι
2461 769 2516 824 in
2557 783 2718 824 camo
2767 777 2822 822 et
2845 767 3000 823 freno
3035 767 3289 825 maxillas
3330 769 3452 839 eius

1877 864 2288 934 constringens,
2316 862 2546 918 stolidos
2585 860 2707 931 ejus
2754 859 3007 931 reprimit
3059 859 3335 917 fremitus.
3391 861 3452 915 Si

1881 954 2050 1025 igitur
2075 970 2239 1010 carne
2266 952 2625 1017 inﬂammata,
2680 962 2734 1010 et
2791 968 2818 1008 ι
2852 953 3066 1007 ratione
3121 953 3450 1019 constricta,

1881 1064 1984 1106 nec
2053 1051 2323 1120 permissa
2379 1050 2634 1106 frendere
2683 1049 2948 1106 adversus
2993 1049 3268 1113 animam,
3339 1062 3450 1102 non

1882 1142 2102 1197 laxante
2127 1142 2175 1197 ei
2209 1142 2470 1208 habenas,
2495 1143 2589 1198 sed
2622 1143 2751 1198 lotis
2788 1158 3053 1199 manuum
3094 1140 3303 1195 viribus
3330 1138 3453 1208 ejus

1883 1235 2121 1305 impetus
2153 1234 2469 1290 reirenante
2498 1243 2552 1290 et
2577 1245 2895 1301 coercente,
2929 1235 3078 1289 velut
3111 1233 3240 1303 equi
3267 1215 3456 1286 immo;

1882 1326 2047 1396 rigori
2080 1335 2135 1383 et
2163 1324 2417 1382 ell'renis:
2462 1327 2544 1382 sic
2593 1338 2773 1382 autem
2829 1333 3020 1382 coacta
3055 1334 3110 1380 et
3146 1323 3369 1379 titillata
3401 1332 3454 1384 οι,

1884 1420 1969 1475 vel
2003 1419 2166 1475 etiam
2189 1419 2429 1490 maligno
2458 1419 2771 1485 insidiante,
2801 1419 2848 1473 is
2877 1418 2968 1488 qui
2992 1417 3176 1472 carnis
3203 1414 3454 1485 praelium

1885 1511 2056 1578 subit,
2079 1511 2414 1582 imaginatus
2442 1510 2605 1565 fuerit
2638 1512 2692 1566 in
2725 1510 2937 1566 somnis
2964 1507 3266 1578 quidpiam,
3292 1503 3457 1576 quale

1889 1603 2082 1660 all‘ecta
2116 1604 2345 1659 libidine
2384 1604 2646 1674 cogitatio
2683 1602 3042 1673 suggesseril,
3093 1613 3255 1670 quam
3297 1597 3462 1668 spiri-

1886 1700 2018 1755 talis
2059 1698 2435 1768 salutarisque
2485 1698 2718 1768 expulit,
2784 1706 2838 1751 et
2882 1710 3007 1750 cum
3069 1691 3462 1763 imaginatione

1889 1806 2075 1848 semen
2108 1787 2404 1856 eﬂluxerit,
2438 1804 2603 1860 quam
2653 1784 3168 1844 condemnationem
3218 1782 3355 1838 leret
3394 1782 3463 1836 ab

1894 1882 2114 1937 homine
2137 1881 2408 1952 judicium
2435 1879 2708 1935 habente?
2737 1879 2843 1934 nisi
2879 1878 3003 1948 quis
3028 1877 3206 1947 ipsum
3239 1888 3464 1945 quoque

1892 1969 2288 2042 cogitationum
2366 1969 2650 2024 incursum
2729 1968 2932 2037 culpet.
3023 1964 3202 2020 Divini
3281 1971 3461 2018 autem

1893 2065 2088 2118 Patres
2143 2077 2322 2133 neque
2373 2061 2582 2114 luctam
2628 2059 2730 2114 sub
2781 2057 3189 2113 accusationem
3245 2061 3464 2112 vocant.

1892 2154 2028 2211 Cum
2064 2153 2210 2209 enim
2237 2159 2476 2223 quatuor
2509 2150 2643 2214 sint,
2699 2163 2816 2218 qua:
2846 2148 3106 2201 dicuntur
3151 2146 3204 2199 in
3241 2151 3464 2214 peccato

1894 2245 2161 2311 accidere,
2219 2245 2477 2298 incursus
2503 2249 2558 2296 et
2603 2241 2772 2306 lucta,
2819 2239 3068 2309 inquam,
3116 2237 3366 2292 assensio
3413 2243 3466 2288 et

1894 2341 2074 2396 actio:
2101 2352 2165 2394 ea
2188 2335 2436 2408 quidem,
2461 2349 2582 2400 qua:
2605 2334 2840 2388 duorum
2861 2338 2991 2386 sunt
3017 2327 3464 2398 praecedentium,

1896 2447 1926 2487 a
1956 2429 2217 2486 divinitus
2262 2425 2454 2482 alﬂatis
2501 2425 2756 2479 Patribus
2787 2431 2941 2478 extra
2972 2420 3187 2490 culpam
3249 2417 3463 2488 posita:

1893 2522 2144 2580 assensio
2195 2527 2376 2574 autem
2437 2518 2550 2574 sub
2616 2514 3009 2578 accusatione,
3065 2511 3214 2566 velut
3270 2509 3468 2564 mentis

1895 2623 2180 2688 peccatum
2228 2613 2528 2668 inducens:
2562 2610 2705 2665 actio
2753 2616 2935 2662 autem
2977 2605 3079 2660 sub
3107 2617 3268 2674 poma
3305 2602 3468 2658 etiam

1895 2719 2004 2764 est.
2056 2706 2162 2774 Qui
2215 2713 2399 2761 autem
2453 2703 2552 2758 has
2611 2702 2802 2755 ambas
2853 2696 3083 2754 salutari
3137 2694 3470 2764 cogitatione

1901 2803 2160 2857 vincente
2188 2798 2402 2868 cll‘ugit,
2438 2811 2538 2850 cur
2569 2788 3014 2850 condemnationi
3065 2783 3472 2855 subjiceretur?

1903 2897 1958 2951 Si
1994 2896 2142 2951 enim
2193 2884 2975 2963 cogitationeimpressionem
3024 2879 3278 2942 faciente,
3321 2883 3377 2929 et
3405 2874 3470 2927 ad

1901 2990 2194 3044 obsctenas
2222 2983 2543 3055 impellente
2570 2979 2850 3038 libidines,
2885 2975 2932 3028 is
2979 2973 3072 3042 qui
3129 2973 3233 3024 hoc
3273 2979 3472 3038 passus

1903 3089 2009 3145 est,
2045 3079 2284 3134 libenter
2310 3073 2527 3144 accepit
2551 3070 2698 3141 quod
2734 3068 2920 3124 animo
2956 3060 3378 3123 obversabatur,
3419 3063 3473 3112 et

1903 3179 2142 3228 mentem
2173 3168 2364 3224 habuit
2389 3166 2518 3220 huic
2566 3165 2972 3219 immorantem,
3000 3170 3064 3210 ac
3121 3151 3285 3208 veluti
3337 3148 3474 3204 deli-

213 3269 248 3321 6
282 3267 510 3338 πάσχων
559 3265 812 3337 ἀσμένως
873 3263 1090 3328 ἐδέξατο
1138 3263 1200 3316 τὸ
1246 3261 1520 3332 ἐνθύμιον,
1567 3261 1661 3314 καὶ
1707 3259 1798 3313 τὸν

1903 3263 2162 3326 ciantem,
2206 3258 2672 3323 meditantemque
2695 3265 2780 3318 ea,
2807 3263 2930 3319 quae
2958 3245 3026 3300 ad
3070 3243 3125 3299 id
3159 3241 3472 3314 pertinent;

215 3359 360 3414 νοῦν
411 3359 538 3429 έσχε
567 3357 742 3428 τούτῳ
775 3357 1199 3428 ἐνδιατρίϐοντα,
1252 3354 1348 3407 καὶ
1392 3350 1503 3407 οἷον
1556 3352 1806 3423 ἔνηδυνό-

221 3470 418 3526 μενον,
479 3455 574 3506 καὶ
628 3450 938 3519 μελετῶντα
985 3448 1054 3503 τά
1098 3448 1228 3518 περὶ
1281 3444 1447 3500 αὐτοῦ
1476 3461 1493 3479 ο
1551 3443 1693 3498 οὕτω
1742 3461 1804 3497 τε

215 3543 552 3615 τάνθρώπου
577 3542 942 3613 διακειμένου,
980 3540 1014 3611 ἡ
1049 3536 1318 3608 φαντασία
1359 3535 1552 3598 νυκτὸς
1605 3533 1805 3603 ὲπελή-

218 3640 416 3703 λυθεν,
446 3637 548 3690 οὐκ
577 3633 910 3704 ἀνέγκλητος
938 3644 954 3661 ⁶
990 3631 1097 3686 κᾶν
1137 3629 1266 3688 ἴσως
1310 3627 1405 3682 καλ⁸
1435 3627 1530 3698 τὴν
1561 3626 1807 3696 ἔκκρισιν

218 3729 331 3799 τῆς
363 3727 530 3798 γονῆς
559 3725 946 3796 διαπέφευγεν.
994 3724 1054 3777 Ὀ
1082 3723 1193 3794 γὰρ
1215 3721 1476 3792 λογισμὸς
1508 3721 1569 3774 ού
1602 3720 1808 3782 πάθους

225 3820 415 3885 ὲκτδς,
447 3819 563 3873 ἀλλ’
602 3817 813 3890 ἐτρώθη
857 3819 924 3887 τῇ
988 3815 1153 3886 βολίδι
1193 3814 1296 3884 τῆς
1353 3811 1682 3882 προσϐολῆς,
1714 3810 1807 3864 καὶ

226 3913 374 3986 πρὸς
429 3913 529 3984 τὴν
580 3912 718 3966 κατά
778 3910 1018 3964 διάνοιαν
1077 3906 1351 3978 ἁμαρτίαν
1404 3907 1467 3958 ὲκ
1535 3904 1808 3976 ῥᾳθυμίας

223 4005 535 4078 χαυνωθεὶς
587 4004 971 4074 ὲξωλὶσθησεν.
1022 4001 1087 4054 EE
1155 4000 1213 4054 δὲ
1272 3998 1554 4071 προσϐάλῃ
1604 3999 1701 4066 μὲν
1748 3995 1808 4049 τὸ

227 4098 514 4169 ἐνθύμιον,
542 4095 984 4169 ἀποῤῥαπισθείη
1032 4094 1078 4148 δ’
1108 4093 1325 4159 αὐτίκα,
1359 4093 1392 4162 ἦ
1438 4091 1534 4144 καὶ
1566 4091 1669 4144 ὑπὸ
1701 4089 1808 4144 πά-

228 4194 337 4260 λην
361 4192 635 4245 πεσόντων
663 4189 990 4260 ἀμφοτέρων
1033 4187 1143 4248 τῶν
1179 4185 1458 4256 λογισμῶν
1494 4184 1590 4239 καὶ
1617 4183 1810 4237 ταλαν⁴

229 4285 546 4356 τευομένων
579 4283 654 4348 ὡς
677 4285 769 4337 ἐπὶ
797 4282 1150 4349 πλάστιγγος,
1195 4283 1223 4334 6
1253 4279 1519 4350 κρείττων
1565 4275 1812 4347 περιὸρι-

231 4377 497 4448 θέστερος
533 4377 756 4447 γένηται
788 4391 803 4408 ο
847 4371 972 4429 εἶτα
1001 4374 1090 4428 διὰ
1137 4373 1234 4445 τὴν
1283 4371 1382 4442 τῆς
1432 4370 1631 4442 σαρκὸς
1681 4369 1812 4423 ἀνά-

233 4485 404 4538 γκην,
439 4469 534 4520 καὶ
561 4465 656 4520 τοῦ
702 4465 1151 4536 δυσμεναίνοντος
1198 4465 1329 4534 ἡμῖν
1380 4463 1478 4534 τὴν
1521 4462 1807 4532 ἐπήρειαν,

236 4559 514 4629 φαντασία
544 4557 832 4629 νυκτερινὴ
877 4556 1092 4627 κινήσει
1137 4555 1235 4625 τὴν
1272 4554 1470 4625 σάρκα,
1521 4553 1612 4607 καὶ
1656 4553 1809 4624 ῥύσιν

235 4650 541 4723 ἐργάσεται
598 4649 914 4721 σπέρματος
947 4665 962 4679 ·
1023 4651 1052 4703 6
1101 4646 1305 4719 ταύτην
1353 4647 1538 4701 παθὼν
1591 4647 1652 4700 οὐ
1709 4664 1804 4717 με·

239 4746 483 4814 μίανται.
521 4743 644 4807 Πῶς
672 4743 800 4814 γὰρ,
831 4743 959 4811 ὅσγε
1002 4743 1093 4797 τὸν
1139 4741 1398 4813 λογισμὸν
1438 4743 1502 4794 ἑκ
1537 4758 1812 4809 συγκατα-

237 4836 446 4898 θέσεως
489 4835 674 4904 ἀπαθῆ
703 4834 992 4905 διετήρησε
1017 4850 1034 4900 ;

314 4928 601 4998 Συμφήσει
628 4927 683 4980 δέ
717 4943 806 4997 μοι
836 4924 971 4994 πρὸς
1004 4922 1164 4978 τοῦτο
1202 4924 1296 4978 καὶ
1333 4923 1624 4996 σύμψηφος
1657 4923 1812 4976 ἔσται

239 5020 342 5073 καὶ
380 5021 410 5073 6
441 5019 731 5090 προφήτης
760 5018 855 5070 καὶ
888 5015 1174 5083 θεοπάτωρ
1205 5015 1395 5080 Δαόὶδ,
1431 5015 1608 5082 λέγων
1632 5032 1646 5046 ·
1676 5014 1812 5068 Ἔν-

239 5111 458 5178 θύμιον
475 5108 790 5176 ἀνθρώπου
813 5107 1328 5177 ἐξομολογήσεται
1359 5122 1477 5170 σοι,
1505 5106 1602 5159 καί
1636 5106 1815 5175 ἐγκα-

244 5202 544 5271 τάλειμμα
569 5201 852 5270 ἐνθυμίου
879 5199 1151 5268 ἑορτάσει
1177 5213 1294 5253 σοι.
1328 5200 1392 5252 El
1421 5199 1530 5268 γὰρ
1559 5198 1813 5269 ἐνθύμιον

243 5295 430 5367 (φησὶ)
483 5293 719 5364 πονηρὸν
757 5292 1029 5364 ἀνθρώπῳ
1074 5289 1298 5362 ἐπέλθῃ,
1335 5291 1428 5344 καλ⁵
1495 5290 1573 5362 τῷ
1621 5291 1812 5344 τούτου

241 5387 692 5458 ὲμφιλοχωρήσει
724 5385 823 5448 νοῒ,
861 5384 1229 5454 ὲνηδυνομένῳ
1249 5385 1313 5454 τῇ
1354 5384 1480 5454 περὶ
1505 5384 1664 5437 τοῦτο
1695 5385 1814 5437 δια-

244 5478 435 5550 τριδῇ,
467 5479 563 5533 καὶ⁹
601 5478 662 5531 τὸ
706 5479 846 5532 κατὰ
890 5479 1127 5533 διάνοιαν
1184 5476 1427 5530 τελοῦντι
1480 5477 1812 5549 ἁμάρτημα,

248 5571 546 5642 μετανοίας
570 5569 652 5624 δεῖ
677 5569 758 5642 τῷ
789 5571 1014 5639 τοιούτῳ
1062 5570 1154 5622 καὶ
1203 5569 1644 5640 ἔξομολογὴσεως
1663 5585 1678 5600 ο
1725 5571 1812 5624 ἵνα

1905 3365 2072 3426 atque
2114 3352 2338 3409 homine
2363 3350 2442 3405 sic
2464 3347 2680 3412 allecto,
2713 3340 2998 3416 phantasia
3031 3345 3193 3394 noctu
3253 3333 3475 3387 invase-

1902 3425 2006 3504 rit:
2048 3445 2280 3501 crimine
2301 3457 2409 3497 non
2443 3447 2628 3503 vacat,
2658 3437 2785 3491 licet
2819 3433 2964 3490 forte
3023 3439 3078 3486 et
3121 3425 3348 3484 seminis
3379 3439 3478 3478 ex-

1905 3537 2208 3594 cretionem
2258 3533 2518 3589 evaserit.
2584 3526 2856 3598 Cogitatio
2918 3522 3068 3577 enim
3138 3534 3244 3575 non
3317 3527 3473 3572 extra

1907 3628 2185 3693 allectum,
2239 3625 2333 3681 sed
2370 3620 2710 3679 incursionis
2734 3618 2922 3690 jaculo
2946 3616 3230 3671 vulnerata
3278 3620 3382 3675 est,
3426 3617 3481 3663 et

1909 3721 1976 3776 ad
2014 3721 2216 3776 mentis
2239 3726 2549 3789 peccatum,
2582 3730 2680 3784 per
2728 3712 3003 3782 pigritiam
3036 3707 3244 3762 mollita
3277 3715 3323 3771 τ,
3351 3718 3480 3773 pro»

1909 3816 2063 3885 lapsa
2098 3821 2202 3868 est.
2239 3809 2396 3876 Quod
2427 3810 2472 3863 si
2513 3807 2811 3879 cogitatum
2845 3802 3222 3857 incursionem
3253 3795 3475 3867 quidem

1909 3909 2120 3972 fecerit,
2144 3919 2334 3961 verum
2366 3901 2551 3958 statim
2584 3897 2951 3970 ignominiose
2976 3893 3255 3963 repulsum
3291 3889 3479 3951 fuerit,

1911 4001 1995 4056 vel
2013 3999 2176 4054 etiam
2211 3997 2313 4051 sub
2344 3995 2549 4048 luctam
2590 3988 2918 4045 cadentibus
2970 3985 3242 4040 ambabus
3283 3980 3484 4053 cogita-

1910 4093 2182 4158 tionibus,
2210 4097 2264 4144 et
2294 4087 2464 4144 veluti
2509 4085 2564 4138 in
2591 4083 2805 4138 trutina
2855 4080 3090 4144 libratis,
3124 4077 3318 4130 melior
3344 4089 3481 4144 pon-

1911 4185 2162 4243 derosior
2192 4182 2334 4252 ﬁat;
2378 4177 2576 4235 deinde
2626 4191 2725 4248 per
2751 4173 2934 4230 carnis
2986 4169 3391 4233 necessitatem,
3426 4176 3481 4221 et
3565 4167 3567 4170 ⁴

1913 4279 2122 4336 inimici
2153 4276 2329 4332 nostri
2355 4271 2751 4344 improperium
2775 4278 2828 4333 ³,
2868 4263 3190 4336 imaginatio
3213 4269 3481 4316 nocturna

1913 4370 2421 4431 movebitcarnem,
2451 4373 2502 4421 et
2534 4362 2741 4418 ﬂuxum
2782 4358 2981 4415 eniciet
3032 4353 3328 4426 spermatis
3352 4369 3366 4406 :
3389 4350 3482 4421 qui

1913 4477 2036 4519 eum
2079 4467 2162 4517 est
2206 4475 2427 4531 passus,
2481 4455 2805 4525 inquinatus
2859 4465 2970 4505 non
3009 4455 3113 4504 est.
3171 4445 3292 4512 Quo
3338 4443 3482 4497 enim

1907 4553 2100 4618 modo,
2131 4552 2225 4622 qui
2257 4548 2651 4624 cogitationem
2716 4545 2788 4601 ab
2850 4542 3176 4599 assensione
3222 4538 3485 4593 intactam

1917 4645 2191 4704 servavit?

1991 4924 2336 4982 Assentietur
2367 4928 2549 4975 autem
2574 4916 2705 4972 mihi
2739 4913 2807 4969 ad
2829 4914 2955 4976 hoc,
2987 4918 3043 4967 et
3098 4907 3490 4980 snﬂ‘ragabitur

1924 5019 2190 5093 propheta
2238 5022 2294 5071 et
2329 5012 2423 5067 Dei
2473 5017 2628 5081 pater
2679 5006 2869 5072 David,
2898 5000 3498 5073 inquiens:Cogitatio~

1924 5111 2147 5167 hominis
2187 5105 2520 5176 conﬁtebitur
2556 5102 2668 5167 tibi,
2733 5107 2784 5153 et
2817 5098 3053 5168 reliquid!
3110 5095 3495 5165 cogitationum

1923 5207 2059 5258 diem
2084 5202 2274 5272 festum
2299 5204 2451 5267 agent
2483 5191 2667 5249 tibi.Si
2691 5191 2836 5246 enim
2857 5180 3490 5260 ccgitatio(inqnit)mala

1925 5295 2132 5354 homini
2159 5290 2462 5362 irrepserit,
2493 5296 2546 5343 et
2585 5286 2640 5341 in
2679 5284 2801 5354 ejus
2857 5290 3042 5338 mente
3085 5277 3243 5334 sedes
3289 5272 3496 5335 lixerit,

1926 5398 2084 5460 Capta
2138 5385 2419 5456 voluptate
2466 5377 2885 5436 consuetudinis
2939 5373 3062 5444 ejus
3091 5379 3144 5428 et
3178 5366 3488 5440 perﬁciente

1927 5479 2295 5551 intelligentia
2327 5485 2610 5546 peccatum
2653 5475 2695 5540 ι,
2727 5467 3049 5542 pmnitentia
3077 5464 3127 5519 ei
3149 5476 3290 5532 opus
3321 5467 3406 5514 est
3439 5464 3492 5512 et

1921 5574 2297 5639 confessione,
2348 5579 2409 5624 ut
2464 5581 2562 5638 per
2613 5578 2707 5622 eas
2762 5559 3148 5633 cogitationem
3222 5559 3415 5626 purget
3463 5565 3495 5604 ο

1520 5756 1752 5814 ὙΑΒΙΑΞ
1795 5758 2202 5816 LECTIONES.

319 5884 346 5925 εξ
375 5872 452 5927 sic
485 5880 659 5927 autem
707 5888 863 5924 carne
909 5887 1009 5924 vtm
1039 5869 1334 5931 adhibente.
1387 5885 1448 5924 ac
1481 5871 1842 5930 titillatione»:
1866 5877 2141 5932 sentiente.

278 5952 294 5985 τ
328 5944 631 6015 perﬁciente
711 5951 978 6011 peccatum
1007 5941 1362 6012 cogitationis.

2261 5887 2280 5914 τ
2317 5892 2406 5945 per
2460 5869 2722 5942 ignaviam
2752 5866 2941 5923 laxata
3060 5871 3078 5898 ³
3112 5857 3486 5914 tentalioncm.
