3948 6578
530 471 671 540 1023

1825 472 1859 533 Ι
1867 472 1961 533 US
2000 470 2248 532 CANON
2258 472 2447 534 [CUM

3641 475 3755 540 1021

527 590 784 648 sordibus
858 587 1166 646 contractis
1230 604 1328 652 per
1395 588 1831 660 inquinationcm
1894 588 2098 659 peccati

2210 585 2299 639 διὰ
2326 584 2533 638 τούτων
2568 583 2785 656 “eam
2819 585 2912 640 τδν
2943 584 3206 658 λογισμὸν
3235 586 3331 642 τοῦ
3374 589 3440 642 ἐκ
3486 589 3580 642 τοῦ
3621 593 3758 660 μολνο

527 679 927 754 ἰηιέξιιίεειιιίπ.
985 681 1140 750 Quod
1177 684 1463 740 siirruens
1523 683 1785 752 edgitatio
1840 679 2103 737 derelicta

527 772 716 838 fuerit,
746 771 952 842 rejecta
978 773 1237 828 videlicet
1263 772 1450 838 fuerit,
1482 779 1537 829 et
1587 771 1833 828 inemcax
1880 786 2105 827 manse-

2213 679 2353 748 σμοῦ
2384 678 2486 747 τῆς
2513 678 2654 732 κατά
2693 679 2938 733 διάνοιαν
2979 681 3257 752 ἀμαρτίας
3285 681 3435 751 αύτῷ
3479 698 3758 756 προστετηο

2208 770 2364 833 κότος
2395 769 2767 841 όμὸργματος.
2801 768 2865 822 Εἰ
2899 769 2944 823 δ’
2992 771 3454 842 ἐγκαταλειφθείη
3477 773 3757 842 προσσαλὰν

527 865 619 926 rit,
651 879 763 918 non
805 865 1192 920 contaminans
1249 873 1489 921 mentem
1521 881 1536 929 ;
1568 863 1690 935 ejus
1721 863 1962 920 desertio
1997 863 2098 919 Deo

2207 862 2266 916 τὺ
2297 861 2590 932 ἐνθύμιον,
2639 861 2977 933 ἀποδληθείη
3030 862 3295 934 δηλονότι,
3355 865 3450 918 καὶ
3502 865 3758 936 ἄπρακτον

535 972 632 1028 pro
659 957 799 1012 festo
827 957 1141 1022 habebitur,
1172 973 1298 1012 cum
1327 975 1486 1014 mens
1516 959 1821 1029 improbam
1847 958 2104 1014 conside-

527 1049 795 1103 rationem
818 1057 846 1086 ν
880 1063 909 1102 a
943 1063 1003 1104 se
1042 1049 1348 1105 submovet.
1381 1049 1525 1105 Nihil
1556 1051 1702 1107 enim
1732 1049 1868 1105 adeo
1919 1049 2106 1106 Domi-

529 1155 658 1196 num
709 1139 1168 1210 oblcctat,jquam
1219 1142 1557 1198 mundities:
1600 1143 1844 1213 nihilque
1897 1143 2105 1200 mundo

529 1231 794 1286 munditie
831 1232 1069 1287 cbarius.
1115 1232 1298 1288 Placet
1334 1235 1480 1289 enim
1513 1234 1622 1289 Deo
1673 1249 1841 1304 supra
1872 1234 2104 1290 vitulum

527 1321 830 1389 jnniorem,
871 1333 922 1377 et
957 1339 1120 1393 supra
1150 1339 1313 1380 omne
1351 1326 1710 1391 sacrificium,
1747 1334 1802 1382 et
1842 1327 2100 1382 incenso-

526 1428 645 1466 rum
706 1413 842 1469 bene
871 1414 1220 1470 odoratorum
1255 1418 1608 1483 oblationem,
1643 1425 1698 1474 et
1727 1419 2101 1488 pretiosorum

526 1515 953 1577 unguentorum.
1019 1509 1248 1581 Magnus
1300 1514 1463 1567 etiam
1518 1514 1681 1570 Pater
1736 1521 1790 1569 et
1854 1529 2102 1571 summus

533 1599 894 1668 philosophus
939 1600 1228 1664 Maximus,
1291 1619 1414 1658 cum
1475 1605 1765 1676 allegorice
1807 1615 2105 1677 exponeret

527 1693 658 1744 illud
692 1711 704 1746 :
742 1691 866 1746 Non
905 1695 1156 1750 retribuet
1193 1695 1449 1752 Dominus
1477 1715 1640 1768 usque
1689 1699 1758 1753 ad
1809 1700 2019 1756 tertiam
2055 1709 2104 1754 et

524 1793 772 1854 quartam
795 1789 1205 1857 generationem,
1234 1798 1287 1845 et
1306 1791 1658 1847 occultiorem
1685 1807 1905 1848 sensum
1932 1796 2102 1848 inter-

529 1882 863 1944 pretaretur,
902 1878 1277 1934 incursionem
1317 1881 1535 1950 quidem
1569 1891 1623 1937 et
1651 1883 1851 1937 luctam
1913 1884 2094 1954 impu-

532 1981 657 2020 nem
718 1983 840 2024 esse
902 1969 997 2035 ait,
1053 1971 1429 2026 assensionem
1489 1983 1670 2028 autem
1726 1983 1779 2030 et
1827 1975 2100 2032 actionem

526 2055 827 2128 promereri
852 2061 1290 2116 retributionem.
1346 2061 1548 2116 Harum
1574 2065 1718 2120 enim
1784 2069 2098 2137 quaternio,

525 2148 711 2203 divino
739 2149 868 2204 huic
904 2159 958 2205 et
981 2152 1331 2206 sanctissimo
1385 2151 1534 2207 Patri
1574 2154 1629 2208 in
1683 2158 2100 2225 generationum

531 2239 956 2305 quaternionem
993 2249 1219 2310 excepta
1247 2251 1349 2297 est.
1382 2242 1537 2308 Quod
1565 2244 1610 2299 si
1648 2243 1715 2309 is,
1749 2247 1843 2315 qui
1875 2262 2100 2316 pravam

533 2329 702 2383 animi
735 2331 1148 2400 conceptionem
1195 2331 1408 2388 ratione
1459 2336 1761 2404 superavit,
1795 2337 1852 2391 in
1886 2338 2102 2394 somnio

529 2430 714 2478 autem
737 2423 1034 2478 libidinoso
1082 2425 1415 2495 imaginatus
1438 2435 1546 2494 est,
1584 2436 1638 2484 et
1663 2429 1894 2500 genitale
1917 2445 2102 2487 semen

525 2515 795 2579 excrevit,
831 2514 1092 2586 indignus
1117 2516 1212 2570 tibi
1238 2517 1607 2584 existimatur,
1627 2522 1722 2590 qui
1754 2522 2100 2577 incruentam

531 2603 820 2673 participet
843 2605 1121 2659 victimam
1151 2625 1164 2660 :
1198 2607 1360 2661 etiam
1387 2608 1480 2663 tibi
1511 2611 1730 2666 occasio
1763 2621 1790 2648 ι
1822 2621 1928 2688 est.
1950 2614 2099 2684 jeju-

526 2703 765 2762 nantem,
801 2697 947 2752 velut
974 2699 1440 2757 sanctiﬁcationes
1495 2703 1946 2774 participaturum
1969 2747 1984 2771 ,
2012 2699 2023 2710 ’
2052 2709 2101 2763 si

530 2801 701 2842 carne
727 2787 1048 2842 alimentum
1082 2790 1420 2860 requirente,
1478 2792 1530 2846 in
1565 2796 1837 2851 somnium
1864 2799 1911 2852 ei
1938 2797 2100 2854 fuerit

528 2877 800 2942 oblatum,
832 2880 941 2935 cibi
977 2889 1030 2936 et
1063 2889 1225 2950 potus
1245 2883 1560 2953 Opinionem
1593 2886 1877 2955 invehens,
1911 2900 1970 2946 ut
1992 2907 2100 2948 non

522 2969 764 3042 jejunum
797 2973 1018 3027 arcendi
1047 2989 1075 3028 a
1117 2976 1554 3047 participatione.
1592 2978 1932 3050 Frequenter
1952 2985 2098 3038 enim

528 3064 804 3127 usuvenit,
841 3072 903 3119 ut
937 3065 985 3122 is
1016 3067 1108 3136 qui
1139 3068 1276 3135 sitit,
1321 3069 1387 3125 ad
1418 3085 1591 3141 aquas
1641 3082 1788 3129 stare
1823 3075 2096 3139 videatur.

523 3162 580 3210 et
630 3163 660 3204 γ
695 3171 758 3210 ex
798 3156 882 3211 'iis
921 3157 1160 3224 haurire,
1219 3159 1556 3233 implereque
1604 3175 1872 3222 ventrem.
1926 3168 2098 3227 Isaias

2211 953 2391 1028 μείνῃ,
2433 954 2508 1025 μὴ
2543 952 2779 1024 μολύναν
2825 953 2919 1007 τὸν
2958 953 3106 1018 νοῦν,
3138 955 3219 1020 είς
3265 956 3460 1027 ἑορτὴν
3494 957 3570 1027 τῷ
3600 957 3754 1028 Θεῷή

2206 1045 2590 1116 ἐγκατάλειψις
2627 1045 2791 1100 αὐτοῦ
2811 1045 3216 1115 λογισθήσεται,
3248 1048 3344 1102 καὶ
3378 1049 3442 1101 τὸ
3469 1049 3756 1106 ἀποσκευά-

2208 1136 2406 1191 σασθαι
2460 1136 2550 1190 τὸν
2599 1137 2724 1190 νοῦν
2761 1136 2824 1190 τὸ
2871 1137 3108 1209 πονηρὸν
3137 1139 3429 1209 διανόημα.
3473 1140 3635 1194 Ούδέν
3663 1143 3754 1213 γὰρ

2215 1227 2357 1282 οὕτω
2392 1228 2468 1293 ὡς
2514 1228 2826 1301 καθαρότης
2855 1228 3051 1300 τέρπει
3087 1228 3182 1284 τὸν
3210 1229 3438 1302 Κύριον,
3488 1230 3585 1285 καὶ
3625 1231 3752 1287 obdito

2209 1320 2288 1392 τῷ
2321 1319 2547 1392 καθαρῷ
2577 1320 2954 1392 καθαρότητος
2979 1321 3254 1392 φίλτερον.
3301 1322 3557 1393 ’Δρέσκει
3577 1324 3750 1396 γὰρτῷ

2209 1411 2330 1483 Θεῷ
2361 1413 2502 1484 ὑπὲρ
2529 1413 2731 1486 μόσχον
2757 1413 2900 1480 νέον,
2941 1415 3034 1468 καὶ
3061 1415 3203 1484 ὑπὲρ
3233 1416 3418 1470 πᾶσαν
3445 1415 3654 1483 θυσίαν,
3677 1421 3750 1472 καὶ

2214 1501 2582 1574 θυμιαμάτων
2626 1504 2877 1574 εὐόσμων
2904 1504 3295 1576 προσαγωγὴν,
3331 1505 3427 1560 καὶ
3459 1505 3643 1578 μύρων
3671 1523 3750 1562 πο-

2208 1591 2471 1647 λυτελῶν.
2504 1593 2616 1647 Καὶ
2644 1596 2674 1648 ό
2707 1593 2880 1664 μέγας
2908 1594 2966 1648 δὲ
2998 1595 3192 1666 Πατὴρ
3221 1595 3314 1649 καὶ
3342 1595 3748 1666 φιλοσοφώτατος

2208 1685 2482 1756 Μάξιμος,
2513 1685 2828 1757 ἀλληγορῶν
2855 1687 2938 1754 τὸ,
2961 1689 3083 1741 Οὐκ
3114 1685 3416 1742 ἀποδώσει
3440 1689 3748 1758 Κύρωςὲως

2208 1776 2415 1844 τρίτης
2440 1775 2540 1830 καὶ
2586 1775 2872 1846 τετάρτης
2911 1775 3144 1846 γενεᾶς,
3173 1777 3267 1830 καὶ
3291 1777 3748 1848 ἀναγωγικὼτερον

2209 1867 2534 1938 ἑρμηνεύων
2562 1868 2716 1934 αύτδ,
2763 1869 2862 1941 τὴν
2891 1869 2993 1940 μὲν
3019 1868 3326 1952 προσϐολὴν
3348 1871 3447 1924 καὶ
3472 1869 3572 1941 τὴν
3600 1870 3749 1941 πάλην

2135 1931 2181 1993 Β
2210 1931 2559 2026 ἀτιμῶρητον
2589 1931 2728 2011 εἷναί
2757 1931 2923 2029 φησί’
2955 1931 3141 2030 τὴνδέ
3167 1977 3229 2027 γε
3259 1931 3653 2029 συγκατάθεσιν
3678 1931 3750 2015 καὶ

2206 2047 2307 2120 τὴν
2339 2049 2536 2120 πρᾶξιν
2571 2048 2854 2117 ἀξιοῦσθαι
2885 2051 3315 2115 ἀνταποδόσεως.
3354 2051 3418 2105 Ἢ
3446 2052 3553 2122 γάρ
3577 2051 3748 2107 τούτων

2206 2141 2513 2212 τετρακτὺς
2542 2141 2620 2214 τῷ
2654 2141 2784 2214 θείῳ
2817 2142 2994 2214 τούτῳ
3027 2144 3122 2199 καὶ
3160 2145 3460 2214 σοφωτάτῳ
3504 2144 3666 2216 Ilath
3685 2144 3749 2207 είς

2207 2232 2306 2304 τὴν
2337 2233 2446 2287 τῶν
2479 2233 2684 2302 γενεῶν
2734 2234 3052 2305 ὲξείληπται
3080 2235 3405 2307 τετρακτύν.
3456 2237 3521 2290 Εἰ
3557 2235 3610 2290 δέ
3636 2241 3748 2292 amb

2208 2321 2287 2394 τῷ
2334 2322 2584 2394 λογισμῷ
2631 2324 2917 2395 κρατήσας
2965 2329 3065 2395 τῆς
3113 2328 3353 2398 πονηρᾶς
3403 2326 3745 2398 ἐνθυμήσεως,

2207 2417 2267 2470 ἐν
2298 2415 2575 2488 δνειρὼξει
2627 2417 2685 2470 δὲ
2735 2417 3066 2487 φαντασθεῖς
3118 2420 3212 2474 καὶ
3251 2421 3556 2492 ἀποκρίνας
3585 2421 3745 2491 γονὴν,

2207 2508 2301 2561 τοῦ
2342 2510 2634 2578 μετασχεῖν
2665 2512 2763 2580 τῆς
2795 2509 3137 2579 ἀναιμάκτου
3173 2510 3362 2576 θυσίας
3395 2512 3600 2577 ἀνάξιος
3628 2513 3746 2583 ἥγη-

2202 2619 2329 2656 ται·
2354 2601 2473 2673 ὥρα
2505 2618 2589 2656 σοι
2617 2602 2711 2656 καὶ
2738 2603 2830 2656 τὸν
2859 2603 3211 2675 νηστεύοντα,
3246 2605 3324 2668 ὡς
3353 2605 3462 2658 τῶν
3494 2605 3744 2674 ἀγιασμά·

2203 2711 2314 2748 των
2369 2694 2689 2765 μεθέξοντα,
2743 2697 2790 2748 εῖ
2818 2695 2916 2766 τῆς
2954 2695 3155 2768 σαρκὸς
3203 2695 3414 2768 τροφὴν
3472 2697 3743 2769 ζητούσης,

2202 2785 2454 2840 ἐνύπνιον
2506 2785 2655 2856 αύτῷ
2694 2787 2940 2858 γένηται,
2985 2787 3144 2853 δόξαν
3217 2787 3429 2858 ἐπάγον
3461 2790 3656 2862 τροφῆς
3695 2805 3743 2842 τι

2205 2879 2299 2933 καὶ
2333 2879 2568 2945 πόσεως,
2599 2879 2878 2952 ἀπεῖρξαι,
2904 2880 2980 2943 ὼς
3017 2880 3090 2951 μὴ
3135 2880 3346 2950 νῆστιν,
3393 2882 3490 2952 τῆς
3533 2883 3744 2953 μεταλήο

2200 2969 2369 3039 ψεως.
2411 2971 2533 3024 Τῶν
2569 2973 2676 3043 γὰρ
2725 2972 2984 3043 συχνάκις
3012 2972 3420 3042 συμϐαινόντων
3447 2975 3557 3027 ἐστὶ
3587 2975 3645 3028 τὸ
3670 2974 3746 3027 τὸν

2201 3061 2441 3132 διψῶντα
2475 3063 2652 3118 δοκεῖν
2695 3065 2751 3117 ἐν
2782 3064 2972 3127 ὕπνοις
3023 3065 3245 3120 ἐστᾶναι
3281 3066 3416 3136 παρ’
3447 3066 3624 3130 ὕδατα,
3669 3071 3745 3122 καὶ

2200 3154 2406 3208 τούτων
2439 3154 2732 3227 ἀρύεσθαι,
2772 3156 2868 3210 καὶ
2900 3157 2997 3228 τὴν
3031 3157 3276 3230 γαστέρα
3310 3159 3577 3230 πιμπλᾷν.
3601 3160 3746 3213 Καὶό

525 3245 688 3316 hujus
713 3248 789 3302 rei
816 3248 911 3303 tibi
946 3249 1107 3305 [idem
1140 3251 1326 3320 faciat,
1351 3253 1542 3311 dicens
1573 3273 1586 3310 :
1621 3256 2094 3323 Quemadmodum

2218 3246 2448 3310 Ἡσαΐας
2471 3264 2553 3300 σοι
2585 3247 2678 3301 τὸν
2708 3247 2864 3318 λόγον
2898 3250 3192 3315 πιστούτω,
3215 3249 3422 3317 λέγων·
3460 3253 3551 3305 Ὃν
3568 3251 3745 3323 τρόπον

525 3340 761 3394 somniat
824 3341 1019 3396 sitiens
1077 3349 1132 3397 et
1181 3343 1399 3409 bibens,
1458 3357 1513 3401 et
1572 3359 1930 3419 experrectus
1981 3354 2096 3409 sitit

525 3429 727 3495 adhuc,
779 3433 960 3486 anima
991 3441 1171 3490 autem
1204 3434 1324 3506 ejus
1351 3437 1403 3491 in
1431 3454 1632 3494 vanum
1685 3444 1926 3511 speravit
1955 3459 1970 3510 ;
2017 3445 2097 3501 sic

524 3529 688 3576 erunt
743 3531 797 3577 et
831 3525 1076 3578 omnium
1130 3530 1374 3597 gentium
1419 3528 1646 3586 divitiae.
1702 3531 1816 3603 Ego
1866 3539 2096 3603 veroin

524 3627 807 3668 sacrorum
853 3615 1076 3670 Patrum
1135 3619 1426 3686 quemdam
1462 3621 1652 3686 incidi,
1692 3601 1854 3694 quem
1917 3601 2096 3683 inveni

528 3705 858 3777 martyribus
913 3707 1291 3778 adaequantem
1339 3725 1454 3775 eos,
1523 3713 1614 3783 qui
1671 3717 2096 3787 cogitationibus

525 3807 771 3868 pugnant
797 3807 848 3864 1,
898 3815 1000 3854 nec
1054 3803 1103 3855 vi
1153 3817 1346 3857 earum
1380 3807 1766 3863 succumbunt.
1825 3808 2096 3880 Tyrannis

523 3891 669 3946 enim
713 3891 920 3948 similes
951 3893 1176 3950 libidine
1206 3895 1510 3953 concitatas
1562 3900 1921 3969 cogitationes
1952 3913 1999 3959 ι.
2033 3905 2097 3960 Et

523 3982 985 4050 quemadmodum
1044 3985 1122 4040 illi
1167 4001 1196 4039 a
1241 4000 1300 4040 se
1365 3996 1555 4057 captos
1636 3990 1900 4048 libamina
1955 3994 2097 4052 ferre

527 4071 685 4126 idolis
715 4082 1027 4143 coegerunt,
1055 4074 1135 4130 sic
1151 4075 1511 4145 cogitationes
1541 4078 1750 4135 illicitis
1784 4083 2094 4140 actionibus

525 4163 806 4220 succidere
835 4167 1166 4234 compellunt
1189 4179 1238 4221 ι.
1271 4167 1336 4221 Et
1363 4171 1820 4239 quemadmodum
1877 4180 2094 4247 tyranni

527 4256 865 4324 martyribus
888 4273 998 4313 non
1028 4260 1534 4329 obtemperantibus
1556 4278 1720 4320 omne
1759 4267 1884 4321 mali
1925 4285 2096 4338 genus

524 4347 859 4415 inﬂixcrunt,
901 4349 982 4405 sic
1004 4358 1058 4404 et
1089 4351 1381 4408 invisibilis
1414 4360 1682 4424 tyrannus
1715 4372 1823 4412 non
1856 4361 2096 4416 cedenti-

524 4439 860 4510 busimpetni
883 4440 1262 4510 spiritualibus
1282 4442 1498 4499 athletis
1517 4459 1731 4500 omnem
1747 4447 2093 4505 aﬂlietiouem

526 4533 709 4599 infert,
737 4549 832 4604 per
868 4533 1050 4590 carnis
1112 4534 1450 4592 titillationes
1480 4544 1534 4592 et
1591 4537 2087 4596 inﬂammationem.

2205 3341 2594 3405 ἐνυπνιάζεται
2626 3341 2654 3394 δ
2686 3340 2858 3412 διψῶν
2897 3343 2991 3397 καὶ
3026 3342 3221 3407 πίνων,
3254 3343 3349 3397 καὶ
3379 3344 3661 3410 ἐξαναστὰς
3678 3347 3744 3398 έτι

2202 3427 2354 3500 διψᾷ,
2384 3433 2417 3502 ἡ
2451 3430 2508 3484 δὲ
2542 3430 2688 3502 ψυχὴ
2749 3432 2913 3486 αὐτοῦ
2966 3435 3048 3497 είς
3094 3435 3250 3489 κενὸν
3283 3435 3514 3505 ἤλπικεν
3536 3452 3550 3469 ο
3595 3435 3745 3500 οὕτως

2205 3519 2358 3572 ἔσται
2387 3522 2480 3573 καλ⁸
2503 3523 2531 3574 ό
2565 3520 2796 3585 πλοῦτος
2826 3522 3045 3577 πάντων
3066 3523 3174 3578 τῶν
3202 3523 3396 3579 ἐθνῶν.
3431 3525 3568 3594 Ἐγὼ
3589 3527 3742 3580 δέτινι

2205 3610 2314 3665 τῶν
2368 3611 2529 3684 ἱερῶν
2569 3615 2830 3684 Πατέρων
2879 3615 3155 3685 ἐνέτυχον,
3213 3618 3308 3670 καὶ
3359 3618 3618 3688 μάρτυσιν
3667 3617 3742 3683 £5-

2205 3705 2424 3758 ισοῦντα
2453 3705 2642 3760 τοῦτον
2685 3700 2847 3778 εὖρον
2893 3707 3019 3770 τοὺς
3050 3708 3329 3779 λογισμοῖς
3378 3710 3738 3776 πυκτεύοντας,

2203 3795 2298 3846 καὶ
2327 3798 2392 3866 τῇ
2421 3797 2624 3851 τούτων
2657 3797 2750 3870 βίᾳ
2784 3797 2859 3869 μὴ
2887 3799 3318 3866 ύποκύπτοντας.
3350 3803 3638 3874 Τυράννοις
3655 3805 3739 3875 γὰρ

2201 3885 2404 3957 ὡμοίου
2436 3891 2562 3952 τοὺς
2585 3890 2854 3959 ἐμπαθεῖς
2881 3891 3206 3963 λογισμούς·
3233 3893 3327 3946 καὶ
3355 3893 3547 3966 ῶσπερ
3575 3898 3739 3949 ἐκεῖνοι

2201 3979 2327 4042 τοὺς
2358 3979 2451 4033 ὑπ’
2489 3981 2671 4036 αὐτῶν
2719 3982 3113 4053 ἁλισκομένους
3149 3985 3384 4049 σπονδὰς
3413 3985 3645 4050 εἰδώλοις
3669 3985 3743 4056 φέο

2207 4087 2318 4142 ρειν
2347 4072 2679 4143 ἠνάγκαζον,
2725 4075 2869 4130 οὕτω
2901 4077 2964 4148 δὴ
3017 4079 3111 4131 καὶ
3150 4081 3198 4131 oi
3226 4079 3478 4149 λογισμοὶ
3519 4079 3743 4150 ἀθέσμοις

2203 4162 2466 4232 πράξεσιν
2516 4165 2854 4220 ύποκύπτειν
2897 4165 3160 4238 βιάζουσι.
3192 4169 3306 4223 Καὶ
3337 4167 3413 4234 ὡς
3441 4170 3493 4223 οἱ
3522 4169 3746 4241 τύραννοι

2205 4253 2280 4324 μὴ
2320 4255 2668 4326 πειθομένοις
2716 4261 2833 4322 τοῖς
2874 4259 3146 4330 μάρτυσιν
3177 4261 3386 4331 ἐπῆγον
3426 4263 3637 4316 ἃπασαν
3665 4260 3747 4315 κά-

2205 4364 2399 4415 κωσιν,
2431 4348 2604 4414 οὕτως
2634 4349 2738 4422 ἀρα
2780 4351 2872 4405 καὶ
2913 4353 2938 4405 ὁ
2971 4351 3200 4424 ἀόρατος
3225 4352 3488 4424 τύραννος
3535 4355 3608 4425 μὴ
3637 4352 3748 4405 ἐνδι-

2201 4438 2353 4494 δοῦσι
2399 4443 2466 4512 τῇ
2502 4443 2777 4512 προσϐολῇ
2821 4445 2934 4506 τοῖς
2985 4446 3380 4514 πνευματικοῖς
3428 4460 3748 4515 παγκρατια-

2207 4536 2363 4597 σταῖς
2391 4535 2574 4588 πᾶσαν
2604 4535 2802 4603 ἐπάγει
2835 4536 3102 4599 κάκωσιν,
3137 4537 3225 4590 διὰ
3258 4537 3646 4608 γαργαλισμῶν
3663 4535 3747 4604 τῆς

528 4623 595 4677 Et
623 4635 681 4677 ut
720 4625 798 4679 illi
829 4640 888 4680 se
918 4640 1025 4679 non
1085 4625 1492 4692 submittentes,
1536 4630 1868 4701 martyribus
1917 4647 2096 4689 annu-

2205 4627 2407 4697 σαρκὸς
2456 4628 2550 4681 καὶ
2592 4627 2914 4698 πυρώσεως.
2946 4628 3057 4682 Καὶ
3089 4628 3164 4694 ὡς
3193 4629 3391 4683 ἐκεῖνοι
3442 4629 3518 4702 μὴ
3563 4626 3746 4682 ὑποκύ-

526 4719 718 4771 merati
755 4725 904 4785 sunt,
952 4719 1078 4775 licet
1099 4736 1205 4774 non
1229 4735 1325 4789 per
1353 4720 1612 4792 gladium,
1661 4724 1748 4778 vel
1780 4724 1981 4794 ignem,
2015 4729 2100 4782 vel

523 4817 793 4862 tormenta
850 4817 1077 4864 mortem
1119 4811 1389 4864 subierint
1437 4811 1650 4881 (quales
1695 4812 1849 4869 fuere
1897 4825 2102 4888 marty-

525 4915 614 4954 res
647 4899 1022 4972 multi)eodem
1057 4903 1214 4973 plane
1241 4903 1405 4958 modo
1433 4911 1486 4958 et
1517 4905 1606 4971 iis,
1654 4906 1746 4976 qui
1780 4905 1836 4961 in
1870 4907 2100 4964 incursu

533 5001 930 5049 commotarum
966 4995 1190 5052 libidine
1220 4999 1617 5067 cogitationum
1653 5014 1762 5053 non
1812 5008 2101 5058 cesserunt

524 5085 896 5143 contentionis
933 5089 1262 5150 constantia.
1321 5090 1694 5144 testimonimn
1751 5092 2100 5148 conscientiae

526 5175 731 5230 factum
755 5186 838 5232 est
860 5177 908 5232 δ.
936 5177 1090 5243 Quod
1115 5178 1289 5233 sicubi
1323 5179 1547 5251 (inquit)
1571 5178 2019 5236 inﬂammationis
2048 5181 2099 5236 vi

526 5275 816 5339 superatus
871 5278 1024 5341 terga
1095 5272 1329 5339 dederit,
1387 5279 1444 5328 et
1508 5277 1832 5330 assensione
1899 5273 2097 5330 mentis

523 5368 806 5430 peceatum
837 5369 1096 5432 operatus
1127 5362 1200 5419 sit
1228 5380 1245 5429 ;
1279 5363 1406 5418 dein
1438 5366 1523 5420 sui
1555 5379 1782 5434 compos
1806 5366 2010 5432 factus,
2040 5377 2095 5424 et

522 5466 634 5522 quo
667 5451 872 5510 feratur
907 5469 1270 5526 cognoscens,
1310 5455 1380 5512 ab
1410 5457 1623 5514 actione
1661 5457 2008 5524 abstinuerit,
2039 5469 2093 5514 et

2203 4721 2425 4790 ψαντες,
2474 4723 2588 4785 τοῖς
2623 4722 2861 4792 μάρτυσι
2898 4722 3370 4793 συνηρίθμηνταιο
3403 4721 3510 4776 κᾶν
3558 4722 3628 4793 μὴ
3670 4721 3744 4774 τὸν

2203 4811 2291 4864 διὰ
2336 4810 2524 4878 ξίφους
2554 4809 2587 4879 ἢ
2624 4810 2795 4881 πυρὸς
2842 4811 2875 4883 ἢ
2912 4810 3160 4880 βασάνων
3193 4810 3506 4881 ὑπέστησαν
3544 4810 3744 4864 θάνατον

2203 4897 2327 4974 (οἷοι
2356 4903 2540 4956 πολλοὶ
2562 4902 2820 4971 γεγόνασι
2850 4902 3174 4974 μάρτυρες)⁶
3192 4903 3284 4956 τὸν
3309 4902 3474 4956 αὑτὸν
3491 4901 3554 4968 δὴ
3569 4901 3743 4971 τρόπον

2201 4997 2295 5049 καὶ
2321 4997 2436 5059 τοῖς
2473 4997 2532 5048 ἐν
2556 4999 2622 5066 τῇ
2660 4995 2934 5066 προσϐολῇ
2965 4995 3078 5049 τῶν
3105 4994 3371 5065 ἐμπαθῶν
3396 4992 3661 5064 λογισμῶν
3681 4990 3740 5060 μὴ

2201 5088 2475 5159 χαλάσασι
2505 5089 2564 5142 τὸ
2591 5087 2810 5142 εὔτονον
2837 5089 2937 5160 τῆς
2970 5089 3300 5156 ἐνστάσεως,
3324 5089 3386 5143 τὸ
3429 5088 3569 5143 κατά
3595 5085 3741 5139 συνεί-

2199 5182 2357 5250 δησιν
2408 5181 2709 5254 μαρτύριον
2765 5181 3017 5253 ήνυσται.
3073 5183 3136 5236 Ei
3186 5182 3246 5236 δέ
3278 5199 3382 5236 που
3441 5180 3615 5253 (φησὶ)
3665 5177 3739 5232 καὶ

2200 5270 2454 5340 ύπενδοίη
2502 5275 2569 5342 τῇ
2628 5271 2721 5344 βίᾳ
2771 5271 3076 5342 νικώμενος
3131 5273 3229 5343 τῆς
3281 5271 3616 5345 πυρώσεως,
3664 5267 3739 5322 καὶ

2202 5364 2713 5434 συγκαταθέσειτὴν
2732 5364 2876 5419 κατὰ
2895 5365 3137 5420 διάνοιαν
3157 5366 3434 5437 ἁμαρτίαν
3453 5365 3734 5437 ἐργάσαιτο,

2200 5453 2301 5511 εἷθ’
2351 5455 2547 5510 ἑαυτοῦ
2589 5455 2848 5525 γεγονὼς,
2896 5459 2990 5512 καὶ⁵
3011 5459 3116 5529 ὅπη
3158 5458 3386 5530 φέρεται
3410 5459 3585 5528 γνοὺς,
3622 5456 3736 5510 ἀπο·

1811 5635 2048 5693 VARI/E
2089 5633 2492 5692 LECTIONES.

597 5753 626 5782 ιι
653 5747 1026 5818 cogitationis.

529 5817 760 5872 tionibus
785 5821 1160 5873 colluctantnr.

1106 5760 1130 5785 ν
1153 5752 1546 5820 cogitationem.
1627 5761 1651 5792 ι
1678 5763 1880 5816 tempus
1912 5764 1988 5808 est
2014 5754 2370 5823 jejunantem,
2401 5761 2457 5806 nt
2502 5761 2840 5824 sacramenta
2867 5752 3146 5824 percipiat.
3222 5761 3253 5802 γ
3281 5753 3372 5824 qui
3413 5768 3529 5807 cum
3563 5752 3734 5824 cogita-

1238 5831 1260 5857 ³
1289 5824 1628 5894 comparabat
1654 5826 1870 5880 vitiosas
1895 5826 2260 5894 cogitationes.

2337 5838 2362 5864 ι
2391 5823 2747 5876 succumbere.
2819 5825 2845 5862 δ
2878 5833 2926 5878 et
2968 5825 3030 5877 ab
3060 5823 3190 5884 illis,
3215 5822 3306 5892 qni
3346 5824 3401 5877 in
3429 5822 3729 5892 aggressione

529 5888 842 5944 vitiosarum
890 5889 1264 5955 cogitationum
1319 5888 1750 5952 decontcntione
1823 5888 2068 5951 obstandi
2115 5896 2192 5950 nil
2239 5894 2572 5959 remiserunt,
2642 5895 2982 5951 conscientia:
3005 5888 3320 5966 martyrium
3361 5888 3730 5964 estperactm.
