3948 6580
185 309 345 380 1025

1483 315 2198 380 GR/ECO‘ROMANUM.

3321 319 3460 387 1026

185 427 358 498 σταίη
390 423 490 497 τῆς
522 423 799 496 πράξεως,
836 425 932 481 καὶ
961 425 1054 481 τὸν
1093 426 1355 501 λογισμὸν
1383 431 1612 488 τονὼσει
1648 435 1782 507 πρὸς

1897 433 2276 504 cOgitationem
2339 432 2682 490 conﬁrmarit
2714 433 2780 490 ad
2834 449 3096 508 pugnam,
3155 445 3211 494 et
3267 443 3466 500 mentis

181 513 468 582 ἔνστασιν,
499 515 594 569 καὶ
623 516 1114 588 ἀποκρούσεταιτδ
1139 519 1415 591 ἐνθύμιον,
1441 523 1564 577 ούδέ
1593 525 1780 579 τοῦτον

182 609 288 662 τοῦ
340 614 486 663 κατὰ
520 610 829 681 συνείδησιν
861 613 1163 685 μαρτυρίου
1193 613 1342 684 λέγει
1374 617 1778 689 στερίσκεσθαι.

202 700 370 754 Ἐπεὶ
399 701 524 772 μηδ’
553 700 614 764 ὃς
653 705 722 774 τῇ
757 701 848 775 βίᾳ
867 704 980 759 τῶν
1009 705 1283 762 κολάσεων
1313 708 1595 774 ὑπενδοὺς,
1633 710 1782 765 θύειν

188 792 492 863 ὑπέσχετο,
532 789 652 848 εἶτα
687 795 768 868 τῷ
799 794 972 866 βωμῷ
1001 797 1336 868 προσαχθεὶς
1361 798 1456 853 τοῦ
1492 799 1644 855 θύειν
1676 801 1781 855 ἀπα

187 884 409 955 ἔσχετο,
444 884 556 938 τῶν
588 887 945 959 μαρτυρικῶν
981 891 1298 944 ἐκπεσεῖται
1327 893 1531 964 γερῶν.

279 977 445 1031 Ἀλλά
491 980 628 1048 φασί
657 996 803 1042 τινες
840 981 968 1044 τοὺς
1001 981 1172 1036 ταῦτα
1203 983 1650 1054 δογματίζοντας,
1687 987 1782 1040 καὶ

185 1068 555 1132 διδάσκοντας
587 1069 790 1139 λέγειν,
825 1070 904 1136 ὡς
935 1072 1032 1126 καὶ
1064 1075 1092 1126 ὁ
1125 1074 1299 1145 μέγας
1343 1074 1622 1142 Βασίλειος
1654 1079 1783 1150 περὶ

186 1158 389 1213 τούτου
441 1161 744 1232 ἐρωτηθεὶς
792 1164 1020 1236 ἀπεῖρξε
1052 1167 1180 1230 τοὺς
1210 1168 1488 1234 τοιούτους
1533 1170 1633 1240 τῆς
1674 1172 1784 1227 τῶν

189 1253 562 1323 ἀγιασμάτων
615 1253 908 1324 μεθέξεως.
971 1259 1200 1313 Δοκοῦσι
1249 1261 1308 1314 δέ
1363 1279 1452 1333 μοι
1477 1264 1524 1316 oi
1571 1267 1636 1336 τῇ
1689 1265 1783 1319 τοῦ

187 1340 358 1406 ἁγίου
390 1342 584 1397 τούτου
631 1345 849 1414 Πατρὸς
883 1348 1176 1420 ἀποκρίσει
1209 1351 1486 1424 χρώμενοι
1523 1355 1655 1423 πρὸς
1685 1357 1785 1429 τὴν

186 1435 294 1503 τῆς
351 1436 566 1500 οἰκείας
621 1437 930 1503 ἐνστάσεως
963 1441 1255 1510 σύστασιν,
1297 1445 1578 1515 ἣέκόντες
1628 1450 1785 1519 μύειν

191 1527 338 1598 πρὸς
361 1529 464 1598 τὴν
496 1529 779 1601 ἀλήθειαν,
807 1532 840 1604 ἢ
871 1534 961 1588 τὸν
985 1534 1110 1590 νοῦν
1141 1535 1216 1607 μὴ
1249 1539 1487 1593 συνιέναι
1513 1541 1614 1612 τῆς
1651 1543 1788 1597 ἁπο-

189 1619 460 1690 κρίσεως.
509 1622 833 1693 Ἀναγκαῖον
864 1626 922 1680 δὲ
952 1629 1045 1681 καὶ
1072 1629 1242 1700 αὐτῆς
1284 1632 1422 1702 πρὸς
1453 1634 1603 1703 ῥῆμα
1648 1652 1785 1706 μνη-

193 1709 402 1782 σθῆναι
424 1713 523 1778 τῆς
546 1716 892 1786 ἐρωτήσεως,
919 1720 1013 1772 καὶ
1036 1719 1137 1789 τῆς
1158 1721 1294 1791 πρὸς
1315 1723 1486 1796 αὐτὴν
1504 1725 1597 1778 τοῦ
1621 1727 1784 1796 σοφοῦ

190 1803 415 1858 ἐκείνου
462 1807 558 1860 καὶ
615 1807 764 1862 θείου
839 1811 1056 1883 Πατρὸς
1113 1813 1480 1886 ἀποκρίσεως.
1520 1817 1674 1888 Ἔχει
1719 1819 1784 1892 δὴ

190 1895 474 1967 ἐρώτησις
511 1897 705 1964 οὕτως’
742 1901 805 1954 Εί
839 1902 948 1956 τῶν
1003 1904 1248 1976 συνήθων
1291 1906 1386 1961 καὶ
1435 1909 1577 1962 κατὰ
1626 1912 1787 1978 φύσιν

191 1989 510 2058 γινομένων
538 1993 668 2058 τινὶ,
695 1993 801 2062 χρὴ
831 1993 1040 2066 τολμᾷν
1062 1996 1141 2060 είς
1165 1999 1450 2053 κοινωνίαν
1475 2000 1584 2054 τῶν
1610 2003 1784 2071 ἁγίων

195 2082 640 2153 παραδέχεσθαι.
673 2085 816 2138 'Hrﬁ’
843 2087 1136 2159 ἀπόκρισις
1166 2089 1331 2144 οὕτωσ
1361 2092 1664 2164 Κρείττονα
1685 2097 1787 2166 τῆς

195 2172 424 2238 φύσεως
477 2177 576 2230 καὶ
634 2177 735 2246 τῆς
774 2179 1066 2250 συνηθείας
1113 2181 1314 2250 ἔδειξεν
1367 2187 1394 2238 ὁ
1463 2185 1787 2252 Ἀπόστολος

193 2261 342 2320 εἶναι
388 2268 481 2322 τὸν
535 2271 594 2322 ἐν
644 2270 723 2342 τῷ
774 2272 1071 2346 βαπτισμῷ
1125 2277 1468 2347 συνταφέντα
1519 2281 1784 2352 Χριστῷο

194 2361 337 2414 ποτέ
374 2360 474 2431 μέν
505 2362 697 2429 είπὼν,
731 2364 816 2417 ὅτι
845 2367 874 2418 ὁ
906 2366 1136 2430 παλαιὸς
1169 2369 1326 2439 ἡμῶν
1352 2370 1639 2443 ἄνθρωπος
1665 2390 1788 2430 συν-

195 2453 547 2526 εσταυρὼθη,
580 2455 668 2508 ἵνα
699 2459 1025 2531 καταργηθῇ
1058 2461 1118 2514 τὸ
1151 2462 1313 2533 σῶμα
1339 2465 1438 2537 τῆς
1487 2466 1786 2537 ἁμαρτίας,

198 2543 298 2597 τοῦ
349 2547 552 2617 μηκέτι
600 2548 875 2603 δουλεύειν
912 2553 1061 2622 ἡμᾶς
1103 2557 1171 2626 τῇ
1229 2556 1507 2628 ἁμαρτίᾳ·
1543 2559 1672 2612 ποτὲ
1729 2560 1788 2614 δὲ

197 2638 611 2708 παραγγείλας,
645 2641 980 2714 Νεκρώσατε
1007 2643 1102 2698 οῦν
1131 2646 1201 2699 τὰ
1237 2647 1374 2719 μέλη
1406 2649 1562 2719 ὑμῶν
1603 2651 1670 2705 τὰ
1693 2651 1788 2706 ἐπὶ

195 2728 308 2796 τῆς
353 2734 483 2802 γῆς,
531 2734 811 2804 πορνείαν,
847 2735 1217 2807 ἀκαθαρσίαν,
1255 2731 1446 2807 πάθος,
1492 2743 1790 2814 ἐπιθυμίαν

200 2823 417 2892 κακὴν,
441 2825 536 2877 καὶ
558 2825 656 2896 τὴν
678 2826 1015 2894 πλεονεξίαν,
1039 2831 1160 2902 ἥτις
1183 2832 1332 2885 ἐστὶν
1351 2834 1786 2907 είδωλολατρεία·

200 2915 277 2969 δι’
315 2915 352 2970 ἀ
397 2917 620 2989 ἔρχεται
660 2922 694 2991 ἡ
728 2921 866 2992 ὀργὴ
911 2922 1006 2976 τοῦ
1040 2923 1174 2977 Θεοῦ
1212 2925 1304 2978 ἐπὶ
1340 2927 1467 2990 τοὺς
1497 2927 1648 2992 υἱοὺς
1691 2932 1791 3000 τῆς

202 3009 524 3075 ἀπειθείας.
583 3013 719 3067 Ποτέ
767 3014 823 3067 δὲ
851 3015 976 3086 ὅρον
1009 3016 1326 3088 ἐκθέμενος,
1363 3019 1420 3073 ἐν
1465 3019 1544 3091 τῷ
1579 3022 1788 3076 εἰπεῖν·

1885 533 2208 596 conceptum
2247 525 2552 595 expulerit:
2582 540 2758 598 neque
2793 526 2938 582 hunc
3000 529 3350 585 conscientia:
3382 541 3465 588 te-

1886 614 2156 670 stimonio
2185 627 2206 654 ο
2232 615 2436 686 privari
2467 617 2619 672 dicit.
2656 617 2788 671 Nam
2815 632 2914 673 nec
2944 618 3037 689 qui
3067 627 3462 676 tormentorum

1886 707 2062 764 dolori
2089 709 2317 775 cedens,
2361 710 2804 766 sacriﬁcaturqu
2868 726 2930 766 se
2969 713 3244 782 promisit,
3274 715 3469 770 deinde

1885 803 1953 857 ad
2011 805 2468 860 aramadductus
2501 820 2530 858 a
2570 803 2936 860 sacriﬁcando
2986 805 3278 875 abstinuit,
3320 822 3467 861 mar-

1886 899 2063 964 tyrum
2088 893 2393 964 privabitur
2417 894 2678 964 praemiis.

1959 983 2163 1040 Verum
2220 987 2377 1041 aiunt
2426 986 2595 1056 aliqui
2641 1000 2757 1051 eos,
2795 985 2888 1058 qui
2925 986 3042 1042 haec
3075 985 3376 1041 instituunt
3409 991 3465 1040 et

1888 1079 2110 1144 docent,
2155 1079 2338 1135 dicere
2364 1121 2380 1149 ,
2430 1080 2576 1151 quod
2607 1087 2684 1146 {et
2741 1096 2972 1152 magnus
3025 1079 3259 1135 Basilius
3290 1078 3359 1134 de
3400 1092 3467 1132 eo

1888 1172 2284 1242 interrOgatus,
2341 1174 2474 1228 tales
2507 1173 2850 1244 prohibuerit
2884 1188 2914 1227 a
2963 1172 3462 1228 sanctiﬁcationum

1887 1262 2334 1334 participatione.
2397 1262 2669 1318 Videntur
2721 1269 2904 1316 autem
2956 1260 3112 1325 mihi,
3146 1259 3239 1330 qui
3291 1256 3468 1314 sancti

1887 1355 2055 1425 hujus
2093 1352 2274 1410 Patris
2306 1354 2662 1424 responsione
2693 1352 2759 1407 ad
2807 1368 2921 1408 suae
2953 1351 3229 1405 instantiae
3258 1348 3468 1404 consti-

1889 1450 2154 1504 tutionem
2187 1454 2420 1502 utuntur
2444 1447 2496 1512 ιι,
2526 1447 2611 1501 vel
2630 1446 2872 1501 volentes
2908 1445 2974 1500 ad
3012 1445 3295 1499 veritatem
3333 1456 3468 1496 con-

1887 1540 2095 1604 venire,
2127 1539 2212 1594 vel
2244 1546 2481 1593 mentem
2531 1537 2914 1610 reSponsionis
2966 1551 3075 1590 non
3133 1535 3459 1605 intelligere.

1888 1627 2124 1686 Necesse
2171 1636 2350 1684 autem
2383 1638 2467 1684 est
2519 1627 2969 1698 interrogationis
3011 1626 3173 1680 verba
3228 1625 3319 1680 hic
3370 1627 3468 1678 ad-

1891 1722 2154 1789 scribere,
2183 1731 2237 1777 et
2261 1722 2326 1777 ad
2360 1737 2477 1776 eam
2512 1720 2670 1775 iactae
2702 1735 2731 1774 a
2773 1720 3021 1790 sapiente
3042 1719 3136 1772 illo
3172 1717 3471 1785 divinaque

1892 1816 2054 1871 Patre
2071 1814 2468 1885 responsionis.
2489 1813 2656 1869 Plane
2685 1813 2765 1869 sic
2791 1829 2850 1869 se
2879 1813 3042 1867 habet
3072 1810 3464 1881 interrOgatio:

1893 1907 1951 1962 Si
1983 1915 2249 1963 consueta
2285 1914 2342 1962 et
2394 1905 2672 1960 naturalia
2725 1902 2963 1973 cuipiam
3030 1900 3354 1966 acciderint,
3400 1914 3467 1952 an

1888 2008 2138 2070 oporteat
2171 2002 2227 2053 in
2255 1998 2697 2054 communionem
2735 2006 3052 2051 sanctorum
3083 1992 3372 2048 admittere
3402 2003 3426 2033 ο
3447 1991 3473 2045 ?

1890 2092 2196 2163 Responsio
2221 2099 2402 2145 autem
2429 2090 2484 2145 in
2515 2091 2661 2144 hunc
2695 2089 2918 2143 modum
2942 2105 2954 2140 :
2977 2086 3250 2141 Meliorem
3272 2092 3469 2138 natura

1889 2193 1943 2243 et
1965 2183 2364 2241 consuetudine
2393 2182 2410 2222 τ
2442 2182 2681 2237 ostendit
2715 2180 3016 2251 Apostolus
3040 2193 3162 2233 esse
3190 2192 3338 2241 eum,
3374 2175 3466 2246 qui

1889 2278 1945 2334 in
1985 2279 2252 2349 baptismo
2279 2291 2403 2332 cum
2433 2275 2656 2330 Christo
2711 2273 2961 2344 sepultus
2988 2281 3072 2326 est
3123 2289 3138 2326 :
3171 2283 3319 2324 nunc
3343 2269 3469 2340 qui-

1890 2373 2012 2428 dem
2042 2372 2254 2436 dicens,
2281 2382 2519 2426 veterem
2547 2375 2798 2422 nostrum
2823 2365 3102 2420 hominem
3147 2363 3308 2417 simul
3339 2375 3470 2414 cru-

1891 2464 2115 2519 ciﬁxum
2149 2477 2294 2529 esse,
2327 2471 2384 2516 ut
2424 2461 2676 2516 solvatur
2729 2473 2930 2529 corpus
2975 2455 3206 2527 peccati,
3241 2469 3309 2508 ne
3349 2450 3472 2506 aiis-

1892 2555 2036 2626 plius
2065 2555 2371 2611 serviamus
2403 2560 2667 2622 peccato:
2709 2549 2846 2604 alias
2883 2558 3062 2602 autem
3117 2544 3468 2616 praecipiens:

1893 2644 2220 2702 Mortiﬁcate
2262 2643 2430 2714 igitur
2483 2640 2729 2695 membra
2799 2645 3005 2700 vestra,
3053 2649 3176 2704 qua:
3248 2639 3379 2689 sunt
3415 2633 3472 2685 in

1891 2746 2062 2804 terra,
2121 2735 2544 2798 scortationem,
2625 2729 3048 2794 immunditiem,
3104 2725 3472 2787 affectionem.

1892 2830 2408 2899 concupiscentiam
2440 2841 2689 2897 pravam,
2721 2831 2774 2878 et
2839 2823 2964 2893 plus
2994 2817 3227 2874 habendi
3259 2817 3473 2888 cupidi-

1893 2931 2059 2978 tatem
2092 2925 2137 2987 ε,
2179 2936 2301 2992 quae
2326 2928 2408 2976 est
2443 2919 2775 2983 idololatria,
2807 2931 2902 2986 per
2938 2930 3060 2985 quae
3082 2913 3232 2967 venit
3265 2911 3345 2966 ira
3376 2909 3472 2964 Dei

1897 3015 1951 3070 in
1995 3015 2137 3070 ﬁlios
2174 3011 2582 3069 inobedientiae.
2616 3009 2758 3064 Alibi
2777 3017 2956 3062 autem
2981 3005 3273 3059 terminum
3303 3017 3472 3072 expo-

203 3103 276 3204 0:!
311 3104 369 3157 δὲ
395 3105 490 3157 τοῦ
536 3106 775 3174 Χριστοῦ
835 3109 1014 3178 Ἰησοῦ
1048 3109 1148 3181 τὴν
1203 3111 1384 3183 σάρκα
1435 3114 1789 3184 ἐσταύρωσαν

1897 3125 2053 3171 nens,
2115 3107 2354 3163 dicendo
2387 3125 2401 3160 :
2433 3105 2538 3169 Qui
2595 3112 2778 3158 autem
2839 3101 2967 3156 Jesu
2997 3098 3199 3154 Christi
3249 3109 3470 3151 carnem

205 3194 312 3248 σὺν
349 3199 466 3259 τοῖς
498 3199 786 3270 παθήμασι
822 3203 918 3256 καὶ
964 3205 1086 3266 ταῖς
1129 3203 1472 3274 ἐπιθυμίαις.
1537 3206 1678 3276 Ἐγὼ
1733 3209 1790 3262 δὲ

1897 3203 2288 3257 cruciﬁxerunt
2323 3213 2444 3252 cum
2480 3193 2866 3252 aﬁ‘ectionibus
2902 3198 2956 3247 et
2986 3186 3473 3260 concupiscentiis.

203 3287 412 3356 ἔγνων,
445 3290 528 3344 ὅτι
562 3291 738 3346 ταῦτα
770 3293 867 3348 καὶ
901 3295 1266 3369 κατωρθώθη,
1291 3296 1428 3351 Θεοῦ
1463 3300 1668 3372 χάριτι,
1697 3302 1794 3356 καὶ

199 3381 270 3431 ἐν
304 3381 557 3452 ἀνδράσι,
581 3387 675 3437 καὶ
696 3387 754 3440 ἐν
780 3387 1020 3455 γυναιξὶ,
1053 3387 1236 3442 πίστει
1264 3391 1331 3462 τῇ
1359 3391 1440 3455 είς
1469 3391 1561 3446 τὸν
1586 3393 1792 3464 Κύριον

201 3473 436 3546 γνησίᾳο
1761 3529 1778 3548 .

282 3564 393 3618 Τοῦ
445 3565 502 3619 δὲ
552 3568 611 3622 ὲν
669 3568 980 3643 ἀκαθαρσίᾳ
1032 3572 1162 3627 ὄντα
1211 3575 1333 3629 τινά
1386 3575 1629 3646 ἐγγίζειν
1677 3579 1794 3643 τοῖς

205 3656 413 3726 ἁγίοις,
437 3659 532 3713 καὶ
570 3661 633 3713 ἐκ
667 3660 770 3732 τῆς
800 3663 1042 3728 Παλαιᾶς
1075 3667 1353 3738 Διαθήκης
1388 3667 1618 3740 φοὸερὸν
1646 3670 1794 3724 διδα-

206 3750 460 3819 σκόμεθα
487 3751 547 3804 τὸ
585 3755 779 3823 κρῖμα.
813 3755 875 3808 Ei
912 3755 970 3809 δὲ
996 3757 1181 3812 πλεῖον
1213 3760 1306 3814 τοῦ
1338 3761 1485 3832 ίεροῦ
1525 3756 1662 3831 ὦδε,
1697 3782 1795 3834 φο-

206 3841 423 3913 ϐερὼτε
433 3861 522 3914 ρον
546 3846 809 3915 δηλονότι.
833 3848 1123 3904 Παιδεύσει
1144 3851 1198 3904 δὲ
1217 3853 1367 3922 ἡμᾶς
1389 3855 1416 3906 ὁ
1451 3854 1791 3922 Ἀπόστολος,

209 3935 408 3989 εἰπών’
455 3937 513 3990 Ὅ
551 3937 745 3993 ἐσθίων
778 3941 874 3994 καὶ
905 3941 1075 3996 πίνων
1107 3943 1364 4008 ἀναξίως,
1410 3947 1586 4016 κρῖμα
1617 3947 1798 4019 ἐαυτῷ

211 4025 392 4080 ἐσθίει
450 4029 545 4082 καὶ
583 4031 747 4085 πίνει.
798 4032 893 4086 Ἐκ
929 4033 1060 4104 γοῦν
1093 4036 1202 4090 τῶν
1233 4038 1496 4108 ῥημάτων
1531 4040 1625 4110 τῆς
1655 4039 1794 4094 ἀπο-

212 4118 457 4190 κρίσεως
490 4120 762 4178 δείκνυται
789 4123 865 4189 ὡς
896 4127 925 4180 ὁ
957 4128 1131 4196 μέγας
1164 4121 1318 4193 οὗτος
1351 4129 1543 4202 Πατὴρ
1571 4131 1632 4184 οὐ
1670 4131 1800 4202 περὶ

209 4208 565 4277 ἀφαντάστου
614 4213 855 4284 ῥεύσεως
887 4218 1130 4289 εἴρηκεν,
1175 4219 1295 4272 οὐδὲ
1339 4220 1470 4291 περὶ
1517 4238 1799 4291 πεφαντα-

215 4301 432 4370 σμένης
474 4302 594 4374 μέν,
625 4304 934 4376 ἐμπαθείας
958 4308 1015 4361 δὲ
1047 4310 1346 4381 γενομένης
1375 4313 1566 4382 χωρὶς,
1605 4313 1700 4367 καὶ
1733 4309 1800 4388 ἧς

218 4389 494 4462 ἐπιθυμία
524 4393 585 4445 ού
622 4399 976 4468 προηγήσατο
1001 4412 1014 4426 ·
1049 4398 1082 4469 ἢ
1127 4401 1231 4452 κᾶν
1267 4399 1396 4464 ἴσως
1427 4403 1523 4455 καὶ
1554 4406 1802 4477 προηγή-

1894 3292 2007 3362 Ego
2038 3300 2216 3346 autem
2250 3291 2366 3344 scio
2402 3289 2515 3344 hazc
2545 3288 2710 3342 etiam
2761 3293 3008 3340 correcta
3069 3281 3241 3337 fuisse
3271 3281 3322 3344 ιι,
3379 3279 3471 3333 Dei

1893 3385 2087 3454 gratia,
2111 3389 2164 3436 et
2182 3382 2238 3435 in
2256 3380 2410 3445 viris,
2430 3379 2554 3435 etin
2596 3375 2937 3442 mulieribus,
2966 3375 3178 3430 sincera
3212 3371 3265 3426 in
3291 3369 3474 3426 Domi-

1894 3490 2024 3530 num
2059 3472 2181 3528 ﬁde.

1967 3579 2104 3634 Eum
2165 3585 2372 3645 autem,
2434 3574 2528 3647 qui
2575 3581 2660 3630 est
2713 3573 2770 3628 in
2817 3568 3222 3636 immunditiei,
3274 3579 3476 3637 appro-

1897 3673 2164 3744 pinquare
2202 3671 2430 3735 sanctis,
2503 3668 2670 3723 etiam
2725 3681 2790 3721 ex
2857 3662 3056 3719 Vetere
3117 3661 3478 3716 Testamento

1899 3767 2144 3822 terribile
2187 3765 2450 3819 docemur
2485 3760 2780 3832 judicium.
2814 3755 2971 3824 Quod
3005 3756 3051 3810 si
3085 3765 3172 3810 est
3202 3754 3294 3810 hic
3347 3752 3475 3824 plus

1901 3873 2084 3921 sacro,
2140 3852 2499 3911 terribiliusi
2552 3850 2829 3906 videlicet.
2863 3847 3090 3902 Docebit
3139 3853 3320 3901 autem
3374 3859 3477 3899 nos

1897 3951 2215 4021 Apostolus,
2247 3947 2474 4002 dicens:
2500 3942 2844 3998 Manducans
2888 3945 2942 3995 et
3002 3938 3197 3994 bibens
3233 3935 3475 4005 indigne.

1895 4042 2165 4114 judicium
2193 4039 2300 4096 sibi
2351 4037 2650 4092 manducat
2684 4042 2738 4090 et
2772 4031 2933 4088 bibit.
2966 4029 3157 4099 Itaque
3187 4045 3255 4084 ex
3288 4029 3472 4083 verbis

1897 4133 2187 4204 responsio
2212 4127 2540 4194 ostenditur,
2593 4126 2740 4196 quod
2773 4137 3006 4188 magnus
3065 4121 3159 4176 hic
3205 4119 3369 4175 Pater
3400 4117 3472 4173 de

1899 4223 2048 4279 ﬂuxu
2087 4223 2226 4278 citra
2281 4217 2728 4290 imaginationem
2782 4213 2930 4269 facto
2977 4227 3085 4267 non
3132 4211 3354 4265 locutus
3381 4207 3476 4273 sit,

1902 4333 2079 4388 neque
2111 4314 2178 4370 de
2205 4328 2296 4380 eo,
2327 4312 2423 4382 qui
2468 4308 2914 4380 imaginationem
2966 4301 3185 4375 quidem
3258 4300 3477 4367 habuit,

1903 4410 1996 4465 sed
2027 4406 2196 4463 animi
2233 4403 2649 4476 perturbatione
2689 4400 2717 4441 ι
2750 4399 2952 4463 caruit,
2987 4404 3042 4453 et
3073 4395 3478 4464 concupiscen-

215 4499 376 4550 σατο,
412 4484 534 4538 ἀλλ’
572 4488 884 4560 ἀπεϐλήθη,
919 4489 1014 4543 τοῦ
1043 4490 1250 4559 ἀγαθοῦ
1294 4493 1618 4564 νικήσαντος
1647 4496 1790 4565 λογι-

1905 4501 1976 4555 tia
2033 4513 2151 4555 eam
2186 4512 2292 4551 non
2324 4493 2608 4565 praecessit
2646 4509 2661 4548 :
2710 4491 2796 4547 vel
2839 4487 3059 4545 etiamsi
3126 4487 3266 4543 forte
3338 4499 3480 4555 prae-

215 4575 362 4642 σμοῦ
383 4591 395 4604 ·
430 4575 571 4630 ὥστε
606 4580 738 4649 μηδέ
769 4582 870 4652 τὴν
899 4582 1040 4636 κατὰ
1068 4582 1306 4637 διάνοιαν
1337 4585 1612 4658 ἁμαρτίαν
1641 4589 1798 4643 ἐκτε-

215 4667 504 4736 λεσθῆναι.
549 4671 617 4722 Ἀ
654 4671 760 4744 γὰρ
790 4675 870 4735 εἰς
908 4675 1214 4746 μαρτυρίαν
1241 4676 1336 4730 τοῦ
1368 4677 1528 4748 λόγου
1559 4683 1799 4754 παράγει

219 4757 320 4811 τοῦ
345 4759 675 4816 ’Δποστόλου
710 4763 870 4833 ῥητὰ,
902 4765 1177 4837 ἁμαρτίας
1210 4767 1512 4841 μέμνηται,
1536 4771 1631 4825 καὶ
1661 4773 1799 4828 ἀκα-

218 4850 494 4921 θαρσίας,
545 4855 640 4908 καὶ⁵
685 4855 980 4926 ἐπιθυμίας
1023 4861 1217 4932 κακῆς.
1270 4858 1403 4916 Εἶτα
1457 4863 1654 4933 ἐπάγει
1700 4864 1801 4936 τὴν

217 4942 454 5013 γνώμην
498 4945 704 5010 ἐκεῖνος
747 4948 844 5018 τὴν
890 4951 1108 5015 ἐαυτοῦ,
1150 4953 1340 5022 λέγων’
1377 4956 1451 5008 Τὸ
1490 4956 1547 5010 δὲ
1574 4957 1633 5011 ἐν
1666 4958 1804 5010 ἀκα-

220 5031 428 5104 θαρσίᾳ
453 5035 583 5088 ὄντα
619 5037 743 5092 τινὰ
770 5040 1009 5108 ἐγγίζειν
1043 5042 1156 5107 τοῖς
1184 5043 1392 5112 ἁγίοις,
1424 5046 1519 5098 καὶ¹
1549 5046 1617 5099 τὰ
1652 5046 1798 5116 ἑξῆς.

220 5127 339 5178 Ούκ
373 5128 443 5180 ἂν
475 5128 535 5183 δέ
570 5147 655 5192 τις
684 5133 811 5204 εἴπῃ
841 5133 1187 5205 ἀκαθαρσίαν
1215 5137 1482 5208 ὀνομάσαι
1512 5137 1602 5190 τὸν
1630 5138 1802 5208 μέγαν

225 5221 508 5277 Βασίλειον
542 5225 642 5294 τὴν
691 5228 1072 5299 σπερματικὴν
1112 5229 1360 5302 ἔκκρισιν
1393 5230 1617 5295 ἀπαθῶς
1652 5250 1805 5301 γενο-

1907 4592 2100 4658 cessit,
2154 4590 2330 4660 ejecta
2370 4586 2475 4642 fuit
2513 4594 2715 4650 tamen,
2782 4581 3118 4654 cogitatione
3183 4580 3327 4635 bona
3359 4578 3480 4633 vin-

1906 4690 2082 4749 cente,
2141 4681 2278 4736 adeo
2313 4687 2370 4733 ut
2400 4677 2772 4745 intelligentiae
2811 4673 2828 4713 ι
2863 4681 3145 4745 peccatum
3176 4669 3478 4742 perfectum

1908 4788 2016 4827 non
2055 4771 2241 4825 fuerit.
2312 4767 2445 4833 Quae
2493 4767 2640 4822 enim
2684 4766 2737 4819 in
2775 4763 3046 4819 sermonis
3104 4761 3480 4817 testimonium

1909 4861 2121 4932 profert
2163 4859 2412 4928 Apostoli
2475 4860 2665 4921 verba,
2715 4856 2925 4925 peccati
2981 4856 3372 4913 meminerunt.
3426 4859 3482 4906 et

1911 4949 2291 5012 immunditiae,
2365 4954 2421 5002 et
2463 4943 2929 5013 concupiscentia
2978 4957 3180 5013 pravae.
3243 4939 3484 5010 Subjicit

1909 5039 2001 5095 ille
2019 5036 2217 5093 deinde
2237 5045 2393 5090 suam
2421 5034 2773 5095 sententiam,
2802 5029 3058 5100 inquiens
3079 5029 3247 5084 :Eum
3274 5035 3484 5093 autem,

1909 5130 2004 5201 qui
2052 5127 2221 5184 estin
2271 5122 2639 5188 immunditie,
2678 5119 2886 5177 sanctis
2933 5119 3394 5189 appropinquare,
3426 5125 3484 5169 et

1911 5239 2034 5295 qua:
2067 5224 2398 5291 sequuntur.
2478 5213 2598 5269 Non
2652 5219 2834 5268 autem
2883 5210 3087 5266 dixerit
3159 5209 3480 5279 quisquam,

227 5315 422 5386 μένην.
454 5315 629 5372 Τοῦτο
665 5321 774 5391 γὰρ
809 5298 1037 5393 διαϐολή
1067 5321 1168 5394 τῆς
1211 5298 1433 5396 σαρκός.
1487 5323 1544 5378 Ὀ
1587 5298 1790 5379 aenei.

1913 5331 2174 5388 magnum
2221 5309 2485 5367 Basilium
2534 5305 2939 5364 immunditiem
2990 5303 3278 5359 nominare
3319 5298 3486 5354 semi-

1495 5476 1727 5533 VARIE
1773 5469 2188 5532 LECTIONES.

303 5609 631 5680 cmartyrio.
707 5609 734 5650 δ
762 5611 1150 5680 probationem.
1232 5615 1417 5670 Olmuc
1477 5625 1526 5671 et
1582 5633 1862 5672 sacrarum
1910 5631 2087 5671 rerum
2157 5611 2561 5680 perceptionem.

527 5697 631 5757 om.
729 5686 757 5718 δ
784 5686 1015 5752 perfecta
1077 5686 1258 5754 fuisse.
1346 5688 1361 5726 ί
1400 5686 1734 5743 Accessionis
1774 5699 1960 5757 autem
1976 5686 2045 5740 ad
2071 5700 2154 5740 res
2194 5695 2546 5757 adtrahit“?

524 5750 539 5803 i
576 5751 695 5806 plus
743 5748 902 5814 quant
951 5748 1220 5817 temetum,
1250 5772 1309 5811 eo
1332 5772 1412 5812 res
1454 5766 1532 5812 est
1564 5759 1872 5814 terribilior.
1951 5755 1976 5796 ι
2028 5756 2324 5823 electione.
2408 5748 2508 5808 ιἰιι
2552 5748 2906 5822 cogitationis.

227 5689 254 5727 ι
321 5681 631 5736 avaritiam.

227 5689 254 5727 ι
321 5681 631 5736 avaritiam.
729 5680 1015 5752 hperfecta
1077 5683 1258 5754 fuisse.

225 5747 416 5806 etiam.
524 5750 695 5806 ivlus
743 5769 902 5806 quam
951 5757 1258 5806 temolum.‘

2666 5607 2686 5648 ἲ
2707 5607 3028 5678 superiorem
3059 5610 3146 5678 ,σι’
3186 5599 3481 5678 fortiorem.

2574 5681 2634 5752 fit
2658 5695 2697 5752 ,ιι
2727 5671 3013 5752 constituto
3051 5676 3105 5729 in
3127 5671 3487 5739 immunditie,
