3948 6564
512 286 648 352 1027

1803 279 1942 340 JUS
1983 277 2427 341 CANONICUM

3622 272 3743 342 1028

509 406 688 458 uatem
759 398 1151 465 excretiouem,
1199 397 1408 468 absque
1448 394 1734 452 aﬁ'eetione
1796 395 1995 449 factam
2018 403 2083 451 ω.

2194 395 2310 459 icti;
2335 412 2395 448 τε
2423 394 2516 448 καὶ
2555 393 2754 457 καλοὺς
2788 391 2981 462 λόγους
3007 389 3182 454 ἔθετο,
3212 389 3559 454 ἀποδεικνὺς,
3589 391 3661 457 ὡς
3688 397 3743 450 οὐ

511 498 630 551 lloc
679 493 828 550 enim
865 491 1028 547 fuerit
1081 489 1266 546 carnis
1317 487 1615 542 calumnia.
1681 485 1880 541 Multas
1947 501 2086 565 vero

507 598 564 645 et
615 588 879 659 pulchras
919 584 1150 640 inservit
1211 581 1455 636 rationes
1506 579 1707 650 quibus
1745 576 2085 643 ostenderet,

511 696 622 736 non
662 680 867 736 malum
924 692 1066 742 esse,
1095 689 1294 744 corpus
1323 688 1499 742 neque.
1547 672 1674 726 mali
1715 670 2084 741 principium:

510 768 972 841 qumadmodum
1029 764 1274 820 nonnulli
1322 764 1532 834 opinati
1583 770 1734 817 sunt.
1791 759 1899 815 Nec
1937 769 2089 831 putet

515 864 813 934 quispiam,
847 876 970 916 eum
1016 857 1307 912 manifesto
1347 855 1631 910 adversari
1671 868 1870 923 magno
1916 852 2090 906 Atba-

515 957 695 1020 nasio,
753 952 956 1009 dicenti
987 951 1052 1005 de
1091 951 1192 1004 hac
1239 948 1565 1019 apermatica
1613 947 2090 1016 excretione.qum

514 1048 768 1118 superius
816 1044 1016 1098 alicubi
1067 1042 1272 1111 scripta
1307 1049 1456 1096 sunt.
1486 1038 1656 1106 Cujus
1686 1053 1971 1093 sermones
2003 1052 2088 1092 re-

514 1142 695 1212 gulam
730 1146 785 1192 et
816 1133 1262 1206 perpendiculum
1293 1141 1500 1186 exacta:
1551 1130 1858 1202 disciplinze
1897 1145 2088 1186 omnes

515 1234 654 1286 sacri
678 1229 865 1283 Patres
898 1228 951 1281 in
984 1225 1244 1281 omnibus
1268 1232 1620 1294 putaverunt.
1677 1223 1923 1293 Illudque
1946 1237 2088 1292 prm-

515 1332 662 1375 terea
684 1316 1144 1373 considerandum
1183 1323 1290 1379 est,
1353 1313 1454 1368 bos
1490 1315 1685 1367 ambos
1719 1312 1930 1384 Spiritu
1958 1325 2090 1365 sane

515 1413 703 1482 plenos
725 1407 934 1475 Patres,
955 1421 1064 1461 uno
1089 1406 1389 1475 eodemque
1403 1404 1614 1460 aﬁlatos
1635 1404 1850 1474 spiritu,
1880 1405 2091 1459 locutos

516 1504 686 1559 fuisse
729 1511 784 1557 et
843 1501 1156 1570 scripsisse.
1211 1496 1330 1564 Quo
1364 1497 1532 1567 igitur
1577 1499 1741 1552 modo
1771 1494 2090 1562 verisimile,

515 1598 620 1652 sibi
667 1595 898 1650 invicem
951 1593 1268 1648 adversatos
1324 1587 1517 1652 fuisse,
1570 1587 1664 1658 qui
1711 1602 1741 1641 a
1793 1594 1985 1642 sancto
2039 1596 2094 1641 et

517 1690 658 1744 bono
710 1685 931 1757 impulsi
988 1692 1118 1739 sunt
1174 1683 1402 1752 Spiritu.
1450 1679 1587 1734 llinc
1631 1677 2082 1735 manifestissime

516 1779 848 1842 ostenditur,
903 1791 1160 1847 magnum
1226 1774 1488 1829 Dasilium
1544 1773 1942 1827 immunditiam
1990 1759 2166 1827 no-B

520 1872 766 1927 minasse
819 1887 928 1926 nou
986 1867 1214 1924 seminis
1275 1865 1666 1932 excretionem,
1727 1863 1820 1920 sed
1870 1877 2091 1934 pravam

517 1967 1045 2036 concupiscentiam.
1079 1963 1198 2029 Qua
1272 1969 1553 2033 praeeunte
1610 1960 1808 2014 mentis
1847 1968 1874 1996 υ
1929 1959 2092 2014 etiam

519 2067 801 2130 peccatum
855 2073 952 2128 per
1011 2056 1388 2112 assensionem
1455 2051 1758 2125 perﬁcitur,
1812 2061 1976 2122 atque
2020 2052 2093 2106 ita

520 2150 838 2222 imaginatio
875 2152 936 2204 iit
966 2149 1019 2204 in
1056 2148 1288 2212 somnis,
1349 2155 1402 2201 et
1433 2145 1661 2202 seminis
1709 2143 1946 2199 eﬁluxio.
2003 2141 2096 2199 Sic

517 2244 666 2297 enim
739 2257 917 2310 neque
974 2240 1091 2311 ipse
1154 2239 1258 2294 sibi
1307 2252 1612 2308 repugnare
1678 2235 1984 2302 videbitur;
2037 2241 2096 2289 ut

518 2338 704 2394 dicens
746 2335 947 2390 malum
994 2341 1050 2390 et
1094 2332 1435 2387 immundum
1486 2345 1608 2387 esse
1661 2345 1864 2401 corpus
1919 2343 2096 2397 neque

520 2441 720 2498 magno
774 2424 1081 2481 Athanasio
1133 2423 1411 2480 contraria
1435 2423 1729 2492 praecipere
1753 2420 2093 2478 censebitur.

523 2519 631 2574 Sed
671 2527 726 2572 et
777 2533 842 2572 ex
873 2532 940 2571 eo
997 2515 1145 2587 quod
1203 2517 1357 2581 dicit,
1394 2513 1508 2585 Ego
1560 2523 1743 2569 autem
1811 2513 1928 2571 scio
1980 2512 2098 2567 haec

521 2622 772 2666 correcta
813 2610 986 2666 fuisse
1025 2617 1073 2675 °,
1121 2609 1216 2664 Dei
1257 2609 1454 2679 gratia,
1494 2615 1548 2662 et
1597 2621 1627 2661 a
1679 2606 1833 2672 viris,
1880 2613 2096 2680 .etmu-

520 2705 751 2760 lieribus
785 2720 802 2759 :
837 2703 970 2758 illud
1015 2711 1240 2773 apparet
1273 2702 1358 2756 vel
1418 2701 1600 2771 pctius
1651 2698 1812 2769 plane
1874 2697 2099 2752 demon-

525 2808 754 2864 stratur,
787 2801 854 2853 de
916 2798 1144 2852 seminis
1193 2797 1510 2851 excretione
1562 2791 1706 2848 facta
1736 2806 1861 2846 cum
1895 2789 2094 2860 imagi-

521 2888 771 2950 natione,
800 2901 927 2942 eum
961 2885 1137 2954 loqui,
1166 2899 1332 2952 quam
1376 2881 1544 2936 animi
1582 2881 1865 2952 praecessit
1895 2888 2094 2942 motus,

521 2987 575 3032 et
615 2977 984 3046 intelligentia
1021 2986 1047 3026 P
1067 2981 1372 3044 peccatum.
1401 2971 1516 3026 Hoc
1544 2971 1692 3026 enim
1743 2969 2096 3025 emendatum

2188 488 2358 543 κακὸν
2383 486 2443 541 τὸ
2470 485 2654 558 σῶμα,
2683 485 2806 540 οὐδὲ
2841 484 3039 548 κακίας
3072 483 3216 555 ἀρχὴ
3235 524 3254 550 ,
3284 481 3472 546 καθὼς
3503 482 3744 550 ἐδόξασαν

2190 581 2341 634 ἔνιοι.
2399 579 2525 635 Οὐδ’
2594 576 2968 632 ἐναντιοῦσθαι
3017 575 3302 648 προδήλως
3357 575 3746 644 λογίσαιτότις

2188 675 2350 730 αὐτὸν
2397 671 2476 743 τῷ
2513 670 2736 742 μεγάλῳ
2788 669 3127 740 Ἀθανασίῳ,
3182 669 3433 740 εἰρηκότι
3484 670 3615 737 περὶ
3661 673 3745 742 τῆς

2189 767 2571 836 σπερματικῆς
2623 765 2828 832 ταύτης
2877 763 3448 833 ἔκκρίσεως,δσαπερ
3492 761 3605 816 ἀνω
3665 781 3744 818 ποι

2187 858 2281 910 τοῦ
2314 857 2472 925 λόγου
2503 857 2850 927 γεγράφαται
2878 872 2892 886 ’
2931 847 2991 909 οὗ
3036 856 3162 918 τοὺς
3205 855 3398 922 λόγους
3428 854 3631 908 κανόνα
3666 859 3748 910 καί

2191 949 2439 1020 στάθμην
2485 949 2772 1020 ἀκριόείας
2827 950 3065 1014 ἅπαντες
3117 949 3167 1000 οί
3220 948 3358 1019 ἱεροὶ
3412 947 3654 1018 Πατίρες
3696 952 3744 1002 ὲν

2190 1043 2394 1098 ἅπασιν
2430 1044 2685 1114 ἥγηνται.
2729 1038 2862 1096 Εἶτα
2896 1041 3184 1104 καὶ,τοῦτο
3214 1039 3522 1108 λογιστέον,
3561 1041 3636 1093 ὅτι
3664 1043 3744 1094 καὶ

2190 1141 2358 1210 ἄμφω
2390 1135 2829 1207 πνευματοφόροι
2860 1131 3007 1190 οὗτοι
3043 1135 3106 1207 δὴ
3139 1136 3188 1189 oi
3221 1135 3496 1205 Πατέρες,
3536 1135 3627 1188 καὶ
3655 1135 3743 1187 ὑπὸ

2189 1232 2286 1290 τοῦ
2323 1231 2487 1285 αὐτοῦ
2518 1229 2611 1284 καὶ
2655 1230 2772 1291 ἑνὸς
2800 1228 3162 1299 ἑμπνεόμενοι
3197 1227 3547 1298 ῐῐνεύματος,
3571 1227 3735 1294 ἔλεγόν

2191 1343 2251 1380 τε
2294 1327 2387 1379 καὶ
2430 1323 2692 1393 ἔγραφον.
2735 1321 2859 1386 Πῶς
2906 1321 2999 1375 οῦν
3031 1321 3180 1383 είκδς
3212 1320 3461 1389 ἀλλήλοις
3494 1321 3743 1375 ἐναντιοῦ-

2195 1418 2319 1474 σθαι
2361 1419 2487 1481 τοὺς
2536 1415 2642 1470 ὐπό
2684 1416 2778 1470 τοῦ
2829 1415 2985 1484 ἀγίου
3019 1415 3375 1484 κινουμένους
3420 1414 3518 1468 καὶ
3558 1413 3739 1480 ἀγαθώ

2193 1511 2547 1576 Πνεῦματοςς
2609 1507 2890 1562 Ἐντεῦθεν
2941 1507 3306 1578 ἀριδηλότατα
3347 1505 3645 1568 δείκνυται,
3679 1505 3740 1569 ὡς

2193 1604 2287 1656 καὶ
2317 1604 2344 1656 ὁ
2387 1605 2560 1672 μέγας
2588 1601 2867 1664 Βασίλειος
2907 1597 3250 1669 ἀκαθαρσίαν
3288 1597 3348 1650 οὐ
3383 1597 3484 1666 τὴν
3516 1612 3742 1665 σπερμα-

2193 1697 2351 1768 τικὴν
2397 1697 2682 1765 ὠνόμασεν
2718 1693 2999 1762 ἔκκρισιν,
3031 1690 3169 1743 ἀλλά
3202 1689 3301 1758 τὴν
3346 1687 3590 1757 πονηρὰν
3629 1687 3740 1738 ἑπι-

2197 1789 2427 1860 θυμίαν·
2459 1783 2527 1856 ἦς
2559 1785 2869 1857 ἡγουμένης
2901 1784 2996 1838 καὶ
3025 1785 3059 1852 ὴ
3094 1780 3237 1836 κατά
3264 1779 3503 1833 διάνοιαν
3525 1779 3743 1849 ἁμαρτία

2195 1882 2431 1938 τελεῖται
2458 1879 2546 1933 διὰ
2576 1876 3052 1947 συγκαταθέσεως.
3081 1875 3195 1928 Καὶ
3224 1871 3369 1926 οῦτω
3395 1872 3604 1940 γίνεται
3626 1887 3743 1939 φαν-

2195 1976 2356 2032 τασία
2389 1973 2510 2028 καθ’
2536 1972 2757 2037 ὕπνους,
2791 1971 2886 2024 καὶ
2914 1967 3010 2023 τοῦ
3037 1969 3353 2039 σπέρματος
3393 1966 3578 2036 ἑκροή.
3609 1963 3742 2019 Οῦτω

2201 2066 2304 2137 γάρ
2341 2063 2452 2118 οὒτ’
2502 2061 2664 2126 αὐτὸς
2712 2060 2891 2130 ἑαυτῷ
2924 2057 3293 2129 ἠναντιῶσθαι
3327 2055 3529 2122 δόξειεν
3567 2053 3651 2119 ἀν,
3681 2053 3742 2117 ὡς

2196 2158 2366 2213 κακὸν
2403 2151 2541 2212 εἶναι
2585 2154 2647 2210 τδ
2692 2151 2854 2222 σῶμα
2903 2152 2997 2206 καὶ
3029 2150 3344 2221 ἀκάθαρτον
3381 2147 3587 2215 λέγων·
3636 2144 3740 2198 οὔτε

2194 2251 2273 2323 τῷ
2309 2250 2532 2321 μεγάλῳ
2576 2245 2884 2318 Ἀθανασίῳ
2935 2243 3194 2298 τάναντία
3243 2237 3619 2295 διατάττεσθαι
3666 2238 3743 2291 lo-

2195 2345 2538 2415 γισθήσεται.
2574 2338 2738 2394 Ἀλλά
2767 2341 2862 2393 καὶ
2893 2337 2958 2392 ἔκ
2993 2335 3090 2390 τοῦ
3119 2334 3303 2404 φάναι,
3351 2330 3492 2400 Ἐγὼ
3518 2331 3571 2384 δὲ
3591 2331 3741 2398 ἔγνων

2196 2439 2280 2492 ὅτι
2325 2435 2501 2491 ταῦτα
2548 2429 2924 2503 κατωρθώθη,
2965 2427 3100 2482 Θεοῦ
3138 2427 3321 2498 χάριτι
3347 2465 3363 2490 ,
3407 2425 3503 2478 καὶ
3541 2423 3740 2493 ἀνδράσι

2198 2530 2292 2586 καὶ
2333 2528 2572 2598 γυναιξὶ,
2605 2525 2764 2580 τοῦτο
2807 2523 3132 2594 ἐμφαίνεται
3155 2561 3168 2585 ,
3201 2521 3235 2591 ἢ
3270 2519 3471 2591 μᾶλλον
3512 2516 3740 2586 καθαρῶς

2198 2621 2617 2683 ἀποδείκνυται,
2654 2618 2736 2672 ὅτι
2771 2617 2901 2687 περὶ
2929 2614 3234 2685 ἐκκρίσεως
3285 2611 3594 2683 σπέρματος
3621 2607 3739 2679 μετὰ

2199 2713 2501 2784 φαντασίας
2531 2711 2832 2780 γενομένης
2873 2709 3075 2778 φησὶν,
3102 2700 3169 2779 ἦς
3207 2705 3483 2775 εμπάθεια
3520 2703 3740 2774 προηγή-

2202 2823 2355 2871 σατο,
2389 2803 2484 2858 καὶ
2516 2805 2550 2874 ὴ
2573 2801 2716 2857 κατά
2753 2799 2991 2855 διάνοιαν
3024 2797 3289 2869 ἁμαρτία.
3311 2795 3483 2850 Τοῦτο
3502 2793 3603 2866 γάρ
3629 2809 3743 2847 κατ-

2199 2897 2456 2970 ώρθωται
2523 2895 2654 2967 παρ’
2710 2887 2896 2963 ὧνπερ
2951 2889 3344 2962 κατώρθωται,
3401 2888 3522 2957 οὐχὶ
3583 2885 3638 2938 τὺ
3678 2883 3740 2954 μὴ

2201 2990 2540 3061 ἐπιθυμῆσαι
2582 3030 2598 3055 ,
2650 2988 2679 3042 ὃ
2724 2987 2840 3041 ἐστι
2889 2985 2950 3040 τὸ
3006 2985 3080 3054 μὴ
3131 2981 3465 3054 προσϐαλεῖν
3515 2975 3741 3046 λογισμὸν

521 3071 700 3137 tuin,
741 3085 849 3124 non
893 3068 1112 3138 quidem
1168 3081 1277 3122 non
1335 3063 1749 3135 concupiscere,
1798 3061 1944 3132 quod
2012 3065 2091 3115 est

2201 3081 2394 3153 (τοῦτο
2435 3081 2546 3151 γὰρ
2591 3077 2889 3148 φυσικὸν),
2919 3075 3055 3130 ἀλλά
3103 3073 3164 3129 τδ
3194 3072 3270 3144 μὴ
3313 3071 3656 3140 ὑποκλιθῆναι
3685 3069 3739 3136 τῇ

525 3179 632 3221 non
689 3165 955 3234 impetum
1015 3160 1195 3216 facere
1250 3158 1640 3229 cogitationem
1701 3165 1724 3195 τ
1773 3155 1902 3226 tboc
1946 3154 2091 3209 enim

2201 3173 2496 3245 ἐπιθυμίᾳ,
2535 3171 2670 3244 μηδὲ
2718 3168 3013 3224 συνθέσθαι
3055 3166 3133 3237 τῷ
3167 3164 3448 3236 λογισμῷ,
3493 3162 3619 3232 μηδὲ
3660 3159 3741 3230 τὴν

522 3269 606 3312 est
641 3255 936 3325 naturale),
965 3252 1064 3310 sed
1090 3267 1197 3308 non
1230 3249 1590 3307 succumbere
1614 3248 2091 3318 concupiscentiae,

2201 3265 2343 3321 κατά
2381 3263 2620 3318 διάνοιαν
2651 3262 2926 3334 ἁμαρτίαν
2973 3257 3382 3326 ἐκτελεσθῆναι.
3418 3255 3549 3309 Οὐδὲ
3583 3254 3640 3308 τὺ
3681 3252 3741 3322 μὴ

525 3367 627 3406 nec
655 3348 914 3405 assentiri
977 3345 1320 3418 cogitationi,
1357 3358 1458 3398 nec
1491 3341 1678 3412 perﬁci
1743 3341 1946 3396 mentis
1971 3355 2091 3410 pec-

2200 3357 2447 3427 γίνεσθαι
2500 3355 2815 3427 σπέρματος
2856 3351 3057 3424 ὲκροὴν
3115 3349 3456 3422 κατωρθώθη
3502 3347 3612 3418 (τῆς
3654 3344 3740 3417 γὰρ

523 3453 727 3499 catum.
751 3441 940 3512 Neque
957 3441 1180 3496 seminis
1210 3440 1414 3493 ﬁuxum
1445 3447 1468 3476 ι
1496 3453 1602 3493 non
1626 3437 1764 3502 ﬁeri,
1789 3444 2091 3492 correctum

2203 3448 2415 3522 φύσεως
2453 3446 2615 3517 ἔργον
2656 3445 2716 3499 τὸ
2751 3442 3058 3498 διωθεῖσθαι
3091 3441 3249 3494 τοῦτό
3275 3442 3442 3503 ἐστιν,
3485 3440 3558 3504 ὡς
3587 3436 3743 3509 περίτ-

526 3535 782 3605 fuittboc
843 3533 989 3588 cnim
1045 3539 1125 3586 est
1181 3540 1393 3586 natura:
1443 3545 1582 3602 opus
1630 3528 1928 3598 expellere,
1954 3527 2091 3583 velut

2200 3540 2416 3613 τωμα),
2448 3539 2586 3595 ἀλλά
2611 3539 2673 3593 τὸ
2702 3538 2777 3610 μὴ
2807 3535 3070 3608 ἐμπαθῶς
3109 3534 3363 3605 γενέσθαι
3389 3533 3487 3605 τὴν
3513 3533 3739 3602 ἔκκρισιν,

525 3625 1029 3696 excrementa),sed
1049 3640 1160 3682 non
1189 3625 1481 3680 libidinoso
1509 3622 1706 3679 aﬁ‘ectu
1733 3621 2091 3678 excretionem

2201 3636 2268 3689 ὲκ
2297 3632 2616 3704 φαντασίας,
2642 3632 2708 3703 ἢν
2738 3630 3052 3698 συνίστησιν
3079 3627 3343 3698 ἐπιθυμία
3371 3624 3538 3696 κακὴ,
3573 3623 3627 3690 ἔξ
3643 3616 3740 3694 ﬁcii

529 3721 669 3786 ﬁeri,
701 3737 765 3775 ex
802 3718 1222 3790 imaginatione,
1263 3733 1427 3788 quam
1455 3731 1622 3788 prava
1686 3715 1842 3787 ﬁngit
1894 3729 2091 3770 concu-

2202 3727 2410 3782 διάνοια
2443 3726 2759 3798 κέκρανται.
2801 3723 2860 3777 '0
2888 3720 3172 3792 λογισμὸς,
3200 3713 3245 3774 ὧ
3268 3711 3447 3784 οὗτος,
3478 3719 3544 3788 τῇ
3575 3732 3744 3785 συγκαο

528 3813 820 3885 piscentia,
897 3827 962 3868 ex
1022 3825 1130 3882 qua
1210 3809 1616 3881 intelligentia‘
1681 3809 1964 3880 inquinata
1996 3815 2091 3866 cst.

2202 3819 2422 3874 ταθέσει
2470 3816 2803 3886 μεμόλυνται
2827 3831 2841 3847 ο
2877 3812 2998 3886 ἠδὲ
3025 3811 3121 3866 τοῦ
3167 3809 3549 3881 σπερματικοῦ
3589 3821 3743 3876 περιτ-

528 3909 676 3963 Heus
736 3915 816 3972 tu,
844 3904 1108 3978 cogitatio
1182 3905 1518 3960 assensione
1555 3901 1761 3962 fmdata
1787 3911 1890 3969 est,
1917 3917 2091 3958 excre-

2202 3908 2455 3980 τώματος
2485 3908 2756 3978 ἔκκρισις,
2783 3907 2885 3960 οὐκ
2918 3903 3254 3974 ἀκάθαρτος.
3289 3900 3528 3972 Ποιητὴς
3554 3899 3652 3970 γὰρ
3671 3897 3742 3950 τοῦ

529 4000 695 4056 menti
732 4008 913 4054 autem
941 3997 1251 4070 spermatici
1281 3997 1536 4068 dejectio,
1555 4012 1664 4054 non
1692 4005 1778 4053 est
1798 3994 2091 4051 immunda.

2205 4001 2460 4073 σώματος
2489 4003 2519 4055 ὁ
2545 4000 2677 4064 Θεός
2703 4013 2720 4031 ο
2751 3999 2862 4052 τῶν
2893 3997 2937 4051 δ’
2971 3997 3074 4050 ὑπὸ
3101 3995 3239 4049 Θεοῦ
3265 3994 3597 4048 ’κτισθέντων
3621 3990 3744 4045 οὐδὲν

527 4089 847 4146 Fabricator
886 4090 1034 4146 enim
1085 4090 1361 4161 corporis,
1404 4089 1549 4144 Deus
1589 4105 1605 4144 :
1667 4103 1855 4143 eorum
1897 4096 2091 4152 autem,

2205 4095 2440 4165 ὑπάρχει
2486 4093 2820 4165 ἀκάθαρτον.
2853 4085 2949 4155 Οἷς
2983 4090 3038 4144 δὲ
3065 4087 3377 4159 ἀκαθαρσία
3403 4083 3742 4155 νενόμισταιὴ

527 4199 650 4251 quae
677 4198 705 4236 a
730 4181 840 4238 Deo
884 4181 1150 4238 fabricata
1230 4187 1389 4246 sunt,
1421 4179 1559 4234 niliil
1611 4188 1695 4235 est
1736 4179 2091 4235 immundum.

2205 4186 2370 4257 γονὴ,
2419 4183 2764 4255 μανιχαῖζειν
2795 4182 3065 4253 ὑπόληψιν
3131 4178 3394 4235 δώσουσιν
3442 4179 3476 4246 ἢ
3528 4174 3622 4244 τῆς
3659 4172 3744 4228 τῶν

528 4275 739 4342 Quibus
779 4275 1012 4346 genitale
1047 4273 1373 4344 Proﬁuvium
1419 4270 1769 4328 existimatur
1809 4270 2091 4326 immundi-

2207 4278 2520 4350 Βογομίλων
2551 4279 2800 4349 μετέχειν
2822 4275 3111 4347 αἱρέσεως.
3150 4271 3307 4326 Ἐπεὶ
3336 4271 3431 4324 καὶ
3461 4264 3602 4323 οῦτοι
3630 4264 3744 4319 κατά

531 4369 626 4433 tia,
657 4369 712 4422 in
769 4366 1136 4438 suspicionem
1173 4365 1395 4420 venient
1445 4362 1874 4418 Manicbaorum
1915 4371 2091 4430 sectael

2206 4388 2270 4442 γε
2303 4371 2366 4425 τὸ
2393 4369 2576 4434 διττὰς
2624 4369 2867 4437 εἰσάγειν
2913 4368 3120 4440 ἀρχὰς,
3153 4367 3248 4422 καὶ
3279 4364 3340 4420 τδ
3385 4363 3542 4433 σῶμα
3574 4359 3745 4427 κτίσμα

530 4432 628 4515 aut
665 4461 812 4532 quod
867 4432 1295 4530 :Bogomilorum
1349 4456 1462 4528 (57)
1505 4455 1732 4511 haeresis
1775 4454 1887 4510 sint
1936 4454 2091 4526 parti-

2206 4432 2392 4534 λέγειν
2437 4463 2530 4518 τοῦ
2557 4432 2806 4534 *πονηροῦ
2829 4501 2844 4528 ,
2893 4432 3177 4532 προδήλως
3214 4456 3615 4531 μανιχαῒζσυσι.
3649 4451 3746 4520 Χρὴ

531 4556 704 4626 cipes.
755 4554 888 4608 Nam
929 4561 985 4607 et
1037 4551 1115 4616 hi,
1157 4549 1302 4620 quod
1345 4548 1458 4606 duo
1506 4547 1762 4604 inducant
1816 4547 2091 4619 principia.

2205 4556 2338 4626 γοῦν
2388 4554 2813 4611 ὑποστέλλεσθαι
2865 4554 2992 4616 τοὺς
3041 4553 3143 4622 τὴν
3193 4551 3440 4622 ἔκκρισιν
3479 4551 3574 4618 τῆς
3612 4543 3747 4615 γονῆς

531 4657 586 4702 et
635 4661 840 4717 corpus
891 4644 1020 4699 mali
1086 4653 1395 4699 creaturam
1438 4639 1646 4707 dicant,
1690 4637 1973 4695 manifeste
1995 4655 2091 4694 ma

2210 4648 2488 4721 μολυσμὸν
2515 4648 2816 4720 οἰομένους,
2847 4647 2938 4702 καὶ
2963 4645 3224 4714 λέγοντας
3240 4685 3256 4708 ,
3288 4643 3348 4708 ἐξ
3371 4637 3439 4716 ἦς
3460 4641 3559 4712 τὴν
3581 4635 3748 4710 ἡμετέ-

534 4738 865 4793 nicbaizaut.
919 4733 1269 4808 Reprimcndi
1325 4749 1456 4805 ergo
1514 4733 1590 4788 illi
1643 4739 1794 4800 sunt,
1838 4734 1988 4804 qui'1
2023 4748 2091 4790 se.

2211 4759 2308 4815 ραν
2341 4743 2518 4810 σάρκα
2545 4739 2970 4811 συμπήγνυσθαι
2998 4739 3027 4791 ὁ
3054 4735 3442 4806 ἀριστοτέχνης
3469 4733 3596 4796 Θεδς
3629 4731 3747 4800 ᾠκο-

534 4829 699 4884 minis
737 4827 938 4883 ﬁuxum
997 4825 1438 4898 inquinationem
1465 4825 1828 4890 arbitrantur,
1876 4833 1931 4880 et
1985 4839 2091 4881 esst

2208 4833 2465 4903 νόμησεν,
2495 4831 2584 4886 ἵνα
2619 4831 2694 4900 μὴ
2721 4831 2820 4900 τῆς
2856 4829 3088 4901 βεϐήλου
3112 4827 3319 4898 ταύτης
3351 4825 3595 4896 μετέχειν
3623 4819 3745 4891 αἱρέ-

531 4917 747 4984 dicunt,
785 4934 849 4973 ex
881 4933 990 4987 quo
1039 4919 1183 4974 Deus
1220 4919 1463 4988 optimus
1503 4916 1837 4973 architectus
1883 4931 2091 4972 carnem

2211 4941 2349 4987 σεως
2394 4924 2638 4990 δόξωσιν.
2672 4924 2734 4977 Εἰ
2772 4923 2880 4994 γὰρ
2919 4921 3228 4992 ἀκάθαρτος
3263 4921 3297 4990 ἠ
3332 4917 3495 4989 γονὴ,
3524 4916 3664 4985 καὶὴ
3696 4912 3746 4963 ἐκ

533 5017 776 5063 nostram
829 5024 1182 5066 concrescere
1238 5009 1475 5065 instituit
1527 5025 1542 5063 :
1604 5022 1673 5063 ne
1729 5005 1956 5078 profana
2003 5007 2091 5062 hat

2209 5013 2412 5085 ταύτης
2445 5015 2810 5085 συνισταμένη
2837 5012 2976 5085 σὰρξ
2997 5014 3216 5077 πάντως
3249 5011 3405 5066 ἔσται
3433 5009 3742 5076 ἀκάθαρτος·

533 5110 684 5158 secta
712 5102 900 5159 infecti
942 5118 1066 5161 esse
1107 5103 1417 5159 videantur.
1480 5101 1616 5158 Nam
1655 5101 1703 5158 si
1759 5101 2091 5157 immundum

2211 5107 2307 5160 καὶ
2332 5105 2408 5172 ὡς
2442 5108 2508 5161 ὲκ
2537 5107 2766 5180 θολερᾶς
2795 5108 2890 5162 καὶ
2926 5105 3298 5179 βορόορὼδους
3335 5103 3520 5174 πηγῆς
3547 5102 3604 5156 οὗ
3624 5101 3743 5168 “at”

1816 5217 2056 5273 VARIE
2095 5219 2500 5280 LECTIONES.

595 5319 646 5395 ff
664 5311 859 5395 absque
905 5311 1050 5395 vitio.
1116 5321 1154 5395 ,τι
1173 5312 1531 5395 cogitationis.
1610 5311 2102 5395 °prwstital[uisse.
2179 5325 2209 5366 ιι
2243 5317 2600 5388 cogitationis.
2652 5327 2704 5395 _¢t
2741 5315 3034 5395 pressatum
3068 5315 3252 5395 {uitta
3279 5313 3468 5395 quibus
3501 5319 3750 5395 βαιτερτα-

537 5379 917 5489 figitﬁgit?“
946 5379 1666 5489 'Ftll'tﬁfiﬁil;ffgiiaiiﬂnem'
1691 5399 1794 5438 non
1841 5382 2072 5454 adjicere
2103 5399 2122 5439 :
2223 5397 2244 5424 ι
2277 5379 2438 5460 itch
2482 5379 2777 5459 prwstiturn
2799 5388 2926 5458 fuit,
2951 5396 3006 5440 ut
3037 5379 3250 5440 seminis
3293 5379 3471 5452 ﬂuxus
3497 5395 3592 5434 non
3607 5379 3745 5448 ﬁent.

587 5454 859 5524 cogitatio.
889 5461 917 5491 ιι
953 5453 1236 5509 Facessant
1270 5469 1413 5526 ergo,
1443 5454 1555 5525 qui.

2038 5567 2278 5628 NOTAE.

585 5657 724 5741 ,(³7)
756 5655 858 5722 Ου’
911 5657 992 5741 sic
1043 5657 1199 5743 ῐιιειςθ
1244 5658 1374 5743 (Πειί
1422 5674 1452 5713 a
1507 5660 1797 5743 perpetuis
1847 5661 2145 5743 'precibus.
2176 5663 2288 5736 Bag
2317 5666 2466 5726 enim
2497 5664 2786 5725 Slavonica
2814 5667 3024 5738 lingua,
3063 5663 3200 5719 Deus
3238 5669 3346 5729 est,
3373 5668 3428 5717 et
3481 5657 3624 5724 mile,
3669 5652 3744 5707 bo

544 5730 765 5800 uignus,
796 5729 953 5799 quasi
987 5737 1249 5800 perpetuo
1277 5729 1546 5798 dicerent,
1578 5729 1808 5802 Benigne
1838 5730 1999 5789 Deus.
