3948 6552
297 320 464 410 ιῖειξε

1602 341 1871 403 GRZECO
1889 340 2322 406 ROMANUM.

3443 344 3587 411 1030

294 458 538 530 πρόεισι
599 453 870 527 καθαρὸν,
905 452 1043 510 ἀλλὰ
1090 452 1338 526 ρυπῶδες
1378 452 1474 508 καλ⁸
1512 452 1768 528 θολερόν·
1814 454 1902 508 τὸν

2011 462 2094 508 est
2149 451 2386 524 genitale
2432 467 2642 520 semen,
2684 458 2738 508 et
2797 465 2918 523 quae
2941 466 3007 509 ex
3038 467 3104 510 eo
3127 456 3412 512 concrevit
3433 471 3585 523 caro,

292 552 481 606 αὐτὸν
505 550 738 622 τρόπον,
779 549 828 603 εί
867 547 1199 621 μεμόλυνται
1228 548 1261 620 ἡ
1295 548 1450 621 γονὴ,
1478 548 1575 603 καὶ
1604 550 1637 620 ἡ
1670 547 1826 620 σὰρξ,
1864 547 1899 620 ἢ

295 643 368 712 ἐξ
401 645 578 714 αὐτῆς
605 643 899 707 ούσίωται,
942 642 1332 713 μεμολυσμένη
1370 641 1488 695 ἐστὶ
1518 642 1614 696 καλ⁸
1657 642 1901 711 ἀκάθαρ-

292 753 449 801 τοςο
505 738 600 791 καὶ
667 736 1047 807 ἀντιστρόφως
1106 731 1295 800 αὖθις,
1355 736 1404 788 εί
1467 734 1783 806 ἀκαθαρσία
1841 733 1902 787 τὸ

300 831 546 902 σπέρμα
576 830 722 896 ἐστὶ,
755 830 852 884 καὶ
878 829 939 882 τὸ
985 826 1210 899 σπέρμα
1253 826 1314 893 ἐξ
1337 818 1398 881 οὗ
1439 825 1726 894 κενοῦται,
1760 826 1900 881 ἀκά-

299 920 538 994 θαρτον.
571 923 685 977 Καὶ
705 921 859 990 ,οῦτω
894 921 956 974 τὸ
989 922 1148 994 σῶμα
1181 921 1246 994 δὴ
1274 920 1334 975 τὸ
1363 921 1654 993 ἡμέτερον,
1694 919 1899 989 κτίσμα

296 1011 415 1066 τοῦ
448 1013 687 1085 πονηροῦ
722 1013 1126 1084 λογισθήσεται.
1151 1011 1321 1069 Οὐδὲν
1349 1013 1455 1084 γὰρ
1482 1012 1592 1066 τῶν
1627 1011 1732 1065 ὑπὸ
1763 1010 1898 1064 Θεοῦ

299 1105 662 1175 γενομένων,
697 1103 888 1159 κακόν.
939 1104 1012 1158 Τὸ
1039 1104 1096 1157 δὲ
1135 1103 1576 1175 μεμολυσμένον,
1609 1102 1800 1157 κακόν.
1837 1102 1899 1156 Εἰ

299 1199 369 1252 δὲ
401 1202 608 1264 κακὸν,
659 1201 720 1256 οῦ
765 1200 971 1272 κτίσμα
1017 1201 1175 1257 Θεοῦ.
1227 1202 1530 1270 Συνάγεται
1580 1201 1795 1268 λοιπὸν,
1851 1201 1900 1254 εί

299 1295 496 1349 ταῦτα
537 1295 740 1366 δῶμεν,
773 1295 933 1367 ἔργον
975 1290 1114 1349 εἶναι
1157 1294 1256 1368 την
1287 1296 1465 1367 σάρκα
1513 1294 1607 1350 τοῦ
1637 1294 1897 1367 πονηροῦ.

304 1385 526 1458 Ὅπερ,
563 1385 640 1449 ὡς
690 1387 924 1457 εἴρηται,
957 1387 1060 1457 τῆς
1093 1387 1201 1440 τῶν
1231 1387 1550 1458 Μανιχαίων
1593 1388 1858 1457 αἱρέσεως
1881 1405 1898 1421 ·

301 1469 383 1547 ἧς
413 1479 510 1530 καὶ
541 1479 590 1531 οἱ
614 1475 899 1548 Βογόμιλοι
934 1477 1388 1550 συμμετέχουσινο
1421 1473 1502 1542 οἶς
1533 1477 1627 1532 καί
1647 1496 1701 1532 τι
1735 1477 1900 1532 πλέον

302 1567 572 1638 εἰσῆκται
623 1569 720 1623 καὶ
761 1569 1145 1641 ἀσεϐέστερον.
1198 1570 1287 1624 Ἐν
1342 1573 1466 1634 ταῖς
1520 1569 1642 1624 καθ’
1697 1569 1898 1636 ὕπνους

305 1658 649 1728 φαντασίαις
679 1659 874 1724 αὐτοὺς
901 1660 1029 1724 τοὺς
1054 1659 1318 1731 δαίμονας
1350 1660 1612 1734 ληροῦσιν
1641 1661 1900 1732 ἀσελγαί-

303 1766 430 1804 νειν
465 1752 546 1814 εἰς
578 1750 644 1805 τὰ
675 1751 907 1822 σώματα
944 1751 1014 1806 τὰ
1049 1750 1389 1824 ἀνθρώπινα,
1419 1753 1453 1824 ἢ
1494 1753 1784 1818 ποιοῦντας
1817 1757 1893 1820 εἰς

302 1843 444 1907 τοὺς
469 1843 570 1914 τὴν
601 1843 905 1912 φαντασίαν
947 1843 1369 1916 ὑφισταμένους,
1399 1845 1432 1916 ἢ
1466 1845 1777 1917 πάσχοντας
1806 1846 1898 1899 ὑπ’

305 1933 522 1988 αὐτῶν.
555 1934 694 1999 Τοὺς
723 1934 854 2004 γοῦν
886 1935 1105 2008 μίασμα
1132 1935 1232 2008 τὴν
1259 1937 1358 2008 τῆς
1393 1937 1560 2006 γονῆς
1583 1936 1901 2008 νομίζοντας

303 2026 590 2100 ἔκκρισιν,
631 2026 868 2094 εῑτινες
905 2029 1006 2100 τῆς
1049 2029 1206 2102 δόξης
1254 2028 1460 2101 ταύτης
1507 2032 1606 2100 τῆς
1650 2031 1902 2102 μυσαρᾶς

311 2123 573 2193 μετέχειν
602 2122 910 2195 νομίζοιεν,
951 2125 1012 2178 οὐ
1061 2124 1293 2195 κρίσεως
1332 2123 1709 2195 ἀφεστηκέναι
1756 2141 1904 2194 νομι-

308 2216 502 2272 σθετεν
530 2216 718 2289 ὀρθῆς.

403 2482 546 2536 Ἀλλ’
578 2481 698 2554 ἐρεῖ
732 2497 820 2542 τις
856 2480 1011 2546 ἴσως,
1044 2480 1127 2534 ὅτι
1156 2481 1268 2535 τῶν
1301 2481 1402 2552 μὲν
1431 2481 1707 2554 μολυσμὸν
1733 2483 1901 2553 ἡγου-

314 2575 504 2646 μένων
533 2573 632 2646 τὴν
656 2576 757 2645 τῆς
791 2573 957 2644 γονῆς
991 2574 1190 2646 ὲκροὴν
1217 2574 1449 2648 καθήψω
1480 2575 1760 2648 σφοδρῶς,
1793 2594 1900 2648 μα-

317 2665 454 2734 itpr
489 2665 618 2737 περὶ
646 2664 850 2718 τούτων
878 2663 1120 2730 κενώσας
1140 2665 1300 2736 λόγον
1318 2681 1332 2696 ’
1361 2666 1414 2720 τί
1442 2666 1499 2720 δὲ
1526 2667 1777 2740 ποιητέον
1807 2669 1904 2722 αύ-

311 2759 457 2825 τοϊς,
488 2756 524 2829 ἢ
565 2757 684 2820 πῶς
710 2757 1094 2828 οἱκονομητέον
1132 2758 1261 2821 τοὺς
1291 2757 1558 2822 τοιούτοις
1590 2759 1904 2831 τολμήμασι

315 2853 779 2921 περιπίπτοντας,
801 2849 861 2903 οὐ
895 2850 1309 2921 προστέθεικας.
1337 2851 1412 2904 Τὸ
1438 2851 1539 2923 μὲν
1568 2853 1901 2923 μέμφεσθαι,

312 2943 417 2997 τοῦ
449 2942 778 3014 βουλομένου
804 2945 1036 3008 παντός’
1068 2943 1128 2997 τὸ
1160 2942 1217 2997 δὲ
1241 2943 1586 3016 διορθοῦσθαι
1608 2945 1700 2999 τὸν
1731 2947 1904 3017 σφαλ-

314 3038 550 3112 λόμενον
564 3080 580 3107 ,
608 3039 853 3111 ἄριστον.

398 3218 515 3273 Ἵνα
541 3217 678 3288 γοῦν
731 3217 807 3288 μὴ
839 3215 1023 3289 χώραν
1092 3218 1278 3291 δῶμεν
1312 3219 1488 3274 ταῦτα
1540 3219 1723 3291 λέγειν
1767 3225 1898 3292 τινὶ,

317 3312 506 3384 φαμὲν
536 3313 618 3366 ὅτι
650 3311 885 3383 μάλιστα
939 3312 1038 3383 μὲν
1095 3313 1191 3366 καὶ
1222 3316 1334 3377 τοῖς
1381 3315 1484 3386 ἤδη
1523 3315 1770 3387 ῥηθεῖσιν
1804 3319 1904 3388 ἐμ-

320 3406 734 3477 περιείληπται,
768 3405 821 3458 τί
855 3405 955 3476 μὲν
989 3405 1098 3460 τῶν
1129 3405 1460 3478 νυκτερινῶν
1498 3411 1904 3480 φαντασμάτων

319 3499 678 3568 ἀνέγκλητον,
711 3495 829 3551 τίδ’
861 3497 966 3552 ὑπὸ
1000 3500 1317 3571 ἐπιτίμησιν
1339 3517 1354 3532 ο
1387 3503 1670 3575 εἰρήσεται
1711 3504 1769 3559 δὲ
1810 3507 1905 3560 καὶ

319 3593 484 3656 αὖθις
501 3591 859 3662 σαφέστερον.
898 3586 994 3655 Οἷς
1021 3592 1203 3647 τοίνυν
1242 3594 1587 3663 ἀφάνταστος
1631 3597 1723 3652 τοῦ
1745 3601 1906 3672 σπέρ-

324 3704 498 3758 ματος
548 3687 581 3758 ἡ
627 3684 921 3757 ἀπόκρισις
948 3725 962 3750 ,
1013 3687 1403 3761 διορθουμένης
1445 3690 1546 3760 τῆς
1587 3691 1803 3761 φύσεως
1844 3695 1905 3748 τὸ

326 3780 674 3852 περίττωμα,
713 3779 808 3832 καὶ
863 3771 944 3842 οἷς
977 3779 1042 3833 ἂν
1092 3779 1188 3833 καὶ
1226 3782 1365 3850 μετὰ
1406 3784 1708 3851 φαντασίας
1747 3785 1906 3840 τοῦτο

323 3870 629 3943 ὲπισυμὸῇ,
656 3870 903 3934 ἀπαθοῦς
925 3869 1020 3924 τοῦ
1052 3870 1318 3941 λογισμοῦ
1360 3872 1758 3944 διαμείναντος,
1809 3878 1906 3932 καὶ

327 3965 407 4036 μὴ
447 3962 799 4034 μολυνθέντος
861 3963 1130 4033 πρότερον
1185 3963 1250 4016 ἐκ
1306 3965 1788 4033 συγκαταθέσεως,
1831 3969 1906 4022 ’τὸ

325 4058 501 4120 πάθος
544 4055 845 4110 ἀκόλαστον
893 4055 989 4108 καὶ
1045 4055 1438 4128 ἀνεπιτίμητον
1471 4071 1486 4088 °
1521 4061 1613 4113 καὶ
1640 4058 1762 4114 οὔτε
1805 4061 1906 4132 τῆς

328 4150 602 4222 μεθέξεως
632 4141 780 4202 οὗτοι
803 4149 900 4218 τῆς
919 4147 1263 4219 ἀναιμάκτου
1284 4149 1475 4214 θυσίας
1497 4151 1904 4224 εἱρχθήσονται,

325 4244 471 4299 κατὰ
498 4245 625 4306 τοὺς
655 4242 832 4305 θείους
858 4242 1112 4312 Πατέρας
1143 4257 1156 4271 ⁸
1185 4241 1311 4295 οὕτε
1343 4241 1448 4314 μὴν
1464 4241 1539 4308 ὡς
1570 4245 1906 4311 ὑποστάντες

327 4336 631 4408 μολυσμὸν,
671 4334 1110 4406 λογισθήσονται.
1147 4333 1210 4388 Ei
1240 4333 1350 4404 γὰρ
1375 4337 1402 4388 ὁ
1431 4334 1690 4407 λογισμὸς
1721 4340 1905 4403 αὐτοῖς

321 4427 384 4482 ού
419 4427 785 4498 μεμόλυνται,
825 4425 858 4497 ἢ
891 4424 1026 4496 μηδὲ
1087 4424 1505 4498 προσϐαλούσης
1553 4427 1905 4501 ἐνθυμήσεως

2009 549 2119 604 erit
2150 549 2384 604 omnino
2437 549 2744 604 immunda.
2785 547 2850 603 Et
2898 550 3360 620 quemadmodum
3389 561 3590 608 extur-

2009 640 2136 696 bido
2189 655 2526 712 coenosoqtte
2593 639 2746 697 fonte
2799 643 2946 698 unda
3007 656 3117 697 non
3188 651 3373 697 manat
3429 660 3587 713 pura,

2006 735 2106 791 sed
2142 733 2366 791 sordida
2400 745 2452 790 et
2509 734 2778 790 lutulenta
2811 753 2826 789 :
2862 735 2943 790 sic
2973 733 3020 790 si
3075 749 3263 789 semen
3317 736 3588 806 pollutum

2007 835 2112 891 εει,
2161 836 2217 881 et
2293 841 2446 893 caro,
2519 841 2641 898 quae
2684 843 2748 882 ex
2799 842 2862 882 ea
2920 827 3283 883 substantiam
3365 829 3586 900 accipit,

2006 921 2210 990 polluta
2265 931 2349 974 cst
2382 931 2436 976 et
2478 921 2760 975 immunda
2794 936 2808 974 :
2842 928 2896 975 et
2953 919 3073 975 vice
3114 934 3296 986 versa,
3320 920 3366 976 si
3396 935 3586 976 semen

2009 1013 2358 1066 imtnunditia
2412 1019 2517 1080 est,
2552 1021 2607 1068 et
2639 1012 2772 1068 illud
2831 1013 3200 1079 immundum,
3239 1026 3306 1067 ex
3327 1027 3435 1081 quo
3459 1028 3589 1068 eva-

2013 1116 2236 1162 cuatur.
2274 1108 2456 1178 Atque
2498 1107 2574 1162 ita
2602 1108 2763 1177 plane
2815 1121 3017 1177 corpus
3048 1117 3300 1162 nostrum
3336 1117 3586 1162 creatura

2006 1201 2136 1256 mali
2183 1201 2521 1256 censebitur.
2587 1199 2733 1254 Nihil
2763 1200 2908 1255 enim
2954 1216 3170 1266 eorum,
3225 1215 3349 1273 qua:
3413 1216 3443 1254 a
3477 1199 3587 1256 Deo

2005 1301 2190 1351 creata
2247 1305 2398 1358 sunt,
2450 1293 2654 1348 malum
2699 1294 3014 1364 :pollutum
3072 1303 3252 1348 autem
3287 1293 3492 1348 malum
3519 1301 3584 1347 νε

2004 1387 2051 1442 si
2090 1385 2320 1451 malum,
2378 1400 2486 1440 non
2523 1384 2619 1438 Dei
2653 1392 2926 1438 creatura.
2977 1381 3270 1452 Colligitur
3324 1398 3474 1455 ergo,
3538 1382 3586 1438 si

2007 1480 2126 1534 haec
2179 1479 2576 1544 concedamus,
2626 1493 2849 1532 carnem
2893 1491 3020 1533 esse
3055 1493 3194 1548 opus
3233 1476 3360 1532 mali
3395 1492 3410 1529 :
3441 1475 3586 1547 quod

2008 1572 2358 1644 utdiximus)
2409 1582 2496 1628 est
2541 1569 2967 1625 Manichaeorum
3012 1581 3219 1626 sectae:
3261 1583 3366 1638 qua
3422 1569 3584 1623 etiam

2005 1664 2272 1738 Bogomili
2301 1672 2431 1719 sunt
2471 1662 2665 1718 imbuti
2700 1677 2772 1717 :a
2807 1660 3009 1732 quibus
3041 1667 3096 1715 et
3142 1659 3374 1730 amplius
3425 1659 3586 1730 quid-

2006 1760 2152 1831 piam
2189 1756 2569 1812 introductum
2610 1761 2718 1821 est,
2749 1761 2804 1809 et
2853 1752 3081 1823 impium
3130 1751 3325 1821 magis.
3373 1749 3430 1805 in
3486 1767 3588 1808 no-

2004 1852 2218 1908 cturnis
2264 1848 2757 1921 imaginationibus
2816 1855 3095 1916 nugantur
3141 1843 3420 1899 dzemones
3460 1843 3588 1902 libi-

2004 1948 2183 2002 dinem
2240 1957 2502 2000 exercere
2534 1942 2590 1996 in
2639 1954 2872 2010 corpora
2921 1938 3188 2003 humana,
3217 1937 3301 1992 vel
3365 1945 3590 2009 agentes

2003 2038 2058 2092 in
2121 2051 2264 2098 eos,
2339 2037 2434 2105 qui
2497 2033 2946 2104 imaginationem
3017 2031 3250 2087 subeant
3293 2029 3588 2094 libidinis,

2003 2129 2086 2184 vel
2116 2129 2185 2183 ab
2234 2128 2304 2183 iis
2342 2127 2640 2197 patientes.
2679 2125 2786 2180 Eos
2814 2125 3002 2194 igitur,
3060 2123 3153 2193 qui
3211 2122 3442 2177 seminis
3489 2138 3586 2177 ex»

2003 2221 2308 2275 cretionem
2340 2218 2522 2273 scelus
2548 2215 2926 2279 existimantx,
2965 2214 3011 2268 si
3042 2214 3137 2284 qui
3172 2212 3340 2283 ltujus
3376 2213 3590 2268 abomi-

2005 2312 2198 2366 nanda:
2227 2309 2506 2380 opinionis
2537 2305 2778 2362 dixerint
2833 2321 2959 2361 esse
3011 2303 3344 2375 participes;
3377 2317 3407 2358 a
3439 2313 3616 2360 recto

1997 2402 2212 2474 judicio
2236 2415 2345 2456 non
2368 2400 2558 2470 procul
2585 2399 2778 2454 abesse
2804 2396 3163 2452 videbuntur.

2072 2495 2278 2551 Verum
2329 2491 2564 2562 (inquiet
2602 2489 2836 2547 forsitan
2896 2487 3116 2560 aliquis)
3148 2501 3273 2544 cum
3324 2500 3443 2552 eos,
3495 2485 3590 2556 qui

2002 2585 2444 2657 inquinationem
2475 2598 2600 2639 esse
2619 2589 2818 2653 putant
2875 2581 3104 2636 seminis
3150 2576 3384 2642 ﬂuxum,
3420 2578 3591 2632 vehe—

2005 2688 2216 2736 menter
2272 2677 2591 2744 incesseris,
2634 2683 2689 2730 et
2740 2675 2963 2746 longum
3015 2673 3083 2730 de
3142 2671 3230 2728 bis
3253 2670 3594 2743 protraxeris

2003 2787 2352 2838 sermonem,
2404 2786 2511 2825 non
2562 2767 2877 2833 addidisti,
2932 2764 3064 2836 quid
3129 2764 3198 2821 iis
3260 2763 3590 2828 faciendum,

2004 2874 2098 2920 aut
2142 2861 2422 2934 quomodo
2447 2857 2778 2916 emendandi
2806 2859 2918 2914 sint
2952 2867 3004 2924 1,
3043 2857 3134 2926 qui
3191 2856 3245 2910 in
3272 2855 3404 2908 talia
3453 2854 3590 2908 facta

2005 2957 2328 3015 inciderint.
2362 2952 2794 3024 Repreltendere
2846 2951 3090 3021 quidem,
3117 2955 3203 3004 est
3256 2947 3314 3002 in
3363 2946 3589 3000 arbitrio

2003 3044 2254 3116 cujusvis
2305 3060 2320 3098 :
2381 3050 2657 3098 errantem
2716 3049 2899 3096 autem
2958 3039 3220 3111 dirigere,
3295 3045 3382 3095 est
3447 3036 3562 3110 opti

1926 3173 1972 3233 α
2009 3153 2180 3195 fnum.

2083 3229 2161 3286 Ne
2192 3229 2358 3298 igitur
2391 3227 2572 3284 locum
2606 3225 2802 3280 demus
2851 3223 3089 3294 cuipiam
3122 3223 3238 3278 haec
3285 3221 3588 3292 obiicienti,

2009 3321 2244 3376 dicimus
2274 3319 2364 3386 iis,
2395 3332 2516 3388 quae
2542 3315 2656 3386 jam
2681 3315 2822 3370 dicta
2854 3320 2982 3368 sunt
3010 3331 3024 3380 ;
3056 3311 3107 3366 id
3139 3311 3377 3366 maxime
3409 3311 3594 3366 couti-

2013 3413 2152 3479 neri,
2210 3419 2610 3468 nocturnarum
2685 3407 2905 3478 quidem
2958 3405 3414 3477 imaginationum
3470 3417 3598 3459 esse

2012 3508 2226 3578 aliquas
2283 3514 2439 3562 extra
2482 3504 2716 3568 crimen,
2751 3500 2964 3571 aliquas
3023 3508 3208 3554 autem
3258 3513 3380 3554 esse
3430 3509 3594 3568 paena

2011 3600 2224 3670 dignas.
2291 3597 2643 3668 Exprimetur
2711 3603 2898 3648 autem
2961 3600 3015 3647 ct
3073 3605 3266 3646 rursus
3329 3590 3594 3661 apertius.

2013 3691 2224 3759 Quibus
2270 3705 2404 3759 ergo
2457 3684 2688 3744 seminis
2737 3684 2978 3740 excretio
3035 3682 3153 3738 sine
3207 3679 3599 3750 imaginatione

2012 3794 2117 3849 est,
2176 3793 2373 3838 natura
2409 3779 2738 3837 detrudente
2784 3783 3246 3832 excrementum:
3293 3785 3347 3828 et
3395 3771 3598 3843 quibus

2011 3875 2115 3931 hoc
2146 3888 2270 3928 cum
2309 3869 2700 3940 imaginatione
2755 3866 3069 3937 contigerit,
3119 3863 3458 3935 cogitatione
3493 3864 3567 3917 im

2013 3967 2330 4039 perturbata
2377 3969 2635 4016 manente
2686 3968 2732 4025 ι,
2785 3972 2888 4013 nec
2942 3963 3102 4011 antea
3162 3955 3450 4025 inquinata
3501 3969 3600 4024 per

2011 4059 2411 4120 assensionem,
2430 4052 2646 4108 ail'ectio
2675 4058 2829 4106 extra
2859 4063 3076 4121 poenam
3101 4054 3279 4114 esl,et
3304 4045 3600 4116 reprehen-

2011 4155 2244 4208 sionem.
2276 4147 2465 4217 Neque
2490 4147 2546 4202 bi
2583 4145 2653 4200 ab
2695 4144 3000 4200 incruenta;
3034 4140 3269 4194 vietimae
3300 4139 3600 4208 participa-

2014 4247 2160 4300 tione
2203 4243 2560 4305 arcebuntur,
2608 4237 2916 4294 secundum
2958 4234 3116 4289 divos
3162 4231 3600 4300 Patreszneque

2013 4343 2072 4389 ut
2102 4331 2538 4405 inquinationem
2576 4329 2726 4401 passi
2761 4325 3186 4399 reputabuntur.
3229 4322 3286 4378 Si
3329 4323 3474 4377 enim
3503 4337 3604 4378 co-

2015 4426 2211 4499 gitatio
2240 4425 2309 4480 iis
2351 4423 2640 4494 inquinata
2674 4435 2784 4477 non
2823 4427 2930 4486 est,
2962 4417 3048 4474 vel
3078 4415 3222 4472 mala
3265 4413 3431 4470 animi
3469 4428 3602 4469 con-

323 4520 475 4592 αὐτῷ
532 4519 795 4590 πονηρᾶς,
879 4518 938 4588 ἢ,
994 4516 1098 4571 κᾶν
1160 4517 1484 4589 προσέϐαλε,
1546 4521 1623 4591 μὴ
1680 4523 1902 4593 προσδε-

2012 4519 2264 4592 ceptione
2306 4532 2416 4572 non
2470 4516 2762 4584 irruente;
2813 4511 2921 4581 vel,
2957 4512 3017 4583 ⁵εἰ
3066 4509 3312 4574 irruerit,
3345 4523 3454 4564 non
3500 4507 3602 4563 ad-

323 4617 550 4690 χθείσης
570 4631 584 4644 ο
618 4611 651 4683 ἢ
681 4610 782 4666 κᾶν
806 4609 1166 4682 προσεδέχθη,
1196 4609 1271 4682 μὴ
1302 4612 1741 4684 προσμεινάσης,
1783 4613 1900 4668 ἀλλ.

324 4704 878 4776 ὲγκαταλειψθεῐσης,
906 4701 1050 4756 κατὰ
1063 4701 1153 4755 τὸν
1175 4699 1450 4773 Μελῳδὸν,
1473 4703 1904 4759 ἀποσκευασθεί·

326 4819 428 4874 σης
457 4798 661 4870 δηλαδὴ
707 4799 800 4852 καὶ
834 4795 1300 4867 ἀποπεμφθείσης
1336 4813 1350 4828 ·
1381 4796 1444 4850 τὸ
1492 4797 1549 4850 δὲ
1599 4797 1760 4870 σῶμα
1821 4799 1910 4854 διὰ

323 4896 429 4966 τῆς
485 4890 870 4963 σπερματικῆς
923 4888 1228 4958 ἐκκρίσεως
1277 4889 1338 4942 οὐ
1411 4889 1710 4961 μεμίανται
1764 4891 1909 4965 (οὔτε

324 4986 439 5058 γὰρ
469 4987 505 5058 ἡ
542 4983 683 5057 σὰρξ
705 4982 894 5048 κακὸν,
929 4981 1004 5044 ὡς
1050 4980 1258 5050 κτίσμα
1281 4979 1417 5035 Θεοῦ
1449 4997 1463 5013 ο
1491 4981 1616 5036 οὔτε
1673 4983 1782 5056 μὴν
1840 4985 1908 5040 τὰ

325 5078 535 5149 ταύτης
567 5076 848 5149 ὲκρέοντα,
896 5074 991 5127 καὶ
1018 5072 1226 5144 ταύτης
1274 5074 1620 5145 συστατικὰ),
1669 5077 1703 5146 ἠ
1735 5075 1908 5132 ἐπιτί-

331 5188 520 5243 μησις,
545 5171 579 5240 ἢ
605 5170 703 5238 τῆς
723 5167 834 5222 τῶν
858 5167 1222 5238 ἁγιασμάτων
1251 5165 1521 5236 μεθέξεως
1545 5168 1578 5240 ἡ
1599 5168 1906 5240 ἀποτροπὴ,

326 5267 419 5321 διὰ
449 5264 576 5319 τίνα
630 5262 791 5332 λόγον
841 5259 1025 5314 ἔσεται
1086 5260 1340 5329 εὖλογον;
1404 5257 1508 5325 Οἷς
1560 5261 1606 5314 δ’
1653 5262 1910 5335 ἐμπαθὴς

328 5356 701 5426 προῦπέκειτο
729 5351 1013 5424 λογισμὸς,
1044 5350 1143 5404 καὶ
1174 5351 1411 5421 πονηρὸν
1455 5350 1709 5422 ἐνθύμιον
1737 5370 1909 5423 προσ-

332 5446 497 5501 ϐαλδν
555 5443 899 5520 προσεδέχθη
933 5461 993 5499 τε
1024 5444 1121 5497 καὶ
1165 5443 1518 5515 προσέμεινε,
1550 5445 1646 5499 καὶ
1693 5445 1774 5518 τῷ
1829 5445 1906 5518 νῷ

2005 4618 2177 4671 missa
2211 4632 2227 4682 ;
2261 4615 2372 4678 vel,
2425 4613 2472 4669 si
2512 4612 2758 4668 admissa
2811 4611 2904 4677 sit,
2953 4623 3061 4665 non
3097 4613 3474 4679 permanente,
3505 4603 3602 4658 sed

2005 4707 2290 4774 derelicta,
2332 4708 2491 4778 juxta
2545 4705 2820 4761 Melodum
2867 4714 2918 4770 ι,
2998 4701 3214 4758 sublata
3271 4698 3490 4755 videtur
3537 4697 3604 4751 de

2009 4802 2191 4856 medio
2221 4809 2278 4855 et
2322 4798 2620 4854 amandata
2667 4815 2680 4852 :
2713 4810 2916 4866 corpus
2943 4803 3125 4849 autem
3162 4806 3259 4863 per
3310 4788 3604 4862 spermati-

2020 4907 2143 4947 cam
2197 4893 2571 4948 excretionem
2613 4890 3048 4944 contaminatum
3106 4899 3215 4940 non
3267 4892 3352 4939 est
3407 4881 3604 4953 (neque

2015 4986 2160 5042 enim
2221 4998 2351 5038 caro
2403 4981 2630 5048 malum,
2684 4987 2745 5035 ut
2795 4979 2887 5035 Dei
2933 4987 3230 5045 creatura;
3287 4988 3468 5046 neque
3515 4986 3601 5036 ea,

2015 5093 2136 5148 quae
2170 5092 2235 5132 ex
2268 5089 2332 5132 ea
2379 5073 2650 5138 deﬂuunt,
2682 5080 2737 5129 et
2760 5089 2880 5129 eam
2912 5070 3275 5140 constituunt)
3301 5086 3316 5122 :
3341 5065 3605 5123 emenda-

2019 5167 2095 5224 tio
2136 5167 2166 5209 δ
2199 5168 2283 5223 vel
2337 5166 2783 5239 participati‘onis
2825 5172 3298 5222 sacramentorum
3351 5157 3602 5229 prohibi-

2018 5263 2096 5318 tio
2122 5303 2137 5328 ,
2174 5277 2339 5333 quam
2373 5260 2442 5316 ob
2464 5260 2670 5332 justam
2707 5259 2973 5315 rationem
3007 5257 3098 5314 ﬁet
3119 5257 3143 5310 ?
3165 5253 3376 5322 Quibus
3414 5260 3602 5305 autem

2016 5363 2143 5411 ante
2185 5355 2367 5410 inerat
2413 5353 2703 5410 aﬂectione
2743 5359 3021 5409 commota
3054 5345 3334 5419 cogitatio,
3371 5349 3427 5398 et
3459 5341 3602 5397 mala

2016 5447 2186 5503 animi
2214 5446 2503 5519 conceptio
2541 5447 2807 5520 impetum
2851 5444 3064 5504 faciens
3119 5439 3361 5496 admissa
3396 5435 3520 5502 fuit,
3551 5445 3602 5490 et

1601 5623 1841 5682 VARIE
1874 5627 2170 5686 LECT-ION
2178 5629 2278 5686 ES.

401 5764 432 5797 ν
462 5761 520 5810 αι
553 5753 808 5827 quidquid
839 5752 1101 5823 pozlutum
1127 5757 1229 5815 est,
1283 5748 1606 5827 malum‘eu.
1684 5759 1710 5788 ι
1741 5767 1852 5827 esse
1880 5754 2227 5822 pollutionem
2275 5753 2612 5827 exanimant,
2683 5759 2712 5800 1
2761 5746 3026 5827 quomodo
3063 5763 3183 5827 cum
3207 5749 3284 5806 eis
3313 5743 3600 5819 agendum,

329 5829 448 5902 qui.
525 5821 930 5894 i'ritt'i’expérte
979 5831 1238 5879 ntanente.
1319 5829 1338 5850 ⁸
1371 5821 1701 5889 psalmorum
1751 5821 1828 5880 rei
1860 5821 2186 5907 canticorum
2232 5833 2520 5881 auctorem.
2581 5823 2628 5880 ,ι’
2656 5837 2822 5892 paen/2
2864 5822 3142 5892 irrogatt'o.
