3948 6604
206 488 325 554 1033
1448 472 1765 536 GRxECO-l

1851 471 2156 537 MANUM.
3276 468 3407 531 103M

201 593 548 671 οίκουμενικοῦ
603 593 945 665 πατριάρχου
982 589 1172 663 κυρίου
1214 589 1511 661 Γεωργίου.
1540 582 1641 643 Ὧν
1675 588 1742 642 τά

1858 601 2028 645 annos
2058 595 2254 660 augeat
2288 587 2429 644 Deus
2460 589 2515 643 in
2541 587 2755 643 dierum
2783 584 3199 656 longitudinem.
3231 584 3417 642 Mense

201 698 282 765 ἔτη
308 690 515 757 αὐξανεί
551 691 579 742 6
607 688 748 752 Θεὸς
792 689 872 751 είς
909 685 1233 758 μακρότητα
1290 685 1537 754 ἡμερῶν.
1586 682 1738 754 Μηνὶ

1860 675 2162 745 ΐεοτιιογίο,
2221 677 2536 735 indictionis
2596 679 2680 747 l5,
2735 678 2863 733 anni
2904 685 3028 748 post
3085 676 3419 732 incarnatio-

200 783 516 856 Φεϐρουαρίῳ
571 780 948 851 ἐπινεμήσεως
979 785 1072 847 ιγ’,
1126 779 1222 832 καὶ
1271 777 1410 832 ἐτῶν
1451 776 1590 847 μετά
1637 776 1739 844 τὴν

1862 786 1965 826 tem
2024 771 2265 839 Domini,
2316 780 2372 828 et
2430 772 2544 838 Dei,
2579 778 2635 826 ct
2693 770 3005 832 Servatoris
3061 769 3234 826 nostri
3288 767 3421 825 Jesu

201 879 448 948 σάρκωσιν
484 871 575 925 τοῦ
615 869 824 941 Κυρίου
859 869 955 924 καὶ
992 865 1130 922 Θεοῦ
1164 865 1260 922 καὶ
1290 863 1538 935 Σωτῆρος
1582 863 1739 934 ἡμῶν
1842 864 2068 932 Christi,
2098 864 2257 921 1205.

200 967 351 1039 Ἰησοῦ
370 963 624 1035 Χριστοῦ,
662 959 821 1030 ,ασγ’.

271 1060 599 1128 Ἐρώτησις.
626 1057 691 1110 Ai.
738 1055 868 1126 περὶ
901 1055 970 1108 τά
1012 1053 1152 1126 μέρη
1187 1053 1290 1122 τῆς
1335 1048 1740 1122 Ἀλεξανδρείας

1918 1048 2086 1103 Inter.
2115 1049 2164 1103 i.
2193 1048 2323 1116 Quae
2351 1049 2404 1103 in
2437 1051 2683 1120 partibus
2707 1049 3055 1105 Alexandria:
3079 1055 3134 1102 et
3164 1047 3423 1103 Hieroso-

201 1153 398 1210 καὶτῶν
431 1147 822 1220 Ἰεροσολύμων
851 1144 1365 1216 ἁναγινωσκόμεναι
1385 1140 1740 1214 λειτουργίαι,

1866 1157 2111 1214 ymorum
2154 1141 2404 1212 leguntur
2434 1141 2688 1212 liturgiae,
2721 1149 2776 1197 et
2807 1141 3135 1210 conscriptae
3163 1140 3425 1194 dicuntur

201 1249 278 1303 καὶ
299 1242 577 1312 λεγόμεναι
622 1239 1008 1310 συγγραφῆναι
1054 1236 1206 1308 παρὰ
1248 1235 1358 1289 τῶν
1391 1233 1563 1303 ἁγίων
1599 1234 1738 1286 ἀπο·-

1864 1234 2019 1290 'uisse
2066 1247 2098 1287 a
2137 1234 2346 1289 sanctis
2392 1233 2686 1303 apostolis,
2723 1232 2930 1290 Jacobo
2963 1233 3136 1290 fratre
3186 1232 3423 1296 Domini,

203 1339 400 1398 στόλων,
458 1331 716 1387 Ἰακώϐου
776 1330 871 1384 τοῦ
933 1328 1285 1397 ἁδελφοθέου,
1334 1326 1429 1381 καὶ
1485 1325 1739 1396 Μάρκου,

1868 1334 1901 1380 et
1939 1324 2147 1391 Marco,
2183 1325 2514 1396 recipiendae
2544 1336 2677 1383 sunt
2728 1341 2759 1382 a
2804 1337 2998 1385 sancta
3047 1337 3104 1385 et
3153 1328 3427 1386 catholica

199 1430 359 1486 δεκταί
381 1429 482 1482 είσι
505 1429 572 1499 τῇ
601 1426 734 1496 ἁγίᾳ
759 1425 854 1480 καὶ
880 1424 1142 1494 καθολικῇ
1187 1421 1508 1493 Ἐκκλησία,
1540 1420 1573 1491 ἢ
1605 1417 1707 1483 ob;

810 1425 854 1478 ti.
880 1424 1142 1494 καθολικῇ
1187 1421 1508 1493 Ἐκκλησία,
1540 1420 1573 1491 ἢ
1605 1417 1707 1483 οῦ;
1847 1415 2114 1479 Ecclesia,
2148 1415 2369 1472 necne?

255 1527 374 1578 'Atr.
425 1522 483 1574 '0
513 1519 693 1590 μέγας
737 1516 1038 1581 ἀπόστολος
1066 1514 1303 1580 Παῦλος,
1352 1516 1380 1568 6
1410 1513 1520 1568 τῶν
1573 1509 1746 1581 ἁγίων

1917 1506 2042 1562 Res.
2087 1507 2318 1580 Magnus
2359 1509 2646 1581 apostolus
2686 1509 2914 1577 Paulus,
2963 1518 3279 1567 sanctarum
3328 1511 3426 1568 Dei

211 1613 521 1685 Ἐκκλησιῶν
550 1611 646 1666 τοῦ
673 1609 809 1664 Θεοῦ
838 1611 1025 1680 ῥήτωρ
1048 1609 1144 1662 καὶ
1170 1606 1512 1672 διδάσκαλος,
1545 1607 1744 1674 Κοριν-

1872 1595 2220 1652 Ecclesiarum
2253 1605 2443 1653 orator
2469 1609 2524 1654 et
2568 1599 2786 1668 doctor,
2828 1601 2896 1656 ad
2941 1600 3258 1658 Corinthios
3289 1603 3431 1660 scri-

200 1709 312 1772 Θίοις
335 1703 679 1770 ἐπιστέλλων,
715 1703 879 1773 φησίν
902 1716 916 1732 ·
957 1699 1224 1770 Ἀδελφοί,
1261 1697 1570 1773 παρακαλῶ
1597 1699 1745 1769 ὑμᾶς

1872 1702 2006 1753 iens,
2060 1687 2138 1742 ait
2174 1705 2190 1742 :
2225 1685 2470 1755 Fratres,
2520 1689 2752 1747 obsecro
2809 1706 2907 1748 vos
2957 1707 3057 1763 per
3088 1709 3288 1749 nomen
3325 1694 3431 1749 Do-

199 1800 272 1853 διὰ
297 1799 380 1852 τοῦ
412 1797 675 1867 ὀνόματος
703 1796 798 1850 τοῦ
828 1794 1032 1865 Κυρίου
1067 1793 1224 1864 ἡμῶν
1257 1792 1435 1862 Ἰησοῦ
1483 1789 1744 1860 Χριστοῦ,

1870 1777 1982 1831 nini
2013 1777 2188 1833 nostri
2226 1775 2357 1833 Jesu
2408 1777 2642 1845 Christi,
2695 1787 2752 1834 ut
2808 1781 2947 1837 idem
2979 1783 3174 1839 dicatis
3213 1798 3429 1846 omnes.

203 1894 277 1947 ἵνα
299 1893 354 1945 τὺ
387 1889 520 1945 αὐτὸ
550 1890 749 1961 λέγητε
783 1889 1006 1953 πάντες,
1039 1886 1137 1941 καὶ
1168 1886 1242 1956 μὴ
1271 1879 1306 1959 ᾖ
1364 1886 1422 1937 ὲν
1469 1883 1600 1953 ὑμῖν
1628 1881 1747 1952 σχί-

1873 1885 1952 1926 tec
1999 1871 2112 1926 sint
2168 1870 2222 1925 in
2273 1870 2430 1929 vobis
2477 1872 2707 1929 dissidia
2752 1875 2920 1930 :sitis
2979 1884 3158 1930 autem
3205 1890 3432 1948 compo-

204 2003 363 2056 σματα
390 2001 402 2013 ’
434 1980 532 2054 ἦτε
557 1933 1073 2054 δεικιατηρτισμένοι
1125 1933 1306 2049 ἐξ*
1333 1976 1483 2048 αὑτῷ
1508 1933 1612 2041 imi,
1651 1933 1746 2030 καὶ

1875 1962 1941 2017 .iti
1979 1963 1994 2003 ί
2030 1963 2222 2019 eadem
2259 1973 2464 2032 mente,
2513 1964 2815 2034 eademque
2849 1966 3147 2024 voluntate.
3189 1933 3434 2023 Dicimus

199 2080 248 2130 ὲν
263 2081 320 2147 τῇ
348 2077 476 2147 αὐτῇ
503 2074 719 2149 γνώμῃ.
744 2072 928 2145 Φαμὲν
953 2072 1154 2137 τοίνυν,
1178 2071 1254 2134 ὡς
1284 2069 1410 2124 οῦτε
1439 2070 1550 2124 ἀπὸ
1592 2069 1746 2134 θείας

1874 2056 2032 2128 gitur,
2089 2071 2194 2114 nos
2249 2073 2428 2128 neque
2486 2073 2519 2112 a
2564 2073 2725 2114 sacra
2796 2059 3110 2132 Scriptura,
3175 2076 3354 2132 neque
3401 2076 3433 2114 a

200 2169 419 2240 Γραφῆς,
449 2165 572 2221 οὔτε
610 2166 720 2222 ἀπὸ
753 2165 976 2228 κανόνος
1013 2162 1422 2233 ἐκφωνηθέντος
1452 2161 1747 2225 συνοδικῶς

1873 2166 2062 2208 :anone
2120 2154 2382 2223 synodice
2444 2155 2613 2219 edito,
2666 2155 2895 2212 edoctos
2976 2157 3149 2213 fuisse
3213 2172 3432 2212 sacrum

200 2257 617 2327 ἀνεδιδάχθημεν,
636 2254 1035 2326 ίεροτελεστίαν
1068 2252 1174 2307 ὑπὸ
1205 2252 1303 2307 τοῦ
1330 2251 1487 2321 ἁγίου
1517 2251 1748 2306 ἀποστό-

1874 2240 2218 2297 ninisterium
2252 2240 2266 2291 i
2311 2258 2341 2297 a
2382 2241 2439 2297 S.
2474 2244 2724 2314 apostolo
2765 2242 2952 2299 Marco
2996 2243 3285 2298 traditum.
3332 2242 3433 2298 So-

205 2349 282 2402 λου
311 2350 527 2419 Μάρκου
559 2346 930 2418 παραδοθῆναι
953 2362 968 2377 ο
1007 2344 1167 2416 μόνος
1205 2344 1260 2398 δὲ
1289 2346 1316 2398 6
1344 2340 1422 2414 λβ⁹
1451 2341 1628 2396 κανὼν
1646 2345 1748 2413 τῆς

1876 2347 1937 2388 us
1966 2332 2113 2388 enim
2145 2333 2215 2388 '52
2257 2348 2433 2388 canon
2485 2342 2690 2390 sanctae
2733 2342 2786 2391 et
2841 2335 3196 2391 meumenicae
3241 2335 3435 2406 synodi

202 2442 250 2494 ἐν
276 2440 344 2510 τῷ
383 2437 642 2510 Τρούλλῳ
689 2437 784 2492 τοῦ
841 2436 1083 2508 μεγάλου
1140 2434 1407 2490 παλατίου
1471 2434 1748 2504 συστάσης

1876 2437 2055 2481 :oacta:
2084 2427 2138 2482 in
2170 2425 2360 2481 Trullo
2385 2429 2569 2499 magni
2592 2429 2804 2500 palatii,
2847 2429 2923 2483 ait
2950 2444 2981 2483 a
3010 2429 3069 2484 S.
3093 2427 3302 2484 Jacoho
3337 2427 3435 2484 Dei

203 2531 337 2595 ἁγίας
367 2532 458 2585 καὶ
510 2531 906 2602 οίκουμενικῆς
965 2531 1208 2594 συνόδου,
1251 2527 1421 2600 φησὶν
1493 2528 1600 2582 ὑπὸ
1651 2529 1747 2584 τοῦ

1875 2521 2024 2577 ’ratre
2069 2522 2360 2593 mysticum
2421 2523 2754 2579 sacriﬁcium
2808 2524 2984 2582 fuisse
3044 2524 3434 2596 compositum.

203 2625 336 2693 ἁγίου
364 2624 620 2678 Ἰακώϐου
649 2625 745 2678 τοῦ
775 2623 1102 2693 ἀδελφοθέου
1133 2622 1403 2696 μυστικὴν
1436 2623 1749 2694 ἱερουργίαν

1884 2619 2102 2668 ιιιιιηιεο
2139 2613 2211 2668 85
2248 2629 2426 2670 canon
2471 2625 2792 2672 sanctorum
2826 2625 2881 2673 et
2923 2617 3073 2672 omni
3107 2615 3265 2672 laude
3298 2618 3443 2672 cclc-

203 2715 511 2784 συντεθῆναι.
532 2713 596 2770 '0
626 2717 806 2787 μέντοι
831 2715 916 2770 πε⁹
941 2715 1121 2771 κανὼν
1142 2717 1253 2771 τῶν
1281 2716 1454 2786 ἁγίων
1490 2717 1586 2770 καὶ
1610 2734 1752 2772 παν·
1851 2704 2034 2759 brium
2105 2706 2519 2785 ΑΡοεῑοιοτυῐην
2594 2717 2650 2764 ει
2735 2707 2810 2765 59
2867 2725 3045 2765 €300“
3119 2708 3445 2766 Ῑέθοάίεθηω

205 2809 440 2877 ευφήμων
477 2807 820 2873 ἀποστόλων,
854 2808 950 2862 καὶ
1000 2809 1028 2862 ὁ
1057 2807 1135 2862 νϐ’
1165 2807 1348 2863 κανὼν
1392 2809 1489 2879 τῆς
1524 2810 1584 2865 ἐν
1608 2811 1750 2864 Λαο-

1883 2796 2071 2868 ynodi,
2104 2808 2491 2856 enumerantes
2532 2798 2747 2856 Veteris
2787 2799 3144 2859 Testamenti,
3186 2810 3238 2855 et
3279 2799 3441 2868 Novi,

201 2897 351 2969 δικείᾳ
376 2899 619 2965 συνόδου,
644 2899 1125 2972 ἀπαριθμούμενοι
1172 2899 1242 2954 τὰ
1291 2901 1576 2970 ὀφείλοντα
1620 2903 1749 2972 παρ’

1885 2904 2115 2960 psosque
2142 2892 2478 2962 apostolicos
2531 2893 2728 2958 libros,
2768 2894 2860 2964 qui
2903 2893 2960 2948 in
2991 2909 3090 2949 usu
3128 2893 3288 2950 nobis
3318 2909 3444 2950 esse

204 2985 316 3054 ἡμῖν
357 2986 742 3042 πολιτεύεσθαι
819 2989 1000 3059 βιϐλία
1041 2991 1141 3059 τῆς
1189 2990 1437 3054 Παλαιᾶς
1473 2992 1752 3063 Διαθήκης

1880 2983 2078 3050 lebent,
2114 2984 2318 3040 nullam
2351 2984 2606 3042 sacriﬁcii
2637 2987 2665 3026 ιι
2707 2987 2884 3042 sancti
2916 2985 3105 3042 Jacobi
3135 2987 3221 3042 vel
3260 2989 3439 3043 sancti

205 3076 282 3129 καὶ
334 3077 428 3148 τῆς
473 3079 716 3148 Καινῆς,
782 3080 876 3133 καὶ
941 3080 1084 3134 αὑτά
1135 3081 1200 3152 δὴ
1260 3081 1327 3135 τά
1393 3082 1751 3148 ἁποστολικὰ,

1883 3077 2024 3132 1.ιι’‹;ἰ
2073 3078 2407 3133 mentionem
2466 3077 2696 3133 faciunt.
2729 3077 2918 3149 Neque
2969 3079 3136 3133 etiam
3169 3079 3442 3135 catholica

210 3170 496 3240 ἱερουργίας
517 3170 620 3224 τοῦ
650 3171 808 3240 ἁγίου
845 3170 1102 3226 Ἰακώϐου
1135 3173 1168 3243 ἢ
1199 3172 1294 3226 τοῦ
1342 3173 1500 3242 ἁγίου
1522 3173 1753 3243 Μάρκου

1883 3169 2198 3224 .anctissimi
2234 3178 2290 3224 et
2339 3170 2667 3226 meumenici
2701 3170 2884 3226 throni
2931 3170 3442 3242 Constantinopolis

207 3261 370 3329 μνείαν
399 3261 534 3325 ὅλως
581 3262 648 3317 οὒ
697 3261 1002 3317 ποιοῦνται.
1049 3264 1211 3319 ’Δλλὰ
1265 3265 1360 3319 καὶ
1402 3265 1435 3336 ή
1494 3264 1760 3338 καθολικὴ

1888 3261 2107 3318 Ecclesia
2139 3262 2250 3316 ullo
2279 3263 2441 3318 modo
2474 3277 2567 3319 eas
2602 3264 2855 3334 liturgias
2890 3265 3160 3335 agnoscit.
3192 3264 3447 3322 Pronun-

214 3353 487 3424 Ἐκκλησία
523 3354 627 3409 τοῦ
660 3355 973 3425 ἁγιωτάτου
1006 3358 1101 3410 καὶ
1134 3356 1519 3428 οίκουμενικοῦ
1567 3357 1758 3429 θρόνου

1885 3357 2065 3410 iamus
2097 3355 2285 3423 igitur,
2319 3369 2426 3409 non
2452 3371 2575 3412 esse
2609 3357 2706 3412 has
2736 3357 3099 3428 recipiendas.
3131 3357 3194 3412 Et
3228 3358 3273 3413 si
3295 3359 3442 3414 enim

203 3444 288 3513 τῆς
315 3448 944 3513 Κωνσταντινουπόλεως
979 3449 1088 3502 οὐδ’
1142 3450 1280 3513 ὅλως
1330 3449 1536 3515 ταύτας
1579 3452 1761 3520 ἐπιγι-

1879 3449 1931 3505 Ib
1963 3448 2030 3504 iis
2087 3451 2245 3504 factae
2275 3449 2403 3513 sint,
2457 3449 2526 3504 ab
2579 3452 2729 3506 omni
2779 3467 2881 3508 usu
2930 3467 3127 3507 vacare
3155 3453 3438 3523 jubentur,

203 3537 394 3594 νώσκει.
425 3538 798 3612 Ψηφιζόμεθα
823 3536 916 3595 οῦν
935 3541 1011 3613 μὴ
1037 3536 1177 3596 εἶναι
1199 3542 1396 3607 δεκτάς
1419 3543 1610 3606 αὑτάς.
1641 3543 1762 3598 Κᾶν

1886 3552 1922 3597 ιι
1943 3551 1996 3598 et
2029 3543 2137 3598 alia
2171 3541 2362 3596 multa.
2412 3539 2580 3612 quue
2625 3542 2978 3600 manifestum
3022 3553 3108 3600 est
3147 3560 3211 3600 ex
3257 3545 3327 3600 85
3353 3561 3445 3600 ca-

202 3629 294 3700 γάρ
317 3630 577 3700 ἐγένοντο,
610 3632 909 3698 παντελοῦς
931 3631 1210 3706 ἀπραξίας
1233 3635 1758 3708 κατεψηφίσθησαν,

1887 3651 2009 3692 ione
2039 3645 2357 3692 sanctorum
2391 3645 2446 3693 et
2484 3636 2902 3692 benedictorum
2951 3637 3347 3707 apostolorum,
3391 3649 3446 3692 et

201 3721 264 3785 ὡς
300 3723 391 3778 καὶ
435 3725 572 3780 ἄλλα
619 3725 811 3782 πολλά.
853 3726 961 3780 Καὶ
1014 3727 1172 3798 δῆλόν
1195 3728 1344 3784 ἐστιν
1400 3729 1508 3784 ἀπὸ
1537 3729 1632 3783 τοῦ
1677 3728 1760 3784 πε⁹

1885 3730 1896 3783 ί
1943 3743 2155 3784 canone
2193 3734 2397 3783 sanctae
2450 3735 2505 3780 et
2553 3727 2912 3782 tecumenicae
2941 3726 3136 3797 synodi
3168 3727 3224 3781 in
3257 3725 3444 3780 Trullo

202 3815 401 3880 κανόνος
419 3819 527 3872 τῶν
541 3819 724 3887 ἁγίων
758 3817 856 3874 καὶ
894 3821 1144 3892 πανευφή
1157 3839 1271 3891 μων
1303 3823 1636 3890 ἀποστόλων,
1669 3825 1761 3878 καὶ

1889 3819 2045 3890 nagni
2114 3819 2302 3889 palatii
2367 3827 2570 3874 coacta!
2637 3835 2653 3874 :
2713 3819 2853 3874 alter
2890 3819 3060 3883 enim,
3111 3819 3448 3888 apostolicus

202 3908 282 3961 τοῦ
319 3908 361 3980 β’
419 3913 653 3974 κανόνος
695 3914 796 3983 τῆς
844 3913 903 3966 έν
941 3913 1021 3984 τῷ
1056 3913 1310 3986 Τρούλλῳ
1367 3914 1462 3969 τοῦ
1521 3917 1760 3986 μεγάλου

1888 3911 2163 3976 'idelicet,
2225 3910 2419 3967 definit
2497 3912 2634 3966 duas
2684 3909 2986 3967 Clementis
3035 3910 3341 3980 epistolas,
3392 3923 3447 3965 et

203 4001 443 4058 παλατίου
473 4005 756 4077 συστάσης
778 4005 942 4074 ἁγίας
968 4008 1064 4060 καὶ
1091 4007 1482 4078 οίκουμενικῆς
1518 4009 1758 4065 συνόδου.

1886 4001 2305 4076 lispositiones1
2356 4015 2481 4060 octo
2530 4003 2794 4058 librorum
2847 4003 2990 4074 ejus,
3041 4004 3145 4074 legi
3203 4004 3445 4074 quidem,

210 4091 262 4144 Ὀ
295 4094 386 4163 μὲν
409 4095 596 4167 γάρ,ό
646 4097 1008 4162 ἀποστολικὸς
1051 4098 1275 4169 δηλαδὴ,
1313 4098 1611 4168 διορίζεται
1662 4101 1762 4166 τὰς

1890 4111 2056 4152 'erum
2114 4110 2222 4150 non
2273 4095 2541 4166 evulgari,
2575 4095 2646 4150 ob
2698 4109 2900 4150 arcana
2939 4110 3061 4167 quae
3105 4097 3162 4151 in
3206 4095 3274 4153 iis
3320 4103 3449 4152 sunt

201 4182 281 4237 τοῦ
306 4187 620 4258 Κλήμεντος
642 4189 736 4243 δύο
768 4190 1081 4256 ἐπιστολὰς,
1113 4190 1210 4245 καὶ
1236 4191 1335 4256 τὰς
1373 4193 1636 4261 διαταγὰς
1654 4193 1760 4248 τῶν

1892 4188 2146 4244 εοοηόίιε
2177 4205 2189 4242 :
2225 4187 2366 4242 alter
2415 4194 2599 4241 autem
2629 4187 2746 4243 vult
2796 4201 2892 4242 eas
2941 4202 3118 4258 neque
3147 4188 3272 4260 legi,
3319 4203 3451 4259 pro.

199 4272 325 4329 ὀκτὼ
342 4276 562 4348 βιϐλίων
596 4279 764 4333 αὐτοῦ
801 4280 1281 4349 ἀναγινώσκεσθαι
1333 4283 1451 4352 μὲν,
1492 4284 1568 4355 μὴ
1595 4285 1758 4354 δημο-

1892 4290 2050 4338 ιιετοσ
2084 4281 2230 4354 quod
2279 4281 2348 4337 iis
2383 4281 2566 4352 spuria
2611 4280 2860 4352 quaedam
2908 4282 3078 4336 multa
3113 4288 3168 4338 et
3196 4296 3225 4336 a
3251 4281 3451 4353 pietate

202 4371 458 4428 σιεύεσθαι
491 4375 576 4443 δὲ,
621 4374 709 4429 διὰ
728 4375 795 4429 τὰ
820 4377 879 4430 ὲν
902 4377 1094 4441 αὐταῖς
1123 4378 1366 4448 μυστικά
1391 4395 1405 4410 ⁸
1439 4380 1467 4430 ὁ
1508 4378 1566 4431 δὲ
1619 4380 1761 4433 θέλει

1888 4377 2047 4430 iliena
2077 4373 2399 4445 interposita
2452 4375 2564 4430 sint
2613 4373 2682 4429 ab
2729 4373 3024 4430 haereticis.
3080 4373 3447 4441 Quamobrem

199 4459 382 4524 ταύτας
419 4463 558 4536 μηδὲ
598 4463 1093 4533 ἀναγινώσκεσθαι,
1137 4467 1226 4521 διὰ
1263 4467 1326 4520 τὸ
1364 4469 1758 4540 παρεντεθῆναι

1891 4485 2059 4525 mines
2113 4466 2376 4523 Ecclesiae
2427 4466 2518 4522 Dei
2577 4473 2732 4537 sequi
2769 4467 2974 4524 debent
3037 4483 3245 4524 morem
3294 4483 3450 4524 novae

200 4550 372 4616 αὐταῖς
401 4556 555 4625 παρὰ
603 4556 927 4626 ἑτεροδόξων
969 4557 1138 4611 πολλά
1183 4575 1304 4612 τινα
1342 4559 1496 4626 νόθα,
1524 4561 1620 4614 καὶ
1663 4561 1759 4631 τῆς

1890 4561 2076 4625 tomaa,
2130 4559 2391 4614 nimirum
2447 4557 2974 4630 Constantinopolis,
3005 4569 3058 4616 et
3110 4576 3269 4616 sacra
3302 4562 3449 4617 cele-

203 4642 377 4698 εὐσεϐε
387 4646 472 4712 ίας
486 4618 780 4718 amcam.
804 4618 903 4703 Ᾰιά
924 4667 1006 4703 τοι
1021 4648 1180 4702 τοῦτο
1192 4651 1286 4705 καὶ
1300 4618 1574 4721 ὀφείλουσι
1588 4655 1665 4706 πᾶ
1675 4618 1762 4708 coit

1890 4670 2033 4711 irare
2081 4654 2235 4725 iuxta
2293 4652 2617 4710 traditiones
2675 4668 2998 4723 magnorum
3051 4654 3338 4710 doctorum
3395 4663 3449 4710 ct

199 4735 250 4786 αί
303 4739 606 4812 Εκκλησίαι
631 4740 724 4794 τοῦ
753 4740 888 4797 Θεοῦ
923 4742 1235 4796 ἀκολουθεῖν
1261 4743 1340 4812 τῷ
1369 4743 1478 4797 ἔθει
1507 4745 1606 4816 τῆς
1637 4745 1758 4811 νέας

1896 4751 2226 4805 uminarium
2281 4749 2524 4818 pietatis,
2574 4748 2753 4803 sancti
2799 4746 3024 4804 Joannis
3071 4748 3449 4821 Clirysostomi

210 4825 434 4902 Ῥώμης,
464 4832 586 4904 ἢτοι
613 4831 712 4902 τῆς
735 4833 1365 4898 Κωνσταντινουπόλεως
1385 4849 1398 4863 ·
1434 4837 1527 4890 καὶ
1554 4838 1764 4910 ίερουρο

1887 4853 1925 4899 3t
1976 4844 2155 4898 sancti
2187 4842 2395 4898 Basilii.
2427 4839 2520 4894 Ait
2553 4841 2698 4895 enim
2753 4841 2813 4896 4i
2871 4851 3055 4910 caput,
3093 4857 3108 4896 l
3151 4842 3234 4896 tit.
3268 4841 3302 4894 9.
3351 4841 3446 4895 lih.

196 4923 302 4986 γεῖν
330 4925 471 4978 κατὰ
503 4925 606 4987 τὰς
630 4925 959 4996 παραδόσεις
989 4925 1099 4979 τῶν
1134 4926 1390 4995 μεγάλων
1423 4928 1755 4984 διδασκάλων

1888 4933 2185 4988 Basilicon:
2222 4930 2297 4985 De
2345 4929 2545 5001 quibus
2583 4929 2784 5000 scripta
2822 4931 2904 4986 lex
2934 4946 3043 4986 non
3073 4928 3177 4997 est,
3220 4948 3447 4998 morem,

197 5015 283 5066 καὶ
303 5017 615 5090 φωστήρων
680 5018 782 5089 τῆς
839 5017 1146 5083 εὐσεϐείας,
1175 5018 1266 5073 τοῦ
1301 5020 1459 5089 ἁγίου
1511 5022 1756 5078 Ἰωάννου

1357 5021 1459 5088 γίου
1511 5022 1760 5078 Ἰωάννου
1871 5041 1984 5098 quo
2012 5025 2183 5080 Roma
2215 5025 2410 5088 utitur,
2439 5024 2645 5078 servari
2681 5032 2916 5094 oportet.

195 5107 281 5160 τοῦ
311 5111 707 5182 Χρυσοστόμου
731 5111 824 5164 καὶ
850 5110 942 5164 τοῦ
993 5113 1149 5180 ἁγίου
1176 5112 1478 5165 Βασιλείου.
1511 5113 1648 5183 Φησὶ
1677 5117 1786 5191 γὰρ
1817 5120 1877 5172 τὸ
1915 5125 2004 5190 μα’
2034 5115 2330 5186 κεφάλαιον
2359 5112 2453 5167 τοῦ
2503 5119 2552 5166 α’
2581 5112 2764 5168 τίτλου
2835 5115 2929 5168 τοῦ
2989 5115 3035 5186 β’
3079 5116 3284 5187 βιϐλίου
3337 5117 3448 5171 τῶν

196 5197 510 5258 Βασιλικῶνσ
576 5205 714 5277 Περὶ
773 5199 850 5259 ὧν
911 5205 1187 5278 ἔγγραφος
1235 5207 1296 5260 οὐ
1335 5211 1513 5262 κεῖται
1573 5208 1757 5279 νόμος,
1791 5212 2241 5285 παραφυλάττειν
2266 5209 2426 5264 δεῖτὸ
2449 5207 2592 5272 ἔθος,
2615 5201 2716 5280 ᾧή
2748 5207 2938 5280 Ῥώμη
2971 5211 3254 5282 κέχρηται.

271 5295 592 5369 Ἐρώτησις
627 5297 709 5362 β’.
762 5297 950 5351 Βιϐλία
997 5298 1232 5368 διάφορα
1293 5297 1641 5369 εὑρίσκονται
1677 5299 1760 5362 είς

1953 5301 2124 5355 Inter.
2176 5300 2235 5354 ἓ.
2279 5297 2432 5353 Varii
2487 5299 2841 5368 reperiuntur
2909 5300 3055 5363 libri,
3105 5301 3158 5354 in
3208 5302 3446 5356 orienta-

196 5385 287 5449 τὰς
333 5389 666 5452 άνατολικὸς
718 5390 814 5445 καὶ
866 5391 1077 5454 νοτίους
1131 5389 1354 5462 χώραςο
1407 5392 1505 5446 καὶ
1546 5393 1613 5446 τὰ
1665 5393 1755 5462 μὲι

1887 5394 2023 5449 libus
2055 5403 2109 5447 et
2144 5391 2603 5447 meridionalibus
2625 5391 2948 5463 regionibus
2989 5411 3002 5446 :
3040 5399 3094 5446 et
3131 5393 3221 5446 alii
3266 5395 3446 5447 nomi-

198 5477 548 5548 όνομάζονται
584 5482 932 5537 Διδασκαλίαι
970 5483 1080 5537 τῶν
1111 5485 1284 5553 ἁγίων
1332 5484 1669 5549 ἀποστόλων,
1697 5484 1757 5536 τὰ

1884 5495 2082 5540 nantur
2134 5485 2408 5555 Praecepta
2461 5492 2785 5540 sanctorum
2837 5484 3208 5554 apostolorum
3271 5501 3284 5536 :
3330 5485 3443 5548 alii,

198 5568 269 5634 δὲ,
307 5571 556 5644 Ὀράσεις
587 5575 681 5628 τοῦ
711 5575 870 5643 ἁγίου
904 5574 1137 5630 Παύλου.
1174 5577 1394 5648 Ἐρωτῶ
1423 5576 1514 5630 οῦν
1545 5579 1592 5630 εί
1613 5577 1757 5646 dapsi-

1886 5575 2134 5632 Visiones
2178 5577 2352 5631 sancti
2394 5575 2569 5631 Pauli.
2617 5575 2816 5642 Quaero
2849 5591 2916 5629 an
2957 5575 3007 5628 hi
3048 5575 3204 5630 nobis
3237 5576 3445 5645 legendi

201 5660 356 5732 λομεν
385 5666 782 5734 ἀναγινώσκειν
815 5668 954 5721 αὐτά
979 5685 993 5727 ;

468 5666 782 5734 ιγινώσκειν
815 5668 954 5721 αὐτά
979 5685 993 5727 ;
1871 5669 1982 5723 sint
2005 5669 2027 5720 ?

1465 5828 1700 5883 VARUE
1757 5825 2164 5883 LECTIONES.

271 5924 677 5991 irongiutinati.
761 5923 773 5972 i
825 5940 1030 5978 sacram
1079 5923 1471 5979 ca'remoniam.
1553 5923 2124 5979 l‘sacrmca’rimonia'.
2203 5921 2628 5991 'vra’crptiones.

390 6019 668 6082 ΡΔτιωι.
707 6018 827 6079 (in.
877 6019 1084 6079 CXIX.
3075 6016 3149 6075 33
