3948 6588
520 446 677 507 71035

1830 445 1862 506 J
1871 445 1967 507 US
2008 446 2449 512 CANONICUM

3600 463 3704 534 1036

612 559 733 614 Res.
765 556 905 613 Cum
953 555 1219 613 Dominus
1255 564 1312 612 et
1339 555 1484 612 Deus
1515 562 1564 611 et.
1605 554 1868 612 Servator
1919 567 2100 616 noster

2293 563 2424 619 Ἀπ.
2470 560 2577 616 Τοῦ
2624 560 2832 634 Κυρίου
2865 562 2960 616 καὶ
3002 562 3138 618 Θεοῦ
3185 564 3278 618 καὶ
3324 567 3547 641 Σωτῆρος
3585 577 3704 648 ἡμῶν

515 653 696 711 Ιοευε
719 652 977 708 Christus
999 651 1053 707 in
1083 649 1392 721 Evangeliis
1437 650 1605 714 dicat,
1639 649 1824 708 Videte
1849 666 1918 707 ne
1955 651 2104 707 deci--

533 745 804 818 piamini:
844 743 1000 800 multi
1045 745 1191 799 enim
1227 743 1449 798 venient
1477 744 1532 798 in
1565 744 1792 800 nomine
1836 759 1982 812 meo,
2015 744 2104 800 di-

517 851 741 907 centes,
783 837 924 905 Quia
947 852 1048 910 ego
1083 852 1227 902 sum,
1269 844 1322 890 et
1356 845 1573 906 tempus
1603 838 2103 910 appropinquavit:

533 932 954 1004 pronuntiamus
1007 938 1062 987 et
1119 946 1243 997 nos,
1305 931 1398 986 Dei
1436 931 1735 986 Ecclesiam
1784 947 1950 988 nosse
1983 940 2024 969 ω
2055 940 2108 988 et

521 1023 795 1079 conﬁteri
838 1021 1138 1093 apostolica
1165 1029 1455 1092 praecepta,
1497 1032 1557 1078 et
1594 1021 1868 1089 visiones,
1917 1031 1972 1078 et
2027 1022 2109 1079 di.

515 1117 770 1186 --sciplina
794 1123 822 1153 ι³
856 1114 1148 1180 librorum,
1190 1129 1313 1184 qua:
1341 1113 1412 1169 85
1443 1114 1742 1184 apostolico
1769 1129 1981 1172 canone
2010 1115 2107 1171 de-

531 1209 836 1274 clarantur,
861 1214 924 1262 et
939 1205 1044 1262 Dei.
1057 1221 1369 1276 praeconum
1395 1221 1558 1262 voces
1591 1205 1660 1262 iis
1693 1222 1818 1263 esse
1841 1208 2102 1264 creditas.

511 1299 737 1356 ’Pmter
764 1299 879 1355 hos
904 1299 1073 1354 alium
1106 1299 1502 1355 nullum-novit
1538 1299 1900 1370 apostolicum
1951 1315 2104 1355 com-

535 1394 862 1449 mentarium
893 1402 933 1448 '.
967 1392 1377 1450 Observandum
1408 1391 1592 1463 igitur,
1636 1399 1696 1445 ut
1732 1391 1801 1446 ab
1833 1391 2108 1447 haereticis

532 1489 659 1542 llcta
697 1501 1018 1543 averscrnur
1047 1485 1356 1541 mendacia.
1397 1484 1695 1546 Absinthio
1747 1485 1894 1540 enim
1948 1499 2104 1538 ama-

533 1580 703 1647 riora,
736 1581 865 1635 licet
886 1595 984 1650 per
1015 1579 1320 1635 nominum
1373 1587 1696 1634 sanctorum
1730 1576 2102 1646 apostolorum

531 1669 944 1740 inscriptionem
973 1667 1236 1728 mellitam
1266 1665 1508 1723 referant
1552 1668 1883 1738 placentem.

604 1851 771 1906 Inter.
803 1851 859 1906 ὅ.
893 1849 1187 1920 Sexaginta
1239 1849 1598 1905 Basilicarum
1657 1847 1839 1918 capita
1879 1847 1945 1902 ad
2002 1861 2102 1902 no-

2224 653 2395 724 Ἰησοῦ
2427 651 2665 727 Χριστοῦ
2684 655 2743 708 ἐν
2762 654 3122 724 [εὐαγγελίοις
3149 655 3405 722 εἰπόντος’
3431 661 3630 719 Βλέπετε
3649 673 3704 742 μὴ

2210 744 2517 819 πλανηθῆτε
2545 763 2562 779 ·
2601 745 2791 801 πολλοὶ
2833 745 2943 818 γὰρ
2993 746 3296 802 ἐλεύσονται
3325 749 3412 804 ἐπὶ
3440 751 3510 822 τῷ
3531 755 3706 827 ὀνόματί

2212 855 2338 909 μου,
2370 840 2644 910 λέγοντες,
2682 841 2804 895 Ὀτι
2839 839 2951 910 ἐγώ
2977 841 3114 912 ειμι,
3155 842 3248 896 καὶ
3271 845 3300 898 ό
3324 846 3497 917 καιρὸς
3525 849 3703 919 ῆγγικε·

2208 931 2563 1009 ψηφιζόμεθα
2583 933 2678 986 καί⁸
2703 933 2890 1004 ἡμεῖς,
2909 933 2992 986 ὅτι
3021 933 3378 999 ἁποστολικὰς
3403 937 3704 1011 διδασκαλίας,

2211 1026 2308 1080 καὶ
2333 1026 2575 1097 ὁράσεις,
2619 1026 2718 1080 καὶ
2739 1026 2976 1092 διδάξεις
3005 1028 3050 1098 ήι
3065 1025 3162 1082 τοῦ
3193 1026 3326 1081 Θεοῦ
3365 1028 3619 1102 Ἐκκλησία
3641 1055 3703 1106 γι-

2209 1116 2409 1172 νώσκει
2439 1119 2536 1172 καὶ
2565 1117 2822 1188 ὁμολογεῖ
2841 1118 2911 1172 τὰ
2933 1119 2990 1172 ὲν
3011 1118 3089 1189 τῷ
3121 1124 3203 1171 πε¹
3230 1119 3542 1194 ἀποστολικῷ
3565 1128 3704 1180 κανόνι

2206 1209 2522 1280 δηλούμενα,
2545 1208 2745 1280 βιϐλία,
2799 1210 2902 1264 καὶ-
2939 1210 3304 1281 πιστευόμενα
3339 1207 3468 1265 εῐναι
3501 1213 3592 1267 τῶν
3617 1215 3704 1269 θεο-

2209 1302 2468 1375 κηρύκων
2495 1302 2678 1370 φωνάς
2695 1319 2710 1332 ·
2737 1302 2926 1372 ἓτερον
2945 1303 3002 1356 δέ
3034 1320 3088 1356 τι
3130 1303 3279 1374 παρὰ
3315 1302 3473 1359 ταῦτα
3498 1306 3580 1360 οὐκ
3602 1303 3704 1362 olim

2207 1394 2564 1450 ἀποστολικδν
2621 1391 2982 1466 σύγγραμμα.
3031 1395 3448 1466 Παρατηρητέον
3485 1393 3565 1450 οὖν
3603 1401 3702 1453 ἁπο-

2211 1483 2543 1555 στρέφεσθαι
2591 1482 2660 1536 τὰ
2707 1483 3076 1554 πεπλασμένα
3137 1484 3292 1555 παρὰ
3334 1482 3438 1538 τῶν
3477 1487 3702 1558 αἱρετικῶν

2211 1575 2606 1646 σχεδιάσματα.
2669 1574 2947 1645 ’Δψινθίου
2995 1576 3103 1648 γὰρ
3157 1577 3451 1647 πικρότερά
3490 1581 3595 1642 εἱσι,
3630 1582 3703 1634 κᾶν

2207 1664 2564 1736 μελιτοῦτταν
2593 1666 2683 1720 διὰ
2711 1667 2812 1738 τῆς
2855 1667 3175 1738 ἀπιγραφῆς
3223 1666 3332 1720 τῶν
3367 1669 3606 1740 ὀνομάτων
3626 1673 3704 1726 τῶν

2207 1757 2386 1825 ἁγίων.
2415 1757 2733 1812 ἀποστόλων
2769 1759 3198 1830 ὑποκρίνωνται.

2292 1849 2610 1918 Ἐρώτησις
2653 1855 2725 1920 1’.
2763 1849 2847 1903 Τὰ
2873 1849 3142 1922 ἐξήκοντα
3180 1849 3454 1918 κεφάλαια·
3470 1850 3561 1904 τῶν
3589 1852 3706 1905 Βασι-

523 1955 675 2001 stras
702 1943 956 2013 regiones
982 1918 1091 1997 non
1124 1949 1488 2012 pervenerunt
1516 1940 1797 2010 :‘ideoque
1838 1948 2100 2010 quantum

2209 1941 2376 1996 λικῶν
2403 1942 2463 1994 οὐ
2487 1918 2803 2012 διεδόθησαν
2837 1942 2918 2005 είς
2950 1918 3049 2006 τὰς
3070 1940 3258 2013 χώρας
3282 1942 3431 2011 ἡμῶν
3451 1958 3465 1973 '
3495 1943 3570 1997 διὰ
3591 1945 3708 1998 τοῦτο

529 2036 598 2090 ad
636 2051 702 2090 ea
733 2035 992 2105 pertinet,
1027 2033 1090 2089 in
1120 2033 1364 2089 tenebris
1409 2047 1719 2088 versamur.
1772 2031 2103 2099 Quaerimus,

531 2143 599 2184 an
634 2129 704 2184 ob
729 2143 848 2184 eant
869 2142 988 2182 rem
1020 2127 1364 2182 damnemur.

600 2219 1107 2288 Res.Quaecunque.
1130 2218 1213 2272 lex
1237 2216 1338 2282 ait,
1372 2216 1440 2272 iis
1473 2216 1562 2271 ait
1598 2216 1710 2288 qui
1731 2217 1784 2272 in
1811 2213 1926 2288 lege
1951 2231 2100 2286 sunt,

529 2313 828 2370 secundum
850 2323 1109 2380 magnum
1138 2308 1482 2381 Apostolum.
1508 2308 1610 2376 Qui
1646 2310 1815 2382 igitur
1844 2311 1916 2366 ob
1935 2311 2100 2366 vitam

529 2406 838 2478 gloriantur
884 2403 1276 2468 orthodoxam,
1311 2403 1428 2459 sive
1458 2417 1525 2458 ex
1567 2403 1781 2460 oriente
1820 2406 1952 2470 sint,
1989 2405 2104 2461 sive

528 2513 596 2554 ex
637 2495 1137 2552 Alexandrinorum
1177 2495 1360 2566 plaga,
1399 2494 1521 2551 sive
1567 2495 1809 2563 aliunde,
1865 2495 2099 2552 Romani

528 2589 810 2654 dicuntur,
845 2595 908 2643 et.
927 2585 1232 2643 secundum
1267 2585 1414 2658 leges
1438 2584 1627 2642 vivere
1653 2595 1948 2658 coguntur.
1979 2586 2100 2643 Non

528 2682 908 2753 astringuntnr
944 2689 1127 2736 tamen
1150 2678 1288 2750 lege,
1315 2695 1438 2750 qua:
1467 2679 1564 2744 ait,
1597 2678 1715 2734 Non
1739 2687 1952 2751 oportet
1989 2683 2102 2736 llo-

529 2789 753 2831 manum
808 2773 986 2828 virum
1040 2771 1187 2842 leges
1224 2770 1503 2842 ignorare.
1558 2771 1600 2826 li
1649 2771 1796 2827 enim
1837 2772 1964 2838 soli,
2007 2773 2101 2843 qui

531 2866 785 2926 habitant
809 2864 1066 2928 Romam,
1101 2862 1305 2934 regiam
1357 2862 1611 2920 videlicet
1647 2862 1947 2928 civitatem,
1980 2880 2104 2936 quae

527 2955 802 3013 similibus
823 2963 908 3010 est
926 2954 1136 3009 munita
1174 2953 1620 3022 pr0pugnaculis,
1644 2963 1698 3009 et
1717 2954 1909 3010 multis
1927 2955 2104 3010 abun-

529 3053 626 3106 dat
676 3048 1040 3120 jurisperitis,
1071 3046 1269 3102 horum
1315 3044 1514 3101 ferreis
1561 3053 1818 3101 tenentur
1871 3047 2100 3117 pedicis.

527 3143 765 3214 Ideoque
796 3141 844 3197 si
886 3140 942 3195 bi
979 3139 1153 3210 legem
1194 3137 1455 3207 ignorare
1485 3151 1545 3193 se
1589 3136 1845 3207 allegent,
1883 3140 2101 3195 veniam

2210 2032 2646 2104 νυκτοδατοῦμεν
2673 2035 2799 2088 ὅσον
2821 2033 2884 2086 τὸ
2919 2035 3000 2098 είς
3046 2033 3212 2090 αὑτά.
3253 2031 3609 2106 Ζητοῦμενοῦν
3629 2053 3704 2106 μα-

2208 2127 2345 2191 Θεὶν,
2373 2127 2421 2180 εί
2450 2125 2704 2181 ἐντεῦθεν
2731 2126 3208 2197 κατακρινόμεθα.

2289 2223 2410 2276 Ἇπ.
2445 2220 2590 2274 Ὅσα
2614 2221 2642 2274 ό
2669 2220 2835 2288 νόμος
2872 2219 3045 2284 λαλεῖ,
3087 2221 3204 2282 τοῖς
3237 2220 3295 2273 ὲν
3321 2219 3394 2290 τῷ
3419 2220 3552 2291 νόμῳ
3582 2221 3705 2290 λέγει,

2206 2312 2349 2366 κατὰ
2377 2310 2471 2365 τὸν
2497 2309 2672 2381 μέγαν
2719 2308 3065 2363 ’Δπόστολον.
3099 2309 3165 2362 Ol
3196 2306 3328 2377 γοῦν
3347 2307 3604 2378 αὐχοῦντες
3623 2309 3706 2379 βίον

2205 2403 2521 2475 ὀρθόδοξον,
2572 2401 2676 2456 κᾶν
2705 2400 2766 2466 ἐξ
2806 2399 3085 2456 ἀνατολῶν
3117 2395 3250 2464 ὦσι,
3298 2398 3396 2454 κᾶν
3421 2400 3478 2465 ἐξ
3521 2401 3708 2465 ’Δλεξαν-

2203 2495 2400 2567 δρὲων,
2435 2493 2540 2548 κᾶν
2569 2493 2862 2564 ἑτέρωθεν,
2907 2492 3172 2564 Ῥωμαῖοι
3219 2493 3480 2562 λέγονται,
3506 2492 3582 2546 καὶ
3603 2492 3708 2546 κατὰ

2204 2588 2400 2658 νόμους
2435 2584 2838 2654 ἀναγκάζονται
2872 2583 3257 2640 πολιτεύεσθαι
3279 2601 3294 2616 ·
3341 2583 3416 2655 τῷ
3440 2584 3567 2655 νόμῳ
3588 2583 3632 2636 et
3654 2583 3707 2653 τῷ

2206 2681 2491 2750 φάσκοντι,
2516 2679 2590 2732 Οὐ
2625 2678 2707 2731 δεῖ
2742 2677 3014 2748 Ῥωμαῖον
3047 2676 3219 2748 ἄνδρα
3264 2677 3424 2748 νόμον
3447 2679 3640 2746 ἀγνοεῖν,
3663 2675 3706 2729 οὐ

2206 2770 2626 2842 συσφίγγονται.
2667 2771 2836 2826 Movet
2877 2769 2987 2840 γὰρ
3019 2770 3069 2823 οἱ
3099 2769 3480 2833 κατοικοῦντες
3503 2769 3584 2839 τὴν
3611 2768 3708 2821 Ῥώ-

2208 2882 2338 2937 μην,
2370 2863 2472 2935 τὴν
2502 2861 2752 2934 βασιλίδα
2787 2861 3030 2932 δηλονότι
3077 2861 3190 2916 τῶν
3238 2862 3458 2927 πόλεων,
3494 2862 3577 2932 τὴν
3611 2878 3708 2914 κατ-

2204 2951 2623 3026 ησφαλισμὲνην
2640 2951 2848 3023 ὁμοίοις
2870 2949 3230 3023 πυργώμασι,
3252 2951 3346 3004 καὶ
3370 2950 3572 3013 πολλοὺς
3592 2949 3709 3001 πλον-

2203 3045 2405 3101 τοῦσαν
2455 3045 2810 3116 νομομαθείς,
2858 3045 2980 3108 ταῖς
3023 3045 3089 3096 ἐκ
3137 3044 3350 3099 τούτων
3402 3043 3710 3114 σῶηροπέδαις

2204 3137 2551 3210 κατέχονται.
2582 3137 2674 3190 Διὸ
2702 3131 2853 3192 οὗτοι
2887 3138 2987 3208 μὲν
3013 3138 3284 3209 ἀγνοῆσαι
3309 3138 3464 3209 νόμον
3500 3136 3710 3190 διενιστὰ·

532 3252 646 3293 non
690 3239 1126 3303 consequuntur,
1180 3229 1296 3285 sive
1355 3229 1639 3285 manuales
1689 3229 1800 3285 sint
1835 3233 2100 3301 operarii,

2208 3247 2381 3304 μενοι,
2427 3230 2489 3284 οὗ
2542 3227 3045 3298 συγγινώσκονται⁶
3099 3230 3206 3284 κᾶν
3250 3229 3603 3302 χειρωνάκται,
3638 3227 3711 3281 κᾶν

531 3332 648 3386 sive
668 3325 1099 3383 eircuml‘oranei
1124 3324 1238 3380 sint
1283 3322 1477 3393 aliqui,
1511 3330 1566 3377 et
1597 3323 1900 3378 litterarum
1927 3325 2099 3395 impe-

531 3421 622 3476 riti
657 3437 672 3474 :
705 3427 761 3472 ut
787 3415 882 3488 qui
927 3415 1143 3485 possint
1180 3429 1209 3468 a
1243 3415 1360 3470 suis
1400 3414 1612 3472 civibus
1654 3415 1832 3486 legum
1886 3416 2100 3473 discere

529 3523 800 3568 tenorem.
833 3505 936 3572 Qui
976 3514 1159 3562 autem
1213 3511 1366 3558 extra
1407 3501 1642 3560 Romam
1700 3512 1888 3576 agunt,
1945 3521 2101 3577 agre-

531 3611 645 3659 stes
673 3611 699 3650 ι³
733 3598 967 3662 scilicet,
1007 3606 1062 3652 et
1091 3597 1308 3666 reliqui,
1341 3595 1620 3666 multoque
1651 3599 1825 3668 magis
1859 3598 2097 3655 Alexan-

529 3694 702 3760 drini,
731 3691 906 3762 legem
922 3688 1141 3745 civilem
1176 3687 1516 3758 ignorantes,
1552 3690 1768 3744 veniam
1798 3699 2094 3747 merentur.

531 3785 738 3838 Bonum
769 3794 902 3851 ergo
967 3786 1074 3843 est,
1136 3786 1198 3833 ut
1255 3777 1310 3832 bi
1371 3793 1591 3849 quoque
1626 3779 1986 3854 interrogent,
2045 3790 2102 3838 et

530 3875 772 3947 legitima
798 3879 1066 3943 praecepta
1094 3871 1331 3928 discant.
1369 3868 1524 3936 Quod
1562 3872 1608 3926 si
1637 3881 1720 3927 est
1743 3870 1981 3939 dillicile,
2009 3890 2100 3928 ve-

527 3974 674 4026 niam
711 3976 842 4024 sunt
865 3964 1234 4030 consecuturi.

599 4059 774 4115 Inter.
812 4058 870 4112 4.
903 4057 986 4112 An
1017 4064 1175 4114 extra
1219 4054 1548 4126 periculum,
1592 4057 1819 4120 sacrati,
1859 4056 2098 4126 itemque

528 4153 654 4208 laici
703 4150 880 4207 lenori
908 4149 1037 4204 dent
1063 4147 1373 4216 pecuniam,
1410 4161 1480 4201 an
1516 4149 1698 4217 potius
1721 4148 1791 4203 sit
1818 4147 1884 4204 iis
1901 4148 2098 4206 exitio-

526 4263 647 4302 sum
669 4245 693 4297 ?

599 4335 720 4391 lies.
751 4333 990 4390 Mosaica
1025 4330 1246 4401 quidem
1271 4330 1379 4396 lex,
1411 4328 1528 4384 Non
1575 4329 1869 4398 fenerabis,
1895 4330 2093 4402 inquit,

525 4437 814 4497 argentum
864 4434 1022 4482 tuum
1068 4423 1224 4477 fratri
1257 4429 1353 4476 tuo
1387 4438 1404 4476 :
1433 4422 1614 4477 civilis
1631 4433 1813 4478 autem
1849 4426 2096 4494 agnoscit

527 4534 725 4575 usuras
749 4515 1082 4571 centesimas
1111 4520 1165 4567 et
1214 4511 1460 4568 trientes.
1498 4511 1696 4568 Definit
1729 4515 1874 4568 enim
1914 4523 1972 4568 ut
2007 4529 2094 4570 se-

2209 3322 2442 3395 ἀγύρται
2468 3322 2614 3385 τινὲς
2635 3315 2759 3384 ὦσι,
2805 3322 2901 3376 καὶ
2929 3321 3280 3394 γραμμάτων
3310 3323 3516 3392 ἀνήκοοι
3532 3335 3546 3350 ο
3567 3321 3626 3383 ὡς
3645 3319 3712 3370 δυ-

2207 3414 2429 3484 νάμενοι
2455 3413 2522 3466 τὰ
2557 3413 2664 3466 τῶν
2694 3412 2876 3482 νόμων
2918 3409 3111 3480 μαθεῖν
3139 3411 3255 3464 ἀπὸ
3273 3411 3382 3465 τῶν
3405 3409 3712 3478 συγκατοίκων

2207 3504 2408 3561 αὐτῶν.
2454 3504 2519 3557 Οί.
2561 3503 2618 3557 δὲ
2652 3502 2756 3567 ἔξω
2784 3501 2886 3573 τῆς
2935 3501 3154 3573 Ῥώμης
3201 3502 3496 3572 διάγοντες,
3538 3501 3714 3568 ἀγρόται

2207 3596 2470 3668 δηλονότι,
2503 3596 2600 3652 καὶ
2643 3595 2845 3658 λοιποὶ,
2890 3593 3071 3664 πολλῷ
3098 3594 3158 3648 δὲ
3181 3594 3349 3648 πλέον
3393 3591 3712 3663 Ἀλεξανδρεῖς,

2209 3691 2372 3761 νόμον
2402 3687 2679 3742 πολιτικὸν
2696 3687 3063 3754 ἀγνοήσαντες
3089 3686 3560 3756 συγγινώσκονται.
3581 3682 3714 3737 Καλὸν

2207 3785 2337 3855 γοῦν
2382 3786 2498 3838 ἐστι
2549 3781 2644 3836 καὶ
2679 3779 2904 3844 τούτους
2932 3781 3166 3851 ἐρωτᾷν,
3217 3781 3314 3836 καὶ
3380 3779 3636 3849 μανθάνειν
3667 3774 3715 3828 τὰ

2207 3875 2408 3946 νομικὰ
2440 3871 2878 3944 παραγγέλματα
2899 3884 2917 3902 ⁹
2949 3871 2998 3923 εί.
3018 3870 3076 3923 δὲ
3100 3870 3264 3943 δυσχε
3275 3871 3364 3944 ρὲς
3384 3873 3510 3935 ἐστι,
3527 3863 3714 3936 συγγνώ-

2210 3985 2316 4039 μης
2353 3967 2779 4036 άξιωθήσονται.
3057 3958 3065 3966 ’

2288 4059 2610 4128 Ἐρώτησις
2638 4057 2708 4112 δ’.
2755 4059 3062 4115 ’Δκίνδυνόν
3111 4062 3231 4113 ἐστι.
3282 4059 3395 4121 τοῖς
3439 4049 3712 4125 ἱερωμένοιςς

2206 4154 2295 4208 ναὶ
2339 4153 2527 4223 μέντοι
2562 4151 2656 4206 καὶ
2685 4152 2800 4216 τοῖς
2846 4151 3078 4216 λαῖκοῖς,
3106 4152 3204 4206 ἐπὶ
3249 4149 3394 4222 τόκῳ
3429 4138 3714 4207 δανείζειν,ἢ

2210 4245 2410 4317 μᾶλλον
2441 4242 2686 4314 ὀλέθριον
2707 4261 2741 4311 ;~

2290 4335 2410 4389 Ἀπ.
2461 4332 2522 4384 Ὀ
2557 4331 2656 4401 μὲν
2719 4332 3016 4396 Μωσαῖκὸς
3055 4331 3256 4404 νόμος,
3309 4330 3422 4383 Οὐκ
3471 4322 3714 4383 ὲκτοκιείς,

2207 4425 2362 4497 φησὶ.
2390 4424 2451 4476 τὸ
2498 4423 2764 4496 ἀργύριόν
2811 4441 2903 4480 σου
2930 4426 3008 4496 τῷ
3040 4424 3260 4496 ἁδελφῷ
3307 4440 3400 4477 σου
3433 4439 3446 4453 ·
3476 4419 3570 4474 όδὲ
3601 4415 3715 4468 πολι-

2205 4516 2354 4580 τικὸς
2401 4516 2756 4583 ἐπιγινώσκει
2806 4515 3002 4578 τόκους
3061 4513 3489 4576 ἑκατοστιαίους,
3537 4508 3616 4563 καὶ
3638 4501 3717 4556 ἀπὸ

526 4620 748 4664 natores
786 4605 1059 4674 accipiant
1091 4619 1289 4660 usuras
1322 4603 1573 4668 trientes,
1604 4603 1865 4659 nimirum
1897 4605 1954 4659 in
1983 4605 2098 4661 sin-

2204 4610 2392 4680 τρίτης
2446 4609 2768 4686 ἑκατοστῆς.
2823 4608 3131 4679 Διορίζεται
3185 4608 3293 4680 γὰρ
3322 4606 3445 4668 τοὺς
3479 4601 3717 4669 συγκλητι-

524 4703 679 4775 gulas
711 4700 881 4754 libras
916 4711 1172 4753 nummos
1210 4705 1472 4767 quatuor.
1512 4695 1890 4768 Negotiatores
1915 4705 2093 4752 autem

524 4794 846 4863 vulgarCSQ,
875 4798 930 4846 et
957 4799 1210 4855 caeteros,
1247 4789 1534 4843 dimidiam
1565 4788 1903 4856 centesimae,
1938 4791 2098 4845 nimi-

524 4900 646 4939 rum
677 4884 733 4936 in
759 4881 1003 4953 singulas
1033 4881 1202 4936 libras
1235 4897 1493 4936 nummos
1527 4895 1646 4935 sex.
1680 4880 1788 4936 Eos
1819 4895 1970 4945 vero,
2004 4883 2096 4952 qui

527 4976 861 5029 maritimum
911 4973 1072 5029 fenus
1097 4974 1434 5028 contrahunt
1478 4981 1522 5038 τ,
1555 4987 1654 5042 pro
1683 4970 2098 5042 singulisvlibris

521 5081 778 5124 nummos
812 5066 1125 5120 duodecim.
1186 5064 1436 5132 Quonam
1481 5072 1662 5119 autem
1717 5064 1880 5120 modo
1915 5072 2097 5119 cente-

521 5161 676 5217 sima:
709 5168 974 5214 vocentur
1004 5172 1205 5223 usurae,
1261 5171 1386 5211 cum
1453 5156 1608 5210 librae
1659 5156 1938 5227 quantitas
1985 5170 2094 5210 non

523 5250 806 5322 perveniat
837 5249 903 5304 ad
938 5247 1145 5305 solidos
1202 5256 1447 5315 centum,
1481 5248 1577 5306 sed
1633 5248 1702 5306 ad
1753 5247 2098 5319 septuaginta

521 5348 696 5406 duos;
725 5359 837 5400 non
867 5350 952 5400 est
986 5342 1204 5398 dicendi
1232 5348 1470 5410 tempus,
1501 5357 1570 5398 ne
1595 5357 1740 5414 opus
1775 5340 1868 5395 ﬁat
1902 5351 2098 5413 praater

519 5454 682 5510 opus.
719 5437 786 5494 Et
816 5439 928 5493 haec
950 5435 1174 5508 quidem
1199 5433 1268 5490 de
1315 5435 1497 5492 laicis.
1540 5434 1789 5492 Sacratis
1837 5450 1970 5490 vero
2019 5434 2098 5490 fe-

521 5533 804 5588 neratione
834 5544 1060 5601 prorsus
1115 5527 1467 5588 interdictum
1511 5538 1618 5587 est.
1653 5529 1744 5583 Ait
1795 5527 1945 5582 enim
1981 5528 2096 5584 haec

2195 4707 2322 4764 κους
2350 4699 2650 4771 λαμϐάνειν
2679 4700 2870 4765 τόκους
2899 4703 3007 4756 άπδ
3031 4702 3223 4773 τρίτης
3255 4699 3569 4764 ἑκατοστῆς·
3592 4691 3716 4762 ﬁt”

2195 4793 2281 4862 ἐφ’
2313 4793 2519 4864 ἑκάστῃ
2568 4793 2730 4865 λίτρα
2782 4794 3096 4865 νομίσματα
3128 4791 3191 4849 δ’.
3240 4793 3380 4855 Τοὺς
3432 4782 3719 4844 κοινολοῖτσις

2196 4883 2645 4952 πραγματευτὰς,
2671 4884 2766 4936 καὶ
2783 4883 3025 4949 λοιποὺς,
3040 4878 3547 4954 ἡμιεκατοστιαίους
3561 4891 3572 4902 '
3592 4873 3718 4943 ἤγουν

2195 4973 2281 5042 ἐφ’
2337 4974 2546 5046 ἑκάστῃ
2589 4974 2752 5047 λίτρᾳ
2806 4976 3121 5046 νομίσματα
3150 4975 3228 5042 ς’.
3275 4975 3414 5038 Τοὺς
3443 4973 3497 5027 δὲ
3527 4968 3720 5025 διδόντας

2197 5063 2505 5118 διαπόντιον
2534 5065 2767 5130 δάνειον,
2796 5065 2942 5138 ὑπὲρ
2984 5067 3223 5138 ἑκάστης
3249 5065 3440 5133 λίτρας
3463 5058 3720 5131 νομίσματα

2190 5157 2288 5226 ιβ’.
2323 5156 2511 5221 Ὅπως
2551 5156 2608 5210 δὲ
2639 5158 2932 5214 καλοῦνται
2962 5161 3013 5212 oi
3038 5159 3191 5214 τόκοι
3239 5156 3610 5215 ὲκατοστιαίοι,
3650 5146 3722 5214 τῆς

2199 5252 2389 5323 λίτρας
2443 5253 2521 5326 μὴ
2565 5255 3030 5328 συμποσουμένης
3080 5259 3161 5322 είς
3214 5256 3521 5328 νομίσματα
3551 5245 3608 5320 ρ’.
3635 5237 3722 5296 ἀλλ’

2199 5344 2279 5408 είς
2310 5342 2409 5412 οβ’,
2437 5345 2628 5416 καιρὸς
2653 5346 2756 5400 οὐκ
2785 5345 2902 5400 ἔστι
2925 5347 3126 5416 λέγειν’
3150 5348 3238 5402 ἵνα
3267 5347 3343 5418 μὴ
3365 5345 3520 5416 ἔργον
3541 5339 3594 5392 τὺ
3616 5334 3721 5400 πάρ·

2201 5451 2364 5504 εργον
2417 5435 2663 5506 γένηται.
2713 5439 2827 5492 Καὶ
2877 5438 3053 5494 ταῦτα
3083 5439 3183 5508 μὲν
3214 5440 3346 5510 περὶ
3383 5431 3590 5489 λαῖκῶν.
3615 5423 3720 5480 Τοὺς

2209 5527 2540 5598 ἱερωμένους
2566 5528 2622 5582 δὲ
2645 5529 2825 5595 τοκίζε
2836 5547 2883 5584 ιν
2917 5531 3195 5597 παντελῶς
3221 5529 3599 5602 ἀπηγόρευται,
3618 5513 3720 5584 Φησὶ

1827 5713 2061 5768 ΥΑΒΙΑΞ
2104 5708 2514 5767 LECTIONES.

589 5840 626 5865 m
649 5846 953 5899 agnoscere.
1054 5840 1082 5870 π
1116 5833 1406 5891 doctrinas.

1501 5842 1520 5866 ’
1551 5833 1826 5904 scriptum.

515 5901 670 5958 dant.

1933 5844 1961 5885 P
1998 5834 2204 5888 rustici.

2316 5829 2553 5888 ‘tlaicos.
2630 5831 2798 5905 "qui
2855 5833 3202 5904 trajecticiam
3279 5825 3540 5902 pecuniam
3579 5828 3714 5873 mutua
