3948 6576
433 441 587 505 ’1039

1747 445 1776 504 J
1787 443 1886 505 US
1909 441 2357 504 CANONICUM

3549 442 3664 511 1050

435 564 781 614 contractum
815 557 1069 624 iniverat,
1106 557 1224 612 sine
1256 555 1651 636 impedimento
1683 557 2002 614 sacrabitur.

2123 558 2184 611 τὸ
2224 555 2556 627 τελευτῆσαν
2596 553 3008 626 ἐμνηστεύσατο
3031 551 3286 624 γύναιον;
3323 553 3666 626 ἀπαρεμποδι.

433 658 494 705 ut
524 649 616 718 qui
652 648 902 719 bigamus
928 664 1033 703 non
1069 656 1378 703 censeatur.

506 741 675 797 Inter.
696 742 759 798 .8.
790 741 846 796 Si
902 739 1161 796 sacerdos
1212 748 1407 796 tonsus
1463 739 1646 804 fuerit,
1693 753 2019 796 concessum

431 833 536 888 erit
561 832 612 888 ei
643 842 765 903 post
798 841 1083 888 tonsuram
1118 830 1453 896 sacriﬁcare,
1485 832 1700 887 annon?

503 924 624 981 Res.
660 925 798 979 Cum
823 923 1099 980 secundus
1133 939 1310 979 canon
1339 933 1546 979 sanctae
1576 933 1632 980 et
1663 923 2019 981 meumenicae

430 1019 624 1092 synodi
657 1026 863 1073 coactae
901 1018 957 1072 in
998 1016 1353 1073 sanctissimo
1397 1015 1594 1071 throno
1621 1015 2016 1071 Constantino-

431 1112 570 1181 polis
629 1110 746 1166 haec
795 1109 1119 1164 nominatim
1171 1109 1496 1180 pronuntiet
1545 1124 1561 1168 :
1624 1107 1850 1164 Etiamsi
1907 1108 2016 1164 huc

430 1219 606 1274 usque
639 1202 889 1257 nonnulli
919 1201 1218 1268 antistites,
1249 1200 1342 1271 qui
1381 1200 1449 1255 ad
1480 1199 1876 1256 monachorum
1917 1199 2017 1253 ha-

429 1298 608 1352 hitum
659 1293 1088 1359 descenderant,
1126 1301 1186 1350 ut
1213 1295 1267 1349 in
1302 1293 1602 1365 episcOpali
1641 1291 1860 1364 fastigio
1897 1307 2016 1346 ma-

429 1398 642 1453 nerent,
695 1389 804 1444 vim
852 1387 1223 1443 adhibuerunt
1275 1404 1290 1442 :
1335 1395 1390 1442 et
1434 1401 1560 1442 cum
1607 1385 1710 1440 hoc
1743 1386 2011 1450 facerent,

423 1481 660 1551 neglecti
688 1486 818 1535 sunt
853 1496 868 1534 :
898 1487 1086 1535 sancta
1112 1486 1294 1534 tamen
1337 1487 1390 1534 et
1433 1476 1754 1533 universalis
1786 1476 1899 1532 haec
1923 1490 2013 1547 sy-

429 1573 630 1634 nodus,
668 1571 810 1626 hanc
844 1570 1236 1642 negligentiam
1269 1583 1490 1640 quoque
1517 1569 1822 1638 corrigens,
1856 1574 1909 1622 et
1943 1566 2012 1622 ad

426 1665 570 1718 ritus
601 1663 1009 1719 ecclesiasticos
1048 1663 1190 1718 hanc
1229 1662 1599 1717 inordinatam
1629 1661 1898 1714 actionem
1928 1674 2011 1715 re-

426 1760 639 1826 d-igcns,
700 1758 896 1814 statuit
947 1764 1008 1812 ut
1052 1756 1097 1813 si
1146 1757 1273 1827 quis
1319 1755 1634 1827 episcopus,
1682 1755 1764 1809 vel
1805 1754 2008 1823 aliquis

2129 665 2272 712 στως
2302 648 2685 720 ἱερωθήσεται,
2717 646 2792 711 ὡς
2825 645 2901 718 μὴ
2932 643 3280 714 λογιζόμενος
3309 646 3544 717 δίγαμος.

2207 740 2524 808 Ἐρώτησις
2544 745 2619 806 η’.
2666 739 2873 809 ’Ῑερεῦς
2903 737 3001 792 ἐὰν
3043 738 3323 810 ἀποκαρῇ,
3359 742 3664 816 ὲκχωρηθείη

2127 831 2434 902 ἱερουργεῖν
2466 831 2605 900 μετὰ
2635 832 2736 902 τὴν
2761 831 3096 901 ἀπόκαρσιν,
3129 829 3162 901 ἢ
3189 829 3290 899 ob;

2203 923 2328 978 'Aar.
2373 923 2481 977 Τοῦ
2515 921 2558 994 β’
2601 923 2826 987 κανόνος
2851 923 2950 994 τῆς
2986 924 3045 977 ὲν
3099 921 3177 993 τῷ
3203 923 3487 997 ἁγιωτάτῳ
3517 926 3665 1001 θρόνῳ

2117 1017 2216 1088 τῆς
2242 1015 2881 1079 Κωνσταντινουπόλεως
2911 1014 3185 1085 συστάσης
3212 1016 3376 1083 ἁγίας
3403 1018 3490 1070 καὶ
3514 1020 3663 1074 οἱκου-

2121 1107 2354 1178 μενικῆς
2379 1107 2602 1162 συνόδου
2626 1106 2802 1162 ταῦτα
2821 1105 2968 1160 κατά
2995 1107 3148 1178 ῥῆμα
3174 1105 3482 1172 διεξιόντοςο
3510 1109 3565 1162 Εἰ
3586 1112 3663 1164 καὶ

2119 1196 2284 1268 μέχρι
2309 1195 2404 1250 τοῦ
2445 1197 2544 1250 νῦν
2581 1198 2712 1251 ἔνιοι
2744 1197 2855 1252 τῶν
2887 1197 3216 1269 ἀρχιερέων,
3249 1199 3332 1260 είς
3358 1195 3419 1250 τὸ
3448 1197 3548 1252 τῶν
3572 1218 3662 1269 μο-

2115 1288 2298 1359 ναχῶν
2343 1289 2628 1354 κατιόντες
2669 1290 2881 1361 σχῆμα,
2935 1291 2994 1344 ὲν
3029 1289 3108 1361 τῷ
3137 1291 3236 1361 τῆς
3289 1292 3661 1367 ἀρχιερωσύνης

2114 1381 2392 1447 ἐϐιάζοντο
2427 1381 2706 1453 διαμένειν
2753 1381 2898 1453 ὕψει,
2922 1423 2936 1438 .
2960 1419 2979 1439 .
3001 1421 3018 1437 .
3041 1422 3056 1437 .
3075 1419 3092 1437 .
3117 1424 3130 1439 .
3155 1423 3169 1438 .
3199 1383 3320 1437 ἀλλ’
3355 1383 3447 1438 οὖν
3482 1389 3511 1456 ή
3554 1388 3661 1457 ἀγία

2113 1472 2213 1527 καὶ
2240 1475 2599 1546 οἱκουμενικὴ
2623 1475 2840 1540 σύνοδος
2873 1475 3036 1549 αὕτη,
3063 1478 3156 1531 καὶ
3182 1478 3342 1532 τοῦτο
3363 1479 3659 1550 ρυθμίζουσα

2112 1566 2174 1621 τὺ
2220 1567 2540 1639 παρόραμα,
2587 1569 2684 1624 καὶ
2733 1568 2872 1640 πρὸς
2909 1568 3036 1633 τοὺς
3089 1570 3565 1641 ἐκκλησιαστικοὺς
3588 1574 3656 1628 θε.

2115 1659 2288 1730 σμοὺς
2319 1659 2418 1732 τὴν
2453 1659 2692 1728 ἄτακτον
2716 1662 2924 1728 ταύτην
2957 1662 3310 1730 ὲπανάγουσα
3334 1665 3533 1734 πρᾶξιν,
3549 1665 3657 1737 ὥρι-

2112 1767 2204 1804 σεν
2229 1752 2317 1806 ῐνα
2339 1753 2392 1806 εί
2415 1770 2496 1817 τις
2529 1753 2832 1819 ἐπίσκοπος
2861 1755 2894 1825 ἦ
2917 1772 3002 1819 τις
3025 1755 3186 1818 ἀλλος
3204 1754 3300 1809 τοῦ
3318 1755 3657 1828 ἀρχιερατικοῦ

425 1849 567 1902 alius
632 1862 698 1902 ex
758 1844 1057 1918 pontiﬁcali
1096 1844 1381 1916 dignitate.
1430 1844 1668 1900 voluerit
1723 1843 1793 1898 ad
1841 1844 2002 1898 vitam

2109 1842 2426 1916 ἀξιώματος
2473 1845 2612 1916 πρὸς
2653 1847 2748 1900 τδν
2784 1847 3082 1918 μοναχικδν
3123 1847 3373 1917 θελήσειε
3419 1849 3657 1903 κατελθεῖν

425 1941 788 1995 monasticam
826 1937 1184 2006 descendere,
1214 1939 1300 1994 vel
1328 1939 1665 2008 paenitentia:
1703 1937 1883 1992 locum
1908 1937 2002 1991 im-

2115 1913 2370 2008 βίον,καὶ⁸
2390 1938 2482 1993 τδν
2504 1913 2603 2010 τῆς
2632 1913 3120 2011 μετανοίαςντόπον
3144 1913 3547 2012 ἀναπληρῶσαι,
3578 1961 3657 2013 μη-

426 2032 594 2100 plere,
653 2044 722 2085 ne
772 2029 1011 2100 amplius
1058 2028 1322 2084 antistitis
1373 2026 1700 2098 dignitatem
1761 2033 2006 2097 usurpet.

423 2123 818 2178 Monachorum
879 2123 1024 2177 enim
1078 2119 1480 2194 professiones,
1534 2119 1900 2190 subjectionis
1957 2125 2012 2174 et

423 2214 673 2270 discendi
713 2213 1034 2284 cupiditatis
1081 2213 1349 2268 rationem
1398 2212 1626 2276 habent,
1674 2227 1785 2267 non
1824 2218 2010 2266 autem

421 2308 689 2362 doctrinae
720 2307 805 2361 vel
841 2306 1110 2376 primatus
1153 2323 1167 2360 :
1216 2320 1317 2360 nec
1345 2305 1487 2361 alios
1524 2319 1773 2376 pascere,
1821 2303 1918 2359 sed
1949 2317 2010 2360 se

423 2401 573 2471 pasci
607 2399 954 2470 profitentur.
1011 2398 1078 2453 Et
1112 2398 1257 2463 ideo,
1307 2398 1772 2468 quemadmodum
1811 2396 2010 2468 pradi-

420 2504 570 2547 ctum
625 2500 733 2558 est,
791 2490 1143 2546 decernimus
1206 2498 1267 2544 ut
1319 2503 1480 2545 nemo
1519 2504 1739 2556 eorum,
1803 2489 1895 2558 qui
1950 2489 2008 2543 in

419 2584 786 2654 episcopalem
837 2589 1233 2654 pastorumque
1287 2582 1598 2654 catalogum
1639 2583 1847 2638 relatus
1899 2588 2005 2648 est,

420 2675 488 2729 ad
523 2690 736 2740 eorum,
760 2673 854 2745 qui
880 2681 1186 2744 pascuntur
1213 2681 1268 2729 et
1298 2684 1466 2746 agunt
1496 2675 1898 2744 paenitentiam,
1921 2675 2007 2730 lo-

419 2782 545 2822 cum
575 2781 636 2823 se
680 2765 954 2822 demittat.
990 2766 1048 2820 Si
1091 2766 1218 2838 quis
1245 2776 1428 2822 autem
1477 2767 1581 2823 hoc
1614 2767 1796 2823 facere
1839 2781 2006 2824 ausus

421 2861 612 2926 fuerit,
642 2866 764 2931 post
792 2859 1269 2915 denuntiationem
1302 2867 1359 2915 et
1386 2859 1810 2916 declarationem
1843 2859 2006 2930 hujus

418 2957 580 3011 editae
607 2955 914 3019 sentcntiae,
947 2955 1066 3024 ipse
1091 2955 1187 3024 qui
1219 2954 1464 3024 seipsum
1498 2952 1796 3023 episcopali
1833 2952 2005 3024 gradu

421 3051 675 3119 privavit,
708 3062 814 3102 non
851 3046 1092 3117 amplius
1122 3046 1191 3102 ad
1218 3046 1484 3118 priorem,
1509 3060 1674 3115 quam
1707 3043 1867 3100 factis
1911 3045 2006 3100 de-

427 3141 661 3212 Spicatni
703 3141 894 3197 habuit
923 3141 1244 3211 dignitatem
1281 3148 1604 3196 revertetur.
1627 3138 2005 3210 Comprehen-

2114 2031 2232 2086 κέτι
2265 2031 2454 2086 λοιπὸν
2477 2033 2577 2104 τῆς
2607 2033 3005 2106 ἀρχιερατικῆς
3038 2035 3387 2104 ἀντιποιῆται
3417 2034 3576 2104 ἀξίας.
3604 2039 3654 2090 Αἱ

2113 2124 2222 2196 γὰρ
2243 2124 2351 2179 τῶν
2395 2126 2646 2198 μοναχῶν
2691 2127 2959 2198 συνθῆκαι
2990 2128 3276 2198 ὑποταγῆς
3305 2127 3477 2199 ἔχουσι
3507 2128 3654 2197 λόγον,

2112 2217 2208 2272 καὶ
2229 2216 2550 2288 μαθητείας,
2572 2218 2688 2274 ἀλλ’
2715 2219 2838 2290 οὐχὶ
2853 2219 3204 2284 διδασκαλίας
3225 2221 3319 2274 καὶ
3341 2221 3651 2292 προεδρεὶας·

2110 2307 2234 2361 οὐδὲ
2257 2309 2570 2378 ποιμαίνειν
2597 2308 2813 2375 ἄλλους,
2843 2309 2980 2364 ἀλλά
3009 2310 3396 2382 ποιμαίνεσθαι
3424 2311 3654 2381 ἐπαγγέλ-

2110 2400 2314 2457 λονται.
2329 2402 2443 2467 Διὸ,
2463 2402 2604 2458 καθά
2619 2402 2969 2474 προείρηται,
2992 2404 3328 2475 θεσπίζομεν
3353 2405 3532 2476 μηκέτι
3557 2405 3652 2457 τινὰ

2108 2493 2218 2548 τῶν
2240 2497 2300 2549 ὲν
2321 2494 2699 2568 ἀρχιερατικῴ
2721 2495 3010 2566 καταλόγῳ
3031 2498 3129 2552 καὶ
3148 2496 3422 2567 ποιμένων
3442 2495 3654 2562 ἐξεταζο-

2113 2589 2291 2658 μένων
2315 2591 2396 2653 εἱς
2417 2590 2519 2660 τὴν
2539 2589 2650 2643 τῶν
2679 2589 3126 2661 ποιμαινομένων
3159 2590 3260 2644 καὶ
3295 2588 3654 2658 μετανοούντων

2107 2679 2296 2752 χώραν
2308 2680 2502 2735 ἑαυτὸν
2523 2679 2936 2746 καταϐιϐάζειν.
2957 2681 3018 2734 El
3035 2681 3094 2735 δέ
3114 2697 3202 2744 τις
3229 2679 3385 2734 τοῦτο
3404 2681 3650 2750 τολμήσειε

2108 2772 2318 2844 πρᾶξαι
2336 2773 2476 2844 μετὰ
2492 2772 2590 2845 τὴν
2615 2773 2926 2844 ὲκφὼνησιν
2953 2773 3048 2828 καὶ
3063 2773 3360 2842 διάγνωσιν
3376 2775 3466 2844 τῆς
3478 2772 3559 2825 νῦν
3576 2773 3650 2826 ὲκ-

2107 2862 2511 2935 πεφωνημένης
2532 2863 2734 2934 ψήφου,
2766 2864 2929 2929 αὐτὸς
2965 2863 3158 2918 ἑαυτὸν
3179 2863 3279 2920 τοῦ
3310 2861 3650 2934 ἀρχιερατικοῦ

2105 2954 2494 3026 ἀποστερήσας
2526 2954 2759 3026 βαθμοῦ,
2794 2955 2981 3009 οὐκέτι
3013 2954 3151 3024 πρὸς
3176 2955 3244 3009 ea
3275 2956 3523 3027 πρότερον
3543 2955 3652 3023 ὅπερ

2105 3046 2339 3119 homo:
2363 3047 2452 3101 διὰ
2479 3047 2589 3102 τῶν
2611 3047 2791 3118 ἔργων
2815 3047 3034 3118 ἀξίωμα
3055 3046 3476 3118 ἐπαναστρέψει.
3497 3046 3650 3098 Κατα-

2107 3139 2448 3212 λαμϐάνεται
2470 3140 2527 3194 δὲ
2554 3139 2661 3212 πρὸ
2689 3140 2790 3210 τῆς
2814 3141 3183 3212 ὲκφωνήσεως
3208 3140 3397 3194 τούτου
3431 3140 3497 3211 μὴ
3521 3141 3652 3210 μόνον

417 3235 572 3288 ditur
616 3245 798 3289 autem
845 3242 900 3290 et
944 3241 1070 3290 ante
1112 3234 1277 3302 hujus
1327 3229 1843 3304 promulgationem,
1892 3247 2002 3287 non

2108 3233 2236 3296 τοὺς
2283 3232 2378 3287 τοῦ
2425 3233 2692 3304 βήματος,
2741 3232 2911 3303 ἤγουν
2961 3231 3375 3298 ὑποδιακόνους,
3413 3230 3651 3292 διακόνους

415 3331 594 3382 solum
628 3343 746 3392 eos,
773 3329 867 3398 qui
901 3328 1061 3382 altari
1098 3329 1370 3393 serviunt,
1423 3324 1797 3382 subdiaconus
1848 3323 2002 3381 vide-

417 3421 546 3474 licet
577 3421 840 3478 diaconos
859 3429 925 3476 et
965 3419 1318 3484 sacerdotes;
1349 3417 1444 3474 sed
1471 3425 1525 3472 et
1543 3419 1821 3473 antistites
1853 3419 2004 3487 ipsos

415 3514 579 3568 iniam
620 3521 750 3584 post
780 3524 1065 3569 tonsuram
1094 3511 1428 3568 sacriﬁcare.
1462 3509 1600 3567 Cum
1646 3511 1814 3578 igitur
1856 3511 2002 3565 anti-

416 3606 577 3660 stitcs
609 3621 731 3661 cum
760 3605 1028 3677 gravitate
1077 3605 1347 3660 canonica
1384 3617 1415 3658 a
1450 3601 1760 3659 sacerdotio
1793 3603 2004 3659 abalie-

417 3702 529 3753 nati
561 3699 693 3764 sint,
731 3708 1018 3770 propterea
1049 3697 1196 3768 quod
1225 3706 1361 3768 post
1396 3705 1683 3752 tonsuram
1701 3682 1778 3753 ad
1818 3698 2001 3753 locum

415 3789 814 3860 discipulorum
865 3797 920 3845 ct
967 3789 1355 3860 poenitentium
1409 3789 1692 3856 venerint,
1763 3789 2001 3859 indeque

414 3883 579 3937 alieni
633 3880 762 3936 facti
812 3880 1019 3937 fuerint
1075 3879 1342 3952 dignitate
1379 3879 1634 3936 doctoria
1679 3881 1999 3937 sacerdotes

413 3975 661 4040 omnino,
709 3981 764 4029 et
807 3974 901 4044 qui
949 3973 1275 4044 simpliciter
1318 3973 1480 4027 altari
1541 3972 1787 4028 serviunt
1831 3976 1998 4028 etiam

417 4073 540 4136 post
599 4074 884 4120 tonsuram
927 4065 1066 4120 citra
1108 4063 1560 4134 impedimentum
1619 4063 2000 4134 operabuntur

414 4173 534 4226 qua:
587 4156 654 4210 ad
701 4157 943 4228 ipsorum
989 4155 1192 4228 gradus
1236 4154 1533 4225 pertinent.
1589 4152 1726 4208 Nam
1771 4162 1826 4210 et
1869 4163 2000 4211 ante

415 4260 700 4304 tonsuram
741 4250 968 4320 pariter,
1005 4263 1070 4303 ac
1100 4255 1223 4318 post
1240 4243 1498 4301 eamdem
1530 4244 1749 4301 fuerant
1775 4256 1832 4303 ct
1867 4253 1998 4303 sunt

411 4341 665 4413 discipuli
700 4350 756 4398 et
782 4339 1049 4412 subjecti.

486 4433 650 4490 Inter.
684 4433 739 4490 9.
783 4433 842 4488 Si
874 4431 1052 4488 laicus
1104 4431 1158 4485 in
1199 4431 1406 4486 somnis
1438 4431 1780 4502 imaginatus
1810 4431 1994 4500 fuerit,

414 4536 657 4582 meretur
677 4540 745 4582 eo
775 4525 866 4581 die
893 4524 1202 4578 divinarum
1239 4523 1735 4579 sanctiﬁcationum
1770 4526 1995 4596 partici-

2111 3325 2209 3379 καὶ
2238 3327 2423 3398 ἱερεῖς,
2460 3325 2600 3380 ἀλλά
2639 3326 2736 3382 καὶ
2776 3326 2977 3390 αὐτοὺς
3007 3327 3137 3390 τοὺς
3166 3327 3445 3399 ἀρχιερεῖς
3479 3327 3652 3396 ἱερουρ-

2109 3420 2230 3488 γεῖν
2263 3419 2358 3472 καὶ
2391 3419 2532 3490 μετά
2559 3419 2662 3491 τὴν
2702 3418 3034 3489 ἀπόκαρσιν.
3071 3417 3199 3474 Τῶν
3227 3419 3358 3488 γοῦν
3393 3416 3651 3489 ἀρχιερέων

2114 3511 2234 3582 μετ’
2267 3511 2588 3582 ὲμδριθείας
2616 3512 2908 3583 κανονικῆς
2936 3513 3000 3565 ὲκ
3025 3511 3128 3581 τῆς
3167 3511 3460 3583 ἱερωσύνης
3484 3508 3650 3572 ἀποξε-

2111 3605 2413 3671 νωθέντων,
2446 3604 2536 3660 διά
2589 3605 2651 3659 τὸ
2701 3605 2840 3676 μετά
2893 3605 2996 3676 τὴν
3051 3603 3368 3676 ἀπόκαρσιν
3395 3604 3468 3663 εἱς
3517 3601 3651 3656 τόπον

2113 3699 2507 3772 μαθητιώντων
2553 3697 2648 3752 καὶ
2690 3697 3103 3768 μετανοούντων
3149 3697 3350 3762 ὲλθεῐν,
3397 3693 3651 3750 κάντεῦθεν

2108 3790 2625 3863 ἀπαλλοτριωθῆναι
2654 3790 2748 3844 τοῦ
2777 3789 3165 3845 διδασκαλικοῦ
3196 3789 3515 3863 ἀξιώματος,
3541 3788 3652 3841 πᾶν·

2105 3902 2215 3949 τως
2250 3884 2301 3938 οἱ
2339 3885 2505 3954 ἱερεῖς
2528 3885 2625 3938 καὶ
2655 3882 2844 3948 ἀπλῶς
2873 3885 2921 3936 οἱ
2961 3882 3053 3936 τοῦ
3086 3883 3335 3954 βήματος
3364 3883 3650 3952 ἀπαρεμπο-

2105 3978 2303 4041 δίστως
2347 3976 2444 4031 καὶ
2491 3975 2628 4046 μετὰ
2673 3976 2774 4046 τὴν
2833 3975 3141 4046 ἀπόκαρσιν
3197 3974 3267 4029 τά
3312 3973 3416 4028 τῶν
3461 3967 3650 4043 βαθμῶν

2105 4071 2464 4142 ἑνεργήσουσι
2501 4070 2710 4126 δίκαια.
2743 4070 2853 4123 Καὶ
2884 4067 2989 4140 πρὸ
3030 4067 3128 4139 τῆς
3167 4067 3520 4138 ἀποκάρσεως
3561 4067 3648 4132 γὰρ

2105 4161 2391 4228 ὡσαύτως,
2452 4163 2551 4217 καὶ
2604 4161 2743 4234 μετά
2789 4161 2889 4232 τὴν
2941 4161 3253 4234 ἀπόκαρσιν
3297 4157 3525 4234 μαθηταὶ
3571 4155 3649 4210 καὶ

2105 4254 2469 4308 ὑποτακτικοὶ
2497 4248 2639 4327 ἦσαν
2668 4253 2764 4307 καὶ
2797 4253 2925 4308 εἱσί.

2187 4443 2513 4512 Ἐρώτησις
2547 4438 2616 4498 θ’.
2668 4441 2872 4504 Δαῖκδς
2930 4439 3027 4494 ἐὰν
3075 4437 3386 4511 φαντασθῇ,
3423 4431 3646 4500 ἀξιωθείη

2103 4534 2422 4608 αὐθημερόν
2456 4535 2557 4606 τῆς
2581 4534 2692 4587 τῶν
2721 4534 2881 4588 θείων
2924 4532 3288 4602 ἀγιασμάτων
3327 4525 3644 4602 μεθέξεως,ἢ

413 4621 712 4690 pationem,
741 4617 961 4672 necne?
985 4614 1052 4670 Et
1081 4631 1148 4671 an
1177 4615 1459 4682 sacerdos,
1495 4617 1588 4687 qui
1612 4617 1755 4672 idem
1792 4633 1993 4689 passus

2107 4625 2163 4680 οὔ
2185 4643 2200 4694 ;
2232 4628 2324 4680 καὶ
2350 4626 2530 4698 ἱερεὺς
2551 4627 2646 4679 ἐὰν
2669 4625 2972 4696 φαντασθῇ,
2998 4624 3344 4696 ἱερουργήσει
3369 4622 3485 4676 κατ’
3505 4617 3646 4687 αὐτὴν

410 4723 514 4776 est,
539 4727 692 4767 sacra
729 4709 1003 4776 conficiet,
1045 4708 1264 4764 necne?

487 4805 610 4858 lies.
637 4803 931 4859 Antistites
964 4803 1170 4874 (inquit
1209 4816 1368 4856 sacra
1407 4800 1720 4872 Scriptura)
1758 4801 1902 4858 dona
1939 4813 1995 4860 et

411 4899 622 4953 hostias
653 4896 910 4960 offerens,
945 4896 1013 4950 ab
1046 4895 1363 4951 hominibus
1391 4896 1609 4965 accipit,
1641 4907 1695 4951 et
1732 4898 1995 4966 quemad-

412 4989 632 5044 modum
683 4987 842 5043 oll‘ert
883 4988 992 5042 Deo
1031 5003 1130 5058 pro
1176 4987 1398 5057 p0pulo,
1442 4987 1524 5042 sic
1563 4996 1618 5041 et
1657 5002 1755 5057 pro
1786 4990 1990 5060 seipso.

409 5081 544 5135 Nam
585 5090 638 5136 et
678 5096 803 5136 eum
856 5082 1054 5150 premit
1095 5080 1333 5135 carnalis
1374 5079 1713 5135 inﬁrmitatis
1755 5083 1989 5150 pondus.

413 5173 611 5228 Verum
653 5185 707 5229 et
747 5189 845 5246 per
891 5171 1076 5226 Mosen
1121 5171 1260 5226 dixit
1291 5169 1576 5235 Dominus,
1625 5170 1808 5226 Mundi
1843 5188 1995 5227 mun-

355 5303 360 5324 ι
411 5267 540 5322 dum
568 5266 788 5322 adeant.
817 5265 1094 5320 Maculam
1125 5270 1308 5317 autem
1333 5261 1543 5318 habens
1570 5262 1625 5316 in
1651 5264 1854 5329 anima,
1889 5267 1994 5319 sub

411 5358 592 5414 relum
625 5375 803 5414 meum
836 5375 944 5413 non
995 5356 1355 5427 ingredietur,
1385 5370 1487 5410 nec
1515 5355 1582 5409 ad
1611 5355 1784 5411 altare
1809 5370 1992 5411 meum

411 5453 894 5524 appropinquabit.
932 5451 1087 5507 Unde
1119 5458 1173 5506 et
1213 5459 1322 5505 tres
1366 5447 1701 5505 sanctissimi
1753 5447 1992 5519 patriar-

368 5603 380 5626 ,
411 5549 525 5601 citae
557 5549 742 5601 throni
784 5544 1166 5611 Alexandriae,
1204 5549 1428 5595 sanctus
1471 5537 1762 5610 Dionysius
1798 5540 1980 5595 videli-

411 5648 495 5692 cet
532 5639 840 5694 rescribens
876 5639 940 5692 ad
986 5637 1277 5692 Basilidcm
1305 5634 1644 5704 episcopum,
1674 5640 1727 5688 et
1760 5649 1990 5706 magnus

410 5733 768 5796 Athanasius,
795 5732 1038 5802 regulam
1069 5729 1429 5800 prmscribens
1464 5727 1734 5782 monacho
1769 5729 1990 5786 cuidam

413 5832 610 5882 Anium
641 5827 1052 5896 cognominata,
1084 5832 1138 5878 et
1174 5831 1395 5878 sanctus
1436 5819 1780 5884 Timotheus,
1812 5822 1880 5878 de
1931 5840 1990 5878 re

404 5918 726 5993 hujusmodi
769 5918 1166 5990 respondentes
1200 5913 1549 5986 quibusdam,
1595 5912 1686 5985 qui
1718 5913 1868 5986 ipsos
1903 5916 1990 5974 in-

2103 4719 2204 4788 τὴν
2226 4717 2447 4789 ἡμέραν
2475 4717 2568 4771 τοῦ
2593 4717 2939 4788 φαντασμοῧ,
2979 4716 3012 4787 ἢ
3043 4713 3105 4768 οὔ
3136 4733 3152 4783 ;

2189 4812 2320 4866 ‘An.
2369 4810 2427 4863 Ὀ
2462 4810 2793 4882 προσφέρων
2844 4809 3000 4880 (φησὶ
3029 4807 3090 4862 τὸ
3134 4809 3374 4880 Γράμμα
3409 4806 3465 4859 τὸ
3502 4800 3641 4873 ίερὶν)

2101 4903 2252 4974 δῶρα
2295 4903 2391 4956 καὶ
2431 4902 2626 4966 θυσίας
2675 4902 2984 4972 ἀρχιερεὺς,
3010 4900 3070 4966 ἐξ
3118 4900 3418 4972 ἀνθρώπων
3462 4895 3642 4966 λαμόἀ-

2100 5013 2271 5060 νεται,
2305 4996 2400 5048 καὶ
2431 4994 2618 5059 καθὼς
2649 4992 2896 5065 περὶτοῦ
2930 4991 3062 5046 λαοῦ
3100 4993 3396 5064 προσφέρει
3422 4989 3492 5059 τῷ
3523 4985 3640 5052 Θεῷ,

2096 5088 2240 5142 οὕτω
2269 5087 2334 5158 δὴ
2363 5088 2459 5141 καὶ
2489 5085 2620 5158 περὶ
2654 5075 2880 5139 ὲαυτοῧο
2907 5085 3030 5138 ἐπεὶ
3059 5084 3156 5138 καὶ
3180 5083 3331 5155 αύτῷ
3355 5083 3510 5154 βάρος
3535 5095 3644 5148 σαρ·

2095 5182 2260 5250 κικῆς
2286 5178 2573 5240 ἀσθενείας
2625 5177 2921 5231 ἐπίκειται.
2969 5176 3130 5230 Ἀλλά
3177 5178 3270 5231 καὶ
3318 5176 3403 5229 διὰ
3430 5173 3642 5232 Μωσέως

2094 5271 2250 5330 εἶπεν
2279 5280 2307 5330 ό
2343 5276 2569 5347 Κύριος,
2599 5274 2664 5329 Οἱ
2694 5273 2926 5345 καθαροὶ
2958 5273 3035 5344 τῷ
3056 5271 3283 5345 καθαρῷ
3311 5270 3638 5341 προσίτωσαν.

2105 5366 2166 5420 '0
2203 5366 2260 5420 δὲ
2317 5365 2507 5437 μῶμον
2555 5364 2696 5436 ἔχων
2735 5366 2877 5419 κατά
2921 5363 3124 5435 ψυχὴν,
3153 5365 3291 5434 πρὸς
3340 5362 3400 5416 τδ
3424 5358 3638 5415 καταπέο

2095 5457 2283 5528 τασμά
2314 5473 2416 5527 μου
2444 5455 2543 5509 ούκ
2574 5444 2971 5522 εἰσελεύσεται,
2996 5454 3090 5507 καὶ
3125 5454 3258 5526 πρὸς
3287 5452 3347 5506 τδ
3377 5450 3637 5518 θυσιαστή-

2101 5554 2216 5626 ριόν
2283 5570 2387 5617 μου
2441 5552 2542 5604 ούκ
2592 5552 2802 5620 ἐγγιεῖο
2855 5550 2978 5605 ὅθεν
3022 5551 3118 5604 καὶ
3171 5551 3321 5621 τρεῖς
3380 5545 3634 5615 ἁγιώτατοι

2100 5648 2438 5716 πατριάρχαι
2473 5643 2566 5699 τοῦ
2600 5644 2794 5716 θρόνου
2829 5643 2930 5714 τῆς
2987 5642 3408 5714 Ἀλεξανδρείας,
3433 5642 3460 5693 ό
3503 5637 3633 5704 ἅγιος

2097 5739 2373 5802 Διονύσιος
2400 5737 2623 5809 δηλαδὴ,
2651 5735 3008 5806 ἀντιγράφων
3042 5735 3177 5806 πρὸς
3202 5731 3504 5801 Βασιλείδην
3532 5725 3632 5780 επί-

2098 5847 2322 5896 σκοπον,
2357 5830 2384 5881 ό
2434 5830 2609 5900 μέγας
2651 5827 2972 5894 Ἀθανάσιος
3006 5825 3302 5891 κανονίζων
3333 5822 3448 5879 τινὰ
3491 5833 3628 5891 μονα-

2097 5920 2213 5991 Χδν,
2250 5917 2451 5990 Ἀμοῦν
2476 5920 2975 5992 ἐπονομαζόμενον,
3019 5919 3112 5974 καὶ
3138 5919 3165 5973 ό
3201 5917 3351 5988 ἅγιος
3381 5911 3624 5985 Τιμόθεος,
