3822 6572
314 331 451 396 1043

1618 332 1652 392 J
1663 333 1756 393 US
1797 328 2242 391 CANONICUM

3433 323 3562 388 1044

311 456 392 497 ter
426 441 613 496 divina
660 439 911 496 instituta
957 447 1012 495 et
1047 448 1312 511 praecepta
1348 441 1495 496 circa
1535 455 1753 510 sponsa:
1787 439 1882 496 dc-

2017 435 2244 508 μόζυγοι
2283 435 2348 488 ὲκ
2382 433 2478 506 τῆς
2515 432 2652 504 πρὸς
2691 430 2959 503 ἀλλήλους
2989 434 3256 503 σαρκικῆς
3291 435 3566 497 κοινωνίας

310 533 626 590 ductionem
685 532 740 588 in
798 533 1115 604 nuptiarum
1168 534 1418 604 auspices
1482 534 1706 590 maleﬁt.
1747 533 1884 590 Nam

312 636 602 698 postquam
635 641 794 684 sacra
825 629 1142 701 precatione
1176 628 1375 684 initiati
1403 635 1556 692 sunt,
1586 635 1642 683 et
1671 627 1887 684 divinas

311 719 778 777 sanctiﬁcationes
809 729 1254 792 promeruerunt,
1295 718 1363 773 ad
1410 717 1688 773 carnalem
1731 716 1886 774 festi-

312 819 445 868 nant
479 812 760 877 unionem,
802 811 856 866 in
915 813 1230 882 nuptiarum
1269 809 1482 866 deliciis
1517 809 1886 873 lascivientes,

316 913 491 954 sacrae
547 899 948 957 benedictionis
997 901 1104 955 vim
1163 914 1274 956 non
1333 900 1773 966 considerantes,
1833 906 1886 954 et

1994 528 2410 584 ἀποδιίστασθαι
2437 530 2579 584 κατὰ
2601 527 2700 600 τὴν
2727 528 2943 599 ἡμέραν
2964 527 3064 599 τῆς
3092 527 3202 580 τῶν
3226 526 3390 580 θείων
3411 527 3568 594 ἁγια-

1995 623 2216 693 σμάτων
2251 621 2631 694 μεταλήψεως.
2670 621 2746 675 Οὐ
2785 621 2949 690 μόνον
2977 620 3083 693 πρὸ
3113 619 3214 690 τῆς
3246 621 3571 684 ἐπιστασίας

1992 713 2186 784 αὐτῆς,
2235 711 2375 767 ἀλλὰ
2428 713 2524 768 καὶ
2559 712 2658 785 τὴν
2717 712 2836 783 μετ’
2883 712 3074 775 αὐτήν.
3137 711 3251 765 Καὶ
3291 713 3577 782 ἐὐχόμεθα

1992 805 2354 878 διορθωθῆναι
2378 804 2441 860 τὸ
2470 807 2658 870 κακῶς
2689 806 2784 860 καὶ
2805 821 2959 876 παρα
2988 805 3059 859 τὰ
3090 805 3210 859 θεῖα
3230 805 3576 874 διατάγματα

1996 900 2089 953 καὶ
2115 900 2430 972 διδάγματα
2461 899 2602 954 κατὰ
2630 898 2732 970 τὴν
2752 897 3153 969 νυμφαγωγίαν
3183 899 3264 961 είς
3291 896 3421 959 τοὺς
3441 915 3575 967 νυμ-

314 987 815 1045 sanctiﬁcationth
878 991 1364 1061 contemptionem.
1423 989 1698 1059 Conjuges
1755 1003 1887 1059 ergo

312 1095 424 1149 quo
450 1080 538 1136 die
570 1081 786 1138 divinas
811 1081 1282 1139 sanctiﬁcationes
1329 1081 1709 1153 participaturi
1745 1090 1898 1145 sunt,

317 1187 424 1227 non
473 1181 683 1229 tantum
738 1182 867 1231 ante
920 1190 1110 1232 earum
1176 1175 1638 1246 assumptionem,
1690 1174 1791 1230 sed
1843 1180 1898 1229 et

2017 1175 2135 1246 πρὸς
2165 1177 2440 1248 σαρκικὴν
2472 1177 2896 1245 κατεπείγουσιν
2941 1176 3139 1230 ἕνωσιν
3167 1175 3217 1228 οί
3267 1175 3380 1228 τῶν
3407 1174 3578 1244 ἡδέων

316 1273 437 1335 post
461 1280 580 1320 eam
617 1265 756 1322 citra
794 1268 1208 1326 excusationem
1239 1269 1586 1325 continenter
1623 1282 1684 1324 se
1709 1283 1898 1338 gerere

2017 1269 2088 1322 ςοῢ
2136 1268 2316 1340 γάμου
2380 1270 2910 1342 κατατρυφὴσαντες
2934 1285 2949 1300 ο
3007 1267 3082 1340 μὴ
3132 1266 3578 1336 ἀναλογιζόμενοι

314 1355 536 1411 debent.
570 1354 725 1424 Quod
754 1357 800 1415 si
832 1373 944 1414 non
976 1357 1200 1426 faciant,
1227 1358 1572 1429 gravioribus
1600 1357 1898 1428 subjicien-

2017 1361 2095 1431 ςῆς
2123 1360 2526 1434 ίεροτελεστίας
2553 1362 2653 1434 τὴν
2691 1361 2944 1431 δύναμιν,
2973 1360 3195 1416 καὶτῶν
3219 1359 3577 1427 ἁγιασμάτων

316 1457 404 1501 ίυΓ
428 1451 627 1517 Ρωηῖεο
2001 1451 2098 1523 τὴν
2121 1456 2552 1527 καταφρόνησιν.
2612 1455 3031 1525 Ἀπαραιτὴτως
3067 1446 3164 1507 οὖν
3208 1452 3257 1504 οἱ
3297 1449 3576 1521 ὁμόζυγοι,

262 1568 263 1571 η
316 1542 438 1595 καθ’
484 1543 552 1614 ἢν
601 1543 812 1615 ἡμέραν
861 1543 970 1598 τῶν
1014 1541 1173 1597 θείων
1214 1541 1572 1618 άγιασμάτων
1629 1541 1884 1613 μέλλουσι
1927 1547 2238 1614 μετασχεῖν,
2285 1547 2347 1600 οὑ
2405 1547 2566 1616 μόνον
2604 1545 2712 1618 πρὸ
2746 1546 2849 1614 τῆς
2919 1541 3280 1615 μεταλήψεως
3351 1541 3572 1613 τούτων,

315 1636 453 1690 ἀλλὰ
486 1639 579 1692 καὶ
631 1638 771 1709 μετὰ
828 1637 928 1708 τὴν
997 1637 1322 1709 μετάληψιν,
1371 1637 1680 1707 ὀφείλουσιν
1762 1635 2216 1706 ὲγκρατεύεσθαι.
2291 1640 2462 1696 Τοῦτο
2539 1640 2596 1694 δὲ
2658 1638 2734 1710 μὴ
2783 1637 3105 1699 ποιοῦντες,
3155 1634 3577 1704 αὺστηροτέροις

316 1730 612 1802 ἐπιτιμίοις
647 1733 1137 1805 διαϐληθήσονται.
2552 1777 2558 1783 -

387 1821 562 1878 Inter.
597 1825 683 1880 ll.
720 1823 828 1891 An,
857 1825 903 1880 si
940 1826 1201 1881 sacerdos
1238 1825 1468 1888 lavetur,
1494 1823 1669 1894 possit
1702 1823 1892 1878 eodem

2089 1825 2412 1896 Ἐρώτησις
2441 1824 2534 1881 ια’.
2575 1825 2704 1881 Ἐὰν
2739 1827 2919 1900 ἱερεὺς
2956 1829 3145 1901 λουθῇ,
3182 1827 3412 1882 δύναται
3441 1825 3576 1880 κατὰ

317 1914 406 1970 die
445 1930 603 1970 sacra
644 1915 823 1972 facere
846 1916 868 1970 ?
894 1925 950 1971 et
983 1931 1051 1971 an
1094 1917 1238 1973 laico
1267 1917 1448 1981 liceat,
1483 1924 1775 1986 postquam
1808 1929 1898 1970 ve-

2017 1916 2098 1985 εῆν
2131 1918 2304 1990 αὐτὴν
2331 1920 2546 1991 ἡμέραν
2573 1915 2965 1993 ἱερουργῆσαιξ
3007 1923 3104 1977 καὶ
3127 1921 3316 1984 λαῖκδς
3346 1918 3487 1991 μετὰ
3519 1917 3578 1970 τὸ

317 2005 462 2061 nerit
483 2005 536 2060 in
565 2005 844 2073 balneum,
869 2007 1062 2062 eodem
1085 2006 1173 2061 die
1191 2013 1541 2062 sacramenta
1569 2003 1898 2060 assumere?

2017 2010 2256 2066 ίπελθεῖν
2288 2013 2371 2077 είς
2406 2012 2709 2083 βαλανεῖον,
2741 2013 3090 2087 ἐκχωρηθείη
3132 2011 3451 2085 αὐθημερὸν
3477 2009 3578 2063 τῶν

1992 993 2289 1062 φοστόλους
2335 992 2645 1064 γινόμενον.
2699 991 2856 1046 Μετὰ
2895 989 3005 1061 γὰρ
3058 988 3121 1042 τὸ
3164 988 3576 1058 ίερολογηθῆναι

1994 1083 2086 1135 καὶ
2125 1081 2235 1137 τῶν
2271 1083 2434 1138 θείων
2476 1081 2842 1153 άγιασμάτων
2893 1078 3303 1151 καταξιωθῆναι
3355 1079 3576 1144 αὐτοὺς,

321 2097 384 2150 Et
414 2111 445 2152 e
475 2096 777 2162 contrario,
813 2110 883 2151 an
927 2097 1189 2153 sacerdos
1227 2105 1452 2167 peracto
1483 2094 1780 2160 sacriﬁcio,
1811 2095 1896 2150 vel

317 2187 493 2244 laicus
543 2189 780 2259 sumptis
827 2188 1033 2245 divinis
1076 2188 1612 2246 sanctiﬁcationibus
1663 2187 1896 2254 lavetur,

319 2288 413 2335 aut
443 2295 595 2336 vene
628 2281 930 2337 sectionem
958 2281 1221 2352 patiatur,
1253 2281 1462 2337 necne?

280 2406 286 2410 -
388 2373 511 2428 Res.
537 2373 778 2430 Galenus
817 2375 1155 2430 medicorum
1189 2373 1566 2438 doctissimus,
1611 2372 1896 2437 Balneum,

319 2470 517 2540 inquit,
545 2476 600 2525 et
622 2470 724 2536 sol,
782 2478 837 2526 et
888 2469 1233 2541 gymnasium
1285 2469 1355 2524 ad
1395 2477 1604 2523 motum
1634 2467 1898 2530 excitant,

319 2577 442 2633 quae
468 2571 596 2617 ante
616 2562 995 2633 quiescebant,
1030 2569 1396 2617 excrementa.
1421 2558 1610 2630 Itaque
1636 2559 1773 2614 nihil
1807 2575 1904 2616 co-

321 2670 466 2722 rum,
511 2654 581 2710 de
615 2654 820 2724 quibus
863 2653 1242 2723 interrogasti,
1280 2651 1394 2708 ﬁet.
1444 2650 1720 2706 Venarum
1755 2649 1903 2706 enim

320 2748 616 2813 sectiunes,
663 2747 861 2804 borum
897 2747 1197 2803 ostendunt
1226 2745 1357 2801 vitia
1405 2751 1461 2800 et
1507 2744 1900 2816 proprietates,

318 2839 480 2910 juxta
538 2837 890 2909 Hippocratis
950 2845 1221 2908 praecepta
1280 2855 1294 2890 :
1348 2834 1623 2891 interdum
1684 2834 1902 2904 quidem

324 2931 724 2993 discussionem
755 2931 1065 3000 parientes,
1115 2943 1514 3000 nonnunquam
1543 2935 1729 2983 autem
1774 2942 1906 3010 con-

324 3023 667 3079 strictionem
715 3022 918 3092 potius.
956 3021 1094 3088 Quid
1126 3021 1332 3092 igitur?
1359 3028 1735 3090 exspectatum
1768 3017 1906 3074 forte

325 3117 526 3171 malum
557 3115 784 3172 salutari
816 3114 1312 3172 sanctiﬁcationmn
1345 3113 1748 3185 participationi
1775 3128 1900 3169 cnn-

323 3219 626 3276 nectcmus,
663 3217 717 3266 et
747 3208 946 3266 salutis
979 3217 1180 3264 nostra:
1202 3207 1384 3262 lumen
1421 3207 1676 3264 socordia
1705 3207 1900 3263 obum-

322 3305 606 3361 brabimus
635 3304 659 3359 2
685 3318 808 3359 cum
835 3303 987 3373 justa
1018 3302 1160 3358 ratio
1201 3301 1580 3358 sacriﬁcantes
1610 3307 1719 3354 tam
1755 3308 1901 3368 ante,

323 3413 488 3468 quam
525 3405 649 3467 post
686 3396 1048 3461 sacriﬁcium,
1078 3394 1373 3464 compellat
1397 3407 1522 3450 cum
1566 3393 1718 3448 omni
1749 3407 1902 3448 com-

325 3492 621 3561 punctione
644 3497 700 3544 et
740 3489 1047 3544 reverentia
1083 3488 1148 3543 ad
1193 3488 1366 3544 Deum
1409 3484 1794 3558 genuﬂectere,
1851 3494 1906 3541 et

324 3582 530 3653 gratias
590 3595 753 3652 agere
795 3580 866 3636 ob
908 3580 1173 3638 Dominici
1223 3581 1473 3650 corporis
1517 3587 1572 3635 et
1616 3578 1904 3650 sanguinis

328 3673 788 3744 assumptionem,
821 3687 922 3728 nec
964 3673 1214 3728 deliciari
1245 3671 1512 3737 mollitiis,
1549 3677 1602 3726 et
1639 3685 1901 3740 aquarum

325 3767 626 3825 calidarum
656 3766 1092 3836 aspersionibus.
1128 3765 1284 3834 Quod
1313 3765 1360 3821 si
1393 3780 1541 3821 vente
1579 3765 1902 3823 incisionem

328 3860 554 3916 morbus
581 3866 774 3930 urgeat
805 3859 1006 3926 letalis,
1049 3867 1274 3930 propter
1305 3858 1537 3914 salutem
1580 3859 1903 3928 aegrotantis

325 3967 388 4009 ea
419 3951 754 4023 perﬁcietur.

398 4041 568 4098 Inter.
622 4040 709 4096 12.
775 4041 830 4097 Si
899 4042 1026 4112 quis
1081 4049 1208 4111 post
1265 4047 1510 4098 sanctam
1567 4039 1904 4110 assumptio-

327 4152 452 4192 nem
493 4135 786 4202 vomuerit,
829 4150 923 4206 per
968 4148 1134 4206 quam
1187 4131 1539 4188 traditionem
1579 4132 1902 4189 emendabi—

325 4229 462 4284 tur?

396 4319 518 4375 Res.
554 4318 776 4386 Sancte,
813 4318 1012 4388 inquit,
1041 4317 1362 4374 custodiens
1400 4326 1615 4383 sancta,
1651 4317 1902 4388 expiabi-

327 4418 465 4467 tur'
512 4420 566 4466 et
610 4409 1086 4467 sanctiﬁcabitur:
1128 4409 1360 4480 gratiam
1406 4418 1590 4466 autem
1641 4409 1898 4479 prodens,

2007 2106 2324 2175 μυστηρίων
2358 2106 2724 2176 μεταλαϐεῖν;
2767 2108 2866 2161 καὶ
2897 2107 2964 2162 ὲκ
2992 2105 3089 2162 τοῦ
3127 2105 3399 2167 ἐναντίου,
3439 2105 3577 2170 [spo-

2003 2195 2332 2266 τελεστήσας
2356 2199 2384 2252 6
2417 2197 2616 2271 ἱερεὺς,
2649 2199 2682 2268 ἢ
2714 2201 2742 2253 6
2782 2198 2968 2263 λαῖκδς
3016 2199 3179 2252 θείων
3223 2196 3579 2267 ἁγιασμάτων

2003 2287 2258 2355 ἀξιωθεὶς
2293 2290 2637 2362 λουθήσεται,
2667 2292 2701 2363 ἢ
2745 2290 3317 2362 φλεϐοτομηθὴσεται,
3348 2292 3383 2362 ἢ
3417 2287 3512 2354 οὓς

2087 2383 2219 2439 Ἀπ.
2273 2383 2331 2438 '0
2379 2386 2436 2438 ὲν
2472 2385 2676 2456 ἰατροῖς
2727 2383 3265 2448 διδασκαλικὼτατος
3309 2383 3576 2454 Γαληνὸς,

1970 2548 1979 2557 ⁸
2005 2473 2313 2538 Βαλανεῖον,
2338 2477 2493 2546 φησὶ,
2521 2479 2612 2532 καὶ
2641 2476 2793 2548 ἥλιος
2812 2477 2909 2531 καὶ
2935 2477 3238 2548 γυμνάσιον
3259 2477 3341 2540 είς
3370 2477 3493 2547 κίνη
3505 2495 3584 2548 σιν,

2005 2567 2216 2640 ἐξορμᾷ
2236 2570 2304 2623 τὰ
2331 2570 2469 2634 τέως
2499 2570 2844 2641 ἡσυχάζοντα
2872 2569 3287 2642 περιττώματα.
3316 2570 3409 2623 Διὸ
3436 2571 3578 2622 οὐδὲν

2005 2658 2066 2723 ἐξ
2091 2654 2167 2712 ὧν
2194 2657 2486 2728 ἠρώτησας
2531 2661 2843 2730 γενήσεται.
2875 2661 2986 2714 Καὶ
3022 2659 3076 2713 αί
3115 2659 3288 2730 τομαὶ
3332 2659 3444 2729 γὰρ
3476 2659 3576 2713 τῶν

2007 2751 2222 2822 φλεϐῶν
2245 2751 2529 2821 ἐλέγχουσι
2567 2753 2666 2814 τὰς
2693 2751 2900 2806 τούτων
2929 2753 3131 2815 κακίας
3163 2752 3258 2806 καὶ
3291 2751 3577 2821 ίδιότητας,

2007 2842 2148 2898 κατὰ
2179 2843 2248 2896 τά
2283 2843 2672 2914 Ἱπποκράτεια
2701 2843 2978 2914 δόγματαο
3019 2845 3151 2897 ποτὲ
3197 2844 3297 2914 μὲν
3331 2843 3581 2896 κυΐσκον-

2010 2953 2096 2990 σαι
2131 2936 2476 3007 διαφόρησιν,
2521 2937 2653 2990 ποτὲ
2687 2935 2745 2989 δὲ
2777 2936 2979 3006 μᾶλλον
3010 2937 3368 3004 στεγάνωσιν.
3428 2935 3579 2990 Ἶνατί

2007 3026 2163 3095 γοῦν;
2191 3027 2640 3098 προσδοκήσιμον
2674 3028 2804 3091 ἴσως
2829 3027 3002 3081 κακὸν
3030 3030 3097 3099 τῇ
3127 3025 3464 3097 σωτηριώδει
3481 3027 3579 3079 τῶν

1931 3160 1974 3220 c
2009 3119 2370 3189 ἀγιασμάτων
2408 3118 2628 3190 μεθέξει
2679 3119 3027 3189 συνάψωμεν,
3082 3119 3177 3172 καὶ
3227 3119 3474 3190 ῥᾳθυμίᾳ⁵
3526 3118 3579 3172 τὸ

1983 3213 2124 3283 ’φῶς
2171 3213 2272 3283 τῆς
2305 3210 2462 3284 ἡμῶν
2521 3211 2798 3282 σωτηρίας
2828 3211 3305 3282 ὲπηλυγάσωμενς
3343 3211 3478 3264 ὅπου
3519 3227 3575 3278 γε

2004 3304 2133 3367 τοὺς
2167 3300 2591 3375 ίερουργοῢντας
2617 3301 2827 3366 δίκαιος
2860 3301 3018 3370 λόγος
3053 3301 3466 3372 καταναγκάζει
3493 3302 3576 3355 καὶ

2008 3395 2115 3468 πρὸ
2162 3395 2262 3467 τῆς
2305 3394 2621 3467 ίερουργίας
2662 3394 2758 3448 καὶ
2793 3393 2932 3464 μετά
2963 3392 3061 3463 τὴν
3089 3394 3408 3465 ἱερουργίαν
3450 3394 3576 3466 μετὰ

2005 3486 2189 3557 πάσης
2231 3485 2578 3554 κατανύξεως
2615 3486 2711 3540 καὶ
2743 3485 3033 3552 εὐλαϐείας
3060 3487 3412 3556 γονυκλυτεῖν
3450 3485 3574 3556 πρὸς

2006 3581 2160 3647 Θεὸν,
2189 3580 2284 3634 καὶ
2316 3579 2667 3652 εὐχαριστεῖν
2693 3580 2854 3651 χάριν
2887 3580 2988 3650 τῆς
3018 3581 3110 3635 τοῦ
3157 3581 3443 3651 Κυριακοῦ
3478 3578 3574 3632 σώ-

2009 3687 2179 3740 ματος
2207 3670 2304 3724 καὶ
2331 3671 2566 3740 αἵματος
2596 3670 2984 3742 μεταλὴῲεως,
3014 3672 3111 3724 κα)⁸
3147 3670 3221 3741 μὴ
3253 3671 3575 3740 θρύπτεσθαι

2007 3764 2289 3835 βλακείαις
2312 3767 2406 3818 καὶ
2439 3766 2757 3836 ραντισμοίς
2789 3763 2998 3817 ὑδάτων
3031 3763 3275 3833 θερμῶν.
3308 3764 3371 3817 Εί
3404 3761 3460 3816 δὲ
3487 3762 3573 3832 τὴν

2006 3856 2370 3926 φλεϐοτομίαν
2395 3855 2718 3923 κατεπείγει
2761 3854 3064 3926 θανάσιμον
3094 3854 3332 3926 νόσημα,
3366 3853 3450 3906 διὰ
3485 3852 3573 3921 τὴν

2007 3949 2284 4021 σωτηρίαν
2304 3948 2398 4002 τοῦ
2426 3947 2729 4019 κάμνοντος
2751 3947 3161 4020 τελεσθήσεται.

2088 4042 2412 4110 Ἐρώτησις
2445 4042 2544 4106 ιβ’.
2593 4041 2717 4094 Ἐάν
2761 4040 2935 4114 ἐμέσῃ
2983 4058 3068 4103 τις
3107 4040 3248 4110 μετὰ
3279 4039 3377 4109 τὴν
3426 4036 3572 4106 ἁγίαν

2009 4132 2333 4204 μετάληψιν,
2366 4132 2506 4187 κατὰ
2533 4135 2696 4186 ποίαν
2730 4131 3049 4203 διορθωθείη
3076 4131 3412 4201 παράδοσινς

2089 4321 2220 4375 Ἀπί,
2261 4320 2322 4373 '0
2367 4319 2464 4390 μὲν
2515 4316 2798 4388 φυλάττων
2857 4315 3068 4387 (φησὶν)
3117 4313 3281 4377 ὁσίως
3327 4313 3394 4367 τὰ
3437 4314 3564 4379 ὅσια,

2005 4412 2364 4482 ὁσιωθήσεται
2409 4410 2504 4465 καὶ
2537 4407 2972 4479 ἁγιασθὴσεταιο
3001 4408 3029 4459 6
3079 4406 3136 4459 δὲ
3173 4406 3452 4477 προδιδοὺς
3481 4407 3567 4472 τὴν

327 4504 707 4572 inquinabitur
727 4518 776 4557 ι.
814 4502 871 4558 Si
920 4501 1088 4573 igitur
1122 4518 1190 4558 ex
1227 4502 1470 4573 ingluvie
1505 4503 1693 4572 lapsus
1727 4511 1812 4557 est
1846 4501 1898 4556 in

2017 4502 2191 4574 χάριν,
2229 4499 2695 4572 βεϐηλωθήσεται.
2722 4498 2785 4550 Et
2819 4495 2954 4565 γοῦν
2982 4495 3040 4560 ἐξ
3063 4494 3334 4565 ἀκρασίας
3355 4489 3570 4559 ὠλίσθη-

325 4599 591 4652 Vomitum
629 4599 698 4662 is,
728 4595 822 4666 qui
847 4595 1063 4653 divinas
1094 4595 1558 4653 sanctiﬁcationes
1582 4595 1901 4664 assumpsit,

327 4690 673 4760 gravioribus
705 4689 882 4761 poenis
909 4689 1318 4746 emendabitur.
1359 4687 1455 4743 Sin
1487 4697 1667 4743 autem
1701 4703 1798 4757 per
1821 4687 1904 4743 in-

327 4783 565 4838 cidentis
606 4783 751 4838 forte
787 4782 1163 4854 aegrotationis
1215 4780 1644 4844 infestationem,
1689 4780 1905 4851 cpisco-

327 4875 438 4945 pali
465 4873 676 4946 judicio
727 4875 1066 4934 moderatius
1116 4872 1480 4930 coercebitur.
1524 4871 1592 4926 Et
1623 4871 1728 4927 boc
1757 4870 1902 4926 enim

327 4966 658 5024 desertionis
689 4976 774 5025 est
796 4982 955 5040 opus.

399 5152 702 5212 Inter.~l‘5.
749 5155 834 5208 An
888 5153 1011 5210 sine
1070 5149 1315 5222 periculo
1361 5148 1694 5206 sacriﬁcabit
1749 5150 1904 5219 quis-

333 5248 504 5320 piam,
535 5256 632 5304 aut
687 5249 873 5306 divina
919 5246 1084 5302 faciet
1116 5245 1452 5317 baptismate
1503 5245 1561 5300 in
1607 5244 1757 5310 navi,
1794 5244 1903 5299 .vcl

329 5345 494 5399 domo
529 5359 636 5399 non
669 5343 865 5400 sacra?

401 5433 524 5490 Res.
558 5435 705 5489 Dixit
733 5434 952 5504 quidem
997 5433 1141 5488 Deus
1174 5445 1272 5503 per
1332 5428 1538 5486 Mosem
1588 5425 1656 5483 ad
1708 5425 1895 5494 Israel,

331 5526 607 5599 llierosoly
623 5527 725 5584 mis
748 5535 802 5583 et
839 5542 950 5583 non
987 5527 1096 5582 alio
1127 5526 1238 5582 ullo
1267 5524 1390 5581 loco
1416 5522 1616 5578 festum
1652 5518 1897 5576 celebra-

2015 4612 2108 4650 σεν
2143 4596 2224 4660 είς
2253 4595 2344 4648 τὸν
2383 4592 2578 4664 ἔμετον
2611 4593 2639 4646 6
2670 4591 2780 4646 τῶν
2810 4590 2972 4644 θείων
3022 4588 3384 4658 άγιασμάτων
3429 4602 3569 4656 μετα·

2012 4690 2214 4752 λαϐὼν,
2240 4688 2380 4758 μετὰ
2406 4685 2780 4758 σφοδροτέρων
2812 4681 3104 4754 ἐπιτιμίων
3133 4679 3567 4754 διορθωθήσεται·

2013 4781 2062 4834 εί
2089 4780 2147 4833 δὲ
2189 4779 2279 4832 διὰ
2317 4776 2698 4847 συμπεσόντος
2742 4774 2980 4845 τυχαίως
3031 4772 3463 4843 ἁρῤωστὴματος
3488 4769 3570 4821 xti-

2013 4886 2206 4934 κωσιν,
2232 4868 2373 4922 κατὰ
2397 4865 2496 4938 τὴν
2521 4863 2890 4934 ὲπισκοπικὴν
2913 4863 3186 4933 διάκρισιν
3211 4860 3572 4932 μετριωτέρως

2016 4961 2498 5032 ὲπιτιμηθήσεται.
2533 4958 2645 5014 Καὶ
2677 4956 2833 5012 τοῦτο
2876 4954 2986 5026 γὰρ
3035 4954 3199 5024 ἔργον
3241 4952 3393 5007 ἐστὶν
3425 4953 3573 5019 ἐγκα-

2014 5053 2139 5108 ταλε
2150 5053 2334 5122 ίψεως.

2099 5144 2416 5214 Ἐρώτησις
2443 5142 2534 5213 ιγ’.
2579 5142 2904 5205 Ἀκινδύνως
2940 5141 2998 5194 ὲν
3039 5137 3208 5210 πλοίῳ
3238 5137 3272 5209 ἦ
3304 5138 3364 5190 ὲν
3391 5135 3572 5207 ἀνιέρῳ

2014 5237 2160 5311 nixi;
2187 5237 2535 5309 ίερουργήσει
2563 5253 2667 5303 τις,
2699 5235 2732 5308 ἢ
2763 5234 2882 5289 θεῖα
2911 5232 3120 5287 τελέσει
3140 5231 3510 5304 βαπτίσματα;

2095 5415 2213 5471 Ἁπ.
2241 5415 2298 5469 Ὀ
2318 5415 2418 5486 μὲν
2433 5414 2567 5479 Θεὸς
2583 5409 2703 5469 εἷπε
2726 5414 2815 5468 διὰ
2826 5413 3070 5477 Μωσέως
3087 5410 3222 5483 πρὸς
3236 5409 3328 5464 τὸν
3351 5406 3568 5480 Ἰσραὴλ.

2017 5511 2109 5566 Ἐν
2148 5511 2542 5584 Ἱεροσολύμοις
2563 5510 2660 5567 καὶ
2687 5511 2787 5566 οὐκ
2808 5512 2866 5566 ὲν
2895 5510 3068 5582 ἑτέρῳ
3094 5507 3247 5579 τόπῳ
3271 5506 3376 5561 τινὶ
3395 5501 3566 5575 έορτάο

1626 5697 1858 5754 νΑιιιΑῖ
1902 5694 2309 5757 LECTIONES.

413 5815 436 5846 ν
471 5803 587 5878 pius
611 5801 812 5861 evadet.
889 5811 913 5838 ι
946 5802 1200 5872 profanus
1236 5799 1348 5871 ﬁet.
