3948 6572
233 327 256 390 1
269 328 383 392 045

1521 333 2206 397 ῧΒᾹίΟΟ-ΒΟΜΑΝΗΜ
2217 384 2230 396 .

231 458 358 504 σεις
384 439 581 509 Πάσχα
607 434 808 509 ’Κυρίὶρ
835 437 915 508 τῷ
939 437 1058 509 Θεῷ
1087 457 1204 494 σου.
1237 438 1519 496 Ἐντεῦθεν
1557 443 1816 514 καθαρῶς

1928 443 2003 499 bis
2032 443 2323 501 Paschalis
2361 441 2594 498 Domino
2625 440 2735 498 Deo
2768 449 2884 498 tuo;
2909 440 3220 500 lnde‘clare
3248 442 3488 504 innuens

217 533 606 602 αἰνιττόμενος
670 531 766 584 τοῦ
840 531 1135 586 Ἰουδαϊκοῦ
1187 533 1380 605 Πάσχα
1424 534 1530 604 τὴν
1571 534 1808 604 παντελῆ

214 626 540 700 ἀπραξίαν,
576 625 666 681 διὰ
697 626 758 679 τὸ
784 624 878 679 τοῦ
930 625 1096 680 τόπου
1139 624 1481 696 μονώτατον.
1542 626 1602 678 Ἱ)
1629 625 1686 679 δὲ
1720 623 1808 679 ’νθ’

219 721 415 774 κανὼν
463 719 566 790 τῆς
597 721 655 772 ἐν
691 718 772 790 τῷ
802 717 1061 789 Τρούλλῳ
1103 716 1199 772 τοῦ
1241 719 1491 789 μεγάλου
1545 718 1811 772 παλατίου

227 813 514 882 συστάσης
537 809 705 878 ἁγίας
735 809 830 864 καὶ⁸
854 811 1251 881 οίκουμενικῆς
1283 809 1524 876 συνόδου,
1555 809 1650 863 καὶ
1673 811 1700 864 6
1727 809 1810 864 πδο

218 904 418 958 -κανὼν
449 905 545 975 τῆς
573 904 633 957 ἐν
665 902 1002 976 Καρθαγένῃ
1038 903 1283 968 συνόδου,
1315 901 1637 974 καθαιρέσει
1670 902 1806 957 καθ-

226 996 602 1050 υποόἀλλουσι
623 995 716 1049 τὸν
737 997 796 1049 ἐν
821 994 1253 1066 εὐκτηρίφ-οίκῳ
1285 996 1427 1050 θεῖον
1451 995 1811 1049 ἐκτελέσάντα

215 1087 539 1158 βάπτισμα·
581 1086 918 1159 Διορῑζονται
963 1087 1074 1158 γὰρ
1127 1089 1186 1140 ἐν
1229 1087 1546 1151 καθολικαίς
1610 1087 1813 1157 ἐκκλη-

226 1181 379 1242 σίαις
399 1180 469 1234 τὰ
495 1178 850 1250 βαπτίσματα
870 1179 1137 1248 γίνεσθαι.
1183 1179 1347 1233 Ἀλλὰ
1377 1179 1474 1233 καὶ
1489 1179 1611 1234 δλα¹
1633 1177 1813 1233 κανὼν

221 1273 328 1340 τῆς
357 1273 418 1324 ἐν
445 1271 524 1342 τῷ
551 1271 806 1344 Τροὺλλῳ
842 1272 1084 1338 συνόδου,
1117 1272 1212 1325 καὶ
1241 1273 1270 1326 6
1299 1272 1364 1344 ιβ’
1407 1269 1592 1326 κανὼν
1619 1272 1722 1341 τῆς
1757 1273 1814 1324 ἐν

221 1362 307 1433 τῷ
341 1362 460 1434 ναῷ
485 1364 598 1420 τῶν
647 1363 819 1434 ἁγίων
860 1364 1196 1418 -ἀποστόλων
1244 1366 1521 1436 συστάσης
1570 1365 1812 1428 συνόδου,

219 1455 618 1510 διατάττονται
660 1455 799 1527 μετὰ
835 1456 1194 1528 ἐκχωρήσεως
1226 1458 1589 1524 ἐπισκοπικῆς
1614 1456 1708 1510 καὶ
1735 1457 1816 1520 είς

219 1547 560 1619 εὐκτηρίους
585 1547 772 1612 οἴκους
803 1549 1076 1602 τελεῖσθαι
1110 1548 1486 1618 βαπτίσμαται.
1533 1547 1591 1601 '0
1630 1547 1816 1618 μέντοι

222 1641 484 1711 ἀοίδιμος
511 1640 762 1711 βασιλεὺς
788 1640 977 1712 κύριος
1007 1641 1184 1707 Λέων,
1209 1643 1236 1694 6
1262 1643 1444 1710 σοφὸς,
1479 1639 1690 1710 βλέπων
1716 1639 1817 1710 τὴν

223 1729 519 1803 όρθόδοξον
565 1729 753 1782 πίστιν
809 1729 1218 1801 εὑθηνουμένην
1273 1729 1350 1794 ὡς
1389 1729 1679 1800 ἄμπελον,
1713 1731 1817 1782 καὶ

223 1821 612 1892 αὐξανομένην
659 1820 736 1886 ὡς
769 1823 1004 1892 νεόφυτα
1053 1821 1270 1888 ἐλαιῶν,
1322 1821 1508 1891 κύκλῳ
1549 1821 1649 1890 τῆς
1683 1837 1816 1892 τρα-

226 1914 418 1986 πέζης
453 1915 563 1968 τῶν
606 1913 812 1985 ταύτης
854 1912 1184 1984 ἐκκλησιῶν,
1232 1913 1526 1985 διωρίσατο
1559 1915 1614 1968 ἐν
1651 1911 1693 1966 δ’
1725 1912 1818 1966 καὶ

221 2007 288 2056 ἐν
335 2012 402 2058 ιε’
447 2005 639 2077 Νεαρᾷ
683 2005 1013 2078 θεσμοθεσία
1064 2003 1232 2059 αὐτοῦ
1287 2006 1362 2076 μὴ
1399 2005 1560 2076 μόνον
1607 2005 1686 2068 είς
1720 2004 1816 2068 τὰς

223 2101 541 2172 ἐκκλησίας
590 2099 724 2156 ἀλλὰ
773 2101 869 2155 καὶ
922 2101 1008 2164 είς
1056 2099 1183 2165 τοὺς
1240 2100 1564 2171 εὐκτηρίους
1633 2101 1817 2163 οίκους

226 2193 604 2258 ἀδιαστίκτως
628 2192 1026 2266 ίεροτελεστίας
1049 2193 1144 2248 καὶ
1166 2193 1526 2264 ,βαπτίσματα
1550 2191 1814 2261 γίνεσθαι.

228 2286 326 2339 Διὸ
362 2286 508 2339 κατὰ
535 2286 635 2356 τὴν
671 2285 876 2339 τούτων
905 2284 1220 2357 περίληψιν,
1249 2284 1280 2336 6
1311 2284 1447 2355 μετὰ
1476 2284 1818 2356 ἀντιμινσίου

227 2378 644 2451 ἱερουργήσας,
677 2377 710 2449 ἢ
745 2377 1013 2447 βαπτίσας
1061 2379 1143 2441 είς
1186 2378 1474 2449 εὐκτήριον
1519 2373 1704 2441 οἷκον,
1744 2377 1820 2448 μὴ

229 2469 537 2541 ἱερωθέντα
562 2468 632 2523 δι’
673 2470 970 2538 ἐγκαινίων
1000 2468 1271 2535 ἀνοιξίων,
1303 2470 1398 2524 καὶ
1425 2467 1517 2523 τοῦ
1556 2471 1818 2542 συνήθους

226 2561 618 2633 ἑνθρονισμοῦ,
645 2561 734 2616 ναὶ
762 2561 949 2633 μέντοι
993 2563 1086 2616 καὶ
1115 2560 1206 2615 διὰ
1235 2561 1505 2632 λειψάνων
1535 2560 1706 2629 ἁγίων
1733 2562 1820 2614 ἐν·

229 2653 545 2726 σοριασμοῦ
571 2653 764 2726 (ταῦτα
796 2654 903 2726 γάρ
948 2655 1055 2708 είσι
1089 2653 1200 2709 τῶν
1246 2653 1546 2709 καθολικῶν
1581 2654 1816 2724 Ἐκκλη-

229 2747 371 2801 σιῶν
399 2746 934 2817 ἀποθησαυρίσματα
957 2746 1052 2802 καὶ
1073 2745 1388 2816 ὑψώματα),
1409 2744 1524 2800 ἀλλ’
1549 2745 1629 2810 είς
1643 2745 1820 2818 εὐχὴν

227 2840 498 2911 οίκιακὴν
527 2839 892 2911 ἀφορισθέντα
923 2837 1154 2904 πιστῶν,
1184 2837 1220 2908 ἢ
1251 2840 1333 2903 είς
1367 2837 1608 2893 οἰκίσκον
1634 2839 1822 2893 πλοια-

231 2931 359 3000 ρίου
401 2930 552 2992 τινδς
590 2929 1071 2999 ἀποταμιευθέντα
1113 2929 1259 3002 Θεῷ,
1311 2927 1408 2984 καὶ
1435 2929 1617 3001 ἁγίαις
1648 2930 1820 2984 εἰκόσι

229 3020 654 3092 κοσμούμενον,
708 3021 769 3075 οὐ
826 3019 1321 3094 προκριματισθείη
1369 3021 1447 3086 ῶς
1499 3022 1824 3092 παραϐάτης

231 3115 490 3170 κανόνων
519 3113 614 3168 καὶ
653 3113 964 3184 ἀδιάφορος.
1004 3112 1160 3167 Οὕτω
1190 3113 1299 3185 γὰρ
1331 3113 1428 3166 καὶ
1452 3112 1502 3165 οἱ
1537 3112 1677 3184 μετὰ
1717 3111 1824 3167 τῶν

231 3209 668 3281 αὐτοκρατόρων
737 3210 998 3281 ἑπόμενοι
1065 3207 1356 3280 κληρικοὶ,
1421 3207 1504 3272 ε-ίς
1562 3207 1824 3272 πεδιάδας

229 3299 493 3370 ἐρήμους
570 3301 877 3372 ίερουργεῖν
953 3299 1372 3366 δεδικαίωνται,
1459 3297 1604 3354 κατὰ
1663 3298 1824 3370 μόνον

231 3389 298 3444 τὸ
361 3391 445 3453 είς
486 3391 790 3463 ἐκκλησίαν
843 3389 1144 3462 ἀφορισθέν
1205 3389 1531 3463 βαμδίκινον
1579 3389 1828 3444 οίκισκά-

233 3498 393 3555 ριον.
1592 3547 1598 3559 1

305 3570 644 3642 Ἐρώτησις
668 3571 758 3626 ιδ’.
790 3569 1115 3634 Ἀκινδύνως
1149 3570 1496 3644 ίερουργήσει
1527 3587 1612 3635 τις
1638 3569 1673 3641 ἢ
1693 3585 1825 3623 συν-

235 3666 466 3730 εὑξεται
511 3664 653 3736 μετὰ
701 3663 1018 3736 αίρετιτκῶν,
1076 3663 1410 3719 Ἰακωϐιτῶν
1465 3660 1672 3734 δηλαδὴ
1734 3660 1829 3716 καὶ

234 3758 652 3830 Νεστοριανῶν,
687 3758 768 3822 είς
820 3756 1120 3828 ἐκκλησίαν
1171 3755 1375 3822 αὐτῶν,
1425 3755 1539 3809 εἴτε
1575 3753 1682 3826 μὴν
1733 3753 1828 3808 καὶ

237 3850 559 3922 ἡμετέραν·
586 3850 620 3919 ἢ
653 3849 838 3919 κοινῆς
869 3848 988 3919 μετ’
1019 3848 1198 3901 αὐτῶν
1231 3847 1478 3920 μετάσχῃ
1509 3843 1824 3917 τραπέζης·

235 3947 269 4018 ἢ
307 3946 534 4018 ποιήσει
580 3945 842 4016 ἀνάδοχον
879 3944 944 3996 ἐκ
991 3941 1087 3998 τοῦ
1131 3942 1290 4012 ἁγίου
1344 3941 1750 4014 βαπτίσματοςο
1791 3939 1824 4010 ἢ

236 4038 657 4109 κατοιχομένων
739 4037 961 4108 ποιήσει
1035 4035 1399 4107 μνημόσυναο
1447 4033 1483 4104 ἢ
1533 4030 1829 4104 μεταδώσει

234 4130 361 4183 τῶν
433 4130 595 4184 θείων
670 4128 1027 4198 ἁγιασμάτων
1091 4127 1313 4194 αὑτοῖς;
1377 4125 1446 4180 Ἢ
1499 4123 1832 4195 στενοχωρία

237 4221 363 4291 γὰρ
389 4220 487 4273 τοῦ
522 4220 691 4275 τόπου
735 4219 911 4274 πολλὰ
954 4218 1182 4275 τοιαῦτα
1216 4219 1382 4272 ποιεῖ.
1433 4217 1545 4273 Καὶ
1594 4214 1744 4286 ζητῶ
1771 4214 1832 4269 τὸ

236 4310 528 4382 ποιητέον.

337 4402 464 4456 ‘Au.
492 4400 586 4472 Μὴ
619 4401 738 4456 δότε
778 4399 846 4456 τὰ
879 4401 1012 4470 ἅγια
1059 4401 1172 4464 τοῖς
1227 4398 1386 4454 κυσὶν
1415 4397 1466 4472 (ό
1496 4397 1701 4470 Κύριος
1739 4399 1832 4452 καὶ

1909 533 2123 590 Judaici
2154 532 2442 590 Paschalis
2468 531 2683 604 plenam
2718 533 3081 599 vacationem,
3122 544 3348 606 propter
3380 535 3485 611 loci

1913 627 2369 696 singularitatem.
2397 624 2588 680 Canon
2618 632 2802 681 autem
2832 623 2902 680 59
2929 633 3134 681 sancta:
3156 634 3211 681 et
3238 641 3486 685 cacume-

1912 721 2052 776 nica:
2090 719 2286 791 synodi
2307 729 2513 776 coaetze
2536 720 2591 776 in
2622 719 2812 776 Trullo
2844 723 3028 792 magni
3063 720 3274 791 palatii,
3305 732 3359 778 et
3393 739 3488 779 ca-

1912 829 2023 868 uon
2075 812 2148 868 86
2191 813 2386 886 synodi
2454 812 2932 886 Carthaginensis,
2980 813 3308 884 depositioni
3355 817 3487 873 sub-

1908 903 2110 975 jiciu'nt
2185 920 2338 970 eum,
2423 902 2522 976 qui
2570 904 2627 960 in
2682 907 2925 961 oratoria
3001 905 3166 962 domo
3241 906 3489 962 divinum

1916 998 2211 1067 perliciunt
2238 998 2532 1068 baptisma.
2589 988 2852 1054 Statuunt
2878 998 3027 1054 enim
3059 999 3391 1070 baptismata
3435 1001 3490 1055 in

1917 1089 2207 1146 catholicis
2250 1089 2516 1148 Ecclesiis
2545 1090 2746 1147 debere
2774 1090 2915 1148 ﬁeri.
2973 1090 3080 1147 Sed
3109 1098 3169 1148 et-
3197 1093 3260 1148 51
3311 1107 3488 1148 canon

1916 1181 2107 1252 synodi
2127 1181 2181 1236 in
2210 1182 2419 1246 Trullo,
2484 1188 2540 1238 et
2595 1181 2662 1236 12
2705 1196 2881 1238 canon
2925 1184 3120 1254 synodi
3176 1191 3380 1239 coacta:
3435 1184 3490 1237 in

1918 1274 2122 1345 templo
2157 1282 2476 1330 sanctorum
2527 1275 2925 1345 apostolorum,
2961 1277 3308 1331 constituunt
3342 1284 3403 1329 ut
3438 1283 3492 1328 et

1918 1365 1972 1420 in
2003 1365 2260 1421 oratoriis
2281 1363 2892 1438 domibus-baptismate
2916 1366 3046 1422 (iant
3071 1382 3197 1422 cum
3217 1367 3490 1438 permissu

1919 1457 2184 1528 episcopi.
2245 1457 2493 1528 lnclytus
2548 1473 2682 1514 sane
2731 1458 3029 1529 imperator
3087 1458 3345 1513 dominus
3380 1456 3490 1511 Leo

1918 1549 2304 1619 philosophus,
2333 1548 2526 1604 videns
2553 1548 2918 1604 orthodoxam
2960 1549 3127 1606 ﬁdem
3184 1549 3490 1604 exuberan-

1918 1651 2023 1694 tem
2046 1649 2102 1694 ut
2132 1641 2320 1707 vitem,
2351 1648 2768 1696 cteresceutem
2824 1649 2882 1696 ut
2932 1642 3197 1697 olivarum
3240 1641 3502 1710 palmites

1920 1729 1973 1782 in
2033 1728 2271 1783 circuitu
2328 1742 2533 1782 mensae
2596 1727 2956 1783 ecclesiarum
3025 1727 3166 1798 ejus,
3249 1727 3500 1784 deﬁnivit

1919 1820 1975 1874 in
2005 1819 2036 1874 4
2071 1828 2125 1875 et
2152 1819 2217 1875 15
2257 1817 2502 1884 Novella,
2552 1833 2664 1874 non
2703 1827 2914 1874 tantum
2961 1819 3017 1874 in
3063 1819 3353 1876 catholicis
3391 1836 3493 1877 ec-

1921 1913 2132 1976 clesiis,
2165 1911 2260 1968 sed
2284 1920 2337 1967 et
2363 1911 2419 1966 in
2445 1913 2708 1967 oratoriis
2741 1911 2997 1968 domibus
3044 1911 3363 1969 indistincte
3408 1927 3498 1968 sa-

1919 2019 2008 2058 cra
2045 2003 2371 2068 ministeria,
2427 2010 2482 2058 et
2543 2004 2873 2074 baptismata
2933 2002 3072 2059 ﬁeri.
3119 2002 3490 2070 Quamobrem

1916 2093 2072 2162 juxta
2108 2092 2302 2147 harum
2367 2098 2638 2157 tenorem,
2677 2092 2767 2161 qui
2800 2103 2924 2145 cum
2971 2089 3302 2146 antimensio
3335 2105 3495 2147 sacra

1921 2185 2135 2249 fecerit.
2205 2191 2299 2238 aut
2341 2182 2697 2253 baptisaverit
2738 2182 2793 2236 in
2847 2181 3085 2238 oratoria
3145 2181 3328 2248 domo,
3383 2198 3496 2238 non

1921 2285 2246 2334 consecrata
2276 2291 2373 2347 per
2402 2273 2734 2330 initiatorias
2768 2272 3170 2339 dedicationes,
3200 2282 3255 2328 et
3293 2272 3496 2328 solem-

1921 2384 2047 2426 nem
2076 2367 2254 2425 throni
2298 2365 2804 2438 inaugurationem,
2867 2366 3001 2436 quin
3065 2370 3119 2421 et
3150 2367 3244 2434 pe‘r
3273 2369 3495 2418 sancta-

1921 2476 2046 2517 rum
2079 2459 2436 2528 reliquiarum
2489 2454 2760 2512 tumulum
2834 2454 2913 2526 (hi
2965 2454 3112 2510 enim
3144 2461 3272 2510 sunt
3305 2452 3497 2508 catho-

1923 2555 2152 2610 licarum
2177 2551 2551 2608 Ecclesiarum
2585 2551 2831 2606 thesauri
2863 2556 2917 2604 et
2942 2547 3351 2618 exaltationes),
3399 2546 3494 2602 sed

1924 2647 1978 2702 in
2005 2645 2365 2702 domesticam
2395 2642 2704 2700 orationem
2743 2640 2986 2697 ﬁdelium
3019 2645 3292 2712 separata,
3321 2647 3414 2693 aut
3440 2639 3496 2693 in

1925 2738 2125 2812 navigii
2161 2735 2394 2808 alicujus
2425 2734 2760 2792 domuncula
2791 2733 2900 2790 Deo
2920 2733 3220 2799 destinata,
3276 2742 3331 2788 et
3373 2745 3499 2787 san-

1925 2831 2034 2886 etis
2094 2829 2424 2900 imaginibus
2454 2834 2668 2892 ornata,
2699 2841 2806 2882 non
2833 2825 3071 2894 patietur
3101 2823 3500 2895 prejudicium,

1925 2920 2154 2992 perinde
2187 2935 2252 2976 ac
2284 2919 2328 2976 si
2359 2933 2630 2974 canonum
2667 2925 3231 2989 transgressor‘esset,
3263 2916 3500 2972 nullam-

1925 3030 2032 3086 que
2068 3029 2255 3069 eorum
2284 3013 2550 3067 rationem
2587 3009 2891 3067 habuisset.
2918 3008 3009 3066 Sic
3041 3009 3190 3066 enim
3216 3008 3495 3074 etelerici,

1853 3139 1896 3195 ο
1929 3109 2023 3179 qui
2057 3116 2185 3164 sunt
2217 3107 2272 3161 in
2312 3106 2704 3174 imperatorum
2753 3103 3038 3170 comitatu,
3076 3103 3132 3158 in
3161 3101 3371 3172 campis
3403 3116 3496 3156 so-

1927 3203 2124 3259 litariis
2159 3217 2315 3259 sacra
2341 3201 2446 3258 rite
2479 3201 2660 3257 facere
2689 3204 3014 3263 censentur,
3045 3195 3152 3253 sub
3190 3195 3311 3250 solo
3348 3195 3496 3250 bom-

1926 3295 2146 3369 bycino,
2184 3292 2330 3367 quod
2358 3301 2443 3352 est
2472 3293 2715 3351 ecclesiae
2737 3289 3091 3356 destinatum,
3121 3285 3362 3344 tentorio

1999 3577 2168 3633 Inter.
2209 3578 2298 3634 14.
2329 3579 2413 3634 An
2443 3575 2564 3634 sine
2596 3576 2847 3647 periculo
2878 3588 3034 3631 sacra
3069 3572 3153 3630 vel
3188 3580 3312 3628 vota
3337 3571 3502 3628 simul

1929 3669 2092 3726 faciet
2120 3669 2320 3741 aliquis
2340 3683 2465 3726 cum
2509 3668 2805 3736 haereticis,
2838 3666 3103 3725 Jacohitis
3144 3664 3396 3722 videlicet
3450 3671 3506 3720 et

1928 3761 2289 3831 Nestorianis,
2331 3764 2388 3818 in
2425 3777 2612 3818 eorum
2647 3760 2903 3826 ecclesia,
2936 3761 3021 3816 vel
3080 3759 3250 3816 etiam
3298 3759 3354 3814 in
3401 3773 3503 3814 no-

1929 3859 2074 3918 stra,
2101 3858 2195 3907 aut
2231 3865 2576 3907 communem
2598 3865 2722 3905 cum
2760 3849 2827 3906 iis
2852 3848 3204 3920 participabit
3235 3862 3504 3912 mensam,

1932 3950 2028 3996 aut
2051 3941 2212 3998 faciet
2230 3958 2303 3998 ex
2329 3949 2527 3996 sancto
2545 3939 2762 3996 lavacro
2796 3947 3197 4010 susceptorem,
3230 3947 3324 3993 aut
3352 3952 3506 3994 mor-

1931 4043 2150 4089 tuorum
2185 4031 2491 4088 celebrabit
2542 4031 2864 4095 memorias,
2927 4037 3024 4084 aut
3080 4029 3342 4100 largietur
3395 4027 3507 4083 illis

1931 4125 2148 4181 divinas
2240 4123 2757 4180 sanctiﬁcationes?
2838 4121 2972 4176 Nam
3053 4120 3158 4177 loci
3243 4122 3506 4192 angustia:

1933 4216 2105 4272 multa
2159 4213 2474 4286 huiusmodi
2541 4212 2773 4270 iaciunt.
2848 4214 3046 4280 Quer
3105 4217 3238 4288 quid
3298 4215 3505 4270 facien-

1933 4307 2085 4362 dum.

2007 4397 2130 4454 Res.
2161 4396 2242 4456 Ne
2263 4399 2620 4458 detis-sancta
2657 4399 2916 4466 canibus,
2965 4398 3190 4470 (inquit,
3243 4398 3506 4456 Dominus

237 4493 384 4556 Θεὸς
413 4493 574 4564 ήμῶν
603 4493 871 4564 εἴρηκεν),
914 4494 1048 4566 μηδέ
1083 4492 1282 4564 βάλητε
1311 4492 1440 4557 τοὺς
1489 4491 1822 4564 μαργαρίτας

1935 4499 1990 4547 et
2024 4491 2166 4549 Deus
2192 4492 2404 4565 noster)
2434 4507 2538 4550 nec
2561 4491 2867 4564 projiciatis
2891 4492 3214 4564 margaritas
3231 4499 3358 4548 ante
3383 4507 3509 4562 por-

237 4585 361 4638 τῶν
389 4584 590 4656 χοίρων
617 4584 970 4657 ἐπίπροςθεν.
1008 4585 1111 4641 Διά
1155 4602 1235 4640 τοι
1266 4584 1428 4639 τοῦτο
1453 4585 1548 4640 καὶ
1571 4587 1599 4640 6
1625 4583 1696 4650 ξδ’
1730 4602 1831 4640 κα-

240 4676 360 4731 νὼν
386 4677 497 4731 τῶν
529 4676 878 4748 Θεοκηρύκων
904 4679 1078 4748 ἁγίων
1098 4677 1414 4733 ἀποστόλων
1440 4677 1625 4749 φησὶν,
1653 4672 1830 4740 Είτις

242 4769 524 4841 κληρικδς
552 4771 586 4843 ἢ
631 4769 822 4833 λαῖκὸς
850 4771 1072 4842 εἰσέλθῃ
1095 4772 1176 4836 είς
1211 4769 1534 4841 συναγωγὴν
1561 4768 1830 4824 Ἰουδαίων

241 4862 276 4932 ἦ
346 4861 644 4930 αίρετικῶν
692 4861 1117 4931 προσεύξασθαι,
1172 4861 1544 4934 καθαιρείσθω
1587 4861 1684 4915 καὶ
1724 4861 1830 4930 ἀερ-

243 4951 549 5023 οριζέσθω.
581 4953 692 5006 Καὶ
713 4955 740 5006 6
760 4950 839 5021 λγ⁸
858 4951 1040 5007 κανὼν
1059 4953 1162 5023 τῆς
1191 4956 1249 5009 ἐν
1277 4953 1565 5025 Λαοδικείᾳ
1589 4953 1829 5018 συνόδου,

245 5044 398 5099 ἀλλὰ
439 5043 547 5113 μὴν
577 5045 676 5097 καὶ
704 5046 734 5097 6
759 5041 814 5109 ς’
842 5044 937 5098 καὶ
961 5045 990 5097 ὁ
1026 5044 1124 5108 λδ’,
1173 5045 1347 5099 ταῦτά
1393 5061 1524 5114 φησι
1571 5045 1700 5116 περὶ
1737 5042 1830 5098 τοῦ

244 5135 567 5204 συγχωρεῖν
617 5134 732 5197 τοῖς
767 5133 1064 5206 αἱρετικοῖς
1101 5133 1331 5188 εἰσιέναι
1365 5134 1447 5198 είς
1482 5129 1630 5188 οἷκον
1673 5131 1830 5202 Θεοῦ,

245 5225 582 5296 ἐπιμένουσι
612 5227 681 5298 τῇ
726 5226 961 5298 αἱρέσει,
996 5226 1079 5280 ὅτι
1109 5227 1183 5280 Οὐ
1217 5226 1300 5280 δεῖ
1356 5225 1621 5298 αἱρετικῷ
1649 5226 1683 5299 ἢ
1714 5242 1833 5298 σχι-

250 5316 515 5389 σματικῷ
539 5319 1049 5395 συνεύχεσθαι.“οτι
1068 5319 1128 5372 οὐ
1154 5319 1235 5372 δεῖ
1251 5318 1574 5390 Χριστιανὸν
1599 5321 1836 5390 ἐγκατα-

251 5409 472 5466 λείπειν
513 5412 800 5482 μάρτυρας
835 5409 1099 5485 Χριστοῦ,
1133 5410 1230 5466 καὶ
1259 5410 1482 5465 ἀπιέναι
1524 5411 1662 5482 πρὸς
1707 5411 1835 5476 τοὺς

248 5507 716 5581 ψευδομάρτυρας
733 5522 748 5538 ·
772 5507 1048 5561 τουτέστιν
1070 5505 1403 5577 αίρετικοὺς,
1423 5505 1457 5576 ἢ
1480 5504 1676 5570 αὐτοὺς
1709 5506 1835 5569 τοὺς

254 5597 696 5668 προειρημένους
745 5597 1060 5669 αίρετικοῦς
1114 5598 1463 5667 γενομένους.
1521 5592 1683 5652 Οῦτοι
1727 5599 1836 5668 γὰρ

256 5691 537 5762 ἀλλότριοι
571 5690 664 5744 τοῦ
693 5690 828 5743 Θεοῦ
864 5691 1244 5761 τυγχάνουσιν.
1275 5692 1559 5746 Ἔστωσαν
1588 5689 1682 5744 οῦν
1709 5691 1837 5745 ἀνά·

261 5783 406 5855 θεμα
443 5786 492 5838 oi
525 5783 888 5854 ἀπερχόμενοι
917 5783 1051 5853 πρὸς
1073 5783 1287 5847 αὐτούς.
1319 5784 1416 5838 Διά
1443 5802 1521 5838 τοι
1553 5783 1709 5839 τοῦτο
1739 5782 1832 5837 καὶ

1933 4599 2050 4641 eos.
2083 4583 2203 4652 Qua
2241 4583 2309 4642 de
2329 4598 2497 4642 causa
2533 4591 2590 4640 et
2619 4587 3002 4656 sexagesimus
3040 4592 3276 4656 quartus
3324 4599 3502 4640 canon

1931 4679 2025 4734 Dei
2055 4693 2368 4750 praeconum
2396 4685 2713 4736 sanctorum
2740 4677 3114 4749 apostolorum
3145 4677 3257 4732 ait:
3288 4673 3345 4731 Si
3379 4677 3505 4746 quis

1932 4769 2195 4836 clericus,
2217 4779 2316 4825 aut
2345 4769 2545 4836 laicus,
2571 4769 2768 4824 orandi
2808 4782 2977 4823 causa
3010 4767 3296 4839 ingressus
3345 4767 3508 4822 fuerit

1933 4859 1990 4915 in
2023 4875 2359 4932 synagogam
2387 4859 2728 4925 Iudaeorum,
2761 4860 2844 4915 vel
2891 4858 3299 4927 haereticorum,
3335 4857 3506 4930 depo-

1934 4960 2097 5008 natur
2119 4958 2176 5008 et
2218 4950 2745 5007 excommunicetur.
2805 4949 2872 5006 Et
2929 4951 3248 5024 trigesimus
3313 4949 3507 5005 tertius

1935 5057 2115 5100 canon
2145 5041 2464 5099 Laodiceam
2523 5043 2756 5115 synodi,
2797 5041 2928 5098 item
2960 5051 3152 5099 sextus
3199 5050 3253 5096 et
3293 5040 3508 5112 trigesi-

1935 5152 2062 5194 mus
2085 5141 2340 5208 quartus,
2367 5133 2486 5190 haec
2512 5135 2591 5190 ait
2626 5136 2692 5191 de
2711 5133 2873 5191 venia
2905 5133 3087 5190 danda
3133 5131 3416 5190 hareticis
3447 5131 3503 5186 in

1935 5245 2037 5288 sua
2061 5229 2253 5286 haeresi
2280 5226 2662 5297 perstantibus
2691 5226 3037 5299 ingrediendi
3081 5227 3307 5283 domum
3360 5221 3458 5279 Dei
3487 5239 3503 5278 :

1935 5321 2085 5394 quod
2111 5336 2224 5378 non
2245 5329 2464 5392 oportet
2493 5335 2604 5376 una
2636 5335 2762 5376 cum
2801 5319 3059 5376 haeretieo
3107 5318 3192 5374 vel
3237 5315 3510 5373 schisma-

1939 5415 2051 5472 tico
2079 5427 2241 5472 orare
2281 5432 2298 5470 :
2330 5413 2490 5482 Quod
2519 5429 2631 5470 non
2660 5422 2879 5487 oportet
2918 5413 3089 5470 ullum
3127 5409 3509 5468 Christianum

1938 5506 2144 5564 Christi
2171 5513 2446 5579 martyras
2474 5508 2817 5579 relinquere,
2849 5515 2902 5564 et
2933 5506 3001 5562 ad
3025 5504 3198 5560 falsos
3217 5510 3510 5575 martyras.

1938 5599 2043 5653 hoc
2072 5606 2157 5654 est
2186 5598 2494 5662 haareticos,
2537 5599 2710 5667 abire,
2742 5600 2825 5655 vel
2845 5613 2964 5662 eos,
2995 5596 3089 5667 qui
3122 5595 3281 5666 prius
3325 5594 3502 5649 haere-

1945 5687 2232 5745 ticifuerc.
2272 5689 2339 5744 lli
2384 5691 2532 5746 enim
2566 5701 2696 5747 sunt
2735 5706 2763 5744 a
2791 5690 2899 5746 Dco
2957 5689 3142 5744 alieni.
3201 5685 3325 5743 Sint
3374 5700 3505 5755 ergo

1944 5779 2254 5850 anathema,
2286 5779 2384 5850 qui
2414 5779 2480 5839 ad
2511 5793 2605 5838 eos
2631 5780 2855 5837 abeunt.
2891 5777 3020 5834 Eam
3046 5779 3116 5835 ob
3153 5793 3268 5834 rem
3303 5787 3357 5834 ct
3405 5789 3508 5832 nos

3348 336 3506 400 ιοισ
3616 369 3625 377 -
