3948 6568
3171 299 3203 331 /

1813 329 1845 389 J
1856 330 1950 390 US
1981 326 2424 389 CANONICUM
3171 321 3188 331 ’
3625 321 3743 390 1048

515 332 534 396 1
547 330 652 397 047

513 462 829 516 censemus,
858 465 969 506 non
984 428 1562 506 excommunicationi
1589 452 1799 501 tantum
1826 452 1880 500 ct
1909 444 2061 516 depo-

2183 439 2345 508 ἡμεῖς
2397 431 2751 504 ψηφιζόμεθα
2787 432 2863 504 μὴ
2895 430 3055 502 μόνον
3105 429 3406 502 ἀφορισμῷ
3436 430 3531 484 καὶ
3574 432 3742 486 καθαι-

510 543 702 601 sitioni
733 541 1111 613 subjiciendos
1145 543 1317 596 laicos
1373 547 1428 595 et
1473 539 1705 594 clericos
1734 545 1861 593 vota
1920 537 2061 592 simu

2193 529 2342 600 ρέσει
2393 523 2900 579 καθυποϐάλλεσθαι
2933 523 3061 587 τοὺς
3098 521 3323 586 λαῖκοὺς
3349 539 3411 577 τε
3439 523 3536 576 καὶ
3573 523 3741 594 κληρι-

439 618 460 630 ’
507 638 774 696 facientes
800 635 855 690 in
890 635 1321 691 orthodoxorum
1351 632 1436 689 vel
1479 632 1860 687 haereticorum
1902 631 2061 687 eccle

2191 618 2339 682 κοὺς,
2371 615 2805 685 συνευχομένους
2840 616 2900 668 ὲν
2936 614 3206 685 ἐκκλησίᾳ
3230 613 3532 686 ὀρθοδόξων
3556 616 3587 686 ἢ
3613 618 3742 686 αἶρε-

507 730 614 798 sia,
669 736 764 784 aut
804 729 1124 798 ubicunque
1163 734 1289 781 vota
1341 738 1466 780 cum
1499 724 1577 780 eis
1613 723 1774 779 simul
1819 722 2061 777 faciente:

2187 709 2376 770 τικῶν,
2410 710 2444 780 ῆ
2475 707 2815 777 ὁπουδήποτε
2875 707 3304 777 συνευχομένους
3345 707 3532 770 αὐτοῖς
3564 709 3742 778 ἱερατι-

509 822 798 889 solemnia,
859 829 914 876 et
978 819 1304 876 sacerdotali
1357 832 1531 884 more,
1579 825 1672 872 aut
1706 815 1871 870 etiam
1900 815 2061 870 cibun

2188 796 2386 869 κῶ;,ἢ
2438 796 2546 869 μὴν
2581 796 2673 850 καὶ
2721 795 3135 858 συνεσθίοντας·
3194 795 3332 850 ἀλλὰ
3363 797 3458 848 καὶ
3503 799 3741 866 μειζόνως

507 914 672 970 simul
702 922 1004 980 sumentes,
1035 929 1221 970 verum
1256 919 1311 968 et
1358 911 1577 983 gravius
1599 908 1864 972 coerceri,
1926 907 2084 978 juxta

507 1008 819 1062 divinorum
871 1023 1142 1064 canonum
1173 1007 1559 1078 praedictorum
1592 1015 1858 1060 tenorem.
1907 1001 2083 1056 Loco-

507 1115 628 1154 rum
678 1102 822 1156 enim
849 1101 1117 1172 angustia;
1145 1109 1198 1156 et
1231 1099 1616 1156 haereticorum
1645 1093 1962 1162 multitudo,
1986 1110 2081 1151 or-

505 1192 754 1249 thodoxa:
781 1193 902 1249 fidei
940 1210 1047 1250 non
1071 1200 1284 1250 mutant
1306 1191 1694 1261 integritatem.

584 1288 756 1342 Inter.
795 1287 887 1341 15.
919 1284 1134 1356 Captivi
1176 1282 1357 1338 Latini
1389 1290 1444 1338 et
1479 1280 1576 1335 alii
1608 1280 1676 1334 ad
1723 1285 1949 1334 nostras
1995 1291 2080 1332 ac-

501 1379 706 1435 cedunt
739 1377 1043 1434 catholicas
1077 1375 1364 1440 ecclesias,
1389 1382 1442 1429 ct
1473 1372 1767 1444 participes
1816 1370 1930 1424 ﬁeri
1978 1384 2077 1440 po-

501 1473 712 1528 stulant
745 1471 1059 1526 divinarum
1095 1468 1600 1526 sanctiﬁcationum
1646 1485 1660 1523 :
1697 1465 1841 1524 scire
1889 1466 2074 1532 velim,

499 1579 568 1618 an
603 1563 706 1618 hoc
727 1561 808 1618 eis
829 1558 1239 1617 concedendum
1271 1559 1365 1616 sit.

2187 889 2532 956 κολάζεσθαι,
2567 888 2710 943 κατὰ
2745 888 2844 959 τὴν
2873 887 2984 941 τῶν
3013 886 3294 959 ῥηθέντων
3334 888 3497 942 θείων
3523 891 3739 946 κανόνων

2187 981 2503 1052 περίληψιν.
2540 981 2602 1034 Ἦ
2629 981 2740 1051 γὰρ
2769 980 3102 1049 στενοχωρία
3124 979 3234 1032 τῶν
3260 979 3464 1044 τόπων,
3492 982 3583 1033 καί
3605 982 3632 1034 ὁ
3649 982 3739 1036 τῶν

2186 1076 2480 1146 αἱρετικῶν
2502 1073 2822 1146 πληθυσμὺς
2843 1073 2941 1144 τῆς
2967 1072 3244 1144 ὁρθοδόξου
3285 1073 3524 1136 πίστεως
3546 1074 3606 1127 οὐ
3627 1092 3738 1144 μετ-

2186 1167 2389 1240 ήμειψε
2417 1165 2517 1238 τὴν
2550 1167 2650 1221 ἀπε
2661 1166 2942 1236 ραιότητα.

2253 1258 2582 1328 Ἐρώτησις
2643 1264 2730 1315 ιε’.
2780 1257 3132 1329 Δίχμάλωτοι
3195 1257 3416 1311 Λατῖνοι
3485 1259 3578 1312 καὶ
3630 1259 3732 1313 ἓτε-

2187 1370 2270 1423 ροι
2308 1350 2770 1424 παρουσιάξουσιν
2813 1353 2894 1414 είς
2968 1350 3068 1414 τὰς
3118 1350 3414 1412 καθολικὰς
3463 1351 3731 1421 ἐκκλησίας

2179 1444 2359 1516 ἡμῶν,
2393 1445 2489 1498 καὶ
2531 1443 2756 1512 ζητοῦσι
2791 1443 3114 1513 μεταλαϐεῖν
3141 1444 3247 1500 τῶν
3276 1443 3439 1498 θείων
3479 1445 3728 1514 ἁγιασμάο

2179 1557 2308 1595 των.
2377 1539 2440 1594 Ei
2510 1537 2641 1609 γοῦν
2687 1537 3030 1609 ὲκχωρητέον
3077 1535 3235 1591 τοῦτό
3293 1538 3435 1604 ἐστι,
3487 1536 3727 1608 ζητοῦμεν

2183 1629 2397 1702 μαθεῖν.

2263 1723 2395 1776 Ἀπ.
2440 1721 2500 1777 Ὀ
2540 1723 2615 1795 μὴ
2675 1721 2752 1778 ὣν
2785 1725 2908 1794 μετ’
2966 1724 3128 1796 ἐμοῦ,
3173 1725 3296 1780 κατ’
3339 1725 3476 1797 ἐμοῦ
3509 1726 3619 1780 ἔστι
3662 1729 3726 1798 (τὸ

2107 1791 2147 1845 Β
2178 1812 2322 1868 θεῖον
2351 1791 2555 1886 ἔφησεν
2589 1791 2947 1883 Εὑαγγὲλιον)
2976 1791 3124 1871 ’-καὶ
3158 1819 3184 1870 δ
3217 1816 3291 1888 μὴ
3339 1791 3586 1886 συνάγων
3630 1791 3725 1890 μετ’

2171 1908 2330 1979 ἐμοῦ,
2367 1907 2670 1979 σκορπίζει.
2716 1908 2868 1962 Ἐπεὶ
2895 1909 2988 1962 οῦν
3022 1910 3130 1981 πρὸ
3155 1911 3363 1982 χρόνων
3394 1911 3600 1965 πολλῶν
3637 1912 3722 1965 ἁπ-

2170 2000 2394 2072 εσχίσθη
2425 2003 2524 2072 τῆς
2548 2001 2773 2072 δυτικῆς
2792 2000 3125 2074 Ἐκκλησίας
3157 2002 3279 2073 (τῆς
3310 2003 3529 2074 Ῥώμης
3549 2002 3721 2074 φαμὲν)

2167 2093 2228 2148 τὸ
2261 2093 2606 2165 περιώνυμον
2639 2093 2916 2166 ἄθροισμα
2945 2095 3009 2148 ἐκ
3038 2096 3137 2165 τῆς
3167 2094 3278 2148 τῶν
3311 2094 3516 2166 ἑτέρων
3545 2096 3721 2150 τεσσάο

2172 2201 2280 2256 ρων
2331 2185 2503 2253 ἁγίων
2557 2183 2916 2257 πατριαρχῶν
2979 2184 3361 2255 πνευματικῆς
3425 2185 3716 2248 κοινωνίας,

2171 2279 2266 2334 καὶ
2298 2276 2687 2350 ἀπεσχοινίσθη
2724 2277 2863 2348 πρὸς
2905 2277 3003 2349 ἔθη
3050 2278 3146 2331 καὶ
3192 2277 3442 2348 δόγματα
3480 2277 3570 2347 τῆς
3604 2277 3716 2330 καθ-

2165 2370 2354 2441 ολικῆς
2385 2369 2711 2439 Ἐκκλησίας
2757 2370 2852 2424 καὶ
2882 2367 2990 2423 τῶν
3019 2367 3316 2438 ὀρθοδόξων
3342 2367 3605 2440 ἀλλότρια.
3631 2368 3714 2422 Διὰ
3805 2395 3809 2398 ~

2165 2462 2276 2534 γὰρ
2330 2459 2489 2516 τοῦτο
2555 2459 2682 2515 οὕτε
2747 2461 2806 2514 ἐν
2857 2462 2981 2524 ταῖς
3045 2459 3219 2524 θείαις
3293 2461 3704 2531 ίεροτελεστίαις,

2166 2555 2354 2624 κοινῆς
2414 2556 2524 2608 τῶν
2605 2552 3025 2627 πατριαρχικῶν
3101 2554 3385 2625 ὀνομάτων
3469 2555 3706 2626 ἀναφορᾶς

2163 2648 2192 2701 ό
2221 2646 2411 2709 πάπας
2461 2647 2715 2716 ἠξίωται,
2767 2645 2870 2700 οὐκ
2904 2645 3108 2715 ὀφείλει
3153 2645 3311 2714 γένος
3363 2645 3630 2700 Λατινικδν
3657 2647 3712 2699 ἐκ

2165 2739 2346 2811 χειρὸς
2401 2741 2684 2812 ίερατικῆς
2712 2738 2800 2794 διὰ
2841 2740 2951 2794 τῶν
2985 2738 3144 2794 θείων
3186 2738 3282 2792 καὶ
3315 2737 3590 2809 ἀχράντων
3624 2757 3710 2808 μυ-

567 1741 691 1797 Res.
731 1739 837 1810 Qui
862 1756 970 1796 non
996 1749 1080 1797 est
1102 1755 1338 1802 mecum.
1372 1749 1564 1796 contra
1590 1756 1674 1796 me
1705 1750 1808 1809 est,
1847 1737 2072 1813 (inquit,

497 1832 744 1888 divinum
772 1831 1153 1903 Evangelium)
1183 1841 1237 1888 et
1268 1832 1360 1902 qui
1411 1847 1524 1887 non
1577 1831 1788 1902 colligit
1833 1845 2069 1903 mecum,

494 1925 777 1996 dispergit.
807 1900 1076 1993 Quoniam
1100 1900 1265 1994 igitur
1286 1900 1418 1980 ante
1466 1939 1642 1979 annos
1667 1900 1886 1988 multos,
1921 1900 2067 1979 occi-

495 2017 730 2073 dentalis
761 2019 1024 2075 Ecclesia:
1080 2017 1310 2091 (Romae,
1371 2015 1618 2088 inquam)
1649 2016 1884 2072 celebris
1937 2031 2070 2071 con-

492 2116 694 2164 ventus
724 2109 933 2166 divisus
965 2118 1051 2166 est
1083 2111 1152 2165 ab
1183 2110 1419 2164 aliorum
1475 2115 1714 2179 quatuor
1745 2115 2064 2164 sanctorum

490 2201 922 2270 patriarcharum
957 2202 1191 2273 spiritali
1219 2202 1630 2263 communione,
1666 2209 1720 2256 ct
1761 2200 1830 2255 ad
1881 2213 2067 2255 mores

491 2293 853 2366 institutaque
883 2294 1126 2361 divertit,
1165 2310 1194 2349 a
1243 2295 1514 2350 catholica
1567 2293 1837 2358 Ecclesia,
1891 2299 1946 2346 et
1997 2290 2066 2345 ab

489 2385 810 2440 orthodoxis
834 2385 1010 2442 aliena
1049 2404 1062 2440 :
1094 2400 1259 2457 quam
1287 2384 1358 2441 ob
1379 2399 1600 2440 causam
1628 2399 1805 2455 neque
1836 2382 1980 2453 Papa
2009 2383 2064 2437 iu

488 2476 690 2533 divinis
721 2477 1214 2534 sacriﬁcationibus
1243 2486 1272 2528 1
1306 2477 1584 2534 communi
1612 2477 2062 2548 patriarchalium

489 2569 775 2624 nominum
809 2571 1075 2626 relatione
1127 2570 1323 2641 dignus
1365 2570 1604 2626 habetur
1659 2587 1675 2624 :
1733 2584 1843 2625 non
1904 2568 2065 2624 debet

489 2658 798 2716 Latinicum
851 2677 1022 2734 genus
1069 2678 1235 2717 manu
1289 2663 1619 2718 sacerdotali
1663 2678 1764 2734 per
1796 2661 1979 2718 divina
2009 2669 2064 2716 et

488 2752 836 2808 immaculata
897 2754 1155 2826 mysteria
1228 2754 1579 2822 sanctificari,
1643 2755 1752 2811 nisi
1825 2755 2064 2824 deponat

488 2844 666 2914 prius,
699 2860 757 2900 se
787 2861 816 2900 a
846 2843 1111 2901 Latinicis
1158 2845 1430 2903 institutis
1475 2854 1532 2903 et
1566 2845 2061 2902 consuetudinibus

2166 2832 2403 2904 στηρίων
2451 2831 2781 2900 ἁγιάζεσθαι
2809 2848 2823 2863 ·
2878 2831 2928 2884 εῑ
2981 2833 3056 2903 μὴ
3107 2829 3417 2900 κατάθηται
3480 2833 3709 2902 πρότερον

2162 2925 2465 2996 ἀπέχεσθαι
2480 2925 2591 2980 τῶν
2608 2925 2916 2980 Λατινικῶν
2930 2926 3215 2996 δογμάτων
3233 2941 3291 2978 τε
3307 2925 3404 2978 καὶ
3422 2923 3708 2993 συνηθειῶν,

2162 3019 2260 3072 καὶ
2305 3018 2448 3073 κατὰ
2500 3020 2736 3082 κανόνας
2782 3017 3094 3089 κατηχηθῄ
3143 3017 3240 3072 καὶ
3289 3017 3402 3080 τοῖς
3441 3014 3709 3086 ὀρθοδόξοις

2165 3107 2424 3182 ιξισωοῇ.

558 3207 729 3264 Inter.
761 3209 846 3265 16.
882 3209 1200 3266 Divinarum
1225 3210 1724 3266 sanctiﬁcationum
1754 3208 2056 3278 assumptio

2207 3170 2556 3270 ⁷Ἐρώτησις
2581 3208 2680 3266 ις’.
2727 3201 2795 3255 Ἦ
2838 3200 2948 3254 τῶν
2985 3199 3146 3254 θείων
3175 3199 3532 3270 ἀγιασμάτων
3561 3197 3706 3268 μετά-

485 3300 773 3356 arbitraria
807 3309 890 3358 est
938 3301 1222 3359 monachis
1248 3303 1524 3367 omnibus,
1551 3302 1766 3358 clericis
1797 3310 1850 3358 et
1883 3301 2058 3368 laicis,

2163 3293 2324 3365 λῆψις
2375 3294 2696 3365 αὐθαίρετός
2725 3294 2844 3347 ἐστι
2874 3294 3010 3348 πᾶσι
3059 3295 3173 3355 τοῖς
3226 3292 3301 3364 μὴ
3338 3291 3708 3358 κεκωλυμένοις

486 3393 580 3463 qui
613 3408 722 3449 non
747 3403 874 3450 sunt
906 3396 1170 3466 prohibiti
1208 3413 1222 3452 :
1266 3408 1324 3450 ut
1353 3395 1606 3465 quotidie
1647 3395 1761 3452 fere
1800 3411 1898 3466 per
1938 3410 2058 3450 eam

2165 3388 2419 3458 μοναχοίς
2469 3386 2753 3455 κληρικοτς
2778 3401 2838 3439 τε
2870 3385 2966 3438 καὶ
3008 3383 3216 3447 λαῖκοῖς
3238 3400 3254 3416 ·
3287 3383 3430 3437 ὥστε
3477 3381 3706 3436 δύνασθαι

486 2935 896 3001 abstenturum,
931 2946 984 2993 et
1011 2937 1312 2994 secundum
1348 2953 1587 2997 canones
1613 2939 1916 2996 instructus
1945 2938 2065 2994 fue-

485 3025 577 3096 rit,
601 3036 656 3084 et
687 3030 1009 3088 orthodoxis
1039 3031 1383 3106 adaequatus.

485 3483 821 3539 sanctiﬁcari
863 3485 1098 3555 possint.
1129 3485 1210 3540 An
1240 3494 1301 3540 ut
1333 3487 1436 3542 sub
1485 3486 1725 3557 pondere
1773 3486 2008 3541 libratur
2033 3495 2056 3522 ι

484 3575 723 3630 munus?
753 3573 858 3631 Sed
892 3586 947 3630 et
975 3579 1029 3630 in
1060 3577 1148 3639 iis,
1182 3577 1274 3646 qui
1302 3576 1367 3630 ad
1399 3578 1879 3649 congregationem
1923 3593 2057 3633 con-

484 3663 734 3731 veniunt,
784 3666 1165 3722 necessitatem
1202 3668 1365 3723 habet
1402 3669 1528 3725 boni
1577 3670 1945 3742 participatio,
1986 3687 2054 3726 an

483 3755 774 3812 arbitraria
805 3763 910 3824 est,
949 3766 1003 3813 et
1034 3767 1338 3829 spontanea
1367 3760 1390 3814 ?

552 3935 674 3991 Res.
706 3936 1178 4004 Quemadmodum
1235 3941 1351 4013 lege
1381 3948 1648 3996 statutum
1681 3951 1762 3998 est
1784 3955 1836 4007 ι,
1873 3940 2055 4014 dignis

478 4029 596 4084 dari
655 4029 996 4102 dignitates,
1052 4033 1135 4089 sic
1181 4043 1394 4100 sancta,
1446 4034 1672 4091 sanctis.
1730 4033 2056 4103 Quicunque

479 4123 648 4194 igitur
671 4139 767 4194 per
789 4125 913 4180 vitae
941 4125 1337 4197 integritatem,
1371 4127 1514 4182 viam
1561 4127 1664 4183 sibi
1696 4126 1765 4182 ad
1804 4126 2050 4182 divinam

477 4215 954 4288 participationem
1001 4219 1449 4288 complanarunt,
1491 4219 1612 4275 sine
1663 4219 2052 4290 impedimento

478 4308 856 4365 admittentur.
888 4309 1078 4381 Neque
1106 4312 1254 4366 enim
1286 4312 1340 4366 hi
1372 4311 1599 4367 omnino
1629 4327 1774 4377 eam,
1828 4323 1889 4367 ut
1935 4327 2049 4367 rem

476 4399 782 4469 quamlibet
826 4399 1012 4465 aliam,
1058 4401 1478 4472 aggrediemur,
1523 4402 1568 4457 si
1620 4403 1809 4473 gratia:
1860 4403 2049 4457 altitu-

2159 3477 2383 3541 τούτους
2423 3476 2545 3531 καθ’
2591 3477 2831 3546 ἑκάστην
2859 3475 3048 3546 σχεδὸν
3072 3475 3141 3529 δι’
3177 3475 3344 3544 αὐτῆς
3389 3472 3706 3541 ἁγιάζεσθαιθ

2159 3571 2193 3641 ἢ
2221 3569 2296 3634 ὡς
2327 3569 2433 3623 ὐπδ
2465 3569 2716 3640 στάθμης
2750 3568 3165 3636 ζυγοστατετται
3189 3567 3249 3620 τὸ
3270 3565 3535 3636 δώρημα;
3568 3563 3707 3619 Ἀ),λά

2159 3663 2252 3716 καὶ
2287 3665 2400 3726 τοῖς
2448 3661 2655 3715 τούτων
2703 3659 3160 3731 ἐκκλησιάζουσιν
3190 3659 3568 3728 άναγκαστική
3609 3657 3706 3709 ἐστι

2158 3755 2254 3810 τοῦ
2291 3753 2498 3822 ἀγαθοῦ
2530 3755 2563 3826 η
2595 3751 2918 3824 μετάληψις,
2949 3751 2983 3823 ἢ
3021 3753 3352 3823 πρωιρετὲα
3375 3751 3471 3804 καὶ
3506 3747 3705 3802 αὑτοκέ·

2158 3845 2380 3909 λευστος
2401 3862 2416 3912 ;

2235 3941 2358 3992 Ἀπ.
2407 3939 2496 4002 Ὠς
2526 3937 2839 4008 νενόμισται
2863 3935 3104 3990 δίδοσθαι
3132 3937 3244 3999 τοῖς
3272 3935 3441 4000 ἀξίοις
3475 3933 3541 3988 τὰ
3570 3930 3704 3998 ἀξιώ-

2159 4049 2325 4102 ματα,
2359 4031 2502 4086 οὕτω
2528 4032 2621 4084 καὶ
2646 4033 2760 4092 τοῖς
2804 4029 2980 4098 ἁγίοις
3011 4028 3079 4082 τὰ
3112 4027 3261 4096 ἅγια.
3299 4028 3457 4080 Ὅσοι
3487 4025 3609 4093 γοῦν
3627 4024 3702 4078 διὰ

2155 4124 2504 4195 καθαρότητα
2553 4123 2668 4194 βίου
2725 4122 2826 4191 τῆς
2873 4121 3027 4184 θείας
3079 4119 3435 4191 μεταληψεως
3481 4119 3576 4189 τὴν
3603 4117 3702 4170 ὁδὸν

2155 4217 2341 4280 αὐτοῖς
2385 4215 2728 4286 ἐξωμάλισαν
2748 4253 2764 4280 ,
2810 4213 3312 4284 ἀπαρεμποδίστως
3357 4212 3701 4282 δεχθήσονται.

2155 4311 2379 4372 Πάντως
2414 4309 2522 4378 γὰρ
2566 4307 2691 4362 οὐδὲ
2739 4305 2894 4360 αὐτοὶ
2935 4304 3142 4374 ταύτης
3185 4303 3261 4368 ὡς
3305 4304 3531 4374 τυχαίας
3561 4319 3704 4356 καταο

2152 4402 2508 4472 τολμήσουσι,
2541 4398 2939 4460 κατανοοῦντες
2968 4398 3029 4450 τὸ
3056 4397 3192 4467 ὕψος
3233 4397 3334 4468 τῆς
3364 4397 3596 4468 χάριτος,
3625 4394 3704 4447 καὶ

477 4491 661 4547 dinem
729 4492 1124 4559 considerent,
1191 4501 1248 4550 et
1303 4496 1630 4550 sacramenti
1714 4495 2044 4565 magnitudi-

2163 4493 2247 4547 τοῦ
2282 4492 2589 4565 μυστηρίου
2613 4493 2674 4545 τὸ
2706 4489 2961 4562 μέγεθος.

477 4597 626 4637 nem.

543 4673 675 4741 Cngi
697 4682 878 4730 autem
895 4690 1222 4748 quemquam
1238 4675 1451 4732 divinas
1480 4677 1940 4736 sanctiﬁcationes
1961 4694 2052 4735 as-

476 4778 713 4830 sumere,
766 4781 874 4822 non
923 4767 1144 4838 placuit.
1181 4763 1299 4825 Etsi
1348 4770 1492 4826 enim
1542 4771 1710 4842 aliqui
1753 4773 2052 4841 apostolico

473 4858 508 4911 9
553 4872 764 4913 canone
813 4861 920 4926 usi,
970 4861 1073 4933 (sic
1122 4863 1421 4934 inquiente,
1474 4861 1799 4936 Quicunque
1859 4865 2050 4922 ﬁdeles

473 4949 860 5018 ingrediuntur
899 4960 953 5007 et
999 4953 1310 5024 Scripturas
1366 4955 1616 5018 audiunt.
1650 4956 1704 5010 in
1739 4958 2051 5026 precatione

476 5049 657 5094 autem
700 5049 755 5097 et
809 5058 967 5100 sacra
1023 5049 1408 5103 communione
1450 5064 1559 5102 non
1608 5057 1950 5117 permanent,
1990 5057 2050 5104 ut

474 5131 735 5188 Ecclesiae
783 5135 1162 5192 confusionem
1219 5137 1529 5205 afferentes,
1565 5139 1840 5210 segregari
1888 5153 2049 5208 Opor-

475 5226 575 5294 tet)
609 5225 778 5281 vclint
819 5242 936 5292 eos,
967 5229 1060 5298 qui
1087 5231 1143 5284 in
1170 5231 1462 5285 ecclesiam
1496 5231 1852 5295 conveniunt,
1884 5231 2050 5286 etiam

476 5315 676 5372 invitos
723 5319 844 5390 cogi
893 5321 1110 5375 divinas
1153 5336 1371 5377 sumere
1431 5322 1898 5378 sanctiﬁcationes
1949 5338 2050 5378 nos

473 5415 658 5462 tamen
706 5424 970 5466 canonem
1022 5427 1128 5466 non
1178 5413 1259 5467 sic
1306 5412 1748 5483 interpretamur.
1802 5413 1868 5468 Et
1903 5414 2072 5469 eniur

474 5494 663 5554 tideles
695 5501 913 5570 quidem
948 5503 1015 5558 ad
1065 5501 1225 5560 finem
1257 5519 1428 5576 usque
1455 5505 1624 5562 divini
1680 5505 1954 5574 sacriﬁcii,
1996 5511 2051 5560 et

2241 4674 2686 4739 Ἀναγκαστικῶς
2707 4673 2764 4728 δέ
2793 4689 2944 4738 τινας
2967 4674 3076 4728 τῶν
3106 4673 3264 4728 θείων
3295 4670 3702 4744 μεταλαμϐάνειν

2161 4768 2522 4837 ἁγιασμάτων
2549 4768 2608 4821 οὐ
2641 4768 2914 4821 δέδοκται.
2945 4767 3061 4820 Κᾶν
3086 4767 3191 4838 γάρ
3214 4784 3359 4830 τινες
3389 4765 3466 4837 τῷ
3498 4766 3702 4819 ἀποστο-

2161 4860 2299 4930 λικῷ
2321 4857 2366 4912 θ’
2387 4859 2572 4913 κανόνι
2593 4860 2951 4932 χρησαμένοι,
2975 4858 3075 4930 (τῷ
3097 4858 3239 4912 οὕτω
3255 4858 3489 4927 λέγοντι·
3517 4856 3702 4913 Πάντας

2156 4955 2283 5016 τοὺς
2301 4954 2568 5018 εἰσιόντας
2585 4956 2810 5018 πιστοὺς
2827 4953 2919 5008 καὶ
2936 4953 3046 5006 τῶν
3063 4954 3298 5024 Γραφῶν
3324 4950 3698 5022 ἀκροωμένους,

2160 5047 2235 5117 μὴ
2271 5047 2690 5117 παραμένοντας
2717 5047 2774 5100 δὲ
2817 5050 2884 5118 τῇ
2917 5048 3192 5119 προσευχῇ
3225 5046 3320 5098 καὶ
3351 5047 3417 5114 τῇ
3443 5043 3568 5114 ἁγίᾳ
3618 5056 3698 5109 με·

2155 5139 2409 5210 ταλήψει,
2463 5139 2540 5203 ὡς
2604 5140 2832 5204 ἀταξίαν
2884 5138 3250 5210 ἐμποιοῦντας
3309 5139 3377 5208 τῇ
3439 5130 3698 5202 Ἐκκλησῖᾳ

2160 5231 2516 5302 ἀφορίζεσθαι
2547 5232 2683 5304 δεῖ),
2719 5231 2932 5284 θέλουσι
2982 5231 3040 5284 δὲ
3084 5232 3212 5294 τοὺς
3267 5223 3698 5314 ἐκκλησιάζοντας

2157 5325 2265 5378 τῶν
2285 5324 2446 5378 θείων
2475 5323 2918 5394 μεταλαμϐάνειν
2947 5321 3310 5392 ἁγιασμάτων
3344 5321 3437 5372 καὶ
3459 5317 3693 5374 ἄκοντας’

2157 5416 2272 5471 ἀλλ’
2303 5418 2436 5486 ἡμῖν
2463 5416 2606 5471 οὕτω
2643 5417 2712 5470 τὰ
2745 5416 2840 5471 τοῦ
2881 5415 3104 5477 κανόνος
3152 5415 3256 5467 οὐκ
3303 5408 3689 5479 ἑκλαμὸάνεται..

2170 5506 2588 5578 Ἐκκλησιάζειν
2626 5507 2724 5579 μὲν
2750 5508 2858 5579 γὰρ
2899 5507 3028 5570 τοὺς
3059 5505 3288 5571 πιστοὺς
3330 5502 3492 5576 μέχρι
3536 5496 3692 5556 τέλους

1781 5665 2012 5721 VAerE
2049 5664 2455 5724 LECTIONES.

550 5773 576 5814 .V
610 5769 659 5820 in
693 5770 860 5825 sacris
903 5777 1239 5834 ctt'rimonit‘s.

1324 5789 1345 5816 κ
1381 5779 1514 5834 velut
1549 5780 1617 5833 ad
1645 5779 1846 5837 lancem
1877 5779 2218 5847 ponderatur.

2314 5791 2335 5819 ⁸
2371 5795 2512 5834 more
2560 5788 2814 5850 receptum
2875 5788 2970 5833 εδδ.
