3948 6576
252 371 385 435 1049

1523 370 2236 434 ϐίὶέΕΕΟ-ΒΟΜΑΝΗΜ.

3369 366 3511 432 1050

243 487 337 556 τῆς
391 462 545 546 θείας
601 481 1018 554 ἱεροτελεστίας,
1077 482 1172 538 καὶ
1226 484 1327 554 τῆς
1359 483 1672 548 τελευταίας
1727 482 1807 538 toi

1927 483 2132 538 ultimae
2162 479 2524 538 sacriﬁcantis
2554 479 2890 552 precationis
2938 482 3509 555 remunerationisque

245 575 654 647 ίερουργοῦντος
677 575 863 645 εὐχῆς,
920 575 1017 630 καὶ
1069 576 1164 630 τοῦ
1191 575 1490 648 ἀντιδώρου
1520 576 1624 648 τῆς
1657 593 1825 643 μετα-

242 667 475 738 λήψεως,
538 663 930 736 ψηφιζόμεθαο
973 663 1071 720 καὶ
1132 669 1246 729 τοῖς
1289 665 1432 720 οὕτω
1485 668 1560 737 μὴ
1608 666 1823 721 ποιοῦσι

242 761 334 832 τὴν
353 761 416 813 ὲκ
448 757 545 812 τοῦ
575 759 801 822 κανόνος
835 759 1155 829 ὲπισείομεν
1187 760 1590 829 ἀγανάκτησιν.
1636 762 1824 815 Μετα-

241 851 535 922 λαμϐάνειν
564 850 624 904 δὲ
653 851 853 915 αὐτοὺς
881 851 982 904 οὐκ
1016 852 1424 921 ἀναγκάζομεν,
1459 851 1549 906 διά
1592 851 1691 924 τὴν
1722 854 1823 923 τῆς

243 943 601 1013 συνειδήσεως
631 941 884 1011 βάσανον.
921 942 1262 1012 Προσεκτέον
1291 939 1406 1006 οὖν,
1431 943 1574 997 κατά
1596 943 1696 1015 τὴν
1724 944 1819 997 τοῦ

243 1035 494 1107 ῥηθέντος
541 1034 769 1096 κανόνος
813 1034 1130 1106 περίληψιν,
1189 1037 1266 1106 μὴ
1327 1035 1682 1099 ἀσυντάκτως
1753 1037 1820 1091 ὲκ

239 1128 336 1196 τῆς
383 1125 706 1197 ἱερουργίας
759 1125 1064 1197 ὑποχωρεῖν
1119 1128 1246 1190 τοὺς
1308 1128 1815 1198 ἐκκλησιάζοντας·

241 1218 348 1272 ἀλλ’
368 1217 492 1270 ἐπεὶ
521 1215 660 1287 αὕτη
695 1214 758 1270 ἐκ
782 1232 842 1269 τε
874 1219 976 1287 τῆς
1007 1215 1251 1281 Παλαιᾶς
1281 1216 1558 1288 Διαθήκης
1582 1219 1678 1271 καὶ
1704 1217 1806 1287 τῆς

237 1311 376 1373 Νέας
409 1311 492 1370 είς
538 1309 670 1378 μίαν
717 1308 1026 1377 ταυτότητά
1063 1309 1452 1378 μεγαλύνεται,
1518 1312 1613 1364 καὶ
1647 1309 1814 1381 μέχρι

243 1403 339 1473 μὲν
362 1402 463 1472 τῆς
494 1401 609 1455 τῶν
648 1402 823 1470 ἁγίων
868 1401 1220 1469 Εὑαγγελίων
1264 1401 1676 1472 ἀνακηρύξεως,
1715 1401 1816 1472 τῆς

237 1497 522 1564 Δαυῖτικῆς
555 1496 788 1566 κινύρας
837 1493 908 1548 τὰ
939 1493 1357 1565 ψαλτῳδήματα
1382 1494 1475 1548 τοῦ
1515 1493 1813 1565 μυστηρίου

236 1588 328 1658 τὴν
354 1585 589 1654 δύναμιν
631 1583 926 1653 ἀγιάζουσι
947 1601 962 1618 ο
999 1584 1138 1657 μετά
1173 1585 1232 1639 δὲ
1265 1584 1472 1655 ταύτην
1519 1584 1620 1653 τῆς
1664 1586 1817 1638 ἀναι-

238 1681 437 1750 μάκτου
464 1677 660 1743 θυσίας
689 1679 998 1747 ἀνοίγονται
1024 1680 1092 1732 τὰ
1121 1677 1414 1749 προαύλια,
1446 1677 1813 1747 ἐπιτρέποντα

235 1774 322 1827 καὶ
347 1775 460 1835 τοῖς
483 1771 805 1843 ἀρχιερεῦσι
832 1771 893 1825 τὸ
921 1771 1020 1841 μὲν
1055 1771 1370 1841 ἑπωμάδιον
1405 1770 1718 1841 ώμοφόριον
1748 1770 1809 1824 τὸ

234 1868 308 1928 είς
356 1865 528 1918 τύπον
576 1863 675 1918 τοῦ
723 1862 900 1934 ἀμνοῦ
943 1863 1370 1934 καλλιτεχνηθὲν
1423 1862 1801 1924 ἀποτίθεσθαι,

237 1957 705 2032 μεταχειρίζεσθαι
727 1941 905 2013 δὲ’τοῦ
933 1956 1168 2030 ἀληθοῦς
1193 1957 1289 2011 καὶ
1311 1955 1574 2020 ζωοποιοῦ
1601 1957 1803 2026 ’Δμνοῦ

231 2053 287 2106 τὺ
314 2053 614 2123 μυστήριον
634 2065 654 2084 σ
684 2051 733 2104 εί
773 2051 872 2121 μὲν
905 2053 954 2104 oi
982 2048 1438 2120 ἐκκλησιάζοντες
1474 2048 1638 2112 εὐθὺς
1669 2047 1807 2120 μετά

234 2145 294 2198 τά
335 2145 464 2213 ἆγια
531 2143 872 2212 Εὑαγγέλια,
923 2141 1266 2213 αὐθαιρέτως
1331 2141 1806 2211 ὑποχωρήσουσιν,

233 2237 325 2290 οὐκ
350 2235 768 2307 αίτιαθήσονται
799 2250 816 2269 ο
854 2235 904 2287 εί
942 2235 1000 2288 δὲ
1051 2234 1190 2304 μετά
1241 2233 1342 2302 τὴν
1386 2232 1669 2302 καταρχὴν
1709 2233 1808 2302 τῆς

235 2327 566 2396 ἀναιμάκτου
597 2325 791 2389 θυσίας
815 2325 913 2379 καὶ
949 2325 1248 2395 μυστικῆς,
1300 2324 1376 2388 ὡς
1428 2324 1658 2379 ἄτακτοι
1711 2324 1808 2379 καὶ

237 2417 612 2472 σκανδαλισταὶ
645 2417 870 2480 δικαίως
895 2417 1385 2487 ἀφορισθήσονται.

308 2507 631 2578 Ἐρώτησις
665 2509 752 2570 ιζ’.
809 2510 874 2562 Ol
935 2509 1071 2578 μετά
1109 2508 1206 2562 τοῦ
1255 2509 1564 2580 ἀρχιερέως
1594 2508 1629 2580 ἢ
1666 2507 1807 2578 μετά

234 2600 319 2653 τοῦ
337 2601 523 2671 ἱερέως
550 2600 1100 2671 συλλειτουργοῦντες
1118 2600 1379 2663 διάκονοι,
1406 2601 1802 2672 ἀπαραιτήτως

239 2689 673 2762 μεταλαμϐάνειν
694 2690 1024 2760 ὀφείλουσιν,
1056 2689 1090 2758 ἢ
1131 2689 1228 2756 ob;

312 2781 438 2836 Ἀστ.
478 2783 538 2836 '0
560 2781 616 2852 η’
651 2781 837 2836 κανὼν
856 2781 965 2834 τῶν
990 2781 1164 2849 ἀγίων
1197 2781 1512 2836 ἀποστόλων
1533 2781 1675 2836 οὕτω
1700 2799 1805 2853 φη-

235 2874 329 2938 σὶν,
384 2875 450 2928 Et
479 2891 566 2938 τις
622 2873 944 2939 ἐπίσκοπος,
977 2873 1011 2943 ἢ
1042 2872 1437 2946 πρεσσύτερος,
1472 2873 1504 2944 ἢ
1533 2872 1798 2940 διάκονος,

233 2965 377 3036 ἢτοῦ
419 2968 731 3036 καταλόγου
783 2966 878 3021 τοῦ
933 2966 1236 3037 ίερατικοῦ,
1272 2968 1594 3038 προσφορᾶς
1653 2984 1801 3036 γινο-

239 3056 392 3128 μένης
425 3058 499 3130 μὴ
529 3058 837 3132 μεταλάϐῃ,
868 3057 969 3128 τὴν
993 3057 1171 3111 αἰτίαν
1193 3057 1422 3114 εἰπάτω.
1450 3057 1563 3112 Καὶ
1619 3057 1715 3111 saw

1929 573 2368 648 participationis
2403 614 2419 639 ,
2452 575 2720 629 interesse
2783 571 3041 630 concioni
3106 575 3307 632 debere
3372 593 3510 632 cen-

1927 683 2134 724 semus.
2171 667 2235 722 Et
2281 667 2349 722 iis
2377 706 2394 732 ,
2444 665 2539 736 qui
2579 666 2660 721 sic
2690 681 2796 722 non
2851 665 3081 733 faciunt,
3132 669 3361 723 canonis
3415 669 3505 724 in-

1925 761 2300 832 dignationem
2370 760 2656 815 vibramus
2711 778 2724 814 :
2777 760 3113 830 participare
3166 769 3348 817 autem
3408 778 3504 818 eos

1924 869 2035 912 non
2087 856 2357 926 cogimus,
2399 854 2472 909 ob
2517 854 2873 910 conscientiae
2918 862 3276 910 tormentum.
3309 853 3504 910 Anim-

1923 947 2315 1003 advertendum
2353 947 2540 1016 igitur,
2568 945 2726 1016 juxta
2761 945 3006 1015 praedicti
3058 947 3287 1002 canonis
3347 955 3503 1002 teno-

1921 1056 2062 1104 rem,
2131 1057 2201 1097 ne
2251 1041 2344 1111 qui
2412 1040 2709 1096 conventui
2759 1039 3054 1103 intersunt,
3115 1039 3424 1096 inordinate
3469 1057 3500 1096 a

1922 1133 2192 1190 sacriﬁcio
2251 1140 2619 1188 revertantur.
2656 1131 2762 1188 Sed
2801 1147 2926 1187 cum
2967 1131 3147 1200 ipsum
3199 1148 3267 1188 ex
3315 1134 3499 1190 Veteri

1918 1225 2182 1296 Novoque
2232 1224 2581 1280 Testamento
2629 1225 2747 1294 pari
2794 1223 2956 1278 modo
3009 1224 3409 1294 magniﬁcetur,
3444 1235 3500 1280 et

1919 1317 1989 1372 ad
2029 1317 2402 1373 recitationem
2427 1316 2648 1387 quidem
2689 1331 2866 1385 usque
2893 1310 3204 1370 sanctorum
3254 1314 3499 1387 Evange-

1918 1411 2140 1473 Iiorum,
2172 1411 2442 1465 Davidica:
2475 1411 2700 1466 citharae
2731 1411 2974 1464 carmina
3025 1412 3354 1465 sacramenti
3399 1426 3496 1465 ce-

1916 1501 2128 1556 lebrent
2157 1509 2480 1571 potestatem
2517 1518 2529 1553 :
2561 1509 2745 1571 postea
2771 1501 3276 1556 autem-incruenta:
3308 1501 3496 1556 hostia!

1917 1594 2239 1662 aperiantur
2270 1593 2565 1660 vestibula,
2619 1593 2960 1648 antistitibus
2995 1593 3368 1664 permittentis
3398 1609 3495 1648 su-

1915 1683 2350 1752 perhumeralem
2383 1684 2640 1737 amictum
2680 1682 2974 1752 deponere,
3013 1683 3106 1751 qui
3146 1683 3268 1756 agni
3325 1681 3494 1754 ﬁgura

1915 1772 2195 1842 eleganter
2225 1771 2522 1826 fabricatus
2563 1778 2670 1835 est,
2697 1781 2750 1825 ct
2785 1781 3022 1840 tractare
3052 1773 3164 1826 veri
3185 1772 3495 1842 vivilicique

1838 1841 1880 1896 Β
1909 1867 2051 1936 Agni
2082 1874 2483 1922 sacramentum
2518 1881 2533 1920 :
2572 1867 2616 1920 si
2650 1865 2867 1935 quidem
2895 1865 2953 1928 ii,
2983 1865 3075 1934 qui
3108 1865 3162 1918 in
3193 1879 3494 1937 congrega-

1911 1959 2115 2013 tionem
2144 1965 2541 2020 convenerunt,
2579 1957 2762 2011 statim
2793 1968 2918 2026 post
2963 1962 3154 2011 sancta
3203 1954 3493 2025 Evangelia

1910 2057 2104 2119 sponte
2147 2049 2455 2114 discedant,
2501 2063 2611 2102 non
2668 2048 3038 2116 culpabuntur
3073 2066 3086 2102 :
3121 2045 3217 2102 sed
3266 2047 3314 2101 si
3371 2053 3492 2116 post

1909 2142 2210 2198 incruenta:
2237 2141 2590 2212 mysticaeque
2617 2141 2847 2196 victimae
2876 2140 3228 2212 principium,
3257 2148 3316 2194 ut
3343 2140 3492 2194 inor-

1908 2233 2080 2290 dinati
2105 2242 2160 2289 ct
2187 2233 2492 2290 offensores
2517 2235 2664 2305 juste
2701 2232 3347 2290 cxcommunicabuntur.

1976 2511 2146 2570 Inter.
2181 2510 2269 2566 l7.
2302 2509 2407 2577 Qui
2447 2523 2573 2564 cum
2608 2507 2870 2578 pontiﬁce
2900 2504 2985 2561 vel
3019 2503 3307 2558 sacerdote
3337 2515 3489 2557 com-

1905 2604 2224 2660 ministrant
2294 2603 2534 2666 diaconi,
2602 2601 2804 2656 debent
2871 2599 3009 2652 citra
3076 2594 3489 2652 excusationem

1904 2695 2355 2752 communionem
2385 2708 2690 2756 assumere,
2731 2706 2916 2746 annon
2941 2692 2964 2746 τ

1973 2788 2096 2844 Res.
2132 2789 2324 2843 Canon
2375 2789 2406 2843 8
2463 2795 2780 2842 sanctorum
2832 2787 3206 2857 apostolorum
3261 2787 3343 2842 sic
3371 2786 3489 2842 ait:

1905 2881 1961 2934 Si
2012 2879 2139 2951 quis
2188 2880 2505 2950 episcopus,
2560 2879 2868 2950 presbyter,
2926 2880 3011 2934 vel
3064 2880 3356 2944 diaconus,
3404 2885 3494 2940 vel

1901 2986 1967 3026 ex
2000 2970 2324 3026 sacerdotali
2357 2971 2627 3039 catalogo,
2671 2971 2814 3026 facta
2863 2971 3141 3026 oblatione
3195 2987 3303 3026 non
3337 2987 3492 3027 com-

1901 3063 2283 3128 municaverit,
2323 3077 2547 3120 causam
2585 3063 2777 3118 dicat:
2811 3072 2865 3118 et
2890 3064 2936 3118 si
2975 3064 3274 3134 probabilis
3303 3064 3489 3128 fuerit,

234 3147 460 3217 ὠλογος,
521 3151 862 3220 συγγνώμης
907 3149 1250 3219 τυγχανέτω.
1286 3149 1349 3202 El
1379 3149 1458 3235 et
1503 3147 1581 3219 μὴ
1627 3147 1797 3218 λέγει,

1915 3157 2117 3210 veniam
2148 3163 2518 3225 consequetur
2549 3171 2564 3221 ;
2599 3156 2685 3211 sin
2743 3171 2876 3211 vero
2911 3157 3114 3218 minus,
3151 3164 3489 3227 segregetur,

235 3240 585 3312 ἀφοριζέσθω,
619 3242 697 3305 ὡς
750 3241 920 3305 αἴτιος
949 3241 1154 3312 βλάϐης
1204 3232 1488 3312 γινόμενος
1529 3241 1610 3312 τῷ
1662 3242 1797 3313 λαῷ,

236 3331 322 3384 καὶ
359 3332 614 3386 ὑπόνοιαν
670 3331 907 3402 ποιήσας
963 3331 1107 3385 κατὰ
1171 3332 1268 3385 τοῦ
1333 3331 1802 3403 προσενέγκαντος

235 3421 304 3484 ὡς
339 3422 409 3491 μὴ
463 3423 639 3491 ὑγιῶς
700 3423 1183 3492 προσενεγκόντος.
1249 3423 1680 3493 Παρατηρητὲον
1708 3423 1802 3478 οῦν

235 3515 350 3579 τοὺς
371 3516 758 3579 ὑποδιακόνους
808 3515 906 3568 καὶ
934 3516 1060 3578 τοὺς
1097 3514 1402 3580 διακόνους,
1458 3514 1554 3568 καὶ
1600 3514 1801 3585 μᾶλλον

238 3606 352 3670 τοὺς
409 3607 895 3678 χειραπτήσαντας
972 3603 1418 3680 μεταλαμϐάνειν
1481 3603 1590 3658 τῶν
1641 3603 1802 3658 θείων

237 3698 583 3770 ἁγιασμάτων
621 3713 635 3728 ⁸
667 3698 700 3769 ἢ
745 3697 854 3769 μὴν
902 3696 1004 3767 τὴν
1060 3697 1242 3749 αίτίαν
1271 3695 1455 3765 λέγειν
1507 3695 1576 3749 δι’
1612 3696 1681 3768 ἣν
1707 3695 1800 3750 τοῦ

235 3789 426 3857 ἀγαθοῦ
455 3790 652 3844 τούτου
671 3788 1011 3858 ἀπέστησαν.
1044 3785 1216 3840 Τοῦτο
1243 3786 1354 3856 γὰρ
1382 3787 1457 3856 μὴ
1498 3786 1800 3854 ποιοῦντες,

237 3882 686 3955 ἀφορισθήσονται
743 3878 889 3935 κατά
937 3879 1039 3933 τὶν
1087 3878 1182 3932 τοῦ
1243 3877 1506 3950 ῥηθέντος
1579 3879 1804 3943 κανόνος

238 3986 298 4023 πε
306 3971 530 4041 ρίληψιν.

300 4061 619 4133 Ἐρώτησις
642 4061 738 4131 ιη’.
771 4061 1075 4118 ’Ᾱκίνδυνόν
1129 4063 1249 4117 ἐστι
1292 4062 1540 4132 γίνεσθαι
1565 4064 1668 4135 τὴν
1694 4063 1804 4119 τῶν

238 4156 386 4211 θείων
437 4161 802 4230 ἀγιασμάτων
842 4159 1081 4213 διάδοσιν
1133 4160 1230 4213 καὶ
1298 4158 1607 4229 μετάληψιν
1665 4158 1804 4229 μετά

237 4249 432 4321 ψυχροῦ
486 4255 635 4308 οἴνου
673 4253 768 4306 καὶ
807 4251 1034 4316 ῦδατοςυ
1069 4252 1103 4323 ἢ
1137 4251 1521 4324 ἀπαραίτητόν
1551 4255 1669 4304 ἐστι
1706 4251 1804 4306 καὶ

243 4341 350 4401 ζέον
383 4345 526 4419 ὕδωρ
570 4346 714 4402 κατά
733 4346 826 4400 τὸν
856 4345 1047 4416 καιρὸν
1077 4344 1179 4414 τῆς
1220 4343 1578 4415 μεταλήψεως
1610 4344 1697 4408 είς
1729 4341 1798 4396 τά

243 4435 362 4504 ᾶγια
388 4439 636 4508 βάλλεινς

1908 3255 1966 3302 υῑ
1999 3247 2092 3316 qui
2130 3247 2332 3318 populo
2362 3245 2685 3303 oﬂensionis
2715 3261 2880 3302 causa
2914 3249 3004 3313 sit,
3039 3259 3092 3302 et
3119 3248 3489 3317 suspicionem

1905 3337 2115 3392 dederit
2143 3337 2408 3394 adversus
2433 3353 2584 3404 eum,
2611 3338 2706 3408 qui
2746 3337 2968 3404 obtulit,
3000 3339 3158 3408 quasi
3189 3353 3296 3392 non
3327 3337 3491 3407 digne

1903 3429 2182 3484 obtulerit.
2209 3429 2620 3486 Observandum
2653 3428 2916 3499 igitur,ut
2948 3430 3492 3495 subdiaconi,etdia-

1903 3522 2030 3577 coni
2054 3532 2108 3576 et
2129 3524 2310 3592 potius
2331 3537 2484 3578 sacra
2504 3528 2923 3587 contrectantes,
2946 3521 3162 3577 divinas
3185 3521 3487 3577 sanctiﬁca-

1906 3613 2082 3668 tiones
2114 3620 2436 3678 assumant,
2473 3611 2555 3667 vel
2589 3623 2738 3667 certe
2759 3627 2981 3667 causam
3009 3611 3211 3676 dicant,
3227 3612 3296 3666 ob
3325 3627 3488 3680 quam

1905 3718 1972 3758 eo
1997 3703 2142 3758 bono
2164 3702 2566 3776 abstinuerunt.
2591 3703 2649 3758 Id
2683 3705 2830 3759 cnim
2865 3705 2912 3760 si
2952 3719 3060 3758 non
3087 3703 3314 3768 faciant,
3336 3703 3490 3773 juxta

1907 3796 2154 3867 prmdicti
2184 3797 2417 3852 canonis
2449 3806 2692 3852 tenorem
2729 3797 3379 3852 excommunicabuntur.

1980 4067 2148 4125 Inter.
2180 4068 2267 4124 18.
2295 4069 2375 4122 An
2408 4067 2527 4123 slne
2562 4065 2809 4138 periculo
2839 4065 3149 4121 divinarum
3177 4064 3491 4120 sanctiﬁca-

1907 4165 2117 4219 tionum
2147 4161 2461 4217 distributio
2507 4169 2559 4216 et
2590 4161 2892 4228 assumptio
2939 4160 3070 4214 [lant
3115 4173 3238 4212 cmn
3291 4157 3489 4228 frigido

1905 4257 2034 4312 vino
2081 4264 2136 4311 et
2163 4269 2304 4324 aqua
2339 4272 2354 4310 :
2395 4269 2464 4308 an
2515 4255 2634 4309 sine
2683 4253 3044 4309 excusatione
3073 4265 3214 4320 aqua
3268 4249 3485 4305 fervens

1909 4347 2342 4420 participationis
2371 4354 2614 4417 tempore
2635 4347 2690 4401 in
2719 4354 2910 4400 sancta
2943 4345 3016 4401 sit
3049 4341 3348 4399 mittenda?

313 4527 437 4584 'Azr.
479 4533 590 4586 Τοῦ
631 4529 711 4602 λβ⁹
761 4530 989 4594 κανόνος
1051 4530 1151 4600 τῆς
1189 4530 1248 4584 ἐν
1303 4530 1382 4602 τῷ
1413 4530 1670 4604 Τρούλλῳ
1706 4533 1804 4588 τοῦ

1978 4527 2101 4582 Res.
2133 4525 2268 4582 Cum
2296 4525 2366 4581 52
2389 4540 2565 4580 canon
2597 4531 2802 4580 sanctae
2818 4531 2871 4580 et
2893 4521 3248 4580 tecumenicm
3267 4521 3484 4593 synodi,

245 4623 466 4689 μεγάλου
487 4622 758 4678 παλατίου
789 4624 1068 4692 συστάσης
1091 4622 1258 4690 ἀγίας
1302 4625 1398 4677 κα)⁵
1423 4625 1807 4697 οίκουμενικῆς

243 4715 446 4769 συνόδου
504 4716 828 4788 καθαιρέσει
887 4715 1398 4781 καθυποσάλλοντος
1437 4717 1566 4780 τοὺς
1613 4718 1689 4788 μὴ
1720 4734 1800 4773 τευ

239 4802 502 4872 λειοῦντας
526 4808 590 4860 τὸ
647 4805 794 4861 θεῖον
832 4805 928 4860 καὶ
952 4806 1109 4875 ἅγιον
1132 4807 1394 4880 ποτήριον
1433 4808 1492 4874 ἐξ
1535 4807 1681 4862 οῐνου
1712 4810 1809 4862 καὶ

245 4892 442 4962 ὕδατος,
479 4898 804 4970 αίρεσιῶταί
837 4915 987 4958 τινες
1010 4899 1110 4954 οὐκ
1131 4900 1419 4970 ἀνέχονται
1447 4900 1661 4971 βάλλειν
1687 4900 1808 4965 ζέον

244 4986 314 5048 είς
341 4989 397 5042 τὸ
427 4991 580 5059 άγιον
606 4990 701 5046 καὶ
733 4990 873 5043 θεῖον
893 4991 1152 5062 ποτήριον
1172 5007 1186 5023 ·
1215 4991 1339 5046 Ὀτι
1373 4993 1547 5061 (φασὶ)
1581 4993 1648 5047 τά
1679 4995 1809 5065 περὶ

242 5079 415 5134 τούτου
449 5085 525 5155 τῷ
556 5084 744 5138 κανόνι
771 5085 830 5136 οὐ
863 5084 1253 5154 διελήφθησαν.
1295 5085 1580 5139 Ἀκούουσι
1611 5086 1694 5152 δὲ,
1723 5088 1805 5140 ὃτι

243 5169 296 5221 τὸ
351 5172 468 5237 ζέον
513 5175 592 5247 τῷ
651 5177 791 5248 ἁγίῳ
861 5176 1057 5246 αἵματι
1106 5176 1533 5248 προστιθέμενον
1585 5179 1685 5250 τὴν
1741 5180 1808 5234 δι’

251 5255 427 5326 ὓδατος
481 5266 578 5319 καὶ
615 5265 759 5318 οίνου
797 5264 994 5319 ἒνωσιν
1046 5265 1142 5319 τοῦ
1195 5267 1356 5334 ἀγίου
1406 5270 1669 5340 ποτηρίου
1709 5271 1809 5324 οὐκ

247 5349 467 5408 ἀλλοιοι·
495 5359 612 5413 ἐπεὶ
645 5357 779 5428 μηδὲ
811 5357 1000 5427 ἕτερόν
1057 5375 1108 5412 τι
1145 5359 1298 5429 παρά
1342 5360 1403 5413 τὸ
1463 5360 1608 5432 ὕδωρ
1661 5364 1802 5420 ἐστί.

247 5441 490 5503 Βάλλεται
523 5451 580 5504 δὲ
643 5453 724 5513 είς
791 5450 1171 5522 πληροφορίαν
1219 5451 1314 5507 τοῦ
1373 5450 1513 5507 εἶναι
1566 5454 1806 5519 ζωοποιά

247 5533 308 5585 τὰ
332 5538 591 5604 ῥεύσαντα
627 5542 735 5596 ἀπὸ
763 5543 863 5612 τῆς
881 5543 1043 5610 ἁγίας
1077 5541 1322 5613 πλευρᾶς
1351 5545 1448 5598 τοῦ
1489 5547 1695 5619 Κυρίου
1713 5548 1809 5600 καὶ

249 5625 371 5681 Θεοῦ
393 5635 482 5687 καὶ
505 5636 756 5706 Σωτῆρος
784 5635 941 5705 ἡμῶν
987 5633 1165 5702 Ἰησοῦ
1223 5636 1486 5707 Χριστοῦ,
1515 5639 1656 5690 κοιτά
1717 5638 1808 5691 τὸν

251 5724 427 5792 καιρὸν
455 5730 546 5784 τοῦ
570 5729 842 5800 σωτηρίου
873 5728 1078 5792 πάθους
1109 5729 1298 5794 αὑτοῦ,
1324 5730 1382 5782 τὸ
1399 5725 1535 5800 αἷμα
1560 5730 1806 5800 δηλονότι

253 5813 337 5868 καὶ
365 5817 420 5872 τὸ
444 5818 612 5895 ὕδωρ·
654 5822 812 5878 ἅτινα
844 5819 1174 5892 ἐξέρῤευσαν
1211 5821 1399 5886 ζέοντα
1443 5821 1517 5887 ὡς
1550 5824 1611 5876 ἐκ
1665 5822 1801 5886 ζωο-

1906 4627 2118 4674 coactte
2148 4621 2203 4675 in
2236 4617 2426 4674 Trullo
2463 4617 2642 4688 magni
2677 4616 2886 4688 palatii,
2922 4614 3250 4685 depositioni
3310 4613 3486 4683 subji-

1907 4712 2027 4765 ciat
2067 4726 2187 4775 eos,
2241 4710 2335 4778 qui
2382 4709 2628 4764 divinum
2675 4716 2731 4763 et
2770 4715 3024 4762 sanctum
3077 4706 3333 4776 poculum
3375 4721 3486 4764 non

1907 4808 2238 4855 consecrant
2266 4815 2331 4853 ex
2363 4801 2492 4854 vino
2517 4809 2571 4853 et
2607 4812 2750 4869 aqua
2782 4813 2798 4863 ;
2828 4797 3131 4854 basrcsiotae
3174 4795 3340 4866 aliqui
3377 4811 3487 4849 non

1907 4892 2192 4961 patiuntur
2225 4891 2459 4946 calidam
2493 4889 2704 4945 infundi
2735 4890 2791 4944 in
2839 4900 3090 4945 sanctum
3141 4896 3194 4944 et
3238 4887 3486 4942 divinum

1907 4982 2202 5050 poculum,
2259 4981 2419 5048 Quia,
2485 4983 2768 5052 inquiunt,
2819 4981 2888 5036 de
2943 4996 3010 5036 eo
3087 4977 3222 5038 nihil
3276 4993 3490 5033 canone

1910 5075 2364 5145 comprehensum
2423 5081 2530 5130 est.
2587 5074 2835 5130 Audiunt
2893 5081 3100 5137 autem,
3187 5070 3488 5126 ferventem

1908 5176 2101 5224 sancto
2157 5166 2412 5238 sanguini
2457 5166 2722 5230 additam,
2775 5165 3034 5221 unionem
3077 5178 3231 5232 aqua:
3269 5168 3323 5214 et
3377 5158 3490 5211 vini

1909 5262 2087 5319 sancti
2149 5261 2340 5316 calicis
2386 5275 2495 5314 non
2550 5267 2787 5322 mutare,
2843 5259 2974 5330 quia
3042 5261 3240 5325 praeter
3289 5262 3490 5317 aquam

1911 5354 2049 5410 nihil
2075 5360 2158 5409 est
2185 5353 2353 5408 aliud.
2384 5351 2697 5406 Infunditur
2739 5359 2946 5415 autem,
3002 5356 3061 5402 ut
3107 5343 3321 5398 viviﬁca
3365 5355 3496 5394 esse

1909 5455 2145 5510 constet,
2175 5463 2296 5518 quae
2325 5447 2500 5503 ﬂuunt
2525 5462 2556 5502 e
2586 5456 2773 5502 sancto
2801 5445 2970 5498 latere
3001 5435 3238 5498 Domini,
3271 5439 3326 5487 et
3357 5432 3495 5496 Dei,

1911 5552 1964 5596 et
1998 5539 2307 5594 Servatoris
2343 5539 2515 5593 nostri
2539 5535 2666 5592 Iesu
2698 5534 2922 5592 Christi.
2952 5539 3198 5594 tempore
3227 5521 3498 5578 salutaris

1909 5631 2182 5702 passionis
2241 5632 2403 5702 ejus,
2450 5630 2768 5700 sanguinem
2827 5622 3076 5702 videlicet
3135 5623 3190 5670 ct
3251 5626 3501 5680 aquam.

1911 5741 2031 5795 quae
2086 5721 2348 5777 ferventia
2393 5722 2736 5785 cllluxcrtmt,
2767 5699 2916 5770 Velut
2967 5727 3034 5767 ex
3080 5705 3301 5761 νίνὶίὶοο
3341 5702 3507 5756 (ἲοὶίίο

1913 5827 2038 5874 cato
2075 5832 2303 5887 corpore
2353 5814 2588 5871 viviﬁca.
2621 5813 2723 5880 Qui
2761 5810 2842 5868 sit:
2891 5807 3058 5876 igitur
3094 5815 3208 5856 ιιοη
3262 5797 3506 5859 fufium.
