3822 6564
412 357 546 425 1051

1709 350 1849 412 JUS
1888 347 2332 410 CANONICUM

3536 347 3646 416 1052

408 485 513 527 nec
544 468 669 523 inde
717 465 966 521 miraculi
1005 463 1358 535 magniﬁcam
1401 461 1855 533 magnitudinem,
1889 461 1986 518 sed

2109 463 2246 517 τοιοῦ
2277 461 2652 533 τεθεωμένου⁹
2676 461 2928 534 σώματος
2993 461 3258 526 ζωοποιά.
3309 463 3376 516 Oi
3429 463 3560 531 γοῦν
3589 470 3644 539 μὴ

406 574 548 629 aqua
597 557 795 630 frigida
833 557 1072 626 vinoque
1100 562 1333 610 utuntur
1381 554 1440 610 in
1487 554 1805 610 divinarum
1861 569 1989 611 san—

405 653 799 708 ctilicationum
845 650 1304 720 participatione;
1358 662 1468 704 non
1511 648 1755 704 credunt
1820 649 1987 704 etiam

2088 554 2372 618 ποιοῦντες
2401 553 2565 620 οὕτω,
2617 553 2716 608 καὶ
2776 553 2839 608 τὸ
2887 552 2980 607 τοῦ
3040 553 3322 623 θαύματος
3371 554 3649 611 κάντεῦθεν

2087 647 2486 718 μεγαλύνοντες
2513 646 2768 716 μέγεθος,
2806 646 2944 701 ἀλλά
2973 645 3063 700 διὰ
3090 645 3302 718 ψυχροῦ
3337 645 3537 710 ὕδατος
3576 652 3649 704 καὶ

405 755 533 814 post
587 744 883 800 salutarem
944 741 1158 797 Domini
1220 753 1452 798 mortem
1527 749 1720 798 sancto
1771 741 1988 811 corpori

2109 737 2233 791 πίνου
2276 739 2377 809 τὴν
2423 739 2530 792 τῶν
2584 739 2747 792 θείων
2791 737 3112 810 μυστηρίων
3166 737 3454 800 ποιοῦντες
3507 742 3650 808 μετὰ.

409 839 530 908 ejns
594 837 776 893 inesse
831 835 1132 901 deitatem,
1199 835 1292 892 sed
1360 835 1428 889 ab
1485 849 1552 890 eo
1604 834 1986 902 abscessisse,

407 944 644 999 esseque
689 926 1003 998 cuiusmodi
1060 936 1246 981 nostra
1290 941 1544 998 corpora.
1593 927 1731 993 Quae
1777 942 1991 998 magna

411 1020 642 1074 haresis
692 1026 778 1074 est
825 1017 1075 1087 nugatio.
1111 1017 1342 1088 Magnus
1386 1017 1533 1072 enim
1573 1016 1718 1072 inter
1768 1025 1991 1074 sanctos

409 1111 654 1167 Joannes
704 1110 1108 1178 Damascenus,
1143 1110 1205 1166 In
1237 1110 1511 1180 sepulcro,
1554 1110 1754 1181 inquit,
1796 1126 1992 1181 corpo-

413 1203 645 1257 raliter:
685 1202 739 1256 in
785 1200 1003 1256 inferno
1050 1213 1230 1258 autem
1271 1217 1395 1256 cum
1437 1203 1642 1269 anima,
1691 1210 1750 1258 ut
1799 1201 1987 1261 Deus:

414 1294 468 1348 in
503 1293 759 1364 paradiso
791 1287 920 1350 vero
959 1309 1083 1351 cum
1110 1296 1342 1360 latrone,
1381 1304 1435 1349 et
1474 1296 1530 1350 in
1563 1295 1764 1351 throno
1813 1297 1988 1364 fuisti,

411 1385 648 1453 Christe,
703 1402 828 1442 cum
869 1387 1029 1443 Patre
1077 1399 1133 1443 et
1182 1388 1430 1457 Spiritu,
1485 1389 1671 1444 omnia
1733 1389 1990 1459 implens,

409 1477 503 1546 qui
533 1477 1042 1549 incircumscriptus
1057 1493 1134 1534 es.
1154 1477 1256 1545 Qui
1280 1478 1444 1550 igitur
1469 1479 1714 1534 divinum
1734 1481 1991 1550 poculum

391 1551 556 1638 [aqua
597 1570 844 1627 fervente
874 1588 981 1626 non
1005 1581 1352 1641 consecrant,
1375 1581 1436 1628 ut
1466 1572 1768 1629 hicresiotze
1787 1587 1817 1628 e
1844 1579 1994 1630 sorte

411 1661 847 1718 orthodoxorum
881 1665 1246 1735 expcllentur.

487 1932 658 1989 Inter.
714 1935 800 1990 i9.
855 1936 1123 1992 Sacerdos
1187 1936 1466 1992 saeularis
1505 1943 1720 1990 rectene
1779 1933 1997 1988 confes-

416 2028 604 2083 siones
636 2027 941 2098 aliquorum
977 2028 1259 2082 hominum
1288 2044 1411 2083 cum
1446 2028 1717 2099 permissu
1749 2025 1994 2098 episcopi

417 2119 703 2188 suscipiet,
736 2135 920 2174 annon
942 2119 963 2172 2

490 2207 613 2262 Res.
653 2209 831 2263 Divini
859 2225 1122 2275 canones,
1153 2211 1248 2280 qui
1296 2213 1700 2267 confessionem
1747 2212 1985 2266 reconci-

419 2301 661 2356 liationis
737 2302 1119 2356 sacerdotibus
1189 2319 1314 2357 cum
1372 2304 1668 2374 episcopali
1737 2305 1897 2358 venia
1968 2304 1996 2344 ιι

419 2393 788 2458 committunt,
823 2394 994 2448 multo
1026 2394 1368 2464 antiquiores
1409 2405 1538 2450 sunt
1577 2406 1765 2451 sancto
1790 2393 2000 2450 Pacho-

420 2483 551 2547 mio,
575 2483 669 2554 qui
704 2484 904 2555 dignus
931 2485 1154 2540 habitus
1183 2495 1290 2553 est,
1319 2497 1374 2540 ut
1408 2502 1504 2556 per
1531 2487 1796 2542 visionem
1833 2502 1999 2557 ange-

422 2576 583 2630 licam
629 2578 1028 2632 monachorum
1080 2578 1325 2632 habitum
1363 2579 1596 2635 videret.
1629 2580 1995 2646 Quamobrem

419 2658 819 2722 monachorum
859 2683 1132 2739 nusquam
1163 2669 1557 2734 meminerunt,
1587 2671 1681 2724 sed
1711 2671 1998 2741 presbyte-

419 2775 608 2816 rorum
658 2761 1001 2830 simpliciter.
1048 2761 1356 2832 EpiscOpali
1410 2779 1539 2833 ergo
1581 2763 1792 2833 judicio
1841 2765 1998 2820 laicis

419 2852 803 2909 sacerdotibus
826 2855 918 2924 jus
941 2855 1304 2910 confessionis
1325 2865 1568 2925 potestas
1589 2857 1924 2912 concedetur
1947 2867 1994 2922 ο,

417 2952 476 3000 et
507 2960 604 3014 per
635 2961 755 2998 eam
787 2946 1161 3002 reconciliatio
1189 2949 1598 3014 poenitentium.

493 3035 659 3092 Inter.
693 3037 782 3092 20.
817 3038 898 3092 An
927 3038 1047 3094 sine
1076 3038 1396 3109 praajudicio
1433 3048 1714 3096 transeant
1742 3038 1996 3094 monachi

2087 831 2273 901 ληψιν,
2319 832 2379 885 ού
2435 831 2754 886 πιστεύουσι
2789 831 2884 886 καὶ
2929 832 3071 902 μετά
3129 831 3222 885 τὸν
3255 831 3531 903 σωτήριον
3575 833 3648 887 τοῦ

2089 924 2295 996 Κυρίου
2342 923 2574 979 θάνατον
2610 923 2762 996 παρά
2794 923 2874 994 τῷ
2915 924 3056 992 ἁγίῳ
3108 923 3328 993 σώματι
3359 923 3532 977 αὐτοῦ
3573 927 3650 996 τὴν

2087 1015 2320 1087 θεότητα
2352 1012 2518 1080 εἶναι,
2545 1015 2684 1069 ἀλλά
2705 1015 3020 1084 ἀποστῆναι
3049 1014 3113 1068 ὲκ
3137 1013 3354 1078 τούτου,
3409 1015 3504 1067 καὶ
3533 1012 3649 1072 εἶναι

2090 1109 2233 1162 κατά
2263 1111 2331 1162 τά
2361 1107 2606 1180 ἡμέτερα
2631 1106 2882 1180 σώματα.
2912 1107 3088 1177 Ὅπερ
3125 1107 3374 1178 μεγάλης
3405 1107 3646 1177 αἱρέσεώς

2092 1203 2209 1256 ἔστι
2248 1200 2568 1274 φλυάρημα.
2609 1201 2670 1257 '0
2717 1203 2825 1272 γὰρ
2857 1201 3030 1272 μέγας
3059 1203 3116 1255 ὲν
3149 1200 3331 1270 ἁγίοις
3368 1200 3650 1271 Ἰωάννηςὸ

2093 1295 2474 1366 Δαμασκηνὸς,
2525 1295 2614 1348 Ἐν
2661 1294 3024 1366 τάφῳ(φησὶ)
3052 1292 3385 1363 σωματικῶς
3412 1310 3426 1323 ⁸
3477 1295 3539 1346 ἐν
3573 1293 3650 1367 ἅδῃ

2092 1386 2170 1452 δὲ,
2203 1386 2338 1456 μετά
2370 1385 2571 1455 ψυχῆς,
2615 1385 2693 1449 ὡς
2738 1386 2903 1448 Θεός·
2943 1387 3002 1438 ὲν
3053 1385 3373 1457 παραδείσῳ
3412 1385 3495 1448 δὲ,
3535 1390 3646 1456 μετὰ

2093 1477 2291 1548 λῃστοῦ
2313 1495 2326 1508 ·
2349 1479 2443 1531 καὶ
2463 1479 2522 1530 έν
2541 1477 2712 1548 θρόνῳ
2735 1477 3000 1548 ὑπῆρχες,
3019 1477 3245 1548 Χριστὲν
3279 1476 3421 1547 μετὰ
3455 1479 3644 1547 Πιτρδς

2093 1569 2192 1623 καὶ
2225 1569 2546 1640 Πνεύματος
2572 1585 2587 1600 ο
2646 1569 2828 1624 πάντα
2883 1569 3131 1640 πληρῶν,
3160 1571 3188 1622 6
3230 1570 3650 1640 ἀπερίγραπτος.

2095 1661 2160 1715 Οί
2196 1659 2327 1729 γοῦν
2365 1660 2439 1732 μὴ
2469 1660 2556 1714 διὰ
2587 1660 2803 1724 ζέοντος
2825 1661 3019 1724 ὕδατος
3043 1660 3389 1724 τελειοῦντες
3431 1662 3496 1715 τὸ
3540 1662 3652 1716 θεῖον

2097 1755 2382 1824 ποτήριον,
2411 1754 2487 1817 ὡς
2517 1753 2862 1825 αἱρεσιῶται,
2894 1753 2996 1823 τῆς
3032 1751 3248 1823 μερίδος
3295 1751 3407 1805 τῶν
3465 1752 3654 1822 όρθοδό-

2104 1846 2212 1925 ξῳν
2246 1847 2382 1917 ὲκκη
2395 1847 2779 1918 ρυχθήσονται.

2185 1938 2509 2007 Ἐρώτησις
2539 1936 2628 1993 ιϐ’.
2689 1937 2890 2001 Λαῖκδς
2953 1938 3134 2009 ἱερεὺς
3180 1936 3322 2009 μετά
3373 1936 3655 2011 ἐπίτρθῖτῆς

2097 2031 2468 2100 ὲπισκοπικῆς
2487 2029 2668 2094 καλῶς
2684 2029 3003 2100 ὲξαγορείας
3029 2028 3334 2101 ἀνθρώπων
3363 2027 3531 2080 τινῶν
3552 2029 3656 2081 dva-

2099 2120 2328 2186 δέξεται,
2358 2121 2391 2191 ἢ
2430 2119 2489 2172 ού
2509 2137 2524 2185 ;

2182 2211 2314 2266 Ἄπι.
2346 2211 2411 2262 Oi
2454 2210 2587 2263 θεῖοι
2632 2210 2856 2274 κανόνες
2909 2209 3010 2280 τὴν
3047 2209 3376 2280 ὲξαγορείαν
3408 2209 3510 2277 τῆς
3540 2225 3650 2262 κατ-

2094 2304 2338 2372 αλλαγῆς
2369 2305 2479 2366 τοῖς
2509 2303 2714 2374 ἱερεῦσι
2785 2303 2923 2374 μετά
2957 2305 3278 2373 προτροπῆς
3305 2300 3654 2371 ἐπισκοπικῆς

2100 2394 2448 2464 ἀναθέμενοι,
2500 2395 2642 2449 κατά
2693 2394 2825 2448 πολὺ
2885 2393 3309 2465 προγενέστεροι
3363 2392 3462 2447 τοῦ
3527 2395 3655 2461 ἁγίου

2102 2488 2396 2557 Παχωμίου
2433 2487 2595 2552 εἰσιν,
2618 2485 2945 2551 ἀξιωθέντος
2979 2485 3111 2539 ἰδεῖν
3155 2486 3222 2539 δι’
3255 2484 3533 2545 ὀπτασίας
3571 2487 3654 2553 ἀγ-

2099 2578 2324 2647 γελικῆς
2344 2578 2405 2632 τὸ
2437 2578 2628 2648 σχῆμα
2659 2577 2770 2632 τῶν
2803 2577 3078 2648 μοναχῶν.
3101 2577 3200 2631 Διά
3231 2577 3344 2648 γὰρ
3377 2577 3538 2630 τοῦτο
3557 2579 3656 2632 οὐδὲ

2103 2671 2413 2742 μέμνηνταί
2437 2687 2541 2723 που
2584 2670 2856 2741 μοναχῶν,
2887 2670 3026 2725 ἀλλὰ
3041 2670 3435 2742 πρεσὸυτέρων
3470 2671 3654 2735 ἁπλῶς.

2101 2763 2256 2817 Κατά
2286 2762 2468 2834 κρίσιν
2502 2763 2634 2831 γοῦν
2665 2763 3029 2834 ὲπισκοπικὴν
3054 2765 3168 2827 τοῖς
3203 2764 3418 2828 λαῖκοίς
3445 2763 3658 2834 ἱερεῦσιν

2099 2853 2415 2924 ένδυνάμως
2435 2855 2869 2926 ἐπιτραπήσεται
2903 2857 3003 2926 τῆς
3025 2853 3350 2926 ὲξαγορεῖας
3371 2855 3431 2908 τὸ
3448 2855 3656 2919 δίκαιον,

2101 2947 2196 3000 καὶ
2224 2946 2315 3001 διὰ
2349 2947 2607 3018 ταύτηςή
2638 2948 2746 3001 τῶν
2778 2948 3188 3018 μετανοούντων
3219 2947 3566 3018 καταλλαγή.

2185 3036 2506 3105 Ἐρώτησις
2543 3037 2617 3091 κ’.
2663 3037 3218 3110 Ἀπροκριματίστως
3286 3039 3656 3110 μεταδαίνουσι

421 3145 486 3184 ex
523 3131 894 3200 monasteriis,
926 3132 1017 3188 ubi
1039 3132 1251 3188 detonsi
1283 3141 1434 3198 sunt,
1467 3134 1520 3188 in
1552 3135 1678 3202 alia,
1713 3135 1926 3191 necne?

2109 3130 2334 3200 μοναχοὶ
2355 3129 2412 3196 ἐξ
2442 3123 2518 3182 ὧν
2545 3130 2908 3214 ἀπεκὰρησαν
2942 3131 3328 3202 μοναστηρίων
3353 3131 3494 3201 πρὸς
3513 3130 3660 3201 ἕτερα

495 3312 620 3367 Res.
664 3311 720 3366 Si
749 3314 816 3378 is,
851 3315 944 3384 qui
977 3316 1119 3384 apud
1147 3315 1421 3371 hominem
1451 3318 1705 3388 deposuit
1724 3319 2000 3389 propriam

423 3403 850 3470 confessionem,
929 3407 1152 3475 implere
1233 3423 1356 3463 eam
1419 3411 1674 3479 cogitur,
1763 3425 2002 3480 quonam

425 3495 586 3549 modo
615 3496 708 3565 qui
759 3497 903 3566 apud
942 3496 1110 3552 Deum
1143 3501 1414 3568 deposuit,
1455 3502 1672 3571 cogitur
1710 3515 1869 3557 suam
1907 3502 2004 3557 de-

431 3587 755 3656 positionem
797 3588 1123 3645 infirmare?
1183 3590 1394 3647 Idcirco
1444 3601 1498 3647 et
1541 3592 1696 3662 juxta
1748 3604 2003 3663 quartum

428 3693 692 3734 canonem
727 3690 932 3736 sanetae
983 3692 1034 3738 et
1077 3685 1432 3740 meumcnicae
1470 3685 1664 3756 synodi
1699 3694 1902 3741 coactae
1949 3687 2005 3742 in

429 3773 633 3843 templo
659 3783 972 3828 sanctorum
1015 3775 1413 3846 apostolorum,
1466 3777 1750 3847 appellatur
1798 3779 1820 3832 ί
1866 3787 1920 3834 et
1947 3779 2003 3844 2,

431 3864 750 3919 nominatim
786 3865 900 3920 hrcc
929 3867 1400 3936 pronuntiantem,
1445 3866 1503 3922 Si
1548 3869 1673 3938 quis
1703 3871 2008 3926 monachus

428 3969 496 4008 ex
542 3954 766 4024 proprio
809 3953 1025 4026 fugiens
1055 3957 1412 4020 monasterio,
1447 3957 1502 4012 in
1541 3957 1688 4013 aliud
1726 3959 2010 4015 transierit

2103 3223 2471 3293 μοναστήρια,
2501 3223 2534 3291 ἢ
2555 3209 2654 3287 οὖς’

2184 3315 2308 3370 Ἁπ.
2358 3313 2485 3366 Ἐὰν
2538 3314 2568 3366 ό
2619 3312 2759 3382 πρὸς
2818 3311 3108 3384 ἄνθρωπον
3162 3315 3532 3383 καταθέμενος
3579 3313 3662 3383 τὴν

2101 3407 2308 3461 οίκείαν
2345 3405 2660 3474 ὁμολογίαν,
2719 3405 2966 3476 πληροῦν
3033 3407 3439 3476 ἀναγκάζηται,
3499 3406 3606 3468 πῶς
3638 3406 3663 3456 ὁ

2104 3499 2242 3569 πρὸς
2267 3497 2398 3552 Θεὸν
2428 3497 2825 3567 καταθέμενος,
2852 3498 3331 3570 ἀναγκασθήσεται
3349 3498 3451 3569 τὴν
3475 3500 3664 3551 οἰκείαν

2103 3589 2370 3658 ἀθετῆσαι
2399 3588 2723 3656 κατάθεσινς
2755 3591 2856 3644 Διά
2896 3607 2978 3648 τοι
3025 3591 3186 3644 τοῦτο
3217 3591 3313 3644 καὶ
3348 3591 3491 3643 κατά
3523 3591 3663 3643 τδνδ⁷

2107 3681 2308 3736 κανόνα
2336 3681 2436 3752 τῆς
2474 3683 2534 3736 ὲν
2563 3681 2643 3752 τῷ
2691 3682 2806 3751 ναῷ
2844 3682 2954 3736 τῶν
2985 3683 3157 3750 ἁγίων
3209 3683 3529 3736 ἀποστόλων
3585 3699 3667 3736 συ-

2109 3773 2312 3843 στάσης
2341 3774 2508 3841 ἁγίας
2537 3775 2630 3826 καὶ
2674 3774 3067 3844 οίκουμενικῆς
3113 3773 3357 3839 συνόδου,
3386 3773 3491 3842 τῆς
3533 3774 3668 3841 λεγο-

2111 3863 2280 3933 μένης
2309 3863 2359 3916 α¹
2398 3863 2495 3916 καὶ
2534 3861 2578 3932 β’
2613 3862 2706 3916 τὸν
2752 3862 2928 3916 ταῦτα
2979 3861 3248 3928 διεξιόντα
3278 3859 3484 3931 ῥητῶς,
3513 3860 3576 3912 Et
3599 3875 3669 3920 τις

2113 3955 2344 4024 μοναχὸς
2392 3955 2493 4026 τῆς
2554 3955 2694 4018 ίδίας
2733 3952 3052 4024 ἀποδράσας
3133 3952 3303 4023 μονῆς
3358 3954 3442 4015 είς
3475 3951 3669 4020 -ἒτερον

429 4045 511 4098 vel
538 4045 593 4099 ir:
617 4046 950 4100 mundanam
969 4046 1359 4102 habitationem
1391 4050 1699 4117 petulanter
1727 4052 1998 4122 ingressus

2114 4047 2397 4119 μεταπέσῃ
2429 4047 2814 4116 μοναστήριον,
2844 4045 2876 4116 ἢ
2913 4045 2996 4108 είς
3041 4044 3309 4113 κοσμικδν
3363 4043 3670 4112 εἰσκωμάσῃ

429 4133 636 4201 fuerit,
664 4136 867 4205 pariter
892 4145 946 4190 et
976 4137 1071 4206 qui
1099 4152 1223 4190 eum
1261 4140 1539 4209 exceperit
1577 4139 1648 4194 sit
1696 4156 1998 4196 excommu-

2110 4142 2338 4210 οἴκημα,
2374 4139 2638 4202 ὡσαύτως
2689 4157 2750 4193 τε
2799 4139 2896 4192 καὶ
2933 4137 2962 4190 ὀ
2999 4136 3190 4190 τοῦτον
3227 4135 3540 4206 δεξάμενος,
3582 4134 3673 4199 ἁφ-

431 4227 668 4294 nieatus,
703 4227 878 4283 donec
909 4227 956 4283 is
983 4229 1073 4298 qui
1112 4227 1272 4298 fugit,
1308 4238 1613 4286 revertatur
1641 4232 1695 4286 in
1727 4243 1998 4288 monaste-

2110 4233 2416 4302 ωρισμένος
2445 4233 2558 4303 εἴη,
2616 4231 2720 4295 ἕως
2750 4231 2817 4284 ἂν
2847 4231 2876 4284 ὁ
2901 4227 3199 4298 ἀποφυγὼν
3227 4226 3499 4298 ἐπανέλθῃ
3533 4226 3590 4290 ἐξ
3615 4220 3673 4296 ἧς

431 4320 596 4386 rium,
622 4336 654 4374 a
683 4336 794 4390 quo
829 4335 1116 4390 perperam
1159 4321 1383 4376 defecit.
1421 4323 1477 4378 Si
1531 4338 1660 4379 vero
1711 4326 1998 4395 episcopus

2113 4327 2305 4388 κακῶς
2373 4324 2600 4390 ἐξέπεσε
2658 4325 2852 4394 μονῆς.
2909 4323 2972 4376 El.
3025 4322 3280 4392 μέντοιγε
3319 4323 3350 4374 ὀ
3387 4319 3674 4378 ἐπίσκοπος

433 4413 645 4481 aliquos
683 4413 1001 4478 monachos,
1037 4415 1262 4484 pietatis
1286 4416 1481 4471 etvitaa
1516 4418 1823 4473 honestatis
1852 4419 1998 4472 testi-

2112 4419 2264 4482 τινὰς
2287 4418 2395 4471 τῶν
2419 4417 2667 4489 μοναχῶν
2696 4417 2787 4470 ἐπ’
2821 4415 3079 4486 εὐλαϐείᾳ
3103 4415 3202 4467 καὶ
3235 4413 3354 4484 βίου
3399 4411 3677 4482 σεμνότητι

435 4503 676 4560 monium
724 4504 1006 4570 habentes,
1035 4506 1090 4560 in
1147 4507 1295 4562 aliud
1329 4507 1718 4561 monasterium
1765 4509 1837 4563 ob
1885 4508 1998 4578 ejus

2116 4507 2603 4580 μαρτυρουμένους
2630 4508 2709 4571 είς
2743 4506 2930 4575 ἕτερον
2981 4504 3354 4573 μοναστήριον
3385 4502 3478 4554 ἐπὶ
3521 4514 3680 4552 κατα-

431 4597 888 4666 compositionem
915 4598 1152 4653 voluerit
1183 4598 1503 4664 transferre,
1545 4599 1628 4653 vel
1676 4600 1732 4654 in
1771 4601 1998 4656 munda-

2117 4601 2302 4656 στάσει
2332 4603 2430 4671 τῆς
2456 4600 2624 4670 μονῆς
2649 4599 2869 4670 θελήσει
2902 4593 3295 4665 μετακομίσαι,
3323 4594 3356 4662 ἢ
3389 4593 3472 4656 είς
3495 4606 3681 4660 κοσμι-

433 4701 564 4741 num
594 4687 928 4743 domicilium
961 4689 1032 4744 ob
1070 4692 1303 4745 salutem
1337 4689 1760 4745 inhabitantium
1812 4694 1998 4748 consti-

2116 4693 2220 4765 κὴν
2261 4692 2443 4746 οἰκίαν
2472 4692 2566 4745 ἐπὶ
2603 4689 2852 4760 σωτηρίᾳ
2879 4687 2990 4742 τῶν
3019 4686 3375 4740 ἐνοικούντων
3400 4683 3678 4752 δοκιμάσει

433 4791 608 4847 tuere,
658 4781 740 4836 vel
782 4783 912 4837 alibi
940 4782 1229 4856 .placuerit
1261 4796 1520 4852 praeesse,
1579 4784 1774 4840 horum
1825 4803 1998 4857 neque

2115 4786 2482 4855 καταστῆσαι,
2534 4781 2568 4852 ἢ
2621 4778 2887 4850 ἀλλαχόσε
2935 4777 3224 4847 εύδοκήσει
3279 4775 3678 4845 ἐπιστατήσειν

431 4885 802 4945 suseeptores,
854 4892 1034 4946 neque
1076 4877 1376 4932 monachos
1429 4879 1604 4948 culpae
1674 4894 1800 4937 reos
1853 4879 2006 4938 facit.

434 4969 536 5034 Qui
571 4970 735 5038 igitur
766 4969 886 5024 sine
940 4969 1234 5038 episcopali
1287 4971 1559 5039 permissu
1610 4979 1898 5028 transeunt
1951 4974 2007 5029 in

433 5049 542 5114 alia
581 5061 913 5116 monasteria
966 5075 1032 5112 ex
1091 5060 1179 5125 iis,
1213 5061 1307 5115 ubi
1354 5062 1496 5118 tonsi
1532 5073 1680 5127 sunt,
1730 5065 2012 5134 multoque

435 5155 610 5225 magis
652 5157 709 5209 in
767 5152 1057 5207 mundanis
1091 5151 1344 5211 domibus
1390 5167 1804 5221 conversantes,
1840 5167 1892 5212 et
1915 5157 2010 5228 qui

435 5262 532 5303 eos
591 5246 941 5314 suscipiunt,
995 5247 1340 5303 exterminati
1426 5259 1482 5304 et
1550 5249 2009 5306 excommunicati

435 5346 620 5401 erunt,
673 5336 850 5391 donec
905 5337 961 5393 in
1015 5340 1371 5405 monasteria,
1415 5341 1469 5396 in
1524 5343 1724 5413 quibus
1770 5356 2011 5398 conven-

436 5429 614 5484 tiones
645 5427 673 5469 ἀ
710 5427 974 5495 fecerunt,
1001 5430 1221 5488 fuerunt
1252 5433 1479 5490 reversi.

2114 4875 2320 4932 τούτων
2367 4873 2494 4928 οὕτε
2537 4873 2662 4937 τοὺς
2701 4869 3154 4941 ὑποδεχομένους,
3205 4867 3330 4922 οὔτε
3363 4870 3491 4932 τοὺς
3519 4883 3681 4938 μοναο

2119 4971 2249 5040 χοῦς
2293 4966 2587 5029 ὑποδίκους
2643 4966 2809 5019 ποιεῖ.
2866 4965 2932 5017 Oi
2987 4962 3120 5033 γοῦν
3173 4962 3298 5032 δίχα
3377 4960 3681 5031 προτροπῆς

2119 5061 2490 5130 ἐπισκοπικῆς
2523 5057 2943 5129 μεταδαίνοντες
2975 5055 3057 5118 είς
3078 5055 3241 5125 ἕτερα
3273 5053 3612 5124 μοναστήρια
3631 5049 3681 5113 ἐξ

2117 5149 2192 5210 ὧν
2228 5153 2612 5224 ἀπεκάρησαν,
2639 5149 2818 5218 πολλῷ
2846 5149 2904 5202 δὲ
2927 5147 3089 5201 πλέον
3131 5149 3212 5210 είς
3242 5144 3509 5216 κοσμικὰς
3559 5156 3682 5196 κατ·

2119 5247 2296 5311 οικίας
2325 5244 2718 5317 διατρίϐοντες,
2754 5243 2849 5296 καὶ
2870 5241 2920 5295 oi
2947 5240 3228 5311 δεχόμενοι
3263 5237 3505 5300 τούτους,
3538 5235 3682 5302 ﬁgam-

2119 5339 2372 5412 ρισμένοι
2398 5339 2494 5392 καὶ
2524 5336 2880 5408 ἀκοινώνητοι
2931 5333 3170 5397 ἔσονται,
3223 5331 3420 5402 μέχρις
3453 5327 3513 5382 ἂν
3557 5326 3681 5377 ὑποο

2119 5435 2428 5506 στρέψωσιν
2465 5432 2546 5498 είς
2571 5431 2640 5486 τά
2677 5427 3020 5502 μοναστήρια
3045 5427 3106 5483 ὲν
3130 5421 3215 5491 οἷς
3263 5423 3366 5488 τὰς
3411 5420 3674 5490 συνθήκας

2116 5526 2435 5581 δεδώκασιν.

1742 5702 1973 5758 VARle
2011 5700 2417 5758 LEC'l’lONES.

498 5792 526 5835 δ
552 5794 930 5853 “hortatione.
986 5807 1005 5836 ε
1034 5798 1301 5868 efﬁcaciter
1326 5796 1650 5855 conredctur.

1737 5798 1761 5836 ιι
1793 5808 1947 5866 pacta
1979 5799 2054 5853 rei
2075 5797 2398 5868 sponsiones.
