3948 6590
119 346 264 410 1053

1381 356 2090 422 ΟΗ.¹ΕΟΟ-ΒΟΜΑΝΗΜ.

3235 360 3376 426 1054

198 459 519 528 Ἐρώτησις
542 465 650 515 xa‘.
687 463 936 528 Ἔξεστιν
965 467 1044 532 είς
1067 467 1358 542 διαφόρους
1388 467 1684 541 ἐκκλησίας

1858 471 2212 543 Interrogatio
2231 471 2321 526 2|.
2342 471 2421 526 An
2445 468 2621 540 possit
2643 469 2766 540 quis
2795 468 2849 524 in
2870 468 3101 526 diversis
3125 471 3375 528 ecclesiis

115 549 470 623 κληρωθῆναί
497 566 641 618 τινα,
675 555 708 625 ἢ
744 554 839 622 06;

198 646 332 699 Ἀπί.
363 641 529 698 Εἶπεν
573 646 632 698 ὲν
675 646 1029 717 Εὐαγγελίοις
1055 652 1083 706 ὁ
1114 651 1336 723 Κύριος,
1376 651 1564 715 Οὐδεὶς
1601 651 1694 706 δύ-

111 753 278 790 ναται
303 736 426 790 δυσὶ
442 735 651 807 κυρίοις
675 737 969 796 δουλεύειν.
989 743 1098 796 Τοῦ
1115 744 1221 814 γὰρ
1239 744 1356 806 ἑνὸς
1381 742 1688 808 ἀνθέξεται,

112 831 207 883 καὶ
248 829 344 884 τοῦ
365 831 552 902 ἑτέρου
600 834 1026 904 καταφρονήσει.
1061 837 1224 892 Ὅθεν
1244 836 1338 892 καὶ⁸
1365 839 1393 890 ὁ
1423 844 1481 890 ιε’
1512 838 1692 891 κανὼν

110 925 212 992 τῆς
244 923 409 992 ἁγίας
451 923 549 978 καὶ
578 925 962 998 οίκουμενικῆς
997 927 1040 992 ζ’
1093 930 1311 982 συνόδου
1353 929 1526 984 ταῦτα
1552 927 1693 982 κατὰ

113 1017 271 1083 ῥῆμα
298 1014 544 1082 διέξεισι,
578 1016 856 1088 Κληρικδς
885 1018 1098 1073 ἀπὸτοῦ
1121 1021 1383 1090 παρόντος
1418 1021 1493 1092 μὴ
1522 1039 1694 1076 κατα-

111 1100 396 1154 ταττέσθω
471 1103 529 1157 ἐν
581 1104 732 1158 δυσὶν
803 1105 1148 1178 ἐκκλησίαις.
1203 1109 1532 1179 Ἐμπορείας
1586 1111 1694 1181 γὰρ

112 1192 208 1244 καὶ
250 1192 703 1264 αἰσχροκερδείας
764 1195 895 1249 ίδιον
929 1197 1106 1263 τοῦτο,
1142 1197 1235 1251 καὶ
1267 1198 1545 1268 ἀλλότριον
1597 1201 1694 1253 ὲκ-

115 1282 516 1354 κλησιαστικῆς
541 1285 849 1357 συνηθείας.
885 1287 1231 1360 Ἢκούσαμεν
1276 1290 1385 1361 γὰρ
1425 1291 1486 1354 ἐξ
1524 1290 1694 1361 αὐτῆς

111 1379 210 1447 τῆς
235 1381 526 1451 Κυριακῆς
559 1382 722 1450 ἁγίας
745 1382 951 1454 φωνῆς,
993 1384 1075 1438 δτι
1105 1385 1166 1438 οὐ
1203 1385 1428 1440 δύναταί
1456 1401 1541 1448 τις
1578 1386 1697 1439 δυσὶ

113 1473 327 1543 κυρίοις
357 1473 628 1529 δουλεύειν
659 1491 674 1507 ο
704 1477 739 1546 ἢ
785 1476 895 1548 γὰρ
947 1478 1040 1532 τὸν
1077 1479 1174 1533 ἕνα
1210 1480 1454 1549 μισήσει,
1478 1479 1572 1534 καὶ
1606 1479 1697 1534 τὸν

112 1567 304 1635 ἓτερον
349 1566 626 1637 ἀγαπήσει
669 1581 684 1597 ⁸
720 1569 754 1639 ἢ
804 1568 896 1622 τοῦ
939 1569 1058 1633 ἐνὸς
1103 1569 1413 1638 ἀνθέξεται,
1457 1571 1550 1624 καὶ
1602 1570 1696 1624 τοῦ

114 1656 308 1726 ἐτέρου
342 1660 771 1730 καταφρονήσει.
829 1661 1095 1726 Ἕκαστος
1117 1658 1232 1726 οὖν,
1263 1661 1405 1716 κατὰ
1430 1662 1530 1730 τὴν
1563 1663 1699 1716 ἀπο-

1789 562 2026 620 clericus
2056 563 2322 627 ordinari,
2357 577 2528 618 necne
2557 561 2581 615 ?

1860 652 1985 710 Res.
2022 653 2166 710 Dixit
2202 656 2254 709 in
2289 652 2596 726 Evangeliis
2645 653 2934 718 Dominus,
2983 651 3154 709 Nemo
3199 661 3375 723 potest

1792 742 2006 800 duobus
2032 743 2269 799 dominis
2287 745 2514 801 servire.
2546 742 2681 798 Nam
2701 743 2795 798 uni
2817 743 3135 807 adhaerebit,
3159 751 3214 798 et
3240 744 3376 799 alte-

1792 851 1912 892 rum
1965 837 2369 906 aspernabitur.
2418 835 2578 892 Unde
2633 843 2686 891 et
2740 851 2917 891 canon
2976 835 3044 891 15
3095 843 3301 891 sanctae
3324 843 3377 890 et

1795 926 2152 981 mcumenicze
2184 926 2216 980 7
2251 927 2442 998 synodi
2499 925 2615 981 iure
2671 925 2738 980 ad
2789 927 3011 981 verbum
3071 925 3372 996 exprimit:

1793 1018 2038 1075 Clericus
2072 1020 2140 1075 ah
2179 1019 2281 1075 hoc
2321 1019 2580 1090 deinceps
2617 1025 2862 1088 tempore
2905 1020 2959 1074 in
3017 1018 3232 1074 duabus
3281 1033 3376 1074 ec-

1795 1112 1978 1168 clesiis
2018 1128 2128 1167 non
2177 1111 2479 1168 collocetur
2514 1126 2528 1163 :
2561 1111 2666 1167 hoc
2695 1112 2839 1167 enim
2871 1118 2954 1166 est
2988 1109 3375 1182 negotiationis

1795 1214 1849 1262 et
1871 1205 2046 1275 turpis
2081 1205 2212 1260 lucri
2237 1203 2541 1275 proprium,
2581 1211 2635 1260 et
2666 1203 2736 1258 ab
2757 1203 3127 1260 ecclesiastica
3148 1217 3377 1257 consue-

1798 1293 1985 1350 tudine
2043 1293 2305 1351 alienum.
2349 1293 2434 1350 Ab
2485 1294 2602 1365 ipsa
2639 1293 2783 1349 enim
2813 1294 3027 1350 Domini
3062 1309 3192 1350 voce
3223 1296 3379 1352 audi-

1800 1384 2000 1449 vimus,
2026 1399 2134 1440 non
2161 1400 2322 1456 posse
2350 1387 2662 1456 quempiam
2693 1386 2910 1441 duobus
2933 1385 3171 1440 dominis
3203 1387 3376 1443 servi-

1801 1491 1860 1532 re
1887 1494 1902 1531 :
1938 1476 2022 1532 vel
2052 1491 2220 1531 unum
2251 1475 2377 1531 odio
2411 1476 2650 1544 habebit,
2677 1485 2732 1532 et
2751 1477 2982 1532 alterum
3017 1476 3202 1544 diliget
3234 1493 3250 1543 ;
3293 1478 3376 1532 vel

1803 1584 1971 1625 unum
1994 1569 2374 1639 amplectetur,
2393 1576 2446 1622 et
2462 1569 2693 1624 alterum
2716 1568 2972 1638 negliget.
2992 1565 3376 1638 Unusquisque

1801 1676 1954 1732 ergo,
1985 1669 2044 1716 ut
2082 1675 2187 1716 vox
2221 1669 2305 1716 est
2335 1660 2660 1730 apostolica,
2691 1660 2746 1715 in
2783 1675 2870 1726 eo,
2910 1661 2965 1714 in
3001 1674 3110 1730 quo
3149 1669 3375 1714 vocatus

115 1748 374 1820 στολικὴν
418 1749 625 1818 φωνὴν,
674 1753 732 1804 ὲν
786 1746 832 1820 ᾧ
883 1752 1111 1823 ἐκλήθη,
1160 1755 1216 1806 ὲν
1261 1753 1436 1824 τούτῳ
1491 1754 1696 1824 ὀφείλει

1809 1764 1909 1818 est,
1957 1753 2117 1809 debet
2163 1767 2408 1818 manere,
2459 1759 2512 1808 et
2559 1753 2613 1807 in
2669 1767 2776 1808 una
2822 1752 3065 1808 Ecclesia
3112 1751 3372 1807 assidere.

118 1816 342 1906 μένειν,
380 1816 474 1893 καὶ
539 1816 926 1912 προσεδρεύειν
981 1816 1040 1896 έν
1077 1816 1194 1915 ἰμιᾷ
1239 1816 1560 1917 Ἐκκλησία..
1612 1844 1692 1897 Τὰ

1809 1845 1927 1911 Quae
1947 1845 2091 1900 enim
2117 1853 2338 1916 propter
2365 1853 2524 1915 turpe
2549 1845 2762 1900 lucrum
2789 1844 2925 1900 ﬁunt
2956 1844 3008 1898 in
3040 1840 3378 1899 ecclesiasti-

115 1930 223 2001 γὰρ
278 1931 353 1986 δι’
395 1933 849 2006 αἰσχροκέρδειαν
882 1938 1144 2008 γινόμενα
1183 1939 1274 1992 ἐπὶ
1327 1939 1437 1992 τῶν
1491 1940 1694 2008 ἐκκλη-

115 2019 417 2078 σιαστικῶν
445 2029 809 2095 πραγμάτων,
837 2028 1094 2100 ἀλλότρια
1131 2029 1227 2083 τοῦ
1259 2029 1393 2083 Θεοῦ
1428 2031 1696 2098 καθεστῄ-

114 2131 267 2168 κασι.
302 2115 444 2186 Πρὸς
473 2116 531 2168 δὲ
556 2119 655 2188 τὴν
679 2120 771 2172 τοῦ
806 2119 922 2190 βίου
971 2121 1159 2175 τούτου
1187 2123 1379 2194 χρείαν
1406 2123 1697 2192 ἐπιτηδεύ-

117 2206 268 2273 ματὰ
326 2208 434 2260 είσι
477 2208 732 2279 διάφορα.
775 2211 866 2275 Ἐξ
905 2211 1085 2265 αὐτῶν
1123 2208 1217 2266 οὖν
1259 2211 1314 2264 εἴ
1335 2230 1416 2276 τις
1457 2213 1697 2284 βούλοιτο

115 2295 180 2349 τὰ
232 2297 470 2370 χρειώδη
525 2300 616 2354 τοῦ
687 2301 942 2372 σώματος
995 2305 1322 2376 ποριζέσθω.
1361 2305 1507 2374 Ἔφη
1535 2305 1698 2376 γάρὸ

127 2387 478 2453 Ἀπόστολος,
511 2391 644 2455 Ταῖς
668 2394 880 2462 χρείαις
901 2411 1002 2464 μου
1026 2396 1120 2449 καὶ
1149 2398 1261 2459 τοῖς
1286 2395 1404 2449 οὖσι
1423 2396 1540 2466 μετ’
1562 2394 1696 2465 ἐμοῦ

115 2480 471 2552 ὑπηρέτησαν
490 2486 545 2536 αί
563 2486 739 2556 χεῖρες
757 2481 938 2541 αὗται.
955 2489 1385 2560 Παρατηρητέον
1402 2484 1493 2543 οὖν
1511 2489 1580 2543 τά
1605 2489 1698 2542 τοῦ

1800 1937 1880 1992 eis
1916 1935 2173 2006 negotiis,
2205 1949 2268 1992 ea
2303 1949 2333 1989 a
2364 1934 2472 1992 Deo
2503 1943 2632 1991 sunt
2661 1936 2858 1990 aliena.
2892 1933 2972 1989 Ad
3006 1931 3171 2004 hujus
3195 1939 3376 1986 autem

1801 2030 1926 2084 vitae
1951 2043 2108 2084 usum
2141 2035 2269 2084 sunt
2296 2028 2512 2084 diversa
2543 2027 2742 2084 studia.
2770 2026 2849 2082 Ex
2886 2027 2954 2082 iis
2982 2039 3134 2096 ergo,
3175 2025 3222 2081 si
3254 2023 3380 2095 quis

1797 2121 1948 2186 velit,
1975 2135 2038 2175 ea
2065 2135 2186 2190 quae
2207 2129 2336 2176 sunt
2359 2124 2575 2190 corpori
2594 2120 2659 2174 ad
2685 2134 2842 2175 usum
2875 2117 3200 2181 necessaria,
3229 2131 3380 2172 com-

1802 2220 1974 2280 paret.
2013 2209 2158 2264 Dixit
2191 2210 2338 2266 enim
2381 2209 2700 2280 Apostolus,
2744 2207 2949 2264 Usibus
2991 2207 3147 2272 meis,
3185 2214 3240 2261 et
3305 2206 3374 2261 iis

1805 2303 1898 2373 qui
1931 2317 2143 2358 meeum
2193 2308 2342 2367 sunt,
2381 2301 2934 2356 subministraverunt
2977 2312 3174 2352 manus
3223 2311 3377 2352 meae.

1802 2393 2214 2451 Observandum
2252 2394 2439 2464 igitur,
2484 2403 2542 2446 ut
2575 2393 2664 2446 hic
2709 2407 2886 2447 canon
2919 2391 3210 2446 inviolatus
3239 2403 3380 2445 con-

1803 2493 2054 2542 servetur
2086 2502 2099 2539 :
2133 2497 2328 2555 magna
2359 2485 2505 2539 enim
2548 2483 2649 2538 fuit
2682 2481 2846 2553 hujus
2880 2481 3237 2552 contemptio.

115 2573 262 2628 θείου
312 2576 503 2630 τούτου
541 2580 764 2643 κανόνος
807 2580 1186 2652 συντηρεῐσθαι
1213 2582 1470 2652 άπαρεγχ
1488 2579 1703 2651 είρητα⁹
1740 2577 1906 2648 πολλὴ
1938 2576 2048 2648 γὰρ
2076 2577 2299 2644 γέγονεν
2333 2574 2498 2628 αὐτοῦ
2535 2576 2961 2648 καταφρόνησις.

194 2666 514 2737 Ἐρώτησις
540 2667 657 2734 κβ.
712 2671 960 2742 ’Δρχαῖον
991 2671 1112 2736 ἔθος
1149 2673 1228 2736 είς
1258 2673 1358 2743 τὴν
1388 2671 1495 2726 τῶν
1539 2673 1694 2725 Ἀλε-

114 2754 390 2827 ξανδρέων
417 2759 688 2828 ἐκράτησε
719 2757 925 2832 χώραν,
956 2761 1081 2825 τοὺς
1122 2761 1488 2825 τελευτῶντας
1535 2763 1697 2832 ἱερεῖς

113 2849 209 2903 καὶ
239 2850 518 2921 ἀρχιερεῖς
543 2851 634 2905 διὰ
685 2852 846 2920 ἁγίου
874 2852 1048 2924 μύρου
1081 2853 1352 2924 χρίεσθαι,
1407 2855 1502 2908 καὶ
1541 2855 1700 2907 ἐντα-

114 2938 414 3008 φιάζεσθαι
445 2959 460 2974 ο
489 2944 582 2998 καὶ
603 2943 875 3015 ζητοῦμεν
904 2945 1096 3015 μαθεῖν
1121 2946 1170 2999 ει
1195 2945 1700 3016 ἀπροκριμάτιστον

113 3033 276 3088 τοῦτό
301 3036 475 3088 ἔστιν.

181 3126 313 3181 Ἀπ.
345 3126 713 3195 Εὑαγγελικόν
760 3129 879 3181 ἐστι
906 3128 1297 3198 παράγγελμα,
1323 3127 1471 3192 ἅπαξ
1505 3126 1699 3196 βαπτί-

115 3217 310 3281 ζεσθαι
331 3220 458 3282 τοὺς
498 3220 901 3284 πιστεύσαντας
950 3223 1029 3284 είς
1057 3220 1118 3275 τὸ
1148 3220 1324 3292 ὄνομα
1354 3220 1448 3274 τοῦ
1489 3218 1701 3289 Πατρδς

113 3307 327 3362 καὶτοῦ
350 3307 480 3362 Υἱοῦ
512 3310 608 3364 καὶ
635 3309 730 3363 τοῦ
757 3311 910 3377 ἁγίου
941 3311 1280 3382 Πνεύματος.
1307 3313 1406 3366 Διά
1437 3329 1520 3366 τοι
1544 3311 1701 3365 τοῦτο

113 3401 212 3454 καὶ
244 3403 273 3453 ὁ
311 3400 398 3470 μζ¹
445 3399 627 3457 κανὼν
669 3403 778 3456 τῶν
821 3403 994 3472 ἁγίων
1046 3405 1359 3460 ἀποστόλων
1385 3404 1560 3460 ταῦτά
1588 3421 1690 3475 φη-

115 3508 226 3556 σιν,
275 3491 606 3558 Ἐπίσκοπος
649 3494 682 3565 ἢ
729 3494 1102 3566 πρεσϐύτερος
1131 3497 1222 3550 τὸν
1258 3499 1402 3551 κατὰ
1436 3497 1702 3566 ἀλήθειαν

113 3583 311 3654 ἔχοντα
339 3583 624 3656 βάπτισμα
652 3586 748 3640 ὲάν
785 3587 993 3642 ἀνωθεν
1039 3588 1299 3661 βαπτίσῃ,
1346 3588 1498 3660 ἦτον
1533 3605 1703 3658 μεμο-

112 3674 387 3744 λυσμένον
417 3678 572 3747 παρά
618 3679 729 3730 τῶν
765 3678 980 3733 ἀσεόῶν
1010 3680 1085 3750 μὴ
1129 3680 1391 3753 βαπτίσῃ,
1421 3681 1704 3752 καθαιρεί-

115 3767 234 3822 σθω
261 3784 277 3798 ⁶
311 3767 388 3832 ὡς
421 3768 595 3838 γελῶν
643 3770 735 3824 τὸν
789 3771 1021 3844 σταυρὸν
1065 3773 1285 3826 καὶτὸν
1344 3772 1438 3826 τοῦ
1498 3772 1700 3842 Κυρίου

113 3861 370 3927 θάνατον,
406 3861 500 3916 καὶ
538 3862 614 3932 μὴ
643 3862 936 3934 διακρίνων
966 3864 1151 3935 ἱερέας
1178 3863 1559 3936 ψευδοῖερέων.
1592 3865 1703 3916 Καὶ

110 3953 138 4006 ό
190 3957 266 4022 ιη’
295 3953 480 4006 κανὼν
524 3954 624 4023 τῆς
662 3955 720 4008 ὲν
773 3955 1104 4027 Καρθαγὲνῃ
1152 3955 1368 4009 συνόδου
1418 3955 1589 4009 ταῦτα
1626 3955 1704 4008 δι-

111 4045 337 4110 έξεισιν,
376 4045 503 4098 Ἐάν
542 4063 624 4109 τις
655 4045 915 4118 κληρικος
937 4047 1547 4120 χειροτονῆται,όφείλει
1571 4047 1705 4101 ὑπο-

114 4139 528 4209 μιμνήσκεσθαι
568 4141 697 4203 τοὺς
723 4141 883 4210 ὄρους
929 4141 1220 4210 φυλάττειν
1261 4155 1275 4170 °
1313 4141 1406 4194 καὶ
1453 4141 1541 4194 ἵνα
1589 4143 1702 4204 τοῖς

111 4230 337 4298 σώμασι
366 4228 482 4282 τῶν
539 4229 920 4284 ἀποθανόντων
968 4230 1289 4302 εὐχαριστία
1322 4231 1398 4301 μὴ
1443 4231 1687 4298 διδῶται,

111 4319 255 4390 μηδὲ
289 4320 596 4390 βάπτισμα.
624 4322 688 4374 Οἱ
732 4320 864 4390 γοῦν
924 4321 1013 4375 διὰ
1066 4321 1239 4392 μύρου
1276 4323 1522 4392 χρίοντες
1574 4324 1700 4386 τοὺς

1876 2668 2234 2738 Interrogatio
2265 2666 2356 2722 22.
2388 2665 2558 2723 Vetus
2587 2665 2928 2722 consuetudo
2970 2666 3024 2719 in
3056 2664 3382 2719 Alexandri-

1805 2777 2000 2818 norum
2053 2762 2276 2831 regione
2331 2759 2588 2823 obtinuit,
2638 2767 2696 2812 ut
2741 2757 2940 2813 mortui
2984 2757 3297 2812 sacerdotes
3323 2763 3381 2811 et

1809 2855 2098 2926 pontiﬁces
2123 2861 2317 2907 sancto
2343 2861 2686 2921 ungerentur
2710 2857 3014 2921 unguento,
3037 2858 3091 2906 et
3124 2850 3195 2904 ita
3225 2864 3382 2916 sepe-

1807 2945 2060 2999 lirentur.
2107 2941 2192 2996 An
2233 2940 2365 2996 illud
2405 2949 2561 2997 extra
2605 2940 2982 3012 prtejudicium
3029 2939 3123 3004 sit,
3173 2939 3384 2993 discere

1724 3039 1769 3100 C
1802 3039 2075 3106 cupimus.

1872 3127 1995 3184 Res.
2026 3127 2410 3199 Evangelicum
2441 3133 2526 3182 est
2560 3133 2914 3195 praeceptum,
2947 3125 3114 3180 semel
3144 3139 3261 3189 eos,
3285 3125 3379 3195 qui

1802 3221 2175 3276 crediderunt.
2205 3220 2476 3291 baptizari
2507 3221 2559 3274 in
2589 3218 2808 3273 nomine
2834 3217 3034 3279 Patris,
3062 3226 3114 3271 et
3153 3215 3298 3282 Filii,
3325 3226 3382 3274 et

1804 3311 2046 3384 Spiritus
2073 3315 2273 3370 sancti.
2302 3312 2383 3368 Ob
2408 3325 2527 3367 eam
2555 3326 2672 3367 rem
2703 3319 2756 3366 et
2775 3309 2844 3367 47
2866 3324 3041 3366 canon
3065 3319 3379 3365 sanctorum

1804 3404 2181 3474 apostolorum
2226 3403 2340 3458 haec
2365 3403 2542 3472 inquit
2575 3420 2590 3455 :
2625 3399 2924 3471 Episcopus
2963 3399 3044 3456 vel
3075 3399 3382 3470 presbyter,

1801 3511 1949 3563 eum,
1969 3496 2201 3566 quivere
2225 3496 2386 3551 habet
2416 3494 2773 3564 baptismum,
2803 3493 2847 3546 si
2879 3491 2943 3546 de
2966 3493 3174 3562 integro
3207 3491 3386 3562 bapti-

1803 3589 2029 3654 zaverit,
2067 3590 2152 3644 vel
2177 3589 2221 3643 si
2245 3604 2393 3651 eum,
2419 3587 2513 3658 qui
2565 3586 2633 3641 ab
2664 3585 2846 3654 impiis
2869 3583 3110 3650 pollutus
3141 3592 3244 3648 est,
3273 3598 3385 3640 non

1813 3681 2193 3752 baptizaverit,
2222 3681 2546 3750 deponatur,
2582 3686 2641 3732 ut
2675 3678 2768 3747 qui
2802 3675 3028 3730 irrideat
3065 3686 3293 3731 mortem
3327 3683 3385 3732 et

1803 3791 2024 3831 crucem
2057 3774 2360 3837 Domini.ct
2384 3789 2490 3829 non
2516 3773 2794 3828 discernat
2823 3772 3136 3828 sacerdotes
3169 3785 3198 3824 a
3234 3769 3385 3823 falsis

1801 3866 2203 3923 sacerdotibus.
2255 3866 2317 3920 Et
2370 3865 2434 3919 l8
2487 3881 2664 3919 canon
2718 3863 2910 3935 synodi
2953 3862 3384 3930 Carhaginensis

1805 3959 1920 4013 haec
1979 3957 2235 4028 exprimit
2266 3973 2283 4012 :
2318 3953 2374 4010 Si
2429 3956 2554 4025 quis
2601 3955 2836 4010 clericus
2889 3953 3192 4015 ordinetur,
3227 3951 3385 4006 debet

1803 4049 2110 4112 admoneri,
2141 4059 2198 4102 ut
2221 4057 2403 4103 servet
2427 4047 2644 4102 decreta
2674 4062 2690 4109 ;
2723 4054 2858 4100 etut
2886 4052 3227 4097 mortuorum
3261 4055 3384 4094 cor-

1807 4142 2035 4213 poribus
2064 4139 2411 4195 Eucharistia
2447 4154 2556 4193 non
2589 4138 2768 4201 detur,
2793 4151 2894 4190 nec
2930 4134 3256 4204 baptismus.
3279 4129 3383 4194 Qui

1803 4235 1971 4304 igitur
2016 4240 2296 4304 unguento
2344 4231 2618 4286 dcliniunt
2661 4239 2906 4284 mortuos
2945 4225 3280 4286 sacerdotes,
3327 4230 3383 4276 et

1803 4327 2107 4398 pontiﬁces,
2147 4335 2238 4379 aut
2275 4326 2412 4379 alios
2451 4323 2699 4394 quosvis,
2741 4332 2794 4377 et
2825 4321 2906 4377 sic
2941 4319 3231 4390 sepeliunt,
3267 4329 3383 4369 ma-

105 4411 482 4476 τελευτῶντας
515 4413 680 4484 ἱερεῖς
724 4412 820 4466 καὶ
869 4413 1166 4483 ἀρχιερεῖς,
1204 4414 1238 4486 ἢ
1291 4413 1515 4482 ἐτέρους
1552 4415 1696 4478 τινὰς

1809 4429 1914 4487 gna
1945 4421 2074 4468 sunt
2118 4413 2481 4483 castigatione
2526 4411 2698 4479 digni,
2739 4410 2822 4464 vel
2872 4416 2932 4462 ut
2972 4408 3382 4462 contemnentes

106 4503 207 4556 καὶ
234 4503 412 4566 οὕτως
465 4503 905 4573 ἐνταφιάζοντες,
970 4504 1210 4574 μεγάλης
1265 4505 1374 4557 είσὶ
1429 4504 1704 4568 κολάσεως

106 4595 257 4660 ἄξιοι
285 4610 299 4624 ⁸
333 4593 366 4666 ἦ
397 4594 469 4658 ώς
495 4593 1000 4663 καταγινώσκοντες
1041 4593 1153 4649 τῶν
1197 4595 1571 4665 βαπτιζόντων
1603 4596 1697 4666 ὁρ-

105 4687 346 4753 θοδόξων
375 4687 596 4750 αὐτοὺς,
627 4687 660 4758 ἢ
703 4687 780 4750 ὼς
836 4687 910 4757 μὴ
965 4686 1337 4759 πληροφορίαν
1375 4687 1592 4758 ἔχοντες
1618 4691 1702 4744 ἐν·

101 4777 264 4846 τελῆ,
292 4779 406 4842 τοῖς
455 4777 757 4848 όρθοδόξοις
791 4775 930 4831 εἶναι
966 4777 1188 4842 τούτους
1237 4780 1550 4842 κοινωνοὺς,
1605 4778 1698 4834 καὶ

105 4871 218 4940 πρὸ
243 4869 627 4943 κατακρίσεως
661 4871 1100 4941 κατακρίνοντες.

194 4959 526 5030 Ἐρώτησις
583 4959 693 5030 κτν.
754 4960 1148 5032 Λελωϐημένος
1203 4961 1236 5032 ἢ
1291 4962 1696 5034 ἑτερόφθαλμος

102 5044 368 5118 ἀξιωθείη
394 5047 605 5118 βαθμοῦ
636 5049 948 5119 ίερατικοῦ;
976 5049 1011 5120 ἢ
1049 5053 1076 5104 ό
1105 5051 1244 5120 μετά
1271 5051 1370 5122 τὴν
1396 5053 1695 5124 ἱερωσύνην

101 5139 438 5209 καταπαθὴς
498 5139 761 5210 γεγονὼς,
819 5143 1023 5196 ὲσεῖται
1086 5143 1181 5195 καὶ
1222 5143 1361 5212 μετὰ
1415 5142 1477 5196 τὸ
1524 5143 1696 5210 πάθος

102 5230 440 5304 ίερουργῶν,
468 5231 502 5304 ἢ
534 5231 628 5299 06;

191 5328 328 5382 Ἀπ.
361 5327 472 5381 Καὶ
519 5325 706 5382 ἄλλοτε
746 5328 974 5397 εἴπομεν
1001 5326 1110 5382 ἀπὸ
1143 5326 1238 5382 τοῦ
1285 5327 1584 5383 Μωσαῖκοῦ
1610 5329 1694 5384 νό-

105 5435 211 5489 μου
245 5417 377 5482 τοὺς
397 5416 674 5482 τοιούτους
703 5419 782 5482 είς
811 5419 1114 5490 ἱερωσύνην
1140 5419 1216 5490 μὴ
1229 5420 1680 5490 ⁶νιροὸιϐάζεσθαι·

110 5508 175 5564 'O
198 5510 256 5563 δὲ
295 5508 372 5575 οξ*
400 5509 582 5564 κανὼν
614 5511 724 5564 τῶν
751 5511 920 5579 ἁγίων
948 5511 1042 5563 καὶ
1062 5512 1309 5582 πανευφή
1319 5529 1434 5581 μων
1459 5511 1687 5565 ἀποστό“’

101 5604 213 5658 λων
241 5602 418 5659 ταῦτά
447 5619 636 5676 φησιν’
672 5603 739 5657 Et
765 5621 847 5669 τις
884 5603 1162 5676 ἀνάπηρος
1271 5606 1362 5659 τὸν
1386 5604 1686 5673 ὀφθαλμὸν,

1809 4507 2169 4571 orthodoxos,
2214 4507 2306 4574 qui
2343 4521 2439 4560 eos
2473 4502 2819 4573 baptizarunt
2856 4519 2872 4565 ;
2931 4500 3014 4554 vel
3058 4505 3116 4552 ut
3166 4497 3380 4566 plenam

1809 4613 1918 4652 non
1950 4597 2217 4654 habentes
2265 4597 2726 4659 testiﬁcationem,
2759 4593 2903 4663 quod
2937 4593 2989 4644 hi
3033 4603 3156 4642 cum
3192 4585 3383 4640 ortho-

1807 4690 1964 4746 doxis
1986 4689 2192 4746 fuerint
2217 4689 2538 4760 participes,
2574 4695 2629 4742 et
2659 4693 2786 4741 ante
2813 4683 3082 4754 judicium
3122 4678 3382 4734 condem-

1808 4789 2026 4837 nantes.

1872 4965 2042 5020 Inter.
2085 4964 2178 5018 23.
2231 4961 2456 5015 Mancus
2495 4968 2590 5014 aut
2627 4957 2956 5013 monoculus
3014 4951 3384 5010 habebiturne

1803 5059 1974 5131 gradu
2007 5054 2332 5112 sacerdotali
2361 5052 2598 5122 dignus?
2620 5057 2714 5104 aut
2735 5049 2828 5120 qui
2858 5055 2981 5119 post
3011 5043 3386 5102 sacerdotium

1807 5151 2094 5207 mutilatus
2111 5157 2214 5213 est,
2241 5146 2662 5217 permitteturne
2706 5149 2830 5212 post
2849 5141 3042 5196 vitium
3071 5135 3386 5194 sacriﬁcare

1807 5256 1990 5297 annon
2015 5240 2039 5293 ί

1878 5333 1999 5387 Res.
2017 5330 2082 5384 Et
2103 5327 2234 5382 alibi
2258 5325 2519 5394 diximus,
2543 5327 2647 5382 bos
2671 5327 2736 5382 ad
2759 5321 3125 5382 sacerdotium
3151 5315 3382 5372 Mosaica

1813 5436 1913 5490 ege
1938 5434 2046 5472 non
2071 5414 2405 5486 promoveri.
2441 5413 2630 5469 Canon
2659 5422 2840 5468 autem
2873 5413 2940 5465 77
2971 5413 3291 5464 sanctorum
3325 5404 3384 5454 et

1800 5509 2218 5566 benedictorum
2277 5506 2650 5576 apostolorum
2691 5505 2807 5558 haec
2856 5502 2982 5554 ait:
3020 5497 3075 5550 Si
3128 5492 3251 5562 quis
3298 5495 3383 5543 vel

1803 5601 1967 5657 oculo
2031 5598 2260 5654 orbatus
2309 5597 2394 5653 vel
2441 5595 2650 5654 femore
2695 5595 2932 5651 oblacsus
2970 5600 3018 5656 ο,
3063 5585 3384 5656 episcopatu

1377 5697 1610 5755 VAerE
1651 5692 2057 5752 LECTIONES.

185 5799 211 5829 α
241 5791 318 5844 rel
365 5807 514 5845 cruce
563 5792 740 5846 [ιι-διιε.
