3948 6580
564 378 703 442 1055
1857 373 1998 436 JUS
2031 373 2117 433 CA

2234 373 2475 434 NICUM
3672 364 3793 432 1056

555 501 735 545 autem
762 487 959 556 dignus
991 485 1082 550 sit,
1116 486 1226 540 ﬂat.
1264 483 1382 539 Non
1416 482 1559 539 enim
1593 481 1844 554 corporis
1875 481 2114 536 damnun

2246 481 2279 552 ἢ
2310 481 2372 533 τὸ
2393 481 2582 544 σκέλος
2612 480 3018 552 πεπληγμένος,
3051 477 3198 545 ἄξιος
3227 479 3283 532 δέ
3316 479 3466 531 ἐστιν
3490 478 3796 550 ἐπισκοπῆς,

555 596 680 637 eum
719 579 931 650 polluit,
976 579 1069 634 sed
1117 579 1311 633 animm
1347 575 1674 647 inquinatio.
1727 576 1794 630 Et
1847 574 1916 628 78
1959 588 2114 628 canet

2238 573 2492 640 γινέσθω.
2525 575 2599 627 Ού
2627 575 2736 645 γὰρ
2766 573 2912 643 λώϐη
2947 571 3196 642 σώματος
3225 570 3391 624 αὑτὸν
3435 568 3654 638 μιαίνει,
3678 571 3792 624 ἀλλὰ

557 672 875 727 eoruutdem
937 681 1249 726 sanctorum
1301 670 1674 740 apostolorum
1721 668 1799 723 sic
1835 667 2116 736 loquitur,

2237 661 2415 733 ψυχῆς
2445 663 2736 732 μολυσμός.
2797 662 2904 716 Καὶ
2925 664 2954 715 ὀ
2981 669 3060 730 οη¹
3094 662 3275 715 κανὼν
3303 661 3414 714 τῶν
3442 660 3620 714 αὐτῶν
3645 661 3793 729 ἁγίων

559 762 662 828 Qui
691 769 872 816 autem
906 769 990 817 est
1016 761 1217 816 surdus
1253 771 1306 816 et
1345 774 1545 825 caecus,
1588 775 1656 814 ne
1715 759 1786 814 sit
1820 758 2114 828 episcopus

2239 753 2556 807 ἀποστόλων
2589 753 2730 805 οὕτω
2784 751 3027 818 διέξεισι,
3082 753 3277 820 κωφὸς
3321 751 3416 803 καὶ
3454 750 3671 820 τυφλὸς,
3723 752 3785 823 μὴ

559 869 668 908 non
702 862 761 908 ut
795 853 1052 925 pollutus,
1085 850 1179 906 sed
1222 866 1286 906 ne
1313 849 1691 905 ecclesiastica
1732 849 2109 918 impediantur

2239 843 2472 914 γινέσθω
2510 845 2808 908 ἐπίσκοπος
2834 861 2850 876 ·
2875 846 2974 915 οὐχ
3006 844 3084 906 ὡς
3136 841 3538 913 μεμιασμένος,
3591 841 3700 894 ἀλλ’
3726 844 3797 895 ἵνα

559 947 886 1014 Quicunque
917 945 1082 1015 igitur
1101 945 1420 999 morborum
1453 945 1762 1014 aliquorum
1803 943 1935 995 vitio
1963 941 2117 1011 probi

2244 936 2318 1005 μὴ
2347 933 2414 987 τὰ
2467 933 2892 1003 ἐκκλησιαστικὰ
2930 931 3436 1004 παρεμποδίζοιντο.
3464 931 3531 984 Ὃ
3551 947 3629 983 σοι
3645 932 3797 984 τοίνυν

562 1036 660 1090 biti
713 1034 917 1089 fuerint
967 1035 1388 1090 sacerdotalium
1421 1033 1686 1104 graduum
1724 1034 1849 1102 jura
1880 1032 2121 1102 exsequi.

2243 1027 2308 1080 ὲκ
2342 1025 2548 1090 πάθους
2581 1026 3033 1098 ἀρρωστημάτων
3075 1024 3238 1077 τινῶν
3268 1022 3564 1094 ίερατικῶν
3600 1021 3798 1092 βαθμῶν

563 1125 910 1182 ordinatione
939 1124 1086 1197 digni
1119 1141 1223 1180 non
1261 1125 1630 1180 habebuntur.
1670 1123 1771 1190 Qui
1803 1131 1983 1178 autem
2019 1138 2122 1192 pos

2242 1117 2483 1188 ἐνεργεῖν
2509 1117 2847 1170 κεκώλυνται
2880 1115 3064 1171 δίκαια
3094 1115 3434 1187 χειροτονίας
3465 1115 3567 1167 ούκ
3589 1113 3797 1184 ἀξιωθή-

560 1216 965 1271 ordinationem
1020 1216 1099 1272 sic
1147 1217 1287 1270 male
1336 1215 1517 1271 affecti
1559 1222 1711 1281 sunt,
1764 1229 1920 1270 sacra
1963 1213 2119 1269 facere

2245 1226 2448 1263 σονται.
2477 1210 2541 1262 Oi
2590 1209 2647 1262 δὲ
2676 1209 2813 1280 μετά
2860 1209 2957 1278 τὴν
3008 1206 3346 1278 χειροτονίαν
3371 1205 3517 1258 οὕτω
3565 1204 3795 1267 παθόντες

561 1306 753 1358 morbo
781 1319 887 1357 non
922 1303 1310 1370 impediuntur.
1345 1302 1413 1358 Et
1445 1305 1518 1358 ita
1554 1303 1827 1358 imbecilla
1856 1303 2120 1356 constitut

2243 1301 2453 1366 κακῶς,
2481 1301 2584 1353 οὐκ
2608 1299 2986 1371 ἐμποδίζονται
3021 1298 3110 1352 διὰ
3155 1298 3256 1367 τὴν
3293 1297 3449 1349 νόσον
3503 1295 3792 1365 ἱερουργεῖν,

565 1391 900 1458 valetudine,
957 1392 1128 1447 libere
1190 1393 1600 1448 sacrificabunt.
1661 1391 1753 1448 Dei
1798 1391 2124 1462 praeconibus

2244 1392 2340 1445 καὶ
2374 1391 2548 1455 οὕτως
2587 1391 2889 1463 ἀρρώστως
2938 1391 3177 1460 ἔχοντες.
3204 1386 3503 1448 ἀκωλύτως
3534 1387 3791 1456 ἱερουργή-

563 1484 706 1538 enim
755 1484 977 1553 placuit,
1024 1500 1119 1554 per
1153 1485 1554 1540 mutilationem
1581 1484 1831 1554 corporis
1859 1499 1888 1537 a
1933 1483 2122 1539 sacrill‘

2245 1501 2422 1540 σουσι.
2467 1485 2593 1548 Τοῖς
2645 1483 2753 1554 γὰρ
2789 1480 3111 1552 θεοκήρυξιν
3167 1479 3336 1543 ἔδοξε,
3383 1476 3476 1530 διά
3499 1477 3674 1544 λώὸην
3708 1478 3789 1528 σώ-

563 1575 778 1630 catiOue
828 1591 936 1629 non
991 1576 1268 1646 prohiberi
1309 1592 1658 1646 quemquam.
1693 1575 1848 1642 Quod
1894 1575 1940 1630 si
1969 1576 2122 1630 morb

2249 1594 2416 1647 ματος
2457 1576 2558 1646 τῆς
2587 1573 2897 1646 ἱερουργίας
2922 1573 3047 1628 τινὰ
3089 1572 3163 1642 μὴ
3193 1567 3524 1624 κωλύεσθαι.
3550 1568 3611 1619 El
3640 1567 3690 1619 δὲ
3710 1567 3789 1635 τῆς

563 1665 805 1720 debitum
825 1664 1007 1719 officio
1034 1665 1326 1721 sacerdotii
1352 1666 1424 1730 sit
1453 1666 1861 1736 impedimento,
1889 1679 2122 1719 exerceri

2248 1669 2518 1736 ίερατείας
2541 1667 2601 1720 τὸ
2623 1667 2942 1738 σπούδασμα
2966 1664 3246 1735 ἐμποδίζει
3263 1663 3364 1732 τῆς
3389 1659 3548 1712 νόσου
3569 1658 3629 1711 τὸ
3651 1659 3790 1727 bein-

565 1755 770 1810 desine’
789 1765 1082 1825 aegrotans,
1107 1771 1135 1809 a
1154 1755 1417 1825 dignitate
1441 1764 1622 1810 tamen
1644 1771 1749 1809 non
1781 1755 2124 1809 alienabitur

2249 1779 2343 1828 μα.
2396 1760 2494 1828 τῆς
2556 1759 2832 1830 ἐνεργείας
2879 1757 3222 1827 παυθήσεται
3287 1754 3316 1806 ό
3367 1751 3561 1814 νοσῶν,
3617 1749 3701 1802 τοῦ
3744 1749 3789 1801 δὲ

565 1847 698 1914 quin
757 1847 936 1916 potius
997 1846 1341 1902 miserandus
1391 1848 1518 1914 erit,
1581 1860 1644 1899 ac
1690 1847 1874 1915 priore
1927 1845 2124 1914 quiden

2248 1851 2556 1922 ἀξιώματος
2590 1838 2690 1904 οὐκ
2741 1849 3233 1920 ἀλλοτριωθήσεται
3260 1861 3275 1876 ⁸
3319 1844 3453 1898 ἀλλά
3499 1842 3690 1913 μᾶλλον
3720 1844 3791 1894 ol-

568 1939 773 1992 lmnore
805 1938 1039 2003 fruetur,
1065 1939 1287 1994 habebit
1320 1948 1497 1994 autem
1532 1939 1694 1993 etiam
1726 1953 1848 2007 qua:
1886 1938 1952 1990 ad
1979 1938 2127 1992 vitan

2249 1941 2697 2011 κτειρηθὴσεται,
2757 1941 2850 1994 καλ
2908 1938 3204 1993 ἀπολαύσει
3249 1935 3348 2005 μὲν
3397 1935 3499 2001 τῆς
3555 1933 3789 2002 προτέρας

567 2031 980 2085 sustentandam
1027 2029 1320 2094 sufﬁciant,
1350 2038 1405 2085 et
1447 2030 1677 2100 reliqua,
1715 2028 1867 2098 juxta
1907 2030 2126 2099 prioreu

2247 2034 2432 2102 τιμῆς,
2451 2033 2563 2097 ἔξει
2591 2033 2647 2086 δὲ
2675 2034 2769 2086 καὶ
2799 2032 2867 2084 τὰ
2895 2031 3029 2102 πρὸς
3050 2029 3376 2098 ζωάρκειαν,
3407 2025 3505 2079 καλ
3545 2023 3612 2078 τὰ
3642 2023 3788 2090 λοιπὰ,

569 2121 1050 2176 consuetudinem.
1935 2124 1946 2134 '

2249 2121 2391 2176 κατά
2416 2123 2514 2193 τὴν
2548 2122 2818 2192 προτέραν
2853 2120 3166 2190 συνήθειαν.
3687 2165 3689 2170 ,

640 2209 806 2263 Inter.
843 2209 932 2263 24.
969 2210 1050 2264 An
1083 2210 1360 2274 sacerdos,
1397 2219 1479 2265 vel
1509 2211 1776 2266 diaconus
1807 2248 1820 2272 .
1856 2215 1971 2266 sine
2001 2211 2147 2278 peri-

2330 2215 2654 2282 Ἕρώτησις
2687 2213 2795 2268 κδ’.
2845 2213 3168 2273 Ἀκινδύνως
3198 2211 3410 2278 γίνεται
3432 2207 3611 2278 ίερεῦς
3640 2206 3670 2275 ἢ
3702 2204 3791 2258 διὰ-

570 2301 694 2354 culo
724 2300 813 2354 ﬁat
847 2301 1268 2367 nummularius,
1299 2304 1378 2356 vel
1408 2303 1878 2369 commerciarius,
1911 2303 1994 2357 vel
2029 2317 2129 2358 me-

2248 2325 2404 2372 κονος
2433 2307 2830 2378 καταλλάκτης,
2878 2305 2911 2376 ἢ
2955 2302 3410 2375 κομμερκιάριος,
3455 2301 3489 2370 ἢ
3535 2297 3723 2369 ἰατρὸς,
3763 2295 3788 2366 ἢ

566 2393 744 2458 dieus,
773 2393 854 2449 vel
885 2393 1212 2464 astrologus,
1248 2395 1463 2450 necne?

2258 2398 2596 2468 ἀστρολόγος,
2625 2397 2656 2467 ἢ
2680 2396 2740 2450 οὖ
2764 2415 2780 2464 ;
3815 2391 3817 2394 ⁴

640 2482 759 2538 Res.
806 2485 997 2537 Canon
1033 2493 1352 2539 sanctorum
1382 2491 1436 2538 et
1467 2484 1615 2538 omni
1649 2485 1811 2540 laude
1856 2485 2145 2541 beatorum

2330 2489 2462 2542 ’Ax.
2511 2487 2569 2541 '0
2602 2485 2654 2551 ς’
2685 2483 2864 2538 κανὼν
2912 2483 3024 2537 τῶν
3080 2482 3250 2550 ἁγίων
3299 2480 3396 2535 καὶ
3451 2479 3790 2549 πανευφήμων

571 2573 946 2642 apostolorum
967 2615 980 2638 ,
1007 2573 1121 2628 haec
1150 2575 1325 2643 inquit
1349 2593 1361 2626 ε
1383 2573 1707 2644 Episcopus,
1725 2575 1808 2630 vel
1840 2575 2124 2645 presbyter

2249 2579 2560 2632 ἀποστόλων
2602 2577 2775 2631 ταῦτά
2806 2592 2996 2644 φησιν’
3057 2575 3410 2637 Ἐπίσκοπος,
3453 2573 3487 2642 ἢ
3529 2570 3791 2640 πρεσδύτε-

569 2664 652 2717 vel
689 2664 953 2720 diaconus
979 2667 1255 2720 seculares
1288 2680 1451 2720 curas
1481 2683 1586 2720 non
1615 2669 1881 2737 suscipiat
1905 2686 1920 2726 :
1942 2669 2124 2738 alioqu

2252 2687 2365 2742 ρος,
2394 2670 2427 2738 ἢ
2453 2669 2702 2731 διάκονος
2729 2666 3001 2738 κοσμικὰς
3022 2667 3311 2738 φροντίδας
3341 2663 3418 2734 μὴ
3451 2661 3792 2732 ἀναλαμϐανέ-

567 2755 892 2824 deponatur.
929 2755 1098 2811 Nemo
1128 2757 1271 2810 enim
1308 2765 1488 2827 potest
1517 2758 1734 2813 duobus
1761 2758 1999 2812 dominis
2031 2773 2126 2812 seri

2247 2782 2327 2818 τω
2351 2781 2364 2794 ·
2389 2767 2438 2817 εί
2463 2764 2518 2818 δὲ
2547 2765 2643 2836 μὴ.
2669 2763 3056 2835 καθαιρείσθω.
3083 2763 3284 2826 Ὀὐδεὶς
3314 2762 3426 2832 γὰρ
3450 2759 3659 2814 δύναται
3690 2759 3789 2810 δυσὶ

569 2846 705 2900 vire.
747 2845 814 2900 Et
849 2847 910 2902 81
958 2862 1131 2901 canon
1161 2847 1294 2902 dicit
1344 2864 1357 2901 :
1413 2847 1680 2915 Diximus,
1731 2865 1837 2902 non
1892 2856 2128 2918 oportert

2248 2856 2456 2926 κυρίοις
2478 2855 2767 2910 δουλεύειν.
2794 2856 2904 2909 Καὶ
2934 2858 2962 2909 ό
2988 2853 3078 2908 πα¹
3111 2854 3289 2908 κανὼν
3318 2847 3495 2919 εἶπεν,
3522 2852 3595 2904 ὅτι
3615 2851 3679 2903 Οὐ
3704 2849 3792 2918 χρὴ

570 2939 909 3008 episcopum,
952 2939 1034 2994 vel
1069 2939 1468 3010 presbyterum,
1508 2940 1745 3008 seipsum
1785 2938 1852 2994 ad
1896 2940 2129 3010 publica:

2249 2947 2612 3018 ἑπίσκοπονῆ
2653 2947 3025 3019 πρεσϐύτερον
3073 2945 3320 2999 καθιέναι
3366 2944 3558 2997 ἑαυτὸν
3602 2943 3672 3002 είς
3713 2939 3791 3008 δη-

571 3032 1079 3087 administrationes
1135 3032 1442 3093 demittere,
1497 3034 1591 3087 sed
1643 3035 1697 3086 in
1751 3033 2130 3088 ecclesiasticit

2252 3039 2517 3109 μοσιακὰς
2534 3039 2848 3109 διοικήσεις,
2879 3037 3014 3090 ἀλλὰ
3038 3036 3457 3108 προσευκαιρεϊν
3480 3035 3591 3094 ταῖς
3621 3029 3793 3099 smn.

572 3124 804 3194 negotiis
835 3127 1062 3179 versari.
1091 3126 1262 3180 Nemo
1319 3126 1465 3180 enim
1516 3134 1696 3196 potest
1723 3126 1940 3181 duobus
1971 3126 2131 3181 domi

2255 3134 2563 3194 σιαστικαῖς
2593 3130 2826 3202 χρείαις.
2857 3130 3046 3194 Οὐδεὶς
3083 3129 3190 3200 γὰρ
3220 3127 3446 3182 δύναται
3469 3128 3584 3180 δυσὶ
3606 3123 3789 3194 κυρίοις

573 3215 659 3271 nis
691 3217 921 3276 servire.
950 3217 1256 3272 secundum
1306 3218 1654 3273 Dominieum
1685 3218 1937 3274 verbum.

2178 3215 2224 3236 ν
2255 3222 2547 3282 δουλεύειν,
2581 3221 2723 3276 κατὰ
2753 3222 2852 3290 τὴν
2891 3221 3175 3293 Κυριακὴν
3210 3218 3603 3289 παραγγελίαν.

646 3307 743 3363 Vel
789 3325 918 3378 ergo
951 3310 1024 3363 ita
1069 3325 1178 3364 non
1219 3309 1394 3366 facere
1451 3311 1867 3381 persuadeatur,
1919 3311 2002 3366 vel
2053 3311 2153 3366 dr-

2327 3313 2393 3364 Ἦ
2429 3310 2698 3366 πειθέσθω
2729 3310 2820 3365 οὖν
2852 3311 3008 3364 τοῦτο
3039 3311 3113 3381 μὴ
3145 3311 3337 3373 ποιεῖν,
3373 3310 3406 3380 ἢ
3437 3303 3791 3375 καθαιρείσθω.

573 3409 834 3468 ponatur.
880 3400 946 3452 Et
997 3415 1175 3455 canon
1243 3402 1274 3455 6
1330 3401 1525 3472 synodi
1569 3401 2018 3473 Carthaginensis
2056 3401 2132 3457 de-

2255 3407 2366 3460 Καὶ
2404 3407 2431 3458 ὁ
2478 3402 2530 3469 ς’
2562 3404 2740 3459 κανὼν
2799 3405 2896 3475 τῆς
2930 3405 2988 3457 ὲν
3026 3402 3354 3474 Καρθαγένῃ
3402 3400 3613 3455 συνόδου
3648 3399 3792 3466 διορί-

577 3490 732 3556 finit,
784 3505 851 3546 ex
909 3489 1098 3544 infami
1136 3491 1241 3546 'vel
1292 3492 1440 3562 turpi
1495 3493 1712 3562 negotio
1768 3502 2017 3548 sacratos
2073 3493 2136 3547 vii

2255 3495 2448 3562 ζεται,
2511 3495 2619 3548 ἀπὸ
2681 3495 2878 3565 ἀτίμου
2950 3494 2982 3564 ἢ
3045 3493 3271 3564 αἰσχροῦ
3331 3493 3648 3564 πράγματος
3689 3489 3791 3550 τοὺς

574 3591 723 3636 ctum
771 3596 878 3635 non
925 3596 1263 3651 comparare.
1317 3583 1384 3637 Et
1421 3597 1596 3638 canon
1655 3582 1723 3636 10
1777 3584 2020 3652 ejusdem
2066 3599 2133 3654 sy

2257 3586 2585 3658 ίερωμένους
2633 3587 2838 3657 τροφὴν
2885 3585 2960 3656 μὴ
3017 3583 3355 3656 πορίζεσθαι.
3409 3583 3520 3638 Καὶ
3566 3581 3594 3634 ό
3641 3587 3669 3633 ι’
3712 3596 3790 3631 κα-

577 3689 612 3727 n
652 3672 706 3727 di
759 3673 826 3728 ad
882 3673 1258 3730 institutiones
1309 3690 1597 3744 puerorum
1647 3685 1698 3729 et
1745 3673 2136 3746 Scripturaruu

2256 3678 2363 3730 νὼν
2420 3677 2521 3747 τῆς
2580 3677 2750 3746 αὐτῆς
2820 3676 3038 3730 συνόδου
3099 3675 3234 3747 πρὸς
3289 3673 3632 3735 διδασκαλίας
3689 3669 3790 3723 παί-

579 3765 866 3820 lectienem
930 3763 1129 3820 debere
1187 3773 1410 3835 paratos
1464 3781 1587 3822 esse
1642 3766 1872 3820 clericos
1929 3766 2119 3822 definit

2255 3769 2361 3823 δων
2418 3771 2512 3822 καὶ
2561 3768 2869 3836 ἀνάγνωσιν
2919 3767 3152 3838 Γραφῶν
3199 3766 3451 3837 ἑτοίμους
3508 3761 3641 3817 εἴναι
3694 3761 3791 3821 τοὺς

578 3865 634 3909 et
673 3871 781 3911 non
838 3857 1126 3912 mundanis
1160 3865 1214 3912 et
1250 3857 1605 3913 saecularibus
1667 3857 1817 3914 euris
1871 3858 2130 3929 occupari

2259 3859 2552 3932 κληρικοὺς
2626 3859 2920 3929 διορίζεται
2949 3899 2964 3924 ,
3041 3859 3136 3913 καὶ
3212 3857 3286 3928 μὴ
3361 3859 3648 3925 κοσμικαῖς
3717 3853 3788 3905 καὶ

580 3949 676 4002 Est
709 3963 838 4003 vero
883 3949 1046 4003 etiam
1086 3949 1260 4019 jussio
1298 3949 1315 3988 ι
1372 3949 1558 4020 inclyti
1613 3950 1995 4020 imperatoris,
2058 3950 2139 4004 d0-

2260 3952 2541 4024 βιωτικαῖς
2603 3950 2877 4025 φροντίσιν
2931 3949 3357 4020 ἑνασχολεῖσθαι.
3403 3947 3561 4000 Ἐστι
3617 3947 3670 3999 δὲ
3723 3943 3791 3996 καὶ

582 4040 716 4095 mini
763 4039 1030 4096 Manuelis
1071 4040 1370 4107 Comneni,
1417 4041 1563 4097 edita
1612 4057 1801 4097 mense
1831 4039 2120 4095 Novembri

2261 4043 2590 4113 πρόσταγμα
2623 4042 2716 4096 τοῦ
2767 4041 3012 4112 ἀοιδίμου
3043 4040 3304 4111 βασιλέως
3353 4039 3544 4110 κυρίου
3579 4034 3791 4102 Mavoth

583 4132 776 4188 indict.
829 4135 916 4198 15,
953 4133 1022 4188 ad
1060 4133 1426 4202 quorumdam
1476 4134 1801 4190 clericorum
1851 4133 2142 4188 nummula.

2259 4133 2354 4188 τοῦ
2398 4134 2686 4205 Κομνηνοῦ
2713 4175 2728 4199 ,
2777 4133 3055 4204 ἐξενεχθὲν
3118 4133 3219 4203 μὲν
3271 4133 3413 4186 κατά
3469 4131 3611 4200 μῆνα
3656 4127 3791 4195 Νοέμ·

587 4225 788 4277 riorum
831 4223 1255 4292 suggestionem,
1310 4224 1590 4280 insinuata
1644 4225 1699 4278 in
1730 4231 1943 4280 secreto
1976 4224 2146 4278 dome-

2262 4227 2437 4299 6ptov,
2481 4227 2857 4297 ἑπινεμήσεως
2905 4231 2989 4288 ιε’,
3029 4225 3122 4278 ἐπὶ
3175 4225 3480 4295 ὑπομνήσει
3509 4222 3666 4276 τινῶν
3695 4220 3792 4287 κληο

585 4314 845 4368 sticorum
887 4315 934 4376 8,
998 4328 1185 4368 mense
1222 4313 1532 4378 Novembri,
1578 4315 1767 4371 indict.
1809 4315 1900 4382 15,
1945 4321 2000 4369 et
2049 4314 2144 4368 btet

2266 4317 2433 4388 ρικῶν
2476 4318 2899 4370 καταλλακτῶν·
2939 4315 3325 4386 καταστρωθὲν
3371 4314 3432 4367 ἑν
3472 4313 3550 4383 τῷ
3596 4310 3793 4380 σεκρέτῳ

585 4405 890 4475 expressim
945 4403 1313 4473 praecipiens:
1363 4403 1446 4458 Ad
1492 4418 1854 4473 quoscunque
1901 4418 2144 4474 pervene-

2263 4408 2372 4462 τῶν
2426 4407 2741 4472 οίκειακῶν,
2797 4407 2937 4461 κατά
2999 4406 3146 4476 μῆνα
3196 4405 3524 4475 Νοέμῦριον,
3573 4401 3794 4469 ἐπινεμή-

589 4500 701 4553 rint
730 4513 792 4556 ex
831 4495 1106 4564 emptione
1143 4494 1280 4550 tales
1323 4494 1813 4548 nummulariarum
1845 4507 2148 4549 mensarum

2267 4514 2404 4561 σεως
2475 4494 2572 4562 ιε’,
2638 4497 2732 4551 καὶ
2790 4495 2961 4549 ταῦτα
3029 4495 3206 4566 ῥητῶς
3275 4493 3791 4562 παρακελευόμενον·

588 4591 853 4654 taberna,
898 4586 1186 4656 imperium
1229 4601 1408 4639 meum
1441 4593 1760 4656 potestatem
1798 4585 1891 4639 dat
1921 4584 2147 4642 transfe-

2267 4590 2454 4653 Ὀσοις
2507 4587 2799 4659 περιῆλθον
2855 4589 2913 4654 ἐξ
2955 4587 3254 4657 ἀγορασίαις
3300 4587 3371 4640 τὰ
3421 4583 3642 4639 τοιαῦτα
3686 4596 3794 4634 κατ-

587 4678 741 4734 rendi
763 4694 858 4734 eas
886 4678 1248 4734 inhonestam
1276 4687 1332 4734 et
1365 4679 1664 4732 Romanam
1701 4693 2015 4748 personam,
2044 4694 2146 4748 qua

2263 4681 2564 4736 αλλακτικὰ
2626 4679 3054 4752 τραπεζοτόπια,
3103 4679 3316 4732 δίδωσιν
3361 4677 3546 4732 ἄδειαν
3586 4679 3618 4746 ὴ
3674 4675 3793 4746 βασι-

588 4769 1094 4826 occurrerit.\’obis
1123 4771 1293 4836 enim,
1317 4769 1517 4826 sacrati
1541 4785 1663 4824 cum
1692 4771 1836 4839 sitis,
1873 4771 2036 4827 talem
2073 4787 2147 4826 art

2266 4773 2385 4826 λεία
2412 4789 2512 4841 μου
2555 4772 2916 4842 ὲναλλαγῆναι
2947 4769 3121 4824 ταῦτα
3173 4771 3250 4833 εἰς
3297 4769 3440 4838 ὅπερ
3471 4769 3538 4824 ἂν
3564 4769 3791 4840 εὑρήσετε

590 4870 697 4918 tem
729 4879 980 4919 exercere
1013 4879 1122 4918 non
1160 4864 1323 4928 licet,
1369 4864 1497 4935 quia
1550 4879 1652 4919 nec
1689 4866 1920 4934 potestis
1959 4879 2149 4920 conve-

2270 4862 2526 4931 ἀξιόλογα
2555 4863 2646 4915 καὶ
2692 4861 2978 4931 Ῥωμαῖκά
3010 4861 3487 4932 πρόσωπα.’Υμᾶς
3512 4859 3638 4928 γὰρ,
3672 4859 3790 4925 ἱερω-

590 4955 761 5009 nienti
793 4956 1151 5024 castigatione
1200 4957 1470 5017 coerceri,
1497 4956 1542 5010 si
1573 4956 1701 5026 quid
1741 4965 1940 5026 praeter
1967 4955 2149 5025 praefe-

2275 4953 2469 5024 μένους
2506 4953 2666 5015 ὄντας
2715 4953 2816 5022 τὴν
2845 4951 3102 5021 τοιαύτην
3138 4953 3451 5020 ἐπιστήμην
3482 4947 3789 5018 μετέρχεσθαι

589 5041 816 5096 etoriam
859 5042 1233 5097 definitionem
1286 5043 1526 5110 faciatis,
1575 5059 1700 5100 cum
1755 5045 1878 5100 sitis
1935 5044 2138 5100 sacrati

2266 5045 2367 5099 οὐκ
2409 5045 2707 5116 ἐνδέχεται,
2749 5046 2832 5098 ὄτι
2865 5045 2986 5098 οὐδὲ
3029 5045 3254 5098 δυνατὸν
3292 5042 3700 5098 ἀναστέλλεσθαι
3726 5036 3787 5088 διὰ

591 5130 914 5201 Quicunque
949 5133 1112 5200 igitur
1143 5142 1378 5189 vestrum
1411 5137 1705 5207 emptione,
1733 5147 1792 5192 ut
1822 5137 2027 5192 dictum
2055 5146 2150 5202 est,

2263 5137 2634 5206 προσήκοντος
2706 5135 3110 5206 σωφρονισμοῦ,
3196 5135 3432 5205 ὁπηνίκα
3520 5151 3568 5186 τι
3626 5130 3784 5181 ποιεῖτε

594 5223 692 5278 has
745 5224 1124 5293 acquisierint,
1188 5226 1382 5296 dignas
1422 5231 1488 5282 ad
1528 5230 1842 5299 praefectum
1889 5228 2153 5284 adducant

2266 5230 2419 5300 παρὰ
2447 5229 2540 5282 τὸν
2573 5229 2875 5300 ὲπαρχικὺν
2927 5229 3176 5299 ὁρισμὸν,
3211 5228 3297 5280 διὰ
3325 5226 3386 5278 τὸ
3428 5221 3565 5279 εἶναι
3604 5217 3780 5291 ίερωμέ·

594 5331 882 5387 personas,
915 5323 1027 5371 tum
1061 5326 1119 5372 ut
1150 5318 1398 5373 admittat
1426 5336 1538 5384 eas,
1565 5329 1678 5374 tum
1710 5329 1769 5375 ut
1801 5323 2153 5377 mensularios

2271 5340 2416 5385 νους.
2451 5323 2606 5376 Ὅσοι
2633 5321 2726 5376 οὖν
2751 5321 2810 5387 ἐξ
2840 5321 2993 5392 ὑμῶν
3027 5320 3088 5385 ὲξ
3125 5320 3444 5391 ἀγορασίας,
3474 5319 3547 5382 ὡς
3591 5317 3779 5386 εἴρηται,

595 5422 697 5479 pro
732 5407 864 5479 ipsis
895 5410 1063 5479 gratis
1101 5416 1155 5465 et
1195 5409 1402 5480 absque
1434 5412 1838 5468 consuetudine
1875 5413 2154 5468 dationevc

2269 5413 2445 5467 ταῦτα
2470 5414 2760 5486 κέκτησθε,
2792 5414 3321 5486 προσκομισάτωσαν
3371 5411 3616 5479 ἀξιόλογα
3644 5404 3777 5474 πρόσ-

1891 5607 1977 5663 νΑ
1989 5605 2121 5662 [WE
2186 5606 2587 5664 LECTlONES.

692 5775 713 5814 ί
738 5773 984 5830 edictum.
1061 5777 1085 5816 ε
1117 5775 1338 5830 relatum
1373 5776 1421 5829 in
1455 5777 1790 5830 sccrrtariunt
1818 5793 1986 5830 rerum
2007 5776 2369 5845 privatarum:
