3948 6566
151 417 275 487 1057

1387 421 2093 490 GRECO-ROMANUM.

3239 431 3376 494 [058

143 549 255 591 ωπα
301 529 376 602 τῷ
410 529 670 601 έπάρχιρο
709 529 805 586 καὶ
835 529 922 586 ἴνα
947 531 1168 604 δέξηται
1201 531 1364 600 αὐτὰ,
1395 535 1494 588 καὶ
1521 553 1697 608 σφρα-

1815 539 1926 594 ulla
1986 537 2251 609 sigilleth.
2316 536 2459 592 Sane
2497 533 2566 592 36
2611 550 2787 593 canon
2830 534 3150 594 Laodicenae
3191 541 3388 610 synodi

143 626 256 696 γίσῃ
304 620 642 692 τραπεζίτας
699 621 817 674 ἀντ’
865 621 1069 686 αὐτῶν,
1134 621 1278 676 κατὰ
1320 624 1552 695 δωρεὰν,
1607 627 1702 680 καὶ

144 718 257 771 ἄνευ
286 712 576 783 συνηθείας
634 713 728 765 καὶ
769 711 969 776 δόσεως
1019 715 1374 784 οἱασδήτινος.
1413 717 1474 769 ⁸0
1519 717 1702 788 μέντοι

142 808 220 871 λς’
249 802 427 859 κανὼν
458 804 560 873 τῆς
597 804 656 856 ἓν
695 803 986 875 Λαοδικείᾳ
1031 806 1250 862 συνόδου
1295 806 1472 863 ταῦτά
1506 825 1694 880 φησιν,

139 899 209 953 ὅτι
269 895 341 947 Οὐ
403 894 489 947 δεῖ
545 895 856 965 ίερατικοὺς
908 895 941 966 ἦ
993 897 1306 968 κληρικοὺς,
1375 900 1583 970 μάγους
1662 899 1695 970 ἢ

141 987 407 1050 ἑπαοιδοὺς
436 981 600 1051 εἶναι,
635 985 669 1056 ἢ
703 985 1147 1058 μαθηματικοὺς,
1179 990 1213 1060 ἢ
1244 993 1626 1063 ἀστρολόγους.
1663 992 1699 1063 ἢ

144 1082 301 1133 ποιεῖν
345 1078 414 1130 τὰ
443 1077 715 1148 λεγόμενα
759 1080 1136 1152 φυλακτήριαο
1169 1081 1326 1138 ἅτινά
1353 1085 1459 1137 εἰσι
1487 1085 1699 1155 δεσμωο

141 1173 292 1241 τήρια
322 1167 431 1221 τῶν
455 1167 646 1238 ψυχῶν
689 1168 890 1224 αὐτῶν.
935 1171 1075 1235 Τοὺς
1129 1172 1187 1225 δὲ
1237 1173 1557 1244 φοροῦντας,
1623 1174 1701 1243 ῥί-

1812 631 1930 687 haec
1986 631 2063 686 ait
2100 645 2114 684 :
2146 629 2266 686 Non
2310 637 2522 699 oportet
2565 644 2686 692 eos,
2725 629 2819 699 qui
2864 638 2994 684 sunt
3034 632 3258 696 sacrati,
3303 631 3389 686 vel

1803 717 2013 783 clerici,
2042 731 2166 772 esse
2196 729 2406 787 magos,
2433 716 2518 771 vel
2544 715 2935 780 incantatores,
2974 715 3058 769 vel
3076 715 3377 770 anathema-

1805 809 1966 875 ticos,
2001 809 2084 864 vel
2113 808 2442 878 astrologos,
2487 806 2570 860 vel
2620 805 2802 861 facere
2846 819 2932 870 ea,
2966 821 3086 875 qua:
3120 805 3384 862 dicuntur

1805 900 2065 966 amuleta,
2113 915 2234 970 quae
2259 899 2478 969 quidem
2515 905 2645 952 sunt
2671 897 2911 968 ipsarum
2939 897 3246 952 animarum
3275 898 3388 952 vin’

1802 993 1926 1047 cula
1960 1010 1974 1047 :
2007 1007 2102 1048 eos
2132 1003 2315 1048 autem
2354 991 2447 1060 qui
2477 989 2662 1044 ferunt
2683 989 2728 1052 ί,
2756 989 2877 1059 ejici
2903 1004 2968 1045 ex
2997 989 3241 1044 Ecclesia
3272 990 3386 1059 jus-

1803 1083 1994 1139 simus.
2030 1084 2098 1137 Et
2123 1083 2194 1136 22
2221 1097 2341 1153 cap.
2377 1082 2445 1136 39
2478 1082 2562 1136 tit.
2599 1081 2690 1146 60,
2725 1079 2848 1134 libri
2880 1079 3245 1135 Basilicarum
3270 1081 3386 1136 haec

1800 1175 1966 1230 habet
1991 1180 2019 1242 ξς
2067 1173 2378 1228 Geometria
2435 1174 2657 1244 quidem
2709 1172 2928 1242 publice
2991 1172 3240 1239 docetur,
3295 1187 3386 1227 ars

141 1257 353 1314 πτεσθαι
379 1257 445 1309 ὲκ
464 1256 564 1324 τῆς
605 1256 927 1326 Ἐκκλησίας
957 1259 1346 1331 ἐκελεύσαμεν.
1385 1262 1495 1316 Καὶ
1525 1262 1585 1314 τὸ
1615 1260 1699 1332 κβ¹

141 1349 414 1419 κεφάλαιον
465 1347 564 1400 τοῦ
625 1347 702 1400 λθ¹
761 1348 942 1403 τίτλου
1010 1351 1106 1404 τοῦ
1171 1351 1212 1416 ξ’
1271 1352 1478 1422 βιϐλίου
1525 1353 1700 1406 ταῦτα

140 1449 410 1514 διέξεισιν]
457 1445 524 1499 Ἦ
563 1445 662 1516 μὲν
701 1447 1052 1518 γεωμετρικὴ
1091 1445 1327 1518 δημοσίᾳ
1367 1448 1695 1514 διδάσκεται,

143 1540 241 1610 ἠδὲ
267 1537 628 1609 μαθηματικὴ
645 1538 1052 1607 κατακρίνεται.
1079 1541 1189 1593 Καὶ
1223 1539 1253 1591 ὁ
1281 1539 1518 1602 Παλαιός
1543 1555 1696 1608 φησι’

141 1630 530 1700 Μαθηματικὴν
541 1626 664 1683 εἷπε
677 1629 775 1702 τὴν
787 1630 1167 1702 ἀστρονομίαν.
1185 1632 1249 1683 Οἱ
1263 1630 1393 1700 γοῦν
1405 1631 1702 1704 τολμήσαν-

1801 1273 1984 1320 autem
2036 1264 2420 1318 mathematica
2481 1263 2794 1317 damnatur.
2845 1261 2914 1315 Et
2965 1263 3132 1318 Vetus
3169 1264 3383 1333 inquit:

1800 1357 2242 1412 Mathematicam
2273 1355 2410 1410 dixit
2436 1355 2850 1410 astronomiam.
2891 1352 3092 1409 Clerici
3132 1370 3283 1425 ergo,
3319 1363 3376 1410 et

1800 1449 1978 1503 multo
2016 1446 2192 1517 magis
2230 1446 2292 1512 ii,
2335 1446 2426 1516 qui
2459 1445 2617 1499 altari
2655 1444 2998 1510 ministrant,
3037 1444 3083 1500 si
3132 1445 3382 1514 publica-

1800 1557 1922 1596 rum
1947 1539 1962 1590 i
2007 1541 2333 1596 servitutum
2361 1538 2669 1592 functiones
2691 1538 2809 1592 ausi
2845 1536 3050 1590 fuerint
3073 1536 3380 1605 suscipere,

1801 1641 2214 1702 corporatorum
2236 1627 2472 1684 ofﬁcium
2496 1636 2550 1684 et
2573 1627 3104 1683 administrationem
3127 1626 3381 1688 mercari,

141 1739 219 1786 τες
249 1721 519 1790 κληρικοὶ,
555 1720 736 1789 πολλῷ
763 1721 860 1774 καὶ
897 1720 1058 1775 πλέον
1091 1722 1142 1774 οἱ
1178 1720 1272 1774 τοῦ
1315 1720 1580 1792 βήματος,
1605 1722 1697 1792 δη-

1803 1721 2156 1777 nummularii
2206 1708 2346 1776 forte
2388 1719 2543 1783 facti,
2593 1721 2678 1776 vel
2735 1719 2952 1791 prandii
3021 1720 3388 1775 distractores

143 1810 401 1882 μοσιακῶν
433 1809 693 1864 δουλειῶν
715 1809 995 1880 ἐνεργείας
1022 1809 1401 1876 ἀναδέξασθαι,
1434 1811 1467 1880 ἣ
1505 1828 1697 1882 συστη-

1803 1812 1886 1865 vel
1926 1811 2039 1865 vini
2084 1810 2420 1874 venditores,
2468 1810 2574 1880 ipsi
2623 1810 2790 1864 etiam
2834 1809 3162 1873 astronomi,
3215 1823 3384 1879 spon-

146 1899 372 1970 ματικῶν
399 1897 680 1954 πολιτείαν
713 1900 808 1952 καὶ
850 1900 1239 1971 μεταχείρησιν
1273 1898 1697 1971 ἐμπορεύεσθαι,

1804 1904 1957 1958 sione
1984 1903 2144 1958 tidem
2177 1903 2404 1968 dabunt,
2434 1917 2493 1956 se
2543 1902 2612 1958 ah
2650 1903 2738 1958 his
2768 1901 2973 1956 illicitis
3004 1901 3218 1957 artibus
3252 1904 3383 1955 abs-

143 1990 516 2056 καταλλάκται,
552 1989 715 2059 τυχὸν
761 1989 1062 2060 γενόμενοι,
1099 1990 1132 2060 ἢ
1169 1990 1626 2060 πρανδιοπράται,
1663 1990 1694 2061 ἢ

1803 1997 2073 2045 tenturos.
2109 1991 2266 2055 Quod
2333 1991 2378 2044 si
2410 2005 2520 2044 non
2553 1998 2802 2060 pareant,
2837 1989 3166 2059 depositioni
3208 1990 3382 2059 subji-

144 2083 467 2153 οίνοπράται,
499 2082 597 2137 κα)⁸
629 2080 788 2134 αὐτοὶ
811 2081 868 2136 δὲ
914 2083 964 2136 οἱ
989 2083 1342 2154 ἀστρονόμοι,
1378 2098 1697 2154 παρεγγυη-

1805 2081 2041 2136 cientur.
2075 2080 2180 2135 Ars
2225 2089 2407 2134 autem
2461 2080 2694 2147 medica,
2736 2082 2862 2135 licet
2918 2096 2948 2134 a
2995 2079 3382 2152 philosophis"

145 2175 378 2244 θήσονται
413 2175 524 2228 τῶν
579 2174 950 2230 ἀκανονίστων
983 2174 1190 2229 τούτων
1243 2175 1697 2246 ἐπιτηδευμάτων

1805 2172 2099 2227 deﬁniatur
2123 2172 2380 2228 sanitatis
2413 2186 2535 2226 esse
2563 2172 2931 2235 conciliatrix,
2970 2171 3024 2226 id
3063 2180 3246 2226 tamen
3285 2187 3382 2225 ne-

144 2267 461 2336 ἀπέχεσθαι’
523 2267 624 2320 καὶ
669 2267 742 2337 μὴ
784 2266 1116 2337 πειθόμενοι,
1161 2263 1506 2334 ίκαθαιρέσει
1561 2265 1692 2320 καθ-

1805 2263 2046 2319 cessario
2075 2279 2184 2317 non
2225 2265 2305 2317 tit.
2337 2262 2575 2316 Fallacia
2594 2265 2737 2319 enim
2773 2271 2901 2317 sunt
2936 2263 3220 2317 hominum
3255 2278 3384 2317 con-

148 2359 623 2429 υποὸληθήσονται.
661 2359 728 2411 Ἢ
761 2359 818 2412 δὲ
847 2359 1009 2430 τέχνη
1031 2359 1140 2411 τῶν
1177 2359 1393 2430 ίατρῶν,
1433 2359 1536 2413 κᾶν
1579 2357 1693 2428 opt-

1805 2356 1947 2421 silia,
1969 2365 2022 2411 et
2049 2357 2346 2410 multorum
2373 2355 2577 2424 judicia
2602 2369 2788 2425 prava,
2805 2354 2963 2424 juxta
2985 2363 3221 2410 veterem
3255 2371 3384 2409 sen-

147 2449 286 2518 ζηται
312 2451 461 2519 παρὰ
485 2448 600 2502 τῶν
646 2450 824 2520 σοφῶν
858 2451 1046 2519 ὑγείας
1092 2444 1233 2503 εἶναι
1280 2447 1695 2520 περιποιητικὴ,

1802 2453 2048 2508 tentiam.
2079 2450 2190 2506 Cur
2213 2451 2380 2519 igitur
2399 2448 2657 2504 abscedat
2676 2449 2932 2512 clericus,
2958 2449 3242 2516 multoque
3261 2463 3381 2502 ma-

145 2542 244 2595 m'
270 2543 365 2596 οὐκ
407 2542 464 2609 ἐξ
514 2543 766 2613 ἀνάγκης
807 2543 1017 2610 γίνεται
1054 2543 1236 2598 τοῦτο.
1271 2543 1548 2615 Σφαλερα“ι
1582 2543 1693 2614 γάρ

1802 2544 1876 2614 gis
1908 2542 2166 2598 sacerdos
2183 2550 2238 2597 et
2261 2542 2547 2603 diaconus,
2573 2542 2640 2593 ab
2659 2540 2922 2594 attributo
2946 2540 3047 2594 sibi
3073 2539 3382 2594 ministerio

146 2637 264 2687 είσιν
291 2637 346 2690 αἱ
370 2636 481 2690 τῶν
516 2637 822 2708 ἀνθρώπων
856 2637 1112 2704 ἐπίνοιαι,
1144 2638 1239 2690 καὶ
1269 2637 1375 2690 τῶν
1404 2635 1614 2689 πολλῶν
1638 2637 1693 2688 αἱ

1802 2631 2261 2701 irreprehensihili
2295 2638 2349 2685 et
2380 2633 2560 2691 ﬁrmo,
2587 2635 2640 2683 et
2665 2627 2730 2682 ad
2763 2627 2836 2694 id,
2871 2628 3015 2697 quod
3036 2628 3307 2682 lubricum
3328 2643 3382 2687 et

145 2723 437 2791 διαγνώσεις
467 2724 668 2788 δειλαὶ,
717 2723 859 2779 κατὰ
897 2724 959 2778 τὸ
988 2723 1218 2778 παλαιὸν
1273 2723 1690 2794 γνωμοδότημα.

1802 2723 2130 2792 ambiguum,
2185 2735 2326 2790 saepe
2354 2721 2518 2775 etiam
2563 2718 2959 2789 periculosum,
2999 2734 3058 2773 se
3086 2719 3384 2789 conjiciat?

145 2813 296 2868 Ἰνατί
322 2816 452 2885 γοῦν
482 2817 763 2888 ἀποσταίη
821 2819 850 2870 ὀ
883 2816 1164 2887 κληρικδς,
1197 2815 1377 2888 πολλῷ
1433 2815 1488 2868 δὲ
1529 2815 1691 2868 πλέον
1752 2817 1779 2869 ὁ
1814 2816 1990 2885 ἱερεὺς
2042 2815 2136 2868 καὶ
2185 2815 2214 2866 ὁ
2263 2813 2532 2874 διάκονος,
2590 2812 2688 2880 τῆς
2735 2810 3181 2881 ἀπονεμηθείσης
3230 2809 3382 2881 αὑτῷ

147 2911 416 2977 διακονίας,
439 2913 547 2984 τῆς
579 2913 871 2985 ἀμέμπτου
899 2913 994 2966 καὶ
1015 2911 1314 2982 ἀσφαλοῦς,
1370 2911 1465 2964 καὶ
1495 2911 1576 2974 εἰς
1636 2910 1910 2982 σφαλερὰν
1937 2910 2031 2964 καὶ
2055 2907 2355 2980 ἀμφίϐολον
2385 2905 2647 2968 πολλάκις
2690 2904 2785 2956 καὶ
2817 2903 3160 2960 ἐπικίνδυνον
3193 2903 3384 2958 ἑαυτὸν

146 3002 434 3073 ἂπιρρίψεις

218 3099 530 3168 Ἐρώτησις
585 3107 690 3154 κε’.
766 3100 1147 3172 Μονοθελὴτης
1227 3098 1499 3171 ἱερατικὸν
1557 3098 1697 3170 ἔχων

1871 3096 2042 3153 Inter.
2095 3094 2184 3149 25.
2254 3091 2667 3149 Iilonotheleta1
2729 3090 3121 3147 sacerdotalem
3176 3090 3384 3148 habens

152 3191 473 3262 ἐπάγγελμα,
511 3192 606 3245 διά
640 3193 929 3263 μετανοίας
960 3190 1302 3263 ὑπέστρεψεν
1333 3194 1410 3255 εἰς
1449 3190 1546 3261 τὴν
1577 3191 1697 3244 καθ’

1802 3189 2305 3252 admonitionem“,
2342 3201 2438 3257 per
2479 3185 2855 3256 paenitentiam
2899 3183 2965 3238 ad
3001 3191 3244 3257 nostram
3289 3199 3385 3238 or-

150 3286 275 3353 ἡμᾶς
320 3284 600 3356 ὀρθὸδοξον
650 3284 858 3350 πίστιν,
895 3273 990 3338 καὶ
1030 3283 1245 3354 ἐδέχθη,
1289 3283 1384 3337 καὶ
1418 3281 1654 3352 ἡγιάσθη
1682 3297 1696 3311 ⁸

1802 3281 2088 3336 thodoxatn
2122 3279 2278 3334 ﬁdem
2312 3278 2494 3342 rediit,
2556 3285 2610 3332 et
2646 3284 2934 3346 susceptus
2983 3283 3064 3330 est
3098 3290 3161 3329 ac
3187 3275 3387 3330 sancti-

155 3376 274 3444 μετὰ
301 3379 489 3448 μικρὸν
515 3378 577 3429 δὲ
603 3376 864 3448 στραφεὶς
899 3378 978 3439 εἰς
1008 3376 1098 3428 τὸν
1129 3376 1262 3428 ἴδιον
1293 3374 1511 3444 ἔμετον,
1543 3375 1695 3446 αἱρε-

1802 3372 2014 3426 ticatus.
2063 3371 2234 3424 Paulo
2273 3379 2452 3424 autem
2494 3377 2642 3440 post,
2692 3369 2759 3422 ad
2795 3367 3075 3436 proprium
3123 3381 3380 3422 reversus

153 3469 348 3540 σιὼτης,
401 3471 474 3534 ὡς
543 3470 832 3541 πρότερον,
899 3470 1164 3537 γέγονεν’
1246 3467 1361 3522 ἀλλ’
1389 3463 1562 3532 αὖθις,
1621 3466 1695 3530 ὡς

1802 3464 2086 3528 vomitum,
2118 3463 2405 3517 haereticus
2432 3459 2515 3533 (ut
2549 3459 2732 3530 antea)
2763 3458 2941 3513 factus
2971 3467 3054 3513 est
3089 3475 3105 3514 :
3133 3459 3228 3513 sed
3259 3473 3386 3513 rur-

150 3559 296 3628 λέγει,
325 3562 442 3616 καθ’
476 3561 676 3616 ἑαυτὸν
721 3559 984 3629 γεγονὼς,
1026 3557 1204 3612 καὶτὸ
1235 3558 1541 3630 ἁμάρτημα
1569 3571 1696 3608 συν-

1802 3569 1916 3618 sus,
1942 3561 1998 3606 ut
2036 3554 2234 3623 inquit,
2259 3567 2382 3607 cum
2413 3550 2560 3621 apud
2599 3565 2665 3606 se
2693 3557 2866 3612 esset,
2902 3555 2955 3601 et
2983 3557 3266 3617 peccatum
3301 3548 3384 3600 in-

151 3652 234 3714 εὶς,
286 3655 359 3717 είς
383 3655 492 3727 τὴν,
525 3651 808 3724 ὀρθύδοξον
833 3651 1016 3704 πίστιν
1042 3649 1338 3720 κατέφυγε,
1361 3650 1456 3703 καὶ⁹
1482 3647 1692 3718 ἐδέχθη,

1802 3647 2086 3715 telligeret,
2116 3644 2182 3698 ad
2213 3643 2576 3699 orthodoxam
2604 3641 2764 3694 [idem
2793 3637 3060 3707 confugit,
3091 3647 3146 3693 et
3176 3637 3380 3692 admis-

149 3743 273 3796 κατὰ
313 3745 401 3798 τὸν
451 3743 640 3806 καλῶς
702 3741 1120 3813 ὑποστρέψαντα
1167 3741 1409 3794 ἄσωτον·
1458 3740 1581 3792 ἐπεὶ
1637 3738 1694 3791 δὲ

1802 3752 1895 3792 sus
1934 3745 2040 3801 est,
2078 3737 2131 3790 in
2171 3736 2394 3790 modum
2451 3741 2757 3803 opportune
2797 3731 3077 3788 redeuntis
3104 3729 3378 3799 prodigii;

149 3833 272 3887 θέλει
315 3837 407 3890 καὶ
449 3833 767 3909 ἱερωσύνης,
797 3833 1118 3904 ἀξιωθῆναι,
1149 3831 1419 3902 ζητοῦμεν
1443 3830 1504 3883 τὸ
1533 3845 1694 3898 ποιη-

1802 3846 1918 3887 cum
1970 3840 2151 3885 autem
2203 3828 2574 3885 sacerdotium
2608 3827 2838 3891 ambiat,
2893 3825 3213 3894 quaerimus,
3253 3821 3383 3894 quid

147 3923 249 3977 τέον
278 3927 480 3996 μαθεῖν.

1802 3922 2107 3978 iaciendum
2149 3920 2245 3984 sit,
2278 3921 2512 3974 discere.

219 4017 339 4074 ’An.
371 4018 569 4080 Οὐδεὶς
602 4015 779 4086 βαλὼν
812 4015 910 4086 τὴν
942 4016 1100 4086 χεῖρα
1131 4011 1298 4067 αὐτοῦ
1328 4012 1415 4064 ἐπ’
1440 4011 1691 4082 ἄροτρον,

1864 4015 1986 4069 Res.
2024 4013 2194 4069 Nemo
2228 4012 2450 4066 mittens
2484 4023 2708 4064 manum
2739 4021 2894 4064 suam
2925 4005 2991 4060 ad
3027 4011 3294 4071 aratrum,
3328 4009 3385 4059 et

149 4107 229 4158 καὶ
254 4111 508 4179 στραφεὶς
541 4111 622 4171 εἰς
647 4109 713 4161 τὰ
735 4106 930 4173 ὀπίσω,
962 4103 1180 4168 εὔθετός
1206 4105 1352 4156 ἐστιν
1379 4103 1456 4166 εἰς
1478 4102 1578 4173 τὴν
1601 4101 1696 4172 βα-

1802 4115 1944 4162 retro
1980 4119 2298 4165 conversus,
2337 4109 2498 4172 aptus
2543 4110 2626 4155 est
2685 4100 2750 4155 ad
2803 4112 3032 4169 regnum
3090 4097 3383 4160 cmlorum,

150 4199 330 4254 σιλείαν
360 4202 464 4256 τῶν
504 4199 775 4270 οὐρανῶν,
821 4199 883 4252 τὸ
931 4197 1076 4270 ἱερόν
1126 4213 1294 4267 φησιν
1339 4195 1691 4262 Εὐαγγέλιον.

1802 4199 1977 4270 inquit
2022 4213 2237 4253 sacrum
2280 4196 2654 4266 Evangelium.
2697 4191 3087 4258 Quamobrem,
3119 4188 3278 4259 juxta
3312 4189 3383 4242 H

149 4285 227 4336 Διὸ
253 4289 383 4341 κατὰ
413 4289 506 4342 τὸν
549 4287 608 4340 ιδ’
656 4286 861 4340 κανόνα
901 4285 1000 4358 τῆς
1028 4287 1086 4338 ὲν
1135 4283 1344 4356 Νικαίᾳ
1393 4283 1554 4352 ἁγίας
1600 4284 1696 4337 καὶ

1802 4305 2063 4347 canonem
2112 4297 2322 4345 sanctae
2393 4297 2448 4342 ct
2512 4286 2866 4341 meumenicae
2918 4280 3113 4354 synodi
3165 4279 3384 4335 Nicenze

148 4379 506 4454 οἰκουμενικῆς
557 4382 778 4434 συνόδου
835 4380 984 4448 (τάδε
1033 4379 1176 4432 κατὰ
1207 4378 1360 4449 ῥῆμα
1398 4376 1697 4448 διαλαμϐά-

1802 4383 1936 4454 (haec
1967 4380 2516 4452 comprehendentem
2557 4377 2625 4432 ad
2651 4378 2898 4441 verbum,
2933 4374 3007 4430 De
3028 4373 3382 4430 catechume'

147 4487 306 4538 νοντα,
356 4476 489 4546 Περὶ
533 4475 644 4530 τῶν
682 4473 1104 4545 κατηχουμένων
1129 4473 1224 4525 καὶ
1263 4474 1694 4543 παραπεσόντων

1802 4475 1886 4531 nis
1903 4483 1956 4531 et
1975 4475 2042 4529 iis
2065 4473 2158 4544 qui
2191 4472 2327 4543 lapsi
2351 4478 2500 4536 sunt,
2523 4471 2699 4525 visum
2735 4475 2819 4524 est
2847 4473 3054 4522 sanctae
3077 4471 3132 4520 et
3165 4478 3378 4534 magna:

149 4558 272 4624 ἔδοξε
316 4567 378 4634 τῇ
441 4565 577 4634 ἁγίᾳ
648 4563 744 4617 καὶ
819 4563 1028 4634 μεγάλη
1075 4562 1298 4631 συνόδῳ,
1342 4563 1482 4616 ὥστε
1527 4565 1695 4634 τριῶν

1802 4565 2029 4636 synodo,
2058 4573 2116 4618 ut
2139 4563 2176 4617 ii
2210 4562 2387 4618 tribus
2410 4561 2569 4616 annis
2604 4568 2817 4614 tantum
2853 4558 3160 4622 audientes,
3193 4566 3378 4628 postea

148 4649 266 4703 ἑτῶν
293 4653 484 4718 αὐτοὺς
513 4655 896 4724 ἀκροωμένους
938 4652 1118 4723 μόνον,
1153 4651 1294 4723 μετὰ
1330 4652 1504 4707 ταῦτα
1541 4653 1696 4724 εὔχε-

1802 4661 1954 4709 orent
1983 4669 2106 4710 cum
2143 4651 2603 4722 catechumenis),
2645 4649 2843 4705 suilicit
2874 4648 3002 4702 huic
3029 4656 3137 4702 tam
3173 4646 3382 4717 perdite

149 4740 258 4794 σθαι
294 4746 425 4812 μετὰ
454 4745 568 4799 τῶν
601 4744 1072 4815 κατηχουμένων),
1109 4747 1270 4814 ἀρκεῖ
1300 4745 1378 4815 τῷ
1419 4745 1566 4799 οὕτω
1597 4764 1693 4799 κα-

1802 4747 1974 4816 lapso,
2005 4754 2060 4800 et
2091 4747 2197 4800 huc
2229 4754 2392 4815 atque
2423 4744 2552 4798 illuc
2599 4743 2824 4812 agitato,
2874 4741 2920 4794 si
2959 4739 3116 4810 juxta
3152 4739 3381 4794 canonis

149 4831 245 4893 κῶς
287 4835 655 4906 ὀλισθῆσαντι,
707 4837 803 4888 καὶ
854 4835 982 4906 τῇδε
1031 4838 1257 4888 κάκεῖσε
1302 4837 1694 4908 μεταρῤιπιζοο

1802 4847 2041 4892 tenorem
2063 4835 2416 4901 admittatur;
2448 4847 2574 4888 nam
2608 4829 2976 4898 sacerdotium
3013 4845 3122 4885 non
3163 4844 3382 4900 prome-

148 4919 298 4989 μένῳ,
348 4925 604 4998 δεχθῆναι
657 4926 800 4979 κατά
847 4925 946 4996 τὴν
991 4925 1085 4979 τοῦ
1118 4929 1341 4991 κανόνος
1376 4928 1690 5000 περίληψιν.
1798 4929 2026 4985 rebitur.

160 5007 431 5080 Ἰερατείας
456 5017 567 5087 γὰρ
596 5017 694 5069 οὐκ
721 5015 1109 5086 ἀξιωθήσεται.

218 5105 528 5179 Ἐρώτησις
561 5111 677 5177 κς’.
719 5112 1042 5175 Ἀκινδύνως
1066 5112 1353 5166 ἐπίσκοποι
1381 5112 1604 5189 μοναχοί
1636 5131 1695 5168 τε

147 5199 230 5248 καὶ
253 5199 500 5273 κληρικοὶ
529 5206 774 5274 γίνονται
803 5205 1119 5275 φροντισταὶ
1135 5205 1196 5274 δη
1207 5205 1409 5274 μοσίων
1425 5206 1695 5275 ὀφφικίων

147 5288 227 5339 καὶ
241 5289 510 5365 δουλειῶν,
529 5297 625 5350 καὶ
642 5298 941 5369 κηδεμόνες
964 5299 1307 5368 πραγμάτων
1328 5298 1690 5369 ἀρχοντικῶν,

145 5374 174 5446 ἦ
203 5379 294 5448 οΰ;
1799 5391 2063 5463 gistratus
2087 5384 2494 5458 pertinentium,
2535 5382 2746 5438 necne?

217 5472 338 5530 ’Atz.
382 5480 444 5533 Οἱ
503 5481 562 5535 ὲν
621 5481 927 5551 Χαλκηδόνι
993 5480 1342 5546 συνελθόντες
1407 5482 1685 5549 ἑξακόσιοι

1870 5480 1992 5536 Res.
2028 5480 2131 5546 Qui
2179 5476 2524 5534 Chalcedone
2570 5478 2942 5530 convenerunt
2987 5470 3226 5526 sexcenti
3273 5469 3376 5522 tri-

146 5561 415 5625 τριάκοντα
464 5571 609 5644 ἅγιοι
657 5573 922 5644 Πατέρες,
972 5572 1065 5625 καὶ
1092 5573 1193 5643 τὴν
1233 5573 1395 5641 ἁγίαν
1426 5575 1692 5646 τετάρτην

1802 5573 1948 5646 ginta
1980 5571 2154 5626 sancti
2204 5569 2396 5624 Patres
2434 5579 2486 5624 et
2529 5573 2775 5622 sanctam
2815 5572 3064 5636 quartam
3105 5561 3373 5635 synodum

1388 5690 1624 5747 VARIZE
1667 5687 2072 5744 LECTIONES.

662 5785 754 5855 qui
797 5785 907 5842 Ιιαέ
945 5795 1169 5855 gestant.
1245 5785 1259 5836 i
1296 5787 1582 5857 ﬁscalium.
1665 5786 1690 5824 ιι
1722 5785 1785 5838 ab
1815 5783 2056 5837 eruditis.
2122 5779 2139 5819 1
2179 5781 2283 5846 Qui
2305 5799 2462 5835 unam
2494 5782 2544 5835 in
2573 5779 2781 5836 Christo
2803 5777 3121 5833 voluntatem
3150 5777 3360 5833 statuit.

1874 5113 2042 5170 Inter.
2076 5113 2168 5168 26.
2196 5111 2278 5166 An
2315 5107 2580 5180 episcopi,
2620 5106 2901 5173 monachi,
2936 5113 2999 5163 et.
3032 5106 3217 5162 clerici
3260 5105 3380 5161 sine

1801 5205 2046 5277 periculo
2067 5204 2195 5258 tiant
2211 5200 2685 5256 administratores
2712 5198 3048 5268 publicorum
3074 5195 3377 5252 oiliciorum

1799 5307 1854 5355 et
1891 5295 2344 5358 ministeriorum,
2373 5300 2428 5347 et
2455 5300 2741 5345 curatores
2789 5290 3132 5360 negotiorum
3161 5287 3228 5342 ad
3261 5300 3378 5340 ma-

199 5765 224 5804 ¹³
251 5775 528 5840 Conﬁrmet.
599 5784 612 5821 ¹

146 5837 178 5861 ¹⁸
204 5837 575 5911 Profetsionem.
